<mjloggm ver="2.3"><GO type="225" lobby="0"/><UN n0="%E3%81%B5%E3%81%98%E3%81%8B%E3%81%A4" n1="%2D%E8%B1%8A%E5%8F%A3%E3%82%81%E3%81%90%E3%81%BF%2D" n2="%E3%81%99%E3%81%84%E3%81%BE%E3%81%9B%E3%83%BC%E3%82%93" n3="%E5%B0%8F%E5%AE%AE%E3%81%9F%E3%81%9A%E3%81%8D" dan="16,17,18,18" rate="2179.73,2177.52,2195.07,2176.72" sx="M,F,M,F"/><TAIKYOKU oya="0"/><INIT seed="0,0,0,4,5,76" ten="250,250,250,250" oya="0" hai0="93,35,16,36,81,50,31,2,47,19,90,30,56" hai1="28,73,115,91,5,134,38,122,65,78,13,100,8" hai2="74,124,104,11,87,67,21,128,105,34,63,132,3" hai3="6,88,77,95,54,33,37,118,7,96,86,20,17"/><T133/><D2/><U75/><E122/><V43/><F34/><W99/><G33/><T84/><D133/><U102/><E38/><V106/><F74/><W129/><G118/><T92/><D36/><U112/><E134/><V10/><F132/><W14/><G37/><T42/><D35/><U48/><E28/><N who="0" m="10793" /><D56/><U49/><E65/><V83/><F3/><W68/><G68/><T131/><D131/><U26/><E26/><V39/><F128/><W71/><G71/><T113/><D113/><N who="1" m="43595" /><E91/><V107/><F124/><W116/><G116/><T29/><N who="0" m="10801" /><T85/><DORA hai="66" /><D93/><U55/><E49/><V24/><F107/><W62/><G129/><T108/><D108/><U46/><E75/><V125/><F125/><W135/><G135/><T121/><D121/><U119/><E119/><V130/><F130/><W61/><G61/><T41/><D42/><U9/><E8/><V123/><F123/><W109/><G109/><T57/><D57/><U82/><AGARI ba="0,0" hai="5,9,13,46,48,55,73,78,82,100,102" m="43595" machi="82" ten="30,2000,0" yaku="11,1,52,1" doraHai="76,66" who="1" fromWho="1" sc="250,-10,250,20,250,-5,250,-5" /><INIT seed="1,0,0,0,5,69" ten="240,270,245,245" oya="1" hai0="51,85,114,129,116,26,34,101,79,50,130,109,43" hai1="3,90,131,13,70,4,5,39,113,124,74,45,125" hai2="110,38,127,102,134,91,60,105,122,30,59,67,133" hai3="68,49,29,19,135,6,55,56,24,36,78,98,92"/><U21/><E113/><V63/><F122/><W25/><G135/><N who="2" m="51721" /><F110/><W126/><G126/><T106/><D114/><U117/><E117/><V35/><F127/><N who="1" m="48713" /><E70/><N who="2" m="42343" /><F91/><W44/><G68/><T120/><D116/><U77/><E3/><V75/><F75/><W9/><G78/><T53/><D109/><U119/><E119/><V108/><F108/><W15/><G6/><T7/><D7/><U11/><E131/><N who="0" m="50185" /><D120/><U72/><E4/><V54/><F38/><W103/><REACH who="3" step="1"/><G29/><REACH who="3" ten="240,270,245,235" step="2"/><N who="0" m="19767" /><D79/><U57/><E77/><V12/><F30/><W115/><G115/><T33/><D33/><U80/><E5/><V22/><F35/><W71/><G71/><T0/><D0/><U8/><E72/><V28/><F28/><W16/><G16/><T1/><D1/><U86/><E74/><V76/><F76/><W48/><G48/><T88/><D50/><U84/><E39/><V89/><F63/><W132/><G132/><T83/><D43/><AGARI ba="0,1" hai="9,15,19,24,25,36,43,44,49,55,56,92,98,103" machi="43" ten="40,8000,1" yaku="1,1,52,1,53,2" doraHai="69" doraHaiUra="20" who="3" fromWho="0" sc="240,-80,270,0,245,0,235,90" /><INIT seed="2,0,0,1,3,44" ten="160,270,245,325" oya="2" hai0="35,37,7,104,61,133,92,86,122,48,123,78,129" hai1="39,2,6,76,24,109,25,74,112,3,9,54,134" hai2="14,17,101,89,80,90,77,66,4,91,119,111,27" hai3="115,49,106,26,19,132,97,126,121,116,5,34,103"/><V67/><F119/><W47/><G116/><T124/><D35/><U128/><E112/><V130/><F130/><W93/><G115/><T52/><D37/><U29/><E128/><V98/><F27/><W63/><G121/><T18/><D129/><U31/><E109/><V65/><F4/><W0/><G126/><T20/><D124/><U69/><E69/><V79/><F111/><W82/><G132/><T118/><D104/><U33/><E134/><V102/><F98/><W114/><G114/><T94/><D118/><U131/><E131/><V83/><F80/><W100/><G5/><T135/><D7/><U60/><E60/><V12/><F12/><W70/><G0/><T56/><D135/><U81/><E54/><V120/><F120/><W99/><G82/><N who="0" m="47447" /><D133/><U113/><E113/><V30/><F30/><W38/><G38/><T117/><D117/><U127/><E127/><V21/><REACH who="2" step="1"/><F79/><REACH who="2" ten="160,270,235,325" step="2"/><W57/><G26/><N who="0" m="14615" /><D123/><U62/><E3/><V95/><F95/><N who="0" m="36394" /><D122/><U43/><E2/><V41/><F41/><W53/><G19/><T58/><D58/><U23/><E43/><V15/><F15/><W46/><G34/><T105/><D105/><U107/><E107/><V71/><F71/><W10/><G70/><T64/><D64/><U72/><E6/><V36/><F36/><W1/><G1/><T85/><D85/><AGARI ba="0,1" hai="14,17,21,65,66,67,77,83,85,89,90,91,101,102" machi="85" ten="40,3900,0" yaku="1,1,8,1,53,0" doraHai="44" doraHaiUra="50" who="2" fromWho="0" sc="160,-39,270,0,235,49,325,0" /><INIT seed="2,1,0,4,1,113" ten="121,270,284,325" oya="2" hai0="129,115,42,99,106,88,114,50,112,66,60,47,34" hai1="8,64,35,4,104,21,124,6,70,126,54,110,103" hai2="62,94,27,68,117,39,83,25,97,37,15,20,82" hai3="5,80,130,118,13,41,7,30,107,36,105,26,23"/><V43/><F117/><W79/><G118/><T96/><D34/><U131/><E35/><V1/><F1/><W85/><G130/><T127/><D106/><U87/><E110/><V102/><F15/><W19/><G107/><T121/><D121/><U86/><E131/><V40/><F39/><W122/><G105/><T49/><D129/><U17/><E54/><V92/><F92/><W45/><REACH who="3" step="1"/><G122/><REACH who="3" ten="121,270,284,315" step="2"/><T84/><D127/><U2/><E124/><V89/><F37/><W65/><G65/><T128/><D128/><U111/><E64/><V11/><F83/><W51/><G51/><T133/><D49/><U123/><E126/><V95/><F82/><W108/><G108/><T53/><D133/><U77/><E111/><V125/><F125/><W100/><G100/><T59/><REACH who="0" step="1"/><D42/><REACH who="0" ten="111,270,284,315" step="2"/><U0/><E123/><V73/><F43/><W69/><G69/><T91/><D91/><U109/><E70/><V72/><F89/><W55/><G55/><T134/><D134/><U81/><E109/><V18/><F40/><W98/><G98/><T61/><D61/><U74/><E104/><N who="2" m="63567" /><F62/><W63/><G63/><T132/><D132/><U31/><E103/><V10/><F68/><W3/><G3/><T119/><D119/><U29/><E0/><V78/><F78/><W14/><G14/><T38/><D38/><U93/><E2/><V101/><F101/><W52/><G52/><T33/><D33/><AGARI ba="1,2" hai="5,7,13,19,23,26,30,33,36,41,45,79,80,85" machi="33" ten="30,2000,0" yaku="1,1,7,1,53,0" doraHai="113" doraHaiUra="58" who="3" fromWho="0" sc="111,-23,270,0,284,0,315,43" /><INIT seed="3,0,0,3,0,129" ten="88,270,284,358" oya="3" hai0="105,40,103,77,62,65,88,118,52,80,37,97,11" hai1="106,119,58,75,15,69,56,10,92,39,127,109,70" hai2="17,93,25,64,122,121,89,98,84,36,44,29,57" hai3="20,53,27,73,26,32,108,132,120,66,91,63,50"/><W3/><G132/><T2/><D118/><U48/><E106/><V102/><F17/><W125/><G3/><T85/><D2/><U45/><E75/><V12/><F12/><W46/><G125/><T28/><D37/><U82/><E127/><V90/><F64/><W51/><G73/><T14/><D28/><U7/><E109/><V113/><F113/><W87/><G108/><T112/><D112/><U68/><E119/><V83/><F57/><W24/><G120/><N who="2" m="46185" /><F44/><N who="3" m="27847" /><G32/><T79/><D40/><U135/><E135/><V22/><F36/><W94/><G66/><T5/><D65/><U21/><E39/><V35/><F35/><W59/><G59/><T8/><D62/><U31/><E82/><V126/><F126/><W38/><G38/><T54/><D11/><U86/><E86/><V41/><F41/><N who="3" m="25039" /><G63/><T110/><D110/><U78/><E78/><AGARI ba="0,0" hai="22,25,29,78,83,84,89,90,93,98,102" m="46185" machi="78" ten="30,1000,0" yaku="13,1" doraHai="129" who="2" fromWho="1" sc="88,0,270,-10,284,10,358,0" owari="88,-41.2,260,-14.0,294,9.4,358,45.8" /></mjloggm>