<mjloggm ver="2.3"><GO type="225" lobby="0"/><UN n0="%6D%75%75%6D%75%72%61" n1="%E8%91%89%E5%B1%B1%E9%99%BD%E5%92%8C" n2="%4E%49%4A%49%49%52%4F" n3="%E3%81%A1%E3%82%85%E3%81%86%E3%81%A9%E3%81%8F%E8%B1%A1%E3%81%95%E3%82%93" dan="17,16,16,17" rate="2102.86,2101.47,2172.99,2181.71" sx="F,F,M,M"/><TAIKYOKU oya="0"/><INIT seed="0,0,0,1,2,89" ten="250,250,250,250" oya="0" hai0="57,10,29,48,92,66,121,107,101,15,130,46,97" hai1="111,14,39,115,28,8,13,2,100,82,67,110,76" hai2="27,68,123,96,134,81,128,26,4,19,31,65,9" hai3="90,1,91,122,118,78,0,74,45,24,50,127,104"/><T52/><D121/><U70/><E39/><V61/><F123/><W71/><G122/><T84/><D130/><U114/><E28/><V69/><F128/><W17/><G104/><T53/><D29/><U132/><E132/><V133/><F81/><W36/><G71/><T93/><D66/><U40/><E40/><V7/><F69/><W120/><G120/><T124/><D84/><N who="1" m="48199" /><E2/><V135/><F19/><W12/><G36/><T34/><D34/><U88/><E100/><V23/><F27/><W41/><G118/><T83/><D83/><U43/><E43/><V38/><F38/><W109/><G109/><N who="1" m="41482" /><E88/><V56/><F68/><W108/><G108/><T47/><D124/><U85/><E85/><V126/><F126/><W95/><G127/><T22/><D22/><U42/><E42/><V77/><F77/><W86/><G24/><T6/><D47/><U30/><E30/><V55/><F55/><W87/><G74/><T51/><AGARI ba="0,0" hai="6,10,15,46,48,51,52,53,57,92,93,97,101,107" machi="51" ten="20,12000,1" yaku="0,1,7,1,52,2,54,1" doraHai="89" who="0" fromWho="0" sc="250,120,250,-40,250,-40,250,-40" /><INIT seed="0,1,0,0,1,110" ten="370,210,210,210" oya="0" hai0="48,85,120,93,107,84,76,106,4,125,10,20,79" hai1="47,99,118,21,53,54,77,59,37,117,12,105,39" hai2="133,24,51,121,58,35,61,73,6,72,14,130,109" hai3="83,16,3,45,60,40,2,29,56,22,101,96,38"/><T134/><D120/><U41/><E77/><V100/><F121/><W123/><G83/><T64/><D125/><U69/><E69/><V52/><F109/><W50/><G38/><T25/><D134/><U23/><E39/><V28/><F133/><W108/><G108/><T112/><D64/><U63/><E54/><V122/><F122/><W97/><G29/><T0/><D48/><U34/><E34/><V67/><F67/><W32/><G32/><T1/><D20/><U94/><E105/><V131/><F100/><W74/><G74/><T135/><D135/><U46/><E46/><V36/><F36/><W89/><G123/><T114/><D25/><U17/><REACH who="1" step="1"/><E23/><REACH who="1" ten="370,200,210,210" step="2"/><V8/><REACH who="2" step="1"/><F51/><REACH who="2" ten="370,200,200,210" step="2"/><W102/><G50/><T129/><D107/><U66/><E66/><V5/><F5/><W119/><G119/><T98/><D106/><U111/><E111/><V132/><F132/><W126/><G126/><T43/><D4/><U124/><E124/><V82/><F82/><W95/><G95/><T81/><D93/><U26/><E26/><V70/><F70/><W104/><G104/><T103/><D81/><U13/><E13/><V30/><F30/><W62/><G2/><T91/><D0/><U65/><E65/><V113/><F113/><W33/><G3/><T75/><D1/><U11/><E11/><V18/><F18/><W92/><G16/><T49/><D10/><U71/><E71/><V87/><F87/><W115/><G92/><T15/><D112/><U128/><E128/><AGARI ba="1,2" hai="6,8,14,24,28,35,52,58,61,72,73,128,130,131" machi="128" ten="40,5200,0" yaku="1,1,19,1,54,1,53,0" doraHai="110" doraHaiUra="86" who="2" fromWho="1" sc="370,0,200,-55,200,75,210,0" /><INIT seed="1,0,0,1,3,133" ten="370,145,275,210" oya="1" hai0="54,52,57,103,27,96,50,109,13,29,90,98,11" hai1="101,8,113,81,62,132,78,18,68,105,61,86,14" hai2="82,87,77,22,120,49,76,46,15,72,125,71,48" hai3="64,130,16,23,88,75,94,100,85,33,74,55,30"/><U43/><E113/><V99/><F120/><W122/><G122/><T38/><D38/><U93/><E132/><V17/><F71/><W4/><G130/><T26/><D109/><U9/><E105/><V83/><F125/><W51/><G64/><T97/><D90/><U28/><E68/><V25/><F99/><W104/><G4/><T84/><D84/><U20/><E43/><V6/><F6/><W59/><G30/><T108/><D108/><U116/><E116/><V69/><F69/><W111/><G33/><T67/><D67/><U36/><E36/><V47/><F47/><W53/><G111/><T115/><D115/><U89/><E101/><V35/><F35/><W119/><G119/><T10/><D54/><U7/><E28/><V58/><F58/><W73/><G53/><T60/><D50/><U107/><E107/><V70/><F70/><W65/><G65/><T110/><D110/><U0/><REACH who="1" step="1"/><E8/><REACH who="1" ten="370,135,275,210" step="2"/><V21/><F46/><W134/><G134/><T34/><D10/><U40/><E40/><V12/><F12/><N who="3" m="9607" /><G104/><T127/><D13/><U95/><E95/><V121/><F121/><W117/><G117/><T32/><D11/><U3/><E3/><V2/><F2/><W63/><G100/><T112/><D103/><U114/><E114/><V106/><F106/><W37/><G37/><T91/><D112/><U56/><E56/><V123/><F123/><W102/><G102/><T5/><D5/><U31/><E31/><AGARI ba="0,1" hai="15,17,21,22,25,31,48,49,72,76,77,82,83,87" machi="31" ten="30,1000,0" yaku="7,1" doraHai="133" who="2" fromWho="1" sc="370,0,135,-10,275,20,210,0" /><INIT seed="2,0,0,1,5,35" ten="370,125,295,210" oya="2" hai0="36,21,127,76,19,66,103,88,84,90,51,79,65" hai1="13,16,5,110,71,3,2,97,132,29,87,58,108" hai2="46,10,8,33,34,6,61,96,23,133,28,130,42" hai3="77,17,52,11,70,32,54,102,99,26,118,95,105"/><V82/><F133/><W120/><G118/><T4/><D36/><U81/><E71/><V73/><F130/><W49/><G120/><T107/><D127/><U75/><E75/><V1/><F10/><W94/><G70/><T113/><D113/><U104/><E5/><V31/><F61/><W85/><G32/><T53/><D4/><U106/><E29/><V109/><F109/><N who="1" m="42089" /><E58/><V9/><F9/><W100/><G54/><T68/><D103/><N who="1" m="62575" /><E106/><V43/><F43/><W59/><G102/><T14/><D107/><U7/><E7/><V89/><F96/><W80/><REACH who="3" step="1"/><G26/><REACH who="3" ten="370,125,295,200" step="2"/><T129/><D68/><U44/><E132/><V83/><F33/><W64/><G64/><T24/><D24/><U55/><E55/><V45/><F34/><W15/><AGARI ba="0,1" hai="11,15,17,49,52,59,77,80,85,94,95,99,100,105" machi="15" ten="30,4000,0" yaku="1,1,0,1,54,1,53,0" doraHai="35" doraHaiUra="20" who="3" fromWho="3" sc="370,-10,125,-10,295,-20,200,50" /><INIT seed="3,0,0,2,4,91" ten="360,115,275,250" oya="3" hai0="15,19,6,64,5,125,57,7,24,79,25,87,93" hai1="75,66,9,13,54,74,80,77,35,101,88,27,52" hai2="40,73,67,46,60,102,78,39,135,49,113,11,129" hai3="106,58,12,85,110,94,132,128,10,121,70,105,71"/><W68/><G121/><T72/><D72/><U86/><E66/><V61/><F113/><W56/><G128/><T2/><D2/><U76/><E101/><V23/><F129/><W108/><G132/><T118/><D125/><U51/><E75/><V1/><F135/><W126/><G126/><T119/><D119/><U53/><E35/><V38/><F102/><W17/><G58/><T127/><D127/><U26/><E51/><V95/><F23/><W117/><G56/><T131/><D118/><U32/><E32/><V81/><F95/><W89/><G117/><T43/><D43/><U124/><E124/><V22/><F22/><W90/><G90/><N who="0" m="53471" /><D79/><U62/><E62/><V114/><F114/><W122/><G122/><T34/><D34/><U47/><E47/><V30/><F30/><W37/><G37/><T123/><D123/><U84/><E74/><V120/><F120/><W16/><REACH who="3" step="1"/><G17/><REACH who="3" ten="360,115,275,240" step="2"/><T28/><D131/><U14/><E77/><V92/><F39/><W36/><G36/><T104/><D57/><U65/><E65/><V109/><F38/><W99/><G99/><T41/><D64/><U44/><E44/><V31/><F67/><W134/><G134/><T29/><D29/><U112/><E112/><V133/><F31/><W111/><AGARI ba="0,1" hai="10,12,16,68,70,71,85,89,94,105,106,108,110,111" machi="111" ten="40,18000,2" yaku="1,1,0,1,14,1,10,1,52,1,54,1,53,0" doraHai="91" doraHaiUra="116" who="3" fromWho="3" sc="360,-60,115,-60,275,-60,240,190" owari="300,10.0,55,-44.5,215,-18.5,430,53.0" /></mjloggm>