<mjloggm ver="2.3"><GO type="225" lobby="0"/><UN n0="%6D%75%75%73%61%6E%6D%75" n1="%E6%A1%9C%E8%8A%B1%E9%96%83%E3%80%85" n2="%E3%81%8B%E3%82%8F%E3%81%A1%E3%82%83%E3%82%93%35%38" n3="%47%48%4F%53%54" dan="17,17,16,18" rate="2171.55,2196.18,2141.78,2219.50" sx="F,M,M,M"/><TAIKYOKU oya="0"/><INIT seed="0,0,0,3,0,23" ten="250,250,250,250" oya="0" hai0="87,131,77,128,76,30,56,40,80,83,27,81,32" hai1="135,113,69,36,78,12,31,41,39,63,55,114,68" hai2="94,8,14,57,109,125,82,22,24,7,90,42,48" hai3="34,59,58,116,91,73,95,89,71,54,45,44,4"/><T97/><D40/><U107/><E107/><V47/><F109/><W25/><G116/><T118/><D118/><U119/><E78/><V38/><F125/><W108/><G71/><N who="1" m="27210" /><E119/><V96/><F38/><N who="1" m="14377" /><E31/><V75/><F75/><W86/><G108/><T1/><D1/><U115/><E12/><V101/><F57/><W112/><G112/><T120/><D120/><U84/><E84/><V130/><F130/><W127/><G59/><T121/><D121/><U129/><E129/><V134/><F134/><W16/><G73/><T122/><D122/><U52/><E135/><V6/><F82/><N who="3" m="49367" /><G34/><T85/><D81/><U5/><E5/><N who="2" m="3343" /><F90/><W66/><G66/><T60/><REACH who="0" step="1"/><D97/><REACH who="0" ten="240,250,250,250" step="2"/><U17/><E41/><V123/><F123/><W64/><G127/><T92/><D92/><U67/><E17/><AGARI ba="0,1" hai="6,7,17,22,24,42,47,48,94,96,101" m="3343" machi="17" ten="30,2000,0" yaku="8,1,52,1" doraHai="23" who="2" fromWho="1" sc="240,0,250,-20,250,30,250,0" /><INIT seed="1,0,0,2,5,29" ten="240,230,280,250" oya="1" hai0="79,125,98,105,53,32,106,76,82,59,56,69,75" hai1="15,57,78,23,24,122,51,30,101,111,68,89,97" hai2="72,65,39,17,92,120,87,83,28,91,43,95,42" hai3="108,77,8,36,117,10,54,2,12,80,47,13,118"/><U60/><E122/><V110/><F120/><W115/><G115/><T50/><D69/><U84/><E111/><V3/><F3/><W107/><G107/><T45/><D125/><U48/><E78/><V38/><F65/><W22/><G108/><T55/><D79/><U131/><E131/><V128/><F28/><W132/><G132/><T93/><D32/><U40/><E40/><V129/><F110/><W73/><G22/><T44/><D105/><U126/><E68/><V134/><F134/><W7/><G54/><T34/><D106/><U100/><E15/><V96/><F92/><W31/><G31/><T49/><REACH who="0" step="1"/><D34/><REACH who="0" ten="230,230,280,250" step="2"/><U9/><E126/><V4/><F129/><W104/><G104/><T124/><D124/><U130/><E130/><V46/><F128/><W90/><G118/><T109/><D109/><U112/><E112/><V41/><F39/><W63/><G117/><T61/><D61/><U114/><E114/><V85/><F38/><W70/><G63/><T1/><D1/><U113/><E113/><V58/><F72/><W6/><G70/><T5/><D5/><U99/><E60/><V62/><F4/><W88/><G2/><T71/><D71/><U116/><E116/><V0/><F0/><W19/><G7/><T27/><D27/><U18/><E24/><V35/><F35/><W66/><G66/><T11/><D11/><U103/><E9/><V119/><F119/><W25/><G25/><T135/><D135/><U67/><E67/><V52/><F62/><W20/><G10/><T94/><D94/><U123/><E123/><V127/><F127/><RYUUKYOKU ba="0,1" sc="230,15,230,-15,280,-15,250,15" hai0="44,45,49,50,53,55,56,59,75,76,82,93,98" hai3="6,8,12,13,19,20,36,47,73,77,80,88,90" /><INIT seed="2,1,1,5,1,101" ten="245,215,265,265" oya="2" hai0="113,7,9,117,19,12,67,79,83,22,116,74,49" hai1="80,84,91,40,62,96,95,127,64,16,14,2,132" hai2="17,87,68,30,32,115,51,37,38,71,48,111,36" hai3="92,41,63,43,45,31,72,118,108,21,60,100,23"/><V85/><F30/><W73/><G118/><T57/><D113/><U75/><E127/><V61/><F61/><W35/><G108/><T88/><D67/><U10/><E132/><V124/><F17/><W42/><G35/><T97/><D57/><U98/><E2/><V121/><F32/><W129/><G129/><T8/><D49/><N who="2" m="19018" /><F121/><W65/><G45/><T70/><D70/><N who="2" m="26666" /><F115/><W120/><G120/><T93/><REACH who="0" step="1"/><D8/><REACH who="0" ten="235,215,265,265" step="2"/><U99/><E40/><V39/><F39/><W25/><G65/><T119/><D119/><U44/><E44/><V58/><F58/><W82/><G43/><T106/><D106/><U27/><E64/><V112/><F112/><W4/><G42/><T89/><D89/><N who="1" m="51335" /><E62/><V53/><F53/><W133/><G41/><T110/><D110/><U130/><E130/><V18/><F111/><W69/><G63/><T77/><D77/><U54/><E54/><V29/><F37/><W90/><G60/><T28/><D28/><U131/><E131/><V47/><F38/><W24/><G31/><T6/><D6/><N who="1" m="3415" /><E75/><V46/><F36/><W103/><G73/><T26/><AGARI ba="1,2" hai="7,9,12,19,22,26,74,79,83,88,93,97,116,117" machi="26" ten="30,7900,0" yaku="1,1,0,1,54,1,53,1" doraHai="101" doraHaiUra="107" who="0" fromWho="0" sc="235,102,215,-21,265,-40,265,-21" /><INIT seed="3,0,0,3,0,10" ten="337,194,225,244" oya="3" hai0="133,124,112,62,35,64,135,56,63,49,11,5,127" hai1="88,57,66,96,14,83,39,15,22,41,6,85,40" hai2="12,134,120,122,32,69,61,47,18,100,117,123,128" hai3="43,8,28,79,53,119,38,80,105,52,73,21,4"/><W110/><G105/><T17/><D112/><U131/><E131/><V104/><F117/><W42/><G119/><T99/><D35/><U102/><E39/><V51/><F128/><W23/><G43/><N who="1" m="16458" /><E6/><V37/><F37/><W58/><G110/><T46/><D99/><U76/><E102/><V107/><F134/><N who="0" m="51210" /><D17/><N who="1" m="10551" /><E15/><V36/><F36/><W20/><G28/><T74/><D74/><U106/><E106/><V97/><F32/><W72/><G72/><T13/><D46/><U3/><E3/><V50/><F47/><W130/><G130/><T27/><D27/><U45/><E45/><V86/><F104/><W91/><G38/><T84/><D13/><U67/><E57/><V108/><F108/><W48/><G58/><T30/><D5/><U94/><AGARI ba="0,0" hai="66,67,76,83,85,88,94,96" m="10551,16458" machi="94" ten="30,4000,0" yaku="8,1,52,1,54,1" doraHai="10" who="1" fromWho="1" sc="337,-10,194,40,225,-10,244,-20" owari="327,42.7,234,3.4,215,-28.5,224,-17.6" /></mjloggm>