<mjloggm ver="2.3"><GO type="225" lobby="0"/><UN n0="%E3%81%86%E3%83%BC%E3%81%B1%E3%83%BC" n1="%E6%BC%AB%E6%89%8D%E9%BA%BB%E5%B0%86%E5%91%86%E5%91%86" n2="%4C%4F%4C%49%54%41" n3="%6E%69%63%6B%6C%6F%77" dan="16,16,16,16" rate="2172.69,2059.14,2141.87,2088.12" sx="F,F,F,F"/><TAIKYOKU oya="0"/><INIT seed="0,0,0,4,0,19" ten="250,250,250,250" oya="0" hai0="84,124,96,106,90,29,113,1,55,73,101,45,112" hai1="85,89,44,14,15,122,125,20,114,103,63,100,115" hai2="72,87,6,37,61,56,83,13,57,3,4,30,82" hai3="70,28,126,25,12,65,22,47,7,132,76,49,134"/><T8/><D124/><U118/><E118/><V99/><F37/><W38/><G38/><T135/><D29/><U23/><E125/><V36/><F36/><W10/><G126/><T68/><D68/><U0/><E0/><V120/><F120/><W131/><G131/><T81/><D135/><U95/><E44/><V5/><F3/><W104/><G104/><T116/><D116/><U117/><E122/><V11/><F30/><W133/><G76/><T121/><D121/><U34/><E34/><V41/><F41/><W119/><G119/><T48/><REACH who="0" step="1"/><D73/><REACH who="0" ten="240,250,250,250" step="2"/><U127/><E127/><V40/><F72/><W98/><G70/><T50/><D50/><U58/><E117/><V60/><F60/><W123/><G123/><T64/><D64/><N who="1" m="39031" /><E114/><V109/><F61/><W51/><G65/><T111/><D111/><U32/><E115/><V17/><F109/><W69/><G69/><T129/><D129/><U52/><E32/><V102/><F40/><W46/><G51/><T43/><D43/><U21/><E52/><V27/><F4/><AGARI ba="0,1" hai="1,4,8,45,48,55,81,84,90,96,101,106,112,113" machi="4" ten="40,3900,0" yaku="1,1,53,1" doraHai="19" doraHaiUra="42" who="0" fromWho="2" sc="240,49,250,0,250,-39,250,0" /><INIT seed="0,1,0,1,0,134" ten="289,250,211,250" oya="0" hai0="106,78,79,129,14,130,88,1,135,43,98,56,70" hai1="81,131,53,12,58,118,102,24,10,59,51,99,13" hai2="128,29,127,15,63,124,55,54,44,68,6,87,66" hai3="112,96,11,84,38,50,110,83,45,37,46,86,111"/><T113/><D70/><U101/><E118/><V94/><F128/><N who="0" m="49258" /><D1/><U21/><E131/><V34/><F34/><W61/><G112/><T33/><D135/><U39/><E39/><V117/><F117/><W126/><G96/><T91/><D33/><U77/><E59/><V122/><F122/><W52/><G11/><T60/><D43/><U47/><E58/><V49/><F29/><W125/><G83/><T119/><D113/><U89/><E89/><N who="0" m="34377" /><D14/><U57/><E57/><V104/><F104/><W0/><G0/><T17/><D17/><U107/><E10/><N who="2" m="4567" /><F87/><N who="3" m="33323" /><G61/><T76/><D119/><U67/><E67/><V25/><F94/><W5/><G5/><T82/><D56/><U2/><E2/><V18/><F18/><W42/><G37/><T65/><D65/><U19/><E101/><V72/><F25/><W36/><G36/><T74/><D60/><U26/><E12/><V3/><F3/><W85/><N who="3" m="33331" /><AGARI ba="1,0" hai="13,19,21,24,26,47,51,53,77,81,85,99,102,107" machi="85" ten="30,2000,0" yaku="3,1,7,1" doraHai="134" who="1" fromWho="3" sc="289,0,250,23,211,0,250,-23" /><INIT seed="1,0,0,1,0,41" ten="289,273,211,227" oya="1" hai0="69,81,21,54,2,15,13,128,78,62,27,94,28" hai1="85,43,66,45,30,4,96,8,5,70,111,11,16" hai2="121,124,65,14,115,102,7,31,73,80,48,47,6" hai3="107,123,33,97,42,120,119,91,32,131,98,35,29"/><U113/><E113/><V129/><F121/><W50/><G29/><T122/><D2/><U88/><E111/><V79/><F115/><W100/><G131/><T39/><D39/><U109/><E109/><V0/><F129/><W86/><G98/><T38/><D38/><U89/><E30/><V105/><F124/><W67/><G67/><T108/><D122/><U77/><E70/><V68/><F31/><W20/><G20/><T117/><D117/><U52/><E43/><V132/><F132/><W61/><G61/><T55/><D69/><U93/><E66/><V101/><F0/><W25/><G25/><T127/><D127/><U126/><E77/><V130/><F130/><W46/><REACH who="3" step="1"/><G119/><REACH who="3" ten="289,273,211,217" step="2"/><T103/><D128/><U99/><E126/><V56/><F65/><W90/><G90/><T106/><D62/><U95/><E99/><V134/><F134/><W87/><G87/><N who="0" m="48567" /><D108/><U104/><E104/><V51/><F105/><W64/><G64/><T84/><D106/><U3/><E3/><V26/><F68/><W59/><G59/><T125/><D125/><U23/><E11/><V22/><F56/><W17/><G17/><T71/><D71/><U75/><E8/><V60/><F60/><W34/><N who="3" m="8192" /><DORA hai="135" /><W44/><G44/><T118/><D118/><U10/><E10/><N who="2" m="4439" /><F47/><W63/><G63/><T53/><D84/><U24/><E75/><V36/><F26/><W116/><G116/><T1/><D1/><U82/><E82/><AGARI ba="0,1" hai="42,46,50,82,86,91,97,100,107,120,123" m="8192" machi="82" ten="70,4500,0" yaku="1,1,52,1,53,0" doraHai="41,135" doraHaiUra="12,74" who="3" fromWho="1" sc="289,0,273,-45,211,0,217,55" /><INIT seed="2,0,0,5,5,109" ten="289,228,211,272" oya="2" hai0="11,93,27,72,122,127,1,114,80,22,105,47,112" hai1="31,129,0,6,123,115,60,45,46,30,134,61,38" hai2="74,89,103,98,70,85,84,7,128,48,28,20,14" hai3="91,59,24,53,104,37,15,69,35,50,32,54,120"/><V119/><F119/><W55/><G120/><T82/><D105/><U67/><E123/><V88/><F74/><W108/><G104/><T126/><D93/><U8/><E129/><V94/><F70/><W13/><G37/><T58/><D47/><U26/><E134/><V16/><F128/><W9/><G69/><T133/><D122/><U19/><E60/><V96/><F103/><W42/><G15/><T2/><D58/><U43/><E46/><V23/><F7/><W65/><G42/><T68/><D68/><U62/><E115/><N who="0" m="44073" /><D11/><U57/><E19/><N who="2" m="10359" /><F28/><W113/><G113/><T34/><D34/><U130/><E130/><V75/><F48/><W78/><G78/><N who="0" m="44103" /><D82/><U3/><E3/><V76/><F76/><W83/><G35/><T52/><D52/><U92/><E92/><N who="2" m="54311" /><F75/><W21/><G65/><T77/><D77/><U132/><E61/><V29/><F29/><W118/><G32/><T111/><D133/><U71/><E132/><V56/><F56/><W117/><G50/><T44/><D44/><U17/><E57/><V73/><F73/><W100/><G59/><T12/><D2/><U99/><E71/><V5/><F5/><N who="3" m="3247" /><G100/><T95/><D1/><U101/><E62/><V125/><F125/><N who="0" m="47626" /><D12/><AGARI ba="0,0" hai="12,16,23,85,88,94,96,98" m="54311,10359" machi="12" ten="30,5800,0" yaku="8,1,54,2" doraHai="109" who="2" fromWho="0" sc="289,-58,228,0,211,58,272,0" /><INIT seed="2,1,0,4,0,57" ten="231,228,269,272" oya="2" hai0="133,96,68,11,6,35,120,99,91,71,3,18,26" hai1="104,69,61,62,21,59,5,67,129,12,103,13,63" hai2="36,79,52,65,109,10,7,34,43,127,119,87,33" hai3="122,130,84,75,40,44,101,54,102,16,131,47,70"/><V32/><F119/><W42/><G75/><T73/><D120/><U123/><E123/><V82/><F127/><W1/><G122/><T8/><D73/><U72/><E72/><V78/><F109/><W58/><G1/><T2/><D133/><U29/><E129/><N who="3" m="49162" /><G70/><T80/><D80/><U134/><E134/><V50/><F65/><W85/><G58/><T97/><D91/><U117/><E117/><V112/><F112/><W90/><G54/><T15/><REACH who="0" step="1"/><D3/><REACH who="0" ten="221,228,269,272" step="2"/><U64/><E103/><V25/><F79/><W118/><G102/><T31/><AGARI ba="1,1" hai="2,6,8,11,15,18,26,31,35,68,71,96,97,99" machi="31" ten="30,4000,0" yaku="1,1,2,1,0,1,53,0" doraHai="57" doraHaiUra="37" who="0" fromWho="0" sc="221,53,228,-11,269,-21,272,-11" /><INIT seed="3,0,0,4,2,86" ten="274,217,248,261" oya="3" hai0="112,74,54,7,132,121,44,1,3,58,131,125,82" hai1="110,106,79,101,37,49,90,65,73,61,76,67,50" hai2="24,89,16,41,100,15,30,102,47,26,56,17,72" hai3="108,32,97,116,122,135,127,103,64,40,126,105,128"/><W28/><G116/><T33/><D121/><U119/><E37/><V124/><F72/><W98/><G122/><T39/><D33/><U134/><E119/><V21/><F124/><N who="3" m="47659" /><G40/><T91/><D7/><U84/><E134/><V87/><F56/><W104/><G64/><T95/><D125/><U63/><E110/><V11/><F26/><N who="3" m="18455" /><G135/><T123/><D132/><U69/><E73/><V70/><F30/><W48/><G48/><T38/><D74/><U94/><E106/><V23/><F11/><W71/><G71/><T111/><D39/><U83/><E101/><V68/><F70/><W46/><G46/><T133/><D44/><U77/><REACH who="1" step="1"/><E83/><REACH who="1" ten="274,207,248,261" step="2"/><V120/><F120/><W2/><G128/><T92/><D38/><U53/><E53/><V60/><F41/><W96/><G108/><T45/><D111/><U14/><E14/><V117/><F117/><W10/><G105/><T12/><D12/><U4/><E4/><AGARI ba="0,1" hai="2,4,10,96,97,98,103,104" m="18455,47659" machi="4" ten="30,1500,0" yaku="18,1" doraHai="86" who="3" fromWho="1" sc="274,0,207,-15,248,0,261,25" /><INIT seed="3,1,0,1,2,127" ten="274,192,248,286" oya="3" hai0="23,74,133,49,9,14,10,106,108,83,59,62,5" hai1="76,126,120,11,93,111,57,30,48,44,38,105,41" hai2="29,39,115,32,27,8,75,109,36,58,63,100,52" hai3="71,114,132,102,1,107,67,61,37,20,0,99,60"/><W54/><G114/><T128/><D106/><U18/><E105/><V85/><F75/><W84/><G37/><T125/><D49/><U15/><E120/><V122/><F115/><W25/><G132/><T6/><D23/><U98/><E126/><V22/><F122/><W95/><G54/><T16/><D108/><U123/><E111/><V50/><F109/><W97/><G60/><T53/><D128/><U65/><E123/><V87/><F100/><W91/><G99/><T82/><D74/><U110/><E110/><V101/><F101/><W72/><G72/><T134/><D125/><U35/><E76/><V64/><F8/><W117/><G117/><T78/><D5/><U103/><E35/><V77/><F22/><W28/><AGARI ba="1,0" hai="0,1,20,25,28,61,67,71,84,91,95,97,102,107" machi="28" ten="20,2100,0" yaku="0,1,7,1" doraHai="127" who="3" fromWho="3" sc="274,-8,192,-8,248,-8,286,24" owari="266,6.6,184,-31.6,240,-16.0,310,41.0" /></mjloggm>