<mjloggm ver="2.3"><GO type="225" lobby="0"/><UN n0="%E3%82%B7%E3%83%B3%E5%A4%AA%E6%9C%97" n1="%E3%81%BE%E3%81%A8%E3%81%9F" n2="%E8%A8%88%E7%AE%97%E6%A9%9F%E8%87%AA%E7%84%B6" n3="%6B%79%6F%6E%6B%6F%31%31" dan="16,16,17,17" rate="2129.37,2140.39,2183.94,2177.96" sx="M,M,M,M"/><TAIKYOKU oya="0"/><INIT seed="0,0,0,2,3,25" ten="250,250,250,250" oya="0" hai0="72,23,90,79,125,7,133,43,13,68,118,95,21" hai1="65,76,40,99,71,114,97,102,6,9,41,94,81" hai2="115,59,11,24,126,47,128,5,93,67,50,55,123" hai3="80,131,106,66,101,117,52,129,58,134,19,109,1"/><T63/><D118/><U89/><E114/><V20/><F115/><W15/><G117/><T120/><D120/><U54/><E71/><V33/><F128/><N who="3" m="49227" /><G1/><T32/><D32/><U62/><E54/><V27/><F126/><W87/><G109/><T4/><D133/><U82/><E62/><V92/><F123/><W77/><G66/><T35/><D35/><U17/><E17/><V14/><F33/><W0/><G0/><T75/><D43/><U70/><E70/><V2/><F2/><W104/><G101/><T113/><D113/><U96/><E65/><V116/><F24/><W60/><G134/><T31/><D125/><U29/><E81/><V16/><F116/><W28/><G28/><T78/><D68/><U10/><E10/><AGARI ba="0,0" hai="10,15,19,52,58,60,77,80,87,104,106" m="49227" machi="10" ten="30,2000,0" yaku="19,1,54,1" doraHai="25" who="3" fromWho="1" sc="250,0,250,-20,250,0,250,20" /><INIT seed="1,0,0,5,5,20" ten="250,230,250,270" oya="1" hai0="31,44,94,28,1,0,19,26,105,80,6,59,43" hai1="57,66,133,128,29,56,62,15,115,74,96,135,3" hai2="17,79,123,24,70,49,18,14,9,8,11,92,64" hai3="98,10,73,86,45,51,13,68,117,39,34,121,114"/><U91/><E3/><V41/><F123/><W81/><G73/><T63/><D105/><U127/><E115/><V37/><F37/><W58/><G68/><T35/><D6/><U55/><E127/><V72/><F70/><W67/><G39/><T118/><D118/><U108/><E74/><V54/><F64/><W87/><G121/><T5/><D5/><U125/><E125/><V21/><F41/><W77/><G117/><T42/><D42/><U104/><E128/><V100/><F79/><W12/><G34/><T30/><D30/><U33/><E15/><V25/><F72/><W95/><G87/><T97/><D19/><U131/><E131/><V75/><F75/><W112/><G13/><T126/><D28/><U83/><E83/><V23/><F92/><W109/><G109/><T82/><D1/><U61/><E108/><V111/><F100/><W71/><G71/><T69/><D69/><U116/><E116/><V129/><F129/><W120/><G120/><T38/><D0/><U52/><E66/><V36/><F36/><W90/><G58/><T88/><D126/><U122/><E122/><V46/><F111/><W47/><G67/><AGARI ba="0,0" hai="26,31,35,38,43,44,59,63,67,80,82,88,94,97" machi="67" ten="30,3900,0" yaku="7,1,52,1,54,1" doraHai="20" who="0" fromWho="3" sc="250,39,230,0,250,0,270,-39" /><INIT seed="2,0,0,4,1,124" ten="289,230,250,231" oya="2" hai0="104,0,50,43,7,123,37,92,79,122,118,127,31" hai1="44,42,105,27,3,117,4,106,24,34,103,76,20" hai2="83,129,61,65,15,73,121,70,81,85,56,111,109" hai3="120,72,5,125,41,32,59,134,10,29,77,47,13"/><V16/><F121/><W38/><G125/><T9/><D118/><U49/><E117/><V33/><F33/><W95/><G120/><T113/><D104/><U8/><E76/><V75/><F70/><W132/><G29/><T39/><D113/><U96/><E34/><V116/><F129/><W126/><G32/><T131/><D131/><U30/><REACH who="1" step="1"/><E27/><REACH who="1" ten="289,220,250,231" step="2"/><V51/><F116/><W101/><G126/><T40/><D123/><U28/><E28/><V86/><F73/><W62/><G77/><T107/><D122/><U99/><E99/><V45/><F75/><W115/><G72/><T102/><D127/><U91/><E91/><V64/><F85/><W135/><G115/><T58/><D79/><U71/><E71/><V130/><F130/><W19/><G101/><T80/><D102/><U48/><E48/><V60/><F86/><W66/><REACH who="3" step="1"/><G95/><AGARI ba="0,1" hai="3,4,8,20,24,30,42,44,49,95,96,103,105,106" machi="95" ten="30,2000,0" yaku="1,1,7,1,53,0" doraHai="124" doraHaiUra="114" who="1" fromWho="3" sc="289,0,220,30,250,0,231,-20" /><INIT seed="3,0,0,0,3,97" ten="289,250,250,211" oya="3" hai0="116,9,10,90,124,7,3,60,105,83,72,32,18" hai1="1,63,99,128,25,117,58,6,11,75,93,109,82" hai2="64,135,132,78,92,4,133,62,80,68,112,94,43" hai3="67,102,13,47,123,66,42,22,119,16,36,20,50"/><W70/><G123/><T114/><D116/><U125/><E109/><V95/><F43/><W113/><G119/><T126/><D114/><U73/><E117/><V127/><F112/><W30/><G113/><T24/><D105/><U19/><E82/><V85/><REACH who="2" step="1"/><F4/><REACH who="2" ten="289,250,240,211" step="2"/><W76/><G70/><T89/><D7/><U81/><E125/><AGARI ba="0,1" hai="62,64,68,78,80,85,92,94,95,125,127,132,133,135" machi="125" ten="50,6400,0" yaku="1,1,2,1,20,1,53,0" doraHai="97" doraHaiUra="5" who="2" fromWho="1" sc="289,0,250,-64,240,74,211,0" owari="289,8.9,186,-31.4,314,41.4,211,-18.9" /></mjloggm>