<mjloggm ver="2.3"><GO type="225" lobby="0"/><UN n0="%E5%AE%AE%E4%BF%9D%E9%B6%8F%E8%82%89" n1="%73%6C%69%63%6B%33%31%39" n2="%33%74%72%65%65" n3="%E3%81%A9%E3%82%8F%E3%82%93%E3%81%94" dan="16,16,17,16" rate="2121.52,2191.72,2132.36,2171.75" sx="M,M,F,M"/><TAIKYOKU oya="0"/><INIT seed="0,0,0,1,5,53" ten="250,250,250,250" oya="0" hai0="56,43,7,68,102,20,71,101,60,50,73,111,124" hai1="64,89,79,104,110,76,8,97,39,63,35,5,119" hai2="14,123,116,52,66,81,87,114,45,58,99,103,4" hai3="62,130,120,127,13,132,41,6,54,94,113,80,70"/><T49/><D73/><U126/><E119/><V78/><F123/><W1/><G113/><T38/><D124/><U26/><E39/><V82/><F114/><W34/><G127/><T19/><D7/><U131/><E126/><V24/><F116/><W90/><G34/><T91/><D111/><U42/><E42/><V65/><F82/><W57/><G1/><T17/><D38/><U67/><E67/><V88/><F45/><W22/><G132/><T86/><D68/><U92/><E131/><V69/><F69/><W135/><G135/><T32/><D71/><N who="1" m="42399" /><E92/><N who="2" m="58855" /><F24/><W134/><G70/><T12/><D32/><U15/><E89/><V61/><F78/><W51/><G130/><T72/><D72/><U0/><E15/><V84/><F87/><N who="3" m="52575" /><G80/><N who="0" m="49607" /><D19/><U33/><E33/><V107/><F107/><W40/><G120/><T85/><D85/><U30/><E110/><V2/><F2/><W83/><G83/><T10/><D20/><U28/><E28/><V31/><F31/><W93/><G134/><T96/><D96/><U100/><AGARI ba="0,0" hai="0,5,8,26,30,35,76,79,97,100,104" m="42399" machi="100" ten="30,1100,0" yaku="25,1" doraHai="53" who="1" fromWho="1" sc="250,-5,250,11,250,-3,250,-3" /><INIT seed="1,0,0,4,4,23" ten="245,261,247,247" oya="1" hai0="121,112,124,44,48,24,10,95,72,61,5,102,62" hai1="128,49,16,36,105,38,120,108,79,11,98,91,70" hai2="57,74,86,109,64,8,20,1,67,34,113,127,87" hai3="125,126,118,103,123,56,119,76,60,116,37,80,117"/><U73/><E120/><V63/><F34/><W69/><G37/><T40/><D112/><U19/><E70/><V18/><F74/><W88/><N who="3" m="29696" /><DORA hai="42" /><W107/><G69/><T132/><D72/><U39/><E128/><V21/><F113/><W75/><G123/><T83/><D124/><N who="3" m="47721" /><G88/><T68/><D132/><U3/><E108/><V100/><F109/><W71/><G71/><T77/><D121/><U29/><E29/><V53/><F127/><W90/><G90/><T9/><D24/><U65/><E65/><N who="2" m="25163" /><F1/><W130/><G130/><T94/><D68/><U35/><E91/><V93/><F87/><W27/><G103/><T135/><D135/><U101/><E73/><V52/><F86/><W66/><G107/><T50/><D50/><U129/><E79/><V134/><F134/><W26/><AGARI ba="0,0" hai="26,27,56,60,66,75,76,80" m="47721,29696" machi="26" ten="60,8000,1" yaku="12,1,18,1,52,2" doraHai="23,42" who="3" fromWho="3" sc="245,-20,261,-40,247,-20,247,80" /><INIT seed="2,0,0,0,0,73" ten="225,221,227,327" oya="2" hai0="44,2,48,124,67,111,38,81,25,128,80,52,89" hai1="103,27,0,118,88,100,60,126,87,97,133,78,32" hai2="123,132,9,86,83,134,58,130,114,50,34,5,33" hai3="120,14,31,22,65,61,69,4,117,16,68,76,49"/><V135/><F123/><W122/><G117/><T94/><D2/><U84/><E118/><V107/><F107/><W15/><G69/><T46/><D111/><U110/><E0/><V106/><F106/><W79/><G31/><T53/><D67/><U90/><E32/><V109/><F114/><W91/><G122/><T71/><D71/><U51/><E110/><V41/><F109/><W108/><G108/><T1/><D1/><U30/><E133/><V45/><F58/><N who="3" m="37047" /><G120/><T131/><D124/><U56/><E51/><V40/><F40/><W105/><G105/><T43/><D25/><U54/><E126/><V7/><F130/><N who="0" m="49706" /><D53/><U66/><E54/><V19/><F19/><N who="3" m="10615" /><G4/><N who="2" m="1609" /><F9/><N who="3" m="6255" /><G68/><T8/><D8/><U59/><E59/><V62/><F62/><W47/><G91/><AGARI ba="0,0" hai="33,34,41,45,50,83,86,91,132,134,135" m="1609" machi="91" ten="30,1500,0" yaku="20,1" doraHai="73" who="2" fromWho="3" sc="225,0,221,0,227,15,327,-15" /><INIT seed="2,1,0,0,1,31" ten="225,221,242,312" oya="2" hai0="93,81,76,54,48,84,130,1,20,119,108,95,47" hai1="56,74,14,114,124,69,33,49,45,129,87,120,97" hai2="28,21,66,24,115,61,113,2,106,132,100,59,77" hai3="79,51,82,38,70,30,34,72,6,90,88,12,103"/><V29/><F132/><W4/><G38/><T98/><D1/><U41/><E114/><V27/><F2/><W57/><G70/><T52/><D108/><U102/><E74/><V112/><F77/><W0/><G0/><T68/><D68/><U65/><E129/><V134/><F134/><W8/><G103/><T110/><D110/><U67/><E124/><V86/><F86/><W135/><G6/><T60/><D130/><U118/><E118/><V13/><F13/><W75/><G75/><T16/><D119/><U94/><E120/><V25/><REACH who="2" step="1"/><F29/><REACH who="2" ten="225,221,232,312" step="2"/><W92/><G135/><T22/><D98/><AGARI ba="1,1" hai="21,24,25,27,28,59,61,66,98,100,106,112,113,115" machi="98" ten="40,3900,0" yaku="1,1,2,1,53,0" doraHai="31" doraHaiUra="37" who="2" fromWho="0" sc="225,-42,221,0,232,52,312,0" /><INIT seed="2,2,0,4,3,35" ten="183,221,284,312" oya="2" hai0="82,80,96,5,62,116,91,111,22,105,36,98,44" hai1="117,101,1,11,53,83,90,133,121,103,19,16,26" hai2="79,38,94,23,55,51,48,123,126,128,127,54,118" hai3="39,77,78,14,45,58,31,73,110,64,97,66,24"/><V72/><F72/><W99/><G110/><T60/><D111/><U131/><E117/><V84/><F38/><W108/><G108/><T109/><D109/><U6/><E131/><V106/><F106/><W65/><G73/><T37/><D116/><U56/><E133/><V119/><F128/><W132/><G132/><T0/><D22/><U87/><E121/><V28/><F123/><W15/><G39/><T13/><D13/><N who="3" m="4617" /><G45/><T47/><D105/><U43/><E43/><V100/><F118/><W130/><G130/><T57/><D57/><U34/><E34/><V18/><F28/><W85/><G58/><T129/><D91/><U104/><E26/><N who="2" m="14711" /><F119/><W59/><G59/><T68/><D129/><U125/><E125/><V61/><F61/><W88/><G24/><T75/><D75/><U32/><E32/><V2/><F2/><W70/><G31/><T86/><D86/><U42/><E42/><V20/><F20/><W9/><G9/><T134/><D134/><U135/><E135/><V49/><F126/><W3/><G3/><T124/><D124/><U122/><E122/><V63/><F63/><W41/><G41/><T92/><D92/><U95/><E104/><V112/><F127/><W102/><G70/><T30/><D30/><U4/><E4/><V76/><F94/><N who="3" m="54543" /><G102/><N who="1" m="38922" /><E95/><V93/><F93/><W46/><G46/><T7/><REACH who="0" step="1"/><D0/><REACH who="0" ten="173,221,284,312" step="2"/><U8/><E8/><V74/><F74/><W120/><G120/><T69/><AGARI ba="2,1" hai="5,7,36,37,44,47,60,62,68,69,80,82,96,98" machi="69" ten="25,8000,1" yaku="1,1,2,1,0,1,22,2,53,0" doraHai="35" doraHaiUra="33" who="0" fromWho="0" sc="173,96,221,-22,284,-42,312,-22" /><INIT seed="3,0,0,2,4,61" ten="269,199,242,290" oya="3" hai0="45,46,116,78,114,37,64,73,14,74,23,132,102" hai1="52,87,89,68,11,57,92,21,72,80,117,134,75" hai2="120,7,22,127,29,104,44,17,12,60,86,107,53" hai3="31,91,40,15,85,10,109,13,0,113,130,96,70"/><W115/><G70/><T135/><D116/><U125/><E125/><V133/><F127/><W129/><G0/><T28/><D114/><U121/><E134/><N who="0" m="51241" /><D102/><U6/><E121/><V56/><F133/><W105/><G40/><N who="0" m="22671" /><D78/><U112/><E68/><V119/><F119/><W20/><G109/><T32/><D46/><U67/><E117/><V71/><F120/><W36/><G36/><T65/><D32/><U4/><E112/><V69/><F29/><W51/><G51/><T1/><D1/><U83/><E72/><N who="0" m="27753" /><D14/><N who="1" m="5479" /><E75/><V59/><F12/><W47/><G13/><T106/><D106/><U77/><E6/><V2/><F7/><W41/><G105/><T16/><D16/><U84/><E21/><V35/><F22/><W90/><G20/><T30/><D30/><U111/><E111/><V9/><F17/><N who="3" m="8439" /><G31/><T3/><D3/><U62/><E80/><V38/><F2/><W42/><G113/><T110/><D110/><U8/><E8/><V81/><F9/><W26/><G115/><T108/><D108/><U58/><E58/><V33/><F59/><W54/><G26/><AGARI ba="0,0" hai="23,26,28,64,65" m="27753,22671,51241" machi="26" ten="30,3900,0" yaku="20,1,52,2" doraHai="61" who="0" fromWho="3" sc="269,39,199,0,242,0,290,-39" owari="308,40.8,199,-30.1,242,-15.8,251,5.1" /></mjloggm>