<mjloggm ver="2.3"><GO type="225" lobby="0"/><UN n0="%28%EF%BF%A3%E2%96%BD%EF%BF%A3%29%CE%B4%E2%8C%92%E3%83%BB" n1="%72%61%6B%33" n2="%E3%82%B2%E3%82%B9%E8%8C%82%E5%8B%9D" n3="%E7%99%BD%E5%92%B2%E8%8A%B1%E3%81%A1%E3%82%83%E3%82%93" dan="16,16,16,16" rate="2105.20,2150.89,2069.05,2095.21" sx="M,M,F,F"/><TAIKYOKU oya="0"/><INIT seed="0,0,0,1,3,6" ten="250,250,250,250" oya="0" hai0="127,124,15,62,83,123,2,135,14,88,33,21,39" hai1="11,24,43,102,84,89,3,68,97,117,91,27,92" hai2="1,16,99,73,81,8,126,38,4,100,98,51,130" hai3="52,42,94,17,132,0,74,67,54,108,60,96,49"/><T76/><D33/><U111/><E111/><V23/><F126/><N who="0" m="48170" /><D39/><U64/><E117/><V78/><F130/><W95/><G108/><T75/><D123/><U122/><E122/><V10/><F38/><W107/><G74/><T35/><D35/><U134/><E134/><V37/><F37/><W46/><G0/><T59/><D135/><U12/><E3/><V34/><F34/><W57/><G132/><T53/><D21/><U25/><E43/><V55/><F10/><W29/><G29/><T72/><D72/><U13/><E13/><V5/><F5/><W36/><G17/><T18/><D18/><U114/><E114/><V66/><F66/><W77/><G77/><T118/><D118/><U119/><E119/><V116/><F100/><W31/><G31/><T30/><D30/><U80/><E68/><V69/><F69/><W121/><G121/><T109/><D2/><U120/><E120/><V82/><F82/><W50/><G107/><T133/><D133/><U106/><E64/><V79/><F79/><W22/><G22/><T85/><D109/><U47/><E47/><V44/><REACH who="2" step="1"/><F116/><REACH who="2" ten="250,250,240,250" step="2"/><W32/><G32/><T9/><D9/><U45/><E45/><V61/><F61/><W113/><G113/><T131/><D131/><U40/><E91/><V58/><F58/><W105/><G36/><T103/><D103/><U28/><E102/><V48/><F48/><W56/><G67/><T101/><D101/><U125/><E125/><V87/><F87/><W41/><G41/><T7/><D7/><N who="1" m="3199" /><E40/><V70/><F70/><W93/><G105/><T26/><D26/><AGARI ba="0,1" hai="1,4,8,16,23,26,44,51,55,73,78,81,98,99" machi="26" ten="30,8000,1" yaku="1,1,6,1,7,1,52,1,54,1,53,0" doraHai="6" doraHaiUra="129" who="2" fromWho="0" sc="250,-80,250,0,240,90,250,0" /><INIT seed="1,0,0,3,5,21" ten="170,250,330,250" oya="1" hai0="124,104,28,51,11,117,12,128,120,85,9,50,63" hai1="134,32,15,58,48,57,16,18,90,68,88,129,116" hai2="26,19,10,69,79,46,47,114,56,49,20,121,89" hai3="36,130,111,35,77,62,122,75,7,8,27,24,54"/><U98/><E68/><V67/><F121/><W107/><G122/><T3/><D120/><U100/><E116/><V133/><F133/><W31/><G107/><T13/><D104/><U106/><E134/><V5/><F114/><W60/><G36/><T115/><D117/><U135/><E135/><V45/><F79/><W61/><G111/><T39/><D39/><U103/><E129/><V55/><F89/><W33/><G130/><T108/><D115/><U53/><E32/><V34/><F34/><W73/><G54/><T17/><D108/><U52/><E100/><V83/><F83/><W25/><G77/><T86/><D3/><U87/><E15/><N who="2" m="5583" /><F69/><W105/><G105/><T23/><D128/><U1/><E1/><V37/><F37/><W71/><G71/><T65/><D124/><U30/><E30/><V110/><F110/><W123/><G123/><T94/><D28/><U93/><E90/><V81/><F81/><W2/><REACH who="3" step="1"/><G31/><REACH who="3" ten="170,250,330,240" step="2"/><T101/><D9/><U125/><E125/><V84/><F84/><W74/><AGARI ba="0,1" hai="2,7,8,24,25,27,33,35,60,61,62,73,74,75" machi="74" ten="40,16000,3" yaku="1,1,2,1,0,1,29,2,52,3,53,0" doraHai="21" doraHaiUra="70" who="3" fromWho="3" sc="170,-40,250,-80,330,-40,240,170" /><INIT seed="2,0,0,2,2,82" ten="130,170,290,410" oya="2" hai0="19,53,105,68,69,66,12,62,91,40,50,10,95" hai1="125,132,18,46,110,23,72,121,74,100,92,49,56" hai2="135,94,51,98,111,131,6,61,73,25,70,64,57" hai3="9,32,39,84,60,122,119,115,55,108,24,17,48"/><V86/><F73/><W15/><G108/><T96/><D105/><U7/><E110/><V118/><F111/><W4/><G119/><T59/><REACH who="0" step="1"/><D40/><REACH who="0" ten="120,170,290,410" step="2"/><U31/><E121/><V27/><F118/><W5/><G122/><T116/><D116/><U63/><E125/><V128/><F135/><W87/><G115/><T89/><D89/><U0/><E132/><V71/><F128/><W124/><G124/><T43/><D43/><U79/><E100/><V130/><F131/><W1/><G5/><T93/><D93/><U106/><E92/><V22/><F130/><W52/><G4/><T133/><D133/><U117/><E106/><V29/><F6/><W44/><G55/><T97/><D97/><U67/><E117/><V47/><F98/><W28/><G52/><T77/><D77/><U107/><E107/><V26/><F70/><AGARI ba="0,1" hai="10,12,19,50,53,59,62,66,68,69,70,91,95,96" machi="70" ten="30,3900,0" yaku="1,1,7,1,53,1" doraHai="82" doraHaiUra="13" who="0" fromWho="2" sc="120,49,170,0,290,-39,410,0" /><INIT seed="3,0,0,0,3,70" ten="169,170,251,410" oya="3" hai0="16,105,24,124,125,132,90,106,49,73,36,58,23" hai1="18,11,60,135,9,33,68,130,25,108,26,89,39" hai2="15,37,94,133,67,82,32,97,95,115,45,30,79" hai3="88,83,54,20,100,4,64,84,59,101,41,128,1"/><W107/><G101/><T28/><D73/><U109/><E39/><V111/><F133/><W96/><G41/><T69/><D69/><U12/><E135/><V62/><F111/><N who="1" m="42569" /><E130/><V56/><F115/><W118/><G20/><N who="0" m="15367" /><D36/><U43/><E43/><V99/><F15/><W85/><G64/><T77/><D132/><U38/><E38/><V87/><F30/><W91/><G118/><T119/><D77/><U134/><E134/><V131/><F131/><W52/><G4/><T86/><D119/><U5/><E89/><V71/><F32/><W13/><G1/><T120/><D120/><U0/><E33/><V44/><F71/><W40/><G59/><T8/><D8/><U46/><E46/><V98/><F37/><W6/><G40/><T34/><D34/><U22/><E11/><V14/><F14/><W116/><G116/><T47/><D58/><U21/><E21/><V66/><F67/><AGARI ba="0,0" hai="0,5,9,12,18,22,25,26,60,67,68" m="42569" machi="67" ten="30,1000,0" yaku="14,1" doraHai="70" who="1" fromWho="2" sc="169,0,170,10,251,-10,410,0" owari="169,-33.1,180,-22.0,241,4.1,410,51.0" /></mjloggm>