<mjloggm ver="2.3"><GO type="225" lobby="0"/><UN n0="%E5%8D%A0%E3%81%84%E5%B8%AB%E8%A3%8F%E3%81%AA%E3%81%84%E3%81%97" n1="%E7%99%BD%E6%97%A5%E9%9B%AA%E8%8F%9C" n2="%E7%99%BD%E9%9B%AA%E4%B9%83%E6%84%9B" n3="%E6%98%93%E5%88%A9%E8%96%A9%E4%BC%AF" dan="16,16,16,16" rate="2124.57,2190.20,2078.77,2058.31" sx="M,M,F,F"/><TAIKYOKU oya="0"/><INIT seed="0,0,0,2,4,98" ten="250,250,250,250" oya="0" hai0="134,12,133,51,121,67,46,107,39,132,1,114,111" hai1="130,74,123,89,47,99,106,65,119,58,108,66,90" hai2="115,118,85,23,53,41,82,38,5,69,92,129,61" hai3="127,102,100,15,135,28,43,19,86,11,101,104,31"/><T77/><D114/><U79/><E119/><V68/><F115/><W76/><G127/><T78/><D121/><U95/><E123/><V59/><F129/><W126/><G126/><T35/><D1/><U73/><E130/><V52/><F118/><W88/><G135/><T120/><D120/><U21/><E108/><V56/><F5/><W36/><G104/><T87/><D35/><U42/><E106/><V16/><F92/><W49/><G36/><T8/><D39/><U96/><E79/><V25/><F41/><W48/><G76/><T4/><D111/><U17/><E74/><V32/><F32/><W109/><G109/><T26/><D67/><U60/><E73/><V122/><F38/><W37/><G37/><T18/><D107/><U10/><E10/><V75/><F75/><W30/><REACH who="3" step="1"/><G43/><REACH who="3" ten="250,250,250,240" step="2"/><N who="0" m="25055" /><D78/><U0/><E42/><V112/><F122/><W29/><N who="3" m="7168" /><DORA hai="63" /><W62/><G62/><T13/><D77/><U80/><E60/><N who="2" m="35847" /><F112/><W27/><G27/><T110/><D26/><U7/><E90/><N who="2" m="51511" /><F69/><W125/><G125/><T2/><D110/><U103/><E89/><V64/><F68/><W44/><G44/><T91/><D18/><U117/><E17/><V3/><F3/><W105/><G105/><T128/><D128/><U57/><E0/><V9/><F9/><W40/><G40/><T124/><D124/><U50/><E117/><V94/><F94/><AGARI ba="0,1" hai="11,15,19,48,49,86,88,94,100,101,102" m="7168" machi="94" ten="50,12000,2" yaku="1,1,8,1,52,3,54,1,53,1" doraHai="98,63" doraHaiUra="70,14" who="3" fromWho="2" sc="250,0,250,0,250,-120,240,130" /><AGARI ba="0,0" hai="2,4,8,12,13,87,91,94,132,133,134" m="25055" machi="94" ten="30,1500,0" yaku="20,1" doraHai="98,63" who="0" fromWho="2" sc="250,15,250,0,130,-15,370,0" /><INIT seed="0,1,0,3,1,48" ten="265,250,115,370" oya="0" hai0="101,134,75,78,41,52,6,83,49,5,35,95,30" hai1="54,10,20,123,4,33,1,53,62,14,81,71,131" hai2="130,105,15,46,92,116,59,114,65,9,80,0,51" hai3="112,69,117,7,85,135,42,67,68,79,3,133,58"/><T76/><D134/><U94/><E123/><V87/><F114/><W40/><G112/><T60/><D35/><U111/><E111/><V129/><F116/><W39/><G3/><T32/><D32/><U132/><E132/><N who="3" m="50762" /><G7/><T121/><D121/><U104/><E104/><V24/><F105/><W47/><G79/><T64/><D30/><U107/><E107/><V70/><F0/><W128/><G85/><T57/><D41/><U26/><E131/><V74/><F70/><N who="3" m="27243" /><G117/><T12/><D12/><U110/><E110/><V106/><F106/><W88/><G88/><T127/><D127/><U18/><E94/><V73/><F24/><W86/><G86/><N who="0" m="48487" /><D78/><U37/><E81/><V99/><F130/><W50/><G128/><T122/><D75/><U102/><E37/><V115/><F129/><W82/><G82/><T90/><D101/><U119/><E102/><V84/><F115/><W124/><G124/><T44/><D122/><U118/><E118/><V43/><F73/><W13/><G13/><T98/><AGARI ba="1,0" hai="5,6,44,49,52,57,60,64,90,95,98" m="48487" machi="98" ten="30,6000,0" yaku="8,1,52,1,54,1" doraHai="48" who="0" fromWho="0" sc="265,63,250,-21,115,-21,370,-21" /><INIT seed="0,2,0,3,4,9" ten="328,229,94,349" oya="0" hai0="3,117,0,64,79,128,108,126,105,121,47,90,118" hai1="112,45,101,99,6,66,36,103,63,46,44,29,59" hai2="104,124,4,110,130,33,97,23,70,18,55,125,17" hai3="11,61,27,86,49,30,43,14,132,122,76,26,20"/><T48/><D121/><U119/><E119/><V16/><F70/><W77/><G132/><T21/><D105/><U73/><E73/><V72/><F72/><W8/><G122/><T34/><D34/><U88/><E112/><V133/><F104/><W123/><G123/><T85/><D126/><N who="2" m="48746" /><F97/><W82/><G11/><T51/><D128/><U109/><E109/><V74/><F74/><W116/><G116/><T13/><D79/><U71/><E36/><V106/><F55/><W19/><G27/><T22/><D85/><U115/><E115/><V39/><F39/><W42/><G77/><T56/><D64/><U93/><E6/><V129/><F106/><W53/><REACH who="3" step="1"/><G61/><REACH who="3" ten="328,229,94,339" step="2"/><T83/><D117/><U102/><REACH who="1" step="1"/><E29/><REACH who="1" ten="328,219,94,339" step="2"/><V2/><F133/><W52/><G52/><T96/><D118/><U91/><E91/><V84/><F110/><W134/><G134/><T58/><D90/><U60/><E60/><V37/><F130/><W32/><G32/><T24/><D108/><U78/><E78/><V135/><F129/><W67/><G67/><T81/><D51/><U100/><N who="1" m="25600" /><DORA hai="68" /><U107/><E107/><V127/><F135/><W7/><G7/><T31/><D48/><U10/><E10/><N who="2" m="2327" /><F33/><W95/><G95/><T35/><D35/><U114/><E114/><V50/><F127/><W87/><G87/><T25/><D31/><U131/><E131/><V92/><F50/><W120/><G120/><T1/><D83/><U69/><AGARI ba="2,2" hai="44,45,46,59,63,66,69,71,88,93,99" m="25600" machi="69" ten="50,12000,2" yaku="1,1,0,1,54,1,53,3" doraHai="9,68" doraHaiUra="111,40" who="1" fromWho="1" sc="328,-62,219,146,94,-32,339,-32" /><INIT seed="1,0,0,5,3,50" ten="266,365,62,307" oya="1" hai0="40,98,28,48,76,34,45,24,133,99,134,0,89" hai1="100,102,44,17,94,37,69,91,135,36,96,63,31" hai2="83,33,85,129,12,41,58,64,10,122,80,21,119" hai3="15,81,109,47,49,3,30,108,26,93,52,6,46"/><U126/><E126/><V75/><F119/><W13/><G81/><T106/><D0/><U5/><E135/><V56/><F122/><W22/><G47/><T112/><D112/><U74/><E74/><V92/><F33/><W19/><G93/><T11/><D106/><U79/><E79/><V87/><F129/><W43/><G43/><T103/><D103/><U54/><E5/><V7/><F75/><W97/><G97/><T32/><D76/><U23/><E31/><V9/><F41/><W130/><G130/><T38/><D32/><U25/><E36/><V116/><F116/><W84/><G84/><T77/><D77/><U120/><E120/><V88/><F21/><W35/><G15/><T39/><D11/><AGARI ba="0,0" hai="3,6,11,13,19,22,26,30,35,46,49,52,108,109" machi="11" ten="40,8000,1" yaku="24,2,52,1,54,1" doraHai="50" who="3" fromWho="0" sc="266,-80,365,0,62,0,307,80" /><INIT seed="2,0,0,0,4,73" ten="186,365,62,387" oya="2" hai0="77,121,82,17,56,134,108,84,96,63,47,132,25" hai1="85,7,90,44,79,120,52,122,88,104,94,109,130" hai2="27,16,13,129,66,28,31,57,75,9,1,65,41" hai3="32,131,23,55,125,11,83,127,40,51,67,37,14"/><V60/><F129/><W54/><G32/><T38/><D108/><U89/><E104/><V20/><F75/><W43/><G23/><N who="0" m="13551" /><D121/><N who="1" m="46699" /><E109/><V74/><F74/><W21/><G21/><T24/><D24/><U0/><E130/><V91/><F41/><W78/><G67/><T113/><D113/><U98/><E7/><V70/><F1/><W114/><G37/><T64/><D96/><U3/><E79/><V111/><F111/><W4/><G114/><T81/><D81/><N who="1" m="49327" /><E90/><V87/><F70/><W97/><G97/><T110/><D110/><U50/><AGARI ba="0,0" hai="0,3,44,50,52,88,94,98" m="49327,46699" machi="50" ten="30,4000,0" yaku="13,1,54,2" doraHai="73" who="1" fromWho="1" sc="186,-10,365,40,62,-20,387,-10" /><INIT seed="3,0,0,1,3,58" ten="176,405,42,377" oya="3" hai0="112,14,101,107,16,115,134,110,106,19,30,65,86" hai1="83,82,132,102,71,56,24,59,53,127,75,47,7" hai2="119,38,135,23,118,64,25,78,129,79,1,10,42" hai3="13,60,125,54,17,50,92,9,4,52,100,40,57"/><W131/><G131/><T120/><D120/><U15/><E71/><V81/><F42/><W90/><G125/><T84/><D110/><U11/><E127/><V122/><F23/><W77/><G77/><T105/><D30/><U114/><E114/><N who="0" m="43561" /><D134/><U27/><E132/><V12/><F25/><N who="1" m="9801" /><E75/><V98/><F98/><N who="3" m="57623" /><G100/><T72/><D72/><U88/><E102/><V32/><F32/><W133/><BYE who="2" /><G133/><T48/><D65/><UN n2="%E7%99%BD%E9%9B%AA%E4%B9%83%E6%84%9B" /><U116/><E116/><V0/><F12/><W67/><G4/><T95/><D48/><N who="1" m="28831" /><E88/><V37/><F135/><W39/><G39/><T21/><D19/><U93/><E93/><V130/><F81/><AGARI ba="0,0" hai="7,11,15,56,59,81,82,83" m="28831,9801" machi="81" ten="30,1000,0" yaku="8,1" doraHai="58" who="1" fromWho="2" sc="176,0,405,10,42,-10,377,0" owari="176,-22.4,415,51.5,32,-46.8,377,17.7" /></mjloggm>