<mjloggm ver="2.3"><GO type="225" lobby="0"/><UN n0="%E3%82%A2%E3%83%A1%E3%82%A2%E3%83%A9%E3%83%AC" n1="%E3%83%81%E3%83%AF%E3%83%AF%E9%9A%8A%E9%95%B7" n2="%E7%82%8E%E3%83%8E%E6%9C%B1%E9%9B%80" n3="%61%6D%65%6B%69" dan="16,17,16,16" rate="2167.06,2187.11,2160.04,2096.92" sx="M,M,M,M"/><TAIKYOKU oya="0"/><INIT seed="0,0,0,1,5,125" ten="250,250,250,250" oya="0" hai0="26,134,132,123,11,97,2,102,95,120,109,62,15" hai1="40,36,8,23,82,42,94,27,4,43,20,6,103" hai2="108,67,90,68,78,107,5,30,88,70,21,116,111" hai3="19,89,60,44,127,12,91,105,84,53,9,52,13"/><T93/><D2/><U59/><E36/><V101/><F116/><W83/><G105/><T66/><D26/><U113/><E113/><V80/><F5/><W50/><G127/><T24/><D24/><U86/><E59/><V25/><F101/><W1/><G1/><T3/><D3/><U133/><E133/><N who="0" m="51305" /><D95/><U112/><E112/><V54/><F107/><W58/><REACH who="3" step="1"/><G13/><REACH who="3" ten="250,250,250,240" step="2"/><T38/><D109/><U129/><E4/><V87/><F111/><W57/><G57/><N who="0" m="37199" /><D38/><U32/><E6/><AGARI ba="0,1" hai="6,11,15,93,97,102,120,123" m="37199,51305" machi="6" ten="30,1500,0" yaku="20,1" doraHai="125" who="0" fromWho="1" sc="250,25,250,-15,250,0,240,0" /><INIT seed="0,1,0,3,5,127" ten="275,235,250,240" oya="0" hai0="72,94,126,130,77,69,2,13,115,100,84,101,81" hai1="97,83,135,18,121,85,11,128,12,8,98,57,123" hai2="76,124,111,54,33,32,93,99,26,116,42,3,125" hai3="108,49,70,24,71,132,114,37,39,9,35,38,21"/><T6/><D69/><U96/><E135/><V7/><F111/><W5/><G114/><T48/><D2/><U79/><E128/><V67/><F116/><W82/><G108/><T52/><D115/><U4/><REACH who="1" step="1"/><E57/><REACH who="1" ten="275,225,250,240" step="2"/><V68/><F125/><W20/><G132/><T110/><D126/><U109/><E109/><V65/><F124/><W46/><G71/><T119/><D110/><U88/><E88/><V60/><F68/><W129/><G70/><T91/><D119/><U17/><E17/><V105/><F76/><W30/><G129/><T47/><REACH who="0" step="1"/><D130/><REACH who="0" ten="265,225,250,240" step="2"/><U43/><E43/><V104/><F42/><W36/><G36/><T62/><D62/><U134/><E134/><V75/><F60/><W117/><G117/><T31/><D31/><U64/><E64/><V45/><F67/><W78/><G39/><T1/><D1/><AGARI ba="1,2" hai="1,4,8,11,12,18,79,83,85,96,97,98,121,123" machi="1" ten="40,1300,0" yaku="1,1,53,0" doraHai="127" doraHaiUra="59" who="1" fromWho="0" sc="265,-16,225,36,250,0,240,0" /><INIT seed="1,0,0,1,1,10" ten="249,261,250,240" oya="1" hai0="59,94,101,86,55,82,4,52,57,50,77,9,99" hai1="88,92,89,126,47,129,76,58,26,114,110,64,83" hai2="124,27,80,31,87,21,112,22,104,119,42,71,53" hai3="102,130,43,30,74,1,85,32,73,122,34,68,72"/><U0/><E114/><V97/><F119/><W48/><G122/><T109/><D109/><U35/><E0/><V62/><F124/><W95/><G1/><T111/><D111/><U44/><E110/><V69/><F42/><W105/><G68/><T113/><D113/><U93/><E126/><V135/><F112/><W37/><G37/><T8/><REACH who="0" step="1"/><D4/><REACH who="0" ten="239,261,250,240" step="2"/><U120/><E120/><V20/><F135/><W70/><G130/><T39/><D39/><U117/><E129/><V134/><F134/><W116/><G116/><T96/><D96/><U78/><E117/><V19/><F97/><W51/><G72/><T67/><D67/><U23/><E64/><V123/><F123/><W127/><G73/><T12/><D12/><U38/><E38/><V84/><F104/><W18/><G74/><T79/><D79/><U5/><E76/><V75/><F75/><W91/><G105/><T54/><D54/><U13/><E78/><V3/><F3/><W115/><G115/><T2/><D2/><U16/><E5/><V106/><F106/><W103/><G127/><T125/><D125/><U11/><E13/><V131/><F131/><W128/><G128/><T15/><D15/><U65/><E65/><V6/><F6/><W40/><G70/><T98/><D98/><U49/><E26/><N who="2" m="16839" /><F71/><W29/><G85/><T56/><D56/><U63/><E58/><N who="2" m="35151" /><F69/><W28/><G34/><T24/><D24/><U36/><E35/><V107/><F107/><W66/><G32/><T133/><D133/><U41/><E36/><V90/><F87/><W100/><G66/><T45/><D45/><RYUUKYOKU ba="0,1" sc="239,15,261,-15,250,15,240,-15" hai0="8,9,50,52,55,57,59,77,82,86,94,99,101" hai2="19,21,22,27,80,84,90" /><INIT seed="2,1,1,1,1,47" ten="254,246,265,225" oya="2" hai0="52,70,20,7,108,90,54,93,67,85,100,84,55" hai1="68,5,59,83,110,11,104,72,61,42,107,50,1" hai2="19,117,95,43,88,94,53,89,24,14,119,16,56" hai3="120,106,98,75,2,103,26,3,112,118,9,109,17"/><V73/><F73/><W116/><G120/><T46/><D108/><U49/><E110/><V48/><F43/><W91/><G109/><T69/><D100/><U21/><E68/><V86/><F24/><W6/><G112/><T60/><D70/><U64/><E21/><N who="2" m="11415" /><F19/><W111/><G111/><T62/><D7/><U96/><E42/><V27/><F27/><W32/><G3/><T80/><D20/><U77/><REACH who="1" step="1"/><E96/><AGARI ba="1,1" hai="48,53,56,86,88,89,94,95,96,117,119" m="11415" machi="96" ten="30,11600,0" yaku="25,1,52,1,54,2" doraHai="47" who="2" fromWho="1" sc="254,0,246,-119,265,129,225,0" /><INIT seed="2,2,0,3,2,133" ten="254,127,394,225" oya="2" hai0="94,81,123,88,32,53,134,96,11,58,43,8,31" hai1="105,25,95,70,114,54,73,127,66,6,90,56,118" hai2="18,57,9,49,28,7,22,108,130,69,26,112,102" hai3="121,79,100,109,52,37,67,15,132,14,76,21,41"/><V89/><F112/><W33/><G33/><T77/><D123/><U13/><E114/><V16/><F69/><W35/><G35/><T36/><D134/><U113/><E118/><V98/><F130/><W55/><G121/><T80/><D80/><U111/><E113/><V47/><F108/><W34/><G34/><T65/><D65/><U119/><E105/><V93/><F89/><W38/><G109/><T110/><D110/><U125/><E119/><V50/><F57/><W78/><G132/><T124/><D124/><N who="1" m="47691" /><E73/><V117/><F117/><W1/><G1/><T131/><D131/><U12/><E111/><V61/><F61/><W59/><G100/><T62/><D43/><U48/><E6/><V116/><F116/><W51/><G67/><T24/><D36/><U83/><E83/><V126/><F126/><W39/><G41/><T68/><D68/><U82/><E82/><V17/><REACH who="2" step="1"/><F47/><REACH who="2" ten="254,127,384,225" step="2"/><W84/><G59/><T85/><AGARI ba="2,1" hai="8,11,24,31,32,53,58,62,77,81,85,88,94,96" machi="85" ten="20,2700,0" yaku="0,1,7,1,54,1" doraHai="133" who="0" fromWho="0" sc="254,43,127,-9,384,-15,225,-9" /><INIT seed="3,0,0,3,2,134" ten="297,118,369,216" oya="3" hai0="77,61,32,76,19,60,126,34,40,28,64,98,62" hai1="41,90,70,53,102,1,82,58,92,118,39,56,6" hai2="43,116,101,91,54,114,17,93,123,46,31,15,11" hai3="48,16,25,38,110,133,129,95,127,45,120,119,52"/><W72/><G72/><T59/><D40/><U51/><E118/><V78/><F114/><W105/><G105/><T66/><D28/><U80/><E102/><V24/><F116/><W68/><G120/><T36/><D98/><U33/><E33/><N who="0" m="12905" /><D59/><U83/><E1/><V99/><F123/><W125/><G119/><T3/><D19/><U30/><E6/><V50/><F78/><N who="0" m="30314" /><D36/><U55/><E30/><V85/><F43/><W13/><G133/><T121/><D3/><U74/><E74/><V81/><F31/><W135/><G135/><T2/><D2/><U44/><E70/><V20/><F11/><W37/><G129/><T111/><D121/><U84/><E39/><V49/><F49/><W89/><G68/><T47/><D47/><U108/><E108/><V4/><F4/><W27/><G38/><T22/><D22/><U14/><E14/><AGARI ba="0,0" hai="14,15,17,20,24,46,50,54,81,85,91,93,99,101" machi="14" ten="40,1300,0" yaku="8,1" doraHai="134" who="2" fromWho="1" sc="297,0,118,-13,369,13,216,0" owari="297,9.7,105,-39.5,382,48.2,216,-18.4" /></mjloggm>