<mjloggm ver="2.3"><GO type="225" lobby="0"/><UN n0="%E5%B0%8F%E9%B3%A5%E9%81%8A%E7%B7%B4%E7%84%A1%32%31%E6%AD%B3" n1="%E7%B4%94%E6%BD%94%E3%83%94%E3%83%A9%E3%83%8B%E3%82%A2" n2="%E3%83%99%E3%83%AB%E3%83%A2%E3%83%83%E3%83%88" n3="%E6%B8%A9%E2%98%85%E6%83%85%E2%98%85%E6%8E%AA%E2%98%85%E7%BD%AE" dan="16,16,16,17" rate="2160.71,2145.47,2097.30,2198.98" sx="F,M,M,M"/><TAIKYOKU oya="0"/><INIT seed="0,0,0,3,2,104" ten="250,250,250,250" oya="0" hai0="92,133,19,87,123,5,21,18,68,95,1,91,126" hai1="36,23,45,75,55,14,13,83,105,65,109,112,89" hai2="131,76,7,51,93,103,17,22,10,73,70,117,61" hai3="108,132,100,99,35,81,102,49,77,34,2,37,94"/><T53/><D123/><U42/><E109/><V82/><F131/><W88/><G108/><T69/><D133/><U3/><E105/><V12/><F117/><W26/><G37/><T16/><D126/><U9/><E112/><V24/><F51/><W110/><G110/><T114/><D114/><U64/><E55/><V72/><F70/><W135/><G2/><T41/><D41/><U44/><E44/><V107/><F107/><W52/><G26/><T11/><D21/><U54/><E54/><V56/><F93/><W58/><G34/><T129/><D129/><U124/><E89/><V106/><F103/><W119/><G35/><T134/><D134/><N who="3" m="51241" /><G119/><T98/><REACH who="0" step="1"/><D53/><REACH who="0" ten="240,250,250,250" step="2"/><U6/><E124/><V97/><F106/><W80/><G80/><T84/><D84/><AGARI ba="0,1" hai="49,52,58,77,81,84,88,94,99,100,102" m="51241" machi="84" ten="30,3900,0" yaku="20,1,54,2" doraHai="104" who="3" fromWho="0" sc="240,-39,250,0,250,0,250,49" /><INIT seed="1,0,0,5,4,6" ten="201,250,250,299" oya="1" hai0="77,134,3,8,13,85,95,62,103,99,37,86,87" hai1="114,12,125,98,67,20,72,69,118,41,47,116,36" hai2="35,18,65,117,9,84,133,132,135,0,39,97,90" hai3="61,68,11,60,1,50,45,59,49,79,7,73,76"/><U14/><E72/><V109/><F39/><W15/><G68/><T129/><D129/><U51/><E114/><V10/><F35/><W81/><G79/><T101/><D37/><U78/><E78/><V119/><F0/><W55/><REACH who="3" step="1"/><G1/><REACH who="3" ten="201,250,250,289" step="2"/><T108/><D3/><U56/><E69/><V131/><F131/><W4/><G4/><T23/><D134/><U106/><E118/><N who="2" m="45067" /><F109/><W33/><G33/><T112/><D108/><U88/><E116/><V19/><F65/><W31/><G31/><T128/><D128/><U32/><E32/><V2/><F2/><W40/><AGARI ba="0,1" hai="7,11,15,40,45,49,50,55,59,60,61,73,76,81" machi="40" ten="20,8000,1" yaku="1,1,0,1,7,1,52,1,53,1" doraHai="6" doraHaiUra="107" who="3" fromWho="3" sc="201,-20,250,-40,250,-20,289,90" /><INIT seed="2,0,0,4,1,88" ten="181,210,230,379" oya="2" hai0="8,6,104,7,85,114,28,100,80,10,90,126,42" hai1="69,21,117,2,63,68,65,124,118,3,130,66,125" hai2="54,73,15,64,103,39,57,77,27,33,74,17,43" hai3="58,35,135,13,86,122,16,53,71,45,76,37,119"/><V111/><F64/><N who="1" m="24681" /><E21/><V36/><F103/><W75/><G71/><N who="1" m="27210" /><E63/><V109/><F77/><W19/><G35/><T51/><D114/><U9/><E9/><V95/><F33/><W5/><G86/><T99/><D126/><N who="1" m="48747" /><E130/><V112/><F27/><W60/><G60/><T101/><D28/><U20/><E20/><V107/><F107/><W34/><G34/><T81/><D101/><U83/><E83/><V106/><F106/><W67/><G67/><T121/><D121/><U115/><E115/><V26/><F112/><W131/><G122/><T23/><D23/><U14/><E14/><V47/><F26/><W78/><G13/><T79/><D8/><U4/><E4/><V29/><F15/><W116/><G5/><T18/><D18/><U24/><E24/><V134/><F17/><W92/><G16/><T50/><D6/><U12/><E12/><V87/><F29/><W120/><G131/><T96/><D42/><U48/><E48/><V59/><F43/><W93/><G19/><T129/><D129/><U110/><E110/><V97/><F109/><W94/><G120/><T89/><D7/><U82/><E82/><V11/><F111/><W108/><G108/><T40/><D10/><U22/><E22/><V44/><F11/><W0/><G78/><T56/><D40/><U102/><E102/><V1/><F1/><AGARI ba="0,0" hai="1,2,3,117,118" m="48747,27210,24681" machi="1" ten="40,5200,0" yaku="28,2,18,1" doraHai="88" who="1" fromWho="2" sc="181,0,210,52,230,-52,379,0" /><INIT seed="3,0,0,0,3,54" ten="181,262,178,379" oya="3" hai0="114,59,46,53,74,98,66,99,64,16,76,17,25" hai1="0,52,71,43,102,122,78,126,95,37,91,58,22" hai2="80,123,60,44,135,107,3,111,96,103,67,88,117" hai3="51,13,5,10,97,121,134,89,49,23,94,32,108"/><W84/><G121/><T101/><D114/><U79/><E122/><V35/><F35/><W33/><G108/><T69/><D69/><U8/><E126/><V118/><F3/><W26/><G134/><T39/><D98/><U48/><E71/><V30/><F123/><W104/><G33/><T85/><D74/><U125/><E102/><V21/><F111/><W82/><G32/><T34/><D34/><U73/><E125/><V41/><F135/><W12/><G12/><T19/><D25/><U18/><E73/><V72/><F72/><W28/><G104/><T24/><D24/><U42/><E8/><V93/><F80/><W113/><G113/><T115/><D115/><U112/><E0/><V2/><F2/><W133/><G133/><T86/><D46/><U116/><E116/><V57/><F21/><W50/><G51/><N who="0" m="31167" /><D39/><U63/><E37/><V119/><F30/><W129/><G129/><T7/><D7/><U31/><E31/><V27/><F27/><W132/><G132/><T124/><D124/><U90/><E112/><V15/><F15/><W45/><G45/><T105/><D76/><AGARI ba="0,0" hai="5,10,13,23,26,28,49,50,76,82,84,89,94,97" machi="76" ten="30,2900,0" yaku="7,1,8,1" doraHai="54" who="3" fromWho="0" sc="181,-29,262,0,178,0,379,29" owari="152,-34.8,262,6.2,178,-22.2,408,50.8" /></mjloggm>