<mjloggm ver="2.3"><GO type="225" lobby="0"/><UN n0="%E3%83%B4%E3%83%A0%EF%BC%99%E3%81%A6" n1="%E3%81%99%E3%81%84%E3%81%BE%E3%81%9B%E3%83%BC%E3%82%93" n2="%E4%B8%89%E5%86%A0%E7%8E%8B%E3%83%BB%E5%B1%B1%E7%94%B0%E5%93%B2%E4%BA%BA" n3="%E3%81%8F%E3%82%8A%E3%83%94%E3%83%BC" dan="17,16,16,16" rate="2240.95,2132.58,2137.10,2087.89" sx="M,M,M,M"/><TAIKYOKU oya="0"/><INIT seed="0,0,0,1,4,91" ten="250,250,250,250" oya="0" hai0="8,86,45,103,11,50,129,73,10,117,18,134,15" hai1="57,93,65,31,126,5,71,101,20,74,75,90,47" hai2="122,108,0,29,13,56,124,78,28,96,41,32,53" hai3="135,113,60,22,105,130,44,61,66,37,21,35,67"/><T59/><D117/><U97/><E126/><V118/><F0/><W123/><G35/><T116/><D116/><U68/><E5/><V95/><F118/><W51/><G105/><T38/><D73/><U119/><E119/><V120/><F124/><W19/><G37/><T107/><D134/><U14/><E47/><V115/><F115/><W84/><G130/><T79/><D38/><U46/><E46/><V70/><F70/><W17/><G123/><T54/><D107/><U121/><E121/><V4/><F41/><W30/><G113/><T27/><D129/><U94/><E71/><V34/><F108/><W7/><G30/><T92/><D27/><N who="1" m="16871" /><E14/><V48/><F34/><W102/><G7/><T77/><D45/><U26/><E68/><V88/><F78/><N who="0" m="29706" /><D103/><U55/><E26/><V12/><F32/><W3/><G3/><T36/><D36/><U58/><E75/><V42/><F122/><W104/><G104/><T82/><D82/><U89/><E74/><V133/><F120/><W6/><G6/><T9/><D9/><U69/><E69/><V49/><F133/><W127/><G102/><T85/><D85/><U2/><E2/><V80/><F80/><W106/><G84/><T83/><D83/><U81/><E81/><V100/><F100/><W40/><G106/><T64/><D64/><N who="3" m="24617" /><G127/><T99/><D86/><N who="1" m="52407" /><E65/><V125/><F125/><W109/><G135/><T110/><D110/><U25/><E25/><V23/><F13/><N who="3" m="9391" /><G109/><T132/><D132/><U76/><E76/><V52/><F4/><W98/><G98/><T62/><D99/><N who="1" m="57815" /><E55/><V114/><F53/><RYUUKYOKU ba="0,0" sc="250,-15,250,15,250,-15,250,15" hai1="57,58,97,101" hai3="19,22,40,44,51,60,61" /><INIT seed="1,1,0,1,5,60" ten="235,265,235,265" oya="1" hai0="29,31,40,76,25,46,113,123,68,28,107,121,61" hai1="75,102,92,47,130,100,57,91,97,14,98,18,44" hai2="9,19,99,65,96,128,13,2,63,119,37,36,85" hai3="122,43,95,90,81,30,129,126,112,59,74,110,12"/><U27/><E130/><V64/><F119/><W73/><G122/><N who="0" m="46603" /><D107/><U106/><E75/><V45/><F128/><W23/><G112/><T117/><D113/><U83/><E27/><V108/><F108/><W115/><G110/><T4/><D4/><U39/><E39/><V55/><F2/><W131/><G126/><T58/><D76/><U124/><E124/><V116/><F116/><W0/><G0/><T134/><D134/><U135/><E135/><V34/><F34/><W78/><G74/><T125/><D125/><U118/><E118/><V6/><F37/><W101/><G115/><T93/><D93/><U51/><E83/><V79/><F36/><W11/><G43/><T22/><D68/><U84/><E57/><N who="2" m="35263" /><F45/><W87/><G59/><T80/><D80/><U32/><E32/><V53/><F53/><W86/><G73/><T1/><D1/><U109/><E109/><V26/><F85/><W35/><G35/><T56/><D56/><U21/><E51/><V17/><F79/><W5/><REACH who="3" step="1"/><G101/><REACH who="3" ten="235,265,235,255" step="2"/><T3/><D3/><U50/><E50/><V127/><F127/><W52/><G52/><N who="0" m="33991" /><D117/><U67/><E102/><V7/><F7/><W69/><G69/><T77/><D40/><U72/><E72/><V24/><F6/><W104/><G104/><T70/><D70/><U103/><E103/><V15/><F17/><W42/><G42/><T71/><D71/><U62/><E100/><V20/><F19/><W8/><G8/><T120/><D120/><U49/><E106/><V111/><F111/><W41/><G41/><T38/><D77/><U132/><E132/><RYUUKYOKU ba="1,1" sc="235,15,265,-15,235,-15,255,15" hai0="22,25,28,29,31,38,46" hai3="5,11,12,23,30,78,81,86,87,90,95,129,131" /><INIT seed="2,2,1,5,0,38" ten="250,250,220,270" oya="2" hai0="127,94,8,41,29,34,36,9,60,20,82,118,10" hai1="59,135,115,15,132,39,68,13,92,45,125,33,133" hai2="96,89,121,114,51,83,71,103,77,109,1,24,61" hai3="3,54,53,101,0,35,119,67,128,112,93,6,55"/><V100/><F114/><W79/><G112/><T73/><D34/><U4/><E115/><V123/><F1/><W62/><G119/><T57/><D118/><U40/><E68/><V81/><F51/><W50/><G35/><T72/><D127/><U27/><E125/><V102/><F24/><W17/><G79/><T129/><D129/><U130/><E130/><V95/><F61/><W2/><G128/><T28/><D94/><U44/><E4/><V78/><F71/><W134/><G134/><T58/><D82/><N who="2" m="31242" /><F109/><W11/><G17/><T85/><D85/><U49/><E59/><V105/><F105/><W18/><G18/><T43/><D36/><U99/><E27/><V30/><F30/><W86/><G50/><T116/><D116/><U25/><E25/><V122/><AGARI ba="2,1" hai="77,78,89,95,96,100,102,103,121,122,123" m="31242" machi="122" ten="40,3900,0" yaku="34,2" doraHai="38" who="2" fromWho="2" sc="250,-15,250,-15,220,55,270,-15" /><INIT seed="2,3,0,3,0,56" ten="235,235,275,255" oya="2" hai0="8,6,75,114,5,12,37,23,100,109,124,19,96" hai1="106,98,85,117,135,45,73,122,97,90,127,46,43" hai2="63,47,64,119,123,121,129,22,60,107,55,16,95" hai3="113,93,59,20,78,36,91,71,68,50,103,33,133"/><V88/><F107/><W42/><G33/><T92/><D114/><U25/><E117/><V3/><F3/><W24/><G113/><T27/><D109/><U72/><E127/><V131/><F119/><W102/><G78/><T70/><D124/><U83/><E135/><V101/><F101/><W18/><G133/><T48/><D37/><U62/><E122/><V4/><F4/><W65/><G71/><T30/><D75/><U69/><E46/><V1/><F1/><W105/><G105/><T120/><D120/><U128/><E128/><N who="2" m="49227" /><F63/><N who="3" m="38143" /><G36/><T82/><D70/><U81/><E25/><N who="2" m="14535" /><F55/><W14/><G68/><T17/><D5/><U108/><E108/><V86/><F47/><N who="3" m="25975" /><G14/><T44/><D44/><U110/><E110/><V0/><F0/><W57/><G57/><AGARI ba="3,0" hai="57,60,64,86,88,95,121,123" m="14535,49227" machi="57" ten="30,11600,0" yaku="19,1,52,1,54,2" doraHai="56" who="2" fromWho="3" sc="235,0,235,0,275,125,255,-125" /><INIT seed="2,4,0,1,2,54" ten="235,235,400,130" oya="2" hai0="7,39,65,38,55,24,59,84,48,116,50,62,32" hai1="18,101,3,47,44,127,123,71,134,97,63,125,66" hai2="132,15,26,105,45,73,115,64,78,6,95,126,106" hai3="108,56,98,35,43,0,22,69,80,72,79,33,92"/><V91/><F64/><W103/><G108/><T23/><D116/><U70/><E134/><V37/><F15/><W30/><G69/><T57/><D32/><U124/><E123/><V130/><F26/><W86/><G0/><T117/><D117/><U111/><E111/><V93/><F45/><N who="1" m="17481" /><E18/><V129/><F6/><W74/><G43/><T20/><D7/><U118/><E3/><V88/><F37/><W60/><G74/><T61/><D38/><U40/><E40/><V9/><F106/><W131/><G72/><T110/><D39/><U112/><E112/><V109/><F105/><W67/><REACH who="3" step="1"/><G131/><REACH who="3" ten="235,235,400,120" step="2"/><T41/><D41/><U99/><E118/><V90/><F73/><W4/><G4/><T46/><D110/><U29/><E71/><V36/><F129/><W89/><G89/><T114/><D114/><U82/><E70/><V75/><F91/><W85/><G85/><T133/><D133/><U52/><E127/><V107/><F126/><W31/><G31/><T34/><D84/><U14/><E29/><V27/><F75/><W16/><G16/><T122/><D122/><U77/><E125/><V17/><F130/><W96/><G96/><T104/><D34/><U76/><E99/><V11/><F109/><W5/><G5/><T58/><D20/><U87/><E124/><V13/><F132/><W19/><G19/><T8/><D23/><U68/><E97/><V1/><F17/><W10/><G10/><T94/><D8/><U135/><E135/><V120/><F11/><W100/><G100/><T49/><D65/><U102/><E66/><V2/><F120/><RYUUKYOKU ba="4,1" sc="235,-10,235,-10,400,-10,120,30" hai3="22,30,33,35,56,60,67,79,80,86,92,98,103" /><INIT seed="3,5,1,5,2,65" ten="225,225,390,150" oya="3" hai0="105,48,83,14,58,70,18,86,57,116,4,5,114" hai1="91,25,126,107,59,93,89,49,23,6,76,29,130" hai2="122,27,120,128,111,19,113,72,129,100,45,96,37" hai3="118,64,103,55,44,94,3,66,102,87,90,84,121"/><W53/><G118/><T95/><D70/><U112/><E107/><V35/><F111/><W30/><G121/><T74/><D105/><U98/><E112/><V9/><F72/><W62/><G3/><T12/><D116/><U7/><E126/><V46/><F46/><W61/><G30/><T79/><D114/><U97/><E130/><N who="2" m="50283" /><F9/><W104/><G104/><T11/><D4/><U60/><E76/><V73/><F73/><W109/><G109/><T31/><D31/><U0/><E49/><V34/><F34/><W54/><G44/><T33/><D33/><U80/><E0/><V40/><F113/><W99/><G87/><T101/><D48/><U36/><E36/><V85/><F85/><W127/><G127/><T32/><D32/><U135/><E135/><V1/><F1/><W63/><REACH who="3" step="1"/><G84/><REACH who="3" ten="225,225,390,140" step="2"/><T43/><D74/><U38/><E29/><V123/><F45/><W16/><G16/><T42/><D42/><U132/><E132/><V69/><F19/><W78/><G78/><T20/><D43/><U47/><E47/><V8/><F40/><W115/><G115/><T22/><D79/><U13/><E6/><V106/><F123/><W24/><G24/><T81/><D86/><N who="1" m="50375" /><E7/><V52/><F27/><W39/><G39/><T68/><D5/><U92/><E38/><V15/><F37/><W131/><G131/><T82/><D82/><U133/><E133/><V41/><F122/><W125/><G125/><T56/><D81/><U2/><E2/><V117/><F120/><W26/><G26/><T28/><D83/><U108/><E25/><V119/><F106/><RYUUKYOKU ba="5,2" sc="225,-10,225,-10,390,-10,140,30" hai3="53,54,55,61,62,63,64,66,90,94,99,102,103" /><INIT seed="3,6,2,2,0,114" ten="215,215,380,170" oya="3" hai0="80,5,28,13,128,134,65,21,109,69,87,7,132" hai1="92,111,14,38,100,67,131,119,74,115,1,85,11" hai2="57,61,23,44,55,39,58,104,130,43,35,40,133" hai3="10,18,24,47,51,126,37,2,125,79,45,25,12"/><W20/><G79/><N who="0" m="46495" /><D109/><U124/><E115/><V129/><F35/><W83/><G83/><T127/><D127/><N who="3" m="48649" /><G37/><T77/><D77/><U29/><E74/><V19/><F104/><W49/><G2/><T90/><D90/><U63/><E1/><V50/><F133/><N who="0" m="51306" /><D128/><U46/><E131/><V54/><F43/><N who="3" m="24767" /><G10/><T113/><D113/><U27/><E11/><V41/><F41/><AGARI ba="6,2" hai="12,18,20,24,25,41,47,51" m="24767,48649" machi="41" ten="30,1500,0" yaku="18,1" doraHai="114" who="3" fromWho="2" sc="215,0,215,0,380,-33,170,53" /><INIT seed="3,7,0,3,0,23" ten="215,215,347,223" oya="3" hai0="94,133,32,127,99,124,4,52,105,70,56,97,38" hai1="98,81,69,116,78,80,63,45,58,2,16,5,7" hai2="33,84,51,20,39,74,131,113,27,28,44,106,48" hai3="104,34,129,101,120,37,1,12,40,18,41,35,123"/><W126/><G1/><T93/><D70/><U22/><E69/><V85/><F74/><W6/><G6/><N who="1" m="2058" /><E2/><V107/><F39/><W24/><G126/><N who="0" m="48171" /><D133/><U68/><E68/><V3/><F85/><W50/><G129/><T92/><D32/><U86/><E116/><V130/><F51/><W108/><G37/><T60/><D38/><U89/><E45/><V132/><F33/><W75/><G75/><T88/><D4/><U54/><E98/><N who="0" m="37385" /><D105/><U109/><E109/><V77/><F107/><W117/><G117/><T59/><D59/><U26/><E78/><V66/><F77/><W119/><G119/><T8/><D8/><U79/><E79/><V121/><F106/><W90/><G101/><T19/><D19/><U114/><E114/><V82/><F113/><W100/><G100/><T15/><D15/><U61/><E63/><V115/><F115/><W134/><G104/><T11/><D11/><U65/><E65/><V72/><F66/><W13/><G134/><T122/><D122/><U91/><E91/><AGARI ba="7,0" hai="52,56,60,88,91,92,93,94" m="37385,48171" machi="91" ten="40,5200,0" yaku="18,1,54,2" doraHai="23" who="0" fromWho="1" sc="215,73,215,-73,347,0,223,0" owari="288,8.8,142,-35.8,347,44.7,223,-17.7" /></mjloggm>