<mjloggm ver="2.3"><GO type="225" lobby="0"/><UN n0="%6A%79%75%6E%6F%68" n1="%E5%8F%AF%E5%85%90%E9%82%A3%E7%94%B1%E5%A4%9A" n2="%45%6C%79%73%69%75%6D" n3="%54%4F%52" dan="16,17,17,17" rate="2137.07,2142.77,2107.04,2240.96" sx="M,F,F,M"/><TAIKYOKU oya="0"/><INIT seed="0,0,0,1,2,113" ten="250,250,250,250" oya="0" hai0="57,63,130,120,54,95,17,39,117,77,111,3,129" hai1="25,86,71,107,99,15,40,81,124,0,33,79,14" hai2="128,89,18,51,10,60,101,91,68,22,21,94,65" hai3="66,96,52,48,78,9,19,80,90,47,7,122,28"/><T121/><D3/><U69/><E0/><V88/><F128/><N who="0" m="49258" /><D77/><U42/><E124/><V74/><F74/><W46/><G122/><N who="0" m="47211" /><D95/><U97/><E33/><V67/><F67/><W105/><G28/><T123/><D17/><U58/><E25/><V126/><F126/><W11/><G66/><T132/><N who="0" m="47219" /><T100/><DORA hai="125" /><D100/><U102/><E97/><V59/><F101/><W16/><G105/><T118/><D132/><U92/><E107/><V108/><F94/><N who="3" m="56407" /><G7/><T70/><D111/><U127/><E127/><V45/><F108/><W83/><G47/><T104/><D104/><U20/><E92/><V26/><F18/><N who="3" m="6699" /><G78/><T106/><D106/><U73/><E79/><V31/><F31/><W6/><G6/><T8/><D8/><AGARI ba="0,0" hai="8,9,11,46,48,52,80,83" m="6699,56407" machi="8" ten="30,3900,0" yaku="8,1,54,2" doraHai="113,125" who="3" fromWho="0" sc="250,-39,250,0,250,0,250,39" /><INIT seed="1,0,0,2,3,119" ten="211,250,250,289" oya="1" hai0="28,42,96,43,78,64,117,53,37,109,99,86,131" hai1="16,129,120,29,9,40,11,60,17,69,1,62,130" hai2="25,81,45,38,73,76,95,135,91,21,126,113,68" hai3="51,31,6,34,132,116,123,133,121,15,0,71,3"/><U7/><E40/><V124/><F135/><N who="3" m="51787" /><G71/><T61/><D109/><U100/><E100/><V48/><F38/><W19/><G51/><T87/><D131/><N who="1" m="50187" /><E69/><V75/><F68/><W112/><G112/><T82/><D117/><U54/><E54/><V114/><F73/><W94/><G94/><T127/><D127/><N who="2" m="48682" /><F95/><W12/><G116/><T89/><D64/><U98/><E98/><V18/><F91/><W22/><G12/><T110/><D110/><U46/><E46/><V26/><F26/><N who="3" m="18807" /><G6/><T102/><D28/><U50/><E50/><V115/><F115/><W106/><G106/><T105/><D99/><U77/><E77/><V128/><F128/><W24/><G15/><T35/><D35/><U44/><E44/><V72/><F72/><W13/><G13/><T74/><D37/><U90/><E29/><V67/><F67/><W8/><G8/><T41/><D89/><U56/><E90/><V65/><F65/><W14/><G14/><T108/><D108/><U66/><E11/><V63/><F63/><W49/><G49/><T118/><D118/><U125/><E125/><V20/><F20/><W88/><G88/><T103/><D103/><U104/><E104/><V93/><F93/><W107/><G107/><T111/><D111/><U4/><E4/><V83/><F83/><W97/><G97/><T33/><D33/><U39/><E39/><V10/><F10/><W101/><G101/><T2/><D2/><AGARI ba="0,0" hai="0,2,3,19,22,24,121,123" m="18807,51787" machi="2" ten="30,8000,1" yaku="20,1,34,2,52,2" doraHai="119" who="3" fromWho="0" sc="211,-80,250,0,250,0,289,80" /><INIT seed="2,0,0,3,4,132" ten="131,250,250,369" oya="2" hai0="106,45,14,38,86,133,25,67,66,99,100,94,3" hai1="59,129,58,77,31,74,51,52,48,125,57,117,42" hai2="113,78,56,90,101,89,128,120,102,64,44,10,112" hai3="50,69,1,104,65,70,28,115,87,134,40,43,93"/><V103/><F120/><W119/><G104/><T107/><D133/><U121/><E31/><V62/><F128/><W97/><G1/><T24/><D3/><U15/><E74/><V55/><F78/><W85/><G119/><T23/><D14/><U34/><E34/><V127/><F127/><W110/><G134/><T60/><D25/><U9/><E77/><V16/><F112/><W6/><G6/><T61/><D38/><U53/><E117/><V95/><F113/><W54/><G28/><T26/><D45/><U21/><E129/><V71/><F44/><W13/><G115/><T29/><D86/><U72/><E72/><V36/><F36/><W20/><G69/><T83/><D83/><U88/><E121/><V98/><F90/><W114/><G65/><T7/><D7/><U122/><E122/><V131/><F131/><W105/><G105/><T126/><D24/><U35/><E35/><V79/><F79/><W63/><G63/><T41/><D41/><U4/><E42/><V73/><F73/><W12/><G70/><T124/><D60/><U33/><E33/><V109/><F109/><W76/><G110/><T11/><D11/><U2/><E88/><V81/><F81/><N who="3" m="47271" /><G87/><T19/><D19/><N who="1" m="10495" /><E59/><V68/><F64/><N who="0" m="24618" /><D61/><U84/><E84/><V75/><F75/><W30/><G43/><T47/><D47/><U46/><E46/><V80/><F80/><W8/><G40/><T49/><D49/><U37/><E37/><V0/><F0/><W130/><G130/><T82/><D82/><U39/><E39/><V118/><F118/><W116/><G116/><RYUUKYOKU ba="0,0" sc="131,10,250,10,250,10,369,-30" hai0="23,26,29,94,99,100,106,107,124,126" hai1="2,4,9,48,51,52,53,57,58,125" hai2="10,16,55,56,62,68,71,89,95,98,101,102,103" /><INIT seed="2,1,0,1,1,104" ten="141,260,260,339" oya="2" hai0="111,90,124,54,48,59,33,135,0,127,82,4,95" hai1="84,85,62,10,51,13,68,81,130,106,77,103,42" hai2="36,112,120,93,79,75,108,105,12,115,46,86,114" hai3="45,37,29,71,56,70,98,22,53,3,16,128,125"/><V66/><F66/><W14/><G3/><T39/><D33/><U1/><E130/><V131/><F46/><W118/><G118/><T52/><D111/><U18/><E1/><V87/><F12/><W49/><G128/><T11/><D135/><U60/><E68/><V17/><F17/><W72/><G72/><T35/><D35/><U26/><E106/><V117/><F36/><W129/><G129/><T21/><D39/><U19/><E103/><V113/><F131/><W25/><G125/><T88/><D54/><U50/><E85/><V7/><F7/><W109/><G109/><T9/><D9/><U126/><E126/><V78/><F108/><W40/><REACH who="3" step="1"/><G98/><REACH who="3" ten="141,260,260,329" step="2"/><T122/><D122/><U58/><E42/><V67/><F117/><W101/><G101/><T38/><D38/><U73/><E73/><V92/><F120/><W116/><G116/><T69/><D69/><U110/><E110/><V15/><F75/><W97/><G97/><T83/><D127/><U23/><REACH who="1" step="1"/><E62/><REACH who="1" ten="141,250,260,329" step="2"/><V63/><F63/><W44/><G44/><T20/><D124/><U99/><E99/><V132/><F114/><W121/><G121/><T76/><D0/><U64/><AGARI ba="1,2" hai="10,13,18,19,23,26,50,51,58,60,64,77,81,84" machi="64" ten="20,5200,0" yaku="1,1,0,1,7,1,8,1,53,0" doraHai="104" doraHaiUra="102" who="1" fromWho="1" sc="141,-14,250,75,260,-27,329,-14" /><INIT seed="3,0,0,4,4,100" ten="127,325,233,315" oya="3" hai0="45,121,0,18,127,110,35,5,3,14,40,79,28" hai1="27,7,85,1,22,90,134,135,109,69,42,44,77" hai2="19,128,113,32,111,114,53,117,88,31,98,2,122" hai3="82,102,63,30,48,61,93,64,107,71,84,26,47"/><W62/><G107/><T101/><D79/><U66/><E109/><V118/><F2/><W129/><G129/><T74/><D101/><U13/><E1/><V67/><F67/><W131/><G131/><T24/><D74/><U78/><E69/><V39/><F39/><W125/><G125/><T92/><D92/><N who="1" m="54351" /><E66/><V123/><F128/><W94/><G71/><T8/><D110/><U20/><E7/><V119/><F19/><W23/><G64/><T29/><D127/><U80/><E13/><V50/><F31/><W57/><G57/><T36/><D29/><N who="1" m="17639" /><E22/><V49/><F32/><W38/><G38/><T65/><D65/><U87/><E87/><V106/><F111/><W4/><G4/><T60/><D60/><U37/><E80/><V10/><F10/><W91/><G102/><T99/><D99/><U83/><E83/><V52/><F118/><W72/><G72/><T59/><D59/><U116/><E116/><V11/><F11/><W16/><G30/><T21/><REACH who="0" step="1"/><D0/><REACH who="0" ten="117,325,233,315" step="2"/><U105/><E105/><V81/><F98/><W96/><G96/><T17/><D17/><U133/><AGARI ba="0,1" hai="37,42,44,77,78,133,134,135" m="17639,54351" machi="133" ten="30,1100,0" yaku="20,1" doraHai="100" who="1" fromWho="1" sc="117,-3,325,21,233,-3,315,-5" owari="114,-38.6,346,44.6,230,-17.0,310,11.0" /></mjloggm>