<mjloggm ver="2.3"><GO type="225" lobby="0"/><UN n0="%E3%81%8B%E3%82%8F%E3%81%A1%E3%82%83%E3%82%93%35%38" n1="%E8%B6%85%E7%B4%9A%E9%B3%B3%E5%87%B0" n2="%E7%B5%82%E6%9C%AB%E3%81%AE%E6%95%91%E3%81%84" n3="%E3%81%B5%E3%81%98%E3%81%8B%E3%81%A4" dan="16,16,16,16" rate="2128.61,2172.43,2096.59,2094.01" sx="M,M,F,M"/><TAIKYOKU oya="0"/><INIT seed="0,0,0,2,1,72" ten="250,250,250,250" oya="0" hai0="53,47,133,48,90,100,135,59,104,21,13,73,9" hai1="91,118,128,29,61,15,129,108,134,27,76,52,24" hai2="62,89,106,130,17,78,56,6,77,132,4,99,22" hai3="126,85,71,80,44,84,88,11,36,131,50,25,0"/><T127/><D127/><U92/><E118/><V123/><F123/><W110/><G126/><T82/><D104/><U35/><E108/><V26/><F130/><N who="1" m="50281" /><E134/><N who="0" m="51209" /><D100/><U32/><E15/><V121/><F121/><W114/><G131/><T41/><D21/><N who="1" m="15503" /><E27/><V23/><F132/><W46/><G110/><T38/><D90/><U34/><E76/><N who="2" m="29291" /><F23/><W66/><G0/><T31/><D31/><U18/><E18/><V43/><F43/><W54/><G114/><T65/><D82/><U83/><E83/><V107/><F107/><W122/><G122/><T30/><D30/><U57/><E35/><V101/><F106/><W103/><G36/><T125/><D125/><U117/><E117/><V64/><F101/><W102/><G103/><T69/><D73/><U45/><E45/><V87/><F99/><AGARI ba="0,0" hai="32,34,52,57,61,91,92,99" m="15503,50281" machi="99" ten="30,2000,0" yaku="19,1,54,1" doraHai="72" who="1" fromWho="2" sc="250,0,250,20,250,-20,250,0" /><INIT seed="1,0,0,0,1,80" ten="250,270,230,250" oya="1" hai0="34,46,98,11,103,49,37,78,70,51,47,87,113" hai1="13,131,73,68,105,29,122,41,53,48,86,67,72" hai2="88,23,115,36,107,25,45,1,16,135,58,4,118" hai3="79,112,106,56,18,129,61,44,82,27,76,71,21"/><U9/><E122/><V64/><F118/><W63/><G112/><T127/><D70/><U85/><E105/><V24/><F107/><W40/><G106/><T133/><D34/><U26/><E131/><V94/><F135/><W90/><G129/><T35/><D35/><U104/><E104/><V30/><F115/><W96/><G71/><T17/><D37/><U119/><E119/><V110/><F110/><W20/><G20/><T52/><D113/><U116/><E116/><V59/><F1/><W75/><G79/><T60/><D60/><U89/><E41/><V22/><F4/><W108/><G56/><T81/><D127/><U31/><E67/><V121/><F121/><W66/><G66/><T33/><D33/><U0/><E0/><V99/><REACH who="2" step="1"/><F64/><REACH who="2" ten="250,270,220,250" step="2"/><W8/><G108/><T123/><D133/><U14/><E13/><V109/><F109/><W3/><G3/><T2/><D123/><U12/><E14/><V95/><F95/><W83/><G83/><T74/><D2/><U69/><E12/><V91/><F91/><W128/><G90/><T117/><D117/><U111/><E89/><V10/><F10/><W114/><G8/><T39/><D11/><U57/><E111/><V5/><F5/><W19/><G114/><T62/><D81/><U101/><E9/><V32/><F32/><W15/><G128/><T100/><D78/><U50/><E101/><V97/><F97/><W120/><G96/><T125/><D98/><U65/><E69/><V38/><F38/><N who="3" m="21527" /><G120/><T102/><D102/><U54/><E68/><V132/><F132/><W6/><G6/><RYUUKYOKU ba="0,1" sc="250,-15,270,-15,220,15,250,15" hai2="16,22,23,24,25,30,36,45,58,59,88,94,99" hai3="15,18,19,21,27,61,63,75,76,82" /><INIT seed="2,1,1,2,2,68" ten="235,255,235,265" oya="2" hai0="87,0,14,35,113,18,69,13,40,101,73,129,112" hai1="12,52,36,31,2,96,135,6,51,104,65,46,60" hai2="72,78,1,44,38,19,30,117,107,64,93,80,133" hai3="109,25,42,11,39,122,120,45,128,29,43,84,126"/><V59/><F117/><W134/><G126/><T8/><D73/><U81/><E135/><V108/><F107/><W54/><G134/><T21/><D69/><U121/><E121/><V22/><F133/><W23/><G109/><T119/><D101/><U125/><E2/><V114/><F114/><W110/><G110/><T100/><D100/><U131/><E125/><V74/><F108/><W124/><G124/><T111/><D111/><U95/><E36/><V103/><F1/><W66/><G66/><T127/><D127/><U53/><E104/><V61/><F30/><W118/><G118/><T88/><D119/><U98/><E31/><V48/><F38/><W67/><G67/><T91/><D0/><U89/><E81/><V83/><F93/><W85/><G128/><T26/><D129/><U116/><E116/><V9/><F9/><W4/><G43/><T34/><D40/><U15/><E6/><V24/><F103/><W130/><G54/><T106/><D106/><U90/><E53/><V33/><F33/><N who="0" m="12298" /><D91/><U57/><E131/><V71/><F71/><W32/><G32/><T10/><D88/><U97/><REACH who="1" step="1"/><E90/><REACH who="1" ten="235,245,235,265" step="2"/><V75/><F83/><W7/><G7/><N who="0" m="3231" /><D87/><AGARI ba="1,2" hai="12,15,46,51,52,57,60,65,87,89,95,96,97,98" machi="87" ten="40,5200,0" yaku="1,1,8,1,54,1,53,0" doraHai="68" doraHaiUra="28" who="1" fromWho="0" sc="235,-55,245,75,235,0,265,0" /><INIT seed="3,0,0,5,4,20" ten="180,320,235,265" oya="3" hai0="69,10,95,45,80,31,52,9,64,68,97,1,50" hai1="27,127,4,6,94,55,8,51,54,90,103,87,81" hai2="14,5,62,34,96,26,30,11,130,32,71,122,88" hai3="82,3,60,93,114,76,116,38,73,48,100,59,46"/><W128/><G116/><T111/><D111/><U12/><E127/><V18/><F130/><W84/><G38/><T28/><D69/><U92/><E4/><V91/><F122/><W133/><G3/><T57/><D68/><U79/><E27/><V19/><F34/><W125/><G114/><T41/><D64/><U70/><E70/><V124/><F124/><W134/><G125/><T120/><D120/><U101/><E94/><V58/><F71/><W89/><G128/><T83/><D80/><U74/><E55/><V119/><F119/><W13/><G100/><T56/><D83/><U24/><E24/><V123/><F123/><W21/><G13/><T126/><D126/><U33/><E33/><V40/><F40/><W63/><G21/><T131/><D131/><U25/><E25/><V121/><F121/><W7/><G7/><T129/><D129/><U67/><E67/><V112/><F112/><W23/><G23/><T113/><D113/><U104/><E104/><V36/><F36/><W106/><G106/><T110/><D110/><U99/><E74/><V47/><F47/><AGARI ba="0,0" hai="6,8,12,47,51,54,79,81,87,90,92,99,101,103" machi="47" ten="30,2000,0" yaku="7,1,8,1" doraHai="20" who="1" fromWho="2" sc="180,0,320,20,235,-20,265,0" owari="180,-32.0,340,44.0,215,-18.5,265,6.5" /></mjloggm>