<mjloggm ver="2.3"><GO type="225" lobby="0"/><UN n0="%77%72%77%72%77%72%77%72" n1="%E5%B0%8F%E9%B3%A5%E9%81%8A%E7%B7%B4%E7%84%A1%32%31%E6%AD%B3" n2="%E6%B8%A9%E2%98%85%E6%83%85%E2%98%85%E6%8E%AA%E2%98%85%E7%BD%AE" n3="%E3%83%8F%E3%83%B3%E3%83%89%E3%83%A9%E3%83%BC%E3%83%BB%E3%83%AF%E3%83%B3" dan="17,16,17,16" rate="2240.09,2150.78,2247.22,2112.45" sx="M,F,M,M"/><TAIKYOKU oya="0"/><INIT seed="0,0,0,3,4,99" ten="250,250,250,250" oya="0" hai0="135,11,33,110,90,17,15,92,81,55,123,75,108" hai1="121,31,52,84,105,6,86,26,51,69,65,8,94" hai2="4,116,63,61,19,37,129,128,114,88,125,59,107" hai3="89,46,24,122,118,70,119,117,27,106,132,82,112"/><T54/><D123/><U32/><E105/><V38/><F107/><W57/><G70/><T85/><D33/><U7/><E121/><V58/><F4/><W18/><G122/><T50/><D135/><U96/><E6/><V29/><F29/><W111/><G112/><T74/><D54/><U80/><E65/><N who="2" m="39095" /><F19/><W56/><G132/><T25/><D25/><U113/><E69/><V76/><F76/><W126/><G111/><N who="0" m="42539" /><D92/><U13/><E80/><V133/><F133/><W87/><G106/><T68/><D68/><U109/><E113/><V97/><F114/><W0/><G27/><T14/><D15/><U1/><E1/><V72/><F72/><W102/><G0/><T101/><D101/><U127/><E127/><V23/><F125/><W39/><G126/><T49/><D49/><U134/><E134/><V43/><F38/><W131/><G39/><T20/><D20/><N who="1" m="15815" /><E109/><V95/><F23/><W100/><G118/><T77/><D77/><U115/><E32/><V53/><F37/><W60/><G119/><T104/><D104/><U12/><E13/><V124/><F124/><W71/><G117/><T34/><D34/><U67/><E115/><V3/><F3/><W78/><G24/><T120/><D120/><U5/><E67/><V36/><F116/><W22/><G22/><T41/><D41/><U130/><E12/><V47/><F36/><W91/><G78/><T45/><AGARI ba="0,0" hai="11,14,17,45,50,55,74,75,81,85,90" m="42539" machi="45" ten="30,6000,0" yaku="25,1,14,1,10,1" doraHai="99" who="0" fromWho="0" sc="250,60,250,-20,250,-20,250,-20" /><INIT seed="0,1,0,4,4,133" ten="310,230,230,230" oya="0" hai0="34,119,88,115,116,94,31,5,0,4,67,120,81" hai1="12,102,42,1,104,131,29,56,9,23,96,17,107" hai2="25,71,124,3,113,77,50,112,76,15,58,10,27" hai3="30,36,59,18,103,69,41,28,52,11,97,55,132"/><T130/><D115/><U90/><E131/><V106/><F71/><W121/><G69/><T73/><D120/><U7/><E42/><V110/><F106/><W111/><G132/><T91/><D130/><U60/><E90/><V45/><F3/><W129/><G129/><T40/><D67/><U99/><E29/><V48/><F110/><W21/><G111/><T47/><D31/><U35/><E35/><V26/><F113/><W126/><G11/><T92/><D34/><U134/><E134/><V135/><F112/><W86/><G86/><T100/><D100/><U61/><REACH who="1" step="1"/><E56/><REACH who="1" ten="310,220,230,230" step="2"/><V66/><F135/><W79/><G59/><T95/><D91/><U105/><E105/><V64/><F58/><W128/><G128/><T2/><D88/><U117/><E117/><V118/><F118/><W82/><G41/><T109/><D109/><U80/><E80/><V78/><F124/><W72/><G126/><T38/><D119/><U49/><E49/><N who="2" m="19051" /><F45/><W85/><G36/><T43/><D116/><U89/><E89/><V70/><F70/><W122/><G122/><T87/><D40/><U53/><E53/><V101/><F101/><AGARI ba="1,1" hai="1,7,9,12,17,23,60,61,96,99,101,102,104,107" machi="101" ten="40,2600,0" yaku="1,1,9,1,53,0" doraHai="133" doraHaiUra="68" who="1" fromWho="2" sc="310,0,220,39,230,-29,230,0" /><INIT seed="1,0,0,2,3,82" ten="310,259,201,230" oya="1" hai0="11,127,23,95,19,112,97,83,55,15,13,87,115" hai1="10,30,16,103,109,21,57,72,53,119,6,2,100" hai2="69,7,45,64,37,77,134,132,5,28,84,118,48" hai3="41,70,126,92,123,86,20,31,71,27,46,102,114"/><U68/><E68/><V39/><F28/><W78/><G123/><T51/><D127/><U8/><E72/><V49/><F7/><W80/><G114/><T63/><D63/><U22/><E119/><V26/><F26/><W89/><G102/><T3/><D3/><U79/><E79/><V120/><F5/><W88/><G126/><T66/><D66/><U1/><E109/><V117/><F77/><W125/><G125/><T60/><D60/><U107/><E30/><V67/><F84/><W65/><G65/><N who="2" m="25161" /><F69/><W121/><G89/><T81/><D115/><U113/><E113/><V54/><F120/><W106/><G106/><T47/><D112/><U111/><E111/><V99/><F99/><W74/><REACH who="3" step="1"/><G121/><REACH who="3" ten="310,259,201,220" step="2"/><T43/><D97/><U33/><E107/><V34/><F34/><W12/><G12/><T75/><D13/><N who="1" m="7207" /><E33/><V91/><F91/><W73/><G73/><T44/><D75/><U90/><E1/><V105/><F105/><W56/><G56/><T24/><D15/><N who="1" m="5591" /><E90/><V93/><F118/><W133/><G133/><N who="2" m="51305" /><F117/><W35/><G35/><T122/><D122/><U131/><E2/><V61/><F93/><W110/><G110/><T98/><D95/><U62/><E131/><V25/><F25/><W0/><G0/><T108/><D108/><U32/><E32/><V52/><F61/><W38/><AGARI ba="0,1" hai="20,27,31,38,41,46,70,71,74,78,80,86,88,92" machi="38" ten="20,8000,1" yaku="1,1,0,1,7,1,52,1,54,1,53,0" doraHai="82" doraHaiUra="14" who="3" fromWho="3" sc="310,-20,259,-40,201,-20,220,90" /><INIT seed="2,0,0,2,5,107" ten="290,219,181,310" oya="2" hai0="91,36,86,16,121,0,132,96,46,3,75,14,90" hai1="44,60,120,27,52,25,113,103,124,71,26,111,84" hai2="70,100,110,108,37,21,8,88,38,18,133,94,59" hai3="135,80,114,42,31,32,115,82,55,35,119,105,77"/><V129/><F70/><W134/><G119/><T61/><D121/><U13/><E113/><N who="3" m="43018" /><G105/><T9/><D75/><U5/><E111/><N who="2" m="42539" /><F133/><N who="3" m="50699" /><G42/><T20/><D132/><U72/><E124/><V74/><F129/><W22/><G55/><T109/><D61/><U66/><E103/><V24/><F74/><N who="3" m="43063" /><G82/><T76/><D36/><U15/><E72/><V28/><F100/><W54/><G54/><T106/><D106/><U12/><E84/><N who="2" m="52487" /><F59/><W117/><G117/><T89/><D86/><U47/><E120/><V128/><F128/><W92/><G92/><T127/><D109/><U6/><REACH who="1" step="1"/><E52/><REACH who="1" ten="290,209,181,310" step="2"/><V122/><F122/><W95/><G95/><T39/><D96/><U56/><E56/><V126/><F126/><W41/><G41/><T68/><D127/><U11/><E11/><V34/><F8/><W73/><G73/><T50/><D9/><U29/><E29/><V101/><F101/><W97/><G97/><T7/><D68/><U51/><E51/><V130/><F130/><W43/><G43/><T48/><D48/><U17/><E17/><V87/><F87/><W67/><G67/><T1/><D50/><U116/><E116/><V131/><F131/><W85/><G85/><T123/><D123/><U78/><E78/><V4/><F4/><AGARI ba="0,1" hai="4,5,6,12,13,15,25,26,27,44,47,60,66,71" machi="4" ten="40,8000,1" yaku="1,1,53,3" doraHai="107" doraHaiUra="10" who="1" fromWho="2" sc="290,0,209,90,181,-80,310,0" /><INIT seed="3,0,0,2,5,10" ten="290,299,101,310" oya="3" hai0="131,112,11,28,4,100,75,38,119,92,52,14,70" hai1="130,69,83,110,122,129,102,132,105,134,86,58,71" hai2="53,123,45,9,55,87,62,118,23,125,57,21,36" hai3="29,124,113,128,74,101,79,65,82,63,104,93,35"/><W90/><G113/><T43/><D119/><U108/><E58/><V34/><F118/><W27/><G128/><N who="1" m="49258" /><E122/><V25/><F123/><W37/><G37/><T94/><D70/><N who="1" m="26635" /><E102/><V15/><F125/><W22/><G124/><T80/><D112/><U3/><E3/><V85/><F34/><W117/><G117/><T96/><D131/><U59/><E59/><V50/><F36/><W40/><G40/><T116/><D116/><U2/><E2/><V5/><REACH who="2" step="1"/><F23/><REACH who="2" ten="290,299,91,310" step="2"/><W12/><G22/><T73/><D38/><U114/><E114/><V44/><F44/><W20/><G20/><T39/><D39/><U16/><E105/><V54/><F54/><W111/><G104/><T46/><D43/><U106/><E106/><V13/><F13/><W41/><G12/><T33/><D52/><U97/><E110/><V126/><F126/><W133/><G41/><T31/><D46/><U26/><E108/><V7/><F7/><W72/><G111/><T48/><D33/><U42/><E42/><V64/><F64/><W103/><G65/><T32/><D32/><U56/><E56/><V30/><AGARI ba="0,1" hai="5,9,15,21,25,30,45,50,53,55,57,62,85,87" machi="30" ten="20,8000,1" yaku="1,1,0,1,7,1,8,1,52,1,53,0" doraHai="10" doraHaiUra="99" who="2" fromWho="2" sc="290,-20,299,-20,91,90,310,-40" /><INIT seed="4,0,0,5,5,114" ten="270,279,181,270" oya="0" hai0="125,116,128,4,117,21,26,101,19,64,56,6,38" hai1="40,67,58,43,29,115,77,82,34,49,0,51,89" hai2="53,121,78,74,96,98,36,90,32,55,130,61,109" hai3="105,91,60,44,97,92,30,14,48,15,112,22,9"/><T1/><D38/><U103/><E0/><V33/><F36/><W54/><G112/><T120/><D101/><U85/><E103/><V81/><F109/><W3/><G3/><T39/><D39/><U46/><E115/><V24/><F121/><W106/><G60/><T133/><D120/><U71/><E29/><V110/><F110/><W99/><G99/><T73/><D73/><U83/><E34/><V93/><F130/><W50/><G50/><T80/><D1/><U25/><E25/><V119/><F119/><W75/><G75/><T129/><D80/><U102/><E102/><V72/><F72/><W35/><G35/><T5/><D125/><U124/><E124/><V111/><F111/><W100/><G100/><T86/><D86/><U16/><E71/><V126/><F126/><W7/><G30/><T41/><D41/><U79/><E82/><V17/><F98/><W27/><G27/><T18/><D18/><U65/><E16/><V42/><F42/><W23/><REACH who="3" step="1"/><G15/><REACH who="3" ten="270,279,181,260" step="2"/><T84/><D84/><U63/><E67/><V70/><F33/><W131/><G131/><N who="0" m="50251" /><D133/><U87/><E85/><V8/><F32/><W31/><G31/><T94/><D94/><U59/><E40/><V45/><F24/><W127/><G127/><T68/><D68/><U28/><E28/><V52/><F70/><W135/><G135/><T20/><D20/><AGARI ba="0,1" hai="7,9,14,20,22,23,44,48,54,91,92,97,105,106" machi="20" ten="40,1300,0" yaku="1,1,53,0" doraHai="114" doraHaiUra="113" who="3" fromWho="0" sc="270,-13,279,0,181,0,260,23" /><INIT seed="5,0,0,0,5,84" ten="257,279,181,283" oya="1" hai0="43,109,11,121,22,123,120,103,32,8,28,119,61" hai1="49,17,47,25,126,59,5,4,40,92,38,88,74" hai2="122,68,127,118,80,46,133,9,135,12,57,20,0" hai3="50,13,101,98,112,67,117,96,108,95,93,58,132"/><U53/><E74/><V81/><F68/><W129/><G108/><T77/><D109/><U62/><E126/><V26/><F118/><W31/><G112/><T45/><D119/><U52/><E38/><V104/><F104/><W130/><G117/><T37/><D77/><U16/><E53/><V34/><F122/><W55/><G132/><N who="2" m="50761" /><F127/><W128/><G31/><T36/><D32/><U105/><E105/><V114/><F114/><W39/><G39/><T89/><D103/><U82/><E82/><N who="2" m="31851" /><F46/><W14/><G67/><T90/><D61/><U72/><E72/><V33/><F57/><W73/><G73/><T35/><D35/><U21/><E17/><N who="2" m="8335" /><F0/><W19/><G19/><AGARI ba="0,0" hai="19,20,26,33,34" m="8335,31851,50761" machi="19" ten="30,1000,0" yaku="20,1" doraHai="84" who="2" fromWho="3" sc="257,0,279,0,181,10,283,-10" /><INIT seed="6,0,0,5,0,107" ten="257,279,191,273" oya="2" hai0="103,84,29,53,74,27,18,62,108,71,69,5,19" hai1="88,65,1,21,127,81,123,52,6,44,132,31,93" hai2="90,125,98,38,124,87,120,56,0,128,118,135,48" hai3="78,45,96,49,126,36,17,85,105,41,70,42,50"/><V91/><F38/><W75/><G70/><T3/><D74/><U86/><E127/><N who="2" m="48715" /><F0/><W110/><G126/><T4/><D108/><U58/><E132/><V61/><F135/><W134/><G110/><T28/><D103/><U73/><E73/><V122/><F118/><W119/><G119/><T116/><D116/><U40/><E123/><N who="2" m="47147" /><F48/><W64/><G134/><T39/><D39/><U104/><E104/><V12/><F12/><W112/><G50/><T8/><D5/><U32/><E6/><V115/><F115/><W63/><G49/><T117/><D28/><U24/><E1/><V83/><F56/><W79/><G112/><T77/><D71/><U43/><E44/><V113/><F61/><W131/><G63/><T59/><D69/><U92/><E32/><V55/><F55/><W72/><G36/><T46/><D117/><U60/><REACH who="1" step="1"/><E52/><REACH who="1" ten="257,269,191,273" step="2"/><V33/><F33/><W99/><G45/><T9/><D46/><U102/><E102/><V97/><F113/><W11/><G105/><T106/><D106/><U16/><E16/><V35/><F35/><W22/><G17/><T100/><D100/><U66/><E66/><V37/><F37/><W23/><G64/><T47/><D47/><U121/><E121/><V111/><F111/><W67/><G67/><T68/><D19/><U82/><E82/><N who="2" m="49527" /><F128/><W34/><G131/><T15/><D53/><U25/><E25/><V101/><F101/><W133/><G34/><N who="0" m="20799" /><D59/><U10/><E10/><V94/><F83/><W13/><G11/><T89/><D8/><U2/><E2/><V95/><F95/><AGARI ba="0,1" hai="21,24,31,40,43,58,60,65,81,86,88,92,93,95" machi="95" ten="40,5200,0" yaku="1,1,8,1,54,1,53,0" doraHai="107" doraHaiUra="7" who="1" fromWho="2" sc="257,0,269,62,191,-52,273,0" owari="257,-14.3,331,43.1,139,-36.1,273,7.3" /></mjloggm>