<mjloggm ver="2.3"><GO type="225" lobby="0"/><UN n0="%E7%99%BD%E5%92%B2%E8%8A%B1%E3%81%A1%E3%82%83%E3%82%93" n1="%47%68%6F%73%74%55%30" n2="%28%EF%BF%A3%E2%96%BD%EF%BF%A3%29%CE%B4%E2%8C%92%E3%83%BB" n3="%E4%BA%BA%E9%96%93%E3%83%81%E3%83%A3%E3%83%BC%E3%83%8F%E3%83%B3" dan="16,17,16,16" rate="2072.95,2141.07,2087.55,2156.06" sx="F,M,M,M"/><TAIKYOKU oya="0"/><INIT seed="0,0,0,2,0,21" ten="250,250,250,250" oya="0" hai0="39,104,9,102,82,79,52,42,109,84,117,2,108" hai1="123,99,7,101,30,88,122,98,67,111,132,18,100" hai2="12,4,35,69,46,14,80,45,97,93,68,6,135" hai3="0,106,47,5,28,71,49,17,120,96,85,15,60"/><T56/><D117/><U40/><E7/><V16/><F35/><W115/><G115/><T133/><D133/><U25/><E132/><V113/><F135/><W20/><G120/><T121/><D121/><U61/><E40/><V87/><F113/><W24/><G85/><T103/><D39/><U125/><E125/><V23/><F69/><W29/><G106/><T107/><D42/><U64/><E18/><V72/><F68/><W124/><G124/><T55/><D104/><U62/><E111/><N who="0" m="42569" /><D107/><U86/><E122/><V77/><F72/><W3/><G96/><N who="1" m="36906" /><E123/><V70/><F70/><W126/><G126/><T34/><D34/><U116/><E116/><V38/><F38/><W73/><G73/><T36/><D36/><U81/><E64/><V94/><F94/><W92/><G92/><T32/><D32/><U57/><E62/><V59/><F59/><W44/><G28/><T76/><D76/><U105/><E105/><V130/><F130/><W54/><G44/><N who="2" m="17001" /><F14/><W131/><G131/><T53/><D56/><U19/><E30/><V65/><F65/><W22/><REACH who="3" step="1"/><G5/><AGARI ba="0,0" hai="2,5,9,52,53,55,79,82,84,102,103" m="42569" machi="5" ten="30,5800,0" yaku="14,1,10,1,54,1" doraHai="21" who="0" fromWho="3" sc="250,58,250,0,250,0,250,-58" /><INIT seed="0,1,0,0,4,56" ten="308,250,250,192" oya="0" hai0="69,37,17,36,42,53,35,73,131,75,92,114,110" hai1="52,81,28,125,89,71,14,43,33,49,95,58,45" hai2="134,91,68,82,63,99,24,76,62,40,70,103,123" hai3="55,51,115,122,19,98,83,61,22,50,32,113,18"/><T29/><D114/><U7/><E125/><V108/><F123/><W48/><G32/><T0/><D0/><U130/><E130/><V118/><F91/><W3/><G3/><T87/><D69/><U12/><E71/><V20/><F70/><W121/><G83/><T104/><D104/><U109/><E109/><V101/><F68/><W117/><G98/><T129/><D17/><N who="3" m="6153" /><G22/><T23/><D35/><U21/><E33/><V54/><F108/><W111/><G111/><T13/><D13/><U90/><E81/><V102/><F99/><W74/><G74/><T8/><D110/><U41/><E90/><V93/><F93/><W106/><G106/><T96/><D87/><N who="1" m="52671" /><E7/><V124/><F124/><W64/><G55/><T4/><D53/><U34/><E34/><V27/><F54/><W67/><G117/><T2/><D73/><U65/><E12/><V6/><F6/><W39/><G39/><T86/><D75/><U78/><E14/><V57/><F118/><W38/><G38/><T26/><D86/><U80/><E80/><V94/><F94/><W127/><G127/><T46/><REACH who="0" step="1"/><D37/><REACH who="0" ten="298,250,250,192" step="2"/><U100/><E52/><N who="2" m="34087" /><F40/><W128/><G128/><T5/><D5/><U116/><E43/><V10/><F134/><W66/><G61/><T16/><D16/><U107/><E116/><V85/><F27/><W72/><G72/><T132/><D132/><U31/><E41/><V133/><F133/><W25/><G25/><T15/><D15/><U79/><E107/><V105/><F105/><W30/><G30/><T44/><D44/><U120/><E45/><V88/><F63/><RYUUKYOKU ba="1,1" sc="298,15,250,-15,250,-15,192,15" hai0="2,4,8,23,26,29,36,42,46,92,96,129,131" hai3="48,50,51,64,66,67,113,115,121,122" /><INIT seed="0,2,1,0,5,59" ten="313,235,235,207" oya="0" hai0="91,109,61,18,38,1,111,4,49,128,52,119,2" hai1="32,17,67,96,90,135,89,16,37,124,53,33,28" hai2="14,122,73,3,58,12,76,130,98,0,107,46,42" hai3="112,86,50,123,13,43,39,36,100,80,126,45,20"/><T117/><D128/><U125/><E37/><V60/><F130/><W95/><G112/><T56/><D38/><U115/><E115/><V62/><F122/><W40/><G126/><N who="1" m="48746" /><E135/><V23/><F58/><W81/><G123/><T108/><D18/><N who="1" m="7275" /><E53/><V57/><F23/><W92/><G43/><T99/><D49/><U84/><E28/><V113/><F113/><W26/><G13/><T102/><D91/><N who="1" m="34827" /><E84/><V35/><F57/><W103/><G39/><T85/><D85/><U47/><E47/><V72/><F46/><W70/><G36/><T127/><D127/><U78/><E78/><V65/><F76/><W22/><G86/><T19/><D19/><U93/><E67/><V31/><F31/><W9/><G45/><T87/><D87/><U79/><E79/><V44/><F44/><W88/><G88/><AGARI ba="2,1" hai="32,33,88,93,96" m="34827,7275,48746" machi="88" ten="30,3900,0" yaku="18,1,54,2" doraHai="59" who="1" fromWho="3" sc="313,0,235,55,235,0,207,-45" /><INIT seed="1,0,0,2,2,44" ten="313,290,235,162" oya="1" hai0="93,70,24,58,97,107,50,83,98,65,63,106,67" hai1="13,94,76,119,124,38,101,90,84,2,10,64,134" hai2="113,135,25,110,5,85,18,104,114,74,60,23,35" hai3="42,1,121,92,116,96,126,75,21,55,31,40,86"/><U62/><E119/><V39/><F74/><W112/><G121/><T45/><D83/><U54/><E38/><V73/><F73/><W91/><G112/><T52/><D24/><U129/><E129/><V11/><F39/><W123/><G123/><T118/><D118/><U8/><E134/><V53/><F104/><W77/><G116/><T4/><D4/><U111/><E2/><N who="2" m="439" /><F85/><W80/><G126/><T117/><D117/><U20/><E124/><V105/><F53/><W6/><G55/><T17/><D17/><N who="1" m="10287" /><E64/><V100/><F60/><W27/><REACH who="3" step="1"/><G75/><REACH who="3" ten="313,290,235,152" step="2"/><T51/><D67/><U19/><E54/><V68/><F113/><W69/><G69/><T88/><D98/><U125/><E125/><V131/><F114/><W72/><G72/><T46/><D70/><U132/><E132/><V3/><F68/><W30/><G30/><T56/><D45/><U48/><E84/><V16/><F135/><W95/><G95/><T81/><D81/><U41/><E94/><V115/><F115/><W26/><G26/><T43/><AGARI ba="0,1" hai="43,46,50,51,52,56,58,63,65,88,93,97,106,107" machi="43" ten="20,12000,2" yaku="0,1,7,1,52,2,54,2" doraHai="44" who="0" fromWho="0" sc="313,130,290,-60,235,-30,152,-30" /><INIT seed="2,0,0,2,1,63" ten="443,230,205,122" oya="2" hai0="9,77,15,121,71,116,133,31,14,97,5,51,123" hai1="47,95,2,37,73,29,67,65,50,48,122,60,3" hai2="82,39,68,90,49,72,127,112,7,107,70,125,52" hai3="34,99,76,32,57,93,66,98,110,1,59,25,35"/><V103/><F39/><W40/><G1/><T109/><D77/><U11/><E73/><V87/><F112/><W120/><G120/><T8/><D71/><U126/><E122/><V19/><F72/><W17/><G110/><T45/><D116/><U22/><E37/><V12/><F7/><W92/><G40/><T88/><D109/><U79/><E79/><V83/><F83/><W21/><G76/><T30/><D133/><U27/><E126/><N who="2" m="48139" /><F103/><W4/><G4/><N who="0" m="3335" /><D123/><U20/><E3/><V62/><F62/><W18/><G34/><T46/><D121/><U111/><E60/><V6/><F6/><W56/><G56/><T105/><D105/><U86/><E2/><V61/><F61/><W114/><G21/><T44/><D51/><U81/><E48/><V38/><F107/><W42/><G42/><T134/><D134/><U89/><E111/><V128/><F128/><W24/><REACH who="3" step="1"/><G114/><REACH who="3" ten="443,230,205,112" step="2"/><T119/><D119/><U55/><E22/><N who="2" m="11623" /><F38/><W132/><G132/><T43/><D43/><U74/><E74/><V36/><F36/><W94/><G94/><AGARI ba="0,1" hai="5,9,15,30,31,44,45,46,88,94,97" m="3335" machi="94" ten="30,2000,0" yaku="8,1,54,1" doraHai="63" who="0" fromWho="3" sc="443,30,230,0,205,0,112,-20" /><INIT seed="3,0,0,1,1,49" ten="473,230,205,92" oya="3" hai0="91,132,30,131,28,41,50,86,52,45,61,53,46" hai1="129,98,127,1,65,4,8,75,66,113,120,112,21" hai2="14,36,74,90,117,88,110,121,43,73,39,15,22" hai3="64,83,67,78,6,62,93,118,124,87,95,54,80"/><W26/><G124/><T71/><D131/><U12/><E120/><V32/><F22/><W42/><G118/><T47/><D132/><U44/><E75/><V56/><F56/><N who="3" m="35095" /><G42/><T11/><D11/><U25/><E127/><V10/><F43/><W101/><G6/><T24/><D24/><U72/><E72/><V109/><F10/><W108/><G108/><T81/><D71/><U69/><E129/><V102/><F102/><W17/><G83/><T19/><D19/><U38/><E1/><V33/><F121/><W135/><G135/><T82/><D82/><U123/><E123/><V89/><F89/><W94/><G101/><T27/><D30/><U5/><E69/><V130/><F130/><W107/><G107/><T76/><D76/><U96/><E4/><V134/><F134/><W37/><G37/><T20/><D61/><U126/><E38/><V70/><F70/><W9/><G9/><T0/><D0/><U58/><E126/><V119/><AGARI ba="0,0" hai="14,15,32,33,36,39,73,74,88,90,109,110,117,119" machi="119" ten="25,6400,0" yaku="0,1,22,2,54,1" doraHai="49" who="2" fromWho="2" sc="473,-16,230,-16,205,64,92,-32" owari="457,55.7,214,-18.6,269,6.9,60,-44.0" /></mjloggm>