<mjloggm ver="2.3"><GO type="225" lobby="0"/><UN n0="%E6%81%A5%E6%99%92%E3%81%97" n1="%6D%75%75%73%61%6E%6D%75" n2="%E3%83%81%E3%83%AF%E3%83%AF%E9%9A%8A%E9%95%B7" n3="%E7%89%B9%E6%9D%B1%E3%81%AF%E4%B8%96%E7%95%8C%E3%82%92%E6%95%91%E3%81%86" dan="16,17,16,16" rate="2158.53,2167.83,2124.29,2116.51" sx="M,F,M,M"/><TAIKYOKU oya="0"/><INIT seed="0,0,0,4,3,36" ten="250,250,250,250" oya="0" hai0="94,68,42,43,97,38,81,66,10,20,22,74,79" hai1="131,76,112,60,121,25,7,73,29,100,67,108,5" hai2="58,111,93,40,107,122,45,99,26,54,59,48,24" hai3="69,127,92,15,17,12,34,19,116,1,55,37,51"/><T90/><D10/><U47/><E121/><V23/><F122/><W75/><G116/><T113/><D113/><U123/><E123/><V52/><F107/><W32/><G75/><T27/><D38/><U114/><E108/><V87/><F111/><W71/><G1/><T84/><D74/><U86/><E73/><V46/><F87/><W57/><G127/><T35/><D35/><U118/><E100/><V91/><F26/><W33/><G37/><T49/><D49/><U135/><E47/><V13/><F13/><W106/><G106/><T72/><D72/><U124/><E118/><V0/><F0/><W83/><G83/><T132/><D132/><U98/><E124/><V53/><REACH who="2" step="1"/><F46/><REACH who="2" ten="250,250,240,250" step="2"/><W77/><G77/><T82/><D81/><N who="1" m="47399" /><E135/><V89/><F89/><W133/><G133/><T63/><D22/><N who="1" m="15543" /><E98/><V134/><F134/><W4/><G33/><T16/><AGARI ba="0,1" hai="16,20,27,42,43,63,66,68,79,82,84,90,94,97" machi="16" ten="20,12000,1" yaku="0,1,7,1,52,2,54,1" doraHai="36" who="0" fromWho="0" sc="250,130,250,-40,240,-40,250,-40" /><INIT seed="0,1,0,5,5,95" ten="380,210,200,210" oya="0" hai0="14,93,50,104,53,18,63,67,80,65,100,51,66" hai1="121,74,77,109,90,23,131,52,57,116,20,78,69" hai2="1,0,29,38,119,103,79,94,8,88,71,98,92" hai3="5,28,40,133,107,10,13,44,11,45,26,84,2"/><T83/><D104/><U54/><E116/><V135/><F38/><W3/><G133/><T72/><D72/><U24/><E69/><V70/><F135/><W33/><G107/><T114/><D63/><U85/><E121/><V117/><F79/><W64/><G64/><T82/><D53/><U130/><E109/><V89/><F29/><W56/><G56/><T118/><D114/><U68/><E68/><V73/><F73/><W58/><G58/><T22/><D118/><N who="2" m="45066" /><F103/><W120/><G120/><T127/><D127/><U124/><E124/><V96/><F0/><W31/><G31/><T39/><D39/><U17/><E74/><V15/><F1/><W76/><G40/><T108/><D108/><U91/><E23/><V128/><F128/><N who="1" m="49193" /><E91/><V115/><F115/><W99/><G99/><AGARI ba="1,0" hai="14,18,22,50,51,65,66,67,80,82,83,93,99,100" machi="99" ten="40,3900,0" yaku="8,1,52,1" doraHai="95" who="0" fromWho="3" sc="380,42,210,0,200,0,210,-42" /><INIT seed="0,2,0,2,1,73" ten="422,210,200,168" oya="0" hai0="100,60,3,99,109,90,12,39,31,127,96,117,97" hai1="26,33,123,110,134,6,121,105,61,54,44,79,88" hai2="45,112,120,14,107,65,66,13,119,34,24,94,102" hai3="58,10,135,72,47,7,5,57,41,42,27,11,67"/><T38/><D3/><U17/><E105/><V37/><F120/><W30/><G72/><T18/><D31/><U85/><E110/><V62/><F112/><W16/><G135/><T70/><D117/><U91/><E134/><V23/><F119/><W115/><G115/><T4/><D4/><U2/><E2/><V15/><F107/><W36/><G42/><T132/><D127/><U122/><E6/><V64/><F34/><W46/><G46/><T84/><D109/><U1/><E1/><V48/><F37/><W68/><G68/><T86/><D86/><U80/><E61/><V104/><F104/><W51/><G11/><T103/><D39/><U55/><E55/><V111/><F111/><W63/><G57/><T77/><D70/><U87/><E87/><V56/><F102/><W108/><G36/><T19/><D60/><U35/><E17/><V78/><F94/><W131/><G131/><T95/><D38/><U82/><E82/><V101/><F101/><N who="0" m="38986" /><D19/><U21/><E21/><V49/><F49/><W124/><G124/><T106/><D106/><U29/><REACH who="1" step="1"/><E35/><REACH who="1" ten="422,200,200,168" step="2"/><V98/><F62/><W69/><G108/><T114/><D132/><U50/><AGARI ba="2,1" hai="26,29,33,44,50,54,79,80,85,88,91,121,122,123" machi="50" ten="40,12000,2" yaku="1,1,2,1,0,1,52,1,54,1,53,1" doraHai="73" doraHaiUra="43" who="1" fromWho="1" sc="422,-62,200,136,200,-32,168,-32" /><INIT seed="1,0,0,1,2,78" ten="360,336,168,136" oya="1" hai0="25,5,3,103,15,49,57,122,133,53,83,92,65" hai1="79,0,30,28,19,66,102,82,54,117,74,60,32" hai2="85,39,87,21,98,113,41,127,100,121,68,125,110" hai3="95,29,111,35,34,26,23,120,118,56,22,18,55"/><U61/><E117/><V86/><F121/><W114/><G111/><T52/><D133/><U71/><E0/><V38/><F68/><W36/><G114/><T63/><D3/><U107/><E19/><V8/><F110/><W12/><G120/><T37/><D37/><U42/><E42/><V94/><F113/><W16/><G118/><T58/><D122/><U124/><E124/><N who="2" m="47691" /><F41/><W1/><G1/><T31/><D65/><U123/><E123/><V109/><F109/><W128/><G128/><T73/><D15/><U44/><E32/><V93/><F8/><W9/><G95/><N who="2" m="36361" /><F21/><W2/><G36/><N who="2" m="13865" /><F98/><W6/><REACH who="3" step="1"/><G29/><REACH who="3" ten="360,336,168,126" step="2"/><T14/><D92/><U88/><E30/><V72/><F100/><W69/><G69/><T89/><D103/><U101/><E28/><V112/><F112/><W119/><G119/><T135/><D31/><U104/><E102/><V17/><F17/><W7/><G7/><T70/><D5/><U96/><E104/><V116/><F116/><W130/><G130/><T75/><D70/><U67/><E71/><V13/><F13/><W108/><G108/><T48/><D14/><U126/><E126/><V80/><F72/><W50/><AGARI ba="0,1" hai="2,6,9,12,16,18,22,23,26,34,35,50,55,56" machi="50" ten="20,5200,0" yaku="1,1,0,1,7,1,54,1,53,0" doraHai="78" doraHaiUra="84" who="3" fromWho="3" sc="360,-13,336,-26,168,-13,126,62" /><INIT seed="2,0,0,5,5,121" ten="347,310,155,188" oya="2" hai0="48,100,55,52,53,47,120,58,99,24,2,124,85" hai1="111,57,19,97,9,117,33,86,46,12,90,40,81" hai2="29,112,74,122,129,101,23,92,128,93,44,50,4" hai3="1,83,75,89,88,94,16,132,31,118,45,113,125"/><V10/><F122/><W80/><G118/><T25/><D124/><U106/><E117/><V133/><F74/><W61/><G1/><T22/><D2/><U79/><E33/><V34/><F34/><W116/><G116/><T66/><D120/><U77/><E57/><V36/><F36/><W68/><G125/><T103/><D85/><U21/><E111/><V35/><F35/><W59/><G68/><T28/><D24/><U69/><E69/><V119/><F119/><W73/><G31/><T18/><D18/><U115/><E115/><V82/><F112/><W15/><G113/><T135/><D135/><U14/><E106/><V43/><F133/><W13/><G132/><T107/><REACH who="0" step="1"/><D103/><REACH who="0" ten="337,310,155,188" step="2"/><U3/><E3/><V0/><F101/><W6/><G16/><T108/><D108/><U76/><E97/><V114/><F114/><W131/><G75/><T62/><AGARI ba="0,1" hai="22,25,28,47,48,52,53,55,58,62,66,99,100,107" machi="62" ten="30,4000,0" yaku="1,1,0,1,54,1,53,0" doraHai="121" doraHaiUra="65" who="0" fromWho="0" sc="337,50,310,-10,155,-20,188,-10" /><INIT seed="3,0,0,4,2,116" ten="387,300,135,178" oya="3" hai0="36,86,56,102,3,57,78,27,33,110,45,84,47" hai1="50,94,73,49,107,80,101,68,117,0,100,35,15" hai2="76,39,81,108,59,5,93,46,32,85,114,118,120" hai3="6,21,19,14,97,7,65,8,30,87,132,79,106"/><W124/><G132/><T72/><D72/><U131/><E0/><V22/><F118/><W115/><G115/><T64/><D3/><U54/><E117/><V128/><F114/><W23/><G65/><T96/><D110/><U83/><E107/><V82/><F108/><W77/><G124/><T34/><D78/><U31/><E68/><V112/><F112/><W127/><G127/><T135/><D96/><U52/><E131/><V10/><F32/><W48/><G106/><T62/><D102/><U42/><E73/><V38/><F128/><W123/><G97/><T40/><D135/><U12/><E35/><V25/><F93/><W126/><G7/><T41/><D27/><U122/><E94/><V51/><F59/><W67/><G67/><T44/><D44/><U26/><E26/><V11/><F81/><W92/><G30/><T70/><D70/><U88/><E31/><V89/><F89/><W66/><G23/><T133/><D133/><U63/><E122/><V24/><F120/><W90/><G126/><T121/><D121/><U4/><E4/><V53/><F24/><W111/><G14/><T103/><D103/><U74/><E74/><V125/><F11/><W91/><G8/><T60/><D64/><U17/><E17/><V130/><F125/><W29/><G111/><T58/><D33/><U18/><E18/><V9/><F9/><W13/><G19/><T119/><D34/><U16/><E16/><V95/><F130/><W37/><G29/><T134/><D134/><U98/><E98/><V20/><F20/><W99/><G123/><T1/><D1/><RYUUKYOKU ba="0,0" sc="387,0,300,0,135,0,178,0" owari="387,48.7,300,10.0,135,-36.5,178,-22.2" /></mjloggm>