<mjloggm ver="2.3"><GO type="225" lobby="0"/><UN n0="%E3%81%86%E3%81%A9%E3%82%93%E3%81%93" n1="%E7%99%BD%E6%97%A5%E9%9B%AA%E8%8F%9C" n2="%6B%69%72%61%64%6F%6B%69" n3="%72%69%6F%75%63%68%61%6E" dan="16,17,16,16" rate="2162.85,2181.06,2110.97,2181.81" sx="M,M,M,M"/><TAIKYOKU oya="0"/><INIT seed="0,0,0,5,5,132" ten="250,250,250,250" oya="0" hai0="56,29,73,48,117,84,125,8,109,57,127,98,133" hai1="130,44,46,27,70,51,24,55,35,122,126,113,34" hai2="86,93,115,20,82,22,16,63,42,11,81,5,3" hai3="129,116,49,134,128,30,13,135,59,108,32,65,50"/><T112/><D112/><U88/><E122/><V78/><F115/><W102/><G116/><T74/><D117/><U101/><E70/><V18/><F42/><W94/><G108/><T61/><D109/><U4/><E101/><V110/><F110/><W87/><G13/><T80/><D133/><N who="3" m="50697" /><G30/><T103/><D29/><U28/><E113/><V123/><F123/><W45/><G32/><T100/><D8/><U92/><E130/><N who="3" m="50282" /><G87/><T58/><D48/><N who="3" m="18537" /><G45/><T26/><D26/><U60/><E27/><V14/><F82/><W1/><G1/><T36/><D36/><U89/><E24/><V21/><F3/><W77/><G77/><T6/><D6/><U43/><E4/><V90/><REACH who="2" step="1"/><F63/><REACH who="2" ten="250,250,240,250" step="2"/><W31/><G31/><T91/><D61/><U19/><E60/><V107/><F107/><W23/><G23/><T85/><D85/><AGARI ba="0,1" hai="5,11,14,16,18,20,21,22,78,81,85,86,90,93" machi="85" ten="40,5200,0" yaku="1,1,8,1,54,1,53,0" doraHai="132" doraHaiUra="96" who="2" fromWho="0" sc="250,-52,250,0,240,62,250,0" /><INIT seed="1,0,0,4,2,131" ten="198,250,302,250" oya="1" hai0="112,113,81,86,3,119,10,23,76,108,38,117,36" hai1="7,122,107,4,83,0,61,25,56,80,51,91,17" hai2="44,97,60,40,121,55,114,2,111,31,59,19,66" hai3="130,103,53,29,102,132,58,79,54,125,98,89,28"/><U35/><E122/><V9/><F121/><W8/><G132/><T101/><D23/><U20/><E107/><V64/><F31/><W74/><G130/><T96/><D3/><U93/><E35/><V75/><F75/><W70/><G70/><T47/><D10/><U39/><E39/><V69/><F111/><W68/><G68/><T16/><D16/><U120/><E120/><V118/><F118/><N who="0" m="45066" /><D47/><U33/><E33/><V65/><F97/><W43/><G125/><T24/><D24/><U13/><E0/><V106/><F106/><W5/><G43/><T12/><D12/><U41/><E51/><V71/><F19/><W6/><G53/><T48/><D48/><U46/><E46/><V22/><F22/><W14/><G5/><N who="1" m="2122" /><E41/><V115/><F9/><W99/><G74/><T100/><D36/><U82/><E13/><V127/><F127/><W109/><G109/><T105/><D38/><U94/><E91/><V110/><F110/><W135/><G135/><T77/><D108/><U72/><E72/><V129/><F2/><W134/><G134/><T52/><D52/><AGARI ba="0,0" hai="17,20,25,52,56,61,80,82,83,93,94" m="2122" machi="52" ten="30,2900,0" yaku="8,1,54,1" doraHai="131" who="1" fromWho="0" sc="198,-29,250,29,302,0,250,0" /><INIT seed="1,1,0,1,1,93" ten="169,279,302,250" oya="1" hai0="65,115,8,94,41,43,133,44,19,126,64,47,68" hai1="13,119,21,96,102,129,29,38,85,81,110,77,95" hai2="91,36,103,28,3,72,35,24,54,111,27,12,4" hai3="135,125,25,87,132,127,9,57,15,109,114,46,18"/><U40/><E119/><V92/><F72/><W76/><G114/><T117/><D115/><U26/><E129/><V101/><F36/><W108/><G46/><T105/><D105/><U23/><E110/><N who="3" m="42602" /><G57/><T130/><D117/><U89/><E38/><V71/><F71/><W39/><G39/><T48/><D130/><U107/><E40/><V42/><F42/><W74/><G74/><T30/><D133/><N who="3" m="51273" /><G76/><T6/><D126/><N who="3" m="48137" /><G87/><T10/><D68/><U134/><E134/><V106/><F111/><W82/><G25/><T14/><D30/><U99/><REACH who="1" step="1"/><E13/><REACH who="1" ten="169,269,302,250" step="2"/><V56/><F12/><W120/><G82/><T113/><D113/><U51/><E51/><V104/><F24/><W59/><G59/><T50/><REACH who="0" step="1"/><D94/><REACH who="0" ten="159,269,302,250" step="2"/><U33/><AGARI ba="1,2" hai="21,23,26,29,33,77,81,85,89,95,96,99,102,107" machi="33" ten="20,18000,2" yaku="1,1,0,1,7,1,52,2,53,2" doraHai="93" doraHaiUra="16" who="1" fromWho="1" sc="159,-61,269,203,302,-61,250,-61" /><INIT seed="1,2,0,0,0,57" ten="98,472,241,189" oya="1" hai0="117,91,48,84,135,126,2,47,35,31,45,23,110" hai1="112,29,67,37,4,58,11,54,92,114,32,85,78" hai2="102,127,8,77,60,53,34,43,88,72,33,105,19" hai3="83,124,79,10,81,97,70,40,20,61,38,99,76"/><U28/><E37/><V0/><F43/><W74/><G124/><T27/><D117/><U69/><E69/><V100/><F77/><W36/><G20/><T25/><D126/><U39/><E67/><V101/><F72/><W80/><G10/><T75/><D75/><U108/><E39/><N who="3" m="14890" /><G74/><T66/><D110/><U116/><E116/><V3/><F105/><W63/><G40/><T56/><D135/><U30/><E32/><V121/><F121/><W15/><G15/><T94/><D2/><U13/><E108/><V6/><F0/><W73/><G70/><T14/><D27/><U17/><E4/><V118/><F118/><W130/><G73/><T12/><D35/><U115/><E92/><V1/><F1/><W96/><G130/><T98/><D45/><U128/><E128/><V71/><F127/><W52/><G52/><T103/><D56/><U5/><E5/><V49/><F19/><W87/><G87/><T120/><D66/><U18/><E18/><V104/><F104/><W16/><G16/><T62/><D62/><AGARI ba="2,0" hai="61,62,63,76,79,80,81,83,96,97,99" m="14890" machi="62" ten="40,8000,1" yaku="28,2,52,3" doraHai="57" who="3" fromWho="0" sc="98,-86,472,0,241,0,189,86" /><INIT seed="2,0,0,4,4,107" ten="12,472,241,275" oya="2" hai0="1,129,106,111,64,121,61,12,43,112,119,76,92" hai1="30,55,128,135,41,83,86,15,40,134,8,33,37" hai2="98,57,50,130,29,89,133,28,65,10,45,93,94" hai3="117,48,35,27,67,31,16,14,80,3,13,62,81"/><V78/><F130/><W7/><G117/><T23/><D61/><U60/><E128/><V32/><F32/><W38/><G38/><T5/><D43/><U123/><E123/><V114/><F114/><W120/><G120/><T18/><D64/><U90/><E33/><V79/><F133/><N who="1" m="50697" /><E30/><V105/><F105/><W20/><G13/><T2/><D92/><U52/><E60/><N who="2" m="38031" /><F10/><N who="3" m="2431" /><G48/><T118/><D76/><N who="2" m="29226" /><F93/><W66/><G66/><T17/><D106/><U4/><E37/><V44/><F44/><W125/><G125/><T9/><D129/><U77/><E77/><V47/><F47/><W91/><G91/><T58/><D58/><AGARI ba="0,0" hai="14,16,20,27,31,35,58,62,67,80,81" m="2431" machi="58" ten="30,2000,0" yaku="24,1,54,1" doraHai="107" who="3" fromWho="0" sc="12,-20,472,0,241,0,275,20" owari="-8,-50.8,472,57.2,241,-15.9,295,9.5" /></mjloggm>