<mjloggm ver="2.3"><GO type="225" lobby="0"/><UN n0="%28%EF%BF%A3%E2%96%BD%EF%BF%A3%29%CE%B4%E2%8C%92%E3%83%BB" n1="%73%75%7A%75%6D%65%33" n2="%E3%82%A2%E3%82%A4%E3%82%B9%E3%83%86%E3%82%A3%E3%83%BC%E3%81%82%E3%81%B9" n3="%E3%81%8B%E3%82%8F%E3%81%A1%E3%82%83%E3%82%93%35%38" dan="16,18,16,17" rate="2137.30,2244.18,2072.68,2139.42" sx="M,M,M,M"/><TAIKYOKU oya="0"/><INIT seed="0,0,0,4,5,49" ten="250,250,250,250" oya="0" hai0="37,91,102,78,15,26,119,81,84,2,122,1,121" hai1="42,34,108,8,17,79,107,46,30,115,77,68,125" hai2="73,54,57,12,116,95,64,48,92,38,10,76,36" hai3="109,93,128,21,72,0,82,69,124,118,11,27,62"/><T66/><D37/><U58/><E68/><V31/><F116/><W23/><G118/><T65/><D119/><U134/><E108/><V5/><F31/><W89/><G109/><T117/><D117/><U86/><E107/><V9/><F64/><W126/><G128/><T47/><D102/><U112/><E134/><V56/><F57/><W28/><G69/><T18/><D26/><N who="1" m="18775" /><E86/><V3/><F76/><N who="3" m="44295" /><G62/><T45/><D78/><U67/><E125/><N who="3" m="48234" /><G11/><T35/><D35/><U19/><E8/><V7/><REACH who="2" step="1"/><F73/><REACH who="2" ten="250,250,240,250" step="2"/><W98/><G0/><T29/><D2/><U97/><E79/><V13/><F13/><W120/><G120/><T87/><D1/><U127/><E77/><V70/><F70/><W88/><G89/><T130/><D91/><U25/><E127/><V80/><F80/><W131/><G131/><T132/><D81/><U39/><E67/><V71/><F71/><W33/><AGARI ba="0,1" hai="21,23,27,28,33,88,93,98" m="48234,44295" machi="33" ten="30,2000,0" yaku="18,1,54,1" doraHai="49" who="3" fromWho="3" sc="250,-10,250,-5,240,-5,250,30" /><INIT seed="1,0,0,4,1,33" ten="240,245,235,280" oya="1" hai0="129,89,130,128,80,126,10,35,82,87,73,44,101" hai1="97,23,4,88,70,48,15,77,54,84,91,71,127" hai2="13,72,111,65,67,76,57,121,75,125,11,93,32" hai3="107,18,5,113,74,19,12,62,123,0,37,29,31"/><U49/><E127/><V36/><F111/><W95/><G107/><T21/><D35/><U55/><E71/><V20/><F32/><W41/><G74/><T27/><D126/><U85/><E70/><V94/><F36/><W115/><G41/><T118/><D118/><U14/><E97/><V119/><F119/><W108/><G37/><T66/><D66/><U100/><E77/><V22/><F125/><W78/><G78/><T98/><D44/><U68/><E68/><V52/><F121/><W46/><G46/><T106/><D10/><U122/><E122/><V64/><F76/><W114/><G123/><T63/><D63/><U40/><E40/><V34/><F34/><W25/><G95/><N who="2" m="36361" /><F75/><W124/><G62/><T9/><D9/><U8/><E100/><V104/><F104/><W134/><G124/><T16/><D73/><U117/><E117/><V79/><F79/><W38/><G38/><T135/><REACH who="0" step="1"/><D82/><REACH who="0" ten="230,245,235,280" step="2"/><U120/><E120/><V3/><F72/><W102/><G114/><T61/><D61/><U24/><E8/><V2/><F2/><W53/><G115/><T92/><D92/><U45/><E45/><V86/><F3/><W39/><G0/><T43/><D43/><U28/><E23/><V6/><F86/><W110/><G113/><T99/><D99/><U60/><E60/><AGARI ba="0,1" hai="6,11,13,20,22,52,57,60,64,65,67" m="36361" machi="60" ten="30,2000,0" yaku="8,1,54,1" doraHai="33" who="2" fromWho="1" sc="230,0,245,-20,235,30,280,0" /><INIT seed="2,0,0,2,1,110" ten="230,225,265,280" oya="2" hai0="109,60,6,1,2,35,45,80,11,122,107,61,116" hai1="78,59,76,46,47,134,103,86,19,30,50,16,124" hai2="115,71,98,26,39,99,63,95,135,120,133,79,132" hai3="42,65,43,129,49,40,18,111,20,91,24,85,57"/><V10/><F39/><W64/><G111/><T113/><D109/><U12/><E134/><V97/><F120/><W84/><G129/><T121/><D107/><U92/><E124/><V62/><F79/><N who="1" m="30249" /><E30/><V123/><F123/><W28/><G28/><T8/><D35/><U15/><E59/><V75/><F75/><W56/><G85/><T32/><D32/><U67/><E67/><N who="3" m="25674" /><G49/><T114/><D45/><N who="1" m="16907" /><E50/><V21/><F71/><W66/><N who="3" m="25682" /><W51/><DORA hai="87" /><G51/><T90/><D80/><AGARI ba="0,0" hai="18,20,24,40,42,43,56,57,80,84,91" m="25682" machi="80" ten="40,2600,0" yaku="8,1,52,1" doraHai="110,87" who="3" fromWho="0" sc="230,-26,225,0,265,0,280,26" /><INIT seed="3,0,0,4,1,31" ten="204,225,265,306" oya="3" hai0="67,44,2,3,12,100,33,79,122,88,72,103,128" hai1="118,24,46,133,116,135,130,121,22,26,43,82,78" hai2="45,129,57,109,17,68,58,87,112,110,27,95,83" hai3="107,77,123,5,15,69,131,76,74,1,91,66,125"/><W65/><G1/><T49/><D122/><U23/><E121/><V42/><F68/><W28/><G107/><T34/><D67/><U20/><E130/><V18/><F112/><W134/><G28/><T50/><D12/><U115/><E115/><V114/><F114/><W127/><G91/><T117/><D88/><U51/><E26/><V98/><F129/><W7/><G15/><T37/><D128/><U14/><E24/><V106/><F106/><W54/><G131/><T89/><D89/><U94/><E94/><V13/><F95/><W126/><G123/><T11/><D117/><N who="1" m="45163" /><E14/><V105/><F105/><W55/><G134/><N who="1" m="51210" /><E20/><N who="2" m="13711" /><F98/><W70/><G126/><T71/><D71/><U35/><E35/><N who="0" m="13321" /><D3/><U113/><E113/><V90/><F18/><W6/><G6/><N who="0" m="1495" /><D103/><U97/><E97/><V96/><F96/><W108/><G74/><AGARI ba="0,0" hai="22,23,43,46,51,74,78,82" m="51210,45163" machi="74" ten="30,2000,0" yaku="12,1,20,1" doraHai="31" who="1" fromWho="3" sc="204,0,225,20,265,0,306,-20" /><INIT seed="4,0,0,4,5,9" ten="204,245,265,286" oya="0" hai0="103,68,20,12,80,58,53,124,18,76,78,63,81" hai1="43,99,22,21,130,115,83,23,2,77,30,16,61" hai2="64,7,100,127,90,84,71,50,93,89,24,35,54" hai3="52,45,44,32,26,135,82,91,28,85,47,14,66"/><T70/><D124/><U97/><E2/><V8/><F127/><W112/><G112/><T19/><D103/><U128/><E43/><V17/><F64/><W74/><G66/><T33/><D33/><U133/><E61/><V132/><F71/><W4/><G74/><T60/><D60/><U87/><E133/><V110/><F110/><W120/><G135/><T129/><D129/><N who="1" m="49771" /><E115/><V131/><F132/><W75/><G75/><T92/><D92/><U41/><E41/><V119/><F119/><W51/><REACH who="3" step="1"/><G120/><REACH who="3" ten="204,245,265,276" step="2"/><T105/><D105/><U25/><E23/><V108/><F131/><W126/><G126/><T106/><D106/><U46/><E46/><V117/><F117/><W79/><G79/><T48/><D63/><U11/><E11/><AGARI ba="0,1" hai="4,11,14,26,28,32,44,45,47,51,52,82,85,91" machi="11" ten="40,8000,1" yaku="1,1,52,1,54,1,53,1" doraHai="9" doraHaiUra="49" who="3" fromWho="1" sc="204,0,245,-80,265,0,276,90" owari="204,-19.6,165,-33.5,265,6.5,366,46.6" /></mjloggm>