<mjloggm ver="2.3"><GO type="225" lobby="0"/><UN n0="%6D%61%74%69%67%75%73%61" n1="%72%69%6F%75%63%68%61%6E" n2="%E5%B8%86%E7%AB%8B%E5%A4%8F%E8%A1%A3" n3="%E5%8D%A0%E3%81%84%E5%B8%AB%E8%A3%8F%E3%81%AA%E3%81%84%E3%81%97" dan="17,17,16,17" rate="2144.65,2197.96,2161.34,2143.69" sx="M,M,M,M"/><TAIKYOKU oya="0"/><INIT seed="0,0,0,1,5,70" ten="250,250,250,250" oya="0" hai0="108,4,28,106,80,75,39,24,109,68,13,40,77" hai1="20,15,87,115,71,105,114,76,33,35,42,67,69" hai2="100,74,30,36,3,26,2,98,9,48,12,94,37" hai3="79,66,83,34,54,132,121,134,65,7,130,124,21"/><T120/><D120/><U51/><E105/><V104/><F48/><W6/><G34/><N who="1" m="12810" /><E67/><N who="3" m="25610" /><G121/><T55/><D68/><N who="1" m="26187" /><E76/><V38/><F94/><W62/><G124/><T110/><D106/><U50/><E87/><V78/><F78/><W107/><G130/><T97/><D97/><U95/><E95/><V99/><F99/><W123/><G123/><T45/><D55/><U118/><E42/><V127/><F74/><W72/><G107/><T46/><D46/><U49/><E20/><V111/><F111/><W129/><G129/><T41/><D41/><U5/><E15/><V122/><F122/><W57/><G21/><N who="0" m="15375" /><D13/><U29/><E29/><V27/><F127/><W14/><G14/><T131/><D131/><U25/><E25/><V103/><F103/><W31/><G31/><T85/><D4/><U16/><E5/><V73/><F73/><AGARI ba="0,0" hai="39,40,45,73,75,77,80,85,108,109,110" m="15375" machi="73" ten="30,5800,0" yaku="14,1,10,1,52,1" doraHai="70" who="0" fromWho="2" sc="250,58,250,0,250,-58,250,0" /><INIT seed="0,1,0,3,0,18" ten="308,250,192,250" oya="0" hai0="35,109,96,107,17,23,51,10,111,15,37,29,71" hai1="55,56,93,126,94,103,32,49,102,127,114,21,117" hai2="90,95,14,130,74,85,61,60,116,134,42,6,22" hai3="125,68,11,27,63,47,86,132,123,64,104,54,52"/><T69/><D37/><U122/><E117/><V113/><F113/><W76/><G104/><T98/><D35/><U16/><E122/><V33/><F116/><W41/><G123/><T43/><D43/><U128/><E32/><V119/><F119/><W38/><G132/><T66/><D51/><U73/><E128/><V79/><F33/><W100/><G125/><N who="1" m="47626" /><E73/><V19/><F130/><W30/><G100/><N who="1" m="38442" /><E114/><V101/><F134/><W124/><G124/><T36/><D36/><U121/><E121/><V106/><F6/><W58/><G11/><T26/><D107/><U72/><E72/><V92/><F92/><W82/><REACH who="3" step="1"/><G68/><REACH who="3" ten="308,250,192,240" step="2"/><T31/><D71/><U91/><E91/><V133/><F133/><W7/><G7/><T89/><D89/><U8/><E8/><V118/><F118/><W115/><G115/><T97/><D69/><U88/><E88/><V57/><F106/><W80/><G80/><T99/><D10/><U110/><E110/><V67/><F101/><W48/><G48/><T2/><D111/><U4/><E4/><V83/><REACH who="2" step="1"/><F42/><REACH who="2" ten="308,250,182,240" step="2"/><W50/><G50/><T108/><D109/><U3/><E3/><V62/><AGARI ba="1,2" hai="14,19,22,57,60,61,62,67,74,79,83,85,90,95" machi="62" ten="30,7900,0" yaku="1,1,2,1,0,1,52,1,53,0" doraHai="18" doraHaiUra="20" who="2" fromWho="2" sc="308,-40,250,-21,182,102,240,-21" /><INIT seed="1,0,0,4,4,111" ten="268,229,284,219" oya="1" hai0="100,21,24,17,34,56,96,51,79,101,85,57,2" hai1="14,115,9,46,32,126,135,93,89,84,82,47,78" hai2="112,26,11,31,65,92,120,102,27,95,12,75,73" hai3="36,5,16,54,70,58,110,30,62,0,109,43,71"/><U40/><E115/><V80/><F120/><W22/><G30/><T88/><D2/><U121/><E121/><V20/><F112/><W38/><G5/><T10/><D34/><U19/><E32/><V68/><F27/><W113/><G0/><T33/><D33/><U52/><E126/><V94/><F102/><W81/><G81/><T67/><D79/><U99/><E135/><V134/><F134/><W133/><G133/><T83/><D10/><U35/><E35/><V50/><F80/><W3/><G3/><T1/><D1/><U41/><REACH who="1" step="1"/><E46/><REACH who="1" ten="268,219,284,219" step="2"/><V105/><F105/><W76/><G113/><T29/><D29/><U61/><E61/><V15/><F31/><W103/><G110/><T97/><D101/><U90/><E90/><V125/><F125/><W131/><G103/><T107/><D100/><U129/><E129/><V64/><F20/><W116/><G131/><T49/><D107/><U63/><E63/><V104/><F104/><W117/><G109/><T124/><D124/><U39/><E39/><V4/><F50/><AGARI ba="0,1" hai="9,14,19,40,41,47,50,52,78,82,84,89,93,99" machi="50" ten="40,7700,0" yaku="1,1,8,1,54,1,53,0" doraHai="111" doraHaiUra="25" who="1" fromWho="2" sc="268,0,219,87,284,-77,219,0" /><INIT seed="1,1,0,2,5,112" ten="268,306,207,219" oya="1" hai0="24,0,126,131,94,13,14,52,39,68,50,102,66" hai1="45,47,32,58,90,129,125,133,18,127,22,115,104" hai2="30,96,110,67,12,84,74,20,109,21,116,40,107" hai3="41,25,65,135,15,86,80,106,60,71,130,69,124"/><U95/><E115/><V36/><F74/><W38/><G106/><T103/><D0/><U3/><E104/><V108/><F67/><W117/><G130/><T5/><D39/><U43/><E133/><V87/><F30/><W42/><G135/><T44/><D126/><N who="1" m="48139" /><E32/><V101/><F12/><W99/><G124/><T111/><D111/><U83/><E129/><V59/><F59/><W26/><G69/><T57/><D68/><U78/><E3/><V73/><F73/><W55/><G117/><T93/><D24/><N who="1" m="14423" /><E58/><V10/><F10/><W88/><G38/><T9/><D13/><U16/><E43/><V113/><F113/><W85/><G41/><T29/><D29/><U98/><E16/><V105/><F105/><W70/><G70/><T134/><D134/><U121/><E121/><V2/><F2/><W63/><G42/><T34/><D34/><U49/><E49/><V97/><F116/><W7/><G60/><N who="0" m="38159" /><D131/><U11/><E11/><V46/><F21/><W89/><G55/><T100/><AGARI ba="1,0" hai="5,9,14,44,50,52,93,94,100,102,103" m="38159" machi="100" ten="30,2000,0" yaku="8,1,54,1" doraHai="112" who="0" fromWho="0" sc="268,23,306,-11,207,-6,219,-6" /><INIT seed="2,0,0,2,3,93" ten="291,295,201,213" oya="2" hai0="15,97,28,5,79,84,27,55,46,51,2,133,31" hai1="18,19,56,47,11,118,22,111,49,135,57,100,114" hai2="94,124,23,62,45,26,38,121,117,65,68,108,76" hai3="48,106,116,103,126,107,35,112,115,70,88,24,74"/><V54/><F117/><W113/><G116/><T89/><D2/><U122/><E111/><V128/><F121/><W52/><G70/><T21/><D133/><U33/><E118/><V91/><F128/><W6/><G74/><T72/><D72/><U120/><E114/><V110/><F76/><W59/><G126/><T96/><D79/><U39/><E33/><V99/><F124/><W30/><G6/><T67/><D67/><U17/><E135/><V66/><F66/><W12/><G103/><T10/><D28/><U0/><E39/><V134/><F134/><W37/><G37/><T43/><D43/><N who="1" m="24831" /><E100/><V123/><F123/><N who="1" m="47145" /><E22/><V34/><F34/><W63/><G12/><T109/><D109/><N who="2" m="42090" /><F38/><W41/><G41/><T64/><D64/><U98/><E98/><V78/><F78/><W92/><G48/><T42/><D42/><U7/><AGARI ba="0,0" hai="0,7,11,17,18,19,56,57" m="47145,24831" machi="7" ten="40,1500,0" yaku="13,1" doraHai="93" who="1" fromWho="1" sc="291,-4,295,15,201,-7,213,-4" /><INIT seed="3,0,0,1,4,93" ten="287,310,194,209" oya="3" hai0="85,16,132,95,4,82,34,39,92,87,25,123,96" hai1="36,86,103,60,38,28,30,54,53,35,48,5,115" hai2="64,102,18,129,55,62,43,10,22,27,49,90,33" hai3="84,41,47,114,125,108,45,11,128,78,72,58,23"/><W12/><G114/><T70/><D123/><U81/><E115/><V106/><F129/><W80/><G128/><T32/><D39/><U117/><E35/><V24/><F43/><W83/><G125/><T17/><D70/><U79/><E117/><V44/><F106/><W124/><G124/><T1/><D4/><U31/><E103/><V121/><F102/><W40/><G108/><T6/><D6/><U91/><E5/><V15/><F121/><W113/><G113/><T97/><D82/><U110/><E110/><V99/><F33/><W56/><G23/><T134/><D25/><U77/><E36/><V69/><REACH who="2" step="1"/><F22/><REACH who="2" ten="287,310,184,209" step="2"/><W127/><G127/><T98/><D34/><U37/><E37/><V119/><F119/><W20/><G20/><T2/><D32/><U9/><E38/><V63/><F63/><W94/><G41/><T67/><D134/><U57/><E9/><V65/><F65/><W74/><G94/><AGARI ba="0,1" hai="10,15,18,24,27,44,49,55,62,64,69,90,94,99" machi="94" ten="40,2600,0" yaku="1,1,52,1,53,0" doraHai="93" doraHaiUra="76" who="2" fromWho="3" sc="287,0,310,0,184,36,209,-26" owari="287,8.7,310,41.0,220,-18.0,183,-31.7" /></mjloggm>