<mjloggm ver="2.3"><GO type="225" lobby="0"/><UN n0="%E9%B3%B3%E6%9D%B1%E3%81%AE%E3%81%86%E3%81%95%E3%81%8E%E3%81%95%E3%82%93" n1="%E3%81%8B%E3%82%8F%E3%81%A1%E3%82%83%E3%82%93%35%38" n2="%72%69%6F%75%63%68%61%6E" n3="%E4%BF%BA%E3%81%A8%E5%A6%96%E5%A4%A2" dan="16,16,17,17" rate="2107.51,2080.33,2157.09,2206.91" sx="M,M,M,F"/><TAIKYOKU oya="0"/><INIT seed="0,0,0,3,0,26" ten="250,250,250,250" oya="0" hai0="115,34,5,77,68,98,73,83,40,57,1,13,30" hai1="71,134,76,25,7,96,65,80,0,99,118,106,135" hai2="72,93,67,24,60,86,17,107,4,91,27,89,97" hai3="33,56,116,47,50,2,31,70,36,15,117,105,38"/><T51/><D115/><U87/><E118/><V133/><F133/><N who="1" m="50697" /><E106/><V59/><F72/><W43/><G2/><T94/><D68/><U58/><E71/><V54/><F4/><W81/><G105/><T95/><D1/><U55/><E65/><V104/><F67/><W32/><G70/><T10/><D98/><U90/><E25/><V112/><F112/><W128/><G128/><T102/><D102/><U123/><E123/><V125/><F125/><W8/><G33/><T63/><D34/><U124/><E124/><V9/><F27/><W22/><G32/><T79/><D79/><U19/><E19/><V11/><F107/><W100/><G100/><T48/><D30/><U45/><E45/><V111/><F111/><W113/><G113/><T49/><REACH who="0" step="1"/><D40/><REACH who="0" ten="240,250,250,250" step="2"/><U29/><E29/><V131/><F131/><W109/><G31/><T39/><D39/><U64/><E76/><V129/><F129/><W78/><G36/><T75/><D75/><U121/><E99/><V23/><REACH who="2" step="1"/><F104/><REACH who="2" ten="240,250,240,250" step="2"/><W122/><G117/><T52/><AGARI ba="0,2" hai="5,10,13,48,49,51,52,57,63,73,77,83,94,95" machi="52" ten="30,6000,0" yaku="1,1,0,1,54,1,53,0" doraHai="26" doraHaiUra="37" who="0" fromWho="0" sc="240,80,250,-20,240,-20,250,-20" /><INIT seed="0,1,0,5,5,127" ten="320,230,220,230" oya="0" hai0="15,58,116,37,28,75,38,59,131,1,109,122,121" hai1="33,52,134,92,112,71,135,72,47,2,57,53,125" hai2="73,114,103,10,7,106,43,93,22,26,54,118,95" hai3="11,40,42,102,13,20,70,119,80,86,35,117,19"/><T8/><D116/><U5/><E72/><V105/><F114/><W63/><G35/><T78/><D1/><U55/><E33/><V25/><F118/><W84/><G102/><T49/><D28/><U99/><E71/><V6/><F73/><W120/><G120/><T115/><D115/><U18/><E112/><V90/><F43/><W12/><G119/><T69/><D69/><U87/><E125/><V85/><F54/><W129/><G117/><T34/><D34/><U111/><E111/><V65/><F65/><W104/><G104/><T51/><D75/><U77/><E47/><V44/><F44/><W110/><G110/><T56/><D78/><U45/><E45/><V66/><F66/><W30/><G63/><T9/><D109/><U50/><E18/><V17/><F6/><W0/><G0/><T61/><D15/><U41/><E41/><V31/><F95/><W29/><G70/><T23/><D23/><U91/><E5/><V36/><F36/><N who="0" m="13930" /><D61/><U101/><E77/><V79/><F79/><W83/><G20/><T100/><D100/><U21/><E21/><N who="2" m="13487" /><F103/><W68/><G68/><T64/><D64/><U89/><E2/><N who="2" m="375" /><F106/><W88/><G19/><T67/><D67/><U132/><REACH who="1" step="1"/><E91/><REACH who="1" ten="320,220,220,230" step="2"/><V128/><F105/><AGARI ba="1,1" hai="50,52,53,55,57,87,89,92,99,101,105,132,134,135" machi="105" ten="40,8000,1" yaku="1,1,2,1,20,1,54,1,53,0" doraHai="127" doraHaiUra="107" who="1" fromWho="2" sc="320,0,220,93,220,-83,230,0" /><INIT seed="1,0,0,1,5,21" ten="320,313,137,230" oya="1" hai0="56,19,107,32,121,134,114,111,39,100,36,109,42" hai1="45,106,3,84,11,13,63,9,22,16,92,127,4" hai2="54,97,55,119,10,73,59,113,58,0,47,104,20" hai3="6,24,46,94,86,31,130,5,123,135,62,44,57"/><U8/><E106/><V12/><F119/><W102/><G123/><T17/><D114/><U98/><E127/><V75/><F113/><W78/><G135/><T14/><D134/><U76/><E76/><V126/><F126/><W50/><G130/><T35/><D121/><U82/><E63/><V38/><F0/><W81/><G102/><T132/><D132/><U87/><E45/><V67/><F67/><W91/><G5/><T15/><D100/><U40/><E40/><V117/><F117/><W33/><G6/><T129/><D42/><U30/><E30/><V28/><F104/><W93/><G50/><T112/><D107/><U7/><E82/><V80/><F97/><W71/><G71/><T96/><D96/><U95/><E11/><V61/><F80/><W27/><G27/><T49/><D49/><U77/><E77/><V89/><F89/><W43/><G43/><T115/><REACH who="0" step="1"/><D56/><REACH who="0" ten="310,313,137,230" step="2"/><U18/><E98/><V23/><F38/><W41/><G41/><T26/><D26/><U85/><REACH who="1" step="1"/><E18/><REACH who="1" ten="310,303,137,230" step="2"/><V53/><F47/><W51/><G51/><T122/><D122/><U116/><E116/><V68/><F59/><W118/><G118/><T90/><D90/><U66/><E66/><V105/><F58/><W48/><G48/><T37/><D37/><U131/><E131/><AGARI ba="0,2" hai="14,15,17,19,32,35,36,39,109,111,112,115,129,131" machi="131" ten="25,8000,1" yaku="1,1,22,2,53,2" doraHai="21" doraHaiUra="29" who="0" fromWho="1" sc="310,100,303,-80,137,0,230,0" /><INIT seed="2,0,0,5,0,73" ten="410,223,137,230" oya="2" hai0="72,111,108,8,98,78,60,1,5,67,81,4,77" hai1="116,79,75,126,31,66,123,128,36,129,37,88,84" hai2="55,46,20,114,71,93,56,97,99,41,23,106,58" hai3="131,64,119,110,43,27,127,87,109,28,118,122,103"/><V124/><F114/><W24/><G122/><T35/><D35/><U63/><E116/><V105/><F71/><W120/><G120/><T40/><D4/><U92/><E123/><V26/><F124/><W30/><G64/><T52/><D40/><U135/><E31/><N who="3" m="11818" /><G127/><T102/><D77/><U16/><E126/><V130/><F130/><N who="1" m="50281" /><E135/><V50/><F56/><W85/><G43/><T133/><D52/><U42/><E42/><V51/><F99/><W18/><G18/><T68/><D133/><U3/><E3/><V47/><F58/><W101/><G131/><T2/><D2/><U48/><E48/><V83/><F83/><W94/><G24/><T11/><D11/><U10/><E10/><V12/><F12/><W76/><G27/><T29/><D29/><U86/><E75/><V21/><REACH who="2" step="1"/><F26/><REACH who="2" ten="410,223,127,230" step="2"/><W54/><G118/><T113/><D113/><U13/><E13/><V96/><F96/><W17/><G119/><T112/><D112/><U7/><E66/><V134/><F134/><W25/><G25/><T32/><D32/><U70/><E70/><V74/><F74/><W6/><G103/><AGARI ba="0,1" hai="20,21,23,41,46,47,50,51,55,93,97,103,105,106" machi="103" ten="40,3900,0" yaku="1,1,53,1" doraHai="73" doraHaiUra="90" who="2" fromWho="3" sc="410,0,223,0,127,49,230,-39" /><INIT seed="2,1,0,2,1,121" ten="410,223,176,191" oya="2" hai0="109,103,61,16,0,37,85,62,31,111,94,2,43" hai1="84,64,9,110,99,13,91,34,105,114,107,5,40" hai2="48,92,47,59,83,50,123,56,79,68,80,95,106" hai3="33,39,132,118,98,63,26,115,70,14,45,125,75"/><V55/><F123/><W22/><G118/><T97/><D31/><U35/><E114/><V69/><F106/><W81/><G115/><T67/><D37/><U66/><E40/><V28/><F28/><W93/><G33/><T49/><D85/><U119/><E119/><V65/><F65/><W57/><G14/><T128/><D128/><U38/><E38/><V117/><F117/><W131/><G70/><T1/><D16/><U51/><E51/><V90/><F83/><W102/><G125/><T104/><D94/><U54/><E54/><V87/><F95/><W101/><G101/><T60/><REACH who="0" step="1"/><D67/><REACH who="0" ten="400,223,176,191" step="2"/><U126/><E84/><V113/><F113/><W52/><G131/><T86/><D86/><U3/><E66/><V46/><F46/><AGARI ba="1,1" hai="0,1,2,43,46,49,60,61,62,97,103,104,109,111" machi="46" ten="50,8000,1" yaku="1,1,52,2,53,1" doraHai="121" doraHaiUra="41" who="0" fromWho="2" sc="400,93,223,0,176,-83,191,0" /><INIT seed="3,0,0,4,2,23" ten="493,223,93,191" oya="3" hai0="3,95,104,103,98,128,119,100,49,109,91,111,12" hai1="36,67,16,0,112,25,37,64,8,24,59,105,75" hai2="31,77,48,83,10,14,118,62,38,17,55,30,82" hai3="45,21,76,51,47,102,113,54,122,7,60,117,46"/><W108/><G113/><T11/><D119/><U6/><E105/><V127/><F118/><W94/><G117/><T13/><D128/><U133/><E75/><V96/><F127/><W1/><G122/><T22/><D49/><U85/><E112/><V68/><F38/><W65/><G108/><N who="0" m="41547" /><D22/><U130/><E67/><V78/><F68/><W32/><G32/><T135/><D135/><U18/><E85/><V121/><F121/><W69/><G76/><T43/><D43/><U41/><E41/><V53/><F96/><W93/><G7/><N who="0" m="1535" /><D100/><U74/><E74/><V4/><F4/><W132/><G1/><T66/><D66/><U50/><E64/><V72/><F62/><W34/><G34/><T73/><D73/><U125/><E125/><V86/><F53/><W33/><G33/><T35/><D35/><U15/><E59/><V92/><REACH who="2" step="1"/><F92/><REACH who="2" ten="493,223,83,191" step="2"/><W84/><G94/><T9/><D9/><U89/><E37/><V116/><F116/><W114/><G114/><T79/><D79/><U56/><E36/><V88/><F88/><W61/><G60/><T101/><D101/><U2/><E89/><V20/><F20/><W70/><G69/><T99/><AGARI ba="0,1" hai="12,13,91,95,98,99,103,104" m="1535,41547" machi="99" ten="30,1100,0" yaku="14,1" doraHai="23" who="0" fromWho="0" sc="493,21,223,-3,83,-3,191,-5" owari="514,61.4,220,2.0,80,-42.0,186,-21.4" /></mjloggm>