<mjloggm ver="2.3"><GO type="225" lobby="0"/><UN n0="%E3%83%A9%E3%83%BC%E3%83%A1%E3%83%B3%E4%BA%94%E9%83%8E" n1="%6D%75%75%6D%75%72%61" n2="%E3%81%82%E3%82%93%E3%81%AA%E3%81%A4" n3="%E4%B8%89%E6%A7%93%E5%AD%90" dan="16,16,17,16" rate="2094.86,2162.02,2180.52,2056.24" sx="M,F,M,F"/><TAIKYOKU oya="0"/><INIT seed="0,0,0,4,5,48" ten="250,250,250,250" oya="0" hai0="52,15,84,106,102,94,104,92,114,20,126,23,11" hai1="134,64,29,39,123,56,50,124,60,37,55,61,112" hai2="19,40,85,5,21,121,68,135,132,36,27,93,10" hai3="17,12,111,4,81,88,95,43,30,7,130,125,13"/><T8/><D114/><U86/><E123/><V80/><F121/><W78/><G111/><T46/><D126/><U87/><E124/><V133/><F68/><W77/><G125/><T101/><D104/><U3/><E134/><V108/><F108/><W14/><G130/><T107/><D107/><U1/><E112/><V44/><F93/><N who="0" m="35946" /><D106/><U47/><E29/><V119/><F119/><W71/><G71/><T58/><D46/><U113/><E113/><V49/><F36/><W79/><G43/><T83/><D20/><U42/><E37/><V34/><F34/><W53/><G30/><T100/><D23/><U99/><E99/><V32/><F32/><W45/><G17/><T72/><D15/><U74/><E74/><V75/><F75/><W128/><G81/><T59/><D59/><U35/><E35/><V67/><F67/><W51/><REACH who="3" step="1"/><G128/><REACH who="3" ten="250,250,250,240" step="2"/><T16/><D16/><U98/><E98/><AGARI ba="0,1" hai="4,7,12,13,14,45,51,53,77,78,79,88,95,98" machi="98" ten="40,8000,1" yaku="1,1,2,1,8,1,52,1,54,1,53,0" doraHai="48" doraHaiUra="57" who="3" fromWho="1" sc="250,0,250,-80,250,0,240,90" /><INIT seed="1,0,0,0,0,0" ten="250,170,250,330" oya="1" hai0="72,11,39,54,35,90,3,21,7,92,29,16,58" hai1="128,93,134,112,133,103,55,78,66,123,76,105,96" hai2="26,135,85,83,121,124,94,98,129,19,56,89,37" hai3="8,118,127,84,10,22,115,50,41,43,9,25,15"/><U91/><E112/><V14/><F121/><W120/><G115/><T99/><D72/><U74/><E66/><V130/><F37/><W28/><G120/><T126/><D39/><U87/><E123/><V117/><F117/><W114/><G127/><T70/><D126/><U20/><E128/><N who="2" m="49259" /><F124/><W47/><G114/><T32/><D29/><U53/><E20/><N who="2" m="11383" /><F56/><W111/><G111/><T45/><D45/><U33/><E33/><V38/><F38/><W77/><G43/><T95/><D95/><U106/><E106/><V64/><F64/><W52/><G118/><T125/><D70/><U30/><E30/><V31/><F135/><N who="1" m="51721" /><E74/><V5/><F5/><N who="3" m="3471" /><G41/><T81/><D81/><AGARI ba="0,0" hai="9,10,22,25,28,47,50,52,77,81,84" m="3471" machi="81" ten="30,3900,0" yaku="8,1,52,1,54,1" doraHai="0" who="3" fromWho="0" sc="250,-39,170,0,250,0,330,39" /><INIT seed="2,0,0,5,4,51" ten="211,170,250,369" oya="2" hai0="127,29,33,62,63,134,65,1,20,28,50,45,103" hai1="42,7,69,79,99,60,30,49,128,92,96,12,18" hai2="113,90,126,64,75,118,94,5,31,59,36,35,25" hai3="91,116,123,95,87,110,24,122,81,6,68,44,11"/><V66/><F113/><W55/><G116/><T97/><D33/><U74/><E128/><V100/><F118/><W107/><G107/><T17/><D1/><U106/><E7/><V112/><F112/><W125/><G68/><T8/><D8/><U85/><E74/><V119/><F75/><W40/><G110/><T84/><D84/><U15/><E30/><V48/><F36/><W37/><G125/><T32/><D32/><U124/><E124/><V121/><F121/><W109/><G109/><T82/><D82/><U57/><E69/><V19/><F126/><W71/><G71/><T117/><D134/><U115/><E106/><V72/><F72/><W132/><G24/><T54/><D117/><U52/><E115/><V83/><F5/><W131/><G131/><T93/><D127/><U27/><E27/><V120/><F19/><W21/><G21/><T104/><D104/><U13/><E18/><V76/><F100/><W2/><G132/><T14/><REACH who="0" step="1"/><D62/><REACH who="0" ten="201,170,250,369" step="2"/><U0/><E0/><V88/><F119/><W9/><G9/><T23/><D23/><U70/><E70/><AGARI ba="0,1" hai="14,17,20,28,29,45,50,54,63,65,70,93,97,103" machi="70" ten="30,7700,0" yaku="1,1,7,1,52,1,53,1" doraHai="51" doraHaiUra="47" who="0" fromWho="1" sc="201,87,170,-77,250,0,369,0" /><INIT seed="3,0,0,1,4,99" ten="288,93,250,369" oya="3" hai0="124,25,80,91,26,82,41,77,128,129,74,16,89" hai1="83,70,18,115,71,98,36,40,27,12,45,73,63" hai2="93,10,64,2,119,85,58,24,78,96,134,1,39" hai3="123,110,108,100,101,37,106,54,60,13,87,61,105"/><W9/><G123/><T48/><D41/><U69/><E115/><V51/><F39/><W104/><G37/><T11/><D48/><U7/><E7/><V122/><F119/><W52/><G87/><N who="0" m="50407" /><D91/><U68/><N who="1" m="17408" /><DORA hai="20" /><U94/><E63/><V135/><F64/><W3/><G3/><T113/><D113/><U49/><E36/><V59/><F10/><W33/><G33/><T86/><D74/><U28/><E83/><V65/><F122/><W120/><G120/><T72/><D72/><U133/><E73/><V21/><F85/><W107/><G107/><T109/><D109/><N who="3" m="42089" /><G61/><T76/><D76/><U47/><E133/><N who="2" m="50699" /><F78/><W131/><G131/><N who="0" m="50251" /><D124/><U17/><E47/><V84/><F84/><W111/><G111/><T4/><D4/><U125/><E125/><V112/><F112/><W114/><G114/><T126/><D126/><U29/><E12/><AGARI ba="0,0" hai="11,12,16,25,26,77,82,86" m="50251,50407" machi="12" ten="30,7700,0" yaku="19,1,52,2,54,1" doraHai="99,20" who="0" fromWho="1" sc="288,77,93,-77,250,0,369,0" owari="365,16.5,16,-48.4,250,-15.0,369,46.9" /></mjloggm>