<mjloggm ver="2.3"><GO type="225" lobby="0"/><UN n0="%72%65%6E%6B%75%6E" n1="%E3%81%BF%E3%81%BF%E3%81%9A" n2="%E3%83%AB%E3%83%9B%E3%83%B3%E3%83%87%E3%82%A3%E3%82%A8" n3="%4C%4F%4C%49%54%41" dan="17,17,17,16" rate="2210.78,2208.21,2179.07,2150.58" sx="M,M,M,F"/><TAIKYOKU oya="0"/><INIT seed="0,0,0,5,2,64" ten="250,250,250,250" oya="0" hai0="24,104,51,80,44,37,45,86,16,55,129,32,116" hai1="59,78,122,112,92,61,82,25,93,1,106,53,119" hai2="98,76,91,19,43,9,40,118,57,5,124,130,75" hai3="65,49,123,107,2,63,12,99,56,50,88,27,83"/><T128/><D104/><U31/><E119/><V36/><F118/><W22/><G2/><T47/><D116/><U120/><E106/><V109/><F109/><W28/><G123/><T7/><D7/><U97/><E112/><V77/><F130/><N who="0" m="50282" /><D37/><U110/><E110/><V103/><F124/><W21/><G107/><T60/><D60/><U33/><E1/><V131/><F131/><W121/><G121/><T72/><D72/><U132/><E93/><V4/><F75/><W34/><G34/><T38/><D38/><U29/><E31/><V15/><F36/><W105/><G105/><T69/><D69/><U100/><REACH who="1" step="1"/><E132/><REACH who="1" ten="250,240,250,250" step="2"/><V48/><F103/><W42/><G28/><N who="0" m="19463" /><D16/><U89/><E89/><AGARI ba="0,1" hai="44,45,47,51,55,80,86,89" m="19463,50282" machi="89" ten="30,1500,0" yaku="19,1" doraHai="64" who="0" fromWho="1" sc="250,25,240,-15,250,0,250,0" /><INIT seed="0,1,0,1,3,39" ten="275,225,250,250" oya="0" hai0="20,90,135,123,134,60,18,103,6,35,24,45,42" hai1="128,104,40,95,130,10,117,129,66,131,101,75,113" hai2="21,32,68,87,118,5,62,56,7,15,31,116,99" hai3="13,100,0,34,70,72,59,79,23,3,127,47,105"/><T121/><D103/><U63/><N who="1" m="32768" /><DORA hai="2" /><U74/><E117/><N who="2" m="45163" /><F68/><W25/><G70/><T112/><D112/><U102/><E113/><V106/><F87/><W19/><G127/><T54/><D35/><U109/><E109/><V14/><F32/><W46/><G59/><N who="0" m="34935" /><D90/><U8/><E104/><V89/><F31/><W69/><G69/><T120/><D6/><N who="2" m="2058" /><F21/><W115/><G23/><T37/><D121/><U88/><E40/><V96/><F89/><W57/><G34/><T48/><D37/><U94/><E63/><V83/><F83/><W110/><G115/><T12/><D24/><U80/><E66/><N who="2" m="39239" /><F106/><W98/><G105/><T132/><AGARI ba="1,0" hai="12,18,20,42,45,48,120,123,132,134,135" m="34935" machi="132" ten="30,3000,0" yaku="20,1,52,1" doraHai="39,2" who="0" fromWho="0" sc="275,33,225,-11,250,-11,250,-11" /><INIT seed="0,2,0,2,3,11" ten="308,214,239,239" oya="0" hai0="70,106,74,124,61,59,87,28,128,48,20,96,3" hai1="107,109,120,5,36,1,27,121,80,19,82,40,95" hai2="26,92,10,94,15,12,23,34,42,39,97,79,131" hai3="125,31,6,77,91,33,104,119,73,113,103,122,111"/><T30/><D74/><U17/><E107/><V14/><F131/><W68/><RYUUKYOKU type="yao9" ba="2,0" sc="308,0,214,0,239,0,239,0" hai3="6,31,33,68,73,77,91,103,104,111,113,119,122,125" /><INIT seed="0,3,0,0,2,124" ten="308,214,239,239" oya="0" hai0="86,133,29,12,5,103,120,21,6,85,3,76,79" hai1="49,99,27,111,44,7,36,4,106,104,17,135,31" hai2="73,126,77,33,102,114,131,117,40,30,64,26,69" hai3="1,38,23,84,13,22,123,48,50,16,14,62,109"/><T89/><D120/><U15/><E36/><V78/><F78/><N who="0" m="29738" /><D3/><U95/><E111/><V53/><F53/><W54/><G1/><T110/><D133/><U19/><E135/><V105/><F114/><W45/><G109/><T122/><D122/><U128/><E128/><V72/><F40/><W9/><G123/><T116/><D116/><U74/><E74/><N who="2" m="28779" /><F77/><W134/><G134/><T91/><D103/><U43/><E104/><V39/><F39/><W83/><G38/><T60/><D60/><U113/><E106/><V66/><F66/><W32/><G32/><T80/><D110/><U98/><E113/><V81/><F81/><W57/><G50/><T51/><D51/><U28/><E98/><N who="2" m="61655" /><F126/><W71/><G71/><T58/><D58/><U115/><E115/><V75/><F75/><W130/><G130/><T41/><D41/><U96/><E99/><V55/><F55/><N who="3" m="30095" /><G14/><T107/><D107/><U65/><E65/><V125/><F125/><W0/><G0/><T11/><D21/><N who="1" m="13743" /><E4/><V10/><F10/><W112/><G112/><T8/><D8/><N who="1" m="6631" /><E7/><V63/><F117/><W46/><G46/><T94/><D5/><U100/><AGARI ba="3,0" hai="28,31,43,44,49,95,96,100" m="6631,13743" machi="100" ten="30,1100,0" yaku="8,1" doraHai="124" who="1" fromWho="1" sc="308,-8,214,20,239,-6,239,-6" /><INIT seed="1,0,0,1,2,93" ten="300,234,233,233" oya="1" hai0="112,108,65,70,0,123,92,121,48,31,68,23,54" hai1="118,57,127,12,9,21,83,90,40,55,13,6,18" hai2="22,3,119,128,24,10,129,133,97,82,120,35,39" hai3="34,58,95,113,30,116,77,132,56,89,94,20,106"/><U103/><E118/><V67/><F119/><W16/><G116/><T72/><D72/><U96/><E127/><V2/><F120/><N who="0" m="46154" /><D112/><U53/><E40/><V75/><F39/><W66/><G106/><T85/><D0/><U102/><E55/><V111/><F67/><W46/><G113/><T69/><D108/><U84/><REACH who="1" step="1"/><E96/><REACH who="1" ten="300,224,233,233" step="2"/><V14/><F97/><W11/><G66/><T74/><D65/><U105/><E105/><V38/><F111/><W110/><G110/><T29/><D54/><U101/><E101/><V81/><F128/><W25/><G132/><T36/><D36/><U131/><E131/><V87/><F38/><W71/><G46/><T44/><D44/><U51/><AGARI ba="0,1" hai="6,9,12,13,18,21,51,53,57,83,84,90,102,103" machi="51" ten="20,7800,0" yaku="1,1,0,1,7,1,8,1,53,0" doraHai="93" doraHaiUra="126" who="1" fromWho="1" sc="300,-26,224,88,233,-26,233,-26" /><INIT seed="1,1,0,2,1,92" ten="274,312,207,207" oya="1" hai0="53,21,122,78,86,118,40,19,73,103,54,109,20" hai1="102,46,35,38,62,101,37,2,44,106,126,16,65" hai2="71,80,97,107,34,89,24,87,116,11,7,95,98" hai3="70,99,111,125,85,55,33,17,51,29,64,58,23"/><U135/><E2/><V83/><F71/><W66/><G111/><T14/><D118/><U27/><E35/><V31/><F116/><W88/><G125/><T49/><D109/><U25/><E126/><V100/><REACH who="2" step="1"/><F87/><REACH who="2" ten="274,312,197,207" step="2"/><W84/><G70/><T48/><D73/><U12/><E135/><V28/><F28/><W110/><G110/><T81/><D122/><U115/><E115/><V72/><F72/><W105/><G85/><T50/><D40/><U127/><E127/><V75/><F75/><W52/><G29/><T104/><REACH who="0" step="1"/><D21/><REACH who="0" ten="264,312,197,207" step="2"/><N who="1" m="11399" /><E38/><V30/><F30/><W32/><G33/><T134/><D134/><U114/><E37/><V1/><AGARI ba="1,2" hai="1,7,11,24,31,34,80,83,89,95,97,98,100,107" machi="1" ten="20,8000,1" yaku="1,1,0,1,7,1,52,2,53,0" doraHai="92" doraHaiUra="43" who="2" fromWho="2" sc="264,-21,312,-41,197,103,207,-21" /><INIT seed="2,0,0,3,5,116" ten="243,271,300,186" oya="2" hai0="67,77,13,92,108,43,59,0,36,87,61,29,65" hai1="91,129,25,35,17,90,2,98,110,81,63,124,26" hai2="119,94,48,107,4,128,45,135,89,16,14,104,22" hai3="57,93,130,33,80,95,96,32,66,99,76,120,56"/><V72/><F119/><W64/><G130/><T54/><D0/><U118/><E118/><V28/><F72/><W69/><G80/><T41/><D108/><U20/><E2/><V82/><F82/><W15/><G15/><T6/><D29/><U19/><E110/><V30/><F4/><W47/><G47/><T84/><D36/><U117/><E117/><V40/><F128/><W102/><G102/><T62/><D77/><U7/><E7/><V103/><F135/><W18/><G18/><T97/><D84/><U9/><E129/><V101/><F107/><W125/><G69/><T71/><D87/><N who="1" m="50543" /><E35/><V86/><F104/><W75/><G75/><T5/><D67/><U39/><E39/><V51/><F51/><W112/><G125/><T10/><REACH who="0" step="1"/><D6/><REACH who="0" ten="233,271,300,186" step="2"/><U131/><E131/><V78/><F78/><W74/><G76/><T34/><D34/><U55/><E124/><V21/><F30/><W88/><G74/><T1/><D1/><U60/><E17/><V49/><F28/><W44/><G112/><T53/><D53/><U68/><E55/><V23/><REACH who="2" step="1"/><F48/><REACH who="2" ten="233,271,290,186" step="2"/><W126/><G126/><T123/><D123/><U132/><E19/><V11/><AGARI ba="0,2" hai="11,14,16,21,22,23,40,45,49,86,89,94,101,103" machi="11" ten="30,18000,2" yaku="1,1,2,1,0,1,8,1,54,1,53,1" doraHai="116" doraHaiUra="37" who="2" fromWho="2" sc="233,-60,271,-60,290,200,186,-60" /><INIT seed="2,1,0,4,1,72" ten="173,211,490,126" oya="2" hai0="13,22,6,132,47,69,41,76,61,92,29,55,23" hai1="40,133,77,46,8,16,60,101,28,50,5,59,33" hai2="89,78,114,66,0,30,87,80,36,98,95,125,62" hai3="65,111,20,128,53,21,24,121,57,32,90,74,63"/><V58/><F0/><W120/><G111/><T115/><D115/><U118/><E118/><V3/><F3/><W43/><G128/><T108/><D108/><U100/><E133/><V96/><F36/><W88/><G74/><T48/><D132/><U104/><E33/><V93/><F114/><W135/><G135/><T110/><D110/><U27/><E28/><V75/><F125/><W83/><G32/><T119/><D119/><U31/><E31/><V124/><F124/><W7/><G7/><T112/><D112/><U131/><E77/><V123/><F123/><W122/><G43/><T86/><D29/><U134/><E104/><V97/><REACH who="2" step="1"/><F30/><REACH who="2" ten="173,211,480,126" step="2"/><W73/><G121/><T42/><D69/><U129/><E134/><V102/><AGARI ba="1,1" hai="58,62,66,75,78,80,87,89,93,95,96,97,98,102" machi="102" ten="20,18000,2" yaku="1,1,2,1,0,1,7,1,52,1,53,1" doraHai="72" doraHaiUra="84" who="2" fromWho="2" sc="173,-61,211,-61,480,193,126,-61" /><INIT seed="2,2,0,2,4,88" ten="112,150,673,65" oya="2" hai0="115,127,122,116,18,51,77,113,130,100,13,85,31" hai1="125,129,38,124,67,5,33,43,52,57,42,112,64" hai2="35,107,105,17,89,76,123,54,59,4,128,95,7" hai3="2,134,93,53,80,48,132,47,73,63,11,28,133"/><V135/><F35/><W3/><G28/><T1/><D51/><U46/><E33/><V72/><F123/><W103/><G11/><T0/><D100/><U119/><E112/><N who="0" m="43081" /><D77/><U121/><E119/><V117/><F117/><W8/><G8/><N who="0" m="6439" /><D85/><U45/><E5/><V70/><F70/><W99/><REACH who="3" step="1"/><G63/><REACH who="3" ten="112,150,673,55" step="2"/><T79/><D116/><U60/><E121/><V118/><F118/><W41/><G41/><T22/><D122/><U82/><E129/><V106/><F128/><W58/><G58/><T55/><D130/><U69/><E69/><V27/><F135/><W19/><G19/><T65/><D0/><U83/><E82/><V30/><F17/><W101/><G101/><T75/><D1/><U24/><E83/><V40/><F40/><W25/><G25/><T61/><D61/><U62/><E24/><V68/><F68/><W44/><G44/><T56/><D56/><N who="1" m="34823" /><E67/><V74/><F4/><W6/><G6/><T92/><D31/><U120/><E120/><V110/><F7/><W23/><G23/><T29/><D65/><U102/><E102/><V86/><F110/><W84/><G84/><T14/><D29/><U37/><AGARI ba="2,1" hai="37,38,42,43,45,46,57,62,64,124,125" m="34823" machi="37" ten="30,4000,0" yaku="34,2,54,1" doraHai="88" who="1" fromWho="1" sc="112,-12,150,56,673,-22,55,-12" /><INIT seed="3,0,0,3,0,60" ten="100,206,651,43" oya="3" hai0="78,47,13,133,111,41,77,86,94,101,10,0,83" hai1="87,38,119,75,115,49,105,23,71,98,120,67,74" hai2="84,45,104,37,123,125,113,7,40,5,93,19,56" hai3="53,27,42,116,109,2,110,50,81,70,76,92,129"/><W14/><G2/><T12/><D111/><N who="3" m="42505" /><G116/><T36/><D133/><U108/><E108/><V126/><F56/><W89/><G129/><T112/><D112/><U117/><E38/><V107/><F113/><W25/><G42/><T4/><D78/><U29/><E115/><V52/><F123/><W54/><G14/><T90/><D101/><N who="1" m="62647" /><E87/><AGARI ba="0,0" hai="0,4,10,12,13,36,41,47,77,83,86,87,90,94" machi="87" ten="30,1000,0" yaku="7,1" doraHai="60" who="0" fromWho="1" sc="100,10,206,-10,651,0,43,0" owari="110,-29.0,196,-0.4,651,75.1,43,-45.7" /></mjloggm>