<mjloggm ver="2.3"><GO type="225" lobby="0"/><UN n0="%E7%B4%94%E6%BD%94%E3%83%94%E3%83%A9%E3%83%8B%E3%82%A2" n1="%E3%81%90%E3%81%A1%E3%82%84%E3%81%BE" n2="%E8%A8%88%E7%AE%97%E6%A9%9F%E8%87%AA%E7%84%B6" n3="%E3%83%9D%E3%82%B1%E3%83%83%E3%83%88" dan="17,16,17,16" rate="2239.47,2124.73,2189.79,2095.01" sx="M,M,M,M"/><TAIKYOKU oya="0"/><INIT seed="0,0,0,3,2,67" ten="250,250,250,250" oya="0" hai0="83,75,39,48,50,56,13,101,81,22,16,23,31" hai1="44,120,106,36,8,96,28,43,103,100,74,90,14" hai2="102,88,115,33,105,47,97,0,87,114,73,20,4" hai3="55,124,108,121,52,134,118,15,57,30,46,21,17"/><T82/><D75/><U130/><E120/><V9/><F33/><W71/><G121/><T37/><D101/><U60/><E74/><V104/><F104/><W3/><G118/><T49/><REACH who="0" step="1"/><D56/><REACH who="0" ten="240,250,250,250" step="2"/><U135/><E103/><V110/><F73/><W59/><G59/><T122/><D122/><U70/><E100/><V18/><F110/><W85/><G57/><T94/><D94/><U68/><E68/><V24/><REACH who="2" step="1"/><F47/><REACH who="2" ten="240,250,240,250" step="2"/><W10/><G46/><T7/><D7/><U29/><E44/><V45/><F45/><W1/><G108/><T11/><D11/><U54/><E8/><V113/><F113/><W63/><G10/><T132/><D132/><U119/><E135/><V12/><F12/><W32/><G134/><T131/><D131/><U41/><E14/><V51/><F51/><W116/><G15/><T109/><D109/><U95/><E130/><V133/><F133/><W42/><G1/><T26/><AGARI ba="0,2" hai="13,16,22,23,26,31,37,39,48,49,50,81,82,83" machi="26" ten="40,7800,0" yaku="1,1,0,1,54,1,53,0" doraHai="67" doraHaiUra="72" who="0" fromWho="0" sc="240,98,250,-26,240,-26,250,-26" /><INIT seed="0,1,0,0,4,17" ten="338,224,214,224" oya="0" hai0="41,49,89,6,50,119,52,77,2,54,74,135,63" hai1="25,58,39,103,0,80,36,93,44,129,105,100,20" hai2="117,24,71,120,126,90,95,82,62,76,55,14,34" hai3="16,7,113,91,72,65,10,5,57,28,85,99,18"/><T60/><D119/><U21/><E105/><V12/><F120/><W87/><G72/><T69/><D77/><U94/><E0/><V96/><F117/><W46/><G113/><T130/><D74/><U38/><E129/><V107/><F126/><W134/><G134/><T27/><D6/><N who="3" m="2057" /><G28/><T84/><D2/><U30/><E44/><V31/><F107/><W75/><G75/><T125/><D69/><U109/><E109/><V112/><F112/><W42/><G99/><T115/><D115/><U106/><E106/><V132/><F132/><W101/><G101/><T88/><D135/><U104/><E104/><V86/><REACH who="2" step="1"/><F55/><REACH who="2" ten="338,224,204,224" step="2"/><W92/><G10/><T15/><D125/><U79/><E58/><V1/><F1/><W116/><G116/><T127/><D127/><U22/><E30/><V53/><F53/><W19/><G57/><T114/><D54/><U47/><E47/><V133/><F133/><W111/><G111/><T43/><D52/><U45/><E45/><V64/><AGARI ba="1,1" hai="12,14,24,31,34,62,64,71,76,82,86,90,95,96" machi="64" ten="30,2000,0" yaku="1,1,0,1,53,0" doraHai="17" doraHaiUra="68" who="2" fromWho="2" sc="338,-11,224,-6,204,33,224,-6" /><INIT seed="1,0,0,2,0,96" ten="327,218,237,218" oya="1" hai0="118,71,28,45,76,92,14,20,67,18,30,103,68" hai1="121,35,85,9,52,27,63,113,95,43,107,60,17" hai2="82,129,49,58,123,78,102,90,128,88,2,122,106" hai3="87,98,101,48,32,6,77,44,114,109,72,133,38"/><U80/><E107/><V130/><F2/><W105/><G114/><T108/><D118/><U62/><E113/><V127/><F127/><W93/><G109/><T73/><D73/><U54/><E121/><N who="2" m="46091" /><F49/><W8/><G32/><T40/><D76/><U4/><E43/><V84/><F58/><W10/><G133/><T126/><D108/><U47/><E95/><V135/><F135/><W33/><G33/><T64/><D126/><U5/><E47/><V7/><F7/><W39/><G72/><T50/><D68/><U89/><E4/><V132/><F132/><W115/><G115/><T37/><D71/><U110/><E110/><V131/><N who="2" m="32768" /><DORA hai="94" /><V25/><F25/><W57/><G57/><T55/><D55/><U26/><E26/><V117/><F117/><W65/><G39/><T66/><D37/><U134/><E134/><V19/><F19/><W83/><G38/><T12/><D14/><N who="1" m="5423" /><E35/><V70/><F70/><W16/><G6/><T46/><D45/><U124/><E124/><V22/><F22/><AGARI ba="0,0" hai="17,22,27,52,54,60,62,63,80,85,89" m="5423" machi="22" ten="30,2900,0" yaku="8,1,54,1" doraHai="96,94" who="1" fromWho="2" sc="327,0,218,29,237,-29,218,0" /><INIT seed="1,1,0,5,0,23" ten="327,247,208,218" oya="1" hai0="109,22,13,66,17,67,121,19,68,74,20,101,78" hai1="61,10,6,15,105,131,39,96,89,116,118,0,62" hai2="126,71,87,93,100,49,128,40,44,75,130,28,57" hai3="107,95,30,91,94,80,120,86,56,132,54,111,82"/><U73/><E73/><V27/><F71/><W38/><G120/><T14/><D121/><U7/><E39/><V31/><F75/><W129/><G107/><T119/><D119/><U134/><E134/><V123/><F123/><W63/><G132/><T102/><D109/><U81/><E131/><N who="2" m="50219" /><F126/><W35/><G38/><T64/><D68/><U76/><E0/><V18/><F57/><W117/><G129/><T4/><D4/><U34/><E7/><V58/><F58/><W112/><G111/><T12/><D12/><U43/><E34/><V36/><F36/><W92/><G112/><T29/><D29/><N who="2" m="11338" /><F87/><W1/><G1/><T59/><D59/><U133/><E133/><V11/><F11/><W32/><G117/><T104/><D104/><U115/><E105/><V52/><F40/><W106/><G106/><T51/><D51/><U70/><E43/><V26/><F18/><W110/><G110/><T85/><D74/><U8/><E8/><V122/><F122/><W98/><G30/><T65/><D65/><U125/><E125/><V24/><F100/><N who="3" m="60487" /><G32/><T103/><D66/><U72/><E115/><V124/><F93/><N who="3" m="35339" /><G35/><T99/><D99/><U90/><E96/><V41/><F124/><W83/><AGARI ba="1,0" hai="54,56,63,80,82,83,86,91" m="35339,60487" machi="83" ten="30,1100,0" yaku="8,1" doraHai="23" who="3" fromWho="3" sc="327,-4,247,-6,208,-4,218,14" /><INIT seed="2,0,0,0,4,75" ten="323,241,204,232" oya="2" hai0="92,68,8,99,70,123,120,54,79,47,24,18,29" hai1="55,15,36,124,81,90,38,41,49,50,44,129,4" hai2="59,66,84,33,3,5,111,85,86,11,64,45,105" hai3="100,7,12,25,98,9,32,82,126,89,96,30,39"/><V128/><F33/><W27/><G126/><T132/><D68/><U40/><E124/><V127/><F127/><W130/><G130/><T106/><D70/><U16/><E129/><V113/><F128/><W57/><G39/><T61/><D106/><U109/><E109/><V95/><F105/><W0/><G57/><T118/><D79/><U60/><E60/><V69/><F69/><W35/><G0/><T117/><D132/><U10/><E4/><V1/><F113/><W28/><G100/><T65/><D65/><U72/><E41/><V34/><F34/><W77/><REACH who="3" step="1"/><G89/><REACH who="3" ten="323,241,204,222" step="2"/><N who="0" m="55695" /><D47/><N who="1" m="28095" /><E72/><AGARI ba="0,1" hai="7,9,12,25,27,28,30,32,35,72,77,82,96,98" machi="72" ten="30,7700,0" yaku="1,1,7,1,9,1,52,1,53,0" doraHai="75" doraHaiUra="119" who="3" fromWho="1" sc="323,0,241,-77,204,0,222,87" /><INIT seed="3,0,0,4,5,125" ten="323,164,204,309" oya="3" hai0="114,44,33,37,6,64,16,50,39,77,25,27,99" hai1="101,117,93,69,45,26,49,23,92,15,70,121,124" hai2="61,7,110,107,104,83,109,113,36,132,53,42,103" hai3="108,11,57,82,123,24,35,102,34,20,112,17,129"/><W135/><G112/><T19/><D6/><U14/><E121/><V96/><F113/><W128/><G123/><T100/><D77/><U28/><E124/><V73/><F132/><W134/><G108/><N who="2" m="41577" /><F7/><W85/><G102/><T116/><D64/><U79/><E117/><V68/><F36/><W127/><G127/><T111/><D33/><N who="3" m="12297" /><G57/><T31/><D31/><U94/><E101/><V118/><F42/><W81/><G11/><T76/><D76/><U80/><E70/><V59/><F118/><W131/><G82/><T86/><D116/><U3/><E69/><V22/><F22/><W84/><G84/><T60/><D86/><U5/><E5/><V120/><F120/><W55/><G55/><T87/><D87/><U62/><E62/><N who="2" m="36207" /><F73/><W1/><G1/><T13/><D60/><U95/><N who="1" m="23552" /><DORA hai="119" /><U115/><E115/><V46/><F46/><W2/><G2/><T0/><D0/><U29/><E29/><V9/><F9/><W47/><G47/><T122/><D44/><U130/><E3/><V91/><F83/><W88/><AGARI ba="0,0" hai="17,20,24,81,85,88,128,129,131,134,135" m="12297" machi="88" ten="40,12000,1" yaku="19,1,52,3,54,1" doraHai="125,119" who="3" fromWho="3" sc="323,-40,164,-40,204,-40,309,120" owari="283,8.3,124,-37.6,164,-23.6,429,52.9" /></mjloggm>