<mjloggm ver="2.3"><GO type="225" lobby="0"/><UN n0="%E6%97%A5%E6%9B%9C%E6%97%A5%E3%82%88%E3%82%8A%E3%81%AE%E4%BD%BF%E8%80%85" n1="%E3%83%A9%E3%83%B3%E3%83%8A%E3%83%BC%E3%83%A9%E3%83%B3%E3%83%8A%E3%83%BC" n2="%E6%A1%9C%E8%8A%B1%E9%96%83%E3%80%85" n3="%73%75%7A%75%72%61%6E%65" dan="17,17,18,16" rate="2148.72,2189.92,2238.91,2060.11" sx="M,M,M,M"/><TAIKYOKU oya="0"/><INIT seed="0,0,0,2,3,40" ten="250,250,250,250" oya="0" hai0="78,51,93,86,37,42,74,28,98,90,117,56,16" hai1="88,61,52,47,48,26,0,100,2,118,91,54,130" hai2="19,8,80,64,1,10,115,132,3,69,109,46,41" hai3="12,134,135,95,49,60,92,38,15,17,76,133,116"/><T103/><D117/><U43/><E130/><V70/><F115/><W35/><G38/><T114/><D114/><U7/><E118/><V20/><F109/><W120/><G116/><T75/><D37/><U32/><E100/><V24/><F132/><W94/><G35/><T82/><D28/><U99/><E32/><V55/><F55/><W50/><G120/><T131/><D131/><U36/><E26/><V127/><F127/><W79/><G60/><T105/><D56/><U110/><E110/><V57/><F57/><W53/><G53/><T5/><D5/><U39/><E7/><V6/><F80/><W73/><G73/><N who="0" m="43343" /><D16/><U97/><E61/><V87/><F87/><W89/><G89/><T27/><D27/><U4/><E4/><V13/><F64/><W107/><G107/><T68/><D68/><U108/><E108/><V66/><F66/><W111/><G111/><T119/><D119/><U96/><E48/><N who="3" m="18538" /><G17/><T18/><D18/><U101/><E101/><V104/><F104/><W11/><G11/><T124/><D124/><U21/><E21/><V125/><F125/><W33/><G33/><T77/><D77/><AGARI ba="0,0" hai="12,15,76,77,79,92,94,95,133,134,135" m="18538" machi="77" ten="40,5200,0" yaku="28,2,20,1" doraHai="40" who="3" fromWho="0" sc="250,-52,250,0,250,0,250,52" /><INIT seed="1,0,0,1,5,108" ten="198,250,250,302" oya="1" hai0="122,91,116,112,63,106,11,31,83,21,104,73,121" hai1="75,49,132,40,4,135,57,6,48,44,127,53,114" hai2="123,56,74,102,22,38,17,100,20,107,85,110,113" hai3="101,37,120,86,42,25,68,133,13,8,80,117,46"/><U9/><E75/><V35/><F123/><N who="0" m="47114" /><D11/><U26/><E127/><V71/><F71/><W67/><G120/><T84/><D63/><U65/><E65/><V95/><F35/><W72/><G72/><T89/><D21/><U134/><E26/><V69/><F69/><W51/><G101/><T59/><D59/><U97/><E97/><V115/><F110/><W93/><G93/><N who="0" m="54439" /><D31/><U54/><E40/><V77/><F38/><W10/><G25/><T2/><D2/><U79/><E79/><V78/><F107/><N who="0" m="41002" /><D116/><U61/><E61/><V39/><F56/><W15/><G15/><T18/><D18/><U126/><E126/><V14/><F22/><W1/><G1/><T125/><D125/><U47/><E57/><V94/><F39/><W66/><G8/><T62/><D62/><U111/><E111/><V41/><F41/><W76/><G117/><T58/><D58/><U81/><E6/><V34/><F34/><W28/><G28/><T30/><D30/><U3/><E81/><N who="2" m="45239" /><F100/><W0/><G68/><T130/><D130/><U90/><REACH who="1" step="1"/><E114/><REACH who="1" ten="198,240,250,302" step="2"/><N who="2" m="43531" /><F102/><W32/><G42/><T29/><D73/><U103/><E103/><V98/><F98/><W124/><G124/><T24/><D112/><U82/><E82/><AGARI ba="0,1" hai="14,17,20,78,82,85,94,95" m="43531,45239" machi="82" ten="30,7700,0" yaku="11,1,52,3" doraHai="108" who="2" fromWho="1" sc="198,0,240,-77,250,87,302,0" /><INIT seed="2,0,0,2,0,119" ten="198,163,337,302" oya="2" hai0="112,78,64,15,101,37,90,7,18,1,94,99,38" hai1="102,45,89,57,82,113,109,135,121,91,59,134,29" hai2="130,26,60,12,24,73,48,131,49,47,66,80,41" hai3="13,65,96,120,9,124,127,70,19,11,31,50,103"/><V133/><F133/><W58/><G31/><T122/><D112/><U118/><E113/><V14/><F80/><W72/><G72/><T56/><D78/><U74/><E45/><V79/><F79/><W69/><G120/><T97/><D7/><U21/><E118/><V110/><F73/><W114/><G9/><T63/><D1/><U17/><E29/><V33/><F110/><W86/><G86/><T81/><D122/><U67/><E67/><V104/><F104/><W76/><G76/><T30/><D30/><U55/><E109/><V52/><F33/><W40/><G40/><T46/><D46/><U87/><E102/><V61/><F66/><W125/><G114/><T42/><D42/><U2/><E2/><V3/><F3/><W39/><G39/><T54/><D64/><U107/><E107/><V85/><F85/><W83/><G83/><T10/><D81/><U25/><E74/><V62/><F130/><W36/><G36/><T98/><REACH who="0" step="1"/><D98/><REACH who="0" ten="188,163,337,302" step="2"/><U84/><E121/><V93/><F41/><W34/><G65/><T43/><D43/><U129/><E129/><V115/><F131/><W20/><G69/><T111/><D111/><U108/><E108/><V77/><F77/><W0/><G70/><T100/><D100/><U28/><E28/><V27/><F115/><W4/><G96/><T126/><D126/><U88/><E89/><V22/><F47/><W53/><G103/><T5/><D5/><U106/><E106/><AGARI ba="0,1" hai="10,15,18,37,38,54,56,63,90,94,97,99,101,106" machi="106" ten="30,2000,0" yaku="1,1,7,1,53,0" doraHai="119" doraHaiUra="16" who="0" fromWho="1" sc="188,30,163,-20,337,0,302,0" /><INIT seed="3,0,0,5,1,126" ten="218,143,337,302" oya="3" hai0="130,131,9,95,108,47,67,13,7,25,82,135,38" hai1="1,10,132,90,89,71,58,104,94,78,18,0,134" hai2="4,129,31,60,42,41,122,55,110,77,105,34,19" hai3="64,97,66,70,116,39,111,44,15,121,22,84,127"/><W102/><G116/><T125/><D125/><U88/><E71/><V14/><F105/><W30/><G121/><T3/><D108/><U115/><E115/><V20/><F110/><W16/><G111/><T50/><D135/><N who="1" m="51755" /><E104/><V48/><F129/><N who="0" m="49162" /><D38/><U29/><E78/><V128/><F77/><W23/><G127/><T81/><D67/><U120/><E29/><V57/><F128/><W32/><G32/><T54/><D25/><U26/><E94/><V36/><F4/><W35/><G35/><T106/><D106/><U99/><E99/><V69/><F36/><W123/><G123/><T83/><D95/><U87/><E87/><V73/><F122/><W109/><G109/><T96/><D96/><U17/><E120/><V112/><F112/><W45/><G84/><T119/><D119/><U117/><E58/><V114/><F114/><W56/><G70/><T72/><D72/><U124/><E124/><V85/><F73/><W12/><G56/><T24/><D24/><U91/><N who="1" m="22528" /><DORA hai="133" /><U43/><E43/><V113/><F85/><W100/><G97/><T68/><D68/><U51/><E51/><V80/><F42/><W98/><G98/><T33/><D33/><U46/><E46/><N who="2" m="25679" /><F69/><W28/><G39/><T59/><D59/><U74/><E74/><V107/><F113/><W93/><G93/><T27/><D27/><U37/><E37/><V63/><F107/><W62/><G62/><T6/><D83/><U40/><E40/><V76/><F80/><W53/><G53/><T103/><D82/><U61/><E61/><N who="2" m="36031" /><F76/><W65/><G65/><T86/><D86/><RYUUKYOKU ba="0,0" sc="218,-15,143,-15,337,15,302,15" hai2="14,19,20,31,34,60,63" hai3="12,15,16,22,23,28,30,44,45,64,66,100,102" /><INIT seed="3,1,0,5,5,54" ten="203,128,352,317" oya="3" hai0="65,41,48,96,135,123,99,124,113,1,50,83,128" hai1="69,49,44,74,93,64,71,67,122,72,80,114,10" hai2="60,118,133,76,106,11,117,63,25,58,126,12,14" hai3="2,15,88,97,98,108,100,130,62,6,23,8,30"/><W70/><G130/><T75/><D1/><U116/><E114/><V68/><F106/><W34/><G108/><T84/><D123/><U73/><E122/><V35/><F126/><W24/><G88/><T26/><D75/><U92/><E80/><V22/><F35/><W94/><G98/><T82/><D65/><N who="1" m="25163" /><E10/><V61/><F68/><N who="1" m="26185" /><E49/><V86/><F86/><W36/><G70/><T28/><D50/><U32/><E32/><V3/><F12/><W7/><G62/><T46/><D83/><U79/><E79/><V109/><F76/><W59/><G36/><T5/><D82/><U55/><E55/><V78/><F78/><W103/><G103/><T121/><D48/><U9/><E9/><V51/><F51/><W134/><G134/><T31/><D135/><U53/><E53/><N who="2" m="33871" /><F133/><W129/><G129/><T42/><D121/><U85/><E85/><V39/><F39/><W38/><G38/><T27/><D84/><U29/><E29/><N who="2" m="17591" /><F3/><W33/><G6/><T89/><D31/><U18/><E44/><V101/><F101/><W127/><G127/><T119/><D124/><U95/><E116/><V132/><F132/><W105/><G105/><T47/><D119/><N who="2" m="45578" /><F63/><W81/><G81/><T115/><D28/><U43/><E43/><V56/><F11/><W91/><G100/><T37/><D37/><U4/><E4/><V21/><F14/><W125/><G125/><T40/><D5/><U131/><E131/><V52/><F21/><W66/><G15/><T111/><D128/><U20/><E20/><V120/><F120/><W77/><G77/><T57/><D46/><RYUUKYOKU ba="1,0" sc="203,-30,128,10,352,10,317,10" hai1="18,72,73,74,92,93,95" hai2="52,56,61,109" hai3="2,7,8,23,24,30,33,34,59,66,91,94,97" /><INIT seed="3,2,0,1,4,9" ten="173,138,362,327" oya="3" hai0="48,59,77,100,122,117,21,38,95,96,108,132,63" hai1="113,35,80,110,90,57,92,2,112,14,86,44,32" hai2="105,119,27,25,118,66,123,82,26,42,23,74,41" hai3="88,34,36,98,89,128,52,17,30,75,16,6,8"/><W12/><G36/><T22/><D38/><U5/><E110/><V20/><F105/><W3/><G75/><T64/><D117/><U15/><E2/><V104/><F104/><W65/><G65/><T131/><D122/><U134/><E134/><V11/><F123/><W127/><G52/><T10/><D132/><U107/><E107/><V71/><F118/><W33/><G128/><T116/><D116/><U0/><E0/><V18/><F119/><W61/><G61/><T93/><D108/><U1/><E1/><V129/><F11/><W124/><G17/><T84/><D131/><U130/><E130/><V45/><F25/><N who="3" m="18639" /><G34/><T28/><D28/><U39/><E39/><V78/><F129/><W121/><G121/><T99/><D48/><U54/><E35/><V46/><F66/><W73/><G73/><T115/><D115/><U19/><E32/><V125/><F71/><W51/><G51/><T13/><D77/><U106/><E106/><V135/><F135/><W24/><G24/><T101/><REACH who="0" step="1"/><D84/><REACH who="0" ten="163,138,362,327" step="2"/><U4/><E113/><V109/><F109/><W126/><G98/><T60/><D60/><N who="1" m="35895" /><E112/><V79/><F79/><W67/><G67/><T103/><D103/><U37/><E37/><V43/><F78/><W94/><G94/><T68/><D68/><U56/><E56/><V102/><F102/><W29/><G29/><T69/><D69/><U53/><E80/><V83/><F82/><W111/><G111/><T50/><D50/><N who="1" m="28871" /><E19/><AGARI ba="2,1" hai="10,13,19,21,22,59,63,64,93,95,96,99,100,101" machi="19" ten="30,8000,1" yaku="1,1,7,1,9,1,8,1,52,1,53,0" doraHai="9" doraHaiUra="49" who="0" fromWho="1" sc="163,96,138,-86,362,0,327,0" owari="259,-14.1,52,-44.8,362,46.2,327,12.7" /></mjloggm>