<mjloggm ver="2.3"><GO type="225" lobby="0"/><UN n0="%E8%BE%9B%E5%8F%A3%E3%82%AB%E3%83%AC%E3%83%BC%E3%83%A9%E3%82%A4%E3%82%B9" n1="%73%6C%69%63%6B%33%31%39" n2="%6D%75%75%6D%75%72%61" n3="%E6%A1%9C%E8%8A%B1%E9%96%83%E3%80%85" dan="16,16,16,17" rate="2225.64,2160.32,2144.93,2148.43" sx="M,M,F,M"/><TAIKYOKU oya="0"/><INIT seed="0,0,0,2,0,90" ten="250,250,250,250" oya="0" hai0="97,133,123,26,70,132,98,21,80,57,75,122,107" hai1="31,83,89,112,129,85,60,71,50,116,10,128,79" hai2="51,73,44,42,113,16,114,61,87,126,46,94,9" hai3="91,72,125,20,64,62,96,106,103,102,37,81,1"/><T34/><D34/><U99/><E116/><V35/><F73/><W25/><G125/><T59/><D70/><U110/><E110/><V77/><F35/><W15/><G1/><T55/><D75/><U49/><E112/><V23/><F126/><W0/><G0/><T78/><D78/><U27/><E10/><V19/><F113/><W130/><G130/><N who="1" m="50282" /><E60/><V101/><F114/><W4/><G37/><T68/><D68/><U41/><E41/><V6/><F61/><W38/><G38/><T124/><D80/><U24/><E71/><V36/><F77/><W93/><G15/><T131/><D131/><U40/><E40/><V119/><F119/><W86/><G4/><T82/><D82/><U74/><E99/><N who="0" m="37897" /><D107/><U66/><E66/><V104/><F104/><W48/><G106/><T3/><D3/><U84/><E74/><V135/><F101/><N who="3" m="60559" /><G72/><T28/><D124/><U127/><E127/><V45/><F36/><W118/><G118/><T33/><D33/><N who="1" m="20711" /><E27/><N who="2" m="14823" /><F6/><W120/><G102/><T111/><D111/><U8/><E8/><V7/><F7/><W18/><G103/><T47/><D47/><U117/><E117/><V65/><F65/><W29/><G64/><T67/><D67/><U69/><E69/><V54/><F42/><W92/><G81/><AGARI ba="0,0" hai="49,50,79,81,83,84,85,89" m="20711,50282" machi="81" ten="30,1000,0" yaku="19,1" doraHai="90" who="1" fromWho="3" sc="250,0,250,10,250,0,250,-10" /><INIT seed="1,0,0,5,0,99" ten="250,260,250,240" oya="1" hai0="64,132,33,36,88,123,87,26,124,23,107,122,135" hai1="103,58,91,111,38,19,95,72,129,115,110,113,100" hai2="82,125,86,43,131,56,121,8,15,30,51,80,10" hai3="29,133,7,50,118,92,70,81,112,96,16,79,1"/><U37/><E58/><V11/><F121/><N who="0" m="46090" /><D36/><N who="1" m="13931" /><E19/><V13/><F131/><W57/><G112/><N who="1" m="43082" /><E72/><V93/><F125/><W62/><G70/><T39/><D39/><U97/><E129/><V4/><F4/><W85/><G133/><N who="0" m="51275" /><D124/><U32/><E32/><V68/><F68/><W83/><G118/><T89/><D64/><U120/><E120/><V128/><F128/><W126/><G29/><T78/><D107/><U71/><E71/><V20/><F93/><W47/><G126/><T127/><D33/><U77/><E77/><V116/><F116/><W104/><G104/><T0/><D0/><U45/><E45/><N who="2" m="26047" /><F56/><W119/><G119/><T44/><D44/><U59/><E59/><V67/><F67/><W94/><G1/><T130/><D127/><U42/><E42/><V69/><F69/><W21/><G7/><T49/><D49/><U108/><AGARI ba="0,0" hai="91,95,97,100,103,108,110,111" m="43082,13931" machi="108" ten="40,12000,1" yaku="14,1,10,1,52,2" doraHai="99" who="1" fromWho="1" sc="250,-40,260,120,250,-40,240,-40" /><INIT seed="1,1,0,4,0,80" ten="210,380,210,200" oya="1" hai0="103,15,135,41,61,47,29,9,76,32,116,39,93" hai1="62,4,22,30,33,0,90,42,2,121,79,40,19" hai2="49,85,102,128,28,69,27,51,14,117,65,107,68" hai3="132,122,88,48,105,104,118,57,66,36,101,74,71"/><U53/><E121/><V73/><F73/><W109/><G122/><T1/><D116/><U64/><E79/><V72/><F72/><W98/><G118/><T96/><D135/><U58/><E33/><V81/><F117/><W75/><G132/><T43/><D76/><U110/><E110/><V84/><F128/><W37/><G109/><T133/><D133/><U54/><E30/><V38/><F38/><W131/><G131/><T115/><D115/><U31/><E31/><V23/><F81/><W21/><G105/><T87/><D43/><U34/><E34/><V7/><F107/><W108/><G71/><T35/><D1/><U60/><E4/><V67/><F102/><W89/><G108/><T52/><D29/><U56/><E64/><N who="2" m="24651" /><F69/><W134/><G36/><T12/><D87/><N who="2" m="33354" /><F68/><W112/><G37/><T126/><D126/><U119/><E119/><V113/><F113/><W50/><G104/><T106/><D106/><U13/><E90/><V17/><F7/><W55/><G75/><T97/><D97/><U26/><E0/><V59/><F59/><W16/><G74/><T18/><D32/><U92/><E2/><V129/><F129/><W6/><G112/><T25/><D35/><U95/><E95/><V124/><F124/><W120/><G134/><T100/><D93/><U123/><E92/><V125/><F125/><W127/><G120/><T5/><D100/><U130/><E123/><V83/><F83/><W99/><G127/><T24/><D103/><U70/><E130/><V114/><F114/><W3/><G101/><T82/><D82/><U11/><E70/><RYUUKYOKU ba="1,0" sc="210,-15,380,15,210,15,200,-15" hai1="11,13,19,22,26,40,42,53,54,56,58,60,62" hai2="14,17,23,27,28,49,51" /><INIT seed="1,2,0,0,0,51" ten="195,395,225,185" oya="1" hai0="110,119,31,59,118,37,114,107,86,52,25,61,113" hai1="26,92,112,97,98,47,57,88,99,7,85,39,89" hai2="11,42,77,66,115,72,129,131,132,75,38,3,12" hai3="95,128,133,93,18,127,23,41,105,45,79,70,135"/><U49/><E112/><V22/><F115/><W82/><G105/><T16/><D110/><U116/><E116/><V109/><F109/><W64/><G127/><T9/><D114/><U78/><E78/><V104/><F3/><W5/><G5/><T96/><D113/><U120/><E120/><V121/><F121/><W134/><G128/><N who="2" m="49225" /><F104/><W33/><G33/><T102/><D37/><U50/><E39/><V21/><F132/><W62/><G45/><T56/><D86/><U74/><E74/><N who="2" m="28203" /><F77/><W14/><REACH who="3" step="1"/><G41/><REACH who="3" ten="195,395,225,175" step="2"/><T13/><REACH who="0" step="1"/><D59/><REACH who="0" ten="185,395,225,175" step="2"/><U58/><E57/><V106/><F106/><W40/><G40/><T30/><D30/><U10/><E58/><V36/><F42/><W32/><G32/><AGARI ba="2,2" hai="9,13,16,25,31,32,52,56,61,96,102,107,118,119" machi="32" ten="30,8000,1" yaku="1,1,7,1,52,1,54,2,53,0" doraHai="51" doraHaiUra="34" who="0" fromWho="3" sc="185,106,395,0,225,0,175,-86" /><INIT seed="2,0,0,3,4,118" ten="291,395,225,89" oya="2" hai0="67,99,45,82,65,68,125,49,13,59,0,40,38" hai1="123,109,66,60,29,55,101,36,105,27,120,54,129" hai2="80,50,133,18,135,92,113,98,19,103,62,57,7" hai3="12,4,5,24,77,32,122,20,83,124,2,95,110"/><V112/><F7/><W87/><G110/><T89/><D0/><U108/><E36/><V44/><F80/><W126/><G32/><T85/><D125/><N who="3" m="48233" /><G2/><T76/><D68/><N who="1" m="42055" /><E101/><V56/><F112/><W64/><G64/><T48/><D13/><U131/><E105/><V39/><F39/><W11/><G95/><N who="0" m="56815" /><D38/><U34/><E55/><AGARI ba="0,0" hai="40,45,48,49,55,59,65,67,76,82,85" m="56815" machi="55" ten="30,1000,0" yaku="8,1" doraHai="118" who="0" fromWho="1" sc="291,10,395,-10,225,0,89,0" /><INIT seed="3,0,0,4,5,49" ten="301,385,225,89" oya="3" hai0="80,16,106,60,73,108,85,32,134,94,47,111,40" hai1="72,17,113,65,128,8,6,30,98,26,116,27,123" hai2="29,54,53,79,103,99,7,34,21,76,119,14,0" hai3="11,19,97,10,51,70,117,62,66,121,104,20,78"/><W118/><G121/><T41/><D106/><U107/><E72/><V56/><F119/><W57/><G78/><N who="2" m="29737" /><F34/><W33/><G33/><T109/><D73/><U46/><E123/><V114/><F0/><W48/><G118/><T3/><D3/><U39/><E113/><V42/><F114/><W64/><G117/><T91/><D134/><U67/><E116/><V90/><F103/><W92/><G104/><T96/><D32/><U126/><E17/><N who="2" m="10423" /><F42/><W93/><G93/><T112/><D112/><U84/><E46/><V43/><F43/><W35/><G35/><T59/><D16/><U15/><E27/><V133/><F133/><W61/><G10/><T115/><D115/><U124/><E84/><V127/><F127/><N who="1" m="48681" /><E39/><V22/><F7/><W105/><G105/><T130/><D47/><U12/><E12/><V75/><F56/><W71/><G11/><T102/><D130/><U86/><E86/><V132/><F75/><W58/><G71/><T131/><D131/><U24/><E24/><N who="2" m="16535" /><F132/><W52/><G70/><T125/><D125/><U63/><E98/><V69/><F69/><W87/><G87/><T23/><D23/><U45/><E63/><V5/><F5/><W25/><REACH who="3" step="1"/><G66/><AGARI ba="0,0" hai="40,41,59,60,66,80,85,91,94,96,102,108,109,111" machi="66" ten="40,1300,0" yaku="14,1" doraHai="49" who="0" fromWho="3" sc="301,13,385,0,225,0,89,-13" owari="314,11.4,385,48.5,225,-17.5,76,-42.4" /></mjloggm>