<mjloggm ver="2.3"><GO type="225" lobby="0"/><UN n0="%77%72%77%72%77%72%77%72" n1="%E5%8D%A0%E3%81%84%E5%B8%AB%E8%A3%8F%E3%81%AA%E3%81%84%E3%81%97" n2="%E9%B3%B3%E6%9D%B1%E3%81%AE%E3%81%BF%E3%81%91%E3%81%AB%E3%82%83%E3%82%93" n3="%E3%82%BC%E3%83%AB%E3%83%80%E3%81%AE%E4%BC%9D%E8%AA%AC" dan="17,17,17,18" rate="2244.69,2155.84,2189.03,2210.49" sx="M,M,F,M"/><TAIKYOKU oya="0"/><INIT seed="0,0,0,1,4,125" ten="250,250,250,250" oya="0" hai0="98,85,31,127,65,119,51,133,114,75,16,74,66" hai1="55,132,27,7,64,30,121,48,33,92,130,46,126" hai2="135,54,101,61,24,70,4,109,14,6,21,116,129" hai3="123,15,110,102,8,118,49,22,34,90,60,25,57"/><T86/><D114/><U80/><E121/><V106/><F109/><W100/><G118/><T1/><D119/><U10/><E126/><V17/><F116/><W50/><G34/><T95/><D127/><U2/><E132/><V134/><F101/><N who="3" m="39019" /><G110/><T99/><D1/><U96/><E64/><V47/><F106/><W87/><G123/><T20/><D31/><U68/><E68/><V36/><F70/><W39/><G39/><T53/><D74/><U38/><E38/><V113/><F113/><W117/><G117/><T78/><D75/><U71/><E71/><V93/><F36/><W32/><G32/><T62/><D133/><N who="2" m="50698" /><F93/><N who="3" m="54495" /><G22/><T84/><D78/><U29/><E29/><N who="2" m="17551" /><F61/><W83/><G25/><N who="0" m="14471" /><D62/><U19/><E80/><V73/><F73/><W41/><G83/><T42/><D42/><U58/><E19/><V45/><F54/><N who="3" m="33847" /><G41/><T43/><D43/><U88/><REACH who="1" step="1"/><E46/><REACH who="1" ten="250,240,250,250" step="2"/><V81/><F81/><W59/><G59/><N who="0" m="33215" /><D95/><U23/><E23/><N who="2" m="11703" /><F45/><W18/><AGARI ba="0,1" hai="8,15,18,49,50" m="33847,54495,39019" machi="18" ten="30,1100,0" yaku="8,1" doraHai="125" who="3" fromWho="3" sc="250,-5,240,-3,250,-3,250,21" /><INIT seed="1,0,0,1,4,0" ten="245,237,247,271" oya="1" hai0="44,41,17,46,110,92,132,112,117,61,126,106,129" hai1="81,21,86,1,90,99,9,43,42,128,79,4,104" hai2="24,134,76,97,115,15,123,113,45,120,26,88,62" hai3="91,38,119,14,133,30,47,29,60,93,16,39,49"/><U109/><E128/><V130/><F130/><W84/><G133/><T75/><D129/><U87/><E109/><V103/><F134/><W121/><G121/><T34/><D132/><U36/><E36/><V28/><F76/><W72/><G72/><T20/><D112/><N who="2" m="43082" /><F26/><W27/><G119/><T74/><D106/><U64/><E64/><V67/><F45/><W66/><G27/><T50/><D117/><U56/><E56/><N who="2" m="37319" /><F15/><W108/><G108/><T94/><D110/><U2/><E2/><V124/><F124/><W58/><G39/><T122/><D122/><U85/><E21/><N who="2" m="15375" /><F88/><W116/><G38/><T48/><D34/><U40/><REACH who="1" step="1"/><E90/><REACH who="1" ten="245,227,247,271" step="2"/><V127/><F127/><W8/><REACH who="3" step="1"/><G116/><REACH who="3" ten="245,227,247,261" step="2"/><T95/><D126/><U68/><E68/><V80/><F123/><W125/><G125/><T37/><D37/><U98/><E98/><V73/><F120/><W102/><G102/><AGARI ba="0,2" hai="1,4,9,40,42,43,79,81,85,86,87,99,102,104" machi="102" ten="40,3900,0" yaku="1,1,52,1,53,0" doraHai="0" doraHaiUra="131" who="1" fromWho="3" sc="245,0,227,59,247,0,261,-39" /><INIT seed="1,1,0,3,1,109" ten="245,286,247,222" oya="1" hai0="86,127,11,59,60,20,120,50,99,24,39,126,8" hai1="14,76,61,10,21,38,7,53,25,0,110,84,40" hai2="134,43,1,51,22,128,73,44,64,90,5,48,45" hai3="107,37,135,34,101,124,85,35,2,80,93,29,103"/><U82/><E0/><V12/><F73/><W78/><G37/><T129/><D39/><U18/><E110/><V89/><F134/><W94/><G2/><T68/><D129/><U28/><E38/><V104/><F104/><W49/><G135/><T133/><D133/><U42/><E61/><V13/><F128/><W17/><G124/><N who="0" m="47659" /><D120/><U16/><E53/><V66/><F1/><W65/><G65/><T27/><D99/><U3/><REACH who="1" step="1"/><E18/><REACH who="1" ten="245,276,247,222" step="2"/><V46/><F64/><W74/><G17/><T81/><D50/><U62/><E62/><V130/><F66/><W30/><G49/><T57/><D60/><U23/><AGARI ba="1,1" hai="3,7,10,14,16,21,23,25,28,40,42,76,82,84" machi="23" ten="20,12000,1" yaku="1,1,0,1,7,1,54,1,53,1" doraHai="109" doraHaiUra="33" who="1" fromWho="1" sc="245,-41,276,133,247,-41,222,-41" /><INIT seed="1,2,0,0,3,63" ten="204,409,206,181" oya="1" hai0="94,134,71,88,40,124,97,64,74,125,86,7,25" hai1="102,39,103,52,37,82,98,69,77,126,95,73,47" hai2="70,10,78,35,42,46,128,92,90,4,75,109,104" hai3="111,65,89,12,112,80,33,36,28,61,99,50,54"/><U53/><E69/><V49/><F104/><W110/><G36/><T38/><D74/><U68/><E68/><V105/><F105/><W117/><G112/><T8/><D134/><U60/><E126/><N who="0" m="48745" /><D25/><U21/><E103/><V22/><F35/><W48/><G117/><T20/><D20/><U62/><E39/><V23/><F109/><N who="3" m="41483" /><G12/><T11/><D40/><U87/><E37/><V13/><F128/><W19/><G19/><T55/><D55/><N who="1" m="21067" /><E47/><V17/><F70/><N who="3" m="42287" /><G54/><T15/><D38/><U130/><E130/><V122/><F122/><W96/><G28/><T132/><D132/><U93/><E73/><V79/><F75/><W119/><G33/><T67/><D71/><U59/><E59/><V14/><REACH who="2" step="1"/><F23/><REACH who="2" ten="204,409,196,181" step="2"/><W27/><G119/><T3/><D97/><AGARI ba="2,1" hai="4,10,13,14,17,22,42,46,49,78,79,90,92,97" machi="97" ten="30,7700,0" yaku="1,1,2,1,7,1,8,1,53,0" doraHai="63" doraHaiUra="24" who="2" fromWho="0" sc="204,-83,409,0,196,93,181,0" /><INIT seed="2,0,0,5,3,112" ten="121,409,289,181" oya="2" hai0="109,100,53,129,34,77,7,98,13,65,52,23,87" hai1="57,132,55,20,116,11,106,68,115,90,86,73,75" hai2="44,29,127,128,110,117,31,16,61,17,78,40,91" hai3="5,66,81,12,32,14,85,121,30,94,96,8,60"/><V19/><F128/><W39/><G39/><T130/><D34/><U6/><E115/><V72/><F127/><W21/><G121/><T51/><D109/><U97/><E68/><V36/><F110/><W82/><G32/><T41/><D65/><U118/><E20/><V70/><F117/><W76/><G82/><T113/><D113/><U103/><E132/><V107/><F107/><W47/><G47/><T27/><D77/><U9/><E73/><V93/><F78/><W35/><G35/><T50/><D87/><U15/><E9/><V99/><REACH who="2" step="1"/><F72/><REACH who="2" ten="121,409,279,181" step="2"/><W101/><G30/><T43/><D130/><U131/><E75/><V48/><F48/><W135/><G135/><T33/><D129/><U10/><E131/><V123/><F123/><W38/><G38/><T54/><D50/><U59/><E116/><V45/><F45/><W69/><G21/><T28/><D51/><U24/><E118/><V56/><F56/><W124/><G124/><T108/><D108/><U0/><E57/><V37/><F37/><W84/><G76/><T114/><D114/><U63/><E10/><V62/><F62/><W120/><G120/><T25/><D33/><U92/><REACH who="1" step="1"/><E24/><REACH who="1" ten="121,399,279,181" step="2"/><V104/><F104/><W4/><G8/><N who="0" m="4255" /><D25/><U102/><E102/><V83/><F83/><W88/><G81/><T74/><D74/><U125/><E125/><V49/><F49/><W119/><G101/><T126/><D126/><U111/><E111/><V1/><F1/><AGARI ba="0,2" hai="0,1,6,11,15,55,59,63,86,90,92,97,103,106" machi="1" ten="40,1300,0" yaku="1,1,53,0" doraHai="112" doraHaiUra="105" who="1" fromWho="2" sc="121,0,399,33,279,-13,181,0" /><INIT seed="3,0,0,1,5,58" ten="121,432,266,181" oya="3" hai0="87,32,43,9,109,96,25,92,7,23,4,31,29" hai1="46,50,120,126,112,33,132,99,39,113,42,27,76" hai2="60,59,64,84,103,6,131,70,30,114,67,119,77" hai3="45,110,35,94,48,111,11,17,13,28,72,38,97"/><W116/><G72/><T54/><D109/><U93/><E120/><V85/><F114/><W55/><G38/><T41/><D32/><U63/><E126/><V8/><F119/><W123/><G123/><T108/><D108/><U10/><E132/><V20/><F131/><W52/><G116/><T71/><D71/><U83/><E10/><V74/><F74/><W80/><G80/><T75/><D75/><U65/><E50/><V15/><F103/><W118/><G28/><T134/><D134/><U105/><E93/><V100/><F100/><W19/><G19/><T47/><D29/><N who="1" m="19647" /><E83/><V16/><F30/><W82/><G82/><T121/><D121/><U1/><E1/><V86/><F70/><W36/><G48/><T91/><D87/><U26/><E26/><N who="2" m="14599" /><F67/><W12/><G35/><T21/><D21/><U102/><E76/><AGARI ba="0,0" hai="6,8,15,59,60,64,76,77,84,85,86" m="14599" machi="76" ten="30,3900,0" yaku="8,1,52,1,54,1" doraHai="58" who="2" fromWho="1" sc="121,0,432,-39,266,39,181,0" owari="121,-37.9,393,49.3,305,10.5,181,-21.9" /></mjloggm>