<mjloggm ver="2.3"><GO type="225" lobby="0"/><UN n0="%E4%B8%89%E5%86%A0%E7%8E%8B%E3%83%BB%E5%B1%B1%E7%94%B0%E5%93%B2%E4%BA%BA" n1="%E3%81%9F%E3%81%A3%E3%81%A1%E3%82%87" n2="%72%61%6B%33" n3="%E8%A8%88%E7%AE%97%E6%A9%9F%E8%87%AA%E7%84%B6" dan="17,16,17,17" rate="2214.22,2105.03,2240.57,2243.32" sx="M,M,M,M"/><TAIKYOKU oya="0"/><INIT seed="0,0,0,4,2,51" ten="250,250,250,250" oya="0" hai0="37,20,95,123,115,57,82,89,55,35,43,83,70" hai1="80,111,85,67,25,92,0,39,68,112,45,127,13" hai2="11,15,21,58,125,121,107,122,62,7,98,18,52" hai3="40,81,120,76,5,128,29,10,110,93,32,130,44"/><T90/><D35/><U38/><E0/><V14/><REACH who="2" step="1"/><F125/><REACH who="2" ten="250,250,240,250" step="2"/><W26/><G128/><T4/><D115/><U109/><E127/><V96/><F96/><W65/><G130/><T126/><D126/><U131/><E112/><V54/><F54/><W3/><G120/><T133/><D123/><U9/><E131/><V114/><F114/><W34/><G110/><T77/><D133/><U28/><E111/><V19/><F19/><W59/><G32/><T78/><D4/><U105/><E109/><V86/><F86/><W73/><G34/><T24/><D70/><U124/><E68/><V23/><F23/><W2/><G5/><T132/><D132/><U64/><E124/><V106/><F106/><W49/><G2/><T72/><D20/><U91/><E105/><V53/><F53/><W104/><G104/><T36/><D43/><U94/><E85/><V79/><F79/><W17/><G76/><T103/><D78/><U97/><E97/><V66/><F66/><W99/><G65/><T48/><D55/><U12/><E64/><V46/><F46/><W100/><G44/><T8/><D77/><U27/><E45/><V61/><F61/><W1/><G40/><T108/><D108/><U16/><E67/><V84/><F84/><W74/><G1/><T30/><D72/><U71/><E71/><V47/><F47/><W101/><G73/><T60/><D60/><U41/><E41/><V102/><AGARI ba="0,1" hai="7,11,14,15,18,21,52,58,62,98,102,107,121,122" machi="102" ten="30,8000,1" yaku="21,2,0,1,52,1,54,1,53,0" doraHai="51" doraHaiUra="135" who="2" fromWho="2" sc="250,-40,250,-20,240,90,250,-20" /><INIT seed="1,0,0,5,4,33" ten="210,230,330,230" oya="1" hai0="49,15,51,3,108,88,0,19,101,121,86,122,71" hai1="27,129,25,116,64,36,48,104,120,91,16,83,124" hai2="79,18,99,95,7,31,135,87,110,29,93,52,47" hai3="131,94,41,106,115,118,133,123,12,55,117,84,50"/><U8/><E116/><N who="3" m="44650" /><G123/><N who="0" m="47115" /><D71/><U30/><E120/><V74/><F110/><W105/><G115/><T61/><D108/><U96/><E124/><V21/><F135/><W60/><G133/><T73/><D73/><U82/><E129/><V90/><F7/><W35/><G35/><T22/><D101/><U113/><E36/><V98/><F74/><W69/><G131/><T72/><D72/><U24/><E113/><V5/><F5/><W111/><G111/><T1/><D61/><U38/><E38/><V102/><F79/><W65/><G41/><T26/><D26/><U42/><E30/><V78/><F78/><W80/><G94/><AGARI ba="0,0" hai="0,1,3,15,19,22,49,51,86,88,94" m="47115" machi="94" ten="40,8000,1" yaku="13,1,52,3,54,1" doraHai="33" who="0" fromWho="3" sc="210,80,230,0,330,0,230,-80" /><INIT seed="2,0,0,5,2,125" ten="290,230,330,150" oya="2" hai0="128,127,97,92,20,84,18,66,109,32,45,13,14" hai1="114,21,80,83,79,56,57,121,87,23,30,44,78" hai2="107,51,35,100,60,113,130,132,122,50,62,55,90" hai3="37,103,110,64,93,58,49,102,117,65,119,27,82"/><V67/><F35/><W63/><G37/><T31/><D109/><U134/><E121/><V69/><F90/><W28/><G110/><T98/><D32/><U133/><E44/><V12/><F12/><W54/><G82/><T71/><D127/><U74/><E114/><V88/><F88/><W135/><G135/><T24/><D71/><U126/><E126/><V59/><F100/><W10/><G10/><T40/><D66/><U68/><E68/><V41/><F107/><W16/><G64/><T118/><D118/><U46/><E46/><N who="2" m="25935" /><F113/><W1/><G1/><T124/><D84/><U104/><E104/><V53/><F122/><W77/><G77/><T115/><D13/><U61/><E30/><V108/><F108/><W116/><G93/><T5/><D14/><U70/><E21/><V34/><F34/><W95/><G95/><T4/><D92/><U101/><E23/><V25/><F25/><W86/><G86/><T9/><D24/><U42/><E101/><V36/><F132/><N who="1" m="50793" /><E42/><V111/><F111/><W38/><G28/><T22/><D20/><U7/><E7/><V131/><F36/><W26/><G38/><T2/><D22/><U47/><E78/><V17/><F17/><W81/><G26/><T29/><D29/><U19/><E19/><V91/><F91/><W48/><G27/><T106/><D31/><U6/><E6/><V15/><F15/><W94/><G16/><T89/><D18/><U123/><E123/><V11/><F11/><W112/><G112/><T129/><D115/><U73/><E83/><V43/><F43/><W33/><G116/><RYUUKYOKU ba="0,0" sc="290,-10,230,-10,330,30,150,-10" hai2="51,53,55,59,60,62,67,69,130,131" /><INIT seed="2,1,0,3,0,100" ten="280,220,360,140" oya="2" hai0="65,89,27,112,69,102,85,4,20,80,106,86,60" hai1="1,105,6,133,42,121,98,91,46,54,76,45,15" hai2="68,52,88,71,16,36,103,38,41,31,125,13,47" hai3="11,21,34,50,32,97,116,122,78,59,23,10,49"/><V64/><F125/><W118/><G78/><T7/><D112/><U70/><E133/><V5/><F36/><W26/><G97/><T82/><D102/><U124/><E1/><V113/><F113/><W74/><G59/><T127/><D127/><U37/><E70/><V111/><F31/><W18/><G26/><T53/><D53/><U44/><E124/><V56/><F111/><W95/><G95/><T33/><D33/><U3/><E3/><V101/><F5/><W77/><G77/><T25/><D106/><U67/><E76/><V57/><F57/><W135/><G18/><T107/><D107/><U0/><E0/><V81/><F71/><W24/><G24/><T93/><D27/><U96/><E67/><V94/><F81/><W8/><G8/><T128/><D128/><U17/><E6/><V109/><F109/><W134/><REACH who="3" step="1"/><G122/><REACH who="3" ten="280,220,360,130" step="2"/><T126/><D93/><U72/><E121/><V35/><F68/><W84/><G84/><T14/><D126/><U92/><E98/><V19/><F19/><W99/><G99/><T29/><D25/><U108/><E96/><V9/><F64/><W22/><G22/><T123/><D20/><U61/><E92/><V48/><F35/><W63/><G63/><T87/><D60/><U12/><E61/><V117/><F103/><W131/><G131/><T62/><D65/><U30/><E17/><V73/><F101/><W90/><G90/><T58/><D123/><U119/><E91/><V55/><F88/><W51/><G51/><T43/><D89/><U79/><E79/><V120/><F94/><W39/><G39/><RYUUKYOKU ba="1,1" sc="280,-10,220,-10,360,-10,130,30" hai3="10,11,21,23,32,34,49,50,74,116,118,134,135" /><INIT seed="3,2,1,4,3,38" ten="270,210,350,160" oya="3" hai0="80,91,26,102,53,101,114,125,71,81,49,88,69" hai1="39,24,123,75,21,108,113,110,8,127,47,13,11" hai2="62,132,45,5,77,104,55,65,37,129,52,122,67" hai3="50,131,96,41,25,6,42,3,29,16,10,84,56"/><W79/><G131/><T63/><D63/><U100/><E113/><V58/><F104/><W76/><G96/><T2/><D2/><U126/><E123/><V1/><F132/><W95/><G16/><T12/><D125/><N who="1" m="47627" /><E75/><V66/><F77/><W105/><G105/><T128/><D12/><U98/><E39/><V48/><F1/><W89/><G56/><T117/><D117/><U93/><E47/><N who="2" m="27679" /><F5/><W14/><G3/><T27/><D49/><U106/><E93/><V28/><F28/><W46/><REACH who="3" step="1"/><G41/><REACH who="3" ten="270,210,350,150" step="2"/><T82/><D128/><U78/><E8/><V17/><F17/><W18/><G18/><T20/><D71/><U92/><E106/><V44/><F129/><W51/><G51/><T116/><D69/><U115/><E115/><V30/><F30/><W73/><G73/><T34/><D114/><U9/><E11/><V19/><F19/><W59/><G59/><T94/><D116/><U130/><E130/><V35/><F44/><W23/><AGARI ba="2,2" hai="6,10,14,23,25,29,42,46,50,76,79,84,89,95" machi="23" ten="20,12000,1" yaku="1,1,0,1,7,1,8,1,52,1,53,0" doraHai="38" doraHaiUra="99" who="3" fromWho="3" sc="270,-42,210,-42,350,-42,150,146" /><INIT seed="3,3,0,5,5,82" ten="228,168,308,296" oya="3" hai0="0,86,44,99,117,12,32,41,67,48,9,115,11" hai1="105,35,75,43,29,111,107,16,72,10,95,81,97" hai2="28,46,13,33,8,5,120,22,26,85,92,58,114" hai3="55,42,18,80,24,37,79,64,59,57,45,90,50"/><W76/><G64/><T17/><D117/><U66/><E111/><V20/><F114/><W69/><G69/><T87/><D32/><U109/><E109/><V83/><F120/><W25/><G37/><T65/><D115/><U108/><E108/><V38/><F92/><W135/><G135/><T134/><D134/><U131/><E131/><V84/><F84/><N who="0" m="32298" /><D0/><U100/><E66/><N who="0" m="25097" /><D99/><U40/><E72/><V132/><F132/><W27/><G90/><T112/><D112/><U23/><E35/><V91/><REACH who="2" step="1"/><F58/><REACH who="2" ten="228,168,298,296" step="2"/><N who="3" m="22027" /><G80/><T1/><D1/><U19/><E105/><V106/><F106/><W89/><G89/><T6/><D6/><U47/><E107/><V49/><F49/><N who="3" m="26807" /><G18/><N who="1" m="6698" /><E75/><V15/><F15/><W21/><G21/><AGARI ba="3,1" hai="9,11,12,17,21,41,44,48" m="25097,32298" machi="21" ten="30,7700,0" yaku="8,1,52,3" doraHai="82" who="0" fromWho="3" sc="228,96,168,0,298,0,296,-86" owari="324,42.4,168,-33.2,298,9.8,210,-19.0" /></mjloggm>