<mjloggm ver="2.3"><GO type="225" lobby="0"/><UN n0="%E3%81%B5%E3%81%98%E3%81%8B%E3%81%A4" n1="%E3%81%BF%E3%81%BF%E3%81%9A" n2="%E6%9D%B1%E9%A2%A8%E3%81%AE%E3%81%8D%E3%82%83%E3%81%B7%E3%81%95%E3%82%93" n3="%33%74%72%65%65" dan="17,18,17,16" rate="2191.73,2263.06,2208.14,2156.61" sx="M,M,M,F"/><TAIKYOKU oya="0"/><INIT seed="0,0,0,3,1,80" ten="250,250,250,250" oya="0" hai0="40,59,135,70,51,65,76,37,49,122,87,111,82" hai1="21,79,133,36,55,45,105,72,109,77,134,30,43" hai2="48,81,94,4,95,17,130,64,85,29,66,120,32" hai3="92,102,39,107,58,74,19,115,127,73,10,33,128"/><T0/><D122/><U62/><E109/><V126/><F120/><W41/><G115/><T6/><D111/><U56/><E105/><V34/><F130/><W89/><G128/><T117/><D135/><N who="1" m="51723" /><E72/><V93/><F126/><W44/><G127/><T27/><D117/><U3/><E3/><V35/><F4/><W60/><G33/><T18/><D70/><U104/><E104/><V14/><F29/><W57/><G57/><T108/><D108/><U7/><E7/><V129/><F48/><W112/><G112/><T84/><D37/><U78/><E30/><V118/><F118/><W46/><G46/><N who="0" m="25799" /><D0/><U97/><E97/><V116/><F116/><W99/><G10/><T12/><D18/><U67/><E21/><V68/><F68/><W123/><G19/><T42/><D27/><U22/><E22/><V50/><F50/><W25/><G25/><T53/><D65/><AGARI ba="0,0" hai="36,43,45,55,56,62,65,67,77,78,79" m="51723" machi="65" ten="30,1000,0" yaku="20,1" doraHai="80" who="1" fromWho="0" sc="250,-10,250,10,250,0,250,0" /><INIT seed="1,0,0,2,1,64" ten="240,260,250,250" oya="1" hai0="104,80,7,118,2,62,0,82,125,32,102,75,127" hai1="109,83,31,97,19,90,120,61,12,9,76,22,73" hai2="74,81,72,60,50,133,39,94,98,13,113,47,88" hai3="23,44,111,106,78,93,1,5,6,123,53,69,130"/><U45/><E120/><V135/><F113/><W71/><G106/><T95/><D118/><U10/><E109/><V28/><F39/><W37/><G123/><T126/><D32/><U128/><E128/><V20/><F60/><W38/><G53/><T46/><D104/><U3/><E31/><V99/><F99/><W122/><G122/><T87/><D46/><U89/><E61/><V124/><F124/><W42/><G37/><T65/><D7/><U4/><E97/><V85/><F28/><W26/><G111/><T40/><D40/><U131/><E131/><V59/><F59/><W55/><G130/><T67/><D75/><U115/><E115/><V114/><F114/><W21/><G21/><T79/><D67/><U70/><E70/><V49/><F20/><W105/><G105/><T29/><D29/><U132/><E132/><N who="2" m="50763" /><F13/><W25/><G23/><T63/><D63/><U116/><E116/><V134/><N who="2" m="50771" /><V33/><DORA hai="43" /><F33/><W77/><G38/><T16/><D16/><U36/><E22/><V129/><F129/><W100/><G6/><T24/><D24/><U56/><E56/><V41/><F50/><N who="3" m="29127" /><G25/><T18/><D18/><U15/><E12/><V17/><F17/><W11/><G26/><T34/><D34/><U103/><E103/><AGARI ba="0,0" hai="41,47,49,72,74,81,85,88,94,98,103" m="50771" machi="103" ten="40,5200,0" yaku="20,1,52,1,54,1" doraHai="64,43" who="2" fromWho="1" sc="240,0,260,-52,250,52,250,0" /><INIT seed="2,0,0,1,4,132" ten="240,208,302,250" oya="2" hai0="101,88,1,97,133,27,117,37,66,111,11,62,87" hai1="41,123,18,135,128,39,98,115,65,95,83,106,73" hai2="127,68,84,113,13,14,33,102,25,30,67,109,47" hai3="28,23,71,100,21,49,129,69,119,85,121,107,55"/><V104/><F84/><W0/><G119/><T40/><D117/><U118/><E118/><V2/><F2/><W80/><G121/><T51/><D133/><U48/><E135/><V34/><F34/><W29/><G0/><T53/><D111/><U44/><E115/><V70/><F70/><W32/><G129/><T134/><D134/><U36/><E128/><V74/><F74/><W64/><G64/><T54/><D27/><U72/><E123/><V112/><F47/><W60/><G60/><T99/><D37/><U45/><E106/><V38/><F38/><W93/><G107/><T58/><D40/><U81/><E65/><V114/><F109/><W76/><G69/><T131/><D131/><U16/><E95/><V22/><F22/><N who="3" m="8203" /><G71/><T5/><D101/><U19/><E98/><N who="2" m="61527" /><F13/><W103/><G32/><T124/><D124/><U75/><REACH who="1" step="1"/><E36/><REACH who="1" ten="240,198,302,250" step="2"/><V126/><F14/><W96/><G100/><T120/><D120/><U110/><E110/><V90/><F90/><W42/><G96/><T46/><D66/><U24/><E24/><V59/><F68/><W10/><G103/><T9/><D9/><U50/><E50/><V82/><F112/><W56/><G93/><AGARI ba="0,1" hai="1,5,11,46,51,53,54,58,62,87,88,93,97,99" machi="93" ten="30,2000,0" yaku="7,1,54,1" doraHai="132" who="0" fromWho="3" sc="240,30,198,0,302,0,250,-20" /><INIT seed="3,0,0,4,3,40" ten="270,198,302,230" oya="3" hai0="91,74,117,92,101,113,3,48,11,131,135,102,134" hai1="51,54,52,118,43,125,49,39,68,27,47,90,0" hai2="94,108,23,80,93,81,82,88,34,69,79,41,58" hai3="18,8,30,72,64,130,61,7,78,114,71,67,60"/><W85/><G114/><T29/><D117/><U1/><E118/><V120/><F34/><W110/><G130/><T109/><D74/><U127/><E90/><V16/><F69/><W20/><G110/><T89/><D109/><U24/><E68/><V128/><F108/><W32/><G72/><T119/><D29/><U42/><REACH who="1" step="1"/><E47/><REACH who="1" ten="270,188,302,230" step="2"/><V59/><F120/><W84/><G71/><T62/><D119/><U55/><E55/><V75/><F128/><W129/><G129/><T106/><D131/><U21/><E21/><V65/><F65/><W133/><G67/><T45/><D45/><U36/><AGARI ba="0,1" hai="0,1,24,27,36,39,42,43,49,51,52,54,125,127" machi="36" ten="25,8000,1" yaku="1,1,0,1,22,2,54,1,53,0" doraHai="40" doraHaiUra="107" who="1" fromWho="1" sc="270,-20,188,90,302,-20,230,-40" /><INIT seed="4,0,0,1,2,5" ten="250,278,282,190" oya="0" hai0="25,13,11,71,33,78,6,8,31,45,9,14,74" hai1="95,94,29,53,110,72,97,64,77,103,62,90,57" hai2="44,41,67,60,118,65,49,92,102,116,88,35,69" hai3="16,117,131,123,85,18,30,28,115,91,122,93,20"/><T109/><D71/><U119/><E119/><N who="2" m="45611" /><F102/><W83/><G117/><T24/><D74/><U120/><E110/><V121/><F65/><W79/><G115/><T32/><D78/><U4/><E120/><N who="3" m="46122" /><G131/><T128/><D45/><U133/><E133/><V76/><F121/><W135/><G135/><T0/><D128/><U126/><E126/><V19/><F76/><W42/><G42/><T3/><D109/><U132/><E132/><V27/><F19/><N who="3" m="7211" /><G20/><T2/><D6/><U100/><E29/><AGARI ba="0,0" hai="0,2,3,8,9,11,13,14,24,25,29,31,32,33" machi="29" ten="50,24000,3" yaku="9,1,35,6,52,3" doraHai="5" who="0" fromWho="1" sc="250,240,278,-240,282,0,190,0" owari="490,59.0,38,-46.2,282,8.2,190,-21.0" /></mjloggm>