<mjloggm ver="2.3"><GO type="225" lobby="0"/><UN n0="%73%61%6E%64%69%72%69%73" n1="%E3%83%AD%E3%83%83%E3%83%86%E9%9B%80%E7%90%83" n2="%E3%82%89%E3%81%84%E3%81%82%E3%82%93%E3%81%98%E3%82%83%E3%82%93" n3="%E3%82%BC%E3%83%AB%E3%83%80%E3%81%AE%E4%BC%9D%E8%AA%AC" dan="16,17,17,16" rate="2125.12,2190.16,2135.28,2208.22" sx="M,M,M,M"/><TAIKYOKU oya="0"/><INIT seed="0,0,0,5,1,126" ten="250,250,250,250" oya="0" hai0="61,50,60,92,43,73,12,24,113,32,64,106,70" hai1="81,101,89,27,18,19,90,15,58,83,17,3,110" hai2="23,1,88,8,13,111,51,115,79,41,44,132,71" hai3="112,105,36,134,107,120,6,28,98,76,42,55,62"/><T67/><D113/><U21/><E110/><V122/><F122/><W124/><G112/><T46/><D106/><U91/><E3/><V103/><F115/><W75/><G28/><T109/><D73/><U85/><E101/><V20/><F71/><W104/><G124/><T52/><D109/><U38/><E38/><V39/><F1/><W9/><G134/><T49/><D12/><U86/><E91/><V87/><F132/><W4/><G120/><T96/><D24/><U131/><E131/><V47/><F103/><N who="3" m="62583" /><G4/><T93/><D32/><U25/><E25/><V99/><F111/><W10/><G55/><T34/><D34/><U2/><E2/><V77/><F44/><N who="3" m="23623" /><G62/><T80/><D80/><U53/><REACH who="1" step="1"/><E15/><REACH who="1" ten="250,240,250,250" step="2"/><V33/><F39/><W14/><G14/><T29/><D29/><U48/><AGARI ba="0,1" hai="17,18,19,21,27,48,53,58,81,83,85,86,89,90" machi="48" ten="20,12000,2" yaku="1,1,2,1,0,1,7,1,9,1,8,1,53,0" doraHai="126" doraHaiUra="74" who="1" fromWho="1" sc="250,-60,240,130,250,-30,250,-30" /><INIT seed="1,0,0,1,0,88" ten="190,370,220,220" oya="1" hai0="102,92,12,2,123,95,78,20,56,69,87,60,119" hai1="80,19,109,8,98,27,39,130,76,57,71,41,33" hai2="34,17,120,43,116,38,35,18,73,1,63,47,30" hai3="10,128,59,85,89,101,66,90,126,99,112,79,104"/><U49/><E71/><V97/><F116/><W105/><G112/><T23/><D119/><U83/><E39/><V46/><F120/><W81/><G10/><T15/><D2/><U75/><E130/><V48/><F1/><W106/><G66/><T25/><D69/><U52/><E41/><V31/><F73/><N who="3" m="43247" /><G59/><T93/><D123/><U22/><E109/><V21/><F63/><W121/><G121/><T40/><D102/><U91/><E33/><V124/><F124/><W16/><G16/><N who="0" m="12519" /><D40/><U127/><E127/><V125/><F125/><W32/><G32/><T94/><D20/><U107/><E8/><V54/><F34/><W133/><G126/><T117/><D117/><U114/><E114/><V118/><F118/><W70/><G70/><T84/><N who="0" m="23552" /><DORA hai="68" /><T0/><D0/><U77/><E107/><N who="3" m="41034" /><G128/><T50/><D50/><U72/><E98/><V53/><F97/><W113/><G113/><T132/><D132/><U24/><E24/><N who="2" m="16655" /><F35/><W134/><G134/><T36/><D36/><U74/><E74/><V86/><F38/><W6/><G133/><T64/><D78/><U58/><E91/><V108/><F48/><W115/><G115/><T55/><D64/><U135/><E135/><V37/><F43/><W44/><G90/><T110/><D110/><U51/><E49/><V96/><F108/><W26/><G89/><T100/><D100/><U82/><E51/><V61/><F37/><W129/><G129/><T122/><D122/><U42/><E42/><V29/><F96/><W4/><G106/><T28/><D28/><U67/><E67/><V5/><F31/><RYUUKYOKU ba="0,0" sc="190,30,370,-10,220,-10,220,-10" hai0="12,15,55,56,60,84,87" /><INIT seed="2,1,0,0,5,127" ten="220,360,210,210" oya="2" hai0="28,122,83,81,111,30,32,45,74,27,62,34,123" hai1="44,106,47,2,7,41,93,128,14,132,67,108,121" hai2="38,104,98,126,61,92,116,134,87,22,25,76,77" hai3="117,100,40,4,10,124,15,94,130,39,65,125,49"/><V110/><F116/><W72/><G117/><T89/><D89/><U53/><E128/><V114/><F114/><W60/><G72/><T54/><D111/><U58/><E106/><V16/><F126/><N who="3" m="48747" /><G39/><T96/><D96/><U85/><E2/><V120/><F120/><W37/><G37/><T48/><D62/><U0/><E0/><V46/><F110/><W64/><G130/><T9/><D9/><N who="1" m="4415" /><E132/><V24/><F134/><W102/><G94/><T56/><D56/><U1/><E1/><V107/><F104/><W51/><G65/><T91/><D91/><U80/><E67/><V35/><F107/><W26/><G26/><T131/><D131/><U113/><E41/><V105/><F105/><W135/><G135/><T5/><D5/><U18/><E93/><V29/><F38/><W55/><G15/><T95/><D95/><U66/><E66/><V75/><F75/><W17/><G40/><T13/><D13/><U20/><E113/><V97/><F35/><W11/><G17/><T12/><D12/><N who="1" m="9287" /><E121/><V71/><F71/><N who="3" m="42375" /><G55/><T3/><D3/><U19/><E19/><V63/><F16/><W8/><G4/><T52/><D74/><U129/><E129/><V84/><F92/><W109/><G109/><T101/><D27/><U36/><E36/><V90/><F24/><W103/><AGARI ba="1,0" hai="8,10,11,49,51,100,102,103" m="42375,48747" machi="103" ten="40,1500,0" yaku="18,1" doraHai="127" who="3" fromWho="3" sc="220,-5,360,-5,210,-8,210,18" /><INIT seed="3,0,0,5,3,108" ten="215,355,202,228" oya="3" hai0="53,96,131,79,83,74,106,61,32,114,128,92,120" hai1="84,107,51,49,86,110,19,60,52,127,1,97,71" hai2="68,98,99,18,3,56,16,15,115,121,14,101,73" hai3="133,34,116,69,38,21,85,77,31,103,37,67,87"/><W29/><G21/><T125/><D120/><U104/><E110/><V132/><F68/><W2/><G2/><T57/><D32/><U65/><E127/><V129/><F73/><W23/><G23/><T44/><D125/><U22/><E1/><V41/><F3/><W17/><G116/><T63/><D106/><U134/><E134/><V59/><F121/><W82/><G133/><T25/><D114/><U47/><E51/><V45/><F132/><W9/><G87/><T5/><D5/><U76/><E76/><V10/><F115/><W35/><G35/><T130/><D44/><U118/><E118/><V0/><F0/><W36/><G103/><N who="0" m="60807" /><D25/><U55/><E55/><V93/><F99/><W117/><G117/><T42/><D42/><U94/><E107/><V75/><F75/><W100/><G100/><T66/><D63/><U46/><E46/><V72/><F72/><W105/><G105/><T123/><D123/><U58/><E71/><V62/><F62/><N who="3" m="40183" /><G34/><T112/><D112/><U27/><E104/><V8/><F129/><W13/><G31/><T28/><D28/><U33/><E33/><V113/><F113/><W64/><G29/><T126/><D126/><U24/><E24/><V89/><F101/><AGARI ba="0,0" hai="19,22,27,47,49,52,58,60,65,84,86,94,97,101" machi="101" ten="30,3900,0" yaku="7,1,8,1,54,1" doraHai="108" who="1" fromWho="2" sc="215,0,355,39,202,-39,228,0" owari="215,-18.5,394,49.4,163,-33.7,228,2.8" /></mjloggm>