<mjloggm ver="2.3"><GO type="225" lobby="0"/><UN n0="%4B%2E%32%2E%4B%2E" n1="%E5%86%B7%E5%87%8D%E3%82%AE%E3%83%A7%E3%83%BC%E3%82%B6" n2="%E3%82%BC%E3%83%AB%E3%83%80%E3%81%AE%E4%BC%9D%E8%AA%AC" n3="%31%38%63%6D%E7%AB%8B%E7%9B%B4%E6%A3%92" dan="16,16,16,16" rate="2220.59,2106.97,2200.62,2126.19" sx="M,M,M,M"/><TAIKYOKU oya="0"/><INIT seed="0,0,0,2,4,18" ten="250,250,250,250" oya="0" hai0="69,47,54,92,26,123,56,14,64,94,39,59,89" hai1="135,86,121,31,51,134,96,20,77,49,48,65,61" hai2="106,12,4,114,91,107,116,25,3,68,43,38,10" hai3="53,37,130,13,100,2,7,88,133,29,36,44,87"/><T9/><D123/><U111/><E121/><V101/><F114/><W97/><G133/><N who="1" m="50698" /><E96/><V23/><F68/><W11/><G130/><T95/><D69/><N who="1" m="42159" /><E111/><V127/><F127/><W5/><G29/><T15/><D89/><U52/><E86/><V28/><F116/><W72/><G72/><T129/><D129/><U55/><E77/><V67/><F67/><W104/><G53/><N who="1" m="20554" /><E31/><V16/><F101/><W19/><G5/><T105/><D105/><U60/><E20/><V128/><F128/><W83/><REACH who="3" step="1"/><G44/><REACH who="3" ten="250,250,250,240" step="2"/><T102/><D47/><U42/><E60/><V119/><F119/><W82/><G82/><T58/><D64/><U24/><E24/><V125/><F28/><W118/><G118/><T30/><D30/><U115/><E115/><V108/><F25/><W21/><AGARI ba="0,1" hai="2,7,11,13,19,21,36,37,83,87,88,97,100,104" machi="21" ten="20,12000,2" yaku="1,1,0,1,7,1,52,1,54,1,53,1" doraHai="18" doraHaiUra="32" who="3" fromWho="3" sc="250,-60,250,-30,250,-30,240,130" /><INIT seed="1,0,0,3,4,83" ten="190,220,220,370" oya="1" hai0="110,43,125,90,81,104,93,24,72,0,92,102,9" hai1="39,54,26,35,56,80,52,53,17,75,49,133,103" hai2="76,65,132,107,21,127,131,48,41,2,111,96,36" hai3="14,62,120,38,5,22,33,124,122,109,71,32,78"/><U87/><E75/><V74/><F2/><W42/><G78/><T4/><D110/><U50/><E39/><V31/><F36/><W63/><G42/><T84/><D125/><U12/><E103/><V128/><F65/><W116/><G38/><T68/><D68/><U94/><E94/><V45/><F111/><W97/><G97/><T37/><D72/><U105/><E105/><V98/><F127/><W129/><G109/><T16/><D104/><U126/><E133/><V91/><F132/><W51/><G124/><T101/><D101/><U1/><E1/><V106/><F106/><W28/><G71/><T135/><D135/><U86/><E126/><V61/><F61/><W29/><G51/><N who="1" m="19466" /><E35/><V85/><F107/><W6/><G22/><T108/><D102/><U27/><E56/><V19/><F76/><W115/><G14/><T60/><D60/><U23/><E87/><V99/><F74/><W58/><G58/><T44/><REACH who="0" step="1"/><D108/><REACH who="0" ten="180,220,220,370" step="2"/><U66/><E66/><V25/><REACH who="2" step="1"/><F31/><REACH who="2" ten="180,220,210,370" step="2"/><W18/><G63/><T112/><D112/><U82/><E82/><AGARI ba="0,2" hai="19,21,25,41,45,48,82,85,91,96,98,99,128,131" machi="82" ten="40,5200,0" yaku="1,1,2,1,52,1,53,0" doraHai="83" doraHaiUra="117" who="2" fromWho="1" sc="180,0,220,-52,210,72,370,0" /><INIT seed="2,0,0,2,2,25" ten="180,168,282,370" oya="2" hai0="16,57,131,81,29,17,108,41,30,12,3,123,112" hai1="18,100,122,31,35,79,8,52,111,67,55,109,15" hai2="66,118,36,93,90,34,61,125,91,68,48,96,27" hai3="83,43,82,98,19,77,51,130,119,85,47,78,50"/><V26/><F118/><W75/><G130/><T24/><D123/><U74/><E122/><V69/><F36/><W80/><G119/><T101/><D112/><U39/><E39/><V28/><F125/><W121/><G121/><T65/><D3/><U4/><E67/><V63/><F48/><W11/><G98/><T10/><D131/><U20/><E100/><V105/><F27/><W92/><G92/><T76/><D108/><N who="1" m="41547" /><E35/><V106/><F91/><W124/><G124/><T6/><D101/><U135/><E135/><V73/><F73/><W120/><G120/><T22/><D41/><U32/><E32/><V107/><REACH who="2" step="1"/><F61/><REACH who="2" ten="180,168,272,370" step="2"/><W87/><G51/><T132/><D132/><U110/><N who="1" m="41555" /><U115/><DORA hai="21" /><E115/><V133/><F133/><W71/><G75/><T102/><D102/><U116/><E116/><V54/><F54/><W38/><G38/><T60/><D6/><U33/><E74/><AGARI ba="0,1" hai="10,12,16,17,22,24,29,30,57,60,65,74,76,81" machi="74" ten="30,8000,1" yaku="7,1,52,3,54,1" doraHai="25,21" who="0" fromWho="1" sc="180,90,168,-80,272,0,370,0" /><INIT seed="3,0,0,3,4,4" ten="270,88,272,370" oya="3" hai0="52,26,72,71,44,75,10,74,18,133,78,53,42" hai1="103,95,1,93,31,34,16,24,33,111,47,127,98" hai2="107,5,115,90,7,114,27,69,64,101,38,80,29" hai3="82,119,23,132,12,112,100,110,85,36,14,9,99"/><W43/><G119/><T105/><D105/><U2/><E111/><V125/><F38/><W86/><G112/><T32/><D71/><U120/><E127/><V84/><F125/><W87/><G110/><T68/><D68/><U97/><E120/><V134/><F134/><W122/><G122/><T41/><D133/><U22/><E47/><V55/><F55/><W35/><G35/><T128/><D78/><U73/><E73/><V94/><F5/><W40/><G40/><BYE who="3" /><T20/><D128/><U113/><E113/><UN n3="%31%38%63%6D%E7%AB%8B%E7%9B%B4%E6%A3%92" /><V39/><F7/><W130/><G43/><T3/><D32/><U58/><E58/><V0/><F0/><W15/><G36/><T56/><D3/><U96/><E96/><N who="2" m="61863" /><F80/><W63/><G132/><T60/><REACH who="0" step="1"/><D10/><REACH who="0" ten="260,88,272,370" step="2"/><U48/><E34/><N who="2" m="20799" /><F39/><W126/><G9/><T77/><D77/><U108/><E108/><V28/><F28/><W88/><G126/><T67/><D67/><U8/><E48/><AGARI ba="0,1" hai="18,20,26,41,42,44,48,52,53,56,60,72,74,75" machi="48" ten="40,8000,1" yaku="1,1,54,1,53,2" doraHai="4" doraHaiUra="49" who="0" fromWho="1" sc="260,90,88,-80,272,0,370,0" owari="350,15.0,8,-49.2,272,-12.8,370,47.0" /></mjloggm>