<mjloggm ver="2.3"><GO type="225" lobby="0"/><UN n0="%72%69%6F%75%63%68%61%6E" n1="%E3%81%B5%E3%81%98%E3%81%8B%E3%81%A4" n2="%E3%81%A9%E3%82%8F%E3%82%93%E3%81%94" n3="%E5%A4%9C%E3%81%AE%E3%82%AC%E3%82%B9%E3%83%91%E3%83%BC%E3%83%AB" dan="16,16,16,16" rate="2145.05,2109.75,2041.04,2119.78" sx="M,M,M,M"/><TAIKYOKU oya="0"/><INIT seed="0,0,0,0,2,68" ten="250,250,250,250" oya="0" hai0="50,65,80,108,11,89,69,95,57,20,6,46,112" hai1="114,130,24,116,88,72,100,79,101,106,9,39,119" hai2="21,125,131,81,3,132,26,33,59,1,4,0,90" hai3="67,14,40,115,30,73,27,111,71,134,28,76,35"/><T78/><D112/><U23/><E39/><V48/><F81/><N who="3" m="45199" /><G14/><T121/><D121/><U5/><E114/><V22/><F90/><W13/><G13/><T15/><D108/><U12/><E130/><V58/><F48/><W83/><G115/><T105/><D105/><U103/><E106/><V17/><F58/><W56/><G56/><T49/><D69/><U74/><E88/><V82/><F82/><W75/><G134/><T85/><D20/><U60/><E60/><V64/><F59/><W135/><G135/><T37/><D37/><U32/><E32/><V52/><F52/><W122/><G30/><T41/><D49/><U133/><E133/><V55/><F55/><W45/><G111/><T36/><D36/><U109/><E109/><V91/><F64/><W93/><G93/><T107/><D107/><U98/><E98/><V2/><F132/><W31/><G31/><T128/><D128/><U53/><E53/><V44/><F1/><W66/><G122/><T102/><D102/><U47/><E47/><V123/><F2/><W34/><G34/><T120/><D120/><U87/><E87/><V104/><F0/><W10/><G10/><T92/><D89/><U16/><REACH who="1" step="1"/><E79/><REACH who="1" ten="250,240,250,250" step="2"/><V51/><F131/><W63/><G67/><T117/><D117/><AGARI ba="0,1" hai="5,9,12,16,23,24,72,74,100,101,103,116,117,119" machi="117" ten="40,5200,0" yaku="1,1,2,1,54,1,53,0" doraHai="68" doraHaiUra="110" who="1" fromWho="0" sc="250,-52,240,62,250,0,250,0" /><INIT seed="1,0,0,1,5,96" ten="198,302,250,250" oya="1" hai0="3,43,92,126,129,4,13,62,130,120,56,127,131" hai1="110,100,105,106,0,83,101,20,29,40,113,16,15" hai2="34,48,65,14,39,111,123,57,90,85,108,70,31" hai3="19,49,118,94,61,9,119,63,27,60,117,50,26"/><U121/><E113/><V30/><F123/><W97/><G9/><N who="0" m="2207" /><D43/><U77/><E121/><V72/><F39/><W6/><G6/><T71/><D71/><U41/><E0/><V45/><F72/><W35/><G35/><T125/><D120/><U107/><E29/><V98/><F70/><W36/><G36/><T53/><D92/><U54/><E54/><V7/><F98/><W86/><G86/><T23/><D13/><U112/><E112/><V69/><F69/><W102/><REACH who="3" step="1"/><G19/><REACH who="3" ten="198,302,250,240" step="2"/><T122/><D122/><U55/><E110/><V42/><F34/><W22/><G22/><AGARI ba="0,1" hai="22,23,53,56,62,125,126,127,129,130,131" m="2207" machi="22" ten="40,2600,0" yaku="18,1,19,1" doraHai="96" who="0" fromWho="3" sc="198,36,302,0,250,0,240,-26" /><INIT seed="2,0,0,1,5,30" ten="234,302,250,214" oya="2" hai0="20,18,84,107,33,111,93,51,37,77,56,52,135" hai1="35,31,25,87,43,12,92,63,44,13,134,120,8" hai2="78,109,75,68,104,15,34,81,50,54,119,5,1" hai3="14,72,48,131,4,127,113,62,40,74,96,98,17"/><V49/><F119/><W105/><G127/><T90/><D37/><U76/><E134/><V86/><F68/><W45/><G131/><T60/><D135/><U71/><E120/><V129/><F104/><W36/><G4/><T128/><D128/><U123/><E123/><V46/><F129/><W3/><G3/><T102/><D111/><U28/><E28/><V64/><F1/><W126/><G126/><T83/><D33/><U65/><E8/><V23/><F64/><W59/><G113/><T7/><D7/><U42/><E42/><V41/><F109/><W94/><G36/><T82/><D77/><U106/><E106/><V79/><F75/><W9/><G105/><T69/><D69/><U16/><E16/><N who="2" m="10655" /><F34/><W108/><G108/><T97/><REACH who="0" step="1"/><D60/><REACH who="0" ten="224,302,250,214" step="2"/><U67/><E76/><N who="2" m="46375" /><F5/><W114/><G114/><T118/><D118/><U32/><E63/><V58/><AGARI ba="0,1" hai="41,46,49,50,54,58,78,79" m="46375,10655" machi="58" ten="30,3000,0" yaku="8,1,54,1" doraHai="30" who="2" fromWho="2" sc="224,-10,302,-10,250,40,214,-10" /><INIT seed="2,1,0,0,4,88" ten="214,292,290,204" oya="2" hai0="130,2,95,119,101,42,103,124,27,121,13,30,112" hai1="31,76,81,132,99,129,43,34,38,52,85,91,106" hai2="19,54,12,24,57,110,16,59,126,72,37,125,93" hai3="26,60,62,74,35,98,55,127,118,78,66,64,58"/><V56/><F72/><W49/><G118/><T39/><D121/><U115/><E115/><V113/><F37/><W46/><G35/><T89/><D112/><U83/><E34/><V3/><F113/><W123/><G26/><T116/><D2/><U120/><E38/><V108/><F3/><W51/><G78/><T68/><D68/><U8/><E43/><V70/><F70/><N who="3" m="42247" /><G98/><T14/><D124/><N who="2" m="47722" /><F54/><N who="3" m="30007" /><G127/><T69/><D130/><U4/><E31/><V20/><F93/><W48/><G74/><T75/><D69/><U86/><E129/><V122/><F122/><W22/><G22/><AGARI ba="1,0" hai="12,16,19,20,22,24,56,57,59,108,110" m="47722" machi="22" ten="40,3900,0" yaku="18,1,54,1" doraHai="88" who="2" fromWho="3" sc="214,0,292,0,290,42,204,-42" /><INIT seed="2,2,0,5,5,131" ten="214,292,332,162" oya="2" hai0="54,121,79,96,84,16,74,133,85,67,69,43,55" hai1="27,24,23,15,86,72,4,118,90,111,130,82,37" hai2="13,21,62,75,112,29,39,116,99,41,119,12,80" hai3="19,104,17,32,120,135,107,25,129,126,115,28,76"/><V92/><F112/><W26/><G120/><T78/><D133/><U38/><E111/><V11/><F39/><W125/><G76/><T117/><D121/><U49/><E118/><V7/><F41/><W47/><G47/><T36/><D117/><U109/><E109/><V97/><F62/><W101/><G101/><T127/><D127/><N who="3" m="48649" /><G129/><T10/><D74/><U48/><E130/><V88/><F99/><W31/><G115/><T98/><D69/><U61/><E72/><V44/><F44/><W91/><G91/><T42/><D67/><U63/><E37/><V68/><F68/><W50/><G50/><N who="1" m="19562" /><E38/><V132/><F75/><W18/><G32/><T8/><REACH who="0" step="1"/><D36/><REACH who="0" ten="204,292,332,162" step="2"/><U52/><E61/><V0/><F119/><W105/><G135/><T30/><D30/><AGARI ba="2,1" hai="17,18,19,25,26,28,30,31,104,105,107" m="48649" machi="30" ten="40,5200,0" yaku="28,2,18,1" doraHai="131" who="3" fromWho="0" sc="204,-58,292,0,332,0,162,68" /><INIT seed="3,0,0,2,2,108" ten="146,292,332,230" oya="3" hai0="27,37,8,25,69,99,44,76,3,114,102,64,20" hai1="104,100,92,29,119,17,58,1,130,107,61,4,6" hai2="0,45,96,101,72,112,94,43,74,23,52,122,133" hai3="60,118,129,116,95,115,26,105,62,97,19,90,54"/><W13/><G129/><T83/><D69/><U103/><E29/><V41/><F0/><W109/><G109/><T93/><D64/><U66/><E130/><V82/><F112/><W132/><G115/><T63/><D63/><U135/><E135/><V71/><F71/><W110/><G110/><T113/><D25/><U87/><E107/><V65/><F65/><W80/><G132/><T134/><D134/><U125/><E1/><V11/><F133/><W73/><G26/><T120/><D120/><U16/><E125/><V55/><F11/><W123/><G123/><T86/><D37/><U79/><E104/><V42/><F122/><W2/><G2/><T14/><D3/><U117/><E79/><V10/><F10/><W56/><G62/><T59/><D59/><U88/><E103/><V111/><F111/><W81/><G105/><T121/><D44/><U77/><E77/><V47/><F82/><W7/><G7/><N who="1" m="2602" /><E100/><V49/><F23/><W15/><G15/><T51/><D51/><AGARI ba="0,0" hai="41,42,43,45,47,49,51,52,55,72,74,94,96,101" machi="51" ten="40,2600,0" yaku="9,1,54,1" doraHai="108" who="2" fromWho="0" sc="146,-26,292,0,332,26,230,0" owari="120,-38.0,292,9.2,358,45.8,230,-17.0" /></mjloggm>