<mjloggm ver="2.3"><GO type="225" lobby="0"/><UN n0="%E3%82%B7%E3%83%B3%E5%A4%AA%E6%9C%97" n1="%E9%B3%B3%E6%9D%B1%E3%81%AE%E3%81%86%E3%81%95%E3%81%8E%E3%81%95%E3%82%93" n2="%4B%2E%32%2E%4B%2E" n3="%E6%9D%B1%E9%A2%A8%E3%81%AE%E3%81%8D%E3%82%83%E3%81%B7%E3%81%95%E3%82%93" dan="16,17,17,16" rate="2158.79,2235.23,2147.99,2114.84" sx="M,M,M,M"/><TAIKYOKU oya="0"/><INIT seed="0,0,0,3,3,51" ten="250,250,250,250" oya="0" hai0="61,3,89,2,10,84,43,24,36,28,30,130,1" hai1="45,127,72,47,86,32,90,131,100,42,111,116,27" hai2="75,48,121,92,132,29,63,4,74,112,108,91,40" hai3="123,16,26,62,82,33,97,46,12,115,64,5,18"/><T104/><D130/><U126/><E116/><V96/><F112/><W94/><G115/><T95/><D104/><U9/><E131/><V114/><F114/><W39/><G123/><T101/><D101/><U113/><E113/><V125/><F121/><W56/><G82/><T109/><D109/><U44/><E72/><V60/><F108/><W19/><G39/><T129/><D129/><U58/><E100/><V49/><F125/><N who="1" m="47625" /><E111/><V76/><F132/><W65/><G46/><T41/><D30/><N who="1" m="19551" /><E58/><V69/><F29/><W102/><G33/><T15/><D61/><U98/><E9/><V17/><F60/><W99/><G99/><T119/><D119/><U66/><E66/><V67/><F74/><W134/><G134/><T37/><D36/><N who="1" m="21575" /><E98/><V59/><F69/><W124/><G124/><T80/><D37/><U8/><E8/><V7/><F67/><W11/><REACH who="3" step="1"/><G65/><REACH who="3" ten="250,250,250,240" step="2"/><T88/><D80/><AGARI ba="0,1" hai="45,47,80,86,90" m="21575,19551,47625" machi="80" ten="30,1000,0" yaku="18,1" doraHai="51" who="1" fromWho="0" sc="250,-10,250,20,250,0,240,0" /><INIT seed="1,0,0,2,5,7" ten="240,270,250,240" oya="1" hai0="84,19,44,85,18,119,41,88,38,130,28,60,37" hai1="20,2,68,36,55,52,104,125,77,6,34,94,71" hai2="89,93,57,65,97,24,58,121,74,27,26,54,117" hai3="99,120,30,83,69,91,98,134,118,51,78,1,48"/><U132/><E104/><V76/><F117/><W61/><G1/><T102/><D119/><U92/><E34/><V21/><F121/><W82/><G118/><T112/><D112/><U10/><E36/><V79/><F74/><W42/><G120/><T122/><D122/><U8/><E77/><V103/><F65/><W25/><G134/><T63/><D130/><U95/><E132/><V16/><F58/><W111/><G111/><T4/><D102/><U100/><E100/><V5/><F5/><W9/><G42/><T12/><D37/><U123/><E123/><V46/><F46/><W33/><G91/><T62/><D28/><U56/><E125/><V49/><REACH who="2" step="1"/><F103/><REACH who="2" ten="240,270,240,240" step="2"/><W108/><G69/><T22/><D4/><U66/><E71/><V135/><F135/><W126/><G108/><T31/><D31/><U17/><E68/><V47/><F47/><W87/><G30/><T115/><D115/><U11/><E6/><V101/><F101/><W29/><G29/><T124/><D124/><U116/><E116/><V105/><F105/><W43/><G126/><T53/><D19/><U45/><E45/><V106/><F106/><W14/><G33/><T23/><D44/><U128/><E2/><V39/><F39/><W72/><G72/><T15/><D38/><U127/><E127/><V80/><F80/><W73/><G83/><T40/><D18/><U110/><E110/><V109/><F109/><W81/><G81/><T35/><D40/><U129/><E66/><V107/><F107/><W32/><G43/><T0/><D41/><U96/><E56/><V86/><F86/><RYUUKYOKU ba="0,1" sc="240,-10,270,-10,240,30,240,-10" hai2="16,21,24,26,27,49,54,57,76,79,89,93,97" /><INIT seed="2,1,1,3,0,55" ten="230,260,270,230" oya="2" hai0="106,84,39,61,73,0,68,46,42,102,135,100,24" hai1="14,71,27,94,33,17,90,51,56,78,124,91,93" hai2="18,126,40,122,86,92,37,69,82,75,9,1,77" hai3="74,20,116,70,47,3,57,6,43,62,26,128,7"/><V19/><F122/><W41/><G128/><T25/><D135/><U81/><E71/><V22/><F69/><W58/><G74/><T48/><D73/><U52/><E124/><V112/><F112/><W127/><G116/><T120/><D120/><U36/><E36/><V54/><F126/><W131/><G131/><T5/><D39/><U72/><E27/><V32/><F32/><W103/><G127/><T23/><D25/><U10/><REACH who="1" step="1"/><E33/><REACH who="1" ten="230,250,270,230" step="2"/><V113/><F113/><W96/><G70/><T115/><D115/><U35/><E35/><V63/><F37/><W89/><G3/><T34/><D34/><U2/><E2/><V111/><F1/><W85/><G26/><T76/><D0/><U134/><E134/><V110/><F110/><W108/><G108/><T121/><D24/><U97/><E97/><V105/><F111/><W30/><G96/><T118/><D68/><U107/><E107/><V83/><F105/><W98/><G98/><T60/><D106/><U16/><E16/><V44/><F19/><W21/><G30/><T64/><D121/><U123/><E123/><V50/><F18/><W119/><G6/><T133/><D5/><U31/><E31/><V125/><F125/><W79/><G7/><T15/><D133/><U67/><E67/><V101/><F101/><N who="0" m="39018" /><D64/><U59/><E59/><V53/><F44/><W132/><G47/><T4/><D4/><U130/><E130/><V29/><F29/><W129/><G132/><T104/><D104/><U99/><E99/><V114/><F114/><W45/><G129/><T66/><D66/><U38/><E38/><RYUUKYOKU ba="1,2" sc="230,-10,250,30,270,-10,230,-10" hai1="10,14,17,51,52,56,72,78,81,90,91,93,94" /><INIT seed="3,2,2,0,0,128" ten="220,280,260,220" oya="3" hai0="43,72,47,2,87,58,21,102,77,48,68,39,64" hai1="83,78,89,110,116,49,70,76,104,71,75,99,45" hai2="74,61,53,4,25,40,63,41,55,108,109,82,101" hai3="6,130,15,106,107,125,95,54,132,19,60,91,97"/><W8/><G130/><T28/><D72/><U42/><E110/><N who="2" m="42603" /><F4/><W7/><G125/><T133/><D2/><U80/><E116/><V18/><F101/><W90/><G107/><T103/><D133/><U3/><E3/><V126/><F126/><W13/><G106/><T119/><D119/><U30/><E30/><V127/><F63/><W115/><G115/><T124/><D124/><U94/><E104/><V29/><F18/><W22/><G6/><T92/><D68/><U5/><E5/><V26/><F26/><W65/><G54/><N who="2" m="20489" /><F61/><W9/><G9/><T33/><D103/><U79/><E79/><N who="2" m="44407" /><F127/><W73/><G73/><AGARI ba="2,2" hai="42,45,49,70,71,73,75,76,78,80,83,89,94,99" machi="73" ten="30,2000,0" yaku="7,1,9,1" doraHai="128" who="1" fromWho="3" sc="220,0,280,46,260,0,220,-26" owari="220,-18.0,326,42.6,260,6.0,194,-30.6" /></mjloggm>