<mjloggm ver="2.3"><GO type="225" lobby="0"/><UN n0="%E8%81%B7%E6%A5%AD%E3%80%81%E9%A2%A8%32" n1="%E5%84%AA%40%41%42%43" n2="%E6%80%AA%E3%81%97%E3%81%99%E3%81%8E%E3%82%8B%E3%83%81%E3%83%BC" n3="%E9%81%85%E5%88%BB%E3%81%AE%E3%83%97%E3%83%AA%E3%83%B3%E3%82%B9%E2%99%AA" dan="16,17,17,16" rate="2076.29,2232.64,2154.01,2168.49" sx="M,M,M,F"/><TAIKYOKU oya="0"/><INIT seed="0,0,0,2,3,134" ten="250,250,250,250" oya="0" hai0="2,48,40,51,83,62,37,8,17,36,113,53,131" hai1="110,109,39,47,116,121,101,52,21,100,23,84,13" hai2="98,60,88,105,125,99,118,92,120,4,58,56,112" hai3="85,128,31,10,49,44,14,124,126,79,104,86,42"/><T25/><D113/><U29/><E116/><V15/><F112/><W28/><G104/><T6/><D131/><U9/><E121/><V46/><F120/><W82/><G128/><T22/><D62/><U41/><E84/><V94/><F125/><N who="3" m="48235" /><G86/><T119/><D119/><U18/><E52/><N who="2" m="33799" /><F105/><W108/><G108/><N who="1" m="41578" /><E29/><V102/><F118/><W81/><G81/><T32/><D32/><U11/><E23/><V90/><F58/><W66/><G66/><T76/><D40/><U64/><E64/><V12/><F4/><AGARI ba="0,0" hai="4,10,14,28,31,42,44,49,79,82,85" m="48235" machi="4" ten="30,8000,1" yaku="25,1,18,1,52,3" doraHai="134" who="3" fromWho="2" sc="250,0,250,0,250,-80,250,80" /><INIT seed="1,0,0,3,5,113" ten="250,250,170,330" oya="1" hai0="57,115,22,89,122,72,102,116,33,100,12,69,65" hai1="28,127,30,50,39,93,51,14,1,98,25,63,35" hai2="48,91,7,49,135,80,42,97,75,10,70,110,94" hai3="4,2,90,129,71,104,17,58,101,81,31,26,19"/><U66/><E1/><V77/><F110/><W24/><G71/><T27/><D115/><U112/><E112/><V120/><F135/><W123/><G123/><T0/><D0/><U38/><E127/><V79/><F120/><W134/><G134/><T23/><D69/><U60/><E30/><V3/><F70/><W125/><G125/><T68/><D68/><U103/><E39/><V131/><F131/><W11/><G129/><T132/><D72/><U16/><E38/><V36/><REACH who="2" step="1"/><F79/><REACH who="2" ten="250,250,160,330" step="2"/><W20/><G104/><T64/><D122/><U76/><E76/><V44/><AGARI ba="0,1" hai="3,7,10,36,42,44,48,49,75,77,80,91,94,97" machi="44" ten="30,8000,1" yaku="1,1,2,1,0,1,25,2,53,0" doraHai="113" doraHaiUra="9" who="2" fromWho="2" sc="250,-20,250,-40,160,90,330,-20" /><INIT seed="2,0,0,1,2,106" ten="230,210,250,310" oya="2" hai0="59,33,41,77,36,3,87,76,2,71,37,75,5" hai1="1,108,121,51,13,110,94,32,125,23,39,58,20" hai2="95,126,96,114,132,55,111,43,100,98,133,69,19" hai3="70,26,22,83,89,4,46,38,84,67,64,92,30"/><V66/><F114/><W105/><G105/><T35/><D71/><U29/><E39/><V68/><F126/><W127/><G127/><T128/><D87/><U8/><E125/><V107/><F43/><W16/><G70/><T24/><D77/><U91/><E51/><V63/><F68/><W50/><G4/><T45/><D37/><U93/><E58/><V112/><F112/><W57/><G38/><T17/><D128/><U14/><E94/><V123/><F123/><W15/><G57/><T48/><D3/><U135/><E91/><V73/><F111/><N who="1" m="42537" /><E93/><V60/><F73/><W124/><G92/><T116/><D48/><U99/><E99/><V40/><F19/><W44/><G124/><T129/><D59/><U9/><E121/><V47/><F55/><N who="3" m="30151" /><G46/><T62/><D62/><U81/><E81/><V54/><F54/><W11/><AGARI ba="0,0" hai="11,15,16,22,26,30,64,67,83,84,89" m="30151" machi="11" ten="30,4000,0" yaku="25,1,8,1,54,1" doraHai="106" who="3" fromWho="3" sc="230,-10,210,-10,250,-20,310,40" /><INIT seed="3,0,0,5,3,25" ten="220,200,230,350" oya="3" hai0="134,46,71,18,41,100,29,36,116,26,38,69,135" hai1="13,61,107,131,24,105,89,66,20,108,8,115,117" hai2="99,121,35,28,101,122,11,103,128,43,65,85,1" hai3="15,130,102,112,123,91,27,19,40,50,32,86,64"/><W52/><G112/><T74/><D116/><U10/><E115/><V48/><F128/><W67/><G123/><N who="2" m="47113" /><F28/><W57/><G102/><T55/><D38/><U3/><E131/><V132/><F35/><W21/><G40/><T23/><D74/><U59/><E108/><V84/><F132/><N who="0" m="50730" /><D100/><N who="2" m="38474" /><F99/><W93/><G130/><T96/><D96/><U53/><E117/><V120/><F65/><W0/><G0/><T7/><D7/><U129/><E129/><V106/><F106/><W83/><G83/><T5/><D5/><U118/><E118/><V58/><F120/><W37/><G37/><T124/><D124/><U79/><E105/><V133/><F133/><W126/><G126/><T72/><D72/><U119/><E107/><V127/><F127/><W45/><G45/><T16/><D55/><U51/><E119/><V56/><F43/><W54/><G54/><T62/><D62/><U42/><E42/><V113/><F113/><W104/><G104/><T60/><D60/><U114/><E114/><V92/><F48/><W68/><G68/><AGARI ba="0,0" hai="16,18,23,26,29,36,41,46,68,69,71" m="50730" machi="68" ten="30,3900,0" yaku="20,1,52,1,54,1" doraHai="25" who="0" fromWho="3" sc="220,39,200,0,230,0,350,-39" owari="259,5.9,200,-30.0,230,-17.0,311,41.1" /></mjloggm>