<mjloggm ver="2.3"><GO type="225" lobby="0"/><UN n0="%E3%81%8B%E3%82%8F%E3%81%A1%E3%82%83%E3%82%93%35%38" n1="%E6%B8%A9%E2%98%85%E6%83%85%E2%98%85%E6%8E%AA%E2%98%85%E7%BD%AE" n2="%E6%9D%B1%E9%A2%A8%E3%81%AE%E3%81%8D%E3%82%83%E3%81%B7%E3%81%95%E3%82%93" n3="%33%74%72%65%65" dan="16,18,17,16" rate="2168.80,2198.23,2207.73,2123.09" sx="M,M,M,F"/><TAIKYOKU oya="0"/><INIT seed="0,0,0,2,3,44" ten="250,250,250,250" oya="0" hai0="114,77,116,5,68,96,124,133,76,129,31,8,36" hai1="27,24,130,106,104,39,89,113,66,20,37,9,17" hai2="72,41,19,102,3,83,123,32,62,49,54,25,92" hai3="55,30,93,52,1,128,126,95,111,122,6,115,99"/><T135/><D36/><U78/><E130/><V87/><F87/><W33/><G115/><T26/><D68/><U15/><E113/><V63/><F63/><W10/><BYE who="2" /><G128/><T88/><D114/><U48/><E78/><V80/><F80/><W34/><G111/><T97/><D129/><U65/><E39/><V70/><F70/><W2/><G126/><T58/><D58/><U131/><E37/><V4/><F4/><W64/><G122/><T45/><D45/><U103/><E131/><V23/><F23/><W21/><G1/><N who="0" m="47" /><D116/><U35/><E27/><V67/><F67/><W71/><G93/><N who="0" m="56359" /><D97/><U86/><E35/><V16/><F16/><W100/><G33/><N who="0" m="20727" /><D124/><U29/><E103/><V94/><F94/><W59/><G71/><T101/><D101/><U121/><E121/><V82/><F82/><W85/><G85/><T109/><D109/><U50/><E106/><V120/><F120/><W79/><G79/><T51/><D51/><N who="1" m="19499" /><E104/><V73/><F73/><W91/><G91/><T117/><D117/><U69/><E69/><V112/><F112/><W98/><G98/><T90/><D90/><U22/><E9/><V60/><F60/><N who="3" m="37919" /><G34/><T56/><D56/><U12/><E12/><V132/><F132/><AGARI ba="0,0" hai="76,77,132,133,135" m="20727,56359,47" machi="132" ten="30,2900,0" yaku="20,1,54,1" doraHai="44" who="0" fromWho="2" sc="250,29,250,0,250,-29,250,0" /><INIT seed="0,1,0,4,2,103" ten="279,250,221,250" oya="0" hai0="109,113,102,18,57,79,89,133,51,78,88,115,123" hai1="91,122,35,54,37,134,71,55,48,30,38,12,42" hai2="45,29,116,80,8,82,128,117,97,119,47,36,67" hai3="15,106,25,13,62,65,24,94,70,53,26,16,40"/><T83/><D18/><U72/><E72/><V121/><F121/><W101/><G40/><T0/><D0/><U76/><E122/><V127/><F127/><W7/><G94/><T124/><D51/><U27/><E71/><V107/><F107/><W41/><G41/><T66/><D57/><U92/><E134/><V21/><F21/><W104/><G101/><T64/><D123/><U126/><E76/><V56/><F56/><W5/><G53/><T49/><D49/><U120/><E126/><V2/><F2/><W125/><G125/><T4/><D124/><U77/><E77/><V28/><F28/><W43/><G43/><T111/><D102/><U19/><E42/><V112/><F112/><W90/><G90/><T22/><D22/><U84/><E55/><V135/><F135/><W44/><G44/><T33/><D133/><U69/><E69/><V118/><F118/><W61/><G16/><T86/><D4/><U10/><REACH who="1" step="1"/><E120/><REACH who="1" ten="279,240,221,250" step="2"/><V99/><F99/><W50/><G70/><T20/><D79/><U46/><AGARI ba="1,1" hai="10,12,19,27,30,35,37,38,46,48,54,84,91,92" machi="46" ten="20,8000,1" yaku="1,1,2,1,0,1,7,1,53,1" doraHai="103" doraHaiUra="11" who="1" fromWho="1" sc="279,-41,240,93,221,-21,250,-21" /><INIT seed="1,0,0,0,1,87" ten="238,333,200,229" oya="1" hai0="107,19,79,7,12,71,60,90,80,2,47,97,70" hai1="5,101,102,116,77,13,115,16,126,9,17,81,28" hai2="69,131,63,49,122,118,112,125,128,33,72,1,57" hai3="53,89,99,100,105,32,11,46,75,23,132,66,10"/><U94/><E116/><V3/><F3/><W109/><G32/><T74/><D60/><U36/><E115/><V8/><F8/><W22/><G109/><T95/><D7/><U51/><E36/><V50/><F50/><W39/><G132/><T133/><D2/><U56/><E126/><V67/><F67/><W84/><G75/><T86/><D47/><U42/><E28/><V44/><F44/><W113/><G66/><T96/><D133/><U62/><E51/><V106/><F106/><W55/><G113/><T25/><D25/><U82/><E42/><V117/><F117/><W129/><G129/><T40/><D40/><U35/><E35/><V119/><F119/><W104/><G39/><T14/><D14/><U41/><E41/><V20/><F20/><W114/><G46/><T91/><D97/><N who="1" m="59575" /><E102/><V43/><F43/><W21/><G114/><T64/><D64/><N who="1" m="38983" /><E77/><V130/><F130/><W30/><G30/><T38/><D38/><U76/><E76/><V48/><F48/><W58/><G105/><T120/><D120/><U73/><E73/><V123/><F123/><W103/><G103/><N who="0" m="62951" /><D91/><U34/><E34/><V6/><F6/><W121/><G121/><T45/><D45/><U88/><E88/><V92/><F92/><W27/><G27/><T54/><D54/><U15/><E5/><V111/><F111/><W24/><G24/><T68/><D68/><U4/><E4/><V26/><F26/><W127/><G55/><T108/><D108/><U78/><E78/><V134/><F134/><W29/><G53/><T110/><D110/><U93/><E15/><RYUUKYOKU ba="0,0" sc="238,30,333,-10,200,-10,229,-10" hai0="12,19,70,71,74,79,80,86,90,95" /><INIT seed="2,1,0,4,2,55" ten="268,323,190,219" oya="2" hai0="70,1,11,0,60,85,8,118,126,13,63,125,104" hai1="48,72,113,47,92,57,37,50,129,108,9,133,16" hai2="117,89,18,128,41,90,100,71,23,39,74,19,69" hai3="4,14,131,105,22,80,59,30,52,54,6,115,86"/><V61/><F61/><W124/><G124/><T135/><D104/><U35/><E113/><V123/><F123/><W96/><G131/><T107/><D107/><U15/><E72/><V114/><F114/><W111/><G115/><T101/><D101/><U62/><E129/><V68/><F68/><W56/><G96/><T134/><D85/><U43/><E108/><V58/><F58/><N who="3" m="22059" /><G105/><T34/><D34/><U2/><E35/><V82/><F82/><W31/><G111/><T28/><D28/><N who="3" m="10793" /><G22/><T3/><D118/><U91/><E133/><N who="0" m="50697" /><D11/><U51/><E37/><V24/><F24/><W27/><G27/><T93/><D93/><U29/><E2/><V5/><F5/><N who="3" m="2155" /><G14/><T17/><D70/><U106/><E106/><V78/><F78/><AGARI ba="1,0" hai="52,54,78,80,86" m="2155,10793,22059" machi="78" ten="30,8000,1" yaku="8,1,52,3,54,1" doraHai="55" who="3" fromWho="2" sc="268,0,323,0,190,-83,219,83" /><INIT seed="3,0,0,4,4,38" ten="268,323,107,302" oya="3" hai0="81,60,103,120,135,23,32,11,19,80,48,86,5" hai1="63,53,34,74,105,25,42,113,43,6,79,4,114" hai2="24,36,90,97,77,15,130,104,91,45,22,73,41" hai3="70,64,2,55,8,52,13,123,65,16,57,59,99"/><W12/><G123/><T35/><D135/><U26/><E105/><V124/><F124/><W69/><G2/><T98/><D120/><U125/><E125/><V122/><F122/><W58/><G69/><T72/><D72/><U92/><E34/><V88/><F88/><W17/><G99/><T68/><D81/><U94/><E74/><V37/><F37/><W31/><G31/><T27/><D60/><U49/><E63/><V67/><F67/><N who="3" m="25675" /><G70/><T33/><D68/><U132/><E79/><V71/><F71/><W78/><G78/><T134/><D134/><U131/><E132/><V20/><F20/><AGARI ba="0,0" hai="8,12,13,16,17,20,52,55,57,58,59" m="25675" machi="20" ten="30,5800,0" yaku="8,1,54,2" doraHai="38" who="3" fromWho="2" sc="268,0,323,0,107,-58,302,58" owari="268,-13.2,323,12.3,49,-45.1,360,46.0" /></mjloggm>