<mjloggm ver="2.3"><GO type="225" lobby="0"/><UN n0="%E5%84%AA%40%41%42%43" n1="%E3%81%B7%E3%83%BC%E3%82%84%E3%82%93" n2="%E9%89%A2%E5%B7%BB%E3%82%AC%E3%83%96" n3="%E3%81%BF%E3%81%BF%E3%81%9A" dan="18,17,16,17" rate="2251.06,2183.08,2032.97,2190.77" sx="M,M,M,M"/><TAIKYOKU oya="0"/><INIT seed="0,0,0,2,2,71" ten="250,250,250,250" oya="0" hai0="54,90,64,109,107,110,38,84,30,128,131,51,40" hai1="79,72,135,31,10,60,125,62,108,133,21,96,32" hai2="46,43,9,49,53,126,75,59,95,22,78,13,19" hai3="42,26,86,115,7,0,4,11,52,70,80,24,83"/><T121/><D107/><U114/><E32/><V82/><F126/><W12/><G115/><T45/><D121/><U98/><E10/><V93/><REACH who="2" step="1"/><F9/><REACH who="2" ten="250,250,240,250" step="2"/><W23/><G0/><T106/><D106/><U8/><E8/><V120/><F120/><W123/><G123/><T2/><D2/><U67/><E125/><V48/><AGARI ba="0,1" hai="13,19,22,43,46,48,49,53,59,75,78,82,93,95" machi="48" ten="20,2700,0" yaku="1,1,0,1,7,1,53,0" doraHai="71" doraHaiUra="66" who="2" fromWho="2" sc="250,-13,250,-7,240,37,250,-7" /><INIT seed="1,0,0,3,4,16" ten="237,243,277,243" oya="1" hai0="107,87,34,84,119,110,68,124,106,104,24,15,59" hai1="6,23,118,10,46,33,75,56,80,31,120,2,93" hai2="47,64,1,96,88,109,19,129,11,35,8,98,30" hai3="74,0,63,26,55,60,52,71,133,37,65,128,44"/><U95/><E118/><V78/><F78/><W102/><G74/><T18/><D68/><U83/><E120/><V13/><F64/><N who="3" m="41351" /><G102/><T94/><D119/><U131/><E131/><V103/><F129/><W40/><G26/><T85/><D110/><U69/><E69/><V62/><F109/><W41/><G0/><T49/><D124/><U100/><E33/><V126/><F126/><W21/><G21/><N who="0" m="11487" /><D34/><U117/><E117/><V90/><F62/><W48/><G133/><T82/><D24/><U43/><E56/><V38/><F30/><W58/><G128/><T108/><D82/><U111/><E80/><V54/><F96/><W91/><G91/><N who="0" m="53607" /><D108/><U86/><E100/><V25/><F25/><W132/><G132/><T5/><D5/><U53/><E75/><V113/><F35/><W29/><G29/><T81/><D81/><U4/><E4/><V67/><F113/><W123/><G123/><T39/><D39/><U76/><E111/><V127/><F38/><W112/><G112/><T122/><D122/><U79/><E79/><V28/><F127/><W50/><G37/><T66/><D66/><U77/><E77/><V130/><F67/><W36/><G36/><T3/><D3/><U27/><REACH who="1" step="1"/><E43/><REACH who="1" ten="237,233,277,243" step="2"/><V101/><F130/><W92/><G92/><T32/><D32/><U61/><E61/><V134/><F134/><W17/><G17/><T9/><D104/><U97/><E97/><V99/><F98/><W51/><G40/><T116/><D116/><U105/><E105/><N who="0" m="39945" /><D9/><U20/><E20/><V57/><F8/><W72/><G72/><T135/><D135/><RYUUKYOKU ba="0,1" sc="237,10,233,10,277,-30,243,10" hai0="49,59,85,87" hai1="2,6,10,23,27,31,46,53,76,83,86,93,95" hai3="41,44,48,50,51,52,55,58,63,65" /><INIT seed="1,1,1,0,1,110" ten="247,243,247,253" oya="1" hai0="103,74,108,112,80,32,106,9,78,5,87,22,109" hai1="125,19,44,124,88,16,15,119,38,51,115,63,27" hai2="28,21,131,102,96,130,37,133,2,120,57,58,49" hai3="128,100,107,122,42,46,91,68,64,59,54,69,47"/><U104/><E104/><V126/><F37/><N who="3" m="21839" /><G91/><T98/><D32/><U4/><E119/><V76/><F120/><W105/><G100/><T56/><D56/><N who="2" m="21610" /><F2/><W1/><G1/><T13/><D112/><U70/><E38/><V111/><F76/><W116/><G107/><T24/><REACH who="0" step="1"/><D74/><REACH who="0" ten="237,243,247,253" step="2"/><U132/><E115/><V26/><F130/><W66/><G128/><T6/><D6/><U50/><E4/><V79/><F131/><W23/><G122/><T83/><D83/><U95/><E124/><V127/><F126/><W10/><G116/><T8/><D8/><U45/><E125/><V40/><F127/><W90/><G10/><T114/><D114/><U99/><E70/><V93/><F111/><W20/><G20/><T71/><D71/><U117/><E117/><V129/><F129/><W17/><G69/><T29/><AGARI ba="1,2" hai="5,9,13,22,24,29,78,80,87,98,103,106,108,109" machi="29" ten="30,2000,0" yaku="1,1,0,1,53,0" doraHai="110" doraHaiUra="14" who="0" fromWho="0" sc="237,43,243,-11,247,-6,253,-6" /><INIT seed="2,0,0,5,4,62" ten="280,232,241,247" oya="2" hai0="51,45,25,12,68,7,58,53,37,116,54,14,123" hai1="44,79,46,85,27,78,101,94,10,89,28,80,105" hai2="129,100,117,32,113,55,128,61,15,16,107,26,91" hai3="35,11,9,6,71,49,29,110,1,87,84,76,120"/><V127/><F113/><W135/><G120/><T60/><D123/><U69/><E69/><V59/><F117/><W75/><G110/><T121/><D121/><U39/><E39/><V124/><F107/><W48/><G71/><T70/><D116/><U17/><E79/><V92/><F100/><W81/><G135/><T8/><D37/><U102/><E17/><V65/><F55/><W38/><G9/><T74/><D74/><U133/><E10/><N who="2" m="6263" /><F26/><N who="3" m="18871" /><G49/><T13/><REACH who="0" step="1"/><D25/><REACH who="0" ten="270,232,241,247" step="2"/><U115/><E27/><V103/><F32/><W130/><G38/><T126/><D126/><N who="2" m="48170" /><F103/><W47/><G130/><T2/><AGARI ba="0,1" hai="2,7,8,12,13,14,45,51,53,54,58,60,68,70" machi="2" ten="30,2000,0" yaku="1,1,0,1,53,0" doraHai="62" doraHaiUra="111" who="0" fromWho="0" sc="270,30,232,-5,241,-10,247,-5" /><INIT seed="3,0,0,3,1,0" ten="300,227,231,242" oya="3" hai0="112,55,25,105,110,26,8,6,84,95,28,92,88" hai1="48,134,109,106,78,72,62,52,1,9,53,65,23" hai2="45,31,117,79,73,85,27,10,14,58,82,74,116" hai3="3,127,87,35,89,99,77,37,121,133,93,39,7"/><W131/><G121/><T56/><D105/><U97/><E109/><V64/><F74/><W75/><G35/><T81/><D110/><U104/><E134/><V18/><F73/><W114/><G114/><T59/><D59/><U129/><E129/><V83/><F83/><W63/><G133/><T4/><D112/><U102/><E104/><V80/><F80/><W54/><G131/><T101/><D101/><U98/><E98/><V60/><REACH who="2" step="1"/><F45/><REACH who="2" ten="300,227,221,242" step="2"/><W15/><G75/><T40/><D81/><U96/><E72/><V111/><F111/><W91/><G77/><T24/><D28/><U57/><E78/><V11/><F11/><N who="3" m="4607" /><G37/><T5/><D8/><U17/><E9/><V20/><AGARI ba="0,1" hai="10,14,18,20,27,31,58,60,64,79,82,85,116,117" machi="20" ten="20,2700,0" yaku="1,1,0,1,7,1,53,0" doraHai="0" doraHaiUra="90" who="2" fromWho="2" sc="300,-7,227,-7,221,37,242,-13" /><INIT seed="4,0,0,3,1,117" ten="293,220,258,229" oya="0" hai0="94,130,87,101,75,57,56,33,106,37,85,98,127" hai1="109,110,105,84,73,132,131,114,126,53,25,23,119" hai2="103,80,54,14,12,32,63,68,97,20,102,47,4" hai3="36,122,121,90,19,59,35,124,6,40,3,21,29"/><T61/><D37/><U115/><E73/><V0/><F32/><W69/><G69/><T10/><D33/><U8/><E119/><V17/><F0/><W77/><G77/><T66/><D75/><U49/><E105/><V65/><F80/><W24/><G90/><T82/><D130/><U22/><E131/><V112/><F112/><N who="1" m="43049" /><E132/><V31/><F31/><W34/><G59/><N who="0" m="37183" /><D106/><U91/><E8/><V107/><F102/><W128/><G124/><T92/><D127/><U104/><E104/><V41/><F54/><W123/><G128/><T81/><D10/><U134/><E134/><V9/><F47/><N who="3" m="23943" /><G29/><T88/><D94/><N who="1" m="54631" /><E126/><V108/><F108/><N who="1" m="41577" /><E25/><V55/><F41/><W72/><G72/><T116/><D116/><U7/><E7/><V125/><F125/><W99/><G99/><T26/><D26/><U13/><E13/><V46/><F97/><W120/><G120/><T16/><D16/><U135/><E135/><V70/><F107/><W111/><G111/><T129/><D129/><U113/><N who="1" m="43057" /><U71/><DORA hai="79" /><E71/><V1/><F70/><W5/><G5/><T64/><D64/><U78/><E78/><AGARI ba="0,0" hai="56,57,78,81,82,85,87,88,92,98,101" m="37183" machi="78" ten="30,11600,0" yaku="8,1,52,2,54,1" doraHai="117,79" who="0" fromWho="1" sc="293,116,220,-116,258,0,229,0" owari="409,50.9,104,-39.6,258,5.8,229,-17.1" /></mjloggm>