<mjloggm ver="2.3"><GO type="225" lobby="0"/><UN n0="%6B%65%6E%6E%64%69" n1="%E3%82%B7%E3%83%B3%E5%A4%AA%E6%9C%97" n2="%E3%81%8B%E3%82%8F%E3%81%A1%E3%82%83%E3%82%93%35%38" n3="%E6%B4%BE%E9%81%A3%E3%81%AE%E3%82%B8%E3%83%A3%E3%83%83%E3%82%AF" dan="16,16,16,16" rate="2156.62,2122.61,2100.73,2160.62" sx="M,M,M,M"/><TAIKYOKU oya="0"/><INIT seed="0,0,0,3,1,70" ten="250,250,250,250" oya="0" hai0="3,7,125,42,94,56,48,128,37,23,86,106,104" hai1="16,49,36,130,121,87,89,93,10,29,30,17,14" hai2="51,79,18,78,133,116,100,92,55,85,44,54,12" hai3="67,74,73,31,114,6,112,84,107,135,91,21,76"/><T88/><D128/><U109/><E121/><V122/><F122/><W41/><G107/><T90/><D125/><U103/><E130/><V0/><F0/><W132/><G67/><T35/><D35/><U15/><E109/><V5/><F5/><W1/><G21/><T81/><D37/><U8/><E36/><V45/><F133/><N who="3" m="51275" /><G31/><T40/><D23/><U24/><E103/><V105/><F105/><W13/><G13/><T52/><D106/><U34/><E30/><V28/><F28/><W120/><G41/><T19/><D19/><U75/><E49/><N who="2" m="28967" /><F116/><W118/><G120/><T72/><D104/><U53/><E53/><V117/><F117/><W119/><G6/><T47/><D56/><U129/><E129/><V43/><F43/><W4/><G4/><T77/><REACH who="0" step="1"/><D90/><REACH who="0" ten="240,250,250,250" step="2"/><U95/><REACH who="1" step="1"/><E75/><REACH who="1" ten="240,240,250,250" step="2"/><V33/><F33/><W59/><G73/><T102/><D102/><U123/><E123/><V68/><F100/><W127/><G118/><T61/><D61/><U111/><E111/><V99/><F51/><W108/><G119/><T126/><D126/><U113/><E113/><V66/><F79/><W9/><G127/><T32/><D32/><U20/><E20/><V63/><F78/><W11/><G108/><T97/><D97/><U26/><E26/><V60/><F99/><W96/><G96/><T46/><D46/><U22/><E22/><N who="2" m="11591" /><F45/><W50/><G76/><T65/><D65/><U62/><E62/><V115/><F115/><W80/><G74/><T83/><D83/><AGARI ba="0,2" hai="8,10,14,15,16,17,24,29,34,83,87,89,93,95" machi="83" ten="30,7700,0" yaku="1,1,7,1,9,1,54,1,53,0" doraHai="70" doraHaiUra="57" who="1" fromWho="0" sc="240,-77,240,97,250,0,250,0" /><INIT seed="1,0,0,2,3,107" ten="163,337,250,250" oya="1" hai0="71,18,113,95,65,29,130,6,125,110,103,49,2" hai1="4,50,17,68,129,64,75,43,60,54,28,132,72" hai2="117,45,3,11,61,73,112,44,0,77,1,52,83" hai3="131,98,106,10,105,123,48,87,63,12,81,53,5"/><U115/><E115/><V32/><F117/><W70/><G123/><T22/><D113/><U92/><E28/><V34/><F112/><W94/><G131/><T59/><D130/><U41/><E4/><V39/><F11/><W78/><G70/><T121/><D110/><U51/><E129/><V122/><F122/><W102/><REACH who="3" step="1"/><G63/><REACH who="3" ten="163,337,250,240" step="2"/><T57/><D121/><U13/><E132/><V79/><F79/><W108/><G108/><T80/><D71/><U101/><E41/><V133/><F133/><W62/><G62/><T58/><D65/><U25/><E43/><V35/><REACH who="2" step="1"/><F39/><REACH who="2" ten="163,337,240,240" step="2"/><W9/><G9/><T30/><D2/><U46/><E68/><V99/><F99/><W90/><G90/><T96/><D96/><U69/><E69/><V91/><F91/><W14/><G14/><T128/><D128/><U31/><E13/><V135/><F135/><W67/><G67/><T8/><D8/><U56/><E64/><V42/><F42/><W86/><G86/><T93/><D49/><U24/><E50/><V120/><F120/><W27/><G27/><T127/><D127/><U40/><E24/><V85/><F85/><W37/><G37/><T109/><D125/><U84/><E84/><V15/><F15/><W88/><G88/><T55/><D109/><U126/><E126/><V124/><F124/><W100/><G100/><T7/><D103/><U20/><E101/><V89/><F89/><W116/><G116/><T114/><D114/><U36/><E36/><V23/><F23/><W26/><G26/><T111/><D22/><U118/><E25/><V134/><F134/><RYUUKYOKU ba="0,2" sc="163,-15,337,-15,240,15,240,15" hai2="0,1,3,32,34,35,44,45,52,61,73,77,83" hai3="5,10,12,48,53,78,81,87,94,98,102,105,106" /><INIT seed="2,1,2,5,3,26" ten="148,322,255,255" oya="2" hai0="63,124,110,81,92,106,60,131,84,65,123,55,20" hai1="44,29,118,116,125,36,6,51,41,37,94,64,74" hai2="49,35,45,103,9,96,73,108,72,48,42,97,14" hai3="115,117,5,100,129,16,82,59,23,134,132,122,11"/><V66/><F35/><W105/><G117/><T46/><D123/><U17/><E74/><V62/><F108/><W30/><G122/><T101/><D110/><U89/><E125/><V57/><F49/><W98/><G129/><T34/><D34/><U128/><E128/><V77/><F77/><W130/><G130/><T19/><D124/><U38/><E64/><V21/><F21/><W107/><G82/><T114/><D114/><U88/><E6/><V52/><F42/><W39/><G39/><T95/><D106/><U58/><E29/><V126/><F126/><W3/><G59/><T7/><D7/><U0/><E0/><V8/><F96/><W56/><G56/><T61/><D65/><U111/><E111/><V83/><F83/><W28/><G105/><T119/><D101/><U113/><E113/><V67/><F67/><W32/><G115/><T33/><D33/><U12/><E58/><V93/><REACH who="2" step="1"/><F8/><REACH who="2" ten="148,322,245,255" step="2"/><W135/><G32/><T31/><D131/><U120/><E120/><V68/><F68/><W127/><G127/><T53/><D119/><U121/><E121/><V76/><F76/><W75/><G75/><T18/><D20/><U109/><E109/><V47/><F47/><W86/><G86/><T2/><D46/><U25/><E116/><V90/><F90/><W104/><G104/><T78/><D84/><N who="1" m="52487" /><E89/><V4/><AGARI ba="1,3" hai="4,9,14,45,48,52,57,62,66,72,73,93,97,103" machi="4" ten="20,7800,0" yaku="1,1,0,1,7,1,54,1,53,0" doraHai="26" doraHaiUra="69" who="2" fromWho="2" sc="148,-27,322,-27,245,111,255,-27" /><INIT seed="2,2,0,1,1,96" ten="121,295,356,228" oya="2" hai0="126,44,110,50,42,76,127,59,130,66,56,134,14" hai1="7,8,58,11,74,118,104,113,68,95,89,22,10" hai2="112,31,97,63,82,88,53,83,80,91,43,106,47" hai3="12,62,79,78,72,129,77,17,67,81,48,20,5"/><V52/><F112/><W16/><G129/><T30/><D30/><U98/><E113/><V105/><F31/><W71/><G5/><T4/><D14/><U109/><E68/><V90/><F63/><W51/><G51/><T41/><D4/><U38/><E38/><V13/><F13/><W27/><G48/><T15/><D15/><U117/><E109/><V9/><F9/><AGARI ba="2,0" hai="9,12,16,17,20,27,62,67,71,72,77,78,79,81" machi="9" ten="30,2000,0" yaku="7,1,54,1" doraHai="96" who="3" fromWho="2" sc="121,0,295,0,356,-26,228,26" /><INIT seed="3,0,0,0,1,103" ten="121,295,330,254" oya="3" hai0="124,125,23,0,133,98,1,101,107,131,32,31,4" hai1="6,85,72,97,114,53,88,3,30,68,58,73,51" hai2="69,2,24,115,55,5,82,135,123,86,45,66,105" hai3="130,94,76,28,95,128,92,104,38,34,112,119,120"/><W21/><G34/><T71/><D23/><U102/><E68/><V122/><F115/><W84/><G38/><T91/><D91/><U8/><E30/><V75/><F75/><W126/><G112/><T113/><D113/><U27/><E27/><V70/><F105/><W47/><G120/><N who="2" m="46121" /><F66/><W39/><G119/><T16/><D131/><U22/><E22/><V19/><F135/><W48/><G39/><T50/><D50/><U43/><E43/><V9/><F55/><W61/><G61/><T57/><D57/><U106/><E114/><V49/><F19/><W20/><G126/><T111/><D111/><U121/><E121/><V33/><F49/><W36/><G36/><T99/><D133/><U118/><E118/><V59/><F59/><W18/><G28/><T87/><D87/><U7/><E7/><V116/><F45/><W26/><G104/><T12/><D98/><U65/><E65/><V90/><F116/><W62/><G62/><T60/><D60/><U10/><E8/><V13/><F2/><W100/><G100/><T93/><D93/><AGARI ba="0,0" hai="3,6,10,51,53,58,72,73,85,88,93,97,102,106" machi="93" ten="30,3900,0" yaku="7,1,52,1,54,1" doraHai="103" who="1" fromWho="0" sc="121,-39,295,39,330,0,254,0" owari="82,-41.8,334,43.4,330,13.0,254,-14.6" /></mjloggm>