<mjloggm ver="2.3"><GO type="225" lobby="0"/><UN n0="%E3%81%95%E3%81%8D%E3%81%9F%E3%81%BE%E6%9E%97%E6%AA%8E" n1="%E3%83%81%E3%83%AF%E3%83%AF%E9%9A%8A%E9%95%B7" n2="%E3%81%AF%E3%82%88%E3%81%8A%E3%81%98%E3%81%95%E3%82%93" n3="%6D%75%75%73%61%6E%6D%75" dan="16,17,17,16" rate="2063.74,2169.69,2132.39,2138.93" sx="M,M,M,F"/><TAIKYOKU oya="0"/><INIT seed="0,0,0,3,3,34" ten="250,250,250,250" oya="0" hai0="75,83,44,54,39,27,61,120,130,43,10,46,4" hai1="56,96,14,18,9,135,98,113,69,82,22,20,88" hai2="70,78,86,127,81,118,74,58,32,89,60,3,99" hai3="85,124,53,133,114,26,92,107,51,97,117,29,77"/><T68/><D120/><U8/><E69/><V59/><F32/><W16/><G114/><T87/><D130/><U125/><E113/><V71/><F127/><W0/><G124/><T47/><D27/><U104/><E125/><V112/><F112/><W41/><G117/><T66/><D54/><U106/><E135/><V11/><F118/><W116/><G116/><T131/><D131/><U2/><E56/><V103/><F58/><W111/><G107/><T129/><D129/><U123/><E123/><V13/><F3/><W21/><G133/><T95/><D95/><U6/><E106/><V28/><F28/><W24/><G0/><N who="0" m="263" /><D87/><U30/><E30/><V79/><F70/><W57/><G111/><T80/><D80/><U45/><E45/><V126/><F71/><W122/><G122/><T63/><D63/><U64/><E64/><V62/><F126/><W76/><G85/><T40/><D40/><U110/><E110/><V132/><F132/><W121/><G121/><T5/><D5/><U17/><E20/><V33/><F33/><W109/><G109/><T55/><D55/><U91/><E82/><N who="2" m="49367" /><F59/><W101/><G41/><T7/><D7/><U37/><E104/><N who="2" m="63615" /><F78/><AGARI ba="0,0" hai="39,43,44,46,47,61,66,68,75,78,83" m="263" machi="78" ten="30,2900,0" yaku="25,1,52,1" doraHai="34" who="0" fromWho="2" sc="250,29,250,0,250,-29,250,0" /><INIT seed="0,1,0,0,3,84" ten="279,250,221,250" oya="0" hai0="43,97,58,83,57,27,116,103,94,28,122,70,80" hai1="112,5,109,129,89,22,71,0,96,134,85,26,52" hai2="81,64,59,120,63,78,3,40,24,15,44,36,74" hai3="100,7,2,117,14,38,101,95,87,67,115,75,53"/><T99/><D116/><U34/><E34/><V82/><F120/><W51/><G2/><T106/><D122/><U135/><E71/><V61/><F3/><W12/><G38/><T124/><D70/><U47/><E112/><V104/><F104/><W132/><G75/><T98/><D43/><U130/><E96/><N who="0" m="36969" /><D106/><U88/><E109/><V21/><F81/><N who="0" m="31306" /><D124/><U1/><E1/><V17/><REACH who="2" step="1"/><F63/><REACH who="2" ten="279,250,211,250" step="2"/><W23/><G115/><T68/><D68/><U4/><E0/><V123/><F123/><W72/><G117/><T54/><D54/><U55/><E55/><V8/><F8/><W119/><G119/><T79/><D79/><U105/><E105/><V30/><F30/><W66/><G53/><T31/><D31/><U49/><E52/><V69/><F69/><W73/><G67/><T111/><D111/><U108/><E108/><V102/><F102/><W131/><G100/><T121/><D121/><U118/><E118/><V25/><AGARI ba="1,1" hai="15,17,21,24,25,36,40,44,59,61,64,74,78,82" machi="25" ten="30,4000,0" yaku="1,1,0,1,53,1" doraHai="84" doraHaiUra="56" who="2" fromWho="2" sc="279,-21,250,-11,211,53,250,-11" /><INIT seed="1,0,0,1,1,94" ten="258,239,264,239" oya="1" hai0="26,95,103,68,7,132,55,60,85,21,133,71,86" hai1="45,54,32,100,10,37,13,101,63,114,98,115,48" hai2="43,16,121,35,19,17,44,105,11,107,30,73,15" hai3="0,134,79,102,129,62,36,124,28,93,122,3,90"/><U66/><E32/><V113/><F121/><W8/><G122/><T135/><D7/><U61/><E37/><V96/><F73/><W20/><G36/><T91/><D103/><U87/><E101/><V116/><F116/><W119/><G119/><T27/><D86/><U128/><E128/><V112/><F30/><W82/><G129/><T83/><D83/><U53/><E53/><V126/><F35/><W72/><G124/><T75/><D75/><U40/><E40/><V33/><F33/><W23/><G134/><T108/><D108/><U65/><E87/><V117/><F117/><W38/><G102/><T81/><D81/><U1/><E1/><V99/><F126/><W64/><G38/><T14/><D14/><U39/><E39/><V69/><F69/><W123/><G123/><T2/><D2/><U49/><E49/><N who="2" m="26783" /><F107/><W50/><G50/><T56/><D27/><U125/><E125/><V12/><F105/><W5/><G28/><AGARI ba="0,0" hai="21,26,28,55,56,60,68,71,85,91,95,132,133,135" machi="28" ten="40,1300,0" yaku="20,1" doraHai="94" who="0" fromWho="3" sc="258,13,239,0,264,0,239,-13" /><INIT seed="2,0,0,2,3,31" ten="271,239,264,226" oya="2" hai0="87,52,92,78,81,65,83,125,49,46,89,76,34" hai1="28,56,88,30,100,67,39,44,9,93,43,72,97" hai2="58,128,129,54,26,63,134,60,33,14,13,121,64" hai3="51,84,75,35,113,114,20,108,132,55,95,98,17"/><V120/><F13/><W38/><G38/><T11/><D125/><U96/><E72/><V77/><F77/><W42/><G75/><T62/><D34/><U36/><E36/><V66/><F14/><W90/><G108/><T118/><D118/><U68/><E68/><V57/><F26/><W73/><G73/><T69/><D83/><U130/><E130/><N who="2" m="50283" /><F33/><W82/><G132/><T45/><D92/><U5/><E56/><N who="2" m="36871" /><F134/><W109/><G109/><T48/><REACH who="0" step="1"/><D11/><REACH who="0" ten="261,239,264,226" step="2"/><U80/><E80/><V106/><F106/><W91/><G35/><T116/><D116/><U6/><E9/><V1/><F1/><W0/><G0/><T94/><D94/><U23/><E93/><V10/><F10/><W105/><G105/><T37/><D37/><U71/><E39/><V70/><F70/><W21/><G95/><T40/><AGARI ba="0,1" hai="40,45,46,48,49,52,62,65,69,76,78,81,87,89" machi="40" ten="20,5200,0" yaku="1,1,0,1,7,1,54,1,53,0" doraHai="31" doraHaiUra="133" who="0" fromWho="0" sc="261,62,239,-13,264,-26,226,-13" /><INIT seed="3,0,0,5,2,86" ten="323,226,238,213" oya="3" hai0="91,10,64,103,23,131,0,17,90,82,108,50,111" hai1="29,61,46,57,106,101,73,80,87,56,110,8,5" hai2="102,22,31,89,18,33,7,74,44,109,98,128,58" hai3="85,67,76,38,105,62,54,79,3,19,35,70,25"/><W124/><G3/><T11/><D131/><U60/><E73/><V39/><F74/><W72/><G72/><T53/><D103/><U112/><E112/><V6/><F109/><N who="0" m="42058" /><D64/><U75/><E110/><V77/><F77/><W36/><G105/><T118/><D118/><U127/><E75/><V59/><F31/><W16/><G124/><T121/><D121/><U55/><E127/><V99/><F33/><W113/><G113/><T2/><D2/><U14/><E29/><V120/><F128/><W88/><G35/><T95/><D82/><U94/><E101/><V126/><F44/><W93/><G54/><T30/><D30/><U51/><E106/><V129/><F39/><W37/><REACH who="3" step="1"/><G19/><REACH who="3" ten="323,226,238,203" step="2"/><T123/><D0/><U52/><E55/><V20/><F126/><W92/><G92/><T68/><D95/><U42/><E94/><V49/><F18/><W32/><G32/><T45/><D123/><U96/><E52/><V71/><F120/><W69/><G69/><T9/><D68/><U100/><E80/><V134/><F71/><W133/><G133/><T41/><D53/><U15/><E56/><V24/><F129/><W26/><G26/><AGARI ba="0,1" hai="9,10,11,17,23,26,41,45,50,90,91" m="42058" machi="26" ten="30,3900,0" yaku="14,1,52,2" doraHai="86" who="0" fromWho="3" sc="323,49,226,0,238,0,203,-39" owari="372,47.2,226,-17.4,238,3.8,164,-33.6" /></mjloggm>