<mjloggm ver="2.3"><GO type="225" lobby="0"/><UN n0="%33%74%72%65%65" n1="%E3%81%86%E3%83%BC%E3%81%B1%E3%83%BC" n2="%72%69%6F%75%63%68%61%6E" n3="%E3%82%82%E3%81%90%E3%82%89" dan="16,16,17,17" rate="2160.53,2153.35,2142.70,2234.33" sx="F,M,M,M"/><TAIKYOKU oya="0"/><INIT seed="0,0,0,0,2,79" ten="250,250,250,250" oya="0" hai0="71,13,99,74,17,64,88,67,2,70,111,55,118" hai1="104,129,9,54,82,108,60,41,16,125,31,52,72" hai2="28,44,128,102,25,14,81,38,101,8,87,123,105" hai3="100,132,18,39,24,115,78,91,119,121,135,49,4"/><T98/><D118/><U92/><E104/><V53/><F123/><W19/><G115/><T47/><D2/><U96/><E108/><V113/><F128/><W124/><G119/><T77/><D111/><U94/><E129/><V12/><F113/><W46/><G121/><T93/><D70/><U62/><E41/><V57/><F105/><W131/><G131/><T36/><D71/><U83/><E72/><V68/><F68/><W45/><G124/><T134/><D134/><N who="3" m="51241" /><G100/><T0/><D0/><U110/><E31/><V29/><F38/><W80/><G4/><T97/><D77/><U61/><E125/><V15/><F44/><W7/><G7/><T30/><D30/><U75/><E75/><V76/><F8/><W106/><G106/><T1/><D74/><U112/><E112/><V73/><F29/><W126/><G24/><T133/><D1/><U21/><E9/><V3/><F73/><N who="3" m="43087" /><G126/><T107/><D107/><U23/><E23/><N who="2" m="15423" /><F3/><W89/><G45/><T114/><D114/><U90/><E94/><V66/><F66/><N who="0" m="25130" /><D36/><U20/><E20/><V84/><F84/><W50/><G39/><T58/><D47/><U130/><E130/><V65/><F65/><W127/><G127/><T5/><D5/><U117/><E117/><V48/><AGARI ba="0,0" hai="12,14,15,48,53,57,76,81,87,101,102" m="15423" machi="48" ten="30,2000,0" yaku="8,1,52,1" doraHai="79" who="2" fromWho="2" sc="250,-10,250,-5,250,20,250,-5" /><INIT seed="1,0,0,3,3,18" ten="240,245,270,245" oya="1" hai0="53,106,29,120,6,95,128,100,123,13,37,113,8" hai1="17,88,133,118,109,91,31,16,28,58,59,78,76" hai2="122,110,19,5,129,114,11,41,108,36,72,96,22" hai3="127,24,60,80,119,79,69,26,125,23,30,87,103"/><U74/><E109/><N who="2" m="42091" /><F72/><W33/><G119/><T68/><D113/><U45/><E74/><V117/><F117/><W92/><G69/><T4/><D128/><U27/><E118/><V25/><F122/><N who="0" m="46634" /><D68/><U73/><E73/><V71/><F71/><W101/><G60/><T15/><D37/><U134/><E45/><N who="2" m="23719" /><F96/><W67/><G67/><T56/><D106/><U107/><E27/><V102/><F102/><W42/><G42/><T39/><D39/><U65/><E65/><V46/><F46/><W89/><G101/><T48/><D29/><U126/><E126/><N who="3" m="48138" /><G103/><T132/><D132/><U115/><E115/><V43/><F43/><W75/><G26/><T135/><D135/><U10/><E10/><V32/><F114/><W51/><G51/><T9/><D100/><U105/><AGARI ba="0,0" hai="16,17,28,31,58,59,76,78,88,91,105,107,133,134" machi="105" ten="25,12000,1" yaku="0,1,22,2,54,2" doraHai="18" who="1" fromWho="1" sc="240,-40,245,120,270,-40,245,-40" /><INIT seed="1,1,0,1,0,53" ten="200,365,230,205" oya="1" hai0="63,129,5,101,17,8,36,79,12,82,1,65,64" hai1="86,24,32,20,103,126,56,133,70,123,43,21,88" hai2="66,100,87,31,78,10,125,60,37,74,18,25,4" hai3="111,19,29,15,90,121,55,80,68,14,76,59,135"/><U44/><E70/><V48/><F125/><W62/><G121/><T39/><D129/><U22/><E123/><V89/><F37/><W132/><G111/><T128/><D128/><U26/><E32/><V94/><F100/><W69/><G29/><T120/><D101/><U130/><E133/><N who="3" m="51274" /><G90/><T47/><D120/><U119/><E119/><V9/><F18/><W110/><G110/><T112/><D112/><U3/><E3/><V114/><F114/><W27/><G27/><T106/><D106/><U28/><E103/><V115/><F115/><W72/><G14/><T0/><D0/><U49/><E130/><V113/><F113/><W84/><G72/><T95/><D95/><N who="1" m="54679" /><E126/><V77/><F48/><W81/><G81/><T83/><D39/><U134/><E134/><V35/><F74/><W104/><G104/><T99/><D82/><U34/><E34/><V75/><F75/><W2/><G2/><T109/><D36/><U42/><E42/><V108/><F108/><W33/><G33/><T58/><D109/><U61/><E26/><V23/><F35/><W41/><G41/><T118/><D1/><U116/><E116/><V11/><REACH who="2" step="1"/><F4/><REACH who="2" ten="200,365,220,205" step="2"/><W93/><G93/><T54/><D5/><U16/><E16/><V124/><F124/><W52/><G55/><AGARI ba="1,1" hai="20,21,22,24,28,43,44,49,55,56,61" m="54679" machi="55" ten="30,5800,0" yaku="8,1,52,1,54,1" doraHai="53" who="1" fromWho="3" sc="200,0,365,71,220,0,205,-61" /><INIT seed="1,2,0,2,4,1" ten="200,436,220,144" oya="1" hai0="44,30,83,8,51,73,29,95,0,109,69,75,67" hai1="39,4,57,64,86,102,103,114,112,79,115,58,78" hai2="18,32,72,40,54,46,111,68,98,66,101,104,36" hai3="2,56,23,5,93,49,92,60,76,105,28,77,97"/><U9/><E39/><V7/><F111/><W113/><G105/><T118/><D109/><U62/><E58/><V131/><F131/><W96/><G113/><T116/><D95/><U20/><E20/><V15/><F72/><W108/><G49/><T42/><D67/><U107/><E86/><V125/><F125/><W130/><G130/><T48/><D69/><U38/><E38/><V135/><F135/><W129/><G108/><T27/><D51/><U31/><E31/><V126/><F126/><W3/><G129/><T21/><D30/><U50/><E50/><V14/><F32/><W122/><G122/><T41/><D41/><U26/><E26/><V99/><F54/><W128/><G128/><T71/><D71/><U33/><E33/><V121/><F121/><W88/><G23/><T25/><D25/><U53/><E53/><V34/><F34/><W13/><G28/><T94/><D94/><U10/><E10/><N who="2" m="4447" /><F98/><W22/><G2/><T55/><D42/><U35/><E35/><V87/><F87/><W85/><G3/><T11/><D73/><U82/><E107/><V132/><F132/><W16/><G5/><T119/><REACH who="0" step="1"/><D0/><REACH who="0" ten="190,436,220,144" step="2"/><N who="1" m="135" /><E115/><V100/><F66/><N who="3" m="39175" /><G85/><T89/><D89/><AGARI ba="2,1" hai="13,16,22,76,77,88,89,92,93,96,97" m="39175" machi="89" ten="30,3900,0" yaku="8,1,54,2" doraHai="1" who="3" fromWho="0" sc="190,-45,436,0,220,0,144,55" /><INIT seed="2,0,0,5,5,85" ten="145,436,220,199" oya="2" hai0="36,68,99,58,87,82,130,133,66,47,135,12,2" hai1="5,98,95,13,16,45,60,18,26,104,22,35,73" hai2="105,15,67,64,88,21,117,38,44,112,41,25,29" hai3="40,61,94,1,42,97,100,121,118,129,74,54,127"/><V113/><F117/><W56/><G121/><T11/><D68/><U33/><E73/><V80/><F105/><W131/><G118/><T120/><D120/><U109/><E104/><V34/><F34/><W19/><G127/><T32/><D32/><U59/><E45/><V93/><F80/><W8/><G74/><T20/><D130/><N who="3" m="49673" /><G19/><T79/><D2/><U6/><E35/><V37/><F37/><W50/><G50/><T0/><D0/><U43/><E43/><V71/><F15/><W111/><G111/><T78/><D78/><U77/><E77/><V48/><F48/><W103/><G100/><T122/><D122/><U89/><E109/><V102/><F102/><W92/><G94/><T46/><D20/><N who="1" m="13591" /><E33/><V91/><F91/><W63/><G63/><N who="0" m="38263" /><D36/><U90/><E89/><V7/><F7/><AGARI ba="0,0" hai="1,7,8,40,42,54,56,61,92,97,103" m="49673" machi="7" ten="30,1000,0" yaku="19,1" doraHai="85" who="3" fromWho="2" sc="145,0,436,0,220,-10,199,10" /><INIT seed="3,0,0,3,5,64" ten="145,436,210,209" oya="3" hai0="3,25,74,100,50,133,56,30,116,1,107,120,2" hai1="96,108,20,68,85,117,112,22,128,72,126,92,118" hai2="45,90,75,12,11,59,77,84,113,17,27,37,58" hai3="38,24,106,94,127,33,81,57,23,114,5,93,78"/><W91/><G114/><T35/><D116/><U52/><E72/><V7/><F113/><W6/><G33/><T18/><D120/><U122/><E112/><V32/><F75/><W88/><G106/><T87/><D74/><U129/><E122/><V109/><F109/><W51/><G38/><T21/><D133/><U54/><E68/><V79/><F37/><W124/><G51/><T29/><D107/><U44/><E85/><V13/><F45/><W111/><G57/><N who="2" m="21513" /><F27/><W73/><G111/><T41/><D100/><N who="1" m="60423" /><E126/><N who="3" m="48170" /><G94/><T86/><D41/><U31/><E108/><V105/><F32/><W0/><G91/><T70/><D70/><U83/><E83/><N who="2" m="49439" /><F105/><W10/><G10/><AGARI ba="0,0" hai="7,10,11,12,13,17,77,79" m="49439,21513" machi="10" ten="30,1000,0" yaku="8,1" doraHai="64" who="2" fromWho="3" sc="145,0,436,0,210,10,209,-10" owari="145,-35.5,436,53.6,220,2.0,199,-20.1" /></mjloggm>