<mjloggm ver="2.3"><GO type="225" lobby="0"/><UN n0="%E3%82%B7%E3%83%A5%E3%83%9E%E3%82%A4%E3%82%B1%E3%83%AB" n1="%E3%82%A2%E3%83%A1%E3%82%A2%E3%83%A9%E3%83%AC" n2="%4B%2E%32%2E%4B%2E" n3="%72%69%6F%75%63%68%61%6E" dan="16,16,17,16" rate="2125.82,2122.97,2192.09,2164.52" sx="M,M,M,M"/><TAIKYOKU oya="0"/><INIT seed="0,0,0,2,0,49" ten="250,250,250,250" oya="0" hai0="77,60,36,33,3,78,1,67,21,47,10,54,34" hai1="76,91,57,64,121,102,45,135,35,124,19,58,61" hai2="94,70,98,38,44,23,79,119,29,126,25,48,16" hai3="89,15,131,113,8,80,88,31,106,6,83,68,132"/><T14/><D21/><U69/><E135/><V93/><F38/><W111/><G113/><T81/><D77/><U116/><E121/><V110/><F70/><W24/><G132/><T109/><D109/><U62/><E116/><V114/><F114/><W7/><G111/><T51/><D36/><U92/><E124/><V22/><F110/><W73/><G131/><T71/><D33/><U37/><E35/><V123/><F123/><W55/><G106/><T17/><REACH who="0" step="1"/><D34/><REACH who="0" ten="240,250,250,250" step="2"/><U108/><E76/><V96/><F79/><W5/><G73/><AGARI ba="0,1" hai="1,3,10,14,17,47,51,54,60,67,71,73,78,81" machi="73" ten="30,12000,1" yaku="1,1,2,1,7,1,52,1,53,1" doraHai="49" doraHaiUra="105" who="0" fromWho="3" sc="240,130,250,0,250,0,250,-120" /><INIT seed="0,1,0,0,2,34" ten="370,250,250,130" oya="0" hai0="20,102,39,125,51,132,28,133,57,97,116,96,78" hai1="55,29,92,45,36,7,68,77,123,85,93,124,88" hai2="50,110,0,35,70,120,33,47,38,87,62,81,134" hai3="17,98,14,10,6,79,99,94,18,60,106,9,126"/><T101/><D39/><U11/><E123/><V58/><F120/><W3/><G126/><T44/><D78/><U52/><E124/><V91/><F110/><W40/><G40/><T69/><D69/><U113/><E68/><V48/><F134/><W72/><G106/><T41/><D57/><U37/><E113/><V73/><F73/><W24/><G60/><T23/><D116/><U5/><E77/><V64/><F0/><W86/><G72/><T67/><D67/><U118/><E118/><V15/><F15/><W59/><G59/><T27/><D125/><U1/><E29/><V117/><F117/><W121/><G121/><T74/><D74/><U12/><E93/><V63/><F50/><W46/><G46/><T83/><D83/><U114/><E114/><V95/><F81/><W135/><G135/><N who="0" m="51787" /><D23/><U76/><E76/><V8/><F8/><W13/><G24/><T84/><D84/><U53/><REACH who="1" step="1"/><E45/><REACH who="1" ten="370,240,250,130" step="2"/><V56/><F70/><W131/><G131/><T32/><D28/><U130/><E130/><V105/><F105/><W26/><G26/><T71/><D71/><U49/><E49/><V129/><F129/><W127/><G127/><T111/><D51/><U107/><E107/><V65/><REACH who="2" step="1"/><F38/><REACH who="2" ten="370,240,240,130" step="2"/><W61/><G94/><T22/><D111/><U109/><E109/><V75/><F75/><W30/><G9/><AGARI ba="1,2" hai="1,5,7,9,11,12,36,37,52,53,55,85,88,92" machi="9" ten="40,8000,1" yaku="1,1,52,1,54,2,53,0" doraHai="34" doraHaiUra="16" who="1" fromWho="3" sc="370,0,240,103,240,0,130,-83" /><INIT seed="1,0,0,0,1,135" ten="370,343,240,47" oya="1" hai0="43,51,24,113,16,72,53,76,112,85,63,40,26" hai1="83,1,9,100,19,107,49,35,23,122,50,124,95" hai2="60,5,130,119,8,20,133,105,96,79,69,10,89" hai3="45,104,46,132,127,64,134,78,125,80,25,97,114"/><U32/><E122/><V68/><F119/><W101/><G114/><T110/><D72/><U86/><E107/><V21/><F133/><N who="3" m="51307" /><G64/><T41/><D110/><U61/><E61/><V71/><F130/><W84/><G25/><T128/><D128/><U18/><E95/><V117/><F117/><W111/><G111/><T34/><D34/><U116/><E100/><V47/><F79/><W65/><G65/><T12/><D112/><U56/><E9/><V66/><F47/><AGARI ba="0,0" hai="45,46,47,78,80,84,97,101,104,125,127" m="51307" machi="47" ten="30,3900,0" yaku="20,1,52,2" doraHai="135" who="3" fromWho="2" sc="370,0,343,0,240,-39,47,39" /><INIT seed="2,0,0,2,2,50" ten="370,343,201,86" oya="2" hai0="4,104,12,81,116,87,15,30,34,5,24,90,131" hai1="19,67,21,74,35,88,9,73,14,10,60,78,100" hai2="106,32,49,69,7,76,127,110,13,31,115,36,70" hai3="79,63,118,119,72,77,16,96,126,41,27,123,105"/><V120/><F115/><W85/><G123/><T95/><D104/><U98/><E35/><V112/><F36/><W2/><G2/><T114/><D114/><U1/><E1/><V47/><F106/><W82/><G126/><T93/><D131/><U135/><E135/><V62/><F112/><W43/><G77/><T61/><D116/><U39/><E39/><V40/><F120/><W56/><G72/><T46/><D46/><U91/><E73/><V101/><F101/><W103/><G118/><T53/><D15/><U117/><E117/><V92/><F127/><W89/><G119/><T64/><D53/><U71/><E10/><V20/><F110/><W45/><G79/><T124/><D124/><U99/><E9/><V28/><F32/><W23/><REACH who="3" step="1"/><G45/><REACH who="3" ten="370,343,201,76" step="2"/><T84/><D4/><U129/><E78/><V52/><F76/><W80/><G80/><T37/><D5/><U134/><E74/><V75/><F75/><W57/><G57/><T132/><D81/><U3/><E3/><V130/><F7/><W113/><G113/><T122/><D122/><U33/><E134/><V42/><F70/><W51/><G51/><T111/><D132/><U22/><E71/><V59/><F69/><W125/><G125/><T86/><D111/><U38/><E38/><V109/><F109/><W107/><G107/><T6/><D37/><U66/><E129/><V102/><F130/><W44/><G44/><T26/><D6/><U133/><E133/><V29/><F42/><W68/><G68/><T83/><D83/><U97/><E60/><V58/><F62/><W128/><G128/><RYUUKYOKU ba="0,1" sc="370,-10,343,-10,201,-10,76,30" hai3="16,23,27,41,43,56,63,82,85,89,96,103,105" /><INIT seed="3,1,1,4,1,30" ten="360,333,191,106" oya="3" hai0="57,62,126,12,87,37,93,52,98,90,96,107,10" hai1="18,33,70,134,89,123,2,84,29,97,73,39,61" hai2="91,72,59,64,42,129,101,67,133,20,131,43,122" hai3="5,106,77,48,75,35,105,103,4,112,71,69,31"/><W94/><G112/><T88/><D126/><U49/><E73/><V125/><F125/><W54/><G94/><T74/><D74/><U124/><E39/><V85/><F72/><W22/><G22/><T132/><D37/><U79/><E124/><V51/><F133/><W102/><G75/><T16/><D107/><N who="3" m="40969" /><G77/><T82/><D132/><U109/><E123/><V92/><F122/><W45/><G31/><T11/><D11/><U41/><E2/><V32/><F20/><W78/><G78/><T104/><D104/><U118/><E134/><V119/><F119/><W44/><G48/><T100/><D98/><U13/><E97/><V26/><F101/><AGARI ba="1,1" hai="10,12,16,52,57,62,82,87,88,90,93,96,100,101" machi="101" ten="40,8000,1" yaku="8,1,54,3" doraHai="30" who="0" fromWho="2" sc="360,93,333,0,191,-83,106,0" owari="453,55.3,333,13.3,108,-29.2,106,-39.4" /></mjloggm>