<mjloggm ver="2.3"><GO type="225" lobby="0"/><UN n0="%33%74%72%65%65" n1="%65%6B%61%72%75%74%65" n2="%E3%81%B8%E3%82%80%E3%81%B8%E3%82%80%EF%BC%92%E5%8F%B7" n3="%E3%82%BC%E3%83%AB%E3%83%80%E3%81%AE%E4%BC%9D%E8%AA%AC" dan="16,16,16,16" rate="2106.74,2125.81,2118.22,2158.21" sx="F,M,M,M"/><TAIKYOKU oya="0"/><INIT seed="0,0,0,4,0,82" ten="250,250,250,250" oya="0" hai0="135,35,19,64,80,50,113,65,3,123,111,128,89" hai1="39,48,106,42,59,132,74,127,68,52,115,131,73" hai2="36,38,7,117,71,120,130,100,57,121,1,102,76" hai3="11,75,67,125,63,31,21,69,27,13,46,83,86"/><T124/><D113/><U2/><RYUUKYOKU type="yao9" ba="0,0" sc="250,0,250,0,250,0,250,0" hai1="2,39,42,48,52,59,68,73,74,106,115,127,131,132" /><INIT seed="0,1,0,1,0,80" ten="250,250,250,250" oya="0" hai0="90,12,114,125,75,61,88,28,22,7,36,34,43" hai1="127,56,55,94,40,64,99,77,5,93,68,9,41" hai2="24,29,2,3,116,86,102,81,26,124,107,123,105" hai3="19,115,96,10,71,20,35,63,13,98,78,65,33"/><T0/><D114/><U112/><E112/><V30/><F123/><W25/><G115/><T32/><D75/><U87/><E127/><V51/><F124/><W31/><G78/><T37/><D125/><U108/><E108/><V121/><F121/><W85/><G85/><T57/><D34/><U84/><E64/><V53/><F116/><W91/><G91/><T82/><D43/><U39/><E68/><V111/><F111/><W122/><G122/><T4/><D37/><U103/><E39/><V100/><F2/><W27/><REACH who="3" step="1"/><G35/><REACH who="3" ten="250,250,250,240" step="2"/><T134/><D90/><U23/><E77/><V135/><F86/><N who="1" m="32809" /><E93/><V62/><F81/><W52/><G52/><T58/><D32/><U76/><E76/><V14/><F53/><W92/><G92/><T74/><D88/><U47/><E47/><V128/><F107/><W106/><G106/><T46/><D46/><U119/><E119/><V8/><F105/><W89/><G89/><T118/><D118/><U60/><E23/><V129/><F100/><W117/><G117/><T70/><D22/><U45/><E45/><V44/><F102/><W79/><G79/><T49/><D74/><U83/><E83/><V17/><F128/><W42/><G42/><T67/><D82/><U48/><E48/><V69/><F129/><W6/><AGARI ba="1,1" hai="6,10,13,19,20,25,27,31,33,63,65,71,96,98" machi="6" ten="20,5200,0" yaku="1,1,0,1,7,1,53,1" doraHai="80" doraHaiUra="11" who="3" fromWho="3" sc="250,-27,250,-14,250,-14,240,65" /><INIT seed="1,0,0,1,2,127" ten="223,236,236,305" oya="1" hai0="116,129,63,119,81,11,78,70,132,96,10,45,130" hai1="19,67,87,20,54,97,95,37,91,103,25,43,46" hai2="117,72,16,126,89,36,114,35,26,120,9,111,51" hai3="131,58,34,50,102,118,79,109,56,66,30,33,104"/><U57/><E67/><V135/><RYUUKYOKU type="yao9" ba="0,0" sc="223,0,236,0,236,0,305,0" hai2="9,16,26,35,36,51,72,89,111,114,117,120,126,135" /><INIT seed="1,1,0,4,0,125" ten="223,236,236,305" oya="1" hai0="96,40,102,79,48,31,55,22,11,72,29,12,93" hai1="20,82,130,80,57,116,52,51,114,132,107,85,76" hai2="33,75,36,88,23,99,10,3,129,120,39,56,134" hai3="19,4,43,133,115,58,124,18,92,121,122,15,105"/><U61/><E114/><V1/><F33/><W50/><G105/><T54/><D72/><U38/><E116/><V77/><F120/><W45/><G115/><T71/><D71/><U35/><E35/><V119/><F119/><W28/><G124/><T74/><D74/><U24/><E132/><V2/><F134/><W90/><G133/><T32/><D32/><U8/><E130/><V97/><F129/><W131/><G131/><T78/><D40/><U27/><E38/><V30/><F10/><N who="3" m="4551" /><G121/><T98/><D98/><U89/><E107/><V101/><F56/><W69/><G69/><T59/><D54/><U62/><E8/><V100/><F88/><W87/><G122/><T68/><D68/><U111/><E111/><V128/><F128/><W41/><G41/><T26/><REACH who="0" step="1"/><D31/><REACH who="0" ten="213,236,236,305" step="2"/><U95/><E82/><V6/><F75/><W118/><G118/><T135/><D135/><U65/><E65/><V127/><F99/><W108/><G108/><T70/><D70/><U49/><E62/><V17/><F97/><W73/><G73/><T37/><D37/><U63/><E61/><V94/><F30/><W110/><G110/><T13/><D13/><U113/><E113/><V67/><F39/><W84/><G28/><T123/><D123/><U25/><REACH who="1" step="1"/><E20/><REACH who="1" ten="213,226,236,305" step="2"/><V5/><F67/><W42/><G92/><T104/><D104/><U91/><E91/><V86/><F36/><W53/><G90/><T112/><D112/><U106/><E106/><V47/><F94/><W0/><G50/><T46/><D46/><U126/><E126/><V60/><F47/><W81/><G45/><RYUUKYOKU ba="1,2" sc="213,15,226,15,236,-15,305,-15" hai0="11,12,22,26,29,48,55,59,78,79,93,96,102" hai1="24,25,27,49,51,52,57,63,76,80,85,89,95" /><INIT seed="1,2,2,1,3,38" ten="228,241,221,290" oya="1" hai0="74,33,43,0,79,40,69,42,114,71,51,17,109" hai1="96,97,83,102,77,108,30,12,135,92,3,4,14" hai2="63,124,20,73,90,44,99,18,93,50,130,115,78" hai3="84,34,65,103,31,126,35,132,110,47,95,120,37"/><U98/><E135/><V121/><F121/><W15/><G120/><T80/><D114/><U25/><E108/><V76/><F115/><W106/><G106/><T2/><D109/><U52/><E3/><V91/><F124/><W87/><G110/><T111/><D111/><U9/><E14/><N who="2" m="9303" /><F73/><W64/><G132/><T66/><D33/><U82/><E52/><N who="2" m="29767" /><F130/><W10/><G31/><T6/><D51/><U133/><E133/><V122/><F122/><W41/><G126/><T72/><D72/><U128/><E128/><V68/><F68/><W27/><G27/><T89/><D89/><N who="2" m="33802" /><F63/><W105/><G105/><T127/><D127/><U62/><E62/><V28/><F28/><W86/><G35/><T123/><D123/><U19/><E4/><V101/><AGARI ba="2,2" hai="76,78,93,99,101" m="33802,29767,9303" machi="101" ten="30,2000,0" yaku="8,1,54,1" doraHai="38" who="2" fromWho="2" sc="228,-7,241,-12,221,46,290,-7" /><INIT seed="2,0,0,3,0,27" ten="221,229,267,283" oya="2" hai0="74,55,117,44,70,59,80,5,113,60,57,119,13" hai1="134,106,42,53,10,66,15,75,65,69,0,17,32" hai2="132,29,67,84,35,88,40,97,41,28,19,24,54" hai3="49,7,105,120,11,109,21,133,9,20,90,94,91"/><V98/><F132/><W43/><G120/><T85/><D113/><U25/><E134/><V114/><F114/><W4/><G105/><T89/><D74/><U63/><E106/><V87/><F67/><W83/><G133/><T123/><D123/><U130/><E75/><V30/><F54/><W101/><G109/><T64/><D44/><U2/><E130/><V122/><F122/><W107/><G107/><T50/><REACH who="0" step="1"/><D70/><REACH who="0" ten="211,229,267,283" step="2"/><U99/><E69/><V39/><F39/><W78/><G7/><T33/><D33/><U128/><E32/><V127/><F35/><W72/><G4/><T46/><D46/><U125/><E128/><V124/><F124/><W104/><G72/><T102/><D102/><U68/><E68/><V22/><F127/><W51/><G101/><T26/><D26/><U118/><E125/><V34/><F34/><W135/><G135/><T112/><D112/><U14/><E25/><V6/><F6/><W116/><G116/><T12/><D12/><U38/><E118/><V1/><F1/><W103/><G103/><T23/><D23/><U95/><E15/><V71/><F71/><W8/><G20/><T86/><D86/><U110/><E0/><V37/><F87/><W16/><G21/><T76/><D76/><U82/><E2/><V18/><F37/><W62/><G78/><T52/><D52/><U58/><E110/><V121/><F121/><W47/><G47/><T129/><D129/><U31/><E38/><V56/><F22/><W61/><G43/><T79/><D79/><U126/><E126/><V81/><F41/><W100/><G104/><RYUUKYOKU ba="0,1" sc="211,30,229,-10,267,-10,283,-10" hai0="5,13,50,55,57,59,60,64,80,85,89,117,119" /><INIT seed="3,1,1,0,5,54" ten="241,219,257,273" oya="3" hai0="44,128,133,2,6,68,60,102,25,119,35,96,49" hai1="16,77,57,42,112,1,55,17,122,67,61,101,73" hai2="50,38,5,85,7,62,46,76,113,52,88,11,114" hai3="14,100,56,135,64,33,37,15,23,106,107,9,120"/><W123/><G33/><T118/><D128/><U124/><E122/><V110/><F38/><W19/><G37/><T13/><D133/><U105/><E112/><V89/><F110/><W109/><G109/><T108/><D13/><U97/><E124/><V66/><F76/><W129/><G135/><T31/><D49/><U98/><E1/><V94/><F89/><W47/><G47/><T103/><D44/><U134/><E134/><V41/><F41/><W28/><G129/><T51/><D51/><U81/><E42/><V91/><F91/><W58/><G28/><T29/><D103/><U22/><E98/><V90/><F90/><W65/><G23/><T104/><D31/><U111/><E111/><V78/><F78/><W132/><G132/><T63/><D63/><U93/><E105/><V59/><F5/><W0/><G19/><T84/><D84/><U43/><E43/><V75/><F75/><W39/><G39/><T131/><D131/><U87/><E73/><V126/><F126/><W3/><G9/><N who="0" m="2263" /><D108/><U74/><E74/><V45/><F46/><W130/><G130/><T10/><D10/><U53/><E17/><V116/><F116/><W121/><G121/><T8/><D8/><U125/><E125/><V83/><F83/><W117/><G100/><T71/><D71/><U30/><E30/><V95/><F95/><W24/><G24/><AGARI ba="1,1" hai="16,22,24,53,55,57,61,67,77,81,87,93,97,101" machi="24" ten="30,7700,0" yaku="7,1,8,1,52,1,54,1" doraHai="54" who="1" fromWho="3" sc="241,0,219,90,257,0,273,-80" owari="241,-15.9,309,40.9,257,5.7,193,-30.7" /></mjloggm>