<mjloggm ver="2.3"><GO type="225" lobby="0"/><UN n0="%E3%82%B7%E3%83%B3%E5%A4%AA%E6%9C%97" n1="%33%74%72%65%65" n2="%E3%81%99%E3%81%84%E3%81%BE%E3%81%9B%E3%83%BC%E3%82%93" n3="%E4%BF%BA%E3%81%A8%E5%A6%96%E5%A4%A2" dan="16,17,17,17" rate="2151.03,2225.43,2126.93,2202.64" sx="M,F,M,F"/><TAIKYOKU oya="0"/><INIT seed="0,0,0,3,3,123" ten="250,250,250,250" oya="0" hai0="81,87,51,127,96,79,22,107,110,8,76,77,38" hai1="115,75,132,120,74,0,78,34,82,85,66,45,102" hai2="11,80,10,124,42,129,131,117,53,7,98,60,62" hai3="32,54,68,86,135,95,70,114,50,73,103,30,94"/><T52/><D38/><U89/><E120/><V24/><F124/><W12/><G114/><T15/><D127/><U23/><E34/><V59/><F117/><W97/><G73/><T130/><D130/><N who="2" m="49674" /><F42/><W46/><G135/><T64/><D64/><U1/><E66/><V63/><F24/><W27/><REACH who="3" step="1"/><G12/><REACH who="3" ten="250,250,250,240" step="2"/><T56/><D110/><U126/><E75/><V35/><F35/><W100/><G100/><T43/><D43/><U83/><E115/><V134/><F134/><W17/><G17/><T40/><D40/><U4/><E132/><V13/><F13/><W84/><G84/><T125/><D125/><U69/><E126/><V26/><F26/><W71/><G71/><T55/><D96/><U44/><E102/><V36/><F98/><W58/><G58/><T104/><D107/><U106/><E69/><V118/><F118/><W121/><G121/><T28/><D104/><U61/><E106/><V113/><F113/><W88/><AGARI ba="0,1" hai="27,30,32,46,50,54,68,70,86,88,94,95,97,103" machi="88" ten="30,4000,0" yaku="1,1,0,1,54,1,53,0" doraHai="123" doraHaiUra="14" who="3" fromWho="3" sc="250,-20,250,-10,250,-10,240,50" /><INIT seed="1,0,0,1,3,102" ten="230,240,240,290" oya="1" hai0="51,71,0,54,22,88,109,103,16,124,35,5,32" hai1="44,60,91,41,128,117,26,82,10,12,57,96,29" hai2="131,25,108,1,4,84,2,30,98,95,127,34,15" hai3="27,47,7,104,58,87,93,79,52,114,37,92,50"/><U43/><E117/><V125/><F108/><W36/><G114/><T70/><D109/><U86/><E128/><V134/><F131/><W132/><G132/><T13/><D103/><U123/><E123/><V46/><F134/><W111/><G111/><T110/><D110/><U66/><E96/><V73/><F73/><W49/><G104/><T11/><D124/><N who="2" m="47690" /><F84/><W101/><G7/><T45/><REACH who="0" step="1"/><D88/><REACH who="0" ten="220,240,240,290" step="2"/><U38/><E38/><V99/><F99/><W130/><G36/><T6/><D6/><U133/><E133/><V120/><F120/><W129/><G37/><T40/><D40/><U76/><E91/><N who="2" m="55679" /><F46/><W78/><G130/><T89/><D89/><U68/><E44/><V100/><F100/><W63/><G129/><T74/><D74/><U62/><E43/><V90/><F90/><N who="3" m="53343" /><G101/><T119/><D119/><U106/><E41/><V55/><F4/><W23/><G93/><T42/><D42/><U8/><E106/><V59/><F1/><W116/><G116/><T48/><D48/><N who="3" m="18537" /><G47/><T3/><D3/><U65/><REACH who="1" step="1"/><E12/><REACH who="1" ten="220,230,240,290" step="2"/><V122/><F15/><W9/><G78/><T61/><D61/><U31/><E31/><V118/><F118/><W33/><G79/><T85/><D85/><U121/><E121/><V105/><F122/><W115/><G63/><T19/><D19/><U80/><E80/><V56/><F2/><W64/><G115/><T39/><D39/><U77/><E77/><V135/><F135/><W17/><G17/><T28/><D28/><U72/><E72/><V83/><F83/><W53/><G27/><T20/><D20/><AGARI ba="0,2" hai="8,10,20,26,29,57,60,62,65,66,68,76,82,86" machi="20" ten="30,5800,0" yaku="1,1,7,1,53,1" doraHai="102" doraHaiUra="24" who="1" fromWho="0" sc="220,-58,230,78,240,0,290,0" /><INIT seed="1,1,0,4,0,128" ten="162,308,240,290" oya="1" hai0="41,108,26,0,21,28,64,113,31,85,15,123,22" hai1="60,88,78,20,34,126,95,68,7,114,43,54,67" hai2="58,82,18,81,3,16,10,4,47,104,93,11,61" hai3="116,103,51,62,100,117,75,40,129,48,24,118,105"/><U45/><E114/><V92/><F104/><W9/><G75/><T133/><D64/><U42/><E34/><V91/><F47/><W97/><G129/><T80/><D123/><U110/><E126/><V39/><F39/><W89/><G62/><T122/><D122/><U50/><E110/><V5/><F82/><W94/><G24/><T49/><D0/><U12/><E78/><V44/><F44/><N who="3" m="25607" /><G105/><T79/><D108/><U76/><E76/><V120/><F81/><W132/><G132/><T101/><D113/><U96/><REACH who="1" step="1"/><E20/><REACH who="1" ten="162,298,240,290" step="2"/><V127/><F127/><W69/><G116/><T86/><D22/><U72/><E72/><V87/><F120/><W17/><G117/><T30/><D21/><U33/><E33/><V130/><F130/><W37/><G118/><T125/><D79/><U73/><E73/><V119/><F119/><W46/><G37/><T38/><D125/><U111/><E111/><V121/><F121/><W29/><G29/><T19/><D38/><U115/><E115/><V71/><F11/><AGARI ba="1,1" hai="7,11,12,42,43,45,50,54,60,67,68,88,95,96" machi="11" ten="40,7700,0" yaku="1,1,54,1,53,1" doraHai="128" doraHaiUra="56" who="1" fromWho="2" sc="162,0,298,90,240,-80,290,0" /><INIT seed="1,2,0,5,3,16" ten="162,388,160,290" oya="1" hai0="134,94,1,97,19,7,18,76,107,28,108,118,111" hai1="128,53,24,130,40,56,63,52,84,34,61,59,36" hai2="6,103,51,90,55,45,10,49,48,17,65,126,2" hai3="21,95,30,11,8,46,71,31,54,27,41,106,22"/><U5/><E5/><V60/><F126/><W125/><G106/><T15/><D118/><U32/><E84/><V37/><F37/><W39/><G71/><T85/><D107/><U79/><E79/><V42/><F103/><W58/><G125/><T92/><D134/><U75/><E75/><V96/><F17/><W110/><G95/><T14/><D28/><U69/><E24/><V120/><F120/><W122/><G110/><N who="0" m="42027" /><D1/><U98/><E98/><V121/><F121/><W113/><G113/><T86/><D7/><U127/><E127/><V114/><F114/><W133/><G133/><T88/><D76/><U23/><E23/><V3/><F3/><W20/><G122/><T68/><D68/><U82/><E82/><V4/><F4/><W104/><G104/><T47/><D47/><N who="1" m="23943" /><E32/><V64/><F64/><W105/><G105/><T123/><D123/><U78/><E78/><V124/><F124/><W62/><REACH who="3" step="1"/><G30/><REACH who="3" ten="162,388,160,280" step="2"/><T81/><D94/><U117/><E69/><V29/><F29/><W135/><G135/><T12/><D81/><U116/><E34/><AGARI ba="2,1" hai="8,11,20,21,22,27,31,34,39,41,46,54,58,62" machi="34" ten="40,8000,1" yaku="1,1,52,3,53,0" doraHai="16" doraHaiUra="99" who="3" fromWho="1" sc="162,0,388,-86,160,0,280,96" /><INIT seed="2,0,0,3,4,80" ten="162,302,160,376" oya="2" hai0="107,84,19,110,67,56,62,13,9,44,21,133,92" hai1="2,68,28,77,53,40,1,99,39,117,63,119,30" hai2="10,20,4,15,116,89,129,82,108,127,34,106,79" hai3="48,74,109,115,72,69,31,38,118,135,105,87,8"/><V50/><F116/><W121/><G87/><T66/><D107/><U103/><E77/><V91/><F34/><W114/><G48/><T124/><D110/><U101/><E53/><V95/><F106/><W61/><G61/><T16/><D133/><U58/><E58/><V25/><F108/><W6/><G31/><T49/><D124/><U52/><E52/><V102/><F127/><W122/><G8/><T125/><D125/><U86/><E86/><N who="2" m="48479" /><F129/><W75/><G6/><T59/><D92/><U3/><E30/><N who="2" m="17703" /><F50/><W5/><G5/><T111/><D111/><U70/><E28/><V35/><F35/><W26/><G26/><N who="0" m="14631" /><D84/><U12/><E12/><V54/><F54/><W60/><G60/><N who="0" m="38151" /><D49/><U27/><E70/><V29/><F29/><W73/><G73/><T120/><D120/><U33/><E33/><V18/><F4/><W41/><G105/><T88/><D88/><U83/><E68/><V47/><F47/><AGARI ba="0,0" hai="9,13,19,44,47,59,62,67" m="38151,14631" machi="47" ten="30,2000,0" yaku="8,1,54,1" doraHai="80" who="0" fromWho="2" sc="162,20,302,0,160,-20,376,0" /><INIT seed="3,0,0,4,4,37" ten="182,302,140,376" oya="3" hai0="123,108,11,46,106,24,47,107,101,81,124,12,1" hai1="3,116,63,88,72,44,97,13,134,95,79,18,55" hai2="56,132,16,104,69,35,91,25,61,7,9,38,64" hai3="77,126,84,98,74,67,105,54,43,22,65,75,85"/><W28/><G126/><T39/><D123/><U114/><E114/><V71/><F132/><W4/><G54/><T66/><D124/><U53/><E134/><V113/><F113/><W128/><G128/><T6/><D108/><U60/><E116/><V117/><F117/><W30/><G4/><T120/><D120/><U27/><E3/><V2/><F104/><W102/><G30/><T118/><D118/><U59/><E72/><V19/><F38/><W93/><G84/><T14/><D66/><U21/><E79/><V86/><F35/><W48/><G22/><T29/><D81/><U112/><E112/><V90/><F90/><N who="3" m="53455" /><G28/><T5/><D101/><U45/><E13/><V15/><F25/><W87/><G87/><T131/><D131/><U36/><E36/><V100/><F100/><W52/><G74/><T73/><D1/><U119/><E119/><V62/><F2/><W133/><G43/><T129/><D73/><U20/><E20/><V109/><F109/><W17/><G17/><T111/><D111/><U26/><E26/><V103/><F103/><W33/><G33/><T68/><D68/><U94/><E94/><V78/><F78/><W42/><G42/><T135/><D39/><U96/><E96/><V40/><F40/><W8/><G133/><T49/><D129/><U83/><E83/><V57/><F71/><W82/><G8/><T41/><D135/><U127/><E127/><V122/><F122/><W125/><G125/><T50/><D106/><U31/><E31/><V89/><F69/><W76/><G76/><T32/><D107/><U51/><E55/><RYUUKYOKU ba="0,0" sc="182,-15,302,15,140,-15,376,15" hai1="18,21,27,44,45,51,53,59,60,63,88,95,97" hai3="48,52,65,67,75,77,82,98,102,105" owari="167,-23.3,317,11.7,125,-37.5,391,49.1" /></mjloggm>