<mjloggm ver="2.3"><GO type="225" lobby="0"/><UN n0="%E3%81%A9%E3%82%8F%E3%82%93%E3%81%94" n1="%E5%A4%9C%E3%81%AE%E3%82%AC%E3%82%B9%E3%83%91%E3%83%BC%E3%83%AB" n2="%E5%BC%93%E6%9C%A8%E3%81%AA%E3%81%8A" n3="%E6%B8%A9%E2%98%85%E6%83%85%E2%98%85%E6%8E%AA%E2%98%85%E7%BD%AE" dan="16,16,16,17" rate="2049.97,2123.98,2116.55,2227.31" sx="M,M,M,M"/><TAIKYOKU oya="0"/><INIT seed="0,0,0,5,4,126" ten="250,250,250,250" oya="0" hai0="82,127,54,8,117,25,108,21,129,1,98,18,67" hai1="83,40,28,73,41,56,59,81,22,3,51,37,26" hai2="61,93,0,102,58,27,12,6,52,74,121,16,60" hai3="11,101,120,133,7,70,132,118,107,19,96,35,62"/><T44/><D117/><U88/><E3/><V55/><F74/><W2/><G118/><T5/><D127/><U85/><E37/><V95/><F121/><W48/><G120/><T104/><D67/><U86/><E73/><V49/><F0/><W134/><G35/><T24/><D82/><U110/><E110/><V113/><F113/><W76/><G76/><T47/><D108/><U92/><E92/><N who="2" m="35403" /><F102/><W109/><G109/><T115/><D115/><U9/><E9/><N who="2" m="4151" /><F55/><W78/><G78/><T112/><D112/><U63/><E51/><V100/><F100/><W50/><REACH who="3" step="1"/><G19/><REACH who="3" ten="250,250,250,240" step="2"/><T119/><D119/><U13/><E13/><V57/><F57/><N who="1" m="22089" /><E63/><V128/><F128/><W29/><G29/><T122/><D122/><U14/><E14/><V125/><F125/><W79/><G79/><AGARI ba="0,1" hai="22,26,28,40,41,79,81,83,85,86,88" m="22089" machi="79" ten="30,2000,0" yaku="8,1,54,1" doraHai="126" who="1" fromWho="3" sc="250,0,250,30,250,0,240,-20" /><INIT seed="1,0,0,1,4,73" ten="250,280,250,220" oya="1" hai0="21,8,24,75,123,68,54,94,127,85,74,101,128" hai1="117,25,93,19,97,70,63,112,45,107,126,76,78" hai2="23,30,50,5,28,116,47,59,64,13,95,53,40" hai3="81,130,77,125,100,46,71,90,103,92,131,55,0"/><U56/><E112/><V61/><F116/><W122/><G71/><T82/><D68/><U88/><E70/><V129/><F129/><N who="3" m="49163" /><G0/><T118/><D128/><U10/><E117/><V108/><F108/><W43/><G55/><T62/><D118/><U98/><E126/><V49/><F95/><W31/><G31/><T36/><D36/><U18/><E45/><V106/><F106/><W105/><G105/><T69/><D69/><U2/><E107/><V7/><F30/><W9/><G9/><T115/><D8/><U4/><E98/><V133/><F133/><W27/><G27/><T79/><D127/><U17/><REACH who="1" step="1"/><E25/><REACH who="1" ten="250,270,250,220" step="2"/><N who="2" m="16447" /><F13/><W102/><G125/><T72/><D115/><U109/><E109/><V111/><F111/><W121/><G46/><AGARI ba="0,1" hai="5,7,40,46,47,49,50,53,59,61,64" m="16447" machi="46" ten="30,1000,0" yaku="8,1" doraHai="73" who="2" fromWho="3" sc="250,0,270,0,250,20,220,-10" /><INIT seed="2,0,0,3,0,23" ten="250,270,270,210" oya="2" hai0="47,66,13,67,70,125,89,93,21,37,123,62,9" hai1="105,35,77,108,124,107,133,78,132,36,84,112,71" hai2="88,92,96,57,33,34,81,87,86,30,31,126,15" hai3="38,91,45,116,44,80,76,55,73,64,130,99,8"/><V111/><F126/><W113/><G116/><T41/><D125/><U120/><RYUUKYOKU type="yao9" ba="0,0" sc="250,0,270,0,270,0,210,0" hai1="35,36,71,77,78,84,105,107,108,112,120,124,132,133" /><INIT seed="2,1,0,4,5,23" ten="250,270,270,210" oya="2" hai0="67,64,77,75,79,54,34,76,9,17,20,10,2" hai1="50,134,11,22,15,25,6,101,107,19,104,73,93" hai2="61,112,39,29,41,91,49,16,114,132,68,47,28" hai3="118,84,127,43,48,69,24,70,42,102,131,105,27"/><V26/><F132/><W108/><G118/><T30/><D75/><U44/><E73/><V111/><F39/><W122/><G122/><T52/><D34/><U109/><E109/><V81/><F111/><W21/><G108/><T125/><D30/><U62/><E134/><V100/><F100/><W12/><G105/><T57/><D125/><U71/><E71/><V58/><F68/><W78/><G70/><T18/><D2/><U59/><E93/><V55/><F114/><W53/><G69/><T66/><D57/><U7/><E7/><V124/><F124/><W32/><G32/><T97/><D97/><U120/><E101/><V98/><F112/><W90/><G78/><T36/><D36/><U135/><E120/><V99/><F99/><W72/><G102/><T74/><D74/><U5/><E5/><V126/><F126/><W83/><G72/><T40/><D40/><N who="3" m="15401" /><G127/><T128/><D128/><U103/><E103/><V46/><F46/><N who="3" m="27799" /><G131/><T85/><D85/><U63/><E135/><V0/><F0/><W88/><G90/><T3/><D3/><U60/><E107/><V80/><F80/><W13/><G27/><N who="0" m="14735" /><D18/><AGARI ba="1,0" hai="12,13,18,21,24,83,84,88" m="27799,15401" machi="18" ten="30,3900,0" yaku="8,1,52,1,54,1" doraHai="23" who="3" fromWho="0" sc="250,-42,270,0,270,0,210,42" /><INIT seed="3,0,0,3,4,72" ten="208,270,270,252" oya="3" hai0="8,0,40,46,25,131,24,69,93,78,2,29,44" hai1="49,41,31,77,62,5,84,32,67,13,57,43,19" hai2="90,68,100,59,39,1,70,54,125,127,21,35,26" hai3="34,60,27,99,58,75,18,33,122,109,121,81,108"/><W130/><G130/><T20/><D131/><U64/><E64/><V66/><F39/><W98/><G18/><T86/><D69/><U55/><E5/><V88/><F35/><N who="3" m="13323" /><G27/><T135/><D135/><U9/><E31/><V101/><F1/><W103/><G81/><T126/><D126/><N who="2" m="48138" /><F66/><W56/><G75/><T73/><D25/><U92/><E32/><V104/><F68/><W11/><G11/><T45/><D40/><U102/><E102/><N who="2" m="39531" /><F104/><N who="3" m="63607" /><G99/><T119/><D119/><U114/><E114/><V47/><F47/><W10/><G10/><T116/><D116/><U79/><E43/><V113/><F70/><W91/><G91/><T87/><D8/><U128/><E41/><V23/><F113/><W120/><G60/><T28/><D28/><U48/><E128/><V14/><F14/><W52/><G52/><T118/><D118/><U42/><E42/><V107/><F107/><W89/><G89/><N who="2" m="34409" /><F26/><W106/><G106/><T30/><D93/><U112/><E112/><V133/><F133/><W123/><N who="3" m="30720" /><DORA hai="17" /><W53/><G53/><T83/><REACH who="0" step="1"/><D29/><REACH who="0" ten="198,270,270,252" step="2"/><U85/><E92/><V115/><F115/><W50/><G50/><AGARI ba="0,1" hai="21,23,50,54,59" m="34409,39531,48138" machi="50" ten="30,7700,0" yaku="18,1,52,2,54,1" doraHai="72,17" who="2" fromWho="3" sc="198,0,270,0,270,87,252,-77" owari="198,-20.2,270,7.0,357,45.7,175,-32.5" /></mjloggm>