<mjloggm ver="2.3"><GO type="225" lobby="0"/><UN n0="%E9%89%A2%E5%B7%BB%E3%82%AC%E3%83%96" n1="%E3%83%A9%E3%83%BC%E3%83%A1%E3%83%B3%E4%BA%94%E9%83%8E" n2="%31%50%E3%81%9F%E3%81%9D" n3="%E7%B4%94%E6%BD%94%E3%83%94%E3%83%A9%E3%83%8B%E3%82%A2" dan="16,16,16,17" rate="2080.18,2049.91,2131.18,2211.10" sx="M,M,F,M"/><TAIKYOKU oya="0"/><INIT seed="0,0,0,4,0,59" ten="250,250,250,250" oya="0" hai0="111,110,33,46,62,66,71,26,32,29,64,7,42" hai1="89,127,125,128,114,21,121,94,117,63,77,108,133" hai2="9,18,49,61,80,43,27,20,31,102,6,48,2" hai3="34,22,24,0,60,75,119,92,115,57,135,14,11"/><T45/><D7/><U13/><E117/><V3/><F3/><W93/><G75/><T74/><D74/><U47/><E121/><V35/><F102/><W38/><G38/><T116/><D116/><U17/><E108/><N who="0" m="41513" /><D64/><U23/><E128/><V113/><F113/><W107/><G107/><T90/><D90/><U106/><E106/><V98/><F98/><W12/><G135/><T86/><D86/><U65/><E133/><V37/><F80/><W50/><G115/><T1/><D1/><U91/><E114/><V131/><F131/><W4/><G50/><N who="0" m="26935" /><D46/><U88/><E77/><V123/><F123/><W68/><G68/><T28/><D28/><U96/><E47/><V105/><F43/><W16/><G119/><T54/><D54/><U8/><E89/><V82/><F37/><W109/><G109/><T84/><D84/><U69/><REACH who="1" step="1"/><E91/><REACH who="1" ten="250,240,250,250" step="2"/><V95/><F105/><W126/><G126/><AGARI ba="0,1" hai="8,13,17,21,23,63,65,69,88,94,96,125,126,127" machi="126" ten="40,8000,1" yaku="1,1,2,1,18,1,52,1,54,1,53,0" doraHai="59" doraHaiUra="72" who="1" fromWho="3" sc="250,0,240,90,250,0,250,-80" /><INIT seed="1,0,0,2,5,29" ten="250,330,250,170" oya="1" hai0="51,3,114,96,86,65,82,38,66,91,7,45,59" hai1="5,127,103,80,105,10,133,48,99,109,54,64,14" hai2="123,40,107,69,28,117,57,118,108,81,2,26,6" hai3="15,131,124,61,84,46,25,30,33,52,20,121,135"/><U113/><E127/><V42/><F107/><W122/><G124/><T41/><D114/><U95/><E133/><V119/><F69/><W75/><G75/><T90/><D3/><U22/><E113/><V60/><F123/><W8/><G135/><T87/><D7/><U21/><E109/><V120/><F120/><W111/><G111/><T44/><D59/><U35/><E64/><V79/><F6/><W31/><G131/><T19/><D96/><U106/><E80/><V88/><F2/><W85/><G85/><T125/><D125/><U0/><E35/><V71/><F71/><W27/><G84/><T98/><D98/><U63/><E63/><V76/><F108/><W110/><G110/><T13/><D45/><U97/><E0/><V18/><F18/><W34/><G20/><T67/><D38/><U32/><E32/><V78/><F88/><W56/><G46/><T36/><D36/><U100/><REACH who="1" step="1"/><E95/><REACH who="1" ten="250,320,250,170" step="2"/><V129/><F81/><W89/><REACH who="3" step="1"/><G89/><REACH who="3" ten="250,320,250,160" step="2"/><N who="0" m="33803" /><D82/><U16/><E16/><AGARI ba="0,2" hai="8,15,16,25,27,30,31,33,34,52,56,61,121,122" machi="16" ten="30,16000,3" yaku="1,1,7,1,9,1,52,2,54,2,53,1" doraHai="29" doraHaiUra="55" who="3" fromWho="1" sc="250,0,320,-160,250,0,160,180" /><INIT seed="2,0,0,4,0,83" ten="250,160,250,340" oya="2" hai0="17,101,110,77,1,24,34,128,61,46,97,125,2" hai1="105,12,36,19,95,106,62,29,39,41,102,108,66" hai2="123,25,63,11,81,80,50,56,129,111,78,133,112" hai3="85,93,87,8,57,58,116,22,18,30,52,10,43"/><V27/><F112/><W131/><G116/><T86/><D110/><U53/><E108/><V121/><F111/><W73/><G73/><T126/><D128/><U107/><E53/><V119/><F119/><W135/><G131/><T98/><D46/><U75/><E75/><V69/><F129/><W132/><G43/><T82/><D61/><U5/><E5/><V38/><F38/><W79/><G58/><T14/><D24/><U113/><E113/><V70/><F133/><N who="3" m="51275" /><G79/><T100/><D34/><U45/><E29/><V91/><F11/><N who="3" m="4139" /><G93/><T104/><D14/><U76/><E76/><V42/><F91/><W118/><G30/><T88/><D17/><U74/><E74/><V72/><F80/><W134/><G118/><T23/><D23/><U13/><E39/><V115/><F115/><W47/><G47/><T15/><D15/><U20/><E95/><V7/><F7/><W21/><G21/><T65/><D65/><U127/><E127/><N who="0" m="48649" /><D77/><U26/><REACH who="1" step="1"/><E102/><REACH who="1" ten="250,150,250,340" step="2"/><V130/><F130/><W31/><G31/><T89/><D89/><U71/><AGARI ba="0,1" hai="12,13,19,20,26,36,41,45,62,66,71,105,106,107" machi="71" ten="30,4000,0" yaku="1,1,2,1,0,1,53,0" doraHai="83" doraHaiUra="54" who="1" fromWho="1" sc="250,-10,150,50,250,-20,340,-10" /><INIT seed="3,0,0,3,5,119" ten="240,200,230,330" oya="3" hai0="30,26,47,75,10,8,103,32,98,121,113,7,52" hai1="9,108,117,6,54,57,69,116,88,111,104,85,68" hai2="31,91,50,41,114,105,106,112,5,67,12,79,24" hai3="131,126,99,122,14,81,77,23,102,18,127,93,65"/><W4/><G122/><T13/><D113/><U20/><E104/><V0/><F0/><W38/><G38/><T83/><D121/><U133/><E133/><V29/><F79/><W101/><G65/><T1/><D83/><N who="1" m="49215" /><E20/><V63/><F91/><N who="3" m="55743" /><G4/><T34/><D75/><U71/><E9/><V129/><F129/><W73/><G131/><T45/><D52/><U95/><E95/><V15/><F15/><W25/><G25/><T28/><D28/><U107/><E6/><V70/><F50/><W60/><G60/><T11/><D32/><U61/><E107/><V72/><F41/><W59/><G59/><T87/><D87/><U89/><E89/><V44/><F44/><W132/><G132/><T40/><D40/><U58/><E57/><V110/><F72/><W35/><G35/><T51/><D34/><U62/><E62/><V118/><F110/><AGARI ba="0,0" hai="54,58,61,68,69,71,108,110,111,116,117" m="49215" machi="110" ten="40,2600,0" yaku="14,1,54,1" doraHai="119" who="1" fromWho="2" sc="240,0,200,26,230,-26,330,0" owari="240,4.0,226,-17.4,204,-29.6,330,43.0" /></mjloggm>