<mjloggm ver="2.3"><GO type="225" lobby="0"/><UN n0="%72%69%6F%75%63%68%61%6E" n1="%E3%83%AD%E3%83%83%E3%83%86%E9%9B%80%E7%90%83" n2="%73%75%7A%75%6D%65%33" n3="%54%68%65%72%65%73%61%5F" dan="17,17,18,17" rate="2168.73,2251.79,2239.57,2187.89" sx="M,M,M,F"/><TAIKYOKU oya="0"/><INIT seed="0,0,0,3,0,77" ten="250,250,250,250" oya="0" hai0="2,115,133,110,93,87,16,122,105,103,59,68,75" hai1="55,79,126,24,13,48,27,119,107,92,74,76,104" hai2="20,130,0,29,127,114,57,128,46,61,56,40,86" hai3="66,8,43,32,52,98,78,33,9,65,18,3,121"/><T106/><D115/><U97/><E119/><V41/><F0/><W129/><G129/><N who="2" m="49769" /><F114/><W63/><G43/><N who="2" m="16457" /><F29/><W37/><G37/><T35/><D133/><U99/><E126/><V69/><F20/><W39/><G39/><T45/><D122/><U60/><E60/><V90/><F46/><W91/><G78/><N who="1" m="29738" /><E107/><V17/><F17/><W116/><G116/><T26/><D106/><U10/><E104/><V7/><F7/><W31/><G121/><T4/><D105/><U19/><E74/><V124/><F69/><W49/><G3/><T38/><D2/><U51/><E99/><V118/><F118/><W102/><G31/><T5/><D68/><U23/><E55/><N who="2" m="33951" /><F57/><W28/><G28/><T89/><D59/><U109/><E109/><V83/><AGARI ba="0,0" hai="83,86,90,124,127" m="33951,16457,49769" machi="83" ten="30,2000,0" yaku="19,1,52,1" doraHai="77" who="2" fromWho="2" sc="250,-10,250,-5,250,20,250,-5" /><INIT seed="1,0,0,1,3,65" ten="240,245,270,245" oya="1" hai0="40,84,124,61,59,55,112,91,46,131,103,36,27" hai1="120,78,2,23,62,79,100,71,13,5,82,107,109" hai2="132,7,34,125,133,18,77,127,10,43,113,69,86" hai3="64,123,134,135,130,101,9,54,1,35,110,90,67"/><U80/><E120/><V49/><F34/><W118/><G123/><T48/><D124/><N who="2" m="47690" /><F18/><W128/><G35/><T17/><D131/><N who="3" m="50217" /><G101/><T8/><D112/><U97/><E109/><V96/><F96/><W24/><G24/><T81/><D103/><U42/><E2/><V63/><F113/><W87/><G54/><T98/><D98/><U106/><E42/><V0/><F49/><W22/><G22/><T99/><D99/><U68/><E62/><V50/><F50/><W70/><G110/><T72/><D72/><U129/><E129/><V30/><F30/><W41/><G41/><T105/><D105/><U39/><E39/><V56/><F43/><W58/><G58/><T57/><D27/><U33/><E33/><V121/><F121/><W74/><G74/><T20/><D20/><U119/><E119/><V3/><F3/><W38/><G38/><T114/><D114/><U122/><E122/><V15/><F0/><W44/><G44/><N who="0" m="28039" /><D61/><U29/><E107/><V51/><F51/><W104/><G104/><T21/><D21/><U117/><E117/><V47/><F47/><W73/><G73/><T116/><D116/><U32/><E32/><V11/><F11/><W28/><G118/><T111/><D111/><U76/><E29/><V115/><F115/><W89/><G28/><T88/><D8/><N who="1" m="4239" /><E23/><V83/><F56/><W45/><G9/><T16/><D57/><U94/><E106/><V37/><F37/><W19/><G1/><T102/><D59/><U92/><E92/><V126/><N who="2" m="47698" /><V25/><DORA hai="85" /><F25/><W95/><G95/><N who="0" m="54663" /><D102/><U108/><E108/><RYUUKYOKU ba="0,0" sc="240,10,245,10,270,10,245,-30" hai0="16,17,36,40,46,81,91" hai1="68,71,76,78,79,80,82,94,97,100" hai2="7,10,15,63,69,77,83,86,132,133" /><INIT seed="1,1,0,4,1,130" ten="250,255,280,215" oya="1" hai0="43,119,53,28,94,69,58,50,107,48,63,109,77" hai1="135,65,82,73,131,101,74,105,9,84,39,44,72" hai2="76,1,117,67,29,49,83,56,31,106,102,93,68" hai3="90,38,46,126,75,19,62,100,78,34,37,80,32"/><U128/><E65/><V6/><F117/><W16/><G100/><T104/><D119/><U115/><E9/><V66/><F106/><W113/><G113/><T124/><D109/><U22/><E22/><V88/><F102/><W8/><G126/><T13/><D124/><U42/><E115/><V108/><F108/><W59/><G90/><T41/><D28/><N who="2" m="10826" /><F1/><W60/><G60/><T121/><D121/><U114/><E114/><V70/><F6/><W87/><G75/><T52/><D77/><U57/><E57/><V10/><F10/><W95/><G95/><T35/><D35/><U133/><E101/><V103/><F70/><W129/><G129/><N who="1" m="49738" /><E105/><V118/><F68/><W116/><G116/><T127/><D127/><U99/><E99/><N who="2" m="57767" /><F103/><W15/><G19/><T111/><D111/><U30/><E30/><V3/><F3/><W12/><G12/><T79/><D79/><AGARI ba="1,0" hai="39,42,44,72,73,74,79,82,84,133,135" m="49738" machi="79" ten="40,7700,0" yaku="19,1,52,2" doraHai="130" who="1" fromWho="0" sc="250,-80,255,80,280,0,215,0" /><INIT seed="1,2,0,0,2,55" ten="170,335,280,215" oya="1" hai0="12,97,122,123,44,31,111,30,88,32,54,94,132" hai1="91,75,109,16,64,130,76,73,114,70,80,52,13" hai2="2,46,98,127,39,99,40,104,28,41,112,10,95" hai3="83,62,9,93,113,0,118,65,53,135,23,102,116"/><U100/><E114/><V82/><F112/><W107/><G107/><T58/><D111/><U18/><E130/><V106/><F127/><W1/><G113/><T51/><D132/><U33/><E109/><V56/><F40/><W48/><G135/><T85/><D32/><U77/><E33/><V11/><F28/><W133/><G133/><T68/><D68/><U7/><E100/><V5/><F99/><N who="3" m="59759" /><G83/><N who="0" m="49215" /><D12/><U37/><E37/><V6/><F56/><N who="3" m="32807" /><G23/><T128/><D128/><U45/><E64/><V110/><F82/><W61/><G9/><T66/><D66/><U20/><E70/><V87/><F87/><W115/><G62/><N who="0" m="36183" /><D122/><U108/><E108/><V50/><F39/><W89/><G89/><N who="0" m="55503" /><D123/><U103/><E103/><V60/><F110/><W72/><G72/><T92/><D92/><U74/><E74/><V8/><F106/><W131/><G131/><T22/><D22/><U26/><E75/><V38/><F104/><W19/><G115/><T4/><D4/><U119/><E7/><V17/><F38/><W84/><G0/><T24/><D24/><U59/><E119/><N who="3" m="45610" /><G1/><T71/><D71/><U29/><E73/><V42/><F2/><W86/><G19/><T27/><D27/><U129/><E18/><V124/><F17/><W126/><G126/><T125/><D125/><U105/><E129/><V14/><F124/><W36/><G36/><T49/><D49/><N who="1" m="31119" /><E105/><V57/><F6/><W25/><G25/><T134/><D134/><U35/><E26/><V96/><F5/><W101/><G101/><T121/><D121/><U117/><E117/><V3/><F3/><RYUUKYOKU ba="2,0" sc="170,15,335,-15,280,-15,215,15" hai0="30,31,44,51" hai3="61,65,84,86" /><INIT seed="2,3,0,5,1,106" ten="185,320,265,230" oya="2" hai0="120,34,134,131,75,29,83,27,19,110,47,82,26" hai1="67,77,21,81,61,96,15,125,101,100,123,133,114" hai2="118,115,130,52,121,105,113,74,86,54,79,85,63" hai3="102,92,57,88,39,20,4,116,6,117,99,58,126"/><V40/><F121/><W103/><G39/><T53/><D120/><U132/><E114/><V80/><F118/><W46/><G46/><T45/><D131/><U24/><E15/><V32/><F130/><W98/><G126/><T56/><D134/><N who="1" m="51819" /><E125/><V22/><F32/><W7/><G20/><T70/><D70/><N who="1" m="42351" /><E96/><V5/><F105/><W72/><G72/><T25/><D110/><U59/><E59/><V109/><F109/><W12/><G12/><T49/><D75/><N who="1" m="43199" /><E123/><V13/><F115/><W107/><REACH who="3" step="1"/><G103/><REACH who="3" ten="185,320,265,220" step="2"/><T112/><D112/><U17/><AGARI ba="3,1" hai="17,21,24,100,101" m="43199,42351,51819" machi="17" ten="30,2000,0" yaku="20,1,52,1" doraHai="106" who="1" fromWho="1" sc="185,-8,320,39,265,-13,220,-8" /><INIT seed="3,0,0,2,1,91" ten="177,359,252,212" oya="3" hai0="109,20,6,12,116,135,120,16,129,134,14,29,62" hai1="41,88,90,71,85,36,47,101,52,80,105,84,82" hai2="37,76,118,73,67,94,97,103,125,83,5,57,1" hai3="113,127,11,9,70,43,86,42,10,60,92,133,100"/><W38/><G113/><T108/><D116/><U63/><E101/><V19/><F118/><W68/><G127/><T75/><D75/><U123/><E105/><V124/><F37/><W25/><G133/><N who="0" m="50699" /><D120/><U72/><E72/><V74/><F74/><W131/><G131/><T44/><D44/><U50/><E123/><V28/><F28/><W18/><G38/><T104/><D104/><U3/><E3/><V4/><F19/><W56/><G68/><T35/><D129/><U114/><E114/><V106/><F106/><W33/><G70/><T32/><D62/><U15/><E15/><V119/><F1/><W23/><G33/><N who="0" m="12875" /><D29/><U89/><E71/><V99/><F119/><W46/><G46/><T7/><D12/><U132/><E132/><V66/><F99/><N who="3" m="59495" /><G86/><T54/><D54/><AGARI ba="0,0" hai="9,10,11,18,23,25,42,43,54,56,60" m="59495" machi="54" ten="30,2900,0" yaku="8,1,52,1" doraHai="91" who="3" fromWho="0" sc="177,-29,359,0,252,0,212,29" /><INIT seed="3,1,0,4,4,14" ten="148,359,252,241" oya="3" hai0="71,73,49,20,86,6,90,33,105,106,51,64,16" hai1="13,114,41,118,78,58,5,1,31,25,15,54,61" hai2="76,3,132,27,133,34,66,103,127,55,109,7,60" hai3="88,23,130,37,112,22,99,63,38,48,39,4,117"/><W96/><G112/><T65/><D73/><U0/><E114/><V28/><F109/><W120/><G117/><T2/><D33/><U131/><E118/><V104/><F127/><W125/><G120/><T35/><D35/><U94/><E131/><V83/><F55/><W113/><G113/><T116/><D116/><U123/><E123/><V11/><F103/><W119/><G119/><T43/><D106/><U102/><E78/><V121/><F104/><W56/><G125/><T80/><D105/><U10/><E41/><V9/><F9/><W57/><G4/><T87/><D71/><U75/><E75/><N who="2" m="43423" /><F121/><W115/><G130/><T70/><D70/><AGARI ba="1,0" hai="3,7,11,27,28,34,60,66,70,132,133" m="43423" machi="70" ten="30,1000,0" yaku="23,1" doraHai="14" who="2" fromWho="0" sc="148,-13,359,0,252,13,241,0" owari="135,-36.5,359,45.9,265,6.5,241,-15.9" /></mjloggm>