<mjloggm ver="2.3"><GO type="225" lobby="0"/><UN n0="%E6%A0%B9%E5%85%83%E3%81%8B%E3%82%89%E5%90%B9%E3%81%A3%E9%A3%9B%E3%81%B6" n1="%E3%81%B5%E3%81%98%E3%81%8B%E3%81%A4" n2="%E3%81%BF%E3%81%BF%E3%81%9A" n3="%77%72%77%72%77%72%77%72" dan="17,16,17,17" rate="2191.79,2155.92,2246.33,2186.61" sx="F,M,M,M"/><TAIKYOKU oya="0"/><INIT seed="0,0,0,2,1,121" ten="250,250,250,250" oya="0" hai0="79,23,106,72,77,6,113,129,0,51,105,42,73" hai1="67,104,32,56,33,66,74,70,10,28,34,16,48" hai2="96,13,54,45,36,4,41,118,122,102,5,116,103" hai3="65,134,63,126,131,93,38,62,125,24,124,57,59"/><T58/><D113/><U117/><E104/><V7/><F122/><W20/><G38/><T64/><D0/><U97/><E117/><N who="2" m="45163" /><F54/><W83/><G83/><T37/><D37/><U27/><E74/><V15/><F103/><W52/><G131/><T99/><D6/><N who="2" m="1538" /><V108/><DORA hai="115" /><F108/><W132/><REACH who="3" step="1"/><G93/><AGARI ba="0,0" hai="13,15,36,41,45,93,96,102" m="1538,45163" machi="93" ten="40,8000,1" yaku="12,1,52,3" doraHai="121,115" who="2" fromWho="3" sc="250,0,250,0,250,80,250,-80" /><INIT seed="1,0,0,5,4,113" ten="250,250,330,170" oya="1" hai0="117,93,9,34,44,27,114,62,101,3,108,72,126" hai1="119,94,22,109,70,133,42,120,98,100,128,7,131" hai2="21,89,80,11,16,82,130,63,0,13,50,77,45" hai3="83,10,96,58,39,57,79,123,5,95,24,30,75"/><U105/><E120/><V135/><F135/><W49/><G123/><T106/><D114/><U85/><E70/><V51/><F130/><N who="1" m="49705" /><E7/><V36/><F63/><W4/><G39/><T18/><D117/><U52/><E42/><V29/><F89/><W90/><G49/><T37/><D108/><U116/><E133/><V53/><F36/><W26/><G26/><T69/><D126/><U12/><E109/><V23/><F0/><W54/><G54/><T129/><D72/><U124/><E124/><V59/><F29/><W28/><G28/><T110/><D106/><U35/><E35/><V67/><F67/><W8/><G8/><T25/><D3/><U38/><E38/><V65/><F65/><W60/><G60/><T127/><D34/><U14/><E52/><N who="2" m="32151" /><F77/><W17/><G17/><T48/><D69/><U99/><E85/><V6/><F6/><W102/><G4/><T32/><D32/><U76/><E76/><V2/><F2/><W111/><G111/><T92/><D37/><U118/><E22/><AGARI ba="0,0" hai="11,13,16,21,22,23,45,51,53,80,82" m="32151" machi="22" ten="30,3900,0" yaku="8,1,54,2" doraHai="113" who="2" fromWho="1" sc="250,0,250,-39,330,39,170,0" /><INIT seed="2,0,0,0,4,58" ten="250,211,369,170" oya="2" hai0="89,94,22,76,131,85,14,126,63,12,114,122,105" hai1="33,125,98,70,52,7,3,103,4,118,107,59,123" hai2="19,135,38,46,45,28,9,67,97,42,119,21,13" hai3="60,8,110,47,56,65,44,104,100,134,121,40,84"/><V127/><F119/><W57/><G121/><T116/><D114/><U30/><E118/><V109/><F135/><W93/><G134/><T78/><D105/><U51/><E70/><V132/><F132/><W86/><G110/><T79/><D122/><U129/><E123/><V16/><F127/><W53/><G104/><T90/><D126/><U34/><E125/><V6/><F109/><W72/><G72/><T1/><D1/><U37/><E37/><V62/><F46/><W24/><G8/><T66/><D131/><U80/><E80/><V82/><F97/><W81/><G24/><T69/><D116/><U36/><E36/><V18/><F82/><W50/><G47/><T17/><REACH who="0" step="1"/><D90/><REACH who="0" ten="240,211,369,170" step="2"/><U83/><E129/><V99/><F28/><W130/><G130/><T108/><D108/><U101/><E30/><V133/><F133/><W102/><G93/><T29/><D29/><U111/><E111/><V20/><REACH who="2" step="1"/><F99/><REACH who="2" ten="240,211,359,170" step="2"/><W55/><G86/><T128/><D128/><U124/><E98/><V113/><F113/><W10/><G84/><T39/><D39/><U0/><E124/><V26/><F26/><AGARI ba="0,2" hai="12,14,17,22,26,63,66,69,76,78,79,85,89,94" machi="26" ten="40,2600,0" yaku="1,1,52,1,53,0" doraHai="58" doraHaiUra="32" who="0" fromWho="2" sc="240,46,211,0,359,-26,170,0" /><INIT seed="3,0,0,0,3,133" ten="286,211,333,170" oya="3" hai0="73,59,94,33,44,109,85,38,61,27,7,120,54" hai1="29,22,68,13,88,39,56,19,21,20,67,123,46" hai2="113,115,2,121,60,82,10,4,12,83,95,50,91" hai3="97,130,89,65,58,135,116,108,100,45,132,51,125"/><W69/><G116/><T42/><D120/><U77/><E123/><V31/><F121/><W72/><G72/><T1/><D109/><U93/><E68/><V104/><F104/><W53/><G108/><T18/><D73/><U25/><E77/><V15/><F2/><W0/><G0/><T128/><D128/><U118/><E118/><V112/><F31/><W90/><G130/><T47/><D47/><U66/><E39/><V96/><F50/><W126/><G69/><T114/><D114/><U98/><E46/><V37/><F37/><W40/><G65/><N who="1" m="24586" /><E56/><V5/><F60/><N who="3" m="35919" /><G89/><T6/><D1/><U84/><E21/><V30/><F30/><W99/><G90/><T103/><D18/><U86/><AGARI ba="0,0" hai="13,19,20,22,25,29,84,86,88,93,98" m="24586" machi="86" ten="30,2000,0" yaku="8,1,54,1" doraHai="133" who="1" fromWho="1" sc="286,-5,211,20,333,-5,170,-10" owari="281,8.1,231,-16.9,328,42.8,160,-34.0" /></mjloggm>