<mjloggm ver="2.3"><GO type="225" lobby="0"/><UN n0="%E4%B8%8B%E6%AE%B5%E3%83%81%E3%82%A7%E3%83%AA%E3%83%BC" n1="%E3%81%95%E3%81%8D%E3%81%9F%E3%81%BE%E6%9E%97%E6%AA%8E" n2="%E5%B8%86%E7%AB%8B%E5%A4%8F%E8%A1%A3" n3="%E9%80%9F%E6%B0%B4%E5%87%9B%E9%A6%99" dan="16,16,17,16" rate="2120.27,2172.64,2169.67,2164.92" sx="M,M,M,F"/><TAIKYOKU oya="0"/><INIT seed="0,0,0,3,1,87" ten="250,250,250,250" oya="0" hai0="18,74,34,33,37,13,35,96,128,60,63,46,118" hai1="15,71,126,108,12,53,7,83,26,48,79,115,30" hai2="24,117,31,25,105,47,89,57,132,55,134,78,43" hai3="40,92,122,107,110,77,38,95,109,21,17,75,82"/><T36/><D118/><U114/><E108/><N who="3" m="41578" /><G107/><T104/><D74/><U44/><E126/><V76/><F105/><W73/><G73/><T81/><D81/><U80/><E71/><V101/><F101/><W91/><G122/><T11/><D128/><U61/><E83/><V113/><F113/><N who="1" m="43017" /><E7/><V68/><F68/><W32/><G32/><T5/><D5/><U70/><E70/><V135/><F117/><W19/><G95/><T106/><D106/><U100/><E100/><V62/><F25/><W10/><G10/><T2/><D2/><U56/><E26/><V65/><F65/><W67/><G67/><T69/><D69/><U52/><E30/><V116/><F116/><W20/><G40/><T42/><REACH who="0" step="1"/><D37/><REACH who="0" ten="240,250,250,250" step="2"/><U4/><E4/><V58/><F134/><W14/><G38/><T93/><D93/><U119/><E119/><V94/><F135/><W85/><G14/><T88/><D88/><U59/><E80/><V0/><F132/><W23/><AGARI ba="0,1" hai="17,19,20,21,23,75,77,82,85,91,92" m="41578" machi="23" ten="30,2000,0" yaku="14,1,52,1" doraHai="87" who="3" fromWho="3" sc="240,-10,250,-5,250,-5,250,30" /><INIT seed="1,0,0,4,0,135" ten="230,245,245,280" oya="1" hai0="16,56,81,50,34,24,100,106,84,42,23,11,98" hai1="28,79,121,48,96,4,80,101,114,55,102,105,22" hai2="63,108,99,1,87,128,17,112,75,126,66,10,83" hai3="125,113,77,25,59,31,130,131,132,8,86,44,73"/><U127/><E114/><V30/><F108/><W92/><G73/><T46/><D34/><U67/><E121/><V53/><F128/><W95/><G113/><T90/><D11/><U123/><E123/><V32/><F112/><W85/><G8/><T38/><REACH who="0" step="1"/><D56/><REACH who="0" ten="220,245,245,280" step="2"/><U52/><E4/><V0/><F10/><W12/><G59/><T7/><D7/><U27/><E67/><V51/><F66/><W36/><G130/><T33/><D33/><U133/><E133/><V29/><F32/><W78/><G131/><T58/><D58/><U104/><E127/><V61/><F126/><W47/><G125/><T89/><D89/><U5/><E5/><V124/><F124/><W111/><G132/><T49/><AGARI ba="0,1" hai="16,23,24,38,42,46,49,50,81,84,90,98,100,106" machi="49" ten="30,4000,0" yaku="1,1,0,1,54,1,53,0" doraHai="135" doraHaiUra="72" who="0" fromWho="0" sc="220,50,245,-20,245,-10,280,-10" /><INIT seed="2,0,0,1,5,125" ten="270,225,235,270" oya="2" hai0="59,103,102,46,73,40,41,19,86,84,13,76,17" hai1="94,119,44,45,56,12,60,90,82,55,27,117,43" hai2="53,134,7,15,109,79,75,80,8,72,135,51,35" hai3="26,49,57,67,36,98,14,21,39,65,69,47,70"/><V10/><F35/><W52/><G14/><T106/><D73/><U1/><E1/><V25/><F25/><W42/><G98/><T5/><D106/><U81/><E119/><V105/><F105/><W115/><G21/><T74/><D74/><U31/><E117/><V93/><F109/><W127/><G26/><T71/><D71/><N who="3" m="27145" /><G115/><T124/><D124/><U77/><E12/><V88/><F75/><W122/><G122/><T78/><D59/><U24/><E31/><V38/><F38/><N who="3" m="14379" /><G127/><T33/><D13/><U107/><E107/><V87/><REACH who="2" step="1"/><F10/><REACH who="2" ten="270,225,225,270" step="2"/><W20/><G20/><T112/><D33/><U29/><E27/><V85/><F85/><W16/><G16/><T6/><D46/><AGARI ba="0,1" hai="7,8,15,46,51,53,72,79,80,87,88,93,134,135" machi="46" ten="40,3900,0" yaku="1,1,54,1,53,0" doraHai="125" doraHaiUra="54" who="2" fromWho="0" sc="270,-39,225,0,225,49,270,0" /><INIT seed="2,1,0,1,3,2" ten="231,225,274,270" oya="2" hai0="5,13,117,38,8,108,22,134,100,73,86,119,10" hai1="70,0,135,51,11,36,107,71,34,85,12,98,41" hai2="20,74,109,47,43,132,72,90,14,114,35,81,64" hai3="45,7,105,118,48,40,26,99,84,3,77,133,44"/><V63/><F114/><W18/><G118/><N who="0" m="45067" /><D73/><U102/><E135/><V16/><F132/><W120/><G120/><T130/><D134/><U25/><E0/><V104/><F104/><W124/><G133/><T111/><D38/><U106/><E36/><V4/><F35/><W101/><G124/><T53/><D130/><U68/><E85/><V66/><F109/><N who="0" m="42058" /><D100/><U76/><E76/><V57/><F66/><W17/><G26/><T27/><D86/><U54/><E41/><V87/><REACH who="2" step="1"/><F4/><REACH who="2" ten="231,225,264,270" step="2"/><W95/><G7/><N who="0" m="3231" /><D53/><U123/><E54/><V126/><F126/><W19/><G105/><T6/><D10/><U92/><E11/><V1/><F1/><W116/><G3/><T125/><D125/><U30/><E107/><V115/><F115/><W52/><G116/><T112/><D112/><U91/><E106/><V121/><F121/><W128/><G128/><T67/><D67/><U122/><E123/><V62/><F62/><W55/><G44/><T97/><D97/><U28/><E98/><V94/><F94/><W31/><G99/><T75/><D75/><U9/><E92/><V37/><AGARI ba="1,1" hai="14,16,20,37,43,47,57,63,64,72,74,81,87,90" machi="37" ten="20,12000,1" yaku="1,1,0,1,7,1,54,1,53,1" doraHai="2" doraHaiUra="78" who="2" fromWho="2" sc="231,-41,225,-41,264,133,270,-41" /><INIT seed="2,2,0,2,1,84" ten="190,184,397,229" oya="2" hai0="25,22,114,15,61,42,33,8,124,34,57,9,11" hai1="121,3,82,129,5,39,52,97,96,30,108,131,29" hai2="35,31,59,107,118,99,49,60,56,54,77,76,132" hai3="110,37,125,106,6,64,51,95,40,73,72,89,85"/><V45/><F132/><W2/><G106/><T68/><D68/><U65/><E108/><V24/><F118/><W116/><G116/><T123/><D114/><U128/><E121/><V135/><F59/><W48/><G110/><T111/><D111/><U94/><E65/><V38/><F38/><W100/><G100/><T23/><D123/><U86/><E39/><V63/><F63/><W112/><G112/><T12/><D42/><U70/><E70/><V19/><F19/><W26/><G26/><T50/><D50/><U46/><E5/><V130/><F130/><W90/><G64/><T117/><D117/><U126/><E3/><V93/><F107/><W28/><G28/><N who="1" m="10858" /><E94/><V13/><F13/><N who="0" m="5194" /><D57/><U74/><E74/><V91/><REACH who="2" step="1"/><F135/><REACH who="2" ten="190,184,387,229" step="2"/><W133/><G37/><T127/><D61/><U44/><E126/><N who="0" m="48169" /><D25/><U98/><E52/><AGARI ba="2,1" hai="24,31,35,45,49,52,54,56,60,76,77,91,93,99" machi="52" ten="30,11600,0" yaku="1,1,7,1,52,1,54,1,53,0" doraHai="84" doraHaiUra="4" who="2" fromWho="1" sc="190,0,184,-122,387,132,229,0" /><INIT seed="2,3,0,4,3,17" ten="190,62,519,229" oya="2" hai0="74,73,117,101,22,39,78,112,10,71,120,106,75" hai1="5,3,67,56,48,118,104,129,108,79,32,105,47" hai2="130,114,0,34,89,11,132,51,61,13,109,23,96" hai3="115,77,1,82,124,126,36,62,53,92,127,31,98"/><V54/><F114/><W30/><G36/><T63/><D112/><U33/><E118/><V121/><F121/><W19/><G1/><T60/><D120/><U16/><E79/><V45/><F34/><W94/><G115/><T38/><D78/><U134/><E134/><V123/><F123/><W93/><G19/><T133/><D133/><U44/><E129/><V100/><F130/><W107/><G107/><T85/><D85/><U4/><E67/><V27/><F132/><W58/><G98/><T25/><D10/><U76/><E76/><V14/><F109/><W135/><G135/><T83/><D83/><U20/><E3/><V42/><F89/><W90/><G90/><T91/><D91/><U102/><E108/><V41/><F0/><W81/><G81/><T18/><D117/><U66/><E102/><V21/><F14/><W15/><G15/><T113/><D113/><U95/><E95/><N who="2" m="58399" /><F27/><W86/><AGARI ba="3,0" hai="30,31,53,58,62,77,82,86,92,93,94,124,126,127" machi="86" ten="40,2700,0" yaku="0,1,18,1" doraHai="17" who="3" fromWho="3" sc="190,-10,62,-10,519,-16,229,36" /><INIT seed="3,0,0,4,3,109" ten="180,52,503,265" oya="3" hai0="72,42,23,33,114,61,20,115,80,100,32,37,110" hai1="35,48,101,12,127,25,40,39,77,135,65,118,4" hai2="41,104,21,22,49,103,36,11,34,108,8,18,44" hai3="29,86,116,130,17,54,91,59,67,75,6,94,26"/><W124/><G116/><T78/><D110/><U106/><E135/><V31/><F108/><W68/><G130/><T81/><D100/><U62/><E127/><V3/><F36/><W16/><G75/><T69/><D80/><U133/><E133/><V88/><F104/><W82/><G124/><T121/><D121/><U95/><E95/><V122/><F103/><W90/><G6/><T117/><D117/><U132/><E132/><V112/><F112/><N who="0" m="43050" /><D42/><U128/><E48/><V60/><F122/><W30/><G67/><N who="0" m="41199" /><D37/><U53/><E53/><V76/><F76/><W13/><G68/><T15/><D15/><U64/><E64/><V27/><F34/><AGARI ba="0,0" hai="20,23,32,33,34,72,78,81" m="41199,43050" machi="34" ten="30,7700,0" yaku="11,1,52,3" doraHai="109" who="0" fromWho="2" sc="180,77,52,0,503,-77,265,0" owari="257,-14.3,52,-44.8,426,52.6,265,6.5" /></mjloggm>