<mjloggm ver="2.3"><GO type="225" lobby="0"/><UN n0="%E7%AB%8B%E7%9B%B4%E5%A5%BD%E6%A3%92%40%E5%BF%98" n1="%6B%79%6F%6E%6B%6F%31%31" n2="%E9%B4%A8%4E%45%47%49" n3="%E6%A1%9C%E8%8A%B1%E9%96%83%E3%80%85" dan="17,16,16,17" rate="2113.58,2137.24,2079.34,2202.16" sx="M,M,M,M"/><TAIKYOKU oya="0"/><INIT seed="0,0,0,0,4,72" ten="250,250,250,250" oya="0" hai0="124,52,11,112,33,107,74,4,30,99,47,96,91" hai1="82,135,0,94,7,123,15,63,128,57,133,45,59" hai2="37,12,129,130,113,36,19,28,8,14,22,121,86" hai3="31,116,40,5,2,92,53,111,1,84,20,98,127"/><T16/><D74/><U95/><E123/><V62/><F121/><W77/><G116/><T108/><D112/><U93/><E0/><V110/><F113/><W102/><G111/><T119/><D119/><U81/><E128/><N who="2" m="49259" /><F86/><W101/><G127/><T39/><D124/><U83/><E45/><V66/><F110/><W100/><G40/><T88/><D108/><U41/><E41/><V120/><F120/><W125/><G125/><T122/><D122/><U44/><E44/><V48/><F48/><W132/><G132/><N who="1" m="50762" /><E63/><V51/><F51/><W71/><G71/><T67/><D67/><U65/><E65/><V97/><F97/><N who="0" m="37450" /><D39/><U3/><E3/><V42/><F42/><W18/><G2/><T54/><D33/><U76/><E7/><N who="2" m="3103" /><F28/><W85/><G31/><T60/><D30/><U70/><E70/><AGARI ba="0,0" hai="14,19,22,36,37,62,66,70" m="3103,49259" machi="70" ten="30,1000,0" yaku="19,1" doraHai="72" who="2" fromWho="1" sc="250,0,250,-10,250,10,250,0" /><INIT seed="1,0,0,1,0,65" ten="250,240,260,250" oya="1" hai0="122,8,35,133,15,86,101,29,60,118,71,73,9" hai1="135,87,83,98,119,82,85,124,77,20,94,88,33" hai2="128,95,62,24,100,54,107,4,108,11,50,66,28" hai3="129,89,47,5,111,130,42,120,58,23,32,84,80"/><U93/><E33/><N who="2" m="20615" /><F95/><W52/><G32/><T106/><D73/><U127/><E20/><V49/><F108/><W134/><G120/><T22/><D118/><U34/><E34/><V45/><F50/><W38/><G134/><T17/><D86/><U116/><E135/><V26/><F26/><W40/><G111/><T68/><D133/><U56/><E56/><V131/><F100/><W30/><G5/><T79/><D79/><U36/><E36/><V102/><F102/><W115/><G115/><T103/><D122/><U112/><E112/><V57/><F107/><W53/><G42/><T114/><D114/><U110/><E110/><V96/><F96/><W113/><G113/><T78/><D78/><N who="1" m="46295" /><E94/><V55/><F11/><W12/><G30/><T81/><D106/><U39/><E39/><V123/><F4/><W25/><G25/><N who="0" m="18863" /><D8/><U132/><E132/><V43/><F123/><W97/><G97/><T1/><D81/><U48/><E48/><V69/><F57/><W31/><G31/><T117/><D117/><AGARI ba="0,0" hai="77,83,87,88,93,98,116,117,119,124,127" m="46295" machi="117" ten="30,5800,0" yaku="34,2,54,1" doraHai="65" who="1" fromWho="0" sc="250,-58,240,58,260,0,250,0" /><INIT seed="1,1,0,2,4,71" ten="192,298,260,250" oya="1" hai0="27,131,52,119,83,82,42,111,10,90,132,69,30" hai1="28,100,16,89,101,23,122,57,80,56,114,50,20" hai2="41,118,32,13,76,25,43,17,34,67,127,93,110" hai3="58,81,129,15,45,62,85,7,94,108,96,22,103"/><U125/><E114/><V66/><F118/><W84/><G108/><T130/><D119/><U0/><E0/><V8/><F110/><W49/><G129/><T102/><D69/><U59/><E122/><V107/><F107/><W78/><G85/><T74/><D42/><U128/><E128/><N who="0" m="49193" /><D10/><U18/><E125/><V86/><F127/><W11/><G22/><N who="1" m="8234" /><E50/><V133/><F133/><W97/><G97/><T54/><D111/><U72/><E72/><V21/><F43/><W104/><G104/><T134/><D102/><N who="1" m="39531" /><E28/><V64/><F41/><W68/><G68/><T33/><D90/><U70/><E70/><V124/><F124/><W135/><G135/><N who="0" m="51755" /><D74/><U9/><E9/><V99/><F86/><AGARI ba="1,0" hai="16,18,56,57,59,80,86,89" m="39531,8234" machi="86" ten="30,2900,0" yaku="8,1,54,1" doraHai="71" who="1" fromWho="2" sc="192,0,298,32,260,-32,250,0" /><INIT seed="1,2,0,0,0,58" ten="192,330,228,250" oya="1" hai0="83,132,91,23,111,53,115,28,3,36,31,104,80" hai1="34,7,40,76,54,110,79,100,121,50,135,69,92" hai2="13,118,102,27,96,65,71,26,95,52,113,64,39" hai3="72,48,126,37,103,99,89,120,107,14,82,29,109"/><U106/><E121/><V68/><F118/><W90/><G37/><T38/><D3/><U94/><E106/><V74/><F74/><W56/><G120/><T59/><D104/><U124/><E34/><V112/><F39/><W134/><G109/><T11/><D115/><N who="2" m="44106" /><F13/><W24/><G126/><T55/><D11/><U15/><E40/><V105/><F105/><W70/><G70/><N who="2" m="26665" /><F52/><W131/><G14/><T19/><D111/><U17/><E7/><V73/><F73/><W45/><G72/><T25/><D38/><U67/><E110/><V35/><F35/><W123/><G123/><T130/><D36/><U129/><E129/><V116/><F116/><W128/><G128/><T18/><D130/><U98/><E135/><V60/><F65/><W97/><G134/><T93/><D132/><U32/><E32/><V133/><F133/><W41/><G131/><T22/><D55/><U5/><E5/><V122/><F122/><W77/><G41/><T119/><D119/><U8/><E124/><V81/><F81/><W46/><G82/><T33/><D33/><U6/><E6/><V44/><F44/><W30/><G46/><T61/><D80/><U12/><E12/><V43/><F43/><W47/><G45/><T4/><D83/><U85/><E67/><V88/><F102/><W57/><G103/><T51/><D4/><U101/><E101/><V49/><F49/><W108/><G48/><T9/><D51/><U42/><E42/><V127/><F127/><W125/><G108/><T2/><D2/><U0/><E0/><V21/><F21/><W66/><G125/><RYUUKYOKU ba="2,0" sc="192,-10,330,-10,228,30,250,-10" hai2="26,27,60,64,88,95,96" /><INIT seed="2,3,0,3,4,114" ten="182,320,258,240" oya="2" hai0="119,30,118,52,72,102,96,133,51,131,15,91,11" hai1="12,67,85,73,28,95,86,132,44,106,57,94,34" hai2="99,68,37,101,122,66,130,36,112,61,0,63,124" hai3="88,6,77,9,93,123,113,24,22,18,45,19,87"/><V31/><F0/><W82/><G123/><T4/><D72/><U53/><E106/><V20/><F112/><W64/><G113/><T110/><D110/><U107/><E107/><V129/><F122/><W97/><G64/><T80/><D131/><N who="2" m="50186" /><F63/><W13/><REACH who="3" step="1"/><G45/><REACH who="3" ten="182,320,258,230" step="2"/><T120/><D120/><U71/><E44/><V74/><F124/><W83/><G83/><T41/><D133/><U32/><E67/><V47/><F47/><W89/><G89/><T126/><D126/><U58/><E132/><V7/><F37/><W55/><G55/><T78/><D41/><U27/><E53/><V3/><F36/><W92/><G92/><N who="0" m="58631" /><D91/><U125/><E94/><V84/><F66/><W8/><G8/><T127/><D127/><U42/><E95/><V48/><F101/><W29/><AGARI ba="3,1" hai="6,9,13,18,19,22,24,29,77,82,87,88,93,97" machi="29" ten="20,12000,2" yaku="1,1,0,1,7,1,8,1,54,1,53,1" doraHai="114" doraHaiUra="79" who="3" fromWho="3" sc="182,-33,320,-33,258,-63,230,139" /><INIT seed="3,0,0,4,2,56" ten="149,287,195,369" oya="3" hai0="35,70,71,45,97,21,63,52,123,95,29,73,41" hai1="47,68,134,81,9,132,58,55,117,7,122,6,62" hai2="20,19,36,93,12,126,114,37,135,103,118,61,15" hai3="0,119,86,34,125,106,74,92,31,40,82,23,115"/><W84/><G119/><T67/><D73/><U116/><E81/><V87/><F114/><W43/><G34/><T78/><D78/><U76/><E76/><V131/><F126/><W50/><G0/><T26/><D123/><U54/><E7/><V39/><F135/><N who="1" m="51753" /><E9/><V60/><F131/><W108/><G106/><T42/><D70/><U16/><E6/><V77/><F118/><N who="1" m="45673" /><E16/><V44/><F77/><W105/><G105/><T75/><D75/><U59/><E122/><V4/><F103/><W10/><G10/><T113/><D113/><U66/><E54/><V33/><F33/><W129/><G92/><T102/><REACH who="0" step="1"/><D35/><REACH who="0" ten="139,287,195,369" step="2"/><U51/><AGARI ba="0,1" hai="47,51,55,58,59,62,66,68" m="45673,51753" machi="51" ten="40,8000,1" yaku="20,1,12,1,34,2,52,1" doraHai="56" who="1" fromWho="1" sc="139,-20,287,90,195,-20,369,-40" owari="119,-38.1,377,47.7,175,-22.5,329,12.9" /></mjloggm>