<mjloggm ver="2.3"><GO type="225" lobby="0"/><UN n0="%E3%81%A8%E3%82%93%E3%81%A8%E3%81%93%E3%81%A8%E3%82%93" n1="%E3%81%8B%E3%82%8F%E3%81%A1%E3%82%83%E3%82%93%35%38" n2="%E6%B8%A9%E2%98%85%E6%83%85%E2%98%85%E6%8E%AA%E2%98%85%E7%BD%AE" n3="%45%6C%79%73%69%75%6D" dan="16,16,17,17" rate="2188.07,2179.94,2268.87,2112.98" sx="F,M,M,F"/><TAIKYOKU oya="0"/><INIT seed="0,0,0,1,4,59" ten="250,250,250,250" oya="0" hai0="54,35,98,116,8,37,79,38,78,81,84,12,113" hai1="56,66,62,104,61,89,133,70,1,47,134,94,28" hai2="36,58,25,91,72,24,21,102,111,124,96,49,109" hai3="60,127,13,2,97,16,40,30,117,45,22,18,86"/><T3/><D113/><U121/><E104/><V77/><F124/><W83/><G117/><T55/><D116/><U44/><E1/><V43/><F36/><W11/><G127/><T42/><D35/><U119/><E28/><V101/><F77/><W130/><G30/><T115/><D115/><U5/><E5/><V105/><F72/><W57/><G130/><T87/><D3/><U69/><E119/><V107/><F91/><W93/><G2/><T92/><D78/><U85/><E121/><V31/><F25/><W48/><G83/><T51/><D87/><U112/><E112/><V74/><F74/><W50/><G86/><T128/><D42/><U123/><E123/><V46/><REACH who="2" step="1"/><F58/><REACH who="2" ten="250,250,240,250" step="2"/><W9/><G18/><T68/><D38/><U76/><E76/><V95/><F95/><W29/><G29/><T120/><D37/><U67/><REACH who="1" step="1"/><E56/><REACH who="1" ten="250,240,240,250" step="2"/><V0/><F0/><W27/><G57/><T19/><D120/><U108/><E108/><V52/><F52/><W88/><G16/><T53/><D68/><U106/><E106/><V126/><F126/><W23/><G40/><T73/><D128/><U71/><E71/><V26/><F26/><W129/><G27/><T65/><D73/><U135/><AGARI ba="0,2" hai="44,47,61,62,66,67,69,70,85,89,94,133,134,135" machi="135" ten="30,12000,2" yaku="1,1,0,1,9,1,20,1,52,2,53,0" doraHai="59" doraHaiUra="39" who="1" fromWho="1" sc="250,-60,240,140,240,-30,250,-30" /><INIT seed="1,0,0,4,3,98" ten="190,380,210,220" oya="1" hai0="111,103,121,47,129,1,4,54,46,49,50,74,134" hai1="100,135,19,116,3,42,71,90,2,94,39,36,105" hai2="56,25,67,65,55,107,72,115,53,125,59,108,117" hai3="10,29,127,131,89,104,87,77,35,124,114,95,61"/><U126/><E116/><V32/><F72/><W122/><G114/><T33/><D74/><U110/><E71/><V69/><F107/><W81/><G122/><T64/><D33/><U101/><E105/><V15/><F117/><W97/><G131/><T75/><D75/><U86/><E42/><V60/><F115/><W68/><G10/><T51/><D111/><U38/><E19/><V63/><F108/><W13/><G13/><T109/><D109/><U133/><E110/><V7/><F125/><N who="3" m="48203" /><G104/><T91/><D134/><N who="1" m="51211" /><E126/><V23/><F69/><W5/><G5/><T12/><D1/><AGARI ba="0,0" hai="1,2,3,36,38,39,86,90,94,100,101" m="51211" machi="1" ten="40,7700,0" yaku="20,1,52,2" doraHai="98" who="1" fromWho="0" sc="190,-77,380,77,210,0,220,0" /><INIT seed="1,1,0,2,5,108" ten="113,457,210,220" oya="1" hai0="60,122,42,12,64,98,89,40,97,46,43,120,33" hai1="126,41,13,6,20,95,57,14,35,55,94,51,25" hai2="85,112,65,66,0,62,132,54,61,124,58,78,24" hai3="15,39,50,77,111,135,31,84,71,83,1,99,29"/><U32/><E126/><V7/><F124/><W130/><G39/><T22/><D33/><U53/><E41/><V3/><F132/><W101/><G1/><T82/><D46/><U91/><E35/><V21/><F7/><W18/><G135/><T19/><D82/><U125/><E32/><V23/><F23/><W81/><G71/><T115/><D115/><U27/><E27/><V5/><F5/><W131/><G111/><T17/><D19/><U103/><E6/><V114/><F85/><W107/><G50/><T86/><D86/><U133/><E103/><V67/><F62/><W52/><G52/><T37/><D37/><U93/><E91/><V79/><F79/><W123/><G81/><T106/><D106/><U102/><E102/><V87/><F87/><W26/><G123/><T68/><REACH who="0" step="1"/><D89/><REACH who="0" ten="103,457,210,220" step="2"/><U127/><E133/><V80/><F80/><W105/><G105/><T121/><AGARI ba="1,1" hai="12,17,22,40,42,43,60,64,68,97,98,120,121,122" machi="121" ten="40,8000,1" yaku="1,1,2,1,0,1,13,1,53,0" doraHai="108" doraHaiUra="76" who="0" fromWho="0" sc="103,93,457,-41,210,-21,220,-21" /><INIT seed="2,0,0,3,2,71" ten="196,416,189,199" oya="2" hai0="27,50,135,96,80,10,40,105,34,44,103,126,101" hai1="1,8,48,130,54,115,46,70,11,94,2,108,128" hai2="89,66,85,36,6,78,99,69,12,37,117,87,49" hai3="9,116,100,61,35,62,17,39,97,23,107,59,7"/><V20/><F117/><W53/><G116/><T15/><D135/><U25/><E115/><V73/><F73/><W92/><G35/><T33/><D126/><U32/><E70/><V31/><F69/><W3/><G39/><T113/><D113/><U86/><E108/><V123/><F123/><W57/><G107/><T79/><D27/><U91/><E11/><N who="2" m="4215" /><F66/><W60/><REACH who="3" step="1"/><G59/><REACH who="3" ten="196,416,189,189" step="2"/><T65/><D103/><U56/><E32/><V0/><F37/><W76/><G76/><T28/><D28/><U51/><E130/><V19/><F36/><W72/><G72/><T45/><D45/><U42/><E128/><V102/><F78/><W43/><G43/><T41/><D40/><U24/><E1/><V74/><F74/><W109/><G109/><T55/><D41/><U133/><E133/><V134/><F134/><W22/><G22/><T30/><D30/><U132/><E132/><V127/><F31/><W29/><G29/><T68/><D68/><U121/><E121/><V18/><F0/><W82/><G82/><T13/><D80/><U81/><E2/><V112/><F112/><W67/><G67/><T26/><D79/><N who="1" m="46399" /><E8/><V118/><F118/><W75/><G75/><T129/><D129/><U16/><E16/><V52/><F20/><W5/><G5/><T111/><D111/><U95/><E95/><N who="2" m="58751" /><F19/><W83/><G83/><T47/><D10/><U131/><E131/><V21/><F18/><W88/><G88/><T124/><D34/><U125/><E125/><V106/><F127/><W58/><G58/><N who="0" m="33143" /><D124/><U104/><E104/><V64/><F106/><W90/><G90/><RYUUKYOKU ba="0,1" sc="196,-15,416,15,189,-15,189,15" hai1="24,25,42,46,48,51,54,56,91,94" hai3="3,7,9,17,23,53,57,60,61,62,92,97,100" /><INIT seed="3,1,1,4,1,134" ten="181,431,174,204" oya="3" hai0="115,12,14,84,15,65,13,68,2,78,126,29,23" hai1="75,131,128,47,11,129,0,82,8,118,130,45,57" hai2="7,33,56,94,1,21,70,36,91,42,96,89,110" hai3="18,127,16,93,124,119,85,105,123,80,100,73,32"/><W27/><G119/><T112/><D2/><U133/><E130/><V20/><F70/><W77/><G123/><T69/><D126/><N who="3" m="48169" /><G105/><T30/><D30/><U109/><E133/><V64/><F33/><W97/><G73/><T25/><N who="0" m="3072" /><DORA hai="88" /><T22/><D22/><N who="2" m="8810" /><F36/><W35/><G35/><T83/><REACH who="0" step="1"/><D65/><REACH who="0" ten="171,431,174,204" step="2"/><U71/><E57/><V86/><F1/><W48/><G48/><T24/><D24/><U63/><E82/><N who="2" m="49367" /><F110/><W125/><G125/><T44/><D44/><U120/><E75/><V37/><F37/><W46/><G46/><N who="1" m="17418" /><E120/><V121/><F121/><W28/><AGARI ba="1,2" hai="16,18,27,28,32,77,80,85,93,97,100" m="48169" machi="28" ten="30,18000,2" yaku="18,1,52,4,54,1" doraHai="134,88" who="3" fromWho="3" sc="171,-61,431,-61,174,-61,204,203" owari="110,-39.0,370,17.0,113,-28.7,407,50.7" /></mjloggm>