<mjloggm ver="2.3"><GO type="225" lobby="0"/><UN n0="%E3%81%82%E3%81%B9%E3%81%99%E3%81%91" n1="%E3%83%B4%E3%82%A3%E3%83%AF%E3%82%B3%E3%82%B0%E3%83%8B" n2="%43%68%65" n3="%6D%75%75%6D%75%72%61" dan="16,16,16,17" rate="2092.25,2160.05,2172.61,2147.82" sx="M,M,M,F"/><TAIKYOKU oya="0"/><INIT seed="0,0,0,5,4,85" ten="250,250,250,250" oya="0" hai0="89,9,1,124,112,116,12,78,72,80,31,125,7" hai1="123,26,119,71,4,84,100,64,57,88,106,128,104" hai2="73,111,48,83,13,65,47,79,110,132,28,35,3" hai3="59,98,121,75,10,109,96,94,74,45,93,55,22"/><T40/><D112/><U20/><E119/><V5/><F3/><W130/><G109/><N who="2" m="41481" /><F132/><W32/><G32/><T53/><D116/><U62/><E123/><V63/><F35/><W66/><G121/><T36/><D31/><U60/><E128/><V39/><F39/><W126/><G130/><T44/><D53/><U33/><E4/><V102/><F102/><W91/><G126/><T118/><D118/><U29/><E100/><V101/><F101/><W117/><G117/><T114/><D114/><U46/><E46/><V134/><F28/><W0/><G66/><T122/><D122/><U27/><E27/><V97/><F97/><W87/><G45/><T16/><REACH who="0" step="1"/><D89/><REACH who="0" ten="240,250,250,250" step="2"/><U61/><E33/><V70/><F134/><W8/><G55/><T68/><D68/><U82/><E60/><V15/><F5/><W49/><G91/><T133/><D133/><U92/><REACH who="1" step="1"/><E82/><REACH who="1" ten="240,240,250,250" step="2"/><V43/><AGARI ba="0,2" hai="13,15,43,47,48,63,65,70,73,79,83" m="41481" machi="43" ten="30,1100,0" yaku="14,1" doraHai="85" who="2" fromWho="2" sc="240,-5,240,-3,250,31,250,-3" /><INIT seed="1,0,0,0,4,85" ten="235,237,281,247" oya="1" hai0="106,25,63,0,124,115,88,74,53,112,81,3,84" hai1="110,122,86,59,77,49,79,12,89,27,93,134,45" hai2="6,29,19,119,26,92,123,10,125,101,47,76,4" hai3="33,32,68,83,39,133,113,109,43,94,127,18,131"/><U97/><E134/><V73/><F119/><W117/><RYUUKYOKU type="yao9" ba="0,0" sc="235,0,237,0,281,0,247,0" hai3="18,32,33,39,43,68,83,94,109,113,117,127,131,133" /><INIT seed="1,1,0,4,0,61" ten="235,237,281,247" oya="1" hai0="109,127,102,47,95,70,79,20,124,87,122,7,63" hai1="10,51,90,42,92,78,129,49,75,55,17,88,58" hai2="28,25,118,110,30,100,134,27,11,21,74,45,0" hai3="56,18,68,115,117,114,119,126,64,104,53,29,131"/><U44/><E129/><V16/><F74/><W83/><G104/><T31/><D109/><U39/><E75/><V93/><F118/><N who="3" m="45067" /><G131/><T81/><D7/><U72/><E72/><V54/><F110/><W50/><G29/><T103/><D122/><U65/><E78/><V66/><F134/><W82/><G18/><T38/><D38/><U57/><E92/><V40/><F54/><W85/><G126/><N who="0" m="48171" /><D47/><U130/><E130/><V121/><F121/><W132/><G132/><T34/><D95/><U19/><E39/><V35/><F66/><W2/><G2/><T8/><D8/><U26/><E10/><V43/><F45/><W106/><G106/><T37/><D34/><U60/><E26/><V13/><REACH who="2" step="1"/><F0/><REACH who="2" ten="235,237,271,247" step="2"/><W97/><G64/><N who="0" m="41247" /><D37/><U120/><E120/><V80/><F80/><W116/><G82/><T76/><D76/><U111/><E111/><V108/><F108/><W101/><G83/><T48/><D48/><U41/><E41/><V91/><F91/><AGARI ba="1,1" hai="17,19,42,44,49,51,55,57,58,60,65,88,90,91" machi="91" ten="40,7700,0" yaku="8,1,52,1,54,1" doraHai="61" who="1" fromWho="2" sc="235,0,237,90,271,-80,247,0" /><INIT seed="1,2,0,0,1,70" ten="235,327,191,247" oya="1" hai0="0,60,18,132,97,123,117,13,106,3,129,59,107" hai1="41,30,31,126,98,34,69,118,68,72,35,54,111" hai2="26,47,39,128,48,84,65,20,125,127,95,28,61" hai3="9,115,134,1,119,124,6,80,83,99,67,90,50"/><U12/><E118/><V73/><F73/><W21/><G115/><T79/><D117/><U22/><E72/><V37/><F128/><W56/><G119/><T91/><D129/><U88/><E41/><V38/><F95/><W81/><G124/><N who="2" m="47689" /><F84/><W25/><G134/><T55/><D132/><U101/><E126/><V112/><F112/><W43/><G67/><T89/><D79/><U40/><E40/><N who="2" m="22927" /><F48/><W74/><G74/><T64/><D123/><U4/><E98/><V76/><F76/><W44/><G56/><AGARI ba="2,0" hai="20,26,28,38,39,56,61,65" m="22927,47689" machi="56" ten="30,7700,0" yaku="18,1,52,3" doraHai="70" who="2" fromWho="3" sc="235,0,327,0,191,83,247,-83" /><INIT seed="2,0,0,1,3,31" ten="235,327,274,164" oya="2" hai0="112,115,83,86,98,104,64,82,46,65,12,19,62" hai1="95,103,14,81,100,63,52,79,129,105,76,80,1" hai2="123,43,18,24,11,36,17,56,40,25,66,3,68" hai3="45,55,47,13,132,109,70,117,39,77,53,8,28"/><V27/><F68/><W102/><G117/><T114/><D46/><U38/><E1/><V7/><F123/><W4/><G70/><T22/><D62/><U78/><E105/><V134/><F134/><W6/><G132/><T133/><D133/><U74/><E38/><V118/><F118/><W122/><G122/><T101/><REACH who="0" step="1"/><D83/><REACH who="0" ten="225,327,274,164" step="2"/><N who="1" m="45463" /><E63/><V120/><F120/><W42/><G45/><T106/><D106/><U32/><E80/><V73/><F36/><W9/><G39/><T127/><D127/><U29/><E81/><V21/><F43/><W130/><G42/><T2/><D2/><U59/><E59/><V108/><F40/><W93/><G47/><T41/><D41/><U116/><E116/><V5/><F56/><W97/><G77/><AGARI ba="0,1" hai="12,19,22,64,65,77,82,86,98,101,104,112,114,115" machi="77" ten="40,2600,0" yaku="1,1,53,1" doraHai="31" doraHaiUra="16" who="0" fromWho="3" sc="225,36,327,0,274,0,164,-26" /><INIT seed="3,0,0,3,3,103" ten="261,327,274,138" oya="3" hai0="134,58,83,22,99,35,121,113,48,76,11,65,45" hai1="7,34,132,69,91,29,87,40,18,12,10,75,126" hai2="135,20,17,2,54,27,120,82,97,100,116,109,80" hai3="118,64,81,52,51,123,23,47,37,21,50,72,15"/><W56/><G118/><T102/><D121/><U61/><E75/><V33/><F116/><W129/><G123/><T9/><D35/><U49/><E126/><V28/><F120/><W105/><G129/><T85/><D134/><U14/><E132/><V30/><F135/><W94/><G37/><T89/><D113/><U1/><E69/><V63/><F2/><W133/><G133/><T74/><D22/><U88/><E34/><V125/><F109/><W106/><G94/><T131/><D58/><U43/><E29/><V130/><F125/><W39/><G39/><T60/><D60/><U8/><E61/><V128/><F128/><W3/><G3/><T31/><D31/><U46/><E1/><V78/><F130/><W4/><G64/><T84/><D84/><U66/><E66/><V96/><F96/><W67/><G67/><T68/><D68/><U53/><E91/><V104/><F33/><W115/><G115/><T0/><D65/><U101/><E101/><V119/><F82/><AGARI ba="0,0" hai="7,8,10,12,14,18,40,43,46,49,53,82,87,88" machi="82" ten="30,8000,1" yaku="7,1,25,2,8,1,54,1" doraHai="103" who="1" fromWho="2" sc="261,0,327,80,274,-80,138,0" owari="261,6.1,407,50.7,194,-20.6,138,-36.2" /></mjloggm>