<mjloggm ver="2.3"><GO type="225" lobby="0"/><UN n0="%E7%AD%89%E3%80%85%E5%8A%9B%E5%8A%87%E5%A0%B4" n1="%E3%81%86%E3%83%BC%E3%81%B1%E3%83%BC" n2="%E3%81%AF%E3%82%88%E3%81%8A%E3%81%98%E3%81%95%E3%82%93" n3="%E3%81%B2%E3%81%AA%E3%81%AE%E3%82%8A%E3%81%8F" dan="16,16,17,17" rate="2116.52,2113.44,2202.10,2197.17" sx="M,M,M,M"/><TAIKYOKU oya="0"/><INIT seed="0,0,0,2,3,36" ten="250,250,250,250" oya="0" hai0="103,61,55,98,127,28,38,105,39,46,68,24,50" hai1="19,40,75,62,79,90,47,64,115,67,74,56,17" hai2="95,134,18,91,60,118,21,35,2,94,41,111,126" hai3="73,107,99,108,5,44,78,23,119,117,124,85,16"/><T6/><D127/><U63/><E115/><V10/><F35/><W30/><G124/><T33/><REACH who="0" step="1"/><D6/><REACH who="0" ten="240,250,250,250" step="2"/><U100/><E100/><V120/><F126/><W132/><G5/><T72/><D72/><U87/><E75/><V58/><F120/><W54/><G73/><T77/><D77/><U97/><E79/><V12/><F118/><W112/><G78/><T32/><D32/><U51/><E74/><V49/><F134/><W93/><G132/><T66/><AGARI ba="0,1" hai="24,28,33,38,39,46,50,55,61,66,68,98,103,105" machi="66" ten="30,11700,0" yaku="1,1,0,1,25,2,53,0" doraHai="36" doraHaiUra="114" who="0" fromWho="0" sc="240,127,250,-39,250,-39,250,-39" /><INIT seed="0,1,0,1,1,36" ten="367,211,211,211" oya="0" hai0="132,87,103,7,104,80,97,113,107,133,116,57,111" hai1="17,105,29,15,45,83,22,58,100,39,20,106,0" hai2="118,76,72,9,125,61,77,64,14,62,110,108,70" hai3="102,6,60,94,21,46,59,35,16,126,40,85,134"/><T30/><D7/><U115/><E0/><V74/><F125/><W101/><G126/><T19/><D113/><U26/><E115/><V10/><F14/><W91/><G35/><T37/><D116/><U82/><E58/><V33/><F33/><W1/><G6/><T99/><D30/><U124/><E124/><V68/><REACH who="2" step="1"/><F64/><REACH who="2" ten="367,211,201,211" step="2"/><W119/><G1/><T67/><D67/><U98/><REACH who="1" step="1"/><E106/><REACH who="1" ten="367,201,201,211" step="2"/><V31/><F31/><W65/><G119/><AGARI ba="1,2" hai="9,10,61,62,68,70,72,74,76,77,108,110,118,119" machi="119" ten="25,3200,0" yaku="1,1,22,2,53,0" doraHai="36" doraHaiUra="11" who="2" fromWho="3" sc="367,0,201,0,201,55,211,-35" /><INIT seed="1,0,0,2,3,26" ten="367,201,256,176" oya="1" hai0="70,16,107,130,43,86,37,46,109,110,97,10,105" hai1="91,64,88,27,111,83,66,57,123,58,18,113,126" hai2="14,55,134,34,73,79,135,61,112,74,0,56,72" hai3="80,41,9,125,7,11,2,53,129,118,133,104,117"/><U96/><E123/><V28/><F0/><W108/><G108/><N who="0" m="41579" /><D70/><U13/><E113/><V71/><F112/><W85/><G133/><N who="2" m="50697" /><F71/><W121/><G121/><T120/><D120/><U45/><E45/><V128/><F128/><W4/><G129/><T116/><D130/><U100/><E126/><V48/><F14/><W63/><G104/><T60/><D60/><U21/><E111/><V50/><F79/><W77/><G125/><T114/><D116/><U36/><E36/><V132/><N who="2" m="50705" /><V23/><DORA hai="8" /><F34/><W76/><G41/><T54/><D114/><U19/><E83/><V62/><F61/><W103/><G103/><T87/><D43/><U51/><E100/><V102/><F102/><W29/><G77/><T12/><D37/><U98/><E96/><V3/><F3/><W93/><G93/><T101/><D107/><U106/><E106/><V59/><F56/><N who="1" m="21609" /><E51/><AGARI ba="0,0" hai="10,12,16,46,51,54,86,87,97,101,105" m="41579" machi="51" ten="30,3900,0" yaku="14,1,52,1,54,1" doraHai="26,8" who="0" fromWho="1" sc="367,39,201,-39,256,0,176,0" /><INIT seed="2,0,0,2,0,11" ten="406,162,256,176" oya="2" hai0="88,42,100,25,1,83,18,96,26,106,75,32,82" hai1="34,70,94,62,15,41,77,114,36,74,24,78,19" hai2="108,121,101,76,31,38,60,113,9,103,58,49,44" hai3="10,132,47,87,67,8,116,126,37,110,93,111,109"/><V128/><F113/><W69/><G116/><T55/><D1/><U105/><E114/><V134/><F121/><W107/><G107/><T57/><D42/><U125/><E125/><V131/><F38/><W3/><G126/><T23/><D75/><U72/><E105/><V43/><F134/><W17/><G132/><T53/><D53/><U5/><E94/><V48/><F31/><W99/><G87/><T68/><D68/><U13/><E24/><V12/><F49/><W20/><G67/><T81/><D32/><U120/><E34/><V73/><F108/><W21/><G69/><T122/><D122/><U115/><E115/><V118/><F118/><W91/><G21/><T89/><REACH who="0" step="1"/><D26/><REACH who="0" ten="396,162,256,176" step="2"/><U64/><E74/><V86/><F73/><W135/><G3/><T80/><N who="0" m="20480" /><DORA hai="97" /><T28/><D28/><U30/><E30/><V112/><F43/><N who="3" m="23023" /><G135/><T133/><D133/><U104/><E72/><V90/><F112/><W129/><G129/><T52/><D52/><U124/><E120/><V98/><F128/><W22/><G22/><T4/><D4/><U27/><E5/><V123/><F131/><W35/><G35/><T39/><D39/><U50/><E36/><V59/><F123/><W14/><AGARI ba="0,1" hai="8,10,14,17,20,91,93,99,109,110,111" m="23023" machi="14" ten="30,2000,0" yaku="14,1,52,1" doraHai="11,97" who="3" fromWho="3" sc="396,-5,162,-5,256,-10,176,30" /><INIT seed="3,0,0,5,3,99" ten="391,157,246,206" oya="3" hai0="121,43,75,11,108,61,91,111,25,70,100,126,85" hai1="90,71,47,12,22,127,118,132,52,19,27,63,7" hai2="112,102,64,119,128,125,8,35,51,115,26,40,18" hai3="17,129,81,34,5,38,65,44,134,48,83,96,122"/><W62/><G122/><T95/><D121/><U33/><E132/><V109/><F119/><W87/><G38/><T21/><D75/><U77/><E118/><V104/><F64/><W76/><G34/><T67/><D43/><U135/><E135/><V10/><F109/><N who="0" m="42058" /><D126/><U57/><E127/><V30/><F125/><W66/><G129/><T124/><D124/><U105/><E77/><V9/><F18/><W69/><G66/><T23/><D100/><U59/><E71/><V74/><F74/><W15/><G81/><T110/><D110/><U103/><E47/><V101/><F104/><W36/><G36/><T123/><D123/><U93/><E59/><V3/><F3/><W133/><G96/><T29/><D11/><N who="1" m="4223" /><E33/><AGARI ba="0,0" hai="21,23,25,29,33,61,67,70,85,91,95" m="42058" machi="33" ten="30,1000,0" yaku="14,1" doraHai="99" who="0" fromWho="1" sc="391,10,157,-10,246,0,206,0" owari="401,50.1,147,-35.3,246,4.6,206,-19.4" /></mjloggm>