<mjloggm ver="2.3"><GO type="225" lobby="0"/><UN n0="%E6%87%B6%E5%B0%8F%E7%90%B3%E2%98%86" n1="%E3%81%BE%E3%81%A8%E3%81%9F" n2="%6D%75%75%6D%75%72%61" n3="%E8%81%B7%E6%A5%AD%E3%80%81%E9%A2%A8%32" dan="17,16,16,16" rate="2151.21,2164.48,2093.19,2138.35" sx="M,M,F,M"/><TAIKYOKU oya="0"/><INIT seed="0,0,0,1,0,75" ten="250,250,250,250" oya="0" hai0="108,18,47,114,48,11,21,92,107,41,63,26,73" hai1="39,28,59,54,15,121,106,29,52,124,38,53,30" hai2="117,16,17,40,37,4,105,134,68,13,82,74,8" hai3="9,49,5,1,76,120,66,111,19,83,102,42,71"/><T3/><D114/><U98/><E121/><V130/><F130/><W43/><G111/><T69/><D107/><U97/><E124/><V89/><F134/><W22/><G120/><T131/><D131/><U20/><E59/><V86/><F105/><W27/><G71/><T104/><D104/><U77/><E77/><V56/><F68/><W96/><G49/><T103/><D108/><U6/><E20/><V25/><F117/><W112/><G66/><T87/><D73/><U81/><E81/><V0/><F56/><W91/><G91/><T50/><D3/><U125/><E125/><V70/><F70/><W113/><G112/><T57/><D69/><U36/><E106/><V55/><F55/><W109/><G109/><T80/><D11/><AGARI ba="0,0" hai="6,11,15,28,29,30,36,38,39,52,53,54,97,98" machi="11" ten="50,6400,0" yaku="29,2,54,1" doraHai="75" who="1" fromWho="0" sc="250,-64,250,64,250,0,250,0" /><INIT seed="1,0,0,0,3,104" ten="186,314,250,250" oya="1" hai0="102,122,2,100,105,126,118,120,83,4,35,73,37" hai1="92,33,64,43,86,112,9,91,13,49,7,28,34" hai2="25,85,57,106,94,90,48,79,42,77,59,55,88" hai3="66,32,68,76,75,12,74,114,82,26,84,3,17"/><U89/><E112/><V51/><F106/><W54/><G114/><T30/><D118/><U52/><E43/><V36/><F36/><W21/><G3/><T127/><D37/><U15/><E64/><V11/><F25/><W128/><G128/><T41/><D41/><U71/><E71/><V80/><F11/><W72/><G66/><T65/><D65/><U45/><E28/><V111/><F111/><W10/><G32/><T123/><D4/><U134/><E134/><V103/><F103/><W96/><G96/><N who="0" m="61575" /><D102/><U19/><REACH who="1" step="1"/><E89/><REACH who="1" ten="186,304,250,250" step="2"/><V8/><F42/><W115/><G115/><T125/><D2/><U70/><E70/><V97/><F8/><AGARI ba="0,1" hai="7,8,9,13,15,19,33,34,45,49,52,86,91,92" machi="8" ten="30,5800,0" yaku="1,1,7,1,54,1,53,0" doraHai="104" doraHaiUra="20" who="1" fromWho="2" sc="186,0,304,68,250,-58,250,0" /><INIT seed="1,1,0,0,1,32" ten="186,372,192,250" oya="1" hai0="83,112,79,70,123,8,99,51,85,12,39,20,87" hai1="46,96,111,68,3,49,115,76,18,124,121,86,122" hai2="34,38,29,56,132,71,36,97,25,62,102,72,106" hai3="104,7,50,129,120,65,21,77,107,53,19,41,1"/><U13/><E115/><V88/><F132/><W109/><G109/><T43/><D112/><U6/><E96/><V89/><F72/><W11/><G120/><T4/><D70/><U78/><E68/><V117/><F117/><W66/><G129/><T28/><D39/><N who="2" m="14890" /><F56/><W94/><G41/><T54/><D123/><U108/><E124/><V125/><F125/><W64/><G77/><N who="1" m="29802" /><E86/><V26/><F26/><W93/><G104/><T67/><D67/><AGARI ba="1,0" hai="25,29,34,62,67,71,88,89,97,102,106" m="14890" machi="67" ten="30,2000,0" yaku="25,1,54,1" doraHai="32" who="2" fromWho="0" sc="186,-23,372,0,192,23,250,0" /><INIT seed="2,0,0,0,2,46" ten="163,372,215,250" oya="2" hai0="2,80,106,8,31,67,35,49,105,3,116,32,96" hai1="98,64,52,128,97,50,133,72,37,25,79,44,135" hai2="134,91,48,99,9,14,93,89,11,88,90,65,19" hai3="62,1,132,118,17,108,10,42,114,107,27,131,109"/><V85/><F134/><N who="1" m="51209" /><E64/><V43/><F65/><W7/><G107/><T56/><D116/><U4/><E4/><V55/><F43/><W73/><G73/><T33/><D31/><U13/><E13/><V119/><F119/><W0/><G118/><T87/><D8/><U76/><E37/><V122/><F122/><W39/><G62/><T104/><D96/><N who="1" m="36971" /><E72/><V54/><F54/><W77/><G77/><N who="1" m="29770" /><E25/><V84/><F9/><W63/><G39/><T126/><D126/><U28/><E28/><V38/><F38/><W53/><G10/><T86/><D67/><U36/><E36/><V47/><AGARI ba="0,0" hai="11,14,19,47,48,55,84,85,88,89,90,91,93,99" machi="47" ten="30,11700,0" yaku="0,1,8,1,52,1,54,1" doraHai="46" who="2" fromWho="2" sc="163,-39,372,-39,215,117,250,-39" /><INIT seed="2,1,0,0,5,82" ten="124,333,332,211" oya="2" hai0="76,30,66,29,85,74,3,87,112,131,43,117,16" hai1="40,45,24,15,72,61,37,70,133,31,105,63,120" hai2="86,81,14,127,114,100,48,33,91,93,1,49,23" hai3="110,8,69,22,41,51,34,60,39,134,124,116,73"/><V115/><F1/><W27/><G110/><T83/><D112/><U109/><E109/><V28/><F127/><W38/><G116/><T103/><D3/><U25/><E133/><V4/><F33/><W78/><G34/><T129/><D117/><U90/><E72/><V75/><F28/><W107/><G107/><T59/><D43/><U9/><E105/><V18/><F4/><W125/><G134/><T56/><D103/><U119/><E70/><V10/><F10/><W97/><G97/><T35/><D66/><U44/><E44/><V62/><F62/><W84/><G73/><T113/><D113/><U36/><E25/><V53/><F48/><W6/><G60/><T98/><D98/><U89/><E36/><V12/><F12/><N who="3" m="5143" /><G69/><T94/><D74/><U122/><E63/><V135/><F135/><W95/><G95/><T126/><D126/><N who="3" m="48745" /><G51/><T0/><D0/><U104/><E61/><V80/><F100/><W58/><G58/><N who="0" m="22059" /><D35/><U17/><E119/><V108/><F93/><W68/><G68/><T21/><D131/><U46/><E104/><V128/><F128/><W26/><G41/><T13/><D129/><U121/><E40/><V5/><F108/><W99/><G99/><T130/><D130/><U32/><E37/><N who="3" m="13834" /><G22/><T65/><D65/><U55/><E46/><N who="2" m="27831" /><F114/><W20/><G20/><T106/><D106/><U54/><E45/><V19/><F115/><W11/><G11/><T132/><D132/><U101/><E101/><V50/><F5/><W79/><G79/><T2/><D2/><U102/><E102/><V52/><F75/><W71/><G71/><RYUUKYOKU ba="1,0" sc="124,10,333,10,332,-30,211,10" hai0="13,16,21,29,30,76,83,85,87,94" hai1="9,15,17,24,31,32,54,55,89,90,120,121,122" hai3="26,27,78,84" /><INIT seed="3,2,0,5,4,49" ten="134,343,302,221" oya="3" hai0="114,58,117,32,54,84,38,21,39,45,89,72,95" hai1="122,74,62,88,35,8,61,131,55,4,105,2,79" hai2="90,41,56,19,86,34,31,66,65,46,98,27,51" hai3="47,16,9,107,124,59,63,111,83,115,36,130,77"/><W109/><G115/><T6/><D114/><U12/><E122/><V52/><F98/><W30/><G107/><T43/><D32/><U73/><E105/><V91/><F19/><W70/><G70/><T126/><D117/><U94/><E35/><V64/><REACH who="2" step="1"/><F86/><REACH who="2" ten="134,343,292,221" step="2"/><W104/><G104/><T78/><D126/><U76/><E74/><V22/><F22/><W103/><G103/><T80/><D21/><U3/><E73/><V108/><F108/><N who="3" m="41547" /><G130/><T135/><D135/><U5/><E131/><V92/><F92/><W101/><G101/><T129/><D129/><U100/><E100/><V87/><F87/><N who="3" m="48623" /><G124/><T53/><D38/><AGARI ba="2,1" hai="27,31,34,38,41,46,51,52,56,64,65,66,90,91" machi="38" ten="40,8000,1" yaku="1,1,52,1,54,1,53,1" doraHai="49" doraHaiUra="44" who="2" fromWho="0" sc="134,-86,343,0,292,96,221,0" owari="48,-45.2,343,14.3,388,48.8,221,-17.9" /></mjloggm>