<mjloggm ver="2.3"><GO type="225" lobby="0"/><UN n0="%E3%81%95%E3%81%8D%E3%81%9F%E3%81%BE%E6%9E%97%E6%AA%8E" n1="%68%69%68%69%68%69%6A%69" n2="%6D%75%75%6D%75%72%61" n3="%E6%9C%AA%E6%9D%A5%E5%B0%91%E5%B9%B4" dan="16,16,16,16" rate="2064.46,2201.71,2172.80,2157.40" sx="M,M,F,M"/><TAIKYOKU oya="0"/><INIT seed="0,0,0,0,2,118" ten="250,250,250,250" oya="0" hai0="29,30,18,135,38,97,88,122,134,123,129,52,108" hai1="8,3,84,127,124,22,13,65,0,115,126,81,17" hai2="132,121,70,34,25,102,63,44,6,114,11,35,55" hai3="28,15,111,53,105,93,125,116,61,2,40,83,86"/><T32/><D38/><U66/><E115/><V100/><F114/><W60/><G2/><T87/><D97/><U109/><E109/><V31/><F132/><N who="0" m="50730" /><D129/><U75/><E75/><V73/><F35/><W47/><G105/><T59/><D18/><U12/><E0/><V56/><F73/><W36/><G116/><T58/><D108/><U48/><E48/><V1/><F121/><N who="0" m="46090" /><D32/><U51/><E51/><V9/><F70/><W64/><G111/><T54/><D59/><U4/><REACH who="1" step="1"/><E3/><REACH who="1" ten="250,240,250,250" step="2"/><V76/><F1/><W104/><G36/><T80/><D54/><U7/><E7/><V90/><F6/><W94/><G53/><T79/><D79/><AGARI ba="0,1" hai="4,8,12,13,17,22,65,66,79,81,84,124,126,127" machi="79" ten="40,5200,0" yaku="1,1,18,1,53,1" doraHai="118" doraHaiUra="82" who="1" fromWho="0" sc="250,-52,240,62,250,0,250,0" /><INIT seed="1,0,0,1,4,94" ten="198,302,250,250" oya="1" hai0="135,100,11,83,58,53,104,2,31,129,15,60,98" hai1="20,131,128,90,56,38,25,14,77,57,78,71,23" hai2="127,54,72,92,63,49,102,33,32,37,85,93,47" hai3="30,84,121,80,5,29,106,18,122,134,41,7,115"/><U126/><E71/><V96/><F72/><W16/><G115/><T50/><D129/><N who="1" m="49739" /><E38/><V76/><F127/><W119/><G106/><T117/><D135/><U116/><E116/><V21/><F37/><W3/><G134/><T40/><D117/><U79/><E126/><V10/><F21/><N who="1" m="8265" /><E25/><V52/><F10/><W46/><G119/><T22/><D2/><U107/><E107/><V0/><F0/><W9/><G7/><T109/><D109/><U26/><E26/><V1/><F1/><W4/><G4/><T86/><D22/><U24/><E24/><V13/><F13/><W99/><G122/><T6/><D31/><U70/><E70/><V110/><F110/><W125/><G125/><T112/><D112/><U27/><E27/><V67/><F33/><W12/><G121/><T36/><D36/><U8/><E90/><N who="2" m="53327" /><F32/><W69/><G69/><T133/><D133/><U39/><E39/><V111/><F111/><W45/><G3/><T89/><REACH who="0" step="1"/><D40/><REACH who="0" ten="188,302,250,250" step="2"/><U91/><E8/><V124/><F124/><W61/><G41/><T87/><D87/><U59/><E14/><V73/><F73/><W34/><G34/><T130/><D130/><U81/><E91/><V123/><F123/><W118/><G118/><T51/><AGARI ba="0,1" hai="6,11,15,50,51,53,58,60,83,86,89,98,100,104" machi="51" ten="30,7900,0" yaku="1,1,0,1,52,1,53,1" doraHai="94" doraHaiUra="48" who="0" fromWho="0" sc="188,89,302,-39,250,-20,250,-20" /><INIT seed="2,0,0,0,1,55" ten="277,263,230,230" oya="2" hai0="131,1,11,122,7,98,27,18,57,26,83,49,127" hai1="69,89,96,123,75,15,99,6,29,46,130,21,59" hai2="67,25,133,20,115,34,50,91,37,124,71,5,17" hai3="8,52,100,53,85,107,13,97,56,104,14,64,112"/><V63/><F115/><W4/><G107/><T43/><D122/><U0/><E69/><V132/><F37/><W80/><G112/><T22/><D127/><U61/><E75/><V51/><F124/><W129/><G129/><T44/><D131/><U12/><E130/><V58/><F34/><W30/><G30/><T16/><D98/><U66/><E0/><V31/><F5/><W109/><G109/><T101/><D101/><U87/><E46/><V65/><F91/><W106/><G106/><T103/><D103/><U47/><E47/><V113/><F113/><W40/><G40/><T70/><D70/><U10/><E123/><V105/><F105/><W48/><G14/><T110/><D110/><U121/><E121/><V120/><F120/><W62/><REACH who="3" step="1"/><G48/><REACH who="3" ten="277,263,230,220" step="2"/><T82/><D43/><U84/><E29/><V108/><F108/><W19/><G19/><T28/><D18/><N who="1" m="10439" /><E84/><V23/><F31/><W45/><G45/><T42/><D57/><U102/><E102/><V72/><F71/><W9/><G9/><T74/><D74/><U135/><E99/><V68/><F72/><W125/><G125/><T77/><D42/><U76/><E96/><V128/><F128/><W54/><G54/><T60/><D44/><U114/><E114/><V33/><F33/><W79/><AGARI ba="0,1" hai="4,8,13,52,53,56,62,64,79,80,85,97,100,104" machi="79" ten="20,12000,2" yaku="1,1,0,1,7,1,52,1,54,1,53,1" doraHai="55" doraHaiUra="3" who="3" fromWho="3" sc="277,-30,263,-30,230,-60,220,130" /><INIT seed="3,0,0,3,3,105" ten="247,233,170,350" oya="3" hai0="0,107,122,45,89,40,18,95,37,125,124,77,114" hai1="91,21,29,42,84,32,15,112,101,109,100,25,36" hai2="20,79,65,121,7,135,71,3,44,90,4,87,72" hai3="48,31,75,39,27,119,92,78,134,38,85,58,28"/><W1/><G119/><T108/><D108/><U24/><E112/><V103/><F135/><W64/><G75/><T110/><D110/><U35/><E109/><V80/><F121/><W43/><G1/><T30/><D0/><U117/><E117/><V55/><F103/><W83/><G31/><T52/><D107/><U133/><E133/><V19/><F71/><W99/><G134/><T26/><D122/><U14/><E42/><V41/><F65/><W104/><G104/><T130/><D130/><U88/><E36/><V63/><F63/><W129/><G129/><T23/><D77/><U6/><E6/><V2/><F55/><W74/><G74/><T69/><D69/><U111/><E111/><V22/><F3/><W86/><G86/><T68/><D68/><U97/><E84/><V106/><F106/><W116/><G116/><T96/><D114/><U67/><E67/><V46/><F46/><W9/><G9/><T33/><D52/><U131/><E131/><V132/><F132/><W12/><G12/><T17/><D33/><U126/><E97/><V11/><F19/><W5/><G5/><T16/><AGARI ba="0,0" hai="16,17,18,23,26,30,37,40,45,89,95,96,124,125" machi="16" ten="30,2000,0" yaku="0,1,54,1" doraHai="105" who="0" fromWho="0" sc="247,20,233,-5,170,-5,350,-10" owari="267,6.7,228,-17.2,165,-33.5,340,44.0" /></mjloggm>