<mjloggm ver="2.3"><GO type="225" lobby="0"/><UN n0="%47%68%6F%73%74%55%30" n1="%54%4F%52" n2="%E5%84%AA%40%41%42%43" n3="%EF%BC%AE%EF%BC%A1%EF%BC%AF%33%33%39" dan="17,17,17,17" rate="2132.44,2192.12,2161.48,2148.10" sx="M,M,M,M"/><TAIKYOKU oya="0"/><INIT seed="0,0,0,2,2,73" ten="250,250,250,250" oya="0" hai0="36,12,129,91,102,83,120,34,55,97,57,84,110" hai1="109,63,92,41,96,125,69,68,105,98,17,70,131" hai2="87,85,101,42,95,2,121,21,7,47,6,93,29" hai3="112,113,133,23,45,53,66,80,94,51,44,54,60"/><T3/><D120/><U18/><E109/><V8/><F121/><W65/><G94/><T59/><D3/><U50/><E125/><V13/><F6/><W62/><G23/><T88/><D34/><U39/><E39/><V119/><F119/><W14/><G80/><T86/><D36/><U81/><E131/><V4/><F7/><W89/><G89/><T111/><D129/><U56/><E105/><V33/><F33/><W25/><G14/><T15/><D97/><U123/><E123/><V107/><F107/><W26/><G26/><T79/><D102/><U10/><E81/><V30/><F2/><W72/><G25/><T90/><D86/><N who="2" m="32778" /><F21/><W46/><G72/><T104/><D104/><U99/><E92/><N who="2" m="35403" /><F101/><W127/><G127/><T49/><D57/><U128/><E128/><V61/><F61/><W19/><G19/><T134/><D134/><U37/><E37/><V48/><AGARI ba="0,0" hai="4,8,13,29,30,42,47,48" m="35403,32778" machi="48" ten="30,1100,0" yaku="8,1" doraHai="73" who="2" fromWho="2" sc="250,-5,250,-3,250,11,250,-3" /><INIT seed="1,0,0,0,0,116" ten="245,247,261,247" oya="1" hai0="1,120,67,18,7,47,83,85,21,42,5,62,91" hai1="108,80,41,118,101,93,4,14,52,16,135,111,71" hai2="25,8,20,76,104,27,126,34,56,51,19,73,35" hai3="46,114,28,89,95,68,90,117,30,79,26,84,106"/><U53/><E118/><V33/><F104/><W66/><G114/><T69/><D1/><U54/><E135/><V99/><F73/><W6/><G117/><T110/><D110/><N who="1" m="42027" /><E71/><V98/><F76/><W22/><G106/><T17/><D17/><U77/><E41/><V113/><F126/><W88/><G6/><T31/><D31/><U129/><E4/><V24/><F8/><W122/><G30/><T128/><D128/><U39/><E39/><V78/><F78/><W61/><G122/><T102/><D102/><U134/><E134/><V12/><F113/><W130/><G130/><T36/><REACH who="0" step="1"/><D120/><REACH who="0" ten="235,247,261,247" step="2"/><U59/><E129/><V32/><F32/><W107/><G107/><T55/><D55/><U37/><E101/><V44/><REACH who="2" step="1"/><F56/><REACH who="2" ten="235,247,251,247" step="2"/><W97/><G46/><T11/><D11/><N who="1" m="6239" /><E59/><V13/><F13/><AGARI ba="0,2" hai="5,7,13,18,21,36,42,47,62,67,69,83,85,91" machi="13" ten="30,7700,0" yaku="1,1,7,1,53,2" doraHai="116" doraHaiUra="0" who="0" fromWho="2" sc="235,97,247,0,251,-77,247,0" /><INIT seed="2,0,0,3,1,89" ten="332,247,174,247" oya="2" hai0="108,30,18,20,22,133,21,96,2,56,3,83,54" hai1="72,70,12,24,112,13,10,71,99,93,42,45,101" hai2="119,46,1,53,59,27,35,6,48,68,19,15,73" hai3="102,43,62,4,95,120,126,107,109,78,32,114,52"/><V90/><F68/><W38/><G32/><T47/><D108/><U118/><E118/><V92/><F119/><W17/><G120/><T111/><D111/><U105/><E112/><V125/><F73/><W57/><G4/><T79/><D30/><U8/><E72/><V98/><F125/><W64/><G107/><T33/><D33/><U16/><E24/><V58/><F1/><W85/><G109/><T81/><D133/><U11/><E105/><V94/><F6/><W106/><G106/><T40/><D2/><U77/><E77/><V9/><F35/><W80/><G126/><T82/><D96/><U131/><E131/><V74/><F74/><W49/><G114/><T135/><D3/><U75/><E75/><V88/><F27/><W69/><G17/><T51/><D135/><U14/><REACH who="1" step="1"/><E16/><REACH who="1" ten="332,237,174,247" step="2"/><V132/><F132/><W23/><G23/><T25/><REACH who="0" step="1"/><D79/><REACH who="0" ten="322,237,174,247" step="2"/><U123/><E123/><V0/><REACH who="2" step="1"/><F0/><REACH who="2" ten="322,237,164,247" step="2"/><W130/><G130/><T121/><D121/><U5/><E5/><V100/><F100/><W60/><G102/><T104/><D104/><U84/><E84/><AGARI ba="0,3" hai="9,15,19,46,48,53,58,59,84,88,90,92,94,98" machi="84" ten="30,18000,2" yaku="1,1,7,1,8,1,52,2,54,1,53,0" doraHai="89" doraHaiUra="110" who="2" fromWho="1" sc="322,0,237,-180,164,210,247,0" /><INIT seed="2,1,0,4,5,104" ten="322,57,374,247" oya="2" hai0="133,128,110,39,102,4,97,119,120,43,107,73,92" hai1="16,6,91,130,55,41,17,2,29,54,14,129,22" hai2="106,27,63,9,15,111,99,68,132,23,47,124,1" hai3="79,84,38,20,75,40,113,78,35,52,82,25,30"/><V112/><F112/><W70/><G113/><T8/><D120/><U7/><E41/><V117/><F117/><W94/><G70/><T85/><D110/><U65/><E65/><V48/><F1/><W13/><G38/><T72/><D128/><N who="1" m="49259" /><E91/><V58/><F68/><W109/><G40/><T77/><D119/><U62/><E54/><V49/><F124/><W83/><G109/><T53/><D53/><U76/><E55/><V0/><F132/><W42/><G42/><T123/><D123/><U31/><E76/><V81/><F0/><W105/><G105/><T50/><D39/><U11/><E62/><V118/><F15/><W36/><G36/><T51/><D51/><BYE who="0" /><U37/><E37/><V66/><F23/><W95/><G13/><UN n0="%47%68%6F%73%74%55%30" /><T60/><D60/><U67/><E67/><V121/><F27/><W74/><G84/><T88/><D133/><U80/><E80/><V116/><F9/><W46/><G20/><T98/><D98/><U89/><E89/><V126/><F126/><W26/><G26/><T100/><D100/><U12/><E6/><V125/><F125/><W131/><G131/><T61/><D61/><U5/><E7/><V56/><F121/><W71/><G71/><T64/><D64/><U114/><E114/><V90/><F111/><W103/><G103/><T21/><D77/><U45/><E45/><V87/><F56/><W10/><G10/><AGARI ba="1,0" hai="2,5,10,11,12,14,16,17,22,29,31" m="49259" machi="10" ten="30,7700,0" yaku="19,1,34,2,54,1" doraHai="104" who="1" fromWho="3" sc="322,0,57,80,374,0,247,-80" /><INIT seed="3,0,0,5,5,103" ten="322,137,374,167" oya="3" hai0="123,49,125,94,67,101,70,66,64,113,59,91,107" hai1="128,86,102,63,47,99,61,119,116,51,11,33,110" hai2="127,135,50,8,93,132,74,18,76,104,73,7,131" hai3="98,37,15,12,79,117,41,129,26,38,35,29,81"/><W122/><G122/><T106/><D123/><U43/><E33/><V13/><F104/><W78/><G117/><T58/><D70/><U20/><E110/><V62/><F127/><W57/><G129/><T96/><D125/><U10/><E128/><V85/><F131/><W30/><G57/><T0/><D0/><U60/><E116/><V87/><F62/><W24/><G98/><T31/><D31/><U105/><E119/><V69/><F69/><W65/><G65/><T134/><D134/><N who="2" m="51242" /><F50/><W77/><G81/><T14/><D113/><U28/><REACH who="1" step="1"/><E86/><REACH who="1" ten="322,127,374,167" step="2"/><V27/><F87/><W83/><G83/><T133/><D133/><U97/><E97/><V100/><F85/><W108/><G108/><T1/><D1/><U32/><E32/><V17/><F73/><W84/><G84/><T22/><D91/><U53/><E53/><V95/><F74/><W120/><G120/><T115/><D115/><U82/><E82/><V46/><F76/><W16/><G41/><T40/><D40/><U126/><E126/><V44/><F100/><W114/><G114/><T5/><D59/><U52/><E52/><V124/><F124/><W111/><G111/><T130/><D130/><U4/><E4/><V19/><F46/><W68/><G68/><T80/><D80/><U92/><E92/><V72/><F44/><W25/><G35/><T6/><D58/><U109/><E109/><V39/><F95/><W9/><REACH who="3" step="1"/><G15/><REACH who="3" ten="322,127,374,157" step="2"/><T2/><D14/><U42/><E42/><V56/><F13/><W118/><G118/><T75/><D96/><U112/><E112/><V21/><F72/><RYUUKYOKU ba="0,2" sc="322,-15,127,15,374,-15,157,15" hai1="10,11,20,28,43,47,51,60,61,63,99,102,105" hai3="9,12,16,24,25,26,29,30,37,38,77,78,79" /><INIT seed="3,1,2,3,0,111" ten="307,142,359,172" oya="3" hai0="86,95,71,76,0,101,44,108,118,39,37,126,65" hai1="121,6,66,75,38,103,114,21,59,16,73,120,81" hai2="17,15,54,47,26,58,100,110,89,53,109,25,96" hai3="56,51,41,105,48,102,42,80,123,116,128,132,133"/><W88/><G116/><T119/><D86/><U9/><E38/><N who="0" m="14345" /><D95/><U83/><E114/><V104/><F47/><W124/><G123/><T99/><D76/><U40/><E40/><N who="3" m="15466" /><G102/><T63/><D0/><U45/><E45/><V69/><F69/><W62/><G105/><N who="0" m="63679" /><D44/><U33/><E33/><V64/><F64/><N who="3" m="38983" /><G128/><T19/><D19/><U50/><E75/><V72/><F72/><W122/><G122/><T31/><D31/><U30/><E30/><V135/><F89/><W3/><G3/><T5/><D5/><U82/><E73/><V36/><F36/><W74/><G74/><T127/><D108/><N who="2" m="41578" /><F53/><W32/><G32/><T130/><D130/><U8/><E103/><V60/><F135/><N who="3" m="51787" /><G124/><AGARI ba="1,2" hai="63,65,71,118,119,124,126,127" m="63679,14345" machi="124" ten="30,2000,0" yaku="18,1,23,1" doraHai="111" who="0" fromWho="3" sc="307,43,142,0,359,0,172,-23" owari="350,15.0,142,-35.8,359,45.9,149,-25.1" /></mjloggm>