<mjloggm ver="2.3"><GO type="225" lobby="0"/><UN n0="%E3%81%99%E3%81%84%E3%81%BE%E3%81%9B%E3%83%BC%E3%82%93" n1="%77%72%77%72%77%72%77%72" n2="%E3%83%A9%E3%83%BC%E3%83%A1%E3%83%B3%E4%BA%94%E9%83%8E" n3="%E3%81%B5%E3%81%98%E3%81%8B%E3%81%A4" dan="17,17,16,16" rate="2224.92,2238.78,2041.23,2197.92" sx="M,M,M,M"/><TAIKYOKU oya="0"/><INIT seed="0,0,0,0,4,10" ten="250,250,250,250" oya="0" hai0="109,53,31,14,41,81,76,124,29,25,27,84,47" hai1="99,125,135,12,87,130,32,43,20,73,127,71,66" hai2="60,98,120,30,91,77,9,69,22,15,65,68,117" hai3="13,48,92,36,110,122,64,86,6,4,2,16,5"/><T107/><D124/><N who="1" m="47691" /><E73/><V134/><F120/><W90/><G36/><T0/><D0/><U52/><E32/><V97/><F134/><W101/><G122/><T119/><D119/><U96/><E135/><V93/><F117/><W28/><G110/><T75/><D107/><U105/><E43/><V61/><F77/><W45/><G101/><T131/><D131/><U63/><E105/><V132/><F132/><W58/><G28/><T113/><D113/><U80/><E130/><V19/><F98/><W72/><G72/><T95/><D109/><U121/><E121/><V55/><F30/><W7/><G2/><T78/><D31/><U88/><E52/><V21/><REACH who="2" step="1"/><F55/><REACH who="2" ten="250,250,240,250" step="2"/><N who="3" m="32103" /><G64/><AGARI ba="0,1" hai="9,15,19,21,22,60,61,64,65,68,69,91,93,97" machi="64" ten="40,8000,1" yaku="1,1,9,1,52,1,53,1" doraHai="10" doraHaiUra="8" who="2" fromWho="3" sc="250,0,250,0,240,90,250,-80" /><INIT seed="1,0,0,4,4,31" ten="250,250,330,170" oya="1" hai0="131,67,75,20,8,1,102,97,6,44,115,11,32" hai1="101,55,36,116,42,69,35,117,118,40,17,90,4" hai2="100,15,47,52,103,46,49,82,112,24,60,73,91" hai3="120,2,121,51,114,39,130,94,12,81,54,129,122"/><U125/><E4/><V41/><F112/><W85/><G2/><T87/><D75/><U79/><E101/><V119/><F119/><W14/><G39/><T123/><D115/><U34/><E79/><V45/><F45/><W5/><G114/><T61/><D32/><U28/><E69/><V16/><F24/><W88/><G81/><T37/><D131/><N who="3" m="50185" /><G5/><T70/><D11/><U108/><E28/><V89/><F73/><W48/><G48/><T22/><D123/><N who="3" m="31489" /><W21/><DORA hai="104" /><G21/><T0/><D0/><U92/><E36/><V10/><F46/><AGARI ba="0,0" hai="12,14,46,51,54,85,88,94" m="31489,50185" machi="46" ten="40,2600,0" yaku="19,1,54,1" doraHai="31,104" who="3" fromWho="2" sc="250,0,250,0,330,-26,170,26" /><INIT seed="2,0,0,3,5,42" ten="250,250,304,196" oya="2" hai0="41,94,48,2,90,111,22,59,15,29,84,109,108" hai1="43,3,79,49,20,96,74,130,104,76,120,132,14" hai2="67,121,64,7,63,102,21,25,71,52,31,116,103" hai3="133,5,134,50,8,99,106,45,60,127,18,11,54"/><V61/><F116/><W98/><G127/><T53/><D2/><U113/><E113/><V16/><F121/><W135/><G60/><N who="2" m="23113" /><F71/><W35/><G35/><T65/><D41/><U36/><E36/><V28/><F7/><W78/><G78/><T112/><D112/><U56/><E74/><V12/><F31/><W85/><G85/><T88/><D65/><N who="2" m="25162" /><F52/><N who="3" m="29775" /><G106/><T123/><D123/><U0/><E104/><V24/><F24/><W86/><G86/><T66/><D66/><U34/><E34/><V128/><F128/><W87/><G87/><T100/><D29/><U124/><E0/><V38/><F38/><W114/><G114/><T62/><D62/><U115/><E130/><V39/><F39/><W72/><G72/><T89/><D100/><U40/><E3/><V44/><F44/><W6/><G54/><T70/><D70/><U37/><E37/><V10/><AGARI ba="0,0" hai="10,12,16,21,25,28,102,103" m="25162,23113" machi="10" ten="30,3000,0" yaku="8,1,54,1" doraHai="42" who="2" fromWho="2" sc="250,-10,250,-10,304,30,196,-10" /><INIT seed="2,1,0,4,2,102" ten="240,240,334,186" oya="2" hai0="21,48,132,73,22,106,81,121,23,115,72,111,41" hai1="38,46,9,83,82,26,57,18,45,98,54,4,16" hai2="84,87,50,112,40,39,130,80,35,124,49,1,3" hai3="15,128,42,120,125,78,33,77,118,43,89,51,85"/><V93/><F112/><W67/><G120/><T126/><D121/><U114/><E114/><V8/><F35/><W117/><G33/><T2/><D115/><U96/><E38/><V86/><F39/><W47/><G125/><T127/><D2/><U55/><E26/><V14/><F124/><N who="0" m="47658" /><D111/><U129/><E129/><V11/><F130/><W91/><G128/><T135/><D106/><U65/><E65/><V61/><F93/><W62/><G42/><T74/><D81/><N who="1" m="30731" /><E4/><V92/><F92/><W104/><G104/><T123/><D123/><U133/><E133/><N who="0" m="51273" /><D48/><N who="1" m="28943" /><E46/><V34/><F80/><W70/><G117/><T116/><D41/><U68/><E68/><V31/><F40/><W109/><G109/><T119/><AGARI ba="1,0" hai="21,22,23,72,73,74,116,119" m="51273,47658" machi="119" ten="50,8000,1" yaku="28,2,18,1,20,1" doraHai="102" who="0" fromWho="0" sc="240,83,240,-21,334,-41,186,-21" /><INIT seed="3,0,0,3,3,88" ten="323,219,293,165" oya="3" hai0="82,96,95,47,90,0,124,40,121,64,68,30,51" hai1="23,83,16,57,129,78,50,135,61,36,58,46,45" hai2="48,87,29,107,89,34,37,28,71,54,123,1,13" hai3="127,125,15,115,81,132,26,60,122,77,49,113,32"/><W7/><G122/><T104/><D121/><U3/><E3/><V128/><F123/><W62/><G49/><T2/><D104/><U53/><E129/><V79/><F1/><W86/><G132/><T94/><D124/><N who="3" m="47689" /><G32/><T14/><D82/><U20/><E135/><V84/><F37/><W130/><G130/><T66/><D30/><U92/><E36/><V19/><F107/><W9/><G26/><T18/><D68/><U52/><E23/><N who="2" m="11759" /><F71/><W11/><G11/><N who="0" m="6495" /><D0/><U39/><E39/><V55/><F34/><W24/><G24/><T75/><D2/><U114/><E114/><AGARI ba="0,0" hai="7,9,15,60,62,77,81,86,113,114,115" m="47689" machi="114" ten="30,1500,0" yaku="18,1" doraHai="88" who="3" fromWho="1" sc="323,0,219,-15,293,0,165,15" /><INIT seed="3,1,0,4,4,79" ten="323,204,293,180" oya="3" hai0="35,132,20,38,124,2,94,103,120,130,102,55,45" hai1="10,90,107,5,9,101,71,47,15,87,52,75,28" hai2="56,118,13,74,34,126,73,78,49,29,58,70,11" hai3="84,114,33,23,68,112,37,21,60,40,3,39,65"/><W82/><G33/><T86/><D86/><U30/><E71/><V116/><F70/><W89/><G3/><T97/><D103/><U1/><E75/><V64/><F126/><W127/><G127/><T43/><D20/><U62/><E101/><V133/><F34/><W76/><G21/><T32/><D55/><U125/><E107/><V121/><F29/><W19/><G76/><T59/><D59/><U31/><E125/><V0/><F0/><W8/><G8/><T96/><D97/><U104/><E104/><V108/><F108/><W26/><REACH who="3" step="1"/><G40/><REACH who="3" ten="323,204,293,170" step="2"/><T24/><D43/><U67/><E9/><V117/><F78/><W48/><G48/><T92/><D2/><U93/><E1/><V91/><F49/><W72/><G72/><T83/><D35/><U66/><E62/><V115/><F73/><W36/><AGARI ba="1,1" hai="19,23,26,36,37,39,60,65,68,82,84,89,112,114" machi="36" ten="30,11700,0" yaku="1,1,0,1,52,1,53,1" doraHai="79" doraHaiUra="57" who="3" fromWho="3" sc="323,-40,204,-40,293,-40,170,130" owari="283,8.3,164,-33.6,253,-14.7,300,40.0" /></mjloggm>