<mjloggm ver="2.3"><GO type="225" lobby="0"/><UN n0="%E3%81%A1%E3%82%85%E3%81%86%E3%81%A9%E3%81%8F%E8%B1%A1%E3%81%95%E3%82%93" n1="%33%74%72%65%65" n2="%E3%83%AD%E3%83%83%E3%83%86%E9%9B%80%E7%90%83" n3="%E2%91%A3%E9%81%BF%E9%81%8A%E6%88%AF%E3%80%90%E6%9D%B1%E5%8D%97%E3%80%91" dan="17,17,17,16" rate="2217.95,2141.66,2127.53,2165.47" sx="M,F,M,M"/><TAIKYOKU oya="0"/><INIT seed="0,0,0,0,0,62" ten="250,250,250,250" oya="0" hai0="78,123,98,95,102,43,44,79,101,24,77,23,110" hai1="100,92,85,80,130,32,118,10,107,63,40,82,120" hai2="96,38,114,30,47,0,112,22,89,12,116,52,34" hai3="81,29,94,25,56,113,125,68,132,36,105,57,14"/><T45/><D123/><U103/><E32/><V99/><F0/><W55/><G105/><T84/><D110/><U41/><E118/><V91/><F116/><W126/><G68/><T33/><D33/><U108/><E120/><V65/><F34/><W61/><G113/><T42/><D102/><N who="1" m="38955" /><E107/><V2/><F2/><W87/><G36/><T121/><D121/><U66/><E108/><V122/><F122/><W64/><G94/><T90/><D44/><U31/><E130/><V73/><F73/><W4/><G4/><T16/><REACH who="0" step="1"/><D45/><REACH who="0" ten="240,250,250,250" step="2"/><U109/><E109/><V39/><F47/><W27/><G125/><T15/><D15/><U11/><E31/><V127/><F12/><W60/><G126/><T6/><D6/><U20/><E41/><V18/><F30/><W48/><G29/><T19/><D19/><U17/><E40/><V111/><F18/><W5/><G5/><T71/><D71/><U115/><E115/><V135/><F111/><W76/><G14/><T72/><D72/><U83/><E17/><V75/><F75/><W88/><G27/><T8/><D8/><U129/><E129/><V117/><F127/><W69/><G25/><T124/><D124/><U53/><E11/><V59/><F117/><W133/><REACH who="3" step="1"/><G76/><REACH who="3" ten="240,250,250,240" step="2"/><T21/><D21/><U51/><E20/><V131/><F22/><W49/><G49/><T37/><D37/><U70/><E10/><V3/><F38/><W106/><G106/><AGARI ba="0,2" hai="16,23,24,42,43,77,78,79,84,90,95,98,101,106" machi="106" ten="40,7700,0" yaku="1,1,54,1,53,1" doraHai="62" doraHaiUra="86" who="0" fromWho="3" sc="240,97,250,0,250,0,240,-77" /><INIT seed="0,1,0,5,1,55" ten="337,250,250,163" oya="0" hai0="45,37,15,128,124,8,51,12,122,19,30,7,76" hai1="132,134,104,110,97,93,115,62,28,88,40,17,54" hai2="91,127,24,85,98,68,130,82,32,60,5,16,92" hai3="73,77,6,121,83,71,70,113,13,89,64,125,78"/><T52/><D122/><U34/><E110/><V35/><F127/><W123/><G113/><T94/><D124/><U11/><E115/><V38/><F38/><W114/><G125/><T1/><D128/><U21/><E40/><V105/><F130/><W46/><G114/><T103/><D37/><U9/><E104/><V27/><F105/><W10/><G78/><T58/><D76/><U90/><E90/><V18/><F5/><W20/><G64/><T59/><D30/><U100/><E100/><V131/><F131/><W22/><G46/><T133/><D133/><N who="1" m="51307" /><E34/><V111/><F111/><W33/><G33/><T101/><D1/><U56/><E28/><V36/><F36/><W135/><G135/><T26/><D26/><AGARI ba="1,0" hai="9,11,17,21,26,54,56,62,88,93,97" m="51307" machi="26" ten="30,7700,0" yaku="25,1,20,1,52,1,54,1" doraHai="55" who="1" fromWho="0" sc="337,-80,250,80,250,0,163,0" /><INIT seed="1,0,0,5,4,112" ten="257,330,250,163" oya="1" hai0="96,17,67,56,135,75,68,7,5,83,0,52,44" hai1="105,25,36,134,84,46,47,34,40,95,33,126,132" hai2="127,128,9,88,12,131,72,116,24,51,120,111,58" hai3="23,53,38,69,71,63,64,16,70,77,11,26,4"/><U62/><E105/><V121/><F72/><W125/><G125/><T99/><D44/><N who="1" m="23559" /><E126/><V133/><F111/><W109/><G109/><T29/><D29/><N who="1" m="19631" /><E62/><V117/><F133/><N who="1" m="51305" /><E34/><V103/><F127/><W10/><G10/><T93/><D135/><U32/><E32/><V123/><F103/><W73/><G38/><T42/><D17/><U78/><E95/><V14/><F24/><W31/><G53/><T106/><D106/><U115/><E115/><V79/><F79/><W80/><REACH who="3" step="1"/><G31/><REACH who="3" ten="257,330,250,153" step="2"/><T37/><D52/><U60/><E60/><V129/><F9/><W76/><G76/><T107/><D37/><U20/><E78/><V82/><F123/><W13/><AGARI ba="0,1" hai="4,11,13,16,23,26,63,64,69,70,71,73,77,80" machi="13" ten="20,8000,1" yaku="1,1,0,1,7,1,54,1,53,1" doraHai="112" doraHaiUra="1" who="3" fromWho="3" sc="257,-20,330,-40,250,-20,153,90" /><INIT seed="2,0,0,1,3,104" ten="237,290,230,243" oya="2" hai0="1,110,88,10,85,33,15,107,17,91,116,24,34" hai1="48,28,52,44,19,80,63,106,125,114,76,129,45" hai2="81,67,78,8,124,96,130,103,84,98,41,131,54" hai3="71,53,66,108,120,128,29,46,74,35,97,58,13"/><V102/><F67/><W20/><G120/><T14/><D107/><U27/><E114/><V93/><F41/><W56/><G35/><T101/><D1/><U112/><E112/><V135/><F54/><W117/><G71/><T6/><D110/><U127/><E106/><N who="2" m="63815" /><F8/><W118/><G74/><T61/><D101/><U73/><E129/><N who="2" m="49163" /><F124/><N who="1" m="47689" /><E63/><V55/><F55/><W99/><G128/><T51/><D24/><U115/><E115/><V86/><F135/><W62/><G108/><T4/><D51/><U59/><E19/><V111/><F111/><W79/><G79/><T95/><D61/><U109/><E109/><V123/><F123/><W82/><G82/><T5/><D116/><U75/><E75/><AGARI ba="0,0" hai="75,78,81,84,86,93,98,103" m="49163,63815" machi="75" ten="30,11600,0" yaku="19,1,34,2,52,1" doraHai="104" who="2" fromWho="1" sc="237,0,290,-116,230,116,243,0" /><INIT seed="2,1,0,1,1,18" ten="237,174,346,243" oya="2" hai0="89,96,24,69,135,62,74,9,58,25,86,4,23" hai1="29,121,91,134,22,117,48,8,7,51,65,50,116" hai2="129,56,32,61,42,30,54,125,38,127,77,76,64" hai3="34,71,55,94,115,3,126,46,63,88,108,26,59"/><V19/><F19/><W0/><G108/><T78/><D69/><U73/><E134/><V2/><F2/><W82/><G115/><T12/><D135/><U37/><E121/><V10/><F10/><W104/><G104/><T35/><D74/><U112/><E112/><V1/><F1/><W111/><G111/><T85/><D96/><U87/><E37/><V28/><F77/><W14/><G71/><T79/><D35/><U131/><E131/><V90/><F76/><N who="0" m="29226" /><D89/><U100/><E73/><V16/><F90/><W44/><G82/><T122/><D122/><U84/><E100/><V6/><F6/><W80/><G80/><T11/><D11/><U95/><E65/><V113/><F64/><W31/><G3/><T110/><D110/><U109/><E109/><V98/><F98/><W118/><G0/><T40/><D40/><U53/><E53/><V83/><F54/><W67/><G67/><N who="0" m="39383" /><D25/><U36/><E36/><V107/><F42/><W133/><G133/><T123/><D123/><U57/><E57/><V120/><F56/><W130/><G130/><T43/><D43/><U70/><E70/><V60/><F32/><W41/><G41/><T119/><D119/><U5/><E84/><V47/><F38/><W52/><G118/><T124/><D124/><U15/><REACH who="1" step="1"/><E5/><REACH who="1" ten="237,164,346,243" step="2"/><V105/><F127/><W114/><G126/><T39/><D39/><U72/><E72/><V66/><F125/><W92/><G55/><T68/><D68/><U128/><E128/><V106/><F129/><W132/><G114/><T27/><D85/><U45/><E45/><V102/><F47/><RYUUKYOKU ba="1,1" sc="237,-10,164,30,346,-10,243,-10" hai1="7,8,15,22,29,48,50,51,87,91,95,116,117" /><INIT seed="3,2,1,3,4,17" ten="227,194,336,233" oya="3" hai0="93,42,45,118,24,76,15,110,97,99,103,50,80" hai1="67,77,32,116,2,126,123,132,130,101,71,128,98" hai2="34,9,57,117,54,90,11,10,108,13,88,47,82" hai3="41,62,22,105,113,53,30,16,78,20,26,46,23"/><W133/><G113/><T61/><D118/><U27/><E123/><V36/><F34/><W39/><G133/><T96/><D110/><U125/><E116/><V84/><F117/><W70/><G105/><T7/><D61/><N who="1" m="40431" /><E77/><V107/><F107/><W68/><G78/><T4/><D24/><U31/><E2/><V28/><F28/><W21/><REACH who="3" step="1"/><G30/><REACH who="3" ten="227,194,336,223" step="2"/><T79/><D79/><U55/><E132/><V25/><F108/><W37/><G37/><T48/><D76/><U111/><E111/><V18/><F36/><W58/><AGARI ba="2,2" hai="16,20,21,22,23,26,39,41,46,53,58,62,68,70" machi="58" ten="30,18000,2" yaku="1,1,0,1,52,4,54,1,53,0" doraHai="17" doraHaiUra="63" who="3" fromWho="3" sc="227,-62,194,-62,336,-62,223,206" owari="165,-23.5,132,-36.8,274,7.4,429,52.9" /></mjloggm>