<mjloggm ver="2.3"><GO type="225" lobby="0"/><UN n0="%E3%80%93%E3%81%97%E3%83%BC%E3%82%89%E3%80%93" n1="%E3%81%95%E3%81%8D%E3%81%9F%E3%81%BE%E6%9E%97%E6%AA%8E" n2="%E3%81%A8%E3%82%89%E3%81%84%E3%81%A1" n3="%6E%69%63%6F%6E%74%6F" dan="17,16,16,16" rate="2139.99,2058.61,2115.80,2129.65" sx="M,M,M,M"/><TAIKYOKU oya="0"/><INIT seed="0,0,0,4,0,45" ten="250,250,250,250" oya="0" hai0="86,6,108,16,57,37,52,131,133,42,78,87,11" hai1="69,56,88,132,120,7,82,12,97,40,79,112,29" hai2="4,20,48,89,46,26,81,130,91,41,96,31,15" hai3="129,58,13,127,85,113,107,128,33,8,44,118,53"/><T47/><D108/><U9/><E112/><V123/><F123/><W60/><G113/><T25/><D131/><U125/><E120/><V28/><F130/><W126/><G118/><T121/><D121/><U102/><E125/><N who="3" m="47626" /><G107/><T76/><D133/><U34/><E132/><V35/><F96/><W134/><G134/><T114/><D114/><U119/><E119/><V39/><F39/><W105/><G105/><T67/><D67/><U101/><E69/><V124/><F124/><W73/><G73/><T14/><D78/><U17/><E7/><V116/><F116/><W90/><G44/><T63/><D76/><U66/><E40/><V80/><F31/><W109/><G33/><T59/><D59/><U71/><E71/><V98/><F35/><W110/><G110/><T117/><D117/><U55/><E66/><V24/><F24/><W83/><G109/><T77/><D77/><U103/><E34/><V115/><F115/><W1/><G1/><T18/><D25/><U2/><E2/><V50/><F50/><W93/><G93/><T32/><D32/><U68/><E68/><V38/><F38/><W94/><G94/><T92/><REACH who="0" step="1"/><D92/><REACH who="0" ten="240,250,250,250" step="2"/><N who="1" m="56455" /><E29/><V122/><F122/><W64/><G64/><T104/><D104/><U84/><E56/><V43/><F28/><W3/><G129/><T49/><D49/><U10/><E10/><N who="2" m="4551" /><F48/><W75/><G128/><T61/><D61/><U70/><E70/><V65/><F65/><W106/><G106/><T22/><D22/><U23/><E23/><V54/><F20/><W72/><G3/><T5/><D5/><AGARI ba="0,1" hai="5,8,13,53,58,60,72,75,83,85,90" m="47626" machi="5" ten="30,1000,0" yaku="18,1" doraHai="45" who="3" fromWho="0" sc="240,-10,250,0,250,0,250,20" /><INIT seed="1,0,0,3,2,71" ten="230,250,250,270" oya="1" hai0="16,37,87,118,21,13,120,104,26,84,31,77,24" hai1="38,78,28,100,112,68,27,32,12,40,6,30,86" hai2="123,76,110,20,135,121,23,96,55,108,4,82,109" hai3="45,64,48,3,89,74,35,2,101,105,125,54,80"/><U124/><E112/><V72/><F135/><W97/><G97/><T128/><BYE who="3" /><D104/><U113/><E68/><V127/><F4/><W19/><G19/><T8/><D118/><U57/><E113/><V52/><F127/><W102/><G102/><T134/><D134/><U115/><E115/><V14/><F96/><W5/><G5/><T63/><D120/><N who="2" m="46154" /><F14/><W106/><G106/><T133/><D133/><U41/><E124/><V122/><N who="2" m="46162" /><V46/><DORA hai="126" /><F46/><W99/><G99/><T73/><D128/><U131/><E131/><V132/><F132/><W93/><G93/><T81/><D37/><U69/><E69/><V90/><F90/><W39/><G39/><T66/><REACH who="0" step="1"/><D26/><REACH who="0" ten="220,250,250,270" step="2"/><N who="1" m="18455" /><E38/><V62/><F62/><W53/><G53/><AGARI ba="0,1" hai="20,23,52,53,55,72,76,82,108,109,110" m="46162" machi="53" ten="50,3200,0" yaku="14,1,54,1" doraHai="71,126" who="2" fromWho="3" sc="220,0,250,0,250,42,270,-32" /><INIT seed="2,0,0,4,0,87" ten="220,250,292,238" oya="2" hai0="43,3,62,125,10,101,25,41,77,119,15,94,99" hai1="56,75,17,38,24,76,108,21,133,129,22,37,98" hai2="81,29,60,105,130,26,46,73,61,69,12,100,9" hai3="35,23,13,89,27,14,114,67,88,55,79,42,71"/><V11/><F130/><W47/><G47/><T92/><D125/><U97/><E129/><V32/><F46/><UN n3="%6E%69%63%6F%6E%74%6F" /><W66/><G114/><T83/><D3/><U72/><E108/><V8/><F12/><N who="3" m="4715" /><G71/><T44/><D119/><U74/><E133/><V48/><F48/><W111/><G35/><T5/><D62/><U84/><E56/><V20/><F20/><W36/><G36/><T19/><D92/><U53/><E53/><V18/><F18/><N who="3" m="12791" /><G42/><T102/><D102/><U103/><E22/><V34/><F34/><W95/><G111/><T116/><D116/><U63/><E63/><V126/><F126/><W96/><G79/><T106/><D106/><U7/><E7/><V115/><F115/><W85/><G55/><T78/><D25/><U109/><E109/><V90/><F69/><W118/><G118/><T1/><D44/><U28/><E28/><V2/><F2/><W40/><G40/><T131/><D131/><U128/><E128/><V132/><F132/><W93/><AGARI ba="0,0" hai="66,67,85,88,89,93,95,96" m="12791,4715" machi="93" ten="30,7900,0" yaku="8,1,52,2,54,1" doraHai="87" who="3" fromWho="3" sc="220,-20,250,-20,292,-39,238,79" /><INIT seed="3,0,0,1,2,8" ten="200,230,253,317" oya="3" hai0="4,62,57,102,113,94,27,71,104,28,58,13,22" hai1="115,82,107,67,25,63,98,54,65,44,9,75,91" hai2="92,23,42,12,119,47,34,2,68,132,66,117,40" hai3="14,49,77,29,85,39,26,126,103,0,79,45,128"/><W81/><G128/><T36/><D36/><U88/><E115/><V99/><F2/><W89/><G126/><T133/><D113/><U64/><E75/><V35/><F132/><W33/><G0/><T118/><D133/><U105/><E105/><V52/><F42/><W130/><G130/><T24/><D118/><U127/><E127/><V83/><F83/><W20/><G39/><T106/><D71/><U6/><E107/><V135/><F135/><W121/><G121/><T61/><D27/><U19/><E98/><V74/><F74/><W15/><G103/><T70/><D70/><U69/><E69/><V84/><F84/><W30/><G30/><T90/><D102/><U109/><E109/><V17/><F34/><W60/><G60/><T122/><D122/><U116/><E116/><V78/><F35/><W53/><G33/><T59/><D106/><U56/><E44/><V108/><F78/><AGARI ba="0,0" hai="14,15,20,26,29,45,49,53,77,78,79,81,85,89" machi="78" ten="40,7700,0" yaku="8,1,52,2" doraHai="8" who="3" fromWho="2" sc="200,0,230,0,253,-77,317,77" owari="200,-20.0,230,3.0,176,-32.4,394,49.4" /></mjloggm>