<mjloggm ver="2.3"><GO type="225" lobby="0"/><UN n0="%72%65%6E%6B%75%6E" n1="%E6%A1%9C%E8%8A%B1%E9%96%83%E3%80%85" n2="%E6%A0%B9%E5%85%83%E3%81%8B%E3%82%89%E5%90%B9%E3%81%A3%E9%A3%9B%E3%81%B6" n3="%48%61%61%61%6C%61%6E%64" dan="17,16,17,18" rate="2238.44,2146.71,2146.38,2183.96" sx="M,M,F,M"/><TAIKYOKU oya="0"/><INIT seed="0,0,0,2,1,105" ten="250,250,250,250" oya="0" hai0="54,55,106,43,52,102,8,32,75,71,48,129,73" hai1="45,128,85,15,109,11,42,10,18,99,104,116,19" hai2="74,69,127,119,59,103,36,50,132,38,83,135,92" hai3="112,44,58,17,49,126,86,72,26,122,67,53,63"/><T68/><D8/><U20/><E116/><V87/><F127/><W133/><G112/><T31/><D43/><U78/><E109/><V82/><F69/><N who="0" m="26698" /><D48/><U76/><E128/><V95/><F119/><W65/><G126/><T57/><D57/><U24/><E10/><V89/><F59/><W6/><G6/><T33/><D31/><U34/><E34/><N who="0" m="13417" /><D102/><U125/><E125/><V2/><F50/><W9/><G49/><T21/><D21/><U7/><E19/><V121/><F103/><W113/><G17/><T131/><D106/><U51/><E104/><V28/><F28/><W114/><G9/><T13/><D13/><U124/><E124/><V1/><F87/><W108/><G58/><T66/><D66/><U130/><E130/><AGARI ba="0,0" hai="52,54,55,73,75,129,130,131" m="13417,26698" machi="130" ten="40,18000,2" yaku="28,2,19,1,52,2,54,1" doraHai="105" who="0" fromWho="1" sc="250,180,250,-180,250,0,250,0" /><INIT seed="0,1,0,0,5,112" ten="430,70,250,250" oya="0" hai0="69,94,96,41,16,109,6,85,116,111,71,39,7" hai1="26,86,21,19,80,37,98,56,132,129,100,18,25" hai2="118,104,105,64,107,106,122,70,8,59,135,5,40" hai3="120,134,110,54,36,46,31,29,124,66,13,53,119"/><T65/><D85/><U97/><E129/><V38/><F122/><W131/><G131/><T22/><D39/><U93/><E132/><V12/><F135/><W49/><G134/><T79/><D41/><U89/><E37/><V47/><N who="2" m="26624" /><DORA hai="74" /><V128/><F128/><W58/><G110/><N who="0" m="41995" /><D79/><U61/><E98/><V99/><F99/><W133/><G133/><T33/><D33/><U126/><E126/><V127/><F127/><W20/><G124/><T17/><D17/><U117/><E117/><V32/><F32/><W130/><G119/><T95/><D116/><U72/><E72/><V75/><F118/><W92/><G36/><T9/><D65/><U76/><E26/><V91/><F75/><W123/><G66/><T55/><D55/><U88/><E18/><V81/><F70/><N who="0" m="26634" /><D9/><U63/><E63/><V1/><F64/><AGARI ba="1,0" hai="19,21,25,56,61,64,76,80,86,88,89,93,97,100" machi="64" ten="30,7700,0" yaku="7,1,8,1,52,1,54,1" doraHai="112,74" who="1" fromWho="2" sc="430,0,70,80,250,-80,250,0" /><INIT seed="1,0,0,5,2,44" ten="430,150,170,250" oya="1" hai0="135,59,67,130,36,133,7,11,72,73,30,18,86" hai1="25,41,39,8,108,31,104,76,51,70,27,87,64" hai2="3,103,23,57,110,116,97,32,89,53,114,71,94" hai3="131,74,65,37,19,124,126,22,58,5,6,17,96"/><U77/><E39/><V101/><F110/><W40/><G74/><T84/><D36/><U1/><E104/><V10/><F116/><W91/><G131/><T83/><D30/><U49/><E108/><V28/><F114/><W107/><G40/><T81/><D18/><U112/><E112/><V121/><F121/><W95/><G37/><T105/><D105/><U47/><E70/><V9/><F71/><W69/><G69/><T134/><D130/><U46/><E64/><V54/><F32/><W43/><G43/><T109/><D109/><U15/><E1/><V52/><F3/><W26/><G107/><T80/><D59/><U120/><E120/><V55/><F23/><W2/><G19/><T102/><D67/><U98/><E98/><V129/><F28/><W20/><G20/><T85/><D102/><N who="2" m="38922" /><F129/><W50/><G2/><AGARI ba="0,0" hai="2,7,11,72,73,80,81,83,84,85,86,133,134,135" machi="2" ten="50,6400,0" yaku="29,2,20,1" doraHai="44" who="0" fromWho="3" sc="430,64,150,0,170,0,250,-64" /><INIT seed="2,0,0,2,5,80" ten="494,150,170,186" oya="2" hai0="128,61,72,103,96,130,5,107,78,13,62,115,66" hai1="132,9,43,48,112,24,82,110,63,77,18,12,7" hai2="6,51,87,50,126,74,3,95,55,8,84,93,109" hai3="11,22,14,127,54,38,94,104,76,53,69,134,45"/><V101/><F126/><W85/><G104/><T121/><D121/><U88/><E112/><V98/><F74/><W40/><G69/><T23/><D115/><U124/><E124/><V70/><F70/><W105/><G105/><T1/><D72/><U4/><E110/><V111/><F51/><W108/><G108/><N who="2" m="41545" /><F95/><W31/><G134/><T10/><D78/><U60/><E132/><V125/><F125/><W135/><G135/><T52/><D52/><U81/><E81/><V59/><AGARI ba="0,0" hai="3,6,8,50,55,59,84,87,93,98,101" m="41545" machi="59" ten="30,11700,0" yaku="14,1,10,1,52,2" doraHai="80" who="2" fromWho="2" sc="494,-39,150,-39,170,117,186,-39" /><INIT seed="2,1,0,4,5,100" ten="455,111,287,147" oya="2" hai0="56,95,8,39,13,22,38,60,109,115,3,46,28" hai1="75,80,106,118,9,78,20,128,64,30,105,130,29" hai2="88,34,71,91,126,49,104,40,90,27,102,123,35" hai3="21,103,42,98,12,92,36,129,94,41,77,51,81"/><V24/><F123/><W69/><G69/><T99/><D115/><U37/><E118/><V127/><F71/><W134/><G129/><N who="1" m="49770" /><E37/><V11/><F11/><W57/><G134/><T125/><D38/><U65/><E9/><V114/><F114/><W84/><G36/><T89/><D3/><U74/><E74/><V68/><F68/><W135/><G135/><T50/><D109/><U43/><E43/><V33/><F49/><W96/><G57/><T82/><D82/><U48/><E48/><V14/><F14/><W52/><G21/><T87/><D87/><U121/><E121/><V0/><F40/><W131/><G12/><T66/><D125/><N who="2" m="47626" /><F0/><W58/><REACH who="3" step="1"/><G131/><REACH who="3" ten="455,111,287,137" step="2"/><T15/><D39/><U86/><E75/><V76/><F34/><W124/><G124/><T132/><D132/><U53/><E53/><V54/><F35/><W31/><G31/><N who="1" m="11786" /><E20/><V120/><F54/><W23/><G23/><T26/><D8/><U17/><E17/><V44/><F120/><W113/><G113/><T111/><D111/><U93/><E93/><V32/><F33/><W122/><G122/><T119/><D119/><U2/><E2/><V45/><F32/><W55/><G55/><AGARI ba="1,1" hai="13,15,22,26,28,46,50,55,56,60,66,89,95,99" machi="55" ten="30,2000,0" yaku="7,1,8,1" doraHai="100" who="0" fromWho="3" sc="455,33,111,0,287,0,137,-23" /><INIT seed="3,0,0,0,3,67" ten="488,111,287,114" oya="3" hai0="133,127,26,101,3,83,14,80,31,56,123,2,119" hai1="91,38,70,47,10,55,122,114,117,107,104,102,118" hai2="90,68,130,54,15,85,58,109,134,124,39,57,9" hai3="7,128,97,8,84,6,87,103,24,98,23,73,77"/><W74/><G128/><T105/><D123/><U40/><E122/><V41/><F68/><W82/><G87/><T62/><D119/><N who="1" m="45579" /><E114/><V129/><F41/><W132/><G132/><T63/><D133/><U45/><E70/><V19/><F39/><W131/><G131/><T21/><D127/><U88/><E10/><V44/><F124/><W0/><G6/><T36/><D36/><U16/><E16/><V112/><F112/><W33/><G33/><T17/><D63/><U95/><E102/><V76/><F76/><W111/><G111/><T115/><D101/><U20/><E20/><V53/><F134/><W29/><REACH who="3" step="1"/><G97/><REACH who="3" ten="488,111,287,104" step="2"/><T60/><D115/><U78/><E78/><V13/><F109/><W51/><G51/><T25/><D62/><U65/><E65/><V113/><F85/><W64/><G64/><T59/><D60/><U108/><E108/><V86/><F130/><W89/><G89/><N who="1" m="34378" /><E95/><AGARI ba="0,1" hai="0,7,8,23,24,29,73,74,77,82,84,95,98,103" machi="95" ten="30,2900,0" yaku="1,1,7,1,53,0" doraHai="67" doraHaiUra="135" who="3" fromWho="1" sc="488,0,111,-29,287,0,104,39" /><INIT seed="3,1,0,0,3,17" ten="488,82,287,143" oya="3" hai0="115,7,52,34,63,102,8,50,110,38,107,24,3" hai1="42,11,105,31,9,16,111,40,101,6,96,21,109" hai2="108,93,113,112,117,77,134,36,53,116,89,79,59" hai3="54,126,133,80,68,33,74,103,32,29,78,82,118"/><W97/><G118/><N who="2" m="45673" /><F36/><W127/><G133/><T15/><D38/><U64/><E64/><V120/><F59/><W100/><G68/><T124/><D110/><N who="1" m="41995" /><E31/><V84/><F53/><W58/><G80/><T2/><D63/><U131/><E131/><V55/><F55/><W19/><G19/><T20/><D124/><N who="3" m="47657" /><G29/><T1/><D34/><N who="3" m="13417" /><G97/><T95/><D115/><N who="2" m="44106" /><F108/><W69/><G69/><T106/><D102/><U66/><E66/><V39/><F39/><W48/><AGARI ba="1,0" hai="48,54,58,74,78,82,100,103" m="13417,47657" machi="48" ten="30,1500,0" yaku="18,1" doraHai="17" who="3" fromWho="3" sc="488,-6,82,-6,287,-6,143,18" /><INIT seed="3,2,0,3,3,101" ten="482,76,281,161" oya="3" hai0="84,25,45,113,4,112,75,13,89,21,74,135,65" hai1="103,94,15,83,104,99,124,117,58,12,64,88,123" hai2="86,122,91,71,14,70,18,17,97,120,127,3,1" hai3="107,57,30,24,100,54,31,119,69,77,33,72,108"/><W115/><G115/><N who="0" m="44107" /><D135/><U79/><E123/><N who="2" m="47147" /><F97/><W102/><G119/><T28/><D65/><U63/><E124/><V110/><F110/><W40/><G69/><N who="2" m="26121" /><F127/><W10/><G40/><T9/><D45/><U67/><E67/><V27/><F27/><W105/><G108/><T80/><AGARI ba="2,0" hai="4,9,13,21,25,28,74,75,80,84,89" m="44107" machi="80" ten="30,1100,0" yaku="11,1" doraHai="101" who="0" fromWho="0" sc="482,17,76,-5,281,-5,161,-7" owari="499,59.9,71,-42.9,276,7.6,154,-24.6" /></mjloggm>