<mjloggm ver="2.3"><GO type="225" lobby="0"/><UN n0="%E3%81%BF%E3%81%BF%E3%81%9A" n1="%33%74%72%65%65" n2="%E4%BA%95%E5%B8%AF" n3="%E5%A4%9C%E3%81%AE%E3%82%AC%E3%82%B9%E3%83%91%E3%83%BC%E3%83%AB" dan="18,16,16,16" rate="2228.77,2196.96,2038.40,2187.85" sx="M,F,M,M"/><TAIKYOKU oya="0"/><INIT seed="0,0,0,1,3,131" ten="250,250,250,250" oya="0" hai0="120,46,90,13,29,132,33,96,109,95,27,54,53" hai1="26,65,84,38,78,129,14,100,79,17,73,111,51" hai2="112,7,126,130,115,19,125,45,3,135,66,22,61" hai3="127,34,24,58,80,11,48,62,81,67,106,104,133"/><T56/><D120/><U15/><E38/><V99/><F99/><W119/><G119/><T5/><D109/><U123/><E123/><V36/><F7/><W82/><G127/><N who="2" m="48649" /><F3/><W87/><G133/><T107/><D132/><U117/><E117/><V50/><F135/><W16/><G104/><T71/><D71/><U32/><E111/><V23/><F36/><W77/><G106/><T75/><D75/><U121/><E100/><V18/><F18/><W108/><G108/><T122/><D122/><U31/><E17/><V4/><F4/><W113/><G113/><T55/><D107/><U59/><E121/><V124/><F22/><N who="3" m="13383" /><G34/><T2/><D2/><U10/><E32/><V49/><F49/><W47/><G11/><T68/><D68/><U110/><E10/><V52/><F130/><W12/><G12/><T41/><D13/><U74/><E14/><N who="2" m="9719" /><F124/><W60/><G60/><T83/><D5/><U63/><E51/><V76/><F76/><W40/><AGARI ba="0,0" hai="40,47,48,58,62,67,77,80,81,82,87" m="13383" machi="40" ten="30,2000,0" yaku="8,1,54,1" doraHai="131" who="3" fromWho="3" sc="250,-10,250,-5,250,-5,250,20" /><INIT seed="1,0,0,5,3,55" ten="240,245,245,270" oya="1" hai0="61,98,26,62,90,9,36,121,73,93,127,133,51" hai1="28,38,122,89,47,15,112,76,88,42,92,80,11" hai2="69,19,39,97,113,23,72,130,70,85,32,125,21" hai3="60,84,52,4,102,50,29,132,117,66,106,2,44"/><U118/><E112/><V119/><F85/><W126/><G132/><T59/><D36/><U30/><E118/><V131/><F97/><W79/><G117/><T94/><D73/><U101/><E122/><V96/><F96/><W115/><G115/><T114/><D114/><U10/><E101/><V87/><F87/><W34/><G126/><T86/><D133/><U107/><E107/><V68/><F68/><W24/><G4/><T82/><D127/><U109/><E109/><V57/><F57/><W105/><G2/><T77/><D121/><U104/><E104/><V6/><F6/><W16/><G102/><T5/><D94/><U99/><E89/><V40/><F40/><W91/><G79/><T7/><D7/><U65/><E65/><V8/><F8/><W31/><G31/><T123/><D123/><U27/><E15/><V35/><F19/><W63/><G16/><T58/><D51/><U54/><E54/><V49/><F49/><W74/><G63/><N who="0" m="24075" /><D26/><U33/><REACH who="1" step="1"/><E30/><REACH who="1" ten="240,235,245,270" step="2"/><V41/><F119/><W100/><G100/><T1/><D1/><U116/><E116/><V20/><F113/><W110/><G110/><T53/><D53/><U3/><E3/><V12/><F12/><W75/><G105/><T135/><D135/><U83/><E83/><V111/><F125/><W14/><G106/><T45/><D45/><U25/><E25/><V124/><F111/><W46/><G14/><N who="0" m="5423" /><D77/><U64/><E64/><V37/><F124/><W71/><G46/><T67/><D67/><U95/><E95/><AGARI ba="0,1" hai="24,29,34,44,50,52,60,66,71,74,75,84,91,95" machi="95" ten="30,2000,0" yaku="7,1,54,1" doraHai="55" who="3" fromWho="1" sc="240,0,235,-20,245,0,270,30" /><INIT seed="2,0,0,2,2,15" ten="240,215,245,300" oya="2" hai0="12,101,123,26,91,41,48,102,105,99,38,77,82" hai1="130,8,3,108,56,75,111,68,114,29,98,40,46" hai2="69,31,106,118,55,112,88,64,71,11,61,121,100" hai3="39,60,80,34,126,73,52,30,43,113,14,42,84"/><V132/><F121/><W47/><G73/><T125/><D123/><U72/><E68/><V129/><F118/><W70/><G126/><T81/><D125/><U51/><E114/><V135/><F112/><W35/><G113/><T67/><D38/><U1/><E29/><V4/><F31/><W103/><G103/><T86/><D67/><U27/><E27/><V134/><F129/><W95/><G43/><T131/><D131/><U110/><E130/><V66/><F55/><W49/><G30/><T90/><D90/><U5/><E1/><V117/><F117/><W65/><G95/><T97/><D26/><U0/><E0/><V13/><F88/><N who="3" m="51207" /><G14/><T58/><D12/><U115/><E115/><V116/><F116/><W23/><G23/><T78/><D41/><U104/><REACH who="1" step="1"/><E56/><AGARI ba="0,0" hai="34,35,39,42,47,49,52,56,60,65,70" m="51207" machi="56" ten="30,3900,0" yaku="24,1,54,2" doraHai="15" who="3" fromWho="1" sc="240,0,215,-39,245,0,300,39" /><INIT seed="3,0,0,3,3,75" ten="240,176,245,339" oya="3" hai0="119,128,66,101,116,44,8,69,1,13,107,50,16" hai1="43,40,57,78,122,64,95,94,54,29,90,106,27" hai2="55,91,125,131,3,4,39,103,123,121,41,84,81" hai3="99,30,133,104,12,115,98,20,19,14,86,108,2"/><W67/><G115/><T110/><D110/><U34/><E122/><N who="2" m="46603" /><F103/><W15/><G2/><T105/><D128/><U33/><E106/><V25/><F125/><W18/><G133/><T48/><D48/><U102/><E34/><V61/><F25/><N who="3" m="16679" /><G104/><N who="0" m="40011" /><D101/><U134/><E134/><V117/><F117/><N who="0" m="45130" /><D66/><U62/><E102/><V79/><F55/><W89/><G67/><T63/><D63/><U74/><E64/><V83/><F61/><W5/><G5/><T93/><D93/><U118/><E95/><V127/><F127/><W85/><G85/><T52/><D1/><U45/><E118/><V70/><F70/><W53/><G53/><T109/><D69/><U7/><E7/><V124/><F131/><W72/><G72/><T37/><D37/><U68/><E68/><V58/><F4/><W112/><G108/><T11/><D11/><U32/><E32/><V49/><F3/><W96/><G112/><T38/><D109/><U92/><E92/><AGARI ba="0,0" hai="12,14,15,18,19,86,89,92,96,98,99" m="16679" machi="92" ten="30,1500,0" yaku="8,1" doraHai="75" who="3" fromWho="1" sc="240,0,176,-15,245,0,339,15" owari="240,-16.0,161,-33.9,245,4.5,354,45.4" /></mjloggm>