<mjloggm ver="2.3"><GO type="225" lobby="0"/><UN n0="%E6%AB%BB%E4%BA%95%E5%A5%8F" n1="%33%74%72%65%65" n2="%E5%8F%AF%E5%85%90%E9%82%A3%E7%94%B1%E5%A4%9A" n3="%E3%81%A8%E3%82%93%E3%81%A8%E3%81%93%E3%81%A8%E3%82%93" dan="17,16,17,16" rate="2223.17,2118.76,2244.21,2124.06" sx="M,F,F,M"/><TAIKYOKU oya="0"/><INIT seed="0,0,0,5,2,107" ten="250,250,250,250" oya="0" hai0="99,28,47,11,57,29,101,122,5,53,111,75,55" hai1="43,25,87,39,27,94,133,34,98,61,90,45,115" hai2="112,67,97,1,95,121,21,120,9,42,129,8,15" hai3="126,84,86,92,119,104,19,132,58,13,44,77,71"/><T0/><D122/><U109/><E109/><V24/><F112/><W54/><G119/><T36/><D111/><U48/><E115/><V79/><F129/><W20/><G71/><T23/><D75/><U46/><E133/><V89/><F1/><W70/><G70/><T72/><D72/><U52/><E34/><V130/><F130/><W69/><G69/><T7/><D7/><U22/><E61/><V10/><F67/><W40/><G104/><T26/><D29/><U74/><E74/><V116/><F116/><W59/><G126/><T41/><REACH who="0" step="1"/><D57/><REACH who="0" ten="240,250,250,250" step="2"/><U100/><REACH who="1" step="1"/><E22/><REACH who="1" ten="240,240,250,250" step="2"/><V96/><F121/><W64/><G132/><T38/><D38/><U2/><E2/><V76/><F120/><W103/><G20/><T85/><D85/><U66/><E66/><V118/><F118/><W134/><G134/><T82/><D82/><AGARI ba="0,2" hai="25,27,39,43,45,46,48,52,82,87,90,94,98,100" machi="82" ten="30,7700,0" yaku="1,1,7,1,54,1,53,1" doraHai="107" doraHaiUra="81" who="1" fromWho="0" sc="240,-77,240,97,250,0,250,0" /><INIT seed="1,0,0,3,1,119" ten="163,337,250,250" oya="1" hai0="24,127,62,25,87,61,19,92,27,43,23,125,7" hai1="32,56,82,41,46,135,11,96,52,102,9,63,89" hai2="71,81,42,14,104,113,6,94,106,57,123,51,66" hai3="95,98,64,3,34,12,100,74,114,108,86,126,48"/><U26/><E135/><V84/><F113/><W90/><G3/><T65/><D7/><U72/><E32/><V30/><F71/><W129/><G114/><T49/><D125/><U101/><E26/><V132/><F132/><W5/><G34/><T67/><D127/><U124/><E124/><V112/><F30/><W40/><G126/><T83/><D92/><U53/><E53/><V0/><F0/><W22/><G74/><T8/><D8/><U69/><E69/><V99/><F112/><W134/><G134/><T80/><D49/><N who="1" m="26831" /><E72/><V130/><F130/><W44/><G108/><T16/><D43/><U58/><E58/><V13/><F123/><W116/><G116/><T47/><D47/><U121/><E121/><V133/><F133/><W91/><G129/><T97/><D97/><U107/><E107/><V120/><F120/><W2/><G2/><T110/><D110/><U55/><E55/><N who="2" m="31999" /><F66/><W50/><G64/><T79/><D83/><U35/><E35/><V122/><F42/><W17/><G5/><T54/><D54/><U73/><E73/><V33/><F33/><W4/><G4/><T36/><D36/><U105/><E105/><N who="2" m="40555" /><F6/><W59/><G86/><T131/><D131/><U85/><E96/><V88/><F122/><W115/><G115/><T75/><D65/><U29/><E29/><V68/><F68/><W38/><G38/><T21/><D75/><U111/><E111/><V1/><F1/><W128/><G128/><T31/><D67/><U39/><E39/><V37/><F37/><N who="3" m="21519" /><G59/><T18/><D31/><U10/><AGARI ba="0,0" hai="9,10,11,52,56,63,82,85,89,101,102" m="26831" machi="10" ten="30,3000,0" yaku="8,1,54,1" doraHai="119" who="1" fromWho="1" sc="163,-10,337,30,250,-10,250,-10" /><INIT seed="1,1,0,1,3,29" ten="153,367,240,240" oya="1" hai0="56,84,1,42,38,34,91,104,110,13,32,72,37" hai1="36,2,70,31,55,131,10,81,16,92,135,127,25" hai2="44,112,75,3,80,113,93,111,109,101,54,117,51" hai3="62,57,39,43,134,116,115,69,4,90,132,78,7"/><U48/><E36/><V30/><F3/><W19/><G115/><N who="2" m="44105" /><F117/><W61/><G116/><T63/><D1/><U5/><E70/><V103/><F30/><W14/><G69/><T0/><D0/><U118/><E118/><V45/><F45/><N who="3" m="23807" /><G90/><T83/><D110/><N who="2" m="41994" /><F93/><W77/><G4/><T133/><D133/><N who="3" m="51305" /><G7/><T129/><D129/><U120/><E131/><V130/><F130/><W18/><G62/><T9/><D104/><U94/><E5/><V52/><F54/><N who="3" m="33975" /><G19/><T12/><D72/><U102/><E135/><V35/><F35/><W97/><G97/><T122/><D122/><U126/><E120/><V53/><F53/><W41/><G41/><T6/><D38/><U66/><E55/><V17/><F17/><W121/><G121/><T68/><D68/><U89/><E16/><V107/><F107/><W96/><G96/><T49/><D37/><U74/><E31/><V50/><F50/><W88/><G88/><T119/><D119/><U8/><E48/><V82/><F82/><W26/><G26/><T79/><D42/><U100/><E25/><V23/><F23/><AGARI ba="1,0" hai="14,18,23,77,78" m="33975,51305,23807" machi="23" ten="30,1000,0" yaku="20,1" doraHai="29" who="3" fromWho="2" sc="153,0,367,0,240,-13,240,13" /><INIT seed="2,0,0,1,2,55" ten="153,367,227,253" oya="2" hai0="84,18,110,92,4,105,22,87,121,29,90,68,102" hai1="12,72,74,91,60,117,96,82,61,65,126,64,53" hai2="48,99,80,52,38,83,69,62,34,107,103,76,35" hai3="46,11,59,21,2,47,33,67,114,109,15,133,44"/><V100/><F38/><W81/><G33/><T108/><D68/><U93/><E117/><V106/><F69/><W113/><G109/><T78/><D121/><U13/><E126/><V58/><F83/><W120/><G120/><T66/><D108/><U97/><E53/><V95/><F62/><W123/><G123/><T3/><D110/><U36/><E36/><V25/><F25/><W70/><G70/><T56/><D29/><U125/><E125/><V23/><F23/><W122/><G122/><T54/><D66/><U111/><E111/><V16/><F16/><N who="3" m="10399" /><G81/><T7/><D3/><U135/><E82/><V75/><F95/><W134/><G11/><T50/><D78/><U101/><E135/><N who="3" m="51722" /><G2/><T119/><D119/><U118/><E118/><V41/><F41/><W43/><G43/><T124/><D124/><U5/><E5/><V98/><AGARI ba="0,0" hai="34,35,48,52,58,75,76,80,98,99,100,103,106,107" machi="98" ten="30,11700,0" yaku="0,1,9,1,52,1,54,1" doraHai="55" who="2" fromWho="2" sc="153,-39,367,-39,227,117,253,-39" /><INIT seed="2,1,0,3,1,95" ten="114,328,344,214" oya="2" hai0="7,99,117,28,88,5,79,56,16,64,39,73,113" hai1="15,65,8,36,98,43,96,9,80,132,12,60,105" hai2="62,22,41,121,6,54,120,71,125,83,23,10,87" hai3="109,123,59,30,63,0,129,102,24,29,51,55,48"/><V81/><F41/><W131/><G123/><T104/><D39/><U44/><E132/><V115/><F115/><W112/><G0/><T130/><D113/><U21/><E80/><V126/><F71/><W94/><G112/><T58/><D130/><N who="3" m="49673" /><G109/><T13/><D117/><U20/><E105/><V3/><F62/><W135/><G135/><T127/><D127/><N who="2" m="48650" /><F54/><W93/><G30/><T17/><D104/><U110/><E110/><V101/><F101/><W91/><G102/><T97/><D79/><U25/><E60/><V86/><F83/><W33/><G94/><N who="0" m="56519" /><D73/><U82/><E82/><V11/><F87/><AGARI ba="1,0" hai="24,29,33,48,51,55,59,63,87,91,93" m="49673" machi="87" ten="30,1000,0" yaku="19,1" doraHai="95" who="3" fromWho="2" sc="114,0,328,0,344,-13,214,13" /><INIT seed="3,0,0,1,2,63" ten="114,328,331,227" oya="3" hai0="104,61,106,38,51,82,120,103,115,93,119,42,11" hai1="76,113,64,121,66,134,40,98,91,49,73,95,13" hai2="39,27,30,131,23,94,111,97,9,88,78,29,41" hai3="74,50,60,101,127,36,96,72,102,117,126,69,0"/><W109/><G36/><T56/><D119/><U108/><E121/><V3/><F111/><W59/><G0/><T135/><D120/><U16/><E113/><V84/><F131/><W20/><G117/><T133/><D38/><U128/><E108/><V90/><F39/><W100/><G109/><T79/><D115/><U31/><E128/><V65/><F41/><W37/><G37/><T18/><D93/><U43/><E134/><V4/><F65/><N who="1" m="25193" /><E73/><N who="3" m="28266" /><G69/><T124/><D124/><N who="3" m="47657" /><G20/><T34/><D34/><U67/><E67/><V71/><F71/><W32/><G32/><T10/><D104/><U86/><E31/><V62/><F62/><W48/><G96/><T125/><D125/><U17/><E49/><V75/><F75/><W118/><G118/><T130/><D130/><U129/><E129/><V47/><F47/><W123/><G123/><T81/><D81/><N who="1" m="47399" /><E17/><V33/><F78/><W77/><G77/><T45/><D133/><U132/><E132/><V87/><F30/><W68/><G68/><T80/><D135/><U110/><E110/><V1/><F1/><W52/><AGARI ba="0,0" hai="48,50,52,59,60,100,101,102" m="47657,28266" machi="52" ten="40,3900,0" yaku="18,1,54,1" doraHai="63" who="3" fromWho="3" sc="114,-13,328,-13,331,-13,227,39" /><INIT seed="3,1,0,2,0,41" ten="101,315,318,266" oya="3" hai0="104,98,29,58,113,28,123,110,6,86,114,105,119" hai1="55,38,51,2,37,47,108,56,107,116,122,49,130" hai2="129,19,40,80,96,32,8,121,48,60,85,128,67" hai3="70,33,35,25,94,93,20,12,71,7,133,99,11"/><W30/><G133/><T87/><D6/><U39/><E107/><V127/><F32/><W112/><G112/><T18/><D58/><U34/><E34/><V103/><F127/><W95/><G35/><T75/><D18/><U0/><E122/><V3/><F121/><W44/><G99/><T91/><D123/><U82/><E108/><V100/><F48/><W21/><G21/><T72/><D98/><U16/><E130/><N who="2" m="50283" /><F40/><W76/><G76/><T111/><REACH who="0" step="1"/><D91/><REACH who="0" ten="91,315,318,266" step="2"/><U15/><E116/><AGARI ba="1,1" hai="28,29,72,75,86,87,104,105,110,111,113,114,116,119" machi="116" ten="25,6400,0" yaku="1,1,2,1,22,2,53,0" doraHai="41" doraHaiUra="132" who="0" fromWho="1" sc="91,77,315,-67,318,0,266,0" owari="168,-33.2,248,-15.2,318,41.8,266,6.6" /></mjloggm>