<mjloggm ver="2.3"><GO type="225" lobby="0"/><UN n0="%E6%A0%B9%E5%85%83%E3%81%8B%E3%82%89%E5%90%B9%E3%81%A3%E9%A3%9B%E3%81%B6" n1="%E3%81%BF%E3%81%BF%E3%81%9A" n2="%E5%AF%82%E5%AF%9E%E3%82%AE%E3%83%8D%E3%82%B9%E3%83%93%E3%83%BC%E3%83%AB" n3="%E9%B3%B3%E6%9D%B1%E3%81%AE%E3%81%86%E3%81%95%E3%81%8E%E3%81%95%E3%82%93" dan="17,17,16,17" rate="2210.08,2190.59,2158.50,2258.46" sx="F,M,M,M"/><TAIKYOKU oya="0"/><INIT seed="0,0,0,0,2,73" ten="250,250,250,250" oya="0" hai0="72,26,129,121,135,115,94,51,104,3,133,112,122" hai1="61,116,89,8,103,117,60,91,5,53,99,90,6" hai2="66,38,134,13,114,77,131,36,65,63,46,106,2" hai3="71,43,55,128,41,67,47,12,132,110,19,29,27"/><T45/><D3/><U48/><E116/><V16/><F2/><W42/><G110/><T10/><D10/><U34/><E34/><V81/><F114/><N who="0" m="43562" /><D26/><U23/><E117/><V15/><F106/><W105/><G128/><T74/><D129/><U28/><E28/><V70/><F131/><W87/><G132/><N who="0" m="50763" /><D104/><U32/><E32/><V39/><F66/><W119/><G67/><T21/><D21/><U14/><E5/><V120/><F120/><N who="0" m="46186" /><D51/><U92/><REACH who="1" step="1"/><E23/><REACH who="1" ten="250,240,250,250" step="2"/><V50/><F134/><W85/><G29/><T93/><D45/><AGARI ba="0,1" hai="6,8,14,45,48,53,60,61,89,90,91,92,99,103" machi="45" ten="40,8000,1" yaku="1,1,2,1,8,1,53,1" doraHai="73" doraHaiUra="4" who="1" fromWho="0" sc="250,-80,240,90,250,0,250,0" /><INIT seed="1,0,0,3,4,122" ten="170,330,250,250" oya="1" hai0="73,60,42,105,101,62,63,37,102,29,90,7,119" hai1="69,95,128,117,57,66,92,81,40,130,109,36,112" hai2="21,38,121,134,123,13,39,103,135,8,2,49,74" hai3="126,3,97,85,64,54,118,88,53,131,47,59,1"/><U100/><E112/><V31/><F74/><W132/><G131/><T25/><D73/><U124/><E117/><V78/><F78/><W50/><G118/><T51/><D119/><U89/><E69/><V111/><F103/><W125/><G64/><T133/><D133/><N who="2" m="50698" /><F49/><N who="3" m="28991" /><G97/><T91/><D37/><N who="2" m="13834" /><F2/><W35/><G35/><T93/><D7/><U10/><E40/><V9/><F111/><W34/><G34/><T23/><D105/><U6/><E109/><V71/><F71/><W127/><G132/><T68/><D68/><U5/><E36/><V15/><F31/><W110/><G110/><T120/><D120/><N who="2" m="46154" /><F21/><W96/><G96/><T113/><D113/><U14/><E100/><N who="0" m="38505" /><D93/><AGARI ba="0,0" hai="1,3,50,53,59,85,88,93,125,126,127" m="28991" machi="93" ten="30,2000,0" yaku="18,1,54,1" doraHai="122" who="3" fromWho="0" sc="170,-20,330,0,250,0,250,20" /><INIT seed="2,0,0,1,5,79" ten="150,330,250,270" oya="2" hai0="118,92,126,105,74,38,24,53,104,73,109,114,102" hai1="55,7,100,91,11,58,88,27,129,61,133,43,40" hai2="76,121,59,26,36,32,131,35,66,44,63,28,49" hai3="81,47,9,4,110,5,103,45,124,99,14,6,117"/><V57/><F131/><W106/><G110/><T127/><D38/><U80/><E129/><V68/><F121/><W18/><G117/><T62/><D118/><U134/><E100/><V8/><F35/><W72/><REACH who="3" step="1"/><G124/><REACH who="3" ten="150,330,250,260" step="2"/><N who="0" m="47659" /><D114/><U20/><E134/><V33/><F33/><W132/><G132/><T113/><D113/><U112/><E133/><V21/><F32/><W50/><G50/><T23/><D109/><U3/><E112/><V78/><F36/><W31/><G31/><N who="0" m="17823" /><D62/><U19/><REACH who="1" step="1"/><E91/><REACH who="1" ten="150,320,250,260" step="2"/><V1/><F78/><AGARI ba="0,2" hai="4,5,6,9,14,18,45,47,72,78,81,99,103,106" machi="78" ten="40,2600,0" yaku="1,1,52,1,53,0" doraHai="79" doraHaiUra="34" who="3" fromWho="2" sc="150,0,320,0,250,-26,260,46" /><INIT seed="3,0,0,4,2,78" ten="150,320,224,306" oya="3" hai0="95,66,107,104,76,82,119,30,3,48,23,19,129" hai1="114,84,50,33,103,45,108,85,81,49,98,6,2" hai2="47,22,124,97,40,42,120,100,29,69,88,130,7" hai3="127,91,125,56,52,86,112,64,18,34,65,75,93"/><W134/><G112/><T72/><D119/><U43/><E114/><V5/><F69/><W122/><G122/><T115/><D115/><U73/><E33/><V25/><F120/><W80/><G34/><T32/><D129/><U27/><E27/><V38/><F130/><W96/><G75/><T118/><D118/><U57/><E108/><V116/><F116/><W83/><G134/><T55/><D3/><U74/><E85/><V105/><F124/><N who="3" m="47691" /><G18/><T132/><D132/><U53/><E2/><V68/><F68/><W14/><G14/><T21/><D66/><N who="3" m="25705" /><G86/><T135/><D135/><U92/><E6/><V63/><F63/><AGARI ba="0,0" hai="52,56,63,80,83,91,93,96" m="25705,47691" machi="63" ten="30,11600,0" yaku="18,1,52,2,54,1" doraHai="78" who="3" fromWho="2" sc="150,0,320,0,224,-116,306,116" owari="150,-25.0,320,12.0,108,-39.2,422,52.2" /></mjloggm>