<mjloggm ver="2.3"><GO type="225" lobby="0"/><UN n0="%E4%BA%95%E5%B8%AF" n1="%68%6F%72%69%30%39%30%31" n2="%E3%81%BF%E3%81%BF%E3%81%9A" n3="%E9%B3%B3%E6%9D%B1%E3%81%AE%E3%81%86%E3%81%95%E3%81%8E%E3%81%95%E3%82%93" dan="16,16,16,17" rate="2074.38,2112.60,2150.22,2262.68" sx="M,F,M,M"/><TAIKYOKU oya="0"/><INIT seed="0,0,0,2,4,88" ten="250,250,250,250" oya="0" hai0="119,68,4,7,105,0,11,2,36,71,40,28,96" hai1="93,114,113,107,55,13,94,19,30,39,118,92,78" hai2="126,77,70,128,73,75,85,99,54,83,63,100,109" hai3="80,123,61,74,72,121,133,47,41,25,20,5,49"/><T1/><D119/><U124/><E107/><V134/><F70/><N who="0" m="26666" /><D28/><U33/><E118/><V130/><F63/><W24/><G133/><T59/><D59/><U62/><E39/><V50/><F109/><W22/><G5/><T9/><D0/><U82/><E62/><V15/><F15/><W56/><G20/><T8/><D9/><N who="1" m="6575" /><E55/><V115/><F115/><N who="1" m="44041" /><E124/><V45/><F126/><W58/><G58/><T135/><D135/><U6/><E6/><V117/><F134/><W43/><G43/><T29/><D29/><U18/><E18/><V97/><F97/><W26/><G22/><T3/><D1/><U89/><E30/><V66/><F66/><N who="3" m="39207" /><G80/><T32/><D32/><U51/><E51/><V69/><F69/><W81/><G81/><T38/><D40/><U64/><E64/><V10/><F10/><W44/><G44/><T132/><D132/><U86/><E33/><V125/><F117/><W34/><G34/><T12/><D12/><U116/><E116/><V46/><F125/><W98/><G98/><AGARI ba="0,0" hai="78,82,86,89,92,93,94,98" m="44041,6575" machi="98" ten="30,7700,0" yaku="11,1,52,3" doraHai="88" who="1" fromWho="3" sc="250,0,250,77,250,0,250,-77" /><INIT seed="1,0,0,3,3,15" ten="250,327,250,173" oya="1" hai0="135,48,10,85,112,27,29,38,4,111,12,5,56" hai1="95,103,69,128,23,110,36,54,96,102,89,101,77" hai2="7,6,32,71,37,47,26,76,105,21,130,35,68" hai3="118,97,42,43,86,1,80,82,121,55,122,24,74"/><U104/><E69/><V39/><F105/><W50/><G1/><T116/><D112/><U62/><E36/><V134/><F76/><W65/><G118/><T88/><D116/><U115/><E115/><V129/><F21/><W72/><G65/><T44/><D111/><U66/><E66/><V8/><F47/><W123/><G97/><T25/><D135/><U17/><E128/><V53/><F26/><W16/><G43/><T73/><D73/><U20/><E77/><V83/><F83/><W60/><G60/><T61/><D38/><U14/><E110/><V28/><F53/><W3/><G3/><T114/><D114/><U52/><E104/><V75/><F8/><W120/><G42/><N who="0" m="24599" /><D4/><U59/><E54/><V63/><F63/><W9/><N who="3" m="30720" /><DORA hai="113" /><W90/><G82/><N who="0" m="49207" /><D29/><U58/><E59/><V46/><F46/><N who="3" m="28119" /><G24/><T22/><D22/><AGARI ba="0,0" hai="14,17,20,22,23,52,58,62,89,95,96,101,102,103" machi="22" ten="40,7700,0" yaku="8,1,52,1,54,1" doraHai="15,113" who="1" fromWho="0" sc="250,-77,327,77,250,0,173,0" /><INIT seed="1,1,0,0,1,84" ten="173,404,250,173" oya="1" hai0="126,67,3,49,100,29,64,92,127,39,37,6,16" hai1="18,104,11,17,40,19,43,71,35,96,111,44,131" hai2="42,0,125,62,61,73,98,72,23,10,115,30,133" hai3="86,56,79,93,48,105,110,5,14,76,50,31,66"/><U87/><E71/><V58/><F42/><W95/><G110/><T7/><D29/><U112/><E35/><V57/><F125/><N who="0" m="47626" /><D49/><N who="3" m="19049" /><G105/><T114/><D114/><U89/><E112/><V124/><F115/><W46/><G46/><T70/><D70/><U22/><E11/><V75/><F124/><W134/><G134/><T36/><D3/><U59/><E59/><V32/><F32/><W91/><G31/><T109/><D109/><U20/><E104/><V63/><F133/><W21/><G95/><T129/><D129/><U68/><E68/><V53/><F10/><N who="3" m="4431" /><G21/><T55/><D55/><U107/><E44/><V94/><F0/><W24/><G24/><T28/><D28/><U103/><E20/><V122/><F122/><W106/><G106/><T4/><D16/><U116/><E19/><V47/><F47/><W69/><G69/><T128/><D128/><U97/><E18/><V121/><F121/><W108/><G108/><T13/><D13/><U130/><E17/><V41/><F53/><W60/><AGARI ba="1,0" hai="56,60,66,76,79,86,91,93" m="4431,19049" machi="60" ten="30,2000,0" yaku="8,1,52,1" doraHai="84" who="3" fromWho="3" sc="173,-6,404,-11,250,-6,173,23" /><INIT seed="2,0,0,1,4,54" ten="167,393,244,196" oya="2" hai0="36,21,118,25,129,58,26,113,55,79,97,121,3" hai1="33,49,132,112,35,56,40,23,41,24,72,13,131" hai2="81,110,103,52,48,127,85,30,46,51,119,11,65" hai3="94,74,108,15,99,117,67,88,60,109,93,107,44"/><V92/><F119/><W53/><G117/><T133/><D118/><U63/><E72/><V80/><F127/><W6/><G74/><T123/><D113/><U62/><E112/><V37/><F37/><W90/><G107/><T17/><D129/><U106/><E106/><V104/><F104/><W125/><G125/><T29/><D133/><U84/><E84/><V22/><F65/><W69/><G6/><T130/><D130/><U96/><E96/><N who="2" m="59783" /><F110/><N who="3" m="42603" /><G15/><T128/><D128/><U14/><E132/><V45/><F11/><W47/><G53/><T87/><D3/><U42/><E131/><V7/><F7/><W115/><G115/><T32/><D97/><AGARI ba="0,0" hai="44,47,60,67,69,88,90,93,94,97,99" m="42603" machi="97" ten="30,2000,0" yaku="14,1,54,1" doraHai="54" who="3" fromWho="0" sc="167,-20,393,0,244,0,196,20" /><INIT seed="3,0,0,1,4,11" ten="147,393,244,216" oya="3" hai0="92,112,89,88,117,24,45,47,116,71,25,83,100" hai1="55,5,128,36,127,19,125,68,101,30,29,133,82" hai2="78,33,99,130,132,95,13,56,3,113,76,43,32" hai3="17,110,93,115,91,16,18,38,52,39,57,81,119"/><W120/><G115/><T79/><D71/><U40/><E101/><V31/><F3/><W4/><G119/><T14/><D112/><U62/><E5/><V74/><F113/><W67/><G120/><T35/><D35/><U131/><E19/><V111/><F43/><W77/><G67/><T20/><D100/><U58/><E68/><V90/><F130/><N who="1" m="49705" /><E82/><V103/><F31/><N who="1" m="11785" /><E133/><V123/><F132/><W48/><G4/><T51/><D92/><U134/><E134/><V2/><F2/><W49/><G49/><T72/><D117/><U27/><E27/><V0/><F0/><W1/><G1/><T61/><D116/><U80/><E80/><V70/><F70/><W86/><REACH who="3" step="1"/><G110/><REACH who="3" ten="147,393,244,206" step="2"/><T28/><D61/><U10/><E10/><V96/><F123/><W21/><G21/><T42/><D24/><U73/><E73/><AGARI ba="0,1" hai="16,17,18,38,39,48,52,57,73,77,81,86,91,93" machi="73" ten="40,12000,1" yaku="1,1,54,2,53,1" doraHai="11" doraHaiUra="54" who="3" fromWho="1" sc="147,0,393,-120,244,0,206,130" owari="147,-35.3,273,7.3,244,-15.6,336,43.6" /></mjloggm>