<mjloggm ver="2.3"><GO type="225" lobby="0"/><UN n0="%EF%BC%AE%EF%BC%A1%EF%BC%AF%33%33%39" n1="%E3%81%B5%E3%81%98%E3%81%8B%E3%81%A4" n2="%61%67%65%48%61" n3="%E8%B1%86%59%E5%A4%AA%E9%83%8E" dan="17,16,16,16" rate="2136.99,2184.78,2117.54,2081.42" sx="M,M,M,M"/><TAIKYOKU oya="0"/><INIT seed="0,0,0,0,4,22" ten="250,250,250,250" oya="0" hai0="19,113,124,89,50,13,24,93,98,112,73,74,70" hai1="101,32,60,133,56,38,4,61,51,53,102,64,83" hai2="6,104,120,109,132,86,0,90,88,48,47,121,18" hai3="23,9,34,85,119,17,68,84,37,135,91,42,78"/><T66/><D124/><U87/><E38/><V11/><F104/><W63/><G34/><T75/><D50/><U107/><E133/><V52/><F132/><W123/><G119/><T134/><D134/><U28/><E4/><V15/><F109/><W33/><G33/><T8/><D66/><U106/><E60/><V40/><F40/><W45/><G9/><T97/><D70/><U114/><E114/><V55/><F55/><W103/><G103/><T117/><D117/><U69/><E102/><V95/><REACH who="2" step="1"/><F90/><REACH who="2" ten="250,250,240,250" step="2"/><W77/><G135/><T125/><D125/><U43/><E43/><V94/><F94/><W118/><G118/><T20/><REACH who="0" step="1"/><D98/><REACH who="0" ten="240,250,240,250" step="2"/><U127/><E127/><V67/><F67/><W44/><G42/><T96/><D96/><U21/><E64/><V99/><F99/><W71/><G37/><T59/><D59/><U111/><E56/><V72/><F72/><W80/><G71/><T27/><D27/><U130/><E69/><V10/><AGARI ba="0,2" hai="0,6,10,11,15,18,47,48,52,86,88,95,120,121" machi="10" ten="20,12000,2" yaku="1,1,0,1,7,1,54,2,53,1" doraHai="22" doraHaiUra="81" who="2" fromWho="2" sc="240,-60,250,-30,240,140,250,-30" /><INIT seed="1,0,0,0,5,5" ten="180,220,380,220" oya="1" hai0="75,62,50,84,131,33,117,109,118,68,100,34,53" hai1="63,29,105,67,78,16,59,93,103,49,47,56,107" hai2="91,0,2,38,54,45,83,104,124,112,120,1,79" hai3="31,22,66,126,9,108,77,89,106,55,119,3,82"/><U11/><E29/><V10/><F120/><W113/><G106/><T130/><D75/><U58/><E78/><V96/><F124/><W35/><G113/><T13/><D100/><U128/><E128/><N who="0" m="49193" /><D84/><U43/><E107/><V123/><F123/><W116/><G66/><N who="0" m="41047" /><D33/><U69/><E105/><V17/><F112/><W23/><G89/><T125/><D34/><U52/><E103/><V70/><F70/><W90/><G108/><T101/><D101/><U8/><E93/><V73/><F104/><W115/><G90/><T92/><D92/><U25/><REACH who="1" step="1"/><E43/><REACH who="1" ten="180,210,380,220" step="2"/><V98/><F91/><W32/><G31/><T72/><D72/><U26/><E26/><V7/><F73/><W127/><G77/><T51/><D125/><U4/><E4/><V15/><F79/><W129/><G129/><T86/><D118/><U64/><E64/><V37/><F7/><W46/><G115/><T95/><D95/><U41/><E41/><V44/><F83/><W21/><G126/><T80/><D117/><U122/><E122/><V60/><F0/><W24/><G82/><T111/><D13/><U48/><E48/><N who="0" m="18473" /><D53/><U85/><E85/><V110/><F54/><W27/><G127/><T76/><AGARI ba="0,1" hai="76,80,86,109,111" m="18473,41047,49193" machi="76" ten="30,1100,0" yaku="19,1" doraHai="5" who="0" fromWho="0" sc="180,21,210,-5,380,-3,220,-3" /><INIT seed="2,0,0,2,2,39" ten="201,205,377,217" oya="2" hai0="106,43,16,79,94,24,122,12,99,114,82,118,119" hai1="30,117,57,60,5,14,71,20,51,23,65,134,86" hai2="32,98,15,113,103,93,53,37,11,8,116,131,33" hai3="126,9,36,129,125,78,35,48,100,28,80,73,7"/><V63/><F113/><W34/><G48/><T90/><D114/><U72/><E72/><V105/><F116/><N who="0" m="44586" /><D122/><U121/><E117/><V112/><F112/><W76/><G129/><T102/><D24/><U1/><E1/><V96/><F131/><W95/><G78/><T128/><D128/><U89/><E121/><V44/><F37/><W31/><G95/><T29/><D29/><U67/><E134/><V4/><F8/><W42/><G100/><T64/><D64/><N who="1" m="38927" /><E71/><V68/><F68/><W74/><G73/><T133/><D133/><U0/><E0/><V92/><F105/><W135/><G31/><T69/><D69/><U54/><E30/><V81/><F81/><W38/><G38/><T75/><D43/><U87/><E87/><V85/><F85/><W101/><G101/><T52/><D52/><U130/><E130/><V88/><F63/><W25/><G35/><T84/><D12/><U47/><E67/><V41/><F41/><W27/><G27/><T104/><D16/><N who="1" m="10263" /><E65/><V107/><REACH who="2" step="1"/><F107/><AGARI ba="0,0" hai="75,79,82,84,90,94,99,102,104,106,107" m="44586" machi="107" ten="30,7700,0" yaku="24,1,12,1,34,2" doraHai="39" who="0" fromWho="2" sc="201,77,205,0,377,-77,217,0" /><INIT seed="3,0,0,4,3,64" ten="278,205,300,217" oya="3" hai0="6,22,101,17,128,14,85,123,131,9,20,21,49" hai1="120,18,60,79,78,40,27,11,92,61,38,62,102" hai2="65,19,93,34,84,127,29,121,126,77,7,86,89" hai3="95,13,8,2,90,51,31,133,118,106,111,114,3"/><W68/><G106/><T110/><D101/><U46/><E120/><V115/><F121/><W113/><G118/><T47/><D123/><U28/><E18/><V81/><F115/><W98/><G133/><T99/><D99/><U55/><E11/><V76/><F76/><W32/><G68/><T80/><D110/><U23/><REACH who="1" step="1"/><E55/><REACH who="1" ten="278,195,300,217" step="2"/><V88/><F19/><N who="3" m="8615" /><G111/><T71/><D71/><U94/><E94/><V91/><F93/><W73/><G114/><T107/><D107/><U50/><E50/><V26/><F65/><W56/><G113/><T0/><D0/><U100/><E100/><V129/><F129/><W53/><G3/><T72/><D72/><U39/><E39/><V42/><F42/><W54/><G2/><T12/><D131/><U24/><E24/><V75/><F7/><W83/><G73/><T112/><D112/><U134/><E134/><V45/><F75/><W5/><G54/><T117/><D128/><U103/><E103/><V66/><F66/><W122/><G5/><T119/><D119/><U130/><E130/><V108/><F108/><W30/><G122/><T69/><D69/><U16/><E16/><V57/><F26/><N who="3" m="18519" /><G31/><T96/><D117/><U74/><E74/><V41/><F41/><W87/><G95/><T44/><D96/><AGARI ba="0,1" hai="23,27,28,38,40,46,60,61,62,78,79,92,96,102" machi="96" ten="40,1300,0" yaku="1,1,53,0" doraHai="64" doraHaiUra="124" who="1" fromWho="0" sc="278,-13,195,23,300,0,217,0" owari="265,6.5,218,-18.2,300,40.0,217,-28.3" /></mjloggm>