<mjloggm ver="2.3"><GO type="225" lobby="0"/><UN n0="%E4%BF%BA%E3%81%A8%E5%A6%96%E5%A4%A2" n1="%E3%81%BF%E3%81%BF%E3%81%9A" n2="%E6%B8%A9%E2%98%85%E6%83%85%E2%98%85%E6%8E%AA%E2%98%85%E7%BD%AE" n3="%E6%9D%B1%E9%A2%A8%E3%81%AE%E3%81%8D%E3%82%83%E3%81%B7%E3%81%95%E3%82%93" dan="17,18,18,17" rate="2178.69,2255.36,2215.84,2201.04" sx="F,M,M,M"/><TAIKYOKU oya="0"/><INIT seed="0,0,0,0,5,86" ten="250,250,250,250" oya="0" hai0="8,14,133,72,49,6,19,106,22,47,48,32,58" hai1="75,102,40,45,1,3,70,62,100,0,53,120,73" hai2="67,77,82,38,39,13,115,18,125,109,88,43,91" hai3="11,12,34,101,107,63,23,15,116,131,31,50,37"/><T87/><D72/><U46/><E120/><V92/><F115/><W90/><G37/><T29/><D106/><U9/><E9/><V52/><F109/><W95/><G34/><T112/><D112/><U114/><E114/><V21/><F125/><W10/><G107/><T64/><D133/><U30/><E30/><V135/><F135/><W69/><G101/><T61/><D47/><U28/><E28/><V55/><F67/><W98/><G116/><T65/><D65/><U78/><E78/><V33/><F33/><W97/><G131/><T81/><D29/><U128/><E128/><V4/><F4/><W60/><G50/><T132/><D32/><U121/><E121/><V93/><F39/><W16/><G98/><T122/><D122/><U2/><E2/><V104/><F104/><W27/><G69/><T20/><D20/><U124/><E124/><V105/><F105/><W24/><G24/><T79/><REACH who="0" step="1"/><D132/><REACH who="0" ten="240,250,250,250" step="2"/><U84/><E46/><V56/><F38/><W108/><G108/><T74/><D74/><U129/><E73/><V130/><F130/><W51/><G51/><T85/><D85/><U25/><E75/><V35/><F35/><W66/><G66/><T26/><AGARI ba="0,1" hai="6,8,14,19,22,26,48,49,58,61,64,79,81,87" machi="26" ten="20,12000,1" yaku="1,1,0,1,7,1,8,1,53,1" doraHai="86" doraHaiUra="80" who="0" fromWho="0" sc="240,130,250,-40,250,-40,250,-40" /><INIT seed="0,1,0,3,3,124" ten="370,210,210,210" oya="0" hai0="105,131,45,76,49,90,4,100,82,75,96,23,104" hai1="72,42,108,122,83,112,24,52,86,30,6,62,19" hai2="119,127,35,11,123,116,41,99,9,10,114,63,40" hai3="26,56,69,5,107,25,54,29,78,113,57,51,16"/><T103/><D4/><U125/><E122/><V135/><F123/><W88/><G107/><T20/><D131/><U87/><E125/><V58/><F114/><W120/><G69/><T53/><REACH who="0" step="1"/><D90/><REACH who="0" ten="360,210,210,210" step="2"/><U48/><E112/><V97/><F127/><W133/><G113/><T14/><D14/><U46/><E6/><V94/><F135/><W59/><G5/><T106/><D106/><U101/><E108/><V115/><F115/><W12/><G133/><T32/><D32/><U93/><E101/><N who="2" m="60599" /><F35/><W130/><G120/><T111/><D111/><U73/><E93/><V38/><F38/><W13/><G130/><T95/><D95/><U74/><E83/><V132/><F132/><W44/><G12/><T65/><D65/><U121/><E121/><V15/><F15/><W55/><G78/><T27/><D27/><U128/><E128/><V70/><F119/><W67/><G67/><T36/><D36/><U85/><E19/><V71/><F116/><W64/><G64/><T18/><D18/><U7/><E7/><V79/><F79/><W81/><G26/><T109/><D109/><U110/><E110/><V117/><F117/><W77/><G25/><T60/><D60/><U39/><E62/><V0/><F0/><W21/><G77/><T47/><D47/><N who="1" m="27679" /><E24/><V33/><F33/><W129/><G129/><T22/><D22/><U8/><E8/><V43/><F10/><W118/><G118/><T91/><D91/><U98/><E30/><V66/><F99/><AGARI ba="1,1" hai="20,23,45,49,53,75,76,82,96,99,100,103,104,105" machi="99" ten="40,12000,1" yaku="1,1,9,1,53,2" doraHai="124" doraHaiUra="92" who="0" fromWho="2" sc="360,133,210,0,210,-123,210,0" /><INIT seed="0,2,0,0,5,64" ten="493,210,87,210" oya="0" hai0="82,117,52,69,29,83,71,7,27,66,5,123,54" hai1="120,91,31,45,17,26,90,25,101,15,85,121,131" hai2="105,72,80,124,36,98,115,79,77,112,19,67,107" hai3="110,65,78,60,51,81,89,34,108,22,44,10,135"/><T47/><D117/><U106/><E131/><V68/><F36/><W118/><G34/><T132/><D123/><U11/><E91/><V57/><F57/><W18/><G10/><T39/><D132/><U14/><E26/><V73/><F19/><W21/><G89/><T30/><D66/><U127/><E127/><V100/><F124/><W114/><G135/><T88/><D39/><U59/><E59/><V56/><F56/><W119/><G114/><T49/><D88/><U2/><E2/><V48/><F48/><W93/><G93/><T76/><D27/><U20/><E106/><V87/><F107/><W92/><G92/><T130/><D130/><U33/><E101/><V129/><F129/><W50/><G81/><T32/><D32/><U43/><E15/><V1/><F1/><W125/><G78/><T103/><D103/><U16/><E17/><V9/><F9/><W23/><G125/><T0/><D0/><U111/><E111/><N who="3" m="42538" /><G18/><T37/><D37/><U8/><E121/><V13/><F13/><W58/><G50/><T24/><D24/><U102/><E102/><V4/><F4/><W128/><G128/><T113/><D49/><U95/><E120/><V61/><F87/><W97/><G97/><T53/><D113/><U40/><E40/><AGARI ba="2,0" hai="21,22,23,40,44,51,58,60,65,118,119" m="42538" machi="40" ten="30,1000,0" yaku="14,1" doraHai="64" who="3" fromWho="1" sc="493,0,210,-16,87,0,210,16" /><INIT seed="1,0,0,0,0,123" ten="493,194,87,226" oya="1" hai0="2,26,75,131,103,87,8,50,86,34,105,111,91" hai1="53,73,21,92,13,100,10,58,15,114,22,106,101" hai2="67,95,115,63,78,56,62,126,76,74,133,119,52" hai3="88,104,69,80,113,5,120,71,23,99,72,93,97"/><U98/><E114/><V1/><F119/><W108/><G5/><T44/><D75/><U117/><E117/><V31/><F115/><W81/><G23/><T18/><D131/><U40/><E73/><V66/><F1/><W102/><G113/><T109/><D103/><U59/><E40/><V17/><F133/><W0/><G0/><T46/><D105/><U112/><E112/><V27/><F126/><W122/><G69/><T16/><D2/><U83/><E83/><N who="3" m="31818" /><G71/><T125/><D125/><U47/><E101/><V132/><F132/><W90/><G72/><T129/><D129/><U96/><E96/><V84/><F74/><W24/><G24/><T77/><D77/><U37/><E106/><V57/><F17/><N who="0" m="6762" /><D8/><U124/><E124/><V82/><F95/><N who="3" m="56551" /><G108/><N who="0" m="41547" /><D91/><U7/><E15/><V68/><F78/><W60/><G60/><T107/><D107/><U9/><E9/><V64/><REACH who="2" step="1"/><F68/><REACH who="2" ten="493,194,77,226" step="2"/><W36/><G36/><T41/><D46/><U6/><E37/><V14/><F14/><W43/><G43/><T70/><D70/><U48/><E6/><V19/><F19/><W25/><G25/><T51/><D51/><U110/><E110/><V12/><F12/><W29/><G29/><AGARI ba="0,1" hai="26,29,34,41,44,50,86,87" m="41547,6762" machi="29" ten="30,8000,1" yaku="14,1,52,3,54,1" doraHai="123" who="0" fromWho="3" sc="493,90,194,0,77,0,226,-80" /><INIT seed="2,0,0,3,4,130" ten="583,194,77,146" oya="2" hai0="1,43,127,81,30,112,108,109,121,74,98,85,82" hai1="89,33,44,79,28,2,22,119,90,60,75,118,40" hai2="122,95,99,55,61,37,46,96,113,49,106,72,58" hai3="39,76,19,13,27,41,32,114,69,135,42,54,9"/><V100/><F113/><W84/><G114/><T133/><D1/><U23/><E60/><V62/><F122/><W15/><G69/><T131/><D121/><U0/><E33/><V11/><F72/><W94/><G39/><T134/><D112/><U31/><E79/><V52/><F37/><W92/><G135/><N who="0" m="51723" /><D30/><U63/><E63/><V35/><F35/><W45/><G32/><T38/><D131/><U88/><E90/><V104/><F11/><W115/><G27/><T111/><D127/><U102/><E44/><V117/><F117/><W120/><G120/><T5/><D5/><U67/><E40/><N who="3" m="15466" /><G15/><T132/><N who="0" m="51731" /><T53/><DORA hai="51" /><D53/><U71/><E67/><V83/><F83/><N who="3" m="47207" /><G115/><T110/><D110/><U14/><E31/><V3/><F3/><W93/><G45/><N who="0" m="23799" /><D74/><U97/><E28/><V91/><F62/><W77/><G77/><N who="0" m="46255" /><D82/><U6/><E75/><V73/><F73/><W25/><G54/><T103/><D111/><U50/><E0/><V105/><AGARI ba="0,0" hai="46,49,52,55,58,61,91,95,96,99,100,104,105,106" machi="105" ten="20,12000,1" yaku="0,1,7,1,52,2,54,1" doraHai="130,51" who="2" fromWho="2" sc="583,-40,194,-40,77,120,146,-40" /><INIT seed="2,1,0,4,2,113" ten="543,154,197,106" oya="2" hai0="60,86,119,122,99,91,2,43,33,100,92,89,40" hai1="76,14,58,57,26,46,109,18,121,38,127,96,69" hai2="111,79,29,11,51,21,132,8,114,0,131,94,35" hai3="16,39,81,53,73,23,19,62,126,125,10,124,64"/><V55/><F114/><W54/><G39/><T84/><D122/><U70/><E76/><V98/><F35/><W104/><G104/><T115/><D115/><U97/><E26/><N who="2" m="16591" /><F0/><W88/><G10/><T66/><D2/><U12/><E121/><V75/><F75/><W34/><G34/><T17/><D33/><U117/><E109/><V52/><F111/><W5/><G5/><T128/><D128/><U45/><E127/><V90/><F131/><W24/><G19/><T22/><D119/><U15/><E15/><V85/><F132/><W71/><G73/><T130/><D130/><U50/><E50/><V118/><F118/><W135/><G135/><T133/><D133/><U112/><E112/><V108/><F108/><W7/><G7/><T116/><D116/><U82/><E18/><V102/><F79/><W42/><G42/><T123/><D123/><U4/><E4/><V93/><F55/><W49/><G49/><T67/><D40/><U47/><E47/><AGARI ba="1,0" hai="8,11,47,51,52,85,90,93,94,98,102" m="16591" machi="47" ten="30,2900,0" yaku="8,1,54,1" doraHai="113" who="2" fromWho="1" sc="543,0,154,-32,197,32,106,0" /><INIT seed="2,2,0,0,3,95" ten="543,122,229,106" oya="2" hai0="79,125,128,96,109,40,135,66,49,32,13,65,59" hai1="87,117,22,118,25,47,6,1,124,3,99,88,36" hai2="24,53,111,90,46,75,34,129,8,121,83,63,92" hai3="12,48,107,116,9,67,74,112,106,21,77,97,93"/><V94/><F121/><W20/><G116/><T73/><D32/><U131/><E124/><V105/><F105/><W2/><G112/><T51/><D125/><U33/><E33/><V130/><F8/><W133/><G133/><T60/><D109/><U17/><E131/><V27/><F94/><W61/><G2/><T89/><D135/><U41/><E99/><N who="2" m="57751" /><F34/><W42/><G74/><T14/><D128/><U100/><E100/><V44/><F75/><W114/><G77/><T19/><D66/><U71/><E71/><V10/><F10/><W15/><G114/><T113/><D113/><U37/><E37/><V11/><F11/><W123/><G123/><T50/><D89/><U108/><E6/><V0/><F44/><W52/><G42/><T110/><D110/><U127/><E108/><V72/><F0/><W62/><G107/><T102/><D40/><U85/><E127/><V4/><F111/><W18/><G106/><T35/><D35/><U23/><E1/><V84/><F72/><W78/><G78/><T58/><D102/><U104/><E3/><V70/><F70/><W82/><G82/><T39/><D39/><U134/><E104/><V98/><F83/><W120/><G120/><T103/><D103/><U29/><E134/><V76/><F130/><W101/><G67/><T132/><D132/><U91/><E87/><V30/><F84/><W5/><G21/><T64/><D65/><U122/><E122/><V28/><F129/><W26/><G26/><T16/><D73/><U43/><E118/><V69/><F69/><W56/><AGARI ba="2,0" hai="5,9,12,15,18,20,48,52,56,61,62,93,97,101" machi="56" ten="20,8000,1" yaku="0,1,7,1,8,1,52,1,54,1" doraHai="95" who="3" fromWho="3" sc="543,-22,122,-22,229,-42,106,86" /><INIT seed="3,0,0,1,0,41" ten="521,100,187,192" oya="3" hai0="125,62,127,102,9,70,13,26,69,40,113,6,57" hai1="19,134,10,76,14,88,51,111,17,132,84,5,12" hai2="52,32,109,20,50,16,89,24,95,38,2,56,112" hai3="22,45,128,100,58,18,0,71,101,83,85,118,124"/><W4/><G71/><T42/><D113/><U75/><E111/><V29/><F112/><W33/><G33/><T94/><D26/><U122/><E122/><V115/><F115/><W36/><G58/><T73/><D73/><U74/><E76/><V27/><F109/><W66/><G66/><N who="0" m="39247" /><D69/><U61/><E61/><V133/><F133/><W98/><G118/><T1/><D70/><U3/><E3/><V79/><F79/><W121/><G121/><T25/><D25/><U110/><E110/><V63/><F38/><W117/><G117/><T130/><D1/><U126/><E126/><N who="0" m="48137" /><D130/><U80/><E5/><V96/><F2/><W129/><G124/><T67/><D67/><U23/><REACH who="1" step="1"/><E51/><AGARI ba="0,0" hai="16,20,24,27,29,32,50,51,52,56,63,89,95,96" machi="51" ten="40,8000,1" yaku="25,2,54,2" doraHai="41" who="2" fromWho="1" sc="521,0,100,-80,187,80,192,0" owari="521,62.1,20,-48.0,267,6.7,192,-20.8" /></mjloggm>