<mjloggm ver="2.3"><GO type="225" lobby="0"/><UN n0="%E8%A8%88%E7%AE%97%E6%A9%9F%E8%87%AA%E7%84%B6" n1="%E3%81%A1%E3%82%85%E3%81%86%E3%81%A9%E3%81%8F%E8%B1%A1%E3%81%95%E3%82%93" n2="%E3%83%AD%E3%83%83%E3%83%86%E9%9B%80%E7%90%83" n3="%E7%89%B9%E6%9D%B1%E3%81%AF%E4%B8%96%E7%95%8C%E3%82%92%E6%95%91%E3%81%86" dan="17,16,17,16" rate="2220.24,2091.71,2256.43,2155.57" sx="M,M,M,M"/><TAIKYOKU oya="0"/><INIT seed="0,0,0,3,5,98" ten="250,250,250,250" oya="0" hai0="56,12,125,97,51,26,37,123,14,108,114,78,6" hai1="91,102,0,54,52,128,88,1,130,100,118,105,86" hai2="64,53,106,48,117,85,89,73,24,15,50,2,120" hai3="63,21,72,99,131,101,60,49,67,19,82,65,69"/><T132/><D114/><U22/><E22/><V66/><F2/><W87/><G131/><N who="1" m="50218" /><E118/><V62/><F73/><W79/><G49/><T112/><D112/><U38/><E38/><V93/><F106/><W11/><G11/><T77/><D123/><U23/><E23/><V110/><F110/><W80/><G19/><T16/><D37/><U71/><E71/><V8/><F120/><W111/><G21/><N who="0" m="13607" /><D125/><U124/><E124/><V75/><F75/><W74/><G111/><T7/><D132/><U126/><E126/><V35/><F117/><W34/><G34/><T135/><D135/><U44/><E105/><V94/><F24/><W27/><G80/><T59/><D108/><U47/><E47/><V96/><F35/><W68/><REACH who="3" step="1"/><G27/><REACH who="3" ten="250,250,250,240" step="2"/><T116/><D116/><U61/><E61/><V46/><F62/><W83/><G83/><T43/><D51/><N who="1" m="28775" /><E54/><V76/><F50/><W122/><G122/><T107/><D43/><U33/><E33/><V28/><F48/><W81/><G81/><T29/><D29/><U18/><E18/><V134/><F28/><W104/><AGARI ba="0,1" hai="60,63,65,67,68,69,72,74,79,82,87,99,101,104" machi="104" ten="20,8000,1" yaku="1,1,0,1,7,1,9,1,52,1,53,0" doraHai="98" doraHaiUra="31" who="3" fromWho="3" sc="250,-40,250,-20,250,-20,240,90" /><INIT seed="1,0,0,1,3,104" ten="210,230,230,330" oya="1" hai0="50,72,100,96,0,29,44,60,133,41,18,78,81" hai1="71,22,20,97,79,16,11,49,48,7,31,94,25" hai2="61,43,12,131,76,126,6,122,108,129,55,90,64" hai3="10,54,27,30,135,75,59,47,113,36,38,53,127"/><U82/><E71/><V5/><F122/><W130/><G113/><T45/><D133/><U132/><E132/><V13/><F108/><W34/><G135/><T98/><D0/><U21/><E7/><N who="2" m="2571" /><F126/><W1/><G127/><T116/><D116/><U107/><E107/><V2/><F2/><W118/><G75/><T134/><D134/><U119/><E119/><V73/><F43/><W91/><G118/><T51/><D29/><U103/><E11/><V99/><F55/><W35/><G35/><T68/><D18/><U102/><E102/><V85/><F99/><W124/><G124/><T66/><REACH who="0" step="1"/><D100/><REACH who="0" ten="200,230,230,330" step="2"/><U37/><E37/><V65/><F131/><W95/><G30/><T40/><AGARI ba="0,1" hai="40,41,44,45,50,51,60,66,68,72,78,81,96,98" machi="40" ten="20,12000,2" yaku="1,1,2,1,0,1,7,1,9,1,52,1,53,0" doraHai="104" doraHaiUra="86" who="0" fromWho="0" sc="200,130,230,-60,230,-30,330,-30" /><INIT seed="2,0,0,2,3,64" ten="330,170,200,300" oya="2" hai0="58,38,39,49,29,78,48,14,95,63,73,60,0" hai1="126,21,107,128,35,113,67,40,46,76,57,100,116" hai2="134,92,75,31,7,133,6,108,117,28,37,11,130" hai3="97,3,112,94,131,19,9,118,18,53,25,123,15"/><V56/><F117/><W86/><G118/><T79/><D0/><U5/><E113/><V10/><F37/><W90/><G123/><T42/><D29/><N who="2" m="11338" /><F75/><W115/><G131/><T22/><D73/><U120/><E116/><V61/><F92/><W104/><G3/><T96/><D38/><U105/><E35/><V99/><F99/><W74/><G74/><T44/><D39/><U83/><E120/><V110/><F130/><W12/><G25/><T59/><D22/><U125/><E128/><V4/><F56/><N who="0" m="21546" /><D14/><U66/><E5/><V119/><F61/><N who="0" m="23626" /><D48/><U121/><E121/><V81/><F81/><W101/><REACH who="3" step="1"/><G53/><REACH who="3" ten="330,170,200,290" step="2"/><T30/><D30/><U72/><E125/><V77/><F119/><W52/><G52/><T70/><D70/><U27/><E126/><V51/><F51/><W20/><AGARI ba="0,1" hai="9,12,15,18,19,20,86,90,94,97,101,104,112,115" machi="20" ten="30,4000,0" yaku="1,1,0,1,53,1" doraHai="64" doraHaiUra="98" who="3" fromWho="3" sc="330,-10,170,-10,200,-20,290,50" /><INIT seed="3,0,0,0,2,74" ten="320,160,180,340" oya="3" hai0="114,109,27,135,67,63,17,14,12,122,117,80,129" hai1="64,124,7,95,133,130,30,61,2,8,46,40,101" hai2="110,26,1,43,52,98,120,9,115,107,81,37,11" hai3="88,97,5,66,65,50,29,4,69,16,3,100,56"/><W60/><G29/><T94/><D117/><U127/><E133/><V90/><F115/><W24/><G3/><T0/><D122/><U57/><E130/><V118/><F118/><W41/><G88/><T49/><D0/><U25/><E101/><V92/><F110/><W59/><G69/><T86/><D135/><U33/><REACH who="1" step="1"/><E95/><REACH who="1" ten="320,150,180,340" step="2"/><V83/><F120/><W112/><G100/><T91/><D129/><U126/><E126/><V19/><F107/><W73/><G112/><T119/><D114/><U22/><E22/><N who="2" m="13663" /><F37/><AGARI ba="0,1" hai="2,7,8,25,30,33,37,40,46,57,61,64,124,127" machi="37" ten="40,2600,0" yaku="1,1,53,1" doraHai="74" doraHaiUra="42" who="1" fromWho="2" sc="320,0,150,36,180,-26,340,0" owari="320,12.0,186,-21.4,154,-34.6,340,44.0" /></mjloggm>