<mjloggm ver="2.3"><GO type="225" lobby="0"/><UN n0="%E3%82%AF%E3%82%A3%E3%82%A6" n1="%33%74%72%65%65" n2="%E4%B8%AD%E5%B9%B4%E3%81%AE%E5%8D%B1%E6%A9%9F" n3="%E3%81%A1%E3%82%85%E3%81%86%E3%81%A9%E3%81%8F%E8%B1%A1%E3%81%95%E3%82%93" dan="16,17,17,17" rate="2112.95,2164.84,2160.56,2167.45" sx="M,F,M,M"/><TAIKYOKU oya="0"/><INIT seed="0,0,0,3,1,67" ten="250,250,250,250" oya="0" hai0="83,5,124,15,4,31,36,112,133,107,76,78,74" hai1="25,60,117,21,19,56,62,27,127,59,66,58,129" hai2="38,89,90,35,34,16,43,86,33,126,106,91,135" hai3="120,49,82,26,1,7,118,52,2,104,14,109,24"/><T55/><D112/><U54/><E117/><V69/><F126/><W44/><G118/><T123/><D123/><U28/><E127/><V130/><F135/><W98/><G120/><T3/><D124/><U53/><E129/><V22/><F130/><W96/><G109/><T42/><D133/><U125/><E125/><V13/><F106/><W99/><G104/><T128/><D128/><U68/><REACH who="1" step="1"/><E54/><REACH who="1" ten="250,240,250,250" step="2"/><V39/><F69/><W110/><G110/><T20/><D55/><U46/><E46/><V79/><REACH who="2" step="1"/><F43/><REACH who="2" ten="250,240,240,250" step="2"/><W50/><G44/><T8/><D42/><U102/><E102/><V29/><F29/><W48/><G52/><T84/><D31/><U40/><E40/><V122/><F122/><W63/><G63/><T23/><D107/><U87/><E87/><V57/><F57/><W6/><G50/><T100/><D100/><U45/><E45/><V51/><F51/><W93/><G98/><T121/><D121/><U0/><E0/><V71/><F71/><W80/><G49/><T17/><D36/><U61/><E61/><V88/><N who="2" m="22528" /><DORA hai="10" /><V11/><F11/><W134/><G48/><T70/><D70/><U103/><E103/><V101/><F101/><W37/><G37/><T47/><D47/><U73/><E73/><V72/><F72/><W108/><G134/><T92/><D3/><U114/><E114/><V12/><F12/><W65/><G108/><T81/><REACH who="0" step="1"/><D92/><REACH who="0" ten="240,240,240,250" step="2"/><U64/><E64/><V85/><F85/><W111/><G111/><T9/><D9/><U116/><E116/><V105/><F105/><W18/><G93/><T132/><D132/><RYUUKYOKU ba="0,3" sc="240,10,240,10,240,10,250,-30" hai0="4,5,8,15,17,20,23,74,76,78,81,83,84" hai1="19,21,25,27,28,53,56,58,59,60,62,66,68" hai2="13,16,22,33,34,35,38,39,79,86" /><INIT seed="0,1,3,0,1,0" ten="250,250,250,220" oya="0" hai0="57,82,79,20,33,116,43,119,135,22,113,102,87" hai1="65,7,95,91,62,31,85,38,108,78,122,70,67" hai2="24,64,128,115,60,100,73,14,6,83,4,27,121" hai3="44,109,8,72,125,76,93,101,130,110,81,45,59"/><T84/><D33/><U74/><E122/><V3/><F121/><W96/><G130/><T9/><D113/><U69/><E108/><N who="3" m="41578" /><G125/><T50/><D135/><U134/><E134/><V98/><F115/><W80/><G80/><N who="0" m="47135" /><D119/><U2/><E38/><V34/><F3/><W55/><G8/><T127/><D116/><U18/><E31/><N who="2" m="19815" /><F14/><W41/><G41/><T75/><D75/><U58/><E67/><V107/><F27/><W48/><AGARI ba="1,3" hai="44,45,48,55,59,72,76,81,93,96,101" m="41578" machi="48" ten="30,1100,0" yaku="14,1" doraHai="0" who="3" fromWho="3" sc="250,-6,250,-4,250,-4,220,44" /><INIT seed="1,0,0,1,0,86" ten="244,246,246,264" oya="1" hai0="128,64,60,14,75,80,57,134,28,54,84,117,127" hai1="33,27,31,116,49,119,110,85,113,107,26,48,15" hai2="22,65,17,132,59,90,89,43,125,25,133,93,63" hai3="8,52,2,109,68,78,129,61,53,37,35,87,45"/><U103/><E113/><V77/><F125/><W11/><G35/><T58/><D117/><U13/><E110/><V40/><F77/><W39/><G109/><T88/><D127/><U18/><E27/><V50/><F93/><W76/><G129/><T122/><D128/><U41/><E13/><V100/><F100/><W114/><G87/><T19/><D134/><N who="2" m="51818" /><F50/><W47/><G61/><N who="0" m="37943" /><D75/><U3/><E3/><V6/><F6/><W46/><G2/><T102/><D122/><U121/><E121/><V105/><F105/><W95/><G95/><T29/><D102/><U51/><E41/><AGARI ba="0,0" hai="17,22,25,40,41,43,59,63,65,89,90" m="51818" machi="41" ten="30,3900,0" yaku="20,1,52,2" doraHai="86" who="2" fromWho="1" sc="244,0,246,-39,246,39,264,0" /><INIT seed="2,0,0,0,3,52" ten="244,207,285,264" oya="2" hai0="25,111,41,116,70,128,44,108,38,69,60,66,78" hai1="83,122,63,65,107,109,24,11,133,102,36,14,86" hai2="119,42,31,88,22,129,67,126,124,89,112,94,51" hai3="98,117,123,75,80,7,35,90,121,2,47,104,55"/><V73/><F119/><W85/><G117/><T79/><D116/><U39/><E109/><N who="0" m="42057" /><D128/><U45/><E133/><V56/><F112/><W37/><G35/><T115/><D25/><U114/><E114/><V103/><F73/><W15/><G2/><T100/><D115/><U95/><E107/><V93/><F129/><W26/><G26/><T3/><D3/><U110/><E110/><V54/><F31/><W49/><G37/><T77/><D100/><U132/><E132/><V5/><F5/><W43/><G43/><T9/><D9/><U82/><E122/><V23/><F103/><W4/><G75/><T10/><D10/><U17/><E24/><V61/><F42/><W84/><G104/><T27/><D27/><U64/><E64/><V87/><F124/><W97/><G121/><T48/><D48/><U76/><E82/><V21/><F126/><W58/><G123/><T18/><D18/><U33/><E33/><V12/><F12/><W28/><G28/><T72/><D72/><U34/><E34/><V92/><REACH who="2" step="1"/><F87/><REACH who="2" ten="244,207,275,264" step="2"/><W106/><G85/><T59/><AGARI ba="0,1" hai="38,41,44,59,60,66,69,70,77,78,79" m="42057" machi="59" ten="30,2000,0" yaku="14,1,52,1" doraHai="52" who="0" fromWho="0" sc="244,30,207,-5,275,-10,264,-5" /><INIT seed="3,0,0,0,2,12" ten="274,202,265,259" oya="3" hai0="65,34,92,105,113,98,81,35,83,129,51,25,44" hai1="126,2,27,0,33,88,43,53,94,56,72,116,101" hai2="130,58,57,87,82,49,41,26,111,19,46,24,59" hai3="7,54,109,18,68,37,95,135,28,22,74,20,79"/><W66/><G37/><T73/><D105/><U128/><E116/><V45/><F111/><W123/><G123/><T125/><D113/><U29/><E128/><V38/><F130/><W64/><G7/><T50/><D129/><U1/><E126/><V48/><F38/><W67/><G68/><T89/><D125/><U119/><E119/><V99/><F99/><W10/><G109/><T131/><D131/><U36/><E72/><V117/><F117/><W122/><G122/><T16/><D73/><U84/><E101/><V39/><F39/><W8/><G74/><T86/><D65/><U121/><E121/><V30/><F30/><W4/><G79/><T104/><D35/><U9/><E36/><V61/><F61/><W100/><G54/><T77/><D83/><U97/><E43/><V21/><F26/><N who="3" m="16455" /><G4/><T133/><D104/><U103/><E9/><V42/><F58/><W118/><G118/><T91/><D133/><U112/><E112/><V14/><F24/><N who="3" m="14423" /><G135/><T80/><D34/><U71/><E71/><V63/><F63/><W60/><G60/><T85/><D44/><U11/><E11/><V108/><F108/><W52/><G52/><T106/><D106/><U96/><REACH who="1" step="1"/><E103/><REACH who="1" ten="274,192,265,259" step="2"/><V69/><F69/><W75/><G75/><T102/><D102/><U32/><E32/><V62/><F62/><AGARI ba="0,1" hai="0,1,2,27,29,33,53,56,62,84,88,94,96,97" machi="62" ten="40,2600,0" yaku="1,1,54,1,53,0" doraHai="12" doraHaiUra="17" who="1" fromWho="2" sc="274,0,192,36,265,-26,259,0" /><INIT seed="4,0,0,0,1,42" ten="274,228,239,259" oya="0" hai0="108,60,117,90,104,48,5,134,14,6,107,71,103" hai1="25,94,13,130,122,58,32,15,17,23,131,34,82" hai2="55,36,69,35,30,24,70,78,115,135,37,118,28" hai3="0,133,52,75,121,64,132,11,72,100,127,27,91"/><T38/><D117/><U67/><E122/><V102/><F55/><W49/><G121/><T29/><D38/><N who="2" m="14954" /><F118/><W65/><G100/><T126/><D126/><U88/><E82/><V114/><F135/><N who="3" m="51787" /><G127/><T68/><D134/><U87/><E67/><N who="3" m="25674" /><G27/><T84/><D14/><N who="1" m="5131" /><E58/><V128/><F128/><AGARI ba="0,0" hai="17,23,25,32,34,87,88,94,128,130,131" m="5131" machi="128" ten="30,2000,0" yaku="19,1,54,1" doraHai="42" who="1" fromWho="2" sc="274,0,228,20,239,-20,259,0" /><INIT seed="5,0,0,5,0,74" ten="274,248,219,259" oya="1" hai0="135,93,31,67,133,124,8,80,11,51,58,85,82" hai1="29,72,34,89,78,128,36,115,102,65,2,123,122" hai2="49,25,64,16,32,12,107,70,101,71,117,97,63" hai3="99,17,86,127,126,131,10,73,120,108,76,62,18"/><U9/><E115/><V68/><F117/><W15/><G120/><T83/><D124/><N who="3" m="47657" /><G108/><T87/><D31/><U26/><E128/><V3/><F3/><W37/><G37/><T69/><D69/><U111/><E111/><V94/><F49/><W28/><G131/><T112/><D112/><U100/><E65/><V57/><F94/><W90/><G28/><T88/><D87/><U98/><E89/><V106/><F106/><W91/><G99/><T0/><D0/><U43/><E102/><V35/><REACH who="2" step="1"/><F25/><REACH who="2" ten="274,248,209,259" step="2"/><W79/><G62/><N who="0" m="38359" /><D51/><U1/><E1/><V5/><F5/><W84/><G73/><T104/><D104/><N who="1" m="63511" /><E2/><V129/><F129/><W40/><G40/><T47/><D47/><N who="1" m="24039" /><E9/><AGARI ba="0,1" hai="9,12,16,32,35,57,63,64,68,70,71,97,101,107" machi="9" ten="40,2600,0" yaku="1,1,54,1,53,0" doraHai="74" doraHaiUra="116" who="2" fromWho="1" sc="274,0,248,-26,209,36,259,0" /><INIT seed="6,0,0,3,5,19" ten="274,222,245,259" oya="2" hai0="63,11,129,40,27,49,135,134,100,81,116,46,93" hai1="59,4,75,32,130,8,29,69,97,105,76,103,64" hai2="31,125,12,60,37,112,6,118,51,111,113,28,62" hai3="74,104,78,73,71,33,68,42,38,90,36,85,119"/><V2/><F37/><N who="3" m="14443" /><G42/><T35/><D116/><U53/><E130/><V14/><F118/><W109/><G90/><T41/><D129/><U131/><E131/><V102/><F102/><W56/><G56/><T25/><D41/><U121/><E121/><V23/><F51/><W9/><G85/><T54/><D35/><U92/><E69/><N who="3" m="26698" /><G119/><T80/><D11/><U43/><E43/><V120/><F120/><W122/><G122/><T10/><D10/><U77/><E64/><V1/><F6/><W0/><G109/><T86/><D63/><N who="2" m="24106" /><F23/><W16/><G16/><T115/><D40/><U57/><E57/><V123/><F111/><W95/><G95/><T127/><D93/><U124/><E92/><V70/><F70/><W66/><G66/><T88/><D100/><U58/><E58/><V34/><F34/><W110/><G110/><T52/><D49/><U98/><E59/><V30/><F125/><W61/><G61/><T117/><D127/><U65/><E124/><V133/><F133/><W44/><G44/><T114/><D46/><U47/><E47/><V15/><F123/><W128/><G128/><T55/><D117/><U26/><E65/><V50/><F50/><W126/><G126/><T21/><D54/><U39/><E53/><V132/><F132/><W87/><G33/><T24/><D114/><AGARI ba="0,0" hai="1,2,12,14,15,28,30,31,112,113,114" m="24106" machi="114" ten="40,7700,0" yaku="28,2,15,1" doraHai="19" who="2" fromWho="0" sc="274,-77,222,0,245,77,259,0" owari="197,-30.3,222,-17.8,322,42.2,259,5.9" /></mjloggm>