<mjloggm ver="2.3"><GO type="225" lobby="0"/><UN n0="%E5%AF%82%E5%AF%9E%E3%82%AE%E3%83%8D%E3%82%B9%E3%83%93%E3%83%BC%E3%83%AB" n1="%E3%81%A9%E3%82%8F%E3%82%93%E3%81%94" n2="%E6%98%93%E5%88%A9%E8%96%A9%E4%BC%AF" n3="%E3%81%B8%E3%82%80%E3%81%B8%E3%82%80%EF%BC%92%E5%8F%B7" dan="16,16,16,17" rate="2149.05,2152.00,2122.47,2142.80" sx="M,M,F,M"/><TAIKYOKU oya="0"/><INIT seed="0,0,0,0,1,45" ten="250,250,250,250" oya="0" hai0="22,55,127,99,90,29,46,59,28,134,41,92,125" hai1="60,124,85,132,98,111,91,44,6,23,133,103,112" hai2="3,24,63,80,43,10,121,108,82,39,104,88,76" hai3="75,109,1,11,9,5,84,16,113,7,61,126,70"/><T2/><D2/><U52/><E111/><V94/><F121/><W83/><G113/><T17/><D134/><N who="1" m="51819" /><E112/><V50/><F104/><W15/><G109/><T119/><D119/><U32/><E32/><V77/><F39/><W117/><G117/><T68/><D68/><U123/><E123/><V56/><F108/><W25/><G126/><N who="0" m="48139" /><D46/><U49/><E6/><V21/><F10/><W69/><G75/><T14/><D41/><U33/><E33/><V100/><F100/><W72/><G72/><T57/><D57/><N who="1" m="34855" /><E23/><V0/><F0/><W48/><G48/><AGARI ba="0,0" hai="14,17,22,28,29,48,55,59,90,92,99" m="48139" machi="48" ten="30,2900,0" yaku="18,1,52,1" doraHai="45" who="0" fromWho="3" sc="250,29,250,0,250,0,250,-29" /><INIT seed="0,1,0,1,0,47" ten="279,250,250,221" oya="0" hai0="41,118,100,56,50,7,33,31,76,46,131,129,134" hai1="55,64,21,32,125,80,83,81,48,5,8,25,95" hai2="128,82,19,75,9,98,10,62,22,114,106,73,24" hai3="120,66,109,43,37,119,68,97,39,96,72,130,85"/><T45/><D118/><U15/><E125/><V61/><F114/><W59/><G119/><T28/><D134/><U104/><E104/><V23/><F128/><N who="0" m="49226" /><D33/><U116/><E116/><V71/><F106/><W108/><G72/><T123/><D123/><U70/><E32/><V40/><F40/><W65/><G120/><T1/><D100/><U6/><E70/><V35/><F35/><W87/><G43/><N who="0" m="24895" /><D56/><U132/><E64/><V53/><F98/><W78/><G59/><T110/><D76/><U44/><E132/><V111/><F111/><W17/><G130/><T92/><D92/><U135/><E95/><V133/><F133/><W91/><G78/><T13/><D1/><U121/><E121/><V126/><F126/><W112/><G91/><T3/><D3/><U113/><E113/><V18/><F82/><W107/><G107/><T67/><D67/><U27/><E135/><V63/><F71/><W26/><G112/><T94/><D94/><U0/><E0/><V101/><F101/><W54/><G68/><T84/><D84/><U89/><E89/><V11/><REACH who="2" step="1"/><F53/><REACH who="2" ten="279,250,240,221" step="2"/><W42/><G54/><T69/><D69/><U16/><E83/><V74/><F74/><W124/><G42/><T93/><D110/><U29/><E81/><V34/><F34/><W57/><G124/><T49/><D93/><U88/><E80/><V52/><F52/><W77/><G108/><T117/><D117/><U38/><E38/><V90/><F90/><W99/><G109/><T51/><D51/><N who="1" m="29159" /><E88/><V115/><F115/><W30/><G77/><T58/><D58/><U12/><E48/><RYUUKYOKU ba="1,1" sc="279,15,250,-15,240,15,221,-15" hai0="7,13,28,31,41,46,49" hai2="9,10,11,18,19,22,23,24,61,62,63,73,75" /><INIT seed="0,2,1,0,0,50" ten="294,235,255,206" oya="0" hai0="86,35,33,124,110,73,105,71,76,78,133,126,113" hai1="100,65,104,125,127,60,42,58,77,119,63,115,39" hai2="55,28,61,43,72,123,95,4,92,116,30,31,25" hai3="51,70,83,16,2,87,135,59,69,10,68,22,11"/><T66/><D113/><U1/><E119/><V52/><F72/><W106/><G106/><T132/><D86/><U12/><E1/><V45/><F123/><W88/><G135/><N who="0" m="51787" /><D105/><U128/><E115/><V107/><F107/><W134/><G134/><T131/><D131/><U29/><E29/><V24/><F4/><W90/><G90/><T53/><D53/><N who="2" m="20554" /><F61/><W109/><G109/><T74/><D66/><U121/><E63/><V13/><F13/><W82/><G82/><N who="0" m="45327" /><D71/><U62/><E121/><V118/><F45/><W130/><G130/><T80/><D110/><U98/><E128/><V47/><F47/><W9/><G59/><T18/><D18/><U8/><E58/><V129/><F43/><W56/><G56/><T27/><D27/><N who="2" m="10314" /><F129/><W40/><G40/><T41/><D41/><U120/><E42/><V38/><F38/><W0/><REACH who="3" step="1"/><G51/><REACH who="3" ten="294,235,255,196" step="2"/><T96/><D33/><U44/><E120/><V79/><F79/><W5/><G5/><T36/><D35/><U94/><E77/><V19/><F19/><W17/><G17/><T6/><D6/><U81/><E104/><V21/><F21/><W46/><G46/><T75/><D36/><U20/><E44/><V111/><F111/><W122/><G122/><T93/><D74/><U89/><E39/><V114/><F114/><W34/><G34/><T48/><D48/><U3/><E20/><V49/><F49/><W97/><G97/><T14/><D96/><U57/><E98/><V54/><F54/><W7/><G7/><T26/><D78/><U117/><E57/><V84/><F95/><W85/><G85/><RYUUKYOKU ba="2,2" sc="294,-15,235,-15,255,15,196,15" hai2="28,30,31,84,92,116,118" hai3="0,2,9,10,11,16,22,68,69,70,83,87,88" /><INIT seed="1,3,2,0,5,68" ten="279,220,270,211" oya="1" hai0="74,119,107,124,71,108,128,66,103,1,69,89,43" hai1="129,114,7,93,21,26,80,5,94,113,131,3,111" hai2="78,28,51,60,134,14,63,47,16,105,132,115,42" hai3="126,135,97,91,46,12,112,70,8,62,24,30,23"/><U104/><E104/><V110/><F110/><W11/><G112/><N who="1" m="43114" /><E80/><V9/><F105/><W50/><G126/><T79/><D89/><U19/><E94/><V33/><F115/><W120/><G120/><T83/><D103/><U55/><E93/><V64/><F78/><W127/><G127/><T48/><D107/><U86/><E86/><V87/><F87/><W121/><G121/><T95/><D95/><U37/><E55/><V65/><F28/><W13/><G70/><T44/><D83/><U92/><E92/><V84/><F33/><W53/><G62/><N who="2" m="23593" /><F84/><W45/><G97/><T29/><D79/><U125/><E125/><V6/><F6/><N who="1" m="2057" /><E37/><V85/><F85/><W58/><G91/><T98/><D98/><U17/><E3/><V123/><F123/><W41/><G41/><T56/><D1/><U59/><E59/><V39/><F51/><W4/><G135/><AGARI ba="3,2" hai="9,14,16,39,42,47,64,65,132,134,135" m="23593" machi="135" ten="30,3900,0" yaku="20,1,52,1,54,1" doraHai="68" who="2" fromWho="3" sc="279,0,220,0,270,68,211,-48" /><INIT seed="2,0,0,5,1,53" ten="279,220,338,163" oya="2" hai0="44,57,46,85,49,2,97,75,54,37,88,99,89" hai1="116,42,29,62,82,114,131,51,7,28,56,120,87" hai2="39,25,20,118,35,50,0,93,9,3,124,65,92" hai3="22,112,86,83,36,69,134,80,26,6,74,103,40"/><V59/><F118/><W115/><G69/><T96/><D75/><U73/><E131/><V107/><F39/><W16/><G134/><T61/><D2/><U78/><E114/><V72/><F107/><W15/><G103/><T117/><D117/><U84/><E116/><V52/><F72/><W48/><G74/><T129/><D129/><U60/><E120/><V77/><F77/><W68/><G68/><T66/><D37/><U106/><E106/><V128/><F35/><W70/><G70/><T126/><D126/><U133/><E133/><V21/><F21/><W135/><G36/><T95/><REACH who="0" step="1"/><D44/><REACH who="0" ten="269,220,338,163" step="2"/><U64/><E73/><V31/><F124/><W41/><G135/><T55/><D55/><U108/><E108/><V63/><F128/><W5/><G112/><T100/><D100/><U121/><E121/><V76/><F3/><W111/><G115/><T18/><D18/><U127/><E127/><V38/><F38/><W105/><G111/><T1/><D1/><U33/><E29/><V130/><F130/><W19/><G105/><T91/><AGARI ba="0,1" hai="46,49,54,57,61,66,85,88,89,91,95,96,97,99" machi="91" ten="30,8000,1" yaku="1,1,0,1,8,1,52,1,54,1,53,0" doraHai="53" doraHaiUra="101" who="0" fromWho="0" sc="269,90,220,-20,338,-40,163,-20" /><INIT seed="3,0,0,2,2,14" ten="359,200,298,143" oya="3" hai0="1,35,30,109,90,72,101,134,0,85,103,98,58" hai1="2,75,82,7,64,129,93,27,34,112,6,78,40" hai2="4,127,19,121,47,71,59,55,41,18,9,100,52" hai3="63,132,67,91,42,122,57,130,99,133,105,104,48"/><W116/><G116/><T79/><D109/><U69/><E129/><V12/><F71/><W124/><G122/><T22/><D35/><U45/><E112/><V32/><F32/><W56/><G130/><T76/><D103/><U88/><E64/><V84/><F127/><W95/><G124/><T97/><D97/><U74/><E69/><V94/><F121/><W24/><G24/><T20/><D58/><U73/><E27/><V115/><F115/><W96/><G96/><T65/><D79/><U92/><E34/><V110/><F110/><W39/><G39/><T61/><D22/><U17/><E17/><N who="2" m="6155" /><F59/><W108/><G108/><T15/><D76/><U31/><E78/><V111/><F111/><W28/><G28/><T117/><D72/><U33/><E31/><V118/><F118/><W135/><REACH who="3" step="1"/><G57/><REACH who="3" ten="359,200,298,133" step="2"/><T37/><D30/><U50/><E33/><V26/><F26/><W87/><G87/><T43/><D85/><N who="1" m="50231" /><E75/><V10/><F84/><W49/><G49/><T113/><D37/><U106/><E74/><V81/><F100/><W13/><G13/><T68/><D15/><U80/><E73/><V114/><F12/><W126/><G126/><T8/><D101/><U107/><E107/><V102/><F102/><W44/><AGARI ba="0,1" hai="42,44,48,56,63,67,91,95,99,104,105,132,133,135" machi="44" ten="40,7800,0" yaku="1,1,0,1,20,1,53,0" doraHai="14" doraHaiUra="11" who="3" fromWho="3" sc="359,-26,200,-26,298,-26,133,88" /><INIT seed="3,1,0,0,3,67" ten="333,174,272,221" oya="3" hai0="60,83,114,100,71,103,62,44,129,39,5,0,85" hai1="20,56,98,81,51,115,61,37,99,59,107,86,68" hai2="105,38,109,70,126,120,33,111,130,10,49,110,21" hai3="30,65,116,31,91,3,6,108,14,128,2,112,16"/><W101/><G112/><T18/><D114/><U23/><E37/><V7/><F38/><W97/><G116/><T64/><D129/><U53/><E115/><V135/><F33/><W47/><G128/><T74/><D60/><U26/><E68/><V118/><F105/><W41/><G65/><T102/><D18/><U50/><E107/><V45/><F118/><W24/><G91/><T80/><D85/><U9/><E9/><V79/><F120/><W123/><G108/><T134/><D134/><U95/><E23/><V12/><F135/><W46/><G46/><T40/><D74/><U36/><E36/><V125/><F79/><W22/><G6/><T132/><REACH who="0" step="1"/><D132/><REACH who="0" ten="323,174,272,221" step="2"/><U88/><E81/><V66/><F130/><W15/><G123/><T27/><D27/><U55/><E61/><N who="2" m="40271" /><F21/><W119/><G119/><T121/><D121/><U8/><E8/><AGARI ba="1,1" hai="0,5,8,39,40,44,62,64,71,80,83,100,102,103" machi="8" ten="40,5200,0" yaku="1,1,52,1,53,1" doraHai="67" doraHaiUra="69" who="0" fromWho="1" sc="323,65,174,-55,272,0,221,0" owari="388,48.8,119,-38.1,272,7.2,221,-17.9" /></mjloggm>