<mjloggm ver="2.3"><GO type="225" lobby="0"/><UN n0="%E3%82%BC%E3%83%AB%E3%83%80%E3%81%AE%E4%BC%9D%E8%AA%AC" n1="%E8%90%BD%E6%97%A5" n2="%E5%BA%97%E9%95%B7%4D" n3="%52%61%69%61%6E%2E" dan="18,16,16,16" rate="2209.55,2188.75,2103.47,2034.68" sx="M,F,M,M"/><TAIKYOKU oya="0"/><INIT seed="0,0,0,1,2,30" ten="250,250,250,250" oya="0" hai0="110,50,5,126,2,101,9,15,104,46,108,124,0" hai1="27,74,53,31,82,135,102,25,134,18,111,63,99" hai2="70,94,45,133,84,71,96,64,29,19,115,52,62" hai3="28,51,13,32,72,129,40,85,44,1,66,130,100"/><T118/><BYE who="3" /><D104/><UN n3="%52%61%69%61%6E%2E" /><U98/><E111/><N who="0" m="42537" /><D101/><U48/><E63/><V88/><F133/><N who="1" m="50697" /><E18/><V107/><F115/><W78/><G1/><N who="0" m="619" /><D50/><U127/><E127/><N who="0" m="48681" /><D46/><N who="1" m="27799" /><E27/><V114/><F114/><W83/><G51/><T76/><D76/><N who="1" m="44311" /><E102/><V58/><F45/><W90/><G100/><T103/><D103/><U55/><E55/><V65/><F107/><W116/><G44/><T33/><D118/><U120/><E120/><V37/><F37/><W10/><G116/><T91/><D91/><U125/><E125/><V4/><F4/><W43/><G90/><T61/><D61/><U57/><E57/><V38/><F38/><W123/><G123/><T75/><D75/><U34/><AGARI ba="0,0" hai="25,31,34,98,99" m="44311,27799,50697" machi="34" ten="30,2000,0" yaku="20,1,52,1" doraHai="30" who="1" fromWho="1" sc="250,-10,250,20,250,-5,250,-5" /><INIT seed="1,0,0,4,4,59" ten="240,270,245,245" oya="1" hai0="55,20,21,22,75,24,123,16,52,68,103,119,87" hai1="116,74,104,50,78,84,38,12,40,106,2,121,81" hai2="90,32,31,63,56,35,3,134,49,8,61,131,115" hai3="77,5,65,102,4,51,9,30,135,13,6,46,97"/><U110/><E116/><V67/><F131/><W130/><G130/><T113/><D75/><U33/><E121/><V118/><F118/><W126/><G126/><T69/><D119/><U70/><E50/><V41/><F134/><W76/><G135/><T1/><D113/><U44/><E12/><V0/><F115/><W14/><G65/><T18/><D1/><U27/><E84/><V89/><F3/><W98/><G30/><T129/><D129/><U73/><E73/><V25/><F35/><W109/><G109/><T133/><D133/><U99/><E99/><V95/><F90/><W62/><G62/><T45/><D123/><U124/><E124/><V36/><F36/><W128/><G97/><T26/><D21/><U57/><E57/><V53/><F41/><W101/><G101/><T29/><D87/><U17/><E17/><V48/><F8/><W107/><G128/><T58/><D29/><N who="1" m="19647" /><E110/><V105/><F105/><N who="1" m="40553" /><E2/><V10/><F10/><W11/><REACH who="3" step="1"/><G6/><REACH who="3" ten="240,270,245,235" step="2"/><T79/><D103/><U132/><E132/><V82/><F0/><W64/><G64/><T72/><D68/><AGARI ba="0,1" hai="38,40,44,68,70,74,78,81" m="40553,19647" machi="68" ten="30,2900,0" yaku="33,2" doraHai="59" who="1" fromWho="0" sc="240,-29,270,39,245,0,235,0" /><INIT seed="1,1,0,0,4,105" ten="211,309,245,235" oya="1" hai0="45,102,63,104,88,0,120,49,81,62,65,29,20" hai1="82,84,51,32,114,27,35,127,94,126,25,14,42" hai2="87,19,15,90,50,72,108,64,79,31,112,93,10" hai3="130,33,17,1,18,97,66,110,48,133,131,61,76"/><U83/><E114/><V53/><F112/><W118/><G33/><T115/><D0/><U119/><E94/><V39/><F39/><W52/><G1/><T4/><D115/><U7/><E119/><V58/><F108/><W71/><G110/><T28/><D120/><U113/><E113/><V70/><F31/><W54/><G118/><T67/><D104/><U111/><E111/><V74/><REACH who="2" step="1"/><F79/><REACH who="2" ten="211,309,235,235" step="2"/><W41/><G76/><T16/><D29/><U43/><E126/><V129/><F129/><W44/><G133/><T36/><D28/><U95/><E127/><V91/><F91/><W37/><G131/><T125/><D36/><U78/><E78/><V13/><F13/><W96/><G130/><T47/><D125/><U106/><E14/><V85/><F85/><W46/><G54/><T9/><D102/><U22/><E84/><V2/><F2/><W98/><AGARI ba="1,1" hai="17,18,37,41,44,46,48,52,61,66,71,96,97,98" machi="98" ten="30,2000,0" yaku="0,1,54,1" doraHai="105" who="3" fromWho="3" sc="211,-6,309,-11,235,-6,235,33" /><INIT seed="2,0,0,2,3,5" ten="205,298,229,268" oya="2" hai0="19,128,70,77,115,60,21,117,89,63,50,76,114" hai1="35,94,79,84,20,122,53,57,113,119,18,3,96" hai2="34,95,123,45,91,59,103,28,129,102,125,131,108" hai3="81,17,126,132,47,46,78,7,6,55,106,133,15"/><V67/><F123/><W2/><G106/><T42/><D128/><N who="2" m="49226" /><F125/><W22/><G126/><T87/><D117/><U69/><E35/><V37/><F28/><W64/><G64/><T118/><D118/><U10/><E69/><V73/><F34/><W112/><G112/><T23/><D70/><U100/><E119/><V86/><F73/><W8/><G6/><T24/><D115/><U71/><E71/><V127/><F127/><W62/><G62/><N who="0" m="23595" /><D114/><U31/><E31/><V9/><F59/><W43/><G55/><T72/><D72/><U66/><E66/><V85/><F67/><W48/><REACH who="3" step="1"/><G47/><REACH who="3" ten="205,298,229,258" step="2"/><N who="0" m="25975" /><D21/><U101/><E20/><V92/><F108/><W90/><G90/><T99/><D99/><U16/><E96/><V88/><F9/><W1/><G1/><T36/><D36/><U68/><E10/><V134/><F134/><W41/><G41/><AGARI ba="0,1" hai="37,41,45,85,86,88,91,92,95,102,103" m="49226" machi="41" ten="30,2900,0" yaku="19,1,54,1" doraHai="5" who="2" fromWho="3" sc="205,0,298,0,229,39,258,-29" /><INIT seed="2,1,0,0,4,5" ten="205,298,268,229" oya="2" hai0="49,107,20,72,27,91,119,64,73,126,9,97,14" hai1="41,1,3,77,61,98,46,111,7,36,125,18,62" hai2="90,55,31,128,38,34,10,8,29,45,101,121,78" hai3="39,43,93,117,13,127,82,120,84,32,52,59,75"/><V37/><F121/><W35/><G117/><T92/><D119/><U110/><E125/><V16/><F78/><W133/><G120/><T24/><D126/><U115/><E115/><V26/><F101/><W116/><G116/><T68/><D107/><U105/><E77/><V132/><F132/><W21/><G127/><T54/><D68/><U11/><E3/><V28/><F128/><W70/><G70/><T50/><D64/><U76/><E18/><V33/><F90/><W40/><G75/><T106/><D106/><U118/><E118/><V48/><F16/><W69/><G69/><T6/><D50/><U100/><E76/><V112/><F112/><W63/><G93/><T131/><D131/><U135/><E135/><V44/><F26/><W113/><G133/><T65/><D65/><U4/><E4/><V22/><F22/><W89/><G113/><T30/><REACH who="0" step="1"/><D24/><REACH who="0" ten="195,298,268,229" step="2"/><U124/><E124/><V80/><F48/><W19/><REACH who="3" step="1"/><G39/><REACH who="3" ten="195,298,268,219" step="2"/><T122/><D122/><U58/><E36/><V53/><F31/><W83/><G83/><AGARI ba="1,2" hai="8,10,28,29,33,34,37,38,44,45,53,55,80,83" machi="83" ten="25,9600,0" yaku="22,2,52,2" doraHai="5" who="2" fromWho="3" sc="195,0,298,0,268,119,219,-99" /><INIT seed="2,2,0,2,1,41" ten="195,298,387,120" oya="2" hai0="95,14,84,115,16,105,112,87,57,70,3,107,13" hai1="39,63,77,69,68,2,59,55,38,62,56,42,100" hai2="25,49,88,46,15,28,81,52,66,134,73,103,36" hai3="65,131,83,110,29,79,19,78,96,124,111,132,113"/><V33/><F134/><W27/><G65/><T101/><D3/><U12/><E2/><V26/><F66/><W119/><G19/><T10/><D70/><N who="1" m="27243" /><E12/><V120/><F120/><W135/><G27/><T22/><D57/><U76/><E100/><V127/><F103/><W11/><G11/><T71/><D71/><U45/><E76/><V51/><F127/><W6/><G6/><T48/><D48/><N who="1" m="26679" /><E77/><N who="3" m="29194" /><G29/><T43/><D87/><U106/><E106/><V4/><F36/><W67/><G67/><AGARI ba="2,0" hai="38,39,55,56,59,62,63,67" m="26679,27243" machi="67" ten="30,12000,2" yaku="35,5,52,1" doraHai="41" who="1" fromWho="3" sc="195,0,298,126,387,0,120,-126" owari="195,-20.5,424,52.4,387,18.7,-6,-50.6" /></mjloggm>