<mjloggm ver="2.3"><GO type="225" lobby="0"/><UN n0="%E5%A0%80%E5%B7%9D%E9%9B%B7%E9%BC%93" n1="%4D%50%43%32%38%30%30" n2="%E9%80%9F%E6%B0%B4%E5%87%9B%E9%A6%99" n3="%E3%82%B7%E3%83%A5%E3%83%9E%E3%82%A4%E3%82%B1%E3%83%AB" dan="16,16,16,17" rate="2079.42,2125.25,2129.46,2241.96" sx="F,M,F,M"/><TAIKYOKU oya="0"/><INIT seed="0,0,0,0,2,89" ten="250,250,250,250" oya="0" hai0="92,87,128,58,4,84,55,71,79,99,59,105,46" hai1="131,134,127,18,93,44,56,21,2,74,62,114,11" hai2="13,8,75,76,124,7,19,60,83,0,98,22,118" hai3="51,81,94,95,126,101,91,107,86,25,120,38,109"/><T85/><D71/><U88/><E74/><V112/><F112/><W96/><G38/><T3/><D105/><U122/><E114/><V54/><F124/><W29/><G126/><T113/><D113/><U6/><E127/><V90/><F118/><W27/><G109/><T26/><D128/><U28/><E131/><V36/><F36/><W17/><G120/><T24/><D3/><U97/><E134/><V117/><F117/><W108/><G108/><T64/><D4/><U111/><E111/><V119/><F119/><W35/><REACH who="3" step="1"/><G51/><REACH who="3" ten="250,250,250,240" step="2"/><N who="0" m="29175" /><D79/><U48/><E122/><V15/><F76/><W23/><AGARI ba="0,1" hai="17,23,25,27,29,35,81,86,91,94,95,96,101,107" machi="23" ten="30,7900,0" yaku="1,1,0,1,52,2,53,0" doraHai="89" doraHaiUra="68" who="3" fromWho="3" sc="250,-39,250,-20,250,-20,240,89" /><BYE who="2" /><INIT seed="1,0,0,0,5,94" ten="211,230,230,329" oya="1" hai0="47,60,16,27,8,126,112,52,111,86,117,134,97" hai1="120,34,133,72,48,66,132,3,81,80,116,107,73" hai2="135,103,38,6,30,129,2,130,104,37,4,54,39" hai3="93,69,65,18,21,114,31,19,83,40,115,76,5"/><U82/><E34/><UN n2="%E9%80%9F%E6%B0%B4%E5%87%9B%E9%A6%99" /><V43/><F43/><W101/><G5/><T68/><D112/><U110/><E3/><V32/><F54/><W118/><G118/><T87/><D117/><U61/><E116/><V99/><F135/><N who="1" m="51785" /><E120/><V7/><REACH who="2" step="1"/><F2/><REACH who="2" ten="211,230,220,329" step="2"/><W10/><G40/><T70/><D134/><U92/><E73/><V26/><AGARI ba="0,1" hai="4,6,7,26,30,32,37,38,39,99,103,104,129,130" machi="26" ten="40,8000,1" yaku="1,1,2,1,0,1,52,1,53,1" doraHai="94" doraHaiUra="24" who="2" fromWho="2" sc="211,-20,230,-40,220,90,329,-20" /><INIT seed="2,0,0,1,2,84" ten="191,190,310,309" oya="2" hai0="35,32,0,95,110,73,103,124,97,66,15,94,16" hai1="47,11,100,121,109,18,59,68,78,7,133,123,65" hai2="67,127,48,43,5,80,88,115,93,62,25,128,36" hai3="79,75,91,28,33,104,14,82,130,83,1,98,56"/><V118/><F115/><W2/><G130/><T81/><D0/><U77/><E109/><V26/><F118/><W86/><G28/><T89/><D110/><U22/><E133/><V6/><F36/><W57/><G33/><T40/><D124/><U112/><E112/><V60/><F128/><W122/><G122/><N who="1" m="46602" /><E68/><V9/><F80/><W45/><G45/><T126/><D126/><U64/><E100/><V90/><F127/><W74/><G74/><T50/><D66/><N who="1" m="25707" /><E59/><N who="2" m="37279" /><F62/><W31/><G31/><T12/><D12/><N who="1" m="9543" /><E47/><N who="2" m="25727" /><F93/><W63/><G56/><T34/><D40/><U99/><E99/><V107/><F107/><W52/><REACH who="3" step="1"/><G14/><AGARI ba="0,0" hai="7,11,14,77,78" m="9543,25707,46602" machi="14" ten="30,1000,0" yaku="13,1" doraHai="84" who="1" fromWho="3" sc="191,0,190,10,310,0,309,-10" /><INIT seed="3,0,0,0,5,71" ten="191,200,310,299" oya="3" hai0="109,100,50,11,5,31,27,48,79,21,64,121,43" hai1="32,41,42,40,115,113,30,13,19,83,35,38,33" hai2="45,9,110,58,49,131,8,76,87,10,23,97,95" hai3="78,89,94,101,112,14,61,73,135,4,102,7,34"/><W65/><G112/><T62/><D121/><U47/><E30/><V75/><F75/><W44/><G34/><T88/><D109/><U103/><E113/><V25/><F110/><W68/><G135/><T108/><D108/><U72/><E115/><V67/><F131/><W22/><G73/><T105/><D79/><U1/><E1/><V96/><F58/><N who="3" m="37047" /><G78/><T60/><D43/><U56/><E72/><V120/><F67/><W16/><G68/><T84/><D100/><N who="3" m="38505" /><G44/><T128/><D105/><U118/><E118/><V52/><F120/><W28/><G28/><T26/><D26/><U53/><E83/><N who="2" m="47591" /><F95/><W15/><G14/><N who="0" m="5487" /><D128/><U24/><E24/><V124/><F124/><W2/><G2/><T3/><D3/><U81/><E81/><V46/><F46/><W104/><G104/><T111/><D111/><U12/><E103/><V54/><F54/><W117/><G117/><T85/><D85/><AGARI ba="0,0" hai="4,7,15,16,22,85,89,94" m="38505,37047" machi="85" ten="30,2900,0" yaku="8,1,54,1" doraHai="71" who="3" fromWho="0" sc="191,-29,200,0,310,0,299,29" owari="162,-33.8,200,-20.0,310,11.0,328,42.8" /></mjloggm>