<mjloggm ver="2.3"><GO type="225" lobby="0"/><UN n0="%E3%81%A8%E3%82%93%E3%81%A8%E3%81%93%E3%81%A8%E3%82%93" n1="%6D%75%75%6D%75%72%61" n2="%61%6D%65%6B%69" n3="%E3%82%BC%E3%83%AB%E3%83%80%E3%81%AE%E4%BC%9D%E8%AA%AC" dan="16,17,16,17" rate="2119.29,2219.34,2079.38,2260.77" sx="M,F,M,M"/><TAIKYOKU oya="0"/><INIT seed="0,0,0,5,0,25" ten="250,250,250,250" oya="0" hai0="22,15,82,52,6,106,76,122,66,112,74,43,30" hai1="117,40,58,84,128,48,62,86,70,72,59,53,47" hai2="93,125,17,20,75,38,111,3,79,114,109,35,19" hai3="37,14,94,77,97,12,67,100,80,33,81,103,27"/><T129/><D112/><U57/><E117/><V116/><F114/><W41/><G103/><T121/><D106/><U120/><E120/><V11/><F38/><W21/><G33/><T134/><D134/><U5/><E72/><V10/><F75/><W78/><G37/><T1/><D129/><U68/><E128/><V131/><F79/><N who="3" m="30219" /><G41/><T50/><D66/><U118/><E118/><V46/><F131/><W107/><G107/><T126/><D43/><U31/><E5/><V91/><F116/><W45/><G45/><T105/><D105/><U29/><E40/><V123/><F123/><W28/><G67/><T85/><D126/><U36/><E36/><V108/><F35/><W113/><G113/><T24/><D1/><U4/><E4/><V16/><F125/><W26/><G26/><T64/><D64/><U132/><E132/><V7/><F46/><W96/><G96/><T54/><D54/><U133/><E133/><V23/><REACH who="2" step="1"/><F11/><REACH who="2" ten="250,250,240,250" step="2"/><W49/><G49/><T110/><D74/><U88/><E62/><V130/><F130/><W65/><G65/><T44/><REACH who="0" step="1"/><D110/><REACH who="0" ten="240,250,240,250" step="2"/><U104/><E104/><V18/><N who="2" m="4096" /><DORA hai="60" /><V102/><F102/><W89/><G100/><T90/><D90/><U124/><E124/><V63/><F63/><W69/><G69/><N who="1" m="26730" /><E88/><V95/><F95/><W55/><G55/><T13/><D13/><AGARI ba="0,2" hai="12,13,14,21,27,28,80,81,89,94,97" m="30219" machi="13" ten="30,2000,0" yaku="8,1,52,1" doraHai="25,60" who="3" fromWho="0" sc="240,-20,250,0,240,0,250,40" /><INIT seed="1,0,0,4,4,43" ten="220,250,240,290" oya="1" hai0="66,129,24,67,13,29,27,119,45,1,78,98,2" hai1="120,75,118,37,0,124,53,28,103,48,46,6,85" hai2="9,22,116,64,5,95,72,33,59,44,115,134,113" hai3="73,57,38,121,117,15,21,127,84,112,130,55,123"/><U81/><E118/><V25/><F72/><W122/><G73/><T100/><D119/><U99/><E120/><V131/><F33/><W109/><G117/><T114/><D114/><N who="2" m="43530" /><F116/><W86/><G112/><T82/><D129/><U19/><E124/><V111/><F111/><W102/><G109/><T10/><D1/><U110/><E110/><V3/><F131/><W125/><G130/><T77/><D2/><U93/><E75/><V63/><F95/><W20/><G38/><T16/><D27/><U104/><E104/><V108/><F108/><W83/><G102/><T135/><D135/><U65/><E37/><V68/><F134/><W12/><G57/><T49/><D98/><U87/><E28/><N who="2" m="17463" /><F44/><W76/><G121/><T23/><D100/><U54/><E85/><V89/><F89/><W97/><G97/><T31/><D29/><U47/><E87/><V50/><F50/><W58/><G86/><N who="0" m="48463" /><D78/><U56/><E81/><V42/><F42/><AGARI ba="0,0" hai="10,13,16,23,24,31,42,45,49,66,67" m="48463" machi="42" ten="30,3900,0" yaku="8,1,52,1,54,1" doraHai="43" who="0" fromWho="2" sc="220,39,250,0,240,-39,290,0" /><INIT seed="2,0,0,2,3,63" ten="259,250,201,290" oya="2" hai0="111,29,39,65,10,71,100,21,1,31,55,81,109" hai1="84,102,17,76,51,74,103,12,85,87,108,115,95" hai2="20,116,119,101,54,41,93,135,36,126,110,114,47" hai3="88,128,16,62,123,40,19,122,14,66,6,117,113"/><V83/><F114/><W118/><G113/><T27/><D39/><U9/><E115/><V59/><F126/><W69/><G40/><T15/><D1/><U106/><E108/><N who="0" m="41545" /><D100/><U68/><E106/><V127/><F127/><W28/><G28/><N who="0" m="17519" /><D55/><U58/><E68/><V121/><F110/><W24/><G128/><T30/><D81/><U96/><E74/><V60/><F121/><W25/><G123/><T43/><D43/><U44/><E58/><V99/><F135/><W37/><G37/><T92/><D92/><U26/><E102/><V61/><F83/><W46/><G122/><T34/><D34/><U132/><E132/><V0/><F0/><W42/><G118/><T2/><D2/><U97/><E97/><V131/><F131/><W120/><G117/><T86/><D86/><U49/><E49/><V35/><F35/><W4/><G42/><T7/><D71/><U23/><E76/><V75/><F75/><W56/><G69/><T13/><D15/><U91/><E103/><V22/><F116/><W50/><G14/><T78/><D78/><U3/><E3/><V125/><F119/><W45/><G120/><T33/><D33/><U79/><E79/><V107/><F125/><W104/><G104/><T18/><D7/><N who="1" m="3135" /><E84/><V133/><F133/><W90/><G6/><T82/><D82/><U72/><E72/><V112/><F112/><W53/><G4/><T134/><D134/><U70/><E70/><V64/><REACH who="2" step="1"/><F107/><REACH who="2" ten="259,250,191,290" step="2"/><W8/><G25/><T129/><D129/><U124/><E124/><V130/><F130/><W98/><G24/><T5/><D5/><RYUUKYOKU ba="0,1" sc="259,10,250,10,191,10,290,-30" hai0="10,13,18,29,30,31,65" hai1="17,23,26,44,51,85,87,91,95,96" hai2="20,22,36,41,47,54,59,60,61,64,93,99,101" /><INIT seed="2,1,1,1,1,49" ten="269,260,201,260" oya="2" hai0="5,130,111,133,117,129,87,83,123,135,78,41,35" hai1="132,120,29,31,38,77,104,67,85,26,28,100,62" hai2="72,54,30,74,119,10,11,70,59,14,48,47,127" hai3="121,2,128,113,98,116,88,21,95,42,82,73,56"/><V19/><F119/><W131/><G121/><T23/><D35/><U91/><E120/><V3/><F70/><W66/><G116/><T101/><D123/><U12/><E38/><V39/><F127/><W108/><G108/><T84/><D117/><U118/><E118/><V122/><F122/><W93/><G113/><T37/><D5/><U81/><E132/><N who="0" m="50761" /><D23/><U36/><E36/><V110/><F30/><W80/><G2/><T24/><D24/><U9/><E104/><V126/><F126/><W134/><G134/><T6/><D6/><U40/><E100/><V75/><F110/><W15/><G42/><T45/><D111/><U57/><E40/><V1/><REACH who="2" step="1"/><F11/><REACH who="2" ten="269,260,191,260" step="2"/><W68/><G68/><T69/><D69/><U102/><E28/><V94/><F94/><W46/><G95/><T112/><D112/><U63/><E29/><V114/><F114/><W86/><G93/><T125/><D125/><U99/><E31/><V13/><F13/><W79/><G15/><T71/><D71/><U107/><E12/><V53/><F53/><W32/><G32/><T109/><D109/><U76/><E9/><V33/><F33/><W92/><G92/><T8/><D8/><U90/><E26/><V97/><F97/><W52/><G98/><T61/><D101/><U27/><E27/><V65/><F65/><W103/><G103/><T58/><D129/><U60/><E107/><V50/><F50/><N who="3" m="28759" /><G21/><T106/><D130/><U18/><E102/><V64/><F64/><W89/><G131/><T16/><D106/><U22/><E99/><V0/><F0/><W51/><G128/><RYUUKYOKU ba="1,2" sc="269,-10,260,-10,191,30,260,-10" hai2="1,3,10,14,19,39,47,48,54,59,72,74,75" /><INIT seed="2,2,2,0,3,59" ten="259,250,221,250" oya="2" hai0="97,134,9,60,126,68,135,109,48,100,3,94,45" hai1="83,8,103,114,40,110,7,54,127,24,106,53,91" hai2="63,80,84,118,76,107,47,10,121,43,131,125,49" hai3="65,102,41,77,129,130,116,36,56,73,87,111,115"/><V27/><F121/><W95/><G111/><T44/><D126/><U23/><E114/><V2/><F118/><W42/><G116/><T79/><D109/><U33/><E110/><V5/><F107/><W78/><G115/><T61/><D79/><N who="3" m="30217" /><G36/><T88/><D68/><U90/><E33/><V99/><F125/><W74/><G65/><T72/><D72/><N who="3" m="27753" /><G56/><T104/><D9/><U39/><E53/><V123/><F123/><W37/><G37/><T96/><D3/><U50/><E39/><V6/><F6/><W28/><G28/><T29/><D29/><U0/><E40/><V52/><F131/><N who="3" m="50187" /><G87/><T101/><D48/><U4/><E50/><V51/><F27/><W11/><G11/><T22/><D22/><U89/><E24/><V128/><F128/><W108/><G108/><T55/><D55/><U120/><E23/><V64/><F51/><W18/><G18/><T119/><D119/><U1/><E54/><V17/><F43/><W34/><G34/><T132/><D101/><U16/><E120/><V98/><REACH who="2" step="1"/><F17/><REACH who="2" ten="259,250,211,250" step="2"/><W85/><G42/><T112/><D112/><U82/><E127/><V71/><AGARI ba="2,3" hai="2,5,10,47,49,52,63,64,71,76,80,84,98,99" machi="71" ten="20,18000,2" yaku="1,1,2,1,0,1,7,1,52,1,54,1,53,0" doraHai="59" doraHaiUra="113" who="2" fromWho="2" sc="259,-62,250,-62,211,216,250,-62" /><INIT seed="2,3,0,0,3,42" ten="197,188,427,188" oya="2" hai0="76,51,107,49,37,91,31,28,84,110,109,103,121" hai1="122,68,86,25,52,114,35,4,7,21,127,45,60" hai2="23,133,74,92,123,69,57,41,134,131,16,44,34" hai3="115,94,116,129,132,82,56,2,43,130,29,71,67"/><V70/><F74/><W80/><G116/><T120/><D37/><U111/><E114/><V93/><F34/><W63/><G115/><T38/><D38/><U97/><E35/><V19/><F57/><W50/><G132/><N who="2" m="50793" /><F123/><W47/><G2/><T72/><D51/><N who="1" m="28783" /><E68/><N who="2" m="26219" /><F131/><N who="3" m="50187" /><G29/><T85/><D49/><U126/><E111/><V22/><F44/><W12/><G71/><T78/><D91/><U64/><E122/><V11/><F11/><W113/><G113/><T87/><D72/><U9/><E60/><V39/><F39/><W5/><G94/><N who="2" m="36457" /><F41/><W48/><G50/><T53/><D85/><U117/><E86/><V20/><AGARI ba="3,0" hai="16,19,20,22,23" m="36457,26219,50793" machi="20" ten="40,12000,1" yaku="28,2,20,1,54,1" doraHai="42" who="2" fromWho="2" sc="197,-43,188,-43,427,129,188,-43" /><INIT seed="2,4,0,2,5,80" ten="154,145,556,145" oya="2" hai0="111,41,72,99,62,14,89,110,79,85,58,16,11" hai1="120,102,121,18,43,3,118,116,106,114,23,87,65" hai2="113,133,59,70,96,4,17,10,130,69,73,57,78" hai3="92,105,103,83,55,8,6,84,12,50,127,21,125"/><V27/><F113/><W135/><G135/><T124/><D124/><N who="3" m="47689" /><G105/><T48/><D72/><U19/><E114/><V53/><F96/><N who="3" m="59783" /><G21/><T104/><D79/><U107/><E3/><V61/><F59/><W46/><G83/><T47/><D99/><N who="1" m="61791" /><E107/><V35/><F130/><W100/><G100/><T44/><D47/><U22/><E22/><V45/><F133/><W81/><G81/><T71/><D71/><U20/><E20/><V49/><F78/><W112/><G112/><T134/><D104/><U74/><E74/><V94/><F73/><W33/><G84/><T86/><D134/><U82/><E43/><V1/><F94/><W77/><G77/><T76/><D76/><N who="1" m="46535" /><E65/><V122/><F122/><N who="1" m="47209" /><E19/><V119/><F17/><W88/><G88/><T13/><D89/><U15/><AGARI ba="4,0" hai="15,18,23,116,118" m="47209,46535,61791" machi="15" ten="30,2000,0" yaku="13,1,52,1" doraHai="80" who="1" fromWho="1" sc="154,-9,145,32,556,-14,145,-9" /><INIT seed="3,0,0,4,1,70" ten="145,177,542,136" oya="3" hai0="117,125,37,24,89,51,107,86,66,39,84,96,130" hai1="105,120,132,81,34,9,78,135,21,6,28,121,10" hai2="22,1,92,68,126,77,97,2,17,73,65,95,44" hai3="113,100,103,110,4,41,90,64,119,16,49,50,128"/><W80/><G113/><T52/><D117/><U53/><E34/><V30/><F30/><W32/><G119/><T15/><D66/><U131/><E131/><V18/><F77/><W94/><G32/><T82/><D130/><U88/><E105/><V99/><F73/><W48/><G128/><T8/><D125/><U76/><E53/><V36/><F44/><W93/><G110/><T123/><D123/><U56/><E56/><V134/><F65/><W11/><G64/><T112/><D112/><U14/><E28/><V55/><F55/><W71/><G71/><T26/><D107/><U19/><E88/><V7/><F68/><W40/><G16/><N who="0" m="8295" /><D96/><U101/><E101/><N who="3" m="38986" /><G80/><T35/><D86/><N who="1" m="48423" /><E78/><V87/><F2/><W85/><G94/><T20/><D35/><U42/><E10/><V122/><F1/><W59/><G59/><T47/><D26/><N who="1" m="14655" /><E120/><V114/><F95/><W118/><G118/><T61/><D61/><U43/><E121/><V5/><F18/><AGARI ba="0,0" hai="18,20,24,37,39,47,51,52,82,84,89" m="8295" machi="18" ten="30,8000,1" yaku="25,1,52,2,54,2" doraHai="70" who="0" fromWho="2" sc="145,80,177,0,542,-80,136,0" owari="225,2.5,177,-22.3,462,56.2,136,-36.4" /></mjloggm>