<mjloggm ver="2.3"><GO type="225" lobby="0"/><UN n0="%E3%81%A1%E3%82%85%E3%81%86%E3%81%A9%E3%81%8F%E8%B1%A1%E3%81%95%E3%82%93" n1="%72%69%6F%75%63%68%61%6E" n2="%4E%49%4A%49%49%52%4F" n3="%E9%80%86%E9%80%A3%E5%B8%AF%E3%81%AE%E9%AC%BC" dan="17,17,16,16" rate="2257.59,2244.40,2181.35,2112.47" sx="M,M,M,M"/><TAIKYOKU oya="0"/><INIT seed="0,0,0,3,1,75" ten="250,250,250,250" oya="0" hai0="123,18,111,53,25,24,23,6,107,84,13,21,40" hai1="37,9,77,129,87,27,85,15,126,78,72,33,113" hai2="94,4,63,44,127,46,22,86,134,28,121,131,51" hai3="95,47,115,58,118,108,0,124,55,29,101,11,17"/><T14/><D107/><U120/><E120/><V20/><F121/><W97/><G118/><T116/><D123/><U50/><E37/><V133/><F127/><W112/><G108/><T90/><D116/><U125/><E129/><V7/><F131/><W71/><G124/><N who="1" m="47722" /><E113/><V65/><F94/><W10/><G71/><T38/><D111/><U74/><E72/><V61/><F86/><N who="1" m="32777" /><E74/><V42/><F44/><W79/><G29/><T48/><D40/><U45/><E27/><V49/><F49/><W60/><G47/><N who="0" m="27807" /><D38/><U32/><E33/><V83/><F83/><W69/><G69/><T88/><D6/><N who="2" m="2090" /><F28/><W56/><G0/><T99/><D99/><U89/><E89/><N who="0" m="34409" /><D84/><U100/><E100/><V109/><F109/><W8/><G115/><T103/><D103/><U41/><E32/><V62/><F65/><W105/><G112/><T106/><D106/><U52/><E41/><V82/><F82/><W16/><G105/><T73/><D73/><U70/><E70/><V91/><F91/><W98/><G98/><T128/><D128/><U2/><E2/><V132/><AGARI ba="0,0" hai="20,22,42,46,51,61,62,63,132,133,134" m="2090" machi="132" ten="40,1500,0" yaku="20,1" doraHai="75" who="2" fromWho="2" sc="250,-7,250,-4,250,15,250,-4" /><INIT seed="1,0,0,4,4,113" ten="243,246,265,246" oya="1" hai0="52,108,17,14,5,78,98,122,11,8,26,76,77" hai1="88,2,20,31,104,109,73,30,72,115,81,46,48" hai2="135,110,63,6,106,125,111,54,28,90,68,99,37" hai3="29,9,71,92,114,41,61,67,10,62,80,129,133"/><U86/><E115/><V83/><F37/><W7/><G114/><T70/><D70/><U35/><E104/><V69/><F135/><W93/><G129/><T64/><D122/><U15/><E2/><V53/><F125/><W96/><G133/><T128/><D128/><U74/><E35/><V95/><F106/><W3/><G29/><T34/><D108/><N who="2" m="41514" /><F6/><W51/><G10/><T65/><D98/><U101/><E101/><V131/><F131/><W105/><G62/><T55/><D34/><U40/><REACH who="1" step="1"/><E109/><REACH who="1" ten="243,236,265,246" step="2"/><V123/><F123/><W45/><G105/><T102/><D102/><U120/><E120/><V60/><F69/><W0/><G0/><T130/><D130/><U58/><E58/><V59/><F68/><W117/><G3/><T57/><D57/><U124/><E124/><V43/><F59/><W39/><G71/><T22/><REACH who="0" step="1"/><D8/><REACH who="0" ten="233,236,265,246" step="2"/><U103/><E103/><V116/><F63/><W33/><G9/><T119/><D119/><U56/><E56/><V121/><F60/><W107/><G61/><T24/><D24/><U126/><E126/><V94/><F116/><W127/><G117/><T66/><AGARI ba="0,2" hai="5,11,14,17,22,26,52,55,64,65,66,76,77,78" machi="66" ten="30,7900,0" yaku="1,1,0,1,8,1,54,1,53,0" doraHai="113" doraHaiUra="25" who="0" fromWho="0" sc="233,99,236,-39,265,-20,246,-20" /><INIT seed="2,0,0,0,3,46" ten="332,197,245,226" oya="2" hai0="62,23,32,29,84,69,93,73,18,48,102,85,135" hai1="5,59,113,7,91,75,55,12,68,22,96,17,21" hai2="124,47,88,89,56,4,72,34,86,95,114,100,127" hai3="49,125,51,33,108,39,87,67,110,106,20,41,9"/><V13/><F34/><W14/><G33/><T58/><D73/><U54/><E113/><V8/><F114/><W99/><G125/><N who="2" m="48201" /><F72/><W65/><G20/><T63/><D32/><U117/><E117/><V82/><F56/><W97/><G87/><T26/><D29/><U71/><E75/><V101/><F47/><W25/><G25/><T36/><D36/><U76/><E76/><V83/><F83/><W115/><G115/><T103/><D69/><U52/><E59/><V42/><F42/><W118/><G118/><T66/><D135/><U119/><E119/><V128/><F128/><W90/><G90/><N who="0" m="53447" /><D63/><U129/><E129/><V130/><F130/><W92/><G106/><T112/><D112/><U0/><E21/><V45/><F45/><W2/><G39/><T3/><D3/><U107/><E0/><V1/><F1/><W40/><G2/><T126/><D126/><U15/><E91/><V35/><F35/><W60/><G60/><T44/><D85/><AGARI ba="0,0" hai="4,8,13,82,85,86,88,89,95,100,101" m="48201" machi="85" ten="30,2900,0" yaku="18,1,54,1" doraHai="46" who="2" fromWho="0" sc="332,-29,197,0,245,29,226,0" /><INIT seed="2,1,0,1,3,2" ten="303,197,274,226" oya="2" hai0="74,51,128,14,112,82,71,90,126,25,103,113,11" hai1="26,83,15,132,110,108,28,3,37,135,68,89,130" hai2="86,27,124,63,129,17,120,42,18,79,107,102,65" hai3="34,127,57,122,131,58,6,0,121,111,19,66,76"/><V40/><F124/><W47/><G127/><T73/><D126/><U75/><E3/><V85/><F120/><W93/><G131/><T32/><D71/><U20/><E130/><V12/><F129/><W91/><G34/><T23/><D128/><U118/><E118/><V24/><F107/><W33/><G111/><N who="1" m="42538" /><E37/><V87/><F102/><W64/><G33/><T117/><D32/><U125/><E125/><V67/><F79/><W45/><G76/><T77/><D103/><U134/><E68/><V98/><F98/><W96/><G19/><N who="2" m="7177" /><F63/><W9/><G58/><T123/><D123/><U49/><E15/><V31/><F12/><W60/><G66/><N who="2" m="25097" /><F31/><W16/><G122/><T61/><D117/><U21/><E75/><V81/><F81/><W13/><REACH who="3" step="1"/><G121/><REACH who="3" ten="303,197,274,216" step="2"/><T53/><D74/><U35/><E49/><V99/><F99/><W46/><G46/><T41/><D51/><U109/><N who="1" m="42546" /><U94/><DORA hai="5" /><E83/><V104/><F104/><W36/><G36/><T114/><D82/><U44/><E44/><V88/><F86/><AGARI ba="1,1" hai="20,21,26,28,35,86,89,94,132,134,135" m="42546" machi="86" ten="50,3200,0" yaku="20,1,14,1" doraHai="2,5" who="1" fromWho="2" sc="303,0,197,45,274,-35,216,0" /><INIT seed="3,0,0,0,2,36" ten="303,242,239,216" oya="3" hai0="111,118,40,121,113,97,37,128,131,56,51,39,32" hai1="123,2,45,81,21,38,57,52,77,87,76,1,91" hai2="133,17,23,13,86,129,16,117,103,44,120,102,49" hai3="31,88,65,83,12,79,46,80,94,54,100,73,4"/><W125/><G125/><T42/><D118/><U29/><E123/><V35/><F117/><W58/><G31/><T15/><D121/><U85/><E38/><N who="0" m="14345" /><D32/><U14/><E45/><V95/><F120/><W110/><G110/><T61/><D97/><U135/><E135/><V53/><F35/><W68/><G68/><T11/><D111/><U132/><E132/><V74/><F74/><W0/><G0/><T19/><D51/><N who="1" m="30879" /><E29/><V22/><F129/><N who="0" m="49738" /><D113/><U122/><E122/><V75/><F75/><W25/><G25/><T116/><D116/><U130/><E130/><V10/><F133/><W93/><G100/><N who="2" m="38441" /><F17/><W92/><G65/><AGARI ba="0,0" hai="11,15,19,40,42,56,61,65" m="49738,14345" machi="65" ten="30,3900,0" yaku="19,1,52,2" doraHai="36" who="0" fromWho="3" sc="303,39,242,0,239,0,216,-39" owari="342,44.2,242,4.2,239,-16.1,177,-32.3" /></mjloggm>