<mjloggm ver="2.3"><GO type="225" lobby="0"/><UN n0="%E6%80%AA%E3%81%97%E3%81%99%E3%81%8E%E3%82%8B%E3%83%81%E3%83%BC" n1="%54%4F%52" n2="%E3%81%82%E3%83%BC%E3%81%97" n3="%E4%B8%AD%E5%B9%B4%E3%81%AE%E5%8D%B1%E6%A9%9F" dan="16,17,16,17" rate="2058.98,2239.89,2098.29,2155.15" sx="M,M,M,M"/><TAIKYOKU oya="0"/><INIT seed="0,0,0,2,3,132" ten="250,250,250,250" oya="0" hai0="101,109,89,51,74,118,10,42,82,93,17,53,7" hai1="29,38,83,28,57,119,67,64,9,6,87,66,73" hai2="84,35,77,40,0,20,122,92,94,33,70,45,50" hai3="112,63,16,108,103,133,106,44,113,65,48,12,104"/><T86/><D118/><U39/><E119/><V100/><F0/><W129/><G133/><T96/><D109/><U49/><E73/><V11/><F122/><W2/><G2/><T114/><D114/><U23/><E39/><V90/><F70/><W43/><G108/><T37/><D74/><U21/><E38/><V58/><F77/><W134/><G134/><T81/><D37/><U117/><E117/><V5/><F20/><W79/><G129/><T127/><D127/><U110/><E110/><V30/><F58/><W22/><G79/><T56/><D42/><U61/><E49/><V34/><F30/><W8/><G103/><T78/><D17/><U19/><E28/><V59/><F59/><W91/><G91/><T95/><REACH who="0" step="1"/><D78/><REACH who="0" ten="240,250,250,250" step="2"/><U27/><E19/><V46/><F40/><W25/><G113/><T75/><D75/><U116/><E116/><V4/><F4/><W125/><G125/><T32/><D32/><U128/><E128/><V31/><F5/><W26/><G112/><T13/><AGARI ba="0,1" hai="7,10,13,51,53,56,81,82,86,89,93,95,96,101" machi="13" ten="20,7800,0" yaku="1,1,0,1,7,1,8,1,53,0" doraHai="132" doraHaiUra="124" who="0" fromWho="0" sc="240,88,250,-26,250,-26,250,-26" /><INIT seed="0,1,0,1,2,54" ten="328,224,224,224" oya="0" hai0="56,3,91,0,37,68,113,15,92,44,76,40,118" hai1="95,74,107,131,5,134,2,72,87,94,1,4,8" hai2="84,83,86,130,34,62,71,67,126,75,12,89,59" hai3="20,49,70,43,27,63,45,31,119,47,115,135,79"/><T88/><D113/><U81/><E107/><V23/><F34/><W80/><G115/><T39/><D68/><U17/><E131/><V26/><F130/><W125/><G119/><T65/><D118/><U50/><E134/><V32/><F126/><W124/><G135/><T120/><D120/><U127/><E127/><V61/><F75/><W9/><G47/><T102/><D39/><U121/><E121/><V78/><F32/><W73/><REACH who="3" step="1"/><G9/><REACH who="3" ten="328,224,224,214" step="2"/><T25/><D44/><U16/><E8/><V41/><F41/><W46/><G46/><T111/><D40/><U105/><E1/><V36/><F36/><W58/><G58/><T104/><D56/><U82/><E2/><V123/><F123/><W101/><G101/><T57/><D102/><U129/><E129/><V133/><F133/><W103/><G103/><T21/><D57/><U28/><E105/><V13/><F71/><W106/><G106/><T77/><D37/><U22/><E50/><V6/><F62/><W90/><G90/><T7/><D88/><U55/><E55/><V10/><F10/><W48/><G48/><T96/><D91/><U19/><E74/><V66/><F66/><AGARI ba="1,1" hai="20,27,31,43,45,49,63,66,70,73,79,80,124,125" machi="66" ten="40,2600,0" yaku="1,1,53,1" doraHai="54" doraHaiUra="64" who="3" fromWho="2" sc="328,0,224,0,224,-29,214,39" /><INIT seed="1,0,0,2,1,127" ten="328,224,195,253" oya="1" hai0="47,124,125,14,4,91,9,71,11,68,76,121,53" hai1="21,23,69,101,133,20,54,81,62,7,34,56,49" hai2="80,82,128,18,50,40,35,134,65,103,5,51,83" hai3="30,102,73,106,123,104,8,131,17,0,6,86,31"/><U60/><E133/><V129/><F35/><W96/><G123/><T98/><D121/><U112/><E112/><V117/><F117/><W88/><G104/><T95/><D76/><U55/><E34/><V135/><F103/><W118/><G118/><T114/><D114/><U79/><E101/><V48/><F65/><W19/><G73/><T99/><D99/><U13/><E69/><V89/><F5/><W75/><G75/><T72/><D72/><U63/><E7/><V22/><F89/><W90/><G90/><T107/><D107/><U10/><E10/><V57/><F57/><W66/><G66/><T42/><D53/><U113/><E113/><V84/><F84/><W110/><G110/><T43/><D11/><U29/><E13/><N who="2" m="9551" /><F40/><W78/><G78/><T122/><D43/><U85/><REACH who="1" step="1"/><E55/><REACH who="1" ten="328,214,195,253" step="2"/><V25/><F25/><AGARI ba="0,1" hai="20,21,23,25,29,49,54,56,60,62,63,79,81,85" machi="25" ten="40,7700,0" yaku="1,1,2,1,8,1,53,0" doraHai="127" doraHaiUra="15" who="1" fromWho="2" sc="328,0,214,87,195,-77,253,0" /><INIT seed="1,1,0,4,0,99" ten="328,301,118,253" oya="1" hai0="84,37,68,22,107,74,132,70,10,33,4,133,77" hai1="124,15,11,116,18,26,134,110,66,7,61,60,23" hai2="30,81,126,52,73,92,54,67,117,45,89,129,56" hai3="8,93,58,62,125,69,17,25,63,36,41,98,131"/><U122/><E116/><V76/><F117/><W3/><G125/><T71/><D33/><U112/><E124/><V9/><F126/><W96/><G131/><T87/><D107/><U49/><E112/><V27/><F129/><W1/><G36/><T105/><D105/><U128/><E128/><V83/><F9/><W29/><G41/><T53/><D37/><U135/><E122/><V51/><F81/><W24/><G69/><T86/><D22/><U46/><E110/><V104/><F104/><W103/><G96/><T6/><D53/><U72/><E72/><V106/><F106/><W32/><G63/><T0/><REACH who="0" step="1"/><D6/><REACH who="0" ten="318,301,118,253" step="2"/><U42/><REACH who="1" step="1"/><E61/><REACH who="1" ten="318,291,118,253" step="2"/><V100/><F67/><W121/><G121/><T13/><D13/><U44/><E44/><V114/><F114/><W59/><G62/><T90/><D90/><U82/><E82/><AGARI ba="1,2" hai="0,4,10,68,70,71,74,77,82,84,86,87,132,133" machi="82" ten="50,1600,0" yaku="1,1,53,0" doraHai="99" doraHaiUra="40" who="0" fromWho="1" sc="318,39,291,-19,118,0,253,0" /><INIT seed="2,0,0,1,1,35" ten="357,272,118,253" oya="2" hai0="53,20,134,124,89,65,94,128,10,17,23,59,66" hai1="52,71,120,32,57,1,78,37,130,100,104,63,87" hai2="48,91,15,47,81,33,27,99,125,18,26,56,7" hai3="114,68,30,133,41,115,36,69,74,75,119,129,82"/><V40/><F125/><W25/><G82/><T110/><D110/><U45/><E32/><V90/><F33/><N who="3" m="20687" /><G119/><T14/><D134/><U76/><E130/><V29/><F7/><W132/><G41/><T16/><D128/><U11/><E120/><V97/><F29/><W85/><G85/><N who="0" m="52527" /><D124/><U6/><E71/><N who="3" m="27210" /><G36/><T88/><D88/><N who="2" m="33834" /><F81/><W70/><N who="3" m="27218" /><W22/><DORA hai="101" /><G22/><N who="0" m="8235" /><D17/><U34/><E34/><V92/><F56/><W55/><G55/><T13/><D13/><U44/><E87/><V46/><F46/><W98/><G98/><N who="2" m="37385" /><F92/><W62/><G62/><AGARI ba="0,0" hai="10,14,16,53,59,62,65,66" m="8235,52527" machi="62" ten="30,2000,0" yaku="8,1,54,1" doraHai="35,101" who="0" fromWho="3" sc="357,20,272,0,118,0,253,-20" /><INIT seed="3,0,0,2,5,92" ten="377,272,118,233" oya="3" hai0="49,54,95,116,9,64,10,124,80,122,66,83,24" hai1="51,106,39,23,30,19,125,108,130,31,69,90,87" hai2="3,7,8,40,59,42,86,128,105,28,35,22,56" hai3="18,115,37,104,5,77,27,74,81,79,114,0,131"/><W121/><G18/><T67/><D116/><U26/><E39/><V109/><F105/><W119/><G27/><T68/><D68/><U20/><E69/><V1/><F109/><W45/><G79/><T65/><D124/><U12/><E106/><V89/><F128/><W17/><G17/><T76/><D122/><U25/><E108/><V75/><F75/><W98/><G119/><T58/><D67/><U34/><E125/><V6/><F35/><W91/><G91/><T62/><D95/><U50/><E130/><V127/><F127/><W88/><G88/><T29/><D62/><U129/><E129/><V102/><F102/><N who="3" m="62551" /><G121/><T21/><REACH who="0" step="1"/><D80/><AGARI ba="0,0" hai="12,19,20,23,25,26,30,31,34,50,51,80,87,90" machi="80" ten="30,1000,0" yaku="7,1" doraHai="92" who="1" fromWho="0" sc="377,-10,272,10,118,0,233,0" owari="367,46.7,282,8.2,118,-38.2,233,-16.7" /></mjloggm>