<mjloggm ver="2.3"><GO type="225" lobby="0"/><UN n0="%E3%81%A1%E3%82%85%E3%81%86%E3%81%A9%E3%81%8F%E8%B1%A1%E3%81%95%E3%82%93" n1="%E3%81%AF%E3%82%88%E3%81%8A%E3%81%98%E3%81%95%E3%82%93" n2="%E3%81%95%E3%81%8D%E3%81%9F%E3%81%BE%E6%9E%97%E6%AA%8E" n3="%E3%83%B4%E3%83%A0%EF%BC%99%E3%81%A6" dan="17,16,16,17" rate="2207.51,2135.16,2145.85,2180.34" sx="M,M,M,M"/><TAIKYOKU oya="0"/><INIT seed="0,0,0,1,4,1" ten="250,250,250,250" oya="0" hai0="24,103,102,65,111,5,8,48,99,121,109,26,27" hai1="83,17,122,129,92,50,120,20,57,82,12,29,70" hai2="32,77,16,2,43,14,21,104,37,63,33,25,11" hai3="10,6,60,30,58,115,47,59,128,85,101,117,42"/><T15/><D121/><U88/><E70/><V53/><F104/><W35/><G115/><T105/><D102/><U51/><E129/><V36/><F77/><W84/><G128/><T3/><D65/><U127/><E127/><V0/><F43/><W34/><G117/><T71/><D71/><U108/><E108/><N who="0" m="41545" /><D48/><N who="1" m="18475" /><E122/><V116/><F116/><W62/><G101/><T9/><D26/><N who="1" m="16583" /><E57/><V98/><F98/><W96/><G58/><T56/><D56/><U49/><N who="1" m="18483" /><U61/><DORA hai="69" /><E61/><V132/><F53/><W135/><G60/><T28/><D28/><U76/><E76/><V130/><F63/><W113/><G30/><T80/><D80/><U64/><E64/><V39/><F130/><W18/><G59/><T86/><D86/><N who="1" m="52247" /><E120/><V107/><F107/><W54/><G62/><T124/><D124/><U81/><E83/><V100/><F100/><W114/><G114/><T131/><D131/><U119/><E119/><V89/><F89/><W66/><G66/><T134/><D134/><U123/><E123/><V22/><F132/><W7/><G113/><T106/><D105/><U78/><E78/><V126/><F126/><W91/><G135/><T31/><D31/><U45/><E45/><V90/><F90/><W133/><G91/><T125/><D125/><U46/><E46/><V4/><REACH who="2" step="1"/><F2/><REACH who="2" ten="250,250,240,250" step="2"/><W44/><G133/><T95/><D106/><U110/><E110/><V79/><F79/><W87/><G44/><T52/><D52/><U38/><E38/><V23/><F23/><AGARI ba="0,1" hai="12,17,23,81,82" m="52247,16583,18483" machi="23" ten="30,2000,0" yaku="8,1,54,1" doraHai="1,69" who="1" fromWho="2" sc="250,0,250,30,240,-20,250,0" /><INIT seed="1,0,0,4,2,87" ten="250,280,220,250" oya="1" hai0="88,77,90,107,28,94,121,73,50,124,119,16,125" hai1="101,56,114,122,67,64,92,72,26,132,123,118,63" hai2="6,85,76,89,22,102,82,37,9,58,29,112,33" hai3="80,15,105,32,61,108,24,111,81,97,39,131,93"/><U8/><E114/><V100/><F112/><W120/><G120/><T115/><D115/><U23/><E118/><V5/><F37/><W128/><G105/><T34/><D119/><U62/><E72/><V47/><F33/><W43/><G15/><T109/><D107/><U36/><E36/><V68/><F68/><W127/><G61/><T103/><D121/><U11/><E132/><V116/><F116/><W49/><G39/><T45/><D109/><N who="3" m="42057" /><G127/><N who="0" m="48715" /><D77/><U130/><E130/><N who="3" m="49706" /><G43/><N who="0" m="24895" /><D73/><U48/><E48/><V1/><F6/><W96/><G49/><T40/><D40/><U126/><E123/><V13/><F47/><W20/><G32/><T110/><D110/><U35/><E35/><V2/><F2/><W51/><G51/><T14/><D34/><U104/><E104/><V133/><F133/><W78/><G78/><T117/><D117/><U75/><E75/><V4/><F4/><W79/><G79/><T135/><D135/><U0/><E0/><V60/><F76/><W30/><G96/><N who="0" m="59799" /><D28/><N who="1" m="17503" /><E122/><V91/><F1/><W10/><G10/><AGARI ba="0,0" hai="10,14,16,88,90" m="59799,24895,48715" machi="10" ten="30,8000,1" yaku="18,1,52,2,54,2" doraHai="87" who="0" fromWho="3" sc="250,80,280,0,220,0,250,-80" /><INIT seed="2,0,0,0,5,117" ten="330,280,220,170" oya="2" hai0="10,130,110,57,94,48,0,31,41,121,54,82,96" hai1="4,99,86,51,65,111,5,15,20,28,35,89,114" hai2="13,6,108,33,39,133,100,135,134,97,63,116,30" hai3="46,73,24,61,16,113,60,74,69,25,83,27,32"/><V44/><F116/><W67/><G113/><T77/><D110/><U53/><E114/><V104/><F108/><W37/><G32/><T105/><D105/><U23/><E35/><V9/><F33/><W1/><G1/><T98/><D31/><U95/><E65/><V71/><F30/><W112/><G112/><T75/><D130/><U128/><E128/><V115/><F115/><W103/><G103/><T106/><D106/><U102/><E111/><V90/><F90/><W2/><G2/><T62/><D121/><U107/><E28/><V8/><F8/><W43/><G61/><T11/><D0/><U64/><E64/><N who="2" m="41375" /><F44/><W72/><REACH who="3" step="1"/><G83/><REACH who="3" ten="330,280,220,160" step="2"/><T21/><D62/><U131/><E131/><V84/><F39/><W76/><G76/><T19/><D82/><U126/><E102/><V93/><F104/><W120/><G120/><T123/><D77/><U81/><E107/><V66/><F66/><W14/><G14/><T12/><D12/><U50/><E15/><V118/><F118/><W29/><G29/><T55/><D123/><U38/><E38/><V132/><F134/><W42/><G42/><T109/><D41/><U70/><E81/><V18/><F6/><W47/><G47/><T129/><D129/><U52/><E4/><V78/><F78/><W101/><G101/><T17/><D109/><U7/><E5/><V45/><F45/><W3/><G3/><T36/><D36/><U80/><E7/><V85/><AGARI ba="0,1" hai="9,13,18,84,85,93,97,100,132,133,135" m="41375" machi="85" ten="40,2100,0" yaku="20,1" doraHai="117" who="2" fromWho="2" sc="330,-7,280,-7,220,31,160,-7" /><INIT seed="2,1,0,5,5,31" ten="323,273,251,153" oya="2" hai0="84,103,96,107,132,28,108,63,110,47,88,16,126" hai1="106,111,94,114,61,109,67,39,119,21,56,89,22" hai2="74,121,120,41,43,127,46,5,76,79,80,117,53" hai3="32,52,78,1,8,60,95,68,13,82,7,0,71"/><V134/><F117/><W72/><G95/><N who="0" m="54663" /><D28/><U59/><E119/><V19/><F134/><W4/><G32/><T70/><D132/><U55/><E114/><V2/><F127/><W38/><G38/><T12/><D47/><U64/><E106/><V66/><F66/><W40/><G40/><T115/><D115/><U101/><E101/><V17/><F43/><W99/><G99/><T25/><D25/><U51/><E39/><N who="2" m="21823" /><F79/><W34/><G34/><T30/><D30/><U123/><E123/><N who="2" m="47179" /><F53/><W113/><G113/><T23/><D126/><U44/><E109/><N who="0" m="42089" /><D63/><N who="1" m="37991" /><E111/><V27/><F27/><W42/><G42/><T20/><D70/><U26/><E26/><V62/><F62/><W93/><G93/><T54/><D54/><U29/><E29/><V14/><F14/><W122/><G122/><T50/><D50/><U58/><E59/><V69/><F69/><W112/><G112/><T129/><D20/><U97/><AGARI ba="1,0" hai="21,22,44,51,55,58,61,67,89,94,97" m="37991" machi="97" ten="30,1100,0" yaku="8,1" doraHai="31" who="1" fromWho="1" sc="323,-4,273,14,251,-6,153,-4" /><INIT seed="3,0,0,5,3,106" ten="319,287,245,149" oya="3" hai0="41,79,128,85,80,113,78,62,117,67,112,129,11" hai1="86,22,81,51,36,71,34,127,70,94,52,33,92" hai2="122,131,46,29,54,134,35,58,125,25,49,13,75" hai3="120,103,31,95,102,98,73,61,16,5,87,104,26"/><W83/><G120/><T109/><D117/><U38/><E127/><V19/><F125/><W56/><G5/><T72/><D41/><U130/><E130/><N who="0" m="50281" /><D109/><U76/><E34/><V119/><F131/><W65/><G102/><T115/><D11/><U6/><E33/><V135/><F122/><W55/><G104/><T24/><D24/><U66/><E36/><V32/><F32/><W15/><G31/><T14/><D14/><U59/><E38/><V101/><F101/><W116/><G116/><T28/><D28/><U74/><E6/><V60/><F119/><W17/><G26/><T64/><D62/><U90/><E66/><N who="0" m="25129" /><D78/><U30/><E94/><V0/><F0/><W133/><G133/><T48/><D48/><U88/><E90/><V2/><F2/><W91/><G65/><T27/><D27/><U123/><E123/><V40/><F75/><AGARI ba="0,0" hai="72,75,79,80,85,112,113,115" m="25129,50281" machi="75" ten="40,8000,1" yaku="11,1,19,1,52,2" doraHai="106" who="0" fromWho="2" sc="319,80,287,0,245,-80,149,0" owari="399,49.9,287,8.7,165,-23.5,149,-35.1" /></mjloggm>