<mjloggm ver="2.3"><GO type="225" lobby="0"/><UN n0="%E6%9A%87%E4%BA%BA%EF%BC%A0%E9%85%8D%E4%BF%A1%E5%9E%A2" n1="%E3%82%B4%E3%83%AA%E3%83%91%E3%83%A9" n2="%E8%A8%88%E7%AE%97%E6%A9%9F%E8%87%AA%E7%84%B6" n3="%E9%B3%B3%E6%9D%B1%E3%81%AE%E3%81%86%E3%81%95%E3%81%8E%E3%81%95%E3%82%93" dan="17,16,17,17" rate="2221.34,2110.66,2191.69,2237.06" sx="M,M,M,M"/><TAIKYOKU oya="0"/><INIT seed="0,0,0,0,3,127" ten="250,250,250,250" oya="0" hai0="91,24,31,30,19,110,113,53,132,61,85,94,62" hai1="26,37,96,72,18,74,15,1,133,49,8,114,22" hai2="23,92,83,21,28,130,119,121,87,45,34,103,99" hai3="57,109,81,129,115,111,88,50,76,42,131,20,75"/><T124/><D113/><U69/><E69/><V106/><F121/><W105/><G115/><T73/><D124/><U12/><E37/><V2/><F2/><W5/><G105/><T80/><D132/><U79/><E133/><V16/><F119/><W35/><G35/><T58/><D110/><N who="3" m="41993" /><G5/><T17/><D61/><U7/><E79/><V134/><F134/><W102/><G102/><T116/><D116/><U14/><E114/><V108/><F108/><W25/><G88/><N who="0" m="51239" /><D73/><U118/><E118/><V67/><F34/><W97/><G97/><N who="0" m="57567" /><D17/><U56/><E96/><V128/><F106/><W78/><G76/><T77/><D77/><U29/><E72/><V32/><F32/><W86/><G75/><T117/><D117/><U52/><REACH who="1" step="1"/><E74/><REACH who="1" ten="250,240,250,250" step="2"/><V104/><F99/><W95/><G95/><T89/><D89/><U11/><AGARI ba="0,1" hai="1,7,8,11,12,14,15,18,22,26,29,49,52,56" machi="11" ten="20,8000,1" yaku="1,1,2,1,0,1,7,1,54,1,53,0" doraHai="127" doraHaiUra="60" who="1" fromWho="1" sc="250,-40,240,90,250,-20,250,-20" /><INIT seed="1,0,0,1,5,3" ten="210,330,230,230" oya="1" hai0="112,77,124,90,106,70,4,128,10,13,21,29,127" hai1="52,44,35,18,39,92,91,126,60,135,104,62,75" hai2="108,123,89,22,61,121,78,134,64,114,102,82,12" hai3="67,74,37,16,51,32,80,120,14,132,76,65,42"/><U117/><E117/><V88/><F108/><W49/><G120/><T68/><D112/><U87/><E126/><N who="0" m="48169" /><D128/><U17/><E135/><V45/><F134/><W71/><G132/><T53/><D106/><U84/><E35/><V119/><F119/><W5/><G32/><T72/><D90/><U15/><E104/><V30/><F102/><W6/><G37/><T110/><D110/><U103/><E103/><V105/><F105/><W7/><G71/><N who="0" m="27179" /><D53/><U28/><E75/><V98/><F114/><W81/><G81/><N who="0" m="45223" /><D21/><U66/><E39/><V56/><F89/><W85/><G74/><T93/><D93/><U94/><E66/><N who="3" m="25098" /><G42/><T95/><D95/><U57/><E62/><V116/><F116/><W9/><AGARI ba="0,0" hai="5,6,7,9,14,16,49,51,76,80,85" m="25098" machi="9" ten="30,8000,1" yaku="8,1,52,3,54,1" doraHai="3" who="3" fromWho="3" sc="210,-20,330,-40,230,-20,230,80" /><INIT seed="2,0,0,1,3,85" ten="190,290,210,310" oya="2" hai0="79,33,68,106,32,46,112,131,8,26,60,111,81" hai1="27,48,70,45,87,40,64,31,0,123,99,115,6" hai2="14,38,74,23,127,24,21,36,12,53,9,128,110" hai3="103,55,98,47,30,132,29,66,97,95,10,42,129"/><V56/><F74/><W83/><G129/><T122/><D122/><U119/><E115/><V94/><F128/><W19/><G132/><T121/><D121/><U133/><E119/><V41/><F127/><W34/><G66/><T16/><D112/><U25/><E133/><V117/><F117/><W105/><G55/><T82/><D131/><U135/><E135/><V120/><F120/><W126/><G126/><T124/><D124/><U44/><E123/><V20/><F110/><W125/><G83/><T93/><D106/><U71/><E99/><V73/><F73/><W4/><G19/><T108/><D46/><U51/><E6/><V96/><F24/><W62/><G62/><T107/><D107/><U59/><E87/><V28/><F28/><W2/><G34/><N who="0" m="13419" /><D93/><U39/><E0/><V15/><F9/><W50/><REACH who="3" step="1"/><G125/><REACH who="3" ten="190,290,210,300" step="2"/><T88/><D60/><U3/><E64/><V35/><F35/><W43/><G43/><T52/><D52/><U80/><E40/><V57/><F41/><W89/><AGARI ba="0,1" hai="2,4,10,29,30,42,47,50,89,95,97,98,103,105" machi="89" ten="20,5200,0" yaku="1,1,0,1,7,1,52,1,53,0" doraHai="85" doraHaiUra="134" who="3" fromWho="3" sc="190,-13,290,-13,210,-26,300,62" /><INIT seed="3,0,0,0,5,78" ten="177,277,184,362" oya="3" hai0="109,23,66,39,43,129,56,74,131,88,25,94,72" hai1="40,118,32,37,14,103,46,126,53,114,2,134,127" hai2="97,7,132,85,115,101,5,57,22,124,70,83,50" hai3="84,113,69,4,26,86,98,51,125,64,6,54,12"/><W104/><G113/><T82/><D109/><U105/><E114/><V99/><F70/><W122/><G122/><T20/><D39/><U87/><E134/><V45/><F115/><W128/><G69/><T100/><D43/><U102/><E2/><V42/><F132/><W24/><G64/><T29/><D20/><U75/><E75/><V58/><F124/><W3/><G3/><T30/><D30/><U61/><E118/><V8/><F22/><W63/><G63/><N who="0" m="38247" /><D82/><U95/><E32/><V91/><F97/><W10/><G128/><N who="0" m="49227" /><D100/><U89/><E103/><V112/><F112/><W31/><G98/><AGARI ba="0,0" hai="23,25,29,72,74,88,94,98" m="49227,38247" machi="98" ten="30,2000,0" yaku="19,1,54,1" doraHai="78" who="0" fromWho="3" sc="177,20,277,0,184,0,362,-20" owari="197,-20.3,277,7.7,184,-31.6,342,44.2" /></mjloggm>