<mjloggm ver="2.3"><GO type="225" lobby="0"/><UN n0="%E7%B4%94%E6%BD%94%E3%83%94%E3%83%A9%E3%83%8B%E3%82%A2" n1="%E7%99%BD%E5%92%B2%E8%8A%B1%E3%81%A1%E3%82%83%E3%82%93" n2="%6D%75%75%6D%75%72%61" n3="%E6%98%93%E5%88%A9%E8%96%A9%E4%BC%AF" dan="16,16,16,16" rate="2163.04,2084.03,2121.11,2045.35" sx="M,F,F,F"/><TAIKYOKU oya="0"/><INIT seed="0,0,0,1,5,32" ten="250,250,250,250" oya="0" hai0="40,131,84,68,74,72,59,102,54,2,116,38,26" hai1="78,111,128,92,71,56,24,122,5,121,53,18,11" hai2="37,69,51,80,33,112,77,104,7,42,100,64,47" hai3="39,49,125,17,106,96,13,14,19,132,31,118,110"/><T123/><D123/><U66/><E111/><V73/><F112/><W99/><G39/><T124/><D116/><U0/><E128/><V75/><F33/><W61/><G118/><T62/><D131/><U101/><E78/><V27/><F27/><W46/><G31/><T94/><D124/><U12/><E71/><V28/><F28/><W86/><G132/><T20/><D68/><U30/><E66/><V113/><F113/><W16/><G110/><T114/><D114/><U135/><E135/><V44/><F75/><W134/><G125/><T8/><D38/><U50/><E92/><V67/><F69/><W45/><G61/><T15/><D40/><U58/><E58/><V52/><REACH who="2" step="1"/><F7/><REACH who="2" ten="250,250,240,250" step="2"/><W119/><G119/><T95/><D74/><U82/><E30/><V23/><F23/><W4/><G4/><T48/><D72/><U90/><E24/><V22/><F22/><W57/><G134/><T36/><D20/><U1/><E121/><V89/><F89/><W129/><G129/><T10/><D26/><U34/><E34/><V91/><F91/><W127/><G127/><T55/><D102/><U63/><E122/><V93/><F93/><W98/><G106/><T3/><D94/><U109/><E101/><V115/><F115/><W79/><G79/><T60/><D95/><U29/><E29/><V108/><F108/><W133/><G133/><T83/><D83/><U9/><E109/><V103/><F103/><W6/><G6/><T117/><D117/><U85/><E63/><V25/><F25/><W41/><G19/><T107/><D107/><U126/><E126/><RYUUKYOKU ba="0,1" sc="250,-15,250,15,240,15,250,-15" hai1="0,1,5,9,11,12,18,50,53,56,82,85,90" hai2="37,42,44,47,51,52,64,67,73,77,80,100,104" /><INIT seed="1,1,1,1,5,107" ten="235,265,255,235" oya="1" hai0="110,73,121,42,46,117,18,4,69,24,109,20,89" hai1="17,77,26,8,12,68,131,102,124,31,96,70,45" hai2="33,10,111,97,130,7,16,9,103,79,37,112,95" hai3="5,61,48,15,36,84,13,62,76,81,72,71,105"/><U47/><E131/><V115/><F130/><W101/><G36/><T82/><D69/><U78/><E124/><V94/><F111/><N who="0" m="42506" /><D4/><U88/><E70/><V30/><F37/><W52/><G105/><T98/><D117/><U66/><E68/><V127/><F127/><W3/><G101/><T22/><D22/><U27/><E66/><V38/><F38/><W32/><G32/><T34/><D34/><U116/><E116/><V14/><F79/><W120/><G120/><T108/><N who="0" m="42514" /><T64/><DORA hai="74" /><D64/><U50/><E102/><V80/><F80/><W35/><G35/><T91/><D98/><U54/><E47/><V125/><F95/><W40/><G40/><T56/><D56/><U11/><E11/><V63/><F63/><W129/><G129/><T128/><D121/><U65/><E65/><V100/><F100/><W6/><G3/><T83/><D128/><U41/><E41/><V132/><F132/><W60/><G71/><T134/><D134/><U1/><E1/><V123/><F123/><W90/><G6/><T23/><D23/><N who="1" m="15839" /><E27/><N who="2" m="18655" /><F10/><W67/><G5/><T93/><D73/><U122/><E122/><V135/><F135/><W49/><G67/><T51/><D89/><U119/><E119/><V53/><F125/><W28/><G28/><T25/><D25/><U59/><E59/><V44/><F7/><W118/><G118/><T113/><D24/><U55/><E54/><V0/><F0/><W86/><G52/><T126/><D126/><U19/><E19/><V58/><F58/><W43/><G72/><T104/><D18/><U29/><E29/><RYUUKYOKU ba="1,1" sc="235,-15,265,15,255,15,235,-15" hai1="8,12,17,45,50,55,77,78,88,96" hai2="9,14,16,44,53,94,97,103,112,115" /><INIT seed="1,2,1,3,5,31" ten="220,280,270,220" oya="1" hai0="112,56,113,48,22,122,11,26,114,73,77,133,123" hai1="100,85,54,103,20,28,92,101,94,91,40,89,84" hai2="72,107,64,24,52,4,36,132,5,59,108,102,88" hai3="34,111,17,96,9,13,18,44,8,35,130,68,80"/><U135/><E135/><V62/><F132/><W53/><G68/><T87/><D133/><U55/><REACH who="1" step="1"/><E40/><REACH who="1" ten="220,270,270,220" step="2"/><V42/><F42/><W70/><G130/><T99/><D112/><U41/><E41/><V12/><F36/><W14/><G70/><T15/><D113/><U32/><E32/><V47/><F47/><W76/><G111/><T128/><D114/><U29/><E29/><V19/><F108/><W69/><G69/><T65/><D128/><U131/><E131/><V97/><F59/><W104/><G44/><T81/><D123/><U83/><E83/><V60/><F64/><W46/><G46/><T95/><D122/><U93/><E93/><V71/><F71/><W1/><G53/><T66/><D56/><U127/><E127/><V61/><F52/><W118/><G118/><T50/><D65/><U38/><E38/><V39/><F39/><W25/><G35/><T30/><D66/><U120/><E120/><V109/><F109/><W37/><G37/><T124/><D124/><U49/><E49/><V16/><F60/><W125/><G125/><T78/><D48/><U27/><AGARI ba="2,2" hai="20,27,28,54,55,84,85,89,91,92,94,100,101,103" machi="27" ten="30,11700,0" yaku="1,1,0,1,9,1,8,1,53,0" doraHai="31" doraHaiUra="45" who="1" fromWho="1" sc="220,-41,270,143,270,-41,220,-41" /><INIT seed="1,3,0,5,2,106" ten="179,413,229,179" oya="1" hai0="48,108,25,79,77,42,75,81,14,34,23,17,124" hai1="28,46,71,43,54,4,103,134,6,126,76,127,110" hai2="85,49,123,47,94,59,100,120,89,64,90,45,98" hai3="50,18,129,55,125,38,57,32,128,116,16,44,132"/><U107/><E71/><V22/><F90/><W13/><G32/><T12/><D108/><U1/><E110/><V53/><F22/><W70/><G116/><T11/><D124/><U58/><E76/><V96/><F96/><W65/><G125/><T102/><D102/><U105/><E28/><V97/><F97/><W41/><G132/><T5/><D79/><U114/><E103/><V135/><F135/><W82/><G82/><T112/><D112/><U111/><E111/><V72/><F72/><W52/><G55/><T84/><D34/><U40/><E46/><V30/><F30/><W91/><G91/><T20/><D75/><U19/><E19/><N who="3" m="7210" /><G13/><T33/><D33/><U104/><E54/><V115/><F115/><W78/><G78/><T99/><D99/><U109/><E114/><V9/><F9/><W21/><G21/><N who="0" m="11431" /><D25/><U122/><E109/><V95/><REACH who="2" step="1"/><F64/><REACH who="2" ten="179,413,219,179" step="2"/><W36/><G36/><T92/><D92/><U51/><E134/><V73/><F73/><W69/><G69/><T29/><D29/><U83/><E126/><V101/><F101/><W67/><G67/><T24/><D24/><U15/><E127/><V0/><F0/><W2/><G2/><T62/><D20/><U56/><E1/><V86/><F86/><W121/><G121/><AGARI ba="3,1" hai="45,47,49,53,59,85,89,94,95,98,100,120,121,123" machi="121" ten="40,1300,0" yaku="1,1,53,0" doraHai="106" doraHaiUra="60" who="2" fromWho="3" sc="179,0,413,0,219,32,179,-22" /><INIT seed="2,0,0,4,0,126" ten="179,413,251,157" oya="2" hai0="28,32,50,8,89,113,71,47,97,135,77,58,74" hai1="22,116,19,57,53,94,61,130,101,64,92,26,110" hai2="70,31,129,107,117,106,102,87,95,49,63,7,48" hai3="99,60,37,81,125,13,11,54,84,35,23,25,59"/><V34/><F117/><W121/><G125/><T123/><D71/><U100/><E130/><V40/><F107/><W72/><G121/><T83/><D113/><U73/><E110/><V38/><F38/><W30/><G37/><T91/><D135/><U15/><E73/><V0/><F7/><W21/><G72/><T56/><D123/><U115/><E116/><V17/><F0/><W103/><G99/><T45/><D45/><U4/><E115/><V67/><F17/><W16/><REACH who="3" step="1"/><G103/><REACH who="3" ten="179,413,251,147" step="2"/><T43/><D97/><U134/><E101/><V41/><F102/><W114/><G114/><T3/><D89/><AGARI ba="0,1" hai="11,13,16,21,23,25,30,35,54,59,60,81,84,89" machi="89" ten="30,7700,0" yaku="1,1,7,1,54,1,53,1" doraHai="126" doraHaiUra="6" who="3" fromWho="0" sc="179,-77,413,0,251,0,147,87" /><INIT seed="3,0,0,3,3,29" ten="102,413,251,234" oya="3" hai0="31,13,10,112,36,105,55,101,72,11,28,43,38" hai1="95,56,24,128,108,6,59,2,130,58,9,25,89" hai2="124,91,121,45,19,67,12,117,81,41,26,129,77" hai3="76,42,48,116,109,52,63,69,35,92,127,107,61"/><W120/><G116/><T113/><D72/><U27/><REACH who="1" step="1"/><E108/><REACH who="1" ten="102,403,251,234" step="2"/><V86/><F117/><W50/><G120/><T53/><D101/><U39/><E39/><V123/><F123/><W93/><G107/><T110/><D105/><U132/><E132/><V104/><F121/><W0/><G0/><T125/><D13/><U75/><E75/><V131/><F12/><W1/><G1/><T44/><D44/><U7/><E7/><V30/><F45/><N who="3" m="25655" /><G69/><T23/><D43/><U115/><E115/><V74/><F41/><W133/><G35/><T99/><D110/><U98/><AGARI ba="0,1" hai="2,6,9,24,25,27,56,58,59,89,95,98,128,130" machi="98" ten="40,5200,0" yaku="21,2,0,1,53,0" doraHai="29" doraHaiUra="57" who="1" fromWho="1" sc="102,-13,403,62,251,-13,234,-26" owari="89,-41.1,465,56.5,238,3.8,208,-19.2" /></mjloggm>