<mjloggm ver="2.3"><GO type="225" lobby="0"/><UN n0="%E3%81%BF%E3%81%BF%E3%81%9A" n1="%E3%83%AD%E3%83%83%E3%83%86%E9%9B%80%E7%90%83" n2="%E6%A1%9C%E8%8A%B1%E9%96%83%E3%80%85" n3="%E6%97%A5%E6%9B%9C%E6%97%A5%E3%82%88%E3%82%8A%E3%81%AE%E4%BD%BF%E8%80%85" dan="17,17,18,17" rate="2177.97,2266.53,2258.62,2190.34" sx="M,M,M,M"/><TAIKYOKU oya="0"/><INIT seed="0,0,0,3,2,111" ten="250,250,250,250" oya="0" hai0="17,103,40,20,131,16,31,130,35,100,77,94,83" hai1="105,34,26,48,13,95,125,43,28,62,19,114,5" hai2="71,1,68,81,7,115,86,6,30,45,89,87,90" hai3="61,80,46,18,122,50,37,101,65,106,64,113,128"/><T135/><D135/><U22/><E105/><V97/><F30/><W8/><G37/><T63/><D40/><U21/><E125/><V69/><F97/><W59/><G106/><T23/><D35/><U36/><E36/><V121/><F121/><W70/><G101/><N who="0" m="38987" /><D94/><U0/><E95/><V29/><F29/><W79/><G122/><T76/><D63/><U49/><E22/><N who="0" m="8233" /><D31/><U99/><E99/><V88/><F115/><W93/><G93/><T9/><D9/><N who="1" m="2215" /><E43/><V47/><F1/><W96/><G96/><T123/><D123/><U119/><E119/><V24/><F24/><W91/><G70/><T60/><D60/><U44/><E44/><N who="2" m="16971" /><F81/><W15/><G80/><T98/><D98/><U75/><E75/><V10/><F10/><W3/><G8/><T11/><D11/><U56/><E114/><V92/><F92/><W133/><G46/><T85/><D77/><U82/><E82/><V84/><AGARI ba="0,0" hai="6,7,68,69,71,84,86,87,88,89,90" m="16971" machi="84" ten="40,8000,1" yaku="29,2,28,2,54,1" doraHai="111" who="2" fromWho="2" sc="250,-40,250,-20,250,80,250,-20" /><INIT seed="1,0,0,1,5,43" ten="210,230,330,230" oya="1" hai0="120,15,18,73,109,87,74,116,88,62,34,48,105" hai1="96,121,21,68,84,86,54,128,65,130,131,41,115" hai2="25,28,99,27,29,91,127,47,64,40,44,49,52" hai3="36,135,92,67,3,16,112,72,123,0,63,103,60"/><U61/><E121/><V110/><F110/><W78/><G36/><T38/><D116/><U100/><E115/><V50/><F127/><W108/><G112/><T35/><D38/><U1/><E1/><V11/><F64/><W85/><G123/><T113/><D113/><U13/><E41/><V90/><F11/><W57/><G72/><T124/><D120/><U111/><E111/><V22/><F99/><N who="3" m="59879" /><G0/><T95/><D109/><U80/><E54/><V5/><F5/><W81/><G3/><T6/><D124/><U114/><E114/><V89/><F89/><W20/><G108/><T32/><D105/><U42/><E42/><V70/><F70/><W132/><G67/><T45/><D62/><U107/><REACH who="1" step="1"/><E80/><REACH who="1" ten="210,220,330,230" step="2"/><V7/><F7/><W14/><G57/><T101/><D6/><U79/><E79/><V102/><F102/><W26/><G14/><T31/><D101/><U46/><E46/><V126/><F126/><W104/><G104/><T94/><D95/><U76/><E76/><V2/><F2/><W8/><G8/><T33/><N who="0" m="8192" /><DORA hai="17" /><T24/><D15/><U125/><E125/><V19/><F27/><W106/><G106/><T51/><D45/><U117/><E117/><V10/><F10/><W56/><G56/><T37/><D24/><U133/><E133/><AGARI ba="0,1" hai="16,20,26,60,63,78,81,85,132,133,135" m="59879" machi="133" ten="30,3900,0" yaku="20,1,52,1,54,1" doraHai="43,17" who="3" fromWho="1" sc="210,0,220,-39,330,0,230,49" /><INIT seed="2,0,0,2,4,47" ten="210,181,330,279" oya="2" hai0="59,62,63,87,94,83,66,54,8,101,73,120,21" hai1="19,32,126,42,57,92,95,78,49,135,118,103,80" hai2="3,29,15,105,28,23,44,61,7,104,30,74,5" hai3="33,17,0,31,26,119,6,37,56,117,99,38,108"/><V1/><F74/><W130/><G56/><T51/><D120/><U97/><E126/><V75/><F75/><W41/><G108/><T48/><D73/><U2/><E135/><V58/><F44/><N who="3" m="23599" /><G130/><T22/><D8/><U20/><E118/><N who="3" m="45066" /><G17/><T131/><D131/><U81/><E2/><N who="2" m="523" /><F58/><W112/><G99/><N who="0" m="59639" /><D63/><U106/><E32/><V34/><F61/><W96/><G96/><T121/><D121/><U102/><E102/><V82/><F82/><W12/><G12/><T133/><D133/><U55/><E42/><V35/><F104/><W116/><G116/><T98/><D98/><U107/><E107/><V9/><F105/><W86/><G86/><T71/><D71/><U45/><E45/><V124/><F124/><W60/><G60/><T111/><D111/><U127/><E127/><V91/><F91/><W53/><G53/><T13/><D13/><U84/><REACH who="1" step="1"/><E81/><REACH who="1" ten="210,171,330,279" step="2"/><V24/><F5/><W123/><G123/><T93/><D93/><U69/><E69/><V115/><F115/><W43/><G112/><T50/><D66/><U76/><E76/><AGARI ba="0,1" hai="21,22,48,50,51,54,59,62,76,83,87" m="59639" machi="76" ten="30,7700,0" yaku="8,1,52,3" doraHai="47" who="0" fromWho="1" sc="210,87,171,-77,330,0,279,0" /><INIT seed="3,0,0,1,3,52" ten="297,94,330,279" oya="3" hai0="127,95,38,132,115,107,97,11,16,10,77,121,23" hai1="35,67,29,106,63,40,0,98,94,57,124,12,64" hai2="84,133,55,73,17,100,28,75,3,113,46,111,32" hai3="44,42,27,45,112,123,118,49,54,59,47,126,78"/><W128/><G112/><T6/><D121/><U13/><E124/><V103/><F3/><W82/><G123/><T102/><D38/><U83/><E0/><V19/><F113/><W37/><G118/><T24/><D115/><U134/><E134/><V81/><F75/><W31/><G128/><T4/><D132/><U79/><E106/><V25/><F73/><W92/><G92/><T135/><D135/><U86/><E40/><V5/><F5/><N who="0" m="2154" /><D107/><U69/><E35/><V90/><F133/><W101/><G101/><T108/><D108/><U20/><E67/><V21/><F111/><W88/><G126/><T41/><D127/><U91/><E69/><V30/><F17/><W51/><G37/><T80/><D41/><U104/><E104/><V8/><F8/><N who="0" m="3114" /><D77/><U120/><E120/><V109/><F109/><W43/><G43/><T68/><D68/><U71/><E71/><V74/><F74/><W48/><G42/><T22/><D23/><U72/><E72/><V93/><F93/><W114/><G78/><T61/><D61/><U15/><E15/><V56/><F46/><W125/><G125/><T9/><N who="0" m="3122" /><T50/><DORA hai="53" /><D50/><U110/><REACH who="1" step="1"/><E110/><REACH who="1" ten="297,84,330,279" step="2"/><V39/><F39/><W70/><G70/><T34/><D34/><U129/><E129/><V1/><F1/><W116/><G114/><T26/><D24/><AGARI ba="0,1" hai="12,13,20,24,29,57,63,64,79,83,86,91,94,98" machi="24" ten="40,8000,1" yaku="1,1,8,1,52,2,53,1" doraHai="52,53" doraHaiUra="89,2" who="1" fromWho="0" sc="297,-80,84,90,330,0,279,0" owari="217,-18.3,174,-32.6,330,43.0,279,7.9" /></mjloggm>