<mjloggm ver="2.3"><GO type="225" lobby="0"/><UN n0="%E8%81%B7%E6%A5%AD%E3%80%81%E9%A2%A8%32" n1="%E7%9C%9F%E4%B8%80" n2="%E9%89%A2%E5%B7%BB%E3%82%AC%E3%83%96" n3="%E5%84%AA%40%41%42%43" dan="16,17,16,17" rate="2162.80,2229.64,2101.22,2242.46" sx="M,M,M,M"/><TAIKYOKU oya="0"/><INIT seed="0,0,0,3,0,120" ten="250,250,250,250" oya="0" hai0="82,126,11,109,129,115,88,114,2,10,57,104,98" hai1="112,116,49,133,67,54,92,131,85,117,121,93,55" hai2="36,26,1,66,12,45,23,106,83,69,32,65,34" hai3="100,58,47,0,64,41,39,125,132,128,60,81,75"/><T122/><D122/><U119/><E121/><V113/><F113/><W87/><G0/><T94/><D126/><U18/><E112/><V13/><F106/><W52/><G125/><T84/><D129/><U118/><E131/><V70/><F1/><W103/><G128/><T48/><D114/><U134/><N who="1" m="29696" /><DORA hai="127" /><U7/><E67/><V53/><F83/><W15/><G75/><T73/><D2/><U77/><E7/><V111/><F23/><W37/><G37/><T105/><D109/><U42/><E77/><V79/><F79/><W108/><G132/><N who="1" m="50794" /><E18/><V99/><F53/><N who="1" m="19977" /><E85/><V38/><F66/><W56/><G108/><T59/><D73/><U110/><E110/><V89/><F65/><W46/><G46/><AGARI ba="0,0" hai="42,46,49,92,93" m="19977,50794,29696" machi="46" ten="60,2000,0" yaku="20,1" doraHai="120,127" who="1" fromWho="3" sc="250,0,250,20,250,0,250,-20" /><INIT seed="1,0,0,0,0,64" ten="250,270,250,230" oya="1" hai0="99,14,110,27,109,40,24,127,57,10,18,71,59" hai1="43,70,16,9,32,107,58,125,119,128,112,36,30" hai2="80,114,81,49,111,132,83,69,67,4,79,88,12" hai3="35,50,44,13,108,46,19,91,118,87,11,66,77"/><U105/><E119/><V28/><F111/><N who="0" m="42506" /><D127/><U131/><E112/><V133/><F114/><W0/><G108/><T21/><D71/><U92/><E125/><V42/><F28/><W85/><G118/><T38/><D27/><N who="1" m="18527" /><E58/><N who="0" m="22025" /><D99/><U123/><E123/><V126/><F126/><W135/><G35/><T20/><D24/><U76/><E76/><V90/><F79/><W98/><G135/><N who="2" m="51785" /><F49/><W86/><G0/><T33/><D33/><U82/><E82/><V56/><F56/><W103/><G66/><T61/><D61/><U26/><E92/><V89/><F42/><W51/><G77/><T53/><D53/><U7/><E70/><V65/><F69/><W54/><G103/><T102/><D102/><U94/><E94/><V130/><F130/><N who="1" m="49705" /><E43/><V34/><F34/><W62/><G98/><T17/><D17/><U31/><E36/><V106/><F106/><W55/><G62/><T96/><D96/><U93/><E93/><AGARI ba="0,0" hai="11,13,19,44,46,50,51,54,55,85,86,87,91,93" machi="93" ten="30,3900,0" yaku="7,1,9,1,8,1" doraHai="64" who="3" fromWho="1" sc="250,0,270,-39,250,0,230,39" /><INIT seed="2,0,0,0,5,83" ten="250,231,250,269" oya="2" hai0="55,58,46,27,103,2,9,56,105,97,121,4,129" hai1="131,34,108,39,66,98,20,124,106,130,81,25,8" hai2="28,3,132,63,119,10,48,95,1,52,113,109,26" hai3="127,122,15,115,29,73,128,6,23,12,30,120,125"/><V18/><F113/><W24/><G73/><T80/><D129/><N who="1" m="49163" /><E39/><V19/><F119/><W88/><G128/><T35/><D121/><N who="3" m="46697" /><G88/><T64/><D64/><U40/><E40/><V50/><F132/><W114/><G30/><T93/><D105/><U75/><E34/><V33/><F63/><W112/><G6/><T117/><D117/><U45/><E45/><V5/><F1/><W11/><G11/><T91/><D46/><U37/><E37/><V87/><F50/><W14/><AGARI ba="0,0" hai="12,14,15,23,24,29,112,114,115,125,127" m="46697" machi="14" ten="40,5200,0" yaku="11,1,34,2" doraHai="83" who="3" fromWho="3" sc="250,-13,231,-13,250,-26,269,52" /><INIT seed="3,0,0,5,0,109" ten="237,218,224,321" oya="3" hai0="11,95,29,10,115,61,19,87,0,68,135,38,100" hai1="120,63,7,50,44,112,5,101,46,92,110,25,133" hai2="70,24,71,51,39,102,74,33,107,58,111,88,9" hai3="98,56,35,67,94,79,16,49,114,131,30,124,77"/><W99/><G114/><T72/><D38/><U130/><E120/><V73/><F39/><W97/><G35/><T45/><D115/><U121/><E121/><V31/><F111/><W26/><G131/><T75/><D135/><U96/><E112/><V57/><F102/><W106/><G106/><T93/><D29/><U36/><E110/><V127/><F107/><W47/><G30/><T27/><D45/><N who="1" m="17515" /><E36/><V22/><F127/><W82/><G94/><T81/><D27/><U65/><E130/><V32/><F9/><W12/><G26/><T34/><D34/><U89/><E133/><V40/><F40/><N who="3" m="24807" /><G82/><T17/><D81/><U6/><E50/><V66/><F32/><W76/><G124/><T14/><D95/><N who="1" m="58527" /><E25/><V54/><F33/><W8/><G56/><T28/><D68/><U13/><E13/><V80/><F71/><W23/><G67/><T60/><D14/><U117/><E117/><V125/><F70/><W2/><G2/><T113/><D0/><U69/><E69/><V55/><F66/><W18/><G23/><T84/><D113/><U3/><E3/><V20/><F20/><W21/><G21/><T108/><D108/><U86/><E65/><V105/><F105/><W1/><G1/><T134/><D134/><U123/><E123/><V126/><F126/><W53/><G53/><T90/><D28/><U122/><E122/><V119/><F125/><W59/><G12/><T78/><D75/><U104/><E104/><V41/><F119/><W4/><G4/><T85/><D72/><U62/><AGARI ba="0,0" hai="5,6,7,62,63,86,89,92" m="58527,17515" machi="62" ten="30,1100,0" yaku="8,1" doraHai="109" who="1" fromWho="1" sc="237,-3,218,11,224,-3,321,-5" owari="234,3.4,229,-17.1,221,-27.9,316,41.6" /></mjloggm>