<mjloggm ver="2.3"><GO type="225" lobby="0"/><UN n0="%E3%81%A1%E3%82%85%E3%81%86%E3%81%A9%E3%81%8F%E8%B1%A1%E3%81%95%E3%82%93" n1="%72%69%6F%75%63%68%61%6E" n2="%E3%81%86%E3%82%8C%E3%81%9F%E3%82%93%E6%9E%95" n3="%33%74%72%65%65" dan="16,16,16,17" rate="2152.30,2171.53,2178.51,2237.54" sx="M,M,F,F"/><TAIKYOKU oya="0"/><INIT seed="0,0,0,5,5,47" ten="250,250,250,250" oya="0" hai0="56,39,43,10,97,108,49,31,91,96,110,6,34" hai1="17,109,52,98,50,7,86,100,130,129,117,16,24" hai2="132,67,35,38,3,87,105,55,66,12,40,28,13" hai3="70,69,0,46,59,54,102,81,27,18,2,77,74"/><T61/><D39/><U53/><E117/><V75/><F3/><W62/><G102/><T19/><D19/><N who="1" m="7243" /><E109/><N who="0" m="42089" /><D31/><U51/><E7/><V21/><F75/><W122/><G122/><T76/><D76/><U85/><E24/><V92/><F105/><W68/><G18/><T134/><D34/><U9/><E9/><V124/><F35/><W14/><G14/><N who="0" m="5463" /><D134/><U72/><E72/><V89/><F132/><W37/><G27/><T128/><D128/><N who="1" m="49259" /><E51/><V119/><F119/><W118/><G118/><T33/><D33/><U26/><E26/><N who="2" m="16463" /><F38/><W4/><G4/><T95/><D43/><U90/><E90/><V111/><F40/><W116/><G116/><T113/><D113/><U106/><E53/><V104/><F111/><W78/><G78/><T5/><D5/><U131/><N who="1" m="49267" /><U23/><DORA hai="84" /><E23/><V94/><F55/><W120/><G120/><T73/><D73/><U103/><E103/><V22/><F22/><W127/><G0/><T25/><D25/><U60/><E60/><V99/><F12/><W48/><G2/><T8/><D8/><U121/><E121/><V83/><F13/><W112/><G37/><T11/><D11/><U82/><E82/><V29/><F29/><W15/><G15/><T65/><D49/><U115/><E115/><V1/><F1/><W80/><G112/><T114/><D114/><U126/><E126/><V45/><F124/><W125/><REACH who="3" step="1"/><G81/><REACH who="3" ten="250,250,250,240" step="2"/><T71/><D71/><U20/><E20/><V42/><F83/><W64/><AGARI ba="0,1" hai="46,48,54,59,62,64,68,69,70,74,77,80,125,127" machi="64" ten="40,12000,2" yaku="1,1,2,1,0,1,52,1,53,2" doraHai="47,84" doraHaiUra="58,44" who="3" fromWho="3" sc="250,-60,250,-30,250,-30,240,130" /><INIT seed="1,0,0,1,5,74" ten="190,220,220,370" oya="1" hai0="22,34,10,6,73,92,47,111,0,127,99,31,56" hai1="30,52,112,76,7,97,16,27,55,65,53,39,94" hai2="45,90,49,91,2,72,125,26,107,64,119,81,69" hai3="9,129,102,122,101,130,82,8,48,87,59,66,19"/><U95/><E112/><V120/><F119/><W135/><G122/><T117/><D117/><U124/><E39/><V75/><F120/><W104/><G135/><T96/><D111/><U77/><E124/><V85/><F2/><W33/><G33/><T126/><D73/><U79/><E7/><V132/><F132/><W11/><G104/><T106/><D106/><U4/><E4/><V28/><F107/><W41/><G19/><T115/><D115/><U93/><E65/><V62/><F91/><W108/><G108/><T133/><D133/><U80/><E16/><V42/><REACH who="2" step="1"/><F125/><REACH who="2" ten="190,220,210,370" step="2"/><W38/><G101/><T78/><D127/><U131/><E131/><V83/><F83/><W88/><G102/><T40/><D126/><U114/><E114/><V100/><F100/><W57/><G129/><T109/><D109/><U123/><E123/><V51/><F51/><W103/><G103/><T71/><D0/><U70/><E70/><V67/><F67/><W18/><G66/><T20/><D71/><U21/><REACH who="1" step="1"/><E97/><REACH who="1" ten="190,210,210,370" step="2"/><V14/><F14/><W29/><G130/><T1/><D96/><U68/><E68/><V113/><F113/><W58/><G38/><T63/><D99/><U5/><E5/><V32/><AGARI ba="0,2" hai="26,28,32,42,45,49,62,64,69,72,75,81,85,90" machi="32" ten="20,2700,0" yaku="1,1,0,1,7,1,53,0" doraHai="74" doraHaiUra="121" who="2" fromWho="2" sc="190,-7,210,-13,210,47,370,-7" /><INIT seed="2,0,0,0,2,133" ten="183,197,257,363" oya="2" hai0="38,66,31,53,111,116,33,6,84,79,68,126,44" hai1="45,100,23,122,48,28,14,42,129,54,93,117,101" hai2="36,19,95,114,87,130,109,98,39,7,70,99,61" hai3="119,25,124,74,43,75,104,15,107,81,110,16,90"/><V10/><F114/><W121/><G124/><T47/><D6/><U91/><E117/><V2/><F130/><W17/><G121/><T92/><D111/><U56/><E129/><V108/><F19/><W72/><G119/><T5/><D116/><U135/><E135/><V11/><F11/><W41/><G110/><N who="2" m="42601" /><F87/><W125/><G125/><T52/><D5/><U30/><E122/><V105/><F105/><W88/><G104/><T18/><D18/><N who="1" m="10711" /><E30/><V34/><F34/><W35/><G35/><T115/><D31/><U113/><E28/><V82/><F82/><W71/><G107/><T103/><D115/><U65/><E65/><N who="2" m="41263" /><F99/><W0/><G17/><T9/><D33/><U112/><E112/><V67/><F67/><W21/><G74/><T55/><D9/><U77/><E77/><V3/><F3/><W4/><G81/><T96/><D66/><U83/><E83/><V123/><F123/><W58/><G75/><T32/><D32/><U1/><E1/><V78/><F78/><W62/><G72/><T26/><D79/><U64/><E64/><V127/><F127/><W97/><G97/><T12/><D126/><U134/><E134/><V102/><AGARI ba="0,0" hai="2,7,10,36,39,95,98,102" m="41263,42601" machi="102" ten="30,3000,0" yaku="14,1,10,1" doraHai="133" who="2" fromWho="2" sc="183,-10,197,-10,257,30,363,-10" /><INIT seed="2,1,0,0,5,105" ten="173,187,287,353" oya="2" hai0="71,42,53,11,121,90,8,59,108,66,113,3,50" hai1="116,124,129,72,12,24,118,102,122,27,69,110,119" hai2="68,60,17,84,127,38,93,109,83,100,107,97,28" hai3="13,2,48,76,115,16,10,57,55,20,117,99,120"/><V44/><F127/><W22/><G117/><T36/><D113/><U21/><E69/><V5/><F109/><W15/><G120/><T45/><D121/><U25/><E72/><V58/><F68/><W82/><G115/><T134/><D134/><U81/><E122/><V114/><F114/><W19/><G2/><T131/><D131/><U85/><E102/><V32/><F5/><W112/><G99/><T23/><D108/><U47/><E129/><V77/><F17/><W91/><G112/><T4/><D23/><U128/><E128/><V126/><F126/><W49/><G91/><T30/><D90/><U0/><E110/><V33/><F28/><W39/><G39/><T89/><D89/><U86/><E124/><V43/><F107/><W67/><G67/><AGARI ba="1,0" hai="32,33,38,43,44,58,60,67,77,83,84,93,97,100" machi="67" ten="30,1500,0" yaku="7,1" doraHai="105" who="2" fromWho="3" sc="173,0,187,0,287,18,353,-18" /><INIT seed="2,2,0,4,2,105" ten="173,187,305,335" oya="2" hai0="21,13,26,25,50,0,39,106,129,56,114,109,135" hai1="130,100,48,67,79,2,46,107,58,122,104,19,4" hai2="20,72,83,97,36,37,85,24,29,42,47,75,133" hai3="1,8,31,9,60,18,125,115,126,3,14,61,40"/><V54/><F133/><W27/><G40/><T103/><D114/><U65/><E130/><V11/><F37/><W121/><G60/><T16/><D39/><U131/><E131/><V78/><F54/><W102/><G102/><T70/><D129/><U5/><E122/><V62/><F62/><W118/><G61/><T93/><D70/><U15/><E79/><V32/><F11/><N who="3" m="6495" /><G121/><T52/><D106/><U82/><E2/><N who="3" m="522" /><G118/><T71/><D71/><U120/><E120/><V49/><F36/><W101/><G101/><T64/><D0/><U123/><E123/><V28/><F97/><W89/><G89/><T110/><D135/><U66/><E82/><V68/><F68/><W87/><G87/><T80/><D80/><U98/><E107/><V108/><F108/><N who="0" m="41578" /><D64/><U132/><E132/><V69/><F69/><W57/><G57/><T63/><D63/><U35/><E58/><V59/><F59/><W124/><G115/><T81/><D81/><U23/><REACH who="1" step="1"/><E35/><AGARI ba="2,0" hai="8,9,27,31,35,124,125,126" m="522,6495" machi="35" ten="40,5200,0" yaku="18,1,34,2" doraHai="105" who="3" fromWho="1" sc="173,0,187,-58,305,0,335,58" /><INIT seed="3,0,0,0,3,57" ten="173,129,305,393" oya="3" hai0="122,10,121,18,89,120,119,77,54,129,95,99,128" hai1="69,29,88,20,96,117,84,60,13,64,114,116,92" hai2="113,91,104,30,90,26,55,76,51,24,62,94,42" hai3="73,7,23,133,102,80,83,43,38,131,48,8,34"/><W86/><G38/><T87/><D119/><N who="1" m="45643" /><E114/><V130/><F130/><N who="0" m="50282" /><D54/><U3/><E3/><V37/><F37/><W71/><G23/><T103/><D77/><U100/><E13/><V49/><F104/><W127/><G86/><T68/><D68/><U12/><E12/><V81/><F42/><W106/><G83/><N who="0" m="49407" /><D10/><U108/><E108/><V97/><F113/><W132/><G48/><T9/><D9/><U66/><E66/><V1/><F1/><W74/><G102/><T98/><D98/><U63/><E64/><V52/><F76/><W39/><G80/><T124/><D18/><U22/><E69/><V123/><F81/><W82/><G82/><T105/><D124/><U67/><E67/><V27/><F30/><W110/><G127/><T70/><D70/><U2/><E2/><V72/><F55/><W58/><G71/><T36/><D36/><U101/><E101/><V107/><F52/><W28/><G39/><T19/><D19/><U61/><E29/><V21/><F49/><W32/><G43/><T65/><D65/><U111/><E111/><V85/><F51/><W25/><G28/><T16/><D16/><U41/><E41/><V115/><F115/><W93/><G110/><T134/><D134/><U45/><E45/><V6/><F26/><W14/><G25/><T125/><D125/><U40/><E40/><V46/><F24/><W47/><G133/><T17/><D17/><U53/><E53/><V109/><F27/><W78/><G132/><T44/><D44/><U75/><E75/><V126/><F72/><W11/><G131/><T31/><D31/><RYUUKYOKU ba="0,0" sc="173,15,129,15,305,-15,393,-15" hai0="95,99,103,105,120,121,122" hai1="20,22,60,61,63,84,88,92,96,100" owari="188,-21.2,144,-35.6,290,9.0,378,47.8" /></mjloggm>