<mjloggm ver="2.3"><GO type="225" lobby="0"/><UN n0="%E9%89%A2%E5%B7%BB%E3%82%AC%E3%83%96" n1="%E6%80%AA%E3%81%97%E3%81%99%E3%81%8E%E3%82%8B%E3%83%81%E3%83%BC" n2="%E6%A1%9C%E8%8A%B1%E9%96%83%E3%80%85" n3="%E3%83%B4%E3%83%A0%EF%BC%99%E3%81%A6" dan="16,16,18,17" rate="2128.81,2116.22,2246.37,2216.01" sx="M,M,M,M"/><TAIKYOKU oya="0"/><INIT seed="0,0,0,0,1,114" ten="250,250,250,250" oya="0" hai0="113,99,0,49,103,32,41,131,10,25,104,119,20" hai1="91,53,107,45,120,109,18,83,39,3,16,115,123" hai2="26,47,36,22,59,118,69,112,126,38,74,97,80" hai3="56,110,27,23,108,124,85,71,76,13,67,62,96"/><T65/><D113/><U21/><E115/><V78/><F112/><W121/><G124/><T44/><D131/><U77/><E3/><V92/><F69/><W12/><G121/><T60/><D20/><U24/><E109/><N who="3" m="42090" /><G96/><T17/><D17/><U88/><E107/><V130/><F126/><W127/><G127/><T5/><D25/><U6/><E6/><V33/><F33/><W132/><G132/><T82/><D82/><U7/><E7/><V11/><F130/><W35/><G71/><T73/><D73/><U15/><E120/><V125/><F59/><W46/><G46/><T135/><D135/><U34/><E123/><V54/><F11/><W58/><G56/><T75/><D75/><U102/><E102/><V72/><F118/><W42/><G42/><T52/><D32/><U63/><E39/><V68/><F68/><W29/><G35/><T105/><D105/><U55/><E34/><V64/><F64/><W100/><G100/><T133/><D133/><U128/><E128/><V43/><F54/><N who="1" m="20489" /><E63/><V2/><F2/><W116/><G116/><T129/><D129/><U14/><E45/><V30/><F125/><W111/><N who="3" m="42098" /><W66/><DORA hai="87" /><G66/><T101/><D101/><U89/><E18/><V81/><F38/><W86/><G86/><AGARI ba="0,0" hai="14,15,16,21,24,77,83,86,88,89,91" m="20489" machi="86" ten="30,12000,2" yaku="8,1,52,3,54,2" doraHai="114,87" who="1" fromWho="3" sc="250,0,250,120,250,0,250,-120" /><INIT seed="1,0,0,4,3,66" ten="250,370,250,130" oya="1" hai0="110,71,25,78,7,44,45,92,48,58,73,8,124" hai1="121,18,106,34,97,50,130,4,43,105,19,115,103" hai2="87,20,88,81,40,101,84,16,39,54,108,114,134" hai3="47,104,86,109,133,49,12,46,89,100,52,91,11"/><U21/><E115/><V17/><F114/><W72/><G72/><T132/><D110/><U22/><E121/><V69/><F108/><W3/><G109/><T111/><D111/><U24/><E130/><V32/><F32/><W95/><G133/><T75/><D78/><U30/><E4/><V94/><F134/><W129/><G129/><T37/><D58/><U62/><E105/><V53/><F69/><W14/><G3/><T117/><D92/><U122/><E122/><V80/><F39/><W35/><G35/><T9/><D25/><U6/><E6/><V5/><F40/><W61/><G61/><T67/><D7/><U102/><E62/><V120/><F5/><W13/><G11/><T15/><D67/><U77/><E77/><N who="2" m="46095" /><F120/><W59/><G104/><T93/><D93/><U116/><E103/><V96/><F17/><W127/><G127/><T85/><D48/><U27/><E116/><V56/><F56/><W55/><G100/><T118/><D37/><U98/><E98/><V36/><F36/><W123/><G123/><T68/><D85/><U2/><E2/><V131/><F131/><W135/><G135/><T57/><D132/><U38/><E38/><V107/><F107/><W79/><G79/><T42/><D57/><U74/><E74/><V83/><F81/><W0/><G0/><T63/><D63/><U65/><E65/><V64/><F64/><W112/><G112/><T28/><D42/><U51/><REACH who="1" step="1"/><E43/><REACH who="1" ten="250,360,250,130" step="2"/><V126/><F126/><W31/><G31/><T90/><D28/><U1/><E1/><V99/><F99/><N who="3" m="57839" /><G55/><T29/><D29/><RYUUKYOKU ba="0,1" sc="250,-30,360,10,250,10,130,10" hai1="18,19,21,22,24,27,30,34,50,51,97,102,106" hai2="16,20,53,54,83,87,88,94,96,101" hai3="12,13,14,46,47,49,52,59,86,91" /><INIT seed="1,1,1,3,0,30" ten="220,370,260,140" oya="1" hai0="111,50,29,42,121,80,26,86,40,101,53,69,47" hai1="92,56,73,102,74,44,72,134,133,114,65,6,125" hai2="130,58,77,128,112,21,37,10,1,94,11,81,98" hai3="115,108,39,15,49,62,14,95,25,0,83,135,23"/><U18/><E114/><V104/><F104/><W118/><G115/><T127/><D111/><U22/><E125/><V131/><F112/><W82/><G39/><T66/><D127/><U51/><E6/><V46/><F58/><W107/><G107/><T7/><D121/><U119/><E119/><V41/><F21/><W116/><G0/><T24/><D101/><U2/><E2/><V32/><F32/><W129/><G108/><T99/><D99/><N who="1" m="59751" /><E65/><V13/><F13/><W27/><G129/><T12/><D66/><U28/><E28/><V60/><F60/><W85/><G135/><N who="1" m="51722" /><E56/><V64/><F64/><W96/><G116/><T79/><D69/><U117/><E117/><V122/><F1/><W93/><G96/><T132/><D132/><U4/><E4/><V75/><REACH who="2" step="1"/><F122/><REACH who="2" ten="220,370,250,140" step="2"/><W34/><G118/><T45/><D45/><U3/><E3/><V90/><AGARI ba="1,2" hai="10,11,37,41,46,75,77,81,90,94,98,128,130,131" machi="90" ten="30,7900,0" yaku="1,1,2,1,0,1,19,1,53,0" doraHai="30" doraHaiUra="97" who="2" fromWho="2" sc="220,-21,370,-40,250,102,140,-21" /><INIT seed="2,0,0,1,5,65" ten="199,330,352,119" oya="2" hai0="91,39,37,51,88,40,10,64,32,134,118,12,131" hai1="0,80,24,60,105,96,44,127,13,132,114,22,50" hai2="76,29,28,98,48,73,41,27,35,106,112,109,2" hai3="57,8,55,11,4,62,130,111,19,102,17,33,122"/><V117/><F112/><W58/><G122/><T46/><D32/><U129/><E0/><V92/><F117/><W47/><G111/><T3/><D131/><U77/><E114/><V53/><F106/><W38/><G130/><T45/><D134/><U68/><E129/><V107/><F107/><W43/><G33/><T108/><D108/><U100/><E132/><V59/><F109/><W116/><G116/><T133/><D133/><U30/><E127/><V75/><F2/><W15/><G102/><T23/><D64/><U5/><E68/><V124/><F124/><W104/><G104/><T119/><D119/><U71/><E71/><V69/><F69/><W101/><G101/><T66/><D66/><U95/><E60/><V81/><F29/><W125/><G125/><T18/><D37/><U70/><E70/><V25/><F25/><W54/><REACH who="3" step="1"/><G11/><REACH who="3" ten="199,330,352,109" step="2"/><T93/><D118/><U9/><E105/><V78/><F35/><W126/><G126/><T72/><D10/><U121/><E121/><V26/><F28/><W56/><G56/><T113/><D113/><U115/><E115/><V6/><F59/><W83/><G83/><T74/><D93/><U94/><E100/><V1/><F81/><W86/><G86/><T85/><D85/><N who="1" m="48271" /><E96/><V42/><F98/><W67/><G67/><T82/><D82/><U31/><E30/><V103/><F92/><W84/><G84/><T110/><D110/><U97/><E97/><V87/><F103/><W21/><G21/><T63/><D23/><U36/><E36/><V79/><F87/><W99/><G99/><T16/><D39/><RYUUKYOKU ba="0,1" sc="199,-15,330,15,352,-15,109,15" hai1="5,9,13,22,24,31,44,50,94,95" hai3="4,8,15,17,19,38,43,47,54,55,57,58,62" /><INIT seed="3,1,1,2,1,7" ten="184,345,337,124" oya="3" hai0="16,40,98,131,14,20,35,59,92,48,106,124,104" hai1="36,77,64,89,73,97,67,26,68,44,112,118,55" hai2="102,37,93,32,74,88,75,109,27,57,54,22,86" hai3="30,83,17,105,58,78,11,41,87,111,90,96,65"/><W50/><G111/><T19/><D35/><U56/><E112/><V31/><F109/><W72/><G30/><T18/><D124/><U39/><E118/><V126/><F126/><W122/><G122/><T34/><D34/><U46/><E77/><V81/><F37/><N who="1" m="14409" /><E26/><V85/><F32/><W82/><G65/><N who="1" m="25162" /><E89/><V69/><F69/><W45/><G58/><T130/><D19/><U103/><E97/><V79/><F102/><W120/><G120/><T121/><D121/><U61/><E103/><V49/><AGARI ba="1,1" hai="22,27,31,49,54,57,74,75,79,81,85,86,88,93" machi="49" ten="20,2700,0" yaku="0,1,7,1,54,1" doraHai="7" who="2" fromWho="2" sc="184,-8,345,-8,337,40,124,-14" owari="176,-22.4,337,13.7,377,47.7,110,-39.0" /></mjloggm>