<mjloggm ver="2.3"><GO type="225" lobby="0"/><UN n0="%72%69%6F%75%63%68%61%6E" n1="%6D%75%75%6D%75%72%61" n2="%E6%98%93%E5%88%A9%E8%96%A9%E4%BC%AF" n3="%E3%81%B2%E3%81%BE%E3%81%A4%E3%81%B6%E3%81%97" dan="17,16,16,17" rate="2194.81,2122.96,2044.15,2189.19" sx="M,F,F,M"/><TAIKYOKU oya="0"/><INIT seed="0,0,0,2,2,98" ten="250,250,250,250" oya="0" hai0="106,28,97,83,87,18,51,124,109,54,34,44,129" hai1="77,59,64,126,58,90,125,62,134,67,73,57,56" hai2="120,23,132,29,43,121,74,19,17,7,24,128,101" hai3="32,1,131,117,35,88,40,108,93,39,50,52,80"/><T66/><D124/><N who="1" m="47723" /><E77/><V13/><F74/><W46/><G117/><T102/><D129/><U99/><E73/><V16/><F43/><W38/><G131/><T79/><D109/><U25/><E25/><V12/><F128/><W69/><G108/><T8/><D66/><N who="1" m="39239" /><E90/><V41/><F41/><W14/><G1/><T55/><D34/><U63/><E99/><V61/><F61/><W42/><G69/><T130/><D130/><U11/><E11/><N who="2" m="4223" /><F101/><W92/><G39/><T100/><D28/><U20/><E20/><N who="2" m="15495" /><F132/><W27/><G14/><N who="0" m="7495" /><D106/><U91/><E91/><V47/><F47/><W123/><G123/><AGARI ba="0,0" hai="13,16,17,19,23,120,121,123" m="15495,4223" machi="123" ten="30,3900,0" yaku="34,2,54,1" doraHai="98" who="2" fromWho="3" sc="250,0,250,0,250,39,250,-39" /><INIT seed="1,0,0,5,4,95" ten="250,250,289,211" oya="1" hai0="32,3,60,105,104,17,109,45,44,111,84,106,42" hai1="117,112,57,119,114,27,29,46,15,67,14,131,25" hai2="62,91,128,65,135,123,94,12,120,53,124,33,4" hai3="81,48,58,41,122,10,34,6,55,1,129,115,127"/><U88/><E131/><V73/><F73/><W5/><G129/><T0/><D32/><U49/><E114/><V68/><F135/><W56/><G115/><T43/><D84/><U28/><E112/><V97/><F124/><W113/><G113/><T64/><D17/><U93/><E117/><V35/><F128/><W102/><G127/><T9/><D9/><U61/><E119/><V13/><F53/><W2/><G34/><T31/><D31/><N who="1" m="11851" /><E27/><V24/><F35/><W21/><G122/><T92/><D92/><U82/><E82/><V54/><F33/><W86/><G102/><T78/><D78/><U74/><E25/><V99/><F24/><W69/><G69/><N who="0" m="42119" /><D44/><U8/><E74/><V121/><F54/><W38/><G21/><T70/><D70/><U51/><E46/><V47/><F47/><W63/><G6/><T59/><D59/><U19/><E15/><V80/><F80/><W108/><G1/><N who="0" m="587" /><D42/><U77/><E77/><V90/><F4/><W110/><G41/><T133/><D133/><U101/><E101/><V116/><F116/><W75/><G75/><T37/><AGARI ba="0,0" hai="37,43,45,104,105,106,109,111" m="587,42119" machi="37" ten="40,1500,0" yaku="23,1" doraHai="95" who="0" fromWho="0" sc="250,15,250,-7,289,-4,211,-4" /><INIT seed="2,0,0,2,1,29" ten="265,243,285,207" oya="2" hai0="109,35,128,67,92,56,93,101,77,122,85,0,66" hai1="124,73,15,65,14,70,51,40,11,61,99,126,45" hai2="46,120,68,25,19,6,18,50,129,9,43,1,59" hai3="55,36,87,57,10,104,27,86,78,62,26,94,48"/><V49/><F120/><W95/><G104/><T30/><D122/><U42/><E73/><V23/><F68/><W60/><G36/><T110/><D128/><U117/><E117/><V96/><F129/><W54/><G10/><T123/><D0/><U125/><E99/><V32/><F96/><W58/><REACH who="3" step="1"/><G48/><REACH who="3" ten="265,243,285,197" step="2"/><T74/><D123/><U90/><E11/><V72/><F72/><W13/><G13/><T5/><D74/><U83/><E14/><V17/><F32/><W113/><G113/><T12/><D12/><U105/><E15/><V100/><F100/><W102/><G102/><T89/><D101/><U115/><E105/><V53/><AGARI ba="0,1" hai="1,6,9,17,18,19,23,25,43,46,49,50,53,59" machi="53" ten="30,1500,0" yaku="0,1" doraHai="29" who="2" fromWho="2" sc="265,-5,243,-5,285,25,197,-5" /><INIT seed="2,1,0,0,3,98" ten="260,238,310,192" oya="2" hai0="103,93,69,73,61,72,5,28,94,77,91,43,57" hai1="99,15,50,29,131,12,134,21,10,111,78,9,123" hai2="33,112,90,68,133,17,63,119,127,71,49,14,74" hai3="108,18,46,59,82,40,88,1,87,92,39,13,115"/><V106/><F112/><W23/><G115/><T60/><D43/><U31/><E111/><V26/><F119/><W19/><G108/><T45/><D45/><U79/><E131/><V75/><F106/><W130/><G130/><T132/><D132/><U129/><E129/><V37/><F37/><W124/><G124/><T56/><D69/><U81/><E134/><V22/><F133/><W118/><G118/><T86/><D5/><U20/><E50/><V47/><F90/><W122/><G122/><T36/><D36/><U62/><E123/><V35/><F35/><W113/><G113/><T54/><D28/><U38/><E38/><V25/><F71/><W11/><G59/><T125/><D125/><U58/><E99/><V101/><F101/><W128/><G128/><T85/><D77/><U80/><REACH who="1" step="1"/><E58/><REACH who="1" ten="260,228,310,192" step="2"/><V16/><F127/><W116/><G116/><T109/><D109/><U52/><E52/><V107/><F68/><W41/><G41/><T117/><D117/><U7/><E7/><V95/><F49/><W135/><G135/><T48/><D48/><U51/><E51/><V24/><F47/><W42/><G42/><T110/><D110/><U55/><E55/><V30/><F74/><W70/><G70/><T66/><D85/><U114/><E114/><V34/><F75/><W97/><G1/><T121/><D121/><U32/><E32/><V89/><F34/><W67/><G67/><T120/><D120/><U126/><E126/><V3/><F33/><W76/><REACH who="3" step="1"/><G19/><REACH who="3" ten="260,228,310,182" step="2"/><T0/><D0/><U96/><E96/><N who="2" m="57455" /><F3/><W44/><G44/><T8/><D66/><RYUUKYOKU ba="1,2" sc="260,-15,228,15,310,-15,182,15" hai1="9,10,12,15,20,21,29,31,62,78,79,80,81" hai3="11,13,18,23,39,40,46,76,82,87,88,92,97" /><INIT seed="3,2,2,3,1,35" ten="245,243,295,197" oya="3" hai0="20,42,5,76,107,133,54,89,113,41,18,84,75" hai1="25,11,121,55,91,110,106,98,24,53,125,60,101" hai2="90,52,45,124,94,66,33,73,3,72,43,6,64" hai3="128,130,92,109,83,30,80,77,123,126,14,44,96"/><W31/><G123/><T131/><D107/><U37/><E121/><V79/><F33/><W100/><G126/><T50/><D131/><N who="3" m="50217" /><G109/><T97/><D133/><U36/><E125/><V38/><F52/><W26/><G44/><T34/><D34/><U103/><E110/><V70/><F70/><W132/><G132/><T21/><D113/><U40/><E55/><V134/><F134/><W65/><G65/><T15/><D5/><U7/><E101/><V8/><F73/><N who="3" m="43055" /><G26/><T23/><D97/><U104/><E104/><V2/><F2/><W16/><G83/><T108/><D76/><U17/><E25/><V81/><F124/><W62/><G62/><T135/><D75/><U28/><E40/><N who="0" m="15465" /><D108/><U85/><E53/><V9/><F9/><AGARI ba="2,2" hai="9,14,16,30,31,92,96,100" m="43055,50217" machi="9" ten="30,2900,0" yaku="19,1,54,1" doraHai="35" who="3" fromWho="2" sc="245,0,243,0,295,-35,197,55" /><INIT seed="3,3,0,4,0,13" ten="245,243,260,252" oya="3" hai0="85,33,77,55,126,88,28,64,9,63,131,24,127" hai1="62,65,38,53,6,101,0,10,79,5,35,113,50" hai2="68,87,95,125,109,92,49,60,30,71,21,8,17" hai3="15,52,132,81,135,56,102,89,110,37,114,23,51"/><W41/><G114/><T54/><D77/><U119/><E113/><V111/><F125/><N who="0" m="47626" /><D9/><U120/><E120/><V67/><F30/><W107/><G110/><N who="2" m="41993" /><F8/><W122/><G122/><T99/><D99/><U34/><E38/><V105/><F105/><W134/><G107/><T4/><D4/><U83/><E6/><V1/><F1/><W98/><G81/><N who="0" m="49199" /><D131/><U29/><E101/><V75/><F71/><AGARI ba="3,0" hai="24,28,33,54,55,63,64,71" m="49199,47626" machi="71" ten="30,2000,0" yaku="18,1,54,1" doraHai="13" who="0" fromWho="2" sc="245,29,243,0,260,-29,252,0" /><INIT seed="4,0,0,3,4,101" ten="274,243,231,252" oya="0" hai0="54,124,73,134,126,97,100,108,117,13,55,85,38" hai1="45,75,1,81,74,22,28,15,91,84,48,66,127" hai2="110,113,33,31,8,109,53,42,80,112,86,107,93" hai3="44,40,36,0,122,88,39,102,34,26,58,2,41"/><T56/><D117/><U87/><E1/><V50/><F42/><W128/><G122/><T90/><D134/><U62/><E127/><N who="0" m="48681" /><D73/><U12/><E75/><V111/><F8/><W7/><G128/><T70/><D70/><U114/><E74/><V77/><F93/><W67/><G102/><T125/><D38/><U16/><E28/><V103/><F31/><W129/><G129/><T123/><D108/><U131/><E131/><V106/><F33/><W35/><G88/><T135/><D135/><U46/><E12/><V95/><F53/><W119/><G119/><T121/><N who="0" m="48689" /><T43/><DORA hai="71" /><D43/><U61/><E114/><N who="2" m="44139" /><F50/><W3/><G40/><T96/><D13/><U37/><E37/><V82/><F82/><W5/><G39/><T65/><D65/><U64/><E84/><V115/><N who="2" m="44147" /><V57/><DORA hai="19" /><F57/><W63/><G35/><T98/><D100/><U60/><E46/><V105/><F111/><W14/><G34/><T94/><D54/><AGARI ba="0,0" hai="15,16,22,45,48,54,60,61,62,64,66,81,87,91" machi="54" ten="40,5200,0" yaku="8,1,52,1,54,1" doraHai="101,71,19" who="1" fromWho="0" sc="274,-52,243,52,231,0,252,0" /><INIT seed="5,0,0,2,4,50" ten="222,295,231,252" oya="1" hai0="42,13,95,71,127,106,77,59,31,114,126,46,44" hai1="135,10,108,33,40,41,21,111,60,37,119,118,78" hai2="92,100,110,85,75,73,68,56,101,130,83,39,53" hai3="72,52,66,49,97,25,133,88,70,62,35,102,93"/><U82/><E33/><V43/><F110/><N who="1" m="42025" /><E135/><V3/><F68/><W19/><G133/><T91/><D114/><U29/><E10/><V81/><F3/><W84/><G72/><T94/><D106/><U17/><E29/><V86/><F39/><W24/><G19/><T20/><D71/><U76/><E60/><V26/><F43/><N who="1" m="16457" /><E37/><V98/><F26/><W87/><G35/><T120/><D120/><U89/><E89/><N who="2" m="51375" /><F56/><W117/><G117/><T115/><D115/><U14/><E76/><N who="2" m="46439" /><F53/><W122/><G122/><T48/><D44/><U38/><E38/><V6/><F6/><W30/><G30/><T16/><D77/><U90/><E90/><N who="2" m="55575" /><F130/><W18/><G25/><N who="0" m="16807" /><D59/><U132/><E132/><V45/><F45/><W124/><G24/><T96/><D127/><U103/><E103/><AGARI ba="0,0" hai="73,75,100,101,103" m="55575,46439,51375" machi="103" ten="30,8000,1" yaku="35,5" doraHai="50" who="2" fromWho="1" sc="222,0,295,-80,231,80,252,0" owari="222,-17.8,215,-28.5,311,41.1,252,5.2" /></mjloggm>