<mjloggm ver="2.3"><GO type="225" lobby="0"/><UN n0="%E3%83%97%E3%83%92" n1="%72%65%6E%6B%75%6E" n2="%E3%81%B5%E3%81%98%E3%81%8B%E3%81%A4" n3="%E3%81%BE%E3%81%A8%E3%81%9F" dan="17,17,16,16" rate="2189.99,2225.53,2116.49,2135.63" sx="M,M,M,M"/><TAIKYOKU oya="0"/><INIT seed="0,0,0,3,4,51" ten="250,250,250,250" oya="0" hai0="98,24,7,67,95,104,89,79,55,110,96,36,57" hai1="93,72,94,19,75,115,102,134,10,59,81,12,90" hai2="69,85,117,124,27,131,114,37,118,62,84,128,58" hai3="54,4,120,39,5,61,56,50,21,26,88,112,116"/><T25/><D36/><U76/><E134/><V74/><F74/><W132/><G116/><N who="2" m="44649" /><F114/><W40/><G112/><T9/><D79/><U29/><E115/><V113/><F113/><W86/><G132/><T15/><D67/><U107/><E29/><V71/><F27/><W109/><G109/><T105/><D110/><U100/><E75/><V129/><F37/><W65/><G40/><T77/><D77/><U6/><E107/><V122/><F122/><W44/><G39/><T103/><REACH who="0" step="1"/><D105/><REACH who="0" ten="240,250,250,250" step="2"/><U111/><E111/><V38/><F38/><W83/><REACH who="3" step="1"/><G120/><REACH who="3" ten="240,250,250,240" step="2"/><T23/><D23/><U48/><E72/><V135/><F135/><W127/><G127/><T47/><D47/><U45/><E45/><V87/><F124/><W70/><G70/><T108/><D108/><U73/><E73/><V31/><F31/><AGARI ba="0,2" hai="4,5,21,26,31,44,50,54,56,61,65,83,86,88" machi="31" ten="30,12000,2" yaku="1,1,7,1,8,1,52,1,54,1,53,1" doraHai="51" doraHaiUra="41" who="3" fromWho="2" sc="240,0,250,0,250,-120,240,140" /><INIT seed="1,0,0,0,5,54" ten="240,250,130,380" oya="1" hai0="2,113,102,11,84,81,91,45,98,39,24,128,88" hai1="132,56,134,59,115,101,43,51,15,73,72,123,69" hai2="100,12,22,4,133,41,131,64,82,27,26,112,67" hai3="89,16,48,120,36,109,31,29,122,20,44,9,62"/><U17/><E69/><V25/><F112/><W14/><G36/><T46/><D113/><U37/><E115/><V79/><F133/><N who="1" m="51305" /><E123/><V65/><F131/><W30/><G109/><T104/><D128/><U97/><E37/><V83/><F100/><W57/><G89/><T3/><D24/><U21/><E43/><V106/><F106/><W85/><G85/><T0/><D39/><U58/><E51/><V23/><F41/><W126/><G126/><T70/><D70/><U92/><AGARI ba="0,0" hai="15,17,21,56,58,59,72,73,92,97,101" m="51305" machi="92" ten="30,11700,0" yaku="20,1,52,3" doraHai="54" who="1" fromWho="1" sc="240,-39,250,117,130,-39,380,-39" /><INIT seed="1,1,0,2,2,30" ten="201,367,91,341" oya="1" hai0="50,97,129,102,17,85,11,95,6,32,74,69,131" hai1="15,126,133,78,40,10,103,36,5,83,91,54,60" hai2="84,134,105,18,116,0,113,49,135,22,96,112,87" hai3="122,88,62,107,100,23,132,37,73,109,45,75,8"/><U104/><E126/><V98/><F0/><W56/><G122/><T70/><D74/><U79/><E133/><N who="2" m="50699" /><F18/><W81/><G109/><T58/><D17/><U53/><E104/><V34/><F22/><W41/><G132/><T12/><D32/><U26/><E103/><N who="2" m="62695" /><F49/><W1/><G100/><T111/><D111/><U29/><E40/><V119/><F98/><W125/><G125/><T24/><D24/><U31/><E36/><V16/><F16/><W130/><G23/><T59/><D59/><U7/><E7/><V76/><F34/><W124/><G124/><T52/><REACH who="0" step="1"/><D85/><REACH who="0" ten="191,367,91,341" step="2"/><N who="2" m="32842" /><F76/><W39/><G130/><AGARI ba="1,1" hai="6,11,12,50,52,58,69,70,95,97,102,129,130,131" machi="130" ten="40,5200,0" yaku="1,1,19,1,54,1,53,0" doraHai="30" doraHaiUra="117" who="0" fromWho="3" sc="191,65,367,0,91,0,341,-55" /><INIT seed="2,0,0,4,0,76" ten="256,367,91,286" oya="2" hai0="12,35,126,57,23,108,128,38,115,11,13,4,14" hai1="36,95,119,53,5,131,79,92,68,39,67,44,48" hai2="28,58,19,93,46,104,80,123,78,16,114,105,83" hai3="118,121,96,43,133,34,82,85,7,134,102,61,81"/><V60/><F123/><W0/><G118/><T42/><D115/><U64/><E119/><V66/><F114/><W70/><G34/><T100/><D100/><U20/><E131/><V112/><F112/><W54/><G43/><T77/><D35/><U26/><E5/><V10/><F28/><W49/><G121/><T107/><D107/><U84/><E92/><V89/><F105/><N who="3" m="63687" /><G7/><T99/><D38/><U9/><E9/><V3/><F104/><W2/><G85/><T120/><D42/><U50/><E50/><V52/><F3/><N who="3" m="1067" /><G61/><T122/><D99/><U94/><E94/><V51/><F10/><W101/><G70/><T87/><D57/><U29/><E95/><V65/><F65/><W21/><G21/><T55/><D55/><U90/><E90/><V25/><F25/><W116/><G101/><T98/><D98/><U6/><E6/><V31/><F31/><W1/><G116/><T17/><D23/><U59/><E68/><V40/><F40/><W130/><G130/><T41/><D4/><U69/><E69/><V37/><F37/><W22/><G22/><T124/><D128/><U110/><E39/><V132/><F132/><N who="3" m="50795" /><G1/><T71/><D41/><U45/><E36/><V135/><F135/><W129/><G129/><T47/><D71/><U73/><E64/><V109/><F109/><W91/><G91/><T63/><D122/><U33/><E67/><V127/><F127/><W88/><G88/><T24/><D120/><U111/><E33/><V75/><F83/><W97/><G97/><AGARI ba="0,0" hai="16,19,46,51,52,58,60,66,75,78,80,89,93,97" machi="97" ten="30,11600,0" yaku="7,1,52,1,54,2" doraHai="76" who="2" fromWho="3" sc="256,0,367,0,91,116,286,-116" /><INIT seed="2,1,0,4,4,115" ten="256,367,207,170" oya="2" hai0="116,58,97,47,107,5,36,81,94,90,108,41,0" hai1="118,51,101,72,59,71,42,19,10,82,128,87,76" hai2="33,57,133,67,122,53,102,35,86,80,127,6,100" hai3="77,64,79,11,31,83,111,95,126,25,12,103,125"/><V32/><F122/><W69/><G111/><T74/><D108/><U106/><E71/><V28/><F127/><W2/><G64/><T134/><D134/><U7/><E128/><V124/><F133/><W109/><G69/><T63/><D107/><U78/><E19/><V131/><F131/><W66/><G66/><T30/><D30/><U73/><E118/><V44/><F124/><W49/><G109/><T99/><D97/><N who="1" m="61743" /><E59/><V105/><F6/><W23/><G2/><T20/><D20/><U16/><E16/><V89/><F28/><W130/><G130/><T92/><D92/><U46/><E76/><V119/><F119/><W120/><G120/><T43/><D43/><U114/><E114/><V129/><F129/><W85/><G79/><N who="0" m="44279" /><D58/><U61/><E61/><V60/><F105/><W4/><G103/><T15/><D15/><AGARI ba="1,0" hai="7,10,15,42,46,51,72,73,78,82,87" m="61743" machi="15" ten="30,1000,0" yaku="25,1" doraHai="115" who="1" fromWho="0" sc="256,-13,367,13,207,0,170,0" /><INIT seed="3,0,0,5,2,76" ten="243,380,207,170" oya="3" hai0="46,90,120,22,9,85,86,2,60,59,72,12,36" hai1="83,134,84,71,0,114,126,104,63,29,65,100,118" hai2="112,67,31,125,38,109,45,116,48,32,94,24,39" hai3="3,17,16,44,41,57,21,95,30,66,111,15,98"/><W11/><G111/><T40/><D72/><U79/><E114/><V132/><F116/><W89/><G3/><T102/><D120/><U110/><E0/><V35/><F112/><W122/><G122/><T42/><D42/><U5/><E5/><V96/><F125/><W106/><G106/><T127/><D102/><U80/><E126/><V88/><F132/><W58/><G30/><T75/><D75/><U113/><E113/><V33/><F67/><W26/><REACH who="3" step="1"/><G66/><REACH who="3" ten="243,380,207,160" step="2"/><T68/><D2/><U115/><E29/><V74/><F109/><W105/><G105/><T64/><D127/><U81/><E110/><V51/><F33/><W73/><G73/><T87/><D68/><U91/><E115/><V103/><F74/><W62/><G62/><T128/><D128/><U20/><E134/><V18/><F35/><W77/><G77/><T129/><D129/><U119/><E79/><V54/><F39/><AGARI ba="0,1" hai="11,15,16,17,21,26,39,41,44,57,58,89,95,98" machi="39" ten="30,5800,0" yaku="1,1,7,1,54,1,53,0" doraHai="76" doraHaiUra="135" who="3" fromWho="2" sc="243,0,380,0,207,-58,160,68" /><INIT seed="3,1,0,0,4,92" ten="243,380,149,228" oya="3" hai0="77,119,115,53,71,3,104,66,133,48,46,50,123" hai1="67,10,39,8,88,11,97,84,54,60,99,12,68" hai2="91,24,17,63,9,35,103,56,64,18,4,130,125" hai3="108,51,90,34,37,126,61,72,82,19,81,135,44"/><W113/><G113/><T116/><D3/><U94/><E39/><V2/><F125/><W96/><G126/><T78/><D115/><U73/><E73/><V93/><F130/><W65/><G34/><T31/><D123/><U55/><E12/><V30/><REACH who="2" step="1"/><F103/><REACH who="2" ten="243,380,139,228" step="2"/><W114/><G114/><T131/><D131/><U23/><E23/><V22/><F22/><W128/><G128/><T79/><D116/><U86/><E86/><V95/><F95/><N who="3" m="56439" /><G72/><T112/><D119/><U20/><E20/><V16/><F16/><W117/><G117/><T111/><D112/><U26/><E26/><V57/><F57/><N who="3" m="37039" /><G135/><T21/><D133/><U13/><E13/><V106/><F106/><W75/><G75/><T7/><D104/><U89/><REACH who="1" step="1"/><E99/><REACH who="1" ten="243,370,139,228" step="2"/><V58/><F58/><W80/><G108/><T42/><D111/><U85/><E85/><V134/><F134/><W45/><G19/><T25/><D7/><U122/><E122/><V107/><F107/><W124/><G124/><T110/><D110/><U0/><E0/><V74/><F74/><W41/><G37/><T62/><D25/><U29/><E29/><V87/><AGARI ba="1,2" hai="2,4,9,17,18,24,30,35,56,63,64,87,91,93" machi="87" ten="20,5200,0" yaku="1,1,0,1,7,1,53,1" doraHai="92" doraHaiUra="6" who="2" fromWho="2" sc="243,-14,370,-14,139,75,228,-27" owari="229,2.9,356,45.6,214,-18.6,201,-29.9" /></mjloggm>