<mjloggm ver="2.3"><GO type="225" lobby="0"/><UN n0="%E3%81%86%E3%83%BC%E3%81%B1%E3%83%BC" n1="%E3%83%AC%E3%82%A4%E3%83%88%E3%83%B3%E5%87%86%E6%95%99%E6%8E%88" n2="%E3%81%82%E3%81%99%E3%81%AB%E3%82%83%E3%82%80" n3="%70%68%65%6E%6F%6D%65" dan="16,19,16,16" rate="2129.10,2289.84,2119.19,2131.87" sx="F,M,F,M"/><TAIKYOKU oya="0"/><INIT seed="0,0,0,3,2,79" ten="250,250,250,250" oya="0" hai0="26,108,11,27,122,40,128,59,113,29,112,65,107" hai1="103,72,39,61,30,22,55,82,135,73,51,24,63" hai2="45,76,17,94,44,19,15,1,78,87,57,48,91" hai3="52,64,80,33,37,54,10,49,25,23,115,69,134"/><T129/><D107/><U32/><E39/><V42/><F1/><W56/><G115/><N who="0" m="44107" /><D40/><U123/><E123/><V53/><F19/><W36/><G33/><N who="0" m="20663" /><D65/><U14/><E103/><V98/><F98/><W133/><G10/><T35/><D59/><U92/><E92/><V121/><F121/><W118/><G118/><T95/><D95/><U70/><E70/><V41/><F45/><W7/><G7/><T85/><D85/><U66/><E66/><V13/><F13/><W62/><G54/><T16/><D122/><U109/><E72/><V71/><F41/><W43/><G80/><T132/><D132/><N who="3" m="50793" /><G43/><T67/><D67/><U12/><E135/><V106/><F106/><W3/><G3/><T60/><D60/><U100/><E63/><V104/><F104/><W116/><G116/><T9/><D108/><U131/><E61/><V2/><F2/><W50/><G49/><T126/><D126/><U130/><E109/><V5/><F71/><W20/><G20/><N who="0" m="13703" /><D35/><U84/><E32/><V101/><F44/><W105/><G105/><T21/><D21/><U6/><E73/><V88/><F42/><W111/><G111/><T34/><D34/><U28/><E51/><V81/><F48/><W119/><G119/><T110/><D110/><U0/><E55/><V77/><F53/><W120/><G120/><T8/><AGARI ba="0,0" hai="8,9,11,128,129" m="13703,20663,44107" machi="8" ten="40,7800,0" yaku="34,2,54,1" doraHai="79" who="0" fromWho="0" sc="250,78,250,-26,250,-26,250,-26" /><INIT seed="0,1,0,4,4,86" ten="328,224,224,224" oya="0" hai0="131,47,130,101,67,122,34,125,41,63,133,6,26" hai1="71,116,83,75,46,12,5,85,25,65,134,112,36" hai2="97,37,78,72,39,55,40,108,45,74,84,35,4" hai3="91,90,31,82,60,32,51,89,53,124,33,127,18"/><T30/><D122/><U77/><E116/><V9/><F108/><W22/><G60/><T123/><D123/><U20/><E134/><V10/><F35/><W17/><G82/><T7/><D101/><U128/><E128/><N who="0" m="49193" /><D125/><N who="3" m="48201" /><G31/><T118/><D133/><U102/><E112/><V27/><F27/><N who="3" m="14799" /><G18/><T52/><D118/><U11/><E65/><V111/><F111/><W3/><G3/><T119/><D119/><U80/><E71/><V29/><F29/><W38/><G38/><N who="0" m="21943" /><D67/><U79/><E102/><V1/><F37/><W120/><G120/><T16/><D16/><U88/><E36/><V95/><F10/><W28/><G28/><T104/><D104/><U24/><E20/><V129/><F129/><W43/><G43/><T14/><D14/><U113/><E113/><V42/><F40/><W44/><AGARI ba="1,0" hai="32,33,44,51,53,89,90,91" m="14799,48201" machi="44" ten="30,7900,0" yaku="18,1,52,3" doraHai="86" who="3" fromWho="3" sc="328,-40,224,-21,224,-21,224,82" /><INIT seed="1,0,0,1,2,51" ten="288,203,203,306" oya="1" hai0="75,33,131,79,48,69,56,113,9,133,109,38,11" hai1="111,36,1,118,68,106,55,134,40,90,32,70,27" hai2="37,81,13,67,127,72,95,104,52,112,29,6,129" hai3="65,116,64,94,5,47,23,80,77,89,49,98,15"/><U122/><RYUUKYOKU type="yao9" ba="0,0" sc="288,0,203,0,203,0,306,0" hai1="1,27,32,36,40,55,68,70,90,106,111,118,122,134" /><INIT seed="1,1,0,4,5,115" ten="288,203,203,306" oya="1" hai0="26,105,3,51,36,23,119,25,130,59,27,95,24" hai1="124,121,66,65,91,12,19,49,39,45,92,20,14" hai2="54,112,93,73,109,67,52,16,43,37,96,77,126" hai3="40,134,83,75,103,8,120,69,10,127,97,110,63"/><U55/><E121/><V113/><F109/><W31/><G120/><T17/><D105/><U88/><E124/><V70/><F126/><W41/><G110/><T74/><D36/><U5/><E39/><V6/><F6/><W116/><G127/><T72/><D3/><U4/><E91/><V107/><F107/><W48/><G134/><T42/><D130/><U100/><E100/><V61/><F77/><W47/><G40/><T85/><D119/><U56/><E45/><V9/><F73/><W122/><G31/><T53/><D42/><U0/><E0/><V21/><F9/><W79/><G122/><T87/><D85/><N who="1" m="52239" /><E5/><V62/><F62/><W132/><G132/><T84/><D84/><U33/><E33/><V135/><F135/><W131/><G131/><T71/><D71/><U18/><E4/><V90/><F43/><W108/><G108/><T15/><N who="0" m="6144" /><DORA hai="101" /><T38/><D38/><U78/><E78/><V46/><F46/><W99/><G116/><T50/><D50/><U30/><E30/><V128/><F37/><W94/><REACH who="3" step="1"/><G97/><REACH who="3" ten="288,203,203,296" step="2"/><T22/><D22/><AGARI ba="1,1" hai="12,14,18,19,20,22,49,55,56,65,66" m="52239" machi="22" ten="30,5800,0" yaku="25,1,8,1,54,1" doraHai="115,101" who="1" fromWho="0" sc="288,-61,203,71,203,0,296,0" /><INIT seed="1,2,0,1,5,2" ten="227,274,203,296" oya="1" hai0="0,96,123,126,83,25,109,101,3,71,85,91,135" hai1="67,69,97,70,41,43,52,121,92,81,87,26,20" hai2="35,110,74,4,73,66,78,93,111,108,15,76,82" hai3="12,100,119,27,55,46,9,88,127,1,18,24,48"/><U57/><E121/><V125/><F35/><W107/><G127/><T22/><D123/><U32/><E32/><V50/><F125/><W122/><G122/><T31/><D126/><U34/><E34/><V23/><F66/><W45/><G119/><T47/><D109/><U116/><E67/><V51/><F93/><W40/><G107/><T124/><D124/><U84/><E70/><V62/><F62/><W42/><G100/><T106/><D135/><U10/><E10/><V16/><REACH who="2" step="1"/><F4/><REACH who="2" ten="227,274,193,296" step="2"/><W114/><G114/><T39/><D71/><U132/><E69/><V53/><F53/><W79/><G55/><T63/><D63/><U133/><E133/><V54/><F54/><W19/><G42/><T102/><D102/><N who="1" m="60711" /><E132/><V117/><F117/><W6/><G40/><T134/><D134/><U112/><E43/><V86/><F86/><W13/><G6/><T60/><D60/><N who="1" m="35879" /><E41/><V33/><F33/><W75/><G48/><T49/><D39/><U36/><E36/><V44/><F44/><W8/><G46/><T58/><D47/><U61/><E61/><V65/><F65/><W64/><G45/><T120/><D120/><U5/><E116/><V113/><F113/><W90/><G64/><T68/><D68/><U29/><E112/><V38/><F38/><W129/><G75/><T128/><D49/><U30/><E5/><V59/><F59/><W118/><G118/><T21/><D58/><U11/><E84/><V17/><F17/><W56/><G56/><T80/><D80/><AGARI ba="2,1" hai="15,16,23,50,51,73,74,76,78,80,82,108,110,111" machi="80" ten="40,8000,1" yaku="1,1,9,1,14,1,54,1,53,0" doraHai="2" doraHaiUra="94" who="2" fromWho="0" sc="227,-86,274,0,193,96,296,0" /><INIT seed="2,0,0,2,3,100" ten="141,274,289,296" oya="2" hai0="83,13,23,45,66,71,0,108,32,123,70,31,44" hai1="87,97,73,56,15,75,101,84,129,38,35,41,115" hai2="17,118,114,62,54,28,95,110,59,120,18,12,37" hai3="3,128,42,72,82,51,8,47,130,58,16,27,94"/><V132/><F114/><W92/><G58/><T57/><D123/><U125/><E115/><V9/><F120/><W19/><G72/><T122/><D122/><U131/><E35/><V33/><F118/><W117/><G82/><T10/><D108/><U99/><E41/><V89/><F37/><W116/><G94/><T91/><D57/><U81/><E38/><V80/><F132/><W2/><G92/><T85/><D70/><U74/><E15/><V113/><F113/><W134/><G134/><T121/><D66/><U86/><E56/><V21/><F80/><W46/><G46/><T50/><D71/><U34/><E34/><V77/><F77/><W65/><G65/><T60/><D60/><U93/><E125/><V68/><F110/><W79/><G79/><T55/><D45/><U96/><E81/><V119/><F119/><W124/><G124/><T1/><D32/><U39/><E39/><V29/><F33/><W126/><G126/><T109/><D121/><U135/><E135/><V90/><F68/><W22/><G19/><T14/><D109/><U36/><E36/><V30/><REACH who="2" step="1"/><F95/><REACH who="2" ten="141,274,279,296" step="2"/><W40/><G117/><T11/><D31/><U103/><E93/><V52/><F52/><W24/><G116/><T53/><D55/><U25/><E25/><AGARI ba="0,1" hai="9,12,17,18,21,25,28,29,30,54,59,62,89,90" machi="25" ten="40,7700,0" yaku="1,1,8,1,53,1" doraHai="100" doraHaiUra="4" who="2" fromWho="1" sc="141,0,274,-77,279,87,296,0" /><INIT seed="2,1,0,1,5,47" ten="141,197,366,296" oya="2" hai0="38,45,104,82,121,25,28,81,76,130,63,64,124" hai1="59,131,22,98,134,80,51,116,102,88,77,83,70" hai2="23,7,66,69,0,14,15,53,117,18,103,24,84" hai3="62,113,8,41,2,46,61,112,43,107,10,17,74"/><V50/><F117/><W85/><G74/><T118/><D121/><U57/><E116/><V40/><F0/><W90/><G107/><T92/><D104/><U100/><E70/><V72/><F72/><W115/><G17/><T96/><D118/><U87/><E131/><V126/><F126/><W91/><G2/><T12/><D124/><U79/><E134/><V65/><F40/><N who="3" m="15435" /><G46/><T60/><D45/><U34/><E34/><V26/><F103/><N who="1" m="39465" /><E98/><V123/><F123/><W56/><G56/><N who="1" m="21578" /><E83/><N who="0" m="31753" /><D38/><U58/><E22/><V9/><F84/><W78/><G78/><T127/><D76/><U21/><E21/><V86/><F86/><W99/><G99/><T42/><D130/><U122/><E122/><V73/><F73/><W110/><G85/><T32/><D32/><U27/><E27/><N who="2" m="10283" /><F69/><W93/><G93/><T133/><D127/><U89/><E79/><V48/><F53/><AGARI ba="1,0" hai="51,53,58,77,80,87,88,89" m="21578,39465" machi="53" ten="30,3900,0" yaku="8,1,52,1,54,1" doraHai="47" who="1" fromWho="2" sc="141,0,197,42,366,-42,296,0" /><INIT seed="3,0,0,4,4,54" ten="141,239,324,296" oya="3" hai0="115,9,59,74,11,21,84,130,16,83,15,66,76" hai1="0,114,4,51,77,123,107,131,79,34,27,105,97" hai2="24,100,18,42,116,31,80,17,96,102,129,26,10" hai3="127,33,88,67,35,65,58,5,25,62,82,13,98"/><W93/><G127/><T106/><D130/><U75/><E114/><V47/><F116/><W30/><G82/><T41/><D106/><U118/><E123/><V126/><F129/><W109/><G109/><T95/><D115/><U69/><E69/><V48/><F126/><W103/><G67/><T39/><D39/><U37/><E37/><V70/><F70/><W134/><G134/><T71/><D41/><U73/><E0/><V117/><F117/><W101/><REACH who="3" step="1"/><G33/><REACH who="3" ten="141,239,324,286" step="2"/><T38/><D71/><U121/><E34/><V124/><F124/><W36/><G36/><T90/><REACH who="0" step="1"/><D38/><REACH who="0" ten="131,239,324,286" step="2"/><U132/><E131/><V22/><F42/><W92/><G92/><T120/><D120/><U133/><E121/><V23/><F80/><W14/><G14/><T85/><D85/><U94/><E107/><V29/><F96/><W89/><G89/><T111/><D111/><U45/><E105/><V56/><F100/><W72/><G72/><T81/><D81/><U53/><E75/><V43/><F102/><W86/><G86/><T99/><D99/><U55/><E73/><V19/><F43/><W63/><G63/><AGARI ba="0,2" hai="9,11,15,16,21,59,63,66,74,76,83,84,90,95" machi="63" ten="40,5200,0" yaku="1,1,52,1,54,1,53,0" doraHai="54" doraHaiUra="119" who="0" fromWho="3" sc="131,72,239,0,324,0,286,-52" owari="203,-29.7,239,3.9,324,42.4,234,-16.6" /></mjloggm>