<mjloggm ver="2.3"><GO type="225" lobby="0"/><UN n0="%E3%81%BE%E3%81%A8%E3%81%9F" n1="%E3%83%89%E3%83%A9%E3%81%8F%E3%82%8C" n2="%E5%8D%A0%E3%81%84%E5%B8%AB%E8%A3%8F%E3%81%AA%E3%81%84%E3%81%97" n3="%E3%81%8B%E3%82%8F%E3%81%A1%E3%82%83%E3%82%93%35%38" dan="16,17,17,17" rate="2149.50,2224.98,2220.09,2183.24" sx="M,M,M,M"/><TAIKYOKU oya="0"/><INIT seed="0,0,0,1,2,78" ten="250,250,250,250" oya="0" hai0="57,21,34,110,98,131,88,36,23,91,32,82,17" hai1="31,39,44,107,120,54,101,4,128,125,30,38,124" hai2="8,99,56,62,10,33,9,108,1,50,87,51,35" hai3="18,43,52,19,104,14,132,49,53,6,134,106,111"/><T37/><D131/><U48/><E120/><V80/><F108/><W64/><G111/><T86/><D110/><U11/><E128/><V81/><F1/><W92/><G64/><T127/><D127/><N who="1" m="48715" /><E101/><V93/><F33/><W15/><G43/><T59/><D17/><N who="3" m="6153" /><G92/><T76/><D76/><U130/><E107/><N who="3" m="41002" /><G49/><N who="2" m="18441" /><F87/><W26/><G26/><T117/><D86/><U118/><E118/><V89/><F35/><W105/><G6/><T0/><D0/><N who="1" m="391" /><E130/><V55/><AGARI ba="0,0" hai="8,9,10,55,56,62,80,81,89,93,99" m="18441" machi="55" ten="30,4000,0" yaku="8,1,52,2" doraHai="78" who="2" fromWho="2" sc="250,-20,250,-10,250,40,250,-10" /><INIT seed="1,0,0,1,4,26" ten="230,240,290,240" oya="1" hai0="49,75,125,71,40,31,129,66,48,134,117,1,86" hai1="78,23,54,47,8,0,24,28,97,52,115,93,57" hai2="80,72,14,43,109,67,55,95,84,69,100,108,92" hai3="81,2,83,126,32,46,76,130,44,30,12,10,89"/><U118/><E115/><V5/><F72/><W7/><G126/><T103/><D75/><U17/><E118/><V120/><F120/><W85/><G130/><T18/><D1/><U9/><E78/><V65/><F43/><W61/><G2/><T77/><D117/><U4/><E47/><V73/><F73/><W119/><G119/><T62/><D134/><U114/><E114/><V53/><F100/><W27/><REACH who="3" step="1"/><G61/><REACH who="3" ten="230,240,290,230" step="2"/><T29/><D125/><U88/><E54/><V39/><F53/><W107/><G107/><T133/><D133/><U131/><E131/><V13/><F55/><W94/><G94/><T63/><D129/><U105/><E105/><V21/><F95/><W96/><G96/><T121/><D63/><U58/><REACH who="1" step="1"/><E52/><REACH who="1" ten="230,230,290,230" step="2"/><V110/><F110/><W113/><G113/><T38/><D121/><U37/><E37/><V41/><F39/><W56/><G56/><T135/><D38/><U112/><E112/><V116/><F109/><W51/><G51/><T111/><D48/><U36/><E36/><V50/><F108/><W42/><G42/><T20/><D111/><U22/><E22/><V124/><F21/><W123/><G123/><T6/><D135/><U102/><E102/><V91/><F41/><W101/><G101/><T90/><D103/><U106/><E106/><V70/><F50/><W33/><G33/><T74/><D40/><U128/><E128/><V25/><F116/><W104/><G104/><T64/><D49/><U15/><AGARI ba="0,2" hai="0,4,8,9,15,17,23,24,28,57,58,88,93,97" machi="15" ten="30,12000,1" yaku="1,1,0,1,52,1,54,1,53,1" doraHai="26" doraHaiUra="87" who="1" fromWho="1" sc="230,-40,230,140,290,-40,230,-40" /><INIT seed="1,1,0,1,2,79" ten="190,370,250,190" oya="1" hai0="15,105,7,102,10,38,8,71,13,119,130,94,72" hai1="11,20,89,125,12,75,49,39,90,24,99,124,47" hai2="3,116,27,0,43,114,88,106,109,65,52,14,32" hai3="133,131,129,6,96,117,66,126,110,46,76,53,68"/><U91/><E75/><V69/><F116/><W28/><G28/><T56/><D71/><U78/><E78/><V107/><F43/><W100/><G6/><T40/><D105/><U112/><E39/><V60/><F109/><W95/><G110/><T44/><D119/><U21/><E112/><V2/><F114/><W5/><G117/><T115/><D115/><U108/><E108/><V82/><F14/><W4/><G126/><N who="1" m="48746" /><E24/><V55/><F106/><W35/><G35/><T67/><D72/><U51/><E51/><V132/><F107/><W84/><G133/><T111/><D111/><U64/><E64/><V77/><F132/><W118/><G118/><T9/><D130/><U62/><E62/><V86/><REACH who="2" step="1"/><F77/><REACH who="2" ten="190,370,240,190" step="2"/><W30/><G76/><T97/><D13/><U45/><E12/><V87/><F87/><W98/><G84/><T33/><D15/><U135/><E135/><V42/><F42/><W134/><G134/><T48/><D7/><U31/><E11/><V19/><F19/><W70/><G4/><T122/><D8/><U61/><E31/><AGARI ba="1,1" hai="0,2,3,27,31,32,52,55,60,65,69,82,86,88" machi="31" ten="40,8000,1" yaku="1,1,52,1,54,2,53,0" doraHai="79" doraHaiUra="121" who="2" fromWho="1" sc="190,0,370,-83,240,93,190,0" /><INIT seed="2,0,0,0,3,53" ten="190,287,333,190" oya="2" hai0="133,74,61,24,92,69,115,86,4,22,83,79,128" hai1="108,88,131,55,32,135,129,10,120,119,63,54,65" hai2="110,21,50,39,126,28,2,81,45,106,31,49,96" hai3="104,67,118,89,113,37,47,112,46,75,57,29,124"/><V43/><F2/><W44/><G104/><T130/><D115/><N who="3" m="44105" /><G75/><T100/><D133/><U0/><E32/><V16/><F126/><W1/><G1/><T33/><D33/><U15/><E0/><V105/><F39/><W11/><G29/><T23/><D4/><U90/><E119/><V41/><F110/><W98/><G11/><T85/><D23/><U64/><E108/><V102/><F105/><W84/><G98/><N who="0" m="59463" /><D61/><U78/><E78/><V91/><F91/><N who="1" m="34857" /><E64/><V127/><F81/><W73/><G73/><T58/><D69/><U123/><E135/><V8/><F8/><W70/><G118/><T82/><D82/><U117/><E117/><V17/><F17/><W71/><G124/><T87/><D74/><U66/><E66/><V9/><F9/><W25/><G25/><T101/><D101/><U35/><E35/><V52/><F127/><W97/><G97/><T103/><D103/><U60/><E10/><V107/><F107/><W132/><G132/><T121/><D24/><U56/><E15/><V111/><F111/><W3/><G3/><T72/><D72/><U40/><E123/><V68/><F68/><N who="3" m="26155" /><G37/><T12/><D121/><U93/><E120/><V19/><F28/><W38/><G38/><T95/><D95/><U109/><E93/><V13/><F31/><W59/><G67/><T7/><D7/><U125/><E125/><V5/><F5/><W62/><G62/><T6/><D6/><U26/><E109/><V36/><F36/><W27/><G27/><T116/><D116/><U134/><E134/><V76/><F106/><W48/><G48/><RYUUKYOKU ba="0,0" sc="190,-10,287,-10,333,-10,190,30" hai3="44,46,47,57,59,84,89" /><INIT seed="3,1,0,0,3,54" ten="180,277,323,220" oya="3" hai0="8,15,125,57,18,29,89,52,84,82,92,107,24" hai1="85,112,32,93,87,49,114,120,122,66,81,14,55" hai2="73,38,121,105,41,78,11,102,109,16,33,103,72" hai3="111,126,118,71,25,26,98,42,45,53,10,21,74"/><W30/><G118/><T6/><D107/><U77/><E32/><V75/><F33/><W28/><G74/><T4/><D125/><U70/><E70/><V7/><F109/><W40/><G71/><T94/><D4/><U27/><E66/><V116/><F16/><W69/><G69/><T17/><D6/><U97/><E27/><V65/><F65/><W20/><G126/><T60/><REACH who="0" step="1"/><D17/><REACH who="0" ten="170,277,323,220" step="2"/><U51/><E120/><V48/><F7/><W61/><G111/><T31/><D31/><U124/><E122/><V100/><F105/><W133/><G30/><T108/><D108/><U83/><E124/><V117/><F121/><W43/><G28/><T22/><AGARI ba="1,1" hai="8,15,18,22,24,29,52,57,60,82,84,89,92,94" machi="22" ten="20,12000,2" yaku="1,1,0,1,7,1,8,1,52,1,54,1,53,0" doraHai="54" doraHaiUra="35" who="0" fromWho="0" sc="170,133,277,-31,323,-31,220,-61" owari="303,40.3,246,-15.4,292,9.2,159,-34.1" /></mjloggm>