<mjloggm ver="2.3"><GO type="225" lobby="0"/><UN n0="%E3%82%89%E3%81%84%E3%81%B5%E3%81%8C%E3%83%BC%E3%81%A9%E3%81%99%E3%81%8D" n1="%72%69%6F%75%63%68%61%6E" n2="%E6%A1%9C%E8%8A%B1%E9%96%83%E3%80%85" n3="%E3%81%A4%E3%81%A3%E3%81%B1%E3%82%8A%E3%83%9D%E3%83%BC%E3%83%AB" dan="17,16,16,17" rate="2180.11,2171.61,2218.60,2207.23" sx="M,M,M,M"/><TAIKYOKU oya="0"/><INIT seed="0,0,0,1,5,65" ten="250,250,250,250" oya="0" hai0="61,123,122,45,80,29,68,125,12,121,53,133,105" hai1="3,99,76,92,63,35,13,38,50,19,48,34,46" hai2="47,127,54,130,24,116,108,14,41,23,113,106,43" hai3="120,7,32,10,1,49,44,101,129,97,22,115,26"/><T86/><D125/><U69/><E3/><V93/><F113/><W31/><G115/><T77/><D133/><U78/><E38/><V17/><F106/><W114/><G114/><T117/><D117/><U60/><E34/><V91/><F127/><W27/><G129/><T126/><D126/><U25/><E25/><V82/><F108/><W84/><G84/><T15/><D105/><U57/><E35/><V88/><F130/><W11/><G120/><T18/><D29/><U119/><E69/><V64/><F64/><W16/><G10/><T109/><D109/><U72/><E119/><V9/><F82/><W30/><G30/><T66/><REACH who="0" step="1"/><D18/><REACH who="0" ten="240,250,250,250" step="2"/><U83/><E19/><V51/><F116/><W102/><REACH who="3" step="1"/><G97/><REACH who="3" ten="240,250,250,240" step="2"/><T104/><D104/><U128/><E99/><N who="2" m="57767" /><F91/><W87/><G87/><T94/><D94/><U75/><E128/><V71/><F17/><W67/><G67/><T107/><D107/><U52/><E75/><V2/><F9/><W79/><G79/><T112/><D112/><U74/><E78/><V73/><F73/><W135/><G135/><T6/><D6/><U39/><E72/><V42/><F23/><W55/><AGARI ba="0,2" hai="1,7,11,16,22,26,27,31,32,44,49,55,101,102" machi="55" ten="20,5200,0" yaku="1,1,0,1,7,1,54,1,53,0" doraHai="65" doraHaiUra="100" who="3" fromWho="3" sc="240,-26,250,-13,250,-13,240,72" /><INIT seed="1,0,0,1,3,113" ten="214,237,237,312" oya="1" hai0="28,134,83,73,17,0,27,9,112,53,71,123,121" hai1="40,133,37,97,79,24,78,63,59,38,49,19,96" hai2="29,10,42,122,87,99,51,13,101,26,94,64,65" hai3="128,82,43,127,35,86,124,22,72,61,77,91,30"/><U125/><E125/><N who="3" m="48202" /><G128/><T7/><D71/><U135/><E49/><V88/><F122/><N who="0" m="46602" /><D112/><U68/><E68/><V92/><F42/><W103/><G103/><T95/><D134/><N who="1" m="51211" /><E19/><V21/><REACH who="2" step="1"/><F51/><REACH who="2" ten="214,237,227,312" step="2"/><W11/><G43/><T14/><D73/><U70/><E40/><V85/><F85/><W18/><G72/><T120/><D120/><U12/><E38/><V107/><F107/><W34/><G61/><T75/><D75/><U33/><E37/><V115/><F115/><W2/><G77/><T4/><D0/><U118/><E79/><V46/><F46/><W62/><G62/><T81/><D81/><U106/><E78/><V6/><AGARI ba="0,1" hai="6,10,13,21,26,29,64,65,87,88,92,94,99,101" machi="6" ten="20,8000,1" yaku="1,1,0,1,7,1,8,1,54,1,53,0" doraHai="113" doraHaiUra="54" who="2" fromWho="2" sc="214,-20,237,-40,227,90,312,-20" /><INIT seed="2,0,0,5,1,113" ten="194,197,317,292" oya="2" hai0="79,106,18,66,97,61,6,95,14,67,115,76,108" hai1="32,132,13,105,114,87,131,125,124,71,62,27,119" hai2="98,50,31,36,55,111,116,129,103,64,46,2,34" hai3="57,91,8,81,22,112,78,38,89,5,70,12,16"/><V51/><F129/><W7/><G70/><T45/><D106/><U73/><RYUUKYOKU type="yao9" ba="0,0" sc="194,0,197,0,317,0,292,0" hai1="13,27,32,62,71,73,87,105,114,119,124,125,131,132" /><INIT seed="2,1,0,0,5,110" ten="194,197,317,292" oya="2" hai0="28,105,53,40,80,113,33,104,134,81,44,69,31" hai1="3,79,26,126,85,12,8,49,102,71,93,103,16" hai2="29,19,96,129,1,18,52,42,107,32,125,57,61" hai3="123,118,114,91,89,135,119,101,122,38,0,106,45"/><V121/><F121/><N who="3" m="46091" /><G0/><T58/><D69/><U111/><E71/><V76/><F125/><W55/><G55/><T124/><D124/><U72/><E111/><V97/><F129/><W22/><G22/><T120/><D120/><U35/><E126/><V94/><F1/><W54/><G54/><T11/><D113/><U112/><E112/><V133/><F133/><W41/><G89/><T48/><D134/><U109/><E109/><V17/><F107/><W115/><G91/><T36/><D105/><U73/><E3/><V56/><F42/><W127/><G127/><T39/><D104/><U86/><E49/><V75/><F32/><W27/><G27/><T37/><D11/><U68/><E68/><V131/><F29/><W66/><G66/><T108/><D108/><U92/><E35/><V100/><F131/><W98/><G135/><T51/><REACH who="0" step="1"/><D33/><REACH who="0" ten="184,197,317,292" step="2"/><U116/><E8/><V47/><F57/><W82/><G82/><AGARI ba="1,1" hai="28,31,36,37,39,40,44,48,51,53,58,80,81,82" machi="82" ten="40,2600,0" yaku="1,1,2,1,53,0" doraHai="110" doraHaiUra="15" who="0" fromWho="3" sc="184,39,197,0,317,0,292,-29" /><INIT seed="3,0,0,1,0,18" ten="223,197,317,263" oya="3" hai0="1,68,26,12,120,84,36,23,28,45,74,16,37" hai1="25,38,78,24,98,63,83,86,48,3,47,13,107" hai2="50,121,61,94,87,43,0,20,41,60,130,134,19" hai3="131,101,70,52,127,62,56,21,96,109,82,93,124"/><W31/><G70/><T6/><D74/><U103/><E3/><V22/><F130/><W90/><G131/><T49/><D68/><U58/><E38/><V75/><F75/><W7/><G7/><T117/><D117/><U15/><E24/><N who="2" m="14367" /><F0/><W88/><G109/><T72/><D72/><U132/><E132/><V104/><F104/><W91/><G82/><T46/><D120/><U114/><E114/><V64/><F134/><W85/><G85/><T17/><D17/><U119/><E119/><V128/><F22/><W97/><G21/><T76/><D46/><U105/><E107/><V116/><F50/><W67/><G31/><T39/><D1/><U33/><E33/><V8/><F8/><W10/><G10/><T54/><D6/><U53/><REACH who="1" step="1"/><E25/><REACH who="1" ten="223,187,317,263" step="2"/><V32/><F32/><W57/><G127/><T27/><REACH who="0" step="1"/><D28/><REACH who="0" ten="213,187,317,263" step="2"/><U129/><E129/><V5/><F128/><W2/><G2/><T59/><D59/><U66/><AGARI ba="0,2" hai="13,15,47,48,53,58,63,66,78,83,86,98,103,105" machi="66" ten="20,2700,0" yaku="1,1,0,1,7,1,53,0" doraHai="18" doraHaiUra="108" who="1" fromWho="1" sc="213,-7,187,47,317,-7,263,-13" owari="206,-29.4,234,-16.6,310,41.0,250,5.0" /></mjloggm>