<mjloggm ver="2.3"><GO type="225" lobby="0"/><UN n0="%E6%B0%B7%E5%B7%9D%E9%87%8C%E5%A5%88" n1="%E3%82%BC%E3%83%AB%E3%83%80%E3%81%AE%E4%BC%9D%E8%AA%AC" n2="%70%68%65%6E%6F%6D%65" n3="%6D%75%75%6D%75%72%61" dan="16,17,16,17" rate="2105.51,2226.73,2116.90,2161.93" sx="F,M,M,F"/><TAIKYOKU oya="0"/><INIT seed="0,0,0,1,1,48" ten="250,250,250,250" oya="0" hai0="108,123,95,41,31,106,101,13,128,88,44,126,7" hai1="20,15,117,98,5,68,59,107,58,133,82,79,102" hai2="24,119,0,75,36,54,124,25,125,85,22,127,45" hai3="52,135,131,90,93,63,73,10,87,3,129,56,28"/><T8/><D123/><U111/><E117/><V53/><F75/><W2/><G135/><T104/><D126/><U122/><E122/><V40/><F119/><W76/><G28/><T39/><D128/><N who="3" m="49225" /><G10/><T14/><D108/><U43/><E68/><V77/><F0/><N who="3" m="43" /><G73/><T65/><D31/><U103/><E133/><V66/><F66/><W57/><G57/><T32/><D32/><U99/><E111/><V17/><F25/><W34/><G76/><T46/><D65/><U96/><E43/><V94/><REACH who="2" step="1"/><F94/><REACH who="2" ten="250,250,240,250" step="2"/><W84/><G34/><T72/><D72/><U105/><E105/><V9/><F9/><W30/><G30/><T42/><D14/><U62/><E107/><V49/><F49/><W69/><G69/><T21/><D21/><U78/><E20/><V6/><F6/><W51/><G51/><T64/><D64/><U50/><E5/><V112/><F112/><W121/><G121/><T97/><REACH who="0" step="1"/><D101/><REACH who="0" ten="240,250,240,250" step="2"/><U70/><E15/><V60/><F60/><W110/><G110/><T18/><D18/><U89/><E103/><V115/><F115/><W74/><G74/><T120/><D120/><U81/><E102/><V92/><F92/><W19/><G19/><T86/><D86/><AGARI ba="0,2" hai="52,56,63,84,86,87,90,93" m="43,49225" machi="86" ten="30,3900,0" yaku="19,1,52,1,54,1" doraHai="48" who="3" fromWho="0" sc="240,-39,250,0,240,0,250,59" /><INIT seed="1,0,0,0,3,90" ten="201,250,240,309" oya="1" hai0="110,67,55,135,37,116,79,124,70,4,46,19,65" hai1="122,52,119,35,129,6,83,126,68,105,111,54,32" hai2="57,78,109,133,132,75,117,128,80,99,15,96,130" hai3="3,73,43,60,121,24,84,107,103,91,113,30,82"/><U108/><E119/><V72/><F57/><W11/><G121/><T69/><D79/><U36/><E122/><V56/><F56/><W87/><G113/><T5/><D19/><U81/><E6/><V58/><F58/><W77/><G60/><T97/><D97/><N who="2" m="37450" /><F15/><W64/><G64/><N who="0" m="24651" /><D5/><U25/><E105/><V0/><F0/><W131/><G43/><N who="0" m="22895" /><D4/><U120/><E120/><V125/><F117/><W28/><G131/><N who="2" m="50217" /><F109/><W26/><G11/><T34/><D34/><U18/><E129/><V92/><F75/><W20/><G73/><T100/><D100/><U59/><E59/><V63/><F63/><W95/><G103/><T66/><D116/><U114/><E18/><V16/><F16/><W71/><G3/><T50/><D110/><U39/><E25/><V112/><F112/><W22/><G107/><T62/><D135/><N who="2" m="51786" /><F92/><W21/><G20/><T8/><D8/><U12/><E114/><V101/><F101/><W10/><G10/><T14/><D14/><U23/><E12/><V123/><F123/><W89/><G71/><T106/><D106/><U27/><E68/><V31/><F31/><W49/><G49/><T7/><D7/><U47/><E23/><V98/><F98/><W44/><G44/><T88/><D70/><U61/><E27/><V104/><F104/><W9/><G9/><T41/><D66/><U13/><E13/><V76/><F76/><AGARI ba="0,0" hai="21,22,24,26,28,30,76,77,82,84,87,89,91,95" machi="76" ten="40,5200,0" yaku="9,1,8,1,52,1" doraHai="90" who="3" fromWho="2" sc="201,0,250,0,240,-52,309,52" /><INIT seed="2,0,0,2,3,58" ten="201,250,188,361" oya="2" hai0="21,55,24,108,115,48,59,114,82,13,72,79,106" hai1="121,40,4,20,94,70,92,63,49,61,10,43,0" hai2="19,73,127,53,42,91,96,26,17,65,118,9,97" hai3="39,44,66,123,62,11,111,14,100,120,33,122,36"/><V41/><F118/><W85/><G111/><T133/><D106/><U107/><E107/><V45/><F73/><W117/><G117/><T54/><D108/><U86/><E121/><V57/><F127/><W27/><G100/><T131/><D131/><U37/><E37/><V2/><F65/><W30/><G85/><T99/><D133/><U69/><E20/><N who="2" m="13583" /><F2/><W104/><G104/><T124/><D124/><U22/><E22/><V6/><F6/><W135/><G135/><T129/><D129/><U84/><E49/><N who="2" m="26799" /><F42/><W31/><G31/><T103/><D13/><U105/><E105/><V78/><F78/><W25/><G25/><T119/><D55/><U56/><E10/><V90/><F19/><W7/><REACH who="3" step="1"/><G44/><REACH who="3" ten="201,250,188,351" step="2"/><T112/><D119/><U52/><E86/><V28/><F28/><W102/><G102/><T93/><D115/><U110/><E84/><V76/><F76/><W18/><G18/><AGARI ba="0,1" hai="18,21,24,48,54,59,72,79,82,93,99,103,112,114" machi="18" ten="30,1000,0" yaku="7,1" doraHai="58" who="0" fromWho="3" sc="201,20,250,0,188,0,351,-10" /><INIT seed="3,0,0,2,1,102" ten="221,250,188,341" oya="3" hai0="113,126,24,26,58,88,7,31,44,46,42,83,17" hai1="114,81,12,68,14,120,38,32,96,55,56,62,72" hai2="86,90,54,70,84,131,110,76,104,111,10,115,51" hai3="125,2,130,69,128,123,27,37,19,129,65,87,0"/><W132/><G123/><T94/><D126/><U34/><E38/><V20/><F70/><W124/><G37/><T13/><D113/><U23/><E68/><V53/><F115/><W118/><G118/><T122/><D122/><U1/><E1/><N who="3" m="618" /><G132/><T61/><D7/><U6/><E96/><V135/><F135/><W74/><G74/><T82/><D83/><U30/><E81/><N who="2" m="47143" /><F10/><W98/><G87/><N who="0" m="52511" /><D82/><U105/><E6/><V71/><F71/><W78/><G78/><T119/><D119/><U127/><E127/><N who="3" m="48714" /><G98/><T33/><D33/><U41/><E32/><V101/><F20/><N who="3" m="13727" /><G69/><T134/><D134/><U95/><E72/><V116/><F116/><W25/><G25/><T133/><D133/><U89/><E120/><V48/><F131/><W57/><G57/><T35/><D35/><U121/><E34/><V16/><F16/><W22/><G22/><N who="0" m="15831" /><D24/><U49/><E56/><V45/><F90/><W67/><AGARI ba="0,0" hai="65,67,128,129,130" m="13727,48714,618" machi="67" ten="40,3900,0" yaku="19,1,18,1" doraHai="102" who="3" fromWho="3" sc="221,-13,250,-13,188,-13,341,39" owari="208,-19.2,237,3.7,175,-32.5,380,48.0" /></mjloggm>