<mjloggm ver="2.3"><GO type="225" lobby="0"/><UN n0="%E3%81%9F%E3%81%93%E2%98%86%E7%84%BC%E3%81%8D" n1="%E3%81%86%E3%82%8B%E3%81%8A%E3%81%A1%E3%82%83" n2="%E9%80%9F%E6%B0%B4%E5%87%9B%E9%A6%99" n3="%40%79%75%6B%69%73" dan="16,16,16,16" rate="2079.06,2116.06,2133.70,2165.95" sx="M,F,F,M"/><TAIKYOKU oya="0"/><INIT seed="0,0,0,0,1,58" ten="250,250,250,250" oya="0" hai0="133,118,29,117,25,134,132,65,89,27,39,99,98" hai1="19,1,81,112,83,46,100,51,88,64,119,95,94" hai2="126,69,49,96,55,30,10,44,13,97,105,52,17" hai3="120,91,85,71,111,57,37,109,108,128,12,127,54"/><T31/><D39/><U66/><E119/><N who="0" m="45577" /><D65/><N who="1" m="25195" /><E1/><V18/><F69/><W33/><G33/><T48/><D48/><U61/><E61/><V107/><F126/><W21/><G37/><T38/><D89/><U62/><E62/><V7/><F30/><N who="0" m="11274" /><D38/><U34/><E34/><V103/><REACH who="2" step="1"/><F55/><REACH who="2" ten="250,250,240,250" step="2"/><W40/><G127/><T76/><D76/><U87/><E112/><V20/><F20/><W122/><G71/><T78/><D78/><U124/><E124/><V72/><F72/><W56/><G21/><T77/><D77/><U115/><E115/><V80/><F80/><W28/><G28/><T84/><D84/><U106/><E83/><V43/><F43/><W68/><G40/><T45/><D45/><U8/><E46/><V42/><F42/><W90/><G68/><T74/><D74/><U15/><E81/><V92/><F92/><W59/><G54/><T123/><D123/><U73/><E73/><V14/><F14/><W53/><G12/><T5/><D98/><N who="1" m="59479" /><E106/><V113/><F113/><W26/><G53/><T75/><D99/><U86/><E51/><V70/><F70/><W110/><G110/><T36/><D75/><U16/><E86/><V67/><F67/><W114/><G85/><T121/><D121/><N who="3" m="46697" /><G114/><T11/><D36/><U41/><E41/><V79/><F79/><W3/><G111/><T22/><D22/><U60/><E60/><V23/><F23/><W2/><G109/><T131/><D131/><U125/><E125/><V135/><F135/><W116/><G128/><T102/><D102/><AGARI ba="0,1" hai="7,10,13,17,18,44,49,52,96,97,102,103,105,107" machi="102" ten="40,5200,0" yaku="1,1,9,1,54,1,53,0" doraHai="58" doraHaiUra="82" who="2" fromWho="0" sc="250,-52,250,0,240,62,250,0" /><INIT seed="1,0,0,3,0,30" ten="198,250,302,250" oya="1" hai0="4,127,83,49,105,5,1,78,22,104,103,120,38" hai1="16,80,128,58,11,3,28,82,81,55,36,113,9" hai2="15,25,18,48,96,107,126,66,116,92,130,97,89" hai3="32,13,71,44,79,50,24,68,86,102,115,134,73"/><U135/><E113/><V64/><F116/><W108/><G115/><T61/><D120/><U69/><E69/><V77/><F130/><W8/><G73/><T84/><D127/><U53/><E36/><V95/><F107/><W42/><G108/><T0/><D38/><U2/><E128/><V60/><F77/><W63/><G102/><T37/><D37/><U98/><E135/><V129/><F129/><W122/><G122/><T14/><D61/><U41/><E41/><V35/><F126/><W59/><G134/><T72/><D49/><U65/><E28/><V39/><F39/><W99/><G99/><T109/><D109/><U88/><E2/><V94/><F48/><W87/><G24/><T7/><D72/><U123/><E3/><V75/><F75/><W133/><G32/><T93/><D0/><U70/><E70/><V12/><F95/><W20/><G20/><T110/><D1/><U40/><E40/><V100/><F64/><W56/><G56/><T91/><D110/><U31/><E31/><V29/><F18/><W26/><G26/><T117/><D117/><U132/><E123/><V34/><F34/><W76/><G133/><T119/><D119/><U10/><E16/><V114/><F114/><W54/><G79/><T111/><D111/><U21/><E21/><V124/><F124/><W17/><G87/><N who="0" m="52479" /><D22/><U74/><E74/><V43/><F43/><W23/><G23/><T85/><D85/><U57/><E132/><V33/><F33/><W67/><G42/><T27/><D27/><U52/><E65/><V125/><F125/><W6/><G17/><RYUUKYOKU ba="0,0" sc="198,-30,250,10,302,10,250,10" hai1="9,10,11,52,53,55,57,58,80,81,82,88,98" hai2="12,15,25,29,35,60,66,89,92,94,96,97,100" hai3="6,8,13,44,50,54,59,63,67,68,71,76,86" /><INIT seed="1,1,0,1,5,119" ten="168,260,312,260" oya="1" hai0="99,112,13,12,56,60,87,70,127,17,10,90,79" hai1="107,110,23,100,75,18,83,54,42,59,39,93,3" hai2="86,24,106,67,118,63,77,65,50,102,92,4,5" hai3="34,47,41,88,66,7,31,1,11,126,130,124,69"/><U121/><E3/><V15/><F106/><W91/><G130/><T95/><D127/><N who="3" m="48681" /><G66/><T6/><D70/><U133/><E107/><V73/><F73/><W61/><G61/><T28/><D28/><U98/><E39/><V80/><F118/><W43/><G69/><T46/><D46/><U58/><E42/><N who="3" m="15882" /><G47/><T132/><D132/><U97/><E75/><V103/><F50/><W122/><G122/><T96/><D112/><U85/><E121/><V74/><F74/><W123/><G123/><T129/><D79/><U111/><E98/><V51/><F51/><W20/><G34/><T89/><D129/><U115/><E115/><V134/><F134/><W36/><G36/><T22/><REACH who="0" step="1"/><D90/><REACH who="0" ten="158,260,312,260" step="2"/><N who="1" m="51519" /><E133/><V44/><F77/><W135/><G135/><T53/><AGARI ba="1,1" hai="6,10,12,13,17,22,53,56,60,87,89,95,96,99" machi="53" ten="20,5200,0" yaku="1,1,0,1,7,1,8,1,53,0" doraHai="119" doraHaiUra="62" who="0" fromWho="0" sc="158,65,260,-27,312,-14,260,-14" /><INIT seed="2,0,0,4,2,126" ten="223,233,298,246" oya="2" hai0="37,46,54,83,8,16,99,65,107,106,68,32,1" hai1="59,35,113,86,123,104,69,133,125,135,96,78,38" hai2="30,14,90,114,17,12,62,22,19,10,47,92,0" hai3="45,112,6,33,77,40,44,81,70,82,11,131,5"/><V127/><F114/><W48/><G33/><T27/><D83/><N who="1" m="47479" /><E69/><V130/><F127/><W115/><G70/><T110/><D110/><U73/><E73/><V53/><F0/><W61/><G61/><T7/><D99/><U100/><E38/><V2/><F2/><W31/><G31/><T120/><D120/><U43/><E35/><V51/><F30/><W21/><G21/><T56/><D65/><U134/><E113/><V63/><REACH who="2" step="1"/><F130/><REACH who="2" ten="223,233,288,246" step="2"/><W93/><G115/><T41/><D32/><U34/><E125/><V58/><F58/><W28/><G131/><T72/><D68/><U119/><E34/><V88/><F88/><W3/><G28/><T84/><D56/><U95/><E59/><V80/><F80/><W89/><G82/><T105/><D1/><U36/><E123/><V132/><F132/><W24/><G112/><T79/><D79/><U85/><E119/><V102/><F102/><W108/><G81/><T66/><D72/><U75/><E75/><V74/><F74/><W57/><G77/><T20/><D84/><AGARI ba="0,1" hai="10,12,14,17,19,22,47,51,53,62,63,84,90,92" machi="84" ten="30,5800,0" yaku="1,1,7,1,8,1,53,0" doraHai="126" doraHaiUra="116" who="2" fromWho="0" sc="223,-58,233,0,288,68,246,0" /><INIT seed="2,1,0,1,3,93" ten="165,233,356,246" oya="2" hai0="21,91,1,9,118,95,114,133,100,120,134,88,87" hai1="72,56,121,131,119,129,10,30,44,135,116,36,109" hai2="94,11,85,18,67,112,75,70,125,23,128,55,69" hai3="34,105,97,3,127,24,122,20,54,26,7,126,37"/><V99/><F75/><W22/><G37/><T47/><D21/><N who="3" m="8297" /><G54/><T65/><D47/><U124/><E72/><V8/><F112/><W13/><G122/><T38/><D9/><U48/><E30/><V40/><F128/><N who="1" m="49225" /><E10/><V41/><F55/><W84/><G84/><N who="0" m="52615" /><D65/><U4/><E4/><V42/><F85/><W92/><G105/><T59/><D59/><U115/><E121/><V79/><F8/><N who="3" m="4255" /><G3/><T73/><D38/><U64/><E109/><V32/><F67/><W19/><G19/><T71/><D71/><U33/><E33/><V0/><F18/><W123/><G34/><T35/><D35/><U6/><E6/><V49/><F32/><W45/><G45/><T103/><D1/><U43/><E115/><V110/><F0/><W101/><G123/><T106/><D114/><U17/><E17/><V111/><F69/><W53/><G53/><T90/><D120/><U51/><E124/><AGARI ba="1,0" hai="24,26,92,97,101,124,126,127" m="4255,8297" machi="124" ten="30,2000,0" yaku="18,1,52,1" doraHai="93" who="3" fromWho="1" sc="165,0,233,-23,356,0,246,23" /><INIT seed="3,0,0,0,1,80" ten="165,210,356,269" oya="3" hai0="82,106,85,81,135,126,121,44,37,53,52,1,70" hai1="51,33,120,114,111,79,134,56,34,5,112,17,77" hai2="117,27,119,18,131,16,7,124,76,55,127,3,4" hai3="94,90,10,75,66,103,87,84,25,32,40,133,28"/><W100/><G75/><T74/><D1/><U125/><E120/><V35/><F76/><N who="1" m="29257" /><E34/><V48/><F131/><W108/><G133/><T2/><D74/><U65/><E33/><V107/><F107/><W73/><G73/><T14/><D2/><U6/><E114/><V102/><F102/><W88/><G108/><T9/><D106/><U12/><E112/><V116/><F3/><W115/><G115/><T60/><D135/><U67/><E134/><V19/><F55/><W39/><G66/><N who="1" m="25098" /><E111/><V46/><F48/><W13/><G40/><T45/><D126/><N who="2" m="48170" /><F46/><W41/><G41/><T71/><D121/><U42/><E125/><V129/><F129/><W30/><G30/><AGARI ba="0,0" hai="4,7,16,18,19,27,30,35,116,117,119" m="48170" machi="30" ten="40,8000,1" yaku="18,1,34,2,54,1" doraHai="80" who="2" fromWho="3" sc="165,0,210,0,356,80,269,-80" owari="165,-33.5,210,1.0,436,53.6,189,-21.1" /></mjloggm>