<mjloggm ver="2.3"><GO type="225" lobby="0"/><UN n0="%E7%B4%94%E6%BD%94%E3%83%94%E3%83%A9%E3%83%8B%E3%82%A2" n1="%E3%81%8C%E3%81%9F" n2="%72%69%6F%75%63%68%61%6E" n3="%E3%81%B5%E3%81%98%E3%81%8B%E3%81%A4" dan="16,16,16,16" rate="2141.48,2134.23,2139.11,2181.83" sx="M,M,M,M"/><TAIKYOKU oya="0"/><INIT seed="0,0,0,5,3,88" ten="250,250,250,250" oya="0" hai0="44,68,113,18,27,12,89,133,21,47,96,25,87" hai1="30,17,37,2,99,104,114,94,107,106,128,63,97" hai2="31,43,58,39,9,100,6,35,108,60,79,65,62" hai3="76,46,61,14,55,81,98,135,0,5,103,11,23"/><T13/><D68/><U16/><E37/><V38/><F108/><W115/><G135/><T121/><D133/><U45/><E2/><V50/><F79/><W124/><G115/><T95/><D113/><U52/><E114/><V86/><F100/><W91/><G124/><T73/><D73/><U132/><E132/><V71/><F86/><W42/><G91/><T56/><D121/><U64/><E128/><V78/><F78/><W72/><G55/><T41/><D87/><U116/><E30/><V102/><F102/><W83/><G83/><T34/><D47/><U48/><E97/><V111/><F111/><W126/><G126/><T120/><D120/><U118/><E118/><V109/><F109/><W70/><G61/><T66/><D66/><U127/><E127/><V117/><F117/><W29/><G29/><T131/><D56/><U129/><E129/><V3/><F31/><W33/><G23/><T54/><D54/><U93/><E116/><V69/><F35/><W24/><G14/><T92/><D92/><U1/><E1/><V10/><F10/><W134/><G134/><T123/><D123/><U40/><E40/><V22/><F22/><W20/><G33/><T19/><D34/><U28/><E28/><V90/><F90/><W49/><G70/><N who="2" m="26633" /><F62/><W4/><G4/><T105/><D105/><U32/><E32/><V85/><F85/><W74/><G20/><N who="0" m="11335" /><D131/><U119/><E119/><V57/><F43/><W36/><G24/><T125/><D125/><U110/><E110/><V112/><F112/><W77/><G49/><AGARI ba="0,0" hai="13,19,21,25,27,41,44,49,89,95,96" m="11335" machi="49" ten="30,2900,0" yaku="8,1,52,1" doraHai="88" who="0" fromWho="3" sc="250,29,250,0,250,0,250,-29" /><INIT seed="0,1,0,1,3,42" ten="279,250,250,221" oya="0" hai0="103,94,55,6,108,37,120,69,43,125,76,5,60" hai1="118,13,77,106,0,86,73,102,135,9,71,34,18" hai2="93,38,117,20,104,121,39,15,114,68,84,36,116" hai3="72,33,1,10,63,62,92,88,49,27,70,115,132"/><T99/><D120/><U89/><E118/><N who="2" m="45675" /><F121/><W67/><G115/><T113/><D113/><U66/><E34/><V41/><F114/><W16/><G132/><T128/><D125/><U35/><E35/><V57/><F68/><W53/><G72/><T3/><D128/><U79/><E0/><V8/><F104/><W54/><G33/><T52/><D76/><U12/><E73/><V80/><F20/><N who="3" m="13703" /><G1/><T110/><D69/><U109/><E109/><N who="0" m="42089" /><D60/><N who="3" m="23081" /><G70/><T119/><D119/><U26/><E71/><V82/><F41/><W11/><G67/><T87/><D87/><U129/><E129/><V17/><F57/><N who="3" m="32943" /><G54/><N who="0" m="20523" /><D3/><U90/><E66/><V2/><F2/><W23/><G23/><T21/><D21/><U44/><E135/><V131/><F131/><W111/><G111/><T46/><AGARI ba="1,0" hai="5,6,37,43,46,94,99,103" m="20523,42089" machi="46" ten="30,11700,0" yaku="14,1,10,1,52,1,54,1" doraHai="42" who="0" fromWho="0" sc="279,120,250,-40,250,-40,221,-40" /><INIT seed="0,2,0,2,1,73" ten="399,210,210,181" oya="0" hai0="122,18,113,116,68,117,29,120,8,48,129,63,112" hai1="56,115,132,106,50,83,27,121,57,110,33,105,30" hai2="70,119,14,108,94,11,95,40,53,32,109,93,92" hai3="69,89,84,87,2,66,90,17,19,26,1,101,4"/><T88/><D88/><N who="3" m="33897" /><G69/><T82/><D82/><U67/><E121/><N who="0" m="46697" /><D18/><N who="3" m="6665" /><G66/><N who="0" m="41055" /><D8/><U3/><E3/><N who="3" m="1034" /><G101/><T43/><D29/><U52/><E30/><V31/><F119/><N who="0" m="45642" /><D129/><U25/><E67/><V21/><F70/><W80/><G4/><T20/><D20/><U85/><E106/><V39/><F21/><W65/><G80/><T7/><D7/><U42/><E83/><V128/><F128/><W13/><G65/><T135/><D135/><U46/><E132/><V41/><F32/><W127/><G13/><T71/><D71/><U45/><E105/><V100/><F31/><W0/><G0/><T133/><D133/><U91/><E33/><V134/><F134/><W99/><G99/><T126/><D126/><U103/><E103/><V74/><F100/><W24/><G127/><T23/><D23/><U98/><E98/><V10/><F74/><W130/><G130/><T79/><D79/><U5/><E5/><V62/><F14/><W59/><G59/><T58/><D58/><U125/><E56/><N who="2" m="35087" /><F93/><W86/><AGARI ba="2,0" hai="24,26,84,86,87" m="1034,6665,33897" machi="86" ten="40,5200,0" yaku="28,2,54,1" doraHai="73" who="3" fromWho="3" sc="399,-28,210,-15,210,-15,181,58" /><INIT seed="1,0,0,5,1,25" ten="371,195,195,239" oya="1" hai0="126,88,8,34,109,49,36,46,23,61,19,53,60" hai1="38,114,77,83,105,129,73,103,48,62,43,2,91" hai2="68,123,102,17,122,51,30,50,119,121,9,112,69" hai3="66,117,116,135,6,74,1,127,16,67,87,93,89"/><U32/><E114/><V72/><F72/><W56/><G74/><T133/><D34/><U115/><E115/><V85/><F112/><W118/><G127/><T42/><D109/><U107/><E129/><V57/><F102/><W71/><G135/><T76/><D133/><U44/><E91/><V14/><F119/><W95/><G71/><T7/><D76/><U5/><E48/><V55/><F30/><W20/><G95/><T64/><D88/><U27/><E62/><V90/><REACH who="2" step="1"/><F51/><REACH who="2" ten="371,195,185,239" step="2"/><W37/><G37/><T106/><D36/><U15/><E103/><V120/><N who="2" m="30720" /><DORA hai="58" /><V54/><F54/><W41/><G41/><T65/><D53/><U96/><E96/><V12/><F12/><N who="3" m="9223" /><G56/><T101/><D101/><U81/><E15/><V108/><F108/><W84/><G1/><T75/><D75/><U110/><E110/><V130/><F130/><W26/><G26/><T124/><D49/><U18/><E27/><V0/><F0/><W22/><G67/><T47/><D42/><U70/><E2/><V134/><F134/><W82/><G66/><T35/><D65/><U97/><E73/><V94/><AGARI ba="0,1" hai="9,14,17,50,55,57,68,69,85,90,94" m="30720" machi="94" ten="60,4000,0" yaku="1,1,0,1,53,0" doraHai="25,58" doraHaiUra="99,39" who="2" fromWho="2" sc="371,-10,195,-20,185,50,239,-10" /><INIT seed="2,0,0,4,3,53" ten="361,175,235,229" oya="2" hai0="7,127,19,119,81,97,49,13,10,100,99,26,55" hai1="110,43,30,107,129,12,0,96,109,47,8,83,108" hai2="14,79,125,16,34,33,117,101,77,21,66,39,3" hai3="87,46,122,135,112,85,17,52,91,120,86,60,105"/><V116/><F39/><W93/><G112/><T6/><D127/><U82/><E0/><V37/><F37/><W29/><G135/><T106/><D119/><U75/><E30/><V5/><F101/><W73/><G105/><T123/><D123/><U41/><E129/><V74/><F77/><W95/><G73/><T18/><D97/><U24/><E24/><V54/><F66/><W44/><G29/><T78/><D19/><U64/><E64/><V88/><F125/><W59/><G122/><T69/><D26/><U23/><E23/><V111/><F111/><W132/><G132/><T4/><D69/><U134/><E134/><V11/><F88/><W56/><G120/><T61/><D61/><U94/><E107/><V22/><F54/><N who="3" m="33815" /><G17/><T48/><REACH who="0" step="1"/><D55/><REACH who="0" ten="351,175,235,229" step="2"/><U20/><E75/><AGARI ba="0,1" hai="4,6,7,10,13,18,48,49,75,78,81,99,100,106" machi="75" ten="40,2600,0" yaku="1,1,2,1,53,0" doraHai="53" doraHaiUra="90" who="0" fromWho="1" sc="351,36,175,-26,235,0,229,0" /><INIT seed="3,0,0,2,4,79" ten="387,149,235,229" oya="3" hai0="48,29,32,34,130,97,35,117,124,128,62,39,131" hai1="19,42,9,111,58,4,89,21,18,67,133,50,72" hai2="24,30,57,134,23,126,17,25,85,37,38,27,74" hai3="15,59,99,40,123,88,90,45,6,73,92,118,93"/><W46/><G118/><T94/><D39/><U104/><E104/><V87/><F74/><W115/><G123/><T84/><D117/><U54/><E111/><V52/><F126/><W101/><G115/><T86/><D124/><U56/><E133/><V80/><F134/><W96/><G73/><T81/><D48/><U98/><E72/><V12/><F87/><N who="0" m="33322" /><D62/><U7/><E42/><V122/><F122/><W33/><G33/><T26/><D81/><U41/><E41/><V82/><F82/><W28/><G28/><T75/><D75/><U3/><E7/><V121/><F121/><W120/><G120/><T10/><D10/><U102/><E89/><AGARI ba="0,0" hai="26,29,32,34,35,89,94,97,128,130,131" m="33322" machi="89" ten="30,1000,0" yaku="19,1" doraHai="79" who="0" fromWho="1" sc="387,10,149,-10,235,0,229,0" owari="397,49.7,139,-36.1,235,3.5,229,-17.1" /></mjloggm>