<mjloggm ver="2.3"><GO type="225" lobby="0"/><UN n0="%E3%83%AD%E3%83%83%E3%83%86%E9%9B%80%E7%90%83" n1="%E3%81%AF%E3%82%88%E3%81%8A%E3%81%98%E3%81%95%E3%82%93" n2="%E5%AE%AE%E4%BF%9D%E9%B6%8F%E8%82%89" n3="%6D%75%75%6D%75%72%61" dan="17,16,16,17" rate="2143.38,2155.69,2104.22,2211.60" sx="M,M,M,F"/><TAIKYOKU oya="0"/><INIT seed="0,0,0,3,0,125" ten="250,250,250,250" oya="0" hai0="33,105,119,121,85,94,90,58,57,2,127,106,114" hai1="98,63,52,36,65,43,21,3,8,129,23,78,107" hai2="95,16,82,47,5,93,80,96,30,51,37,124,102" hai3="134,18,83,4,115,84,75,1,9,92,122,67,39"/><T130/><D114/><U135/><E135/><V126/><F37/><W72/><G115/><T88/><D119/><U49/><E78/><V76/><F30/><W97/><G134/><T15/><D2/><U38/><E107/><V56/><F5/><W77/><G39/><T104/><D121/><U103/><E38/><V24/><F56/><W54/><G122/><T118/><D118/><U7/><E129/><V29/><F95/><W123/><G123/><T32/><D127/><N who="2" m="48682" /><F76/><W0/><G0/><T17/><D130/><U86/><E86/><V45/><F16/><W109/><G109/><T60/><D90/><U91/><E91/><V12/><F12/><W132/><G132/><T108/><D108/><U22/><E43/><N who="2" m="25023" /><F47/><W41/><G41/><T79/><D79/><U46/><E36/><V128/><F128/><W87/><G67/><T89/><D89/><U131/><E131/><V100/><F100/><W110/><G110/><T74/><D74/><U48/><E48/><V112/><F112/><W42/><G42/><T10/><REACH who="0" step="1"/><D57/><REACH who="0" ten="240,250,250,250" step="2"/><U26/><E3/><V59/><F59/><W61/><G75/><T11/><D11/><U133/><E8/><V113/><F113/><W99/><G72/><T73/><D73/><U53/><E133/><V101/><F101/><W25/><G77/><T117/><D117/><U68/><E103/><V13/><F13/><W64/><G1/><T120/><D120/><U6/><E46/><V50/><F50/><W40/><G9/><T14/><D14/><U19/><E49/><V69/><F69/><N who="3" m="42127" /><G4/><N who="1" m="1578" /><E68/><V81/><F24/><W31/><G25/><RYUUKYOKU ba="0,1" sc="240,15,250,-15,250,15,250,-15" hai0="10,15,17,32,33,58,60,85,88,94,104,105,106" hai2="29,80,81,82,93,96,102" /><INIT seed="0,1,1,5,5,98" ten="255,235,265,235" oya="0" hai0="65,131,22,91,41,53,135,2,111,79,17,73,50" hai1="75,12,121,11,36,86,94,9,8,92,59,13,64" hai2="112,52,100,133,16,19,113,44,48,97,23,4,81" hai3="83,96,26,38,85,123,108,14,124,25,63,18,107"/><T54/><D2/><U84/><E121/><V122/><F122/><W93/><G123/><T99/><D131/><U130/><E75/><V114/><F133/><W90/><G108/><T10/><D135/><U76/><E36/><V49/><F4/><W72/><G124/><T104/><D111/><U117/><E117/><V89/><F48/><W56/><G38/><T27/><D65/><U6/><E130/><V103/><F19/><W71/><G71/><T45/><D10/><U47/><E47/><V24/><REACH who="2" step="1"/><F81/><REACH who="2" ten="255,235,255,235" step="2"/><W55/><G72/><T37/><D37/><U58/><E6/><V7/><F7/><W0/><G0/><T20/><D73/><U57/><E64/><V68/><F68/><W62/><G62/><T115/><D50/><U3/><E3/><V31/><F31/><W33/><G63/><T116/><D17/><U32/><E59/><V39/><F39/><W119/><G18/><T128/><D128/><U1/><E58/><V51/><F51/><W106/><G56/><T74/><D74/><U105/><E57/><V77/><F77/><W66/><G66/><T46/><D79/><U5/><E76/><V87/><F87/><W28/><G85/><T132/><D132/><U95/><E5/><V43/><F43/><W125/><G28/><T30/><D41/><U29/><E1/><V21/><F21/><W88/><G83/><T69/><D30/><U109/><E109/><V129/><F129/><W102/><G33/><T110/><D69/><U34/><E29/><V61/><F61/><W15/><G125/><T42/><D110/><U78/><E34/><RYUUKYOKU ba="1,2" sc="255,-10,235,-10,255,30,235,-10" hai2="16,23,24,44,49,52,89,97,100,103,112,113,114" /><INIT seed="1,2,2,2,1,47" ten="245,225,285,225" oya="1" hai0="96,125,10,2,50,37,104,110,132,122,31,66,29" hai1="72,88,21,109,30,25,91,76,118,67,40,85,64" hai2="9,0,130,127,42,12,49,93,3,33,46,80,34" hai3="133,57,4,69,86,92,54,121,99,23,26,117,45"/><U8/><E118/><V116/><F116/><W68/><G117/><T61/><D37/><U87/><E72/><V73/><F127/><W101/><G121/><T103/><D125/><U58/><E109/><V77/><F130/><W97/><G133/><T126/><D126/><U6/><E40/><V53/><F93/><W113/><G113/><T107/><D107/><U19/><E76/><V13/><F13/><W105/><G86/><N who="1" m="32778" /><E6/><V27/><F53/><W60/><G45/><T82/><D132/><U65/><E58/><V123/><F123/><W94/><G4/><T11/><D82/><U14/><AGARI ba="2,2" hai="8,14,19,21,25,30,64,65,67,88,91" m="32778" machi="14" ten="30,3000,0" yaku="8,1,54,1" doraHai="47" who="1" fromWho="1" sc="245,-12,225,56,285,-12,225,-12" /><INIT seed="1,3,0,4,4,106" ten="233,281,273,213" oya="1" hai0="22,94,100,43,124,36,44,135,20,58,16,57,109" hai1="1,31,123,15,90,112,81,18,96,103,26,71,99" hai2="126,29,75,62,25,38,56,30,66,119,9,107,19" hai3="125,85,84,92,73,79,120,33,110,7,52,47,86"/><U132/><E112/><V128/><F119/><W24/><G120/><T95/><D109/><U65/><E123/><V114/><F107/><W40/><G110/><T72/><D124/><U49/><E1/><V64/><F38/><W63/><G125/><T98/><D135/><U55/><E132/><V2/><F126/><W89/><G7/><T105/><D22/><N who="1" m="15831" /><E71/><V54/><F128/><W23/><G33/><T108/><D108/><U115/><E65/><V46/><F114/><W93/><G93/><T48/><D72/><U82/><E103/><V70/><F75/><W76/><G76/><T51/><D36/><U134/><E115/><V87/><F46/><W4/><G4/><T80/><D80/><N who="1" m="30827" /><E90/><V102/><F102/><W53/><G73/><T0/><D0/><U6/><E6/><V27/><F2/><W8/><G79/><T69/><D69/><U127/><E127/><V101/><F101/><W60/><G8/><T32/><D32/><U59/><E134/><V97/><F97/><W129/><G129/><T41/><D105/><U17/><E17/><V83/><F27/><W67/><G85/><T74/><D74/><U10/><AGARI ba="3,0" hai="10,15,18,49,55,59,96,99" m="30827,15831" machi="10" ten="30,1500,0" yaku="8,1" doraHai="106" who="1" fromWho="1" sc="233,-8,281,24,273,-8,213,-8" /><INIT seed="1,4,0,0,4,43" ten="225,305,265,205" oya="1" hai0="15,62,101,45,24,10,91,114,59,135,25,78,126" hai1="98,109,49,68,47,92,5,66,1,16,48,50,133" hai2="57,71,37,107,132,84,17,82,69,60,106,53,118" hai3="14,6,99,86,29,28,108,134,0,8,76,94,119"/><U32/><E32/><V27/><F118/><W21/><G108/><T73/><D114/><U121/><E121/><V23/><F37/><W38/><G134/><T100/><D135/><U95/><E133/><V26/><F132/><W123/><G123/><T67/><D126/><U12/><E109/><V104/><REACH who="2" step="1"/><F27/><REACH who="2" ten="225,305,255,205" step="2"/><W105/><G119/><T20/><D25/><U117/><E117/><V54/><F54/><W110/><G110/><T58/><D24/><U81/><E66/><V83/><F83/><W64/><G38/><T7/><D67/><U90/><E81/><V85/><F85/><W52/><G64/><T103/><D73/><U36/><E36/><V11/><F11/><W93/><G29/><T124/><D10/><U128/><E128/><V89/><AGARI ba="4,1" hai="17,23,26,53,57,60,69,71,82,84,89,104,106,107" machi="89" ten="30,2000,0" yaku="1,1,0,1,53,0" doraHai="43" doraHaiUra="46" who="2" fromWho="2" sc="225,-9,305,-14,255,42,205,-9" /><INIT seed="2,0,0,5,3,90" ten="216,291,297,196" oya="2" hai0="14,24,68,134,95,79,12,99,55,18,80,21,11" hai1="106,71,124,130,102,131,5,63,56,9,112,37,64" hai2="133,54,92,85,62,75,114,97,116,93,78,32,31" hai3="91,41,16,72,58,20,119,67,121,100,23,73,15"/><V86/><F114/><W76/><G119/><T47/><D134/><U123/><E112/><V118/><F32/><W17/><G121/><T89/><D68/><U98/><E37/><V36/><F31/><W45/><G100/><T42/><D55/><U49/><E123/><V6/><F6/><W1/><G1/><T110/><D110/><U26/><E124/><V28/><F28/><W8/><G91/><T27/><D47/><U69/><E26/><V52/><F36/><W113/><G113/><T40/><D14/><U111/><E111/><V108/><F133/><W2/><G2/><T70/><D70/><U66/><E49/><V87/><F108/><W53/><G67/><T82/><D27/><U117/><E117/><N who="2" m="45163" /><F62/><W38/><G76/><T22/><D22/><U107/><E106/><V88/><F54/><W120/><G120/><T126/><D126/><U29/><E29/><V25/><F52/><W127/><G127/><T115/><D115/><U4/><E4/><V51/><F51/><W129/><G129/><N who="1" m="49162" /><E66/><V83/><F25/><W43/><G43/><N who="0" m="16427" /><D79/><U3/><AGARI ba="0,0" hai="3,5,9,56,63,64,69,71,98,102,107" m="49162" machi="3" ten="30,1100,0" yaku="19,1" doraHai="90" who="1" fromWho="1" sc="216,-3,291,11,297,-5,196,-3" /><INIT seed="3,0,0,2,1,26" ten="213,302,292,193" oya="3" hai0="121,115,59,112,4,29,27,38,43,12,40,119,45" hai1="105,32,72,6,94,28,104,34,16,2,69,21,86" hai2="79,110,19,81,41,103,78,96,37,99,51,60,39" hai3="93,73,130,22,107,35,127,54,42,108,83,57,33"/><W100/><G107/><T48/><D121/><U15/><E72/><V5/><F110/><W62/><G108/><T84/><D119/><U134/><E69/><V82/><F5/><W71/><G127/><T75/><D75/><U30/><E134/><V116/><F116/><W88/><G130/><T106/><D106/><U126/><E126/><V3/><F3/><W92/><G71/><T65/><D84/><U89/><E30/><V0/><F0/><W17/><G42/><T76/><D76/><U135/><E34/><V52/><F60/><W131/><G131/><T120/><D120/><U91/><E91/><V25/><F41/><W87/><G73/><T49/><D65/><U36/><E36/><V90/><F39/><W124/><G124/><T66/><D66/><U46/><E46/><V7/><F7/><W53/><G53/><T128/><D59/><U55/><E55/><V10/><F37/><W68/><G68/><T113/><D128/><U50/><E50/><V31/><F90/><W114/><G114/><T67/><D67/><U44/><E44/><V47/><F79/><W109/><G109/><T13/><D43/><U56/><E56/><V133/><F133/><W64/><G64/><T61/><D61/><U11/><E135/><V118/><F118/><W97/><REACH who="3" step="1"/><G83/><REACH who="3" ten="213,302,292,183" step="2"/><T1/><D38/><U20/><E105/><V63/><F82/><W14/><AGARI ba="0,1" hai="14,17,22,33,35,54,57,62,87,88,92,93,97,100" machi="14" ten="20,18000,2" yaku="1,1,2,1,0,1,7,1,54,1,53,1" doraHai="26" doraHaiUra="8" who="3" fromWho="3" sc="213,-60,302,-60,292,-60,183,190" owari="153,-34.7,242,4.2,232,-16.8,373,47.3" /></mjloggm>