<mjloggm ver="2.3"><GO type="225" lobby="0"/><UN n0="%E3%81%A9%E3%82%93%E3%82%88%E3%81%8F%4D%6B%2E%32" n1="%72%65%6E%6B%75%6E" n2="%E3%81%AF%E3%82%88%E3%81%8A%E3%81%98%E3%81%95%E3%82%93" n3="%E4%BF%BA%E3%81%A8%E5%A6%96%E5%A4%A2" dan="16,17,17,16" rate="2162.97,2259.88,2188.86,2115.99" sx="M,M,M,F"/><TAIKYOKU oya="0"/><INIT seed="0,0,0,2,2,104" ten="250,250,250,250" oya="0" hai0="51,62,16,88,87,127,118,115,39,114,60,30,129" hai1="2,40,82,32,11,122,68,80,29,63,75,131,121" hai2="5,41,12,108,105,66,84,96,31,74,3,76,45" hai3="110,91,69,10,99,71,44,7,130,64,15,111,33"/><T19/><D118/><U124/><E82/><V57/><F108/><N who="3" m="41515" /><G33/><T116/><D116/><U106/><E131/><V81/><F3/><W28/><G28/><T56/><D39/><U95/><E95/><V22/><F105/><W36/><G64/><T58/><D129/><U54/><E54/><V0/><F96/><W135/><G130/><T67/><D127/><U73/><E40/><V102/><F102/><W59/><G135/><T79/><D79/><U107/><E124/><V94/><F0/><W89/><G59/><T49/><D30/><U77/><E75/><V52/><F66/><W65/><G99/><T70/><D70/><N who="3" m="26633" /><G65/><N who="0" m="39047" /><D115/><U34/><E63/><V117/><F117/><W134/><G134/><T100/><D100/><U21/><E68/><V23/><F31/><W8/><G8/><T26/><D114/><U14/><E2/><V126/><F126/><W13/><G13/><T101/><D101/><U4/><E107/><V18/><F23/><W109/><N who="3" m="41523" /><W85/><DORA hai="43" /><G85/><T17/><D26/><U132/><E106/><V35/><F35/><W98/><G98/><T24/><D24/><U120/><E132/><V9/><F84/><W97/><G97/><T93/><AGARI ba="0,0" hai="16,17,19,49,51,58,62,67,87,88,93" m="39047" machi="93" ten="30,6000,0" yaku="8,1,54,2" doraHai="104,43" who="0" fromWho="0" sc="250,60,250,-20,250,-20,250,-20" /><INIT seed="0,1,0,2,5,84" ten="310,230,230,230" oya="0" hai0="64,27,33,7,92,1,47,72,114,60,129,15,24" hai1="85,41,67,99,86,78,83,16,46,40,106,2,12" hai2="68,32,109,70,54,87,104,51,44,98,102,122,13" hai3="123,91,124,53,97,130,30,90,132,62,52,88,66"/><T58/><D72/><U18/><E2/><V59/><F122/><W135/><G123/><T113/><D1/><U35/><E35/><V73/><F73/><W80/><G124/><T65/><D65/><U107/><E67/><V21/><F32/><W93/><G130/><T71/><D129/><U49/><E41/><V94/><F109/><W25/><G80/><T75/><D75/><U74/><E18/><N who="2" m="10447" /><F44/><W45/><G45/><T17/><D7/><U5/><E5/><V0/><F0/><W10/><G10/><T108/><D108/><U29/><E29/><V105/><F105/><W134/><G25/><T22/><D47/><U81/><E99/><V14/><F14/><W79/><G79/><T96/><D71/><U119/><E119/><V77/><F77/><W133/><G30/><T131/><D131/><U36/><E36/><V39/><F39/><W37/><N who="3" m="33792" /><DORA hai="56" /><W63/><G37/><T126/><D126/><U125/><E125/><V128/><F128/><W26/><G26/><T100/><REACH who="0" step="1"/><D33/><REACH who="0" ten="300,230,230,230" step="2"/><U48/><E74/><V121/><F121/><W82/><G82/><T50/><D50/><U11/><REACH who="1" step="1"/><E49/><REACH who="1" ten="300,220,230,230" step="2"/><V127/><F127/><W101/><REACH who="3" step="1"/><G63/><REACH who="3" ten="300,220,230,220" step="2"/><T8/><D8/><U9/><E9/><V43/><F43/><W115/><G115/><AGARI ba="1,3" hai="15,17,22,24,27,58,60,64,92,96,100,113,114,115" machi="115" ten="40,3900,0" yaku="1,1,52,1,53,0" doraHai="84,56" doraHaiUra="69,3" who="0" fromWho="3" sc="300,72,220,0,230,0,220,-42" /><INIT seed="0,2,0,2,2,99" ten="372,220,230,178" oya="0" hai0="106,21,110,6,44,60,108,22,27,14,126,16,61" hai1="82,31,134,40,50,1,129,63,120,131,18,2,85" hai2="100,130,107,26,52,115,132,96,38,113,81,13,74" hai3="58,65,17,47,119,79,54,103,10,133,105,49,4"/><T59/><D106/><U28/><E120/><V127/><F38/><W76/><G119/><T102/><D126/><U29/><E134/><V51/><F132/><W123/><G133/><T12/><D44/><N who="1" m="25863" /><E18/><V43/><F43/><W15/><G123/><T19/><D102/><U32/><E63/><V91/><F127/><W93/><G105/><T7/><D59/><U71/><E32/><V135/><F135/><W64/><G4/><T117/><REACH who="0" step="1"/><D27/><REACH who="0" ten="362,220,230,178" step="2"/><U42/><E71/><V69/><F26/><W34/><G58/><T66/><D66/><U35/><E35/><V41/><F69/><W45/><G34/><T24/><D24/><U53/><E42/><V8/><F41/><W56/><G65/><T116/><AGARI ba="2,1" hai="6,7,12,14,16,19,21,22,60,61,108,110,116,117" machi="116" ten="25,12000,1" yaku="1,1,0,1,22,2,54,1,53,0" doraHai="99" doraHaiUra="124" who="0" fromWho="0" sc="362,136,220,-42,230,-42,178,-42" /><INIT seed="0,3,0,5,0,84" ten="498,178,188,136" oya="0" hai0="87,48,135,20,49,127,12,15,58,63,75,59,36" hai1="85,19,38,53,40,125,105,99,65,37,57,34,126" hai2="13,108,115,30,82,81,0,5,24,122,98,6,80" hai3="17,119,16,112,91,28,9,96,14,2,88,93,102"/><T107/><D75/><U7/><E34/><V18/><F122/><W92/><G112/><T124/><D36/><U47/><E7/><V116/><F115/><W56/><G119/><T67/><D107/><U118/><E118/><V35/><F116/><W110/><G110/><T79/><D135/><U123/><E123/><V60/><F108/><W25/><G2/><T46/><D59/><U33/><E33/><V77/><F77/><W41/><G41/><T129/><D129/><U113/><E113/><V27/><F0/><W32/><G56/><T101/><D101/><N who="1" m="62655" /><E85/><V128/><F128/><W11/><G93/><T66/><D66/><U109/><E19/><V10/><F27/><W106/><G106/><T51/><D46/><U97/><E97/><V83/><N who="2" m="20480" /><DORA hai="76" /><V100/><REACH who="2" step="1"/><F60/><REACH who="2" ten="498,178,178,136" step="2"/><W52/><G52/><T70/><D79/><U29/><E53/><V44/><F44/><W86/><G86/><T68/><D87/><U74/><E47/><V64/><F64/><W104/><G104/><AGARI ba="3,1" hai="5,6,10,13,18,24,30,35,98,100,104" m="20480" machi="104" ten="50,12000,2" yaku="1,1,52,4,53,1" doraHai="84,76" doraHaiUra="95,114" who="2" fromWho="3" sc="498,0,178,0,178,139,136,-129" /><INIT seed="1,0,0,4,3,71" ten="498,178,317,7" oya="1" hai0="77,125,115,68,40,44,52,121,46,33,82,55,128" hai1="91,107,15,80,120,30,117,16,132,7,84,92,20" hai2="94,102,103,75,119,47,129,62,95,49,50,89,32" hai3="133,48,4,135,113,88,41,8,126,54,58,37,85"/><U3/><E132/><N who="3" m="50762" /><G113/><T39/><D33/><U127/><E120/><V78/><F119/><W26/><G26/><T61/><D115/><U57/><E117/><V35/><F129/><W83/><G126/><T6/><D121/><U104/><E127/><V66/><F75/><W0/><G41/><T106/><D106/><U2/><E30/><V45/><F78/><W111/><G111/><T131/><D125/><U5/><E104/><V63/><F89/><W43/><G43/><T31/><D31/><U73/><E107/><V90/><F90/><W10/><G10/><T67/><D6/><U13/><E13/><V59/><F59/><W14/><G0/><T17/><D17/><U81/><E2/><V105/><F105/><W24/><G24/><T53/><REACH who="0" step="1"/><D46/><REACH who="0" ten="488,178,317,7" step="2"/><U64/><E3/><V99/><F45/><W11/><G11/><T56/><D56/><U122/><E122/><V70/><F47/><W21/><G21/><T114/><D114/><U51/><E73/><AGARI ba="0,1" hai="39,40,44,52,53,55,61,67,68,73,77,82,128,131" machi="73" ten="40,5200,0" yaku="1,1,52,1,54,1,53,0" doraHai="71" doraHaiUra="12" who="0" fromWho="1" sc="488,62,178,-52,317,0,7,0" /><INIT seed="2,0,0,0,3,13" ten="550,126,317,7" oya="2" hai0="64,107,70,22,35,77,63,108,6,98,85,82,123" hai1="54,117,26,78,15,122,7,125,56,48,61,36,12" hai2="134,37,109,39,119,4,5,60,55,43,53,21,110" hai3="105,74,1,52,51,18,16,41,10,90,99,34,65"/><V126/><F119/><W58/><G74/><T76/><D35/><U59/><E36/><V66/><F126/><W121/><G121/><T27/><D123/><U57/><E117/><V67/><F21/><W14/><G34/><T3/><D108/><N who="2" m="41578" /><F134/><W106/><G1/><T20/><D3/><U49/><E122/><V71/><F4/><N who="3" m="3399" /><G106/><T81/><D6/><U104/><E104/><V92/><F5/><W113/><G105/><T69/><D69/><U8/><E125/><V46/><F92/><N who="3" m="56727" /><G113/><T31/><D107/><U40/><E78/><V114/><F114/><W94/><G65/><T111/><D111/><U127/><E127/><V97/><F97/><W47/><G94/><T80/><D98/><U89/><E7/><V83/><F83/><W29/><G29/><T103/><D103/><U112/><E112/><V133/><F133/><W100/><G100/><T79/><REACH who="0" step="1"/><D20/><REACH who="0" ten="540,126,317,7" step="2"/><U32/><E32/><V102/><F102/><W33/><G33/><T38/><D38/><U28/><E8/><V2/><F2/><W86/><G86/><AGARI ba="0,1" hai="22,27,31,63,64,70,76,77,79,80,81,82,85,86" machi="86" ten="40,1300,0" yaku="1,1,53,0" doraHai="13" doraHaiUra="96" who="0" fromWho="3" sc="540,23,126,0,317,0,7,-13" owari="563,66.3,126,-27.4,317,11.7,-6,-50.6" /></mjloggm>