<mjloggm ver="2.3"><GO type="225" lobby="0"/><UN n0="%72%69%6F%75%63%68%61%6E" n1="%E3%81%95%E3%81%8D%E3%81%9F%E3%81%BE%E6%9E%97%E6%AA%8E" n2="%E6%9C%AA%E6%9D%A5%E5%B0%91%E5%B9%B4" n3="%74%61%6B%75%61%6B%61" dan="16,16,16,17" rate="2119.32,2145.15,2169.45,2231.61" sx="M,M,M,M"/><TAIKYOKU oya="0"/><INIT seed="0,0,0,1,0,21" ten="250,250,250,250" oya="0" hai0="120,49,20,110,63,89,39,23,115,33,94,114,38" hai1="27,91,92,112,88,24,62,73,69,34,58,47,113" hai2="40,72,131,85,56,108,65,116,42,36,122,80,77" hai3="125,0,16,4,119,3,107,29,74,130,126,84,118"/><T68/><D120/><U60/><E73/><V12/><F122/><W127/><G74/><T66/><D33/><U105/><E105/><V30/><F36/><W86/><G107/><T22/><D110/><U102/><E102/><V100/><F108/><W101/><G101/><T46/><D38/><U11/><E34/><V123/><F123/><W25/><G130/><T90/><D39/><U103/><E103/><V2/><F2/><N who="3" m="555" /><G84/><T124/><D124/><U1/><E47/><V75/><F131/><W83/><G4/><T78/><D78/><U6/><E69/><V82/><F116/><N who="3" m="44587" /><G86/><T50/><D50/><U98/><E91/><V117/><F117/><W109/><G83/><T134/><D134/><U54/><REACH who="1" step="1"/><E62/><REACH who="1" ten="250,240,250,250" step="2"/><V93/><F72/><W28/><G109/><T59/><D68/><U53/><E53/><V48/><F100/><W104/><G104/><T31/><D89/><U87/><E87/><V26/><F75/><W121/><G121/><T133/><D133/><U71/><E71/><V7/><F85/><W135/><G135/><T51/><D90/><U44/><E44/><V5/><F77/><W52/><G52/><T43/><D94/><U79/><E79/><V64/><F93/><W99/><G99/><T8/><D46/><U128/><E128/><V70/><F70/><W97/><G97/><T41/><D63/><U96/><E96/><V19/><F82/><W32/><G32/><T13/><D66/><N who="2" m="25706" /><F80/><W55/><G55/><T9/><D59/><U106/><E106/><V18/><F56/><W14/><G126/><T35/><D35/><U61/><E61/><RYUUKYOKU ba="0,1" sc="250,-10,240,30,250,-10,250,-10" hai1="1,6,11,24,27,54,58,60,88,92,98,112,113" /><INIT seed="1,1,1,5,1,43" ten="240,270,240,240" oya="1" hai0="27,9,80,111,10,71,114,115,51,29,44,129,16" hai1="134,22,46,79,128,31,113,108,0,6,28,98,119" hai2="93,39,13,85,74,72,102,33,127,26,21,100,107" hai3="135,116,69,95,25,38,132,84,124,105,110,130,97"/><U18/><E113/><V12/><F33/><W41/><G110/><T117/><D117/><U87/><E119/><V19/><F39/><W15/><G116/><T76/><D71/><U122/><E122/><V126/><F107/><W68/><G124/><N who="2" m="47657" /><F85/><W58/><G130/><T14/><D111/><U32/><E128/><V63/><F63/><W82/><G105/><T78/><D129/><U42/><E32/><V101/><F93/><W20/><G15/><AGARI ba="1,1" hai="12,13,15,19,21,26,72,74,100,101,102" m="47657" machi="15" ten="30,1000,0" yaku="18,1" doraHai="43" who="2" fromWho="3" sc="240,0,270,0,240,23,240,-13" /><INIT seed="2,0,0,2,4,97" ten="240,270,263,227" oya="2" hai0="132,59,16,134,99,128,11,92,15,77,48,25,111" hai1="3,110,23,80,52,67,85,20,118,39,90,30,27" hai2="31,68,43,89,44,71,100,101,86,79,69,133,95" hai3="107,131,64,119,60,72,12,63,93,37,40,34,5"/><V56/><F133/><N who="0" m="51306" /><D111/><U117/><E110/><V13/><F31/><W58/><G107/><T42/><D128/><U66/><E39/><V104/><F104/><W7/><G34/><T55/><D77/><U2/><E118/><V123/><F123/><W1/><G1/><T22/><D42/><U127/><E127/><V4/><F79/><W83/><G119/><T116/><D116/><U21/><E117/><V10/><REACH who="2" step="1"/><F56/><REACH who="2" ten="240,270,253,227" step="2"/><W57/><G57/><T124/><D124/><U50/><E2/><V38/><AGARI ba="0,1" hai="4,10,13,38,43,44,68,69,71,86,89,95,100,101" machi="38" ten="30,18000,2" yaku="1,1,2,1,0,1,52,2,53,2" doraHai="97" doraHaiUra="98" who="2" fromWho="2" sc="240,-60,270,-60,253,190,227,-60" /><INIT seed="2,1,0,1,2,81" ten="180,210,443,167" oya="2" hai0="125,79,22,126,104,96,101,109,117,58,67,76,20" hai1="5,7,47,132,53,0,62,112,95,123,13,103,108" hai2="56,84,98,127,6,32,102,64,28,50,36,29,51" hai3="25,91,45,107,14,66,82,131,135,133,10,97,2"/><V54/><F36/><W9/><G131/><T83/><D109/><U85/><E108/><V63/><F127/><N who="0" m="48650" /><D117/><U52/><E112/><V113/><F113/><W27/><G66/><T70/><D70/><U15/><E0/><V26/><F29/><W105/><G45/><T86/><D76/><U3/><E3/><V75/><F75/><W44/><G44/><T129/><D129/><U12/><E132/><N who="3" m="50762" /><G2/><T106/><D106/><N who="3" m="40457" /><G9/><T30/><D30/><U130/><E130/><V111/><F111/><W41/><G41/><T78/><D78/><U43/><E123/><V24/><F6/><N who="3" m="3415" /><G97/><T1/><D1/><U110/><E110/><V8/><F8/><W18/><G18/><T4/><D4/><U42/><E43/><V121/><F121/><W39/><G39/><T92/><D104/><U55/><E42/><V94/><F24/><W87/><AGARI ba="1,0" hai="25,27,82,87,91" m="3415,40457,50762" machi="87" ten="40,2700,0" yaku="20,1,52,1" doraHai="81" who="3" fromWho="3" sc="180,-8,210,-8,443,-14,167,30" /><INIT seed="3,0,0,2,3,83" ten="172,202,429,197" oya="3" hai0="47,17,96,82,133,38,106,51,118,53,80,43,33" hai1="30,114,129,123,5,99,27,4,10,31,60,2,8" hai2="95,34,120,70,122,61,67,57,131,16,36,49,6" hai3="54,110,68,101,71,78,132,90,42,7,93,124,130"/><W100/><G124/><T22/><D118/><U97/><E114/><V12/><F36/><W72/><G130/><T85/><D33/><U32/><E123/><N who="2" m="47147" /><F34/><W24/><G132/><T119/><D119/><U19/><E129/><V81/><F131/><W126/><G126/><T86/><D133/><U3/><E60/><V125/><F125/><W115/><G7/><T111/><D111/><U73/><E73/><V29/><F29/><W98/><G115/><T89/><D96/><U135/><E135/><V13/><F6/><W21/><G110/><T28/><D106/><U77/><E77/><V75/><F95/><W63/><G42/><T76/><D28/><U44/><E31/><V91/><F16/><N who="3" m="12327" /><G78/><T39/><D43/><U45/><E19/><V1/><F1/><W88/><G90/><T87/><D87/><U107/><E107/><V105/><F105/><W23/><G23/><T94/><D94/><U84/><E84/><N who="2" m="50575" /><F75/><W40/><G72/><T104/><D104/><U15/><E15/><AGARI ba="0,0" hai="15,17,22,38,39,47,51,53,76,80,82,85,86,89" machi="15" ten="30,3900,0" yaku="7,1,52,2" doraHai="83" who="0" fromWho="1" sc="172,39,202,-39,429,0,197,0" owari="211,1.1,163,-33.7,429,52.9,197,-20.3" /></mjloggm>