<mjloggm ver="2.3"><GO type="225" lobby="0"/><UN n0="%E9%B3%B3%E6%9D%B1%E3%81%AE%E3%81%BF%E3%81%91%E3%81%AB%E3%82%83%E3%82%93" n1="%E3%83%81%E3%83%83%E3%82%BF%E3%82%BD%E3%83%BC" n2="%E3%81%A9%E3%82%8F%E3%82%93%E3%81%94" n3="%70%68%65%6E%6F%6D%65" dan="16,17,16,16" rate="2052.02,2116.27,2071.03,2112.72" sx="F,F,M,M"/><TAIKYOKU oya="0"/><INIT seed="0,0,0,2,4,114" ten="250,250,250,250" oya="0" hai0="124,9,0,100,52,108,19,45,72,119,123,14,68" hai1="47,127,37,51,46,116,135,58,131,75,32,130,101" hai2="61,81,17,65,11,34,103,24,120,53,115,1,12" hai3="87,27,26,121,31,43,86,6,67,107,77,91,111"/><T29/><D123/><U15/><E75/><V94/><F115/><W39/><G121/><T89/><D124/><U22/><E32/><V73/><F120/><W129/><G111/><T21/><D100/><U112/><E112/><V7/><F53/><W83/><G129/><N who="1" m="49162" /><E101/><V48/><F48/><W49/><G39/><T125/><D125/><U5/><E127/><V38/><F38/><W35/><G107/><T128/><D128/><U132/><E37/><V40/><F40/><W110/><G110/><T93/><D68/><U133/><E116/><V80/><F73/><W3/><G67/><T62/><D72/><U104/><E104/><V2/><F2/><W59/><G27/><T41/><D108/><U8/><E22/><N who="2" m="11559" /><F94/><W85/><G77/><T64/><D64/><U28/><E28/><N who="2" m="19719" /><F103/><W90/><G83/><T23/><D0/><U56/><E46/><V134/><F134/><W70/><G43/><AGARI ba="0,0" hai="5,8,15,43,47,51,56,58,132,133,135" m="49162" machi="43" ten="40,2600,0" yaku="20,1,19,1" doraHai="114" who="1" fromWho="3" sc="250,0,250,26,250,0,250,-26" /><INIT seed="1,0,0,3,1,58" ten="250,276,250,224" oya="1" hai0="61,49,134,8,31,127,80,64,128,74,42,82,32" hai1="95,7,39,70,22,118,110,29,92,86,47,28,100" hai2="1,132,54,90,14,107,87,71,106,124,57,26,56" hai3="108,35,101,50,37,44,40,79,125,69,25,33,129"/><U81/><E118/><V15/><F1/><W77/><G108/><T46/><D134/><U98/><E70/><V19/><F71/><W105/><G125/><T13/><D127/><U114/><E114/><V78/><F124/><W123/><G123/><T55/><D128/><U109/><E92/><V10/><F78/><W6/><G129/><T94/><D32/><U99/><E98/><V63/><F26/><W36/><G69/><T113/><D31/><U117/><E117/><V133/><F15/><W34/><G6/><T96/><D42/><U84/><E7/><V2/><F2/><W85/><G25/><T121/><D74/><U0/><E0/><V115/><F115/><W91/><G101/><T60/><D121/><U21/><E47/><V111/><F111/><N who="1" m="42505" /><E39/><V135/><REACH who="2" step="1"/><F57/><REACH who="2" ten="250,276,240,224" step="2"/><W89/><G79/><T38/><D113/><U103/><E28/><V62/><F62/><N who="0" m="24170" /><D64/><U75/><E29/><V27/><F27/><W65/><G65/><T51/><D38/><U119/><E119/><V72/><F72/><W88/><REACH who="3" step="1"/><G105/><REACH who="3" ten="250,276,240,214" step="2"/><T16/><D51/><U17/><E75/><V18/><F18/><W67/><G67/><T104/><D104/><U43/><E17/><V131/><F131/><W126/><G126/><T3/><D3/><U116/><E116/><V68/><F68/><W9/><G9/><T102/><AGARI ba="0,2" hai="8,13,16,46,49,55,80,82,94,96,102" m="24170" machi="102" ten="30,8000,1" yaku="8,1,52,3,54,1" doraHai="58" who="0" fromWho="0" sc="250,100,276,-40,240,-20,214,-20" /><INIT seed="2,0,0,1,0,87" ten="350,236,220,194" oya="2" hai0="59,132,1,61,76,88,58,5,43,52,16,13,22" hai1="70,57,126,3,86,8,71,60,73,97,7,102,0" hai2="74,47,66,127,20,68,69,133,96,27,19,123,37" hai3="78,109,105,17,29,84,85,113,28,30,55,83,40"/><V82/><F123/><W101/><G109/><T89/><D132/><U54/><E126/><V51/><F133/><W34/><G113/><T130/><D130/><U6/><E73/><V90/><F127/><W107/><G34/><T75/><D75/><U21/><E21/><V65/><F37/><W121/><G121/><T35/><D35/><U4/><E86/><N who="2" m="50519" /><F74/><W94/><G40/><T64/><D76/><U103/><E103/><V79/><F69/><W120/><G120/><T33/><D33/><U32/><E32/><V92/><F79/><W108/><G108/><T23/><D43/><U41/><E41/><N who="2" m="25071" /><F68/><W36/><G36/><T2/><D22/><U114/><E114/><V110/><F110/><W31/><N who="3" m="7168" /><DORA hai="25" /><W119/><G119/><T116/><D116/><U63/><E70/><V129/><F129/><W134/><G134/><T106/><D106/><U122/><E122/><V39/><F39/><W117/><G117/><T48/><D2/><U67/><E0/><V128/><F128/><W12/><G55/><T93/><D93/><AGARI ba="0,0" hai="3,4,6,7,8,54,57,60,63,67,71,93,97,102" machi="93" ten="30,1000,0" yaku="7,1" doraHai="87,25" who="1" fromWho="0" sc="350,-10,236,10,220,0,194,0" /><INIT seed="3,0,0,1,1,107" ten="340,246,220,194" oya="3" hai0="102,17,50,70,71,69,100,127,80,62,112,129,104" hai1="67,1,25,115,97,91,21,40,89,5,68,135,106" hai2="113,51,4,81,41,118,66,78,114,83,121,122,34" hai3="39,36,38,31,108,73,133,96,20,6,85,54,23"/><W79/><G133/><T64/><D102/><U123/><E123/><N who="2" m="47115" /><F34/><W125/><G125/><T9/><D50/><U49/><E135/><V87/><F118/><W56/><G108/><T46/><D46/><U32/><E21/><V84/><F66/><W35/><G6/><T8/><D80/><U12/><E12/><V52/><F4/><W33/><G85/><T48/><D48/><U94/><E115/><N who="2" m="44043" /><F41/><W43/><G43/><T88/><D88/><U27/><E89/><V130/><F130/><W10/><G10/><T131/><D104/><U116/><E106/><V59/><F83/><W101/><G23/><T42/><D62/><U60/><E32/><V30/><F30/><W3/><G3/><T61/><D61/><U24/><E116/><V28/><F28/><W105/><G79/><T119/><D17/><U134/><E134/><V95/><F95/><W86/><G86/><AGARI ba="0,0" hai="51,52,59,78,81,84,86,87" m="44043,47115" machi="86" ten="30,2000,0" yaku="13,1,54,1" doraHai="107" who="2" fromWho="3" sc="340,0,246,0,220,20,194,-20" owari="340,44.0,246,4.6,240,-16.0,174,-32.6" /></mjloggm>