<mjloggm ver="2.3"><GO type="225" lobby="0"/><UN n0="%6D%75%75%6D%75%72%61" n1="%E9%80%9F%E6%B0%B4%E5%87%9B%E9%A6%99" n2="%E3%82%B5%E3%83%AB%E3%82%B7%E3%83%B3" n3="%E8%A8%88%E7%AE%97%E6%A9%9F%E8%87%AA%E7%84%B6" dan="17,16,16,17" rate="2176.05,2126.17,2099.13,2178.29" sx="F,F,M,M"/><TAIKYOKU oya="0"/><INIT seed="0,0,0,5,5,24" ten="250,250,250,250" oya="0" hai0="80,19,42,56,30,50,3,102,33,77,15,41,53" hai1="63,62,74,16,127,125,18,8,79,28,40,107,57" hai2="126,94,7,84,49,37,88,21,64,87,115,31,4" hai3="35,72,10,111,82,52,46,97,2,133,65,14,78"/><T70/><D3/><U81/><E107/><V22/><F37/><W13/><G111/><T100/><D70/><U104/><E104/><V114/><F126/><N who="1" m="48137" /><E40/><V17/><F64/><W1/><G133/><T103/><D33/><U112/><E112/><V71/><F71/><W109/><G109/><T34/><D34/><U118/><E118/><V130/><F114/><W106/><G35/><T99/><D99/><U98/><E98/><V85/><F115/><W44/><G65/><T128/><D128/><U11/><E28/><V68/><F68/><W5/><G1/><T91/><D91/><U59/><E59/><V9/><F130/><W55/><G46/><T89/><D89/><U36/><E36/><V117/><F117/><W67/><G67/><T27/><D27/><U45/><E45/><V134/><F134/><W131/><G131/><T95/><D95/><U101/><E101/><V29/><F49/><W76/><G76/><T26/><D26/><U58/><E58/><V121/><F121/><W73/><G73/><T23/><REACH who="0" step="1"/><D30/><REACH who="0" ten="240,250,250,250" step="2"/><N who="2" m="11274" /><F94/><W43/><G106/><T93/><D93/><U38/><E38/><V39/><F88/><W54/><REACH who="3" step="1"/><G97/><REACH who="3" ten="240,250,250,240" step="2"/><T51/><D51/><AGARI ba="0,2" hai="2,5,10,13,14,43,44,51,52,54,55,72,78,82" machi="51" ten="40,5200,0" yaku="1,1,2,1,54,1,53,0" doraHai="24" doraHaiUra="119" who="3" fromWho="0" sc="240,-52,250,0,250,0,240,72" /><INIT seed="1,0,0,5,3,109" ten="188,250,250,312" oya="1" hai0="22,111,121,93,92,81,42,100,1,12,126,76,39" hai1="48,104,3,135,40,41,52,78,31,102,119,88,23" hai2="112,62,5,95,32,108,4,55,80,13,50,74,6" hai3="60,2,18,8,9,7,36,14,110,120,83,90,54"/><U35/><E119/><V72/><F108/><W113/><G110/><T91/><D111/><U0/><E35/><V64/><F32/><W122/><G36/><T97/><D1/><U89/><E135/><V128/><F128/><W38/><G38/><T115/><D115/><U82/><E104/><V24/><F24/><W118/><G118/><T28/><D126/><U25/><E102/><V68/><F80/><W107/><G107/><T116/><D116/><U20/><E0/><V56/><F112/><W101/><G101/><T27/><D121/><U59/><E3/><V69/><F69/><W71/><G113/><T73/><D39/><U49/><E20/><V26/><F26/><W53/><G54/><T131/><D131/><U130/><E130/><V63/><F13/><W11/><G11/><T66/><D66/><U79/><E79/><V37/><F63/><W86/><G71/><T123/><D123/><U77/><E77/><V99/><REACH who="2" step="1"/><F37/><REACH who="2" ten="188,250,240,312" step="2"/><W29/><G29/><T58/><D12/><U43/><REACH who="1" step="1"/><E49/><REACH who="1" ten="188,240,240,312" step="2"/><V67/><F67/><W75/><G122/><T65/><D65/><U117/><E117/><V124/><F124/><W21/><G120/><T94/><D76/><U103/><E103/><AGARI ba="0,2" hai="4,5,6,50,55,56,62,64,68,72,74,95,99,103" machi="103" ten="40,1300,0" yaku="1,1,53,0" doraHai="109" doraHaiUra="129" who="2" fromWho="1" sc="188,0,240,-13,240,33,312,0" /><INIT seed="2,0,0,1,3,25" ten="188,227,273,312" oya="2" hai0="85,99,70,37,95,98,21,49,122,80,60,72,87" hai1="48,117,67,96,76,27,53,16,94,5,73,20,34" hai2="62,58,26,33,126,6,14,15,40,130,41,44,64" hai3="56,29,23,86,116,71,92,89,52,35,39,32,111"/><V61/><F130/><W103/><G116/><T97/><D37/><U8/><E117/><V119/><F119/><W4/><G71/><T113/><D122/><U107/><E107/><V133/><F126/><W46/><G4/><T83/><D113/><U43/><E67/><V121/><F121/><W120/><G120/><T18/><D72/><U115/><E115/><V90/><F133/><W17/><G103/><T1/><D1/><U112/><E112/><V110/><F110/><W101/><G101/><T127/><D127/><U30/><E43/><V51/><F6/><W38/><G29/><T42/><D70/><U106/><E106/><V134/><F134/><W31/><G31/><T59/><D49/><U77/><E73/><V63/><F41/><N who="3" m="22839" /><G39/><T123/><D42/><U19/><E19/><V68/><F63/><W7/><G7/><T78/><D123/><U104/><E104/><V118/><F118/><W54/><G54/><T84/><D95/><U12/><E94/><V57/><F68/><W93/><G93/><T69/><D69/><U3/><E96/><V75/><F90/><W0/><G0/><T22/><D18/><U88/><E88/><V91/><F91/><W50/><G111/><T9/><D9/><U66/><E66/><N who="2" m="39215" /><F75/><W79/><G79/><N who="0" m="46111" /><D85/><U105/><E105/><V100/><F100/><W125/><G125/><T36/><D36/><U129/><E129/><V124/><F124/><W135/><G135/><T13/><D13/><AGARI ba="0,0" hai="13,17,23,32,35,50,52,56,86,89,92" m="22839" machi="13" ten="30,2000,0" yaku="25,1,54,1" doraHai="25" who="3" fromWho="0" sc="188,-20,227,0,273,0,312,20" /><INIT seed="3,0,0,2,3,38" ten="168,227,273,332" oya="3" hai0="17,129,119,71,94,84,28,90,64,68,34,26,111" hai1="97,42,118,121,39,75,27,32,78,135,21,128,67" hai2="40,53,134,81,2,116,23,52,85,43,61,19,72" hai3="44,103,88,80,93,0,120,73,46,74,29,59,16"/><W49/><G120/><T47/><D119/><U99/><E121/><V77/><F116/><W5/><G29/><T101/><D111/><U20/><E32/><V82/><F2/><W18/><G103/><T50/><D129/><U36/><E118/><V45/><F134/><W95/><G59/><T115/><D115/><U79/><E67/><V57/><F45/><W124/><G124/><T35/><D35/><U100/><E135/><V6/><F6/><W110/><G95/><T48/><D101/><U9/><E9/><V83/><F53/><W8/><G46/><T86/><D50/><U113/><E100/><V12/><F82/><W11/><G110/><T132/><D132/><U126/><E27/><V66/><F66/><W87/><G93/><T10/><D64/><U108/><E108/><V62/><F62/><W133/><G133/><T76/><D76/><AGARI ba="0,0" hai="12,19,23,40,43,52,57,61,72,76,77,81,83,85" machi="76" ten="30,7700,0" yaku="7,1,52,2,54,1" doraHai="38" who="2" fromWho="0" sc="168,-77,227,0,273,77,332,0" owari="91,-40.9,227,-17.3,350,45.0,332,13.2" /></mjloggm>