<mjloggm ver="2.3"><GO type="225" lobby="0"/><UN n0="%77%72%77%72%77%72%77%72" n1="%E3%81%8C%E3%81%9F" n2="%E3%81%82%E3%81%99%E3%81%AB%E3%82%83%E3%82%80" n3="%E6%A1%9C%E8%8A%B1%E9%96%83%E3%80%85" dan="17,16,16,16" rate="2183.40,2086.99,2126.08,2136.28" sx="M,M,F,M"/><TAIKYOKU oya="0"/><INIT seed="0,0,0,3,0,51" ten="250,250,250,250" oya="0" hai0="65,73,11,101,48,49,39,45,100,0,94,93,43" hai1="131,133,1,126,134,54,135,128,31,64,120,63,125" hai2="6,122,75,115,96,82,109,17,107,19,15,78,121" hai3="24,5,27,84,14,110,4,124,62,18,16,8,105"/><T36/><D73/><U91/><E120/><V20/><F115/><W90/><G105/><T29/><D65/><U52/><E1/><V85/><F109/><W88/><G110/><T44/><D29/><U70/><E91/><N who="3" m="34858" /><G124/><N who="1" m="47722" /><E31/><V114/><F6/><N who="3" m="2667" /><G84/><T28/><D28/><U108/><E108/><V30/><F30/><W99/><G99/><T57/><D57/><U23/><E23/><V9/><F114/><W26/><G62/><T10/><REACH who="0" step="1"/><D43/><REACH who="0" ten="240,250,250,250" step="2"/><U53/><AGARI ba="0,1" hai="52,53,54,63,64,70,128,131,133,134,135" m="47722" machi="53" ten="40,16000,3" yaku="30,2,20,1,18,1,34,2,52,3,54,1" doraHai="51" who="1" fromWho="1" sc="240,-80,250,170,250,-40,250,-40" /><INIT seed="1,0,0,3,0,29" ten="160,420,210,210" oya="1" hai0="103,67,107,64,60,35,121,37,82,62,81,115,45" hai1="4,131,134,109,49,34,98,52,55,104,8,58,63" hai2="117,22,88,27,106,93,1,79,12,71,46,111,122" hai3="48,39,89,120,47,77,74,123,7,19,91,28,31"/><U5/><E34/><V95/><F1/><W14/><G39/><T3/><D115/><U70/><E131/><V33/><F106/><W125/><G125/><T75/><D3/><U129/><E129/><V112/><F111/><W119/><G7/><T130/><D130/><U92/><E104/><V101/><F112/><W135/><G135/><T126/><D126/><U97/><E134/><V133/><F71/><W16/><G119/><T127/><D127/><U54/><E109/><V15/><F117/><W42/><G28/><T50/><D37/><U23/><E70/><V68/><F68/><W40/><G31/><T65/><D121/><U24/><E98/><V20/><F122/><W124/><G124/><T132/><D132/><U110/><E110/><V114/><F33/><W118/><G118/><T38/><D38/><U56/><E54/><V69/><F79/><W84/><G42/><T61/><D35/><U44/><E44/><V17/><F69/><W26/><G26/><T87/><D75/><U76/><E8/><V53/><F114/><W18/><G14/><T90/><D82/><U66/><E76/><V73/><F73/><W83/><REACH who="3" step="1"/><G91/><REACH who="3" ten="160,420,210,200" step="2"/><T105/><REACH who="0" step="1"/><D103/><REACH who="0" ten="150,420,210,200" step="2"/><N who="1" m="60839" /><E4/><V11/><F101/><W25/><G25/><T36/><D36/><U80/><E24/><V78/><F27/><W85/><G85/><T113/><D113/><U51/><E5/><V100/><F100/><W2/><G2/><T21/><D21/><U0/><E23/><V32/><F20/><W59/><G59/><T10/><D10/><U13/><E0/><V94/><F133/><W99/><G99/><RYUUKYOKU ba="0,2" sc="150,15,420,-15,210,-15,200,15" hai0="45,50,60,61,62,64,65,67,81,87,90,105,107" hai3="16,18,19,40,47,48,74,77,83,84,89,120,123" /><INIT seed="2,1,2,5,3,89" ten="165,405,195,215" oya="2" hai0="132,82,124,127,106,73,7,72,35,24,112,100,79" hai1="85,13,55,17,37,1,57,38,31,25,102,74,69" hai2="41,63,122,40,117,8,90,45,33,48,9,6,121" hai3="75,59,131,47,26,107,65,94,88,123,64,36,98"/><V49/><F33/><W133/><G123/><T105/><D112/><U76/><E74/><V78/><F78/><W44/><G75/><T27/><D7/><U119/><E119/><V30/><F30/><W71/><G71/><T108/><D108/><U11/><E69/><V114/><F114/><W54/><G133/><T66/><D132/><U67/><E67/><N who="3" m="25674" /><G107/><T21/><D66/><U115/><E1/><V96/><F63/><N who="3" m="36343" /><G36/><T120/><D120/><U83/><E102/><V86/><F96/><W61/><G131/><T23/><D100/><U52/><E115/><V58/><F117/><W113/><G113/><T81/><REACH who="0" step="1"/><D79/><REACH who="0" ten="155,405,195,215" step="2"/><U125/><E76/><V22/><F122/><W43/><G61/><T46/><D46/><U97/><E37/><V51/><F121/><W99/><G43/><T5/><D5/><U92/><E38/><V4/><F40/><W20/><G99/><T42/><D42/><U80/><E97/><V84/><F41/><W134/><G134/><T126/><D126/><U70/><E125/><V50/><F4/><W0/><G0/><T34/><AGARI ba="1,3" hai="21,23,24,27,34,35,72,73,81,82,105,106,124,127" machi="34" ten="25,6400,0" yaku="1,1,0,1,22,2,53,0" doraHai="89" doraHaiUra="53" who="0" fromWho="0" sc="155,97,405,-17,195,-33,215,-17" /><INIT seed="3,0,0,3,2,121" ten="252,388,162,198" oya="3" hai0="62,12,95,93,127,47,129,13,5,103,100,53,29" hai1="112,122,73,41,86,17,69,0,75,20,85,21,54" hai2="60,61,52,24,70,67,132,108,2,44,130,92,38" hai3="39,46,94,105,88,118,55,3,27,56,83,120,79"/><W116/><G120/><T109/><D109/><U25/><E0/><V51/><F2/><W117/><G105/><T23/><D129/><U76/><E69/><V111/><F130/><W78/><G3/><T126/><D5/><U4/><E4/><V128/><F128/><W96/><G27/><N who="0" m="16639" /><D127/><U11/><E41/><N who="2" m="22583" /><F24/><W18/><G18/><T40/><D40/><U9/><E76/><V125/><F125/><W49/><G39/><T135/><D135/><U19/><E75/><V15/><F15/><N who="0" m="5706" /><D126/><U124/><E112/><V104/><F104/><W82/><G56/><N who="0" m="35087" /><D47/><U30/><E54/><V43/><F132/><W119/><G83/><T45/><D45/><U32/><E9/><V33/><F33/><W8/><G96/><T97/><D93/><U10/><E86/><V42/><F92/><W134/><G79/><T6/><D6/><U65/><E19/><V57/><F61/><W28/><G28/><T34/><D34/><U50/><E30/><V98/><F98/><W80/><G80/><T115/><D115/><U16/><E17/><V77/><F77/><W84/><G134/><T68/><D68/><U64/><E124/><V26/><F26/><W90/><G90/><AGARI ba="0,0" hai="90,95,97,100,103" m="35087,5706,16639" machi="90" ten="30,1000,0" yaku="8,1" doraHai="121" who="0" fromWho="3" sc="252,10,388,0,162,0,198,-10" owari="262,6.2,388,48.8,162,-33.8,188,-21.2" /></mjloggm>