<mjloggm ver="2.3"><GO type="225" lobby="0"/><UN n0="%E7%AD%89%E3%80%85%E5%8A%9B%E5%8A%87%E5%A0%B4" n1="%72%61%6B%33" n2="%E5%AF%82%E5%AF%9E%E3%82%AE%E3%83%8D%E3%82%B9%E3%83%93%E3%83%BC%E3%83%AB" n3="%E3%81%82%E3%81%99%E3%81%AB%E3%82%83%E3%82%80" dan="16,18,16,16" rate="2122.91,2197.83,2122.86,2134.36" sx="M,M,M,F"/><TAIKYOKU oya="0"/><INIT seed="0,0,0,2,1,47" ten="250,250,250,250" oya="0" hai0="26,101,116,82,75,31,129,53,99,28,43,5,83" hai1="68,24,9,79,57,127,14,133,64,35,59,107,87" hai2="119,122,33,94,78,1,66,112,38,4,29,103,120" hai3="131,85,84,55,56,12,16,23,95,42,130,81,102"/><T69/><D116/><U70/><E127/><V18/><F112/><W114/><G114/><T126/><D69/><U90/><E133/><V110/><F38/><W41/><G130/><T36/><D126/><U121/><E121/><V58/><F78/><W32/><G32/><T71/><D71/><U11/><E79/><V30/><F119/><W6/><G6/><T108/><D129/><U7/><E107/><V104/><F104/><W60/><G131/><T124/><D124/><U80/><E59/><V109/><F18/><W19/><G19/><T128/><D75/><U37/><E37/><V27/><F29/><W117/><G117/><T86/><D128/><U132/><E132/><V52/><F66/><W98/><REACH who="3" step="1"/><G85/><REACH who="3" ten="250,250,250,240" step="2"/><T54/><D86/><U92/><E35/><V118/><F118/><W51/><G51/><T89/><D5/><U48/><E48/><N who="2" m="30983" /><F4/><W25/><G25/><T46/><D26/><U74/><E24/><V63/><F1/><W88/><AGARI ba="0,1" hai="12,16,23,41,42,55,56,60,81,84,88,95,98,102" machi="88" ten="20,12000,2" yaku="1,1,0,1,7,1,8,1,54,2,53,0" doraHai="47" doraHaiUra="100" who="3" fromWho="3" sc="250,-60,250,-30,250,-30,240,130" /><INIT seed="1,0,0,4,2,14" ten="190,220,220,370" oya="1" hai0="68,72,123,126,132,69,61,99,45,63,70,54,50" hai1="127,19,30,89,94,23,1,84,106,134,118,83,95" hai2="7,87,53,41,2,125,13,6,128,28,22,101,46" hai3="34,43,103,85,56,92,131,120,11,64,130,110,75"/><U115/><E115/><V26/><F128/><N who="3" m="49195" /><G75/><T62/><D72/><U29/><E118/><V4/><F125/><W80/><G110/><T47/><D99/><U119/><E119/><V124/><F124/><W133/><G34/><T31/><D126/><U86/><E127/><V79/><F2/><W25/><G25/><T91/><D31/><U51/><E1/><V76/><F101/><W122/><G43/><T59/><D91/><U96/><E106/><V60/><F87/><W82/><G11/><T39/><D132/><U8/><E8/><V121/><F13/><W20/><G20/><T17/><D17/><U113/><E113/><V12/><F12/><W100/><G133/><T65/><D123/><N who="3" m="47145" /><G56/><T27/><D27/><N who="1" m="14847" /><E134/><V129/><F121/><W102/><G64/><T73/><D73/><U97/><E51/><N who="2" m="27087" /><F129/><W105/><G105/><T44/><D39/><U57/><E57/><AGARI ba="0,0" hai="4,6,7,22,26,28,53,57,60,76,79" m="27087" machi="57" ten="30,1000,0" yaku="8,1" doraHai="14" who="2" fromWho="1" sc="190,0,220,-10,220,10,370,0" /><AGARI ba="0,0" hai="44,45,47,50,54,57,59,61,62,63,65,68,69,70" machi="57" ten="50,12000,2" yaku="35,6" doraHai="14" who="0" fromWho="1" sc="190,120,210,-120,230,0,370,0" /><INIT seed="2,0,0,2,3,64" ten="310,90,230,370" oya="2" hai0="39,135,18,33,69,20,63,44,14,11,12,26,58" hai1="57,95,62,10,113,21,27,89,35,98,80,103,43" hai2="32,0,50,48,49,46,74,112,54,56,123,59,92" hai3="93,23,19,73,24,114,6,129,76,67,130,134,72"/><V34/><F112/><W9/><G134/><T119/><D135/><U2/><E113/><V66/><F0/><W40/><G40/><T111/><D111/><U38/><E35/><V15/><F74/><W117/><G117/><T77/><D119/><U75/><E38/><V126/><F123/><W71/><G76/><T25/><D33/><U78/><E43/><V36/><F126/><W55/><G93/><T51/><D39/><U133/><E133/><V13/><F36/><W3/><G55/><T115/><D115/><U5/><E89/><V8/><F34/><W7/><G7/><T22/><D69/><U102/><E102/><V110/><F32/><W87/><G87/><T105/><D105/><U45/><E45/><V106/><F106/><W97/><G97/><T1/><D1/><U68/><E57/><V79/><F79/><W99/><G99/><T81/><D51/><N who="2" m="19530" /><F66/><W104/><G104/><T107/><D44/><U88/><E103/><V70/><F70/><W101/><G101/><T29/><D107/><U37/><E37/><V109/><F15/><W108/><G108/><N who="2" m="41577" /><F92/><W65/><G65/><T60/><D12/><U17/><REACH who="1" step="1"/><E62/><REACH who="1" ten="310,80,230,370" step="2"/><V82/><F82/><W132/><G132/><T52/><D63/><U83/><E83/><V86/><F86/><W122/><G114/><T127/><D81/><U118/><E118/><V31/><F56/><W131/><G122/><T53/><D58/><U116/><E116/><V85/><F85/><W121/><G121/><T4/><D60/><AGARI ba="0,1" hai="3,6,9,19,23,24,60,67,71,72,73,129,130,131" machi="60" ten="40,2600,0" yaku="19,1,52,1" doraHai="64" who="3" fromWho="0" sc="310,-26,80,0,230,0,370,36" /><INIT seed="3,0,0,4,3,41" ten="284,80,230,406" oya="3" hai0="40,120,4,42,99,96,101,74,30,52,49,35,93" hai1="124,76,0,54,31,81,18,22,46,6,125,71,86" hai2="38,33,100,58,109,17,123,134,10,24,5,50,61" hai3="88,51,82,21,60,43,112,95,89,68,121,9,73"/><W66/><G112/><T2/><D120/><U32/><E71/><V62/><F38/><W25/><G9/><T1/><D74/><U13/><E54/><V12/><F109/><W23/><G121/><T84/><D1/><U16/><E18/><V20/><F134/><W108/><G108/><T83/><D99/><U19/><E19/><V39/><F39/><W118/><G118/><T3/><D3/><U94/><E94/><V34/><F123/><W131/><G131/><T69/><D69/><U111/><E111/><V36/><F36/><W87/><G73/><T11/><D35/><U119/><E119/><V75/><F75/><W79/><G95/><T135/><D30/><U122/><E122/><V116/><F116/><W130/><G21/><T98/><D98/><U132/><E132/><V91/><F100/><W26/><G26/><T15/><D2/><U37/><E37/><V27/><F33/><W133/><G130/><T106/><D106/><U29/><E46/><V127/><F127/><W107/><G107/><T114/><D114/><U80/><E80/><V78/><F34/><W128/><G128/><T104/><D104/><U72/><E72/><V117/><F27/><W126/><G25/><T115/><D135/><U47/><E47/><V64/><F117/><W55/><G126/><T8/><D11/><U103/><E103/><V57/><F10/><W44/><G82/><T92/><D93/><U102/><E102/><V56/><F17/><W77/><G133/><T45/><REACH who="0" step="1"/><D115/><REACH who="0" ten="274,80,230,406" step="2"/><U110/><E110/><V105/><F105/><W129/><G129/><T48/><D48/><RYUUKYOKU ba="0,1" sc="274,30,80,-10,230,-10,406,-10" hai0="4,8,15,40,42,45,49,52,83,84,92,96,101" owari="304,10.4,70,-43.0,220,-18.0,406,50.6" /></mjloggm>