<mjloggm ver="2.3"><GO type="225" lobby="0"/><UN n0="%E3%81%82%E3%80%81%E8%B2%A0%E3%81%91%E3%81%BE%E3%81%97%E3%81%9F" n1="%E3%83%97%E3%83%AC%E3%83%B4%E3%82%A1%E3%83%86%E3%82%A3" n2="%E3%81%A0%E3%81%8A" n3="%E3%81%A8%E3%82%93%E3%81%A8%E3%81%93%E3%81%A8%E3%82%93" dan="16,16,16,16" rate="2127.96,2063.68,2041.27,2131.24" sx="M,F,M,F"/><TAIKYOKU oya="0"/><INIT seed="0,0,0,4,4,63" ten="250,250,250,250" oya="0" hai0="15,52,40,93,50,120,84,126,54,89,116,97,106" hai1="128,19,31,38,114,109,21,73,49,134,1,68,9" hai2="44,98,81,102,6,28,39,66,77,55,70,94,13" hai3="12,8,91,30,48,85,104,61,34,65,60,80,5"/><T14/><D120/><U92/><E73/><V16/><F6/><W17/><G104/><T11/><D116/><U110/><E38/><V127/><F127/><W111/><G111/><N who="1" m="42506" /><E68/><V121/><F121/><W53/><G34/><T82/><D106/><U88/><E49/><V24/><F70/><W122/><G122/><T2/><D2/><U4/><E114/><V78/><F66/><W33/><G33/><T0/><D0/><U56/><E56/><V64/><F64/><W99/><G30/><T105/><D105/><U131/><E31/><V96/><F96/><W108/><G108/><T62/><D62/><U37/><E37/><V47/><F47/><W7/><G99/><T130/><D14/><N who="1" m="9463" /><E134/><V57/><F57/><N who="3" m="37007" /><G61/><T29/><D29/><U113/><E113/><V42/><F55/><W27/><G27/><T117/><D117/><U90/><E92/><V45/><F81/><W20/><G20/><T59/><D126/><U101/><E101/><V124/><F124/><W67/><G67/><T133/><D133/><U41/><E41/><V103/><F103/><W115/><G115/><T76/><D130/><AGARI ba="0,0" hai="1,4,9,88,90,128,130,131" m="9463,42506" machi="130" ten="30,3900,0" yaku="19,1,14,1,54,1" doraHai="63" who="1" fromWho="0" sc="250,-39,250,39,250,0,250,0" /><INIT seed="1,0,0,1,0,53" ten="211,289,250,250" oya="1" hai0="67,76,43,12,72,75,78,106,127,65,113,36,120" hai1="94,133,45,48,104,102,64,121,21,4,134,35,7" hai2="123,105,42,26,126,54,84,25,2,90,8,22,79" hai3="109,129,91,108,29,55,16,107,30,57,95,74,52"/><U112/><E112/><V44/><F123/><W34/><G107/><T41/><D12/><U98/><E121/><V14/><F105/><W49/><G129/><T50/><D106/><U96/><E35/><V28/><F2/><W128/><G128/><T110/><D120/><U97/><E21/><V51/><F126/><W19/><G74/><T87/><D50/><U39/><E39/><V125/><F25/><N who="3" m="18735" /><G55/><T69/><D36/><U0/><E97/><V66/><F66/><W118/><G30/><T11/><D110/><N who="3" m="42601" /><G118/><T56/><D56/><U71/><E71/><V62/><F79/><W81/><G81/><T31/><D31/><U132/><E64/><V33/><F125/><W38/><G38/><T60/><D60/><U32/><E0/><V119/><F119/><W15/><G15/><T9/><D9/><U68/><E68/><V99/><F62/><W5/><G5/><T92/><D92/><U86/><E32/><V46/><F33/><W18/><G19/><T100/><D100/><N who="1" m="62471" /><E86/><AGARI ba="0,0" hai="16,18,49,52,57,86,91,95" m="42601,18735" machi="86" ten="30,7700,0" yaku="14,1,52,1,54,2" doraHai="53" who="3" fromWho="1" sc="211,0,289,-77,250,0,250,77" /><INIT seed="2,0,0,5,3,96" ten="211,212,250,327" oya="2" hai0="16,106,90,65,78,77,67,134,24,112,109,57,38" hai1="37,125,8,104,101,132,20,102,119,85,55,94,81" hai2="73,30,71,110,60,61,93,129,105,43,39,63,86" hai3="62,103,6,11,7,58,4,88,48,82,1,29,135"/><V115/><F115/><W12/><G135/><T42/><D112/><U113/><E113/><V56/><F105/><W118/><G118/><T95/><D134/><U122/><E132/><V45/><F73/><W9/><G29/><T87/><D106/><U50/><E37/><V23/><F129/><W31/><G31/><T51/><D38/><U127/><E119/><V26/><F110/><W66/><G7/><T126/><D126/><N who="1" m="48139" /><E104/><V40/><F40/><W53/><G103/><N who="1" m="39434" /><E94/><V52/><REACH who="2" step="1"/><F71/><REACH who="2" ten="211,212,240,327" step="2"/><W32/><G32/><T34/><D34/><U99/><E99/><V114/><F114/><W74/><G74/><T100/><D109/><U76/><E122/><V123/><F123/><W36/><G36/><T124/><D124/><U89/><E8/><V17/><F17/><W27/><G11/><T33/><D33/><U128/><E128/><V21/><F21/><W64/><G9/><T13/><D100/><U69/><E20/><V72/><F72/><W117/><G117/><T107/><D107/><U98/><E98/><V131/><F131/><W47/><G4/><T44/><D16/><U2/><E69/><V28/><F28/><W10/><G6/><T41/><D42/><U35/><E35/><V116/><F116/><W54/><G10/><T5/><D41/><U19/><E19/><V83/><F83/><W120/><G82/><T92/><D5/><U3/><E76/><V130/><F130/><W80/><G80/><T84/><D77/><U49/><E49/><V121/><F121/><W15/><G48/><T97/><D51/><U70/><E70/><V59/><F59/><AGARI ba="0,1" hai="2,3,50,55,59,81,85,89" m="39434,48139" machi="59" ten="30,8000,1" yaku="6,1,18,1,52,3" doraHai="96" who="1" fromWho="2" sc="211,0,212,90,240,-80,327,0" /><INIT seed="3,0,0,5,5,18" ten="211,302,160,327" oya="3" hai0="127,99,8,72,115,14,111,69,95,109,17,66,110" hai1="19,43,20,51,39,4,126,121,82,23,21,78,93" hai2="56,65,81,64,94,75,63,101,6,97,36,28,33" hai3="80,40,9,31,68,53,62,117,58,87,105,74,77"/><W34/><G117/><T124/><D72/><U89/><E39/><V90/><F36/><W0/><G105/><T46/><D46/><N who="1" m="26079" /><E121/><V38/><F38/><W118/><G118/><T25/><D115/><U24/><E126/><N who="0" m="48169" /><D69/><U59/><E4/><V67/><F6/><W123/><G123/><T30/><D66/><U1/><E1/><V70/><F70/><W27/><G40/><T57/><D57/><U2/><E2/><V7/><F7/><W73/><G0/><T131/><D95/><U5/><E5/><V55/><F33/><W116/><G116/><T130/><D99/><N who="1" m="57775" /><E59/><V54/><F28/><W44/><G68/><T26/><D26/><U47/><E47/><V106/><F54/><W128/><G44/><T85/><D85/><AGARI ba="0,0" hai="19,20,21,23,24,78,82,85" m="57775,26079" machi="85" ten="30,7700,0" yaku="8,1,52,3" doraHai="18" who="1" fromWho="0" sc="211,-77,302,77,160,0,327,0" owari="134,-36.6,379,47.9,160,-24.0,327,12.7" /></mjloggm>