<mjloggm ver="2.3"><GO type="225" lobby="0"/><UN n0="%E6%B0%B7%E5%B7%9D%E9%87%8C%E5%A5%88" n1="%E7%99%BD%E6%97%A5%E9%9B%AA%E8%8F%9C" n2="%77%72%77%72%77%72%77%72" n3="%6D%61%6A%69%6B%75%7A%75" dan="16,17,17,17" rate="2078.41,2202.85,2170.88,2225.78" sx="F,M,M,M"/><TAIKYOKU oya="0"/><INIT seed="0,0,0,5,0,1" ten="250,250,250,250" oya="0" hai0="115,104,44,63,130,128,75,72,36,93,58,51,98" hai1="55,19,7,26,32,131,56,87,117,40,31,8,89" hai2="42,74,102,86,129,48,61,107,57,109,122,35,38" hai3="28,37,29,43,62,91,33,15,12,118,20,80,95"/><T27/><D115/><U4/><E117/><V14/><F122/><W88/><G118/><T92/><D36/><U18/><E40/><V110/><F74/><W24/><G37/><T90/><D104/><U30/><E30/><V64/><F35/><W2/><G2/><T121/><D121/><U135/><E135/><V101/><F38/><W105/><G105/><T17/><D93/><U127/><E127/><V106/><F129/><N who="0" m="49770" /><D17/><U114/><E114/><V81/><F107/><W25/><G43/><N who="0" m="24991" /><D27/><U97/><E97/><V53/><F42/><W134/><G134/><T70/><D70/><U108/><E108/><N who="2" m="41579" /><F14/><W85/><REACH who="3" step="1"/><G62/><REACH who="3" ten="250,250,250,240" step="2"/><T79/><D79/><U125/><E131/><V133/><F133/><W123/><G123/><T76/><D76/><U45/><E125/><V13/><F106/><W6/><G6/><T120/><D120/><U10/><E4/><V47/><F13/><W84/><AGARI ba="0,1" hai="12,15,20,24,25,28,29,33,80,84,85,88,91,95" machi="84" ten="20,5200,0" yaku="1,1,0,1,7,1,54,1,53,0" doraHai="1" doraHaiUra="73" who="3" fromWho="3" sc="250,-26,250,-13,250,-13,240,62" /><INIT seed="1,0,0,0,3,132" ten="224,237,237,302" oya="1" hai0="97,1,69,68,21,119,77,100,93,29,115,8,63" hai1="40,42,90,110,37,19,38,14,88,56,124,59,109" hai2="47,120,82,28,25,116,91,105,27,60,72,81,121" hai3="58,64,33,17,55,95,94,70,18,15,22,31,2"/><U10/><E19/><V122/><F116/><W107/><G107/><T89/><D119/><U13/><E10/><V36/><F105/><W35/><G2/><T75/><D115/><U79/><E79/><V106/><F106/><W127/><G70/><T129/><D129/><U114/><E114/><V126/><F72/><W83/><G64/><T12/><D75/><U45/><E45/><V104/><F104/><W62/><G83/><T131/><D77/><U43/><E40/><V101/><F101/><W87/><G127/><AGARI ba="0,0" hai="13,14,37,38,42,43,56,59,88,90,109,110,124,127" machi="127" ten="25,12000,1" yaku="22,2,52,2,54,1" doraHai="132" who="1" fromWho="3" sc="224,0,237,120,237,0,302,-120" /><INIT seed="1,1,0,4,4,20" ten="224,357,237,182" oya="1" hai0="53,66,112,77,86,47,0,128,115,95,44,27,5" hai1="6,9,30,70,31,121,29,40,103,61,21,71,104" hai2="113,64,94,116,52,110,24,72,101,125,74,18,17" hai3="13,78,25,135,81,133,123,35,117,100,22,19,39"/><U80/><E121/><V65/><F116/><W124/><G123/><T8/><D66/><U88/><E40/><V38/><F38/><W91/><G117/><T54/><D128/><U49/><E49/><V119/><F119/><W48/><G39/><T50/><D27/><U69/><E104/><V56/><F110/><W12/><G100/><T122/><D122/><U87/><E103/><V97/><F125/><W14/><G124/><T107/><D107/><U129/><E129/><V34/><F113/><W106/><G106/><T15/><D0/><U89/><E89/><V60/><F74/><W46/><G91/><T93/><D115/><U105/><E105/><V1/><F1/><W16/><G35/><T33/><D33/><U114/><E114/><V10/><F72/><W82/><G19/><T32/><D32/><U98/><E98/><V132/><F132/><N who="3" m="50763" /><G78/><T62/><D112/><U73/><E73/><V59/><F10/><W84/><G84/><T111/><D111/><U130/><E130/><V2/><F2/><W131/><G131/><T41/><D62/><U83/><E21/><N who="2" m="13359" /><F34/><W127/><G127/><T63/><D77/><U68/><E80/><V90/><F101/><W51/><G51/><N who="0" m="27023" /><D86/><U134/><E134/><V3/><F3/><W96/><G96/><T67/><D67/><N who="2" m="25674" /><F18/><W92/><G92/><T79/><D79/><U7/><E71/><V58/><AGARI ba="1,0" hai="52,56,58,59,60,90,94,97" m="25674,13359" machi="58" ten="30,7900,0" yaku="25,1,8,1,52,1,54,1" doraHai="20" who="2" fromWho="2" sc="224,-21,357,-40,237,82,182,-21" /><INIT seed="2,0,0,4,3,116" ten="203,317,319,161" oya="2" hai0="80,35,27,128,24,57,106,38,56,126,42,14,110" hai1="44,51,127,86,134,111,3,125,5,82,104,53,109" hai2="121,71,60,20,62,108,40,69,79,78,65,87,63" hai3="95,105,11,83,94,61,64,73,6,34,68,84,130"/><V10/><F121/><W114/><G130/><T0/><D0/><U93/><E104/><V9/><F40/><W88/><G114/><T117/><D106/><U18/><E134/><V1/><F20/><W85/><G105/><T132/><D110/><N who="1" m="41995" /><E93/><V76/><F108/><W48/><G34/><T133/><D126/><U97/><E97/><V55/><F1/><W92/><G48/><T46/><D128/><U29/><E29/><V103/><F103/><W16/><G73/><T22/><D117/><U122/><E122/><V124/><F124/><W99/><G84/><T54/><D80/><U13/><E5/><V49/><F87/><W107/><G16/><N who="0" m="10519" /><D56/><U119/><E3/><V7/><F7/><W96/><REACH who="3" step="1"/><G107/><REACH who="3" ten="203,317,319,151" step="2"/><T66/><D35/><U4/><E119/><V67/><REACH who="2" step="1"/><F60/><REACH who="2" ten="203,317,309,151" step="2"/><W74/><G74/><T33/><D33/><U25/><E125/><V37/><F37/><W77/><G77/><T123/><D123/><U19/><E127/><V90/><F90/><W70/><G70/><T75/><D75/><U131/><E131/><V17/><F17/><W26/><G26/><T8/><D24/><U50/><E25/><V72/><F72/><W112/><G112/><T129/><D27/><U135/><E51/><V15/><F15/><AGARI ba="0,2" hai="6,11,15,61,64,68,83,85,88,92,94,95,96,99" machi="15" ten="40,2600,0" yaku="1,1,54,1,53,0" doraHai="116" doraHaiUra="98" who="3" fromWho="2" sc="203,0,317,0,309,-26,151,46" /><INIT seed="3,0,0,3,4,59" ten="203,317,283,197" oya="3" hai0="76,130,120,24,9,80,43,131,25,53,88,20,128" hai1="115,2,57,121,5,32,3,64,58,28,38,107,70" hai2="122,77,11,79,34,93,102,133,74,119,13,123,113" hai3="68,60,105,72,108,111,30,31,103,125,33,124,110"/><W12/><G72/><T0/><D120/><N who="2" m="46122" /><F113/><W95/><G105/><T71/><D43/><U82/><E121/><V101/><F119/><W104/><G104/><T15/><D71/><U22/><E38/><V48/><F34/><W96/><G12/><T97/><D0/><U106/><E32/><V47/><F74/><W18/><G18/><N who="0" m="8559" /><D53/><U69/><E115/><V109/><F109/><W89/><G103/><N who="2" m="39433" /><F93/><W10/><G10/><T81/><D76/><U127/><E107/><V87/><F87/><W14/><G14/><T37/><D37/><U19/><E106/><V49/><F49/><W63/><G68/><T86/><D97/><U39/><E39/><V78/><F133/><W36/><G36/><T85/><D20/><U118/><E118/><V21/><F21/><W62/><G33/><T134/><D134/><U55/><E22/><V98/><F98/><W50/><G50/><T4/><D4/><U129/><E70/><V73/><F73/><W75/><G75/><T7/><D7/><U46/><E69/><V45/><F48/><W41/><G41/><T29/><D29/><AGARI ba="0,0" hai="29,30,31,60,62,63,89,95,96,108,110,111,124,125" machi="29" ten="50,12000,1" yaku="14,1,10,1,52,3" doraHai="59" who="3" fromWho="0" sc="203,-120,317,0,283,0,197,120" /><INIT seed="3,1,0,3,2,0" ten="83,317,283,317" oya="3" hai0="31,6,51,116,96,63,76,133,129,97,42,110,64" hai1="48,26,22,79,21,109,115,85,13,121,30,100,118" hai2="122,7,126,66,47,34,69,86,38,56,71,93,45" hai3="37,113,135,74,87,29,2,70,114,9,53,35,98"/><W27/><G74/><T46/><D116/><U112/><E121/><V14/><F34/><W44/><G53/><T16/><D110/><U119/><E109/><V65/><F93/><W78/><G135/><T58/><D133/><U62/><E100/><V39/><F86/><W127/><G127/><T1/><D129/><U77/><E48/><V92/><F92/><W94/><G70/><N who="2" m="26633" /><F7/><W83/><G44/><N who="2" m="16969" /><F14/><W23/><G37/><N who="2" m="13833" /><F126/><W60/><G60/><T73/><D31/><U32/><E62/><N who="2" m="38087" /><F122/><W123/><G123/><T52/><D16/><U50/><E13/><V67/><AGARI ba="1,0" hai="66,67" m="38087,13833,16969,26633" machi="67" ten="40,8000,1" yaku="35,5" doraHai="0" who="2" fromWho="2" sc="83,-21,317,-21,283,83,317,-41" owari="62,-43.8,296,9.6,366,46.6,276,-12.4" /></mjloggm>