<mjloggm ver="2.3"><GO type="225" lobby="0"/><UN n0="%74%61%6B%65%2D%79%6F%75" n1="%E3%83%A9%E3%83%96%E3%83%AC%E3%83%BC" n2="%6B%79%6F%6E%6B%6F%31%31" n3="%72%69%6F%75%63%68%61%6E" dan="16,18,17,17" rate="2182.90,2275.98,2187.19,2279.85" sx="M,M,M,M"/><TAIKYOKU oya="0"/><INIT seed="0,0,0,0,1,48" ten="250,250,250,250" oya="0" hai0="53,106,6,67,52,3,121,16,86,71,58,11,104" hai1="79,9,30,63,133,109,68,110,122,2,131,33,13" hai2="101,62,24,82,92,8,108,25,35,134,12,32,102" hai3="45,126,47,87,54,41,72,44,36,23,18,120,10"/><T115/><D115/><U34/><E122/><V83/><F134/><W100/><G72/><T78/><D121/><U27/><E133/><V60/><F108/><N who="1" m="41577" /><E79/><V59/><F35/><N who="1" m="13321" /><E68/><V118/><F118/><W61/><G126/><T75/><D75/><U80/><E80/><V130/><F130/><W20/><G120/><T76/><D71/><U49/><E63/><V129/><F129/><W125/><G125/><T51/><D67/><U66/><E66/><V55/><F62/><W21/><G100/><N who="2" m="38505" /><F92/><W127/><G127/><T119/><D119/><U111/><E2/><V91/><F32/><W113/><G113/><T37/><D78/><U96/><E96/><V5/><F83/><W4/><G87/><AGARI ba="0,0" hai="5,8,12,24,25,55,59,60,82,87,91" m="38505" machi="87" ten="30,2000,0" yaku="8,1,52,1" doraHai="48" who="2" fromWho="3" sc="250,0,250,0,250,20,250,-20" /><INIT seed="1,0,0,5,3,29" ten="250,250,270,230" oya="1" hai0="133,105,78,72,59,32,49,101,73,31,79,66,18" hai1="82,1,58,76,114,2,47,5,54,43,63,44,36" hai2="8,121,86,27,124,45,39,12,128,41,103,85,93" hai3="94,13,14,17,95,87,3,118,89,26,35,106,91"/><U15/><E114/><V115/><F121/><W20/><G118/><T40/><D133/><U10/><REACH who="1" step="1"/><E47/><REACH who="1" ten="250,240,270,230" step="2"/><V116/><F115/><W98/><G3/><T92/><D72/><AGARI ba="0,1" hai="1,2,5,10,15,36,43,44,54,58,63,72,76,82" machi="72" ten="30,5800,0" yaku="1,1,2,1,7,1,53,0" doraHai="29" doraHaiUra="127" who="1" fromWho="0" sc="250,-58,240,68,270,0,230,0" /><INIT seed="1,1,0,5,2,101" ten="192,308,270,230" oya="1" hai0="107,124,134,43,130,116,3,109,90,100,66,133,8" hai1="5,50,113,99,81,132,31,118,96,82,13,127,19" hai2="88,79,74,58,63,95,123,89,62,45,68,26,65" hai3="27,110,15,102,119,14,22,7,48,115,36,25,77"/><U83/><E118/><V11/><F123/><W20/><G110/><T40/><D116/><U75/><E113/><V87/><F74/><W29/><G115/><T57/><D109/><U6/><E132/><N who="0" m="50793" /><D130/><U28/><E50/><V131/><F131/><W92/><G36/><T32/><D32/><U103/><E75/><V80/><F45/><W17/><G119/><T4/><D124/><U61/><E61/><V38/><F38/><W67/><G67/><T16/><D90/><U21/><E127/><V52/><F26/><W104/><G92/><T55/><D66/><U108/><E108/><V128/><F128/><W47/><G77/><T33/><D33/><U24/><E31/><V112/><F112/><W56/><G56/><T121/><D121/><U72/><E72/><V53/><F53/><W12/><G7/><N who="1" m="2570" /><E103/><V64/><F11/><AGARI ba="1,0" hai="11,13,19,21,24,28,81,82,83,96,99" m="2570" machi="11" ten="30,1500,0" yaku="8,1" doraHai="101" who="1" fromWho="2" sc="192,0,308,18,270,-18,230,0" /><INIT seed="1,2,0,3,2,46" ten="192,326,252,230" oya="1" hai0="45,97,54,126,70,36,62,101,18,80,87,81,37" hai1="69,8,59,117,108,58,89,28,40,93,104,134,64" hai2="133,43,84,99,23,71,1,123,20,68,39,5,4" hai3="109,27,42,78,67,41,56,51,73,49,30,131,7"/><U83/><E104/><V11/><F123/><W91/><G109/><T132/><D132/><U60/><E117/><V114/><F133/><W128/><G7/><T25/><D126/><U86/><E134/><V77/><F114/><W57/><G91/><T31/><D18/><U120/><E28/><V103/><F5/><W61/><G78/><T10/><D10/><U94/><E120/><V96/><F96/><W124/><G73/><T135/><D135/><U118/><E40/><N who="3" m="15466" /><G124/><T44/><D37/><U85/><E118/><V26/><F23/><N who="3" m="15743" /><G57/><T9/><D36/><U15/><E108/><V16/><F77/><W2/><G2/><T106/><D70/><U50/><E86/><V121/><F84/><W79/><G79/><T125/><D87/><U38/><E69/><V113/><F113/><W17/><G17/><T33/><D125/><U22/><E22/><V90/><F90/><W110/><G110/><T55/><D9/><U63/><E60/><V92/><F121/><W52/><G67/><T100/><D100/><U122/><E38/><V111/><F111/><W32/><G32/><T19/><D19/><N who="1" m="8679" /><E122/><V21/><F21/><W115/><G115/><T116/><D116/><U74/><E74/><V76/><F76/><W119/><G119/><T53/><D62/><U112/><E112/><V127/><F127/><W72/><G72/><T65/><D65/><U105/><E105/><V98/><F98/><W48/><G61/><T95/><D106/><U102/><E102/><V29/><F29/><W14/><G14/><T88/><D101/><U3/><E3/><V82/><F71/><RYUUKYOKU ba="2,0" sc="192,10,326,10,252,-30,230,10" hai0="25,31,33,44,45,53,54,55,80,81,88,95,97" hai1="50,58,59,63,64,83,85,89,93,94" hai3="48,49,51,52,56,128,131" /><INIT seed="1,3,0,3,2,120" ten="202,336,222,240" oya="1" hai0="135,102,40,23,6,79,41,81,86,14,130,11,125" hai1="107,133,63,85,10,80,93,83,53,36,84,75,100" hai2="24,110,70,1,72,0,54,76,109,99,57,90,66" hai3="17,113,68,32,3,126,15,19,115,29,31,33,131"/><U34/><E34/><N who="3" m="13418" /><G68/><T60/><D130/><U95/><E133/><V77/><F70/><W119/><G3/><T51/><D135/><U28/><E28/><N who="3" m="10826" /><G131/><T12/><D125/><U9/><E36/><V2/><F24/><W111/><G126/><T78/><D102/><U65/><E75/><V48/><F66/><W47/><G47/><N who="0" m="26087" /><D41/><U56/><E107/><V49/><F49/><W112/><G119/><T94/><D94/><N who="1" m="35851" /><E65/><V38/><F38/><W5/><G111/><N who="2" m="42505" /><F72/><W106/><G106/><T103/><D60/><U26/><E100/><V35/><F35/><W132/><G132/><T7/><D103/><U52/><E26/><V67/><F67/><W117/><G117/><T30/><D30/><U122/><E53/><V92/><AGARI ba="3,0" hai="0,1,2,48,54,57,76,77,90,92,99" m="42505" machi="92" ten="40,8000,1" yaku="14,1,52,3" doraHai="120" who="2" fromWho="2" sc="202,-23,336,-43,222,89,240,-23" /><INIT seed="2,0,0,5,1,41" ten="179,293,311,217" oya="2" hai0="57,84,52,87,2,94,46,9,107,109,15,92,86" hai1="103,68,123,131,40,56,59,135,96,65,95,60,27" hai2="93,29,81,73,99,76,23,133,75,63,113,3,30" hai3="33,114,55,116,51,14,129,130,34,127,37,8,126"/><V108/><F113/><W31/><G116/><T82/><D109/><U45/><E135/><V118/><F118/><W61/><G114/><T67/><D107/><U64/><E131/><N who="3" m="50186" /><G37/><T62/><D2/><U11/><E123/><V119/><F119/><W90/><G61/><T38/><D82/><U80/><E65/><V121/><F3/><W83/><G90/><T50/><REACH who="0" step="1"/><D38/><REACH who="0" ten="169,293,311,217" step="2"/><U105/><E105/><V71/><F108/><W53/><G83/><T78/><D78/><U5/><E80/><V16/><F121/><W1/><G1/><T10/><D10/><U36/><E27/><V77/><F77/><W85/><G127/><T0/><D0/><AGARI ba="0,1" hai="0,5,11,36,40,45,56,59,60,64,68,95,96,103" machi="0" ten="30,2000,0" yaku="7,1,52,1" doraHai="41" who="1" fromWho="0" sc="169,-20,293,30,311,0,217,0" /><INIT seed="3,0,0,5,5,68" ten="149,323,311,217" oya="3" hai0="37,31,4,113,104,135,26,89,53,80,24,51,39" hai1="77,103,87,130,22,25,111,85,72,90,106,117,112" hai2="36,101,34,76,32,115,78,58,15,45,38,133,124" hai3="118,74,10,48,19,129,57,88,42,64,13,66,54"/><W46/><G118/><T95/><D104/><U97/><E112/><V52/><F115/><W69/><G74/><T55/><D113/><U47/><E117/><V21/><F101/><W50/><G129/><T73/><D135/><U70/><E70/><V123/><F133/><W0/><G69/><T128/><D128/><U33/><E33/><V9/><F21/><W105/><G105/><T41/><D4/><U134/><E134/><V81/><F124/><W71/><G71/><T27/><D31/><U29/><E111/><V125/><F125/><W59/><G0/><T18/><D18/><U60/><E60/><V110/><F110/><W98/><REACH who="3" step="1"/><G59/><REACH who="3" ten="149,323,311,207" step="2"/><T35/><D35/><U7/><E72/><V102/><F34/><W116/><G116/><T40/><D73/><U16/><E106/><V84/><F32/><W122/><G122/><T107/><D107/><U14/><E130/><V20/><F123/><W96/><G96/><T28/><D28/><U2/><E97/><V94/><F58/><W82/><G82/><T63/><D80/><U99/><E99/><N who="2" m="59767" /><F78/><W127/><G127/><T5/><D5/><U43/><E77/><V100/><F76/><W8/><G8/><T3/><D3/><U44/><E7/><V62/><F9/><W121/><G121/><T131/><D131/><U83/><E83/><V12/><F81/><W75/><G75/><T17/><D95/><AGARI ba="0,1" hai="10,13,19,42,46,48,50,54,57,64,66,88,95,98" machi="95" ten="40,7700,0" yaku="1,1,8,1,54,1,53,0" doraHai="68" doraHaiUra="79" who="3" fromWho="0" sc="149,-77,323,0,311,0,207,87" /><INIT seed="3,1,0,0,1,129" ten="72,323,311,294" oya="3" hai0="108,127,70,58,50,31,100,118,101,111,92,0,106" hai1="53,88,12,38,110,90,105,128,7,95,134,46,69" hai2="11,116,23,131,104,62,87,86,29,54,63,126,84" hai3="40,72,80,75,19,130,17,121,60,33,37,30,41"/><W49/><G121/><T117/><D31/><U56/><E105/><V79/><F116/><W74/><G37/><T24/><D58/><U3/><E3/><V44/><F104/><W122/><G122/><T94/><D50/><U48/><E128/><V64/><F131/><W65/><G130/><T132/><D24/><U9/><E110/><V113/><F113/><W109/><G109/><T93/><D0/><U133/><E69/><V51/><F126/><W66/><G80/><T55/><D55/><U78/><E78/><V59/><F79/><W83/><G83/><T77/><D70/><U6/><E6/><V119/><F119/><W112/><G112/><T123/><D92/><U36/><E90/><V103/><F103/><W28/><G49/><T10/><D10/><U15/><E12/><V13/><F62/><W18/><G33/><T71/><D71/><U52/><E53/><V107/><F107/><W96/><G96/><T43/><D43/><N who="3" m="16457" /><G60/><T25/><D106/><U135/><E56/><V61/><F61/><W124/><G124/><T114/><D25/><U4/><E4/><N who="2" m="3303" /><F87/><AGARI ba="1,0" hai="7,9,15,36,38,46,48,52,87,88,95,133,134,135" machi="87" ten="40,12000,2" yaku="20,1,52,3,54,2" doraHai="129" who="1" fromWho="2" sc="72,0,323,123,311,-123,294,0" owari="72,-42.8,446,54.6,188,-21.2,294,9.4" /></mjloggm>