<mjloggm ver="2.3"><GO type="225" lobby="0"/><UN n0="%E3%82%B2%E3%82%B9%E8%8C%82%E5%8B%9D" n1="%E3%81%86%E3%82%8C%E3%81%9F%E3%82%93%E6%9E%95" n2="%E3%81%8B%E3%82%8F%E3%81%A1%E3%82%83%E3%82%93%35%38" n3="%28%EF%BF%A3%E2%96%BD%EF%BF%A3%29%CE%B4%E2%8C%92%E3%83%BB" dan="16,16,17,16" rate="2064.36,2100.58,2136.12,2136.92" sx="F,F,M,M"/><TAIKYOKU oya="0"/><INIT seed="0,0,0,4,2,11" ten="250,250,250,250" oya="0" hai0="129,81,34,102,23,21,115,37,25,135,44,42,16" hai1="104,12,20,97,119,100,50,53,80,43,46,15,132" hai2="19,54,131,121,103,79,17,111,45,110,134,85,113" hai3="5,105,8,3,98,40,9,65,107,41,2,73,78"/><T126/><D129/><U118/><E132/><V57/><F113/><W47/><G65/><T108/><D135/><U82/><E43/><V94/><F121/><W24/><G24/><T26/><D126/><U122/><E122/><V125/><F134/><W33/><G33/><T58/><D108/><N who="2" m="41514" /><F125/><W10/><G41/><T74/><D115/><U14/><REACH who="1" step="1"/><E20/><REACH who="1" ten="250,240,250,250" step="2"/><V18/><F131/><W99/><G3/><T61/><D34/><U83/><AGARI ba="0,1" hai="12,14,15,46,50,53,80,82,83,97,100,104,118,119" machi="83" ten="30,12000,2" yaku="1,1,2,1,0,1,52,3,53,0" doraHai="11" doraHaiUra="63" who="1" fromWho="1" sc="250,-60,240,130,250,-30,250,-30" /><INIT seed="1,0,0,0,0,58" ten="190,370,220,220" oya="1" hai0="53,67,90,93,41,88,102,94,107,3,132,42,46" hai1="116,119,130,57,7,20,129,69,66,99,45,9,73" hai2="125,2,32,0,97,54,105,39,33,86,112,24,83" hai3="109,121,14,134,75,72,115,79,62,11,133,64,10"/><U38/><E69/><V110/><F39/><W16/><G121/><T44/><D3/><U68/><E68/><V40/><F40/><W103/><G115/><T50/><D132/><N who="3" m="50793" /><G109/><T78/><D78/><U1/><E73/><N who="3" m="28234" /><G79/><T17/><D107/><U63/><E99/><V114/><F110/><W56/><G103/><T113/><D113/><N who="2" m="43626" /><F54/><W126/><G126/><T98/><D102/><U22/><E45/><V76/><F125/><W37/><G37/><T12/><D67/><U127/><E38/><V111/><F111/><W43/><G43/><T18/><D44/><U120/><E120/><V84/><F84/><W13/><G13/><T15/><D12/><U21/><REACH who="1" step="1"/><E127/><REACH who="1" ten="190,360,220,220" step="2"/><V108/><F108/><W60/><G11/><N who="0" m="6399" /><D18/><U51/><E51/><V25/><F105/><W104/><G62/><T128/><D128/><AGARI ba="0,1" hai="1,7,9,20,21,22,57,63,66,116,119,128,129,130" machi="128" ten="40,12000,1" yaku="1,1,19,1,52,1,53,1" doraHai="58" doraHaiUra="52" who="1" fromWho="0" sc="190,-120,360,130,220,0,220,0" /><INIT seed="1,1,0,2,4,16" ten="70,490,220,220" oya="1" hai0="50,56,91,22,129,60,54,14,125,23,71,126,19" hai1="110,8,135,106,87,84,121,123,115,105,112,134,122" hai2="76,45,99,78,116,95,111,3,52,133,0,1,34" hai3="33,9,41,102,109,59,17,32,77,124,51,107,49"/><U118/><E8/><V131/><F116/><W28/><G109/><T81/><D129/><U67/><E67/><V80/><F34/><W11/><G77/><T65/><D81/><U70/><E70/><V55/><F111/><W29/><G102/><T113/><D113/><N who="1" m="43595" /><E110/><V31/><F31/><W88/><G107/><N who="1" m="40970" /><E118/><V127/><F131/><W128/><G128/><T21/><REACH who="0" step="1"/><D91/><REACH who="0" ten="60,490,220,220" step="2"/><U97/><E97/><V100/><F80/><W74/><G88/><T20/><AGARI ba="1,1" hai="14,19,20,21,22,23,50,54,56,60,65,71,125,126" machi="20" ten="30,12000,2" yaku="1,1,2,1,0,1,52,4,53,0" doraHai="16" doraHaiUra="86" who="0" fromWho="0" sc="60,133,490,-61,220,-31,220,-31" /><INIT seed="2,0,0,5,1,75" ten="193,429,189,189" oya="2" hai0="109,117,103,13,91,61,94,85,50,0,47,111,39" hai1="69,125,98,78,9,76,55,1,15,126,17,3,23" hai2="110,99,122,65,113,118,25,19,33,18,29,127,43" hai3="67,119,37,89,62,97,58,10,30,74,70,45,88"/><V66/><F113/><W116/><G74/><T56/><D117/><U36/><E69/><V38/><F122/><W131/><G30/><T11/><D0/><U105/><E36/><V46/><F118/><W130/><G10/><T121/><D39/><U40/><E40/><V120/><F120/><W84/><G97/><T82/><D121/><U95/><E105/><V44/><F110/><N who="0" m="41994" /><D103/><U71/><E71/><V41/><F127/><N who="1" m="48649" /><E55/><V135/><F135/><W64/><G89/><T21/><D21/><U31/><E31/><V80/><F99/><W16/><G16/><N who="0" m="8255" /><D56/><U52/><E52/><V20/><F80/><N who="3" m="49159" /><G70/><T7/><D7/><N who="1" m="1279" /><E1/><V77/><F18/><W60/><G37/><T14/><D61/><N who="3" m="23657" /><G58/><T100/><D14/><U73/><E73/><V90/><F19/><W28/><G28/><T92/><D100/><AGARI ba="0,0" hai="15,17,23,76,78,95,98,100" m="1279,48649" machi="100" ten="30,3900,0" yaku="18,1,52,2" doraHai="75" who="1" fromWho="0" sc="193,-39,429,39,189,0,189,0" /><INIT seed="3,0,0,5,5,122" ten="154,468,189,189" oya="3" hai0="121,123,34,57,84,53,7,106,101,127,102,89,19" hai1="52,61,100,41,118,111,20,125,60,37,28,38,109" hai2="29,131,68,74,9,11,12,110,90,99,2,46,133" hai3="58,10,92,82,40,63,65,32,45,4,128,56,134"/><W62/><G32/><T95/><D34/><U55/><E118/><V71/><F74/><W59/><G128/><T26/><D7/><U77/><E100/><V103/><F29/><W66/><G134/><T96/><D127/><U21/><E77/><V35/><F35/><W116/><G116/><T64/><D64/><U16/><E41/><V76/><F76/><W81/><G92/><T72/><D72/><U36/><E125/><V117/><F117/><W87/><G59/><T73/><D73/><U49/><E28/><V14/><F2/><W115/><G87/><T1/><D1/><U43/><E43/><V67/><F90/><W27/><G27/><T104/><D26/><U5/><E21/><V0/><F0/><W18/><G18/><T98/><REACH who="0" step="1"/><D19/><REACH who="0" ten="144,468,189,189" step="2"/><U80/><E5/><V112/><F67/><W78/><G4/><T22/><D22/><U25/><E80/><V30/><F9/><W51/><G10/><T24/><D24/><U88/><E88/><V93/><F11/><W83/><G78/><T120/><D120/><U15/><E25/><V79/><F79/><W85/><G85/><T97/><D97/><U69/><E69/><V107/><F99/><W124/><G124/><T129/><D129/><U105/><E105/><V108/><F131/><W6/><G6/><T91/><D91/><U119/><E119/><V23/><F107/><W114/><AGARI ba="0,1" hai="40,45,51,56,58,62,63,65,66,81,82,83,114,115" machi="114" ten="30,3000,0" yaku="0,1,9,1" doraHai="122" who="3" fromWho="3" sc="144,-10,468,-10,189,-10,189,40" /><INIT seed="3,1,0,0,1,17" ten="134,458,179,229" oya="3" hai0="32,50,8,116,122,114,110,53,19,132,1,38,0" hai1="65,42,123,37,23,102,14,59,4,68,120,7,6" hai2="84,92,61,130,109,117,81,2,113,13,9,46,90" hai3="108,26,94,95,27,51,121,72,25,36,45,112,24"/><W77/><G36/><T10/><D38/><U31/><E102/><V74/><F113/><W125/><G112/><T106/><D106/><U44/><E68/><V128/><F117/><W11/><G121/><T12/><D122/><U79/><E79/><V18/><F109/><W83/><G108/><T118/><D110/><U103/><E103/><V70/><F2/><W85/><G125/><T127/><D114/><U3/><E3/><V98/><F74/><W135/><G135/><T78/><D32/><U75/><E75/><V67/><REACH who="2" step="1"/><F46/><REACH who="2" ten="134,458,169,229" step="2"/><W87/><G72/><T101/><D127/><U55/><E65/><V15/><F15/><W66/><G66/><T63/><D132/><U73/><E31/><V64/><F64/><W69/><G69/><T33/><D33/><U30/><E23/><V82/><F82/><W119/><G119/><T91/><D0/><U57/><E42/><V126/><F126/><W21/><G87/><T34/><D34/><U47/><E6/><V76/><AGARI ba="1,1" hai="9,13,18,61,67,70,76,81,84,90,92,98,128,130" machi="76" ten="30,2000,0" yaku="1,1,0,1,53,0" doraHai="17" doraHaiUra="39" who="2" fromWho="2" sc="134,-6,458,-6,169,33,229,-11" owari="128,-37.2,452,55.2,202,-19.8,218,1.8" /></mjloggm>