<mjloggm ver="2.3"><GO type="225" lobby="0"/><UN n0="%E5%A4%8F%E9%88%B4%E9%88%B4%E5%A4%8F" n1="%E5%B8%86%E7%AB%8B%E5%A4%8F%E8%A1%A3" n2="%45%6C%79%73%69%75%6D" n3="%E9%80%9F%E6%B0%B4%E5%87%9B%E9%A6%99" dan="16,17,18,16" rate="2124.75,2175.96,2166.10,2159.96" sx="M,M,F,F"/><TAIKYOKU oya="0"/><INIT seed="0,0,0,4,2,37" ten="250,250,250,250" oya="0" hai0="68,133,20,8,15,36,27,82,110,70,77,3,64" hai1="123,113,61,51,60,66,98,33,124,1,4,21,132" hai2="89,17,119,116,67,30,71,102,53,9,0,28,87" hai3="10,45,6,13,44,5,106,69,74,41,29,35,7"/><T65/><D3/><U14/><E123/><V95/><F53/><W101/><G69/><T117/><D117/><N who="2" m="45130" /><F102/><W94/><G74/><T92/><D36/><U19/><E124/><V48/><F48/><W115/><G106/><T130/><D130/><U134/><E113/><V84/><F84/><W26/><G115/><T75/><D133/><N who="1" m="51307" /><E33/><V99/><F99/><W80/><G80/><T120/><D120/><U56/><E98/><V131/><F131/><W112/><G112/><T114/><D114/><U86/><E86/><V25/><F25/><W12/><G45/><T23/><D64/><U129/><E129/><V52/><F52/><W81/><G81/><T59/><D59/><U38/><E38/><V104/><F104/><W62/><G62/><T54/><D54/><N who="1" m="31839" /><E66/><V24/><F67/><W55/><G55/><T135/><D135/><U18/><E18/><V58/><F58/><W50/><G101/><T97/><D65/><U32/><E32/><V122/><F71/><W72/><G72/><T103/><D68/><U105/><E105/><V40/><F122/><W96/><G96/><T128/><D70/><U31/><E31/><V22/><F28/><W88/><G94/><T78/><D128/><U111/><E111/><V2/><F17/><W83/><G83/><N who="0" m="45503" /><D110/><U63/><E63/><V47/><F30/><W39/><G39/><T125/><D125/><U42/><E42/><V85/><F40/><W127/><G127/><T79/><D82/><U57/><E57/><V46/><F95/><W16/><G88/><T107/><D107/><U100/><E100/><V11/><F89/><RYUUKYOKU ba="0,0" sc="250,-15,250,15,250,-15,250,15" hai1="1,4,14,19,21,60,61" hai3="5,6,7,10,12,13,16,26,29,35,41,44,50" /><INIT seed="1,1,0,1,5,107" ten="235,265,235,265" oya="1" hai0="7,31,34,3,20,116,49,101,71,40,53,2,72" hai1="119,115,58,95,28,74,61,83,52,12,78,117,36" hai2="120,125,87,16,100,22,112,50,6,57,38,103,96" hai3="105,60,27,47,124,55,46,88,82,98,135,122,73"/><U99/><E115/><V126/><F38/><W51/><G122/><T68/><D116/><U13/><E36/><V23/><F120/><W37/><G135/><T90/><D34/><U63/><E28/><V48/><F6/><W109/><G124/><N who="2" m="47721" /><F112/><W15/><G109/><T62/><D40/><U33/><E33/><V85/><F23/><W129/><G129/><T92/><D101/><N who="2" m="38986" /><F96/><W106/><G60/><T77/><D20/><U97/><E97/><V130/><F130/><W59/><G47/><T108/><D31/><U123/><E123/><V111/><F111/><W11/><G27/><T41/><D41/><U70/><E119/><V9/><F9/><W104/><G37/><T1/><D7/><U18/><E117/><V39/><F39/><W21/><G21/><T114/><D62/><U44/><E44/><V94/><F94/><W118/><G118/><T24/><D24/><U76/><E76/><V17/><F57/><W19/><G59/><T81/><D108/><U113/><E113/><V127/><F127/><W86/><G98/><T93/><D114/><U45/><E45/><V32/><F32/><W133/><G133/><T134/><D134/><U42/><E42/><V84/><F22/><W0/><G0/><T79/><D79/><U29/><E29/><V69/><F69/><N who="0" m="26698" /><D90/><N who="1" m="55799" /><E18/><AGARI ba="1,0" hai="16,17,18,48,50,84,85,87" m="38986,47721" machi="18" ten="40,8000,1" yaku="28,2,18,1,54,1" doraHai="107" who="2" fromWho="1" sc="235,0,265,-83,235,83,265,0" /><INIT seed="2,0,0,4,4,11" ten="235,182,318,265" oya="2" hai0="3,93,110,33,123,62,9,42,108,67,76,1,58" hai1="116,61,86,98,112,6,19,25,103,88,16,125,131" hai2="0,20,101,47,34,114,66,29,35,28,130,32,102" hai3="72,60,40,22,82,37,44,71,100,95,74,52,73"/><V65/><F0/><W70/><G82/><T107/><D107/><U119/><E112/><V53/><F20/><W36/><G36/><T129/><D123/><U78/><E125/><V49/><F130/><W126/><G126/><T45/><D129/><U17/><E131/><V121/><F121/><W51/><G22/><T27/><D76/><U38/><E38/><V104/><F104/><W24/><G24/><T41/><D93/><N who="1" m="58831" /><E119/><V111/><F111/><N who="0" m="42538" /><D9/><U135/><E135/><V30/><F114/><W87/><G60/><T99/><D99/><U84/><E116/><V54/><F49/><W91/><REACH who="3" step="1"/><G100/><REACH who="3" ten="235,182,318,255" step="2"/><N who="2" m="38505" /><F47/><AGARI ba="0,1" hai="37,40,44,47,51,52,70,71,72,73,74,87,91,95" machi="47" ten="40,2600,0" yaku="1,1,54,1,53,0" doraHai="11" doraHaiUra="115" who="3" fromWho="2" sc="235,0,182,0,318,-26,255,36" /><INIT seed="3,0,0,4,4,128" ten="235,182,292,291" oya="3" hai0="93,95,8,134,98,85,132,122,115,60,92,72,4" hai1="126,20,84,13,40,99,79,90,31,64,35,70,125" hai2="19,108,54,67,50,36,68,16,121,37,58,11,65" hai3="96,26,86,94,3,23,76,62,116,17,110,21,105"/><W43/><G3/><T0/><D72/><U117/><E35/><V5/><F121/><W66/><G116/><T135/><D122/><U1/><E1/><V34/><F34/><W101/><G110/><T46/><D115/><U52/><E40/><V89/><F108/><W131/><G131/><T71/><D85/><U123/><E123/><V112/><F112/><W87/><G43/><T57/><D46/><U2/><E2/><V53/><F37/><W15/><G105/><T120/><D120/><U48/><E117/><V41/><F54/><W27/><G76/><T113/><D113/><U18/><E31/><V77/><F89/><W130/><G130/><T56/><D98/><U88/><E70/><V69/><F69/><W75/><G75/><T6/><D6/><U97/><E64/><AGARI ba="0,0" hai="0,4,8,56,57,60,64,71,92,93,95,132,134,135" machi="64" ten="50,8000,1" yaku="20,1,52,3" doraHai="128" who="0" fromWho="1" sc="235,80,182,-80,292,0,291,0" owari="315,41.5,102,-39.8,292,9.2,291,-10.9" /></mjloggm>