<mjloggm ver="2.3"><GO type="225" lobby="0"/><UN n0="%6D%75%75%6D%75%72%61" n1="%E3%81%AF%E3%82%88%E3%81%8A%E3%81%98%E3%81%95%E3%82%93" n2="%E3%81%82%E3%81%84%E3%81%82%E3%81%8A%E3%81%84" n3="%E6%98%93%E5%88%A9%E8%96%A9%E4%BC%AF" dan="16,16,18,16" rate="2160.63,2097.46,2216.68,2152.71" sx="F,M,M,F"/><TAIKYOKU oya="0"/><INIT seed="0,0,0,5,2,59" ten="250,250,250,250" oya="0" hai0="110,107,80,119,133,85,121,82,78,70,0,26,122" hai1="13,72,88,33,105,79,87,69,101,129,126,99,63" hai2="56,135,64,84,47,117,109,17,51,134,16,14,115" hai3="20,86,58,128,21,127,111,123,81,50,73,103,94"/><T97/><D70/><U32/><E126/><V93/><F115/><W89/><G111/><T11/><D119/><U98/><E129/><V130/><F109/><W34/><G34/><T100/><D110/><U76/><E99/><V25/><F130/><W71/><G71/><T7/><D133/><N who="2" m="50698" /><F117/><W36/><G36/><T12/><D0/><U67/><E13/><V44/><F25/><W41/><G127/><T19/><D7/><U104/><E105/><V77/><F17/><W90/><G123/><T8/><D8/><U113/><E113/><V61/><F51/><W68/><G68/><T95/><D26/><U124/><E124/><V120/><F120/><W42/><G103/><T24/><D24/><U92/><E76/><V132/><N who="2" m="50706" /><V10/><DORA hai="9" /><F93/><W106/><G106/><T40/><D40/><U45/><E45/><V27/><F27/><W54/><G128/><T83/><D83/><AGARI ba="0,0" hai="32,33,63,67,69,72,79,83,87,88,92,98,101,104" machi="83" ten="40,8000,1" yaku="24,2,52,1,54,1" doraHai="59,9" who="1" fromWho="0" sc="250,-80,250,80,250,0,250,0" /><AGARI ba="0,0" hai="10,14,16,44,47,56,61,64,77,83,84" m="50706" machi="83" ten="40,8000,1" yaku="20,1,52,2,54,1" doraHai="59,9" who="2" fromWho="0" sc="170,-80,330,0,250,80,250,0" /><INIT seed="1,0,0,4,4,123" ten="90,330,330,250" oya="1" hai0="79,77,42,28,37,26,6,68,25,61,67,62,127" hai1="108,98,71,116,81,11,54,55,124,72,114,17,1" hai2="45,122,91,9,3,88,99,107,118,0,92,23,74" hai3="97,47,29,87,121,4,95,70,49,57,100,103,132"/><U59/><E114/><V80/><F122/><W86/><G70/><T13/><D127/><U125/><E116/><V51/><F118/><W96/><G121/><T90/><D37/><U20/><E71/><V75/><F107/><W53/><G132/><T12/><D42/><U56/><E98/><V7/><F0/><W8/><G29/><T113/><D113/><U133/><E133/><V130/><F130/><W36/><G36/><T21/><D62/><U60/><E108/><V94/><F23/><W69/><G69/><T82/><D26/><U106/><E106/><V135/><F80/><W32/><G32/><T119/><D119/><U89/><E11/><V52/><F135/><W16/><G47/><T38/><D38/><U84/><E72/><V10/><F9/><W44/><G44/><T40/><D40/><U2/><E125/><V34/><F34/><W66/><G66/><T19/><D90/><U101/><E101/><V111/><F111/><W104/><REACH who="3" step="1"/><G16/><REACH who="3" ten="90,330,330,240" step="2"/><T22/><REACH who="0" step="1"/><D82/><REACH who="0" ten="80,330,330,240" step="2"/><U15/><REACH who="1" step="1"/><E124/><REACH who="1" ten="80,320,330,240" step="2"/><V41/><F41/><W78/><G78/><T63/><D63/><AGARI ba="0,3" hai="1,2,15,17,20,54,55,56,59,60,63,81,84,89" machi="63" ten="30,11600,0" yaku="1,1,2,1,7,1,9,1,53,0" doraHai="123" doraHaiUra="131" who="1" fromWho="0" sc="80,-116,320,146,330,0,240,0" owari="-36,-53.6,466,56.6,330,13.0,240,-16.0" /></mjloggm>