<mjloggm ver="2.3"><GO type="225" lobby="0"/><UN n0="%E3%81%AF%E3%82%88%E3%81%8A%E3%81%98%E3%81%95%E3%82%93" n1="%E3%83%B4%E3%83%A0%EF%BC%99%E3%81%A6" n2="%54%4F%52" n3="%E3%83%A1%E3%82%AC%E3%83%87%E3%82%B8" dan="16,17,17,16" rate="2173.70,2198.47,2240.53,2101.94" sx="M,M,M,F"/><TAIKYOKU oya="0"/><INIT seed="0,0,0,2,3,2" ten="250,250,250,250" oya="0" hai0="111,86,66,121,62,55,57,31,93,0,134,28,43" hai1="39,24,51,127,125,97,58,32,14,67,5,112,87" hai2="37,90,18,13,98,26,10,34,47,65,40,85,91" hai3="33,119,113,17,124,25,30,12,128,94,135,54,107"/><T38/><D121/><U129/><E39/><V92/><F65/><W68/><G107/><T73/><D73/><U120/><E120/><V79/><F79/><W23/><G113/><T19/><D134/><U104/><E112/><V61/><F61/><W130/><G68/><T42/><D0/><U22/><E129/><N who="3" m="49770" /><G135/><T100/><D111/><U52/><E67/><V116/><F116/><W108/><G119/><T83/><D38/><U11/><E32/><V103/><F26/><W45/><G108/><T64/><D19/><U89/><E104/><V122/><F34/><W88/><G124/><T96/><D66/><U80/><REACH who="1" step="1"/><E97/><REACH who="1" ten="250,240,250,250" step="2"/><V7/><F122/><W74/><G74/><T110/><D64/><U16/><AGARI ba="0,1" hai="5,11,14,16,22,24,51,52,58,80,87,89,125,127" machi="16" ten="30,12000,2" yaku="1,1,2,1,0,1,52,1,54,2,53,0" doraHai="2" doraHaiUra="70" who="1" fromWho="1" sc="250,-60,240,130,250,-30,250,-30" /><INIT seed="1,0,0,4,4,118" ten="190,370,220,220" oya="1" hai0="1,47,51,93,21,103,62,125,18,29,42,120,110" hai1="12,76,79,107,111,54,2,34,130,31,132,108,49" hai2="96,20,48,90,64,11,7,81,37,19,41,119,77" hai3="44,33,70,43,57,129,60,109,99,32,86,72,134"/><U8/><E2/><V106/><F119/><W78/><G70/><T69/><D1/><U104/><E130/><V66/><F37/><W14/><G129/><T71/><D110/><N who="1" m="42027" /><E132/><V114/><F114/><W15/><G72/><T98/><D125/><U102/><E31/><V73/><F41/><W24/><G134/><T123/><D29/><U27/><E27/><V117/><F117/><W50/><G24/><T84/><D84/><U75/><E34/><V9/><F48/><W61/><G61/><T116/><D116/><U101/><E101/><V67/><F7/><W58/><G58/><T87/><D87/><U22/><E22/><V89/><F89/><W38/><G38/><T10/><D10/><U124/><E124/><V16/><F19/><W85/><G109/><T128/><D128/><U46/><E102/><V36/><F36/><W105/><G33/><T126/><D126/><U112/><E112/><V74/><F74/><W68/><G68/><T88/><D103/><U17/><E75/><V82/><F106/><AGARI ba="0,0" hai="8,12,17,46,49,54,76,79,104,106,107" m="42027" machi="106" ten="30,2900,0" yaku="14,1,10,1" doraHai="118" who="1" fromWho="2" sc="190,0,370,29,220,-29,220,0" /><INIT seed="1,1,0,2,5,95" ten="190,399,191,220" oya="1" hai0="111,34,4,92,74,93,86,17,51,124,35,104,43" hai1="72,64,38,59,109,108,16,98,26,10,117,52,37" hai2="88,106,29,7,47,53,60,6,71,54,33,56,50" hai3="134,40,13,135,132,121,99,3,62,36,9,31,48"/><U14/><E72/><V19/><F106/><W77/><G121/><T97/><D74/><U80/><E117/><V5/><F71/><W68/><G3/><T28/><D111/><N who="1" m="42571" /><E64/><V123/><F123/><W75/><G36/><T12/><D124/><U18/><E80/><V73/><F73/><W126/><G126/><T42/><D4/><U66/><E66/><V110/><F110/><W90/><G31/><T96/><D104/><U105/><E26/><V70/><F70/><W22/><G22/><T91/><D28/><U57/><E18/><V49/><F29/><W133/><G133/><T82/><D35/><U58/><E52/><N who="2" m="33799" /><F33/><W63/><G68/><T83/><D34/><U84/><E84/><V20/><F88/><W24/><G24/><T131/><D131/><U125/><E125/><V44/><F5/><N who="3" m="3247" /><G77/><N who="0" m="46415" /><D51/><U89/><E89/><V46/><F47/><N who="3" m="25703" /><G75/><T30/><D83/><U129/><E129/><V15/><AGARI ba="1,0" hai="6,7,15,19,20,44,46,49,50,53,54" m="33799" machi="15" ten="30,2000,0" yaku="8,1,54,1" doraHai="95" who="2" fromWho="2" sc="190,-6,399,-11,191,23,220,-6" /><INIT seed="2,0,0,2,3,89" ten="184,388,214,214" oya="2" hai0="67,72,93,78,28,117,81,73,5,19,129,102,108" hai1="77,38,7,49,125,80,14,99,17,113,133,61,53" hai2="58,121,47,24,26,33,55,95,86,23,79,13,21" hai3="85,59,123,98,15,2,20,25,12,90,69,112,42"/><V6/><F121/><W114/><G69/><T135/><D72/><U101/><E38/><V66/><F33/><W124/><G123/><T56/><D108/><U71/><E113/><N who="3" m="43626" /><G2/><T54/><D129/><U41/><E7/><V110/><F110/><W100/><G42/><T105/><D105/><U29/><E29/><V94/><F66/><W1/><G59/><T46/><D135/><U119/><E119/><V50/><F6/><W103/><G1/><T111/><D111/><U104/><E125/><V126/><F126/><W51/><G51/><T57/><D117/><U43/><E61/><V11/><F11/><W134/><G134/><T120/><D120/><U68/><E68/><V36/><F36/><W34/><G34/><T44/><D28/><U76/><E76/><V122/><F122/><W62/><G62/><N who="0" m="38343" /><D19/><U16/><E71/><V52/><F13/><N who="3" m="5195" /><G98/><N who="0" m="59727" /><D5/><U92/><E17/><V130/><F130/><W70/><G70/><T9/><D9/><U37/><E37/><V75/><F75/><W115/><G124/><T35/><D35/><U83/><E133/><V0/><F0/><W131/><G131/><T40/><D40/><U96/><E43/><V48/><F24/><W45/><G115/><T32/><D32/><U31/><E41/><V10/><F10/><W97/><G25/><T18/><D18/><U4/><E4/><V84/><F26/><W8/><G8/><T127/><D127/><U88/><E31/><V27/><F27/><W30/><G30/><T128/><D128/><U3/><E3/><V74/><F74/><W106/><G106/><T109/><D109/><RYUUKYOKU ba="0,0" sc="184,30,388,-10,214,-10,214,-10" hai0="44,46,54,57,73,78,81" /><INIT seed="3,1,0,1,0,130" ten="214,378,204,204" oya="3" hai0="15,69,14,132,89,120,59,134,10,96,129,92,77" hai1="94,98,127,44,105,21,114,28,37,82,51,81,34" hai2="47,22,65,95,12,119,74,45,83,113,99,70,100" hai3="18,123,61,52,106,58,27,118,66,88,2,76,26"/><W131/><G118/><T30/><D69/><U102/><E34/><V39/><F119/><W54/><G123/><T133/><D120/><U50/><E114/><V25/><F113/><W53/><G2/><T110/><D129/><U3/><E3/><V80/><F70/><W112/><G131/><T5/><D110/><U122/><E122/><V108/><F108/><W36/><G106/><T29/><D77/><U71/><E71/><V93/><F74/><W121/><G121/><T101/><D59/><U46/><E105/><V72/><F72/><W62/><G36/><T23/><D89/><U11/><E11/><V67/><F39/><W111/><G111/><T109/><D109/><U17/><E28/><N who="0" m="10857" /><D23/><U90/><E127/><V115/><F115/><W91/><G112/><T64/><D64/><N who="2" m="24650" /><F12/><AGARI ba="1,0" hai="5,10,12,14,15,92,96,101,132,133,134" m="10857" machi="12" ten="40,8000,1" yaku="20,1,52,3" doraHai="130" who="0" fromWho="2" sc="214,83,378,0,204,-83,204,0" owari="297,9.7,378,47.8,121,-37.9,204,-19.6" /></mjloggm>