<mjloggm ver="2.3"><GO type="225" lobby="0"/><UN n0="%E3%81%BE%E3%81%A8%E3%81%9F" n1="%6B%79%6F%6E%6B%6F%31%31" n2="%E6%98%93%E5%88%A9%E8%96%A9%E4%BC%AF" n3="%E3%82%B2%E3%82%B9%E8%8C%82%E5%8B%9D" dan="16,16,16,16" rate="2140.79,2157.12,2072.93,2092.82" sx="M,M,F,F"/><TAIKYOKU oya="0"/><INIT seed="0,0,0,2,1,73" ten="250,250,250,250" oya="0" hai0="95,16,8,33,79,23,132,46,36,12,102,2,19" hai1="28,61,97,120,113,39,0,77,62,66,56,71,15" hai2="5,68,87,26,18,11,89,9,85,92,118,83,69" hai3="32,21,84,129,93,22,4,86,101,131,103,119,54"/><T117/><D117/><U80/><E120/><V98/><F118/><W51/><G4/><T48/><D33/><U14/><E0/><V116/><F87/><W7/><G7/><T13/><D132/><U37/><E113/><V126/><F126/><W17/><G32/><T125/><D36/><U50/><E28/><V29/><F18/><W134/><G119/><T106/><D106/><U114/><E114/><V44/><F44/><W47/><G134/><T41/><D2/><U43/><E50/><V130/><F130/><N who="3" m="49675" /><G22/><T74/><D125/><U115/><E97/><V67/><F67/><W108/><G108/><T128/><D128/><U111/><E111/><V110/><F11/><W49/><G49/><T78/><D74/><U100/><E100/><N who="3" m="38474" /><G93/><T76/><D102/><U63/><E63/><V122/><F122/><W96/><G96/><T1/><D1/><U38/><E43/><V25/><F25/><AGARI ba="0,0" hai="17,21,25,47,51,54,84,86" m="38474,49675" machi="25" ten="30,1000,0" yaku="19,1" doraHai="73" who="3" fromWho="2" sc="250,0,250,0,250,-10,250,10" /><INIT seed="1,0,0,4,2,57" ten="250,250,240,260" oya="1" hai0="2,106,107,124,99,15,59,95,49,56,109,74,14" hai1="67,22,103,104,135,46,90,82,51,121,6,27,119" hai2="25,31,110,45,12,105,134,33,77,32,84,30,130" hai3="55,41,71,62,70,92,108,69,117,111,13,4,16"/><U36/><E119/><V101/><F110/><N who="3" m="42027" /><G117/><T116/><D74/><U65/><E121/><V8/><F134/><W37/><G4/><T44/><D2/><U85/><E36/><V18/><F130/><W38/><G92/><T100/><D109/><U122/><E122/><V39/><F105/><W23/><G41/><T40/><D124/><U93/><E104/><V5/><F101/><W28/><G28/><T81/><D81/><U120/><E6/><V125/><F125/><W26/><G26/><T42/><D42/><U64/><E135/><V76/><F39/><N who="3" m="14859" /><G55/><T133/><D133/><U53/><E120/><V115/><F115/><W128/><G128/><T21/><D14/><U132/><E132/><V63/><F31/><W0/><G0/><T113/><D113/><U78/><E103/><V54/><F33/><W50/><G50/><T97/><D116/><U80/><REACH who="1" step="1"/><E78/><REACH who="1" ten="250,240,240,260" step="2"/><V87/><F5/><W7/><G7/><T10/><D107/><U102/><E102/><V118/><F118/><W86/><G86/><T94/><D106/><U20/><E20/><V29/><F84/><W73/><G73/><T9/><D21/><U60/><E60/><AGARI ba="0,1" hai="13,16,23,60,62,69,70,71" m="14859,42027" machi="60" ten="40,8000,1" yaku="14,1,52,2,54,1" doraHai="57" who="3" fromWho="1" sc="250,0,240,-80,240,0,260,90" /><INIT seed="2,0,0,1,4,33" ten="250,160,240,350" oya="2" hai0="51,52,119,74,126,9,80,130,97,112,22,27,83" hai1="89,49,55,14,36,93,46,114,58,79,54,24,64" hai2="56,105,125,102,118,61,88,18,45,59,60,23,40" hai3="26,73,34,98,10,30,68,75,44,28,0,92,69"/><V8/><F118/><W1/><G44/><T2/><D112/><U133/><E133/><V113/><F113/><W15/><G28/><T77/><D130/><U128/><E128/><V5/><F125/><W37/><G37/><T108/><D108/><U13/><E114/><V132/><F132/><W63/><G75/><T82/><D119/><U100/><E79/><V65/><F102/><W42/><G42/><T21/><D21/><U38/><E100/><V35/><F105/><W70/><G73/><T4/><D97/><U111/><E111/><V39/><F35/><W32/><G63/><T57/><D126/><U131/><E131/><V3/><F88/><W29/><G29/><AGARI ba="0,0" hai="2,4,9,22,27,29,51,52,57,74,77,80,82,83" machi="29" ten="30,3900,0" yaku="7,1,52,1,54,1" doraHai="33" who="0" fromWho="3" sc="250,39,160,0,240,0,350,-39" /><INIT seed="3,0,0,4,1,73" ten="289,160,240,311" oya="3" hai0="61,33,114,5,130,1,68,85,101,35,77,0,43" hai1="28,81,67,39,116,31,41,108,122,23,36,110,65" hai2="95,86,38,24,2,118,56,113,71,90,18,32,46" hai3="106,69,51,111,55,79,47,99,126,100,57,62,78"/><W64/><G126/><T134/><D101/><U128/><E23/><V12/><F113/><W6/><G111/><N who="1" m="42538" /><E41/><V50/><F118/><W123/><G123/><T42/><D130/><U40/><E40/><V13/><F71/><W11/><G69/><T88/><D42/><U30/><E81/><V74/><F74/><W9/><G9/><T89/><D43/><U19/><E19/><V70/><F70/><W14/><AGARI ba="0,0" hai="6,11,14,47,51,55,57,62,64,78,79,99,100,106" machi="14" ten="20,7800,0" yaku="0,1,7,1,52,2" doraHai="73" who="3" fromWho="3" sc="289,-26,160,-26,240,-26,311,78" owari="263,6.3,134,-36.6,214,-18.6,389,48.9" /></mjloggm>