<mjloggm ver="2.3"><GO type="225" lobby="0"/><UN n0="%E5%B8%86%E7%AB%8B%E5%A4%8F%E8%A1%A3" n1="%E3%81%AF%E3%82%88%E3%81%8A%E3%81%98%E3%81%95%E3%82%93" n2="%72%69%6F%75%63%68%61%6E" n3="%41%54%53%4D" dan="17,16,17,16" rate="2151.41,2161.63,2280.81,2087.59" sx="M,M,M,M"/><TAIKYOKU oya="0"/><INIT seed="0,0,0,0,4,120" ten="250,250,250,250" oya="0" hai0="12,110,32,133,98,51,121,10,86,48,59,69,37" hai1="101,106,90,113,18,116,6,125,42,66,40,14,38" hai2="23,131,60,134,65,53,130,74,129,94,128,47,46" hai3="96,45,20,50,85,132,31,117,80,112,25,26,15"/><T19/><D133/><U83/><E116/><V78/><F134/><W39/><G132/><T102/><D121/><U3/><E125/><V75/><F94/><W82/><G39/><T115/><D115/><U72/><E113/><V104/><F104/><W68/><G117/><T34/><D69/><U63/><E38/><V56/><N who="2" m="32768" /><DORA hai="95" /><V89/><F89/><W1/><G1/><T29/><D37/><U44/><E44/><V30/><F78/><W79/><G68/><T4/><D110/><U11/><E101/><V8/><F8/><W76/><G112/><T103/><D103/><U77/><E90/><V22/><F46/><W21/><G96/><T124/><D124/><U9/><REACH who="1" step="1"/><E106/><REACH who="1" ten="250,240,250,250" step="2"/><V57/><F47/><W100/><G100/><T123/><D123/><U111/><E111/><V71/><F71/><AGARI ba="0,1" hai="3,6,9,11,14,18,40,42,63,66,71,72,77,83" machi="71" ten="30,2000,0" yaku="1,1,7,1,53,0" doraHai="120,95" doraHaiUra="81,52" who="1" fromWho="2" sc="250,0,240,30,250,-20,250,0" /><INIT seed="1,0,0,5,1,106" ten="250,270,230,250" oya="1" hai0="84,43,40,30,83,60,32,135,54,34,47,11,74" hai1="53,115,86,89,61,2,99,4,133,41,119,20,110" hai2="63,118,92,132,48,91,17,12,81,24,45,96,49" hai3="16,76,68,94,66,42,71,21,113,8,6,129,120"/><U102/><E115/><V19/><F132/><W82/><G120/><T114/><D114/><U52/><E119/><V111/><F111/><W62/><G129/><T72/><D135/><U50/><E133/><V100/><F118/><W105/><G105/><T14/><D60/><U0/><E110/><V7/><F63/><W108/><G108/><T112/><D54/><U90/><E20/><V131/><F131/><W27/><G94/><T1/><D1/><U67/><E41/><V75/><F7/><W126/><G126/><T117/><D43/><U5/><E0/><V103/><F24/><W79/><G42/><T22/><D22/><U58/><E2/><V33/><F33/><W87/><G113/><T38/><D112/><U46/><E53/><V18/><F12/><W97/><G97/><T37/><D37/><U69/><E69/><V124/><F124/><W23/><G23/><T134/><D134/><U98/><E89/><V107/><F45/><W125/><G125/><T10/><D10/><U59/><E46/><V25/><F25/><W35/><G35/><T123/><D123/><U80/><REACH who="1" step="1"/><E98/><REACH who="1" ten="250,260,230,250" step="2"/><V116/><F116/><W104/><G71/><T101/><D117/><U130/><E130/><V64/><F64/><W28/><G28/><T93/><D30/><U95/><AGARI ba="0,1" hai="4,5,50,52,58,59,61,67,80,86,90,95,99,102" machi="95" ten="20,12000,1" yaku="1,1,0,1,7,1,8,1,54,1,53,0" doraHai="106" doraHaiUra="29" who="1" fromWho="1" sc="250,-40,260,130,230,-40,250,-40" /><INIT seed="1,1,0,0,4,116" ten="210,390,190,210" oya="1" hai0="125,78,47,39,105,31,83,25,37,33,96,75,102" hai1="108,67,23,17,6,119,99,115,126,36,111,56,86" hai2="97,58,87,128,130,52,70,118,50,104,91,8,88" hai3="42,24,82,12,94,80,59,19,95,54,45,76,44"/><U49/><E119/><V103/><F118/><W84/><G24/><T113/><D113/><U77/><E115/><V81/><F70/><W5/><G82/><T79/><D125/><U26/><E36/><V65/><F65/><W2/><G2/><T3/><D79/><U107/><E126/><V110/><F110/><N who="1" m="42025" /><E6/><V57/><F58/><W9/><G19/><T109/><D109/><U131/><E131/><N who="2" m="50219" /><F8/><W13/><G13/><T35/><D35/><U61/><E49/><V133/><F133/><W71/><G71/><T63/><D3/><U27/><E27/><V11/><F11/><W66/><G66/><T4/><D4/><U14/><E26/><V134/><F134/><W98/><G98/><T32/><D32/><U43/><E43/><V46/><F46/><W1/><G1/><T22/><D22/><U100/><E86/><V16/><F16/><W68/><G68/><T92/><D63/><U38/><E38/><V48/><F91/><W85/><G85/><T62/><D62/><AGARI ba="1,0" hai="48,50,52,57,62,81,87,88,97,103,104" m="50219" machi="62" ten="30,3900,0" yaku="19,1,54,2" doraHai="116" who="2" fromWho="0" sc="210,-42,390,0,190,42,210,0" /><INIT seed="2,0,0,5,5,74" ten="168,390,232,210" oya="2" hai0="59,41,11,60,69,54,127,13,24,124,84,104,21" hai1="38,66,16,86,97,81,73,20,120,88,71,50,39" hai2="111,62,68,6,133,103,1,87,135,36,33,15,83" hai3="132,48,7,46,56,115,99,22,89,26,82,80,90"/><V130/><F130/><W114/><G132/><T118/><D104/><U70/><E120/><V23/><F33/><W29/><G56/><T109/><D109/><U18/><E73/><V27/><F1/><W34/><G34/><T108/><D108/><U129/><E129/><V35/><F111/><W8/><G99/><T53/><D118/><U126/><E126/><V65/><F36/><W128/><G128/><T100/><D100/><U64/><E71/><V57/><F103/><W44/><G44/><T52/><D69/><U106/><E70/><V116/><F116/><W42/><G82/><T122/><D122/><U17/><E106/><V131/><F131/><W125/><G125/><T96/><D96/><U40/><E38/><V2/><F2/><W49/><G49/><T45/><D127/><U113/><E113/><V75/><F75/><W28/><G28/><T61/><D124/><U79/><E20/><V107/><F107/><W9/><G9/><T105/><D105/><U63/><E63/><V93/><F93/><W5/><G5/><T95/><D60/><U121/><E39/><V91/><F35/><W101/><G101/><T98/><D98/><U43/><E121/><V76/><F68/><W30/><G30/><N who="0" m="17679" /><D45/><N who="1" m="25895" /><E43/><V78/><F135/><W123/><G123/><T102/><D41/><U112/><E112/><N who="3" m="43050" /><G80/><T92/><D102/><U58/><E58/><V31/><F133/><W32/><G32/><T47/><D47/><U110/><E110/><V14/><F6/><W4/><G7/><N who="0" m="3327" /><D95/><AGARI ba="0,0" hai="16,17,18,64,66,79,81,86,88,95,97" m="25895" machi="95" ten="30,7700,0" yaku="8,1,52,1,54,2" doraHai="74" who="1" fromWho="0" sc="168,-77,390,77,232,0,210,0" /><INIT seed="3,0,0,2,0,21" ten="91,467,232,210" oya="3" hai0="52,11,111,57,133,37,110,115,2,35,23,85,7" hai1="135,60,47,95,38,0,6,119,109,43,120,18,73" hai2="131,15,45,84,113,108,8,14,49,103,101,74,126" hai3="67,72,59,26,92,87,86,124,96,104,19,50,132"/><W12/><G72/><T34/><D37/><U24/><E120/><V69/><F113/><W129/><G104/><T3/><D115/><U76/><E109/><N who="0" m="41481" /><D85/><U51/><E135/><V33/><F126/><W89/><G129/><T58/><D52/><U83/><E119/><V107/><F131/><W93/><G132/><T97/><D57/><U54/><E95/><V118/><F33/><N who="0" m="12298" /><D58/><U17/><E24/><V77/><F84/><W61/><G124/><T16/><D97/><U127/><E60/><V22/><F74/><W106/><G106/><T5/><D133/><U62/><E62/><V27/><F107/><W64/><G64/><T46/><D46/><N who="1" m="28023" /><E127/><V39/><F45/><W112/><G112/><T114/><D114/><U29/><E29/><V31/><F31/><W65/><G65/><T66/><D66/><U94/><E94/><V32/><F77/><W102/><G50/><T81/><D81/><U10/><AGARI ba="0,0" hai="0,6,10,17,18,38,43,47,73,76,83" m="28023" machi="10" ten="30,1100,0" yaku="25,1" doraHai="21" who="1" fromWho="1" sc="91,-3,467,11,232,-3,210,-5" owari="88,-41.2,478,57.8,229,2.9,205,-19.5" /></mjloggm>