<mjloggm ver="2.3"><GO type="225" lobby="0"/><UN n0="%E3%81%BF%E3%81%BF%E3%81%9A" n1="%E3%82%BC%E3%83%AB%E3%83%80%E3%81%AE%E4%BC%9D%E8%AA%AC" n2="%72%69%6F%75%63%68%61%6E" n3="%E5%A4%8F%E9%88%B4%E9%88%B4%E5%A4%8F" dan="16,17,16,16" rate="2136.53,2163.59,2165.48,2129.97" sx="M,M,M,M"/><TAIKYOKU oya="0"/><INIT seed="0,0,0,0,0,123" ten="250,250,250,250" oya="0" hai0="96,13,48,134,98,90,47,68,111,64,106,4,131" hai1="110,104,21,115,32,77,79,117,24,50,82,86,101" hai2="119,62,23,122,81,39,67,66,65,28,20,92,129" hai3="128,113,46,37,12,36,109,44,114,83,0,116,42"/><T1/><D134/><U107/><E117/><V103/><F122/><W61/><G0/><T25/><D131/><U63/><E115/><V56/><F129/><W5/><G128/><T78/><D1/><U69/><E110/><V19/><F119/><W43/><G116/><T88/><D78/><U30/><E50/><V76/><F39/><W54/><G83/><T7/><D25/><U3/><E3/><V95/><F28/><W70/><G5/><T33/><D33/><U84/><E21/><V6/><F6/><W87/><G87/><N who="1" m="33322" /><E82/><V80/><F20/><W51/><G12/><T53/><D111/><U118/><E107/><V132/><F132/><W120/><G120/><T127/><D127/><U10/><E10/><V59/><F59/><N who="3" m="33247" /><G109/><T34/><D34/><U22/><E22/><V126/><F126/><W124/><G124/><T125/><D125/><U133/><E133/><V75/><F81/><W112/><G112/><T135/><D135/><U2/><E2/><V57/><F103/><W49/><G49/><T55/><D106/><U14/><E14/><V16/><F19/><W8/><G8/><N who="0" m="4231" /><D7/><U85/><E85/><N who="2" m="48263" /><F56/><W18/><G18/><T93/><D48/><U35/><E35/><V15/><F75/><W17/><G17/><T102/><D47/><U38/><E38/><V89/><F89/><N who="0" m="34410" /><D96/><N who="1" m="61479" /><E118/><V72/><F72/><W60/><G70/><T40/><D40/><U121/><E121/><V94/><AGARI ba="0,0" hai="15,16,23,57,62,65,66,67,92,94,95" m="48263" machi="94" ten="30,2000,0" yaku="8,1,54,1" doraHai="123" who="2" fromWho="2" sc="250,-10,250,-5,250,20,250,-5" /><INIT seed="1,0,0,1,2,85" ten="240,245,270,245" oya="1" hai0="78,83,60,64,49,77,98,69,89,86,43,119,125" hai1="100,9,12,35,130,14,82,25,40,112,117,45,1" hai2="63,48,54,29,66,105,42,28,19,30,37,32,56" hai3="55,79,99,13,20,134,121,111,70,6,5,65,27"/><U101/><E112/><V102/><F19/><W39/><G39/><T68/><D119/><U58/><E117/><V23/><F23/><W132/><G121/><T129/><D125/><U97/><E130/><V36/><F32/><W3/><G3/><T88/><D129/><U92/><E1/><V108/><F108/><W17/><G79/><T61/><D49/><U127/><E127/><V93/><F105/><W15/><G55/><T133/><D43/><U71/><E71/><V90/><F102/><W124/><G124/><T107/><D133/><N who="3" m="51305" /><G111/><T131/><D131/><U103/><E58/><V26/><F42/><W95/><G65/><T75/><D75/><U51/><E82/><V4/><F4/><N who="3" m="1643" /><G70/><T104/><D77/><U73/><E73/><V122/><F26/><W126/><G126/><T57/><D69/><U135/><E135/><V52/><F122/><W2/><G2/><T109/><D109/><U24/><E12/><V10/><F10/><W0/><G0/><T11/><D11/><U7/><E35/><V62/><F54/><W21/><G20/><T91/><REACH who="0" step="1"/><D98/><REACH who="0" ten="230,245,270,245" step="2"/><U94/><E97/><V115/><F115/><W116/><G116/><T81/><D81/><U84/><E94/><V50/><F50/><W22/><G21/><T47/><D47/><U106/><E106/><V76/><F76/><W128/><G128/><T53/><AGARI ba="0,1" hai="53,57,60,61,64,68,78,83,86,88,89,91,104,107" machi="53" ten="30,12000,2" yaku="1,1,0,1,52,3,54,1,53,1" doraHai="85" doraHaiUra="72" who="0" fromWho="0" sc="230,130,245,-60,270,-30,245,-30" /><INIT seed="2,0,0,5,0,41" ten="360,185,240,215" oya="2" hai0="97,43,109,129,19,107,134,12,106,128,108,83,114" hai1="68,135,121,125,28,70,79,85,21,115,87,127,51" hai2="71,1,58,5,74,93,49,48,25,23,100,62,7" hai3="52,45,15,33,118,117,55,10,113,110,54,120,76"/><V31/><F74/><W119/><G120/><T26/><D114/><U17/><E115/><V124/><F124/><N who="1" m="47689" /><E121/><V57/><F71/><W9/><G113/><T126/><D126/><U61/><E135/><V20/><F20/><W44/><G33/><T42/><D26/><U82/><E28/><V122/><F122/><W88/><G110/><N who="0" m="42603" /><D134/><U77/><E61/><V95/><F1/><W69/><G69/><T99/><D83/><N who="1" m="47343" /><E51/><N who="2" m="19531" /><F57/><W84/><G76/><T104/><D43/><U50/><E50/><V86/><F86/><W130/><G130/><N who="0" m="50283" /><D42/><U47/><E47/><V81/><F81/><W132/><G132/><T96/><D106/><U34/><E34/><V16/><F31/><W18/><REACH who="3" step="1"/><G9/><AGARI ba="0,0" hai="9,12,19,96,97,99,104,107" m="50283,42603" machi="9" ten="40,2600,0" yaku="14,1,19,1" doraHai="41" who="0" fromWho="3" sc="360,26,185,0,240,0,215,-26" /><INIT seed="3,0,0,4,4,91" ten="386,185,240,189" oya="3" hai0="7,77,32,109,116,115,81,43,94,4,42,49,127" hai1="8,18,55,125,53,27,128,75,102,98,0,90,84" hai2="113,106,122,85,130,45,80,16,21,69,112,65,34" hai3="29,46,38,133,68,11,100,19,67,121,47,79,23"/><W134/><G121/><T54/><D32/><U9/><E75/><V6/><F34/><W52/><G79/><T26/><D26/><U1/><E125/><V88/><F106/><W24/><G38/><T110/><D116/><U41/><E128/><V71/><F130/><W135/><G100/><T117/><D117/><U126/><E126/><V78/><F122/><W108/><G108/><T64/><D64/><U93/><E41/><N who="0" m="15369" /><D94/><N who="1" m="54599" /><E0/><V3/><F45/><W99/><G99/><T66/><D66/><U70/><E1/><V59/><F59/><W95/><G95/><T35/><D35/><U73/><E70/><V114/><F65/><W72/><G72/><T82/><D115/><U37/><E73/><V15/><REACH who="2" step="1"/><F78/><REACH who="2" ten="386,185,230,189" step="2"/><W96/><G67/><T120/><D120/><U33/><E33/><V44/><F44/><W30/><G68/><T56/><D127/><U31/><E37/><V22/><F22/><W28/><G47/><T10/><D77/><U107/><E107/><V61/><F61/><W14/><G96/><T74/><D110/><U63/><E63/><V104/><F104/><W86/><G86/><T87/><D109/><U62/><E62/><V111/><F111/><W36/><G36/><T20/><D74/><U83/><E9/><AGARI ba="0,1" hai="3,6,9,15,16,21,69,71,80,85,88,112,113,114" machi="9" ten="40,8000,1" yaku="1,1,54,2,53,1" doraHai="91" doraHaiUra="2" who="2" fromWho="1" sc="386,0,185,-80,230,90,189,0" owari="386,48.6,105,-39.5,320,12.0,189,-21.1" /></mjloggm>