<mjloggm ver="2.3"><GO type="225" lobby="0"/><UN n0="%E3%81%86%E3%81%A9%E3%82%93%E3%81%93" n1="%E7%99%BD%E6%97%A5%E9%9B%AA%E8%8F%9C" n2="%33%74%72%65%65" n3="%EF%BC%B3%E3%81%9E%E3%81%88%E2%98%86" dan="16,17,16,16" rate="2201.75,2211.45,2174.93,2096.28" sx="M,M,F,M"/><TAIKYOKU oya="0"/><INIT seed="0,0,0,4,4,104" ten="250,250,250,250" oya="0" hai0="91,39,88,21,99,16,93,112,14,109,3,130,60" hai1="110,63,126,117,116,128,26,92,100,35,12,131,0" hai2="42,56,2,43,107,62,125,53,52,78,121,75,11" hai3="44,129,118,37,29,80,102,31,106,23,19,61,54"/><T8/><D112/><U6/><E63/><V34/><F121/><W95/><G106/><T66/><D39/><U133/><E92/><V10/><F125/><W51/><G129/><N who="1" m="49738" /><E100/><V79/><F107/><W40/><G118/><N who="1" m="45674" /><E110/><V13/><F34/><W55/><G80/><T103/><D130/><U47/><E47/><V96/><F96/><N who="3" m="59679" /><G37/><T18/><D109/><U24/><E0/><V74/><F62/><W122/><G122/><T90/><D3/><U64/><E64/><V30/><F2/><W4/><G4/><T46/><D46/><U15/><E126/><V135/><F56/><N who="3" m="34967" /><G40/><T41/><D41/><U33/><E133/><V89/><F135/><W120/><G120/><T70/><REACH who="0" step="1"/><D103/><REACH who="0" ten="240,250,250,250" step="2"/><U1/><E1/><V27/><F42/><W28/><G44/><T72/><D72/><U17/><E6/><V101/><F43/><W82/><G55/><T50/><D50/><U32/><E12/><AGARI ba="0,1" hai="8,12,14,16,18,21,60,66,70,88,90,91,93,99" machi="12" ten="30,11600,0" yaku="1,1,7,1,54,2,53,0" doraHai="104" doraHaiUra="132" who="0" fromWho="1" sc="240,126,250,-116,250,0,250,0" /><INIT seed="0,1,0,0,1,22" ten="366,134,250,250" oya="0" hai0="92,1,67,78,63,58,7,128,5,55,107,19,43" hai1="77,82,83,88,44,33,68,27,15,29,50,31,122" hai2="30,96,40,57,93,53,123,11,76,124,97,131,70" hai3="52,98,102,21,64,51,4,99,89,41,72,121,113"/><T91/><D107/><U130/><E122/><V14/><F123/><W10/><G72/><T94/><D128/><U16/><E68/><V114/><F114/><W125/><G113/><T23/><D78/><U109/><E109/><V84/><F131/><W132/><G132/><T104/><D104/><U106/><E106/><V117/><F117/><W108/><G108/><T24/><D43/><U42/><E130/><V134/><F134/><W32/><G32/><T65/><D92/><U81/><E31/><V54/><F70/><W47/><G102/><T87/><D1/><U103/><E103/><V18/><F40/><W75/><G75/><T120/><D120/><U86/><REACH who="1" step="1"/><E77/><REACH who="1" ten="366,124,250,250" step="2"/><V37/><F30/><W34/><G121/><T59/><D67/><U49/><E49/><AGARI ba="1,1" hai="5,7,19,23,24,49,55,58,59,63,65,87,91,94" machi="49" ten="30,5800,0" yaku="7,1,8,1,52,1" doraHai="22" who="0" fromWho="1" sc="366,71,124,-61,250,0,250,0" /><INIT seed="0,2,0,1,2,25" ten="437,63,250,250" oya="0" hai0="94,127,5,111,39,89,21,71,65,115,75,53,128" hai1="132,0,13,106,73,93,118,109,4,60,88,9,78" hai2="19,38,110,113,70,54,83,122,119,17,130,72,55" hai3="15,135,8,56,129,95,123,134,103,51,57,34,63"/><T62/><D115/><U33/><E118/><V45/><F113/><W12/><G34/><T36/><D75/><U24/><E106/><V27/><F122/><W30/><G123/><T23/><D128/><U98/><E109/><V92/><F130/><W52/><G129/><T48/><D127/><U101/><E132/><N who="3" m="50730" /><G30/><T91/><D5/><U86/><E60/><V80/><F70/><W43/><G43/><T120/><D120/><U26/><E33/><V105/><F105/><W7/><G95/><T11/><D11/><U104/><REACH who="1" step="1"/><E0/><REACH who="1" ten="437,53,250,250" step="2"/><V61/><F110/><W96/><G103/><T102/><D111/><U35/><E35/><V3/><F3/><N who="3" m="127" /><G96/><T40/><D102/><U114/><E114/><V74/><F119/><W50/><G50/><T82/><D39/><U107/><E107/><V99/><F38/><W29/><G63/><T49/><D49/><U116/><E116/><V117/><F61/><W16/><G51/><T14/><D36/><U66/><E66/><V28/><F99/><W44/><G56/><T126/><D65/><U10/><E10/><V79/><F117/><W97/><G57/><T100/><D71/><U76/><E76/><V108/><F79/><W81/><G97/><T124/><D48/><U37/><E37/><V31/><F108/><W46/><G52/><T69/><D53/><U87/><E87/><V67/><F54/><W112/><G112/><T64/><D64/><U58/><E58/><V68/><F67/><W22/><G46/><T131/><D131/><U133/><E133/><V1/><F55/><W20/><G44/><T125/><D62/><RYUUKYOKU ba="2,1" sc="437,-10,53,30,250,-10,250,-10" hai1="4,9,13,24,26,73,78,86,88,93,98,101,104" /><INIT seed="1,3,1,5,3,129" ten="427,83,240,240" oya="1" hai0="74,112,116,33,11,67,123,32,85,94,56,64,130" hai1="87,62,23,101,66,30,35,117,92,84,131,114,76" hai2="106,15,17,108,81,58,10,73,109,119,113,120,55" hai3="128,63,43,65,102,26,42,88,77,53,13,59,52"/><U5/><E114/><V83/><F119/><W110/><G110/><N who="2" m="42601" /><F120/><W75/><G128/><T41/><D116/><U57/><E117/><V9/><F113/><W1/><G1/><T133/><D112/><U91/><E35/><V135/><F106/><W7/><G102/><T0/><D130/><U126/><E131/><V104/><F104/><W4/><G77/><T12/><D74/><U95/><E126/><V71/><F71/><W90/><G75/><T99/><D0/><U93/><E5/><N who="3" m="2122" /><G13/><T97/><D41/><N who="3" m="15369" /><G26/><T14/><D56/><U36/><E36/><V47/><F47/><W46/><G65/><T22/><D22/><U89/><E76/><N who="2" m="44175" /><F83/><W48/><AGARI ba="3,1" hai="46,48,52,53,59,63,88,90" m="15369,2122" machi="48" ten="30,4000,0" yaku="8,1,54,2" doraHai="129" who="3" fromWho="3" sc="427,-13,83,-23,240,-13,240,59" /><INIT seed="2,0,0,1,5,109" ten="414,60,227,299" oya="2" hai0="60,126,68,80,108,87,40,4,90,34,18,77,24" hai1="91,128,113,45,62,103,114,124,83,67,116,41,35" hai2="27,8,23,9,33,131,82,30,29,120,46,44,129" hai3="66,50,93,47,76,25,104,12,84,19,119,0,74"/><V73/><F120/><W48/><G104/><T52/><D4/><U28/><E116/><V86/><F73/><W127/><G0/><T22/><D34/><U134/><E134/><V31/><F8/><W75/><G127/><T71/><D126/><U107/><E124/><V117/><F9/><W100/><G66/><T64/><D108/><U135/><E135/><V85/><F117/><W97/><G48/><T132/><D40/><U14/><E128/><V61/><F61/><W59/><G59/><T55/><D132/><U89/><E14/><V39/><F39/><W102/><G25/><T115/><D115/><U98/><E83/><V16/><F33/><W72/><G102/><T70/><REACH who="0" step="1"/><D77/><REACH who="0" ten="404,60,227,299" step="2"/><U57/><E35/><V112/><F112/><W49/><G119/><T15/><D15/><U3/><E3/><V10/><F131/><W69/><G76/><T36/><D36/><U88/><REACH who="1" step="1"/><E28/><REACH who="1" ten="404,50,227,299" step="2"/><V2/><F2/><W122/><G12/><T54/><AGARI ba="0,2" hai="18,22,24,52,54,55,60,64,68,70,71,80,87,90" machi="54" ten="30,4000,0" yaku="1,1,0,1,54,1,53,0" doraHai="109" doraHaiUra="96" who="0" fromWho="0" sc="404,60,50,-10,227,-20,299,-10" /><INIT seed="3,0,0,2,3,120" ten="464,40,207,289" oya="3" hai0="77,13,34,38,21,22,111,23,69,131,128,41,123" hai1="31,115,53,32,60,20,134,52,101,78,130,68,67" hai2="99,71,126,106,26,112,122,36,118,102,64,133,96" hai3="48,62,51,70,44,27,98,88,110,30,28,35,129"/><W12/><G129/><T10/><D69/><U8/><E115/><V58/><F58/><W54/><G30/><T73/><D34/><U127/><E130/><V6/><F96/><W83/><G110/><T103/><D123/><U9/><E127/><V125/><F112/><W65/><G12/><T107/><D103/><U66/><E134/><V7/><F122/><W119/><G119/><T87/><D73/><U50/><E78/><V42/><F7/><W105/><G51/><T91/><D77/><U124/><E124/><V97/><F97/><W85/><G98/><T92/><D107/><U1/><E101/><V116/><F133/><W59/><REACH who="3" step="1"/><G105/><REACH who="3" ten="464,40,207,279" step="2"/><T5/><D111/><U63/><E1/><V109/><F109/><W15/><G15/><T17/><D5/><U19/><E32/><V104/><F6/><W2/><G2/><T93/><D128/><U94/><E31/><V81/><F106/><W72/><G72/><T100/><D131/><U0/><E0/><V46/><F126/><W37/><G37/><T117/><D117/><U40/><E40/><V61/><F125/><W18/><G18/><T82/><D100/><U80/><E94/><N who="0" m="36457" /><D38/><U33/><E33/><V74/><F26/><W11/><G11/><N who="1" m="4170" /><E80/><V25/><F25/><W121/><G121/><T114/><D114/><U75/><E75/><V57/><F74/><W39/><G39/><T45/><D41/><U24/><E50/><V29/><F81/><W4/><G4/><T55/><D45/><AGARI ba="0,1" hai="27,28,35,44,45,48,54,59,62,65,70,83,85,88" machi="45" ten="40,7700,0" yaku="1,1,54,1,53,1" doraHai="120" doraHaiUra="84" who="3" fromWho="0" sc="464,-77,40,0,207,0,279,87" /><INIT seed="3,1,0,1,0,91" ten="387,40,207,366" oya="3" hai0="90,74,2,104,131,26,78,99,112,87,6,134,5" hai1="35,81,62,83,38,13,67,54,53,79,103,116,82" hai2="49,10,30,96,52,76,127,119,70,109,41,3,18" hai3="108,43,80,115,86,110,123,107,132,17,40,101,130"/><W89/><G123/><T14/><D2/><U65/><E35/><V42/><F42/><W58/><G115/><T25/><D112/><U4/><E38/><V28/><F28/><W117/><G117/><T75/><D75/><U92/><E116/><V73/><F30/><W63/><G132/><T1/><D1/><U69/><E69/><V125/><F41/><W44/><G130/><T22/><D134/><U61/><E79/><V128/><F18/><W24/><G107/><T122/><D122/><U77/><E77/><V56/><F109/><N who="3" m="42091" /><G101/><N who="0" m="62527" /><D131/><U33/><E33/><V98/><F70/><W111/><N who="3" m="42099" /><W121/><DORA hai="34" /><G44/><T0/><D0/><U48/><E48/><V36/><F36/><W31/><G31/><N who="0" m="17847" /><D14/><U12/><E103/><V46/><F127/><W105/><G105/><T50/><D26/><U15/><E4/><V71/><F125/><W84/><G121/><T51/><D6/><U124/><E124/><V126/><F126/><W39/><G39/><T55/><D55/><U120/><E120/><V47/><F52/><N who="3" m="34247" /><G86/><T11/><D74/><U23/><E23/><AGARI ba="1,0" hai="17,23,24,40,43,80,84,89" m="34247,42099" machi="23" ten="40,7700,0" yaku="14,1,10,1,54,1" doraHai="91,34" who="3" fromWho="1" sc="387,0,40,-80,207,0,366,80" owari="387,18.7,-40,-54.0,207,-19.3,446,54.6" /></mjloggm>