<mjloggm ver="2.3"><GO type="225" lobby="0"/><UN n0="%E6%A1%9C%E8%8A%B1%E9%96%83%E3%80%85" n1="%E9%B3%B3%E6%9D%B1%E3%81%AE%E3%81%86%E3%81%95%E3%81%8E%E3%81%95%E3%82%93" n2="%E3%81%86%E3%82%8C%E3%81%9F%E3%82%93%E6%9E%95" n3="%E3%81%82%E3%81%99%E3%81%AB%E3%82%83%E3%82%80" dan="16,17,16,16" rate="2150.33,2281.76,2077.54,2117.35" sx="M,M,F,F"/><TAIKYOKU oya="0"/><INIT seed="0,0,0,2,4,51" ten="250,250,250,250" oya="0" hai0="102,95,61,26,37,113,105,91,22,34,99,97,15" hai1="67,55,36,107,84,18,78,48,31,47,46,25,83" hai2="121,43,21,66,14,5,131,103,85,50,122,35,16" hai3="124,101,58,118,92,39,56,75,73,29,70,17,62"/><T9/><D113/><U72/><E107/><V6/><F35/><W127/><G118/><T65/><D37/><U57/><E18/><V52/><F131/><W45/><G29/><T0/><D0/><U63/><E36/><V27/><F103/><W40/><G70/><T7/><D34/><U115/><E115/><V10/><F66/><W38/><G38/><T100/><D91/><U110/><E110/><V23/><F43/><W128/><G128/><T98/><D98/><U111/><E111/><V112/><F112/><W120/><G58/><T94/><D105/><U69/><REACH who="1" step="1"/><E72/><REACH who="1" ten="250,240,250,250" step="2"/><V41/><F122/><W11/><G120/><T13/><D7/><U32/><AGARI ba="0,1" hai="25,31,32,46,47,48,55,57,63,67,69,78,83,84" machi="32" ten="20,8000,1" yaku="1,1,2,1,0,1,7,1,52,1,53,0" doraHai="51" doraHaiUra="132" who="1" fromWho="1" sc="250,-40,240,90,250,-20,250,-20" /><INIT seed="1,0,0,3,5,26" ten="210,330,230,230" oya="1" hai0="90,1,107,83,123,54,109,16,11,60,12,27,18" hai1="103,92,62,128,40,76,97,108,20,87,86,79,102" hai2="117,56,126,38,134,43,84,67,41,130,7,135,13" hai3="52,88,121,85,57,9,36,22,118,80,58,25,3"/><U95/><E40/><V55/><F117/><W119/><G121/><T93/><D109/><U29/><E62/><N who="2" m="38343" /><F126/><W99/><G36/><T113/><D113/><U39/><E39/><V78/><F130/><W94/><G3/><T112/><D107/><U47/><E47/><V120/><F120/><W111/><G111/><T131/><D112/><U96/><E108/><V31/><F31/><N who="3" m="17847" /><G9/><T28/><D1/><U64/><E64/><V30/><F30/><W34/><G34/><T59/><D131/><U32/><E32/><V2/><F2/><W129/><G129/><T122/><D83/><U35/><E35/><V66/><F66/><W15/><G15/><T17/><D122/><U91/><E128/><V6/><F38/><W89/><G119/><T100/><D100/><N who="1" m="38443" /><E20/><V71/><F71/><W106/><G106/><T51/><D123/><U33/><E29/><V101/><F101/><W65/><G65/><T8/><D60/><U5/><E5/><N who="2" m="1547" /><F13/><W46/><G118/><T48/><D48/><AGARI ba="0,0" hai="46,48,52,57,58,80,85,88,89,94,99" m="17847" machi="48" ten="30,7700,0" yaku="8,1,52,1,54,2" doraHai="26" who="3" fromWho="0" sc="210,-77,330,0,230,0,230,77" /><INIT seed="2,0,0,0,1,22" ten="133,330,230,307" oya="2" hai0="52,42,6,27,2,72,62,58,9,131,92,45,51" hai1="73,17,83,59,102,24,50,40,124,0,43,84,105" hai2="128,78,90,130,110,20,36,8,71,63,7,14,97" hai3="85,132,129,118,47,61,31,109,18,86,55,98,60"/><V125/><F36/><W15/><G118/><T57/><D131/><N who="2" m="50218" /><F125/><W67/><G109/><T44/><D72/><U65/><E73/><V107/><F110/><W113/><G129/><T34/><D92/><U39/><E39/><V88/><F78/><W46/><G132/><T134/><D134/><U103/><E0/><V120/><F120/><W32/><G113/><T101/><D101/><N who="1" m="38411" /><E105/><V96/><F107/><W99/><G31/><T35/><D45/><N who="3" m="16905" /><G32/><T33/><REACH who="0" step="1"/><D58/><REACH who="0" ten="123,330,230,307" step="2"/><U77/><E124/><V108/><F108/><W1/><G98/><N who="2" m="37993" /><F71/><W68/><G99/><T19/><D19/><U106/><E106/><V21/><F63/><W89/><G60/><T121/><D121/><U16/><E17/><N who="2" m="10295" /><F21/><W104/><G61/><T49/><D49/><U41/><E50/><V54/><F54/><W119/><G55/><T10/><D10/><U4/><E43/><V5/><F5/><W48/><G48/><T80/><D80/><U79/><E4/><V95/><F95/><W93/><G104/><T25/><AGARI ba="0,1" hai="2,6,9,25,27,33,34,35,42,44,51,52,57,62" machi="25" ten="40,8000,1" yaku="1,1,0,1,52,2,54,1,53,0" doraHai="22" doraHaiUra="12" who="0" fromWho="0" sc="123,90,330,-20,230,-40,307,-20" /><INIT seed="3,0,0,3,5,122" ten="213,310,190,287" oya="3" hai0="129,52,64,118,131,91,117,34,67,19,40,120,22" hai1="14,108,106,74,42,80,21,71,26,41,84,50,60" hai2="114,134,77,39,83,119,109,96,25,54,110,97,89" hai3="68,132,124,113,73,79,27,29,85,31,58,90,125"/><W6/><G113/><T33/><D40/><U76/><E108/><N who="2" m="41579" /><F114/><W69/><G132/><T36/><D36/><U15/><E106/><V23/><F134/><W1/><G79/><T49/><D91/><U127/><E74/><N who="2" m="43447" /><F119/><N who="0" m="45578" /><D120/><U135/><E127/><N who="3" m="48714" /><G73/><T2/><D2/><U37/><E37/><V112/><F39/><W75/><G75/><T43/><D43/><U3/><E42/><V87/><F54/><W88/><G58/><N who="0" m="33039" /><D34/><U95/><E41/><V126/><F126/><W55/><G55/><T128/><D33/><U57/><E57/><V62/><F62/><W0/><G68/><T9/><D9/><U103/><E60/><V18/><F112/><W53/><G53/><T105/><D105/><U10/><E71/><V7/><F7/><W82/><G6/><T70/><D70/><U48/><E135/><V81/><AGARI ba="0,0" hai="18,23,25,81,87,89,96,97" m="43447,41579" machi="81" ten="30,7900,0" yaku="14,1,52,3" doraHai="122" who="2" fromWho="2" sc="213,-20,310,-20,190,79,287,-39" /><INIT seed="4,0,0,1,3,20" ten="193,290,269,248" oya="0" hai0="116,31,96,78,107,111,76,11,97,37,30,56,47" hai1="81,52,65,15,79,63,40,70,27,44,118,9,24" hai2="91,131,99,80,26,23,89,130,82,129,60,77,57" hai3="120,104,12,46,100,55,58,134,92,7,73,112,6"/><T28/><D116/><U51/><E52/><N who="2" m="33831" /><F99/><N who="0" m="37962" /><D107/><U29/><E29/><N who="0" m="7425" /><T45/><DORA hai="18" /><D37/><U98/><E98/><V34/><F34/><W105/><G73/><T90/><D111/><U109/><E118/><V36/><F36/><W103/><G112/><T86/><D56/><U132/><E132/><V61/><F61/><W84/><G105/><T50/><D11/><U13/><E13/><V54/><F54/><W110/><G110/><T126/><D126/><U102/><E102/><V114/><F114/><W22/><G104/><T2/><D2/><U42/><E42/><V25/><F23/><W35/><G35/><T122/><D122/><U128/><E128/><V67/><F67/><W115/><G134/><T33/><D33/><U127/><E127/><V17/><F130/><W3/><G115/><T19/><D19/><U71/><E71/><V75/><F17/><N who="3" m="10535" /><G3/><T101/><D101/><N who="3" m="38985" /><G46/><N who="0" m="17419" /><D50/><U5/><E109/><V88/><F131/><W38/><G38/><T21/><D21/><U83/><E70/><V1/><F129/><W8/><G120/><T106/><D106/><U93/><E51/><V124/><F124/><W53/><G53/><T16/><D16/><U68/><E68/><V113/><F113/><W123/><G123/><T41/><D41/><U95/><E44/><V69/><F69/><W39/><G39/><T133/><D133/><U43/><E40/><V49/><F1/><W72/><G72/><T62/><D62/><U59/><E43/><V119/><F119/><W87/><G8/><T32/><D32/><U108/><E108/><V48/><F75/><W117/><G117/><RYUUKYOKU ba="0,0" sc="193,30,290,-10,269,-10,248,-10" hai0="76,78,86,90" /><INIT seed="4,1,0,2,2,29" ten="223,280,259,238" oya="0" hai0="77,45,52,107,128,18,13,60,118,56,62,114,53" hai1="17,92,133,123,75,5,6,95,106,36,98,42,7" hai2="11,67,43,41,44,47,103,22,69,117,125,0,9" hai3="24,38,68,55,40,8,49,74,119,58,91,116,135"/><T131/><D118/><U30/><E123/><V19/><F125/><W32/><G74/><T21/><D114/><U12/><E75/><V85/><F117/><W124/><G124/><T33/><D107/><U99/><E133/><V31/><F103/><W130/><G135/><T20/><D77/><U127/><E127/><V100/><F100/><W108/><G108/><T1/><D1/><U102/><E30/><V15/><F69/><W109/><G109/><T82/><D82/><U71/><E71/><V3/><F67/><W48/><G130/><N who="0" m="49707" /><D33/><U54/><E54/><N who="0" m="21097" /><D45/><N who="2" m="17482" /><F0/><W78/><G32/><T72/><D72/><U105/><E36/><V88/><F3/><W35/><G38/><T84/><D84/><U34/><E42/><N who="2" m="15883" /><F31/><W61/><G40/><T90/><D90/><U23/><REACH who="1" step="1"/><E34/><REACH who="1" ten="223,270,259,238" step="2"/><V59/><F59/><W89/><G58/><T4/><D4/><U76/><E76/><V65/><F65/><W121/><G78/><T2/><D2/><U132/><E132/><V115/><F115/><W86/><G35/><T14/><D56/><U27/><E27/><V122/><F122/><W50/><G24/><T111/><D111/><U134/><E134/><V16/><F19/><AGARI ba="1,1" hai="13,14,18,19,20,21,60,62" m="21097,49707" machi="19" ten="30,2900,0" yaku="19,1,54,1" doraHai="29" who="0" fromWho="2" sc="223,42,270,0,259,-32,238,0" /><INIT seed="4,2,0,2,3,54" ten="265,270,227,238" oya="0" hai0="128,76,124,103,0,8,21,92,63,73,96,81,17" hai1="118,18,126,102,55,131,114,45,40,43,85,121,68" hai2="56,64,51,99,52,57,66,5,15,107,26,89,31" hai3="41,88,27,38,134,82,29,48,59,113,36,7,72"/><T122/><D124/><U53/><E118/><V130/><F130/><W123/><G113/><T125/><D125/><U135/><E121/><V6/><F107/><W75/><G123/><T94/><D128/><U119/><E119/><V16/><F31/><W35/><G134/><T101/><D122/><U2/><E126/><V108/><F108/><W44/><G7/><N who="2" m="2569" /><F26/><W111/><G111/><T132/><D8/><U4/><E131/><V78/><F78/><W104/><G104/><T34/><D34/><U93/><E68/><V25/><F25/><W42/><G42/><T24/><D0/><U115/><E18/><V133/><F133/><W1/><G1/><T83/><D132/><U109/><E40/><V46/><F89/><W74/><REACH who="3" step="1"/><G59/><REACH who="3" ten="265,270,227,228" step="2"/><N who="2" m="22601" /><F99/><W65/><G65/><T37/><D37/><U67/><E67/><V12/><F12/><W84/><AGARI ba="2,1" hai="27,29,35,36,38,41,44,48,72,74,75,82,84,88" machi="84" ten="40,5200,0" yaku="1,1,0,1,54,1,53,0" doraHai="54" doraHaiUra="61" who="3" fromWho="3" sc="265,-28,270,-15,227,-15,228,68" /><INIT seed="5,0,0,2,0,9" ten="237,255,212,296" oya="1" hai0="85,67,117,94,17,12,50,64,72,88,11,74,71" hai1="132,29,49,76,65,90,134,26,82,59,127,91,45" hai2="129,37,83,111,15,22,77,34,135,58,23,105,102" hai3="70,42,1,98,53,110,33,126,3,32,43,119,27"/><U31/><E127/><V81/><F111/><W4/><G110/><T44/><D117/><U16/><E59/><V86/><F37/><W57/><G70/><T6/><D6/><U30/><E65/><V47/><F129/><W10/><G1/><T104/><D104/><U36/><E36/><V87/><F135/><N who="1" m="51753" /><E26/><V28/><F47/><W99/><G119/><T21/><D21/><U106/><E106/><V35/><F58/><W93/><G99/><T0/><D0/><U121/><E121/><V79/><F28/><N who="1" m="7169" /><U122/><DORA hai="125" /><E16/><V69/><F69/><W62/><G126/><T84/><D71/><U66/><E66/><N who="0" m="25129" /><D74/><N who="1" m="43287" /><E122/><V55/><F55/><AGARI ba="0,0" hai="45,49,55,90,91" m="43287,7169,51753" machi="55" ten="40,2000,0" yaku="20,1" doraHai="9,125" who="1" fromWho="2" sc="237,0,255,20,212,-20,296,0" /><INIT seed="5,1,0,5,3,82" ten="237,275,192,296" oya="1" hai0="8,53,115,129,44,119,108,27,124,117,88,66,59" hai1="89,72,83,56,94,131,10,91,64,21,87,99,105" hai2="61,92,46,23,70,36,32,81,48,135,11,25,110" hai3="29,34,79,95,109,127,3,13,73,76,58,103,22"/><U20/><E131/><V86/><F110/><W100/><G3/><T128/><D27/><U57/><E72/><V54/><F135/><W67/><G109/><T52/><D108/><U18/><E105/><V38/><F32/><W9/><G34/><T93/><D115/><U74/><E74/><V113/><F113/><W45/><G73/><T111/><D111/><U63/><E57/><V71/><F11/><W75/><G75/><T130/><D124/><U102/><E102/><N who="3" m="38954" /><G95/><T133/><D8/><U96/><E96/><V69/><F92/><W107/><G107/><T84/><D133/><U51/><E51/><V85/><F61/><N who="3" m="38327" /><G45/><T116/><D44/><U35/><E35/><V78/><REACH who="2" step="1"/><F85/><REACH who="2" ten="237,275,182,296" step="2"/><W16/><G127/><T42/><D42/><U55/><E64/><V28/><AGARI ba="1,1" hai="23,25,28,36,38,46,48,54,69,70,71,78,81,86" machi="28" ten="30,7900,0" yaku="1,1,2,1,0,1,52,1,53,0" doraHai="82" doraHaiUra="123" who="2" fromWho="2" sc="237,-21,275,-40,182,92,296,-21" /><INIT seed="6,0,0,0,0,10" ten="216,235,274,275" oya="2" hai0="48,37,47,122,73,66,99,28,115,26,110,129,67" hai1="38,15,25,112,31,54,1,130,70,36,0,128,114" hai2="33,117,3,98,60,113,18,116,53,91,5,11,35" hai3="24,72,87,8,79,77,96,51,14,27,92,52,94"/><V34/><F91/><N who="3" m="53375" /><G72/><T22/><D110/><U39/><E54/><V90/><F98/><W30/><G30/><T133/><D122/><U32/><E15/><N who="2" m="7551" /><F90/><N who="3" m="55383" /><G24/><T68/><D115/><N who="1" m="44075" /><E70/><V21/><F53/><W49/><G27/><T6/><D129/><AGARI ba="0,0" hai="0,1,25,31,32,36,38,39,128,129,130" m="44075" machi="129" ten="40,5200,0" yaku="19,1,15,1,23,1" doraHai="10" who="1" fromWho="0" sc="216,-52,235,52,274,0,275,0" /><INIT seed="7,0,0,4,2,12" ten="164,287,274,275" oya="3" hai0="32,61,95,115,135,7,117,102,122,93,23,90,77" hai1="81,120,105,78,129,128,25,92,28,15,35,125,91" hai2="57,2,114,111,99,74,71,54,124,48,75,52,110" hai3="50,62,119,29,88,55,26,30,13,73,107,4,104"/><W130/><G119/><T9/><D117/><U16/><E120/><V89/><F2/><W82/><G130/><N who="1" m="50282" /><E125/><V20/><F71/><W41/><G41/><T85/><D135/><U37/><E105/><V3/><F3/><W46/><G62/><T123/><D32/><U43/><E43/><V116/><F116/><W44/><G44/><T87/><D61/><U45/><E45/><V101/><F124/><W59/><G59/><T17/><D115/><U1/><E1/><V94/><F114/><W69/><G69/><T68/><D68/><U33/><E37/><V40/><F40/><W134/><G134/><T11/><D7/><U18/><E15/><V79/><F79/><W14/><G14/><T83/><D122/><U34/><E33/><V121/><F121/><W65/><G65/><T21/><D21/><U106/><E106/><V42/><F42/><W84/><G73/><T126/><D126/><U5/><E34/><V86/><F20/><W108/><G108/><T98/><REACH who="0" step="1"/><D123/><REACH who="0" ten="154,287,274,275" step="2"/><U24/><E5/><V131/><F131/><W64/><G4/><T118/><D118/><U97/><E25/><AGARI ba="0,1" hai="9,11,17,23,25,77,83,85,87,90,93,95,98,102" machi="25" ten="30,7700,0" yaku="1,1,7,1,8,1,52,1,53,0" doraHai="12" doraHaiUra="109" who="0" fromWho="1" sc="154,87,287,-77,274,0,275,0" owari="241,-15.9,210,-29.0,274,7.4,275,37.5" /></mjloggm>