<mjloggm ver="2.3"><GO type="225" lobby="0"/><UN n0="%E4%BA%AE%E6%B5%81%E6%89%93%E8%80%85" n1="%E9%B3%B3%E6%9D%B1%E3%81%AE%E3%81%86%E3%81%95%E3%81%8E%E3%81%95%E3%82%93" n2="%E3%81%8C%E3%81%9F" n3="%6C%61%6D%62" dan="16,16,16,16" rate="2096.13,2102.13,2132.12,2143.56" sx="F,M,F,M"/><TAIKYOKU oya="0"/><INIT seed="0,0,0,1,1,64" ten="250,250,250,250" oya="0" hai0="44,19,84,99,46,92,52,50,104,118,0,126,85" hai1="29,30,53,33,119,134,6,54,13,123,131,45,38" hai2="27,41,135,51,14,89,4,32,65,60,25,16,62" hai3="8,82,103,49,83,36,20,127,31,122,115,130,93"/><T109/><D118/><U77/><E123/><V100/><F135/><W69/><G36/><T132/><D132/><U28/><E119/><V95/><F100/><W72/><G115/><T34/><D0/><U101/><E134/><V47/><F4/><W42/><G122/><T91/><D34/><U79/><E33/><V58/><F62/><W111/><G111/><T24/><D126/><U86/><E131/><V55/><F65/><W37/><G37/><T3/><D3/><U81/><E101/><V102/><F102/><W18/><G69/><T61/><D104/><U112/><E112/><V11/><REACH who="2" step="1"/><F32/><REACH who="2" ten="250,250,240,250" step="2"/><W5/><G103/><T68/><D109/><U17/><E6/><V71/><F71/><W114/><G5/><T96/><D68/><U110/><E110/><V121/><F121/><W88/><G114/><T43/><D61/><U56/><E38/><V78/><F78/><W7/><G7/><T63/><D63/><N who="1" m="36239" /><E79/><V2/><F2/><W74/><G127/><T57/><D96/><AGARI ba="0,1" hai="11,14,16,25,27,41,47,51,55,58,60,89,95,96" machi="96" ten="30,12000,2" yaku="1,1,7,1,8,1,54,1,53,2" doraHai="64" doraHaiUra="22" who="2" fromWho="0" sc="250,-120,250,0,240,130,250,0" /><INIT seed="1,0,0,5,3,75" ten="130,250,370,250" oya="1" hai0="108,60,7,40,27,21,31,11,94,43,112,115,87" hai1="52,130,127,17,48,49,14,56,64,1,122,123,88" hai2="119,110,5,132,4,0,35,104,135,105,33,3,121" hai3="103,78,93,54,68,73,70,50,32,36,114,37,10"/><U58/><E130/><V102/><F102/><W44/><G32/><N who="2" m="12361" /><F119/><W9/><G114/><T6/><D108/><U19/><E127/><V61/><F61/><W72/><G103/><T124/><D60/><U23/><E1/><N who="2" m="587" /><F110/><W71/><G93/><T46/><D87/><U74/><E74/><V101/><F101/><W77/><G68/><T86/><D86/><U38/><E38/><V13/><F13/><W92/><G92/><T42/><D94/><U53/><E64/><V76/><F76/><W26/><G50/><T96/><D124/><U20/><E88/><V59/><F59/><W113/><G44/><T83/><D46/><U69/><REACH who="1" step="1"/><E69/><REACH who="1" ten="130,240,370,250" step="2"/><V39/><F39/><W51/><G73/><T84/><D96/><U24/><AGARI ba="0,1" hai="14,17,19,20,23,24,48,49,52,53,56,58,122,123" machi="24" ten="20,24000,3" yaku="1,1,2,1,0,1,7,1,9,1,54,1,53,2" doraHai="75" doraHaiUra="45" who="1" fromWho="1" sc="130,-80,240,250,370,-80,250,-80" /><INIT seed="1,1,0,0,1,20" ten="50,490,290,170" oya="1" hai0="133,134,30,92,54,112,118,122,22,13,58,9,15" hai1="8,90,99,96,4,18,33,40,95,131,77,59,32" hai2="10,29,62,107,84,16,51,70,25,53,31,104,114" hai3="24,2,0,34,14,21,121,97,103,56,64,109,111"/><U52/><E131/><V43/><F114/><W82/><G121/><T38/><D38/><U81/><E40/><V3/><F43/><W108/><G34/><T11/><D112/><U76/><E99/><V60/><F84/><W117/><G14/><N who="0" m="5131" /><D92/><U125/><E125/><V65/><F62/><N who="3" m="37959" /><G82/><T63/><D58/><U80/><E18/><V27/><F3/><W57/><G57/><T73/><D54/><U35/><E8/><N who="0" m="3145" /><D63/><U128/><E4/><V42/><F42/><W106/><G117/><T26/><D73/><U19/><E19/><AGARI ba="1,0" hai="0,2,19,21,24,97,103,106,108,109,111" m="37959" machi="19" ten="30,2000,0" yaku="14,1,52,1" doraHai="20" who="3" fromWho="1" sc="50,0,490,-23,290,0,170,23" /><INIT seed="2,0,0,3,4,126" ten="50,467,290,193" oya="2" hai0="66,36,92,86,117,84,4,61,78,93,103,22,75" hai1="112,58,52,27,25,9,34,39,37,11,44,10,33" hai2="114,8,110,91,73,12,29,6,113,71,99,46,105" hai3="50,119,47,122,131,96,101,69,41,15,127,79,129"/><V128/><F71/><W59/><G119/><T14/><D36/><U49/><E112/><V111/><F73/><W80/><G122/><T81/><D4/><U48/><E27/><V2/><F46/><W16/><G69/><T55/><D14/><U108/><E108/><N who="2" m="41515" /><F105/><W57/><G127/><T31/><D22/><U121/><E121/><V124/><F124/><W95/><G59/><T94/><D61/><U21/><E39/><V43/><F43/><W115/><G57/><T76/><D31/><U65/><E37/><V134/><F134/><W68/><G68/><T30/><D55/><U40/><REACH who="1" step="1"/><E65/><REACH who="1" ten="50,457,290,193" step="2"/><V132/><F132/><W74/><REACH who="3" step="1"/><G115/><REACH who="3" ten="50,457,290,183" step="2"/><T77/><D66/><U28/><AGARI ba="0,2" hai="9,10,11,21,25,28,33,34,40,44,48,49,52,58" machi="28" ten="30,8000,1" yaku="1,1,2,1,0,1,54,1,53,1" doraHai="126" doraHaiUra="42" who="1" fromWho="1" sc="50,-20,457,100,290,-40,183,-20" /><INIT seed="3,0,0,0,1,45" ten="30,557,250,163" oya="3" hai0="113,11,111,65,53,85,33,35,108,52,118,89,22" hai1="21,18,36,117,57,104,24,126,50,106,66,79,99" hai2="122,46,27,13,128,16,59,39,97,135,3,48,112" hai3="25,6,115,96,114,98,62,49,83,47,63,133,43"/><W73/><G133/><T68/><D118/><U82/><E36/><V26/><F112/><W29/><G6/><T93/><D68/><U1/><E1/><V19/><F135/><W90/><G114/><T4/><D65/><U110/><E110/><V2/><F128/><W28/><G115/><T120/><D120/><U0/><E0/><V42/><F122/><W91/><G73/><T30/><D113/><U67/><E126/><V75/><F75/><W23/><G29/><T41/><D41/><U124/><E124/><V69/><F69/><W32/><G32/><T31/><D22/><U54/><E117/><V34/><F3/><W15/><G15/><T76/><D76/><U84/><E106/><V134/><F2/><W70/><G70/><T61/><D4/><U58/><E104/><V20/><F134/><W7/><G7/><T38/><D38/><U121/><E121/><V71/><F71/><W109/><G109/><T103/><D103/><U105/><E105/><V12/><F97/><N who="3" m="37483" /><G83/><T77/><D77/><U101/><E101/><V92/><F34/><W130/><G130/><T125/><D125/><U56/><E99/><V88/><F39/><W131/><G131/><T78/><D78/><U5/><E5/><V123/><F123/><W95/><G95/><T37/><D93/><U86/><E86/><N who="2" m="52247" /><F59/><AGARI ba="0,0" hai="18,21,24,50,54,56,57,58,59,66,67,79,82,84" machi="59" ten="40,2600,0" yaku="8,1,52,1" doraHai="45" who="1" fromWho="2" sc="30,0,557,26,250,-26,163,0" owari="30,-47.0,583,68.3,224,2.4,163,-23.7" /></mjloggm>