<mjloggm ver="2.3"><GO type="225" lobby="0"/><UN n0="%E5%8F%AF%E5%85%90%E9%82%A3%E7%94%B1%E5%A4%9A" n1="%48%61%61%61%6C%61%6E%64" n2="%E5%B0%8F%E9%B3%A5%E9%81%8A%E7%B7%B4%E7%84%A1%32%31%E6%AD%B3" n3="%E3%81%B2%E3%81%AA%E3%81%AE%E3%82%8A%E3%81%8F" dan="17,18,16,17" rate="2146.01,2202.08,2139.18,2238.96" sx="F,M,F,M"/><TAIKYOKU oya="0"/><INIT seed="0,0,0,2,5,116" ten="250,250,250,250" oya="0" hai0="20,17,129,101,128,78,130,3,68,42,71,102,9" hai1="39,12,135,32,66,14,55,88,7,26,98,67,15" hai2="97,96,93,13,103,82,69,131,18,19,109,86,5" hai3="117,23,90,85,60,6,43,95,63,74,27,108,125"/><T104/><D78/><U115/><E135/><V38/><F109/><W65/><G117/><T59/><D42/><U30/><E115/><V105/><F38/><W132/><G108/><T53/><D9/><U10/><E39/><V133/><F69/><N who="0" m="26698" /><D3/><U22/><E55/><V73/><F131/><W57/><G125/><T56/><D104/><U58/><E32/><V126/><F126/><W81/><G132/><T75/><D75/><U36/><E36/><V2/><F2/><W70/><G43/><T113/><D113/><U40/><E40/><V100/><F73/><W1/><G1/><T124/><D124/><U87/><E98/><V91/><F133/><W127/><G6/><T31/><D31/><U121/><E121/><V46/><F46/><W123/><G127/><T48/><D59/><U112/><E112/><V50/><F50/><W76/><G123/><T64/><D64/><N who="1" m="24619" /><E58/><V35/><F35/><W62/><REACH who="3" step="1"/><G70/><REACH who="3" ten="250,250,250,240" step="2"/><T4/><D4/><U37/><E37/><V80/><F5/><W83/><G83/><AGARI ba="0,1" hai="7,10,12,14,15,22,26,30,83,87,88" m="24619" machi="83" ten="30,2000,0" yaku="8,1,54,1" doraHai="116" who="1" fromWho="3" sc="250,0,250,30,250,0,240,-20" /><INIT seed="1,0,0,4,3,37" ten="250,280,250,220" oya="1" hai0="134,97,13,72,53,131,23,65,127,94,103,47,18" hai1="81,39,112,90,128,74,12,14,110,9,102,46,44" hai2="95,34,77,86,35,135,26,122,19,52,64,111,57" hai3="117,30,28,59,31,104,25,88,2,4,5,126,20"/><U60/><E112/><V48/><F122/><W101/><G101/><T76/><D127/><U40/><E128/><V8/><F111/><W83/><G104/><T82/><D131/><U67/><E110/><V24/><F135/><W32/><G126/><T62/><D134/><U68/><E102/><V132/><F132/><W107/><G107/><T133/><D133/><U0/><E44/><V1/><F64/><W75/><G117/><T78/><D72/><U129/><E129/><V61/><F35/><W45/><G2/><T70/><REACH who="0" step="1"/><D82/><REACH who="0" ten="240,280,250,220" step="2"/><U130/><E130/><V99/><F34/><W124/><G124/><T80/><D80/><U85/><REACH who="1" step="1"/><E74/><REACH who="1" ten="240,270,250,220" step="2"/><V120/><F120/><W6/><G75/><T109/><D109/><U92/><E92/><V115/><F95/><W54/><G32/><T41/><D41/><U108/><E108/><V7/><F115/><W56/><G83/><T116/><D116/><U3/><E3/><V114/><F1/><W71/><G71/><T69/><D69/><U15/><E15/><V66/><F114/><W106/><G106/><T22/><D22/><U33/><E33/><V98/><F24/><W123/><G123/><T63/><D63/><U105/><E105/><V27/><F27/><W36/><G25/><T58/><D58/><U89/><E89/><V43/><F26/><W96/><G59/><T49/><AGARI ba="0,2" hai="13,18,23,47,49,53,62,65,70,76,78,94,97,103" machi="49" ten="30,2000,0" yaku="1,1,0,1,53,0" doraHai="37" doraHaiUra="119" who="0" fromWho="0" sc="240,40,270,-10,250,-5,220,-5" /><INIT seed="2,0,0,4,4,92" ten="280,260,245,215" oya="2" hai0="99,70,83,61,33,28,1,72,134,49,11,90,117" hai1="85,26,47,12,113,115,111,2,43,63,4,79,34" hai2="121,64,21,29,69,68,98,94,122,107,59,57,75" hai3="5,66,120,123,116,58,84,3,35,74,25,24,32"/><V88/><F75/><W96/><G74/><T95/><D134/><U105/><E2/><V18/><F29/><W51/><G116/><T53/><D117/><U23/><E111/><V128/><F128/><W9/><G84/><T7/><D28/><U19/><E105/><V87/><F57/><W77/><G77/><T65/><D33/><U38/><E63/><V37/><F37/><W127/><G127/><T0/><D72/><U101/><E101/><V39/><F39/><W17/><G35/><T30/><D30/><U91/><E79/><V22/><F22/><W106/><G32/><T15/><REACH who="0" step="1"/><D83/><REACH who="0" ten="270,260,245,215" step="2"/><U31/><E34/><V46/><F122/><W109/><G120/><T62/><D62/><U133/><E31/><V129/><F121/><W10/><G123/><T130/><D130/><U126/><E133/><V131/><F129/><W40/><G109/><T93/><D93/><U50/><E126/><V60/><F131/><W81/><G81/><T132/><D132/><U42/><E113/><V112/><F112/><W82/><G82/><T135/><D135/><U27/><E115/><V41/><F107/><W118/><G118/><T89/><D89/><U102/><E91/><V71/><F87/><W78/><G106/><T100/><D100/><U76/><E102/><V80/><F80/><W104/><G104/><T103/><D103/><U97/><E85/><V55/><F88/><W8/><G78/><T48/><D48/><U86/><E76/><V110/><F94/><W20/><G51/><T6/><D6/><U119/><E119/><V124/><F124/><W67/><G5/><RYUUKYOKU ba="0,1" sc="270,30,260,-10,245,-10,215,-10" hai0="0,1,7,11,15,49,53,61,65,70,90,95,99" /><INIT seed="3,1,1,1,0,61" ten="300,250,235,205" oya="3" hai0="75,12,114,121,92,86,113,9,83,63,91,0,101" hai1="109,26,116,2,96,127,40,131,66,10,135,112,103" hai2="72,87,44,79,18,48,88,77,45,32,74,107,110" hai3="6,78,90,106,98,22,115,99,95,70,117,85,102"/><W82/><G115/><N who="0" m="44043" /><D121/><U62/><E112/><V5/><F107/><W133/><G117/><T73/><D0/><U52/><E116/><V27/><F5/><W34/><G34/><T8/><D63/><U19/><E40/><V132/><F110/><W47/><G133/><T1/><D1/><U69/><E109/><V54/><F44/><W35/><G35/><T100/><D8/><U43/><E43/><V55/><F55/><W21/><G70/><T119/><D119/><U33/><E135/><V81/><F132/><W67/><G67/><T59/><D59/><U76/><E52/><V71/><F71/><W42/><REACH who="3" step="1"/><G6/><REACH who="3" ten="300,250,235,195" step="2"/><N who="0" m="3127" /><D83/><U60/><E66/><V24/><F32/><W25/><G25/><T80/><D80/><U129/><E69/><V58/><F27/><W50/><AGARI ba="1,2" hai="21,22,42,47,50,78,82,85,90,95,98,99,102,106" machi="50" ten="20,7800,0" yaku="1,1,0,1,7,1,53,1" doraHai="61" doraHaiUra="36" who="3" fromWho="3" sc="300,-27,250,-27,235,-27,195,101" /><INIT seed="3,2,0,2,0,103" ten="273,223,208,296" oya="3" hai0="132,20,49,111,19,127,18,90,94,133,134,116,135" hai1="86,104,97,32,78,30,118,52,38,48,23,81,130" hai2="0,95,7,9,123,107,79,71,96,77,12,58,75" hai3="108,51,121,128,87,124,24,85,3,59,57,122,16"/><W43/><G3/><T109/><D134/><U40/><E130/><V110/><F110/><N who="0" m="41994" /><D116/><U125/><E118/><V70/><F123/><W84/><G108/><T41/><D127/><U131/><E125/><V101/><F58/><W83/><G124/><T28/><D28/><U117/><E117/><V129/><F129/><W11/><G128/><T102/><D102/><U2/><E2/><V37/><F12/><N who="3" m="7199" /><G121/><T76/><D76/><U112/><E131/><V92/><F37/><W99/><G122/><T126/><D126/><U60/><E38/><V113/><F113/><W63/><G99/><N who="0" m="57815" /><D20/><U62/><E23/><V39/><F77/><N who="3" m="46191" /><G24/><T106/><D106/><U14/><E104/><V1/><F1/><W66/><G59/><T46/><AGARI ba="2,0" hai="18,19,41,46,49,132,133,135" m="57815,41994" machi="46" ten="40,2700,0" yaku="20,1,14,1" doraHai="103" who="0" fromWho="0" sc="273,33,223,-9,208,-9,296,-15" owari="306,40.6,214,-18.6,199,-30.1,281,8.1" /></mjloggm>