<mjloggm ver="2.3"><GO type="225" lobby="0"/><UN n0="%E5%AF%82%E5%AF%9E%E3%82%AE%E3%83%8D%E3%82%B9%E3%83%93%E3%83%BC%E3%83%AB" n1="%73%75%7A%75%6D%65%33" n2="%33%74%72%65%65" n3="%E3%82%A2%E3%83%BC%E3%83%A2%E3%83%AD%E3%83%BC%E3%83%B4%E3%82%A1" dan="16,17,16,16" rate="2167.99,2198.79,2083.17,2137.97" sx="M,M,M,M"/><TAIKYOKU oya="0"/><INIT seed="0,0,0,0,4,67" ten="250,250,250,250" oya="0" hai0="90,102,108,1,25,31,7,6,71,100,18,11,82" hai1="112,83,135,36,98,80,89,64,87,42,58,84,93" hai2="46,125,120,34,47,57,132,86,12,106,111,69,13" hai3="124,55,52,3,56,103,19,114,116,2,115,63,126"/><T105/><D108/><U81/><E36/><V0/><F86/><N who="1" m="32809" /><E42/><V9/><F57/><N who="3" m="35239" /><G19/><T62/><D90/><U38/><E38/><V30/><F47/><W5/><G103/><T117/><D82/><U122/><E122/><V133/><F46/><W68/><G68/><T48/><D117/><U39/><E39/><V121/><F69/><W73/><G73/><T35/><D48/><U28/><E28/><V77/><F77/><W50/><G116/><T74/><D74/><U109/><E109/><V60/><F60/><W88/><G88/><T66/><D102/><U24/><E24/><N who="2" m="18759" /><F106/><W78/><G78/><T14/><REACH who="0" step="1"/><D1/><REACH who="0" ten="240,250,250,250" step="2"/><U94/><E89/><V75/><F75/><W107/><G2/><T23/><D23/><U79/><E81/><V29/><F111/><W134/><G3/><T27/><D27/><U129/><E80/><V95/><F0/><W76/><G76/><T40/><D40/><U128/><E83/><V96/><F121/><W41/><G41/><T72/><D72/><U110/><E79/><V15/><F120/><W123/><G123/><T49/><D49/><U51/><E110/><V43/><F43/><W45/><G50/><T37/><D37/><U16/><E51/><V32/><F32/><W131/><G45/><T91/><D91/><U21/><E21/><V118/><F118/><W65/><G115/><T22/><D22/><U101/><E101/><V127/><F133/><W59/><G114/><T20/><D20/><U33/><E135/><V99/><F132/><W54/><G134/><T26/><D26/><U92/><E112/><V130/><F29/><RYUUKYOKU ba="0,1" sc="240,30,250,-10,250,-10,250,-10" hai0="6,7,11,14,18,25,31,35,62,66,71,100,105" /><INIT seed="0,1,1,2,3,59" ten="270,240,240,240" oya="0" hai0="57,61,11,124,35,33,133,123,58,23,83,5,97" hai1="42,22,106,116,107,131,86,128,112,3,39,0,1" hai2="21,130,8,119,75,48,62,80,94,15,17,25,117" hai3="85,49,108,32,12,55,81,90,46,14,102,66,16"/><T51/><D123/><U69/><E116/><N who="2" m="44619" /><F130/><N who="1" m="49705" /><E112/><V78/><F48/><W34/><G108/><T40/><D124/><U76/><E69/><V88/><F62/><W73/><G73/><T7/><D133/><U92/><E22/><V54/><F54/><W109/><G109/><T53/><D23/><U47/><E76/><V125/><F125/><W95/><G66/><T28/><D28/><U89/><AGARI ba="1,1" hai="0,1,3,39,42,47,86,89,92,106,107" m="49705" machi="89" ten="40,1500,0" yaku="19,1" doraHai="59" who="1" fromWho="1" sc="270,-8,240,28,240,-5,240,-5" /><INIT seed="1,0,0,2,0,89" ten="262,268,235,235" oya="1" hai0="126,113,98,134,56,94,69,118,51,43,20,81,133" hai1="72,93,12,33,34,10,63,123,106,55,74,5,21" hai2="120,125,50,104,112,18,44,28,129,29,48,135,79" hai3="103,91,23,22,1,17,127,110,27,96,88,36,102"/><U71/><E106/><V7/><F120/><W61/><G110/><T124/><D113/><U35/><E123/><V0/><F104/><W128/><G128/><T52/><D118/><U82/><E82/><V62/><F62/><W30/><G127/><N who="0" m="48683" /><D69/><U38/><E38/><V8/><F125/><W42/><G1/><T53/><D81/><U40/><E40/><V75/><F129/><W64/><G42/><T41/><D20/><U32/><E55/><N who="0" m="21065" /><D56/><U77/><E77/><V46/><F112/><W116/><G36/><T131/><D131/><U49/><E49/><V60/><F50/><W80/><G80/><T117/><D117/><U107/><E107/><V121/><F48/><W47/><G47/><N who="0" m="26095" /><D43/><U54/><E21/><V101/><F44/><W85/><G116/><T39/><D39/><U25/><E35/><V100/><F46/><W37/><G37/><T9/><D9/><U108/><E34/><V115/><F115/><W13/><G64/><T132/><D132/><U19/><E33/><V4/><F135/><W130/><G61/><T67/><D67/><U45/><E32/><V122/><F122/><W76/><G130/><T16/><D16/><U105/><E71/><V31/><F121/><W59/><G59/><T11/><D11/><U68/><E68/><V90/><F8/><W114/><G76/><T14/><D14/><U66/><E63/><V6/><F18/><W24/><G13/><T86/><D86/><U2/><E66/><V109/><F7/><W95/><G114/><T87/><D87/><U57/><E5/><V99/><F6/><W92/><AGARI ba="0,0" hai="17,22,23,24,27,30,85,88,91,92,95,96,102,103" machi="92" ten="20,12000,2" yaku="5,1,0,1,7,1,8,1,52,2,54,1" doraHai="89" who="3" fromWho="3" sc="262,-30,268,-60,235,-30,235,120" /><INIT seed="2,0,0,4,5,17" ten="232,208,205,355" oya="2" hai0="90,102,72,66,58,44,46,98,87,9,131,31,37" hai1="61,65,78,43,96,79,22,74,5,42,14,135,110" hai2="83,59,109,114,38,34,116,25,45,6,47,93,115" hai3="117,35,4,48,29,92,80,57,52,15,100,24,60"/><V134/><F116/><W128/><G117/><T19/><D72/><U69/><E110/><V56/><F109/><W16/><G128/><T18/><D31/><U106/><E135/><V13/><F134/><W50/><G4/><T112/><D112/><U129/><E129/><V8/><F115/><W0/><G0/><T88/><D131/><U133/><E133/><V104/><F104/><W82/><G92/><N who="0" m="58695" /><D37/><U71/><E71/><V76/><F114/><W121/><G100/><T30/><D30/><U63/><E106/><V10/><F93/><W26/><G26/><T36/><D36/><U124/><E124/><V77/><F34/><W132/><G121/><T12/><D19/><N who="1" m="10615" /><E69/><V84/><F76/><N who="1" m="29225" /><E74/><V123/><F123/><W85/><G132/><T39/><D39/><U51/><E5/><V127/><F127/><W1/><G1/><T75/><D75/><U3/><E3/><V108/><F108/><W97/><G97/><T89/><D87/><U94/><E65/><V103/><F38/><W11/><G80/><T120/><D120/><U81/><E81/><V27/><F103/><W126/><G126/><T118/><D118/><U105/><E105/><V130/><F130/><W122/><G122/><T33/><D33/><U64/><E64/><V53/><F83/><W23/><G35/><T73/><D73/><U32/><E32/><V113/><F113/><W119/><G119/><T28/><D28/><U62/><E51/><N who="2" m="28911" /><F77/><AGARI ba="0,0" hai="11,15,16,23,24,29,48,50,52,57,60,77,82,85" machi="77" ten="30,8000,1" yaku="7,1,8,1,52,1,54,2" doraHai="17" who="3" fromWho="2" sc="232,0,208,0,205,-80,355,80" /><INIT seed="3,0,0,2,4,3" ten="232,208,125,435" oya="3" hai0="131,52,76,23,111,56,86,109,106,67,125,71,121" hai1="105,12,48,55,46,102,72,80,7,124,24,9,14" hai2="82,22,132,20,17,0,27,5,43,115,32,87,54" hai3="84,73,117,25,133,107,35,6,81,88,21,93,29"/><W11/><G117/><T61/><D121/><U127/><E24/><V63/><F115/><W110/><G107/><T79/><D125/><N who="1" m="48203" /><E102/><V59/><F132/><W85/><G133/><T33/><D131/><U135/><E105/><V31/><F43/><W42/><G42/><T103/><D33/><U8/><E135/><V99/><F99/><W108/><G73/><T123/><D123/><U62/><E62/><V58/><F32/><W38/><G38/><T44/><D44/><U4/><E80/><V95/><F95/><W68/><G68/><T50/><D23/><U92/><E92/><V41/><F41/><W97/><G35/><T104/><D104/><U19/><E72/><V69/><F69/><W89/><G97/><N who="0" m="61807" /><D86/><U116/><E116/><V128/><F128/><W96/><G96/><T2/><D2/><U47/><E47/><V40/><F40/><W70/><G70/><T53/><D53/><U94/><E94/><V36/><F36/><W15/><AGARI ba="0,0" hai="6,11,15,21,25,29,81,84,85,88,89,93,108,110" machi="15" ten="30,6000,0" yaku="0,1,52,1,54,1" doraHai="3" who="3" fromWho="3" sc="232,-20,208,-20,125,-20,435,60" owari="212,1.2,188,-21.2,105,-39.5,495,59.5" /></mjloggm>