<mjloggm ver="2.3"><GO type="225" lobby="0"/><UN n0="%74%61%6B%75%61%6B%61" n1="%E9%80%9F%E6%B0%B4%E5%87%9B%E9%A6%99" n2="%E8%81%B7%E6%A5%AD%E3%80%81%E9%A2%A8%32" n3="%E9%B3%B3%E6%9D%B1%E3%81%AE%E3%81%86%E3%81%95%E3%81%8E%E3%81%95%E3%82%93" dan="17,16,16,16" rate="2183.14,2172.42,2111.25,2160.66" sx="M,F,M,M"/><TAIKYOKU oya="0"/><INIT seed="0,0,0,1,1,106" ten="250,250,250,250" oya="0" hai0="72,45,53,63,14,8,135,46,94,125,89,119,87" hai1="30,39,64,91,68,84,25,52,34,6,17,56,57" hai2="7,75,83,3,113,76,117,9,27,12,66,112,93" hai3="29,13,22,59,44,103,96,92,110,43,120,116,40"/><T62/><D119/><U61/><E39/><V131/><F131/><W2/><G110/><T4/><D125/><U0/><E0/><V50/><F117/><W5/><G116/><T95/><D135/><U77/><E6/><V78/><F66/><W24/><G120/><T74/><D95/><U49/><E17/><V42/><F78/><W105/><G2/><T48/><REACH who="0" step="1"/><D45/><REACH who="0" ten="240,250,250,250" step="2"/><U11/><E11/><V36/><F93/><W104/><G104/><T128/><D128/><U108/><E108/><V65/><F113/><W32/><G105/><T21/><D21/><U70/><REACH who="1" step="1"/><E77/><REACH who="1" ten="240,240,250,250" step="2"/><V60/><F76/><W58/><G32/><T129/><D129/><U99/><E99/><V71/><F112/><W19/><G96/><T90/><D90/><U37/><E37/><V124/><F36/><W80/><G22/><T118/><D118/><U133/><E133/><V126/><F126/><W10/><G10/><T114/><D114/><U134/><E134/><V67/><F124/><W15/><G103/><T85/><D85/><U38/><E38/><V132/><F132/><W130/><G130/><T111/><D111/><U18/><E18/><V123/><F9/><W28/><G19/><T73/><AGARI ba="0,2" hai="4,8,14,46,48,53,62,63,72,73,74,87,89,94" machi="73" ten="30,12000,1" yaku="1,1,0,1,52,3,53,0" doraHai="106" doraHaiUra="115" who="0" fromWho="0" sc="240,140,240,-40,250,-40,250,-40" /><INIT seed="0,1,0,5,4,80" ten="380,200,210,210" oya="0" hai0="106,71,79,87,132,131,88,6,128,58,39,40,100" hai1="112,113,77,94,102,121,89,44,82,43,3,51,47" hai2="7,42,65,125,57,72,133,0,18,110,124,60,96" hai3="114,118,83,20,48,116,16,49,2,117,103,31,90"/><T74/><D71/><U129/><E3/><V98/><F72/><W73/><G114/><N who="1" m="44138" /><E121/><V38/><F110/><W92/><G2/><T134/><D6/><U45/><E102/><V93/><F133/><N who="0" m="51306" /><D79/><U99/><E129/><N who="0" m="49737" /><D74/><AGARI ba="1,0" hai="43,44,45,47,51,74,77,82,89,94,99" m="44138" machi="74" ten="30,1000,0" yaku="11,1" doraHai="80" who="1" fromWho="0" sc="380,-13,200,13,210,0,210,0" /><INIT seed="1,0,0,2,1,24" ten="367,213,210,210" oya="1" hai0="70,82,57,12,128,80,43,35,21,93,15,13,131" hai1="19,134,37,133,120,74,23,111,6,94,47,51,0" hai2="113,135,129,42,86,34,125,50,46,73,14,127,4" hai3="97,110,75,17,36,78,9,60,61,96,54,130,83"/><U104/><E104/><V69/><F73/><W53/><G36/><T89/><D70/><U81/><E120/><V85/><F69/><W90/><G110/><T100/><D100/><U68/><E68/><V22/><F34/><W63/><G130/><N who="0" m="49707" /><D35/><U65/><E65/><V45/><F113/><W92/><REACH who="3" step="1"/><G97/><REACH who="3" ten="367,213,210,200" step="2"/><N who="0" m="57519" /><D43/><U66/><E111/><V39/><F129/><W115/><G115/><T79/><D79/><U27/><E134/><V32/><F135/><W98/><G98/><T59/><D21/><U25/><E133/><V30/><F32/><W8/><G8/><T28/><D28/><U55/><E23/><V95/><F30/><W5/><G5/><T10/><D10/><U118/><E6/><V72/><F4/><W76/><G76/><T64/><D64/><U40/><E66/><V67/><F67/><W38/><G38/><T107/><D107/><U62/><E37/><V102/><F39/><W48/><G48/><T2/><D2/><U33/><E0/><V106/><F50/><W121/><G121/><T11/><D11/><U7/><E51/><V29/><F29/><W44/><G44/><T91/><D91/><U123/><E123/><V18/><F46/><W103/><G103/><T58/><AGARI ba="0,1" hai="12,13,15,57,58,59,80,82" m="57519,49707" machi="58" ten="40,1500,0" yaku="19,1" doraHai="24" who="0" fromWho="0" sc="367,25,213,-7,210,-4,200,-4" /><INIT seed="2,0,0,0,4,133" ten="392,206,206,196" oya="2" hai0="95,91,76,102,52,73,23,55,122,11,83,99,129" hai1="31,10,60,114,0,75,126,98,93,18,33,24,110" hai2="87,56,92,9,41,7,57,86,74,67,107,125,22" hai3="32,5,28,104,128,116,59,50,39,44,58,12,130"/><V100/><F125/><W96/><G116/><T14/><D122/><U108/><E75/><V77/><F107/><W84/><G39/><T35/><D35/><U27/><E114/><V71/><F71/><W25/><G84/><N who="0" m="52711" /><D23/><U29/><E60/><V120/><F120/><W4/><G96/><T106/><D129/><N who="3" m="49769" /><G104/><T111/><D111/><N who="1" m="42539" /><E126/><V127/><F127/><W109/><G109/><T43/><D43/><U105/><E105/><V134/><F134/><W82/><G82/><T63/><D63/><U94/><E98/><N who="2" m="59463" /><F74/><W66/><G12/><T38/><D38/><U97/><E97/><V61/><F41/><N who="3" m="24847" /><G66/><T123/><D123/><U40/><E40/><V88/><F77/><W69/><G69/><T36/><D36/><U19/><E94/><N who="2" m="54551" /><F87/><W131/><N who="3" m="49777" /><W8/><DORA hai="51" /><G8/><T26/><D26/><U13/><E93/><V101/><F101/><W103/><G103/><T6/><AGARI ba="0,0" hai="6,11,14,52,55,73,76,83,99,102,106" m="52711" machi="6" ten="30,7900,0" yaku="24,1,52,2,54,1" doraHai="133,51" who="0" fromWho="0" sc="392,79,206,-20,206,-39,196,-20" /><INIT seed="3,0,0,3,1,58" ten="471,186,167,176" oya="3" hai0="125,54,11,74,10,116,72,36,115,62,135,26,87" hai1="55,35,34,60,91,75,84,23,105,97,99,25,95" hai2="66,120,129,61,67,113,24,79,43,134,47,63,20" hai3="3,77,112,46,18,108,12,51,7,101,42,64,5"/><W71/><G112/><T40/><D116/><U127/><E75/><V73/><F113/><W81/><G3/><T44/><D115/><U45/><E127/><V52/><F120/><W15/><G108/><T111/><D125/><U98/><E105/><V38/><F129/><W65/><G101/><T107/><D107/><U119/><E119/><V118/><F118/><W21/><G71/><T117/><D117/><U88/><E34/><V1/><F1/><W8/><REACH who="3" step="1"/><G7/><REACH who="3" ten="471,186,167,166" step="2"/><T4/><D111/><U29/><E35/><V83/><F134/><W92/><G92/><T104/><D135/><U6/><E6/><V110/><F110/><W126/><G126/><T114/><D114/><U121/><E121/><V2/><F2/><W133/><G133/><T33/><D104/><U102/><E102/><V78/><F78/><W90/><G90/><T59/><D4/><U0/><E0/><V103/><F103/><W56/><G56/><T28/><D59/><N who="1" m="34943" /><E45/><V39/><F47/><W85/><AGARI ba="0,1" hai="5,8,12,15,18,21,42,46,51,64,65,77,81,85" machi="85" ten="20,18000,2" yaku="1,1,0,1,7,1,25,2,8,1,53,0" doraHai="58" doraHaiUra="30" who="3" fromWho="3" sc="471,-60,186,-60,167,-60,166,190" /><INIT seed="3,1,0,4,1,45" ten="411,126,107,356" oya="3" hai0="32,92,93,15,65,35,129,47,95,100,13,78,40" hai1="52,10,48,1,125,3,46,120,72,124,38,133,108" hai2="14,71,39,29,44,107,12,31,5,89,22,83,24" hai3="121,104,101,20,4,118,43,11,80,55,53,84,68"/><W88/><G118/><T105/><D129/><U111/><E72/><V126/><F107/><W91/><G121/><T87/><D65/><U114/><E120/><V27/><F71/><W86/><G68/><T16/><D105/><U130/><E114/><V18/><F126/><N who="1" m="48745" /><E133/><V51/><F39/><W42/><G104/><T54/><D100/><U117/><E117/><V69/><F69/><W131/><G131/><T56/><D15/><N who="2" m="5674" /><F5/><W76/><G101/><T75/><D75/><U9/><E38/><V110/><F110/><N who="1" m="42025" /><E130/><V23/><F83/><N who="3" m="49183" /><G11/><AGARI ba="1,0" hai="1,3,9,10,11,46,48,52" m="42025,48745" machi="11" ten="30,7700,0" yaku="18,1,14,1,52,1,54,1" doraHai="45" who="1" fromWho="3" sc="411,0,126,80,107,0,356,-80" owari="411,51.1,206,-19.4,107,-39.3,276,7.6" /></mjloggm>