<mjloggm ver="2.3"><GO type="225" lobby="0"/><UN n0="%E3%82%A2%E3%83%9E%E3%83%9D%EF%BD%9E%EF%BD%9E%E3%83%A9" n1="%77%72%77%72%77%72%77%72" n2="%E3%81%B2%E3%81%AA%E3%81%AE%E3%82%8A%E3%81%8F" n3="%E6%B4%BE%E9%81%A3%E3%81%AE%E3%82%B8%E3%83%A3%E3%83%83%E3%82%AF" dan="17,17,17,17" rate="2128.40,2218.88,2203.32,2217.94" sx="M,M,M,M"/><TAIKYOKU oya="0"/><INIT seed="0,0,0,0,2,74" ten="250,250,250,250" oya="0" hai0="8,43,128,69,112,19,90,9,55,1,71,15,13" hai1="21,92,17,77,49,50,67,44,102,129,86,116,60" hai2="34,117,30,25,119,72,14,64,88,106,100,0,97" hai3="38,131,83,68,31,39,5,94,91,16,47,42,59"/><T108/><D112/><U6/><E129/><V120/><F120/><W80/><G68/><T41/><D128/><U24/><E116/><N who="2" m="44619" /><F0/><W96/><G131/><T89/><D1/><U104/><E6/><V10/><F64/><W127/><G5/><T70/><D55/><U115/><E115/><V56/><F56/><W76/><G31/><T99/><D108/><U110/><E110/><V37/><F37/><W32/><G32/><T133/><D133/><U11/><E11/><V103/><F72/><W121/><G127/><T113/><D113/><U46/><E104/><V95/><F106/><W28/><G28/><T26/><D26/><U23/><E23/><V20/><F20/><W61/><G121/><T125/><D125/><U123/><E123/><V12/><F12/><W40/><G39/><T122/><D122/><U48/><E102/><V111/><F111/><W58/><G40/><T66/><D66/><U81/><REACH who="1" step="1"/><E92/><REACH who="1" ten="250,240,250,250" step="2"/><V98/><F98/><W4/><G4/><AGARI ba="0,1" hai="4,10,14,25,30,34,88,95,97,100,103" m="44619" machi="4" ten="30,2000,0" yaku="12,1,54,1" doraHai="74" who="2" fromWho="3" sc="250,0,240,0,250,30,250,-20" /><INIT seed="1,0,0,5,3,25" ten="250,240,280,230" oya="1" hai0="66,71,30,54,16,103,132,28,0,4,52,86,20" hai1="38,131,111,95,24,14,7,117,63,68,1,44,127" hai2="5,72,46,79,2,40,33,58,32,134,101,92,81" hai3="99,8,74,48,91,23,90,106,29,43,135,123,70"/><U47/><E117/><V98/><F134/><W61/><G123/><T69/><D132/><U18/><E131/><V39/><REACH who="2" step="1"/><F58/><REACH who="2" ten="250,240,270,230" step="2"/><W88/><G135/><T51/><D71/><U110/><E68/><V125/><F125/><W124/><G124/><T115/><D69/><U100/><E127/><V109/><F109/><W76/><G70/><T129/><D129/><U64/><E111/><V49/><F49/><W45/><G61/><T82/><D115/><U102/><E110/><V118/><F118/><W27/><G8/><AGARI ba="0,1" hai="2,5,8,32,33,39,40,46,72,79,81,92,98,101" machi="8" ten="40,5200,0" yaku="1,1,25,2,53,0" doraHai="25" doraHaiUra="116" who="2" fromWho="3" sc="250,0,240,0,270,62,230,-52" /><INIT seed="2,0,0,3,2,30" ten="250,240,332,178" oya="2" hai0="101,22,6,106,132,53,35,99,13,64,33,124,18" hai1="51,28,78,10,41,133,73,37,50,4,2,117,61" hai2="21,34,102,27,128,3,89,96,31,58,16,123,60" hai3="43,47,86,129,19,76,87,52,103,80,100,55,90"/><V42/><F3/><W36/><G129/><T12/><D124/><U135/><E117/><V130/><F42/><W63/><G19/><T77/><D132/><N who="1" m="50763" /><E28/><V95/><F123/><W119/><G119/><T107/><D77/><U91/><E91/><V20/><F102/><W15/><G15/><T108/><D108/><U121/><E121/><V57/><F34/><W118/><G118/><T85/><D107/><U72/><E61/><V11/><F11/><W48/><G63/><T97/><D99/><U67/><E67/><V14/><REACH who="2" step="1"/><F58/><REACH who="2" ten="250,240,322,178" step="2"/><W0/><G0/><T8/><D35/><U49/><E41/><V68/><F68/><W40/><G40/><T1/><D33/><U134/><E134/><V122/><F122/><W112/><G112/><T17/><D1/><U29/><E10/><V23/><F23/><W126/><G126/><T110/><D22/><U65/><E2/><V109/><F109/><W25/><G25/><T66/><D110/><U115/><E115/><V93/><F93/><N who="3" m="54495" /><G36/><T92/><D92/><U127/><E37/><V83/><F83/><W116/><G116/><T82/><D8/><U46/><E127/><V81/><F81/><W125/><G125/><T111/><D82/><U88/><E4/><V120/><F120/><W62/><G43/><T54/><D6/><U71/><E71/><V7/><F7/><W105/><G105/><T79/><D111/><U56/><E56/><AGARI ba="0,1" hai="47,48,52,55,56,62,76,80,86,100,103" m="54495" machi="56" ten="30,2000,0" yaku="8,1,54,1" doraHai="30" who="3" fromWho="1" sc="250,0,240,-20,322,0,178,30" /><INIT seed="3,0,0,3,5,50" ten="250,220,322,208" oya="3" hai0="126,51,109,88,113,121,43,65,12,34,135,21,26" hai1="104,53,94,124,62,70,18,25,55,96,41,114,69" hai2="11,133,118,108,93,78,103,106,56,40,66,91,13" hai3="112,49,57,39,90,134,60,37,2,83,1,130,54"/><W9/><G112/><T3/><D121/><U35/><E114/><V92/><F40/><W117/><G117/><T100/><D3/><U87/><E124/><V31/><F78/><W127/><G127/><T47/><D135/><U29/><E41/><V82/><F108/><W10/><G134/><T14/><D109/><U23/><E87/><V77/><F31/><W16/><G130/><T85/><D34/><U89/><E104/><V15/><F15/><N who="0" m="5674" /><D126/><U115/><E115/><V4/><F118/><W79/><G90/><T128/><D128/><U125/><E125/><V99/><F91/><W131/><G131/><T20/><D65/><U75/><E75/><V98/><F98/><W44/><G37/><T32/><D32/><U110/><E110/><V76/><F76/><W107/><G39/><T30/><D100/><U81/><E81/><V36/><F36/><W102/><G102/><T5/><D5/><U122/><E122/><V27/><F27/><W132/><G107/><T17/><D113/><U0/><E0/><N who="3" m="106" /><G16/><T63/><D63/><U74/><E74/><V28/><F28/><W59/><G132/><T67/><D67/><U58/><E70/><V97/><F97/><W73/><G60/><T61/><D61/><U86/><E69/><V24/><F133/><W48/><G48/><T68/><D68/><U101/><E35/><V8/><F106/><W7/><G7/><T42/><D42/><U52/><E18/><V84/><F4/><W45/><G59/><T19/><D21/><U71/><E71/><V33/><F103/><W38/><G38/><T129/><D129/><RYUUKYOKU ba="0,0" sc="250,10,220,10,322,-30,208,10" hai0="17,19,20,26,30,43,47,51,85,88" hai1="23,25,29,52,53,55,58,62,86,89,94,96,101" hai3="9,10,44,45,49,54,57,73,79,83" /><INIT seed="3,1,0,1,3,51" ten="260,230,292,218" oya="3" hai0="11,58,28,17,115,133,31,76,2,92,112,59,131" hai1="125,44,54,34,36,42,56,102,89,98,25,46,5" hai2="79,22,124,39,111,91,1,19,104,71,12,50,47" hai3="88,116,26,87,81,110,103,53,96,33,65,68,21"/><W55/><G116/><T95/><D76/><U20/><E125/><V130/><F39/><W62/><G110/><T93/><D131/><U127/><E127/><V6/><F124/><W113/><G113/><N who="0" m="43595" /><D133/><U90/><E34/><V13/><F71/><W45/><G45/><T0/><D17/><U97/><E5/><V15/><F104/><N who="3" m="63591" /><G21/><T77/><D77/><U49/><E56/><N who="0" m="21545" /><D11/><U85/><E102/><V128/><F79/><W74/><G74/><T120/><D120/><U70/><E70/><V8/><F111/><W114/><G114/><T100/><D100/><U119/><E90/><V83/><F91/><W57/><G57/><T107/><D107/><U27/><E27/><V7/><F7/><W84/><G84/><T118/><D118/><U105/><E105/><V75/><F75/><W101/><G101/><T129/><D129/><N who="2" m="49770" /><F83/><W82/><G81/><T52/><D52/><AGARI ba="1,0" hai="1,6,8,12,13,15,19,22,47,50,52" m="49770" machi="52" ten="30,3900,0" yaku="19,1,52,1,54,1" doraHai="51" who="2" fromWho="0" sc="260,-42,230,0,292,42,218,0" owari="218,-18.2,230,3.0,334,43.4,218,-28.2" /></mjloggm>