<mjloggm ver="2.3"><GO type="225" lobby="0"/><UN n0="%6D%75%75%6D%75%72%61" n1="%E3%81%9F%E3%81%93%E2%98%86%E7%84%BC%E3%81%8D" n2="%E3%82%8A%E3%82%87%E3%81%91%E3%81%99" n3="%E3%81%95%E3%81%8D%E3%81%9F%E3%81%BE%E6%9E%97%E6%AA%8E" dan="16,16,16,16" rate="2117.86,2099.74,2138.93,2069.22" sx="F,M,M,M"/><TAIKYOKU oya="0"/><INIT seed="0,0,0,2,4,58" ten="250,250,250,250" oya="0" hai0="98,106,78,47,65,48,123,49,96,21,75,1,94" hai1="76,87,122,32,81,44,39,38,22,104,113,20,34" hai2="18,67,25,108,102,101,56,77,59,92,43,99,84" hai3="42,117,125,91,31,11,46,79,17,93,124,82,4"/><T27/><D123/><U126/><E104/><V33/><F108/><W7/><G117/><T63/><D1/><U12/><E126/><N who="3" m="48746" /><G31/><T100/><D75/><U114/><E122/><V128/><F128/><W74/><G17/><T89/><D78/><U52/><E20/><N who="2" m="13463" /><F33/><N who="1" m="12905" /><E12/><V9/><F43/><W111/><G111/><T129/><D47/><U36/><E22/><V127/><F127/><W57/><G57/><N who="2" m="22089" /><F67/><W72/><G72/><T115/><D129/><U73/><E73/><V133/><F133/><W50/><G11/><T121/><D121/><U109/><E109/><V51/><F51/><W135/><G135/><T132/><D132/><U61/><E44/><V37/><F37/><W68/><G68/><T40/><D40/><U24/><E24/><V5/><F101/><W8/><G8/><T29/><REACH who="0" step="1"/><D115/><REACH who="0" ten="240,250,250,250" step="2"/><U88/><E76/><V130/><F130/><W10/><G10/><T110/><D110/><U85/><E114/><V3/><F3/><W54/><G42/><T120/><D120/><U60/><E113/><V134/><F134/><W70/><G70/><AGARI ba="0,1" hai="21,27,29,48,49,63,65,70,89,94,96,98,100,106" machi="70" ten="30,5800,0" yaku="1,1,7,1,52,1,53,0" doraHai="58" doraHaiUra="107" who="0" fromWho="3" sc="240,68,250,0,250,0,250,-58" /><INIT seed="0,1,0,1,5,66" ten="308,250,250,192" oya="0" hai0="60,114,63,118,42,37,95,32,2,120,17,19,135" hai1="74,11,8,79,104,65,85,30,57,125,20,126,81" hai2="132,76,21,127,93,78,105,40,44,31,89,72,100" hai3="0,71,129,113,13,18,52,41,86,110,67,38,91"/><T1/><D114/><U25/><E104/><V88/><F127/><N who="1" m="48649" /><E74/><V82/><F132/><W26/><G110/><T102/><D118/><U7/><E7/><V50/><F105/><W98/><G113/><T68/><D120/><U9/><E57/><V61/><F76/><W111/><G111/><T77/><D32/><U117/><E65/><V133/><F133/><W112/><G129/><T108/><D108/><U53/><E53/><V24/><REACH who="2" step="1"/><F61/><REACH who="2" ten="308,250,240,192" step="2"/><W99/><G112/><T128/><D63/><U115/><E115/><V69/><F69/><W43/><G71/><T15/><D60/><U116/><AGARI ba="1,1" hai="8,9,11,20,25,30,79,81,85,116,117" m="48649" machi="116" ten="40,1500,0" yaku="18,1" doraHai="66" who="1" fromWho="1" sc="308,-8,250,28,240,-5,192,-5" /><INIT seed="1,0,0,3,3,6" ten="300,278,235,187" oya="1" hai0="71,96,1,42,134,106,69,84,97,73,59,43,132" hai1="32,100,111,77,24,25,83,68,27,54,55,121,31" hai2="95,62,48,64,58,38,29,94,112,46,125,11,30" hai3="79,51,45,114,17,115,66,41,67,90,110,76,103"/><U5/><E121/><V56/><F125/><W89/><G110/><T57/><D73/><U92/><E68/><N who="0" m="26185" /><D84/><U129/><E129/><V52/><F112/><W7/><G103/><T105/><D1/><U13/><E111/><V10/><F38/><W12/><G7/><T86/><D86/><U15/><E100/><V88/><F95/><W124/><G124/><T128/><D128/><U99/><E13/><V65/><F65/><N who="3" m="24587" /><G115/><T18/><D18/><U120/><E120/><V40/><F30/><W33/><G33/><T75/><D75/><U34/><E5/><V130/><F29/><W82/><G114/><T35/><D35/><U4/><E34/><V9/><F130/><W85/><G79/><T49/><D49/><U131/><E131/><V19/><F19/><W135/><G135/><N who="0" m="51755" /><D57/><U23/><E25/><V60/><F11/><AGARI ba="0,0" hai="11,12,17,41,45,51,76,82,85,89,90" m="24587" machi="11" ten="30,2000,0" yaku="8,1,52,1" doraHai="6" who="3" fromWho="2" sc="300,0,278,0,235,-20,187,20" /><INIT seed="2,0,0,1,0,129" ten="300,278,215,207" oya="2" hai0="130,3,71,6,83,92,121,42,62,60,86,50,45" hai1="5,35,58,23,122,9,30,120,67,28,118,36,40" hai2="97,55,57,61,59,15,74,32,47,90,106,100,66" hai3="24,91,79,53,127,51,20,69,13,88,63,131,109"/><V110/><F32/><W12/><G109/><T2/><D121/><U65/><E35/><V103/><F74/><W48/><G127/><T132/><D130/><U81/><E118/><V98/><F110/><W68/><G131/><T49/><D132/><U114/><E114/><V22/><F90/><N who="3" m="34347" /><G69/><T124/><D92/><U80/><E40/><V111/><F111/><W44/><G68/><T77/><D124/><U27/><E36/><V64/><F47/><N who="3" m="27807" /><G79/><T78/><D77/><U46/><E46/><V43/><F43/><N who="3" m="24991" /><G63/><T34/><D62/><U21/><E58/><V105/><F59/><W116/><G116/><T85/><D78/><U39/><E39/><V29/><REACH who="2" step="1"/><F15/><REACH who="2" ten="300,278,205,207" step="2"/><W128/><G128/><T7/><D34/><U133/><E122/><V72/><F72/><W104/><G104/><T96/><D71/><U87/><E120/><V117/><F117/><W1/><G1/><T113/><D3/><U17/><E87/><V101/><F101/><W75/><G75/><T108/><D2/><U99/><E99/><V8/><F8/><W56/><G56/><T93/><D108/><U119/><E9/><V11/><F11/><W135/><G135/><T16/><D85/><U123/><E133/><V112/><F112/><W26/><G26/><AGARI ba="0,1" hai="22,26,29,55,57,61,64,66,97,98,100,103,105,106" machi="26" ten="40,12000,1" yaku="1,1,9,1,53,2" doraHai="129" doraHaiUra="94" who="2" fromWho="3" sc="300,0,278,0,205,130,207,-120" /><INIT seed="2,1,0,1,4,51" ten="300,278,335,87" oya="2" hai0="42,82,37,31,17,131,63,30,130,35,85,88,109" hai1="118,3,113,79,43,12,36,74,101,115,34,10,29" hai2="121,126,75,83,6,127,47,102,46,56,132,4,94" hai3="65,13,100,99,68,9,89,87,119,107,52,133,86"/><V16/><F121/><W71/><G119/><T45/><D109/><U93/><E118/><V104/><F104/><W2/><G2/><T25/><D31/><U110/><E101/><V97/><F4/><W120/><G120/><T59/><REACH who="0" step="1"/><D17/><REACH who="0" ten="290,278,335,87" step="2"/><U105/><E110/><V64/><F16/><N who="3" m="8239" /><G133/><T108/><D108/><U19/><E29/><V135/><F132/><W70/><G70/><T24/><D24/><U124/><E19/><V96/><F135/><W49/><G71/><T11/><D11/><U129/><E10/><V90/><F6/><W106/><G68/><T80/><D80/><U57/><E115/><V38/><F83/><N who="3" m="49375" /><G107/><T20/><D20/><U81/><E113/><V8/><F8/><W122/><G122/><T58/><D58/><U15/><E57/><V27/><F56/><N who="3" m="32783" /><G106/><T44/><D44/><U5/><E105/><V73/><F47/><W1/><G1/><T54/><AGARI ba="1,1" hai="25,30,35,37,42,45,54,59,63,82,85,88,130,131" machi="54" ten="30,7900,0" yaku="1,1,0,1,52,1,54,1,53,0" doraHai="51" doraHaiUra="14" who="0" fromWho="0" sc="290,92,278,-21,335,-40,87,-21" /><INIT seed="3,0,0,0,4,0" ten="382,257,295,66" oya="3" hai0="39,114,61,71,127,120,29,24,134,67,11,21,86" hai1="1,83,16,93,50,81,5,44,12,96,75,34,94" hai2="130,55,115,63,104,59,15,79,107,122,28,78,19" hai3="6,98,129,116,100,108,8,105,3,91,111,118,60"/><W9/><G129/><T110/><D120/><U84/><E34/><V99/><F115/><W26/><G91/><T4/><D39/><U49/><E50/><V97/><F122/><W76/><G76/><N who="2" m="29225" /><F107/><W113/><G113/><T22/><D110/><N who="3" m="42025" /><G60/><T121/><D121/><U132/><E1/><V42/><F104/><W27/><G9/><T69/><D69/><U17/><E75/><V106/><F106/><W74/><G74/><T124/><D114/><U89/><E132/><V48/><F28/><W56/><G56/><T25/><D86/><U112/><E112/><V131/><F131/><W102/><G102/><T68/><D134/><U57/><E57/><V10/><F130/><W47/><G47/><AGARI ba="0,0" hai="10,15,19,42,47,48,55,59,63,97,99" m="29225" machi="47" ten="30,1000,0" yaku="8,1" doraHai="0" who="2" fromWho="3" sc="382,0,257,0,295,10,66,-10" owari="382,48.2,257,-14.3,305,10.5,56,-44.4" /></mjloggm>