<mjloggm ver="2.3"><GO type="225" lobby="0"/><UN n0="%E3%81%B5%E3%81%98%E3%81%8B%E3%81%A4" n1="%E6%B8%A9%E2%98%85%E6%83%85%E2%98%85%E6%8E%AA%E2%98%85%E7%BD%AE" n2="%E7%99%BD%E6%97%A5%E9%9B%AA%E8%8F%9C" n3="%E9%BB%92%E9%89%84%E7%8F%A0%E9%9B%AB" dan="17,18,17,16" rate="2208.70,2184.85,2219.62,2189.14" sx="M,M,M,M"/><TAIKYOKU oya="0"/><INIT seed="0,0,0,1,0,102" ten="250,250,250,250" oya="0" hai0="99,50,45,10,103,124,90,129,18,135,83,110,12" hai1="87,98,14,40,69,115,41,93,68,117,35,131,100" hai2="32,94,48,79,113,37,15,62,125,59,26,30,118" hai3="2,119,24,101,82,61,114,39,16,80,130,73,27"/><T7/><D124/><U126/><E117/><V3/><F3/><W28/><G114/><T21/><D135/><U112/><E126/><V70/><F37/><W75/><G2/><T23/><D129/><U128/><E35/><V91/><F125/><W106/><G39/><T47/><D110/><U134/><E134/><V11/><F113/><N who="1" m="43593" /><E14/><V71/><F79/><W88/><G119/><T8/><D83/><U111/><E111/><V0/><F48/><W108/><G108/><T34/><D90/><N who="1" m="53471" /><E68/><V72/><F72/><W25/><G75/><T67/><D67/><U20/><E20/><V92/><F0/><W107/><G73/><T85/><D85/><U33/><E33/><V97/><F94/><W74/><G74/><T105/><D34/><U133/><E69/><V38/><F38/><W44/><G82/><T132/><D132/><U51/><E133/><V4/><REACH who="2" step="1"/><F118/><REACH who="2" ten="250,250,240,250" step="2"/><W54/><G130/><N who="1" m="49706" /><E51/><V5/><F5/><W123/><G80/><T31/><D50/><U42/><E42/><V58/><F58/><W46/><G46/><T96/><D45/><U9/><E9/><V6/><F6/><W17/><G44/><T13/><D47/><U29/><E29/><V77/><F77/><W49/><G28/><T60/><D31/><U127/><E127/><V65/><AGARI ba="0,1" hai="4,11,15,26,30,32,59,62,65,70,71,91,92,97" machi="65" ten="20,2700,0" yaku="1,1,0,1,7,1,53,0" doraHai="102" doraHaiUra="43" who="2" fromWho="2" sc="250,-13,250,-7,240,37,250,-7" /><INIT seed="1,0,0,4,0,126" ten="237,243,277,243" oya="1" hai0="98,73,117,1,84,81,42,92,24,47,93,29,16" hai1="10,27,76,129,85,38,78,26,0,102,90,79,115" hai2="25,80,134,66,132,61,15,39,107,103,127,86,130" hai3="41,83,64,97,116,112,68,109,6,36,74,100,2"/><U4/><E115/><V120/><F39/><W31/><G112/><T82/><D117/><U135/><E135/><N who="2" m="51755" /><F120/><W87/><G31/><T37/><D1/><U11/><E38/><V23/><F127/><W62/><G116/><T5/><D5/><U94/><E129/><V106/><F15/><W110/><G6/><T60/><D60/><U17/><REACH who="1" step="1"/><E102/><REACH who="1" ten="237,233,277,243" step="2"/><V125/><F103/><W101/><G101/><T22/><D73/><U21/><E21/><V48/><F130/><W3/><G74/><T118/><D118/><U35/><E35/><V43/><F125/><W19/><G36/><T91/><REACH who="0" step="1"/><D29/><REACH who="0" ten="227,233,277,243" step="2"/><U53/><E53/><V33/><F43/><W63/><G41/><T121/><D121/><U56/><E56/><V34/><F34/><W65/><G109/><T20/><D20/><U14/><AGARI ba="0,2" hai="0,4,10,11,14,17,26,27,76,78,79,85,90,94" machi="14" ten="30,6000,0" yaku="1,1,0,1,53,1" doraHai="126" doraHaiUra="89" who="1" fromWho="1" sc="227,-20,233,80,277,-20,243,-20" /><INIT seed="1,1,0,3,3,78" ten="207,313,257,223" oya="1" hai0="72,114,92,42,48,61,128,39,77,107,26,111,63" hai1="18,117,86,10,33,35,55,52,51,5,133,57,53" hai2="97,50,27,127,11,106,104,100,38,17,19,83,31" hai3="62,59,109,22,1,41,88,73,94,123,36,108,54"/><U37/><E117/><V135/><F38/><W122/><G1/><T80/><D114/><U79/><E37/><V65/><F127/><W81/><G22/><T9/><D107/><U56/><E133/><V8/><F135/><W70/><G70/><T6/><D111/><N who="3" m="42569" /><G41/><T0/><D128/><U66/><E66/><V23/><F106/><W105/><G105/><T126/><D48/><U95/><E18/><V90/><F65/><W2/><G2/><T115/><D115/><U60/><E55/><V4/><F50/><W49/><G49/><T132/><D126/><U69/><E69/><V43/><F43/><W20/><G20/><T30/><D92/><U3/><REACH who="1" step="1"/><E95/><REACH who="1" ten="207,303,257,223" step="2"/><V102/><F104/><W134/><G36/><T119/><D119/><U12/><E12/><V64/><F64/><W28/><G134/><T96/><D132/><U112/><E112/><V76/><F19/><W130/><G130/><T58/><D58/><U87/><E87/><N who="2" m="48615" /><F17/><W110/><G110/><T118/><D118/><U120/><E120/><V85/><F85/><N who="3" m="52495" /><G28/><T25/><D96/><U75/><E75/><V113/><F113/><W124/><G124/><T29/><D29/><U98/><E98/><V32/><F97/><W68/><G68/><T46/><REACH who="0" step="1"/><D26/><REACH who="0" ten="197,303,257,223" step="2"/><U44/><E44/><V7/><F27/><W91/><G123/><T101/><D101/><U15/><E15/><V16/><F31/><W14/><G122/><T99/><D99/><U47/><E47/><V82/><F102/><W129/><G14/><T71/><D71/><U45/><E45/><V125/><F100/><W103/><G103/><RYUUKYOKU ba="1,2" sc="197,15,303,15,257,-15,223,-15" hai0="0,6,9,25,30,39,42,46,61,63,72,77,80" hai1="3,5,10,33,35,51,52,53,56,57,60,79,86" /><INIT seed="1,2,2,5,2,8" ten="212,318,242,208" oya="1" hai0="30,14,54,3,19,53,18,45,23,132,110,63,4" hai1="32,87,92,16,79,133,62,17,59,73,86,111,106" hai2="124,82,116,114,125,40,105,69,122,9,117,104,113" hai3="43,52,112,44,98,71,27,46,10,57,1,12,67"/><U84/><E106/><N who="2" m="41067" /><F69/><W58/><G112/><N who="2" m="43113" /><F40/><W95/><G1/><T72/><D72/><U24/><E133/><V128/><F9/><W123/><G123/><T135/><D30/><U7/><E7/><V107/><N who="2" m="41075" /><V68/><DORA hai="115" /><F68/><W64/><G27/><N who="0" m="14839" /><D3/><U74/><E111/><V77/><F128/><W103/><G71/><T121/><D121/><U28/><E92/><V131/><F131/><W65/><G43/><T93/><D4/><U94/><E94/><V56/><F56/><N who="3" m="21611" /><G52/><N who="0" m="20075" /><D93/><U11/><E11/><V26/><F26/><W80/><G80/><T89/><D45/><U90/><E24/><V21/><F21/><W134/><G134/><N who="0" m="51243" /><D110/><U96/><E32/><V2/><F2/><W88/><G103/><T108/><D108/><U22/><E22/><V36/><F122/><W33/><G33/><T100/><D100/><U83/><E28/><V50/><F36/><W38/><G38/><T29/><D29/><U81/><E17/><AGARI ba="2,2" hai="10,12,17,44,46,64,65,67,88,95,98" m="21611" machi="17" ten="30,3900,0" yaku="8,1,52,1,54,1" doraHai="8,115" who="3" fromWho="1" sc="212,0,318,-45,242,0,208,65" /><INIT seed="2,0,0,5,4,1" ten="212,273,242,273" oya="2" hai0="116,89,130,44,63,79,28,19,25,91,12,88,105" hai1="131,53,84,5,102,31,61,40,51,38,62,118,128" hai2="57,0,132,36,65,113,41,126,103,111,122,10,73" hai3="114,15,69,121,133,115,7,77,108,92,95,81,74"/><V96/><F113/><N who="3" m="43019" /><G69/><T123/><D123/><U124/><E118/><V29/><F122/><W104/><G121/><T117/><D105/><U39/><E102/><V83/><F132/><W42/><G104/><T37/><D79/><U50/><E31/><V125/><F29/><W68/><G68/><T14/><D63/><N who="1" m="24075" /><E84/><V59/><F65/><W127/><G108/><T112/><D112/><U60/><E5/><N who="2" m="1319" /><F111/><W4/><G133/><T52/><D37/><N who="1" m="13835" /><E124/><N who="2" m="47723" /><F73/><W43/><G127/><T23/><D130/><N who="1" m="49707" /><E40/><N who="3" m="15402" /><G15/><T106/><D106/><U18/><E18/><V49/><F36/><W97/><G92/><T13/><REACH who="0" step="1"/><D28/><REACH who="0" ten="202,273,242,273" step="2"/><U129/><E129/><V2/><F2/><W24/><G24/><T54/><D54/><U22/><E53/><V27/><F27/><W70/><G70/><T8/><D8/><U135/><E135/><V80/><F41/><W20/><G20/><T6/><D6/><U34/><E22/><V78/><F78/><W17/><G17/><T55/><D55/><U98/><E34/><V21/><F21/><W11/><G11/><T67/><D67/><U56/><E60/><V26/><F26/><W107/><G107/><T119/><D119/><U9/><E9/><V64/><F64/><W86/><G74/><T120/><D120/><U90/><E56/><N who="2" m="21579" /><F49/><AGARI ba="0,1" hai="12,13,14,19,23,25,44,49,52,88,89,91,116,117" machi="49" ten="50,6400,0" yaku="1,1,54,2,53,0" doraHai="1" doraHaiUra="72" who="0" fromWho="2" sc="202,74,273,0,242,-64,273,0" /><INIT seed="3,0,0,4,4,103" ten="276,273,178,273" oya="3" hai0="30,112,110,85,132,109,131,100,12,6,71,67,124" hai1="19,83,11,99,37,65,20,97,36,98,21,114,61" hai2="2,95,128,17,28,84,122,130,3,38,118,27,43" hai3="31,127,113,82,14,26,29,76,35,49,89,104,66"/><W135/><G113/><T126/><D71/><U32/><E32/><V63/><F118/><W44/><G135/><T133/><D67/><U115/><E83/><V81/><F122/><W59/><G127/><N who="0" m="48683" /><D100/><U10/><E65/><V93/><F17/><W75/><G89/><T72/><D72/><U42/><E61/><V46/><F63/><W57/><G66/><T80/><D112/><N who="1" m="43051" /><E19/><V56/><F56/><W52/><G104/><T68/><D68/><U107/><E42/><V106/><F106/><W16/><G31/><T64/><D64/><U96/><N who="1" m="24576" /><DORA hai="8" /><U91/><E91/><V101/><F101/><W73/><G75/><T117/><D30/><U102/><E107/><V47/><F47/><W34/><G34/><T125/><D117/><U86/><E86/><V105/><F105/><W88/><G88/><N who="0" m="51239" /><D125/><U9/><E102/><V13/><F3/><W79/><G79/><T55/><D55/><U39/><AGARI ba="0,0" hai="9,10,11,20,21,36,37,39" m="24576,43051" machi="39" ten="60,8000,1" yaku="29,2,28,2" doraHai="103,8" who="1" fromWho="1" sc="276,-20,273,80,178,-20,273,-40" owari="256,5.6,353,45.3,158,-34.2,233,-16.7" /></mjloggm>