<mjloggm ver="2.3"><GO type="225" lobby="0"/><UN n0="%E6%B8%A9%E2%98%85%E6%83%85%E2%98%85%E6%8E%AA%E2%98%85%E7%BD%AE" n1="%72%69%6F%75%63%68%61%6E" n2="%E3%81%BF%E3%81%BF%E3%81%9A" n3="%E3%81%82%E3%81%99%E3%81%AB%E3%82%83%E3%82%80" dan="18,16,17,16" rate="2272.51,2168.58,2251.90,2129.15" sx="M,M,M,F"/><TAIKYOKU oya="0"/><INIT seed="0,0,0,4,2,39" ten="250,250,250,250" oya="0" hai0="54,81,62,110,57,116,83,100,77,44,9,94,105" hai1="106,3,49,68,75,13,104,28,86,135,125,34,88" hai2="12,14,50,7,65,115,56,71,45,51,61,32,67" hai3="10,124,11,121,42,37,23,80,52,40,26,119,31"/><T109/><D116/><U98/><E3/><V18/><F115/><W92/><G119/><T101/><D105/><U113/><E75/><V107/><F107/><W91/><G37/><T15/><D44/><U108/><E113/><V0/><F32/><W2/><G124/><T114/><D114/><U25/><E125/><V131/><F131/><W46/><G80/><T128/><D128/><U82/><E108/><N who="0" m="41577" /><D94/><U69/><E135/><V120/><F0/><W122/><G2/><T93/><D93/><U96/><E13/><V118/><F120/><N who="3" m="46187" /><G10/><T123/><D123/><U95/><E49/><V74/><F51/><N who="3" m="28791" /><G11/><T103/><D77/><U117/><E117/><V73/><F50/><W102/><G102/><N who="0" m="26115" /><T90/><DORA hai="17" /><D90/><U89/><REACH who="1" step="1"/><E96/><AGARI ba="0,0" hai="23,26,31,40,42,91,92,96" m="28791,46187" machi="96" ten="30,8000,1" yaku="13,1,52,3,54,1" doraHai="39,17" who="3" fromWho="1" sc="250,0,250,-80,250,0,250,80" /><INIT seed="1,0,0,4,0,8" ten="250,170,250,330" oya="1" hai0="124,101,54,64,74,23,114,108,66,119,32,49,57" hai1="88,53,0,40,115,63,61,81,60,90,121,135,43" hai2="110,116,11,12,111,112,16,103,132,77,97,22,75" hai3="91,50,134,95,71,73,99,133,69,102,2,109,80"/><U117/><E115/><V47/><F116/><W105/><G2/><T113/><D32/><U24/><E117/><V46/><F112/><N who="0" m="43114" /><D23/><U86/><E135/><N who="3" m="51722" /><G50/><N who="0" m="30935" /><D101/><U14/><E121/><V36/><F132/><W51/><G51/><T4/><D4/><U41/><E0/><V128/><F128/><W87/><G69/><T130/><D74/><U13/><E24/><V10/><F77/><N who="3" m="44079" /><G71/><T39/><D119/><U38/><E38/><V84/><F84/><W107/><G109/><N who="2" m="41481" /><F75/><W48/><G48/><T98/><D108/><U9/><E9/><N who="2" m="3083" /><F36/><W29/><G29/><T17/><D39/><U62/><REACH who="1" step="1"/><E90/><REACH who="1" ten="250,160,250,330" step="2"/><V131/><F131/><W19/><G19/><T93/><D17/><U55/><E55/><V70/><F70/><W120/><G120/><T79/><D130/><U104/><E104/><AGARI ba="0,1" hai="12,16,22,46,47,97,103,104" m="3083,41481" machi="104" ten="30,3900,0" yaku="14,1,52,1,54,1" doraHai="8" who="2" fromWho="1" sc="250,0,160,-39,250,49,330,0" /><AGARI ba="0,0" hai="87,91,95,99,102,104,105,107" m="44079,51722" machi="104" ten="30,7700,0" yaku="24,1,20,1,34,2" doraHai="8" who="3" fromWho="1" sc="250,0,121,-77,299,0,330,77" /><INIT seed="2,0,0,4,1,1" ten="250,44,299,407" oya="2" hai0="63,125,89,51,45,120,11,128,124,84,61,83,7" hai1="46,14,115,80,113,77,126,35,47,37,87,39,116" hai2="134,101,86,53,75,12,104,135,96,94,109,34,102" hai3="79,72,131,69,130,40,54,6,111,9,121,23,22"/><V29/><F34/><W132/><G111/><T38/><D38/><U5/><E116/><V60/><F29/><W52/><G69/><T105/><D105/><U19/><E126/><N who="0" m="48745" /><D120/><U112/><E35/><V56/><F109/><W117/><G121/><T74/><D74/><U50/><E19/><V97/><F75/><W16/><G117/><T107/><D107/><U48/><E50/><V70/><F86/><W99/><G40/><N who="0" m="24999" /><D128/><N who="3" m="49193" /><G99/><T26/><D26/><U17/><E17/><V59/><F70/><W36/><G23/><T49/><D49/><U119/><E119/><V0/><F0/><AGARI ba="0,0" hai="0,7,11,61,63,83,84,89" m="24999,48745" machi="0" ten="30,2000,0" yaku="18,1,52,1" doraHai="1" who="0" fromWho="2" sc="250,20,44,0,299,-20,407,0" /><INIT seed="3,0,0,2,1,74" ten="270,44,279,407" oya="3" hai0="109,83,121,30,131,82,84,6,92,18,67,78,130" hai1="43,110,104,95,66,2,23,135,46,29,101,73,97" hai2="15,90,119,128,96,51,14,52,87,62,20,36,113" hai3="105,98,79,11,76,70,58,118,31,16,129,44,13"/><W42/><G70/><T8/><D121/><U107/><E2/><V108/><F113/><W4/><G129/><N who="0" m="49163" /><D109/><U127/><E110/><V117/><F36/><W72/><G31/><T9/><D30/><U45/><E73/><V102/><F108/><W63/><G72/><N who="0" m="43335" /><D67/><U0/><E0/><V106/><F62/><W54/><G4/><T47/><D92/><U115/><E115/><V56/><F128/><W100/><G118/><T10/><D47/><U86/><E46/><V5/><F15/><W85/><G85/><T116/><D18/><U49/><E127/><V132/><F132/><W91/><G91/><N who="0" m="51615" /><D116/><U93/><E135/><V122/><F122/><W111/><G111/><T81/><D81/><U61/><E93/><N who="2" m="54495" /><F5/><AGARI ba="0,0" hai="5,6,8,9,10" m="51615,43335,49163" machi="5" ten="30,2000,0" yaku="19,1,52,1" doraHai="74" who="0" fromWho="2" sc="270,20,44,0,279,-20,407,0" owari="290,9.0,44,-45.6,259,-14.1,407,50.7" /></mjloggm>