<mjloggm ver="2.3"><GO type="225" lobby="0"/><UN n0="%E8%A8%88%E7%AE%97%E6%A9%9F%E8%87%AA%E7%84%B6" n1="%6D%75%75%6D%75%72%61" n2="%E8%BE%9B%E5%8F%A3%E3%82%AB%E3%83%AC%E3%83%BC%E3%83%A9%E3%82%A4%E3%82%B9" n3="%E7%89%B9%E6%9D%B1%E3%81%AF%E4%B8%96%E7%95%8C%E3%82%92%E6%95%91%E3%81%86" dan="17,17,16,16" rate="2192.39,2198.58,2120.57,2184.94" sx="M,F,M,M"/><TAIKYOKU oya="0"/><INIT seed="0,0,0,1,0,43" ten="250,250,250,250" oya="0" hai0="14,110,75,68,116,27,87,90,50,106,130,47,109" hai1="41,126,76,64,63,82,111,4,7,88,20,25,79" hai2="55,105,17,113,97,54,131,72,134,39,86,89,22" hai3="112,104,114,60,1,66,83,99,46,36,135,128,101"/><T23/><D116/><U10/><E126/><V133/><F113/><W121/><G128/><T45/><D75/><U73/><E111/><N who="0" m="42505" /><D130/><U92/><E79/><V19/><F72/><W15/><G135/><N who="2" m="51721" /><F39/><W98/><G121/><T81/><D106/><U51/><E41/><V71/><F71/><W119/><G119/><T62/><D14/><U30/><E51/><V100/><F131/><W59/><G1/><T21/><D50/><U37/><E37/><V35/><F35/><W84/><G98/><T31/><D21/><U107/><E107/><V77/><F77/><W129/><G129/><T93/><D81/><U125/><E125/><V120/><F120/><W13/><G13/><T65/><AGARI ba="0,0" hai="23,27,31,45,47,62,65,68,87,90,93" m="42505" machi="65" ten="30,11700,0" yaku="14,1,10,1,52,2" doraHai="43" who="0" fromWho="0" sc="250,117,250,-39,250,-39,250,-39" /><INIT seed="0,1,0,2,5,114" ten="367,211,211,211" oya="0" hai0="0,81,75,133,106,37,90,30,46,96,103,22,66" hai1="89,50,14,9,86,134,60,119,26,129,101,123,71" hai2="108,120,16,34,74,33,27,83,1,19,80,40,97" hai3="36,41,13,87,31,8,126,44,64,24,111,104,42"/><T67/><D133/><U93/><E123/><V7/><F120/><W17/><G111/><T112/><D112/><U127/><E134/><V68/><F68/><W105/><G126/><T57/><D0/><U107/><E127/><V78/><F108/><W62/><G42/><T25/><D57/><U125/><E125/><V84/><F40/><W10/><G10/><T23/><D37/><U61/><E129/><V72/><F97/><W59/><REACH who="3" step="1"/><G87/><REACH who="3" ten="367,211,211,201" step="2"/><T94/><D75/><U115/><E115/><V49/><F84/><W91/><G91/><T102/><D90/><U109/><E109/><V45/><F74/><W11/><G11/><T54/><D103/><U73/><E73/><V92/><F72/><W28/><G28/><T20/><D30/><U77/><E9/><V88/><F88/><W12/><G12/><T79/><D102/><U122/><E14/><V100/><F100/><W43/><G43/><T110/><D110/><U131/><E89/><V116/><F1/><W39/><G39/><T15/><D15/><U65/><E86/><V85/><F85/><W132/><G132/><T48/><D81/><U52/><E101/><V5/><F80/><W35/><AGARI ba="1,1" hai="8,13,17,24,31,35,36,41,44,59,62,64,104,105" machi="35" ten="20,5200,0" yaku="1,1,0,1,7,1,53,1" doraHai="114" doraHaiUra="38" who="3" fromWho="3" sc="367,-27,211,-14,211,-14,201,65" /><INIT seed="1,0,0,3,0,96" ten="340,197,197,266" oya="1" hai0="53,88,64,15,113,22,85,65,105,54,17,57,104" hai1="115,69,31,80,119,112,25,24,18,49,10,72,122" hai2="101,32,23,109,71,100,125,97,36,5,111,121,130" hai3="58,34,19,9,27,75,77,90,3,20,8,134,78"/><U33/><E69/><V124/><F121/><W47/><G134/><T94/><D113/><U26/><E122/><V110/><F32/><W91/><G34/><T98/><D53/><U52/><E119/><V74/><F130/><W117/><G117/><T11/><D105/><U132/><E132/><V87/><F74/><W131/><G131/><T128/><D128/><U37/><E37/><V0/><F36/><W114/><G114/><T13/><D104/><U2/><E2/><V7/><F71/><W41/><G58/><T30/><D98/><U51/><E51/><V118/><F118/><W73/><G73/><T59/><D59/><U42/><E42/><V92/><F0/><W62/><G62/><N who="0" m="36151" /><D30/><U84/><E72/><V6/><F101/><W68/><G68/><T61/><D61/><U82/><E25/><V116/><F116/><W106/><G27/><T120/><D120/><U95/><E95/><V86/><REACH who="2" step="1"/><F23/><REACH who="2" ten="340,197,187,266" step="2"/><W70/><G20/><T46/><D22/><N who="1" m="13399" /><E115/><V79/><F79/><W1/><G78/><T29/><D29/><U12/><E112/><V67/><F67/><N who="0" m="25674" /><D13/><U76/><E33/><V28/><F28/><W45/><G1/><T135/><D135/><U123/><E123/><V50/><F50/><W60/><G3/><T40/><D15/><U48/><E31/><V83/><F83/><W55/><G75/><T107/><D107/><U44/><E82/><V102/><F102/><W81/><G81/><T129/><D129/><U4/><E48/><V14/><F14/><N who="3" m="7623" /><G106/><T108/><D94/><U16/><E26/><V99/><F99/><W35/><G70/><RYUUKYOKU ba="0,1" sc="340,-15,197,15,187,15,266,-15" hai1="4,10,12,16,44,49,52,76,80,84" hai2="5,6,7,86,87,92,97,100,109,110,111,124,125" /><INIT seed="1,1,1,1,2,122" ten="325,212,202,251" oya="1" hai0="87,65,33,90,120,115,22,2,76,71,130,93,9" hai1="5,56,75,72,125,6,74,114,116,135,28,19,110" hai2="40,0,58,133,47,11,109,20,10,39,79,43,7" hai3="14,37,88,95,97,128,121,104,27,84,96,15,100"/><U124/><E114/><V83/><F133/><W66/><G121/><T46/><D33/><U85/><E116/><V52/><F40/><W89/><G37/><T123/><D115/><U106/><E135/><V23/><F10/><W67/><G128/><T113/><D113/><U111/><E106/><V134/><F109/><N who="1" m="41481" /><E28/><V63/><REACH who="2" step="1"/><F134/><REACH who="2" ten="325,212,192,251" step="2"/><W26/><G67/><T1/><D65/><U73/><E73/><AGARI ba="1,2" hai="0,7,11,20,23,39,43,47,52,58,63,73,79,83" machi="73" ten="30,12000,2" yaku="1,1,2,1,7,1,25,2,54,1,53,1" doraHai="122" doraHaiUra="70" who="2" fromWho="1" sc="325,0,212,-123,192,143,251,0" /><INIT seed="2,0,0,5,0,122" ten="325,89,335,251" oya="2" hai0="132,32,61,110,34,38,8,16,36,23,82,119,0" hai1="9,79,20,59,81,15,133,46,135,17,131,60,94" hai2="85,31,73,12,2,19,69,57,18,3,26,98,111" hai3="105,121,117,67,91,33,44,114,37,107,115,56,13"/><V128/><F73/><W99/><G33/><T68/><D132/><U6/><E131/><V78/><F69/><W125/><G121/><T7/><D119/><U52/><E46/><V76/><F128/><W93/><G117/><T35/><D110/><U92/><E133/><V75/><F75/><W97/><G125/><T96/><D82/><U63/><E63/><V104/><F111/><W70/><G70/><T118/><D96/><U41/><E41/><V45/><F45/><W66/><G13/><T108/><D108/><U49/><E135/><V5/><F57/><W126/><G126/><T87/><D87/><U47/><E81/><V25/><F85/><W54/><G44/><T89/><D89/><U24/><REACH who="1" step="1"/><E79/><REACH who="1" ten="325,79,335,251" step="2"/><V80/><F78/><W53/><G37/><T64/><REACH who="0" step="1"/><D118/><REACH who="0" ten="315,79,335,251" step="2"/><U88/><E88/><V129/><F80/><W42/><G91/><T109/><D109/><U10/><E10/><V39/><F76/><W28/><G115/><T50/><D50/><U65/><AGARI ba="0,2" hai="6,9,15,17,20,24,47,49,52,59,60,65,92,94" machi="65" ten="20,8000,1" yaku="1,1,0,1,7,1,8,1,54,1,53,0" doraHai="122" doraHaiUra="124" who="1" fromWho="1" sc="315,-20,79,100,335,-40,251,-20" /><INIT seed="3,0,0,1,0,10" ten="295,179,295,231" oya="3" hai0="9,81,29,42,50,76,36,19,95,16,115,111,2" hai1="94,124,73,134,102,88,127,106,80,84,47,11,68" hai2="92,51,7,22,90,126,97,132,83,135,52,79,24" hai3="130,4,99,20,113,96,118,91,14,49,128,8,86"/><W105/><G113/><T112/><D111/><U54/><E68/><V53/><F126/><N who="1" m="48169" /><E54/><V38/><F38/><W72/><G72/><N who="0" m="43143" /><D50/><U101/><E47/><V1/><F7/><W57/><G118/><T78/><D29/><U107/><E11/><V77/><F1/><W59/><G20/><T71/><D71/><U43/><E43/><V110/><F110/><W13/><G105/><N who="1" m="39946" /><E134/><N who="2" m="51243" /><F83/><N who="3" m="49631" /><G13/><T32/><D32/><U133/><E133/><V66/><F66/><W85/><G85/><T31/><D31/><U30/><E30/><N who="2" m="17687" /><F52/><N who="3" m="31887" /><G59/><AGARI ba="0,0" hai="51,53,59,77,79,90,92,97" m="17687,51243" machi="59" ten="30,1000,0" yaku="20,1" doraHai="10" who="2" fromWho="3" sc="295,0,179,0,295,10,231,-10" owari="295,9.5,179,-32.1,305,40.5,221,-17.9" /></mjloggm>