<mjloggm ver="2.3"><GO type="225" lobby="0"/><UN n0="%E3%80%93%E3%81%97%E3%83%BC%E3%82%89%E3%80%93" n1="%E6%A0%B9%E5%85%83%E3%81%8B%E3%82%89%E5%90%B9%E3%81%A3%E9%A3%9B%E3%81%B6" n2="%E9%B3%B3%E6%9D%B1%E3%81%AE%E3%81%86%E3%81%95%E3%81%8E%E3%81%95%E3%82%93" n3="%E3%81%BF%E3%81%BF%E3%81%9A" dan="16,17,17,17" rate="2093.13,2183.89,2293.63,2246.83" sx="M,F,M,M"/><TAIKYOKU oya="0"/><INIT seed="0,0,0,5,4,111" ten="250,250,250,250" oya="0" hai0="131,109,116,45,31,15,56,135,119,123,112,92,107" hai1="62,82,114,87,22,132,12,68,33,81,64,16,91" hai2="3,41,88,69,37,117,122,54,51,24,83,110,34" hai3="26,94,46,95,19,78,35,40,93,85,103,29,98"/><T128/><D107/><U61/><E132/><V121/><F110/><W97/><G19/><T86/><D109/><U1/><E1/><V32/><F3/><W48/><G78/><T126/><D135/><U36/><E36/><V127/><F69/><W77/><G77/><T70/><D70/><U100/><E33/><V104/><F104/><W74/><G74/><T59/><D31/><U0/><E0/><V96/><F41/><W53/><G85/><T4/><D123/><U60/><E114/><V105/><F37/><W55/><REACH who="3" step="1"/><G93/><REACH who="3" ten="250,250,250,240" step="2"/><T124/><D92/><U101/><E82/><V2/><F83/><W17/><G17/><T58/><D86/><U71/><E71/><V10/><F105/><W115/><G115/><T44/><D112/><U89/><E68/><V90/><F122/><W108/><G108/><T57/><D4/><U67/><E87/><V79/><F121/><W39/><G39/><T8/><D8/><U66/><REACH who="1" step="1"/><E81/><REACH who="1" ten="250,240,250,240" step="2"/><V25/><F117/><N who="0" m="45130" /><D15/><U42/><E42/><V134/><F134/><W65/><G65/><T28/><N who="0" m="14336" /><DORA hai="120" /><T118/><N who="0" m="45138" /><T102/><DORA hai="50" /><D28/><U5/><E5/><V49/><F2/><W76/><G76/><T113/><D113/><U52/><E52/><V75/><F54/><W6/><G6/><T9/><D9/><U27/><E27/><V106/><F24/><W11/><G11/><T30/><D30/><U129/><E129/><N who="0" m="49737" /><D102/><AGARI ba="0,2" hai="12,16,22,60,61,62,64,66,67,89,91,100,101,102" machi="102" ten="40,5200,0" yaku="1,1,8,1,54,1,53,0" doraHai="111,120,50" doraHaiUra="73,47,7" who="1" fromWho="0" sc="250,-52,240,72,250,0,240,0" /><AGARI ba="0,0" hai="26,29,35,40,46,48,53,55,94,95,97,98,102,103" machi="102" ten="30,12000,2" yaku="1,1,7,1,9,1,52,2,53,1" doraHai="111,120,50" doraHaiUra="73,47,7" who="3" fromWho="0" sc="198,-120,312,0,250,0,240,120" /><INIT seed="1,0,0,0,3,18" ten="78,312,250,360" oya="1" hai0="129,98,93,106,35,26,121,38,31,82,3,2,113" hai1="81,44,100,90,62,4,70,87,46,127,41,131,64" hai2="50,97,60,45,89,135,101,12,68,6,24,76,69" hai3="118,134,5,13,1,77,10,108,16,53,25,117,36"/><U73/><E127/><V47/><F135/><W120/><G120/><T105/><D38/><U92/><E131/><V94/><F76/><W27/><G36/><T128/><D121/><U9/><E100/><V91/><F24/><N who="3" m="9291" /><G77/><T123/><D123/><U132/><E132/><V80/><F47/><W17/><G53/><T59/><D113/><U65/><E65/><V40/><F60/><W75/><G75/><T33/><D59/><U107/><E107/><V111/><F111/><W72/><G72/><T30/><D26/><U119/><E119/><N who="3" m="45578" /><G134/><T63/><D93/><U29/><E29/><V42/><F42/><W103/><G103/><T56/><D56/><U61/><E61/><V112/><F112/><W0/><G108/><T110/><D63/><U102/><E41/><V37/><F37/><W66/><G66/><T71/><D110/><U52/><E52/><V20/><F89/><W125/><G125/><T54/><D54/><U124/><E124/><V122/><F122/><W14/><G5/><T51/><D51/><U58/><E73/><V116/><F116/><W109/><G109/><T8/><D98/><U15/><E70/><V11/><F101/><W74/><G74/><T133/><D133/><U86/><REACH who="1" step="1"/><E102/><REACH who="1" ten="78,302,250,360" step="2"/><N who="2" m="60727" /><F69/><W84/><G84/><T39/><D71/><U130/><E130/><V21/><F68/><W79/><G79/><AGARI ba="0,1" hai="4,9,15,44,46,58,62,64,79,81,86,87,90,92" machi="79" ten="30,5800,0" yaku="1,1,7,1,8,1,53,0" doraHai="18" doraHaiUra="22" who="1" fromWho="3" sc="78,0,302,68,250,0,360,-58" /><INIT seed="1,1,0,5,4,118" ten="78,370,250,302" oya="1" hai0="87,66,39,70,18,63,9,55,48,34,114,80,105" hai1="1,33,130,108,102,29,77,11,74,104,40,42,8" hai2="134,61,94,106,32,44,89,23,38,84,12,99,43" hai3="133,49,13,68,6,126,73,117,107,82,96,7,125"/><U115/><E115/><V37/><F32/><W124/><G117/><T88/><D105/><U85/><E130/><V2/><F2/><W103/><G133/><T98/><D34/><U59/><E74/><V21/><F134/><W109/><G109/><T5/><D39/><U95/><E104/><V14/><F38/><W75/><G68/><T4/><D114/><U41/><E33/><V46/><F46/><W97/><G49/><T17/><D98/><N who="1" m="59743" /><E1/><V0/><F0/><W36/><G36/><T3/><REACH who="0" step="1"/><D5/><REACH who="0" ten="68,370,250,302" step="2"/><N who="3" m="1545" /><G97/><T20/><D20/><U81/><E108/><V86/><F106/><W26/><G96/><T101/><D101/><U58/><E8/><V30/><F21/><W111/><G103/><T53/><D53/><U57/><E11/><V123/><F23/><W93/><G107/><T56/><AGARI ba="1,1" hai="3,4,9,17,18,48,55,56,63,66,70,80,87,88" machi="56" ten="20,5200,0" yaku="1,1,0,1,7,1,54,1,53,0" doraHai="118" doraHaiUra="24" who="0" fromWho="0" sc="68,65,370,-27,250,-14,302,-14" /><INIT seed="2,0,0,3,1,52" ten="133,343,236,288" oya="2" hai0="67,0,107,112,76,93,120,55,71,40,124,50,9" hai1="122,90,75,132,43,48,53,129,103,82,25,6,72" hai2="86,29,28,100,121,130,117,58,54,114,35,116,3" hai3="47,37,22,49,135,60,62,91,64,89,7,77,19"/><V102/><F114/><W99/><G135/><T56/><D112/><U101/><E132/><V126/><F121/><W46/><G7/><T42/><D107/><U5/><E129/><V85/><F130/><W15/><G77/><T24/><D120/><U94/><E122/><V63/><F3/><W115/><G115/><T41/><D124/><U97/><E43/><V131/><F131/><W30/><G30/><N who="2" m="11881" /><F35/><W51/><G37/><T95/><D24/><U98/><E25/><V11/><F126/><W108/><G108/><T39/><D76/><U26/><E26/><V1/><F1/><W87/><G99/><T16/><D0/><U118/><E118/><V12/><F117/><W20/><G20/><T57/><D71/><U111/><E111/><V61/><F61/><W68/><G62/><N who="0" m="38343" /><D39/><U44/><E90/><V17/><F116/><W45/><REACH who="3" step="1"/><G89/><REACH who="3" ten="133,343,236,278" step="2"/><T31/><D31/><U66/><E5/><V18/><F18/><W10/><G10/><T92/><D9/><U8/><E8/><V34/><F34/><W113/><G113/><T119/><D119/><U128/><E6/><V83/><F85/><W21/><G21/><T74/><D74/><U78/><E128/><V125/><F125/><W84/><G84/><T105/><D105/><U110/><E110/><V96/><F96/><W123/><G123/><T69/><D69/><U70/><E75/><V104/><F104/><W106/><G106/><T65/><D65/><U73/><E72/><V23/><F11/><W32/><G32/><T80/><D16/><U133/><E133/><V81/><F86/><W36/><G36/><RYUUKYOKU ba="0,1" sc="133,10,343,-30,236,10,278,10" hai0="40,41,42,50,55,57,80,92,93,95" hai2="12,17,23,54,58,63,81,83,100,102" hai3="15,19,22,45,46,47,49,51,60,64,68,87,91" /><INIT seed="2,1,1,4,2,124" ten="143,313,246,288" oya="2" hai0="10,47,85,60,74,99,36,39,107,126,41,122,132" hai1="66,8,96,23,18,6,112,9,131,101,69,38,22" hai2="118,90,27,68,73,106,117,45,123,127,64,56,50" hai3="70,12,93,111,116,40,30,58,75,32,97,79,76"/><V14/><F73/><W67/><G70/><T82/><D126/><U11/><E38/><V129/><F106/><W113/><G116/><T62/><D122/><U20/><E112/><V53/><F127/><W17/><G75/><T83/><D39/><U49/><E69/><V28/><F123/><W42/><G30/><T54/><D132/><U105/><E66/><V31/><F31/><W80/><G32/><T114/><D114/><U121/><E121/><V115/><F115/><W78/><G80/><T55/><D74/><U33/><E33/><V19/><F68/><W29/><G111/><T34/><D34/><U103/><E103/><V4/><F4/><W48/><G29/><T134/><D134/><U81/><E6/><V26/><F28/><W5/><G5/><T128/><D10/><U7/><E49/><V98/><F117/><W91/><G113/><T92/><D107/><U3/><E18/><V52/><F64/><W130/><G130/><T110/><D110/><U104/><E131/><V24/><F129/><W89/><G89/><T57/><D128/><U51/><E51/><N who="2" m="30751" /><F118/><W88/><G91/><T87/><D83/><U61/><E105/><V108/><F108/><W43/><G67/><T120/><D120/><U71/><REACH who="1" step="1"/><E81/><REACH who="1" ten="143,303,246,288" step="2"/><V16/><F14/><W65/><G65/><T133/><D133/><U109/><E109/><V102/><F102/><W37/><G37/><T21/><D82/><U1/><E1/><V13/><F13/><W2/><G2/><T135/><D135/><U125/><E125/><V63/><F63/><W119/><G119/><T77/><D62/><RYUUKYOKU ba="1,2" sc="143,-15,303,15,246,15,288,-15" hai1="3,7,8,9,11,20,22,23,61,71,96,101,104" hai2="16,19,24,26,27,45,50,53,90,98" /><INIT seed="2,2,2,3,1,105" ten="128,318,261,273" oya="2" hai0="40,19,32,53,118,4,81,130,7,37,113,126,46" hai1="132,109,67,115,42,41,131,80,69,31,123,85,5" hai2="24,79,122,99,15,35,8,68,112,18,88,98,10" hai3="17,93,101,57,66,48,114,134,129,77,84,60,59"/><V9/><F112/><W52/><G129/><T12/><D113/><U21/><E115/><V49/><F122/><W0/><G114/><T89/><D32/><U107/><E109/><V102/><F68/><W25/><G134/><T47/><D130/><U74/><E131/><V86/><F79/><W108/><G108/><T65/><D65/><U95/><E107/><V29/><F49/><W43/><G0/><T91/><D126/><U97/><E5/><V28/><F28/><W73/><G73/><T111/><D111/><U103/><E132/><V22/><REACH who="2" step="1"/><F102/><REACH who="2" ten="128,318,251,273" step="2"/><W72/><G101/><T96/><D118/><U119/><E123/><V63/><F63/><W92/><G72/><T27/><D91/><U6/><E74/><V11/><N who="2" m="2048" /><DORA hai="56" /><V71/><F71/><W13/><G43/><T38/><D4/><U127/><E6/><V104/><F104/><W76/><G77/><T116/><D7/><U45/><E127/><V125/><F125/><W44/><G76/><T133/><D116/><U124/><E119/><V50/><F50/><W1/><G1/><T2/><D133/><U20/><E124/><V70/><F70/><W3/><G3/><T36/><D2/><U33/><E42/><V51/><F51/><W83/><G44/><T78/><D47/><U23/><E45/><V121/><F121/><W58/><G58/><T135/><D135/><U62/><E41/><V55/><F55/><W30/><G48/><T61/><D53/><U128/><E128/><V34/><F34/><N who="3" m="20815" /><G57/><T90/><D38/><U26/><E33/><V117/><F117/><W82/><G52/><RYUUKYOKU ba="2,3" sc="128,-15,318,15,251,15,273,-15" hai1="20,21,23,26,31,62,67,69,80,85,95,97,103" hai2="15,18,22,24,29,35,86,88,98,99" /><INIT seed="2,3,3,4,0,104" ten="113,333,266,258" oya="2" hai0="65,109,76,85,117,39,94,10,73,24,102,40,99" hai1="56,31,28,111,105,34,75,48,100,135,29,115,62" hai2="120,92,69,8,41,33,49,82,5,4,122,68,124" hai3="44,58,88,64,103,93,52,57,21,51,112,63,12"/><V23/><F33/><W19/><G112/><T0/><D117/><U128/><E115/><V15/><F124/><W59/><REACH who="3" step="1"/><G103/><REACH who="3" ten="113,333,266,248" step="2"/><T50/><D109/><U90/><E111/><V87/><F122/><W16/><G16/><T131/><D131/><U13/><E128/><V121/><F120/><W116/><G116/><T22/><D65/><U7/><E100/><V26/><F121/><W55/><G55/><T46/><D0/><U60/><E28/><N who="2" m="17503" /><F4/><W30/><G30/><T67/><D67/><U113/><E29/><V66/><F66/><W36/><G36/><T129/><D129/><U106/><E31/><V2/><F2/><W54/><G54/><T9/><D39/><U70/><E7/><V45/><F92/><W98/><AGARI ba="3,4" hai="12,19,21,44,51,52,57,58,59,63,64,88,93,98" machi="98" ten="20,12000,2" yaku="1,1,0,1,7,1,8,1,54,2,53,1" doraHai="104" doraHaiUra="17" who="3" fromWho="3" sc="113,-33,333,-33,266,-63,248,169" /><INIT seed="3,0,0,4,3,58" ten="80,300,203,417" oya="3" hai0="63,12,5,44,74,23,72,54,132,82,108,34,50" hai1="128,77,76,131,45,11,40,24,9,78,68,16,129" hai2="51,114,73,124,99,46,80,67,103,7,27,104,13" hai3="48,123,90,119,32,60,107,41,105,87,53,100,111"/><W10/><G119/><T125/><D34/><U52/><E68/><V29/><F114/><W19/><G123/><T3/><D3/><U4/><E4/><V109/><F109/><W30/><G111/><T127/><D108/><U57/><E45/><V38/><F124/><W86/><G30/><T39/><D132/><U22/><E40/><V135/><F135/><W75/><G75/><T8/><D39/><U121/><E121/><V37/><F13/><W56/><G32/><T118/><D118/><U97/><E97/><V133/><F7/><W110/><G87/><T61/><D23/><U126/><E126/><N who="0" m="48137" /><D82/><U79/><N who="1" m="19456" /><DORA hai="134" /><U49/><AGARI ba="0,0" hai="9,11,16,22,24,49,52,57,128,129,131" m="19456" machi="49" ten="50,8000,1" yaku="4,1,0,1,19,1,54,2" doraHai="58,134" who="1" fromWho="1" sc="80,-20,300,80,203,-20,417,-40" owari="60,-44.0,380,48.0,183,-21.7,377,17.7" /></mjloggm>