<mjloggm ver="2.3"><GO type="225" lobby="0"/><UN n0="%6D%75%75%6D%75%72%61" n1="%E7%99%BD%E6%97%A5%E9%9B%AA%E8%8F%9C" n2="%E3%82%BD%E3%83%83%E3%82%AF%E3%82%B9%E2%99%AA" n3="%E3%82%BC%E3%83%AB%E3%83%80%E3%81%AE%E4%BC%9D%E8%AA%AC" dan="17,16,16,17" rate="2188.62,2132.81,2064.34,2203.27" sx="F,M,M,M"/><TAIKYOKU oya="0"/><INIT seed="0,0,0,1,4,59" ten="250,250,250,250" oya="0" hai0="106,95,128,38,49,110,103,71,48,75,135,129,45" hai1="127,42,81,121,27,16,65,96,68,104,6,34,64" hai2="90,35,15,51,20,130,125,10,28,11,23,8,25" hai3="19,133,86,46,77,112,47,1,31,43,12,89,124"/><T76/><D106/><U29/><E121/><V78/><F78/><W44/><G112/><T134/><D38/><U74/><E6/><V26/><F90/><W99/><G1/><T116/><D116/><U40/><E127/><V0/><F51/><W92/><G133/><N who="0" m="50699" /><D110/><U7/><E7/><N who="2" m="1127" /><F125/><W39/><G124/><T119/><D119/><U55/><E55/><V85/><F85/><W4/><G4/><T67/><D75/><U126/><E126/><V88/><F88/><W132/><G132/><T109/><D76/><U61/><E65/><V32/><F130/><N who="0" m="50282" /><D109/><U98/><E16/><N who="2" m="10271" /><F35/><W62/><G77/><T117/><D117/><U84/><E74/><V123/><F123/><W82/><G39/><T53/><D49/><U54/><E104/><V111/><F111/><W57/><G43/><T50/><D50/><U52/><E40/><V91/><F91/><W30/><G86/><T69/><D67/><U72/><E72/><V105/><F105/><W37/><G37/><T94/><D103/><U108/><E108/><V97/><F97/><W13/><G82/><T118/><D118/><U131/><E131/><V102/><F102/><W70/><G99/><T66/><D66/><U79/><E42/><V80/><F80/><W73/><G73/><T22/><D22/><U87/><E87/><V113/><F113/><W107/><G107/><T2/><D2/><U56/><E54/><V21/><F23/><W33/><G89/><T3/><D3/><U101/><E101/><V36/><F36/><W5/><G33/><T17/><D17/><AGARI ba="0,0" hai="10,11,17,21,25,26,28,32" m="10271,1127" machi="17" ten="30,12000,2" yaku="24,1,35,5,54,1" doraHai="59" who="2" fromWho="0" sc="250,-120,250,0,250,120,250,0" /><INIT seed="1,0,0,1,0,80" ten="130,250,370,250" oya="1" hai0="31,66,55,28,41,131,9,62,91,43,49,79,105" hai1="36,117,88,63,97,122,96,61,130,74,102,67,87" hai2="134,0,24,10,118,115,19,125,15,16,51,1,6" hai3="119,7,107,109,18,3,78,8,75,77,135,100,22"/><U34/><E117/><V35/><F51/><W46/><G119/><T101/><D131/><U65/><E122/><V86/><F86/><W58/><G109/><T25/><D79/><U59/><E74/><V42/><F42/><W116/><G116/><T108/><D108/><U29/><E36/><V110/><F118/><W90/><G135/><T47/><D9/><U21/><E130/><V27/><F110/><W73/><G58/><T2/><D2/><N who="2" m="1130" /><F115/><W121/><G121/><T69/><D31/><U12/><E34/><V26/><F125/><W40/><G78/><T113/><D113/><U124/><E124/><V20/><F134/><W111/><G111/><T57/><D57/><N who="1" m="37039" /><E102/><V76/><F76/><W82/><G90/><T68/><D68/><U23/><E29/><N who="2" m="19903" /><F19/><W94/><G107/><T92/><D91/><U106/><E106/><V45/><F45/><W48/><G75/><T85/><D85/><U103/><E103/><V50/><F50/><W44/><G44/><T84/><D84/><U52/><E67/><V99/><F99/><N who="1" m="37961" /><E12/><AGARI ba="0,0" hai="6,10,12,15,16,20,24,26" m="19903,1130" machi="12" ten="30,12000,2" yaku="35,5,54,1" doraHai="80" who="2" fromWho="1" sc="130,0,250,-120,370,120,250,0" /><INIT seed="2,0,0,1,0,98" ten="130,130,490,250" oya="2" hai0="63,13,107,114,78,97,14,48,59,91,4,117,69" hai1="58,25,22,32,130,102,94,106,128,67,105,85,66" hai2="68,44,99,35,122,16,64,62,113,118,73,95,81" hai3="0,28,93,76,24,26,54,51,47,87,125,115,2"/><V75/><F118/><W123/><G123/><T101/><D114/><U72/><E72/><V52/><F113/><W57/><G115/><T131/><D117/><U80/><E32/><V121/><F35/><W30/><G125/><T27/><D131/><N who="1" m="50219" /><E94/><V71/><F71/><W124/><G124/><T133/><D133/><U111/><E111/><V49/><F73/><W50/><G0/><T100/><D69/><U96/><E58/><V39/><F39/><W132/><G2/><T7/><D107/><U79/><E106/><V15/><F81/><N who="3" m="47527" /><G132/><T19/><D48/><U34/><E34/><V23/><F75/><W82/><G82/><T84/><D97/><U21/><E21/><V31/><F31/><AGARI ba="0,0" hai="22,25,31,66,67,79,80,85,96,102,105" m="50219" machi="31" ten="30,2000,0" yaku="19,1,52,1" doraHai="98" who="1" fromWho="2" sc="130,0,130,20,490,-20,250,0" /><INIT seed="3,0,0,3,0,71" ten="130,150,470,250" oya="3" hai0="50,53,62,89,82,97,54,13,28,27,35,37,114" hai1="104,130,72,100,12,101,49,129,112,5,122,125,56" hai2="105,30,24,29,46,86,3,42,2,20,76,67,99" hai3="47,73,44,41,127,98,10,128,45,0,95,115,66"/><W8/><G115/><T18/><D114/><U19/><E122/><V110/><F110/><W33/><G33/><T55/><D37/><U131/><E112/><V88/><F67/><W74/><G127/><T70/><D70/><U75/><E125/><V133/><F133/><W78/><G66/><T116/><D116/><U134/><E134/><V123/><F76/><W63/><G63/><T61/><D50/><U121/><E5/><V119/><F29/><W64/><G64/><T135/><D135/><U94/><E104/><V85/><F85/><W79/><G128/><T90/><D90/><U26/><E26/><V65/><F119/><W43/><G95/><T38/><D38/><U126/><E121/><V32/><F20/><W117/><G44/><T7/><D7/><U103/><E126/><V51/><F123/><W93/><G93/><T1/><D1/><U92/><E92/><V111/><F111/><W22/><G0/><T48/><D48/><U107/><E94/><V91/><F91/><W106/><G106/><T15/><D97/><U4/><E4/><V124/><F124/><W36/><G98/><T25/><D25/><U16/><E107/><V11/><F11/><W39/><G22/><T69/><D69/><U113/><E113/><V59/><F59/><W34/><G34/><T23/><REACH who="0" step="1"/><D15/><REACH who="0" ten="120,150,470,250" step="2"/><U81/><E12/><V57/><F65/><W9/><G117/><T120/><D120/><U118/><E118/><V6/><F57/><W77/><AGARI ba="0,1" hai="8,9,10,36,39,41,43,45,47,73,74,77,78,79" machi="77" ten="30,11700,0" yaku="0,1,9,1,52,2" doraHai="71" who="3" fromWho="3" sc="120,-39,150,-39,470,-39,250,127" /><INIT seed="3,1,0,3,0,124" ten="81,111,431,377" oya="3" hai0="94,20,8,62,76,44,15,33,125,101,92,69,25" hai1="9,79,16,133,46,36,90,122,47,0,4,61,38" hai2="56,68,71,34,96,103,120,106,77,37,72,118,1" hai3="84,11,60,13,105,88,75,27,121,100,29,67,74"/><W35/><G121/><T31/><D125/><U55/><E122/><V57/><F120/><W91/><G105/><T30/><D76/><U83/><E90/><V89/><F118/><W129/><G129/><T41/><D101/><U132/><E16/><V112/><F112/><W86/><G100/><T107/><D107/><U40/><E61/><V26/><F56/><W10/><G84/><T19/><D33/><U2/><E2/><V53/><F37/><W134/><G134/><N who="1" m="51818" /><E55/><V32/><F72/><W127/><G127/><T48/><D31/><U119/><E119/><V45/><F45/><N who="1" m="16905" /><E40/><V95/><F95/><W115/><G115/><T97/><D97/><U5/><E5/><V43/><F26/><W85/><G85/><AGARI ba="1,0" hai="0,4,9,36,38,79,83,85" m="16905,51818" machi="85" ten="30,1000,0" yaku="20,1" doraHai="124" who="1" fromWho="3" sc="81,0,111,13,431,0,377,-13" owari="81,-41.9,124,-27.6,431,53.1,364,16.4" /></mjloggm>