<mjloggm ver="2.3"><GO type="225" lobby="0"/><UN n0="%E3%80%93%E3%81%97%E3%83%BC%E3%82%89%E3%80%93" n1="%4B%2E%32%2E%4B%2E" n2="%79%75%72%69%6D%6F%67" n3="%E3%83%81%E3%83%AF%E3%83%AF%E9%9A%8A%E9%95%B7" dan="16,16,17,17" rate="2179.65,2151.63,2162.99,2200.63" sx="M,M,F,M"/><TAIKYOKU oya="0"/><INIT seed="0,0,0,1,3,52" ten="250,250,250,250" oya="0" hai0="93,55,15,22,99,28,124,38,80,44,34,123,66" hai1="121,40,115,103,125,64,45,8,133,31,0,10,117" hai2="131,50,4,13,23,106,36,9,42,134,35,70,97" hai3="71,53,17,85,57,84,29,105,49,100,60,88,98"/><T69/><D123/><U128/><E117/><V94/><F70/><W132/><G132/><T126/><D80/><U81/><E121/><V7/><F35/><W56/><G71/><T89/><D34/><U48/><E133/><V37/><F106/><W87/><G29/><T43/><D55/><U18/><E125/><V83/><F134/><W75/><G75/><T67/><D69/><U130/><E115/><V122/><F131/><W113/><G113/><T107/><D107/><U33/><E103/><V114/><F114/><W11/><G11/><T12/><D12/><U82/><E64/><V20/><F37/><W109/><G109/><T78/><D78/><U39/><E39/><V63/><F36/><W54/><REACH who="3" step="1"/><G17/><REACH who="3" ten="250,250,250,240" step="2"/><N who="0" m="10559" /><D28/><U129/><E10/><V76/><F7/><W58/><G58/><T104/><D104/><U96/><E18/><V16/><F122/><W1/><G1/><T111/><D111/><U59/><E59/><V91/><F4/><W41/><G41/><T116/><D116/><U61/><E8/><V95/><F9/><W46/><G46/><T74/><D74/><U101/><E0/><V119/><F119/><W65/><G65/><T26/><D67/><U5/><E5/><V127/><F23/><W2/><G2/><T73/><D66/><U14/><E31/><V110/><F110/><W72/><G72/><T25/><D73/><U79/><E128/><V6/><F6/><W27/><G27/><N who="0" m="10251" /><D126/><U3/><E129/><V90/><F127/><W24/><G24/><T118/><D124/><U68/><E130/><V102/><F42/><W30/><G30/><RYUUKYOKU ba="0,1" sc="250,15,250,-15,250,-15,240,15" hai0="38,43,44,89,93,99,118" hai3="49,53,54,56,57,60,84,85,87,88,98,100,105" /><INIT seed="0,1,1,2,1,100" ten="265,235,235,255" oya="0" hai0="135,123,35,6,24,80,129,121,91,111,102,14,112" hai1="50,34,78,20,1,13,120,36,119,47,9,58,108" hai2="51,15,12,88,130,74,38,46,52,93,76,86,127" hai3="131,56,26,10,84,99,11,114,94,53,90,62,16"/><T25/><D102/><U101/><E119/><V98/><F127/><W128/><G114/><T115/><D91/><U113/><E120/><N who="0" m="46153" /><D80/><U22/><E34/><V55/><F130/><N who="3" m="49707" /><G84/><T4/><D129/><U30/><E1/><V3/><F3/><W29/><G29/><N who="0" m="19879" /><D135/><U45/><E36/><V103/><F38/><W77/><G77/><T37/><D37/><U49/><E58/><V109/><F109/><W61/><G61/><T67/><D67/><U132/><E47/><V23/><F23/><AGARI ba="1,1" hai="10,11,16,23,26,53,56,62,90,94,99" m="49707" machi="23" ten="30,3900,0" yaku="25,1,19,1,54,1" doraHai="100" who="3" fromWho="2" sc="265,0,235,0,235,-42,255,52" /><INIT seed="1,0,0,0,4,61" ten="265,235,193,307" oya="1" hai0="41,135,107,38,62,5,116,97,60,96,129,134,33" hai1="84,127,20,128,118,46,49,101,11,3,83,73,25" hai2="40,75,91,44,37,10,126,132,57,88,17,53,58" hai3="90,54,125,106,105,18,77,117,28,123,42,69,35"/><U0/><E118/><V108/><F75/><W109/><G123/><T70/><D33/><U92/><E127/><V111/><F126/><W19/><G125/><T56/><D116/><U87/><E128/><V59/><F53/><W71/><G117/><T133/><D129/><U22/><E73/><V15/><REACH who="2" step="1"/><F132/><REACH who="2" ten="265,235,183,307" step="2"/><W124/><G54/><T13/><D134/><U6/><E0/><V94/><F94/><W103/><G124/><T63/><D133/><U66/><E66/><V50/><F50/><W14/><G105/><T85/><D107/><U76/><E92/><V80/><F80/><W4/><G106/><T130/><D135/><U78/><E83/><V102/><F102/><W43/><G103/><T68/><D130/><U45/><E101/><V8/><F8/><W79/><G109/><AGARI ba="0,1" hai="10,15,17,37,40,44,57,58,59,88,91,108,109,111" machi="109" ten="40,5200,0" yaku="1,1,14,1,54,1,53,0" doraHai="61" doraHaiUra="93" who="2" fromWho="3" sc="265,0,235,0,183,62,307,-52" /><INIT seed="2,0,0,5,1,77" ten="265,235,245,255" oya="2" hai0="80,31,110,135,94,14,76,123,116,100,91,104,85" hai1="107,106,59,47,132,102,5,8,118,98,56,125,11" hai2="36,1,20,68,21,133,55,95,52,7,19,119,2" hai3="121,22,108,16,51,57,120,50,90,18,44,32,72"/><V42/><F68/><W61/><G32/><T58/><D123/><U73/><E118/><V78/><F119/><W62/><G72/><T66/><D116/><U88/><E125/><V13/><F36/><W74/><G74/><T54/><D135/><U37/><E107/><V40/><F133/><W96/><G108/><T29/><D66/><U115/><E132/><V12/><F78/><W101/><G90/><T27/><D110/><U35/><E73/><V113/><F95/><N who="3" m="58527" /><G121/><T53/><D104/><U92/><E115/><V24/><F7/><W33/><G33/><T9/><D100/><U34/><E47/><V17/><REACH who="2" step="1"/><F24/><REACH who="2" ten="265,235,235,255" step="2"/><W28/><G120/><T82/><D27/><U89/><E37/><V128/><F128/><W3/><G3/><T103/><D76/><U124/><E124/><V99/><F99/><W127/><G127/><T117/><D117/><U86/><E5/><V105/><F105/><W130/><G130/><T71/><D71/><U45/><E106/><V25/><F25/><W122/><G122/><T39/><D39/><U93/><E98/><V26/><F26/><W126/><G126/><T60/><D103/><U23/><E102/><V48/><F48/><W38/><G38/><T6/><D54/><U114/><E114/><AGARI ba="0,1" hai="1,2,12,13,17,19,20,21,40,42,52,55,113,114" machi="114" ten="25,9600,0" yaku="1,1,22,2,54,1,53,0" doraHai="77" doraHaiUra="4" who="2" fromWho="1" sc="265,0,235,-96,235,106,255,0" /><INIT seed="2,1,0,2,3,40" ten="265,139,341,255" oya="2" hai0="1,24,127,126,84,102,106,89,0,128,51,10,32" hai1="64,46,72,96,21,87,69,41,95,132,117,124,53" hai2="14,66,63,112,78,59,125,29,135,67,77,105,131" hai3="15,31,73,42,75,38,18,36,19,7,82,99,85"/><V34/><F112/><W107/><G7/><T45/><D128/><U70/><E124/><N who="0" m="47657" /><D10/><U55/><E132/><V114/><F114/><W17/><G31/><N who="0" m="19559" /><D102/><U121/><E117/><V92/><F105/><W79/><G15/><T61/><D61/><U37/><E72/><V110/><F125/><W56/><G56/><T25/><D25/><U90/><E121/><V86/><F131/><W57/><G57/><T122/><D106/><U33/><E33/><V65/><F135/><W88/><G73/><T123/><D0/><U118/><E118/><V98/><F29/><W26/><G26/><T133/><D1/><U71/><E64/><N who="2" m="24683" /><F34/><W104/><G104/><T27/><D27/><U11/><E21/><V134/><F110/><W68/><G68/><T93/><D133/><U74/><E74/><V83/><F14/><W113/><G113/><T58/><D58/><U103/><REACH who="1" step="1"/><E11/><REACH who="1" ten="265,129,341,255" step="2"/><V12/><F134/><W20/><G20/><T23/><D23/><U47/><E47/><V49/><F12/><W60/><G75/><T2/><D2/><U91/><E91/><V50/><F78/><W81/><G79/><T35/><D35/><U62/><E62/><V109/><F109/><W115/><G60/><T129/><D129/><U52/><E52/><AGARI ba="1,1" hai="45,51,52,84,89,93,122,123" m="19559,47657" machi="52" ten="30,3900,0" yaku="18,1,52,1,54,1" doraHai="40" who="0" fromWho="1" sc="265,52,129,-42,341,0,255,0" /><INIT seed="3,0,0,2,4,85" ten="317,87,341,255" oya="3" hai0="87,105,2,101,43,52,115,65,12,21,128,91,134" hai1="108,18,11,35,46,64,60,44,56,104,57,23,78" hai2="38,14,4,88,17,47,15,8,10,28,6,77,93" hai3="66,80,29,30,16,32,119,95,90,120,34,103,55"/><W81/><G119/><T40/><D2/><U62/><E108/><V37/><F77/><W19/><G120/><T63/><D134/><U76/><E104/><V31/><F38/><W121/><G121/><T20/><D128/><U74/><E35/><V130/><F130/><W67/><G103/><T126/><D126/><U113/><E113/><V26/><F37/><W111/><G111/><T114/><D101/><U133/><E133/><V59/><F47/><W79/><G79/><T122/><D105/><U51/><E11/><V71/><F71/><W3/><G3/><T53/><D122/><U135/><E74/><V84/><F59/><W24/><G55/><N who="0" m="21067" /><D12/><U58/><E135/><V27/><F17/><N who="3" m="6731" /><G32/><T118/><D118/><U132/><E132/><V112/><F112/><N who="0" m="43050" /><D43/><U96/><E96/><V25/><AGARI ba="0,0" hai="4,6,8,10,14,15,25,26,27,28,31,84,88,93" machi="25" ten="30,8000,1" yaku="0,1,9,1,8,1,52,1,54,1" doraHai="85" who="2" fromWho="2" sc="317,-20,87,-20,341,80,255,-40" owari="297,9.7,67,-43.3,421,52.1,215,-18.5" /></mjloggm>