<mjloggm ver="2.3"><GO type="225" lobby="0"/><UN n0="%E4%BF%BA%E3%81%A8%E5%A6%96%E5%A4%A2" n1="%72%69%6F%75%63%68%61%6E" n2="%E6%98%93%E5%88%A9%E8%96%A9%E4%BC%AF" n3="%6D%75%75%6D%75%72%61" dan="17,16,16,16" rate="2240.91,2123.25,2036.74,2065.99" sx="F,M,F,F"/><TAIKYOKU oya="0"/><INIT seed="0,0,0,2,2,85" ten="250,250,250,250" oya="0" hai0="98,63,120,78,57,97,94,134,86,75,122,10,28" hai1="9,104,2,43,126,33,59,39,34,30,115,1,21" hai2="96,46,80,69,18,50,11,124,36,26,100,102,61" hai3="48,77,19,105,17,31,23,58,125,6,13,51,107"/><T54/><BYE who="2" /><D134/><U116/><E116/><V79/><F79/><W74/><G125/><T87/><D28/><UN n2="%E6%98%93%E5%88%A9%E8%96%A9%E4%BC%AF" /><U3/><E104/><V111/><F36/><W12/><G6/><T8/><D75/><U66/><E126/><V35/><F111/><W110/><G110/><T89/><D120/><U24/><E115/><V22/><F35/><N who="1" m="13321" /><E59/><V60/><F69/><W15/><G31/><T76/><D122/><U49/><E66/><V81/><F11/><N who="0" m="4138" /><D86/><U41/><E49/><V90/><F124/><W56/><G74/><T82/><D98/><U127/><E43/><V5/><F5/><W108/><G108/><T38/><D38/><U70/><E41/><V92/><F81/><W93/><G77/><AGARI ba="0,0" hai="54,57,63,76,77,78,82,87,89,94,97" m="4138" machi="77" ten="30,2900,0" yaku="8,1,52,1" doraHai="85" who="0" fromWho="3" sc="250,29,250,0,250,0,250,-29" /><INIT seed="0,1,0,0,0,123" ten="279,250,250,221" oya="0" hai0="56,65,92,99,20,80,79,25,67,13,112,23,82" hai1="93,69,12,38,124,81,118,40,74,45,90,71,2" hai2="58,35,64,111,24,63,88,128,31,21,28,1,113" hai3="119,91,49,131,36,126,54,0,18,52,75,108,89"/><T57/><D112/><U109/><E109/><V129/><F113/><W42/><G0/><T106/><D106/><U17/><E124/><V102/><F1/><W39/><G119/><T114/><D13/><U5/><E118/><V55/><F102/><W16/><G75/><T11/><D11/><N who="1" m="2487" /><E90/><V84/><F111/><W96/><G108/><T19/><D20/><N who="1" m="11303" /><E93/><V4/><F4/><W59/><G131/><T30/><D19/><N who="3" m="7209" /><G126/><T105/><D105/><U83/><E83/><N who="0" m="31785" /><D79/><AGARI ba="1,0" hai="38,40,45,69,71,74,79,81" m="11303,2487" machi="79" ten="30,1000,0" yaku="25,1" doraHai="123" who="1" fromWho="0" sc="279,-13,250,13,250,0,221,0" /><INIT seed="1,0,0,5,0,20" ten="266,263,250,221" oya="1" hai0="114,121,62,131,7,109,27,99,60,65,3,130,66" hai1="118,1,24,126,117,98,101,70,8,103,90,48,107" hai2="119,71,116,45,93,63,2,18,39,78,134,86,111" hai3="83,84,53,105,12,82,120,54,74,11,19,43,67"/><U77/><E126/><V122/><F122/><W14/><G120/><T21/><D121/><U17/><E70/><V46/><F111/><W100/><G67/><T79/><D114/><U132/><E132/><V33/><F2/><W41/><G105/><T115/><D115/><U42/><E77/><V22/><F33/><W110/><G100/><T25/><D79/><U91/><E103/><V123/><F123/><W69/><G69/><T35/><D35/><U96/><E1/><V76/><F134/><W10/><G74/><T129/><D99/><U36/><E36/><V52/><F71/><W9/><G110/><T102/><D102/><U40/><E90/><N who="2" m="53463" /><F39/><W104/><G104/><T31/><D109/><U135/><E135/><V38/><F38/><W5/><G9/><N who="0" m="2303" /><D25/><U58/><E8/><V59/><F119/><W13/><G13/><T88/><D88/><U55/><E118/><V6/><F6/><W28/><G28/><T87/><D87/><U68/><E68/><V89/><F89/><W92/><G92/><T72/><D72/><U16/><E117/><V106/><F106/><W81/><REACH who="3" step="1"/><G84/><REACH who="3" ten="266,263,250,211" step="2"/><T0/><D0/><U75/><E75/><V97/><F116/><W61/><G61/><AGARI ba="0,1" hai="21,27,31,60,61,62,65,66,129,130,131" m="2303" machi="61" ten="30,2000,0" yaku="19,1,52,1" doraHai="20" who="0" fromWho="3" sc="266,30,263,0,250,0,211,-20" /><INIT seed="2,0,0,4,1,77" ten="296,263,250,191" oya="2" hai0="45,47,35,36,22,99,91,20,5,122,29,27,95" hai1="126,9,88,84,133,108,81,24,64,14,31,3,75" hai2="93,98,76,1,123,18,79,100,53,107,6,80,85" hai3="37,58,132,128,70,39,13,127,16,62,112,68,59"/><V109/><F123/><W125/><G128/><T114/><D122/><U50/><E108/><V7/><F109/><W25/><G25/><T74/><D114/><U4/><E126/><N who="3" m="48138" /><G112/><T23/><D36/><N who="3" m="13897" /><G132/><T111/><D111/><U30/><E133/><V65/><F65/><N who="3" m="41015" /><G70/><T46/><D74/><U40/><E64/><V63/><F1/><W33/><G33/><T38/><D38/><U26/><E75/><V110/><F110/><W67/><G67/><T135/><D135/><U102/><E102/><V118/><F118/><W72/><G72/><T124/><D124/><U11/><E26/><V32/><F32/><W86/><G86/><T97/><D5/><U106/><E106/><V19/><F107/><W82/><G82/><T41/><D41/><U117/><E117/><V87/><F85/><W73/><G73/><T56/><D99/><U71/><E71/><V54/><F79/><W17/><G17/><N who="2" m="6153" /><F63/><W129/><G129/><T78/><D78/><U0/><E9/><AGARI ba="0,0" hai="9,13,16,58,59" m="41015,13897,48138" machi="9" ten="30,2000,0" yaku="18,1,54,1" doraHai="77" who="3" fromWho="1" sc="296,0,263,-20,250,0,191,20" /><INIT seed="3,0,0,1,4,27" ten="296,243,250,211" oya="3" hai0="5,56,16,12,111,92,0,33,9,38,13,15,67" hai1="51,97,59,2,65,68,96,44,94,74,55,31,102" hai2="45,116,63,58,114,72,80,7,57,117,25,41,128" hai3="90,120,110,100,108,133,109,83,29,17,46,50,112"/><W119/><G112/><T81/><D38/><U60/><E74/><V48/><F114/><W130/><G119/><T91/><D33/><U93/><E2/><V61/><F128/><W87/><G120/><T124/><D111/><U64/><E31/><V53/><F7/><W107/><G130/><T8/><D81/><U62/><REACH who="1" step="1"/><E97/><REACH who="1" ten="296,233,250,211" step="2"/><V42/><F72/><W99/><G133/><T18/><D124/><U89/><E89/><V40/><F116/><W131/><G131/><T105/><D105/><AGARI ba="0,1" hai="44,51,55,59,60,62,64,65,68,93,94,96,102,105" machi="105" ten="30,3900,0" yaku="1,1,7,1,53,1" doraHai="27" doraHaiUra="49" who="1" fromWho="0" sc="296,-39,233,49,250,0,211,0" /><INIT seed="4,0,0,4,2,60" ten="257,282,250,211" oya="0" hai0="98,102,18,26,81,52,17,0,44,80,24,50,29" hai1="1,134,5,67,49,62,7,4,90,12,133,11,47" hai2="9,75,122,63,93,70,27,120,14,83,130,46,89" hai3="71,121,23,125,66,96,64,123,45,91,72,77,36"/><T40/><D0/><U28/><E28/><V22/><F130/><W129/><G71/><T69/><D69/><N who="1" m="42231" /><E90/><V15/><F46/><W97/><G129/><T31/><D40/><N who="1" m="24807" /><E12/><V95/><F95/><N who="3" m="56447" /><G125/><T101/><D29/><U65/><E65/><N who="3" m="25194" /><G97/><T116/><D116/><U111/><E111/><V127/><F127/><W92/><G92/><N who="0" m="58567" /><D102/><U108/><E108/><V57/><F93/><W132/><G132/><AGARI ba="0,0" hai="1,4,5,7,11,132,133,134" m="24807,42231" machi="132" ten="30,2000,0" yaku="20,1,52,1" doraHai="60" who="1" fromWho="3" sc="257,0,282,20,250,0,211,-20" owari="257,5.7,302,40.2,250,-15.0,191,-30.9" /></mjloggm>