<mjloggm ver="2.3"><GO type="225" lobby="0"/><UN n0="%E3%81%99%E3%81%84%E3%81%BE%E3%81%9B%E3%83%BC%E3%82%93" n1="%43%68%65" n2="%48%61%61%61%6C%61%6E%64" n3="%72%61%6B%33" dan="16,16,17,16" rate="2127.74,2109.60,2151.00,2229.97" sx="M,M,M,M"/><TAIKYOKU oya="0"/><INIT seed="0,0,0,2,4,41" ten="250,250,250,250" oya="0" hai0="57,13,30,37,54,105,76,133,127,50,32,56,53" hai1="132,90,62,28,104,124,83,100,60,95,102,52,96" hai2="128,123,8,63,88,126,26,21,71,36,66,49,108" hai3="79,117,9,70,75,103,38,48,94,7,72,82,87"/><T19/><D127/><U80/><E124/><V18/><F126/><W125/><G125/><T116/><D116/><U113/><E132/><V122/><F36/><W4/><G117/><T74/><D105/><U106/><E113/><V120/><F108/><W31/><G38/><T61/><D37/><U34/><E34/><V3/><F128/><W6/><G70/><T5/><D133/><U33/><E33/><V112/><F112/><W65/><G65/><T109/><D5/><U73/><E28/><V81/><F49/><W77/><G31/><T16/><D109/><U44/><E73/><V107/><F107/><W51/><G9/><T98/><D98/><U17/><E106/><V45/><F45/><W85/><G75/><T101/><D101/><N who="1" m="39019" /><E17/><V118/><F118/><W46/><G51/><T110/><D110/><U10/><E10/><V27/><F8/><W69/><G69/><T111/><D111/><U67/><E104/><V2/><REACH who="2" step="1"/><F26/><REACH who="2" ten="250,250,240,250" step="2"/><W97/><REACH who="3" step="1"/><G77/><REACH who="3" ten="250,250,240,240" step="2"/><T99/><D76/><U134/><E134/><V115/><F115/><W55/><AGARI ba="0,2" hai="4,6,7,46,48,55,72,79,82,85,87,94,97,103" machi="55" ten="30,7900,0" yaku="1,1,2,1,0,1,52,1,53,0" doraHai="41" doraHaiUra="29" who="3" fromWho="3" sc="250,-39,250,-20,240,-20,240,99" /><INIT seed="1,0,0,1,0,30" ten="211,230,220,339" oya="1" hai0="40,18,129,66,125,135,50,114,100,46,19,89,120" hai1="99,112,54,84,3,43,77,27,11,65,37,7,49" hai2="101,122,124,38,33,80,72,87,21,44,83,1,110" hai3="75,35,96,130,128,121,90,41,69,20,91,34,17"/><U79/><E112/><V71/><F122/><W29/><G121/><T55/><D120/><U94/><E65/><V73/><F71/><W39/><G75/><T104/><D114/><U88/><E43/><V24/><F110/><W132/><G69/><T92/><D125/><U134/><E37/><V31/><F124/><W78/><G78/><T85/><D129/><N who="3" m="49769" /><G29/><T81/><D135/><U98/><E134/><V131/><F131/><W14/><G132/><T109/><D109/><U68/><E68/><V57/><F1/><W9/><G20/><T108/><D108/><U117/><E117/><V111/><F111/><W126/><G126/><T119/><D119/><U8/><E8/><V116/><F116/><W82/><G82/><T5/><D104/><U115/><E115/><V118/><F118/><W107/><G107/><T23/><D66/><U61/><E61/><V97/><F21/><W42/><G42/><T133/><D133/><U13/><E3/><V102/><F83/><W2/><G2/><T70/><D70/><U6/><E6/><V60/><F72/><W53/><G53/><T86/><D5/><U74/><E74/><V56/><F73/><W52/><G52/><T12/><D18/><U93/><E27/><V48/><F60/><W103/><G103/><T28/><D100/><N who="1" m="60495" /><E84/><V62/><F62/><W45/><G96/><T22/><D40/><U106/><E106/><N who="2" m="63791" /><F102/><W58/><G58/><AGARI ba="0,0" hai="7,11,13,49,54,58,77,79,88,94,99" m="60495" machi="58" ten="30,2900,0" yaku="8,1,54,1" doraHai="30" who="1" fromWho="3" sc="211,0,230,29,220,0,339,-29" /><INIT seed="1,1,0,5,4,50" ten="211,259,220,310" oya="1" hai0="114,72,120,8,91,76,109,43,71,52,118,131,96" hai1="89,32,70,134,55,133,92,67,83,35,94,64,85" hai2="38,25,126,34,115,107,103,127,31,129,4,119,37" hai3="28,39,100,24,98,81,6,18,16,132,123,108,125"/><U68/><E83/><V30/><F119/><W117/><G123/><T82/><D118/><U49/><E94/><V69/><F129/><W42/><G117/><T86/><D114/><U93/><E93/><V104/><F115/><W56/><G108/><T74/><D109/><U22/><E22/><V80/><F4/><W10/><G125/><N who="2" m="47625" /><F69/><N who="1" m="26729" /><E64/><V113/><F113/><W121/><G121/><T112/><D71/><U110/><E67/><V57/><F31/><W2/><G81/><T1/><D112/><U62/><E62/><V3/><F80/><W36/><G28/><T33/><D120/><U101/><E101/><V90/><F90/><W11/><G100/><T77/><D131/><U53/><E110/><V102/><F102/><W105/><G18/><T59/><D74/><U41/><E41/><V51/><F3/><W66/><G2/><T14/><D1/><U17/><E17/><V135/><F103/><W12/><G16/><N who="0" m="8263" /><D72/><U111/><E111/><V124/><F124/><W27/><G6/><T84/><D43/><U97/><E97/><V130/><F130/><W63/><G98/><T47/><D96/><U75/><E75/><V87/><F30/><W128/><G42/><T7/><D7/><U48/><E35/><V99/><F34/><W46/><G128/><T20/><D33/><U54/><E32/><V13/><F99/><W88/><G11/><T95/><D20/><U78/><E78/><V15/><F104/><W116/><G105/><T23/><D23/><U44/><E44/><V79/><F107/><W0/><G116/><T26/><D47/><U73/><E73/><RYUUKYOKU ba="1,0" sc="211,-10,259,30,220,-10,310,-10" hai1="48,49,53,54,55,85,89,92,133,134" /><INIT seed="1,2,0,2,3,46" ten="201,289,210,300" oya="1" hai0="59,123,14,6,56,34,16,73,61,99,84,125,116" hai1="3,126,66,17,54,95,107,27,83,109,134,118,68" hai2="91,45,15,39,51,22,115,44,55,132,111,106,75" hai3="26,103,40,119,24,12,13,33,101,71,87,23,78"/><U113/><E107/><V88/><F111/><W65/><G119/><T36/><D73/><U4/><E113/><V1/><F1/><W79/><G33/><T38/><D34/><U120/><E118/><V93/><F106/><W127/><G40/><T28/><D28/><U21/><E120/><V89/><F75/><W42/><G42/><T63/><D116/><U30/><E109/><V64/><F132/><W49/><G71/><T105/><D6/><U70/><E134/><V82/><F82/><W92/><G65/><T2/><D2/><U80/><E95/><V90/><F64/><W77/><G127/><T97/><D125/><U128/><E126/><V35/><F35/><W98/><G101/><T131/><D131/><U53/><E128/><V20/><F115/><W50/><G87/><T135/><D105/><U114/><E114/><V129/><F129/><W96/><G96/><N who="0" m="36939" /><D38/><U81/><E66/><V108/><F108/><W133/><G133/><T74/><D74/><U130/><E130/><V37/><F37/><W60/><G60/><N who="0" m="23115" /><D36/><U62/><E30/><V11/><N who="2" m="22528" /><DORA hai="57" /><V112/><F93/><W76/><N who="3" m="19456" /><DORA hai="110" /><W29/><G26/><T47/><D123/><U0/><E0/><V102/><F102/><W104/><G104/><T58/><D135/><U9/><E70/><V122/><F122/><W8/><G13/><T25/><D25/><U52/><REACH who="1" step="1"/><E68/><REACH who="1" ten="201,279,210,300" step="2"/><V31/><F112/><W121/><G121/><T48/><D84/><U94/><E94/><V69/><F69/><W19/><AGARI ba="2,1" hai="8,12,19,23,24,29,49,50,92,98,103" m="19456" machi="19" ten="40,8000,1" yaku="0,1,8,1,52,2" doraHai="46,57,110" who="3" fromWho="3" sc="201,-22,279,-42,210,-22,300,96" /><INIT seed="2,0,0,1,2,77" ten="179,237,188,396" oya="2" hai0="29,109,86,120,21,110,114,97,34,87,128,62,83" hai1="84,8,46,42,79,85,113,3,127,89,30,4,117" hai2="13,49,9,50,47,45,119,105,64,75,121,66,60" hai3="118,12,133,100,116,59,106,123,11,104,99,1,38"/><V78/><F119/><W132/><G123/><T5/><D120/><U135/><E117/><V125/><F121/><W36/><G1/><T33/><D114/><U93/><E113/><V134/><F105/><W103/><G59/><T7/><D128/><U31/><E127/><V0/><F0/><W37/><G103/><T18/><D97/><U76/><E135/><N who="3" m="51786" /><G104/><T56/><D87/><U81/><REACH who="1" step="1"/><E79/><REACH who="1" ten="179,227,188,396" step="2"/><V112/><F112/><W52/><G118/><T23/><D110/><U92/><E92/><V107/><F134/><W44/><G116/><T129/><D109/><U28/><E28/><V73/><F125/><W48/><G38/><AGARI ba="0,1" hai="3,4,8,30,31,38,42,46,76,81,84,85,89,93" machi="38" ten="30,7700,0" yaku="1,1,7,1,52,1,53,1" doraHai="77" doraHaiUra="40" who="1" fromWho="3" sc="179,0,227,87,188,0,396,-77" /><INIT seed="3,0,0,2,3,103" ten="179,314,188,319" oya="3" hai0="119,99,76,65,59,49,0,104,11,22,56,41,20" hai1="129,36,58,54,79,124,10,15,50,30,29,69,128" hai2="117,51,74,35,107,108,102,7,44,48,47,38,86" hai3="72,75,92,8,12,17,46,70,134,112,114,67,89"/><W62/><G134/><T33/><D33/><U16/><E124/><V71/><F74/><W110/><G110/><T81/><D119/><U2/><E69/><V80/><F117/><W127/><G127/><T97/><D104/><U85/><E36/><V64/><F35/><W93/><G93/><T101/><D101/><U106/><E106/><V90/><F108/><W6/><G75/><T132/><D132/><U28/><E2/><V19/><F7/><W111/><G72/><T77/><D0/><U95/><E95/><V121/><F121/><W82/><G82/><T91/><D11/><U63/><REACH who="1" step="1"/><E50/><REACH who="1" ten="179,304,188,319" step="2"/><V78/><F48/><W120/><G111/><T125/><D125/><U113/><E113/><V73/><F51/><W84/><G120/><T100/><D49/><U40/><E40/><V31/><F38/><W57/><G70/><T126/><D41/><U115/><E115/><V135/><F135/><W9/><G46/><T116/><D126/><U45/><E45/><V32/><F47/><W61/><G61/><N who="0" m="38055" /><D116/><U53/><E53/><V60/><F44/><W5/><G5/><T88/><D59/><U21/><E21/><N who="0" m="8297" /><D81/><AGARI ba="0,1" hai="10,15,16,28,29,30,54,58,63,79,81,85,128,129" machi="81" ten="40,2600,0" yaku="1,1,54,1,53,0" doraHai="103" doraHaiUra="118" who="1" fromWho="0" sc="179,-26,304,36,188,0,319,0" owari="153,-34.7,340,44.0,188,-21.2,319,11.9" /></mjloggm>