<mjloggm ver="2.3"><GO type="225" lobby="0"/><UN n0="%E3%81%9F%E3%81%93%E2%98%86%E7%84%BC%E3%81%8D" n1="%E2%91%A3%E9%81%BF%E9%81%8A%E6%88%AF%E3%80%90%E6%9D%B1%E5%8D%97%E3%80%91" n2="%E9%80%9F%E6%B0%B4%E5%87%9B%E9%A6%99" n3="%E3%83%B4%E3%83%A0%EF%BC%99%E3%81%A6" dan="16,16,16,17" rate="2099.98,2054.32,2154.20,2152.13" sx="M,M,F,M"/><TAIKYOKU oya="0"/><INIT seed="0,0,0,2,1,123" ten="250,250,250,250" oya="0" hai0="129,26,131,31,114,78,76,40,69,43,89,67,42" hai1="62,87,85,20,0,2,68,111,132,49,59,112,10" hai2="105,54,101,25,120,6,33,27,65,17,113,61,5" hai3="50,128,37,60,130,3,83,135,81,12,106,99,19"/><T44/><D114/><U115/><E68/><V95/><F113/><N who="1" m="43593" /><E49/><V74/><F120/><W30/><G37/><T126/><D126/><U57/><E20/><V35/><F105/><W70/><G3/><N who="1" m="1066" /><E10/><V64/><F74/><W55/><G30/><T117/><D44/><U94/><E132/><V119/><F119/><W122/><G122/><T14/><D14/><U86/><E94/><V23/><F35/><W21/><G135/><T118/><D89/><U28/><E28/><V107/><F107/><W124/><G124/><T82/><D67/><N who="1" m="39375" /><E59/><N who="2" m="35063" /><F33/><W47/><G70/><T98/><D98/><U53/><E53/><V125/><F125/><W8/><G60/><T24/><D69/><U38/><E38/><V58/><F25/><N who="0" m="9834" /><D82/><U77/><E77/><N who="0" m="29801" /><D31/><U88/><E88/><V73/><F73/><W92/><G106/><T13/><D13/><U66/><E66/><N who="2" m="25707" /><F58/><W4/><G81/><T75/><D75/><U46/><E46/><V45/><F45/><W48/><G83/><T16/><D16/><U22/><E22/><V134/><F134/><W71/><G71/><T127/><D127/><U96/><E96/><AGARI ba="0,0" hai="5,6,17,23,27,95,96,101" m="25707,35063" machi="96" ten="30,1000,0" yaku="8,1" doraHai="123" who="2" fromWho="1" sc="250,0,250,-10,250,10,250,0" /><INIT seed="1,0,0,4,3,28" ten="250,240,260,250" oya="1" hai0="67,32,90,82,118,76,51,114,129,49,101,135,9" hai1="7,19,74,55,73,13,77,79,62,94,63,89,106" hai2="41,2,60,0,50,68,3,72,45,108,47,27,8" hai3="131,38,22,98,132,21,70,48,37,112,64,29,59"/><U91/><E106/><V58/><F72/><W99/><G112/><T93/><D114/><U10/><E73/><V43/><F68/><W34/><G131/><T81/><D118/><U23/><E74/><V4/><F108/><W40/><G132/><T133/><D129/><U11/><E11/><V80/><F80/><W107/><G59/><T100/><D67/><U84/><E91/><V66/><REACH who="2" step="1"/><F27/><REACH who="2" ten="250,240,250,250" step="2"/><W86/><G70/><T71/><D81/><U12/><E63/><V124/><F124/><W75/><G75/><T20/><D82/><U126/><E126/><V30/><F30/><W97/><G29/><T46/><D71/><U16/><E7/><V33/><F33/><W61/><G34/><T39/><D32/><U103/><E103/><V87/><F87/><W1/><G86/><T17/><D101/><U127/><E127/><V54/><F54/><W6/><G97/><T83/><D100/><U15/><E15/><V117/><F117/><W121/><G98/><T109/><D83/><U120/><E120/><V44/><F44/><W105/><G99/><T95/><D46/><U125/><E125/><V31/><F31/><W65/><G121/><T111/><D135/><U14/><E13/><V116/><F116/><W18/><G64/><T56/><D133/><U113/><E113/><V35/><F35/><W57/><G65/><T78/><D111/><U42/><E42/><V130/><F130/><W128/><G40/><T102/><D102/><U122/><E122/><V53/><F53/><W92/><G128/><T88/><D109/><U25/><E14/><V115/><F115/><RYUUKYOKU ba="0,1" sc="250,-15,240,15,250,15,250,-15" hai1="10,12,16,19,23,25,55,62,77,79,84,89,94" hai2="0,2,3,4,8,41,43,45,47,50,58,60,66" /><INIT seed="1,1,1,3,3,134" ten="235,255,265,235" oya="1" hai0="105,67,34,117,69,9,17,32,44,52,11,58,106" hai1="14,125,42,10,86,101,31,7,66,108,3,99,26" hai2="0,61,109,95,103,107,54,30,39,121,24,20,131" hai3="133,29,60,96,41,73,87,19,92,16,12,51,122"/><U119/><E119/><V100/><F121/><W6/><G122/><T78/><D78/><U120/><E120/><V62/><F0/><W126/><G73/><T8/><D17/><U71/><E42/><V70/><F39/><W55/><G133/><T37/><D117/><U15/><E86/><V45/><F107/><W72/><G72/><T35/><D67/><U89/><E89/><V82/><F131/><W21/><G87/><T68/><D44/><U2/><E15/><V90/><F70/><N who="0" m="27242" /><D37/><U84/><E84/><V115/><F109/><W81/><G81/><T59/><D52/><U28/><E28/><V79/><F82/><W113/><G41/><T85/><D85/><U50/><E50/><N who="2" m="29007" /><F79/><W129/><G60/><N who="2" m="23145" /><F115/><W102/><G113/><T110/><D110/><U23/><E108/><V53/><F53/><W130/><G55/><T135/><D135/><U83/><E83/><V64/><F64/><W25/><G51/><T33/><N who="0" m="8192" /><DORA hai="104" /><T91/><D91/><U40/><E40/><V49/><F49/><W111/><G111/><T114/><D114/><U132/><E132/><V77/><F77/><W22/><G130/><T112/><D112/><U56/><E56/><AGARI ba="1,1" hai="8,9,11,56,58,59,105,106" m="8192,27242" machi="56" ten="70,4500,0" yaku="28,2" doraHai="134,104" who="0" fromWho="1" sc="235,58,255,-48,265,0,235,0" /><INIT seed="2,0,0,1,2,57" ten="293,207,265,235" oya="2" hai0="63,30,99,115,88,18,110,95,15,25,105,49,128" hai1="0,127,16,36,17,121,102,119,107,35,123,82,97" hai2="117,81,89,132,42,74,78,13,86,129,93,75,50" hai3="41,71,76,4,26,70,94,79,34,85,10,28,22"/><V59/><F117/><W11/><G34/><T80/><D110/><U47/><E119/><V106/><F132/><W103/><G70/><T112/><D128/><U51/><E36/><V72/><F129/><W133/><G133/><T84/><D49/><U92/><E35/><V114/><F114/><W14/><G71/><T9/><D105/><U8/><E107/><V60/><F106/><W55/><G41/><T6/><D6/><N who="1" m="1095" /><E82/><V77/><F77/><W23/><G10/><T100/><REACH who="0" step="1"/><D63/><REACH who="0" ten="283,207,265,235" step="2"/><U91/><E127/><V54/><F42/><W45/><G4/><T126/><D126/><U96/><E51/><V122/><F122/><N who="1" m="46601" /><E47/><V20/><F50/><W111/><G45/><T40/><D40/><U61/><E61/><V118/><F118/><W98/><G111/><T56/><D56/><U29/><E29/><V46/><F46/><W73/><G28/><T87/><D87/><U39/><E39/><V69/><F69/><W134/><G134/><T31/><D31/><U108/><E108/><V83/><F74/><W58/><G73/><T68/><D68/><U38/><E38/><V120/><F120/><W116/><G116/><T12/><D12/><U3/><E3/><V7/><F75/><W5/><G85/><T125/><D125/><U53/><E53/><V52/><F54/><W24/><G55/><T104/><D104/><N who="1" m="63559" /><E17/><V33/><F7/><W66/><G58/><T67/><D67/><U135/><E135/><V43/><F43/><W44/><G66/><T131/><D131/><U1/><E1/><V19/><F72/><W27/><G44/><T37/><D37/><RYUUKYOKU ba="0,1" sc="283,10,207,10,265,-30,235,10" hai0="9,15,18,25,30,80,84,88,95,99,100,112,115" hai1="16,91,92,97" hai3="5,11,14,22,23,24,26,27,76,79,94,98,103" /><INIT seed="3,1,1,4,1,62" ten="293,217,235,245" oya="3" hai0="76,88,121,100,124,77,48,5,69,64,132,111,34" hai1="89,43,56,126,60,123,101,7,71,30,22,29,3" hai2="54,130,16,106,8,49,18,133,33,94,93,86,26" hai3="9,27,96,83,68,112,4,72,128,95,61,122,82"/><W103/><G112/><T40/><D34/><U78/><E123/><V65/><F106/><W79/><G122/><T73/><D100/><U44/><E71/><V21/><F130/><W50/><G128/><T58/><D5/><U120/><E120/><V53/><F33/><W17/><G82/><T81/><D111/><U59/><E59/><V2/><F2/><W116/><G116/><T57/><D76/><U117/><E117/><V15/><F133/><W134/><G134/><T6/><D124/><U102/><E78/><V118/><F118/><W11/><G50/><T42/><D6/><U131/><E126/><V66/><F54/><W1/><G9/><T109/><D109/><U125/><E125/><V119/><F119/><W39/><G39/><T63/><D132/><U13/><E3/><V104/><F104/><W32/><G17/><T70/><D40/><U37/><E89/><N who="2" m="53431" /><F94/><W10/><G1/><T97/><D121/><U87/><E87/><V129/><F129/><W47/><G4/><T45/><D69/><U38/><E38/><V41/><F41/><W31/><G47/><AGARI ba="1,1" hai="8,15,16,18,21,26,47,49,53,65,66" m="53431" machi="47" ten="30,7700,0" yaku="8,1,52,2,54,1" doraHai="62" who="2" fromWho="3" sc="293,0,217,0,235,90,245,-80" owari="293,9.3,217,-18.3,325,42.5,165,-33.5" /></mjloggm>