<mjloggm ver="2.3"><GO type="225" lobby="0"/><UN n0="%E7%B4%94%E6%BD%94%E3%83%94%E3%83%A9%E3%83%8B%E3%82%A2" n1="%E3%81%BF%E3%81%BF%E3%81%9A" n2="%E6%B8%A9%E2%98%85%E6%83%85%E2%98%85%E6%8E%AA%E2%98%85%E7%BD%AE" n3="%E5%A4%8F%E9%88%B4%E9%88%B4%E5%A4%8F" dan="16,16,17,16" rate="2188.75,2104.01,2259.97,2135.70" sx="M,M,M,M"/><TAIKYOKU oya="0"/><INIT seed="0,0,0,1,0,44" ten="250,250,250,250" oya="0" hai0="22,88,78,1,37,70,53,131,6,132,18,79,75" hai1="59,86,76,89,80,94,103,77,114,17,119,124,67" hai2="34,125,54,9,112,35,109,73,47,126,92,123,72" hai3="19,117,102,49,74,41,101,45,5,10,115,8,120"/><T127/><D37/><U107/><E119/><V55/><F123/><W58/><G115/><T82/><D70/><U113/><E17/><V85/><F112/><N who="1" m="43113" /><E67/><V40/><F109/><W0/><G117/><T4/><D127/><N who="2" m="48650" /><F9/><W32/><G74/><N who="2" m="28777" /><F85/><W97/><G120/><T2/><D131/><U33/><E33/><N who="2" m="12299" /><F92/><W42/><G32/><T39/><D75/><N who="1" m="43039" /><E59/><V30/><F30/><W50/><G58/><T129/><D18/><U29/><E29/><V56/><F56/><W3/><G19/><T7/><D7/><U108/><E124/><V23/><F23/><W71/><G71/><T106/><D22/><U84/><E108/><V65/><F65/><W13/><G5/><T60/><D60/><U105/><E103/><V122/><F122/><W83/><G101/><T68/><D68/><U63/><E63/><V69/><F69/><W135/><G102/><T62/><D62/><U133/><E133/><V52/><F40/><W36/><G42/><T104/><D6/><U100/><E100/><V96/><F96/><W31/><G97/><T110/><D4/><U43/><E43/><V61/><F61/><W57/><G31/><T28/><D28/><U118/><E118/><V64/><F64/><W46/><G41/><T128/><D110/><U15/><E15/><V95/><F95/><W98/><G13/><T116/><D116/><U93/><E93/><V12/><F12/><W91/><G98/><T81/><D81/><AGARI ba="0,0" hai="77,81,84,86,89,94,105,107" m="43039,43113" machi="81" ten="30,3900,0" yaku="11,1,34,2" doraHai="44" who="1" fromWho="0" sc="250,-39,250,39,250,0,250,0" /><INIT seed="1,0,0,1,1,64" ten="211,289,250,250" oya="1" hai0="114,103,48,100,130,37,2,72,106,4,82,78,89" hai1="116,27,49,23,47,54,63,112,107,123,30,61,52" hai2="53,3,41,90,16,133,55,109,75,115,60,73,98" hai3="117,32,36,11,126,10,74,95,118,20,43,67,8"/><U88/><E112/><V12/><F3/><W29/><G74/><T69/><D114/><U46/><E116/><N who="3" m="44650" /><G67/><T124/><D124/><U42/><E107/><V9/><F115/><W25/><G95/><T68/><D130/><U111/><E123/><V66/><F109/><W56/><G56/><T19/><D19/><U18/><E111/><V92/><F133/><W17/><G43/><T79/><D48/><U71/><E71/><V91/><F41/><W50/><G50/><T99/><D79/><U132/><E132/><V81/><F75/><W94/><G94/><T110/><D103/><U45/><E42/><V122/><F122/><W96/><G96/><T85/><D37/><U80/><E30/><V121/><F121/><W70/><G70/><T87/><D87/><N who="1" m="50279" /><E54/><V14/><F14/><N who="3" m="9271" /><G36/><T131/><D110/><U97/><E97/><V65/><F65/><W102/><G102/><T44/><D44/><AGARI ba="0,0" hai="18,23,27,44,45,46,47,49,52,61,63" m="50279" machi="44" ten="30,5800,0" yaku="8,1,54,2" doraHai="64" who="1" fromWho="0" sc="211,-58,289,58,250,0,250,0" /><INIT seed="1,1,0,2,1,114" ten="153,347,250,250" oya="1" hai0="81,107,92,4,109,6,90,95,55,66,16,127,17" hai1="49,85,10,23,60,78,28,115,56,135,77,13,132" hai2="83,9,120,123,18,72,5,113,102,124,76,125,57" hai3="86,103,54,62,128,134,31,93,105,63,26,122,42"/><U99/><E115/><V50/><F113/><W29/><G122/><T101/><D109/><U71/><E71/><V108/><F108/><W96/><G128/><T104/><D66/><U110/><E49/><V51/><F102/><W48/><G42/><T73/><D55/><U68/><E68/><V106/><F106/><W75/><G75/><T34/><D34/><U15/><E99/><V61/><F18/><W47/><G31/><T130/><D101/><U37/><E37/><V59/><F123/><W24/><G24/><T43/><D73/><U2/><E2/><V111/><F111/><W98/><G86/><T64/><D64/><U21/><E110/><V44/><F120/><W131/><G134/><T121/><D121/><U126/><E126/><N who="2" m="48747" /><F61/><W88/><REACH who="3" step="1"/><G131/><REACH who="3" ten="153,347,250,240" step="2"/><T80/><D127/><U20/><E28/><V133/><F133/><N who="1" m="51273" /><E85/><V46/><F46/><W74/><G74/><T39/><D130/><U30/><E30/><V32/><F32/><AGARI ba="1,1" hai="26,29,32,47,48,54,62,63,88,93,96,98,103,105" machi="32" ten="30,3900,0" yaku="1,1,7,1,54,1,53,0" doraHai="114" doraHaiUra="0" who="3" fromWho="2" sc="153,0,347,0,250,-42,240,52" /><INIT seed="2,0,0,0,1,0" ten="153,347,208,292" oya="2" hai0="11,133,71,28,99,108,58,72,107,121,74,111,81" hai1="31,118,9,124,42,67,30,100,6,104,24,66,22" hai2="116,62,40,87,114,132,115,32,41,59,60,51,127" hai3="109,23,26,75,1,52,68,126,103,64,80,27,54"/><V7/><F32/><W69/><G1/><T5/><D58/><U97/><E118/><V3/><F87/><W4/><G103/><N who="0" m="62975" /><D28/><U95/><E124/><V73/><F73/><W120/><G4/><T29/><D29/><U12/><E104/><V117/><F7/><W134/><G27/><T119/><D121/><U43/><E31/><V14/><F14/><W36/><G36/><T18/><D18/><U130/><E130/><V15/><F15/><W135/><G64/><AGARI ba="0,0" hai="6,9,12,22,24,30,42,43,64,66,67,95,97,100" machi="64" ten="40,2600,0" yaku="8,1,52,1" doraHai="0" who="1" fromWho="3" sc="153,0,347,26,208,0,292,-26" /><INIT seed="3,0,0,3,3,104" ten="153,373,208,266" oya="3" hai0="107,29,37,95,116,79,84,90,26,20,119,60,61" hai1="94,102,124,24,48,74,0,45,42,133,72,10,59" hai2="62,100,56,65,112,28,44,80,121,52,91,30,83" hai3="64,68,117,87,86,81,69,132,131,135,2,53,46"/><W110/><G117/><T93/><D107/><U96/><E124/><V38/><F112/><W85/><G2/><T25/><D37/><U67/><E133/><N who="3" m="51274" /><G131/><T70/><D70/><N who="3" m="27241" /><G64/><T51/><D119/><U41/><E41/><V9/><F121/><W89/><G110/><T57/><D116/><U75/><E24/><V76/><F100/><W8/><G8/><T111/><D111/><U13/><E0/><V106/><F106/><W34/><G34/><T99/><D79/><U58/><REACH who="1" step="1"/><E67/><REACH who="1" ten="153,363,208,266" step="2"/><V92/><F65/><W11/><G11/><T23/><D57/><U4/><AGARI ba="0,1" hai="4,10,13,42,45,48,58,59,72,74,75,94,96,102" machi="4" ten="30,12000,2" yaku="1,1,2,1,0,1,52,3,53,0" doraHai="104" doraHaiUra="19" who="1" fromWho="1" sc="153,-30,363,130,208,-30,266,-60" owari="123,-37.7,493,59.3,178,-22.2,206,0.6" /></mjloggm>