<mjloggm ver="2.3"><GO type="225" lobby="0"/><UN n0="%6E%65%6F%E3%82%BD%E3%83%83%E3%82%AF%E3%82%B9%E2%99%AA" n1="%E8%A8%88%E7%AE%97%E6%A9%9F%E8%87%AA%E7%84%B6" n2="%E3%82%8C%E3%81%99%E3%81%93" n3="%E3%82%8A%E3%82%87%E3%81%91%E3%81%99" dan="16,17,16,16" rate="2154.76,2156.61,2146.41,2115.19" sx="M,M,F,M"/><TAIKYOKU oya="0"/><INIT seed="0,0,0,5,0,67" ten="250,250,250,250" oya="0" hai0="13,121,14,81,52,103,49,61,40,24,102,95,99" hai1="123,23,7,55,22,83,50,70,1,33,133,0,104" hai2="64,112,114,105,8,32,97,21,71,119,131,78,90" hai3="16,86,17,110,93,25,79,73,116,10,48,125,58"/><T6/><D121/><U135/><E123/><V72/><F32/><W41/><G116/><T34/><D81/><U31/><E104/><V15/><F119/><W82/><G110/><T60/><D40/><U28/><E83/><V4/><F131/><W107/><G107/><T128/><D128/><U68/><E33/><V120/><F120/><W76/><G125/><T51/><D51/><U35/><E35/><V91/><F21/><N who="1" m="7689" /><E7/><V75/><F78/><W100/><G25/><T9/><D103/><U36/><E36/><V94/><F105/><W57/><G79/><T30/><REACH who="0" step="1"/><D14/><REACH who="0" ten="240,250,250,250" step="2"/><U109/><E109/><V39/><F39/><W45/><G100/><T85/><D85/><U89/><E89/><V106/><F91/><W3/><G82/><T118/><D118/><U46/><E0/><V12/><F12/><W115/><G86/><T117/><D117/><U98/><E1/><V124/><F72/><W29/><G76/><T11/><D11/><U54/><E98/><V62/><F75/><W65/><G73/><T26/><D26/><U18/><E50/><V126/><REACH who="2" step="1"/><F106/><REACH who="2" ten="240,250,240,250" step="2"/><W43/><G3/><T80/><D80/><U66/><E135/><V2/><F2/><W101/><G101/><T63/><D63/><U113/><E133/><V38/><F38/><W130/><G130/><T92/><D92/><U56/><E113/><AGARI ba="0,2" hai="4,8,15,62,64,71,90,94,97,112,113,114,124,126" machi="113" ten="40,2600,0" yaku="1,1,52,1,53,0" doraHai="67" doraHaiUra="129" who="2" fromWho="1" sc="240,0,250,-26,240,46,250,0" /><INIT seed="1,0,0,1,5,110" ten="240,224,286,250" oya="1" hai0="7,120,135,4,32,129,93,90,82,68,10,27,23" hai1="83,2,118,73,28,24,34,65,108,22,8,84,91" hai2="104,107,0,79,70,98,15,92,94,3,76,124,17" hai3="25,53,72,54,133,100,40,126,116,51,37,50,115"/><U99/><E118/><V46/><F70/><W56/><G72/><T109/><D109/><U71/><E108/><V1/><F124/><W42/><G100/><T44/><D68/><U64/><E73/><V96/><F46/><W80/><G80/><T111/><D111/><U5/><E71/><V86/><F86/><W59/><G25/><T125/><D32/><U128/><E128/><V119/><F119/><W89/><G89/><T29/><D135/><U102/><REACH who="1" step="1"/><E34/><REACH who="1" ten="240,214,286,250" step="2"/><V39/><F39/><W36/><G116/><T31/><D129/><U13/><E13/><V75/><F75/><W63/><G133/><T45/><D125/><U117/><E117/><V105/><F15/><W123/><G126/><T35/><D35/><U49/><E49/><V131/><F131/><W113/><G63/><T87/><D120/><AGARI ba="0,1" hai="36,37,40,42,50,51,53,54,56,59,113,115,120,123" machi="120" ten="25,12000,2" yaku="22,2,34,3,52,2" doraHai="110" who="3" fromWho="0" sc="240,-120,214,0,286,0,250,130" /><INIT seed="2,0,0,2,2,105" ten="120,214,286,380" oya="2" hai0="65,90,47,87,40,11,110,80,109,21,134,61,12" hai1="68,54,126,94,49,20,6,120,128,115,82,2,102" hai2="62,19,66,28,39,27,97,9,130,78,58,104,18" hai3="56,127,3,77,48,91,117,100,122,113,72,57,81"/><V96/><F130/><W121/><G117/><T73/><D134/><U34/><E115/><V4/><F39/><W13/><G3/><T38/><D21/><U132/><E34/><V133/><F133/><W85/><G127/><T33/><D33/><U42/><E68/><V108/><F108/><W76/><G76/><T112/><D112/><U41/><E2/><V10/><F78/><W119/><G119/><T37/><D37/><U63/><E6/><V24/><F9/><W52/><G113/><T8/><D11/><U36/><E36/><V17/><F104/><W67/><G100/><T1/><D1/><U123/><E63/><V32/><REACH who="2" step="1"/><F27/><REACH who="2" ten="120,214,276,380" step="2"/><W101/><G77/><T69/><D110/><U111/><E128/><V83/><F83/><W0/><G81/><T106/><D106/><U5/><E82/><V92/><F92/><W15/><G121/><T35/><D109/><U71/><E132/><V86/><F86/><W99/><G85/><T131/><D131/><U118/><E111/><V7/><F7/><W79/><G79/><T74/><REACH who="0" step="1"/><D35/><REACH who="0" ten="110,214,276,380" step="2"/><U135/><E135/><V55/><F55/><W14/><G52/><T29/><D29/><U95/><E54/><V124/><F124/><W116/><G116/><T103/><D103/><U88/><E118/><V84/><F84/><W129/><G101/><T16/><AGARI ba="0,2" hai="8,12,16,38,40,47,61,65,69,73,74,80,87,90" machi="16" ten="20,12000,2" yaku="1,1,0,1,7,1,52,2,54,1,53,0" doraHai="105" doraHaiUra="31" who="0" fromWho="0" sc="110,140,214,-30,276,-60,380,-30" /><INIT seed="3,0,0,5,3,117" ten="250,184,216,350" oya="3" hai0="76,35,108,56,27,26,47,4,52,132,130,99,36" hai1="98,73,11,110,84,125,90,66,31,93,41,48,126" hai2="5,37,59,64,120,102,131,78,111,23,42,89,128" hai3="57,107,32,77,49,116,29,124,22,92,91,123,79"/><W74/><G123/><T60/><D108/><U67/><E73/><V121/><F111/><W0/><G0/><T12/><D132/><U21/><E110/><V80/><F89/><W8/><G107/><T33/><D130/><N who="2" m="49706" /><F102/><W38/><G38/><T43/><D76/><U114/><E114/><V94/><F94/><W30/><G32/><T14/><D99/><U62/><E11/><V96/><F96/><W82/><G77/><T34/><D4/><U75/><E75/><N who="2" m="43103" /><F5/><W113/><G113/><T53/><D53/><U97/><E126/><V55/><F64/><W85/><G92/><T7/><D7/><U127/><E127/><V16/><F42/><W17/><G91/><T45/><D45/><U70/><E125/><V10/><F10/><W109/><G109/><T46/><D46/><U100/><E66/><V44/><F44/><W105/><G105/><T20/><REACH who="0" step="1"/><D27/><REACH who="0" ten="240,184,216,350" step="2"/><U88/><E41/><V69/><F37/><W104/><G124/><T51/><D51/><U119/><E119/><V112/><F112/><W118/><G57/><T18/><AGARI ba="0,1" hai="12,14,18,20,26,33,34,35,36,43,47,52,56,60" machi="18" ten="30,4000,0" yaku="1,1,0,1,54,1,53,0" doraHai="117" doraHaiUra="87" who="0" fromWho="0" sc="240,50,184,-10,216,-10,350,-20" owari="290,9.0,174,-32.6,206,-19.4,330,43.0" /></mjloggm>