<mjloggm ver="2.3"><GO type="225" lobby="0"/><UN n0="%E9%89%A2%E5%B7%BB%E3%82%AC%E3%83%96" n1="%E6%A1%9C%E8%8A%B1%E9%96%83%E3%80%85" n2="%E7%B4%94%E6%BD%94%E3%83%94%E3%83%A9%E3%83%8B%E3%82%A2" n3="%E8%A8%88%E7%AE%97%E6%A9%9F%E8%87%AA%E7%84%B6" dan="16,18,16,17" rate="2135.81,2243.48,2153.65,2220.51" sx="M,M,M,M"/><TAIKYOKU oya="0"/><INIT seed="0,0,0,5,5,124" ten="250,250,250,250" oya="0" hai0="101,46,114,29,41,9,103,18,62,20,34,24,128" hai1="55,30,135,69,131,45,22,10,112,122,72,113,58" hai2="66,19,74,35,39,118,50,8,87,108,14,115,119" hai3="42,116,126,123,97,38,51,91,98,37,109,82,52"/><T71/><D114/><U2/><E69/><V132/><F115/><W106/><G116/><N who="2" m="44585" /><F74/><W85/><G126/><T92/><D92/><U63/><E122/><V127/><F39/><W120/><G109/><T75/><D75/><U7/><E135/><V67/><F132/><W80/><G80/><T81/><D81/><U76/><E76/><V60/><F108/><W86/><G86/><T13/><D62/><U49/><E72/><V125/><F35/><W25/><G25/><T88/><D71/><U15/><E131/><V16/><F19/><W53/><G53/><T99/><D128/><U129/><E129/><V105/><F105/><W94/><G106/><T117/><D117/><U133/><E133/><V31/><F31/><W44/><G97/><T134/><D134/><U111/><E111/><V6/><F50/><W47/><REACH who="3" step="1"/><G37/><REACH who="3" ten="250,250,250,240" step="2"/><T61/><D99/><U5/><E112/><V104/><F104/><W48/><G48/><T77/><D24/><N who="1" m="16663" /><E113/><V83/><F66/><W4/><G4/><T90/><D77/><AGARI ba="0,1" hai="38,42,44,47,51,52,77,82,85,91,94,98,120,123" machi="77" ten="40,5200,0" yaku="1,1,54,1,53,1" doraHai="124" doraHaiUra="89" who="3" fromWho="0" sc="250,-52,250,0,250,0,240,62" /><INIT seed="1,0,0,2,2,76" ten="198,250,250,302" oya="1" hai0="31,10,64,127,79,68,115,75,82,23,98,16,61" hai1="62,24,26,72,113,101,118,106,126,100,74,117,14" hai2="63,120,70,125,92,122,60,89,73,132,119,46,36" hai3="49,42,41,37,66,86,108,13,5,91,34,96,40"/><U59/><E113/><V52/><F119/><W44/><G34/><T8/><D115/><U54/><E126/><V43/><F125/><W6/><G108/><T88/><D127/><U39/><E39/><V0/><F0/><W51/><G66/><T111/><D111/><U25/><E14/><V71/><F73/><W77/><G37/><T130/><D130/><U116/><REACH who="1" step="1"/><E106/><REACH who="1" ten="198,240,250,302" step="2"/><V97/><F132/><W87/><G13/><T83/><D31/><U4/><E4/><V104/><F104/><W107/><G107/><T93/><REACH who="0" step="1"/><D83/><REACH who="0" ten="188,240,250,302" step="2"/><U133/><E133/><V28/><F28/><W99/><G5/><T121/><D121/><U3/><E3/><V95/><F122/><W55/><G6/><T50/><D50/><U21/><E21/><V48/><F120/><W102/><G49/><T65/><D65/><U105/><E105/><V128/><F128/><W27/><G51/><T30/><D30/><U19/><E19/><V110/><F110/><W134/><G134/><T33/><D33/><U56/><E56/><V69/><REACH who="2" step="1"/><F92/><REACH who="2" ten="188,240,240,302" step="2"/><W35/><G35/><T38/><D38/><U20/><E20/><V18/><F18/><W123/><G123/><T1/><D1/><U32/><E32/><V94/><F94/><W57/><G57/><AGARI ba="0,3" hai="36,43,46,48,52,57,60,63,69,70,71,89,95,97" machi="57" ten="40,2600,0" yaku="1,1,54,1,53,0" doraHai="76" doraHaiUra="17" who="2" fromWho="3" sc="188,0,240,0,240,56,302,-26" /><INIT seed="2,0,0,4,2,125" ten="188,240,296,276" oya="2" hai0="39,27,107,92,23,7,52,79,129,45,126,130,10" hai1="34,31,128,115,96,123,17,133,33,40,73,105,117" hai2="53,118,68,5,119,9,85,104,114,32,41,43,87" hai3="55,11,14,50,49,56,44,58,101,19,108,76,36"/><V95/><F104/><W120/><G120/><T54/><D107/><U64/><E40/><V35/><F68/><W98/><G108/><T24/><D126/><U12/><E64/><V86/><F114/><W67/><G36/><T69/><D69/><U100/><E115/><V47/><F53/><W4/><G76/><T82/><D92/><U71/><E71/><V26/><F95/><N who="3" m="58591" /><G67/><T28/><D27/><U75/><E117/><V109/><F109/><W106/><G106/><T110/><D110/><U51/><E123/><V37/><F43/><N who="3" m="24735" /><G4/><T18/><D39/><U48/><E133/><V8/><F8/><W88/><G88/><T116/><D116/><U102/><E31/><V29/><REACH who="2" step="1"/><F32/><REACH who="2" ten="188,240,286,276" step="2"/><W121/><G121/><T122/><D122/><U134/><E34/><V0/><AGARI ba="0,1" hai="0,5,9,26,29,35,37,41,47,85,86,87,118,119" machi="0" ten="30,18000,2" yaku="1,1,2,1,0,1,53,3" doraHai="125" doraHaiUra="83" who="2" fromWho="2" sc="188,-60,240,-60,286,190,276,-60" /><INIT seed="2,1,0,0,1,24" ten="128,180,476,216" oya="2" hai0="103,12,46,121,6,135,116,61,91,35,133,114,102" hai1="92,54,42,40,96,108,125,14,79,30,82,1,101" hai2="58,100,20,119,78,22,124,65,50,32,83,57,10" hai3="71,55,80,75,67,39,9,2,115,89,53,15,111"/><V132/><F32/><W69/><G39/><T94/><D121/><U130/><E1/><V81/><F119/><W84/><G2/><T59/><D114/><U88/><E108/><V76/><F100/><W127/><G111/><T129/><D129/><U5/><E130/><V33/><F33/><W28/><G115/><T123/><D123/><U97/><E125/><V68/><F68/><W134/><G127/><T98/><D116/><U29/><E54/><V60/><F10/><W26/><G75/><T44/><D35/><U117/><E117/><V23/><F132/><W93/><G134/><T45/><D133/><U66/><E66/><V48/><F124/><W31/><G26/><T37/><D37/><U7/><E79/><N who="2" m="30251" /><F58/><W131/><G131/><T109/><D109/><U104/><E82/><AGARI ba="1,0" hai="20,22,23,48,50,57,60,65,81,82,83" m="30251" machi="82" ten="30,1500,0" yaku="8,1" doraHai="24" who="2" fromWho="1" sc="128,0,180,-18,476,18,216,0" /><INIT seed="2,2,0,5,5,51" ten="128,162,494,216" oya="2" hai0="91,118,85,100,80,9,39,31,61,119,16,92,112" hai1="110,89,84,59,107,134,76,13,116,4,22,53,43" hai2="21,130,65,25,38,103,97,78,114,74,131,101,71" hai3="69,27,122,70,135,46,98,50,127,75,52,19,82"/><V45/><F114/><W83/><G122/><T95/><D39/><U26/><E116/><N who="0" m="44585" /><D31/><U73/><E110/><V0/><F0/><W125/><G135/><T111/><D112/><U123/><E134/><V102/><F71/><N who="3" m="27147" /><G75/><T55/><D100/><U2/><E2/><V96/><F65/><W42/><G98/><T115/><D115/><U7/><E107/><V12/><F74/><W87/><G87/><T47/><D111/><U11/><E43/><V129/><F78/><W105/><G105/><T124/><D124/><N who="3" m="47689" /><G42/><T94/><D61/><N who="1" m="36079" /><E73/><V1/><F96/><W117/><G117/><T133/><D133/><U79/><E4/><V28/><F97/><W44/><G44/><T24/><D24/><U10/><E10/><V37/><F1/><W68/><G68/><T56/><D56/><U23/><E123/><V34/><F45/><W108/><G108/><T54/><D47/><U18/><E23/><AGARI ba="2,0" hai="19,23,27,46,50,52,82,83" m="47689,27147" machi="23" ten="30,3900,0" yaku="18,1,52,1,54,1" doraHai="51" who="3" fromWho="1" sc="128,0,162,-45,494,0,216,45" /><INIT seed="3,0,0,1,2,6" ten="128,117,494,261" oya="3" hai0="59,48,20,131,69,104,100,21,55,24,119,124,97" hai1="121,61,77,26,50,114,92,116,12,1,81,110,58" hai2="7,120,130,115,30,133,70,76,72,107,98,37,13" hai3="87,78,91,95,96,51,46,102,17,123,60,45,15"/><W33/><G123/><T106/><D69/><U9/><E121/><V93/><F30/><W18/><G33/><T112/><D119/><U118/><E114/><V62/><F76/><W86/><G60/><T84/><D131/><U68/><E1/><V41/><F62/><W5/><G78/><T82/><D124/><U64/><E110/><V19/><F7/><W67/><G67/><T10/><D10/><U32/><E92/><V75/><F19/><W135/><G135/><T109/><D109/><U128/><E128/><V79/><F41/><W2/><G86/><T28/><D112/><U23/><E32/><V71/><F79/><W29/><G29/><T90/><D106/><U111/><E111/><V35/><F71/><W101/><G2/><T108/><D108/><U105/><E105/><V49/><F107/><W54/><G45/><T94/><D104/><U16/><E50/><V52/><F35/><AGARI ba="0,0" hai="20,21,24,28,35,48,55,59,82,84,90,94,97,100" machi="35" ten="30,1000,0" yaku="7,1" doraHai="6" who="0" fromWho="2" sc="128,10,117,0,494,-10,261,0" owari="138,-26.2,117,-38.3,484,58.4,261,6.1" /></mjloggm>