<mjloggm ver="2.3"><GO type="225" lobby="0"/><UN n0="%6B%79%6F%6E%6B%6F%31%31" n1="%E7%88%86%E8%A3%82%E7%8B%82%E6%83%A0%E6%83%A0" n2="%72%69%6F%75%63%68%61%6E" n3="%E3%82%82%E3%81%90%E3%82%89" dan="17,17,16,17" rate="2211.64,2131.62,2217.44,2218.56" sx="M,M,M,M"/><TAIKYOKU oya="0"/><INIT seed="0,0,0,0,0,86" ten="250,250,250,250" oya="0" hai0="61,18,12,64,77,13,84,65,135,116,103,31,14" hai1="44,115,55,4,118,35,125,74,42,112,134,95,100" hai2="78,109,119,71,81,70,87,22,76,62,20,96,3" hai3="29,52,67,41,38,108,114,82,11,111,79,5,66"/><T45/><D116/><U1/><E118/><V63/><F109/><N who="3" m="42059" /><G114/><N who="1" m="43562" /><E74/><V47/><F119/><W51/><G29/><T33/><D135/><U34/><E125/><V107/><F3/><N who="3" m="447" /><G41/><T133/><D133/><U7/><E134/><V101/><F76/><W25/><G25/><T121/><D121/><U128/><E55/><V43/><F62/><W17/><G17/><T8/><D103/><U40/><E128/><V26/><F63/><W124/><G38/><T122/><D64/><U23/><E23/><V102/><F101/><W98/><G98/><T39/><D122/><U131/><E131/><V46/><F20/><W90/><G124/><T85/><D31/><U19/><E19/><V83/><F43/><N who="1" m="16425" /><E44/><V6/><F6/><N who="1" m="2089" /><E1/><V94/><F46/><N who="3" m="27767" /><G79/><T97/><D39/><U21/><E21/><V123/><F123/><W73/><G73/><T15/><D45/><U0/><E0/><V113/><F113/><W30/><G30/><T91/><D77/><U93/><E100/><V129/><F129/><W127/><G127/><T120/><D120/><U68/><E68/><V54/><F70/><W57/><G57/><N who="0" m="37039" /><D33/><AGARI ba="0,0" hai="33,34,35,93,95" m="2089,16425,43562" machi="33" ten="40,5200,0" yaku="28,2,11,1" doraHai="86" who="1" fromWho="0" sc="250,-52,250,52,250,0,250,0" /><INIT seed="1,0,0,2,4,126" ten="198,302,250,250" oya="1" hai0="11,13,92,40,98,100,112,71,24,109,113,45,54" hai1="77,20,84,132,2,93,121,83,114,115,79,32,107" hai2="69,52,35,47,90,67,17,49,102,70,15,42,39" hai3="73,87,82,101,28,19,30,66,122,21,78,44,118"/><U0/><E32/><V65/><F35/><W51/><G122/><T88/><D109/><U16/><E121/><V120/><F120/><W125/><G125/><T38/><D71/><N who="2" m="27146" /><F90/><W123/><G123/><T95/><D54/><U133/><E107/><V33/><F17/><W91/><G66/><N who="2" m="25097" /><F15/><W108/><G108/><T110/><D24/><N who="1" m="14343" /><E93/><V117/><F102/><W36/><G36/><T62/><D62/><U135/><E79/><V46/><F33/><W60/><G60/><T29/><D29/><U131/><E131/><V81/><F81/><W96/><G118/><AGARI ba="0,0" hai="39,42,46,47,49,52,117,118" m="25097,27146" machi="118" ten="30,3900,0" yaku="34,2,54,1" doraHai="126" who="2" fromWho="3" sc="198,0,302,0,250,39,250,-39" /><INIT seed="2,0,0,2,2,27" ten="198,302,289,211" oya="2" hai0="108,84,17,92,79,14,87,2,42,83,109,21,10" hai1="49,12,90,58,7,95,120,91,70,74,59,77,116" hai2="4,122,16,117,135,114,72,118,82,39,112,44,106" hai3="48,125,8,50,111,11,63,115,85,100,132,25,9"/><V51/><F106/><W107/><G111/><T101/><D42/><U30/><E116/><V22/><F122/><W34/><G125/><T33/><D33/><U78/><E70/><V53/><F135/><W36/><G36/><T29/><D2/><U89/><E74/><V86/><F72/><W6/><G132/><T69/><D69/><U93/><E120/><V61/><F39/><W98/><G6/><T81/><D92/><N who="1" m="35403" /><E30/><V60/><F4/><W57/><G85/><T126/><D126/><U1/><E1/><V119/><F114/><W0/><G0/><T94/><D94/><U24/><E24/><V19/><F112/><W56/><G56/><N who="1" m="21546" /><E49/><V3/><F3/><W31/><REACH who="3" step="1"/><G115/><REACH who="3" ten="198,302,289,201" step="2"/><T75/><D75/><U76/><E12/><V28/><F19/><W38/><G38/><T43/><D109/><U41/><E7/><V134/><F134/><W113/><G113/><T73/><D73/><U64/><E64/><AGARI ba="0,1" hai="8,9,11,25,31,34,48,50,57,63,64,98,100,107" machi="64" ten="40,2600,0" yaku="1,1,52,1,53,0" doraHai="27" doraHaiUra="32" who="3" fromWho="1" sc="198,0,302,-26,289,0,201,36" /><INIT seed="3,0,0,3,0,71" ten="198,276,289,237" oya="3" hai0="43,28,87,74,84,53,64,96,103,97,46,129,100" hai1="115,85,116,126,34,92,91,5,69,21,89,128,44" hai2="78,3,63,119,79,124,10,127,4,47,111,17,37" hai3="11,134,41,42,59,61,72,121,105,35,90,54,26"/><W60/><G121/><T6/><D129/><U110/><E115/><V39/><F111/><W68/><G72/><T45/><D74/><U67/><E34/><V77/><F119/><W24/><G105/><T32/><D64/><U31/><E110/><V25/><F63/><W120/><G120/><T130/><D130/><U50/><E128/><V14/><F25/><W81/><G11/><T112/><D112/><U75/><E75/><V88/><F88/><W56/><G68/><T131/><D131/><U66/><E126/><N who="2" m="48171" /><F47/><W58/><G134/><T57/><D6/><U113/><E113/><V2/><F2/><W20/><G35/><T23/><D32/><U9/><E69/><V135/><F135/><W73/><G26/><N who="0" m="16479" /><D43/><N who="3" m="16393" /><G73/><T62/><D45/><U107/><E116/><V55/><F55/><N who="3" m="33823" /><G59/><T65/><D65/><U1/><E107/><V80/><F80/><W83/><G90/><T108/><D46/><U133/><E133/><V22/><AGARI ba="0,0" hai="3,4,10,14,17,22,37,39,77,78,79" m="48171" machi="22" ten="30,4000,0" yaku="18,1,52,2" doraHai="71" who="2" fromWho="2" sc="198,-10,276,-10,289,40,237,-20" owari="188,-31.2,266,6.6,329,42.9,217,-18.3" /></mjloggm>