<mjloggm ver="2.3"><GO type="225" lobby="0"/><UN n0="%E6%B8%A9%E2%98%85%E6%83%85%E2%98%85%E6%8E%AA%E2%98%85%E7%BD%AE" n1="%72%69%6F%75%63%68%61%6E" n2="%72%65%6E%6B%75%6E" n3="%E6%A1%9C%E8%8A%B1%E9%96%83%E3%80%85" dan="18,16,17,16" rate="2251.41,2168.90,2218.07,2128.39" sx="M,M,M,M"/><TAIKYOKU oya="0"/><INIT seed="0,0,0,4,0,29" ten="250,250,250,250" oya="0" hai0="47,20,78,129,59,121,107,67,34,124,75,33,128" hai1="98,130,64,14,106,94,26,22,21,4,9,81,82" hai2="17,55,12,0,62,72,123,37,116,5,102,8,125" hai3="80,13,30,91,90,39,66,109,57,49,61,15,60"/><T2/><D121/><U117/><E117/><V35/><F123/><W87/><G109/><T42/><D124/><U92/><E130/><N who="0" m="50281" /><D107/><U108/><E108/><V126/><F116/><W36/><G36/><N who="0" m="21959" /><D2/><U83/><E64/><V65/><F72/><W112/><G39/><T41/><D41/><U71/><E71/><V11/><F37/><W131/><G131/><T38/><D38/><U84/><E106/><V24/><F102/><W52/><G112/><T51/><D20/><U105/><E105/><V85/><F85/><N who="3" m="50471" /><G30/><T120/><D120/><U99/><E84/><V19/><F55/><W93/><G61/><N who="0" m="38335" /><D51/><U43/><E43/><V54/><F54/><W58/><AGARI ba="0,0" hai="13,15,49,52,57,58,60,66,87,91,93" m="50471" machi="58" ten="30,2000,0" yaku="8,1,54,1" doraHai="29" who="3" fromWho="3" sc="250,-10,250,-5,250,-5,250,20" /><INIT seed="1,0,0,5,2,36" ten="240,245,245,270" oya="1" hai0="87,46,20,108,27,56,95,125,118,135,6,91,130" hai1="1,110,18,117,31,34,113,89,75,119,17,65,126" hai2="38,131,111,92,97,41,102,106,30,25,39,133,80" hai3="82,49,28,23,114,74,42,124,98,99,0,48,55"/><U52/><E113/><V72/><F111/><W115/><G0/><T60/><D118/><U76/><E1/><V21/><F133/><W57/><G124/><T84/><D108/><U10/><E110/><V15/><F131/><W90/><G114/><T26/><D125/><U69/><E126/><V101/><F101/><W112/><G112/><T51/><D130/><U50/><E89/><V79/><F15/><W128/><G128/><T40/><D135/><U96/><E96/><V68/><F68/><W70/><G70/><T19/><D6/><U47/><E76/><V107/><REACH who="2" step="1"/><F39/><REACH who="2" ten="240,245,235,270" step="2"/><W77/><G115/><T88/><D27/><N who="1" m="18815" /><E119/><V16/><F16/><W12/><G12/><T9/><D9/><U104/><E117/><V32/><F32/><W22/><G22/><T61/><D56/><U62/><E10/><V78/><F78/><W4/><G23/><T116/><D116/><U8/><E8/><V73/><F73/><W127/><G77/><T86/><D86/><U71/><E75/><V7/><F7/><W11/><G74/><T123/><D123/><U120/><E71/><V109/><F109/><W13/><G127/><T94/><AGARI ba="0,1" hai="19,20,26,40,46,51,60,61,84,87,88,91,94,95" machi="94" ten="20,12000,2" yaku="0,1,7,1,9,1,8,1,52,1,54,1" doraHai="36" who="0" fromWho="0" sc="240,130,245,-60,235,-30,270,-30" /><INIT seed="2,0,0,5,0,47" ten="370,185,205,240" oya="2" hai0="36,32,7,97,49,6,27,134,103,14,57,86,17" hai1="108,50,62,38,71,42,82,117,33,51,123,135,46" hai2="110,112,72,15,41,19,31,1,107,88,79,76,18" hai3="68,84,102,78,99,40,125,81,0,20,106,53,43"/><V4/><F112/><W89/><G125/><T133/><D36/><U80/><E117/><V21/><F107/><W69/><G0/><T39/><D39/><U85/><E33/><V115/><F115/><W58/><G20/><T128/><D86/><U130/><E80/><V96/><F31/><W24/><G24/><T98/><D128/><U105/><E105/><V119/><F119/><W100/><G100/><T116/><D116/><U45/><E130/><V66/><F66/><W13/><G13/><T56/><D56/><U9/><E108/><V2/><F110/><W129/><G129/><T25/><D25/><U55/><E135/><N who="0" m="51721" /><D27/><U60/><E71/><V29/><F29/><W121/><G69/><T48/><D57/><U63/><E123/><V23/><F41/><W113/><G68/><T30/><D30/><U77/><E38/><V54/><F54/><W61/><G121/><T83/><D83/><U109/><E109/><V111/><F111/><W70/><G70/><T37/><D37/><U5/><REACH who="1" step="1"/><E62/><REACH who="1" ten="370,175,205,240" step="2"/><V90/><F72/><N who="3" m="43207" /><G113/><T124/><D32/><U28/><E28/><V3/><F4/><W59/><G61/><T26/><D6/><U93/><E93/><V52/><F52/><W91/><G53/><T74/><D74/><U12/><AGARI ba="0,1" hai="5,9,12,42,45,46,50,51,55,60,63,77,82,85" machi="12" ten="20,16000,3" yaku="1,1,0,1,7,1,25,2,8,1,52,2,53,0" doraHai="47" doraHaiUra="131" who="1" fromWho="1" sc="370,-40,175,170,205,-80,240,-40" /><INIT seed="3,0,0,4,3,11" ten="330,345,125,200" oya="3" hai0="60,115,78,104,23,84,127,48,75,22,26,70,98" hai1="40,126,58,18,52,81,1,59,82,62,51,72,117" hai2="20,12,134,119,65,4,92,125,97,6,8,64,128" hai3="38,113,39,100,131,3,107,53,123,116,129,67,42"/><W45/><G3/><T68/><D75/><U50/><E1/><V130/><F119/><W54/><G100/><T74/><D74/><U27/><E72/><V91/><F125/><W95/><G95/><T133/><D127/><U122/><E122/><V135/><F20/><W96/><G96/><T2/><D2/><U19/><E126/><V34/><F34/><W105/><G123/><T33/><D48/><U31/><E117/><V0/><F0/><W90/><G90/><T16/><D33/><U80/><E40/><V9/><F64/><W43/><G67/><T24/><D133/><U111/><E111/><V87/><F87/><W13/><G45/><T103/><D60/><U93/><E93/><V94/><F65/><W99/><G99/><T37/><D37/><U101/><E101/><V7/><F94/><W121/><G121/><T46/><D46/><U85/><E85/><V35/><F35/><W63/><G63/><T41/><D41/><U86/><E86/><V29/><F29/><W109/><G116/><T28/><REACH who="0" step="1"/><D115/><REACH who="0" ten="320,345,125,200" step="2"/><U14/><E14/><V120/><F120/><W108/><G113/><T32/><D32/><U110/><E110/><V132/><REACH who="2" step="1"/><F9/><REACH who="2" ten="320,345,115,200" step="2"/><W114/><G114/><T55/><D55/><N who="1" m="32119" /><E62/><V17/><AGARI ba="0,2" hai="4,6,7,8,12,17,91,92,97,128,130,132,134,135" machi="17" ten="40,8000,1" yaku="1,1,0,1,20,1,52,1,53,0" doraHai="11" doraHaiUra="79" who="2" fromWho="2" sc="320,-20,345,-20,115,100,200,-40" owari="300,10.0,325,42.5,215,-18.5,160,-34.0" /></mjloggm>