<mjloggm ver="2.3"><GO type="225" lobby="0"/><UN n0="%E6%80%AA%E3%81%97%E3%81%99%E3%81%8E%E3%82%8B%E3%83%81%E3%83%BC" n1="%E3%83%A9%E3%83%BC%E3%83%A1%E3%83%B3%E4%BA%94%E9%83%8E" n2="%E3%81%9F%E3%81%A3%E3%81%A1%E3%82%87" n3="%6D%75%75%6D%75%72%61" dan="16,16,16,16" rate="2105.16,2100.63,2052.47,2145.71" sx="M,M,M,F"/><TAIKYOKU oya="0"/><INIT seed="0,0,0,1,5,34" ten="250,250,250,250" oya="0" hai0="121,75,78,97,53,28,104,54,98,88,33,134,127" hai1="68,130,77,5,2,6,99,114,117,51,35,93,115" hai2="132,56,123,116,29,102,0,112,118,125,41,133,81" hai3="72,18,55,79,8,46,103,70,38,24,31,80,76"/><T47/><D121/><U16/><E117/><N who="2" m="45163" /><F102/><W64/><G76/><T9/><D127/><U101/><E68/><V36/><F123/><W122/><G122/><T66/><D134/><N who="2" m="51818" /><F112/><N who="1" m="43049" /><E130/><V20/><F125/><W83/><G103/><T26/><D66/><U50/><E35/><V13/><F81/><W135/><G80/><T45/><D104/><U100/><E100/><V84/><F84/><W52/><G135/><T44/><D75/><U43/><E77/><V108/><F108/><W40/><G64/><T12/><D78/><U37/><E101/><V1/><F56/><W131/><G70/><T30/><D30/><U67/><E99/><V62/><F62/><W63/><G131/><T32/><D32/><U27/><E93/><V126/><F126/><W4/><G63/><T96/><REACH who="0" step="1"/><D88/><REACH who="0" ten="240,250,250,250" step="2"/><U23/><E67/><V21/><F29/><W10/><G31/><T7/><AGARI ba="0,1" hai="7,9,12,26,28,33,44,45,47,53,54,96,97,98" machi="7" ten="30,11700,0" yaku="1,1,2,1,0,1,53,1" doraHai="34" doraHaiUra="11" who="0" fromWho="0" sc="240,127,250,-39,250,-39,250,-39" /><INIT seed="0,1,0,5,3,32" ten="367,211,211,211" oya="0" hai0="3,1,26,71,125,17,108,35,51,25,30,80,40" hai1="46,96,122,68,91,106,2,104,95,21,58,45,86" hai2="10,43,13,123,61,87,110,70,132,34,100,113,133" hai3="23,118,101,79,28,77,75,18,105,11,63,4,89"/><T48/><D71/><U117/><E117/><V85/><F113/><W124/><G118/><T127/><D108/><U9/><E122/><V42/><F110/><W44/><G124/><N who="0" m="47691" /><D80/><U6/><E68/><V59/><F123/><W92/><G28/><N who="0" m="19855" /><D17/><U41/><E58/><V50/><F100/><W27/><G75/><T12/><D12/><U5/><E5/><N who="2" m="3279" /><F34/><W81/><G101/><T103/><D103/><U134/><E134/><N who="2" m="51819" /><F70/><W73/><G105/><T69/><D69/><U39/><E46/><N who="2" m="25943" /><F43/><W93/><G44/><N who="0" m="25607" /><D51/><U22/><E104/><V131/><F131/><W53/><G93/><T109/><D109/><U99/><E106/><V64/><AGARI ba="1,0" hai="59,61,64,85,87" m="25943,51819,3279" machi="64" ten="30,1100,0" yaku="20,1" doraHai="32" who="2" fromWho="2" sc="367,-6,211,-4,211,14,211,-4" /><INIT seed="1,0,0,0,0,19" ten="361,207,225,207" oya="1" hai0="28,64,25,94,37,85,7,112,77,98,129,3,5" hai1="67,4,32,44,61,10,38,51,40,132,109,62,55" hai2="96,123,82,66,93,39,131,72,71,78,104,27,54" hai3="84,15,2,1,58,103,22,57,52,47,75,8,70"/><U101/><E32/><V53/><F123/><W45/><G75/><T73/><D37/><U91/><E132/><V117/><F131/><W100/><G70/><T50/><D73/><U20/><E101/><V107/><F39/><W106/><G2/><T65/><D3/><U0/><E109/><V80/><F80/><W108/><G108/><T14/><D112/><U81/><E67/><V23/><F117/><W30/><G1/><T125/><D125/><U90/><E81/><V48/><F66/><W12/><G58/><T124/><D124/><U122/><E122/><V41/><F41/><W6/><G84/><T33/><D50/><U56/><REACH who="1" step="1"/><E20/><REACH who="1" ten="361,197,225,207" step="2"/><V42/><F71/><W11/><G106/><T74/><D65/><U115/><E115/><V118/><F104/><W99/><G103/><T24/><D33/><U102/><E102/><V13/><F107/><W128/><G128/><T105/><D64/><U88/><AGARI ba="0,1" hai="0,4,10,38,40,44,51,55,56,61,62,88,90,91" machi="88" ten="30,18000,2" yaku="1,1,0,1,54,1,53,3" doraHai="19" doraHaiUra="86" who="1" fromWho="1" sc="361,-60,197,190,225,-60,207,-60" /><INIT seed="1,1,0,0,2,35" ten="301,387,165,147" oya="1" hai0="23,57,122,88,25,89,3,76,65,43,64,95,134" hai1="45,46,34,92,124,116,1,112,70,51,41,84,78" hai2="121,21,108,91,61,29,101,40,38,111,17,75,90" hai3="56,7,118,4,37,42,36,130,58,119,19,109,72"/><U49/><E112/><V10/><F121/><W86/><G72/><T16/><D3/><U73/><E116/><N who="3" m="44586" /><G42/><T50/><D134/><U27/><E70/><V62/><F101/><W93/><G109/><N who="2" m="42057" /><F75/><W15/><G86/><N who="0" m="52631" /><D76/><U82/><E124/><V53/><F40/><W98/><G130/><T106/><D106/><U94/><E1/><V28/><F38/><N who="3" m="14955" /><G93/><T20/><D122/><U74/><E74/><V135/><F135/><W99/><G19/><N who="0" m="12447" /><D89/><U59/><E73/><V18/><F90/><W129/><G15/><N who="0" m="9631" /><D57/><N who="3" m="22121" /><G129/><T55/><D55/><U32/><E59/><V60/><F53/><W132/><G132/><T114/><D114/><U13/><E32/><V48/><F91/><W8/><G8/><T9/><D9/><U63/><E34/><V68/><F10/><W131/><G131/><T69/><D69/><U11/><E41/><V6/><F17/><W104/><G104/><T33/><D33/><U44/><E78/><V77/><F77/><W105/><G105/><T52/><D52/><U123/><E11/><V127/><F18/><W0/><G0/><T128/><D128/><U83/><E123/><V80/><F80/><W14/><G14/><T66/><D66/><U103/><E82/><V12/><F12/><W113/><G113/><T54/><D54/><U117/><E13/><V67/><F28/><W87/><G87/><T110/><D110/><U24/><E83/><V71/><F29/><W85/><G85/><T102/><D102/><U96/><E84/><V31/><F31/><W22/><G22/><T97/><D97/><AGARI ba="1,0" hai="4,7,97,98,99" m="22121,14955,44586" machi="97" ten="40,5200,0" yaku="28,2,12,1" doraHai="35" who="3" fromWho="0" sc="301,-55,387,0,165,0,147,55" /><INIT seed="2,0,0,1,1,29" ten="246,387,165,202" oya="2" hai0="45,103,119,63,79,7,133,70,66,61,81,84,109" hai1="5,130,113,77,87,71,0,12,121,131,108,115,72" hai2="114,28,90,3,101,8,135,16,128,34,123,39,6" hai3="89,100,75,129,55,60,92,86,24,9,10,97,67"/><V57/><F39/><W37/><G75/><T69/><D109/><U49/><E108/><V93/><F123/><W58/><G129/><N who="1" m="49162" /><E121/><V2/><F128/><W25/><G37/><T112/><D133/><U124/><E124/><V46/><F114/><W111/><G111/><T14/><D112/><U127/><E127/><V68/><F68/><W18/><G55/><T126/><D119/><U105/><E71/><V94/><F135/><W54/><G54/><T96/><D126/><U120/><E120/><V74/><F74/><W64/><G64/><T65/><D45/><U19/><E105/><V122/><F122/><W85/><G85/><T98/><D103/><U31/><E72/><V33/><F46/><W22/><REACH who="3" step="1"/><G25/><REACH who="3" ten="246,387,165,192" step="2"/><T44/><D44/><U38/><E38/><V47/><F47/><W1/><G1/><T62/><D62/><U118/><E87/><N who="2" m="52447" /><F57/><W91/><G91/><T52/><D52/><U53/><E0/><V73/><F73/><W56/><G56/><T36/><D36/><U4/><E53/><V43/><F43/><W117/><G117/><T51/><D51/><U11/><E118/><V99/><F2/><W42/><G42/><T125/><D125/><U35/><E115/><V41/><F41/><W27/><G27/><T110/><D110/><U132/><E49/><V23/><F28/><W20/><G20/><T80/><D69/><U78/><E113/><V83/><F83/><AGARI ba="0,1" hai="9,10,18,22,24,58,60,67,83,86,89,92,97,100" machi="83" ten="30,7700,0" yaku="1,1,7,1,8,1,53,1" doraHai="29" doraHaiUra="76" who="3" fromWho="2" sc="246,0,387,0,165,-77,192,87" /><INIT seed="3,0,0,4,5,68" ten="246,387,88,279" oya="3" hai0="41,128,71,0,113,16,26,13,46,10,51,56,21" hai1="43,30,36,49,104,90,22,84,88,47,75,64,99" hai2="40,58,20,100,17,50,114,44,18,92,32,106,133" hai3="126,38,19,23,25,96,12,29,35,78,111,74,28"/><W2/><G38/><T107/><D71/><U110/><E75/><V131/><F114/><W5/><G78/><T34/><D107/><U118/><E64/><V77/><F32/><W127/><G74/><T1/><D113/><U135/><E110/><V6/><F106/><W82/><G82/><T31/><D128/><U94/><E104/><V95/><F131/><W132/><G96/><T112/><D112/><U91/><E135/><V37/><F133/><W129/><G132/><T85/><D85/><U72/><E72/><V117/><F117/><W86/><G86/><T15/><REACH who="0" step="1"/><D56/><REACH who="0" ten="236,387,88,279" step="2"/><U11/><E84/><V134/><F134/><W87/><G87/><T48/><D48/><U101/><E118/><V54/><F77/><W79/><G79/><T70/><D70/><U116/><E116/><V121/><F121/><W53/><G129/><T33/><D33/><U14/><E36/><V62/><F92/><W9/><G111/><T89/><D89/><U81/><E81/><V123/><F123/><W122/><G122/><T67/><D67/><U45/><E91/><V24/><F6/><AGARI ba="0,1" hai="0,1,6,10,13,15,16,21,26,31,34,41,46,51" machi="6" ten="30,3900,0" yaku="1,1,7,1,54,1,53,0" doraHai="68" doraHaiUra="93" who="0" fromWho="2" sc="236,49,387,0,88,-39,279,0" owari="285,8.5,387,48.7,49,-45.1,279,-12.1" /></mjloggm>