<mjloggm ver="2.3"><GO type="225" lobby="0"/><UN n0="%65%2D%73%65%70%65%6E%3B" n1="%E3%81%82%E3%81%99%E3%81%AB%E3%82%83%E3%82%80" n2="%E3%83%97%E3%83%AC%E3%83%B4%E3%82%A1%E3%83%86%E3%82%A3" n3="%E5%B8%86%E7%AB%8B%E5%A4%8F%E8%A1%A3" dan="16,16,16,16" rate="2146.32,2140.27,2069.51,2095.26" sx="M,F,F,M"/><TAIKYOKU oya="0"/><INIT seed="0,0,0,0,2,69" ten="250,250,250,250" oya="0" hai0="86,107,29,44,53,94,128,76,65,62,13,30,14" hai1="1,39,61,132,12,97,68,3,27,116,37,0,11" hai2="56,74,135,66,121,95,28,50,4,48,82,100,126" hai3="98,84,5,20,49,112,67,120,129,57,104,63,58"/><T51/><D107/><U10/><E116/><V131/><F121/><W125/><G112/><T24/><D128/><U103/><E132/><V133/><F131/><W17/><G129/><T15/><D24/><U90/><E90/><V79/><F126/><W105/><G125/><T83/><REACH who="0" step="1"/><D94/><REACH who="0" ten="240,250,250,250" step="2"/><U109/><E27/><V119/><F119/><W16/><G105/><T124/><D124/><U55/><E109/><V26/><F135/><W122/><G104/><T85/><D85/><U80/><E80/><V40/><F133/><W102/><G84/><T60/><D60/><U88/><E103/><V47/><F4/><W46/><G5/><T25/><D25/><U87/><E97/><V18/><F100/><W42/><G98/><T38/><D38/><U36/><E87/><V91/><F95/><W92/><G92/><T70/><AGARI ba="0,1" hai="13,14,15,29,30,44,51,53,62,65,70,76,83,86" machi="70" ten="30,3000,0" yaku="1,1,0,1,53,0" doraHai="69" doraHaiUra="33" who="0" fromWho="0" sc="240,40,250,-10,250,-10,250,-10" /><INIT seed="0,1,0,4,0,43" ten="280,240,240,240" oya="0" hai0="106,1,3,117,7,53,84,121,129,33,24,131,34" hai1="22,97,120,10,109,21,108,82,17,128,8,16,55" hai2="89,91,44,125,0,95,28,99,100,41,56,61,4" hai3="94,47,135,52,45,124,88,36,77,14,19,104,72"/><T118/><D106/><U18/><E82/><V76/><F125/><W6/><G124/><T2/><D84/><U132/><E97/><V70/><F70/><W114/><G114/><T81/><D81/><U25/><E55/><V123/><F76/><W5/><G104/><T50/><D121/><U90/><E90/><V69/><F69/><W48/><G135/><T93/><D93/><U86/><E86/><V63/><F123/><W15/><G72/><T133/><D133/><U60/><E60/><V13/><F63/><W74/><G74/><T83/><D83/><U107/><E107/><V98/><F0/><W71/><G71/><T32/><D7/><N who="3" m="2569" /><G36/><T31/><D50/><U27/><E120/><V57/><F99/><N who="3" m="57799" /><G77/><T38/><D53/><U96/><E96/><V127/><F127/><W12/><G19/><N who="1" m="7242" /><E132/><V58/><F28/><W23/><G23/><N who="0" m="15775" /><D38/><U103/><E103/><V9/><REACH who="2" step="1"/><F61/><REACH who="2" ten="280,240,230,240" step="2"/><W26/><G26/><T11/><D11/><N who="1" m="4139" /><E128/><AGARI ba="1,1" hai="1,2,3,32,33,34,117,118,128,129,131" m="15775" machi="128" ten="40,7700,0" yaku="19,1,34,2" doraHai="43" who="0" fromWho="1" sc="280,90,240,-80,230,0,240,0" /><INIT seed="0,2,0,5,5,31" ten="370,160,230,240" oya="0" hai0="66,56,34,84,87,116,57,85,55,15,127,81,125" hai1="50,111,61,25,104,132,46,121,89,10,19,16,36" hai2="130,23,91,63,72,69,90,64,28,41,60,128,122" hai3="9,124,6,37,97,39,92,96,67,24,45,118,78"/><T70/><D116/><U98/><E111/><V5/><F72/><W51/><G118/><T74/><D70/><U93/><E121/><V42/><F122/><W40/><G124/><T12/><D66/><U65/><E132/><V54/><F5/><W103/><G67/><T79/><D57/><U58/><E36/><V0/><F0/><W62/><G62/><T95/><D34/><U1/><E104/><V101/><F101/><W77/><G37/><T105/><D105/><U44/><E44/><V20/><F28/><W35/><G39/><T21/><D95/><U18/><E1/><V73/><F73/><W3/><G35/><T26/><D12/><U47/><E47/><V75/><F75/><W129/><G24/><T109/><D15/><U29/><E10/><V8/><F8/><W133/><G129/><T114/><D114/><U11/><E11/><V59/><F64/><W99/><G133/><T123/><D109/><U49/><REACH who="1" step="1"/><E46/><REACH who="1" ten="370,150,230,240" step="2"/><V88/><F69/><W13/><G3/><T2/><D2/><U71/><E71/><V38/><F38/><W112/><G112/><T113/><D113/><U48/><E48/><V14/><F130/><W68/><G68/><T80/><D123/><U82/><E82/><V117/><F128/><W33/><G33/><AGARI ba="2,1" hai="16,18,19,25,29,33,49,50,58,61,65,89,93,98" machi="33" ten="40,5200,0" yaku="1,1,52,1,54,1,53,0" doraHai="31" doraHaiUra="17" who="1" fromWho="3" sc="370,0,150,68,230,0,240,-58" /><INIT seed="1,0,0,1,5,82" ten="370,218,230,182" oya="1" hai0="89,2,54,98,113,38,79,100,34,76,37,133,123" hai1="128,50,78,107,35,49,59,135,114,130,86,112,28" hai2="29,126,43,71,62,124,75,94,39,108,84,9,32" hai3="0,105,106,60,44,14,134,129,40,47,121,119,52"/><U68/><E68/><V74/><F108/><W42/><G0/><T127/><D113/><U4/><E107/><V103/><F9/><W125/><G106/><T20/><D34/><U56/><E135/><V115/><F115/><N who="1" m="44073" /><E4/><V120/><F120/><W72/><G72/><T36/><D2/><U3/><E3/><V18/><F18/><W19/><G105/><T63/><D123/><U80/><E28/><V88/><F103/><W30/><G121/><T8/><D133/><U58/><E35/><V69/><F43/><N who="3" m="16427" /><G134/><T66/><D8/><U109/><E109/><V131/><F39/><W97/><G30/><T101/><D20/><U90/><E78/><V57/><F74/><W13/><G119/><T93/><D79/><U99/><E99/><V7/><F75/><W10/><G97/><T51/><D76/><U26/><E26/><V55/><F7/><W1/><G1/><T17/><D17/><U104/><E104/><V11/><F11/><W22/><G22/><T12/><D12/><U83/><E80/><V23/><F32/><W24/><G14/><T21/><D21/><U132/><E132/><V65/><F29/><W85/><G24/><T33/><D33/><U81/><E83/><V117/><F23/><W95/><G13/><T73/><D73/><U91/><E91/><V15/><F15/><W67/><G19/><T46/><D89/><U102/><E102/><V31/><F31/><W48/><G10/><T70/><D100/><U96/><E96/><V45/><F117/><W87/><G95/><T61/><D61/><U27/><E27/><V92/><F94/><RYUUKYOKU ba="0,0" sc="370,15,218,15,230,-15,182,-15" hai0="36,37,38,46,51,54,63,66,70,93,98,101,127" hai1="49,50,56,58,59,81,86,90,128,130" /><INIT seed="1,1,0,5,1,58" ten="385,233,215,167" oya="1" hai0="35,38,28,3,49,124,7,87,36,22,82,110,59" hai1="125,19,128,119,5,121,85,126,93,135,53,40,84" hai2="99,47,101,83,111,77,134,61,133,109,14,73,10" hai3="75,23,24,102,37,66,64,71,68,63,29,34,98"/><U46/><E119/><V67/><F47/><W107/><G75/><T54/><D35/><U127/><E121/><V79/><F79/><W132/><G132/><N who="2" m="50793" /><F14/><W2/><G2/><T41/><D7/><U17/><E135/><V60/><F10/><W39/><G23/><T103/><D3/><U122/><E122/><V11/><F11/><W97/><REACH who="3" step="1"/><G98/><REACH who="3" ten="385,233,215,157" step="2"/><T86/><D22/><U33/><E33/><V26/><F26/><W18/><G18/><T42/><D28/><U95/><E5/><V4/><F4/><W57/><G57/><T91/><D59/><U90/><E17/><V89/><F89/><W106/><G106/><T94/><D91/><U8/><E19/><V16/><F16/><W50/><G50/><T108/><D49/><U15/><E8/><V12/><F12/><W88/><G88/><T120/><D120/><U112/><E15/><V129/><F129/><W70/><G70/><T130/><D36/><U65/><E128/><V117/><F117/><W113/><G113/><T96/><D38/><U55/><E112/><V44/><F44/><W81/><G81/><T45/><D82/><U56/><E90/><V62/><F67/><W25/><G25/><T32/><D130/><U104/><E104/><AGARI ba="1,1" hai="60,61,62,73,77,83,99,101,104,109,111" m="50793" machi="104" ten="30,7700,0" yaku="20,1,52,3" doraHai="58" who="2" fromWho="1" sc="385,0,233,-80,215,90,157,0" /><INIT seed="2,0,0,4,5,16" ten="385,153,305,157" oya="2" hai0="93,30,9,32,94,37,70,74,66,89,4,75,23" hai1="13,72,24,128,122,88,90,82,62,60,130,113,85" hai2="125,97,98,20,43,21,114,25,11,119,81,45,71" hai3="34,99,18,5,115,19,64,108,116,50,48,131,80"/><V79/><F114/><W103/><G34/><T126/><D37/><U65/><E113/><V14/><F119/><W56/><G115/><T6/><D32/><U68/><E72/><V44/><F71/><W17/><G116/><T51/><D66/><U36/><E36/><V59/><F125/><W0/><G108/><T33/><D70/><U8/><E122/><V77/><F59/><W86/><G131/><N who="1" m="50218" /><E60/><V49/><F45/><W95/><G5/><T67/><D33/><U106/><E106/><V47/><F47/><W54/><G0/><T28/><D67/><U112/><E24/><V58/><F58/><W39/><G39/><T15/><D4/><N who="1" m="3207" /><E112/><V120/><F120/><W57/><G64/><T7/><D7/><U63/><E63/><V73/><F79/><AGARI ba="0,0" hai="62,65,68,79,82,85,88,90" m="3207,50218" machi="79" ten="30,2000,0" yaku="19,1,54,1" doraHai="16" who="1" fromWho="2" sc="385,0,153,20,305,-20,157,0" /><INIT seed="3,0,0,2,3,46" ten="385,173,285,157" oya="3" hai0="52,73,36,43,129,45,95,27,24,78,19,1,90" hai1="47,127,93,125,122,60,107,17,0,25,135,89,63" hai2="92,23,131,121,91,38,55,74,81,4,3,108,2" hai3="111,76,44,77,103,51,109,59,64,18,20,132,5"/><W85/><G132/><T53/><D1/><U58/><E107/><V106/><F106/><W50/><G5/><T119/><D119/><U31/><E135/><V133/><F108/><N who="3" m="41547" /><G103/><T30/><D78/><N who="3" m="30313" /><G85/><T71/><D73/><U82/><E0/><V15/><F133/><W75/><G75/><T7/><D71/><U65/><E122/><V42/><F121/><W79/><N who="3" m="30321" /><W83/><DORA hai="104" /><G83/><T70/><D70/><U99/><E82/><V84/><F74/><W88/><G88/><T113/><D113/><U66/><E17/><V101/><F4/><W40/><G64/><T120/><D120/><U114/><E114/><V123/><F123/><W116/><G116/><T32/><D7/><U8/><E8/><V126/><F101/><W110/><N who="3" m="41555" /><W16/><DORA hai="35" /><G20/><T26/><D90/><U94/><E94/><V105/><F105/><W112/><G112/><T39/><D95/><U124/><E47/><V118/><F118/><W134/><G134/><T68/><D45/><U115/><E115/><V67/><F67/><N who="1" m="25609" /><E58/><V117/><F117/><W87/><G87/><T21/><D68/><U72/><E72/><V22/><F81/><W130/><G130/><T29/><D129/><U57/><E57/><V12/><F131/><W33/><G33/><AGARI ba="0,0" hai="25,31,33,60,63,89,93,99,124,125,127" m="25609" machi="33" ten="30,1000,0" yaku="18,1" doraHai="46,104,35" who="1" fromWho="3" sc="385,0,173,10,285,0,157,-10" owari="385,48.5,183,-21.7,285,8.5,147,-35.3" /></mjloggm>