<mjloggm ver="2.3"><GO type="225" lobby="0"/><UN n0="%72%69%6F%75%63%68%61%6E" n1="%E3%82%BC%E3%83%AB%E3%83%80%E3%81%AE%E4%BC%9D%E8%AA%AC" n2="%E8%BE%9B%E5%8F%A3%E3%82%AB%E3%83%AC%E3%83%BC%E3%83%A9%E3%82%A4%E3%82%B9" n3="%E3%83%8F%E3%83%B3%E3%83%89%E3%83%A9%E3%83%BC%E3%83%BB%E3%83%AF%E3%83%B3" dan="16,17,17,17" rate="2215.87,2213.37,2258.15,2187.14" sx="M,M,M,M"/><TAIKYOKU oya="0"/><INIT seed="0,0,0,2,1,92" ten="250,250,250,250" oya="0" hai0="43,13,54,36,99,42,12,124,5,59,93,98,73" hai1="94,15,130,19,46,22,8,27,97,32,63,17,89" hai2="80,9,58,85,30,86,25,122,18,88,127,95,52" hai3="40,96,77,71,83,10,60,65,31,103,70,128,66"/><T125/><D73/><U113/><E130/><V131/><F122/><W26/><G128/><T39/><D93/><U102/><E113/><V76/><F131/><W68/><G40/><N who="0" m="15403" /><D5/><U112/><E112/><V121/><F127/><N who="0" m="48714" /><D12/><U106/><E32/><V1/><F121/><W28/><G10/><T49/><D13/><U38/><E46/><V37/><F37/><AGARI ba="0,0" hai="36,37,39,49,54,59,98,99" m="48714,15403" machi="37" ten="30,5800,0" yaku="18,1,52,2" doraHai="92" who="0" fromWho="2" sc="250,58,250,0,250,-58,250,0" /><INIT seed="0,1,0,1,0,57" ten="308,250,192,250" oya="0" hai0="55,12,47,117,83,95,39,22,26,97,15,105,114" hai1="64,98,102,75,104,7,74,35,129,20,110,115,66" hai2="133,128,99,130,131,40,18,120,84,41,111,9,73" hai3="43,56,65,60,31,121,119,52,27,42,108,77,68"/><T90/><D114/><U82/><E35/><V76/><F120/><W93/><G119/><T19/><D117/><U72/><E115/><V6/><F111/><W61/><G108/><T126/><D126/><U96/><E110/><V29/><F133/><W103/><G77/><T44/><D105/><U36/><E36/><V1/><F73/><W81/><G81/><T134/><D134/><U28/><E129/><V0/><F0/><W30/><G121/><T53/><D39/><U16/><E7/><V91/><F29/><W37/><G37/><T5/><D83/><U8/><E82/><N who="2" m="47175" /><F18/><W25/><G103/><T92/><D95/><AGARI ba="1,0" hai="1,6,9,40,41,91,95,99,128,130,131" m="47175" machi="95" ten="30,1000,0" yaku="19,1" doraHai="57" who="2" fromWho="0" sc="308,-13,250,0,192,13,250,0" /><INIT seed="1,0,0,4,1,53" ten="295,250,205,250" oya="1" hai0="65,76,58,89,68,51,56,4,115,13,24,101,63" hai1="43,125,128,87,41,12,49,46,32,129,73,112,88" hai2="98,130,108,94,37,23,18,95,120,55,47,25,17" hai3="71,64,6,134,122,11,78,117,10,39,116,50,45"/><U48/><E112/><V119/><F119/><N who="3" m="45643" /><G122/><T3/><D3/><U69/><E73/><V35/><F120/><W20/><G39/><T70/><D115/><U74/><E74/><V114/><F114/><W42/><G134/><T36/><D36/><U97/><E125/><V80/><F108/><W131/><G131/><N who="1" m="50250" /><E69/><V33/><F130/><W30/><G78/><T92/><D76/><U27/><E12/><V9/><F80/><W54/><G42/><T83/><D101/><U81/><E97/><V85/><F85/><W0/><G11/><N who="0" m="4327" /><D68/><U106/><E106/><V110/><F95/><W135/><G135/><T96/><D70/><U102/><E102/><V111/><F111/><W44/><G71/><T38/><D38/><N who="1" m="21815" /><E43/><V82/><F110/><W26/><G64/><T67/><D24/><U123/><E123/><V22/><F9/><W126/><G126/><T57/><D65/><U104/><E104/><V1/><F1/><W100/><G100/><N who="0" m="60423" /><D51/><U109/><E109/><V61/><F37/><W60/><G60/><T52/><D67/><U7/><E7/><V124/><F124/><W103/><G103/><T77/><D77/><U105/><E105/><V19/><F61/><W31/><G44/><T8/><D8/><U91/><E91/><V118/><F118/><W28/><AGARI ba="0,0" hai="0,6,10,20,26,28,30,31,45,50,54" m="45643" machi="28" ten="30,1100,0" yaku="12,1" doraHai="53" who="3" fromWho="3" sc="295,-3,250,-5,205,-3,250,11" /><INIT seed="2,0,0,5,2,135" ten="292,245,202,261" oya="2" hai0="133,121,113,127,60,17,95,25,100,126,41,31,48" hai1="51,24,74,104,89,131,54,98,61,40,117,58,134" hai2="55,35,16,85,12,53,111,116,68,103,87,47,123" hai3="80,96,28,91,59,42,14,114,19,122,72,9,79"/><V49/><F116/><W129/><G122/><T69/><D121/><U128/><E117/><V66/><F123/><W11/><G129/><N who="1" m="49738" /><E134/><V65/><F35/><W130/><G130/><T92/><D133/><U29/><E74/><V119/><F119/><W38/><G114/><T76/><D113/><U7/><E7/><V3/><F3/><W102/><G28/><T107/><D17/><U34/><E89/><V8/><F111/><W27/><G27/><T50/><D76/><U6/><E6/><V124/><F124/><N who="0" m="47658" /><D107/><U109/><E109/><V30/><F30/><W82/><G38/><T37/><D37/><U118/><E118/><V20/><F103/><W2/><G42/><T90/><D100/><N who="1" m="62487" /><E40/><V10/><F55/><W52/><G52/><T13/><D13/><U77/><E77/><V75/><F75/><W105/><G14/><T33/><D41/><U62/><AGARI ba="0,0" hai="24,29,34,51,54,58,61,62" m="62487,49738" machi="62" ten="30,1100,0" yaku="19,1" doraHai="135" who="1" fromWho="1" sc="292,-3,245,11,202,-5,261,-3" /><INIT seed="3,0,0,4,4,59" ten="289,256,197,258" oya="3" hai0="29,100,75,46,92,73,6,66,93,99,113,124,36" hai1="41,33,115,110,18,71,89,19,45,72,2,135,84" hai2="94,39,38,21,98,52,7,23,22,130,107,20,119" hai3="10,109,11,16,127,104,76,12,32,3,131,126,102"/><W117/><G117/><T26/><D124/><N who="3" m="47657" /><G32/><T90/><D113/><U53/><E72/><V47/><F119/><W121/><G121/><T77/><D6/><U49/><E115/><V50/><F130/><W112/><G112/><T79/><D66/><U27/><E2/><V134/><F134/><W4/><G131/><T1/><D1/><U65/><E110/><V91/><N who="2" m="5120" /><DORA hai="63" /><V106/><REACH who="2" step="1"/><F7/><REACH who="2" ten="289,256,187,258" step="2"/><W95/><G109/><T67/><D26/><U85/><E27/><V5/><F5/><W34/><G34/><T13/><D29/><U48/><E33/><V40/><F40/><W24/><G24/><T51/><D13/><U116/><E41/><V103/><F103/><W88/><G102/><T31/><D31/><U111/><E111/><V0/><F0/><W43/><G43/><N who="0" m="25055" /><D36/><AGARI ba="0,1" hai="36,38,39,47,50,52,91,94,98,106,107" m="5120" machi="36" ten="50,12000,2" yaku="1,1,54,1,53,4" doraHai="59,63" doraHaiUra="70,42" who="2" fromWho="0" sc="289,-120,256,0,187,130,258,0" owari="169,-33.1,256,-14.4,317,41.7,258,5.8" /></mjloggm>