<mjloggm ver="2.3"><GO type="225" lobby="0"/><UN n0="%72%61%6B%33" n1="%E3%82%A2%E3%83%BC%E3%83%A2%E3%83%AD%E3%83%BC%E3%83%B4%E3%82%A1" n2="%E5%B0%8F%E9%B3%A5%E9%81%8A%E7%B7%B4%E7%84%A1%32%31%E6%AD%B3" n3="%E3%81%AF%E3%82%88%E3%81%8A%E3%81%98%E3%81%95%E3%82%93" dan="18,16,16,17" rate="2183.13,2194.62,2161.34,2214.04" sx="M,M,F,M"/><TAIKYOKU oya="0"/><INIT seed="0,0,0,3,5,90" ten="250,250,250,250" oya="0" hai0="72,114,48,53,39,110,56,34,127,83,62,0,104" hai1="98,46,58,11,85,3,57,27,10,113,91,99,108" hai2="40,96,22,47,12,19,134,23,120,15,117,128,102" hai3="93,36,100,82,28,1,122,42,129,97,118,106,8"/><T30/><D114/><U103/><E113/><V33/><F33/><W132/><G118/><T115/><D115/><U59/><E108/><V35/><F120/><W68/><G68/><T64/><D0/><U135/><E135/><V74/><F35/><W60/><G132/><T16/><D104/><U111/><E111/><V65/><F74/><W26/><G122/><T41/><D110/><U66/><E66/><V80/><F80/><W73/><G129/><T54/><D127/><U52/><E27/><V44/><F128/><W126/><G126/><T32/><D53/><U70/><E70/><V130/><F130/><W78/><G60/><T9/><D30/><U92/><E3/><V87/><F134/><W109/><G109/><T125/><D125/><U37/><E99/><V107/><F65/><W77/><G78/><T38/><D83/><N who="1" m="49599" /><E37/><V89/><F40/><W123/><G123/><T24/><D72/><U45/><E45/><V17/><REACH who="2" step="1"/><F117/><REACH who="2" ten="250,250,240,250" step="2"/><W49/><G42/><T50/><D41/><U25/><E25/><V13/><F13/><W71/><G26/><T84/><D32/><U21/><E21/><V88/><F88/><W131/><G82/><T95/><D34/><U55/><E55/><V31/><F31/><W133/><G28/><T4/><D24/><U18/><E18/><V94/><AGARI ba="0,1" hai="12,15,17,19,22,23,44,47,87,89,94,96,102,107" machi="94" ten="20,12000,2" yaku="1,1,0,1,7,1,9,1,52,1,53,1" doraHai="90" doraHaiUra="81" who="2" fromWho="2" sc="250,-60,250,-30,240,130,250,-30" /><INIT seed="1,0,0,2,1,66" ten="190,220,370,220" oya="1" hai0="48,91,41,0,20,133,35,45,119,105,88,37,51" hai1="58,130,121,49,99,46,83,129,115,19,97,17,22" hai2="128,4,131,38,32,34,81,40,69,126,80,95,30" hai3="114,14,101,113,67,3,102,100,52,12,127,33,87"/><U78/><E121/><V43/><F69/><W72/><G72/><T104/><D35/><N who="2" m="13354" /><F30/><W2/><G33/><T86/><D119/><U39/><E115/><V59/><F95/><W15/><G67/><T47/><D0/><U90/><E39/><V54/><F4/><W112/><G87/><T42/><D37/><U125/><E58/><V79/><F38/><W117/><G117/><T111/><D133/><U10/><E125/><V116/><F126/><W85/><G127/><T63/><D111/><U70/><E70/><V107/><F107/><W11/><G85/><T76/><D20/><U135/><E135/><V18/><F18/><W123/><G123/><T53/><D76/><U56/><E56/><V118/><F118/><W92/><G92/><T28/><D28/><U62/><E62/><V120/><F116/><W74/><G74/><T1/><D1/><N who="3" m="9" /><G11/><T110/><D110/><U84/><E10/><V108/><F120/><W55/><AGARI ba="0,0" hai="12,14,15,52,55,100,101,102,112,113,114" m="9" machi="55" ten="50,8000,1" yaku="29,2,28,2,54,1" doraHai="66" who="3" fromWho="3" sc="190,-20,220,-40,370,-20,220,80" /><INIT seed="2,0,0,0,2,109" ten="170,180,350,300" oya="2" hai0="14,13,33,102,131,39,105,127,42,74,133,72,49" hai1="121,8,76,9,132,106,52,29,47,30,7,51,23" hai2="103,82,45,35,93,3,116,36,53,5,41,15,101" hai3="86,43,107,100,115,32,62,34,12,27,126,11,17"/><V68/><F116/><W128/><G126/><T57/><D39/><U123/><E132/><V111/><F35/><W63/><G128/><T130/><D33/><U6/><E106/><V54/><F68/><W56/><G43/><T95/><D105/><U10/><E76/><V69/><F69/><W1/><G1/><T25/><D25/><N who="1" m="16575" /><E30/><V135/><F135/><W75/><G75/><T50/><D133/><U65/><E65/><V118/><F118/><W66/><G27/><T96/><D127/><U4/><E121/><V73/><F15/><W26/><G26/><T2/><D2/><U125/><E123/><V119/><F119/><W31/><G31/><T113/><D113/><U79/><E125/><V21/><F21/><W108/><G108/><T92/><D42/><U114/><E114/><V0/><F111/><W40/><G115/><T61/><D92/><U97/><E79/><N who="2" m="44399" /><F0/><W124/><G40/><T98/><D74/><U84/><E84/><V60/><F93/><W77/><G124/><T94/><D72/><U110/><E110/><V67/><F67/><W70/><G100/><N who="2" m="38473" /><F60/><W78/><G107/><T46/><D102/><U18/><E97/><V122/><F122/><W28/><G28/><T48/><D96/><U22/><E22/><V88/><F3/><W80/><G78/><T81/><D98/><U104/><E104/><V24/><F41/><W134/><G134/><T59/><D130/><U64/><E64/><AGARI ba="0,0" hai="11,12,17,32,34,56,62,63,64,66,70,77,80,86" machi="64" ten="30,1000,0" yaku="7,1" doraHai="109" who="3" fromWho="1" sc="170,0,180,-10,350,0,300,10" /><INIT seed="3,0,0,5,4,107" ten="170,170,350,310" oya="3" hai0="117,56,49,64,90,67,99,60,9,59,69,54,74" hai1="100,123,18,38,28,25,88,4,31,122,127,16,66" hai2="63,43,75,19,20,78,30,41,94,121,23,26,104" hai3="70,62,80,6,72,106,51,116,96,3,45,0,65"/><W115/><G115/><T34/><D117/><U71/><E38/><V12/><F104/><W92/><G116/><T48/><D34/><N who="1" m="20751" /><E88/><V120/><F94/><W58/><G70/><T129/><D129/><U40/><E40/><V97/><F97/><W108/><G106/><T42/><D74/><U32/><E100/><V68/><F75/><W57/><G57/><T14/><D69/><U39/><E39/><V114/><F78/><W1/><G108/><T125/><D125/><U113/><E66/><N who="0" m="25129" /><D42/><U76/><E76/><V77/><F77/><W36/><G36/><T98/><D59/><U27/><E71/><V55/><F68/><W33/><G33/><T11/><D11/><U15/><E113/><V46/><F114/><W91/><G80/><T89/><D89/><U29/><E29/><V135/><F135/><W61/><G62/><T93/><D99/><U22/><E127/><V111/><F111/><W102/><G6/><AGARI ba="0,0" hai="6,9,14,48,49,54,56,60,90,93,98" m="25129" machi="6" ten="30,1000,0" yaku="8,1" doraHai="107" who="0" fromWho="3" sc="170,10,170,0,350,0,310,-10" owari="180,-22.0,170,-33.0,350,45.0,300,10.0" /></mjloggm>