<mjloggm ver="2.3"><GO type="225" lobby="0"/><UN n0="%E3%81%BE%E3%81%A8%E3%81%9F" n1="%E9%B3%B3%E6%9D%B1%E3%81%AE%E3%81%86%E3%81%95%E3%81%8E%E3%81%95%E3%82%93" n2="%4C%4F%4C%49%54%41" n3="%48%61%61%61%6C%61%6E%64" dan="16,17,16,18" rate="2110.48,2264.32,2148.63,2305.21" sx="M,M,F,M"/><TAIKYOKU oya="0"/><INIT seed="0,0,0,3,5,63" ten="250,250,250,250" oya="0" hai0="66,22,128,41,98,129,87,108,67,75,86,60,17" hai1="53,82,117,11,39,14,100,64,104,19,1,96,70" hai2="0,49,48,43,35,7,123,42,85,36,101,68,62" hai3="126,28,54,99,4,94,110,32,27,124,37,131,92"/><T20/><D75/><U89/><E117/><V133/><F123/><W125/><G110/><T83/><D108/><U57/><E39/><V77/><F35/><W120/><G120/><T107/><D41/><U130/><E130/><N who="0" m="50281" /><D60/><U45/><E45/><V46/><F133/><W97/><G131/><T109/><D87/><U113/><E113/><V74/><F101/><W106/><G37/><T12/><D22/><U121/><E121/><V34/><F85/><W26/><G54/><T73/><D73/><U56/><E53/><V58/><F68/><W52/><G52/><T40/><D40/><U2/><E70/><V50/><F34/><W102/><G99/><T112/><D112/><U6/><E64/><N who="0" m="24617" /><D109/><U81/><E96/><V31/><F62/><W95/><G27/><T59/><D59/><U5/><E57/><V30/><F58/><W51/><G51/><T134/><D134/><U15/><E56/><V116/><F42/><W29/><G29/><T127/><D127/><U33/><E33/><V8/><F116/><W78/><G125/><T55/><D55/><U61/><E61/><V44/><F44/><W122/><G124/><T103/><D86/><U105/><E82/><AGARI ba="0,0" hai="0,7,8,30,31,36,43,46,48,49,50,74,77,82" machi="82" ten="40,2600,0" yaku="25,2" doraHai="63" who="2" fromWho="1" sc="250,0,250,-26,250,26,250,0" /><AGARI ba="0,0" hai="12,17,20,82,83,98,103,107" m="24617,50281" machi="82" ten="30,11600,0" yaku="19,1,52,3" doraHai="63" who="0" fromWho="1" sc="250,116,224,-116,276,0,250,0" /><INIT seed="0,1,0,4,0,131" ten="366,108,276,250" oya="0" hai0="109,66,33,106,103,105,31,68,37,78,16,127,12" hai1="34,77,61,120,91,23,92,112,108,100,10,74,70" hai2="54,24,58,22,46,8,4,90,121,32,93,73,26" hai3="115,129,43,60,83,99,101,20,122,44,53,85,89"/><T123/><D123/><U29/><E120/><V69/><F121/><W38/><G115/><T130/><D37/><U62/><E108/><V35/><F69/><W114/><G114/><T126/><D109/><U113/><E34/><V55/><F46/><W30/><G122/><T81/><D130/><U5/><E100/><V19/><F73/><W67/><G129/><T56/><D68/><U39/><E29/><V119/><F119/><W84/><G84/><T79/><D31/><U107/><E23/><V47/><F47/><W45/><G20/><T28/><D56/><U97/><E107/><V51/><F54/><W128/><G30/><T98/><D66/><U88/><E91/><V13/><REACH who="2" step="1"/><F26/><REACH who="2" ten="366,108,266,250" step="2"/><W36/><G128/><T21/><D105/><U135/><E113/><V124/><F124/><N who="0" m="47658" /><D81/><U95/><E112/><V133/><F133/><W116/><G116/><T87/><D87/><AGARI ba="1,1" hai="4,8,13,19,22,24,32,35,51,55,58,87,90,93" machi="87" ten="30,3900,0" yaku="1,1,7,1,53,1" doraHai="131" doraHaiUra="9" who="2" fromWho="0" sc="366,-42,108,0,266,52,250,0" /><INIT seed="1,0,0,5,5,131" ten="324,108,318,250" oya="1" hai0="91,7,71,52,103,87,107,12,16,86,28,134,14" hai1="35,20,111,120,65,79,94,104,10,67,15,78,129" hai2="59,23,98,124,112,60,55,130,106,90,64,82,42" hai3="115,49,46,117,26,119,123,84,47,80,105,34,132"/><U73/><E104/><V25/><F130/><W100/><G123/><T27/><D71/><U17/><E120/><V22/><F124/><W101/><G115/><T31/><D103/><U32/><E129/><V21/><F112/><W5/><G5/><T126/><D107/><U33/><E111/><V0/><F0/><W110/><G110/><T50/><D86/><U75/><E94/><V38/><F38/><W122/><G122/><T74/><D74/><U30/><E75/><V62/><F42/><W127/><G127/><T118/><D118/><N who="3" m="45065" /><G132/><T135/><D12/><U113/><E113/><V83/><F106/><W18/><G46/><N who="0" m="27735" /><D27/><U1/><E73/><V3/><F3/><W89/><G105/><T19/><D19/><U63/><E67/><V133/><F25/><W58/><G18/><T11/><D7/><U45/><E45/><V57/><F133/><N who="0" m="50698" /><D126/><U68/><REACH who="1" step="1"/><E30/><REACH who="1" ten="324,98,318,250" step="2"/><V41/><F83/><AGARI ba="0,1" hai="11,14,16,28,31,83,87,91" m="50698,27735" machi="83" ten="30,12000,2" yaku="25,1,20,1,52,3,54,2" doraHai="131" who="0" fromWho="2" sc="324,130,98,0,318,-120,250,0" /><INIT seed="2,0,0,5,2,17" ten="454,98,198,250" oya="2" hai0="36,134,81,62,46,54,129,20,15,4,11,77,10" hai1="42,104,133,100,121,33,120,97,95,52,75,73,98" hai2="123,58,65,6,34,68,114,70,57,24,43,49,72" hai3="105,78,117,14,82,64,63,21,50,38,90,83,87"/><V124/><F114/><W1/><G38/><T107/><D107/><U67/><E33/><V2/><F123/><N who="1" m="47177" /><E42/><V28/><F72/><N who="1" m="27721" /><E67/><V22/><F124/><W47/><G117/><T92/><D92/><U3/><E3/><V131/><F34/><W103/><G1/><T30/><D134/><U27/><E27/><V125/><F125/><W32/><G32/><T69/><D129/><U93/><E52/><V91/><F131/><W80/><G103/><T7/><D69/><U56/><E56/><V113/><F6/><W53/><G105/><T40/><D54/><U45/><E45/><N who="2" m="25791" /><F113/><W88/><G90/><T96/><D96/><N who="1" m="61447" /><E133/><V12/><F2/><W41/><G41/><T37/><D37/><U13/><E13/><V110/><F68/><W9/><G64/><T111/><D4/><U135/><E135/><V116/><F12/><W29/><G63/><T35/><D62/><U127/><E127/><V5/><F57/><W26/><G78/><T60/><D60/><U101/><E98/><V23/><F58/><W109/><G109/><T94/><D15/><U71/><E71/><V55/><F110/><W119/><G119/><T44/><D111/><U84/><E84/><V8/><F116/><W0/><G0/><T115/><D7/><AGARI ba="0,0" hai="7,9,14,21,26,29,47,50,53,80,82,83,87,88" machi="7" ten="30,7700,0" yaku="7,1,8,1,52,1,54,1" doraHai="17" who="3" fromWho="0" sc="454,-77,98,0,198,0,250,77" /><INIT seed="3,0,0,2,3,14" ten="377,98,198,327" oya="3" hai0="80,90,119,120,123,23,104,71,4,97,100,7,88" hai1="5,6,116,99,29,129,95,31,92,2,131,67,107" hai2="87,44,132,118,81,84,102,94,96,52,21,12,59" hai3="32,50,41,17,126,46,113,122,130,135,103,111,72"/><W109/><G113/><T13/><D71/><U42/><E42/><V91/><F132/><W1/><G122/><T34/><D34/><U66/><E107/><V0/><F0/><W18/><G135/><T78/><D119/><U117/><E2/><V56/><F118/><W74/><G126/><T57/><D57/><U25/><E25/><V62/><F44/><W9/><G32/><T134/><D134/><U79/><E99/><V11/><F59/><W68/><G68/><T85/><D4/><U43/><E43/><V22/><REACH who="2" step="1"/><F87/><REACH who="2" ten="377,98,188,327" step="2"/><W69/><G69/><T20/><D120/><U58/><REACH who="1" step="1"/><E58/><REACH who="1" ten="377,88,188,327" step="2"/><V8/><F8/><W75/><G9/><T64/><D123/><U101/><E101/><V114/><F114/><W33/><G1/><T47/><D100/><U89/><E89/><V48/><F48/><W15/><G103/><T36/><D88/><U106/><E106/><V35/><F35/><W127/><G33/><T125/><D90/><U133/><E133/><V77/><F77/><AGARI ba="0,2" hai="5,6,29,31,66,67,77,79,92,95,116,117,129,131" machi="77" ten="25,3200,0" yaku="1,1,22,2,53,0" doraHai="14" doraHaiUra="45" who="1" fromWho="2" sc="377,0,88,52,188,-32,327,0" owari="377,47.7,140,-36.0,156,-24.4,327,12.7" /></mjloggm>