<mjloggm ver="2.3"><GO type="225" lobby="0"/><UN n0="%4E%61%76%69%74%61%73" n1="%E3%81%BE%E3%81%A8%E3%81%9F" n2="%E3%82%B2%E3%82%B9%E8%8C%82%E5%8B%9D" n3="%E7%99%BD%E6%97%A5%E9%9B%AA%E8%8F%9C" dan="16,17,16,17" rate="2119.34,2240.98,2117.48,2188.89" sx="M,M,F,M"/><TAIKYOKU oya="0"/><INIT seed="0,0,0,4,0,72" ten="250,250,250,250" oya="0" hai0="132,66,17,46,125,41,4,85,52,33,61,15,34" hai1="13,126,29,27,112,57,40,50,113,37,5,133,42" hai2="115,110,0,12,81,79,20,96,87,121,9,36,48" hai3="44,120,58,70,23,80,25,73,65,106,31,75,93"/><T11/><D132/><U55/><E133/><V56/><F115/><N who="1" m="44105" /><E37/><V69/><F69/><W98/><G106/><T32/><D125/><U78/><E126/><V8/><F121/><W6/><G70/><T130/><D130/><U54/><E78/><V18/><F36/><W102/><G120/><T26/><D85/><U95/><E95/><V71/><F71/><W100/><G100/><T88/><D88/><U101/><E101/><V84/><F110/><W76/><G6/><T77/><D77/><U68/><E55/><N who="2" m="31847" /><F0/><W24/><G44/><T3/><D26/><U16/><E5/><V10/><F87/><N who="3" m="48519" /><G25/><T127/><D127/><U91/><E91/><V51/><F51/><W2/><G2/><T82/><D66/><U19/><E68/><V63/><F63/><AGARI ba="0,0" hai="23,24,31,58,63,65,73,75,93,98,102" m="48519" machi="63" ten="30,2000,0" yaku="25,1,52,1" doraHai="72" who="3" fromWho="2" sc="250,0,250,0,250,-20,250,20" /><INIT seed="1,0,0,0,4,124" ten="250,250,230,270" oya="1" hai0="63,67,96,129,7,115,60,64,78,45,68,79,18" hai1="111,125,31,118,40,107,23,66,131,132,3,27,84" hai2="34,128,120,70,101,109,98,22,92,80,57,122,86" hai3="100,10,5,8,82,65,36,15,59,51,38,52,46"/><U41/><E118/><V103/><F34/><W37/><G100/><T12/><D115/><U72/><E72/><V4/><F70/><W94/><G94/><T88/><D7/><U93/><E125/><V114/><F114/><W119/><G119/><T11/><D45/><U21/><E132/><V54/><F109/><W116/><G116/><T14/><D14/><U104/><E3/><V69/><F69/><W81/><G65/><T24/><D24/><U30/><E93/><V20/><F4/><W9/><G9/><T32/><D32/><U55/><E84/><V6/><F6/><W33/><G33/><T99/><D129/><U62/><E55/><V135/><F103/><W26/><G26/><T127/><D127/><U16/><E111/><V43/><F128/><W106/><G106/><T35/><D35/><U95/><E95/><V25/><F43/><W117/><G117/><T47/><D47/><U48/><E31/><V13/><F13/><W0/><G46/><T108/><D108/><U73/><E40/><V112/><F112/><W90/><REACH who="3" step="1"/><G90/><REACH who="3" ten="250,250,230,260" step="2"/><T123/><D64/><U28/><E104/><V17/><F135/><W50/><G50/><T134/><D88/><U58/><E107/><V85/><F20/><W75/><G75/><T110/><D134/><U76/><E23/><V113/><F113/><W89/><G89/><T105/><D105/><U71/><E131/><V44/><F44/><W121/><G121/><N who="2" m="46697" /><F80/><W29/><G29/><T102/><D123/><U133/><E133/><V83/><F83/><W77/><G77/><N who="0" m="29195" /><D110/><U56/><E73/><V130/><F130/><RYUUKYOKU ba="0,1" sc="250,-15,250,-15,230,15,260,15" hai2="17,22,25,54,57,85,86,92,98,101" hai3="0,5,8,10,15,36,37,38,51,52,59,81,82" /><INIT seed="2,1,1,2,2,21" ten="235,235,245,275" oya="2" hai0="112,104,73,26,114,62,76,115,74,116,4,118,78" hai1="85,66,134,122,29,135,61,82,127,37,106,105,24" hai2="65,0,40,30,100,2,113,107,33,86,13,7,109" hai3="70,8,39,35,80,53,120,67,88,43,3,51,90"/><V77/><F113/><W81/><G120/><T28/><D104/><U20/><E37/><V23/><F109/><W38/><G35/><T89/><D4/><U87/><E127/><V123/><F123/><W15/><G3/><T58/><D89/><N who="1" m="51383" /><E87/><V36/><F65/><W49/><G49/><T17/><D17/><U19/><E19/><N who="2" m="10735" /><F0/><W126/><G126/><T57/><D115/><U31/><E31/><V41/><F36/><W110/><G38/><T46/><D28/><U103/><E103/><V12/><F12/><W117/><G117/><T97/><D97/><U45/><E45/><V44/><F44/><N who="3" m="23679" /><G110/><T71/><D46/><U92/><E92/><V91/><F77/><W18/><G81/><T1/><D1/><U9/><E9/><N who="2" m="2295" /><F100/><W101/><G101/><T119/><D119/><U42/><E42/><V54/><F54/><W34/><G80/><T50/><D50/><U16/><E122/><V83/><F107/><W84/><G51/><T131/><D71/><N who="1" m="42447" /><E29/><V69/><F69/><W72/><G70/><T6/><D116/><U98/><E98/><V124/><F124/><W133/><G72/><T25/><D118/><U27/><E27/><AGARI ba="1,1" hai="27,30,33,40,41,83,86,91" m="2295,10735" machi="27" ten="30,2900,0" yaku="24,1,52,1" doraHai="21" who="2" fromWho="1" sc="235,0,235,-32,245,42,275,0" /><INIT seed="2,2,0,0,5,86" ten="235,203,287,275" oya="2" hai0="131,91,45,95,22,77,108,6,128,56,31,125,90" hai1="73,47,74,121,12,46,39,35,111,78,34,69,112" hai2="97,70,52,28,60,19,13,3,80,49,7,122,83" hai3="66,67,135,84,99,26,24,1,129,124,62,114,71"/><V15/><F122/><W61/><G1/><T72/><D108/><U42/><E112/><V113/><F113/><W29/><G114/><T104/><D104/><U133/><E111/><V134/><F134/><W57/><G135/><T79/><D6/><U38/><E133/><V105/><F28/><W50/><G124/><T115/><D115/><U89/><E69/><V40/><F40/><W109/><G109/><T0/><D0/><U96/><E121/><V87/><F3/><W98/><G129/><N who="0" m="49739" /><D125/><U51/><E12/><V118/><F118/><W17/><G50/><T33/><D33/><U36/><E47/><V48/><F80/><W58/><G71/><T4/><D4/><U11/><E11/><V44/><F48/><W100/><G84/><N who="0" m="52679" /><D72/><U119/><E119/><V20/><F7/><W123/><G123/><T117/><D117/><U85/><E96/><V63/><F70/><W65/><G65/><T132/><D132/><U53/><E42/><V81/><F13/><W16/><G100/><T120/><D120/><U82/><REACH who="1" step="1"/><E73/><REACH who="1" ten="235,193,287,275" step="2"/><V126/><F126/><W32/><G99/><T107/><D45/><U5/><E5/><V130/><F130/><W116/><G98/><T25/><D56/><U64/><E64/><V93/><F44/><W37/><G116/><T9/><D9/><U23/><E23/><V27/><F20/><W2/><G2/><T102/><D22/><U55/><E55/><V75/><F75/><W103/><G67/><T76/><D25/><U59/><E59/><V30/><F27/><W92/><G26/><T94/><D31/><U43/><E43/><RYUUKYOKU ba="2,1" sc="235,-10,193,30,287,-10,275,-10" hai1="34,35,36,38,39,46,51,53,74,78,82,85,89" /><INIT seed="3,3,1,4,5,85" ten="225,223,277,265" oya="3" hai0="92,106,120,33,109,81,57,63,12,73,61,42,19" hai1="48,127,97,47,133,129,112,46,43,107,9,99,70" hai2="79,75,29,80,38,98,18,94,6,26,4,11,37" hai3="60,21,62,128,39,7,49,14,1,102,122,30,44"/><W24/><G122/><T93/><D120/><U76/><E112/><V23/><F29/><W135/><G39/><T110/><D106/><U53/><E129/><V69/><F69/><W96/><G128/><T3/><D3/><U115/><E115/><V84/><F75/><W36/><G36/><T34/><D42/><U116/><E70/><V118/><F118/><W55/><G1/><T22/><D73/><U5/><E116/><V100/><F4/><W58/><G135/><T2/><D81/><U32/><E32/><N who="0" m="12393" /><D2/><AGARI ba="3,1" hai="2,6,11,18,23,26,37,38,79,80,84,94,98,100" machi="2" ten="30,1000,0" yaku="7,1" doraHai="85" who="2" fromWho="0" sc="225,-19,223,0,277,29,265,0" owari="206,-29.4,223,-17.7,306,40.6,265,6.5" /></mjloggm>