<mjloggm ver="2.3"><GO type="225" lobby="0"/><UN n0="%48%61%61%61%6C%61%6E%64" n1="%E3%81%99%E3%81%84%E3%81%BE%E3%81%9B%E3%83%BC%E3%82%93" n2="%E3%81%BF%E3%81%BF%E3%81%9A" n3="%E7%99%BD%E6%97%A5%E9%9B%AA%E8%8F%9C" dan="18,17,16,17" rate="2238.01,2250.36,2129.06,2242.69" sx="M,M,M,M"/><TAIKYOKU oya="0"/><INIT seed="0,0,0,3,0,105" ten="250,250,250,250" oya="0" hai0="124,57,69,125,56,81,119,89,74,16,4,126,35" hai1="12,109,66,72,3,90,25,59,115,9,120,34,121" hai2="77,40,131,86,13,134,36,64,75,54,48,17,60" hai3="5,38,32,28,73,55,30,20,19,132,118,80,112"/><T39/><D119/><U117/><E117/><V62/><F131/><W82/><G112/><T22/><D35/><U93/><E3/><V96/><F134/><W50/><G38/><T8/><D69/><U129/><E129/><V110/><F110/><W1/><G132/><T101/><D101/><U6/><E72/><V87/><F96/><W67/><G67/><T29/><D29/><U37/><E37/><V135/><F135/><W98/><G98/><T84/><D39/><U58/><E109/><V99/><F40/><W0/><G0/><T24/><REACH who="0" step="1"/><D74/><REACH who="0" ten="240,250,250,250" step="2"/><U23/><E34/><V14/><F75/><W31/><G73/><T100/><D100/><U49/><E115/><V68/><F36/><W41/><G32/><T42/><D42/><U95/><E121/><V92/><F68/><W85/><G41/><T102/><D102/><U111/><E120/><V18/><F64/><W2/><G31/><T44/><D44/><U70/><E111/><V43/><F43/><W65/><G65/><T7/><D7/><U122/><E122/><V53/><F17/><W107/><G19/><T88/><D88/><U103/><E70/><V46/><F18/><W79/><G30/><T108/><D108/><U45/><E103/><N who="2" m="60903" /><F53/><W78/><G55/><T116/><D116/><U61/><E90/><V130/><F130/><W133/><G118/><T27/><D27/><U83/><E45/><V11/><F77/><W15/><G79/><T123/><D123/><U106/><E58/><V128/><F128/><W76/><G133/><T10/><D10/><N who="1" m="4183" /><E59/><V63/><F11/><W114/><G76/><RYUUKYOKU ba="0,1" sc="240,15,250,-15,250,15,250,-15" hai0="4,8,16,22,24,56,57,81,84,89,124,125,126" hai2="13,14,46,48,54,60,62,63,86,87" /><INIT seed="0,1,1,0,1,97" ten="255,235,265,235" oya="0" hai0="9,63,29,71,64,121,0,45,133,37,128,99,4" hai1="85,72,129,108,113,124,78,79,101,125,65,6,69" hai2="31,102,100,76,58,135,131,38,110,112,20,27,35" hai3="13,62,95,75,66,80,41,25,15,107,44,94,39"/><T53/><D121/><U10/><E108/><V33/><F112/><W116/><G116/><T84/><D128/><U18/><E129/><V123/><F131/><W46/><G107/><T134/><D29/><U106/><E113/><V34/><F123/><W90/><G25/><T26/><D26/><U57/><E69/><V86/><F110/><W89/><G44/><T132/><D84/><U59/><E18/><V17/><F38/><W47/><G46/><T11/><D11/><U88/><E72/><V56/><F135/><W105/><G105/><T74/><D99/><N who="1" m="61759" /><E65/><V51/><F31/><W92/><G89/><T32/><D32/><U126/><E78/><V73/><F73/><W52/><G52/><T111/><D74/><U40/><E40/><V120/><F120/><W5/><G5/><T98/><D98/><U109/><E79/><V93/><F51/><W130/><G130/><T7/><D7/><U30/><E30/><V14/><F27/><W115/><G115/><T55/><REACH who="0" step="1"/><D111/><REACH who="0" ten="245,235,265,235" step="2"/><U127/><E125/><V104/><F104/><W28/><G28/><T103/><D103/><U36/><E109/><V2/><F102/><W87/><REACH who="3" step="1"/><G75/><REACH who="3" ten="245,235,265,225" step="2"/><T60/><D60/><U77/><E127/><V12/><F100/><W21/><G21/><T8/><D8/><U83/><E126/><V61/><F34/><W42/><G42/><AGARI ba="1,3" hai="0,4,9,37,42,45,53,55,63,64,71,132,133,134" machi="42" ten="40,7700,0" yaku="1,1,20,1,53,1" doraHai="97" doraHaiUra="70" who="0" fromWho="3" sc="245,110,235,0,265,0,225,-80" /><INIT seed="0,2,0,5,5,119" ten="355,235,265,145" oya="0" hai0="126,31,0,112,106,13,46,28,113,82,20,96,110" hai1="16,87,118,57,129,67,101,42,7,65,76,9,5" hai2="86,77,79,35,117,59,25,105,133,22,97,23,19" hai3="92,93,69,104,85,90,89,6,130,34,37,134,107"/><T115/><D0/><U39/><E118/><V14/><F117/><W132/><G37/><T111/><D126/><U71/><E129/><V99/><F133/><N who="3" m="51307" /><G69/><T41/><D82/><U49/><E39/><V8/><F35/><W116/><G34/><T10/><D96/><N who="2" m="36938" /><F105/><N who="3" m="40523" /><G6/><N who="1" m="2058" /><E101/><V44/><F44/><W12/><G12/><T84/><D106/><U61/><E71/><V1/><F1/><W15/><G15/><T55/><D113/><U18/><E65/><V51/><F86/><N who="3" m="52279" /><G116/><T73/><D112/><U95/><E9/><V43/><F23/><W64/><G64/><T78/><D20/><U29/><E29/><N who="2" m="17591" /><F59/><W17/><G17/><T70/><D115/><U121/><E18/><V81/><F43/><W74/><G74/><T52/><D73/><U45/><E16/><V24/><F24/><W120/><G130/><T26/><D70/><U48/><E45/><V80/><F51/><W36/><G36/><T83/><D26/><U53/><E42/><V125/><F125/><W131/><G131/><T109/><D10/><U3/><E48/><V102/><F102/><W108/><G108/><T4/><D13/><U47/><E3/><V40/><F40/><W54/><G54/><N who="0" m="20523" /><D4/><U66/><E66/><V103/><F103/><W33/><G33/><T128/><D128/><U60/><E60/><V50/><F50/><AGARI ba="2,0" hai="28,31,41,46,50,78,83,84,109,110,111" m="20523" machi="50" ten="30,5800,0" yaku="14,1,10,1,54,1" doraHai="119" who="0" fromWho="2" sc="355,64,235,0,265,-64,145,0" /><INIT seed="0,3,0,5,3,93" ten="419,235,201,145" oya="0" hai0="33,14,115,28,89,22,9,43,68,122,23,25,64" hai1="119,21,126,59,132,105,75,52,3,67,49,112,69" hai2="77,16,26,70,90,54,74,62,82,42,96,135,37" hai3="128,99,58,106,12,84,47,15,7,36,31,30,17"/><T51/><D115/><U103/><E119/><V66/><F135/><W24/><G128/><T63/><D122/><U78/><E3/><V114/><F114/><W134/><G134/><T19/><REACH who="0" step="1"/><D89/><REACH who="0" ten="409,235,201,145" step="2"/><U50/><E112/><V116/><F116/><W76/><G76/><T20/><D20/><U123/><E21/><V39/><F90/><W10/><G10/><T81/><D81/><U94/><E78/><V38/><F82/><W44/><G31/><T60/><D60/><U87/><E123/><V101/><F62/><W92/><G30/><T45/><AGARI ba="3,1" hai="9,14,19,22,23,25,28,33,43,45,51,63,64,68" machi="45" ten="30,6000,0" yaku="1,1,0,1,53,1" doraHai="93" doraHaiUra="11" who="0" fromWho="0" sc="409,79,235,-23,201,-23,145,-23" /><INIT seed="0,4,0,0,5,121" ten="488,212,178,122" oya="0" hai0="128,75,13,99,92,17,98,111,48,81,133,42,97" hai1="72,84,20,63,109,14,1,80,115,60,95,6,21" hai2="100,122,8,52,47,69,107,12,120,88,73,54,77" hai3="66,27,85,70,49,67,26,51,78,90,134,43,22"/><T110/><D128/><U11/><E109/><N who="0" m="41481" /><D133/><U25/><E115/><V101/><F69/><W33/><G134/><T130/><D130/><U102/><E1/><V31/><F31/><W94/><G33/><T15/><D92/><U24/><E72/><V131/><F77/><W123/><G123/><T4/><D4/><U7/><E6/><V35/><F73/><W96/><G70/><T53/><D42/><U71/><E71/><V104/><F35/><W68/><G68/><T116/><D116/><U118/><E118/><V40/><F131/><W79/><G43/><T3/><D3/><U127/><E127/><V28/><F28/><N who="3" m="17495" /><G27/><N who="1" m="10314" /><E95/><V0/><F0/><W83/><G78/><N who="0" m="44255" /><D17/><U44/><E80/><V129/><F129/><W9/><G9/><T30/><D30/><U18/><E18/><V114/><F122/><W119/><G119/><T37/><D37/><U62/><E11/><V76/><F120/><W56/><G67/><T41/><D41/><U16/><E7/><V65/><F65/><W126/><G126/><T135/><D135/><U55/><E16/><V45/><F40/><W125/><G125/><T105/><D105/><U38/><E38/><V57/><F107/><W74/><G66/><T64/><D64/><U106/><E106/><V39/><F104/><W61/><G94/><T50/><D50/><U2/><E2/><V108/><F108/><W91/><G51/><T10/><D10/><U103/><E21/><V46/><F39/><W32/><G49/><T29/><D29/><U5/><E20/><V87/><F8/><W19/><G19/><T113/><D113/><RYUUKYOKU ba="4,0" sc="488,30,212,-10,178,-10,122,-10" hai0="13,15,48,53,97,98,99" /><INIT seed="0,5,0,0,4,122" ten="518,202,168,112" oya="0" hai0="49,8,127,34,73,45,100,5,124,48,119,29,30" hai1="84,58,3,9,115,113,99,93,60,121,134,44,129" hai2="46,89,132,50,88,96,42,94,102,109,126,28,86" hai3="22,43,1,104,107,91,123,21,66,75,79,110,36"/><T35/><D73/><U125/><E121/><V55/><F109/><W108/><G123/><T72/><D72/><U40/><E125/><N who="0" m="48201" /><D100/><U54/><E129/><V15/><F126/><W4/><G66/><T117/><D48/><U68/><E68/><V95/><F132/><W111/><G91/><T57/><D57/><U62/><E134/><V7/><F28/><N who="0" m="10858" /><D49/><U114/><E84/><V65/><F65/><W112/><G112/><T10/><D45/><U77/><E62/><V92/><F7/><W11/><G43/><T24/><D24/><U47/><E40/><V19/><F42/><W38/><G79/><T116/><D8/><U23/><E77/><V87/><F15/><AGARI ba="5,0" hai="5,10,15,34,35,116,117,119" m="10858,48201" machi="15" ten="40,7700,0" yaku="18,1,34,2" doraHai="122" who="0" fromWho="2" sc="518,92,202,0,168,-92,112,0" /><INIT seed="0,6,0,0,5,2" ten="610,202,76,112" oya="0" hai0="87,121,11,4,65,16,20,26,51,73,5,107,78" hai1="14,91,71,135,29,27,86,40,6,13,25,58,63" hai2="131,24,19,117,94,123,89,7,42,111,122,101,67" hai3="133,115,102,15,130,3,104,18,45,0,54,36,119"/><T97/><D73/><U70/><E135/><V21/><F111/><W53/><G119/><T61/><D121/><U76/><E76/><V69/><F117/><W132/><G115/><T92/><D51/><U10/><E40/><V81/><F131/><W12/><G130/><T79/><D107/><U96/><E96/><V118/><F118/><W90/><G90/><T37/><D37/><U48/><E48/><V85/><F42/><N who="3" m="22727" /><G15/><N who="0" m="7295" /><D61/><U57/><E14/><V75/><F7/><N who="0" m="2634" /><D65/><U113/><E63/><V56/><F69/><W68/><G68/><T134/><D87/><U116/><E116/><V55/><F67/><W126/><G104/><T124/><D124/><U74/><E74/><V52/><F55/><W23/><G126/><T64/><D64/><U129/><E71/><V83/><F75/><W30/><G54/><T84/><D84/><U34/><E70/><V22/><F122/><W103/><G53/><T17/><D134/><N who="3" m="51817" /><G30/><T88/><AGARI ba="6,0" hai="17,20,26,78,79,88,92,97" m="2634,7295" machi="88" ten="30,18000,2" yaku="8,1,52,3,54,2" doraHai="2" who="0" fromWho="0" sc="610,198,202,-66,76,-66,112,-66" /><INIT seed="0,7,0,4,4,46" ten="808,136,10,46" oya="0" hai0="6,76,53,18,120,71,44,4,7,111,36,93,22" hai1="94,64,68,133,29,38,57,51,65,35,100,2,84" hai2="118,0,62,85,92,15,33,117,56,39,122,123,27" hai3="26,67,41,66,54,77,121,23,104,103,17,89,28"/><T3/><D120/><U74/><E38/><V98/><F39/><W127/><G127/><T125/><D125/><U106/><E74/><V88/><F0/><W52/><G121/><T61/><D111/><U43/><E2/><V75/><F75/><W19/><G77/><T113/><D113/><U14/><E68/><V70/><F70/><W129/><G41/><T82/><D93/><U60/><E133/><V126/><F126/><W5/><G5/><T114/><D114/><U86/><E106/><V124/><F124/><W102/><G104/><T1/><D71/><U97/><E65/><N who="3" m="24586" /><G129/><T132/><D132/><U105/><E105/><V8/><F98/><W119/><G119/><N who="2" m="45577" /><F27/><W11/><G89/><T79/><D79/><U96/><E97/><V80/><F33/><W91/><G91/><T13/><D36/><U81/><E35/><V116/><N who="2" m="45585" /><V16/><DORA hai="9" /><F92/><W95/><G95/><T32/><D32/><U30/><E94/><V50/><F50/><W42/><G42/><T109/><D1/><U24/><E96/><V108/><F108/><W59/><G11/><T90/><D109/><U72/><E43/><V110/><F110/><W115/><G115/><T87/><D3/><U128/><E72/><V78/><F78/><W40/><G40/><T101/><D76/><U34/><E34/><V130/><F130/><W31/><G28/><T112/><D112/><U73/><E30/><V21/><F8/><W99/><G99/><T63/><D101/><N who="3" m="38409" /><G54/><AGARI ba="7,0" hai="15,16,21,54,56,62,80,85,88,122,123" m="45585" machi="54" ten="40,8000,1" yaku="12,1,52,1,54,2" doraHai="46,9" who="2" fromWho="3" sc="808,0,136,0,10,101,46,-101" owari="808,90.8,136,-6.4,111,-28.9,-55,-55.5" /></mjloggm>