<mjloggm ver="2.3"><GO type="225" lobby="0"/><UN n0="%E3%81%BE%E3%81%A8%E3%81%9F" n1="%6E%69%63%6F%6E%74%6F" n2="%73%6C%69%63%6B%33%31%39" n3="%E3%82%B2%E3%82%B9%E8%8C%82%E5%8B%9D" dan="16,17,16,16" rate="2127.86,2129.54,2095.13,2039.47" sx="M,M,M,F"/><TAIKYOKU oya="0"/><INIT seed="0,0,0,0,4,6" ten="250,250,250,250" oya="0" hai0="86,78,48,95,34,4,128,110,105,44,121,42,7" hai1="130,96,107,125,43,122,45,114,92,88,80,19,77" hai2="59,37,69,25,2,64,101,131,63,124,119,106,112" hai3="127,99,39,84,81,35,100,58,85,109,56,116,26"/><T67/><D121/><U103/><E122/><V54/><F2/><W30/><G109/><T60/><D128/><U40/><E130/><V82/><F112/><W113/><G127/><T27/><D105/><U129/><E125/><V89/><F124/><W8/><G113/><T62/><D62/><U53/><E114/><V74/><F131/><W71/><G116/><T31/><D110/><U111/><E111/><V10/><F119/><W90/><G39/><T47/><D47/><U33/><E33/><V102/><F106/><W50/><G71/><T83/><REACH who="0" step="1"/><D95/><REACH who="0" ten="240,250,250,250" step="2"/><U123/><E123/><V75/><F63/><W52/><G84/><T108/><D108/><U76/><E129/><V68/><F75/><W14/><G99/><T16/><D16/><U55/><E19/><V32/><F74/><W72/><G72/><T73/><D73/><N who="1" m="43023" /><E45/><V29/><F29/><W15/><G100/><T70/><AGARI ba="0,1" hai="4,7,27,31,34,42,44,48,60,67,70,78,83,86" machi="70" ten="20,7800,0" yaku="1,1,0,1,7,1,53,1" doraHai="6" doraHaiUra="79" who="0" fromWho="0" sc="240,88,250,-26,250,-26,250,-26" /><INIT seed="0,1,0,2,0,92" ten="328,224,224,224" oya="0" hai0="44,84,105,51,109,123,133,42,47,25,14,101,31" hai1="66,132,6,56,107,68,45,108,62,9,98,86,79" hai2="124,95,26,4,81,110,32,38,29,58,21,46,104" hai3="117,90,97,17,91,128,114,28,53,34,27,63,22"/><T52/><D123/><U135/><E108/><V5/><F104/><W75/><G128/><T20/><D133/><N who="1" m="51275" /><E45/><V113/><F113/><W129/><G114/><T18/><D109/><U39/><E39/><V99/><F110/><W67/><G129/><T41/><D84/><U2/><E86/><V82/><F32/><W33/><G117/><T116/><D116/><U134/><E79/><V71/><F71/><W102/><G75/><T24/><D24/><U73/><E73/><V70/><F70/><W54/><G34/><T74/><D74/><U131/><E131/><V10/><F124/><W88/><G67/><T40/><D105/><U30/><E30/><V130/><F130/><W60/><G63/><T80/><D80/><N who="2" m="30826" /><F38/><W61/><G60/><T65/><D65/><U69/><N who="1" m="51283" /><U12/><DORA hai="19" /><E2/><V121/><F10/><W55/><G61/><T112/><D112/><U72/><E72/><V64/><F46/><W89/><N who="3" m="22528" /><DORA hai="15" /><W118/><G118/><T96/><D44/><U85/><E85/><V93/><F121/><W0/><G0/><T23/><D42/><U78/><E78/><V1/><F1/><W87/><G87/><T13/><D41/><U94/><E107/><V57/><F64/><W77/><G77/><T8/><D40/><U125/><E125/><V83/><N who="2" m="30834" /><V76/><DORA hai="126" /><F76/><W119/><G119/><T36/><D36/><U103/><AGARI ba="1,0" hai="6,9,12,56,62,66,68,69,94,98,103" m="51283" machi="103" ten="40,2700,0" yaku="20,1,52,1" doraHai="92,19,15,126" who="1" fromWho="1" sc="328,-14,224,30,224,-8,224,-8" /><INIT seed="1,0,0,1,0,15" ten="314,254,216,216" oya="1" hai0="116,48,35,44,126,105,118,59,28,25,34,10,73" hai1="9,27,101,106,85,60,12,122,30,56,8,124,91" hai2="52,84,26,0,5,21,1,81,123,32,6,102,4" hai3="108,109,61,67,83,47,71,40,62,110,112,46,38"/><U95/><E124/><V57/><F123/><W33/><G33/><T51/><D73/><U54/><E122/><V55/><F32/><W58/><G83/><T90/><D105/><U80/><E106/><V131/><F131/><W2/><G2/><T70/><D70/><U88/><E101/><V43/><F43/><W78/><G78/><T94/><D35/><U79/><E91/><V99/><F99/><W107/><G107/><T132/><D132/><U74/><REACH who="1" step="1"/><E12/><REACH who="1" ten="314,244,216,216" step="2"/><V50/><F102/><W14/><G14/><T7/><D90/><U92/><E92/><V115/><F115/><W127/><G127/><T75/><D94/><U23/><AGARI ba="0,1" hai="8,9,23,27,30,54,56,60,74,79,80,85,88,95" machi="23" ten="20,7800,0" yaku="1,1,0,1,7,1,54,1,53,0" doraHai="15" doraHaiUra="98" who="1" fromWho="1" sc="314,-26,244,88,216,-26,216,-26" /><INIT seed="1,1,0,4,2,34" ten="288,332,190,190" oya="1" hai0="27,41,7,75,3,6,28,61,135,48,122,12,19" hai1="4,120,131,134,63,84,72,116,37,8,128,29,2" hai2="94,44,17,108,18,118,103,67,66,38,99,62,58" hai3="16,104,59,15,111,33,89,123,78,70,64,36,91"/><U24/><E72/><V46/><F118/><W53/><G123/><T43/><D75/><U132/><E37/><V68/><F108/><W112/><G112/><T101/><D135/><N who="1" m="51755" /><E84/><V23/><F38/><W83/><G111/><T25/><D25/><U52/><E116/><V32/><F32/><W85/><G33/><T26/><D26/><U80/><E80/><V102/><F102/><W73/><G104/><T47/><D101/><U133/><N who="1" m="51763" /><U117/><DORA hai="119" /><E117/><V129/><F129/><N who="1" m="49737" /><E120/><V77/><F77/><W92/><G36/><T5/><D122/><U45/><E45/><V74/><F74/><W65/><G70/><T55/><D27/><U95/><E95/><V22/><F68/><W110/><G89/><T87/><D87/><U10/><E10/><V11/><F11/><W9/><REACH who="3" step="1"/><G110/><REACH who="3" ten="288,332,190,180" step="2"/><T121/><D121/><U56/><E24/><N who="2" m="14415" /><F67/><W130/><G130/><T106/><D106/><U69/><E69/><V114/><F114/><W97/><G97/><T50/><D28/><AGARI ba="1,1" hai="2,4,8,28,29,52,56,63" m="49737,51763" machi="28" ten="50,12000,1" yaku="20,1,19,1,52,1,54,1" doraHai="34,119" who="1" fromWho="0" sc="288,-123,332,133,190,0,180,0" /><INIT seed="1,2,0,4,0,25" ten="165,465,190,180" oya="1" hai0="130,128,26,106,61,63,84,14,34,82,133,0,83" hai1="79,104,5,98,116,47,69,125,36,43,67,112,55" hai2="4,22,88,122,89,127,30,85,95,45,117,86,77" hai3="57,76,123,113,39,92,1,66,135,59,118,90,27"/><U64/><E112/><V126/><F117/><W50/><G113/><T16/><D106/><U68/><E116/><V13/><F122/><W48/><G118/><T65/><D0/><U23/><E79/><V74/><F74/><W134/><G1/><T21/><D133/><N who="3" m="50697" /><G39/><T96/><D96/><U80/><E80/><N who="0" m="30761" /><D84/><U103/><E125/><N who="2" m="47627" /><F77/><W3/><G3/><T41/><D41/><U100/><E100/><V29/><F45/><W17/><G76/><T12/><D34/><U56/><E5/><V73/><F73/><W35/><G123/><T114/><D61/><U129/><E129/><N who="0" m="49769" /><D114/><U10/><E10/><N who="2" m="4295" /><F22/><N who="3" m="13775" /><G35/><T75/><D75/><U87/><E23/><V6/><F6/><W108/><G108/><T102/><D102/><U81/><E103/><V49/><F49/><N who="3" m="19051" /><G66/><T99/><D65/><U119/><E67/><V62/><F62/><W11/><G11/><T8/><D63/><U31/><E64/><V28/><F89/><W97/><AGARI ba="2,0" hai="57,59,90,92,97" m="19051,13775,50697" machi="97" ten="30,1100,0" yaku="20,1" doraHai="25" who="3" fromWho="3" sc="165,-5,465,-7,190,-5,180,17" /><INIT seed="2,0,0,5,2,121" ten="160,458,185,197" oya="2" hai0="94,111,79,122,38,47,40,134,28,64,77,73,89" hai1="131,0,116,128,61,24,25,34,70,13,120,56,81" hai2="32,101,103,132,95,23,63,113,83,42,129,106,110" hai3="27,22,11,39,109,49,1,62,130,55,133,97,107"/><V91/><F32/><W52/><G39/><T86/><D122/><U119/><E120/><V5/><F113/><W12/><G1/><T87/><D134/><U36/><E36/><V92/><F5/><W41/><G133/><T135/><D135/><U124/><E124/><V115/><F115/><W7/><G130/><T26/><D73/><U17/><E0/><V84/><F132/><W31/><G62/><T93/><D64/><U80/><E70/><V126/><F42/><W118/><G118/><T15/><D15/><U50/><E50/><V100/><F63/><W30/><G31/><T85/><D111/><U58/><E61/><V2/><F2/><W78/><G109/><T33/><REACH who="0" step="1"/><D93/><REACH who="0" ten="150,458,185,197" step="2"/><U74/><E13/><V88/><F110/><W69/><G12/><T125/><D125/><U51/><E74/><V98/><F126/><W35/><G107/><T57/><D57/><U68/><E58/><V102/><F129/><W45/><G69/><T108/><D108/><U82/><E56/><V20/><REACH who="2" step="1"/><F106/><REACH who="2" ten="150,458,175,197" step="2"/><W19/><G7/><T48/><D48/><U67/><E51/><V72/><F72/><W76/><G49/><T123/><D123/><U66/><E131/><V53/><F53/><W104/><G52/><T65/><D65/><U60/><E128/><V29/><F29/><W37/><G55/><T75/><D75/><U14/><E67/><V117/><F117/><N who="1" m="45129" /><E34/><V59/><F59/><W90/><G35/><T112/><D112/><U10/><E68/><V46/><F46/><W3/><G45/><T16/><D16/><U99/><E66/><V44/><F44/><RYUUKYOKU ba="0,2" sc="150,15,458,-15,175,15,197,-15" hai0="26,28,33,38,40,47,77,79,85,86,87,89,94" hai2="20,23,83,84,88,91,92,95,98,100,101,102,103" /><INIT seed="2,1,2,2,4,33" ten="165,443,190,182" oya="2" hai0="11,32,78,97,6,2,39,73,25,19,106,16,70" hai1="85,35,107,48,128,100,118,46,114,59,17,123,62" hai2="120,69,74,66,36,88,51,80,110,22,1,56,86" hai3="65,91,132,52,131,8,126,87,3,60,13,21,79"/><V76/><F120/><W119/><G119/><T93/><D70/><U102/><E114/><V71/><F36/><W37/><G37/><T7/><D106/><U134/><E118/><V29/><F1/><W117/><G117/><T72/><D7/><U127/><E35/><V10/><F10/><W53/><G79/><T124/><D124/><U0/><E0/><V99/><F110/><W103/><G103/><T31/><D39/><U81/><E127/><V89/><F99/><W68/><G126/><T50/><D50/><U83/><E107/><V24/><F89/><W64/><G64/><T43/><D43/><N who="1" m="24671" /><E83/><V112/><F112/><W115/><G115/><T133/><D133/><U44/><E44/><V121/><F121/><W105/><G105/><T14/><D78/><N who="1" m="46263" /><E134/><V82/><REACH who="2" step="1"/><F51/><REACH who="2" ten="165,443,180,182" step="2"/><W101/><G132/><T122/><D122/><U108/><E123/><V92/><F92/><W95/><G101/><N who="0" m="60591" /><D19/><U54/><E108/><V94/><F94/><W57/><G95/><T113/><D113/><U125/><E125/><V67/><F67/><W55/><G91/><T90/><D90/><U45/><E102/><V135/><F135/><W12/><G65/><T40/><D40/><U77/><E100/><V42/><F42/><W49/><G49/><T27/><D2/><U47/><E17/><V5/><F5/><W129/><G3/><T23/><D6/><U30/><E77/><V34/><F34/><W75/><G8/><T63/><D63/><AGARI ba="1,3" hai="22,24,29,56,63,66,69,71,74,76,80,82,86,88" machi="63" ten="40,3900,0" yaku="1,1,54,1,53,0" doraHai="33" doraHaiUra="4" who="2" fromWho="0" sc="165,-42,443,0,180,72,182,0" /><INIT seed="2,2,0,3,3,90" ten="123,443,252,182" oya="2" hai0="113,107,28,54,17,25,20,69,14,116,72,126,75" hai1="21,45,112,4,49,85,8,5,65,52,61,106,13" hai2="99,18,36,96,44,43,97,94,53,123,74,41,3" hai3="125,15,100,37,10,58,80,88,111,11,50,103,95"/><V122/><F74/><W34/><G111/><T83/><D113/><U24/><E112/><V84/><F3/><W78/><G125/><T1/><D126/><U129/><E129/><V2/><F2/><W73/><G34/><T135/><D107/><U60/><E106/><V9/><F41/><W130/><G130/><T47/><D69/><U31/><E5/><V114/><F114/><W33/><G33/><T121/><D116/><U51/><E65/><V91/><REACH who="2" step="1"/><F53/><REACH who="2" ten="123,443,242,182" step="2"/><W115/><G115/><T82/><D1/><U67/><E67/><V35/><F35/><W22/><G37/><T59/><D75/><U40/><E85/><V79/><F79/><W12/><G73/><T131/><D72/><U134/><E134/><V46/><F46/><AGARI ba="2,1" hai="4,8,13,21,24,31,40,45,46,49,51,52,60,61" machi="46" ten="30,3900,0" yaku="7,1,8,1,54,1" doraHai="90" who="1" fromWho="2" sc="123,0,443,55,242,-45,182,0" /><INIT seed="3,0,0,5,2,106" ten="123,498,197,182" oya="3" hai0="3,69,6,58,122,67,43,113,68,53,111,12,110" hai1="90,123,80,56,35,116,54,127,18,118,59,32,51" hai2="75,40,71,85,103,125,131,81,105,102,88,73,39" hai3="134,119,96,109,65,94,77,82,47,133,74,128,11"/><W66/><G119/><N who="1" m="45610" /><E127/><V63/><F39/><W13/><G128/><T114/><D12/><U98/><E123/><V64/><F40/><W104/><G104/><T60/><D6/><U7/><E7/><V33/><F103/><W34/><G34/><N who="1" m="12842" /><E18/><V2/><F2/><W92/><G47/><T21/><D21/><U72/><E98/><N who="2" m="61655" /><F125/><W100/><G92/><T48/><D3/><U70/><E70/><N who="0" m="27241" /><D122/><U52/><E90/><V87/><F87/><W44/><G44/><N who="0" m="27783" /><D43/><U120/><E120/><V38/><F38/><W24/><G24/><T55/><D55/><N who="1" m="21035" /><E51/><V124/><F124/><W41/><G41/><T91/><D91/><U50/><E50/><V99/><F99/><W5/><G65/><T28/><D28/><U61/><E61/><V95/><F95/><W9/><G66/><T1/><D1/><U83/><E83/><V93/><F93/><W135/><G9/><T57/><D57/><U129/><E129/><V46/><F46/><W97/><G96/><T78/><D78/><AGARI ba="0,0" hai="56,59,72,78,80" m="21035,12842,45610" machi="78" ten="40,5200,0" yaku="12,1,52,1,54,1" doraHai="106" who="1" fromWho="0" sc="123,-52,498,52,197,0,182,0" owari="71,-42.9,550,65.0,197,-0.3,182,-21.8" /></mjloggm>