<mjloggm ver="2.3"><GO type="225" lobby="0"/><UN n0="%E9%80%9F%E6%B0%B4%E5%87%9B%E9%A6%99" n1="%E7%BD%AA%E5%88%91%E6%B3%95%E5%AE%9A%E4%B8%BB%E7%BE%A9" n2="%43%68%65" n3="%E3%81%99%E3%81%84%E3%81%BE%E3%81%9B%E3%83%BC%E3%82%93" dan="16,16,16,16" rate="2139.15,2185.04,2076.21,2150.36" sx="F,M,M,M"/><TAIKYOKU oya="0"/><INIT seed="0,0,0,3,2,67" ten="250,250,250,250" oya="0" hai0="5,135,27,29,134,13,51,124,122,91,62,77,24" hai1="115,93,112,1,28,32,66,45,127,53,7,19,111" hai2="65,25,92,16,86,39,57,114,105,98,88,42,11" hai3="70,73,84,89,117,41,64,59,131,14,21,6,2"/><T80/><D122/><U99/><E111/><V44/><F114/><N who="1" m="43561" /><E127/><V128/><F128/><W120/><G117/><T23/><D124/><U9/><E66/><V48/><F105/><W106/><G131/><T61/><D91/><N who="1" m="55743" /><E19/><V35/><F35/><W18/><G106/><T72/><D27/><N who="1" m="18463" /><E45/><V83/><F39/><W75/><G120/><T90/><D90/><U50/><E50/><V60/><F25/><W0/><G41/><T96/><D96/><U36/><E53/><V3/><F3/><W8/><G0/><T94/><D94/><U49/><E49/><V107/><F107/><W82/><REACH who="3" step="1"/><G59/><REACH who="3" ten="250,250,250,240" step="2"/><T71/><D135/><U20/><E36/><V123/><F123/><W4/><G4/><T37/><D134/><U43/><E43/><V78/><F11/><W15/><G15/><T130/><D13/><U31/><E20/><V109/><F109/><W113/><G113/><T56/><D5/><U101/><E1/><V17/><AGARI ba="0,1" hai="16,17,42,44,48,57,60,65,78,83,86,88,92,98" machi="17" ten="30,7900,0" yaku="0,1,8,1,54,2" doraHai="67" who="2" fromWho="2" sc="250,-39,250,-20,250,89,240,-20" /><INIT seed="1,0,0,1,1,45" ten="211,230,339,220" oya="1" hai0="121,83,69,12,26,36,30,106,5,58,84,37,118" hai1="62,40,107,11,57,119,42,116,113,2,14,72,39" hai2="100,24,88,50,4,111,27,134,91,51,73,81,16" hai3="46,90,82,74,96,60,10,80,117,67,92,13,7"/><U130/><E113/><V102/><F111/><W93/><G117/><T68/><D118/><U123/><E123/><V23/><F134/><W94/><G74/><T132/><D106/><U1/><E72/><V32/><F4/><W15/><G15/><T8/><D132/><U86/><E107/><V70/><F70/><W63/><G46/><T109/><D109/><U53/><E130/><V22/><F32/><W114/><G114/><T99/><D99/><U48/><E119/><V122/><F122/><W44/><G44/><T61/><D69/><U54/><E116/><V128/><F128/><W20/><G20/><T133/><D68/><U85/><E1/><V110/><F110/><W104/><G104/><T49/><D133/><U31/><E2/><V59/><F73/><W79/><G79/><T28/><D121/><U71/><E31/><N who="2" m="17815" /><F59/><N who="3" m="37279" /><G63/><T17/><D61/><U21/><E21/><V0/><F0/><W125/><G125/><T112/><D112/><U66/><E54/><V18/><F18/><W75/><G75/><T105/><D105/><U89/><E39/><V33/><F33/><W120/><G120/><T108/><D108/><U56/><E71/><V135/><F135/><W3/><G3/><T98/><D37/><U97/><E40/><V35/><F35/><W29/><G29/><T78/><D36/><U38/><E42/><V6/><F6/><W41/><G41/><T64/><D30/><U115/><E38/><V77/><F77/><W131/><G131/><T55/><D28/><U124/><E115/><V52/><F23/><W95/><AGARI ba="0,0" hai="7,10,13,80,82,90,92,93,94,95,96" m="37279" machi="95" ten="30,1100,0" yaku="8,1" doraHai="45" who="3" fromWho="3" sc="211,-3,230,-5,339,-3,220,11" /><INIT seed="2,0,0,5,1,124" ten="208,225,336,231" oya="2" hai0="55,65,116,1,78,74,50,97,114,134,19,12,118" hai1="16,11,43,47,44,90,10,107,20,41,119,36,125" hai2="109,98,5,120,59,21,61,91,80,127,35,130,131" hai3="89,17,122,29,72,129,9,49,86,37,92,88,95"/><V31/><F120/><W39/><G122/><T27/><D1/><U110/><E110/><V15/><F109/><W46/><G72/><T133/><D78/><U83/><E125/><V66/><F127/><W100/><G100/><T63/><D74/><U0/><E107/><V70/><F70/><W105/><G105/><T40/><D27/><U93/><E83/><V28/><F35/><W60/><G129/><N who="2" m="49161" /><F21/><W42/><G29/><T64/><D97/><U108/><E0/><V8/><F98/><W54/><G60/><T68/><D19/><U87/><E119/><N who="0" m="45609" /><D12/><U75/><E75/><V69/><F69/><W34/><G34/><T18/><D18/><U32/><E32/><V115/><F115/><W79/><G17/><T25/><D25/><U132/><E132/><N who="0" m="50793" /><D114/><U38/><E108/><V104/><F104/><W123/><G123/><T53/><D40/><U128/><REACH who="1" step="1"/><E128/><REACH who="1" ten="208,215,336,231" step="2"/><V4/><F4/><W111/><G111/><T103/><D103/><U67/><E67/><V13/><F13/><AGARI ba="0,1" hai="10,11,13,16,20,36,38,41,43,44,47,87,90,93" machi="13" ten="30,7700,0" yaku="1,1,7,1,9,1,54,1,53,0" doraHai="124" doraHaiUra="102" who="1" fromWho="2" sc="208,0,215,87,336,-77,231,0" /><INIT seed="3,0,0,4,0,127" ten="208,302,259,231" oya="3" hai0="99,124,98,82,8,95,84,133,16,126,5,128,50" hai1="63,116,121,41,130,53,105,35,70,117,25,81,90" hai2="61,24,107,115,125,48,2,21,60,38,43,39,55" hai3="75,68,11,46,1,29,36,65,51,44,118,112,93"/><W9/><G112/><T83/><D133/><U7/><E130/><V80/><F115/><W101/><G75/><T79/><D82/><U111/><E105/><V17/><F107/><W108/><G118/><N who="1" m="45674" /><E111/><V78/><F2/><W106/><G1/><T13/><D128/><U47/><E7/><V59/><F125/><W91/><G36/><T122/><D122/><U97/><E121/><V103/><F103/><W6/><G6/><T132/><D132/><U32/><E25/><V96/><F96/><W52/><G101/><T4/><D99/><U12/><E12/><V22/><F22/><W45/><G106/><T56/><D126/><U64/><E53/><V113/><F113/><W3/><G3/><T19/><D124/><U37/><E81/><V102/><F102/><W109/><G109/><T23/><D95/><AGARI ba="0,0" hai="32,35,37,41,47,63,64,70,90,95,97" m="45674" machi="95" ten="30,1000,0" yaku="12,1" doraHai="127" who="1" fromWho="0" sc="208,-10,302,10,259,0,231,0" owari="198,-30.2,312,41.2,259,5.9,231,-16.9" /></mjloggm>