<mjloggm ver="2.3"><GO type="225" lobby="0"/><UN n0="%74%61%6B%65%2D%79%6F%75" n1="%E7%89%B9%E6%9D%B1%E3%81%AF%E4%B8%96%E7%95%8C%E3%82%92%E6%95%91%E3%81%86" n2="%E3%83%8F%E3%82%AC%E3%82%BF%E3%82%AB%E3%81%AE%E3%81%88%E3%81%98%E3%81%8D" n3="%73%69%72%6F%75%74" dan="17,16,16,16" rate="2161.56,2192.55,2130.90,2044.80" sx="M,M,M,M"/><TAIKYOKU oya="0"/><INIT seed="0,0,0,0,4,10" ten="250,250,250,250" oya="0" hai0="110,14,8,23,116,93,64,21,105,65,85,82,35" hai1="126,80,52,0,71,128,22,118,124,9,59,120,87" hai2="20,17,115,54,50,6,51,58,30,113,37,44,66" hai3="12,117,69,108,104,4,25,32,131,97,13,114,98"/><T122/><D116/><U106/><E118/><V36/><F30/><W90/><G117/><T100/><D105/><U27/><E120/><V92/><F6/><W3/><G114/><T84/><D35/><U99/><E71/><V95/><F113/><W119/><G119/><T89/><D122/><U74/><E74/><V81/><F81/><W83/><G3/><T135/><D135/><U130/><E106/><V129/><F129/><N who="1" m="49769" /><E99/><V111/><F111/><W34/><G4/><T43/><D110/><U121/><E0/><V31/><F31/><N who="3" m="19567" /><G34/><T102/><D43/><U41/><E9/><V28/><F28/><W7/><G7/><T11/><D82/><U88/><E41/><V24/><F115/><W101/><G131/><T40/><D40/><U38/><E38/><V63/><REACH who="2" step="1"/><F51/><REACH who="2" ten="250,250,240,250" step="2"/><W55/><G83/><T53/><D100/><U125/><E121/><V67/><F67/><W49/><G101/><T94/><D102/><U96/><E125/><V39/><AGARI ba="0,1" hai="17,20,24,36,37,39,44,50,54,58,63,66,92,95" machi="39" ten="30,4000,0" yaku="1,1,0,1,53,1" doraHai="10" doraHaiUra="19" who="2" fromWho="2" sc="250,-20,250,-10,240,50,250,-10" /><INIT seed="1,0,0,5,0,65" ten="230,240,290,240" oya="1" hai0="92,74,11,60,109,62,53,124,114,14,45,34,100" hai1="75,25,0,99,71,70,3,48,116,55,27,37,126" hai2="93,33,15,67,102,18,59,133,98,57,43,68,13" hai3="134,20,125,64,121,105,56,44,78,58,22,46,112"/><U30/><E116/><V51/><F133/><W87/><G105/><T90/><D114/><U110/><E37/><V128/><F33/><W122/><G112/><T86/><D109/><U28/><E75/><V29/><F29/><W73/><G73/><T41/><D124/><U17/><E17/><V1/><F1/><W21/><G134/><T119/><D119/><U42/><E42/><V5/><F68/><W66/><G125/><T76/><D34/><U117/><E117/><V12/><F128/><W107/><G107/><T52/><D100/><U49/><E55/><V91/><F5/><W131/><G87/><T129/><D129/><U97/><E126/><V85/><F67/><N who="3" m="25643" /><G78/><T118/><D118/><U84/><E84/><V135/><F135/><W88/><G88/><T38/><D62/><U63/><E63/><V47/><REACH who="2" step="1"/><F18/><REACH who="2" ten="230,240,280,240" step="2"/><W39/><G131/><T32/><D32/><U108/><AGARI ba="0,1" hai="0,3,25,27,28,30,48,49,70,71,97,99,108,110" machi="108" ten="25,12000,1" yaku="0,1,22,2,52,2" doraHai="65" who="1" fromWho="1" sc="230,-40,240,130,280,-40,240,-40" /><INIT seed="1,1,0,0,1,46" ten="190,370,240,200" oya="1" hai0="77,7,81,37,20,110,25,33,80,134,18,116,101" hai1="126,43,125,115,67,52,8,22,117,55,113,40,71" hai2="57,124,58,97,86,35,135,9,76,6,70,85,17" hai3="114,11,69,51,90,131,24,119,96,48,36,112,59"/><U16/><E8/><V44/><F70/><W108/><G69/><T123/><D116/><U94/><E94/><V104/><F35/><W3/><G36/><T60/><D110/><U26/><E117/><V19/><F104/><W91/><G119/><T64/><D134/><U129/><E129/><V5/><F97/><W73/><G73/><T120/><D37/><U29/><E29/><V32/><F32/><W100/><G131/><T65/><D101/><U13/><E26/><V107/><F107/><W53/><G108/><T74/><D7/><U132/><E132/><V27/><F27/><W28/><G90/><T47/><D33/><U12/><E12/><V49/><F124/><N who="1" m="47721" /><E67/><V99/><F99/><W14/><G3/><T127/><D127/><U84/><E84/><V82/><F86/><W1/><G1/><T103/><D25/><U23/><E23/><V42/><F5/><W63/><G114/><N who="1" m="43530" /><E71/><V121/><F135/><W30/><G112/><T21/><D21/><U0/><E0/><V98/><F98/><W87/><G96/><T66/><D20/><U50/><E55/><V31/><F31/><N who="3" m="11819" /><G100/><T15/><D103/><U75/><E75/><V10/><F6/><N who="3" m="3447" /><G24/><T45/><D74/><U118/><E118/><V72/><F72/><W92/><AGARI ba="1,0" hai="48,51,53,59,63,87,91,92" m="3447,11819" machi="92" ten="30,4000,0" yaku="8,1,52,2" doraHai="46" who="3" fromWho="3" sc="190,-11,370,-21,240,-11,200,43" /><INIT seed="2,0,0,2,1,73" ten="179,349,229,243" oya="2" hai0="94,77,19,101,3,129,56,130,66,68,124,79,37" hai1="12,108,4,119,58,26,16,23,99,95,25,43,107" hai2="71,41,55,134,102,89,109,81,49,11,113,112,121" hai3="87,127,105,76,38,28,103,7,1,97,51,17,9"/><V117/><F117/><W13/><G38/><T45/><D68/><U54/><E119/><V29/><F71/><W35/><G127/><T61/><D3/><U84/><E108/><V21/><F121/><W82/><G51/><T48/><D37/><U5/><E107/><V47/><F134/><W33/><REACH who="3" step="1"/><G28/><REACH who="3" ten="179,349,229,233" step="2"/><T15/><D124/><U78/><E43/><V6/><F41/><W120/><G120/><T53/><D130/><U91/><E4/><V90/><F109/><W30/><G30/><T10/><REACH who="0" step="1"/><D129/><REACH who="0" ten="169,349,229,233" step="2"/><U75/><E5/><V106/><F112/><W72/><G72/><T42/><D42/><U67/><E75/><V44/><F113/><W125/><G125/><T40/><D40/><U22/><E67/><V50/><F29/><W122/><G122/><T34/><D34/><U8/><E26/><V62/><F47/><W135/><G135/><T114/><D114/><U93/><E25/><V128/><F44/><W92/><G92/><T46/><D46/><U133/><E133/><V31/><F31/><W83/><G83/><T126/><D126/><U2/><E93/><V111/><F81/><W65/><G65/><T132/><D132/><U63/><E2/><V39/><F128/><W36/><G36/><T27/><D27/><U104/><E104/><V57/><F39/><W60/><G60/><T64/><D64/><U69/><E69/><V14/><F111/><W74/><G74/><T24/><D24/><U110/><E110/><V18/><F62/><W59/><G59/><T98/><AGARI ba="0,2" hai="10,15,19,45,48,53,56,61,66,77,79,94,98,101" machi="98" ten="30,8000,1" yaku="1,1,0,1,8,1,52,2,53,0" doraHai="73" doraHaiUra="20" who="0" fromWho="0" sc="169,100,349,-20,229,-40,233,-20" /><INIT seed="3,0,0,0,3,77" ten="269,329,189,213" oya="3" hai0="109,87,51,7,80,40,14,123,25,0,46,89,36" hai1="83,99,35,132,90,15,73,120,55,41,44,128,78" hai2="82,129,42,110,4,13,135,26,116,106,108,96,114" hai3="60,48,91,56,23,92,133,21,39,47,111,71,103"/><W126/><G133/><T121/><D109/><N who="2" m="42090" /><F114/><W59/><G39/><T85/><D0/><U70/><E120/><V95/><F116/><W53/><G71/><T100/><D100/><U124/><E35/><V105/><F135/><W12/><G126/><T3/><D3/><U37/><E70/><V33/><F42/><N who="3" m="24695" /><G103/><T97/><D97/><U86/><E132/><V67/><F67/><N who="3" m="39303" /><G12/><T28/><D36/><U104/><E124/><V22/><F33/><W101/><G101/><T17/><D7/><U84/><E104/><V127/><F127/><W34/><G34/><T75/><D75/><U115/><E115/><V112/><F112/><W20/><G111/><T65/><D65/><U64/><E64/><V69/><F69/><W11/><G11/><T45/><D121/><U29/><E15/><V57/><F57/><W27/><G53/><T134/><D14/><U2/><E55/><V31/><F129/><W1/><G1/><T88/><D134/><U16/><E128/><V130/><F130/><W19/><G59/><T8/><D8/><U38/><E38/><V52/><F52/><W49/><G49/><T76/><D51/><U102/><E102/><N who="2" m="60703" /><F13/><W125/><G125/><T68/><D68/><U66/><E66/><V74/><F4/><W93/><G93/><T117/><D123/><U24/><E2/><V10/><F10/><W118/><G118/><T98/><D117/><U50/><E50/><V122/><F122/><W61/><G61/><T58/><D58/><U18/><E37/><V62/><F62/><W72/><G72/><T113/><D113/><U9/><E73/><RYUUKYOKU ba="0,0" sc="269,-15,329,-15,189,15,213,15" hai2="22,26,31,74,82,105,106" hai3="19,20,21,23,27,91,92" /><INIT seed="3,1,0,3,0,127" ten="254,314,204,228" oya="3" hai0="109,42,96,41,101,8,18,115,63,38,62,46,80" hai1="59,57,45,32,35,116,134,56,78,105,132,79,130" hai2="49,114,91,113,12,103,43,128,86,0,39,70,16" hai3="17,48,2,104,68,94,31,72,13,77,87,4,131"/><W89/><G68/><T106/><D109/><U61/><E130/><V124/><F0/><W36/><G131/><T60/><D115/><U52/><E116/><V129/><F39/><W15/><G36/><T88/><D42/><U83/><E105/><V51/><F70/><W112/><G2/><T33/><D33/><N who="1" m="12875" /><E45/><V34/><F34/><W76/><G31/><T123/><D123/><U100/><E100/><V93/><F114/><W5/><G104/><T25/><D8/><U20/><E20/><V85/><F113/><W14/><G112/><T28/><D28/><U135/><E79/><N who="3" m="30282" /><G72/><AGARI ba="1,0" hai="52,56,57,59,61,72,78,83,132,134,135" m="12875" machi="72" ten="40,2600,0" yaku="20,1,54,1" doraHai="127" who="1" fromWho="3" sc="254,0,314,29,204,0,228,-29" owari="254,5.4,343,44.3,204,-19.6,199,-30.1" /></mjloggm>