<mjloggm ver="2.3"><GO type="225" lobby="0"/><UN n0="%E5%B8%86%E7%AB%8B%E5%A4%8F%E8%A1%A3" n1="%E5%8D%A0%E3%81%84%E5%B8%AB%E8%A3%8F%E3%81%AA%E3%81%84%E3%81%97" n2="%E3%82%BC%E3%83%AB%E3%83%80%E3%81%AE%E4%BC%9D%E8%AA%AC" n3="%E4%B8%89%E5%88%86%E5%B0%8F%E5%83%A7" dan="17,17,17,16" rate="2149.59,2178.05,2173.42,2085.58" sx="M,M,M,M"/><TAIKYOKU oya="0"/><INIT seed="0,0,0,5,4,0" ten="250,250,250,250" oya="0" hai0="130,93,7,126,131,86,111,2,32,96,81,123,21" hai1="72,73,106,134,78,114,42,24,30,132,15,112,109" hai2="108,22,120,65,60,19,75,37,4,67,57,66,39" hai3="90,92,8,95,71,59,98,77,55,107,83,79,113"/><T133/><D32/><N who="1" m="20551" /><E42/><V52/><F120/><W14/><G71/><T88/><D123/><U124/><E106/><V87/><F75/><N who="1" m="28745" /><E78/><V10/><F108/><W53/><G107/><T58/><D111/><U50/><E109/><V54/><F54/><W46/><G83/><T25/><D126/><U12/><E124/><V99/><F99/><W135/><G135/><N who="1" m="51754" /><E50/><V122/><F122/><W34/><G34/><T62/><D133/><U84/><E84/><V1/><REACH who="2" step="1"/><F87/><REACH who="2" ten="250,250,240,250" step="2"/><N who="3" m="52319" /><G113/><AGARI ba="0,1" hai="12,15,112,113,114" m="51754,28745,20551" machi="113" ten="40,2600,0" yaku="11,1,20,1" doraHai="0" who="1" fromWho="3" sc="250,0,250,36,240,0,250,-26" /><INIT seed="1,0,0,0,4,125" ten="250,286,240,224" oya="1" hai0="86,113,70,31,100,94,112,92,110,32,45,128,14" hai1="101,83,98,33,58,30,129,21,7,62,24,80,124" hai2="106,116,51,134,11,66,88,15,84,44,68,71,57" hai3="23,53,56,102,22,114,27,111,54,118,26,37,38"/><U95/><E124/><V135/><F106/><W117/><G114/><T93/><D70/><U10/><E33/><V63/><F116/><N who="3" m="44651" /><G102/><T13/><D100/><U77/><E77/><V76/><F76/><W103/><G103/><T132/><D110/><U90/><E90/><V108/><F108/><W67/><G67/><T35/><D132/><U48/><E48/><V61/><F15/><W60/><G111/><T127/><D93/><U50/><E50/><V2/><F2/><W65/><G65/><T16/><D127/><U42/><E42/><V69/><F11/><W0/><G0/><T85/><D31/><U46/><E46/><V74/><F74/><W1/><G1/><T105/><D45/><U99/><E99/><V79/><F79/><W82/><G82/><T119/><D119/><U41/><E129/><V75/><F75/><W34/><G34/><T25/><D25/><N who="3" m="9225" /><G56/><T4/><D4/><U91/><E91/><V6/><F6/><W64/><G60/><T115/><D115/><U133/><E41/><V107/><F61/><W109/><G64/><T81/><D81/><U78/><E78/><V18/><F107/><W39/><G109/><T96/><D105/><U3/><REACH who="1" step="1"/><E133/><REACH who="1" ten="250,276,240,224" step="2"/><V121/><F134/><W12/><G12/><T29/><D96/><U36/><E36/><V97/><F97/><W130/><G130/><T17/><D128/><U52/><AGARI ba="0,1" hai="3,7,10,21,24,30,52,58,62,80,83,95,98,101" machi="52" ten="20,7800,0" yaku="1,1,0,1,7,1,54,1,53,0" doraHai="125" doraHaiUra="131" who="1" fromWho="1" sc="250,-26,276,88,240,-26,224,-26" /><INIT seed="1,1,0,5,2,5" ten="224,364,214,198" oya="1" hai0="108,3,59,122,114,35,77,110,14,101,105,68,4" hai1="87,89,37,73,20,8,47,26,131,60,82,102,49" hai2="34,21,129,96,44,1,55,93,52,65,120,61,118" hai3="71,132,39,74,115,100,51,15,106,126,104,10,7"/><U48/><E131/><V45/><F34/><W121/><G39/><T117/><D68/><U64/><E73/><V30/><F118/><W23/><G121/><T95/><D117/><U2/><E102/><V54/><F1/><W32/><G32/><T103/><D105/><U18/><E37/><V99/><F129/><W92/><G115/><T134/><D3/><U127/><E127/><V85/><F85/><W113/><G113/><T94/><D35/><U133/><E133/><V80/><F80/><W119/><G119/><T38/><D38/><U53/><E48/><V123/><F123/><W63/><G74/><T22/><D122/><U81/><E81/><V6/><F6/><W29/><G126/><T28/><D77/><U13/><E2/><V12/><F120/><W86/><G132/><T128/><D128/><U91/><E91/><V40/><F40/><W69/><G51/><T90/><D134/><U9/><REACH who="1" step="1"/><E26/><REACH who="1" ten="224,354,214,198" step="2"/><V41/><F93/><W17/><G104/><T0/><D95/><U109/><E109/><V78/><F78/><W135/><G106/><T83/><D83/><U97/><E97/><V66/><F99/><W27/><G135/><T57/><D114/><U46/><E46/><V75/><F96/><W42/><G100/><N who="0" m="38475" /><D110/><U130/><E130/><V98/><F98/><W76/><G76/><T25/><D108/><U50/><E50/><V111/><F45/><W62/><G86/><N who="0" m="52567" /><D0/><U70/><AGARI ba="1,1" hai="8,9,13,18,20,47,49,53,60,64,70,82,87,89" machi="70" ten="20,18000,2" yaku="1,1,0,1,7,1,52,2,53,1" doraHai="5" doraHaiUra="58" who="1" fromWho="1" sc="224,-61,354,193,214,-61,198,-61" /><INIT seed="1,2,0,0,5,79" ten="163,547,153,137" oya="1" hai0="19,70,74,94,78,116,110,29,26,54,134,122,69" hai1="73,135,83,47,127,103,50,16,13,72,98,102,101" hai2="55,1,133,104,23,96,18,56,7,10,87,107,97" hai3="15,14,77,6,82,51,121,17,59,95,76,49,118"/><U4/><E4/><V88/><F133/><W125/><G121/><T126/><D134/><U115/><E115/><V80/><F107/><W128/><G125/><T43/><D122/><U129/><E135/><V58/><F104/><W84/><G128/><T11/><D126/><U92/><E127/><V117/><F117/><W93/><G118/><T45/><D110/><U44/><E129/><V5/><F5/><W112/><G112/><T123/><D123/><U86/><E72/><V8/><F8/><N who="3" m="4375" /><G77/><T65/><D54/><N who="1" m="30023" /><E47/><V36/><F36/><W53/><G51/><T57/><D94/><U61/><E61/><V32/><F32/><W28/><G28/><T25/><D116/><U66/><E73/><V40/><F40/><W27/><G27/><T12/><D26/><U9/><E66/><V31/><F31/><W2/><G2/><T41/><D41/><U62/><E62/><V68/><F68/><W106/><G106/><T85/><D74/><U100/><E100/><V30/><F30/><W124/><G124/><T22/><D65/><U89/><AGARI ba="2,0" hai="9,13,16,83,86,89,92,98,101,102,103" m="30023" machi="89" ten="30,11700,0" yaku="25,1,8,1,52,1,54,1" doraHai="79" who="1" fromWho="1" sc="163,-41,547,123,153,-41,137,-41" /><INIT seed="1,3,0,3,5,107" ten="122,670,112,96" oya="1" hai0="81,6,132,38,17,78,130,112,110,83,118,1,135" hai1="27,115,76,108,52,68,22,111,43,93,56,7,71" hai2="58,48,102,127,77,49,70,50,98,57,64,131,69" hai3="134,74,79,120,23,103,51,46,73,13,26,95,3"/><U44/><E115/><V80/><F127/><W5/><G3/><T97/><D112/><U96/><E7/><V45/><F45/><W20/><G120/><T30/><D118/><U75/><E44/><V122/><F122/><W91/><G79/><T61/><D38/><U34/><E34/><V8/><F131/><W125/><G125/><T100/><D30/><U10/><E10/><V84/><F8/><W63/><G103/><T94/><D110/><N who="1" m="42027" /><E43/><V11/><F11/><W16/><G63/><T24/><D61/><N who="1" m="35975" /><E75/><V39/><F39/><W109/><G134/><T9/><D130/><U106/><E76/><V53/><F64/><W124/><G5/><T104/><D132/><U67/><E106/><V119/><F119/><W128/><G128/><T36/><D104/><U37/><E37/><V54/><F50/><W121/><G121/><T85/><D36/><U101/><E67/><V12/><F53/><W4/><G4/><T15/><D6/><U86/><E86/><V47/><F47/><W59/><G124/><T33/><D85/><U88/><E101/><V116/><F116/><W92/><G109/><T99/><D78/><U55/><E55/><V0/><F54/><N who="3" m="32223" /><G46/><T133/><D1/><U129/><E129/><V35/><F35/><W31/><G95/><N who="0" m="58431" /><D135/><U60/><E60/><V126/><F0/><W14/><G14/><T21/><D33/><U2/><E2/><V29/><F126/><W82/><G82/><N who="0" m="31243" /><D133/><U62/><E62/><V19/><F77/><W66/><G66/><T87/><D87/><AGARI ba="3,0" hai="13,16,20,23,26,31,73,74,87,91,92" m="32223" machi="87" ten="30,7700,0" yaku="25,1,52,2,54,1" doraHai="107" who="3" fromWho="0" sc="122,-86,670,0,112,0,96,86" /><INIT seed="2,0,0,4,3,98" ten="36,670,112,182" oya="2" hai0="45,53,115,21,57,70,105,6,68,85,61,107,103" hai1="33,128,88,133,51,59,111,66,35,18,27,23,24" hai2="95,64,36,78,41,122,54,52,40,29,42,67,50" hai3="116,125,1,5,72,32,119,84,49,124,81,99,91"/><V56/><F122/><W26/><G72/><T106/><D115/><U77/><E111/><V86/><F36/><W130/><G130/><T104/><D6/><U94/><E77/><V13/><F29/><N who="3" m="19511" /><G49/><T97/><D85/><U123/><E133/><V14/><F54/><W126/><G99/><T74/><D74/><U7/><E7/><V11/><F13/><W20/><G20/><T83/><D83/><U127/><E127/><V113/><F113/><W8/><AGARI ba="0,0" hai="1,5,8,81,84,91,116,119,124,125,126" m="19511" machi="8" ten="40,1500,0" yaku="18,1" doraHai="98" who="3" fromWho="3" sc="36,-4,670,-4,112,-7,182,15" /><INIT seed="3,0,0,1,1,18" ten="32,666,105,197" oya="3" hai0="34,7,3,45,67,51,91,87,118,31,28,57,72" hai1="1,76,98,29,130,13,121,95,126,69,94,84,93" hai2="48,17,26,58,61,90,35,19,106,43,86,135,68" hai3="27,47,129,6,24,105,78,16,56,110,100,122,108"/><W70/><G70/><T123/><D72/><U66/><E1/><V15/><F106/><W38/><G122/><T103/><D123/><U97/><E121/><V12/><F68/><W53/><G78/><T80/><D118/><U39/><E39/><V99/><F99/><W133/><G6/><T101/><D3/><U50/><E130/><V14/><F135/><W36/><G129/><T54/><D34/><U74/><E74/><V25/><F35/><W2/><G2/><T42/><D67/><U55/><E126/><V73/><F73/><W62/><G133/><T4/><D4/><U134/><E134/><V59/><F17/><W71/><G71/><T64/><D64/><U116/><E29/><V30/><F19/><W40/><G36/><T79/><D7/><U111/><E111/><N who="3" m="42538" /><G16/><T81/><D31/><U37/><E37/><V8/><F8/><W92/><G92/><T63/><REACH who="0" step="1"/><D28/><REACH who="0" ten="22,666,105,197" step="2"/><U33/><E94/><V52/><F30/><W127/><G127/><T32/><D32/><U102/><E69/><V11/><F11/><W65/><G65/><T60/><D60/><U96/><E76/><V46/><F61/><W83/><G62/><T88/><D88/><U120/><E13/><V23/><F90/><W85/><G24/><T112/><D112/><U132/><E132/><V75/><F26/><W115/><G27/><T113/><D113/><U44/><E33/><V117/><F25/><W128/><G115/><T124/><D124/><U114/><E114/><V131/><F12/><W104/><G128/><T89/><D89/><U21/><E120/><V0/><F0/><RYUUKYOKU ba="0,1" sc="22,30,666,-10,105,-10,197,-10" hai0="42,45,51,54,57,63,79,80,81,87,91,101,103" owari="52,-44.8,666,76.6,95,-30.5,187,-1.3" /></mjloggm>