<mjloggm ver="2.3"><GO type="225" lobby="0"/><UN n0="%E3%82%A6%E3%82%A9%E3%83%AB%E3%83%AD%E3%83%83%E3%83%88" n1="%E5%A4%9C%E5%85%89%E5%A4%A9%E6%A5%BC" n2="%E3%81%B5%E3%81%98%E3%81%8B%E3%81%A4" n3="%E6%A1%9C%E8%8A%B1%E9%96%83%E3%80%85" dan="17,16,17,16" rate="2141.09,2133.20,2199.90,2204.49" sx="M,F,M,M"/><TAIKYOKU oya="0"/><INIT seed="0,0,0,4,1,11" ten="250,250,250,250" oya="0" hai0="83,2,21,106,72,24,77,14,67,73,135,123,86" hai1="100,66,33,8,125,115,94,46,52,51,113,19,44" hai2="30,116,20,131,26,79,105,68,78,38,99,97,31" hai3="49,25,15,133,129,45,43,10,58,109,119,104,3"/><T59/><D123/><U9/><E125/><V110/><F68/><W63/><G119/><T69/><D2/><U5/><E33/><V70/><F116/><W130/><G109/><T32/><D106/><U57/><E19/><V35/><F110/><W120/><G120/><T85/><D69/><U41/><E66/><V111/><F111/><W124/><G3/><T87/><D135/><U0/><E9/><V101/><F38/><W60/><G124/><T132/><D132/><U80/><E80/><V18/><F131/><N who="3" m="50187" /><G133/><T36/><D32/><U92/><E46/><V6/><F6/><N who="3" m="3543" /><G104/><T55/><D36/><U64/><E64/><V88/><F70/><W39/><G25/><T126/><D67/><U17/><E17/><V114/><F114/><N who="1" m="43529" /><E100/><V47/><F31/><W127/><G127/><T128/><D126/><U29/><E29/><V102/><F102/><W108/><G108/><T27/><D128/><U13/><E0/><V40/><F35/><W107/><G107/><T112/><D112/><U76/><E76/><V22/><F30/><W37/><G37/><AGARI ba="0,0" hai="5,8,13,37,41,44,51,52,57,92,94" m="43529" machi="37" ten="30,3900,0" yaku="11,1,52,1,54,1" doraHai="11" who="1" fromWho="3" sc="250,0,250,39,250,0,250,-39" /><INIT seed="1,0,0,0,3,8" ten="250,289,250,211" oya="1" hai0="46,57,53,1,31,54,44,80,126,91,49,58,97" hai1="124,21,18,117,73,67,34,3,95,121,102,65,52" hai2="11,83,114,115,27,43,94,70,56,14,96,38,24" hai3="40,106,2,88,4,125,12,130,133,15,86,55,36"/><U39/><E117/><V98/><F70/><W90/><G125/><T29/><D1/><U129/><E121/><V45/><F83/><W69/><G130/><T37/><D126/><U66/><E124/><V9/><F56/><N who="0" m="21610" /><D37/><U132/><E73/><V89/><F9/><N who="3" m="4135" /><G106/><T17/><D17/><U20/><E34/><V47/><F98/><W120/><G36/><T23/><D23/><U61/><E3/><V101/><F101/><W62/><G69/><T35/><D35/><U42/><E129/><V113/><REACH who="2" step="1"/><F47/><REACH who="2" ten="250,289,240,211" step="2"/><W84/><G120/><T64/><D97/><N who="1" m="59711" /><E67/><V28/><F28/><W135/><G135/><T60/><D46/><U74/><E132/><V109/><F109/><W76/><G133/><T123/><D64/><U6/><E66/><V32/><F32/><W122/><G122/><T0/><D31/><U104/><E65/><V10/><F10/><W22/><G22/><T26/><D29/><U134/><E21/><V92/><F92/><W118/><G118/><T25/><D44/><U111/><E134/><V105/><F105/><W127/><G127/><T85/><D80/><U87/><E104/><V112/><N who="2" m="28672" /><DORA hai="79" /><V30/><F30/><W107/><G107/><T72/><D123/><U108/><E20/><V19/><AGARI ba="0,1" hai="11,14,19,24,27,38,43,45,89,94,96" m="28672" machi="19" ten="60,8000,1" yaku="1,1,0,1,11,1,52,1,53,0" doraHai="8,79" doraHaiUra="51,81" who="2" fromWho="2" sc="250,-20,289,-40,240,90,211,-20" /><INIT seed="2,0,0,5,0,45" ten="230,249,330,191" oya="2" hai0="78,125,135,40,17,88,114,38,5,13,42,110,70" hai1="29,129,3,72,66,56,58,123,65,57,22,35,124" hai2="49,31,84,87,98,113,97,95,52,8,73,37,121" hai3="14,77,24,21,69,25,47,120,127,68,82,11,60"/><V118/><F121/><W130/><G120/><T27/><D70/><U81/><E123/><V85/><F113/><W116/><G116/><T36/><D114/><U32/><E3/><V134/><F73/><W64/><G127/><T92/><D125/><U93/><E124/><V39/><F134/><W16/><G130/><T51/><D135/><U54/><E129/><V107/><F31/><W53/><G69/><T76/><D110/><U94/><E35/><V117/><F8/><W67/><G67/><N who="1" m="25610" /><E32/><V6/><F6/><W26/><G53/><T55/><D27/><N who="1" m="16631" /><E72/><V28/><F28/><W50/><G47/><N who="0" m="28159" /><D5/><U100/><E100/><V115/><F115/><W89/><G89/><T90/><D38/><U9/><E81/><V133/><F133/><W15/><G50/><T30/><D36/><U18/><E54/><V91/><F118/><W62/><G62/><T108/><D30/><U41/><E41/><N who="0" m="15977" /><D108/><U128/><E128/><V46/><REACH who="2" step="1"/><F117/><REACH who="2" ten="230,249,320,191" step="2"/><W103/><G103/><AGARI ba="0,1" hai="37,39,46,49,52,84,85,87,91,95,97,98,103,107" machi="103" ten="40,12000,1" yaku="1,1,2,1,52,1,54,1,53,1" doraHai="45" doraHaiUra="43" who="2" fromWho="3" sc="230,0,249,0,320,130,191,-120" /><INIT seed="2,1,0,5,4,38" ten="230,249,450,71" oya="2" hai0="21,3,120,62,70,133,88,105,33,19,126,65,123" hai1="64,108,40,135,1,67,63,45,5,49,27,96,85" hai2="10,101,46,7,51,80,43,98,29,132,116,83,106" hai3="41,14,31,110,72,111,71,94,113,55,131,15,54"/><V2/><F132/><W119/><G119/><T22/><D3/><U109/><E135/><V112/><F116/><W8/><G72/><T100/><D22/><U124/><E124/><V66/><F66/><W20/><G71/><T26/><D133/><U102/><E85/><V79/><F29/><W48/><G131/><T122/><D126/><U115/><E115/><V97/><F112/><W114/><G94/><T121/><N who="0" m="30720" /><DORA hai="107" /><T52/><D33/><U56/><E67/><V81/><REACH who="2" step="1"/><F98/><REACH who="2" ten="230,249,440,71" step="2"/><W11/><G31/><T6/><D65/><U4/><E108/><V125/><F125/><W24/><G114/><T77/><D70/><U17/><E109/><V28/><F28/><W23/><G113/><T127/><D127/><U59/><E64/><V69/><F69/><W37/><G111/><T57/><D6/><U92/><E5/><V61/><F61/><W95/><G110/><T47/><D62/><U86/><E63/><V36/><F36/><W82/><G37/><T18/><D18/><U13/><E4/><V103/><F103/><W118/><G118/><T32/><D100/><U128/><E17/><V0/><F0/><W58/><G55/><T73/><D52/><U117/><E117/><V42/><F42/><W25/><G41/><T93/><D19/><U99/><E40/><V68/><F68/><W50/><G54/><T104/><D32/><U129/><E102/><V78/><AGARI ba="1,1" hai="2,7,10,43,46,51,78,79,80,81,83,97,101,106" machi="78" ten="30,6000,0" yaku="1,1,0,1,52,1,53,0" doraHai="38,107" doraHaiUra="16,9" who="2" fromWho="2" sc="230,-21,249,-21,440,73,71,-21" /><INIT seed="2,2,0,2,1,82" ten="209,228,513,50" oya="2" hai0="34,43,69,37,45,42,29,124,54,131,22,19,93" hai1="102,77,100,27,106,96,109,8,24,95,135,28,68" hai2="76,52,110,127,133,7,128,91,119,14,36,97,98" hai3="41,107,39,20,104,89,2,64,62,12,81,79,92"/><V99/><F119/><W25/><G2/><T111/><D111/><U73/><E68/><V118/><F36/><W9/><G39/><T30/><D131/><U90/><E109/><V38/><F38/><W94/><G41/><T46/><D124/><U57/><E135/><V6/><F110/><W84/><G94/><T108/><D69/><U72/><E102/><V13/><F76/><W134/><G134/><T83/><D34/><U15/><E57/><V59/><F127/><W60/><G104/><T16/><D83/><U32/><E27/><V116/><F128/><W0/><G0/><T123/><D108/><U130/><E77/><V26/><F26/><W113/><G64/><T85/><D54/><U87/><REACH who="1" step="1"/><E130/><REACH who="1" ten="209,218,513,50" step="2"/><V120/><F133/><W74/><G107/><T44/><D37/><U67/><E67/><V126/><F59/><W56/><G56/><T112/><D112/><U105/><E105/><V66/><F66/><W11/><G113/><T132/><D132/><U23/><E23/><V71/><F71/><W18/><REACH who="3" step="1"/><G9/><REACH who="3" ten="209,218,513,40" step="2"/><T47/><D43/><U49/><E49/><V86/><F118/><W115/><G115/><T75/><D42/><U114/><E114/><V55/><F116/><W58/><G58/><T65/><D65/><U3/><E3/><V31/><F126/><W70/><G70/><T17/><D44/><U33/><E33/><V103/><F103/><W122/><G122/><T48/><D123/><U88/><E88/><V40/><F91/><W78/><G78/><T80/><D47/><U51/><E51/><V4/><F120/><W121/><G121/><RYUUKYOKU ba="2,2" sc="209,-15,218,15,513,-15,40,15" hai1="8,15,24,28,32,72,73,87,90,95,96,100,106" hai3="11,12,18,20,25,60,62,74,79,81,84,89,92" /><INIT seed="3,3,2,3,4,58" ten="194,233,498,55" oya="3" hai0="7,4,18,90,128,72,3,107,63,34,98,116,125" hai1="111,123,23,99,74,81,38,54,25,76,50,106,67" hai2="40,29,95,102,39,118,78,92,49,96,119,120,59" hai3="35,103,135,75,83,124,47,132,114,89,133,66,70"/><W46/><G114/><T61/><D72/><U134/><E38/><V15/><F39/><W48/><G124/><T22/><D34/><U17/><E123/><V10/><F78/><N who="3" m="44511" /><G35/><T65/><D116/><U85/><E106/><V27/><F120/><W8/><G103/><T105/><D125/><U100/><E74/><V84/><F95/><W1/><G89/><T0/><D90/><U52/><E134/><N who="3" m="34306" /><W126/><DORA hai="28" /><G126/><T32/><D32/><U21/><E100/><V131/><F102/><W101/><G101/><T129/><D98/><U9/><E99/><V91/><F96/><W108/><G108/><T51/><D107/><U82/><E111/><V30/><F119/><W37/><G37/><T93/><D105/><U20/><E82/><V73/><F91/><W113/><G113/><T86/><D93/><U45/><E81/><V69/><F118/><W12/><G1/><T2/><D0/><U130/><E85/><V88/><F84/><W117/><G117/><T79/><D86/><U94/><E94/><V115/><F92/><W13/><G8/><T77/><D2/><U41/><E9/><V60/><F10/><W62/><G46/><T44/><D44/><U36/><E36/><V127/><F115/><W19/><G19/><T14/><D18/><U43/><E76/><V53/><F88/><W80/><G80/><T121/><D79/><U11/><E11/><V6/><F127/><W122/><G122/><T87/><D77/><U24/><E17/><V56/><F73/><W5/><G5/><T68/><D7/><U110/><E110/><V31/><F6/><RYUUKYOKU ba="3,2" sc="194,-10,233,-10,498,-10,55,30" hai3="12,13,47,48,62,66,70" /><INIT seed="3,4,2,4,4,16" ten="184,223,488,85" oya="3" hai0="131,22,17,124,115,12,46,42,2,68,132,109,123" hai1="36,44,93,62,38,81,63,50,104,74,116,80,120" hai2="66,88,9,30,14,59,32,101,52,19,112,51,48" hai3="49,11,130,4,111,114,90,10,99,28,26,102,67"/><W45/><G114/><T20/><D68/><U40/><E104/><V47/><F112/><W122/><G122/><T53/><D123/><U13/><E38/><V100/><F32/><W79/><G130/><T73/><D115/><U25/><E120/><V113/><F30/><W55/><G111/><T106/><D2/><U119/><E74/><V7/><F7/><W71/><G79/><T31/><D106/><U58/><E36/><V1/><F1/><W96/><G90/><T65/><D73/><U6/><E93/><V98/><F113/><W21/><G102/><T135/><D65/><N who="1" m="39127" /><E63/><N who="2" m="38271" /><F48/><W94/><G94/><AGARI ba="4,2" hai="9,14,19,47,51,52,88,94,98,100,101" m="38271" machi="94" ten="30,3900,0" yaku="8,1,54,2" doraHai="16" who="2" fromWho="3" sc="184,0,223,0,488,71,85,-51" owari="184,-21.6,223,2.3,559,65.9,34,-46.6" /></mjloggm>