<mjloggm ver="2.3"><GO type="225" lobby="0"/><UN n0="%72%69%6F%75%63%68%61%6E" n1="%E3%81%BF%E3%81%BF%E3%81%9A" n2="%61%6D%65%6B%69" n3="%E6%81%A5%E6%99%92%E3%81%97" dan="16,18,16,16" rate="2176.84,2220.88,2083.10,2079.38" sx="M,M,M,M"/><TAIKYOKU oya="0"/><INIT seed="0,0,0,2,1,114" ten="250,250,250,250" oya="0" hai0="21,31,84,43,22,109,108,95,67,27,120,57,106" hai1="42,34,24,104,85,103,18,73,56,12,130,116,2" hai2="11,37,126,10,70,93,79,132,90,51,94,46,89" hai3="121,40,123,15,17,8,23,3,125,128,122,14,131"/><T49/><D120/><U36/><E73/><V5/><F37/><W102/><G102/><T33/><D106/><U9/><E130/><N who="3" m="49706" /><G40/><T35/><D67/><U133/><E133/><V119/><F70/><W44/><G44/><T4/><D4/><U88/><E2/><V26/><F126/><W48/><G48/><T52/><D43/><U75/><E75/><V112/><F132/><W0/><G125/><T66/><D66/><U107/><E103/><V134/><F112/><W101/><G101/><T32/><REACH who="0" step="1"/><D22/><REACH who="0" ten="240,250,250,250" step="2"/><U39/><E107/><V110/><F134/><W30/><G30/><T13/><D13/><U71/><E104/><V100/><F26/><W135/><G135/><T76/><D76/><U25/><E42/><V77/><F79/><W1/><G15/><T50/><D50/><U86/><E39/><V87/><F77/><W115/><G115/><T45/><D45/><U118/><E36/><V41/><F41/><W62/><G62/><T113/><D113/><U55/><E25/><V19/><F46/><W91/><G91/><AGARI ba="0,1" hai="21,27,31,32,33,35,49,52,57,84,91,95,108,109" machi="91" ten="50,4800,0" yaku="1,1,54,1,53,0" doraHai="114" doraHaiUra="7" who="0" fromWho="3" sc="240,58,250,0,250,0,250,-48" /><INIT seed="0,1,0,3,0,68" ten="298,250,250,202" oya="0" hai0="92,94,123,25,8,30,81,20,74,39,9,45,109" hai1="111,38,73,86,0,19,3,135,18,41,71,33,7" hai2="1,108,101,124,56,6,103,63,79,118,78,35,80" hai3="119,16,87,11,89,44,14,114,121,36,82,62,40"/><T128/><D123/><U126/><E73/><V24/><F108/><W106/><G114/><T54/><D128/><U21/><E71/><V95/><F124/><W47/><G119/><T48/><D109/><U13/><E111/><V91/><F1/><W34/><G121/><T12/><D8/><U70/><E70/><V23/><F6/><W72/><G106/><T98/><D39/><U31/><E126/><V15/><F15/><W22/><G34/><T65/><D65/><U29/><E86/><V115/><F35/><W122/><G122/><T10/><D10/><U93/><E93/><V52/><F115/><W84/><G72/><T76/><REACH who="0" step="1"/><D98/><REACH who="0" ten="288,250,250,202" step="2"/><U43/><E38/><V69/><F118/><W133/><G11/><T102/><D102/><U113/><E113/><V116/><F116/><W96/><G96/><T67/><D67/><U66/><E66/><V27/><F69/><W97/><G97/><T59/><D59/><U132/><E7/><AGARI ba="1,1" hai="7,9,12,20,25,30,45,48,54,74,76,81,92,94" machi="7" ten="30,5800,0" yaku="1,1,7,1,53,1" doraHai="68" doraHaiUra="75" who="0" fromWho="1" sc="288,71,250,-61,250,0,202,0" /><INIT seed="0,2,0,1,2,12" ten="359,189,250,202" oya="0" hai0="126,133,59,83,67,97,53,110,3,107,47,34,124" hai1="122,91,129,135,24,19,39,11,57,46,121,55,92" hai2="22,56,105,103,104,61,15,4,134,23,87,20,45" hai3="70,76,13,38,116,9,18,68,62,0,84,43,37"/><T69/><D3/><U120/><E129/><V75/><F75/><W27/><G116/><T32/><D133/><U26/><E135/><V58/><F134/><W30/><G0/><T93/><D107/><U66/><E66/><V8/><F103/><W82/><G43/><T72/><D110/><U100/><E100/><V125/><F125/><W109/><G109/><T108/><D108/><U64/><E64/><V128/><F128/><W74/><G74/><T85/><D72/><U36/><E46/><V51/><F87/><W35/><REACH who="3" step="1"/><G62/><REACH who="3" ten="359,189,250,192" step="2"/><N who="0" m="38367" /><D69/><AGARI ba="2,1" hai="9,13,18,27,30,35,37,38,68,69,70,76,82,84" machi="69" ten="40,2600,0" yaku="1,1,52,1,53,0" doraHai="12" doraHaiUra="50" who="3" fromWho="0" sc="359,-32,189,0,250,0,192,42" /><INIT seed="1,0,0,2,5,79" ten="327,189,250,234" oya="1" hai0="98,35,31,17,115,77,108,107,27,46,20,110,105" hai1="60,30,47,129,134,97,3,13,123,88,68,109,7" hai2="10,54,89,41,53,9,49,113,33,114,80,52,120" hai3="44,51,39,66,59,102,58,69,90,34,117,86,96"/><U131/><E123/><V0/><F33/><W83/><G117/><T126/><D115/><N who="2" m="44042" /><F120/><W62/><G34/><T26/><D126/><U76/><E134/><V124/><F124/><W112/><G39/><T103/><D77/><U43/><E3/><V36/><F36/><W42/><REACH who="3" step="1"/><G112/><REACH who="3" ten="327,189,250,224" step="2"/><T132/><D132/><U93/><E131/><V63/><F63/><W6/><G6/><T16/><D107/><AGARI ba="0,1" hai="42,44,51,58,59,62,66,69,83,86,90,96,102,107" machi="107" ten="30,3900,0" yaku="1,1,7,1,52,1,53,0" doraHai="79" doraHaiUra="130" who="3" fromWho="0" sc="327,-39,189,0,250,0,224,49" /><INIT seed="2,0,0,4,2,77" ten="288,189,250,273" oya="2" hai0="113,20,86,49,127,120,126,74,81,5,22,72,45" hai1="118,66,101,39,65,88,108,105,73,102,130,4,100" hai2="26,38,41,30,60,1,37,129,9,36,34,132,63" hai3="91,122,58,16,51,3,99,52,69,110,56,124,87"/><V8/><F129/><W76/><G122/><T57/><D120/><U50/><E118/><V7/><F132/><W114/><G69/><T133/><D113/><U95/><E39/><V89/><F41/><W35/><G3/><T111/><D111/><U55/><E108/><V109/><F109/><W11/><G110/><T98/><D133/><U48/><E130/><V62/><F9/><W90/><G124/><N who="0" m="47659" /><D57/><U85/><E4/><V134/><F134/><W40/><G35/><T96/><D5/><U123/><E123/><V61/><N who="2" m="15360" /><DORA hai="53" /><V18/><F18/><W23/><G40/><N who="0" m="24743" /><D98/><U117/><E117/><V46/><F46/><N who="3" m="27767" /><G11/><T116/><D96/><U106/><E73/><N who="0" m="28265" /><D116/><U2/><E2/><V6/><F6/><W25/><G114/><T82/><D82/><U78/><E78/><AGARI ba="0,0" hai="20,22,78,81,86" m="28265,24743,47659" machi="78" ten="30,2000,0" yaku="18,1,52,1" doraHai="77,53" who="0" fromWho="1" sc="288,20,189,-20,250,0,273,0" /><INIT seed="3,0,0,3,3,3" ten="308,169,250,273" oya="3" hai0="5,37,68,62,35,133,33,49,92,132,23,106,27" hai1="101,87,99,43,78,81,7,74,119,19,12,25,61" hai2="91,51,60,53,47,97,114,38,109,52,125,118,1" hai3="135,11,107,34,85,31,6,10,48,63,15,93,14"/><W0/><G107/><T117/><D106/><U58/><E119/><V122/><F1/><W50/><G135/><N who="0" m="51787" /><D37/><U88/><E43/><V120/><F97/><W96/><G0/><T128/><D128/><U40/><E40/><N who="2" m="22935" /><F91/><W4/><G85/><T98/><D117/><U36/><E36/><V55/><F118/><W16/><G4/><T126/><D126/><U71/><E71/><V24/><F24/><W121/><G121/><N who="2" m="46697" /><F114/><W9/><G9/><T83/><D5/><U64/><E25/><V76/><F76/><W13/><G13/><T94/><D49/><N who="3" m="19049" /><G34/><N who="0" m="12811" /><D83/><U39/><E39/><V105/><F105/><W82/><G82/><T124/><D124/><U18/><E74/><V131/><F125/><W45/><G31/><N who="0" m="17919" /><D98/><U20/><E19/><V108/><F131/><W129/><G129/><T73/><D73/><U130/><E130/><V112/><F112/><W41/><G41/><T77/><D77/><U2/><E2/><V54/><F60/><W28/><G63/><T127/><D127/><U59/><E7/><V115/><F115/><W8/><G28/><T103/><D103/><U134/><E134/><V80/><F80/><W116/><G116/><T90/><D90/><U32/><E32/><V69/><F69/><W100/><G10/><T102/><D102/><U66/><E78/><V29/><F29/><W22/><G11/><T110/><D110/><U123/><E123/><V70/><F70/><W95/><G95/><T30/><D30/><U89/><E89/><V67/><F67/><AGARI ba="0,0" hai="62,67,68,92,94" m="17919,12811,51787" machi="67" ten="30,1000,0" yaku="20,1" doraHai="3" who="0" fromWho="2" sc="308,10,169,0,250,-10,273,0" owari="318,41.8,169,-33.1,240,-16.0,273,7.3" /></mjloggm>