<mjloggm ver="2.3"><GO type="225" lobby="0"/><UN n0="%E3%81%B5%E3%81%98%E3%81%8B%E3%81%A4" n1="%E5%A4%9C%E5%85%89%E5%A4%A9%E6%A5%BC" n2="%E6%9D%B1%E9%A2%A8%E3%81%AE%E3%81%8D%E3%82%83%E3%81%B7%E3%81%95%E3%82%93" n3="%73%75%7A%75%6D%65%33" dan="17,16,17,17" rate="2207.53,2119.23,2190.95,2258.36" sx="M,F,M,M"/><TAIKYOKU oya="0"/><INIT seed="0,0,0,1,3,96" ten="250,250,250,250" oya="0" hai0="94,7,44,34,118,114,22,132,62,63,122,84,40" hai1="86,119,35,11,76,52,19,107,38,21,74,15,4" hai2="54,25,57,113,36,53,78,33,128,75,2,68,127" hai3="110,112,16,99,45,14,20,47,31,124,37,0,82"/><T64/><D118/><U24/><E119/><V17/><F68/><W129/><G112/><T81/><D122/><U134/><E38/><V85/><F36/><W48/><G110/><T104/><D114/><U116/><E116/><V39/><F39/><W3/><G129/><T70/><D104/><U9/><E107/><V103/><F2/><W79/><G124/><T87/><D34/><U27/><E74/><V135/><F75/><W58/><G99/><T90/><D132/><U121/><E121/><V26/><F113/><W71/><G71/><T42/><D63/><U6/><E35/><V41/><F41/><W109/><G109/><T18/><D7/><N who="1" m="2603" /><E52/><V13/><F128/><W108/><G108/><T73/><D73/><U93/><E93/><V46/><F135/><W95/><G95/><T106/><D44/><U115/><E115/><V55/><F127/><W28/><G0/><T83/><D106/><U10/><E134/><V59/><F46/><N who="3" m="17419" /><G37/><T50/><D50/><U92/><E92/><V66/><F33/><W120/><G3/><T43/><REACH who="0" step="1"/><D87/><REACH who="0" ten="240,250,250,250" step="2"/><U60/><E60/><V29/><F85/><N who="3" m="48351" /><G120/><T125/><D125/><U111/><E111/><V130/><F130/><W51/><G51/><T91/><D91/><U97/><E86/><V98/><F78/><W126/><G126/><T89/><D89/><U117/><E76/><V8/><F57/><W77/><G77/><T131/><D131/><U1/><E117/><V123/><F123/><W101/><G101/><T67/><D67/><U88/><E1/><V12/><F103/><W65/><G48/><T105/><D105/><RYUUKYOKU ba="0,1" sc="240,10,250,10,250,-30,250,10" hai0="18,22,40,42,43,62,64,70,81,83,84,90,94" hai1="9,10,11,15,19,21,24,27,88,97" hai3="14,16,20,28,31,58,65" /><INIT seed="0,1,1,3,5,4" ten="250,260,220,260" oya="0" hai0="23,56,96,109,101,74,70,0,134,58,36,129,12" hai1="30,72,55,122,37,85,76,91,63,99,65,25,105" hai2="29,89,83,26,135,7,21,82,131,39,67,1,78" hai3="35,86,46,112,130,16,106,132,50,11,45,87,22"/><T40/><D134/><U77/><E122/><V68/><F135/><W19/><G112/><T126/><D126/><U47/><E72/><V98/><F131/><W120/><G35/><T88/><D129/><U9/><E105/><V92/><F39/><W113/><G113/><T71/><D0/><U81/><E99/><V20/><F20/><W73/><G73/><T100/><D74/><U38/><E38/><V111/><F111/><W108/><G106/><T17/><D109/><U14/><E55/><V104/><F104/><W57/><G108/><T114/><D114/><U48/><E37/><V41/><F41/><W54/><G130/><T110/><D110/><U44/><E48/><V116/><F116/><W60/><G120/><T62/><D71/><U6/><E77/><V127/><F127/><W95/><G95/><N who="0" m="56423" /><D36/><U125/><E76/><V107/><F107/><W31/><G46/><T61/><D40/><U69/><REACH who="1" step="1"/><E125/><REACH who="1" ten="250,250,220,260" step="2"/><V52/><F52/><N who="3" m="29775" /><G132/><T124/><D124/><U34/><AGARI ba="1,2" hai="6,9,14,25,30,34,44,47,63,65,69,81,85,91" machi="34" ten="20,5200,0" yaku="1,1,0,1,7,1,52,1,53,0" doraHai="4" doraHaiUra="51" who="1" fromWho="1" sc="250,-27,250,75,220,-14,260,-14" /><INIT seed="1,0,0,3,4,36" ten="223,325,206,246" oya="1" hai0="111,15,0,123,52,122,48,38,104,128,5,86,87" hai1="99,90,131,16,85,50,28,39,105,59,84,20,97" hai2="82,107,120,25,65,54,72,35,51,63,106,24,98" hai3="77,34,4,32,66,61,132,130,67,42,71,83,44"/><U75/><E75/><V6/><F120/><N who="0" m="46122" /><D111/><U9/><E39/><V133/><F133/><W113/><G132/><T135/><D135/><U118/><E118/><V33/><F6/><W134/><G134/><T31/><D128/><U47/><E59/><V110/><F110/><W79/><G113/><T76/><D104/><U89/><E28/><V124/><F124/><W10/><G67/><T17/><D31/><U62/><E9/><V119/><F119/><W46/><G46/><N who="0" m="27671" /><D76/><U129/><E105/><V56/><F72/><N who="3" m="43431" /><G79/><T121/><D38/><U94/><E129/><V102/><F82/><W13/><G13/><T27/><D27/><N who="1" m="14727" /><E62/><V18/><F107/><W81/><G81/><T11/><N who="0" m="46130" /><T45/><DORA hai="14" /><D45/><U109/><E109/><V125/><F125/><W69/><G130/><T2/><D2/><U108/><E131/><V126/><F126/><W40/><G44/><T91/><D91/><U95/><E108/><V1/><F1/><W96/><G34/><T116/><D116/><U60/><E60/><V55/><F25/><W7/><G32/><T112/><D112/><U19/><E47/><N who="2" m="28031" /><F65/><W68/><G66/><T49/><D49/><U30/><E50/><V117/><F117/><W115/><G115/><T78/><D78/><U88/><E30/><N who="2" m="19655" /><F35/><W93/><G61/><T12/><D0/><U23/><E90/><V22/><F22/><AGARI ba="0,0" hai="5,11,12,15,17,22,86,87" m="27671,46130" machi="22" ten="40,5200,0" yaku="13,1,52,1,54,1" doraHai="36,14" who="0" fromWho="2" sc="223,52,325,0,206,-52,246,0" /><INIT seed="2,0,0,4,3,131" ten="275,325,154,246" oya="2" hai0="42,88,5,38,58,71,63,29,129,56,53,46,52" hai1="21,25,11,117,126,111,108,33,100,77,130,115,27" hai2="36,94,73,48,24,54,43,119,128,8,125,124,116" hai3="76,51,74,85,112,32,109,37,64,59,61,104,82"/><V28/><F73/><W105/><G37/><T17/><D129/><U134/><E130/><V66/><F94/><W18/><G32/><T97/><D71/><U10/><E115/><V65/><F8/><N who="1" m="3113" /><E117/><N who="2" m="45131" /><F24/><N who="1" m="9289" /><E100/><V101/><F101/><W45/><G112/><T40/><D17/><U86/><E33/><V4/><F28/><W35/><G35/><T34/><D34/><U90/><E77/><V6/><F6/><W95/><G18/><T80/><D40/><U15/><E15/><V70/><F4/><W57/><G57/><T60/><D5/><U78/><E78/><V0/><F0/><W122/><G122/><T16/><D16/><U50/><E21/><V72/><F72/><W107/><G109/><N who="1" m="42058" /><E50/><V83/><F83/><W103/><G103/><T113/><D113/><U75/><E75/><V47/><F128/><W121/><G121/><T31/><D80/><U87/><E90/><V93/><F93/><AGARI ba="0,0" hai="29,31,38,42,46,52,53,56,58,60,63,88,93,97" machi="93" ten="40,5200,0" yaku="9,1,54,2" doraHai="131" who="0" fromWho="2" sc="275,52,325,0,154,-52,246,0" /><INIT seed="3,0,0,4,0,121" ten="327,325,102,246" oya="3" hai0="115,1,100,33,38,105,32,106,135,110,128,12,6" hai1="71,19,127,76,81,67,62,18,131,54,77,69,93" hai2="11,31,132,29,45,123,133,98,124,114,53,16,37" hai3="17,79,10,0,126,68,117,108,55,3,92,44,48"/><W119/><G68/><T107/><D12/><U112/><E112/><V21/><F98/><W75/><G126/><T13/><D13/><U20/><E127/><V30/><F37/><W51/><G17/><T89/><D89/><U61/><E131/><V85/><F85/><W24/><G24/><T104/><D115/><U63/><E71/><V5/><F45/><W27/><G27/><T26/><D128/><U111/><E111/><V73/><F53/><W36/><G36/><T50/><D50/><U28/><E67/><V66/><F66/><W90/><G108/><T15/><D15/><U65/><E65/><V57/><F57/><W99/><G51/><T25/><D110/><U70/><E70/><V39/><F73/><W101/><G101/><T64/><D64/><U87/><E77/><V78/><F78/><W59/><G44/><T82/><D82/><U4/><E4/><V83/><F83/><W97/><G97/><N who="0" m="61455" /><D135/><N who="2" m="51786" /><F39/><W43/><G43/><T14/><D14/><U56/><E93/><V95/><F95/><W113/><G113/><T42/><D26/><N who="1" m="16455" /><E69/><V74/><F74/><W80/><REACH who="3" step="1"/><G10/><REACH who="3" ten="327,325,102,236" step="2"/><N who="0" m="2383" /><D25/><U130/><E130/><V122/><F124/><W46/><G46/><AGARI ba="0,1" hai="32,33,38,42,46,105,106,107" m="2383,61455" machi="46" ten="30,2000,0" yaku="33,2" doraHai="121" who="0" fromWho="3" sc="327,30,325,0,102,0,236,-20" owari="357,45.7,325,12.5,102,-39.8,216,-18.4" /></mjloggm>