<mjloggm ver="2.3"><GO type="225" lobby="0"/><UN n0="%E7%82%8E%E3%83%8E%E6%9C%B1%E9%9B%80" n1="%E3%81%A4%E3%81%A3%E3%81%B1%E3%82%8A%E3%83%9D%E3%83%BC%E3%83%AB" n2="%6D%75%75%73%61%6E%6D%75" n3="%E6%A1%9C%E8%8A%B1%E9%96%83%E3%80%85" dan="16,17,16,16" rate="2157.74,2240.36,2131.80,2205.62" sx="M,M,F,M"/><TAIKYOKU oya="0"/><INIT seed="0,0,0,3,2,62" ten="250,250,250,250" oya="0" hai0="31,117,72,131,104,99,70,105,75,80,69,93,61" hai1="30,64,109,28,27,82,66,53,76,12,4,60,113" hai2="128,63,10,119,36,1,88,37,13,55,129,92,100" hai3="17,25,124,74,59,24,85,58,118,133,8,73,135"/><T111/><D117/><U54/><E109/><V51/><F119/><W11/><G118/><T39/><D111/><U41/><E113/><V35/><F35/><W65/><G85/><T116/><D116/><U40/><E76/><V79/><F100/><W121/><G17/><T108/><D108/><U126/><E82/><V106/><F1/><W122/><G124/><T20/><D131/><N who="2" m="50250" /><F63/><W0/><G0/><T19/><D39/><U6/><E60/><V52/><F106/><W29/><G29/><T21/><D31/><U43/><E43/><V47/><F55/><W16/><G16/><T7/><D7/><U114/><E12/><V112/><F79/><W34/><G34/><T23/><D19/><U5/><E5/><N who="2" m="3279" /><F112/><W68/><G68/><T90/><D70/><U48/><E114/><V123/><F123/><W50/><G50/><T125/><D125/><U87/><E48/><V46/><F46/><W26/><G26/><T77/><REACH who="0" step="1"/><D75/><REACH who="0" ten="240,250,250,250" step="2"/><U71/><E71/><V9/><F9/><W98/><G98/><AGARI ba="0,1" hai="36,37,47,51,52,88,92,98" m="3279,50250" machi="98" ten="30,3900,0" yaku="19,1,54,2" doraHai="62" who="2" fromWho="3" sc="240,0,250,0,250,49,250,-39" /><INIT seed="1,0,0,1,3,115" ten="240,250,299,211" oya="1" hai0="107,14,41,25,18,1,75,37,92,81,22,53,24" hai1="21,91,2,108,44,48,134,47,103,16,64,101,56" hai2="71,17,29,123,20,10,31,95,83,36,102,67,66" hai3="57,121,35,76,11,5,40,74,84,79,43,59,122"/><U111/><E2/><V6/><F123/><W93/><G35/><T60/><D107/><U87/><E134/><V27/><F36/><W113/><G74/><T8/><D92/><N who="1" m="54399" /><E64/><N who="2" m="24619" /><F71/><W50/><G113/><T127/><D127/><U116/><E56/><V34/><F34/><W109/><G109/><N who="1" m="42058" /><E116/><V19/><F83/><W63/><G63/><T54/><D60/><U65/><E65/><V82/><F82/><W85/><G57/><T39/><D54/><N who="1" m="29959" /><E47/><V118/><F118/><W68/><G59/><T58/><D58/><U12/><AGARI ba="0,0" hai="12,16,21,101,103" m="29959,42058,54399" machi="12" ten="30,6000,0" yaku="14,1,10,1,54,1" doraHai="115" who="1" fromWho="1" sc="240,-20,250,60,299,-20,211,-20" /><INIT seed="1,1,0,2,3,89" ten="220,310,279,191" oya="1" hai0="116,29,126,108,94,82,4,79,27,134,6,67,112" hai1="104,115,111,9,49,14,87,76,132,52,88,106,97" hai2="28,130,36,55,62,41,107,90,32,56,8,75,48" hai3="122,44,59,99,51,23,3,80,20,125,61,43,22"/><U12/><E115/><V114/><F114/><W21/><G122/><T17/><D112/><U93/><E132/><V113/><F113/><W78/><G125/><T50/><D116/><U0/><E0/><V127/><F127/><W135/><G135/><T77/><D126/><U64/><E64/><V69/><F130/><W120/><G3/><T103/><D134/><U68/><E68/><V102/><F75/><W100/><G120/><T133/><D133/><U121/><E121/><V74/><F74/><W72/><G21/><N who="0" m="15599" /><D108/><U35/><E35/><V38/><F8/><W10/><G10/><T131/><D131/><U54/><E54/><V83/><F83/><W63/><REACH who="3" step="1"/><G59/><REACH who="3" ten="220,310,279,181" step="2"/><T81/><D67/><U1/><E1/><V96/><F56/><W34/><G34/><T15/><D50/><U65/><E9/><V40/><F48/><W25/><G25/><T31/><D31/><U42/><E65/><V123/><F28/><W24/><G24/><T118/><D118/><U53/><E14/><V37/><F32/><W128/><G128/><T71/><D71/><U129/><E12/><V66/><F69/><W7/><G7/><N who="0" m="2603" /><D15/><U16/><E129/><V45/><F66/><W70/><G70/><T2/><D2/><U13/><E13/><V60/><F123/><W110/><G110/><T33/><D33/><U91/><E111/><V73/><F37/><W47/><G47/><T58/><D58/><U30/><E30/><V84/><F36/><W95/><AGARI ba="1,1" hai="20,22,23,43,44,51,61,63,72,78,80,95,99,100" machi="95" ten="30,4000,0" yaku="1,1,0,1,52,1,53,0" doraHai="89" doraHaiUra="5" who="3" fromWho="3" sc="220,-11,310,-21,279,-11,181,53" /><INIT seed="2,0,0,1,5,92" ten="209,289,268,234" oya="2" hai0="23,24,110,131,11,18,52,12,108,61,72,75,14" hai1="99,25,65,118,20,51,96,124,50,83,45,82,4" hai2="102,55,109,107,43,29,94,49,66,120,93,44,119" hai3="135,48,74,69,85,103,100,0,1,2,88,64,81"/><V8/><F119/><W10/><G135/><T123/><D123/><U57/><E118/><V38/><F120/><W13/><G48/><N who="1" m="18474" /><E4/><V70/><F109/><N who="0" m="42090" /><D131/><U125/><E45/><V16/><F29/><W68/><G74/><N who="0" m="28203" /><D11/><U73/><E73/><V127/><F127/><N who="1" m="48713" /><E57/><AGARI ba="0,0" hai="12,14,18,23,24,52,57,61" m="28203,42090" machi="57" ten="30,2000,0" yaku="14,1,54,1" doraHai="92" who="0" fromWho="1" sc="209,20,289,-20,268,0,234,0" /><INIT seed="3,0,0,1,3,92" ten="229,269,268,234" oya="3" hai0="52,101,113,19,73,46,31,35,25,61,70,51,117" hai1="110,99,64,30,26,54,135,8,127,68,13,90,59" hai2="22,89,105,21,121,76,119,71,80,74,81,130,17" hai3="84,45,95,86,112,40,128,38,3,39,7,65,48"/><W93/><G112/><T56/><D117/><U15/><E110/><V12/><F119/><W10/><G128/><T107/><D113/><U67/><E135/><V11/><F130/><W109/><G109/><T96/><D73/><U2/><E2/><V106/><F71/><W24/><G65/><N who="0" m="41263" /><D19/><U72/><E127/><V134/><F134/><W103/><G24/><T122/><D122/><U77/><E68/><V69/><F69/><W123/><G123/><T116/><D116/><U42/><E42/><V29/><F121/><W115/><G115/><T98/><D98/><U6/><E77/><V57/><F57/><AGARI ba="0,0" hai="25,31,35,46,51,52,56,57,96,101,107" m="41263" machi="57" ten="30,3900,0" yaku="25,1,52,1,54,1" doraHai="92" who="0" fromWho="2" sc="229,39,269,0,268,-39,234,0" /><INIT seed="4,0,0,3,4,110" ten="268,269,229,234" oya="0" hai0="52,91,8,23,24,135,45,1,66,18,80,25,71" hai1="81,72,4,94,53,20,70,76,104,134,28,39,19" hai2="30,47,90,120,89,75,0,64,85,31,6,7,29" hai3="36,115,15,84,128,10,83,101,49,2,119,88,17"/><T133/><D66/><U51/><E134/><N who="0" m="51209" /><D71/><U54/><E104/><V42/><F75/><W11/><G119/><T61/><D25/><U118/><E118/><V34/><F120/><W125/><G36/><T74/><D91/><U114/><E39/><V22/><F34/><W43/><G125/><T68/><D68/><U16/><E70/><V100/><F64/><W48/><G128/><T98/><D98/><U3/><E4/><V57/><F57/><W103/><G115/><T56/><D45/><U130/><E3/><V40/><F0/><W67/><G67/><T132/><N who="0" m="51217" /><T95/><DORA hai="105" /><D95/><U27/><E130/><V77/><F100/><W69/><G69/><T21/><D21/><U112/><E94/><V46/><F22/><W99/><G103/><T79/><D8/><U129/><E129/><V37/><F77/><W13/><G101/><T108/><D1/><U113/><E54/><V107/><F107/><W38/><G99/><T126/><D108/><U58/><AGARI ba="0,0" hai="16,19,20,27,28,51,53,58,72,76,81,112,113,114" machi="58" ten="30,16000,3" yaku="0,1,15,1,11,1,52,4,54,1" doraHai="110,105" who="1" fromWho="1" sc="268,-80,269,160,229,-40,234,-40" owari="188,-31.2,429,52.9,189,-21.1,194,-0.6" /></mjloggm>