<mjloggm ver="2.3"><GO type="225" lobby="0"/><UN n0="%48%61%61%61%6C%61%6E%64" n1="%E3%81%8F%E3%82%8A%E3%83%94%E3%83%BC" n2="%72%69%6F%75%63%68%61%6E" n3="%73%61%6E%64%69%72%69%73" dan="17,16,17,16" rate="2235.42,2073.04,2285.50,2155.11" sx="M,M,M,M"/><TAIKYOKU oya="0"/><INIT seed="0,0,0,0,2,94" ten="250,250,250,250" oya="0" hai0="129,6,41,28,48,36,59,11,55,37,92,13,43" hai1="18,115,117,15,45,109,8,72,78,20,30,107,76" hai2="103,51,125,88,98,124,111,65,26,118,17,12,66" hai3="95,126,19,40,0,60,89,90,116,1,99,110,133"/><T52/><D129/><U108/><E117/><V69/><F111/><N who="1" m="42569" /><E115/><V35/><F118/><W123/><G116/><T71/><D71/><U134/><E72/><V31/><F51/><W14/><G110/><T63/><D28/><U54/><E107/><V22/><F88/><W9/><G126/><N who="2" m="48745" /><F69/><W7/><G133/><T119/><D119/><U70/><E70/><V121/><F121/><W25/><G123/><T93/><D37/><U100/><E100/><V49/><F49/><W2/><G40/><N who="0" m="15435" /><D36/><U132/><E54/><V84/><F84/><W44/><G44/><AGARI ba="0,0" hai="6,11,13,44,48,52,55,59,63,92,93" m="15435" machi="44" ten="30,2900,0" yaku="8,1,54,1" doraHai="94" who="0" fromWho="3" sc="250,29,250,0,250,0,250,-29" /><INIT seed="0,1,0,2,0,28" ten="279,250,250,221" oya="0" hai0="63,40,120,20,122,85,91,119,76,42,53,103,72" hai1="38,66,18,113,14,134,2,101,104,127,99,55,115" hai2="132,61,41,109,7,125,49,121,133,118,10,54,81" hai3="102,22,37,107,0,71,26,116,56,32,90,67,43"/><T16/><D119/><U48/><E38/><V15/><F109/><W112/><G112/><N who="1" m="43082" /><E2/><V46/><F125/><W36/><G56/><N who="0" m="35215" /><D72/><U34/><E66/><V4/><F121/><W129/><G90/><T1/><D1/><U89/><E89/><V79/><F118/><W84/><G84/><T73/><D73/><U11/><E134/><V69/><F4/><W68/><G22/><T80/><D122/><U128/><E128/><V58/><REACH who="2" step="1"/><F69/><REACH who="2" ten="279,250,240,221" step="2"/><W94/><G71/><T114/><D120/><U82/><E127/><V19/><F19/><W111/><G68/><T13/><D114/><U23/><E18/><V30/><F30/><W60/><G111/><T51/><D103/><U12/><E101/><V130/><F130/><W27/><G129/><T83/><D16/><U64/><E12/><V31/><F31/><W9/><G116/><T25/><D13/><U86/><E14/><V57/><F57/><W93/><G102/><T70/><D70/><U92/><E11/><V29/><F29/><W95/><G9/><T96/><D20/><U75/><E23/><V17/><F17/><W62/><G0/><T88/><D25/><U108/><E108/><V59/><F59/><W78/><G26/><T110/><D110/><U44/><E44/><V33/><F33/><W74/><G32/><T65/><D80/><U6/><E82/><V77/><F77/><W5/><G78/><T100/><D76/><U87/><E6/><V123/><F123/><W8/><G5/><T106/><D100/><U45/><E34/><V131/><F131/><W105/><G27/><T126/><D126/><RYUUKYOKU ba="1,1" sc="279,-10,250,-10,240,30,221,-10" hai2="7,10,15,41,46,49,54,58,61,79,81,132,133" /><INIT seed="1,2,1,0,4,31" ten="269,240,270,211" oya="1" hai0="70,78,66,33,68,19,61,93,126,102,76,106,127" hai1="12,130,57,123,98,109,50,100,77,84,131,116,21" hai2="15,40,124,22,27,74,79,117,94,87,35,92,47" hai3="82,113,52,81,39,49,26,29,20,96,25,134,132"/><U18/><E116/><V63/><F124/><N who="0" m="47658" /><D106/><U37/><E37/><V4/><F117/><W5/><G113/><T59/><D33/><U80/><E123/><V9/><F74/><W91/><G39/><T129/><D129/><N who="1" m="49163" /><E109/><V97/><F35/><N who="3" m="20911" /><G5/><T62/><D19/><U45/><E57/><V56/><F97/><W42/><G42/><T38/><D38/><U51/><E45/><V121/><F121/><W6/><G6/><T17/><D17/><U133/><E133/><N who="3" m="51306" /><G91/><T101/><D68/><U71/><E71/><V46/><F46/><N who="3" m="27703" /><G96/><N who="0" m="59535" /><D102/><U88/><E77/><V89/><F79/><W13/><G13/><T135/><D135/><U36/><E36/><V64/><F40/><W14/><G14/><T125/><N who="0" m="47666" /><T23/><DORA hai="112" /><D23/><U8/><E21/><V30/><REACH who="2" step="1"/><F47/><REACH who="2" ten="269,240,260,211" step="2"/><W110/><G110/><T103/><D103/><U7/><E7/><V120/><F120/><W16/><AGARI ba="2,2" hai="16,20,26,81,82" m="27703,51306,20911" machi="16" ten="30,7900,0" yaku="20,1,52,1,54,2" doraHai="31,112" who="3" fromWho="3" sc="269,-22,240,-41,260,-22,211,105" /><INIT seed="2,0,0,4,4,108" ten="247,199,238,316" oya="2" hai0="98,123,117,97,87,93,116,75,3,118,17,119,78" hai1="96,105,50,30,51,60,21,109,66,100,58,28,104" hai2="4,32,42,76,69,34,36,13,120,15,72,54,79" hai3="131,83,45,24,99,44,33,132,14,81,71,52,41"/><V90/><F120/><W85/><G71/><T59/><D123/><U82/><E109/><V11/><F69/><W101/><G132/><T19/><D3/><U20/><E105/><V29/><F72/><W5/><G131/><T124/><D124/><U8/><E8/><V89/><F54/><W56/><G33/><T35/><D35/><U127/><E127/><V128/><F128/><W121/><G24/><T67/><D75/><U2/><E2/><V61/><F61/><W23/><G121/><T40/><D40/><U16/><E82/><V25/><F34/><W86/><G83/><N who="0" m="47607" /><D119/><U1/><E1/><V95/><F90/><W22/><G22/><T111/><D111/><U92/><E104/><V115/><F115/><W9/><G23/><T77/><D77/><U53/><E21/><V91/><F91/><N who="3" m="51631" /><G86/><T102/><D97/><U27/><REACH who="1" step="1"/><E51/><REACH who="1" ten="247,189,238,316" step="2"/><V133/><F133/><W63/><G9/><T103/><D117/><U12/><E12/><V43/><F13/><W135/><G14/><T0/><D0/><U129/><E129/><V84/><REACH who="2" step="1"/><F43/><REACH who="2" ten="247,189,228,316" step="2"/><W113/><G41/><T55/><D118/><U106/><E106/><V31/><F31/><W74/><G135/><T107/><D116/><U70/><AGARI ba="0,2" hai="16,20,27,28,30,50,53,58,60,66,70,92,96,100" machi="70" ten="20,5200,0" yaku="1,1,0,1,7,1,54,1,53,0" doraHai="108" doraHaiUra="6" who="1" fromWho="1" sc="247,-13,189,72,228,-26,316,-13" /><INIT seed="3,0,0,1,3,25" ten="234,261,202,303" oya="3" hai0="67,57,66,132,97,1,99,52,26,105,27,0,68" hai1="13,20,76,24,131,49,50,86,111,41,92,103,110" hai2="47,2,124,107,89,30,102,3,36,29,22,8,129" hai3="108,94,70,104,72,113,65,32,63,37,74,55,21"/><W60/><G113/><T23/><D132/><U19/><E131/><V38/><F22/><W80/><G37/><T33/><D68/><U62/><E41/><V51/><F89/><W93/><G104/><T116/><D116/><U58/><E111/><V96/><F124/><W4/><G32/><T9/><D33/><U82/><E110/><V10/><F129/><W53/><G4/><T128/><D128/><U112/><E112/><V125/><F125/><W126/><G21/><T59/><D23/><U46/><E46/><V7/><F36/><W44/><G80/><T87/><D105/><U101/><E13/><V45/><F38/><W81/><G81/><T88/><D87/><U90/><E103/><V120/><F120/><W78/><G44/><T109/><D109/><U75/><E101/><V115/><F115/><W133/><G78/><T12/><D12/><U39/><E39/><V91/><F91/><W85/><G85/><T35/><D35/><U16/><REACH who="1" step="1"/><E19/><REACH who="1" ten="234,251,202,303" step="2"/><V106/><F106/><W31/><G108/><T79/><D0/><U73/><E73/><V119/><F119/><W28/><G126/><T130/><D1/><U15/><E15/><V14/><F47/><W135/><G70/><T5/><D130/><U98/><E98/><V134/><F134/><W118/><G118/><T71/><D99/><U11/><E11/><V121/><F121/><W95/><G95/><T17/><D9/><U42/><E42/><N who="2" m="25015" /><F2/><W77/><G77/><T18/><D79/><U117/><E117/><V127/><F127/><W83/><G83/><T34/><D97/><U84/><E84/><RYUUKYOKU ba="0,1" sc="234,-30,251,10,202,10,303,10" hai1="16,20,24,49,50,58,62,75,76,82,86,90,92" hai2="3,7,8,10,14,29,30,96,102,107" hai3="28,31,53,55,60,63,65,72,74,93,94,133,135" owari="204,-29.6,261,6.1,212,-18.8,323,42.3" /></mjloggm>