<mjloggm ver="2.3"><GO type="225" lobby="0"/><UN n0="%33%74%72%65%65" n1="%E6%9D%B1%E9%A2%A8%E3%81%AE%E3%81%8D%E3%82%83%E3%81%B7%E3%81%95%E3%82%93" n2="%61%6D%65%6B%69" n3="%E3%81%A4%E3%81%A3%E3%81%B1%E3%82%8A%E3%83%9D%E3%83%BC%E3%83%AB" dan="16,17,16,17" rate="2133.02,2191.53,2097.30,2242.65" sx="F,M,M,M"/><TAIKYOKU oya="0"/><INIT seed="0,0,0,4,3,72" ten="250,250,250,250" oya="0" hai0="35,45,108,50,33,113,10,5,79,9,97,31,43" hai1="40,107,131,106,69,92,96,63,124,19,62,60,8" hai2="81,56,126,14,64,87,128,127,85,109,115,73,98" hai3="66,54,39,123,70,94,110,71,90,18,65,68,46"/><T25/><D113/><U59/><E69/><V84/><F115/><W52/><G18/><T61/><D108/><U88/><E40/><V125/><F109/><W99/><G110/><T112/><D112/><U130/><E59/><V23/><F128/><N who="1" m="49193" /><E124/><V121/><F121/><W117/><G117/><T134/><D134/><U22/><E8/><V32/><F32/><W89/><G123/><T16/><D61/><N who="1" m="15619" /><U3/><DORA hai="0" /><E3/><V27/><F56/><W2/><G2/><T55/><D43/><U17/><E17/><V77/><F64/><W102/><G39/><T37/><D37/><U36/><E36/><V41/><F41/><W132/><G132/><T101/><D16/><U91/><E91/><V105/><F14/><AGARI ba="0,0" hai="14,19,22,88,92,96,106,107" m="15619,49193" machi="14" ten="40,2600,0" yaku="19,1,54,1" doraHai="72,0" who="1" fromWho="2" sc="250,0,250,26,250,-26,250,0" /><INIT seed="1,0,0,2,5,21" ten="250,276,224,250" oya="1" hai0="118,127,89,10,37,125,34,12,67,76,122,40,79" hai1="22,58,6,119,18,98,102,106,30,15,88,115,13" hai2="116,47,62,124,66,35,105,46,2,74,93,84,95" hai3="132,33,99,63,26,68,91,131,90,20,73,0,92"/><U94/><E119/><V32/><F74/><W86/><G132/><T114/><D114/><U3/><E115/><V49/><F105/><W83/><G131/><T108/><D118/><U111/><E111/><V135/><F2/><W60/><G0/><T82/><D108/><U44/><E30/><V65/><F116/><W80/><G33/><T64/><D34/><U123/><E44/><V120/><F120/><W14/><G68/><T100/><D100/><U109/><E109/><V28/><F135/><W101/><G14/><T5/><D122/><U78/><E78/><N who="0" m="29737" /><D40/><U57/><E3/><V75/><F75/><W17/><REACH who="3" step="1"/><G73/><REACH who="3" ten="250,276,224,240" step="2"/><T8/><D12/><U27/><E123/><V69/><F35/><W117/><G117/><T56/><D127/><U4/><E15/><V16/><F124/><W1/><G1/><T103/><D125/><U104/><E104/><V112/><F112/><W130/><G130/><T48/><D10/><U133/><E133/><V7/><F69/><W128/><G128/><T71/><D8/><U96/><REACH who="1" step="1"/><E13/><REACH who="1" ten="250,266,224,240" step="2"/><V126/><F126/><W134/><G134/><T70/><D5/><AGARI ba="0,2" hai="4,5,6,18,22,27,57,58,88,94,96,98,102,106" machi="5" ten="40,12000,1" yaku="1,1,2,1,52,1,54,1,53,1" doraHai="21" doraHaiUra="19" who="1" fromWho="0" sc="250,-120,266,140,224,0,240,0" /><INIT seed="1,1,0,5,0,49" ten="130,406,224,240" oya="1" hai0="113,131,89,77,96,44,135,110,50,31,54,127,40" hai1="25,112,43,115,53,85,27,36,129,130,87,7,47" hai2="114,118,105,70,97,37,128,94,108,75,41,81,28" hai3="71,11,3,34,134,91,51,68,14,39,132,72,67"/><U73/><E73/><V102/><F70/><W61/><G39/><T0/><D113/><N who="1" m="43595" /><E7/><V59/><F114/><W121/><G121/><T58/><D110/><U26/><E53/><V120/><F108/><W103/><G72/><T63/><D135/><N who="3" m="51753" /><G34/><T22/><D131/><AGARI ba="1,0" hai="25,26,27,36,43,47,85,87,129,130,131" m="43595" machi="131" ten="40,2000,0" yaku="19,1" doraHai="49" who="1" fromWho="0" sc="130,-23,406,23,224,0,240,0" /><INIT seed="1,2,0,1,3,22" ten="107,429,224,240" oya="1" hai0="52,0,35,13,67,73,6,93,53,95,131,75,128" hai1="51,18,64,66,4,101,110,78,19,81,17,63,106" hai2="87,90,80,47,33,132,23,119,83,74,21,48,103" hai3="98,44,32,126,60,28,117,114,108,59,109,85,72"/><U96/><E110/><N who="3" m="42602" /><G72/><T20/><D35/><U65/><E4/><V56/><F119/><W40/><G117/><T122/><D122/><U124/><E51/><V34/><F132/><W15/><G114/><T79/><D67/><U37/><E37/><V105/><F105/><W135/><G135/><T125/><D125/><U133/><E133/><V104/><F56/><W68/><G68/><T14/><D20/><U9/><E124/><V99/><F34/><W127/><G85/><T25/><D6/><U82/><E82/><V61/><F33/><W118/><G118/><T84/><D84/><U76/><E76/><V130/><F130/><W97/><G15/><T8/><D79/><U31/><E31/><V111/><F111/><W116/><G116/><T102/><D8/><U42/><E42/><V62/><F80/><W5/><G5/><T120/><D120/><U46/><E46/><V123/><F74/><W45/><G45/><T77/><D77/><U41/><E41/><V121/><F121/><W94/><G28/><T24/><REACH who="0" step="1"/><D0/><REACH who="0" ten="97,429,224,240" step="2"/><U12/><E78/><V7/><F7/><W107/><G32/><T112/><D112/><U55/><E9/><V2/><F2/><W27/><G127/><T38/><D38/><U71/><E64/><V50/><F123/><W1/><G1/><T91/><D91/><U26/><E65/><V39/><F39/><W88/><G88/><T58/><D58/><U92/><E66/><V100/><F90/><N who="3" m="55511" /><G59/><T129/><D129/><U54/><E71/><V3/><F3/><W30/><G126/><T113/><D113/><U29/><E101/><AGARI ba="2,1" hai="13,14,24,25,52,53,73,75,93,95,101,102,128,131" machi="101" ten="25,16000,3" yaku="1,1,6,1,22,2,52,2,54,1,53,2" doraHai="22" doraHaiUra="89" who="0" fromWho="1" sc="97,176,429,-166,224,0,240,0" /><INIT seed="2,0,0,2,2,22" ten="273,263,224,240" oya="2" hai0="79,14,86,124,108,120,19,117,48,118,134,107,64" hai1="37,49,36,101,105,7,125,2,97,112,122,10,4" hai2="94,26,20,33,66,56,90,58,109,46,21,0,30" hai3="130,93,17,113,45,25,29,63,126,67,110,50,69"/><V89/><F0/><W9/><G110/><T123/><D108/><U82/><E112/><V121/><F121/><W102/><G113/><T24/><D134/><U44/><E7/><V115/><F115/><W103/><G130/><T41/><D124/><U85/><E125/><V42/><F109/><W78/><G126/><T23/><D107/><U80/><E122/><V51/><F90/><W38/><G38/><T75/><D75/><U135/><E135/><V54/><F66/><W98/><G78/><T114/><D114/><U57/><E57/><V5/><F5/><W132/><G132/><T84/><D64/><U34/><E34/><V119/><F58/><W104/><G9/><T12/><D79/><U18/><E18/><V65/><F65/><W62/><G17/><T77/><D77/><U70/><E70/><V116/><F116/><N who="0" m="44650" /><D120/><U76/><REACH who="1" step="1"/><E80/><REACH who="1" ten="273,253,224,240" step="2"/><V74/><F119/><W43/><G69/><T16/><D123/><U68/><E68/><V128/><F128/><W1/><G1/><T131/><D131/><U106/><E106/><V60/><REACH who="2" step="1"/><F74/><REACH who="2" ten="273,253,214,240" step="2"/><W39/><G67/><T40/><D12/><U111/><E111/><V87/><AGARI ba="0,2" hai="20,21,26,30,33,42,46,51,54,56,60,87,89,94" machi="87" ten="20,12000,1" yaku="1,1,2,1,0,1,7,1,52,1,53,0" doraHai="22" doraHaiUra="72" who="2" fromWho="2" sc="273,-40,253,-40,214,140,240,-40" /><INIT seed="2,1,0,3,4,65" ten="233,213,354,200" oya="2" hai0="133,36,76,46,116,72,131,26,73,134,129,21,47" hai1="40,115,59,70,10,111,112,98,84,93,121,43,86" hai2="32,27,55,128,114,82,88,38,66,12,16,39,18" hai3="61,81,29,119,127,92,122,102,62,24,69,68,33"/><V20/><F114/><W113/><G119/><T71/><D116/><U41/><E59/><V83/><F128/><N who="0" m="49226" /><D71/><U58/><E58/><V0/><F0/><W48/><G122/><T132/><D76/><U19/><E111/><V103/><F103/><W75/><G113/><T45/><D36/><U15/><E121/><V85/><F66/><W54/><G127/><T91/><D91/><U64/><E115/><V42/><F42/><W87/><G75/><T14/><D14/><U5/><E5/><V90/><F55/><W63/><G102/><T120/><D120/><U67/><E112/><V108/><F108/><W53/><G92/><T28/><AGARI ba="1,0" hai="21,26,28,45,46,47,72,73,132,133,134" m="49226" machi="28" ten="40,2700,0" yaku="20,1,19,1" doraHai="65" who="0" fromWho="0" sc="233,30,213,-8,354,-14,200,-8" /><INIT seed="3,0,0,1,1,88" ten="263,205,340,192" oya="3" hai0="62,122,59,60,107,131,65,32,135,58,103,84,25" hai1="13,90,95,47,5,34,19,74,7,99,77,94,17" hai2="31,87,35,57,41,124,6,121,83,23,30,3,112" hai3="104,69,92,91,55,0,68,54,49,20,26,93,89"/><W16/><G0/><T106/><D122/><U133/><E34/><V132/><F35/><W67/><G104/><T119/><D119/><U12/><E133/><V96/><F112/><W97/><G67/><T10/><D135/><U123/><E123/><V38/><F132/><W108/><G108/><T85/><D131/><U14/><E47/><V105/><F124/><W28/><G28/><T8/><D32/><U48/><E48/><V110/><F110/><W63/><G63/><T78/><D25/><U120/><E120/><V113/><F113/><W45/><G55/><T11/><D78/><U100/><E77/><V127/><F41/><W102/><G102/><T15/><D15/><N who="1" m="5707" /><E74/><V125/><F38/><W82/><G82/><T115/><D115/><U46/><E46/><V73/><F73/><W21/><G20/><T79/><D103/><U52/><E52/><V101/><F121/><W114/><G114/><T22/><D22/><N who="1" m="11575" /><E19/><V56/><F23/><W37/><G37/><T43/><D107/><U72/><E72/><V66/><F66/><W2/><G2/><T130/><D106/><U18/><E18/><V134/><F134/><W81/><G81/><N who="0" m="47167" /><D43/><U4/><E4/><V129/><F129/><W64/><G64/><N who="0" m="38935" /><D130/><U117/><E117/><V9/><F127/><W111/><G111/><T42/><D42/><U116/><E116/><V1/><F1/><W126/><G126/><T109/><D109/><U128/><E128/><V29/><F125/><W118/><G118/><T39/><D39/><U71/><E71/><V70/><F70/><W27/><G27/><T98/><D65/><RYUUKYOKU ba="0,0" sc="263,-30,205,10,340,10,192,10" hai1="5,7,90,94,95,99,100" hai2="3,6,9,29,30,31,56,57,83,87,96,101,105" hai3="16,21,26,45,49,54,68,69,89,91,92,93,97" /><INIT seed="3,1,0,4,1,80" ten="233,215,350,202" oya="3" hai0="129,10,24,105,56,55,109,123,135,133,50,95,26" hai1="34,48,82,68,12,7,1,77,60,113,127,90,9" hai2="91,71,36,83,32,81,39,85,58,93,92,124,107" hai3="28,88,27,29,103,15,118,131,130,111,11,98,69"/><W43/><G118/><T97/><D105/><U114/><E34/><V0/><F0/><W47/><G69/><T35/><D123/><U78/><E127/><V38/><F71/><W6/><G111/><T54/><D129/><N who="3" m="49161" /><G27/><T76/><D24/><U19/><E90/><V99/><F32/><W51/><G88/><T44/><D26/><U4/><E48/><V20/><F107/><AGARI ba="1,0" hai="6,11,15,28,29,43,47,51,98,103,107" m="49161" machi="107" ten="30,1500,0" yaku="19,1" doraHai="80" who="3" fromWho="2" sc="233,0,215,0,350,-18,202,18" /><INIT seed="3,2,0,4,2,25" ten="233,215,332,220" oya="3" hai0="36,28,88,40,3,89,8,58,61,11,82,81,77" hai1="12,56,59,63,21,45,101,123,42,106,129,133,99" hai2="43,0,15,85,108,100,2,107,70,29,17,80,19" hai3="131,22,62,79,72,48,10,16,66,35,64,114,53"/><W18/><G114/><T26/><D36/><U95/><E123/><V112/><F70/><W118/><G118/><T119/><D119/><U128/><E133/><V73/><F73/><W78/><G35/><T134/><D134/><U30/><E106/><V117/><F112/><W127/><G72/><T67/><D40/><U104/><E104/><V65/><F65/><N who="3" m="25195" /><G62/><T110/><D110/><U115/><E115/><V51/><F108/><W86/><G131/><N who="1" m="50250" /><E63/><V50/><F2/><W91/><G10/><T55/><D11/><U111/><E111/><V96/><F0/><W83/><G127/><T60/><D8/><U75/><E75/><V105/><F105/><W14/><G18/><T41/><D3/><U71/><E71/><V68/><F19/><W121/><G121/><T20/><D61/><U122/><E122/><V84/><F68/><W47/><AGARI ba="2,0" hai="14,16,22,47,48,53,78,79,83,86,91" m="25195" machi="47" ten="30,3000,0" yaku="8,1,54,1" doraHai="25" who="3" fromWho="3" sc="233,-12,215,-12,332,-12,220,36" /><INIT seed="3,3,0,4,2,130" ten="221,203,320,256" oya="3" hai0="72,64,86,77,23,71,76,96,9,112,7,30,88" hai1="70,101,82,26,133,37,103,100,29,47,89,124,32" hai2="121,53,31,74,83,106,105,10,104,95,125,34,33" hai3="20,66,38,111,93,2,11,99,85,98,28,92,3"/><W42/><G111/><T118/><D118/><U4/><E70/><V63/><F125/><W60/><G38/><T39/><D72/><U126/><E4/><V108/><F31/><W43/><G85/><T102/><D39/><U68/><E68/><V78/><F108/><W81/><G81/><T117/><D117/><U116/><E116/><V115/><F115/><W97/><G11/><T65/><D112/><U127/><E82/><V1/><F95/><N who="3" m="36427" /><G3/><T13/><D71/><U24/><E24/><V22/><F22/><W51/><G51/><T122/><D122/><U40/><E89/><V41/><F121/><W57/><G2/><T123/><D123/><U62/><E62/><V19/><F1/><W14/><G14/><T8/><D8/><U49/><E37/><V56/><REACH who="2" step="1"/><F41/><REACH who="2" ten="221,203,310,256" step="2"/><W36/><G20/><T113/><D23/><U91/><E91/><V5/><F5/><W131/><G43/><T15/><D113/><U54/><E40/><V67/><F67/><W45/><G66/><T6/><D30/><U16/><E16/><V129/><F129/><W90/><G131/><T132/><D64/><U134/><AGARI ba="3,1" hai="26,29,32,47,49,54,100,101,103,124,126,127,133,134" machi="134" ten="40,8000,1" yaku="0,1,18,1,52,2" doraHai="130" who="1" fromWho="1" sc="221,-23,203,99,310,-23,256,-43" owari="198,-30.2,302,40.2,287,8.7,213,-18.7" /></mjloggm>