<mjloggm ver="2.3"><GO type="225" lobby="0"/><UN n0="%E6%A1%9C%E8%8A%B1%E9%96%83%E3%80%85" n1="%E5%B8%86%E7%AB%8B%E5%A4%8F%E8%A1%A3" n2="%E3%81%A1%E3%82%85%E3%81%86%E3%81%A9%E3%81%8F%E8%B1%A1%E3%81%95%E3%82%93" n3="%E9%B3%B3%E6%9D%B1%E3%81%AE%E3%81%86%E3%81%95%E3%81%8E%E3%81%95%E3%82%93" dan="17,17,17,16" rate="2170.03,2167.81,2149.39,2176.35" sx="M,M,M,M"/><TAIKYOKU oya="0"/><INIT seed="0,0,0,0,0,86" ten="250,250,250,250" oya="0" hai0="67,51,109,111,34,60,55,76,48,99,69,103,80" hai1="104,125,119,37,83,25,82,90,31,122,33,27,35" hai2="9,26,120,95,8,39,66,84,87,70,116,112,40" hai3="123,19,6,74,0,121,54,77,97,62,65,5,100"/><T36/><D36/><U98/><E119/><V93/><F112/><W115/><G115/><T126/><D34/><U73/><E122/><N who="3" m="46602" /><G0/><T14/><D14/><U30/><E125/><V94/><F120/><W17/><G54/><T61/><D61/><U106/><E37/><V124/><F124/><W59/><G77/><T129/><D129/><U89/><E98/><V38/><F116/><W91/><G74/><AGARI ba="0,0" hai="25,27,30,31,33,35,73,74,82,83,89,90,104,106" machi="74" ten="25,6400,0" yaku="22,2,52,2" doraHai="86" who="1" fromWho="3" sc="250,0,250,64,250,0,250,-64" /><INIT seed="1,0,0,3,5,63" ten="250,314,250,186" oya="1" hai0="84,114,124,106,9,49,13,60,73,120,65,89,131" hai1="54,100,28,46,51,97,66,64,47,3,92,57,33" hai2="5,93,134,14,29,91,37,0,78,107,108,4,53" hai3="45,76,109,101,80,15,127,44,31,32,125,103,104"/><U113/><E113/><V12/><F37/><W18/><G109/><T130/><D114/><U20/><E33/><V90/><F107/><W118/><G118/><T24/><D73/><U1/><E1/><V56/><F108/><W30/><G104/><T55/><D106/><U129/><E3/><V11/><F134/><W96/><G32/><T36/><D36/><U58/><E129/><N who="0" m="49161" /><D24/><N who="1" m="16391" /><E57/><V61/><F29/><W74/><G96/><T102/><D102/><U86/><E86/><V117/><F117/><W85/><G74/><T119/><D124/><U8/><E8/><N who="2" m="4103" /><F0/><W59/><G30/><T79/><D79/><U112/><E112/><V69/><F69/><W43/><G31/><T98/><D98/><U126/><E126/><V88/><F78/><W21/><G127/><T122/><D119/><U67/><AGARI ba="0,0" hai="46,47,51,54,58,64,66,67,92,97,100" m="16391" machi="67" ten="30,11700,0" yaku="8,1,52,3" doraHai="63" who="1" fromWho="1" sc="250,-39,314,117,250,-39,186,-39" /><INIT seed="1,1,0,0,4,111" ten="211,431,211,147" oya="1" hai0="114,107,117,62,118,113,91,97,101,98,64,105,108" hai1="44,116,25,104,5,70,55,95,9,23,41,93,17" hai2="102,122,127,83,47,109,75,10,1,82,7,42,65" hai3="100,69,57,18,94,38,121,0,34,2,131,130,12"/><U67/><E116/><N who="0" m="44649" /><D108/><U63/><E104/><V37/><F109/><W28/><G69/><N who="0" m="42135" /><D91/><U46/><E46/><V13/><F122/><W88/><G121/><T134/><D134/><U96/><E55/><V103/><F127/><W119/><G38/><T15/><D15/><U52/><E52/><V80/><F65/><W6/><G100/><AGARI ba="1,0" hai="97,98,100,101,105,107,113,114" m="42135,44649" machi="100" ten="30,3900,0" yaku="23,1,52,2" doraHai="111" who="0" fromWho="3" sc="211,42,431,0,211,0,147,-42" /><INIT seed="2,0,0,1,5,98" ten="253,431,211,105" oya="2" hai0="4,7,100,84,76,38,86,78,50,37,131,71,17" hai1="82,69,96,111,115,19,63,34,23,89,22,121,102" hai2="120,47,107,128,125,104,135,73,72,16,31,61,8" hai3="123,35,59,58,85,36,64,118,116,134,90,66,55"/><V30/><F120/><W53/><G35/><T93/><D71/><U109/><E115/><V94/><F125/><W112/><G123/><T110/><D110/><N who="1" m="41995" /><E121/><V0/><F135/><W68/><G134/><T83/><D50/><U103/><E34/><V79/><F128/><W57/><G112/><T28/><D17/><U81/><E89/><V77/><F94/><W40/><G85/><T124/><D93/><N who="1" m="58639" /><E103/><V46/><F61/><N who="3" m="40015" /><G90/><T60/><D100/><U12/><E23/><V14/><F0/><W129/><G129/><T26/><D131/><U117/><E117/><V91/><F91/><W108/><G108/><T133/><D124/><U49/><E49/><V74/><F79/><W29/><G29/><T75/><D28/><U21/><E21/><V48/><F77/><W2/><G2/><T13/><D78/><U99/><E99/><V10/><F74/><W95/><G95/><T130/><D76/><U101/><E101/><V65/><F65/><AGARI ba="0,0" hai="12,19,22,63,65,69,81,82" m="58639,41995" machi="65" ten="30,2000,0" yaku="14,1,52,1" doraHai="98" who="1" fromWho="2" sc="253,0,431,20,211,-20,105,0" /><INIT seed="3,0,0,5,2,116" ten="253,451,191,105" oya="3" hai0="98,82,122,57,70,62,58,133,125,104,132,107,37" hai1="123,127,135,59,40,111,43,2,26,74,16,44,50" hai2="25,41,19,87,130,94,106,79,83,17,46,56,7" hai3="5,128,47,91,55,103,119,64,105,66,39,89,124"/><W93/><G119/><T63/><D122/><U118/><E123/><V8/><F106/><W12/><G128/><T9/><D37/><U131/><E118/><V31/><F130/><W95/><G124/><T112/><D70/><U23/><E74/><V0/><F56/><W117/><G117/><T86/><D9/><U85/><E2/><V76/><F94/><W65/><G105/><T42/><D42/><U99/><E135/><N who="0" m="51785" /><D98/><U38/><E111/><V21/><REACH who="2" step="1"/><F76/><REACH who="2" ten="253,451,181,105" step="2"/><W72/><G72/><T109/><D109/><U96/><E131/><V92/><F92/><N who="3" m="35403" /><G39/><AGARI ba="0,1" hai="0,7,8,17,19,21,25,31,39,41,46,79,83,87" machi="39" ten="30,2000,0" yaku="1,1,7,1,53,0" doraHai="116" doraHaiUra="101" who="2" fromWho="3" sc="253,0,451,0,181,30,105,-20" owari="253,5.3,451,55.1,211,-18.9,85,-41.5" /></mjloggm>