<mjloggm ver="2.3"><GO type="225" lobby="0"/><UN n0="%E3%81%AA%E3%81%A1%30%39%32%37" n1="%41%72%69%61" n2="%E6%A0%B9%E5%85%83%E3%81%8B%E3%82%89%E5%90%B9%E3%81%A3%E9%A3%9B%E3%81%B6" n3="%E6%A1%9C%E8%8A%B1%E9%96%83%E3%80%85" dan="16,16,17,16" rate="2057.52,2100.82,2249.88,2072.43" sx="M,F,F,M"/><TAIKYOKU oya="0"/><INIT seed="0,0,0,4,1,100" ten="250,250,250,250" oya="0" hai0="124,10,65,91,36,63,23,99,2,46,4,66,32" hai1="108,93,80,75,22,43,109,51,132,133,94,56,131" hai2="120,129,27,14,84,64,122,67,11,30,76,52,106" hai3="72,60,41,58,107,90,35,121,24,118,126,127,134"/><T86/><D124/><N who="3" m="47657" /><G134/><N who="1" m="51818" /><E22/><N who="2" m="15735" /><F106/><W68/><G118/><T37/><D32/><U40/><E131/><V48/><F129/><W92/><G72/><T78/><D66/><U81/><E56/><N who="2" m="32775" /><F122/><W61/><G121/><T123/><D123/><U96/><E51/><V87/><F120/><W101/><G41/><N who="1" m="15946" /><E75/><V44/><F44/><W28/><G68/><T88/><D46/><U104/><E104/><V39/><F39/><W116/><G116/><T31/><D36/><U130/><E130/><V70/><F70/><W13/><G13/><T0/><D37/><U89/><E94/><V128/><F128/><W85/><G58/><T110/><D0/><U17/><E17/><V113/><F113/><W74/><G74/><T45/><D45/><U38/><E38/><V55/><F55/><W50/><G50/><T135/><D135/><U16/><E16/><N who="2" m="8287" /><F87/><W19/><G19/><T77/><D110/><AGARI ba="0,0" hai="80,81,89,93,96,108,109,110" m="15946,51818" machi="110" ten="30,2000,0" yaku="14,1,20,1" doraHai="100" who="1" fromWho="0" sc="250,-20,250,20,250,0,250,0" /><INIT seed="1,0,0,1,4,122" ten="230,270,250,250" oya="1" hai0="115,49,38,41,36,6,16,14,72,10,31,97,32" hai1="133,86,68,27,106,66,130,101,37,98,11,30,109" hai2="58,102,127,20,93,39,25,1,23,108,2,35,3" hai3="7,8,78,99,40,48,43,103,88,4,33,54,89"/><U51/><E37/><V132/><F39/><W15/><G33/><T62/><D72/><U75/><E75/><V105/><F105/><W116/><G116/><T92/><D115/><U34/><E133/><V28/><F108/><W77/><G4/><T125/><D125/><U80/><E130/><V74/><F74/><W90/><G78/><T118/><D118/><U56/><E11/><V117/><F117/><W57/><REACH who="3" step="1"/><G77/><REACH who="3" ten="230,270,250,240" step="2"/><T61/><D6/><U134/><E134/><V9/><F132/><W104/><AGARI ba="0,1" hai="7,8,15,40,43,48,54,57,88,89,90,99,103,104" machi="104" ten="30,7900,0" yaku="1,1,2,1,0,1,54,1,53,0" doraHai="122" doraHaiUra="121" who="3" fromWho="3" sc="230,-20,270,-39,250,-20,240,89" /><INIT seed="2,0,0,3,3,42" ten="210,231,230,329" oya="2" hai0="52,112,63,65,54,108,71,35,44,89,36,33,15" hai1="1,74,107,58,25,104,125,6,99,12,117,109,49" hai2="88,113,97,98,116,50,28,38,105,91,8,84,64" hai3="122,43,90,132,67,128,114,78,110,133,7,120,47"/><V129/><F38/><N who="3" m="22007" /><G110/><T31/><D112/><U18/><E74/><V69/><F113/><W13/><G114/><T17/><D108/><U24/><E117/><V93/><F116/><W26/><G128/><T130/><D130/><U19/><E125/><V111/><F129/><W103/><G78/><T39/><D89/><U11/><E104/><V126/><F126/><W72/><G72/><T123/><D123/><U10/><E109/><V92/><F28/><W70/><G103/><T106/><D106/><U37/><E37/><V124/><F124/><W57/><G70/><T40/><D36/><U62/><E19/><V56/><F111/><W32/><G90/><T45/><D31/><U0/><E0/><V34/><F34/><W21/><G57/><T94/><D94/><U60/><E60/><V29/><F29/><N who="3" m="17615" /><G67/><T59/><D45/><U134/><E49/><V9/><F69/><W135/><G32/><T30/><D30/><U101/><E134/><V119/><F119/><W86/><G86/><T53/><REACH who="0" step="1"/><D71/><REACH who="0" ten="200,231,230,329" step="2"/><U51/><E107/><V87/><F105/><W96/><G122/><T20/><AGARI ba="0,1" hai="15,17,20,33,35,39,40,44,52,53,54,59,63,65" machi="20" ten="30,16000,3" yaku="1,1,2,1,0,1,52,1,54,1,53,3" doraHai="42" doraHaiUra="48" who="0" fromWho="0" sc="200,170,231,-40,230,-80,329,-40" /><INIT seed="3,0,0,2,1,61" ten="370,191,150,289" oya="3" hai0="86,1,121,62,77,14,80,92,10,133,103,4,94" hai1="38,134,113,84,71,70,23,36,127,65,22,89,58" hai2="114,101,52,128,48,75,40,106,130,33,53,97,37" hai3="83,21,99,110,124,91,45,122,88,18,17,11,39"/><W74/><G122/><T102/><D121/><U8/><E113/><V72/><F33/><W54/><G124/><T112/><D133/><U96/><E96/><V35/><F35/><W115/><G115/><T46/><D112/><U44/><E70/><V108/><F114/><W15/><G110/><T125/><D125/><U57/><E71/><V132/><F132/><W129/><G129/><T79/><D1/><U69/><E69/><V119/><F119/><W26/><G99/><T105/><D62/><U95/><E38/><V3/><F3/><W30/><G18/><T109/><D109/><U66/><E44/><V59/><F108/><W24/><G24/><T63/><D63/><U47/><E47/><V111/><F111/><W107/><G107/><T19/><D105/><U120/><E36/><V43/><F37/><W64/><G64/><N who="1" m="24682" /><E127/><V76/><F53/><W68/><G68/><T131/><D46/><U28/><E28/><V9/><F9/><W60/><G39/><T29/><D10/><U31/><E31/><V78/><F75/><W82/><G74/><T93/><D29/><U85/><E8/><V98/><F98/><W81/><REACH who="3" step="1"/><G60/><REACH who="3" ten="370,191,150,279" step="2"/><T2/><D131/><N who="2" m="50218" /><F72/><W25/><G25/><T118/><D103/><U56/><E120/><V32/><F32/><W42/><G42/><T20/><D102/><U126/><E134/><V7/><F7/><W49/><AGARI ba="0,1" hai="11,15,17,21,26,30,45,49,54,81,82,83,88,91" machi="49" ten="30,12000,1" yaku="1,1,0,1,8,1,54,1,53,1" doraHai="61" doraHaiUra="6" who="3" fromWho="3" sc="370,-40,191,-40,150,-40,279,130" owari="330,13.0,151,-24.9,110,-39.0,409,50.9" /></mjloggm>