<mjloggm ver="2.3"><GO type="225" lobby="0"/><UN n0="%E6%B8%A9%E2%98%85%E6%83%85%E2%98%85%E6%8E%AA%E2%98%85%E7%BD%AE" n1="%E3%83%97%E3%83%AC%E3%83%B4%E3%82%A1%E3%83%86%E3%82%A3" n2="%E3%81%A8%E3%82%93%E3%81%A8%E3%81%93%E3%81%A8%E3%82%93" n3="%E3%83%B4%E3%82%A3%E3%83%AF%E3%82%B3%E3%82%B0%E3%83%8B" dan="16,16,16,16" rate="2177.24,2133.69,2126.56,2116.26" sx="M,F,M,M"/><TAIKYOKU oya="0"/><INIT seed="0,0,0,1,2,15" ten="250,250,250,250" oya="0" hai0="87,109,100,71,3,44,55,13,6,39,128,19,27" hai1="123,40,107,61,38,42,78,52,11,113,56,37,30" hai2="90,88,101,10,16,80,133,60,91,81,51,124,69" hai3="77,118,29,122,47,46,33,2,23,95,74,17,21"/><T94/><D71/><U96/><E78/><V82/><F133/><W73/><G118/><T0/><D128/><U5/><E30/><V135/><F135/><W126/><G2/><T132/><D132/><U58/><E123/><V114/><F114/><W85/><G33/><T20/><D109/><U36/><E107/><V129/><F129/><W92/><G29/><T103/><D0/><U18/><E96/><V84/><F124/><W127/><G77/><T35/><D39/><U32/><E32/><V45/><F101/><W125/><G85/><T86/><D3/><U68/><E5/><V112/><F112/><W41/><G41/><N who="1" m="15978" /><E18/><V98/><F69/><W75/><G122/><T131/><D131/><U89/><E11/><V24/><F60/><W50/><G50/><N who="0" m="29127" /><D35/><U1/><E89/><N who="2" m="34411" /><F98/><W110/><G110/><T134/><D134/><U8/><E8/><V25/><F10/><W83/><G83/><N who="2" m="31817" /><F16/><W63/><G63/><T57/><D103/><U117/><E1/><V59/><F59/><N who="1" m="22569" /><E113/><V104/><F104/><W62/><G17/><N who="0" m="12687" /><D57/><N who="1" m="34983" /><E117/><V64/><F24/><W76/><G76/><T14/><D6/><U79/><E79/><V12/><F25/><W53/><G21/><N who="0" m="11503" /><D14/><U49/><E68/><V66/><F12/><W105/><G23/><T102/><D102/><U48/><AGARI ba="0,0" hai="36,37,38,48,49" m="34983,22569,15978" machi="48" ten="40,12000,2" yaku="35,5,54,1" doraHai="15" who="1" fromWho="1" sc="250,-60,250,120,250,-30,250,-30" /><INIT seed="1,0,0,0,4,127" ten="190,370,220,220" oya="1" hai0="30,13,73,33,80,108,7,134,128,94,61,38,5" hai1="132,99,124,78,49,27,50,100,28,3,35,131,88" hai2="79,118,16,15,103,112,48,110,71,95,85,62,46" hai3="53,101,54,8,75,133,52,69,125,122,14,59,22"/><U29/><E3/><V90/><F118/><W51/><G122/><T41/><D108/><U84/><E124/><V129/><F110/><W77/><G125/><T70/><D134/><U120/><E120/><V43/><F112/><W83/><G133/><T89/><D41/><U10/><E132/><V36/><F79/><W32/><G32/><T86/><D38/><U55/><E10/><V96/><F36/><W115/><G115/><T114/><D114/><U93/><E131/><V58/><F71/><W56/><G69/><T4/><D128/><U0/><E0/><V63/><F58/><W1/><G101/><T102/><D30/><U135/><E135/><V81/><REACH who="2" step="1"/><F129/><REACH who="2" ten="190,370,210,220" step="2"/><W113/><G113/><T17/><D70/><U19/><E78/><V123/><F123/><W20/><G1/><T25/><D73/><U121/><E121/><V47/><F47/><W21/><REACH who="3" step="1"/><G56/><REACH who="3" ten="190,370,210,210" step="2"/><T76/><D76/><U57/><E35/><V68/><F68/><W130/><G130/><T45/><D102/><U87/><E100/><V40/><F40/><W26/><G26/><T104/><D25/><U91/><E27/><V105/><F105/><W23/><N who="3" m="5120" /><DORA hai="107" /><W31/><G31/><T42/><D33/><U2/><E29/><V67/><F67/><W74/><G74/><T39/><D104/><U116/><E28/><V72/><F72/><W126/><G126/><T34/><D34/><U82/><E2/><V65/><F65/><W24/><G24/><T119/><D119/><U60/><E116/><V106/><F106/><W111/><G111/><T6/><N who="0" m="1024" /><DORA hai="109" /><T64/><D64/><RYUUKYOKU ba="0,2" sc="190,-15,370,-15,210,15,210,15" hai2="15,16,43,46,48,62,63,81,85,90,95,96,103" hai3="8,14,51,52,53,54,59,75,77,83" /><INIT seed="2,1,2,1,2,59" ten="175,355,225,225" oya="2" hai0="6,33,28,48,46,132,4,124,66,51,10,35,40" hai1="82,57,89,84,110,108,81,21,95,71,41,135,39" hai2="116,102,96,2,13,128,118,53,1,24,88,68,27" hai3="54,23,38,100,92,63,87,91,133,14,79,12,19"/><V112/><F112/><W109/><G109/><N who="1" m="42090" /><E71/><V76/><F68/><W120/><G133/><T69/><D132/><U99/><E135/><V55/><F76/><W127/><G127/><T131/><D124/><U125/><E125/><V25/><F13/><W29/><G38/><T90/><D131/><U105/><E39/><V60/><F128/><W20/><G120/><T64/><D69/><U83/><E41/><V56/><F53/><W16/><G29/><T74/><D74/><U122/><E21/><V44/><F44/><W78/><G100/><T103/><D103/><N who="1" m="62719" /><E57/><AGARI ba="1,2" hai="12,14,16,19,20,23,54,57,63,78,79,87,91,92" machi="57" ten="40,8000,1" yaku="9,1,8,1,52,1,54,1" doraHai="59" who="3" fromWho="1" sc="175,0,355,-83,225,0,225,103" /><INIT seed="3,0,0,2,4,50" ten="175,272,225,328" oya="3" hai0="121,47,88,35,5,104,108,45,105,106,37,134,11" hai1="115,26,65,64,127,73,9,36,58,39,97,42,51" hai2="21,87,53,133,25,70,78,48,10,72,83,38,94" hai3="98,18,122,63,68,77,120,92,31,96,132,99,126"/><W4/><G31/><T56/><D121/><U114/><E73/><V46/><F133/><W41/><G4/><T34/><D134/><U13/><E97/><V128/><F128/><W66/><G132/><T112/><D108/><U113/><E26/><V107/><F70/><W102/><G126/><T3/><D112/><U109/><E9/><V14/><F38/><W86/><G41/><T16/><D56/><U12/><E12/><V119/><F119/><W32/><G32/><T27/><D88/><U93/><E93/><V57/><F107/><W125/><G125/><T19/><D37/><N who="1" m="14411" /><E13/><V55/><F94/><W103/><G18/><T23/><REACH who="0" step="1"/><D19/><REACH who="0" ten="165,272,225,328" step="2"/><U28/><E127/><V69/><F69/><N who="3" m="42207" /><G122/><T20/><D20/><U101/><E101/><V130/><F130/><W61/><G120/><T110/><D110/><U67/><E109/><V40/><F57/><W89/><G103/><T17/><D17/><U49/><E28/><N who="2" m="17455" /><F72/><W95/><G102/><T80/><D80/><U29/><E29/><V24/><F24/><W62/><G89/><T75/><D75/><U90/><E90/><V71/><F71/><W76/><G92/><T74/><D74/><U52/><E42/><V30/><F30/><W123/><G95/><T6/><D6/><AGARI ba="0,1" hai="6,10,14,40,46,48,53,55,78,83,87" m="17455" machi="6" ten="30,7700,0" yaku="25,1,8,1,52,2" doraHai="50" who="2" fromWho="0" sc="165,-77,272,0,225,87,328,0" owari="88,-41.2,272,-12.8,312,11.2,328,42.8" /></mjloggm>