<mjloggm ver="2.3"><GO type="225" lobby="0"/><UN n0="%E6%A1%9C%E8%8A%B1%E9%96%83%E3%80%85" n1="%33%74%72%65%65" n2="%48%61%61%61%6C%61%6E%64" n3="%E3%81%B5%E3%81%98%E3%81%8B%E3%81%A4" dan="16,16,18,17" rate="2209.57,2120.74,2228.70,2200.09" sx="M,F,M,M"/><TAIKYOKU oya="0"/><INIT seed="0,0,0,5,4,12" ten="250,250,250,250" oya="0" hai0="75,96,63,55,0,48,30,45,91,15,49,107,64" hai1="54,26,89,125,40,66,10,95,61,116,51,84,2" hai2="109,41,131,121,59,62,90,39,81,108,122,101,123" hai3="103,14,119,1,134,57,34,98,76,9,3,105,8"/><T6/><D0/><U70/><E116/><V127/><F101/><W60/><G119/><T120/><D120/><U69/><E125/><V53/><F127/><W97/><G134/><T118/><D118/><U86/><E70/><V23/><F131/><W35/><G76/><T83/><D30/><U93/><E40/><V38/><F23/><W128/><G128/><T46/><D75/><U33/><E33/><V5/><F5/><W50/><G50/><T100/><D91/><U94/><E26/><V72/><F90/><W27/><G97/><T7/><D83/><U124/><E86/><V79/><REACH who="2" step="1"/><F41/><REACH who="2" ten="250,250,240,250" step="2"/><W92/><G35/><T42/><REACH who="0" step="1"/><D15/><REACH who="0" ten="240,250,240,250" step="2"/><U52/><E124/><V68/><F68/><AGARI ba="0,2" hai="6,7,42,45,46,48,49,55,63,64,68,96,100,107" machi="68" ten="30,12000,1" yaku="1,1,2,1,7,1,53,2" doraHai="12" doraHaiUra="47" who="0" fromWho="2" sc="240,140,250,0,240,-120,250,0" /><INIT seed="0,1,0,3,1,112" ten="380,250,120,250" oya="0" hai0="85,135,24,115,29,19,1,53,111,129,50,89,0" hai1="23,120,90,37,126,71,42,87,60,77,66,133,94" hai2="39,62,99,81,55,15,119,131,105,121,97,11,124" hai3="92,65,67,49,122,10,88,61,34,12,114,58,2"/><T109/><D19/><U68/><E120/><V125/><F121/><W9/><G114/><T84/><D115/><U106/><E133/><V80/><F39/><W82/><G34/><T91/><D135/><U46/><E126/><N who="2" m="48747" /><F131/><W32/><G32/><T98/><D98/><N who="2" m="37386" /><F105/><W54/><G122/><T59/><D129/><U95/><E106/><V36/><F36/><W132/><G132/><T45/><D45/><U110/><E110/><N who="0" m="41993" /><D85/><U83/><E68/><V108/><F108/><W72/><G72/><T35/><D89/><U63/><E90/><V56/><F119/><W20/><G82/><AGARI ba="1,0" hai="0,1,24,29,35,50,53,59,82,84,91" m="41993" machi="82" ten="30,2900,0" yaku="14,1,10,1" doraHai="112" who="0" fromWho="3" sc="380,32,250,0,120,0,250,-32" /><INIT seed="0,2,0,0,4,18" ten="412,250,120,218" oya="0" hai0="65,13,35,108,43,85,61,28,22,59,115,80,120" hai1="26,111,78,88,91,52,133,105,89,23,14,56,79" hai2="67,21,117,5,118,33,119,123,42,106,1,69,90" hai3="54,4,55,92,82,62,17,74,68,8,29,0,86"/><T98/><D115/><U7/><E105/><V125/><F123/><W109/><G109/><T96/><D120/><U110/><E133/><V134/><F134/><W83/><G29/><T124/><D124/><U2/><E2/><V84/><F125/><W94/><G74/><T66/><D108/><N who="1" m="41515" /><E14/><V53/><F33/><W15/><G83/><T73/><D73/><U11/><E11/><N who="2" m="2479" /><F106/><W81/><G82/><T122/><D122/><U44/><E7/><V72/><F72/><W99/><G68/><T116/><D116/><U50/><E56/><V95/><F42/><W93/><G99/><N who="0" m="37931" /><D35/><U64/><E64/><V103/><F103/><W9/><REACH who="3" step="1"/><G62/><REACH who="3" ten="412,250,120,208" step="2"/><T25/><D43/><U16/><AGARI ba="2,1" hai="16,23,26,44,50,52,78,79,88,89,91" m="41515" machi="16" ten="30,8000,1" yaku="14,1,52,1,54,3" doraHai="18" who="1" fromWho="1" sc="412,-42,250,96,120,-22,208,-22" /><INIT seed="1,0,0,3,2,125" ten="370,346,98,186" oya="1" hai0="82,45,98,60,88,52,53,28,111,116,112,42,30" hai1="75,119,96,48,113,5,22,108,101,110,64,131,80" hai2="19,32,56,25,10,65,54,92,126,34,122,33,46" hai3="86,35,94,84,40,16,67,21,15,81,14,100,23"/><U36/><E113/><V4/><F122/><W102/><G35/><T26/><D112/><U66/><E119/><V128/><F126/><W50/><G67/><T79/><D111/><N who="1" m="42539" /><E36/><V72/><F72/><W1/><G1/><T105/><D116/><U99/><E131/><V51/><F92/><W97/><G86/><T120/><D120/><U89/><E5/><V3/><F128/><W6/><G6/><T93/><D105/><N who="1" m="63655" /><E48/><V91/><F91/><W121/><G121/><T44/><D60/><U90/><E22/><V39/><F39/><W107/><G107/><T18/><D18/><U11/><E11/><V124/><F124/><W77/><G102/><T20/><D30/><U117/><E117/><V123/><F123/><W133/><G133/><T2/><D2/><U9/><E9/><V49/><F19/><N who="3" m="10487" /><G50/><N who="0" m="26903" /><D45/><U103/><E64/><V12/><F3/><W129/><G129/><T127/><D127/><U58/><E58/><V29/><REACH who="2" step="1"/><F65/><REACH who="2" ten="370,346,88,186" step="2"/><W63/><G94/><T109/><D109/><U68/><E66/><V114/><F114/><W8/><G100/><T135/><D135/><U106/><E68/><V70/><F70/><W130/><G130/><T43/><D43/><AGARI ba="0,1" hai="4,10,12,25,29,32,33,34,43,46,49,51,54,56" machi="43" ten="30,2000,0" yaku="1,1,7,1,53,0" doraHai="125" doraHaiUra="134" who="2" fromWho="0" sc="370,-20,346,0,88,30,186,0" /><INIT seed="2,0,0,1,4,131" ten="350,346,118,186" oya="2" hai0="58,15,67,113,75,17,122,21,127,3,116,39,44" hai1="33,89,84,119,88,9,61,70,123,11,54,41,20" hai2="4,92,98,85,8,48,22,69,55,40,80,28,56" hai3="96,86,10,97,37,25,34,47,24,77,23,125,117"/><V133/><F69/><W59/><G117/><T7/><D122/><U71/><E33/><V112/><F112/><W124/><G59/><T49/><D113/><U121/><E119/><V35/><F35/><W100/><G10/><T36/><D75/><U32/><E32/><V60/><F133/><W83/><G34/><T128/><D116/><U2/><E41/><V51/><F40/><N who="3" m="22927" /><G23/><T43/><D127/><N who="3" m="48713" /><G97/><T106/><D58/><N who="1" m="35031" /><E20/><V82/><F22/><W68/><G68/><T65/><D65/><U126/><E11/><V104/><F28/><W62/><G62/><T14/><D67/><U57/><E57/><V102/><F60/><W134/><G134/><T107/><D39/><U101/><E101/><V87/><F51/><W91/><G77/><T95/><D36/><U111/><E89/><V26/><F26/><W78/><G78/><T1/><D49/><U73/><E73/><V31/><F31/><W109/><G109/><T30/><D30/><U114/><E111/><V53/><F53/><W0/><G0/><T79/><D79/><U99/><E99/><V130/><F130/><W105/><AGARI ba="0,0" hai="24,25,83,86,91,96,100,105" m="48713,22927" machi="105" ten="30,1100,0" yaku="18,1" doraHai="131" who="3" fromWho="3" sc="350,-3,346,-3,118,-5,186,11" /><INIT seed="3,0,0,5,4,58" ten="347,343,113,197" oya="3" hai0="26,10,21,78,68,122,66,56,118,72,1,9,15" hai1="74,60,120,70,130,65,79,124,104,81,109,23,19" hai2="57,8,44,22,25,43,14,52,97,12,31,115,92" hai3="6,41,55,37,131,103,134,62,87,36,33,128,117"/><W0/><G103/><T125/><D118/><U113/><E120/><V94/><F115/><W107/><G33/><T91/><D122/><U132/><E113/><V114/><F114/><W73/><G87/><T116/><D68/><U35/><E35/><V85/><F85/><W46/><G6/><T2/><D116/><U99/><E132/><V38/><F8/><W32/><G107/><T45/><D125/><U4/><E124/><V20/><F20/><W96/><G96/><T27/><D91/><U71/><E4/><V3/><F3/><W135/><G32/><T24/><D45/><U98/><E130/><N who="3" m="49706" /><G73/><T88/><D72/><U106/><E98/><V39/><F39/><N who="3" m="21823" /><G0/><T126/><D1/><U53/><E99/><V5/><F5/><W121/><G121/><T133/><D2/><U129/><E129/><V76/><F76/><W34/><G34/><T50/><D78/><U13/><E106/><V93/><REACH who="2" step="1"/><F97/><REACH who="2" ten="347,343,103,197" step="2"/><W16/><G117/><T54/><D9/><U95/><E104/><V83/><F83/><W105/><G105/><T86/><D126/><U28/><E95/><V49/><AGARI ba="0,1" hai="12,14,22,25,31,38,43,44,49,52,57,92,93,94" machi="49" ten="30,12000,2" yaku="1,1,0,1,54,1,53,3" doraHai="58" doraHaiUra="89" who="2" fromWho="2" sc="347,-30,343,-30,103,130,197,-60" owari="317,41.7,313,11.3,233,-16.7,137,-36.3" /></mjloggm>