<mjloggm ver="2.3"><GO type="225" lobby="0"/><UN n0="%6D%75%75%6D%75%72%61" n1="%E3%81%95%E3%81%8D%E3%81%9F%E3%81%BE%E6%9E%97%E6%AA%8E" n2="%E6%A0%B9%E5%85%83%E3%81%8B%E3%82%89%E5%90%B9%E3%81%A3%E9%A3%9B%E3%81%B6" n3="%E3%81%BF%E3%81%BF%E3%81%9A" dan="16,16,16,17" rate="2137.61,2130.46,2178.90,2250.24" sx="F,M,F,M"/><TAIKYOKU oya="0"/><INIT seed="0,0,0,4,1,127" ten="250,250,250,250" oya="0" hai0="92,75,52,34,39,11,78,33,121,25,38,28,18" hai1="124,96,90,56,73,40,0,107,84,112,51,7,49" hai2="74,46,102,95,36,64,13,2,16,72,54,131,58" hai3="89,119,68,110,20,57,63,79,42,129,10,14,61"/><T113/><D113/><U69/><E124/><V53/><F2/><W135/><G119/><T4/><D121/><U66/><E73/><V85/><F131/><W94/><G110/><T65/><D34/><U128/><E128/><V8/><F36/><W77/><G129/><T45/><D65/><U130/><E130/><V27/><F74/><W111/><G111/><T133/><D133/><U62/><E112/><V106/><F72/><W101/><G135/><T47/><D18/><U97/><E69/><V109/><F109/><W32/><G101/><T126/><D126/><U120/><E120/><V5/><F106/><W26/><G42/><T50/><D92/><U88/><E107/><V35/><F46/><W41/><G41/><T71/><D71/><U80/><E0/><V103/><F64/><W125/><G32/><T1/><REACH who="0" step="1"/><D45/><REACH who="0" ten="240,250,250,250" step="2"/><N who="1" m="25767" /><E7/><V70/><F70/><W132/><G68/><T31/><D31/><U116/><E116/><V3/><F35/><W21/><G132/><T93/><D93/><N who="1" m="56359" /><E51/><V9/><F5/><N who="3" m="3407" /><G125/><T17/><D17/><U117/><E117/><V29/><F16/><N who="3" m="12551" /><G21/><T108/><D108/><U87/><E80/><AGARI ba="0,1" hai="1,4,11,25,28,33,38,39,47,50,52,75,78,80" machi="80" ten="40,7700,0" yaku="1,1,54,1,53,1" doraHai="127" doraHaiUra="30" who="0" fromWho="1" sc="240,87,250,-77,250,0,250,0" /><INIT seed="0,1,0,0,5,112" ten="327,173,250,250" oya="0" hai0="1,50,109,94,16,118,73,101,113,58,124,96,116" hai1="0,104,134,26,2,132,67,72,6,57,40,111,29" hai2="30,84,14,42,86,24,119,100,106,20,11,80,59" hai3="120,76,35,13,82,95,105,60,71,21,115,65,129"/><T125/><D113/><U126/><E111/><V98/><F42/><W19/><G115/><T123/><D123/><U81/><E126/><N who="0" m="48745" /><D109/><U103/><E57/><V46/><F46/><W22/><G105/><T61/><D1/><U97/><E40/><V17/><F59/><W107/><G107/><T3/><D3/><U44/><E44/><V114/><F114/><W102/><G35/><T9/><D50/><U127/><E67/><V64/><F64/><W90/><G102/><T55/><D73/><U92/><E92/><V33/><F119/><W121/><G129/><T69/><D69/><U83/><E83/><V131/><F131/><W28/><G28/><T18/><D9/><U66/><E66/><V36/><F36/><W7/><G7/><T34/><D34/><N who="1" m="20791" /><E127/><V87/><REACH who="2" step="1"/><F33/><REACH who="2" ten="327,173,240,250" step="2"/><W63/><G121/><T27/><D27/><U62/><E62/><V135/><F135/><N who="1" m="51753" /><E6/><V108/><F108/><W32/><G120/><T77/><D77/><AGARI ba="1,1" hai="0,2,72,77,81,97,103,104" m="51753,20791" machi="77" ten="30,2000,0" yaku="20,1,23,1" doraHai="112" who="1" fromWho="0" sc="327,-23,173,33,240,0,250,0" /><AGARI ba="1,0" hai="11,14,17,20,24,30,77,80,84,86,87,98,100,106" machi="77" ten="30,2000,0" yaku="1,1,7,1,53,0" doraHai="112" doraHaiUra="128" who="2" fromWho="0" sc="304,-20,206,0,240,20,250,0" /><INIT seed="1,0,0,5,3,50" ten="284,206,260,250" oya="1" hai0="114,5,86,89,80,118,97,113,54,70,20,58,120" hai1="19,1,45,84,35,6,15,13,121,123,23,49,128" hai2="16,96,73,46,87,75,28,134,26,129,42,82,107" hai3="78,59,40,18,106,104,132,101,130,22,10,109,83"/><U0/><E84/><V98/><F129/><W108/><G130/><T92/><D118/><U51/><E128/><V65/><F134/><W53/><G132/><T81/><D70/><U11/><E49/><V14/><F65/><W95/><G40/><T85/><D120/><N who="1" m="46155" /><E45/><V117/><F117/><W62/><G10/><T41/><D41/><U12/><E51/><N who="2" m="27095" /><F75/><N who="3" m="43487" /><G95/><T133/><D133/><U99/><E99/><N who="2" m="37931" /><F73/><W34/><G34/><T105/><D105/><U79/><E79/><N who="2" m="46559" /><F107/><W135/><G101/><T88/><D85/><U116/><E116/><V25/><F28/><W76/><G76/><T36/><D81/><U55/><E35/><V21/><AGARI ba="0,0" hai="14,16,21,25,26" m="46559,37931,27095" machi="21" ten="30,2000,0" yaku="8,1,54,1" doraHai="50" who="2" fromWho="2" sc="284,-5,206,-10,260,20,250,-5" /><INIT seed="2,0,0,5,5,107" ten="279,196,280,245" oya="2" hai0="23,109,32,85,98,18,117,2,116,106,9,62,133" hai1="123,4,8,79,68,39,61,97,134,101,102,24,91" hai2="3,86,52,15,94,105,124,84,71,28,108,82,43" hai3="59,58,22,49,45,34,33,27,89,87,119,111,29"/><V48/><F3/><W65/><G111/><T41/><D32/><U35/><E134/><V95/><F105/><W12/><G119/><T55/><D133/><U37/><E79/><V103/><F71/><W56/><G65/><T121/><D121/><U26/><E123/><V78/><F124/><W72/><G72/><T19/><D109/><U60/><E91/><V113/><F113/><W74/><G74/><T100/><D41/><U53/><E61/><V96/><F28/><W31/><G12/><T131/><D131/><U0/><E102/><V1/><F1/><W99/><G99/><T125/><D125/><U57/><E26/><V76/><F43/><W104/><G104/><T21/><D85/><U92/><REACH who="1" step="1"/><E68/><REACH who="1" ten="279,186,280,245" step="2"/><V90/><F108/><W5/><G33/><T75/><D62/><U10/><E10/><V36/><F78/><W112/><G34/><T14/><D9/><U6/><E6/><V47/><F36/><W73/><G5/><T70/><D70/><U127/><E127/><V40/><F15/><W120/><G120/><T93/><D2/><U83/><E83/><V122/><F122/><W110/><G110/><T132/><D132/><U25/><E25/><V54/><AGARI ba="0,1" hai="40,47,48,52,54,76,82,84,86,90,94,95,96,103" machi="54" ten="30,6000,0" yaku="0,1,8,1,54,1" doraHai="107" who="2" fromWho="2" sc="279,-20,186,-20,280,70,245,-20" /><INIT seed="2,1,0,1,4,128" ten="259,166,350,225" oya="2" hai0="108,31,68,35,104,10,51,119,5,19,78,88,127" hai1="30,11,112,122,101,4,26,1,25,79,34,96,94" hai2="36,92,14,27,135,87,55,44,28,54,89,106,66" hai3="83,53,93,47,16,91,80,131,84,129,60,41,17"/><V107/><F135/><W42/><G131/><T114/><D114/><U15/><E112/><V32/><F66/><W120/><G120/><T133/><D104/><U50/><E122/><V22/><F55/><W43/><G129/><T64/><D78/><U65/><E1/><V63/><F36/><W71/><G71/><T38/><D38/><U40/><E79/><V49/><F63/><W99/><G83/><T86/><D108/><U124/><E124/><V39/><F39/><W76/><REACH who="3" step="1"/><G47/><REACH who="3" ten="259,166,350,215" step="2"/><T113/><D68/><U102/><E65/><V134/><F44/><W90/><G90/><T77/><D88/><U110/><E110/><V75/><F89/><W67/><G67/><T69/><D64/><U46/><REACH who="1" step="1"/><E26/><REACH who="1" ten="259,156,350,215" step="2"/><V48/><F27/><W23/><G23/><T20/><D20/><U125/><E125/><V29/><F22/><W117/><G117/><T85/><D119/><U24/><E24/><V121/><F121/><W58/><AGARI ba="1,2" hai="16,17,41,42,43,53,58,60,76,80,84,91,93,99" machi="58" ten="30,7900,0" yaku="1,1,0,1,8,1,54,1,53,0" doraHai="128" doraHaiUra="33" who="3" fromWho="3" sc="259,-21,156,-21,350,-40,215,102" /><INIT seed="3,0,0,2,3,107" ten="238,135,310,317" oya="3" hai0="87,26,35,78,11,7,126,63,122,37,22,121,66" hai1="32,4,110,46,51,75,41,113,64,65,72,34,119" hai2="19,58,131,24,133,127,2,98,124,36,76,45,92" hai3="33,84,120,28,3,102,71,129,93,10,16,42,90"/><W39/><G120/><T56/><D37/><U125/><E113/><V61/><F2/><W81/><G71/><T111/><D35/><U114/><E114/><V12/><F76/><W106/><G129/><T104/><D104/><U112/><E112/><V82/><F82/><W57/><G106/><T53/><D111/><U132/><E4/><V59/><F133/><W9/><G3/><T88/><D126/><N who="2" m="48170" /><F24/><W99/><G57/><N who="2" m="21513" /><F61/><W1/><G1/><T55/><D78/><U47/><E125/><V89/><F131/><W130/><G130/><T5/><D53/><U118/><E132/><V95/><F95/><W29/><G33/><N who="1" m="12906" /><E47/><V54/><F54/><W21/><G39/><T44/><D44/><U117/><E110/><V20/><F45/><W97/><G42/><T73/><D55/><U60/><E60/><V43/><F36/><W96/><G102/><T135/><D135/><U67/><AGARI ba="0,0" hai="41,46,51,64,65,67,72,75,117,118,119" m="12906" machi="67" ten="40,5200,0" yaku="12,1,52,2" doraHai="107" who="1" fromWho="1" sc="238,-13,135,52,310,-13,317,-26" /><INIT seed="4,0,0,5,3,47" ten="225,187,297,291" oya="0" hai0="86,42,5,89,57,112,120,65,109,71,64,55,73" hai1="56,36,105,61,116,135,3,1,33,19,30,117,21" hai2="134,51,45,27,97,7,93,59,108,121,11,133,114" hai3="24,9,118,132,74,39,81,28,52,130,63,70,43"/><T103/><D120/><U53/><E36/><V2/><F108/><W69/><G118/><T38/><D73/><U126/><E105/><V8/><F114/><W96/><G52/><T119/><D119/><U75/><E75/><V46/><F27/><W127/><G63/><T18/><D71/><U92/><E117/><V68/><F68/><W16/><G16/><T13/><D38/><U115/><E116/><V85/><F85/><W25/><G25/><T23/><D42/><U91/><E135/><N who="2" m="51723" /><F11/><W98/><G98/><T102/><D112/><U124/><E115/><V123/><F59/><W128/><G9/><T100/><D5/><U94/><E33/><V48/><F46/><N who="3" m="23935" /><G96/><T14/><D14/><N who="1" m="9463" /><E30/><V40/><F51/><W88/><G127/><N who="1" m="48682" /><E94/><V4/><F4/><W44/><G44/><T54/><D109/><U35/><E35/><V67/><F67/><W29/><G29/><T62/><D55/><U34/><E34/><V31/><F31/><W129/><G132/><T90/><D65/><U77/><E77/><V50/><F50/><W32/><G74/><T17/><D64/><U95/><E95/><V83/><F83/><W110/><G110/><T20/><D54/><U66/><E53/><V15/><F15/><W79/><G79/><T101/><D13/><U26/><E26/><V41/><F41/><W80/><G80/><T122/><D122/><U84/><AGARI ba="0,0" hai="1,3,56,61,66,84,91,92" m="48682,9463" machi="84" ten="30,1100,0" yaku="18,1" doraHai="47" who="1" fromWho="1" sc="225,-5,187,11,297,-3,291,-3" /><INIT seed="5,0,0,1,5,77" ten="220,198,294,288" oya="1" hai0="6,94,60,41,56,27,54,13,16,114,18,21,131" hai1="87,92,113,111,33,29,123,4,99,30,76,67,17" hai2="1,7,78,24,83,57,37,130,134,10,44,49,14" hai3="103,125,135,121,15,12,107,71,26,95,120,108,110"/><U58/><E123/><N who="3" m="47178" /><G95/><T82/><D131/><U2/><E113/><V59/><F130/><W31/><G71/><T75/><D114/><U23/><E33/><V64/><F134/><W65/><G65/><T89/><D41/><U36/><E36/><V79/><F24/><W117/><G103/><T42/><D42/><U132/><E132/><V73/><F64/><W72/><G72/><T102/><D6/><U66/><E111/><N who="3" m="42538" /><G107/><T116/><D116/><U63/><E67/><V50/><F78/><W126/><G117/><T43/><D43/><U96/><E4/><V61/><F37/><W25/><G25/><T97/><D75/><U32/><E32/><V106/><F106/><W68/><G68/><T51/><D60/><U40/><E40/><V46/><F61/><W112/><G135/><T39/><D39/><U74/><E74/><V35/><F35/><N who="3" m="20983" /><G112/><T98/><D98/><N who="1" m="37419" /><E2/><V11/><F11/><W55/><G55/><T100/><D100/><U90/><E76/><V104/><F104/><W53/><G53/><T80/><D102/><U9/><E9/><AGARI ba="0,0" hai="9,13,16,18,21,27,51,54,56,80,82,89,94,97" machi="9" ten="30,8000,1" yaku="7,1,8,1,52,2,54,1" doraHai="77" who="0" fromWho="1" sc="220,80,198,-80,294,0,288,0" owari="300,40.0,118,-38.2,294,9.4,288,-11.2" /></mjloggm>