<mjloggm ver="2.3"><GO type="225" lobby="0"/><UN n0="%E3%83%B4%E3%83%A0%EF%BC%99%E3%81%A6" n1="%E3%81%BF%E3%81%BF%E3%81%9A" n2="%E7%AD%89%E3%80%85%E5%8A%9B%E5%8A%87%E5%A0%B4" n3="%E3%81%82%E3%81%99%E3%81%AB%E3%82%83%E3%82%80" dan="17,17,16,16" rate="2188.40,2203.18,2126.91,2160.82" sx="M,M,M,F"/><TAIKYOKU oya="0"/><INIT seed="0,0,0,4,0,67" ten="250,250,250,250" oya="0" hai0="77,121,33,92,18,83,62,89,54,7,44,59,22" hai1="29,9,103,32,127,23,135,110,82,102,16,10,113" hai2="65,125,26,50,116,34,49,86,35,25,105,114,80" hai3="88,40,14,68,120,24,37,21,106,55,31,17,58"/><T69/><D121/><U100/><E110/><V87/><F65/><W60/><G106/><T43/><D33/><U2/><E135/><V90/><F105/><W66/><G120/><T3/><D3/><U1/><E127/><V118/><F80/><W70/><G66/><T104/><D104/><U85/><E113/><V56/><F56/><W8/><REACH who="3" step="1"/><G88/><REACH who="3" ten="250,250,250,240" step="2"/><T64/><D89/><N who="1" m="51383" /><E32/><V126/><F90/><W57/><G57/><T74/><D92/><U123/><E123/><V63/><F114/><W107/><G107/><T133/><D133/><U47/><E1/><V112/><F112/><W95/><G95/><T6/><D44/><AGARI ba="0,1" hai="8,14,17,21,24,31,37,40,44,55,58,60,68,70" machi="44" ten="40,5200,0" yaku="1,1,52,2,53,0" doraHai="67" doraHaiUra="81" who="3" fromWho="0" sc="250,-52,250,0,250,0,240,62" /><INIT seed="1,0,0,1,1,12" ten="198,250,250,302" oya="1" hai0="4,8,33,15,43,21,77,35,37,58,94,81,73" hai1="31,11,3,42,78,131,17,93,52,85,63,121,26" hai2="68,123,23,117,22,112,100,98,107,34,120,88,61" hai3="36,110,45,84,25,79,6,92,99,5,133,0,82"/><U20/><E121/><V24/><F117/><W19/><G110/><T48/><D94/><U97/><E131/><V95/><F112/><W109/><G109/><T18/><D37/><U116/><E116/><V119/><F119/><W66/><G133/><T125/><D125/><U44/><E78/><V14/><F34/><W91/><G0/><T46/><REACH who="0" step="1"/><D58/><REACH who="0" ten="188,250,250,302" step="2"/><N who="1" m="35271" /><E85/><V47/><F123/><W108/><G108/><T72/><D72/><U2/><E11/><V56/><F120/><W135/><G36/><T122/><D122/><U28/><E2/><AGARI ba="0,1" hai="2,4,8,15,18,21,33,35,43,46,48,73,77,81" machi="2" ten="30,3900,0" yaku="1,1,7,1,52,1,53,0" doraHai="12" doraHaiUra="83" who="0" fromWho="1" sc="188,49,250,-39,250,0,302,0" /><INIT seed="2,0,0,0,2,64" ten="237,211,250,302" oya="2" hai0="119,42,114,49,63,97,12,102,80,81,95,51,123" hai1="61,94,118,78,52,21,74,59,11,24,86,29,23" hai2="19,47,124,57,31,111,39,130,66,88,56,45,127" hai3="71,22,106,44,18,125,37,34,84,33,77,93,0"/><V58/><F31/><W25/><G106/><T2/><D123/><U15/><E118/><V104/><F104/><W107/><G107/><T90/><D2/><U98/><E74/><V133/><F133/><W14/><G0/><T38/><D114/><U131/><E131/><V79/><F79/><W72/><G72/><T134/><D119/><U8/><E78/><V92/><F130/><W65/><G125/><N who="2" m="48201" /><F111/><W30/><G37/><T54/><D134/><U76/><E76/><V87/><F39/><W100/><G44/><N who="2" m="16969" /><F19/><W55/><G55/><T53/><D38/><U108/><E86/><V91/><F91/><W129/><G129/><T82/><D42/><U13/><E108/><V69/><F66/><W40/><G40/><T121/><D121/><U26/><E8/><V46/><F46/><W4/><G77/><T6/><D90/><N who="1" m="55639" /><E11/><V27/><F27/><W48/><G34/><T120/><D120/><U67/><E67/><V132/><F132/><W3/><G65/><T89/><D89/><U62/><E61/><V20/><F20/><W128/><G22/><T50/><D63/><U73/><E73/><V10/><F10/><AGARI ba="0,0" hai="6,10,12,49,50,51,53,54,80,81,82,95,97,102" machi="10" ten="40,1300,0" yaku="8,1" doraHai="64" who="0" fromWho="2" sc="237,13,211,0,250,-13,302,0" /><INIT seed="3,0,0,5,0,39" ten="250,211,237,302" oya="3" hai0="118,104,67,25,15,123,133,79,135,48,19,115,66" hai1="16,36,107,60,53,134,18,127,41,114,30,35,113" hai2="75,51,119,71,34,128,3,31,129,132,46,0,37" hai3="73,91,38,72,8,50,10,80,22,81,33,84,1"/><W101/><G38/><T65/><D118/><U83/><E107/><V17/><F119/><W24/><G33/><T77/><D123/><U2/><E2/><V62/><F75/><W93/><G101/><T14/><D104/><U9/><E127/><V86/><F37/><W78/><G1/><T109/><D109/><U131/><E131/><N who="2" m="50251" /><F132/><N who="0" m="50762" /><D115/><U29/><E134/><V13/><F86/><W44/><G81/><T27/><D48/><U103/><E103/><V89/><F89/><W11/><G73/><T69/><D69/><U32/><E36/><V47/><F47/><W105/><G105/><T20/><D14/><U4/><E83/><V99/><F99/><W111/><G111/><T87/><D87/><U74/><E74/><V23/><F62/><W94/><G78/><AGARI ba="0,0" hai="15,19,20,25,27,65,66,67,77,78,79" m="50762" machi="78" ten="30,1000,0" yaku="20,1" doraHai="39" who="0" fromWho="3" sc="250,10,211,0,237,0,302,-10" /><INIT seed="4,0,0,2,5,54" ten="260,211,237,292" oya="0" hai0="2,74,120,119,93,13,42,129,78,113,5,85,43" hai1="12,102,64,66,53,4,61,19,84,31,16,14,32" hai2="94,104,37,97,41,57,83,91,126,65,121,98,40" hai3="109,6,55,56,29,69,63,35,26,18,116,122,39"/><T24/><D119/><U108/><E108/><V58/><F121/><W36/><G109/><T127/><D120/><U75/><E75/><V131/><F131/><W82/><G116/><T15/><D2/><U0/><E0/><V111/><F111/><W38/><G122/><T95/><D129/><U67/><E32/><V62/><F126/><W77/><G6/><T86/><D74/><U10/><E31/><V110/><F110/><W79/><G69/><T50/><D113/><U68/><E102/><V23/><F37/><W33/><G33/><T80/><D127/><U34/><E34/><V96/><F104/><W48/><G18/><T87/><D24/><U134/><E134/><V76/><F23/><W11/><G11/><N who="0" m="4335" /><D15/><U17/><E68/><V44/><F83/><W124/><G124/><T114/><D114/><U117/><E117/><V125/><F76/><W59/><REACH who="3" step="1"/><G82/><REACH who="3" ten="260,211,237,282" step="2"/><T21/><D21/><N who="1" m="11399" /><E84/><N who="0" m="32361" /><D42/><U128/><E128/><V101/><F40/><W20/><G20/><T73/><D73/><U105/><E105/><V60/><F125/><W46/><G46/><AGARI ba="0,1" hai="43,46,50,78,80,87,93,95" m="32361,4335" machi="46" ten="30,2900,0" yaku="25,1,8,1" doraHai="54" who="0" fromWho="3" sc="260,39,211,0,237,0,282,-29" /><INIT seed="4,1,0,5,3,44" ten="299,211,237,253" oya="0" hai0="61,58,2,131,26,120,115,45,29,71,88,55,60" hai1="56,25,96,123,32,46,133,91,1,102,130,122,57" hai2="65,62,134,53,73,109,51,108,107,24,70,75,38" hai3="13,105,4,119,11,127,54,117,82,103,129,118,35"/><T104/><D120/><U99/><E1/><V10/><F38/><W111/><G111/><T52/><D104/><U63/><E130/><V7/><F107/><W74/><G129/><T124/><D131/><U135/><E91/><V37/><F37/><W97/><G35/><T77/><D2/><U85/><E85/><V83/><F134/><N who="1" m="51209" /><E46/><V94/><F24/><W8/><G127/><T84/><D124/><U125/><E125/><V47/><F94/><W0/><G11/><T15/><D77/><U100/><E25/><V5/><F5/><W98/><G13/><T36/><D15/><U132/><N who="1" m="51217" /><U14/><DORA hai="81" /><E32/><V79/><REACH who="2" step="1"/><F75/><REACH who="2" ten="299,211,227,253" step="2"/><W101/><G74/><T110/><D26/><U22/><E123/><V28/><F28/><W69/><G117/><T34/><D29/><U89/><E122/><V72/><F72/><W114/><G118/><T76/><D36/><U16/><E89/><V121/><F121/><W3/><G119/><T43/><D88/><U6/><E6/><V106/><F106/><W128/><G128/><T27/><D27/><U67/><E57/><V66/><F66/><W33/><G0/><AGARI ba="1,1" hai="0,7,10,47,51,53,62,65,70,73,79,83,108,109" machi="0" ten="30,7700,0" yaku="1,1,7,1,52,1,53,1" doraHai="44,81" doraHaiUra="42,12" who="2" fromWho="3" sc="299,0,211,0,227,90,253,-80" owari="299,9.9,211,-18.9,317,41.7,173,-32.7" /></mjloggm>