<mjloggm ver="2.3"><GO type="225" lobby="0"/><UN n0="%E3%83%A9%E3%83%BC%E3%83%A1%E3%83%B3%E4%BA%94%E9%83%8E" n1="%E3%81%B2%E3%81%AA%E3%81%AE%E3%82%8A%E3%81%8F" n2="%4C%4F%4C%49%54%41" n3="%E5%AF%82%E5%AF%9E%E3%82%AE%E3%83%8D%E3%82%B9%E3%83%93%E3%83%BC%E3%83%AB" dan="16,17,16,16" rate="2088.03,2206.33,2180.91,2154.77" sx="M,M,F,M"/><TAIKYOKU oya="0"/><INIT seed="0,0,0,0,1,109" ten="250,250,250,250" oya="0" hai0="79,64,65,37,25,59,17,102,107,18,51,100,54" hai1="103,9,52,13,63,115,3,41,121,101,119,113,134" hai2="131,108,123,49,97,104,47,120,75,58,36,35,4" hai3="81,70,125,94,76,74,21,39,116,112,55,68,77"/><T5/><D37/><U110/><E119/><V85/><F75/><W24/><G116/><T128/><D128/><U8/><E110/><V80/><F108/><W40/><G76/><T78/><D5/><U82/><E121/><V26/><F131/><W14/><G125/><T15/><D25/><U53/><E134/><V93/><F104/><W62/><G14/><T129/><D129/><U44/><E3/><V23/><F35/><W38/><G112/><N who="1" m="43082" /><E82/><V111/><F111/><W130/><G130/><T20/><D107/><U28/><E28/><V127/><F127/><W124/><G124/><T95/><D18/><N who="1" m="8487" /><E9/><V88/><F4/><W33/><G81/><T126/><D126/><U99/><E63/><V122/><F122/><W1/><G62/><T117/><D117/><U12/><E12/><V6/><F6/><W22/><G1/><T56/><D78/><U91/><E91/><V10/><F10/><W98/><G77/><T84/><D79/><U89/><E89/><V45/><F123/><W87/><G24/><T118/><D118/><U132/><E132/><V19/><F120/><W32/><G32/><T42/><D102/><N who="1" m="38923" /><E99/><V66/><F97/><W48/><G98/><T69/><D100/><U46/><E46/><V2/><F2/><W27/><G27/><T61/><D61/><U67/><E67/><V96/><F66/><W105/><G105/><T30/><D64/><U50/><AGARI ba="0,0" hai="41,44,50,52,53" m="38923,8487,43082" machi="50" ten="30,8000,1" yaku="11,1,52,3,54,1" doraHai="109" who="1" fromWho="1" sc="250,-40,250,80,250,-20,250,-20" /><INIT seed="1,0,0,5,0,129" ten="210,330,230,230" oya="1" hai0="21,120,24,133,45,52,23,106,96,42,40,81,128" hai1="43,50,113,35,14,97,92,116,38,1,29,59,49" hai2="86,93,58,60,78,134,69,3,73,122,22,61,132" hai3="12,19,88,130,114,26,105,91,0,66,31,46,125"/><U110/><E113/><V108/><F122/><W112/><G105/><T84/><D128/><U87/><E1/><V121/><F121/><W11/><G130/><T65/><D120/><U123/><E116/><V83/><F3/><W54/><G66/><T47/><D65/><U117/><E117/><V5/><F5/><W27/><G125/><T118/><D118/><U36/><E50/><V77/><F108/><W41/><G54/><T72/><D72/><U131/><E131/><V9/><F9/><W16/><G0/><T94/><D106/><U111/><E87/><V63/><F69/><W119/><G119/><T64/><D64/><U90/><E14/><V80/><F93/><W100/><G100/><T17/><D21/><U18/><E18/><V44/><F22/><N who="3" m="15831" /><G114/><T15/><D15/><U33/><E123/><V68/><F68/><W13/><G27/><T99/><D99/><U75/><E75/><V55/><REACH who="2" step="1"/><F44/><REACH who="2" ten="210,330,220,230" step="2"/><W126/><G112/><T62/><D45/><U39/><E92/><V102/><F102/><W67/><G126/><T70/><D70/><U79/><E35/><V95/><F95/><W115/><G115/><T85/><D94/><U53/><E33/><V76/><F76/><W2/><G2/><T104/><D47/><U32/><E79/><V124/><F124/><W4/><G4/><T51/><D104/><U56/><E32/><V127/><F127/><W101/><G101/><T37/><D23/><U30/><E110/><V74/><F74/><W98/><G46/><T34/><D96/><U57/><E97/><V82/><F82/><W6/><G98/><RYUUKYOKU ba="0,1" sc="210,-10,330,-10,220,30,230,-10" hai2="55,58,60,61,63,73,77,78,80,83,86,132,134" /><INIT seed="2,1,1,2,1,21" ten="200,320,250,220" oya="2" hai0="68,6,51,85,19,114,123,84,105,15,61,91,59" hai1="54,27,55,108,34,30,83,33,90,24,36,92,75" hai2="127,106,62,119,49,47,63,95,94,17,8,86,41" hai3="72,42,32,28,89,117,130,97,18,74,99,129,96"/><V20/><F119/><W107/><G117/><T128/><D123/><U60/><E36/><V101/><F127/><W10/><G42/><T3/><D114/><U112/><E108/><V67/><F8/><W7/><G18/><T133/><D105/><U9/><E9/><V109/><F109/><W78/><G89/><T5/><D68/><U79/><E60/><V122/><F122/><W87/><G107/><T64/><D133/><U37/><E37/><V12/><F106/><W103/><G103/><T131/><D51/><U13/><E13/><V29/><F29/><W1/><G87/><N who="0" m="33355" /><D91/><U57/><E57/><V82/><F101/><W113/><G113/><T22/><D3/><U81/><E81/><V111/><F111/><W125/><G125/><T48/><D48/><U46/><E46/><V121/><F121/><W124/><G124/><T118/><D118/><U134/><E134/><V35/><F35/><W88/><G88/><T16/><D19/><U0/><E0/><V38/><F38/><W66/><G78/><T58/><D59/><U80/><E80/><V77/><REACH who="2" step="1"/><F63/><REACH who="2" ten="200,320,240,220" step="2"/><W4/><G32/><T120/><D120/><U115/><E115/><V50/><F50/><W52/><G28/><T104/><D104/><U56/><E112/><V65/><F65/><W116/><G116/><T110/><D110/><U26/><E34/><V102/><F102/><W73/><G66/><T25/><D64/><U11/><E33/><V93/><F93/><W76/><G10/><T69/><D61/><U100/><E30/><V132/><F132/><W53/><G1/><T14/><D58/><AGARI ba="1,2" hai="12,17,20,41,47,49,58,62,67,77,82,86,94,95" machi="58" ten="30,12000,1" yaku="1,1,6,1,7,1,8,1,53,1" doraHai="21" doraHaiUra="44" who="2" fromWho="0" sc="200,-123,320,0,240,143,220,0" /><INIT seed="2,2,0,4,0,23" ten="77,320,383,220" oya="2" hai0="63,60,91,81,15,64,117,16,132,105,116,76,115" hai1="56,17,49,66,135,90,84,42,27,82,133,96,104" hai2="65,71,70,110,118,40,5,0,30,109,97,103,25" hai3="114,131,130,111,73,59,44,24,88,127,124,113,45"/><V74/><F74/><W6/><G73/><T121/><D121/><U126/><E42/><V51/><F118/><W77/><G77/><T29/><D115/><N who="3" m="44041" /><G111/><N who="2" m="42505" /><F65/><W101/><G101/><T18/><D105/><U78/><E126/><N who="3" m="48170" /><G6/><T62/><D132/><U22/><E104/><V68/><F5/><W123/><G123/><T128/><D128/><N who="3" m="49193" /><G88/><T67/><D91/><U86/><E96/><V102/><F0/><W55/><G24/><T58/><D29/><U35/><E78/><V125/><F125/><W38/><G38/><T69/><D62/><AGARI ba="2,0" hai="44,45,55,59,62" m="49193,48170,44041" machi="62" ten="40,8000,1" yaku="11,1,18,1,19,1,34,2" doraHai="23" who="3" fromWho="0" sc="77,-86,320,0,383,0,220,86" owari="-9,-50.9,320,12.0,383,48.3,306,-9.4" /></mjloggm>