<mjloggm ver="2.3"><GO type="225" lobby="0"/><UN n0="%E3%81%8B%E3%82%8F%E3%81%A1%E3%82%83%E3%82%93%35%38" n1="%E7%99%BD%E5%92%B2%E8%8A%B1%E3%81%A1%E3%82%83%E3%82%93" n2="%E7%B5%82%E6%9C%AB%E3%81%AE%E6%95%91%E3%81%84" n3="%E3%81%B5%E3%81%98%E3%81%8B%E3%81%A4" dan="16,16,16,16" rate="2116.52,2087.00,2092.80,2102.22" sx="M,F,F,M"/><TAIKYOKU oya="0"/><INIT seed="0,0,0,1,5,94" ten="250,250,250,250" oya="0" hai0="114,33,88,53,91,59,24,115,85,82,13,105,67" hai1="132,108,97,116,96,35,81,60,57,29,78,47,42" hai2="103,69,15,95,130,87,121,83,56,8,66,133,113" hai3="28,90,4,107,46,49,100,99,50,18,73,125,93"/><T40/><D105/><U124/><E116/><V128/><F69/><W20/><G125/><T58/><D40/><U6/><E124/><V131/><F121/><W9/><G73/><T129/><D129/><U109/><E132/><V39/><F39/><W68/><G68/><T36/><D36/><U44/><E6/><V72/><F113/><W120/><G120/><T31/><D13/><U51/><E44/><V117/><F72/><W32/><G28/><T43/><D43/><U7/><E7/><V104/><F104/><W75/><G75/><T76/><D67/><N who="1" m="39311" /><E35/><V0/><F0/><W122/><G32/><T55/><D91/><U102/><E102/><V77/><F133/><W62/><G62/><T23/><D33/><U12/><E12/><V61/><F117/><W70/><G70/><T89/><D115/><U106/><E29/><V48/><F48/><W74/><G74/><T30/><D30/><U135/><E106/><V79/><F79/><W22/><G50/><N who="0" m="31031" /><D114/><U38/><E38/><V14/><REACH who="2" step="1"/><F8/><REACH who="2" ten="250,250,240,250" step="2"/><W16/><G107/><T92/><D92/><U80/><E135/><V86/><F86/><W111/><G122/><T3/><D3/><U26/><E78/><V41/><F41/><W127/><G127/><T52/><D55/><U10/><E10/><V21/><F21/><W34/><G34/><T54/><D54/><U101/><E42/><V118/><F118/><W71/><G22/><T2/><D2/><U25/><E51/><AGARI ba="0,1" hai="23,24,31,51,52,59,76,82,85,88,89" m="31031" machi="51" ten="30,5800,0" yaku="8,1,54,2" doraHai="94" who="0" fromWho="1" sc="250,68,250,-58,240,0,250,0" /><INIT seed="0,1,0,1,3,45" ten="318,192,240,250" oya="0" hai0="94,117,81,13,53,97,115,23,51,11,37,131,1" hai1="71,128,20,86,4,24,22,34,77,16,107,17,104" hai2="134,21,44,111,12,47,125,72,65,129,114,70,28" hai3="39,110,95,90,73,119,55,98,75,0,132,109,93"/><T80/><D115/><U40/><E128/><V67/><F72/><W84/><G39/><T82/><D37/><U8/><E71/><V33/><F33/><W35/><G35/><T78/><D117/><U135/><E135/><V89/><F111/><N who="3" m="42507" /><G0/><T83/><D1/><U25/><E34/><V76/><F125/><W130/><G119/><T7/><D23/><U52/><E40/><V100/><F76/><W54/><G132/><T32/><D32/><U124/><E124/><V63/><F100/><N who="3" m="60495" /><G130/><T91/><D131/><U27/><E27/><V41/><F114/><W38/><G38/><T102/><D102/><U31/><E31/><V103/><F103/><W99/><G55/><T123/><D123/><U127/><E127/><V116/><F116/><W36/><G36/><T126/><D126/><U3/><REACH who="1" step="1"/><E52/><REACH who="1" ten="318,182,240,250" step="2"/><V50/><F129/><W112/><G54/><T101/><D53/><U2/><E2/><V79/><F134/><W10/><G112/><T57/><D78/><U108/><E108/><V74/><F79/><W122/><G122/><T60/><D60/><U59/><E59/><V62/><F63/><W96/><G10/><T85/><D57/><U43/><E43/><V113/><F113/><W133/><G133/><T18/><D11/><U9/><E9/><V87/><F62/><W5/><G5/><T42/><D7/><U120/><E120/><V121/><F121/><W30/><G30/><T48/><D42/><U58/><E58/><V56/><F56/><W26/><G26/><T69/><D69/><U29/><E29/><V88/><F70/><W46/><G46/><RYUUKYOKU ba="1,1" sc="318,10,182,10,240,-30,250,10" hai0="13,18,48,51,80,81,82,83,85,91,94,97,101" hai1="3,4,8,16,17,20,22,24,25,77,86,104,107" hai3="73,75,84,90,95,96,99" /><INIT seed="0,2,1,2,1,25" ten="328,192,210,260" oya="0" hai0="71,107,76,69,64,18,10,108,7,2,89,24,75" hai1="98,27,93,49,65,44,122,133,73,124,68,120,134" hai2="130,84,116,50,45,1,132,15,20,82,38,103,106" hai3="19,60,59,12,39,128,9,40,119,70,29,131,41"/><T54/><D64/><U48/><E73/><V5/><F38/><W135/><G119/><T4/><D107/><U81/><E81/><V113/><F113/><W43/><G70/><T46/><D7/><U47/><E98/><V32/><F32/><W11/><G135/><N who="1" m="51722" /><E93/><V55/><F130/><N who="3" m="49707" /><G39/><T104/><D104/><U13/><E13/><V91/><F116/><W105/><G105/><T112/><D54/><N who="1" m="29959" /><E27/><V37/><F132/><W85/><G85/><T87/><D87/><U127/><E65/><V58/><F106/><W80/><G80/><T101/><D75/><U97/><E97/><V53/><F82/><W115/><G115/><T30/><D112/><U88/><E88/><V78/><F91/><W57/><G11/><T110/><D76/><U74/><E68/><V8/><F78/><W61/><G29/><T22/><D101/><U31/><E31/><V17/><F103/><W117/><G117/><T67/><D89/><U123/><E74/><V111/><F84/><W92/><G92/><T79/><D79/><U0/><E0/><V14/><F1/><W86/><G86/><T3/><D3/><U51/><E51/><V100/><F37/><W23/><G9/><T94/><D94/><U34/><E34/><V129/><F129/><W83/><G83/><T99/><D99/><U114/><E114/><V42/><F100/><W6/><G6/><T77/><D77/><U56/><E56/><AGARI ba="2,1" hai="12,19,23,40,41,43,56,57,59,60,61" m="49707" machi="56" ten="30,1000,0" yaku="19,1" doraHai="25" who="3" fromWho="1" sc="328,0,192,-16,210,0,260,26" /><INIT seed="1,0,0,5,0,59" ten="328,176,210,286" oya="1" hai0="22,108,103,81,129,3,28,131,20,27,123,118,88" hai1="74,32,65,68,134,4,130,133,79,63,36,9,106" hai2="124,48,18,113,72,94,8,6,2,67,77,115,29" hai3="104,86,1,62,93,31,66,50,73,5,132,56,96"/><U30/><E130/><N who="0" m="49673" /><D118/><U33/><E36/><V14/><F72/><W51/><G73/><T55/><D3/><N who="1" m="159" /><E106/><V24/><F77/><W125/><G132/><N who="1" m="50794" /><E30/><V109/><F48/><W25/><G125/><T47/><D123/><U19/><E19/><V44/><F44/><W84/><G104/><T23/><D103/><U17/><E17/><V45/><F45/><W57/><G5/><T83/><D108/><U52/><E52/><V100/><F109/><W105/><G1/><T78/><D55/><U71/><E71/><V89/><F124/><W38/><G38/><T61/><D47/><U91/><E91/><V69/><F100/><N who="3" m="60431" /><G105/><T95/><D78/><U16/><E16/><V121/><F121/><W21/><G51/><T70/><D28/><U40/><E40/><V49/><F49/><W110/><G110/><T99/><D27/><U53/><E53/><AGARI ba="0,0" hai="21,25,31,50,53,56,57,62,66,84,86" m="60431" machi="53" ten="30,3900,0" yaku="25,1,8,1,52,1" doraHai="59" who="3" fromWho="1" sc="328,0,176,-39,210,0,286,39" /><INIT seed="2,0,0,4,2,29" ten="328,137,210,325" oya="2" hai0="130,113,25,72,83,36,114,13,119,47,24,122,31" hai1="23,27,5,3,14,19,22,41,74,37,58,103,124" hai2="95,32,16,67,93,57,6,102,92,42,133,51,116" hai3="9,43,39,110,128,7,111,26,125,86,45,118,20"/><V44/><F116/><W64/><G118/><T54/><D119/><U96/><E124/><V76/><F133/><W61/><G125/><T115/><D122/><U50/><E74/><V21/><F32/><W112/><G112/><T126/><D126/><U132/><E132/><V8/><F76/><W117/><G117/><T53/><D25/><U100/><E37/><V94/><F67/><W129/><G86/><T131/><D13/><U49/><E41/><V59/><F102/><W123/><G20/><T75/><D36/><U11/><E58/><V70/><F70/><N who="3" m="42255" /><G26/><T40/><D40/><U2/><E2/><V28/><F28/><W71/><G71/><T106/><D106/><U108/><E100/><V68/><F68/><W62/><G62/><T81/><D47/><U105/><REACH who="1" step="1"/><E108/><REACH who="1" ten="328,127,210,325" step="2"/><N who="3" m="41514" /><G123/><T84/><D75/><U89/><E89/><V66/><F66/><W35/><G39/><T77/><D72/><U97/><E97/><V99/><F99/><W18/><G43/><T82/><D54/><U79/><E79/><V33/><F42/><W4/><G45/><T15/><D53/><U135/><E135/><V90/><F44/><W0/><G129/><N who="0" m="49163" /><D77/><U60/><E60/><V63/><F63/><W30/><G128/><T101/><D101/><U34/><E34/><V87/><F33/><W10/><G35/><N who="0" m="20967" /><D84/><U88/><E88/><V12/><REACH who="2" step="1"/><F51/><REACH who="2" ten="328,127,200,325" step="2"/><W104/><G104/><T65/><D65/><U80/><E80/><V120/><F120/><W73/><G73/><T91/><D91/><U69/><E69/><V121/><F121/><W55/><G30/><AGARI ba="0,2" hai="3,5,11,14,19,22,23,27,30,49,50,96,103,105" machi="30" ten="30,2000,0" yaku="1,1,7,1,53,0" doraHai="29" doraHaiUra="85" who="1" fromWho="3" sc="328,0,127,40,200,0,325,-20" /><INIT seed="3,0,0,0,3,83" ten="328,167,200,305" oya="3" hai0="112,64,120,33,3,81,126,77,18,13,35,41,39" hai1="31,7,57,85,109,56,121,93,101,29,15,32,26" hai2="9,90,37,73,17,6,75,24,46,50,45,8,51" hai3="102,69,122,14,114,127,10,132,71,110,19,92,133"/><W16/><G122/><T36/><D3/><U47/><E121/><V20/><F37/><W52/><G114/><T95/><D120/><U100/><E109/><V116/><F116/><W66/><G127/><T5/><D5/><U1/><E1/><V0/><F8/><W89/><G102/><T135/><D64/><U23/><E32/><V43/><REACH who="2" step="1"/><F90/><REACH who="2" ten="328,167,190,305" step="2"/><W4/><G110/><T91/><D39/><U130/><E130/><V59/><F59/><N who="1" m="22601" /><E31/><V79/><F79/><W131/><G131/><T74/><D36/><U49/><E7/><V34/><F34/><W44/><G71/><T94/><D35/><U106/><E106/><V78/><F78/><W55/><G69/><T125/><D91/><N who="1" m="53487" /><E15/><V119/><F119/><W40/><G66/><T103/><D33/><U12/><E12/><V63/><F63/><W2/><G2/><T105/><D125/><U42/><AGARI ba="0,1" hai="23,26,29,42,47,49,100,101" m="53487,22601" machi="42" ten="30,2000,0" yaku="8,1,52,1" doraHai="83" who="1" fromWho="1" sc="328,-5,167,30,190,-5,305,-10" owari="323,42.3,197,-20.3,185,-31.5,295,9.5" /></mjloggm>