<mjloggm ver="2.3"><GO type="225" lobby="0"/><UN n0="%E3%82%A2%E3%83%BC%E3%83%A2%E3%83%AD%E3%83%BC%E3%83%B4%E3%82%A1" n1="%48%61%61%61%6C%61%6E%64" n2="%E9%B3%B3%E6%9D%B1%E3%81%AE%E3%81%BF%E3%81%91%E3%81%AB%E3%82%83%E3%82%93" n3="%E6%A1%9C%E8%8A%B1%E9%96%83%E3%80%85" dan="16,18,17,16" rate="2155.40,2300.45,2140.70,2103.89" sx="M,M,F,M"/><TAIKYOKU oya="0"/><INIT seed="0,0,0,5,5,74" ten="250,250,250,250" oya="0" hai0="81,49,63,102,134,87,57,24,22,40,69,77,53" hai1="43,4,27,127,25,50,89,111,58,82,9,12,16" hai2="66,86,21,91,44,128,124,107,3,67,122,55,133" hai3="103,5,10,72,84,35,0,93,79,115,95,42,125"/><T26/><D134/><U68/><E68/><V18/><F122/><W118/><G118/><T106/><D106/><U52/><E111/><V41/><F3/><W99/><G115/><T100/><D26/><N who="1" m="9739" /><E127/><V101/><F124/><W119/><G119/><T94/><D94/><U113/><E113/><V117/><F117/><W92/><G35/><T71/><D69/><U130/><E130/><V78/><F128/><W80/><G125/><T75/><D75/><U29/><E29/><V109/><F109/><W60/><G60/><T129/><D129/><U19/><E43/><V83/><F55/><W31/><G31/><T28/><REACH who="0" step="1"/><D71/><REACH who="0" ten="240,250,250,250" step="2"/><U30/><E30/><V62/><F133/><W14/><G72/><T76/><D76/><U8/><E8/><V48/><F107/><W39/><G93/><T121/><D121/><U120/><E120/><V51/><F78/><W114/><G95/><T98/><D98/><U61/><E61/><V123/><F62/><W97/><G97/><T34/><D34/><U56/><E56/><V1/><F123/><W59/><G114/><T105/><D105/><U37/><E37/><V11/><F11/><W135/><G59/><T45/><AGARI ba="0,1" hai="22,24,28,40,45,49,53,57,63,77,81,87,100,102" machi="45" ten="30,11700,0" yaku="1,1,0,1,8,1,52,1,53,0" doraHai="74" doraHaiUra="88" who="0" fromWho="0" sc="240,127,250,-39,250,-39,250,-39" /><INIT seed="0,1,0,3,0,59" ten="367,211,211,211" oya="0" hai0="118,121,55,71,60,80,72,92,122,76,99,130,106" hai1="44,115,32,95,0,26,114,102,61,41,107,9,112" hai2="6,119,14,113,90,93,39,25,15,79,81,85,46" hai3="63,116,33,51,100,96,91,45,4,47,98,31,1"/><T84/><D118/><U101/><E107/><V134/><F119/><W82/><G116/><T132/><D132/><U43/><E95/><V125/><F113/><W17/><G1/><T56/><D130/><U88/><E88/><V58/><F134/><W128/><G4/><T48/><D71/><U53/><E0/><V66/><F125/><W28/><G128/><T36/><D36/><U70/><E9/><V64/><F39/><W108/><G108/><T104/><D48/><N who="1" m="26639" /><E43/><V133/><F25/><W110/><G96/><T120/><REACH who="0" step="1"/><D72/><REACH who="0" ten="357,211,211,211" step="2"/><U10/><E70/><V78/><F133/><W42/><G51/><T22/><D22/><U49/><E49/><V12/><F6/><W97/><G110/><T27/><D27/><U67/><E26/><V7/><F7/><W69/><G69/><T126/><D126/><U23/><E23/><V129/><F129/><W54/><G42/><T38/><D38/><U62/><E32/><V2/><F2/><W34/><G33/><T73/><D73/><U24/><E24/><V127/><F127/><W117/><G34/><T94/><D94/><U50/><E115/><V75/><F75/><W30/><G117/><T109/><D109/><U131/><E114/><V13/><F93/><W5/><G30/><T19/><D19/><U11/><E112/><V57/><F14/><W20/><G17/><T68/><D68/><N who="1" m="42095" /><E131/><V89/><F13/><W21/><G31/><T65/><D65/><U74/><E74/><V35/><F12/><W77/><G28/><T103/><AGARI ba="1,1" hai="55,56,60,76,80,84,92,99,103,104,106,120,121,122" machi="103" ten="30,6000,0" yaku="1,1,0,1,52,1,53,0" doraHai="59" doraHaiUra="40" who="0" fromWho="0" sc="357,73,211,-21,211,-21,211,-21" /><INIT seed="0,2,0,4,3,66" ten="430,190,190,190" oya="0" hai0="97,20,109,132,4,114,11,48,113,121,116,128,77" hai1="46,96,106,76,9,24,14,31,26,85,101,62,51" hai2="21,90,25,10,75,129,44,73,108,38,71,93,70" hai3="6,86,68,3,57,74,47,15,103,37,117,63,45"/><T41/><D116/><U13/><E62/><V49/><F38/><W112/><G117/><T95/><D121/><U110/><E110/><V17/><F108/><W52/><G112/><T28/><D109/><U18/><E31/><V30/><F129/><W5/><G74/><T32/><D128/><U42/><E76/><V72/><F10/><W22/><G3/><T53/><D132/><U64/><E64/><V123/><F30/><W81/><G103/><T7/><D32/><U29/><E29/><V118/><F123/><W92/><G92/><T120/><D120/><U65/><E65/><V80/><F80/><W87/><G68/><T102/><D41/><U59/><E59/><V104/><F104/><W127/><G127/><T124/><D124/><U2/><E2/><V36/><F36/><W105/><G105/><T99/><D77/><U91/><REACH who="1" step="1"/><E14/><REACH who="1" ten="430,180,190,190" step="2"/><V98/><REACH who="2" step="1"/><F118/><REACH who="2" ten="430,180,180,190" step="2"/><W134/><G134/><T130/><D28/><U88/><E88/><V111/><F111/><W79/><G79/><T58/><D130/><U35/><E35/><V16/><F16/><W133/><G133/><T8/><D113/><U67/><E67/><V78/><F78/><W39/><G5/><T107/><D114/><U135/><E135/><V94/><F94/><AGARI ba="2,2" hai="9,13,18,24,26,42,46,51,85,91,94,96,101,106" machi="94" ten="30,7700,0" yaku="1,1,7,1,53,2" doraHai="66" doraHaiUra="23" who="1" fromWho="2" sc="430,0,180,103,180,-83,190,0" /><INIT seed="1,0,0,5,5,95" ten="430,283,97,190" oya="1" hai0="35,63,0,32,29,51,96,39,133,99,26,38,6" hai1="45,106,72,118,37,77,42,103,10,82,121,28,81" hai2="89,8,48,128,100,87,50,73,122,9,59,2,14" hai3="91,30,98,66,4,101,120,31,86,47,24,44,40"/><U90/><E118/><V22/><F122/><W36/><G120/><T123/><D123/><U3/><E121/><V119/><F119/><W125/><G125/><T58/><D35/><U129/><E129/><V124/><F73/><W27/><G4/><T69/><D69/><U56/><E28/><V19/><F124/><W115/><G66/><T62/><D51/><U12/><E56/><V97/><F128/><W67/><G67/><T107/><D63/><U11/><E3/><V85/><F2/><W64/><G64/><T21/><D133/><U18/><E11/><V5/><F5/><W131/><G47/><T117/><D107/><U102/><REACH who="1" step="1"/><E106/><REACH who="1" ten="430,273,97,190" step="2"/><V52/><F48/><W43/><G31/><T92/><D117/><U25/><E25/><V76/><F76/><W23/><G24/><T61/><D29/><U49/><E49/><V105/><REACH who="2" step="1"/><F85/><AGARI ba="0,1" hai="10,12,18,37,42,45,72,77,81,82,85,90,102,103" machi="85" ten="40,2000,0" yaku="1,1,53,0" doraHai="95" doraHaiUra="109" who="1" fromWho="2" sc="430,0,273,30,97,-20,190,0" /><INIT seed="1,1,0,2,4,44" ten="430,303,77,190" oya="1" hai0="18,133,77,10,52,76,1,80,32,30,87,21,105" hai1="9,134,101,5,83,54,4,25,28,49,86,27,70" hai2="56,123,17,90,98,11,53,45,7,126,3,117,0" hai3="91,111,37,57,107,8,124,66,112,19,13,110,16"/><U97/><E134/><V106/><F117/><W62/><G112/><T129/><D105/><U114/><E70/><V61/><F123/><W64/><G124/><T55/><D133/><U82/><E114/><V63/><F126/><W20/><G37/><T47/><D129/><U79/><E83/><V15/><F63/><W41/><G107/><T46/><D76/><U74/><E74/><V116/><F116/><W128/><G128/><T51/><D32/><U119/><E119/><V71/><F71/><W92/><G41/><N who="0" m="25039" /><D47/><U125/><E125/><V115/><F115/><W38/><G38/><T59/><D1/><U48/><E54/><V93/><F106/><W89/><G66/><T95/><D59/><U103/><E27/><V36/><REACH who="2" step="1"/><F7/><REACH who="2" ten="430,303,67,190" step="2"/><W120/><G120/><T132/><D132/><U34/><E4/><V121/><F121/><W29/><G110/><T130/><D130/><U69/><E69/><V12/><F12/><N who="3" m="7175" /><G111/><T72/><D72/><U31/><E5/><V60/><F60/><W58/><G62/><T84/><D55/><U118/><E118/><V85/><F85/><W94/><G64/><T122/><D52/><U65/><E65/><V113/><F113/><W14/><G14/><N who="0" m="7511" /><D122/><U68/><E68/><V108/><F108/><W42/><G13/><T23/><D87/><U40/><E86/><V67/><F67/><W73/><G73/><T26/><D95/><U33/><E97/><V6/><F6/><W99/><G94/><T131/><D131/><U2/><E2/><V24/><F24/><W78/><G92/><T102/><D26/><U100/><E25/><RYUUKYOKU ba="1,1" sc="430,-10,303,-10,67,30,190,-10" hai2="0,3,11,15,17,36,45,53,56,61,90,93,98" /><INIT seed="2,2,1,4,4,26" ten="420,293,97,180" oya="2" hai0="22,115,0,48,90,4,119,44,73,53,80,11,126" hai1="129,10,29,62,74,42,32,84,52,34,30,134,116" hai2="54,75,3,92,2,135,33,86,101,37,1,120,133" hai3="36,59,76,112,5,61,39,56,23,21,38,58,57"/><V13/><F120/><W106/><G106/><T97/><D115/><U70/><E74/><V110/><F75/><W27/><G112/><T72/><D126/><U65/><E116/><V7/><F37/><W118/><G118/><T81/><D119/><U15/><E42/><V104/><F104/><W109/><G109/><T17/><D80/><U46/><E129/><V43/><F43/><W6/><G76/><T31/><D31/><U128/><E128/><V88/><F101/><W95/><G95/><T28/><D28/><U82/><E134/><N who="2" m="51211" /><F110/><W131/><G131/><T20/><D20/><U132/><E132/><V35/><F54/><W8/><G27/><T12/><D97/><U114/><E114/><V49/><F49/><W123/><G123/><T71/><D71/><U117/><E117/><V68/><F68/><W102/><G102/><T113/><D113/><U25/><E25/><V103/><F103/><W51/><G51/><T89/><D72/><U9/><E32/><N who="2" m="12363" /><F13/><W18/><G61/><T47/><D48/><N who="1" m="28695" /><E34/><V87/><F87/><W55/><G55/><T91/><D53/><U45/><E45/><V83/><F83/><W19/><G58/><T105/><D105/><U77/><E15/><V125/><F125/><W50/><G50/><T99/><D47/><U94/><E94/><V64/><F64/><W124/><G124/><T122/><D44/><U107/><E107/><V121/><F121/><W67/><G67/><T78/><D122/><U85/><E85/><V79/><F79/><W41/><G41/><T98/><AGARI ba="2,1" hai="0,4,11,12,17,22,73,78,81,89,90,91,98,99" machi="98" ten="30,1100,0" yaku="0,1" doraHai="26" who="0" fromWho="0" sc="420,27,293,-5,97,-7,180,-5" /><INIT seed="3,0,0,4,2,22" ten="447,288,90,175" oya="3" hai0="28,73,72,75,34,103,124,54,95,92,50,113,18" hai1="36,106,31,99,59,60,56,10,121,105,55,134,114" hai2="100,39,7,80,46,63,107,26,130,62,70,66,79" hai3="94,111,86,38,17,123,67,37,89,13,108,57,12"/><W5/><G123/><T2/><D2/><U120/><E114/><V9/><F130/><W3/><G3/><T133/><D103/><U16/><E36/><V58/><F100/><W101/><G101/><T64/><D64/><U78/><E134/><V49/><F107/><W32/><G5/><T96/><D96/><U23/><E78/><V20/><F39/><W44/><G32/><T88/><D88/><U65/><E31/><V119/><F119/><W51/><G38/><T127/><D18/><U93/><E10/><V19/><F7/><W77/><G77/><T117/><D117/><U81/><E81/><V102/><F9/><W69/><G69/><T126/><D133/><U104/><E59/><V42/><F102/><W109/><G17/><T61/><D61/><U43/><E43/><V131/><F131/><W14/><G37/><T41/><D41/><U1/><E1/><V85/><REACH who="2" step="1"/><F62/><REACH who="2" ten="447,288,80,175" step="2"/><N who="3" m="38351" /><G12/><T97/><D113/><U76/><E106/><V53/><F53/><AGARI ba="0,1" hai="13,14,44,51,53,86,89,94,108,109,111" m="38351" machi="53" ten="30,2900,0" yaku="14,1,10,1" doraHai="22" who="3" fromWho="2" sc="447,0,288,0,80,-29,175,39" /><INIT seed="3,1,0,0,5,81" ten="447,288,51,214" oya="3" hai0="27,57,80,66,123,128,78,50,51,44,31,101,22" hai1="18,23,12,73,121,25,56,46,82,26,29,43,107" hai2="59,112,72,124,54,33,70,3,86,48,125,15,91" hai3="87,47,45,76,35,58,42,100,34,77,7,108,79"/><W113/><G113/><T19/><D123/><U116/><E121/><V114/><F3/><W0/><G100/><T96/><D128/><U92/><E107/><V106/><F33/><W120/><G120/><T28/><D51/><U10/><E116/><V11/><F70/><W67/><G7/><T17/><D31/><U49/><E73/><V126/><F72/><W62/><G0/><T119/><D57/><U131/><E131/><V89/><F106/><W30/><G108/><T60/><D60/><U88/><E82/><V83/><F91/><W9/><G9/><T68/><D66/><U102/><E56/><V63/><F63/><W74/><G74/><T84/><D68/><U117/><E117/><V99/><F99/><W41/><G30/><T103/><D103/><U98/><E25/><V130/><F130/><W39/><G87/><T69/><D69/><U32/><REACH who="1" step="1"/><E102/><REACH who="1" ten="447,278,51,214" step="2"/><V4/><F112/><W90/><REACH who="3" step="1"/><G90/><REACH who="3" ten="447,278,51,204" step="2"/><T105/><D119/><U122/><E122/><V85/><F114/><W14/><G14/><T52/><AGARI ba="1,2" hai="17,19,22,27,28,44,50,52,78,80,84,96,101,105" machi="52" ten="20,5200,0" yaku="0,1,7,1,52,1,54,1" doraHai="81" who="0" fromWho="0" sc="447,75,278,-14,51,-14,204,-27" owari="522,62.2,264,6.4,37,-46.3,177,-22.3" /></mjloggm>