<mjloggm ver="2.3"><GO type="225" lobby="0"/><UN n0="%E5%8D%A0%E3%81%84%E5%B8%AB%E8%A3%8F%E3%81%AA%E3%81%84%E3%81%97" n1="%E5%85%83%E3%82%AB%E3%83%8E%E7%B3%BB%E3%83%92%E3%83%AD%E3%82%A4%E3%83%B3" n2="%E3%83%94%E3%83%B3%E3%82%B5%E3%83%AD%E5%BA%97%E5%93%A1" n3="%6D%75%75%73%61%6E%6D%75" dan="17,16,16,16" rate="2171.94,2082.97,2151.64,2078.30" sx="M,M,M,F"/><TAIKYOKU oya="0"/><INIT seed="0,0,0,5,0,45" ten="250,250,250,250" oya="0" hai0="8,91,111,0,15,13,63,67,69,90,24,112,11" hai1="132,58,35,3,99,115,101,46,27,79,76,83,21" hai2="70,57,135,42,103,59,5,110,51,96,66,100,117" hai3="38,19,113,120,97,86,20,125,39,124,37,92,54"/><T65/><D112/><U55/><E115/><V10/><F110/><W53/><G113/><T61/><D0/><U17/><E132/><V123/><F123/><W130/><G130/><T81/><D24/><U49/><E3/><V131/><F131/><W23/><G86/><T134/><D111/><U32/><E58/><V68/><F135/><W41/><G41/><T89/><D81/><U106/><REACH who="1" step="1"/><E76/><REACH who="1" ten="250,240,250,250" step="2"/><V18/><F57/><W33/><G120/><T12/><D134/><U127/><E127/><V22/><F70/><AGARI ba="0,1" hai="8,11,12,13,15,61,63,65,67,69,70,89,90,91" machi="70" ten="40,2000,0" yaku="9,1" doraHai="45" who="0" fromWho="2" sc="250,30,240,0,250,-20,250,0" /><INIT seed="0,1,0,5,5,10" ten="280,240,230,250" oya="0" hai0="1,107,39,131,78,82,127,105,119,16,17,47,13" hai1="33,115,101,22,50,89,7,66,70,123,79,59,108" hai2="133,135,98,114,5,41,97,69,117,116,51,62,72" hai3="58,80,94,46,14,55,63,4,28,122,2,6,120"/><T126/><D119/><N who="2" m="45642" /><F72/><W3/><G28/><T20/><D1/><U104/><E33/><V81/><F81/><W19/><G80/><T91/><D131/><U65/><E123/><N who="3" m="47146" /><G94/><T44/><D91/><U124/><E70/><V125/><F5/><N who="3" m="2155" /><G46/><N who="0" m="17451" /><D39/><U21/><E108/><V83/><F83/><W106/><G106/><T56/><D56/><U93/><E79/><V118/><F118/><W29/><G29/><T77/><D17/><U36/><E36/><V76/><F76/><N who="0" m="29290" /><D82/><U40/><E40/><V129/><F129/><W25/><G25/><T100/><D100/><U134/><E101/><V45/><F114/><W99/><G99/><N who="2" m="37897" /><F125/><AGARI ba="1,0" hai="13,16,20,105,107,125,126,127" m="29290,17451" machi="125" ten="30,5800,0" yaku="18,1,52,1,54,1" doraHai="10" who="0" fromWho="2" sc="280,61,240,0,230,-61,250,0" /><INIT seed="0,2,0,4,3,60" ten="341,240,169,250" oya="0" hai0="25,56,2,40,59,88,115,29,16,116,20,47,1" hai1="54,55,130,17,63,110,131,4,74,102,122,34,119" hai2="134,45,65,123,129,75,68,112,26,78,22,46,118" hai3="108,124,32,81,87,106,101,94,91,104,37,51,18"/><T10/><D115/><U0/><E119/><V23/><F123/><W33/><G37/><T8/><D116/><U93/><E122/><V120/><F120/><W107/><G108/><T42/><D1/><U15/><E74/><V12/><F118/><W28/><G124/><T109/><D2/><U21/><E34/><V128/><F112/><W77/><G101/><T73/><D73/><U114/><E114/><V90/><F134/><W84/><G28/><T72/><D72/><U36/><E36/><V58/><F68/><W49/><REACH who="3" step="1"/><G18/><REACH who="3" ten="341,240,169,240" step="2"/><T80/><D29/><U24/><E110/><V5/><F129/><W125/><G125/><T79/><D109/><U98/><E130/><V71/><F128/><W35/><AGARI ba="2,1" hai="32,33,35,49,51,77,81,84,87,91,94,104,106,107" machi="35" ten="40,2700,0" yaku="1,1,0,1,53,0" doraHai="60" doraHaiUra="57" who="3" fromWho="3" sc="341,-15,240,-9,169,-9,240,43" /><INIT seed="1,0,0,4,3,2" ten="326,231,160,283" oya="1" hai0="76,17,91,22,21,109,80,129,105,14,86,130,116" hai1="89,87,74,78,106,75,56,0,1,28,24,23,18" hai2="132,133,122,43,48,12,58,131,94,107,127,13,65" hai3="59,134,93,33,50,54,117,102,42,99,119,92,15"/><U85/><E106/><V32/><F107/><W52/><G33/><T38/><D116/><N who="3" m="44617" /><G134/><N who="2" m="51817" /><F32/><W111/><G111/><T31/><D109/><U114/><E114/><V41/><F94/><N who="3" m="58743" /><G42/><N who="2" m="15881" /><F13/><W90/><G90/><T60/><D38/><U47/><E47/><V103/><F12/><W51/><G15/><T64/><D105/><U5/><E28/><V39/><F103/><W7/><G7/><T69/><D31/><U66/><E0/><V53/><F122/><W46/><AGARI ba="0,0" hai="46,50,51,52,54,59,92,93" m="58743,44617" machi="46" ten="30,2000,0" yaku="12,1,54,1" doraHai="2" who="3" fromWho="3" sc="326,-5,231,-10,160,-5,283,20" /><INIT seed="2,0,0,5,3,104" ten="321,221,155,303" oya="2" hai0="91,39,134,115,25,83,89,31,34,21,81,129,76" hai1="128,109,3,66,78,94,119,99,37,74,75,106,73" hai2="29,49,72,107,20,32,30,100,17,67,113,103,54" hai3="95,47,8,68,65,102,52,90,48,12,82,79,19"/><V101/><F113/><W44/><G68/><T18/><D115/><U88/><E37/><V60/><F107/><W13/><G65/><T86/><D39/><U130/><E3/><V40/><F40/><W131/><G131/><N who="1" m="50218" /><E119/><V63/><F32/><W85/><G13/><T43/><D43/><U80/><E109/><V114/><F72/><N who="1" m="27753" /><E66/><V64/><F114/><W46/><REACH who="3" step="1"/><G102/><REACH who="3" ten="321,221,155,293" step="2"/><T57/><D129/><U84/><E106/><V6/><F67/><W133/><G133/><T123/><D134/><U24/><E24/><N who="2" m="14351" /><F64/><W93/><G93/><T120/><D25/><U112/><E112/><V111/><F111/><W92/><G92/><T126/><D123/><U105/><E105/><V45/><F6/><W108/><G108/><T27/><D120/><U87/><AGARI ba="0,1" hai="75,78,80,84,87,88,94,99" m="27753,50218" machi="87" ten="40,16000,3" yaku="19,1,34,2,52,4,54,1" doraHai="104" who="1" fromWho="1" sc="321,-40,221,170,155,-80,293,-40" /><INIT seed="3,0,0,5,4,79" ten="281,391,75,253" oya="3" hai0="111,21,32,50,26,17,108,59,117,11,41,43,33" hai1="61,119,124,4,85,80,128,131,42,13,9,109,46" hai2="48,126,51,56,91,34,47,82,37,115,55,104,24" hai3="87,135,122,118,134,120,112,29,103,58,70,14,57"/><W125/><G112/><T86/><D117/><U27/><E109/><N who="0" m="42057" /><D86/><U31/><E119/><V94/><F126/><W96/><G118/><T12/><D59/><U22/><E61/><V44/><F104/><W66/><G125/><T73/><D73/><U81/><E124/><V5/><F115/><W106/><G70/><T67/><D67/><U28/><E28/><V25/><F34/><N who="0" m="13418" /><D50/><N who="1" m="26967" /><E85/><V53/><F37/><W77/><G29/><AGARI ba="0,0" hai="11,12,17,21,26,29,41,43" m="13418,42057" machi="29" ten="30,1000,0" yaku="14,1" doraHai="79" who="0" fromWho="3" sc="281,10,391,0,75,0,253,-10" owari="291,9.1,391,49.1,75,-42.5,243,-15.7" /></mjloggm>