<mjloggm ver="2.3"><GO type="225" lobby="0"/><UN n0="%48%61%61%61%6C%61%6E%64" n1="%E3%81%B2%E3%81%AA%E3%81%AE%E3%82%8A%E3%81%8F" n2="%E3%81%B5%E3%81%98%E3%81%8B%E3%81%A4" n3="%E3%81%BF%E3%81%BF%E3%81%9A" dan="18,17,16,18" rate="2185.24,2187.61,2199.70,2247.12" sx="M,M,M,M"/><TAIKYOKU oya="0"/><INIT seed="0,0,0,1,4,17" ten="250,250,250,250" oya="0" hai0="111,42,46,39,104,65,45,7,28,23,85,16,110" hai1="47,13,66,126,57,82,101,83,129,118,120,0,40" hai2="132,48,122,106,88,97,128,56,14,49,125,72,6" hai3="38,54,58,55,37,79,35,75,44,84,90,96,26"/><T59/><D104/><U103/><E0/><V74/><F122/><W92/><G75/><T18/><D7/><U36/><E120/><V81/><F125/><W135/><G135/><T117/><D117/><U67/><E118/><V15/><F132/><W71/><G71/><T3/><D3/><U127/><E129/><V78/><F128/><W109/><G109/><N who="0" m="41483" /><D45/><U134/><E134/><V43/><F43/><W60/><G44/><T51/><D85/><U86/><E82/><V11/><F74/><W99/><G54/><N who="0" m="32223" /><D65/><U100/><E57/><V69/><F106/><W30/><G79/><T22/><D22/><U5/><E5/><V64/><F69/><W33/><G35/><T41/><D41/><U102/><N who="1" m="25600" /><DORA hai="25" /><U61/><E13/><V20/><F56/><W21/><REACH who="3" step="1"/><G33/><REACH who="3" ten="250,250,250,240" step="2"/><T31/><D18/><U98/><E47/><V124/><F64/><W62/><G62/><T29/><D29/><U52/><E61/><V2/><F72/><W116/><G116/><T105/><D105/><U70/><E67/><V89/><F78/><W68/><G68/><T114/><D114/><U50/><E66/><V87/><F124/><W108/><G108/><T80/><D80/><U113/><E70/><V63/><F63/><W12/><G12/><AGARI ba="0,1" hai="12,16,23,28,31,39,42,46" m="32223,41483" machi="12" ten="30,18000,2" yaku="14,1,10,1,52,3,54,1" doraHai="17,25" who="0" fromWho="3" sc="250,190,250,0,250,0,240,-180" /><INIT seed="0,1,0,1,5,21" ten="440,250,250,60" oya="0" hai0="13,111,68,45,118,95,130,71,127,75,46,44,11" hai1="34,15,84,119,129,39,86,9,64,41,36,96,55" hai2="110,52,120,106,104,128,22,3,2,56,112,76,51" hai3="69,43,132,18,126,35,74,19,124,94,14,67,33"/><T92/><D118/><U114/><E119/><V105/><F112/><W115/><G74/><T101/><D75/><U88/><E114/><V58/><F120/><W116/><G115/><T38/><D127/><N who="3" m="48681" /><G43/><T32/><D38/><U121/><E121/><V47/><F110/><W17/><G116/><T103/><D111/><U125/><E125/><V134/><F128/><W30/><G67/><T113/><D113/><U62/><E34/><N who="3" m="12810" /><G69/><T23/><D32/><U98/><E55/><V65/><F134/><W93/><G14/><T90/><D68/><U10/><E129/><V102/><F65/><W108/><G108/><T48/><D71/><U49/><E49/><V80/><F2/><W78/><G78/><T85/><D48/><U59/><E84/><V8/><F3/><W99/><G30/><T63/><D130/><U12/><E41/><V40/><F40/><W131/><G131/><T54/><D13/><N who="1" m="5195" /><E39/><V1/><F1/><W25/><G132/><T37/><D37/><U57/><E57/><V97/><F58/><W5/><G5/><T77/><D44/><U73/><E73/><V31/><F47/><W66/><G66/><T0/><D45/><U89/><E36/><V122/><F122/><W20/><G94/><T42/><D46/><U107/><E107/><V28/><F106/><W61/><G61/><T82/><D63/><U7/><E7/><V24/><F105/><W123/><G123/><T27/><D42/><U100/><E64/><V72/><F31/><W117/><G117/><T26/><D0/><U29/><E29/><V53/><F53/><W133/><G133/><RYUUKYOKU ba="1,0" sc="440,-15,250,-15,250,15,60,15" hai2="8,22,24,28,51,52,56,72,76,80,97,102,104" hai3="17,18,19,20,25,93,99" /><INIT seed="1,2,0,4,5,11" ten="425,235,265,75" oya="1" hai0="3,111,42,0,89,58,131,53,100,18,85,61,87" hai1="52,54,121,34,1,122,72,77,14,62,97,134,31" hai2="120,80,63,32,27,24,116,126,119,127,88,43,74" hai3="99,4,48,60,103,92,16,113,35,94,55,10,135"/><U82/><E1/><V129/><F120/><W7/><G113/><T130/><D111/><U66/><E134/><V86/><F43/><W28/><G135/><T73/><D73/><U96/><E121/><V20/><F129/><N who="0" m="49162" /><D100/><U112/><E112/><V114/><F74/><W123/><G123/><T68/><D42/><U83/><E83/><V115/><F63/><W41/><G35/><T57/><D68/><U21/><E34/><V9/><F9/><W37/><G28/><T8/><D58/><U22/><E122/><V81/><F32/><W91/><G37/><T26/><D87/><U12/><E96/><V110/><F110/><W109/><G109/><T19/><D26/><N who="2" m="9770" /><F81/><W38/><G38/><T101/><D3/><U64/><E97/><V84/><F20/><W71/><G41/><T128/><D128/><U104/><E104/><V5/><F86/><N who="3" m="52343" /><G60/><T102/><D0/><U107/><E107/><V69/><F69/><W133/><G133/><T106/><D106/><U13/><E31/><V29/><F29/><W56/><G71/><T39/><D39/><U79/><E79/><V50/><F50/><W117/><G117/><T125/><D85/><U36/><E36/><V17/><F116/><W78/><G78/><T70/><D70/><N who="1" m="42263" /><E66/><V105/><F105/><W76/><G76/><T65/><D65/><U95/><E95/><N who="2" m="54663" /><F119/><W118/><G118/><T67/><D67/><U46/><E54/><V124/><F80/><W23/><G23/><N who="1" m="8714" /><E52/><V90/><F90/><W75/><G75/><T2/><D89/><U108/><E108/><V59/><F115/><W40/><G40/><RYUUKYOKU ba="2,0" sc="425,-15,235,15,265,-15,75,15" hai1="12,13,14,46,72,77,82" hai3="4,7,10,16,48,55,56,94,99,103" /><INIT seed="1,3,0,5,3,14" ten="410,250,250,90" oya="1" hai0="36,84,117,87,99,97,66,106,2,79,24,131,28" hai1="122,40,130,78,93,38,63,6,39,73,77,68,42" hai2="12,103,32,11,119,16,112,30,0,75,118,129,57" hai3="111,61,100,101,127,15,59,98,69,56,23,109,21"/><U47/><E122/><V27/><F75/><W5/><G127/><T121/><D121/><U113/><E113/><V53/><F112/><W114/><G114/><T86/><D117/><U102/><E130/><V33/><F129/><W20/><G69/><T31/><D131/><U54/><E6/><N who="2" m="1479" /><F103/><W1/><G1/><T82/><D2/><U107/><E107/><V133/><F133/><W35/><G35/><T4/><D4/><U125/><E125/><V67/><F67/><W65/><G56/><T128/><D36/><U22/><E73/><V45/><F45/><W10/><REACH who="3" step="1"/><G98/><REACH who="3" ten="410,250,250,80" step="2"/><T19/><D99/><U91/><E68/><V89/><F33/><W104/><G104/><T85/><D97/><U80/><E47/><V88/><F118/><W52/><G52/><T108/><D106/><U60/><E54/><V134/><F119/><W62/><G62/><T37/><D128/><U29/><E63/><N who="2" m="36271" /><F134/><W51/><G51/><T105/><D105/><U34/><E60/><V18/><F32/><W83/><G83/><T3/><D82/><U72/><E34/><V115/><F115/><W55/><G55/><T126/><D126/><U8/><E80/><V46/><F46/><W25/><G25/><T96/><D24/><U110/><E38/><V26/><F26/><W50/><G50/><T17/><D3/><U71/><E39/><V132/><F132/><W120/><G120/><T92/><D37/><U70/><E70/><V124/><F124/><W76/><G76/><T49/><D79/><U58/><E71/><V44/><F44/><W95/><G95/><T41/><D92/><RYUUKYOKU ba="3,1" sc="410,-10,250,-10,250,-10,80,30" hai3="5,10,15,20,21,23,59,61,65,100,101,109,111" /><INIT seed="2,4,1,5,3,78" ten="400,240,240,110" oya="2" hai0="113,91,116,50,40,114,83,13,131,117,93,77,123" hai1="112,12,94,7,80,34,3,125,54,102,14,45,86" hai2="5,105,17,46,52,48,90,71,87,115,22,67,126" hai3="32,124,6,109,108,8,31,79,24,33,41,68,26"/><V62/><F115/><W27/><G68/><T120/><D131/><U72/><E34/><N who="3" m="13418" /><G41/><T89/><D13/><U65/><E112/><N who="0" m="43113" /><D50/><U23/><E3/><V81/><F126/><W70/><G70/><T82/><D40/><U110/><E110/><N who="3" m="42602" /><G79/><T10/><D10/><U99/><E72/><V111/><F111/><W69/><G69/><T9/><D9/><N who="1" m="4159" /><E65/><V66/><F5/><W73/><G73/><N who="0" m="43311" /><D83/><U76/><E125/><V1/><F1/><N who="3" m="79" /><G124/><T103/><D103/><U84/><E84/><V133/><F67/><W118/><G118/><N who="0" m="45675" /><D89/><U18/><E45/><V49/><F48/><W101/><G101/><T44/><D44/><U55/><AGARI ba="4,1" hai="14,18,23,54,55,76,80,86,94,99,102" m="4159" machi="55" ten="30,2000,0" yaku="8,1,52,1" doraHai="78" who="1" fromWho="1" sc="400,-9,240,42,240,-14,110,-9" /><INIT seed="3,0,0,5,5,97" ten="391,282,226,101" oya="3" hai0="64,84,122,21,83,7,50,101,127,26,129,38,123" hai1="27,116,60,15,74,102,22,113,65,16,89,55,62" hai2="103,73,115,108,82,49,91,46,104,121,67,42,30" hai3="45,109,36,51,63,14,71,32,4,92,70,128,17"/><W87/><G128/><T57/><D38/><U8/><E74/><V119/><F119/><W69/><G32/><T132/><D127/><U94/><E113/><V68/><F115/><W2/><G2/><T18/><D132/><U118/><E55/><V112/><F112/><W31/><G36/><T124/><D124/><U105/><E105/><V79/><F108/><W23/><G109/><T20/><D7/><U39/><E39/><V77/><F77/><W72/><G72/><T98/><D129/><U11/><E11/><V120/><F30/><W107/><G107/><T133/><D133/><U5/><E102/><V80/><F68/><W78/><G31/><T29/><D50/><U56/><REACH who="1" step="1"/><E62/><REACH who="1" ten="391,272,226,101" step="2"/><V126/><F67/><W0/><G0/><T59/><D64/><U9/><E9/><V75/><F126/><W40/><G4/><T76/><D123/><N who="2" m="47178" /><F91/><W10/><G10/><T66/><D66/><U61/><E61/><V19/><F19/><W81/><G63/><T93/><D122/><U43/><E43/><V47/><F47/><W88/><REACH who="3" step="1"/><G78/><REACH who="3" ten="391,272,226,91" step="2"/><T100/><D76/><U125/><E125/><V54/><F104/><W58/><G58/><T12/><D57/><U135/><E135/><V99/><F79/><W41/><G41/><T134/><D59/><U34/><E34/><V111/><F111/><W25/><G25/><T95/><D134/><U110/><E110/><V3/><F3/><W1/><G1/><T44/><D26/><U53/><E53/><V85/><F54/><W28/><G28/><T130/><D29/><U131/><E131/><V6/><F75/><RYUUKYOKU ba="0,2" sc="391,-15,272,15,226,-15,91,15" hai1="5,8,15,16,22,27,56,60,65,89,94,116,118" hai3="14,17,23,40,45,51,69,70,71,81,87,88,92" /><INIT seed="3,1,2,2,3,100" ten="376,287,211,106" oya="3" hai0="12,8,46,5,18,13,65,15,130,99,74,67,134" hai1="105,80,40,35,28,116,25,53,50,114,86,78,115" hai2="27,14,110,37,63,133,38,84,68,106,135,2,119" hai3="97,109,122,117,79,9,4,3,1,82,6,118,42"/><W125/><G122/><T101/><D74/><U60/><E116/><V36/><F119/><W85/><G125/><T52/><D130/><U43/><E60/><V61/><F2/><W22/><G109/><T54/><D134/><N who="2" m="51210" /><F110/><W91/><G42/><T64/><D46/><U30/><E30/><V87/><F27/><W19/><G4/><T113/><D113/><U0/><E0/><V45/><F14/><W31/><G31/><T102/><D13/><U104/><E43/><N who="2" m="22759" /><F106/><W55/><G1/><T121/><D121/><U39/><E39/><N who="2" m="14859" /><F68/><W11/><G11/><T83/><D83/><U69/><E69/><V92/><F87/><W89/><G89/><AGARI ba="1,2" hai="61,63,84,89,92" m="14859,22759,51210" machi="89" ten="30,1000,0" yaku="20,1" doraHai="100" who="2" fromWho="3" sc="376,0,287,0,211,33,106,-13" owari="376,47.6,287,8.7,244,-15.6,93,-40.7" /></mjloggm>