<mjloggm ver="2.3"><GO type="225" lobby="0"/><UN n0="%E3%80%93%E3%81%97%E3%83%BC%E3%82%89%E3%80%93" n1="%2D%E8%B1%8A%E5%8F%A3%E3%82%81%E3%81%90%E3%81%BF%2D" n2="%E5%A4%96%E5%B7%9D%E7%AB%9C%E6%88%90" n3="%E3%82%BC%E3%83%AB%E3%83%80%E3%81%AE%E4%BC%9D%E8%AA%AC" dan="16,17,16,18" rate="2142.20,2185.25,2093.74,2203.40" sx="M,F,M,M"/><TAIKYOKU oya="0"/><INIT seed="0,0,0,0,1,24" ten="250,250,250,250" oya="0" hai0="38,40,12,13,80,87,51,122,30,125,77,114,120" hai1="56,130,69,45,66,15,3,65,73,132,52,64,115" hai2="123,61,94,86,91,112,46,75,126,119,95,23,134" hai3="133,58,28,49,32,27,101,10,14,54,99,106,97"/><T96/><D114/><U43/><E3/><V21/><F112/><W42/><G133/><T110/><D38/><N who="1" m="21751" /><E73/><V79/><F123/><W37/><G97/><T11/><D125/><U116/><E15/><V108/><F119/><W76/><G76/><T71/><D71/><U63/><E115/><V107/><F107/><W5/><G42/><T92/><D110/><U62/><E116/><V29/><F134/><W118/><G37/><T22/><D120/><U117/><E117/><V81/><F126/><W34/><REACH who="3" step="1"/><G118/><REACH who="3" ten="250,250,250,240" step="2"/><T59/><D122/><U72/><E72/><V111/><F79/><W90/><G90/><N who="0" m="55319" /><D40/><U124/><E132/><V135/><F91/><W20/><AGARI ba="0,1" hai="5,10,14,20,27,28,32,34,49,54,58,99,101,106" machi="20" ten="20,12000,2" yaku="1,1,0,1,7,1,52,1,53,2" doraHai="24" doraHaiUra="31" who="3" fromWho="3" sc="250,-60,250,-30,250,-30,240,130" /><INIT seed="1,0,0,4,3,80" ten="190,220,220,370" oya="1" hai0="94,44,89,29,60,77,75,133,66,22,90,118,70" hai1="108,26,131,123,15,99,86,38,98,8,47,51,20" hai2="129,107,3,57,84,79,68,4,120,135,61,17,31" hai3="105,64,124,46,100,125,2,127,27,40,115,13,95"/><U63/><E123/><V126/><F120/><W18/><G2/><T53/><D118/><U35/><E131/><V32/><F68/><W110/><G110/><T54/><D133/><U65/><E38/><V103/><F129/><W72/><G115/><T42/><D89/><U52/><E35/><V23/><F135/><W11/><G72/><T7/><D7/><U117/><E117/><V134/><F134/><W132/><G132/><T62/><D62/><U101/><E108/><V88/><F126/><W106/><G64/><T14/><D77/><U109/><E109/><V121/><F121/><W36/><G27/><T12/><D75/><U1/><E1/><V112/><F79/><W82/><G82/><T16/><D14/><U9/><E86/><V39/><F39/><W104/><G95/><T111/><D29/><U43/><E43/><V25/><F112/><W28/><G28/><T92/><D92/><U93/><E99/><AGARI ba="0,0" hai="11,13,18,36,40,46,99,100,104,105,106,124,125,127" machi="99" ten="40,1300,0" yaku="18,1" doraHai="80" who="3" fromWho="1" sc="190,0,220,-13,220,0,370,13" /><INIT seed="2,0,0,4,1,71" ten="190,207,220,383" oya="2" hai0="134,39,102,41,76,6,92,27,54,42,64,14,81" hai1="16,22,124,5,117,115,135,68,78,87,104,69,119" hai2="12,84,105,91,62,88,130,37,128,125,96,93,29" hai3="83,26,25,86,75,74,106,61,1,99,56,10,2"/><V72/><F72/><W24/><G106/><T57/><D134/><U4/><E104/><V33/><F125/><W52/><G99/><N who="0" m="59751" /><D39/><U3/><E115/><V28/><F33/><W35/><G35/><T8/><D64/><U109/><E135/><V82/><F105/><W103/><G103/><T32/><D32/><U131/><E124/><V113/><F113/><W94/><G94/><T129/><D129/><N who="2" m="49770" /><F12/><W36/><G36/><T121/><D121/><U101/><E101/><V77/><F37/><W11/><G11/><T17/><D81/><U89/><E78/><V132/><F132/><W100/><G100/><T118/><D76/><U44/><E131/><V123/><F123/><W7/><REACH who="3" step="1"/><G1/><REACH who="3" ten="190,207,220,373" step="2"/><T97/><D118/><U51/><E3/><V18/><F96/><W48/><G48/><N who="0" m="30919" /><D97/><U21/><E119/><V85/><F93/><W120/><G120/><T111/><D111/><U40/><E109/><V55/><F82/><W60/><G60/><T67/><D67/><U49/><E117/><V79/><F84/><W59/><G59/><T126/><D126/><U9/><E51/><V63/><F85/><W58/><G58/><T15/><D27/><U53/><E69/><V23/><F63/><W90/><AGARI ba="0,1" hai="2,7,10,24,25,26,52,56,61,74,75,83,86,90" machi="90" ten="30,4000,0" yaku="1,1,0,1,54,1,53,0" doraHai="71" doraHaiUra="127" who="3" fromWho="3" sc="190,-10,207,-10,220,-20,373,50" /><INIT seed="3,0,0,2,3,16" ten="180,197,200,423" oya="3" hai0="130,116,68,22,36,115,5,32,34,12,71,76,29" hai1="6,101,102,57,27,53,23,19,99,126,134,96,73" hai2="33,111,63,24,79,95,7,67,45,14,93,89,123" hai3="69,56,83,118,65,100,109,47,127,9,64,124,110"/><W77/><G100/><N who="1" m="38506" /><E73/><V59/><F111/><N who="3" m="42507" /><G9/><N who="0" m="4143" /><D36/><U81/><E126/><V82/><F123/><W70/><G118/><T58/><D76/><U50/><E134/><V11/><F33/><N who="0" m="12906" /><D58/><U44/><E6/><V10/><F24/><W55/><G47/><T66/><D66/><N who="3" m="25705" /><G70/><T114/><D116/><U48/><E81/><V2/><F45/><W88/><G88/><T105/><D105/><U128/><E128/><V3/><F89/><W78/><G69/><T133/><D133/><U13/><E27/><V40/><F40/><AGARI ba="0,0" hai="13,19,23,40,44,48,50,53,57,96,99" m="38506" machi="40" ten="30,2000,0" yaku="8,1,52,1" doraHai="16" who="1" fromWho="2" sc="180,0,197,20,200,-20,423,0" owari="180,-22.0,217,1.7,180,-32.0,423,52.3" /></mjloggm>