<mjloggm ver="2.3"><GO type="225" lobby="0"/><UN n0="%E3%83%AB%E3%83%9B%E3%83%B3%E3%83%87%E3%82%A3%E3%82%A8" n1="%E3%81%B5%E3%81%98%E3%81%8B%E3%81%A4" n2="%E8%83%83%E3%81%A8%E8%85%B8" n3="%6D%75%75%73%61%6E%6D%75" dan="17,17,17,16" rate="2187.53,2255.12,2170.98,2055.08" sx="M,M,M,F"/><TAIKYOKU oya="0"/><INIT seed="0,0,0,1,5,95" ten="250,250,250,250" oya="0" hai0="88,39,80,59,14,119,132,6,76,29,42,86,94" hai1="8,4,120,11,100,107,91,66,41,127,69,63,77" hai2="124,23,43,28,98,47,34,126,1,13,99,112,38" hai3="74,109,56,32,30,83,58,79,117,22,123,49,53"/><T129/><D119/><U16/><E120/><V135/><F1/><W54/><G117/><T33/><D129/><U0/><E77/><V104/><F112/><W87/><G123/><T62/><D132/><U116/><E116/><V20/><F135/><W12/><G109/><T96/><D33/><U48/><E127/><N who="2" m="48683" /><F104/><W31/><G32/><T27/><D39/><U73/><E73/><V36/><F36/><W110/><G74/><T118/><D118/><U125/><E125/><V21/><F13/><W70/><G70/><T105/><D42/><U60/><E60/><V57/><F57/><W133/><G110/><T82/><D82/><U128/><E128/><V19/><F19/><N who="3" m="10599" /><G133/><T130/><D130/><U97/><E91/><V85/><F85/><W81/><G81/><T55/><D105/><U84/><E84/><V103/><F103/><W7/><G7/><T106/><D106/><U15/><REACH who="1" step="1"/><E48/><AGARI ba="0,0" hai="30,31,48,49,53,54,56,58,79,83,87" m="10599" machi="48" ten="30,1000,0" yaku="8,1" doraHai="95" who="3" fromWho="1" sc="250,0,250,-10,250,0,250,10" /><INIT seed="1,0,0,0,3,61" ten="250,240,250,260" oya="1" hai0="89,24,57,37,87,70,95,97,121,74,13,106,45" hai1="88,33,122,59,90,114,35,41,2,21,101,53,29" hai2="128,19,25,9,117,0,3,72,80,56,113,54,78" hai3="32,132,91,96,26,7,51,28,118,119,31,15,50"/><U123/><E2/><V30/><F117/><N who="3" m="44555" /><G28/><T131/><D70/><U92/><E41/><V16/><F128/><W73/><G73/><T130/><D74/><U60/><E114/><V18/><F113/><W134/><G7/><T135/><D135/><N who="3" m="51753" /><G15/><T10/><D121/><U44/><E101/><V36/><F36/><W65/><G65/><T127/><D127/><U71/><E71/><V63/><REACH who="2" step="1"/><F9/><REACH who="2" ten="250,240,240,260" step="2"/><W27/><G27/><T69/><D37/><U76/><E123/><V23/><AGARI ba="0,1" hai="0,3,16,18,19,23,25,30,54,56,63,72,78,80" machi="23" ten="30,7900,0" yaku="1,1,2,1,0,1,54,1,53,0" doraHai="61" doraHaiUra="39" who="2" fromWho="2" sc="250,-20,240,-39,240,89,260,-20" /><INIT seed="2,0,0,2,4,83" ten="230,201,329,240" oya="2" hai0="112,117,5,108,130,106,102,35,0,87,79,110,128" hai1="121,91,38,74,63,94,69,116,62,135,64,75,84" hai2="28,9,85,134,40,24,67,80,100,50,92,26,11" hai3="105,7,17,114,34,126,124,57,32,14,98,42,44"/><V8/><F134/><W33/><G7/><T107/><D35/><U12/><E116/><V72/><F72/><W104/><G57/><T90/><D5/><U61/><E135/><V109/><F67/><W19/><G114/><T78/><D0/><U132/><E132/><V58/><F109/><N who="0" m="42090" /><D112/><U4/><E121/><V21/><F24/><W70/><G70/><T47/><D47/><U22/><E38/><V1/><F1/><W48/><G98/><N who="0" m="61783" /><D107/><U68/><E22/><V99/><F40/><W31/><G31/><T82/><D117/><U95/><E95/><V46/><F58/><W115/><G115/><T65/><D65/><U49/><E49/><V120/><F120/><W3/><G3/><T103/><D103/><U113/><E113/><V41/><REACH who="2" step="1"/><F9/><REACH who="2" ten="230,201,319,240" step="2"/><W54/><G42/><T43/><D43/><U129/><E64/><V29/><F29/><W59/><G59/><T20/><D20/><U101/><E74/><V6/><F6/><W53/><G32/><T127/><D127/><U39/><E75/><V88/><AGARI ba="0,1" hai="8,11,21,26,28,41,46,50,80,85,88,92,99,100" machi="88" ten="20,18000,2" yaku="1,1,0,1,7,1,8,1,52,1,54,1,53,1" doraHai="83" doraHaiUra="16" who="2" fromWho="2" sc="230,-60,201,-60,319,190,240,-60" /><INIT seed="2,1,0,0,4,90" ten="170,141,509,180" oya="2" hai0="39,130,51,52,110,11,102,128,121,118,72,99,106" hai1="89,1,53,41,43,71,27,132,26,44,12,32,107" hai2="23,98,61,127,56,120,18,3,95,119,60,46,103" hai3="94,45,10,31,48,7,54,101,16,20,22,122,96"/><V125/><F119/><W8/><G122/><T104/><D72/><U116/><E116/><V113/><F113/><W70/><G70/><T92/><D121/><U65/><E1/><V75/><F120/><W129/><G129/><N who="0" m="49771" /><D39/><U62/><E132/><V73/><F3/><W58/><G22/><T82/><D118/><U17/><E107/><V81/><F46/><W63/><G31/><T114/><D114/><U126/><E126/><N who="2" m="48139" /><F81/><W133/><G7/><T36/><D36/><U59/><E32/><V64/><F60/><W34/><G34/><T14/><D82/><U88/><E43/><V105/><F105/><W115/><G133/><T80/><D80/><U5/><E5/><V135/><F135/><W19/><G19/><N who="0" m="8671" /><D110/><U77/><E77/><V68/><F68/><W4/><G4/><T79/><D79/><U9/><E71/><V78/><F78/><W30/><G30/><T42/><D42/><U55/><E41/><V67/><F67/><N who="3" m="39415" /><G115/><T97/><D97/><U2/><E65/><V25/><AGARI ba="1,0" hai="18,23,25,56,61,64,73,75,95,98,103" m="48139" machi="25" ten="30,3000,0" yaku="18,1,52,1" doraHai="90" who="2" fromWho="2" sc="170,-11,141,-11,509,33,180,-11" /><INIT seed="2,2,0,0,0,85" ten="159,130,542,169" oya="2" hai0="39,28,130,99,101,103,38,120,18,84,125,67,111" hai1="0,93,31,117,53,30,80,56,65,86,57,25,24" hai2="3,135,17,133,121,110,90,88,66,44,76,61,59" hai3="62,126,75,22,108,92,40,81,132,129,77,127,16"/><V15/><F3/><W45/><G108/><T112/><D103/><U26/><E117/><V12/><F121/><W64/><G129/><T114/><D18/><U97/><E0/><V131/><F131/><W14/><G92/><T4/><D130/><U87/><E65/><V46/><F76/><W49/><REACH who="3" step="1"/><G132/><REACH who="3" ten="159,130,542,159" step="2"/><N who="2" m="50761" /><F110/><W116/><G116/><T21/><D111/><U60/><E57/><AGARI ba="2,1" hai="14,16,22,40,45,49,57,62,64,75,77,81,126,127" machi="57" ten="40,5200,0" yaku="1,1,54,1,53,1" doraHai="85" doraHaiUra="104" who="3" fromWho="1" sc="159,0,130,-58,542,0,159,68" /><INIT seed="3,0,0,3,0,65" ten="159,72,542,227" oya="3" hai0="109,105,20,48,117,132,61,130,83,22,37,35,99" hai1="40,87,23,12,63,125,113,108,28,112,15,81,31" hai2="133,51,82,94,72,80,46,115,4,110,121,131,10" hai3="26,126,88,95,8,56,0,52,134,58,39,107,7"/><W9/><G107/><T96/><D37/><U86/><E125/><V85/><F72/><W59/><G39/><T33/><D48/><U17/><E40/><V3/><F115/><W60/><G126/><T79/><D117/><U13/><E108/><V111/><F131/><W55/><G134/><T38/><D38/><U77/><E113/><V91/><F133/><W16/><G55/><T128/><D61/><U69/><E112/><V93/><F121/><W53/><G53/><T29/><D109/><N who="2" m="41482" /><F80/><W47/><G47/><T78/><D132/><U106/><E106/><V122/><F122/><W129/><G129/><T116/><D83/><U74/><E74/><V90/><F90/><W123/><G123/><T101/><D29/><U5/><E5/><V54/><AGARI ba="0,0" hai="3,4,10,46,51,54,82,85,91,93,94" m="41482" machi="54" ten="30,1100,0" yaku="14,1" doraHai="65" who="2" fromWho="2" sc="159,-3,72,-3,542,11,227,-5" owari="156,-24.4,69,-43.1,553,65.3,222,2.2" /></mjloggm>