<mjloggm ver="2.3"><GO type="225" lobby="0"/><UN n0="%72%69%6F%75%63%68%61%6E" n1="%E3%81%A6%E3%82%93%E3%81%8F%E3%81%86" n2="%E3%81%AF%E3%82%88%E3%81%8A%E3%81%98%E3%81%95%E3%82%93" n3="%E3%80%90%E3%83%88%E3%83%AA%E3%83%A5%E3%83%95%E3%80%91" dan="16,17,17,16" rate="2193.24,2182.31,2135.26,2103.98" sx="M,M,M,M"/><TAIKYOKU oya="0"/><INIT seed="0,0,0,4,5,116" ten="250,250,250,250" oya="0" hai0="64,72,128,80,39,26,98,87,25,13,18,91,127" hai1="104,100,19,70,40,58,134,118,23,47,85,63,34" hai2="59,46,16,124,27,106,110,117,94,102,2,96,71" hai3="103,119,111,101,9,28,93,88,112,77,11,95,6"/><T60/><D127/><U105/><E118/><V24/><F117/><W109/><G112/><T62/><D128/><U122/><E34/><V48/><F71/><W107/><G28/><T86/><D39/><U12/><E70/><V61/><F2/><W69/><G69/><T92/><D72/><U53/><E134/><V130/><F124/><W41/><G77/><T31/><D31/><U78/><E100/><N who="3" m="38474" /><G107/><T75/><D75/><U65/><E65/><V83/><F130/><W74/><G74/><T90/><D98/><U113/><E113/><V5/><F5/><W30/><G30/><T114/><D114/><U42/><E122/><V1/><F1/><W10/><G41/><T52/><D52/><U7/><E7/><V14/><F83/><W129/><G129/><T76/><D76/><U35/><E35/><V49/><F110/><N who="3" m="41995" /><G119/><T133/><D133/><U55/><E42/><N who="2" m="24663" /><F49/><W17/><G6/><T132/><D132/><U51/><REACH who="1" step="1"/><E40/><REACH who="1" ten="250,240,250,250" step="2"/><V126/><F126/><W22/><G88/><T73/><D64/><U99/><E99/><V20/><F106/><W29/><G29/><T115/><D115/><U57/><E57/><V121/><F121/><W0/><G0/><T50/><D91/><U3/><E3/><V33/><F33/><W4/><G4/><T21/><D90/><U108/><E108/><V68/><F68/><W89/><G89/><T125/><D125/><U36/><E36/><V8/><F8/><W44/><G44/><T79/><D79/><U43/><E43/><V123/><F123/><W81/><G81/><AGARI ba="0,1" hai="12,19,23,47,51,53,55,58,63,78,81,85,104,105" machi="81" ten="40,1300,0" yaku="1,1,53,0" doraHai="116" doraHaiUra="38" who="1" fromWho="3" sc="250,0,240,23,250,0,250,-13" /><INIT seed="1,0,0,3,5,3" ten="250,263,250,237" oya="1" hai0="107,27,12,4,26,120,110,64,50,7,37,72,92" hai1="109,95,15,96,132,21,126,119,122,91,105,79,62" hai2="84,67,63,86,25,0,104,66,61,16,90,1,88" hai3="39,14,59,40,103,20,112,45,71,23,100,11,101"/><U133/><E119/><V2/><F104/><W65/><G112/><T68/><D107/><U46/><E122/><V83/><F63/><W41/><G41/><T94/><D37/><U98/><E126/><V125/><F125/><W29/><G71/><T43/><D72/><U111/><E79/><V51/><F51/><W89/><G89/><T60/><D120/><U116/><E116/><V22/><REACH who="2" step="1"/><F61/><REACH who="2" ten="250,263,240,237" step="2"/><W31/><G65/><T44/><D110/><N who="1" m="41995" /><E46/><V28/><F28/><W130/><G59/><T117/><D117/><U13/><E62/><V82/><AGARI ba="0,1" hai="0,1,2,16,22,25,66,67,82,83,84,86,88,90" machi="82" ten="30,8000,1" yaku="1,1,0,1,9,1,54,2,53,0" doraHai="3" doraHaiUra="113" who="2" fromWho="2" sc="250,-20,263,-40,240,90,237,-20" /><INIT seed="2,0,0,0,0,91" ten="230,223,330,217" oya="2" hai0="1,80,37,90,66,46,19,63,132,23,40,110,75" hai1="52,22,71,35,16,65,56,113,51,59,107,135,78" hai2="62,31,93,47,73,74,96,119,72,94,38,58,101" hai3="69,76,41,70,87,105,127,26,45,81,54,128,111"/><V14/><F119/><W130/><G111/><T86/><D110/><U39/><E113/><V21/><F38/><W53/><G105/><T12/><D132/><U121/><E107/><V28/><F47/><W109/><G109/><T57/><D1/><U18/><E35/><V123/><F123/><W34/><G127/><T129/><REACH who="0" step="1"/><D75/><REACH who="0" ten="220,223,330,217" step="2"/><U55/><E135/><V98/><F73/><W95/><G130/><AGARI ba="0,1" hai="12,19,23,37,40,46,57,63,66,80,86,90,129,130" machi="130" ten="40,2600,0" yaku="1,1,2,1,53,0" doraHai="91" doraHaiUra="88" who="0" fromWho="3" sc="220,36,223,0,330,0,217,-26" /><INIT seed="3,0,0,2,2,77" ten="256,223,330,191" oya="3" hai0="68,76,127,69,82,85,34,72,4,19,129,102,110" hai1="56,126,120,122,98,27,87,131,90,59,11,30,37" hai2="65,118,78,132,44,117,2,24,91,94,22,40,89" hai3="107,15,31,67,66,18,10,96,112,84,119,46,12"/><W97/><G112/><T32/><D4/><U45/><E131/><V79/><F2/><W133/><G119/><T64/><D129/><U5/><E126/><V62/><F132/><W124/><G124/><T134/><D127/><U60/><E98/><V121/><F121/><W135/><G31/><T115/><D102/><U33/><E37/><V49/><F117/><W108/><G46/><T6/><D6/><U36/><E45/><V38/><F38/><W55/><G55/><T39/><D39/><U53/><E56/><N who="2" m="37063" /><F91/><W52/><G52/><T41/><D41/><U48/><E60/><V20/><F20/><W93/><G107/><T54/><D110/><U57/><E57/><V23/><F23/><W113/><G113/><T16/><D115/><U42/><E42/><V71/><F71/><W70/><G70/><T106/><D106/><U3/><E36/><V125/><F118/><W99/><G108/><T26/><D134/><N who="3" m="51209" /><G15/><T47/><D68/><U86/><E86/><N who="2" m="52535" /><F125/><W28/><G28/><AGARI ba="0,0" hai="22,24,28,40,44,49,78,79" m="52535,37063" machi="28" ten="30,1000,0" yaku="8,1" doraHai="77" who="2" fromWho="3" sc="256,0,223,0,330,10,191,-10" owari="256,5.6,223,-17.7,340,44.0,181,-31.9" /></mjloggm>