<mjloggm ver="2.3"><GO type="225" lobby="0"/><UN n0="%6D%75%75%73%61%6E%6D%75" n1="%E6%B2%B3%E7%AB%A5%E3%81%AE%E3%83%AF%E3%82%AB%E3%83%9E%E3%83%84" n2="%4E%55%44%41" n3="%E3%80%90%E3%83%88%E3%83%AA%E3%83%A5%E3%83%95%E3%80%91" dan="17,19,17,16" rate="2168.76,2249.90,2193.73,2059.79" sx="F,M,M,F"/><TAIKYOKU oya="0"/><INIT seed="0,0,0,3,4,111" ten="250,250,250,250" oya="0" hai0="120,51,121,114,126,53,44,131,93,90,102,91,41" hai1="45,79,2,104,119,30,9,36,116,76,42,40,135" hai2="133,1,25,11,24,23,88,60,74,27,68,94,46" hai3="124,47,52,65,59,69,50,35,12,87,128,37,63"/><T95/><D126/><U14/><E104/><V125/><F74/><W31/><G124/><T86/><D131/><U84/><E2/><V109/><F125/><W71/><G87/><T62/><D102/><U3/><E3/><V15/><F109/><W17/><G128/><T8/><D8/><U110/><E110/><V10/><F133/><W130/><G130/><T26/><D26/><U108/><E108/><V83/><F83/><W7/><G7/><T77/><D77/><U122/><E122/><V106/><F106/><W103/><G103/><T81/><D81/><U55/><E30/><V127/><F127/><W107/><G107/><T99/><D114/><U70/><E70/><V89/><F1/><W105/><G105/><T115/><D115/><U22/><E22/><V34/><F34/><W80/><G80/><T20/><D20/><U33/><E33/><V0/><F0/><W112/><G112/><T113/><D113/><U117/><E135/><V6/><F68/><W75/><G75/><T66/><REACH who="0" step="1"/><D41/><REACH who="0" ten="240,250,250,250" step="2"/><U21/><E21/><V92/><F23/><N who="3" m="11687" /><G35/><T64/><D64/><U96/><E79/><V56/><F10/><W28/><G71/><AGARI ba="0,1" hai="44,51,53,62,66,71,86,90,91,93,95,99,120,121" machi="71" ten="30,11600,0" yaku="1,1,7,1,53,2" doraHai="111" doraHaiUra="85" who="0" fromWho="3" sc="240,126,250,0,250,0,250,-116" /><INIT seed="0,1,0,3,2,91" ten="366,250,250,134" oya="0" hai0="131,78,34,3,132,128,123,100,106,0,66,108,75" hai1="46,65,14,2,10,41,117,25,61,63,126,129,16" hai2="39,38,122,35,32,109,58,37,47,28,20,90,105" hai3="94,1,18,62,96,87,13,127,11,113,57,73,21"/><T48/><D123/><U118/><E129/><V19/><F122/><W103/><G113/><T67/><D34/><U52/><E126/><V23/><F105/><W17/><G127/><T71/><D132/><U4/><E25/><V26/><F109/><W6/><G73/><T12/><D108/><U80/><E80/><V64/><F47/><W74/><G74/><T112/><D112/><U135/><E135/><V15/><F64/><W84/><REACH who="3" step="1"/><G18/><REACH who="3" ten="366,250,250,124" step="2"/><T43/><D75/><U85/><E117/><V93/><REACH who="2" step="1"/><F58/><REACH who="2" ten="366,250,240,124" step="2"/><W29/><G29/><T130/><D130/><U97/><E118/><V70/><F70/><W30/><G30/><T104/><D71/><U95/><E46/><V111/><F111/><W8/><G8/><T102/><D128/><U9/><E9/><V116/><F116/><W81/><G81/><T119/><D131/><U120/><E10/><V88/><F88/><W114/><G114/><T68/><D119/><U110/><E110/><V51/><F51/><W53/><AGARI ba="1,2" hai="1,6,11,13,17,21,53,57,62,84,87,94,96,103" machi="53" ten="20,5200,0" yaku="1,1,0,1,7,1,52,1,53,0" doraHai="91" doraHaiUra="134" who="3" fromWho="3" sc="366,-27,250,-14,240,-14,124,75" /><INIT seed="1,0,0,3,1,24" ten="339,236,226,199" oya="1" hai0="47,59,63,133,81,50,117,22,85,72,107,125,78" hai1="69,4,57,116,40,118,17,62,71,108,103,120,48" hai2="15,82,84,9,16,83,91,30,1,3,113,102,20" hai3="122,43,90,39,28,60,109,74,114,126,76,38,51"/><U33/><E33/><V5/><F113/><W121/><G114/><T44/><D117/><N who="1" m="45163" /><E17/><V2/><F102/><W130/><G60/><T25/><D125/><U95/><E4/><V55/><F30/><W12/><G12/><T45/><D133/><U11/><E11/><V104/><F104/><W129/><G90/><T70/><D107/><U132/><E95/><V115/><F115/><W106/><G106/><T13/><D13/><U77/><E77/><V21/><F21/><W123/><G126/><T61/><D72/><U6/><E6/><V67/><F67/><W19/><G19/><T88/><D78/><U53/><E103/><V131/><F131/><N who="3" m="50187" /><G28/><N who="0" m="17463" /><D70/><N who="1" m="26635" /><E120/><N who="3" m="30722" /><W110/><DORA hai="46" /><G76/><T18/><D18/><U42/><E108/><N who="3" m="41578" /><G74/><T111/><D111/><U94/><E94/><V101/><F101/><W31/><G31/><T97/><D97/><U79/><E79/><V36/><F82/><W64/><G64/><T86/><D86/><U32/><E32/><V8/><F83/><W29/><G29/><T23/><D23/><U105/><E105/><V68/><F20/><W134/><G134/><T80/><D80/><U58/><E132/><V119/><F119/><W98/><G98/><T37/><D37/><U66/><AGARI ba="0,0" hai="40,42,48,53,57,58,62,66" m="26635,45163" machi="66" ten="30,6000,0" yaku="34,2,52,1" doraHai="24,46" who="1" fromWho="1" sc="339,-20,236,60,226,-20,199,-20" /><INIT seed="1,1,0,1,2,124" ten="319,296,206,179" oya="1" hai0="128,101,119,76,130,115,70,60,80,99,54,53,14" hai1="4,121,43,84,44,6,82,34,2,58,39,24,10" hai2="42,94,91,33,47,118,52,12,49,110,18,107,30" hai3="13,120,61,51,8,108,59,37,0,17,73,1,36"/><U117/><E117/><V100/><F118/><W96/><G120/><T75/><D119/><U40/><E121/><V9/><F110/><W15/><G108/><T68/><D115/><U133/><E133/><V5/><F107/><W127/><G127/><T97/><D14/><U35/><E6/><V41/><F100/><W71/><G73/><T112/><D112/><U23/><E58/><V16/><F30/><W81/><G81/><T26/><D26/><U93/><E93/><V88/><F33/><W89/><G51/><T45/><D45/><U77/><REACH who="1" step="1"/><E40/><REACH who="1" ten="319,286,206,179" step="2"/><N who="2" m="15467" /><F91/><W131/><G71/><T111/><D111/><U114/><E114/><V79/><F79/><W103/><G0/><T92/><D68/><U116/><E116/><V56/><F56/><W90/><G1/><T48/><D70/><U27/><E27/><V3/><F3/><W62/><G37/><T126/><D126/><U129/><E129/><V19/><F5/><N who="3" m="3215" /><G131/><N who="0" m="50219" /><D60/><N who="3" m="23145" /><G36/><T64/><D64/><U25/><E25/><V31/><F31/><AGARI ba="1,1" hai="2,4,10,23,24,31,34,35,39,43,44,77,82,84" machi="31" ten="30,2900,0" yaku="1,1,7,1,53,0" doraHai="124" doraHaiUra="105" who="1" fromWho="2" sc="319,0,286,42,206,-32,179,0" /><INIT seed="1,2,0,5,3,83" ten="319,328,174,179" oya="1" hai0="89,103,32,24,100,54,93,107,105,8,122,3,119" hai1="104,42,60,116,118,133,124,115,37,33,75,0,69" hai2="73,132,17,88,101,41,48,39,27,14,56,28,110" hai3="36,4,10,68,92,67,126,134,82,20,95,120,127"/><U97/><E60/><V112/><F73/><W49/><G120/><T74/><D119/><U63/><E63/><V23/><F110/><W79/><G36/><T71/><D74/><U34/><E97/><V94/><F132/><W30/><G67/><T50/><D71/><U130/><E42/><V109/><F109/><W15/><G134/><T90/><D122/><U58/><E58/><V11/><F112/><W125/><G49/><T102/><D90/><U21/><E21/><V99/><F39/><W62/><G62/><T87/><D8/><U16/><E16/><V12/><F12/><W113/><G113/><T78/><D3/><U1/><E34/><V70/><F70/><W121/><G68/><T81/><D24/><U65/><E65/><V86/><F41/><W53/><G53/><T22/><D22/><U128/><E128/><V19/><F56/><W66/><G121/><T117/><D32/><U59/><E59/><V108/><F108/><W91/><G91/><T6/><D6/><U57/><E57/><V96/><F48/><W61/><G61/><T40/><D40/><U123/><E116/><V111/><F111/><AGARI ba="2,0" hai="0,1,33,37,69,75,104,111,115,118,123,124,130,133" machi="111" ten="0,48000,5" yakuman="47" doraHai="83" who="1" fromWho="2" sc="319,0,328,486,174,-486,179,0" owari="319,11.9,814,91.4,-312,-81.2,179,-22.1" /></mjloggm>