<mjloggm ver="2.3"><GO type="225" lobby="0"/><UN n0="%E3%82%B7%E3%83%B3%E5%A4%AA%E6%9C%97" n1="%E2%98%86%E5%AD%AB%E7%87%95%E5%A7%BF%E2%98%86" n2="%E3%81%88%E3%81%8C%E3%82%8F%E3%82%8A%E3%81%8A" n3="%E3%81%95%E3%81%8D%E3%81%9F%E3%81%BE%E6%9E%97%E6%AA%8E" dan="16,17,16,16" rate="2165.34,2241.43,2098.63,2108.98" sx="M,M,M,M"/><TAIKYOKU oya="0"/><INIT seed="0,0,0,2,0,65" ten="250,250,250,250" oya="0" hai0="33,82,98,100,45,72,105,85,9,17,97,53,27" hai1="92,80,88,26,130,99,48,38,60,2,76,35,50" hai2="57,6,124,58,93,55,25,67,59,118,91,101,20" hai3="64,11,128,69,115,83,34,18,89,46,106,40,68"/><T84/><D72/><U119/><E119/><V112/><F118/><W104/><G89/><T74/><D74/><U132/><E38/><V135/><F124/><W43/><G18/><T86/><D98/><U12/><E2/><V15/><F135/><W71/><G83/><T21/><D33/><U87/><E132/><V133/><F133/><W121/><G43/><T95/><D9/><U79/><E130/><V56/><F112/><W7/><G115/><T103/><BYE who="3" /><D105/><U47/><E60/><V14/><F101/><W127/><G127/><T123/><D123/><U113/><E113/><UN n3="%E3%81%95%E3%81%8D%E3%81%9F%E3%81%BE%E6%9E%97%E6%AA%8E" /><V61/><F6/><W75/><G121/><T29/><D103/><U28/><E12/><V36/><F36/><N who="3" m="21767" /><G128/><T44/><D29/><U54/><REACH who="1" step="1"/><E50/><REACH who="1" ten="250,240,250,250" step="2"/><V63/><F63/><N who="3" m="39967" /><G75/><T66/><D66/><U107/><E107/><N who="3" m="41002" /><G34/><T42/><D42/><U81/><E81/><V111/><F67/><W102/><G102/><AGARI ba="0,1" hai="26,28,35,47,48,54,76,79,80,87,88,92,99,102" machi="102" ten="30,7700,0" yaku="1,1,7,1,54,1,53,1" doraHai="65" doraHaiUra="23" who="1" fromWho="3" sc="250,0,240,87,250,0,250,-77" /><INIT seed="1,0,0,1,0,63" ten="250,327,250,173" oya="1" hai0="98,9,29,14,1,17,70,104,0,126,56,52,99" hai1="33,72,15,3,108,26,112,68,123,45,130,47,11" hai2="39,125,21,83,90,10,58,25,57,80,46,116,36" hai3="115,119,82,49,117,61,54,79,23,81,30,77,8"/><U128/><E112/><V35/><F116/><N who="3" m="44619" /><G115/><T93/><D70/><U129/><E123/><V24/><F35/><W131/><G131/><T110/><D110/><U51/><E72/><V22/><F10/><W62/><G8/><T111/><D111/><U84/><E108/><V37/><F90/><W53/><G23/><T48/><D126/><U133/><E3/><V105/><F105/><W74/><G30/><T86/><D29/><N who="1" m="19639" /><E68/><V106/><F106/><W102/><G102/><T92/><D104/><U127/><E127/><V7/><F7/><W55/><G49/><T87/><D1/><U38/><E38/><V91/><F91/><W76/><G74/><T34/><D34/><U89/><E51/><V134/><F125/><W69/><G69/><T64/><D0/><U32/><E133/><V118/><F118/><W71/><G71/><T42/><D42/><U2/><E2/><V27/><F46/><W97/><G97/><T132/><D132/><U65/><E65/><V44/><F44/><W59/><G59/><N who="2" m="22537" /><F134/><W12/><G12/><T41/><D64/><U19/><E32/><V88/><F88/><W96/><G96/><N who="0" m="36907" /><D41/><U122/><E122/><V40/><F40/><W75/><G75/><T113/><D113/><U121/><E121/><V107/><F107/><W100/><G100/><T13/><D13/><U114/><E114/><V67/><F67/><W94/><G94/><AGARI ba="0,0" hai="9,14,17,48,52,56,86,87,92,93,94" m="36907" machi="94" ten="30,2000,0" yaku="8,1,54,1" doraHai="63" who="0" fromWho="3" sc="250,20,327,0,250,0,173,-20" /><AGARI ba="0,0" hai="11,15,19,45,47,84,89,94,128,129,130" m="19639" machi="94" ten="30,1500,0" yaku="19,1" doraHai="63" who="1" fromWho="3" sc="270,0,327,15,250,0,153,-15" /><INIT seed="1,1,0,2,0,116" ten="270,342,250,138" oya="1" hai0="96,94,31,120,89,99,56,80,78,54,122,118,84" hai1="57,130,36,18,64,62,12,1,86,23,132,44,97" hai2="134,34,123,98,35,117,124,100,14,22,107,9,20" hai3="28,42,67,77,119,21,76,106,112,46,41,83,39"/><U109/><E1/><V103/><F117/><W88/><G112/><T17/><D118/><U59/><E132/><V0/><F134/><W93/><G119/><T40/><D40/><U3/><E3/><V65/><F124/><W8/><G106/><T16/><D31/><U87/><E36/><V52/><F65/><W51/><G39/><T15/><D99/><U135/><E135/><V75/><F75/><W10/><G67/><T49/><REACH who="0" step="1"/><D17/><REACH who="0" ten="260,342,250,138" step="2"/><U131/><E97/><V38/><F98/><N who="3" m="57639" /><G42/><T45/><D45/><U25/><E44/><V111/><F38/><W30/><G30/><T110/><D110/><U13/><E109/><V82/><F111/><W47/><G47/><T101/><D101/><U85/><REACH who="1" step="1"/><E59/><REACH who="1" ten="260,332,250,138" step="2"/><V105/><F100/><W69/><G46/><T70/><D70/><U66/><E66/><V102/><F103/><W113/><G69/><T108/><D108/><U11/><E11/><AGARI ba="1,2" hai="11,15,16,49,54,56,78,80,84,89,94,96,120,122" machi="11" ten="40,8000,1" yaku="1,1,52,2,54,1,53,0" doraHai="116" doraHaiUra="58" who="0" fromWho="1" sc="260,103,332,-83,250,0,138,0" /><INIT seed="2,0,0,4,5,119" ten="363,249,250,138" oya="2" hai0="102,134,36,126,118,23,120,66,83,91,26,31,76" hai1="104,98,60,97,15,1,92,37,105,21,64,59,68" hai2="113,127,50,45,133,22,62,2,55,19,73,33,86" hai3="46,5,20,90,16,63,8,65,27,57,122,53,38"/><V74/><F113/><W58/><G38/><T28/><D118/><U99/><E1/><V34/><F2/><W71/><G71/><T94/><D36/><U96/><E37/><V108/><F127/><W117/><G117/><T49/><D120/><U10/><E21/><V112/><F112/><W121/><G46/><T123/><D123/><U32/><E32/><V131/><F133/><W100/><G100/><T129/><D66/><U30/><E30/><V89/><F131/><W125/><G125/><T93/><D134/><U78/><E78/><V95/><F108/><W24/><G90/><T132/><D132/><U9/><E68/><V3/><F3/><W52/><G27/><T56/><D102/><U39/><E10/><V40/><F34/><W7/><G65/><T116/><D94/><U54/><E39/><V6/><F6/><W48/><G5/><T107/><D107/><U75/><E75/><V35/><F35/><W85/><G85/><T25/><D129/><U61/><E61/><V44/><F33/><W106/><G106/><T111/><D111/><U51/><E60/><V135/><F135/><W67/><G67/><T69/><D69/><U101/><REACH who="1" step="1"/><E64/><REACH who="1" ten="363,239,250,138" step="2"/><V47/><F62/><W17/><G17/><AGARI ba="0,1" hai="9,15,17,51,54,59,92,96,97,98,99,101,104,105" machi="17" ten="40,2600,0" yaku="1,1,2,1,53,0" doraHai="119" doraHaiUra="41" who="1" fromWho="3" sc="363,0,239,36,250,0,138,-26" /><INIT seed="3,0,0,3,3,64" ten="363,275,250,112" oya="3" hai0="98,99,114,39,4,104,87,49,123,59,122,74,7" hai1="101,48,44,33,19,109,9,86,93,118,77,71,73" hai2="11,38,115,37,89,125,96,130,110,128,102,52,55" hai3="13,58,50,67,10,108,66,132,119,70,20,29,121"/><W92/><G121/><T5/><D39/><U16/><E33/><V56/><F115/><W83/><G119/><T117/><D74/><U25/><E73/><V76/><F89/><W21/><G132/><T2/><D2/><U15/><E109/><V63/><F110/><W68/><G108/><T32/><D32/><U0/><E0/><V3/><F76/><W43/><G43/><T129/><D114/><U72/><E72/><V45/><F125/><W124/><G124/><T135/><D135/><U46/><E71/><V6/><F55/><W113/><G113/><T112/><D129/><N who="2" m="49770" /><F45/><W106/><G106/><AGARI ba="0,0" hai="3,6,11,37,38,52,56,63,96,102,106" m="49770" machi="106" ten="30,2000,0" yaku="19,1,54,1" doraHai="64" who="2" fromWho="3" sc="363,0,275,0,250,20,112,-20" owari="363,46.3,275,7.5,270,-13.0,92,-40.8" /></mjloggm>