<mjloggm ver="2.3"><GO type="225" lobby="0"/><UN n0="%E3%81%99%E3%81%84%E3%81%BE%E3%81%9B%E3%83%BC%E3%82%93" n1="%E5%B8%86%E7%AB%8B%E5%A4%8F%E8%A1%A3" n2="%E3%81%AF%E3%82%88%E3%81%8A%E3%81%98%E3%81%95%E3%82%93" n3="%4E%6F%2E%30%30%30%31" dan="16,16,16,18" rate="2159.62,2093.91,2155.91,2227.16" sx="M,M,M,M"/><TAIKYOKU oya="0"/><INIT seed="0,0,0,3,5,95" ten="250,250,250,250" oya="0" hai0="57,99,30,36,135,79,22,14,6,31,88,32,61" hai1="133,23,4,108,1,68,20,59,63,134,64,2,127" hai2="114,94,19,110,27,37,72,45,66,123,55,3,52" hai3="120,126,115,35,24,128,78,43,26,8,38,40,98"/><T53/><D36/><U101/><E108/><V85/><F72/><W111/><G111/><T81/><D135/><N who="1" m="51723" /><E127/><V47/><F114/><W17/><G115/><T51/><D32/><U39/><E39/><V103/><F123/><W118/><G38/><T100/><D51/><U121/><E121/><V42/><F3/><N who="1" m="1033" /><E4/><V125/><F125/><W105/><G126/><T119/><D119/><U122/><E122/><V18/><F110/><W124/><G124/><T75/><D88/><U102/><E68/><V49/><F66/><W67/><G67/><T58/><D57/><U83/><E83/><V29/><F55/><W48/><G43/><T12/><D6/><U34/><E34/><V96/><REACH who="2" step="1"/><F85/><REACH who="2" ten="250,250,240,250" step="2"/><W113/><G120/><T13/><REACH who="0" step="1"/><D22/><AGARI ba="0,1" hai="20,22,23,59,63,64,101,102" m="1033,51723" machi="22" ten="30,1000,0" yaku="20,1" doraHai="95" who="1" fromWho="0" sc="250,-10,250,20,240,0,250,0" /><AGARI ba="0,0" hai="18,19,22,27,29,37,42,45,47,49,52,94,96,103" machi="22" ten="30,8000,1" yaku="1,1,2,1,7,1,52,1,54,1,53,0" doraHai="95" doraHaiUra="10" who="2" fromWho="0" sc="240,-80,270,0,240,80,250,0" /><INIT seed="1,0,0,2,2,118" ten="160,270,320,250" oya="1" hai0="97,108,16,121,76,109,80,120,110,68,78,69,6" hai1="2,135,8,39,17,79,89,27,99,98,0,26,12" hai2="107,115,54,123,48,47,28,84,103,49,41,23,124" hai3="131,96,75,43,62,57,111,56,21,61,59,33,19"/><U55/><E135/><V133/><F123/><N who="0" m="47178" /><D6/><U67/><E39/><V93/><F107/><W35/><G111/><N who="0" m="28419" /><T116/><DORA hai="13" /><D116/><U77/><E67/><V88/><F124/><W40/><G75/><N who="0" m="43039" /><D78/><U128/><E77/><V73/><F73/><W114/><G114/><T65/><D65/><U30/><E79/><V15/><F115/><W9/><G131/><T44/><D44/><U64/><E128/><V125/><F47/><W94/><G33/><T90/><D90/><U1/><E89/><V129/><F88/><N who="3" m="55367" /><G35/><T11/><D97/><U113/><E98/><V102/><F129/><W34/><G34/><T46/><D46/><U37/><E99/><V31/><F84/><W82/><G82/><T132/><D132/><U95/><E64/><V58/><F133/><W117/><G117/><T53/><D53/><U105/><E55/><V70/><F54/><W42/><G9/><T92/><D92/><U10/><E95/><V3/><F93/><W51/><G51/><T66/><D66/><U5/><E10/><V87/><F49/><W122/><G122/><T100/><D100/><U50/><E8/><V104/><F48/><W63/><G63/><T130/><D130/><U91/><E50/><V4/><F103/><W85/><G85/><T101/><D101/><U127/><E91/><V36/><F87/><W60/><G60/><T72/><D72/><U24/><E1/><V7/><F3/><W74/><G74/><T20/><D11/><U52/><E52/><V119/><F102/><W106/><G106/><T134/><D134/><U18/><E105/><V29/><F104/><RYUUKYOKU ba="0,0" sc="160,15,270,-15,320,-15,250,15" hai0="16,20,68,69" hai3="19,21,40,42,43,56,57,59,61,62" /><INIT seed="2,1,0,1,0,119" ten="175,255,305,265" oya="2" hai0="84,80,53,129,55,9,7,60,44,6,63,58,115" hai1="77,121,86,34,33,130,75,65,72,49,122,112,134" hai2="13,30,98,40,15,113,87,66,35,3,32,111,73" hai3="108,74,14,22,43,5,91,124,18,78,88,31,105"/><V29/><F113/><W48/><G105/><T128/><D115/><U109/><E112/><V20/><F73/><N who="1" m="28233" /><E65/><V24/><F40/><W38/><G38/><T69/><D69/><U25/><E25/><N who="2" m="18479" /><F87/><W17/><G108/><T93/><D93/><U131/><E109/><V107/><F98/><W39/><G39/><T82/><D44/><U57/><E134/><V79/><F79/><W123/><G124/><T50/><D50/><U127/><E127/><V45/><F66/><W46/><G123/><N who="1" m="47114" /><E34/><V96/><F35/><W95/><G31/><T101/><D101/><U135/><E135/><V114/><F30/><W59/><G74/><T19/><D19/><U26/><E26/><V70/><F24/><W61/><G18/><T126/><D126/><U27/><E27/><V92/><F111/><W125/><G125/><T71/><D71/><U56/><E33/><V81/><F70/><W36/><G17/><T12/><D6/><U62/><E62/><V47/><F114/><W10/><G61/><T120/><D120/><U42/><E42/><V8/><F107/><W16/><G43/><T110/><D110/><U103/><E103/><V102/><F102/><W116/><G5/><T54/><D63/><U21/><E21/><V4/><F20/><W76/><G22/><T68/><D68/><U118/><E118/><V52/><F4/><W1/><G116/><T85/><D60/><U28/><E28/><V51/><F51/><W83/><G48/><T2/><D12/><U106/><E106/><V100/><F15/><W37/><G14/><T11/><D11/><U0/><E49/><RYUUKYOKU ba="1,0" sc="175,0,255,0,305,0,265,0" /><INIT seed="3,2,0,3,4,127" ten="175,255,305,265" oya="3" hai0="125,12,4,6,39,45,77,111,131,7,107,119,35" hai1="88,31,17,100,2,134,43,54,124,21,93,15,104" hai2="106,14,133,33,34,95,79,110,56,23,87,11,38" hai3="28,52,92,41,29,8,118,78,113,128,10,72,117"/><W30/><G113/><T59/><D119/><U24/><E124/><V122/><F106/><W9/><G41/><T20/><D125/><U16/><E134/><V91/><F38/><W73/><G128/><T132/><D107/><U123/><E123/><V120/><F133/><W85/><G52/><T75/><D132/><U114/><E114/><V83/><F23/><W74/><G92/><T116/><D116/><N who="3" m="44649" /><G85/><T101/><D35/><U69/><E2/><V27/><F56/><W48/><G48/><T67/><D101/><U57/><E69/><V96/><F110/><W5/><G5/><T3/><D3/><U32/><E43/><V115/><F115/><W99/><G78/><T1/><D1/><U129/><E129/><V81/><F83/><W25/><G25/><T130/><D111/><U76/><E76/><V58/><F58/><W84/><G84/><T22/><D39/><U62/><E104/><V13/><F13/><W112/><G112/><T102/><D102/><U103/><REACH who="1" step="1"/><E17/><REACH who="1" ten="175,245,305,265" step="2"/><N who="2" m="8415" /><F122/><W50/><G50/><T60/><D12/><U80/><E80/><V63/><F81/><W86/><G86/><AGARI ba="2,1" hai="15,16,21,24,31,32,54,57,62,86,88,93,100,103" machi="86" ten="30,7700,0" yaku="1,1,7,1,54,2,53,0" doraHai="127" doraHaiUra="40" who="1" fromWho="3" sc="175,0,245,93,305,0,265,-83" owari="175,-32.5,338,43.8,305,10.5,182,-21.8" /></mjloggm>