<mjloggm ver="2.3"><GO type="225" lobby="0"/><UN n0="%E3%81%88%E3%81%8C%E3%82%8F%E3%82%8A%E3%81%8A" n1="%E3%81%95%E3%81%8D%E3%81%9F%E3%81%BE%E6%9E%97%E6%AA%8E" n2="%74%61%6B%75%61%6B%61" n3="%E3%81%86%E3%82%8B%E3%81%8A%E3%81%A1%E3%82%83" dan="16,16,17,16" rate="2097.99,2059.47,2225.77,2124.08" sx="M,M,M,F"/><TAIKYOKU oya="0"/><INIT seed="0,0,0,2,4,124" ten="250,250,250,250" oya="0" hai0="60,12,77,75,118,42,121,103,97,115,82,39,76" hai1="130,51,23,56,110,0,104,90,73,92,87,108,8" hai2="5,106,71,59,11,125,58,116,49,24,117,112,6" hai3="19,29,129,62,100,52,1,91,101,128,135,38,64"/><T40/><D115/><U85/><E130/><N who="3" m="50282" /><G135/><T107/><D118/><U68/><E68/><V127/><F71/><N who="3" m="42391" /><G38/><T37/><D121/><U48/><E104/><V67/><F106/><W66/><G66/><T95/><D76/><U15/><E73/><V21/><F49/><W63/><G1/><T122/><D122/><U131/><E131/><V47/><F47/><W65/><G29/><T132/><D132/><U111/><E56/><V27/><F21/><W102/><G91/><T16/><D60/><U126/><E126/><V72/><F11/><W35/><G35/><T114/><D114/><U53/><E53/><V113/><F67/><W9/><G65/><T69/><D69/><U93/><E0/><V79/><F79/><W119/><G119/><T7/><D39/><U41/><E41/><V10/><REACH who="2" step="1"/><F10/><REACH who="2" ten="250,250,240,250" step="2"/><W80/><G80/><T120/><D120/><U83/><E23/><V89/><F89/><W44/><G44/><T2/><D37/><U61/><E61/><V17/><F17/><W31/><G31/><T84/><D16/><U4/><E83/><V99/><F99/><W22/><G9/><N who="0" m="4159" /><D2/><U3/><E3/><V133/><F133/><W14/><G63/><T86/><D40/><U55/><E55/><AGARI ba="0,1" hai="14,19,22,52,55,100,101,102" m="42391,50282" machi="55" ten="30,8000,1" yaku="19,1,52,3,54,1" doraHai="124" who="3" fromWho="1" sc="250,0,250,-80,240,0,250,90" /><INIT seed="1,0,0,4,2,82" ten="250,170,240,340" oya="1" hai0="72,43,9,135,88,7,98,125,26,46,77,52,86" hai1="129,58,95,63,103,107,104,19,93,0,40,99,106" hai2="45,124,49,13,3,1,65,78,91,92,64,35,54" hai3="61,122,69,115,12,18,66,85,57,90,119,102,111"/><U23/><E129/><V100/><F35/><W31/><G122/><T126/><D135/><U55/><E0/><V2/><F124/><N who="0" m="47722" /><D98/><U110/><E110/><V6/><F100/><W108/><G115/><T94/><D26/><U44/><E95/><V118/><F118/><W42/><G119/><T131/><D131/><U4/><E4/><V120/><F120/><W5/><G102/><T96/><D72/><U38/><REACH who="1" step="1"/><E93/><REACH who="1" ten="250,160,240,340" step="2"/><V68/><F6/><W39/><G5/><T33/><D7/><U84/><E84/><V76/><F1/><W24/><G111/><T36/><D96/><U20/><E20/><V127/><F2/><W132/><G108/><T113/><D33/><U60/><E60/><V10/><F3/><W89/><G85/><N who="0" m="52495" /><D113/><U15/><AGARI ba="0,1" hai="15,19,23,38,40,44,55,58,63,99,103,104,106,107" machi="15" ten="20,7800,0" yaku="1,1,0,1,7,1,53,1" doraHai="82" doraHaiUra="70" who="1" fromWho="1" sc="250,-26,160,88,240,-26,340,-26" /><INIT seed="1,1,0,3,0,68" ten="224,248,214,314" oya="1" hai0="98,93,120,88,95,135,6,133,134,119,38,8,4" hai1="0,5,31,125,105,123,53,71,32,20,90,115,128" hai2="24,33,41,110,36,72,79,102,85,103,56,14,74" hai3="97,111,21,60,25,131,67,130,82,92,114,19,106"/><U35/><E115/><V46/><F110/><W40/><G114/><T13/><D119/><U58/><E123/><V7/><F56/><N who="3" m="37255" /><G106/><T65/><D120/><U10/><E105/><V99/><F85/><W12/><G40/><T73/><D73/><U47/><E71/><V62/><F62/><W39/><G39/><T104/><D104/><U9/><E125/><V22/><F79/><W112/><G82/><T126/><D126/><U129/><E47/><V89/><F89/><N who="3" m="55439" /><G112/><T69/><D38/><U29/><E90/><V70/><F70/><W17/><G111/><T26/><D26/><N who="1" m="16583" /><E53/><V94/><F103/><W57/><G57/><T108/><D108/><U11/><E58/><V61/><F61/><W59/><G59/><T101/><D69/><U122/><E122/><V113/><F33/><N who="1" m="12873" /><E31/><V55/><F55/><W34/><G34/><T78/><D78/><U45/><E45/><V86/><F113/><W30/><G30/><T87/><D65/><U107/><E107/><V1/><F74/><W117/><G117/><T42/><D42/><U118/><E118/><V44/><F72/><W124/><G124/><T96/><D87/><U18/><E18/><AGARI ba="1,0" hai="4,6,8,13,18,88,93,95,96,98,101,133,134,135" machi="18" ten="40,2600,0" yaku="20,1,54,1" doraHai="68" who="0" fromWho="1" sc="224,29,248,-29,214,0,314,0" /><INIT seed="2,0,0,2,3,40" ten="253,219,214,314" oya="2" hai0="82,112,102,8,83,41,91,80,11,55,93,33,74" hai1="42,10,72,37,77,22,69,62,20,92,97,75,95" hai2="5,16,32,19,1,87,84,70,7,53,130,125,116" hai3="45,58,31,39,111,3,100,60,109,57,63,34,25"/><V56/><F116/><W101/><G3/><T108/><D112/><U132/><E132/><V121/><F121/><W59/><G39/><T94/><D74/><U110/><E110/><N who="3" m="41994" /><G45/><T29/><D108/><U90/><E75/><V119/><F119/><W61/><AGARI ba="0,0" hai="25,31,34,57,58,59,60,61,63,100,101" m="41994" machi="61" ten="40,1500,0" yaku="14,1" doraHai="40" who="3" fromWho="3" sc="253,-4,219,-4,214,-7,314,15" /><INIT seed="3,0,0,5,5,4" ten="249,215,207,329" oya="3" hai0="33,133,108,34,0,74,104,55,71,125,39,13,18" hai1="20,122,75,35,61,80,41,25,58,32,93,72,43" hai2="30,114,95,102,91,88,63,89,40,87,96,53,59" hai3="98,62,126,82,121,31,57,131,111,105,90,66,77"/><W92/><G121/><T45/><D18/><U129/><E122/><V106/><F114/><W99/><G126/><T127/><D13/><U107/><E107/><V9/><F40/><W135/><G135/><T110/><D55/><U81/><E129/><V86/><F30/><W112/><G112/><T51/><D51/><U101/><E35/><V134/><F134/><W49/><G131/><T16/><D16/><N who="1" m="12423" /><E32/><V68/><F68/><W54/><G111/><T6/><D6/><U128/><E128/><V27/><F27/><W78/><G31/><T94/><D94/><U26/><E26/><V50/><F63/><W29/><G29/><T28/><D28/><U23/><E23/><V56/><F56/><W52/><G54/><T118/><D34/><U73/><E43/><V7/><F86/><N who="3" m="50519" /><G105/><T37/><D127/><U60/><E41/><V3/><AGARI ba="0,0" hai="3,7,9,50,53,59,87,88,89,91,95,96,102,106" machi="3" ten="20,5200,0" yaku="0,1,7,1,52,1,54,1" doraHai="4" who="2" fromWho="2" sc="249,-13,215,-13,207,52,329,-26" owari="236,-16.4,202,-29.8,259,5.9,303,40.3" /></mjloggm>