<mjloggm ver="2.3"><GO type="225" lobby="0"/><UN n0="%72%69%6F%75%63%68%61%6E" n1="%E6%81%A5%E6%99%92%E3%81%97" n2="%E7%89%B9%E6%9D%B1%E3%81%AF%E4%B8%96%E7%95%8C%E3%82%92%E6%95%91%E3%81%86" n3="%E4%BF%BA%E3%81%A8%E5%A6%96%E5%A4%A2" dan="16,16,16,17" rate="2178.18,2132.31,2193.58,2184.58" sx="M,M,M,F"/><TAIKYOKU oya="0"/><INIT seed="0,0,0,3,4,55" ten="250,250,250,250" oya="0" hai0="42,118,95,62,75,133,16,113,56,105,106,79,76" hai1="4,124,100,119,80,9,85,73,27,50,44,90,30" hai2="114,64,58,14,3,130,127,41,78,70,112,96,128" hai3="129,61,87,132,10,101,46,91,99,135,67,77,103"/><T53/><D113/><N who="2" m="43626" /><F14/><W5/><G77/><T23/><D118/><U22/><E124/><V93/><F78/><W19/><G19/><T102/><D133/><N who="3" m="51273" /><G46/><T43/><D106/><U17/><E119/><V63/><F3/><N who="3" m="319" /><G99/><N who="0" m="59775" /><D105/><U33/><E100/><N who="2" m="60431" /><F127/><W57/><G129/><N who="2" m="49769" /><F41/><N who="0" m="15370" /><D75/><U32/><E73/><V36/><F36/><W0/><G0/><T111/><D111/><U82/><E82/><AGARI ba="0,0" hai="57,61,67,82,87,91,101,103" m="319,51273" machi="82" ten="30,2000,0" yaku="20,1,52,1" doraHai="55" who="3" fromWho="1" sc="250,0,250,-20,250,0,250,20" /><INIT seed="1,0,0,5,0,47" ten="250,230,250,270" oya="1" hai0="117,37,39,62,54,119,72,112,29,53,22,45,57" hai1="24,120,21,67,4,25,32,26,109,92,50,125,100" hai2="36,3,85,6,110,16,60,116,70,8,19,28,86" hai3="74,80,123,105,52,76,41,90,33,9,82,75,14"/><U114/><E114/><V18/><F116/><N who="0" m="44618" /><D22/><U94/><E120/><V96/><F36/><N who="0" m="13898" /><D29/><U134/><E32/><V79/><F110/><W99/><G41/><T89/><D89/><U61/><E109/><V129/><F129/><W108/><G108/><T48/><D72/><U126/><E134/><V11/><F28/><W101/><G123/><T20/><D20/><U0/><E0/><V42/><F42/><W102/><G33/><T124/><D124/><N who="1" m="47723" /><E4/><V1/><F96/><W27/><G27/><N who="1" m="10314" /><E100/><V83/><F3/><W78/><G101/><T55/><D112/><U38/><E50/><V111/><F111/><W69/><G69/><T56/><D56/><N who="1" m="37287" /><E38/><V135/><F11/><W5/><G90/><T131/><D131/><U104/><E104/><V113/><F113/><W132/><G132/><T63/><D63/><U12/><E12/><V115/><F115/><W35/><G35/><T121/><D121/><U93/><E93/><V130/><F130/><W2/><G2/><T44/><D44/><U7/><E7/><V10/><F10/><W81/><G81/><T122/><D122/><U23/><E23/><V34/><F34/><W87/><G87/><T64/><AGARI ba="0,0" hai="45,48,53,54,55,57,62,64" m="13898,44618" machi="64" ten="30,4000,0" yaku="34,2,52,1" doraHai="47" who="0" fromWho="0" sc="250,40,230,-20,250,-10,270,-10" /><INIT seed="2,0,0,3,0,41" ten="290,210,240,260" oya="2" hai0="17,100,135,95,71,10,109,55,62,70,4,34,127" hai1="3,133,26,21,112,106,91,13,120,36,51,5,92" hai2="107,101,99,90,93,31,54,72,6,33,44,105,116" hai3="75,58,52,134,24,122,15,0,67,76,25,60,108"/><V73/><F116/><W47/><G122/><T80/><D109/><U49/><E112/><V18/><F6/><W88/><G0/><T102/><D34/><U50/><E120/><V96/><F105/><W97/><G108/><T42/><D127/><U38/><E133/><V14/><F31/><W87/><G134/><T40/><D135/><U125/><E106/><V48/><REACH who="2" step="1"/><F33/><REACH who="2" ten="290,210,230,260" step="2"/><W37/><G75/><T82/><D4/><U23/><E125/><V103/><F103/><W56/><G76/><T39/><D102/><U64/><E5/><V45/><F45/><W132/><G132/><T130/><D100/><U30/><E3/><V126/><F126/><W119/><G119/><T81/><D17/><U7/><E64/><V110/><F110/><W59/><G67/><T128/><D130/><U74/><E7/><V22/><AGARI ba="0,1" hai="14,18,22,44,48,54,72,73,90,93,96,99,101,107" machi="22" ten="20,7800,0" yaku="1,1,0,1,7,1,52,1,53,0" doraHai="41" doraHaiUra="32" who="2" fromWho="2" sc="290,-26,210,-26,230,88,260,-26" /><INIT seed="2,1,0,1,5,56" ten="264,184,318,234" oya="2" hai0="87,94,85,71,124,70,89,120,5,104,15,79,132" hai1="38,133,63,121,18,24,19,97,91,72,21,118,52" hai2="131,43,115,125,2,1,13,95,75,39,55,99,17" hai3="30,109,73,45,46,100,68,64,74,108,92,86,44"/><V76/><F115/><W11/><G30/><T14/><D120/><U32/><E118/><V36/><F131/><W10/><G86/><T59/><D104/><U49/><E121/><V82/><F125/><W127/><G127/><T83/><D124/><U116/><E116/><V37/><F43/><W102/><G92/><T34/><D132/><U9/><E133/><V54/><F2/><W129/><G64/><T62/><D34/><U88/><E32/><V113/><F1/><W60/><G68/><T130/><D130/><U111/><E111/><N who="3" m="42570" /><G60/><T77/><D77/><U119/><E38/><V90/><REACH who="2" step="1"/><F113/><REACH who="2" ten="264,184,308,234" step="2"/><W84/><G129/><T50/><D50/><U98/><E119/><V16/><F16/><W6/><G6/><T110/><D110/><U105/><E49/><V128/><F128/><W26/><G26/><T107/><D5/><U93/><E19/><V58/><F58/><W25/><G25/><T96/><D70/><U126/><E126/><V20/><AGARI ba="1,1" hai="13,17,20,36,37,39,54,55,75,76,82,90,95,99" machi="20" ten="30,3000,0" yaku="1,1,0,1,53,0" doraHai="56" doraHaiUra="27" who="2" fromWho="2" sc="264,-11,184,-11,308,43,234,-11" /><INIT seed="2,2,0,0,1,14" ten="253,173,351,223" oya="2" hai0="131,77,13,42,35,75,102,31,52,61,85,134,49" hai1="5,17,0,98,116,135,48,7,108,28,41,117,32" hai2="39,97,66,89,30,54,110,68,64,16,27,125,82" hai3="90,74,104,6,56,59,122,65,83,50,26,4,70"/><V99/><F39/><W120/><G104/><T29/><D75/><U79/><E79/><V2/><F2/><W94/><G70/><T45/><D35/><U127/><E98/><V9/><F125/><W24/><G74/><T133/><D131/><U34/><E41/><V130/><F130/><W51/><G83/><N who="0" m="47343" /><D102/><U78/><E48/><V87/><F110/><W25/><G90/><T18/><D61/><U40/><E40/><V20/><F54/><W107/><G107/><T44/><D44/><U96/><E96/><N who="2" m="36939" /><F68/><W123/><G94/><T114/><D114/><U115/><E78/><V43/><F43/><W113/><G65/><N who="2" m="25193" /><F9/><W12/><G12/><T60/><D134/><U109/><E135/><V46/><F46/><W8/><G8/><N who="0" m="6439" /><D133/><U111/><E127/><V121/><F121/><W33/><G33/><N who="1" m="12906" /><E115/><V53/><F53/><W57/><REACH who="3" step="1"/><G113/><REACH who="3" ten="253,173,351,213" step="2"/><T71/><D71/><U88/><E0/><V105/><F105/><W132/><G132/><T112/><D112/><U91/><E28/><AGARI ba="2,1" hai="16,20,27,28,30,82,87,89" m="25193,36939" machi="28" ten="30,5800,0" yaku="8,1,52,1,54,1" doraHai="14" who="2" fromWho="1" sc="253,0,173,-64,351,74,213,0" /><INIT seed="2,3,0,1,1,114" ten="253,109,425,213" oya="2" hai0="67,69,19,123,40,86,17,28,39,120,4,57,11" hai1="13,20,37,45,23,73,58,70,36,75,81,68,129" hai2="32,100,16,135,79,54,26,95,80,97,119,116,90" hai3="74,6,35,50,94,113,84,117,33,1,29,44,49"/><V128/><F128/><W34/><G113/><T2/><D69/><U131/><E58/><V121/><F121/><W27/><G74/><T118/><D28/><U8/><E8/><V96/><F135/><W103/><G50/><T60/><D118/><U115/><E13/><V53/><F53/><W92/><G117/><T56/><D56/><U7/><E81/><V64/><F64/><W5/><G94/><T89/><D123/><U22/><E115/><V101/><F54/><W0/><G6/><T111/><D111/><U59/><E59/><V51/><F51/><W110/><G110/><T77/><D77/><U38/><E7/><V85/><F79/><W108/><G108/><T62/><D62/><U47/><E47/><V93/><F32/><W48/><G48/><T104/><D104/><U132/><E45/><V102/><F102/><W107/><G107/><T31/><D120/><U15/><E15/><V91/><F91/><W41/><G5/><T88/><D89/><U9/><E9/><V109/><F109/><W130/><G130/><N who="1" m="49674" /><E132/><V76/><F76/><W24/><G24/><T12/><D12/><U14/><E14/><V71/><F71/><AGARI ba="3,0" hai="20,22,23,36,37,38,68,70,71,73,75" m="49674" machi="71" ten="40,5200,0" yaku="28,2,19,1" doraHai="114" who="1" fromWho="2" sc="253,0,109,61,425,-61,213,0" /><INIT seed="3,0,0,5,2,115" ten="253,170,364,213" oya="3" hai0="6,71,109,53,19,34,73,55,54,37,125,82,7" hai1="39,68,15,102,50,17,74,1,99,32,133,75,67" hai2="22,113,24,123,118,112,35,77,64,128,31,80,119" hai3="72,49,107,65,120,38,59,114,91,92,117,23,124"/><W134/><G120/><T76/><D71/><U122/><E122/><V81/><F123/><W83/><G114/><T66/><D37/><U96/><E39/><V10/><F113/><W132/><G107/><T0/><D66/><U43/><E133/><V70/><F112/><W90/><G38/><T60/><D34/><U63/><E1/><V111/><F80/><W9/><G124/><T8/><D125/><U27/><E50/><V89/><F89/><W127/><G127/><T93/><D109/><U45/><E17/><V40/><F40/><W48/><G9/><T121/><D121/><U2/><E15/><V30/><F111/><W11/><G11/><T13/><D60/><U42/><E2/><V84/><F128/><W100/><G49/><T104/><D104/><N who="1" m="63559" /><E43/><V44/><F44/><W105/><G23/><T69/><D69/><U88/><E45/><V3/><F30/><W21/><G21/><T56/><D56/><U95/><E42/><V110/><F22/><W97/><G90/><T85/><D0/><U103/><E88/><V106/><F110/><W26/><G48/><T57/><D57/><U51/><E51/><V12/><F3/><W79/><G132/><T129/><D19/><U5/><E5/><V4/><F35/><W116/><G134/><T87/><D6/><U126/><E126/><V58/><F4/><W62/><G26/><T36/><D7/><U86/><E86/><AGARI ba="0,0" hai="59,62,65,72,79,83,86,91,92,97,100,105,116,117" machi="86" ten="30,12000,1" yaku="7,1,24,2,52,2" doraHai="115" who="3" fromWho="1" sc="253,0,170,-120,364,0,213,120" /><INIT seed="3,1,0,3,2,77" ten="253,50,364,333" oya="3" hai0="121,103,36,55,104,79,58,101,117,13,17,32,126" hai1="53,48,68,122,102,8,12,37,62,125,19,120,21" hai2="131,23,60,7,71,114,87,1,11,99,51,39,42" hai3="86,123,5,14,78,67,9,43,20,76,134,66,90"/><W69/><G123/><T135/><D117/><U44/><E102/><V106/><F114/><W118/><G118/><T127/><D121/><U72/><E21/><V38/><F131/><W64/><G134/><T100/><D36/><U92/><E72/><V47/><F106/><W35/><G35/><T4/><D32/><U65/><E92/><V93/><F87/><W129/><G129/><T26/><D135/><U105/><E105/><V18/><F71/><W56/><G69/><T133/><D133/><U59/><E19/><V119/><F60/><W108/><G108/><T112/><D112/><U25/><E25/><V34/><F34/><W31/><G43/><T115/><D115/><U16/><REACH who="1" step="1"/><E125/><REACH who="1" ten="253,40,364,333" step="2"/><V132/><F132/><W82/><G56/><T40/><D58/><U29/><E29/><V74/><F119/><W97/><G97/><T46/><D103/><U54/><E54/><V95/><F74/><W63/><G63/><T84/><D17/><U113/><E113/><V41/><F41/><W33/><G33/><T2/><D104/><U70/><E70/><V30/><F30/><W107/><G107/><T45/><D40/><U110/><E110/><V6/><F6/><W91/><G76/><T96/><D79/><U0/><E0/><V50/><F38/><W27/><AGARI ba="1,1" hai="5,9,14,20,27,31,64,66,67,78,82,86,90,91" machi="27" ten="30,6000,0" yaku="0,1,8,1,52,1" doraHai="77" who="3" fromWho="3" sc="253,-21,40,-21,364,-21,333,73" owari="232,-16.8,19,-48.1,343,14.3,406,50.6" /></mjloggm>