<mjloggm ver="2.3"><GO type="225" lobby="0"/><UN n0="%6D%75%75%6D%75%72%61" n1="%77%72%77%72%77%72%77%72" n2="%74%61%6B%75%61%6B%61" n3="%4B%2E%32%2E%4B%2E" dan="17,16,16,17" rate="2219.80,2090.97,2114.44,2183.24" sx="F,M,M,M"/><TAIKYOKU oya="0"/><INIT seed="0,0,0,3,4,102" ten="250,250,250,250" oya="0" hai0="76,7,20,123,4,12,33,6,26,61,82,108,18" hai1="48,131,25,5,10,51,107,84,73,128,67,118,130" hai2="3,55,37,58,27,71,95,0,36,66,111,80,106" hai3="44,77,46,56,125,96,98,47,97,53,69,31,62"/><T99/><D123/><U65/><E118/><V134/><F111/><W68/><G125/><T92/><D108/><U91/><E73/><V93/><F134/><W29/><REACH who="3" step="1"/><G77/><REACH who="3" ten="250,250,250,240" step="2"/><T112/><D112/><U34/><E65/><V1/><F66/><W101/><G101/><T83/><D76/><U129/><E67/><V39/><F71/><AGARI ba="0,1" hai="29,31,44,46,47,53,56,62,68,69,71,96,97,98" machi="71" ten="50,1600,0" yaku="1,1,53,0" doraHai="102" doraHaiUra="133" who="3" fromWho="2" sc="250,0,250,0,250,-16,240,26" /><INIT seed="1,0,0,2,5,65" ten="250,250,234,266" oya="1" hai0="72,111,36,43,41,131,134,48,62,19,93,59,47" hai1="4,89,122,102,110,23,22,124,57,104,87,69,121" hai2="79,33,132,61,85,71,0,118,39,8,13,16,128" hai3="49,6,80,64,9,63,3,119,54,126,107,105,67"/><U14/><E69/><V109/><F118/><W100/><G119/><T45/><D72/><U31/><E124/><V38/><F109/><W73/><G126/><T92/><D111/><U127/><E127/><V117/><F117/><W135/><G135/><T99/><D134/><U97/><E110/><V83/><F128/><W76/><G100/><T26/><D131/><U77/><E77/><V7/><F33/><W56/><REACH who="3" step="1"/><G67/><REACH who="3" ten="250,250,234,256" step="2"/><T44/><D36/><U68/><E102/><V42/><F132/><W18/><G18/><T94/><D19/><U90/><E122/><V51/><F38/><W2/><G2/><T103/><D103/><U34/><E121/><V95/><F39/><W46/><AGARI ba="0,1" hai="3,6,9,46,49,54,56,63,64,73,76,80,105,107" machi="46" ten="20,2700,0" yaku="1,1,0,1,7,1,53,0" doraHai="65" doraHaiUra="20" who="3" fromWho="3" sc="250,-7,250,-13,234,-7,256,37" /><INIT seed="2,0,0,4,4,39" ten="243,237,227,293" oya="2" hai0="77,71,48,17,9,95,21,20,122,5,26,29,72" hai1="49,10,119,94,57,121,117,76,45,58,100,84,66" hai2="37,62,68,115,132,101,96,128,51,8,36,134,82" hai3="61,105,99,11,81,47,129,6,59,41,44,126,16"/><V27/><F115/><W78/><G126/><T54/><D122/><U104/><E121/><V74/><F128/><W135/><G129/><T106/><D106/><U25/><E104/><N who="2" m="63527" /><F8/><W90/><G135/><N who="2" m="51753" /><F27/><W32/><G32/><T88/><D71/><U125/><E125/><V43/><F74/><W83/><G16/><T124/><D124/><U2/><E25/><V31/><F31/><W97/><G83/><T12/><D72/><U23/><E23/><V55/><F82/><W80/><G80/><T133/><D133/><U0/><E76/><V127/><F127/><W30/><G30/><T38/><D77/><U28/><E28/><V89/><F89/><W102/><G78/><T131/><D131/><U69/><E10/><V1/><F1/><W35/><G81/><T63/><D21/><U91/><E100/><V114/><F114/><W65/><G35/><T98/><D29/><U103/><E103/><V110/><F110/><W3/><G3/><T60/><REACH who="0" step="1"/><D38/><REACH who="0" ten="233,237,227,293" step="2"/><U109/><E109/><V70/><F70/><W92/><G105/><T13/><D13/><U116/><E0/><V86/><F36/><W67/><G11/><T7/><D7/><U40/><E2/><V14/><F14/><W50/><G6/><T46/><AGARI ba="0,1" hai="5,9,12,17,20,26,46,48,54,60,63,88,95,98" machi="46" ten="20,12000,2" yaku="1,1,0,1,7,1,8,1,54,1,53,1" doraHai="39" doraHaiUra="4" who="0" fromWho="0" sc="233,130,237,-30,227,-60,293,-30" /><INIT seed="3,0,0,1,5,103" ten="363,207,167,263" oya="3" hai0="15,125,74,10,98,129,29,38,126,34,60,132,53" hai1="66,83,116,124,61,64,23,17,47,52,127,58,8" hai2="111,43,102,20,71,133,37,30,101,72,68,31,33" hai3="40,9,135,26,36,0,73,62,44,89,115,122,4"/><W82/><G122/><T46/><D129/><U112/><E112/><V42/><F111/><W78/><G135/><T107/><D132/><U57/><E8/><V99/><F133/><W39/><G115/><T7/><D74/><U59/><E83/><V80/><F20/><W50/><G89/><T130/><D130/><U81/><E81/><V56/><F56/><N who="1" m="21609" /><E116/><V131/><F131/><W95/><G95/><T94/><D98/><U88/><E88/><V79/><F102/><W114/><G114/><T77/><D29/><U41/><E17/><V108/><F108/><W75/><G75/><T13/><D13/><U51/><E23/><V120/><F120/><W35/><G62/><T14/><D60/><U21/><E21/><V109/><F109/><W63/><G63/><T117/><D126/><AGARI ba="0,0" hai="41,47,51,52,59,61,64,66,124,126,127" m="21609" machi="126" ten="30,7700,0" yaku="18,1,34,2,54,1" doraHai="103" who="1" fromWho="0" sc="363,-77,207,77,167,0,263,0" /><INIT seed="4,0,0,5,2,124" ten="286,284,167,263" oya="0" hai0="56,134,50,11,75,99,84,30,98,21,28,38,117" hai1="47,110,23,131,85,82,45,66,107,25,26,55,113" hai2="60,54,115,40,122,80,33,65,102,44,74,52,68" hai3="18,41,92,97,9,13,111,43,27,58,89,129,2"/><T57/><D38/><U100/><E110/><V62/><F122/><W91/><G111/><T96/><D75/><U24/><E131/><V81/><F33/><W123/><G123/><T76/><D117/><U90/><E113/><V31/><F31/><N who="0" m="11818" /><D134/><U42/><E66/><V95/><F115/><W22/><G2/><T106/><D106/><U121/><E121/><V79/><F60/><W53/><G91/><T34/><D34/><U59/><E100/><V3/><F3/><W5/><REACH who="3" step="1"/><G129/><REACH who="3" ten="286,284,167,253" step="2"/><T73/><D99/><U108/><E108/><V109/><F109/><W87/><G87/><T16/><D98/><U103/><E103/><V6/><F6/><W48/><AGARI ba="0,1" hai="5,9,13,18,22,27,41,43,48,53,58,89,92,97" machi="48" ten="20,5200,0" yaku="1,1,0,1,7,1,8,1,53,0" doraHai="124" doraHaiUra="119" who="3" fromWho="3" sc="286,-26,284,-13,167,-13,253,62" owari="260,-14.0,271,7.1,154,-34.6,315,41.5" /></mjloggm>