<mjloggm ver="2.3"><GO type="225" lobby="0"/><UN n0="%E8%90%BD%E6%97%A5" n1="%E9%80%9F%E6%B0%B4%E5%87%9B%E9%A6%99" n2="%E9%80%86%E9%80%A3%E5%B8%AF%E3%81%AE%E9%AC%BC" n3="%E3%81%95%E3%81%8D%E3%81%9F%E3%81%BE%E6%9E%97%E6%AA%8E" dan="19,16,16,16" rate="2287.54,2118.75,2146.15,2129.72" sx="F,F,M,M"/><TAIKYOKU oya="0"/><INIT seed="0,0,0,5,0,107" ten="250,250,250,250" oya="0" hai0="22,55,10,100,97,132,7,96,77,42,128,5,36" hai1="134,67,30,11,121,75,64,122,33,50,62,131,126" hai2="112,9,31,54,21,68,135,34,4,58,102,53,118" hai3="89,117,110,60,23,80,48,3,124,130,72,106,114"/><T101/><D128/><U103/><E131/><V8/><F112/><W120/><RYUUKYOKU type="yao9" ba="0,0" sc="250,0,250,0,250,0,250,0" hai3="3,23,48,60,72,80,89,106,110,114,117,120,124,130" /><INIT seed="0,1,0,5,2,126" ten="250,250,250,250" oya="0" hai0="66,55,63,50,34,112,58,30,124,117,14,26,85" hai1="93,41,107,11,123,61,45,10,106,83,28,110,68" hai2="114,132,86,101,8,109,9,48,84,36,103,20,115" hai3="73,104,111,116,33,70,42,74,18,57,35,79,16"/><T118/><D112/><U47/><E123/><V76/><F36/><W5/><G111/><T94/><D124/><U134/><E110/><V62/><F109/><W75/><G116/><T52/><D55/><U133/><E83/><V69/><F132/><N who="1" m="50793" /><E28/><V77/><F48/><W6/><G104/><N who="1" m="39978" /><E93/><V64/><F20/><W22/><G70/><T92/><D14/><U91/><E91/><V89/><F89/><W4/><G79/><T100/><D94/><U128/><E128/><V54/><F54/><W88/><G88/><T25/><D25/><U99/><E99/><V119/><F119/><W0/><G57/><T23/><D34/><N who="3" m="12809" /><G22/><T43/><D43/><U13/><E41/><V98/><F98/><W81/><G42/><T19/><D85/><U46/><E13/><V17/><F69/><W1/><G81/><T39/><D30/><U80/><E80/><V3/><F77/><W105/><G105/><T27/><D27/><U131/><E131/><V2/><F76/><W40/><G40/><T108/><D108/><U67/><AGARI ba="1,0" hai="10,11,45,46,47,61,67,68" m="39978,50793" machi="67" ten="40,1500,0" yaku="20,1" doraHai="126" who="1" fromWho="1" sc="250,-8,250,18,250,-5,250,-5" /><INIT seed="1,0,0,4,4,83" ten="242,268,245,245" oya="1" hai0="122,109,116,4,25,23,40,11,71,63,115,0,77" hai1="10,72,134,53,129,81,121,106,51,127,64,9,65" hai2="8,15,58,14,48,96,44,7,54,50,120,130,22" hai3="56,105,47,52,128,125,24,135,91,99,27,1,131"/><U26/><E121/><V94/><F130/><N who="3" m="49707" /><G1/><T36/><D116/><U97/><E134/><V59/><F120/><W5/><G5/><T133/><D122/><U100/><E129/><V42/><F59/><W30/><G135/><T67/><D133/><U117/><E127/><V111/><F111/><W31/><G125/><T126/><D126/><U38/><E38/><V80/><F80/><W74/><G47/><T101/><D115/><U66/><E117/><V76/><F76/><W45/><G45/><T19/><D109/><U49/><E26/><N who="3" m="9770" /><G74/><T39/><D40/><U118/><E118/><V35/><F35/><W46/><G46/><T92/><D77/><U110/><E110/><V20/><REACH who="2" step="1"/><F15/><REACH who="2" ten="242,268,235,245" step="2"/><W70/><G70/><T88/><REACH who="0" step="1"/><D101/><AGARI ba="0,1" hai="7,8,14,20,22,42,44,48,50,54,58,94,96,101" machi="101" ten="30,8000,1" yaku="1,1,2,1,7,1,8,1,53,1" doraHai="83" doraHaiUra="6" who="2" fromWho="0" sc="242,-80,268,0,235,90,245,0" /><INIT seed="2,0,0,4,0,87" ten="162,268,325,245" oya="2" hai0="16,29,37,120,2,107,18,78,95,17,64,49,34" hai1="113,77,117,135,61,116,48,80,101,98,89,73,82" hai2="55,93,28,31,81,90,86,105,14,62,40,25,71" hai3="114,3,119,128,106,30,12,60,122,57,102,58,7"/><V63/><F105/><W94/><G122/><T4/><D107/><U24/><E48/><V26/><F40/><W70/><G119/><T99/><D37/><U130/><E24/><V5/><F71/><W115/><G106/><T8/><D120/><U45/><E45/><V75/><F75/><W85/><G3/><T41/><D78/><U22/><E22/><V108/><F108/><W46/><G128/><T44/><D64/><U33/><E61/><V50/><F26/><W43/><G30/><T27/><REACH who="0" step="1"/><D18/><REACH who="0" ten="152,268,325,245" step="2"/><U88/><E117/><V118/><F118/><W134/><G115/><T131/><D131/><U42/><E116/><V13/><F31/><W104/><G114/><T126/><D126/><U124/><E113/><V112/><F112/><W68/><G104/><T52/><D52/><U83/><E124/><V54/><F54/><W0/><G43/><T92/><D92/><U51/><E130/><V15/><F93/><W56/><G94/><T74/><D74/><U11/><E73/><V111/><F111/><W91/><G60/><T36/><D36/><U110/><E77/><V10/><F63/><W103/><G134/><T38/><D38/><U121/><E135/><V1/><F62/><W84/><G70/><T69/><D69/><U32/><E121/><V125/><F125/><W19/><G68/><T65/><D65/><U21/><E110/><V47/><F28/><W53/><G53/><T97/><D97/><U72/><E98/><V127/><F127/><W20/><G19/><T129/><D129/><U35/><E72/><V132/><F132/><W66/><G66/><RYUUKYOKU ba="0,1" sc="152,15,268,-15,325,15,245,-15" hai0="2,4,8,16,17,27,29,34,41,44,49,95,99" hai2="1,5,10,13,14,15,25,47,50,55,81,86,90" /><INIT seed="2,1,1,3,2,47" ten="167,253,340,230" oya="2" hai0="97,10,91,50,12,73,16,7,101,27,135,26,76" hai1="82,44,20,81,71,30,41,39,15,115,38,131,118" hai2="121,23,11,72,28,58,45,88,85,65,122,61,74" hai3="93,19,130,57,14,94,127,54,37,104,98,25,113"/><V89/><F11/><W126/><G130/><T29/><D135/><U18/><E71/><V105/><F105/><W109/><G109/><T83/><D91/><U1/><E1/><V55/><F74/><W111/><G111/><T112/><D112/><U90/><E115/><V36/><F72/><W110/><G110/><T43/><D7/><U34/><E118/><V6/><F6/><W92/><G37/><T120/><D120/><U56/><E131/><V9/><F89/><W52/><G25/><T133/><D133/><U67/><E39/><V119/><F119/><W4/><G4/><T46/><REACH who="0" step="1"/><D29/><REACH who="0" ten="157,253,340,230" step="2"/><U124/><E90/><V75/><F88/><N who="3" m="55559" /><G113/><T51/><D51/><U132/><E132/><V108/><F122/><W123/><G123/><T129/><D129/><U59/><E38/><V33/><F36/><W106/><G54/><T35/><D35/><U128/><E34/><V80/><F55/><W2/><G2/><T69/><D69/><U96/><E128/><V53/><F33/><W114/><G114/><T134/><D134/><U100/><E30/><V64/><F53/><W5/><G5/><T99/><D99/><U0/><E96/><V77/><F28/><W17/><G52/><T117/><D117/><U32/><E0/><V3/><F121/><W8/><G57/><T40/><D40/><U42/><E41/><V107/><F3/><W86/><G19/><T66/><D66/><U102/><E42/><V70/><F65/><W21/><G17/><T48/><D48/><U125/><E67/><V63/><F64/><W95/><G127/><N who="1" m="48714" /><E18/><V22/><F108/><RYUUKYOKU ba="1,2" sc="157,30,253,-10,340,-10,230,-10" hai0="10,12,16,26,27,43,46,50,73,76,83,97,101" /><INIT seed="3,2,2,1,1,122" ten="187,243,330,220" oya="3" hai0="77,100,53,22,115,44,27,19,119,31,37,134,94" hai1="5,63,61,73,64,130,125,38,9,80,99,32,84" hai2="60,120,93,123,83,104,25,1,51,90,4,121,13" hai3="97,29,87,91,79,15,35,33,16,101,34,85,107"/><W21/><G79/><T62/><D119/><U114/><E32/><V57/><F104/><W110/><G110/><T55/><D134/><U131/><E114/><V92/><F1/><W98/><G98/><N who="0" m="59479" /><D37/><U133/><E38/><V14/><F25/><W78/><G78/><T108/><D115/><U42/><E42/><V39/><F39/><W127/><G127/><T106/><D106/><U126/><E73/><V3/><F51/><W26/><REACH who="3" step="1"/><G85/><REACH who="3" ten="187,243,330,210" step="2"/><T12/><D108/><U59/><E99/><V58/><F121/><W24/><G24/><T81/><D44/><U117/><E126/><V11/><F123/><W135/><G135/><T75/><D75/><U74/><E125/><V86/><F120/><W43/><G43/><T118/><D118/><U116/><E74/><V124/><F124/><W113/><G113/><T30/><D30/><U8/><E133/><V46/><F86/><W103/><G103/><T95/><D95/><AGARI ba="2,3" hai="15,16,21,26,29,33,34,35,87,91,95,97,101,107" machi="95" ten="30,11600,0" yaku="1,1,7,1,54,1,53,1" doraHai="122" doraHaiUra="88" who="3" fromWho="0" sc="187,-122,243,0,330,0,210,152" owari="65,-43.5,243,-15.7,330,13.0,362,46.2" /></mjloggm>