<mjloggm ver="2.3"><GO type="225" lobby="0"/><UN n0="%E3%81%8C%E3%81%9F" n1="%E3%83%97%E3%83%92" n2="%E3%81%A9%E3%82%8F%E3%82%93%E3%81%94" n3="%E7%AB%8B%E8%8A%B1%E9%9F%BF" dan="17,17,16,17" rate="2174.47,2206.25,2091.44,2146.17" sx="M,M,M,F"/><TAIKYOKU oya="0"/><INIT seed="0,0,0,0,4,110" ten="250,250,250,250" oya="0" hai0="34,121,37,62,8,96,54,133,9,131,63,123,29" hai1="12,64,56,135,92,130,117,58,68,81,86,15,49" hai2="21,13,109,112,82,41,73,2,55,72,43,17,89" hai3="14,102,23,66,124,16,93,51,104,0,27,127,125"/><T4/><D37/><U52/><E117/><V3/><F109/><W19/><G0/><T32/><D54/><U48/><E130/><V39/><F112/><W20/><G104/><T69/><D96/><U79/><E135/><V38/><F55/><W28/><G66/><T78/><D78/><U84/><E68/><V60/><F60/><N who="0" m="23082" /><D29/><U76/><E64/><V74/><F89/><W42/><G28/><T53/><D53/><N who="1" m="31783" /><E79/><V46/><REACH who="2" step="1"/><F82/><REACH who="2" ten="250,250,240,250" step="2"/><W61/><G61/><T44/><D69/><U91/><AGARI ba="0,1" hai="12,15,49,52,58,76,81,84,86,91,92" m="31783" machi="91" ten="30,2000,0" yaku="8,1,54,1" doraHai="110" who="1" fromWho="1" sc="250,-10,250,30,240,-5,250,-5" /><INIT seed="1,0,0,4,0,11" ten="240,280,235,245" oya="1" hai0="95,91,20,121,52,78,105,4,82,68,104,31,119" hai1="18,48,57,90,51,108,33,58,110,25,84,42,29" hai2="46,15,23,112,62,50,72,47,41,8,17,83,38" hai3="80,5,74,109,2,13,34,16,60,92,67,111,122"/><U43/><E18/><V49/><F112/><W9/><G122/><T70/><D119/><U100/><E100/><V117/><F117/><W45/><G34/><T98/><D121/><U71/><E71/><V103/><F103/><W53/><G92/><T86/><D70/><U113/><E113/><V89/><F62/><W44/><G74/><T131/><D68/><U39/><E39/><V1/><F47/><W6/><G80/><T123/><D123/><U128/><E128/><V10/><F10/><W120/><G120/><T73/><D4/><N who="3" m="1641" /><G53/><T93/><D131/><U75/><E75/><V76/><F89/><W134/><G134/><T65/><D65/><U125/><E125/><V66/><F66/><W59/><G2/><T0/><D0/><U127/><E127/><V77/><F77/><W14/><G14/><T106/><D52/><N who="1" m="31879" /><E58/><V3/><F3/><W64/><G64/><T99/><D20/><U30/><E51/><V135/><F135/><W129/><G129/><T40/><D40/><N who="1" m="15403" /><E25/><V81/><F81/><W56/><G59/><T24/><D24/><U7/><E7/><AGARI ba="0,0" hai="1,7,8,15,17,23,38,41,46,49,50,72,76,83" machi="7" ten="40,5200,0" yaku="25,2,52,1" doraHai="11" who="2" fromWho="1" sc="240,0,280,-52,235,52,245,0" /><INIT seed="2,0,0,0,4,5" ten="240,228,287,245" oya="2" hai0="30,63,115,126,78,21,97,4,121,92,131,109,118" hai1="94,20,22,3,8,100,91,108,23,70,32,129,46" hai2="66,133,76,117,60,58,48,101,130,102,18,6,95" hai3="128,29,73,65,54,120,80,25,44,111,15,45,28"/><V98/><F117/><W81/><G120/><T38/><D121/><U79/><E32/><V14/><F133/><W33/><G111/><T53/><D115/><U49/><E108/><V43/><F130/><W10/><G128/><T41/><D109/><U37/><E129/><V42/><F76/><W88/><G65/><T9/><D126/><U47/><E70/><V36/><F36/><W104/><G104/><T112/><D112/><U26/><E79/><V13/><F102/><W123/><G123/><T11/><D78/><U114/><E100/><V90/><F90/><W71/><G71/><T34/><D34/><U84/><E114/><V51/><F6/><W59/><G29/><T93/><D4/><U64/><E64/><V61/><F60/><W35/><G35/><T77/><D77/><U62/><E62/><V40/><REACH who="2" step="1"/><F13/><REACH who="2" ten="240,228,277,245" step="2"/><W113/><G113/><T0/><D63/><U127/><E127/><V31/><F31/><W75/><G75/><T27/><D38/><U1/><E37/><V7/><F7/><W83/><G73/><T124/><D30/><U39/><E39/><V72/><F72/><W119/><G88/><N who="0" m="55431" /><D124/><U50/><E26/><V107/><F107/><W52/><G119/><T17/><D118/><U55/><REACH who="1" step="1"/><E8/><AGARI ba="0,1" hai="8,14,18,40,42,43,48,51,58,61,66,95,98,101" machi="8" ten="40,12000,1" yaku="1,1,8,1,52,1,53,1" doraHai="5" doraHaiUra="96" who="2" fromWho="1" sc="240,0,228,-120,277,130,245,0" /><INIT seed="2,1,0,4,5,62" ten="240,108,407,245" oya="2" hai0="85,42,72,98,2,50,54,44,51,94,14,102,109" hai1="117,58,25,20,26,70,100,92,4,133,56,6,77" hai2="35,48,43,11,106,129,13,118,134,18,93,37,110" hai3="10,76,71,86,80,84,95,24,49,33,123,64,27"/><V28/><F118/><W21/><G123/><T81/><D2/><U116/><E70/><V57/><F106/><W122/><G122/><T119/><D119/><U5/><E77/><V88/><F134/><W130/><G130/><T132/><D132/><U127/><E133/><V87/><F129/><W128/><G128/><T30/><D109/><U75/><E75/><V67/><F37/><W105/><G105/><T107/><D30/><U131/><E131/><V3/><F3/><W90/><G33/><T23/><D72/><U65/><E127/><V96/><F35/><W12/><G71/><T34/><D34/><U135/><E135/><V91/><F28/><W0/><G0/><T55/><D107/><U69/><E69/><V101/><F110/><W89/><G64/><T79/><D51/><U63/><E56/><V126/><F126/><W39/><G39/><T73/><D73/><U97/><REACH who="1" step="1"/><E26/><REACH who="1" ten="240,98,407,245" step="2"/><V61/><F57/><W41/><G76/><T31/><D79/><U66/><E66/><V83/><F67/><W53/><G27/><T113/><D113/><U114/><E114/><V7/><F61/><W45/><G24/><T29/><D44/><U112/><E112/><V1/><F1/><W46/><G46/><T40/><D14/><U60/><E60/><V19/><F13/><W74/><G74/><T16/><D50/><U104/><E104/><V68/><F48/><W8/><G53/><T9/><D55/><U22/><E22/><V15/><F68/><W17/><AGARI ba="1,1" hai="8,10,12,17,21,41,45,49,80,84,86,89,90,95" machi="17" ten="30,2000,0" yaku="0,1,8,1" doraHai="62" who="3" fromWho="3" sc="240,-6,98,-6,407,-11,245,33" /><INIT seed="3,0,0,5,5,91" ten="234,92,396,278" oya="3" hai0="128,105,29,33,38,7,62,93,72,1,19,67,39" hai1="24,14,135,17,117,102,41,88,92,85,83,65,68" hai2="46,101,131,42,16,134,35,21,132,70,18,58,28" hai3="94,45,116,50,80,12,81,97,113,98,47,127,25"/><W120/><G127/><T5/><D105/><U108/><E108/><V106/><F70/><W119/><G120/><T100/><D72/><U26/><E135/><N who="2" m="51755" /><F35/><W86/><G113/><T78/><D78/><U122/><E117/><V31/><F131/><W13/><G25/><T79/><D79/><U34/><E122/><V55/><F101/><W15/><G86/><T76/><D76/><U74/><E74/><V2/><F2/><W73/><G73/><T56/><D128/><U30/><E68/><V52/><F106/><W133/><G133/><T40/><D40/><U109/><E109/><V37/><F55/><W66/><G66/><T57/><D57/><U49/><E65/><V111/><F111/><W112/><G112/><T125/><D125/><U126/><E126/><V129/><F129/><W107/><G107/><T90/><D100/><U27/><E34/><V121/><F121/><W0/><G0/><T77/><D77/><U75/><E75/><V82/><F82/><W4/><G4/><N who="0" m="1611" /><D19/><N who="2" m="7210" /><F21/><W64/><G64/><T3/><D3/><U96/><E30/><V71/><F71/><W32/><G32/><T63/><D63/><AGARI ba="0,0" hai="28,31,37,42,46,52,58,63" m="7210,51755" machi="63" ten="30,3900,0" yaku="20,1,54,2" doraHai="91" who="2" fromWho="0" sc="234,-39,92,0,396,39,278,0" owari="195,-20.5,92,-40.8,435,53.5,278,7.8" /></mjloggm>