<mjloggm ver="2.3"><GO type="225" lobby="0"/><UN n0="%33%74%72%65%65" n1="%E3%81%86%E3%83%BC%E3%81%B1%E3%83%BC" n2="%E3%82%A2%E3%82%A4%E3%82%B9%E3%83%86%E3%82%A3%E3%83%BC%E3%81%82%E3%81%B9" n3="%4B%2E%32%2E%4B%2E" dan="16,16,16,17" rate="2142.50,2137.81,2107.52,2180.32" sx="F,F,M,M"/><TAIKYOKU oya="0"/><INIT seed="0,0,0,1,0,28" ten="250,250,250,250" oya="0" hai0="88,21,78,7,80,125,85,128,49,95,94,56,116" hai1="20,11,33,46,36,10,60,59,83,45,26,67,117" hai2="16,93,1,66,135,52,129,110,58,22,25,122,115" hai3="72,79,30,91,9,18,123,73,107,63,112,23,40"/><T64/><D116/><U82/><E117/><V132/><F115/><W130/><G112/><T104/><D104/><U113/><E113/><V69/><F122/><W97/><G40/><T124/><D128/><U0/><E33/><V106/><F106/><W3/><G130/><T71/><D7/><U37/><E36/><V121/><F121/><W31/><G79/><T51/><D71/><U29/><E37/><V89/><F1/><W61/><G73/><T120/><D120/><U24/><E26/><V134/><F129/><W108/><G72/><T96/><D21/><U118/><E118/><V111/><F66/><W53/><G108/><T119/><D119/><U17/><E0/><V12/><F69/><W86/><G97/><T15/><D15/><N who="1" m="7415" /><E11/><V92/><F12/><W13/><G107/><T19/><D19/><U65/><E67/><V41/><F41/><W57/><G63/><N who="0" m="37991" /><D95/><N who="2" m="36426" /><F89/><W70/><G70/><T105/><D105/><U77/><E83/><V14/><F14/><W62/><G123/><T84/><D96/><U35/><E35/><V54/><F54/><W81/><REACH who="3" step="1"/><G62/><AGARI ba="0,0" hai="16,22,25,52,58,62,110,111,132,134,135" m="36426" machi="62" ten="40,5200,0" yaku="20,1,54,2" doraHai="28" who="2" fromWho="3" sc="250,0,250,0,250,52,250,-52" /><INIT seed="1,0,0,1,4,112" ten="250,250,302,198" oya="1" hai0="83,9,55,81,67,119,134,91,62,42,72,56,125" hai1="16,61,1,99,24,48,3,124,74,13,130,79,118" hai2="68,33,53,52,15,49,116,17,37,0,87,2,35" hai3="34,54,127,129,10,66,73,110,89,88,80,19,27"/><U122/><E122/><V135/><F37/><W28/><G110/><T6/><D134/><U120/><E120/><V133/><F68/><W109/><G109/><T21/><D125/><U26/><E124/><V60/><F60/><W30/><G127/><T25/><D119/><U132/><E118/><V7/><F7/><W50/><G129/><T128/><D128/><U113/><E113/><V84/><F49/><W69/><G28/><T11/><D42/><U121/><E121/><V78/><F15/><W90/><G66/><T97/><D67/><U32/><E61/><V95/><F95/><W76/><G69/><T5/><D72/><U51/><E132/><V100/><F17/><W126/><G126/><T65/><D65/><U12/><E99/><V131/><F78/><W20/><G10/><N who="0" m="3595" /><D97/><U38/><E38/><V98/><F98/><W102/><G102/><T59/><D59/><U111/><E111/><V71/><F71/><W92/><G19/><N who="0" m="12479" /><D91/><U103/><E103/><V77/><F77/><W46/><REACH who="3" step="1"/><G34/><REACH who="3" ten="250,250,302,188" step="2"/><T29/><D29/><U44/><E32/><V117/><F100/><W41/><G41/><T96/><D5/><U64/><E64/><V43/><F43/><W105/><G105/><T75/><D6/><U23/><E130/><AGARI ba="0,1" hai="0,2,33,35,52,53,84,87,116,117,130,131,133,135" machi="130" ten="25,8000,1" yaku="22,2,52,2,54,1" doraHai="112" who="2" fromWho="1" sc="250,0,250,-80,302,90,188,0" /><INIT seed="2,0,0,1,2,9" ten="250,170,392,188" oya="2" hai0="100,17,15,54,67,13,10,90,120,84,49,5,98" hai1="6,85,38,41,80,113,95,72,60,87,75,14,112" hai2="108,39,66,103,45,134,61,47,94,2,27,102,92" hai3="105,71,33,81,44,48,89,68,58,3,96,70,16"/><V42/><F2/><W22/><G33/><T29/><D120/><U30/><E30/><V62/><F134/><W23/><G3/><T111/><D111/><U56/><E41/><V31/><F108/><W106/><G58/><T107/><D29/><U118/><E38/><V51/><F103/><W101/><G106/><T109/><D67/><U35/><E35/><V124/><F124/><W65/><G65/><T73/><D73/><U12/><E6/><V28/><F28/><W50/><G23/><T133/><D133/><U24/><E24/><V77/><F77/><W132/><G132/><T25/><D25/><U119/><E95/><V7/><F7/><W99/><G44/><T18/><D13/><U127/><E56/><V4/><F4/><W37/><G37/><T91/><D109/><U115/><E60/><V129/><F62/><W1/><G1/><T69/><D69/><U59/><E59/><V21/><F102/><W26/><G96/><T43/><D43/><U8/><E8/><V76/><F76/><W122/><G122/><T11/><D11/><U36/><E36/><V83/><F83/><W63/><G63/><T82/><D90/><U126/><E113/><V55/><REACH who="2" step="1"/><F129/><REACH who="2" ten="250,170,382,188" step="2"/><W19/><G19/><T53/><D17/><U123/><E123/><V40/><F40/><W79/><REACH who="3" step="1"/><G89/><REACH who="3" ten="250,170,382,178" step="2"/><T86/><D18/><U0/><E0/><V52/><F52/><W97/><G97/><T93/><D54/><U34/><E34/><V110/><F110/><W78/><G78/><N who="0" m="46167" /><D53/><U32/><E32/><V114/><F114/><W20/><G20/><T46/><D5/><RYUUKYOKU ba="0,2" sc="250,-30,170,10,382,10,178,10" hai1="12,14,72,75,80,85,87,112,115,118,119,126,127" hai2="21,27,31,39,42,45,47,51,55,61,66,92,94" hai3="16,22,26,48,50,68,70,71,79,81,99,101,105" /><INIT seed="2,1,2,0,1,93" ten="220,180,392,188" oya="2" hai0="4,80,17,76,117,18,0,44,111,61,63,49,7" hai1="78,106,29,58,99,92,126,133,28,120,72,36,121" hai2="79,67,135,74,119,73,1,55,71,91,60,85,104" hai3="41,86,40,69,88,98,113,83,34,15,6,102,56"/><V31/><F119/><W122/><G122/><N who="1" m="47210" /><E106/><V3/><F104/><W97/><G69/><T42/><D117/><U16/><E36/><V84/><F31/><N who="1" m="11849" /><E133/><V23/><F23/><W65/><G34/><T19/><D111/><U39/><E39/><V25/><F25/><W110/><G110/><T26/><D26/><U38/><E38/><V10/><F10/><N who="3" m="4567" /><G113/><T123/><D123/><U53/><E126/><V47/><F85/><W59/><G102/><T45/><D45/><U54/><E58/><N who="3" m="22058" /><G65/><T134/><D134/><U127/><E127/><V125/><F79/><W68/><G68/><T100/><D100/><N who="1" m="60519" /><E16/><V27/><F27/><W109/><G109/><T132/><D132/><U51/><E51/><V96/><F125/><W22/><G22/><T66/><D7/><U90/><E90/><V5/><F3/><W46/><G46/><T9/><REACH who="0" step="1"/><D66/><REACH who="0" ten="210,180,392,188" step="2"/><U14/><E14/><V20/><F67/><W108/><G108/><T105/><D105/><U131/><E131/><V87/><F135/><W64/><G64/><T101/><D101/><U118/><E118/><V129/><F5/><W57/><G57/><T43/><D43/><AGARI ba="1,3" hai="40,41,43,83,86,88,97,98" m="22058,4567" machi="43" ten="30,7700,0" yaku="8,1,52,2,54,1" doraHai="93" who="3" fromWho="0" sc="210,-80,180,0,392,0,188,110" /><INIT seed="3,0,0,4,3,7" ten="130,180,392,298" oya="3" hai0="85,13,80,34,26,31,20,73,129,135,27,23,51" hai1="40,1,19,134,110,81,82,38,56,15,52,21,53" hai2="33,14,37,29,98,41,108,128,123,46,116,4,118" hai3="43,87,61,77,25,6,99,22,12,75,133,91,101"/><W0/><G0/><T125/><D125/><U131/><E1/><V100/><F108/><W42/><G133/><T76/><D135/><U24/><E134/><V79/><F128/><W111/><G111/><T30/><D129/><U96/><E110/><V47/><F123/><W94/><G61/><T92/><D51/><N who="1" m="30751" /><E38/><V66/><F66/><W28/><G75/><T62/><D62/><U113/><E113/><V97/><F97/><W78/><G43/><T2/><D2/><U16/><E40/><V106/><F47/><W132/><G42/><T32/><REACH who="0" step="1"/><D13/><REACH who="0" ten="120,180,392,298" step="2"/><U83/><E131/><V3/><F14/><W120/><G132/><T103/><D103/><U36/><E36/><V117/><F79/><W95/><G120/><T102/><D102/><U48/><E96/><V115/><F115/><W121/><G121/><T10/><D10/><AGARI ba="0,1" hai="6,10,12,22,25,28,77,78,87,91,94,95,99,101" machi="10" ten="40,3900,0" yaku="8,1,52,1" doraHai="7" who="3" fromWho="0" sc="120,-39,180,0,392,0,298,49" /><INIT seed="3,1,0,3,2,113" ten="81,180,392,347" oya="3" hai0="31,46,58,82,44,109,105,10,30,41,89,24,72" hai1="34,28,63,73,5,120,111,131,2,110,55,90,92" hai2="32,18,56,51,22,39,9,77,69,76,79,26,102" hai3="70,78,97,15,129,0,86,65,123,7,29,91,53"/><W17/><G123/><T40/><D109/><N who="1" m="41483" /><E73/><V115/><F115/><W75/><G129/><T27/><D105/><U71/><E120/><V25/><F69/><W61/><G29/><T64/><D72/><U128/><E5/><V54/><F39/><W83/><G97/><T45/><D10/><U81/><E81/><V112/><F112/><W6/><G53/><T93/><D82/><U62/><E2/><V36/><F36/><W114/><G0/><T99/><D31/><U1/><E1/><V127/><F127/><W122/><G122/><T74/><D74/><U87/><E63/><V60/><F102/><W85/><G114/><T57/><D30/><U48/><E62/><V68/><F9/><W13/><G13/><T23/><D64/><U118/><E118/><V14/><F32/><W125/><G125/><T130/><D130/><U88/><E90/><V84/><F84/><W16/><G17/><T119/><D119/><U116/><E116/><V95/><F95/><W101/><G101/><T94/><D45/><N who="1" m="28047" /><E71/><V50/><F68/><W126/><G126/><T104/><D104/><U43/><E43/><V33/><F33/><W11/><REACH who="3" step="1"/><G75/><REACH who="3" ten="81,180,392,337" step="2"/><T98/><REACH who="0" step="1"/><D89/><REACH who="0" ten="71,180,392,337" step="2"/><N who="1" m="53311" /><E28/><V103/><F103/><W96/><G96/><T80/><D80/><AGARI ba="1,2" hai="6,7,11,15,16,61,65,70,78,80,83,85,86,91" machi="80" ten="30,5800,0" yaku="1,1,7,1,54,1,53,0" doraHai="113" doraHaiUra="35" who="3" fromWho="0" sc="71,-61,180,0,392,0,337,81" owari="10,-49.0,180,-22.0,392,19.2,418,51.8" /></mjloggm>