<mjloggm ver="2.3"><GO type="225" lobby="0"/><UN n0="%E3%83%B4%E3%83%A0%EF%BC%99%E3%81%A6" n1="%E9%80%9F%E6%B0%B4%E5%87%9B%E9%A6%99" n2="%E5%A4%8F%E9%88%B4%E9%88%B4%E5%A4%8F" n3="%6D%75%75%6D%75%72%61" dan="17,16,16,17" rate="2197.08,2159.64,2125.15,2192.59" sx="M,F,M,F"/><TAIKYOKU oya="0"/><INIT seed="0,0,0,3,2,105" ten="250,250,250,250" oya="0" hai0="4,27,40,98,119,70,65,125,129,103,3,95,121" hai1="45,10,123,16,73,132,39,131,78,26,74,20,47" hai2="5,18,117,71,55,112,51,58,63,67,59,13,66" hai3="118,54,128,8,35,120,57,12,68,97,6,116,135"/><T33/><D119/><U21/><E123/><V106/><F112/><W31/><G120/><T11/><D121/><U126/><E131/><V19/><F117/><W9/><G128/><T62/><D129/><U90/><E78/><V76/><F106/><W86/><G68/><T91/><D125/><U38/><E10/><N who="2" m="4303" /><F71/><W23/><G135/><T83/><D40/><U108/><E108/><V28/><F28/><W104/><G35/><T110/><D110/><U75/><E126/><V14/><F76/><W36/><G36/><T77/><D103/><U133/><E90/><V15/><F67/><W29/><G86/><T109/><D109/><U122/><E122/><V111/><F111/><W87/><G87/><T101/><D101/><U48/><E21/><N who="2" m="11479" /><F15/><W92/><G104/><T100/><D100/><U64/><E64/><V82/><F19/><W89/><G31/><T42/><D42/><N who="1" m="24631" /><E47/><V30/><F30/><W124/><G124/><T113/><D33/><U94/><E94/><V69/><F69/><W1/><G29/><T96/><D113/><U102/><E102/><V107/><F107/><W24/><G1/><T84/><REACH who="0" step="1"/><D27/><REACH who="0" ten="240,250,250,250" step="2"/><U37/><E37/><V50/><F51/><N who="3" m="30943" /><G116/><T85/><AGARI ba="0,1" hai="3,4,11,62,65,70,77,83,84,85,91,95,96,98" machi="85" ten="20,12000,1" yaku="1,1,0,1,7,1,53,2" doraHai="105" doraHaiUra="93" who="0" fromWho="0" sc="240,130,250,-40,250,-40,250,-40" /><INIT seed="0,1,0,3,0,51" ten="370,210,210,210" oya="0" hai0="81,96,29,62,127,106,47,63,100,105,31,125,59" hai1="11,26,88,99,107,89,43,45,52,61,57,84,119" hai2="112,17,13,121,37,93,41,71,4,109,113,27,42" hai3="54,50,5,74,68,34,21,83,78,91,128,135,35"/><T75/><D105/><U12/><E119/><V65/><F121/><W101/><G128/><T120/><D120/><U95/><E26/><V110/><F4/><W18/><G135/><T23/><D47/><U90/><E107/><V58/><F71/><W124/><G124/><N who="0" m="47691" /><D23/><U8/><E84/><V22/><F93/><W114/><G114/><T67/><D63/><U39/><REACH who="1" step="1"/><E8/><REACH who="1" ten="370,200,210,210" step="2"/><N who="2" m="6311" /><F113/><W49/><G74/><T129/><D129/><U66/><E66/><V15/><F112/><W73/><G73/><T132/><D132/><U33/><E33/><V10/><F65/><W76/><G34/><T36/><D36/><U87/><E87/><V6/><F37/><W80/><G35/><T53/><D67/><U64/><E64/><V46/><F27/><W7/><G68/><T44/><D75/><U72/><E72/><V9/><F9/><W98/><G21/><T69/><D69/><U126/><E126/><V104/><F104/><W19/><G78/><T3/><D106/><U55/><E55/><V30/><F22/><W14/><G76/><T131/><D131/><U40/><E40/><V77/><F77/><W60/><G54/><T115/><D53/><U117/><E117/><V103/><F41/><W24/><G24/><T0/><D115/><U38/><E38/><N who="2" m="21847" /><F30/><W16/><G18/><AGARI ba="1,1" hai="11,12,18,39,43,45,52,57,61,88,89,90,95,99" machi="18" ten="30,8000,1" yaku="1,1,7,1,52,1,54,2,53,0" doraHai="51" doraHaiUra="97" who="1" fromWho="3" sc="370,0,200,93,210,0,210,-83" /><INIT seed="1,0,0,3,2,13" ten="370,293,210,127" oya="1" hai0="87,124,112,118,40,63,66,130,51,15,121,126,8" hai1="109,69,68,93,30,49,50,102,117,98,44,61,128" hai2="34,42,27,58,119,35,99,39,84,134,86,113,80" hai3="127,24,85,97,70,37,111,91,64,38,71,33,11"/><U132/><E117/><V41/><F119/><W21/><G111/><T103/><D118/><U108/><E132/><V92/><F134/><W74/><G127/><N who="0" m="48683" /><D112/><U54/><E128/><V73/><F73/><W75/><G33/><T88/><D130/><U17/><E30/><V1/><F1/><W72/><G97/><T67/><D103/><U100/><E100/><V115/><F58/><W129/><G129/><T77/><D77/><U90/><E102/><N who="2" m="60775" /><F84/><W122/><G122/><T79/><D79/><U32/><E32/><N who="2" m="12331" /><F27/><W10/><G37/><T105/><D121/><U46/><E61/><V107/><F39/><W131/><G38/><T43/><D105/><U76/><E76/><N who="2" m="46343" /><F107/><W120/><G131/><T48/><D48/><U20/><E68/><V55/><F55/><W135/><G120/><T57/><D51/><U4/><E4/><V52/><F52/><W2/><G135/><T25/><D25/><U7/><E7/><V29/><F29/><W28/><G2/><T16/><D66/><U47/><E69/><V83/><F83/><AGARI ba="0,0" hai="8,15,16,40,43,57,63,67,83,87,88" m="48683" machi="83" ten="30,7700,0" yaku="18,1,52,1,54,2" doraHai="13" who="0" fromWho="2" sc="370,77,293,0,210,-77,127,0" /><INIT seed="2,0,0,5,1,70" ten="447,293,133,127" oya="2" hai0="77,115,100,24,31,120,75,119,15,43,127,132,94" hai1="92,109,46,66,3,80,130,128,19,56,59,8,112" hai2="104,0,58,93,18,25,129,40,71,32,23,102,110" hai3="57,107,84,95,124,7,125,2,53,91,101,103,41"/><V105/><F71/><W73/><G2/><T14/><D120/><U55/><E112/><V97/><F129/><W123/><G7/><T13/><D115/><U60/><E109/><V118/><F118/><W78/><G41/><T37/><D119/><U44/><E80/><V114/><F114/><W26/><G26/><T106/><D106/><U89/><E3/><V63/><F110/><W90/><G57/><T99/><D127/><N who="3" m="48713" /><G53/><T29/><D132/><U11/><E130/><V30/><F40/><W10/><G10/><N who="1" m="3626" /><E19/><V4/><F4/><W76/><G123/><T35/><D31/><U68/><E68/><V50/><F50/><W74/><G107/><T117/><D117/><U86/><E128/><V34/><F0/><W52/><G52/><T133/><D133/><U6/><E6/><V79/><F32/><W69/><G90/><T33/><D33/><U38/><E38/><V17/><F17/><W87/><G69/><T20/><D35/><U62/><AGARI ba="0,0" hai="44,46,55,56,59,60,62,66,86,89,92" m="3626" machi="62" ten="30,1100,0" yaku="8,1" doraHai="70" who="1" fromWho="1" sc="447,-3,293,11,133,-5,127,-3" /><INIT seed="3,0,0,0,2,107" ten="444,304,128,124" oya="3" hai0="25,21,77,49,52,122,55,106,53,102,93,111,85" hai1="103,73,3,39,99,22,10,16,28,57,62,56,63" hai2="37,114,41,58,80,20,59,129,69,105,94,116,101" hai3="8,40,96,61,15,76,4,17,95,44,67,134,131"/><W43/><G131/><T84/><D122/><U66/><E39/><V127/><F105/><W83/><G134/><T117/><D111/><U92/><E3/><V7/><F69/><W72/><G17/><T26/><D106/><U125/><E125/><V74/><F7/><W51/><G40/><T100/><D117/><U6/><E6/><V27/><F114/><W91/><G61/><T90/><D49/><U35/><E10/><V120/><F116/><W121/><REACH who="3" step="1"/><G67/><REACH who="3" ten="444,304,128,114" step="2"/><T30/><D26/><U2/><E62/><V87/><F129/><W13/><G13/><T46/><D25/><U64/><E16/><V82/><F41/><W45/><G45/><T31/><D46/><U29/><E63/><V128/><F128/><W9/><G9/><T68/><D31/><U104/><E28/><V126/><F27/><W48/><G48/><T47/><D30/><U112/><E29/><V19/><F19/><W135/><G135/><T75/><D47/><U50/><E66/><V89/><F20/><W24/><G24/><T81/><D21/><U70/><E22/><V65/><F65/><W124/><G124/><T109/><D109/><U38/><E64/><V86/><F37/><W118/><G118/><T132/><D132/><U60/><E38/><V42/><F42/><W98/><G98/><T130/><D130/><U11/><E99/><N who="2" m="59639" /><F127/><W79/><G79/><N who="0" m="44287" /><D68/><U33/><E60/><V0/><F126/><W115/><G115/><T108/><D108/><U23/><E112/><V12/><F12/><W18/><G18/><T110/><D110/><U119/><E70/><V123/><F58/><RYUUKYOKU ba="0,1" sc="444,15,304,-15,128,-15,114,15" hai0="52,53,55,77,84,85,90,93,100,102" hai3="4,8,15,43,44,51,72,76,83,91,95,96,121" /><INIT seed="3,1,1,2,0,95" ten="459,289,113,129" oya="3" hai0="14,76,63,1,93,52,111,69,94,50,72,106,116" hai1="10,17,98,67,115,31,85,113,4,84,112,41,121" hai2="56,124,16,133,3,129,89,75,118,61,123,79,42" hai3="8,37,102,91,57,58,38,26,87,64,101,22,134"/><W5/><G134/><T119/><D1/><U86/><E121/><V46/><F118/><W125/><G125/><T34/><D106/><U39/><E67/><V135/><F3/><W109/><G109/><T128/><D34/><U130/><E130/><V65/><F129/><W103/><G37/><T51/><D128/><U25/><E17/><V74/><F124/><W108/><G38/><T127/><D51/><U68/><E68/><V21/><F89/><W114/><G108/><T83/><D111/><U30/><E41/><V78/><F123/><W7/><G114/><T96/><D14/><U90/><E39/><N who="2" m="21855" /><F75/><W48/><G48/><T24/><D24/><U0/><E25/><N who="2" m="14503" /><F74/><W126/><G126/><T12/><D12/><U132/><E132/><AGARI ba="1,1" hai="56,61,65,78,79,132,133,135" m="14503,21855" machi="132" ten="30,2000,0" yaku="20,1,54,1" doraHai="95" who="2" fromWho="1" sc="459,0,289,-23,113,33,129,0" owari="459,55.9,266,6.6,146,-25.4,129,-37.1" /></mjloggm>