<mjloggm ver="2.3"><GO type="225" lobby="0"/><UN n0="%E3%80%93%E3%81%97%E3%83%BC%E3%82%89%E3%80%93" n1="%E3%83%81%E3%83%AF%E3%83%AF%E9%9A%8A%E9%95%B7" n2="%E3%81%A9%E3%82%93%E3%82%88%E3%81%8F%4D%6B%2E%32" n3="%70%6E%64%73%6E%67" dan="16,17,16,16" rate="2178.73,2189.53,2155.00,2133.41" sx="M,M,M,M"/><TAIKYOKU oya="0"/><INIT seed="0,0,0,3,4,88" ten="250,250,250,250" oya="0" hai0="123,4,111,82,57,47,42,93,65,20,49,105,120" hai1="129,3,19,118,52,59,6,130,37,94,34,0,121" hai2="91,21,112,86,83,103,9,81,54,63,109,12,72" hai3="40,41,74,85,100,101,89,28,127,38,124,17,76"/><T25/><D105/><U116/><E121/><V39/><F39/><W5/><G5/><T22/><D4/><U135/><E37/><V75/><F112/><W80/><G28/><T113/><D113/><U15/><E34/><V97/><F109/><W31/><G31/><T2/><D2/><N who="1" m="555" /><E6/><V107/><F21/><W134/><G17/><T71/><D71/><U10/><E135/><V108/><F108/><W44/><G134/><T95/><D111/><U55/><E55/><V64/><F54/><W51/><G40/><T56/><D120/><U77/><E77/><V119/><F119/><W26/><G26/><T29/><D22/><U90/><E59/><N who="0" m="22601" /><D123/><U69/><E69/><V7/><F83/><W126/><REACH who="3" step="1"/><G38/><REACH who="3" ten="250,250,250,240" step="2"/><T61/><D61/><U92/><E116/><V67/><F67/><W84/><G84/><T30/><D65/><U27/><E118/><V8/><F8/><W13/><G13/><T106/><D30/><U110/><E110/><V128/><F128/><W98/><G98/><T96/><D96/><U45/><E27/><V53/><F53/><W99/><G99/><T62/><D62/><U73/><E73/><V79/><F63/><W23/><G23/><T11/><D11/><U117/><E117/><V16/><F64/><W58/><G58/><T36/><D36/><U32/><E32/><V48/><F7/><W33/><G33/><T43/><D42/><U70/><E70/><V78/><F48/><W115/><G115/><T50/><D50/><N who="1" m="28751" /><E90/><V133/><F133/><W24/><G24/><T87/><D106/><U102/><E102/><V131/><F131/><AGARI ba="0,1" hai="10,15,19,92,94,129,130,131" m="28751,555" machi="131" ten="30,8000,1" yaku="6,1,19,1,52,2,54,1" doraHai="88" who="1" fromWho="2" sc="250,0,250,90,250,-80,240,0" /><INIT seed="1,0,0,3,1,56" ten="250,340,170,240" oya="1" hai0="64,124,6,117,90,1,0,126,111,61,12,55,21" hai1="106,32,108,110,5,36,133,34,87,91,76,18,75" hai2="89,39,9,116,98,121,81,15,83,57,104,48,113" hai3="96,70,107,92,85,24,135,130,73,54,20,49,26"/><U35/><E106/><V68/><F121/><W22/><G73/><T46/><D117/><U38/><E133/><V14/><F68/><W80/><G135/><T77/><D111/><N who="1" m="42539" /><E5/><V114/><F39/><N who="1" m="14889" /><E18/><V95/><F116/><W43/><G107/><T33/><D33/><U67/><E67/><V59/><F104/><W72/><G72/><T13/><D6/><U23/><E23/><V52/><F59/><W105/><G70/><N who="0" m="42255" /><D21/><U100/><E100/><V63/><F15/><N who="0" m="5706" /><D90/><U8/><E8/><V53/><F53/><W118/><G105/><T45/><D77/><U103/><E103/><V44/><F114/><W4/><G4/><T50/><D46/><U125/><E125/><AGARI ba="0,0" hai="0,1,45,50,55,124,125,126" m="5706,42255" machi="125" ten="30,2000,0" yaku="18,1,52,1" doraHai="56" who="0" fromWho="1" sc="250,20,340,-20,170,0,240,0" /><INIT seed="2,0,0,4,2,113" ten="270,320,170,240" oya="2" hai0="85,67,8,38,64,116,49,75,82,60,135,90,29" hai1="30,126,91,89,106,62,58,32,6,111,66,7,18" hai2="109,48,97,24,88,78,17,55,71,37,119,94,93" hai3="40,74,61,63,122,70,0,98,57,124,73,123,105"/><V118/><F37/><W23/><G0/><T80/><D38/><U129/><E106/><V104/><F71/><W42/><G70/><T84/><D75/><U130/><E111/><V21/><F104/><W52/><G124/><T35/><D135/><U10/><E126/><V26/><F78/><W133/><G133/><T34/><D29/><U51/><E18/><V69/><F69/><W3/><G3/><T43/><D8/><U81/><E51/><V102/><F26/><W114/><G114/><T117/><D49/><U46/><E46/><V128/><F109/><W1/><G1/><T86/><D43/><U12/><E6/><V11/><F11/><W25/><G63/><T36/><D36/><U72/><E30/><V99/><F128/><N who="1" m="49257" /><E32/><N who="0" m="12329" /><D90/><U115/><E115/><V31/><F31/><W14/><G14/><T16/><D16/><U13/><E13/><V19/><F19/><W96/><G74/><T47/><D47/><AGARI ba="0,0" hai="17,21,24,47,48,55,88,93,94,97,99,102,118,119" machi="47" ten="30,11600,0" yaku="7,1,52,2,54,1" doraHai="113" who="2" fromWho="0" sc="270,-116,320,0,170,116,240,0" /><INIT seed="2,1,0,0,4,15" ten="154,320,286,240" oya="2" hai0="122,58,75,23,121,129,99,118,100,113,117,116,29" hai1="43,126,3,79,60,28,111,94,51,96,7,53,41" hai2="105,57,0,72,21,52,9,128,62,102,59,97,16" hai3="56,33,67,131,46,101,109,38,114,39,37,81,112"/><V86/><F72/><W40/><G33/><T107/><D58/><U71/><E126/><V26/><F128/><W25/><G25/><T82/><D29/><U70/><E111/><V108/><F108/><W32/><G32/><T22/><D23/><U103/><E28/><V83/><F0/><W45/><G109/><T135/><D22/><U27/><E27/><V130/><F130/><W14/><G131/><T76/><D129/><U134/><E134/><V1/><F1/><W30/><G30/><T123/><D113/><N who="3" m="43625" /><G101/><T119/><N who="0" m="29696" /><DORA hai="88" /><T69/><D69/><U13/><E3/><V65/><F9/><W93/><G81/><T63/><D63/><U98/><E79/><V24/><F24/><W95/><G14/><T106/><D135/><U11/><E71/><V10/><F10/><W85/><G85/><T90/><D90/><U74/><E74/><V125/><F125/><W127/><G127/><T120/><N who="0" m="30720" /><DORA hai="110" /><T44/><D44/><N who="3" m="17001" /><G40/><T91/><D91/><U89/><E41/><V133/><F133/><W55/><G67/><T36/><D36/><U18/><E43/><V68/><F52/><W124/><G124/><T77/><D77/><AGARI ba="1,0" hai="16,21,26,57,59,62,65,68,77,83,86,97,102,105" machi="77" ten="30,5800,0" yaku="7,1,52,1,54,1" doraHai="15,88,110" who="2" fromWho="0" sc="154,-61,320,0,286,61,240,0" /><INIT seed="2,2,0,2,2,133" ten="93,320,347,240" oya="2" hai0="102,33,95,107,44,93,9,124,36,81,128,19,66" hai1="45,16,26,24,67,114,68,3,123,15,30,32,100" hai2="37,7,135,113,94,75,42,86,84,35,5,40,59" hai3="118,109,60,106,27,46,85,119,112,120,62,105,72"/><V69/><F69/><W48/><G120/><T78/><D33/><U41/><E114/><V134/><F75/><W101/><G72/><T111/><D111/><U51/><E3/><V88/><F35/><W126/><G112/><T17/><D124/><U65/><E123/><V131/><F113/><W38/><G38/><T0/><D128/><U28/><E68/><V80/><F131/><W97/><G109/><T98/><D66/><N who="1" m="25099" /><E100/><V57/><F57/><W71/><G71/><T10/><D10/><N who="1" m="6263" /><E32/><V91/><F59/><W12/><G105/><T63/><D63/><U47/><E47/><V70/><F70/><W130/><G130/><T31/><D31/><AGARI ba="2,0" hai="24,26,28,30,31,41,45,51" m="6263,25099" machi="31" ten="30,2000,0" yaku="8,1,54,1" doraHai="133" who="1" fromWho="0" sc="93,-26,320,26,347,0,240,0" /><INIT seed="3,0,0,1,3,128" ten="67,346,347,240" oya="3" hai0="74,76,10,38,43,130,42,73,35,115,51,2,102" hai1="66,99,53,69,46,63,98,112,70,84,29,135,39" hai2="71,127,108,57,64,44,33,12,45,8,83,41,27" hai3="21,37,22,86,103,110,116,118,59,9,91,93,26"/><W119/><G37/><T16/><D51/><U30/><E112/><V120/><F71/><W14/><G110/><T49/><D49/><U109/><E109/><V94/><F108/><W40/><G40/><T105/><D115/><U47/><E69/><V80/><F33/><W125/><G125/><T0/><D35/><U17/><E84/><V88/><F27/><W126/><G126/><T32/><D32/><U52/><E17/><N who="2" m="8327" /><F120/><W60/><G103/><T77/><D130/><U34/><E34/><V58/><F127/><W7/><REACH who="3" step="1"/><G26/><REACH who="3" ten="67,346,347,230" step="2"/><T25/><D25/><U13/><E39/><V15/><F41/><W62/><G62/><T78/><D38/><U19/><E63/><N who="2" m="37999" /><F58/><W61/><G61/><T100/><D77/><U134/><E70/><V3/><F3/><W124/><G124/><T101/><D101/><U11/><E46/><N who="2" m="18027" /><F15/><W106/><G106/><T6/><D105/><U48/><E47/><V85/><AGARI ba="0,1" hai="80,83,85,88,94" m="18027,37999,8327" machi="85" ten="30,2000,0" yaku="8,1,54,1" doraHai="128" who="2" fromWho="2" sc="67,-5,346,-5,347,30,230,-10" owari="62,-43.8,341,14.1,377,47.7,220,-18.0" /></mjloggm>