<mjloggm ver="2.3"><GO type="225" lobby="0"/><UN n0="%33%74%72%65%65" n1="%6D%79%6D%65%6C%6F%58%58" n2="%E3%81%B5%E3%81%98%E3%81%8B%E3%81%A4" n3="%E6%B4%BE%E9%81%A3%E3%81%AE%E3%82%B8%E3%83%A3%E3%83%83%E3%82%AF" dan="16,16,16,17" rate="2107.62,2131.35,2165.32,2207.63" sx="F,F,M,M"/><TAIKYOKU oya="0"/><INIT seed="0,0,0,2,5,59" ten="250,250,250,250" oya="0" hai0="33,123,124,22,70,121,68,83,20,126,90,14,6" hai1="125,66,54,56,107,16,104,40,81,28,75,116,10" hai2="89,64,41,7,61,135,114,92,60,96,103,74,48" hai3="43,88,29,115,93,86,51,25,71,112,63,118,129"/><T49/><D33/><U32/><E116/><V101/><F114/><W85/><G118/><T78/><D90/><U4/><E40/><V100/><F135/><W19/><G129/><T5/><D49/><U73/><E66/><V21/><F74/><W117/><G117/><T76/><D14/><U52/><E54/><V35/><F35/><W44/><G19/><T37/><REACH who="0" step="1"/><D83/><REACH who="0" ten="240,250,250,250" step="2"/><U47/><E32/><V1/><F1/><W36/><G51/><T9/><D9/><U110/><E81/><V79/><F79/><W99/><G112/><T109/><D109/><U80/><E80/><V65/><F48/><W50/><G115/><T84/><D84/><U87/><E87/><V2/><F2/><W11/><G11/><T69/><D69/><U23/><E110/><V27/><F41/><W34/><REACH who="3" step="1"/><G50/><REACH who="3" ten="240,250,250,240" step="2"/><T38/><AGARI ba="0,2" hai="5,6,20,22,37,38,68,70,76,78,121,123,124,126" machi="38" ten="25,9600,0" yaku="1,1,0,1,22,2,53,0" doraHai="59" doraHaiUra="111" who="0" fromWho="0" sc="240,116,250,-32,250,-32,240,-32" /><INIT seed="0,1,0,5,5,59" ten="356,218,218,208" oya="0" hai0="19,45,52,46,115,118,33,72,0,3,111,108,66" hai1="128,106,56,49,14,112,83,29,26,130,91,84,127" hai2="107,129,79,18,35,103,67,1,44,65,38,39,80" hai3="40,68,24,104,43,70,60,124,76,116,9,2,122"/><T81/><D115/><U86/><E112/><V131/><F35/><W57/><G116/><T110/><D118/><U96/><E127/><V100/><F1/><N who="0" m="586" /><D33/><U50/><E14/><V28/><F28/><W53/><G104/><T101/><D101/><N who="2" m="38986" /><F18/><W121/><G76/><N who="0" m="44167" /><D66/><N who="2" m="25098" /><F107/><W113/><G113/><T6/><D6/><U92/><E106/><V132/><F44/><W27/><G124/><T13/><D52/><N who="1" m="31759" /><E50/><V58/><F58/><W8/><G2/><T54/><D54/><U85/><E83/><V74/><F132/><W126/><G126/><T120/><D120/><N who="3" m="46185" /><G8/><AGARI ba="1,0" hai="8,13,19,45,46,108,110,111" m="44167,586" machi="8" ten="40,3900,0" yaku="14,1,10,1" doraHai="59" who="0" fromWho="3" sc="356,42,218,0,218,0,208,-42" /><INIT seed="0,2,0,3,1,117" ten="398,218,218,166" oya="0" hai0="75,134,15,70,128,74,87,97,28,4,79,65,116" hai1="64,35,16,76,7,121,23,114,39,120,32,96,59" hai2="12,112,92,83,57,95,22,13,1,67,127,33,86" hai3="122,93,133,49,68,106,119,132,47,30,135,31,109"/><T54/><D116/><U14/><E39/><V101/><F112/><W80/><G119/><T46/><D134/><U73/><E73/><V27/><F33/><W0/><G106/><T17/><D128/><U102/><E76/><V52/><F1/><W81/><G0/><T72/><D4/><U18/><E7/><V66/><F127/><W60/><G109/><T9/><D28/><N who="3" m="10793" /><G93/><N who="2" m="35913" /><F101/><W100/><G100/><T124/><D124/><U48/><E114/><V107/><F107/><W123/><G60/><T42/><D97/><U99/><E99/><V113/><F113/><W41/><G68/><T2/><D2/><U45/><E18/><N who="2" m="10575" /><F27/><W55/><G41/><T77/><D42/><U130/><E130/><V56/><F56/><W5/><G5/><T61/><D87/><U69/><E69/><V104/><F12/><W21/><G21/><T84/><D84/><U20/><E20/><V62/><F104/><W105/><G105/><T10/><D10/><U71/><E71/><V34/><F34/><W38/><G38/><T110/><D110/><U90/><E102/><V91/><AGARI ba="2,0" hai="52,57,62,66,67,83,86,91" m="10575,35913" machi="91" ten="30,2000,0" yaku="8,1,54,1" doraHai="117" who="2" fromWho="2" sc="398,-12,218,-7,218,26,166,-7" /><INIT seed="1,0,0,5,1,111" ten="386,211,244,159" oya="1" hai0="116,122,66,133,102,73,68,76,130,38,109,34,100" hai1="99,101,17,67,43,126,113,61,9,31,14,47,79" hai2="57,16,11,82,1,81,35,85,93,46,62,49,5" hai3="23,97,4,77,52,37,56,105,121,71,7,26,129"/><U119/><E119/><V39/><F39/><W120/><G71/><T95/><RYUUKYOKU type="yao9" ba="0,0" sc="386,0,211,0,244,0,159,0" hai0="34,38,66,68,73,76,95,100,102,109,116,122,130,133" /><INIT seed="1,1,0,0,0,57" ten="386,211,244,159" oya="1" hai0="113,132,31,47,29,28,48,50,61,123,127,37,7" hai1="43,9,80,117,108,130,54,71,111,92,96,59,69" hai2="53,56,77,25,36,100,93,83,27,107,99,26,70" hai3="135,1,110,90,67,51,39,49,16,55,32,3,4"/><U125/><E117/><V14/><F36/><W34/><G39/><T11/><D113/><U78/><E43/><V121/><F121/><W88/><G67/><T60/><D123/><U118/><E118/><V6/><F70/><W115/><G115/><T73/><D73/><U76/><E125/><V112/><F112/><W41/><G41/><T87/><D37/><U52/><E130/><V95/><F14/><W122/><G122/><T58/><D132/><U0/><E9/><V103/><F6/><W65/><G65/><T91/><D58/><U74/><E78/><V120/><F120/><W79/><G79/><T12/><D127/><U81/><E81/><V97/><F107/><W89/><G135/><T30/><D30/><U2/><E71/><V8/><F8/><W124/><G124/><T62/><D47/><U63/><E54/><V98/><F98/><W35/><G110/><N who="1" m="42026" /><E69/><V42/><F42/><W19/><G4/><T13/><D13/><U82/><E82/><AGARI ba="1,0" hai="7,11,12,28,29,31,48,50,60,61,62,82,87,91" machi="82" ten="40,8000,1" yaku="8,1,52,3" doraHai="57" who="0" fromWho="1" sc="386,83,211,-83,244,0,159,0" /><INIT seed="2,0,0,3,0,66" ten="469,128,244,159" oya="2" hai0="63,37,125,78,74,86,16,123,51,107,91,8,13" hai1="82,106,10,73,38,6,49,18,77,115,76,99,96" hai2="40,87,71,114,24,110,27,132,131,42,97,12,44" hai3="89,62,57,14,56,135,19,79,4,32,65,116,127"/><V122/><F122/><W0/><G116/><T36/><D123/><U68/><E115/><V83/><F114/><W35/><G135/><T30/><D125/><U105/><E18/><V50/><F132/><W129/><G79/><T85/><D107/><U5/><E49/><V39/><F131/><W70/><G129/><T124/><D30/><U1/><E6/><V113/><F113/><W80/><G127/><T26/><D26/><U34/><E77/><V81/><F71/><W94/><G80/><T133/><D63/><U118/><E118/><V75/><F97/><W111/><G111/><T103/><D103/><U7/><E7/><V134/><F75/><W31/><G4/><T52/><D86/><U20/><E20/><V53/><F42/><W72/><G0/><T102/><D102/><U69/><E34/><V90/><F110/><W59/><G31/><T9/><D9/><U25/><E25/><V33/><F33/><W47/><G47/><N who="0" m="27775" /><D124/><U130/><E130/><V45/><F134/><W15/><G72/><T58/><D58/><U41/><E99/><V60/><F60/><W88/><G15/><T23/><D23/><U22/><E22/><V93/><F12/><W64/><G64/><T43/><D43/><U17/><E17/><V67/><F67/><W46/><G46/><T104/><D133/><U119/><E119/><V98/><REACH who="2" step="1"/><F83/><REACH who="2" ten="469,128,234,159" step="2"/><W29/><G35/><T120/><D120/><U109/><E109/><V2/><F2/><W100/><G32/><T54/><D74/><U126/><E126/><V128/><F128/><W95/><G65/><T117/><D13/><RYUUKYOKU ba="0,1" sc="469,-10,128,-10,234,30,159,-10" hai2="24,27,39,40,44,45,50,53,81,87,90,93,98" /><INIT seed="2,1,1,2,0,119" ten="459,118,264,149" oya="2" hai0="125,77,94,63,24,84,118,103,128,127,74,97,114" hai1="99,89,20,8,133,19,100,71,83,13,55,6,10" hai2="4,2,58,41,98,105,65,56,70,32,106,134,27" hai3="120,21,109,102,53,59,124,25,107,86,121,33,31"/><V68/><F41/><W132/><G109/><T46/><D118/><U3/><E133/><V79/><F58/><W88/><G132/><T108/><D108/><U123/><E71/><V115/><F56/><W61/><G124/><T87/><D128/><U45/><E89/><V50/><F50/><W95/><REACH who="3" step="1"/><G33/><REACH who="3" ten="459,118,264,139" step="2"/><T40/><D125/><U72/><E123/><V12/><F32/><W52/><G52/><T0/><D127/><U26/><E55/><V117/><F134/><W1/><G1/><T29/><D0/><U73/><E45/><V126/><F2/><W91/><G91/><T76/><D46/><U28/><REACH who="1" step="1"/><E83/><REACH who="1" ten="459,108,264,139" step="2"/><V49/><F126/><W36/><G36/><T96/><D40/><U34/><E34/><V75/><F117/><W78/><G78/><T104/><D77/><U113/><E113/><V101/><F79/><W30/><G30/><T7/><D29/><U112/><E112/><V38/><F115/><W131/><G131/><T23/><D114/><U11/><E11/><V85/><F38/><W14/><G14/><T54/><D54/><U16/><E16/><V18/><F18/><W110/><G110/><T22/><D76/><U90/><E90/><V69/><F12/><W48/><G48/><T82/><D82/><U80/><E80/><V111/><F49/><W81/><G81/><T60/><D60/><U66/><E66/><V129/><F65/><W64/><G64/><T62/><D62/><U122/><E122/><V116/><F111/><W57/><G57/><T51/><D63/><U135/><E135/><V39/><F39/><W130/><G130/><RYUUKYOKU ba="1,3" sc="459,-15,108,15,264,-15,139,15" hai1="3,6,8,10,13,19,20,26,28,72,73,99,100" hai3="21,25,31,53,59,61,86,88,95,102,107,120,121" /><INIT seed="3,2,3,3,4,89" ten="444,123,249,154" oya="3" hai0="0,18,51,96,9,19,8,132,94,73,36,29,79" hai1="102,65,80,116,78,108,56,84,70,32,62,111,124" hai2="125,72,128,66,74,69,53,54,100,26,7,117,120" hai3="27,50,133,135,122,5,10,83,86,90,44,99,85"/><W35/><G122/><T76/><D36/><U82/><E124/><V134/><F117/><W33/><G99/><T107/><D107/><U75/><E116/><V109/><F7/><W60/><G60/><T126/><D132/><N who="3" m="50761" /><G85/><T97/><D97/><U17/><E102/><V15/><F72/><W91/><G91/><T67/><D96/><U114/><E114/><V1/><F74/><W31/><G27/><T88/><D88/><N who="1" m="51207" /><E17/><V59/><F26/><W127/><G31/><T20/><D29/><U11/><E11/><V41/><F100/><W43/><G127/><T16/><D126/><U112/><E112/><V52/><F125/><W104/><G104/><T38/><D73/><U81/><E81/><V131/><F120/><W28/><G28/><T58/><D76/><U22/><E22/><V45/><F134/><W103/><G103/><T12/><D79/><U37/><E37/><V63/><F1/><AGARI ba="2,3" hai="1,5,10,33,35,43,44,50,83,86,90" m="50761" machi="1" ten="30,1500,0" yaku="20,1" doraHai="89" who="3" fromWho="2" sc="444,0,123,0,249,-21,154,51" /><INIT seed="3,3,0,5,5,67" ten="444,123,228,205" oya="3" hai0="94,74,82,99,58,49,20,60,45,24,103,91,41" hai1="97,126,116,79,12,105,43,96,66,6,13,111,47" hai2="23,114,80,32,62,92,31,11,120,109,39,70,115" hai3="89,102,19,2,131,5,107,104,1,56,71,25,16"/><W26/><G56/><T10/><D10/><U51/><E111/><V76/><F109/><W53/><G53/><N who="0" m="33871" /><D74/><U34/><E34/><V8/><F39/><W17/><G89/><T61/><D61/><U124/><E116/><V57/><F92/><W86/><G86/><N who="0" m="50647" /><D20/><U75/><E105/><N who="3" m="40522" /><G102/><N who="0" m="60791" /><D24/><N who="3" m="9321" /><G5/><T44/><D44/><U27/><E27/><V81/><F57/><W64/><G64/><T40/><D103/><U65/><E65/><V122/><F114/><W46/><G46/><T52/><AGARI ba="3,0" hai="40,41,45,49,52" m="60791,50647,33871" machi="52" ten="30,2000,0" yaku="8,1,54,1" doraHai="67" who="0" fromWho="0" sc="444,29,123,-8,228,-8,205,-13" owari="473,57.3,115,-38.5,220,2.0,192,-20.8" /></mjloggm>