<mjloggm ver="2.3"><GO type="225" lobby="0"/><UN n0="%65%6B%61%72%75%74%65" n1="%E3%81%BF%E3%81%BF%E3%81%9A" n2="%E5%82%8D%E8%8B%A5%E7%84%A1%E4%BA%BA%35%31" n3="%E3%81%8B%E3%82%8F%E3%81%A1%E3%82%83%E3%82%93%35%38" dan="16,18,16,16" rate="2141.62,2307.17,2130.58,2156.26" sx="M,M,M,M"/><TAIKYOKU oya="0"/><INIT seed="0,0,0,2,4,37" ten="250,250,250,250" oya="0" hai0="48,104,134,6,20,70,50,96,101,90,72,9,76" hai1="4,12,33,24,8,106,109,71,22,1,128,100,86" hai2="29,58,40,132,17,53,39,45,126,56,130,127,35" hai3="18,123,99,113,43,111,80,110,67,21,108,75,59"/><T133/><D70/><U91/><E128/><V15/><F130/><W34/><G34/><T81/><D20/><U73/><E73/><V60/><F132/><N who="0" m="50794" /><D90/><U54/><E109/><V88/><F58/><W124/><G113/><T69/><D69/><U135/><E135/><V25/><REACH who="2" step="1"/><F88/><REACH who="2" ten="250,250,240,250" step="2"/><W68/><G59/><T31/><D31/><U97/><E71/><V41/><F41/><W78/><G43/><T38/><D38/><U28/><E54/><V122/><F122/><W116/><G123/><T89/><D89/><U0/><REACH who="1" step="1"/><E33/><REACH who="1" ten="250,240,240,250" step="2"/><V74/><F74/><W63/><G68/><T52/><D52/><U85/><E85/><V11/><AGARI ba="0,2" hai="11,15,17,25,29,35,39,40,45,53,56,60,126,127" machi="11" ten="30,4000,0" yaku="1,1,0,1,52,1,53,0" doraHai="37" doraHaiUra="125" who="2" fromWho="2" sc="250,-20,240,-10,240,60,250,-10" /><INIT seed="1,0,0,0,1,25" ten="230,230,300,240" oya="1" hai0="72,121,37,118,2,85,79,29,128,54,104,83,110" hai1="81,26,36,89,11,63,102,80,93,13,116,74,98" hai2="18,32,103,42,47,43,69,49,57,130,135,48,60" hai3="56,4,126,90,31,38,88,115,55,5,24,7,62"/><U96/><E116/><V86/><F130/><W100/><G115/><T101/><D118/><U51/><E36/><V19/><F135/><W134/><G134/><T78/><D2/><U106/><E51/><V111/><F111/><W40/><G126/><T131/><D37/><U16/><E74/><V20/><F32/><W99/><G40/><T65/><D65/><U23/><REACH who="1" step="1"/><E63/><REACH who="1" ten="230,220,300,240" step="2"/><V84/><F49/><W75/><G75/><T68/><D72/><U94/><E94/><V91/><F43/><W28/><G38/><T76/><D128/><U73/><E73/><V46/><F48/><W53/><G53/><T120/><D131/><U132/><E132/><V67/><F60/><W105/><REACH who="3" step="1"/><G31/><AGARI ba="0,1" hai="11,13,16,23,26,31,80,81,89,93,96,98,102,106" machi="31" ten="30,11600,0" yaku="1,1,7,1,52,1,54,1,53,0" doraHai="25" doraHaiUra="33" who="1" fromWho="3" sc="230,0,220,126,300,0,240,-116" /><INIT seed="1,1,0,1,5,14" ten="230,346,300,124" oya="1" hai0="24,79,47,113,100,27,61,99,102,75,2,117,18" hai1="114,15,38,35,119,9,67,36,110,122,45,92,53" hai2="10,19,64,74,42,106,124,108,95,22,65,25,126" hai3="78,21,81,33,127,58,7,48,87,70,1,68,115"/><U132/><E114/><V118/><F108/><W66/><G33/><T111/><D117/><U60/><E119/><V121/><F106/><W123/><G115/><T32/><D2/><U133/><E122/><V131/><F74/><W57/><G123/><T82/><D113/><U49/><E35/><V69/><F121/><W101/><G127/><N who="2" m="48681" /><F118/><W28/><G101/><T120/><D120/><U54/><E92/><V20/><F131/><W41/><G1/><T76/><D111/><U30/><E30/><N who="2" m="17703" /><F42/><W43/><G7/><T125/><D79/><U52/><E110/><V13/><F69/><W26/><G68/><T73/><D73/><U29/><E29/><V17/><F95/><W62/><REACH who="3" step="1"/><G70/><REACH who="3" ten="230,346,300,114" step="2"/><T112/><D32/><U91/><E132/><V56/><F56/><W8/><G8/><T55/><D112/><U63/><E133/><V103/><F103/><W23/><G23/><T5/><D102/><U12/><E9/><V83/><F83/><W4/><G4/><T11/><D5/><U96/><E36/><V31/><F31/><W128/><G128/><T37/><D11/><U59/><E38/><V51/><F51/><W80/><G80/><T94/><D125/><U89/><E63/><V84/><F84/><W109/><G109/><T44/><D61/><U93/><E96/><V86/><F86/><W6/><G6/><T46/><D37/><U34/><E34/><V104/><F104/><W98/><G98/><T97/><D97/><U71/><E93/><V135/><F135/><W130/><G130/><T105/><D105/><U129/><E71/><V16/><F22/><RYUUKYOKU ba="1,1" sc="230,-15,346,-15,300,15,114,15" hai2="10,13,16,17,19,64,65" hai3="21,26,28,41,43,48,57,58,62,66,78,81,87" /><INIT seed="2,2,1,2,5,30" ten="215,331,315,129" oya="2" hai0="77,22,10,80,88,108,73,18,96,102,25,33,67" hai1="47,123,46,55,75,14,70,23,92,118,7,66,128" hai2="26,79,1,28,132,27,5,50,61,41,130,15,57" hai3="98,53,107,9,19,71,35,85,69,21,131,100,125"/><V76/><F130/><W93/><G125/><T106/><D108/><U91/><E118/><V120/><F120/><W89/><G131/><T111/><D111/><U24/><E128/><V84/><F132/><W127/><G127/><T72/><D67/><U122/><E75/><V0/><F0/><W117/><G117/><T52/><D73/><U40/><E70/><V6/><F1/><W133/><G133/><T62/><D10/><N who="1" m="4447" /><E66/><V3/><F3/><W74/><G9/><T59/><REACH who="0" step="1"/><D88/><REACH who="0" ten="205,331,315,129" step="2"/><U60/><E123/><V104/><F79/><W4/><G74/><T129/><D129/><U32/><E122/><V8/><F6/><W110/><G110/><T44/><D44/><U115/><E46/><N who="2" m="25935" /><F104/><W38/><G4/><T97/><D97/><U99/><E47/><V103/><F103/><W121/><G121/><T2/><D2/><U29/><E115/><V54/><F28/><W20/><G38/><T65/><D65/><U112/><E112/><V64/><F64/><W119/><G119/><T13/><D13/><U49/><E99/><V11/><F11/><W12/><G71/><T83/><D83/><AGARI ba="2,2" hai="5,8,15,26,27,54,57,61,76,83,84" m="25935" machi="83" ten="30,2900,0" yaku="25,1,8,1" doraHai="30" who="2" fromWho="0" sc="205,-35,331,0,315,55,129,0" /><INIT seed="2,3,0,1,3,52" ten="170,331,370,129" oya="2" hai0="14,57,119,116,39,26,62,114,59,96,69,42,127" hai1="117,131,11,126,99,76,2,5,64,120,98,4,90" hai2="89,10,43,93,82,0,106,20,45,68,17,112,18" hai3="1,6,70,78,22,103,73,102,40,36,21,27,66"/><V58/><F68/><W25/><G66/><N who="0" m="41175" /><D114/><U23/><E117/><N who="0" m="45129" /><D127/><U67/><E131/><V51/><F106/><W87/><G70/><T37/><D14/><U16/><E126/><V38/><F82/><W48/><G1/><T133/><D133/><U63/><E120/><V31/><F31/><W95/><G25/><T121/><D121/><U15/><E76/><V30/><F30/><W94/><G27/><T8/><D8/><U77/><E5/><V129/><F129/><W123/><G6/><T115/><D115/><U108/><E108/><V86/><F112/><W35/><G123/><T28/><D96/><U81/><E90/><V71/><F71/><W7/><G7/><T84/><D84/><U132/><E132/><V113/><F113/><W72/><G87/><T60/><D60/><U97/><REACH who="1" step="1"/><E63/><REACH who="1" ten="170,321,370,129" step="2"/><V19/><F0/><W44/><G73/><AGARI ba="3,1" hai="2,4,11,15,16,23,64,67,73,77,81,97,98,99" machi="73" ten="40,8000,1" yaku="1,1,2,1,54,1,53,1" doraHai="52" doraHaiUra="105" who="1" fromWho="3" sc="170,0,321,99,370,0,129,-89" /><INIT seed="3,0,0,4,3,118" ten="170,420,370,40" oya="3" hai0="133,59,131,35,92,9,123,18,87,81,130,6,110" hai1="14,86,135,72,103,114,26,47,70,7,105,51,88" hai2="48,44,80,16,49,126,117,85,53,78,5,134,56" hai3="57,113,96,124,69,20,15,120,42,122,129,10,128"/><W102/><G69/><T76/><D110/><U23/><E114/><V43/><F117/><W101/><G113/><T75/><D123/><N who="3" m="47145" /><G42/><T127/><D35/><U36/><E36/><V60/><F134/><W98/><G20/><T94/><D133/><U71/><E72/><V28/><F126/><W107/><G57/><T22/><D127/><U125/><E135/><V61/><F28/><W73/><G15/><N who="0" m="9567" /><D75/><U1/><E1/><V58/><F5/><W106/><G10/><T30/><D59/><U11/><E125/><V0/><F0/><W63/><G124/><T38/><D38/><U109/><E109/><V29/><F29/><W83/><G63/><T19/><D19/><U100/><E105/><V64/><F16/><W104/><G104/><T39/><D39/><U93/><E70/><V12/><REACH who="2" step="1"/><F12/><REACH who="2" ten="170,420,360,40" step="2"/><W89/><G89/><T116/><D116/><U67/><E71/><V77/><F77/><AGARI ba="0,1" hai="73,77,83,96,98,101,102,106,107,128,129" m="47145" machi="77" ten="30,18000,2" yaku="23,1,34,2,52,3" doraHai="118" who="3" fromWho="2" sc="170,0,420,0,360,-180,40,190" /><INIT seed="3,1,0,5,2,24" ten="170,420,180,230" oya="3" hai0="107,48,10,132,27,47,78,98,43,71,93,61,30" hai1="20,25,82,80,122,35,26,76,97,2,79,135,22" hai2="94,115,54,34,96,31,85,63,51,14,125,92,90" hai3="83,7,6,106,91,109,53,128,88,130,131,123,12"/><W0/><G0/><T60/><D132/><U113/><E2/><V40/><F125/><W18/><G123/><T117/><D117/><U19/><E122/><V21/><F115/><W77/><G106/><T50/><D107/><U1/><E1/><V105/><F105/><W73/><G53/><T134/><D134/><U59/><E113/><V114/><F34/><W39/><G39/><T111/><D111/><U56/><E35/><V87/><F114/><W15/><G109/><T49/><D78/><N who="1" m="29739" /><E135/><V86/><F63/><N who="0" m="24138" /><D10/><U68/><E68/><V66/><F66/><W75/><G75/><T72/><D72/><U32/><E32/><V9/><F40/><W38/><G38/><T65/><D65/><U110/><E97/><V69/><F69/><W102/><G102/><N who="0" m="60751" /><D71/><U23/><E23/><AGARI ba="1,0" hai="23,27,30,43,47,48,49,50" m="60751,24138" machi="23" ten="30,2000,0" yaku="8,1,52,1" doraHai="24" who="0" fromWho="1" sc="170,23,420,-23,180,0,230,0" owari="193,-20.7,397,49.7,180,-32.0,230,3.0" /></mjloggm>