<mjloggm ver="2.3"><GO type="225" lobby="0"/><UN n0="%E3%83%A9%E3%82%A4%E3%83%B3%E3%81%AE%E8%99%8E" n1="%E7%82%8E%E3%83%8E%E6%9C%B1%E9%9B%80" n2="%6D%75%75%73%61%6E%6D%75" n3="%E5%B8%86%E7%AB%8B%E5%A4%8F%E8%A1%A3" dan="16,16,17,16" rate="2070.65,2174.43,2150.77,2196.91" sx="M,M,F,M"/><TAIKYOKU oya="0"/><INIT seed="0,0,0,2,4,130" ten="250,250,250,250" oya="0" hai0="48,107,59,85,8,9,134,37,60,98,16,122,112" hai1="71,40,77,92,38,0,20,54,109,108,55,65,6" hai2="28,93,7,2,13,115,47,69,90,135,42,50,76" hai3="121,10,79,19,32,97,67,96,81,12,80,14,56"/><T84/><D37/><U124/><E124/><V62/><F115/><W100/><G32/><T127/><D112/><U86/><E20/><V29/><F2/><W78/><G121/><T82/><D122/><U45/><E65/><V31/><F69/><W70/><G70/><T66/><D127/><U89/><E71/><V58/><F76/><W75/><G14/><T91/><D134/><U51/><E77/><V46/><F46/><W126/><G126/><T123/><D123/><U25/><E25/><V106/><F106/><W63/><REACH who="3" step="1"/><G100/><REACH who="3" ten="250,250,250,240" step="2"/><T52/><D85/><AGARI ba="0,1" hai="10,12,19,56,63,67,75,78,79,80,81,85,96,97" machi="85" ten="30,3900,0" yaku="1,1,2,1,7,1,53,0" doraHai="130" doraHaiUra="24" who="3" fromWho="0" sc="250,-39,250,0,250,0,240,49" /><INIT seed="1,0,0,5,0,129" ten="211,250,250,289" oya="1" hai0="115,113,76,35,33,45,100,108,26,16,31,65,72" hai1="119,1,56,103,41,91,107,20,116,59,78,46,133" hai2="38,36,27,43,32,28,4,24,94,102,15,51,53" hai3="48,127,49,0,29,112,13,68,7,12,89,122,9"/><U21/><E1/><V88/><F102/><W10/><G112/><T18/><D100/><U30/><E78/><V98/><F27/><W83/><G122/><T87/><D72/><U55/><E91/><V124/><F124/><W81/><G68/><T6/><D65/><U101/><E107/><V44/><REACH who="2" step="1"/><F43/><REACH who="2" ten="211,250,240,289" step="2"/><W121/><G127/><T61/><D26/><U90/><E41/><V62/><F62/><W130/><G121/><T57/><D61/><U135/><E90/><V74/><F74/><W54/><G89/><T2/><D113/><U8/><E30/><V70/><F70/><W134/><G29/><T73/><D31/><U11/><E55/><V14/><F14/><W77/><G13/><T17/><D73/><U80/><E80/><V66/><F66/><W19/><G83/><T5/><D115/><U85/><E85/><V3/><F3/><W71/><G71/><T126/><D2/><U118/><E118/><V37/><F37/><W34/><G81/><T60/><D126/><U92/><E92/><V22/><F22/><W128/><G128/><T93/><D93/><U109/><E109/><V69/><F69/><W82/><G130/><T111/><D111/><U105/><E105/><V120/><F120/><W123/><G123/><T110/><D110/><U63/><E63/><V96/><F96/><W58/><G82/><N who="0" m="47559" /><D108/><U52/><E52/><V125/><F125/><W40/><G77/><T42/><D60/><U79/><E79/><V47/><F47/><AGARI ba="0,1" hai="8,11,20,21,46,47,56,59,101,103,116,119,133,135" machi="47" ten="25,9600,0" yaku="22,2,52,2" doraHai="129" who="1" fromWho="2" sc="211,0,250,106,240,-96,289,0" /><INIT seed="1,1,0,1,0,116" ten="211,356,144,289" oya="1" hai0="125,95,70,34,96,23,18,21,90,48,82,127,107" hai1="71,74,117,27,86,10,49,65,122,133,11,45,26" hai2="12,131,14,25,94,54,132,39,92,109,16,51,128" hai3="47,79,81,62,77,28,19,64,91,40,0,68,114"/><U135/><E117/><V53/><F39/><W78/><G114/><T130/><D34/><U13/><E74/><V89/><F109/><W110/><G110/><T76/><D70/><U61/><E86/><V102/><F102/><W87/><G28/><T29/><D130/><N who="2" m="49706" /><F132/><N who="1" m="50761" /><E122/><V22/><F53/><W84/><G0/><T57/><D107/><U113/><E113/><V24/><F12/><W20/><G84/><T41/><D29/><U30/><E13/><V7/><F7/><W55/><G55/><N who="0" m="31975" /><D41/><N who="1" m="24751" /><E27/><N who="2" m="10315" /><F89/><W88/><G91/><T38/><D38/><U63/><E61/><V8/><F22/><AGARI ba="1,0" hai="10,11,22,26,30,63,65,71" m="24751,50761" machi="22" ten="30,1500,0" yaku="20,1" doraHai="116" who="1" fromWho="2" sc="211,0,356,18,144,-18,289,0" /><INIT seed="1,2,0,5,2,13" ten="211,374,126,289" oya="1" hai0="100,91,58,52,75,42,83,61,96,46,131,60,4" hai1="17,26,5,97,43,38,101,45,103,107,27,127,119" hai2="74,30,56,92,70,53,71,109,108,133,62,79,118" hai3="18,112,122,12,65,85,67,22,57,89,114,98,125"/><U47/><E119/><V104/><F104/><W87/><G122/><T15/><D131/><U31/><E127/><V36/><F92/><N who="3" m="56591" /><G125/><T128/><D128/><U14/><E5/><V48/><F79/><W76/><G114/><T25/><D25/><U21/><E103/><V41/><F74/><W123/><G123/><T55/><D75/><U105/><E105/><V63/><F30/><W33/><G33/><T84/><D4/><U3/><E3/><V20/><F118/><W29/><G112/><T69/><D15/><U80/><E80/><V113/><F20/><N who="3" m="11335" /><G57/><T40/><D69/><N who="2" m="26122" /><F113/><W44/><G44/><T117/><D117/><U2/><E2/><V94/><F133/><W102/><G102/><T106/><REACH who="0" step="1"/><D46/><REACH who="0" ten="201,374,126,289" step="2"/><U72/><E72/><V115/><F115/><W135/><G135/><T132/><D132/><U64/><E47/><N who="2" m="23975" /><F94/><W116/><G116/><T1/><D1/><U86/><E27/><V82/><F82/><N who="3" m="47303" /><G29/><T68/><D68/><U37/><E37/><V59/><F59/><AGARI ba="2,1" hai="40,42,52,55,58,59,60,61,83,84,91,96,100,106" machi="59" ten="40,5200,0" yaku="1,1,9,1,54,1,53,0" doraHai="13" doraHaiUra="134" who="0" fromWho="2" sc="201,68,374,0,126,-58,289,0" /><INIT seed="2,0,0,5,1,3" ten="269,374,68,289" oya="2" hai0="123,93,85,81,82,29,12,78,42,68,31,83,7" hai1="46,80,56,47,79,30,2,65,38,67,73,103,74" hai2="15,28,106,48,21,84,14,25,49,8,121,105,111" hai3="41,110,22,57,4,86,92,0,34,5,102,44,32"/><V18/><F121/><W131/><G0/><T55/><D123/><U10/><E74/><V128/><F111/><W107/><G107/><T43/><D68/><U63/><E30/><N who="0" m="11273" /><D55/><N who="1" m="34207" /><E47/><V98/><F128/><W94/><G131/><T127/><D127/><U95/><E95/><V26/><F84/><W75/><G75/><T36/><D36/><U118/><E103/><V120/><F120/><W109/><G57/><T39/><D39/><U89/><E89/><V96/><F28/><W64/><G22/><T113/><D113/><U60/><E60/><V33/><F21/><W54/><G54/><T70/><D70/><U66/><E66/><V11/><REACH who="2" step="1"/><F18/><REACH who="2" ten="269,374,58,289" step="2"/><W114/><G110/><T126/><D126/><U58/><E73/><V53/><F53/><W27/><G109/><T90/><D78/><U112/><E79/><V91/><F91/><W20/><G86/><T35/><D35/><AGARI ba="0,1" hai="8,11,14,15,25,26,33,35,48,49,96,98,105,106" machi="35" ten="25,4800,0" yaku="1,1,22,2,53,0" doraHai="3" doraHaiUra="134" who="2" fromWho="0" sc="269,-48,374,0,58,58,289,0" /><INIT seed="2,1,0,1,4,2" ten="221,374,116,289" oya="2" hai0="22,51,48,39,69,33,19,113,37,28,65,1,3" hai1="50,15,86,13,103,118,64,7,83,112,109,131,129" hai2="95,23,41,93,84,94,17,114,97,66,45,78,127" hai3="52,60,71,21,81,89,43,70,12,14,38,36,74"/><V96/><F114/><W20/><G74/><T58/><D113/><U125/><E112/><V104/><F127/><W116/><G116/><T75/><D75/><U123/><E118/><V57/><F104/><W108/><G108/><T40/><D28/><U128/><E109/><V49/><F78/><W29/><G70/><T90/><D33/><U88/><E123/><V135/><F135/><W63/><G71/><T26/><D90/><U119/><E119/><V8/><F84/><N who="3" m="50319" /><G43/><T54/><D48/><U35/><E35/><V16/><F66/><W53/><G38/><T30/><D30/><U98/><E125/><V0/><F57/><N who="3" m="34855" /><G36/><T106/><D39/><U73/><E73/><V61/><F61/><W80/><G80/><T62/><REACH who="0" step="1"/><D106/><REACH who="0" ten="211,374,116,289" step="2"/><N who="1" m="63863" /><E50/><V120/><F120/><W79/><G79/><T27/><D27/><U102/><E129/><V101/><F101/><W126/><G126/><T99/><D99/><U47/><E102/><V5/><REACH who="2" step="1"/><F17/><REACH who="2" ten="211,374,106,289" step="2"/><W122/><G122/><T100/><D100/><U115/><E115/><V68/><F68/><W130/><G130/><T85/><D85/><U32/><E131/><V124/><F124/><W9/><G29/><T132/><D132/><U59/><E128/><V34/><F34/><W6/><G63/><T56/><D56/><U55/><E32/><V121/><F121/><W134/><G134/><T76/><D76/><U82/><E59/><V107/><F107/><W44/><G44/><AGARI ba="1,2" hai="1,3,19,22,26,37,40,44,51,54,58,62,65,69" machi="44" ten="40,5200,0" yaku="1,1,24,2,53,0" doraHai="2" doraHaiUra="110" who="0" fromWho="3" sc="211,75,374,0,106,0,289,-55" /><INIT seed="3,0,0,5,4,83" ten="286,374,106,234" oya="3" hai0="94,91,88,121,66,45,35,70,9,4,102,41,61" hai1="29,17,114,90,10,38,120,60,105,5,81,98,57" hai2="67,47,65,76,115,40,23,22,37,28,62,75,14" hai3="55,107,119,1,97,117,127,72,129,126,130,12,43"/><W31/><G12/><T0/><D35/><U44/><E114/><V19/><F115/><W11/><G55/><T6/><D121/><U135/><E120/><V3/><F3/><W86/><G72/><T111/><D111/><U49/><E29/><V99/><F75/><W124/><G43/><T128/><D128/><N who="3" m="49257" /><G31/><T39/><D6/><U7/><E38/><V59/><F76/><W34/><G34/><T103/><REACH who="0" step="1"/><D91/><REACH who="0" ten="276,374,106,234" step="2"/><U84/><E135/><V20/><F99/><AGARI ba="0,1" hai="0,4,9,39,41,45,61,66,70,88,94,99,102,103" machi="99" ten="30,7700,0" yaku="1,1,2,1,7,1,54,1,53,0" doraHai="83" doraHaiUra="53" who="0" fromWho="2" sc="276,87,374,0,106,-77,234,0" owari="363,16.3,374,47.4,29,-47.1,234,-16.6" /></mjloggm>