<mjloggm ver="2.3"><GO type="225" lobby="0"/><UN n0="%E5%AE%AE%E4%BF%9D%E9%B6%8F%E8%82%89" n1="%E5%B0%8F%E9%B3%A5%E9%81%8A%E7%B7%B4%E7%84%A1%32%31%E6%AD%B3" n2="%E5%87%BA%E6%B0%B4" n3="%72%69%6F%75%63%68%61%6E" dan="16,16,16,17" rate="2136.05,2167.92,2073.14,2267.45" sx="M,F,F,M"/><TAIKYOKU oya="0"/><INIT seed="0,0,0,5,4,56" ten="250,250,250,250" oya="0" hai0="18,75,14,0,83,5,61,51,34,33,93,9,120" hai1="27,115,109,65,126,41,36,55,72,99,29,117,40" hai2="118,106,125,111,24,28,80,74,3,132,60,48,64" hai3="78,107,87,22,2,133,119,45,6,42,129,105,95"/><T10/><D120/><U66/><E117/><V11/><F111/><W13/><G129/><T88/><D51/><U110/><E72/><V128/><F118/><W71/><G133/><T47/><D47/><N who="1" m="23943" /><E99/><V92/><F125/><W68/><G119/><T63/><D75/><U85/><E85/><V101/><F128/><W90/><G2/><T43/><D43/><U26/><E126/><V123/><F123/><W76/><G68/><T104/><D104/><U57/><E29/><V89/><F132/><W91/><G71/><T8/><D83/><U131/><E26/><V23/><F48/><W31/><G91/><T30/><D9/><U12/><E12/><V73/><F106/><W17/><G31/><T86/><REACH who="0" step="1"/><D30/><REACH who="0" ten="240,250,250,250" step="2"/><U50/><E131/><V108/><F80/><W130/><G130/><T15/><D15/><U49/><E115/><V116/><F11/><N who="3" m="4343" /><G107/><T114/><D114/><U70/><E27/><V124/><F3/><W32/><G105/><T16/><D16/><U54/><E41/><V121/><F121/><W112/><G112/><T37/><D37/><U94/><E94/><V113/><F116/><W1/><G1/><T135/><D135/><U69/><E110/><V127/><F113/><W96/><G45/><T77/><D77/><U7/><E109/><V19/><F108/><W46/><G46/><T98/><D98/><U20/><E7/><V44/><F127/><W97/><G42/><T62/><AGARI ba="0,1" hai="0,5,8,10,14,18,33,34,61,62,63,86,88,93" machi="62" ten="30,18000,2" yaku="1,1,0,1,52,3,54,1,53,0" doraHai="56" doraHaiUra="21" who="0" fromWho="0" sc="240,190,250,-60,250,-60,250,-60" /><INIT seed="0,1,0,1,0,114" ten="430,190,190,190" oya="0" hai0="10,107,94,60,86,81,133,129,45,41,83,62,1" hai1="11,91,44,112,98,6,51,8,12,32,52,97,53" hai2="7,96,131,54,59,117,103,134,78,29,20,73,125" hai3="110,127,17,102,92,63,77,132,106,108,57,89,13"/><T24/><D107/><U22/><E32/><V95/><F134/><W118/><G118/><T28/><D133/><U3/><E112/><V99/><F131/><W21/><G127/><T65/><D129/><U2/><E22/><V38/><F38/><W101/><G132/><T135/><D94/><U34/><E34/><V119/><F125/><W109/><G77/><T18/><D135/><U49/><E2/><V14/><F73/><W0/><G0/><T50/><D83/><U130/><E130/><V115/><F115/><W113/><G106/><T30/><D1/><U67/><E67/><V69/><F69/><W121/><G121/><T15/><D24/><U79/><E79/><V84/><F78/><W26/><G13/><T25/><D25/><U43/><E43/><V75/><F75/><W64/><REACH who="3" step="1"/><G113/><REACH who="3" ten="430,190,190,180" step="2"/><T40/><D15/><U123/><E123/><V48/><F14/><W47/><G47/><T76/><D45/><U66/><E3/><V9/><F119/><W16/><G16/><T72/><D18/><U126/><E126/><V55/><F117/><W39/><G39/><T74/><D74/><U46/><E8/><V23/><F9/><W80/><G80/><T104/><D10/><U90/><E66/><V37/><F37/><W36/><G36/><T87/><D65/><U19/><E19/><V68/><F7/><W4/><G4/><T122/><D122/><U58/><E44/><V82/><F29/><W33/><G33/><T100/><D72/><U70/><E70/><V128/><F68/><W42/><G42/><N who="0" m="16491" /><D76/><U105/><E105/><V71/><F71/><RYUUKYOKU ba="1,1" sc="430,-15,190,15,190,-15,180,15" hai1="6,11,12,46,49,51,52,53,58,90,91,97,98" hai3="17,21,26,57,63,64,89,92,101,102,108,109,110" /><INIT seed="1,2,1,0,2,20" ten="415,205,175,195" oya="1" hai0="13,4,26,70,91,57,95,100,80,47,129,111,98" hai1="132,87,39,83,74,62,37,35,49,25,30,128,54" hai2="23,46,73,33,21,82,19,96,110,135,50,34,109" hai3="104,7,51,122,89,117,0,14,43,88,108,11,67"/><U130/><E74/><V61/><F135/><W133/><G108/><N who="2" m="41577" /><F96/><W66/><G122/><T24/><D70/><U38/><E62/><V28/><F61/><W99/><G133/><T106/><D111/><U36/><N who="1" m="9216" /><DORA hai="27" /><U29/><E132/><V69/><F69/><W68/><G117/><T92/><D106/><U94/><E94/><V8/><F8/><W121/><G121/><T31/><D47/><U124/><E124/><V118/><F118/><W2/><G0/><T127/><D129/><N who="1" m="49771" /><E25/><N who="2" m="16431" /><F82/><W55/><G2/><T120/><D80/><U22/><E35/><V114/><F114/><W53/><G68/><T3/><D26/><U84/><E22/><V60/><F60/><W86/><G104/><T40/><D24/><U102/><E102/><V18/><F73/><W126/><G126/><T131/><D100/><U56/><E87/><V58/><F58/><W134/><G134/><T64/><D57/><U77/><AGARI ba="2,1" hai="29,30,49,54,56,77,83,84" m="49771,9216" machi="77" ten="60,11700,0" yaku="19,1,52,2" doraHai="20,27" who="1" fromWho="1" sc="415,-41,205,133,175,-41,195,-41" /><INIT seed="1,3,0,0,4,41" ten="374,338,134,154" oya="1" hai0="13,93,98,115,122,67,107,131,116,59,44,101,74" hai1="23,17,21,51,1,6,43,132,35,65,123,18,97" hai2="105,106,7,16,103,30,49,42,117,57,82,9,77" hai3="128,47,86,91,52,53,68,15,94,66,99,96,135"/><U79/><E123/><V32/><F117/><W111/><G111/><T38/><D74/><U84/><E35/><V110/><F110/><W54/><G128/><T61/><D116/><U63/><E132/><V2/><F103/><W39/><G135/><T81/><D115/><U8/><E97/><V72/><F57/><W70/><G66/><T104/><D131/><U20/><E84/><V95/><F95/><W113/><G113/><T37/><D122/><U109/><E79/><V80/><F80/><W40/><REACH who="3" step="1"/><G15/><REACH who="3" ten="374,338,134,144" step="2"/><T4/><D67/><U25/><E109/><V29/><F32/><W83/><G83/><T28/><D13/><U19/><E25/><V85/><F72/><W119/><G119/><T92/><D81/><U108/><E108/><V121/><F121/><W34/><G34/><T125/><D125/><U45/><REACH who="1" step="1"/><E23/><REACH who="1" ten="374,328,134,144" step="2"/><V124/><F124/><W5/><G5/><T11/><D4/><U130/><E130/><V102/><F7/><W31/><G31/><T14/><D28/><U112/><E112/><V62/><F30/><W24/><G24/><T126/><D126/><U127/><E127/><V33/><F29/><W76/><G76/><T87/><D98/><AGARI ba="3,2" hai="39,40,47,52,53,54,68,70,86,91,94,96,98,99" machi="98" ten="40,5200,0" yaku="1,1,52,1,54,1,53,0" doraHai="41" doraHaiUra="100" who="3" fromWho="0" sc="374,-61,328,0,134,0,144,81" /><INIT seed="2,0,0,3,3,129" ten="313,328,134,225" oya="2" hai0="85,45,112,63,15,24,34,126,82,93,89,1,9" hai1="80,135,57,37,14,73,2,100,78,7,127,124,70" hai2="123,91,108,12,96,76,47,49,48,79,36,95,18" hai3="125,99,114,16,4,32,61,110,0,56,17,60,41"/><V106/><F123/><W111/><G125/><N who="1" m="48202" /><E70/><V39/><F108/><N who="3" m="41515" /><G114/><T25/><D126/><U101/><E14/><V75/><F106/><W53/><G32/><T94/><D112/><U55/><E37/><V84/><F75/><W28/><G28/><T116/><D1/><U23/><E23/><V8/><F49/><W64/><G41/><T119/><D45/><U35/><E35/><V120/><F120/><W68/><G99/><T117/><D63/><N who="1" m="36287" /><E7/><V54/><REACH who="2" step="1"/><F96/><REACH who="2" ten="313,328,124,225" step="2"/><W81/><G81/><T105/><D105/><U22/><E73/><V10/><F10/><AGARI ba="0,1" hai="0,4,10,16,17,53,56,60,61,64,68" m="41515" machi="10" ten="30,2000,0" yaku="14,1,54,1" doraHai="129" who="3" fromWho="2" sc="313,0,328,0,124,-20,225,30" /><INIT seed="3,0,0,4,2,90" ten="313,328,104,255" oya="3" hai0="10,131,56,100,89,40,26,113,82,124,33,76,111" hai1="46,95,43,78,102,49,39,13,116,118,57,28,1" hai2="127,60,105,96,114,36,52,48,121,125,51,54,29" hai3="126,99,98,35,84,19,12,112,94,18,63,115,42"/><W106/><G35/><T107/><D111/><U68/><E1/><V59/><F29/><W15/><G126/><T83/><D124/><U38/><E68/><V119/><F105/><W8/><G42/><T87/><D131/><U71/><E71/><V128/><F96/><W31/><G31/><T20/><D33/><U21/><E78/><V122/><F128/><W23/><G63/><T4/><D113/><U17/><E28/><V79/><F79/><W80/><G106/><T58/><D40/><U47/><E47/><V108/><F108/><W44/><G44/><T130/><D130/><U69/><E69/><V53/><F114/><W93/><G99/><T103/><D107/><U61/><E38/><V73/><F73/><W24/><G24/><T91/><D91/><U50/><E39/><V110/><F110/><W92/><REACH who="3" step="1"/><G98/><REACH who="3" ten="313,328,104,245" step="2"/><T70/><D26/><U27/><E27/><V101/><F119/><N who="1" m="45609" /><E46/><N who="2" m="27671" /><F101/><W123/><G123/><N who="2" m="47113" /><F36/><W81/><G81/><T135/><D83/><U22/><E43/><V16/><F16/><W104/><G104/><T0/><D103/><U14/><E102/><V77/><F77/><AGARI ba="0,1" hai="8,12,15,18,19,23,77,80,84,92,93,94,112,115" machi="77" ten="40,12000,1" yaku="1,1,52,3,53,1" doraHai="90" doraHaiUra="72" who="3" fromWho="2" sc="313,0,328,0,104,-120,245,130" owari="313,-8.7,328,12.8,-16,-51.6,375,47.5" /></mjloggm>