<mjloggm ver="2.3"><GO type="225" lobby="0"/><UN n0="%E5%BA%97%E9%95%B7%4D" n1="%61%6D%65%6B%69" n2="%E5%AD%90%E4%BE%9B%E4%BC%9A%E5%93%A1" n3="%4B%2E%32%2E%4B%2E" dan="16,16,17,16" rate="2076.80,2096.88,2118.46,2136.59" sx="M,M,M,M"/><TAIKYOKU oya="0"/><INIT seed="0,0,0,5,1,96" ten="250,250,250,250" oya="0" hai0="48,49,6,52,94,19,77,68,100,8,125,30,89" hai1="129,1,0,26,72,76,108,99,103,45,2,126,123" hai2="117,17,28,20,34,91,97,66,133,9,44,62,127" hai3="21,10,3,104,5,58,47,22,57,38,128,124,111"/><T107/><D68/><U119/><E119/><V95/><F117/><W15/><G111/><T40/><D125/><U69/><E69/><V16/><F127/><W87/><G124/><T60/><D30/><U105/><E123/><V24/><F133/><W82/><G128/><T106/><D77/><U31/><E126/><V115/><F115/><W23/><G104/><T112/><D112/><U118/><E118/><V39/><F9/><W98/><G98/><T121/><D121/><U29/><E108/><V65/><F34/><W56/><G47/><T18/><D60/><U81/><E129/><V84/><F84/><W41/><G41/><T35/><D35/><U14/><E26/><V90/><F90/><W43/><G43/><T42/><D42/><U67/><E67/><N who="2" m="25611" /><F39/><W93/><G93/><T86/><D100/><U122/><E122/><V59/><F44/><W71/><G38/><T132/><D132/><U85/><E45/><V64/><AGARI ba="0,0" hai="16,17,20,24,28,59,62,64,91,95,97" m="25611" machi="64" ten="30,2000,0" yaku="8,1,54,1" doraHai="96" who="2" fromWho="2" sc="250,-10,250,-5,250,20,250,-5" /><INIT seed="1,0,0,1,0,129" ten="240,245,270,245" oya="1" hai0="0,103,78,50,127,70,35,46,116,51,102,97,130" hai1="25,32,98,83,90,18,47,114,126,72,107,134,94" hai2="109,8,1,36,67,22,6,26,105,117,122,9,81" hai3="99,52,15,38,91,119,124,69,95,34,92,89,93"/><U115/><E126/><V135/><F122/><W49/><G38/><T40/><D35/><U79/><E134/><V128/><F117/><W45/><G34/><T42/><D116/><U71/><E71/><V19/><F135/><W57/><G119/><T17/><D0/><U4/><E4/><V48/><F36/><W76/><G124/><T131/><D70/><U87/><E47/><V111/><F128/><N who="0" m="49194" /><D78/><U58/><E58/><V100/><F67/><W59/><G76/><T62/><D62/><U43/><E43/><N who="0" m="16425" /><D127/><U60/><E60/><V29/><F48/><N who="0" m="18474" /><D46/><U84/><E32/><V104/><F111/><W28/><G69/><T120/><D120/><U110/><E110/><V12/><F109/><W37/><G37/><T5/><D5/><U21/><REACH who="1" step="1"/><E84/><REACH who="1" ten="240,235,270,245" step="2"/><V55/><F6/><W112/><G45/><T31/><D31/><U80/><E80/><V88/><F81/><W77/><G28/><T20/><D97/><U68/><E68/><V132/><F29/><W56/><G99/><T74/><D74/><U123/><E123/><V96/><F132/><W85/><G85/><T65/><D65/><U66/><E66/><V101/><F96/><W39/><G57/><T106/><D106/><U133/><E133/><V64/><F105/><W7/><G59/><T10/><D10/><U73/><E73/><V11/><F64/><W53/><G56/><T30/><D30/><U27/><E27/><AGARI ba="0,1" hai="17,20,27,102,103" m="18474,16425,49194" machi="27" ten="30,1000,0" yaku="19,1" doraHai="129" who="0" fromWho="1" sc="240,20,235,-10,270,0,245,0" /><INIT seed="2,0,0,4,2,56" ten="260,225,270,245" oya="2" hai0="75,30,37,27,55,71,112,47,26,119,49,94,40" hai1="36,128,7,73,24,77,48,31,92,66,113,62,68" hai2="72,53,91,12,4,105,95,80,33,107,108,1,100" hai3="83,115,28,18,134,84,42,34,85,129,101,124,64"/><V63/><F1/><W17/><G124/><T82/><D112/><U15/><E36/><V6/><F33/><W123/><G123/><T35/><D71/><U98/><E113/><V21/><F108/><W29/><G115/><T89/><D119/><U0/><E0/><V87/><F107/><W8/><G129/><T3/><D3/><U132/><E132/><V104/><F104/><W111/><G134/><T79/><D26/><U19/><E128/><V50/><F63/><W45/><G101/><T76/><D76/><U67/><E67/><V133/><F133/><W57/><G34/><T81/><D81/><U14/><E48/><V130/><F130/><W97/><G97/><T118/><D118/><U41/><E41/><V135/><F135/><W120/><G85/><T61/><D61/><U117/><E117/><V121/><F121/><W74/><G74/><T13/><D13/><U70/><E70/><V78/><F21/><W44/><G111/><T38/><D40/><U110/><E19/><N who="3" m="7178" /><G8/><T23/><D35/><U32/><E7/><V52/><F12/><W43/><G43/><T51/><D51/><U69/><E69/><V65/><F65/><W90/><G120/><T20/><D20/><U9/><E9/><V103/><F103/><W93/><G44/><T16/><D30/><N who="3" m="11881" /><G45/><T122/><D122/><U54/><E110/><V109/><F109/><W22/><G22/><T88/><D89/><N who="1" m="55567" /><E54/><N who="2" m="21099" /><F50/><W126/><G42/><T46/><D46/><U10/><E10/><V114/><F114/><W59/><G64/><T11/><D11/><U39/><E39/><V127/><F127/><RYUUKYOKU ba="0,0" sc="260,10,225,10,270,10,245,-30" hai0="16,23,27,37,38,47,49,55,75,79,82,88,94" hai1="14,15,24,31,32,62,66,68,73,77" hai2="4,6,72,78,80,87,91,95,100,105" /><INIT seed="2,1,0,3,3,103" ten="270,235,280,215" oya="2" hai0="87,82,58,61,27,124,16,65,114,83,3,38,75" hai1="5,62,56,119,13,30,76,130,116,36,18,17,100" hai2="133,81,71,108,42,131,15,54,12,79,134,95,40" hai3="59,132,86,39,24,33,11,8,94,64,34,98,99"/><V47/><F131/><W63/><G132/><N who="2" m="50793" /><F71/><W135/><G135/><T78/><D3/><U106/><E130/><V97/><F54/><W14/><G39/><T67/><D38/><U1/><E36/><N who="2" m="21895" /><F42/><W57/><G8/><T31/><D114/><U96/><E76/><V115/><F115/><W92/><G57/><T46/><D46/><U73/><E73/><N who="2" m="43247" /><F108/><W104/><G59/><T101/><D124/><U19/><E13/><V117/><F117/><W45/><G45/><T52/><D101/><AGARI ba="1,0" hai="12,15,95,97,101" m="43247,21895,50793" machi="101" ten="30,1500,0" yaku="20,1" doraHai="103" who="2" fromWho="0" sc="270,-18,235,0,280,18,215,0" /><INIT seed="2,2,0,1,0,61" ten="252,235,298,215" oya="2" hai0="90,71,114,20,43,125,18,100,95,119,14,67,38" hai1="32,131,63,80,7,60,10,31,118,46,33,44,53" hai2="64,70,99,103,6,109,81,16,132,134,9,34,96" hai3="13,23,115,45,104,42,88,49,76,65,87,0,122"/><V40/><F34/><W15/><G122/><T29/><D114/><U51/><E118/><V120/><F120/><W30/><G0/><T75/><D75/><U108/><E108/><V129/><F129/><W52/><G104/><T127/><D119/><U54/><E131/><V24/><F109/><W73/><G115/><T78/><D78/><U101/><E101/><V2/><F40/><W128/><G128/><T27/><D100/><U74/><E74/><V69/><F81/><W21/><G73/><T11/><D43/><U79/><E79/><V126/><F126/><W105/><G76/><T121/><D38/><U50/><E80/><V68/><F64/><W130/><G105/><T83/><D83/><U72/><E72/><V94/><REACH who="2" step="1"/><F99/><REACH who="2" ten="252,235,288,215" step="2"/><W4/><G130/><T48/><D121/><U5/><E33/><V57/><F57/><W102/><G65/><T110/><D110/><U116/><E116/><V91/><F91/><W26/><G42/><T98/><REACH who="0" step="1"/><D48/><REACH who="0" ten="242,235,288,215" step="2"/><U107/><E51/><V82/><F82/><N who="3" m="49271" /><G102/><T59/><D59/><U113/><E50/><V28/><F28/><N who="3" m="17487" /><G4/><T56/><D56/><U77/><E113/><V55/><F55/><W22/><G30/><T111/><D111/><U58/><E31/><V86/><F86/><W106/><G106/><T133/><D133/><U8/><E32/><V92/><F92/><W84/><G84/><T25/><D25/><U39/><E107/><V124/><F124/><W37/><G37/><T17/><D17/><U3/><E39/><V1/><F1/><W35/><G35/><T135/><D135/><U19/><E19/><RYUUKYOKU ba="2,2" sc="242,10,235,-30,288,10,215,10" hai0="11,14,18,20,27,29,67,71,90,95,98,125,127" hai2="2,6,9,16,24,68,69,70,94,96,103,132,134" hai3="13,15,22,23,45,49,52" /><INIT seed="2,3,2,0,0,83" ten="252,205,298,225" oya="2" hai0="63,93,78,99,16,41,64,39,74,79,33,30,118" hai1="60,32,58,54,124,62,10,89,130,27,108,66,67" hai2="2,3,128,80,48,65,8,56,26,129,36,84,119" hai3="95,53,13,70,37,29,109,45,38,105,49,34,77"/><V47/><F36/><W61/><G105/><T133/><D133/><U107/><E107/><V23/><F56/><W132/><G132/><T87/><D74/><U102/><E32/><V111/><F65/><N who="1" m="24585" /><E108/><V35/><F35/><W101/><G70/><T22/><D118/><U52/><E130/><N who="2" m="50283" /><F8/><W69/><G69/><T91/><D33/><U135/><E135/><V103/><F103/><W104/><G61/><N who="1" m="23658" /><E124/><V81/><F81/><W44/><G104/><T98/><D30/><U85/><E102/><V112/><F112/><W120/><G109/><T97/><D41/><U122/><E122/><V42/><F119/><W25/><G120/><T75/><D39/><U15/><E27/><V115/><F115/><W31/><G31/><T96/><N who="0" m="24576" /><DORA hai="117" /><T1/><D1/><U7/><E58/><V90/><F111/><W76/><G101/><T4/><D4/><U17/><E7/><V20/><F20/><W100/><G100/><T114/><D75/><U21/><E21/><V86/><F86/><W94/><G38/><T18/><D114/><U12/><E12/><V123/><F123/><W131/><G131/><T116/><D116/><U134/><E134/><V71/><F71/><W0/><G0/><T28/><D28/><AGARI ba="3,2" hai="2,3,23,26,28,42,47,48,80,84,90" m="50283" machi="28" ten="30,2900,0" yaku="19,1,52,1" doraHai="83,117" who="2" fromWho="0" sc="252,-38,205,0,298,58,225,0" /><INIT seed="2,4,0,4,3,3" ten="214,205,356,225" oya="2" hai0="28,35,111,88,5,114,113,30,109,95,80,10,98" hai1="81,115,77,71,8,103,54,11,91,90,75,128,129" hai2="58,106,34,51,13,27,42,87,65,125,108,33,79" hai3="135,107,122,43,46,120,123,102,45,56,21,121,119"/><V68/><F68/><W100/><G119/><T97/><D80/><U1/><E115/><N who="0" m="44041" /><D97/><U126/><E126/><V15/><F106/><W37/><G135/><T63/><D35/><U23/><E71/><V76/><F108/><N who="0" m="41546" /><D63/><U2/><E103/><V39/><F34/><W12/><G107/><T118/><D118/><U74/><E23/><V84/><F33/><W110/><G110/><T26/><D26/><U93/><E81/><V50/><F27/><W29/><G123/><T6/><D6/><U101/><E101/><V18/><F18/><W57/><G102/><T53/><D53/><U131/><E54/><V112/><F112/><W16/><G100/><T9/><D9/><N who="1" m="3659" /><E93/><V20/><F125/><W83/><G83/><T92/><D92/><U36/><E77/><V40/><F79/><W7/><G7/><T64/><D64/><U38/><E2/><AGARI ba="4,0" hai="2,5,10,28,30,88,95,98" m="41546,44041" machi="2" ten="30,3900,0" yaku="14,1,52,1,54,1" doraHai="3" who="0" fromWho="1" sc="214,51,205,-51,356,0,225,0" /><INIT seed="3,0,0,1,5,88" ten="265,154,356,225" oya="3" hai0="33,132,95,125,44,15,91,1,31,42,4,101,106" hai1="71,117,27,30,11,39,45,70,102,35,21,13,76" hai2="82,124,47,5,133,65,75,59,41,61,34,114,50" hai3="85,2,20,86,26,40,72,3,60,73,80,54,128"/><W8/><G128/><T77/><D1/><U84/><E117/><V135/><F114/><W0/><G40/><T29/><D125/><U58/><E39/><V6/><F34/><W18/><G86/><T118/><D118/><U112/><E112/><V97/><F124/><W107/><G107/><T81/><D132/><N who="2" m="50762" /><F97/><W108/><G108/><T22/><D33/><U93/><E58/><V113/><F113/><W7/><G54/><T12/><D101/><U32/><E45/><V56/><F56/><W55/><G55/><T83/><D106/><U123/><E123/><V51/><F51/><W99/><G99/><T105/><D105/><U78/><E35/><V36/><F36/><W67/><G73/><T28/><D22/><U111/><E111/><V96/><F96/><W37/><G72/><T110/><D110/><U90/><E102/><V103/><F103/><W79/><REACH who="3" step="1"/><G37/><REACH who="3" ten="265,154,356,215" step="2"/><T24/><D42/><U121/><E121/><V10/><F75/><W23/><G23/><T100/><D44/><U131/><E32/><V66/><F66/><W116/><G116/><T120/><D120/><U127/><E127/><V115/><F115/><W74/><G74/><T122/><D122/><U19/><REACH who="1" step="1"/><E131/><REACH who="1" ten="265,144,356,215" step="2"/><V38/><F38/><W126/><G126/><T92/><D100/><U25/><E25/><V17/><F41/><W87/><G87/><T68/><D24/><U46/><E46/><V43/><F43/><W89/><G89/><T63/><D91/><U98/><E98/><V48/><F65/><W134/><G134/><T119/><D119/><U130/><E130/><V9/><F59/><AGARI ba="0,2" hai="0,2,3,7,8,18,20,26,59,60,67,79,80,85" machi="59" ten="30,11600,0" yaku="1,1,6,1,7,1,53,1" doraHai="88" doraHaiUra="14" who="3" fromWho="2" sc="265,0,144,0,356,-116,215,136" owari="265,6.5,144,-35.6,240,-16.0,351,45.1" /></mjloggm>