<mjloggm ver="2.3"><GO type="225" lobby="0"/><UN n0="%E7%AD%89%E3%80%85%E5%8A%9B%E5%8A%87%E5%A0%B4" n1="%E6%97%A5%E6%9B%9C%E6%97%A5%E3%82%88%E3%82%8A%E3%81%AE%E4%BD%BF%E8%80%85" n2="%E5%A4%96%E5%B7%9D%E7%AB%9C%E6%88%90" n3="%4C%4F%4C%49%54%41" dan="16,18,16,16" rate="2173.19,2180.73,2212.43,2188.86" sx="M,M,M,F"/><TAIKYOKU oya="0"/><INIT seed="0,0,0,2,0,113" ten="250,250,250,250" oya="0" hai0="134,15,4,21,83,112,108,16,91,90,74,50,52" hai1="53,65,43,126,88,47,116,86,106,54,131,69,101" hai2="102,45,12,120,56,97,31,76,81,62,133,114,100" hai3="7,68,20,119,89,40,33,63,58,22,130,98,80"/><T107/><D112/><U82/><E126/><V103/><F120/><W110/><G33/><T41/><D107/><U92/><E106/><V46/><F133/><W6/><G68/><T135/><D41/><U127/><E127/><V122/><F122/><W132/><G110/><T11/><D108/><U78/><E101/><V51/><F114/><W67/><G130/><T111/><D111/><U129/><E116/><V73/><F31/><W75/><G119/><T8/><D8/><U24/><E24/><V57/><F97/><W70/><G70/><T5/><D5/><U118/><E118/><V14/><F56/><W109/><G75/><T32/><D32/><U115/><E115/><V64/><REACH who="2" step="1"/><F46/><REACH who="2" ten="250,250,240,250" step="2"/><W60/><G132/><T71/><D71/><U0/><E131/><V85/><F85/><W19/><G58/><T104/><D135/><U72/><E129/><V17/><F17/><W9/><G19/><T37/><D134/><U13/><E69/><V93/><F93/><W38/><G98/><T77/><D104/><U99/><E99/><V28/><F28/><W79/><G109/><T117/><D117/><U29/><E29/><V128/><F128/><W25/><G6/><T124/><D124/><U2/><E92/><V1/><F1/><W48/><G7/><T61/><D4/><U123/><E123/><V125/><F125/><W121/><G121/><T35/><D16/><U27/><E0/><V10/><F10/><W94/><G9/><T18/><D11/><U36/><E2/><V87/><F87/><W44/><G94/><T26/><D18/><U105/><E105/><RYUUKYOKU ba="0,1" sc="250,-10,250,-10,240,30,250,-10" hai2="12,14,45,51,57,62,64,73,76,81,100,102,103" /><INIT seed="1,1,1,0,2,48" ten="240,240,270,240" oya="1" hai0="46,75,21,1,2,101,33,82,96,121,128,86,65" hai1="34,11,110,122,68,3,87,116,26,38,43,19,37" hai2="42,70,97,35,78,52,79,13,71,49,123,16,83" hai3="64,117,53,55,40,109,133,85,44,56,102,57,100"/><U72/><E72/><V98/><F35/><W41/><G109/><T29/><D33/><U45/><E116/><V131/><F123/><W54/><G117/><T114/><D75/><U10/><E122/><V5/><F131/><W30/><G133/><T89/><D114/><U107/><E107/><V108/><F108/><W73/><G73/><T17/><D29/><U76/><E68/><V119/><F119/><W115/><G115/><T36/><D121/><U95/><E38/><V61/><F5/><W22/><G85/><T9/><D128/><U8/><E110/><V120/><F120/><W92/><G92/><T39/><D65/><U51/><E37/><V58/><F71/><W7/><G7/><T88/><D89/><U50/><E50/><V74/><F79/><W25/><G41/><T18/><D39/><U118/><E118/><V47/><F70/><W112/><G112/><T60/><D36/><U6/><E95/><V20/><AGARI ba="1,1" hai="13,16,20,42,47,49,52,58,61,74,78,83,97,98" machi="20" ten="20,8000,1" yaku="0,1,7,1,52,1,54,2" doraHai="48" who="2" fromWho="2" sc="240,-21,240,-41,270,93,240,-21" /><INIT seed="2,0,0,3,2,31" ten="219,199,363,219" oya="2" hai0="91,117,115,34,33,70,95,124,2,7,111,55,11" hai1="129,86,39,116,66,99,52,41,132,35,94,46,1" hai2="101,97,3,128,5,54,53,44,87,51,105,12,10" hai3="58,73,82,85,80,110,122,106,123,120,104,9,14"/><V112/><F112/><W43/><G110/><T109/><D115/><U18/><E116/><V69/><F69/><W114/><G114/><T48/><D70/><U93/><E1/><V108/><F108/><N who="0" m="41546" /><D124/><U67/><E129/><V57/><F128/><W131/><G131/><T23/><D23/><U134/><E35/><V127/><F127/><W107/><G43/><T59/><D117/><U72/><E72/><V29/><F29/><W17/><G73/><T30/><D30/><U133/><E18/><V27/><F27/><W32/><G32/><T135/><D135/><U121/><E121/><V56/><F87/><AGARI ba="0,0" hai="2,7,11,33,34,48,55,59,87,91,95" m="41546" machi="87" ten="30,3900,0" yaku="14,1,52,2" doraHai="31" who="0" fromWho="2" sc="219,39,199,0,363,-39,219,0" /><INIT seed="3,0,0,4,4,73" ten="258,199,324,219" oya="3" hai0="90,32,129,125,26,15,48,36,115,28,37,82,75" hai1="21,84,42,50,135,76,83,94,81,6,113,8,53" hai2="58,4,34,54,72,97,60,101,12,38,107,108,41" hai3="88,39,63,104,27,10,33,74,87,7,127,124,93"/><W132/><G39/><T67/><D129/><U9/><E113/><V29/><F72/><W49/><G104/><T66/><D125/><N who="3" m="48201" /><G132/><T11/><D115/><U59/><E135/><V69/><F69/><W92/><G74/><T45/><D37/><U56/><E42/><V25/><F108/><W100/><G49/><T126/><D36/><U24/><E94/><V134/><F134/><W106/><G63/><T71/><D71/><U0/><E9/><V2/><F2/><W98/><G27/><T128/><D128/><U89/><E59/><V40/><F38/><W52/><G33/><T119/><D119/><U1/><E1/><V111/><F111/><W43/><G43/><T95/><D126/><U5/><E5/><V105/><F105/><W51/><G106/><T91/><D48/><U79/><REACH who="1" step="1"/><E83/><REACH who="1" ten="258,189,324,219" step="2"/><V131/><F131/><W70/><G70/><T31/><D82/><U68/><E68/><V64/><F41/><W13/><G51/><T85/><D95/><U57/><E57/><V110/><F40/><W16/><G7/><T86/><D45/><U20/><E20/><V18/><F110/><W65/><G65/><T17/><D66/><U80/><E80/><V19/><F64/><W78/><G52/><T133/><D67/><U130/><E130/><V44/><F44/><W62/><G62/><T46/><D46/><U120/><E120/><V14/><F4/><W30/><G30/><AGARI ba="0,1" hai="0,6,8,21,24,30,50,53,56,76,79,81,84,89" machi="30" ten="30,7700,0" yaku="1,1,7,1,52,2,53,0" doraHai="73" doraHaiUra="121" who="1" fromWho="3" sc="258,0,189,87,324,0,219,-77" owari="258,-14.2,276,7.6,324,42.4,142,-35.8" /></mjloggm>