<mjloggm ver="2.3"><GO type="225" lobby="0"/><UN n0="%E5%8D%A0%E3%81%84%E5%B8%AB%E8%A3%8F%E3%81%AA%E3%81%84%E3%81%97" n1="%77%72%77%72%77%72%77%72" n2="%E4%BF%BA%E3%81%A8%E5%A6%96%E5%A4%A2" n3="%E6%81%A5%E6%99%92%E3%81%97" dan="17,17,17,16" rate="2162.07,2225.83,2221.77,2127.51" sx="M,M,F,M"/><TAIKYOKU oya="0"/><INIT seed="0,0,0,2,4,91" ten="250,250,250,250" oya="0" hai0="56,55,21,132,7,106,99,71,27,88,78,34,76" hai1="120,41,14,70,20,19,84,86,62,15,82,128,100" hai2="126,73,64,50,105,95,58,114,12,67,116,39,102" hai3="101,127,60,53,52,51,37,26,98,1,103,54,97"/><T104/><D71/><U8/><E120/><V124/><F114/><W130/><G37/><T110/><D34/><U48/><E128/><V108/><F105/><W49/><G1/><T42/><D132/><U77/><E100/><N who="3" m="38474" /><G130/><T40/><D7/><U134/><E134/><V63/><F39/><W117/><G117/><T30/><D106/><U43/><E86/><V92/><F73/><W72/><G72/><T107/><D104/><U119/><E119/><V121/><F121/><W59/><G26/><T9/><D9/><U118/><E118/><V16/><F116/><W83/><G83/><T65/><D65/><U125/><E125/><N who="2" m="48235" /><F102/><W18/><G18/><N who="0" m="12727" /><D110/><U80/><E80/><V61/><F50/><N who="3" m="18955" /><G127/><T22/><D22/><U24/><E62/><V74/><F74/><W2/><G2/><T0/><D30/><N who="1" m="17671" /><E70/><N who="2" m="42255" /><F108/><W66/><AGARI ba="0,0" hai="52,53,54,59,60,66,97,98" m="18955,38474" machi="66" ten="30,2000,0" yaku="8,1,54,1" doraHai="91" who="3" fromWho="3" sc="250,-10,250,-5,250,-5,250,20" /><INIT seed="1,0,0,1,1,34" ten="240,245,245,270" oya="1" hai0="95,13,50,117,26,23,33,40,122,89,128,39,119" hai1="28,24,73,31,49,30,127,113,57,86,129,126,19" hai2="65,115,99,53,105,18,5,7,67,72,46,80,110" hai3="59,91,106,47,90,45,44,42,27,61,79,68,37"/><U54/><E73/><V92/><F110/><W14/><G106/><T63/><D39/><U125/><E113/><V107/><F115/><W134/><G134/><T74/><D74/><U82/><E129/><V25/><F105/><W51/><G79/><T120/><D128/><U3/><E3/><V43/><F107/><W20/><G68/><T0/><D33/><U121/><E121/><N who="0" m="46697" /><D13/><U52/><E54/><V1/><F53/><W78/><G78/><T60/><D40/><U48/><E48/><V112/><F112/><W69/><G14/><T87/><D50/><U12/><E24/><V116/><F18/><W36/><G36/><T70/><D70/><U124/><N who="1" m="31744" /><DORA hai="38" /><U2/><E2/><V94/><F25/><W41/><G69/><T104/><D104/><U22/><REACH who="1" step="1"/><E28/><REACH who="1" ten="240,235,245,270" step="2"/><V108/><F1/><W71/><G45/><T131/><D0/><U114/><E114/><V81/><F46/><W62/><G44/><T32/><D131/><U10/><E10/><V55/><F72/><W109/><G47/><T21/><D119/><U16/><E16/><V102/><F116/><W58/><G37/><T101/><D117/><U100/><E100/><V103/><F103/><W88/><G51/><T4/><D101/><U132/><E132/><V130/><F130/><W17/><G109/><T133/><D133/><U83/><E83/><V56/><F108/><W118/><G118/><T6/><D6/><U76/><AGARI ba="0,1" hai="12,19,22,30,31,49,52,57,76,82,86" m="31744" machi="76" ten="60,12000,1" yaku="1,1,0,1,18,1,54,1,53,1" doraHai="34,38" doraHaiUra="8,98" who="1" fromWho="1" sc="240,-40,235,130,245,-40,270,-40" /><INIT seed="1,1,0,3,2,105" ten="200,365,205,230" oya="1" hai0="128,127,130,17,3,119,2,49,52,59,93,36,46" hai1="112,101,123,64,81,132,16,124,0,6,33,9,90" hai2="27,26,24,7,84,8,11,47,4,22,125,114,13" hai3="41,45,78,113,126,30,50,31,65,69,80,53,82"/><U39/><E112/><V103/><F125/><W77/><G126/><T42/><D119/><U14/><E123/><V104/><F114/><W117/><G113/><T79/><D127/><U18/><E124/><V20/><F103/><W89/><G89/><T44/><D93/><U67/><E39/><V54/><F104/><W58/><G117/><T109/><D109/><U56/><E132/><V1/><F54/><W66/><G66/><T25/><D79/><U62/><E33/><V21/><F84/><W5/><G5/><T102/><D102/><U116/><E116/><V100/><F47/><W97/><G97/><T10/><D44/><U120/><E120/><V133/><F100/><W60/><G80/><T108/><D108/><U19/><E101/><V115/><F115/><W61/><REACH who="3" step="1"/><G78/><REACH who="3" ten="200,365,205,220" step="2"/><T72/><D2/><U51/><E0/><N who="2" m="7" /><F133/><W12/><G12/><AGARI ba="1,1" hai="1,7,11,12,13,20,21,22,24,26,27" m="7" machi="12" ten="30,8000,1" yaku="35,5" doraHai="105" who="2" fromWho="3" sc="200,0,365,0,205,93,220,-83" /><INIT seed="2,0,0,5,4,129" ten="200,365,298,137" oya="2" hai0="33,35,41,27,85,29,22,30,36,2,79,8,121" hai1="108,99,125,104,133,82,75,38,65,96,10,101,42" hai2="40,106,11,4,34,68,98,118,57,72,117,112,37" hai3="61,130,45,128,102,70,88,52,84,124,71,93,123"/><V77/><F112/><W32/><G32/><T46/><D121/><U60/><E108/><V110/><F57/><N who="3" m="34983" /><G123/><T100/><D100/><U64/><E125/><V14/><F68/><N who="3" m="26155" /><G102/><T97/><D97/><U54/><E133/><V47/><F34/><W24/><G24/><N who="0" m="18599" /><D85/><U25/><E42/><V21/><F110/><W0/><G0/><T73/><D22/><U1/><E38/><V107/><F21/><W48/><G93/><T91/><D91/><U119/><E119/><V59/><F98/><W23/><G23/><T58/><D58/><U111/><E111/><V13/><F59/><W56/><G88/><T26/><D26/><U44/><E25/><V109/><F109/><W51/><G84/><T89/><D89/><U16/><E96/><V122/><F122/><W18/><G18/><T31/><D31/><U3/><E3/><N who="2" m="415" /><F107/><W69/><N who="3" m="26163" /><W134/><DORA hai="15" /><G124/><T17/><D17/><U7/><E16/><V103/><F103/><W87/><G87/><T120/><D120/><U78/><BYE who="0" /><E99/><UN n0="%E5%8D%A0%E3%81%84%E5%B8%AB%E8%A3%8F%E3%81%AA%E3%81%84%E3%81%97" /><V6/><F106/><W115/><G115/><T131/><D131/><N who="3" m="50217" /><G134/><T135/><D135/><U20/><E101/><V55/><F13/><W105/><G105/><T39/><D8/><U80/><E104/><V19/><F6/><W90/><G90/><T132/><D132/><U63/><E20/><V67/><F14/><W53/><G45/><T86/><D2/><U28/><E28/><V116/><F117/><W43/><G43/><T66/><D86/><U95/><E95/><V74/><F118/><W62/><AGARI ba="0,0" hai="48,51,53,56,62" m="50217,26163,34983" machi="62" ten="50,8000,1" yaku="19,1,34,2,54,1" doraHai="129,15" who="3" fromWho="3" sc="200,-20,365,-20,298,-40,137,80" /><INIT seed="3,0,0,5,1,19" ten="180,345,258,217" oya="3" hai0="59,74,14,17,114,92,64,50,11,94,118,71,111" hai1="98,105,43,88,42,78,40,65,134,7,73,120,21" hai2="32,97,16,75,2,22,81,4,38,91,20,68,72" hai3="132,58,45,23,110,29,28,53,31,100,95,115,30"/><W104/><G115/><T133/><D118/><U112/><E120/><V109/><F32/><W51/><G132/><T84/><D74/><U34/><E34/><V49/><F38/><W130/><G130/><T116/><D116/><U125/><E112/><V86/><F68/><W48/><G110/><T131/><D131/><U54/><E125/><V39/><F39/><W18/><G104/><T117/><D117/><U128/><E65/><V55/><F109/><W35/><G35/><T6/><D133/><U82/><E7/><V1/><F22/><W69/><G69/><T124/><D124/><U62/><E128/><V121/><F121/><W101/><G95/><T93/><D114/><U66/><E54/><V85/><F97/><W122/><G31/><T96/><D111/><U33/><E33/><V80/><F1/><W102/><G122/><T3/><D71/><U99/><E105/><V24/><F4/><W60/><REACH who="3" step="1"/><G45/><REACH who="3" ten="180,345,258,207" step="2"/><T15/><D96/><U25/><E99/><V37/><F2/><W129/><G129/><T52/><D64/><U103/><E134/><V0/><F0/><W41/><G41/><T90/><D3/><U108/><E108/><V57/><F37/><W107/><G107/><T36/><D36/><U87/><E43/><V70/><F70/><W61/><G61/><T127/><D127/><U119/><E119/><V12/><F24/><AGARI ba="0,1" hai="18,23,24,28,29,30,48,51,53,58,60,100,101,102" machi="24" ten="40,18000,2" yaku="1,1,8,1,52,1,53,3" doraHai="19" doraHaiUra="27" who="3" fromWho="2" sc="180,0,345,0,258,-180,207,190" owari="180,-22.0,345,14.5,78,-42.2,397,49.7" /></mjloggm>