<mjloggm ver="2.3"><GO type="225" lobby="0"/><UN n0="%E3%81%B5%E3%81%98%E3%81%8B%E3%81%A4" n1="%E7%B5%82%E6%9C%AB%E3%81%AE%E6%95%91%E3%81%84" n2="%E9%B3%B3%E6%9D%B1%E3%81%AE%E3%81%86%E3%81%95%E3%81%8E%E3%81%95%E3%82%93" n3="%E3%81%A0%E3%81%8A" dan="16,16,17,16" rate="2078.20,2088.43,2237.57,2022.47" sx="M,F,M,M"/><TAIKYOKU oya="0"/><INIT seed="0,0,0,2,2,58" ten="250,250,250,250" oya="0" hai0="90,96,94,112,99,135,21,35,64,87,7,30,97" hai1="127,104,89,19,28,81,36,39,62,34,88,3,116" hai2="82,59,103,85,40,12,48,0,71,101,105,15,44" hai3="66,80,54,119,42,113,125,133,22,9,67,76,52"/><T83/><D112/><U70/><E116/><V5/><F71/><W129/><G119/><T69/><D135/><U57/><E3/><V128/><F128/><W11/><G42/><T106/><D7/><U26/><E127/><V16/><F0/><W43/><G43/><T51/><D51/><U29/><E104/><V79/><F105/><W74/><G22/><T45/><D45/><U20/><E70/><V23/><F59/><W32/><G32/><T118/><D118/><U123/><E123/><V55/><F55/><W46/><G54/><T84/><D35/><U63/><E36/><V8/><AGARI ba="0,0" hai="5,8,12,15,16,23,40,44,48,79,82,85,101,103" machi="8" ten="30,8000,1" yaku="0,1,25,2,8,1,54,1" doraHai="58" who="2" fromWho="2" sc="250,-40,250,-20,250,80,250,-20" /><INIT seed="1,0,0,5,0,101" ten="210,230,330,230" oya="1" hai0="90,47,41,31,51,114,129,8,15,36,48,13,117" hai1="9,107,122,120,12,72,0,73,119,24,106,14,38" hai2="16,108,118,131,29,10,130,103,27,132,81,4,57" hai3="87,45,11,135,134,125,44,126,71,17,43,112,34"/><U55/><E24/><V96/><F118/><W80/><G71/><T59/><D117/><U99/><E119/><V109/><F57/><W94/><G34/><T95/><D114/><U82/><E99/><V2/><F81/><W25/><G94/><T84/><D129/><N who="2" m="49162" /><F16/><W92/><G92/><T133/><D133/><U68/><E55/><V76/><F76/><W26/><G134/><T19/><D31/><U124/><E68/><V85/><F85/><W74/><G135/><T98/><D59/><U100/><E100/><V105/><F132/><W128/><G128/><T111/><D111/><U58/><E58/><V93/><F93/><W52/><G125/><T83/><REACH who="0" step="1"/><D15/><REACH who="0" ten="200,230,330,230" step="2"/><U89/><E12/><V121/><F121/><W123/><G123/><T110/><D110/><U75/><E120/><V54/><F54/><W104/><G52/><T49/><D49/><U21/><E122/><V66/><F66/><W1/><G112/><T30/><D30/><U113/><E113/><V32/><AGARI ba="0,1" hai="2,4,10,27,29,32,96,103,105,108,109" m="49162" machi="32" ten="30,4000,0" yaku="19,1,23,1,52,1" doraHai="101" who="2" fromWho="2" sc="200,-10,230,-20,330,50,230,-10" /><INIT seed="2,0,0,2,0,32" ten="190,210,380,220" oya="2" hai0="50,79,62,5,31,103,11,131,99,69,59,77,130" hai1="112,61,23,110,121,116,92,70,34,71,27,97,20" hai2="51,132,41,95,26,1,129,57,43,64,67,98,117" hai3="29,2,101,76,17,118,85,72,3,6,75,56,88"/><V38/><F117/><W19/><G101/><T78/><D69/><U54/><E112/><V105/><F105/><W49/><G29/><T37/><D37/><U30/><E116/><V40/><F38/><W18/><G118/><T134/><D134/><U100/><E110/><V74/><F74/><W16/><N who="3" m="4096" /><DORA hai="45" /><W63/><G49/><T52/><D31/><U119/><E121/><V114/><F114/><W135/><G135/><T111/><D111/><U14/><E14/><V42/><F1/><W122/><G122/><T0/><REACH who="0" step="1"/><D62/><REACH who="0" ten="180,210,380,220" step="2"/><U94/><E119/><V8/><F132/><W10/><G3/><T12/><D12/><U124/><E70/><V15/><F15/><W120/><G120/><T84/><D84/><U86/><E71/><V81/><F26/><W106/><G2/><T83/><D83/><U126/><E86/><V102/><F81/><W28/><G85/><T24/><D24/><U60/><E27/><V91/><F129/><W39/><G28/><T47/><D47/><U93/><E30/><V80/><F80/><W53/><G39/><T109/><D109/><U113/><E113/><V123/><F123/><W90/><G72/><T82/><D82/><U115/><E115/><V125/><F57/><W9/><G75/><T108/><D108/><U65/><E34/><V133/><F133/><W46/><G46/><T33/><D33/><U68/><E20/><V89/><F125/><N who="1" m="48233" /><E23/><V104/><F8/><W44/><G9/><T87/><D87/><U7/><E7/><V21/><N who="2" m="10240" /><DORA hai="66" /><V107/><F21/><W73/><G6/><T22/><D22/><RYUUKYOKU ba="0,1" sc="180,15,210,15,380,-15,220,-15" hai0="0,5,11,50,52,59,77,78,79,99,103,130,131" hai1="54,60,61,65,68,92,93,94,97,100" /><INIT seed="3,1,1,4,1,29" ten="195,225,365,205" oya="3" hai0="68,76,45,14,37,98,51,91,120,50,10,43,59" hai1="121,77,73,132,38,126,135,79,0,111,128,85,117" hai2="53,74,27,131,25,3,75,101,72,78,8,88,58" hai3="80,125,134,113,84,65,4,22,9,30,32,35,12"/><W108/><G113/><T95/><D120/><U124/><RYUUKYOKU type="yao9" ba="1,1" sc="195,0,225,0,365,0,205,0" hai1="0,38,73,77,79,85,111,117,121,124,126,128,132,135" /><INIT seed="3,2,1,5,1,124" ten="195,225,365,205" oya="3" hai0="42,24,132,122,119,44,34,109,26,82,2,70,75" hai1="98,71,78,61,115,123,38,64,129,57,135,91,96" hai2="76,14,4,113,120,52,104,95,118,55,33,51,90" hai3="72,54,29,36,81,32,56,93,3,126,15,83,79"/><W23/><G3/><T21/><D122/><U125/><E123/><V19/><F120/><W41/><G126/><T105/><D119/><U130/><E125/><V84/><F118/><W87/><G32/><T6/><D105/><U53/><E115/><V59/><F113/><W88/><G41/><T31/><D70/><U60/><E135/><V114/><F114/><W128/><G128/><N who="1" m="49258" /><E38/><V89/><F33/><W80/><G36/><N who="0" m="21575" /><D109/><U1/><E1/><V116/><F104/><W47/><G47/><T7/><D132/><U28/><E78/><V35/><F35/><W86/><G72/><T62/><D34/><U77/><E77/><V49/><F4/><W27/><G15/><T16/><D7/><U92/><E28/><V69/><F76/><W106/><REACH who="3" step="1"/><G106/><REACH who="3" ten="195,225,365,195" step="2"/><T73/><D2/><U12/><E12/><V67/><F14/><W11/><G11/><T25/><D75/><U85/><AGARI ba="2,2" hai="53,57,60,61,64,71,85,91,92,96,98" m="49258" machi="85" ten="30,7900,0" yaku="19,1,52,3" doraHai="124" who="1" fromWho="1" sc="195,-22,225,105,365,-22,195,-41" owari="173,-22.7,330,13.0,343,44.3,154,-34.6" /></mjloggm>