<mjloggm ver="2.3"><GO type="225" lobby="0"/><UN n0="%E3%81%86%E3%82%8C%E3%81%9F%E3%82%93%E6%9E%95" n1="%6D%75%75%6D%75%72%61" n2="%E9%95%B7%E5%B3%B6%E3%83%B3%E3%82%AC%E3%83%B3" n3="%72%69%6F%75%63%68%61%6E" dan="16,16,17,16" rate="2176.61,2121.28,2137.12,2186.71" sx="F,F,M,M"/><TAIKYOKU oya="0"/><INIT seed="0,0,0,4,4,7" ten="250,250,250,250" oya="0" hai0="57,81,16,42,104,36,48,68,54,25,17,91,93" hai1="95,128,133,0,56,94,116,77,113,121,97,69,100" hai2="23,3,82,105,10,96,24,12,37,50,72,114,102" hai3="87,29,66,59,119,30,5,19,111,129,60,122,75"/><T78/><D104/><U117/><E69/><V112/><F37/><W110/><G119/><N who="1" m="45642" /><E0/><V63/><F3/><W58/><G129/><T45/><D68/><U101/><E56/><V38/><F38/><W103/><G122/><T83/><D25/><U53/><E53/><V124/><F124/><W115/><G115/><T28/><D28/><U51/><E51/><V32/><F32/><W43/><G75/><T39/><D39/><U90/><E121/><V134/><F134/><W11/><G103/><T70/><D70/><U46/><E46/><V21/><F63/><W79/><G43/><T120/><D120/><U26/><E26/><V13/><F13/><N who="3" m="5359" /><G58/><T15/><D78/><U52/><E52/><V98/><F112/><W18/><G111/><T99/><REACH who="0" step="1"/><D17/><REACH who="0" ten="240,250,250,250" step="2"/><N who="3" m="6153" /><G110/><T44/><D44/><U20/><E113/><V33/><F114/><W8/><G8/><AGARI ba="0,1" hai="8,15,16,36,42,45,48,54,57,81,83,91,93,99" machi="8" ten="30,11600,0" yaku="1,1,7,1,52,1,54,1,53,0" doraHai="7" doraHaiUra="73" who="0" fromWho="3" sc="240,126,250,0,250,0,250,-116" /><INIT seed="0,1,0,4,0,79" ten="366,250,250,134" oya="0" hai0="92,103,70,110,133,104,18,109,35,62,22,54,0" hai1="58,106,1,6,14,102,100,67,90,114,101,84,31" hai2="13,96,126,77,12,122,83,64,9,48,29,117,34" hai3="94,46,50,124,28,113,20,134,135,128,115,3,99"/><T91/><D0/><U57/><E1/><V127/><F122/><W17/><G3/><T15/><D35/><U98/><E114/><V23/><F34/><W51/><G28/><T5/><D133/><N who="3" m="50697" /><G124/><T38/><D38/><U42/><E42/><V7/><F117/><W75/><G75/><T80/><D104/><U45/><E45/><V33/><F33/><W47/><G128/><T37/><D37/><U63/><E31/><V74/><F29/><W66/><G66/><T26/><D103/><U123/><E123/><V85/><F64/><W27/><G46/><T52/><D80/><U108/><E57/><V21/><F74/><W4/><G4/><T61/><D5/><U8/><REACH who="1" step="1"/><E108/><REACH who="1" ten="366,240,250,134" step="2"/><V30/><F30/><W25/><G25/><N who="0" m="14551" /><D110/><U107/><E107/><V39/><F126/><W95/><G47/><T76/><D109/><U24/><E24/><V82/><F127/><W89/><G94/><AGARI ba="1,1" hai="6,8,14,58,63,67,84,90,94,98,100,101,102,106" machi="94" ten="30,2000,0" yaku="1,1,7,1,53,0" doraHai="79" doraHaiUra="68" who="1" fromWho="3" sc="366,0,240,33,250,0,134,-23" /><INIT seed="1,0,0,1,4,1" ten="366,273,250,111" oya="1" hai0="34,26,18,115,113,17,110,107,70,8,12,28,56" hai1="63,6,85,53,64,103,55,9,125,122,89,108,116" hai2="130,27,114,88,79,81,118,35,104,30,97,84,127" hai3="3,93,135,102,33,14,62,99,22,120,90,126,48"/><U13/><E116/><V60/><F118/><W106/><G120/><T77/><D107/><U42/><E122/><V24/><F130/><W111/><G111/><T66/><D70/><U2/><E125/><V129/><F129/><W11/><G135/><T47/><D77/><U20/><E108/><V25/><F127/><W51/><G126/><T31/><D110/><U67/><E103/><V16/><F114/><W46/><G33/><T65/><D47/><U54/><E42/><V71/><F16/><W68/><G3/><T39/><D39/><U57/><E2/><V82/><F104/><W119/><G119/><T59/><D31/><U74/><E74/><V15/><F15/><W128/><G128/><T101/><D101/><U76/><E76/><V121/><F121/><W69/><G22/><T32/><D32/><U131/><E131/><V58/><F71/><W61/><G69/><T43/><D43/><U73/><E73/><V38/><F38/><W44/><G48/><T19/><D66/><N who="1" m="39279" /><E20/><V95/><REACH who="2" step="1"/><F82/><AGARI ba="0,0" hai="6,9,13,53,54,55,64,67,82,85,89" m="39279" machi="82" ten="30,2900,0" yaku="8,1,52,1" doraHai="1" who="1" fromWho="2" sc="366,0,273,29,250,-29,111,0" /><INIT seed="1,1,0,4,0,30" ten="366,302,221,111" oya="1" hai0="80,109,91,95,37,79,71,73,1,47,33,93,0" hai1="104,46,43,69,67,65,34,18,106,10,50,45,60" hai2="124,84,123,78,11,129,118,114,97,4,86,83,75" hai3="61,99,92,103,23,8,20,74,3,88,66,134,63"/><U31/><E67/><V128/><F118/><W12/><G134/><T14/><D71/><U53/><E18/><V127/><F123/><W94/><G74/><T27/><D109/><U85/><E10/><V108/><F108/><W121/><G3/><T116/><D116/><U96/><E85/><N who="2" m="32875" /><F114/><W98/><G121/><T135/><D135/><U41/><E96/><V49/><F49/><W21/><REACH who="3" step="1"/><G66/><REACH who="3" ten="366,302,221,101" step="2"/><T119/><D0/><U72/><E72/><V2/><F97/><W105/><G105/><T9/><D1/><U111/><E111/><V16/><F127/><W42/><G42/><T38/><D119/><U48/><E53/><V126/><F124/><W52/><G52/><T89/><D73/><U24/><AGARI ba="1,1" hai="24,31,34,41,43,45,46,48,50,60,65,69,104,106" machi="24" ten="30,6000,0" yaku="0,1,9,1,52,1" doraHai="30" who="1" fromWho="1" sc="366,-21,302,73,221,-21,101,-21" /><INIT seed="1,2,0,5,1,42" ten="345,375,200,80" oya="1" hai0="94,3,52,91,75,48,7,77,37,5,106,81,86" hai1="132,129,105,113,125,87,90,55,99,36,68,110,70" hai2="66,126,95,117,93,58,97,54,120,10,88,19,61" hai3="59,9,4,38,62,43,1,72,102,39,40,103,76"/><U14/><E113/><V65/><F117/><W71/><G71/><T118/><D118/><U53/><E36/><V100/><F126/><W131/><G131/><T109/><D109/><U101/><E125/><V33/><F33/><W12/><G12/><T82/><D106/><U49/><E129/><V79/><F79/><W6/><G6/><T123/><D123/><U63/><E132/><V133/><F133/><W51/><G51/><T69/><D69/><U115/><E115/><V22/><F10/><W21/><G21/><T32/><D32/><U127/><E127/><V50/><F120/><W92/><G43/><T74/><D37/><U24/><E24/><N who="2" m="14431" /><F50/><W130/><G130/><T60/><D60/><U78/><E78/><V111/><F111/><W108/><G108/><T47/><D3/><U29/><E29/><V18/><F18/><W121/><G121/><T56/><D75/><U67/><E14/><V114/><F114/><W16/><G16/><T135/><D74/><U20/><E20/><V11/><F11/><W28/><G28/><T34/><D77/><U26/><E26/><V46/><F46/><N who="3" m="23831" /><G39/><T134/><D135/><U45/><E110/><V44/><F44/><W89/><G76/><T35/><D134/><U31/><E31/><V2/><F2/><W23/><G23/><T73/><D73/><U64/><E70/><V13/><F13/><W98/><G72/><T8/><D47/><U27/><E68/><V112/><F112/><W57/><G62/><T30/><D30/><U122/><E122/><V83/><F83/><N who="0" m="31754" /><D5/><U119/><E119/><V85/><AGARI ba="2,0" hai="54,58,61,65,66,85,88,93,95,97,100" m="14431" machi="85" ten="30,4000,0" yaku="5,1,8,1,54,1" doraHai="42" who="2" fromWho="2" sc="345,-12,375,-22,200,46,80,-12" /><INIT seed="2,0,0,2,5,12" ten="333,353,246,68" oya="2" hai0="38,76,4,119,117,3,39,129,2,101,114,112,31" hai1="134,106,28,75,107,70,60,67,45,26,87,41,27" hai2="77,6,121,108,7,5,13,30,66,89,43,25,69" hai3="113,111,109,135,78,32,124,14,52,24,95,19,0"/><V122/><F43/><W127/><G0/><N who="0" m="43" /><D101/><U42/><E75/><V58/><F69/><W90/><G78/><T125/><D76/><U81/><E134/><V73/><F89/><W18/><G135/><T62/><D62/><U29/><E27/><V110/><F73/><W91/><G113/><N who="0" m="43627" /><D4/><N who="2" m="1578" /><F58/><W103/><G103/><T133/><D133/><U22/><E29/><V54/><F54/><W11/><G52/><T72/><D72/><U68/><E68/><V61/><F77/><W23/><G32/><T50/><D50/><U16/><E28/><V102/><F102/><W53/><G53/><T65/><D31/><U56/><E70/><V84/><F61/><W104/><G104/><T130/><D65/><U36/><E41/><V118/><F66/><W123/><G123/><N who="2" m="47113" /><F84/><W57/><G57/><T63/><D63/><U49/><E36/><N who="0" m="13865" /><D125/><N who="3" m="48201" /><G90/><AGARI ba="0,0" hai="16,22,26,42,45,49,56,60,67,81,87,90,106,107" machi="90" ten="30,3900,0" yaku="7,1,52,1,54,1" doraHai="12" who="1" fromWho="3" sc="333,0,353,39,246,0,68,-39" /><INIT seed="3,0,0,3,1,65" ten="333,392,246,29" oya="3" hai0="17,11,62,25,48,119,75,55,118,91,95,88,78" hai1="34,69,32,7,82,38,26,71,31,12,68,33,73" hai2="50,85,76,114,81,80,99,67,44,8,4,113,133" hai3="53,87,56,54,111,60,115,41,2,58,86,101,49"/><W84/><G115/><T94/><D62/><U1/><E12/><V110/><F110/><W83/><G111/><T3/><D75/><U52/><E52/><V102/><F67/><W79/><G2/><T93/><D78/><N who="1" m="44367" /><E38/><V135/><F81/><W120/><G120/><T124/><D124/><U37/><E37/><V13/><F133/><W109/><G109/><T125/><D118/><U128/><E128/><V103/><F135/><W105/><REACH who="3" step="1"/><G41/><REACH who="3" ten="333,392,246,19" step="2"/><T126/><D125/><U0/><E0/><V51/><F113/><W63/><G63/><T96/><D126/><U10/><AGARI ba="0,1" hai="1,7,10,26,31,32,33,34,68,69,71" m="44367" machi="10" ten="40,8000,1" yaku="33,2,52,3" doraHai="65" who="1" fromWho="1" sc="333,-20,392,90,246,-20,19,-40" owari="313,11.3,482,58.2,226,-17.4,-21,-52.1" /></mjloggm>