<mjloggm ver="2.3"><GO type="225" lobby="0"/><UN n0="%E3%82%A2%E3%83%BC%E3%83%A2%E3%83%AD%E3%83%BC%E3%83%B4%E3%82%A1" n1="%E3%81%B5%E3%81%98%E3%81%8B%E3%81%A4" n2="%E3%81%BF%E3%81%BF%E3%81%9A" n3="%E5%86%B7%E5%87%8D%E3%82%AE%E3%83%A7%E3%83%BC%E3%82%B6" dan="16,16,16,17" rate="2160.00,2177.32,2242.74,2185.39" sx="M,M,M,M"/><TAIKYOKU oya="0"/><INIT seed="0,0,0,4,4,122" ten="250,250,250,250" oya="0" hai0="130,54,32,77,82,14,90,63,134,80,93,21,5" hai1="64,3,24,2,39,9,128,48,110,126,66,36,124" hai2="7,35,65,96,55,6,13,129,132,19,102,103,70" hai3="8,67,78,125,123,111,115,133,113,34,88,84,95"/><T28/><D134/><U38/><E24/><V16/><F35/><W30/><G34/><T1/><D130/><U57/><E9/><V94/><F132/><W118/><G30/><T41/><D41/><U109/><E128/><V114/><F129/><W98/><G133/><T42/><D42/><U108/><E48/><V87/><F114/><W99/><G67/><N who="1" m="25642" /><E57/><V91/><F70/><W68/><G68/><T56/><D1/><AGARI ba="0,0" hai="1,2,3,36,38,39,108,109,110,124,126" m="25642" machi="1" ten="50,12000,2" yaku="28,2,14,1,52,3" doraHai="122" who="1" fromWho="0" sc="250,-120,250,120,250,0,250,0" /><INIT seed="1,0,0,2,0,104" ten="130,370,250,250" oya="1" hai0="81,103,130,65,61,21,45,44,132,63,40,105,78" hai1="102,29,73,13,50,87,97,107,95,112,47,72,41" hai2="30,27,117,39,90,121,58,127,88,125,79,48,129" hai3="66,59,3,68,110,53,4,54,109,135,89,96,85"/><U11/><E112/><V77/><F39/><W91/><G135/><T2/><D132/><U134/><E29/><V19/><F117/><W20/><G68/><T49/><D130/><U15/><E134/><V1/><F121/><W17/><G66/><T34/><D34/><U55/><E15/><V37/><F129/><W10/><G96/><T92/><D105/><U115/><E115/><V28/><F1/><W67/><G67/><T70/><D2/><U100/><E100/><V25/><F37/><W33/><G33/><T7/><D7/><U74/><E87/><V64/><F64/><W118/><G54/><T120/><D120/><U42/><REACH who="1" step="1"/><E95/><REACH who="1" ten="130,360,250,250" step="2"/><V111/><F30/><W12/><G118/><T101/><D92/><U114/><E114/><V76/><F28/><W16/><G91/><T5/><D101/><U31/><E31/><V62/><F27/><W123/><G123/><T119/><D103/><U23/><E23/><N who="2" m="13567" /><F88/><W60/><REACH who="3" step="1"/><G17/><AGARI ba="0,1" hai="11,13,17,41,42,47,50,55,72,73,74,97,102,107" machi="17" ten="40,12000,1" yaku="1,1,52,3,53,0" doraHai="104" doraHaiUra="124" who="1" fromWho="3" sc="130,0,360,130,250,0,250,-120" /><INIT seed="1,1,0,3,0,130" ten="130,490,250,130" oya="1" hai0="2,76,96,43,23,121,93,110,63,90,3,53,86" hai1="11,28,125,64,65,83,131,71,26,59,67,51,45" hai2="91,132,66,18,133,35,50,113,19,84,40,15,109" hai3="135,128,72,127,56,107,111,80,115,22,42,57,61"/><U88/><E131/><V5/><F109/><W119/><G115/><T39/><D110/><U101/><E125/><V16/><F113/><W77/><G111/><T124/><D124/><U108/><E71/><V100/><F35/><W123/><G128/><T6/><D39/><U52/><E101/><V75/><F75/><W120/><G127/><T29/><D43/><U47/><E11/><V134/><F100/><W79/><G119/><T103/><D76/><U114/><E114/><V4/><F66/><W68/><G68/><T25/><D6/><U69/><E69/><V99/><F99/><W17/><G107/><T20/><D20/><U33/><REACH who="1" step="1"/><E108/><REACH who="1" ten="130,480,250,130" step="2"/><V85/><F4/><W98/><G120/><T82/><D121/><U46/><E46/><N who="2" m="25927" /><F91/><W49/><G123/><T36/><D103/><U73/><E73/><V54/><F5/><W126/><G72/><T78/><D90/><U104/><E104/><V41/><F133/><W7/><G135/><T0/><D78/><U122/><E122/><V9/><F134/><W44/><G126/><T62/><D0/><U117/><E117/><V24/><F132/><W32/><G7/><T116/><D2/><U106/><E106/><V58/><F9/><W97/><G79/><T94/><D3/><U31/><E31/><V12/><F18/><W70/><G70/><T37/><D116/><U34/><E34/><V92/><F16/><W30/><G30/><T118/><D118/><U95/><E95/><V112/><F92/><W21/><G32/><T38/><D29/><U1/><E1/><V10/><F112/><W27/><G77/><RYUUKYOKU ba="1,1" sc="130,-10,480,30,250,-10,130,-10" hai1="26,28,33,45,47,51,52,59,64,65,67,83,88" /><INIT seed="1,2,1,5,2,35" ten="120,510,240,120" oya="1" hai0="87,29,78,116,123,43,122,45,24,73,37,105,74" hai1="52,39,33,124,90,40,3,55,38,80,58,14,12" hai2="1,77,59,89,70,21,16,96,118,54,8,94,19" hai3="44,72,67,117,9,102,92,101,49,113,65,114,47"/><U11/><E124/><V125/><F70/><W71/><G72/><T128/><D116/><U135/><E33/><V61/><F118/><W27/><G117/><T41/><D105/><U100/><E100/><V63/><F125/><W95/><G9/><T88/><D43/><U10/><E135/><V82/><F63/><W0/><G49/><T28/><D28/><U34/><E34/><V5/><REACH who="2" step="1"/><F21/><REACH who="2" ten="120,510,230,120" step="2"/><W48/><G71/><T17/><D122/><U25/><E38/><V104/><F104/><W111/><G114/><T22/><D123/><U6/><E39/><V133/><F133/><W2/><G113/><T130/><D128/><U13/><E25/><V64/><F64/><W69/><G69/><T83/><D130/><U93/><E80/><V85/><AGARI ba="2,2" hai="1,5,8,16,19,54,59,61,77,82,85,89,94,96" machi="85" ten="20,12000,2" yaku="1,1,0,1,7,1,52,1,54,1,53,1" doraHai="35" doraHaiUra="81" who="2" fromWho="2" sc="120,-32,510,-62,230,146,120,-32" /><INIT seed="2,0,0,4,1,95" ten="88,448,376,88" oya="2" hai0="130,38,119,5,57,124,89,8,28,68,126,99,2" hai1="60,112,31,23,21,122,93,39,14,97,80,69,55" hai2="62,12,63,75,58,71,98,120,18,13,86,90,37" hai3="67,26,118,25,109,79,133,102,42,1,29,101,131"/><V100/><F120/><W27/><G118/><T19/><D68/><U129/><E39/><V35/><F75/><W87/><G109/><T52/><D130/><U9/><E69/><V6/><F37/><W61/><G131/><T7/><D38/><U73/><E112/><V17/><F35/><W47/><G133/><T74/><D74/><U36/><E31/><V72/><F72/><W134/><G1/><T64/><D64/><U65/><E36/><V82/><F71/><W43/><G134/><T85/><D28/><U11/><E11/><V49/><F49/><N who="3" m="26871" /><G43/><T15/><D99/><U56/><E65/><V22/><F6/><W96/><G29/><T44/><D44/><U32/><E32/><V104/><REACH who="2" step="1"/><F58/><REACH who="2" ten="88,448,366,88" step="2"/><N who="3" m="37303" /><G96/><T10/><D119/><U3/><E122/><V116/><F116/><W66/><G66/><T0/><D7/><U105/><E73/><V127/><F127/><W121/><G121/><T103/><D124/><U20/><E129/><V30/><F30/><W111/><G111/><T48/><D126/><U16/><E3/><V135/><F135/><W77/><G87/><T70/><D70/><U76/><E56/><V91/><F91/><W132/><G132/><T59/><D59/><U53/><E60/><V113/><F113/><W54/><G79/><T110/><D110/><U92/><E76/><V108/><F108/><W78/><G77/><T125/><D125/><U84/><E84/><V51/><F51/><W107/><G78/><T88/><D0/><U34/><E34/><V115/><F115/><W81/><G102/><T50/><D103/><U45/><E97/><RYUUKYOKU ba="0,1" sc="88,-10,448,-10,366,30,88,-10" hai2="12,13,17,18,22,62,63,82,86,90,98,100,104" /><INIT seed="2,1,1,0,1,19" ten="78,438,396,78" oya="2" hai0="97,68,110,116,84,15,61,32,118,23,6,11,98" hai1="25,54,38,26,96,39,75,129,29,28,46,12,81" hai2="135,62,72,42,53,7,125,106,112,94,132,48,58" hai3="17,52,35,56,79,55,78,33,1,27,103,131,126"/><V107/><F112/><W117/><G117/><N who="0" m="45163" /><D110/><U124/><E129/><V86/><F72/><W51/><G131/><T21/><D32/><U0/><E124/><V85/><F7/><W113/><G113/><T49/><D49/><U16/><E0/><V40/><F125/><W8/><G126/><T89/><D61/><U122/><E39/><V114/><F114/><W74/><G103/><T130/><D68/><U3/><E3/><V77/><F77/><W111/><G111/><T20/><D130/><U10/><E38/><V9/><F9/><W4/><G55/><T80/><AGARI ba="1,1" hai="6,11,15,20,21,23,80,84,89,97,98" m="45163" machi="80" ten="30,7900,0" yaku="12,1,52,3" doraHai="19" who="0" fromWho="0" sc="78,92,438,-21,396,-40,78,-21" /><INIT seed="3,0,0,0,1,43" ten="170,417,356,57" oya="3" hai0="31,6,105,135,110,29,71,78,56,77,89,18,17" hai1="54,51,42,39,88,61,117,80,2,129,91,62,100" hai2="47,125,11,0,28,38,93,83,10,115,12,130,85" hai3="27,107,46,102,49,64,82,119,120,16,3,9,20"/><W98/><G119/><T133/><D71/><U84/><E2/><V34/><F115/><W103/><G120/><T76/><D110/><U52/><E129/><V32/><F125/><W72/><G103/><T111/><D111/><U35/><E35/><V113/><F113/><W67/><G72/><T60/><D105/><U58/><E117/><V65/><F130/><W26/><G82/><T53/><D6/><U86/><E39/><V50/><F38/><W23/><G9/><T114/><D114/><U59/><E100/><V69/><F93/><W40/><REACH who="3" step="1"/><G3/><REACH who="3" ten="170,417,356,47" step="2"/><T5/><D133/><U132/><E132/><V24/><F0/><W92/><G92/><T81/><D135/><U66/><E80/><V36/><F10/><W112/><G112/><T45/><D81/><U126/><E126/><V19/><F83/><W63/><G63/><T73/><D73/><U123/><E123/><V106/><F106/><W15/><G15/><T25/><D78/><U37/><E62/><V87/><F11/><W116/><G116/><T131/><D131/><U13/><E13/><V1/><F1/><W30/><AGARI ba="0,1" hai="16,20,23,26,27,30,40,46,49,64,67,98,102,107" machi="30" ten="20,18000,2" yaku="1,1,0,1,7,1,52,1,54,1,53,1" doraHai="43" doraHaiUra="97" who="3" fromWho="3" sc="170,-60,417,-60,356,-60,47,190" /><INIT seed="3,1,0,2,0,119" ten="110,357,296,237" oya="3" hai0="30,113,64,133,11,68,14,56,7,33,109,38,18" hai1="72,88,5,54,58,65,116,121,98,35,131,112,27" hai2="13,53,132,75,101,28,17,129,47,92,115,103,77" hai3="67,114,63,59,55,29,37,22,111,107,99,15,134"/><W120/><G114/><T89/><D38/><U128/><E112/><V42/><F115/><W108/><G134/><T61/><D109/><N who="3" m="42057" /><G37/><T74/><D133/><U69/><E72/><V81/><F132/><W19/><G29/><T12/><D74/><U73/><E73/><V3/><F129/><N who="1" m="49737" /><E121/><V95/><F28/><W84/><G84/><T94/><D68/><U91/><E5/><V62/><F3/><W20/><G20/><T23/><D33/><U9/><E9/><V32/><F32/><W49/><G99/><T110/><D110/><U57/><E116/><V87/><F75/><W85/><G85/><T105/><D105/><U39/><E39/><V66/><F95/><W70/><G107/><T34/><D34/><U106/><E106/><V45/><F92/><W135/><G135/><T10/><D113/><U71/><E98/><V117/><F117/><W25/><G25/><T97/><D30/><N who="1" m="19935" /><E65/><V1/><F1/><W126/><G126/><T122/><D122/><AGARI ba="1,0" hai="15,19,22,49,55,59,63,67,70,120,122" m="42057" machi="122" ten="30,11600,0" yaku="14,1,10,1,52,2" doraHai="119" who="3" fromWho="0" sc="110,-119,357,0,296,0,237,119" owari="-9,-50.9,357,45.7,296,-10.4,356,15.6" /></mjloggm>