<mjloggm ver="2.3"><GO type="225" lobby="0"/><UN n0="%E3%83%97%E3%83%AC%E3%83%B4%E3%82%A1%E3%83%86%E3%82%A3" n1="%E5%86%B7%E5%87%8D%E3%82%AE%E3%83%A7%E3%83%BC%E3%82%B6" n2="%E3%81%BE%E3%81%A8%E3%81%9F" n3="%E3%82%BC%E3%83%AB%E3%83%80%E3%81%AE%E4%BC%9D%E8%AA%AC" dan="16,16,16,17" rate="2116.50,2150.78,2091.16,2159.01" sx="F,M,M,M"/><TAIKYOKU oya="0"/><INIT seed="0,0,0,0,3,51" ten="250,250,250,250" oya="0" hai0="82,127,10,12,108,11,71,60,32,116,4,44,79" hai1="126,134,92,37,84,124,7,38,93,115,6,62,104" hai2="28,61,55,18,98,46,0,113,110,23,94,22,120" hai3="72,102,86,69,33,29,68,87,81,128,58,97,100"/><T133/><D116/><U19/><E104/><V105/><F120/><W106/><G128/><T54/><D127/><N who="1" m="48683" /><E134/><V2/><F113/><W118/><G118/><T30/><D133/><U88/><E115/><V109/><F105/><W25/><G100/><T26/><D108/><U5/><E93/><V41/><F23/><W39/><G39/><T43/><D10/><U45/><E45/><V8/><F28/><W14/><G14/><T9/><D9/><U17/><E62/><V85/><F85/><W91/><G72/><T31/><D31/><U56/><E56/><N who="2" m="34975" /><F8/><W132/><G132/><T123/><D123/><U40/><E40/><V20/><F20/><W34/><G34/><T57/><D71/><U64/><E64/><V35/><F35/><W47/><G47/><T27/><D30/><U49/><E49/><N who="2" m="26831" /><F0/><W96/><G96/><T1/><D32/><U111/><E111/><V99/><F2/><W59/><G87/><T78/><D78/><U131/><E131/><V21/><F21/><W89/><G89/><T129/><D129/><U48/><E48/><V122/><F122/><W76/><G91/><T114/><D114/><U66/><E66/><V77/><F77/><W3/><G3/><T75/><REACH who="0" step="1"/><D12/><REACH who="0" ten="240,250,250,250" step="2"/><U107/><E107/><V42/><F109/><W130/><G130/><T95/><D95/><U63/><E63/><V52/><F94/><W67/><G69/><T16/><D16/><AGARI ba="0,1" hai="5,6,7,16,17,19,37,38,84,88,92" m="48683" machi="16" ten="30,3900,0" yaku="18,1,54,2" doraHai="51" who="1" fromWho="0" sc="240,-39,250,49,250,0,250,0" /><INIT seed="1,0,0,3,2,50" ten="201,299,250,250" oya="1" hai0="12,62,112,108,99,1,3,97,22,18,37,113,42" hai1="5,52,98,83,48,67,66,16,60,78,15,39,121" hai2="93,84,128,86,68,54,90,76,100,105,132,117,43" hai3="73,47,72,14,111,13,55,82,65,103,49,29,74"/><U25/><E39/><V36/><F117/><W10/><G111/><T80/><D108/><U32/><E121/><V38/><F68/><W119/><G119/><T87/><D37/><U133/><E133/><V2/><F2/><W126/><G126/><T107/><D42/><U88/><E5/><V40/><F128/><W11/><G65/><T134/><D134/><U6/><E6/><V96/><F40/><W41/><G103/><T129/><D129/><U23/><E32/><V9/><F132/><W104/><G104/><T44/><D44/><N who="1" m="27655" /><E60/><V122/><F9/><W63/><G29/><T7/><D7/><U95/><E25/><V123/><F43/><W125/><G125/><T81/><D1/><U21/><E21/><V109/><F36/><W101/><G63/><T110/><D3/><U28/><E28/><V20/><F38/><W31/><G31/><T56/><D110/><U75/><E75/><V77/><F20/><W51/><G72/><T85/><D107/><U102/><E78/><V17/><F17/><W127/><G73/><T94/><D113/><U118/><E118/><V130/><F109/><W92/><G127/><T131/><D112/><U124/><E124/><V34/><F34/><W135/><G135/><T91/><D131/><U53/><E53/><V64/><F130/><W79/><G10/><T71/><D71/><U70/><E70/><V116/><F116/><W106/><G11/><T114/><D114/><U61/><E61/><V35/><F123/><W8/><G8/><T58/><D62/><U57/><E57/><N who="0" m="22121" /><D80/><U4/><E4/><V26/><F122/><RYUUKYOKU ba="0,0" sc="201,15,299,15,250,-15,250,-15" hai0="12,18,22,81,85,87,91,94,97,99" hai1="15,16,23,66,67,83,88,95,98,102" /><INIT seed="1,1,0,0,1,33" ten="216,314,235,235" oya="1" hai0="19,78,115,1,82,13,10,54,86,73,52,95,74" hai1="123,68,43,44,69,15,112,64,85,103,113,90,134" hai2="80,119,20,6,67,49,130,132,118,102,23,99,117" hai3="109,21,129,51,4,128,107,38,65,76,111,7,46"/><U72/><E123/><V56/><F130/><N who="3" m="50283" /><G107/><T124/><D115/><U26/><E72/><V27/><F132/><W40/><G76/><T97/><D124/><U2/><E134/><V9/><F80/><W57/><G21/><T121/><D121/><U116/><E116/><V14/><F27/><W0/><G0/><T28/><D28/><U77/><E2/><V48/><F67/><W75/><G75/><T83/><D1/><U58/><E77/><V131/><F131/><W32/><G32/><T30/><D74/><U89/><E103/><V34/><F34/><W60/><G7/><T37/><D37/><U45/><E15/><V88/><F88/><W62/><G4/><T79/><REACH who="0" step="1"/><D30/><REACH who="0" ten="206,314,235,235" step="2"/><U22/><E112/><V91/><F117/><W84/><G38/><T92/><D92/><U12/><E113/><V35/><F118/><W127/><G127/><T108/><D108/><U63/><E68/><V55/><F119/><W3/><G3/><T126/><D126/><U96/><E69/><V66/><F35/><W114/><G114/><T105/><D105/><U100/><E96/><V31/><F31/><W53/><G84/><T50/><D50/><U133/><E85/><V18/><F48/><W25/><G25/><T47/><D47/><U41/><E45/><V16/><F49/><W101/><G101/><AGARI ba="1,1" hai="10,13,19,52,54,73,78,79,82,83,86,95,97,101" machi="101" ten="30,7700,0" yaku="1,1,7,1,54,1,53,1" doraHai="33" doraHaiUra="93" who="0" fromWho="3" sc="206,90,314,0,235,0,235,-80" /><INIT seed="2,0,0,1,5,35" ten="296,314,235,155" oya="2" hai0="72,33,6,80,120,86,88,26,25,63,0,81,20" hai1="8,124,110,90,73,60,59,102,99,50,19,65,115" hai2="122,77,36,34,133,54,17,94,67,43,2,9,32" hai3="5,24,84,113,30,39,68,79,105,126,100,16,76"/><V14/><F122/><W10/><G126/><T15/><D120/><U101/><E115/><V87/><F133/><W116/><G116/><T112/><D112/><U114/><E114/><V42/><F67/><W96/><G113/><T131/><D131/><U95/><E73/><V53/><F34/><W119/><G119/><T28/><D72/><U21/><E124/><V44/><F32/><W52/><G39/><T70/><D80/><U18/><E110/><V97/><F43/><W132/><G132/><T111/><D111/><U12/><REACH who="1" step="1"/><E50/><REACH who="1" ten="296,304,235,155" step="2"/><V93/><F77/><W69/><G79/><T66/><D15/><AGARI ba="0,1" hai="8,12,15,18,19,21,59,60,65,90,95,99,101,102" machi="15" ten="30,7700,0" yaku="1,1,2,1,7,1,8,1,53,0" doraHai="35" doraHaiUra="118" who="1" fromWho="0" sc="296,-77,304,87,235,0,155,0" /><INIT seed="3,0,0,5,5,79" ten="219,391,235,155" oya="3" hai0="107,29,95,127,11,48,5,52,103,46,117,98,121" hai1="38,10,8,49,33,112,77,23,116,109,63,89,71" hai2="3,68,32,85,60,17,12,31,14,27,16,101,133" hai3="21,134,65,47,93,120,110,30,99,28,55,58,39"/><W92/><G120/><T66/><D121/><U15/><E38/><V19/><F101/><W80/><G134/><T84/><D117/><U113/><E33/><V100/><F133/><W83/><G110/><T13/><D127/><U73/><E73/><V91/><F100/><N who="3" m="60519" /><G39/><T53/><D66/><U6/><E77/><V20/><F3/><W67/><G93/><T128/><D128/><U22/><E22/><V131/><F131/><W122/><G122/><T50/><D29/><N who="3" m="11369" /><G21/><T24/><D24/><U37/><E23/><V36/><F36/><W78/><G78/><T74/><D74/><U118/><E37/><V61/><F68/><W119/><G119/><T41/><D107/><U40/><E109/><V81/><F32/><W26/><G26/><T42/><D84/><U57/><E118/><V45/><F45/><AGARI ba="0,0" hai="5,11,13,41,42,45,46,48,50,52,53,95,98,103" machi="45" ten="30,7700,0" yaku="7,1,9,1,8,1,54,1" doraHai="79" who="0" fromWho="2" sc="219,77,391,0,235,-77,155,0" owari="296,9.6,391,49.1,158,-24.2,155,-34.5" /></mjloggm>