<mjloggm ver="2.3"><GO type="225" lobby="0"/><UN n0="%E6%98%93%E5%88%A9%E8%96%A9%E4%BC%AF" n1="%E3%82%8C%E3%81%99%E3%81%93" n2="%E8%90%BD%E6%97%A5" n3="%E6%B8%A1%E5%A4%A9%E8%97%8D" dan="16,17,17,16" rate="2128.98,2184.73,2222.36,2137.01" sx="F,F,F,M"/><TAIKYOKU oya="0"/><INIT seed="0,0,0,5,5,71" ten="250,250,250,250" oya="0" hai0="19,51,129,14,31,0,20,96,22,10,68,75,45" hai1="36,25,18,93,106,113,69,57,108,126,13,23,82" hai2="63,130,58,59,92,79,11,43,34,80,74,28,124" hai3="15,112,83,62,29,131,125,53,105,21,50,117,132"/><T133/><D68/><U46/><E69/><V91/><F124/><W60/><G112/><T116/><D75/><U77/><E108/><V38/><F130/><W81/><G117/><T98/><D116/><U3/><E126/><V78/><F78/><W85/><G105/><T4/><D133/><U17/><E106/><V49/><F28/><W107/><G107/><T52/><REACH who="0" step="1"/><D129/><REACH who="0" ten="240,250,250,250" step="2"/><U6/><E113/><V76/><F74/><W8/><G132/><T16/><D16/><U97/><E18/><V94/><F34/><W100/><G131/><T27/><AGARI ba="0,1" hai="0,4,10,14,19,20,22,27,31,45,51,52,96,98" machi="27" ten="30,11700,0" yaku="1,1,0,1,54,1,53,1" doraHai="71" doraHaiUra="12" who="0" fromWho="0" sc="240,127,250,-39,250,-39,250,-39" /><INIT seed="0,1,0,3,0,59" ten="367,211,211,211" oya="0" hai0="21,15,86,54,14,18,65,96,61,123,88,60,23" hai1="99,4,49,26,13,119,51,40,69,32,101,79,36" hai2="84,62,111,129,135,57,131,113,27,39,107,94,9" hai3="31,91,66,78,8,22,12,133,115,74,29,110,16"/><T68/><D123/><U100/><E119/><V28/><F113/><W2/><G115/><T89/><D96/><U11/><E79/><V17/><F107/><W19/><G110/><T30/><D86/><U75/><E75/><V124/><F39/><W71/><G133/><T121/><D121/><U64/><E36/><V35/><F111/><W82/><G91/><N who="0" m="34891" /><D68/><U70/><E101/><V106/><F106/><W20/><G20/><T132/><D132/><U45/><E51/><V55/><F135/><W1/><G1/><T76/><D76/><U104/><REACH who="1" step="1"/><E64/><REACH who="1" ten="367,201,211,211" step="2"/><V120/><F120/><W24/><REACH who="3" step="1"/><G2/><REACH who="3" ten="367,201,211,201" step="2"/><T81/><D30/><AGARI ba="1,2" hai="4,11,13,26,30,32,40,45,49,69,70,99,100,104" machi="30" ten="40,2600,0" yaku="1,1,2,1,53,0" doraHai="59" doraHaiUra="117" who="1" fromWho="0" sc="367,-29,201,49,211,0,201,0" /><INIT seed="1,0,0,5,0,115" ten="338,250,211,201" oya="1" hai0="47,23,46,29,88,59,49,20,101,94,3,77,93" hai1="85,11,62,72,91,2,41,13,54,81,51,56,120" hai2="25,71,44,99,22,34,131,60,67,124,57,28,15" hai3="103,27,74,52,127,76,79,90,98,39,106,26,110"/><U75/><E2/><V63/><F124/><W70/><G70/><T122/><D3/><U7/><E120/><V6/><F131/><W126/><G39/><T5/><D5/><U116/><E116/><V31/><F44/><W21/><G110/><T58/><D77/><U4/><E4/><V37/><F37/><W53/><G90/><T1/><D1/><U40/><E40/><V83/><F31/><W89/><G89/><T42/><D122/><U32/><E32/><V117/><F117/><W35/><G35/><T108/><D108/><U134/><E134/><V45/><F45/><W133/><G133/><T12/><D101/><U121/><E121/><V68/><F83/><W69/><G69/><T107/><D107/><U80/><E80/><V97/><F68/><W65/><G65/><T78/><D78/><N who="3" m="29737" /><G74/><T43/><D12/><U38/><E38/><V128/><F128/><W24/><G21/><T36/><D94/><U18/><E7/><V87/><F87/><W104/><G98/><T112/><D112/><U95/><E95/><V130/><F130/><W82/><G82/><T113/><D113/><U105/><E105/><N who="3" m="40554" /><G103/><T16/><D23/><U30/><E30/><V8/><REACH who="2" step="1"/><F34/><REACH who="2" ten="338,250,201,201" step="2"/><W73/><G73/><T111/><D29/><U114/><E114/><V125/><F125/><AGARI ba="0,1" hai="24,26,27,52,53,125,126,127" m="40554,29737" machi="125" ten="40,8000,1" yaku="28,2,18,1,54,1" doraHai="115" who="3" fromWho="2" sc="338,0,250,0,201,-80,201,90" /><INIT seed="2,0,0,5,1,61" ten="338,250,121,291" oya="2" hai0="25,9,69,112,19,45,32,66,93,58,127,124,50" hai1="125,26,55,54,116,99,17,117,96,75,122,101,18" hai2="128,126,81,95,85,91,110,76,4,63,36,107,2" hai3="100,90,28,82,80,88,5,121,119,15,92,41,24"/><V40/><F126/><N who="0" m="48170" /><D69/><U20/><E125/><V72/><F128/><W77/><G119/><T73/><D73/><U71/><E75/><V68/><F110/><W37/><G121/><T64/><D58/><U131/><E71/><V108/><F108/><W27/><G37/><T14/><D112/><U78/><E78/><V106/><F63/><W53/><G41/><N who="0" m="24879" /><D93/><U111/><E111/><V70/><F107/><W87/><G53/><T79/><D79/><U105/><E131/><V115/><F106/><W104/><G104/><T62/><D62/><U8/><E122/><V65/><F65/><N who="0" m="25194" /><D25/><U132/><E105/><V39/><F39/><W49/><G24/><T43/><D32/><U83/><E26/><V59/><F59/><W35/><G77/><T109/><D109/><U48/><E117/><V97/><F115/><W120/><G27/><T22/><D43/><U118/><E116/><V84/><F84/><W21/><G87/><T23/><AGARI ba="0,0" hai="9,14,19,22,23" m="25194,24879,48170" machi="23" ten="30,7900,0" yaku="18,1,52,3" doraHai="61" who="0" fromWho="0" sc="338,79,250,-20,121,-39,291,-20" /><INIT seed="3,0,0,3,4,134" ten="417,230,82,271" oya="3" hai0="40,84,65,42,66,91,30,128,105,29,31,125,63" hai1="1,39,25,135,49,24,27,51,83,0,53,131,4" hai2="75,56,72,99,10,6,92,104,73,47,127,44,62" hai3="101,26,69,110,120,96,16,98,61,123,45,54,41"/><W5/><G5/><T43/><D105/><U20/><E39/><V33/><F33/><W119/><G119/><T95/><D128/><U107/><E107/><V28/><F28/><W18/><G98/><T122/><D125/><U111/><E135/><V19/><F104/><W93/><G110/><T9/><D122/><U37/><E37/><V22/><F10/><W129/><G129/><T85/><D63/><U7/><E131/><V50/><F6/><W12/><G26/><T114/><D114/><U79/><E111/><V48/><F47/><W89/><G101/><T57/><D57/><U77/><E24/><V86/><F86/><N who="0" m="33386" /><D9/><U14/><E14/><V15/><F44/><W52/><G18/><T2/><D2/><U106/><E106/><V88/><F127/><W132/><G132/><T32/><D32/><U102/><E102/><V90/><F90/><W35/><G35/><T68/><D68/><U74/><E20/><V87/><F87/><AGARI ba="0,0" hai="29,30,31,40,42,43,65,66,87,91,95" m="33386" machi="87" ten="30,1000,0" yaku="8,1" doraHai="134" who="0" fromWho="2" sc="417,10,230,0,82,-10,271,0" owari="427,52.7,230,-17.0,72,-42.8,271,7.1" /></mjloggm>