<mjloggm ver="2.3"><GO type="225" lobby="0"/><UN n0="%E3%81%B2%E3%81%AA%E3%81%AE%E3%82%8A%E3%81%8F" n1="%E8%80%81%E6%A5%BD" n2="%E5%8F%AF%E5%85%90%E9%82%A3%E7%94%B1%E5%A4%9A" n3="%E5%B0%8F%E9%B3%A5%E9%81%8A%E7%B7%B4%E7%84%A1%32%31%E6%AD%B3" dan="17,16,17,16" rate="2233.23,2083.76,2172.53,2175.99" sx="M,M,F,F"/><TAIKYOKU oya="0"/><INIT seed="0,0,0,2,2,100" ten="250,250,250,250" oya="0" hai0="101,128,39,31,94,43,90,91,130,129,86,77,112" hai1="115,52,49,63,97,13,12,21,107,87,76,5,93" hai2="33,25,38,103,36,23,96,110,89,8,67,2,69" hai3="37,88,126,6,117,48,108,17,15,127,106,102,9"/><T3/><D3/><U81/><E115/><V0/><F89/><W85/><G37/><T34/><D39/><U72/><E63/><N who="2" m="40191" /><F23/><W45/><G117/><T53/><D43/><U59/><E5/><N who="2" m="1063" /><F2/><W70/><G70/><T66/><D66/><U62/><E21/><V99/><F99/><N who="3" m="61791" /><G108/><T104/><D112/><U134/><E134/><V42/><F42/><W55/><G6/><T95/><D77/><U51/><E12/><V71/><F71/><W68/><G68/><T56/><D34/><U114/><E13/><V28/><F110/><W122/><G122/><T54/><D31/><U19/><E19/><V1/><F1/><W60/><G60/><T44/><D44/><U47/><E114/><V132/><F132/><W113/><G113/><T18/><D18/><U73/><E49/><V16/><F16/><W24/><G24/><T20/><D20/><U121/><E121/><V92/><F92/><W64/><G64/><T50/><D54/><U30/><E30/><V98/><F98/><W14/><G15/><T111/><D111/><U11/><E11/><V65/><F65/><W120/><G120/><T27/><D27/><U35/><E35/><V26/><F26/><W32/><G32/><T41/><D41/><U135/><E135/><V124/><F124/><W80/><AGARI ba="0,0" hai="9,14,17,45,48,55,80,85,88,126,127" m="61791" machi="80" ten="30,4000,0" yaku="25,1,52,1,54,1" doraHai="100" who="3" fromWho="3" sc="250,-20,250,-10,250,-10,250,40" /><INIT seed="1,0,0,4,1,68" ten="230,240,240,290" oya="1" hai0="81,102,3,118,5,122,64,48,96,55,107,124,125" hai1="28,87,18,133,94,134,93,73,130,115,92,101,70" hai2="29,120,39,0,108,114,85,45,43,76,37,9,88" hai3="119,41,132,66,23,104,126,31,123,50,38,7,54"/><U78/><E70/><V106/><F120/><W6/><G123/><T89/><D122/><U27/><E18/><V60/><F106/><W49/><G66/><T51/><D118/><U67/><E67/><V4/><F108/><W113/><G104/><T25/><D64/><U22/><E115/><V77/><F114/><W95/><G113/><T112/><D112/><U109/><E130/><V20/><F60/><W15/><G95/><T99/><D25/><U131/><E131/><V100/><F100/><W52/><G132/><N who="1" m="50794" /><E109/><V127/><F127/><N who="0" m="48714" /><D3/><U11/><E11/><V17/><F29/><W1/><G1/><T86/><D5/><U97/><E73/><V12/><REACH who="2" step="1"/><F39/><REACH who="2" ten="230,240,230,290" step="2"/><W61/><G38/><T24/><D107/><U79/><E79/><V63/><F63/><W82/><G61/><T40/><D102/><U74/><E74/><V91/><F91/><W44/><G126/><T128/><D128/><U53/><E78/><V34/><F34/><W30/><G31/><T2/><D89/><U46/><E101/><V84/><F84/><W36/><G30/><T116/><D86/><U14/><E87/><V103/><F103/><W57/><G36/><T129/><D129/><U21/><E97/><V26/><F26/><W47/><G6/><T56/><D99/><U110/><E110/><V16/><F16/><W42/><G7/><T105/><D96/><U69/><E28/><V75/><F75/><W62/><G62/><T98/><D98/><U135/><E135/><V72/><F72/><W90/><G90/><T58/><D105/><U59/><E27/><V13/><F13/><RYUUKYOKU ba="0,1" sc="230,-10,240,-10,230,30,290,-10" hai2="0,4,9,12,17,20,37,43,45,76,77,85,88" /><INIT seed="2,1,1,3,3,98" ten="220,230,260,280" oya="2" hai0="134,38,127,41,20,53,130,49,97,63,27,80,43" hai1="85,96,34,115,122,89,93,66,74,28,77,75,14" hai2="25,54,100,121,11,86,83,103,45,128,48,118,30" hai3="79,133,23,106,109,9,88,61,132,71,26,32,91"/><V117/><F121/><W124/><G32/><T17/><D134/><N who="3" m="51817" /><G79/><T67/><D130/><U84/><E115/><V102/><F128/><W52/><G109/><T123/><D123/><U33/><E122/><V56/><F11/><W99/><G9/><T129/><D129/><U31/><E66/><V69/><F69/><W46/><G71/><T3/><D3/><U111/><E14/><V108/><F108/><W105/><G124/><T40/><D38/><U76/><E96/><V39/><F39/><W58/><G46/><T131/><D127/><U110/><REACH who="1" step="1"/><E93/><REACH who="1" ten="220,220,260,280" step="2"/><V125/><F125/><W104/><G99/><T135/><D131/><U22/><E22/><N who="2" m="15671" /><F118/><W6/><G6/><T35/><D135/><U36/><E36/><V101/><N who="2" m="25600" /><DORA hai="7" /><V2/><F2/><W73/><G73/><T50/><D97/><U21/><E21/><V42/><F117/><W95/><G95/><T5/><D20/><U120/><E120/><V1/><F1/><W114/><G114/><T29/><D35/><U92/><E92/><V24/><F24/><W65/><G65/><T60/><D67/><U8/><E8/><V70/><F70/><W19/><AGARI ba="1,2" hai="19,23,26,52,58,61,88,91,104,105,106" m="51817" machi="19" ten="40,5200,0" yaku="20,1,54,2" doraHai="98,7" who="3" fromWho="3" sc="220,-14,220,-14,260,-27,280,75" /><INIT seed="3,0,0,2,4,109" ten="206,206,233,355" oya="3" hai0="35,67,13,59,82,58,135,17,21,44,18,14,1" hai1="75,102,123,3,19,37,38,6,16,103,111,125,24" hai2="5,8,56,47,132,87,49,88,94,22,72,69,90" hai3="41,100,98,25,131,99,30,55,121,86,20,133,120"/><W15/><G131/><T63/><D1/><U53/><E123/><V4/><F69/><W70/><G55/><T26/><D135/><U104/><E75/><V134/><F72/><W124/><G133/><N who="2" m="51305" /><F56/><W48/><G70/><T110/><D110/><U29/><E111/><V74/><F74/><W34/><G86/><T83/><D35/><U45/><E125/><V32/><F32/><W105/><G98/><T117/><D117/><U89/><E89/><N who="2" m="53567" /><F22/><W106/><G105/><T81/><D44/><U91/><E91/><N who="2" m="34859" /><F8/><W66/><G34/><T65/><D59/><U50/><E37/><V2/><F2/><W40/><G20/><N who="0" m="13583" /><D67/><U95/><E38/><V85/><F85/><W28/><G66/><T23/><D23/><U122/><E122/><V80/><F80/><W101/><G120/><T129/><D129/><U42/><E104/><V27/><F27/><AGARI ba="0,0" hai="13,14,18,21,27,58,63,65,81,82,83" m="13583" machi="27" ten="30,1000,0" yaku="8,1" doraHai="109" who="0" fromWho="2" sc="206,10,206,0,233,-10,355,0" owari="216,-18.4,206,-29.4,223,2.3,355,45.5" /></mjloggm>