<mjloggm ver="2.3"><GO type="225" lobby="0"/><UN n0="%E5%84%AA%40%41%42%43" n1="%E6%A1%9C%E8%8A%B1%E9%96%83%E3%80%85" n2="%48%61%61%61%6C%61%6E%64" n3="%6D%61%74%69%67%75%73%61" dan="17,16,18,17" rate="2145.90,2115.77,2247.02,2238.32" sx="M,M,M,M"/><TAIKYOKU oya="0"/><INIT seed="0,0,0,5,2,119" ten="250,250,250,250" oya="0" hai0="101,89,132,41,64,95,118,26,55,103,133,73,74" hai1="19,82,28,30,110,70,75,83,25,91,105,5,56" hai2="106,87,126,27,61,78,69,111,63,12,24,104,14" hai3="121,21,38,1,40,11,17,135,42,53,60,134,35"/><T97/><D64/><U112/><E70/><V33/><F111/><W15/><G35/><T49/><D41/><U92/><E105/><V124/><F87/><W127/><G127/><N who="2" m="48681" /><F78/><W123/><G53/><T16/><D118/><U116/><E116/><V31/><F27/><W67/><G1/><T129/><D129/><U2/><E110/><V65/><F61/><W57/><G21/><N who="0" m="13607" /><D73/><U23/><E112/><V10/><F12/><W72/><G72/><T93/><D74/><U39/><E2/><V86/><F86/><W102/><G102/><T45/><D93/><U50/><E75/><V85/><F85/><W37/><G42/><T58/><D45/><U79/><E79/><V43/><F43/><W8/><G8/><T84/><D84/><U77/><E77/><V71/><F71/><W36/><G40/><T3/><D3/><U22/><E30/><V107/><F106/><W4/><G17/><AGARI ba="0,0" hai="10,14,17,24,31,33,63,65,69,104,107" m="48681" machi="17" ten="30,1000,0" yaku="18,1" doraHai="119" who="2" fromWho="3" sc="250,0,250,0,250,10,250,-10" /><INIT seed="1,0,0,1,1,71" ten="250,250,260,240" oya="1" hai0="105,36,73,121,77,9,27,115,28,57,101,98,82" hai1="69,55,95,123,37,111,22,97,120,78,128,109,29" hai2="26,21,14,65,91,8,24,125,62,15,23,45,56" hai3="107,108,25,130,88,13,6,129,89,35,79,133,68"/><U53/><E69/><V19/><F125/><W110/><G68/><T117/><D115/><U51/><E78/><V85/><F45/><W12/><G107/><T90/><D117/><U94/><E128/><N who="3" m="49258" /><G79/><T43/><D121/><U20/><E29/><V5/><REACH who="2" step="1"/><F21/><REACH who="2" ten="250,250,250,240" step="2"/><W86/><G133/><T60/><D9/><U76/><E22/><V54/><F54/><W0/><G110/><T92/><D43/><U104/><E20/><V87/><F87/><W74/><G108/><T42/><D42/><U18/><E55/><V80/><AGARI ba="0,1" hai="5,8,14,15,19,23,24,26,56,62,65,80,85,91" machi="80" ten="20,8000,1" yaku="1,1,0,1,7,1,8,1,53,1" doraHai="71" doraHaiUra="1" who="2" fromWho="2" sc="250,-20,250,-40,250,90,240,-20" /><INIT seed="2,0,0,5,0,122" ten="230,210,340,220" oya="2" hai0="41,95,74,124,94,21,28,98,120,126,62,93,16" hai1="49,25,70,68,89,31,131,112,113,52,7,64,9" hai2="117,37,17,121,40,38,61,118,91,82,56,34,116" hai3="119,115,26,132,3,19,99,42,5,84,100,88,15"/><V23/><F121/><W29/><G119/><T104/><D74/><U90/><E131/><V103/><F34/><W130/><G132/><T65/><D120/><U77/><E77/><V83/><F103/><W14/><G130/><T123/><D41/><U43/><E43/><V87/><F83/><W109/><G109/><T60/><D28/><U106/><E106/><V111/><F111/><W18/><G115/><T22/><D22/><U73/><E73/><V46/><F38/><W97/><G42/><T81/><D81/><U58/><E112/><V57/><REACH who="2" step="1"/><F61/><REACH who="2" ten="230,210,330,220" step="2"/><W135/><G100/><N who="0" m="62487" /><D123/><U72/><E113/><V50/><F50/><W11/><G135/><T101/><D101/><U51/><E51/><V32/><F32/><W59/><G88/><T105/><D105/><U55/><E90/><V47/><F47/><W96/><G3/><T13/><D62/><U33/><E89/><V108/><F108/><W78/><G78/><T127/><D93/><U8/><E49/><V54/><F54/><W39/><G39/><T63/><D60/><N who="1" m="37911" /><E55/><V30/><F30/><W69/><G29/><T1/><D1/><N who="1" m="111" /><E52/><V4/><F4/><W66/><G5/><T134/><D134/><U12/><E72/><V0/><F0/><W80/><G80/><T20/><D94/><U45/><E45/><V133/><F133/><W110/><G110/><T102/><D95/><U86/><E33/><V71/><F71/><W2/><G69/><N who="0" m="42175" /><D102/><U10/><E68/><V107/><F107/><W85/><G2/><T76/><D76/><U79/><E70/><V128/><F128/><W129/><G129/><RYUUKYOKU ba="0,1" sc="230,15,210,-15,330,15,220,-15" hai0="13,16,20,21,124,126,127" hai2="17,23,37,40,46,56,57,82,87,91,116,117,118" /><INIT seed="2,1,1,4,1,100" ten="245,195,345,205" oya="2" hai0="29,45,65,130,34,95,66,125,122,103,33,117,3" hai1="105,63,53,87,97,41,36,91,116,54,114,21,84" hai2="64,28,51,99,73,43,133,61,126,8,56,25,113" hai3="30,72,13,80,92,35,19,70,102,111,10,132,55"/><V59/><F113/><W110/><G70/><T68/><D122/><U107/><E114/><V83/><F126/><W109/><G132/><T112/><D112/><U108/><E116/><V85/><F133/><W60/><G35/><T9/><D125/><U104/><E108/><V121/><F121/><W128/><G128/><T94/><D130/><U27/><E36/><V86/><F8/><W135/><G30/><T31/><D117/><U52/><E41/><V12/><F12/><W124/><G124/><T75/><D45/><U78/><E78/><V6/><F6/><W22/><G135/><T48/><D48/><U62/><E97/><V82/><F99/><N who="3" m="59751" /><G22/><T115/><D103/><U79/><E79/><V37/><F37/><W5/><G5/><T50/><D9/><U81/><REACH who="1" step="1"/><E84/><REACH who="1" ten="245,185,345,205" step="2"/><V120/><F85/><W15/><G111/><T4/><D115/><U2/><E2/><V1/><F86/><W57/><G110/><T40/><D3/><U20/><E20/><V74/><F1/><W18/><G109/><T101/><D34/><U58/><E58/><V127/><F56/><W118/><G118/><T14/><D33/><U38/><E38/><V96/><F96/><W7/><G72/><T69/><D75/><U47/><E47/><N who="2" m="26111" /><F127/><W131/><G131/><T89/><D69/><U16/><AGARI ba="1,2" hai="16,21,27,52,53,54,62,63,81,87,91,104,105,107" machi="16" ten="40,12000,2" yaku="1,1,0,1,52,3,54,2,53,0" doraHai="100" doraHaiUra="24" who="1" fromWho="1" sc="245,-31,185,143,345,-61,205,-31" /><INIT seed="3,0,0,3,4,112" ten="214,328,284,174" oya="3" hai0="95,49,127,84,77,3,118,87,130,70,59,14,89" hai1="5,133,68,30,125,41,103,122,116,98,40,18,27" hai2="131,67,121,16,57,119,10,55,56,28,26,42,115" hai3="79,94,109,100,1,120,71,60,113,24,74,90,102"/><W51/><G113/><T132/><D118/><U107/><E116/><V22/><F119/><W76/><G120/><T108/><D70/><U110/><E110/><V123/><F115/><W45/><G1/><T80/><D3/><U4/><E122/><N who="2" m="46603" /><F42/><W126/><G126/><T54/><D108/><U86/><E18/><V36/><F36/><W88/><G109/><T39/><D39/><U66/><E86/><V64/><F131/><W48/><G74/><T72/><D130/><U134/><E125/><V50/><F56/><W31/><G60/><T97/><D127/><U34/><E66/><N who="2" m="25131" /><F10/><W17/><G17/><AGARI ba="0,0" hai="16,17,22,26,28,50,55,57" m="25131,46603" machi="17" ten="30,2000,0" yaku="13,1,54,1" doraHai="112" who="2" fromWho="3" sc="214,0,328,0,284,20,174,-20" owari="214,-18.6,328,42.8,304,10.4,154,-34.6" /></mjloggm>