<mjloggm ver="2.3"><GO type="225" lobby="0"/><UN n0="%43%6F%66%66%65%65" n1="%E3%81%AA%E3%82%81%E3%81%93%E9%9B%80%E5%A3%AB" n2="%E6%A0%B9%E5%85%83%E3%81%8B%E3%82%89%E5%90%B9%E3%81%A3%E9%A3%9B%E3%81%B6" n3="%E3%82%BC%E3%83%AB%E3%83%80%E3%81%AE%E4%BC%9D%E8%AA%AC" dan="17,16,17,17" rate="2153.76,2033.30,2166.77,2241.64" sx="F,M,F,M"/><TAIKYOKU oya="0"/><INIT seed="0,0,0,3,2,6" ten="250,250,250,250" oya="0" hai0="99,5,40,109,35,115,91,33,106,34,73,45,104" hai1="26,69,12,103,112,56,20,46,75,18,105,0,80" hai2="88,125,15,53,54,44,76,4,65,7,74,70,86" hai3="97,25,77,13,62,47,41,59,50,63,9,114,111"/><T119/><D119/><U68/><E0/><V108/><F108/><W121/><G111/><T71/><D115/><U113/><E103/><V82/><F125/><W81/><G114/><N who="1" m="44138" /><E105/><V120/><F120/><W85/><G121/><T134/><D109/><U72/><E56/><V55/><F44/><W64/><G63/><T92/><D73/><N who="1" m="28235" /><E80/><V118/><F118/><W14/><G14/><T89/><D71/><U96/><E96/><V95/><REACH who="2" step="1"/><F15/><REACH who="2" ten="250,250,240,250" step="2"/><W116/><G116/><T107/><D134/><U23/><E46/><V117/><F117/><W8/><G25/><T124/><D124/><U130/><E130/><V16/><F16/><AGARI ba="0,1" hai="12,16,18,20,23,26,68,69" m="28235,44138" machi="16" ten="30,2000,0" yaku="11,1,54,1" doraHai="6" who="1" fromWho="2" sc="250,0,250,30,240,-20,250,0" /><INIT seed="1,0,0,1,0,98" ten="250,280,220,250" oya="1" hai0="34,91,16,1,56,3,131,69,104,32,95,122,111" hai1="70,89,120,49,115,80,130,68,36,46,23,63,20" hai2="37,119,100,124,17,123,81,132,116,47,60,48,99" hai3="26,127,6,39,55,92,76,43,85,86,42,93,96"/><U10/><E115/><V21/><F123/><W59/><G127/><T5/><D69/><U113/><E36/><V134/><F124/><W38/><G6/><T14/><D104/><U109/><E120/><V9/><F60/><W35/><G35/><T73/><D122/><U71/><E130/><V40/><F81/><W107/><G107/><T64/><D73/><U74/><E63/><V27/><F9/><W41/><G39/><T128/><D111/><U94/><E109/><V50/><F50/><W87/><G38/><T62/><D34/><U65/><E65/><V97/><F97/><W79/><G26/><T84/><D32/><U82/><E10/><V125/><F125/><W51/><REACH who="3" step="1"/><G92/><REACH who="3" ten="250,280,220,240" step="2"/><T11/><REACH who="0" step="1"/><D5/><REACH who="0" ten="240,280,220,240" step="2"/><U45/><E113/><V90/><F119/><W112/><G112/><T30/><D30/><U103/><E74/><V15/><F116/><W29/><G29/><T66/><D66/><U101/><E71/><V78/><F134/><W54/><G54/><T108/><D108/><U53/><E53/><V67/><F132/><W13/><G13/><T4/><D4/><U8/><E70/><V19/><F67/><W133/><G133/><T110/><D110/><U121/><E68/><V135/><F135/><W25/><G25/><T52/><D52/><U129/><E121/><V106/><F27/><W102/><AGARI ba="0,2" hai="41,42,43,51,55,59,76,79,85,86,87,93,96,102" machi="102" ten="30,8000,1" yaku="1,1,0,1,8,1,52,1,53,1" doraHai="98" doraHaiUra="44" who="3" fromWho="3" sc="240,-20,280,-40,220,-20,240,100" /><INIT seed="2,0,0,2,0,19" ten="220,240,200,340" oya="2" hai0="126,67,72,64,86,54,121,41,47,56,85,22,16" hai1="61,105,99,96,112,36,70,14,109,88,48,53,43" hai2="118,20,124,79,35,1,33,21,17,95,31,122,4" hai3="103,75,123,135,30,81,62,3,94,40,5,46,25"/><V104/><F104/><W7/><G123/><T6/><D72/><U13/><E112/><V55/><F79/><W45/><G135/><T57/><D121/><U0/><E0/><V69/><F69/><W77/><G62/><T89/><D6/><U114/><E109/><V18/><F95/><W8/><G7/><T9/><D9/><U108/><E108/><V106/><F55/><W100/><G94/><T115/><D86/><U117/><E117/><V130/><F106/><W101/><REACH who="3" step="1"/><G40/><REACH who="3" ten="220,240,200,330" step="2"/><T29/><D41/><U83/><E61/><V52/><F122/><W107/><G107/><T2/><D126/><U59/><E105/><V63/><F124/><W128/><G128/><T44/><D115/><U11/><E43/><V27/><F130/><W127/><G127/><T80/><D2/><U131/><E131/><V133/><F133/><W12/><G12/><T65/><D54/><U24/><E53/><V125/><F125/><W98/><G98/><T71/><D71/><U78/><E99/><V42/><F42/><W34/><AGARI ba="0,1" hai="3,5,8,25,30,34,45,46,75,77,81,100,101,103" machi="34" ten="30,2000,0" yaku="1,1,0,1,53,0" doraHai="19" doraHaiUra="120" who="3" fromWho="3" sc="220,-5,240,-5,200,-10,330,30" /><INIT seed="3,0,0,1,2,2" ten="215,235,190,360" oya="3" hai0="43,77,103,107,86,117,69,98,8,92,111,128,13" hai1="7,25,52,15,104,80,66,83,22,53,6,73,47" hai2="59,120,130,31,14,20,72,46,110,70,40,118,65" hai3="17,30,44,58,74,0,36,9,27,112,100,76,129"/><W124/><G58/><T10/><D117/><U82/><E104/><V62/><F72/><W1/><G17/><T4/><D69/><U85/><E73/><V34/><F118/><W131/><G44/><T42/><D111/><U61/><E15/><V63/><F120/><W121/><G9/><T87/><D128/><U71/><E85/><N who="0" m="32265" /><D107/><U5/><REACH who="1" step="1"/><E47/><REACH who="1" ten="215,225,190,360" step="2"/><V114/><F130/><W45/><G45/><T126/><D126/><U88/><E88/><V23/><F110/><W60/><G74/><T16/><D77/><U135/><E135/><V67/><F114/><W37/><G76/><T39/><D39/><U134/><E134/><V21/><F14/><AGARI ba="0,1" hai="4,8,10,13,14,16,42,43,92,98,103" m="32265" machi="14" ten="30,3900,0" yaku="8,1,52,1,54,1" doraHai="2" who="0" fromWho="2" sc="215,49,225,0,190,-39,360,0" owari="264,6.4,225,-17.5,151,-34.9,360,46.0" /></mjloggm>