<mjloggm ver="2.3"><GO type="225" lobby="0"/><UN n0="%E9%A2%A8%E3%81%A7%E9%B3%B4%E3%81%8F" n1="%6B%75%7A%75%6E" n2="%E3%81%8B%E3%82%8F%E3%81%A1%E3%82%83%E3%82%93%35%38" n3="%E5%8D%A0%E3%81%84%E5%B8%AB%E8%A3%8F%E3%81%AA%E3%81%84%E3%81%97" dan="16,17,17,16" rate="2153.52,2171.08,2116.50,2112.86" sx="M,M,M,M"/><TAIKYOKU oya="0"/><INIT seed="0,0,0,0,0,69" ten="250,250,250,250" oya="0" hai0="47,21,56,125,20,100,97,42,0,2,91,87,7" hai1="83,101,61,74,22,113,60,17,6,85,105,32,37" hai2="80,95,75,122,33,123,5,88,15,59,10,119,8" hai3="38,73,18,98,106,81,96,24,44,118,89,112,41"/><T54/><D125/><U30/><E113/><V63/><F33/><W50/><G112/><T67/><D67/><U84/><E74/><V76/><F10/><W51/><G118/><T53/><D0/><U31/><E6/><V110/><F110/><W4/><G98/><T1/><D2/><U114/><E114/><V58/><F119/><W135/><G135/><T13/><D1/><U28/><E32/><V94/><F94/><W52/><G4/><T43/><D7/><U25/><E37/><V55/><REACH who="2" step="1"/><F58/><REACH who="2" ten="250,250,240,250" step="2"/><W117/><G117/><T49/><D21/><U78/><E105/><V121/><F121/><W11/><G106/><T26/><D20/><U104/><E104/><V68/><F68/><W57/><G11/><T86/><D26/><U82/><REACH who="1" step="1"/><E101/><REACH who="1" ten="250,240,240,250" step="2"/><V16/><F16/><W92/><G18/><T48/><D100/><U116/><E116/><V46/><F46/><W126/><G126/><T39/><D47/><U40/><E40/><V77/><F77/><AGARI ba="0,2" hai="17,22,25,28,30,31,60,61,77,78,82,83,84,85" machi="77" ten="40,5200,0" yaku="1,1,9,1,8,1,53,0" doraHai="69" doraHaiUra="93" who="1" fromWho="2" sc="250,0,240,72,240,-52,250,0" /><INIT seed="1,0,0,3,0,124" ten="250,312,188,250" oya="1" hai0="50,123,55,115,79,98,49,17,24,91,73,83,99" hai1="10,85,92,101,90,52,87,72,8,114,130,34,57" hai2="108,106,109,25,12,94,41,28,40,16,32,51,128" hai3="69,97,43,5,59,132,126,56,76,68,36,0,133"/><U96/><E130/><V67/><F106/><W118/><G76/><T4/><D115/><U47/><E114/><V80/><F67/><W100/><G126/><T81/><D4/><U95/><E34/><V37/><F37/><W78/><G78/><T54/><D123/><U77/><E72/><V93/><F80/><W39/><G5/><T61/><D61/><U19/><E47/><N who="2" m="26087" /><F41/><W29/><G29/><T86/><D24/><U119/><E119/><V33/><F33/><W3/><G43/><T112/><D17/><U27/><E85/><V1/><F1/><W89/><G97/><T70/><D70/><U18/><E77/><V103/><F103/><W127/><G127/><T88/><D91/><U110/><E110/><N who="2" m="42603" /><F128/><W107/><G107/><T26/><D26/><U134/><E27/><V14/><F14/><W42/><G42/><T22/><D22/><AGARI ba="0,0" hai="12,16,22,25,28,32,93,94" m="42603,26087" machi="22" ten="30,2000,0" yaku="14,1,54,1" doraHai="124" who="2" fromWho="0" sc="250,-20,312,0,188,20,250,0" /><INIT seed="2,0,0,2,3,56" ten="230,312,208,250" oya="2" hai0="15,98,58,78,91,82,48,4,123,10,33,45,17" hai1="26,69,133,93,30,18,36,113,90,119,80,97,115" hai2="9,67,32,79,50,122,127,23,57,106,71,92,7" hai3="54,3,64,99,128,39,19,109,14,126,117,49,103"/><V74/><F106/><W108/><G117/><T120/><D33/><U53/><E119/><V29/><F122/><W112/><G39/><T46/><D46/><U132/><E69/><V118/><F118/><W95/><G3/><T40/><D58/><U22/><E36/><V94/><F32/><W96/><G126/><T55/><D55/><U111/><E111/><N who="3" m="42570" /><G128/><T20/><D91/><U31/><E80/><V63/><F127/><W134/><G134/><N who="1" m="51818" /><E53/><V73/><F50/><W13/><G64/><T116/><D98/><U34/><E34/><V43/><F43/><W44/><G112/><AGARI ba="0,0" hai="18,22,26,30,31,90,93,97,112,113,115" m="51818" machi="112" ten="30,1000,0" yaku="20,1" doraHai="56" who="1" fromWho="3" sc="230,0,312,10,208,0,250,-10" /><INIT seed="3,0,0,2,5,135" ten="230,322,208,240" oya="3" hai0="40,26,66,30,20,88,60,28,65,131,121,4,52" hai1="46,100,72,32,85,76,50,102,81,41,113,22,10" hai2="77,97,12,27,124,53,6,111,47,103,48,132,58" hai3="14,95,119,0,70,36,55,68,61,39,57,64,38"/><W67/><G14/><T108/><D121/><U45/><E32/><V98/><F132/><W123/><G95/><T125/><D131/><U75/><E113/><V134/><F134/><W86/><G86/><T31/><D108/><U18/><E72/><V19/><F111/><W56/><G0/><T15/><D40/><U3/><E75/><V110/><F110/><W84/><G84/><T96/><D125/><U115/><E115/><V128/><F128/><W73/><G73/><T94/><D15/><U104/><E104/><V43/><F77/><W79/><G79/><T117/><D4/><U118/><E118/><V11/><F103/><W8/><G8/><T42/><D42/><U49/><E10/><V9/><F124/><W90/><G90/><T37/><D37/><U78/><E78/><V24/><F27/><W25/><G25/><T82/><D82/><U83/><E83/><V17/><F17/><W127/><G127/><T51/><D117/><U106/><E106/><V107/><F107/><W2/><G2/><T63/><D63/><U116/><E3/><V23/><REACH who="2" step="1"/><F11/><REACH who="2" ten="230,322,198,240" step="2"/><W114/><G119/><T120/><D120/><U5/><E116/><V99/><F99/><W74/><G123/><T93/><D60/><AGARI ba="0,1" hai="6,9,12,19,23,24,43,47,48,53,58,60,97,98" machi="60" ten="30,7700,0" yaku="1,1,7,1,8,1,53,1" doraHai="135" doraHaiUra="16" who="2" fromWho="0" sc="230,-77,322,0,198,87,240,0" owari="153,-34.7,322,42.2,285,8.5,240,-16.0" /></mjloggm>