<mjloggm ver="2.3"><GO type="225" lobby="0"/><UN n0="%E3%81%B2%E3%81%BE%E3%81%A4%E3%81%B6%E3%81%97" n1="%E3%81%86%E3%81%A9%E3%82%93%E3%81%93" n2="%E3%83%B4%E3%82%A3%E3%83%AF%E3%82%B3%E3%82%B0%E3%83%8B" n3="%E6%9D%B1%E9%A2%A8%E3%81%AE%E3%81%8D%E3%82%83%E3%81%B7%E3%81%95%E3%82%93" dan="17,16,16,16" rate="2199.87,2168.82,2146.77,2133.77" sx="M,M,M,M"/><TAIKYOKU oya="0"/><INIT seed="0,0,0,1,1,94" ten="250,250,250,250" oya="0" hai0="128,14,46,113,55,60,98,89,111,84,85,66,101" hai1="48,130,7,3,92,100,88,44,0,81,108,67,59" hai2="82,26,49,23,4,63,68,42,131,29,129,20,75" hai3="53,6,5,28,2,22,12,132,134,69,110,65,96"/><T116/><D113/><U56/><E108/><V73/><F4/><W11/><G110/><T104/><D111/><U24/><E130/><N who="2" m="49675" /><F82/><W70/><G53/><T31/><D128/><U121/><E121/><V50/><F20/><W35/><G65/><T62/><D116/><U77/><E100/><V103/><F103/><W127/><G127/><T91/><D31/><U36/><E36/><V105/><F105/><W10/><G96/><T122/><D122/><U119/><E119/><V76/><F76/><W117/><G117/><T43/><D14/><U87/><E24/><V39/><F39/><W41/><G41/><T32/><D32/><U109/><E109/><V125/><F125/><W64/><G35/><T114/><D114/><U18/><E18/><V90/><F90/><W27/><REACH who="3" step="1"/><G64/><REACH who="3" ten="250,250,250,240" step="2"/><T112/><D55/><U120/><E120/><V123/><F123/><W93/><G93/><T54/><D54/><U79/><E67/><N who="2" m="41087" /><F42/><W99/><G99/><T71/><D112/><U33/><E33/><V86/><F86/><W45/><G45/><T61/><D85/><U102/><E87/><V135/><F135/><AGARI ba="0,1" hai="2,5,6,10,11,12,22,27,28,69,70,132,134,135" machi="135" ten="40,2600,0" yaku="1,1,20,1,53,0" doraHai="94" doraHaiUra="107" who="3" fromWho="2" sc="250,0,250,0,250,-26,240,36" /><INIT seed="1,0,0,2,5,11" ten="250,250,224,276" oya="1" hai0="110,49,122,44,124,34,74,115,7,21,135,111,134" hai1="12,87,33,66,132,116,54,93,37,64,55,84,86" hai2="100,109,82,99,62,81,20,16,24,123,126,133,2" hai3="1,96,97,65,13,107,119,41,4,40,6,95,25"/><U43/><E116/><V14/><F109/><N who="0" m="41482" /><D115/><U98/><E33/><V52/><F126/><W9/><G119/><T61/><D124/><U35/><E35/><V72/><F123/><W89/><G65/><N who="1" m="25194" /><E43/><V10/><F2/><W71/><G71/><T36/><D34/><U56/><E37/><V91/><F72/><W121/><G121/><T106/><D74/><U60/><E132/><N who="0" m="50729" /><D122/><U131/><E131/><V67/><F133/><W48/><G25/><T22/><D106/><U114/><E114/><V105/><F91/><W5/><G1/><T58/><D7/><U113/><E113/><V112/><F52/><N who="1" m="20009" /><E56/><V30/><REACH who="2" step="1"/><F112/><REACH who="2" ten="250,250,214,276" step="2"/><W75/><G75/><T26/><D58/><AGARI ba="0,1" hai="10,14,16,20,24,30,58,62,67,81,82,99,100,105" machi="58" ten="30,8000,1" yaku="1,1,2,1,7,1,52,1,54,1,53,0" doraHai="11" doraHaiUra="28" who="2" fromWho="0" sc="250,-80,250,0,214,90,276,0" /><INIT seed="2,0,0,0,1,129" ten="170,250,304,276" oya="2" hai0="8,48,2,131,111,37,53,123,80,30,54,88,103" hai1="95,24,116,135,11,83,102,78,1,66,34,119,90" hai2="109,51,63,118,14,58,113,97,106,133,44,55,56" hai3="46,29,31,128,43,112,50,75,67,15,86,35,99"/><V126/><F113/><W68/><G75/><T12/><D131/><U40/><E102/><V69/><F118/><W130/><G112/><T77/><D123/><U124/><E66/><V110/><F106/><W81/><G15/><T25/><D111/><N who="2" m="42506" /><F97/><W36/><G99/><T6/><D37/><U64/><E64/><N who="2" m="41119" /><F14/><W108/><G108/><T98/><D2/><U101/><E101/><V114/><F114/><W3/><G3/><T7/><D7/><U70/><E70/><V32/><F32/><W72/><G50/><T57/><D54/><U41/><E34/><V73/><F73/><W74/><G130/><T47/><D57/><N who="2" m="22122" /><F133/><W42/><G128/><T22/><D88/><U19/><E90/><V82/><F82/><W59/><G35/><T21/><D21/><U76/><E83/><V100/><F100/><W13/><G81/><T117/><D117/><U28/><E116/><V120/><F126/><W16/><G74/><T104/><D80/><U134/><E124/><V127/><F127/><W60/><G72/><T39/><D77/><N who="1" m="29803" /><E95/><V9/><F9/><W122/><G86/><T4/><D4/><N who="1" m="1423" /><E119/><V132/><F132/><N who="1" m="50729" /><E28/><V93/><F93/><W27/><G31/><T5/><D5/><U96/><E96/><V62/><F62/><W26/><G60/><T49/><D98/><U10/><E10/><V79/><F79/><W94/><G29/><T61/><D104/><U84/><E84/><V105/><F105/><W125/><G125/><T17/><D103/><U0/><E0/><V38/><F120/><W107/><G122/><T45/><D6/><U92/><E92/><RYUUKYOKU ba="0,0" sc="170,-15,250,15,304,15,276,-15" hai1="19,24,40,41" hai2="38,44,51,55" /><INIT seed="2,1,0,1,5,80" ten="155,265,319,261" oya="2" hai0="71,4,55,107,39,53,14,129,94,91,89,24,20" hai1="102,72,43,47,77,117,78,33,120,41,19,56,40" hai2="121,25,34,0,108,49,61,87,21,100,83,133,8" hai3="88,15,42,11,1,110,13,97,131,111,114,32,28"/><V48/><F121/><W10/><G42/><T81/><D129/><U31/><E117/><V128/><F128/><W90/><G131/><T134/><D134/><U101/><E120/><V16/><F133/><W46/><G46/><T51/><D107/><U79/><E72/><V124/><F124/><W17/><G114/><T130/><D130/><U84/><E47/><V37/><F37/><W70/><G70/><T118/><D118/><U62/><E31/><V64/><F100/><N who="1" m="38505" /><E33/><V82/><F82/><W9/><G97/><T126/><D126/><U36/><E36/><V122/><F122/><W6/><G88/><T75/><D71/><U65/><E19/><V44/><F34/><W99/><G90/><T69/><D39/><U35/><E35/><V92/><F92/><W85/><G99/><T5/><D69/><U98/><E98/><V116/><F116/><W67/><G67/><T45/><D75/><U93/><E93/><V112/><F112/><W132/><G132/><T127/><D127/><U76/><E76/><V125/><F125/><W52/><G52/><T54/><D81/><AGARI ba="1,0" hai="40,41,43,56,62,65,77,78,79,81,84" m="38505" machi="81" ten="30,2000,0" yaku="8,1,52,1" doraHai="80" who="1" fromWho="0" sc="155,-23,265,23,319,0,261,0" /><INIT seed="3,0,0,1,1,79" ten="132,288,319,261" oya="3" hai0="73,42,110,112,94,5,39,66,0,133,7,41,9" hai1="40,83,128,63,59,62,103,115,118,117,28,77,36" hai2="71,35,68,67,16,33,18,31,107,29,27,102,127" hai3="70,96,25,60,52,121,75,108,51,90,84,24,23"/><W125/><G75/><T6/><D133/><U55/><E115/><V88/><F127/><W114/><G121/><T132/><D132/><U119/><E103/><V82/><F31/><W21/><G125/><T44/><D112/><U87/><E128/><V92/><F82/><W85/><G114/><T80/><D110/><U4/><E28/><V20/><F35/><W81/><G108/><T123/><D123/><U64/><E4/><V106/><F102/><W48/><G96/><T2/><D2/><U100/><E100/><V61/><F18/><N who="3" m="12343" /><G84/><T37/><D66/><U74/><E74/><V1/><F68/><W131/><G131/><T34/><D34/><U126/><E126/><V26/><F1/><W47/><G70/><T116/><D94/><U50/><E64/><V97/><AGARI ba="0,0" hai="16,20,26,27,29,33,61,67,71,88,92,97,106,107" machi="97" ten="20,5200,0" yaku="0,1,7,1,54,2" doraHai="79" who="2" fromWho="2" sc="132,-13,288,-13,319,52,261,-26" owari="119,-38.1,275,7.5,371,47.1,235,-16.5" /></mjloggm>