<mjloggm ver="2.3"><GO type="225" lobby="0"/><UN n0="%E9%80%86%E9%80%A3%E5%B8%AF%E3%81%AE%E9%AC%BC" n1="%4E%6F%2E%30%30%30%31" n2="%E3%81%86%E3%82%8B%E3%81%8A%E3%81%A1%E3%82%83" n3="%E9%80%9F%E6%B0%B4%E5%87%9B%E9%A6%99" dan="16,18,16,17" rate="2139.93,2239.78,2117.78,2171.63" sx="M,M,F,F"/><TAIKYOKU oya="0"/><INIT seed="0,0,0,3,5,77" ten="250,250,250,250" oya="0" hai0="23,48,56,68,2,63,99,86,59,45,131,69,16" hai1="11,117,32,35,26,121,109,25,53,60,76,105,30" hai2="43,79,84,110,115,54,44,5,74,17,90,28,82" hai3="120,52,129,100,4,103,130,20,96,92,39,106,78"/><T80/><D131/><N who="3" m="50185" /><G39/><T66/><D2/><U95/><E105/><V14/><F115/><W41/><G41/><T64/><D99/><U87/><E117/><V31/><F54/><W70/><G70/><T107/><D107/><U89/><E121/><V123/><F5/><W15/><G120/><T108/><D108/><U119/><E119/><V46/><F46/><W29/><G29/><T113/><D113/><U122/><E122/><V24/><F24/><W125/><G125/><T124/><D124/><U97/><E109/><V75/><F75/><W134/><G78/><T127/><D127/><U22/><E11/><V73/><F73/><W34/><G34/><T67/><D69/><U71/><E26/><V91/><F91/><N who="3" m="55327" /><G106/><T18/><D68/><U83/><REACH who="1" step="1"/><E53/><REACH who="1" ten="250,240,250,250" step="2"/><V111/><F123/><W102/><G52/><N who="0" m="29711" /><D59/><U126/><E126/><V33/><F111/><W37/><G134/><T1/><D1/><U49/><E49/><V21/><F110/><W38/><G20/><T19/><D23/><U94/><E94/><V50/><F33/><W114/><G114/><T112/><D112/><U6/><E6/><V36/><REACH who="2" step="1"/><F50/><REACH who="2" ten="250,240,240,250" step="2"/><W118/><G118/><T85/><D56/><U55/><E55/><V116/><F116/><W3/><G3/><T98/><D63/><U132/><E132/><V93/><AGARI ba="0,2" hai="14,17,21,28,31,36,43,44,74,79,82,84,90,93" machi="93" ten="20,5200,0" yaku="1,1,0,1,7,1,52,1,53,0" doraHai="77" doraHaiUra="101" who="2" fromWho="2" sc="250,-26,240,-13,240,72,250,-13" /><INIT seed="1,0,0,1,4,48" ten="224,227,312,237" oya="1" hai0="116,128,46,83,104,43,32,16,87,112,30,120,93" hai1="2,86,97,108,20,95,68,7,66,27,49,55,51" hai2="8,123,124,50,118,78,11,15,39,14,102,38,4" hai3="31,101,134,81,135,71,18,76,85,129,62,73,3"/><U52/><E68/><V79/><F118/><W82/><G3/><T56/><D116/><U58/><E2/><V21/><F123/><W0/><G0/><T65/><D112/><U12/><E66/><V25/><F124/><W61/><G101/><T110/><D104/><U125/><E125/><V122/><F122/><W19/><G31/><T103/><D110/><U119/><E119/><V35/><F35/><W17/><G129/><T74/><D128/><U131/><E131/><V34/><F34/><W36/><G36/><T54/><D74/><U28/><E86/><V72/><F102/><W96/><G96/><T94/><D65/><U64/><E64/><V105/><F105/><W88/><REACH who="3" step="1"/><G71/><REACH who="3" ten="224,227,312,227" step="2"/><T13/><D103/><N who="1" m="60863" /><E108/><V69/><F69/><W37/><G37/><T121/><D121/><U126/><E126/><V84/><F39/><W113/><G113/><T127/><D127/><U109/><E109/><V106/><F38/><W111/><G111/><T133/><D120/><U10/><E55/><V5/><F106/><W1/><G1/><T115/><D115/><U107/><E107/><V26/><F72/><W100/><G100/><T91/><D54/><U60/><AGARI ba="0,1" hai="7,10,12,20,27,28,49,51,52,58,60" m="60863" machi="60" ten="30,6000,0" yaku="8,1,52,1,54,1" doraHai="48" who="1" fromWho="1" sc="224,-20,227,70,312,-20,227,-20" /><INIT seed="1,1,0,4,2,48" ten="204,297,292,207" oya="1" hai0="124,75,1,114,129,49,23,0,100,131,77,46,96" hai1="72,99,18,55,93,54,79,56,104,125,120,26,3" hai2="127,102,119,111,89,58,67,60,51,27,66,109,41" hai3="64,32,28,116,95,17,86,12,35,108,133,45,24"/><U105/><E120/><V2/><F119/><W33/><G108/><N who="2" m="41545" /><F127/><W52/><G133/><T106/><D124/><U103/><E3/><V82/><F2/><W90/><G64/><T88/><D114/><U44/><E125/><V21/><F102/><W113/><G113/><T62/><D62/><U37/><E72/><V117/><F117/><W11/><REACH who="3" step="1"/><G116/><REACH who="3" ten="204,297,292,197" step="2"/><T70/><D131/><U123/><E123/><V97/><F67/><W135/><G135/><T7/><D129/><U118/><E118/><V8/><F66/><W74/><G74/><T43/><D75/><U31/><E104/><V122/><F122/><W47/><G47/><T94/><D70/><U20/><E105/><V5/><F60/><W34/><G34/><T107/><D107/><U65/><E44/><N who="2" m="25999" /><F58/><W53/><G53/><N who="1" m="19978" /><E37/><V6/><F8/><W98/><G98/><T87/><D96/><U84/><E56/><V61/><F61/><W16/><G16/><T63/><D63/><U110/><E65/><V36/><F36/><W78/><G78/><T128/><D77/><U15/><E110/><V14/><F14/><W29/><G29/><T39/><D128/><U38/><E38/><V101/><F101/><W25/><G25/><T10/><D39/><U13/><E31/><N who="2" m="17903" /><F97/><W83/><G83/><AGARI ba="1,1" hai="13,15,18,20,26,79,83,84,93,99,103" m="19978" machi="83" ten="30,11600,0" yaku="8,1,52,3" doraHai="48" who="1" fromWho="3" sc="204,0,297,129,292,0,197,-119" /><INIT seed="1,2,0,5,0,108" ten="204,426,292,78" oya="1" hai0="91,104,31,4,107,43,2,13,100,90,29,40,95" hai1="93,14,0,5,126,27,73,57,50,41,128,111,25" hai2="47,18,63,51,38,66,16,64,88,15,81,10,42" hai3="37,80,134,84,83,76,89,114,109,35,49,119,116"/><U22/><E73/><V130/><F130/><W33/><G49/><T131/><D131/><U115/><E115/><V61/><F38/><W86/><G37/><T106/><D13/><U122/><E128/><V129/><F18/><W1/><G1/><T77/><D77/><U97/><E122/><V32/><F32/><W87/><G33/><T53/><D53/><U11/><E126/><V118/><F118/><N who="3" m="45099" /><G35/><T12/><D2/><U124/><E124/><V55/><F129/><W70/><G70/><T52/><D52/><N who="1" m="31895" /><E0/><V133/><F133/><W135/><G109/><T23/><D43/><U19/><E111/><V59/><F63/><W69/><G69/><T54/><D54/><U74/><E74/><V48/><F48/><W68/><G68/><T105/><D40/><U60/><E41/><V92/><F81/><W34/><G34/><T127/><D127/><U44/><E60/><V72/><F72/><W28/><G28/><T125/><D31/><U8/><E44/><V112/><F112/><W24/><G24/><N who="1" m="9290" /><E5/><V6/><F6/><W45/><G45/><T20/><D29/><U102/><AGARI ba="2,0" hai="8,11,14,19,22,93,97,102" m="9290,31895" machi="102" ten="30,3000,0" yaku="8,1,54,1" doraHai="108" who="1" fromWho="1" sc="204,-12,426,36,292,-12,78,-12" /><INIT seed="1,3,0,2,3,134" ten="192,462,280,66" oya="1" hai0="114,98,85,87,102,133,8,112,44,48,19,88,124" hai1="60,18,15,86,69,55,45,75,76,36,57,118,20" hai2="21,26,49,4,123,129,70,50,84,68,39,5,126" hai3="73,63,110,135,7,34,107,30,92,81,24,29,10"/><U12/><E118/><V52/><F123/><W53/><G107/><T38/><D133/><U132/><E75/><V66/><F129/><W1/><G135/><T82/><D38/><U71/><E132/><V103/><F39/><W116/><G110/><T56/><D56/><U31/><E31/><N who="2" m="17871" /><F70/><W28/><G116/><T58/><D58/><U40/><E76/><V37/><F37/><W100/><G63/><T72/><D72/><U80/><E12/><V104/><F104/><W67/><G67/><T78/><D124/><U127/><E127/><V62/><F68/><W83/><G53/><T120/><D120/><U17/><E17/><V95/><F126/><W25/><G73/><T115/><D19/><U54/><E54/><V106/><F106/><W0/><G92/><T74/><D8/><U94/><E94/><V121/><F121/><W101/><G101/><T27/><D27/><N who="3" m="10313" /><G100/><T42/><REACH who="0" step="1"/><D88/><REACH who="0" ten="182,462,280,66" step="2"/><U117/><E117/><V16/><F16/><W90/><G90/><T130/><D130/><U113/><E69/><V128/><F128/><W109/><G109/><T111/><D111/><U96/><E71/><V97/><F84/><W33/><G83/><T23/><D23/><U122/><E122/><V2/><F66/><W131/><G81/><T14/><D14/><U47/><E80/><V93/><F2/><N who="3" m="375" /><G131/><T35/><D35/><AGARI ba="3,1" hai="0,1,28,29,30,33,34,35" m="375,10313" machi="35" ten="30,8000,1" yaku="35,5" doraHai="134" who="3" fromWho="0" sc="182,-89,462,0,280,0,66,99" /><INIT seed="2,0,0,4,3,12" ten="93,462,280,165" oya="2" hai0="72,79,88,99,128,57,37,101,44,134,83,107,74" hai1="119,54,122,47,22,0,26,131,112,97,15,58,81" hai2="84,118,113,27,24,45,60,94,96,123,16,50,135" hai3="129,6,82,5,42,53,125,95,56,75,64,63,111"/><V130/><F113/><W32/><G32/><T1/><D134/><U7/><E112/><V73/><F118/><W116/><G116/><T43/><D128/><U48/><E119/><V105/><F73/><W109/><G129/><T114/><D114/><U62/><E131/><V121/><F130/><W14/><G42/><T33/><D33/><U103/><E0/><V90/><F135/><W4/><G125/><T132/><D132/><U85/><E122/><V17/><F60/><W127/><G127/><T31/><D31/><U108/><E108/><N who="3" m="41546" /><G95/><T20/><D74/><U67/><E15/><V133/><F133/><W21/><G21/><T51/><D20/><U18/><E7/><V70/><F70/><W61/><G14/><T98/><D1/><U52/><E97/><V55/><F105/><W9/><G9/><T3/><D3/><U30/><E103/><N who="2" m="60823" /><F123/><W100/><G100/><T38/><REACH who="0" step="1"/><D57/><REACH who="0" ten="83,462,280,165" step="2"/><U77/><E30/><V106/><F121/><W91/><G75/><T93/><AGARI ba="0,1" hai="37,38,43,44,51,72,79,83,88,93,98,99,101,107" machi="93" ten="30,7900,0" yaku="1,1,2,1,0,1,54,1,53,0" doraHai="12" doraHaiUra="8" who="0" fromWho="0" sc="83,89,462,-20,280,-39,165,-20" /><INIT seed="3,0,0,0,0,83" ten="172,442,241,145" oya="3" hai0="87,21,127,124,37,49,94,110,50,100,126,68,64" hai1="108,120,79,71,76,113,128,63,33,66,132,58,18" hai2="25,56,102,80,72,97,117,130,14,4,85,10,48" hai3="6,91,55,53,54,99,40,43,42,46,59,5,70"/><W65/><G99/><T118/><D118/><U115/><E120/><V7/><F117/><W77/><G77/><T103/><D110/><U96/><E33/><V105/><F130/><W24/><G24/><T39/><D21/><U86/><E108/><V114/><F114/><W38/><G91/><N who="0" m="53631" /><D64/><U125/><E125/><V82/><F72/><W104/><G104/><T1/><D68/><U131/><E132/><V31/><F4/><W109/><G109/><T75/><D1/><U45/><E71/><V47/><F56/><W123/><G123/><T89/><D75/><U12/><E45/><V81/><F25/><W112/><G112/><T28/><D28/><U134/><E134/><V116/><F31/><W62/><G5/><T36/><D89/><U92/><E86/><V41/><REACH who="2" step="1"/><F116/><REACH who="2" ten="172,442,231,145" step="2"/><W61/><REACH who="3" step="1"/><G6/><REACH who="3" ten="172,442,231,135" step="2"/><T98/><D126/><U9/><E115/><V121/><F121/><W101/><G101/><T20/><D124/><U16/><E79/><AGARI ba="0,2" hai="7,10,14,41,47,48,79,80,81,82,85,97,102,105" machi="79" ten="30,8000,1" yaku="1,1,7,1,25,2,52,1,53,0" doraHai="83" doraHaiUra="52" who="2" fromWho="1" sc="172,0,442,-80,231,100,135,0" owari="172,-22.8,362,46.2,331,13.1,135,-36.5" /></mjloggm>