<mjloggm ver="2.3"><GO type="225" lobby="0"/><UN n0="%E3%81%AF%E3%82%88%E3%81%8A%E3%81%98%E3%81%95%E3%82%93" n1="%72%61%6B%33" n2="%E6%98%93%E5%88%A9%E8%96%A9%E4%BC%AF" n3="%E8%81%B7%E6%A5%AD%E3%80%81%E9%A2%A8%32" dan="16,16,16,16" rate="2152.63,2202.41,2124.78,2106.22" sx="M,M,F,M"/><TAIKYOKU oya="0"/><INIT seed="0,0,0,1,1,48" ten="250,250,250,250" oya="0" hai0="26,129,108,86,116,62,67,58,87,56,117,83,25" hai1="122,88,106,75,123,133,11,29,64,15,98,1,130" hai2="44,134,109,37,27,55,132,34,57,42,95,128,50" hai3="51,39,22,60,72,119,96,84,18,118,38,127,47"/><T45/><D129/><U78/><E1/><V79/><F79/><W4/><G72/><T100/><D108/><U104/><E29/><V103/><F34/><W110/><G110/><T73/><D73/><U40/><E64/><V8/><F109/><W70/><G127/><T90/><D100/><U113/><E40/><V77/><F27/><W23/><G4/><T121/><D121/><U49/><E49/><N who="2" m="30959" /><F8/><W76/><G39/><T5/><D5/><U52/><E130/><V30/><F30/><W16/><G38/><T71/><D116/><U19/><E133/><N who="2" m="51307" /><F77/><W65/><G118/><T35/><D117/><U3/><E3/><V82/><F82/><W99/><G119/><T120/><D120/><U125/><E78/><V17/><F17/><W28/><G28/><T93/><D35/><U33/><E33/><V31/><F31/><W111/><G111/><T20/><D25/><U92/><E123/><V85/><F37/><W6/><G6/><T7/><D7/><U9/><E122/><V24/><F24/><W59/><G18/><T80/><D83/><U102/><E9/><V53/><F128/><W46/><G23/><T36/><D26/><U61/><E11/><V89/><F103/><W69/><G22/><T105/><D20/><U101/><E102/><V91/><F91/><W68/><G16/><T41/><D105/><U97/><E104/><V112/><F112/><W107/><G107/><T114/><D114/><U63/><E113/><V81/><F81/><N who="3" m="47143" /><G51/><T74/><D74/><U135/><E75/><V43/><AGARI ba="0,0" hai="42,43,44,50,53,85,89,95" m="51307,30959" machi="43" ten="30,4000,0" yaku="20,1,52,2" doraHai="48" who="2" fromWho="2" sc="250,-20,250,-10,250,40,250,-10" /><INIT seed="1,0,0,4,5,7" ten="230,240,290,240" oya="1" hai0="81,54,31,82,102,42,47,99,80,128,29,117,23" hai1="115,14,18,104,32,51,110,135,120,75,28,77,62" hai2="60,39,36,125,8,114,12,35,88,123,91,9,90" hai3="107,57,133,19,126,72,89,37,67,45,25,43,78"/><U0/><E115/><V96/><F123/><W106/><G126/><T26/><D128/><U98/><E120/><V127/><F35/><W132/><G78/><T121/><D117/><U86/><E135/><N who="3" m="51786" /><G72/><T63/><D121/><U6/><E75/><V53/><F114/><W41/><G41/><T69/><D69/><U83/><E110/><V124/><F96/><W2/><G2/><T70/><D70/><U97/><E62/><V105/><F105/><W93/><G57/><T76/><D63/><U1/><E51/><V65/><F53/><W130/><G67/><T44/><D54/><U38/><E38/><N who="2" m="14379" /><F12/><W71/><G71/><AGARI ba="0,0" hai="8,9,60,65,71,88,90,91,124,125,127" m="14379" machi="71" ten="40,8000,1" yaku="18,1,52,2,54,1" doraHai="7" who="2" fromWho="3" sc="230,0,240,0,290,80,240,-80" /><INIT seed="2,0,0,0,4,75" ten="230,240,370,160" oya="2" hai0="44,42,99,109,131,110,135,111,0,31,83,88,64" hai1="45,53,22,82,1,121,86,12,28,67,32,96,30" hai2="106,130,49,104,41,134,19,133,57,59,73,94,60" hai3="43,113,84,117,62,89,105,13,27,128,58,3,72"/><V23/><F73/><W15/><G3/><T92/><D0/><U119/><E1/><V37/><F37/><W108/><G72/><T78/><D131/><U127/><E32/><V39/><F39/><W66/><G108/><T95/><D135/><N who="2" m="51722" /><F130/><W33/><G105/><N who="2" m="40553" /><F94/><W55/><G128/><T7/><D7/><U126/><E119/><V14/><F60/><W9/><G117/><T6/><D6/><U11/><E121/><V90/><F90/><W85/><G113/><T102/><D64/><U76/><E67/><V21/><F21/><W29/><G43/><T25/><D44/><AGARI ba="0,0" hai="14,19,23,41,44,49,57,59" m="40553,51722" machi="44" ten="30,1500,0" yaku="20,1" doraHai="75" who="2" fromWho="0" sc="230,-15,240,0,370,15,160,0" /><INIT seed="2,1,0,5,4,15" ten="215,240,385,160" oya="2" hai0="134,112,105,98,81,4,124,19,9,39,91,61,36" hai1="73,129,102,113,86,95,101,29,22,82,122,69,104" hai2="45,8,100,78,40,41,62,59,84,55,107,18,92" hai3="111,27,93,132,50,49,99,25,80,103,0,51,127"/><V13/><F107/><W5/><G111/><T21/><D112/><U52/><E69/><V85/><F78/><W110/><G110/><T89/><D124/><U11/><E129/><V106/><F106/><W114/><G127/><T94/><D134/><U28/><E73/><V65/><F65/><W26/><G132/><T10/><D105/><U37/><E37/><V17/><F100/><W58/><G114/><T43/><D43/><N who="2" m="16458" /><F45/><W64/><G0/><T121/><D121/><U120/><E104/><V88/><F85/><W53/><G5/><AGARI ba="1,0" hai="5,8,13,17,18,55,59,62,84,88,92" m="16458" machi="5" ten="30,11600,0" yaku="8,1,52,2,54,1" doraHai="15" who="2" fromWho="3" sc="215,0,240,0,385,119,160,-119" /><INIT seed="2,2,0,5,5,38" ten="215,240,504,41" oya="2" hai0="81,131,60,65,9,59,61,44,54,77,29,130,74" hai1="92,132,96,23,27,48,135,98,14,73,46,101,35" hai2="113,70,68,90,12,13,6,21,0,87,124,120,133" hai3="15,89,62,116,51,45,52,32,109,39,71,117,82"/><V123/><F113/><W22/><G109/><T105/><D105/><U47/><E73/><V40/><F133/><W30/><G32/><T42/><D29/><U26/><E35/><V11/><F124/><W83/><G39/><T4/><D60/><U129/><E129/><N who="0" m="49161" /><D54/><U24/><E98/><V97/><F97/><W100/><G100/><T28/><D28/><U31/><E46/><V126/><F126/><W36/><G36/><N who="0" m="21575" /><D9/><U127/><E127/><V76/><F70/><W67/><G89/><T56/><D4/><U112/><E112/><V86/><F90/><W85/><G85/><T88/><D88/><U55/><E31/><V63/><F63/><W57/><G71/><AGARI ba="2,0" hai="56,59,61,65,71,74,77,81" m="21575,49161" machi="71" ten="30,2000,0" yaku="19,1,52,1" doraHai="38" who="0" fromWho="3" sc="215,26,240,0,504,0,41,-26" /><INIT seed="3,0,0,3,2,64" ten="241,240,504,15" oya="3" hai0="19,2,17,125,101,32,12,39,117,115,80,109,16" hai1="6,126,107,25,131,11,78,21,99,10,127,66,88" hai2="123,85,24,33,27,44,50,86,119,9,134,56,15" hai3="41,3,8,42,7,43,45,90,98,130,132,97,128"/><W103/><G132/><T18/><D117/><U81/><E131/><N who="3" m="50218" /><G90/><T68/><D2/><U104/><E66/><V70/><F119/><W112/><G112/><T129/><D68/><U28/><E88/><V105/><F105/><N who="3" m="63727" /><G98/><T94/><D129/><U122/><E122/><V93/><F93/><W108/><G108/><T0/><D0/><U31/><E31/><V60/><F123/><W111/><G111/><T71/><D109/><U30/><E30/><V57/><F86/><W51/><AGARI ba="0,0" hai="3,7,8,41,42,43,45,51" m="63727,50218" machi="51" ten="30,1500,0" yaku="19,1" doraHai="64" who="3" fromWho="3" sc="241,-5,240,-5,504,-5,15,15" /><INIT seed="3,1,0,1,5,34" ten="236,235,499,30" oya="3" hai0="13,60,58,4,44,80,7,130,91,74,54,121,134" hai1="76,114,17,30,21,41,127,24,117,73,70,15,113" hai2="124,14,16,126,0,110,109,102,133,46,52,105,67" hai3="6,82,22,42,63,81,111,107,135,28,12,120,94"/><W106/><G120/><T33/><D33/><U129/><E70/><V72/><F0/><W132/><G111/><N who="2" m="42505" /><F72/><W68/><G42/><T20/><D121/><U37/><E76/><V118/><F133/><N who="3" m="51275" /><G94/><T89/><D134/><U104/><E73/><V131/><F118/><W99/><G6/><N who="0" m="2091" /><D74/><U29/><E104/><N who="3" m="39978" /><G99/><T100/><D130/><U26/><E129/><V115/><F131/><W128/><G128/><T83/><D100/><U3/><E117/><V18/><F102/><W61/><G68/><T101/><D101/><U97/><E97/><V39/><F105/><W51/><G51/><N who="0" m="29031" /><D83/><N who="3" m="31753" /><G28/><T50/><D50/><U55/><E29/><V27/><F39/><W10/><G22/><T56/><D56/><U49/><E30/><V75/><F46/><W119/><G119/><T38/><D38/><U23/><E37/><V112/><F75/><W93/><G93/><T65/><D80/><U2/><E21/><V98/><F98/><W53/><G53/><T77/><D77/><U11/><E23/><V125/><F52/><W40/><G40/><T87/><D87/><U108/><E55/><V122/><F122/><W25/><G25/><N who="1" m="9834" /><E108/><V79/><F79/><W116/><G116/><T90/><D20/><U5/><E41/><V36/><F36/><W62/><G10/><T31/><D31/><U71/><E71/><V69/><F27/><W57/><G57/><T78/><D78/><U85/><E49/><V95/><F95/><W47/><G47/><T66/><D66/><U86/><E11/><N who="2" m="6239" /><F67/><W96/><G96/><T88/><D90/><U103/><E103/><V8/><F69/><RYUUKYOKU ba="1,0" sc="236,10,235,-30,499,10,30,10" hai0="13,58,60,65,88,89,91" hai2="8,18,112,115,124,125,126" hai3="12,61,62,63" /><INIT seed="3,2,0,5,0,108" ten="246,205,509,40" oya="3" hai0="38,47,70,98,60,19,131,66,120,72,116,80,121" hai1="68,25,118,63,58,130,14,91,52,79,29,51,7" hai2="40,94,34,71,87,67,48,8,111,46,134,77,123" hai3="65,96,50,83,109,99,64,112,39,43,132,13,85"/><W100/><G112/><T2/><D116/><U104/><E118/><V17/><F34/><W21/><G109/><T11/><D131/><U45/><E130/><V106/><F106/><W22/><G39/><T33/><D98/><N who="3" m="37417" /><G100/><T24/><D19/><U61/><E104/><V113/><F123/><W74/><G74/><T114/><D114/><U84/><E68/><V126/><F126/><W101/><G101/><T27/><D27/><U53/><E79/><V117/><F117/><W36/><G36/><T124/><D124/><U125/><E125/><V90/><F134/><W81/><G132/><T129/><D129/><U6/><E63/><V18/><F111/><W42/><G50/><T127/><D127/><U9/><E7/><V41/><F113/><W135/><G13/><T35/><D35/><U37/><E37/><V57/><F71/><W4/><G4/><N who="0" m="1431" /><D24/><U93/><E25/><V103/><F103/><W62/><G62/><T86/><D86/><U10/><E10/><V119/><F119/><W122/><G122/><T107/><D33/><U89/><E89/><V54/><F8/><W97/><N who="3" m="37425" /><W23/><DORA hai="1" /><G135/><T32/><D32/><U12/><E29/><V115/><F115/><W28/><G28/><T102/><D102/><U49/><E61/><N who="2" m="38319" /><F77/><N who="3" m="46255" /><G83/><T110/><D107/><U88/><E91/><V31/><F31/><W75/><G75/><T128/><D128/><U59/><E14/><V105/><F105/><W55/><G55/><T15/><D15/><U26/><E26/><V3/><F3/><W5/><G5/><T30/><D60/><U20/><E20/><RYUUKYOKU ba="2,0" sc="246,-30,205,10,509,10,40,10" hai1="6,9,12,45,49,51,52,53,58,59,84,88,93" hai2="17,18,40,41,46,48,54,87,90,94" hai3="21,22,23,42,43,64,65" /><INIT seed="3,3,0,2,5,12" ten="216,215,519,50" oya="3" hai0="0,96,76,37,32,33,88,59,17,108,6,86,65" hai1="71,22,133,63,131,94,85,56,124,104,132,39,99" hai2="74,21,125,106,49,48,14,54,73,111,52,20,95" hai3="98,128,38,103,126,130,5,64,100,134,66,34,10"/><W75/><G34/><T62/><D37/><U31/><E39/><V115/><F106/><W51/><G38/><T102/><D76/><U107/><E71/><V2/><F2/><W91/><G75/><T26/><D108/><U89/><E124/><V24/><F115/><W58/><G126/><T77/><D77/><U69/><E69/><V40/><F40/><W70/><G70/><T7/><D0/><U105/><E131/><N who="3" m="50218" /><G91/><T27/><D32/><U87/><E22/><V50/><F111/><W67/><G134/><N who="1" m="51818" /><E31/><V83/><F125/><W35/><G35/><T19/><D33/><U25/><E25/><N who="0" m="9225" /><D96/><U80/><E80/><V23/><F73/><W90/><G98/><T82/><D102/><N who="3" m="38953" /><G90/><T30/><D30/><U68/><E68/><V45/><F74/><W129/><N who="3" m="50226" /><W123/><DORA hai="84" /><G123/><T121/><D121/><U55/><AGARI ba="3,0" hai="55,56,63,85,87,89,94,99,104,105,107" m="51818" machi="55" ten="40,2700,0" yaku="20,1,52,1" doraHai="12,84" who="1" fromWho="1" sc="216,-10,215,36,519,-10,50,-16" owari="206,-19.4,251,5.1,509,60.9,34,-46.6" /></mjloggm>