<mjloggm ver="2.3"><GO type="225" lobby="0"/><UN n0="%E3%82%A2%E3%83%BC%E3%83%A2%E3%83%AD%E3%83%BC%E3%83%B4%E3%82%A1" n1="%E3%81%BE%E3%81%A8%E3%81%9F" n2="%73%61%6E%64%69%72%69%73" n3="%6A%79%75%6E%6F%68" dan="16,16,16,16" rate="2104.23,2161.21,2117.39,2139.98" sx="M,M,M,M"/><TAIKYOKU oya="0"/><INIT seed="0,0,0,2,4,96" ten="250,250,250,250" oya="0" hai0="126,133,46,4,119,12,25,5,7,50,43,85,0" hai1="64,82,124,131,94,78,72,47,118,45,70,60,39" hai2="62,55,92,11,59,87,107,100,73,81,10,130,3" hai3="32,110,51,9,15,69,35,91,18,6,66,134,129"/><T77/><D119/><U1/><E118/><V90/><F130/><W14/><G129/><T86/><D126/><U88/><E131/><V49/><F3/><W34/><G110/><T76/><D133/><U102/><E124/><V97/><F62/><W112/><G112/><T132/><D132/><U58/><E1/><V93/><F93/><W74/><G74/><T54/><D0/><U122/><E122/><V24/><F24/><W21/><G134/><T95/><D25/><U36/><E39/><V104/><F104/><W113/><G113/><T67/><D67/><U61/><E102/><V68/><F68/><W29/><G51/><N who="0" m="27103" /><D12/><U44/><E36/><V48/><F48/><W40/><G40/><T80/><D95/><U16/><E16/><V41/><F41/><W56/><G69/><T114/><D114/><U8/><E8/><V103/><F103/><W135/><G66/><T57/><D85/><U17/><E17/><V30/><F30/><W2/><G56/><T123/><D123/><U111/><E111/><V115/><F115/><W108/><G108/><T42/><D42/><U89/><REACH who="1" step="1"/><E94/><REACH who="1" ten="250,240,250,250" step="2"/><V125/><F125/><W99/><G135/><T128/><D128/><U31/><E31/><V105/><F105/><W22/><G29/><T13/><D13/><U52/><AGARI ba="0,1" hai="44,45,47,52,58,60,61,64,70,72,78,82,88,89" machi="52" ten="30,8000,1" yaku="1,1,0,1,54,2,53,1" doraHai="96" doraHaiUra="63" who="1" fromWho="1" sc="250,-40,240,90,250,-20,250,-20" /><INIT seed="1,0,0,1,1,10" ten="210,330,230,230" oya="1" hai0="99,28,25,49,86,38,24,62,98,97,48,47,39" hai1="44,50,71,133,76,100,81,118,26,120,18,13,67" hai2="68,112,125,19,33,77,131,35,30,96,27,135,41" hai3="75,59,134,55,11,129,69,9,72,31,84,21,88"/><U111/><E118/><V34/><F68/><W61/><G129/><T92/><D62/><U65/><E120/><V89/><F77/><W78/><G134/><T7/><D7/><U90/><E133/><V74/><F74/><W43/><G69/><T22/><D49/><U52/><E100/><V4/><F41/><W110/><G110/><T6/><D6/><U45/><E71/><V70/><F70/><W57/><G43/><T1/><D1/><U64/><E90/><V95/><F135/><W0/><G0/><T32/><D86/><U82/><E26/><V114/><F131/><W83/><G75/><T123/><D92/><U85/><E82/><V3/><F19/><W12/><G57/><T126/><D126/><U115/><E111/><V5/><F125/><W127/><G127/><T36/><D123/><U91/><E115/><N who="2" m="44075" /><F3/><W94/><REACH who="3" step="1"/><G31/><REACH who="3" ten="210,330,230,220" step="2"/><T130/><D130/><U79/><E44/><V87/><F30/><W58/><G58/><T2/><D2/><U53/><E53/><V23/><F35/><W15/><G15/><T40/><REACH who="0" step="1"/><D25/><REACH who="0" ten="200,330,230,220" step="2"/><U102/><E102/><V20/><F27/><W60/><G60/><T63/><D63/><U37/><E37/><V109/><F109/><W107/><G107/><T80/><D80/><U128/><E128/><V46/><F95/><W108/><G108/><T51/><D51/><U124/><E124/><V101/><F101/><W119/><G119/><T113/><D113/><U121/><E121/><V132/><F132/><W73/><G73/><T42/><D42/><U54/><E81/><V14/><F46/><W8/><G8/><RYUUKYOKU ba="0,2" sc="200,15,330,-15,230,-15,220,15" hai0="22,24,28,32,36,38,39,40,47,48,97,98,99" hai3="9,11,12,21,55,59,61,72,78,83,84,88,94" /><INIT seed="2,1,2,5,5,90" ten="215,315,215,235" oya="2" hai0="97,57,16,21,80,129,44,14,22,122,117,121,56" hai1="62,39,8,103,114,70,113,76,125,101,43,64,84" hai2="54,128,45,112,29,78,87,135,42,4,0,20,102" hai3="111,63,116,105,98,69,9,72,18,33,110,35,53"/><V71/><F112/><W52/><G116/><T5/><D117/><U27/><E125/><V73/><F71/><W60/><G72/><T106/><D129/><U95/><E103/><V132/><F128/><W25/><G9/><T34/><D34/><U82/><E39/><N who="2" m="21727" /><F87/><W123/><G123/><T67/><D5/><U96/><E43/><V126/><F54/><N who="3" m="21099" /><G18/><T7/><D7/><U46/><E46/><V58/><F58/><W17/><G17/><T26/><D44/><U99/><E99/><V130/><F130/><W2/><G2/><T13/><D80/><U120/><E120/><V40/><F40/><W23/><G23/><T10/><D121/><U83/><E27/><N who="2" m="16615" /><F102/><N who="3" m="62679" /><G60/><T51/><D122/><U93/><E93/><V77/><F126/><W134/><G134/><N who="2" m="51241" /><F73/><W41/><G41/><T36/><D36/><U81/><E113/><V19/><F19/><W37/><G37/><T49/><D51/><U75/><E114/><V133/><F133/><W92/><G35/><T6/><D49/><U66/><E75/><V59/><F59/><W74/><G74/><T24/><D56/><U12/><E66/><V3/><F4/><AGARI ba="1,2" hai="4,8,12,62,64,70,76,81,82,83,84,95,96,101" machi="4" ten="30,2000,0" yaku="7,1,52,1" doraHai="90" who="1" fromWho="2" sc="215,0,315,43,215,-23,235,0" /><INIT seed="3,0,0,3,3,34" ten="215,358,192,235" oya="3" hai0="125,92,118,77,7,17,128,95,56,61,69,45,6" hai1="129,120,12,96,5,103,13,3,130,16,89,55,81" hai2="80,38,119,57,74,108,97,30,73,10,111,133,75" hai3="39,35,123,113,104,91,21,94,70,25,102,49,14"/><W48/><G113/><T124/><D128/><U99/><E3/><V79/><F38/><W59/><G39/><T54/><D118/><U132/><E120/><V116/><F30/><W67/><G123/><T36/><D77/><U90/><E132/><V60/><F10/><W126/><G126/><N who="0" m="48747" /><D69/><U115/><E115/><V135/><F97/><W0/><G0/><T41/><D17/><U46/><E55/><V9/><F9/><W105/><G70/><T106/><D106/><U68/><E46/><V107/><F107/><W11/><G35/><T50/><D36/><U109/><E5/><AGARI ba="0,0" hai="5,6,7,41,45,50,54,56,61,92,95" m="48747" machi="5" ten="30,1000,0" yaku="18,1" doraHai="34" who="0" fromWho="1" sc="215,10,358,-10,192,0,235,0" owari="225,-17.5,348,44.8,192,-30.8,235,3.5" /></mjloggm>