<mjloggm ver="2.3"><GO type="225" lobby="0"/><UN n0="%E3%81%86%E3%83%BC%E3%81%B1%E3%83%BC" n1="%E5%B0%8F%E9%B3%A5%E9%81%8A%E7%B7%B4%E7%84%A1%32%31%E6%AD%B3" n2="%E4%B8%AD%E5%B9%B4%E3%81%AE%E5%8D%B1%E6%A9%9F" n3="%6D%75%75%6D%75%72%61" dan="16,16,17,16" rate="2184.43,2149.15,2209.80,2164.54" sx="F,F,M,F"/><TAIKYOKU oya="0"/><INIT seed="0,0,0,2,5,77" ten="250,250,250,250" oya="0" hai0="20,133,84,42,127,82,114,34,113,52,67,88,70" hai1="103,44,73,29,97,134,72,71,105,27,25,96,49" hai2="101,36,89,9,5,53,120,79,122,19,41,130,62" hai3="124,39,13,23,66,32,33,121,57,106,117,59,10"/><T100/><D34/><U21/><E134/><V26/><F89/><W55/><G117/><T131/><D42/><U104/><E71/><V86/><F86/><W15/><G106/><T119/><D119/><U51/><E25/><V126/><F19/><W107/><G107/><T38/><D38/><U135/><E135/><V91/><F53/><W76/><G39/><T125/><D133/><U2/><E2/><N who="2" m="183" /><F91/><W40/><G124/><N who="0" m="47691" /><D131/><U69/><E69/><V78/><F78/><W118/><G40/><T1/><D1/><U108/><E108/><V45/><F126/><W80/><G118/><T0/><D0/><U24/><E24/><V98/><F62/><W6/><G121/><T90/><D100/><U112/><E112/><N who="0" m="43113" /><D20/><U18/><E29/><V92/><F130/><W17/><G66/><T87/><D52/><U16/><E18/><V60/><F60/><W110/><G110/><T93/><D70/><U37/><E37/><V95/><F122/><W132/><G132/><T61/><D61/><U50/><REACH who="1" step="1"/><E44/><REACH who="1" ten="250,240,250,250" step="2"/><N who="2" m="23591" /><F120/><W74/><REACH who="3" step="1"/><G57/><REACH who="3" ten="250,240,250,240" step="2"/><T8/><D67/><U99/><E99/><V7/><F45/><W30/><G30/><T65/><D65/><U56/><E56/><V85/><F98/><W4/><G4/><T43/><D43/><U115/><E115/><V75/><F7/><W35/><G35/><T46/><D46/><U116/><E116/><V129/><F129/><W12/><G12/><T48/><D48/><AGARI ba="0,2" hai="6,10,13,15,17,23,32,33,48,55,59,74,76,80" machi="48" ten="30,8000,1" yaku="1,1,7,1,52,1,53,2" doraHai="77" doraHaiUra="28" who="3" fromWho="0" sc="250,-80,240,0,250,0,240,100" /><INIT seed="1,0,0,5,5,17" ten="170,240,250,340" oya="1" hai0="30,5,81,64,129,38,97,78,110,65,57,117,83" hai1="55,56,24,62,16,25,3,101,109,10,75,39,48" hai2="44,27,113,85,134,120,90,114,104,86,111,20,95" hai3="19,29,61,94,37,119,130,74,26,80,126,106,76"/><U123/><E123/><V0/><F120/><W47/><G106/><T9/><D117/><U107/><E39/><V4/><F104/><W46/><G119/><T92/><D38/><U63/><E75/><V22/><F111/><W115/><G115/><N who="2" m="44041" /><F134/><W112/><G112/><T60/><D129/><U87/><E109/><V33/><F44/><W127/><G130/><T133/><D133/><U71/><E3/><V7/><F0/><W28/><G61/><T70/><D30/><N who="3" m="11881" /><G94/><T12/><D110/><U51/><E87/><N who="2" m="33291" /><F33/><W53/><G37/><T99/><D99/><U8/><E71/><V79/><F79/><W108/><G108/><T42/><D42/><U96/><E63/><V54/><F54/><W68/><G53/><T2/><D2/><U73/><E73/><V122/><F27/><W1/><G1/><T125/><D125/><N who="3" m="47625" /><G68/><T105/><D105/><U89/><E25/><V67/><F67/><W84/><G74/><T103/><D70/><U69/><E69/><V77/><F77/><W6/><G26/><T82/><REACH who="0" step="1"/><D78/><REACH who="0" ten="160,240,250,340" step="2"/><U121/><E121/><V131/><F122/><W58/><G76/><T32/><D32/><U31/><E107/><V50/><F131/><W18/><G80/><T72/><D72/><U45/><E96/><N who="2" m="57463" /><F50/><W102/><G84/><T21/><D21/><AGARI ba="0,1" hai="4,7,20,21,22" m="57463,33291,44041" machi="21" ten="30,7700,0" yaku="11,1,52,3" doraHai="17" who="2" fromWho="0" sc="160,-77,240,0,250,87,340,0" /><INIT seed="2,0,0,1,4,2" ten="83,240,337,340" oya="2" hai0="30,65,73,6,25,84,32,34,24,102,89,69,57" hai1="120,50,38,125,53,133,29,1,116,126,44,46,94" hai2="104,0,22,80,134,123,121,31,23,79,124,45,77" hai3="90,132,83,19,55,114,5,135,98,109,49,130,99"/><V21/><F104/><W58/><G109/><T111/><D73/><U93/><E1/><V96/><F96/><W18/><G130/><T13/><D111/><U36/><E29/><V70/><F70/><W71/><G71/><T3/><D69/><U64/><E116/><V113/><F113/><W118/><G118/><T72/><D72/><U117/><E117/><V4/><F31/><W56/><G114/><T51/><D3/><U60/><E120/><V122/><F124/><N who="1" m="47721" /><E94/><V11/><F134/><N who="3" m="51243" /><G58/><T52/><D65/><U105/><E93/><V129/><F129/><W108/><G108/><T16/><D102/><U127/><E105/><V42/><REACH who="2" step="1"/><F80/><REACH who="2" ten="83,240,327,340" step="2"/><W97/><G97/><T59/><D34/><U35/><E35/><V48/><AGARI ba="0,1" hai="0,4,11,21,22,23,42,45,48,77,79,121,122,123" machi="48" ten="40,12000,1" yaku="1,1,2,1,0,1,52,1,53,0" doraHai="2" doraHaiUra="86" who="2" fromWho="2" sc="83,-40,240,-40,327,130,340,-40" /><INIT seed="2,1,0,0,4,114" ten="43,200,457,300" oya="2" hai0="133,0,48,30,113,17,56,132,129,45,125,85,42" hai1="120,37,87,51,55,89,134,60,131,47,107,1,67" hai2="49,84,118,63,128,91,110,83,33,69,27,19,130" hai3="12,31,86,72,50,6,62,105,99,57,97,8,117"/><V36/><F36/><W121/><G72/><T15/><D113/><U7/><E131/><N who="2" m="50219" /><F49/><W73/><G121/><T92/><D0/><U38/><E134/><V123/><F123/><W88/><G73/><T109/><D30/><U65/><E107/><V44/><F44/><W43/><G117/><T108/><D125/><U79/><E79/><V52/><F118/><W41/><G31/><T40/><D129/><U68/><E67/><V135/><F33/><W26/><G26/><T76/><D42/><N who="3" m="15881" /><G50/><T9/><D56/><U46/><E47/><V2/><F2/><W25/><G105/><T58/><D58/><U95/><E120/><V75/><F75/><W14/><G14/><T81/><REACH who="0" step="1"/><D92/><REACH who="0" ten="33,200,457,300" step="2"/><U39/><E1/><V103/><F135/><AGARI ba="1,1" hai="9,15,17,40,45,48,76,81,85,108,109,132,133,135" machi="135" ten="40,5200,0" yaku="1,1,2,1,20,1,53,0" doraHai="114" doraHaiUra="71" who="0" fromWho="2" sc="33,65,200,0,457,-55,300,0" /><INIT seed="3,0,0,0,2,88" ten="98,200,402,300" oya="3" hai0="87,116,22,100,97,29,76,28,132,85,70,126,57" hai1="30,36,23,61,122,75,93,11,115,16,103,131,41" hai2="114,21,95,0,110,31,63,17,66,72,71,108,130" hai3="120,14,58,44,128,35,129,64,104,96,20,99,94"/><W25/><G120/><T37/><D70/><U106/><E106/><V69/><F114/><W133/><G35/><T49/><D37/><U124/><E75/><V38/><F72/><W101/><G133/><T107/><D116/><U42/><E115/><V135/><F0/><W55/><G14/><T3/><D3/><U48/><E36/><V91/><F38/><W77/><G77/><T134/><D126/><U119/><E131/><V56/><F31/><W32/><G32/><T9/><D9/><U112/><E112/><V109/><F130/><W92/><G44/><T27/><D29/><U90/><E103/><V34/><F34/><W125/><G125/><T65/><D49/><U121/><E124/><V45/><F45/><W79/><G79/><T8/><D8/><U33/><E11/><V74/><F74/><W6/><G6/><T7/><D7/><U5/><E5/><V89/><F89/><W18/><G64/><T81/><D87/><U84/><E119/><V102/><F102/><W13/><G13/><T12/><D12/><U111/><E111/><V60/><F135/><W62/><REACH who="3" step="1"/><G104/><REACH who="3" ten="98,200,402,290" step="2"/><T54/><D65/><U105/><E105/><V52/><F69/><W117/><G117/><T10/><D10/><U80/><E33/><V83/><F109/><W40/><G40/><T78/><D76/><U67/><E67/><V73/><F73/><W68/><G68/><T24/><D27/><U86/><E122/><V113/><F113/><W2/><G2/><T4/><D4/><U1/><E121/><V118/><F118/><W26/><G26/><T50/><D132/><RYUUKYOKU ba="0,1" sc="98,15,200,-15,402,-15,290,15" hai0="22,24,28,50,54,57,78,81,85,97,100,107,134" hai3="18,20,25,55,58,62,92,94,96,99,101,128,129" /><INIT seed="3,1,1,5,5,85" ten="113,185,387,305" oya="3" hai0="88,69,77,98,34,79,58,102,105,65,132,49,60" hai1="41,122,75,20,23,37,116,108,43,59,13,24,131" hai2="16,76,70,8,55,32,50,90,87,78,1,83,127" hai3="9,96,26,74,42,123,73,129,33,40,124,117,3"/><W51/><G117/><T46/><D132/><U110/><E122/><V134/><F134/><W17/><G123/><T86/><D34/><U36/><E75/><V89/><F70/><W31/><G129/><T0/><D0/><U45/><E131/><V5/><F127/><W80/><G124/><T72/><D69/><U14/><E59/><V115/><F32/><W130/><G130/><T113/><D72/><U30/><E116/><V35/><F35/><W93/><G51/><T64/><D64/><U28/><REACH who="1" step="1"/><E24/><REACH who="1" ten="113,175,387,305" step="2"/><V48/><F115/><W120/><G120/><T104/><D113/><U94/><E94/><V18/><F78/><W97/><G97/><T106/><D104/><U135/><E135/><V82/><F50/><W61/><G61/><T91/><D105/><U38/><E38/><V101/><F101/><W27/><G27/><T56/><D56/><U12/><E12/><V4/><F4/><W119/><G119/><T10/><D10/><U118/><E118/><V44/><F89/><W47/><G47/><AGARI ba="1,2" hai="13,14,20,23,28,30,36,37,41,43,45,47,108,110" machi="47" ten="25,3200,0" yaku="1,1,22,2,53,0" doraHai="85" doraHaiUra="15" who="1" fromWho="3" sc="113,0,175,55,387,0,305,-35" owari="113,-38.7,230,-17.0,387,48.7,270,7.0" /></mjloggm>