<mjloggm ver="2.3"><GO type="225" lobby="0"/><UN n0="%E6%A1%9C%E8%8A%B1%E9%96%83%E3%80%85" n1="%E3%81%AF%E3%82%88%E3%81%8A%E3%81%98%E3%81%95%E3%82%93" n2="%E8%81%B7%E6%A5%AD%E3%80%81%E9%A2%A8%32" n3="%47%32%E9%BE%8D%E9%96%80" dan="17,16,16,16" rate="2192.74,2133.86,2080.35,2107.63" sx="M,M,M,M"/><TAIKYOKU oya="0"/><INIT seed="0,0,0,5,2,84" ten="250,250,250,250" oya="0" hai0="87,61,50,78,99,73,111,104,27,91,32,112,51" hai1="95,109,131,17,77,0,22,19,23,90,113,7,79" hai2="29,74,70,93,4,108,124,18,75,16,115,103,128" hai3="57,13,71,92,76,81,89,20,1,110,10,69,59"/><T8/><D112/><U64/><E113/><V107/><F70/><W37/><G37/><T97/><D73/><U47/><E109/><V83/><F108/><W39/><G39/><T130/><D111/><U40/><E131/><V54/><F128/><W60/><G110/><T67/><D78/><U133/><E133/><V96/><F124/><W117/><G20/><T123/><D123/><U41/><E64/><V53/><F107/><W55/><G1/><T119/><D8/><U34/><E34/><V36/><F36/><W100/><G100/><N who="0" m="62479" /><D99/><N who="1" m="57847" /><E7/><V28/><F4/><W33/><G59/><T102/><D102/><U122/><E0/><V125/><F125/><W85/><G33/><T44/><D44/><U21/><E122/><V72/><F83/><W45/><G45/><T114/><D119/><U98/><E98/><V14/><F115/><W126/><G126/><T105/><D105/><U94/><E94/><V80/><F80/><W49/><G49/><T25/><D25/><U9/><E47/><V15/><F15/><W12/><G12/><T134/><D134/><U43/><E9/><V121/><F121/><W86/><REACH who="3" step="1"/><G117/><REACH who="3" ten="250,250,250,240" step="2"/><T24/><D114/><U135/><E135/><V2/><F2/><W38/><G38/><T58/><D130/><U46/><E46/><V106/><F14/><W65/><G65/><T62/><D32/><U66/><E66/><V48/><F48/><N who="0" m="18474" /><D61/><U26/><E22/><V127/><F127/><W82/><G82/><N who="0" m="49655" /><D27/><AGARI ba="0,1" hai="17,19,21,23,26,27,40,41,43,77,79" m="57847" machi="27" ten="30,2000,0" yaku="8,1,52,1" doraHai="84" who="1" fromWho="0" sc="250,-20,250,30,250,0,240,0" /><INIT seed="1,0,0,0,3,47" ten="230,280,250,240" oya="1" hai0="135,10,91,101,95,40,128,31,59,100,92,113,72" hai1="131,9,119,114,110,38,80,82,48,118,45,34,20" hai2="3,27,108,5,112,71,104,134,89,21,75,24,25" hai3="43,99,115,58,107,84,88,11,14,32,33,70,93"/><U63/><E34/><V1/><F108/><W28/><G70/><T78/><D113/><U85/><E114/><V61/><F104/><W0/><G115/><T19/><D31/><U117/><E38/><V133/><F75/><W126/><G0/><N who="2" m="73" /><F5/><W44/><G126/><T90/><D128/><U79/><E131/><V105/><F105/><W77/><G28/><T132/><D59/><U111/><E9/><V123/><F123/><W125/><G125/><T116/><D40/><U69/><E20/><V66/><F89/><N who="0" m="33802" /><D19/><U64/><REACH who="1" step="1"/><E82/><REACH who="1" ten="230,270,250,240" step="2"/><V41/><F112/><W42/><G33/><T94/><D10/><U83/><E83/><V2/><F21/><W29/><G32/><T23/><D23/><U13/><E13/><V124/><F2/><W81/><G14/><T16/><D116/><U109/><E109/><V60/><F124/><W35/><G11/><T39/><D39/><U17/><E17/><V103/><F24/><W54/><G35/><T120/><D16/><U130/><E130/><V67/><F25/><W26/><G26/><T65/><D120/><U50/><E50/><V73/><F27/><W18/><G18/><T62/><D132/><U8/><E8/><V37/><F134/><W102/><G29/><T122/><D135/><U55/><AGARI ba="0,1" hai="45,48,55,63,64,69,79,80,85,110,111,117,118,119" machi="55" ten="40,7800,0" yaku="1,1,0,1,52,1,53,0" doraHai="47" doraHaiUra="4" who="1" fromWho="1" sc="230,-26,270,88,250,-26,240,-26" /><INIT seed="1,1,0,4,5,109" ten="204,358,224,214" oya="1" hai0="98,38,67,84,117,125,68,131,4,50,124,135,106" hai1="66,34,13,9,12,11,64,80,56,28,126,123,49" hai2="120,83,86,33,6,127,37,20,70,112,60,110,40" hai3="76,36,35,107,39,55,65,26,17,100,3,94,22"/><U16/><E123/><V5/><F33/><W41/><G107/><T8/><D38/><U88/><E126/><V72/><F120/><W129/><G3/><N who="0" m="31" /><D50/><U133/><E133/><V93/><F110/><W121/><G121/><T87/><D117/><U61/><E34/><V113/><F127/><N who="0" m="48714" /><D131/><U118/><E118/><V63/><F72/><W58/><G129/><T102/><D135/><U134/><E134/><V89/><F20/><W79/><G35/><T27/><D27/><U25/><E49/><V116/><F116/><W21/><G65/><T96/><D96/><U95/><E80/><V71/><F37/><W23/><G39/><T115/><D115/><N who="2" m="44106" /><F40/><W43/><G36/><T119/><D119/><U128/><E128/><V52/><F83/><W122/><G122/><T19/><D19/><N who="1" m="8591" /><E28/><V105/><F105/><W2/><G43/><T10/><D10/><U85/><E25/><V30/><F30/><W62/><G41/><T32/><D32/><U97/><E85/><V42/><F42/><W24/><G22/><T114/><D114/><U1/><E1/><V18/><F18/><N who="3" m="12343" /><G2/><T104/><D104/><U78/><E78/><V14/><F14/><W53/><G53/><AGARI ba="1,0" hai="11,13,16,53,56,61,64,66,88,95,97" m="8591" machi="53" ten="30,5800,0" yaku="8,1,54,2" doraHai="109" who="1" fromWho="3" sc="204,0,358,61,224,0,214,-61" /><INIT seed="1,2,0,0,4,67" ten="204,419,224,153" oya="1" hai0="86,24,54,49,95,38,131,10,62,34,22,84,132" hai1="9,97,17,40,85,23,118,53,42,120,61,19,29" hai2="98,32,37,33,71,39,125,122,87,3,119,82,74" hai3="31,1,0,78,46,115,64,127,72,47,57,75,4"/><U89/><E120/><V69/><F119/><W99/><G115/><T100/><D38/><U121/><E121/><V45/><F122/><W5/><G127/><T81/><D34/><U28/><E118/><V107/><F125/><W55/><G64/><T106/><D106/><U44/><E97/><V30/><F3/><W70/><G31/><N who="1" m="11850" /><E9/><V12/><F12/><W91/><G99/><N who="0" m="59519" /><D132/><U8/><E8/><V73/><F87/><W90/><G57/><T96/><D131/><U117/><E117/><V94/><F94/><W79/><G55/><T114/><D62/><U41/><E23/><V58/><F58/><W52/><G52/><T135/><D10/><U11/><E11/><V113/><F113/><W26/><G26/><T128/><D81/><N who="1" m="49327" /><E61/><V20/><F20/><W93/><G93/><T6/><D96/><U123/><E123/><V88/><F82/><W65/><G65/><T133/><D6/><U105/><E105/><V130/><F130/><W35/><G35/><N who="2" m="13385" /><F30/><W7/><G5/><T63/><D63/><U83/><E83/><V13/><F88/><W36/><G36/><N who="2" m="13897" /><F13/><W59/><G59/><N who="0" m="33231" /><D128/><U80/><E80/><V27/><F27/><W68/><AGARI ba="2,0" hai="0,1,4,7,46,47,68,70,72,75,78,79,90,91" machi="68" ten="25,8000,1" yaku="0,1,22,2,52,2" doraHai="67" who="3" fromWho="3" sc="204,-22,419,-42,224,-22,153,86" /><INIT seed="2,0,0,3,3,74" ten="182,377,202,239" oya="2" hai0="89,103,88,98,55,25,106,57,6,24,117,23,108" hai1="70,27,13,39,127,29,43,42,18,77,36,122,133" hai2="47,0,5,35,46,9,82,61,22,4,124,85,111" hai3="107,54,115,28,17,80,32,81,76,90,97,3,120"/><V15/><F124/><W79/><G120/><T60/><D108/><U63/><E127/><V92/><F35/><W68/><G3/><T104/><D117/><U83/><E122/><V125/><F125/><W73/><G68/><T34/><D106/><U19/><E133/><V50/><F92/><W31/><G115/><T64/><D6/><U114/><E114/><V65/><F111/><W91/><G17/><T38/><D38/><U119/><E119/><V45/><F22/><W129/><G129/><T95/><D104/><U51/><E63/><V71/><F5/><W16/><G54/><T116/><D116/><U37/><E70/><V72/><F72/><W12/><G107/><T59/><D34/><U69/><E69/><V102/><F102/><W10/><G97/><T105/><D105/><U8/><E19/><V96/><F96/><W26/><G28/><N who="0" m="17439" /><D25/><U41/><E51/><AGARI ba="0,0" hai="51,55,57,59,60,64,88,89,95,98,103" m="17439" machi="51" ten="30,3900,0" yaku="25,1,8,1,54,1" doraHai="74" who="0" fromWho="1" sc="182,39,377,-39,202,0,239,0" /><INIT seed="3,0,0,2,2,119" ten="221,338,202,239" oya="3" hai0="3,120,78,101,123,15,80,126,11,96,46,55,54" hai1="65,98,2,16,45,52,51,125,27,85,7,13,48" hai2="57,106,131,71,129,112,61,107,49,111,18,121,76" hai3="40,115,39,68,30,9,32,132,88,42,50,44,25"/><W110/><G115/><T63/><D3/><U47/><E2/><V124/><F112/><W38/><G68/><T22/><D126/><U6/><E125/><V67/><F124/><W84/><G132/><T128/><D128/><N who="2" m="49226" /><F76/><W93/><G110/><T73/><D22/><N who="1" m="13767" /><E65/><V104/><F111/><W69/><G69/><T75/><D75/><U90/><E98/><V0/><F0/><W109/><G109/><T97/><D55/><N who="1" m="30095" /><E13/><V133/><F133/><W36/><REACH who="3" step="1"/><G42/><REACH who="3" ten="221,338,202,229" step="2"/><T53/><D120/><U66/><E66/><V122/><F18/><W31/><G31/><T20/><D123/><N who="2" m="47114" /><F49/><W87/><G87/><T10/><D73/><U79/><E79/><V103/><F71/><W72/><G72/><T26/><D78/><U23/><E85/><V56/><F57/><W94/><G94/><T28/><D28/><U29/><E29/><V43/><F43/><W81/><G81/><T8/><D80/><U134/><E134/><V24/><F24/><W19/><G19/><T77/><D26/><U102/><E51/><V108/><F108/><W70/><G70/><T86/><D86/><U117/><E117/><V99/><AGARI ba="0,1" hai="56,61,67,99,103,104,106,107" m="47114,49226" machi="99" ten="40,8000,1" yaku="19,1,13,1,52,3" doraHai="119" who="2" fromWho="2" sc="221,-20,338,-20,202,90,229,-40" owari="201,-19.9,318,41.8,292,9.2,189,-31.1" /></mjloggm>