<mjloggm ver="2.3"><GO type="225" lobby="0"/><UN n0="%E9%A2%A8%E3%81%A7%E9%B3%B4%E3%81%8F" n1="%E3%81%A1%E3%82%85%E3%81%86%E3%81%A9%E3%81%8F%E8%B1%A1%E3%81%95%E3%82%93" n2="%E3%83%92%E3%82%B3" n3="%E7%89%B9%E6%9D%B1%E3%81%AF%E4%B8%96%E7%95%8C%E3%82%92%E6%95%91%E3%81%86" dan="16,17,16,16" rate="2131.82,2180.40,2108.09,2185.75" sx="M,M,M,M"/><TAIKYOKU oya="0"/><INIT seed="0,0,0,4,3,96" ten="250,250,250,250" oya="0" hai0="107,67,33,112,105,129,120,29,18,13,79,127,73" hai1="108,41,103,55,126,48,71,98,92,64,23,118,85" hai2="36,132,52,97,80,104,22,95,93,124,20,78,60" hai3="12,45,43,28,14,10,9,87,16,130,49,19,39"/><T47/><D112/><U50/><E118/><V32/><F32/><W117/><G130/><T86/><D73/><U128/><E108/><V54/><F36/><W102/><G117/><T0/><D0/><U42/><E128/><V94/><F124/><W72/><G72/><T70/><D120/><U121/><E121/><V15/><F132/><W61/><G28/><T106/><D127/><U119/><E119/><V83/><F104/><W91/><G61/><T57/><D70/><U101/><E126/><V88/><F83/><W11/><G102/><N who="1" m="38922" /><E71/><V51/><F60/><W37/><REACH who="3" step="1"/><G9/><REACH who="3" ten="250,250,250,240" step="2"/><N who="0" m="6447" /><D29/><U58/><E64/><V40/><F22/><W68/><G68/><T109/><D67/><U30/><E85/><N who="2" m="48279" /><F40/><W82/><AGARI ba="0,1" hai="10,11,12,14,16,19,37,39,43,45,49,82,87,91" machi="82" ten="20,8000,1" yaku="1,1,0,1,7,1,9,1,54,1,53,0" doraHai="96" doraHaiUra="17" who="3" fromWho="3" sc="250,-40,250,-20,250,-20,240,90" /><INIT seed="1,0,0,2,0,128" ten="210,230,230,330" oya="1" hai0="131,80,22,100,18,134,21,114,75,67,25,84,71" hai1="45,28,33,53,111,46,76,72,104,87,8,10,39" hai2="24,69,37,20,23,82,62,3,130,31,116,106,126" hai3="55,88,4,40,48,59,112,54,78,30,121,95,102"/><U118/><E118/><V113/><F116/><W1/><G121/><T41/><D114/><U36/><E104/><V103/><F130/><W125/><G112/><T66/><D71/><U108/><E72/><V19/><F37/><W51/><G125/><T91/><D131/><U133/><E33/><V5/><F113/><W12/><G1/><T27/><D134/><U70/><E28/><V65/><F82/><W57/><G78/><T73/><D100/><U86/><E70/><V105/><F126/><W61/><G102/><T68/><D41/><U129/><E76/><V97/><F5/><W98/><G30/><T17/><REACH who="0" step="1"/><D68/><REACH who="0" ten="200,230,230,330" step="2"/><U89/><E129/><V47/><F106/><W115/><G115/><T101/><D101/><U11/><E133/><V63/><F103/><W2/><G2/><T35/><D35/><U81/><E87/><V32/><F105/><W56/><G40/><T92/><D92/><U50/><REACH who="1" step="1"/><E46/><REACH who="1" ten="200,220,230,330" step="2"/><V16/><F47/><W135/><G135/><T79/><D79/><U132/><E132/><V7/><F32/><W44/><G44/><T13/><D13/><U120/><E120/><V34/><F34/><W29/><G12/><T52/><D52/><U58/><E58/><V127/><F69/><W90/><G56/><T96/><D96/><U49/><E49/><V123/><F97/><W43/><G51/><T124/><D124/><U64/><E64/><AGARI ba="0,2" hai="17,18,21,22,25,27,64,66,67,73,75,80,84,91" machi="64" ten="40,2600,0" yaku="1,1,9,1,53,0" doraHai="128" doraHaiUra="0" who="0" fromWho="1" sc="200,46,220,-26,230,0,330,0" /><INIT seed="2,0,0,1,5,28" ten="246,194,230,330" oya="2" hai0="107,73,21,13,4,132,126,112,76,101,62,18,85" hai1="83,53,100,57,56,5,99,66,119,31,15,46,133" hai2="59,37,69,71,16,38,41,6,45,91,87,125,40" hai3="130,111,54,129,39,127,98,52,49,67,7,128,25"/><V74/><F74/><W81/><G111/><T43/><D112/><U78/><E119/><V65/><F6/><W27/><G39/><T134/><D126/><U89/><E133/><V47/><F125/><W64/><G127/><T9/><D73/><U115/><E115/><V2/><F2/><W108/><G108/><T72/><D72/><U94/><E31/><V117/><F117/><W70/><G7/><T30/><D30/><U90/><E66/><N who="3" m="25130" /><G70/><T11/><D62/><U124/><E124/><V135/><F135/><W23/><G81/><T51/><D101/><U103/><E46/><V105/><F105/><W113/><G113/><T106/><D11/><U42/><E42/><V14/><F59/><N who="3" m="33167" /><G23/><T36/><D36/><U121/><E121/><V26/><F65/><W24/><G98/><T48/><D106/><U131/><E131/><V118/><F118/><W102/><G102/><T96/><D96/><U88/><E100/><V75/><F75/><W35/><G54/><T120/><D107/><U63/><E56/><V123/><F123/><W34/><AGARI ba="0,0" hai="24,25,27,34,35,128,129,130" m="33167,25130" machi="34" ten="40,8000,1" yaku="19,1,52,2,54,1" doraHai="28" who="3" fromWho="3" sc="246,-20,194,-20,230,-40,330,80" /><INIT seed="3,0,0,0,5,94" ten="226,174,190,410" oya="3" hai0="109,127,2,121,95,107,62,66,124,130,85,114,126" hai1="47,54,44,19,49,7,20,81,56,39,65,74,40" hai2="134,135,83,63,41,29,123,93,46,105,36,90,69" hai3="11,79,50,67,104,80,31,52,27,128,133,14,12"/><W118/><G104/><T34/><D107/><U8/><E65/><N who="2" m="41151" /><F105/><W55/><G118/><T6/><D34/><U106/><E106/><V101/><F29/><W103/><G103/><T21/><D121/><U88/><E74/><V48/><F101/><W3/><G67/><T113/><D130/><U15/><E39/><V75/><F123/><W4/><G133/><N who="2" m="50697" /><F36/><W131/><G55/><T116/><D116/><U53/><E40/><V119/><F119/><W26/><G26/><T16/><D109/><U18/><E44/><BYE who="1" /><V91/><F93/><W59/><G128/><UN n1="%E3%81%A1%E3%82%85%E3%81%86%E3%81%A9%E3%81%8F%E8%B1%A1%E3%81%95%E3%82%93" /><T122/><D122/><U45/><E54/><V72/><F72/><W42/><G42/><T82/><D95/><U57/><E47/><V110/><F110/><W25/><G25/><N who="0" m="14503" /><D6/><U129/><E129/><V125/><F125/><W33/><G131/><T64/><D2/><U78/><E78/><AGARI ba="0,0" hai="41,46,48,75,78,83,90,91" m="50697,41151" machi="78" ten="30,1000,0" yaku="20,1" doraHai="94" who="2" fromWho="1" sc="226,0,174,-10,190,10,410,0" owari="226,2.6,164,-33.6,200,-20.0,410,51.0" /></mjloggm>