<mjloggm ver="2.3"><GO type="225" lobby="0"/><UN n0="%E5%B0%8F%E9%B3%A5%E9%81%8A%E7%B7%B4%E7%84%A1%32%31%E6%AD%B3" n1="%E6%A2%B6%E7%94%B0%E7%90%B4%E7%90%86%E6%B0%B8%E4%B8%96%E5%85%AD%E6%AE%B5" n2="%E9%B3%B3%E6%9D%B1%E3%81%AE%E3%81%BF%E3%81%91%E3%81%AB%E3%82%83%E3%82%93" n3="%E5%B0%8F%37%34" dan="16,16,16,16" rate="2131.39,2019.06,2032.34,2157.70" sx="F,M,F,M"/><TAIKYOKU oya="0"/><INIT seed="0,0,0,4,2,79" ten="250,250,250,250" oya="0" hai0="38,102,36,65,56,95,15,9,84,64,92,33,70" hai1="78,16,3,103,63,4,27,50,74,21,104,31,54" hai2="44,25,123,117,97,1,22,66,86,127,135,29,111" hai3="58,40,69,91,17,85,129,88,35,68,81,93,49"/><T105/><D33/><U108/><E108/><V51/><F123/><W60/><G129/><T134/><D70/><U77/><E63/><V62/><F1/><W23/><G35/><T99/><D134/><U48/><E48/><V34/><F111/><W94/><G49/><T19/><D105/><U2/><E4/><V116/><F127/><W0/><G0/><T133/><D133/><U39/><E39/><V73/><F73/><W130/><G130/><T7/><D7/><U42/><E42/><V124/><F124/><W132/><G132/><T24/><D24/><U121/><E78/><V110/><F110/><W41/><G69/><T10/><D10/><U89/><E89/><V32/><F97/><N who="3" m="57511" /><G81/><T47/><D47/><U75/><E75/><V83/><F135/><W106/><G106/><T113/><D113/><U128/><E121/><V6/><F6/><W120/><G68/><T131/><D131/><U8/><E103/><V14/><F66/><N who="3" m="39191" /><G120/><T46/><D38/><U118/><E104/><V87/><F62/><W115/><G115/><T28/><D36/><U76/><E118/><N who="2" m="45675" /><F83/><W107/><G107/><T57/><D46/><N who="1" m="27991" /><E128/><V109/><F109/><W26/><AGARI ba="0,0" hai="17,23,26,40,41,85,91,94" m="39191,57511" machi="26" ten="30,2000,0" yaku="8,1,54,1" doraHai="79" who="3" fromWho="3" sc="250,-10,250,-5,250,-5,250,20" /><INIT seed="1,0,0,0,4,93" ten="240,245,245,270" oya="1" hai0="67,48,18,9,85,109,62,121,30,116,110,94,130" hai1="26,37,84,38,75,128,131,40,29,76,64,118,60" hai2="66,129,53,74,59,100,106,82,114,61,24,44,68" hai3="132,107,31,125,3,108,51,96,46,5,113,95,32"/><U39/><E118/><V97/><F129/><N who="1" m="49737" /><E84/><V91/><F114/><W89/><G113/><T86/><D121/><U122/><E122/><V90/><F44/><W126/><G108/><N who="0" m="41579" /><D30/><U56/><E76/><V7/><F7/><W41/><G107/><T0/><D48/><U77/><E77/><V36/><F36/><W10/><G132/><T80/><D116/><U11/><E11/><V16/><F74/><W25/><AGARI ba="0,0" hai="3,5,10,25,31,32,41,46,51,89,95,96,125,126" machi="25" ten="30,2000,0" yaku="0,1,52,1" doraHai="93" who="3" fromWho="3" sc="240,-5,245,-10,245,-5,270,20" /><INIT seed="2,0,0,1,3,30" ten="235,235,240,290" oya="2" hai0="120,17,44,75,68,41,83,98,72,102,78,131,33" hai1="43,128,80,73,18,27,95,105,109,90,93,31,57" hai2="86,126,111,29,92,114,38,28,123,99,50,37,67" hai3="100,91,71,60,10,96,69,45,9,118,20,97,127"/><V119/><F114/><W61/><G118/><T21/><D131/><U55/><E105/><V12/><F119/><W112/><G127/><T124/><D68/><U64/><E64/><V135/><F123/><W59/><G112/><T11/><D124/><U79/><E109/><V14/><F126/><W63/><G59/><T85/><D11/><U51/><E128/><V88/><F135/><W113/><G113/><T115/><D33/><U106/><E106/><V81/><F67/><W66/><G45/><T0/><D0/><U32/><E43/><V107/><F107/><W40/><G40/><T24/><D120/><U22/><REACH who="1" step="1"/><E90/><REACH who="1" ten="235,225,240,290" step="2"/><N who="2" m="55703" /><F111/><W84/><G66/><T104/><REACH who="0" step="1"/><D115/><REACH who="0" ten="225,225,240,290" step="2"/><U122/><E122/><V130/><F130/><W15/><G71/><T82/><D82/><U87/><E87/><V134/><F86/><W133/><G69/><T1/><D1/><U36/><E36/><AGARI ba="0,2" hai="17,21,24,36,41,44,72,75,78,83,85,98,102,104" machi="36" ten="30,2000,0" yaku="1,1,7,1,53,0" doraHai="30" doraHaiUra="116" who="0" fromWho="1" sc="225,40,225,-20,240,0,290,0" /><INIT seed="3,0,0,3,3,35" ten="265,205,240,290" oya="3" hai0="54,109,40,134,10,70,76,31,56,94,19,132,3" hai1="60,82,41,12,13,46,92,67,80,52,129,8,102" hai2="105,93,0,86,74,38,21,110,11,61,64,84,50" hai3="22,114,81,113,111,73,98,125,6,9,23,99,66"/><W51/><G125/><T95/><D70/><U90/><E129/><V116/><F38/><W5/><G111/><T1/><D76/><U68/><E102/><V28/><F105/><W63/><G6/><T2/><D31/><U27/><E27/><V25/><F74/><W32/><G32/><T59/><D40/><U34/><E34/><V44/><F110/><W48/><G114/><T57/><D54/><U126/><E126/><V72/><F72/><W112/><G113/><T71/><D71/><U123/><E123/><V122/><F116/><W91/><G112/><T120/><D120/><U30/><E30/><V69/><F93/><W17/><G23/><T133/><D109/><U55/><E82/><V78/><F78/><W58/><G73/><T115/><D115/><U45/><E80/><V108/><F108/><W88/><G81/><T104/><D104/><U77/><E77/><V97/><F97/><N who="3" m="36875" /><G5/><T42/><D42/><U62/><E62/><V24/><F24/><N who="3" m="14415" /><G9/><T14/><AGARI ba="0,0" hai="1,2,3,10,14,19,56,57,59,94,95,132,133,134" machi="14" ten="50,12000,2" yaku="0,1,29,2,20,1,52,3" doraHai="35" who="0" fromWho="0" sc="265,120,205,-30,240,-30,290,-60" owari="385,48.5,175,-32.5,210,-19.0,230,3.0" /></mjloggm>