<mjloggm ver="2.3"><GO type="225" lobby="0"/><UN n0="%E3%81%86%E3%82%8C%E3%81%9F%E3%82%93%E6%9E%95" n1="%E3%81%BE%E3%81%A8%E3%81%9F" n2="%30%2E%31%32%30" n3="%33%74%72%65%65" dan="16,16,16,17" rate="2160.09,2112.29,2073.05,2151.40" sx="F,M,M,F"/><TAIKYOKU oya="0"/><INIT seed="0,0,0,4,4,115" ten="250,250,250,250" oya="0" hai0="90,103,119,25,40,127,75,70,55,41,6,18,73" hai1="83,123,26,61,71,95,89,5,27,56,85,102,107" hai2="120,105,9,39,64,110,15,76,100,96,57,99,72" hai3="7,101,122,49,130,92,91,106,30,0,24,20,82"/><T113/><D113/><U21/><E123/><V129/><F39/><W68/><G122/><T94/><D70/><U2/><E71/><V10/><F120/><W51/><G68/><T1/><D119/><U36/><E36/><V35/><F35/><W88/><G130/><T104/><D127/><U22/><E107/><V16/><F129/><W37/><G37/><T121/><D121/><U98/><E5/><V45/><F110/><W33/><G33/><T97/><D6/><U29/><E2/><V62/><F99/><N who="3" m="59623" /><G0/><T14/><D1/><U131/><E131/><V13/><F45/><W34/><G34/><T109/><D25/><U111/><E111/><V132/><F132/><W42/><G106/><T74/><D55/><U47/><E47/><V117/><F117/><W53/><G7/><T116/><D116/><U81/><E81/><V46/><F46/><N who="3" m="25815" /><G82/><T19/><D109/><U84/><E84/><V17/><F72/><W32/><G32/><T23/><REACH who="0" step="1"/><D19/><REACH who="0" ten="240,250,250,250" step="2"/><U4/><E4/><V125/><F125/><W78/><G24/><T65/><D65/><U50/><E27/><V43/><F43/><W134/><G53/><T58/><D58/><U93/><E26/><V52/><F64/><W66/><G66/><T133/><D133/><U114/><E114/><V77/><AGARI ba="0,1" hai="9,10,13,15,16,17,52,57,62,76,77,96,100,105" machi="77" ten="30,7900,0" yaku="0,1,9,1,54,2" doraHai="115" who="2" fromWho="2" sc="240,-39,250,-20,250,89,250,-20" /><INIT seed="1,0,0,1,2,7" ten="201,230,339,230" oya="1" hai0="72,129,3,114,100,108,63,66,37,128,25,4,33" hai1="59,105,78,0,21,30,132,118,90,47,29,101,55" hai2="68,123,40,94,16,121,81,36,111,74,6,86,117" hai3="49,5,53,46,115,124,12,62,60,28,44,77,87"/><U103/><E118/><V125/><F68/><W27/><G115/><T38/><D114/><U73/><E0/><V58/><F117/><W43/><G124/><T98/><D108/><U19/><E132/><V35/><F125/><W52/><G77/><T17/><D72/><U80/><E47/><V89/><F35/><W112/><G87/><T133/><D133/><U13/><E90/><V67/><F111/><W120/><G120/><T127/><D127/><U61/><REACH who="1" step="1"/><E105/><REACH who="1" ten="201,220,339,230" step="2"/><V22/><F89/><W76/><G112/><T95/><D128/><U11/><E11/><V32/><F123/><W97/><G46/><T92/><D129/><U70/><E70/><V56/><F121/><W54/><G76/><T131/><D131/><U41/><E41/><V91/><F40/><W135/><G135/><T24/><D3/><U8/><E8/><V45/><F45/><W18/><G97/><T99/><D38/><U2/><E2/><V51/><F91/><W50/><G44/><T10/><D37/><U75/><E75/><V14/><F74/><W64/><G43/><T93/><D99/><U15/><E15/><V69/><F14/><W71/><G71/><T23/><D25/><U106/><E106/><V96/><F69/><W85/><G12/><N who="0" m="5191" /><D33/><U107/><E107/><V130/><F96/><W82/><G27/><T34/><D34/><U109/><E109/><V116/><F32/><W104/><G104/><T84/><D84/><U113/><E113/><V88/><F86/><W79/><G85/><T57/><AGARI ba="0,1" hai="17,23,24,57,63,66,92,93,95,98,100" m="5191" machi="57" ten="30,2000,0" yaku="8,1,52,1" doraHai="7" who="0" fromWho="0" sc="201,30,220,-10,339,-5,230,-5" /><INIT seed="2,0,0,4,2,88" ten="231,210,334,225" oya="2" hai0="37,73,10,25,90,63,41,104,134,49,94,106,69" hai1="1,113,100,60,51,76,99,9,121,67,17,30,54" hai2="117,53,58,59,29,95,133,52,21,4,16,129,103" hai3="132,80,11,105,5,48,123,89,26,92,81,120,61"/><V19/><F117/><W46/><G105/><T75/><D134/><U14/><E113/><V31/><F129/><W22/><G132/><T62/><D106/><U71/><E121/><V131/><F131/><W84/><G61/><T3/><D104/><U55/><E1/><V114/><F4/><W98/><G123/><T18/><D37/><U118/><E118/><V74/><F74/><W91/><G120/><T8/><D63/><U82/><E30/><N who="2" m="11275" /><F114/><W126/><G126/><T56/><D69/><U12/><E12/><N who="2" m="9351" /><F19/><W128/><G128/><T7/><D49/><U44/><E54/><N who="2" m="21099" /><F133/><W32/><G32/><T13/><D41/><U107/><E71/><V47/><F47/><W124/><G124/><T24/><D75/><U135/><E135/><V86/><F86/><W68/><G68/><T34/><D73/><U96/><E67/><V64/><F64/><W36/><G36/><T110/><D34/><U93/><E60/><V35/><F35/><W65/><G65/><T72/><D72/><U40/><E40/><V15/><F15/><N who="3" m="5615" /><G46/><T122/><D122/><U79/><REACH who="1" step="1"/><E82/><REACH who="1" ten="231,200,334,225" step="2"/><V66/><F66/><W45/><G80/><T78/><D3/><U115/><E115/><V97/><AGARI ba="0,1" hai="58,59,95,97,103" m="21099,9351,11275" machi="97" ten="30,11700,0" yaku="8,1,52,1,54,2" doraHai="88" who="2" fromWho="2" sc="231,-39,200,-39,334,127,225,-39" /><INIT seed="2,1,0,0,2,107" ten="192,161,461,186" oya="2" hai0="87,118,33,68,47,113,48,69,30,29,16,117,40" hai1="123,67,42,54,127,100,9,64,121,86,26,72,32" hai2="88,116,24,92,12,106,119,71,77,124,53,112,125" hai3="11,56,122,37,63,2,74,102,50,135,14,31,3"/><V43/><F71/><W6/><G122/><N who="1" m="46602" /><E86/><V46/><F106/><W21/><G37/><T105/><D113/><U62/><E127/><V52/><F77/><W96/><G135/><T111/><D111/><U45/><E100/><V93/><F93/><W38/><G38/><T13/><D105/><U131/><E9/><V39/><F12/><W108/><G108/><T7/><D7/><U130/><E26/><V98/><F112/><W23/><G50/><T83/><D68/><N who="1" m="42007" /><E32/><V133/><F133/><W78/><G31/><T58/><D69/><U55/><E67/><V126/><F24/><W128/><G23/><T95/><D95/><U35/><E35/><V109/><F109/><W91/><G21/><N who="0" m="11407" /><D33/><U70/><E72/><V34/><F34/><W27/><G27/><T36/><D29/><U18/><E18/><V49/><F53/><N who="1" m="19977" /><E70/><V22/><F22/><W79/><G102/><T110/><D30/><U75/><E75/><V94/><F94/><N who="3" m="56415" /><G74/><T90/><D110/><U0/><E0/><N who="3" m="42" /><G79/><T4/><D4/><U104/><E104/><V8/><F8/><W51/><G78/><T19/><D19/><U76/><E76/><V134/><F134/><W81/><G81/><T10/><D10/><U61/><E61/><V99/><F99/><W5/><G5/><T65/><D65/><U17/><E17/><V85/><F98/><W25/><G25/><T84/><D87/><U28/><E28/><V82/><F82/><W44/><G63/><T103/><D103/><U15/><E15/><V129/><F92/><W66/><G66/><T115/><D115/><U57/><E57/><RYUUKYOKU ba="1,0" sc="192,15,161,15,461,-15,186,-15" hai0="36,40,47,48,58,83,84,90,117,118" hai1="42,45,130,131" /><INIT seed="3,2,0,1,3,68" ten="207,176,446,171" oya="3" hai0="121,63,45,5,28,65,125,23,11,18,36,117,87" hai1="104,40,0,112,31,42,116,98,16,50,47,57,101" hai2="34,55,91,103,111,24,10,126,97,100,69,27,52" hai3="115,83,7,48,15,26,32,79,114,75,93,54,82"/><W110/><G110/><T51/><D117/><U17/><E112/><V30/><F69/><W120/><G120/><T13/><D125/><U95/><E116/><V99/><F126/><W109/><G109/><T29/><D121/><U124/><E0/><V12/><F111/><W25/><G83/><T113/><D36/><U67/><E40/><V77/><F77/><W43/><G43/><T105/><D105/><U133/><E133/><V9/><F91/><W22/><G32/><T41/><D87/><U61/><E124/><V106/><F24/><W94/><G114/><T62/><D113/><U72/><E72/><V4/><F10/><W128/><G115/><T35/><D35/><U6/><E6/><V8/><F9/><W90/><G128/><T96/><D96/><U64/><E31/><N who="0" m="11849" /><D65/><U123/><E123/><V1/><F1/><W46/><G93/><AGARI ba="2,0" hai="4,8,12,27,30,34,52,55,93,97,99,100,103,106" machi="93" ten="30,2000,0" yaku="7,1,54,1" doraHai="68" who="2" fromWho="3" sc="207,0,176,0,446,26,171,-26" owari="207,0.7,176,-22.4,472,57.2,145,-35.5" /></mjloggm>