<mjloggm ver="2.3"><GO type="225" lobby="0"/><UN n0="%E3%81%A9%E3%82%8F%E3%82%93%E3%81%94" n1="%6D%75%75%6D%75%72%61" n2="%E6%AF%9B%E8%8D%92%E3%82%8C%E3%83%BB%E3%82%B9%E3%83%9F%E3%82%B9" n3="%E5%B0%8F%E9%B3%A5%E9%81%8A%E7%B7%B4%E7%84%A1%32%31%E6%AD%B3" dan="16,17,16,16" rate="2073.59,2247.59,2001.82,2148.27" sx="M,F,F,F"/><TAIKYOKU oya="0"/><INIT seed="0,0,0,1,1,56" ten="250,250,250,250" oya="0" hai0="48,92,63,132,108,36,11,60,116,115,89,61,59" hai1="117,17,70,10,122,77,53,67,7,3,33,19,99" hai2="90,86,120,37,83,28,109,130,21,91,34,64,111" hai3="32,95,75,107,31,39,127,82,84,45,87,58,55"/><T112/><D116/><U42/><E117/><V9/><F120/><W135/><G107/><T76/><D36/><U118/><E118/><V96/><F130/><W44/><G75/><T121/><D121/><U78/><E122/><V105/><F37/><W126/><G135/><T125/><D132/><U88/><E33/><V43/><F21/><W38/><G95/><T24/><D125/><N who="3" m="47625" /><G31/><T5/><D76/><U22/><E42/><V93/><F43/><W66/><G32/><T13/><D108/><N who="2" m="41546" /><F105/><W79/><G87/><T85/><REACH who="0" step="1"/><D24/><REACH who="0" ten="240,250,250,250" step="2"/><U128/><E77/><V54/><F34/><W80/><G38/><T25/><D25/><U27/><E78/><V123/><F123/><W52/><G39/><T131/><D131/><U40/><E128/><V20/><F28/><W2/><G79/><T6/><D6/><U133/><E133/><V103/><F20/><W124/><G124/><T100/><D100/><U26/><E22/><V73/><F73/><W129/><G129/><T29/><D29/><U81/><E27/><V68/><F9/><W134/><G134/><T1/><D1/><U47/><E26/><V50/><F103/><W18/><G2/><T98/><D98/><U23/><E23/><V12/><F96/><W65/><G84/><T8/><D8/><U69/><E99/><V104/><F86/><W113/><G18/><T106/><D106/><U102/><E19/><V49/><F104/><W51/><G82/><T41/><D41/><U119/><E17/><V97/><F83/><W46/><G80/><T4/><D4/><U57/><E81/><V110/><F97/><RYUUKYOKU ba="0,1" sc="240,30,250,-10,250,-10,250,-10" hai0="5,11,13,48,59,60,61,63,85,89,92,112,115" /><INIT seed="0,1,1,5,0,124" ten="270,240,240,240" oya="0" hai0="102,95,76,11,14,106,63,99,65,66,96,25,46" hai1="109,127,93,33,45,97,7,39,8,111,51,104,126" hai2="80,74,133,37,36,69,90,134,38,71,128,115,84" hai3="98,122,82,81,57,56,61,19,12,53,83,121,116"/><T30/><D76/><U43/><E104/><V131/><F115/><W49/><G98/><T72/><D72/><U88/><E33/><V107/><F107/><W0/><G0/><T91/><D46/><U92/><E92/><V31/><F31/><W135/><G135/><N who="2" m="51721" /><F74/><W35/><G35/><T15/><D11/><U62/><E39/><V77/><F90/><W10/><REACH who="3" step="1"/><G116/><REACH who="3" ten="270,240,240,230" step="2"/><T18/><D18/><U9/><E126/><V103/><F103/><W120/><G120/><T59/><D66/><AGARI ba="1,2" hai="10,12,19,49,53,56,57,61,66,81,82,83,121,122" machi="66" ten="40,1300,0" yaku="1,1,53,0" doraHai="124" doraHaiUra="29" who="3" fromWho="0" sc="270,-16,240,0,240,0,230,36" /><INIT seed="1,0,0,1,1,87" ten="254,240,240,266" oya="1" hai0="93,33,24,57,56,25,46,2,6,38,49,41,44" hai1="117,9,127,103,8,90,42,100,96,98,81,52,29" hai2="110,22,58,102,114,60,20,79,128,66,99,77,39" hai3="16,63,74,69,61,4,105,1,82,26,15,97,85"/><U131/><E117/><V59/><F110/><W34/><G74/><T125/><D33/><U133/><E42/><V116/><F116/><W130/><G130/><T106/><D106/><U30/><E131/><V120/><F120/><W121/><G121/><T78/><D125/><U18/><E127/><V43/><F128/><W83/><G83/><T23/><D78/><U14/><E133/><V7/><F114/><W12/><G12/><T13/><D2/><U92/><E9/><V113/><F113/><W10/><G69/><T123/><D123/><U70/><E70/><V122/><F122/><W84/><G84/><T27/><D93/><N who="1" m="58383" /><E81/><V50/><F7/><W28/><G97/><T107/><D107/><U3/><E3/><V53/><F39/><W80/><G80/><T129/><D129/><U51/><E103/><V19/><F43/><W94/><G94/><T112/><D112/><U111/><E111/><V124/><F124/><W75/><G75/><T11/><REACH who="0" step="1"/><D23/><REACH who="0" ten="244,240,240,266" step="2"/><U65/><E65/><V104/><REACH who="2" step="1"/><F22/><REACH who="2" ten="244,240,230,266" step="2"/><N who="3" m="11551" /><G105/><T119/><D119/><U55/><E55/><AGARI ba="0,2" hai="6,11,13,24,25,27,38,41,44,46,49,55,56,57" machi="55" ten="40,5200,0" yaku="1,1,53,2" doraHai="87" doraHaiUra="54" who="0" fromWho="1" sc="244,72,240,-52,230,0,266,0" /><INIT seed="2,0,0,3,2,12" ten="316,188,230,266" oya="2" hai0="19,8,80,5,23,3,39,37,135,81,68,97,84" hai1="100,35,55,89,47,120,26,132,56,94,128,0,108" hai2="133,51,11,25,69,53,87,134,2,16,103,75,57" hai3="48,104,130,50,6,121,125,102,96,24,118,79,67"/><V71/><F75/><W54/><G121/><T4/><D68/><U44/><E120/><V77/><F103/><W38/><G118/><T112/><D112/><U41/><E0/><V92/><F2/><W113/><G38/><T101/><D135/><N who="2" m="51722" /><F77/><W13/><G113/><T66/><D5/><U62/><E132/><V107/><F107/><W82/><G67/><T27/><D66/><U22/><E108/><V36/><F36/><W59/><G125/><T85/><D85/><U83/><E128/><V123/><F123/><W110/><G24/><T111/><D81/><U28/><E100/><V124/><F124/><W117/><G130/><T93/><D111/><U15/><E83/><V106/><F106/><W122/><G117/><T49/><D49/><U21/><E35/><V109/><F109/><W18/><G6/><T58/><D58/><U78/><E78/><AGARI ba="0,0" hai="3,4,8,19,23,27,37,39,78,80,84,93,97,101" machi="78" ten="30,2000,0" yaku="7,1,52,1" doraHai="12" who="0" fromWho="1" sc="316,20,188,-20,230,0,266,0" /><INIT seed="3,0,0,3,0,121" ten="336,168,230,266" oya="3" hai0="26,74,7,14,20,39,53,28,110,69,15,33,94" hai1="50,2,103,117,99,0,59,93,82,119,78,44,48" hai2="62,97,52,131,123,89,64,21,31,80,8,86,19" hai3="83,10,38,126,135,76,73,109,111,98,84,42,125"/><W55/><G38/><T37/><D74/><U113/><E113/><V70/><F131/><W17/><G42/><T101/><D69/><U4/><E117/><V36/><F36/><W129/><G55/><T54/><D33/><U24/><E119/><V60/><F123/><W6/><G17/><T23/><D39/><U46/><E59/><V12/><F97/><W3/><G129/><T9/><D37/><U29/><E4/><V95/><F80/><W49/><G49/><T112/><D112/><U88/><E103/><V107/><F107/><W91/><G98/><N who="0" m="59607" /><D110/><N who="3" m="41993" /><G135/><T102/><D102/><U122/><E122/><V127/><F127/><W115/><G115/><T114/><D114/><U35/><E48/><V18/><F18/><AGARI ba="0,0" hai="7,9,14,15,18,20,23,26,28,53,54" m="59607" machi="18" ten="30,1000,0" yaku="8,1" doraHai="121" who="0" fromWho="2" sc="336,10,168,0,230,-10,266,0" owari="346,44.6,168,-33.2,220,-18.0,266,6.6" /></mjloggm>