<mjloggm ver="2.3"><GO type="225" lobby="0"/><UN n0="%E3%82%A2%E3%83%A1%E3%82%A2%E3%83%A9%E3%83%AC" n1="%E5%A4%9C%E3%81%AE%E3%82%AC%E3%82%B9%E3%83%91%E3%83%BC%E3%83%AB" n2="%E3%82%B3%E3%83%90%E3%83%AC%E3%82%A4" n3="%E3%81%99%E3%81%84%E3%81%BE%E3%81%9B%E3%83%BC%E3%82%93" dan="16,17,16,18" rate="2152.99,2181.84,2082.34,2282.20" sx="M,M,M,M"/><TAIKYOKU oya="0"/><INIT seed="0,0,0,5,3,118" ten="250,250,250,250" oya="0" hai0="15,132,102,71,39,98,51,49,41,135,7,0,24" hai1="47,115,97,60,104,28,56,48,53,130,109,126,84" hai2="30,2,133,90,65,66,123,95,63,111,29,134,125" hai3="43,119,11,20,1,58,44,5,116,77,54,10,38"/><T12/><D71/><U117/><E117/><V19/><F2/><W61/><G11/><N who="0" m="2535" /><D39/><U13/><E109/><V124/><F111/><W110/><G110/><T100/><D24/><U108/><E108/><V14/><F95/><W46/><G46/><N who="0" m="25807" /><D51/><U87/><E28/><N who="2" m="10859" /><F90/><W64/><G20/><T122/><D102/><U107/><E115/><V131/><F65/><W62/><REACH who="3" step="1"/><G77/><REACH who="3" ten="250,250,250,240" step="2"/><T99/><D135/><U114/><E47/><V67/><F134/><W80/><G80/><T36/><D132/><U72/><E114/><V17/><F133/><W33/><G33/><T112/><D112/><U40/><E40/><V27/><F125/><W121/><G121/><T127/><D122/><U94/><E126/><V37/><F123/><W96/><G96/><T23/><D99/><U128/><E97/><V101/><F124/><W85/><G85/><T26/><D127/><U31/><E87/><V81/><F81/><W103/><G103/><T69/><D98/><U50/><E84/><V93/><F101/><W120/><G120/><T55/><D100/><U34/><E34/><V22/><F93/><W75/><G75/><T86/><D86/><U92/><E72/><V4/><F22/><W83/><G83/><T18/><D23/><U79/><E79/><V35/><F35/><W129/><G129/><N who="1" m="49770" /><E94/><V113/><F131/><W76/><G76/><T16/><D36/><U8/><E92/><V57/><F37/><W32/><G32/><T91/><D91/><U25/><E107/><V70/><F113/><W45/><G45/><T21/><D21/><N who="1" m="15791" /><E104/><V9/><F27/><W42/><G42/><RYUUKYOKU ba="0,1" sc="250,-30,250,10,250,10,240,10" hai1="8,13,48,50,53,56,60" hai2="4,9,14,17,19,57,63,66,67,70" hai3="1,5,10,38,43,44,54,58,61,62,64,116,119" /><INIT seed="1,1,1,5,4,118" ten="220,260,260,250" oya="1" hai0="76,13,62,88,43,83,68,105,112,10,46,104,47" hai1="89,48,18,40,100,127,57,51,101,12,31,132,84" hai2="59,77,27,25,55,45,39,58,26,1,11,87,121" hai3="32,115,56,5,95,117,29,82,52,53,54,44,103"/><U49/><E127/><V9/><F1/><W79/><G115/><T134/><D134/><U60/><E132/><V64/><F121/><W2/><G117/><T114/><D114/><U20/><E40/><V14/><F39/><W69/><G69/><T110/><D110/><U3/><E31/><V66/><F45/><W24/><G44/><T4/><D112/><U91/><E3/><V124/><F59/><W8/><G95/><T21/><D47/><U17/><E17/><V71/><F71/><W19/><G103/><N who="1" m="39498" /><E84/><V108/><F108/><W129/><G19/><T96/><D21/><U133/><E133/><V126/><F124/><W70/><G70/><T61/><D104/><U28/><E28/><V135/><F135/><W107/><G107/><T23/><D23/><U74/><E74/><V22/><F22/><W122/><G122/><T38/><D68/><U98/><E98/><V50/><F11/><W131/><REACH who="3" step="1"/><G56/><REACH who="3" ten="220,260,260,240" step="2"/><T128/><D105/><U15/><E15/><V73/><F126/><W37/><G37/><T42/><D42/><U35/><E35/><V120/><F120/><W80/><G80/><T109/><D109/><U125/><E125/><V33/><F33/><W7/><G7/><T75/><D43/><U30/><E30/><V90/><F58/><W0/><G0/><T34/><D34/><U6/><E6/><V41/><F41/><W65/><G65/><AGARI ba="1,2" hai="12,18,20,48,49,51,57,60,65,89,91" m="39498" machi="65" ten="30,1500,0" yaku="8,1" doraHai="118" who="1" fromWho="3" sc="220,0,260,38,260,0,240,-18" /><INIT seed="1,2,0,5,2,73" ten="220,298,260,222" oya="1" hai0="107,37,89,95,123,45,40,36,4,113,70,46,120" hai1="125,93,48,62,41,14,111,60,80,59,5,43,7" hai2="1,76,12,81,9,101,133,30,105,83,126,90,88" hai3="128,77,11,33,118,132,57,56,28,97,32,67,34"/><U122/><E122/><N who="0" m="46633" /><D107/><U27/><E125/><V15/><F126/><W92/><G128/><T135/><D113/><U102/><E111/><V84/><F133/><W87/><G132/><T13/><D135/><U117/><E117/><V24/><F1/><W134/><G134/><T50/><D70/><U121/><E121/><V29/><F105/><W110/><G118/><T130/><D130/><U16/><E27/><V38/><F38/><W78/><G110/><T10/><D46/><N who="1" m="25679" /><E43/><V91/><F101/><W108/><G108/><T25/><D25/><U53/><E62/><V103/><F103/><W119/><G119/><T104/><D104/><U42/><E42/><V124/><F124/><W112/><G112/><T115/><D115/><U55/><E55/><V64/><F15/><W21/><G67/><T66/><D66/><U99/><E80/><V8/><F8/><AGARI ba="2,0" hai="5,7,8,14,16,53,59,60,93,99,102" m="25679" machi="8" ten="30,2900,0" yaku="8,1,54,1" doraHai="73" who="1" fromWho="2" sc="220,0,298,35,260,-35,222,0" /><INIT seed="1,3,0,0,5,5" ten="220,333,225,222" oya="1" hai0="132,85,127,108,111,10,91,133,4,74,122,58,100" hai1="102,3,30,12,135,90,56,72,61,96,126,97,44" hai2="112,40,49,62,35,36,20,124,45,55,65,41,13" hai3="83,7,93,15,99,114,77,76,101,109,82,67,110"/><U104/><E3/><V51/><F35/><W23/><G114/><T81/><D127/><U66/><E72/><V46/><F20/><W59/><G67/><T0/><D122/><U63/><E126/><V24/><F13/><W68/><G68/><T14/><D100/><U22/><E135/><N who="0" m="51785" /><D74/><U60/><E44/><V64/><F24/><W21/><G59/><T70/><D70/><U134/><E134/><V54/><F124/><W116/><G116/><T37/><D37/><U18/><REACH who="1" step="1"/><E30/><REACH who="1" ten="220,323,225,222" step="2"/><V8/><F112/><W80/><G110/><N who="0" m="42027" /><D58/><U123/><E123/><V106/><F106/><W26/><G109/><T128/><D128/><U57/><E57/><N who="2" m="35135" /><F8/><N who="3" m="4511" /><G21/><T119/><D119/><U89/><E89/><V125/><F125/><W27/><G27/><T130/><D130/><U53/><E53/><V79/><F79/><W71/><G71/><T131/><D131/><U92/><AGARI ba="3,1" hai="12,18,22,56,60,61,63,66,90,92,96,97,102,104" machi="92" ten="30,3000,0" yaku="1,1,0,1,53,0" doraHai="5" doraHaiUra="115" who="1" fromWho="1" sc="220,-13,323,49,225,-13,222,-13" /><INIT seed="1,4,0,1,0,112" ten="207,372,212,209" oya="1" hai0="13,105,63,100,120,85,99,113,2,98,93,86,111" hai1="77,12,24,50,1,32,92,19,123,3,61,80,131" hai2="17,51,26,39,130,110,87,104,71,4,79,121,48" hai3="78,33,31,124,90,101,21,11,42,29,18,66,60"/><U129/><E123/><V81/><F71/><W14/><G124/><T30/><D2/><U59/><E50/><V35/><F121/><W0/><G33/><T126/><D120/><U45/><E45/><V70/><F70/><W69/><G78/><T8/><D113/><U88/><E24/><V27/><F39/><W34/><G34/><T116/><D111/><U106/><E106/><V62/><F110/><W89/><G101/><T43/><D126/><U65/><E32/><V56/><F104/><W94/><G42/><T102/><D116/><U25/><E25/><V58/><F56/><W103/><G103/><T119/><D119/><U109/><E109/><V47/><F4/><W7/><REACH who="3" step="1"/><G89/><REACH who="3" ten="207,372,212,199" step="2"/><T73/><D43/><U96/><E77/><V55/><F35/><W74/><G74/><T41/><D73/><U95/><E88/><V127/><F127/><W23/><G23/><T108/><D108/><U28/><E129/><V68/><F130/><W20/><G20/><T107/><D41/><U128/><E131/><V97/><F79/><W9/><G9/><T52/><D107/><U83/><E128/><V134/><F134/><W117/><G117/><T82/><D102/><U54/><E96/><AGARI ba="4,1" hai="0,7,11,14,18,21,29,31,60,66,69,90,94,96" machi="96" ten="30,2000,0" yaku="1,1,7,1,53,0" doraHai="112" doraHaiUra="44" who="3" fromWho="1" sc="207,0,372,-32,212,0,199,42" /><INIT seed="2,0,0,4,3,52" ten="207,340,212,241" oya="2" hai0="103,100,64,55,116,94,98,11,90,16,21,47,0" hai1="63,35,85,19,124,133,113,74,43,108,12,120,4" hai2="26,18,125,128,79,5,99,67,48,50,104,51,96" hai3="131,75,32,117,37,34,115,44,107,66,70,112,119"/><V92/><F128/><W53/><G75/><T41/><D116/><U114/><E74/><V46/><F104/><W60/><G107/><T95/><D64/><U132/><E108/><V27/><F79/><W59/><G131/><T130/><D130/><U109/><E109/><V40/><F5/><W10/><G10/><T106/><D106/><U23/><E35/><V42/><F99/><W7/><G7/><T110/><D110/><U9/><E124/><V61/><F125/><W83/><G83/><T129/><D129/><U58/><E43/><V76/><F76/><W135/><G32/><T33/><D33/><U68/><E68/><V2/><F2/><W56/><G34/><T45/><D95/><U123/><E85/><V57/><F18/><W118/><G135/><N who="1" m="51786" /><E114/><N who="3" m="43562" /><G53/><T101/><D11/><U30/><E30/><V31/><F40/><AGARI ba="0,0" hai="37,40,44,56,59,60,66,70,117,118,119" m="43562" machi="40" ten="40,8000,1" yaku="11,1,34,2,52,2" doraHai="52" who="3" fromWho="2" sc="207,0,340,0,212,-80,241,80" /><INIT seed="3,0,0,0,2,55" ten="207,340,132,321" oya="3" hai0="120,60,81,130,115,21,111,135,26,45,127,105,99" hai1="49,76,5,51,33,31,38,107,129,47,92,83,72" hai2="132,46,35,59,87,43,11,12,67,16,68,57,82" hai3="6,24,0,34,20,86,75,27,54,10,41,29,74"/><W62/><G41/><T70/><D120/><U65/><E107/><V19/><F35/><W28/><G86/><T14/><D111/><U13/><E129/><V118/><F118/><W58/><AGARI ba="0,0" hai="0,6,10,20,24,27,28,29,34,54,58,62,74,75" machi="58" ten="30,3000,0" yaku="0,1,52,1" doraHai="55" who="3" fromWho="3" sc="207,-10,340,-10,132,-10,321,30" owari="197,-20.3,330,13.0,122,-37.8,351,45.1" /></mjloggm>