<mjloggm ver="2.3"><GO type="225" lobby="0"/><UN n0="%E9%89%A2%E5%B7%BB%E3%82%AC%E3%83%96" n1="%E3%82%BC%E3%83%AB%E3%83%80%E3%81%AE%E4%BC%9D%E8%AA%AC" n2="%72%69%6F%75%63%68%61%6E" n3="%E5%84%AA%40%41%42%43" dan="16,16,17,18" rate="2035.63,2161.04,2157.90,2256.63" sx="M,M,M,M"/><TAIKYOKU oya="0"/><INIT seed="0,0,0,3,4,7" ten="250,250,250,250" oya="0" hai0="87,67,49,117,84,2,105,133,52,96,95,92,125" hai1="100,0,83,24,76,66,15,91,65,78,74,94,121" hai2="108,45,127,98,64,41,61,77,32,55,109,12,33" hai3="25,85,44,86,110,135,113,129,31,54,3,56,123"/><T72/><D117/><U99/><E0/><V40/><F127/><W132/><G113/><T59/><D2/><U79/><E121/><V80/><F55/><W130/><G3/><T19/><D72/><U22/><E15/><V28/><F98/><W34/><G44/><T111/><D133/><N who="3" m="51273" /><G110/><N who="2" m="42601" /><F12/><W119/><G123/><T11/><D111/><U118/><E118/><V27/><F32/><W71/><G71/><T51/><D125/><U107/><E66/><V68/><F45/><W101/><G101/><T38/><D67/><U69/><E69/><V42/><F40/><W48/><G119/><T30/><D38/><U4/><E4/><V90/><F90/><W104/><G104/><T9/><D105/><U120/><E65/><V81/><F81/><W82/><G85/><AGARI ba="0,0" hai="27,28,33,41,42,61,64,68,77,80,85" m="42601" machi="85" ten="30,1000,0" yaku="14,1" doraHai="7" who="2" fromWho="3" sc="250,0,250,0,250,10,250,-10" /><INIT seed="1,0,0,4,4,1" ten="250,250,260,240" oya="1" hai0="43,41,128,123,79,117,24,133,104,107,110,57,0" hai1="130,52,34,53,92,85,19,14,81,97,9,3,120" hai2="15,25,44,56,64,131,27,51,89,122,75,4,98" hai3="8,71,115,67,2,82,94,72,31,86,18,21,54"/><U105/><E130/><V10/><F122/><W36/><G115/><T22/><D117/><U30/><E120/><V59/><F75/><W124/><G124/><T47/><D123/><U70/><E105/><V50/><F131/><W112/><G112/><T80/><D128/><U7/><E70/><V66/><F56/><W37/><G72/><T103/><D0/><U16/><E30/><V58/><F59/><W63/><G31/><T77/><D133/><U20/><E34/><V90/><F50/><W108/><G54/><N who="1" m="21098" /><E3/><V101/><F90/><W76/><G94/><T40/><D57/><U84/><E20/><V32/><F89/><W111/><G8/><T93/><D47/><U12/><E12/><V69/><F69/><W132/><G2/><T33/><D33/><U42/><E42/><N who="2" m="24983" /><F32/><W6/><G6/><T96/><D79/><N who="1" m="46143" /><E85/><V13/><F15/><N who="3" m="9439" /><G132/><T106/><D106/><U26/><E26/><N who="2" m="9739" /><F58/><W48/><G48/><T46/><D46/><U88/><AGARI ba="0,0" hai="7,9,14,16,19,88,92,97" m="46143,21098" machi="88" ten="30,12000,1" yaku="8,1,52,1,54,3" doraHai="1" who="1" fromWho="1" sc="250,-40,250,120,260,-40,240,-40" /><INIT seed="1,1,0,4,5,112" ten="210,370,220,200" oya="1" hai0="111,67,45,126,1,19,75,62,100,37,48,32,60" hai1="102,30,26,70,120,133,12,66,14,65,134,46,109" hai2="82,17,106,135,115,33,25,52,29,132,90,117,15" hai3="84,129,23,87,42,99,28,118,39,88,64,104,18"/><U36/><E120/><V130/><F117/><W114/><G114/><T35/><D1/><U55/><E102/><V59/><F130/><W9/><G129/><T127/><D75/><U69/><E26/><V105/><F115/><W72/><G72/><T31/><D37/><U113/><E113/><V116/><F116/><W21/><G64/><N who="1" m="24682" /><E30/><V95/><F82/><W13/><G118/><T107/><D19/><U3/><E3/><V89/><F106/><W101/><G87/><T51/><D31/><U54/><E14/><V49/><F105/><W110/><G110/><T122/><D107/><U97/><E12/><V47/><F47/><W7/><G28/><T71/><D100/><U131/><E97/><V121/><F121/><W2/><G42/><N who="0" m="24631" /><D122/><U38/><E131/><V92/><F92/><W58/><G58/><N who="0" m="37271" /><D35/><U103/><E103/><V123/><F123/><W80/><REACH who="3" step="1"/><G39/><REACH who="3" ten="210,370,220,190" step="2"/><N who="1" m="14890" /><E109/><V61/><F135/><N who="1" m="51721" /><E46/><V6/><F132/><W98/><G98/><T16/><D111/><U8/><E8/><AGARI ba="1,1" hai="2,7,8,9,13,18,21,23,80,84,88,99,101,104" machi="8" ten="30,3900,0" yaku="1,1,7,1,54,1,53,0" doraHai="112" doraHaiUra="41" who="3" fromWho="1" sc="210,0,370,-42,220,0,190,52" /><INIT seed="2,0,0,4,1,114" ten="210,328,220,242" oya="2" hai0="27,133,63,121,128,112,116,75,103,110,58,32,66" hai1="9,17,18,26,100,101,125,95,91,51,80,89,111" hai2="42,15,86,135,2,11,84,106,6,129,56,74,108" hai3="124,37,31,45,53,98,1,28,20,13,10,35,78"/><V38/><F74/><W52/><G35/><T97/><D112/><U85/><E111/><V77/><F129/><W33/><G33/><T16/><D121/><U62/><E125/><V41/><F135/><W57/><G1/><T76/><D110/><U7/><E51/><V118/><F118/><W126/><G78/><T94/><D128/><U4/><E62/><V50/><F108/><W127/><G98/><T44/><D133/><U83/><E26/><V132/><F132/><W117/><G117/><T69/><D116/><U96/><E96/><V65/><F106/><W73/><G73/><T61/><D44/><U25/><E25/><V8/><F38/><W131/><G131/><T64/><D32/><U88/><E95/><V102/><F102/><N who="1" m="39529" /><E83/><V23/><F23/><W79/><G79/><T0/><D0/><U24/><E24/><V70/><F70/><W29/><G20/><T119/><D119/><U93/><E93/><V36/><F36/><W71/><G57/><T82/><REACH who="0" step="1"/><D27/><REACH who="0" ten="200,328,220,242" step="2"/><U59/><E80/><N who="2" m="47119" /><F2/><W90/><G124/><T48/><D48/><U22/><E85/><V115/><F115/><W21/><G126/><T55/><D55/><U92/><E92/><V12/><F86/><W123/><G127/><T43/><D43/><U87/><E87/><V105/><F105/><W3/><G3/><T81/><D81/><U60/><E60/><N who="2" m="38023" /><F50/><N who="3" m="28751" /><G37/><T39/><D39/><U107/><E107/><V54/><F54/><W104/><G53/><T14/><D14/><N who="1" m="9527" /><E59/><V5/><AGARI ba="0,1" hai="5,6,8,11,12,15,41,42" m="38023,47119" machi="5" ten="30,1500,0" yaku="8,1" doraHai="114" who="2" fromWho="2" sc="200,-5,328,-5,220,25,242,-5" /><INIT seed="2,1,0,5,5,59" ten="195,323,245,237" oya="2" hai0="54,44,101,47,81,63,26,37,9,113,74,2,107" hai1="71,53,28,85,117,5,126,58,121,20,49,112,78" hai2="114,100,133,39,130,77,123,52,65,127,0,16,128" hai3="129,4,33,34,21,11,19,115,134,91,12,13,103"/><V82/><F114/><W95/><G115/><T75/><D113/><U60/><E112/><RYUUKYOKU type="kaze4" ba="1,0" sc="195,0,323,0,245,0,237,0" /><INIT seed="2,2,0,5,4,60" ten="195,323,245,237" oya="2" hai0="115,21,116,107,69,28,99,105,41,11,131,63,122" hai1="126,45,7,34,65,93,30,123,85,74,66,90,98" hai2="33,15,91,1,10,44,86,23,124,56,50,26,25" hai3="134,35,128,125,121,67,118,47,46,58,42,104,88"/><V37/><F124/><W12/><G118/><T110/><D122/><U17/><E74/><V78/><F33/><W51/><G104/><T19/><D115/><U100/><E126/><V20/><F37/><W76/><G35/><T40/><D110/><U89/><E123/><V48/><F78/><W62/><G121/><T81/><D131/><U71/><E71/><V9/><F1/><W117/><G117/><T130/><D130/><U101/><E7/><V18/><F56/><W8/><G128/><T106/><D116/><U55/><E34/><V79/><F79/><W112/><G76/><T32/><D81/><N who="1" m="49327" /><E30/><V29/><F44/><N who="3" m="26007" /><G112/><T72/><D72/><U95/><E17/><V87/><F9/><W132/><G125/><T111/><D111/><U114/><E114/><V103/><F103/><N who="1" m="39497" /><E95/><N who="2" m="54775" /><F87/><W73/><G73/><T127/><D99/><U113/><E113/><V5/><AGARI ba="2,0" hai="5,10,15,18,20,23,25,26,29,48,50" m="54775" machi="5" ten="30,1500,0" yaku="8,1" doraHai="60" who="2" fromWho="2" sc="195,-7,323,-7,245,21,237,-7" /><INIT seed="2,3,0,5,1,69" ten="188,316,266,230" oya="2" hai0="105,29,86,22,36,3,73,64,6,126,135,8,133" hai1="70,71,84,0,41,56,95,122,113,74,12,72,100" hai2="34,13,118,46,39,130,134,117,62,90,27,80,112" hai3="9,104,60,82,77,1,106,116,128,88,57,65,81"/><V35/><F112/><W14/><G116/><T10/><D105/><U127/><E0/><V37/><F13/><W119/><G119/><N who="2" m="45577" /><F90/><W76/><G1/><T38/><D73/><U21/><E113/><V26/><F80/><W89/><G128/><T132/><D64/><U123/><E127/><V47/><F62/><W15/><G15/><T66/><D66/><U45/><E72/><V33/><F130/><W85/><G104/><T124/><D8/><U5/><E74/><V109/><F134/><W108/><G108/><T50/><D50/><N who="1" m="26927" /><E21/><V18/><F18/><W25/><G25/><N who="2" m="9225" /><F109/><W110/><G106/><T51/><D22/><U30/><E30/><V103/><F103/><W75/><G75/><T58/><BYE who="3" /><D29/><U79/><E100/><V40/><F40/><W91/><G91/><T68/><D68/><U7/><E12/><V121/><F121/><N who="1" m="46089" /><E71/><V43/><F43/><W11/><G11/><T44/><D86/><U17/><E17/><V94/><F94/><W129/><G129/><T23/><D23/><U28/><E28/><V19/><F19/><W125/><G125/><N who="0" m="48235" /><D58/><UN n3="%E5%84%AA%40%41%42%43" /><U78/><E56/><V24/><N who="2" m="9233" /><V83/><DORA hai="101" /><F83/><W52/><G110/><T87/><D87/><U54/><E70/><V131/><F131/><W42/><G42/><AGARI ba="3,0" hai="3,6,10,36,38,42,44,51,132,133,135" m="48235" machi="42" ten="40,8000,1" yaku="20,1,18,1,52,2" doraHai="69,101" who="0" fromWho="3" sc="188,89,316,0,266,0,230,-89" /><INIT seed="3,0,0,3,2,47" ten="277,316,266,141" oya="3" hai0="81,110,108,38,26,28,134,86,92,46,77,87,128" hai1="59,13,4,99,122,75,60,78,1,37,33,35,83" hai2="80,117,61,130,135,48,79,44,18,115,45,9,39" hai3="62,123,56,25,84,109,54,129,76,95,12,41,20"/><W98/><G123/><T8/><D128/><U114/><E122/><V111/><F115/><W27/><G129/><T69/><D69/><U30/><E114/><V29/><F130/><W74/><G74/><T63/><D63/><U10/><E30/><V91/><F117/><W23/><G41/><T57/><D57/><U67/><E37/><V21/><F111/><W94/><G109/><T93/><D134/><U66/><E66/><V2/><F135/><W127/><G127/><T50/><D38/><U55/><E1/><V107/><F107/><W125/><G125/><T133/><D133/><U97/><REACH who="1" step="1"/><E55/><REACH who="1" ten="277,306,266,141" step="2"/><V42/><F29/><N who="3" m="17575" /><G12/><T51/><D108/><U34/><AGARI ba="0,1" hai="4,10,13,33,34,35,59,60,67,75,78,83,97,99" machi="34" ten="30,2000,0" yaku="1,1,0,1,53,0" doraHai="47" doraHaiUra="101" who="1" fromWho="1" sc="277,-5,306,30,266,-5,141,-10" owari="272,7.2,336,43.6,261,-13.9,131,-36.9" /></mjloggm>