<mjloggm ver="2.3"><GO type="225" lobby="0"/><UN n0="%E3%83%B4%E3%83%A0%EF%BC%99%E3%81%A6" n1="%6A%70%74%77%61%32" n2="%E8%A8%88%E7%AE%97%E6%A9%9F%E8%87%AA%E7%84%B6" n3="%72%61%6B%33" dan="17,16,17,18" rate="2206.11,2052.14,2229.30,2284.79" sx="M,M,M,M"/><TAIKYOKU oya="0"/><INIT seed="0,0,0,2,0,108" ten="250,250,250,250" oya="0" hai0="34,70,98,88,22,2,64,107,109,45,11,80,110" hai1="93,117,77,58,46,48,113,21,41,126,119,75,95" hai2="135,37,84,56,29,114,7,53,6,51,3,47,133" hai3="122,32,128,30,52,44,97,130,87,40,35,131,106"/><T116/><D116/><U57/><E126/><V66/><F29/><W8/><G122/><T78/><D34/><U104/><E104/><V129/><F3/><W10/><G87/><T124/><D124/><U43/><E77/><V71/><F84/><W15/><G30/><T86/><D45/><U111/><E75/><V69/><F6/><W73/><G73/><T102/><D22/><U50/><E21/><V134/><F7/><W54/><G32/><T94/><D64/><U20/><E20/><V18/><F18/><W115/><G35/><T33/><D70/><N who="2" m="26634" /><F129/><W90/><G115/><T55/><D55/><U62/><E46/><V72/><F72/><W16/><G10/><T83/><D33/><U101/><E101/><V100/><F100/><N who="3" m="62735" /><G90/><N who="0" m="55639" /><D11/><U67/><E67/><V121/><F121/><W38/><AGARI ba="0,0" hai="8,15,16,38,40,44,52,54,128,130,131" m="62735" machi="38" ten="30,4000,0" yaku="19,1,54,2" doraHai="108" who="3" fromWho="3" sc="250,-20,250,-10,250,-10,250,40" /><INIT seed="1,0,0,3,4,128" ten="230,240,240,290" oya="1" hai0="49,29,17,18,115,104,72,88,11,120,43,66,73" hai1="109,24,108,122,34,64,28,31,23,51,105,32,100" hai2="56,84,2,21,76,116,113,78,0,5,99,83,87" hai3="89,27,61,59,69,22,131,67,102,39,63,50,121"/><U55/><E122/><V65/><F116/><W77/><G131/><T44/><D115/><U37/><E37/><V42/><F113/><W132/><G132/><T60/><D104/><U10/><E64/><V80/><F42/><W86/><G102/><T47/><D120/><U90/><E10/><V91/><F5/><W13/><G13/><T81/><D29/><U46/><E90/><V36/><F36/><W35/><G50/><T94/><D47/><U4/><E4/><V12/><F0/><W75/><G75/><T40/><D40/><U68/><E68/><V70/><F70/><W126/><G77/><T107/><D107/><U8/><E8/><V58/><F65/><W129/><G35/><T20/><D11/><U103/><E23/><V3/><F3/><W79/><G79/><T135/><D135/><U15/><E15/><V117/><F2/><W19/><G129/><T85/><D81/><U92/><E92/><N who="2" m="56735" /><F117/><W6/><G6/><T33/><D33/><U7/><E7/><V98/><F98/><W112/><G112/><T57/><REACH who="0" step="1"/><D17/><AGARI ba="0,0" hai="12,17,21,56,58,76,78,80,83,84,87" m="56735" machi="17" ten="30,1000,0" yaku="8,1" doraHai="128" who="2" fromWho="0" sc="230,-10,240,0,240,10,290,0" /><INIT seed="2,0,0,2,3,70" ten="220,240,250,290" oya="2" hai0="67,6,41,25,103,94,49,52,66,16,120,119,15" hai1="85,59,54,34,12,84,57,77,1,82,20,129,132" hai2="100,126,9,19,121,24,88,108,30,133,3,116,46" hai3="112,23,2,8,60,38,42,48,122,97,36,62,93"/><V95/><F116/><W73/><G73/><T33/><D120/><U86/><E1/><V92/><F121/><W39/><G122/><T69/><D119/><U80/><E34/><V55/><F126/><W81/><G81/><T114/><D114/><U131/><E132/><V98/><F133/><W87/><G87/><T13/><D41/><U127/><E127/><V50/><F108/><W106/><G106/><T10/><D69/><U68/><E68/><V65/><F65/><N who="0" m="24586" /><D33/><U71/><E71/><V28/><F3/><W35/><G23/><N who="0" m="11663" /><D25/><U83/><E77/><V11/><F19/><W58/><G35/><T22/><D22/><U47/><E47/><V102/><F102/><W78/><G78/><T76/><D76/><U21/><E12/><V18/><F18/><W99/><G42/><T31/><D31/><N who="2" m="11818" /><F24/><W110/><G110/><T37/><D37/><U111/><E111/><V123/><F123/><W91/><G99/><AGARI ba="0,0" hai="9,11,46,50,55,88,92,95,98,99,100" m="11818" machi="99" ten="30,2900,0" yaku="8,1,54,1" doraHai="70" who="2" fromWho="3" sc="220,0,240,0,250,29,290,-29" /><INIT seed="2,1,0,3,2,24" ten="220,240,279,261" oya="2" hai0="135,130,119,49,96,72,45,104,117,103,86,100,92" hai1="134,6,34,0,128,94,36,64,35,82,10,126,66" hai2="101,124,118,78,114,52,50,105,22,127,9,68,53" hai3="80,21,13,90,123,48,76,81,73,71,97,40,125"/><V116/><F78/><W12/><G71/><T28/><D72/><U20/><E126/><N who="2" m="48171" /><F9/><W79/><G123/><T51/><D130/><U84/><E128/><V44/><F101/><W95/><G125/><T133/><D100/><U17/><E134/><N who="0" m="51209" /><D104/><U5/><E36/><V15/><F105/><W16/><G48/><N who="0" m="18507" /><D86/><U108/><E5/><V99/><F99/><W112/><G112/><T30/><D45/><U59/><E94/><V109/><F68/><W1/><G40/><T61/><D61/><U98/><E98/><V4/><F114/><W75/><REACH who="3" step="1"/><G1/><REACH who="3" ten="220,240,279,251" step="2"/><T19/><D19/><U32/><E17/><N who="2" m="10559" /><F4/><W107/><G107/><T62/><D62/><U85/><E6/><V65/><F50/><W115/><G115/><T18/><D18/><U69/><E69/><V93/><F44/><W77/><G77/><T3/><D3/><U33/><E0/><V23/><F116/><AGARI ba="1,1" hai="28,30,92,96,103,116,117,119" m="18507,51209" machi="116" ten="30,7700,0" yaku="12,1,20,1,52,2" doraHai="24" who="0" fromWho="2" sc="220,90,240,0,279,-80,251,0" /><INIT seed="3,0,0,4,1,35" ten="310,240,199,251" oya="3" hai0="57,28,44,66,120,42,97,25,76,33,26,32,17" hai1="68,53,46,75,115,24,128,27,51,81,83,82,20" hai2="36,94,61,84,5,123,105,129,113,74,78,118,114" hai3="100,99,102,101,96,6,55,127,117,31,69,40,18"/><W121/><G117/><T21/><D120/><U80/><E115/><N who="2" m="44043" /><F61/><W8/><G121/><T29/><D76/><U103/><E128/><V62/><F62/><W122/><G122/><T41/><D97/><U112/><E112/><V104/><F123/><W134/><G127/><T116/><D116/><U107/><E68/><V37/><F5/><W30/><G134/><T93/><D93/><U132/><E132/><V130/><F118/><W19/><G69/><T92/><D92/><U98/><REACH who="1" step="1"/><E20/><REACH who="1" ten="310,230,199,251" step="2"/><V91/><F36/><W110/><G110/><T52/><D21/><U95/><E95/><V85/><F37/><W89/><G102/><T9/><D33/><U13/><E13/><V23/><F23/><W108/><G101/><T90/><D32/><U79/><AGARI ba="0,1" hai="24,27,46,51,53,75,79,80,81,82,83,98,103,107" machi="79" ten="30,2000,0" yaku="1,1,0,1,53,0" doraHai="35" doraHaiUra="60" who="1" fromWho="1" sc="310,-5,230,30,199,-5,251,-10" owari="305,40.5,260,6.0,194,-30.6,241,-15.9" /></mjloggm>