<mjloggm ver="2.3"><GO type="225" lobby="0"/><UN n0="%6D%75%75%6D%75%72%61" n1="%6E%69%63%6F%6E%74%6F" n2="%4E%49%4A%49%49%52%4F" n3="%E3%82%AF%E3%82%A3%E3%82%A6" dan="16,16,16,16" rate="2155.40,2133.70,2178.54,2133.56" sx="F,M,M,M"/><TAIKYOKU oya="0"/><INIT seed="0,0,0,0,1,123" ten="250,250,250,250" oya="0" hai0="48,90,29,65,115,10,116,131,82,6,33,112,2" hai1="4,36,14,30,124,60,117,86,64,114,24,59,129" hai2="8,66,84,100,19,107,104,28,63,44,18,71,12" hai3="133,99,38,92,23,13,26,85,113,5,120,58,17"/><T39/><D39/><U25/><E117/><V81/><F28/><W43/><G113/><T57/><D116/><U16/><E114/><V42/><F19/><W3/><G133/><T103/><D131/><U132/><E132/><V35/><F35/><W54/><G120/><T1/><D1/><U41/><E124/><V94/><F94/><W7/><G85/><T108/><D103/><U0/><E129/><V134/><F100/><W96/><G96/><T73/><D29/><U31/><E36/><V102/><F102/><W15/><G38/><T72/><D33/><U128/><E41/><V110/><F134/><W118/><G43/><T22/><D22/><N who="1" m="11543" /><E0/><V83/><F83/><W125/><G125/><T55/><D65/><U74/><E4/><N who="3" m="1610" /><G118/><T69/><D69/><U121/><E74/><N who="0" m="28777" /><D90/><U95/><E128/><V46/><F46/><W45/><G45/><T49/><D82/><U130/><E130/><V106/><F44/><W50/><G3/><T97/><D97/><U53/><E121/><V127/><F42/><W20/><G20/><T119/><D119/><U111/><E31/><V56/><F127/><W77/><G77/><T93/><D93/><U61/><E30/><V78/><REACH who="2" step="1"/><F71/><REACH who="2" ten="250,250,240,250" step="2"/><W62/><G92/><T80/><D80/><U126/><E95/><V9/><F9/><W37/><G99/><T88/><D115/><U51/><E126/><V109/><AGARI ba="0,1" hai="8,12,18,56,63,66,78,81,84,104,106,107,109,110" machi="109" ten="40,8000,1" yaku="1,1,0,1,52,2,53,0" doraHai="123" doraHaiUra="98" who="2" fromWho="2" sc="250,-40,250,-20,240,90,250,-20" /><INIT seed="1,0,0,5,2,31" ten="210,230,330,230" oya="1" hai0="114,60,9,10,73,127,98,95,57,19,33,44,5" hai1="0,87,134,1,117,62,7,14,108,121,27,122,120" hai2="107,70,55,99,77,39,43,90,45,93,110,51,74" hai3="132,13,116,20,12,37,109,72,38,47,115,17,96"/><U49/><E49/><V42/><F110/><W34/><G115/><T81/><D114/><U112/><E62/><V71/><F107/><W78/><G109/><T101/><D127/><U124/><E87/><V85/><F74/><W29/><G116/><T32/><D44/><U106/><E27/><V2/><F2/><W123/><G123/><T131/><D131/><U80/><E80/><V52/><F55/><W59/><G132/><T18/><D18/><U119/><E106/><V75/><F75/><W91/><G12/><T6/><D19/><U89/><E89/><V76/><F43/><W83/><G59/><T111/><D111/><U126/><E108/><V11/><F11/><W130/><G130/><T3/><D10/><N who="1" m="4447" /><E112/><V94/><F76/><W22/><G34/><T88/><D6/><U82/><E82/><V53/><F53/><W23/><G29/><T97/><D97/><U135/><E1/><V84/><F84/><W24/><G24/><T41/><D41/><U118/><E0/><V105/><F105/><W35/><G96/><T4/><D4/><U66/><E66/><V36/><F36/><W58/><G38/><T61/><D61/><U40/><E40/><V54/><F54/><W102/><G91/><T100/><D100/><U128/><E128/><V16/><F16/><W65/><G102/><T67/><REACH who="0" step="1"/><D101/><REACH who="0" ten="200,230,330,230" step="2"/><U21/><E21/><V63/><F42/><N who="3" m="22991" /><G35/><T69/><D69/><U68/><E68/><V8/><F70/><W79/><G79/><AGARI ba="0,1" hai="3,5,9,32,33,57,60,67,73,79,81,88,95,98" machi="79" ten="40,12000,2" yaku="1,1,52,2,54,1,53,2" doraHai="31" doraHaiUra="30" who="0" fromWho="3" sc="200,130,230,0,330,0,230,-120" /><INIT seed="2,0,0,0,5,56" ten="330,230,330,110" oya="2" hai0="46,33,96,5,4,83,58,31,117,25,90,18,11" hai1="89,93,6,59,119,98,86,1,103,36,12,43,75" hai2="60,20,131,21,66,91,16,133,132,38,123,105,22" hai3="120,102,69,99,39,111,35,134,24,63,80,34,62"/><V61/><F105/><W8/><G120/><T126/><D126/><U50/><E119/><V94/><F38/><W30/><G111/><T106/><D117/><U74/><E1/><V88/><F123/><W104/><G134/><N who="2" m="51817" /><F131/><W10/><G39/><T70/><D70/><U37/><E37/><V26/><F91/><W122/><G122/><T19/><D46/><U65/><E36/><V130/><F130/><W121/><G121/><T72/><D4/><U100/><E100/><V44/><F44/><W78/><G35/><T114/><D114/><U42/><E42/><V7/><F7/><W23/><G23/><N who="2" m="8777" /><F66/><W13/><G69/><T87/><D106/><U116/><E116/><V71/><F71/><W48/><G48/><T15/><D96/><AGARI ba="0,0" hai="16,22,26,60,61,88,94,96" m="8777,51817" machi="96" ten="30,12000,1" yaku="20,1,52,2,54,2" doraHai="56" who="2" fromWho="0" sc="330,-120,230,0,330,120,110,0" /><INIT seed="2,1,0,1,4,106" ten="210,230,450,110" oya="2" hai0="41,115,17,25,4,13,72,52,12,127,123,135,130" hai1="19,82,124,35,94,84,71,77,116,57,93,81,121" hai2="132,30,10,36,28,7,16,75,73,1,63,110,47" hai3="61,20,53,43,14,134,2,50,118,8,15,92,80"/><V74/><F132/><W104/><G118/><T34/><D41/><U78/><E71/><V101/><F110/><W54/><G104/><T40/><D40/><U59/><E35/><V119/><F119/><W29/><G134/><T86/><D123/><U44/><E116/><V89/><F101/><W91/><G80/><T112/><D135/><U122/><E19/><V105/><F105/><W42/><G2/><T111/><D111/><U46/><E84/><V109/><F109/><W66/><G66/><T51/><D72/><U55/><E55/><V39/><F63/><W87/><G61/><T126/><D130/><U79/><REACH who="1" step="1"/><E78/><REACH who="1" ten="210,220,450,110" step="2"/><V58/><F16/><N who="3" m="10263" /><G54/><T114/><D86/><U5/><E5/><V23/><F7/><N who="3" m="3487" /><G29/><T76/><D76/><U88/><E88/><V31/><F89/><W11/><G11/><N who="0" m="4199" /><D115/><U6/><E6/><V125/><F1/><W68/><G68/><T38/><D114/><U62/><E62/><V69/><F69/><W99/><G99/><T108/><D112/><U37/><E37/><V96/><F39/><W33/><G33/><T18/><D38/><U3/><E3/><V48/><F75/><W129/><G129/><T45/><D108/><U128/><E128/><V85/><F73/><W65/><G65/><T21/><D34/><U67/><E67/><V83/><F36/><W64/><G64/><T56/><D56/><AGARI ba="1,1" hai="42,43,50,53,56,87,91,92" m="3487,10263" machi="56" ten="30,3900,0" yaku="25,1,8,1,54,1" doraHai="106" who="3" fromWho="0" sc="210,-42,220,0,450,0,110,52" /><INIT seed="3,0,0,0,1,33" ten="168,220,450,162" oya="3" hai0="37,67,36,123,35,92,7,9,20,6,25,12,120" hai1="106,21,60,28,85,32,117,135,10,11,54,8,114" hai2="18,96,46,5,83,30,31,55,105,17,111,127,14" hai3="122,44,23,61,40,66,131,121,91,1,119,102,64"/><W24/><G119/><T108/><D35/><U43/><E106/><V2/><F111/><W68/><G1/><T124/><D108/><U134/><E114/><V89/><F127/><W42/><G66/><T52/><D124/><U78/><E43/><V70/><F70/><W118/><G118/><T15/><D67/><U16/><E117/><V34/><F105/><W80/><G102/><T63/><D92/><U93/><E28/><V77/><F89/><W87/><G131/><T76/><D76/><U41/><E41/><V94/><F34/><W98/><G98/><T109/><D109/><U99/><E32/><V57/><F2/><W26/><G40/><T72/><D72/><U53/><E85/><V62/><F5/><W129/><G129/><T49/><D63/><U50/><E60/><V104/><F104/><W81/><G81/><T132/><D37/><U27/><E78/><V110/><F46/><W95/><G80/><T100/><D36/><U125/><E125/><V13/><F110/><W97/><G97/><T82/><D100/><N who="1" m="60527" /><E50/><V88/><F83/><W65/><G65/><T73/><D82/><U126/><E126/><V130/><F77/><W38/><REACH who="3" step="1"/><G26/><REACH who="3" ten="168,220,450,152" step="2"/><T45/><D25/><U133/><AGARI ba="0,1" hai="8,10,11,16,21,27,53,54,133,134,135" m="60527" machi="133" ten="40,2700,0" yaku="20,1,54,1" doraHai="33" who="1" fromWho="1" sc="168,-7,220,37,450,-7,152,-13" owari="161,-23.9,257,5.7,443,54.3,139,-36.1" /></mjloggm>