<mjloggm ver="2.3"><GO type="225" lobby="0"/><UN n0="%E8%A8%88%E7%AE%97%E6%A9%9F%E8%87%AA%E7%84%B6" n1="%E6%96%B0%E5%AD%90%E6%9C%9B" n2="%E5%AF%82%E5%AF%9E%E3%82%AE%E3%83%8D%E3%82%B9%E3%83%93%E3%83%BC%E3%83%AB" n3="%E6%98%93%E5%88%A9%E8%96%A9%E4%BC%AF" dan="17,16,16,16" rate="2176.28,2123.24,2126.23,2168.21" sx="M,M,M,F"/><TAIKYOKU oya="0"/><INIT seed="0,0,0,5,5,92" ten="250,250,250,250" oya="0" hai0="16,99,116,18,109,61,56,101,54,96,66,57,45" hai1="133,75,135,126,69,91,52,113,97,11,79,93,41" hai2="28,24,58,34,7,128,105,117,68,108,127,3,9" hai3="130,62,76,71,85,82,12,118,1,64,39,49,89"/><T110/><D116/><U90/><E69/><V8/><F68/><W81/><G1/><T26/><D45/><U94/><E41/><V37/><F58/><W27/><G39/><T86/><D86/><U40/><E40/><V15/><F105/><W17/><G130/><T115/><D115/><U23/><E113/><V129/><F37/><W112/><G118/><T121/><D121/><U33/><E33/><V51/><F51/><W2/><G2/><T32/><D32/><U42/><E42/><V43/><F43/><W55/><G27/><T111/><D26/><U35/><E35/><V123/><F117/><W103/><G103/><T98/><D101/><U59/><E126/><V25/><F123/><W4/><G4/><T106/><D106/><U47/><E47/><V60/><F60/><AGARI ba="0,0" hai="16,18,54,56,57,60,61,66,96,98,99,109,110,111" machi="60" ten="50,18000,2" yaku="14,1,10,1,52,3,54,1" doraHai="92" who="0" fromWho="2" sc="250,180,250,0,250,-180,250,0" /><INIT seed="0,1,0,1,3,55" ten="430,250,70,250" oya="0" hai0="36,53,30,75,135,82,24,6,27,110,42,102,112" hai1="84,26,124,130,76,41,33,16,101,80,92,18,44" hai2="94,7,133,9,105,10,104,99,87,40,72,129,32" hai3="115,97,57,106,70,120,86,103,123,66,64,48,81"/><T51/><D112/><U2/><E2/><V17/><F72/><W21/><G70/><T91/><D135/><U54/><E130/><V31/><F133/><W68/><G68/><T63/><D102/><U96/><E124/><V29/><F129/><W35/><G35/><T37/><D6/><U34/><E54/><V132/><F132/><W125/><G115/><T71/><D110/><U52/><E34/><V126/><F126/><W116/><G116/><T114/><D114/><U61/><E33/><V67/><F67/><W28/><G48/><T118/><D118/><U109/><E109/><V69/><F69/><W59/><G125/><T111/><D111/><U47/><E26/><V122/><F40/><W8/><G8/><T74/><D91/><U79/><E79/><V20/><F32/><W127/><G21/><T90/><D90/><U23/><E23/><V100/><F10/><W46/><G46/><N who="1" m="17450" /><E41/><V19/><F122/><N who="3" m="46635" /><G28/><T39/><D42/><U4/><E4/><V128/><F31/><W22/><G22/><T88/><D30/><U60/><E60/><V0/><F128/><W78/><G127/><T38/><D38/><U95/><E92/><V85/><F29/><W121/><G121/><T62/><D24/><U117/><E117/><V98/><F19/><W45/><G45/><N who="0" m="27887" /><D27/><U25/><E25/><V65/><F105/><W56/><AGARI ba="1,0" hai="56,57,59,64,66,78,81,86,97,103,106" m="46635" machi="56" ten="30,7900,0" yaku="13,1,52,3" doraHai="55" who="3" fromWho="3" sc="430,-40,250,-21,70,-21,250,82" /><INIT seed="1,0,0,3,3,68" ten="390,229,49,332" oya="1" hai0="103,14,25,42,83,36,77,47,129,101,43,49,44" hai1="112,10,85,132,2,91,74,9,35,79,48,50,1" hai2="81,57,123,5,75,76,114,119,27,90,16,59,131" hai3="97,0,29,54,28,39,95,41,113,133,63,69,106"/><U23/><E112/><V3/><F119/><W12/><G0/><T62/><D129/><U52/><E35/><V84/><F123/><W71/><G106/><T125/><D125/><U80/><E48/><V46/><F131/><W22/><G133/><T107/><D107/><U89/><E132/><V70/><F70/><W6/><G41/><T135/><D135/><U127/><E127/><V111/><F111/><W31/><G39/><T105/><D105/><U56/><E91/><V98/><F98/><W19/><G6/><T64/><D14/><U26/><E1/><V104/><F104/><W21/><G21/><T93/><D93/><U121/><E2/><V7/><F114/><W32/><G32/><T94/><D94/><U87/><E74/><V13/><F27/><W108/><G108/><T118/><D25/><U45/><E45/><V38/><F3/><W122/><G122/><T110/><D118/><U92/><REACH who="1" step="1"/><E121/><REACH who="1" ten="390,219,49,332" step="2"/><V78/><F46/><W30/><G113/><T65/><D110/><U67/><E67/><V4/><F38/><W60/><G60/><T34/><D34/><U37/><E37/><V51/><F51/><W109/><G63/><T102/><REACH who="0" step="1"/><D62/><REACH who="0" ten="380,219,49,332" step="2"/><U126/><E126/><V134/><F134/><W88/><G109/><T115/><D115/><U33/><E33/><V24/><F24/><W66/><G12/><T18/><D18/><AGARI ba="0,2" hai="9,10,18,23,26,50,52,56,79,80,85,87,89,92" machi="18" ten="30,12000,1" yaku="1,1,7,1,8,1,54,1,53,1" doraHai="68" doraHaiUra="53" who="1" fromWho="0" sc="380,-120,219,140,49,0,332,0" /><INIT seed="1,1,0,1,1,44" ten="260,359,49,332" oya="1" hai0="31,38,21,1,29,88,103,133,64,2,37,49,118" hai1="97,129,125,124,131,112,115,52,114,99,59,33,18" hai2="55,54,35,84,100,11,30,45,98,69,62,27,71" hai3="104,130,120,135,58,79,51,87,43,94,119,53,128"/><U24/><E33/><V14/><F84/><W72/><G104/><T106/><D118/><U22/><E99/><V9/><F9/><W132/><G120/><T61/><D133/><N who="3" m="51273" /><G119/><T4/><D103/><U40/><E40/><V90/><F90/><N who="3" m="53599" /><G43/><T46/><D106/><U6/><E6/><V80/><F80/><AGARI ba="1,0" hai="51,53,58,72,79,80,128,130" m="53599,51273" machi="80" ten="30,2000,0" yaku="20,1,52,1" doraHai="44" who="3" fromWho="2" sc="260,0,359,0,49,-23,332,23" /><INIT seed="2,0,0,5,1,105" ten="260,359,26,355" oya="2" hai0="53,14,26,73,70,38,33,2,106,125,96,86,7" hai1="52,87,32,1,83,11,46,8,123,77,132,47,5" hai2="74,43,88,69,81,100,57,16,63,65,25,129,127" hai3="71,111,61,44,15,119,51,134,97,94,28,107,9"/><V17/><F127/><W118/><G111/><T23/><D86/><U4/><E32/><V64/><F129/><W99/><G134/><T103/><D53/><U124/><E132/><V31/><F43/><W35/><G107/><T75/><D125/><U48/><E124/><V135/><F135/><W42/><G99/><T80/><D80/><U126/><E126/><V34/><F100/><W19/><G28/><N who="0" m="19607" /><D14/><U133/><E133/><V130/><F130/><W37/><G35/><T40/><D23/><U41/><E123/><V20/><F34/><W101/><G37/><T54/><D54/><U128/><E128/><V95/><F69/><W12/><G71/><T131/><D70/><U58/><REACH who="1" step="1"/><E41/><REACH who="1" ten="260,349,26,355" step="2"/><V68/><F68/><W62/><G118/><T10/><D131/><U115/><E115/><V85/><REACH who="2" step="1"/><F65/><REACH who="2" ten="260,349,16,355" step="2"/><W13/><G119/><T117/><D117/><U121/><E121/><V29/><F29/><W90/><G101/><T21/><D21/><U76/><E76/><AGARI ba="0,2" hai="16,17,20,25,31,57,63,64,74,76,81,85,88,95" machi="76" ten="40,12000,1" yaku="1,1,52,1,54,2,53,0" doraHai="105" doraHaiUra="93" who="2" fromWho="1" sc="260,0,349,-120,16,140,355,0" /><INIT seed="2,1,0,2,3,60" ten="260,229,156,355" oya="2" hai0="46,130,42,38,120,43,3,83,110,13,49,134,91" hai1="131,55,72,92,89,8,126,97,132,37,101,73,31" hai2="96,95,102,125,115,123,57,39,44,0,23,118,87" hai3="71,74,28,19,52,16,64,67,27,62,112,36,53"/><V56/><F115/><W105/><G74/><T59/><D120/><U7/><E37/><V129/><F123/><W6/><G36/><T41/><D3/><U127/><E31/><V109/><F118/><W54/><G6/><T70/><D70/><U82/><E131/><V12/><F0/><W88/><G67/><T33/><D33/><U48/><E132/><V50/><F129/><W2/><G2/><T104/><D104/><U108/><E108/><V128/><F128/><W30/><G30/><T69/><D69/><U90/><E101/><V4/><F125/><N who="1" m="47625" /><E82/><V61/><F109/><W58/><G58/><T18/><D110/><U78/><E89/><V113/><F113/><W29/><G29/><T121/><D121/><U10/><E78/><V76/><F39/><W5/><G5/><T80/><D134/><U98/><E98/><V79/><F87/><W103/><G88/><T45/><D130/><U114/><E114/><V9/><F23/><W32/><G112/><T100/><D100/><U25/><E25/><V106/><F106/><W81/><G81/><N who="0" m="31307" /><D91/><U111/><E111/><V119/><F119/><W77/><G77/><N who="2" m="29769" /><F61/><W116/><G116/><T84/><D84/><U51/><E51/><V24/><F24/><W40/><G40/><AGARI ba="1,0" hai="4,9,12,40,44,50,56,57,95,96,102" m="29769" machi="40" ten="30,1500,0" yaku="8,1" doraHai="60" who="2" fromWho="3" sc="260,0,229,0,156,18,355,-18" /><INIT seed="2,2,0,2,0,8" ten="260,229,174,337" oya="2" hai0="53,82,56,118,115,67,125,21,58,42,43,120,123" hai1="50,98,79,76,66,102,131,107,108,105,88,11,91" hai2="89,57,132,31,93,15,6,121,26,135,41,110,134" hai3="124,71,126,39,23,17,97,68,2,36,1,51,87"/><V13/><F121/><N who="0" m="46666" /><D21/><U30/><E66/><V37/><F110/><W112/><G97/><T3/><D82/><U92/><E30/><V83/><F83/><W20/><G51/><N who="0" m="30783" /><D3/><N who="3" m="1033" /><G87/><T10/><D10/><U127/><E50/><V62/><F6/><W74/><G74/><T106/><D106/><N who="1" m="63831" /><E11/><V32/><F41/><N who="0" m="15370" /><D115/><U101/><E127/><N who="3" m="48682" /><G23/><T75/><D75/><U73/><E131/><V5/><F5/><W81/><G81/><T19/><D125/><U119/><E73/><V78/><F78/><N who="1" m="29737" /><E119/><V86/><REACH who="2" step="1"/><F37/><REACH who="2" ten="260,229,164,337" step="2"/><W122/><G122/><T55/><D118/><U48/><E108/><V95/><F95/><W103/><G39/><T38/><D38/><U96/><E48/><V54/><AGARI ba="2,1" hai="13,15,26,31,32,54,57,62,86,89,93,132,134,135" machi="54" ten="30,12000,1" yaku="1,1,0,1,20,1,52,2,53,0" doraHai="8" doraHaiUra="114" who="2" fromWho="2" sc="260,-42,229,-42,164,136,337,-42" /><INIT seed="2,3,0,3,3,36" ten="218,187,300,295" oya="2" hai0="57,55,96,130,2,108,51,9,20,107,22,70,74" hai1="56,19,122,38,83,88,50,76,16,132,47,13,120" hai2="111,30,7,0,101,125,3,71,37,129,53,91,124" hai3="126,29,25,66,5,103,128,33,77,112,59,123,27"/><V133/><F71/><W86/><G123/><N who="1" m="47146" /><E38/><V54/><F129/><W28/><G103/><T39/><D74/><U62/><E132/><V48/><F37/><W104/><G104/><T92/><D107/><U35/><E35/><V49/><F101/><W42/><G5/><T24/><D70/><U18/><E13/><V73/><F73/><W1/><G42/><T17/><D108/><U72/><E88/><V34/><F91/><W115/><G1/><T8/><D2/><U113/><E113/><V14/><F14/><W114/><G128/><T100/><D130/><U21/><E21/><V69/><F69/><W79/><G86/><T118/><D118/><U67/><E19/><V84/><F84/><W40/><G27/><N who="0" m="14735" /><D39/><U85/><E72/><V6/><F133/><W32/><G32/><T94/><D94/><U61/><E61/><V44/><F34/><W81/><G33/><T93/><D92/><U58/><E58/><V131/><F131/><W95/><G95/><T11/><D8/><U41/><AGARI ba="3,0" hai="16,18,41,47,50,56,62,67,76,83,85" m="47146" machi="41" ten="30,4000,0" yaku="13,1,52,1,54,1" doraHai="36" who="1" fromWho="1" sc="218,-13,187,49,300,-23,295,-13" /><INIT seed="3,0,0,3,2,61" ten="205,236,277,282" oya="3" hai0="31,73,87,59,55,130,69,30,72,0,120,2,95" hai1="25,64,40,129,67,16,35,22,77,104,66,58,113" hai2="28,57,91,29,110,1,44,131,65,10,81,119,132" hai3="76,48,106,15,134,85,79,63,5,97,99,13,78"/><W8/><G106/><T114/><D120/><U17/><E113/><V45/><F119/><W94/><G134/><T43/><D69/><U125/><E104/><V71/><F71/><W46/><G15/><T37/><D130/><U52/><E35/><V101/><F101/><W4/><G63/><T84/><D114/><U100/><E129/><V115/><F115/><W39/><G39/><T34/><D43/><U41/><E125/><V49/><F131/><W56/><G56/><T26/><D37/><U122/><E122/><V89/><F1/><W27/><G27/><T12/><D12/><U90/><E100/><V124/><F10/><W7/><G85/><T9/><D31/><N who="1" m="17847" /><E77/><N who="3" m="19714" /><W19/><DORA hai="80" /><G94/><T92/><D95/><U86/><E40/><AGARI ba="0,0" hai="4,5,7,8,13,19,40,46,48,97,99" m="19714" machi="40" ten="40,2000,0" yaku="8,1" doraHai="61,80" who="3" fromWho="1" sc="205,0,236,-20,277,0,282,20" owari="205,-29.5,216,-18.4,277,7.7,302,40.2" /></mjloggm>