<mjloggm ver="2.3"><GO type="225" lobby="0"/><UN n0="%74%61%6B%65%2D%79%6F%75" n1="%E3%83%A9%E3%83%BC%E3%83%A1%E3%83%B3%E4%BA%94%E9%83%8E" n2="%E5%A4%96%E5%B7%9D%E7%AB%9C%E6%88%90" n3="%E3%83%AC%E3%82%A4%E3%83%88%E3%83%B3%E5%87%86%E6%95%99%E6%8E%88" dan="17,16,16,18" rate="2131.15,2029.00,2226.65,2200.52" sx="M,M,M,M"/><TAIKYOKU oya="0"/><INIT seed="0,0,0,0,5,44" ten="250,250,250,250" oya="0" hai0="18,32,131,87,56,124,60,10,33,3,34,68,125" hai1="14,110,104,114,74,29,54,27,120,12,109,123,6" hai2="135,88,11,26,76,91,48,102,24,1,42,22,59" hai3="113,84,35,97,132,79,51,83,30,9,128,2,7"/><T98/><D131/><U129/><E74/><V105/><F76/><W61/><G113/><T47/><D68/><U49/><E104/><V53/><F26/><W15/><G128/><T93/><D87/><U52/><E129/><V115/><F115/><W90/><G132/><T122/><D122/><N who="1" m="46635" /><E6/><V50/><F135/><W28/><G35/><T85/><D85/><U82/><E82/><V8/><F105/><W55/><G61/><T112/><D112/><U41/><E41/><V20/><F102/><W121/><G2/><T69/><D69/><U70/><E70/><V99/><F1/><W92/><REACH who="3" step="1"/><G121/><REACH who="3" ten="250,250,250,240" step="2"/><T66/><D3/><U57/><E114/><V100/><F22/><W71/><G71/><T72/><D33/><U19/><E110/><V21/><F20/><W67/><G67/><T64/><D64/><U46/><E109/><V58/><F21/><W127/><G127/><T89/><D34/><U81/><E12/><V106/><F24/><W36/><G36/><T4/><D32/><U134/><E134/><V0/><F0/><W119/><G119/><T108/><D108/><U16/><E14/><V45/><REACH who="2" step="1"/><F59/><AGARI ba="0,1" hai="7,9,15,28,30,51,55,59,79,83,84,90,92,97" machi="59" ten="30,7700,0" yaku="1,1,7,1,8,1,52,1,53,0" doraHai="44" doraHaiUra="65" who="3" fromWho="2" sc="250,0,250,0,250,-77,240,87" /><INIT seed="1,0,0,5,3,102" ten="250,250,173,327" oya="1" hai0="118,81,109,20,44,127,84,92,21,116,45,11,30" hai1="85,17,25,128,123,74,96,69,34,86,99,125,31" hai2="113,115,29,32,82,65,70,67,6,111,94,59,79" hai3="78,42,14,110,37,120,53,61,95,114,39,54,7"/><U55/><E123/><V3/><F70/><W51/><G114/><N who="2" m="43529" /><F111/><W76/><G110/><T52/><D109/><U15/><E74/><V71/><F71/><W66/><G120/><T5/><D127/><U112/><E112/><V49/><F94/><W133/><G133/><T90/><D116/><U9/><E125/><V105/><F29/><W4/><G95/><T58/><D118/><U68/><E128/><V126/><F32/><W121/><G121/><T131/><D131/><U97/><REACH who="1" step="1"/><E55/><REACH who="1" ten="250,240,173,327" step="2"/><N who="2" m="32239" /><F126/><W22/><G53/><T132/><D52/><U50/><E50/><V41/><F41/><W87/><G54/><T117/><D117/><U80/><E80/><V63/><F63/><W62/><G51/><T75/><D81/><U129/><E129/><V89/><F67/><W122/><G42/><T104/><D75/><U19/><E19/><V98/><F65/><W48/><G48/><T106/><D132/><U13/><E13/><V134/><F134/><W56/><G122/><T1/><D1/><U46/><E46/><V100/><F3/><W18/><G61/><T10/><D44/><U124/><E124/><V0/><F0/><W93/><G37/><T103/><D45/><U36/><E36/><V26/><F6/><N who="3" m="2091" /><G39/><T57/><D5/><U12/><E12/><V108/><F108/><W43/><G43/><T8/><D30/><U107/><E107/><V130/><F130/><W88/><AGARI ba="0,1" hai="14,18,22,56,62,66,76,78,87,88,93" m="2091" machi="88" ten="30,2000,0" yaku="8,1,54,1" doraHai="102" who="3" fromWho="3" sc="250,-5,240,-10,173,-5,327,30" /><INIT seed="2,0,0,3,2,3" ten="245,230,168,357" oya="2" hai0="42,80,115,123,45,4,38,9,16,66,55,15,20" hai1="130,21,24,13,106,108,131,71,0,64,50,73,76" hai2="82,19,62,117,95,7,47,57,1,118,99,56,94" hai3="101,129,120,107,40,77,35,102,36,111,119,103,92"/><V18/><F82/><W12/><G35/><T44/><D123/><U26/><E108/><V37/><F37/><W104/><G119/><T122/><D122/><U100/><E0/><V93/><F99/><W97/><G120/><T23/><D115/><U125/><E125/><V114/><F114/><W96/><G111/><T8/><D66/><U41/><E106/><V11/><F47/><W127/><G127/><T85/><D55/><U28/><E100/><V53/><REACH who="2" step="1"/><F57/><REACH who="2" ten="245,230,158,357" step="2"/><W128/><G36/><T109/><D45/><U25/><E71/><V89/><F89/><W27/><G97/><T32/><D109/><U33/><E130/><V10/><F10/><W58/><G128/><T34/><D8/><U39/><E131/><V83/><F83/><W22/><G58/><T59/><D59/><U43/><E39/><V68/><F68/><W67/><G129/><T87/><D80/><U121/><E121/><V29/><F29/><W86/><G96/><T98/><D98/><U113/><E113/><V79/><F79/><W70/><G77/><T105/><D38/><U2/><E76/><V126/><F126/><W63/><G104/><T110/><D105/><U88/><E28/><V14/><F14/><W72/><G107/><T49/><D110/><U78/><E13/><V51/><F51/><W52/><G12/><T5/><D9/><U61/><E50/><V91/><F91/><W75/><G102/><T31/><D49/><U135/><E78/><V124/><F124/><W60/><G101/><T112/><D15/><U134/><E88/><V48/><F48/><W84/><G103/><RYUUKYOKU ba="0,1" sc="245,-10,230,-10,158,30,357,-10" hai2="1,7,11,18,19,53,56,62,93,94,95,117,118" /><INIT seed="2,1,1,5,2,90" ten="235,220,188,347" oya="2" hai0="27,86,114,67,17,104,68,111,61,106,110,125,26" hai1="25,124,134,82,105,116,100,46,10,40,133,117,12" hai2="21,44,64,39,89,103,19,50,71,132,62,42,56" hai3="41,121,65,18,59,32,31,98,34,91,45,47,122"/><V79/><F132/><N who="1" m="50793" /><E124/><V77/><F103/><W30/><G18/><T112/><D125/><U70/><E70/><V93/><F39/><W78/><G78/><T119/><D119/><U101/><E82/><V97/><REACH who="2" step="1"/><F71/><REACH who="2" ten="235,220,178,347" step="2"/><W81/><G121/><T126/><D68/><U129/><E101/><V16/><F16/><W95/><G122/><T6/><D17/><U94/><E100/><V52/><F52/><W14/><G31/><T7/><D126/><U84/><E116/><V57/><F57/><W74/><G30/><T2/><D112/><U0/><E117/><V131/><F131/><W72/><G59/><T4/><D114/><U5/><E129/><V55/><F55/><W60/><G41/><T92/><D110/><U127/><E127/><V22/><F22/><W80/><G32/><T3/><D111/><U8/><E40/><V107/><F107/><W36/><G34/><T33/><D33/><U53/><E105/><V128/><F128/><W102/><G36/><T88/><D104/><U85/><E53/><V109/><F109/><W51/><G102/><T83/><D106/><U35/><E35/><V120/><F120/><W29/><G29/><T118/><D118/><U73/><E8/><V123/><F123/><W108/><G108/><T48/><D67/><U20/><E10/><V63/><F63/><W66/><G60/><T54/><D61/><U1/><E20/><V23/><F23/><W69/><G66/><T37/><D37/><U130/><E130/><V135/><F135/><W24/><G65/><T113/><D113/><U38/><E38/><V99/><F99/><RYUUKYOKU ba="1,2" sc="235,-10,220,-10,178,30,347,-10" hai2="19,21,42,44,50,56,62,64,77,79,89,93,97" /><INIT seed="2,2,2,5,4,24" ten="225,210,208,337" oya="2" hai0="42,73,28,120,85,86,0,26,39,107,135,112,29" hai1="106,10,44,30,60,115,52,3,125,103,62,75,71" hai2="104,109,94,56,6,15,64,134,110,68,127,66,40" hai3="1,11,55,118,22,34,102,17,32,36,65,63,133"/><V38/><F104/><W97/><G118/><T5/><D120/><U43/><E115/><V61/><F127/><W18/><G36/><T12/><D112/><U124/><E75/><V51/><F134/><W126/><G126/><N who="1" m="48746" /><E30/><N who="0" m="11881" /><D0/><U90/><E90/><V121/><F94/><W116/><G116/><T19/><D73/><U49/><E71/><V33/><F33/><W92/><G133/><T79/><D107/><U108/><E108/><N who="2" m="41579" /><F121/><W67/><G55/><T84/><D39/><N who="1" m="21631" /><E3/><V37/><F15/><W47/><G1/><T89/><D42/><U131/><E131/><V23/><F23/><W46/><G34/><T78/><D78/><U99/><E10/><V81/><F81/><W129/><G32/><T74/><D135/><U87/><BYE who="0" /><E87/><V96/><F96/><W93/><G129/><T83/><D83/><U45/><AGARI ba="2,2" hai="45,49,52,60,62,99,103,106" m="21631,48746" machi="45" ten="30,2000,0" yaku="18,1,54,1" doraHai="24" who="1" fromWho="1" sc="225,-7,210,46,208,-12,337,-7" /><UN n0="%74%61%6B%65%2D%79%6F%75" /><INIT seed="3,0,0,3,2,74" ten="218,256,196,330" oya="3" hai0="112,31,115,118,10,81,54,3,85,75,53,37,13" hai1="121,30,7,95,77,65,24,126,127,32,110,86,60" hai2="133,107,125,67,4,101,21,68,58,89,70,132,66" hai3="120,29,113,5,23,82,96,100,26,92,6,91,16"/><W84/><G113/><N who="0" m="43595" /><D118/><U123/><E110/><V40/><F4/><N who="3" m="1643" /><G120/><T8/><D8/><U94/><E7/><V135/><F101/><W88/><G29/><T19/><D19/><U18/><E18/><V124/><F107/><W73/><G73/><T1/><D1/><U79/><E121/><V64/><F21/><W105/><G105/><T11/><D11/><U12/><E12/><V0/><F0/><W134/><G134/><T50/><D50/><U36/><E36/><V34/><F34/><W35/><G35/><T71/><D71/><N who="2" m="27178" /><F89/><AGARI ba="0,0" hai="16,23,26,82,84,88,89,91,92,96,100" m="1643" machi="89" ten="30,5800,0" yaku="8,1,54,2" doraHai="74" who="3" fromWho="2" sc="218,0,256,0,196,-58,330,58" owari="218,-18.2,256,5.6,138,-36.2,388,48.8" /></mjloggm>