<mjloggm ver="2.3"><GO type="225" lobby="0"/><UN n0="%E9%B3%B3%E6%9D%B1%E3%81%AE%E3%81%86%E3%81%95%E3%81%8E%E3%81%95%E3%82%93" n1="%E3%81%82%E3%81%99%E3%81%AB%E3%82%83%E3%82%80" n2="%6E%69%63%6B%6C%6F%77" n3="%E3%81%AF%E3%82%88%E3%81%8A%E3%81%98%E3%81%95%E3%82%93" dan="17,16,16,17" rate="2287.06,2189.14,2106.97,2214.79" sx="M,F,F,M"/><TAIKYOKU oya="0"/><INIT seed="0,0,0,0,2,10" ten="250,250,250,250" oya="0" hai0="9,106,18,44,91,131,1,107,37,68,14,15,8" hai1="49,45,132,77,73,124,0,64,63,116,41,70,86" hai2="55,134,34,128,123,97,3,39,58,23,81,7,36" hai3="88,42,28,33,119,47,30,99,38,126,125,5,104"/><T117/><D117/><U4/><E116/><V20/><F123/><W120/><G119/><T114/><D114/><U135/><E124/><N who="3" m="47722" /><G120/><T79/><D68/><U80/><E86/><V118/><F55/><W29/><G5/><T76/><D1/><U103/><E103/><V95/><F58/><W122/><G122/><T60/><D60/><U72/><E72/><V90/><F23/><W17/><G17/><T65/><D65/><U102/><E102/><V43/><F20/><W25/><G104/><T50/><D37/><U66/><E66/><V109/><F90/><W85/><G99/><T112/><D112/><U40/><E40/><V32/><F81/><AGARI ba="0,0" hai="25,28,29,30,33,38,42,47,81,85,88" m="47722" machi="81" ten="30,2000,0" yaku="18,1,54,1" doraHai="10" who="3" fromWho="2" sc="250,0,250,0,250,-20,250,20" /><INIT seed="1,0,0,4,1,104" ten="250,250,230,270" oya="1" hai0="44,79,12,57,38,97,62,59,76,11,91,133,0" hai1="47,122,86,73,25,64,120,94,35,51,28,106,87" hai2="99,89,119,116,78,54,128,18,6,39,81,23,93" hai3="43,102,9,134,118,103,130,7,114,1,84,61,17"/><U46/><E106/><V2/><F128/><W30/><G114/><T8/><D133/><U45/><E73/><V33/><F33/><W83/><G134/><T42/><D0/><U109/><E109/><V105/><F39/><W60/><G130/><T71/><D71/><U117/><E117/><V19/><F19/><W41/><G118/><T53/><D59/><U123/><E64/><V4/><F105/><W101/><G30/><T111/><D111/><U100/><REACH who="1" step="1"/><E51/><REACH who="1" ten="250,240,230,270" step="2"/><V26/><F119/><W65/><G65/><T58/><D38/><U24/><E24/><V63/><F116/><W107/><G107/><T66/><D66/><U32/><E32/><V127/><F127/><W82/><G60/><T40/><D62/><U55/><E55/><V121/><F121/><W22/><G61/><T96/><D53/><U27/><E27/><V85/><F2/><W52/><G52/><T80/><D40/><U108/><E108/><V75/><F75/><W125/><G125/><T113/><D42/><U110/><E110/><V49/><REACH who="2" step="1"/><F63/><REACH who="2" ten="250,240,220,270" step="2"/><W50/><G1/><T131/><D131/><U98/><AGARI ba="0,2" hai="25,28,35,45,46,47,86,87,94,98,100,120,122,123" machi="98" ten="40,3900,0" yaku="1,1,0,1,53,0" doraHai="104" doraHaiUra="124" who="1" fromWho="1" sc="250,-13,240,59,220,-13,270,-13" /><INIT seed="1,1,0,3,0,73" ten="237,299,207,257" oya="1" hai0="125,115,72,59,134,91,41,67,60,39,27,85,61" hai1="70,89,86,26,50,46,49,51,111,133,128,37,7" hai2="121,4,94,75,132,127,106,33,3,69,13,23,82" hai3="78,28,118,29,92,35,116,54,42,53,19,43,112"/><U40/><E133/><V80/><F121/><W9/><G112/><T62/><D115/><U104/><E104/><V34/><F106/><W81/><G92/><T74/><D134/><U129/><E70/><V1/><F69/><W83/><G19/><T101/><D101/><U47/><E7/><V114/><F132/><W48/><G9/><T105/><D105/><U44/><E26/><V2/><F114/><W119/><G83/><T38/><D125/><U76/><E111/><V120/><F120/><W68/><G68/><T58/><D72/><U100/><E100/><V122/><F122/><W102/><G102/><T77/><D74/><U97/><E97/><V130/><F130/><N who="1" m="50281" /><E76/><V103/><F127/><W95/><G95/><AGARI ba="1,0" hai="37,40,44,46,47,49,50,51,86,89,95" m="50281" machi="95" ten="30,1500,0" yaku="19,1" doraHai="73" who="1" fromWho="3" sc="237,0,299,18,207,0,257,-18" /><INIT seed="1,2,0,0,5,63" ten="237,317,207,239" oya="1" hai0="23,12,111,40,62,59,122,75,16,10,52,27,101" hai1="100,46,64,20,93,4,119,133,92,0,54,85,135" hai2="103,55,51,69,24,126,132,42,60,80,35,65,21" hai3="11,125,91,130,30,57,58,104,124,2,13,87,61"/><U83/><E119/><V117/><F117/><W8/><G104/><T116/><D111/><U43/><E20/><V36/><F126/><N who="3" m="48747" /><G30/><T22/><D116/><U32/><E32/><V38/><F132/><N who="1" m="50761" /><E54/><V99/><F80/><N who="3" m="49639" /><G130/><T106/><D122/><U5/><E100/><V96/><F35/><W14/><G2/><T70/><D75/><U114/><E114/><V15/><F15/><N who="3" m="5643" /><G57/><T82/><D70/><U109/><E109/><V37/><F42/><W66/><AGARI ba="2,0" hai="8,11,58,61,66" m="5643,49639,48747" machi="66" ten="30,2000,0" yaku="18,1,52,1" doraHai="63" who="3" fromWho="3" sc="237,-7,317,-12,207,-7,239,26" /><INIT seed="2,0,0,2,1,78" ten="230,305,200,265" oya="2" hai0="75,42,24,127,82,80,51,93,91,106,70,29,50" hai1="76,13,14,123,46,94,125,0,41,16,72,47,62" hai2="77,12,45,31,6,122,118,59,129,126,105,58,84" hai3="40,71,39,79,112,124,56,135,9,128,108,74,107"/><V97/><F118/><W15/><RYUUKYOKU type="yao9" ba="0,0" sc="230,0,305,0,200,0,265,0" hai3="9,15,39,40,56,71,74,79,107,108,112,124,128,135" /><INIT seed="2,1,0,1,2,37" ten="230,305,200,265" oya="2" hai0="85,8,68,123,45,22,120,26,29,121,30,116,115" hai1="76,41,24,52,96,84,9,74,44,42,132,18,3" hai2="27,128,117,107,102,7,6,80,125,98,72,79,5" hai3="15,12,34,19,110,63,48,118,69,70,65,113,78"/><V106/><F117/><W14/><G118/><T47/><D116/><U73/><E3/><V31/><F128/><W25/><G70/><T67/><D115/><U33/><E74/><V51/><F125/><W133/><G113/><T58/><D68/><U122/><E73/><V119/><F119/><W129/><G129/><T20/><D8/><U2/><E2/><V86/><F72/><W56/><G110/><T127/><D127/><U64/><E64/><V105/><REACH who="2" step="1"/><F51/><REACH who="2" ten="230,305,190,265" step="2"/><W59/><G48/><T90/><D30/><U89/><E122/><V13/><F13/><W28/><G12/><T101/><D101/><U46/><E24/><V11/><F11/><W66/><G14/><T71/><D71/><U53/><E9/><V23/><AGARI ba="1,1" hai="5,6,7,23,27,31,79,80,86,98,102,105,106,107" machi="23" ten="30,3000,0" yaku="1,1,0,1,53,0" doraHai="37" doraHaiUra="38" who="2" fromWho="2" sc="230,-11,305,-11,190,43,265,-11" /><INIT seed="2,2,0,4,5,27" ten="219,294,233,254" oya="2" hai0="79,89,19,101,37,41,73,85,93,80,82,96,107" hai1="128,32,95,110,55,109,13,126,113,45,69,7,71" hai2="46,88,4,40,117,15,97,134,26,83,39,106,21" hai3="90,6,14,49,3,102,86,81,121,2,51,124,61"/><V104/><F117/><W99/><G121/><T59/><D59/><U17/><E113/><V100/><F134/><W34/><G34/><T74/><D19/><U44/><E32/><V116/><F116/><W43/><G124/><T76/><D41/><U35/><E126/><V98/><F4/><W125/><G125/><T60/><D60/><U31/><E7/><V64/><F64/><W29/><G29/><T28/><D28/><U123/><E128/><V115/><F115/><W75/><G75/><N who="0" m="43039" /><D37/><U0/><E95/><V114/><F114/><W94/><G61/><T30/><D30/><U24/><E123/><V42/><F42/><W18/><G6/><T127/><D127/><U48/><E45/><V132/><F132/><W22/><REACH who="3" step="1"/><G43/><REACH who="3" ten="219,294,233,244" step="2"/><T25/><D25/><U92/><E35/><V1/><F1/><AGARI ba="2,1" hai="1,2,3,14,18,22,49,51,81,86,90,94,99,102" machi="1" ten="40,2600,0" yaku="1,1,2,1,53,0" doraHai="27" doraHaiUra="58" who="3" fromWho="2" sc="219,0,294,0,233,-32,244,42" /><INIT seed="3,0,0,4,1,79" ten="219,294,201,286" oya="3" hai0="65,120,4,94,7,72,50,53,24,58,131,82,83" hai1="42,125,134,18,60,108,12,70,35,0,90,107,69" hai2="36,102,62,5,66,132,96,93,31,34,101,38,104" hai3="86,68,89,39,81,22,133,118,123,20,109,13,106"/><W51/><G118/><T99/><D131/><U19/><E0/><V117/><F117/><W40/><G123/><T52/><D120/><U91/><E107/><V1/><F93/><W80/><G106/><T78/><D65/><U6/><E35/><V121/><F101/><W9/><G68/><T75/><D24/><U43/><E108/><V2/><F121/><W8/><G39/><N who="2" m="14889" /><F5/><N who="0" m="2122" /><D75/><U119/><E119/><V76/><F76/><W129/><G129/><T17/><D72/><U11/><E134/><V55/><F55/><W46/><G133/><T21/><D78/><U37/><E37/><V59/><F59/><W57/><G109/><T45/><D17/><N who="1" m="6155" /><E69/><N who="2" m="42199" /><F132/><W30/><G13/><T47/><D21/><N who="3" m="8297" /><G30/><T103/><D45/><U135/><E70/><V87/><F87/><N who="3" m="50407" /><G57/><T110/><D110/><U77/><E135/><V28/><F28/><W115/><G115/><T130/><D130/><U64/><E77/><AGARI ba="0,0" hai="8,9,40,46,51,77,81,86" m="50407,8297" machi="77" ten="30,5800,0" yaku="8,1,52,2" doraHai="79" who="3" fromWho="1" sc="219,0,294,-58,201,0,286,58" owari="219,-18.1,236,3.6,201,-29.9,344,44.4" /></mjloggm>