<mjloggm ver="2.3"><GO type="225" lobby="0"/><UN n0="%E8%A8%88%E7%AE%97%E6%A9%9F%E8%87%AA%E7%84%B6" n1="%E3%82%BC%E3%83%AB%E3%83%80%E3%81%AE%E4%BC%9D%E8%AA%AC" n2="%73%6C%69%63%6B%33%31%39" n3="%E6%80%AA%E3%81%97%E3%81%99%E3%81%8E%E3%82%8B%E3%83%81%E3%83%BC" dan="17,16,16,16" rate="2230.42,2120.36,2189.56,2099.77" sx="M,M,M,M"/><TAIKYOKU oya="0"/><INIT seed="0,0,0,2,5,130" ten="250,250,250,250" oya="0" hai0="38,14,21,86,101,25,107,88,82,128,71,83,45" hai1="50,57,109,22,94,77,59,32,116,60,19,30,43" hai2="34,120,132,125,126,89,53,73,72,61,24,123,92" hai3="16,114,2,79,1,103,44,106,13,66,98,111,87"/><T12/><D71/><U46/><E116/><V70/><F53/><W67/><G114/><T76/><D128/><U9/><E109/><V11/><F61/><W28/><G111/><T124/><D124/><N who="2" m="47722" /><F70/><W39/><G28/><T41/><D101/><U37/><E77/><V99/><F11/><W102/><G102/><T104/><D107/><U58/><E32/><V35/><F24/><W105/><G105/><T36/><D104/><U33/><E33/><N who="2" m="12299" /><F132/><W97/><G97/><T49/><D36/><U121/><E121/><AGARI ba="0,0" hai="72,73,89,92,99,120,121,123" m="12299,47722" machi="121" ten="40,1300,0" yaku="18,1" doraHai="130" who="2" fromWho="1" sc="250,0,250,-13,250,13,250,0" /><INIT seed="1,0,0,0,2,32" ten="250,237,263,250" oya="1" hai0="68,74,8,52,11,88,103,40,108,91,110,104,119" hai1="106,37,33,114,2,76,27,131,70,9,55,109,16" hai2="58,127,18,69,26,3,84,129,83,89,12,31,86" hai3="118,53,57,6,1,28,50,61,24,15,42,130,75"/><U92/><E76/><V47/><F69/><W21/><G75/><T81/><D68/><U0/><E92/><V85/><F129/><W51/><G130/><T123/><D40/><U14/><E131/><V115/><F127/><W98/><G118/><T125/><D119/><U95/><E106/><V78/><F115/><W71/><G71/><T38/><D38/><U4/><E70/><V5/><F5/><W128/><G128/><T64/><D64/><U22/><E37/><V100/><F3/><N who="1" m="1065" /><E95/><V39/><F100/><W67/><G1/><T101/><D125/><U44/><E55/><V126/><F126/><W48/><G98/><T56/><D123/><U82/><E44/><V116/><F116/><W35/><G35/><T93/><D104/><U7/><E82/><V111/><F58/><N who="3" m="37303" /><G42/><T134/><D74/><U90/><E90/><V54/><F54/><W36/><G36/><T121/><D121/><U46/><E46/><V132/><F47/><W49/><G49/><T105/><D105/><U107/><E114/><V122/><F39/><W113/><G113/><T10/><D101/><U87/><E107/><V94/><F122/><W63/><G51/><T60/><D103/><U23/><E109/><N who="0" m="42089" /><D81/><U102/><E102/><V43/><F111/><W29/><G29/><T79/><D79/><U99/><E99/><V97/><F43/><W77/><G77/><T72/><D72/><U112/><E112/><V13/><F78/><W25/><G25/><T19/><D91/><U135/><E87/><V124/><F124/><W65/><G65/><T133/><D19/><U66/><E66/><RYUUKYOKU ba="0,0" sc="250,15,237,-15,263,-15,250,15" hai0="8,10,11,52,56,60,88,93,133,134" hai3="6,15,21,24,28,48,50,53,57,63" /><INIT seed="2,1,0,4,1,10" ten="265,222,248,265" oya="2" hai0="74,92,14,11,125,108,95,111,123,13,85,100,52" hai1="21,96,34,102,56,16,1,43,119,47,68,118,24" hai2="6,3,59,81,75,104,113,57,23,58,115,64,121" hai3="46,78,109,127,55,51,84,97,61,101,38,94,20"/><V131/><F121/><W35/><G35/><T77/><D123/><U32/><E68/><V60/><F104/><W128/><G109/><N who="0" m="42059" /><D74/><U86/><E1/><V65/><F131/><W122/><G122/><T87/><D125/><U50/><E86/><N who="0" m="32777" /><D77/><U76/><E76/><V112/><F75/><W62/><G128/><T40/><D40/><U12/><E56/><V25/><F81/><N who="3" m="47159" /><G38/><T71/><D71/><U99/><E99/><V36/><F36/><W54/><G127/><T88/><D11/><U134/><E134/><V8/><REACH who="2" step="1"/><F60/><REACH who="2" ten="265,222,238,265" step="2"/><N who="3" m="23147" /><G20/><T106/><D106/><U19/><E34/><V22/><F22/><W37/><G37/><T124/><D124/><U48/><E32/><V31/><AGARI ba="1,1" hai="3,6,8,23,25,31,57,58,59,64,65,112,113,115" machi="31" ten="40,7800,0" yaku="1,1,0,1,53,1" doraHai="10" doraHaiUra="18" who="2" fromWho="2" sc="265,-27,222,-27,238,91,265,-27" /><INIT seed="2,2,0,2,0,14" ten="238,195,329,238" oya="2" hai0="133,13,104,12,60,89,18,51,79,101,19,75,105" hai1="124,80,61,99,32,134,102,131,125,30,55,83,64" hai2="6,1,116,72,78,54,43,15,128,68,120,84,36" hai3="96,127,121,129,98,67,0,106,118,52,103,108,93"/><V85/><F116/><W9/><G118/><T29/><D29/><U114/><E114/><V112/><F120/><W47/><G121/><T119/><D119/><U111/><E55/><V25/><F68/><W126/><G108/><T3/><D3/><U90/><E111/><V39/><F112/><W11/><G129/><T132/><D89/><U110/><E110/><V5/><F1/><W109/><G109/><T107/><D101/><U86/><E131/><V4/><F128/><W58/><G47/><T117/><D117/><U34/><E83/><V26/><F72/><W24/><G24/><T42/><D60/><U33/><E134/><N who="0" m="51817" /><D79/><U48/><E48/><V100/><F100/><N who="3" m="60431" /><G67/><T66/><D66/><U63/><E30/><V59/><F15/><N who="0" m="5706" /><D75/><U2/><E2/><V62/><F39/><W22/><G22/><T56/><D56/><U74/><E74/><V23/><F36/><W50/><G0/><T27/><D27/><U8/><E64/><V122/><F26/><W46/><G58/><T10/><D10/><U35/><N who="1" m="8192" /><DORA hai="81" /><U76/><E8/><V113/><F122/><W44/><G44/><AGARI ba="2,0" hai="18,19,42,44,51,104,105,107" m="5706,51817" machi="44" ten="40,5200,0" yaku="20,1,52,2" doraHai="14,81" who="0" fromWho="3" sc="238,58,195,0,329,0,238,-58" /><INIT seed="3,0,0,5,3,37" ten="296,195,329,180" oya="3" hai0="6,87,81,13,90,73,99,106,117,57,38,107,124" hai1="121,80,25,1,3,27,102,65,21,125,36,129,22" hai2="62,97,34,32,23,88,70,127,100,7,56,28,108" hai3="47,42,96,76,24,51,72,133,30,8,4,75,15"/><W68/><G133/><T41/><D117/><U55/><E36/><V82/><F70/><W74/><G68/><T110/><D110/><U93/><E121/><V101/><F108/><W2/><G96/><T40/><D38/><U123/><E123/><V98/><F127/><W63/><G63/><T53/><D73/><U59/><E125/><V113/><F113/><W119/><G119/><T5/><D124/><U16/><E129/><V9/><F32/><W11/><G76/><N who="0" m="46503" /><D107/><U49/><E80/><V66/><F34/><W94/><G94/><N who="0" m="56791" /><D106/><U112/><E112/><V46/><F46/><W35/><REACH who="3" step="1"/><G74/><REACH who="3" ten="296,195,329,170" step="2"/><T33/><D33/><U104/><E104/><V105/><F105/><W130/><G130/><T52/><D53/><U79/><E79/><V116/><F116/><W78/><G78/><T14/><D5/><AGARI ba="0,1" hai="2,4,5,8,11,15,24,30,35,42,47,51,72,75" machi="5" ten="30,5800,0" yaku="1,1,7,1,52,1,53,0" doraHai="37" doraHaiUra="12" who="3" fromWho="0" sc="296,-58,195,0,329,0,170,68" /><INIT seed="3,1,0,2,3,103" ten="238,195,329,238" oya="3" hai0="98,117,101,59,34,39,11,66,82,15,70,93,73" hai1="99,19,60,0,38,9,57,21,58,79,118,76,27" hai2="107,50,89,100,120,91,25,46,129,54,22,56,8" hai3="86,36,90,68,41,125,61,3,26,81,126,51,110"/><W40/><G36/><T53/><D117/><U52/><E118/><V12/><F129/><W97/><G3/><T122/><D122/><U128/><E128/><V30/><F120/><W33/><G110/><T85/><D34/><U124/><E124/><N who="3" m="47722" /><G51/><T6/><D73/><U135/><E135/><V113/><F113/><W134/><G134/><T72/><D72/><U112/><E112/><V119/><F119/><W130/><G130/><T114/><D39/><U95/><E38/><V67/><F100/><W44/><G44/><T49/><D114/><U10/><E58/><V45/><F107/><W23/><G97/><T111/><D111/><U106/><E106/><V47/><F67/><N who="3" m="41071" /><G33/><T28/><D70/><U71/><E71/><V83/><F83/><W132/><G132/><T80/><D66/><U64/><E64/><V37/><F37/><W7/><G7/><AGARI ba="1,0" hai="7,8,12,22,25,30,45,46,47,50,54,56,89,91" machi="7" ten="40,1300,0" yaku="8,1" doraHai="103" who="2" fromWho="3" sc="238,0,195,0,329,16,238,-16" owari="238,3.8,195,-30.5,345,44.5,222,-17.8" /></mjloggm>