<mjloggm ver="2.3"><GO type="225" lobby="0"/><UN n0="%E8%A8%88%E7%AE%97%E6%A9%9F%E8%87%AA%E7%84%B6" n1="%72%69%6F%75%63%68%61%6E" n2="%E9%B3%B3%E6%9D%B1%E3%81%AE%E3%81%86%E3%81%95%E3%81%8E%E3%81%95%E3%82%93" n3="%E6%A1%9C%E8%8A%B1%E9%96%83%E3%80%85" dan="17,17,16,18" rate="2224.50,2240.73,2253.54,2265.24" sx="M,M,M,M"/><TAIKYOKU oya="0"/><INIT seed="0,0,0,0,0,36" ten="250,250,250,250" oya="0" hai0="69,111,86,107,51,73,25,122,96,14,66,10,58" hai1="95,114,101,113,125,126,108,124,71,80,49,12,65" hai2="29,91,84,93,56,97,74,34,62,37,132,1,94" hai3="89,15,22,5,112,123,81,8,38,6,45,104,64"/><T50/><D73/><U119/><E119/><V54/><F132/><W82/><G112/><N who="1" m="43114" /><E108/><V72/><F1/><W63/><G104/><T90/><D122/><U26/><E26/><V85/><F37/><W48/><G38/><T76/><D69/><U13/><E80/><V135/><F135/><W2/><G123/><T46/><D111/><U47/><E65/><V105/><F105/><W55/><G89/><T109/><D109/><U129/><E71/><V41/><F41/><W7/><G22/><T11/><D25/><U59/><E59/><V120/><F120/><W40/><G55/><N who="0" m="32119" /><D107/><U19/><E129/><V0/><F0/><W20/><G20/><T116/><D116/><U32/><E32/><V118/><F118/><W43/><G43/><N who="0" m="25055" /><D66/><U79/><E79/><V115/><F115/><W92/><G92/><N who="0" m="56343" /><D14/><U127/><N who="1" m="31744" /><DORA hai="83" /><U70/><E70/><V24/><REACH who="2" step="1"/><F94/><REACH who="2" ten="250,250,240,250" step="2"/><W133/><G133/><T68/><D68/><U61/><E95/><V99/><F99/><W75/><G2/><T103/><D103/><U9/><E101/><V121/><F121/><W117/><G117/><T57/><D57/><U16/><E61/><V106/><F106/><W18/><G75/><AGARI ba="0,1" hai="24,29,34,54,56,62,72,74,75,84,85,91,93,97" machi="75" ten="40,8000,1" yaku="1,1,52,2,53,1" doraHai="36,83" doraHaiUra="87,60" who="2" fromWho="3" sc="250,0,250,0,240,90,250,-80" /><INIT seed="1,0,0,0,5,127" ten="250,250,330,170" oya="1" hai0="131,67,31,70,114,68,117,22,103,106,61,27,15" hai1="119,78,128,57,132,105,41,71,6,63,129,124,125" hai2="92,1,91,102,122,28,8,120,46,90,14,43,12" hai3="75,69,98,42,134,5,21,100,9,3,11,115,65"/><U80/><E119/><V18/><F1/><W2/><G115/><T95/><D117/><U26/><E71/><V24/><F102/><W52/><G134/><T99/><D114/><U88/><E105/><V96/><F90/><W59/><G75/><T87/><D15/><U54/><E132/><V35/><REACH who="2" step="1"/><F14/><REACH who="2" ten="250,250,320,170" step="2"/><W40/><G2/><T111/><D103/><U126/><E88/><V73/><F73/><W36/><G100/><T16/><D106/><U85/><E6/><V13/><F13/><W47/><G98/><T66/><D99/><U34/><REACH who="1" step="1"/><E41/><REACH who="1" ten="250,240,320,170" step="2"/><V30/><F30/><AGARI ba="0,2" hai="26,30,34,54,57,63,78,80,85,124,125,126,128,129" machi="30" ten="50,18000,2" yaku="1,1,2,1,18,1,52,2,53,1" doraHai="127" doraHaiUra="83" who="1" fromWho="2" sc="250,0,240,200,320,-180,170,0" /><INIT seed="1,1,0,1,5,75" ten="250,440,140,170" oya="1" hai0="99,21,107,22,37,103,24,126,50,88,118,117,33" hai1="25,8,109,108,127,73,5,31,135,113,87,89,56" hai2="6,94,54,114,80,10,18,27,16,100,62,44,43" hai3="45,66,131,97,49,61,120,70,78,95,42,38,3"/><U110/><E113/><V130/><F130/><W121/><G131/><T134/><D37/><U128/><E128/><V112/><F80/><W40/><G3/><T12/><D126/><U9/><E135/><V101/><F54/><W124/><G124/><T47/><D134/><U4/><E127/><V52/><F43/><W35/><G35/><T72/><D72/><U90/><E73/><V86/><F100/><W26/><G26/><T111/><D111/><U122/><E122/><V133/><F133/><W67/><G78/><T81/><D33/><U34/><E56/><V58/><F44/><N who="3" m="23639" /><G95/><T77/><D12/><N who="1" m="5127" /><E87/><V91/><F101/><W68/><G97/><T30/><D21/><U129/><E129/><V20/><REACH who="2" step="1"/><F18/><REACH who="2" ten="250,440,130,170" step="2"/><W79/><G79/><T104/><D77/><U105/><E105/><V32/><F32/><W132/><G132/><T106/><D107/><U116/><E116/><V28/><F28/><W1/><G1/><AGARI ba="1,1" hai="1,5,9,25,31,34,89,90,108,109,110" m="5127" machi="1" ten="30,2900,0" yaku="14,1,10,1" doraHai="75" who="1" fromWho="3" sc="250,0,440,42,130,0,170,-32" /><AGARI ba="1,0" hai="1,6,10,16,20,27,52,58,62,86,91,94,112,114" machi="1" ten="40,8000,1" yaku="1,1,54,2,53,1" doraHai="75" doraHaiUra="7" who="2" fromWho="3" sc="250,0,482,0,130,80,138,-80" /><INIT seed="1,2,0,4,1,83" ten="250,482,210,58" oya="1" hai0="53,47,82,67,16,116,21,77,86,122,57,18,103" hai1="85,2,24,6,49,126,61,30,12,88,0,78,29" hai2="124,25,92,114,11,132,35,38,23,91,113,101,97" hai3="69,3,14,98,94,112,58,59,80,10,117,20,104"/><U63/><E126/><V125/><F132/><W87/><G112/><N who="2" m="43113" /><F38/><W64/><G104/><T39/><D116/><U8/><E78/><V19/><F35/><W7/><G117/><T28/><D122/><U15/><E49/><V40/><F40/><W105/><G105/><T75/><D103/><U109/><E109/><V32/><F32/><W70/><G3/><T26/><D75/><U135/><E135/><V81/><F11/><W56/><G20/><T46/><D67/><U79/><E79/><V45/><F45/><N who="0" m="16906" /><D39/><U60/><E0/><V123/><F123/><W41/><G41/><T107/><D107/><U84/><E84/><AGARI ba="2,0" hai="19,23,25,81,84,91,92,97,101,124,125" m="43113" machi="84" ten="30,2000,0" yaku="11,1,52,1" doraHai="83" who="2" fromWho="1" sc="250,0,482,-26,210,26,58,0" /><INIT seed="2,0,0,0,0,118" ten="250,456,236,58" oya="2" hai0="25,92,60,10,129,131,11,55,81,9,90,93,1" hai1="130,36,5,114,109,100,66,125,7,69,79,29,107" hai2="64,52,16,34,116,132,94,110,24,80,39,97,58" hai3="43,17,101,128,135,115,41,117,105,6,54,74,68"/><V51/><F116/><W73/><G117/><T103/><D1/><U18/><E109/><V112/><F112/><W2/><G68/><T35/><D35/><U28/><E114/><V19/><F39/><W122/><G115/><T31/><D60/><U26/><E36/><V134/><F110/><W20/><G128/><N who="0" m="49227" /><D55/><U67/><E125/><V8/><F64/><W65/><G65/><T57/><D57/><U123/><E123/><V22/><F80/><W12/><G135/><N who="2" m="51753" /><F34/><W121/><G54/><T95/><D103/><U89/><E66/><V56/><F56/><W30/><G30/><T46/><D46/><U70/><E28/><N who="2" m="17431" /><F8/><W27/><G74/><T77/><D25/><U42/><E67/><V133/><N who="2" m="51761" /><V15/><DORA hai="83" /><F15/><W13/><G73/><N who="0" m="43183" /><D31/><U63/><E29/><V86/><F97/><AGARI ba="0,0" hai="9,10,11,90,92,93,95,97" m="43183,49227" machi="97" ten="30,1000,0" yaku="19,1" doraHai="118,83" who="0" fromWho="2" sc="250,10,456,0,236,-10,58,0" /><INIT seed="3,0,0,4,3,1" ten="260,456,226,58" oya="3" hai0="80,123,90,35,130,56,34,121,21,115,94,15,82" hai1="103,32,20,67,26,41,28,14,7,23,79,77,99" hai2="8,101,45,72,0,118,38,37,132,66,68,120,102" hai3="83,107,55,96,43,29,27,106,11,40,25,81,104"/><W69/><G69/><T53/><D130/><U12/><E67/><V98/><F118/><W54/><G96/><T16/><D115/><U119/><E119/><V129/><F129/><W110/><G11/><T10/><D34/><U73/><E41/><N who="3" m="15946" /><G29/><T48/><D35/><U93/><E73/><V111/><F120/><N who="0" m="46154" /><D10/><N who="1" m="4191" /><E32/><V100/><F132/><W18/><G18/><AGARI ba="0,0" hai="14,18,20,23,26,28,77,79,93,99,103" m="4191" machi="18" ten="30,2000,0" yaku="8,1,52,1" doraHai="1" who="1" fromWho="3" sc="260,0,456,20,226,0,58,-20" owari="260,6.0,476,57.6,226,-17.4,38,-46.2" /></mjloggm>