<mjloggm ver="2.3"><GO type="225" lobby="0"/><UN n0="%6D%75%75%73%61%6E%6D%75" n1="%E6%81%A5%E6%99%92%E3%81%97" n2="%E6%97%A5%E6%9B%9C%E6%97%A5%E3%82%88%E3%82%8A%E3%81%AE%E4%BD%BF%E8%80%85" n3="%61%6D%65%6B%69" dan="16,16,16,16" rate="2129.62,2074.07,2104.34,2072.13" sx="F,M,M,M"/><TAIKYOKU oya="0"/><INIT seed="0,0,0,4,4,76" ten="250,250,250,250" oya="0" hai0="21,105,100,89,59,73,49,66,25,39,6,90,48" hai1="58,78,7,32,5,121,12,103,27,110,17,79,133" hai2="98,24,125,84,87,2,124,1,92,30,96,9,119" hai3="107,55,51,71,112,35,14,74,67,28,62,20,93"/><T134/><D39/><U61/><E121/><V52/><F119/><W123/><G74/><T40/><D73/><U120/><E110/><V70/><F70/><W131/><G112/><T45/><D134/><U3/><E120/><V10/><F24/><W99/><G131/><T86/><D6/><U115/><E133/><V43/><F43/><W97/><G123/><T101/><D105/><U63/><E63/><V46/><F46/><W114/><G35/><T127/><D127/><N who="2" m="48714" /><F30/><W15/><G114/><T80/><D90/><U8/><E103/><N who="2" m="60807" /><F98/><W16/><G107/><T77/><D77/><U68/><E68/><V75/><F75/><W109/><G109/><T33/><D33/><U31/><E7/><N who="2" m="1263" /><F52/><W19/><G28/><T37/><D37/><U88/><E115/><V44/><F44/><W91/><G99/><T47/><D66/><U60/><E60/><V116/><F116/><W36/><G36/><T29/><REACH who="0" step="1"/><D59/><REACH who="0" ten="240,250,250,250" step="2"/><U50/><E58/><V57/><F57/><W83/><G67/><T85/><D85/><U126/><E126/><V130/><F130/><W118/><G71/><T4/><D4/><AGARI ba="0,1" hai="2,4,10,84,87" m="1263,60807,48714" machi="4" ten="30,1000,0" yaku="18,1" doraHai="76" who="2" fromWho="0" sc="240,-10,250,0,250,20,250,0" /><INIT seed="1,0,0,2,0,71" ten="230,250,270,250" oya="1" hai0="52,110,27,126,22,29,79,76,46,97,130,53,55" hai1="41,85,120,105,59,35,9,82,10,127,100,102,40" hai2="94,16,88,15,133,123,2,113,108,14,44,31,80" hai3="115,112,121,87,90,48,117,125,107,77,43,20,3"/><U58/><E120/><V6/><F123/><W129/><G3/><T68/><D68/><U50/><E127/><V128/><F108/><W0/><G0/><T124/><D110/><U37/><E35/><V32/><F128/><W114/><G121/><T63/><D130/><U116/><E116/><V51/><F133/><W57/><G107/><T92/><D63/><U54/><E105/><V67/><F113/><W91/><G129/><T62/><D62/><U66/><E37/><V7/><F2/><W4/><G4/><T132/><D132/><U60/><E66/><V99/><F67/><W26/><G117/><T118/><D118/><U42/><E100/><V70/><F70/><W1/><G1/><T95/><D46/><U12/><E102/><V73/><F31/><W45/><G57/><T36/><D36/><U24/><E24/><V93/><F32/><W72/><G72/><T96/><D124/><U103/><E103/><V78/><F93/><N who="0" m="35914" /><D126/><U11/><E60/><V28/><F28/><W21/><G125/><T104/><D104/><U23/><E23/><V134/><F134/><W17/><G21/><T64/><D64/><U74/><E74/><V61/><F61/><W33/><G33/><T84/><D84/><U86/><E59/><V135/><F135/><W83/><AGARI ba="0,0" hai="17,20,26,43,45,48,77,83,87,90,91,112,114,115" machi="83" ten="40,1500,0" yaku="0,1" doraHai="71" who="3" fromWho="3" sc="230,-4,250,-7,270,-4,250,15" /><INIT seed="2,0,0,0,2,3" ten="226,243,266,265" oya="2" hai0="37,76,121,60,116,70,38,68,41,94,35,125,96" hai1="16,84,18,63,124,100,66,109,26,129,9,75,104" hai2="56,83,23,33,5,20,78,90,51,13,4,22,53" hai3="54,101,107,130,58,43,80,131,81,1,65,92,64"/><V31/><F90/><W46/><G107/><T111/><D121/><U39/><E75/><V21/><F33/><W89/><G101/><T98/><D111/><U15/><E109/><V118/><F118/><W24/><G1/><T132/><D116/><U122/><E39/><V62/><F62/><W115/><G115/><T105/><D125/><U126/><E122/><V91/><F91/><W27/><G130/><T119/><D119/><U0/><E129/><V112/><F112/><W123/><G123/><T88/><D132/><U74/><E0/><V42/><F42/><W52/><G54/><T25/><D76/><U67/><E74/><V32/><F32/><W47/><G65/><N who="0" m="40999" /><D41/><U86/><E100/><V34/><F34/><W117/><G64/><N who="1" m="24618" /><E63/><V120/><F120/><W12/><G12/><T17/><D17/><U106/><E104/><V2/><F2/><W72/><G72/><T128/><D70/><U134/><E106/><V44/><F56/><W87/><G131/><T55/><D55/><U40/><E40/><V29/><N who="2" m="5120" /><DORA hai="11" /><V102/><F102/><W69/><G69/><T36/><D128/><U85/><E134/><V133/><F133/><W114/><G114/><T48/><D48/><U95/><E124/><V135/><F135/><W57/><G57/><T77/><D77/><U45/><E45/><N who="3" m="16906" /><G43/><T108/><D108/><U103/><E126/><V79/><F79/><W127/><G127/><T93/><D105/><U19/><E26/><N who="3" m="9770" /><G117/><T82/><D25/><U97/><AGARI ba="0,0" hai="9,15,16,18,19,84,85,86,95,97,103" m="24618" machi="97" ten="30,4000,0" yaku="8,1,52,1,54,1" doraHai="3,11" who="1" fromWho="1" sc="226,-10,243,40,266,-20,265,-10" /><INIT seed="3,0,0,1,2,102" ten="216,283,246,255" oya="3" hai0="37,55,58,125,47,78,40,13,71,9,16,45,7" hai1="116,43,127,34,73,56,35,86,90,39,44,92,20" hai2="5,18,100,87,30,19,110,85,129,135,50,63,22" hai3="64,83,53,81,14,103,15,31,29,119,49,1,114"/><W82/><G114/><T23/><D125/><U0/><E127/><V21/><F110/><W80/><G1/><T120/><D71/><U66/><E0/><V61/><F129/><W106/><N who="3" m="20480" /><DORA hai="52" /><W111/><G119/><T128/><D128/><U112/><E112/><V105/><F5/><W11/><G111/><T60/><D120/><U65/><E73/><V72/><F72/><W133/><G133/><T67/><D47/><U8/><E116/><V97/><F30/><N who="3" m="11275" /><G106/><T59/><D78/><U41/><E66/><V93/><F50/><W104/><G104/><T74/><D74/><U132/><E41/><V36/><F36/><W27/><G103/><T96/><D96/><U108/><E20/><V48/><F48/><W130/><G130/><T131/><D131/><U91/><E132/><V75/><F75/><W32/><G32/><T84/><D84/><U4/><E91/><V122/><F135/><W113/><G113/><T38/><D38/><U94/><E94/><V79/><F79/><W107/><G107/><T17/><D23/><U46/><E46/><V33/><F33/><W10/><G27/><T51/><AGARI ba="0,0" hai="7,9,13,16,17,37,40,45,51,55,58,59,60,67" machi="51" ten="20,8000,1" yaku="0,1,7,1,52,2,54,1" doraHai="102,52" who="0" fromWho="0" sc="216,80,283,-20,246,-20,255,-40" /><INIT seed="4,0,0,2,1,107" ten="296,263,226,215" oya="0" hai0="100,9,96,102,41,35,119,19,93,86,106,76,65" hai1="75,74,1,55,117,101,127,109,27,98,84,53,8" hai2="20,11,67,63,113,90,82,124,10,80,105,46,81" hai3="3,25,24,69,111,33,0,108,99,29,104,62,73"/><T68/><D119/><U23/><E117/><V16/><F113/><W91/><G91/><T59/><D35/><U128/><E84/><V126/><F105/><W43/><G43/><T94/><D68/><U17/><E109/><V77/><F90/><W15/><G15/><N who="0" m="7663" /><D106/><U110/><E110/><N who="3" m="42026" /><G25/><T131/><D131/><U61/><E127/><N who="2" m="48683" /><F46/><W30/><G30/><T57/><D41/><U72/><E128/><V50/><F50/><W122/><G122/><T45/><D45/><U125/><E125/><V38/><F38/><W95/><G95/><N who="0" m="36363" /><D65/><U22/><E61/><V112/><F112/><W32/><G32/><T115/><D115/><U44/><E44/><V14/><F77/><W51/><G51/><T123/><D123/><U36/><E36/><V31/><F31/><W114/><G114/><T40/><D40/><U133/><E98/><V134/><F134/><W13/><G13/><T85/><D85/><U87/><E101/><N who="0" m="39017" /><D96/><U4/><E133/><V28/><F67/><N who="3" m="41207" /><G73/><T6/><D6/><U48/><E48/><V47/><F63/><W118/><G118/><T89/><D76/><U39/><E39/><V58/><F47/><W49/><G49/><T129/><D129/><U88/><REACH who="1" step="1"/><E23/><REACH who="1" ten="296,253,226,215" step="2"/><V83/><N who="2" m="20480" /><DORA hai="79" /><V60/><F60/><W56/><G56/><N who="0" m="21579" /><D86/><U34/><E34/><V54/><F58/><W37/><G37/><T78/><D78/><U2/><E2/><V97/><F97/><W21/><G21/><T42/><D89/><U135/><E135/><V52/><F20/><W116/><G116/><T70/><D70/><U132/><E132/><V5/><F28/><RYUUKYOKU ba="0,1" sc="296,0,253,0,226,0,215,0" hai0="42" hai1="1,4,8,17,22,27,53,55,72,74,75,87,88" hai2="5,10,11,14,16,52,54" hai3="0,3,24,29,33,99,104" /><INIT seed="4,1,1,2,1,134" ten="296,253,226,215" oya="0" hai0="81,106,3,51,112,120,26,109,17,50,49,45,14" hai1="23,82,60,62,57,115,123,85,110,55,27,16,87" hai2="124,36,117,22,53,107,15,11,40,25,127,33,104" hai3="116,38,41,72,94,91,68,97,5,102,126,114,44"/><T13/><D120/><U76/><E123/><V63/><F33/><W48/><G116/><T111/><D3/><U58/><E110/><N who="0" m="41993" /><D112/><U28/><E115/><V103/><F40/><W129/><G114/><T130/><D130/><U93/><E93/><V1/><F1/><W9/><G129/><T6/><D106/><U100/><E100/><V42/><F42/><W24/><G72/><T39/><D81/><U52/><E28/><N who="2" m="17463" /><F36/><W46/><G68/><T118/><D118/><U74/><AGARI ba="1,1" hai="16,23,27,52,55,57,58,60,62,74,76,82,85,87" machi="74" ten="20,8000,1" yaku="0,1,7,1,9,1,54,2" doraHai="134" who="1" fromWho="1" sc="296,-41,253,93,226,-21,215,-21" owari="255,5.5,346,44.6,205,-19.5,194,-30.6" /></mjloggm>