<mjloggm ver="2.3"><GO type="225" lobby="0"/><UN n0="%6A%70%74%77%61%32" n1="%4B%2E%32%2E%4B%2E" n2="%6D%75%75%6D%75%72%61" n3="%E3%81%82%E3%81%99%E3%81%AB%E3%82%83%E3%82%80" dan="16,16,16,16" rate="2048.40,2084.23,2208.57,2112.33" sx="M,M,F,F"/><TAIKYOKU oya="0"/><INIT seed="0,0,0,5,0,88" ten="250,250,250,250" oya="0" hai0="27,81,116,75,9,105,21,37,52,108,30,132,109" hai1="61,45,119,22,93,111,106,11,62,99,123,101,8" hai2="42,57,102,39,2,28,78,7,117,18,77,15,131" hai3="128,74,113,95,89,130,84,73,48,43,118,97,1"/><T90/><D116/><U91/><E119/><V17/><F117/><W63/><G1/><T13/><D132/><U69/><E123/><V115/><F115/><W4/><G4/><T133/><D133/><U103/><E111/><N who="0" m="42569" /><D37/><U65/><E61/><V34/><F131/><N who="3" m="50219" /><G118/><T14/><D105/><U72/><E72/><N who="3" m="27754" /><G63/><T127/><D127/><U29/><E103/><V51/><F102/><N who="3" m="60735" /><G48/><T107/><D107/><U85/><REACH who="1" step="1"/><E45/><REACH who="1" ten="250,240,250,250" step="2"/><V60/><F60/><W3/><G113/><T56/><D9/><U38/><E38/><V126/><F39/><W121/><G121/><T35/><D35/><U134/><E134/><V64/><F34/><W80/><G3/><T24/><D24/><AGARI ba="0,1" hai="8,11,22,24,29,62,65,69,85,91,93,99,101,106" machi="24" ten="40,8000,1" yaku="1,1,52,1,53,2" doraHai="88" doraHaiUra="6" who="1" fromWho="0" sc="250,-80,240,90,250,0,250,0" /><INIT seed="1,0,0,0,5,118" ten="170,330,250,250" oya="1" hai0="44,2,16,34,124,103,33,28,49,39,41,22,83" hai1="115,76,37,114,89,19,123,14,20,119,11,1,81" hai2="18,66,96,10,63,29,78,86,104,100,70,32,105" hai3="68,79,62,45,8,7,35,54,75,93,36,3,24"/><U128/><E119/><V132/><F132/><W85/><G93/><T59/><D124/><U122/><E37/><V64/><F64/><W71/><G85/><T15/><D2/><U84/><E128/><V48/><F105/><W99/><G99/><T55/><D103/><U30/><E1/><V92/><F48/><W40/><G54/><T117/><D117/><U111/><E111/><V135/><F135/><W134/><G62/><T61/><D28/><U108/><E108/><V60/><F60/><W80/><G134/><T87/><REACH who="0" step="1"/><D39/><REACH who="0" ten="160,330,250,250" step="2"/><U107/><E107/><V129/><F29/><AGARI ba="0,1" hai="3,7,8,24,29,35,36,40,45,68,71,75,79,80" machi="29" ten="40,8000,1" yaku="25,2,33,3" doraHai="118" who="3" fromWho="2" sc="160,0,330,0,250,-80,250,90" /><INIT seed="2,0,0,4,0,117" ten="160,330,170,340" oya="2" hai0="94,120,45,93,71,62,29,50,48,15,55,2,109" hai1="77,31,114,69,101,10,58,116,132,34,105,36,90" hai2="91,95,104,87,60,66,107,3,79,68,78,134,1" hai3="43,42,133,72,99,0,113,27,6,124,4,59,61"/><V25/><F134/><W16/><G113/><T46/><D2/><U22/><E69/><V118/><F118/><W84/><G72/><T14/><D29/><U74/><E34/><V24/><F3/><W64/><G133/><T54/><D109/><U26/><E36/><V102/><F1/><W23/><G124/><T92/><REACH who="0" step="1"/><D120/><REACH who="0" ten="150,330,170,340" step="2"/><U82/><E132/><V110/><F110/><W125/><G0/><T30/><D30/><U106/><E116/><V76/><REACH who="2" step="1"/><F102/><REACH who="2" ten="150,330,160,340" step="2"/><W37/><G125/><T38/><D38/><U51/><E101/><V85/><F85/><W81/><G37/><T97/><D97/><U17/><E74/><V73/><F73/><W119/><G99/><T115/><D115/><U100/><E114/><V65/><F65/><AGARI ba="0,2" hai="14,15,45,46,48,50,54,55,62,65,71,92,93,94" machi="65" ten="40,8000,1" yaku="1,1,9,1,53,2" doraHai="117" doraHaiUra="47" who="0" fromWho="2" sc="150,100,330,0,160,-80,340,0" /><INIT seed="3,0,0,1,1,53" ten="250,330,80,340" oya="3" hai0="19,83,94,120,93,88,103,44,116,114,62,126,29" hai1="135,7,10,1,41,72,52,122,74,117,104,115,43" hai2="5,67,31,17,40,6,66,96,60,21,49,100,76" hai3="90,99,102,73,65,22,98,57,46,42,68,81,24"/><W111/><G68/><T110/><D116/><U59/><E104/><V39/><F39/><W58/><G65/><T87/><D120/><U12/><E115/><V2/><F76/><W51/><G111/><T28/><D110/><U13/><E122/><V89/><F2/><W106/><G73/><T107/><D114/><U86/><E117/><V15/><F67/><W50/><G50/><T85/><D126/><U25/><E135/><V11/><F89/><W33/><G33/><T119/><D119/><U79/><E72/><V64/><F64/><W97/><G106/><T61/><D107/><U9/><E74/><V36/><F36/><W71/><G71/><T38/><D19/><N who="1" m="8591" /><E25/><V101/><F101/><W128/><G128/><T131/><D131/><U4/><E4/><V105/><F49/><W95/><G102/><T134/><D38/><U123/><E1/><V20/><F40/><N who="1" m="15433" /><E123/><V47/><F47/><W16/><G81/><T127/><D127/><U32/><E32/><V125/><F125/><W124/><G124/><T3/><D3/><U8/><E8/><V56/><F11/><W34/><G34/><T84/><D134/><U129/><E129/><V91/><F91/><W18/><G18/><T78/><D103/><U121/><E121/><V27/><REACH who="2" step="1"/><F105/><REACH who="2" ten="250,330,70,340" step="2"/><W23/><G90/><N who="0" m="53447" /><D44/><U69/><E69/><V35/><F35/><W14/><G95/><T45/><D45/><U37/><E37/><V112/><F112/><W130/><G130/><T48/><D48/><N who="1" m="31111" /><E79/><V30/><F30/><AGARI ba="0,1" hai="28,29,30,61,62,78,83,85,87,88,94" m="53447" machi="30" ten="30,2000,0" yaku="8,1,54,1" doraHai="53" who="0" fromWho="2" sc="250,30,330,0,70,-20,340,0" owari="280,-12.0,330,13.0,50,-45.0,340,44.0" /></mjloggm>