<mjloggm ver="2.3"><GO type="225" lobby="0"/><UN n0="%E3%81%A1%E3%82%85%E3%81%86%E3%81%A9%E3%81%8F%E8%B1%A1%E3%81%95%E3%82%93" n1="%E5%A4%96%E5%B7%9D%E7%AB%9C%E6%88%90" n2="%E7%89%B9%E6%9D%B1%E3%81%AF%E4%B8%96%E7%95%8C%E3%82%92%E6%95%91%E3%81%86" n3="%E3%81%A9%E3%82%8F%E3%82%93%E3%81%94" dan="17,16,16,16" rate="2145.44,2137.70,2176.47,2206.17" sx="M,M,M,M"/><TAIKYOKU oya="0"/><INIT seed="0,0,0,4,2,72" ten="250,250,250,250" oya="0" hai0="116,27,80,94,67,78,4,61,35,130,2,3,60" hai1="47,29,120,55,122,1,114,108,56,77,90,11,135" hai2="131,6,18,33,79,119,52,96,113,134,107,111,74" hai3="68,10,93,65,123,86,95,9,71,32,48,91,132"/><T42/><D116/><U83/><E108/><V121/><RYUUKYOKU type="yao9" ba="0,0" sc="250,0,250,0,250,0,250,0" hai2="6,18,33,52,74,79,96,107,111,113,119,121,131,134" /><INIT seed="0,1,0,1,0,107" ten="250,250,250,250" oya="0" hai0="22,7,98,71,44,84,37,26,35,45,36,76,85" hai1="109,30,53,104,61,1,23,73,74,58,78,31,125" hai2="96,132,17,4,21,97,13,29,41,123,99,92,115" hai3="62,46,110,63,131,19,2,112,33,114,68,0,42"/><T8/><D71/><U70/><E104/><V82/><F123/><W38/><G33/><T48/><D35/><U54/><E1/><V105/><F115/><W3/><G110/><T94/><D45/><U124/><E109/><V111/><F111/><W57/><G131/><T27/><D36/><U81/><E70/><V32/><F105/><W5/><G68/><T91/><D37/><U67/><E74/><V83/><F132/><W28/><G28/><T130/><D130/><U18/><E31/><V56/><F41/><W40/><G40/><T86/><D76/><U128/><E30/><V64/><F4/><W66/><G63/><T106/><D106/><U95/><E95/><V14/><F14/><W59/><G59/><T11/><D7/><U100/><E100/><V134/><F134/><W93/><G5/><T9/><REACH who="0" step="1"/><D22/><REACH who="0" ten="240,250,250,250" step="2"/><U89/><E128/><V87/><F32/><W101/><G114/><T135/><D135/><U24/><REACH who="1" step="1"/><E89/><REACH who="1" ten="240,240,250,250" step="2"/><N who="2" m="53311" /><F29/><W25/><G112/><T39/><D39/><U77/><E77/><V69/><F69/><W49/><G38/><T65/><D65/><U133/><E133/><V88/><F88/><W20/><G2/><T108/><D108/><U50/><E50/><V116/><F116/><W16/><G3/><T60/><D60/><AGARI ba="1,2" hai="13,17,21,56,60,64,82,83,96,97,99" m="53311" machi="60" ten="30,1000,0" yaku="8,1" doraHai="107" who="2" fromWho="0" sc="240,-13,240,0,250,33,250,0" /><INIT seed="1,0,0,0,4,98" ten="227,240,283,250" oya="1" hai0="0,77,64,124,113,99,131,122,44,26,16,115,97" hai1="7,107,1,75,53,63,62,117,110,78,116,104,125" hai2="83,55,60,85,118,81,32,94,31,45,12,58,129" hai3="135,123,8,88,10,59,80,56,21,73,119,86,34"/><U47/><E125/><V89/><F118/><W84/><G119/><T15/><D0/><U40/><E53/><V9/><F129/><W127/><G34/><T67/><D131/><U66/><E110/><V109/><F109/><W30/><G123/><T18/><D124/><U112/><E112/><V24/><REACH who="2" step="1"/><F45/><REACH who="2" ten="227,240,273,250" step="2"/><W111/><G111/><T103/><D44/><U134/><E47/><V3/><F3/><W102/><G127/><T101/><D122/><U65/><E1/><V22/><F22/><W14/><G21/><T93/><D115/><U79/><E134/><V28/><F28/><W132/><G30/><T6/><D113/><U37/><E116/><V76/><F76/><W92/><G135/><T4/><D77/><U54/><E117/><V11/><F11/><W38/><G132/><T29/><D29/><U35/><E35/><V96/><F96/><N who="3" m="59655" /><G10/><T72/><D72/><U17/><E75/><V114/><F114/><W106/><G73/><T52/><D26/><U70/><E79/><V61/><F61/><W68/><G8/><T36/><D36/><U108/><E63/><V5/><AGARI ba="0,1" hai="5,9,12,24,31,32,55,58,60,81,83,85,89,94" machi="5" ten="20,5200,0" yaku="1,1,0,1,7,1,53,1" doraHai="98" doraHaiUra="82" who="2" fromWho="2" sc="227,-13,240,-26,273,62,250,-13" /><INIT seed="2,0,0,4,4,10" ten="214,214,335,237" oya="2" hai0="126,6,134,119,13,38,75,77,54,81,45,0,65" hai1="104,21,84,121,52,111,68,74,132,122,66,85,19" hai2="24,130,48,106,62,61,22,124,44,82,63,2,58" hai3="59,32,71,37,69,76,135,98,113,16,116,94,46"/><V103/><F2/><W108/><G116/><T125/><D119/><U17/><E111/><V42/><F130/><W110/><G32/><T41/><D134/><U35/><E35/><V79/><F124/><N who="0" m="47722" /><D65/><U72/><E132/><V96/><F58/><W78/><G135/><T97/><D97/><U114/><E114/><V118/><F118/><W109/><G113/><T28/><D28/><U87/><E104/><V18/><REACH who="2" step="1"/><F62/><REACH who="2" ten="214,214,325,237" step="2"/><W90/><G59/><T107/><D107/><U105/><E105/><V60/><F60/><W127/><G127/><T1/><D54/><U56/><E52/><V123/><F123/><W91/><G71/><T15/><D0/><U27/><E56/><V89/><F89/><W53/><G69/><T34/><D34/><U9/><E68/><V95/><F95/><W7/><G91/><T20/><D20/><U80/><E66/><V3/><F3/><W49/><G110/><T39/><D39/><U70/><E70/><V100/><F100/><W23/><G37/><T36/><D38/><U50/><E50/><V43/><F43/><W29/><G109/><T11/><AGARI ba="0,1" hai="1,6,11,13,15,36,41,45,75,77,81" m="47722" machi="11" ten="30,7900,0" yaku="25,1,18,1,52,2" doraHai="10" who="0" fromWho="0" sc="214,89,214,-20,325,-39,237,-20" /><INIT seed="3,0,0,0,4,110" ten="303,194,286,217" oya="3" hai0="69,125,87,22,123,19,89,85,133,27,33,11,61" hai1="7,76,46,82,5,45,73,29,83,98,66,25,59" hai2="3,131,116,77,41,90,35,102,132,79,107,28,52" hai3="17,36,48,39,60,135,53,2,26,95,75,72,121"/><W67/><G121/><T49/><D123/><U47/><E98/><V94/><F3/><W18/><G2/><T38/><D38/><U8/><E83/><V32/><F41/><W105/><G105/><T103/><D33/><U68/><E68/><V6/><F6/><W30/><G39/><T81/><D11/><U4/><E66/><V51/><F116/><W31/><G36/><T92/><D133/><U101/><E101/><V118/><F118/><W23/><G135/><T62/><D125/><U115/><E59/><V88/><F132/><W70/><G31/><T111/><D111/><U126/><E126/><V37/><F37/><W86/><G75/><T129/><D129/><U63/><E63/><V119/><F131/><W124/><G72/><T120/><D120/><U56/><E56/><V106/><F102/><W127/><G86/><T104/><D69/><U40/><E115/><V112/><F90/><W50/><G50/><T42/><D104/><N who="2" m="39978" /><F112/><W13/><G95/><T0/><D0/><U71/><E71/><V96/><F119/><W113/><G113/><T74/><D74/><U65/><E65/><V109/><F109/><W44/><REACH who="3" step="1"/><G18/><REACH who="3" ten="303,194,286,207" step="2"/><T114/><D114/><U78/><E78/><N who="2" m="29707" /><F28/><W21/><AGARI ba="0,1" hai="13,17,21,23,26,30,44,48,53,60,67,70,124,127" machi="21" ten="30,3000,0" yaku="1,1,0,1,53,0" doraHai="110" doraHaiUra="130" who="3" fromWho="3" sc="303,-10,194,-10,286,-10,207,40" /><INIT seed="3,1,0,4,4,65" ten="293,184,276,247" oya="3" hai0="9,31,83,135,99,64,81,121,28,120,127,110,112" hai1="2,61,46,22,119,51,109,18,102,88,42,131,97" hai2="124,87,132,79,78,72,118,15,106,129,35,123,75" hai3="19,80,113,21,90,105,84,48,92,130,91,40,45"/><W58/><G130/><T59/><D110/><U125/><E109/><V13/><F35/><W111/><G113/><T62/><D135/><U126/><E131/><V107/><F129/><W82/><G105/><N who="2" m="39945" /><F87/><W53/><G91/><T14/><D112/><U12/><E2/><V47/><F47/><W56/><G111/><T96/><D127/><N who="1" m="48651" /><E119/><V128/><F128/><W10/><G10/><T6/><D120/><U60/><E102/><V77/><F124/><W34/><G34/><T16/><D121/><U93/><AGARI ba="1,0" hai="12,18,22,42,46,51,60,61,88,93,97" m="48651" machi="93" ten="30,2000,0" yaku="18,1,54,1" doraHai="65" who="1" fromWho="1" sc="293,-6,184,23,276,-6,247,-11" /><INIT seed="4,0,0,1,0,15" ten="287,207,270,236" oya="0" hai0="34,92,23,1,84,33,46,105,107,115,9,57,71" hai1="117,40,18,29,133,114,56,91,79,95,100,74,28" hai2="87,109,4,50,14,24,36,3,5,58,130,41,126" hai3="53,49,7,12,80,27,39,62,94,2,45,101,78"/><T118/><D118/><U16/><E117/><V69/><F109/><W119/><G119/><T21/><D71/><U66/><E133/><V98/><F69/><W81/><G2/><T61/><D46/><U6/><E114/><V127/><F3/><W82/><G39/><T85/><D1/><U22/><E74/><V111/><F36/><W65/><G27/><T103/><D9/><U116/><E116/><V73/><F73/><W89/><G101/><T20/><D115/><U120/><E120/><V99/><F111/><W31/><G31/><N who="1" m="11850" /><E79/><V96/><F130/><W72/><G7/><T64/><D85/><N who="1" m="52719" /><E40/><V129/><F24/><W63/><G12/><T90/><REACH who="0" step="1"/><D103/><REACH who="0" ten="277,207,270,236" step="2"/><U42/><E100/><V25/><F87/><W11/><G11/><T106/><AGARI ba="0,1" hai="20,21,23,33,34,57,61,64,84,90,92,105,106,107" machi="106" ten="40,7800,0" yaku="1,1,2,1,0,1,53,0" doraHai="15" doraHaiUra="97" who="0" fromWho="0" sc="277,88,207,-26,270,-26,236,-26" owari="365,46.5,181,-31.9,244,4.4,210,-19.0" /></mjloggm>