<mjloggm ver="2.3"><GO type="225" lobby="0"/><UN n0="%63%68%78%62%64" n1="%E5%87%BA%E6%B0%B4" n2="%E5%A4%9C%E5%85%89%E5%A4%A9%E6%A5%BC" n3="%E3%83%8F%E3%83%B3%E3%83%89%E3%83%A9%E3%83%BC%E3%83%BB%E3%83%AF%E3%83%B3" dan="16,16,17,17" rate="2139.67,2097.25,2152.34,2187.55" sx="M,F,M,M"/><TAIKYOKU oya="0"/><INIT seed="0,0,0,4,1,50" ten="250,250,250,250" oya="0" hai0="34,134,100,46,39,17,29,37,44,45,19,98,40" hai1="81,110,26,91,18,22,59,4,111,75,31,10,129" hai2="5,21,57,95,43,82,35,14,132,32,72,24,3" hai3="101,41,117,123,70,80,25,23,12,28,15,71,114"/><T63/><D134/><U120/><E120/><V119/><F132/><W65/><G114/><T99/><D34/><U105/><E105/><V103/><F3/><W97/><G117/><T88/><D29/><U60/><E129/><V61/><F43/><W58/><G123/><T30/><D30/><U102/><E102/><V109/><F119/><W11/><G41/><T108/><D108/><U121/><E121/><V94/><F109/><N who="1" m="41481" /><E75/><V126/><F32/><W92/><G80/><T66/><D40/><U9/><E31/><N who="2" m="17807" /><F72/><W84/><G84/><T104/><D37/><U130/><E130/><V125/><F82/><W8/><G8/><T79/><D79/><U64/><E4/><V13/><F103/><W27/><G27/><T96/><D39/><U52/><E64/><N who="2" m="38959" /><F5/><N who="3" m="3183" /><G15/><N who="2" m="5641" /><F35/><W48/><G71/><T107/><D98/><U62/><E62/><V2/><F2/><W6/><G70/><T112/><D112/><U115/><E115/><V69/><F69/><W68/><G68/><T74/><D74/><U49/><E60/><V51/><F51/><W135/><G135/><T20/><D107/><U89/><E81/><V124/><AGARI ba="0,0" hai="94,95,124,125,126" m="5641,38959,17807" machi="124" ten="40,1500,0" yaku="18,1" doraHai="50" who="2" fromWho="2" sc="250,-7,250,-4,250,15,250,-4" /><INIT seed="1,0,0,4,0,74" ten="243,246,265,246" oya="1" hai0="25,6,63,65,36,24,9,97,90,13,22,114,30" hai1="59,108,117,100,66,76,119,96,86,93,105,56,18" hai2="122,69,45,7,4,62,23,81,46,33,110,40,3" hai3="42,17,113,85,1,80,12,55,115,27,15,20,94"/><U73/><E18/><V70/><F122/><W8/><G1/><T101/><D36/><U52/><E108/><V61/><F33/><W99/><G42/><T129/><D114/><U0/><E0/><V71/><F3/><W88/><G55/><T87/><D129/><U107/><E66/><V41/><F23/><W82/><G82/><T124/><D124/><U48/><E59/><V21/><F21/><W128/><G15/><T54/><D25/><U78/><E107/><V134/><F81/><W57/><G57/><T47/><D54/><U37/><E37/><V135/><REACH who="2" step="1"/><F71/><REACH who="2" ten="243,246,255,246" step="2"/><W28/><REACH who="3" step="1"/><G128/><REACH who="3" ten="243,246,255,236" step="2"/><T111/><D111/><AGARI ba="0,2" hai="4,7,40,41,45,46,61,62,69,70,110,111,134,135" machi="111" ten="25,6400,0" yaku="1,1,2,1,22,2,53,0" doraHai="74" doraHaiUra="29" who="2" fromWho="0" sc="243,-64,246,0,255,84,236,0" /><INIT seed="2,0,0,3,5,133" ten="179,246,339,236" oya="2" hai0="35,112,29,19,33,16,15,50,127,119,2,57,51" hai1="23,24,25,17,80,52,105,88,65,53,78,71,6" hai2="60,64,9,42,13,18,32,21,94,58,38,67,85" hai3="7,54,48,61,77,44,110,98,70,49,103,96,106"/><V134/><F32/><W100/><G110/><T122/><D112/><U90/><E105/><V121/><F121/><W111/><G111/><T107/><D122/><U87/><E6/><N who="2" m="3255" /><F38/><W108/><G108/><T5/><D107/><U116/><E116/><V43/><F67/><W1/><G77/><T11/><D127/><U86/><E71/><V129/><F129/><W79/><G79/><T8/><D119/><U76/><E65/><V97/><F85/><W40/><G70/><T14/><D57/><U45/><E25/><N who="2" m="14519" /><F134/><W55/><G61/><T10/><D51/><N who="1" m="28783" /><E53/><V113/><F113/><W68/><G68/><T63/><D63/><U92/><AGARI ba="0,0" hai="17,23,24,76,78,80,86,87,88,90,92" m="28783" machi="92" ten="30,4000,0" yaku="8,1,54,2" doraHai="133" who="1" fromWho="1" sc="179,-10,246,40,339,-20,236,-10" /><INIT seed="3,0,0,3,5,111" ten="169,286,319,226" oya="3" hai0="78,114,55,77,79,56,30,132,24,2,17,81,25" hai1="62,43,27,53,26,5,83,50,121,115,0,32,54" hai2="122,4,7,38,109,98,89,75,72,107,23,70,90" hai3="29,93,58,96,120,35,49,102,11,31,39,133,76"/><W65/><G120/><T20/><D2/><U61/><E121/><V92/><F122/><W95/><G39/><T3/><D3/><U110/><E110/><V88/><F109/><W130/><G130/><T97/><D132/><U73/><E43/><V119/><F119/><W126/><G133/><T135/><D135/><U48/><E83/><V129/><F38/><W16/><G35/><T68/><D68/><U128/><E5/><N who="2" m="2123" /><F107/><W44/><G76/><T94/><D114/><U103/><E103/><N who="2" m="60871" /><F72/><W100/><G126/><T57/><D81/><U86/><E86/><V18/><F75/><W134/><G134/><T60/><D56/><U15/><E15/><N who="2" m="9695" /><F70/><W66/><G95/><T12/><REACH who="0" step="1"/><D30/><REACH who="0" ten="159,286,319,226" step="2"/><U116/><E115/><V19/><F129/><W71/><G71/><T51/><D51/><U14/><E48/><V45/><F19/><W127/><G58/><T64/><D64/><U85/><E0/><V33/><F33/><W1/><G1/><T8/><D8/><U63/><E32/><V124/><F124/><W101/><G127/><T108/><D108/><U28/><E28/><N who="3" m="10826" /><G65/><T67/><D67/><U125/><E125/><V22/><F22/><W21/><G11/><T37/><D37/><U36/><E36/><V104/><F104/><W52/><G66/><T46/><D46/><AGARI ba="0,1" hai="45,46,88,89,90" m="9695,60871,2123" machi="46" ten="30,2000,0" yaku="8,1,54,1" doraHai="111" who="2" fromWho="0" sc="159,-20,286,0,319,30,226,0" owari="139,-36.1,286,8.6,349,44.9,226,-17.4" /></mjloggm>