<mjloggm ver="2.3"><GO type="225" lobby="0"/><UN n0="%72%69%6F%75%63%68%61%6E" n1="%2D%E8%B1%8A%E5%8F%A3%E3%82%81%E3%81%90%E3%81%BF%2D" n2="%E3%81%B5%E3%81%98%E3%81%8B%E3%81%A4" n3="%E3%81%8B%E3%82%8F%E3%81%A1%E3%82%83%E3%82%93%35%38" dan="16,16,16,16" rate="2143.72,2108.27,2157.78,2153.63" sx="M,F,M,M"/><TAIKYOKU oya="0"/><INIT seed="0,0,0,3,3,3" ten="250,250,250,250" oya="0" hai0="129,99,23,68,51,92,131,128,90,17,86,42,22" hai1="13,56,53,10,110,4,41,8,64,111,72,106,16" hai2="87,11,120,63,15,81,47,115,25,78,29,122,84" hai3="113,46,77,48,32,14,1,109,39,75,69,49,121"/><T89/><D68/><U93/><E106/><V119/><F115/><W108/><G77/><T12/><D42/><U100/><E72/><V80/><F119/><W6/><G75/><T62/><D62/><U104/><E104/><V118/><F63/><W36/><G32/><T38/><D38/><N who="3" m="14377" /><G14/><T31/><D51/><N who="3" m="19529" /><G6/><T24/><REACH who="0" step="1"/><D86/><REACH who="0" ten="240,250,250,250" step="2"/><U116/><E41/><V94/><F118/><W74/><G69/><T61/><D61/><U73/><E73/><V54/><F87/><W2/><G74/><T50/><D50/><U37/><E37/><V58/><F84/><W126/><G46/><T9/><D9/><U117/><E117/><V59/><F47/><W88/><G113/><T34/><D34/><U60/><E116/><V134/><F11/><W96/><G109/><N who="1" m="41482" /><E64/><V79/><F122/><W125/><G108/><T98/><D98/><N who="1" m="59471" /><E10/><V127/><F120/><W43/><G121/><T85/><D85/><U112/><E112/><V20/><F20/><W67/><G43/><T107/><D107/><U33/><E33/><V35/><F35/><W123/><G123/><T102/><AGARI ba="0,1" hai="12,17,22,23,24,31,89,90,92,99,102,128,129,131" machi="102" ten="30,11700,0" yaku="1,1,0,1,19,1,53,1" doraHai="3" doraHaiUra="26" who="0" fromWho="0" sc="240,127,250,-39,250,-39,250,-39" /><INIT seed="0,1,0,0,3,51" ten="367,211,211,211" oya="0" hai0="89,29,135,61,78,124,95,34,15,106,9,28,130" hai1="7,132,38,79,27,110,80,71,18,107,54,22,92" hai2="55,49,58,102,66,112,111,13,117,0,24,37,125" hai3="97,3,39,85,64,23,43,40,121,52,75,26,87"/><T122/><D122/><U1/><E107/><V63/><F112/><W46/><G75/><T101/><D124/><U116/><E116/><V42/><F125/><W5/><G121/><T30/><D130/><U96/><E110/><V99/><F117/><W72/><G72/><T119/><D135/><U68/><E38/><V36/><F111/><W41/><G64/><T57/><D119/><U91/><E132/><V98/><F0/><W31/><G39/><T14/><D78/><U25/><E25/><V131/><F131/><W2/><G97/><T70/><D70/><U74/><E7/><V129/><F129/><W50/><REACH who="3" step="1"/><G5/><REACH who="3" ten="367,211,211,201" step="2"/><T35/><D106/><U94/><E1/><AGARI ba="1,1" hai="1,2,3,23,26,31,40,41,43,46,50,52,85,87" machi="1" ten="40,8000,1" yaku="1,1,2,1,52,1,54,1,53,0" doraHai="51" doraHaiUra="109" who="3" fromWho="1" sc="367,0,211,-83,211,0,201,93" /><INIT seed="1,0,0,0,2,0" ten="367,128,211,294" oya="1" hai0="130,82,97,119,16,120,126,26,99,15,122,70,51" hai1="116,10,48,101,121,37,5,89,104,84,46,19,117" hai2="129,1,8,24,33,108,94,109,35,132,59,67,61" hai3="114,77,12,66,22,17,115,64,52,29,53,86,23"/><U13/><E121/><N who="0" m="46697" /><D70/><U111/><E37/><V92/><F132/><W4/><G115/><T80/><D119/><U83/><E111/><N who="2" m="42571" /><F129/><W135/><G135/><T9/><D130/><U73/><E73/><V43/><F43/><W71/><G114/><T113/><D126/><U7/><E101/><V36/><F36/><W58/><G71/><T55/><D113/><U32/><E104/><V81/><F81/><N who="0" m="31338" /><D26/><U6/><REACH who="1" step="1"/><E32/><REACH who="1" ten="367,118,211,294" step="2"/><V88/><F35/><W105/><G105/><T95/><D95/><U31/><E31/><N who="2" m="19687" /><F94/><W11/><G29/><T124/><D124/><U50/><E50/><V56/><F92/><W20/><G77/><T60/><D60/><U74/><E74/><V28/><F28/><W100/><G100/><T63/><D63/><U45/><E45/><AGARI ba="0,1" hai="9,15,16,45,51,55,97,99" m="31338,46697" machi="45" ten="30,2000,0" yaku="13,1,54,1" doraHai="0" who="0" fromWho="1" sc="367,30,118,-20,211,0,294,0" /><INIT seed="2,0,0,3,0,17" ten="397,98,211,294" oya="2" hai0="130,100,131,0,117,84,112,104,38,115,87,3,16" hai1="31,123,71,80,134,75,108,60,43,125,48,30,135" hai2="92,101,67,37,128,111,113,19,65,57,13,33,41" hai3="105,132,64,34,89,129,99,85,103,51,20,133,42"/><V23/><F113/><N who="0" m="43594" /><D38/><U78/><E108/><V49/><F111/><W77/><G34/><T76/><D76/><U55/><E125/><V118/><F33/><W21/><G129/><N who="0" m="49163" /><D117/><U79/><E79/><V83/><F128/><W5/><G5/><T70/><D70/><U93/><E123/><V110/><F118/><W47/><G77/><T109/><D109/><U1/><E1/><N who="0" m="585" /><D16/><U127/><E127/><V46/><F110/><W97/><G97/><AGARI ba="0,0" hai="84,87,97,100,104" m="585,49163,43594" machi="97" ten="40,1300,0" yaku="19,1" doraHai="17" who="0" fromWho="3" sc="397,13,98,0,211,0,294,-13" /><INIT seed="3,0,0,1,2,130" ten="410,98,211,281" oya="3" hai0="5,20,80,112,115,128,77,94,48,33,9,110,92" hai1="17,85,21,84,40,3,79,78,6,8,108,125,121" hai2="106,42,102,131,23,43,61,127,97,111,91,41,66" hai3="12,107,19,118,34,24,134,72,90,28,75,89,60"/><W36/><G118/><T98/><D33/><U30/><E121/><V29/><F131/><W46/><G107/><T104/><D110/><U13/><E108/><V49/><F127/><W114/><G114/><N who="0" m="43563" /><D128/><U22/><E125/><V132/><F111/><W133/><G60/><T73/><D20/><U69/><E69/><V113/><F113/><W83/><G46/><T1/><D48/><U27/><E85/><V76/><F49/><W25/><G36/><T55/><D55/><U109/><E109/><V44/><F44/><W82/><G12/><T129/><D129/><U54/><E40/><V37/><F76/><W67/><G19/><T63/><D63/><U88/><E54/><V10/><F91/><W120/><G67/><T135/><D135/><N who="3" m="51721" /><G120/><T117/><D117/><U2/><E2/><V18/><F37/><W16/><G83/><T26/><D26/><U53/><E53/><V11/><F61/><W116/><G116/><T122/><D122/><U64/><E64/><V71/><F66/><W15/><G25/><T99/><D99/><U105/><E105/><V96/><F132/><W32/><G32/><T74/><D74/><N who="3" m="28201" /><G82/><T62/><D62/><U126/><REACH who="1" step="1"/><E126/><REACH who="1" ten="410,88,211,281" step="2"/><V7/><F71/><W87/><G87/><T65/><D65/><U119/><E119/><V14/><F106/><W50/><G50/><T35/><D35/><U101/><E101/><AGARI ba="0,1" hai="1,5,9,73,77,80,92,94,98,101,104" m="43563" machi="101" ten="30,1000,0" yaku="11,1" doraHai="130" who="0" fromWho="1" sc="410,20,88,-10,211,0,281,0" owari="430,53.0,78,-42.2,211,-18.9,281,8.1" /></mjloggm>