<mjloggm ver="2.3"><GO type="225" lobby="0"/><UN n0="%72%65%6E%6B%75%6E" n1="%4C%4F%4C%49%54%41" n2="%E3%81%B5%E3%81%98%E3%81%8B%E3%81%A4" n3="%E5%B5%90%E9%9B%B2%E3%81%AE%E3%82%AB%E3%83%A9%E3%82%B9" dan="17,16,16,16" rate="2212.72,2157.62,2114.52,2073.06" sx="M,F,M,F"/><TAIKYOKU oya="0"/><INIT seed="0,0,0,2,2,71" ten="250,250,250,250" oya="0" hai0="119,16,70,31,86,118,110,1,116,85,19,127,59" hai1="48,115,60,122,22,102,91,66,28,130,61,92,49" hai2="77,95,18,93,57,80,42,45,125,89,124,133,129" hai3="55,26,84,4,97,44,17,68,132,53,10,54,36"/><T23/><D70/><U6/><E122/><V117/><F117/><W56/><G68/><T90/><D1/><U47/><E130/><V74/><F57/><W76/><G132/><T58/><D127/><N who="2" m="48714" /><F18/><W52/><G97/><T114/><D114/><U39/><E115/><V73/><F129/><W88/><G76/><T94/><D110/><U111/><E111/><V30/><F30/><W103/><G103/><T126/><D126/><U34/><E34/><V81/><F133/><W96/><G96/><T9/><D31/><U134/><E6/><V3/><F3/><W64/><G36/><T75/><D75/><N who="2" m="28682" /><F77/><W0/><G64/><T8/><D86/><U108/><E66/><V87/><F45/><W107/><G107/><T65/><D19/><U79/><E79/><V98/><F42/><W14/><G26/><T106/><D106/><U37/><E47/><V15/><F15/><W13/><G44/><T40/><D40/><U131/><E131/><V123/><F123/><W109/><G109/><T113/><D113/><U24/><E24/><V101/><AGARI ba="0,0" hai="80,81,87,89,93,95,98,101" m="28682,48714" machi="101" ten="30,4000,0" yaku="18,1,34,2" doraHai="71" who="2" fromWho="2" sc="250,-20,250,-10,250,40,250,-10" /><INIT seed="1,0,0,1,2,86" ten="230,240,290,240" oya="1" hai0="22,5,40,101,48,115,27,17,91,81,47,78,123" hai1="10,112,90,29,49,33,35,14,6,128,119,99,2" hai2="25,133,20,108,3,96,34,42,109,23,89,56,55" hai3="132,107,43,125,41,104,134,50,61,13,84,72,15"/><U102/><E112/><V127/><F3/><W67/><G72/><T105/><D115/><U1/><E119/><V83/><F42/><N who="3" m="15883" /><G50/><T100/><D123/><U18/><E128/><V62/><F127/><W75/><G75/><T36/><D105/><N who="3" m="40521" /><G84/><T74/><D5/><U131/><E131/><V59/><F133/><N who="3" m="51307" /><G125/><T7/><D48/><U76/><E49/><N who="2" m="30831" /><F34/><W113/><G113/><T130/><D130/><U19/><E35/><V68/><F68/><AGARI ba="0,0" hai="13,15,61,67,68" m="51307,40521,15883" machi="68" ten="30,1000,0" yaku="20,1" doraHai="86" who="3" fromWho="2" sc="230,0,240,0,290,-10,240,10" /><INIT seed="2,0,0,5,1,101" ten="230,240,280,250" oya="2" hai0="8,132,46,74,99,48,2,5,30,81,72,97,10" hai1="96,103,75,80,0,41,112,15,108,49,78,129,19" hai2="133,26,29,63,42,107,82,47,120,32,17,95,9" hai3="43,60,38,70,6,126,64,134,35,73,53,24,51"/><V100/><F120/><W91/><G73/><T45/><D132/><U124/><E112/><V65/><F133/><W113/><G134/><T83/><D30/><U12/><E0/><V55/><F55/><W56/><G113/><T98/><D10/><U115/><E115/><V105/><F82/><W62/><G6/><T67/><D67/><U3/><E3/><V123/><F123/><W66/><G91/><T14/><D2/><U25/><E108/><V13/><F95/><W125/><G24/><T44/><REACH who="0" step="1"/><D48/><REACH who="0" ten="220,240,280,250" step="2"/><U93/><E49/><V16/><F17/><W79/><G35/><T102/><D102/><U111/><E19/><V39/><F100/><W36/><G79/><T77/><D77/><U131/><E103/><V104/><F104/><W127/><REACH who="3" step="1"/><G43/><REACH who="3" ten="220,240,280,240" step="2"/><T21/><D21/><U118/><E41/><V11/><F11/><W40/><G40/><T76/><D76/><U50/><E78/><V92/><F92/><W54/><G54/><T59/><D59/><AGARI ba="0,2" hai="9,13,16,26,29,32,39,42,47,59,63,65,105,107" machi="59" ten="30,11600,0" yaku="7,1,52,2,54,1" doraHai="101" who="2" fromWho="0" sc="220,-116,240,0,280,136,240,0" /><AGARI ba="0,0" hai="36,38,51,53,56,59,60,62,64,66,70,125,126,127" machi="59" ten="40,8000,1" yaku="1,1,18,1,34,3,53,0" doraHai="101" doraHaiUra="22" who="3" fromWho="0" sc="104,-80,240,0,416,0,240,80" /><INIT seed="2,1,0,0,0,59" ten="24,240,416,320" oya="2" hai0="85,131,57,103,1,106,51,79,109,108,107,21,121" hai1="129,125,42,11,2,19,49,40,115,90,62,81,31" hai2="29,41,76,122,82,36,14,16,77,123,113,61,43" hai3="126,58,127,23,75,8,38,67,110,28,68,46,134"/><V17/><F113/><W33/><G75/><T26/><D51/><U120/><E115/><V128/><F128/><W100/><G110/><T114/><D57/><U10/><E129/><V15/><F29/><W45/><G100/><T0/><D21/><U60/><E2/><V63/><F82/><W64/><G33/><T9/><D9/><N who="1" m="3083" /><E31/><V34/><F34/><W37/><G134/><T54/><D114/><U74/><E74/><V102/><F102/><W69/><G8/><T118/><D103/><U89/><E125/><V3/><F3/><W22/><G58/><T124/><D131/><U94/><E120/><V135/><REACH who="2" step="1"/><F36/><REACH who="2" ten="24,240,406,320" step="2"/><W72/><G72/><T117/><D121/><U52/><E81/><V104/><F104/><W20/><G28/><T86/><D79/><U30/><E30/><V101/><F101/><W66/><G37/><T55/><REACH who="0" step="1"/><D26/><REACH who="0" ten="14,240,406,320" step="2"/><U119/><E89/><V35/><F35/><W47/><G38/><T4/><D4/><U80/><E90/><V73/><F73/><W39/><G39/><T78/><D78/><U7/><E7/><V56/><F56/><W91/><G91/><T44/><D44/><U105/><E40/><V97/><F97/><W32/><G32/><T93/><D93/><U6/><E42/><V130/><F130/><W96/><G96/><T83/><D83/><U71/><E80/><V12/><F12/><W133/><G133/><AGARI ba="1,2" hai="14,15,16,17,41,43,61,63,76,77,122,123,133,135" machi="133" ten="25,18000,2" yaku="1,1,22,2,52,2,54,1,53,0" doraHai="59" doraHaiUra="70" who="2" fromWho="3" sc="14,0,240,0,406,203,320,-183" /><INIT seed="2,2,0,0,4,77" ten="14,240,609,137" oya="2" hai0="111,86,131,99,48,87,91,83,36,4,117,98,28" hai1="26,42,44,15,57,85,20,74,52,11,72,95,58" hai2="76,108,6,56,50,2,109,41,37,61,134,65,69" hai3="121,49,53,64,116,22,7,94,66,78,79,31,25"/><V27/><F76/><N who="3" m="29227" /><G116/><T135/><D36/><U80/><E58/><V89/><F89/><W3/><G3/><T46/><D117/><U130/><E130/><V45/><F27/><W17/><G7/><T122/><D122/><U125/><E125/><V129/><F6/><W104/><G104/><T132/><D131/><U51/><E95/><V127/><F2/><W30/><G94/><T107/><D4/><U112/><E112/><V34/><F34/><W75/><G75/><T43/><D111/><N who="2" m="42570" /><F129/><W29/><G121/><T123/><D123/><U60/><E85/><V71/><F134/><N who="0" m="51242" /><D107/><U63/><E80/><V92/><F92/><W115/><G115/><T67/><D67/><U81/><E81/><V128/><F128/><W5/><G5/><T106/><D86/><U35/><E35/><V39/><F127/><W18/><G18/><T96/><D28/><N who="3" m="7169" /><W113/><DORA hai="70" /><G113/><T0/><D0/><U82/><E72/><V16/><F16/><W10/><G10/><T47/><D106/><U93/><E74/><V40/><F40/><W102/><G102/><T54/><D96/><U8/><E8/><V19/><F19/><W59/><AGARI ba="2,0" hai="17,22,25,49,53,59,64,66" m="7169,29227" machi="59" ten="40,1500,0" yaku="8,1" doraHai="77,70" who="3" fromWho="3" sc="14,-6,240,-6,609,-9,137,21" /><INIT seed="3,0,0,3,1,98" ten="8,234,600,158" oya="3" hai0="123,28,76,105,79,11,100,71,50,37,134,64,88" hai1="70,106,65,20,108,91,7,89,90,115,87,125,127" hai2="84,86,36,63,121,48,9,8,117,116,55,39,42" hai3="21,96,81,26,111,40,44,43,60,78,73,22,126"/><W101/><G126/><N who="1" m="48138" /><E115/><V23/><F63/><W46/><G111/><T113/><D37/><U82/><E108/><V27/><F121/><W94/><G60/><T85/><D85/><U6/><E106/><V110/><F110/><W75/><G75/><T58/><D58/><U114/><E114/><V34/><F34/><W122/><G122/><T19/><D19/><U16/><E65/><V129/><F129/><W69/><G69/><T3/><D3/><U31/><E31/><V12/><F42/><W128/><G128/><T14/><D14/><N who="1" m="9239" /><E70/><V56/><F9/><W13/><G13/><T72/><D72/><U97/><E97/><V66/><F39/><W38/><REACH who="3" step="1"/><G26/><REACH who="3" ten="8,234,600,148" step="2"/><T131/><D131/><U61/><E61/><V133/><F27/><W18/><G18/><T120/><D71/><U93/><E93/><V135/><F117/><W51/><AGARI ba="0,1" hai="21,22,38,40,43,44,46,51,73,78,81,94,96,101" machi="51" ten="20,7800,0" yaku="1,1,0,1,7,1,52,1,53,0" doraHai="98" doraHaiUra="30" who="3" fromWho="3" sc="8,-26,234,-26,600,-26,148,88" owari="-18,-51.8,208,-19.2,574,67.4,236,3.6" /></mjloggm>