<mjloggm ver="2.3"><GO type="225" lobby="0"/><UN n0="%E6%98%A5%E3%81%AE%E3%81%8B%E3%81%91%E3%82%89" n1="%E3%82%B7%E3%83%B3%E5%A4%AA%E6%9C%97" n2="%72%69%6F%75%63%68%61%6E" n3="%4E%49%4A%49%49%52%4F" dan="16,16,17,16" rate="2068.71,2154.01,2174.34,2182.27" sx="F,M,M,M"/><TAIKYOKU oya="0"/><INIT seed="0,0,0,3,5,60" ten="250,250,250,250" oya="0" hai0="105,115,31,54,70,28,29,86,55,74,121,79,37" hai1="99,106,26,122,49,89,52,132,104,92,36,84,72" hai2="58,83,23,102,73,8,76,33,61,18,22,1,118" hai3="134,10,34,17,5,44,25,123,66,45,11,0,68"/><T82/><D115/><U110/><E122/><V97/><F33/><W98/><G123/><T7/><D121/><U46/><E110/><V119/><F1/><W103/><G134/><T30/><N who="0" m="7168" /><DORA hai="120" /><T57/><D70/><U35/><E35/><V87/><F73/><W48/><G34/><T81/><D105/><U95/><E26/><V129/><F129/><W42/><G44/><T93/><D37/><U15/><E72/><V12/><F119/><W4/><G17/><T43/><D43/><U100/><E132/><V126/><F126/><W88/><G25/><T14/><D93/><U41/><REACH who="1" step="1"/><E15/><REACH who="1" ten="250,240,250,250" step="2"/><V13/><F118/><W38/><G0/><T130/><D130/><U63/><E63/><V32/><F32/><W111/><G111/><T2/><D2/><U78/><E78/><V90/><F76/><W53/><G5/><T71/><D7/><U65/><E65/><V112/><F112/><W114/><G66/><T24/><D24/><U16/><E16/><V116/><F116/><W59/><G4/><T50/><D14/><U109/><E109/><V107/><REACH who="2" step="1"/><F13/><REACH who="2" ten="250,240,240,250" step="2"/><W133/><G114/><T67/><D74/><U69/><E69/><V9/><F9/><W101/><G10/><T85/><D79/><U20/><E20/><V91/><F91/><W40/><G68/><T108/><D108/><U75/><E75/><V113/><F113/><W94/><G11/><T47/><D71/><U6/><E6/><V21/><F21/><W127/><G133/><T77/><D77/><U56/><AGARI ba="0,2" hai="36,41,46,49,52,56,84,89,92,95,99,100,104,106" machi="56" ten="20,8000,1" yaku="1,1,0,1,7,1,54,1,53,1" doraHai="60,120" doraHaiUra="128,39" who="1" fromWho="1" sc="250,-40,240,100,240,-20,250,-20" /><INIT seed="1,0,0,1,1,129" ten="210,340,220,230" oya="1" hai0="63,17,4,62,70,99,28,6,75,130,56,68,58" hai1="101,8,1,93,42,34,97,114,92,112,133,35,39" hai2="73,52,53,91,82,51,33,94,38,64,131,69,54" hai3="118,7,81,67,95,108,10,25,121,21,22,60,111"/><U48/><E39/><V40/><F131/><W83/><G121/><T135/><D130/><U72/><E72/><V120/><F120/><W61/><G118/><T2/><D75/><U50/><E42/><V55/><F33/><W107/><G107/><T113/><D113/><U59/><E59/><N who="2" m="33183" /><F82/><N who="3" m="31243" /><G95/><T127/><D127/><U27/><E27/><V65/><F73/><W49/><G49/><T66/><D28/><U90/><E8/><V109/><F109/><N who="3" m="42059" /><G25/><T46/><D46/><U125/><E1/><V20/><F20/><N who="3" m="7787" /><G67/><N who="2" m="25673" /><F94/><W79/><G79/><T119/><D119/><U78/><E78/><V45/><F91/><W43/><G43/><T123/><D123/><U12/><E90/><V19/><F19/><W116/><G116/><T9/><D2/><AGARI ba="0,0" hai="2,7,10,60,61" m="7787,42059,31243" machi="2" ten="30,1000,0" yaku="14,1" doraHai="129" who="3" fromWho="0" sc="210,-10,340,0,220,0,230,10" /><INIT seed="2,0,0,2,0,20" ten="200,340,220,240" oya="2" hai0="72,22,45,70,83,4,82,114,94,21,24,12,49" hai1="51,108,15,53,44,98,48,119,67,90,77,63,36" hai2="28,57,78,117,97,0,62,25,58,123,88,37,26" hai3="111,135,35,130,46,120,50,73,81,124,133,106,52"/><V9/><F117/><W84/><G120/><T32/><D114/><U69/><E119/><V13/><F123/><W127/><G111/><T89/><D70/><U55/><E77/><V54/><F0/><W74/><G35/><T11/><D32/><U29/><E108/><V27/><F37/><W33/><G33/><T87/><D72/><N who="3" m="27753" /><G106/><T104/><D22/><U38/><E29/><V121/><F121/><W34/><G34/><T85/><D85/><U112/><E15/><V40/><F40/><W96/><G96/><T118/><D104/><U64/><E112/><V109/><F109/><W60/><G60/><T91/><D91/><U39/><E90/><V31/><F78/><N who="3" m="46135" /><G130/><T7/><D7/><U105/><E98/><V19/><F58/><W92/><G92/><AGARI ba="0,0" hai="9,13,19,25,26,27,28,31,54,57,62,88,92,97" machi="92" ten="40,12000,1" yaku="8,1,52,3,54,1" doraHai="20" who="2" fromWho="3" sc="200,0,340,0,220,120,240,-120" /><INIT seed="2,1,0,1,1,22" ten="200,340,340,120" oya="2" hai0="4,20,129,0,135,77,7,114,26,51,124,81,116" hai1="65,103,73,41,9,117,8,39,10,64,131,83,44" hai2="118,128,74,18,80,86,82,27,127,90,115,13,31" hai3="16,28,68,84,113,100,23,106,105,52,107,46,67"/><V97/><F115/><W134/><G134/><T59/><D114/><U29/><E117/><V54/><F118/><W79/><G113/><T47/><D116/><U69/><E131/><V72/><F127/><W89/><G79/><T17/><D135/><U66/><E103/><V75/><F128/><W40/><G100/><T12/><D129/><U123/><E123/><V122/><F122/><W119/><G28/><T6/><D124/><U57/><E29/><V11/><F97/><W15/><G119/><T30/><D0/><U1/><E57/><V120/><F120/><W102/><G102/><T21/><D59/><U85/><E69/><V88/><F54/><W92/><G68/><T104/><D104/><U93/><E93/><V130/><F130/><W61/><G67/><T125/><D125/><U43/><E43/><V49/><F49/><W45/><REACH who="3" step="1"/><G40/><REACH who="3" ten="200,340,340,110" step="2"/><T3/><D3/><U126/><E126/><V76/><REACH who="2" step="1"/><F90/><REACH who="2" ten="200,340,330,110" step="2"/><W70/><G70/><T5/><N who="0" m="1024" /><DORA hai="25" /><T56/><D77/><U110/><E1/><V111/><F111/><W35/><G35/><AGARI ba="1,2" hai="11,13,18,27,31,35,72,74,75,76,80,82,86,88" machi="35" ten="30,12000,1" yaku="1,1,7,1,52,2,54,1,53,0" doraHai="22,25" doraHaiUra="132,60" who="2" fromWho="3" sc="200,0,340,0,330,143,110,-123" owari="200,-20.0,340,14.0,473,57.3,-13,-51.3" /></mjloggm>