<mjloggm ver="2.3"><GO type="225" lobby="0"/><UN n0="%E3%81%82%E3%81%B9%E3%81%99%E3%81%91" n1="%4C%4F%4C%49%54%41" n2="%E3%82%BC%E3%83%AB%E3%83%80%E3%81%AE%E4%BC%9D%E8%AA%AC" n3="%E3%81%AA%E3%81%A1%30%39%32%37" dan="16,16,17,16" rate="2094.86,2169.48,2233.36,2114.91" sx="M,F,M,M"/><TAIKYOKU oya="0"/><INIT seed="0,0,0,3,5,98" ten="250,250,250,250" oya="0" hai0="31,0,104,116,61,28,124,109,18,122,29,69,7" hai1="21,47,131,89,132,83,80,46,119,50,128,6,73" hai2="26,87,77,106,53,129,24,14,25,90,55,120,57" hai3="82,71,1,32,27,108,96,44,15,103,30,63,62"/><T19/><D116/><U65/><E119/><V74/><F120/><W58/><G1/><T2/><D122/><U123/><E123/><V3/><F3/><W88/><G108/><T113/><D113/><U105/><E132/><V49/><F129/><W94/><G44/><T102/><D124/><U56/><E105/><V92/><F106/><W112/><G112/><T78/><D109/><U81/><E6/><V8/><F74/><W13/><G71/><T110/><D110/><U38/><E38/><V79/><REACH who="2" step="1"/><F55/><REACH who="2" ten="250,250,240,250" step="2"/><W75/><G75/><T114/><D2/><U36/><E73/><V20/><F20/><W99/><G82/><T130/><D0/><U84/><E81/><V64/><F64/><W107/><REACH who="3" step="1"/><G63/><REACH who="3" ten="250,250,240,240" step="2"/><T11/><D114/><U52/><E83/><V115/><F115/><W135/><G135/><T121/><D61/><N who="1" m="38055" /><E131/><V95/><F95/><W111/><G111/><T43/><D130/><U97/><E128/><V133/><F133/><W70/><G70/><T35/><D69/><U134/><E134/><V39/><F39/><W5/><G5/><AGARI ba="0,2" hai="5,8,14,24,25,26,49,53,57,77,79,87,90,92" machi="5" ten="40,5200,0" yaku="1,1,8,1,53,1" doraHai="98" doraHaiUra="54" who="2" fromWho="3" sc="250,0,250,0,240,72,240,-52" /><INIT seed="1,0,0,1,5,79" ten="250,250,312,188" oya="1" hai0="64,99,65,32,78,81,31,61,11,80,5,1,73" hai1="53,83,6,103,132,128,72,69,67,45,35,50,90" hai2="37,60,13,92,22,111,97,43,119,56,115,15,86" hai3="62,14,47,106,21,7,51,38,135,66,125,23,93"/><U82/><E35/><V63/><F119/><W70/><G106/><T130/><D130/><U46/><E128/><V27/><F111/><W26/><G135/><T34/><D65/><U3/><E132/><V96/><F115/><W134/><G134/><T16/><D31/><U105/><E3/><V17/><F37/><W109/><G109/><T9/><D99/><U57/><E6/><V68/><F43/><W59/><G125/><T40/><D40/><U98/><E72/><V120/><F120/><W77/><G77/><T0/><D81/><N who="1" m="30731" /><E69/><V58/><F86/><W124/><G124/><T100/><D100/><U25/><E105/><V76/><F97/><W41/><G93/><T116/><D116/><U117/><E117/><V24/><F76/><W110/><G110/><T48/><D48/><U75/><E75/><V101/><F24/><W84/><G84/><T10/><D10/><U19/><E67/><N who="2" m="39303" /><F68/><W89/><G38/><T54/><D1/><U71/><E71/><V33/><F33/><W88/><G70/><T126/><D64/><AGARI ba="0,0" hai="13,15,17,22,27,58,63,64,92,96,101" m="39303" machi="64" ten="30,1000,0" yaku="8,1" doraHai="79" who="2" fromWho="0" sc="250,-10,250,0,312,10,188,0" /><INIT seed="2,0,0,2,2,59" ten="240,250,322,188" oya="2" hai0="132,1,81,135,94,2,130,4,47,75,122,9,121" hai1="55,27,134,89,107,20,71,96,58,39,16,129,26" hai2="80,34,70,103,51,119,72,60,48,54,99,24,15" hai3="120,90,131,61,31,44,97,45,21,92,65,126,116"/><V40/><F119/><W86/><G116/><T49/><D2/><U53/><E39/><V73/><F15/><W56/><G120/><T25/><D130/><U95/><E71/><V128/><F128/><W79/><G126/><T37/><D37/><U68/><E68/><V5/><F5/><W17/><G131/><T93/><D25/><N who="1" m="14471" /><E107/><N who="2" m="63999" /><F40/><W46/><G31/><T118/><D118/><U115/><E115/><V102/><F102/><W101/><G79/><N who="0" m="44287" /><D122/><U11/><E134/><N who="0" m="51241" /><D121/><U36/><E36/><V35/><F35/><W124/><G124/><T7/><D4/><U42/><E42/><AGARI ba="0,0" hai="1,7,9,42,47,49,93,94" m="51241,44287" machi="42" ten="30,1000,0" yaku="20,1" doraHai="59" who="0" fromWho="1" sc="240,10,250,-10,322,0,188,0" /><INIT seed="3,0,0,0,1,116" ten="250,240,322,188" oya="3" hai0="119,110,84,79,134,47,104,43,22,6,113,48,37" hai1="115,100,28,9,53,14,23,7,34,66,123,131,35" hai2="0,77,16,75,107,46,121,78,45,118,127,26,130" hai3="112,11,57,103,8,82,32,12,96,90,51,50,29"/><W30/><G112/><T55/><D104/><U68/><E115/><V60/><F107/><W122/><G122/><T61/><D110/><U27/><E123/><V1/><F121/><W33/><G33/><T64/><D119/><U111/><E100/><V31/><F118/><W109/><G109/><T86/><D134/><U98/><E111/><V92/><F92/><W38/><G38/><T91/><D6/><U18/><E98/><V69/><F16/><W106/><G32/><T41/><D22/><N who="1" m="15479" /><E53/><V135/><F127/><W20/><G8/><T58/><D113/><U65/><E68/><V95/><F130/><W102/><G102/><T70/><D79/><U120/><E66/><V83/><F78/><W2/><G2/><T3/><D43/><U80/><E80/><V25/><F95/><W39/><G39/><T117/><D117/><U40/><E65/><V17/><F135/><W62/><G82/><T105/><D105/><U133/><E40/><V59/><F69/><W56/><G90/><T67/><D67/><U93/><E93/><V94/><F0/><W87/><G87/><T72/><D72/><U89/><E120/><V85/><F1/><W76/><G76/><T124/><D124/><U108/><E108/><V88/><F75/><W74/><G74/><T99/><D3/><N who="1" m="255" /><E133/><V13/><F77/><W42/><G42/><T114/><D114/><U73/><E73/><V128/><F83/><W19/><G20/><T97/><D91/><U132/><E132/><V129/><F85/><AGARI ba="0,0" hai="37,41,47,48,55,58,61,64,70,84,85,86,97,99" machi="85" ten="40,2600,0" yaku="24,2" doraHai="116" who="0" fromWho="2" sc="250,26,240,0,322,-26,188,0" /><INIT seed="4,0,0,1,2,105" ten="276,240,296,188" oya="0" hai0="10,54,44,52,90,60,110,121,91,99,38,116,82" hai1="78,62,132,51,32,102,22,69,61,124,135,98,117" hai2="130,55,29,53,129,72,14,4,96,77,50,46,11" hai3="123,1,128,134,66,42,104,126,71,103,76,13,31"/><T120/><D116/><U79/><E32/><V64/><F64/><W109/><G13/><T20/><D10/><U5/><E117/><V100/><F29/><W0/><G31/><T113/><D113/><U74/><E124/><V101/><F55/><W59/><G59/><T16/><D110/><U45/><E5/><V131/><F96/><N who="3" m="61543" /><G109/><T2/><D2/><N who="3" m="1129" /><G126/><T83/><D60/><U80/><E78/><V27/><F27/><W94/><G94/><T92/><D91/><U21/><E21/><V3/><F3/><W75/><G134/><N who="1" m="51242" /><E22/><V87/><F87/><W70/><G128/><T119/><D119/><U65/><E61/><V68/><F68/><N who="3" m="26155" /><G66/><T37/><D20/><U19/><E19/><V58/><F58/><W93/><G93/><T48/><D16/><U106/><E51/><V125/><F125/><W56/><G56/><T34/><D54/><U28/><E28/><V30/><F30/><W12/><G12/><T40/><D40/><U9/><E9/><V39/><F101/><W67/><G67/><T127/><D127/><U17/><E17/><V6/><F100/><W115/><G115/><T107/><D107/><U47/><AGARI ba="0,0" hai="45,47,62,65,69,74,79,80,98,102,106" m="51242" machi="47" ten="30,2000,0" yaku="20,1,52,1" doraHai="105" who="1" fromWho="1" sc="276,-10,240,20,296,-5,188,-5" /><INIT seed="5,0,0,2,4,99" ten="266,260,291,183" oya="1" hai0="129,87,55,90,118,130,111,132,115,96,9,30,109" hai1="16,64,27,11,102,34,22,47,33,93,51,43,5" hai2="29,74,119,17,135,70,60,106,91,86,82,114,7" hai3="54,77,44,36,85,53,12,21,94,15,50,26,20"/><U18/><E64/><V69/><F119/><W42/><G36/><T25/><D118/><U6/><E18/><V83/><F7/><W14/><G21/><T110/><D115/><U105/><E105/><V38/><F38/><W8/><G8/><T80/><D132/><U121/><E121/><V89/><F106/><W39/><G39/><T79/><D9/><U92/><E6/><V10/><F135/><W35/><G35/><T67/><D67/><U23/><E22/><V84/><F114/><W75/><G75/><T120/><D120/><U88/><E102/><V28/><F74/><W73/><G73/><T2/><D2/><U126/><E93/><V100/><F100/><W133/><G133/><T68/><D68/><U103/><E103/><V123/><F123/><W97/><G77/><T72/><D55/><U45/><E47/><V134/><F134/><W98/><G85/><T66/><D66/><U58/><E58/><V95/><F95/><W62/><G94/><T46/><D46/><U113/><E126/><V40/><F40/><W116/><G116/><T63/><D63/><U131/><E131/><N who="0" m="50185" /><D96/><N who="3" m="36969" /><G62/><T57/><D57/><U127/><E127/><V31/><F60/><W107/><G107/><T117/><D117/><U104/><E104/><V125/><F125/><W61/><G61/><T32/><D111/><U128/><E128/><V41/><F41/><W1/><G1/><T37/><D37/><U78/><E113/><V101/><F101/><W71/><G71/><T13/><D110/><U56/><E56/><V108/><F108/><W76/><G76/><T65/><D109/><RYUUKYOKU ba="0,0" sc="266,-15,260,-15,291,15,183,15" hai2="10,17,28,29,31,69,70,82,83,84,86,89,91" hai3="12,14,15,20,26,42,44,50,53,54" owari="251,5.1,245,-15.5,306,40.6,198,-30.2" /></mjloggm>