<mjloggm ver="2.3"><GO type="225" lobby="0"/><UN n0="%72%69%6F%75%63%68%61%6E" n1="%73%69%72%6F%75%74" n2="%E5%AF%82%E5%AF%9E%E3%82%AE%E3%83%8D%E3%82%B9%E3%83%93%E3%83%BC%E3%83%AB" n3="%43%68%65" dan="17,16,16,16" rate="2278.95,2065.27,2144.40,2190.78" sx="M,M,M,M"/><TAIKYOKU oya="0"/><INIT seed="0,0,0,2,5,91" ten="250,250,250,250" oya="0" hai0="90,104,126,8,40,83,56,41,23,93,124,100,132" hai1="31,73,27,0,54,102,76,127,30,12,47,86,25" hai2="130,78,60,133,135,122,97,92,28,55,65,37,96" hai3="105,134,94,17,52,125,59,109,85,81,15,117,18"/><T74/><D132/><N who="2" m="50762" /><F122/><W35/><G105/><T10/><D23/><U38/><E0/><V95/><F130/><W89/><G134/><T33/><D33/><U19/><E127/><N who="0" m="48681" /><D104/><U39/><E102/><V99/><F37/><W116/><G125/><T53/><D100/><U75/><E86/><V36/><F36/><W66/><G109/><T71/><D71/><U88/><E54/><V42/><F42/><N who="0" m="16490" /><D83/><U22/><E47/><V113/><F113/><W32/><G66/><T5/><D74/><U64/><E64/><V21/><F55/><W49/><G32/><T63/><D5/><U24/><E39/><V14/><F78/><W46/><G35/><T79/><D79/><U119/><E38/><V118/><F118/><W101/><G117/><T16/><D16/><N who="3" m="6249" /><G116/><T11/><D8/><U70/><E70/><N who="2" m="42279" /><F14/><W115/><G15/><T51/><D63/><U108/><E119/><V57/><F57/><W3/><G3/><T34/><D34/><U123/><E76/><V6/><F6/><W80/><G115/><T87/><AGARI ba="0,0" hai="10,11,51,53,56,87,90,93" m="16490,48681" machi="87" ten="30,3000,0" yaku="18,1,52,1" doraHai="91" who="0" fromWho="0" sc="250,30,250,-10,250,-10,250,-10" /><INIT seed="0,1,0,0,4,21" ten="280,240,240,240" oya="0" hai0="76,30,63,102,110,88,1,104,15,131,73,133,35" hai1="5,36,2,79,13,74,57,78,94,25,97,86,134" hai2="50,123,27,46,11,92,81,106,62,114,17,99,58" hai3="130,126,71,16,54,20,31,84,22,49,128,90,66"/><T117/><D117/><U51/><E36/><V14/><F114/><W108/><G108/><T28/><D1/><U45/><E2/><V6/><F123/><W127/><G31/><T82/><D131/><N who="3" m="50217" /><G66/><T64/><D133/><U109/><E74/><V105/><F81/><N who="3" m="49423" /><G22/><T80/><D110/><U85/><E57/><V121/><F121/><W96/><G96/><T8/><D35/><U112/><E112/><V65/><F106/><W44/><G71/><T132/><D132/><U52/><E109/><V69/><F105/><W3/><G3/><T10/><D10/><N who="1" m="4303" /><E134/><V135/><F69/><W37/><G37/><T29/><D104/><U75/><E75/><V0/><F0/><W40/><G54/><T60/><D102/><U98/><E86/><V103/><F135/><W111/><G111/><T41/><D41/><U19/><E85/><V122/><F122/><W118/><G118/><T23/><D64/><U26/><E19/><V9/><F9/><W125/><G127/><T55/><D55/><U38/><E98/><V34/><F34/><W48/><G49/><T67/><D67/><U93/><E38/><V77/><F77/><N who="1" m="29193" /><E94/><V18/><REACH who="2" step="1"/><F27/><AGARI ba="1,0" hai="16,20,27,40,44,48,125,126" m="49423,50217" machi="27" ten="30,3900,0" yaku="19,1,52,1,54,1" doraHai="21" who="3" fromWho="2" sc="280,0,240,0,240,-42,240,42" /><INIT seed="1,0,0,4,2,22" ten="280,240,198,282" oya="1" hai0="51,94,123,97,27,44,5,39,32,66,45,23,13" hai1="91,135,103,82,126,105,17,67,29,52,62,33,96" hai2="85,58,98,112,0,41,4,20,63,65,9,110,109" hai3="88,130,81,47,30,57,133,86,87,134,12,36,116"/><U34/><E135/><N who="3" m="51722" /><G130/><T76/><D123/><U46/><E126/><V80/><F112/><W21/><G116/><T117/><D117/><U8/><E82/><V106/><F41/><N who="3" m="22951" /><G87/><T125/><D125/><U43/><E91/><V54/><F65/><W78/><G57/><T77/><D66/><U90/><E90/><V53/><F53/><W75/><G75/><T99/><D32/><U73/><E73/><V31/><F106/><W49/><G49/><T107/><D107/><U26/><E34/><V48/><F98/><W111/><G111/><T7/><D39/><U14/><E43/><V113/><F48/><W1/><G1/><T89/><D99/><U72/><E72/><V74/><F74/><W68/><G68/><T114/><D114/><U6/><E46/><V102/><F102/><W104/><G104/><T42/><D44/><U37/><E52/><V79/><REACH who="2" step="1"/><F113/><REACH who="2" ten="280,240,188,282" step="2"/><W61/><G61/><T132/><D132/><U38/><REACH who="1" step="1"/><E6/><REACH who="1" ten="280,230,188,282" step="2"/><V59/><F59/><AGARI ba="0,2" hai="8,14,17,26,29,33,37,38,59,62,67,96,103,105" machi="59" ten="30,18000,2" yaku="1,1,2,1,7,1,52,1,53,2" doraHai="22" doraHaiUra="71" who="1" fromWho="2" sc="280,0,230,200,188,-180,282,0" /><INIT seed="1,1,0,2,5,107" ten="280,430,8,282" oya="1" hai0="50,33,83,21,65,16,98,18,97,47,15,108,45" hai1="14,60,2,48,44,93,34,73,100,11,32,69,111" hai2="113,76,91,53,7,51,109,114,123,20,57,49,129" hai3="116,5,131,0,6,54,88,23,12,79,58,135,119"/><U96/><E2/><V75/><F123/><W56/><G0/><T80/><D108/><U121/><E73/><V26/><F109/><W1/><G1/><T30/><D65/><U40/><E111/><V78/><F7/><W90/><G131/><T103/><D33/><U102/><E121/><V4/><F4/><N who="3" m="1643" /><G79/><T122/><D122/><U68/><E14/><V125/><F129/><W66/><G135/><T82/><D30/><U132/><E11/><V61/><F125/><W55/><G66/><T118/><D118/><N who="3" m="45097" /><G23/><N who="0" m="11679" /><D103/><U52/><E102/><V36/><F36/><W22/><G22/><T106/><D106/><U124/><E124/><V37/><F37/><W86/><G12/><N who="0" m="9415" /><D45/><U95/><E132/><V59/><F91/><N who="3" m="34859" /><G86/><T10/><D10/><U104/><E32/><V74/><F20/><W46/><G46/><T128/><D128/><U134/><E34/><V25/><F53/><AGARI ba="1,0" hai="53,54,55,56,58" m="34859,45097,1643" machi="53" ten="30,7700,0" yaku="28,2,12,1,54,1" doraHai="107" who="3" fromWho="2" sc="280,0,430,0,8,-80,282,80" /><AGARI ba="1,0" hai="47,50,53,80,82,83,97,98" m="9415,11679" machi="53" ten="30,2000,0" yaku="8,1,54,1" doraHai="107" who="0" fromWho="2" sc="280,20,430,0,-72,-20,362,0" owari="300,-10.0,430,53.0,-92,-59.2,362,16.2" /></mjloggm>