<mjloggm ver="2.3"><GO type="225" lobby="0"/><UN n0="%72%69%6F%75%63%68%61%6E" n1="%E6%98%BC%E4%B8%8B%E3%81%8C%E3%82%8A%E3%81%AE%E5%9B%A3%E5%9C%B0%E5%A6%BB" n2="%6D%75%75%73%61%6E%6D%75" n3="%E6%9D%B1%E9%A2%A8%E3%81%AE%E3%81%8D%E3%82%83%E3%81%B7%E3%81%95%E3%82%93" dan="16,16,16,17" rate="2161.73,2160.94,2129.26,2198.06" sx="M,F,F,M"/><TAIKYOKU oya="0"/><INIT seed="0,0,0,2,2,78" ten="250,250,250,250" oya="0" hai0="135,12,54,76,15,53,58,40,5,129,93,124,100" hai1="45,117,34,101,126,72,121,79,43,48,128,49,70" hai2="74,38,88,37,89,57,109,35,87,31,46,113,112" hai3="66,104,52,22,86,108,123,4,23,64,56,106,10"/><T115/><D115/><U33/><E117/><V81/><F109/><W6/><G108/><T47/><D124/><U68/><E121/><V103/><F74/><W69/><G123/><T26/><D135/><U44/><E126/><V97/><F35/><W30/><G86/><T61/><D129/><U82/><E128/><V42/><F31/><W59/><G30/><T8/><D76/><U99/><E33/><V3/><F3/><W132/><G132/><T130/><D130/><U95/><REACH who="1" step="1"/><E34/><REACH who="1" ten="250,240,250,250" step="2"/><V27/><F112/><W11/><REACH who="3" step="1"/><G69/><REACH who="3" ten="250,240,250,240" step="2"/><T90/><D26/><U98/><E98/><V96/><F113/><W92/><G92/><T28/><D28/><U18/><E18/><V116/><F96/><W60/><G60/><T39/><D61/><U73/><E73/><V102/><F116/><W127/><G127/><T32/><D93/><U19/><E19/><V133/><F133/><W91/><G91/><T7/><D90/><U71/><E71/><V55/><F89/><W94/><G94/><T84/><D32/><U110/><E110/><V67/><F27/><W65/><G65/><T120/><D120/><U80/><E80/><V14/><F67/><W125/><G125/><T1/><D84/><U16/><E16/><V21/><F88/><W36/><G36/><T131/><D39/><U13/><E13/><V0/><F38/><W83/><G83/><T50/><D12/><U9/><E9/><V111/><F111/><W77/><G77/><T29/><D15/><U107/><E107/><V51/><F81/><W105/><G105/><T17/><D131/><U122/><E122/><RYUUKYOKU ba="0,2" sc="250,-15,240,15,250,-15,240,15" hai1="43,44,45,48,49,68,70,72,79,82,95,99,101" hai3="4,6,10,11,22,23,52,56,59,64,66,104,106" /><INIT seed="1,1,2,2,5,84" ten="235,255,235,255" oya="1" hai0="39,19,46,82,91,10,105,112,98,73,63,68,86" hai1="34,129,21,102,13,135,114,99,95,32,36,8,35" hai2="50,0,37,62,108,128,29,76,42,97,14,24,70" hai3="18,56,12,77,72,134,125,38,119,104,60,118,111"/><U131/><E114/><V96/><F0/><W93/><G104/><T59/><D112/><U90/><E36/><V45/><F108/><W124/><G38/><T133/><D133/><U106/><E21/><V3/><F3/><W67/><G134/><T92/><D68/><U44/><E44/><V4/><F128/><N who="1" m="49225" /><E135/><V110/><F110/><W48/><G111/><T126/><D126/><N who="3" m="48745" /><G48/><T83/><D73/><U75/><E75/><V57/><F70/><W132/><G132/><T89/><D105/><U94/><E90/><N who="0" m="34313" /><D39/><U26/><E26/><V109/><F109/><W130/><G130/><T30/><D30/><U54/><E54/><V53/><F76/><W6/><G6/><AGARI ba="1,2" hai="6,8,13,32,34,35,94,95,99,102,106" m="49225" machi="6" ten="40,2000,0" yaku="19,1" doraHai="84" who="1" fromWho="3" sc="235,0,255,43,235,0,255,-23" /><INIT seed="1,2,0,2,1,3" ten="235,298,235,232" oya="1" hai0="125,114,46,16,123,7,30,32,31,24,57,15,26" hai1="84,20,110,103,10,85,59,17,11,60,87,115,47" hai2="75,133,21,35,112,39,58,19,36,134,66,12,132" hai3="98,102,81,40,76,100,6,33,130,69,62,119,2"/><U25/><E115/><V5/><F112/><W55/><G33/><N who="0" m="20679" /><D57/><U135/><E135/><V28/><F75/><W72/><G40/><T50/><D50/><U34/><E34/><V99/><F99/><W90/><G130/><T93/><D93/><U0/><E110/><V80/><F80/><W120/><G120/><T121/><D46/><U101/><E47/><V109/><F109/><W49/><G119/><T124/><D114/><U52/><E0/><V113/><F113/><W96/><G62/><T127/><D7/><U82/><E82/><V29/><F5/><W44/><G69/><T4/><D4/><U43/><E43/><V68/><F68/><W13/><G2/><T83/><D83/><U64/><E64/><V8/><F35/><W54/><G54/><T38/><D38/><N who="2" m="14378" /><F8/><AGARI ba="2,0" hai="8,15,16,26,31,32,121,123,124,125,127" m="20679" machi="8" ten="30,7700,0" yaku="18,1,34,2,54,1" doraHai="3" who="0" fromWho="2" sc="235,83,298,0,235,-83,232,0" /><AGARI ba="2,0" hai="8,10,11,17,20,25,52,59,60,84,85,87,101,103" machi="8" ten="40,3900,0" yaku="8,1,54,1" doraHai="3" who="1" fromWho="2" sc="318,0,298,39,152,-39,232,0" /><INIT seed="1,3,0,3,2,113" ten="318,337,113,232" oya="1" hai0="85,116,10,9,40,15,66,119,64,82,36,58,35" hai1="46,6,121,74,2,103,98,34,8,111,135,134,25" hai2="26,20,77,52,106,102,48,115,3,128,28,43,67" hai3="32,99,68,62,124,88,71,76,130,41,100,0,95"/><U118/><E121/><V12/><F115/><W75/><G0/><T83/><D35/><U37/><E74/><V94/><F3/><W47/><G32/><T97/><D97/><U14/><E14/><V69/><F128/><W87/><G130/><T132/><D132/><N who="1" m="50731" /><E111/><V90/><F77/><W38/><G124/><T117/><D58/><U11/><E11/><N who="0" m="4105" /><D15/><U55/><E55/><V112/><F112/><W44/><G62/><T23/><D85/><U18/><E34/><V129/><F129/><W101/><G47/><T105/><D105/><U84/><E84/><V72/><F72/><W107/><REACH who="3" step="1"/><G101/><REACH who="3" ten="318,337,113,222" step="2"/><T60/><D60/><U81/><E46/><V59/><F102/><W30/><G30/><T22/><D40/><U127/><E103/><V65/><F43/><W13/><G13/><T33/><D33/><U126/><E2/><V110/><F12/><W27/><G27/><T21/><D36/><U131/><E37/><V125/><F125/><W49/><G49/><T123/><D123/><U7/><E126/><V91/><F28/><W133/><G133/><T79/><D79/><U31/><E127/><V73/><F26/><W5/><G5/><T1/><D1/><U80/><E131/><V24/><F24/><W19/><G19/><T54/><D54/><U56/><E18/><V4/><F4/><W50/><G50/><T96/><D96/><U42/><E6/><V16/><F16/><W17/><G17/><T120/><D120/><U108/><E7/><V57/><F48/><W86/><G86/><T39/><D39/><U93/><E8/><V78/><F52/><RYUUKYOKU ba="3,1" sc="318,15,337,-15,113,-15,222,15" hai0="21,22,23,64,66,82,83,116,117,119" hai3="38,41,44,68,71,75,76,87,88,95,99,100,107" /><INIT seed="2,4,1,4,3,54" ten="333,322,98,237" oya="2" hai0="59,91,62,102,44,34,76,63,40,31,26,48,19" hai1="39,117,74,3,105,65,81,53,79,41,42,75,6" hai2="8,114,16,92,36,83,99,121,67,56,108,9,1" hai3="111,7,71,120,69,23,60,129,37,70,125,13,0"/><V11/><F114/><W89/><G120/><T110/><D110/><U27/><E105/><V15/><F36/><W32/><G111/><T68/><D76/><U51/><E65/><V25/><F108/><W97/><G37/><T87/><D68/><U21/><E74/><V46/><F121/><W130/><G32/><T90/><D102/><U118/><E39/><V43/><F25/><W50/><G0/><T35/><D35/><U100/><E100/><V28/><F28/><W29/><G50/><T133/><D133/><U96/><E96/><V66/><F83/><W84/><G97/><T49/><D91/><U38/><E38/><V126/><F126/><W107/><G107/><T115/><D115/><U5/><E118/><V103/><F1/><W106/><G106/><T30/><D30/><U101/><E101/><V2/><F2/><W104/><G104/><T134/><D134/><U33/><E33/><V123/><F123/><W116/><G125/><T4/><D4/><U88/><E5/><V85/><F85/><W17/><G7/><T73/><D73/><U47/><E117/><V64/><REACH who="2" step="1"/><F56/><REACH who="2" ten="333,322,88,237" step="2"/><W132/><G29/><T119/><D31/><U95/><E3/><V82/><F82/><N who="3" m="49303" /><G116/><T86/><D119/><U98/><E6/><V135/><F135/><W127/><G127/><T80/><D87/><U122/><E122/><V24/><F24/><W112/><G112/><T128/><D26/><U78/><E78/><V61/><F61/><W18/><G132/><T22/><D62/><U124/><E124/><V94/><F94/><W77/><G60/><T109/><D63/><RYUUKYOKU ba="4,2" sc="333,-15,322,15,88,15,237,-15" hai1="21,27,41,42,47,51,53,75,79,81,88,95,98" hai2="8,9,11,15,16,43,46,64,66,67,92,99,103" /><INIT seed="2,5,2,4,4,123" ten="318,337,103,222" oya="2" hai0="20,80,110,37,63,95,74,97,93,96,35,14,101" hai1="111,71,55,3,125,11,18,128,13,68,17,78,1" hai2="113,40,100,116,30,86,6,5,92,41,61,102,119" hai3="115,98,51,134,53,23,8,87,21,44,103,75,129"/><V26/><F113/><W90/><G75/><T114/><D110/><U2/><E111/><V122/><F122/><W15/><G134/><T28/><D114/><U69/><E128/><V66/><F116/><W4/><G129/><T133/><D133/><U117/><E117/><V64/><F119/><W57/><G57/><T42/><D35/><U112/><E112/><V124/><F124/><W39/><G39/><T38/><D42/><U73/><E125/><V120/><F120/><W58/><G58/><T32/><D32/><U131/><E131/><V31/><F86/><W81/><G115/><T126/><D126/><U65/><E55/><V50/><F92/><AGARI ba="5,2" hai="4,8,15,21,23,44,51,53,81,87,90,92,98,103" machi="92" ten="30,2000,0" yaku="7,1,8,1" doraHai="123" who="3" fromWho="2" sc="318,0,337,0,103,-35,222,55" /><INIT seed="3,0,0,4,1,6" ten="318,337,68,277" oya="3" hai0="81,83,19,87,78,4,17,48,86,12,42,98,129" hai1="23,33,122,90,29,13,75,55,49,73,76,30,95" hai2="85,11,9,97,40,25,89,70,38,22,39,106,99" hai3="41,15,46,94,108,56,134,34,79,35,28,0,18"/><W88/><G0/><T57/><D129/><U20/><E122/><V51/><F70/><W69/><G69/><T130/><D130/><U68/><E68/><V96/><F106/><W16/><G79/><T107/><D107/><U113/><E113/><V1/><F1/><W61/><G134/><T77/><D98/><U114/><E114/><V26/><F38/><W58/><G108/><T126/><D126/><U32/><E76/><V105/><F39/><W121/><G121/><T44/><D57/><U52/><E49/><V115/><F105/><W60/><G28/><T103/><D103/><U118/><E13/><V2/><F2/><W71/><G71/><T123/><D123/><U54/><E54/><V124/><F115/><W125/><G125/><T104/><D104/><U119/><E90/><V120/><F124/><W80/><G80/><T110/><D110/><U45/><E95/><V37/><F37/><W3/><G3/><T21/><D21/><U135/><E45/><V5/><F5/><W117/><G117/><T72/><D72/><U66/><E66/><V111/><F120/><W74/><G74/><T132/><D132/><AGARI ba="0,0" hai="20,23,29,30,32,33,52,55,73,75,118,119,132,135" machi="132" ten="25,3200,0" yaku="22,2,54,1" doraHai="6" who="1" fromWho="0" sc="318,-32,337,32,68,0,277,0" owari="286,8.6,369,46.9,68,-43.2,277,-12.3" /></mjloggm>