<mjloggm ver="2.3"><GO type="225" lobby="0"/><UN n0="%E6%B8%A9%E2%98%85%E6%83%85%E2%98%85%E6%8E%AA%E2%98%85%E7%BD%AE" n1="%E3%80%90%E3%83%88%E3%83%AA%E3%83%A5%E3%83%95%E3%80%91" n2="%E3%82%B3%E3%83%90%E3%83%AC%E3%82%A4" n3="%E9%BB%99%E8%81%B4%E3%81%AE%E3%81%99%E3%82%9D%E3%82%81" dan="17,16,16,16" rate="2159.90,2122.77,2199.61,2143.44" sx="M,M,M,M"/><TAIKYOKU oya="0"/><INIT seed="0,0,0,3,3,81" ten="250,250,250,250" oya="0" hai0="29,115,83,38,40,120,41,116,92,105,26,7,25" hai1="28,4,43,73,67,35,130,53,77,79,68,8,1" hai2="135,89,44,104,23,19,110,97,86,33,42,27,21" hai3="85,107,31,117,78,102,101,76,93,88,11,134,94"/><T22/><D105/><U32/><E53/><V72/><F72/><W13/><G31/><T75/><D115/><U6/><E130/><V3/><F3/><W59/><G117/><T56/><D116/><U100/><E100/><N who="3" m="38506" /><G107/><T118/><D118/><U121/><E121/><V18/><F33/><W63/><G94/><T54/><D120/><U69/><E43/><V5/><F104/><W70/><G70/><T58/><D7/><U60/><E69/><V46/><F5/><N who="3" m="3311" /><G134/><T20/><D38/><U2/><E28/><V61/><F135/><W17/><G17/><N who="0" m="12431" /><D75/><U50/><E50/><V127/><F127/><W123/><G123/><T96/><D83/><N who="1" m="45487" /><E79/><V52/><F97/><W24/><G24/><T37/><D37/><U111/><E111/><V12/><F110/><W132/><G132/><T98/><D98/><U80/><E80/><N who="2" m="49351" /><F42/><N who="0" m="16490" /><D96/><U129/><E129/><V36/><F36/><W49/><G49/><N who="0" m="30799" /><D92/><U74/><E74/><V124/><F124/><W30/><G30/><T99/><D99/><U66/><E66/><AGARI ba="0,0" hai="59,63,66,76,78,85,88,93" m="3311,38506" machi="66" ten="30,3900,0" yaku="8,1,52,1,54,1" doraHai="81" who="3" fromWho="1" sc="250,0,250,-39,250,0,250,39" /><INIT seed="1,0,0,2,2,1" ten="250,211,250,289" oya="1" hai0="70,120,52,4,55,69,41,90,62,126,134,133,132" hai1="80,72,71,97,103,74,130,105,68,36,40,123,135" hai2="53,5,112,46,16,50,92,11,107,43,10,116,6" hai3="100,127,34,57,49,82,108,114,61,20,93,98,96"/><U33/><E123/><V101/><F107/><W12/><G108/><T83/><D120/><U110/><E130/><V65/><F116/><W9/><G34/><T58/><D126/><U38/><E135/><V88/><F101/><W13/><G127/><T67/><D4/><N who="2" m="1642" /><F112/><W119/><G114/><T106/><D106/><U47/><E110/><V17/><F65/><W30/><G119/><T25/><D25/><U32/><E36/><V115/><F43/><W56/><G82/><T109/><D109/><U15/><E15/><V54/><F53/><N who="0" m="20554" /><D41/><U76/><REACH who="1" step="1"/><E72/><REACH who="1" ten="250,201,250,289" step="2"/><V94/><F115/><W124/><G124/><T84/><AGARI ba="0,1" hai="58,62,67,69,70,83,84,90,132,133,134" m="20554" machi="84" ten="40,2700,0" yaku="20,1,54,1" doraHai="1" who="0" fromWho="0" sc="250,37,201,-13,250,-7,289,-7" /><INIT seed="2,0,0,5,1,40" ten="287,188,243,282" oya="2" hai0="24,131,93,23,87,83,26,21,85,102,5,114,78" hai1="100,50,118,61,126,22,34,36,75,41,135,91,88" hai2="66,130,0,132,112,63,17,62,81,31,12,106,79" hai3="99,69,2,90,28,119,97,89,55,80,103,38,25"/><V116/><F0/><W44/><G69/><T47/><D114/><U96/><E118/><V117/><F112/><W48/><G2/><T86/><D131/><U73/><E34/><V72/><F106/><W68/><G68/><T42/><D5/><U77/><E135/><V4/><F132/><W52/><G119/><T95/><D102/><U113/><E113/><V18/><F31/><W59/><G80/><T32/><D32/><U10/><E126/><V82/><F63/><W111/><G111/><T33/><D33/><U54/><E10/><V122/><F122/><W13/><G13/><T110/><D110/><U43/><E61/><V9/><F130/><W45/><G38/><T58/><D58/><U127/><E41/><V39/><F39/><W101/><G101/><T133/><D133/><U115/><E115/><V98/><F98/><N who="3" m="37387" /><G103/><T11/><D11/><U29/><E127/><V3/><F82/><W124/><G124/><T7/><D7/><U49/><E36/><V129/><F129/><W8/><G8/><T94/><D78/><U56/><E77/><V46/><F3/><W15/><G15/><T71/><D83/><U20/><E75/><V121/><F121/><W125/><G125/><T105/><D71/><U134/><E73/><V107/><F107/><W120/><G120/><T108/><D105/><U57/><E134/><V6/><F6/><W14/><G14/><T27/><D108/><U16/><E29/><V65/><F117/><W123/><G123/><T19/><D23/><U51/><E22/><V109/><F109/><W60/><G45/><T35/><D35/><AGARI ba="0,0" hai="25,28,35,44,48,52,55,59,60,89,90" m="37387" machi="35" ten="30,3900,0" yaku="6,1,52,1,54,1" doraHai="40" who="3" fromWho="0" sc="287,-39,188,0,243,0,282,39" /><INIT seed="3,0,0,0,1,58" ten="248,188,243,321" oya="3" hai0="135,26,44,46,98,56,39,131,100,93,25,116,9" hai1="27,22,7,119,52,104,127,109,91,115,78,95,92" hai2="96,38,94,70,108,43,80,62,3,42,30,82,105" hai3="72,73,79,20,45,32,41,110,1,34,134,103,59"/><W88/><G1/><T29/><D116/><U40/><E115/><V122/><F3/><W18/><G134/><T11/><D135/><U0/><E109/><V120/><F108/><W19/><G103/><T89/><D131/><U6/><E127/><V130/><F105/><W75/><G79/><T121/><D121/><N who="2" m="46698" /><F30/><W106/><G106/><T74/><D74/><U13/><E104/><V12/><F12/><W8/><G8/><N who="0" m="3147" /><D39/><U65/><E0/><V36/><F130/><W15/><G18/><T90/><D56/><U28/><E119/><V107/><F107/><W10/><G10/><T35/><D35/><U24/><E13/><V76/><F38/><W49/><G110/><T133/><D133/><U129/><E129/><V118/><F36/><W84/><REACH who="3" step="1"/><G59/><REACH who="3" ten="248,188,243,311" step="2"/><T113/><D113/><U125/><E125/><V111/><F111/><W63/><G63/><T99/><D100/><U114/><E114/><V4/><F118/><W86/><G86/><T117/><D99/><N who="1" m="57759" /><E27/><V33/><F76/><W112/><G112/><T128/><D26/><U5/><E78/><V48/><F4/><N who="1" m="1025" /><U47/><DORA hai="69" /><E95/><AGARI ba="0,1" hai="15,19,20,32,34,41,45,49,72,73,75,84,88,95" machi="95" ten="40,3900,0" yaku="1,1,54,1,53,0" doraHai="58,69" doraHaiUra="102,23" who="3" fromWho="1" sc="248,0,188,-39,243,0,311,49" owari="248,4.8,149,-35.1,243,-15.7,360,46.0" /></mjloggm>