<mjloggm ver="2.3"><GO type="225" lobby="0"/><UN n0="%E5%84%AA%40%41%42%43" n1="%73%75%7A%75%6D%65%33" n2="%E3%81%AF%E3%82%88%E3%81%8A%E3%81%98%E3%81%95%E3%82%93" n3="%E6%A1%9C%E8%8A%B1%E9%96%83%E3%80%85" dan="17,17,16,18" rate="2251.53,2190.60,2209.20,2281.66" sx="M,M,M,M"/><TAIKYOKU oya="0"/><INIT seed="0,0,0,4,1,20" ten="250,250,250,250" oya="0" hai0="27,103,130,79,77,134,106,11,108,16,101,3,33" hai1="91,70,42,30,31,15,114,86,19,109,60,125,93" hai2="121,119,74,73,126,115,38,122,107,120,113,50,56" hai3="37,66,23,95,67,127,118,4,88,135,17,97,25"/><T47/><D106/><U63/><E109/><V55/><F107/><W8/><G118/><T92/><D33/><U132/><E132/><V112/><F74/><W59/><G135/><T84/><D134/><U78/><E125/><V104/><F104/><W57/><G37/><T44/><D3/><U35/><E114/><V89/><F73/><W111/><G111/><T116/><D116/><U51/><E78/><N who="0" m="29705" /><D130/><U96/><E96/><V105/><F105/><W71/><G127/><T87/><D11/><U28/><E35/><V81/><F119/><W80/><G80/><T72/><D72/><U12/><E70/><V99/><F126/><W10/><G10/><T75/><D75/><U22/><REACH who="1" step="1"/><E12/><REACH who="1" ten="250,240,250,250" step="2"/><V1/><F1/><W61/><G67/><T123/><D108/><U46/><AGARI ba="0,1" hai="15,19,22,28,30,31,42,46,51,60,63,86,91,93" machi="46" ten="30,7900,0" yaku="1,1,2,1,0,1,8,1,53,0" doraHai="20" doraHaiUra="117" who="1" fromWho="1" sc="250,-39,240,89,250,-20,250,-20" /><INIT seed="1,0,0,0,5,14" ten="211,329,230,230" oya="1" hai0="79,116,121,6,1,13,119,2,68,125,126,82,103" hai1="74,9,84,73,32,76,97,111,30,53,59,129,133" hai2="120,27,64,48,70,20,131,107,94,95,7,99,92" hai3="113,83,51,65,87,55,4,35,24,37,80,108,22"/><U134/><E129/><V122/><F131/><W41/><G113/><T21/><D68/><U47/><E47/><V117/><F117/><N who="0" m="45130" /><D103/><U86/><E111/><V19/><F7/><W25/><G108/><T52/><D52/><U110/><E110/><V128/><F128/><W42/><G37/><T18/><D79/><U38/><E38/><V3/><F3/><N who="0" m="1034" /><D82/><U0/><E97/><V85/><F85/><W46/><G65/><T101/><D101/><U71/><E71/><V100/><REACH who="2" step="1"/><F48/><REACH who="2" ten="211,329,220,230" step="2"/><W118/><G118/><T105/><D105/><U123/><E86/><V62/><AGARI ba="0,1" hai="19,20,27,62,64,70,92,94,95,99,100,107,120,122" machi="62" ten="30,8000,1" yaku="1,1,2,1,0,1,52,1,53,1" doraHai="14" doraHaiUra="23" who="2" fromWho="2" sc="211,-20,329,-40,220,90,230,-20" /><INIT seed="2,0,0,4,4,102" ten="191,289,310,210" oya="2" hai0="40,24,53,45,87,121,39,13,76,112,78,23,113" hai1="91,38,94,66,134,25,48,83,11,46,22,20,67" hai2="33,85,58,27,54,127,16,133,64,84,122,70,19" hai3="52,18,1,96,119,97,116,31,62,109,8,17,80"/><V129/><F122/><W114/><G109/><T81/><D121/><U93/><E38/><V5/><F70/><W35/><G114/><T92/><D78/><U118/><E118/><V75/><F75/><W110/><G110/><T63/><D13/><U107/><E107/><V10/><F64/><N who="1" m="24617" /><E134/><V56/><F133/><W50/><G62/><T128/><D128/><U135/><E11/><V42/><F129/><W41/><G41/><T3/><D3/><U71/><E71/><V132/><F132/><W106/><G80/><T0/><D0/><U108/><E108/><V104/><F104/><W73/><G73/><T9/><D9/><U37/><E37/><V111/><F42/><W26/><G18/><T30/><REACH who="0" step="1"/><D92/><REACH who="0" ten="181,289,310,210" step="2"/><U74/><E94/><V61/><F10/><W15/><G1/><T101/><D101/><U120/><E93/><V89/><F111/><W14/><G14/><T6/><D6/><U68/><E135/><V86/><F5/><W57/><REACH who="3" step="1"/><G106/><REACH who="3" ten="181,289,310,200" step="2"/><T47/><D47/><U123/><E46/><V65/><F56/><AGARI ba="0,2" hai="23,24,30,39,40,45,53,56,63,76,81,87,112,113" machi="56" ten="40,1300,0" yaku="1,1,53,0" doraHai="102" doraHaiUra="29" who="0" fromWho="2" sc="181,33,289,0,310,-13,200,0" /><INIT seed="3,0,0,4,2,119" ten="214,289,297,200" oya="3" hai0="132,103,100,88,68,116,26,85,18,75,35,82,109" hai1="83,62,107,129,89,44,0,102,125,33,23,78,47" hai2="64,31,87,7,8,135,36,118,52,15,66,76,54" hai3="57,41,42,111,60,97,25,133,71,56,37,131,98"/><W114/><G114/><T95/><D116/><U29/><E0/><V93/><F36/><W24/><G71/><T92/><D68/><U94/><E33/><V72/><F118/><W77/><G131/><T91/><D35/><U19/><E129/><V5/><F72/><W124/><G124/><T80/><D26/><N who="3" m="10345" /><G37/><T4/><D18/><U46/><E29/><V99/><F135/><W134/><G77/><N who="0" m="44095" /><D4/><U1/><E1/><V130/><F130/><W106/><G106/><T117/><D117/><U17/><E125/><V101/><F5/><W115/><G115/><T34/><D34/><U108/><E108/><V45/><F31/><W81/><G81/><T61/><D61/><U13/><E62/><V113/><F113/><W2/><G2/><T40/><D40/><N who="3" m="15465" /><G111/><T22/><D22/><U122/><E122/><V90/><F76/><W112/><G112/><T120/><D109/><U14/><E107/><V16/><F7/><W30/><G30/><T59/><D59/><N who="3" m="22601" /><G60/><T110/><D110/><U49/><E49/><N who="2" m="28719" /><F54/><W104/><G104/><T123/><D132/><AGARI ba="0,0" hai="97,98,132,133,134" m="22601,15465,10345" machi="132" ten="30,5800,0" yaku="28,2,20,1" doraHai="119" who="3" fromWho="0" sc="214,-58,289,0,297,0,200,58" /><INIT seed="3,1,0,2,1,107" ten="156,289,297,258" oya="3" hai0="66,11,96,46,61,57,38,100,5,54,118,114,58" hai1="64,4,112,36,14,108,45,3,113,119,25,124,70" hai2="16,62,60,63,130,50,0,132,120,59,73,69,101" hai3="129,74,53,42,125,20,110,6,131,95,71,39,89"/><W93/><G125/><T44/><D118/><U27/><E119/><V26/><F73/><W109/><G71/><T104/><D38/><U83/><E124/><V48/><F0/><W122/><G122/><T84/><D114/><U98/><E14/><V51/><F69/><W85/><G6/><T135/><D84/><U94/><E108/><N who="3" m="41578" /><G74/><T115/><D135/><U75/><E27/><V133/><F120/><W24/><G53/><T102/><D102/><U23/><E64/><V17/><F130/><N who="3" m="49675" /><G42/><T28/><D28/><U2/><E70/><V92/><F59/><W78/><G78/><T19/><D19/><U103/><E3/><V55/><F55/><W33/><G39/><T47/><D115/><U121/><E121/><V15/><F26/><W65/><G65/><T77/><D77/><N who="1" m="44479" /><E25/><V29/><F29/><N who="3" m="17543" /><G33/><T32/><D32/><U90/><E23/><V56/><F56/><W31/><G31/><T106/><D106/><U13/><E13/><V79/><F79/><W43/><G43/><T68/><REACH who="0" step="1"/><D54/><REACH who="0" ten="146,289,297,258" step="2"/><U52/><E52/><V126/><F126/><W105/><G105/><T30/><D30/><U97/><E103/><V88/><F101/><W81/><AGARI ba="1,1" hai="81,85,89,93,95" m="17543,49675,41578" machi="81" ten="30,6000,0" yaku="14,1,10,1,19,1" doraHai="107" who="3" fromWho="3" sc="146,-21,289,-21,297,-21,258,73" owari="125,-37.5,268,-13.2,276,7.6,331,43.1" /></mjloggm>