<mjloggm ver="2.3"><GO type="225" lobby="0"/><UN n0="%6D%75%75%6D%75%72%61" n1="%E5%B0%8F%37%34" n2="%E5%A4%8F%E9%88%B4%E9%88%B4%E5%A4%8F" n3="%6E%69%63%6F%6E%74%6F" dan="16,16,16,17" rate="2073.30,2167.94,2141.37,2137.44" sx="F,M,M,M"/><TAIKYOKU oya="0"/><INIT seed="0,0,0,2,4,82" ten="250,250,250,250" oya="0" hai0="116,100,68,4,55,26,46,69,66,125,72,114,42" hai1="30,130,87,24,108,64,80,109,89,13,78,119,21" hai2="75,62,39,17,18,97,65,59,57,122,32,128,127" hai3="10,81,99,135,28,44,71,51,9,73,67,58,7"/><T98/><D114/><U6/><E119/><V45/><F122/><W70/><G135/><T43/><D116/><U133/><E130/><V90/><F75/><W47/><G28/><T19/><D72/><U63/><E133/><V83/><F32/><W53/><G99/><T106/><D125/><U107/><E107/><V36/><F128/><W129/><G129/><T104/><D104/><U124/><E124/><V33/><F33/><W132/><G10/><T48/><D4/><U56/><E6/><V38/><F127/><W50/><G58/><T93/><D106/><U120/><E120/><V118/><F118/><W61/><G71/><T60/><D69/><U11/><E11/><V77/><F45/><W41/><G132/><T25/><D19/><U96/><E13/><V52/><F90/><W37/><G73/><T101/><D101/><U88/><REACH who="1" step="1"/><E96/><REACH who="1" ten="250,240,250,250" step="2"/><V112/><F97/><W85/><G9/><T27/><AGARI ba="0,1" hai="25,26,27,42,43,46,48,55,60,66,68,93,98,100" machi="27" ten="30,1500,0" yaku="0,1" doraHai="82" who="0" fromWho="0" sc="250,25,240,-5,250,-5,250,-5" /><INIT seed="0,1,0,4,0,91" ten="275,235,245,245" oya="0" hai0="77,46,16,42,90,76,75,34,58,98,44,61,83" hai1="100,38,128,22,66,71,65,70,123,10,9,102,57" hai2="55,39,130,93,69,113,81,20,59,23,99,19,13" hai3="56,4,95,6,87,25,101,7,5,118,72,68,109"/><T67/><D34/><U111/><E57/><V30/><F69/><W80/><G118/><T85/><D75/><U24/><E22/><V47/><F113/><W27/><G68/><T18/><D46/><U52/><E24/><N who="2" m="16647" /><F39/><W92/><G109/><T96/><D96/><U29/><E29/><V12/><F130/><W40/><N who="3" m="1024" /><DORA hai="14" /><W104/><G72/><T32/><D32/><U134/><E38/><V103/><F81/><W124/><G124/><T45/><D45/><U88/><E111/><V122/><F122/><W37/><G104/><T26/><D26/><N who="3" m="9737" /><G101/><T51/><D98/><U129/><E123/><V86/><F12/><W0/><G0/><T11/><D11/><U132/><REACH who="1" step="1"/><E88/><REACH who="1" ten="275,225,245,245" step="2"/><V106/><F19/><AGARI ba="1,1" hai="16,18,19,42,44,51,58,61,67,76,77,83,85,90" machi="19" ten="40,12000,1" yaku="8,1,52,3,54,1" doraHai="91,14" who="0" fromWho="2" sc="275,133,225,0,245,-123,245,0" /><INIT seed="0,2,0,5,3,96" ten="408,225,122,245" oya="0" hai0="108,13,28,107,32,0,62,60,103,23,127,56,14" hai1="42,7,55,82,111,39,3,100,6,105,68,64,79" hai2="78,132,30,99,84,109,114,26,70,44,133,61,129" hai3="22,40,59,113,46,65,76,29,18,53,25,118,41"/><T126/><D0/><U17/><E111/><V81/><F114/><W31/><G118/><T110/><D32/><U72/><E3/><V57/><F109/><N who="0" m="42090" /><D28/><U90/><E39/><V19/><F70/><W94/><G113/><T51/><D51/><U83/><E42/><V121/><F121/><W47/><G76/><T4/><D4/><U91/><E68/><V73/><F129/><W77/><G77/><T71/><D71/><U66/><E17/><V63/><F19/><W134/><G134/><T33/><D33/><U86/><E90/><V95/><F44/><W115/><G115/><T49/><D49/><U104/><E104/><V45/><F45/><W10/><G47/><T27/><D27/><U37/><E37/><V15/><F15/><N who="0" m="5642" /><D23/><U80/><E6/><V74/><F133/><W69/><G46/><T1/><D1/><U5/><E7/><V130/><F132/><W50/><G31/><T88/><D88/><U123/><E5/><V87/><F130/><W122/><G29/><T97/><D56/><U85/><E91/><V75/><F57/><W34/><G59/><T131/><D131/><U58/><E58/><V117/><F117/><W2/><G34/><T36/><D36/><U52/><E123/><V124/><F30/><W21/><G122/><T98/><D98/><U35/><E35/><V24/><F99/><W120/><G2/><T128/><D128/><U119/><E119/><V101/><F24/><W9/><G120/><T54/><D54/><U38/><E55/><V112/><F26/><W102/><G69/><T116/><D116/><U92/><E38/><RYUUKYOKU ba="2,0" sc="408,30,225,-10,122,-10,245,-10" hai0="60,62,97,103,107,126,127" /><INIT seed="0,3,0,3,1,74" ten="438,215,112,235" oya="0" hai0="120,99,15,40,81,35,126,131,83,105,33,113,116" hai1="16,107,11,32,29,114,93,34,133,102,87,134,14" hai2="10,108,31,18,128,135,63,0,117,127,50,66,76" hai3="71,110,121,7,61,78,6,42,80,48,39,129,21"/><T19/><D113/><U122/><E122/><V118/><F50/><W86/><G110/><T43/><D120/><U106/><E114/><V20/><F63/><W95/><G129/><T28/><D116/><U41/><E41/><V13/><F66/><W44/><G121/><T12/><D131/><U45/><E45/><V98/><F98/><W75/><G39/><T26/><D35/><N who="1" m="13355" /><E29/><V62/><F62/><W59/><G71/><T92/><D105/><U125/><E125/><V79/><F128/><W72/><G72/><T36/><D126/><U65/><E65/><V17/><F127/><W25/><G75/><T30/><D30/><U124/><E124/><V49/><F31/><N who="3" m="17839" /><G95/><T22/><D12/><U130/><E130/><V82/><F82/><W104/><G104/><T38/><D38/><U101/><E107/><V96/><F108/><W4/><G4/><T85/><D36/><U54/><E106/><V115/><F115/><W69/><G69/><T68/><D68/><U90/><E54/><AGARI ba="3,0" hai="6,7,42,44,48,54,59,61,78,80,86" m="17839" machi="54" ten="30,2000,0" yaku="8,1,52,1" doraHai="74" who="3" fromWho="1" sc="438,0,215,-29,112,0,235,29" /><INIT seed="1,0,0,0,1,66" ten="438,186,112,264" oya="1" hai0="102,27,113,106,37,31,47,70,30,103,65,35,97" hai1="46,79,95,13,105,52,98,116,82,57,10,63,64" hai2="112,9,54,78,110,23,6,14,84,32,19,99,45" hai3="62,12,108,83,120,90,36,111,26,130,123,24,117"/><U71/><E116/><V87/><F110/><N who="3" m="42027" /><G36/><T91/><D113/><U56/><E105/><V41/><F112/><W88/><G62/><N who="0" m="40247" /><D102/><U75/><E46/><V125/><F125/><W60/><G60/><T118/><D31/><U122/><E122/><N who="3" m="46634" /><G117/><T11/><D11/><U15/><E10/><V94/><F32/><W115/><G115/><T131/><D131/><U0/><E0/><V104/><F54/><W72/><G12/><T8/><D8/><U17/><E17/><V101/><F78/><W134/><G134/><T96/><D118/><U109/><E109/><V18/><F104/><W5/><G5/><T50/><D37/><U133/><E133/><V40/><F18/><W53/><G53/><N who="0" m="29919" /><D96/><U44/><E44/><V92/><F92/><W119/><G119/><T127/><D127/><U22/><E22/><V38/><REACH who="2" step="1"/><F40/><REACH who="2" ten="438,186,102,264" step="2"/><W132/><G132/><T129/><D129/><U81/><E52/><V135/><F135/><W42/><G42/><T80/><D80/><U2/><E81/><V7/><F7/><W76/><G130/><T126/><D126/><U85/><E2/><AGARI ba="0,1" hai="2,6,9,14,19,23,38,41,45,84,87,94,99,101" machi="2" ten="30,2000,0" yaku="1,1,7,1,53,0" doraHai="66" doraHaiUra="58" who="2" fromWho="1" sc="438,0,186,-20,102,30,264,0" /><INIT seed="2,0,0,1,5,56" ten="438,166,132,264" oya="2" hai0="112,10,129,2,84,36,20,43,5,87,57,124,3" hai1="44,134,7,50,51,58,130,113,123,35,92,29,48" hai2="32,53,107,95,74,97,108,27,38,111,133,119,46" hai3="106,45,76,90,0,67,78,41,88,91,28,131,14"/><V104/><F74/><W64/><G0/><T23/><D112/><U34/><E113/><V81/><F119/><W98/><G28/><T94/><D3/><U63/><E134/><V93/><F81/><W116/><G116/><T65/><D124/><U22/><E130/><V80/><F80/><W9/><G131/><T62/><D129/><U17/><E123/><V83/><F83/><W71/><G106/><T16/><D23/><U60/><E7/><V70/><F70/><W121/><G98/><T8/><D8/><U114/><E114/><V89/><F133/><W125/><G125/><T128/><D128/><U110/><E110/><N who="2" m="42027" /><F93/><W6/><G121/><T101/><D94/><U77/><E77/><N who="3" m="29802" /><G71/><T117/><D117/><U115/><E115/><V33/><F38/><W100/><G100/><T135/><D101/><U11/><E34/><N who="2" m="13419" /><F27/><W126/><G126/><T79/><D79/><U127/><E35/><V103/><F103/><W59/><G59/><T86/><D135/><U13/><E127/><V1/><F1/><W99/><G99/><T132/><D132/><U42/><E92/><V72/><F72/><W122/><G122/><T4/><D36/><U82/><E82/><V66/><F66/><W96/><G96/><T55/><D65/><N who="1" m="39063" /><E63/><V61/><F61/><W24/><G24/><AGARI ba="0,0" hai="11,13,17,22,24,29,42,44,48,50,51" m="39063" machi="24" ten="30,2000,0" yaku="8,1,52,1" doraHai="56" who="1" fromWho="3" sc="438,0,166,20,132,0,264,-20" /><INIT seed="3,0,0,3,3,84" ten="438,186,132,244" oya="3" hai0="121,90,33,52,89,79,39,94,129,32,22,87,106" hai1="27,113,111,102,20,86,104,81,7,5,93,95,26" hai2="133,9,83,11,40,91,116,68,2,92,25,29,97" hai3="112,30,134,100,36,58,103,88,63,69,71,10,110"/><W118/><G118/><T1/><D39/><U64/><E113/><V45/><F116/><W50/><G112/><T55/><D121/><U12/><E104/><V130/><F68/><W124/><G36/><T56/><D106/><U3/><E3/><V53/><F130/><W74/><G74/><T105/><D105/><U131/><E131/><V6/><F133/><W19/><G30/><T37/><D37/><U114/><E114/><V17/><F53/><W126/><G134/><T54/><D1/><U70/><E70/><V67/><F67/><W35/><G50/><T23/><D79/><N who="1" m="46399" /><E64/><V4/><F17/><W44/><G44/><T21/><D129/><U0/><E0/><V120/><F120/><W78/><G78/><T34/><REACH who="0" step="1"/><D89/><REACH who="0" ten="428,186,132,244" step="2"/><U82/><E102/><V31/><F83/><W115/><G103/><T14/><D14/><U62/><E82/><V16/><F6/><W101/><G71/><T51/><AGARI ba="0,1" hai="21,22,23,32,33,34,51,52,54,55,56,87,90,94" machi="51" ten="40,8000,1" yaku="1,1,0,1,52,1,54,1,53,0" doraHai="84" doraHaiUra="24" who="0" fromWho="0" sc="428,90,186,-20,132,-20,244,-40" owari="518,61.8,166,-23.4,112,-38.8,204,0.4" /></mjloggm>