<mjloggm ver="2.3"><GO type="225" lobby="0"/><UN n0="%E9%80%9F%E6%B0%B4%E5%87%9B%E9%A6%99" n1="%E3%81%8B%E3%82%8F%E3%81%A1%E3%82%83%E3%82%93%35%38" n2="%6D%75%75%6D%75%72%61" n3="%72%61%6B%33" dan="16,16,16,16" rate="2156.65,2117.69,2138.93,2145.79" sx="F,M,F,M"/><TAIKYOKU oya="0"/><INIT seed="0,0,0,3,4,121" ten="250,250,250,250" oya="0" hai0="115,37,4,105,58,51,125,45,88,111,42,132,118" hai1="116,69,119,82,13,9,117,52,64,41,79,83,134" hai2="128,104,55,12,85,17,24,75,32,122,18,133,97" hai3="98,29,135,123,15,120,72,81,60,11,112,99,70"/><T103/><D118/><U0/><E0/><V126/><F75/><W65/><G112/><T71/><D115/><U26/><E134/><V39/><F122/><N who="3" m="46635" /><G29/><T38/><D132/><U66/><E41/><V3/><F3/><W14/><G135/><T108/><D103/><U6/><E69/><V7/><F133/><W100/><G11/><T57/><D105/><U20/><E52/><V53/><F128/><W95/><G99/><T113/><D4/><U2/><E2/><V50/><F126/><W10/><G10/><T49/><D113/><U93/><E93/><V47/><F39/><N who="0" m="14858" /><D88/><U110/><E82/><V1/><F1/><W22/><G22/><T61/><D125/><U131/><E131/><V107/><F7/><W23/><G23/><T5/><D5/><U73/><REACH who="1" step="1"/><E110/><REACH who="1" ten="250,240,250,250" step="2"/><N who="0" m="42025" /><D49/><U84/><E84/><V62/><F85/><W19/><G81/><T43/><D43/><U101/><E101/><V129/><F50/><W67/><G100/><T102/><D102/><U35/><E35/><V56/><F32/><W59/><G95/><T106/><D106/><U30/><AGARI ba="0,1" hai="6,9,13,20,26,30,64,66,73,79,83,116,117,119" machi="30" ten="30,2000,0" yaku="1,1,0,1,53,0" doraHai="121" doraHaiUra="48" who="1" fromWho="1" sc="250,-10,240,30,250,-5,250,-5" /><BYE who="2" /><INIT seed="1,0,0,2,2,32" ten="240,270,245,245" oya="1" hai0="89,48,16,26,58,35,93,15,99,59,120,3,108" hai1="94,122,98,11,38,31,43,65,0,100,97,62,118" hai2="1,117,106,121,85,86,46,113,79,51,50,102,119" hai3="61,55,12,18,111,132,57,114,87,67,10,103,22"/><U54/><E118/><UN n2="%6D%75%75%6D%75%72%61" /><V133/><F121/><W21/><G111/><T52/><D108/><U81/><E122/><V123/><F123/><W70/><G132/><T56/><D120/><U84/><E31/><V105/><F133/><W8/><G114/><T37/><D37/><U130/><E130/><V80/><F46/><W104/><G87/><T19/><D3/><U131/><E131/><V36/><F36/><W42/><G42/><T72/><D72/><U27/><E27/><V45/><F45/><W112/><G112/><T60/><D60/><U39/><E43/><V49/><F113/><W47/><G47/><T90/><D90/><U134/><E134/><V126/><F126/><W77/><G77/><T2/><D2/><U4/><E54/><V34/><F34/><W92/><G104/><T116/><D116/><U13/><E13/><V71/><F71/><BYE who="2" /><UN n2="%6D%75%75%6D%75%72%61" /><W23/><G8/><T33/><D33/><U69/><REACH who="1" step="1"/><E97/><REACH who="1" ten="240,260,245,245" step="2"/><V41/><F41/><W109/><G109/><T29/><REACH who="0" step="1"/><D19/><REACH who="0" ten="230,260,245,245" step="2"/><U125/><E125/><V66/><F117/><W115/><G115/><T96/><D96/><U17/><E17/><V28/><F119/><W9/><G18/><T20/><AGARI ba="0,2" hai="15,16,20,26,29,35,48,52,56,58,59,89,93,99" machi="20" ten="20,8000,1" yaku="1,1,0,1,7,1,54,2,53,0" doraHai="32" doraHaiUra="68" who="0" fromWho="0" sc="230,100,260,-40,245,-20,245,-20" /><INIT seed="2,0,0,5,0,0" ten="330,220,225,225" oya="2" hai0="115,113,51,27,73,35,10,91,119,22,5,1,28" hai1="128,67,38,60,23,134,94,90,79,81,16,19,45" hai2="70,42,106,44,15,132,25,88,4,120,29,103,13" hai3="30,98,17,121,99,33,14,110,3,46,95,37,59"/><V89/><F120/><W66/><G121/><T49/><D73/><U92/><E134/><V50/><F70/><W112/><G110/><T9/><D91/><U126/><E126/><V24/><F132/><W130/><G130/><T104/><D104/><U39/><E128/><V80/><F106/><W107/><G3/><T100/><D100/><U125/><E125/><V108/><F108/><W52/><G112/><T40/><D40/><U84/><E45/><V101/><F15/><W102/><G66/><T69/><D69/><U8/><E8/><N who="2" m="4231" /><F89/><W6/><G30/><T124/><D124/><U58/><E94/><V32/><F32/><W55/><G33/><T105/><D105/><U86/><REACH who="1" step="1"/><E19/><REACH who="1" ten="330,210,225,225" step="2"/><V56/><F56/><W85/><G59/><T2/><D9/><U43/><E43/><V72/><F72/><W62/><G107/><T68/><D68/><U133/><E133/><V48/><F44/><W77/><G46/><T53/><D10/><U135/><E135/><V12/><F42/><W122/><G95/><T36/><D113/><U109/><E109/><V57/><F57/><W75/><G75/><T82/><D115/><U61/><E61/><V34/><F50/><W18/><G122/><T54/><D49/><U47/><E47/><V97/><F48/><W20/><G62/><T64/><D51/><U87/><E87/><N who="2" m="50279" /><F97/><W41/><G99/><T127/><D127/><U21/><E21/><V116/><F116/><W76/><G98/><T78/><D119/><U118/><E118/><V111/><F111/><W83/><G41/><T31/><D35/><U65/><E65/><RYUUKYOKU ba="0,1" sc="330,-10,210,30,225,-10,225,-10" hai1="16,23,38,39,58,60,67,79,81,84,86,90,92" /><INIT seed="3,1,1,4,1,84" ten="320,240,215,215" oya="3" hai0="4,102,97,10,40,53,135,27,90,119,82,8,26" hai1="41,0,101,69,71,109,15,23,115,19,37,13,42" hai2="56,87,57,92,51,112,30,121,94,60,50,111,88" hai3="17,39,125,130,118,107,83,110,70,63,108,49,25"/><W81/><G118/><T34/><D119/><U38/><E0/><V79/><F112/><W98/><G39/><T16/><D135/><U14/><E115/><V65/><F111/><N who="3" m="42539" /><G125/><T47/><D53/><U54/><E109/><V3/><F3/><W22/><G130/><T9/><D34/><U43/><E101/><V59/><F121/><W7/><G7/><T129/><D4/><U11/><E38/><V52/><F79/><W105/><G49/><N who="2" m="18441" /><F30/><W104/><G98/><T131/><D47/><U33/><E37/><V116/><F116/><W132/><G132/><T67/><D97/><U6/><E42/><V123/><F123/><W126/><G126/><T28/><D40/><U61/><E43/><V89/><F65/><AGARI ba="1,1" hai="17,22,25,63,65,70,81,83,104,105,107" m="42539" machi="65" ten="40,3900,0" yaku="14,1,10,1" doraHai="84" who="3" fromWho="2" sc="320,0,240,0,215,-42,215,52" /><INIT seed="3,2,0,4,0,30" ten="320,240,173,267" oya="3" hai0="90,52,127,86,130,108,133,12,95,65,29,21,38" hai1="33,74,40,119,101,44,78,4,39,81,126,54,42" hai2="89,73,60,57,26,132,63,94,110,16,0,82,19" hai3="105,93,123,20,92,28,47,84,24,120,69,3,128"/><W91/><G105/><T125/><D38/><N who="1" m="21527" /><E54/><V62/><F110/><W9/><G69/><T43/><D43/><U35/><E126/><V17/><F132/><W79/><G128/><T32/><D65/><U111/><E111/><V7/><F57/><W102/><G79/><T61/><D108/><U68/><E119/><V59/><F59/><W118/><G118/><T100/><D100/><U106/><E4/><V45/><F45/><W75/><G75/><T96/><D133/><U67/><E42/><V1/><F7/><W80/><G47/><T53/><D61/><N who="1" m="40047" /><E39/><V76/><REACH who="2" step="1"/><F26/><REACH who="2" ten="320,240,163,267" step="2"/><W117/><G117/><T71/><D71/><U13/><E13/><V56/><F56/><W134/><G134/><T124/><D12/><U83/><E83/><V5/><F5/><W37/><G80/><T55/><D127/><U87/><E87/><AGARI ba="2,1" hai="0,1,16,17,19,60,62,63,73,76,82,87,89,94" machi="87" ten="40,2600,0" yaku="1,1,54,1,53,0" doraHai="30" doraHaiUra="109" who="2" fromWho="1" sc="320,0,240,-32,163,42,267,0" owari="320,42.0,208,-19.2,205,-29.5,267,6.7" /></mjloggm>