<mjloggm ver="2.3"><GO type="225" lobby="0"/><UN n0="%E7%99%BD%E9%9B%AA%E4%B9%83%E6%84%9B" n1="%73%6C%69%63%6B%33%31%39" n2="%E5%AF%82%E5%AF%9E%E3%82%AE%E3%83%8D%E3%82%B9%E3%83%93%E3%83%BC%E3%83%AB" n3="%E3%81%82%E3%81%99%E3%81%AB%E3%82%83%E3%82%80" dan="16,16,16,16" rate="2059.61,2165.55,2151.53,2118.83" sx="F,M,M,F"/><TAIKYOKU oya="0"/><INIT seed="0,0,0,4,1,56" ten="250,250,250,250" oya="0" hai0="12,71,2,16,110,130,72,24,61,25,114,123,41" hai1="45,79,65,18,10,120,100,82,29,59,108,124,97" hai2="73,64,21,23,37,32,117,105,81,87,28,22,17" hai3="51,31,3,42,129,90,8,115,35,74,66,44,55"/><T76/><D114/><U126/><E120/><V112/><F112/><W118/><G118/><T43/><D123/><U7/><E108/><V93/><F117/><W80/><G115/><T14/><D2/><U33/><E18/><V107/><F37/><W27/><G129/><T53/><D130/><U40/><E59/><V113/><F113/><W102/><G102/><T36/><D110/><U99/><E65/><V128/><F128/><W69/><G69/><T104/><D104/><U6/><E29/><V5/><F5/><N who="1" m="1545" /><E10/><V95/><F17/><W54/><G66/><T92/><D12/><U111/><E33/><V89/><F64/><W75/><G8/><T131/><D131/><U34/><E34/><V47/><F47/><W132/><G3/><T103/><D71/><U15/><E15/><V84/><F73/><W39/><G132/><T127/><D127/><N who="1" m="48683" /><E100/><V63/><F28/><W85/><REACH who="3" step="1"/><G55/><REACH who="3" ten="250,250,250,240" step="2"/><T52/><D53/><U94/><E111/><V0/><F0/><W60/><G60/><T70/><D70/><U57/><E57/><AGARI ba="0,1" hai="27,31,35,39,42,44,51,54,57,74,75,80,85,90" machi="57" ten="30,7700,0" yaku="1,1,7,1,53,2" doraHai="56" doraHaiUra="106" who="3" fromWho="1" sc="250,0,250,-77,250,0,240,87" /><INIT seed="1,0,0,5,2,28" ten="250,173,250,327" oya="1" hai0="106,104,32,41,97,66,117,108,112,102,90,54,35" hai1="70,20,115,111,69,107,82,75,27,34,22,83,57" hai2="109,53,11,45,74,40,114,15,12,29,110,60,73" hai3="5,79,132,58,50,4,64,10,134,16,55,36,96"/><U98/><E115/><V49/><F114/><W39/><G79/><T63/><D112/><U42/><E42/><V93/><F29/><W61/><G96/><T44/><D117/><U91/><E34/><V135/><F135/><N who="3" m="51755" /><G16/><T92/><D54/><U51/><E69/><V120/><F120/><W87/><G87/><T47/><D47/><U77/><E70/><V100/><F93/><W122/><G122/><T126/><D108/><N who="2" m="41578" /><F100/><W130/><G130/><T52/><D52/><N who="1" m="31903" /><E75/><N who="2" m="28683" /><F11/><W128/><G128/><T38/><D126/><U30/><E107/><V121/><F121/><W65/><G65/><T123/><D123/><U118/><E118/><V31/><F31/><W14/><G4/><T103/><D103/><U116/><E116/><V81/><F81/><N who="1" m="30729" /><E111/><V113/><F113/><W88/><G88/><T23/><D106/><U124/><E124/><V85/><F85/><W13/><G14/><T119/><D119/><U7/><E7/><V19/><F19/><W43/><G43/><T37/><D37/><U56/><E77/><V71/><F40/><W26/><G26/><T80/><D80/><U72/><E72/><V2/><F2/><W89/><G89/><T68/><REACH who="0" step="1"/><D23/><REACH who="0" ten="240,173,250,327" step="2"/><U1/><E20/><V59/><F45/><AGARI ba="0,1" hai="5,10,13,36,39,45,50,55,58,61,64" m="51755" machi="45" ten="30,1000,0" yaku="20,1" doraHai="28" who="3" fromWho="2" sc="240,0,173,0,250,-10,327,20" /><INIT seed="2,0,0,5,3,56" ten="240,173,240,347" oya="2" hai0="49,77,81,69,70,92,55,44,15,130,88,59,33" hai1="62,135,25,75,9,40,31,63,99,22,97,93,60" hai2="13,65,126,122,120,20,42,2,26,35,108,14,24" hai3="100,110,114,104,67,119,96,134,106,107,105,16,6"/><V129/><F42/><W57/><G110/><T118/><D33/><U72/><E135/><V43/><F43/><W115/><G119/><T45/><D130/><U47/><E9/><V83/><F83/><W17/><G6/><T116/><D15/><N who="2" m="5642" /><F65/><W10/><G10/><T68/><D81/><U29/><E29/><N who="2" m="19879" /><F129/><W19/><G134/><T90/><D77/><U11/><E11/><V132/><F132/><W5/><G5/><T23/><D23/><U117/><E117/><N who="0" m="45161" /><D90/><U112/><E112/><N who="3" m="43050" /><G57/><T95/><D95/><U78/><E78/><V48/><F48/><W32/><G32/><T98/><AGARI ba="0,0" hai="44,45,49,55,59,68,69,70,88,92,98" m="45161" machi="98" ten="40,2700,0" yaku="12,1,54,1" doraHai="56" who="0" fromWho="0" sc="240,27,173,-7,240,-13,347,-7" /><INIT seed="3,0,0,5,2,21" ten="267,166,227,340" oya="3" hai0="123,11,109,2,94,38,89,56,121,131,85,47,32" hai1="29,68,28,77,97,13,105,31,54,7,10,111,102" hai2="72,114,14,74,12,3,86,112,91,83,110,18,103" hai3="49,98,126,70,23,84,39,100,66,108,107,60,30"/><W125/><G39/><T64/><D32/><U120/><E120/><V27/><F3/><W8/><G8/><T135/><D109/><U104/><E111/><V79/><F110/><W78/><G49/><T80/><D135/><U42/><E68/><V65/><F65/><W71/><G108/><T16/><D131/><U6/><E42/><V130/><F130/><W55/><G55/><T17/><D2/><U106/><E77/><V33/><F103/><W118/><G118/><T40/><D17/><U101/><E97/><V5/><F5/><W37/><G37/><T52/><D64/><U15/><E54/><V99/><F99/><W26/><G71/><T90/><D16/><U53/><E53/><V9/><F14/><N who="1" m="5129" /><E10/><V43/><F43/><W134/><G134/><T0/><D11/><U34/><E34/><V127/><F127/><N who="3" m="48651" /><G84/><T4/><D4/><U45/><E45/><V113/><REACH who="2" step="1"/><F79/><AGARI ba="0,0" hai="23,26,30,60,66,70,78,79,98,100,107" m="48651" machi="79" ten="30,2900,0" yaku="18,1,52,1" doraHai="21" who="3" fromWho="2" sc="267,0,166,0,227,-29,340,29" owari="267,6.7,166,-33.4,198,-20.2,369,46.9" /></mjloggm>