<mjloggm ver="2.3"><GO type="225" lobby="0"/><UN n0="%E4%BF%BA%E3%81%A8%E5%A6%96%E5%A4%A2" n1="%6D%75%75%73%61%6E%6D%75" n2="%E5%8D%A0%E3%81%84%E5%B8%AB%E8%A3%8F%E3%81%AA%E3%81%84%E3%81%97" n3="%E6%A1%9C%E8%8A%B1%E9%96%83%E3%80%85" dan="16,17,17,17" rate="2100.83,2167.92,2187.39,2209.10" sx="F,F,M,M"/><TAIKYOKU oya="0"/><INIT seed="0,0,0,3,2,53" ten="250,250,250,250" oya="0" hai0="72,48,29,62,109,75,56,25,68,58,108,76,22" hai1="116,69,91,114,10,54,13,15,104,102,90,83,110" hai2="119,67,78,133,26,88,20,98,89,45,66,34,47" hai3="100,115,103,120,51,9,117,40,52,85,61,128,36"/><T7/><D76/><U17/><E116/><V64/><F133/><W127/><G117/><T101/><D101/><U132/><E69/><V21/><F119/><W55/><G115/><T6/><D48/><U73/><E132/><V121/><F121/><W134/><G134/><T77/><D68/><U23/><E114/><V122/><F122/><W124/><G120/><T130/><D130/><U19/><E110/><N who="0" m="42601" /><D77/><U93/><E104/><V14/><F78/><W135/><G103/><T87/><D87/><U99/><E73/><N who="0" m="28233" /><D62/><U82/><E54/><V35/><F98/><W42/><G55/><T106/><D106/><U31/><E31/><V79/><F79/><W131/><G85/><T32/><D32/><U111/><E111/><V112/><F112/><W41/><G100/><T0/><D0/><U126/><E126/><N who="3" m="48170" /><G61/><T57/><AGARI ba="0,0" hai="6,7,22,25,29,56,57,58" m="28233,42601" machi="57" ten="40,12000,1" yaku="14,1,10,1,52,3" doraHai="53" who="0" fromWho="0" sc="250,120,250,-40,250,-40,250,-40" /><INIT seed="0,1,0,3,1,93" ten="370,210,210,210" oya="0" hai0="36,12,91,135,48,39,10,83,60,57,52,74,11" hai1="64,21,99,34,25,63,61,55,67,119,101,24,62" hai2="6,113,30,90,54,123,0,126,95,117,26,102,15" hai3="105,81,69,116,75,125,86,47,68,121,9,106,78"/><T96/><D135/><U40/><E119/><V35/><F123/><W33/><G116/><T129/><D129/><U43/><E34/><V56/><F117/><W80/><G121/><T120/><D120/><U127/><E55/><V37/><F37/><W97/><G125/><T32/><D32/><U38/><E127/><V20/><F126/><W118/><G118/><T84/><D74/><U98/><E25/><V70/><F70/><W122/><G122/><T22/><D39/><U66/><E38/><V73/><F73/><W29/><G47/><T19/><D36/><U1/><E1/><V128/><F128/><W45/><G45/><T107/><REACH who="0" step="1"/><D60/><REACH who="0" ten="360,210,210,210" step="2"/><U16/><REACH who="1" step="1"/><E98/><REACH who="1" ten="360,200,210,210" step="2"/><V112/><F112/><W18/><G97/><T114/><D114/><U103/><E103/><AGARI ba="1,2" hai="10,11,12,19,22,48,52,57,83,84,91,96,103,107" machi="103" ten="40,7700,0" yaku="1,1,52,1,54,1,53,0" doraHai="93" doraHaiUra="124" who="0" fromWho="1" sc="360,100,200,-80,210,0,210,0" /><INIT seed="0,2,0,1,3,64" ten="460,120,210,210" oya="0" hai0="50,87,135,119,14,117,15,105,92,108,89,98,0" hai1="33,104,20,134,127,47,61,75,30,63,126,93,32" hai2="129,25,29,1,100,3,16,2,131,125,73,70,78" hai3="88,128,132,4,23,51,24,114,115,28,39,81,95"/><T94/><D105/><U48/><E104/><V83/><F125/><W77/><G39/><T27/><D0/><U79/><E127/><V109/><F100/><W91/><G132/><T13/><D135/><U42/><E134/><V22/><F109/><W43/><G128/><N who="2" m="49225" /><F29/><W56/><G4/><T76/><D108/><U36/><E126/><V101/><F101/><W80/><G80/><T106/><D106/><U31/><E33/><V72/><F73/><W66/><G91/><T59/><D27/><U99/><E32/><V53/><F53/><W54/><G66/><T122/><D122/><U86/><E75/><V19/><F19/><W112/><G43/><T113/><D113/><U52/><E31/><V55/><F55/><W62/><G62/><T90/><D76/><U68/><E68/><AGARI ba="2,0" hai="1,2,3,16,22,25,68,70,72,78,83" m="49225" machi="68" ten="40,8000,1" yaku="19,1,52,2,54,1" doraHai="64" who="2" fromWho="1" sc="460,0,120,-86,210,86,210,0" /><INIT seed="1,0,0,5,2,94" ten="460,34,296,210" oya="1" hai0="106,19,65,64,101,104,71,70,83,49,126,45,24" hai1="127,40,124,86,128,84,17,68,110,18,108,111,90" hai2="91,75,115,93,63,96,5,88,22,98,81,56,43" hai3="47,35,73,117,12,107,82,129,1,123,133,33,99"/><U39/><E68/><V131/><F131/><W76/><G123/><T130/><D83/><U37/><E128/><V27/><F115/><W44/><G129/><T0/><D0/><U103/><E103/><V26/><F5/><W69/><G1/><T105/><D130/><U31/><E31/><V87/><F43/><W79/><G69/><T53/><D126/><N who="1" m="48171" /><E40/><V42/><F42/><W67/><G67/><T48/><D71/><U135/><E135/><V41/><F41/><W7/><G79/><T95/><D70/><U97/><E97/><V134/><F134/><W34/><G117/><T46/><D95/><N who="1" m="54727" /><E86/><N who="2" m="50255" /><F75/><W62/><G133/><T9/><D101/><U80/><E80/><V25/><F22/><W8/><REACH who="3" step="1"/><G62/><REACH who="3" ten="460,34,296,200" step="2"/><T116/><D116/><U59/><E59/><V11/><F11/><W89/><G89/><T60/><D60/><U125/><N who="1" m="48179" /><U58/><DORA hai="109" /><E58/><V54/><AGARI ba="0,1" hai="25,26,27,54,56,63,87,91,93,96,98" m="50255" machi="54" ten="30,7900,0" yaku="8,1,52,2,54,1" doraHai="94,109" who="2" fromWho="2" sc="460,-20,34,-39,296,89,200,-20" owari="440,54.0,-5,-50.5,385,18.5,180,-22.0" /></mjloggm>