<mjloggm ver="2.3"><GO type="225" lobby="0"/><UN n0="%73%6C%69%63%6B%33%31%39" n1="%E8%90%BD%E6%97%A5" n2="%E3%82%BC%E3%83%AB%E3%83%80%E3%81%AE%E4%BC%9D%E8%AA%AC" n3="%E3%83%97%E3%83%AC%E3%83%B4%E3%82%A1%E3%83%86%E3%82%A3" dan="16,16,17,16" rate="2096.91,2103.50,2239.30,2123.19" sx="M,F,M,F"/><TAIKYOKU oya="0"/><INIT seed="0,0,0,3,1,134" ten="250,250,250,250" oya="0" hai0="78,83,130,53,63,95,30,20,82,68,19,34,47" hai1="50,15,84,31,10,46,54,0,51,3,103,92,111" hai2="12,14,104,101,81,98,100,16,27,80,67,43,49" hai3="37,74,26,44,35,96,93,65,117,60,7,42,70"/><T87/><D130/><U38/><E38/><V106/><F67/><W108/><G117/><T32/><D30/><U135/><E135/><V131/><F131/><W105/><G74/><T17/><D17/><U124/><E111/><V52/><F43/><W61/><G108/><T69/><D95/><U72/><E72/><V5/><F27/><W4/><G61/><T126/><D126/><U121/><E31/><V123/><F123/><W45/><G45/><T62/><D47/><U75/><E75/><V116/><F116/><W33/><G105/><T132/><D132/><U94/><E121/><V115/><F115/><W88/><REACH who="3" step="1"/><G26/><REACH who="3" ten="250,250,250,240" step="2"/><T79/><D62/><U64/><E64/><V55/><F106/><W25/><G25/><T48/><D63/><U118/><E118/><V66/><F66/><W112/><G112/><T114/><D114/><U36/><E36/><V73/><F73/><W59/><G59/><T99/><D68/><U85/><E51/><V22/><F49/><W127/><G127/><T129/><D69/><U76/><E124/><V6/><F104/><W23/><G23/><T107/><D129/><U21/><E21/><V18/><F22/><W102/><G102/><T57/><D107/><U13/><E103/><V8/><F8/><W90/><G90/><T128/><D128/><U109/><E109/><V91/><F91/><W125/><G125/><T11/><D11/><U24/><E24/><V89/><F89/><W39/><G39/><T41/><D20/><U133/><E133/><V120/><F120/><W28/><G28/><T9/><D9/><U122/><E10/><RYUUKYOKU ba="0,1" sc="250,-15,250,-15,250,15,240,15" hai2="5,6,12,14,16,18,52,55,80,81,98,100,101" hai3="4,7,33,35,37,42,44,60,65,70,88,93,96" /><INIT seed="1,1,1,0,0,41" ten="235,235,265,255" oya="1" hai0="71,120,124,102,56,125,117,28,129,17,72,57,121" hai1="68,9,46,134,67,132,22,76,23,59,106,40,64" hai2="91,1,48,80,32,19,118,34,55,86,29,113,84" hai3="4,2,36,10,88,69,97,89,50,27,58,49,54"/><U123/><E123/><N who="0" m="47177" /><D72/><U16/><E68/><V85/><F118/><W13/><G69/><T126/><D117/><U78/><E106/><V83/><F113/><W33/><G36/><T115/><D115/><U38/><E9/><V42/><F1/><W47/><G2/><T51/><D28/><U65/><E23/><V127/><F127/><W93/><G33/><T73/><D73/><U90/><E90/><V44/><F29/><W70/><G70/><T37/><D37/><U45/><E59/><V53/><F85/><W0/><G0/><T20/><D71/><U11/><E11/><V24/><F32/><W30/><G30/><T107/><D129/><U60/><E60/><V63/><F63/><W96/><G27/><N who="0" m="14735" /><D51/><U114/><E114/><V21/><F34/><W31/><G31/><T135/><D135/><N who="1" m="51755" /><E46/><V95/><F80/><W7/><G7/><T8/><D8/><U98/><E98/><AGARI ba="1,1" hai="56,57,98,102,107,124,125,126" m="14735,47177" machi="98" ten="40,2600,0" yaku="18,1,13,1" doraHai="41" who="0" fromWho="1" sc="235,39,235,-29,265,0,255,0" /><INIT seed="2,0,0,0,4,134" ten="274,206,265,255" oya="2" hai0="82,6,9,125,72,81,63,34,78,38,68,42,8" hai1="135,75,56,35,32,107,49,66,39,116,55,91,54" hai2="4,22,99,5,113,124,122,53,45,92,3,43,105" hai3="41,102,27,33,64,25,84,36,46,128,50,11,44"/><V18/><F124/><W100/><G128/><T0/><D125/><U62/><E116/><V121/><F105/><W101/><G33/><T104/><D104/><U111/><E111/><V131/><F113/><W17/><G64/><N who="0" m="40991" /><D9/><U130/><E135/><V117/><F117/><W74/><G74/><T47/><D82/><U13/><E130/><V103/><F131/><W112/><G112/><T96/><D96/><U14/><E39/><V20/><F53/><W86/><G27/><T108/><D108/><U95/><E107/><V73/><F73/><W106/><G106/><T19/><D19/><U26/><E75/><V76/><F76/><W23/><REACH who="3" step="1"/><G11/><REACH who="3" ten="274,206,265,245" step="2"/><T120/><D120/><U12/><E26/><V21/><F121/><W79/><G79/><T70/><D70/><U7/><E7/><V114/><F122/><W109/><G109/><T123/><D123/><U10/><E10/><V71/><F71/><W129/><G129/><T89/><D89/><U52/><REACH who="1" step="1"/><E49/><REACH who="1" ten="274,196,265,245" step="2"/><V80/><F114/><W90/><G90/><T61/><D61/><U67/><E67/><V88/><F5/><W77/><G77/><T29/><D78/><U31/><E31/><V98/><F4/><W127/><G127/><T48/><D48/><U87/><AGARI ba="0,2" hai="12,13,14,32,35,52,54,55,56,62,66,87,91,95" machi="87" ten="30,4000,0" yaku="1,1,0,1,54,1,53,0" doraHai="134" doraHaiUra="16" who="1" fromWho="1" sc="274,-10,196,60,265,-20,245,-10" /><INIT seed="3,0,0,3,0,63" ten="264,256,245,235" oya="3" hai0="27,14,132,43,111,45,38,17,124,22,128,61,98" hai1="130,13,16,32,121,106,42,28,92,35,33,100,49" hai2="82,70,129,131,64,7,46,26,89,134,80,18,31" hai3="10,108,90,73,12,59,29,44,123,114,57,47,96"/><W116/><G123/><T77/><D111/><U99/><E121/><V48/><F134/><W52/><G73/><T19/><D132/><U65/><E130/><N who="2" m="49675" /><F7/><W53/><G114/><T122/><D122/><U23/><E106/><V109/><F109/><W25/><G108/><T67/><D124/><U118/><E118/><V117/><F117/><W21/><G116/><T115/><D115/><U76/><E76/><V105/><F105/><W133/><G133/><T95/><D77/><U107/><E65/><V9/><F89/><W56/><G96/><T104/><D104/><U126/><E126/><V24/><F9/><W15/><G90/><T0/><D0/><U1/><E1/><V40/><F18/><W88/><G88/><T55/><D55/><N who="3" m="21065" /><G15/><T113/><D113/><U84/><E107/><V66/><F70/><W93/><G93/><T8/><D128/><U54/><E84/><V41/><F41/><W81/><G81/><N who="2" m="31337" /><F26/><W34/><G34/><AGARI ba="0,0" hai="24,31,34,40,46,48,64,66" m="31337,49675" machi="34" ten="30,3900,0" yaku="19,1,52,2" doraHai="63" who="2" fromWho="3" sc="264,0,256,0,245,39,235,-39" /><INIT seed="4,0,0,5,1,33" ten="264,256,284,196" oya="0" hai0="108,81,20,10,135,43,121,134,88,36,76,53,9" hai1="25,48,123,5,119,72,47,89,114,96,14,104,27" hai2="80,130,109,1,67,60,129,32,99,84,44,12,128" hai3="65,66,35,56,8,71,83,111,95,79,78,106,17"/><T13/><D121/><U57/><E123/><V50/><F109/><W68/><G106/><T82/><D36/><U92/><E119/><V4/><F32/><W59/><G35/><T22/><D43/><U42/><E72/><V90/><F12/><W58/><G111/><T86/><D108/><U103/><E114/><V125/><F125/><W63/><G95/><T24/><D53/><U26/><E57/><N who="2" m="37263" /><F99/><W7/><G17/><T77/><D77/><U131/><E131/><V11/><F50/><W15/><REACH who="3" step="1"/><G83/><REACH who="3" ten="264,256,284,186" step="2"/><T122/><D122/><U2/><E104/><V126/><F126/><W94/><G94/><T49/><D81/><U16/><E103/><V70/><F80/><W45/><G45/><T46/><D76/><U133/><E133/><V112/><F44/><W105/><G105/><T61/><D135/><U91/><E92/><N who="2" m="54343" /><F112/><W127/><G127/><T31/><D134/><U113/><E113/><V38/><F128/><W51/><G51/><T6/><D61/><AGARI ba="0,1" hai="7,8,15,56,58,59,61,63,65,66,68,71,78,79" machi="61" ten="40,2600,0" yaku="1,1,9,1,53,0" doraHai="33" doraHaiUra="30" who="3" fromWho="0" sc="264,-26,256,0,284,0,186,36" /><INIT seed="5,0,0,4,4,7" ten="238,256,284,222" oya="1" hai0="117,34,20,60,123,47,103,111,14,15,91,29,70" hai1="40,55,110,37,88,80,121,100,85,42,90,41,0" hai2="3,97,135,108,73,52,133,112,95,12,98,94,51" hai3="107,28,71,23,81,129,57,61,17,13,18,19,119"/><U26/><E121/><V68/><F108/><W38/><G71/><T122/><D111/><U62/><E110/><V132/><F3/><W104/><G38/><T65/><D117/><U25/><E0/><V49/><F112/><W63/><G119/><T6/><D34/><U114/><E37/><V116/><F116/><W16/><G129/><T31/><D103/><U74/><E74/><V64/><F73/><W105/><G28/><T134/><D134/><U92/><E100/><N who="2" m="60471" /><F12/><W75/><REACH who="3" step="1"/><G57/><REACH who="3" ten="238,256,284,212" step="2"/><T22/><D29/><U115/><E114/><V89/><F68/><W72/><G72/><T96/><D31/><U127/><E115/><V36/><F36/><W131/><G131/><T120/><D120/><U106/><E127/><V4/><F132/><W109/><G109/><T82/><D122/><U11/><E106/><V39/><F39/><W87/><G87/><T35/><D123/><U58/><E11/><V118/><F118/><W102/><G102/><T2/><D70/><U125/><E125/><V33/><F133/><W54/><G54/><T67/><D67/><U56/><E58/><V48/><F135/><W59/><G59/><T8/><D65/><U32/><E32/><V30/><F64/><W86/><G86/><AGARI ba="0,1" hai="25,26,40,41,42,55,56,62,80,85,86,88,90,92" machi="86" ten="40,3900,0" yaku="8,1,54,1" doraHai="7" who="1" fromWho="3" sc="238,0,256,49,284,0,212,-39" owari="238,-16.2,305,40.5,284,8.4,173,-32.7" /></mjloggm>