<mjloggm ver="2.3"><GO type="225" lobby="0"/><UN n0="%72%61%6B%33" n1="%E6%B8%A9%E2%98%85%E6%83%85%E2%98%85%E6%8E%AA%E2%98%85%E7%BD%AE" n2="%43%68%65" n3="%E3%82%82%E3%81%90%E3%82%89" dan="17,16,16,17" rate="2121.72,2177.93,2129.39,2200.56" sx="M,M,M,F"/><TAIKYOKU oya="0"/><INIT seed="0,0,0,5,3,85" ten="250,250,250,250" oya="0" hai0="6,44,20,30,65,74,73,7,80,77,132,46,129" hai1="90,36,40,86,5,21,98,114,127,19,116,11,101" hai2="38,24,1,18,99,125,57,88,104,26,47,84,0" hai3="67,59,10,124,2,9,112,37,56,131,93,72,41"/><T32/><D32/><U97/><E116/><V22/><F125/><W118/><G112/><T89/><D129/><U12/><E127/><V119/><F119/><W39/><G118/><T115/><D115/><U102/><E114/><V27/><F57/><W100/><G124/><T110/><D132/><U128/><E128/><V92/><F38/><W54/><G72/><T91/><D110/><U63/><E63/><V87/><F47/><W60/><G131/><T103/><D103/><N who="1" m="39435" /><E40/><V8/><F104/><W94/><G41/><T43/><D65/><U50/><E50/><V4/><REACH who="2" step="1"/><F1/><REACH who="2" ten="250,250,240,250" step="2"/><W133/><G39/><T111/><D44/><U23/><E36/><V55/><F55/><W95/><G37/><T33/><D46/><U64/><E64/><V68/><F68/><W96/><G2/><T82/><D43/><U15/><E23/><V117/><F117/><W120/><G133/><T130/><D130/><U62/><E62/><V66/><F66/><W58/><G120/><T3/><D20/><U122/><E122/><V14/><AGARI ba="0,1" hai="0,4,8,14,18,22,24,26,27,84,87,88,92,99" machi="14" ten="30,7900,0" yaku="1,1,0,1,52,1,54,1,53,0" doraHai="85" doraHaiUra="78" who="2" fromWho="2" sc="250,-39,250,-20,240,89,250,-20" /><INIT seed="1,0,0,1,4,131" ten="211,230,329,230" oya="1" hai0="6,75,73,104,102,99,57,44,2,55,69,31,125" hai1="5,16,3,122,0,22,32,84,62,96,98,101,40" hai2="129,78,61,53,58,89,20,24,70,38,41,95,36" hai3="112,116,67,82,9,43,27,92,72,86,65,29,23"/><U42/><E122/><V107/><F107/><W39/><G112/><T77/><D69/><U1/><E32/><V34/><F34/><W25/><G116/><T37/><D125/><U123/><E123/><V127/><F127/><W28/><G9/><T109/><D109/><U76/><E5/><V30/><F129/><W97/><G72/><T71/><D71/><U15/><E62/><V8/><F78/><W94/><G43/><T85/><D31/><U10/><E10/><V106/><F106/><W83/><G39/><T103/><D103/><U117/><E117/><V121/><F121/><W81/><G86/><T49/><D6/><U47/><E101/><V45/><F70/><W133/><G133/><T91/><D77/><U114/><E114/><V130/><F130/><W60/><G60/><T35/><D2/><U126/><E126/><V128/><F128/><W4/><G4/><T48/><D37/><U74/><E74/><V132/><F8/><W90/><REACH who="3" step="1"/><G94/><REACH who="3" ten="211,230,329,220" step="2"/><T87/><D87/><U59/><E42/><V51/><F132/><W120/><G120/><T13/><D73/><U18/><E84/><AGARI ba="0,1" hai="20,24,30,36,38,41,45,51,53,58,61,84,89,95" machi="84" ten="30,1000,0" yaku="7,1" doraHai="131" who="2" fromWho="1" sc="211,0,230,-10,329,20,220,0" /><INIT seed="2,0,0,3,0,36" ten="211,220,349,220" oya="2" hai0="94,55,125,46,62,33,124,29,91,28,81,89,77" hai1="101,113,132,53,25,32,104,13,39,52,82,68,44" hai2="120,117,30,18,3,95,59,105,85,122,118,129,126" hai3="79,87,1,64,97,80,5,34,135,96,73,74,98"/><V114/><F105/><W31/><G64/><T2/><D2/><U54/><E113/><V23/><F3/><W115/><G115/><T102/><D102/><U88/><E68/><V112/><F59/><W71/><G71/><T0/><D0/><U14/><E132/><V51/><F51/><W110/><G135/><T26/><D29/><U107/><E32/><V15/><F95/><W106/><G5/><T76/><D76/><U128/><E25/><N who="2" m="16703" /><F85/><W42/><G1/><T86/><D91/><U57/><E128/><V130/><F126/><W22/><G34/><T21/><D33/><U65/><E57/><V50/><F50/><W133/><G106/><T45/><D62/><U60/><E60/><V9/><F114/><W41/><G74/><T103/><D103/><U66/><E107/><V84/><F84/><W61/><G73/><T119/><D119/><N who="2" m="45578" /><F112/><W38/><G38/><T90/><D90/><U12/><E101/><V100/><F100/><W43/><G133/><T134/><D134/><U83/><E104/><V67/><F67/><W127/><G61/><T63/><D125/><U111/><E66/><V69/><F69/><W72/><G72/><T4/><D124/><U10/><E65/><V93/><F93/><W75/><G75/><N who="0" m="43199" /><D63/><U20/><E39/><V56/><F56/><W108/><REACH who="3" step="1"/><G127/><REACH who="3" ten="211,220,349,210" step="2"/><T49/><D4/><U99/><E54/><V16/><F130/><W37/><G37/><T121/><D121/><N who="2" m="46698" /><F129/><W40/><N who="3" m="10240" /><DORA hai="70" /><W47/><G47/><T78/><D45/><U58/><E44/><V24/><F24/><AGARI ba="0,1" hai="22,24,31,79,80,87,96,97,98,108,110" m="10240" machi="24" ten="60,12000,2" yaku="1,1,52,4,53,2" doraHai="36,70" doraHaiUra="123,8" who="3" fromWho="2" sc="211,0,220,0,349,-120,210,130" /><INIT seed="3,0,0,5,1,112" ten="211,220,229,340" oya="3" hai0="133,54,18,15,104,108,124,86,19,57,95,69,131" hai1="36,58,89,59,2,27,120,24,45,111,102,3,91" hai2="7,99,114,105,5,40,93,128,12,129,30,26,46" hai3="50,103,10,0,134,11,39,6,17,78,90,85,127"/><W113/><G39/><T100/><D69/><U110/><E102/><V76/><F114/><W101/><G113/><T53/><D108/><N who="1" m="41515" /><E120/><V4/><F105/><W116/><G116/><T44/><D124/><U122/><E122/><V106/><F106/><W49/><G127/><T63/><D131/><N who="2" m="50250" /><F76/><W56/><G78/><T70/><D133/><U52/><E45/><V75/><F75/><W31/><G31/><T92/><D70/><U130/><E36/><N who="2" m="21767" /><F12/><N who="3" m="5207" /><G134/><T38/><D38/><U121/><E121/><V13/><F13/><N who="3" m="7359" /><G0/><N who="1" m="42" /><E130/><V28/><F26/><N who="1" m="9769" /><E59/><V14/><F14/><W107/><G107/><T66/><D104/><U16/><E16/><N who="0" m="6185" /><D15/><U33/><E33/><V118/><F118/><W126/><G126/><T109/><D109/><U82/><E82/><V41/><F41/><W37/><G37/><T81/><D44/><U68/><E68/><V61/><F61/><AGARI ba="0,0" hai="52,58,61,89,91" m="9769,42,41515" machi="61" ten="30,2000,0" yaku="14,1,54,1" doraHai="112" who="1" fromWho="2" sc="211,0,220,20,229,-20,340,0" owari="211,-18.9,240,4.0,209,-29.1,340,44.0" /></mjloggm>