<mjloggm ver="2.3"><GO type="225" lobby="0"/><UN n0="%4E%6F%2E%30%30%30%31" n1="%47%48%4F%53%54" n2="%6D%75%75%6D%75%72%61" n3="%E5%B8%86%E7%AB%8B%E5%A4%8F%E8%A1%A3" dan="18,17,17,17" rate="2224.46,2237.09,2221.13,2145.63" sx="M,M,F,M"/><TAIKYOKU oya="0"/><INIT seed="0,0,0,0,4,5" ten="250,250,250,250" oya="0" hai0="116,89,75,22,119,96,16,121,57,77,41,51,38" hai1="125,34,9,117,79,114,11,123,106,82,7,54,60" hai2="0,40,49,113,74,80,104,76,111,94,47,65,69" hai3="36,131,15,98,27,20,12,102,53,86,42,45,28"/><T99/><D121/><U30/><E117/><V24/><F111/><W62/><G131/><T92/><D38/><U109/><E123/><V13/><F104/><W37/><G37/><T55/><D41/><U90/><E106/><V118/><F0/><W8/><G53/><T78/><D96/><U39/><E39/><V112/><F118/><W115/><G115/><T103/><D103/><U10/><E109/><V1/><F1/><W132/><G132/><T108/><D108/><U64/><E54/><V71/><F24/><W21/><G62/><T46/><D75/><U135/><E90/><V124/><F94/><W63/><G63/><T122/><D122/><U33/><E135/><V93/><F93/><W29/><G86/><T19/><D19/><U61/><E61/><V130/><F124/><W52/><G52/><N who="0" m="29815" /><D119/><U25/><E125/><V59/><F130/><W101/><G15/><N who="0" m="9503" /><D116/><U129/><E129/><V17/><F71/><W70/><G70/><T97/><D97/><U72/><E114/><V26/><F69/><W23/><G29/><T105/><D105/><U67/><E34/><V68/><F68/><W95/><G102/><T14/><D14/><U43/><E43/><V32/><F32/><W91/><G101/><T110/><D110/><U6/><E67/><V126/><F126/><W134/><G134/><T120/><D120/><U133/><E133/><V100/><F100/><W127/><G127/><T44/><D44/><U31/><E31/><V48/><F113/><W50/><G36/><T81/><D81/><U18/><E18/><AGARI ba="0,0" hai="8,12,18,20,21,23,27,28,42,45,50,91,95,98" machi="18" ten="30,3900,0" yaku="7,1,8,1,52,1" doraHai="5" who="3" fromWho="1" sc="250,0,250,-39,250,0,250,39" /><INIT seed="1,0,0,0,2,61" ten="250,211,250,289" oya="1" hai0="69,3,64,57,41,103,32,111,104,114,75,107,135" hai1="82,83,31,120,5,58,4,119,0,12,90,86,37" hai2="128,105,79,38,22,46,118,30,126,72,133,96,63" hai3="45,9,87,78,42,62,131,112,59,66,24,71,13"/><U7/><E119/><V47/><F118/><W81/><G112/><T80/><D57/><U10/><E120/><V43/><F126/><W16/><G131/><T125/><D41/><U109/><E37/><V74/><F133/><W51/><REACH who="3" step="1"/><G24/><REACH who="3" ten="250,211,250,279" step="2"/><T28/><D114/><U52/><E109/><V124/><F128/><W17/><G17/><T53/><D111/><U44/><E0/><V1/><F1/><W68/><AGARI ba="0,1" hai="9,13,16,42,45,51,59,62,66,68,71,78,81,87" machi="68" ten="30,8000,1" yaku="1,1,0,1,52,1,54,1,53,1" doraHai="61" doraHaiUra="60" who="3" fromWho="3" sc="250,-20,211,-40,250,-20,279,90" /><INIT seed="2,0,0,4,1,18" ten="230,171,230,369" oya="2" hai0="97,7,53,114,33,60,76,3,68,48,91,25,9" hai1="128,95,42,89,12,74,94,58,37,101,40,125,61" hai2="120,49,10,131,123,122,34,52,71,46,110,79,44" hai3="104,50,39,22,112,0,4,106,109,118,20,134,130"/><V86/><F34/><W80/><G39/><T30/><D114/><U87/><E125/><V17/><F71/><W90/><G118/><T115/><D115/><U103/><E128/><V8/><F131/><W133/><G112/><T102/><D76/><U93/><E74/><V27/><F110/><W41/><G130/><T24/><D24/><U23/><E37/><V83/><REACH who="2" step="1"/><F44/><REACH who="2" ten="230,171,220,369" step="2"/><W67/><G109/><T98/><D68/><U121/><E121/><V36/><F36/><W66/><G134/><T92/><D60/><U116/><E116/><V84/><F84/><W16/><G133/><T65/><D98/><U31/><E103/><V21/><AGARI ba="0,1" hai="8,10,17,21,27,46,49,52,79,83,86,120,122,123" machi="21" ten="40,12000,1" yaku="1,1,0,1,52,1,54,1,53,1" doraHai="18" doraHaiUra="45" who="2" fromWho="2" sc="230,-40,171,-40,220,130,369,-40" /><INIT seed="2,1,0,4,0,9" ten="190,131,350,329" oya="2" hai0="16,8,63,94,44,107,122,135,80,13,61,58,42" hai1="74,112,132,97,4,95,62,5,60,23,110,55,17" hai2="3,49,35,48,127,71,59,34,77,115,36,75,47" hai3="57,10,96,118,43,131,56,30,0,2,27,86,133"/><V99/><F115/><W116/><G131/><T41/><D122/><U37/><E112/><V124/><F71/><W12/><G133/><T51/><D107/><U98/><E132/><V91/><F3/><W126/><G43/><T14/><D135/><U68/><E74/><V50/><F59/><W93/><G126/><T15/><D41/><U32/><E32/><V66/><F66/><W83/><G0/><T73/><D63/><U53/><E110/><V6/><F36/><W101/><G2/><T123/><D123/><U104/><E104/><V114/><F47/><W40/><G40/><T129/><D129/><U25/><E37/><V125/><F114/><W88/><G118/><T29/><D29/><U82/><E82/><N who="2" m="45375" /><F6/><W121/><G121/><T102/><D80/><U52/><E97/><V18/><F18/><N who="3" m="8471" /><G116/><T76/><D76/><U28/><E17/><V26/><F26/><W22/><AGARI ba="1,0" hai="22,27,30,56,57,83,86,88,93,96,101" m="8471" machi="22" ten="30,4000,0" yaku="8,1,52,1,54,1" doraHai="9" who="3" fromWho="3" sc="190,-11,131,-11,350,-21,329,43" /><INIT seed="3,0,0,3,1,28" ten="179,120,329,372" oya="3" hai0="67,3,107,105,135,66,86,103,12,89,61,44,100" hai1="5,14,77,59,104,109,125,40,122,91,17,117,123" hai2="19,121,27,74,46,33,47,1,133,115,11,26,72" hai3="75,88,32,90,97,63,127,76,24,101,114,70,49"/><W99/><G114/><T30/><D3/><U2/><E104/><V73/><F115/><W78/><G127/><T71/><D30/><U10/><E125/><V119/><F119/><W80/><G24/><T39/><D12/><U62/><E117/><V43/><F133/><W53/><G32/><T20/><D20/><U111/><E77/><V57/><F121/><W13/><G13/><T128/><D61/><U126/><E126/><V6/><F57/><W93/><G78/><T37/><D71/><U113/><E113/><V8/><F8/><W58/><G70/><T16/><D66/><U60/><E40/><V106/><F106/><W129/><G129/><T96/><D67/><U22/><E91/><V69/><F69/><W65/><G99/><T38/><D96/><U45/><E45/><V108/><F108/><W87/><G75/><T34/><D44/><U54/><REACH who="1" step="1"/><E62/><REACH who="1" ten="179,110,329,372" step="2"/><V0/><F47/><N who="3" m="27839" /><G90/><T50/><D89/><U98/><E98/><V132/><F132/><W120/><G120/><T83/><D105/><U134/><E134/><V92/><F0/><W4/><G76/><T31/><D107/><U51/><E51/><V112/><F112/><W81/><G88/><T84/><D50/><U64/><E64/><V118/><F118/><W116/><G65/><T130/><D135/><U124/><E124/><V23/><F92/><W48/><G93/><T9/><D38/><U35/><E35/><V25/><REACH who="2" step="1"/><F33/><REACH who="2" ten="179,110,319,372" step="2"/><W131/><G116/><T18/><D34/><U82/><E82/><V55/><F55/><W56/><G81/><T85/><D83/><U21/><E21/><RYUUKYOKU ba="0,2" sc="179,-15,110,15,319,15,372,-15" hai1="2,5,10,14,17,22,54,59,60,109,111,122,123" hai2="1,6,11,19,23,25,26,27,43,46,72,73,74" owari="164,-23.6,125,-37.5,334,13.4,377,47.7" /></mjloggm>