<mjloggm ver="2.3"><GO type="225" lobby="0"/><UN n0="%E6%A0%B9%E5%85%83%E3%81%8B%E3%82%89%E5%90%B9%E3%81%A3%E9%A3%9B%E3%81%B6" n1="%33%74%72%65%65" n2="%E3%81%99%E3%81%84%E3%81%BE%E3%81%9B%E3%83%BC%E3%82%93" n3="%E3%82%BC%E3%83%AB%E3%83%80%E3%81%AE%E4%BC%9D%E8%AA%AC" dan="17,16,18,17" rate="2167.21,2156.09,2217.50,2241.00" sx="F,F,M,M"/><TAIKYOKU oya="0"/><INIT seed="0,0,0,5,3,61" ten="250,250,250,250" oya="0" hai0="67,45,55,21,73,120,110,10,71,82,133,100,118" hai1="22,35,66,99,47,128,43,97,86,30,24,127,76" hai2="134,12,53,54,15,107,84,81,113,114,9,0,75" hai3="96,92,16,88,126,103,38,132,112,19,50,33,59"/><T74/><D118/><U117/><E117/><V29/><F75/><W64/><G112/><T104/><D120/><U78/><E127/><V90/><F107/><W108/><G38/><T123/><D123/><U72/><E128/><V48/><F134/><W60/><G132/><T101/><D133/><U102/><E72/><V87/><F0/><W121/><G121/><T56/><D71/><U28/><E28/><V14/><F29/><W1/><G108/><T85/><D21/><U42/><E42/><V34/><F34/><W17/><G126/><T49/><D10/><U135/><E135/><V106/><F106/><W63/><G33/><T37/><D110/><U46/><E46/><N who="2" m="27799" /><F54/><W70/><G1/><T62/><D37/><U77/><E86/><V109/><F109/><W124/><G50/><T27/><D27/><U4/><E4/><N who="2" m="3111" /><F114/><W115/><G115/><T93/><D104/><U7/><E7/><V119/><F119/><W52/><REACH who="3" step="1"/><G124/><REACH who="3" ten="250,250,250,240" step="2"/><T39/><D39/><U31/><E35/><V79/><F113/><W25/><G25/><T89/><REACH who="0" step="1"/><D74/><REACH who="0" ten="240,250,250,240" step="2"/><U3/><E24/><V11/><F11/><W40/><G40/><T51/><D51/><U68/><E22/><V130/><F130/><W98/><G98/><T131/><D131/><U5/><E97/><V6/><F6/><W95/><G95/><AGARI ba="0,2" hai="14,15,79,81,84,87,90,95" m="3111,27799" machi="95" ten="30,1000,0" yaku="8,1" doraHai="61" who="2" fromWho="3" sc="240,0,250,0,250,30,240,-10" /><INIT seed="1,0,0,2,3,103" ten="240,250,280,230" oya="1" hai0="109,90,95,80,108,120,20,55,86,89,1,124,68" hai1="115,63,122,119,10,31,71,34,125,0,9,130,43" hai2="99,51,61,11,64,39,28,25,114,37,56,107,75" hai3="49,123,26,82,93,58,35,12,105,22,62,50,102"/><U81/><E119/><V135/><F75/><W112/><G123/><T106/><D1/><U85/><E122/><V8/><F135/><W126/><G112/><T3/><D3/><U44/><E115/><V33/><F114/><W60/><G35/><T5/><D68/><U66/><E130/><V92/><F107/><W14/><G126/><T19/><D5/><U91/><E125/><V131/><F131/><W127/><G127/><T118/><D124/><U17/><E0/><V84/><F84/><W73/><G105/><T59/><D120/><U41/><E41/><V111/><F111/><N who="0" m="42570" /><D106/><U69/><E69/><V4/><F51/><N who="3" m="19467" /><G82/><T110/><N who="0" m="42578" /><T52/><DORA hai="57" /><D59/><U88/><E17/><V129/><F129/><W29/><G73/><T13/><D118/><U128/><E128/><V132/><F132/><W48/><N who="3" m="19475" /><W116/><DORA hai="6" /><G116/><T2/><D2/><U79/><E44/><V76/><F4/><W113/><G113/><T42/><D42/><U47/><E47/><V53/><F56/><W54/><G62/><T23/><D23/><U78/><E43/><V101/><F61/><W32/><G32/><T38/><D38/><U83/><E34/><V36/><F36/><W18/><G18/><T27/><D27/><U97/><E31/><V67/><F28/><W104/><G104/><T94/><D80/><U65/><E71/><V72/><F33/><W15/><G15/><T24/><D13/><U30/><E30/><V134/><F25/><W98/><AGARI ba="0,0" hai="12,14,22,26,29,54,58,60,93,98,102" m="19475" machi="98" ten="40,2700,0" yaku="8,1,52,1" doraHai="103,57,6" who="3" fromWho="3" sc="240,-7,250,-13,280,-7,230,27" /><INIT seed="2,0,0,1,5,15" ten="233,237,273,257" oya="2" hai0="4,121,127,50,0,87,25,8,64,102,70,114,120" hai1="116,94,125,41,65,48,89,2,55,22,67,132,71" hai2="110,28,72,133,95,92,98,90,96,33,123,56,128" hai3="7,126,11,1,52,51,3,101,24,43,99,129,100"/><V112/><F112/><W82/><G126/><T108/><D114/><U6/><E116/><V77/><F123/><W53/><G129/><T75/><D75/><U13/><E125/><V74/><F28/><W18/><G1/><T61/><D108/><U63/><E132/><V66/><F33/><W91/><G43/><T119/><D119/><U104/><E104/><V32/><F32/><W26/><G100/><T21/><D127/><U73/><E73/><V76/><F128/><W14/><G91/><T12/><D102/><U97/><E2/><V81/><F66/><W85/><G85/><T39/><D39/><U30/><E30/><V49/><F49/><W86/><G86/><T23/><D50/><U60/><E41/><V111/><F56/><W103/><G82/><T135/><D135/><U130/><E130/><V118/><F133/><W78/><G78/><T34/><D87/><U9/><E22/><V47/><F118/><W134/><G103/><T10/><D23/><U105/><E105/><V57/><F81/><W46/><G53/><T17/><REACH who="0" step="1"/><D34/><REACH who="0" ten="223,237,273,257" step="2"/><U117/><E117/><V38/><F74/><W84/><G84/><T113/><D113/><U36/><E36/><V19/><F38/><W69/><G134/><T31/><AGARI ba="0,1" hai="0,4,8,10,12,17,21,25,31,61,64,70,120,121" machi="31" ten="20,5200,0" yaku="1,1,0,1,7,1,52,1,53,0" doraHai="15" doraHaiUra="42" who="0" fromWho="0" sc="223,62,237,-13,273,-26,257,-13" /><INIT seed="3,0,0,1,0,117" ten="285,224,247,244" oya="3" hai0="15,74,134,7,40,100,95,32,13,121,81,103,90" hai1="101,77,47,108,112,105,18,72,115,114,41,92,106" hai2="25,19,46,16,22,87,45,68,111,49,23,60,0" hai3="64,85,3,76,28,89,69,122,20,36,88,21,11"/><W96/><G122/><T78/><D32/><U59/><E108/><V42/><F0/><W2/><G36/><T57/><D134/><U135/><E135/><V35/><F111/><W53/><G69/><T54/><D40/><U4/><E4/><V97/><F35/><W14/><G64/><T131/><D131/><U83/><E59/><V75/><F75/><W31/><G53/><T71/><D71/><U128/><E128/><V61/><F68/><W5/><G2/><T56/><D56/><U63/><E63/><V120/><F120/><W27/><G3/><T107/><D7/><U62/><E62/><V73/><F73/><W29/><G96/><T58/><D58/><U127/><E18/><V9/><F9/><W37/><G37/><T10/><D10/><U118/><E118/><V98/><F87/><W113/><G113/><T102/><D107/><U93/><E127/><V12/><F46/><W43/><G43/><T80/><D80/><U39/><REACH who="1" step="1"/><E101/><REACH who="1" ten="285,214,247,244" step="2"/><V110/><F110/><W52/><G28/><T119/><D119/><U86/><E86/><V48/><F61/><W129/><G129/><T104/><D103/><U132/><E132/><V66/><F60/><W30/><G30/><T55/><D102/><U125/><E125/><V79/><F66/><W124/><G124/><T44/><D100/><U50/><E50/><V33/><F49/><W133/><G133/><T67/><D67/><U38/><E38/><V65/><F65/><W123/><G123/><T8/><D121/><U109/><E109/><V82/><F48/><W26/><G52/><T70/><D55/><RYUUKYOKU ba="0,1" sc="285,-15,214,15,247,-15,244,15" hai1="39,41,47,72,77,83,92,93,105,106,112,114,115" hai3="5,11,14,20,21,26,27,29,31,76,85,88,89" /><INIT seed="3,1,1,3,3,124" ten="270,229,232,259" oya="3" hai0="41,110,135,24,113,133,92,100,78,75,1,86,28" hai1="34,57,82,117,59,0,93,112,116,16,55,49,9" hai2="114,115,83,2,17,66,126,123,35,25,77,30,87" hai3="14,65,4,97,132,62,18,81,33,12,130,128,32"/><W122/><G122/><T131/><D131/><N who="3" m="50217" /><G132/><T61/><D1/><U21/><E112/><V45/><F2/><W36/><G36/><T73/><D41/><U89/><E82/><V3/><F3/><W107/><G81/><N who="0" m="47415" /><D61/><U37/><E34/><N who="3" m="13418" /><G4/><T79/><D110/><U91/><E37/><V69/><F123/><W13/><G97/><N who="0" m="59431" /><D79/><U27/><E59/><V19/><F115/><W109/><G107/><T40/><D113/><U104/><E104/><V67/><F83/><W53/><G53/><T29/><D75/><U48/><E48/><V129/><F129/><W118/><G118/><N who="1" m="45674" /><E93/><V64/><F114/><W70/><G109/><T7/><D133/><U20/><E20/><AGARI ba="1,1" hai="12,13,14,18,20,62,65,70" m="13418,50217" machi="20" ten="30,11600,0" yaku="19,1,52,3" doraHai="124" who="3" fromWho="1" sc="270,0,229,-119,232,0,259,129" owari="270,7.0,110,-39.0,232,-16.8,388,48.8" /></mjloggm>