<mjloggm ver="2.3"><GO type="225" lobby="0"/><UN n0="%E3%81%B5%E3%81%98%E3%81%8B%E3%81%A4" n1="%E3%83%97%E3%83%AC%E3%83%B4%E3%82%A1%E3%83%86%E3%82%A3" n2="%4C%4F%4C%49%54%41" n3="%E5%8F%AF%E5%85%90%E9%82%A3%E7%94%B1%E5%A4%9A" dan="16,16,16,17" rate="2085.36,2109.84,2191.37,2152.17" sx="M,F,F,F"/><TAIKYOKU oya="0"/><INIT seed="0,0,0,4,5,34" ten="250,250,250,250" oya="0" hai0="80,3,49,38,86,119,90,14,21,131,54,78,102" hai1="48,42,46,70,125,105,9,13,55,133,84,126,130" hai2="4,101,107,50,69,6,77,58,52,29,8,26,73" hai3="109,44,56,99,28,15,22,59,33,134,43,110,65"/><T135/><D119/><U20/><E105/><V132/><F69/><W128/><G128/><T121/><D38/><U85/><E70/><V88/><F132/><W100/><G134/><T10/><D131/><U122/><E130/><V91/><F77/><W83/><G33/><T116/><D135/><U114/><E133/><V23/><F73/><W94/><G83/><T2/><D116/><U18/><E122/><V63/><F6/><W51/><G15/><T24/><D121/><U17/><E114/><V123/><F123/><W62/><REACH who="3" step="1"/><G59/><REACH who="3" ten="250,250,250,240" step="2"/><T47/><D78/><U82/><E82/><V39/><F39/><W19/><G19/><N who="0" m="8663" /><D102/><U111/><E111/><V60/><F101/><W36/><G36/><T103/><D103/><U16/><E18/><AGARI ba="0,1" hai="2,3,18,21,24,47,49,54,80,86,90" m="8663" machi="18" ten="30,5800,0" yaku="25,1,52,2" doraHai="34" who="0" fromWho="1" sc="250,68,250,-58,250,0,240,0" /><INIT seed="0,1,0,2,4,122" ten="318,192,250,240" oya="0" hai0="95,88,115,106,17,56,41,99,132,107,15,45,128" hai1="21,109,94,33,97,52,111,34,14,116,120,126,49" hai2="27,37,70,124,50,66,119,58,90,87,104,38,11" hai3="123,47,12,85,121,100,16,110,93,102,86,134,57"/><T96/><D115/><U82/><E120/><V80/><F70/><W91/><G134/><T36/><D132/><U0/><E0/><V101/><F124/><W8/><G123/><T40/><D128/><U9/><E116/><V28/><F119/><W64/><G121/><T2/><D2/><U75/><E126/><V5/><F101/><W18/><G110/><N who="1" m="41994" /><E21/><V84/><F104/><W20/><G47/><T48/><D99/><U10/><E82/><V68/><F68/><W129/><G129/><T125/><D125/><U35/><E75/><V61/><F50/><W92/><G86/><T46/><REACH who="0" step="1"/><D56/><REACH who="0" ten="308,192,250,240" step="2"/><N who="1" m="32783" /><E14/><V89/><F58/><W7/><G57/><T44/><D44/><U30/><E30/><V69/><F28/><W32/><G12/><T78/><D78/><U1/><E1/><V72/><F69/><W39/><G85/><T73/><D73/><U76/><E76/><V135/><F87/><W51/><G39/><T131/><D131/><U54/><E54/><V3/><F38/><W43/><G64/><T114/><D114/><U105/><E105/><V118/><F37/><W4/><G43/><T26/><D26/><U53/><E53/><V25/><F72/><W63/><G51/><T6/><D6/><U13/><E13/><V29/><F118/><W42/><G4/><T74/><D74/><U55/><E55/><V83/><F135/><W113/><G7/><T67/><D67/><U79/><E79/><V65/><F29/><W112/><G112/><T19/><D19/><U22/><E22/><AGARI ba="1,1" hai="15,17,22,36,40,41,45,46,48,88,95,96,106,107" machi="22" ten="30,5800,0" yaku="1,1,7,1,54,1,53,0" doraHai="122" doraHaiUra="23" who="0" fromWho="1" sc="308,71,192,-61,250,0,240,0" /><INIT seed="0,2,0,0,5,87" ten="379,131,250,240" oya="0" hai0="117,123,81,23,50,134,84,22,35,48,112,7,99" hai1="45,128,54,47,91,97,103,89,40,37,33,107,108" hai2="8,64,72,61,104,21,71,62,32,70,41,60,16" hai3="93,0,20,56,14,66,120,129,73,77,2,102,49"/><T133/><D123/><U1/><E33/><V52/><F32/><W110/><G120/><T31/><D117/><U30/><E30/><V132/><F72/><W90/><G110/><T79/><D112/><U65/><E1/><V55/><F104/><W10/><G129/><T17/><D7/><U94/><E108/><V58/><F132/><N who="0" m="50794" /><D35/><U82/><E128/><V74/><F74/><W127/><G127/><T28/><D99/><U38/><E65/><V83/><F41/><W67/><G102/><T115/><D115/><U80/><E107/><V124/><F124/><W12/><G77/><T130/><D130/><U4/><E4/><V125/><F125/><W135/><G73/><T78/><D78/><U36/><E54/><N who="2" m="20523" /><F70/><W13/><G13/><N who="0" m="9519" /><D23/><U106/><E106/><V76/><F71/><W111/><G135/><T57/><D57/><U34/><E34/><V46/><F8/><W53/><G111/><T51/><AGARI ba="2,0" hai="28,31,48,50,51,79,81,84" m="9519,50794" machi="51" ten="30,1500,0" yaku="20,1" doraHai="87" who="0" fromWho="0" sc="379,21,131,-7,250,-7,240,-7" /><INIT seed="0,3,0,5,4,113" ten="400,124,243,233" oya="0" hai0="127,60,23,99,61,6,119,103,45,13,115,122,35" hai1="46,25,118,90,67,64,49,62,8,57,91,79,73" hai2="75,124,34,24,131,71,98,16,2,77,130,135,28" hai3="56,121,4,10,69,89,41,50,80,107,15,32,17"/><T104/><D122/><U44/><E67/><V59/><F71/><W5/><G69/><T0/><D115/><U21/><E46/><V12/><F75/><W94/><G107/><T84/><D35/><U38/><E38/><V85/><F98/><W95/><G32/><T3/><D3/><U74/><E74/><V81/><F2/><W40/><G121/><T82/><D45/><U117/><E8/><V70/><F70/><W134/><G134/><T43/><D43/><N who="3" m="16457" /><G80/><T39/><D39/><U76/><E73/><V31/><F31/><W114/><G114/><T51/><D0/><U33/><E33/><V123/><F123/><W63/><G50/><T36/><D51/><U37/><E37/><V11/><F124/><W129/><G129/><N who="2" m="49161" /><F59/><W93/><G89/><T101/><D127/><U54/><E91/><V97/><F97/><W30/><G30/><T19/><D36/><U88/><E90/><V20/><F135/><W18/><G18/><T109/><D103/><U26/><E88/><V47/><F47/><W48/><G48/><T78/><D6/><U96/><E96/><V27/><F34/><W126/><G126/><T68/><D68/><U105/><E105/><V120/><F120/><W112/><G112/><T14/><D61/><U9/><E9/><V83/><F81/><W55/><AGARI ba="3,0" hai="4,5,10,15,17,55,56,63,93,94,95" m="16457" machi="55" ten="30,1100,0" yaku="8,1" doraHai="113" who="3" fromWho="3" sc="400,-8,124,-6,243,-6,233,20" /><INIT seed="1,0,0,4,3,52" ten="392,118,237,253" oya="1" hai0="127,131,33,42,12,9,116,129,102,99,120,38,119" hai1="49,94,35,108,65,70,16,23,117,76,132,51,93" hai2="67,87,104,29,122,3,66,107,15,72,14,101,73" hai3="40,97,135,55,46,4,95,6,85,24,5,84,19"/><U106/><E117/><V8/><F122/><W69/><G135/><T21/><D33/><U103/><E35/><V92/><F29/><W71/><G55/><T115/><D115/><U17/><E132/><V121/><F121/><W63/><G63/><T88/><D88/><U105/><E108/><V82/><F3/><W27/><G71/><T118/><D120/><U96/><E76/><V18/><F92/><W34/><G69/><T2/><D127/><U75/><E75/><V1/><F1/><W25/><G19/><T81/><D81/><U114/><E114/><V43/><F43/><W30/><G30/><T77/><D77/><U111/><E111/><V113/><F113/><W133/><G34/><T47/><D21/><U90/><E106/><V74/><F15/><W50/><REACH who="3" step="1"/><G133/><REACH who="3" ten="392,118,237,243" step="2"/><T39/><D118/><U22/><E105/><V10/><F18/><N who="1" m="7273" /><E70/><V59/><F107/><W48/><G48/><N who="1" m="18506" /><E65/><V31/><F104/><W44/><G44/><T0/><D119/><U7/><E7/><V64/><F64/><W61/><G61/><T125/><D116/><U45/><E45/><V26/><F66/><W57/><G57/><T37/><D47/><U11/><E11/><V13/><F8/><W41/><G41/><T126/><D42/><U98/><AGARI ba="0,1" hai="22,23,90,93,94,96,98,103" m="18506,7273" machi="98" ten="30,3000,0" yaku="8,1,54,1" doraHai="52" who="1" fromWho="1" sc="392,-10,118,40,237,-10,243,-10" /><INIT seed="1,1,0,5,2,10" ten="382,158,227,233" oya="1" hai0="125,79,123,64,26,0,112,51,65,130,37,3,82" hai1="126,117,127,33,77,34,30,107,39,93,29,32,129" hai2="66,28,48,25,132,92,47,1,73,76,18,121,114" hai3="105,124,59,8,94,115,111,9,20,5,122,44,131"/><U118/><E39/><V74/><F121/><W103/><G122/><T81/><D123/><U53/><E107/><V24/><F1/><W40/><G115/><T88/><D37/><U128/><E77/><V31/><F132/><W57/><G105/><T91/><D112/><U96/><E93/><V106/><F106/><W22/><G111/><T56/><D79/><U41/><E53/><V16/><F114/><W27/><G131/><N who="1" m="50250" /><E41/><V35/><F66/><W58/><G124/><N who="1" m="47658" /><E96/><V84/><F74/><W15/><G9/><T6/><D125/><U63/><E63/><V133/><F133/><W100/><G20/><T97/><D130/><U23/><E23/><V119/><F119/><AGARI ba="1,0" hai="29,30,32,33,34,117,118,119" m="47658,50250" machi="119" ten="40,18000,2" yaku="28,2,19,1,18,1,34,2" doraHai="10" who="1" fromWho="2" sc="382,0,158,183,227,-183,233,0" /><INIT seed="1,2,0,3,5,116" ten="382,341,44,233" oya="1" hai0="113,29,73,50,95,19,1,91,79,21,82,35,61" hai1="68,98,34,49,40,25,57,94,81,0,42,122,39" hai2="115,30,53,6,87,70,31,24,110,117,41,128,100" hai3="130,71,121,52,119,62,92,80,55,104,66,108,112"/><U26/><E0/><V134/><F70/><W36/><G104/><T3/><D113/><U5/><E5/><V15/><F117/><W101/><G112/><T8/><D61/><U47/><E68/><V93/><F115/><W111/><G119/><T13/><D8/><U11/><E11/><V10/><F41/><W78/><G36/><T77/><D77/><U56/><E34/><V74/><F74/><W2/><G2/><T67/><D67/><U84/><E122/><V133/><F110/><N who="3" m="42027" /><G130/><T65/><D65/><U129/><E129/><V17/><F128/><W75/><G121/><T83/><D83/><U14/><E14/><V43/><F43/><W123/><G123/><T107/><D107/><U27/><E40/><V99/><F53/><W20/><G20/><T18/><D18/><U9/><E9/><V38/><F38/><W106/><G106/><T118/><D118/><U12/><E12/><V48/><F48/><W132/><G132/><N who="2" m="50793" /><F87/><W120/><G120/><T54/><D29/><N who="2" m="10762" /><F24/><W37/><G37/><T97/><D35/><U109/><E109/><V32/><F32/><W76/><G76/><T7/><D7/><AGARI ba="2,0" hai="6,7,10,15,17,93,99,100" m="10762,50793" machi="7" ten="30,1000,0" yaku="20,1" doraHai="116" who="2" fromWho="0" sc="382,-16,341,0,44,16,233,0" /><INIT seed="2,0,0,0,4,95" ten="366,341,60,233" oya="2" hai0="18,119,10,106,23,69,56,30,115,52,8,3,97" hai1="41,6,128,70,71,5,63,62,121,111,77,12,103" hai2="44,1,118,58,25,26,16,73,35,133,134,59,75" hai3="85,31,19,57,109,110,93,42,99,53,29,21,83"/><V130/><F118/><W32/><G42/><T46/><D115/><U34/><E34/><V39/><F1/><W49/><G32/><T33/><D69/><U107/><E41/><V9/><F130/><W38/><G38/><T91/><D119/><U17/><E128/><V104/><F104/><W116/><G116/><T4/><D46/><U40/><E40/><V113/><F113/><W76/><G110/><T96/><D33/><U90/><E77/><V127/><F44/><W27/><REACH who="3" step="1"/><G109/><REACH who="3" ten="366,341,60,223" step="2"/><T80/><D3/><U123/><E111/><V131/><F39/><W117/><G117/><T37/><D37/><U124/><E124/><V51/><F127/><W112/><G112/><T101/><D4/><U135/><E5/><V43/><F131/><W64/><G64/><T45/><D45/><U102/><E6/><V89/><F43/><W86/><G86/><T81/><D8/><U48/><E135/><N who="2" m="51723" /><F89/><AGARI ba="0,1" hai="19,21,27,29,31,49,53,57,76,83,85,89,93,99" machi="89" ten="30,7700,0" yaku="1,1,7,1,8,1,52,1,53,0" doraHai="95" doraHaiUra="60" who="3" fromWho="2" sc="366,0,341,0,60,-77,223,87" owari="366,46.6,341,14.1,-17,-51.7,310,-9.0" /></mjloggm>