<mjloggm ver="2.3"><GO type="225" lobby="0"/><UN n0="%43%68%65" n1="%E3%82%82%E3%81%90%E3%82%89" n2="%E4%B8%AD%E5%B9%B4%E3%81%AE%E5%8D%B1%E6%A9%9F" n3="%E5%84%AA%40%41%42%43" dan="16,17,16,17" rate="2164.13,2185.79,2141.78,2246.06" sx="M,M,M,M"/><TAIKYOKU oya="0"/><INIT seed="0,0,0,3,3,118" ten="250,250,250,250" oya="0" hai0="129,6,47,62,115,86,50,40,26,113,13,88,85" hai1="124,68,42,111,36,101,25,60,127,30,76,52,94" hai2="15,58,32,28,39,43,9,16,27,44,126,80,20" hai3="69,91,134,14,12,51,73,125,71,121,7,8,74"/><T109/><D129/><U61/><E111/><V46/><F126/><N who="1" m="48169" /><E76/><V114/><F114/><W45/><G125/><T54/><D109/><U65/><E42/><V87/><F46/><W117/><G117/><T64/><D40/><U56/><E36/><V90/><REACH who="2" step="1"/><F58/><REACH who="2" ten="250,250,240,250" step="2"/><W35/><G45/><T82/><D115/><U63/><E68/><V89/><F89/><W19/><G91/><T99/><D113/><U128/><E128/><V33/><AGARI ba="0,1" hai="9,15,16,20,27,28,32,33,39,43,44,80,87,90" machi="33" ten="30,7900,0" yaku="1,1,0,1,54,1,53,1" doraHai="118" doraHaiUra="84" who="2" fromWho="2" sc="250,-39,250,-20,240,89,250,-20" /><INIT seed="1,0,0,5,3,79" ten="211,230,329,230" oya="1" hai0="26,33,88,56,86,81,60,100,132,71,118,114,90" hai1="83,51,72,82,78,117,46,74,17,109,102,61,29" hai2="54,6,20,48,34,111,11,37,98,119,5,115,35" hai3="42,39,65,2,0,87,1,116,133,52,15,68,58"/><U4/><E117/><V94/><F37/><W89/><G133/><T36/><D118/><U3/><E109/><V64/><F119/><W69/><G116/><T16/><D114/><U73/><E29/><V91/><F111/><W66/><G69/><T110/><D110/><U121/><E121/><V70/><F115/><W129/><G129/><T75/><D36/><U134/><E134/><V84/><F5/><W97/><G97/><T21/><D132/><U32/><E32/><V62/><F20/><W128/><G68/><T63/><D75/><U12/><E102/><V43/><F43/><W41/><G128/><T101/><D33/><U106/><E106/><V130/><F98/><W23/><G66/><T31/><D71/><U8/><E61/><N who="0" m="23625" /><D56/><U135/><E135/><V44/><REACH who="2" step="1"/><F130/><REACH who="2" ten="211,230,319,230" step="2"/><W14/><G41/><T113/><D113/><U124/><E124/><V7/><F7/><W127/><G42/><T49/><D31/><U19/><E3/><AGARI ba="0,1" hai="3,6,11,34,35,44,48,54,62,64,70,84,91,94" machi="3" ten="30,2000,0" yaku="1,1,7,1,53,0" doraHai="79" doraHaiUra="76" who="2" fromWho="1" sc="211,0,230,-20,319,30,230,0" /><INIT seed="2,0,0,3,1,10" ten="211,210,349,230" oya="2" hai0="114,3,122,118,101,28,96,34,99,42,62,85,53" hai1="1,126,97,20,0,63,52,9,108,16,27,117,73" hai2="102,116,81,57,95,112,4,124,45,129,26,47,61" hai3="18,120,59,67,54,89,82,71,75,37,80,115,133"/><V8/><F116/><W29/><G120/><T79/><D122/><U50/><E117/><V49/><F112/><W109/><G37/><T33/><D3/><U12/><E73/><V87/><F124/><W90/><G71/><T121/><D121/><U91/><E126/><V32/><F129/><W55/><G75/><T77/><D42/><U24/><E108/><V5/><F32/><W93/><G29/><T134/><D114/><U22/><E63/><V36/><F26/><N who="1" m="9769" /><E0/><V19/><F36/><W7/><G7/><T44/><D28/><U51/><E51/><V119/><F119/><W11/><G109/><T72/><D72/><U104/><E104/><V86/><F19/><W25/><G133/><T127/><D127/><U70/><E70/><V106/><F106/><W46/><G90/><T14/><D34/><U60/><E60/><V48/><F48/><N who="3" m="28951" /><G67/><T38/><D33/><U15/><E15/><N who="2" m="5511" /><F5/><W69/><G69/><T125/><D38/><U132/><E132/><V98/><F49/><N who="3" m="31215" /><G115/><T21/><D118/><U76/><E76/><N who="2" m="46375" /><F87/><N who="3" m="52415" /><G25/><T41/><D125/><U66/><E66/><AGARI ba="0,0" hai="45,47,57,61,66,95,98,102" m="46375,5511" machi="66" ten="30,2900,0" yaku="8,1,52,1" doraHai="10" who="2" fromWho="1" sc="211,0,210,-29,349,29,230,0" /><INIT seed="2,1,0,1,2,2" ten="211,181,378,230" oya="2" hai0="127,25,70,132,7,50,46,26,37,72,75,90,24" hai1="117,93,79,42,32,10,76,107,56,125,74,122,15" hai2="38,118,116,68,58,28,81,113,95,97,80,27,66" hai3="103,121,8,92,120,123,45,71,91,47,105,84,1"/><V65/><F113/><W73/><G71/><T53/><D70/><U112/><E107/><V41/><F68/><W3/><G73/><T77/><D127/><U16/><E112/><V101/><F38/><W51/><G47/><T34/><D34/><U59/><E117/><V61/><F66/><W20/><G20/><T36/><D132/><U18/><E125/><V48/><F118/><W130/><G130/><T133/><D133/><U33/><E122/><V19/><F116/><W96/><REACH who="3" step="1"/><G8/><REACH who="3" ten="211,181,378,220" step="2"/><T5/><D75/><U17/><E33/><V30/><F30/><W54/><AGARI ba="1,1" hai="1,3,45,51,54,84,91,92,96,103,105,120,121,123" machi="54" ten="30,7900,0" yaku="1,1,2,1,0,1,53,1" doraHai="2" doraHaiUra="83" who="3" fromWho="3" sc="211,-21,181,-21,378,-40,220,92" /><INIT seed="3,0,0,4,0,132" ten="190,160,338,312" oya="3" hai0="87,34,13,115,71,74,73,44,97,127,81,118,85" hai1="68,42,107,56,39,2,83,12,77,52,6,47,88" hai2="89,108,63,129,103,106,27,5,33,38,40,36,90" hai3="94,93,124,120,112,92,130,113,99,23,100,91,58"/><W43/><G43/><T59/><D71/><U111/><E107/><V110/><F5/><W65/><G65/><T21/><D34/><U7/><E68/><V72/><F72/><W101/><G58/><T0/><D0/><U66/><E66/><V16/><F129/><W24/><G24/><T19/><D118/><U18/><E111/><N who="2" m="42539" /><F63/><W123/><G23/><T31/><D31/><U109/><E2/><V76/><F76/><W8/><G8/><T60/><D74/><U126/><E126/><V20/><F33/><W29/><G29/><T134/><D127/><U122/><E122/><N who="3" m="46634" /><G130/><T51/><D134/><U54/><E54/><V69/><F69/><W80/><G124/><T104/><D115/><N who="3" m="44105" /><G101/><T1/><D59/><U55/><E55/><V61/><F61/><W15/><G15/><T37/><D60/><U53/><E53/><V4/><F4/><W96/><G80/><T62/><D81/><U75/><E109/><V25/><F25/><W133/><G133/><T64/><D62/><U84/><E52/><V28/><F28/><W46/><G46/><T70/><D44/><U98/><E56/><V79/><F40/><W17/><G17/><T9/><D70/><U119/><E119/><V49/><F49/><W121/><G121/><T10/><D64/><U30/><E30/><V11/><F11/><W117/><G117/><T116/><D116/><U86/><E7/><V114/><F114/><W95/><AGARI ba="0,0" hai="91,92,93,94,95,96,99,100" m="44105,46634" machi="95" ten="40,3900,0" yaku="34,2" doraHai="132" who="3" fromWho="3" sc="190,-13,160,-13,338,-13,312,39" owari="177,-22.3,147,-35.3,325,12.5,351,45.1" /></mjloggm>