<mjloggm ver="2.3"><GO type="225" lobby="0"/><UN n0="%E3%83%8F%E3%83%B3%E3%83%89%E3%83%A9%E3%83%BC%E3%83%BB%E3%83%AF%E3%83%B3" n1="%33%74%72%65%65" n2="%E3%81%B5%E3%81%98%E3%81%8B%E3%81%A4" n3="%E3%82%A2%E3%83%BC%E3%83%A2%E3%83%AD%E3%83%BC%E3%83%B4%E3%82%A1" dan="17,16,16,16" rate="2176.76,2148.15,2155.13,2102.13" sx="M,F,M,M"/><TAIKYOKU oya="0"/><INIT seed="0,0,0,1,1,54" ten="250,250,250,250" oya="0" hai0="130,99,105,55,62,59,18,104,14,72,78,26,4" hai1="123,111,56,46,95,94,73,97,36,135,88,114,61" hai2="22,82,126,15,11,45,34,24,40,103,119,71,50" hai3="35,1,42,69,13,98,76,51,30,21,60,27,101"/><T129/><D4/><U87/><E123/><V25/><F126/><W5/><G76/><T65/><D26/><U33/><E33/><V112/><F112/><W47/><G1/><T2/><D2/><U109/><E114/><V132/><F71/><W3/><G3/><T6/><D6/><U64/><E73/><V57/><F103/><W117/><G117/><T53/><D78/><U83/><E135/><V102/><F132/><W85/><G85/><T20/><D72/><U9/><E9/><V127/><F127/><W52/><G5/><T107/><REACH who="0" step="1"/><D99/><REACH who="0" ten="240,250,250,250" step="2"/><U120/><E120/><V106/><F119/><W90/><G13/><T74/><D74/><U39/><E97/><V125/><F25/><W134/><G134/><T68/><D68/><U29/><E29/><V17/><F125/><W66/><G35/><T48/><D48/><U49/><E36/><V89/><F34/><W23/><G27/><T118/><D118/><U86/><E39/><V0/><F0/><W133/><G30/><T41/><D41/><U77/><REACH who="1" step="1"/><E95/><REACH who="1" ten="240,240,250,250" step="2"/><V92/><F92/><W38/><G133/><T115/><D115/><U70/><E70/><V44/><F106/><W67/><G38/><T58/><D58/><U131/><E131/><AGARI ba="0,2" hai="14,18,20,53,55,59,62,65,104,105,107,129,130,131" machi="131" ten="50,9600,0" yaku="1,1,19,1,52,1,53,0" doraHai="54" doraHaiUra="81" who="0" fromWho="1" sc="240,116,240,-96,250,0,250,0" /><INIT seed="0,1,0,0,2,11" ten="356,144,250,250" oya="0" hai0="59,100,55,102,52,46,127,6,60,76,77,82,3" hai1="17,51,101,132,48,67,116,68,108,5,61,73,2" hai2="117,26,109,97,30,128,39,23,94,91,63,66,99" hai3="96,31,36,93,105,40,104,56,8,122,120,45,41"/><T126/><D6/><U81/><E116/><V113/><F117/><W15/><G31/><T43/><D3/><U86/><E108/><V133/><F109/><W18/><G41/><T69/><D55/><U4/><E132/><V57/><F133/><W119/><G56/><T22/><D22/><U53/><E73/><V118/><F128/><W21/><G21/><T131/><D69/><U29/><E29/><V24/><F39/><W115/><G115/><T19/><D19/><U123/><E123/><N who="3" m="47146" /><G119/><T71/><D71/><U0/><E101/><AGARI ba="1,0" hai="8,15,18,36,40,45,93,96,101,104,105" m="47146" machi="101" ten="30,2000,0" yaku="13,1,52,1" doraHai="11" who="3" fromWho="1" sc="356,0,144,-23,250,0,250,23" /><INIT seed="1,0,0,3,2,35" ten="356,121,250,273" oya="1" hai0="103,90,117,111,123,13,56,97,21,66,88,25,50" hai1="22,23,45,74,121,84,83,30,1,27,106,5,76" hai2="32,40,116,58,55,101,64,113,124,62,81,118,59" hai3="127,19,53,129,46,37,134,42,132,7,119,93,24"/><U100/><E121/><V102/><F32/><W133/><G127/><T14/><D117/><U61/><E61/><V71/><F124/><W69/><G119/><T3/><D3/><U31/><E45/><V41/><F81/><W135/><G135/><T126/><D111/><U114/><E114/><V33/><F33/><W10/><G129/><T130/><D130/><U38/><E38/><V128/><F128/><W115/><G115/><T2/><D2/><U39/><E39/><V80/><F113/><W110/><G69/><T79/><D79/><U95/><E106/><V68/><F80/><W8/><G110/><T16/><D123/><U29/><E23/><V105/><F105/><W0/><G93/><N who="0" m="58799" /><D126/><U96/><REACH who="1" step="1"/><E74/><REACH who="1" ten="356,111,250,273" step="2"/><V107/><F107/><W98/><G46/><T9/><D50/><U63/><E63/><V104/><F104/><W86/><G37/><T49/><D49/><U17/><E17/><V78/><F62/><W60/><G19/><T4/><D25/><U36/><E36/><V108/><F118/><W57/><G24/><T34/><D34/><U75/><E75/><V77/><F116/><W131/><G131/><T52/><D16/><U43/><E43/><V112/><F108/><W48/><G42/><T125/><D21/><U92/><E92/><V12/><F112/><W120/><G60/><T87/><D125/><U91/><E91/><V73/><F73/><W26/><G26/><T28/><D88/><U65/><E65/><V20/><F64/><W82/><G132/><T122/><D122/><U85/><E85/><V67/><F20/><W44/><G133/><RYUUKYOKU ba="0,1" sc="356,-10,111,30,250,-10,273,-10" hai1="1,5,22,27,29,30,31,76,83,84,95,96,100" /><INIT seed="1,1,1,5,5,27" ten="346,141,240,263" oya="1" hai0="124,33,29,100,114,115,79,82,60,133,102,13,59" hai1="87,58,104,71,49,86,40,92,38,128,96,54,35" hai2="83,21,91,75,67,30,98,42,17,15,131,12,34" hai3="129,50,61,107,130,0,120,28,8,24,101,94,116"/><U90/><E128/><N who="3" m="49258" /><G120/><T10/><D124/><U68/><E35/><V106/><F131/><W110/><G110/><T108/><D108/><U46/><REACH who="1" step="1"/><E104/><REACH who="1" ten="346,131,240,263" step="2"/><V22/><F34/><N who="3" m="20743" /><G107/><T111/><D33/><U19/><E19/><V18/><F106/><W53/><G116/><T39/><D111/><U26/><E26/><V64/><F18/><W112/><G112/><T93/><D115/><U123/><E123/><V32/><F17/><W89/><G101/><T81/><D102/><U51/><E51/><V3/><F32/><W25/><G25/><T2/><D100/><U125/><E125/><V41/><F3/><W16/><G50/><T66/><D114/><U47/><E47/><V105/><F105/><W6/><G16/><T72/><D2/><U113/><E113/><V126/><F126/><W45/><G45/><T56/><D39/><U103/><E103/><V1/><F1/><W121/><G121/><T23/><D23/><U9/><E9/><V14/><F22/><W76/><G8/><T97/><D10/><U80/><E80/><V74/><F83/><W44/><G44/><T52/><D82/><U62/><E62/><V63/><F63/><W4/><G0/><T95/><D81/><U99/><E99/><V135/><F98/><N who="3" m="57679" /><G76/><T109/><D79/><U70/><AGARI ba="1,2" hai="38,40,46,49,54,58,68,70,71,86,87,90,92,96" machi="70" ten="30,3000,0" yaku="1,1,0,1,53,0" doraHai="27" doraHaiUra="57" who="1" fromWho="1" sc="346,-11,131,53,240,-11,263,-11" /><INIT seed="1,2,0,1,4,83" ten="335,184,229,252" oya="1" hai0="87,13,84,62,100,88,90,54,31,135,42,86,68" hai1="132,52,115,91,29,22,102,118,41,0,96,48,107" hai2="117,28,92,6,36,112,23,56,53,3,45,15,65" hai3="9,2,130,99,55,81,126,5,63,57,12,19,34"/><U72/><E115/><V46/><F117/><W125/><G130/><T26/><D135/><U85/><E118/><V35/><F112/><W7/><G34/><T93/><D42/><U27/><E132/><V17/><F65/><W58/><G99/><N who="0" m="59503" /><D68/><U64/><E72/><V18/><F18/><W25/><G25/><T44/><D13/><U106/><E0/><V116/><F36/><W134/><G134/><T114/><D114/><U80/><E64/><V97/><F116/><W111/><G111/><T4/><D4/><U78/><E41/><V61/><F35/><W104/><G104/><T73/><D73/><U82/><E107/><V89/><F28/><W10/><G7/><T66/><D66/><U122/><E122/><V121/><F121/><W124/><G58/><N who="0" m="35159" /><D44/><U108/><E108/><V24/><REACH who="2" step="1"/><F3/><REACH who="2" ten="335,184,219,252" step="2"/><W8/><G2/><T59/><D59/><U79/><REACH who="1" step="1"/><E82/><REACH who="1" ten="335,174,219,252" step="2"/><V120/><F120/><W131/><G81/><T119/><D119/><U69/><E69/><V14/><F14/><W70/><G70/><T77/><D77/><U129/><E129/><V33/><F33/><W21/><G131/><T75/><D75/><U1/><E1/><V105/><F105/><W50/><G124/><T110/><D110/><U60/><E60/><V11/><AGARI ba="2,2" hai="6,11,15,17,23,24,45,46,53,56,61,89,92,97" machi="11" ten="30,8000,1" yaku="1,1,0,1,25,2,8,1,53,0" doraHai="83" doraHaiUra="47" who="2" fromWho="2" sc="335,-22,174,-42,219,106,252,-22" /><INIT seed="2,0,0,0,1,14" ten="313,132,325,230" oya="2" hai0="86,130,113,53,49,91,89,2,47,27,110,95,77" hai1="44,84,131,65,88,124,36,76,104,38,50,108,114" hai2="121,46,28,135,58,34,87,57,0,68,73,66,100" hai3="12,52,40,29,112,25,62,83,122,71,64,92,133"/><V63/><F121/><W56/><G122/><T32/><D113/><U127/><E114/><V94/><F0/><W48/><G112/><T59/><D2/><U107/><E76/><V82/><F73/><W72/><G133/><T37/><D110/><U117/><E117/><V97/><F135/><W45/><G92/><T4/><D4/><U43/><E65/><V17/><F46/><W3/><G3/><T1/><D1/><U74/><E74/><V85/><F34/><W80/><G12/><T126/><D130/><U21/><E131/><V39/><F39/><W18/><G72/><T120/><D120/><U119/><E119/><V35/><F35/><W41/><G18/><T15/><D15/><U10/><E108/><V125/><F125/><N who="1" m="48201" /><E10/><V8/><F28/><W101/><G101/><T106/><D106/><N who="1" m="40491" /><E21/><V67/><F67/><W55/><G55/><T69/><D77/><U24/><E24/><V93/><F68/><W128/><G128/><T134/><D69/><U5/><E5/><V26/><F66/><W115/><G115/><T78/><D78/><U22/><E22/><N who="2" m="13647" /><F8/><W129/><G129/><T90/><D134/><U109/><E109/><V111/><F111/><W9/><G9/><T99/><D126/><U103/><E103/><V13/><F13/><W31/><G31/><T132/><D132/><U20/><E20/><V23/><F23/><N who="3" m="15551" /><G71/><T105/><D32/><U7/><E7/><V98/><F100/><W96/><G96/><T16/><D99/><U123/><E123/><V33/><F33/><W81/><AGARI ba="0,0" hai="40,41,45,48,52,56,62,64,80,81,83" m="15551" machi="81" ten="30,2000,0" yaku="8,1,54,1" doraHai="14" who="3" fromWho="3" sc="313,-5,132,-5,325,-10,230,20" /><INIT seed="3,0,0,2,2,25" ten="308,127,315,250" oya="3" hai0="84,85,121,47,80,94,30,6,86,56,57,83,97" hai1="13,20,22,1,101,111,115,29,135,123,49,60,75" hai2="117,9,43,35,19,107,104,5,33,118,126,44,50" hai3="69,36,109,40,81,52,114,131,34,98,31,87,27"/><W61/><G114/><T55/><D121/><U92/><E123/><V10/><F126/><W66/><G131/><T88/><D30/><U130/><E115/><V17/><F5/><W127/><G127/><T113/><D113/><U15/><E130/><V64/><F64/><W110/><G98/><T125/><D6/><U59/><E1/><V132/><F50/><W116/><G116/><T65/><D125/><U102/><E75/><V14/><F44/><W46/><REACH who="3" step="1"/><G52/><REACH who="3" ten="308,127,315,240" step="2"/><T122/><D122/><U119/><E119/><V53/><F53/><W58/><G58/><N who="0" m="22635" /><D65/><U79/><E59/><V51/><F118/><W54/><G54/><T73/><D73/><U24/><E60/><V74/><F74/><W133/><G133/><T100/><D100/><U8/><E135/><V106/><F117/><W41/><G41/><T21/><D21/><U128/><E128/><V71/><F132/><W124/><G124/><T70/><D70/><U39/><E22/><V95/><F71/><W120/><G120/><T78/><D78/><AGARI ba="0,1" hai="27,31,34,36,40,46,61,66,69,78,81,87,109,110" machi="78" ten="40,3900,0" yaku="1,1,52,1,53,0" doraHai="25" doraHaiUra="103" who="3" fromWho="0" sc="308,-39,127,0,315,0,240,49" /><INIT seed="3,1,0,0,3,20" ten="269,127,315,289" oya="3" hai0="111,77,108,27,14,110,92,98,118,103,58,16,102" hai1="57,95,23,134,5,31,32,8,78,101,51,37,28" hai2="61,12,93,48,30,99,10,71,126,56,85,117,24" hai3="17,76,122,45,42,40,83,100,3,7,26,89,11"/><W50/><G122/><T46/><D118/><U63/><E37/><V53/><F117/><W106/><G106/><T128/><D128/><U135/><E78/><V4/><F126/><W82/><G100/><N who="0" m="60487" /><D77/><U125/><E125/><V116/><F116/><W19/><G40/><T73/><D73/><U34/><E51/><V104/><F104/><W123/><G123/><T114/><D114/><U87/><E87/><V80/><F71/><W39/><G50/><T81/><D81/><U70/><E70/><V96/><F93/><W127/><G127/><T38/><D58/><U60/><E60/><V43/><F43/><W69/><G69/><T94/><D94/><U132/><E101/><V44/><F44/><W67/><G67/><T119/><D119/><U88/><E23/><N who="2" m="15647" /><F61/><W79/><G89/><AGARI ba="1,0" hai="4,10,12,48,53,56,80,85,89,96,99" m="15647" machi="89" ten="30,2000,0" yaku="8,1,52,1" doraHai="20" who="2" fromWho="3" sc="269,0,127,0,315,23,289,-23" owari="269,6.9,127,-37.3,338,43.8,266,-13.4" /></mjloggm>