<mjloggm ver="2.3"><GO type="225" lobby="0"/><UN n0="%E3%81%9F%E3%81%93%E2%98%86%E7%84%BC%E3%81%8D" n1="%E7%9C%9F%E4%B8%80" n2="%E3%83%AB%E3%83%9B%E3%83%B3%E3%83%87%E3%82%A3%E3%82%A8" n3="%E6%98%93%E5%88%A9%E8%96%A9%E4%BC%AF" dan="16,16,17,16" rate="2112.20,2163.34,2161.17,2150.57" sx="M,M,M,F"/><TAIKYOKU oya="0"/><INIT seed="0,0,0,4,2,82" ten="250,250,250,250" oya="0" hai0="100,51,47,62,15,27,12,104,57,32,80,113,125" hai1="45,1,5,43,10,60,127,110,66,13,88,109,67" hai2="119,121,55,8,19,31,78,84,130,75,115,30,52" hai3="135,95,0,103,72,16,108,131,23,11,7,133,126"/><T4/><D113/><U120/><E120/><V2/><F121/><W112/><G72/><T128/><D128/><U3/><E127/><V54/><F115/><W38/><G38/><T9/><D125/><U132/><E132/><N who="3" m="50762" /><G126/><T35/><D104/><U40/><E67/><V56/><F75/><W77/><G77/><T89/><D100/><U76/><E76/><V71/><F71/><W81/><G81/><T99/><D15/><U116/><E116/><V53/><F130/><W34/><G112/><T14/><D12/><U20/><E20/><V63/><F119/><W93/><G34/><T122/><D27/><U49/><E43/><V39/><F39/><W106/><G131/><T124/><D122/><U26/><E26/><V118/><F118/><W92/><G108/><N who="1" m="41578" /><E88/><V117/><F117/><W69/><G69/><AGARI ba="0,0" hai="1,3,5,10,13,40,45,49,60,66,69" m="41578" machi="69" ten="30,1000,0" yaku="14,1" doraHai="82" who="1" fromWho="3" sc="250,0,250,10,250,0,250,-10" /><INIT seed="1,0,0,2,5,86" ten="250,260,250,240" oya="1" hai0="68,5,108,66,119,24,44,127,101,76,6,84,54" hai1="27,125,16,102,34,80,131,104,116,98,71,93,114" hai2="73,87,85,33,97,118,112,41,123,88,115,105,91" hai3="117,70,106,121,81,113,30,43,45,69,38,59,49"/><U26/><E116/><V18/><F118/><W75/><G106/><T56/><D119/><U25/><E114/><N who="2" m="43563" /><F123/><W67/><G113/><T32/><D108/><U134/><E134/><V48/><F73/><W128/><G117/><T8/><D101/><U100/><E131/><V74/><F74/><W46/><G121/><T1/><D5/><U19/><E125/><V11/><F33/><W64/><G30/><T57/><D44/><U132/><E34/><V82/><F41/><N who="3" m="22711" /><G81/><T109/><D68/><N who="3" m="26217" /><G75/><T47/><D109/><U107/><E71/><V42/><F42/><W35/><G35/><T23/><D127/><U12/><E132/><V0/><F48/><N who="3" m="26719" /><G128/><T99/><D32/><U111/><E111/><V4/><F18/><W40/><G40/><T10/><D10/><U61/><E19/><V122/><F122/><W58/><G58/><T29/><D57/><U3/><E3/><V92/><F105/><W96/><G96/><AGARI ba="0,0" hai="0,4,11,82,85,87,88,91,92,96,97" m="43563" machi="96" ten="30,7700,0" yaku="11,1,52,2,54,1" doraHai="86" who="2" fromWho="3" sc="250,0,260,0,250,77,240,-77" /><INIT seed="2,0,0,3,4,22" ten="250,260,327,163" oya="2" hai0="58,128,67,96,40,102,43,85,116,8,37,25,107" hai1="90,124,74,115,131,54,88,2,91,76,46,21,118" hai2="64,36,17,60,109,33,78,73,101,123,133,134,86" hai3="103,1,105,26,6,110,56,135,122,121,81,104,9"/><V94/><F123/><W130/><G110/><T10/><D128/><U59/><E118/><V5/><F36/><W47/><G130/><T41/><D85/><U48/><E115/><V30/><F73/><W113/><G113/><T106/><D116/><U63/><E131/><V97/><F5/><W126/><G126/><T71/><D106/><U80/><E2/><V13/><F109/><W45/><G135/><T53/><D25/><U75/><E124/><V23/><F78/><W12/><G1/><T77/><D77/><U95/><E21/><V57/><F86/><W125/><G125/><T99/><D99/><U20/><E20/><V52/><F64/><W11/><G56/><T55/><D55/><U72/><REACH who="1" step="1"/><E95/><REACH who="1" ten="250,250,327,163" step="2"/><V51/><F133/><W68/><G105/><T93/><D107/><U35/><E35/><V38/><F94/><W108/><G104/><T15/><D8/><U112/><E112/><V114/><F134/><W89/><G11/><T19/><D37/><U127/><E127/><V0/><F38/><W16/><G108/><T34/><D34/><U31/><E31/><V3/><F3/><W32/><G32/><T42/><N who="0" m="10240" /><DORA hai="82" /><T87/><D93/><U18/><E18/><V84/><F17/><W69/><G16/><T119/><D19/><U7/><E7/><V129/><F23/><W39/><G9/><T28/><D10/><U79/><E79/><V14/><F0/><W62/><G6/><T92/><D92/><U83/><E83/><V29/><F114/><W70/><G39/><T111/><D119/><U98/><E98/><V61/><F129/><RYUUKYOKU ba="0,1" sc="250,-10,250,30,327,-10,163,-10" hai1="46,48,54,59,63,72,74,75,76,80,88,90,91" /><INIT seed="3,1,1,5,3,116" ten="240,280,317,153" oya="3" hai0="48,74,118,30,55,67,76,70,83,13,94,58,11" hai1="10,111,103,114,121,41,38,39,61,119,6,46,25" hai2="26,24,42,104,52,9,130,113,51,3,123,84,75" hai3="96,23,79,80,122,47,14,50,64,4,12,1,129"/><W89/><G129/><T109/><D109/><U107/><E121/><V29/><F75/><W102/><G89/><T49/><D118/><U44/><E114/><V87/><F104/><W68/><G1/><T127/><D127/><U37/><E119/><V72/><F72/><W15/><G68/><T63/><D30/><U17/><E111/><V100/><F100/><W97/><G64/><T65/><D65/><U98/><E46/><V21/><F113/><W125/><G125/><T95/><REACH who="0" step="1"/><D49/><REACH who="0" ten="230,280,317,153" step="2"/><U7/><E61/><V34/><F51/><W105/><G97/><T20/><D20/><U36/><REACH who="1" step="1"/><E25/><REACH who="1" ten="230,270,317,153" step="2"/><V120/><F24/><W28/><G28/><T133/><D133/><U99/><E99/><V18/><F26/><W54/><G23/><T60/><D60/><U131/><E131/><V85/><F21/><W32/><G32/><T90/><D90/><U91/><E91/><V86/><F34/><W135/><G135/><T57/><D57/><U128/><E128/><V92/><F130/><W19/><G19/><AGARI ba="1,3" hai="11,13,19,48,55,58,63,67,70,74,76,83,94,95" machi="19" ten="30,3900,0" yaku="1,1,7,1,53,1" doraHai="116" doraHaiUra="77" who="0" fromWho="3" sc="230,72,270,0,317,0,153,-42" owari="302,10.2,270,-13.0,317,41.7,111,-38.9" /></mjloggm>