<mjloggm ver="2.3"><GO type="225" lobby="0"/><UN n0="%E3%83%81%E3%83%AF%E3%83%AF%E9%9A%8A%E9%95%B7" n1="%E3%81%95%E3%82%88%E3%81%AA%E3%82%89%E3%83%9A%E3%81%BA%E3%83%9A" n2="%4D%6F%6E%61%6E%61" n3="%E3%81%95%E3%81%8D%E3%81%9F%E3%81%BE%E6%9E%97%E6%AA%8E" dan="17,16,16,16" rate="2226.79,2104.28,2109.00,2055.08" sx="M,F,F,M"/><TAIKYOKU oya="0"/><INIT seed="0,0,0,4,4,133" ten="250,250,250,250" oya="0" hai0="41,105,51,7,121,97,46,65,86,16,0,83,19" hai1="88,47,112,20,127,134,25,9,69,32,71,110,11" hai2="92,10,30,81,2,37,50,78,12,35,60,76,89" hai3="62,109,58,63,128,21,1,45,3,49,132,94,67"/><T54/><D121/><U38/><E110/><V14/><F37/><W131/><G109/><T124/><D65/><U74/><E74/><V57/><F2/><W55/><G94/><T91/><D0/><U40/><E134/><V8/><F35/><W77/><G77/><N who="2" m="29801" /><F50/><W31/><G132/><T111/><D7/><U24/><E127/><V48/><F48/><W36/><G36/><T114/><D111/><U18/><E112/><V126/><F81/><W29/><G63/><T80/><D114/><U84/><E69/><V68/><F30/><N who="3" m="11275" /><G21/><T100/><D124/><U15/><E71/><V107/><F107/><W87/><G87/><T82/><REACH who="0" step="1"/><D41/><REACH who="0" ten="240,250,250,250" step="2"/><U42/><E42/><V56/><F126/><W5/><G5/><T61/><D61/><U70/><E70/><V33/><F68/><W26/><G1/><T75/><D75/><U120/><E120/><V90/><F60/><W59/><G3/><T66/><D66/><U13/><E32/><V44/><F33/><W39/><G67/><T103/><D103/><U72/><E72/><V106/><F106/><W117/><G62/><T115/><D115/><U130/><E130/><V125/><F125/><W23/><G131/><T64/><D64/><U17/><REACH who="1" step="1"/><E20/><REACH who="1" ten="240,240,250,250" step="2"/><V85/><F10/><W43/><G23/><T96/><D96/><U53/><E53/><V73/><F8/><W99/><G55/><T135/><D135/><U4/><E4/><V98/><F73/><W79/><G128/><T22/><D22/><U123/><E123/><V108/><F108/><W95/><G117/><T122/><D122/><U27/><E27/><RYUUKYOKU ba="0,2" sc="240,15,240,15,250,-15,250,-15" hai0="16,19,46,51,54,80,82,83,86,91,97,100,105" hai1="9,11,13,15,17,18,24,25,38,40,47,84,88" /><INIT seed="0,1,2,1,0,78" ten="255,255,235,235" oya="0" hai0="86,17,18,45,101,84,96,126,77,114,109,28,106" hai1="30,74,120,53,39,51,122,9,54,107,14,27,81" hai2="85,42,19,48,117,29,130,131,132,44,50,43,72" hai3="22,98,87,36,88,35,1,33,56,79,57,113,32"/><T99/><D114/><U102/><E39/><V10/><F72/><W21/><G113/><T105/><D126/><U108/><E108/><V31/><F132/><W135/><G36/><T124/><D124/><U23/><E107/><V65/><F117/><W49/><G1/><T73/><D109/><U94/><E120/><V5/><F65/><W110/><G110/><T104/><D73/><U111/><E122/><V67/><F67/><W41/><G135/><T97/><D101/><U11/><E111/><V40/><F19/><W7/><G7/><T66/><D66/><U62/><E74/><V83/><F29/><W69/><G69/><T0/><D0/><U76/><E76/><N who="2" m="46311" /><F48/><W4/><G4/><T125/><D125/><U121/><E121/><V6/><F31/><W70/><G70/><T60/><D28/><U46/><E62/><V63/><F63/><W115/><G115/><T82/><D60/><U93/><E54/><N who="2" m="30023" /><F10/><N who="1" m="3593" /><E14/><V112/><F112/><W103/><G79/><T119/><D119/><U55/><E55/><V91/><F91/><W3/><G3/><T20/><D77/><U59/><E46/><V80/><F80/><N who="3" m="49255" /><G41/><T38/><D38/><U24/><E102/><V133/><F133/><W100/><G100/><T75/><D75/><U89/><E24/><V116/><F116/><W71/><G71/><T37/><D37/><U68/><E68/><V61/><F61/><W13/><G13/><T58/><D106/><U2/><E2/><V12/><F12/><W47/><G47/><T26/><D105/><U90/><E90/><V34/><F34/><W64/><G35/><RYUUKYOKU ba="1,2" sc="255,-15,255,15,235,15,235,-15" hai1="23,27,30,51,53,59,81,89,93,94" hai2="5,6,40,42,43,130,131" /><INIT seed="1,2,2,1,2,19" ten="240,270,250,220" oya="1" hai0="121,22,100,117,47,46,17,29,41,52,34,36,3" hai1="87,55,42,125,63,112,122,50,21,124,81,18,27" hai2="23,74,75,113,83,95,45,79,38,85,116,134,2" hai3="90,48,91,16,68,60,92,77,20,108,129,130,132"/><U78/><E122/><V128/><F116/><W51/><G108/><T107/><D117/><U84/><E112/><V133/><F2/><W65/><G132/><N who="2" m="50793" /><F128/><N who="3" m="49259" /><G77/><T120/><D3/><U72/><E42/><N who="2" m="22743" /><F113/><W64/><G64/><T62/><D34/><U114/><E63/><V80/><F95/><W109/><G109/><T89/><D29/><U59/><REACH who="1" step="1"/><E114/><REACH who="1" ten="240,260,250,220" step="2"/><V53/><F74/><W127/><G127/><AGARI ba="2,3" hai="18,21,27,50,55,59,72,78,81,84,87,124,125,127" machi="127" ten="40,12000,1" yaku="1,1,2,1,18,1,52,1,53,0" doraHai="19" doraHaiUra="25" who="1" fromWho="3" sc="240,0,260,156,250,0,220,-126" /><INIT seed="1,3,0,3,3,25" ten="240,416,250,94" oya="1" hai0="14,55,19,51,120,46,114,87,106,16,59,21,15" hai1="111,41,78,100,112,103,5,1,124,98,75,126,62" hai2="63,66,135,115,92,50,91,3,81,24,130,33,82" hai3="58,129,35,9,22,79,73,132,10,44,48,52,133"/><U29/><E112/><V54/><F3/><W42/><G129/><T95/><D114/><U39/><E100/><V123/><F123/><W121/><G121/><T77/><D120/><U90/><E62/><V56/><F130/><W86/><G73/><T27/><D106/><U127/><E90/><V26/><F135/><W38/><G35/><T0/><D0/><U67/><E67/><V13/><F115/><W107/><G107/><T83/><D95/><U93/><E5/><V80/><F13/><W12/><G22/><T17/><D27/><U110/><E1/><V89/><F89/><W18/><REACH who="3" step="1"/><G10/><REACH who="3" ten="240,416,250,84" step="2"/><T7/><D46/><N who="1" m="23871" /><E75/><V49/><F33/><W74/><G74/><T43/><D43/><U131/><E131/><V72/><F72/><W76/><G76/><T117/><D117/><U134/><E78/><V6/><F26/><W8/><G8/><AGARI ba="3,1" hai="7,8,14,15,16,17,19,21,51,55,59,77,83,87" machi="8" ten="40,2600,0" yaku="8,1,54,1" doraHai="25" who="0" fromWho="3" sc="240,45,416,0,250,0,84,-35" /><INIT seed="2,0,0,3,5,52" ten="285,416,250,49" oya="2" hai0="27,110,72,135,15,82,116,57,38,59,66,3,84" hai1="115,0,93,30,17,111,35,21,61,32,43,45,13" hai2="113,101,37,77,92,128,83,60,65,22,12,24,36" hai3="55,94,74,39,78,11,100,104,79,67,125,103,117"/><V90/><F113/><W28/><G117/><T99/><D3/><U75/><E115/><V23/><F128/><W118/><G118/><T54/><D72/><U18/><E75/><V73/><F101/><W122/><G122/><T95/><D116/><U33/><E111/><V124/><F124/><W121/><G121/><T119/><D38/><U25/><E0/><V10/><F36/><W69/><G104/><T9/><D119/><U86/><E61/><V81/><F83/><W98/><G39/><T112/><D112/><U132/><E132/><V97/><F24/><W68/><G125/><T62/><D135/><U102/><E102/><V56/><REACH who="2" step="1"/><F37/><REACH who="2" ten="285,416,240,49" step="2"/><W42/><G103/><T80/><D27/><U47/><E25/><V96/><F96/><W88/><G100/><T46/><D99/><U76/><E93/><V2/><F2/><W114/><G98/><T105/><D95/><U129/><E129/><V123/><F123/><W127/><G94/><T16/><D105/><U107/><E107/><V131/><F131/><W106/><G106/><T29/><D82/><U5/><E32/><V19/><AGARI ba="0,1" hai="10,12,19,22,23,56,60,65,73,77,81,90,92,97" machi="19" ten="20,12000,1" yaku="1,1,0,1,7,1,52,1,53,1" doraHai="52" doraHaiUra="85" who="2" fromWho="2" sc="285,-40,416,-40,240,130,49,-40" /><INIT seed="2,1,0,3,1,34" ten="245,376,370,9" oya="2" hai0="78,63,88,115,18,124,75,93,35,98,102,21,68" hai1="37,133,131,64,20,127,62,91,8,105,128,30,50" hai2="80,25,76,71,122,70,3,89,113,13,106,19,69" hai3="117,7,132,107,109,130,52,41,24,61,65,101,125"/><V120/><F106/><W53/><G117/><T32/><D115/><U10/><E37/><V2/><F113/><W44/><G109/><T11/><D124/><U126/><E105/><V9/><F89/><W96/><G125/><N who="1" m="47626" /><E50/><V42/><F42/><W121/><G121/><T49/><D11/><N who="1" m="4139" /><E91/><V111/><F111/><W43/><G7/><T60/><D49/><U48/><E48/><V90/><F90/><W46/><G132/><T114/><D114/><U77/><E77/><V134/><F134/><W81/><G130/><N who="1" m="49706" /><E133/><V135/><F135/><W6/><G6/><T23/><D78/><U79/><E79/><V14/><F120/><W67/><G81/><T56/><D88/><U104/><E104/><V129/><F122/><W54/><G24/><T15/><D102/><U26/><E62/><V45/><F129/><W74/><G74/><T1/><D75/><U72/><E64/><V16/><F45/><W100/><G61/><T108/><D60/><U27/><E27/><V103/><F25/><W92/><G107/><T22/><D63/><U73/><AGARI ba="1,0" hai="20,26,30,72,73" m="49706,4139,47626" machi="73" ten="40,2700,0" yaku="18,1,19,1" doraHai="34" who="1" fromWho="1" sc="245,-8,376,30,370,-14,9,-8" /><INIT seed="3,0,0,5,4,31" ten="237,406,356,1" oya="3" hai0="133,57,65,9,97,10,105,4,66,135,115,7,13" hai1="108,124,21,93,120,49,98,82,20,100,119,37,90" hai2="84,14,36,129,86,79,107,113,99,5,85,48,25" hai3="8,126,103,63,32,116,83,78,6,29,101,22,92"/><W71/><G116/><T125/><D115/><U41/><E120/><V16/><F36/><W106/><G103/><T39/><D39/><U89/><E108/><V33/><F113/><W17/><G92/><T134/><D125/><U77/><E124/><V117/><F117/><W122/><G122/><T35/><D57/><U132/><E132/><V60/><F129/><W91/><G91/><N who="1" m="34826" /><E37/><V123/><F123/><W130/><G126/><T43/><D43/><U1/><E1/><V127/><F127/><W47/><G47/><T53/><D53/><U0/><E0/><V131/><F131/><W87/><G130/><T72/><D72/><U26/><E26/><V112/><F79/><W69/><G6/><T24/><D97/><U56/><E119/><V81/><F112/><W52/><G8/><T70/><D70/><U11/><E11/><V12/><F5/><W61/><G32/><T102/><D102/><U58/><E41/><V104/><F81/><W109/><G109/><T38/><D38/><U44/><E44/><V80/><F80/><W15/><G29/><N who="0" m="19879" /><D105/><U75/><E56/><V110/><F110/><W67/><G106/><N who="2" m="40489" /><F99/><W96/><G96/><T51/><D51/><U118/><E118/><V68/><F48/><W45/><G101/><T50/><D50/><U59/><E59/><V62/><F33/><W19/><G19/><T114/><D114/><U64/><E49/><V55/><F68/><N who="3" m="26187" /><G67/><T2/><AGARI ba="0,0" hai="2,4,7,9,10,13,65,66,133,134,135" m="19879" machi="2" ten="30,2000,0" yaku="20,1,52,1" doraHai="31" who="0" fromWho="0" sc="237,20,406,-5,356,-5,1,-10" owari="257,-14.3,401,50.1,351,15.1,-9,-50.9" /></mjloggm>