<mjloggm ver="2.3"><GO type="225" lobby="0"/><UN n0="%E3%81%A8%E3%82%93%E3%81%A8%E3%81%93%E3%81%A8%E3%82%93" n1="%E3%81%8B%E3%82%8F%E3%81%A1%E3%82%83%E3%82%93%35%38" n2="%72%69%6F%75%63%68%61%6E" n3="%33%74%72%65%65" dan="16,16,16,16" rate="2116.60,2149.36,2167.36,2126.59" sx="F,M,M,F"/><TAIKYOKU oya="0"/><INIT seed="0,0,0,3,3,66" ten="250,250,250,250" oya="0" hai0="20,42,84,3,55,29,82,102,43,13,99,53,112" hai1="77,103,134,5,92,17,132,54,47,128,19,72,18" hai2="57,28,88,96,4,32,87,44,100,58,110,46,97" hai3="123,124,120,63,119,65,33,111,129,64,69,104,21"/><T81/><D3/><U118/><E118/><V36/><F110/><W76/><G119/><T8/><D112/><U105/><E105/><V38/><F4/><W51/><G111/><T31/><D99/><N who="1" m="59879" /><E5/><V35/><F28/><W126/><G33/><N who="2" m="12873" /><F100/><W62/><G104/><T130/><D102/><U39/><E128/><V79/><F87/><W68/><G76/><T40/><D130/><U7/><E7/><V90/><F79/><W108/><G108/><T24/><D31/><U12/><E77/><V109/><F97/><W94/><G94/><T67/><D67/><U78/><E78/><V14/><F14/><W50/><G21/><T125/><D125/><N who="3" m="48233" /><G129/><T116/><D116/><U9/><E72/><V59/><F96/><W115/><G115/><T121/><D121/><AGARI ba="0,0" hai="50,51,62,63,64,65,68,69,120,121,123" m="48233" machi="121" ten="30,12000,2" yaku="13,1,18,1,34,2,52,2" doraHai="66" who="3" fromWho="0" sc="250,-120,250,0,250,0,250,120" /><INIT seed="1,0,0,5,4,106" ten="130,250,250,370" oya="1" hai0="88,27,75,29,114,129,18,69,128,63,134,116,68" hai1="121,93,87,40,8,42,126,49,22,47,111,70,5" hai2="11,71,86,60,55,91,52,115,33,44,98,103,26" hai3="54,130,112,48,92,120,6,73,100,43,118,66,133"/><U32/><E32/><V31/><F115/><W131/><G120/><T2/><D114/><U78/><E121/><V16/><F44/><W15/><G112/><T96/><D116/><U84/><E70/><V21/><F11/><N who="3" m="4599" /><G133/><T34/><D2/><U83/><E126/><V65/><F86/><W38/><G38/><T30/><D134/><U90/><E111/><V94/><REACH who="2" step="1"/><F103/><REACH who="2" ten="130,250,240,370" step="2"/><W81/><G100/><T105/><D75/><U7/><E22/><V56/><F56/><W101/><G101/><T53/><D69/><U76/><E5/><V97/><F97/><W17/><G73/><T41/><D68/><U104/><E104/><V110/><F110/><W113/><G113/><T58/><D105/><U99/><E42/><V28/><F28/><W64/><G43/><T59/><D30/><U62/><E62/><V24/><AGARI ba="0,1" hai="16,21,24,26,31,33,52,55,60,65,71,91,94,98" machi="24" ten="20,12000,2" yaku="1,1,0,1,7,1,54,2,53,1" doraHai="106" doraHaiUra="57" who="2" fromWho="2" sc="130,-30,250,-60,240,130,370,-30" /><INIT seed="2,0,0,3,5,44" ten="100,190,370,340" oya="2" hai0="63,111,15,27,82,32,96,87,57,118,120,76,128" hai1="50,26,2,37,59,14,7,46,79,66,1,83,71" hai2="70,30,69,9,52,98,125,42,123,93,106,124,40" hai3="48,29,78,88,85,10,105,22,108,81,12,117,129"/><V122/><F106/><W0/><G117/><T13/><D120/><N who="2" m="46122" /><F9/><W104/><G108/><T100/><D111/><U41/><E26/><V5/><F5/><W84/><G129/><T34/><D128/><U25/><E25/><V16/><F30/><W62/><G29/><T33/><D27/><U75/><E71/><N who="2" m="27147" /><F16/><W55/><G62/><T43/><D43/><N who="2" m="16426" /><F93/><W45/><G22/><T119/><D13/><U31/><E31/><V64/><F98/><W24/><G24/><T51/><D15/><U90/><E90/><V134/><F64/><W68/><G0/><T56/><D96/><U115/><E66/><V67/><F67/><W72/><G72/><T113/><D100/><U86/><E75/><V103/><F103/><W28/><G28/><T127/><D32/><U126/><E14/><V3/><F3/><W74/><G74/><T94/><D33/><U107/><E107/><V133/><F52/><W89/><G68/><T49/><D34/><U36/><E1/><V23/><F23/><W95/><G78/><T77/><D77/><U73/><E73/><V80/><F80/><W92/><G81/><T65/><D82/><U61/><E2/><V58/><F58/><W135/><G135/><AGARI ba="0,0" hai="124,125,133,134,135" m="16426,27147,46122" machi="135" ten="40,12000,1" yaku="28,2,20,1,34,2" doraHai="44" who="2" fromWho="3" sc="100,0,190,0,370,120,340,-120" /><INIT seed="2,1,0,1,0,50" ten="100,190,490,220" oya="2" hai0="35,14,46,130,97,53,74,132,83,66,120,90,88" hai1="4,28,72,89,34,2,38,124,64,110,78,82,11" hai2="19,111,30,42,94,104,56,107,81,105,51,60,65" hai3="52,96,125,18,63,93,73,55,1,75,10,134,54"/><V102/><F30/><W86/><G134/><T17/><D120/><U91/><E110/><V22/><F111/><W121/><G121/><T113/><D113/><U62/><E124/><V119/><F119/><W67/><G125/><T12/><D35/><U58/><REACH who="1" step="1"/><E38/><REACH who="1" ten="100,180,490,220" step="2"/><V85/><F42/><W8/><G1/><T109/><D109/><U68/><E68/><V133/><F133/><W6/><G75/><T99/><D132/><U106/><E106/><V122/><F105/><W37/><G73/><T70/><D74/><U87/><E87/><V61/><F85/><W126/><G86/><T29/><D70/><U49/><E49/><V57/><F51/><W24/><G37/><T135/><D135/><U21/><E21/><V103/><F22/><N who="3" m="13399" /><G126/><T76/><D130/><U59/><E59/><V40/><F56/><N who="3" m="37351" /><G6/><T77/><D46/><U31/><E31/><V101/><F107/><W112/><G112/><T33/><D29/><U92/><E92/><V128/><F94/><W79/><G79/><T25/><D76/><U71/><E71/><V80/><F104/><W129/><G129/><T20/><D77/><U100/><E100/><AGARI ba="1,1" hai="8,10,52,54,55,93,96,100" m="37351,13399" machi="100" ten="30,8000,1" yaku="8,1,52,3,54,1" doraHai="50" who="3" fromWho="1" sc="100,0,180,-83,490,0,220,93" /><INIT seed="3,0,0,5,3,98" ten="100,97,490,313" oya="3" hai0="82,54,57,47,67,25,16,50,114,32,66,65,105" hai1="69,129,27,127,36,34,78,125,56,122,85,113,20" hai2="84,6,100,44,14,48,0,103,7,73,23,63,15" hai3="58,28,22,33,109,81,118,75,1,133,119,130,106"/><W35/><G22/><N who="0" m="13511" /><D105/><U18/><E122/><V135/><F73/><W95/><G95/><T79/><D32/><N who="3" m="12361" /><G58/><T26/><D114/><U90/><E113/><V42/><F0/><W24/><G28/><T134/><D134/><U49/><E36/><V96/><F135/><W31/><G31/><T107/><D107/><U132/><E132/><V77/><F63/><W5/><G24/><T2/><D2/><U115/><E115/><V13/><F23/><W53/><G53/><T80/><D26/><U38/><E38/><V60/><F60/><W3/><G133/><T121/><D121/><U12/><E69/><V91/><F77/><N who="3" m="44223" /><G130/><T37/><D37/><U76/><E129/><V51/><F48/><W40/><G40/><N who="0" m="24935" /><D79/><U61/><E49/><AGARI ba="0,0" hai="49,54,57,65,66,67,80,82" m="24935,13511" machi="49" ten="30,2000,0" yaku="8,1,54,1" doraHai="98" who="0" fromWho="1" sc="100,20,97,-20,490,0,313,0" owari="120,-28.0,77,-42.3,490,59.0,313,11.3" /></mjloggm>