<mjloggm ver="2.3"><GO type="225" lobby="0"/><UN n0="%79%6B%66%35%35%33%38%39" n1="%E5%AF%82%E5%AF%9E%E3%82%AE%E3%83%8D%E3%82%B9%E3%83%93%E3%83%BC%E3%83%AB" n2="%E3%81%8F%E3%82%8A%E3%83%94%E3%83%BC" n3="%E3%81%B7%E3%82%8A%E3%82%93%E8%81%96%E4%BA%BA" dan="16,16,16,16" rate="2138.90,2141.98,2085.43,2126.93" sx="M,M,M,M"/><TAIKYOKU oya="0"/><INIT seed="0,0,0,5,2,39" ten="250,250,250,250" oya="0" hai0="135,0,99,51,49,14,12,3,125,92,57,30,107" hai1="47,116,132,19,117,129,23,112,98,60,36,50,134" hai2="85,11,76,101,52,66,8,58,45,126,118,78,96" hai3="133,70,124,9,69,110,16,29,121,67,123,89,4"/><T44/><D107/><U37/><E98/><V31/><F126/><W104/><G104/><T64/><D125/><U35/><E35/><V90/><F118/><N who="1" m="45673" /><E19/><V71/><F71/><W33/><G124/><T122/><D122/><U10/><E23/><V72/><F31/><W81/><G33/><T87/><D135/><N who="1" m="51755" /><E10/><N who="2" m="3627" /><F45/><W86/><G29/><T106/><D106/><U94/><E94/><N who="2" m="58519" /><F66/><W82/><G67/><T25/><D87/><U27/><E27/><V53/><F72/><W83/><G133/><T130/><D130/><U63/><E112/><V18/><F18/><W75/><G4/><T22/><D0/><U103/><E103/><V111/><F111/><W79/><G82/><T113/><D3/><U77/><E77/><N who="2" m="29803" /><F58/><W24/><G110/><T55/><D113/><U74/><E74/><V56/><F56/><W108/><G108/><T84/><D84/><U61/><E129/><V40/><F40/><AGARI ba="0,0" hai="36,37,40,47,50,60,61,63" m="51755,45673" machi="40" ten="40,8000,1" yaku="20,1,34,2,52,1" doraHai="39" who="1" fromWho="2" sc="250,0,250,80,250,-80,250,0" /><INIT seed="1,0,0,4,5,14" ten="250,330,170,250" oya="1" hai0="39,98,121,53,82,80,100,37,104,112,119,73,94" hai1="52,62,127,56,101,34,26,30,75,78,28,68,87" hai2="55,45,131,13,42,130,93,63,29,91,64,71,109" hai3="15,113,66,40,59,22,89,65,18,126,2,95,96"/><U118/><E118/><V77/><F109/><W74/><G74/><T5/><D112/><U4/><E127/><V20/><F77/><W44/><G2/><T19/><D119/><U27/><E4/><V49/><F29/><W133/><G126/><T86/><D121/><U129/><E129/><V16/><REACH who="2" step="1"/><F42/><REACH who="2" ten="250,330,160,250" step="2"/><W6/><G133/><T61/><D73/><U103/><E75/><V54/><F54/><W90/><G113/><T12/><D53/><U83/><REACH who="1" step="1"/><E68/><REACH who="1" ten="250,320,160,250" step="2"/><V108/><F108/><W110/><G110/><T21/><D5/><U85/><E85/><AGARI ba="0,2" hai="13,16,20,45,49,55,63,64,71,85,91,93,130,131" machi="85" ten="40,8000,1" yaku="1,1,52,1,54,1,53,1" doraHai="14" doraHaiUra="47" who="2" fromWho="1" sc="250,0,320,-80,160,100,250,0" /><INIT seed="2,0,0,5,4,26" ten="250,240,260,250" oya="2" hai0="115,29,120,14,113,73,78,84,27,106,21,94,75" hai1="42,36,16,102,22,131,68,134,8,104,4,88,112" hai2="60,122,43,91,121,7,63,19,9,133,31,77,48" hai3="66,98,61,58,85,2,83,44,10,129,34,39,53"/><V1/><F133/><W105/><G34/><T72/><D120/><U118/><E112/><V70/><F77/><W109/><G109/><T50/><D106/><U11/><E118/><V59/><F70/><W28/><G28/><T46/><D14/><U110/><E68/><V41/><F63/><W114/><G114/><T56/><D56/><U13/><E110/><V76/><F76/><W96/><G105/><T69/><D69/><U71/><E71/><V80/><F19/><W103/><G103/><T40/><REACH who="0" step="1"/><D94/><REACH who="0" ten="240,240,260,250" step="2"/><U95/><E134/><V97/><F122/><W79/><G129/><T116/><D116/><U130/><E130/><V62/><F121/><W119/><G119/><T0/><D0/><U33/><E131/><V86/><F59/><W117/><G117/><T35/><D35/><U3/><E33/><V124/><F1/><W15/><G2/><T92/><D92/><U87/><E104/><V128/><F128/><W65/><G44/><T24/><D24/><U90/><E8/><V111/><F9/><W108/><G108/><T30/><D30/><U125/><E3/><V89/><F31/><W107/><G107/><T6/><D6/><U54/><E4/><V123/><F7/><W100/><G15/><T20/><D20/><U74/><E11/><V135/><F111/><W132/><G10/><T67/><D67/><U81/><E22/><V82/><F135/><W101/><G132/><T47/><D47/><U37/><E13/><V45/><F123/><W23/><G23/><T49/><D49/><U126/><E95/><V55/><F45/><W12/><G12/><RYUUKYOKU ba="0,1" sc="240,30,240,-10,260,-10,250,-10" hai0="21,27,29,40,46,50,72,73,75,78,84,113,115" /><INIT seed="3,1,1,3,2,35" ten="270,230,250,240" oya="3" hai0="64,37,57,108,104,86,119,32,11,23,56,4,70" hai1="120,92,17,27,6,13,98,3,9,15,80,7,48" hai2="8,29,41,81,47,134,30,106,63,125,55,34,1" hai3="94,127,25,50,62,130,131,69,67,51,103,133,112"/><W93/><G112/><T84/><D119/><U46/><E120/><V116/><F106/><W60/><G133/><T28/><D32/><U89/><E6/><V44/><F116/><W36/><G36/><T77/><D37/><U43/><REACH who="1" step="1"/><E80/><REACH who="1" ten="270,220,250,240" step="2"/><V38/><F81/><W82/><G82/><T95/><D4/><U72/><E72/><V45/><F134/><W83/><G83/><T126/><D108/><U78/><E78/><V76/><F76/><W90/><G127/><T59/><D77/><U54/><E54/><V0/><F55/><W107/><G107/><T26/><D126/><U109/><E109/><V65/><F125/><W79/><G79/><T88/><D104/><U101/><E101/><V87/><F41/><W53/><G103/><T110/><D110/><U96/><E96/><V21/><F87/><W52/><G93/><T129/><D86/><U100/><E100/><V58/><F38/><W5/><G5/><T22/><D84/><U18/><E18/><V115/><F115/><W73/><G73/><T10/><D95/><U42/><E42/><V113/><F113/><W132/><G132/><T123/><D123/><U99/><E99/><V12/><F29/><W66/><G94/><T16/><D28/><U97/><E97/><V71/><F30/><W91/><G25/><T14/><D26/><U68/><E68/><AGARI ba="1,2" hai="50,51,52,53,60,62,66,67,68,69,90,91,130,131" machi="68" ten="25,4800,0" yaku="22,2,54,1" doraHai="35" who="3" fromWho="1" sc="270,0,220,-51,250,0,240,71" owari="270,7.0,169,-33.1,250,-15.0,311,41.1" /></mjloggm>