<mjloggm ver="2.3"><GO type="225" lobby="0"/><UN n0="%72%61%6B%33" n1="%72%69%6F%75%63%68%61%6E" n2="%E7%BD%AA%E5%88%91%E6%B3%95%E5%AE%9A%E4%B8%BB%E7%BE%A9" n3="%6D%75%75%6D%75%72%61" dan="16,17,16,17" rate="2207.46,2234.84,2169.35,2190.76" sx="M,M,M,F"/><TAIKYOKU oya="0"/><INIT seed="0,0,0,1,0,7" ten="250,250,250,250" oya="0" hai0="99,24,115,48,130,41,133,0,67,85,50,45,132" hai1="75,65,123,6,20,111,135,116,44,36,31,19,76" hai2="126,77,94,112,84,108,51,131,25,105,26,101,55" hai3="14,18,30,43,54,114,60,109,33,100,91,134,8"/><T63/><D0/><U52/><E111/><V93/><F112/><W42/><G114/><T71/><D115/><U15/><E116/><V23/><F108/><W58/><G109/><T125/><D85/><U74/><E123/><V121/><F121/><W124/><G134/><N who="0" m="51819" /><D99/><U12/><E135/><V22/><F126/><W17/><G124/><T69/><D24/><N who="2" m="9322" /><F105/><W49/><G33/><T82/><D82/><U104/><E104/><V128/><F101/><W127/><G127/><T59/><D125/><U122/><E122/><V95/><F84/><W56/><G100/><T16/><D16/><N who="3" m="6249" /><G91/><T97/><D97/><U47/><E31/><V10/><F77/><W21/><G21/><N who="2" m="7689" /><F131/><W102/><G102/><T118/><D118/><U1/><E1/><V103/><F128/><W62/><G30/><T66/><D130/><U117/><E117/><V37/><F37/><W28/><G28/><T107/><D107/><U96/><E76/><V120/><F120/><W5/><G60/><N who="0" m="38175" /><D50/><N who="1" m="28743" /><E74/><V9/><F103/><W34/><G34/><T83/><D83/><U78/><E78/><V27/><N who="2" m="9330" /><V11/><DORA hai="73" /><F95/><W89/><G89/><T72/><D72/><U87/><E75/><V113/><F113/><W40/><G62/><T70/><AGARI ba="0,0" hai="41,45,48,63,67,69,70,71" m="38175,51819" machi="70" ten="30,6000,0" yaku="20,1,34,2" doraHai="7,73" who="0" fromWho="0" sc="250,60,250,-20,250,-20,250,-20" /><INIT seed="0,1,0,0,4,52" ten="310,230,230,230" oya="0" hai0="12,100,97,24,37,126,54,21,123,15,39,101,125" hai1="104,50,121,22,135,129,103,34,53,107,114,6,105" hai2="45,96,120,109,117,69,41,79,60,62,82,131,98" hai3="111,32,87,9,23,10,113,66,102,65,19,55,89"/><T27/><D54/><U71/><E34/><V58/><F120/><W30/><G113/><T112/><D21/><U93/><E121/><V77/><F109/><W47/><G111/><T28/><D123/><U132/><E129/><V33/><F33/><W67/><G32/><T90/><D90/><U13/><E71/><V18/><F131/><W110/><G102/><T119/><D97/><U73/><E73/><V91/><F117/><W61/><G30/><T72/><D72/><U51/><E114/><V80/><F69/><W64/><G110/><T127/><D112/><U124/><E124/><V115/><F115/><W48/><N who="3" m="16384" /><DORA hai="83" /><W1/><G61/><T84/><D28/><U133/><E53/><N who="2" m="33871" /><F62/><W44/><G44/><T57/><D57/><U11/><REACH who="1" step="1"/><E22/><REACH who="1" ten="310,220,230,230" step="2"/><V134/><F134/><W36/><G23/><T88/><D127/><U78/><E78/><V86/><F79/><W95/><G55/><T20/><D20/><U116/><E116/><V70/><F70/><W35/><G35/><T31/><D119/><U25/><E25/><V59/><F77/><W128/><G128/><T3/><D27/><U75/><E75/><V122/><F122/><W94/><G47/><T38/><D24/><U108/><E108/><V42/><F45/><W4/><G10/><T2/><D126/><U46/><E46/><V43/><F59/><W85/><G9/><T81/><D125/><U68/><E68/><V40/><F40/><W8/><G8/><T7/><D39/><U16/><E16/><V99/><F18/><W74/><G36/><T49/><D38/><U5/><E5/><RYUUKYOKU ba="1,1" sc="310,-15,220,15,230,15,230,-15" hai1="6,11,13,50,51,93,103,104,105,107,132,133,135" hai2="41,42,43,80,82,86,91,96,98,99" /><INIT seed="1,2,1,2,4,95" ten="295,235,245,215" oya="1" hai0="130,22,49,1,102,2,20,88,13,84,106,108,92" hai1="97,39,132,81,72,16,77,111,18,3,25,127,105" hai2="14,56,12,90,63,15,99,38,131,122,58,76,9" hai3="133,118,89,117,57,119,74,26,69,115,129,33,87"/><U41/><E127/><V80/><F122/><W79/><G115/><T4/><D108/><U125/><E125/><V31/><F38/><W66/><G69/><T61/><D130/><U116/><E116/><V107/><F131/><W46/><G129/><T73/><D73/><U6/><E111/><V60/><F31/><N who="3" m="19703" /><G133/><T36/><D36/><U121/><E121/><V19/><F107/><W82/><G46/><T30/><D49/><U34/><E132/><V17/><F90/><W24/><G24/><T50/><D50/><U124/><E124/><V32/><F32/><W109/><G109/><T110/><D110/><U5/><E34/><V101/><F101/><W78/><G74/><T40/><D40/><U120/><E120/><V103/><F103/><W128/><G128/><T7/><D61/><AGARI ba="2,1" hai="57,61,66,78,79,82,87,89,117,118,119" m="19703" machi="61" ten="30,1000,0" yaku="12,1" doraHai="95" who="3" fromWho="0" sc="295,-16,235,0,245,0,215,26" /><INIT seed="2,0,0,0,1,127" ten="279,235,245,241" oya="2" hai0="69,16,76,132,24,22,105,119,2,102,19,0,74" hai1="38,123,53,118,124,26,33,101,25,68,39,63,40" hai2="1,51,133,78,121,31,49,85,131,120,66,106,115" hai3="109,27,100,116,75,3,92,30,15,104,77,4,87"/><V62/><F1/><W114/><G116/><T9/><D69/><U108/><E118/><V99/><F31/><W55/><G109/><T94/><D119/><U18/><E108/><V91/><F78/><W65/><G3/><T21/><D105/><U89/><E124/><V7/><F7/><W126/><G126/><T57/><D132/><U88/><E123/><V5/><F5/><W14/><G114/><T79/><D57/><U44/><E38/><V59/><F115/><W34/><G65/><T128/><D128/><U10/><E101/><V64/><F64/><W98/><G4/><T82/><D79/><U61/><E68/><V23/><F133/><W6/><G6/><T96/><REACH who="0" step="1"/><D9/><REACH who="0" ten="269,235,245,241" step="2"/><U46/><E10/><V42/><F131/><W58/><G77/><T47/><D47/><U36/><E44/><V103/><F121/><W32/><G104/><T93/><D93/><U43/><E46/><V67/><F120/><W52/><G92/><T12/><AGARI ba="0,1" hai="0,2,12,16,19,21,22,24,74,76,82,94,96,102" machi="12" ten="20,8000,1" yaku="1,1,0,1,7,1,54,1,53,1" doraHai="127" doraHaiUra="11" who="0" fromWho="0" sc="269,90,235,-20,245,-40,241,-20" /><INIT seed="3,0,0,0,0,84" ten="359,215,205,221" oya="3" hai0="55,62,57,87,133,51,111,131,105,107,53,32,3" hai1="45,61,6,65,21,109,40,38,110,130,22,92,30" hai2="73,23,49,123,35,63,17,85,4,114,7,83,34" hai3="99,119,89,12,19,9,122,37,59,96,48,81,113"/><W135/><G37/><T124/><D3/><U39/><E130/><V82/><F114/><W90/><G113/><T15/><D32/><U16/><E6/><V116/><F116/><W97/><G119/><T25/><D131/><U128/><E128/><V26/><F123/><W127/><G122/><T29/><D111/><N who="1" m="42507" /><E30/><V121/><F121/><W112/><G112/><T14/><D124/><U69/><E92/><V106/><F106/><W76/><G127/><T100/><D53/><U1/><E1/><V118/><F118/><W126/><G135/><T56/><D87/><U11/><E38/><V94/><F73/><W103/><G103/><T50/><D57/><U129/><E129/><V8/><F35/><W74/><G126/><T52/><D62/><U79/><E79/><V125/><F125/><W75/><G75/><T117/><D25/><U68/><E68/><V88/><F34/><W42/><REACH who="3" step="1"/><G59/><REACH who="3" ten="359,215,205,211" step="2"/><T132/><D56/><U120/><E120/><V41/><F63/><W80/><G80/><N who="2" m="30761" /><F8/><W36/><G36/><T115/><D117/><U0/><E0/><V134/><F134/><W28/><G28/><T54/><D115/><U104/><E104/><V33/><F33/><W108/><G108/><T72/><D29/><U2/><E2/><V27/><F27/><W78/><G78/><T10/><D72/><U43/><E11/><V91/><F91/><W31/><G31/><T70/><D100/><U98/><E39/><V44/><AGARI ba="0,1" hai="4,7,17,23,26,41,44,49,85,88,94" m="30761" machi="44" ten="30,4000,0" yaku="8,1,52,1,54,1" doraHai="84" who="2" fromWho="2" sc="359,-10,215,-10,205,50,211,-20" owari="349,44.9,205,-19.5,255,5.5,191,-30.9" /></mjloggm>