<mjloggm ver="2.3"><GO type="225" lobby="0"/><UN n0="%E8%A8%88%E7%AE%97%E6%A9%9F%E8%87%AA%E7%84%B6" n1="%E3%83%AD%E3%83%83%E3%83%86%E9%9B%80%E7%90%83" n2="%E3%81%B7%E3%82%8A%E3%82%93%E8%81%96%E4%BA%BA" n3="%72%69%6F%75%63%68%61%6E" dan="17,17,16,17" rate="2213.10,2262.10,2076.61,2280.80" sx="M,M,M,M"/><TAIKYOKU oya="0"/><INIT seed="0,0,0,5,0,69" ten="250,250,250,250" oya="0" hai0="30,57,124,41,26,32,70,40,118,62,88,110,121" hai1="58,5,31,1,93,38,134,107,9,46,91,75,82" hai2="11,115,97,3,8,132,133,85,73,45,101,108,35" hai3="95,79,114,65,60,47,103,63,56,113,106,74,128"/><T34/><D118/><U53/><E134/><V61/><F73/><W119/><G119/><T92/><D121/><U72/><E107/><V67/><F35/><W20/><G128/><T90/><D70/><U87/><E31/><V21/><F115/><W6/><G106/><T81/><D124/><U39/><E46/><V19/><F85/><W126/><G126/><T80/><D110/><U96/><E75/><V104/><F108/><W71/><G6/><T76/><D32/><U125/><E72/><V52/><F3/><W109/><G109/><T36/><D90/><U14/><E1/><V77/><F77/><W18/><G47/><T17/><D17/><U135/><E135/><V100/><F100/><W23/><G23/><T84/><D36/><U116/><E116/><V10/><F67/><W12/><G95/><T64/><REACH who="0" step="1"/><D80/><REACH who="0" ten="240,250,250,250" step="2"/><U16/><E125/><V68/><F68/><W25/><G103/><T130/><D130/><U123/><E123/><V94/><F132/><W117/><G117/><T129/><D129/><U55/><E5/><V0/><F133/><W24/><G114/><T127/><D127/><U89/><REACH who="1" step="1"/><E53/><REACH who="1" ten="240,240,250,250" step="2"/><V66/><F52/><N who="3" m="33799" /><G113/><T59/><D59/><U51/><AGARI ba="0,2" hai="9,14,16,38,39,51,55,58,82,87,89,91,93,96" machi="51" ten="20,12000,2" yaku="1,1,0,1,7,1,52,2,54,1,53,0" doraHai="69" doraHaiUra="111" who="1" fromWho="1" sc="240,-60,240,140,250,-30,250,-30" /><INIT seed="1,0,0,2,1,19" ten="180,380,220,220" oya="1" hai0="126,130,107,69,97,64,71,29,112,43,52,113,2" hai1="46,77,59,80,131,42,57,101,92,87,55,125,50" hai2="94,116,115,4,12,91,16,121,1,109,53,96,134" hai3="60,56,66,118,65,10,76,14,28,7,114,9,31"/><U68/><E125/><V24/><F1/><W85/><G114/><N who="0" m="44139" /><D2/><U32/><E131/><V135/><F116/><W62/><G118/><T36/><D29/><U54/><E68/><N who="0" m="26185" /><D97/><N who="1" m="59559" /><E32/><V22/><F115/><W74/><G74/><T67/><D107/><U41/><E59/><V20/><F121/><W95/><G10/><T27/><D27/><U127/><E127/><V23/><F4/><W122/><G122/><T89/><D89/><U105/><E105/><V6/><F6/><W30/><G95/><T82/><D82/><U108/><E108/><V102/><F109/><W110/><G110/><T133/><D126/><U128/><E128/><V103/><F24/><W79/><REACH who="3" step="1"/><G85/><REACH who="3" ten="180,380,220,210" step="2"/><T13/><D130/><U117/><E117/><V37/><F37/><W88/><G88/><T86/><D86/><U58/><E87/><V48/><F102/><W132/><G132/><N who="2" m="50729" /><F103/><W84/><G84/><T0/><D133/><U90/><E90/><V34/><F34/><W38/><G38/><T18/><D36/><U72/><E72/><V39/><F39/><W119/><G119/><T21/><D0/><U106/><E106/><V26/><F26/><W78/><G78/><T100/><D100/><U104/><E77/><V45/><AGARI ba="0,1" hai="12,16,20,22,23,45,48,53,91,94,96" m="50729" machi="45" ten="30,8000,1" yaku="20,1,52,3,54,1" doraHai="19" who="2" fromWho="2" sc="180,-20,380,-40,220,90,210,-20" /><INIT seed="2,0,0,4,1,108" ten="160,340,310,190" oya="2" hai0="31,73,81,86,67,22,6,26,4,92,13,59,126" hai1="111,49,102,33,48,125,87,20,50,1,57,74,90" hai2="42,101,5,129,130,85,117,98,115,93,53,17,95" hai3="128,76,94,43,55,64,60,78,24,120,45,10,58"/><V104/><F117/><W7/><G120/><T132/><D126/><U35/><E74/><V28/><F28/><W14/><G128/><N who="2" m="49257" /><F5/><W134/><G134/><T46/><D132/><U96/><E1/><V88/><F42/><W91/><G24/><T52/><D73/><U68/><E68/><V66/><F66/><W114/><G114/><T127/><D127/><U79/><E111/><V97/><F53/><W121/><G121/><T82/><D67/><U72/><E33/><V0/><F17/><W21/><G21/><T71/><D71/><U105/><E20/><V103/><F0/><W63/><G43/><T61/><D46/><U112/><E112/><AGARI ba="0,0" hai="85,88,93,95,97,98,101,103,104,112,115" m="49257" machi="112" ten="30,18000,2" yaku="19,1,34,2,52,2,54,1" doraHai="108" who="2" fromWho="1" sc="160,0,340,-180,310,180,190,0" /><INIT seed="2,1,0,0,2,35" ten="160,160,490,190" oya="2" hai0="51,82,31,37,47,43,79,9,46,106,28,120,40" hai1="14,13,63,59,93,54,3,24,75,126,111,107,39" hai2="8,97,125,5,25,91,128,87,135,34,69,78,116" hai3="89,44,2,68,56,15,36,131,103,12,49,110,32"/><V127/><F69/><W96/><G68/><T88/><D120/><U100/><E75/><V71/><F71/><W60/><G110/><T85/><D106/><U29/><E39/><V19/><F116/><W48/><G131/><T123/><D123/><U104/><E111/><V133/><F78/><W58/><G32/><T108/><D108/><U20/><E126/><N who="2" m="48139" /><F97/><W45/><G2/><T42/><D42/><U64/><E3/><V55/><F55/><N who="3" m="30087" /><G36/><T92/><REACH who="0" step="1"/><D9/><REACH who="0" ten="150,160,490,190" step="2"/><U23/><E107/><V105/><F105/><W38/><G38/><T102/><D102/><U121/><E104/><V11/><F128/><W95/><G103/><T16/><D16/><N who="1" m="10263" /><E121/><V124/><F124/><W10/><G10/><T27/><D27/><U61/><E13/><N who="3" m="5194" /><G60/><T65/><D65/><U73/><E63/><V80/><F19/><W119/><G119/><T77/><D77/><U74/><E54/><AGARI ba="1,1" hai="45,49,54,56,58,89,95,96" m="5194,30087" machi="54" ten="30,1000,0" yaku="8,1" doraHai="35" who="3" fromWho="1" sc="150,0,160,-13,490,0,190,23" /><INIT seed="3,0,0,2,3,75" ten="150,147,490,213" oya="3" hai0="30,114,129,107,12,64,39,67,123,26,124,7,33" hai1="52,66,49,58,105,81,5,97,72,101,134,40,115" hai2="108,20,18,44,85,117,69,41,119,19,1,73,56" hai3="68,78,109,133,38,59,43,95,130,113,28,74,6"/><W62/><G113/><T13/><D123/><U71/><E115/><V22/><F69/><W135/><G130/><T65/><D114/><U15/><E134/><N who="3" m="51210" /><G68/><T112/><D112/><U80/><E40/><V94/><F73/><W8/><G28/><T118/><D118/><U91/><E72/><V86/><F56/><W83/><G95/><T25/><D39/><U93/><E66/><V116/><F1/><W34/><G34/><T10/><D107/><U122/><E71/><V77/><F94/><W82/><G109/><T121/><D121/><U17/><E5/><V31/><F31/><W79/><G43/><T111/><D129/><U61/><E61/><V88/><F108/><W96/><G96/><T126/><D111/><U9/><REACH who="1" step="1"/><E122/><REACH who="1" ten="150,137,490,213" step="2"/><V127/><F116/><W100/><G74/><T48/><D25/><U106/><E106/><V36/><F117/><W32/><G38/><T63/><D63/><U99/><AGARI ba="0,1" hai="9,15,17,49,52,58,80,81,91,93,97,99,101,105" machi="99" ten="20,8000,1" yaku="1,1,0,1,7,1,54,1,53,1" doraHai="75" doraHaiUra="90" who="1" fromWho="1" sc="150,-20,137,90,490,-20,213,-40" owari="130,-37.0,227,2.7,470,57.0,173,-22.7" /></mjloggm>