<mjloggm ver="2.3"><GO type="225" lobby="0"/><UN n0="%E3%83%97%E3%83%AC%E3%83%B4%E3%82%A1%E3%83%86%E3%82%A3" n1="%E5%B0%8F%37%34" n2="%E6%98%93%E5%88%A9%E8%96%A9%E4%BC%AF" n3="%E3%82%B2%E3%82%B9%E8%8C%82%E5%8B%9D" dan="16,17,16,16" rate="2124.97,2160.12,2029.37,2090.68" sx="F,M,F,F"/><TAIKYOKU oya="0"/><INIT seed="0,0,0,3,5,39" ten="250,250,250,250" oya="0" hai0="82,74,122,2,3,14,53,117,92,68,55,11,61" hai1="101,112,1,67,12,23,33,71,24,28,73,125,116" hai2="89,25,100,85,30,4,26,38,17,20,90,76,40" hai3="19,22,57,16,49,126,108,119,103,52,114,93,99"/><T120/><D117/><U36/><E116/><V131/><F131/><W88/><G119/><T35/><D35/><U96/><E125/><V132/><F132/><W47/><G47/><T15/><BYE who="3" /><D92/><U18/><E112/><V62/><F100/><W50/><G50/><T102/><D102/><U107/><E73/><V80/><F4/><W44/><G44/><T83/><D11/><U60/><E36/><V81/><F38/><W86/><G86/><T70/><D61/><U58/><E1/><V48/><F48/><UN n3="%E3%82%B2%E3%82%B9%E8%8C%82%E5%8B%9D" /><W115/><G108/><T56/><D56/><AGARI ba="0,0" hai="12,18,23,24,28,33,56,58,60,67,71,96,101,107" machi="56" ten="40,2600,0" yaku="25,2" doraHai="39" who="1" fromWho="0" sc="250,-26,250,26,250,0,250,0" /><INIT seed="1,0,0,4,5,98" ten="224,276,250,250" oya="1" hai0="118,22,135,92,68,83,15,69,76,62,21,23,80" hai1="124,58,11,53,56,4,131,19,119,70,105,78,20" hai2="60,84,18,108,93,48,87,126,99,115,71,133,50" hai3="113,121,45,16,13,0,35,2,95,17,89,73,39"/><U29/><E119/><V132/><F108/><W24/><G113/><T79/><D118/><U122/><E70/><V114/><F18/><W36/><G121/><T81/><D135/><N who="2" m="51786" /><F71/><W130/><G130/><T28/><D69/><U103/><E122/><V94/><F60/><W123/><G123/><T65/><D28/><U9/><E131/><V47/><F47/><W134/><G134/><T30/><D30/><U42/><E124/><V1/><F1/><W46/><G73/><T57/><D68/><U34/><E42/><V97/><F50/><W90/><G95/><N who="2" m="36361" /><F48/><W26/><REACH who="3" step="1"/><G13/><REACH who="3" ten="224,276,250,240" step="2"/><T43/><D92/><U54/><E105/><V128/><F128/><W72/><G72/><T51/><D15/><U63/><E63/><V55/><F126/><W14/><G14/><T44/><AGARI ba="0,1" hai="21,22,23,43,44,51,57,62,65,76,79,80,81,83" machi="44" ten="40,2700,0" yaku="0,1,8,1" doraHai="98" who="0" fromWho="0" sc="224,37,276,-13,250,-7,240,-7" /><INIT seed="2,0,0,4,1,89" ten="261,263,243,233" oya="2" hai0="104,75,126,62,80,84,103,122,11,54,117,68,130" hai1="73,109,77,39,34,97,28,20,49,30,45,42,115" hai2="37,101,85,26,133,31,8,108,4,27,15,127,69" hai3="72,120,81,88,5,86,43,7,6,112,64,25,63"/><V33/><F133/><W129/><G120/><T96/><D122/><U23/><E115/><V102/><F37/><W132/><G129/><T36/><D130/><U74/><E34/><V51/><F69/><W111/><G132/><T78/><D117/><U18/><E109/><V40/><F127/><W76/><G111/><T135/><D135/><U110/><E110/><V35/><F108/><W57/><G112/><T118/><D118/><U60/><E60/><V46/><REACH who="2" step="1"/><F85/><REACH who="2" ten="261,263,233,233" step="2"/><W12/><G43/><T9/><D36/><U10/><E39/><V95/><F95/><W106/><G106/><T107/><D104/><U61/><E73/><V65/><F65/><W82/><REACH who="3" step="1"/><G25/><REACH who="3" ten="261,263,233,223" step="2"/><T66/><D126/><U19/><E42/><V128/><F128/><W98/><G98/><T13/><D54/><U121/><E97/><V105/><F105/><W92/><G92/><T38/><D38/><U24/><E24/><V90/><F90/><W3/><G3/><T99/><D99/><U123/><E121/><V29/><AGARI ba="0,2" hai="4,8,15,26,27,29,31,33,35,40,46,51,101,102" machi="29" ten="30,6000,0" yaku="1,1,0,1,9,1,53,0" doraHai="89" doraHaiUra="53" who="2" fromWho="2" sc="261,-20,263,-20,233,80,223,-20" /><INIT seed="2,1,0,2,1,122" ten="241,243,313,203" oya="2" hai0="24,73,130,125,46,40,11,10,82,18,23,8,52" hai1="7,39,31,15,134,41,117,102,98,71,77,87,55" hai2="101,45,58,70,66,37,114,83,115,38,124,65,62" hai3="80,116,59,110,33,4,60,78,6,84,109,118,36"/><V30/><F101/><W64/><G33/><T56/><D125/><U9/><E117/><V50/><F83/><W69/><G36/><N who="2" m="13929" /><F30/><W97/><G97/><T16/><D130/><U27/><E134/><V21/><F21/><W123/><G123/><T126/><D126/><U112/><E112/><N who="2" m="43051" /><F124/><W113/><G113/><T54/><D56/><U2/><E77/><V28/><F28/><W19/><G19/><T5/><D5/><N who="3" m="2153" /><G59/><T20/><D73/><U12/><E71/><V67/><F70/><W90/><G78/><T26/><D82/><U32/><E87/><V108/><F108/><AGARI ba="1,0" hai="60,64,69,80,84,90,108,109,110,116,118" m="2153" machi="108" ten="30,7700,0" yaku="14,1,52,3" doraHai="122" who="3" fromWho="2" sc="241,0,243,0,313,-80,203,80" /><INIT seed="3,0,0,4,4,56" ten="241,243,233,283" oya="3" hai0="83,32,102,3,80,114,127,106,105,100,69,79,6" hai1="8,33,63,7,66,130,15,26,88,125,10,28,31" hai2="78,43,110,50,72,92,22,29,52,13,93,104,19" hai3="131,122,91,85,115,118,12,134,18,25,17,48,4"/><W45/><G118/><T107/><D69/><U60/><E125/><V34/><F104/><W116/><G122/><T119/><D32/><U58/><E130/><V16/><F110/><W47/><G131/><T113/><D3/><U37/><E37/><V95/><F43/><W20/><G115/><N who="0" m="44043" /><D6/><U97/><E28/><V21/><F34/><W59/><G134/><T68/><D68/><U82/><E8/><V101/><F29/><W123/><G116/><T46/><D119/><U51/><E51/><V109/><F109/><W70/><G70/><T41/><D127/><U129/><E129/><V1/><F1/><W61/><G4/><T103/><D79/><U112/><E112/><V132/><F132/><W124/><G48/><AGARI ba="0,0" hai="41,46,48,80,83,100,102,103,105,106,107" m="44043" machi="48" ten="40,1300,0" yaku="11,1" doraHai="56" who="0" fromWho="3" sc="241,13,243,0,233,0,283,-13" /><INIT seed="4,0,0,3,3,109" ten="254,243,233,270" oya="0" hai0="75,106,87,112,123,58,17,120,35,49,24,130,107" hai1="12,46,1,3,78,43,9,36,121,37,64,77,23" hai2="47,119,15,41,51,67,132,133,83,44,97,48,79" hai3="70,129,110,116,30,59,27,84,111,108,131,105,40"/><T101/><D75/><U16/><E121/><V38/><F119/><W19/><G105/><T88/><D130/><N who="3" m="49673" /><G116/><T124/><D124/><U90/><E37/><V114/><F67/><W72/><G72/><T42/><D112/><U81/><E64/><V4/><F97/><W60/><G70/><T96/><D107/><U61/><E61/><V57/><F57/><W52/><G40/><T10/><D10/><U22/><E90/><V7/><F38/><W102/><G102/><T11/><D11/><U76/><E81/><V135/><F15/><W56/><G56/><T86/><D86/><U95/><E95/><V92/><F92/><W20/><G84/><T39/><D39/><U128/><REACH who="1" step="1"/><E128/><REACH who="1" ten="254,233,233,270" step="2"/><V117/><F117/><W98/><G111/><T118/><D118/><U28/><E28/><V125/><F125/><W99/><G108/><T82/><D123/><U115/><E115/><V2/><F114/><W100/><G110/><T6/><D120/><U134/><E134/><V85/><REACH who="2" step="1"/><F2/><AGARI ba="0,1" hai="1,2,3,9,12,16,22,23,36,43,46,76,77,78" machi="2" ten="40,8000,1" yaku="1,1,54,1,53,3" doraHai="109" doraHaiUra="34" who="1" fromWho="2" sc="254,0,233,90,233,-80,270,0" owari="254,-14.6,323,42.3,153,-34.7,270,7.0" /></mjloggm>