<mjloggm ver="2.3"><GO type="225" lobby="0"/><UN n0="%E9%AC%BC%E7%95%9C%E7%B1%B3%E5%85%B5" n1="%E3%81%BE%E3%81%A8%E3%81%9F" n2="%E4%BF%BA%E3%81%A8%E5%A6%96%E5%A4%A2" n3="%E3%81%B5%E3%81%98%E3%81%8B%E3%81%A4" dan="17,16,17,16" rate="2133.25,2163.85,2195.32,2169.67" sx="M,M,F,M"/><TAIKYOKU oya="0"/><INIT seed="0,0,0,2,5,6" ten="250,250,250,250" oya="0" hai0="19,16,105,14,104,75,30,40,37,92,18,99,123" hai1="10,114,55,31,130,43,28,120,3,107,80,44,95" hai2="47,24,129,74,34,106,111,29,62,119,64,71,54" hai3="2,66,72,8,103,59,115,90,81,35,126,87,86"/><T117/><D117/><U33/><E107/><V128/><F74/><W125/><G115/><T25/><D123/><U23/><E33/><V77/><F77/><W109/><G35/><T84/><D75/><U112/><E130/><N who="2" m="50283" /><F119/><W0/><G103/><T45/><D84/><U73/><E55/><V20/><F106/><W133/><G72/><T96/><D96/><U22/><E95/><V52/><F111/><W70/><G70/><T88/><REACH who="0" step="1"/><D14/><REACH who="0" ten="240,250,250,250" step="2"/><U49/><E120/><V113/><F113/><N who="1" m="43625" /><E73/><V98/><F98/><W7/><G109/><T12/><D12/><U85/><E3/><V93/><F93/><W4/><G133/><T32/><AGARI ba="0,1" hai="16,18,19,25,30,32,37,40,45,88,92,99,104,105" machi="32" ten="30,11700,0" yaku="1,1,0,1,54,2,53,0" doraHai="6" doraHaiUra="11" who="0" fromWho="0" sc="240,127,250,-39,250,-39,250,-39" /><INIT seed="0,1,0,2,5,120" ten="367,211,211,211" oya="0" hai0="107,13,74,86,31,102,68,73,93,111,36,127,20" hai1="30,42,56,47,1,124,16,10,52,99,48,12,85" hai2="67,65,6,7,61,78,98,22,115,88,72,92,101" hai3="41,46,27,34,90,62,0,35,104,51,106,121,37"/><T81/><D36/><U76/><E124/><V3/><F115/><W23/><G121/><T2/><D68/><U59/><E1/><V119/><F119/><W44/><G0/><T94/><D2/><U100/><E30/><V70/><F3/><W77/><G62/><T123/><D31/><U89/><E76/><V43/><F67/><W32/><G77/><T114/><D20/><U50/><E59/><V28/><F43/><W5/><G5/><T91/><D13/><U109/><E109/><V79/><F79/><W9/><G9/><T49/><D49/><U95/><E85/><V103/><F78/><W110/><G90/><AGARI ba="1,0" hai="10,12,16,42,47,48,50,52,56,89,90,95,99,100" machi="90" ten="40,5200,0" yaku="8,1,54,2" doraHai="120" who="1" fromWho="3" sc="367,0,211,55,211,0,211,-55" /><INIT seed="1,0,0,3,3,79" ten="367,266,211,156" oya="1" hai0="106,55,57,96,23,129,58,12,22,62,0,99,30" hai1="72,46,84,50,132,128,25,11,26,85,75,92,89" hai2="5,71,122,6,33,133,78,124,90,83,70,42,27" hai3="54,34,125,102,131,28,107,123,126,97,115,111,14"/><U63/><E128/><V3/><F122/><W105/><G123/><T65/><D0/><U66/><E72/><V38/><F133/><W134/><G131/><T82/><D106/><U73/><E75/><V35/><F124/><N who="3" m="47723" /><G134/><T95/><D82/><U120/><E73/><N who="2" m="43471" /><F5/><W94/><G115/><T103/><D96/><U21/><E120/><V2/><F90/><W93/><G14/><T53/><D65/><U9/><E84/><V88/><F88/><N who="3" m="55463" /><G54/><T117/><D12/><U52/><E132/><V98/><F98/><N who="3" m="59735" /><G111/><T40/><D55/><U87/><E87/><V91/><F91/><W118/><G118/><T135/><D53/><U17/><REACH who="1" step="1"/><E26/><AGARI ba="0,0" hai="26,28,34,105,107" m="59735,55463,47723" machi="26" ten="30,2000,0" yaku="18,1,54,1" doraHai="79" who="3" fromWho="1" sc="367,0,266,-20,211,0,156,20" /><INIT seed="2,0,0,5,5,27" ten="367,246,211,176" oya="2" hai0="10,24,55,16,111,2,86,26,46,97,3,40,50" hai1="124,31,69,85,91,19,101,119,106,128,102,112,127" hai2="126,58,62,68,33,116,120,125,29,67,87,21,131" hai3="80,47,66,1,105,64,17,93,48,92,4,51,54"/><V38/><F116/><W89/><G105/><T113/><D113/><U20/><E69/><V130/><F33/><W13/><G1/><T135/><D3/><U129/><E112/><V42/><F120/><W32/><G4/><T60/><D2/><U134/><E119/><V59/><F87/><N who="3" m="50407" /><G32/><T28/><D111/><U23/><E19/><V74/><F74/><W18/><G18/><T30/><D97/><U75/><E75/><V77/><F77/><W53/><G93/><T15/><D135/><U71/><E71/><V49/><F21/><N who="3" m="11439" /><G92/><T83/><D60/><U98/><E20/><V118/><F29/><N who="0" m="11370" /><D40/><U108/><E134/><V61/><F118/><W122/><G122/><T12/><D12/><U73/><E73/><V8/><F8/><W65/><G51/><T35/><D35/><U104/><E108/><V22/><F22/><W6/><G6/><T9/><D9/><U39/><E39/><V99/><F99/><W41/><AGARI ba="0,0" hai="41,47,48,53,54,64,65,66" m="11439,50407" machi="41" ten="30,1100,0" yaku="8,1" doraHai="27" who="3" fromWho="3" sc="367,-3,246,-3,211,-5,176,11" /><INIT seed="3,0,0,3,4,34" ten="364,243,206,187" oya="3" hai0="17,108,94,82,104,77,113,134,78,71,133,85,107" hai1="100,84,56,129,23,0,18,83,115,16,6,81,19" hai2="131,105,126,135,122,32,2,14,116,13,21,117,109" hai3="98,90,39,7,70,63,59,112,88,61,24,11,57"/><W95/><G112/><T67/><D108/><U69/><E69/><V50/><RYUUKYOKU type="yao9" ba="0,0" sc="364,0,243,0,206,0,187,0" hai2="2,13,14,21,32,50,105,109,116,117,122,126,131,135" /><INIT seed="3,1,0,4,5,48" ten="364,243,206,187" oya="3" hai0="4,54,25,88,1,84,104,110,10,70,124,74,123" hai1="58,8,15,75,86,50,17,98,82,19,36,117,45" hai2="13,37,102,69,91,116,66,18,35,42,89,55,106" hai3="77,43,131,114,99,6,26,44,52,80,62,11,51"/><W32/><G114/><T3/><D123/><U46/><E75/><V122/><F116/><W130/><G99/><T93/><D74/><U22/><E98/><V79/><F102/><W95/><G95/><T121/><D121/><U41/><E58/><V34/><F106/><W90/><G90/><T2/><D104/><U47/><E36/><V67/><F122/><W119/><G119/><T135/><D70/><U132/><E132/><V57/><F79/><W40/><G62/><T65/><D65/><N who="2" m="24586" /><F34/><W38/><G32/><T9/><D88/><N who="2" m="33866" /><F35/><W113/><G26/><T126/><D25/><N who="1" m="14543" /><E117/><V30/><F37/><W71/><G71/><T78/><D93/><U21/><E21/><N who="2" m="11471" /><F69/><W61/><G113/><T7/><D1/><U60/><E41/><V118/><F118/><W127/><G127/><T39/><D3/><U53/><E53/><V96/><F42/><W16/><G6/><T20/><D7/><U115/><E115/><V94/><F30/><W103/><G103/><T14/><D2/><U87/><E86/><V56/><F55/><W105/><G105/><T128/><D54/><U97/><E87/><V109/><F109/><W59/><G43/><T85/><D110/><U23/><E97/><V29/><F29/><W81/><G38/><T64/><D39/><U72/><E82/><N who="3" m="31850" /><G77/><T92/><D78/><U76/><E76/><V83/><F83/><W134/><G134/><T33/><D135/><U0/><E72/><V28/><F28/><W133/><G133/><T12/><D126/><U27/><E0/><V5/><F5/><W68/><G68/><T73/><D124/><RYUUKYOKU ba="1,0" sc="364,-15,243,-15,206,15,187,15" hai2="56,57,94,96" hai3="11,16,40,44,51,52,59,61,130,131" /><INIT seed="3,2,0,5,0,50" ten="349,228,221,202" oya="3" hai0="109,93,134,103,114,133,82,122,70,13,73,38,92" hai1="104,71,95,3,53,26,126,90,14,86,47,69,79" hai2="64,127,99,39,8,117,87,1,0,28,72,63,52" hai3="89,17,24,58,33,61,54,125,116,2,130,112,91"/><W32/><G116/><T128/><D70/><U85/><E3/><V20/><F117/><W74/><G112/><T123/><D38/><U49/><E104/><V62/><F72/><W34/><G74/><T110/><D114/><U27/><E69/><V21/><F39/><W66/><G2/><T41/><D41/><U23/><E71/><V97/><F64/><W67/><G125/><T88/><D128/><U30/><E27/><V16/><F127/><W118/><G118/><T101/><D13/><U102/><E102/><N who="0" m="38921" /><D82/><U100/><E100/><V106/><F106/><W11/><G130/><T75/><D93/><U37/><E37/><V60/><F87/><W59/><G11/><T9/><D9/><U120/><E120/><N who="0" m="46121" /><D75/><U65/><E126/><V25/><F0/><W115/><G115/><T7/><D7/><U121/><E14/><N who="2" m="9239" /><F1/><W55/><G55/><T111/><D73/><U132/><E121/><V57/><F8/><W105/><G105/><T36/><D36/><U51/><E65/><V84/><F84/><AGARI ba="2,0" hai="84,88,92,109,110,111,133,134" m="46121,38921" machi="84" ten="40,8000,1" yaku="14,1,34,2,54,1" doraHai="50" who="0" fromWho="2" sc="349,86,228,0,221,-86,202,0" owari="435,53.5,228,2.8,135,-36.5,202,-19.8" /></mjloggm>