<mjloggm ver="2.3"><GO type="225" lobby="0"/><UN n0="%E3%82%A2%E3%83%A1%E3%82%A2%E3%83%A9%E3%83%AC" n1="%E3%83%81%E3%83%AF%E3%83%AF%E9%9A%8A%E9%95%B7" n2="%E3%82%AA%E3%82%AA%E3%82%A2%E3%83%AF%E3%82%AC%E3%82%A8%E3%83%AA" n3="%E3%81%A4%E3%81%A3%E3%81%B1%E3%82%8A%E3%83%9D%E3%83%BC%E3%83%AB" dan="16,17,16,17" rate="2138.74,2172.66,2088.02,2255.84" sx="M,M,F,M"/><TAIKYOKU oya="0"/><INIT seed="0,0,0,1,1,20" ten="250,250,250,250" oya="0" hai0="9,107,126,89,26,120,69,35,23,31,84,59,44" hai1="1,127,87,119,110,18,73,67,104,62,37,74,86" hai2="109,133,96,121,38,36,114,100,78,118,79,29,122" hai3="85,55,30,94,75,112,33,41,108,103,50,25,8"/><T68/><D120/><U65/><E119/><V60/><F60/><W3/><G112/><T134/><D134/><U42/><E104/><N who="2" m="63495" /><F29/><W66/><G108/><T117/><D126/><U10/><E110/><V52/><F52/><W39/><G75/><T70/><D117/><U131/><E127/><V125/><F109/><W116/><G116/><T24/><D107/><U71/><E131/><V27/><F27/><W4/><G66/><T61/><D9/><U93/><E65/><V101/><F118/><W115/><G115/><T46/><D59/><U32/><E32/><V15/><F15/><W97/><G85/><T48/><D61/><U76/><E42/><V43/><F114/><W123/><G123/><N who="2" m="47113" /><F43/><W34/><G41/><T99/><D99/><U28/><E67/><V105/><F38/><W53/><G39/><T6/><D48/><U111/><E37/><V21/><F21/><W72/><G72/><T16/><REACH who="0" step="1"/><D6/><REACH who="0" ten="240,250,250,250" step="2"/><U130/><E111/><V57/><F57/><W7/><G7/><T91/><D91/><U40/><E62/><V98/><F36/><W2/><G50/><T82/><AGARI ba="0,1" hai="16,23,24,26,31,35,44,46,68,69,70,82,84,89" machi="82" ten="30,18000,2" yaku="1,1,0,1,52,2,54,1,53,1" doraHai="20" doraHaiUra="12" who="0" fromWho="0" sc="240,190,250,-60,250,-60,250,-60" /><INIT seed="0,1,0,5,5,67" ten="430,190,190,190" oya="0" hai0="2,40,52,104,71,64,125,29,73,81,112,34,7" hai1="126,63,49,39,120,11,74,94,123,30,72,80,61" hai2="88,68,0,92,75,26,129,18,4,36,79,78,62" hai3="6,16,111,23,135,95,13,102,91,37,98,38,28"/><T25/><D112/><U97/><E39/><V118/><F36/><W8/><G111/><T58/><D104/><U77/><E126/><V24/><F129/><W22/><G135/><T1/><D40/><U70/><E74/><V45/><F45/><W12/><G28/><T127/><D7/><U59/><E30/><V128/><F128/><W42/><G42/><T133/><D133/><U76/><E76/><V100/><F100/><W105/><REACH who="3" step="1"/><G23/><REACH who="3" ten="430,190,190,180" step="2"/><T15/><D29/><U53/><E123/><V43/><F43/><W106/><G106/><T54/><D125/><U33/><E120/><V90/><F118/><W87/><AGARI ba="1,1" hai="6,8,12,13,16,22,37,38,87,91,95,98,102,105" machi="87" ten="20,5200,0" yaku="1,1,0,1,7,1,54,1,53,0" doraHai="67" doraHaiUra="119" who="3" fromWho="3" sc="430,-27,190,-14,190,-14,180,65" /><INIT seed="1,0,0,3,5,131" ten="403,176,176,245" oya="1" hai0="18,81,89,113,124,78,66,126,33,101,92,95,108" hai1="31,83,36,44,135,48,120,98,62,129,70,0,16" hai2="130,84,85,122,76,13,107,14,106,109,80,61,68" hai3="115,52,8,74,46,3,40,123,27,110,96,112,15"/><U51/><E120/><V117/><F122/><W42/><G123/><T12/><D33/><U55/><E0/><V37/><F117/><W73/><G3/><T59/><D113/><U69/><E36/><V25/><F37/><W100/><G110/><T9/><D108/><U133/><E129/><V67/><F109/><W32/><G32/><T34/><D34/><U58/><E31/><V53/><F130/><W125/><G27/><T1/><D1/><U10/><E98/><V4/><F25/><W30/><G30/><T56/><D101/><U24/><E83/><V19/><F85/><W5/><G125/><N who="0" m="48235" /><D66/><U6/><E6/><V64/><F64/><W91/><G52/><T116/><D95/><U77/><E77/><V90/><F53/><W65/><G91/><T94/><D94/><U17/><E48/><V103/><F103/><W11/><G65/><T41/><D41/><N who="1" m="24975" /><E10/><V119/><F119/><W2/><G40/><T104/><D104/><U22/><E17/><V134/><F76/><W97/><G97/><N who="0" m="57487" /><D116/><U127/><E127/><V60/><F106/><W75/><G96/><T118/><D118/><U35/><E35/><V20/><F107/><W28/><G100/><T23/><D9/><U57/><E57/><V7/><F60/><W71/><G115/><T47/><D47/><U63/><E63/><V86/><F84/><AGARI ba="0,0" hai="12,18,23,56,59,78,81,84" m="57487,48235" machi="84" ten="30,1000,0" yaku="18,1" doraHai="131" who="0" fromWho="2" sc="403,10,176,0,176,-10,245,0" /><INIT seed="2,0,0,5,5,74" ten="413,176,166,245" oya="2" hai0="60,129,0,32,63,89,122,82,87,56,34,132,50" hai1="86,79,33,81,26,54,102,9,124,96,2,112,126" hai2="52,46,28,114,90,10,29,40,85,115,113,135,45" hai3="24,93,95,69,12,36,65,80,125,106,51,66,55"/><V118/><F118/><W5/><G106/><T116/><D122/><U48/><E112/><V39/><F135/><W71/><G36/><T120/><D120/><U88/><E33/><V101/><F101/><W68/><G125/><N who="1" m="48234" /><E26/><V111/><F10/><W21/><G80/><T49/><D63/><U92/><E9/><V108/><F46/><W134/><G134/><T76/><D0/><U128/><E2/><V73/><F52/><W123/><G123/><T130/><D116/><U64/><E64/><V133/><F73/><W44/><G12/><T107/><D107/><N who="1" m="63943" /><E128/><N who="0" m="49257" /><D89/><U47/><E92/><N who="2" m="54351" /><F133/><W23/><G5/><T110/><D132/><U57/><E47/><V78/><F78/><AGARI ba="0,0" hai="48,54,57,78,79,81,86,88" m="63943,48234" machi="78" ten="30,7700,0" yaku="18,1,52,2,54,1" doraHai="74" who="1" fromWho="2" sc="413,0,176,77,166,-77,245,0" /><INIT seed="3,0,0,1,2,90" ten="413,253,89,245" oya="3" hai0="21,77,23,12,5,24,83,89,70,92,11,135,127" hai1="101,79,120,82,94,76,109,9,49,52,123,112,95" hai2="71,18,106,46,28,105,56,118,130,38,44,108,14" hai3="39,69,80,41,60,65,22,128,93,32,6,68,62"/><W114/><G114/><T16/><D70/><U35/><E112/><V99/><F118/><W36/><G32/><T126/><D135/><U85/><E35/><V97/><F71/><W87/><G128/><T53/><D53/><U8/><E109/><V119/><F119/><W134/><G134/><T10/><D10/><N who="1" m="4203" /><E123/><V104/><F108/><W50/><G6/><T55/><D55/><U84/><E120/><V74/><F130/><W100/><G22/><T19/><D92/><N who="1" m="35371" /><E101/><V17/><F56/><W34/><G34/><T40/><D126/><U113/><E113/><V47/><F28/><W98/><G50/><T58/><D127/><U42/><E42/><V121/><F121/><W88/><G41/><T125/><D40/><U30/><E30/><V115/><F115/><W1/><G1/><T111/><D111/><U96/><E96/><V91/><F91/><W43/><G43/><T116/><D89/><N who="1" m="51351" /><E85/><V124/><F124/><W48/><G48/><T81/><D116/><U67/><E67/><AGARI ba="0,0" hai="36,39,60,62,65,67,68,69,80,87,88,93,98,100" machi="67" ten="40,7700,0" yaku="9,1,52,1,54,1" doraHai="90" who="3" fromWho="1" sc="413,0,253,-77,89,0,245,77" /><INIT seed="3,1,0,2,3,132" ten="413,176,89,322" oya="3" hai0="53,121,120,28,102,66,128,77,43,103,59,47,5" hai1="125,82,34,98,70,37,30,7,96,105,112,76,83" hai2="116,90,18,75,131,101,10,41,2,86,45,119,100" hai3="91,64,62,94,109,54,0,79,23,67,110,39,114"/><W1/><G39/><T129/><D77/><U20/><E34/><V56/><F75/><W104/><G104/><T32/><D66/><U44/><E70/><V115/><F115/><W19/><G79/><T80/><D80/><U27/><E112/><V126/><F131/><N who="0" m="50250" /><D5/><U60/><E7/><V135/><F135/><W52/><G114/><T22/><D22/><U24/><E105/><V12/><F2/><W9/><G9/><T134/><D134/><U55/><E82/><V78/><F56/><N who="3" m="36935" /><G67/><T93/><D28/><U111/><E37/><V21/><F78/><W26/><G1/><T11/><D11/><U106/><E106/><V8/><F8/><W46/><G0/><T25/><D25/><U42/><E27/><V49/><F21/><W123/><G123/><N who="0" m="47179" /><D93/><U85/><E76/><V29/><F29/><W113/><G113/><T50/><D32/><U35/><E35/><V38/><F38/><AGARI ba="1,0" hai="38,43,47,50,53,59,102,103" m="47179,50250" machi="38" ten="30,1000,0" yaku="19,1" doraHai="132" who="0" fromWho="2" sc="413,13,176,0,89,-13,322,0" owari="426,52.6,176,-22.4,76,-42.4,322,12.2" /></mjloggm>