<mjloggm ver="2.3"><GO type="225" lobby="0"/><UN n0="%62%6F%6E%6F%73%2E%2E" n1="%48%61%61%61%6C%61%6E%64" n2="%E6%A1%9C%E8%8A%B1%E9%96%83%E3%80%85" n3="%E8%A8%88%E7%AE%97%E6%A9%9F%E8%87%AA%E7%84%B6" dan="17,17,18,17" rate="2212.51,2249.25,2291.23,2211.37" sx="M,M,M,M"/><TAIKYOKU oya="0"/><INIT seed="0,0,0,0,1,77" ten="250,250,250,250" oya="0" hai0="30,118,84,129,51,89,85,39,44,34,66,33,42" hai1="87,100,102,50,116,76,75,98,6,48,62,106,120" hai2="83,93,55,47,96,115,2,59,43,79,73,3,133" hai3="103,40,1,92,57,56,15,130,17,80,13,111,88"/><T7/><D118/><U52/><E116/><V125/><F125/><W37/><G1/><T97/><D129/><U18/><E120/><V86/><F133/><W69/><G69/><T68/><D7/><U70/><E75/><V134/><F73/><W126/><G126/><T99/><D84/><U60/><E6/><V65/><F65/><W61/><G130/><T38/><D66/><U82/><E102/><V58/><F58/><W19/><G111/><T25/><D68/><U91/><E70/><V101/><F115/><W28/><G28/><T94/><REACH who="0" step="1"/><D34/><REACH who="0" ten="240,250,250,250" step="2"/><U113/><E113/><V26/><F134/><W114/><G114/><T24/><D24/><U135/><E135/><V123/><F26/><W45/><G13/><T9/><D9/><U105/><E87/><V112/><F112/><W53/><G15/><T72/><D72/><U5/><E5/><V4/><F4/><W132/><G132/><T35/><D35/><U110/><E110/><V119/><F119/><W54/><G80/><T49/><D49/><U107/><E50/><V41/><F123/><W46/><G61/><T22/><D22/><U128/><E60/><V108/><F108/><W117/><G117/><T36/><AGARI ba="0,1" hai="25,30,33,36,38,39,42,44,51,85,89,94,97,99" machi="36" ten="30,3000,0" yaku="1,1,0,1,53,0" doraHai="77" doraHaiUra="131" who="0" fromWho="0" sc="240,40,250,-10,250,-10,250,-10" /><INIT seed="0,1,0,3,2,1" ten="280,240,240,240" oya="0" hai0="98,111,86,96,7,17,2,50,97,118,124,28,69" hai1="120,30,44,72,6,22,132,126,102,25,104,121,52" hai2="41,123,5,115,35,40,14,100,74,54,36,18,85" hai3="131,13,19,49,53,134,34,73,75,119,84,135,47"/><T56/><D118/><U55/><E72/><V117/><F74/><W29/><G119/><T67/><D124/><U80/><E126/><V105/><F117/><W60/><G131/><T59/><D69/><U51/><E132/><N who="3" m="50730" /><G84/><T78/><D111/><U107/><E80/><V24/><F123/><W133/><N who="3" m="50738" /><W125/><DORA hai="108" /><G125/><T42/><D28/><U103/><E55/><V21/><F115/><W77/><G77/><T23/><D2/><U109/><E109/><V91/><F36/><W99/><G99/><T81/><D7/><U128/><E128/><V33/><F100/><W0/><G0/><T76/><D76/><U46/><E6/><V61/><F105/><W113/><G60/><T37/><D37/><U94/><E94/><N who="2" m="54639" /><F35/><W87/><G87/><T63/><D56/><U116/><E116/><V20/><F33/><W26/><G113/><T39/><D39/><U68/><E103/><V27/><F27/><W31/><G31/><T4/><D4/><U70/><E102/><V114/><F114/><W95/><G95/><T32/><D32/><U15/><E107/><V129/><F129/><W45/><G47/><N who="0" m="25975" /><D98/><U16/><E104/><V57/><F5/><W82/><G82/><T122/><D122/><N who="1" m="47211" /><E44/><V90/><F90/><W9/><AGARI ba="1,0" hai="9,13,19,26,29,34,45,49,53,73,75" m="50738" machi="9" ten="40,1500,0" yaku="20,1" doraHai="1,108" who="3" fromWho="3" sc="280,-8,240,-5,240,-5,240,18" /><INIT seed="1,0,0,5,5,46" ten="272,235,235,258" oya="1" hai0="115,93,39,125,82,99,73,41,78,35,75,116,45" hai1="119,53,18,126,74,90,34,6,117,56,68,92,110" hai2="42,22,103,63,23,80,43,19,96,54,58,10,76" hai3="128,27,20,12,102,105,61,11,95,87,130,123,83"/><U81/><E68/><V133/><F133/><W49/><G123/><T70/><D115/><U77/><E126/><V2/><F2/><W104/><G61/><T4/><D116/><U98/><E110/><V48/><F10/><W30/><G95/><T100/><D70/><U31/><E6/><V64/><F23/><W94/><G94/><T14/><D35/><U97/><E97/><V15/><F96/><W108/><G108/><T129/><D125/><U52/><E53/><V135/><F103/><W112/><G112/><T109/><D109/><U113/><E113/><V36/><F36/><W91/><G102/><T124/><D124/><U71/><E71/><V127/><F135/><W9/><G9/><T131/><D75/><U25/><REACH who="1" step="1"/><E18/><REACH who="1" ten="272,225,235,258" step="2"/><V88/><F127/><W3/><G3/><T29/><D4/><U32/><E32/><V21/><F43/><W33/><G33/><T85/><D99/><U59/><E59/><V132/><F42/><W122/><G122/><T40/><D40/><U107/><E107/><V84/><F132/><W79/><G104/><T8/><D41/><U134/><E134/><V28/><F28/><W120/><G105/><T51/><D29/><U69/><E69/><V66/><F66/><W67/><G67/><T44/><D129/><U118/><E118/><V57/><F22/><W37/><G120/><T62/><D131/><U101/><E101/><V1/><F1/><W5/><G128/><T114/><D100/><U65/><E65/><V106/><F106/><W50/><G130/><T7/><D114/><U38/><E38/><V0/><F0/><RYUUKYOKU ba="0,1" sc="272,-15,225,15,235,15,258,-15" hai1="25,31,34,52,56,74,77,81,90,92,98,117,119" hai2="15,19,21,48,54,57,58,63,64,76,80,84,88" /><INIT seed="1,1,1,2,2,54" ten="257,240,250,243" oya="1" hai0="32,80,65,94,78,84,121,5,16,40,43,24,103" hai1="53,31,90,77,13,100,58,69,125,37,8,30,1" hai2="97,89,25,22,117,14,64,42,66,101,134,109,72" hai3="28,126,114,104,20,111,6,63,45,60,98,86,50"/><U0/><E69/><V70/><F117/><W88/><G114/><T39/><D121/><U122/><E122/><V106/><F72/><W127/><G111/><T49/><D39/><U34/><E37/><V12/><F109/><W68/><G6/><T27/><D5/><U120/><E120/><V75/><F75/><W36/><G36/><T79/><D79/><U113/><E113/><V135/><F42/><N who="3" m="24887" /><G68/><T48/><D65/><N who="2" m="25194" /><F89/><W110/><G98/><N who="0" m="59863" /><D32/><U21/><E34/><V119/><F119/><W61/><G104/><T85/><D85/><U56/><E77/><V102/><F102/><W17/><G110/><T26/><D16/><N who="1" m="8231" /><E0/><V57/><F57/><N who="1" m="22121" /><E1/><V118/><F118/><W3/><G3/><T38/><D38/><U35/><E35/><V29/><F70/><W67/><G67/><T59/><D59/><U47/><E100/><V51/><F51/><AGARI ba="1,1" hai="24,26,27,40,43,48,49,51,78,80,84" m="59863" machi="51" ten="30,1000,0" yaku="8,1" doraHai="54" who="0" fromWho="2" sc="257,23,240,0,250,-13,243,0" /><INIT seed="2,0,0,1,3,126" ten="280,240,237,243" oya="2" hai0="94,132,74,21,125,96,15,85,10,95,110,93,72" hai1="58,63,35,68,127,62,1,55,51,20,57,41,5" hai2="109,84,30,59,54,64,81,113,118,44,117,98,119" hai3="83,124,50,112,23,89,52,128,33,4,105,18,34"/><V133/><F113/><W115/><G105/><T48/><D125/><U27/><E127/><V131/><F133/><W77/><G4/><T17/><D110/><U16/><E68/><V53/><F109/><W56/><G124/><T91/><D132/><U9/><E41/><V90/><F30/><W37/><G37/><T87/><D72/><U47/><E63/><V108/><F108/><W13/><G89/><N who="0" m="53423" /><D74/><U49/><E62/><V75/><F75/><N who="3" m="43455" /><G128/><T78/><D48/><U80/><E51/><V79/><F131/><W107/><G107/><T8/><D78/><U32/><REACH who="1" step="1"/><E80/><REACH who="1" ten="280,230,237,243" step="2"/><V102/><F64/><W45/><G45/><T26/><D26/><U2/><E2/><V67/><F44/><W123/><G123/><T65/><D65/><U46/><E46/><V103/><F67/><W70/><G70/><T14/><D15/><U25/><E25/><V42/><F42/><W114/><AGARI ba="0,1" hai="13,18,23,33,34,50,52,56,112,114,115" m="43455" machi="114" ten="30,2000,0" yaku="11,1,54,1" doraHai="126" who="3" fromWho="3" sc="280,-5,230,-5,237,-10,243,30" /><INIT seed="3,0,0,1,3,92" ten="275,225,227,273" oya="3" hai0="71,66,63,38,6,91,120,113,41,32,116,117,88" hai1="11,53,95,30,119,37,112,68,107,78,73,105,51" hai2="98,49,43,23,44,84,34,115,96,50,129,12,7" hai3="13,132,123,46,134,110,79,33,86,102,24,101,103"/><W100/><G123/><T121/><D6/><U61/><E112/><V18/><F115/><W5/><G110/><T106/><D106/><U1/><E37/><V4/><F34/><W40/><G101/><T60/><D32/><U83/><E30/><V57/><F129/><W77/><G24/><T75/><D75/><U69/><E119/><N who="0" m="45641" /><D88/><U14/><E1/><V108/><F108/><W111/><G111/><T28/><D91/><U74/><E74/><V26/><F84/><W99/><G33/><T48/><D28/><U104/><E61/><V133/><F133/><N who="3" m="51307" /><G86/><T45/><D113/><U97/><E51/><V19/><F4/><W87/><G87/><T10/><D10/><U29/><E53/><N who="2" m="31927" /><F7/><W25/><G25/><T59/><D38/><U36/><E36/><V127/><F127/><W42/><G99/><N who="2" m="37929" /><F12/><W80/><G13/><T55/><AGARI ba="0,0" hai="41,45,48,55,59,60,63,66,71,120,121" m="45641" machi="55" ten="30,2000,0" yaku="34,2" doraHai="92" who="0" fromWho="0" sc="275,20,225,-5,227,-5,273,-10" /><INIT seed="4,0,0,1,0,84" ten="295,220,222,263" oya="0" hai0="79,78,26,120,95,58,12,89,128,133,107,32,61" hai1="122,106,51,92,116,130,52,115,71,118,15,48,43" hai2="2,18,49,6,129,17,119,10,24,111,88,46,23" hai3="53,124,90,5,60,93,16,97,104,100,82,1,112"/><T83/><D120/><U22/><E122/><V132/><F111/><W0/><G112/><T39/><D107/><U96/><E106/><V9/><F129/><W125/><G82/><T33/><D39/><U108/><E108/><V42/><F132/><W11/><G0/><T38/><D38/><U85/><E71/><V64/><F64/><W7/><G7/><T80/><D128/><U35/><E35/><V56/><F56/><W4/><G4/><T34/><D26/><U57/><E130/><V31/><F119/><W19/><G53/><T127/><D133/><U54/><E43/><V30/><F17/><W50/><G50/><T68/><D68/><U25/><E85/><V114/><F10/><W69/><G60/><T36/><D36/><U81/><E81/><V135/><F114/><W21/><G69/><T98/><D12/><U113/><E15/><V102/><F102/><W45/><G45/><T63/><D127/><N who="3" m="48713" /><G21/><T8/><D8/><U110/><E110/><V131/><F131/><W55/><G55/><T41/><D41/><U103/><E115/><V70/><F70/><W91/><G104/><T67/><D61/><U101/><E113/><V87/><F135/><W75/><G75/><T76/><AGARI ba="0,0" hai="32,33,34,58,63,67,76,78,79,80,83,89,95,98" machi="76" ten="40,3900,0" yaku="0,1,52,1" doraHai="84" who="0" fromWho="0" sc="295,39,220,-13,222,-13,263,-13" owari="334,43.4,207,-29.3,209,-19.1,250,5.0" /></mjloggm>