<mjloggm ver="2.3"><GO type="225" lobby="0"/><UN n0="%72%65%6E%6B%75%6E" n1="%E3%83%B4%E3%83%A0%EF%BC%99%E3%81%A6" n2="%E7%B4%94%E6%BD%94%E3%83%94%E3%83%A9%E3%83%8B%E3%82%A2" n3="%E3%81%B5%E3%81%98%E3%81%8B%E3%81%A4" dan="17,16,16,16" rate="2268.52,2114.23,2097.54,2104.02" sx="M,M,M,M"/><TAIKYOKU oya="0"/><INIT seed="0,0,0,5,1,47" ten="250,250,250,250" oya="0" hai0="56,124,15,117,38,94,44,66,123,77,57,64,134" hai1="135,82,33,122,90,85,62,104,113,1,111,39,70" hai2="81,21,46,114,92,83,5,128,24,49,86,118,131" hai3="18,99,116,129,126,26,133,58,120,63,7,112,75"/><T78/><D117/><U23/><RYUUKYOKU type="yao9" ba="0,0" sc="250,0,250,0,250,0,250,0" hai1="1,23,33,39,62,70,82,85,90,104,111,113,122,135" /><INIT seed="0,1,0,5,1,100" ten="250,250,250,250" oya="0" hai0="130,27,113,58,18,17,110,28,68,0,98,35,39" hai1="109,86,125,118,135,43,62,119,50,82,36,124,120" hai2="31,127,75,56,52,8,102,19,60,81,38,33,47" hai3="76,103,59,45,55,64,10,87,91,74,21,72,69"/><T78/><D113/><U80/><E86/><V1/><F127/><N who="1" m="48713" /><E82/><V44/><F33/><W37/><G103/><T132/><D68/><U93/><E93/><V54/><F31/><W115/><G115/><T96/><D39/><U97/><E97/><V73/><F102/><W46/><G76/><T34/><D78/><U105/><E105/><V101/><F101/><W29/><G10/><T48/><D48/><U49/><E80/><V122/><F122/><W23/><G69/><T14/><D58/><U112/><E120/><V85/><F1/><W24/><G64/><T7/><D130/><U11/><E112/><V5/><F5/><W25/><G37/><T71/><D71/><U116/><E11/><V13/><F38/><W4/><G4/><T83/><D7/><U84/><E84/><V117/><F117/><W89/><G59/><T128/><D83/><U65/><E109/><V99/><F99/><W131/><G55/><T77/><D77/><U67/><E135/><V106/><F106/><W134/><G87/><T123/><D128/><U66/><E62/><V61/><F73/><W6/><G6/><T121/><D110/><U88/><E88/><V114/><F75/><W2/><G131/><T63/><D63/><U15/><E15/><V70/><F114/><W26/><G26/><N who="0" m="18711" /><D132/><U129/><E129/><V126/><F126/><W41/><G134/><T51/><D121/><U53/><E53/><V9/><F9/><W16/><G2/><T104/><D98/><U40/><E36/><V30/><F70/><W12/><G74/><T20/><D123/><U108/><E108/><RYUUKYOKU ba="1,0" sc="250,-10,250,30,250,-10,250,-10" hai1="40,43,49,50,65,66,67,116,118,119" /><INIT seed="1,2,0,4,2,64" ten="240,280,240,240" oya="1" hai0="94,15,89,105,92,100,81,45,88,133,3,90,18" hai1="116,84,44,87,48,131,99,71,134,115,95,53,39" hai2="36,114,41,130,17,79,0,24,46,55,83,98,93" hai3="60,68,80,106,112,86,7,77,101,34,12,120,113"/><U22/><E115/><V37/><F114/><W69/><G120/><T1/><D133/><U103/><E116/><V2/><F36/><W62/><G34/><T74/><D1/><U126/><E134/><V66/><F130/><W121/><G121/><T110/><D3/><U29/><E131/><V8/><F55/><W25/><G25/><T70/><D70/><U20/><E126/><V73/><F66/><W33/><G33/><T91/><D110/><U85/><E39/><V28/><F17/><W51/><G51/><T11/><D45/><U47/><E47/><V35/><REACH who="2" step="1"/><F8/><REACH who="2" ten="240,280,230,240" step="2"/><W38/><G38/><T104/><N who="0" m="22528" /><DORA hai="97" /><T124/><D124/><U63/><REACH who="1" step="1"/><E29/><REACH who="1" ten="240,270,230,240" step="2"/><V23/><F23/><W42/><G113/><T132/><D132/><U58/><E58/><V31/><F31/><W82/><G112/><T9/><D9/><U65/><AGARI ba="2,2" hai="20,22,44,48,53,63,65,71,84,85,87,95,99,103" machi="65" ten="30,11700,0" yaku="1,1,0,1,52,2,53,0" doraHai="64,97" doraHaiUra="72,111" who="1" fromWho="1" sc="240,-41,270,143,230,-41,240,-41" /><INIT seed="1,3,0,0,2,127" ten="199,413,189,199" oya="1" hai0="51,67,65,79,94,82,73,114,43,110,91,53,25" hai1="6,19,115,54,49,76,90,36,111,45,40,2,31" hai2="106,29,103,102,32,57,83,30,62,87,55,116,21" hai3="41,107,92,99,133,129,119,81,86,12,37,98,134"/><U75/><E115/><V61/><F116/><W78/><G37/><T0/><D110/><U42/><E111/><V46/><F32/><W126/><G41/><T22/><D114/><U5/><E31/><N who="2" m="11787" /><F106/><W7/><G7/><T16/><D0/><U128/><E6/><V34/><F34/><W70/><G12/><T123/><D43/><U33/><E33/><V135/><F135/><N who="3" m="51723" /><G70/><T44/><REACH who="0" step="1"/><D123/><REACH who="0" ten="189,413,189,199" step="2"/><U112/><E40/><V56/><F21/><W121/><G121/><T17/><D17/><U93/><E19/><V77/><F46/><W15/><G119/><T24/><D24/><U26/><E42/><V66/><AGARI ba="3,1" hai="55,56,57,61,62,66,77,83,87,102,103" m="11787" machi="66" ten="30,1100,0" yaku="8,1" doraHai="127" who="2" fromWho="2" sc="189,-6,413,-8,189,30,199,-6" /><INIT seed="2,0,0,0,0,117" ten="183,405,219,193" oya="2" hai0="57,122,87,9,19,85,44,26,99,48,78,37,43" hai1="30,46,42,18,110,86,33,114,60,106,0,97,77" hai2="82,90,72,108,3,20,96,93,12,58,123,51,11" hai3="88,112,83,68,71,31,62,6,70,121,50,109,130"/><V15/><F123/><W21/><G121/><T39/><D122/><U107/><E114/><V28/><F108/><W63/><G109/><T135/><D135/><U133/><E0/><V104/><F104/><W113/><G130/><T13/><D26/><U91/><E110/><V84/><F72/><W75/><G75/><T79/><D39/><U1/><E1/><V34/><F34/><W64/><G6/><T27/><D37/><U111/><E111/><V16/><F3/><W132/><G50/><T74/><D99/><U119/><E77/><N who="0" m="29193" /><D74/><U101/><E106/><V98/><F28/><W2/><G2/><T103/><D103/><U116/><E133/><V81/><F81/><W89/><G132/><T134/><D134/><U47/><E60/><N who="3" m="23082" /><G64/><T54/><D27/><U5/><E5/><N who="2" m="3183" /><F82/><W94/><G83/><T36/><D36/><U61/><E119/><V105/><F105/><W40/><G40/><T131/><D131/><U4/><E4/><V14/><F14/><W24/><G94/><T73/><D73/><U127/><E116/><V120/><F120/><W128/><G128/><T17/><D17/><U59/><E18/><V35/><F35/><W65/><G65/><T129/><D129/><U126/><E30/><V67/><F67/><W69/><N who="3" m="17408" /><DORA hai="49" /><W118/><G118/><T124/><D85/><U41/><E33/><V25/><F25/><W10/><G10/><T22/><D87/><U55/><E41/><V23/><F23/><W95/><G95/><T8/><D22/><U7/><E42/><V29/><F29/><W92/><G92/><T66/><D66/><RYUUKYOKU ba="0,0" sc="183,-15,405,-15,219,15,193,15" hai2="15,16,20,51,58,84,90,93,96,98" hai3="21,24,31,88,89,112,113" /><INIT seed="2,1,0,2,4,122" ten="168,390,234,208" oya="2" hai0="40,13,58,68,98,46,69,113,45,61,65,75,63" hai1="117,74,94,35,24,17,97,6,100,0,77,115,86" hai2="23,134,60,103,42,109,26,62,70,28,30,85,32" hai3="4,54,92,50,106,126,133,2,123,67,10,5,20"/><V57/><F134/><W132/><G123/><T64/><D75/><U104/><E115/><V87/><F42/><W48/><G106/><T102/><D113/><U51/><E117/><V37/><F37/><W118/><G118/><T47/><D13/><U44/><E0/><V59/><F70/><N who="0" m="27242" /><D98/><U112/><E6/><V7/><F7/><W49/><G126/><T130/><D102/><U119/><E119/><V105/><F105/><W107/><G107/><T71/><D130/><U8/><E112/><V34/><F103/><W120/><G120/><T66/><D66/><U116/><E116/><V93/><F93/><W27/><G67/><T52/><D64/><U11/><E35/><V124/><F23/><W127/><G5/><T22/><D22/><N who="1" m="13391" /><E74/><V9/><F9/><W128/><G127/><T56/><N who="0" m="27250" /><T80/><DORA hai="114" /><D80/><N who="1" m="47375" /><E104/><V19/><F124/><W121/><G128/><T96/><D96/><U72/><E72/><V129/><F129/><W43/><G121/><T21/><D21/><U89/><E100/><V108/><F19/><W39/><G39/><AGARI ba="1,0" hai="39,40,45,46,47,52,56,58,61,63,65" m="27250" machi="39" ten="40,12000,2" yaku="35,5,54,1" doraHai="122,114" who="0" fromWho="3" sc="168,123,390,0,234,0,208,-123" /><INIT seed="3,0,0,3,2,39" ten="291,390,234,85" oya="3" hai0="103,74,46,84,113,86,119,33,32,132,89,111,102" hai1="55,75,3,69,40,122,51,72,12,54,98,112,27" hai2="125,0,93,6,9,92,26,59,104,47,4,115,65" hai3="1,121,19,82,50,90,76,56,45,53,128,73,52"/><W66/><G128/><T123/><D46/><U79/><E3/><V78/><F104/><W106/><G106/><T97/><D74/><U99/><E112/><V100/><F115/><W80/><G121/><T134/><D113/><U71/><E122/><V35/><F125/><W116/><G116/><T31/><D123/><U117/><E117/><V105/><F78/><W96/><G1/><T118/><D31/><U58/><E40/><V16/><F4/><W114/><G114/><T135/><D111/><U124/><E124/><V101/><F105/><W127/><G127/><T28/><D28/><U2/><E2/><V70/><F70/><W126/><G126/><T42/><D42/><U81/><E72/><V129/><F129/><W85/><G96/><T131/><D131/><U37/><E37/><V22/><F47/><W68/><G19/><T87/><D89/><U15/><E27/><V20/><F20/><W64/><REACH who="3" step="1"/><G68/><REACH who="3" ten="291,390,234,75" step="2"/><T49/><D97/><U61/><E69/><V34/><F100/><W63/><AGARI ba="0,1" hai="45,50,52,53,56,63,64,66,73,76,80,82,85,90" machi="63" ten="20,12000,1" yaku="1,1,2,1,0,1,7,1,54,1,53,0" doraHai="39" doraHaiUra="21" who="3" fromWho="3" sc="291,-40,390,-40,234,-40,75,130" /><INIT seed="3,1,0,5,1,62" ten="251,350,194,205" oya="3" hai0="4,41,63,128,47,96,131,108,68,9,106,71,57" hai1="123,127,22,59,85,7,10,46,73,19,11,55,58" hai2="69,100,113,86,33,79,2,111,6,110,90,32,87" hai3="48,93,60,132,29,40,43,83,70,31,8,121,45"/><W61/><G121/><T101/><D108/><N who="2" m="41514" /><F69/><W39/><G132/><T94/><D94/><U64/><E73/><V49/><F113/><W12/><G83/><T21/><D21/><U26/><E123/><V118/><F118/><W88/><G39/><N who="0" m="21951" /><D57/><N who="1" m="21515" /><E64/><V133/><F133/><W42/><G70/><N who="0" m="26667" /><D63/><N who="3" m="24137" /><G31/><T104/><D104/><U54/><E127/><V38/><F38/><W80/><G80/><T112/><D112/><U35/><E35/><N who="2" m="13387" /><F79/><W75/><G29/><T5/><D5/><U36/><E36/><V89/><F49/><W1/><G1/><AGARI ba="1,0" hai="1,4,9,96,101,106,128,131" m="26667,21951" machi="1" ten="30,1000,0" yaku="23,1" doraHai="62" who="0" fromWho="3" sc="251,13,350,0,194,0,205,-13" owari="264,6.4,350,45.0,194,-20.6,192,-30.8" /></mjloggm>