<mjloggm ver="2.3"><GO type="225" lobby="0"/><UN n0="%E7%89%B9%E6%9D%B1%E3%81%AF%E4%B8%96%E7%95%8C%E3%82%92%E6%95%91%E3%81%86" n1="%61%6D%65%6B%69" n2="%E3%81%AE%E3%81%AA%E3%82%81%E3%83%BC%E3%82%93" n3="%E3%83%81%E3%83%AF%E3%83%AF%E9%9A%8A%E9%95%B7" dan="16,16,16,17" rate="2165.11,2091.15,2077.65,2147.60" sx="M,M,M,M"/><TAIKYOKU oya="0"/><INIT seed="0,0,0,5,4,128" ten="250,250,250,250" oya="0" hai0="50,24,76,69,124,119,35,106,15,44,114,75,21" hai1="74,135,85,51,48,11,129,59,19,117,22,53,54" hai2="2,68,32,101,9,5,90,92,45,96,0,87,57" hai3="110,10,105,131,80,29,17,42,20,28,103,61,72"/><T7/><D114/><U25/><E74/><V67/><F32/><W40/><G131/><T83/><D119/><U13/><E129/><V4/><F45/><W94/><G105/><T99/><D69/><U134/><E117/><V46/><F46/><W1/><G110/><T70/><D70/><U116/><E116/><V39/><F39/><W113/><G113/><T26/><D124/><U121/><E121/><V41/><F41/><N who="3" m="15979" /><G1/><T127/><D127/><U14/><E85/><V63/><F68/><W33/><G33/><T109/><D109/><U49/><E14/><V37/><F37/><W3/><G72/><T84/><D35/><U38/><E38/><V89/><F87/><W81/><G10/><AGARI ba="0,0" hai="0,2,4,5,9,10,57,63,67,89,90,92,96,101" machi="10" ten="40,1300,0" yaku="9,1" doraHai="128" who="2" fromWho="3" sc="250,0,250,0,250,13,250,-13" /><INIT seed="1,0,0,5,4,17" ten="250,250,263,237" oya="1" hai0="26,72,46,52,16,108,120,105,107,63,104,118,36" hai1="23,55,35,57,122,126,59,96,67,9,1,3,95" hai2="13,78,6,89,133,110,82,101,2,93,64,84,7" hai3="71,27,129,135,121,116,90,10,15,43,37,69,61"/><U19/><E35/><V106/><F110/><W56/><G121/><T62/><D118/><U97/><E122/><V102/><F133/><W83/><G135/><T74/><D120/><U117/><E117/><V80/><F2/><W44/><G116/><T32/><D108/><U109/><E109/><V34/><F34/><W29/><G129/><T0/><D0/><U65/><E126/><V128/><F128/><W48/><G37/><T79/><D79/><U113/><E113/><V31/><F31/><W127/><G127/><T45/><D45/><U132/><E132/><V58/><F106/><W91/><G71/><T60/><D36/><U73/><E73/><V8/><F6/><W5/><G83/><N who="2" m="31785" /><F78/><W111/><G69/><T130/><D130/><U70/><E70/><V86/><F86/><W123/><G123/><T25/><D25/><U14/><E59/><V51/><F51/><W24/><G111/><T66/><D66/><U88/><E97/><V50/><F64/><N who="1" m="24649" /><E3/><V100/><F50/><W77/><G77/><T115/><D115/><U76/><E1/><V20/><F58/><W4/><G56/><T40/><D40/><U21/><E76/><V103/><F103/><W94/><G43/><T124/><D124/><U49/><AGARI ba="0,0" hai="9,14,19,21,23,49,55,57,88,95,96" m="24649" machi="49" ten="30,11700,0" yaku="8,1,52,2,54,1" doraHai="17" who="1" fromWho="1" sc="250,-39,250,117,263,-39,237,-39" /><INIT seed="1,1,0,3,2,63" ten="211,367,224,198" oya="1" hai0="114,116,70,29,74,117,72,126,80,28,89,133,127" hai1="14,34,106,65,0,52,87,88,18,105,132,67,35" hai2="94,99,43,135,57,129,118,131,90,8,86,76,75" hai3="68,20,17,58,96,47,66,109,19,4,38,107,27"/><U112/><E0/><V56/><F118/><N who="0" m="45674" /><D70/><U54/><E112/><V48/><F135/><W124/><G68/><T101/><D101/><U26/><E132/><V32/><F32/><W30/><G124/><N who="0" m="47659" /><D133/><U83/><E105/><V84/><F8/><W73/><G73/><N who="0" m="28267" /><D114/><U79/><E106/><V1/><F1/><W5/><G107/><T36/><D36/><U120/><E120/><V6/><F6/><W15/><G4/><T60/><D60/><U62/><E35/><V3/><F3/><W91/><G5/><T128/><D128/><N who="2" m="49226" /><F75/><W77/><G38/><T37/><D37/><U103/><E103/><V2/><F2/><W104/><G104/><T49/><D49/><U12/><E34/><V121/><F121/><W13/><G20/><T16/><D16/><U25/><E62/><V23/><F23/><W55/><G17/><T108/><D108/><U93/><E26/><V110/><F110/><W100/><G109/><T22/><D22/><N who="1" m="11591" /><E14/><V115/><F115/><W92/><G13/><T50/><D50/><U98/><E25/><V53/><F43/><W97/><G27/><T7/><D7/><U122/><E122/><V123/><F123/><W39/><G39/><T130/><D130/><U69/><E69/><V82/><F99/><W119/><G119/><T46/><D46/><AGARI ba="1,0" hai="46,48,53,56,57,76,82,84,86,90,94" m="49226" machi="46" ten="30,1000,0" yaku="19,1" doraHai="63" who="2" fromWho="0" sc="211,-13,367,0,224,13,198,0" /><INIT seed="2,0,0,4,2,133" ten="198,367,237,198" oya="2" hai0="107,102,48,76,92,125,17,12,90,35,15,68,63" hai1="10,97,101,129,100,105,85,20,33,27,67,70,1" hai2="30,50,14,103,132,22,57,88,52,49,37,38,44" hai3="127,25,121,128,84,119,95,111,131,110,21,31,113"/><V99/><F132/><W7/><G119/><T74/><D35/><U8/><E1/><V55/><F30/><W62/><G121/><T69/><D107/><U60/><E101/><V40/><F40/><W11/><G113/><T114/><D102/><U82/><E129/><N who="3" m="49738" /><G62/><T73/><D114/><U75/><E75/><N who="0" m="28681" /><D76/><N who="1" m="46279" /><E20/><V6/><F6/><W16/><G84/><N who="0" m="52295" /><D48/><U19/><E19/><V122/><F122/><W45/><G45/><T5/><D5/><U112/><E112/><V47/><F57/><W0/><G95/><T108/><D63/><U109/><E109/><N who="3" m="41482" /><G31/><AGARI ba="0,0" hai="8,10,27,31,33,60,67,70,97,100,105" m="46279" machi="31" ten="30,1000,0" yaku="25,1" doraHai="133" who="1" fromWho="3" sc="198,0,367,10,237,0,198,-10" /><INIT seed="3,0,0,1,5,129" ten="198,377,237,188" oya="3" hai0="113,2,80,74,115,50,76,15,135,93,10,23,128" hai1="77,99,71,132,109,48,121,85,108,97,13,105,111" hai2="104,102,5,101,37,91,25,70,95,26,21,16,67" hai3="42,75,58,100,34,64,22,40,107,35,9,1,120"/><W8/><G75/><T11/><D128/><U47/><E121/><V7/><F37/><W14/><G120/><T94/><D135/><U63/><E132/><V4/><F104/><W125/><G125/><T73/><D73/><U59/><E71/><V87/><F70/><W122/><G122/><T131/><D131/><U110/><E109/><V12/><F67/><W118/><G118/><T28/><D50/><U81/><E13/><V126/><F126/><W41/><G1/><T52/><D52/><N who="1" m="34279" /><E105/><V0/><F0/><W17/><G107/><T124/><D124/><U33/><E33/><V133/><F133/><W69/><G69/><T57/><D57/><U106/><E106/><V116/><F116/><W66/><G100/><AGARI ba="0,0" hai="4,5,7,12,16,21,25,26,87,91,95,100,101,102" machi="100" ten="40,2600,0" yaku="8,1,54,1" doraHai="129" who="2" fromWho="3" sc="198,0,377,0,237,26,188,-26" owari="198,-20.2,377,47.7,263,6.3,162,-33.8" /></mjloggm>