<mjloggm ver="2.3"><GO type="225" lobby="0"/><UN n0="%E3%81%86%E3%82%8B%E3%81%8A%E3%81%A1%E3%82%83" n1="%6D%75%75%6D%75%72%61" n2="%E3%81%95%E3%81%8D%E3%81%9F%E3%81%BE%E6%9E%97%E6%AA%8E" n3="%E3%81%AA%E3%81%A1%30%39%32%37" dan="16,16,16,16" rate="2118.40,2145.14,2052.64,2030.48" sx="F,F,M,M"/><TAIKYOKU oya="0"/><INIT seed="0,0,0,5,4,47" ten="250,250,250,250" oya="0" hai0="64,42,19,104,77,50,103,70,49,24,135,114,85" hai1="101,131,33,105,95,27,36,94,57,22,130,107,55" hai2="75,126,35,110,84,13,132,20,117,111,92,48,129" hai3="39,30,88,82,34,81,0,127,134,53,76,116,4"/><T45/><D45/><U59/><BYE who="0" /><E36/><V61/><F75/><UN n0="%E3%81%86%E3%82%8B%E3%81%8A%E3%81%A1%E3%82%83" /><W17/><G116/><T69/><D114/><U18/><E33/><V86/><F35/><W102/><G102/><T54/><D135/><U66/><E66/><V6/><F132/><W14/><G127/><T56/><D104/><U26/><E26/><V25/><F126/><W96/><G39/><T121/><D121/><U46/><E46/><V72/><F72/><W73/><G53/><T31/><D103/><U123/><E59/><V108/><F129/><N who="1" m="49161" /><E123/><V71/><F117/><W124/><G124/><T38/><D38/><U83/><E83/><V8/><F92/><N who="1" m="35369" /><E101/><V109/><N who="2" m="27648" /><DORA hai="63" /><V87/><F48/><AGARI ba="0,0" hai="18,22,27,48,55,57,105,107" m="35369,49161" machi="48" ten="30,2000,0" yaku="19,1,52,1" doraHai="47,63" who="1" fromWho="2" sc="250,0,250,20,250,-20,250,0" /><INIT seed="1,0,0,0,2,63" ten="250,270,230,250" oya="1" hai0="133,61,26,131,86,71,51,5,56,127,109,7,11" hai1="99,75,125,33,13,97,113,124,90,77,95,115,18" hai2="32,6,44,58,135,10,47,73,118,65,88,121,50" hai3="12,101,62,31,93,53,76,84,98,17,49,120,41"/><U30/><E30/><V122/><F118/><W128/><G120/><T78/><D71/><U19/><E33/><V119/><F119/><W43/><G128/><T36/><D36/><U103/><E19/><V114/><F32/><W22/><G62/><T2/><D131/><U67/><E18/><V42/><F135/><W52/><G31/><T35/><D133/><U123/><E13/><V68/><F68/><W37/><G37/><T15/><D127/><N who="1" m="48715" /><E67/><V83/><F114/><N who="1" m="43529" /><E123/><V94/><F47/><N who="3" m="27711" /><G53/><T116/><D116/><U85/><E103/><V46/><F46/><W24/><G24/><T1/><D26/><U29/><E29/><V105/><F10/><W132/><G132/><T79/><D11/><U40/><E40/><V108/><F42/><W100/><G100/><T129/><D35/><U48/><E48/><V110/><F50/><W14/><G14/><T25/><D15/><U64/><E64/><V34/><F65/><W4/><G4/><T9/><D129/><U104/><E104/><V107/><F34/><W91/><G76/><T20/><D9/><U0/><E0/><V39/><F107/><W130/><G130/><T74/><D51/><U111/><E111/><N who="2" m="42539" /><F105/><W16/><G17/><N who="0" m="12431" /><D109/><U92/><E92/><AGARI ba="0,0" hai="12,16,22,41,43,84,91,92,93,98,101" m="27711" machi="92" ten="30,3900,0" yaku="8,1,54,2" doraHai="63" who="3" fromWho="1" sc="250,0,270,-39,230,0,250,39" /><INIT seed="2,0,0,0,3,97" ten="250,231,230,289" oya="2" hai0="84,1,41,10,43,83,113,14,67,75,62,108,135" hai1="26,27,103,82,112,88,71,100,36,86,70,124,78" hai2="102,123,44,125,68,13,17,45,40,29,3,63,96" hai3="69,34,31,120,128,85,132,24,72,133,66,7,20"/><V15/><F123/><W121/><G85/><T4/><D113/><U12/><E112/><V51/><F3/><W116/><G116/><T30/><D75/><U91/><E36/><V23/><F125/><W131/><G72/><T47/><D108/><U117/><E117/><V73/><F73/><W48/><G48/><T25/><D135/><N who="3" m="51785" /><G69/><T114/><D1/><U115/><E115/><V42/><F29/><W79/><G66/><T55/><D55/><U126/><E12/><V57/><F68/><W105/><G105/><T35/><D114/><U11/><E11/><V76/><F76/><W18/><G7/><T21/><D35/><U52/><E52/><N who="2" m="34215" /><F45/><W61/><G61/><T90/><REACH who="0" step="1"/><D47/><REACH who="0" ten="240,231,230,289" step="2"/><U49/><E124/><V59/><F42/><W0/><G0/><T110/><D110/><U118/><E126/><V111/><F111/><W28/><G34/><T16/><D16/><U64/><E118/><V107/><F59/><AGARI ba="0,1" hai="4,10,14,21,25,30,41,43,59,62,67,83,84,90" machi="59" ten="30,3900,0" yaku="1,1,7,1,8,1,53,0" doraHai="97" doraHaiUra="119" who="0" fromWho="2" sc="240,49,231,0,230,-39,289,0" /><INIT seed="3,0,0,4,3,123" ten="289,231,191,289" oya="3" hai0="124,18,33,17,54,7,69,19,38,56,61,68,22" hai1="115,42,129,55,93,13,79,46,92,28,2,1,103" hai2="81,60,24,86,10,117,101,73,4,114,133,50,70" hai3="25,43,83,98,84,89,57,58,97,132,130,87,48"/><W90/><G130/><T135/><D33/><U96/><E115/><V40/><F114/><W106/><G106/><T122/><D122/><U3/><E129/><V39/><F133/><W74/><G74/><T100/><D135/><U31/><E79/><V27/><F117/><W112/><G112/><T45/><D124/><U91/><E55/><V12/><F39/><W16/><G132/><T64/><D7/><U110/><E13/><V125/><F73/><W71/><G71/><T77/><D77/><U65/><E65/><V72/><F72/><W66/><G43/><T30/><D100/><U14/><E14/><V108/><F125/><W36/><G48/><T116/><D116/><U105/><E110/><V21/><F101/><W47/><G47/><T131/><D131/><U95/><REACH who="1" step="1"/><E91/><REACH who="1" ten="289,221,191,289" step="2"/><V32/><F108/><W76/><G76/><T109/><D109/><U11/><E11/><V104/><F12/><W37/><G66/><T118/><D118/><U88/><E88/><V121/><F10/><W35/><G83/><T75/><D64/><U94/><N who="1" m="23552" /><DORA hai="49" /><U82/><E82/><V23/><F81/><W80/><G80/><T62/><D75/><U6/><E6/><V51/><F4/><W15/><G15/><T59/><D54/><U63/><E63/><V126/><F126/><W9/><G9/><T5/><D62/><U53/><E53/><V44/><F121/><W26/><G35/><T134/><D5/><U99/><E99/><V34/><F104/><W78/><G78/><T111/><D111/><U120/><E120/><V67/><F67/><W113/><G113/><RYUUKYOKU ba="0,1" sc="289,-15,221,15,191,-15,289,15" hai1="1,2,3,28,31,42,46,96,103,105" hai3="16,25,26,36,37,57,58,84,87,89,90,97,98" owari="274,7.4,236,-16.4,176,-32.4,314,41.4" /></mjloggm>