<mjloggm ver="2.3"><GO type="225" lobby="0"/><UN n0="%6B%69%72%61%64%6F%6B%69" n1="%E3%81%99%E3%81%84%E3%81%BE%E3%81%9B%E3%83%BC%E3%82%93" n2="%E5%A4%9C%E5%85%89%E5%A4%A9%E6%A5%BC" n3="%E3%81%B5%E3%81%98%E3%81%8B%E3%81%A4" dan="16,18,16,17" rate="2107.74,2212.20,2106.67,2207.13" sx="M,M,F,M"/><TAIKYOKU oya="0"/><INIT seed="0,0,0,2,4,13" ten="250,250,250,250" oya="0" hai0="78,53,6,81,108,31,111,3,113,122,10,94,2" hai1="16,75,64,85,0,37,30,41,42,4,8,66,84" hai2="134,12,76,87,106,107,46,34,118,25,73,115,44" hai3="110,132,32,117,128,55,91,127,71,38,92,52,15"/><T39/><D113/><U18/><E75/><V20/><F115/><W51/><G117/><T45/><D122/><U67/><E30/><V14/><F34/><W123/><G123/><T11/><D31/><U28/><E28/><N who="2" m="17447" /><F73/><W5/><G38/><T63/><D94/><U112/><E112/><V17/><F106/><W50/><G32/><T48/><D39/><U104/><E104/><V109/><F107/><W54/><G71/><T120/><D120/><U69/><E69/><V47/><F134/><W9/><G132/><T1/><D63/><U33/><E33/><V133/><F133/><W7/><G110/><N who="0" m="42027" /><D6/><U68/><E68/><V24/><F118/><W102/><G127/><T79/><D79/><U65/><N who="1" m="16384" /><DORA hai="61" /><U36/><E36/><V97/><F97/><N who="3" m="59687" /><G5/><T29/><D29/><U35/><E35/><V95/><F109/><W23/><G128/><T56/><D45/><U125/><E125/><V70/><F70/><W99/><G23/><T121/><D121/><U83/><E85/><AGARI ba="0,0" hai="1,2,3,10,11,48,53,56,78,81,85" m="42027" machi="85" ten="40,3900,0" yaku="14,1,10,1" doraHai="13,61" who="0" fromWho="1" sc="250,39,250,-39,250,0,250,0" /><INIT seed="0,1,0,2,3,41" ten="289,211,250,250" oya="0" hai0="99,45,15,92,124,122,19,90,114,80,119,13,12" hai1="106,16,53,37,24,3,34,21,54,120,72,74,116" hai2="91,86,105,130,29,38,14,4,84,68,50,57,118" hai3="110,129,25,7,52,93,127,0,98,43,96,70,107"/><T49/><D114/><U36/><E116/><V75/><F75/><W95/><G70/><T17/><D119/><U60/><E120/><V26/><F118/><W33/><G33/><T39/><D122/><U66/><E106/><V30/><F68/><W102/><G110/><T101/><D39/><U103/><E103/><V85/><F38/><W133/><G25/><T8/><D124/><U22/><E34/><V132/><F105/><W71/><G71/><T42/><D17/><U108/><E3/><V76/><F76/><W88/><G127/><T35/><D35/><U28/><E37/><V78/><F78/><W131/><G133/><T64/><D64/><U10/><E36/><V32/><F130/><N who="3" m="49675" /><G43/><T6/><D6/><U59/><E108/><V100/><F100/><W31/><G31/><N who="2" m="11785" /><F26/><W81/><G81/><T18/><D18/><U65/><E65/><V87/><F132/><W46/><G7/><T128/><D128/><U89/><E89/><V111/><F111/><W63/><G107/><T112/><D112/><U115/><E115/><V23/><F4/><W79/><G79/><T61/><D61/><U20/><E74/><V11/><F32/><W125/><G125/><T73/><D73/><U55/><E72/><V44/><F14/><AGARI ba="1,0" hai="10,14,16,20,21,22,24,28,53,54,55,59,60,66" machi="14" ten="40,2600,0" yaku="8,1,54,1" doraHai="41" who="1" fromWho="2" sc="289,0,211,29,250,-29,250,0" /><INIT seed="1,0,0,2,1,78" ten="289,240,221,250" oya="1" hai0="79,124,17,89,134,109,54,121,117,100,71,112,58" hai1="77,65,116,52,113,46,67,123,96,119,8,81,3" hai2="43,115,74,101,32,11,12,120,128,27,4,93,86" hai3="104,49,57,133,84,85,75,28,48,25,131,2,59"/><U18/><E113/><V129/><F74/><W35/><G75/><T44/><D100/><U50/><E123/><V29/><F120/><W110/><G104/><T135/><D121/><U114/><E114/><V95/><F115/><W60/><G2/><T90/><D112/><U62/><E96/><V105/><F105/><W122/><G122/><T20/><D71/><U10/><E10/><V5/><F101/><W107/><G107/><T31/><D31/><U37/><E37/><V1/><F43/><W26/><G133/><N who="0" m="50699" /><D109/><U39/><E39/><V127/><F86/><N who="3" m="33387" /><G28/><T53/><D79/><U108/><E108/><V6/><F95/><W61/><G35/><T36/><D124/><U80/><E77/><V7/><F93/><W42/><G42/><N who="0" m="22599" /><D117/><U38/><E38/><V92/><F92/><W103/><G103/><T9/><D9/><U16/><E119/><V87/><F87/><W13/><G110/><T132/><N who="0" m="50707" /><T15/><DORA hai="66" /><D53/><N who="1" m="29911" /><E116/><V130/><F127/><W19/><G131/><T34/><D34/><U41/><E41/><V88/><F88/><W47/><G47/><T56/><D54/><U14/><E3/><AGARI ba="0,0" hai="1,3,4,5,6,7,11,12,27,29,32,128,129,130" machi="3" ten="50,8000,1" yaku="19,1,34,3" doraHai="78,66" who="2" fromWho="1" sc="289,0,240,-80,221,80,250,0" /><INIT seed="2,0,0,5,0,6" ten="289,160,301,250" oya="2" hai0="22,65,101,19,53,93,112,0,134,75,118,5,113" hai1="80,66,61,34,120,42,128,8,74,132,83,124,68" hai2="107,54,122,96,3,111,60,115,50,24,100,131,12" hai3="9,126,15,88,1,87,94,26,20,108,102,64,47"/><V79/><F122/><W43/><G126/><T48/><D75/><U29/><E124/><V72/><F115/><W78/><G108/><T56/><D134/><U14/><E132/><V59/><F3/><W18/><G1/><T119/><D65/><U17/><E120/><V4/><F131/><W30/><G64/><T23/><D112/><U110/><E110/><V32/><F111/><W117/><G102/><T133/><D133/><U109/><E109/><V130/><F130/><W41/><G117/><N who="0" m="44555" /><D113/><U77/><E128/><V114/><F114/><W90/><G78/><T49/><D49/><U92/><E83/><V55/><F79/><W91/><REACH who="3" step="1"/><G43/><REACH who="3" ten="289,160,301,240" step="2"/><T45/><D101/><U81/><E42/><V28/><F72/><W62/><G62/><T127/><D127/><U52/><E77/><V46/><F60/><W125/><G125/><T58/><D53/><U106/><E74/><V35/><F55/><W25/><G25/><T95/><D45/><U86/><E52/><V2/><F46/><W36/><AGARI ba="0,1" hai="9,15,18,20,26,30,36,41,47,87,88,90,91,94" machi="36" ten="20,8000,1" yaku="1,1,0,1,7,1,52,1,54,1,53,0" doraHai="6" doraHaiUra="99" who="3" fromWho="3" sc="289,-20,160,-20,301,-40,240,90" /><INIT seed="3,0,0,3,4,33" ten="269,140,261,330" oya="3" hai0="122,35,97,6,94,46,64,25,130,102,66,124,28" hai1="56,42,34,51,5,48,67,17,114,77,133,126,8" hai2="13,132,79,49,63,61,27,95,76,68,103,57,91" hai3="117,54,125,3,74,135,29,72,84,26,112,86,118"/><W18/><G3/><T69/><D122/><U115/><E34/><V32/><F132/><W119/><G112/><T116/><D116/><U85/><E133/><V55/><F103/><W0/><G0/><T71/><D130/><U58/><E126/><V60/><F68/><W129/><G18/><T87/><D124/><U100/><E100/><V83/><F83/><W21/><G129/><T93/><D46/><U20/><E115/><V45/><F13/><W96/><G96/><T14/><D69/><U31/><E31/><V127/><F127/><W82/><G125/><T24/><D24/><U59/><E67/><N who="2" m="39311" /><F27/><W128/><G54/><T106/><D87/><U53/><E114/><V11/><F11/><W109/><G86/><T104/><D104/><U105/><E105/><V99/><F32/><W40/><G26/><T120/><D66/><U131/><E131/><V23/><F23/><W1/><G84/><T90/><D90/><U89/><E20/><V30/><F30/><W22/><G21/><T9/><D120/><U134/><E134/><V44/><F44/><W16/><G22/><T10/><D10/><U70/><E70/><V88/><F91/><W73/><G128/><T4/><D4/><U78/><E17/><V108/><F108/><W111/><G16/><T52/><D52/><U41/><E8/><V107/><F107/><W36/><G135/><T50/><D50/><U80/><E5/><V47/><F45/><N who="3" m="23687" /><G119/><T43/><D43/><U39/><E39/><V113/><F113/><W65/><G118/><T62/><AGARI ba="0,0" hai="6,9,14,25,28,35,62,64,71,93,94,97,102,106" machi="62" ten="30,4000,0" yaku="0,1,25,2" doraHai="33" who="0" fromWho="0" sc="269,40,140,-10,261,-10,330,-20" owari="309,10.9,130,-37.0,251,-14.9,310,41.0" /></mjloggm>