<mjloggm ver="2.3"><GO type="225" lobby="0"/><UN n0="%E6%98%93%E5%88%A9%E8%96%A9%E4%BC%AF" n1="%E3%81%A8%E3%82%93%E3%81%A8%E3%81%93%E3%81%A8%E3%82%93" n2="%48%61%61%61%6C%61%6E%64" n3="%E5%8F%AF%E5%85%90%E9%82%A3%E7%94%B1%E5%A4%9A" dan="16,16,18,17" rate="2068.05,2114.14,2177.95,2208.03" sx="F,F,M,F"/><TAIKYOKU oya="0"/><INIT seed="0,0,0,4,2,113" ten="250,250,250,250" oya="0" hai0="98,110,83,115,36,15,103,57,99,102,75,112,120" hai1="68,12,11,135,6,89,119,126,87,14,19,41,79" hai2="97,80,84,44,48,92,18,116,45,31,58,26,7" hai3="43,56,117,33,60,82,2,71,90,129,122,74,104"/><T8/><D120/><U4/><E68/><V121/><F121/><W27/><G56/><T101/><D36/><U1/><E126/><V25/><F7/><W28/><G90/><T128/><D128/><U40/><E135/><V134/><F134/><W118/><G122/><T23/><D23/><U55/><E79/><V13/><F58/><W17/><G129/><T32/><D32/><U3/><E119/><N who="3" m="45578" /><G17/><T53/><D110/><U38/><E55/><N who="2" m="30087" /><F45/><W24/><G24/><T123/><D123/><U77/><E19/><V51/><F51/><W86/><G86/><T124/><D124/><U21/><E89/><N who="2" m="51335" /><F116/><W70/><G43/><T95/><D75/><U29/><E41/><V108/><F108/><W106/><G2/><T88/><D83/><U72/><E40/><V132/><F132/><W69/><G60/><T20/><D20/><U35/><E21/><N who="2" m="11471" /><F31/><W49/><G49/><T114/><D99/><U67/><E29/><V37/><F37/><W22/><G22/><T96/><D96/><U16/><E1/><V10/><F25/><W39/><G39/><T52/><REACH who="0" step="1"/><D57/><REACH who="0" ten="240,250,250,250" step="2"/><U78/><E38/><V133/><F133/><W5/><G5/><AGARI ba="0,1" hai="5,8,15,52,53,88,95,98,101,102,103,112,114,115" machi="5" ten="50,12000,1" yaku="1,1,2,1,54,2,53,1" doraHai="113" doraHaiUra="0" who="0" fromWho="3" sc="240,130,250,0,250,0,250,-120" /><INIT seed="0,1,0,4,0,124" ten="370,250,250,130" oya="0" hai0="58,53,3,108,90,64,31,56,69,14,32,131,13" hai1="94,76,125,118,104,7,103,134,79,47,109,45,135" hai2="24,16,18,36,46,75,8,114,67,95,61,19,132" hai3="10,0,93,44,1,50,81,116,115,70,122,52,82"/><T111/><D3/><U62/><E118/><V74/><F114/><W9/><G115/><T48/><D69/><U30/><E104/><V59/><F132/><N who="1" m="50729" /><E7/><V113/><F113/><W71/><G116/><T107/><D107/><U39/><E30/><V83/><F24/><W6/><G122/><T78/><D78/><U121/><E121/><V100/><F8/><W60/><G70/><T66/><D32/><U99/><E125/><V123/><F123/><W101/><G0/><T89/><D31/><U117/><E117/><V130/><F130/><W40/><G9/><T77/><D77/><N who="1" m="29771" /><E39/><V49/><F36/><W28/><G28/><T2/><D2/><U11/><E109/><N who="0" m="42057" /><D131/><U98/><E11/><V88/><F100/><W21/><G21/><T133/><D133/><U37/><E37/><V63/><F63/><W12/><G1/><T126/><D126/><U41/><E41/><V20/><F20/><W35/><G35/><T110/><D110/><U72/><E72/><V27/><F27/><W4/><G4/><T38/><D38/><U106/><E62/><V119/><F119/><W128/><G128/><T97/><D66/><U65/><E65/><V23/><F23/><W68/><G68/><T85/><D64/><U54/><E54/><N who="2" m="30007" /><F74/><W22/><G22/><T92/><D58/><U127/><E127/><V55/><F75/><W15/><G71/><T86/><D86/><U105/><E106/><V43/><F43/><W57/><REACH who="3" step="1"/><G15/><REACH who="3" ten="370,250,250,120" step="2"/><T25/><D25/><U42/><E42/><V33/><F33/><W84/><G84/><T87/><D85/><U51/><E51/><RYUUKYOKU ba="1,1" sc="370,10,250,10,250,-30,120,10" hai0="13,14,48,53,56,87,89,90,92,97" hai1="45,47,94,98,99,103,105" hai3="6,10,12,40,44,50,52,57,60,81,82,93,101" /><INIT seed="0,2,1,5,0,113" ten="380,260,220,130" oya="0" hai0="117,127,111,50,130,77,12,31,129,118,60,42,76" hai1="123,114,3,88,2,71,44,96,15,16,135,120,97" hai2="54,133,67,57,61,23,30,45,107,103,4,64,98" hai3="53,28,66,100,90,109,41,78,29,51,93,126,0"/><T94/><D31/><U6/><E71/><V63/><F133/><W89/><G109/><T115/><D115/><U81/><E114/><V5/><F45/><W85/><G0/><T43/><D12/><U36/><E135/><V112/><F112/><W70/><G126/><T27/><D27/><U35/><E35/><V72/><F72/><W58/><G41/><N who="0" m="15371" /><D94/><U1/><E6/><V8/><F8/><W52/><G100/><T95/><D95/><U25/><E25/><V34/><F23/><W124/><G124/><T32/><D32/><U19/><E44/><V40/><F40/><W59/><G78/><N who="0" m="30315" /><D127/><U108/><E36/><V86/><F86/><W74/><G74/><T9/><D60/><U110/><E15/><V48/><F30/><W99/><G70/><T39/><D50/><U119/><E1/><V121/><F34/><W37/><G37/><T101/><D101/><U46/><E46/><V11/><F121/><W102/><G89/><T125/><D125/><U62/><E62/><V92/><F107/><W10/><G10/><T68/><D39/><U33/><E33/><V128/><F11/><W7/><G7/><T134/><D9/><U18/><E123/><V38/><F38/><W105/><REACH who="3" step="1"/><G66/><REACH who="3" ten="380,260,220,120" step="2"/><T21/><D68/><U26/><E120/><V79/><F79/><W14/><G14/><T69/><D69/><U132/><E2/><V83/><F64/><W122/><G122/><T131/><D134/><U91/><E3/><V87/><F67/><W73/><G73/><T17/><D111/><U24/><E110/><V13/><F13/><W106/><G106/><RYUUKYOKU ba="2,2" sc="380,15,260,-15,220,-15,120,15" hai0="17,21,117,118,129,130,131" hai3="28,29,51,52,53,58,59,85,90,93,99,102,105" /><INIT seed="0,3,2,0,1,124" ten="395,245,205,135" oya="0" hai0="115,80,42,12,83,79,46,4,22,134,17,44,31" hai1="49,19,117,64,55,11,122,21,81,78,108,102,92" hai2="84,70,75,119,56,106,107,63,71,48,59,99,32" hai3="61,2,112,104,110,47,57,6,0,66,60,133,87"/><T126/><D115/><U34/><E117/><V58/><F75/><W113/><G104/><T38/><D126/><U94/><E122/><V39/><F39/><W15/><G110/><T18/><D134/><U100/><E34/><V52/><F119/><W114/><G133/><T40/><D31/><U51/><E64/><V13/><F32/><W72/><G72/><T54/><D54/><U118/><E118/><V132/><F132/><W90/><G47/><T101/><D101/><N who="1" m="39019" /><E11/><V73/><F73/><W16/><G61/><T29/><D29/><U20/><E108/><V85/><F99/><W7/><G0/><T68/><D68/><U27/><E21/><V8/><F106/><W129/><G2/><T45/><D4/><U14/><E14/><V97/><F97/><W24/><G24/><T25/><D38/><U123/><E123/><V98/><F98/><W10/><REACH who="3" step="1"/><G129/><REACH who="3" ten="395,245,205,125" step="2"/><T3/><D3/><U35/><E35/><V116/><F107/><W33/><G33/><T127/><D127/><U95/><E55/><V36/><F116/><W109/><G109/><T88/><D42/><U86/><AGARI ba="3,3" hai="19,20,27,49,51,78,81,86,92,94,95" m="39019" machi="86" ten="30,1100,0" yaku="8,1" doraHai="124" who="1" fromWho="1" sc="395,-8,245,50,205,-6,125,-6" /><INIT seed="1,0,0,2,0,25" ten="387,295,199,119" oya="1" hai0="46,11,71,74,102,125,22,127,109,49,15,0,62" hai1="73,67,76,130,1,37,123,12,38,105,33,54,69" hai2="85,58,119,18,87,100,132,116,107,20,72,115,23" hai3="7,129,43,45,48,124,39,98,96,61,99,117,57"/><U75/><E12/><V29/><F72/><W8/><G124/><T17/><D74/><U32/><E54/><V94/><F132/><W104/><G129/><T19/><D109/><U52/><E52/><V26/><F115/><W111/><G111/><T63/><D102/><U59/><E59/><V95/><F107/><W78/><G117/><T113/><D113/><U81/><E123/><V27/><F58/><W64/><G78/><T50/><D50/><U41/><E130/><V133/><F133/><W82/><G82/><T93/><D93/><U44/><E1/><V126/><F126/><N who="0" m="48138" /><D71/><U60/><E73/><V16/><F100/><W103/><REACH who="3" step="1"/><G39/><REACH who="3" ten="387,295,199,109" step="2"/><T118/><D118/><U68/><E37/><V91/><F91/><W79/><G79/><T92/><D92/><U28/><E105/><V65/><F65/><W110/><G110/><T114/><D114/><U55/><E81/><V101/><F101/><W9/><G9/><T80/><D80/><U40/><E76/><V31/><AGARI ba="0,1" hai="16,18,20,23,26,27,29,31,85,87,94,95,116,119" machi="31" ten="25,12000,2" yaku="0,1,22,2,52,2,54,1" doraHai="25" who="2" fromWho="2" sc="387,-30,295,-60,199,130,109,-30" /><INIT seed="2,0,0,5,1,8" ten="357,235,329,79" oya="2" hai0="92,46,14,120,32,43,126,124,58,26,63,3,31" hai1="125,71,13,37,107,106,4,110,59,111,70,6,93" hai2="55,118,114,89,101,74,49,5,53,40,19,64,135" hai3="35,73,16,116,97,79,66,123,102,72,77,121,10"/><V122/><F114/><W41/><G35/><T50/><D3/><U76/><E37/><V100/><F118/><W12/><G116/><T34/><D120/><U7/><E76/><V18/><F122/><W112/><G112/><T52/><D34/><U68/><E125/><N who="0" m="48233" /><D92/><U98/><E59/><V17/><F74/><W48/><G66/><T119/><D119/><U30/><E30/><V127/><F127/><W20/><G77/><T82/><D82/><U78/><E78/><V81/><F135/><W91/><G91/><T61/><D14/><U0/><E0/><V69/><F5/><W103/><G103/><N who="2" m="39497" /><F64/><W67/><G67/><T128/><D128/><U57/><E57/><V131/><F69/><W56/><G73/><T104/><D104/><U99/><E93/><V54/><F131/><W65/><G72/><T129/><D129/><U1/><E1/><V38/><F38/><AGARI ba="0,0" hai="26,31,32,38,43,46,50,52,58,61,63" m="48233" machi="38" ten="30,2000,0" yaku="18,1,54,1" doraHai="8" who="0" fromWho="2" sc="357,20,235,0,329,-20,79,0" /><INIT seed="3,0,0,2,4,78" ten="377,235,309,79" oya="3" hai0="60,75,68,49,51,22,35,50,39,29,100,30,91" hai1="122,95,128,101,71,76,27,93,9,45,86,120,74" hai2="121,19,98,104,40,112,83,132,64,85,135,131,0" hai3="108,4,21,56,114,58,73,88,52,2,127,81,66"/><W16/><G114/><T69/><D35/><U54/><E71/><V115/><F19/><W107/><G107/><T3/><D39/><U77/><E9/><V57/><F57/><W13/><G127/><T6/><D75/><U67/><E67/><V133/><F40/><W23/><G108/><T61/><D100/><U8/><E8/><V42/><F42/><W15/><G2/><T34/><D34/><U20/><E74/><V11/><F64/><W92/><G73/><T129/><D6/><U110/><E128/><V94/><F11/><N who="3" m="4327" /><G66/><T18/><D3/><U124/><E124/><V41/><F41/><W12/><G81/><T80/><D129/><U102/><E110/><V63/><F0/><W126/><G126/><T25/><D69/><U48/><E120/><V37/><F37/><W59/><G23/><T106/><D106/><U28/><E122/><V82/><F131/><W113/><G113/><N who="2" m="43593" /><F121/><W33/><G33/><T47/><D68/><U5/><E5/><V103/><F63/><N who="3" m="36231" /><G15/><T99/><D22/><U10/><E10/><V105/><F82/><W125/><G125/><T96/><D80/><N who="1" m="47367" /><E77/><AGARI ba="0,0" hai="77,83,85,94,98,103,104,105,132,133,135" m="43593" machi="77" ten="40,8000,1" yaku="20,1,34,2,52,1" doraHai="78" who="2" fromWho="1" sc="377,0,235,-80,309,80,79,0" owari="377,17.7,155,-24.5,389,48.9,79,-42.1" /></mjloggm>