<mjloggm ver="2.3"><GO type="225" lobby="0"/><UN n0="%E8%A5%BF%E6%A3%AE%E6%9F%9A%E5%92%B2" n1="%E7%99%BD%E6%97%A5%E9%9B%AA%E8%8F%9C" n2="%E3%81%A9%E3%82%8F%E3%82%93%E3%81%94" n3="%E7%B5%82%E6%9C%AB%E3%81%AE%E6%95%91%E3%81%84" dan="16,16,16,16" rate="2155.07,2174.47,2039.06,2073.92" sx="F,M,M,F"/><TAIKYOKU oya="0"/><INIT seed="0,0,0,2,1,21" ten="250,250,250,250" oya="0" hai0="82,5,39,49,80,19,69,125,22,59,99,67,117" hai1="46,92,88,53,45,86,25,127,58,101,71,6,107" hai2="130,27,111,122,94,42,118,16,74,123,44,24,90" hai3="70,105,83,87,108,30,76,77,62,96,64,85,134"/><T63/><D117/><U84/><E71/><V100/><F74/><W57/><G108/><T104/><D39/><U48/><E127/><V109/><F118/><W89/><G134/><T98/><D125/><U132/><E132/><V0/><F0/><W78/><G70/><T55/><D5/><U114/><E6/><V124/><F100/><W2/><G2/><T65/><D65/><U26/><E114/><V17/><F124/><W106/><G96/><T18/><D18/><N who="2" m="7274" /><F130/><W31/><REACH who="3" step="1"/><G87/><REACH who="3" ten="250,250,250,240" step="2"/><T128/><D128/><U113/><E113/><V35/><F123/><W126/><G126/><T115/><D115/><U38/><E86/><N who="2" m="52567" /><F122/><W97/><G97/><N who="0" m="36875" /><D104/><AGARI ba="0,1" hai="30,31,57,62,64,76,77,78,83,85,89,104,105,106" machi="104" ten="40,1300,0" yaku="1,1,53,0" doraHai="21" doraHaiUra="33" who="3" fromWho="0" sc="250,-13,250,0,250,0,240,23" /><INIT seed="1,0,0,1,5,131" ten="237,250,250,263" oya="1" hai0="28,11,135,101,61,92,27,13,46,120,128,134,47" hai1="65,77,35,94,109,34,74,76,62,107,52,16,79" hai2="84,63,8,39,85,119,100,69,102,114,121,60,37" hai3="45,106,44,66,32,88,83,97,93,14,15,70,40"/><U111/><E107/><V129/><F8/><W81/><G32/><T115/><D115/><U51/><E74/><V6/><F6/><W127/><G127/><T17/><D128/><U117/><E117/><V82/><F129/><W21/><G106/><T48/><D120/><U22/><E94/><V24/><F24/><W108/><G108/><N who="1" m="41546" /><E65/><V56/><F56/><W118/><G118/><T96/><D61/><U87/><E87/><V38/><F121/><W133/><G70/><T73/><D73/><U80/><E80/><V50/><F85/><W20/><G66/><T99/><D96/><U71/><E62/><V132/><F63/><W5/><G5/><T90/><D101/><U72/><E72/><V36/><F102/><W10/><G81/><T9/><D9/><U55/><E71/><V3/><F100/><W124/><G83/><T57/><D57/><N who="1" m="32927" /><E55/><V7/><F69/><W33/><G97/><T49/><D47/><U41/><E41/><V89/><F82/><W126/><G40/><T110/><D110/><U23/><E23/><V26/><F119/><W67/><G20/><N who="0" m="15463" /><D46/><U113/><E113/><V59/><F114/><W19/><G67/><T25/><D25/><AGARI ba="0,0" hai="16,22,25,34,35,76,77,79" m="32927,41546" machi="25" ten="30,11600,0" yaku="14,1,10,1,54,2" doraHai="131" who="1" fromWho="0" sc="237,-116,250,116,250,0,263,0" /><INIT seed="1,1,0,4,2,115" ten="121,366,250,263" oya="1" hai0="64,25,134,66,44,11,65,28,113,9,60,56,117" hai1="53,106,133,68,4,116,24,40,109,98,27,46,57" hai2="110,126,121,127,30,58,45,72,31,1,83,90,22" hai3="122,104,111,38,7,71,105,96,91,86,100,124,132"/><U77/><E68/><V112/><F121/><W62/><G38/><T49/><D113/><U16/><E133/><V73/><F1/><W52/><G122/><T120/><D120/><U29/><E116/><V80/><F45/><W2/><G132/><T92/><D134/><U118/><E118/><V17/><F112/><W94/><G111/><T70/><D117/><U125/><E4/><V87/><F58/><W123/><G124/><N who="2" m="47657" /><F110/><W26/><G123/><T54/><D92/><U10/><E109/><V108/><F108/><W50/><G26/><T23/><REACH who="0" step="1"/><D70/><REACH who="0" ten="111,366,250,263" step="2"/><U119/><E125/><V76/><F73/><W74/><G74/><T99/><D99/><U93/><E98/><V130/><F130/><W51/><G105/><T47/><D47/><U39/><E106/><V61/><F61/><W0/><G71/><T59/><D59/><U107/><E107/><V63/><F63/><W89/><G62/><T97/><D97/><U43/><E119/><V114/><F114/><W35/><G104/><T20/><D20/><U14/><E46/><V13/><AGARI ba="1,1" hai="13,17,22,30,31,72,76,80,83,87,90" m="47657" machi="13" ten="30,1100,0" yaku="18,1" doraHai="115" who="2" fromWho="2" sc="111,-4,366,-6,250,24,263,-4" /><INIT seed="2,0,0,1,2,126" ten="107,360,274,259" oya="2" hai0="75,10,93,48,104,2,25,94,73,42,96,135,53" hai1="49,88,99,84,60,6,119,110,120,124,101,90,114" hai2="70,35,81,115,17,80,43,77,113,36,24,69,83" hai3="95,9,74,51,56,55,129,28,31,117,54,52,118"/><V47/><F77/><W61/><G74/><T68/><D68/><U5/><E114/><V91/><F70/><W50/><G9/><T12/><D2/><U3/><E119/><V11/><F69/><W72/><G72/><T0/><D0/><U21/><E124/><V109/><F91/><W44/><G95/><T63/><D135/><U14/><E110/><V107/><F107/><W71/><G28/><T130/><D104/><U20/><E3/><V40/><F40/><W125/><G31/><T78/><D42/><U46/><E60/><V38/><F38/><W123/><G125/><T92/><D63/><U134/><E134/><V98/><F98/><W100/><G100/><T37/><D37/><U85/><E120/><V4/><F109/><W133/><G133/><T1/><D1/><U45/><E101/><V128/><F35/><W121/><G129/><T7/><D73/><U39/><E39/><V15/><F128/><W19/><G19/><T66/><D66/><U86/><E99/><V65/><F65/><N who="3" m="41391" /><G55/><T29/><D75/><U34/><E34/><V127/><F127/><W13/><G13/><T105/><D78/><U8/><E6/><V59/><F115/><W32/><G32/><T27/><D130/><U82/><E85/><V23/><F113/><W62/><G62/><T64/><D64/><U132/><E132/><V116/><F116/><AGARI ba="0,0" hai="44,50,51,52,54,56,116,117,118,121,123" m="41391" machi="116" ten="30,3900,0" yaku="34,2,54,1" doraHai="126" who="3" fromWho="2" sc="107,0,360,0,274,-39,259,39" /><INIT seed="3,0,0,1,3,62" ten="107,360,235,298" oya="3" hai0="43,16,114,99,33,68,134,123,105,8,135,4,54" hai1="85,2,1,107,74,37,5,60,76,122,86,73,63" hai2="64,127,77,12,38,133,14,15,48,96,0,35,87" hai3="61,69,29,93,9,81,98,120,19,95,18,66,25"/><W3/><G120/><T132/><D43/><U31/><E107/><V70/><F38/><W110/><G110/><T128/><D54/><U36/><E31/><V78/><F0/><W113/><G113/><T75/><D99/><U47/><E5/><V10/><F35/><W45/><G93/><T112/><D75/><U82/><E82/><V80/><F96/><W124/><G124/><T56/><D56/><U49/><E49/><V100/><F127/><W24/><G24/><T20/><D68/><U130/><E130/><V41/><F100/><W53/><G81/><T22/><D105/><U119/><E47/><N who="2" m="25711" /><F70/><W111/><G111/><T104/><D104/><U94/><E94/><V26/><F26/><W102/><G3/><N who="0" m="31" /><D123/><U67/><E122/><V72/><F72/><W83/><G9/><T92/><D92/><U57/><E57/><V27/><F10/><W79/><G53/><T30/><D128/><U13/><E76/><V117/><F80/><W84/><REACH who="3" step="1"/><G45/><REACH who="3" ten="107,360,235,288" step="2"/><T90/><D90/><U101/><E119/><V131/><F117/><W34/><AGARI ba="0,1" hai="18,19,25,29,34,61,66,69,79,83,84,95,98,102" machi="34" ten="20,18000,2" yaku="1,1,2,1,0,1,7,1,52,1,53,1" doraHai="62" doraHaiUra="65" who="3" fromWho="3" sc="107,-60,360,-60,235,-60,288,190" owari="47,-45.3,300,10.0,175,-22.5,478,57.8" /></mjloggm>