<mjloggm ver="2.3"><GO type="225" lobby="0"/><UN n0="%E9%89%A2%E5%B7%BB%E3%82%AC%E3%83%96" n1="%E8%81%B7%E6%A5%AD%E3%80%81%E9%A2%A8%32" n2="%4E%49%4A%49%49%52%4F" n3="%E3%83%A9%E3%83%BC%E3%83%A1%E3%83%B3%E4%BA%94%E9%83%8E" dan="16,16,16,16" rate="2090.55,2154.75,2191.91,2064.91" sx="M,M,M,M"/><TAIKYOKU oya="0"/><INIT seed="0,0,0,5,1,65" ten="250,250,250,250" oya="0" hai0="135,105,116,131,47,82,72,27,99,13,124,43,61" hai1="100,57,39,74,35,108,113,115,0,29,19,21,104" hai2="69,128,117,101,14,23,79,49,22,109,75,71,118" hai3="129,3,52,93,66,91,40,81,4,84,121,5,85"/><T64/><D116/><N who="2" m="44650" /><F128/><W31/><G129/><T18/><D131/><U122/><E108/><V120/><F120/><W125/><G125/><T123/><D123/><U1/><E122/><V126/><F126/><W36/><G121/><T86/><D124/><U9/><E74/><V16/><F109/><W44/><G66/><T60/><D135/><U110/><E110/><V58/><F101/><W111/><G111/><T68/><D72/><U62/><E39/><V30/><F75/><W48/><G31/><T51/><D60/><U130/><E130/><V98/><F79/><W83/><G3/><N who="1" m="1098" /><E100/><V50/><F98/><W119/><G119/><T12/><D99/><U10/><E29/><V106/><F106/><W33/><G33/><T7/><D105/><U134/><E35/><V78/><F78/><W102/><G102/><T37/><D7/><U90/><E90/><V15/><F15/><W88/><G93/><T42/><D27/><N who="1" m="14783" /><E134/><V95/><F95/><W107/><G107/><T11/><D12/><U77/><E77/><V63/><F23/><W103/><G103/><T24/><D24/><U80/><E80/><V87/><F87/><W17/><G17/><T96/><D96/><U41/><E104/><V76/><F30/><W112/><G112/><N who="1" m="43082" /><E41/><V32/><F32/><W54/><G54/><AGARI ba="0,0" hai="9,10,54,57,62" m="43082,14783,1098" machi="54" ten="30,1000,0" yaku="11,1" doraHai="65" who="1" fromWho="3" sc="250,0,250,10,250,0,250,-10" /><INIT seed="1,0,0,5,1,66" ten="250,260,250,240" oya="1" hai0="26,103,15,95,89,126,102,13,8,117,107,82,25" hai1="94,122,38,61,62,7,121,81,99,33,135,50,108" hai2="31,110,53,18,40,35,79,106,85,55,20,125,16" hai3="113,10,36,51,100,78,118,17,124,96,54,120,1"/><U52/><E135/><V4/><F106/><W32/><G120/><T73/><D117/><U105/><E38/><V67/><F125/><W19/><G113/><T27/><D126/><U56/><E33/><V72/><F110/><W133/><G124/><T48/><D107/><U41/><E105/><V5/><F72/><W28/><G118/><T70/><D70/><U24/><E108/><V86/><F35/><W68/><G36/><T69/><D69/><U104/><E104/><V93/><F67/><W134/><G78/><T43/><D82/><U80/><E41/><V0/><F0/><W115/><G115/><T90/><D73/><U75/><E7/><N who="2" m="2635" /><F40/><W116/><G1/><T130/><D130/><U77/><E81/><N who="2" m="47295" /><F31/><W47/><G68/><T83/><D83/><U42/><E24/><N who="2" m="14343" /><F18/><W46/><G116/><T2/><D2/><U131/><E131/><V76/><F76/><W39/><G39/><T101/><D8/><U60/><REACH who="1" step="1"/><E42/><REACH who="1" ten="250,250,250,240" step="2"/><V127/><F127/><W74/><G133/><T64/><D43/><U45/><E45/><V123/><F123/><W112/><G134/><T111/><D111/><U30/><E30/><V63/><F63/><W21/><G46/><T14/><D26/><U92/><E92/><V91/><AGARI ba="0,1" hai="53,55,86,91,93" m="14343,47295,2635" machi="91" ten="30,2000,0" yaku="8,1,54,1" doraHai="66" who="2" fromWho="2" sc="250,-5,250,-10,250,30,240,-5" /><INIT seed="2,0,0,5,2,51" ten="245,240,280,235" oya="2" hai0="15,39,18,112,96,32,72,27,126,119,63,59,22" hai1="25,4,67,80,49,68,120,125,6,0,115,62,53" hai2="33,79,37,31,92,108,28,75,60,55,20,118,109" hai3="103,12,2,90,89,21,66,116,82,56,101,65,14"/><V117/><F37/><W30/><G2/><T29/><D112/><U9/><E115/><V123/><F123/><W36/><G36/><T88/><D126/><U85/><E120/><V10/><F92/><W35/><G35/><T26/><D39/><U38/><E125/><V95/><F95/><W87/><G116/><T34/><D72/><U47/><E6/><V129/><F129/><W111/><G111/><N who="2" m="42569" /><F10/><W48/><G89/><T73/><D73/><U124/><E38/><V128/><F128/><W71/><G71/><T93/><D119/><N who="2" m="45578" /><F33/><W52/><G30/><N who="2" m="11305" /><F20/><W134/><G134/><T127/><D127/><U19/><E124/><V5/><F5/><W45/><G21/><T23/><D15/><N who="3" m="5673" /><G45/><T100/><D100/><AGARI ba="0,0" hai="48,52,56,65,66,82,87,90,100,101,103" m="5673" machi="100" ten="30,3900,0" yaku="8,1,52,1,54,1" doraHai="51" who="3" fromWho="0" sc="245,-39,240,0,280,0,235,39" /><INIT seed="3,0,0,0,1,81" ten="206,240,280,274" oya="3" hai0="29,51,46,77,123,61,37,27,106,63,104,120,0" hai1="25,2,87,56,16,118,49,40,100,17,134,38,35" hai2="83,76,84,92,4,9,135,130,129,79,93,82,64" hai3="54,10,97,1,113,119,91,133,43,53,98,42,45"/><W48/><G113/><T19/><D0/><U23/><E2/><V110/><F110/><W32/><G32/><T72/><D37/><U44/><E118/><V20/><F64/><W57/><G119/><T14/><D72/><U86/><E134/><V18/><F135/><W34/><G34/><T73/><D73/><U30/><E100/><V102/><F4/><W3/><G133/><T78/><D27/><U116/><E116/><V125/><F9/><W58/><G1/><T21/><D29/><U109/><E109/><V122/><F122/><W96/><G45/><T59/><D120/><U50/><E38/><V108/><F108/><W28/><G28/><T68/><D68/><U5/><E5/><V124/><F18/><N who="1" m="7273" /><E35/><V52/><F52/><AGARI ba="0,0" hai="23,25,30,40,44,49,50,52,56,86,87" m="7273" machi="52" ten="30,8000,1" yaku="8,1,52,2,54,2" doraHai="81" who="1" fromWho="2" sc="206,0,240,80,280,-80,274,0" owari="206,-19.4,320,42.0,200,-30.0,274,7.4" /></mjloggm>