<mjloggm ver="2.3"><GO type="225" lobby="0"/><UN n0="%E6%9D%B1%E9%A2%A8%E3%81%AE%E3%81%8D%E3%82%83%E3%81%B7%E3%81%95%E3%82%93" n1="%E5%8D%A0%E3%81%84%E5%B8%AB%E8%A3%8F%E3%81%AA%E3%81%84%E3%81%97" n2="%E3%82%B7%E3%83%B3%E5%A4%AA%E6%9C%97" n3="%E3%82%BD%E3%83%AB%E3%83%88%E3%82%AF%E3%83%AA%E3%83%BC%E3%82%AF" dan="17,17,16,16" rate="2225.13,2193.34,2133.41,2105.24" sx="M,M,M,M"/><TAIKYOKU oya="0"/><INIT seed="0,0,0,0,3,112" ten="250,250,250,250" oya="0" hai0="25,81,82,119,9,96,125,129,31,68,34,87,59" hai1="111,107,73,102,37,83,88,43,60,54,84,0,78" hai2="52,58,7,77,89,45,24,76,121,105,32,67,23" hai3="85,20,91,27,114,79,53,49,132,115,8,92,123"/><T10/><D68/><U99/><E0/><V106/><F121/><W47/><G132/><T62/><D129/><U127/><E111/><V66/><F105/><W12/><G123/><T97/><D125/><U135/><E135/><V3/><F106/><W28/><REACH who="3" step="1"/><G79/><REACH who="3" ten="250,250,250,240" step="2"/><T72/><D72/><U14/><E127/><V50/><F77/><W16/><AGARI ba="0,1" hai="8,12,16,20,27,28,47,49,53,85,91,92,114,115" machi="16" ten="20,8000,1" yaku="1,1,2,1,0,1,7,1,54,1,53,0" doraHai="112" doraHaiUra="133" who="3" fromWho="3" sc="250,-40,250,-20,250,-20,240,90" /><INIT seed="1,0,0,3,0,88" ten="210,230,230,330" oya="1" hai0="130,53,40,76,20,9,95,83,69,12,131,71,6" hai1="81,56,104,91,28,30,18,134,68,124,127,106,35" hai2="101,84,45,109,107,0,36,102,39,22,21,54,27" hai3="85,78,17,15,113,25,59,23,108,75,126,1,70"/><U2/><E68/><V122/><F109/><W100/><G70/><T116/><D116/><U133/><E2/><V49/><F0/><W103/><G1/><T92/><D40/><U13/><E56/><V110/><F110/><W8/><G75/><T73/><D69/><U89/><E81/><V119/><F122/><W58/><G113/><T129/><D71/><U64/><E64/><V82/><F119/><W117/><G117/><T31/><D53/><U77/><E77/><V33/><F33/><W3/><G3/><T93/><D20/><U7/><E7/><V5/><F5/><W80/><G108/><T37/><D31/><N who="1" m="11819" /><E35/><V135/><F135/><N who="1" m="51721" /><E89/><V66/><F66/><W120/><G126/><N who="1" m="48170" /><E91/><V121/><F121/><W111/><G120/><T52/><D52/><U43/><E43/><V46/><F22/><AGARI ba="0,0" hai="13,18,22,104,106" m="48170,51721,11819" machi="22" ten="30,2900,0" yaku="20,1,18,1" doraHai="88" who="1" fromWho="2" sc="210,0,230,29,230,-29,330,0" /><INIT seed="1,1,0,4,3,13" ten="210,259,201,330" oya="1" hai0="82,10,78,120,52,102,50,46,111,79,114,85,14" hai1="16,6,62,15,125,48,64,99,119,87,42,117,39" hai2="68,30,105,26,45,98,34,81,127,4,7,11,129" hai3="92,67,1,9,110,104,80,33,84,107,109,59,49"/><U72/><E72/><V69/><F129/><W31/><G92/><T112/><D111/><N who="3" m="42505" /><G33/><T53/><D120/><U65/><E39/><V61/><F127/><W29/><G67/><T100/><D112/><U77/><E125/><V116/><F116/><W73/><G73/><T51/><D79/><U12/><E117/><V24/><F4/><N who="3" m="1167" /><G59/><T60/><D60/><U133/><E99/><V66/><F26/><W128/><G49/><T123/><D123/><U75/><E75/><V93/><F81/><W122/><G122/><T63/><D63/><U135/><E119/><V113/><F113/><W27/><G128/><T21/><D21/><N who="1" m="11399" /><E62/><V134/><F134/><N who="1" m="51209" /><E48/><V17/><F105/><N who="3" m="40523" /><G27/><T115/><D115/><U28/><E42/><V74/><F74/><W8/><G8/><T43/><D114/><U38/><E38/><V108/><F108/><W126/><G126/><T20/><D20/><U94/><E94/><V58/><F45/><W54/><G54/><N who="0" m="21099" /><D51/><U76/><E28/><V2/><REACH who="2" step="1"/><F17/><AGARI ba="1,0" hai="10,14,17,43,46,50,78,82,85,100,102" m="21099" machi="17" ten="30,3900,0" yaku="8,1,52,1,54,1" doraHai="13" who="0" fromWho="2" sc="210,42,259,0,201,-42,330,0" /><INIT seed="2,0,0,4,5,126" ten="252,259,159,330" oya="2" hai0="36,35,60,131,21,65,76,32,48,4,10,92,63" hai1="30,5,104,117,96,43,101,113,59,39,83,27,134" hai2="78,72,110,129,89,54,38,116,122,123,42,25,99" hai3="100,29,75,88,47,55,132,70,67,44,69,84,86"/><V68/><F116/><W112/><G75/><T109/><D36/><U31/><E113/><V105/><F68/><W87/><G100/><T66/><D109/><U41/><E117/><V79/><F110/><W3/><G3/><T20/><D76/><U58/><E134/><V94/><F105/><W14/><G29/><T119/><D92/><U57/><E5/><V108/><F108/><W15/><G67/><T127/><D48/><U95/><E39/><V24/><F129/><W6/><G6/><T19/><D119/><U128/><E128/><V135/><F135/><W45/><G132/><T49/><D49/><U0/><E0/><V80/><F79/><W81/><G55/><T9/><D127/><U111/><E111/><V37/><F54/><W114/><G81/><T120/><D4/><U118/><E118/><V124/><F124/><W51/><G88/><T73/><D73/><U125/><E125/><V26/><REACH who="2" step="1"/><F38/><REACH who="2" ten="252,259,149,330" step="2"/><W12/><G51/><T11/><D131/><U22/><E104/><V133/><F133/><W16/><G16/><T61/><D19/><U50/><E50/><V93/><F93/><W102/><G102/><T8/><N who="0" m="2048" /><DORA hai="13" /><T28/><D65/><U115/><E95/><V98/><F98/><W46/><N who="3" m="11264" /><DORA hai="1" /><W23/><G23/><T18/><D66/><U52/><E96/><V90/><F90/><W53/><G53/><T97/><D97/><U77/><E52/><V62/><F62/><W121/><G121/><T82/><D120/><U2/><E101/><V74/><F74/><W91/><G91/><T40/><D61/><U17/><E17/><RYUUKYOKU ba="0,1" sc="252,-15,259,-15,149,15,330,15" hai2="24,25,26,37,42,72,78,80,89,94,99,122,123" hai3="12,14,15,69,70,84,86,87,112,114" /><INIT seed="2,1,1,2,4,19" ten="237,244,164,345" oya="2" hai0="37,100,96,130,134,72,106,9,50,18,82,12,67" hai1="42,13,0,98,121,108,79,84,20,122,128,101,102" hai2="62,107,54,73,69,114,80,91,55,58,4,70,25" hai3="16,132,6,15,125,89,29,31,23,8,14,117,85"/><V48/><F107/><W105/><G105/><T86/><D72/><U116/><E0/><V83/><F114/><W26/><G117/><T68/><D134/><U46/><E108/><V110/><F110/><W104/><G104/><T92/><D130/><U56/><E128/><V59/><F4/><W41/><G132/><T51/><D37/><U112/><E112/><V61/><F48/><W3/><G41/><T11/><D106/><U77/><E116/><V33/><F91/><W53/><G3/><T115/><D115/><U95/><E56/><V131/><F131/><W113/><G125/><T129/><D129/><U5/><E101/><V21/><F33/><W43/><G43/><T35/><D35/><U90/><E5/><V36/><F36/><W97/><G97/><T64/><D9/><U63/><E63/><V123/><F123/><N who="1" m="47113" /><E20/><V38/><F38/><W103/><G103/><T126/><D126/><U109/><E13/><V27/><REACH who="2" step="1"/><F73/><REACH who="2" ten="237,244,154,345" step="2"/><W124/><G113/><T32/><D32/><U118/><E109/><V30/><F30/><W57/><G124/><T133/><D133/><U87/><E118/><V76/><F76/><N who="1" m="29257" /><E90/><V49/><F49/><AGARI ba="1,2" hai="42,46,49,84,87,95,98,102" m="29257,47113" machi="49" ten="30,1000,0" yaku="13,1" doraHai="19" who="1" fromWho="2" sc="237,0,244,33,154,-13,345,0" /><INIT seed="3,0,0,4,0,66" ten="237,277,141,345" oya="3" hai0="70,96,17,45,40,86,8,16,35,69,34,115,111" hai1="24,57,12,37,39,46,116,30,124,18,72,95,90" hai2="71,11,110,107,47,77,0,133,117,60,75,36,59" hai3="50,132,94,114,109,92,9,6,29,38,28,21,63"/><W98/><G38/><T52/><D111/><U44/><E72/><V32/><RYUUKYOKU type="yao9" ba="0,0" sc="237,0,277,0,141,0,345,0" hai2="0,11,32,36,47,59,60,71,75,77,107,110,117,133" /><INIT seed="3,1,0,1,1,131" ten="237,277,141,345" oya="3" hai0="95,61,51,124,109,76,56,34,7,79,49,53,23" hai1="94,30,68,87,11,88,55,26,57,63,127,106,15" hai2="135,110,35,133,73,117,102,14,130,3,116,27,84" hai3="99,80,16,48,36,66,90,77,9,45,89,58,103"/><W91/><G36/><T6/><D124/><U13/><E127/><V74/><F130/><W40/><G103/><T12/><D34/><U123/><E123/><V96/><F3/><W50/><G99/><T59/><D109/><U38/><E38/><V10/><F110/><W71/><G71/><T2/><D95/><U121/><E121/><V134/><F84/><N who="3" m="48143" /><G50/><T105/><D105/><U126/><E126/><V64/><F64/><W46/><G46/><T129/><D129/><U25/><E106/><N who="2" m="63815" /><F27/><W22/><G9/><T67/><D49/><U1/><E68/><V24/><F24/><N who="3" m="14407" /><G58/><T18/><D2/><U125/><E125/><V33/><F35/><W115/><G115/><T114/><D114/><U52/><E25/><V119/><F33/><W132/><G132/><T65/><D65/><AGARI ba="1,0" hai="40,45,48,65,66,89,90,91" m="14407,48143" machi="65" ten="30,2900,0" yaku="8,1,54,1" doraHai="131" who="3" fromWho="0" sc="237,-32,277,0,141,0,345,32" owari="205,-19.5,277,7.7,141,-35.9,377,47.7" /></mjloggm>