<mjloggm ver="2.3"><GO type="225" lobby="0"/><UN n0="%E3%81%B5%E3%81%98%E3%81%8B%E3%81%A4" n1="%E3%83%97%E3%83%AC%E3%83%B4%E3%82%A1%E3%83%86%E3%82%A3" n2="%E6%A1%9C%E8%8A%B1%E9%96%83%E3%80%85" n3="%E3%81%BF%E3%81%BF%E3%81%9A" dan="16,16,16,16" rate="2227.71,2048.96,2095.23,2138.58" sx="M,F,M,M"/><TAIKYOKU oya="0"/><INIT seed="0,0,0,0,0,68" ten="250,250,250,250" oya="0" hai0="125,108,93,38,63,31,23,127,72,84,90,117,54" hai1="1,121,18,7,5,48,73,32,3,8,56,58,52" hai2="37,70,95,55,17,33,24,123,34,85,120,71,51" hai3="114,81,30,124,105,88,47,41,67,111,66,36,106"/><T107/><D117/><U20/><E73/><V98/><F85/><W91/><G114/><T76/><D107/><U128/><E32/><V64/><F34/><W130/><G111/><T96/><D108/><U116/><E121/><V79/><F79/><W122/><G122/><T89/><D31/><U135/><E116/><V103/><F70/><W118/><G118/><T39/><D23/><U43/><E135/><V87/><F87/><W2/><G2/><T29/><D29/><U129/><E43/><V100/><F100/><W9/><G9/><T19/><D19/><U0/><E58/><V119/><F119/><W86/><G124/><N who="0" m="47691" /><D76/><U104/><E104/><V82/><F17/><W99/><G30/><T21/><D21/><U80/><E80/><V16/><F82/><W126/><G126/><T40/><D40/><U92/><E92/><V74/><F16/><W94/><G106/><T65/><D54/><U75/><E75/><V10/><F33/><W115/><G115/><T28/><D28/><U134/><E134/><V113/><F113/><W77/><G130/><N who="1" m="50282" /><E8/><V69/><F10/><W46/><G105/><T59/><D72/><U14/><AGARI ba="0,0" hai="0,1,3,5,7,14,18,20,48,52,56" m="50282" machi="14" ten="40,2700,0" yaku="19,1,54,1" doraHai="68" who="1" fromWho="1" sc="250,-13,250,27,250,-7,250,-7" /><INIT seed="1,0,0,0,4,90" ten="237,277,243,243" oya="1" hai0="49,128,112,76,123,103,119,116,3,75,51,7,95" hai1="84,117,92,31,22,62,32,111,125,1,132,41,2" hai2="88,127,34,37,106,54,97,115,53,13,113,8,60" hai3="47,12,17,72,64,25,36,18,48,133,73,21,26"/><U135/><E117/><V93/><F127/><W101/><G36/><T79/><D3/><U4/><E125/><V44/><F34/><W94/><G133/><N who="1" m="51274" /><E41/><N who="2" m="22575" /><F60/><W33/><G64/><T114/><D7/><U99/><E32/><V69/><F106/><W59/><G59/><T85/><D49/><U109/><E84/><V105/><F105/><W96/><G33/><T42/><D51/><U83/><E83/><V118/><F69/><W122/><G122/><T10/><D10/><N who="1" m="2319" /><E2/><V67/><F67/><W35/><G35/><T107/><D42/><U45/><E45/><V23/><F23/><W58/><G58/><T81/><D123/><U80/><E80/><V16/><F118/><N who="0" m="45098" /><D128/><U20/><E62/><V6/><F6/><W24/><REACH who="3" step="1"/><G18/><REACH who="3" ten="237,277,243,233" step="2"/><T87/><D114/><AGARI ba="0,1" hai="8,13,16,53,54,88,93,97,113,114,115" m="22575" machi="114" ten="30,7700,0" yaku="11,1,52,1,54,2" doraHai="90" who="2" fromWho="0" sc="237,-77,277,0,243,87,233,0" /><INIT seed="2,0,0,2,3,121" ten="160,277,330,233" oya="2" hai0="80,98,133,110,100,102,52,120,123,55,6,35,61" hai1="69,0,9,57,3,7,89,93,77,43,109,17,16" hai2="5,59,56,81,71,37,48,46,117,85,129,70,76" hai3="135,114,38,106,103,128,84,11,119,86,13,25,42"/><V26/><F117/><W94/><G119/><T65/><D35/><U22/><E69/><V113/><F113/><W30/><G114/><T23/><D6/><U18/><E0/><V125/><F37/><W124/><G106/><T15/><D133/><U97/><E77/><V92/><F125/><W107/><G107/><T20/><D80/><U39/><E109/><V50/><F129/><W87/><G124/><T19/><D23/><U78/><E78/><V14/><F70/><W118/><G118/><T115/><D115/><U40/><E39/><V34/><F71/><W29/><G128/><T47/><D110/><U27/><REACH who="1" step="1"/><E57/><REACH who="1" ten="160,267,330,233" step="2"/><V96/><F59/><W83/><G38/><T74/><D123/><U4/><E4/><V68/><F56/><W67/><G135/><T111/><D120/><U41/><AGARI ba="0,1" hai="3,7,9,16,17,18,22,27,40,41,43,89,93,97" machi="41" ten="30,4000,0" yaku="1,1,0,1,54,1,53,0" doraHai="121" doraHaiUra="44" who="1" fromWho="1" sc="160,-10,267,50,330,-20,233,-10" /><INIT seed="3,0,0,1,4,31" ten="150,317,310,223" oya="3" hai0="92,90,89,9,58,100,67,30,118,22,115,7,49" hai1="61,99,5,43,135,105,51,131,82,69,125,77,59" hai2="34,110,133,50,68,95,21,109,60,91,56,73,116" hai3="120,54,25,98,62,74,6,76,130,23,20,24,78"/><W117/><G117/><T2/><D115/><U121/><E121/><V44/><F34/><W128/><G120/><T81/><D118/><U97/><E131/><V3/><F116/><W13/><G98/><N who="1" m="37386" /><E105/><V85/><F68/><W75/><G13/><T94/><D100/><U119/><E69/><V27/><F73/><W134/><G62/><T103/><D103/><U64/><E119/><V17/><F3/><W112/><G54/><T106/><D106/><U10/><E135/><V101/><F101/><W79/><G6/><T66/><D81/><U84/><E125/><V11/><F11/><W70/><G70/><T0/><D30/><U8/><E5/><V104/><F104/><W37/><G37/><T48/><D22/><N who="3" m="8233" /><G134/><T87/><D2/><U71/><E71/><V57/><F133/><W40/><G40/><T47/><D58/><U63/><E61/><V38/><F38/><W80/><G80/><T93/><D93/><U26/><E26/><N who="3" m="10346" /><G112/><T4/><D4/><U29/><E29/><V45/><F57/><W65/><G65/><T28/><D28/><U126/><E126/><V55/><REACH who="2" step="1"/><F44/><AGARI ba="0,0" hai="8,10,43,44,51,59,63,64,77,82,84" m="37386" machi="44" ten="30,1000,0" yaku="8,1" doraHai="31" who="1" fromWho="2" sc="150,0,317,10,310,-10,223,0" owari="150,-35.0,327,42.7,300,10.0,223,-17.7" /></mjloggm>