<mjloggm ver="2.3"><GO type="225" lobby="0"/><UN n0="%E3%83%A9%E3%83%BC%E3%83%A1%E3%83%B3%E4%BA%94%E9%83%8E" n1="%E3%81%BF%E3%81%BF%E3%81%9A" n2="%E4%BA%95%E5%B8%AF" n3="%E3%80%93%E3%81%97%E3%83%BC%E3%82%89%E3%80%93" dan="16,17,16,16" rate="2029.79,2246.69,2053.28,2085.13" sx="M,M,M,M"/><TAIKYOKU oya="0"/><INIT seed="0,0,0,0,1,6" ten="250,250,250,250" oya="0" hai0="102,35,96,1,20,101,74,80,70,116,112,128,36" hai1="30,50,5,94,76,91,3,27,52,122,59,47,64" hai2="14,53,124,98,65,69,51,40,58,113,87,71,88" hai3="118,126,32,123,84,66,72,0,68,81,75,104,49"/><T79/><D112/><U61/><E122/><V57/><F113/><W121/><G49/><T85/><D35/><U125/><E125/><V67/><F124/><W82/><G126/><T107/><D36/><U11/><E76/><V21/><F98/><W17/><G66/><T33/><D33/><U7/><E7/><V24/><F40/><W28/><G32/><T78/><D70/><U92/><REACH who="1" step="1"/><E91/><REACH who="1" ten="250,240,250,250" step="2"/><V2/><F2/><W55/><G121/><T9/><D78/><U77/><E77/><V134/><F134/><W129/><G0/><T109/><D1/><U34/><AGARI ba="0,1" hai="3,5,11,27,30,34,47,50,52,59,61,64,92,94" machi="34" ten="20,8000,1" yaku="1,1,0,1,7,1,52,1,54,1,53,0" doraHai="6" doraHaiUra="38" who="1" fromWho="1" sc="250,-40,240,90,250,-20,250,-20" /><INIT seed="1,0,0,1,0,35" ten="210,330,230,230" oya="1" hai0="115,99,98,11,75,97,131,87,46,44,68,126,102" hai1="80,17,106,64,13,125,107,129,6,16,57,49,67" hai2="86,52,114,43,119,133,130,55,10,50,32,104,71" hai3="3,48,81,108,9,101,29,54,95,42,78,15,25"/><U72/><E6/><V65/><F119/><W84/><G108/><T79/><D115/><U90/><E125/><V83/><F114/><W127/><G127/><T8/><D126/><U109/><E109/><V40/><F130/><W85/><G3/><T5/><D131/><U33/><E33/><V22/><F104/><W103/><G42/><T124/><D124/><U116/><E116/><V61/><F32/><W134/><G134/><T93/><D68/><U7/><E129/><V30/><F55/><W38/><G38/><T58/><D75/><U59/><E7/><V28/><F10/><W31/><G25/><T12/><D11/><U37/><E90/><V34/><F34/><W117/><G117/><T73/><D73/><U14/><E80/><V19/><F40/><W56/><G85/><T26/><D26/><U21/><E49/><V74/><F43/><W100/><REACH who="3" step="1"/><G95/><REACH who="3" ten="210,330,230,220" step="2"/><T27/><D27/><U89/><E72/><V113/><F74/><W39/><G39/><T0/><D0/><U96/><E37/><V121/><F133/><W111/><G111/><T128/><D128/><U120/><E120/><V105/><F113/><W36/><G36/><T91/><D102/><U53/><E107/><V47/><F105/><W51/><G51/><T4/><D4/><AGARI ba="0,1" hai="4,9,15,29,31,48,54,56,78,81,84,100,101,103" machi="4" ten="40,5200,0" yaku="1,1,8,1,53,1" doraHai="35" doraHaiUra="77" who="3" fromWho="0" sc="210,-52,330,0,230,0,220,62" /><INIT seed="2,0,0,3,3,126" ten="158,330,230,282" oya="2" hai0="0,76,22,134,34,100,117,13,78,91,92,40,121" hai1="103,123,81,55,48,97,113,99,26,107,37,108,74" hai2="67,73,52,30,2,85,41,6,118,62,3,114,24" hai3="38,65,94,9,133,23,54,89,68,101,33,18,130"/><V132/><F73/><W122/><G33/><T135/><D121/><U88/><E113/><V58/><F118/><W47/><G122/><T1/><D117/><U70/><E123/><V86/><F114/><W51/><G133/><T63/><D34/><U59/><E108/><V111/><F132/><W79/><G101/><T43/><D0/><U21/><E37/><V112/><F112/><W109/><G79/><T71/><D1/><U5/><E5/><V104/><F104/><W72/><G72/><T61/><D135/><U17/><E70/><V131/><F41/><W19/><G38/><T120/><D120/><U53/><E74/><V80/><F111/><W106/><G106/><T93/><D134/><U69/><E69/><V29/><F86/><W11/><G19/><T44/><D100/><U56/><E103/><V125/><F125/><W87/><G109/><T46/><D71/><U129/><E129/><V96/><F96/><W27/><REACH who="3" step="1"/><G130/><REACH who="3" ten="158,330,230,272" step="2"/><T90/><REACH who="0" step="1"/><D22/><REACH who="0" ten="148,330,230,272" step="2"/><U127/><E127/><V28/><F131/><W12/><G12/><AGARI ba="0,2" hai="12,13,40,43,44,46,61,63,76,78,90,91,92,93" machi="12" ten="25,12000,2" yaku="1,1,2,1,22,2,8,1,53,2" doraHai="126" doraHaiUra="42" who="0" fromWho="3" sc="148,140,330,0,230,0,272,-120" /><INIT seed="3,0,0,4,2,46" ten="288,330,230,152" oya="3" hai0="27,122,82,39,16,66,56,37,126,114,98,124,110" hai1="22,42,24,33,131,30,87,91,59,106,112,128,95" hai2="44,26,0,71,94,19,79,101,103,7,84,12,76" hai3="21,17,62,111,100,97,57,99,69,129,47,115,11"/><W64/><G115/><T63/><D122/><U13/><E112/><V5/><F71/><W134/><G134/><T35/><D114/><U72/><E72/><V113/><F26/><W15/><G129/><N who="1" m="49738" /><E106/><V80/><F0/><W29/><G111/><T135/><D110/><U49/><E42/><V86/><F44/><W58/><G97/><T107/><D135/><U74/><E74/><V96/><F103/><W25/><REACH who="3" step="1"/><G47/><REACH who="3" ten="288,330,230,142" step="2"/><T23/><D98/><U125/><E125/><V8/><F113/><W90/><G90/><T3/><D126/><U73/><E91/><V123/><F123/><W67/><G67/><T77/><D124/><U48/><E73/><V18/><F76/><W4/><G4/><N who="2" m="1609" /><F86/><W34/><G34/><T133/><D35/><U85/><E87/><V43/><F43/><W68/><G68/><T120/><D133/><U104/><E85/><V55/><F55/><W116/><G116/><T92/><D120/><U70/><E70/><V132/><F132/><W1/><G1/><T20/><D3/><U130/><E130/><V75/><F75/><W40/><G40/><T38/><D77/><U45/><E45/><V52/><F52/><W88/><G88/><T51/><D66/><U10/><E33/><V83/><F80/><W117/><G117/><T28/><D82/><U93/><E59/><V32/><F32/><W89/><G89/><T127/><D127/><U50/><E104/><AGARI ba="0,1" hai="11,15,17,21,25,29,57,58,62,64,69,99,100,104" machi="104" ten="30,2900,0" yaku="1,1,7,1,53,0" doraHai="46" doraHaiUra="41" who="3" fromWho="1" sc="288,0,330,-29,230,0,142,39" /><INIT seed="3,1,0,3,0,1" ten="288,301,230,181" oya="3" hai0="8,32,129,104,84,134,5,89,112,74,118,135,110" hai1="124,78,49,46,77,43,70,92,3,20,54,91,83" hai2="18,85,41,86,62,15,19,57,21,63,131,81,72" hai3="58,75,95,82,73,48,133,9,31,90,11,121,123"/><W66/><G133/><N who="0" m="50699" /><D110/><U99/><E3/><V44/><F131/><W127/><G127/><T126/><D129/><U120/><E70/><V71/><F71/><W115/><G115/><T27/><D126/><U125/><E120/><V40/><F72/><W100/><G31/><N who="0" m="19583" /><D112/><U13/><E125/><V35/><F35/><W96/><G75/><T37/><D118/><U98/><E124/><V117/><F117/><W38/><G38/><T59/><D74/><U114/><E83/><V111/><F111/><W25/><G25/><T55/><D104/><U103/><E114/><V36/><F40/><W53/><G66/><T16/><D16/><N who="1" m="10255" /><E43/><V105/><F105/><W47/><G58/><T6/><D8/><U108/><E108/><V79/><F86/><W52/><G53/><T80/><D37/><U93/><AGARI ba="1,0" hai="46,49,54,77,78,91,92,93,98,99,103" m="10255" machi="93" ten="30,2000,0" yaku="8,1,54,1" doraHai="1" who="1" fromWho="1" sc="288,-6,301,23,230,-6,181,-11" owari="282,8.2,324,42.4,224,-17.6,170,-33.0" /></mjloggm>