<mjloggm ver="2.3"><GO type="225" lobby="0"/><UN n0="%E5%B8%86%E7%AB%8B%E5%A4%8F%E8%A1%A3" n1="%E2%98%86%41%64%72%69%61%6E" n2="%6D%75%75%6D%75%72%61" n3="%E3%82%BD%E3%83%83%E3%82%AF%E3%82%B9%E2%99%AA" dan="16,17,17,16" rate="2130.29,2188.47,2189.89,2053.02" sx="M,M,F,M"/><TAIKYOKU oya="0"/><INIT seed="0,0,0,3,4,90" ten="250,250,250,250" oya="0" hai0="35,69,6,47,52,63,61,104,49,85,38,22,102" hai1="73,45,20,115,54,57,42,130,29,34,2,26,96" hai2="120,116,82,4,9,43,44,134,16,79,31,114,1" hai3="110,132,11,33,118,128,125,121,84,18,0,41,59"/><T77/><D35/><U103/><E130/><V113/><F120/><W117/><G59/><T13/><D38/><U135/><E135/><V40/><F134/><W83/><G84/><T133/><D133/><U10/><E115/><V109/><F109/><W68/><G83/><N who="0" m="47343" /><D104/><U17/><E73/><V23/><F31/><W91/><G118/><T72/><D72/><U99/><E2/><V80/><F116/><W46/><G68/><T37/><D37/><U3/><E3/><V86/><F80/><W21/><G33/><T81/><D69/><U60/><E103/><V123/><F123/><W97/><G117/><T70/><D70/><U76/><E76/><V88/><F79/><W106/><G110/><T62/><D81/><U126/><E126/><V107/><F107/><W131/><G125/><T12/><D6/><U48/><REACH who="1" step="1"/><E10/><REACH who="1" ten="250,240,250,250" step="2"/><V75/><F75/><W127/><G11/><T55/><D102/><U19/><E19/><V24/><REACH who="2" step="1"/><F43/><REACH who="2" ten="250,240,240,250" step="2"/><W122/><G41/><N who="0" m="24815" /><D13/><AGARI ba="0,2" hai="13,17,20,26,29,34,42,45,48,54,57,60,96,99" machi="13" ten="30,7700,0" yaku="1,1,7,1,53,2" doraHai="90" doraHaiUra="92" who="1" fromWho="0" sc="250,-77,240,97,240,0,250,0" /><INIT seed="1,0,0,3,4,51" ten="173,337,240,250" oya="1" hai0="130,35,124,9,75,109,93,19,41,122,24,92,91" hai1="61,11,63,57,44,64,60,85,79,90,54,125,20" hai2="22,69,123,96,87,53,121,37,73,76,74,104,113" hai3="30,49,29,77,66,2,14,110,18,112,105,115,12"/><U120/><E120/><V71/><F37/><W134/><G105/><T81/><D122/><U98/><E125/><V84/><F113/><W135/><G49/><T132/><D124/><U119/><E119/><V26/><F121/><W38/><G66/><T100/><D35/><U131/><E131/><V88/><F123/><W65/><G65/><T1/><D130/><U34/><E34/><V111/><F111/><W31/><G77/><T83/><D109/><U86/><E44/><V99/><F74/><W15/><G38/><T62/><D132/><N who="3" m="50729" /><G110/><T16/><D41/><U103/><E11/><V114/><F114/><N who="3" m="43563" /><G2/><T23/><D75/><U129/><E79/><V43/><F43/><W128/><G128/><T89/><D1/><U72/><E72/><V6/><F6/><W0/><G0/><T58/><D100/><U118/><E64/><V33/><F104/><W116/><G116/><T5/><D5/><U8/><E118/><V4/><F4/><W126/><G126/><T45/><D45/><U67/><E67/><V32/><F71/><W52/><G52/><N who="0" m="34119" /><D93/><U133/><E103/><V3/><F69/><W95/><G95/><T82/><D92/><U80/><E133/><V68/><F3/><W28/><N who="3" m="7168" /><DORA hai="117" /><W13/><G13/><AGARI ba="0,0" hai="9,13,16,19,23,24,81,82,83,89,91" m="34119" machi="13" ten="30,7700,0" yaku="8,1,52,1,54,2" doraHai="51,117" who="0" fromWho="3" sc="173,77,337,0,240,0,250,-77" /><INIT seed="2,0,0,2,4,99" ten="250,337,240,173" oya="2" hai0="114,20,116,11,129,109,32,74,82,134,84,35,135" hai1="101,92,95,87,121,125,67,81,15,28,26,2,57" hai2="105,17,86,9,108,100,89,77,88,3,45,37,22" hai3="65,124,115,21,41,58,123,36,102,14,59,39,117"/><V56/><F108/><W68/><G117/><T0/><D114/><U130/><E2/><V27/><F56/><W46/><G123/><T122/><D116/><U55/><E121/><V47/><F77/><W19/><G124/><T42/><D122/><U93/><E130/><V12/><F3/><W90/><G115/><T50/><D74/><U70/><E125/><V78/><F37/><W40/><G90/><N who="2" m="34921" /><F105/><W61/><REACH who="3" step="1"/><G102/><REACH who="3" ten="250,337,240,163" step="2"/><T63/><D129/><U76/><E101/><V127/><F127/><W10/><G10/><T34/><D11/><U8/><E8/><V52/><F100/><W7/><G7/><T66/><D109/><U31/><E76/><V118/><F118/><W33/><G33/><T54/><D35/><U111/><E111/><V85/><F78/><W53/><G53/><T24/><D54/><U16/><E55/><V97/><F52/><W1/><G1/><T62/><D0/><U48/><E67/><V30/><F97/><W64/><G64/><T107/><D66/><U96/><E96/><V110/><F110/><W94/><G94/><T83/><D34/><U25/><E95/><V132/><F132/><W80/><G80/><T6/><D32/><U69/><E81/><V104/><F104/><W133/><G133/><N who="0" m="50699" /><D107/><U49/><E93/><V72/><F72/><W71/><G71/><T13/><D83/><U73/><E92/><V113/><F113/><W120/><G120/><T106/><D106/><U23/><E73/><V112/><F112/><W119/><G119/><T5/><D82/><U126/><E126/><V44/><AGARI ba="0,1" hai="9,12,17,22,27,30,44,45,47,85,86" m="34921" machi="44" ten="30,3000,0" yaku="8,1,54,1" doraHai="99" who="2" fromWho="2" sc="250,-10,337,-10,240,40,163,-10" /><INIT seed="2,1,0,5,0,92" ten="240,327,280,153" oya="2" hai0="5,90,91,81,3,2,77,96,43,18,73,135,76" hai1="20,126,114,121,46,72,38,33,48,15,95,113,89" hai2="129,9,13,34,88,130,66,87,4,54,39,25,93" hai3="51,32,26,12,94,49,21,82,97,116,127,23,131"/><V42/><F66/><W8/><G116/><T98/><D43/><U57/><E33/><V112/><F112/><W58/><G127/><T101/><D18/><N who="1" m="10335" /><E72/><V31/><REACH who="2" step="1"/><F54/><REACH who="2" ten="240,327,270,153" step="2"/><W111/><G131/><T107/><D135/><U44/><E114/><V75/><F75/><W85/><G111/><T118/><D118/><U7/><E113/><V35/><F35/><W10/><G32/><T124/><D124/><U109/><E126/><V122/><F122/><W103/><G23/><T55/><D55/><U80/><E109/><V61/><F61/><W22/><G21/><T27/><D73/><U45/><E121/><V134/><F134/><W117/><G117/><T59/><D59/><U108/><E57/><V119/><F119/><W0/><G58/><T52/><D52/><U56/><E56/><V40/><F40/><W100/><G26/><T132/><D132/><U133/><E133/><V71/><F71/><W67/><G22/><T16/><D27/><U84/><E108/><V14/><F14/><W65/><G12/><T104/><D2/><U105/><E45/><AGARI ba="1,1" hai="4,9,13,25,31,34,39,42,45,87,88,93,129,130" machi="45" ten="40,3900,0" yaku="1,1,54,1,53,0" doraHai="92" doraHaiUra="60" who="2" fromWho="1" sc="240,0,327,-42,270,52,153,0" /><INIT seed="2,2,0,5,4,77" ten="240,285,322,153" oya="2" hai0="43,3,83,79,102,57,85,109,70,23,52,106,81" hai1="86,44,80,91,39,123,21,6,119,54,64,72,120" hai2="84,69,74,0,130,116,78,67,7,45,9,89,60" hai3="11,38,35,95,113,100,55,73,15,29,66,25,31"/><V101/><F116/><W26/><G73/><T135/><D70/><U126/><E119/><V49/><F130/><W75/><G75/><T34/><D34/><U128/><E128/><V48/><F101/><W51/><G113/><T71/><D71/><U96/><E126/><V58/><F69/><W132/><G132/><T61/><D135/><U24/><E64/><V108/><F108/><W59/><G38/><T13/><D3/><U114/><E114/><V17/><F17/><W63/><G11/><T33/><D33/><U20/><E6/><V129/><F129/><W12/><G95/><T2/><D2/><U111/><E111/><V82/><REACH who="2" step="1"/><F45/><REACH who="2" ten="240,285,312,153" step="2"/><W117/><G100/><T110/><D110/><U99/><E44/><V28/><F28/><W53/><G117/><T93/><D109/><U121/><E121/><V105/><F105/><W124/><G124/><T125/><D125/><U32/><E123/><V16/><F16/><W134/><G134/><T46/><D106/><U27/><E120/><V94/><AGARI ba="2,1" hai="0,7,9,48,49,58,60,67,74,78,82,84,89,94" machi="94" ten="20,7800,0" yaku="1,1,0,1,7,1,52,1,53,0" doraHai="77" doraHaiUra="40" who="2" fromWho="2" sc="240,-28,285,-28,312,94,153,-28" /><INIT seed="2,3,0,1,2,54" ten="212,257,406,125" oya="2" hai0="58,46,118,66,34,130,33,69,102,117,131,124,62" hai1="32,2,36,27,10,78,37,123,64,77,19,48,39" hai2="59,135,15,41,18,72,53,56,103,119,127,129,42" hai3="14,76,55,126,6,28,132,92,134,88,4,89,115"/><V94/><F119/><N who="0" m="45578" /><D124/><U0/><E123/><V61/><F72/><W50/><G115/><T133/><D133/><U83/><E77/><V91/><F127/><W122/><G126/><T25/><D46/><U85/><E64/><N who="2" m="38951" /><F129/><N who="0" m="49162" /><D102/><U104/><E104/><V101/><F135/><W80/><G122/><T47/><D47/><U116/><E116/><V73/><F73/><W100/><G134/><T35/><D69/><U81/><E81/><V38/><F38/><W26/><G132/><T12/><D12/><U60/><E0/><V65/><F65/><W93/><G100/><N who="2" m="38473" /><F91/><W97/><G89/><T70/><D70/><U63/><E2/><V45/><F45/><W87/><G93/><T13/><D13/><U52/><E37/><V86/><F94/><W109/><G14/><T107/><D107/><U98/><E39/><V113/><F113/><W43/><G43/><T128/><N who="0" m="49170" /><T74/><DORA hai="23" /><D74/><U111/><E36/><V125/><F125/><W29/><G109/><T71/><D71/><U68/><E68/><V5/><F86/><W20/><G29/><AGARI ba="3,0" hai="25,29,33,34,35,58,62,66" m="49170,45578" machi="29" ten="50,8000,1" yaku="12,1,19,1,52,2" doraHai="54,23" who="0" fromWho="3" sc="212,89,257,0,406,0,125,-89" /><INIT seed="3,0,0,4,4,112" ten="301,257,406,36" oya="3" hai0="65,54,0,77,129,32,83,96,38,61,14,81,33" hai1="46,7,74,43,82,34,10,110,69,55,86,64,99" hai2="31,44,134,63,3,123,92,88,120,53,6,56,90" hai3="50,23,51,119,22,130,71,59,108,135,26,17,12"/><W13/><G71/><T18/><D0/><U8/><E34/><V111/><F111/><W127/><G135/><T132/><D38/><U57/><E110/><V100/><F134/><W47/><G108/><T103/><D132/><U45/><E74/><V117/><F117/><W107/><G130/><T73/><D81/><U52/><E99/><N who="2" m="59495" /><F31/><W2/><G127/><T84/><D54/><U36/><E46/><V15/><F3/><W58/><G107/><T94/><D129/><U24/><E24/><V66/><F15/><W29/><G2/><T27/><D27/><U131/><E55/><V28/><F6/><W19/><G119/><T116/><D73/><U4/><E131/><V85/><F28/><W16/><G19/><T122/><D122/><N who="2" m="46634" /><F85/><W37/><G37/><T70/><D116/><U91/><E4/><V126/><F126/><W20/><G51/><AGARI ba="0,0" hai="44,51,53,56,63,66,88,90" m="46634,59495" machi="51" ten="30,2000,0" yaku="13,1,54,1" doraHai="112" who="2" fromWho="3" sc="301,0,257,0,406,20,36,-20" owari="301,10.1,257,-14.3,426,52.6,16,-48.4" /></mjloggm>