<mjloggm ver="2.3"><GO type="225" lobby="0"/><UN n0="%72%69%6F%75%63%68%61%6E" n1="%E3%82%AD%E3%83%B3%E3%82%B0%E3%81%82%E3%81%A4%E3%81%97" n2="%E5%A4%9C%E5%85%89%E5%A4%A9%E6%A5%BC" n3="%E3%82%BC%E3%83%AB%E3%83%80%E3%81%AE%E4%BC%9D%E8%AA%AC" dan="16,17,16,17" rate="2192.44,2188.71,2118.04,2190.99" sx="M,M,F,M"/><TAIKYOKU oya="0"/><INIT seed="0,0,0,2,2,70" ten="250,250,250,250" oya="0" hai0="128,53,116,21,122,12,11,27,124,87,119,69,35" hai1="4,29,130,43,103,134,30,96,44,117,22,16,90" hai2="47,110,26,71,64,98,88,36,23,0,56,46,91" hai3="33,67,97,13,132,45,15,52,73,18,84,106,114"/><T75/><D75/><U65/><E117/><V55/><F0/><W2/><G73/><T85/><D122/><U58/><E4/><V102/><F110/><W24/><G2/><T31/><D69/><U50/><E90/><V59/><F71/><W127/><G114/><T54/><D124/><U83/><E83/><V125/><F125/><W10/><G127/><T60/><D128/><U107/><E134/><V48/><F36/><W38/><G132/><T28/><D119/><U111/><E111/><V25/><F25/><W57/><G84/><N who="0" m="32331" /><D35/><U135/><E130/><V6/><F6/><W100/><G13/><T34/><D34/><U105/><E105/><V89/><F47/><W14/><G14/><T49/><D116/><U19/><E135/><V63/><F102/><W8/><G67/><T115/><D115/><U68/><E68/><V78/><F78/><W123/><G123/><T118/><D118/><U104/><E104/><V112/><F112/><W92/><G106/><T79/><D79/><U129/><E129/><V42/><F98/><W1/><G1/><T37/><D37/><U95/><E107/><V76/><F76/><W20/><G45/><N who="0" m="27823" /><D28/><N who="1" m="10859" /><E22/><V80/><F80/><W126/><G38/><T7/><D60/><AGARI ba="0,0" hai="16,19,43,44,50,58,60,65,95,96,103" m="10859" machi="60" ten="30,2000,0" yaku="8,1,54,1" doraHai="70" who="1" fromWho="0" sc="250,-20,250,20,250,0,250,0" /><INIT seed="1,0,0,2,5,31" ten="230,270,250,250" oya="1" hai0="103,111,78,91,106,60,123,16,39,67,8,116,131" hai1="38,99,58,59,125,87,23,64,113,127,22,76,101" hai2="6,26,89,35,13,75,105,70,21,19,4,95,51" hai3="86,61,72,79,121,83,32,50,0,25,28,62,44"/><U81/><E38/><V48/><F105/><W110/><G110/><T130/><D116/><U1/><E1/><V65/><F75/><W128/><G121/><T56/><D111/><U3/><E3/><V36/><F36/><W114/><G114/><T120/><D39/><U49/><E113/><V69/><F65/><W14/><G0/><T134/><D134/><U117/><E117/><V66/><F66/><W18/><G72/><T40/><D40/><U27/><E49/><N who="2" m="19019" /><F35/><W104/><G128/><N who="0" m="49195" /><D78/><U133/><E23/><N who="2" m="11759" /><F69/><W42/><REACH who="3" step="1"/><G104/><REACH who="3" ten="230,270,250,240" step="2"/><T12/><D91/><U108/><E108/><V37/><F37/><W68/><G68/><T74/><D74/><U20/><E133/><V73/><F70/><W47/><G47/><T55/><D67/><U5/><E64/><V52/><F73/><W29/><G29/><T107/><D106/><U34/><E59/><V90/><F52/><W63/><G63/><T15/><D107/><U7/><E58/><V132/><F132/><W77/><G77/><T109/><D109/><U45/><E45/><V41/><F41/><W2/><G2/><T57/><D57/><U84/><E76/><V126/><F90/><W129/><G129/><T17/><D103/><U98/><E101/><V43/><F43/><W124/><G124/><T118/><D118/><U100/><E100/><V97/><F126/><W94/><G94/><T9/><AGARI ba="0,1" hai="8,9,12,15,16,17,55,56,60,120,123" m="49195" machi="9" ten="30,2000,0" yaku="19,1,54,1" doraHai="31" who="0" fromWho="0" sc="230,30,270,-10,250,-5,240,-5" /><INIT seed="2,0,0,1,2,85" ten="260,260,245,235" oya="2" hai0="74,22,42,49,82,75,83,128,132,40,71,112,129" hai1="28,95,9,2,46,117,78,5,38,36,115,21,65" hai2="6,93,106,31,48,127,35,97,135,84,37,64,62" hai3="24,63,70,121,131,100,125,96,98,109,68,133,102"/><V8/><F127/><W4/><G121/><T25/><D112/><U116/><E115/><V79/><F135/><W23/><G133/><T114/><D114/><U76/><E65/><V87/><F37/><W108/><G125/><T44/><D71/><U88/><E28/><V50/><F106/><W41/><G41/><T110/><D110/><N who="3" m="42601" /><G4/><T69/><D69/><N who="3" m="26729" /><G63/><T81/><D40/><U3/><E5/><V15/><F62/><W86/><G86/><N who="2" m="32809" /><F35/><W77/><G77/><T134/><D132/><U120/><E78/><V103/><F79/><W32/><G32/><T14/><D14/><U57/><E76/><V1/><F1/><W119/><G119/><T45/><D45/><U111/><E2/><V53/><F64/><W94/><G131/><N who="0" m="50251" /><D134/><U91/><E3/><V29/><F50/><W113/><G113/><T123/><D123/><U26/><E120/><V33/><F33/><W16/><G98/><T19/><AGARI ba="0,0" hai="19,22,25,42,44,49,74,75,81,82,83" m="50251" machi="19" ten="30,1100,0" yaku="19,1" doraHai="85" who="0" fromWho="0" sc="260,11,260,-3,245,-5,235,-3" /><INIT seed="3,0,0,2,4,130" ten="271,257,240,232" oya="3" hai0="73,129,106,57,48,132,134,118,128,49,81,101,35" hai1="0,34,10,127,25,93,19,110,20,102,69,116,16" hai2="75,53,124,66,91,45,76,131,13,55,92,61,89" hai3="54,23,41,6,5,8,100,24,65,42,12,21,4"/><W86/><G65/><T97/><D118/><U126/><E69/><V72/><F131/><N who="0" m="50250" /><D35/><U104/><E104/><V123/><F124/><N who="1" m="47657" /><E93/><V135/><F91/><W121/><G121/><T7/><D7/><N who="1" m="1383" /><E102/><V119/><F92/><W105/><G105/><T90/><D57/><U84/><E84/><V108/><F75/><W11/><G100/><T109/><D109/><U2/><E110/><V46/><F108/><W85/><G54/><T37/><D37/><U115/><E116/><V27/><F119/><W99/><G99/><T9/><D9/><N who="3" m="3657" /><G12/><T22/><D22/><N who="3" m="8201" /><G24/><T107/><D107/><U74/><E74/><V71/><F27/><W70/><G70/><T1/><D1/><U59/><E2/><V63/><F72/><W62/><G62/><T125/><D125/><U96/><E96/><V18/><F63/><W33/><G33/><T39/><D39/><U3/><E3/><V31/><F61/><W36/><G36/><T80/><D80/><U47/><E34/><V82/><F71/><W68/><G68/><T67/><D67/><U58/><E115/><V38/><F66/><W98/><G98/><T88/><D90/><U83/><E83/><V103/><F103/><W78/><G78/><N who="0" m="44239" /><D88/><U15/><E47/><V87/><F89/><W30/><G30/><T44/><D48/><U43/><E43/><AGARI ba="0,0" hai="4,5,6,41,42,43,85,86" m="8201,3657" machi="43" ten="30,5800,0" yaku="28,2,8,1" doraHai="130" who="3" fromWho="1" sc="271,0,257,-58,240,0,232,58" /><AGARI ba="0,0" hai="43,44,49,97,101,106,132,134" m="44239,50250" machi="43" ten="30,3900,0" yaku="19,1,52,2" doraHai="130" who="0" fromWho="1" sc="271,39,199,-39,240,0,290,0" /><INIT seed="3,1,0,0,5,78" ten="310,160,240,290" oya="3" hai0="0,87,21,50,122,45,106,120,13,6,26,62,57" hai1="73,109,92,100,46,9,70,118,17,112,7,76,89" hai2="35,130,83,98,44,65,84,94,47,53,88,126,52" hai3="133,59,113,37,49,131,14,99,85,58,28,125,24"/><W72/><G72/><T30/><D0/><U39/><E112/><V10/><F35/><W105/><G37/><T68/><D68/><U34/><E70/><V86/><F65/><W5/><G113/><T8/><D106/><U19/><E34/><V115/><F115/><W61/><G49/><T51/><D87/><U80/><E100/><N who="2" m="60503" /><F126/><W67/><G125/><T55/><D51/><U132/><E109/><V103/><F103/><N who="3" m="62719" /><G133/><T134/><D134/><U69/><E69/><V127/><F127/><W43/><G43/><AGARI ba="1,0" hai="6,8,13,21,26,30,43,45,50,55,57,62,120,122" machi="43" ten="30,1000,0" yaku="7,1" doraHai="78" who="0" fromWho="3" sc="310,13,160,0,240,0,290,-13" owari="323,42.3,160,-34.0,240,-16.0,277,7.7" /></mjloggm>