<mjloggm ver="2.3"><GO type="225" lobby="0"/><UN n0="%E8%BE%9B%E5%8F%A3%E3%82%AB%E3%83%AC%E3%83%BC%E3%83%A9%E3%82%A4%E3%82%B9" n1="%E9%89%A2%E5%B7%BB%E3%82%AC%E3%83%96" n2="%4B%2E%32%2E%4B%2E" n3="%72%61%6B%33" dan="16,16,16,18" rate="2164.76,2045.98,2052.15,2290.44" sx="M,M,M,M"/><TAIKYOKU oya="0"/><INIT seed="0,0,0,1,3,27" ten="250,250,250,250" oya="0" hai0="40,50,113,39,122,72,53,60,63,118,87,37,83" hai1="67,18,69,64,75,59,127,5,112,99,131,79,22" hai2="125,134,105,8,26,24,116,47,21,57,25,85,82" hai3="84,81,78,58,100,2,106,35,73,111,41,77,126"/><T38/><D113/><U101/><E69/><V124/><F105/><W135/><G2/><T128/><D118/><U20/><E127/><N who="2" m="48715" /><F116/><W80/><G126/><T42/><D122/><U51/><E131/><V89/><F134/><W65/><G135/><T45/><D72/><U76/><E5/><V13/><F57/><W3/><G3/><T44/><D128/><U107/><E112/><V92/><F47/><N who="0" m="17994" /><D87/><U108/><E108/><V88/><F92/><W14/><G111/><T32/><D83/><U30/><E75/><V103/><F103/><W114/><G35/><T130/><D32/><U54/><E67/><V95/><F95/><W62/><G114/><T49/><D130/><U97/><E64/><V48/><F48/><N who="0" m="18538" /><D53/><U0/><E0/><V123/><F123/><W19/><G106/><T43/><AGARI ba="0,0" hai="37,38,39,40,42,43,60,63" m="18538,17994" machi="43" ten="40,18000,2" yaku="28,2,35,5" doraHai="27" who="0" fromWho="0" sc="250,180,250,-60,250,-60,250,-60" /><INIT seed="0,1,0,2,3,94" ten="430,190,190,190" oya="0" hai0="3,30,1,93,19,2,32,126,112,44,46,11,97" hai1="124,130,129,65,76,63,61,28,43,120,22,54,86" hai2="133,96,78,132,99,57,12,104,18,0,83,123,23" hai3="72,108,114,125,105,67,16,98,88,59,107,21,117"/><T42/><D112/><U36/><E120/><V122/><F0/><W68/><G114/><T56/><D126/><U71/><E124/><V47/><F57/><W25/><G125/><T81/><D32/><U82/><E28/><V49/><F104/><W48/><G117/><T33/><D33/><U5/><E22/><V55/><F123/><W62/><G72/><T115/><D115/><U7/><E54/><V87/><F122/><W92/><REACH who="3" step="1"/><G108/><REACH who="3" ten="430,190,190,180" step="2"/><T35/><D1/><U69/><E129/><V66/><F66/><W6/><G6/><T134/><D2/><U20/><E130/><V14/><REACH who="2" step="1"/><F12/><REACH who="2" ten="430,190,180,180" step="2"/><W52/><AGARI ba="1,2" hai="16,21,25,48,52,59,62,67,68,88,92,98,105,107" machi="52" ten="30,12000,2" yaku="1,1,0,1,52,1,54,3,53,0" doraHai="94" doraHaiUra="39" who="3" fromWho="3" sc="430,-61,190,-31,180,-31,180,143" /><INIT seed="1,0,0,4,0,75" ten="369,159,149,323" oya="1" hai0="61,98,99,31,92,65,125,29,34,70,69,52,25" hai1="114,64,12,127,128,82,55,26,96,131,20,107,67" hai2="57,84,86,112,85,58,74,36,116,95,3,102,133" hai3="11,51,100,81,66,76,15,32,109,4,89,10,16"/><U108/><E114/><V117/><F36/><W87/><G109/><T47/><D125/><U37/><E37/><V59/><F74/><W2/><G32/><T63/><D31/><U94/><E127/><V72/><F72/><W39/><G39/><T62/><D99/><U103/><E108/><V60/><F3/><W80/><G66/><T79/><D79/><U28/><E82/><V78/><F112/><W35/><G35/><T110/><D110/><U115/><E115/><V93/><F133/><W5/><G100/><T123/><D123/><U105/><E55/><V122/><F122/><W135/><G135/><T41/><D70/><U7/><E67/><V124/><F124/><W91/><G81/><T113/><D113/><U27/><E64/><V54/><F78/><W45/><REACH who="3" step="1"/><G5/><REACH who="3" ten="369,159,149,313" step="2"/><T129/><D129/><N who="1" m="49739" /><E27/><V46/><F102/><W48/><G48/><T17/><D65/><U33/><E33/><V83/><F83/><W71/><G71/><T73/><D69/><U24/><E24/><V88/><F116/><W18/><G18/><T43/><D17/><U19/><E19/><V0/><F117/><W23/><G23/><T101/><REACH who="0" step="1"/><D73/><REACH who="0" ten="359,159,149,313" step="2"/><U53/><E53/><AGARI ba="0,2" hai="2,4,10,11,15,16,45,51,53,76,80,87,89,91" machi="53" ten="30,7700,0" yaku="1,1,7,1,52,1,54,1,53,0" doraHai="75" doraHaiUra="111" who="3" fromWho="1" sc="359,0,159,-77,149,0,313,97" /><INIT seed="2,0,0,3,2,66" ten="359,82,149,410" oya="2" hai0="111,98,81,131,127,102,58,123,74,5,50,45,126" hai1="8,67,12,105,103,59,7,0,21,23,17,57,71" hai2="92,121,129,104,41,48,53,31,77,47,88,72,84" hai3="38,2,132,15,20,80,54,36,52,29,39,14,61"/><V100/><F121/><W78/><G2/><T32/><D123/><U134/><E134/><V60/><F129/><W75/><G132/><T124/><D131/><U125/><E125/><V135/><F135/><W113/><G113/><T90/><D111/><U3/><E3/><V83/><F31/><W24/><REACH who="3" step="1"/><G52/><REACH who="3" ten="359,82,149,400" step="2"/><N who="0" m="29775" /><D32/><U112/><E112/><V51/><F60/><W118/><G118/><T63/><D5/><U49/><E49/><V109/><F109/><W6/><G6/><T27/><D27/><U110/><E110/><V89/><F51/><W64/><G64/><N who="0" m="39031" /><D74/><U79/><E67/><V130/><F130/><W25/><G25/><T116/><D116/><U65/><E65/><V76/><F53/><W44/><G44/><T73/><D73/><U62/><E62/><V35/><F35/><W28/><G28/><T82/><D90/><U56/><E79/><V33/><F33/><W22/><G22/><T13/><D13/><U68/><REACH who="1" step="1"/><E23/><REACH who="1" ten="359,72,149,400" step="2"/><V69/><F48/><W122/><G122/><T55/><D55/><U46/><E46/><V26/><F47/><W133/><G133/><T37/><D37/><U85/><E85/><V4/><F84/><W34/><G34/><T11/><D11/><U107/><E107/><AGARI ba="0,2" hai="81,82,98,102,107,124,126,127" m="39031,29775" machi="107" ten="30,2000,0" yaku="18,1,54,1" doraHai="66" who="0" fromWho="1" sc="359,40,72,-20,149,0,400,0" /><INIT seed="3,0,0,5,1,12" ten="399,52,149,400" oya="3" hai0="11,38,113,55,85,37,88,25,31,69,77,44,105" hai1="101,3,41,123,118,73,97,100,54,103,56,58,2" hai2="131,61,94,135,110,47,117,81,64,127,107,121,82" hai3="43,120,106,83,91,5,76,79,87,20,19,134,35"/><W62/><G35/><T59/><D69/><U24/><E123/><V89/><F107/><W132/><G120/><T34/><D105/><U93/><E118/><V16/><F121/><W53/><G106/><T42/><D113/><U119/><E119/><V51/><F117/><W92/><G5/><T115/><D115/><U21/><E73/><V109/><F127/><W129/><G43/><T63/><D11/><U65/><E41/><N who="2" m="25071" /><F135/><N who="3" m="51755" /><G129/><T112/><D112/><U26/><E3/><V0/><F0/><W36/><G36/><T102/><D102/><U75/><E75/><V95/><F131/><W126/><G126/><T32/><D77/><U111/><E2/><V108/><F16/><W29/><G29/><T46/><D46/><U86/><E86/><N who="2" m="52535" /><F95/><W45/><G92/><T23/><D38/><U70/><E70/><AGARI ba="0,0" hai="61,64,70,81,82,108,109,110" m="52535,25071" machi="70" ten="30,1000,0" yaku="14,1" doraHai="12" who="2" fromWho="1" sc="399,0,52,-10,149,10,400,0" owari="399,19.9,42,-45.8,159,-24.1,400,50.0" /></mjloggm>