<mjloggm ver="2.3"><GO type="225" lobby="0"/><UN n0="%E3%82%BC%E3%83%AB%E3%83%80%E3%81%AE%E4%BC%9D%E8%AA%AC" n1="%E4%BA%BA%E9%96%93%E3%83%81%E3%83%A3%E3%83%BC%E3%83%8F%E3%83%B3" n2="%28%EF%BF%A3%E2%96%BD%EF%BF%A3%29%CE%B4%E2%8C%92%E3%83%BB" n3="%E3%82%A2%E3%83%A1%E3%82%A2%E3%83%A9%E3%83%AC" dan="18,16,16,16" rate="2242.22,2115.59,2106.08,2062.99" sx="M,M,M,M"/><TAIKYOKU oya="0"/><INIT seed="0,0,0,2,1,102" ten="250,250,250,250" oya="0" hai0="119,110,28,13,105,73,72,100,131,90,95,108,42" hai1="125,64,133,91,117,25,106,120,124,134,51,26,7" hai2="65,129,135,60,9,103,94,97,5,53,62,11,40" hai3="33,122,61,55,104,96,15,47,44,127,86,66,88"/><T48/><D28/><U70/><E117/><V2/><F129/><W37/><G33/><T45/><D119/><U126/><E120/><V10/><F135/><N who="1" m="51721" /><E7/><V99/><F40/><W41/><G127/><T130/><D13/><U29/><E51/><V89/><F53/><W84/><G122/><T3/><D3/><U79/><E79/><V27/><F27/><W4/><G55/><T92/><D92/><U12/><E91/><V93/><REACH who="2" step="1"/><F62/><REACH who="2" ten="250,250,240,250" step="2"/><W71/><G41/><T20/><D131/><U116/><E116/><V19/><F19/><W50/><G61/><T113/><D130/><U111/><E111/><N who="0" m="42537" /><D113/><U8/><E26/><V36/><F36/><W85/><G37/><T69/><D69/><AGARI ba="0,1" hai="2,5,9,10,11,60,65,69,89,93,94,97,99,103" machi="69" ten="30,2000,0" yaku="1,1,7,1,53,0" doraHai="102" doraHaiUra="83" who="2" fromWho="0" sc="250,-20,250,0,240,30,250,0" /><INIT seed="1,0,0,1,4,114" ten="230,250,270,250" oya="1" hai0="90,7,97,25,56,88,3,100,135,132,84,115,116" hai1="46,29,107,44,60,118,127,0,39,106,37,105,61" hai2="67,92,2,10,80,43,91,95,4,26,22,130,86" hai3="30,134,65,113,1,101,54,99,103,96,15,85,47"/><U36/><E0/><V128/><F67/><W32/><G1/><T112/><D25/><U5/><E5/><V119/><F43/><W49/><G113/><N who="0" m="43595" /><D7/><U75/><E75/><V55/><F55/><W52/><G134/><N who="0" m="51243" /><D3/><U20/><E127/><V104/><F104/><W120/><G120/><T6/><D6/><U131/><E131/><N who="2" m="50219" /><F119/><W111/><G111/><T23/><D23/><U38/><N who="1" m="9216" /><DORA hai="58" /><U76/><E76/><V73/><F73/><W42/><G65/><T11/><D11/><U94/><E118/><V28/><AGARI ba="0,0" hai="2,4,10,22,26,28,80,86,91,92,95" m="50219" machi="28" ten="30,1100,0" yaku="19,1" doraHai="114,58" who="2" fromWho="2" sc="230,-3,250,-5,270,11,250,-3" /><INIT seed="2,0,0,5,2,101" ten="227,245,281,247" oya="2" hai0="6,134,53,94,84,109,43,48,3,50,83,87,133" hai1="17,112,104,91,63,67,1,46,71,32,86,24,131" hai2="85,89,55,73,88,120,9,81,118,42,108,2,51" hai3="68,119,27,121,57,75,106,18,125,93,33,103,69"/><V41/><F118/><W77/><G119/><T4/><D109/><U14/><E112/><V135/><F120/><W44/><G121/><T38/><D38/><U95/><E1/><V15/><F2/><W115/><G93/><T126/><D126/><U0/><E0/><V29/><F108/><W7/><G7/><T26/><D3/><U61/><E131/><V111/><F111/><W105/><G57/><T130/><D26/><U114/><E114/><V124/><F124/><W98/><G125/><T59/><D130/><U30/><E46/><N who="2" m="28151" /><F73/><W52/><G106/><T66/><D66/><U110/><E110/><V128/><F128/><W16/><G115/><T65/><D65/><U34/><E63/><V70/><F70/><W56/><G44/><N who="0" m="25631" /><D94/><U19/><E34/><V82/><F29/><W132/><G132/><N who="0" m="50795" /><D87/><U36/><E36/><V116/><F116/><W60/><G69/><T97/><D97/><U80/><E104/><V23/><F23/><W100/><G68/><T99/><D99/><U47/><E47/><V127/><F135/><W58/><G33/><T40/><D40/><N who="2" m="15466" /><F127/><W129/><G129/><T74/><D74/><U92/><REACH who="1" step="1"/><E19/><REACH who="1" ten="227,235,281,247" step="2"/><N who="2" m="8687" /><F82/><W13/><G18/><T79/><AGARI ba="0,1" hai="4,6,50,53,59,79,83,84" m="50795,25631" machi="79" ten="30,1100,0" yaku="20,1" doraHai="101" who="0" fromWho="0" sc="227,21,235,-3,281,-5,247,-3" /><INIT seed="3,0,0,3,0,35" ten="248,232,276,244" oya="3" hai0="79,90,106,50,51,17,16,88,56,95,1,8,28" hai1="72,70,99,85,9,115,22,120,57,32,76,82,63" hai2="43,98,130,19,58,92,121,64,6,59,31,37,62" hai3="47,116,93,34,46,3,4,73,11,40,135,75,12"/><W114/><G114/><T44/><D106/><U5/><E32/><V127/><F127/><W13/><G116/><T81/><D28/><U67/><E120/><V131/><F121/><W86/><G135/><T42/><D1/><U39/><E115/><V15/><F31/><W87/><G34/><T60/><D51/><U53/><E39/><V126/><F126/><W111/><G111/><T113/><D113/><U38/><E38/><V45/><F6/><W54/><G54/><T7/><D7/><U123/><E123/><V132/><F59/><W91/><G86/><N who="0" m="48447" /><D8/><U74/><E99/><V124/><F132/><W48/><REACH who="3" step="1"/><G46/><REACH who="3" ten="248,232,276,234" step="2"/><T71/><D71/><U117/><E117/><V134/><F134/><W24/><G24/><T20/><D20/><U0/><REACH who="1" step="1"/><E22/><REACH who="1" ten="248,222,276,234" step="2"/><V118/><F118/><W30/><G30/><T122/><D122/><U68/><E68/><V14/><F124/><W108/><G108/><T102/><D44/><U107/><E107/><V100/><F45/><W36/><G36/><T33/><D33/><U61/><AGARI ba="0,2" hai="0,5,9,53,57,61,63,67,70,72,74,76,82,85" machi="61" ten="20,8000,1" yaku="1,1,0,1,7,1,52,1,53,1" doraHai="35" doraHaiUra="77" who="1" fromWho="1" sc="248,-20,222,100,276,-20,234,-40" owari="228,-17.2,322,42.2,256,5.6,194,-30.6" /></mjloggm>