<mjloggm ver="2.3"><GO type="225" lobby="0"/><UN n0="%73%69%72%6F%75%74" n1="%E3%81%AF%E3%82%88%E3%81%8A%E3%81%98%E3%81%95%E3%82%93" n2="%E6%80%AA%E3%81%97%E3%81%99%E3%81%8E%E3%82%8B%E3%83%81%E3%83%BC" n3="%E8%BE%9B%E5%8F%A3%E3%82%AB%E3%83%AC%E3%83%BC%E3%83%A9%E3%82%A4%E3%82%B9" dan="16,16,17,16" rate="2070.72,2173.21,2183.24,2164.90" sx="M,M,M,M"/><TAIKYOKU oya="0"/><INIT seed="0,0,0,4,5,92" ten="250,250,250,250" oya="0" hai0="127,78,70,80,82,12,121,44,22,11,90,63,24" hai1="87,100,103,3,15,21,0,81,56,113,36,26,49" hai2="132,109,95,59,68,40,93,111,76,120,17,28,89" hai3="86,45,99,119,50,35,73,131,48,106,124,133,98"/><T118/><D118/><U34/><E36/><V116/><F68/><W79/><G119/><T54/><D121/><U97/><E113/><V101/><F116/><W94/><G35/><T4/><D127/><U29/><E100/><V33/><F120/><W64/><G124/><T122/><D122/><U129/><E129/><V108/><F132/><W9/><G133/><T105/><D105/><U25/><E15/><V30/><F76/><W123/><G123/><T46/><D70/><U14/><E14/><V104/><F104/><W135/><G131/><T107/><D107/><U114/><E114/><V71/><F71/><W69/><G135/><T91/><D63/><U60/><E49/><V85/><F33/><W6/><G73/><T27/><D27/><U20/><E34/><V37/><F59/><W66/><G106/><T125/><D125/><U47/><E47/><N who="0" m="17961" /><D54/><U13/><E13/><V102/><F40/><N who="3" m="24615" /><G50/><T52/><D52/><U117/><E117/><V62/><F37/><W55/><G55/><T7/><D7/><U74/><E74/><V83/><F62/><W65/><G69/><T72/><D72/><U57/><E57/><V41/><F41/><W39/><G39/><T84/><D80/><U51/><E51/><V75/><F75/><W61/><G61/><T58/><D58/><U67/><E56/><V19/><F83/><N who="3" m="47487" /><G94/><T18/><AGARI ba="0,0" hai="4,11,12,18,22,24,78,82,84,90,91" m="17961" machi="18" ten="30,1500,0" yaku="8,1" doraHai="92" who="0" fromWho="0" sc="250,15,250,-5,250,-5,250,-5" /><INIT seed="0,1,0,1,5,63" ten="265,245,245,245" oya="0" hai0="76,41,31,71,121,103,135,125,130,120,28,3,61" hai1="27,53,52,82,4,87,101,33,69,112,126,18,115" hai2="113,2,89,51,10,56,49,85,133,68,34,109,72" hai3="92,124,38,78,12,5,1,9,111,7,94,88,24"/><T39/><D3/><U26/><E69/><V132/><F72/><W54/><G111/><T90/><D76/><U102/><E4/><N who="2" m="1303" /><F68/><W86/><G124/><T116/><D103/><N who="1" m="39435" /><E126/><V57/><F34/><W40/><G78/><T22/><D125/><U15/><E33/><V59/><F113/><N who="1" m="43593" /><E26/><V117/><F109/><W98/><G54/><T122/><D116/><U106/><E27/><V46/><F46/><W48/><G38/><T93/><D39/><U100/><N who="1" m="39443" /><U119/><DORA hai="13" /><E106/><V35/><F35/><W45/><G24/><T44/><D122/><U62/><E62/><V84/><F117/><W37/><G37/><T127/><D61/><U30/><E30/><V20/><F20/><W36/><G36/><T128/><D31/><U134/><E134/><N who="2" m="51819" /><F85/><W131/><G131/><N who="0" m="50219" /><D71/><U110/><E110/><V50/><F50/><W42/><G1/><T19/><D28/><U64/><E119/><V97/><F97/><W60/><G60/><T105/><D105/><U14/><E14/><V95/><AGARI ba="1,0" hai="49,51,56,57,59,84,89,95" m="51819,1303" machi="95" ten="30,1100,0" yaku="20,1" doraHai="63,13" who="2" fromWho="2" sc="265,-6,245,-4,245,14,245,-4" /><INIT seed="1,0,0,0,5,19" ten="259,241,259,241" oya="1" hai0="65,37,0,12,116,7,48,9,3,2,129,38,78" hai1="70,81,23,35,117,16,131,22,26,93,42,1,96" hai2="125,43,97,111,120,29,46,6,104,31,57,72,130" hai3="63,122,39,34,18,132,47,108,51,40,62,64,15"/><U52/><E35/><V115/><F120/><W112/><G122/><T4/><D78/><U118/><E1/><V85/><F72/><W105/><G112/><T79/><D65/><U107/><E70/><V114/><F111/><W77/><G108/><T99/><D116/><U119/><E107/><V55/><F55/><BYE who="2" /><W58/><G105/><T76/><D129/><U87/><E131/><UN n2="%E6%80%AA%E3%81%97%E3%81%99%E3%81%8E%E3%82%8B%E3%83%81%E3%83%BC" /><V80/><F130/><W102/><G132/><T128/><D128/><U44/><E52/><V68/><F125/><W24/><G102/><T74/><D99/><U82/><E87/><V21/><F68/><W33/><G77/><T89/><D89/><U45/><E23/><V53/><F21/><W134/><G134/><T30/><D76/><U36/><REACH who="1" step="1"/><E44/><REACH who="1" ten="259,231,259,241" step="2"/><V73/><F46/><W66/><G34/><T90/><D2/><U121/><E121/><V25/><F104/><W75/><G75/><T61/><D0/><U135/><E135/><V109/><F73/><W106/><G106/><T92/><D74/><U11/><E11/><V95/><F109/><W71/><G33/><T32/><D3/><U8/><E8/><V69/><F53/><W124/><G71/><T84/><D32/><U94/><E94/><V13/><F69/><W83/><G47/><T60/><D92/><U67/><E67/><V41/><F95/><W91/><G64/><T14/><D84/><U123/><E123/><V113/><F85/><W20/><G66/><T101/><D9/><U50/><E50/><V27/><F114/><W49/><G51/><T127/><D48/><U103/><AGARI ba="0,1" hai="16,22,26,36,42,45,81,82,93,96,103,117,118,119" machi="103" ten="30,11700,0" yaku="1,1,0,1,52,1,54,1,53,0" doraHai="19" doraHaiUra="28" who="1" fromWho="1" sc="259,-39,231,127,259,-39,241,-39" /><INIT seed="1,1,0,4,4,46" ten="220,358,220,202" oya="1" hai0="24,119,108,55,48,31,16,2,37,54,130,133,94" hai1="100,128,47,80,57,39,121,15,81,51,18,127,99" hai2="74,70,62,75,19,76,102,52,27,45,68,112,109" hai3="13,118,14,26,10,117,33,11,8,129,116,126,40"/><U122/><E127/><V38/><F109/><W1/><G40/><T115/><D37/><U82/><E128/><V77/><F112/><W89/><G89/><T95/><D2/><U44/><E57/><V131/><F131/><W111/><G129/><T3/><D3/><U61/><E61/><V59/><F102/><W98/><G98/><T96/><D115/><U83/><E44/><V20/><F38/><W7/><G126/><T35/><D119/><U49/><E39/><V4/><F4/><N who="3" m="1039" /><G111/><T67/><D130/><U41/><E49/><V85/><F45/><W60/><G60/><T105/><D108/><U22/><N who="1" m="20480" /><DORA hai="72" /><U63/><REACH who="1" step="1"/><E63/><REACH who="1" ten="220,348,220,202" step="2"/><V106/><F70/><W58/><G58/><T36/><D48/><U90/><E90/><V88/><F68/><W0/><G11/><T25/><D36/><U43/><E43/><V113/><F74/><W87/><G87/><T6/><D96/><U30/><E30/><AGARI ba="1,1" hai="0,7,10,13,14,26,30,33,116,117,118" m="1039" machi="30" ten="30,3900,0" yaku="12,1,34,2" doraHai="46,72" who="3" fromWho="1" sc="220,0,348,-42,220,0,202,52" /><INIT seed="2,0,0,0,3,103" ten="220,306,220,254" oya="2" hai0="40,64,30,75,70,9,22,21,2,15,50,126,58" hai1="95,61,86,7,37,112,62,92,55,78,85,94,116" hai2="47,51,49,14,18,48,93,130,97,8,123,107,124" hai3="13,113,100,121,10,36,83,41,109,32,125,12,81"/><V1/><F123/><W72/><G121/><T52/><D75/><U53/><E112/><V56/><F130/><W96/><G113/><T24/><D126/><U63/><E116/><V79/><F124/><W71/><G125/><T108/><D108/><U122/><E122/><V46/><F107/><W44/><G109/><T34/><D2/><U3/><E37/><V134/><F134/><W76/><G71/><T39/><D70/><U66/><E3/><V6/><F79/><W77/><G32/><T84/><D64/><U19/><E7/><V59/><F46/><W110/><G110/><T119/><D119/><U28/><E28/><V98/><F47/><W90/><G90/><T91/><D39/><U5/><E5/><V60/><F93/><W82/><G10/><T43/><D22/><U104/><E104/><V11/><REACH who="2" step="1"/><F59/><REACH who="2" ten="220,306,210,254" step="2"/><W101/><G82/><N who="0" m="49559" /><D34/><U27/><E78/><V105/><F105/><W106/><G101/><T0/><D0/><U16/><E92/><V74/><F74/><AGARI ba="0,1" hai="12,13,36,41,44,72,74,76,77,81,83,96,100,106" machi="74" ten="30,3900,0" yaku="7,1,9,1,52,1" doraHai="103" who="3" fromWho="2" sc="220,0,306,0,210,-39,254,49" /><INIT seed="3,0,0,3,2,58" ten="220,306,171,303" oya="3" hai0="13,135,86,93,9,118,25,53,18,51,121,31,39" hai1="14,88,61,91,1,10,63,49,30,123,126,78,44" hai2="55,36,74,105,81,28,76,131,96,67,97,124,111" hai3="69,24,29,112,122,117,6,43,101,119,22,57,106"/><W114/><G69/><T21/><D121/><U94/><E123/><V107/><F36/><W0/><G122/><T120/><D135/><U73/><E1/><V27/><F111/><W48/><G106/><T133/><D39/><U46/><E73/><V65/><F131/><W3/><G101/><T32/><D133/><U16/><E126/><V42/><F124/><W125/><G125/><T40/><D118/><N who="3" m="45065" /><G57/><T89/><D120/><U8/><E30/><V12/><F42/><W129/><G48/><T102/><D102/><U109/><E109/><V128/><F128/><W64/><G64/><T15/><D40/><N who="1" m="24711" /><E78/><V115/><F115/><N who="3" m="44075" /><G43/><T19/><D51/><U83/><E46/><V90/><F55/><W52/><G52/><T66/><D66/><U92/><E8/><V20/><F12/><W4/><G129/><T41/><D53/><U82/><E92/><V7/><F7/><AGARI ba="0,0" hai="0,3,4,6,7,22,24,29" m="44075,45065" machi="7" ten="30,2900,0" yaku="34,2" doraHai="58" who="3" fromWho="2" sc="220,0,306,0,171,-29,303,29" owari="220,-18.0,306,10.6,142,-35.8,332,43.2" /></mjloggm>