<mjloggm ver="2.3"><GO type="225" lobby="0"/><UN n0="%E8%83%83%E3%81%A8%E8%85%B8" n1="%E3%81%8B%E3%82%8F%E3%81%A1%E3%82%83%E3%82%93%35%38" n2="%E8%B6%85%E7%B4%9A%E9%B3%B3%E5%87%B0" n3="%E9%A2%A8%E3%81%A7%E9%B3%B4%E3%81%8F" dan="17,16,16,16" rate="2243.52,2125.58,2145.28,2159.84" sx="M,M,M,M"/><TAIKYOKU oya="0"/><INIT seed="0,0,0,4,3,72" ten="250,250,250,250" oya="0" hai0="35,5,78,24,96,26,63,57,60,121,36,9,8" hai1="108,126,84,106,42,43,37,46,87,77,16,49,28" hai2="135,94,13,107,100,76,71,105,99,113,88,131,97" hai3="92,44,7,91,101,79,32,125,75,58,39,51,15"/><T25/><D121/><U134/><E106/><V12/><F113/><W103/><G32/><T11/><D36/><U14/><E37/><V40/><F71/><W54/><G125/><T29/><D96/><U62/><E126/><V10/><F131/><W95/><G95/><T27/><D78/><U133/><E108/><V55/><F135/><N who="1" m="51721" /><E28/><V104/><F40/><W89/><G89/><T17/><D63/><U56/><E43/><V83/><F55/><W111/><G111/><T30/><D60/><U112/><E77/><V31/><F31/><W66/><G39/><T74/><D74/><U0/><E0/><V3/><F3/><W59/><G75/><T115/><D57/><N who="3" m="21513" /><G79/><T38/><D38/><U23/><E112/><V22/><F22/><W82/><G82/><T85/><D85/><U117/><E117/><V52/><F52/><AGARI ba="0,0" hai="14,16,23,42,46,49,52,56,62,84,87" m="51721" machi="52" ten="30,3900,0" yaku="20,1,54,2" doraHai="72" who="1" fromWho="2" sc="250,0,250,39,250,-39,250,0" /><INIT seed="1,0,0,4,5,54" ten="250,289,211,250" oya="1" hai0="93,132,0,118,70,87,25,85,13,52,44,15,74" hai1="58,1,51,27,12,133,117,61,48,94,123,78,115" hai2="125,97,24,80,69,79,34,35,127,16,126,120,68" hai3="101,73,38,36,64,2,131,130,91,10,40,135,19"/><U83/><E1/><V89/><F120/><W84/><G73/><T20/><D0/><U128/><E115/><V105/><F68/><W96/><G64/><T21/><D74/><U23/><E117/><V9/><F69/><W18/><G40/><T47/><D70/><U26/><E123/><V29/><F34/><W42/><G42/><T46/><D118/><U37/><E37/><V81/><F79/><W111/><G111/><T103/><D132/><U5/><E128/><N who="3" m="49194" /><G19/><T50/><D103/><U124/><E124/><V28/><F28/><W75/><G75/><T39/><D39/><U92/><E12/><N who="0" m="4681" /><D21/><U76/><E5/><V7/><F16/><W43/><G18/><N who="0" m="12439" /><D93/><U63/><E133/><V107/><F97/><W77/><G43/><T99/><D99/><U121/><E121/><V71/><F71/><W122/><G122/><T22/><D22/><U11/><E23/><V49/><F49/><W17/><G17/><T90/><D90/><U62/><E62/><V30/><F30/><W112/><G112/><T113/><D113/><U82/><E11/><V59/><F59/><AGARI ba="0,0" hai="44,46,47,50,52,59,85,87" m="12439,4681" machi="59" ten="30,3900,0" yaku="8,1,52,1,54,1" doraHai="54" who="0" fromWho="2" sc="250,39,289,0,211,-39,250,0" /><AGARI ba="0,0" hai="26,27,48,51,58,59,61,63,76,78,82,83,92,94" machi="59" ten="25,12000,1" yaku="22,2,8,1,52,2" doraHai="54" who="1" fromWho="2" sc="289,0,289,120,172,-120,250,0" /><INIT seed="1,1,0,0,2,37" ten="289,409,52,250" oya="1" hai0="14,33,119,80,44,40,24,89,93,27,76,101,26" hai1="99,74,58,104,94,16,34,113,112,61,135,12,46" hai2="64,86,122,52,50,110,107,23,70,48,98,62,128" hai3="66,53,92,106,5,56,67,19,3,108,30,130,4"/><U47/><E104/><V69/><F122/><W10/><G106/><T72/><D101/><U42/><E34/><V0/><F0/><W39/><G108/><T6/><D119/><U82/><E74/><V11/><F110/><W20/><G130/><T25/><D33/><U55/><E82/><V90/><F128/><W116/><G5/><T91/><N who="0" m="6144" /><DORA hai="21" /><T114/><D114/><U22/><E135/><V134/><F134/><W132/><G30/><T127/><D127/><U29/><E29/><V117/><F117/><W38/><G132/><T8/><REACH who="0" step="1"/><D93/><REACH who="0" ten="279,409,52,250" step="2"/><U36/><E46/><V118/><F107/><W121/><G92/><T78/><D78/><U45/><E47/><V109/><F118/><W133/><G116/><T111/><D111/><U31/><E31/><V15/><F109/><W43/><G133/><T73/><D73/><U115/><E113/><V57/><F23/><W54/><G20/><T7/><D7/><U81/><E81/><V17/><F98/><W120/><G4/><T51/><AGARI ba="1,1" hai="6,8,14,40,44,51,72,76,80,89,91" m="6144" machi="51" ten="40,12000,2" yaku="1,1,0,1,52,5,53,0" doraHai="37,21" doraHaiUra="60,71" who="0" fromWho="0" sc="279,133,409,-61,52,-31,250,-31" /><INIT seed="2,0,0,1,3,4" ten="412,348,21,219" oya="2" hai0="20,64,32,65,34,83,114,127,97,47,115,99,104" hai1="82,96,70,131,92,133,5,135,118,101,50,53,39" hai2="102,68,52,3,27,125,121,7,15,71,29,10,79" hai3="33,21,100,24,28,18,74,91,103,85,93,80,35"/><V55/><F121/><W119/><G119/><T25/><D83/><U41/><E118/><V89/><F125/><W49/><G35/><T112/><D47/><U44/><E131/><V13/><F79/><W94/><G94/><T129/><D129/><U56/><E82/><V40/><F40/><W12/><G74/><T36/><D36/><U124/><E124/><V46/><F102/><W116/><G116/><T66/><D127/><U117/><E117/><V128/><F128/><W8/><G80/><T6/><D6/><U111/><E111/><V73/><F73/><W2/><G49/><T130/><D130/><U19/><E19/><V45/><F89/><W42/><G42/><T107/><D20/><U67/><REACH who="1" step="1"/><E5/><AGARI ba="0,0" hai="2,5,8,12,18,21,24,28,33,85,91,93,100,103" machi="5" ten="40,5200,0" yaku="24,2,52,1" doraHai="4" who="3" fromWho="1" sc="412,0,348,-52,21,0,219,52" /><INIT seed="3,0,0,3,5,33" ten="412,296,21,271" oya="3" hai0="115,99,87,56,81,77,46,89,60,41,23,112,108" hai1="119,75,43,32,88,14,35,61,4,76,107,129,102" hai2="65,82,118,50,49,73,100,83,44,24,98,95,21" hai3="97,55,57,91,9,70,84,96,53,0,17,36,123"/><W42/><G123/><T71/><D71/><U48/><E107/><V10/><F118/><W52/><G70/><T27/><D108/><U125/><E102/><V40/><F73/><W16/><G36/><T11/><D11/><U104/><E104/><V37/><F10/><W133/><G133/><T93/><D46/><U78/><E14/><V110/><F110/><W106/><G42/><T25/><D41/><U22/><E4/><V64/><F37/><W47/><G106/><T18/><D25/><U7/><E7/><V5/><F5/><W2/><G47/><T15/><D15/><U135/><E22/><V51/><F51/><W30/><G30/><T72/><REACH who="0" step="1"/><D72/><REACH who="0" ten="402,296,21,271" step="2"/><U63/><E75/><V120/><F120/><W6/><G57/><T69/><D69/><U58/><E58/><V127/><F127/><W122/><G122/><T31/><D31/><U94/><E125/><V131/><F131/><W116/><G116/><T126/><D126/><U13/><E129/><V117/><F117/><W105/><G2/><T111/><D111/><U1/><E1/><V8/><F8/><W68/><G68/><T103/><D103/><U12/><E119/><V28/><F49/><W20/><G105/><T121/><D121/><U66/><E48/><V79/><F79/><N who="1" m="30249" /><E43/><V80/><AGARI ba="0,1" hai="21,24,28,40,44,50,64,65,80,82,83,95,98,100" machi="80" ten="30,2000,0" yaku="0,1,8,1" doraHai="33" who="2" fromWho="2" sc="402,-5,296,-5,21,30,271,-10" owari="397,49.7,291,9.1,51,-44.9,261,-13.9" /></mjloggm>