<mjloggm ver="2.3"><GO type="225" lobby="0"/><UN n0="%74%61%6B%75%61%6B%61" n1="%E8%81%B7%E6%A5%AD%E3%80%81%E9%A2%A8%32" n2="%E6%80%AA%E3%81%97%E3%81%99%E3%81%8E%E3%82%8B%E3%83%81%E3%83%BC" n3="%E3%83%B4%E3%83%A0%EF%BC%99%E3%81%A6" dan="16,16,17,17" rate="2161.20,2117.95,2183.06,2183.77" sx="M,M,M,M"/><TAIKYOKU oya="0"/><INIT seed="0,0,0,3,3,11" ten="250,250,250,250" oya="0" hai0="111,7,103,32,22,66,106,30,18,105,21,85,94" hai1="19,27,101,40,69,78,84,34,88,6,33,65,47" hai2="54,44,17,98,100,93,43,134,57,118,116,56,51" hai3="80,29,113,20,48,135,76,2,9,71,38,13,115"/><T131/><D131/><U132/><E132/><V61/><F134/><W68/><G135/><T90/><D32/><U126/><E126/><V120/><F120/><W75/><G38/><T89/><D111/><U3/><E78/><V8/><REACH who="2" step="1"/><F56/><REACH who="2" ten="250,250,240,250" step="2"/><W36/><G113/><T14/><D106/><U52/><E69/><V42/><F42/><W72/><G115/><T109/><D109/><U24/><E40/><V119/><F119/><W37/><G68/><T0/><D105/><U5/><E47/><V133/><F133/><W53/><G71/><T60/><D103/><U127/><E101/><V26/><F26/><W49/><G72/><T67/><D60/><U112/><E24/><V31/><F31/><W63/><G63/><T91/><D30/><U62/><E27/><V70/><F70/><W128/><G128/><T92/><D22/><U12/><E112/><V123/><F123/><W114/><G114/><T124/><D124/><U86/><E127/><V46/><F46/><W73/><G73/><T39/><D39/><U95/><E62/><V81/><F81/><W130/><G130/><T125/><D125/><U117/><E117/><V77/><F77/><W82/><G82/><T74/><D74/><U107/><E107/><V96/><F96/><W108/><G108/><T50/><D50/><U45/><E45/><V79/><F79/><W129/><G129/><T4/><D90/><U64/><E88/><V122/><F122/><W87/><G75/><T58/><D58/><U104/><E104/><V110/><F110/><W15/><G36/><T99/><D0/><U16/><E3/><RYUUKYOKU ba="0,1" sc="250,15,250,-15,240,15,250,-15" hai0="4,7,14,18,21,66,67,85,89,91,92,94,99" hai2="8,17,43,44,51,54,57,61,93,98,100,116,118" /><INIT seed="0,1,1,4,2,66" ten="265,235,255,235" oya="0" hai0="52,34,100,5,8,130,50,122,116,29,117,62,102" hai1="113,35,36,77,13,86,79,108,3,104,127,69,0" hai2="59,61,22,67,112,131,17,107,92,118,2,57,95" hai3="80,23,48,60,124,126,39,87,10,65,76,4,105"/><T33/><D122/><U73/><RYUUKYOKU type="yao9" ba="1,1" sc="265,0,235,0,255,0,235,0" hai1="0,3,13,35,36,69,73,77,79,86,104,108,113,127" /><INIT seed="0,2,1,5,0,134" ten="265,235,255,235" oya="0" hai0="124,52,54,105,41,33,42,35,69,102,38,26,118" hai1="71,132,15,99,80,115,50,114,17,84,95,32,40" hai2="66,5,72,63,131,29,48,53,7,23,74,55,11" hai3="67,13,18,19,86,123,43,122,127,34,51,73,103"/><T119/><D102/><U98/><E32/><N who="0" m="12361" /><D26/><U2/><E2/><V133/><F131/><W25/><G73/><T14/><D14/><U100/><E132/><V36/><F133/><W120/><G67/><T10/><D10/><U8/><E71/><V68/><F36/><W135/><G135/><T47/><D69/><U16/><E99/><V108/><F108/><W37/><G37/><T88/><D88/><N who="1" m="51207" /><E40/><N who="0" m="15465" /><D47/><U82/><E82/><V90/><F90/><W97/><G103/><T83/><D83/><U93/><E93/><V128/><F128/><W111/><G25/><T79/><D79/><U62/><E62/><V106/><F72/><W75/><G75/><T57/><D57/><U0/><E0/><V27/><F74/><W78/><G78/><T110/><D105/><U91/><E50/><V21/><F106/><W129/><G51/><T61/><D61/><U104/><E104/><V77/><F48/><W60/><G60/><T28/><D28/><U20/><E100/><V49/><F77/><W59/><G59/><T121/><D121/><U126/><E8/><V45/><F11/><W12/><G120/><T89/><D89/><U44/><E44/><V117/><F45/><W96/><G122/><T125/><D38/><U22/><E20/><V56/><F23/><W107/><G34/><T64/><D64/><U116/><E22/><V94/><F21/><W9/><G107/><T81/><D81/><U1/><E1/><V39/><F39/><W130/><G9/><T58/><D110/><U76/><E76/><V65/><F68/><W92/><G111/><T70/><D70/><RYUUKYOKU ba="2,1" sc="265,0,235,0,255,0,235,0" /><INIT seed="1,3,1,5,3,29" ten="265,235,255,235" oya="1" hai0="45,8,52,1,106,85,3,59,37,56,135,20,55" hai1="91,14,104,76,82,33,105,120,24,134,88,67,28" hai2="81,121,25,27,97,101,129,117,38,15,92,22,19" hai3="50,61,17,7,31,110,79,111,26,126,44,66,2"/><U10/><E120/><V127/><F121/><W4/><G126/><T43/><D106/><U46/><E134/><V125/><F117/><W78/><G17/><T95/><D135/><U124/><E124/><N who="2" m="47691" /><F129/><W70/><G78/><T80/><D95/><U119/><E119/><V114/><F114/><W23/><G79/><T65/><D65/><U63/><E46/><V39/><F81/><W71/><G71/><T109/><D109/><N who="3" m="41481" /><G2/><T84/><D20/><U133/><E133/><V47/><F47/><W9/><G9/><T98/><D98/><U102/><E102/><V123/><F123/><W68/><G68/><T115/><D115/><U93/><E91/><V53/><F53/><AGARI ba="3,1" hai="4,7,23,26,31,44,50,53,61,66,70" m="41481" machi="53" ten="30,1000,0" yaku="14,1" doraHai="29" who="3" fromWho="2" sc="265,0,235,0,255,-19,235,29" /><INIT seed="2,0,0,4,2,42" ten="265,235,236,264" oya="2" hai0="38,28,10,67,35,112,100,48,34,60,103,94,1" hai1="72,8,106,90,117,110,9,134,26,40,73,54,92" hai2="93,19,111,108,45,22,80,71,128,98,25,102,39" hai3="29,32,59,70,124,66,115,64,132,99,43,123,107"/><V3/><F128/><W125/><G123/><T37/><D112/><U127/><E106/><V109/><F71/><W101/><G115/><T61/><D48/><U135/><E117/><V129/><F129/><W20/><G132/><N who="1" m="50730" /><E110/><V7/><F80/><W13/><G70/><T104/><D94/><U85/><E127/><N who="3" m="48714" /><G43/><T63/><D67/><U88/><E40/><N who="2" m="22687" /><F7/><W118/><G118/><T24/><D35/><U21/><E54/><V50/><F50/><W74/><G74/><N who="1" m="28778" /><E90/><V131/><F131/><W31/><G32/><T79/><D104/><U76/><E76/><V96/><F96/><W114/><G114/><T116/><D79/><U65/><E65/><V68/><F68/><W87/><G66/><T119/><D116/><U77/><E77/><V47/><F47/><W53/><G64/><T52/><D119/><U84/><E84/><V95/><F3/><W58/><G87/><T83/><D52/><U89/><E89/><V49/><F49/><N who="3" m="31023" /><G59/><T130/><D130/><U15/><E15/><V86/><F86/><W14/><G14/><T69/><D69/><U30/><AGARI ba="0,0" hai="8,9,21,26,30,85,88,92" m="28778,50730" machi="30" ten="30,2000,0" yaku="20,1,54,1" doraHai="42" who="1" fromWho="1" sc="265,-5,235,20,236,-10,264,-5" /><INIT seed="3,0,0,1,0,73" ten="260,255,226,259" oya="3" hai0="105,54,39,55,49,16,42,18,22,89,119,45,33" hai1="83,127,78,5,75,79,26,100,92,108,111,114,52" hai2="1,12,15,9,82,70,17,76,101,64,66,20,124" hai3="25,85,2,4,121,6,8,116,86,71,123,36,40"/><W133/><G116/><T112/><D33/><U130/><E114/><V80/><F124/><W60/><G133/><T102/><D119/><U132/><E130/><V135/><F135/><W38/><G25/><T97/><D112/><U43/><E127/><V32/><F32/><W69/><G60/><T10/><D89/><U99/><E132/><V44/><F1/><W77/><G2/><T11/><D18/><U47/><E5/><N who="2" m="3119" /><F70/><W31/><G8/><T131/><D131/><U3/><E3/><V50/><F101/><W0/><G0/><T90/><D90/><U14/><E14/><V62/><F62/><W30/><G40/><T98/><D98/><U129/><E129/><V72/><F72/><W68/><G68/><T113/><D54/><U56/><E26/><V67/><F76/><AGARI ba="0,0" hai="4,6,30,31,36,38,69,71,76,77,85,86,121,123" machi="76" ten="25,9600,0" yaku="22,2,52,2" doraHai="73" who="3" fromWho="2" sc="260,0,255,0,226,-96,259,96" owari="260,6.0,255,-14.5,130,-37.0,355,45.5" /></mjloggm>