<mjloggm ver="2.3"><GO type="225" lobby="0"/><UN n0="%72%65%6E%6B%75%6E" n1="%E3%81%BE%E3%81%A8%E3%81%9F" n2="%E5%8F%AF%E5%85%90%E9%82%A3%E7%94%B1%E5%A4%9A" n3="%E3%82%BF%E3%83%BC%E3%83%90%E3%83%B3%E9%87%8E%E5%8F%A3" dan="17,16,16,16" rate="2207.46,2110.62,2098.83,2107.52" sx="M,M,F,M"/><TAIKYOKU oya="0"/><INIT seed="0,0,0,4,4,36" ten="250,250,250,250" oya="0" hai0="131,85,25,22,109,0,86,102,40,32,59,42,4" hai1="75,116,110,14,95,83,132,35,121,69,124,99,11" hai2="63,67,113,47,100,43,3,111,96,79,108,93,33" hai3="46,56,30,73,88,48,27,115,7,107,17,51,5"/><T128/><D32/><U80/><E116/><V49/><F113/><W105/><G115/><T23/><D102/><U92/><E121/><V122/><F122/><W26/><G73/><T77/><D109/><U90/><E69/><V134/><F134/><W114/><G114/><T120/><D120/><U129/><E35/><V65/><F33/><W117/><G117/><T104/><D104/><U9/><E110/><N who="2" m="42027" /><F3/><W62/><G17/><T78/><D59/><U19/><E124/><V12/><F79/><W123/><G123/><T6/><D25/><N who="3" m="9225" /><G30/><T127/><REACH who="0" step="1"/><D0/><REACH who="0" ten="240,250,250,250" step="2"/><U82/><E132/><V38/><F12/><W125/><G107/><T70/><D70/><U87/><E129/><V18/><F18/><W52/><G105/><T97/><D97/><U44/><E75/><V71/><F65/><W130/><G130/><T16/><D16/><U10/><REACH who="1" step="1"/><E44/><REACH who="1" ten="240,240,250,250" step="2"/><V55/><F71/><W57/><G125/><AGARI ba="0,2" hai="4,6,22,23,40,42,77,78,85,86,125,127,128,131" machi="125" ten="25,12000,1" yaku="1,1,22,2,52,2,53,0" doraHai="36" doraHaiUra="24" who="0" fromWho="3" sc="240,140,240,0,250,0,250,-120" /><INIT seed="0,1,0,4,2,85" ten="380,240,250,130" oya="0" hai0="76,133,25,116,78,30,121,9,75,113,15,63,27" hai1="119,11,98,93,77,12,41,86,110,79,125,127,107" hai2="31,1,18,132,74,97,70,23,3,128,100,84,99" hai3="82,123,67,94,2,20,44,131,16,32,22,28,24"/><T64/><D113/><U37/><E119/><V108/><F74/><W21/><G67/><T118/><D121/><U17/><E41/><V43/><F70/><W126/><G123/><T69/><D133/><U50/><E37/><V57/><F132/><W4/><G44/><T105/><D105/><U81/><E110/><V14/><F108/><W129/><G82/><T34/><D27/><U72/><E107/><V19/><F128/><W115/><G94/><T117/><REACH who="0" step="1"/><D75/><REACH who="0" ten="370,240,250,130" step="2"/><U120/><E72/><V65/><F31/><W122/><G115/><T114/><D114/><U96/><E120/><V46/><F1/><W51/><G122/><T104/><D104/><U8/><E125/><V95/><F3/><W61/><G126/><T130/><D130/><N who="3" m="49673" /><G61/><T109/><D109/><U92/><E127/><V49/><F14/><N who="3" m="9239" /><G51/><T54/><D54/><U52/><E52/><V62/><F49/><W58/><G58/><T60/><D60/><U102/><E50/><V7/><F57/><W112/><G112/><T10/><D10/><AGARI ba="1,1" hai="2,4,10,21,22,24,28,32" m="9239,49673" machi="10" ten="30,8000,1" yaku="24,1,19,1,34,2,54,1" doraHai="85" who="3" fromWho="0" sc="370,-83,240,0,250,0,130,93" /><INIT seed="1,0,0,2,0,27" ten="287,240,250,223" oya="1" hai0="99,19,22,45,40,31,113,77,121,23,68,134,66" hai1="16,4,116,69,35,80,1,39,75,41,11,65,55" hai2="47,105,24,58,130,9,29,60,61,126,51,78,43" hai3="73,83,57,38,20,52,89,46,117,81,114,63,92"/><U72/><E116/><V124/><F105/><W112/><G117/><T132/><D113/><U91/><E35/><V107/><F107/><W0/><G0/><T82/><D121/><U127/><E127/><N who="2" m="48683" /><F130/><W118/><G118/><T84/><D99/><U109/><E109/><V25/><F78/><W70/><G70/><T96/><D96/><U49/><E41/><V10/><F24/><W59/><G59/><T104/><D104/><U100/><E39/><V79/><F79/><W123/><G123/><T76/><D76/><U64/><E100/><V14/><F14/><W5/><G5/><T18/><D66/><U115/><E115/><V44/><F44/><W21/><G73/><T6/><D68/><U36/><E36/><V95/><F95/><W32/><G32/><T30/><D6/><U103/><E103/><V131/><F131/><W110/><G110/><T128/><D128/><U8/><E69/><V37/><F37/><W62/><G114/><T125/><D125/><U56/><E72/><V42/><F42/><W7/><G7/><T3/><D3/><U88/><E75/><V34/><F61/><N who="3" m="36007" /><G46/><T106/><D106/><U93/><E80/><N who="3" m="30794" /><G38/><T94/><D94/><U98/><REACH who="1" step="1"/><E91/><REACH who="1" ten="287,230,250,223" step="2"/><V26/><F34/><W133/><G112/><T102/><D102/><U90/><E90/><V12/><F43/><W108/><G108/><T87/><D82/><U33/><E33/><V48/><F60/><N who="3" m="23083" /><G133/><T15/><D77/><U2/><E2/><V28/><F48/><W54/><G54/><T122/><D122/><U13/><AGARI ba="0,1" hai="1,4,8,11,13,16,49,55,56,64,65,88,93,98" machi="13" ten="30,11700,0" yaku="1,1,0,1,54,2,53,0" doraHai="27" doraHaiUra="129" who="1" fromWho="1" sc="287,-39,230,127,250,-39,223,-39" /><INIT seed="1,1,0,0,0,88" ten="248,357,211,184" oya="1" hai0="32,11,60,110,56,82,96,35,85,19,106,16,79" hai1="135,134,46,45,116,75,67,113,114,86,130,101,68" hai2="76,129,34,14,18,26,52,69,73,44,125,105,126" hai3="0,59,21,48,23,24,41,124,77,83,63,10,3"/><U91/><E75/><V51/><F105/><W109/><G109/><T103/><D110/><U120/><E116/><V132/><F69/><W95/><G124/><N who="2" m="47721" /><F132/><N who="1" m="50729" /><E101/><V112/><F129/><W122/><G122/><T55/><REACH who="0" step="1"/><D11/><REACH who="0" ten="238,357,211,184" step="2"/><U57/><E130/><V40/><F112/><W104/><G10/><T117/><D117/><U128/><E128/><V90/><F73/><W78/><G0/><T33/><AGARI ba="1,1" hai="16,19,32,33,35,55,56,60,79,82,85,96,103,106" machi="33" ten="30,4000,0" yaku="1,1,0,1,54,1,53,0" doraHai="88" doraHaiUra="7" who="0" fromWho="0" sc="238,53,357,-21,211,-11,184,-11" /><INIT seed="2,0,0,1,0,42" ten="291,336,200,173" oya="2" hai0="126,105,5,11,18,63,54,70,66,24,117,89,88" hai1="99,60,74,62,124,4,77,131,98,21,56,1,73" hai2="85,59,8,129,65,133,13,114,91,36,104,26,106" hai3="43,128,108,71,32,79,68,47,95,50,45,103,34"/><V16/><F114/><W52/><G79/><T51/><D126/><U101/><E124/><V84/><F36/><W14/><G108/><T100/><D117/><U41/><E99/><V19/><F129/><W20/><G128/><T120/><D120/><U25/><E41/><V27/><F133/><W112/><G112/><T58/><D100/><U57/><E4/><V31/><F19/><W118/><G118/><T9/><D105/><U132/><E1/><V40/><F40/><W67/><G14/><T28/><D18/><U39/><E39/><V22/><F27/><W90/><G20/><T86/><D5/><U111/><E77/><V2/><F85/><W96/><G103/><T0/><D0/><U135/><E111/><V83/><REACH who="2" step="1"/><F2/><REACH who="2" ten="291,336,190,173" step="2"/><W92/><G92/><T134/><D134/><U93/><E132/><V7/><F7/><W78/><G78/><T116/><D116/><U97/><E135/><V94/><F94/><W44/><G43/><T76/><D76/><U115/><E131/><V53/><F53/><W113/><G113/><T64/><D64/><U82/><E115/><V23/><F23/><W87/><G67/><T125/><D125/><U119/><E21/><V123/><F123/><W55/><G87/><T130/><D130/><U110/><E25/><V12/><F12/><W33/><REACH who="3" step="1"/><G55/><REACH who="3" ten="291,336,190,163" step="2"/><T38/><D86/><U80/><E110/><V75/><F75/><W72/><G72/><T109/><D109/><U81/><E119/><V107/><F107/><W61/><G61/><AGARI ba="0,2" hai="8,13,16,22,26,31,59,61,65,83,84,91,104,106" machi="61" ten="40,3900,0" yaku="1,1,54,1,53,0" doraHai="42" doraHaiUra="29" who="2" fromWho="3" sc="291,0,336,0,190,59,163,-39" /><INIT seed="2,1,0,4,5,57" ten="291,336,249,124" oya="2" hai0="130,77,51,127,56,120,35,66,38,111,70,101,30" hai1="97,59,0,42,87,132,118,25,32,110,46,14,45" hai2="7,3,102,20,29,26,15,6,76,28,44,47,10" hai3="122,41,13,95,135,116,124,33,86,22,85,36,24"/><V18/><F76/><W121/><G116/><T69/><D101/><U126/><E0/><V43/><F102/><W71/><G71/><N who="0" m="27147" /><D30/><N who="2" m="11882" /><F47/><W125/><G41/><T40/><D35/><U31/><E118/><V49/><F3/><W119/><G36/><T58/><D77/><U131/><E42/><V112/><F112/><W91/><G119/><T61/><D120/><U2/><E2/><V65/><F65/><W8/><G33/><T107/><D107/><U109/><E132/><V96/><F96/><W78/><G135/><T74/><D74/><U117/><E117/><V17/><AGARI ba="1,0" hai="6,7,10,15,17,18,20,26,43,44,49" m="11882" machi="17" ten="30,1500,0" yaku="8,1" doraHai="57" who="2" fromWho="2" sc="291,-6,336,-6,249,18,124,-6" /><INIT seed="2,2,0,3,0,55" ten="285,330,267,118" oya="2" hai0="70,2,19,15,92,7,4,107,0,121,133,127,120" hai1="105,12,46,128,24,33,135,42,56,26,44,71,106" hai2="22,125,31,35,123,48,126,10,134,66,57,1,69" hai3="119,52,87,82,41,91,88,99,63,20,112,28,81"/><V62/><F123/><N who="0" m="47178" /><D70/><U49/><E71/><V58/><F35/><W32/><G119/><T110/><D107/><U115/><E115/><V18/><F31/><W47/><G112/><T109/><D127/><N who="2" m="48650" /><F134/><W61/><G32/><T100/><D92/><U96/><E106/><V29/><F29/><W95/><G81/><T74/><D100/><U16/><E33/><V101/><F101/><W108/><G108/><N who="0" m="41579" /><D74/><U116/><E116/><V104/><F104/><W118/><G118/><T130/><D133/><U93/><E105/><V73/><F73/><W103/><G103/><T76/><D76/><U43/><E135/><V38/><F38/><W84/><G84/><T3/><D130/><U51/><E56/><N who="2" m="21611" /><F48/><N who="3" m="28703" /><G41/><T131/><D131/><U68/><E128/><V36/><F36/><W122/><G122/><T78/><D78/><U8/><E68/><V86/><F86/><W21/><G28/><T129/><D129/><U17/><E51/><V72/><F72/><W102/><G102/><T114/><D114/><U14/><E49/><V98/><F98/><W67/><G67/><T85/><D85/><U25/><E96/><V50/><F50/><W124/><G124/><T13/><D19/><U5/><E42/><V53/><F53/><W89/><G89/><T64/><D64/><U39/><E43/><V90/><F90/><W45/><G45/><T59/><D59/><U83/><E39/><V9/><F1/><N who="0" m="258" /><T11/><DORA hai="117" /><D11/><U75/><E8/><V60/><F60/><AGARI ba="2,0" hai="20,21,60,61,63,82,87,88,91,95,99" m="28703" machi="60" ten="30,3900,0" yaku="8,1,54,2" doraHai="55,117" who="3" fromWho="2" sc="285,0,330,0,267,-45,118,45" /><INIT seed="3,0,0,0,5,85" ten="285,330,222,163" oya="3" hai0="118,27,15,82,0,75,132,74,5,51,107,67,135" hai1="72,29,130,104,4,64,101,102,26,120,53,45,112" hai2="96,2,24,55,12,103,111,99,94,128,98,63,69" hai3="117,115,116,133,7,134,39,62,48,58,81,123,18"/><W109/><G7/><T30/><D107/><U91/><E72/><V32/><F2/><W125/><G81/><T113/><D118/><N who="3" m="45673" /><G18/><T6/><D113/><U19/><E104/><V121/><F12/><W11/><G11/><N who="0" m="2471" /><D67/><U41/><E64/><V77/><F77/><W61/><G123/><T65/><D65/><U3/><E130/><V16/><F128/><W54/><G115/><T21/><D51/><U92/><E112/><V17/><F16/><W40/><G125/><T8/><D82/><U43/><E19/><V38/><F17/><W83/><G83/><T100/><D100/><U80/><E80/><V93/><F24/><W42/><G109/><T70/><D70/><U129/><E26/><V105/><F111/><W44/><G40/><T79/><D79/><U57/><E41/><V71/><F121/><W28/><G28/><T13/><D13/><U126/><E29/><V36/><F105/><W127/><G127/><T97/><D97/><U37/><E126/><V66/><F103/><W124/><G124/><T73/><D73/><U60/><E120/><V90/><F71/><W78/><G78/><T1/><D1/><U59/><E3/><V33/><F69/><W56/><G62/><T84/><D84/><U22/><E129/><V88/><F63/><W50/><G39/><T35/><D35/><U119/><E119/><V95/><F38/><W23/><G23/><T106/><D106/><U34/><E22/><V9/><F36/><W52/><AGARI ba="0,0" hai="42,44,48,50,52,54,56,58,61,133,134" m="45673" machi="52" ten="30,6000,0" yaku="34,2,54,1" doraHai="85" who="3" fromWho="3" sc="285,-20,330,-20,222,-20,163,60" /><INIT seed="3,1,0,2,2,123" ten="265,310,202,223" oya="3" hai0="83,131,88,82,85,130,38,51,18,29,8,27,44" hai1="13,30,52,105,65,53,103,20,67,90,113,61,106" hai2="62,9,80,5,60,42,7,69,101,12,134,95,121" hai3="19,127,70,40,0,16,78,48,1,49,135,24,102"/><W94/><G70/><T76/><D38/><U122/><E103/><V77/><F121/><W114/><G78/><T26/><D8/><U4/><E90/><V45/><F134/><W108/><G114/><T110/><D18/><U55/><E113/><V92/><F5/><W116/><G116/><T64/><D64/><U28/><E67/><V129/><F129/><N who="0" m="49162" /><D29/><U23/><E23/><V73/><F69/><W107/><G102/><T109/><D27/><U22/><E22/><V3/><F12/><W75/><G94/><N who="0" m="54543" /><D26/><U125/><E4/><V87/><F95/><W50/><G75/><N who="0" m="43295" /><D83/><U120/><E28/><V33/><F33/><W56/><G24/><T6/><D6/><U21/><E21/><V2/><F2/><W63/><G0/><T39/><D39/><U37/><E20/><V54/><F54/><AGARI ba="1,0" hai="44,51,54,109,110" m="43295,54543,49162" machi="54" ten="30,7700,0" yaku="19,1,52,2,54,1" doraHai="123" who="0" fromWho="2" sc="265,80,310,0,202,-80,223,0" owari="345,44.5,310,11.0,122,-37.8,223,-17.7" /></mjloggm>