<mjloggm ver="2.3"><GO type="225" lobby="0"/><UN n0="%33%74%72%65%65" n1="%E3%83%8F%E3%83%B3%E3%83%89%E3%83%A9%E3%83%BC%E3%83%BB%E3%83%AF%E3%83%B3" n2="%E3%81%B5%E3%81%98%E3%81%8B%E3%81%A4" n3="%E3%82%A2%E3%83%BC%E3%83%A2%E3%83%AD%E3%83%BC%E3%83%B4%E3%82%A1" dan="16,17,16,16" rate="2136.16,2184.45,2159.02,2102.58" sx="F,M,M,M"/><TAIKYOKU oya="0"/><INIT seed="0,0,0,2,3,56" ten="250,250,250,250" oya="0" hai0="125,64,66,46,68,130,112,63,58,54,44,18,75" hai1="96,61,19,8,134,76,131,45,12,126,55,101,40" hai2="5,124,52,48,26,31,93,97,21,77,84,59,111" hai3="133,118,123,6,106,113,51,95,121,108,42,105,81"/><T14/><D112/><U129/><E126/><V98/><F111/><W13/><G113/><T119/><D119/><U99/><E76/><V104/><F124/><W117/><G108/><T102/><D125/><U127/><E127/><V20/><F104/><N who="3" m="40043" /><G95/><T27/><D130/><N who="1" m="49675" /><E134/><V80/><F5/><W74/><G51/><T88/><D75/><U72/><E72/><V1/><F1/><W30/><G42/><T87/><D102/><U53/><E101/><V57/><F93/><W103/><G30/><T135/><D135/><U116/><E116/><N who="3" m="44650" /><G13/><T114/><D114/><U65/><E99/><V16/><F59/><W89/><G6/><T82/><D27/><AGARI ba="0,0" hai="16,20,21,26,27,31,48,52,57,77,80,84,97,98" machi="27" ten="30,7700,0" yaku="7,1,8,1,54,2" doraHai="56" who="2" fromWho="0" sc="250,-77,250,0,250,77,250,0" /><INIT seed="1,0,0,5,0,80" ten="173,250,327,250" oya="1" hai0="74,94,31,22,4,78,120,125,30,43,18,114,124" hai1="38,54,1,76,128,65,122,50,11,9,123,104,99" hai2="64,8,21,6,13,66,57,92,16,117,40,26,77" hai3="25,100,83,132,90,20,42,47,135,81,109,44,37"/><U39/><E128/><V119/><F40/><W121/><G121/><T106/><D106/><U93/><E104/><V105/><F105/><W110/><G100/><T97/><D114/><U61/><E76/><V56/><F77/><W48/><G90/><T7/><D120/><U15/><E1/><V75/><F75/><W98/><G98/><T59/><D43/><U24/><E24/><V3/><F92/><W58/><G58/><T72/><D59/><U115/><E115/><V130/><F130/><W79/><G47/><T27/><D4/><U45/><E38/><V70/><F70/><W89/><G89/><T46/><D46/><U107/><E39/><V91/><F91/><W95/><G95/><T88/><D7/><U33/><E33/><V101/><F101/><W108/><G37/><T85/><D72/><U133/><E9/><V131/><F131/><W36/><G36/><T73/><D73/><U116/><E133/><N who="3" m="51274" /><G79/><T55/><D55/><U34/><E34/><V14/><F57/><W19/><AGARI ba="0,0" hai="19,20,25,42,44,48,81,83,108,109,110" m="51274" machi="19" ten="40,2700,0" yaku="14,1,20,1" doraHai="80" who="3" fromWho="3" sc="173,-7,250,-13,327,-7,250,27" /><INIT seed="2,0,0,0,4,124" ten="166,237,320,277" oya="2" hai0="63,65,71,53,105,102,85,21,84,23,15,58,62" hai1="98,129,109,114,96,112,9,48,11,123,99,91,38" hai2="33,5,64,104,6,92,60,28,50,51,115,27,25" hai3="118,17,107,37,8,41,111,80,108,131,34,73,69"/><V43/><F115/><W42/><G118/><T82/><D105/><U68/><E38/><V110/><F104/><W90/><G107/><T0/><D0/><U16/><E68/><V19/><F110/><N who="3" m="42027" /><G34/><T113/><D113/><U125/><E109/><V120/><F120/><W22/><G69/><T75/><D75/><U87/><E125/><V106/><F106/><W46/><G41/><T18/><D102/><U117/><E117/><V74/><F74/><W101/><G101/><T127/><D127/><U57/><E123/><V100/><F51/><W36/><G8/><T78/><REACH who="0" step="1"/><D85/><REACH who="0" ten="156,237,320,277" step="2"/><U81/><E114/><V1/><F100/><W132/><G73/><T122/><D122/><U12/><E112/><V20/><F1/><W134/><G134/><T83/><D83/><U76/><E87/><V52/><F92/><W54/><G132/><T97/><D97/><U3/><E81/><V89/><F89/><W49/><G90/><T30/><D30/><U70/><E91/><V93/><F93/><W55/><G80/><T103/><D103/><U56/><E98/><V2/><F2/><W128/><G36/><T95/><D95/><U26/><E99/><V135/><F28/><W39/><G37/><T7/><D7/><U133/><E96/><V119/><F6/><W72/><G72/><T45/><D45/><U35/><E3/><V29/><F5/><W4/><G4/><T61/><D61/><U66/><E133/><V116/><F135/><W14/><G39/><T88/><D88/><U130/><E48/><V47/><F119/><W94/><G94/><T77/><D77/><RYUUKYOKU ba="0,1" sc="156,15,237,-15,320,-15,277,15" hai0="15,18,21,23,53,58,62,63,65,71,78,82,84" hai3="14,17,22,42,46,49,54,55,128,131" /><INIT seed="3,1,1,2,3,111" ten="171,222,305,292" oya="3" hai0="87,79,77,10,103,37,32,5,39,18,4,57,63" hai1="17,106,2,40,62,76,124,72,52,19,120,99,20" hai2="49,75,42,123,59,112,102,65,82,43,15,74,115" hai3="27,114,69,128,93,31,86,41,25,92,84,126,135"/><W50/><G114/><N who="2" m="43561" /><F102/><W23/><G69/><T64/><D37/><U130/><E2/><V45/><F82/><W98/><G128/><T7/><D39/><U133/><E120/><V121/><F42/><W38/><G38/><T58/><D32/><U117/><E130/><V30/><F30/><W6/><G126/><T54/><D103/><U129/><E40/><V80/><F80/><W24/><G135/><T34/><D34/><U90/><E133/><V85/><F85/><N who="3" m="32875" /><G6/><T94/><D94/><N who="3" m="36457" /><G98/><T1/><D87/><U95/><E124/><V88/><F15/><W118/><G118/><T100/><D100/><U46/><E117/><V134/><F134/><W26/><G41/><T91/><D91/><U16/><E129/><V28/><F88/><W119/><G119/><T67/><D1/><U53/><E90/><V96/><F96/><W78/><G50/><T131/><D131/><U104/><E95/><V13/><F13/><W51/><G51/><T73/><D73/><U132/><E99/><V110/><F110/><W33/><G33/><T12/><REACH who="0" step="1"/><D58/><REACH who="0" ten="161,222,305,292" step="2"/><N who="1" m="35143" /><E72/><V109/><F75/><W81/><G81/><T127/><D127/><U122/><E132/><V9/><F74/><W71/><G71/><T35/><D35/><U29/><E122/><N who="2" m="46603" /><F109/><W44/><G78/><T66/><AGARI ba="1,2" hai="4,5,7,10,12,18,54,57,63,64,66,67,77,79" machi="66" ten="30,4000,0" yaku="1,1,0,1,8,1,53,0" doraHai="111" doraHaiUra="113" who="0" fromWho="0" sc="161,63,222,-11,305,-11,292,-21" /><INIT seed="4,0,0,5,4,59" ten="224,211,294,271" oya="0" hai0="78,95,27,57,108,126,54,12,135,68,98,72,35" hai1="3,24,1,47,102,84,113,34,81,114,75,33,55" hai2="80,65,131,62,39,77,82,2,23,0,96,10,124" hai3="121,133,123,67,129,107,119,90,87,109,19,71,56"/><T103/><D135/><U111/><E111/><V20/><F124/><W105/><G109/><T94/><D108/><U127/><E75/><V70/><F131/><W48/><G119/><T44/><D126/><U15/><E102/><V115/><F115/><N who="1" m="44041" /><E15/><V25/><F39/><W83/><G129/><T63/><D72/><U45/><E127/><V110/><F110/><W93/><G133/><T128/><D128/><U134/><E134/><V61/><F96/><W31/><G107/><T7/><D78/><N who="1" m="46135" /><E24/><V5/><F0/><N who="1" m="73" /><E55/><V52/><F25/><W122/><G105/><T50/><D12/><U117/><E117/><V14/><F2/><W38/><G121/><T99/><D7/><U66/><E66/><V13/><F13/><W17/><G67/><T16/><D27/><U11/><E11/><V22/><F77/><W60/><G122/><T73/><D73/><U85/><E85/><V112/><F112/><W89/><G87/><T26/><D68/><U58/><E58/><N who="2" m="35015" /><F70/><W118/><G123/><T28/><D16/><U37/><E37/><V132/><F132/><W51/><G38/><T21/><D35/><AGARI ba="0,0" hai="33,34,35,45,47" m="73,46135,44041" machi="35" ten="40,2600,0" yaku="15,1,11,1" doraHai="59" who="1" fromWho="0" sc="224,-26,211,26,294,0,271,0" /><INIT seed="5,0,0,1,5,22" ten="198,237,294,271" oya="1" hai0="74,59,50,69,54,79,51,127,71,45,38,135,81" hai1="130,115,64,58,72,111,8,30,132,11,48,36,75" hai2="19,34,20,66,114,35,129,94,62,102,80,87,118" hai3="93,24,120,103,32,57,39,37,41,85,83,56,113"/><U52/><E36/><V29/><F118/><W15/><G120/><T122/><D122/><U77/><E115/><V10/><F10/><W95/><G113/><T27/><D127/><U31/><E130/><V89/><F114/><W46/><G37/><T101/><D135/><U99/><E132/><V13/><F29/><N who="1" m="10761" /><E75/><V3/><F3/><W23/><G15/><T108/><D108/><U107/><E72/><V14/><F14/><W97/><G93/><T6/><D38/><U123/><E107/><V16/><F19/><W82/><G82/><T12/><D27/><U68/><E68/><V90/><F102/><W126/><G32/><T78/><D78/><U112/><E111/><V0/><F0/><W40/><G40/><T44/><D101/><U98/><E112/><V86/><F129/><W49/><G39/><T105/><D105/><U26/><E77/><V61/><F61/><W116/><G116/><T128/><D128/><U55/><E64/><V100/><F100/><W53/><G126/><T4/><D45/><N who="1" m="27663" /><E26/><V17/><F17/><N who="3" m="12399" /><G53/><T121/><D121/><U125/><E125/><V110/><F110/><W73/><G73/><T63/><D12/><U76/><E76/><AGARI ba="0,0" hai="41,46,49,56,57,76,83,85,95,97,103" m="12399" machi="76" ten="30,2000,0" yaku="8,1,52,1" doraHai="22" who="3" fromWho="1" sc="198,0,237,-20,294,0,271,20" /><INIT seed="6,0,0,0,4,23" ten="198,217,294,291" oya="2" hai0="112,45,82,21,7,56,32,105,58,93,77,109,2" hai1="35,53,10,124,50,46,73,18,114,68,100,15,28" hai2="127,97,33,92,22,37,131,102,121,80,101,91,104" hai3="118,31,90,42,63,27,122,55,76,95,12,74,48"/><V14/><F37/><W54/><G118/><T72/><D109/><U13/><E73/><V116/><F33/><W119/><G119/><T79/><D105/><U62/><E114/><V135/><F116/><W39/><G122/><T132/><D32/><U126/><E100/><V24/><F121/><W65/><G74/><T34/><D112/><U111/><E111/><V130/><F127/><N who="1" m="48681" /><E15/><V61/><F135/><W71/><G76/><N who="0" m="44295" /><D132/><U110/><E110/><V103/><F104/><W108/><G12/><T67/><D34/><U30/><E35/><V41/><F14/><W49/><G108/><T5/><D58/><N who="1" m="35151" /><E68/><V69/><F41/><AGARI ba="0,0" hai="10,13,18,28,30,41,46,50" m="35151,48681" machi="41" ten="30,1000,0" yaku="18,1" doraHai="23" who="1" fromWho="2" sc="198,0,217,10,294,-10,291,0" /><INIT seed="7,0,0,1,0,133" ten="198,227,284,291" oya="3" hai0="114,80,36,54,60,85,90,41,43,20,51,113,86" hai1="105,81,73,107,69,58,50,97,127,35,129,17,44" hai2="94,49,63,106,46,130,1,25,62,126,119,115,83" hai3="93,13,108,48,9,112,91,26,30,101,27,47,67"/><W121/><G121/><T104/><D104/><U76/><E69/><V122/><F126/><W40/><G112/><N who="0" m="43115" /><D80/><U55/><E35/><V22/><F1/><W77/><G108/><T19/><D90/><U125/><E129/><V109/><F106/><W39/><G39/><T75/><D75/><U132/><E132/><V79/><F109/><W32/><G77/><T135/><D135/><U0/><E0/><V53/><F119/><W134/><G134/><T59/><D86/><U96/><E107/><V87/><F115/><W3/><G3/><T57/><D85/><U120/><E120/><V5/><F130/><W45/><G101/><T100/><D100/><U98/><E105/><V78/><F78/><W102/><G102/><T7/><D7/><U31/><E31/><N who="2" m="17847" /><F5/><N who="3" m="3247" /><G32/><T34/><D34/><U14/><REACH who="1" step="1"/><E44/><REACH who="1" ten="198,217,284,291" step="2"/><V6/><F122/><W2/><G2/><T89/><D36/><U8/><AGARI ba="0,1" hai="8,14,17,50,55,58,73,76,81,96,97,98,125,127" machi="8" ten="30,12000,2" yaku="1,1,2,1,0,1,52,2,53,1" doraHai="133" doraHaiUra="74" who="1" fromWho="1" sc="198,-30,217,130,284,-30,291,-60" owari="168,-33.2,347,44.7,254,5.4,231,-16.9" /></mjloggm>