<mjloggm ver="2.3"><GO type="225" lobby="0"/><UN n0="%E6%9D%B1%E9%A2%A8%E3%81%AE%E3%81%8D%E3%82%83%E3%81%B7%E3%81%95%E3%82%93" n1="%E9%B3%B3%E6%9D%B1%E3%81%AE%E3%81%86%E3%81%95%E3%81%8E%E3%81%95%E3%82%93" n2="%E8%90%BD%E6%97%A5" n3="%E3%81%82%E3%81%99%E3%81%AB%E3%82%83%E3%82%80" dan="16,17,16,16" rate="2166.69,2243.19,2080.25,2137.09" sx="M,M,F,F"/><TAIKYOKU oya="0"/><INIT seed="0,0,0,5,2,122" ten="250,250,250,250" oya="0" hai0="40,20,5,97,134,108,39,67,110,111,21,1,17" hai1="33,26,12,59,107,89,38,30,14,15,117,101,98" hai2="91,8,79,76,116,37,87,126,71,92,93,100,58" hai3="66,44,65,63,31,106,95,13,118,69,70,0,41"/><T123/><D123/><U135/><E117/><V28/><F71/><W3/><G106/><T88/><D67/><U121/><E121/><V25/><F37/><W105/><G105/><T10/><D134/><U112/><E135/><V49/><F116/><W75/><G75/><T45/><D17/><U90/><E112/><V29/><F126/><W46/><G118/><T53/><D53/><U124/><E124/><V6/><F29/><W24/><G13/><T96/><D96/><U104/><E104/><V86/><F49/><W50/><G95/><AGARI ba="0,0" hai="1,5,10,20,21,39,40,45,88,95,97,108,110,111" machi="95" ten="40,18000,2" yaku="14,1,10,1,52,3,54,1" doraHai="122" who="0" fromWho="3" sc="250,180,250,0,250,0,250,-180" /><INIT seed="0,1,0,3,4,128" ten="430,250,250,70" oya="0" hai0="90,133,40,88,94,6,82,20,117,17,97,67,45" hai1="86,60,55,58,32,41,44,118,59,73,19,126,77" hai2="132,95,116,26,56,103,64,125,93,18,129,50,107" hai3="7,31,75,134,4,42,52,106,11,16,76,119,62"/><T66/><D133/><U98/><E118/><V2/><F2/><W79/><G106/><T35/><D6/><U85/><E126/><V51/><F129/><W22/><G119/><T65/><D35/><U1/><E1/><V69/><F116/><W112/><G112/><T100/><D82/><U110/><E110/><V23/><F69/><W83/><G31/><T81/><D81/><U78/><E32/><V14/><F125/><W121/><G79/><T123/><D123/><U34/><E34/><V36/><F36/><W57/><G121/><T13/><REACH who="0" step="1"/><D117/><REACH who="0" ten="420,250,250,70" step="2"/><U15/><E77/><V105/><F132/><W71/><G134/><T120/><D120/><U21/><E78/><V135/><F135/><W101/><G4/><T96/><D96/><U47/><E98/><V113/><F113/><W29/><G83/><T74/><D74/><U122/><E73/><V28/><F107/><W114/><G76/><T61/><D61/><U99/><E99/><V0/><F105/><W68/><G75/><T5/><D5/><U27/><E122/><V39/><F95/><W104/><G114/><T111/><D111/><U8/><E86/><V10/><F93/><W9/><G104/><T108/><D108/><U49/><E85/><V37/><F0/><W30/><G7/><T24/><D24/><U115/><E115/><V84/><F84/><W124/><G124/><T25/><D25/><U89/><E60/><N who="2" m="37895" /><F103/><W33/><G101/><T80/><D80/><U3/><E3/><V91/><F91/><W109/><G109/><T130/><D130/><U72/><E72/><V102/><F102/><RYUUKYOKU ba="1,1" sc="420,15,250,-15,250,15,70,-15" hai0="13,17,20,40,45,65,66,67,88,90,94,97,100" hai2="10,14,18,23,26,28,37,39,50,51" /><INIT seed="0,2,1,1,4,41" ten="435,235,265,55" oya="0" hai0="118,46,102,10,48,12,21,80,56,63,99,74,87" hai1="37,14,95,111,97,106,127,13,131,59,15,43,69" hai2="122,62,40,66,52,36,82,60,11,119,128,77,35" hai3="26,86,84,0,20,90,116,42,31,110,101,29,113"/><T44/><D118/><U91/><E69/><V114/><F122/><W83/><G116/><T27/><D74/><U107/><E111/><V94/><F119/><W17/><G110/><T126/><D48/><U93/><E131/><V103/><F35/><W9/><G113/><T23/><D126/><U78/><E127/><V33/><F33/><W125/><G125/><T47/><D27/><U134/><E134/><V54/><F114/><W57/><G42/><T108/><D108/><U79/><E59/><V100/><F128/><W123/><G101/><T71/><D71/><U68/><E68/><V6/><F100/><W61/><G123/><T129/><D129/><U51/><E37/><V4/><F103/><W3/><G86/><T32/><D32/><U92/><E107/><V5/><F94/><N who="1" m="36457" /><E106/><V124/><F11/><W2/><REACH who="3" step="1"/><G9/><REACH who="3" ten="435,235,265,45" step="2"/><T133/><D133/><U76/><E43/><V30/><F124/><W73/><G73/><T16/><D102/><U50/><AGARI ba="2,2" hai="13,14,15,50,51,76,78,79,91,95,97" m="36457" machi="50" ten="40,1500,0" yaku="8,1" doraHai="41" who="1" fromWho="1" sc="435,-9,235,41,265,-6,45,-6" /><INIT seed="1,0,0,4,1,67" ten="426,276,259,39" oya="1" hai0="81,49,70,13,3,78,102,24,47,88,29,118,43" hai1="33,30,35,135,18,128,84,21,62,89,38,125,124" hai2="54,15,46,5,91,129,42,90,68,109,4,83,75" hai3="74,48,10,127,93,80,9,17,28,96,23,36,60"/><U110/><E38/><V63/><F109/><W64/><G36/><T65/><D3/><U76/><E128/><V69/><F129/><W22/><G127/><N who="1" m="48714" /><E135/><V112/><F112/><W7/><G28/><T71/><D65/><U6/><E6/><V27/><F27/><W73/><G48/><T97/><D118/><U32/><E76/><V82/><F54/><W44/><G44/><T55/><D13/><N who="1" m="9423" /><E62/><V19/><F63/><W105/><G105/><T122/><D43/><U115/><E115/><V87/><F5/><W113/><G80/><T1/><D1/><U26/><E110/><V126/><F4/><W41/><G41/><T117/><D117/><U121/><E121/><V101/><F101/><W59/><G113/><T111/><D111/><U45/><E45/><V31/><F31/><W8/><G7/><T50/><D50/><U51/><E51/><V99/><F126/><W107/><G107/><T131/><D131/><U12/><E12/><V86/><F99/><W114/><G114/><T79/><D122/><U120/><E120/><V34/><F34/><W108/><G108/><T2/><D2/><U11/><E11/><V25/><F25/><W103/><REACH who="3" step="1"/><G17/><REACH who="3" ten="426,276,259,29" step="2"/><T98/><D47/><U134/><E134/><V119/><F119/><W57/><G57/><T72/><D49/><U104/><E104/><V133/><F133/><W52/><G52/><T92/><D55/><U58/><E58/><V85/><F75/><AGARI ba="0,1" hai="8,9,10,22,23,59,60,64,73,74,75,93,96,103" machi="75" ten="40,1300,0" yaku="1,1,53,0" doraHai="67" doraHaiUra="40" who="3" fromWho="2" sc="426,0,276,0,259,-13,29,23" /><INIT seed="2,0,0,4,1,100" ten="426,276,246,52" oya="2" hai0="15,67,39,115,126,1,31,54,40,95,131,53,92" hai1="105,85,96,71,26,123,57,30,70,45,69,52,3" hai2="132,135,28,127,41,17,112,12,42,20,16,102,14" hai3="25,94,84,0,81,91,74,7,56,22,87,89,101"/><V61/><F112/><W50/><G0/><T36/><D1/><U103/><E3/><V82/><F127/><W122/><G122/><T77/><D31/><U80/><E45/><V125/><F125/><W49/><G74/><T120/><D15/><U108/><E108/><V10/><F28/><W116/><G116/><T11/><D11/><U38/><E38/><V65/><F82/><W32/><G32/><T48/><D77/><U78/><E123/><V60/><F102/><W13/><G101/><T90/><D67/><U83/><E83/><V21/><F10/><W51/><G7/><T121/><D131/><U24/><REACH who="1" step="1"/><E30/><REACH who="1" ten="426,266,246,52" step="2"/><V98/><F98/><W134/><G134/><T63/><D121/><U97/><E97/><V107/><REACH who="2" step="1"/><F65/><REACH who="2" ten="426,266,236,52" step="2"/><W110/><G110/><T128/><D120/><U47/><E47/><V124/><F124/><W18/><REACH who="3" step="1"/><G25/><REACH who="3" ten="426,266,236,42" step="2"/><T75/><D126/><U119/><E119/><V64/><F64/><W19/><G19/><T68/><D115/><U2/><E2/><V29/><F29/><W118/><G118/><T88/><D128/><U55/><E55/><AGARI ba="0,3" hai="13,18,22,49,50,51,55,56,81,84,87,89,91,94" machi="55" ten="40,8000,1" yaku="1,1,25,2,8,1,53,0" doraHai="100" doraHaiUra="104" who="3" fromWho="1" sc="426,0,266,-80,236,0,42,110" /><INIT seed="3,0,0,5,3,54" ten="426,186,236,152" oya="3" hai0="87,118,15,81,129,21,47,127,76,58,26,41,77" hai1="10,119,52,90,105,64,68,29,109,66,3,104,82" hai2="17,49,50,8,124,71,5,131,123,101,133,115,28" hai3="69,99,39,48,55,114,88,122,108,51,32,40,110"/><W95/><G114/><T18/><D129/><U27/><E105/><V60/><F28/><W116/><G116/><T78/><D127/><U98/><E119/><V107/><F17/><W132/><G122/><T37/><D118/><U2/><E109/><N who="3" m="42090" /><G69/><T130/><D130/><U12/><E2/><V126/><F131/><W45/><G32/><T30/><D58/><U85/><E3/><V34/><F34/><AGARI ba="0,0" hai="15,18,21,26,30,34,37,41,47,76,77,78,81,87" machi="34" ten="30,1000,0" yaku="7,1" doraHai="54" who="0" fromWho="2" sc="426,10,186,0,236,-10,152,0" owari="436,53.6,186,-21.4,226,2.6,152,-34.8" /></mjloggm>