<mjloggm ver="2.3"><GO type="225" lobby="0"/><UN n0="%E3%81%8B%E3%82%8F%E3%81%A1%E3%82%83%E3%82%93%35%38" n1="%73%73%6B%5F%66%72%65%65" n2="%72%69%6F%75%63%68%61%6E" n3="%E4%BF%BA%E3%81%A8%E5%A6%96%E5%A4%A2" dan="17,16,16,17" rate="2226.40,2101.21,2204.36,2184.76" sx="M,M,M,F"/><TAIKYOKU oya="0"/><INIT seed="0,0,0,1,1,101" ten="250,250,250,250" oya="0" hai0="121,15,45,60,68,69,17,105,83,65,71,64,116" hai1="127,94,98,126,49,35,7,47,52,72,54,33,19" hai2="84,97,113,2,85,99,123,125,67,79,78,14,39" hai3="90,40,70,119,29,115,86,81,92,131,102,41,9"/><T74/><D121/><U109/><E72/><V37/><F113/><W8/><G115/><T11/><D116/><U87/><E87/><N who="2" m="33355" /><F123/><W124/><G119/><T46/><D105/><U95/><E7/><V80/><F2/><W59/><G70/><T42/><D65/><U16/><E109/><V51/><F67/><W38/><G131/><T12/><D12/><U10/><E10/><V93/><F14/><W117/><G117/><T73/><D46/><U1/><E1/><V133/><F51/><W107/><G107/><T3/><D3/><U128/><E128/><V6/><F6/><W135/><G135/><T63/><D63/><U82/><E82/><V122/><F122/><W50/><G124/><T58/><REACH who="0" step="1"/><D83/><REACH who="0" ten="240,250,250,250" step="2"/><U129/><E129/><V56/><F80/><W112/><G81/><T34/><D34/><U106/><E106/><V57/><F125/><W118/><G118/><T96/><D96/><N who="2" m="36938" /><F133/><W134/><G134/><T21/><D21/><U22/><E22/><V100/><F93/><W0/><G92/><T55/><D55/><U62/><E98/><V13/><F13/><W43/><G112/><T76/><D76/><N who="2" m="29226" /><F100/><W36/><G102/><T24/><D24/><U61/><E47/><V88/><F88/><W27/><G0/><T5/><D5/><U111/><E127/><V77/><N who="2" m="29234" /><V91/><DORA hai="103" /><F91/><W32/><G90/><T20/><D20/><U89/><E126/><V66/><F66/><W108/><G86/><T114/><D114/><U120/><E89/><V132/><F132/><W25/><G32/><N who="1" m="12362" /><E120/><V130/><F130/><W110/><G27/><RYUUKYOKU ba="0,1" sc="240,15,250,-15,250,15,250,-15" hai0="11,15,17,42,45,58,60,64,68,69,71,73,74" hai2="37,39,56,57" /><INIT seed="0,1,1,3,2,113" ten="255,235,265,235" oya="0" hai0="6,52,127,40,96,23,104,107,67,29,99,46,116" hai1="110,28,82,10,95,15,133,89,4,58,34,83,39" hai2="128,130,0,55,9,61,25,69,24,63,18,118,132" hai3="33,19,5,129,7,64,14,92,17,37,114,70,45"/><T26/><D67/><U80/><E110/><V126/><F126/><W131/><G114/><T57/><D116/><U102/><E102/><V122/><F122/><W11/><G33/><T106/><D6/><U22/><E133/><V79/><F132/><W124/><G124/><T81/><D127/><U56/><E39/><V32/><F79/><W71/><G92/><T75/><D75/><U100/><E100/><V59/><F118/><W1/><G5/><T94/><D81/><U16/><E28/><V73/><F73/><W62/><G71/><T21/><D21/><U2/><REACH who="1" step="1"/><E34/><REACH who="1" ten="255,225,265,235" step="2"/><V49/><F32/><W68/><G37/><T66/><D106/><U93/><E93/><V123/><F123/><W112/><G112/><T87/><D107/><U105/><E105/><V86/><F130/><W108/><G108/><T3/><D104/><U91/><E91/><V111/><F128/><W42/><G131/><T98/><D94/><U135/><E135/><V97/><F111/><W65/><G129/><T101/><D101/><U134/><E134/><V41/><F69/><W85/><G70/><T77/><D29/><U20/><E20/><V115/><F115/><W8/><G68/><T109/><D23/><U27/><E27/><V60/><F24/><W48/><G8/><T30/><D26/><U35/><E35/><V120/><F25/><W78/><G11/><T43/><D30/><U50/><E50/><V31/><F49/><W125/><G48/><N who="0" m="28695" /><D109/><U38/><E38/><V72/><F9/><W90/><G125/><T44/><D77/><U117/><E117/><V88/><F31/><RYUUKYOKU ba="1,2" sc="255,-10,225,30,265,-10,235,-10" hai1="2,4,10,15,16,22,56,58,80,82,83,89,95" /><INIT seed="1,2,2,4,4,120" ten="245,255,255,225" oya="1" hai0="0,123,80,22,20,60,37,53,55,5,89,125,88" hai1="58,70,65,23,67,39,6,63,35,73,44,19,130" hai2="104,105,54,41,10,101,118,27,57,59,86,25,127" hai3="131,98,9,126,102,91,112,3,31,74,69,52,11"/><U21/><E35/><V129/><F118/><W117/><G112/><T97/><D37/><U18/><E73/><V121/><F121/><W7/><G69/><T119/><D119/><U94/><E130/><V13/><F129/><W32/><G131/><T40/><D40/><U84/><E6/><V110/><F110/><W124/><G117/><T34/><D34/><U38/><E70/><V111/><F111/><W43/><G74/><T24/><D5/><U135/><E135/><V128/><F128/><W106/><G43/><T56/><D0/><U49/><E67/><V107/><F127/><W103/><G11/><T64/><D125/><N who="3" m="48233" /><G52/><N who="0" m="20043" /><D123/><U66/><E66/><V93/><F41/><W45/><G45/><T29/><D80/><U47/><E39/><V90/><F101/><N who="3" m="62775" /><G91/><N who="0" m="34891" /><D20/><N who="1" m="7755" /><E38/><V114/><F114/><W78/><G78/><T79/><D97/><U28/><E47/><V62/><REACH who="2" step="1"/><F59/><REACH who="2" ten="245,255,245,225" step="2"/><W14/><G102/><T72/><D72/><U133/><E58/><V82/><F82/><W99/><G103/><T77/><AGARI ba="2,3" hai="22,24,29,56,60,64,77,79" m="34891,20043" machi="77" ten="30,4000,0" yaku="8,1,54,2" doraHai="120" who="0" fromWho="0" sc="245,76,255,-22,245,-12,225,-12" /><INIT seed="2,0,0,3,4,102" ten="321,233,233,213" oya="2" hai0="118,78,7,129,49,36,28,65,90,88,122,114,5" hai1="4,126,85,54,34,46,33,22,25,111,67,10,93" hai2="124,59,104,62,44,0,92,27,74,14,23,127,77" hai3="26,69,21,73,84,103,113,105,99,56,130,95,39"/><V91/><F0/><W63/><G130/><T82/><D36/><U8/><E111/><V9/><F104/><W97/><G73/><T29/><D65/><U6/><E67/><V15/><F44/><W119/><G119/><T79/><D49/><N who="1" m="28983" /><E34/><V58/><F77/><W64/><G39/><T131/><D82/><U83/><E93/><V123/><F74/><W128/><G128/><T51/><D51/><U31/><E33/><V117/><F123/><W42/><G42/><T120/><D114/><U81/><E126/><N who="2" m="48171" /><F117/><AGARI ba="0,0" hai="5,7,28,29,78,79,88,90,117,118,120,122,129,131" machi="117" ten="25,3200,0" yaku="22,2,54,1" doraHai="102" who="0" fromWho="2" sc="321,32,233,0,233,-32,213,0" /><INIT seed="3,0,0,3,5,27" ten="353,233,201,213" oya="3" hai0="112,90,0,85,135,63,13,40,46,5,72,41,44" hai1="84,31,119,94,65,70,111,99,49,14,6,52,36" hai2="19,30,80,108,104,74,125,51,76,81,117,132,110" hai3="54,120,96,62,67,71,34,8,11,26,57,82,9"/><W77/><G120/><T18/><D72/><U106/><E111/><N who="2" m="42539" /><F117/><W97/><G34/><T103/><D103/><U53/><E106/><V2/><F2/><W59/><G26/><T83/><D5/><U130/><E36/><V131/><F104/><W133/><G133/><T29/><D0/><U78/><E70/><V17/><F132/><W39/><G39/><T113/><D29/><U107/><E107/><V33/><F125/><W22/><G22/><N who="0" m="11599" /><D63/><U60/><E60/><V109/><N who="2" m="42547" /><V66/><DORA hai="126" /><F131/><W42/><G42/><N who="0" m="16491" /><D135/><U16/><E130/><V93/><F66/><W47/><G47/><T105/><D105/><U20/><E65/><V24/><F93/><W7/><G7/><T1/><D1/><U12/><E119/><V73/><F51/><N who="3" m="30943" /><G71/><T75/><D75/><U43/><E49/><V95/><F95/><W45/><G45/><T121/><D121/><U23/><E94/><V28/><F30/><W38/><G38/><T123/><D123/><U88/><E31/><V50/><F50/><W86/><AGARI ba="0,0" hai="8,9,11,59,62,67,77,82,86,96,97" m="30943" machi="86" ten="30,1500,0" yaku="8,1" doraHai="27,126" who="3" fromWho="3" sc="353,-5,233,-5,201,-5,213,15" /><INIT seed="3,1,0,5,0,70" ten="348,228,196,228" oya="3" hai0="106,45,88,82,8,19,11,73,132,50,34,121,117" hai1="37,54,14,113,109,48,47,75,90,108,10,31,21" hai2="133,86,57,112,61,76,35,128,20,28,36,130,85" hai3="53,126,33,38,51,69,84,16,55,63,0,115,79"/><W18/><G115/><T104/><D34/><U100/><E113/><V43/><F112/><W135/><G0/><T83/><D73/><U3/><E75/><V110/><F35/><W119/><G119/><T93/><D106/><U59/><E100/><V103/><F103/><W7/><G7/><T102/><D102/><U49/><E37/><V92/><F110/><N who="1" m="42601" /><E90/><N who="2" m="53327" /><F133/><W68/><G135/><T87/><D8/><U66/><E66/><V32/><F32/><W13/><G38/><T5/><D50/><N who="1" m="31191" /><E3/><V114/><F114/><W30/><G18/><T99/><D19/><N who="1" m="8663" /><E47/><N who="2" m="24039" /><F28/><W98/><G55/><T26/><D83/><U111/><E111/><V2/><F2/><W101/><G63/><T105/><D26/><AGARI ba="1,0" hai="21,26,31,48,49" m="8663,31191,42601" machi="26" ten="30,1000,0" yaku="14,1" doraHai="70" who="1" fromWho="0" sc="348,-13,228,13,196,0,228,0" owari="335,43.5,241,4.1,196,-30.4,228,-17.2" /></mjloggm>