<mjloggm ver="2.3"><GO type="225" lobby="0"/><UN n0="%E3%80%93%E3%81%97%E3%83%BC%E3%82%89%E3%80%93" n1="%79%75%72%69%6D%6F%67" n2="%E7%89%B9%E6%9D%B1%E3%81%AF%E4%B8%96%E7%95%8C%E3%82%92%E6%95%91%E3%81%86" n3="%E3%83%81%E3%83%AF%E3%83%AF%E9%9A%8A%E9%95%B7" dan="16,17,16,17" rate="2170.68,2162.93,2173.54,2189.73" sx="M,F,M,M"/><TAIKYOKU oya="0"/><INIT seed="0,0,0,5,5,125" ten="250,250,250,250" oya="0" hai0="88,71,40,18,49,34,108,72,28,26,106,89,50" hai1="121,73,101,111,25,32,0,114,55,132,35,76,62" hai2="70,92,48,36,11,105,119,52,91,100,24,118,86" hai3="109,126,63,51,5,20,68,42,103,94,66,21,60"/><T113/><D113/><U102/><E121/><V130/><F36/><W93/><G126/><T37/><D72/><U110/><E0/><V27/><F70/><W47/><G109/><N who="1" m="41482" /><E132/><V107/><F11/><W69/><G5/><T3/><D3/><U57/><E114/><V87/><F87/><W64/><G103/><N who="1" m="39434" /><E25/><N who="2" m="9803" /><F100/><W115/><REACH who="3" step="1"/><G115/><REACH who="3" ten="250,250,250,240" step="2"/><T112/><D112/><U17/><E35/><V2/><F130/><W33/><G33/><T41/><D34/><U104/><E32/><V131/><F131/><W58/><G58/><T16/><D108/><U75/><E104/><V129/><F129/><W4/><G4/><T13/><D106/><U79/><E75/><V95/><F2/><W133/><G133/><T134/><D134/><U67/><E73/><V59/><F92/><AGARI ba="0,1" hai="20,21,42,47,51,60,63,64,66,68,69,92,93,94" machi="92" ten="40,8000,1" yaku="1,1,9,1,53,3" doraHai="125" doraHaiUra="90" who="3" fromWho="2" sc="250,0,250,0,250,-80,240,90" /><INIT seed="1,0,0,1,4,110" ten="250,250,170,330" oya="1" hai0="96,82,95,9,42,35,30,64,115,68,81,22,41" hai1="53,33,90,74,59,61,67,91,89,16,17,24,128" hai2="2,28,132,75,0,79,38,23,85,58,133,131,51" hai3="135,46,70,78,36,14,47,56,126,8,44,21,15"/><U108/><E74/><V94/><F38/><W11/><G70/><T101/><D115/><U29/><E128/><V97/><F75/><W120/><G120/><T99/><D9/><U71/><REACH who="1" step="1"/><E108/><REACH who="1" ten="250,240,170,330" step="2"/><V25/><F131/><W27/><G126/><T34/><D34/><U83/><E83/><V19/><F133/><W87/><G135/><T119/><D35/><U86/><E86/><V134/><F134/><W26/><G87/><T122/><D82/><U73/><E73/><V45/><F132/><W76/><G36/><T69/><D81/><U109/><E109/><V65/><F85/><W102/><G78/><T77/><D77/><U13/><E13/><V1/><F79/><W105/><G14/><T3/><D122/><U124/><E124/><V104/><F2/><W121/><G15/><T129/><D3/><U37/><E37/><V88/><F104/><W60/><G105/><T66/><D129/><U111/><E111/><V130/><F130/><W72/><G76/><T103/><D99/><U49/><AGARI ba="0,1" hai="16,17,24,29,33,49,53,59,61,67,71,89,90,91" machi="49" ten="30,6000,0" yaku="1,1,0,1,54,1,53,0" doraHai="110" doraHaiUra="18" who="1" fromWho="1" sc="250,-20,240,70,170,-20,330,-20" /><INIT seed="1,1,0,3,2,23" ten="230,310,150,310" oya="1" hai0="89,66,67,64,58,132,2,109,85,0,9,11,107" hai1="84,26,60,54,37,78,127,36,41,113,22,91,20" hai2="124,128,6,7,24,5,16,46,77,106,12,17,52" hai3="53,50,114,120,3,27,103,129,32,102,48,10,40"/><U100/><E113/><V123/><F106/><W80/><G114/><T68/><D107/><U134/><E134/><V39/><F123/><W72/><G120/><T18/><D132/><U88/><E22/><N who="2" m="13391" /><F39/><W87/><G72/><T47/><D68/><U119/><E119/><V8/><F128/><W99/><G129/><T79/><D79/><U63/><E37/><V112/><F112/><W121/><G121/><T25/><D109/><U44/><E127/><V34/><F34/><W90/><G40/><T51/><D58/><U30/><E100/><V74/><F74/><W43/><G43/><N who="0" m="25087" /><D0/><U76/><E91/><V95/><F124/><W94/><G103/><T57/><D57/><U118/><E118/><V126/><F126/><W14/><G3/><T62/><D62/><U35/><E35/><V75/><F75/><W111/><G111/><T73/><D73/><U19/><E30/><V38/><F38/><W115/><G115/><T61/><D61/><U83/><E54/><V130/><F130/><W117/><G53/><T31/><D31/><U55/><REACH who="1" step="1"/><E60/><REACH who="1" ten="230,300,150,310" step="2"/><V92/><F77/><W33/><G117/><T133/><D133/><U81/><E81/><V1/><F1/><W98/><G33/><T93/><D2/><U29/><E29/><V45/><F45/><W125/><G125/><T42/><D42/><U15/><E15/><V116/><F116/><W69/><G32/><T96/><D96/><U13/><E13/><V70/><F70/><W65/><G98/><T49/><D49/><AGARI ba="1,1" hai="5,6,7,8,12,16,46,49,52,92,95" m="13391" machi="49" ten="30,7700,0" yaku="8,1,52,1,54,2" doraHai="23" who="2" fromWho="0" sc="230,-80,300,0,150,90,310,0" /><INIT seed="2,0,0,5,2,90" ten="150,300,240,310" oya="2" hai0="121,97,92,33,51,86,118,123,81,74,134,34,75" hai1="40,105,91,35,55,88,109,116,6,11,70,38,94" hai2="13,53,95,48,26,66,125,98,101,16,80,44,73" hai3="126,36,14,72,42,25,61,27,39,104,117,37,20"/><V114/><F125/><W4/><G117/><T28/><D51/><U78/><E105/><V111/><F114/><W87/><G72/><N who="0" m="27691" /><D28/><U57/><E70/><V30/><F66/><W0/><G104/><T68/><D68/><U113/><E116/><V43/><F111/><W46/><G0/><T10/><D10/><U22/><E78/><V130/><F130/><W24/><G126/><T7/><D7/><U99/><E35/><V41/><F80/><W132/><G132/><T29/><D29/><U135/><E109/><V63/><F73/><W120/><G120/><N who="0" m="46155" /><D34/><U89/><E135/><V96/><F96/><W12/><G61/><T69/><D69/><U115/><E40/><V67/><F26/><W62/><G62/><T76/><D33/><U84/><E38/><V9/><F30/><W93/><G4/><T23/><D23/><U65/><E65/><V49/><F49/><W124/><G124/><T82/><D134/><U122/><E122/><V108/><F108/><W103/><G36/><T8/><D8/><U119/><E119/><V60/><F60/><W83/><G37/><T18/><D18/><U129/><E129/><V58/><AGARI ba="0,0" hai="9,13,16,41,43,44,48,53,58,63,67,95,98,101" machi="58" ten="20,12000,1" yaku="0,1,7,1,8,1,52,1,54,1" doraHai="90" who="2" fromWho="2" sc="150,-40,300,-40,240,120,310,-40" /><INIT seed="2,1,0,3,5,118" ten="110,260,360,270" oya="2" hai0="57,122,60,73,121,41,63,69,115,5,129,52,66" hai1="58,70,39,25,44,102,37,116,108,33,132,77,43" hai2="88,131,133,119,82,47,29,64,7,79,11,72,8" hai3="128,94,74,111,35,30,38,16,95,124,0,55,59"/><V126/><F119/><W51/><G38/><T49/><D73/><U1/><E116/><V34/><F131/><W68/><G68/><T46/><D5/><U123/><E70/><V32/><F133/><W106/><G106/><T84/><D129/><U89/><E132/><V67/><F126/><W112/><G128/><T80/><REACH who="0" step="1"/><D115/><REACH who="0" ten="100,260,360,270" step="2"/><U114/><E114/><V42/><F7/><W92/><G74/><T75/><D75/><U18/><E1/><V53/><F72/><W10/><G0/><T99/><D99/><U134/><E134/><V93/><F32/><W17/><G35/><T91/><AGARI ba="1,1" hai="41,46,49,52,57,60,63,66,69,80,84,91,121,122" machi="91" ten="20,12000,2" yaku="1,1,0,1,7,1,52,2,54,1,53,1" doraHai="118" doraHaiUra="85" who="0" fromWho="0" sc="100,133,260,-31,360,-61,270,-31" /><INIT seed="3,0,0,3,1,125" ten="233,229,299,239" oya="3" hai0="49,117,124,79,45,133,114,28,102,69,44,24,32" hai1="115,63,99,109,95,91,96,60,18,111,82,0,48" hai2="73,75,101,81,66,98,84,9,78,6,127,39,108" hai3="11,106,128,62,130,57,10,21,119,134,52,2,67"/><W19/><G106/><T15/><D69/><U27/><E0/><V30/><F39/><W29/><G119/><T135/><D117/><U90/><E115/><V110/><F30/><W87/><G134/><N who="0" m="51211" /><D124/><U86/><E48/><V20/><F20/><W74/><G74/><T35/><D114/><U34/><E96/><V112/><F66/><W7/><G29/><T97/><D79/><U8/><E34/><V118/><F127/><W22/><G87/><T25/><D15/><U13/><REACH who="1" step="1"/><E27/><REACH who="1" ten="233,219,299,239" step="2"/><V12/><F112/><W88/><G2/><T83/><D25/><U70/><E70/><V103/><F118/><W126/><G126/><T1/><D1/><U85/><E85/><V14/><F14/><W16/><G62/><AGARI ba="0,1" hai="8,13,18,60,62,63,82,86,90,91,95,99,109,111" machi="62" ten="40,1300,0" yaku="1,1,53,0" doraHai="125" doraHaiUra="64" who="1" fromWho="3" sc="233,0,219,23,299,0,239,-13" /><INIT seed="4,0,0,1,3,82" ten="233,242,299,226" oya="0" hai0="26,99,132,55,72,84,135,102,56,43,91,16,98" hai1="131,124,69,75,103,105,120,47,14,68,111,78,44" hai2="45,0,108,104,57,21,13,54,17,59,64,37,80" hai3="97,113,129,51,5,22,19,38,94,36,20,128,88"/><T49/><D72/><U25/><E78/><V125/><F108/><W71/><G71/><T92/><D43/><U73/><E103/><V130/><F104/><W134/><G113/><T33/><D33/><U85/><E14/><V79/><F0/><W9/><G134/><N who="0" m="51243" /><D102/><U116/><E25/><V95/><F130/><N who="3" m="50283" /><G51/><T70/><D70/><U15/><E15/><V96/><F125/><W34/><G34/><T133/><N who="0" m="51251" /><T121/><DORA hai="123" /><D121/><U7/><E120/><V114/><F114/><W100/><G100/><T60/><D49/><U90/><E131/><V28/><F28/><W27/><G20/><AGARI ba="0,0" hai="16,20,26,55,56,60,84,91,92,98,99" m="51251" machi="20" ten="40,7700,0" yaku="20,1,52,1,54,1" doraHai="82,123" who="0" fromWho="3" sc="233,77,242,0,299,0,226,-77" owari="310,41.0,242,-15.8,299,9.9,149,-35.1" /></mjloggm>