<mjloggm ver="2.3"><GO type="225" lobby="0"/><UN n0="%77%72%77%72%77%72%77%72" n1="%E8%BE%9B%E5%8F%A3%E3%82%AB%E3%83%AC%E3%83%BC%E3%83%A9%E3%82%A4%E3%82%B9" n2="%E6%B4%BE%E9%81%A3%E3%81%AE%E3%82%B8%E3%83%A3%E3%83%83%E3%82%AF" n3="%E5%AE%AE%E4%BF%9D%E9%B6%8F%E8%82%89" dan="16,16,17,16" rate="2105.94,2232.82,2218.96,2151.91" sx="M,M,M,M"/><TAIKYOKU oya="0"/><INIT seed="0,0,0,4,3,73" ten="250,250,250,250" oya="0" hai0="131,86,92,52,106,124,65,50,44,5,7,88,130" hai1="87,134,75,47,132,60,15,59,120,77,93,112,17" hai2="85,70,91,68,123,117,54,135,18,16,102,104,81" hai3="118,95,51,29,125,98,6,10,13,105,111,53,122"/><T20/><D106/><U63/><E120/><V129/><F123/><W72/><G122/><T1/><D124/><U133/><E112/><V11/><F135/><W30/><G72/><T41/><D65/><U64/><E47/><V99/><F129/><N who="0" m="49162" /><D1/><U66/><E75/><V127/><F127/><W90/><G118/><T80/><D20/><U35/><E35/><V45/><F117/><W78/><G78/><N who="0" m="46359" /><D41/><U43/><E43/><V58/><F45/><W108/><G105/><T126/><D126/><U33/><E33/><V8/><F8/><W100/><G100/><T69/><D69/><U2/><E2/><V96/><F96/><AGARI ba="0,0" hai="5,7,44,50,52,88,92,96" m="46359,49162" machi="96" ten="30,11600,0" yaku="19,1,52,1,54,2" doraHai="73" who="0" fromWho="2" sc="250,116,250,0,250,-116,250,0" /><INIT seed="0,1,0,3,4,94" ten="366,250,134,250" oya="0" hai0="13,80,97,73,130,77,76,98,8,49,28,51,63" hai1="14,107,26,17,57,104,62,109,119,74,122,44,114" hai2="56,12,121,29,89,108,54,27,64,10,16,7,103" hai3="135,40,58,111,41,92,133,25,36,131,96,132,84"/><T59/><D130/><U113/><E119/><V128/><F121/><W0/><G131/><T4/><D28/><U75/><E122/><V48/><F128/><W79/><G111/><T70/><D70/><U117/><E117/><V126/><F108/><W15/><G0/><T53/><D77/><U124/><E109/><V68/><F126/><W134/><N who="3" m="33792" /><DORA hai="20" /><W90/><G36/><T118/><D118/><U35/><E124/><V61/><F103/><W85/><G15/><T45/><REACH who="0" step="1"/><D49/><REACH who="0" ten="356,250,134,250" step="2"/><U115/><E115/><V127/><F127/><W32/><G79/><T6/><D6/><U22/><E113/><V42/><F42/><AGARI ba="1,1" hai="4,8,13,42,45,51,53,59,63,73,76,80,97,98" machi="42" ten="30,12000,1" yaku="1,1,7,1,52,2,53,1" doraHai="94,20" doraHaiUra="82,39" who="0" fromWho="2" sc="356,133,250,0,134,-123,250,0" /><INIT seed="0,2,0,4,3,81" ten="489,250,11,250" oya="0" hai0="38,131,112,123,12,0,25,111,129,124,21,49,57" hai1="104,18,64,24,85,103,9,59,11,130,134,116,20" hai2="42,7,43,51,97,16,98,99,61,71,54,120,15" hai3="100,89,82,19,80,69,63,83,67,101,36,106,32"/><T37/><D112/><U34/><E116/><V105/><F120/><W55/><G36/><T28/><D123/><U47/><E130/><N who="0" m="49673" /><D0/><U132/><E34/><V52/><F105/><W110/><G110/><T17/><D111/><U128/><E128/><V92/><F7/><W31/><G19/><T75/><D75/><U22/><E47/><N who="2" m="27775" /><F71/><W73/><G55/><N who="0" m="31983" /><D124/><U127/><E127/><V58/><F92/><W133/><G101/><T13/><D13/><U125/><E104/><V115/><F115/><W66/><G66/><T5/><D5/><U114/><E125/><V39/><F39/><W74/><G89/><T48/><D48/><U29/><E114/><V135/><F135/><W95/><G95/><T121/><D121/><U93/><E93/><V44/><F44/><W88/><G88/><T65/><D65/><U40/><E132/><V126/><F126/><W56/><G56/><T77/><D77/><U8/><E59/><V68/><F68/><W41/><G41/><T3/><D3/><U109/><E134/><V107/><F107/><W78/><G74/><T26/><D26/><U113/><E109/><V33/><F33/><AGARI ba="2,0" hai="12,17,21,25,28,33,37,38" m="31983,49673" machi="33" ten="30,1500,0" yaku="19,1" doraHai="81" who="0" fromWho="2" sc="489,21,250,0,11,-21,250,0" owari="510,61.0,250,5.0,-10,-51.0,250,-15.0" /></mjloggm>