<mjloggm ver="2.3"><GO type="225" lobby="0"/><UN n0="%E3%83%8F%E3%82%AC%E3%82%BF%E3%82%AB%E3%81%AE%E3%81%88%E3%81%98%E3%81%8D" n1="%E6%A1%9C%E8%8A%B1%E9%96%83%E3%80%85" n2="%E3%81%9F%E3%81%8C%E3%82%84%E3%81%99" n3="%E3%83%AD%E3%83%83%E3%83%86%E9%9B%80%E7%90%83" dan="16,17,17,17" rate="2175.07,2124.05,2208.79,2237.81" sx="M,M,M,M"/><TAIKYOKU oya="0"/><INIT seed="0,0,0,2,0,109" ten="250,250,250,250" oya="0" hai0="124,106,28,26,117,105,41,4,131,118,10,116,81" hai1="129,77,24,97,103,60,86,62,95,128,76,72,57" hai2="3,94,90,66,61,91,46,96,127,5,120,51,42" hai3="83,74,2,135,70,13,78,80,93,112,87,44,38"/><T52/><D41/><U39/><E39/><V107/><F107/><W43/><G135/><T88/><D131/><N who="1" m="50251" /><E72/><V104/><F104/><W113/><G2/><T64/><D64/><N who="1" m="38927" /><E62/><V114/><F120/><W85/><G70/><T108/><D124/><U0/><E0/><V33/><F33/><W125/><G125/><T119/><D108/><U132/><E132/><V23/><F127/><W36/><G36/><T54/><D117/><U16/><E86/><V27/><F3/><W134/><G134/><T14/><D105/><U82/><E82/><V110/><F5/><W56/><G56/><T111/><D106/><U22/><AGARI ba="0,0" hai="16,22,24,76,77,95,97,103" m="38927,50251" machi="22" ten="30,2000,0" yaku="19,1,54,1" doraHai="109" who="1" fromWho="1" sc="250,-10,250,20,250,-5,250,-5" /><INIT seed="1,0,0,1,0,102" ten="240,270,245,245" oya="1" hai0="18,128,14,5,41,61,4,121,7,117,130,33,106" hai1="129,134,78,9,74,113,90,81,80,109,118,63,55" hai2="116,29,69,48,52,24,79,53,93,47,6,60,89" hai3="123,95,87,96,73,124,20,45,101,100,12,36,50"/><U119/><E113/><V104/><F79/><W26/><G124/><T133/><D117/><N who="1" m="44555" /><E55/><V35/><F116/><W32/><G123/><T115/><D115/><U21/><E63/><V54/><F6/><W85/><G73/><T51/><D61/><U83/><E21/><V132/><F132/><W131/><G131/><N who="0" m="50219" /><D33/><U10/><E129/><V114/><F114/><W108/><G108/><T13/><D133/><U22/><E22/><V122/><F122/><W135/><G36/><T38/><D38/><U49/><E49/><V3/><F3/><W56/><G135/><T92/><D121/><U0/><E10/><V43/><F104/><W64/><G12/><T23/><D106/><U86/><E9/><V71/><REACH who="2" step="1"/><F60/><REACH who="2" ten="240,270,235,245" step="2"/><N who="3" m="37895" /><G32/><T70/><D5/><U39/><E0/><V58/><F58/><W1/><G1/><T98/><D4/><U107/><E134/><V42/><F42/><N who="3" m="24887" /><G101/><T17/><D7/><U88/><E107/><V127/><F127/><W112/><G112/><T40/><D40/><U120/><E120/><V65/><F65/><W62/><G62/><T72/><D41/><U30/><E78/><V105/><F105/><W97/><G97/><AGARI ba="0,1" hai="24,29,35,43,47,48,52,53,54,69,71,89,93,97" machi="97" ten="40,5200,0" yaku="1,1,54,1,53,1" doraHai="102" doraHaiUra="46" who="2" fromWho="3" sc="240,0,270,0,235,62,245,-52" /><INIT seed="2,0,0,5,5,130" ten="240,270,297,193" oya="2" hai0="45,72,33,108,60,32,81,21,26,84,126,39,104" hai1="95,18,54,55,5,57,20,10,70,87,52,30,2" hai2="50,88,85,53,22,131,75,132,74,112,4,127,129" hai3="107,117,27,79,65,56,73,62,102,47,9,135,15"/><V1/><F1/><W43/><G117/><T68/><D104/><U42/><E70/><V92/><F4/><W46/><G107/><T41/><D72/><U66/><E42/><V14/><F112/><W13/><G102/><T40/><D40/><U89/><E30/><V8/><F127/><W128/><G128/><N who="2" m="49225" /><F132/><W96/><G96/><T110/><D126/><U103/><E103/><V77/><F77/><W58/><G79/><T38/><D60/><U100/><E100/><V109/><F109/><N who="0" m="42090" /><D68/><U105/><E105/><V25/><F8/><W0/><G73/><T97/><D97/><U121/><E121/><V93/><F93/><W44/><G135/><T24/><D39/><U6/><E6/><V133/><F14/><W90/><G0/><T118/><D118/><U119/><E66/><V61/><F61/><W64/><G15/><T37/><D37/><U76/><E76/><V67/><F67/><W80/><G65/><T51/><D38/><U111/><E119/><V49/><F49/><W63/><G63/><T113/><D26/><U86/><E111/><V28/><F133/><W91/><G27/><T106/><D106/><U98/><REACH who="1" step="1"/><E57/><AGARI ba="0,0" hai="22,25,28,50,53,57,74,75,85,88,92" m="49225" machi="57" ten="30,2900,0" yaku="19,1,54,1" doraHai="130" who="2" fromWho="1" sc="240,0,270,-29,297,29,193,0" /><INIT seed="2,1,0,3,3,25" ten="240,241,326,193" oya="2" hai0="92,3,126,122,50,119,31,38,7,74,6,32,30" hai1="59,33,103,109,88,86,66,57,12,102,45,39,21" hai2="8,48,22,82,133,80,76,89,123,23,79,83,101" hai3="41,2,117,95,108,104,114,52,131,93,61,121,110"/><V44/><F101/><W58/><G117/><T105/><D32/><U60/><E33/><V129/><F123/><W90/><G121/><T55/><D122/><U72/><E72/><V69/><F69/><W77/><G104/><T36/><D105/><U124/><E109/><N who="3" m="42090" /><G2/><T118/><D74/><U17/><E124/><V132/><F89/><W73/><G131/><T75/><D92/><U78/><E78/><N who="2" m="29739" /><F8/><W42/><G114/><T63/><D63/><U54/><E45/><V97/><F97/><N who="3" m="57527" /><G95/><T116/><D75/><U62/><REACH who="1" step="1"/><E39/><REACH who="1" ten="240,231,326,193" step="2"/><N who="0" m="14889" /><D126/><U98/><E98/><V37/><F37/><W99/><G99/><T14/><D118/><U85/><E85/><V9/><F129/><W106/><G106/><T107/><D107/><U27/><E27/><V53/><F133/><W120/><G120/><T19/><D119/><U130/><E130/><V0/><F132/><W127/><G127/><T28/><D116/><U84/><E84/><V115/><F115/><W135/><G135/><T49/><D3/><U113/><E113/><V13/><F0/><W20/><G20/><T94/><D94/><AGARI ba="1,1" hai="12,17,21,54,57,59,60,62,66,86,88,94,102,103" machi="94" ten="30,7700,0" yaku="1,1,7,1,8,1,54,1,53,0" doraHai="25" doraHaiUra="71" who="1" fromWho="0" sc="240,-80,231,90,326,0,193,0" /><INIT seed="3,0,0,1,1,105" ten="160,321,326,193" oya="3" hai0="135,24,34,6,116,37,80,59,92,77,112,86,53" hai1="123,99,14,93,81,7,64,4,124,126,67,52,61" hai2="122,73,31,90,96,51,10,3,38,2,20,49,70" hai3="91,19,74,48,23,109,100,88,115,41,35,97,8"/><W71/><G115/><T18/><D116/><U69/><E123/><V47/><F70/><W58/><G35/><T65/><D112/><U5/><E67/><V131/><F38/><W15/><G71/><T101/><D37/><U95/><E81/><V50/><F73/><W118/><G74/><T110/><D110/><U36/><E36/><V127/><F47/><W94/><G109/><T9/><D135/><U62/><E14/><V120/><F131/><W16/><G118/><T57/><D65/><U13/><E13/><V98/><F127/><N who="1" m="48681" /><E99/><N who="2" m="37931" /><F90/><W63/><G48/><T12/><D34/><U22/><E22/><V46/><F10/><W119/><G41/><T60/><D59/><AGARI ba="0,0" hai="4,5,7,52,59,61,62,64,69,93,95" m="48681" machi="59" ten="30,2000,0" yaku="18,1,54,1" doraHai="105" who="1" fromWho="0" sc="160,-20,321,20,326,0,193,0" owari="140,-36.0,341,44.1,326,12.6,193,-20.7" /></mjloggm>