<mjloggm ver="2.3"><GO type="225" lobby="0"/><UN n0="%E7%BD%AA%E5%88%91%E6%B3%95%E5%AE%9A%E4%B8%BB%E7%BE%A9" n1="%E6%B8%A9%E2%98%85%E6%83%85%E2%98%85%E6%8E%AA%E2%98%85%E7%BD%AE" n2="%E3%81%86%E3%82%8C%E3%81%9F%E3%82%93%E6%9E%95" n3="%E6%B0%B7%E5%B7%9D%E9%87%8C%E5%A5%88" dan="16,16,16,16" rate="2204.32,2157.84,2113.22,2113.57" sx="M,M,F,F"/><TAIKYOKU oya="0"/><INIT seed="0,0,0,1,3,128" ten="250,250,250,250" oya="0" hai0="32,13,1,49,17,83,127,48,132,26,71,7,41" hai1="37,107,14,3,69,8,135,129,124,4,39,67,33" hai2="20,59,119,85,40,80,87,57,108,106,52,36,0" hai3="89,15,50,112,93,90,34,64,82,19,110,65,104"/><T125/><D71/><U38/><E129/><V23/><F108/><W92/><G112/><T5/><D83/><U91/><E124/><N who="0" m="47689" /><D41/><U2/><E107/><V115/><F115/><W95/><G104/><T120/><D120/><U66/><E33/><V46/><F119/><W58/><G34/><T121/><D121/><U88/><E135/><V81/><F0/><W70/><G110/><T74/><D74/><U63/><REACH who="1" step="1"/><E67/><REACH who="1" ten="250,240,250,250" step="2"/><V75/><F106/><W61/><G65/><T16/><D132/><U130/><E130/><V55/><F75/><W21/><G70/><T73/><D73/><U62/><E62/><V118/><F118/><W6/><G50/><N who="0" m="19563" /><D1/><AGARI ba="0,1" hai="1,2,3,4,8,14,37,38,39,63,66,69,88,91" machi="1" ten="50,3200,0" yaku="1,1,54,1,53,0" doraHai="128" doraHaiUra="109" who="1" fromWho="0" sc="250,-32,240,42,250,0,250,0" /><INIT seed="1,0,0,1,4,46" ten="218,282,250,250" oya="1" hai0="107,38,93,66,67,117,63,40,10,9,43,56,21" hai1="47,49,4,31,101,96,104,12,127,24,78,126,130" hai2="68,70,110,55,1,98,89,106,52,60,76,73,87" hai3="103,36,135,37,118,95,32,54,94,131,71,8,92"/><U34/><E130/><V7/><F110/><W97/><G71/><T128/><D107/><U58/><E78/><V109/><F109/><W82/><G32/><T85/><D117/><U129/><E129/><V26/><F26/><W114/><G131/><T59/><D128/><U86/><E86/><V116/><F116/><W30/><G118/><T132/><D132/><U45/><E58/><V14/><F1/><W3/><G114/><T100/><D38/><U99/><E99/><V18/><F7/><W81/><G30/><T22/><D85/><U57/><E57/><V51/><F55/><W64/><G64/><T29/><D93/><U35/><E35/><V2/><F2/><W19/><G135/><T50/><D29/><U115/><E115/><V84/><F60/><W119/><G119/><T33/><D33/><U121/><E121/><V74/><F74/><W25/><G37/><T90/><D90/><U41/><REACH who="1" step="1"/><E47/><REACH who="1" ten="218,272,250,250" step="2"/><N who="2" m="27775" /><F73/><W72/><G72/><T77/><D77/><U75/><E75/><V125/><F76/><W11/><G97/><T122/><D122/><U44/><E44/><V42/><F84/><W80/><G103/><T79/><D79/><U62/><E62/><V13/><F98/><W113/><G113/><T105/><D63/><U102/><E102/><V123/><F123/><W23/><G3/><T53/><D100/><U120/><E120/><V88/><F87/><W124/><G124/><T134/><D134/><U28/><E28/><V108/><F125/><W91/><G91/><T65/><D59/><U15/><E15/><N who="2" m="5643" /><F89/><W111/><G111/><T6/><D56/><RYUUKYOKU ba="0,1" sc="218,-10,272,30,250,-10,250,-10" hai1="4,12,24,31,34,41,45,49,96,101,104,126,127" /><INIT seed="1,1,1,3,3,104" ten="208,302,240,240" oya="1" hai0="111,70,23,102,101,50,92,73,114,99,79,122,108" hai1="86,82,126,131,115,113,11,19,35,78,65,87,27" hai2="54,46,105,110,25,30,74,10,127,37,84,43,94" hai3="76,33,12,117,67,56,3,8,100,26,1,128,45"/><U69/><E131/><V71/><F105/><W103/><G128/><T112/><D70/><U72/><E126/><V133/><F110/><N who="0" m="42026" /><D50/><U90/><E87/><V62/><F127/><W135/><G135/><T123/><D23/><U132/><E132/><V31/><F133/><W15/><G117/><T88/><D79/><U61/><E11/><V118/><F74/><W29/><G76/><T55/><D73/><U93/><REACH who="1" step="1"/><E19/><REACH who="1" ten="208,292,240,240" step="2"/><V49/><F118/><W24/><G8/><T9/><D9/><U6/><E6/><V68/><F10/><W98/><G98/><T18/><D18/><U75/><E75/><V40/><F31/><AGARI ba="1,2" hai="27,31,35,61,65,69,72,78,82,86,90,93,113,115" machi="31" ten="40,7700,0" yaku="1,1,52,1,53,1" doraHai="104" doraHaiUra="91" who="1" fromWho="2" sc="208,0,292,100,240,-80,240,0" /><INIT seed="1,2,0,1,0,24" ten="208,392,160,240" oya="1" hai0="98,15,49,109,117,13,38,8,66,31,43,53,58" hai1="104,54,77,57,122,116,132,2,127,61,113,25,134" hai2="1,70,91,119,17,96,62,102,45,126,55,10,46" hai3="101,88,51,39,103,83,48,21,80,111,60,94,95"/><U40/><E113/><V33/><F119/><W87/><G39/><T92/><D117/><U100/><E116/><V47/><F126/><W72/><G111/><T22/><D109/><U107/><E122/><V20/><F33/><W124/><G124/><T108/><D108/><U105/><E127/><V12/><F1/><W129/><G129/><T7/><D66/><U19/><E2/><V5/><F91/><W79/><G60/><T110/><D110/><U69/><E40/><V34/><F34/><W82/><G21/><T41/><D38/><U93/><E77/><V99/><F70/><W16/><G16/><N who="0" m="10511" /><D31/><U106/><E69/><V63/><F55/><W118/><G118/><T67/><D67/><U115/><E107/><V75/><F75/><W29/><G29/><T59/><D58/><U37/><E37/><V68/><F68/><W130/><G130/><T30/><D30/><U4/><E115/><V65/><F65/><W3/><G3/><T42/><D42/><U32/><E32/><V35/><F35/><W76/><G51/><T64/><D64/><U97/><E4/><V85/><F85/><N who="3" m="48287" /><G48/><T123/><D123/><U89/><E100/><AGARI ba="2,0" hai="72,76,82,83,87,88,94,95,100,101,103" m="48287" machi="100" ten="30,12000,2" yaku="35,5,54,1" doraHai="24" who="3" fromWho="1" sc="208,0,392,-126,160,0,240,126" /><AGARI ba="2,0" hai="7,8,15,41,43,49,53,59,92,98,100" m="10511" machi="100" ten="30,2000,0" yaku="8,1,54,1" doraHai="24" who="0" fromWho="1" sc="208,20,266,-20,160,0,366,0" /><INIT seed="2,0,0,2,0,65" ten="228,246,160,366" oya="2" hai0="63,87,60,101,75,67,2,3,131,91,77,96,121" hai1="20,84,8,21,97,54,135,37,105,28,82,49,72" hai2="133,118,102,42,33,59,15,16,52,128,117,94,126" hai3="95,58,70,108,74,92,100,64,36,17,99,111,90"/><V13/><F33/><W85/><G74/><T80/><D121/><U88/><E135/><V122/><F133/><W39/><G58/><T12/><D131/><U130/><E37/><V1/><F122/><W43/><G17/><T26/><D12/><U125/><E130/><V51/><F128/><W123/><G123/><T124/><D124/><U0/><E125/><V110/><F126/><W30/><G30/><T44/><D44/><U68/><E68/><V46/><F1/><W119/><G119/><T29/><D63/><U81/><E28/><V55/><F110/><N who="3" m="42027" /><G43/><T132/><D132/><U5/><E97/><N who="2" m="59703" /><F118/><W4/><G4/><T61/><D61/><AGARI ba="0,0" hai="36,39,61,64,70,85,90,92,95,99,100" m="42027" machi="61" ten="30,2000,0" yaku="14,1,52,1" doraHai="65" who="3" fromWho="0" sc="228,-20,246,0,160,0,366,20" /><INIT seed="3,0,0,1,1,32" ten="208,246,160,386" oya="3" hai0="13,132,134,57,21,96,119,79,94,105,114,12,23" hai1="6,60,0,39,80,108,4,31,36,14,109,41,46" hai2="93,129,86,66,42,131,2,47,124,55,87,30,44" hai3="18,3,107,126,61,82,127,118,11,10,106,16,89"/><W84/><G118/><T115/><D105/><N who="3" m="39945" /><G61/><T7/><D79/><U77/><E0/><V59/><F66/><W72/><G72/><T91/><D119/><U9/><E6/><V116/><F116/><W76/><G76/><T111/><D111/><N who="1" m="42571" /><E31/><V48/><F124/><N who="3" m="47659" /><G10/><N who="0" m="4191" /><D57/><U29/><E29/><V113/><F113/><N who="0" m="43018" /><D13/><U74/><E60/><V90/><F2/><W63/><G63/><T68/><D68/><U121/><E121/><V75/><F75/><W83/><G83/><T19/><D19/><U62/><E62/><V120/><F120/><W95/><G95/><T38/><D38/><AGARI ba="0,0" hai="4,9,14,36,38,39,41,46,74,77,80" m="42571" machi="38" ten="30,1000,0" yaku="14,1" doraHai="32" who="1" fromWho="0" sc="208,-10,246,10,160,0,386,0" owari="198,-20.2,256,5.6,160,-34.0,386,48.6" /></mjloggm>