<mjloggm ver="2.3"><GO type="225" lobby="0"/><UN n0="%E5%91%A8%E6%9D%B1" n1="%E6%A1%9C%E8%8A%B1%E9%96%83%E3%80%85" n2="%E3%81%99%E3%81%84%E3%81%BE%E3%81%9B%E3%83%BC%E3%82%93" n3="%E6%B8%A9%E2%98%85%E6%83%85%E2%98%85%E6%8E%AA%E2%98%85%E7%BD%AE" dan="17,17,18,17" rate="2110.98,2185.35,2184.92,2169.22" sx="M,M,M,M"/><TAIKYOKU oya="0"/><INIT seed="0,0,0,1,2,96" ten="250,250,250,250" oya="0" hai0="59,112,119,2,30,5,64,76,111,29,88,52,28" hai1="11,91,41,67,108,62,116,85,102,89,87,131,109" hai2="4,86,79,1,43,90,47,31,25,32,54,19,8" hai3="63,114,117,94,44,48,60,22,69,121,71,77,57"/><T135/><D119/><U106/><E41/><V103/><F19/><W42/><G117/><T104/><D112/><U113/><E116/><V21/><F79/><W24/><G114/><T61/><D135/><U107/><E113/><V35/><F54/><W68/><G121/><T58/><D104/><N who="1" m="39979" /><E11/><V98/><F98/><W45/><G77/><T115/><D115/><U46/><E46/><V130/><F130/><W84/><G94/><T66/><D111/><N who="1" m="42571" /><E102/><V53/><F53/><N who="3" m="29839" /><G84/><N who="1" m="32330" /><E131/><V12/><F103/><W122/><G22/><T36/><D36/><U92/><E92/><V123/><F123/><W34/><G34/><T83/><D2/><U37/><E37/><V80/><REACH who="2" step="1"/><F1/><REACH who="2" ten="250,250,240,250" step="2"/><W0/><G0/><T73/><D5/><U10/><E10/><V124/><F124/><W3/><G3/><T70/><D66/><U74/><E74/><V55/><F55/><N who="3" m="33855" /><G122/><T134/><D64/><U27/><E27/><V40/><F40/><W16/><G24/><T50/><D73/><U18/><E18/><V126/><F126/><W95/><G16/><T110/><D110/><U38/><E91/><V72/><F72/><W26/><G26/><T75/><D88/><U93/><E89/><V105/><F105/><W129/><G129/><T20/><D75/><U39/><E93/><V23/><F23/><W125/><G95/><T17/><D76/><U65/><E65/><V56/><F56/><AGARI ba="0,1" hai="38,39,56,62,67" m="32330,42571,39979" machi="56" ten="30,1000,0" yaku="14,1" doraHai="96" who="1" fromWho="2" sc="250,0,250,20,240,-10,250,0" /><INIT seed="1,0,0,3,5,61" ten="250,270,230,250" oya="1" hai0="81,71,64,65,21,10,82,33,8,5,128,9,122" hai1="27,110,47,95,17,7,94,48,84,114,88,86,39" hai2="103,6,56,112,38,91,57,46,31,70,135,4,116" hai3="79,134,19,107,105,44,80,83,117,87,121,126,92"/><U125/><E114/><V59/><F116/><W25/><G121/><T3/><D33/><U129/><E39/><V29/><F112/><W58/><G117/><T13/><D122/><U16/><E129/><V14/><F135/><W60/><G134/><T24/><D128/><U102/><E125/><V15/><F70/><W43/><G126/><T18/><D9/><U30/><E7/><N who="2" m="2603" /><F38/><W76/><G92/><T20/><D10/><U34/><E110/><V72/><F72/><W45/><G19/><T106/><D106/><U41/><REACH who="1" step="1"/><E84/><REACH who="1" ten="250,260,230,250" step="2"/><V32/><F32/><W35/><G35/><T119/><D119/><U104/><E104/><V51/><F103/><W131/><G131/><T97/><D97/><AGARI ba="0,1" hai="16,17,27,30,34,41,47,48,86,88,94,95,97,102" machi="97" ten="40,7700,0" yaku="1,1,54,2,53,0" doraHai="61" doraHaiUra="133" who="1" fromWho="0" sc="250,-77,260,87,230,0,250,0" /><INIT seed="1,1,0,3,1,134" ten="173,347,230,250" oya="1" hai0="57,75,8,117,93,103,90,33,118,48,92,12,69" hai1="45,83,2,107,123,63,30,51,96,18,37,84,130" hai2="17,19,23,80,21,114,102,16,26,81,1,46,124" hai3="133,15,14,106,127,110,28,20,34,128,54,55,35"/><U32/><E123/><V131/><F131/><W3/><G106/><T49/><D69/><U115/><E115/><V101/><F114/><W111/><G3/><T87/><D33/><N who="3" m="12297" /><G128/><T52/><D75/><U120/><E37/><V47/><F1/><W10/><G133/><T67/><D67/><U88/><E120/><V31/><F124/><W25/><G127/><T71/><D71/><U43/><E130/><V70/><F70/><W135/><G135/><T53/><D103/><N who="2" m="39434" /><F23/><W99/><G99/><T119/><D93/><N who="1" m="56359" /><E2/><V86/><F81/><W66/><G66/><T104/><D104/><U95/><E32/><V39/><F39/><W116/><G116/><T89/><D89/><AGARI ba="1,0" hai="16,17,19,21,26,31,46,47,80,86,89" m="39434" machi="89" ten="30,2000,0" yaku="8,1,54,1" doraHai="134" who="2" fromWho="0" sc="173,-23,347,0,230,23,250,0" /><INIT seed="2,0,0,4,3,5" ten="150,347,253,250" oya="2" hai0="38,93,110,86,100,6,68,113,59,132,32,9,31" hai1="48,112,2,82,44,19,117,91,33,107,98,129,124" hai2="105,36,80,21,30,106,134,0,97,73,34,58,46" hai3="121,35,1,96,92,115,95,43,75,133,103,78,94"/><V131/><F34/><W130/><G35/><T8/><D113/><U49/><E117/><V27/><F134/><W40/><G1/><T90/><D68/><U99/><E112/><V51/><F131/><W22/><G115/><T7/><D132/><U72/><E2/><V14/><F0/><W114/><G114/><T104/><D38/><U89/><E124/><V62/><F36/><W56/><G133/><T54/><D110/><U67/><E67/><V122/><F122/><W128/><G121/><T108/><D108/><U55/><E19/><V11/><F97/><W84/><G75/><T18/><D18/><U102/><E33/><V57/><F80/><N who="3" m="47127" /><G22/><T85/><D85/><U37/><E37/><V81/><F81/><W4/><G4/><T16/><D104/><U13/><E13/><V109/><F73/><W125/><G56/><T53/><D100/><U15/><E129/><N who="3" m="49770" /><G125/><T74/><D74/><U50/><E99/><V123/><F123/><W70/><G70/><T83/><D83/><U76/><E15/><V29/><F109/><W88/><G95/><T41/><D32/><U3/><E3/><V26/><F106/><W12/><G12/><N who="0" m="7175" /><D31/><U23/><E23/><N who="2" m="15583" /><F105/><W65/><G65/><T25/><D25/><U63/><E72/><V17/><F62/><W45/><G94/><T119/><D119/><U127/><E127/><V111/><F111/><W61/><G61/><T77/><D6/><U71/><E71/><V116/><F116/><W47/><G103/><T10/><D7/><U120/><E63/><V20/><F21/><W87/><G96/><T79/><D93/><RYUUKYOKU ba="0,0" sc="150,-15,347,-15,253,15,250,15" hai2="11,14,17,20,27,30,46,51,57,58" hai3="40,43,45,47,87,88,92" /><INIT seed="2,1,0,5,2,22" ten="135,332,268,265" oya="2" hai0="43,106,108,115,66,40,60,72,76,88,124,4,70" hai1="16,87,2,103,58,117,79,86,24,98,52,110,99" hai2="120,55,19,23,51,44,65,36,131,28,74,15,92" hai3="6,13,45,75,67,90,128,38,71,46,25,78,56"/><V42/><F120/><W132/><G71/><T5/><D115/><U61/><E117/><V62/><F74/><W116/><G116/><T102/><D124/><U9/><E110/><V64/><F131/><W122/><G122/><T89/><D108/><U18/><E98/><V21/><F92/><W127/><G38/><T85/><D72/><U33/><E2/><V8/><F28/><W95/><G127/><T126/><D76/><U93/><E79/><V77/><F77/><W0/><G0/><T129/><D126/><U111/><E111/><V35/><F35/><W27/><G128/><T81/><D129/><U69/><E69/><V26/><F26/><N who="3" m="9739" /><G75/><T30/><D30/><U3/><E33/><V118/><F118/><W12/><G132/><T54/><D54/><U101/><E101/><V84/><F84/><N who="3" m="52679" /><G78/><T109/><D109/><U73/><E73/><V32/><F32/><W31/><G31/><T96/><REACH who="0" step="1"/><D89/><REACH who="0" ten="125,332,268,265" step="2"/><U100/><E52/><V135/><F135/><W17/><G67/><T7/><AGARI ba="1,1" hai="4,5,7,40,43,60,66,70,81,85,88,96,102,106" machi="7" ten="30,8000,1" yaku="1,1,2,1,0,1,54,1,53,1" doraHai="22" doraHaiUra="82" who="0" fromWho="0" sc="125,93,332,-21,268,-41,265,-21" /><INIT seed="3,0,0,2,0,40" ten="218,311,227,244" oya="3" hai0="95,55,63,72,18,90,131,111,50,103,79,104,81" hai1="28,80,113,22,62,112,89,122,106,108,8,25,3" hai2="19,82,66,39,17,23,71,77,101,38,65,124,37" hai3="88,54,135,75,42,2,97,87,92,86,56,109,123"/><W107/><G123/><T126/><D111/><U21/><E122/><V15/><F124/><W33/><G33/><T83/><D126/><U24/><E106/><V69/><F101/><W58/><G2/><T7/><D131/><U35/><E62/><V115/><F115/><W120/><G120/><T91/><D7/><N who="1" m="1151" /><E89/><V52/><F52/><W132/><G109/><T130/><D130/><U119/><E80/><V100/><F100/><W67/><G75/><T16/><D63/><U10/><E108/><V93/><F93/><W125/><G42/><T0/><D0/><U4/><E119/><V105/><F105/><W26/><G107/><T128/><D128/><U110/><E22/><V30/><F30/><W117/><G117/><T9/><D9/><U34/><E110/><V53/><F53/><W48/><G125/><T6/><D6/><U12/><E35/><V14/><F71/><W129/><G129/><T13/><D13/><U31/><AGARI ba="0,0" hai="4,10,12,21,24,25,28,31,34,112,113" m="1151" machi="31" ten="30,2000,0" yaku="34,2" doraHai="40" who="1" fromWho="1" sc="218,-5,311,20,227,-5,244,-10" owari="213,-28.7,331,43.1,222,-17.8,234,3.4" /></mjloggm>