<mjloggm ver="2.3"><GO type="225" lobby="0"/><UN n0="%72%61%6B%33" n1="%48%61%61%61%6C%61%6E%64" n2="%E9%89%A2%E5%B7%BB%E3%82%AC%E3%83%96" n3="%E6%80%AA%E3%81%97%E3%81%99%E3%81%8E%E3%82%8B%E3%83%81%E3%83%BC" dan="18,18,16,16" rate="2272.94,2216.30,2063.84,2179.65" sx="M,M,M,M"/><TAIKYOKU oya="0"/><INIT seed="0,0,0,4,3,29" ten="250,250,250,250" oya="0" hai0="64,86,49,105,93,18,27,84,82,35,102,100,60" hai1="126,89,37,21,59,97,92,0,16,85,54,76,12" hai2="9,56,71,62,47,13,8,129,104,66,57,135,69" hai3="117,11,24,68,114,113,70,4,121,22,48,95,52"/><T88/><D105/><U125/><E37/><V127/><F104/><W116/><G95/><T77/><D49/><U23/><E0/><V120/><F120/><W128/><G121/><T14/><D27/><U33/><E33/><V30/><F127/><N who="1" m="48649" /><E76/><V90/><F129/><W106/><G106/><T40/><D40/><U28/><E28/><V58/><F135/><W7/><G128/><T32/><D102/><U19/><E97/><V98/><F69/><W134/><G134/><T81/><D93/><U42/><E42/><V101/><F90/><W87/><G87/><T65/><D100/><U99/><E99/><V73/><F73/><W124/><G124/><T122/><D122/><U74/><E74/><V15/><F30/><W50/><G24/><T111/><D111/><U17/><E21/><V45/><F13/><W3/><G22/><T36/><D36/><U110/><E110/><V6/><REACH who="2" step="1"/><F9/><REACH who="2" ten="250,250,240,250" step="2"/><W10/><G3/><T46/><D46/><U131/><E131/><V83/><F83/><W67/><G67/><T38/><D64/><U26/><E26/><V39/><F39/><W75/><G75/><T115/><D38/><U133/><E133/><V119/><F119/><W91/><G91/><T107/><D107/><U25/><E25/><V43/><F43/><W55/><AGARI ba="0,1" hai="4,7,10,11,48,50,52,55,68,70,113,114,116,117" machi="55" ten="25,6400,0" yaku="0,1,22,2,54,1" doraHai="29" who="3" fromWho="3" sc="250,-32,250,-16,240,-16,250,74" /><INIT seed="1,0,0,2,3,45" ten="218,234,224,324" oya="1" hai0="21,83,32,75,57,66,123,16,33,120,87,88,84" hai1="114,10,58,27,6,68,77,110,41,46,47,7,79" hai2="131,4,91,121,71,100,40,67,125,94,54,51,103" hai3="82,35,1,117,34,48,105,39,3,86,93,56,72"/><U99/><E68/><V107/><F121/><N who="0" m="46666" /><D75/><U73/><E114/><V104/><F4/><W119/><G105/><T49/><D87/><U13/><E110/><V128/><F40/><W53/><G39/><T28/><D28/><U95/><E7/><V115/><F67/><W112/><G112/><T69/><D69/><U113/><E113/><V23/><F71/><W8/><G93/><T31/><D31/><U134/><E134/><V108/><F23/><W127/><G72/><T85/><D85/><U78/><E27/><V90/><F115/><W22/><G22/><T30/><D30/><U20/><E20/><V126/><F108/><W17/><G127/><N who="2" m="48649" /><F54/><W129/><G129/><N who="2" m="49737" /><F51/><W116/><G17/><T106/><D106/><N who="2" m="40490" /><F90/><N who="3" m="51543" /><G8/><T80/><D66/><U74/><E58/><V96/><AGARI ba="0,0" hai="91,94,96,100,103" m="40490,49737,48649" machi="96" ten="40,8000,1" yaku="18,1,19,1,34,2" doraHai="45" who="2" fromWho="2" sc="218,-20,234,-40,224,80,324,-20" /><INIT seed="2,0,0,5,5,35" ten="198,194,304,304" oya="2" hai0="3,134,21,22,75,114,120,48,25,105,130,122,45" hai1="8,110,133,26,14,74,30,6,109,53,68,100,28" hai2="57,17,90,40,13,38,9,0,76,119,71,73,10" hai3="60,63,85,93,24,86,1,66,56,44,116,83,125"/><V128/><F71/><W103/><G1/><T115/><D105/><U81/><E133/><V91/><F119/><W19/><G116/><T80/><D75/><U131/><E131/><V126/><F57/><N who="3" m="37135" /><G125/><T77/><D80/><U33/><E68/><V43/><F128/><W20/><G44/><T101/><D101/><U111/><E100/><V5/><F126/><W36/><G36/><T106/><D77/><N who="1" m="44215" /><E30/><V64/><F64/><N who="3" m="39015" /><G83/><T39/><D106/><U92/><E92/><V124/><F124/><W102/><G102/><T87/><D39/><U55/><AGARI ba="0,0" hai="6,8,14,26,28,33,53,55,109,110,111" m="44215" machi="55" ten="40,1500,0" yaku="14,1" doraHai="35" who="1" fromWho="1" sc="198,-4,194,15,304,-7,304,-4" /><INIT seed="3,0,0,4,2,71" ten="194,209,297,300" oya="3" hai0="57,128,61,87,32,36,90,9,15,25,37,11,42" hai1="91,130,23,80,93,52,124,108,116,89,125,114,18" hai2="103,95,60,24,98,69,105,53,21,75,38,97,107" hai3="49,126,129,120,115,2,62,134,59,68,0,27,110"/><W99/><G115/><T72/><D72/><U22/><E114/><V113/><F38/><W35/><G120/><T102/><D102/><U20/><E108/><V58/><F75/><W117/><G117/><T45/><D128/><U86/><E130/><V34/><F113/><W41/><G129/><T6/><D11/><U92/><E116/><V82/><F82/><W31/><G68/><T7/><D7/><U76/><E18/><V48/><F34/><W104/><G126/><N who="1" m="48746" /><E52/><V79/><F79/><W64/><G110/><T43/><D32/><U94/><AGARI ba="0,0" hai="20,22,23,76,80,86,89,91,92,93,94" m="48746" machi="94" ten="40,1500,0" yaku="18,1" doraHai="71" who="1" fromWho="1" sc="194,-4,209,15,297,-4,300,-7" /><INIT seed="4,0,0,3,0,52" ten="190,224,293,293" oya="0" hai0="111,101,74,28,29,46,35,56,116,119,16,91,61" hai1="92,51,69,80,57,26,94,68,42,82,73,0,38" hai2="115,90,39,64,127,131,134,106,59,102,87,27,44" hai3="25,31,133,118,75,110,7,53,125,97,77,67,37"/><T40/><D40/><U112/><BYE who="0" /><E0/><V76/><F115/><W108/><G118/><T123/><D123/><U71/><E112/><V129/><F76/><W18/><G37/><T93/><D93/><U1/><E1/><V48/><F127/><W72/><G125/><T85/><D85/><U88/><E38/><V41/><F27/><W62/><G133/><T49/><D49/><U24/><E92/><V66/><F134/><W10/><G18/><T36/><D36/><U96/><E42/><V15/><F15/><W5/><G53/><T43/><D43/><U130/><E130/><N who="2" m="49675" /><F59/><W79/><G97/><T95/><D95/><U117/><E117/><V135/><F39/><W81/><G77/><T21/><D21/><U50/><E24/><V2/><F2/><N who="3" m="311" /><G7/><T89/><D89/><U20/><E73/><V107/><F135/><W114/><G72/><T86/><D86/><U23/><E23/><V109/><F109/><W99/><G99/><T6/><D6/><U113/><E113/><V12/><F12/><W33/><G114/><T103/><D103/><U45/><E57/><V83/><F102/><W60/><G60/><T9/><D9/><U30/><E50/><V84/><F84/><W70/><AGARI ba="0,0" hai="25,31,33,62,67,70,75,79,81,108,110" m="311" machi="70" ten="30,1100,0" yaku="23,1" doraHai="52" who="3" fromWho="3" sc="190,-5,224,-3,293,-3,293,11" owari="185,-31.5,221,-17.9,290,9.0,304,40.4" /></mjloggm>