<mjloggm ver="2.3"><GO type="225" lobby="0"/><UN n0="%72%69%6F%75%63%68%61%6E" n1="%E3%81%AF%E3%82%88%E3%81%8A%E3%81%98%E3%81%95%E3%82%93" n2="%E7%B4%94%E6%BD%94%E3%83%94%E3%83%A9%E3%83%8B%E3%82%A2" n3="%E6%97%A5%E6%9B%9C%E6%97%A5%E3%82%88%E3%82%8A%E3%81%AE%E4%BD%BF%E8%80%85" dan="16,17,16,16" rate="2186.67,2186.29,2123.83,2100.89" sx="M,M,M,M"/><TAIKYOKU oya="0"/><INIT seed="0,0,0,1,1,39" ten="250,250,250,250" oya="0" hai0="54,100,52,103,80,21,59,115,110,18,78,106,132" hai1="92,28,125,93,2,35,89,123,72,127,1,109,56" hai2="40,101,104,53,64,119,10,47,120,118,126,85,43" hai3="82,6,95,3,66,86,25,30,44,79,63,19,129"/><T114/><D132/><U122/><E72/><V69/><F120/><W37/><G129/><T97/><D110/><U108/><E56/><V22/><F126/><N who="1" m="48137" /><E89/><V46/><F10/><W73/><G19/><T134/><D134/><U135/><E135/><V133/><F133/><W50/><G37/><T49/><D103/><U34/><E92/><V131/><F131/><W121/><G121/><N who="1" m="46090" /><E93/><V26/><F85/><W36/><G95/><T58/><D80/><U51/><E51/><N who="2" m="28919" /><F47/><W75/><G36/><T9/><D9/><U128/><E28/><N who="2" m="17495" /><F64/><W11/><G66/><T83/><D83/><U27/><E27/><V98/><F69/><W61/><G75/><T102/><D102/><U90/><E90/><V71/><F71/><W42/><REACH who="3" step="1"/><G73/><REACH who="3" ten="250,250,250,240" step="2"/><T67/><D67/><U62/><E128/><V70/><F70/><W4/><G4/><T84/><D84/><U24/><E108/><V112/><F112/><W48/><G48/><T13/><D78/><U107/><E109/><V116/><AGARI ba="0,1" hai="40,43,98,101,104,116,118,119" m="17495,28919" machi="116" ten="30,4000,0" yaku="12,1,52,2" doraHai="39" who="2" fromWho="2" sc="250,-20,250,-10,250,50,240,-10" /><INIT seed="1,0,0,3,5,9" ten="230,240,300,230" oya="1" hai0="30,34,8,11,47,110,129,99,0,127,63,91,14" hai1="108,84,120,53,32,132,78,135,117,59,36,46,72" hai2="42,70,128,121,115,25,101,62,19,27,51,15,85" hai3="71,44,95,56,69,87,33,97,81,100,89,125,67"/><U107/><E120/><V98/><F121/><W16/><G33/><T104/><D110/><U26/><E117/><V18/><F115/><W65/><G125/><T88/><D129/><U96/><E72/><V66/><F128/><W2/><G2/><T22/><D127/><U83/><E108/><V4/><F4/><W131/><G131/><T35/><D0/><U52/><E107/><V77/><F19/><W90/><G44/><T79/><D79/><U21/><E32/><V37/><F37/><W76/><G76/><T119/><D119/><U43/><E96/><V74/><F74/><W29/><G29/><T68/><D47/><U7/><E7/><V54/><F42/><W75/><G75/><T45/><D45/><U49/><REACH who="1" step="1"/><E53/><REACH who="1" ten="230,230,300,230" step="2"/><V31/><F54/><W86/><G71/><T1/><D34/><U28/><AGARI ba="0,1" hai="21,26,28,36,43,46,49,52,59,78,83,84,132,135" machi="28" ten="30,12000,1" yaku="1,1,2,1,0,1,54,1,53,1" doraHai="9" doraHaiUra="48" who="1" fromWho="1" sc="230,-40,230,130,300,-40,230,-40" /><INIT seed="1,1,0,2,0,38" ten="190,360,260,190" oya="1" hai0="58,36,115,46,127,89,111,42,57,59,24,10,93" hai1="128,1,109,77,62,18,48,107,78,3,112,80,117" hai2="40,131,67,49,20,95,30,8,71,56,105,100,66" hai3="11,76,7,106,33,74,104,14,52,102,13,132,15"/><U53/><E112/><V87/><F71/><W43/><G33/><T28/><D111/><U5/><E117/><V119/><F119/><W37/><G132/><T55/><D127/><U99/><E109/><V133/><F131/><W50/><G102/><T81/><D115/><U27/><E128/><V92/><F8/><W116/><G116/><T108/><D108/><U51/><E62/><V44/><F105/><W65/><G65/><T130/><D130/><U75/><E78/><V35/><F35/><W9/><G37/><T2/><D81/><U135/><E135/><V73/><F73/><W4/><G15/><T31/><D55/><U103/><E5/><V23/><F66/><W85/><G74/><T17/><D24/><U129/><E129/><V32/><F32/><W86/><G43/><T29/><D17/><U63/><E63/><N who="2" m="38375" /><F30/><W94/><G76/><T70/><D70/><U91/><E48/><V110/><F110/><W98/><G104/><T60/><D60/><U101/><E103/><V16/><F16/><W113/><G106/><T45/><D45/><U134/><E134/><V6/><F6/><W34/><G34/><T114/><D114/><U41/><E18/><V54/><F40/><W68/><G68/><T39/><D39/><U61/><E27/><V84/><F100/><N who="3" m="60503" /><G113/><T83/><D2/><N who="1" m="523" /><E61/><V124/><F124/><W120/><G120/><T125/><D125/><U118/><E41/><V123/><F123/><W22/><G22/><N who="2" m="8233" /><F133/><W26/><G26/><T79/><D10/><U69/><E118/><V19/><F19/><W126/><G126/><T21/><D42/><RYUUKYOKU ba="1,0" sc="190,-15,360,-15,260,15,190,15" hai2="44,49,54,84,87,92,95" hai3="4,7,9,11,13,14,50,52,85,86" /><INIT seed="2,2,0,4,0,98" ten="175,345,275,205" oya="2" hai0="19,33,128,106,99,109,16,56,31,82,72,37,87" hai1="113,102,90,120,96,4,40,130,1,81,50,52,124" hai2="103,67,27,21,2,48,89,61,25,43,84,13,5" hai3="88,60,58,66,30,131,55,17,78,3,39,71,36"/><V57/><F2/><W12/><G3/><T18/><D128/><U45/><E113/><V47/><F103/><W44/><G131/><T80/><D37/><U95/><E130/><V104/><F104/><W22/><G78/><T64/><D109/><U112/><E112/><V32/><F32/><W129/><G129/><T46/><D72/><U59/><E124/><V14/><F5/><W100/><G30/><T29/><D46/><U132/><E132/><V10/><F10/><W49/><G100/><T108/><D108/><U123/><E4/><V121/><F25/><W0/><G0/><T8/><D106/><U75/><E1/><V6/><F6/><W111/><G111/><T77/><D99/><U38/><E75/><V68/><F68/><W93/><REACH who="3" step="1"/><G44/><REACH who="3" ten="175,345,275,195" step="2"/><T127/><D127/><U115/><E115/><V69/><F121/><W85/><AGARI ba="2,1" hai="12,17,22,36,39,49,55,58,60,66,71,85,88,93" machi="85" ten="20,16000,3" yaku="1,1,2,1,0,1,7,1,25,2,54,1,53,1" doraHai="98" doraHaiUra="63" who="3" fromWho="3" sc="175,-42,345,-42,275,-82,195,176" /><INIT seed="3,0,0,1,3,126" ten="133,303,193,371" oya="3" hai0="132,135,75,89,14,28,35,47,5,112,43,116,82" hai1="65,61,77,30,6,19,90,120,79,15,40,52,22" hai2="103,58,73,96,13,42,122,2,110,1,87,54,97" hai3="118,34,88,113,25,66,59,95,45,27,93,32,84"/><W0/><G113/><T39/><D116/><U119/><E120/><V115/><F73/><W125/><G118/><T4/><D112/><U69/><E119/><V26/><F42/><W102/><G0/><T100/><D100/><U76/><E40/><V99/><F110/><W131/><G131/><T21/><D35/><U78/><N who="1" m="19456" /><DORA hai="50" /><U127/><E127/><V105/><F87/><W37/><G37/><T67/><D75/><U68/><E30/><V85/><F85/><W11/><G34/><T62/><D82/><U10/><E90/><V121/><F26/><W8/><G32/><T7/><D89/><U70/><REACH who="1" step="1"/><E52/><REACH who="1" ten="133,293,193,371" step="2"/><V81/><F54/><W80/><G125/><T41/><D41/><U63/><E63/><V108/><F121/><W83/><G83/><T55/><D28/><U57/><E57/><V53/><F58/><W56/><G80/><T117/><D117/><U101/><E101/><V72/><F53/><W98/><G59/><T107/><D107/><U111/><E111/><V92/><F81/><W71/><G56/><T74/><D74/><U29/><E29/><V129/><F72/><W91/><G91/><T123/><D123/><U60/><E60/><V86/><F103/><W130/><G88/><T109/><D109/><U38/><E38/><V49/><F108/><W133/><G102/><T124/><D124/><U94/><E94/><V12/><F105/><W9/><G95/><T44/><D67/><U20/><E20/><V3/><F122/><W106/><G66/><T17/><D62/><U36/><E36/><V128/><F115/><W16/><G106/><RYUUKYOKU ba="0,1" sc="133,15,293,15,193,-15,371,-15" hai0="4,5,7,14,17,21,39,43,44,47,55,132,135" hai1="6,10,15,19,22,61,65,68,69,70" owari="148,-35.2,308,10.8,178,-22.2,366,46.6" /></mjloggm>