<mjloggm ver="2.3"><GO type="225" lobby="0"/><UN n0="%E7%99%BD%E6%97%A5%E9%9B%AA%E8%8F%9C" n1="%E3%83%AB%E3%83%9B%E3%83%B3%E3%83%87%E3%82%A3%E3%82%A8" n2="%E5%8D%A0%E3%81%84%E5%B8%AB%E8%A3%8F%E3%81%AA%E3%81%84%E3%81%97" n3="%E3%81%B5%E3%81%98%E3%81%8B%E3%81%A4" dan="17,17,17,17" rate="2218.72,2157.74,2221.65,2226.55" sx="M,M,M,M"/><TAIKYOKU oya="0"/><INIT seed="0,0,0,2,0,35" ten="250,250,250,250" oya="0" hai0="66,0,73,40,84,108,25,85,13,48,27,49,78" hai1="18,51,112,29,111,134,26,88,12,46,77,58,60" hai2="16,31,99,109,3,81,131,52,129,15,53,128,28" hai3="97,79,127,6,55,105,19,82,24,20,102,61,90"/><T64/><D0/><U122/><E122/><V87/><F109/><W39/><G127/><T118/><D118/><U86/><E111/><V106/><F3/><W43/><G90/><T14/><D73/><U47/><E77/><N who="2" m="46511" /><F99/><W121/><G121/><T133/><D108/><U67/><E134/><V41/><F41/><W98/><G98/><T119/><D119/><U92/><E112/><V96/><F96/><W38/><G6/><T126/><D40/><U71/><E51/><V11/><F106/><W57/><REACH who="3" step="1"/><G43/><REACH who="3" ten="250,250,250,240" step="2"/><T1/><D126/><U23/><REACH who="1" step="1"/><E71/><REACH who="1" ten="250,240,250,240" step="2"/><V94/><F131/><W34/><G34/><AGARI ba="0,2" hai="12,18,23,26,29,34,46,47,58,60,67,86,88,92" machi="34" ten="30,8000,1" yaku="1,1,2,1,7,1,54,1,53,1" doraHai="35" doraHaiUra="17" who="1" fromWho="3" sc="250,0,240,100,250,0,240,-80" /><INIT seed="1,0,0,0,2,122" ten="250,340,250,160" oya="1" hai0="6,22,48,108,80,105,17,24,66,96,29,101,21" hai1="112,90,42,119,46,102,14,72,104,100,116,68,0" hai2="78,4,127,3,15,131,33,70,71,93,92,123,62" hai3="37,88,64,23,1,43,55,74,50,126,130,115,2"/><U89/><E0/><V32/><F123/><W35/><G115/><T114/><D114/><U106/><E68/><V34/><F3/><W83/><G35/><T27/><D6/><U20/><E20/><V28/><F131/><W133/><G130/><T110/><D66/><U124/><E14/><V73/><F127/><W12/><G126/><T98/><D80/><U121/><E46/><V51/><F28/><W82/><G64/><T65/><D65/><U13/><E13/><V128/><F128/><W129/><G129/><T109/><D96/><U59/><E59/><V76/><F62/><W9/><G133/><T97/><D97/><U56/><E56/><V107/><F107/><N who="1" m="41001" /><E42/><V103/><F51/><AGARI ba="0,0" hai="17,21,22,24,27,29,48,51,98,101,105,108,109,110" machi="51" ten="40,8000,1" yaku="14,1,52,3" doraHai="122" who="0" fromWho="2" sc="250,80,340,0,250,-80,160,0" /><INIT seed="2,0,0,4,4,110" ten="330,340,170,160" oya="2" hai0="76,37,80,48,62,118,50,78,4,70,73,39,122" hai1="56,46,6,14,106,102,27,116,88,1,49,54,128" hai2="41,67,85,99,23,91,101,34,31,71,75,63,79" hai3="93,133,65,98,32,134,107,89,109,28,13,24,29"/><V132/><F132/><N who="3" m="50795" /><G109/><T12/><D122/><U19/><E128/><V103/><F41/><W135/><N who="3" m="50803" /><W2/><DORA hai="26" /><G2/><T33/><D33/><U64/><E1/><V66/><F75/><W131/><G131/><T114/><D76/><U25/><E6/><V82/><F34/><W113/><G113/><T90/><D114/><U22/><E102/><V5/><F5/><W35/><G65/><T61/><D118/><U72/><E106/><V43/><F43/><W36/><G36/><T51/><D90/><U20/><E72/><V97/><F66/><W69/><G13/><T16/><D4/><U10/><E116/><V53/><F53/><W55/><G55/><T86/><D73/><U77/><E77/><V83/><F99/><W84/><G69/><T100/><D100/><U11/><E14/><V7/><F7/><W120/><G120/><T96/><D96/><U30/><E88/><V47/><F47/><W121/><G121/><T112/><D112/><U45/><E45/><V104/><F103/><N who="3" m="62967" /><G24/><T87/><D70/><U60/><AGARI ba="0,0" hai="10,11,19,20,22,25,27,30,46,49,54,56,60,64" machi="60" ten="30,4000,0" yaku="0,1,8,1,52,1" doraHai="110,26" who="1" fromWho="1" sc="330,-10,340,40,170,-20,160,-10" /><INIT seed="3,0,0,5,2,80" ten="320,380,150,150" oya="3" hai0="32,66,40,33,124,118,22,135,96,4,84,102,64" hai1="14,113,107,67,23,30,58,68,133,25,93,24,47" hai2="29,75,85,49,21,59,8,101,95,36,87,71,19" hai3="55,74,37,52,45,35,134,119,77,69,48,123,57"/><W78/><G123/><T9/><D118/><U18/><E107/><V34/><F75/><W28/><G119/><T17/><D124/><U56/><E68/><V89/><F36/><W70/><G134/><T120/><D120/><U73/><E73/><V131/><F131/><W83/><G78/><T114/><D135/><U125/><E113/><V112/><F71/><W42/><REACH who="3" step="1"/><G55/><REACH who="3" ten="320,380,150,140" step="2"/><T60/><D114/><U39/><E133/><V128/><F112/><W2/><G2/><T1/><D1/><U16/><E125/><V44/><F128/><W121/><G121/><T91/><D40/><U109/><E109/><V130/><F130/><W79/><G79/><T88/><D66/><U127/><E127/><V26/><F101/><W53/><G53/><T65/><D65/><U5/><E67/><V13/><F59/><W110/><G110/><T111/><D64/><U129/><E56/><V90/><F34/><W122/><G122/><T98/><D102/><U7/><E58/><V61/><F61/><W27/><AGARI ba="0,1" hai="27,28,35,37,42,45,48,52,57,69,70,74,77,83" machi="27" ten="30,6000,0" yaku="1,1,0,1,54,1,53,0" doraHai="80" doraHaiUra="10" who="3" fromWho="3" sc="320,-20,380,-20,150,-20,140,70" /><INIT seed="3,1,0,3,1,83" ten="300,360,130,210" oya="3" hai0="124,49,9,98,28,53,134,85,113,50,125,120,17" hai1="119,10,44,65,36,11,21,16,20,122,64,108,54" hai2="32,80,129,131,89,0,92,6,91,110,102,118,51" hai3="19,70,43,90,30,3,22,101,45,68,46,40,100"/><W107/><G3/><T72/><D120/><U63/><E122/><V93/><F32/><W34/><G90/><T12/><D72/><U121/><E121/><V76/><F6/><W114/><G114/><T4/><D134/><U127/><E108/><V95/><F0/><W5/><G5/><T24/><D113/><U47/><E21/><V77/><F51/><W78/><G78/><N who="2" m="30313" /><F118/><W94/><G107/><T75/><D75/><U105/><E105/><V106/><F110/><W97/><G101/><T1/><D98/><U135/><E127/><V81/><F106/><W8/><G34/><T33/><D85/><U7/><E36/><V56/><F56/><W123/><G68/><T82/><D82/><N who="2" m="31850" /><F102/><W67/><G100/><T61/><D61/><U66/><E119/><V59/><F59/><W87/><G70/><T25/><D25/><U42/><E63/><V60/><F60/><W84/><G123/><T112/><D112/><U35/><E35/><V88/><AGARI ba="1,0" hai="88,89,91,92,93,95,129,131" m="31850,30313" machi="88" ten="40,8000,1" yaku="28,2,34,2,54,1" doraHai="83" who="2" fromWho="2" sc="300,-21,360,-21,130,83,210,-41" owari="279,7.9,339,43.9,213,-18.7,169,-33.1" /></mjloggm>