<mjloggm ver="2.3"><GO type="225" lobby="0"/><UN n0="%E9%80%9F%E6%B0%B4%E5%87%9B%E9%A6%99" n1="%E3%81%A1%E3%82%85%E3%81%86%E3%81%A9%E3%81%8F%E8%B1%A1%E3%81%95%E3%82%93" n2="%E2%91%A3%E9%81%BF%E9%81%8A%E6%88%AF%E3%80%90%E6%9D%B1%E5%8D%97%E3%80%91" n3="%E3%81%99%E3%81%84%E3%81%BE%E3%81%9B%E3%83%BC%E3%82%93" dan="16,17,16,16" rate="2120.05,2125.21,2114.41,2138.59" sx="F,M,M,M"/><TAIKYOKU oya="0"/><INIT seed="0,0,0,2,1,11" ten="250,250,250,250" oya="0" hai0="135,3,16,91,13,116,68,69,92,120,57,82,109" hai1="80,111,37,72,26,66,63,96,131,8,88,41,126" hai2="14,24,49,36,39,34,27,18,110,45,93,60,62" hai3="40,9,4,46,55,23,86,64,95,79,134,84,70"/><T17/><D120/><U98/><E111/><V21/><F110/><W71/><G134/><T118/><D116/><U28/><E131/><V30/><F27/><W65/><G55/><T32/><D3/><U114/><E126/><V123/><F123/><W133/><G133/><T81/><D118/><U106/><E114/><V52/><REACH who="2" step="1"/><F93/><REACH who="2" ten="250,250,240,250" step="2"/><W78/><G95/><T132/><D109/><U6/><E106/><V7/><F7/><W51/><G4/><T53/><D135/><U67/><E6/><V99/><F99/><W74/><G74/><T15/><D132/><U94/><E98/><V76/><F76/><W42/><G79/><T108/><D108/><U48/><E72/><V105/><F105/><W127/><G78/><T44/><D32/><U104/><E104/><V35/><F35/><W100/><G86/><N who="0" m="52343" /><D69/><U125/><E96/><V20/><F20/><W31/><G23/><N who="0" m="11663" /><D68/><U112/><E94/><V107/><F107/><W58/><G71/><T77/><D77/><U0/><E112/><V22/><F22/><W87/><G70/><T61/><D44/><U115/><E115/><V73/><F73/><W101/><G46/><T54/><D53/><U19/><E26/><V102/><F102/><W89/><G101/><T50/><D61/><AGARI ba="0,1" hai="14,18,21,24,30,34,36,39,45,49,52,60,61,62" machi="61" ten="40,5200,0" yaku="1,1,52,1,54,1,53,0" doraHai="11" doraHaiUra="90" who="2" fromWho="0" sc="250,-52,250,0,240,62,250,0" /><INIT seed="1,0,0,4,2,40" ten="198,250,302,250" oya="1" hai0="46,88,23,20,100,73,21,17,104,4,121,38,113" hai1="26,99,134,112,75,103,50,81,90,109,123,61,79" hai2="41,28,69,77,49,87,97,102,12,52,70,71,10" hai3="47,78,16,64,8,92,125,59,86,76,1,128,68"/><U15/><E123/><V126/><F126/><W105/><G105/><T101/><D73/><U127/><E112/><V43/><F28/><W27/><G125/><T124/><D113/><U85/><E127/><V114/><F114/><W118/><G68/><T116/><D116/><U133/><E61/><V29/><F29/><W111/><G111/><T82/><D124/><U65/><E26/><V131/><F131/><W5/><G128/><T35/><D35/><U83/><E65/><V98/><F98/><W119/><G47/><T57/><D121/><U42/><E15/><V0/><F0/><W25/><G59/><T120/><D120/><U63/><E63/><V11/><F11/><W13/><G64/><T74/><D74/><U55/><E42/><V14/><F14/><W106/><G106/><T18/><D4/><U89/><E109/><V115/><F115/><W72/><G72/><T2/><D2/><U60/><E60/><V22/><F22/><N who="3" m="11535" /><G78/><T9/><D9/><U130/><E130/><V51/><F77/><W117/><G76/><T48/><D57/><U32/><E32/><V66/><F66/><W122/><G122/><T94/><D82/><U30/><E30/><V91/><F71/><W19/><G19/><N who="0" m="7179" /><D104/><U6/><E6/><N who="2" m="3159" /><F51/><W39/><G39/><T108/><D108/><U53/><E89/><AGARI ba="0,0" hai="1,5,8,25,27,86,89,92,117,118,119" m="11535" machi="89" ten="30,2000,0" yaku="12,1,54,1" doraHai="40" who="3" fromWho="1" sc="198,0,250,-20,302,0,250,20" /><INIT seed="2,0,0,0,2,108" ten="198,230,302,270" oya="2" hai0="34,112,44,15,53,99,77,31,120,88,74,30,118" hai1="109,22,65,107,94,20,55,119,126,29,45,36,57" hai2="86,104,95,3,11,32,21,64,33,1,19,121,2" hai3="93,9,105,16,47,10,27,66,35,111,67,96,69"/><V128/><F104/><W56/><G105/><T122/><D112/><U70/><E119/><V58/><F121/><W131/><G111/><T4/><D118/><U7/><E107/><V71/><F71/><W129/><G69/><T49/><D34/><U73/><E109/><V79/><F128/><N who="3" m="49227" /><G47/><T6/><D122/><U130/><E73/><V101/><F58/><W135/><G135/><T37/><D37/><U91/><E130/><V62/><F62/><N who="3" m="38215" /><G67/><T63/><D120/><U12/><E126/><V17/><F64/><W61/><G61/><T0/><D0/><U40/><E70/><V127/><F127/><W42/><G42/><T115/><D115/><U59/><E65/><V26/><F101/><N who="3" m="60559" /><G16/><T106/><D106/><U98/><E29/><AGARI ba="0,0" hai="9,10,27,29,35" m="60559,38215,49227" machi="29" ten="30,1000,0" yaku="19,1" doraHai="108" who="3" fromWho="1" sc="198,0,230,-10,302,0,270,10" /><INIT seed="3,0,0,1,1,132" ten="198,220,302,280" oya="3" hai0="7,121,14,53,104,17,60,80,6,114,44,78,66" hai1="28,95,46,99,21,96,86,111,98,106,38,0,71" hai2="125,55,63,108,72,52,100,61,68,31,130,92,119" hai3="11,10,69,122,91,23,25,50,64,33,24,76,110"/><W112/><G112/><T79/><D104/><U129/><E0/><V85/><F119/><W102/><G122/><T90/><D121/><U128/><E71/><V113/><F72/><W35/><G76/><T82/><D114/><U49/><E38/><V29/><F68/><W131/><G102/><T18/><D66/><U88/><E111/><V51/><F113/><W37/><G37/><T16/><D90/><U43/><E106/><V59/><F108/><W20/><G91/><T22/><D22/><U134/><E134/><V13/><F130/><N who="1" m="50281" /><E21/><N who="3" m="8266" /><G50/><N who="0" m="28871" /><D60/><U48/><E48/><V8/><F51/><W101/><G101/><T97/><D97/><U74/><E28/><V19/><F100/><W77/><G77/><N who="0" m="29195" /><D14/><U94/><E74/><V103/><F103/><AGARI ba="0,0" hai="43,46,49,86,88,94,95,96,98,99,103" m="50281" machi="103" ten="30,2000,0" yaku="19,1,54,1" doraHai="132" who="1" fromWho="2" sc="198,0,220,20,302,-20,280,0" /><INIT seed="4,0,0,2,4,43" ten="198,240,282,280" oya="0" hai0="122,68,105,100,8,110,108,19,48,23,32,87,55" hai1="64,71,36,1,118,81,42,59,9,130,111,73,67" hai2="35,10,80,112,6,133,0,96,38,63,21,40,31" hai3="95,124,54,102,104,37,51,25,7,66,77,44,52"/><T117/><D68/><U79/><E118/><V22/><F133/><W131/><G104/><T126/><D32/><U53/><E111/><N who="0" m="42537" /><D117/><U75/><E75/><V89/><F112/><W123/><G124/><T49/><D122/><U84/><E130/><V34/><F63/><W33/><G131/><T14/><D126/><U82/><E71/><V92/><F80/><W18/><G123/><T56/><D105/><U2/><E2/><V129/><F129/><W99/><G7/><T15/><D100/><U103/><E103/><V28/><F40/><W132/><G132/><T24/><D87/><U47/><E9/><V114/><F38/><W90/><G66/><T50/><D15/><U13/><E13/><V135/><F135/><W85/><G77/><T46/><D46/><U70/><E1/><V3/><F3/><W27/><G33/><T83/><D83/><U107/><E70/><V60/><F114/><W91/><G102/><T116/><D116/><U69/><E69/><V86/><F86/><W125/><G125/><T88/><D88/><U121/><E107/><V61/><F35/><W98/><G91/><T12/><D12/><U30/><E121/><V106/><F106/><W16/><G37/><T4/><AGARI ba="0,0" hai="4,8,14,19,23,24,48,49,50,55,56" m="42537" machi="4" ten="30,1500,0" yaku="10,1" doraHai="43" who="0" fromWho="0" sc="198,15,240,-5,282,-5,280,-5" /><INIT seed="4,1,0,4,3,21" ten="213,235,277,275" oya="0" hai0="68,36,0,4,89,123,52,56,49,51,2,102,63" hai1="108,79,114,64,97,23,121,3,35,12,48,133,31" hai2="124,76,50,58,107,103,125,116,18,19,80,59,9" hai3="16,33,53,7,88,62,38,126,60,100,99,96,5"/><T42/><D123/><U1/><E121/><V27/><F116/><W82/><G38/><T78/><D102/><U41/><E108/><V15/><F107/><W128/><G33/><T132/><D132/><U66/><E35/><V101/><F103/><W57/><G126/><N who="2" m="48745" /><F101/><W13/><G128/><T40/><D78/><U130/><E79/><V131/><F131/><W37/><G37/><T14/><D68/><U84/><E23/><N who="2" m="13823" /><F58/><W61/><G5/><T45/><D36/><U8/><E133/><V105/><F59/><W74/><G7/><T90/><D0/><U69/><E1/><V110/><F50/><N who="3" m="30903" /><G74/><T70/><D2/><U6/><E3/><V10/><F105/><W75/><G75/><T44/><D70/><U122/><E69/><V28/><F28/><W43/><G43/><T25/><D25/><U104/><E31/><V30/><F30/><W29/><G29/><T24/><D24/><U26/><E41/><V92/><F92/><W113/><G100/><T39/><D39/><U65/><E26/><V71/><F71/><W86/><G113/><T129/><D129/><U118/><E114/><V55/><F110/><W20/><AGARI ba="1,0" hai="13,16,20,60,61,62,82,86,88,96,99" m="30903" machi="20" ten="30,4000,0" yaku="8,1,54,2" doraHai="21" who="3" fromWho="3" sc="213,-21,235,-11,277,-11,275,43" owari="192,-30.8,224,-17.6,266,6.6,318,41.8" /></mjloggm>