<mjloggm ver="2.3"><GO type="225" lobby="0"/><UN n0="%E3%81%99%E3%81%84%E3%81%BE%E3%81%9B%E3%83%BC%E3%82%93" n1="%E6%80%AA%E3%81%97%E3%81%99%E3%81%8E%E3%82%8B%E3%83%81%E3%83%BC" n2="%E2%91%A3%E9%81%BF%E9%81%8A%E6%88%AF%E3%80%90%E6%9D%B1%E5%8D%97%E3%80%91" n3="%E6%A1%9C%E8%8A%B1%E9%96%83%E3%80%85" dan="16,16,16,17" rate="2134.58,2115.27,2131.96,2231.32" sx="M,M,M,M"/><TAIKYOKU oya="0"/><INIT seed="0,0,0,3,0,44" ten="250,250,250,250" oya="0" hai0="19,79,33,131,29,122,15,3,84,47,83,120,61" hai1="49,108,112,85,127,35,20,70,26,7,11,130,10" hai2="124,16,77,38,109,45,23,101,119,132,25,74,8" hai3="64,113,32,56,78,104,80,55,118,91,73,21,1"/><T12/><D131/><U57/><E70/><V40/><F109/><W117/><G32/><T115/><D115/><U93/><E35/><V4/><F119/><W97/><G113/><T65/><D3/><U36/><E36/><V22/><F132/><W125/><G1/><T52/><D29/><N who="1" m="17607" /><E112/><V30/><F124/><W48/><G125/><T95/><D33/><U110/><E130/><V94/><F94/><W88/><G64/><T54/><D95/><U59/><E59/><V46/><F46/><W92/><G91/><T58/><D12/><U89/><E127/><V133/><F101/><W116/><G21/><T123/><REACH who="0" step="1"/><D47/><REACH who="0" ten="240,250,250,250" step="2"/><U135/><E108/><V31/><F133/><W87/><REACH who="3" step="1"/><G104/><REACH who="3" ten="240,250,250,240" step="2"/><T5/><D5/><U106/><E7/><V27/><F4/><W126/><G126/><T103/><D103/><U13/><E106/><V14/><F74/><AGARI ba="0,2" hai="48,55,56,73,74,78,80,87,88,92,97,116,117,118" machi="74" ten="40,5200,0" yaku="1,1,52,1,54,1,53,0" doraHai="44" doraHaiUra="24" who="3" fromWho="2" sc="240,0,250,0,250,-52,240,72" /><INIT seed="1,0,0,0,5,76" ten="240,250,198,312" oya="1" hai0="109,97,123,96,56,132,58,30,22,27,94,61,86" hai1="51,108,0,112,105,13,23,11,40,42,43,119,134" hai2="129,6,62,4,9,60,18,57,126,67,17,114,73" hai3="103,111,25,131,124,102,63,121,70,36,31,74,125"/><U47/><E112/><V12/><F114/><W80/><G36/><T84/><D109/><U50/><E119/><V24/><F73/><W107/><G121/><T41/><D132/><U19/><E105/><V33/><F126/><N who="3" m="48747" /><G111/><T101/><D123/><U66/><E108/><V110/><F129/><W49/><G49/><T128/><D128/><U54/><E134/><V104/><F104/><W48/><G48/><T91/><D41/><U26/><E66/><V95/><F110/><W87/><G74/><T21/><D21/><U71/><E0/><V28/><F95/><W46/><G46/><T72/><D72/><U115/><E71/><V59/><REACH who="2" step="1"/><F4/><REACH who="2" ten="240,250,188,312" step="2"/><W127/><G107/><T2/><D94/><U98/><E115/><V99/><F99/><W29/><G131/><T82/><D97/><U10/><E98/><V83/><F83/><W106/><G106/><T38/><D82/><U55/><REACH who="1" step="1"/><E26/><REACH who="1" ten="240,240,188,312" step="2"/><V75/><F75/><W65/><G127/><T85/><D27/><U68/><E68/><V14/><F14/><W78/><G25/><T120/><D96/><U90/><E90/><V93/><F93/><W35/><G103/><T45/><D101/><U39/><E39/><V64/><AGARI ba="0,2" hai="6,9,12,17,18,24,28,33,57,59,60,62,64,67" machi="64" ten="20,5200,0" yaku="1,1,0,1,7,1,9,1,53,0" doraHai="76" doraHaiUra="77" who="2" fromWho="2" sc="240,-13,240,-26,188,72,312,-13" /><INIT seed="2,0,0,4,1,116" ten="227,214,260,299" oya="2" hai0="97,53,100,121,98,16,43,33,75,48,9,30,135" hai1="36,70,37,114,111,69,50,18,46,13,91,11,66" hai2="19,57,78,95,14,76,77,80,24,35,25,31,20" hai3="4,105,64,45,21,44,62,63,32,82,115,106,34"/><V1/><F1/><W125/><G4/><T129/><D75/><U134/><E114/><V113/><F113/><W101/><G82/><T58/><D121/><U122/><E111/><V120/><F120/><W123/><G21/><T17/><D135/><U133/><E122/><V67/><F25/><W84/><G84/><T109/><D109/><U52/><E91/><V8/><F35/><W73/><G73/><T88/><D129/><U87/><E87/><V22/><F8/><W51/><G51/><T131/><D131/><U49/><E49/><V85/><F95/><W130/><G64/><T128/><D128/><U40/><E37/><V60/><AGARI ba="0,0" hai="14,19,20,22,24,31,57,60,67,76,77,78,80,85" machi="60" ten="30,3000,0" yaku="0,1,8,1" doraHai="116" who="2" fromWho="2" sc="227,-10,214,-10,260,30,299,-10" /><INIT seed="2,1,0,1,3,40" ten="217,204,290,289" oya="2" hai0="3,75,91,103,126,124,76,78,135,83,20,129,28" hai1="80,66,89,8,131,134,31,130,25,1,26,106,11" hai2="109,50,62,96,49,118,117,51,12,9,113,82,95" hai3="30,52,48,6,13,73,71,104,93,115,85,133,100"/><V39/><F39/><W107/><G73/><T125/><D3/><U19/><E106/><V86/><F113/><W37/><G37/><T90/><D129/><N who="1" m="49163" /><E134/><V46/><F109/><W122/><G122/><T34/><D34/><N who="1" m="20847" /><E66/><V16/><F62/><W4/><G71/><T59/><D135/><U23/><E1/><V121/><F121/><W33/><G133/><T61/><D78/><U65/><E65/><V14/><F14/><W119/><G119/><T22/><D103/><U47/><E47/><V58/><F58/><W21/><G33/><T99/><D28/><U7/><E7/><V29/><F29/><W53/><G100/><T112/><D112/><U108/><E108/><V116/><F95/><W79/><G93/><N who="0" m="56759" /><D91/><U111/><E111/><V57/><F96/><W101/><G101/><T44/><D44/><U88/><E89/><V42/><REACH who="2" step="1"/><F57/><REACH who="2" ten="217,204,280,289" step="2"/><N who="3" m="32903" /><G115/><T128/><D128/><U120/><E120/><V36/><F36/><W41/><G30/><T54/><AGARI ba="1,1" hai="20,22,54,59,61,75,76,83,124,125,126" m="56759" machi="54" ten="30,1100,0" yaku="18,1" doraHai="40" who="0" fromWho="0" sc="217,24,204,-4,280,-6,289,-4" /><INIT seed="3,0,0,1,5,15" ten="241,200,274,285" oya="3" hai0="134,31,93,49,119,50,87,1,5,85,64,99,72" hai1="67,43,28,113,46,103,100,81,23,88,131,105,104" hai2="76,26,10,16,101,14,40,19,90,112,114,0,63" hai3="118,54,96,53,75,51,115,11,91,37,4,20,135"/><W48/><G115/><T55/><D119/><U2/><E113/><V24/><F0/><W92/><G37/><T120/><D72/><U107/><E131/><V52/><F114/><W83/><G118/><T22/><D120/><U6/><E67/><V36/><F112/><W29/><G135/><T121/><D121/><U117/><E117/><V77/><F36/><W30/><G75/><T45/><D64/><U41/><E6/><V132/><F40/><W32/><G32/><T122/><D134/><U89/><E2/><V111/><F132/><W123/><G83/><T97/><D97/><U109/><E109/><V86/><F101/><W7/><G123/><T94/><D93/><U57/><E57/><N who="2" m="35239" /><F111/><W3/><G4/><T61/><D5/><U125/><E125/><V47/><F47/><W79/><G79/><N who="2" m="30281" /><F19/><W18/><G53/><T129/><D1/><U127/><E127/><V78/><F78/><W102/><G102/><T98/><D129/><U106/><N who="1" m="26624" /><DORA hai="95" /><U130/><E130/><V35/><F35/><W66/><G66/><T60/><D122/><U74/><E74/><V59/><F59/><W124/><G124/><T39/><D55/><U62/><E62/><V84/><F84/><W70/><G70/><T42/><D45/><U44/><E44/><V82/><AGARI ba="0,0" hai="10,14,16,24,26,82,86,90" m="30281,35239" machi="82" ten="30,7900,0" yaku="8,1,52,1,54,2" doraHai="15,95" who="2" fromWho="2" sc="241,-20,200,-20,274,79,285,-39" owari="221,-17.9,180,-32.0,353,45.3,246,4.6" /></mjloggm>