<mjloggm ver="2.3"><GO type="225" lobby="0"/><UN n0="%E5%BA%97%E9%95%B7%4D" n1="%E3%83%B4%E3%83%A0%EF%BC%99%E3%81%A6" n2="%E7%AB%8B%E7%9B%B4%E5%A5%BD%E6%A3%92%40%E5%BF%98" n3="%E3%83%AC%E3%82%A4%E3%83%88%E3%83%B3%E5%87%86%E6%95%99%E6%8E%88" dan="16,16,17,18" rate="2109.04,2125.98,2135.68,2257.20" sx="M,M,M,M"/><TAIKYOKU oya="0"/><INIT seed="0,0,0,3,2,54" ten="250,250,250,250" oya="0" hai0="83,109,10,57,105,135,134,5,16,130,106,30,8" hai1="132,102,122,51,27,18,97,43,94,59,63,38,71" hai2="114,113,93,115,131,49,62,22,26,87,60,2,81" hai3="25,24,84,67,70,96,41,112,31,64,101,68,53"/><T1/><D130/><U118/><E118/><V126/><F2/><W28/><G112/><T44/><D30/><U46/><E122/><V33/><F33/><W86/><G53/><T125/><D125/><U35/><E132/><N who="0" m="50729" /><D44/><U128/><E128/><V58/><F126/><W92/><G41/><T20/><D10/><U95/><E71/><V17/><F131/><W45/><G45/><T21/><D21/><U52/><E94/><V9/><F9/><W78/><G78/><T40/><D40/><U77/><E77/><V88/><F49/><W42/><G42/><T66/><D83/><U79/><E79/><V121/><F121/><W12/><G12/><N who="0" m="9223" /><D109/><U110/><E110/><V34/><F34/><W107/><G31/><T123/><D123/><U56/><E35/><V124/><F124/><W65/><G25/><T6/><D6/><U32/><E32/><V111/><F111/><W75/><G24/><T13/><D13/><U36/><E27/><V91/><REACH who="2" step="1"/><F58/><REACH who="2" ten="250,250,240,250" step="2"/><W0/><G0/><T50/><D50/><U7/><E7/><V127/><F127/><W100/><G70/><T4/><D4/><U98/><E56/><V117/><F117/><W39/><G68/><T85/><D85/><AGARI ba="0,1" hai="17,22,26,60,62,81,85,87,88,91,93,113,114,115" machi="85" ten="40,2600,0" yaku="1,1,54,1,53,0" doraHai="54" doraHaiUra="69" who="2" fromWho="0" sc="250,-26,250,0,240,36,250,0" /><INIT seed="1,0,0,5,1,123" ten="224,250,276,250" oya="1" hai0="79,46,11,109,33,4,110,91,69,93,76,128,112" hai1="51,2,105,65,135,52,7,23,10,61,40,88,56" hai2="39,111,71,0,22,92,6,131,78,77,129,32,116" hai3="24,132,45,106,115,37,64,113,60,42,5,99,44"/><U20/><E105/><V26/><F116/><W100/><G132/><T19/><D112/><U1/><E135/><V13/><F71/><N who="3" m="42375" /><G5/><T80/><D69/><U15/><E40/><V74/><F39/><W124/><G45/><T108/><D128/><N who="2" m="49226" /><F74/><W67/><G67/><T54/><D33/><U48/><E48/><V3/><F92/><W90/><G90/><T9/><D19/><U12/><E1/><N who="2" m="587" /><F111/><W95/><G95/><T75/><D79/><U81/><E2/><V104/><F104/><W66/><G66/><T31/><D31/><U118/><E118/><V47/><F47/><W122/><G122/><T117/><D117/><U98/><E12/><V127/><F127/><W126/><G24/><T34/><D34/><U21/><E81/><V85/><F85/><W43/><G43/><T84/><D4/><U125/><E125/><AGARI ba="0,0" hai="37,42,44,99,100,106,113,115,124,125,126" m="42375" machi="125" ten="30,2000,0" yaku="18,1,23,1" doraHai="123" who="3" fromWho="1" sc="224,0,250,-20,276,0,250,20" /><INIT seed="2,0,0,2,4,33" ten="224,230,276,270" oya="2" hai0="110,40,32,96,26,25,74,129,12,41,93,10,97" hai1="2,72,84,51,13,102,4,89,125,37,66,29,116" hai2="43,61,73,75,122,114,14,87,107,130,100,5,77" hai3="59,24,86,53,20,46,23,3,60,65,113,34,105"/><V64/><F114/><W128/><G128/><T106/><D74/><U79/><E116/><V49/><F122/><W85/><G105/><T39/><D129/><U8/><E37/><V103/><F130/><W95/><G113/><T104/><D110/><U27/><E125/><V69/><F107/><W109/><G109/><T123/><D123/><U19/><E102/><V58/><F75/><W135/><G135/><T82/><D82/><U127/><E127/><V98/><F73/><W38/><G3/><T126/><D126/><U11/><E66/><V120/><F120/><W6/><G6/><T133/><D133/><U21/><E72/><V91/><F98/><W55/><G34/><T108/><D108/><U71/><E51/><V57/><F69/><W132/><G20/><T54/><D54/><U83/><REACH who="1" step="1"/><E71/><REACH who="1" ten="224,220,276,270" step="2"/><V45/><F100/><W94/><G38/><T70/><D70/><U22/><E22/><V81/><F103/><W92/><G132/><T36/><D36/><U78/><AGARI ba="0,1" hai="2,4,8,11,13,19,21,27,29,78,79,83,84,89" machi="78" ten="30,4000,0" yaku="1,1,0,1,52,1,53,0" doraHai="33" doraHaiUra="52" who="1" fromWho="1" sc="224,-10,220,50,276,-20,270,-10" /><INIT seed="3,0,0,3,1,4" ten="214,270,256,260" oya="3" hai0="73,113,8,54,77,2,3,104,76,45,90,58,98" hai1="59,66,101,40,84,33,88,18,12,127,87,135,64" hai2="89,31,106,27,132,105,10,114,22,109,70,29,56" hai3="112,97,57,26,23,74,124,82,42,44,131,94,14"/><W134/><G112/><T102/><D113/><U65/><E33/><V50/><F70/><W24/><G124/><T130/><D130/><U38/><E127/><V85/><F114/><W121/><G121/><T111/><D111/><U7/><E135/><V120/><F109/><W110/><G131/><T35/><D35/><U34/><E34/><V93/><F132/><W62/><G134/><T63/><D73/><U25/><E101/><V15/><F120/><W41/><G74/><T115/><D115/><U95/><E38/><V37/><F37/><W122/><G122/><T39/><D90/><N who="1" m="53703" /><E40/><V91/><F29/><W36/><G42/><T53/><D39/><U67/><E25/><V133/><F133/><W68/><G68/><T79/><REACH who="0" step="1"/><D8/><REACH who="0" ten="204,270,256,260" step="2"/><N who="1" m="6407" /><E7/><V75/><F75/><W13/><G110/><T60/><D60/><N who="1" m="37919" /><E65/><V72/><F72/><W83/><G36/><T9/><D9/><U5/><E5/><V32/><F32/><W103/><G62/><T6/><D6/><U123/><E123/><V96/><F10/><W46/><G23/><T20/><D20/><U11/><E11/><V43/><F22/><W119/><G119/><T19/><D19/><U78/><E78/><V107/><F31/><W17/><G17/><T47/><D47/><U1/><E1/><V117/><F117/><W21/><G21/><T51/><AGARI ba="0,1" hai="2,3,45,51,53,54,58,63,76,77,79,98,102,104" machi="51" ten="30,2000,0" yaku="1,1,0,1,53,0" doraHai="4" doraHaiUra="61" who="0" fromWho="0" sc="204,30,270,-5,256,-5,260,-10" /><INIT seed="4,0,0,4,2,109" ten="234,265,251,250" oya="0" hai0="50,42,45,94,91,80,15,59,7,83,98,120,57" hai1="17,47,58,113,10,27,37,24,63,87,75,13,89" hai2="34,44,2,52,38,16,127,25,99,62,105,134,11" hai3="126,4,130,18,22,90,106,131,53,60,32,70,20"/><T55/><D120/><U61/><E75/><V28/><F127/><W12/><G32/><T65/><D65/><U76/><E76/><V97/><F105/><W74/><G74/><T41/><D59/><U36/><E61/><V108/><F108/><W51/><G4/><T39/><REACH who="0" step="1"/><D41/><REACH who="0" ten="224,265,251,250" step="2"/><U73/><E58/><V132/><F132/><W93/><G126/><T88/><D88/><U9/><E89/><V100/><F134/><W122/><G122/><T110/><D110/><U119/><E119/><V31/><F100/><W19/><G70/><T104/><D104/><U85/><E63/><V66/><F66/><W1/><G106/><T56/><D56/><U112/><E112/><V86/><F62/><W118/><G60/><T26/><D26/><U29/><E113/><V115/><F25/><W5/><G118/><T14/><D14/><U103/><E27/><V8/><F115/><W54/><G90/><T64/><D64/><U116/><E103/><V79/><F2/><W77/><G1/><T23/><D23/><U69/><E69/><V3/><F3/><W96/><G12/><T84/><D84/><U78/><E116/><V68/><F86/><W40/><G40/><T48/><D48/><U81/><E87/><V124/><F124/><W35/><G51/><T114/><D114/><U67/><E67/><V49/><F49/><W102/><G102/><T6/><D6/><N who="1" m="3255" /><E85/><V121/><F121/><W129/><G5/><T101/><D101/><U21/><E47/><V82/><F68/><W72/><G72/><T123/><D123/><U107/><E107/><V111/><F111/><RYUUKYOKU ba="0,1" sc="224,15,265,15,251,-15,250,-15" hai0="7,15,39,42,45,50,55,57,80,83,91,94,98" hai1="10,17,21,24,29,36,37,73,78,81" /><INIT seed="4,1,1,2,2,91" ten="239,280,236,235" oya="0" hai0="75,53,104,127,56,13,94,100,71,113,11,126,73" hai1="108,61,6,112,119,59,70,18,98,110,96,3,2" hai2="118,34,60,105,10,134,25,43,131,45,29,135,26" hai3="55,83,77,5,41,102,23,130,44,16,101,20,54"/><T1/><D71/><U31/><E119/><V14/><F118/><W117/><G117/><T85/><D1/><U107/><E18/><V92/><F105/><W28/><G5/><N who="0" m="3311" /><D104/><U48/><E48/><N who="2" m="26687" /><F131/><W15/><G130/><T74/><D113/><U109/><E59/><V8/><F26/><N who="3" m="16479" /><G41/><T125/><D85/><U79/><E98/><V95/><F60/><W63/><G63/><N who="0" m="36239" /><D75/><U40/><E112/><V88/><F88/><W111/><G111/><T33/><D33/><U37/><E79/><V62/><F62/><W123/><G123/><T57/><D57/><U19/><E6/><N who="2" m="3351" /><F10/><W128/><G128/><T120/><D120/><U66/><E2/><V82/><F82/><W51/><G55/><T121/><D121/><U49/><E3/><V133/><AGARI ba="1,1" hai="25,29,34,92,95,133,134,135" m="3351,26687" machi="133" ten="30,4000,0" yaku="20,1,52,2" doraHai="91" who="2" fromWho="2" sc="239,-21,280,-11,236,53,235,-11" /><INIT seed="5,0,0,4,4,97" ten="218,269,289,224" oya="1" hai0="19,77,5,2,133,68,10,64,63,13,27,56,52" hai1="90,87,75,32,12,79,84,69,129,40,47,58,28" hai2="73,99,96,89,118,111,62,114,67,23,123,37,98" hai3="105,7,85,14,116,51,45,92,130,121,112,80,4"/><U35/><E69/><V115/><F111/><W16/><G121/><T126/><D126/><U103/><E129/><V41/><F118/><W59/><G112/><N who="2" m="43049" /><F73/><W22/><G105/><T102/><D133/><U54/><E12/><V107/><F123/><W61/><G130/><T91/><D77/><U48/><E103/><N who="2" m="62951" /><F89/><N who="3" m="51367" /><G92/><T131/><D131/><U9/><E9/><V21/><F41/><N who="3" m="25007" /><G116/><T50/><D91/><U34/><E90/><V127/><F37/><W74/><G74/><T135/><D135/><U53/><E75/><V81/><F81/><W43/><G43/><T110/><D110/><U125/><E125/><V66/><F66/><AGARI ba="0,0" hai="4,7,14,16,22,59,61,66" m="25007,51367" machi="66" ten="30,2000,0" yaku="8,1,54,1" doraHai="97" who="3" fromWho="2" sc="218,0,269,0,289,-20,224,20" /><INIT seed="6,0,0,2,3,84" ten="218,269,269,244" oya="2" hai0="74,49,89,19,23,40,27,79,115,44,42,123,94" hai1="113,15,62,14,99,59,57,17,70,76,91,104,105" hai2="25,13,29,117,134,90,98,72,116,93,39,112,38" hai3="86,34,120,75,52,32,1,106,96,118,103,28,130"/><V81/><F112/><W46/><G118/><T125/><D123/><U78/><E113/><V51/><F134/><W24/><G1/><T95/><D115/><U77/><E70/><V11/><F51/><W3/><G3/><T36/><D125/><U68/><E68/><V127/><F127/><W80/><G120/><T60/><D60/><U129/><E129/><V110/><F110/><W67/><G75/><T83/><D95/><N who="1" m="56831" /><E105/><V87/><F72/><W53/><G34/><T50/><REACH who="0" step="1"/><D42/><REACH who="0" ten="208,269,269,244" step="2"/><U131/><E104/><V7/><F116/><W4/><G130/><T33/><D33/><U82/><E131/><V102/><F117/><W121/><G121/><T47/><D47/><U108/><E108/><V109/><F109/><W48/><G67/><T5/><D5/><U6/><E62/><V0/><F0/><W9/><G46/><T111/><D111/><U73/><E82/><V92/><F81/><W2/><REACH who="3" step="1"/><G48/><REACH who="3" ten="208,269,269,234" step="2"/><T85/><AGARI ba="0,2" hai="19,23,27,36,40,44,49,50,74,79,83,85,89,94" machi="85" ten="20,8000,1" yaku="1,1,0,1,7,1,52,1,53,1" doraHai="84" doraHaiUra="71" who="0" fromWho="0" sc="208,100,269,-20,269,-40,234,-20" owari="308,40.8,249,4.9,229,-17.1,214,-28.6" /></mjloggm>