<mjloggm ver="2.3"><GO type="225" lobby="0"/><UN n0="%E3%82%A2%E3%83%A1%E3%82%A2%E3%83%A9%E3%83%AC" n1="%E3%83%B4%E3%83%A0%EF%BC%99%E3%81%A6" n2="%E3%82%BC%E3%83%AB%E3%83%80%E3%81%AE%E4%BC%9D%E8%AA%AC" n3="%6D%75%75%73%61%6E%6D%75" dan="16,16,17,16" rate="2178.00,2135.12,2175.61,2154.11" sx="M,M,M,F"/><TAIKYOKU oya="0"/><INIT seed="0,0,0,3,4,7" ten="250,250,250,250" oya="0" hai0="124,93,4,132,68,89,73,25,65,43,69,52,117" hai1="76,127,41,66,49,98,12,60,114,95,133,67,78" hai2="128,44,1,50,36,45,96,107,110,99,0,35,105" hai3="13,31,116,8,104,61,40,27,53,15,85,19,83"/><T18/><D132/><U75/><E133/><V79/><F35/><W100/><G116/><T80/><D124/><U38/><E38/><V72/><F50/><W130/><G130/><T3/><D43/><U88/><E127/><V92/><F92/><W32/><G40/><T55/><D117/><U91/><E114/><V56/><F56/><W62/><G104/><T71/><D65/><U23/><E91/><V74/><F79/><N who="1" m="30249" /><E75/><V16/><F16/><W33/><G100/><T121/><D121/><U58/><E23/><V10/><F110/><W123/><G123/><T6/><D80/><U42/><E66/><V2/><F2/><W20/><G53/><T129/><D73/><U87/><E49/><V29/><F29/><W84/><G84/><T5/><D3/><U82/><E12/><V126/><F126/><W63/><REACH who="3" step="1"/><G15/><REACH who="3" ten="250,250,250,240" step="2"/><T134/><D129/><U111/><E111/><V115/><F128/><W97/><G97/><T102/><D102/><U94/><E41/><V37/><F115/><W34/><G34/><T9/><D134/><U48/><E98/><V125/><F125/><W17/><G17/><T46/><D55/><U101/><E101/><V86/><F86/><W81/><G81/><T118/><D118/><U30/><E30/><V57/><F57/><W24/><G24/><T47/><D52/><U135/><E135/><V64/><F64/><W39/><G39/><T120/><D120/><U109/><E109/><V26/><F26/><W122/><G122/><T131/><D131/><U59/><E59/><V51/><F51/><W28/><G28/><T113/><D25/><RYUUKYOKU ba="0,1" sc="250,-30,250,10,250,10,240,10" hai1="42,48,58,60,67,82,87,88,94,95" hai2="0,1,10,36,37,44,45,72,74,96,99,105,107" hai3="8,13,19,20,27,31,32,33,61,62,63,83,85" /><INIT seed="1,1,1,4,2,77" ten="220,260,260,250" oya="1" hai0="61,18,52,67,98,16,72,50,106,88,120,92,95" hai1="80,109,31,97,15,55,60,113,43,93,128,6,105" hai2="63,119,35,114,70,48,51,38,82,71,23,68,99" hai3="125,117,64,7,49,32,123,134,40,0,133,104,122"/><U103/><E113/><V126/><F35/><W130/><G104/><T129/><D129/><U1/><E128/><V53/><F119/><W75/><G130/><T69/><D120/><U94/><E1/><V84/><F114/><W86/><G75/><T91/><D72/><U58/><E109/><V100/><F38/><W121/><G32/><T101/><D106/><U90/><E43/><V5/><F126/><W27/><G117/><T22/><D22/><U116/><E116/><V37/><F37/><W25/><G125/><T17/><REACH who="0" step="1"/><D95/><REACH who="0" ten="210,260,260,250" step="2"/><U110/><E110/><V36/><F23/><W26/><G122/><T39/><D39/><U118/><E118/><V73/><F73/><W131/><G121/><T132/><D132/><U13/><E105/><V62/><F36/><W14/><G123/><T4/><D4/><U83/><E31/><V46/><F5/><W11/><G131/><T57/><AGARI ba="1,2" hai="16,17,18,50,52,57,61,67,69,88,91,92,98,101" machi="57" ten="30,8000,1" yaku="1,1,0,1,54,3,53,0" doraHai="77" doraHaiUra="78" who="0" fromWho="0" sc="210,103,260,-41,260,-21,250,-21" /><INIT seed="2,0,0,1,1,130" ten="313,219,239,229" oya="2" hai0="89,87,76,105,66,100,85,29,109,101,42,40,82" hai1="131,127,44,96,107,61,98,12,78,59,129,39,50" hai2="41,10,114,51,2,25,86,81,32,95,126,38,121" hai3="67,26,0,75,56,68,80,110,88,53,103,58,116"/><V77/><F114/><W117/><G0/><T134/><D109/><U63/><E39/><V47/><F121/><W132/><G68/><T74/><D134/><U69/><E127/><V54/><F126/><W3/><G110/><T23/><D66/><U45/><E78/><V11/><F2/><W4/><G132/><T21/><D74/><U62/><E69/><V106/><F106/><W15/><G3/><T118/><D118/><U5/><E107/><V79/><F79/><W60/><G103/><N who="0" m="39499" /><D29/><U22/><E129/><V64/><F64/><W99/><G75/><T71/><D71/><U19/><E5/><V24/><F95/><W28/><G4/><T113/><D113/><U125/><E131/><V111/><F111/><W17/><G99/><N who="1" m="37930" /><E125/><V120/><F120/><W27/><G116/><T92/><D105/><U135/><E135/><V46/><REACH who="2" step="1"/><F32/><REACH who="2" ten="313,219,229,229" step="2"/><W37/><G117/><T104/><D104/><U36/><E36/><V65/><F65/><W20/><G37/><T13/><D92/><U90/><E90/><V128/><F128/><W83/><G88/><T52/><D89/><U57/><E45/><V115/><F115/><W123/><G123/><T122/><D122/><U30/><E30/><V124/><F124/><W119/><G28/><T9/><D76/><U6/><E6/><V91/><F91/><W73/><G119/><T55/><D82/><N who="3" m="31273" /><G73/><T34/><D34/><U8/><E22/><V97/><F97/><W84/><G84/><N who="0" m="32331" /><D23/><U35/><E35/><V49/><F49/><AGARI ba="0,1" hai="15,17,20,26,27,49,53,56,58,60,67" m="31273" machi="49" ten="30,1000,0" yaku="8,1" doraHai="130" who="3" fromWho="2" sc="313,0,219,0,229,-10,229,20" /><INIT seed="3,0,0,5,5,13" ten="313,219,219,249" oya="3" hai0="65,80,124,114,57,134,60,78,85,106,4,48,2" hai1="73,116,102,46,127,74,38,71,69,22,29,41,64" hai2="79,118,90,0,50,5,72,54,17,77,135,83,55" hai3="62,86,95,40,76,23,108,21,109,131,35,99,115"/><W84/><G115/><T123/><D123/><U12/><E102/><V128/><F118/><W52/><G35/><T66/><D106/><U100/><E116/><V91/><F135/><W42/><G131/><T105/><D105/><U110/><E100/><V8/><F128/><W31/><G42/><T88/><D124/><U121/><E121/><V93/><F79/><W89/><G40/><T49/><D134/><U53/><E127/><V27/><F91/><W133/><G133/><T15/><D2/><U19/><E110/><N who="3" m="42602" /><G31/><T119/><D114/><U61/><E69/><V39/><F39/><W47/><G76/><T125/><D125/><U67/><E67/><N who="0" m="25609" /><D78/><U113/><E113/><V126/><F126/><W33/><G33/><T96/><D96/><U92/><E29/><V26/><F17/><W117/><G117/><T6/><D6/><U24/><E71/><V98/><F54/><W70/><G70/><T59/><D119/><U103/><E53/><V58/><AGARI ba="0,0" hai="0,5,8,26,27,50,55,58,72,77,83,90,93,98" machi="58" ten="20,1500,0" yaku="0,1,7,1" doraHai="13" who="2" fromWho="2" sc="313,-4,219,-4,219,15,249,-7" owari="309,40.9,215,-28.5,234,-16.6,242,4.2" /></mjloggm>