<mjloggm ver="2.3"><GO type="225" lobby="0"/><UN n0="%47%32%E9%BE%8D%E9%96%80" n1="%E3%81%AF%E3%82%88%E3%81%8A%E3%81%98%E3%81%95%E3%82%93" n2="%E3%83%AC%E3%82%A4%E3%83%88%E3%83%B3%E5%87%86%E6%95%99%E6%8E%88" n3="%E8%81%B7%E6%A5%AD%E3%80%81%E9%A2%A8%32" dan="16,16,18,16" rate="2099.04,2164.88,2230.59,2100.84" sx="M,M,M,M"/><TAIKYOKU oya="0"/><INIT seed="0,0,0,5,0,76" ten="250,250,250,250" oya="0" hai0="94,93,11,0,90,24,91,124,10,129,35,112,68" hai1="20,100,14,63,85,50,47,105,33,88,51,58,111" hai2="3,29,9,25,127,99,15,77,62,125,22,96,23" hai3="107,28,31,134,27,18,40,128,122,116,73,82,41"/><T108/><D112/><U13/><E33/><V70/><F3/><W132/><G107/><T81/><D68/><U101/><E111/><V21/><F77/><N who="3" m="44335" /><G122/><T89/><D129/><U86/><E86/><V66/><F99/><W36/><G116/><T34/><D124/><N who="2" m="47690" /><F96/><W8/><G36/><T46/><D108/><U19/><E13/><V64/><F64/><W2/><G2/><T71/><D71/><U131/><E131/><V54/><F54/><W17/><G28/><T115/><D115/><U12/><E14/><V48/><F48/><N who="1" m="18473" /><E47/><V32/><F23/><N who="3" m="15871" /><G8/><T133/><D46/><U103/><E105/><V4/><AGARI ba="0,0" hai="4,9,15,21,22,25,29,32,62,66,70" m="47690" machi="4" ten="30,1100,0" yaku="18,1" doraHai="76" who="2" fromWho="2" sc="250,-5,250,-3,250,11,250,-3" /><INIT seed="1,0,0,0,0,17" ten="245,247,261,247" oya="1" hai0="88,1,117,76,92,85,43,133,59,115,52,110,15" hai1="16,37,71,20,102,74,3,80,35,104,5,120,126" hai2="21,9,125,93,64,13,94,41,56,100,105,91,81" hai3="103,72,95,121,57,38,24,11,75,127,67,69,62"/><U44/><E120/><V66/><F125/><W61/><G38/><T128/><D115/><U31/><E71/><V58/><F41/><W42/><G42/><T39/><D117/><U118/><E118/><V50/><F105/><W0/><G121/><T6/><D110/><U131/><E126/><V60/><F100/><W2/><G127/><T96/><D128/><U70/><E70/><V33/><F33/><W30/><G11/><N who="0" m="4599" /><D1/><U32/><E31/><V28/><F81/><W129/><G129/><T130/><D133/><U73/><E73/><V132/><F132/><W40/><G40/><T65/><D39/><U113/><E113/><V123/><F123/><W18/><G18/><T4/><D4/><U119/><E119/><V45/><F91/><W54/><G2/><T90/><D43/><N who="1" m="22639" /><E131/><V7/><F58/><W78/><G0/><T135/><D65/><U108/><E108/><V116/><F116/><W68/><G68/><T26/><D26/><N who="1" m="14599" /><E102/><V23/><F64/><W124/><G124/><T53/><D135/><U34/><E104/><V97/><F28/><W55/><G55/><N who="0" m="21067" /><D59/><U46/><E46/><V107/><F45/><W101/><G75/><T8/><D8/><N who="1" m="2111" /><E35/><V49/><F107/><W114/><G114/><T10/><D10/><U12/><E12/><V19/><F7/><W111/><G69/><T36/><D36/><U87/><E74/><V109/><F109/><W86/><G111/><T84/><D130/><U112/><E112/><V47/><F47/><W83/><G72/><T48/><D48/><U134/><E134/><V22/><F93/><W14/><G95/><RYUUKYOKU ba="0,0" sc="245,-15,247,15,261,15,247,-15" hai1="32,34,80,87" hai2="9,13,19,21,22,23,49,50,56,60,66,94,97" /><INIT seed="1,1,0,0,2,20" ten="230,262,276,232" oya="1" hai0="90,110,47,101,107,32,117,54,62,50,11,12,57" hai1="35,106,69,58,113,40,51,99,60,13,26,120,131" hai2="103,65,118,28,44,68,83,70,133,67,115,64,127" hai3="38,88,10,135,4,71,80,0,3,108,100,73,72"/><U9/><E120/><V14/><F118/><W126/><G108/><T18/><D117/><U61/><E113/><V128/><F115/><W23/><G71/><T56/><D110/><U43/><E131/><V63/><F128/><W77/><G126/><T96/><D32/><U78/><E78/><V31/><F127/><W19/><G135/><T85/><REACH who="0" step="1"/><D62/><REACH who="0" ten="220,262,276,232" step="2"/><U87/><E61/><V52/><F63/><W39/><G3/><T102/><D102/><U122/><E35/><V30/><F103/><W112/><G112/><T55/><D55/><U95/><E60/><V129/><F129/><W48/><G100/><T33/><D33/><U74/><E122/><V8/><F52/><W82/><G48/><T53/><D53/><U2/><E51/><V119/><F119/><W25/><REACH who="3" step="1"/><G73/><REACH who="3" ten="220,262,276,222" step="2"/><T15/><D15/><U132/><E13/><V84/><F14/><W111/><G111/><T93/><AGARI ba="1,2" hai="11,12,18,47,50,54,56,57,85,90,93,96,101,107" machi="93" ten="20,2700,0" yaku="1,1,0,1,7,1,53,0" doraHai="20" doraHaiUra="123" who="0" fromWho="0" sc="220,50,262,-14,276,-8,222,-8" /><INIT seed="2,0,0,2,5,63" ten="270,248,268,214" oya="2" hai0="73,26,41,88,4,113,67,128,93,84,0,60,32" hai1="94,122,38,23,74,39,59,19,127,29,116,78,25" hai2="134,56,135,69,70,17,21,13,107,86,3,43,34" hai3="10,52,48,9,92,8,22,61,51,105,112,115,85"/><V30/><F3/><W129/><G105/><T108/><D113/><N who="3" m="43593" /><G129/><T27/><D73/><U75/><E116/><V16/><F107/><W87/><G22/><T44/><D108/><U53/><E127/><V31/><F43/><W76/><G76/><T123/><D123/><U72/><E78/><V95/><F34/><W125/><G125/><T79/><D79/><U118/><E118/><V120/><F120/><W62/><G92/><T50/><D32/><U14/><E94/><V89/><F17/><W90/><G51/><T45/><D128/><U132/><E132/><N who="2" m="50731" /><F56/><N who="3" m="32775" /><G90/><T131/><D131/><U33/><REACH who="1" step="1"/><E122/><REACH who="1" ten="270,238,268,214" step="2"/><V101/><F101/><W1/><G1/><T81/><D0/><U111/><E111/><V49/><F95/><W5/><G5/><T65/><D4/><U6/><E6/><V46/><F89/><W106/><G106/><T98/><D93/><U133/><E133/><V47/><F86/><AGARI ba="0,1" hai="8,9,10,61,62,85,86,87" m="32775,43593" machi="86" ten="30,2000,0" yaku="11,1,54,1" doraHai="63" who="3" fromWho="2" sc="270,0,238,0,268,-20,214,30" /><INIT seed="3,0,0,2,5,20" ten="270,238,248,244" oya="3" hai0="97,45,6,67,47,75,26,13,134,62,96,90,88" hai1="18,125,106,110,128,63,42,25,51,31,130,2,80" hai2="10,98,107,114,84,3,119,93,19,23,4,121,78" hai3="129,109,7,65,29,132,81,123,60,24,44,120,66"/><W68/><G129/><N who="1" m="49770" /><E106/><V30/><F114/><W92/><G132/><T135/><D75/><U14/><E2/><V35/><F119/><W131/><G66/><T69/><D13/><U76/><E110/><V5/><F5/><W11/><G131/><T77/><D6/><U0/><E0/><V64/><F107/><W117/><G109/><T95/><D77/><U48/><E63/><V43/><F43/><W54/><G117/><T32/><D90/><U33/><E42/><V41/><F41/><W89/><G81/><T37/><D97/><U46/><E46/><V94/><F64/><W87/><G44/><T53/><D37/><U9/><E125/><V118/><F121/><W21/><REACH who="3" step="1"/><G54/><REACH who="3" ten="270,238,248,234" step="2"/><T17/><D53/><U72/><AGARI ba="0,1" hai="9,14,18,25,31,33,48,51,72,76,80" m="49770" machi="72" ten="30,2000,0" yaku="19,1,52,1" doraHai="20" who="1" fromWho="1" sc="270,-5,238,30,248,-5,234,-10" /><INIT seed="4,0,0,5,1,66" ten="265,268,243,224" oya="0" hai0="125,24,81,14,127,117,118,112,37,4,75,109,97" hai1="7,72,91,54,103,87,92,22,17,59,60,96,123" hai2="68,98,58,51,85,105,2,52,53,122,13,63,90" hai3="44,115,26,104,38,84,50,11,120,65,23,49,1"/><T5/><D37/><U111/><E111/><V89/><F2/><W43/><G104/><T121/><D97/><U36/><E123/><V135/><F135/><W99/><G120/><T39/><D39/><U126/><E126/><N who="0" m="48137" /><D121/><U0/><E72/><V21/><F122/><W86/><G115/><T35/><D75/><U19/><E36/><V102/><F85/><W28/><G99/><T78/><D81/><U69/><E69/><V128/><F128/><W41/><G65/><T95/><D78/><U106/><E7/><N who="0" m="2633" /><D95/><U88/><E0/><V62/><F62/><W116/><G116/><T131/><D112/><U18/><REACH who="1" step="1"/><E91/><REACH who="1" ten="265,258,243,224" step="2"/><V25/><F68/><W114/><G114/><T45/><D109/><U33/><E33/><V57/><REACH who="2" step="1"/><F13/><AGARI ba="0,1" hai="13,17,18,19,22,54,59,60,87,88,92,96,103,106" machi="13" ten="30,3900,0" yaku="1,1,7,1,54,1,53,0" doraHai="66" doraHaiUra="77" who="1" fromWho="2" sc="265,0,258,49,243,-39,224,0" owari="265,6.5,307,40.7,204,-29.6,224,-17.6" /></mjloggm>