<mjloggm ver="2.3"><GO type="225" lobby="0"/><UN n0="%72%69%6F%75%63%68%61%6E" n1="%E3%82%A2%E3%83%9E%E3%83%9D%EF%BD%9E%EF%BD%9E%E3%83%A9" n2="%E3%81%9F%E3%81%A3%E3%81%A1%E3%82%87" n3="%6E%69%63%6F%6E%74%6F" dan="16,17,16,16" rate="2189.08,2212.46,2071.03,2165.87" sx="M,M,M,M"/><TAIKYOKU oya="0"/><INIT seed="0,0,0,0,3,0" ten="250,250,250,250" oya="0" hai0="116,78,5,34,39,63,117,98,37,58,129,46,72" hai1="92,22,36,18,90,130,16,119,67,50,93,6,62" hai2="120,107,113,59,135,51,47,97,122,9,111,96,91" hai3="95,8,110,66,38,133,83,102,24,1,105,132,14"/><T44/><D34/><U15/><E119/><N who="0" m="45641" /><D5/><U33/><E130/><V29/><F113/><W70/><G38/><N who="0" m="14347" /><D98/><U88/><E36/><V69/><F111/><W42/><G42/><T108/><D78/><U112/><E33/><V84/><F135/><W126/><G95/><T86/><D86/><U89/><E112/><V106/><F69/><W61/><G14/><T30/><D30/><U55/><E6/><V10/><F59/><W128/><G128/><T49/><D72/><U65/><E62/><V54/><F29/><W3/><G110/><T32/><D32/><U48/><E48/><V25/><F25/><W23/><G83/><T35/><D35/><U125/><E125/><V12/><F96/><N who="3" m="61639" /><G126/><T19/><D19/><U85/><E18/><V7/><F9/><W82/><G82/><T99/><D99/><N who="1" m="57735" /><E90/><V75/><F75/><W43/><G43/><N who="0" m="24735" /><D129/><U94/><E94/><V17/><F17/><N who="3" m="12399" /><G8/><T123/><D108/><U79/><E79/><V115/><F115/><W26/><G26/><T134/><D134/><AGARI ba="0,0" hai="1,3,61,66,70,132,133,134" m="12399,61639" machi="134" ten="30,1000,0" yaku="20,1" doraHai="0" who="3" fromWho="0" sc="250,-10,250,0,250,0,250,10" /><INIT seed="1,0,0,3,0,45" ten="240,250,250,260" oya="1" hai0="103,122,7,36,60,46,77,128,48,129,127,5,44" hai1="40,39,70,110,49,87,123,85,12,30,2,105,58" hai2="20,125,62,93,95,92,10,78,68,64,124,100,42" hai3="25,4,98,37,29,9,74,101,108,61,63,47,35"/><U79/><E123/><V131/><F131/><N who="0" m="50250" /><D122/><U94/><E2/><V119/><F119/><W115/><G108/><T83/><D127/><N who="2" m="48714" /><F78/><W51/><G115/><T3/><D3/><U14/><E105/><V52/><F10/><W67/><G74/><T75/><D103/><U132/><E70/><V59/><F42/><W111/><G111/><T106/><D106/><U23/><E39/><V27/><F100/><W86/><G86/><T26/><D26/><N who="1" m="16735" /><E132/><V135/><F135/><W8/><G37/><T28/><D28/><U118/><E118/><V0/><F0/><W114/><G114/><T109/><D109/><U16/><E12/><V90/><F68/><N who="3" m="42095" /><G63/><T22/><D22/><N who="1" m="11543" /><E79/><V113/><F64/><W117/><G4/><T57/><D36/><U76/><E76/><V120/><F113/><W99/><G99/><T6/><D48/><U65/><E110/><V24/><F120/><W66/><G117/><T82/><D83/><U81/><E81/><V121/><F121/><W54/><G66/><AGARI ba="0,0" hai="5,6,7,44,46,57,60,66,75,77,82" m="50250" machi="66" ten="30,1000,0" yaku="19,1" doraHai="45" who="0" fromWho="3" sc="240,10,250,0,250,0,260,-10" /><INIT seed="2,0,0,0,1,134" ten="250,250,250,250" oya="2" hai0="104,99,101,69,24,27,133,103,50,98,57,100,68" hai1="84,96,61,118,54,105,94,14,33,88,64,108,91" hai2="58,86,6,112,59,53,11,12,5,125,4,1,107" hai3="21,85,106,80,129,62,82,17,72,111,123,30,110"/><V66/><F112/><W120/><G106/><T40/><D133/><U44/><E108/><N who="3" m="41514" /><G129/><T31/><D57/><N who="1" m="36911" /><E33/><V135/><F107/><W7/><G7/><N who="2" m="2633" /><F135/><W38/><G38/><T74/><D74/><U0/><E0/><V97/><F1/><W93/><G30/><T132/><D132/><U121/><E105/><V29/><F29/><W67/><G72/><T47/><D24/><U128/><E118/><V32/><F32/><W28/><G28/><T55/><D40/><U22/><E121/><N who="3" m="46666" /><G93/><T49/><D49/><N who="1" m="28967" /><E128/><V18/><F125/><W56/><G85/><T15/><D104/><U3/><E3/><V8/><F86/><W20/><G20/><N who="0" m="15847" /><D68/><U126/><E126/><V43/><F97/><N who="0" m="36874" /><D69/><U92/><E22/><N who="2" m="11591" /><F43/><W119/><G119/><T9/><D100/><U2/><E2/><V115/><F115/><W113/><G113/><T89/><D101/><U131/><E131/><V35/><N who="2" m="2641" /><V42/><DORA hai="83" /><F42/><W116/><G116/><T46/><D103/><U51/><E51/><N who="2" m="31039" /><F35/><W48/><G48/><T73/><D73/><U34/><E34/><V52/><F66/><W122/><N who="3" m="46674" /><W19/><DORA hai="41" /><G19/><N who="0" m="8687" /><D46/><U45/><E45/><V75/><F75/><W37/><G37/><T13/><D13/><AGARI ba="0,0" hai="13,14,84,88,91,92,94,96" m="28967,36911" machi="13" ten="30,7700,0" yaku="8,1,52,2,54,1" doraHai="134,83,41" who="1" fromWho="0" sc="250,-77,250,77,250,0,250,0" /><AGARI ba="0,0" hai="13,17,21,56,62,67,80,82" m="46674,41514" machi="13" ten="40,1300,0" yaku="14,1" doraHai="134,83,41" who="3" fromWho="0" sc="173,-13,327,0,250,0,250,13" /><INIT seed="3,0,0,1,4,60" ten="160,327,250,263" oya="3" hai0="87,114,86,48,35,135,46,119,104,5,88,70,55" hai1="33,37,80,1,84,67,69,64,66,129,0,38,56" hai2="34,61,91,131,116,105,27,107,96,20,90,120,30" hai3="85,113,11,121,41,100,115,39,40,118,22,57,75"/><W2/><G118/><T31/><D119/><U102/><E69/><V53/><F116/><W134/><G121/><T124/><D124/><U18/><E129/><V68/><F120/><W14/><G75/><T47/><D104/><U10/><E33/><V52/><F131/><W21/><G134/><T45/><D135/><U101/><E38/><V82/><F107/><W123/><G123/><T44/><D114/><U77/><E37/><V9/><F9/><W95/><G2/><T42/><D70/><U108/><E108/><V51/><F20/><N who="3" m="7787" /><G39/><T76/><D5/><U97/><E0/><V72/><F82/><W65/><G115/><T59/><D76/><U73/><E73/><V71/><F72/><W126/><G126/><T7/><D7/><U133/><E1/><V109/><F109/><W130/><G130/><T28/><D35/><U3/><E3/><V89/><F51/><W17/><G113/><T98/><D98/><U25/><E97/><V23/><F23/><W29/><G29/><T81/><REACH who="0" step="1"/><D86/><REACH who="0" ten="150,327,250,263" step="2"/><U106/><E106/><V117/><F117/><W62/><G85/><T93/><D93/><U13/><E133/><V6/><F6/><W24/><G24/><T132/><D132/><U74/><E25/><V92/><F71/><W54/><G95/><T16/><D16/><U8/><E74/><V12/><F105/><W111/><G111/><T43/><D43/><U94/><E94/><V128/><F128/><W79/><G41/><T110/><D110/><U49/><E18/><V19/><F92/><W4/><G40/><T36/><AGARI ba="0,1" hai="28,31,36,42,44,45,46,47,48,55,59,81,87,88" machi="36" ten="30,4000,0" yaku="1,1,0,1,54,1,53,0" doraHai="60" doraHaiUra="32" who="0" fromWho="0" sc="150,50,327,-10,250,-10,263,-20" owari="200,-30.0,317,41.7,240,-16.0,243,4.3" /></mjloggm>