<mjloggm ver="2.3"><GO type="225" lobby="0"/><UN n0="%E3%82%B3%E3%83%90%E3%83%AC%E3%82%A4" n1="%E4%BF%BA%E3%81%A8%E5%A6%96%E5%A4%A2" n2="%E3%83%B4%E3%83%A0%EF%BC%99%E3%81%A6" n3="%E3%81%B5%E3%81%98%E3%81%8B%E3%81%A4" dan="16,17,16,16" rate="2065.42,2222.82,2123.63,2099.76" sx="M,F,M,M"/><TAIKYOKU oya="0"/><INIT seed="0,0,0,5,5,72" ten="250,250,250,250" oya="0" hai0="130,24,34,84,86,108,64,20,98,13,120,97,1" hai1="104,59,131,63,117,96,118,0,89,18,127,112,66" hai2="92,106,132,103,111,105,62,26,70,53,100,28,69" hai3="44,5,94,95,16,46,83,29,82,60,102,115,113"/><T52/><D120/><U135/><E0/><V41/><F111/><W114/><G5/><T11/><D1/><U80/><E135/><V129/><F132/><W109/><G29/><T88/><D34/><U27/><E131/><V107/><F129/><W81/><G60/><T4/><D130/><U35/><E127/><V49/><F41/><W40/><G109/><T51/><D84/><U123/><E123/><V93/><F62/><W75/><G75/><T126/><D64/><U37/><E37/><V78/><F78/><W68/><G68/><T15/><D13/><U21/><E112/><V119/><F119/><W39/><G102/><T99/><D126/><U133/><E133/><V85/><F85/><W79/><G46/><T124/><D124/><U8/><E8/><V17/><F17/><W121/><G121/><T122/><D122/><U14/><E80/><V77/><F77/><W22/><REACH who="3" step="1"/><G79/><REACH who="3" ten="250,250,250,240" step="2"/><T19/><D108/><U33/><E118/><V134/><F134/><W10/><G10/><T90/><REACH who="0" step="1"/><D86/><REACH who="0" ten="240,250,250,240" step="2"/><U110/><E110/><V61/><F69/><W128/><G128/><T23/><D23/><U87/><E117/><V54/><F70/><W57/><G57/><AGARI ba="0,2" hai="4,11,15,19,20,24,51,52,57,88,90,97,98,99" machi="57" ten="40,12000,1" yaku="1,1,8,1,54,2,53,0" doraHai="72" doraHaiUra="58" who="0" fromWho="3" sc="240,140,250,0,250,0,240,-120" /><INIT seed="0,1,0,4,2,82" ten="380,250,250,120" oya="0" hai0="121,76,45,17,130,67,61,103,135,11,40,125,106" hai1="13,58,37,120,77,91,62,10,73,60,128,18,2" hai2="59,1,132,27,80,12,72,134,35,119,83,7,100" hai3="14,129,112,90,0,127,133,98,16,126,48,21,39"/><T53/><D121/><U94/><E120/><V32/><F1/><W47/><G39/><T20/><D125/><N who="3" m="47625" /><G112/><T124/><D130/><U4/><E37/><V86/><F119/><W81/><G129/><T71/><D124/><U15/><E128/><V84/><F100/><W96/><G133/><N who="2" m="51305" /><F72/><W92/><G0/><T97/><D135/><U89/><E77/><N who="2" m="46095" /><F59/><W42/><G81/><T65/><D76/><U66/><E73/><V54/><F54/><W122/><G122/><T41/><D11/><U19/><E62/><V116/><F116/><W95/><G95/><T63/><D53/><U117/><E117/><V113/><F113/><W104/><G104/><T64/><D45/><U9/><REACH who="1" step="1"/><E94/><REACH who="1" ten="380,240,250,120" step="2"/><V57/><F57/><W111/><G111/><T115/><D115/><U87/><E87/><AGARI ba="1,1" hai="14,16,21,42,47,48,87,90,92,96,98" m="47625" machi="87" ten="30,3900,0" yaku="18,1,52,1,54,1" doraHai="82" who="3" fromWho="1" sc="380,0,240,-42,250,0,120,52" /><INIT seed="1,0,0,3,1,121" ten="380,198,250,172" oya="1" hai0="4,112,37,100,86,122,64,40,74,109,47,62,19" hai1="128,104,131,54,46,13,73,80,120,58,110,11,53" hai2="60,63,14,127,35,116,133,65,48,71,134,135,70" hai3="61,95,83,30,41,52,17,91,31,9,32,115,123"/><U33/><E120/><V66/><F35/><W34/><G123/><T2/><D74/><U15/><E33/><V117/><F14/><N who="3" m="7375" /><G115/><T67/><D122/><U49/><E104/><V88/><F88/><W69/><G69/><T108/><D100/><U102/><E102/><V0/><F0/><W8/><G34/><T111/><D112/><U29/><E29/><N who="3" m="10762" /><G32/><T82/><D62/><U16/><E13/><V3/><F3/><W76/><G41/><T22/><D4/><U97/><E97/><V38/><F38/><W50/><G8/><T99/><D99/><U85/><E73/><V129/><F127/><W6/><G6/><T96/><D96/><U98/><E98/><V56/><F129/><N who="1" m="49737" /><E54/><AGARI ba="0,0" hai="48,54,56,60,63,65,66,70,71,116,117,133,134,135" machi="54" ten="40,8000,1" yaku="9,1,20,1,34,3" doraHai="121" who="2" fromWho="1" sc="380,0,198,-80,250,80,172,0" /><INIT seed="2,0,0,0,4,109" ten="380,118,330,172" oya="2" hai0="77,65,53,124,110,15,49,5,61,66,94,14,90" hai1="20,105,13,59,17,121,99,129,44,35,112,29,67" hai2="72,60,127,24,134,103,131,51,135,101,18,39,12" hai3="130,78,132,42,70,21,126,75,3,119,10,43,55"/><V2/><F2/><W31/><G70/><T54/><D110/><U32/><E129/><V93/><F39/><W46/><G119/><T30/><D30/><U74/><E74/><V92/><F72/><W82/><G130/><T68/><D124/><U91/><E121/><V118/><F131/><W38/><G42/><T57/><D77/><U22/><E44/><V58/><F127/><W108/><G108/><T86/><D68/><U28/><E28/><V7/><F7/><N who="3" m="1407" /><G55/><T69/><D69/><U47/><E47/><V56/><F118/><W11/><G11/><N who="0" m="4463" /><D15/><U36/><E36/><V122/><F24/><N who="3" m="16783" /><G126/><T63/><D63/><U100/><E91/><V4/><F4/><W0/><G0/><T102/><D102/><U9/><E35/><V114/><F122/><W104/><G132/><T107/><D107/><AGARI ba="0,0" hai="38,43,46,75,78,82,104,107" m="16783,1407" machi="107" ten="30,1000,0" yaku="25,1" doraHai="109" who="3" fromWho="0" sc="380,-10,118,0,330,0,172,10" /><INIT seed="3,0,0,2,0,31" ten="370,118,330,182" oya="3" hai0="62,42,12,90,47,0,8,115,46,43,102,87,58" hai1="4,111,101,40,3,83,76,15,32,53,78,69,82" hai2="5,80,81,37,6,65,106,120,38,92,73,116,127" hai3="131,34,24,39,96,26,117,125,107,44,123,105,11"/><W14/><G117/><T71/><D0/><U75/><E69/><V130/><F116/><W124/><G123/><T49/><D71/><U85/><E111/><V70/><F106/><W10/><G131/><T126/><D102/><U51/><E3/><V128/><F120/><W118/><G118/><T112/><D126/><U114/><E114/><N who="0" m="43561" /><D47/><U135/><E135/><V95/><F127/><N who="3" m="48715" /><G96/><T64/><D49/><U17/><E101/><V93/><F70/><W66/><G66/><T18/><D46/><U109/><E109/><V33/><F65/><W89/><G10/><T22/><D8/><U79/><E79/><V113/><F113/><W103/><G89/><T108/><D108/><U67/><E67/><V2/><F2/><W94/><G24/><T100/><D100/><U57/><E40/><V110/><F110/><W91/><G103/><T86/><D90/><U121/><E4/><N who="2" m="1643" /><F73/><W30/><G39/><N who="2" m="14857" /><F33/><W99/><G44/><T63/><D87/><U52/><E53/><V35/><F35/><W55/><G55/><T19/><D86/><U9/><REACH who="1" step="1"/><E32/><REACH who="1" ten="370,108,330,182" step="2"/><V104/><F104/><W36/><G107/><T132/><D43/><U74/><E74/><V97/><F97/><W77/><G105/><T13/><D42/><U61/><E61/><V98/><F98/><W28/><G77/><T133/><D63/><U119/><E119/><V59/><F59/><W134/><G34/><T50/><D62/><U88/><E88/><V48/><F48/><W29/><G91/><T45/><D64/><U54/><E54/><V72/><F72/><W27/><G134/><T25/><D133/><RYUUKYOKU ba="0,1" sc="370,-15,108,15,330,15,182,-15" hai1="9,15,17,51,52,57,75,76,78,82,83,85,121" hai2="80,81,92,93,95,128,130" owari="365,46.5,123,-37.7,345,14.5,167,-23.3" /></mjloggm>