<mjloggm ver="2.3"><GO type="225" lobby="0"/><UN n0="%73%6C%69%63%6B%33%31%39" n1="%E5%B8%86%E7%AB%8B%E5%A4%8F%E8%A1%A3" n2="%47%68%6F%73%74%55%30" n3="%E3%83%B4%E3%83%A0%EF%BC%99%E3%81%A6" dan="16,16,17,17" rate="2105.28,2093.14,2166.60,2123.71" sx="M,M,M,M"/><TAIKYOKU oya="0"/><INIT seed="0,0,0,3,4,79" ten="250,250,250,250" oya="0" hai0="106,56,124,1,49,123,133,59,35,131,51,127,113" hai1="103,57,117,76,10,95,73,66,132,116,17,5,23" hai2="126,45,92,41,43,115,53,89,64,75,54,85,90" hai3="74,80,34,69,33,24,42,21,19,120,82,108,14"/><T44/><D1/><U7/><E132/><V8/><F115/><W78/><G69/><T60/><D35/><U11/><E103/><V96/><F75/><W39/><G108/><T77/><D106/><U130/><E130/><V3/><F126/><N who="0" m="48170" /><D77/><U112/><E95/><V110/><F64/><W15/><G120/><T94/><D94/><U4/><E112/><V87/><F3/><W6/><G80/><T71/><D113/><U29/><E57/><N who="0" m="22089" /><D123/><U38/><E66/><V40/><F110/><W12/><REACH who="3" step="1"/><G6/><REACH who="3" ten="250,250,250,240" step="2"/><T118/><D133/><U52/><E4/><V47/><F96/><W134/><G134/><T105/><D131/><U58/><E5/><V63/><F87/><W26/><G26/><T114/><D114/><U62/><E7/><V121/><F85/><W68/><G68/><T100/><D118/><U27/><E116/><V16/><F121/><W32/><G32/><T125/><D125/><U55/><E117/><V50/><F92/><W28/><G28/><T86/><D71/><U101/><E29/><V102/><F16/><W99/><G99/><N who="0" m="61599" /><D86/><U111/><E111/><V37/><F37/><W30/><G30/><T135/><D135/><U0/><E27/><V70/><F70/><W20/><G20/><T129/><D129/><U97/><E23/><V119/><F119/><W93/><G93/><T67/><D44/><AGARI ba="0,1" hai="12,14,15,19,21,24,33,34,39,42,44,74,78,82" machi="44" ten="40,8000,1" yaku="1,1,52,1,53,3" doraHai="79" doraHaiUra="9" who="3" fromWho="0" sc="250,-80,250,0,250,0,240,90" /><INIT seed="1,0,0,1,5,128" ten="170,250,250,330" oya="1" hai0="23,53,92,2,69,88,109,124,15,113,9,17,73" hai1="5,46,70,31,51,86,54,97,34,103,58,12,3" hai2="79,118,114,14,112,55,36,99,95,62,71,116,127" hai3="134,16,72,61,43,75,91,105,4,120,90,78,22"/><U83/><E70/><V64/><F36/><W8/><G120/><T33/><D113/><N who="2" m="43626" /><F127/><W101/><G43/><T121/><D124/><U37/><E3/><V111/><F111/><W38/><G38/><T125/><D125/><U96/><E34/><V39/><F79/><W117/><G117/><T11/><D109/><U47/><E31/><V130/><F130/><W87/><G61/><T28/><D73/><U93/><E37/><V19/><F55/><W63/><G63/><T122/><D69/><U98/><E5/><V21/><F39/><W81/><G75/><T76/><D76/><U40/><E12/><V1/><F1/><W108/><G108/><T7/><D53/><U80/><E80/><V123/><F123/><W45/><G45/><N who="1" m="16906" /><E40/><V68/><F71/><W50/><G72/><T13/><D9/><U107/><E107/><V66/><F64/><W49/><G105/><T57/><D13/><U24/><E24/><V48/><F48/><W35/><G50/><T119/><D119/><U27/><E27/><V10/><F10/><W29/><G49/><T94/><D94/><U85/><E83/><V84/><F116/><W89/><G81/><T74/><D74/><U133/><E51/><V32/><F32/><W100/><G35/><T0/><D0/><U56/><E54/><V67/><F118/><W129/><G78/><T110/><D110/><U20/><E58/><V102/><F67/><W44/><G129/><T65/><D57/><U60/><E56/><V18/><F19/><W126/><G126/><T77/><D65/><U106/><E106/><V104/><F104/><RYUUKYOKU ba="0,0" sc="170,-10,250,-10,250,30,330,-10" hai2="14,18,21,62,66,68,84,95,99,102" /><INIT seed="2,1,0,2,3,98" ten="160,240,280,320" oya="2" hai0="128,107,21,75,19,64,65,24,18,28,31,45,87" hai1="126,11,9,71,100,68,77,25,109,135,47,123,112" hai2="76,133,73,81,61,104,72,26,83,127,43,66,15" hai3="106,20,4,93,79,41,113,122,115,86,38,53,124"/><V110/><F133/><W33/><G106/><T121/><D128/><U119/><E112/><V58/><F127/><W94/><G33/><T40/><D121/><U36/><E119/><V74/><F104/><W130/><G122/><T92/><D75/><U50/><E123/><V114/><F114/><N who="3" m="43531" /><G130/><T52/><D107/><U6/><E126/><V67/><F110/><W35/><G35/><T131/><D131/><U57/><E109/><V16/><F43/><W99/><G4/><T108/><D108/><U103/><E135/><V118/><F118/><W29/><G53/><T90/><D28/><U91/><E77/><V117/><F117/><W13/><G13/><T30/><D30/><U22/><E57/><V95/><F26/><N who="3" m="16583" /><G99/><T5/><D5/><U69/><E91/><V2/><F2/><W34/><G34/><T32/><D40/><U89/><E89/><V111/><F66/><W55/><G55/><T78/><D78/><U17/><E11/><V49/><F111/><W132/><G132/><T62/><D32/><U44/><E9/><V134/><F134/><W0/><G0/><T46/><D46/><U120/><E6/><V1/><F1/><W27/><G27/><T60/><D65/><U80/><E120/><V101/><F76/><W102/><G124/><T70/><REACH who="0" step="1"/><D62/><REACH who="0" ten="150,240,280,320" step="2"/><U96/><E47/><V84/><F73/><W10/><G41/><T54/><D54/><U7/><E7/><V82/><F72/><W116/><G79/><T3/><D3/><U125/><E125/><V37/><F74/><W105/><G116/><T8/><D8/><U14/><E44/><RYUUKYOKU ba="1,1" sc="150,30,240,-10,280,-10,320,-10" hai0="18,19,21,24,31,45,52,60,64,70,87,90,92" /><INIT seed="3,2,1,2,2,50" ten="180,230,270,310" oya="3" hai0="125,32,85,31,68,29,10,24,118,75,90,62,52" hai1="122,100,94,12,66,0,27,135,129,99,6,121,69" hai2="57,103,111,48,49,119,74,80,42,76,91,77,98" hai3="70,84,109,35,67,60,123,59,64,46,7,39,83"/><W22/><G35/><T38/><D118/><U133/><E0/><V56/><F119/><W54/><G123/><T14/><D75/><U105/><E129/><V40/><F111/><W104/><G104/><T45/><D125/><U53/><E105/><V130/><F91/><W23/><G109/><T17/><D31/><U61/><E27/><V15/><F130/><W79/><G7/><T107/><D107/><U117/><E117/><V106/><F76/><W92/><G64/><T4/><D68/><U11/><REACH who="1" step="1"/><E53/><REACH who="1" ten="180,220,270,310" step="2"/><V18/><F42/><N who="3" m="22879" /><G92/><T110/><D110/><U55/><E55/><V8/><F40/><W97/><G97/><T5/><D38/><U26/><E26/><V113/><F113/><W115/><G115/><T132/><D132/><AGARI ba="2,2" hai="6,11,12,61,66,69,94,99,100,121,122,132,133,135" machi="132" ten="40,2600,0" yaku="1,1,20,1,53,0" doraHai="50" doraHaiUra="41" who="1" fromWho="0" sc="180,-32,220,52,270,0,310,0" owari="148,-35.2,272,7.2,270,-13.0,310,41.0" /></mjloggm>