<mjloggm ver="2.3"><GO type="225" lobby="0"/><UN n0="%E3%82%B7%E3%83%B3%E5%A4%AA%E6%9C%97" n1="%4C%4F%4C%49%54%41" n2="%E3%80%93%E3%81%97%E3%83%BC%E3%82%89%E3%80%93" n3="%E3%81%A4%E3%81%A3%E3%81%B1%E3%82%8A%E3%83%9D%E3%83%BC%E3%83%AB" dan="16,16,16,17" rate="2165.86,2204.72,2177.33,2226.25" sx="M,F,M,M"/><TAIKYOKU oya="0"/><INIT seed="0,0,0,5,4,38" ten="250,250,250,250" oya="0" hai0="124,47,1,5,35,106,64,126,87,39,119,23,133" hai1="93,14,108,125,55,62,104,91,100,4,46,79,102" hai2="18,12,19,27,85,118,0,63,30,89,60,61,90" hai3="57,56,97,34,32,122,95,110,129,54,120,96,92"/><T31/><D119/><U112/><E104/><V52/><F0/><W99/><G110/><T67/><D106/><U107/><E107/><V80/><F118/><W75/><G75/><T101/><D101/><U121/><E121/><N who="3" m="46698" /><G129/><T68/><D133/><U130/><E108/><V116/><F116/><W128/><G128/><T113/><D87/><U69/><E125/><N who="0" m="48233" /><D113/><U13/><E79/><V53/><F90/><W98/><N who="3" m="24576" /><DORA hai="48" /><W71/><G71/><T40/><D35/><N who="3" m="13353" /><G54/><N who="2" m="21097" /><F12/><W59/><AGARI ba="0,0" hai="56,57,59,92,95" m="13353,24576,46698" machi="59" ten="50,6400,0" yaku="28,2,13,1" doraHai="38,48" who="3" fromWho="3" sc="250,-32,250,-16,250,-16,250,64" /><INIT seed="1,0,0,5,3,37" ten="218,234,234,314" oya="1" hai0="133,49,12,56,77,98,102,51,130,2,81,32,113" hai1="110,66,50,94,58,101,116,22,10,1,103,106,79" hai2="131,121,100,68,47,24,135,86,6,28,31,4,85" hai3="90,78,93,9,67,17,132,48,127,35,114,65,91"/><U109/><E116/><V16/><F68/><W41/><G114/><T104/><D133/><U82/><E106/><V23/><F121/><W30/><G132/><T69/><D130/><U105/><E105/><V95/><F135/><W60/><G127/><T118/><D118/><U84/><E22/><V62/><F131/><W70/><G78/><T42/><D113/><U45/><E94/><V107/><F107/><W75/><G75/><T120/><D69/><U33/><E33/><V39/><F62/><W89/><G67/><T54/><D2/><U117/><E117/><V38/><F38/><W13/><G30/><N who="2" m="11305" /><F39/><W111/><G111/><N who="1" m="42506" /><E58/><V46/><F85/><W44/><REACH who="3" step="1"/><G93/><REACH who="3" ten="218,234,234,304" step="2"/><T71/><D120/><U83/><E66/><V53/><F86/><W99/><G99/><T3/><D32/><AGARI ba="0,1" hai="9,13,17,32,35,41,44,48,60,65,70,89,90,91" machi="32" ten="40,2600,0" yaku="1,1,52,1,53,0" doraHai="37" doraHaiUra="119" who="3" fromWho="0" sc="218,-26,234,0,234,0,304,36" /><INIT seed="2,0,0,5,4,65" ten="192,234,234,340" oya="2" hai0="75,3,100,47,64,29,101,1,33,49,6,71,54" hai1="107,7,82,12,27,58,52,77,36,32,117,55,34" hai2="66,93,30,25,125,44,40,126,14,15,18,79,45" hai3="20,99,108,131,46,72,17,62,132,96,43,114,69"/><V50/><F79/><W63/><G72/><T119/><D75/><U8/><E36/><V116/><F116/><W120/><G120/><T102/><D119/><U42/><E117/><V16/><F66/><W83/><G108/><T22/><D33/><U68/><E107/><V59/><F59/><W67/><G131/><T9/><D29/><U98/><E68/><V76/><F76/><W88/><G63/><T73/><D73/><U130/><E42/><V41/><F93/><W0/><G0/><T11/><D22/><U60/><E130/><V86/><F86/><W84/><G114/><T115/><D115/><U111/><E111/><V13/><F30/><W135/><G135/><T95/><D95/><U23/><E55/><V106/><F106/><W85/><G85/><T39/><D39/><U38/><E38/><N who="2" m="21527" /><F25/><W26/><G132/><T112/><D112/><U123/><E98/><V97/><F97/><W31/><G31/><T53/><D53/><U56/><E56/><V129/><F129/><W37/><AGARI ba="0,0" hai="17,20,26,37,43,46,62,67,69,83,84,88,96,99" machi="37" ten="20,5200,0" yaku="0,1,7,1,52,1,54,1" doraHai="65" who="3" fromWho="3" sc="192,-13,234,-13,234,-26,340,52" /><INIT seed="3,0,0,0,2,129" ten="179,221,208,392" oya="3" hai0="4,99,7,39,45,53,31,9,58,20,11,95,64" hai1="28,36,77,80,18,27,106,105,117,134,50,55,89" hai2="73,96,103,123,128,111,54,82,38,69,47,66,8" hai3="94,85,32,109,40,113,87,51,23,71,16,43,133"/><W78/><G32/><T92/><D64/><U97/><E36/><V112/><F112/><W75/><G71/><T93/><D39/><U30/><E134/><V17/><F128/><W44/><G75/><T74/><D74/><U119/><E18/><V65/><F111/><W57/><G133/><T118/><D118/><N who="1" m="45067" /><E89/><V19/><F123/><W86/><G113/><T12/><D45/><N who="1" m="28111" /><E97/><V100/><F96/><W81/><G109/><T90/><D20/><N who="1" m="15463" /><E30/><V104/><F38/><W41/><G57/><T125/><D31/><U60/><E60/><V114/><F19/><W101/><G101/><T68/><D68/><U6/><E6/><V127/><F17/><W79/><G79/><T14/><D125/><U124/><E124/><V102/><F127/><W29/><G29/><T24/><D24/><U21/><E21/><V2/><F114/><W132/><G132/><T116/><D116/><U35/><E35/><V84/><F104/><W10/><G10/><T91/><D91/><U110/><E110/><V5/><F73/><AGARI ba="0,0" hai="73,77,80,105,106" m="15463,28111,45067" machi="73" ten="30,1000,0" yaku="12,1" doraHai="129" who="1" fromWho="2" sc="179,0,221,10,208,-10,392,0" owari="179,-32.1,231,3.1,198,-20.2,392,49.2" /></mjloggm>