<mjloggm ver="2.3"><GO type="225" lobby="0"/><UN n0="%E6%A1%9C%E8%8A%B1%E9%96%83%E3%80%85" n1="%E3%81%BF%E3%81%BF%E3%81%9A" n2="%E3%83%A9%E3%82%A4%E3%83%B3%E3%81%AE%E8%99%8E" n3="%E3%81%8B%E3%82%8F%E3%81%A1%E3%82%83%E3%82%93%35%38" dan="17,18,16,16" rate="2168.13,2264.89,2097.79,2162.19" sx="M,M,M,M"/><TAIKYOKU oya="0"/><INIT seed="0,0,0,0,3,118" ten="250,250,250,250" oya="0" hai0="103,131,26,32,130,63,5,93,68,95,44,85,108" hai1="114,6,20,99,76,122,42,12,33,112,38,60,83" hai2="25,29,133,1,69,73,102,111,113,72,61,82,47" hai3="79,48,2,7,37,57,84,92,100,50,75,41,58"/><T51/><D5/><U127/><E33/><V125/><F111/><W98/><G75/><T35/><D108/><U66/><E127/><V11/><F133/><W97/><G37/><T14/><D14/><U128/><E99/><V115/><F125/><W10/><G79/><T70/><D85/><U117/><E117/><V31/><F47/><W101/><G84/><T80/><D80/><U120/><E42/><V36/><F36/><W62/><G41/><N who="0" m="24975" /><D63/><U87/><E38/><V21/><F102/><W86/><G86/><T24/><D24/><U132/><E132/><V126/><F126/><W134/><G134/><T49/><D49/><U77/><E77/><V45/><F31/><W135/><G135/><T78/><D78/><U40/><E40/><V110/><F110/><W39/><G39/><T121/><D121/><U89/><E76/><V105/><F72/><W19/><G19/><T81/><D81/><U94/><E83/><V65/><F82/><W23/><G50/><T88/><D103/><U3/><E3/><V17/><F73/><W129/><G48/><T34/><D26/><U71/><E128/><N who="0" m="49193" /><D88/><U27/><E12/><N who="2" m="7327" /><F45/><W13/><G129/><T54/><D54/><U106/><E6/><V96/><F1/><W67/><G100/><T91/><D91/><U55/><E55/><V30/><F30/><W90/><G90/><T104/><D104/><U53/><E106/><V46/><F46/><W107/><G107/><T8/><D8/><U9/><E53/><V124/><F124/><W64/><G98/><T16/><D16/><N who="1" m="12679" /><E9/><V123/><F123/><W59/><G62/><RYUUKYOKU ba="0,0" sc="250,0,250,0,250,0,250,0" hai0="32,34,35,68,70,93,95" hai1="60,66,71,87,89,94,112,114,120,122" hai2="21,25,29,61,65,69,96,105,113,115" hai3="2,7,10,13,23,57,58,59,64,67,92,97,101" /><INIT seed="0,1,0,0,3,102" ten="250,250,250,250" oya="0" hai0="107,30,63,116,55,80,68,3,38,89,67,11,29" hai1="19,49,121,5,117,4,76,118,35,53,119,113,47" hai2="110,115,91,2,120,127,28,99,61,21,13,40,44" hai3="112,79,122,20,10,70,105,31,130,129,69,71,23"/><T84/><D116/><U114/><E121/><V132/><F2/><W75/><G112/><N who="1" m="43114" /><E35/><V128/><F115/><W41/><G122/><T62/><D38/><U82/><E19/><V124/><F120/><W26/><G41/><T125/><D125/><U90/><E90/><V131/><F110/><W59/><G105/><T39/><D39/><U88/><E88/><V57/><F132/><W104/><G104/><T94/><D107/><U25/><E25/><N who="2" m="16431" /><F13/><W42/><G42/><T7/><REACH who="0" step="1"/><D94/><REACH who="0" ten="240,250,250,250" step="2"/><U51/><E51/><V135/><F124/><W54/><G130/><T77/><D77/><U95/><E95/><V14/><F127/><W56/><G129/><T85/><D85/><AGARI ba="1,1" hai="4,5,47,49,53,76,82,85,117,118,119" m="43114" machi="85" ten="40,1300,0" yaku="11,1" doraHai="102" who="1" fromWho="0" sc="240,-16,250,26,250,0,250,0" /><INIT seed="1,0,0,0,1,51" ten="224,276,250,250" oya="1" hai0="50,131,41,48,79,1,128,53,9,99,18,16,87" hai1="14,73,77,101,27,36,86,81,93,29,112,60,129" hai2="78,63,123,47,75,21,25,103,0,54,66,17,4" hai3="119,82,10,57,95,85,104,108,35,22,43,76,49"/><U58/><E112/><V96/><F123/><W44/><G104/><T31/><D31/><U28/><E36/><V105/><F75/><W117/><G35/><T91/><D79/><U6/><E129/><N who="0" m="49737" /><D99/><N who="1" m="59631" /><E73/><V107/><F78/><W113/><G113/><T32/><D32/><U67/><E27/><V68/><F105/><W132/><G108/><T38/><D48/><U11/><AGARI ba="0,0" hai="6,11,14,28,29,58,60,67,77,81,86" m="59631" machi="11" ten="30,1500,0" yaku="8,1" doraHai="51" who="1" fromWho="1" sc="224,-5,276,15,250,-5,250,-5" /><INIT seed="1,1,0,5,1,102" ten="219,291,245,245" oya="1" hai0="92,77,44,119,110,9,118,116,55,22,130,38,8" hai1="50,34,96,89,127,0,71,125,103,16,131,83,80" hai2="59,121,79,40,63,94,106,10,111,93,58,53,85" hai3="25,69,19,113,21,54,33,61,95,29,70,115,12"/><U20/><E34/><V109/><F121/><W5/><G95/><T74/><D110/><N who="2" m="41994" /><F40/><W135/><G135/><T98/><D130/><U47/><E0/><V112/><F112/><W15/><G54/><T107/><D22/><U11/><E11/><V81/><F106/><W82/><G82/><T134/><D134/><U52/><E71/><V104/><F104/><W32/><G61/><T49/><D38/><U43/><E43/><V17/><F59/><W18/><G5/><T97/><D77/><U13/><E131/><V73/><F73/><W105/><G105/><T39/><D74/><U3/><E3/><V23/><F10/><N who="3" m="6423" /><G69/><T64/><D64/><U122/><E122/><V46/><F46/><W124/><G70/><T28/><D28/><U56/><E47/><V36/><F36/><W132/><G132/><T1/><D39/><U120/><E120/><V101/><F101/><W60/><G60/><T75/><D75/><U6/><E6/><V66/><F66/><W72/><G72/><T65/><D65/><U126/><E89/><V51/><F63/><W117/><G117/><T129/><D129/><U2/><E2/><V31/><F31/><N who="3" m="19567" /><G124/><T78/><D1/><U88/><E88/><V128/><F128/><W7/><G7/><T14/><D78/><U26/><E13/><AGARI ba="1,0" hai="13,17,23,51,53,58,79,81,85,93,94" m="41994" machi="13" ten="30,1000,0" yaku="14,1" doraHai="102" who="2" fromWho="1" sc="219,0,291,-13,245,13,245,0" /><INIT seed="2,0,0,1,0,68" ten="219,278,258,245" oya="2" hai0="20,128,78,84,28,1,100,127,45,63,40,118,60" hai1="103,117,96,16,29,8,135,36,70,95,90,53,37" hai2="125,39,108,65,121,11,97,99,64,109,12,120,49" hai3="35,52,101,50,33,6,55,21,23,105,106,62,38"/><V107/><F125/><W102/><G62/><T34/><D34/><N who="3" m="12809" /><G50/><T104/><D1/><U48/><E29/><V88/><F49/><W61/><G61/><T27/><D127/><U57/><E117/><V132/><F132/><W98/><G98/><T76/><D104/><N who="3" m="40041" /><G6/><T123/><D128/><U15/><E135/><V91/><F107/><W93/><G93/><T133/><D123/><U119/><E119/><V10/><F12/><W111/><G38/><AGARI ba="0,0" hai="10,11,38,39,64,65,88,91,97,99,108,109,120,121" machi="38" ten="25,12000,1" yaku="22,2,52,2,54,1" doraHai="68" who="2" fromWho="3" sc="219,0,278,0,258,120,245,-120" /><INIT seed="2,1,0,5,2,87" ten="219,278,378,125" oya="2" hai0="128,129,35,116,55,61,16,50,112,26,97,114,43" hai1="69,78,134,23,52,29,25,1,135,102,10,8,123" hai2="54,19,132,79,105,83,67,99,36,121,13,90,60" hai3="38,92,7,70,48,120,82,58,31,12,84,74,131"/><V62/><F132/><N who="1" m="50729" /><E123/><V3/><F3/><W51/><G120/><T28/><D43/><U98/><E69/><V77/><F36/><W33/><G70/><T53/><D116/><U0/><E78/><V65/><F105/><W22/><G38/><T40/><D40/><U21/><E52/><N who="0" m="20041" /><D50/><U15/><E21/><V111/><F111/><W56/><G51/><T18/><D97/><U103/><E8/><V72/><F79/><W125/><G48/><T49/><D49/><U115/><E115/><N who="0" m="44073" /><D61/><U46/><E46/><V11/><F121/><W113/><G113/><T6/><D6/><N who="1" m="3543" /><E103/><V39/><F39/><W27/><G7/><T42/><D42/><U17/><E17/><V57/><F60/><W94/><G58/><T34/><D34/><U91/><E91/><V32/><F32/><W93/><G33/><T81/><D81/><U41/><E41/><V24/><F90/><N who="3" m="51479" /><G56/><T110/><D110/><U80/><E80/><V88/><REACH who="2" step="1"/><F24/><REACH who="2" ten="219,278,368,125" step="2"/><W95/><G27/><T71/><D35/><U122/><E122/><V64/><F64/><W30/><G12/><T2/><D2/><U133/><N who="1" m="50737" /><U5/><DORA hai="73" /><E0/><V63/><F63/><W47/><G74/><T4/><D26/><U119/><E1/><V14/><F14/><W68/><G47/><T96/><D128/><U109/><E109/><V117/><F117/><W20/><G131/><T107/><D129/><U44/><E119/><V118/><F118/><W89/><G89/><T85/><D107/><U124/><E25/><V37/><F37/><W9/><N who="3" m="23552" /><DORA hai="75" /><W127/><G68/><T104/><D71/><RYUUKYOKU ba="1,1" sc="219,-10,278,-10,368,30,125,-10" hai2="11,13,19,54,57,62,65,67,72,77,83,88,99" /><INIT seed="2,2,1,4,0,36" ten="209,268,398,115" oya="2" hai0="94,74,44,30,109,48,63,53,78,66,127,111,135" hai1="123,81,4,96,25,76,8,121,95,71,51,102,105" hai2="23,68,130,98,126,100,99,89,92,24,19,132,21" hai3="29,104,72,17,38,31,5,97,28,35,60,108,83"/><V79/><F126/><W64/><G108/><N who="0" m="41547" /><D127/><U70/><E25/><V6/><F130/><W61/><G38/><T101/><D30/><U42/><E95/><V15/><F132/><W58/><G5/><T45/><D135/><U37/><E51/><V62/><F79/><W26/><G17/><T50/><D94/><U40/><E70/><V131/><F131/><W55/><G72/><T90/><D90/><U120/><E71/><V43/><F68/><W86/><G104/><T128/><D101/><U16/><E37/><V2/><F2/><W20/><G35/><T82/><D128/><U3/><E16/><N who="2" m="12391" /><F62/><W22/><G22/><T69/><D48/><U84/><AGARI ba="2,1" hai="3,4,8,40,42,76,81,84,96,102,105,120,121,123" machi="84" ten="30,7900,0" yaku="0,1,13,1,52,2" doraHai="36" who="1" fromWho="1" sc="209,-22,268,95,398,-41,115,-22" /><INIT seed="3,0,0,3,3,17" ten="187,363,357,93" oya="3" hai0="98,10,62,5,63,29,51,99,108,57,117,123,113" hai1="72,27,2,91,70,58,100,75,71,20,68,46,96" hai2="129,42,19,84,107,95,89,94,21,86,40,127,31" hai3="121,124,111,135,125,24,37,14,7,47,105,25,104"/><W69/><G121/><T1/><D123/><U122/><E122/><V93/><F107/><N who="3" m="41035" /><G69/><T55/><D117/><U67/><E2/><V82/><F127/><N who="3" m="48715" /><G135/><T74/><D108/><U87/><E46/><V6/><F129/><W66/><G66/><T54/><D113/><U88/><E58/><V49/><F6/><W15/><G111/><T34/><D74/><U126/><E67/><V53/><F31/><W22/><G7/><T41/><D41/><N who="2" m="15978" /><F84/><W78/><G78/><T48/><D63/><U13/><E126/><V26/><F82/><W83/><G83/><T101/><D101/><U44/><E75/><V134/><F134/><W103/><G103/><T120/><D120/><U52/><E72/><V60/><F60/><W12/><G22/><T61/><D61/><U77/><E77/><V80/><F80/><W56/><G56/><AGARI ba="0,0" hai="19,21,26,49,53,56,86,89,93,94,95" m="15978" machi="56" ten="30,2000,0" yaku="8,1,52,1" doraHai="17" who="2" fromWho="3" sc="187,0,363,0,357,20,93,-20" owari="187,-21.3,363,16.3,377,47.7,73,-42.7" /></mjloggm>