<mjloggm ver="2.3"><GO type="225" lobby="0"/><UN n0="%73%69%72%6F%75%74" n1="%E7%B4%94%E6%BD%94%E3%83%94%E3%83%A9%E3%83%8B%E3%82%A2" n2="%72%69%6F%75%63%68%61%6E" n3="%E3%83%A9%E3%83%B3%E3%83%8A%E3%83%BC%E3%83%A9%E3%83%B3%E3%83%8A%E3%83%BC" dan="16,16,17,17" rate="2140.41,2095.10,2254.14,2192.54" sx="M,M,M,M"/><TAIKYOKU oya="0"/><INIT seed="0,0,0,5,4,119" ten="250,250,250,250" oya="0" hai0="86,76,25,123,93,102,132,60,4,117,45,108,105" hai1="101,53,3,28,35,27,95,47,131,134,107,40,63" hai2="51,74,29,39,78,106,92,9,58,71,7,127,18" hai3="59,48,81,20,129,30,22,85,21,41,67,88,72"/><T31/><D117/><U38/><E134/><V49/><F127/><W0/><G0/><T57/><D132/><U42/><E131/><V80/><F106/><W2/><G2/><T77/><D4/><U89/><E3/><V130/><F130/><W43/><G129/><T62/><D105/><U91/><E107/><V13/><F71/><W99/><G72/><T115/><D115/><U124/><E42/><N who="3" m="15882" /><G99/><N who="0" m="59759" /><D31/><U44/><E124/><V17/><F39/><W126/><G126/><T24/><D45/><U56/><REACH who="1" step="1"/><E47/><REACH who="1" ten="250,240,250,250" step="2"/><V12/><F29/><W61/><G48/><T121/><D108/><U33/><E33/><V68/><F49/><W8/><G8/><T75/><D62/><U122/><E122/><V128/><F128/><W90/><G30/><T55/><D123/><U1/><E1/><V54/><F68/><W82/><G22/><T112/><D121/><U50/><E50/><V103/><REACH who="2" step="1"/><F13/><REACH who="2" ten="250,240,240,250" step="2"/><W110/><G110/><T23/><D60/><U52/><E52/><V87/><F87/><AGARI ba="0,2" hai="20,21,59,61,67,81,82,85,87,88,90" m="15882" machi="87" ten="30,2000,0" yaku="8,1,54,1" doraHai="119" who="3" fromWho="2" sc="250,0,240,0,240,-20,250,40" /><INIT seed="1,0,0,3,3,92" ten="250,240,220,290" oya="1" hai0="83,30,77,128,135,12,62,100,48,37,15,125,9" hai1="131,81,68,98,129,65,85,51,50,112,6,102,22" hai2="11,13,86,99,119,63,27,40,10,43,116,8,93" hai3="3,87,54,34,17,70,45,109,118,91,108,111,36"/><U38/><E38/><V23/><F86/><W121/><G121/><T89/><D37/><U32/><E32/><V78/><F78/><W55/><G34/><T41/><D135/><U115/><E6/><V90/><F13/><W1/><G70/><T96/><D30/><U130/><E22/><V105/><F105/><W75/><G75/><T5/><D125/><U26/><E26/><V0/><F0/><W73/><G73/><T113/><D128/><U25/><E25/><V132/><F132/><W71/><G71/><T107/><D89/><N who="1" m="51375" /><E68/><V103/><F103/><W18/><G118/><T66/><D113/><N who="1" m="43595" /><E65/><V16/><REACH who="2" step="1"/><F63/><REACH who="2" ten="250,240,210,290" step="2"/><W46/><G3/><T133/><D133/><U122/><E122/><V14/><F14/><W4/><G1/><T7/><D15/><U79/><E79/><V97/><F97/><W59/><G108/><T20/><D5/><U69/><E69/><V19/><F19/><W104/><G4/><T44/><D62/><U29/><E29/><V2/><F2/><W21/><G18/><T76/><D76/><U101/><E101/><V35/><F35/><W80/><G17/><T95/><D20/><U134/><E134/><V123/><F123/><W88/><G21/><T67/><D107/><AGARI ba="0,1" hai="50,51,98,102,107,129,130,131" m="43595,51375" machi="107" ten="40,3900,0" yaku="19,1,52,1" doraHai="92" who="1" fromWho="0" sc="250,-39,240,49,210,0,290,0" /><INIT seed="1,1,0,3,2,43" ten="211,289,210,290" oya="1" hai0="71,29,110,117,105,65,109,90,22,74,23,99,34" hai1="11,121,18,47,100,72,78,40,27,61,66,94,56" hai2="31,10,83,48,88,16,12,53,107,124,0,54,96" hai3="89,49,77,24,13,116,133,128,69,87,20,5,17"/><U127/><E121/><V6/><F124/><W118/><G69/><T19/><D74/><U44/><E127/><V91/><F31/><W119/><G128/><T86/><D117/><U7/><E72/><V95/><F107/><W46/><G133/><T102/><D90/><U82/><E40/><V63/><F63/><W93/><G77/><T80/><D86/><N who="1" m="48471" /><E7/><V126/><F126/><W98/><G5/><T97/><D97/><N who="1" m="59447" /><E11/><V75/><F48/><W84/><REACH who="3" step="1"/><G24/><REACH who="3" ten="211,289,210,280" step="2"/><T21/><D71/><U57/><E57/><V55/><F75/><W67/><G67/><T111/><D65/><U130/><E130/><V85/><REACH who="2" step="1"/><F0/><REACH who="2" ten="211,289,200,280" step="2"/><W114/><G114/><T4/><D110/><U131/><E131/><V120/><F120/><W81/><G81/><T79/><D109/><U64/><E64/><V25/><F25/><W52/><AGARI ba="1,2" hai="13,17,20,46,49,52,84,87,89,93,98,116,118,119" machi="52" ten="30,8000,1" yaku="1,1,0,1,12,1,52,1,54,1,53,0" doraHai="43" doraHaiUra="38" who="3" fromWho="3" sc="211,-21,289,-41,200,-21,280,103" /><INIT seed="2,0,0,0,1,16" ten="190,248,179,383" oya="2" hai0="15,117,44,46,122,11,78,114,9,98,87,75,99" hai1="31,85,36,95,19,18,43,74,7,59,132,134,48" hai2="120,104,116,97,131,73,12,77,125,103,1,56,4" hai3="84,37,100,133,89,6,40,23,26,93,62,53,115"/><V55/><F116/><W94/><G37/><T60/><D75/><U69/><E69/><V70/><F120/><W123/><G123/><T130/><D122/><U86/><E74/><V34/><F70/><W54/><G40/><T2/><D2/><U49/><E7/><V106/><F125/><W91/><G133/><N who="1" m="51306" /><E36/><V32/><F131/><W45/><G6/><T25/><D9/><U101/><E31/><V65/><F106/><W14/><G100/><T29/><D114/><U90/><E101/><V64/><F1/><W24/><G115/><T113/><D113/><U112/><E112/><V76/><F32/><W33/><G33/><T3/><D3/><U0/><E0/><V61/><F34/><W38/><G38/><T118/><D130/><U35/><E35/><V135/><F135/><W119/><G119/><T83/><D118/><U50/><E43/><V51/><F73/><W28/><G26/><T96/><D60/><U92/><E59/><V124/><F124/><W21/><G62/><T88/><D78/><U81/><E95/><V63/><F63/><W41/><G41/><T107/><D107/><U79/><AGARI ba="0,0" hai="18,19,48,49,50,79,81,85,86,90,92" m="51306" machi="79" ten="30,1100,0" yaku="20,1" doraHai="16" who="1" fromWho="1" sc="190,-3,248,11,179,-5,383,-3" /><INIT seed="3,0,0,4,5,105" ten="187,259,174,380" oya="3" hai0="22,72,111,40,88,118,51,92,125,9,32,90,133" hai1="33,67,126,41,14,99,127,69,100,124,17,56,75" hai2="30,59,109,28,68,71,23,2,82,97,128,34,103" hai3="65,132,122,39,8,93,123,119,44,135,57,24,3"/><W18/><G93/><T0/><D72/><U61/><E33/><V98/><F2/><W62/><G18/><T19/><D32/><U96/><E75/><V20/><F34/><W79/><G24/><T81/><D118/><U47/><E69/><N who="2" m="26699" /><F59/><W108/><G8/><T113/><D113/><U94/><E94/><V116/><F82/><W107/><G108/><T21/><D111/><U1/><E1/><V43/><F109/><W87/><G123/><T49/><D0/><U104/><E100/><V37/><F116/><W110/><G132/><T74/><D133/><U76/><E76/><V101/><F43/><W55/><G39/><T4/><D40/><U10/><E104/><V7/><F7/><W27/><G107/><T70/><D4/><U15/><E15/><V50/><F50/><AGARI ba="0,0" hai="10,14,17,41,47,50,56,61,67,96,99,124,126,127" machi="50" ten="40,1300,0" yaku="18,1" doraHai="105" who="1" fromWho="2" sc="187,0,259,13,174,-13,380,0" owari="187,-21.3,272,7.2,161,-33.9,380,48.0" /></mjloggm>