<mjloggm ver="2.3"><GO type="225" lobby="0"/><UN n0="%E9%B3%B3%E6%9D%B1%E3%81%AE%E3%81%86%E3%81%95%E3%81%8E%E3%81%95%E3%82%93" n1="%E3%80%93%E3%81%97%E3%83%BC%E3%82%89%E3%80%93" n2="%E3%82%BC%E3%83%AB%E3%83%80%E3%81%AE%E4%BC%9D%E8%AA%AC" n3="%E3%83%B4%E3%83%A0%EF%BC%99%E3%81%A6" dan="17,16,17,16" rate="2225.16,2150.01,2167.52,2127.45" sx="M,M,M,M"/><TAIKYOKU oya="0"/><INIT seed="0,0,0,2,0,43" ten="250,250,250,250" oya="0" hai0="134,55,61,94,130,21,108,99,120,13,17,56,9" hai1="110,14,42,15,84,25,83,75,105,111,19,40,121" hai2="37,10,23,82,49,77,45,30,93,35,29,80,95" hai3="46,22,64,117,113,73,18,39,28,119,72,7,58"/><T36/><D130/><U98/><E75/><V128/><F35/><W125/><G113/><T115/><D134/><U32/><E121/><V129/><F37/><W4/><G125/><T26/><D115/><U116/><E116/><V127/><F127/><W92/><G28/><T54/><D120/><U16/><E25/><V60/><F60/><W48/><G39/><T91/><D36/><U102/><E32/><V11/><F23/><W133/><G133/><T104/><D108/><N who="1" m="41515" /><E15/><V57/><F57/><W107/><G107/><T68/><D104/><U96/><E96/><V24/><F49/><W135/><G135/><T74/><D74/><U47/><E47/><V51/><F51/><W124/><G124/><T131/><D68/><U67/><E67/><V5/><F24/><W69/><G69/><T1/><D131/><U86/><E86/><V70/><F70/><W114/><G72/><T50/><D1/><U63/><E63/><V3/><F3/><W66/><G73/><T27/><REACH who="0" step="1"/><D21/><REACH who="0" ten="240,250,250,250" step="2"/><N who="1" m="11415" /><E19/><V78/><F5/><W41/><G4/><T31/><D31/><U123/><E123/><V132/><F132/><W109/><G7/><T88/><D88/><AGARI ba="0,1" hai="40,42,83,84,88,98,102,105" m="11415,41515" machi="88" ten="30,3900,0" yaku="14,1,54,2" doraHai="43" who="1" fromWho="0" sc="240,-39,250,49,250,0,250,0" /><INIT seed="1,0,0,0,0,88" ten="201,299,250,250" oya="1" hai0="56,123,54,109,52,3,28,133,112,98,60,48,114" hai1="89,43,2,64,40,124,61,65,97,100,77,82,46" hai2="117,8,51,101,13,32,41,103,131,16,10,31,24" hai3="107,7,72,78,11,58,44,134,4,104,30,68,129"/><U62/><E2/><V76/><F117/><W71/><G134/><T110/><D3/><U49/><E124/><V67/><F131/><W102/><G129/><T38/><D28/><U45/><E89/><V83/><F67/><W94/><G58/><N who="0" m="34887" /><D98/><U0/><E0/><V23/><F41/><W27/><G44/><N who="0" m="27911" /><D133/><U35/><E35/><V39/><F51/><W19/><G19/><T93/><D93/><U66/><E46/><V57/><F57/><W95/><G78/><T108/><D123/><U12/><E12/><V90/><F39/><W85/><G85/><T55/><D38/><U22/><E22/><V118/><F118/><W96/><G72/><T74/><D74/><U9/><E9/><V21/><F90/><W99/><G11/><N who="2" m="4137" /><F32/><W20/><G20/><T120/><D120/><U115/><E43/><V73/><F73/><W121/><G121/><T59/><D59/><U75/><REACH who="1" step="1"/><E115/><REACH who="1" ten="201,289,250,250" step="2"/><V105/><F23/><W111/><G4/><T81/><D81/><U33/><E33/><V128/><F13/><W79/><G7/><T106/><D106/><AGARI ba="0,1" hai="40,45,49,61,62,64,65,66,75,77,82,97,100,106" machi="106" ten="40,3900,0" yaku="1,1,53,1" doraHai="88" doraHaiUra="42" who="1" fromWho="0" sc="201,-39,289,49,250,0,250,0" /><INIT seed="1,1,0,2,2,88" ten="162,338,250,250" oya="1" hai0="108,22,121,0,26,116,95,15,133,32,128,33,125" hai1="112,127,105,71,39,10,2,84,100,75,85,45,110" hai2="54,43,90,1,12,62,19,102,101,9,38,41,24" hai3="119,18,97,20,6,58,27,5,36,134,14,13,109"/><U72/><E112/><V25/><F1/><W103/><G36/><T93/><D116/><U28/><E28/><V73/><F73/><W118/><G109/><T46/><D0/><U94/><E127/><V99/><F38/><W120/><G120/><T56/><D108/><U29/><E71/><V59/><F90/><W69/><G69/><T57/><D125/><U98/><E29/><V91/><F91/><W52/><G134/><T65/><D133/><U76/><E75/><V81/><F81/><W8/><G13/><T114/><D114/><U60/><E60/><V82/><F82/><W11/><G11/><T17/><D121/><U37/><E37/><V55/><F55/><W16/><G119/><T126/><D126/><U48/><E105/><V40/><REACH who="2" step="1"/><F102/><REACH who="2" ten="162,338,240,250" step="2"/><W35/><G118/><T66/><D128/><U124/><E39/><V115/><F115/><W63/><REACH who="3" step="1"/><G35/><REACH who="3" ten="162,338,240,240" step="2"/><T44/><D32/><U132/><E124/><V129/><F129/><W123/><G123/><T67/><D33/><U70/><E132/><V79/><F79/><W131/><G131/><T31/><D15/><U34/><E34/><V21/><F21/><W47/><G47/><N who="0" m="17963" /><D31/><U130/><E130/><V49/><F49/><W111/><G111/><T51/><D51/><U87/><E48/><V23/><F23/><W96/><G96/><T92/><AGARI ba="1,2" hai="17,22,26,56,57,65,66,67,92,93,95" m="17963" machi="92" ten="40,8000,1" yaku="8,1,52,3" doraHai="88" who="0" fromWho="0" sc="162,103,338,-41,240,-21,240,-21" /><INIT seed="2,0,0,4,1,50" ten="265,297,219,219" oya="2" hai0="88,106,127,18,53,126,108,0,30,81,1,135,80" hai1="68,47,57,87,93,95,125,91,61,7,28,55,79" hai2="111,123,63,45,73,113,8,86,48,134,92,4,10" hai3="129,99,110,67,69,133,54,76,23,75,2,98,15"/><V26/><F113/><W128/><G2/><N who="0" m="1131" /><D106/><U94/><E125/><N who="0" m="47625" /><D108/><U51/><E68/><V44/><F123/><W71/><G110/><T13/><D135/><U36/><E36/><V20/><F73/><W112/><G133/><T70/><D70/><N who="3" m="26633" /><G67/><T83/><D30/><U25/><E7/><V84/><F111/><W40/><G40/><T58/><D13/><U104/><E104/><V41/><F134/><W107/><G107/><T46/><D18/><U109/><E79/><V35/><F35/><W59/><G112/><T43/><D43/><U29/><E109/><V31/><F63/><N who="3" m="36343" /><G76/><T101/><D101/><U90/><E25/><V5/><F45/><W39/><G39/><T24/><D24/><U34/><E34/><V11/><F92/><N who="1" m="35433" /><E91/><V121/><F121/><W22/><G75/><T117/><D117/><U27/><E27/><V56/><F56/><W102/><G102/><T131/><D46/><U52/><AGARI ba="0,0" hai="28,29,47,51,52,55,57,61,87,90,95" m="35433" machi="52" ten="30,7900,0" yaku="8,1,52,2,54,1" doraHai="50" who="1" fromWho="1" sc="265,-20,297,79,219,-39,219,-20" /><INIT seed="3,0,0,0,0,102" ten="245,376,180,199" oya="3" hai0="19,9,24,81,54,66,43,1,7,39,131,2,127" hai1="65,12,63,48,106,75,105,113,94,112,123,17,83" hai2="53,80,41,101,118,98,5,56,78,32,135,22,49" hai3="72,4,91,45,122,130,76,35,133,59,103,30,36"/><W107/><G122/><T132/><D66/><U125/><E123/><V60/><F118/><W16/><G4/><T85/><D131/><U64/><E64/><V46/><F32/><W55/><G130/><T124/><D54/><U57/><E125/><N who="0" m="48201" /><D132/><U93/><E48/><V21/><F5/><W87/><G30/><T67/><D67/><U119/><E119/><V51/><F51/><W121/><G35/><T126/><N who="0" m="48209" /><T79/><DORA hai="25" /><D43/><U74/><E94/><V44/><F44/><W52/><G36/><T10/><D39/><U62/><E93/><V84/><F135/><W27/><G133/><T73/><D1/><U50/><E65/><V61/><F61/><W104/><G121/><T115/><D115/><U68/><E63/><V37/><F37/><W23/><G45/><T92/><D92/><AGARI ba="0,0" hai="21,22,41,46,49,53,56,60,78,80,84,92,98,101" machi="92" ten="30,2000,0" yaku="7,1,8,1" doraHai="102,25" who="2" fromWho="0" sc="245,-20,376,0,180,20,199,0" owari="225,2.5,376,47.6,200,-20.0,199,-30.1" /></mjloggm>