<mjloggm ver="2.3"><GO type="225" lobby="0"/><UN n0="%E3%81%B5%E3%81%98%E3%81%8B%E3%81%A4" n1="%E3%81%BF%E3%81%BF%E3%81%9A" n2="%E3%81%99%E3%81%84%E3%81%BE%E3%81%9B%E3%83%BC%E3%82%93" n3="%E6%B0%B7%E5%B7%9D%E9%87%8C%E5%A5%88" dan="16,17,18,16" rate="2173.30,2281.04,2182.26,2069.99" sx="M,M,M,F"/><TAIKYOKU oya="0"/><INIT seed="0,0,0,4,0,37" ten="250,250,250,250" oya="0" hai0="18,100,35,9,3,67,70,106,22,20,76,84,108" hai1="86,119,49,10,116,27,73,33,1,51,45,127,64" hai2="4,74,56,133,78,87,135,93,39,123,80,65,91" hai3="13,112,115,101,15,88,77,50,114,79,2,98,69"/><T117/><D117/><U32/><E73/><V26/><F123/><W95/><G69/><T72/><D35/><U61/><E127/><V111/><F111/><W97/><G2/><T48/><D108/><U30/><E32/><V54/><F39/><W31/><G31/><T63/><D72/><U71/><E51/><V55/><F4/><W34/><G34/><T6/><D48/><U16/><E86/><V41/><F41/><W40/><G15/><T109/><D109/><U103/><E103/><V7/><F7/><W58/><G13/><T131/><D131/><U60/><E61/><N who="2" m="38055" /><F26/><W82/><G82/><T89/><D76/><U8/><E1/><V46/><F46/><W122/><G122/><T25/><D20/><U113/><E113/><V107/><F107/><W81/><G81/><T96/><D84/><U11/><REACH who="1" step="1"/><E16/><REACH who="1" ten="250,240,250,250" step="2"/><V28/><F28/><W21/><G21/><T118/><D118/><U23/><E23/><V14/><F14/><W92/><REACH who="3" step="1"/><G58/><REACH who="3" ten="250,240,250,240" step="2"/><T38/><D22/><U132/><E132/><AGARI ba="0,2" hai="54,55,74,78,80,87,91,93,132,133,135" m="38055" machi="132" ten="30,1000,0" yaku="20,1" doraHai="37" who="2" fromWho="1" sc="250,0,240,-10,250,30,240,0" /><INIT seed="1,0,0,5,3,113" ten="250,230,280,240" oya="1" hai0="122,65,49,86,131,82,92,103,80,127,68,1,57" hai1="114,121,13,101,94,60,72,119,50,108,47,99,11" hai2="100,34,31,107,27,21,87,5,48,25,74,63,112" hai3="12,7,32,124,91,58,19,4,20,44,61,24,102"/><U130/><E114/><V2/><F74/><W115/><G115/><T54/><D1/><U76/><E121/><V55/><F112/><W98/><G124/><T69/><D127/><U66/><E130/><V83/><F63/><W9/><G91/><T38/><D131/><U26/><E108/><V88/><F5/><W96/><G32/><T123/><D38/><U129/><E129/><V117/><F2/><W36/><G4/><T126/><D126/><U16/><E119/><V79/><F117/><W59/><G61/><T70/><D65/><U105/><E105/><V125/><F125/><W29/><G7/><T35/><D35/><U132/><E132/><V45/><F100/><W93/><REACH who="3" step="1"/><G98/><REACH who="3" ten="250,230,280,230" step="2"/><T62/><D62/><U128/><E128/><V37/><F88/><W51/><G51/><T110/><D110/><U111/><E111/><V43/><F37/><W133/><G133/><T14/><D123/><U0/><E0/><V95/><F34/><W90/><G90/><N who="0" m="53335" /><D122/><U8/><E76/><V118/><F79/><W52/><G52/><T46/><D103/><U104/><E60/><V3/><F55/><W56/><G56/><T39/><D57/><U97/><E66/><V75/><F48/><W135/><G135/><T73/><D39/><U85/><E50/><V109/><F109/><W134/><G134/><T64/><D64/><U10/><E99/><V116/><F116/><W41/><AGARI ba="0,1" hai="9,12,19,20,24,29,36,41,44,58,59,93,96,102" machi="41" ten="30,2000,0" yaku="1,1,0,1,53,0" doraHai="113" doraHaiUra="67" who="3" fromWho="3" sc="250,-5,230,-10,280,-5,230,30" /><INIT seed="2,0,0,5,4,130" ten="245,220,275,260" oya="2" hai0="131,57,3,15,134,88,49,90,106,61,54,116,22" hai1="124,83,53,119,56,104,62,59,1,67,35,46,118" hai2="123,24,89,40,129,101,7,114,112,36,52,23,42" hai3="70,93,87,10,125,99,71,111,47,38,43,6,12"/><V17/><F123/><W78/><G111/><T96/><D131/><U122/><E104/><V44/><F129/><W100/><REACH who="3" step="1"/><G125/><REACH who="3" ten="245,220,275,250" step="2"/><T11/><D116/><U66/><E124/><V108/><F108/><W21/><G21/><T34/><D22/><U37/><E35/><V65/><F23/><W19/><G19/><T41/><D34/><U64/><E122/><V0/><F17/><W121/><G121/><T86/><D11/><U30/><E30/><V39/><F114/><W14/><G14/><T94/><D15/><U20/><E20/><V76/><F112/><W77/><G77/><T79/><D79/><U18/><E18/><V5/><F76/><W105/><G105/><T28/><D3/><U120/><E1/><V110/><F110/><W102/><G102/><T32/><D106/><U82/><E120/><V13/><F101/><W126/><G126/><T103/><D32/><U115/><E115/><V26/><F13/><W60/><G60/><T68/><D28/><U2/><E2/><V98/><F0/><W107/><G107/><T45/><D103/><U92/><E92/><V128/><F128/><W75/><G75/><T48/><D61/><N who="1" m="35983" /><E83/><AGARI ba="0,1" hai="6,10,12,38,43,47,70,71,78,83,87,93,99,100" machi="83" ten="40,2600,0" yaku="1,1,53,1" doraHai="130" doraHaiUra="72" who="3" fromWho="1" sc="245,0,220,-26,275,0,250,36" /><INIT seed="3,0,0,5,0,93" ten="245,194,275,286" oya="3" hai0="4,2,83,35,11,30,127,8,60,40,24,91,66" hai1="94,123,23,53,85,58,79,84,117,31,0,12,90" hai2="98,76,51,107,72,118,3,75,22,110,61,126,96" hai3="78,130,108,6,64,73,46,48,105,120,27,124,55"/><W62/><G120/><T20/><D127/><U67/><E123/><V14/><F3/><W77/><G105/><T38/><D11/><U68/><E0/><V36/><F36/><W59/><G124/><T16/><D38/><U119/><E68/><V41/><F126/><W37/><G130/><T33/><D40/><U28/><E67/><V87/><F118/><N who="1" m="45065" /><E12/><V10/><F107/><W49/><G108/><T25/><D83/><N who="1" m="47231" /><E23/><V95/><F110/><W69/><G6/><T71/><REACH who="0" step="1"/><D91/><REACH who="0" ten="235,194,275,286" step="2"/><U128/><E128/><V54/><F10/><W63/><G37/><T5/><D5/><U13/><E13/><V100/><F14/><W81/><G78/><T57/><D57/><U129/><E129/><V115/><F76/><W122/><G122/><T29/><D29/><U132/><E132/><V52/><F41/><W74/><G27/><T56/><D56/><U86/><E86/><V106/><F87/><W80/><G46/><T18/><D18/><U82/><E82/><V43/><F43/><W113/><G81/><T92/><D92/><U7/><E7/><V44/><F95/><W111/><G111/><T34/><AGARI ba="0,1" hai="2,4,8,16,20,24,25,30,33,34,35,60,66,71" machi="34" ten="20,5200,0" yaku="1,1,0,1,7,1,54,1,53,0" doraHai="93" doraHaiUra="104" who="0" fromWho="0" sc="235,62,194,-13,275,-13,286,-26" /><INIT seed="4,0,0,5,1,129" ten="297,181,262,260" oya="0" hai0="46,54,126,57,102,121,60,34,130,30,31,97,133" hai1="15,51,33,105,127,93,114,88,56,19,94,24,32" hai2="63,87,100,67,8,9,44,95,83,90,76,42,132" hai3="82,29,108,10,21,104,13,0,41,23,20,103,80"/><T112/><D121/><U35/><E105/><V36/><F132/><W22/><G0/><T122/><D122/><U71/><E71/><V109/><F100/><W92/><G104/><T4/><D133/><U6/><E127/><V75/><REACH who="2" step="1"/><F109/><REACH who="2" ten="297,181,252,260" step="2"/><W39/><G108/><T12/><D102/><U18/><E114/><V58/><AGARI ba="0,1" hai="8,9,36,42,44,58,63,67,75,76,83,87,90,95" machi="58" ten="20,5200,0" yaku="1,1,2,1,0,1,7,1,53,0" doraHai="129" doraHaiUra="98" who="2" fromWho="2" sc="297,-26,181,-13,252,62,260,-13" owari="271,7.1,168,-33.2,314,41.4,247,-15.3" /></mjloggm>