<mjloggm ver="2.3"><GO type="225" lobby="0"/><UN n0="%E5%B0%8F%E9%B3%A5%E9%81%8A%E7%B7%B4%E7%84%A1%32%31%E6%AD%B3" n1="%6D%75%75%6D%75%72%61" n2="%E7%99%BD%E9%9B%AA%E4%B9%83%E6%84%9B" n3="%6E%69%63%6F%6E%74%6F" dan="16,16,16,17" rate="2182.43,2129.06,2054.42,2131.52" sx="F,F,F,M"/><TAIKYOKU oya="0"/><INIT seed="0,0,0,0,1,33" ten="250,250,250,250" oya="0" hai0="135,9,41,43,1,40,104,18,64,116,52,39,42" hai1="84,16,8,26,27,12,95,35,73,87,51,24,31" hai2="101,20,69,117,10,47,71,46,112,102,111,134,133" hai3="37,56,3,106,123,103,127,88,76,110,53,122,68"/><T109/><D116/><U62/><E73/><V114/><F20/><W93/><G37/><T80/><D104/><U94/><E51/><V98/><F10/><W22/><G110/><T121/><D121/><N who="3" m="46089" /><G76/><T4/><D64/><U99/><E62/><V19/><F98/><N who="3" m="61815" /><G68/><T105/><D105/><U0/><E95/><V131/><F131/><W7/><G22/><T86/><D135/><U59/><E59/><V54/><F19/><W78/><G78/><T115/><D115/><U77/><E0/><V65/><F65/><W15/><G15/><T57/><D18/><U21/><E77/><V45/><F54/><W5/><G3/><T79/><D109/><U132/><E132/><N who="2" m="50795" /><F117/><W23/><G23/><T74/><D86/><U100/><REACH who="1" step="1"/><E27/><REACH who="1" ten="250,240,250,250" step="2"/><V83/><F111/><W14/><G14/><T130/><D130/><U6/><AGARI ba="0,1" hai="6,8,12,16,21,24,26,31,35,84,87,94,99,100" machi="6" ten="20,8000,1" yaku="1,1,2,1,0,1,7,1,54,1,53,0" doraHai="33" doraHaiUra="129" who="1" fromWho="1" sc="250,-40,240,90,250,-20,250,-20" /><INIT seed="1,0,0,2,3,25" ten="210,330,230,230" oya="1" hai0="84,120,118,19,12,82,121,122,44,78,107,7,49" hai1="53,33,0,57,66,81,22,34,89,39,10,2,55" hai2="99,114,4,54,113,77,64,58,29,94,31,93,30" hai3="59,21,36,75,15,135,35,95,100,131,63,117,87"/><U32/><E39/><V47/><F77/><W45/><G117/><T91/><D118/><U51/><E66/><V1/><F64/><W88/><G131/><T128/><D128/><U132/><E132/><V98/><F47/><W43/><G135/><T85/><D7/><U71/><E71/><V86/><F4/><W9/><G75/><T127/><D107/><U20/><E53/><V26/><F26/><W119/><G35/><T62/><D62/><U5/><E2/><V24/><F24/><W106/><G119/><T115/><D127/><U70/><E70/><V76/><F1/><W23/><G100/><T109/><D109/><U83/><E89/><N who="2" m="53431" /><F76/><W18/><REACH who="3" step="1"/><G106/><REACH who="3" ten="210,330,230,220" step="2"/><T52/><D115/><N who="2" m="44042" /><F94/><W60/><G60/><AGARI ba="0,1" hai="29,30,31,54,58,60,98,99" m="44042,53431" machi="60" ten="30,7700,0" yaku="11,1,52,3" doraHai="25" who="2" fromWho="3" sc="210,0,330,0,230,87,220,-77" /><INIT seed="2,0,0,2,3,96" ten="210,330,317,143" oya="2" hai0="108,49,101,30,119,128,11,51,116,72,112,97,54" hai1="67,100,24,126,120,14,103,39,45,123,90,52,32" hai2="64,7,22,135,129,107,85,102,74,105,6,106,28" hai3="3,94,92,33,79,124,114,118,73,50,19,122,18"/><V69/><F74/><W70/><G118/><N who="0" m="45099" /><D112/><U0/><E0/><V66/><F129/><W130/><G130/><T68/><D128/><U134/><E67/><V63/><F135/><W43/><G70/><T20/><D68/><U80/><E134/><V111/><F64/><W81/><G33/><T42/><D72/><U121/><E126/><V133/><F133/><W132/><G132/><T88/><D42/><N who="1" m="22751" /><E52/><V77/><F111/><W56/><G124/><T16/><D108/><U23/><E14/><V65/><F65/><W71/><G71/><T110/><D110/><U117/><E32/><V37/><F37/><W36/><G122/><T48/><D11/><U47/><E47/><V113/><F113/><W8/><G114/><T26/><D30/><N who="1" m="17695" /><E117/><V89/><F28/><W59/><G94/><N who="0" m="56519" /><D101/><U61/><E61/><V25/><F102/><W55/><G92/><T76/><D76/><U87/><AGARI ba="0,0" hai="80,87,90,100,103,120,121,123" m="17695,22751" machi="87" ten="40,5200,0" yaku="13,1,52,2" doraHai="96" who="1" fromWho="1" sc="210,-13,330,52,317,-26,143,-13" /><INIT seed="3,0,0,4,4,23" ten="197,382,291,130" oya="3" hai0="126,91,130,81,112,50,57,92,10,75,111,25,53" hai1="59,35,125,33,2,129,132,135,87,105,79,45,96" hai2="82,104,6,24,51,5,48,49,110,46,74,61,34" hai3="119,80,83,108,12,18,89,7,39,60,73,36,15"/><W114/><G114/><T98/><D111/><U65/><E2/><V19/><F104/><W84/><G119/><T52/><D112/><U11/><E125/><V58/><F110/><W43/><G108/><T127/><D130/><U86/><E129/><V131/><F131/><W63/><G73/><T88/><D10/><U72/><E72/><V68/><F68/><W16/><G7/><N who="2" m="2569" /><F34/><W76/><G39/><T3/><D3/><U31/><E11/><V100/><F100/><W30/><G30/><T67/><D67/><U41/><E65/><N who="2" m="39095" /><F82/><W27/><G36/><T95/><D53/><U77/><E41/><N who="2" m="24655" /><F74/><W120/><G43/><T40/><D40/><U44/><E105/><V21/><AGARI ba="0,0" hai="19,21,24,49,51" m="24655,39095,2569" machi="21" ten="30,2000,0" yaku="8,1,52,1" doraHai="23" who="2" fromWho="2" sc="197,-5,382,-5,291,20,130,-10" owari="192,-20.8,377,47.7,311,11.1,120,-38.0" /></mjloggm>