<mjloggm ver="2.3"><GO type="225" lobby="0"/><UN n0="%E3%81%BF%E3%81%BF%E3%81%9A" n1="%E3%82%B2%E3%82%B9%E8%8C%82%E5%8B%9D" n2="%E5%84%AA%40%41%42%43" n3="%E3%81%BE%E3%81%A8%E3%81%9F" dan="16,16,17,16" rate="2113.76,2091.57,2196.84,2107.70" sx="M,F,M,M"/><TAIKYOKU oya="0"/><INIT seed="0,0,0,3,3,90" ten="250,250,250,250" oya="0" hai0="73,63,26,9,7,31,89,29,125,64,72,111,119" hai1="33,14,134,54,18,106,49,97,40,121,103,75,2" hai2="62,52,55,69,59,133,24,10,42,114,1,17,115" hai3="70,99,11,65,84,50,112,85,96,53,28,91,92"/><T47/><D119/><U36/><E134/><V109/><F109/><W3/><G112/><T12/><D111/><U127/><E121/><V80/><F133/><W83/><G28/><T87/><D125/><U13/><E127/><V101/><F69/><W46/><G70/><T95/><D47/><U25/><E75/><V123/><F123/><W30/><G30/><T60/><D31/><U15/><E2/><V56/><F42/><W82/><G65/><T113/><D60/><U77/><E77/><V27/><F101/><W129/><G129/><T118/><D113/><U86/><E86/><V61/><F80/><W132/><G132/><T131/><D118/><U107/><E107/><V21/><REACH who="2" step="1"/><F24/><REACH who="2" ten="250,250,240,250" step="2"/><W51/><G83/><T37/><D131/><U34/><E40/><V110/><F110/><W44/><G3/><T76/><D37/><U108/><E36/><V6/><AGARI ba="0,1" hai="1,6,10,17,21,27,52,55,56,59,61,62,114,115" machi="6" ten="30,7900,0" yaku="1,1,0,1,9,1,54,1,53,0" doraHai="90" doraHaiUra="8" who="2" fromWho="2" sc="250,-39,250,-20,240,89,250,-20" /><INIT seed="1,0,0,2,3,71" ten="211,230,329,230" oya="1" hai0="80,73,44,38,127,64,89,133,51,21,105,113,114" hai1="56,124,115,91,70,53,55,86,119,63,79,3,30" hai2="27,8,134,60,9,111,48,46,122,26,69,101,72" hai3="97,84,62,94,12,108,98,32,58,24,31,45,16"/><U67/><E115/><V52/><F72/><W103/><G108/><T17/><D105/><U29/><E124/><V23/><F122/><W18/><G84/><T57/><D127/><U50/><E119/><V88/><F101/><W92/><G45/><T87/><D133/><U96/><E3/><V35/><F111/><W76/><G76/><T13/><D73/><U85/><E96/><V33/><F134/><W7/><G7/><T54/><REACH who="0" step="1"/><D64/><REACH who="0" ten="201,230,329,230" step="2"/><U61/><E79/><V47/><F35/><W123/><G123/><T95/><D95/><U112/><E112/><V1/><F33/><W66/><REACH who="3" step="1"/><G12/><REACH who="3" ten="201,230,329,220" step="2"/><T19/><D19/><U25/><E85/><V74/><F74/><W126/><G126/><T0/><D0/><U77/><E77/><V28/><F1/><W82/><G82/><T129/><D129/><U10/><E86/><V36/><F27/><W49/><G49/><T106/><D106/><U65/><E25/><V130/><F130/><W15/><G15/><T37/><D37/><U68/><E50/><V22/><F36/><W118/><G118/><T102/><D102/><AGARI ba="0,2" hai="16,18,24,31,32,58,62,66,92,94,97,98,102,103" machi="102" ten="30,7700,0" yaku="1,1,7,1,9,1,54,1,53,0" doraHai="71" doraHaiUra="110" who="3" fromWho="0" sc="201,-77,230,0,329,0,220,97" /><INIT seed="2,0,0,4,2,81" ten="124,230,329,317" oya="2" hai0="50,100,94,11,77,115,4,12,52,130,105,125,132" hai1="134,129,79,98,96,84,25,121,103,16,71,38,72" hai2="127,54,32,18,31,24,78,13,21,82,22,40,56" hai3="29,99,17,19,42,128,101,110,131,64,113,8,135"/><V0/><F127/><W112/><G42/><T37/><D125/><U47/><E71/><V106/><F106/><W91/><G64/><T95/><D37/><U62/><E72/><V93/><F0/><W76/><G29/><T107/><D130/><N who="3" m="49705" /><G76/><T44/><D115/><N who="3" m="44105" /><G110/><T53/><D132/><U15/><E129/><V36/><F40/><W117/><G117/><T124/><D124/><U2/><E2/><V5/><F36/><W14/><G91/><T89/><D77/><U86/><E121/><V48/><F5/><N who="3" m="3343" /><G135/><T61/><D100/><U57/><E134/><V65/><F65/><W97/><G97/><N who="1" m="37482" /><E38/><V111/><F111/><W73/><G73/><T120/><D120/><U58/><E47/><V118/><F118/><W80/><G80/><T3/><D3/><U108/><E108/><V63/><F82/><W122/><G122/><T39/><D39/><U66/><E79/><V7/><F78/><W6/><G6/><T85/><REACH who="0" step="1"/><D95/><AGARI ba="0,0" hai="17,19,95,99,101" m="3343,44105,49705" machi="95" ten="30,2000,0" yaku="19,1,11,1" doraHai="81" who="3" fromWho="0" sc="124,-20,230,0,329,0,317,20" /><INIT seed="3,0,0,1,3,60" ten="104,230,329,337" oya="3" hai0="71,75,0,62,48,132,12,49,16,40,28,11,129" hai1="29,81,43,77,38,30,2,114,121,52,134,94,126" hai2="88,10,7,85,65,41,119,51,14,80,107,108,24" hai3="8,105,19,27,130,37,125,128,44,15,61,133,42"/><W78/><G105/><T47/><D129/><N who="3" m="49769" /><G125/><T84/><D132/><U82/><E126/><V18/><F119/><W23/><G133/><T96/><D75/><U32/><E134/><V76/><F107/><W25/><G78/><T83/><D0/><U67/><E114/><V109/><F65/><W115/><G115/><T89/><D28/><U36/><E67/><V4/><F88/><W22/><G61/><T116/><D116/><U86/><E2/><V131/><F131/><W135/><G135/><T69/><D96/><U70/><E70/><V17/><F4/><N who="3" m="3463" /><G23/><T53/><REACH who="0" step="1"/><D62/><REACH who="0" ten="94,230,329,337" step="2"/><U120/><E29/><V31/><F31/><W21/><G19/><T118/><D118/><U55/><E30/><V20/><F18/><W63/><G63/><T124/><D124/><U113/><E120/><V91/><F17/><W106/><G106/><T95/><D95/><U92/><E121/><V110/><F110/><W34/><G27/><T5/><D5/><U46/><E94/><V122/><F122/><W57/><G25/><T87/><D87/><U103/><E92/><V3/><F3/><W26/><G26/><T35/><D35/><U50/><E32/><V111/><F24/><W97/><G97/><T101/><D101/><U74/><E103/><V6/><F7/><W66/><G34/><T13/><D13/><U102/><E102/><V99/><F99/><W93/><G93/><T68/><D68/><U54/><E86/><V98/><F98/><W90/><G37/><T45/><AGARI ba="0,1" hai="11,12,16,40,45,47,48,49,53,69,71,83,84,89" machi="45" ten="20,12000,2" yaku="1,1,0,1,7,1,25,2,54,1,53,1" doraHai="60" doraHaiUra="9" who="0" fromWho="0" sc="94,130,230,-30,329,-30,337,-60" /><INIT seed="4,0,0,5,2,99" ten="224,200,299,277" oya="0" hai0="131,51,23,4,52,102,105,79,2,3,75,106,31" hai1="129,32,81,89,85,37,114,121,30,103,133,112,28" hai2="9,64,124,61,90,8,118,48,40,39,97,130,70" hai3="19,88,77,74,53,12,22,83,13,76,34,107,18"/><T25/><D131/><U20/><E129/><V93/><F130/><W69/><G34/><T35/><D35/><U24/><E121/><V42/><F39/><W116/><G69/><T55/><D55/><U78/><E133/><V117/><F124/><W108/><G108/><T92/><D92/><U44/><E32/><V135/><F135/><W67/><G107/><T16/><D31/><U87/><E30/><V58/><F58/><W6/><G6/><T72/><D102/><U98/><E44/><N who="2" m="25607" /><F42/><W115/><G67/><T43/><D43/><U91/><E37/><V104/><F104/><W21/><G115/><N who="1" m="44074" /><E87/><V94/><F93/><AGARI ba="0,0" hai="20,24,28,78,81,85,89,91,93,98,103" m="44074" machi="93" ten="30,3900,0" yaku="15,1,11,1,52,1" doraHai="99" who="1" fromWho="2" sc="224,0,200,39,299,-39,277,0" /><INIT seed="5,0,0,1,3,11" ten="224,239,260,277" oya="1" hai0="129,29,24,79,87,102,25,17,71,125,119,31,15" hai1="45,86,93,80,43,74,89,0,21,104,90,113,62" hai2="108,42,130,67,70,18,84,26,63,38,60,110,100" hai3="55,27,109,96,111,126,28,66,51,6,56,131,44"/><U83/><E0/><V14/><F130/><W97/><G131/><T72/><D71/><U101/><E113/><V88/><F100/><W22/><G126/><T7/><D72/><U122/><E122/><V16/><F26/><N who="0" m="10346" /><D129/><U120/><E120/><V98/><F98/><W106/><G106/><T76/><D119/><U20/><E104/><V36/><F18/><W2/><G2/><T40/><D125/><U135/><E135/><V35/><F35/><W53/><G6/><T10/><D102/><U112/><E112/><V128/><F63/><W69/><G69/><T33/><D33/><U77/><E62/><V52/><F52/><W65/><G109/><T92/><D40/><U94/><E101/><V132/><F132/><W32/><G111/><T91/><D17/><U95/><REACH who="1" step="1"/><E89/><REACH who="1" ten="224,229,260,277" step="2"/><V3/><F3/><W5/><G32/><T73/><D73/><U121/><E121/><V133/><F133/><W117/><G117/><T107/><D107/><U19/><E19/><V59/><F128/><W124/><G124/><T78/><AGARI ba="0,1" hai="7,10,15,29,31,76,78,79,87,91,92" m="10346" machi="78" ten="30,2000,0" yaku="8,1,52,1" doraHai="11" who="0" fromWho="0" sc="224,30,229,-10,260,-5,277,-5" /><INIT seed="6,0,0,1,1,63" ten="254,219,255,272" oya="2" hai0="25,47,11,65,48,76,134,130,96,62,78,16,36" hai1="83,123,87,133,74,73,38,15,94,27,127,106,82" hai2="3,7,109,113,20,135,12,59,100,58,39,122,131" hai3="21,70,1,69,9,2,35,61,120,5,67,53,13"/><V114/><F39/><W112/><G120/><T89/><D36/><U124/><E38/><V17/><F122/><W84/><G35/><T56/><D130/><U0/><E0/><V8/><F131/><W46/><G70/><T117/><D134/><U128/><E123/><V31/><F135/><W19/><G112/><N who="2" m="43113" /><F100/><W108/><G108/><T54/><D117/><U24/><E128/><V80/><F109/><W55/><G46/><T126/><D126/><N who="1" m="48171" /><E106/><V29/><F80/><N who="1" m="30761" /><E133/><V125/><F125/><W116/><G116/><T50/><D50/><U119/><E119/><V105/><F105/><W33/><G33/><T40/><D40/><U34/><E15/><N who="2" m="9279" /><F59/><W32/><G1/><T49/><D49/><U111/><E111/><V75/><F58/><W85/><REACH who="3" step="1"/><G32/><REACH who="3" ten="254,219,255,262" step="2"/><T30/><D47/><U26/><E34/><V44/><F44/><W6/><G6/><T41/><D56/><U97/><E87/><AGARI ba="0,1" hai="2,5,9,13,19,21,53,55,61,67,69,84,85,87" machi="87" ten="40,5200,0" yaku="1,1,52,1,53,1" doraHai="63" doraHaiUra="10" who="3" fromWho="1" sc="254,0,219,-52,255,0,262,62" owari="254,-14.6,167,-33.3,255,5.5,324,42.4" /></mjloggm>