<mjloggm ver="2.3"><GO type="225" lobby="0"/><UN n0="%E3%81%8B%E3%82%8F%E3%81%A1%E3%82%83%E3%82%93%35%38" n1="%6D%75%75%6D%75%72%61" n2="%E3%81%86%E3%83%BC%E3%81%B1%E3%83%BC" n3="%E3%81%91%E3%83%BC%E3%81%9E%E3%81%88" dan="16,16,16,16" rate="2102.91,2156.08,2177.36,2149.43" sx="M,F,F,F"/><TAIKYOKU oya="0"/><INIT seed="0,0,0,5,1,18" ten="250,250,250,250" oya="0" hai0="4,109,116,43,54,120,123,99,127,29,124,108,25" hai1="59,135,122,107,27,83,96,2,112,89,133,105,58" hai2="13,85,45,32,126,51,67,16,93,63,100,36,129" hai3="132,7,35,73,33,76,11,103,69,78,81,75,91"/><T49/><D99/><U26/><E122/><N who="0" m="46633" /><D43/><U92/><E2/><V8/><F36/><W90/><G132/><N who="1" m="50762" /><E112/><V66/><F32/><W24/><G103/><T72/><D72/><U104/><E83/><V56/><F126/><N who="0" m="48170" /><D116/><U134/><N who="1" m="50770" /><U40/><DORA hai="42" /><E40/><N who="2" m="24999" /><F129/><W121/><G69/><T97/><D97/><U15/><E15/><V34/><F34/><W84/><G78/><T88/><D88/><U48/><E48/><V53/><F100/><W5/><G91/><AGARI ba="0,0" hai="8,13,16,53,56,63,66,67,85,91,93" m="24999" machi="91" ten="30,3900,0" yaku="8,1,52,1,54,1" doraHai="18,42" who="2" fromWho="3" sc="250,0,250,0,250,39,250,-39" /><INIT seed="1,0,0,3,1,111" ten="250,250,289,211" oya="1" hai0="13,80,32,8,60,51,59,90,61,96,115,34,114" hai1="101,4,106,74,86,83,62,107,79,63,37,57,66" hai2="98,119,47,82,49,22,11,103,104,30,94,69,93" hai3="124,123,41,50,121,15,130,81,71,92,53,0,43"/><U89/><E37/><V12/><F69/><W134/><G0/><T40/><D34/><U64/><E4/><V45/><F119/><W116/><G71/><T118/><D32/><U26/><E26/><N who="2" m="16727" /><F104/><W35/><G35/><T77/><D118/><U125/><E125/><V100/><F82/><W102/><G116/><T31/><D31/><U23/><E23/><V99/><F49/><W17/><G124/><T1/><D1/><U112/><E112/><V129/><F129/><W29/><G134/><T44/><D90/><U20/><E20/><V27/><F27/><W68/><G29/><T7/><D96/><U75/><E101/><V58/><F58/><W91/><G68/><T109/><D109/><U122/><E122/><V73/><F73/><W48/><G130/><T88/><D88/><U126/><E126/><V25/><F25/><W97/><G50/><T5/><D5/><AGARI ba="0,0" hai="5,11,12,45,47,93,94,98,99,100,103" m="16727" machi="5" ten="30,1000,0" yaku="8,1" doraHai="111" who="2" fromWho="0" sc="250,-10,250,0,289,10,211,0" /><INIT seed="2,0,0,2,0,20" ten="240,250,299,211" oya="2" hai0="84,46,59,112,79,58,55,83,15,42,11,44,123" hai1="67,74,121,105,60,120,73,77,23,47,43,18,1" hai2="24,56,93,131,81,101,128,106,2,91,113,129,104" hai3="111,86,102,69,29,97,122,57,62,36,48,80,41"/><V0/><F113/><W134/><G111/><T26/><D123/><N who="1" m="47179" /><E1/><N who="2" m="619" /><F56/><W71/><G122/><T49/><D112/><U116/><E105/><N who="2" m="40555" /><F24/><W82/><G36/><T135/><D135/><U30/><E30/><V117/><F117/><W19/><G29/><T51/><REACH who="0" step="1"/><D26/><REACH who="0" ten="230,250,299,211" step="2"/><N who="1" m="14711" /><E116/><V115/><F115/><W110/><G134/><T133/><D133/><U34/><E34/><V100/><F81/><W16/><G110/><T89/><D89/><U3/><E3/><V108/><F108/><W87/><G82/><T14/><D14/><U124/><E77/><V12/><F12/><W126/><G80/><T54/><D54/><U37/><E124/><V75/><F75/><W88/><G126/><T65/><D65/><U6/><E6/><AGARI ba="0,1" hai="6,11,15,42,44,46,49,51,55,58,59,79,83,84" machi="6" ten="30,8000,1" yaku="1,1,7,1,25,2,8,1,53,0" doraHai="20" doraHaiUra="92" who="0" fromWho="1" sc="230,90,250,-80,299,0,211,0" /><INIT seed="3,0,0,5,1,59" ten="320,170,299,211" oya="3" hai0="100,4,30,93,134,95,14,50,82,107,52,122,81" hai1="85,48,19,64,61,120,37,111,46,124,2,101,73" hai2="99,109,47,83,56,135,86,67,131,53,78,66,132" hai3="123,33,75,74,55,126,70,11,119,88,128,38,130"/><W87/><G119/><T106/><D122/><U94/><E73/><V117/><F117/><W108/><G123/><T6/><D30/><U16/><E120/><V98/><F109/><W121/><G121/><T26/><D26/><U113/><E2/><V79/><F131/><N who="3" m="50219" /><G33/><T8/><D106/><U18/><E113/><V104/><F79/><W127/><G38/><T23/><D23/><U114/><E114/><V92/><F47/><W36/><G36/><T7/><D107/><U129/><E129/><V54/><F104/><W72/><G70/><T80/><D134/><N who="2" m="51242" /><F53/><W115/><G115/><T35/><D35/><U71/><E111/><V112/><F112/><W102/><G102/><T63/><D63/><U42/><E124/><N who="3" m="47658" /><G11/><T28/><D28/><U34/><E34/><V1/><F1/><W41/><G41/><T43/><D43/><U15/><E37/><V39/><F39/><W0/><G0/><T17/><D100/><U27/><E27/><V89/><F99/><W96/><G96/><T76/><D76/><U68/><E68/><V51/><AGARI ba="0,0" hai="51,54,56,66,67,78,83,86,89,92,98" m="51242" machi="51" ten="30,1100,0" yaku="20,1" doraHai="59" who="2" fromWho="2" sc="320,-3,170,-3,299,11,211,-5" owari="317,41.7,167,-33.3,310,11.0,206,-19.4" /></mjloggm>