<mjloggm ver="2.3"><GO type="225" lobby="0"/><UN n0="%E5%8F%AF%E5%85%90%E9%82%A3%E7%94%B1%E5%A4%9A" n1="%E7%BD%AA%E5%88%91%E6%B3%95%E5%AE%9A%E4%B8%BB%E7%BE%A9" n2="%E3%81%86%E3%83%BC%E3%81%B1%E3%83%BC" n3="%E5%B0%8F%E9%B3%A5%E9%81%8A%E7%B7%B4%E7%84%A1%32%31%E6%AD%B3" dan="16,16,17,16" rate="2196.94,2149.67,2159.10,2189.15" sx="F,M,M,F"/><TAIKYOKU oya="0"/><INIT seed="0,0,0,3,4,132" ten="250,250,250,250" oya="0" hai0="102,76,88,82,10,18,56,93,62,80,111,100,73" hai1="12,1,128,2,11,9,3,115,120,95,117,106,116" hai2="79,112,15,26,24,109,53,99,57,29,34,47,114" hai3="0,96,20,67,71,108,49,66,131,129,90,101,16"/><T130/><D130/><N who="3" m="49673" /><G0/><T45/><D111/><U91/><E106/><V36/><F109/><W75/><G75/><T8/><D82/><U59/><E120/><V58/><F79/><W94/><G108/><T6/><D45/><U46/><E128/><V35/><F15/><N who="3" m="9247" /><G71/><T127/><D127/><U60/><E46/><V51/><F99/><N who="3" m="57815" /><G49/><T13/><D8/><U61/><E115/><V68/><F68/><W39/><G39/><T28/><D28/><U19/><E11/><V133/><F133/><W21/><G21/><T87/><REACH who="0" step="1"/><D18/><REACH who="0" ten="240,250,250,250" step="2"/><U98/><REACH who="1" step="1"/><E61/><REACH who="1" ten="240,240,250,250" step="2"/><V124/><F112/><W123/><G123/><T5/><D5/><U97/><E97/><V17/><F114/><W14/><G96/><T32/><D32/><U23/><E23/><N who="2" m="13423" /><F34/><W40/><G40/><T41/><D41/><U37/><E37/><V31/><F36/><W121/><G121/><T52/><AGARI ba="0,2" hai="6,10,13,52,56,62,73,76,80,87,88,93,100,102" machi="52" ten="20,18000,2" yaku="1,1,0,1,7,1,54,2,53,1" doraHai="132" doraHaiUra="55" who="0" fromWho="0" sc="240,200,240,-60,250,-60,250,-60" /><INIT seed="0,1,0,5,4,64" ten="440,180,190,190" oya="0" hai0="120,83,9,15,87,127,56,111,31,117,41,92,128" hai1="11,72,68,60,52,3,40,132,75,77,22,125,98" hai2="4,54,100,107,99,32,7,134,124,104,43,135,36" hai3="50,62,8,19,70,0,10,23,58,21,123,133,5"/><T122/><D117/><U114/><E125/><V101/><F32/><W76/><G133/><N who="2" m="50697" /><F124/><W89/><G76/><T29/><D127/><U73/><E132/><V96/><F54/><W88/><G123/><T44/><D128/><U38/><E114/><V80/><F80/><W63/><G10/><T105/><D105/><U85/><E98/><V26/><F26/><W37/><G37/><T106/><D106/><U102/><E102/><V2/><F2/><W53/><G21/><T14/><D92/><U103/><E103/><V84/><F84/><W65/><REACH who="3" step="1"/><G63/><REACH who="3" ten="440,180,190,180" step="2"/><T47/><D9/><U118/><E22/><V28/><F28/><W108/><G108/><T6/><D111/><U57/><E118/><V126/><F126/><W82/><G82/><T61/><D83/><U78/><E11/><V1/><F1/><W90/><G90/><T112/><D29/><U25/><E3/><V13/><F13/><AGARI ba="1,1" hai="0,5,8,13,19,23,50,53,58,62,65,70,88,89" machi="13" ten="30,8000,1" yaku="1,1,7,1,52,1,54,1,53,1" doraHai="64" doraHaiUra="48" who="3" fromWho="2" sc="440,0,180,0,190,-83,180,93" /><INIT seed="1,0,0,0,5,3" ten="440,180,107,273" oya="1" hai0="2,14,93,44,9,72,29,85,111,38,129,131,73" hai1="95,109,60,70,52,76,0,102,135,87,71,97,18" hai2="46,10,86,11,99,114,126,128,54,12,75,90,49" hai3="15,125,62,134,42,65,89,118,17,123,58,13,7"/><U57/><E135/><V37/><F128/><N who="0" m="49226" /><D111/><U25/><E0/><V6/><F126/><W35/><G35/><T92/><D2/><U40/><E40/><V74/><F114/><W80/><G123/><T69/><D69/><U108/><E76/><V91/><F37/><W45/><G118/><T56/><D29/><U28/><E18/><V66/><F66/><W36/><G125/><T55/><D44/><U107/><E87/><V4/><F99/><W8/><G134/><T23/><D23/><N who="1" m="15423" /><E107/><V26/><F26/><W98/><G80/><T51/><D38/><U119/><E119/><V94/><REACH who="2" step="1"/><F90/><REACH who="2" ten="440,180,97,273" step="2"/><W133/><G133/><T82/><D72/><U106/><E106/><V48/><F48/><W50/><G98/><T122/><D73/><U30/><E30/><V103/><F103/><W84/><G50/><T63/><D51/><U59/><E57/><V61/><F61/><W101/><G101/><T5/><D122/><U113/><E113/><V78/><F78/><AGARI ba="0,1" hai="5,9,14,55,56,63,78,82,85,92,93" m="49226" machi="78" ten="30,2000,0" yaku="19,1,52,1" doraHai="3" who="0" fromWho="2" sc="440,30,180,0,97,-20,273,0" /><INIT seed="2,0,0,2,0,14" ten="470,180,77,273" oya="2" hai0="83,89,91,73,75,61,46,103,59,126,132,66,115" hai1="134,80,74,54,87,78,117,16,60,15,52,68,116" hai2="102,79,31,53,49,108,22,88,97,55,70,112,3" hai3="26,37,113,92,13,57,110,90,8,24,64,48,30"/><V50/><F112/><W51/><G37/><T121/><D115/><U9/><E134/><V85/><F3/><W36/><G36/><T34/><D121/><U77/><E77/><V21/><F70/><W20/><G24/><T107/><D34/><U99/><E74/><V5/><F5/><W67/><G110/><T2/><D2/><U86/><E86/><V109/><F79/><W42/><G42/><T100/><D132/><U128/><E128/><V65/><F65/><N who="3" m="25163" /><G57/><T63/><D126/><U98/><E68/><V56/><F31/><W130/><G130/><T23/><D46/><U40/><E40/><V119/><F119/><W118/><G118/><T25/><D63/><U71/><E71/><V10/><F10/><W96/><G113/><T124/><D124/><U32/><E32/><V19/><F22/><W29/><G30/><T104/><D104/><U45/><E117/><V72/><F72/><W33/><G33/><T76/><D75/><U93/><E116/><V122/><F122/><W81/><G81/><T43/><D43/><U41/><E60/><V18/><F21/><W28/><G29/><T58/><D58/><U38/><E99/><V27/><F27/><W82/><G82/><T35/><D35/><U133/><E133/><V39/><F39/><W47/><G47/><T106/><D23/><U6/><E6/><AGARI ba="0,0" hai="6,8,13,20,26,28,48,51,90,92,96" m="25163" machi="6" ten="30,1000,0" yaku="8,1" doraHai="14" who="3" fromWho="1" sc="470,0,180,-10,77,0,273,10" /><INIT seed="3,0,0,2,2,131" ten="470,170,77,283" oya="3" hai0="71,24,19,51,46,82,8,38,105,34,18,1,104" hai1="94,37,111,130,35,122,17,96,59,5,21,9,77" hai2="56,48,116,90,132,62,25,120,108,78,91,134,63" hai3="40,15,95,121,16,10,87,135,107,23,28,118,30"/><W27/><G107/><T86/><D71/><U55/><E122/><V43/><F116/><W119/><G40/><T85/><D38/><U93/><E37/><V3/><F3/><W7/><G87/><T101/><D86/><U129/><E111/><V50/><F120/><W128/><G95/><T65/><D65/><U70/><E70/><V4/><F108/><W6/><G121/><T68/><D68/><U84/><E35/><V61/><F4/><N who="3" m="1579" /><G128/><N who="1" m="49258" /><E77/><V36/><F78/><W81/><G81/><T69/><D101/><U114/><E84/><V88/><F25/><N who="3" m="14567" /><G135/><N who="2" m="51753" /><F56/><W117/><G27/><T31/><D51/><N who="2" m="19498" /><F36/><W2/><G2/><T100/><D46/><U47/><E47/><V73/><F43/><W110/><G110/><T57/><D57/><U79/><E79/><V76/><F76/><W125/><G125/><T113/><D24/><N who="1" m="14383" /><E114/><V103/><F103/><W75/><G75/><AGARI ba="0,0" hai="61,62,63,73,75,88,90,91" m="19498,51753" machi="75" ten="40,12000,2" yaku="28,2,20,1,52,3,54,1" doraHai="131" who="2" fromWho="3" sc="470,0,170,0,77,120,283,-120" owari="470,57.0,170,-23.0,197,-0.3,163,-33.7" /></mjloggm>