<mjloggm ver="2.3"><GO type="225" lobby="0"/><UN n0="%47%32%E9%BE%8D%E9%96%80" n1="%E3%81%95%E3%81%8D%E3%81%9F%E3%81%BE%E6%9E%97%E6%AA%8E" n2="%E5%80%89%E6%A9%8B%EF%BC%A0%E4%BA%8B%E5%8B%99" n3="%E5%B8%86%E7%AB%8B%E5%A4%8F%E8%A1%A3" dan="16,16,16,17" rate="2110.61,2166.63,2099.39,2168.95" sx="M,M,M,M"/><TAIKYOKU oya="0"/><INIT seed="0,0,0,4,4,128" ten="250,250,250,250" oya="0" hai0="125,35,65,60,99,4,46,54,34,16,93,57,70" hai1="80,90,67,37,45,132,74,111,27,26,18,77,62" hai2="51,84,103,102,1,38,9,126,30,58,81,53,61" hai3="49,3,66,122,120,8,24,101,86,92,79,98,28"/><T2/><D125/><U123/><E132/><V124/><F38/><W119/><G119/><T106/><D106/><U6/><E111/><V63/><F30/><W23/><G49/><T135/><D135/><U19/><E123/><V31/><F31/><W68/><G3/><T69/><D4/><U22/><E90/><V82/><F1/><W95/><G8/><T108/><D2/><U96/><E6/><V114/><F114/><W121/><G79/><T85/><D85/><U133/><E133/><V78/><F9/><W88/><G66/><T104/><D104/><U13/><E96/><V113/><F113/><W100/><REACH who="3" step="1"/><G68/><REACH who="3" ten="250,250,250,240" step="2"/><T116/><D116/><U55/><E67/><V87/><F126/><W40/><G40/><T20/><D70/><U44/><E37/><V41/><F124/><W131/><G131/><T64/><D64/><U59/><REACH who="1" step="1"/><E27/><REACH who="1" ten="250,240,250,240" step="2"/><V112/><F112/><W10/><G10/><AGARI ba="0,2" hai="10,13,18,19,22,26,44,45,55,59,62,74,77,80" machi="10" ten="30,7700,0" yaku="1,1,2,1,7,1,53,1" doraHai="128" doraHaiUra="75" who="1" fromWho="3" sc="250,0,240,97,250,0,240,-77" /><INIT seed="1,0,0,0,0,131" ten="250,337,250,163" oya="1" hai0="74,69,71,86,1,92,80,13,110,57,63,70,135" hai1="28,4,78,9,10,90,85,50,21,67,119,83,115" hai2="124,65,25,116,73,129,48,7,27,49,132,16,30" hai3="96,130,46,5,64,82,111,33,93,114,98,8,117"/><U20/><E115/><V122/><F116/><W61/><G111/><T102/><D1/><U94/><E119/><V19/><F122/><W72/><G130/><T45/><D110/><U99/><E67/><V106/><F129/><W123/><G114/><T101/><D74/><U0/><E28/><V133/><F73/><W32/><G123/><T17/><D45/><U95/><E50/><N who="2" m="19563" /><F106/><W12/><G117/><T109/><D109/><U15/><REACH who="1" step="1"/><E95/><REACH who="1" ten="250,327,250,163" step="2"/><V52/><F65/><W26/><G93/><T6/><D92/><U88/><E88/><V105/><F105/><W23/><G64/><T76/><D71/><U54/><E54/><V60/><F52/><W51/><G51/><T39/><D70/><U11/><E11/><V97/><F60/><W29/><G61/><T44/><D69/><U121/><E121/><V62/><F62/><W59/><G59/><T120/><D57/><U79/><E79/><V36/><F36/><W89/><G46/><T103/><D63/><U18/><AGARI ba="0,1" hai="0,4,9,10,15,18,20,21,78,83,85,90,94,99" machi="18" ten="20,3900,0" yaku="1,1,0,1,7,1,53,0" doraHai="131" doraHaiUra="107" who="1" fromWho="1" sc="250,-13,327,49,250,-13,163,-13" /><INIT seed="1,1,0,2,1,100" ten="237,376,237,150" oya="1" hai0="34,125,51,80,33,56,43,46,58,6,99,81,127" hai1="31,112,5,126,76,83,3,134,40,90,52,41,102" hai2="91,20,89,71,12,104,19,64,29,49,14,30,10" hai3="27,11,133,77,123,88,97,98,0,135,93,74,124"/><U48/><E112/><V107/><F49/><W117/><G27/><T110/><D6/><U116/><E116/><V119/><F119/><W13/><G117/><T39/><D110/><U37/><E134/><N who="3" m="51210" /><G0/><T128/><D128/><U68/><E68/><V63/><F30/><W16/><G123/><T47/><D99/><U66/><E66/><V69/><F69/><W121/><G121/><T79/><D79/><U130/><E130/><V114/><F114/><W62/><G124/><N who="0" m="47691" /><D58/><N who="1" m="33031" /><E3/><V32/><F32/><N who="0" m="12394" /><D56/><U28/><E37/><V103/><F103/><W95/><G62/><T21/><D21/><U25/><E102/><V17/><REACH who="2" step="1"/><F29/><REACH who="2" ten="237,376,227,150" step="2"/><W111/><G111/><T108/><D108/><U67/><E31/><V45/><F45/><W75/><G77/><T2/><D2/><U50/><E76/><V36/><F36/><W57/><G57/><T92/><D46/><U131/><E126/><V15/><F15/><W87/><G87/><T120/><D120/><U54/><E131/><V72/><F72/><W122/><G122/><T106/><D39/><U84/><E84/><V113/><F113/><W59/><G59/><T26/><D47/><U4/><E28/><V60/><F60/><W96/><G96/><T85/><D85/><U42/><E50/><V23/><F23/><W109/><G109/><T70/><D51/><U24/><E24/><V38/><F38/><W22/><G22/><T8/><D26/><U118/><E118/><V115/><F115/><W18/><G18/><T129/><D70/><U9/><E5/><V86/><F86/><W101/><AGARI ba="1,1" hai="11,13,16,74,75,88,93,95,97,98,101" m="51210" machi="101" ten="30,4000,0" yaku="20,1,54,2" doraHai="100" who="3" fromWho="3" sc="237,-11,376,-21,227,-11,150,53" /><INIT seed="2,0,0,0,4,133" ten="226,355,216,203" oya="2" hai0="34,28,106,23,78,131,14,52,123,97,10,11,27" hai1="43,127,3,94,56,60,74,7,80,107,2,46,13" hai2="64,116,72,118,88,0,71,121,108,111,102,36,8" hai3="105,5,16,31,38,4,100,125,122,128,101,120,49"/><V110/><F72/><W1/><G38/><T66/><D123/><U89/><E107/><V67/><F121/><W109/><G109/><T83/><D131/><U87/><E127/><V48/><F36/><W91/><G128/><T50/><D66/><U26/><E26/><V55/><F102/><W24/><G91/><T20/><D97/><U70/><E70/><V22/><F22/><W42/><G101/><T114/><D106/><U79/><E13/><V115/><F115/><W45/><G125/><T104/><D114/><U84/><E7/><V30/><F30/><W117/><G117/><N who="2" m="45161" /><F71/><W29/><G29/><T35/><D23/><U95/><E95/><V85/><F8/><W39/><G39/><T96/><D96/><U32/><E32/><V99/><F99/><N who="3" m="61599" /><G42/><T59/><D104/><U12/><E12/><V53/><F0/><W19/><G120/><T98/><D98/><U86/><E3/><V9/><F9/><N who="3" m="2191" /><G5/><T130/><D10/><U25/><E2/><V103/><F103/><W44/><G122/><T73/><REACH who="0" step="1"/><D130/><REACH who="0" ten="216,355,216,203" step="2"/><U119/><E119/><V58/><F55/><W63/><G31/><T40/><D40/><U90/><E43/><V69/><F69/><W17/><G24/><T33/><D33/><U76/><E25/><V61/><F61/><W113/><G63/><T18/><AGARI ba="0,1" hai="11,14,18,20,27,28,34,35,50,52,59,73,78,83" machi="18" ten="20,8000,1" yaku="1,1,0,1,7,1,54,1,53,1" doraHai="133" doraHaiUra="51" who="0" fromWho="0" sc="216,90,355,-20,216,-40,203,-20" /><INIT seed="3,0,0,4,2,125" ten="306,335,176,183" oya="3" hai0="132,68,70,82,114,44,32,103,6,60,51,26,47" hai1="99,116,104,1,30,53,59,0,28,14,50,48,24" hai2="117,63,49,120,5,113,126,72,17,78,100,36,11" hai3="27,131,102,13,105,22,106,95,58,33,115,65,2"/><W123/><G115/><T85/><D114/><U130/><E130/><V91/><F36/><W35/><G123/><T9/><D132/><U86/><E116/><V54/><F113/><W43/><G2/><T111/><D111/><U69/><E69/><V15/><F117/><W74/><G74/><T73/><D73/><U23/><E30/><V64/><F126/><W118/><G118/><T121/><D103/><U83/><E14/><V84/><F120/><W110/><G131/><T80/><D80/><U4/><E4/><V19/><F100/><W61/><G110/><T96/><D96/><U10/><E10/><V87/><F72/><W133/><G43/><T40/><D60/><U89/><E50/><V108/><F108/><W42/><G42/><T67/><D67/><U79/><E104/><V20/><F20/><W101/><G133/><T7/><D47/><U88/><REACH who="1" step="1"/><E99/><REACH who="1" ten="306,325,176,183" step="2"/><V57/><F78/><W52/><G106/><T124/><D124/><U29/><E29/><V107/><F107/><W122/><G105/><T41/><D41/><U3/><AGARI ba="0,1" hai="0,1,3,23,24,28,48,53,59,79,83,86,88,89" machi="3" ten="30,4000,0" yaku="1,1,0,1,54,1,53,0" doraHai="125" doraHaiUra="56" who="1" fromWho="1" sc="306,-10,325,50,176,-10,183,-20" owari="296,9.6,375,47.5,166,-23.4,163,-33.7" /></mjloggm>