<mjloggm ver="2.3"><GO type="225" lobby="0"/><UN n0="%E7%89%B9%E6%9D%B1%E3%81%AF%E4%B8%96%E7%95%8C%E3%82%92%E6%95%91%E3%81%86" n1="%E6%B4%BE%E9%81%A3%E3%81%AE%E3%82%B8%E3%83%A3%E3%83%83%E3%82%AF" n2="%E7%99%BD%E6%97%A5%E9%9B%AA%E8%8F%9C" n3="%E3%81%86%E3%81%A9%E3%82%93%E3%81%93" dan="16,17,16,16" rate="2066.70,2172.93,2152.34,2147.42" sx="M,M,M,M"/><TAIKYOKU oya="0"/><INIT seed="0,0,0,5,5,86" ten="250,250,250,250" oya="0" hai0="76,118,32,14,21,1,16,104,35,132,65,135,127" hai1="2,74,11,89,31,124,95,115,87,67,122,83,49" hai2="34,37,64,91,44,73,116,53,7,26,51,71,43" hai3="39,78,121,133,75,109,108,3,102,13,38,41,128"/><T55/><D104/><U20/><E122/><V112/><F112/><W100/><G3/><T92/><D65/><U80/><E124/><V60/><F73/><W57/><G121/><T9/><D76/><U82/><E115/><V19/><F116/><W45/><G39/><T48/><D118/><U25/><E67/><V40/><F7/><W12/><G128/><T10/><D127/><U94/><E2/><V81/><F37/><W110/><G133/><N who="0" m="51275" /><D92/><N who="1" m="35371" /><E74/><V123/><F123/><W98/><G57/><N who="0" m="32999" /><D1/><U17/><E49/><V24/><F19/><W23/><G23/><T99/><D99/><U50/><E50/><V6/><F6/><W54/><G54/><T119/><D119/><U70/><E70/><V61/><F61/><W105/><G102/><T72/><D72/><U97/><E97/><V114/><F114/><W29/><G29/><T66/><D66/><U33/><E33/><AGARI ba="0,0" hai="9,10,14,16,21,32,33,35" m="32999,51275" machi="33" ten="30,2900,0" yaku="20,1,54,1" doraHai="86" who="0" fromWho="1" sc="250,29,250,-29,250,0,250,0" /><INIT seed="0,1,0,2,1,134" ten="279,221,250,250" oya="0" hai0="82,19,63,28,93,2,66,34,120,102,107,27,103" hai1="42,38,77,21,97,72,30,81,74,69,80,40,86" hai2="26,8,7,99,16,55,41,45,29,10,50,60,1" hai3="14,135,31,123,90,35,85,119,76,115,108,18,5"/><T64/><D120/><U4/><E69/><V13/><F99/><W92/><G115/><T24/><D2/><U12/><E97/><V128/><F128/><W113/><G113/><T52/><D107/><U44/><E40/><V51/><F60/><W75/><G119/><T37/><D37/><U70/><E70/><V109/><F109/><W84/><G135/><T68/><D64/><U20/><E30/><V15/><F1/><W17/><G108/><T59/><D93/><U98/><E98/><V9/><F9/><W111/><G111/><T105/><D82/><U65/><E65/><V43/><REACH who="2" step="1"/><F51/><REACH who="2" ten="279,221,240,250" step="2"/><W117/><G123/><T83/><D105/><U62/><E62/><V25/><F25/><W130/><G130/><T116/><D116/><U88/><REACH who="1" step="1"/><E72/><REACH who="1" ten="279,211,240,250" step="2"/><V54/><F54/><W47/><G75/><T95/><D52/><U110/><E110/><V11/><F11/><AGARI ba="1,2" hai="4,11,12,20,21,38,42,44,74,77,80,81,86,88" machi="11" ten="40,2600,0" yaku="1,1,54,1,53,0" doraHai="134" doraHaiUra="112" who="1" fromWho="2" sc="279,0,211,49,240,-29,250,0" /><INIT seed="1,0,0,4,1,21" ten="279,260,211,250" oya="1" hai0="108,68,133,30,126,62,125,118,9,69,128,89,106" hai1="110,84,75,61,83,34,42,5,48,131,43,56,81" hai2="127,59,41,24,45,132,66,53,97,51,72,40,7" hai3="25,100,105,88,49,28,12,98,23,94,135,36,74"/><U4/><E131/><V122/><F72/><W37/><G135/><T35/><D118/><U26/><E75/><V82/><F122/><W8/><G74/><T31/><D133/><U20/><E34/><V11/><F132/><W80/><G80/><T114/><D114/><U73/><E73/><V115/><F115/><W67/><G49/><T19/><D106/><U15/><E110/><V109/><F109/><W46/><G67/><T60/><D108/><U33/><E33/><V121/><F121/><W18/><REACH who="3" step="1"/><G46/><REACH who="3" ten="279,260,211,240" step="2"/><T91/><D128/><U112/><E48/><V54/><F82/><W102/><G102/><T96/><D62/><U50/><E50/><V95/><F66/><W134/><G134/><T57/><D60/><U101/><E101/><V87/><F54/><W70/><G70/><T104/><D69/><U86/><E112/><V124/><F59/><W130/><G130/><T120/><D57/><U71/><E71/><V0/><F127/><W129/><G129/><T76/><D68/><U92/><E56/><V52/><F124/><W78/><G78/><T39/><D76/><U16/><E61/><V55/><F55/><W111/><G111/><T93/><D126/><U44/><E44/><V1/><F53/><W90/><G90/><T14/><D89/><U6/><E83/><V117/><F117/><W77/><G77/><T10/><D91/><N who="1" m="53367" /><E81/><V47/><F47/><W17/><G17/><N who="0" m="8399" /><D125/><U103/><E103/><V64/><F51/><W29/><G29/><T85/><D31/><U119/><E119/><V2/><F45/><W65/><G65/><T99/><D30/><RYUUKYOKU ba="0,1" sc="279,-10,260,-10,211,-10,240,30" hai3="8,12,18,23,25,28,36,37,88,94,98,100,105" /><INIT seed="2,1,1,4,0,34" ten="269,250,201,270" oya="2" hai0="12,85,1,83,108,105,115,23,124,47,41,97,27" hai1="103,64,95,131,126,58,129,52,0,87,49,73,25" hai2="28,106,21,65,3,112,20,44,13,6,114,69,17" hai3="79,30,51,84,80,46,78,107,102,4,92,19,122"/><V116/><F116/><W118/><G122/><T38/><D115/><U24/><E73/><V15/><F106/><W29/><G118/><T75/><D108/><U14/><E126/><V45/><F69/><W55/><G107/><T117/><D117/><U33/><E14/><V100/><F100/><W109/><G109/><T123/><D123/><U59/><E0/><V54/><F65/><W39/><G39/><T8/><D75/><U9/><E9/><N who="2" m="2271" /><F54/><W18/><G4/><T50/><D124/><U101/><E33/><V32/><F45/><W37/><G79/><T128/><D1/><U125/><E125/><V61/><F44/><W111/><G37/><T113/><D113/><N who="2" m="43626" /><F61/><W63/><G111/><T89/><D38/><U35/><E35/><V130/><F130/><N who="1" m="49673" /><E101/><V60/><F60/><W43/><G30/><T10/><D128/><U74/><E74/><V96/><F96/><N who="3" m="59655" /><G29/><T7/><D97/><N who="1" m="59839" /><E87/><V22/><F13/><W94/><G94/><T40/><D105/><U77/><E77/><V99/><F99/><W133/><G63/><AGARI ba="1,1" hai="24,25,49,52,58,59,63,64" m="59839,49673" machi="63" ten="30,2000,0" yaku="19,1,54,1" doraHai="34" who="1" fromWho="3" sc="269,0,250,33,201,0,270,-23" /><INIT seed="3,0,0,5,3,26" ten="269,283,201,247" oya="3" hai0="58,115,124,109,48,112,30,59,16,34,77,24,5" hai1="8,81,70,126,92,22,72,102,83,20,9,63,31" hai2="46,74,116,25,79,28,133,96,45,7,4,65,107" hai3="129,42,101,17,117,50,64,2,27,121,71,56,38"/><W128/><G117/><T84/><D109/><U23/><E126/><V43/><F116/><W15/><G2/><T53/><D124/><U131/><E131/><N who="3" m="50250" /><G71/><T44/><D5/><U68/><E72/><V118/><F118/><W111/><G121/><T29/><D29/><U114/><E114/><N who="0" m="43561" /><D77/><U11/><E31/><V52/><F133/><W67/><G101/><T41/><D84/><U89/><E102/><V1/><F65/><W127/><G127/><T6/><D6/><U90/><E63/><V62/><F1/><W123/><G123/><T61/><D59/><U76/><E76/><V47/><F107/><W103/><G103/><T130/><D130/><U106/><E106/><V55/><F96/><W32/><G38/><T49/><D16/><U110/><E110/><V36/><F7/><W98/><G98/><T85/><D85/><U94/><E70/><V54/><F4/><W125/><G125/><T91/><D91/><N who="1" m="34827" /><E68/><V18/><F18/><W35/><G35/><T97/><D97/><U119/><E119/><V135/><F135/><W13/><G13/><T60/><AGARI ba="0,0" hai="24,30,34,41,44,48,49,53,58,60,61" m="43561" machi="60" ten="30,2000,0" yaku="11,1,52,1" doraHai="26" who="0" fromWho="0" sc="269,20,283,-5,201,-5,247,-10" /><INIT seed="4,0,0,0,0,100" ten="289,278,196,237" oya="0" hai0="84,74,101,91,105,20,77,120,90,67,21,15,12" hai1="13,0,6,40,48,122,104,98,28,41,72,46,132" hai2="27,38,9,29,18,33,73,60,32,118,59,134,94" hai3="3,81,97,35,80,131,22,1,65,109,24,10,31"/><T54/><D120/><U102/><E122/><V58/><F73/><W36/><G109/><T75/><D67/><U5/><E72/><V25/><F38/><W87/><G36/><T50/><D101/><U66/><E66/><V57/><F134/><W16/><G131/><T47/><D105/><U17/><E28/><V2/><F118/><W93/><G65/><T79/><D84/><U106/><E132/><V43/><F43/><W51/><G51/><T37/><D50/><U53/><E104/><V52/><F94/><W14/><G87/><T55/><D37/><U113/><E113/><V70/><F70/><W4/><G1/><T83/><D83/><U62/><E0/><V76/><F76/><W26/><G26/><T133/><D133/><U128/><E128/><V126/><F126/><W61/><G61/><T123/><D123/><U92/><E106/><V116/><F116/><W124/><G124/><T88/><D91/><AGARI ba="0,0" hai="3,4,10,14,16,22,24,31,35,80,81,91,93,97" machi="91" ten="30,7700,0" yaku="7,1,24,2,54,1" doraHai="100" who="3" fromWho="0" sc="289,-77,278,0,196,0,237,77" owari="212,-18.8,278,7.8,196,-30.4,314,41.4" /></mjloggm>