<mjloggm ver="2.3"><GO type="225" lobby="0"/><UN n0="%E7%AD%89%E3%80%85%E5%8A%9B%E5%8A%87%E5%A0%B4" n1="%65%6B%61%72%75%74%65" n2="%E6%A1%9C%E8%8A%B1%E9%96%83%E3%80%85" n3="%E5%AF%82%E5%AF%9E%E3%82%AE%E3%83%8D%E3%82%B9%E3%83%93%E3%83%BC%E3%83%AB" dan="16,16,17,16" rate="2145.79,2147.78,2143.80,2143.43" sx="M,M,M,M"/><TAIKYOKU oya="0"/><INIT seed="0,0,0,1,1,107" ten="250,250,250,250" oya="0" hai0="96,94,37,28,38,123,12,131,130,132,48,80,98" hai1="110,126,8,65,74,119,45,20,49,88,50,15,25" hai2="106,0,24,90,53,115,64,79,108,133,9,21,73" hai3="125,87,81,103,35,92,118,58,116,30,135,89,75"/><T62/><D123/><U32/><E119/><N who="3" m="45610" /><G58/><T70/><D28/><U99/><E32/><V10/><F115/><W44/><G44/><T2/><D2/><U40/><E110/><V72/><F108/><W68/><G68/><T85/><D132/><U29/><E126/><V16/><F133/><W114/><G30/><T34/><D34/><U61/><E74/><V100/><F64/><W97/><G35/><T102/><D48/><N who="1" m="26663" /><E61/><V134/><F134/><W6/><G6/><T23/><D70/><U33/><E65/><V31/><F53/><W63/><G63/><T121/><D62/><U120/><E120/><V51/><F51/><W3/><G3/><T17/><D121/><U26/><E26/><V77/><F90/><W19/><G19/><T124/><D98/><U86/><E99/><V7/><F100/><W56/><G56/><T60/><D124/><U43/><E43/><V111/><F106/><N who="3" m="63855" /><G135/><T67/><D60/><U93/><E33/><N who="2" m="20711" /><F10/><W46/><G46/><T69/><D67/><U36/><E36/><V11/><F11/><W59/><G59/><T13/><D69/><U78/><E78/><N who="2" m="29707" /><F111/><W1/><G1/><T42/><D13/><AGARI ba="0,0" hai="0,7,9,13,16,21,72,73" m="29707,20711" machi="13" ten="30,7700,0" yaku="24,1,52,2,54,1" doraHai="107" who="2" fromWho="0" sc="250,-77,250,0,250,77,250,0" /><INIT seed="1,0,0,0,1,28" ten="173,250,327,250" oya="1" hai0="85,86,70,115,45,126,97,101,13,61,123,125,91" hai1="89,95,44,32,11,50,116,7,5,133,60,120,90" hai2="10,38,26,36,98,4,21,46,121,54,108,12,77" hai3="43,93,75,103,81,80,84,87,131,109,19,104,51"/><U6/><E116/><V27/><F121/><W112/><G19/><T130/><D115/><U105/><E120/><V16/><F108/><W42/><G51/><T94/><D123/><U113/><E113/><V96/><F77/><N who="3" m="44095" /><G43/><T24/><D130/><U122/><E105/><V73/><F73/><W132/><G42/><T67/><D13/><U79/><E133/><V58/><F27/><W57/><G57/><T3/><D3/><U78/><E32/><V56/><F56/><W64/><G64/><T72/><D72/><U34/><E34/><V71/><F71/><W102/><G112/><T99/><D45/><U118/><E118/><V114/><F114/><W66/><G66/><T53/><D53/><N who="1" m="29895" /><E11/><V127/><F127/><N who="0" m="48650" /><D24/><U83/><E60/><V23/><F23/><W15/><G15/><T55/><D55/><U47/><E47/><V18/><F18/><W128/><G132/><T9/><D9/><U49/><E49/><V25/><F25/><W40/><G40/><T29/><D29/><U0/><E0/><V35/><F35/><W39/><G39/><T8/><D8/><U110/><E122/><V107/><F46/><W63/><G63/><T111/><D111/><U62/><E62/><N who="2" m="36183" /><F107/><AGARI ba="0,0" hai="61,67,70,85,86,91,94,97,99,101,107" m="48650" machi="107" ten="30,1000,0" yaku="18,1" doraHai="28" who="0" fromWho="2" sc="173,10,250,0,327,-10,250,0" /><INIT seed="2,0,0,1,5,102" ten="183,250,317,250" oya="2" hai0="116,19,4,63,92,38,128,82,94,33,129,105,79" hai1="114,43,131,21,47,133,10,126,77,96,41,37,16" hai2="44,15,7,130,1,56,20,32,57,54,24,118,110" hai3="88,111,13,25,113,67,74,91,101,14,98,125,109"/><V72/><F118/><W61/><G74/><T95/><D38/><U51/><E114/><V55/><F72/><W9/><G125/><T134/><D33/><U127/><E131/><N who="0" m="50249" /><D4/><U5/><E133/><V106/><F106/><N who="3" m="63799" /><G25/><T65/><D19/><U107/><E77/><V48/><F130/><W83/><G113/><T104/><D134/><U0/><E41/><V6/><F110/><N who="3" m="41995" /><G83/><T70/><D116/><U103/><REACH who="1" step="1"/><E37/><REACH who="1" ten="183,240,317,250" step="2"/><V69/><F1/><W3/><G3/><T86/><AGARI ba="0,1" hai="63,65,70,79,82,86,92,94,95,104,105" m="50249" machi="86" ten="30,4000,0" yaku="19,1,52,2" doraHai="102" who="0" fromWho="0" sc="183,50,240,-10,317,-20,250,-10" /><INIT seed="3,0,0,1,2,102" ten="233,230,297,240" oya="3" hai0="130,50,67,110,101,57,73,48,55,121,19,45,12" hai1="114,106,116,42,34,2,35,54,16,62,99,124,117" hai2="3,29,38,93,36,70,128,125,58,108,88,129,46" hai3="89,41,82,75,65,26,64,10,133,0,113,86,17"/><W18/><G113/><T120/><D73/><U77/><E124/><V53/><F70/><W51/><G75/><T90/><D110/><U131/><E114/><V104/><F104/><W134/><G41/><T87/><D130/><N who="2" m="50282" /><F108/><W37/><G37/><T69/><D69/><U68/><E2/><V5/><F29/><W118/><G51/><T123/><D101/><N who="1" m="62783" /><E77/><V24/><F24/><W74/><G74/><T96/><D96/><U80/><E80/><V25/><F25/><W40/><G40/><T1/><D1/><U32/><E42/><V33/><F33/><N who="1" m="8449" /><U11/><DORA hai="92" /><E131/><V91/><F46/><W78/><G78/><T63/><D50/><U97/><E97/><N who="2" m="57511" /><F91/><W98/><G98/><T27/><D27/><U107/><E107/><V23/><F23/><W135/><G26/><T9/><REACH who="0" step="1"/><D121/><REACH who="0" ten="223,230,297,240" step="2"/><U66/><E117/><V44/><F125/><W127/><G118/><T81/><AGARI ba="0,1" hai="9,12,19,45,48,55,57,63,67,81,87,90,120,123" machi="81" ten="20,12000,2" yaku="1,1,2,1,0,1,7,1,25,2,53,1" doraHai="102,92" doraHaiUra="28,43" who="0" fromWho="0" sc="223,130,230,-30,297,-30,240,-60" owari="353,45.3,200,-20.0,267,6.7,180,-32.0" /></mjloggm>