<mjloggm ver="2.3"><GO type="225" lobby="0"/><UN n0="%E7%B4%94%E6%BD%94%E3%83%94%E3%83%A9%E3%83%8B%E3%82%A2" n1="%E9%89%A2%E5%B7%BB%E3%82%AC%E3%83%96" n2="%E8%A8%88%E7%AE%97%E6%A9%9F%E8%87%AA%E7%84%B6" n3="%E6%A1%9C%E8%8A%B1%E9%96%83%E3%80%85" dan="16,16,17,18" rate="2159.83,2134.08,2222.35,2237.21" sx="M,M,M,M"/><TAIKYOKU oya="0"/><INIT seed="0,0,0,4,4,99" ten="250,250,250,250" oya="0" hai0="75,26,24,17,31,8,37,73,112,128,103,34,104" hai1="56,21,69,88,68,132,94,113,71,19,79,50,6" hai2="16,96,82,53,92,107,101,124,114,27,22,98,45" hai3="77,18,60,102,126,7,123,1,122,83,3,20,91"/><T65/><D37/><U81/><E132/><V84/><F124/><W10/><G126/><T118/><D112/><U133/><E133/><V54/><F114/><W49/><G1/><T12/><D118/><U30/><E30/><V42/><F96/><W131/><G131/><T76/><D128/><U67/><E6/><V59/><F107/><W61/><G91/><T4/><D76/><U11/><E11/><V78/><REACH who="2" step="1"/><F59/><REACH who="2" ten="250,250,240,250" step="2"/><W2/><G122/><T130/><D104/><U63/><E113/><V48/><AGARI ba="0,1" hai="16,22,27,42,45,48,53,54,78,82,84,92,98,101" machi="48" ten="20,16000,3" yaku="1,1,2,1,0,1,7,1,8,1,52,1,54,1,53,1" doraHai="99" doraHaiUra="13" who="2" fromWho="2" sc="250,-80,250,-40,240,170,250,-40" /><INIT seed="1,0,0,1,0,99" ten="170,210,410,210" oya="1" hai0="24,68,88,74,109,58,46,18,72,135,65,22,83" hai1="62,55,17,96,59,97,34,116,134,33,47,2,48" hai2="31,105,119,82,1,102,112,108,100,50,44,36,66" hai3="110,131,5,103,21,85,126,91,3,81,30,26,28"/><U67/><E116/><V80/><F1/><W9/><G110/><T101/><D109/><U52/><E134/><V79/><F36/><W115/><G115/><T94/><D68/><U51/><E2/><V53/><F105/><W32/><G131/><T89/><D135/><U60/><E17/><V69/><F119/><W39/><G126/><T113/><D113/><U107/><E62/><V42/><F108/><W90/><G39/><T8/><D46/><U70/><REACH who="1" step="1"/><E97/><REACH who="1" ten="170,200,410,210" step="2"/><V124/><F112/><W87/><G30/><T130/><D130/><U57/><E57/><V29/><F31/><W7/><G7/><T114/><D58/><U95/><E95/><V20/><F29/><W40/><G32/><T133/><D18/><U104/><E104/><V10/><F69/><W45/><G3/><T61/><D61/><U63/><E63/><V128/><F128/><W11/><G5/><T23/><D94/><U106/><E106/><V120/><F124/><W121/><G121/><T129/><D129/><U41/><E41/><V25/><F42/><W19/><G28/><T84/><D133/><U37/><E37/><V93/><F120/><W117/><G117/><T77/><D114/><U92/><E92/><V64/><F93/><N who="3" m="54479" /><G40/><T49/><D49/><U0/><E0/><V86/><F50/><W132/><G132/><T35/><D35/><U27/><E27/><V123/><F25/><W56/><G56/><T111/><D24/><U12/><E12/><V71/><F123/><W16/><G19/><T78/><D111/><U4/><E4/><V127/><F127/><W118/><G118/><RYUUKYOKU ba="0,1" sc="170,-10,200,30,410,-10,210,-10" hai1="33,34,47,48,51,52,55,59,60,67,70,96,107" /><INIT seed="1,1,1,0,2,84" ten="160,230,400,200" oya="1" hai0="80,71,27,96,44,15,127,102,95,45,103,67,51" hai1="90,73,125,110,61,60,128,124,83,91,21,35,7" hai2="112,68,37,119,52,56,126,129,58,113,64,39,63" hai3="10,38,49,70,79,74,92,86,66,48,46,47,116"/><U23/><E35/><V8/><F119/><W81/><G116/><T77/><D127/><N who="1" m="48715" /><E128/><V135/><F126/><W13/><G70/><T82/><D71/><U120/><E120/><V132/><F8/><W109/><G109/><T101/><D67/><U78/><E7/><V30/><F30/><W89/><G66/><T107/><D107/><U134/><E134/><N who="2" m="51243" /><F129/><W118/><G118/><T130/><D27/><U32/><E32/><V33/><F33/><W121/><G121/><T94/><D130/><U40/><E40/><V100/><F100/><W19/><REACH who="3" step="1"/><G38/><REACH who="3" ten="160,230,400,190" step="2"/><N who="2" m="14345" /><F68/><W57/><G57/><T25/><D103/><U41/><E110/><V59/><F58/><W117/><G117/><T42/><D102/><U18/><E41/><V26/><F26/><W76/><G76/><T122/><D77/><U65/><E65/><V87/><F87/><W75/><G75/><T43/><D25/><N who="1" m="14519" /><E23/><V9/><F9/><W93/><G93/><T106/><D95/><U29/><E29/><V105/><F105/><W114/><G114/><T34/><D106/><U11/><E11/><V5/><F5/><W31/><G31/><T14/><D34/><U55/><E55/><V69/><F69/><W16/><G16/><T97/><D122/><U54/><E54/><V115/><F113/><W99/><G99/><T62/><D101/><U72/><E72/><V88/><F112/><W111/><G111/><T22/><D22/><U104/><E104/><V131/><F115/><W108/><G108/><T85/><D43/><U24/><E24/><V53/><F131/><W0/><G0/><T36/><D42/><RYUUKYOKU ba="1,2" sc="160,-15,230,15,400,-15,190,15" hai1="60,61,73,78,83,90,91" hai3="10,13,19,46,47,48,49,74,79,81,86,89,92" /><INIT seed="1,2,2,0,4,85" ten="145,245,385,205" oya="1" hai0="18,99,121,13,7,126,93,49,88,82,0,25,55" hai1="122,134,54,11,102,42,111,10,135,3,119,14,92" hai2="115,16,5,6,129,66,40,83,15,30,91,70,89" hai3="95,17,46,117,12,45,118,28,90,101,112,127,109"/><U81/><E119/><N who="3" m="45578" /><G109/><T132/><D126/><U60/><E122/><V107/><F107/><W100/><G112/><T57/><D132/><N who="1" m="50731" /><E42/><V9/><F129/><W94/><G28/><T62/><D121/><U53/><E3/><V61/><F115/><W50/><G127/><T97/><D0/><U106/><E106/><V56/><F70/><W26/><G26/><T39/><D39/><U36/><E36/><V75/><F75/><W120/><G120/><T20/><D82/><U34/><E34/><V47/><F30/><W103/><G50/><T77/><D77/><U8/><E81/><V76/><F76/><W110/><G110/><T24/><D7/><N who="2" m="2570" /><F83/><W68/><G68/><T52/><D97/><N who="1" m="59687" /><E111/><V98/><F98/><N who="3" m="57687" /><G95/><T31/><D31/><U65/><E14/><V84/><F84/><W69/><G69/><AGARI ba="2,2" hai="8,10,11,53,54,60,65,69" m="59687,50731" machi="69" ten="30,1500,0" yaku="20,1" doraHai="85" who="1" fromWho="3" sc="145,0,245,41,385,0,205,-21" /><INIT seed="1,3,0,2,4,85" ten="145,286,385,184" oya="1" hai0="77,54,23,107,114,93,73,100,99,72,25,119,105" hai1="21,0,30,95,26,97,109,66,36,52,59,92,32" hai2="60,134,18,115,45,131,4,34,111,101,2,49,37" hai3="27,123,57,120,3,58,78,15,102,104,42,46,33"/><U39/><E0/><V6/><F34/><W126/><G3/><T67/><D114/><U116/><E116/><V69/><F37/><W121/><G78/><T12/><D119/><U8/><E8/><V40/><F2/><W14/><G126/><T70/><D70/><U5/><E5/><V117/><F117/><W113/><G113/><T24/><D67/><U96/><E66/><N who="2" m="41159" /><F101/><W56/><G102/><T76/><D12/><U50/><E32/><V124/><F115/><W128/><G128/><T71/><D71/><U130/><E130/><V29/><F29/><W20/><G104/><T47/><D47/><U19/><E30/><V91/><F18/><W103/><G103/><T43/><D43/><U22/><E22/><V53/><F131/><W55/><G55/><T90/><D54/><U28/><E28/><V31/><F31/><BYE who="2" /><UN n2="%E8%A8%88%E7%AE%97%E6%A9%9F%E8%87%AA%E7%84%B6" /><W112/><G112/><T118/><D118/><U94/><REACH who="1" step="1"/><E109/><REACH who="1" ten="145,276,385,184" step="2"/><V51/><F111/><W65/><G33/><T38/><D23/><U79/><E79/><N who="0" m="30281" /><D24/><U132/><E132/><V108/><F108/><W106/><G65/><T44/><D25/><U88/><E88/><V110/><F110/><W74/><G27/><T17/><D17/><U135/><E135/><V75/><F134/><W10/><G20/><T41/><D107/><U127/><E127/><V84/><F124/><W35/><G35/><T125/><D125/><U86/><E86/><V1/><F1/><W98/><G10/><T62/><D62/><U13/><E13/><V89/><F4/><W122/><N who="3" m="30720" /><DORA hai="82" /><W83/><G14/><T81/><D105/><U68/><E68/><RYUUKYOKU ba="3,1" sc="145,15,276,15,385,-15,184,-15" hai0="38,41,44,72,73,81,90,93,99,100" hai1="19,21,26,36,39,50,52,59,92,94,95,96,97" /><INIT seed="1,4,1,2,1,100" ten="160,291,370,169" oya="1" hai0="51,90,44,82,123,38,108,65,5,9,134,91,25" hai1="30,68,32,107,75,74,124,130,128,79,0,99,59" hai2="105,87,83,120,35,39,33,28,52,98,26,70,23" hai3="127,6,49,21,101,48,1,69,125,24,126,47,106"/><U66/><E0/><V8/><F120/><W42/><G69/><T131/><D123/><U13/><E13/><V116/><F116/><W54/><G6/><T12/><D38/><U112/><E59/><V63/><F39/><W102/><G1/><T40/><D108/><U118/><E118/><V114/><F114/><W80/><G80/><T18/><D131/><U46/><E46/><V73/><F73/><W78/><G78/><T45/><D134/><U110/><E112/><V11/><F33/><W3/><G3/><T58/><D45/><U129/><E124/><V77/><F23/><W37/><G54/><T92/><D82/><U86/><E86/><V34/><F34/><W27/><G27/><T20/><REACH who="0" step="1"/><D92/><REACH who="0" ten="150,291,370,169" step="2"/><U71/><E110/><V94/><F94/><W135/><G135/><T111/><D111/><U109/><E109/><V121/><F121/><W93/><G93/><T29/><D29/><U61/><E129/><V36/><F36/><W132/><G132/><T53/><D53/><U97/><E130/><V76/><F52/><W22/><G37/><T4/><D4/><U117/><E128/><V16/><F28/><N who="3" m="17423" /><G47/><T104/><D104/><U115/><E107/><V133/><F133/><W84/><G106/><T57/><D57/><U96/><E115/><V64/><F105/><W14/><G42/><T41/><D41/><U43/><E43/><V60/><F83/><W10/><G126/><T119/><D119/><U55/><E117/><V85/><F76/><W17/><G127/><T2/><D2/><U67/><E79/><V72/><F77/><W81/><G125/><RYUUKYOKU ba="4,2" sc="150,30,291,-10,370,-10,169,-10" hai0="5,9,12,18,20,25,40,44,51,58,65,90,91" /><INIT seed="2,5,2,5,3,73" ten="180,281,360,159" oya="2" hai0="34,60,127,92,81,38,45,25,134,96,9,51,101" hai1="54,115,100,72,131,2,63,105,78,112,58,6,80" hai2="135,10,122,91,7,94,88,41,133,24,116,104,103" hai3="93,33,5,46,109,119,118,114,36,30,61,65,4"/><V57/><F122/><W16/><G109/><T95/><D127/><U110/><E110/><V15/><F116/><W42/><G114/><T62/><D134/><N who="2" m="51210" /><F104/><W86/><G118/><T55/><D38/><U20/><E131/><V48/><F24/><W11/><G119/><T113/><D113/><U120/><E120/><V89/><F57/><W71/><G30/><T13/><D92/><U106/><E106/><V123/><F123/><W70/><G33/><T117/><D117/><U99/><REACH who="1" step="1"/><E20/><REACH who="1" ten="180,271,360,159" step="2"/><V82/><F82/><W76/><G71/><T47/><D81/><U49/><E49/><V26/><F26/><W40/><G93/><T102/><D25/><U111/><E111/><V69/><F69/><W1/><G70/><T68/><D68/><U83/><E83/><V50/><F41/><W19/><G42/><T56/><D34/><U64/><E64/><V0/><F0/><W32/><G32/><T23/><D95/><U124/><E124/><V59/><F59/><W39/><G39/><T18/><D56/><U126/><E126/><V17/><F48/><W130/><G130/><T129/><D129/><U14/><E14/><V128/><F50/><W98/><G65/><T52/><D23/><U22/><E22/><V84/><F128/><W44/><G36/><T37/><D37/><U74/><E74/><V27/><F27/><W90/><G40/><T108/><D108/><U125/><E125/><V3/><F103/><W31/><G1/><T28/><D101/><U67/><E67/><V107/><F3/><W87/><G31/><T132/><D28/><U29/><E29/><RYUUKYOKU ba="5,3" sc="180,-10,271,30,360,-10,159,-10" hai1="2,6,54,58,63,72,78,80,99,100,105,112,115" /><INIT seed="3,6,3,3,2,62" ten="170,301,350,149" oya="3" hai0="100,118,80,14,42,90,22,106,7,10,15,111,115" hai1="135,124,108,47,82,6,132,34,110,43,5,25,83" hai2="120,67,112,30,122,85,49,41,13,18,134,37,61" hai3="66,68,21,12,81,89,31,103,16,77,39,79,105"/><W35/><G39/><T56/><D118/><U87/><E124/><V94/><F112/><W75/><G79/><T72/><D115/><U88/><E82/><V113/><F113/><W104/><G89/><T93/><D111/><N who="1" m="42539" /><E25/><V58/><F37/><W48/><G48/><T114/><D114/><U24/><E24/><V109/><F109/><W92/><G35/><T84/><D42/><U55/><E55/><V78/><F30/><W116/><G116/><T50/><D106/><U60/><E60/><V2/><F2/><W96/><REACH who="3" step="1"/><G31/><REACH who="3" ten="170,301,350,139" step="2"/><T91/><D91/><U3/><E34/><V97/><F78/><W38/><G38/><T32/><D32/><U74/><E88/><V125/><F49/><W8/><G8/><T59/><D50/><U45/><E135/><V46/><F134/><W70/><G70/><T121/><D121/><U127/><E132/><V117/><F117/><W128/><G128/><T11/><D22/><U63/><E63/><AGARI ba="6,4" hai="12,16,21,63,66,68,75,77,81,92,96,103,104,105" machi="63" ten="40,12000,1" yaku="1,1,52,1,54,1,53,1" doraHai="62" doraHaiUra="95" who="3" fromWho="1" sc="170,0,301,-138,350,0,139,178" /><INIT seed="3,7,0,3,0,42" ten="170,163,350,317" oya="3" hai0="43,2,36,44,68,78,81,27,22,73,103,133,119" hai1="79,104,63,96,91,10,86,131,99,114,62,8,77" hai2="1,32,110,75,72,84,58,100,5,82,7,135,3" hai3="113,40,122,24,29,60,34,111,52,127,9,66,16"/><W25/><G113/><T132/><D119/><U71/><E114/><V23/><F32/><W64/><G122/><T14/><D68/><U18/><E131/><V112/><F112/><W74/><G74/><T118/><D118/><U13/><E8/><V28/><F100/><W53/><G127/><T48/><D2/><U80/><E104/><V31/><F58/><W126/><G126/><T130/><D103/><U56/><E71/><V98/><F98/><N who="1" m="37417" /><E63/><V109/><F135/><N who="0" m="51786" /><D130/><U107/><E107/><V49/><F1/><W92/><G111/><T129/><D129/><U95/><E95/><V50/><F3/><W46/><G92/><T35/><D35/><U41/><E41/><V128/><F128/><W51/><G66/><AGARI ba="7,0" hai="10,13,18,56,62,66,77,79,80,86,91" m="37417" machi="66" ten="30,1000,0" yaku="8,1" doraHai="42" who="1" fromWho="3" sc="170,0,163,31,350,0,317,-31" owari="170,-33.0,194,-20.6,350,45.0,286,8.6" /></mjloggm>