<mjloggm ver="2.3"><GO type="225" lobby="0"/><UN n0="%E3%81%A8%E3%82%93%E3%81%A8%E3%81%93%E3%81%A8%E3%82%93" n1="%E3%81%A9%E3%82%8F%E3%82%93%E3%81%94" n2="%4B%2E%32%2E%4B%2E" n3="%E5%B0%8F%E9%B3%A5%E9%81%8A%E7%B7%B4%E7%84%A1%32%31%E6%AD%B3" dan="16,16,16,16" rate="2131.20,2067.39,2169.08,2175.56" sx="F,M,M,F"/><TAIKYOKU oya="0"/><INIT seed="0,0,0,2,3,94" ten="250,250,250,250" oya="0" hai0="36,29,15,74,41,65,25,6,19,111,81,104,12" hai1="124,3,71,26,42,8,44,108,39,67,13,88,62" hai2="68,48,69,110,70,75,117,89,79,96,56,73,53" hai3="4,93,0,87,45,98,82,130,30,23,112,59,132"/><T58/><D104/><U99/><E108/><V72/><F110/><W28/><G112/><T95/><D36/><U97/><E124/><V43/><F117/><W50/><G132/><T35/><D41/><U128/><E3/><V85/><F43/><W122/><G130/><T60/><D111/><U115/><E115/><V55/><F55/><W66/><G4/><T102/><D6/><U133/><E128/><V5/><F5/><W40/><G0/><T77/><REACH who="0" step="1"/><D19/><REACH who="0" ten="240,250,250,250" step="2"/><U49/><E133/><V61/><F79/><N who="3" m="46559" /><G122/><T103/><D103/><U34/><E39/><V126/><F126/><W125/><G125/><T113/><D113/><U109/><E109/><V37/><F37/><W83/><G40/><T121/><D121/><U57/><E71/><V118/><F118/><W21/><G30/><T16/><D16/><U24/><E88/><V86/><F70/><W134/><G28/><T106/><D106/><U84/><E42/><V123/><F123/><W116/><G134/><T91/><D91/><U107/><E107/><V127/><F127/><W22/><G116/><T17/><D17/><U52/><E34/><V131/><F131/><W7/><G7/><T119/><D119/><U101/><E101/><V78/><F69/><W76/><G76/><T47/><D47/><U80/><E44/><N who="2" m="27783" /><F68/><W63/><G45/><T14/><D14/><U9/><E13/><V27/><F78/><W46/><G46/><T64/><D64/><U100/><E67/><N who="2" m="39335" /><F27/><W33/><G33/><T32/><D32/><U90/><E26/><V105/><F105/><W114/><G114/><T135/><D135/><RYUUKYOKU ba="0,1" sc="240,15,250,-15,250,15,250,-15" hai0="12,15,25,29,35,58,60,65,74,77,81,95,102" hai2="72,73,75,85,86,89,96" /><INIT seed="0,1,1,0,1,61" ten="255,235,265,235" oya="0" hai0="100,18,66,108,115,51,41,128,103,29,11,70,77" hai1="131,122,118,96,3,107,47,53,8,15,111,86,80" hai2="58,20,33,132,26,129,69,25,30,55,59,123,133" hai3="38,7,62,19,78,85,71,126,90,13,127,44,68"/><T43/><D115/><U36/><E122/><V46/><F123/><W120/><G78/><T135/><D135/><N who="2" m="51786" /><F129/><W124/><G7/><T72/><D128/><U76/><E118/><V119/><F119/><W82/><G120/><T34/><D108/><U113/><E3/><V50/><F69/><W130/><G130/><T95/><D72/><U5/><E111/><V6/><F6/><W79/><G79/><T89/><D77/><U28/><E131/><V57/><F26/><W101/><G101/><T105/><D11/><U27/><E113/><V106/><F106/><W56/><G44/><T110/><D18/><U117/><E117/><V37/><F37/><W91/><G91/><T49/><D110/><U1/><E1/><V114/><F114/><W16/><G38/><T99/><D43/><U32/><E36/><V116/><F116/><W134/><G19/><T87/><D41/><U94/><E107/><V2/><F2/><W125/><N who="3" m="31744" /><DORA hai="10" /><W83/><G134/><T97/><D97/><U21/><E32/><AGARI ba="1,1" hai="20,25,30,32,33,46,50,55,57,58,59" m="51786" machi="32" ten="30,1000,0" yaku="20,1" doraHai="61,10" who="2" fromWho="1" sc="255,0,235,-13,265,23,235,0" /><INIT seed="1,0,0,4,4,3" ten="255,222,288,235" oya="1" hai0="110,20,118,8,105,85,119,104,21,6,65,33,77" hai1="79,107,50,124,54,91,72,67,60,122,96,24,103" hai2="125,99,68,36,42,120,94,29,66,133,64,17,93" hai3="92,52,7,14,74,106,55,47,78,89,63,123,88"/><U61/><E122/><V108/><F120/><W83/><G106/><T75/><D65/><U90/><E124/><V109/><F125/><W30/><G30/><T58/><D85/><U1/><E1/><V49/><F36/><W13/><G123/><T22/><D33/><U40/><E40/><V86/><F29/><W26/><G26/><T43/><D43/><U73/><E24/><V82/><F133/><W45/><G14/><T46/><D46/><U126/><E126/><V19/><F19/><W114/><G114/><T11/><D58/><U51/><E51/><V102/><F93/><W9/><G89/><T18/><D18/><U38/><E38/><V16/><F68/><W135/><G135/><T128/><D110/><N who="2" m="42602" /><F64/><W84/><REACH who="3" step="1"/><G63/><REACH who="3" ten="255,222,288,225" step="2"/><T56/><D105/><U32/><E61/><V62/><F62/><W44/><AGARI ba="0,1" hai="7,9,13,44,45,47,52,55,74,78,83,84,88,92" machi="44" ten="30,12000,2" yaku="1,1,2,1,0,1,52,1,54,2,53,0" doraHai="3" doraHaiUra="131" who="3" fromWho="3" sc="255,-30,222,-60,288,-30,225,130" /><INIT seed="2,0,0,0,4,1" ten="225,162,258,355" oya="2" hai0="62,90,53,105,58,73,94,84,112,29,80,38,51" hai1="126,33,23,86,74,116,57,63,72,88,20,26,118" hai2="89,79,47,85,50,99,121,71,40,101,100,117,24" hai3="77,6,91,122,65,34,93,109,45,37,54,17,127"/><V59/><F117/><W13/><G34/><T120/><D112/><U96/><E33/><V44/><F121/><W119/><G109/><T5/><D120/><U98/><E126/><V52/><F71/><W4/><G119/><T106/><D38/><U130/><E130/><V68/><F68/><W92/><G37/><T87/><D73/><U132/><E132/><V128/><F128/><W64/><G127/><T56/><D29/><U15/><E116/><V49/><F79/><W69/><G77/><T32/><D32/><U115/><E115/><V60/><F24/><W66/><G69/><T108/><D108/><U28/><E118/><V82/><REACH who="2" step="1"/><F99/><REACH who="2" ten="225,162,248,355" step="2"/><N who="3" m="57759" /><G122/><T125/><D125/><U14/><E74/><V30/><F30/><W27/><G27/><T67/><D5/><U95/><E72/><V16/><F16/><W21/><G93/><T35/><D35/><U75/><E75/><V12/><F12/><N who="1" m="4649" /><E20/><V2/><F2/><W70/><G70/><T135/><D135/><U36/><E36/><V131/><F131/><W134/><G134/><T46/><D58/><U11/><E11/><V43/><AGARI ba="0,1" hai="40,43,44,47,49,50,52,59,60,82,85,89,100,101" machi="43" ten="20,18000,2" yaku="1,1,0,1,7,1,9,1,8,1,54,1,53,0" doraHai="1" doraHaiUra="110" who="2" fromWho="2" sc="225,-60,162,-60,248,190,355,-60" /><INIT seed="2,1,0,4,2,105" ten="165,102,438,295" oya="2" hai0="51,27,114,23,8,18,128,124,56,79,129,90,31" hai1="22,43,62,96,24,119,132,49,98,87,86,100,30" hai2="134,48,66,0,92,113,116,50,77,76,14,60,71" hai3="2,122,120,45,70,9,39,54,12,61,40,88,84"/><V82/><F0/><W33/><G33/><T107/><D107/><U53/><E132/><V81/><F113/><W125/><G125/><T4/><D90/><U44/><E119/><V85/><F116/><W127/><G127/><T78/><D124/><U95/><E62/><V21/><F92/><W97/><G97/><T93/><D93/><U110/><E110/><V75/><F134/><W80/><G2/><T94/><D94/><U19/><E98/><V3/><F3/><W130/><G130/><N who="0" m="50283" /><D114/><U35/><E35/><V37/><F37/><W46/><G70/><T1/><D31/><U115/><E115/><V10/><REACH who="2" step="1"/><F21/><REACH who="2" ten="165,102,428,295" step="2"/><W6/><G122/><T28/><D28/><U117/><E117/><V41/><F41/><W29/><G120/><T74/><D74/><U11/><REACH who="1" step="1"/><E43/><REACH who="1" ten="165,92,428,295" step="2"/><V32/><F32/><W68/><G40/><T101/><D101/><U36/><E36/><V109/><F109/><W52/><G39/><T64/><D64/><U83/><E83/><V63/><F63/><W42/><G42/><T38/><D38/><U26/><E26/><V106/><F106/><W91/><G61/><T123/><D123/><U135/><E135/><V72/><F72/><W133/><G133/><T5/><D27/><U65/><E65/><V47/><F47/><W73/><G45/><T131/><D131/><U121/><E121/><V20/><F20/><W25/><G46/><T7/><D23/><U104/><E104/><V89/><F89/><N who="3" m="51335" /><G73/><T58/><D78/><U99/><E99/><V102/><F102/><W34/><G68/><T108/><D79/><U13/><AGARI ba="1,2" hai="11,13,19,22,24,30,44,49,53,86,87,95,96,100" machi="13" ten="30,7900,0" yaku="1,1,5,1,0,1,8,1,53,0" doraHai="105" doraHaiUra="111" who="1" fromWho="1" sc="165,-21,92,102,428,-40,295,-21" /><INIT seed="3,0,0,2,3,103" ten="144,194,388,274" oya="3" hai0="107,51,40,111,98,84,56,133,21,3,5,22,61" hai1="10,83,125,35,17,72,14,16,54,124,119,8,74" hai2="39,108,0,42,7,115,68,63,67,26,126,46,81" hai3="27,122,2,52,29,45,78,95,127,6,132,113,99"/><W128/><G122/><T112/><D111/><U100/><E35/><V53/><F115/><W79/><G113/><T90/><D112/><U97/><E119/><V114/><F114/><W62/><G128/><T134/><D3/><U43/><E43/><V69/><F108/><W12/><G2/><T24/><D5/><U44/><E44/><V86/><F126/><N who="1" m="48745" /><E54/><V47/><F69/><W129/><G132/><N who="0" m="50795" /><D51/><U131/><E83/><V88/><F26/><W94/><G129/><T33/><D40/><U38/><E38/><V58/><F47/><W109/><G109/><T13/><D33/><U96/><E131/><V116/><F116/><W60/><G127/><T87/><D13/><N who="1" m="7207" /><E97/><V23/><F23/><N who="0" m="8714" /><D24/><U80/><E80/><V20/><F20/><N who="3" m="15591" /><G12/><T135/><N who="0" m="50803" /><T28/><DORA hai="117" /><D28/><U102/><E102/><V4/><F0/><W123/><G99/><T101/><D90/><U1/><E1/><V37/><F39/><W76/><G6/><T57/><D57/><U65/><E65/><AGARI ba="0,0" hai="56,61,65,84,87,98,101,107" m="8714,50803" machi="65" ten="40,2600,0" yaku="20,1,52,1" doraHai="103,117" who="0" fromWho="1" sc="144,26,194,-26,388,0,274,0" owari="170,-23.0,168,-33.2,388,48.8,274,7.4" /></mjloggm>