<mjloggm ver="2.3"><GO type="225" lobby="0"/><UN n0="%4E%55%44%41" n1="%6D%75%75%6D%75%72%61" n2="%E7%A6%8F%E5%8E%9F%E9%81%A5%E3%81%A8%E7%B5%90%E5%A9%9A%E3%81%99%E3%82%8B" n3="%E3%81%82%E3%81%99%E3%81%AB%E3%82%83%E3%82%80" dan="17,17,17,16" rate="2142.49,2181.47,2148.14,2115.71" sx="M,M,M,F"/><TAIKYOKU oya="0"/><INIT seed="0,0,0,3,5,100" ten="250,250,250,250" oya="0" hai0="122,91,30,99,119,97,76,67,80,55,92,124,46" hai1="132,63,110,48,74,70,32,133,135,94,22,96,11" hai2="44,10,85,49,24,126,2,50,108,73,111,33,53" hai3="89,130,17,6,104,38,93,52,129,64,75,21,127"/><T116/><D122/><U41/><E32/><V5/><F73/><W25/><G75/><T83/><D124/><U20/><E74/><V77/><F126/><W107/><G38/><T71/><D30/><U36/><E36/><V42/><F24/><W16/><G127/><T56/><D76/><U131/><E110/><V8/><F33/><W84/><G64/><T134/><D134/><U69/><E131/><N who="3" m="50186" /><G6/><T35/><D35/><U13/><E48/><V15/><F77/><W123/><G123/><T78/><D46/><U121/><E41/><V109/><F85/><W9/><G52/><T105/><D71/><N who="1" m="27147" /><E63/><V62/><F62/><W101/><G101/><T37/><D37/><U57/><E57/><V60/><F60/><W59/><G59/><T117/><D67/><U18/><E121/><V112/><F112/><W39/><G39/><T128/><D128/><U12/><E12/><AGARI ba="0,0" hai="9,12,16,17,21,25,84,89,93,104,107" m="50186" machi="12" ten="30,7700,0" yaku="19,1,52,2,54,1" doraHai="100" who="3" fromWho="1" sc="250,0,250,-77,250,0,250,77" /><INIT seed="1,0,0,0,2,33" ten="250,173,250,327" oya="1" hai0="118,89,12,40,122,135,44,25,54,106,49,86,125" hai1="24,58,85,134,39,131,16,124,92,81,15,76,1" hai2="100,52,98,71,64,132,67,91,5,128,23,61,0" hai3="50,53,116,8,27,93,41,112,73,69,123,68,99"/><U7/><E39/><V129/><F132/><W3/><G112/><T103/><D118/><U133/><E124/><V114/><F114/><W109/><G73/><T55/><D135/><N who="1" m="51723" /><E131/><N who="2" m="50251" /><F91/><W2/><G123/><T63/><D125/><U57/><E24/><V66/><F23/><W120/><G120/><T72/><D72/><U74/><E74/><V34/><F34/><W101/><G41/><T29/><D122/><U82/><E82/><V30/><F30/><W47/><G109/><T102/><D12/><U48/><E92/><N who="2" m="58439" /><F52/><N who="0" m="20010" /><D63/><U62/><E48/><V75/><F75/><W31/><G116/><T95/><D106/><U127/><E127/><V42/><F42/><W13/><G69/><T18/><D29/><U4/><E1/><V110/><F110/><W87/><G68/><T65/><D65/><N who="2" m="25194" /><F5/><N who="1" m="2121" /><E62/><V11/><F11/><AGARI ba="0,0" hai="11,15,16,57,58,76,81,85" m="2121,51723" machi="11" ten="30,2900,0" yaku="20,1,54,1" doraHai="33" who="1" fromWho="2" sc="250,0,173,29,250,-29,327,0" /><INIT seed="1,1,0,0,0,107" ten="250,202,221,327" oya="1" hai0="52,76,29,86,9,37,19,25,81,126,69,18,122" hai1="100,60,14,111,53,82,101,114,117,5,1,24,130" hai2="74,89,39,38,0,70,120,110,72,124,4,15,27" hai3="94,66,87,112,80,78,63,77,43,30,59,55,46"/><U84/><E114/><V104/><F15/><W33/><G112/><T44/><D69/><U56/><E117/><V129/><F89/><W20/><G33/><T2/><D126/><U109/><E1/><V115/><F27/><N who="3" m="16743" /><G43/><T10/><D37/><U67/><E130/><V88/><F88/><N who="3" m="51303" /><G94/><T13/><D122/><U48/><E24/><V125/><F120/><W131/><G131/><T99/><D99/><U16/><E5/><V113/><F129/><W105/><G105/><T50/><D2/><U116/><E116/><V45/><F70/><W93/><G93/><T97/><D97/><U108/><E84/><V75/><F104/><W57/><G46/><T91/><D91/><U11/><REACH who="1" step="1"/><E82/><REACH who="1" ten="250,192,221,327" step="2"/><V32/><F113/><W7/><G7/><T98/><D98/><U61/><E61/><AGARI ba="1,1" hai="55,57,59,61,63,66,77,78" m="51303,16743" machi="61" ten="30,2000,0" yaku="8,1,54,1" doraHai="107" who="3" fromWho="1" sc="250,0,192,-23,221,0,327,33" /><INIT seed="2,0,0,2,5,43" ten="250,169,221,360" oya="2" hai0="6,37,62,122,71,24,116,16,90,14,23,128,86" hai1="46,59,120,49,5,80,41,60,38,34,123,50,45" hai2="102,125,119,61,112,132,106,131,95,129,9,127,58" hai3="107,33,25,87,78,114,101,84,130,7,4,82,126"/><V27/><F112/><W13/><G114/><T94/><D122/><N who="1" m="46635" /><E34/><V109/><F119/><W98/><G130/><N who="2" m="49673" /><F106/><W15/><G126/><N who="2" m="48137" /><F9/><W70/><G70/><T85/><D128/><U57/><E5/><V32/><F109/><W74/><G87/><T69/><D116/><U115/><E115/><V124/><F124/><W103/><G103/><T19/><D6/><U42/><E80/><V0/><F0/><W17/><G13/><T68/><D37/><N who="1" m="21679" /><E59/><V89/><F102/><W88/><G33/><T79/><D79/><U36/><E36/><V8/><F8/><W96/><G25/><T21/><REACH who="0" step="1"/><D85/><REACH who="0" ten="240,169,221,360" step="2"/><U54/><AGARI ba="0,1" hai="38,42,46,49,50,54,57,60" m="21679,46635" machi="54" ten="30,8000,1" yaku="13,1,34,2,52,2" doraHai="43" who="1" fromWho="1" sc="240,-20,169,90,221,-40,360,-20" /><INIT seed="3,0,0,5,0,49" ten="220,259,181,340" oya="3" hai0="130,25,73,51,111,104,69,91,119,87,34,60,3" hai1="42,26,6,82,97,24,59,121,29,101,57,105,0" hai2="4,28,129,93,55,100,13,110,45,46,15,20,58" hai3="88,8,68,122,81,128,70,36,80,54,90,41,133"/><W21/><G122/><T92/><D119/><U35/><E121/><V31/><F110/><W38/><G8/><T17/><D3/><U78/><E42/><V95/><F129/><W117/><G117/><T114/><D73/><U76/><E0/><V7/><F100/><W61/><G21/><T74/><D74/><U127/><E6/><V108/><F108/><W53/><G61/><T56/><D104/><U115/><E115/><V39/><F20/><W22/><G22/><T30/><D111/><U102/><E127/><V125/><F58/><W113/><G41/><T89/><D130/><U16/><E102/><V40/><F40/><W10/><G10/><T126/><D126/><U83/><E26/><V48/><F48/><W86/><G86/><T1/><D1/><U120/><E120/><V79/><F125/><W64/><G64/><T33/><D114/><U52/><E16/><V72/><F72/><W43/><G43/><T71/><D33/><U99/><E99/><V47/><F47/><W67/><G67/><T32/><D32/><U27/><E27/><V84/><F84/><W103/><G103/><T50/><D17/><U112/><E59/><V63/><F63/><W2/><G68/><T135/><D71/><U98/><E98/><V19/><F19/><W18/><G70/><T94/><D135/><U132/><E132/><V65/><F65/><W106/><G133/><T75/><D69/><U77/><E112/><V44/><F44/><W12/><G128/><T124/><D75/><U109/><E109/><V5/><F5/><W66/><G18/><T11/><D124/><RYUUKYOKU ba="0,0" sc="220,-10,259,30,181,-10,340,-10" hai1="24,29,35,52,57,76,77,78,82,83,97,101,105" owari="210,-19.0,289,8.9,171,-32.9,330,43.0" /></mjloggm>