<mjloggm ver="2.3"><GO type="225" lobby="0"/><UN n0="%61%6D%65%6B%69" n1="%EF%BC%94%36" n2="%E6%81%A5%E6%99%92%E3%81%97" n3="%4D%6F%6E%61%6E%61" dan="16,16,16,16" rate="2061.92,2047.23,2103.75,2119.17" sx="M,M,M,F"/><TAIKYOKU oya="0"/><INIT seed="0,0,0,1,3,99" ten="250,250,250,250" oya="0" hai0="52,125,21,36,77,22,53,5,68,102,101,127,93" hai1="112,70,79,119,126,94,98,8,41,88,39,72,0" hai2="124,71,38,133,27,3,113,44,122,78,87,106,104" hai3="116,134,34,135,85,63,46,40,29,132,47,100,105"/><T89/><D36/><U1/><E70/><V64/><F113/><W58/><G116/><T56/><D68/><U75/><E119/><V20/><F122/><W16/><G85/><T54/><D56/><U86/><E112/><V65/><F3/><W11/><G29/><T59/><D59/><U62/><E62/><V95/><F124/><N who="0" m="47690" /><D77/><U50/><E126/><V61/><F65/><W57/><G34/><T129/><D5/><U35/><E35/><V121/><F133/><W4/><G4/><T23/><D129/><U114/><E114/><V10/><F38/><N who="3" m="21783" /><G47/><T73/><D73/><U51/><E39/><V43/><F44/><W69/><G69/><T9/><D9/><U111/><E41/><V123/><F43/><W32/><G32/><T103/><D89/><U91/><E8/><V48/><F10/><W67/><G58/><T66/><D66/><U130/><E130/><V30/><F78/><W74/><G74/><T33/><D33/><U80/><E75/><V55/><F121/><W81/><G81/><T90/><D90/><U110/><E1/><V28/><F123/><W25/><G11/><T60/><D60/><U117/><E0/><V84/><F71/><W42/><G42/><T97/><AGARI ba="0,0" hai="21,22,23,52,53,54,93,97,101,102,103" m="47690" machi="97" ten="40,12000,1" yaku="18,1,52,3,54,1" doraHai="99" who="0" fromWho="0" sc="250,120,250,-40,250,-40,250,-40" /><INIT seed="0,1,0,5,5,7" ten="370,210,210,210" oya="0" hai0="73,60,17,68,43,49,45,25,56,26,120,110,107" hai1="28,65,101,116,72,113,3,42,81,90,57,27,70" hai2="52,13,112,35,51,16,88,15,129,63,33,38,20" hai3="8,50,14,36,131,74,99,0,34,66,122,64,91"/><T69/><D107/><U24/><E3/><V125/><F112/><W132/><G122/><T105/><D105/><U87/><E70/><V135/><F38/><W84/><G74/><T29/><D73/><U96/><E116/><V23/><F125/><W19/><G131/><T123/><D110/><U115/><E72/><V37/><F37/><W80/><G132/><T61/><D25/><U106/><E42/><V127/><F135/><W77/><G36/><T126/><D126/><U109/><E109/><V119/><F127/><W1/><G34/><T48/><D17/><U134/><E134/><V92/><F129/><W46/><G0/><T44/><D26/><U103/><E103/><V62/><F119/><W58/><G58/><T78/><D78/><U76/><E24/><N who="2" m="14343" /><F33/><W89/><G1/><T98/><D98/><U82/><E82/><V94/><F94/><N who="3" m="56783" /><G77/><T114/><D29/><U18/><E18/><N who="2" m="10703" /><F15/><W102/><G102/><T86/><D114/><N who="1" m="43531" /><E76/><V59/><F35/><W118/><G118/><T71/><D86/><AGARI ba="1,0" hai="51,52,59,62,63,86,88,92" m="10703,14343" machi="86" ten="30,8000,1" yaku="25,1,8,1,54,3" doraHai="7" who="2" fromWho="0" sc="370,-83,210,0,210,83,210,0" /><INIT seed="1,0,0,3,2,114" ten="287,210,293,210" oya="1" hai0="96,34,99,128,24,8,76,30,11,130,33,51,3" hai1="65,54,112,13,32,31,127,119,124,36,64,53,102" hai2="121,44,14,52,100,39,23,82,75,94,58,123,134" hai3="86,40,98,59,78,93,48,61,71,74,80,62,84"/><U60/><E102/><V25/><F134/><W116/><G71/><T90/><D34/><U133/><E32/><V41/><F14/><W77/><G116/><T22/><D76/><U56/><E31/><V68/><F68/><W115/><G115/><T66/><D66/><N who="1" m="25707" /><E13/><V7/><F7/><W19/><G74/><T17/><D51/><U85/><E85/><V35/><F35/><W16/><G84/><T81/><D81/><U91/><E91/><V67/><F67/><N who="3" m="39359" /><G62/><T83/><D83/><U117/><E112/><V88/><F82/><W135/><G78/><T110/><D110/><U125/><E133/><V57/><F57/><W38/><G38/><T87/><D87/><U118/><E53/><V2/><F100/><N who="3" m="60495" /><G135/><T111/><D90/><U21/><E21/><V28/><F2/><W132/><G132/><T18/><D3/><U73/><E36/><V27/><F75/><AGARI ba="0,0" hai="54,56,60,73,75,117,118,119,124,125,127" m="25707" machi="75" ten="40,12000,1" yaku="18,1,52,3" doraHai="114" who="1" fromWho="2" sc="287,0,210,120,293,-120,210,0" /><INIT seed="1,1,0,1,2,87" ten="287,330,173,210" oya="1" hai0="82,81,104,120,66,43,74,58,63,6,95,48,83" hai1="14,29,8,56,105,30,19,67,91,13,3,112,1" hai2="17,101,68,12,118,59,80,124,36,28,134,20,126" hai3="128,113,109,10,123,38,88,24,57,23,92,106,39"/><U122/><E105/><V11/><F118/><W96/><G109/><T34/><D104/><U77/><E77/><V85/><F68/><W65/><G113/><T73/><D34/><U31/><E112/><V102/><F36/><W49/><G123/><T135/><D120/><U2/><E122/><V71/><F71/><W97/><G128/><T5/><D135/><U119/><E119/><V108/><F134/><W21/><G10/><T35/><D35/><U127/><E67/><V54/><F108/><W27/><G39/><T40/><D48/><U62/><E56/><V18/><F28/><N who="3" m="17423" /><G38/><T61/><D95/><U117/><E62/><V132/><F132/><W51/><G97/><T9/><D9/><N who="1" m="6575" /><E91/><V89/><F124/><W125/><G106/><T45/><D45/><U76/><E76/><V129/><F129/><W84/><G96/><T22/><D74/><U94/><E94/><V133/><F126/><W47/><G47/><T33/><D33/><U114/><E127/><V110/><F110/><W64/><G125/><T103/><D63/><U72/><E72/><V79/><F79/><W44/><G57/><T116/><D116/><U131/><E117/><V93/><F93/><W90/><G90/><T26/><D103/><U53/><E131/><V52/><F133/><W111/><G111/><T7/><REACH who="0" step="1"/><D73/><REACH who="0" ten="277,330,173,210" step="2"/><U121/><E121/><V16/><F101/><W25/><G49/><T4/><N who="0" m="1024" /><DORA hai="60" /><T98/><D98/><U32/><E114/><V69/><F102/><W70/><G23/><T41/><D41/><U75/><E32/><V130/><F130/><W55/><G44/><RYUUKYOKU ba="1,1" sc="277,30,330,-10,173,-10,210,-10" hai0="22,26,40,43,58,61,66,81,82,83" /><INIT seed="2,2,1,3,0,34" ten="307,320,163,200" oya="2" hai0="49,135,106,57,84,99,53,61,119,3,50,102,75" hai1="16,35,71,134,0,101,56,120,64,79,25,132,42" hai2="129,13,24,122,127,32,123,126,92,2,43,107,112" hai3="17,7,69,63,18,41,46,94,31,51,6,130,52"/><V4/><F107/><W82/><G130/><T87/><D75/><U60/><E0/><V110/><F43/><W98/><G31/><T121/><D121/><N who="2" m="46090" /><F92/><W47/><G69/><T96/><D135/><N who="1" m="51755" /><E120/><V104/><F104/><W78/><G78/><T27/><D119/><U116/><E101/><V77/><F77/><W59/><G82/><T89/><D3/><U23/><E116/><V10/><F112/><W117/><G117/><T97/><D27/><U55/><E79/><V40/><F40/><W62/><G62/><T124/><D124/><N who="2" m="47658" /><F129/><W38/><G38/><T5/><D5/><N who="3" m="1545" /><G47/><T8/><D106/><U114/><E35/><V30/><F13/><W22/><G22/><T11/><D102/><AGARI ba="2,1" hai="17,18,41,46,51,52,59,63,94,98,102" m="1545" machi="102" ten="30,2000,0" yaku="8,1,54,1" doraHai="34" who="3" fromWho="0" sc="307,-26,320,0,163,0,200,36" /><INIT seed="3,0,0,3,1,60" ten="281,320,163,236" oya="3" hai0="67,79,118,44,117,10,122,5,47,55,36,20,61" hai1="32,115,19,106,48,82,96,30,34,54,33,131,77" hai2="107,126,100,49,62,86,76,111,127,53,90,31,123" hai3="87,119,135,22,70,16,72,52,75,97,13,24,95"/><W73/><G119/><T8/><D122/><U104/><E115/><V1/><F1/><W37/><G37/><T29/><D79/><U65/><E65/><V25/><F123/><W101/><G135/><T69/><D10/><U17/><E30/><V68/><F111/><W116/><G116/><T45/><D36/><U58/><E131/><V80/><F76/><W43/><G43/><T42/><D42/><U28/><E106/><V71/><F71/><W128/><G128/><T59/><D20/><U46/><E28/><V51/><F107/><W132/><G132/><T6/><D6/><U125/><E125/><V39/><F39/><W81/><G70/><T38/><D29/><U64/><E96/><V74/><F100/><W40/><G40/><T88/><D38/><U57/><E104/><V50/><F74/><W133/><G133/><T134/><D134/><U84/><E58/><V94/><F126/><W130/><G130/><T15/><REACH who="0" step="1"/><D88/><REACH who="0" ten="271,320,163,236" step="2"/><U102/><E102/><V98/><F127/><W114/><G114/><T113/><D113/><U89/><E77/><V0/><F0/><W110/><G110/><T129/><D129/><U83/><E83/><V120/><F120/><W41/><G41/><T78/><D78/><U108/><E108/><V124/><F124/><W99/><G75/><T105/><D105/><U9/><E9/><V14/><F14/><W66/><G72/><T35/><D35/><U11/><E11/><V7/><F7/><W121/><G73/><T4/><D4/><U63/><AGARI ba="0,1" hai="17,19,32,33,34,46,48,54,57,63,64,82,84,89" machi="63" ten="40,2700,0" yaku="0,1,52,1" doraHai="60" who="1" fromWho="1" sc="271,-7,320,37,163,-7,236,-13" owari="264,6.4,357,45.7,156,-34.4,223,-17.7" /></mjloggm>