<mjloggm ver="2.3"><GO type="225" lobby="0"/><UN n0="%E5%AE%AE%E4%BF%9D%E9%B6%8F%E8%82%89" n1="%E6%A1%9C%E8%8A%B1%E9%96%83%E3%80%85" n2="%E3%81%A1%E3%82%85%E3%81%86%E3%81%A9%E3%81%8F%E8%B1%A1%E3%81%95%E3%82%93" n3="%72%61%6B%33" dan="16,18,16,17" rate="2134.59,2288.25,2118.56,2277.48" sx="M,M,M,M"/><TAIKYOKU oya="0"/><INIT seed="0,0,0,5,0,18" ten="250,250,250,250" oya="0" hai0="16,86,100,73,8,76,22,52,31,128,61,98,129" hai1="29,77,94,2,82,4,43,38,10,30,64,1,81" hai2="90,39,7,88,27,96,117,123,36,28,33,105,65" hai3="13,104,9,21,6,118,23,55,132,103,34,5,80"/><T26/><D73/><N who="1" m="43183" /><E1/><V17/><F123/><W99/><G132/><T91/><D76/><U113/><E113/><V106/><F7/><W120/><G118/><T24/><D8/><U127/><E127/><V133/><F133/><W126/><G126/><T95/><D61/><U32/><E32/><V0/><F0/><W121/><G34/><T107/><REACH who="0" step="1"/><D52/><REACH who="0" ten="240,250,250,250" step="2"/><U74/><E64/><V101/><F65/><W69/><G55/><T134/><D134/><U75/><E75/><V49/><F117/><W66/><G66/><T79/><D79/><U37/><E74/><V93/><F49/><W85/><G5/><T41/><D41/><U54/><E54/><V72/><F72/><W19/><G69/><T44/><D44/><U71/><E71/><V25/><F36/><W102/><G6/><T47/><D47/><U45/><E38/><V87/><F39/><W42/><G42/><T114/><D114/><U48/><E48/><V50/><F50/><W51/><G51/><T122/><D122/><N who="3" m="47209" /><G102/><T116/><D116/><U60/><E60/><V131/><F101/><W119/><G119/><T130/><D130/><U15/><E2/><V135/><F131/><W78/><AGARI ba="0,1" hai="9,13,19,21,23,78,80,85,99,103,104" m="47209" machi="78" ten="30,4000,0" yaku="13,1,52,2" doraHai="18" who="3" fromWho="3" sc="240,-20,250,-10,250,-10,250,50" /><INIT seed="1,0,0,2,1,67" ten="220,240,240,300" oya="1" hai0="62,95,19,1,123,131,66,127,121,31,93,68,104" hai1="83,39,35,94,55,43,103,53,133,118,37,111,125" hai2="9,58,51,128,116,108,134,61,85,8,77,69,22" hai3="17,86,46,106,112,76,117,49,65,84,25,40,45"/><U28/><E118/><V7/><F116/><W15/><G112/><T90/><D104/><U91/><E103/><V56/><F108/><W101/><G117/><T78/><D127/><U100/><E125/><V26/><F134/><W24/><G65/><T50/><D131/><U126/><E126/><V23/><F128/><W70/><G70/><T81/><D1/><U72/><E100/><V73/><F73/><W132/><G132/><T38/><D38/><U29/><E29/><V34/><F34/><W80/><G86/><T48/><D31/><U47/><E39/><V4/><F85/><W99/><REACH who="3" step="1"/><G45/><REACH who="3" ten="220,240,240,290" step="2"/><T74/><D121/><U6/><E47/><V122/><F69/><W63/><G63/><T60/><D123/><U96/><E133/><V71/><F71/><W109/><G109/><T20/><D62/><U115/><E115/><V89/><F61/><W18/><G18/><T105/><D105/><U124/><E111/><V114/><F114/><W129/><G129/><T36/><D36/><U75/><E75/><V88/><F122/><W30/><G30/><T64/><D64/><U10/><E124/><V59/><F4/><W13/><G13/><T92/><REACH who="0" step="1"/><D90/><REACH who="0" ten="210,240,240,290" step="2"/><U11/><E28/><V119/><F89/><W3/><G3/><T110/><D110/><U135/><E135/><V102/><F88/><W0/><G0/><T32/><D32/><U57/><E35/><V82/><F119/><W33/><G33/><T27/><AGARI ba="0,2" hai="19,20,27,48,50,60,66,68,74,78,81,92,93,95" machi="27" ten="30,4000,0" yaku="1,1,0,1,52,1,53,0" doraHai="67" doraHaiUra="98" who="0" fromWho="0" sc="210,60,240,-20,240,-10,290,-10" /><INIT seed="2,0,0,3,1,94" ten="270,220,230,280" oya="2" hai0="53,15,46,113,68,60,41,109,122,44,18,71,98" hai1="20,103,13,73,30,5,114,130,115,121,26,38,8" hai2="120,69,111,27,118,67,17,54,131,79,84,56,74" hai3="70,65,107,19,61,78,119,91,97,100,87,105,93"/><V75/><F118/><W49/><G119/><T123/><D113/><U59/><E73/><V125/><F120/><W57/><G19/><T62/><D109/><U22/><E38/><V126/><F131/><W36/><G36/><T48/><D98/><U40/><E40/><V10/><F111/><W124/><G124/><N who="2" m="47721" /><F69/><N who="0" m="26698" /><D15/><U7/><E130/><V64/><F84/><W77/><G107/><T89/><D89/><U25/><E103/><V14/><F27/><W76/><G70/><T43/><D18/><N who="1" m="8487" /><E59/><V85/><F85/><W88/><G91/><T21/><D21/><N who="1" m="15695" /><E121/><N who="0" m="46089" /><D41/><U52/><E22/><V1/><F1/><W31/><G31/><T11/><D11/><U80/><E80/><N who="2" m="45175" /><F75/><W117/><G117/><T99/><D99/><U42/><E42/><V112/><F112/><W72/><G72/><T127/><D127/><U106/><E115/><V33/><F33/><W110/><G110/><T95/><D95/><U104/><E114/><V133/><F133/><W39/><G39/><AGARI ba="0,0" hai="39,43,44,46,48,53,60,62" m="46089,26698" machi="39" ten="30,2000,0" yaku="34,2" doraHai="94" who="0" fromWho="3" sc="270,20,220,0,230,0,280,-20" /><INIT seed="3,0,0,3,4,28" ten="290,220,230,260" oya="3" hai0="72,62,105,12,68,20,13,119,112,131,78,92,54" hai1="99,2,111,26,9,74,83,115,25,40,134,129,8" hai2="120,44,4,109,18,104,29,116,11,70,100,59,41" hai3="73,22,88,107,117,122,15,65,55,95,98,17,91"/><W96/><G117/><T85/><D105/><U108/><E115/><V34/><F116/><W113/><G122/><T89/><D119/><U93/><E40/><V102/><F70/><W21/><G113/><T7/><D112/><U47/><E47/><V36/><F120/><W76/><G65/><T46/><D131/><U24/><E129/><V121/><F121/><W110/><G110/><N who="1" m="42026" /><E134/><V52/><F109/><W35/><G35/><T79/><D68/><U58/><E58/><V39/><F39/><W118/><G118/><T64/><D72/><U53/><E53/><V106/><F18/><W77/><G73/><T130/><D130/><U50/><E50/><V82/><F82/><W87/><G107/><T14/><D64/><U71/><E71/><V57/><F106/><W75/><G75/><T124/><D124/><U5/><E9/><V81/><F81/><W114/><G114/><T49/><D7/><U1/><E1/><N who="2" m="399" /><F59/><W19/><G55/><N who="0" m="30135" /><D20/><U103/><E26/><N who="2" m="18743" /><F104/><W97/><G91/><T37/><D37/><U6/><E6/><V125/><F125/><W16/><G19/><T101/><D101/><U127/><E127/><V48/><F102/><W31/><G31/><T43/><D43/><U90/><E103/><V61/><F100/><W67/><G67/><T135/><D135/><U3/><E3/><V86/><F36/><W69/><G69/><T32/><D32/><U0/><E0/><V132/><F132/><W56/><G56/><AGARI ba="0,0" hai="12,13,14,54,56,62,78,79,85,89,92" m="30135" machi="56" ten="30,1000,0" yaku="8,1" doraHai="28" who="0" fromWho="3" sc="290,10,220,0,230,0,260,-10" owari="300,40.0,220,-28.0,230,-17.0,250,5.0" /></mjloggm>