<mjloggm ver="2.3"><GO type="225" lobby="0"/><UN n0="%E3%83%8F%E3%82%AC%E3%82%BF%E3%82%AB%E3%81%AE%E3%81%88%E3%81%98%E3%81%8D" n1="%E7%89%B9%E6%9D%B1%E3%81%AF%E4%B8%96%E7%95%8C%E3%82%92%E6%95%91%E3%81%86" n2="%28%EF%BF%A3%E2%96%BD%EF%BF%A3%29%CE%B4%E2%8C%92%E3%83%BB" n3="%E3%82%A2%E3%83%BC%E3%83%A2%E3%83%AD%E3%83%BC%E3%83%B4%E3%82%A1" dan="17,16,16,16" rate="2186.46,2129.96,2125.24,2073.11" sx="M,M,M,M"/><TAIKYOKU oya="0"/><INIT seed="0,0,0,5,2,42" ten="250,250,250,250" oya="0" hai0="69,40,130,127,0,51,30,101,111,122,94,118,38" hai1="72,14,107,66,24,1,59,5,83,2,41,110,119" hai2="68,113,26,71,17,108,67,65,52,19,47,34,13" hai3="97,54,70,106,100,124,44,23,28,53,20,116,109"/><T128/><D0/><U126/><E119/><V117/><F113/><W9/><G116/><T129/><D118/><U7/><E107/><V58/><F117/><W22/><G70/><T21/><D122/><U27/><E41/><V48/><F108/><W46/><G109/><T96/><D111/><U115/><E110/><V103/><F71/><W87/><G28/><T55/><D69/><U85/><E72/><V125/><F68/><W98/><G124/><T77/><D77/><U61/><E126/><V91/><F125/><W93/><G87/><T62/><D62/><U86/><E115/><V56/><F103/><W80/><G80/><T73/><D127/><U32/><E86/><V135/><F135/><W105/><G9/><T79/><D40/><U39/><E39/><V49/><F34/><W92/><G20/><T121/><D38/><U50/><E50/><V134/><F91/><W99/><G99/><T43/><D43/><U74/><E74/><V133/><F26/><W11/><G11/><T82/><D121/><U12/><E12/><V123/><F13/><W45/><G45/><N who="0" m="28143" /><D21/><U84/><E32/><V35/><F35/><W88/><REACH who="3" step="1"/><G88/><REACH who="3" ten="250,250,250,240" step="2"/><T31/><AGARI ba="0,1" hai="30,31,73,79,82,94,96,101,128,129,130" m="28143" machi="31" ten="40,3900,0" yaku="19,1,52,1" doraHai="42" who="0" fromWho="0" sc="250,49,250,-13,250,-13,240,-13" /><INIT seed="0,1,0,2,0,108" ten="299,237,237,227" oya="0" hai0="33,3,6,24,119,134,127,52,99,10,30,11,83" hai1="66,125,86,85,79,128,17,105,22,135,103,48,117" hai2="113,78,27,34,20,98,71,18,133,29,14,61,73" hai3="64,104,4,111,53,100,15,28,106,95,26,74,1"/><T96/><D119/><U124/><E117/><V109/><F109/><W88/><G111/><T131/><D127/><N who="1" m="48715" /><E128/><V7/><F133/><W112/><G112/><T40/><D131/><U92/><E135/><V57/><F71/><W25/><G1/><T69/><D134/><U45/><E105/><V35/><F7/><W39/><G39/><T8/><D69/><U82/><E66/><V97/><F35/><W43/><G43/><T123/><D40/><N who="1" m="24615" /><E103/><V126/><F126/><W93/><G74/><T47/><D123/><U41/><E41/><V68/><F68/><W44/><G64/><T54/><D83/><U115/><E92/><V110/><F110/><W102/><G28/><T122/><D122/><U90/><E115/><V31/><F31/><W76/><G76/><T75/><D75/><N who="1" m="43391" /><E90/><V70/><F70/><W13/><G88/><T36/><D36/><U16/><E17/><V120/><F120/><W2/><G53/><T121/><D121/><U118/><E118/><V63/><F113/><W132/><G132/><T116/><D116/><U9/><E9/><V12/><F12/><AGARI ba="1,0" hai="12,16,22,85,86" m="43391,24615,48715" machi="12" ten="30,2000,0" yaku="18,1,54,1" doraHai="108" who="1" fromWho="2" sc="299,0,237,23,237,-23,227,0" /><INIT seed="1,0,0,2,2,31" ten="299,260,214,227" oya="1" hai0="111,52,14,56,112,20,67,58,60,79,11,82,53" hai1="124,51,126,108,3,18,122,21,117,87,37,70,1" hai2="116,115,38,113,77,104,105,61,7,35,39,69,12" hai3="64,57,24,13,121,76,25,78,118,85,10,71,88"/><U134/><E117/><V110/><F116/><W54/><G121/><T125/><D111/><U47/><E122/><V48/><F110/><W74/><G118/><T101/><D125/><N who="1" m="48235" /><E108/><V50/><F77/><N who="3" m="29803" /><G64/><T30/><D112/><N who="2" m="43082" /><F7/><N who="3" m="3295" /><G71/><T83/><D101/><U128/><E37/><N who="2" m="13835" /><F12/><W40/><G40/><T29/><D67/><U72/><E72/><V23/><F23/><W80/><G74/><T81/><D20/><U95/><E70/><V99/><F99/><W106/><G106/><N who="2" m="41065" /><F69/><W9/><G9/><T34/><D79/><U90/><E3/><V107/><N who="2" m="41073" /><V75/><DORA hai="6" /><F75/><W45/><G45/><T62/><D11/><U55/><E1/><V43/><F61/><AGARI ba="0,0" hai="24,25,54,57,61,80,85,88" m="3295,29803" machi="61" ten="30,3900,0" yaku="8,1,52,1,54,1" doraHai="31,6" who="3" fromWho="2" sc="299,0,260,0,214,-39,227,39" /><INIT seed="2,0,0,4,4,96" ten="299,260,175,266" oya="2" hai0="101,5,112,18,41,46,25,24,13,44,14,63,81" hai1="105,126,69,90,76,120,111,79,132,74,82,29,11" hai2="50,56,75,4,30,52,134,115,129,39,97,91,83" hai3="72,135,23,51,1,43,102,40,3,65,62,66,127"/><V104/><F39/><W47/><G72/><T86/><D112/><U53/><E69/><V0/><F115/><W131/><G131/><T45/><D41/><U8/><E105/><V122/><F122/><W108/><G108/><T32/><D32/><U85/><E79/><V64/><F129/><W9/><G127/><T35/><D35/><U28/><E111/><V49/><F134/><W133/><G40/><T36/><D36/><U95/><E126/><V93/><F30/><W103/><G23/><T42/><D42/><U117/><E117/><V10/><F64/><N who="3" m="24683" /><G62/><T99/><D5/><U67/><E67/><V100/><F75/><W77/><G77/><T37/><D63/><U92/><E132/><N who="3" m="50762" /><G9/><T125/><D37/><U12/><E8/><V88/><F83/><W73/><G73/><T61/><D61/><U2/><E11/><V106/><REACH who="2" step="1"/><F50/><REACH who="2" ten="299,260,165,266" step="2"/><W121/><G121/><T31/><D31/><U84/><E82/><V55/><F55/><W123/><G123/><T34/><D81/><U94/><E53/><V58/><F58/><W128/><G128/><T21/><D125/><U57/><E120/><V113/><F113/><W33/><G33/><T109/><D34/><U68/><E57/><V87/><F87/><W89/><G89/><AGARI ba="0,1" hai="0,4,10,49,52,56,88,89,91,93,97,100,104,106" machi="89" ten="40,12000,1" yaku="1,1,52,1,54,2,53,0" doraHai="96" doraHaiUra="16" who="2" fromWho="3" sc="299,0,260,0,165,130,266,-120" /><INIT seed="2,1,0,0,5,66" ten="299,260,295,146" oya="2" hai0="81,102,72,76,129,36,44,53,27,19,118,134,78" hai1="88,127,28,80,73,86,132,79,124,18,32,62,31" hai2="8,131,119,67,121,133,13,85,7,12,68,106,70" hai3="43,58,40,46,21,120,37,22,101,65,23,64,61"/><V35/><F35/><W47/><G120/><T26/><D102/><U100/><E132/><V94/><F121/><W99/><G65/><T3/><D134/><U111/><E111/><V89/><F106/><W107/><REACH who="3" step="1"/><G21/><REACH who="3" ten="299,260,295,136" step="2"/><T92/><D118/><U33/><E33/><V48/><F119/><W109/><G109/><T20/><D20/><U112/><E32/><V56/><F133/><W114/><G114/><T6/><D129/><U117/><E112/><V1/><F131/><W29/><G29/><T108/><D108/><U41/><E117/><V135/><F135/><W2/><G2/><T4/><D3/><U95/><E31/><V5/><F67/><W77/><G77/><T104/><D78/><U60/><E28/><V11/><F1/><W0/><G0/><T122/><D76/><U84/><E79/><V130/><F130/><W15/><G15/><T75/><D122/><U38/><E73/><V116/><F116/><W9/><G9/><T14/><D14/><U54/><E127/><V49/><F56/><W91/><G91/><T97/><D75/><U69/><E88/><V93/><F89/><W128/><G128/><T45/><D72/><U98/><E124/><V125/><F125/><W115/><G115/><T50/><D27/><U83/><E100/><V90/><F90/><W39/><AGARI ba="1,1" hai="22,23,37,39,40,43,46,47,58,61,64,99,101,107" machi="39" ten="20,5200,0" yaku="1,1,0,1,7,1,9,1,53,0" doraHai="66" doraHaiUra="25" who="3" fromWho="3" sc="299,-14,260,-14,295,-27,136,65" /><INIT seed="3,0,0,0,3,20" ten="285,246,268,201" oya="3" hai0="87,26,8,56,11,79,81,47,117,111,17,92,1" hai1="53,39,48,77,89,61,29,86,101,43,78,93,41" hai2="115,76,114,113,119,134,88,3,0,122,52,2,121" hai3="12,5,14,106,67,63,21,33,109,118,132,44,25"/><W42/><G118/><T64/><D111/><U131/><E131/><V73/><F119/><W10/><G132/><T133/><D1/><U62/><E39/><V75/><F134/><W49/><G109/><T99/><D133/><U107/><E107/><V72/><F76/><N who="1" m="29289" /><E101/><V74/><N who="2" m="18432" /><DORA hai="96" /><V130/><F130/><W54/><G106/><T51/><D117/><U129/><E29/><V71/><F71/><W7/><G33/><T98/><D98/><U90/><E90/><V84/><F52/><W91/><G91/><T83/><D83/><AGARI ba="0,0" hai="0,2,3,83,84,88,113,114,115,121,122" m="18432" machi="83" ten="80,8000,1" yaku="29,2,54,1" doraHai="20,96" who="2" fromWho="0" sc="285,-80,246,0,268,80,201,0" owari="205,-19.5,246,4.6,348,44.8,201,-29.9" /></mjloggm>