<mjloggm ver="2.3"><GO type="225" lobby="0"/><UN n0="%E3%81%A9%E3%82%8F%E3%82%93%E3%81%94" n1="%E6%B8%A9%E2%98%85%E6%83%85%E2%98%85%E6%8E%AA%E2%98%85%E7%BD%AE" n2="%E3%81%BF%E3%81%BF%E3%81%9A" n3="%E3%82%B2%E3%82%B9%E8%8C%82%E5%8B%9D" dan="16,17,17,16" rate="2097.53,2242.61,2208.17,2116.75" sx="M,M,M,F"/><TAIKYOKU oya="0"/><INIT seed="0,0,0,4,5,127" ten="250,250,250,250" oya="0" hai0="28,52,50,97,112,133,123,85,95,41,108,110,83" hai1="100,38,3,58,9,88,93,79,34,80,62,113,107" hai2="2,48,14,101,35,43,135,120,8,39,104,65,90" hai3="75,10,102,6,69,19,26,12,16,115,121,20,15"/><T125/><D123/><U126/><E126/><V0/><F120/><W119/><G121/><T111/><D112/><U47/><E34/><V87/><F35/><W56/><G69/><T31/><D125/><U29/><E29/><V128/><F39/><W37/><G75/><T96/><D41/><U84/><E113/><V77/><F65/><W71/><G71/><T32/><D133/><U118/><E118/><V109/><F109/><W49/><G115/><T27/><D31/><U98/><E47/><V18/><F135/><W23/><G37/><T82/><D95/><U7/><E38/><V21/><F77/><W54/><REACH who="3" step="1"/><G102/><REACH who="3" ten="250,250,250,240" step="2"/><T64/><D64/><U59/><E62/><V61/><F101/><W76/><G76/><N who="0" m="46279" /><D83/><U11/><REACH who="1" step="1"/><E9/><REACH who="1" ten="250,240,250,240" step="2"/><V131/><F8/><W74/><G74/><AGARI ba="0,2" hai="3,7,11,58,59,74,79,80,84,88,93,98,100,107" machi="74" ten="30,12000,2" yaku="1,1,2,1,7,1,24,2,54,1,53,1" doraHai="127" doraHaiUra="73" who="1" fromWho="3" sc="250,0,240,140,250,0,240,-120" /><INIT seed="1,0,0,1,2,44" ten="250,380,250,120" oya="1" hai0="39,22,58,124,116,69,6,1,74,110,126,21,62" hai1="17,7,56,84,72,54,16,66,40,63,32,114,127" hai2="43,94,3,37,97,107,128,108,10,14,87,20,18" hai3="81,45,52,80,89,30,131,24,100,101,68,120,77"/><U86/><E114/><V49/><F108/><W59/><G131/><T41/><D116/><U51/><E32/><V11/><F128/><W38/><G120/><T64/><D74/><U31/><E72/><V102/><F37/><W112/><G112/><T121/><D121/><U57/><E127/><N who="0" m="48681" /><D110/><U12/><E31/><V119/><F119/><W118/><G118/><T122/><D122/><U61/><E7/><V133/><F133/><W117/><G117/><T26/><D39/><U99/><E99/><V4/><F11/><W98/><G68/><T90/><D41/><U5/><E5/><V95/><REACH who="2" step="1"/><F87/><REACH who="2" ten="250,380,240,120" step="2"/><N who="3" m="48527" /><G38/><T70/><D1/><U91/><E86/><V13/><F13/><W92/><G81/><T25/><D6/><U60/><E12/><V88/><F88/><W111/><G111/><T78/><D78/><U106/><E84/><V85/><F85/><W132/><G132/><T67/><D90/><U96/><E91/><V2/><F2/><W83/><G83/><T109/><D109/><U50/><E96/><V36/><F36/><W65/><G89/><T0/><D0/><U134/><E134/><V42/><F42/><W46/><G101/><T9/><D9/><U48/><E40/><V34/><F34/><W8/><G8/><T33/><D33/><U123/><E123/><V27/><F27/><N who="0" m="10250" /><D22/><U104/><E17/><V75/><F75/><W53/><G24/><T103/><D21/><U23/><E16/><V115/><F115/><W135/><G135/><T76/><D76/><U93/><E23/><V113/><F113/><W35/><G35/><T28/><D28/><RYUUKYOKU ba="0,1" sc="250,-10,380,-10,240,30,120,-10" hai2="3,4,10,14,18,20,43,49,94,95,97,102,107" /><INIT seed="2,1,1,2,3,131" ten="240,370,270,110" oya="2" hai0="54,83,75,32,35,70,91,18,62,59,119,121,89" hai1="33,120,78,94,115,7,10,53,29,104,129,21,90" hai2="135,22,36,85,64,67,0,132,96,48,65,34,95" hai3="11,117,76,15,66,81,134,26,68,39,16,40,97"/><V13/><F34/><W101/><G134/><N who="2" m="51241" /><F36/><W111/><G117/><T37/><D37/><U6/><E33/><V50/><F0/><W93/><G111/><T55/><D121/><U107/><E115/><V19/><F85/><W123/><G123/><T110/><D70/><U124/><E120/><V5/><F5/><W127/><G127/><T2/><D2/><U84/><E7/><V69/><F69/><W88/><G26/><T71/><D71/><U38/><E38/><V82/><F82/><W43/><G39/><T74/><D83/><U126/><E84/><V14/><F14/><W103/><G66/><T87/><D87/><U63/><E6/><V77/><F77/><W92/><G68/><T30/><D18/><U47/><E126/><V72/><F72/><W108/><G108/><T112/><D30/><U105/><E78/><V128/><F128/><W8/><G8/><T27/><D27/><U24/><E129/><V4/><F4/><W125/><G125/><T45/><D110/><U86/><E124/><V52/><F52/><W57/><G57/><T100/><D59/><U79/><E79/><V49/><F67/><W102/><REACH who="3" step="1"/><G93/><REACH who="3" ten="240,370,270,100" step="2"/><T17/><D119/><U1/><E24/><V130/><F130/><W9/><G9/><T99/><D112/><U80/><E10/><V41/><F41/><W133/><G133/><T23/><D23/><U116/><E21/><V61/><F61/><W118/><G118/><T3/><D62/><U73/><E63/><V28/><F28/><W113/><G113/><T25/><D25/><U106/><N who="1" m="26624" /><DORA hai="51" /><U58/><E29/><RYUUKYOKU ba="1,2" sc="240,-15,370,-15,270,15,100,15" hai2="13,19,22,48,49,50,64,65,95,96" hai3="11,15,16,40,43,76,81,88,92,97,101,102,103" /><INIT seed="2,2,2,3,5,64" ten="225,355,285,115" oya="2" hai0="118,6,31,129,83,34,130,59,58,80,44,61,43" hai1="68,95,74,11,53,42,86,114,121,108,109,67,133" hai2="35,102,7,124,14,19,16,56,66,69,77,107,5" hai3="100,73,63,51,21,4,96,112,115,20,45,92,25"/><V26/><F124/><W120/><G120/><T33/><D118/><U116/><E121/><V88/><F77/><W70/><G73/><T17/><D6/><U125/><E116/><V76/><F76/><W103/><G4/><T38/><D17/><U81/><E125/><V55/><F107/><W37/><G37/><T65/><D59/><U0/><E42/><V131/><F102/><W28/><G20/><T29/><D29/><U18/><E114/><V128/><F88/><W39/><G39/><T119/><D119/><U27/><E74/><V32/><F66/><W10/><G10/><T135/><D135/><U41/><E41/><V84/><F84/><W113/><G103/><T2/><D2/><U48/><E95/><V23/><F69/><W71/><G63/><T89/><D89/><U60/><E133/><V85/><F85/><W72/><G72/><T127/><D127/><U104/><E104/><V30/><F19/><W36/><G36/><T132/><D132/><U87/><E87/><V82/><F82/><N who="0" m="31274" /><D31/><U93/><E93/><V134/><F134/><W117/><G117/><T123/><D123/><U78/><E27/><V3/><F35/><W97/><G96/><T46/><D44/><N who="1" m="27783" /><E18/><V52/><F5/><W8/><G8/><T122/><D122/><U101/><E101/><V90/><F90/><W50/><G50/><T106/><D106/><U99/><E99/><V15/><F15/><W1/><G1/><T105/><D105/><U110/><E11/><N who="2" m="2559" /><F56/><W62/><G62/><T111/><D111/><U75/><E0/><V13/><F13/><W91/><G91/><RYUUKYOKU ba="2,2" sc="225,0,355,0,285,0,115,0" hai0="33,34,38,43,46,58,61,65,129,130" hai1="60,67,68,75,78,81,86,108,109,110" hai2="14,16,23,26,30,32,52,55,128,131" hai3="21,25,28,45,51,70,71,92,97,100,112,113,115" /><INIT seed="2,3,2,2,0,103" ten="225,355,285,115" oya="2" hai0="2,84,48,71,34,114,28,100,4,131,112,86,69" hai1="8,26,124,27,88,108,129,130,82,67,78,104,102" hai2="126,125,133,65,87,93,92,106,81,70,20,96,73" hai3="3,33,39,90,58,132,54,128,94,15,24,123,64"/><V56/><F133/><W53/><G123/><T68/><D131/><N who="1" m="50187" /><E108/><V77/><F70/><W49/><G128/><T76/><D100/><U115/><E115/><V122/><F122/><W5/><G132/><T121/><D121/><U116/><E116/><V40/><F40/><W57/><G39/><T80/><D86/><N who="1" m="50263" /><E78/><V7/><F7/><W105/><G105/><T111/><D48/><U113/><E113/><V22/><F106/><W74/><G74/><N who="0" m="43031" /><D111/><U51/><E124/><N who="2" m="47723" /><F73/><W66/><G3/><T101/><D84/><U135/><E135/><V43/><F43/><W79/><G79/><T11/><D101/><U50/><E67/><V36/><F36/><W72/><G72/><T99/><D99/><N who="1" m="61535" /><E8/><V63/><F93/><W0/><G64/><T59/><D59/><U23/><E26/><AGARI ba="3,2" hai="2,4,11,26,28,34,68,69,71,112,114" m="43031" machi="26" ten="30,1000,0" yaku="23,1" doraHai="103" who="0" fromWho="1" sc="225,39,355,-19,285,0,115,0" /><INIT seed="3,0,0,2,5,24" ten="264,336,285,115" oya="3" hai0="35,19,80,10,70,49,116,27,51,62,64,50,22" hai1="102,84,61,122,56,117,72,37,91,34,112,73,107" hai2="120,100,129,101,77,68,110,55,106,123,108,104,12" hai3="9,0,38,134,119,115,23,133,98,58,128,69,125"/><W39/><G119/><T11/><D116/><U96/><E112/><V5/><F68/><W81/><G115/><T111/><D111/><N who="2" m="42538" /><F55/><W26/><G69/><T48/><D35/><U118/><E122/><N who="2" m="46635" /><F5/><N who="3" m="1191" /><G125/><T47/><REACH who="0" step="1"/><D80/><REACH who="0" ten="254,336,285,115" step="2"/><N who="1" m="49543" /><E34/><V131/><F12/><W94/><G81/><T14/><D14/><U86/><E118/><V105/><F77/><W109/><G109/><T103/><D103/><AGARI ba="0,1" hai="100,101,103,104,105,106,129,131" m="46635,42538" machi="103" ten="40,12000,2" yaku="28,2,14,1,13,1,34,2" doraHai="24" who="2" fromWho="0" sc="254,-120,336,0,285,130,115,0" owari="134,-26.6,336,13.6,415,51.5,115,-38.5" /></mjloggm>