<mjloggm ver="2.3"><GO type="225" lobby="0"/><UN n0="%E3%81%B5%E3%81%98%E3%81%8B%E3%81%A4" n1="%72%69%6F%75%63%68%61%6E" n2="%E6%97%A5%E6%9B%9C%E6%97%A5%E3%82%88%E3%82%8A%E3%81%AE%E4%BD%BF%E8%80%85" n3="%E3%83%81%E3%83%AF%E3%83%AF%E9%9A%8A%E9%95%B7" dan="17,16,17,16" rate="2203.08,2207.71,2113.79,2112.51" sx="M,M,M,M"/><TAIKYOKU oya="0"/><INIT seed="0,0,0,4,3,51" ten="250,250,250,250" oya="0" hai0="116,75,32,17,59,11,102,125,40,96,135,104,56" hai1="50,31,81,84,88,3,53,16,46,93,6,77,114" hai2="127,43,74,37,83,89,111,12,45,91,22,35,130" hai3="67,99,24,124,5,61,79,107,65,123,48,85,78"/><T44/><D116/><U64/><E114/><V1/><F35/><W42/><G123/><T95/><D125/><U23/><E31/><V72/><F1/><W14/><G124/><T58/><D32/><U128/><E128/><V71/><F71/><W112/><G112/><T33/><D33/><U41/><E64/><V98/><F127/><W90/><G65/><T27/><D135/><U2/><E6/><V28/><F130/><W101/><G24/><T118/><D75/><U132/><E132/><V100/><F111/><W26/><G26/><T13/><D118/><U73/><E41/><V0/><F0/><W30/><G30/><T66/><D27/><AGARI ba="0,0" hai="2,3,16,23,27,46,50,53,73,77,81,84,88,93" machi="27" ten="30,7700,0" yaku="7,1,52,1,54,2" doraHai="51" who="1" fromWho="0" sc="250,-77,250,77,250,0,250,0" /><INIT seed="1,0,0,2,0,42" ten="173,327,250,250" oya="1" hai0="61,120,69,39,44,16,112,116,74,63,73,55,76" hai1="125,53,20,41,133,115,57,4,114,132,1,111,12" hai2="83,10,48,65,29,0,91,28,101,15,36,126,64" hai3="5,110,135,124,98,11,67,37,87,40,60,95,50"/><U105/><E105/><V118/><F36/><W113/><G37/><T93/><D116/><U84/><E125/><V97/><F0/><W117/><G113/><T32/><D112/><U131/><E131/><V106/><F126/><W109/><G124/><T99/><D120/><U79/><E1/><V121/><F121/><W80/><G117/><T129/><D129/><U66/><E66/><V43/><F65/><W62/><G135/><N who="1" m="51786" /><E111/><N who="3" m="42506" /><G67/><T51/><D32/><U92/><E41/><V9/><F64/><W19/><G19/><T18/><D69/><U24/><E12/><V30/><F118/><W27/><G27/><T38/><D38/><U134/><E4/><V119/><F119/><W47/><G95/><T3/><D3/><U108/><E108/><V26/><F26/><W103/><G98/><T72/><D39/><U128/><E128/><V46/><REACH who="2" step="1"/><F15/><REACH who="2" ten="173,327,240,250" step="2"/><N who="3" m="5615" /><G103/><T14/><D76/><AGARI ba="0,1" hai="40,47,50,60,62,76,80,87" m="5615,42506" machi="76" ten="30,3900,0" yaku="25,1,14,1,52,1" doraHai="42" who="3" fromWho="0" sc="173,-39,327,0,240,0,250,49" /><INIT seed="2,0,0,4,2,119" ten="134,327,240,299" oya="2" hai0="10,55,117,76,118,28,36,23,41,49,8,133,90" hai1="14,39,48,38,135,40,30,97,115,75,121,88,110" hai2="98,62,20,56,120,24,95,19,5,2,61,114,73" hai3="105,12,74,91,9,67,132,104,108,93,4,58,129"/><V116/><F116/><W89/><G74/><T103/><D133/><U1/><E115/><V21/><F120/><W35/><G35/><T26/><D103/><U52/><E1/><V51/><F114/><W86/><G132/><T54/><D76/><U32/><E135/><V34/><F34/><W92/><G129/><T102/><D118/><U57/><E75/><V84/><F73/><W31/><G108/><T37/><D117/><U43/><E110/><V71/><F71/><W6/><G31/><T60/><D102/><U46/><E121/><V16/><F84/><W113/><G113/><T63/><D90/><U33/><E30/><V59/><F5/><W81/><G4/><T18/><D37/><U122/><E122/><V123/><F2/><W126/><G81/><T47/><D36/><U15/><E15/><N who="2" m="9247" /><F123/><W106/><G126/><T99/><D99/><U96/><E14/><V45/><F62/><W79/><G86/><T85/><D85/><U44/><E97/><V53/><F61/><N who="0" m="23626" /><D28/><U42/><E43/><V107/><F107/><W134/><G106/><T3/><D3/><U131/><E131/><V112/><F112/><W70/><G104/><T82/><D82/><U83/><E83/><V17/><F17/><W109/><G105/><T78/><D78/><U11/><E11/><AGARI ba="0,0" hai="8,10,11,18,23,26,41,47,49,54,55" m="23626" machi="11" ten="30,1000,0" yaku="8,1" doraHai="119" who="0" fromWho="1" sc="134,10,327,-10,240,0,299,0" /><INIT seed="3,0,0,0,2,113" ten="144,317,240,299" oya="3" hai0="25,66,96,5,30,122,117,101,67,42,100,85,119" hai1="89,70,104,4,123,106,6,102,98,22,46,15,114" hai2="45,61,40,60,47,105,57,23,41,71,38,75,39" hai3="111,130,28,37,65,13,134,99,120,108,9,115,34"/><W125/><G37/><T18/><D122/><U62/><E123/><V82/><F105/><W48/><G120/><T103/><D5/><U43/><E114/><V77/><F71/><W19/><G115/><T109/><D42/><U80/><E106/><V10/><F23/><W97/><G125/><T94/><D109/><N who="3" m="42057" /><G130/><T126/><D126/><U69/><E62/><V36/><F36/><W88/><G134/><T29/><D18/><U78/><E89/><V72/><F72/><W52/><G65/><N who="0" m="24587" /><D25/><U68/><E22/><V3/><F57/><N who="3" m="32903" /><G88/><N who="0" m="53519" /><D96/><U8/><E4/><AGARI ba="0,0" hai="3,4,10,38,39,40,41,45,47,60,61,75,77,82" machi="4" ten="40,5200,0" yaku="9,1,25,2" doraHai="113" who="2" fromWho="1" sc="144,0,317,-52,240,52,299,0" /><INIT seed="4,0,0,2,3,78" ten="144,265,292,299" oya="0" hai0="103,18,108,57,85,81,84,75,10,28,87,86,41" hai1="98,107,110,80,46,33,126,72,76,125,134,53,105" hai2="77,73,43,16,88,26,104,54,11,113,65,64,5" hai3="35,83,13,31,79,99,114,66,36,45,100,62,118"/><T50/><D28/><U91/><E110/><V1/><F104/><N who="1" m="40009" /><E33/><V111/><F111/><W101/><G118/><T23/><D108/><U21/><E21/><V44/><F54/><W90/><G114/><T89/><D103/><U96/><E53/><V30/><F16/><W106/><G13/><T9/><D75/><U92/><E46/><V19/><F88/><W74/><G100/><T56/><D41/><U15/><E15/><V69/><F19/><W61/><G90/><T38/><D38/><U122/><E134/><V48/><F69/><N who="3" m="42191" /><G62/><T3/><D3/><U42/><E42/><V133/><F133/><W17/><G17/><T51/><D51/><U6/><E6/><V95/><F95/><W0/><G0/><T7/><D7/><U121/><E96/><V8/><F8/><N who="0" m="3178" /><D50/><U63/><E63/><V93/><F30/><W60/><G60/><T4/><D4/><U120/><AGARI ba="0,0" hai="72,76,80,91,92,98,120,121,122,125,126" m="40009" machi="120" ten="40,5200,0" yaku="34,2,52,1" doraHai="78" who="1" fromWho="1" sc="144,-26,265,52,292,-13,299,-13" owari="118,-38.2,317,41.7,279,-12.1,286,8.6" /></mjloggm>