<mjloggm ver="2.3"><GO type="225" lobby="0"/><UN n0="%E6%A0%B9%E5%85%83%E3%81%8B%E3%82%89%E5%90%B9%E3%81%A3%E9%A3%9B%E3%81%B6" n1="%E9%B3%B3%E6%9D%B1%E3%81%AE%E3%81%86%E3%81%95%E3%81%8E%E3%81%95%E3%82%93" n2="%E3%81%B2%E3%81%AA%E3%81%AE%E3%82%8A%E3%81%8F" n3="%E3%81%B6%E3%82%8B%E3%82%8B%E3%81%B6%E3%81%B6" dan="17,17,17,16" rate="2227.54,2254.19,2196.76,2053.46" sx="F,M,M,M"/><TAIKYOKU oya="0"/><INIT seed="0,0,0,1,5,131" ten="250,250,250,250" oya="0" hai0="36,45,66,63,58,8,15,108,118,99,1,130,11" hai1="107,40,119,20,64,28,24,78,51,71,109,31,123" hai2="12,81,75,135,96,98,90,22,46,129,17,134,73" hai3="52,47,33,122,128,35,115,21,56,88,67,7,80"/><T116/><D130/><U86/><E119/><V54/><F129/><W29/><G128/><T57/><D108/><U72/><E123/><V100/><F96/><W3/><G115/><T59/><D8/><U25/><E72/><V55/><F90/><W124/><G3/><T48/><D1/><U42/><E109/><V133/><F46/><W70/><G7/><T53/><D99/><U110/><E107/><V49/><F81/><W97/><G70/><T91/><D91/><U89/><E110/><V18/><F17/><W84/><G67/><T104/><D104/><U4/><E78/><V132/><F132/><W126/><G47/><T60/><D36/><U5/><E64/><V0/><F0/><W10/><G10/><T74/><D74/><N who="2" m="28170" /><F49/><W83/><G83/><T16/><REACH who="0" step="1"/><D59/><REACH who="0" ten="240,250,250,250" step="2"/><U13/><E89/><V103/><F103/><W6/><G97/><T68/><D68/><U41/><E71/><V92/><AGARI ba="0,1" hai="12,18,22,54,55,92,98,100,133,134,135" m="28170" machi="92" ten="40,8000,1" yaku="20,1,52,3" doraHai="131" who="2" fromWho="2" sc="240,-40,250,-20,250,90,250,-20" /><INIT seed="1,0,0,3,2,4" ten="200,230,340,230" oya="1" hai0="63,90,8,64,75,23,13,122,95,117,57,126,58" hai1="80,66,38,0,135,93,55,60,98,69,113,96,100" hai2="56,40,109,85,31,83,78,107,45,102,7,43,9" hai3="99,19,61,10,2,17,36,3,49,128,14,51,94"/><U108/><E113/><V16/><F109/><W82/><G36/><T115/><D117/><U129/><E108/><V103/><F31/><W6/><G128/><T106/><D106/><U21/><E129/><V47/><F16/><W105/><G105/><T59/><D75/><U86/><E135/><V39/><F56/><N who="0" m="21610" /><D115/><U34/><E34/><V132/><F107/><W89/><G61/><T30/><D126/><U81/><E0/><V27/><F27/><W68/><G68/><T76/><D76/><U87/><E38/><V131/><F132/><W44/><G82/><T77/><D77/><U123/><E123/><V91/><F91/><W54/><REACH who="3" step="1"/><G49/><REACH who="3" ten="200,230,340,220" step="2"/><T88/><D122/><U118/><E80/><V114/><F131/><W110/><G110/><T125/><D125/><U104/><E81/><V20/><F114/><W35/><G35/><T120/><D120/><U133/><E133/><V32/><F32/><W52/><G52/><N who="0" m="34279" /><D95/><U79/><E104/><V130/><F130/><W28/><G28/><T121/><D121/><U74/><E69/><V22/><F39/><W116/><G116/><T127/><D127/><U37/><E37/><V24/><F78/><W73/><G73/><T5/><D64/><U62/><E118/><V42/><F83/><W11/><G11/><T29/><D29/><U18/><E66/><V41/><F9/><W101/><G101/><T46/><D46/><U48/><E74/><V50/><F102/><W111/><G111/><T124/><D124/><U15/><E62/><V33/><F103/><W134/><G134/><T92/><D92/><N who="1" m="58375" /><E60/><V12/><F33/><RYUUKYOKU ba="0,1" sc="200,15,230,-15,340,-15,220,15" hai0="5,8,13,23,30,88,90" hai3="2,3,6,10,14,17,19,44,51,54,89,94,99" /><INIT seed="2,1,1,3,5,88" ten="215,215,325,235" oya="2" hai0="47,48,62,46,105,107,13,86,129,50,25,78,93" hai1="90,12,2,20,101,72,15,28,97,30,75,84,33" hai2="32,45,68,69,10,124,76,8,36,109,117,104,29" hai3="120,21,94,126,85,42,24,3,95,40,57,77,99"/><V55/><F117/><W108/><G120/><T5/><D107/><U100/><E2/><V127/><F104/><W9/><G108/><T128/><D105/><U59/><E33/><V119/><F119/><W73/><G73/><T23/><D62/><U102/><E97/><V103/><F103/><W106/><G106/><T113/><D113/><U39/><E39/><V63/><F76/><W17/><G126/><T49/><D13/><N who="1" m="5195" /><E75/><V6/><F32/><W44/><G57/><T14/><D14/><U41/><E72/><V121/><F29/><N who="1" m="11369" /><E41/><V0/><F121/><W43/><G44/><N who="0" m="16939" /><D5/><U26/><E59/><V1/><F45/><W130/><G130/><N who="0" m="50283" /><D78/><U125/><E125/><V54/><F6/><W82/><REACH who="3" step="1"/><G99/><REACH who="3" ten="215,215,325,225" step="2"/><T56/><D56/><U133/><E133/><V38/><F109/><W64/><G64/><T71/><D71/><U18/><E102/><V60/><AGARI ba="1,2" hai="0,1,8,10,36,38,54,55,60,63,68,69,124,127" machi="60" ten="25,4800,0" yaku="0,1,22,2" doraHai="88" who="2" fromWho="2" sc="215,-17,215,-17,325,71,225,-17" /><INIT seed="2,2,0,3,0,62" ten="198,198,396,208" oya="2" hai0="17,90,76,88,80,133,67,72,20,97,81,132,54" hai1="110,22,3,52,38,34,25,42,18,119,68,60,93" hai2="5,31,7,9,109,59,135,66,58,75,21,113,95" hai3="101,36,73,27,0,14,37,6,111,53,2,115,45"/><V96/><F75/><W32/><G111/><T44/><D81/><U65/><E119/><V84/><F113/><W127/><G127/><T71/><D97/><U120/><E110/><V74/><F74/><W94/><G53/><T13/><D71/><U4/><E120/><V124/><F59/><W55/><G55/><T114/><D114/><U24/><E38/><V39/><F39/><W77/><G14/><T85/><D67/><U126/><E42/><V118/><F84/><W16/><G94/><T28/><D28/><U78/><E78/><V106/><F106/><W23/><G101/><T99/><D99/><U35/><E126/><V57/><F66/><W104/><G104/><T91/><REACH who="0" step="1"/><D72/><REACH who="0" ten="188,198,396,208" step="2"/><U26/><E93/><V51/><F31/><W128/><G115/><T63/><D63/><U49/><E35/><V56/><F95/><W103/><G32/><T70/><D70/><U40/><E34/><V12/><F124/><W15/><G73/><T129/><D129/><U29/><E29/><V82/><F82/><W47/><G128/><T100/><D100/><U116/><E68/><V43/><F96/><W8/><G103/><T83/><D83/><U86/><E65/><V123/><F109/><W30/><G77/><T125/><D125/><U134/><E60/><V107/><F107/><W117/><G117/><T48/><AGARI ba="2,1" hai="13,17,20,44,48,54,76,80,85,88,90,91,132,133" machi="48" ten="30,4000,0" yaku="1,1,0,1,54,1,53,0" doraHai="62" doraHaiUra="92" who="0" fromWho="0" sc="188,56,198,-12,396,-22,208,-12" /><INIT seed="3,0,0,1,3,14" ten="244,186,374,196" oya="3" hai0="103,8,80,109,27,9,131,65,0,25,46,3,24" hai1="59,102,114,98,69,133,105,10,89,60,85,64,39" hai2="68,7,78,130,21,125,49,76,135,88,45,101,6" hai3="16,17,30,29,70,83,2,92,13,99,71,117,113"/><W112/><G117/><T128/><D65/><U62/><E133/><V77/><F68/><W19/><G2/><N who="0" m="555" /><D103/><U87/><E114/><N who="3" m="44138" /><G13/><T51/><D80/><U119/><E119/><V28/><F135/><W72/><G83/><T33/><D109/><U22/><E39/><V107/><F107/><W66/><G66/><T100/><D100/><U4/><E22/><V82/><F101/><W43/><G43/><T97/><D97/><U122/><E122/><V73/><F73/><W48/><G48/><T127/><D127/><U108/><E108/><V124/><F49/><W47/><G47/><T91/><D91/><U104/><E104/><V20/><F45/><W120/><G120/><T94/><D94/><U86/><E10/><N who="0" m="4201" /><D33/><U31/><E4/><V57/><F7/><W116/><G116/><T35/><D35/><U74/><E74/><V44/><F6/><W90/><G72/><T118/><D118/><U63/><E89/><V1/><F82/><W67/><G67/><T61/><D61/><U56/><E63/><V134/><F134/><W106/><G106/><T26/><D26/><U32/><E62/><V12/><F124/><W93/><G90/><T110/><D110/><U41/><E41/><V15/><F88/><W132/><G132/><T50/><D46/><U81/><E81/><V58/><F44/><W123/><G123/><T23/><D23/><U40/><E40/><V121/><F125/><W38/><G38/><T75/><D75/><U36/><E36/><V79/><F121/><W126/><G126/><T55/><D50/><U84/><N who="1" m="21504" /><DORA hai="129" /><U115/><E115/><RYUUKYOKU ba="0,0" sc="244,15,186,15,374,-15,196,-15" hai0="24,25,27,51,55,128,131" hai1="31,32,56,59,60,64,69,98,102,105" owari="259,5.9,201,-19.9,359,45.9,181,-31.9" /></mjloggm>