<mjloggm ver="2.3"><GO type="225" lobby="0"/><UN n0="%E3%82%AD%E3%83%AA%E3%83%B3%E3%82%AD%E3%83%AA%E3%83%B3" n1="%E5%A4%96%E5%B7%9D%E7%AB%9C%E6%88%90" n2="%E8%81%B7%E6%A5%AD%E3%80%81%E9%A2%A8%32" n3="%6D%75%75%6D%75%72%61" dan="16,16,16,16" rate="2061.99,2188.91,2150.83,2135.33" sx="M,M,M,F"/><TAIKYOKU oya="0"/><INIT seed="0,0,0,4,1,6" ten="250,250,250,250" oya="0" hai0="70,127,130,101,29,125,93,74,86,60,24,20,47" hai1="112,45,105,91,49,15,34,78,89,44,63,69,37" hai2="120,56,87,33,10,114,77,27,117,85,40,23,113" hai3="38,42,48,8,119,55,21,67,26,36,51,30,57"/><T64/><D74/><U126/><E34/><V17/><F120/><W121/><G119/><T72/><D72/><U0/><E0/><V103/><F117/><W84/><G121/><T122/><D122/><U68/><E105/><V52/><F40/><W128/><G128/><T92/><D130/><U46/><E78/><V54/><F103/><W134/><G134/><T104/><D86/><U83/><E126/><N who="0" m="48137" /><D47/><U110/><E110/><V61/><F33/><W118/><G118/><T31/><D31/><U132/><E46/><V22/><F113/><W106/><G106/><T80/><D80/><U16/><E83/><N who="2" m="47343" /><F114/><W100/><G67/><T41/><D41/><U2/><E45/><V107/><F107/><W108/><G108/><T133/><D133/><U39/><E44/><V90/><F23/><W9/><G42/><T82/><D82/><U62/><E39/><V3/><F3/><W97/><G84/><T116/><D116/><U7/><E2/><V109/><F109/><W98/><G36/><T59/><D70/><U19/><E37/><V35/><F35/><W11/><G38/><T131/><D131/><U99/><E69/><V135/><F135/><W71/><G71/><T75/><D75/><U123/><E68/><V50/><F87/><W65/><G65/><T88/><D88/><U111/><E111/><V4/><F90/><W96/><G100/><T12/><D12/><U81/><E112/><V115/><F115/><W13/><G13/><T14/><D14/><U76/><E123/><V1/><F54/><W58/><G55/><T79/><D79/><U66/><E76/><RYUUKYOKU ba="0,0" sc="250,10,250,-30,250,10,250,10" hai0="20,24,29,59,60,64,92,93,101,104" hai2="1,4,10,17,22,27,50,52,56,61" hai3="8,9,11,21,26,30,48,51,57,58,96,97,98" /><INIT seed="0,1,0,5,4,73" ten="260,220,260,260" oya="0" hai0="60,108,24,40,134,12,15,27,81,63,32,116,117" hai1="131,76,123,59,120,92,38,34,115,80,135,41,78" hai2="111,33,43,31,37,83,85,121,102,29,48,18,13" hai3="87,114,126,39,127,79,109,91,57,49,99,104,14"/><T113/><D32/><U82/><E34/><V90/><F111/><W70/><G39/><T21/><D113/><U20/><E38/><V10/><F121/><W25/><G114/><T101/><D101/><U77/><E41/><V107/><F37/><W53/><G70/><T17/><D134/><U16/><E115/><V75/><F33/><W5/><G109/><T26/><D40/><U23/><E135/><V61/><F75/><W98/><G104/><T112/><D112/><U68/><E68/><V89/><F102/><W8/><G25/><T124/><D108/><U66/><E131/><V54/><F107/><W86/><G86/><T103/><D103/><U88/><E123/><V106/><F106/><W72/><G72/><T4/><D124/><N who="3" m="47657" /><G79/><T69/><D69/><U51/><E23/><V30/><F43/><W52/><G53/><T6/><D81/><AGARI ba="1,0" hai="5,8,14,49,52,57,81,87,91,98,99" m="47657" machi="81" ten="30,2000,0" yaku="18,1,54,1" doraHai="73" who="3" fromWho="0" sc="260,-23,220,0,260,0,260,23" /><INIT seed="1,0,0,2,4,51" ten="237,220,260,283" oya="1" hai0="19,100,28,62,128,116,90,67,84,81,112,127,79" hai1="108,35,46,113,88,56,82,102,48,54,47,135,76" hai2="64,39,91,86,120,42,111,93,41,25,63,5,109" hai3="74,21,103,37,125,4,14,70,18,32,132,30,13"/><U65/><E113/><V107/><F107/><W49/><G37/><T44/><D116/><U10/><E35/><V85/><F120/><W68/><G74/><T89/><D127/><U106/><E135/><V78/><F5/><W26/><G125/><T12/><D128/><U75/><E108/><N who="2" m="41547" /><F39/><W8/><G132/><T27/><D112/><U50/><E10/><V11/><F11/><W22/><G103/><T96/><D44/><U66/><E56/><N who="2" m="36967" /><F25/><W118/><G118/><T55/><D67/><U99/><REACH who="1" step="1"/><E88/><REACH who="1" ten="237,210,260,283" step="2"/><N who="2" m="53391" /><F78/><W80/><G32/><T101/><D90/><U9/><E9/><V29/><F29/><W1/><G22/><N who="0" m="15479" /><D89/><U6/><E6/><V119/><F119/><W83/><G8/><N who="0" m="6535" /><D96/><U129/><E129/><V121/><F121/><W105/><G4/><T61/><D61/><U20/><E20/><V123/><F123/><W36/><G21/><T40/><D40/><AGARI ba="0,1" hai="40,46,47,48,50,54,65,66,75,76,82,99,102,106" machi="40" ten="30,11600,0" yaku="1,1,7,1,52,1,53,1" doraHai="51" doraHaiUra="95" who="1" fromWho="0" sc="237,-116,210,126,260,0,283,0" /><INIT seed="1,1,0,1,5,23" ten="121,336,260,283" oya="1" hai0="64,24,61,78,130,80,132,79,88,58,134,57,12" hai1="33,97,75,116,82,55,96,85,111,27,37,112,40" hai2="110,5,28,54,16,76,44,128,101,43,90,100,26" hai3="19,107,118,94,35,47,11,89,124,36,10,34,59"/><U95/><E116/><V22/><F110/><W135/><G107/><T8/><D130/><U56/><E112/><V115/><F115/><W108/><G108/><T65/><D134/><U81/><E111/><V125/><F125/><W21/><G124/><T73/><D132/><U105/><E40/><V52/><F128/><W93/><G135/><T74/><D8/><U129/><E37/><V6/><F76/><W87/><G118/><T71/><D12/><U122/><E122/><V41/><F90/><W99/><G59/><T72/><D71/><U14/><E14/><V83/><F83/><W18/><G34/><T49/><D49/><U46/><E46/><V69/><F69/><W120/><G35/><T31/><D58/><U104/><E97/><V66/><F66/><W51/><G36/><T77/><D64/><U86/><E75/><V68/><F68/><W119/><G120/><T0/><D0/><U53/><E53/><N who="2" m="20587" /><F28/><W102/><G119/><T109/><D109/><U92/><E105/><V113/><F113/><W1/><G1/><T127/><D127/><U38/><E95/><V13/><F13/><N who="3" m="9423" /><G19/><T15/><D15/><U7/><E104/><V106/><F106/><W133/><G133/><T121/><D121/><U67/><E38/><V17/><F17/><W84/><G84/><N who="1" m="32362" /><E129/><V117/><F117/><W123/><G123/><T39/><D39/><U60/><E67/><V9/><F44/><W25/><G47/><T48/><D48/><U114/><E114/><V70/><F70/><W3/><G3/><T42/><D42/><N who="2" m="15882" /><F9/><N who="3" m="3083" /><G51/><T45/><D74/><U126/><E126/><RYUUKYOKU ba="1,0" sc="121,-15,336,-15,260,15,283,15" hai2="5,6,16,22,26,100,101" hai3="25,87,89,93,94,99,102" /><INIT seed="2,2,0,4,2,26" ten="106,321,275,298" oya="2" hai0="108,86,120,1,131,117,80,127,20,135,124,13,96" hai1="77,33,90,5,109,9,67,82,49,42,61,132,84" hai2="45,27,15,133,25,98,103,92,39,3,76,119,104" hai3="24,70,113,56,47,89,69,78,40,122,118,14,50"/><V41/><F3/><W6/><G118/><T58/><D1/><U83/><E33/><V111/><F119/><W75/><G122/><T85/><D58/><U68/><E109/><V71/><F71/><W0/><G0/><T59/><D59/><U19/><E19/><V10/><F111/><W60/><G113/><T52/><D120/><U97/><E97/><V123/><F123/><W64/><G89/><T93/><D117/><U31/><E31/><V29/><F133/><W17/><G6/><T18/><D108/><U46/><E132/><V7/><F76/><W16/><G75/><T110/><D110/><U74/><REACH who="1" step="1"/><E9/><REACH who="1" ten="106,311,275,298" step="2"/><V114/><F114/><W101/><G101/><T21/><D135/><U28/><E28/><V88/><F29/><W4/><G4/><AGARI ba="2,1" hai="4,5,42,46,49,61,67,68,74,77,82,83,84,90" machi="4" ten="40,1300,0" yaku="1,1,53,0" doraHai="26" doraHaiUra="11" who="1" fromWho="3" sc="106,0,311,29,275,0,298,-19" /><INIT seed="3,0,0,5,2,90" ten="106,340,275,279" oya="3" hai0="104,25,117,106,99,119,17,118,66,36,50,95,110" hai1="111,124,13,4,103,123,55,47,41,92,1,46,58" hai2="100,60,77,97,35,109,73,14,68,88,56,49,89" hai3="81,63,102,7,29,129,28,86,116,131,93,48,27"/><W71/><G116/><T39/><D66/><U62/><E1/><V69/><F109/><W112/><G112/><T70/><D70/><U31/><E111/><V91/><F35/><W53/><G7/><T98/><D50/><U21/><E124/><V113/><F113/><W6/><G6/><T133/><D110/><U44/><E123/><V3/><F3/><W54/><G71/><T12/><D25/><N who="1" m="16815" /><E92/><N who="2" m="58407" /><F73/><W108/><G108/><T67/><D67/><N who="1" m="39383" /><E103/><V83/><F69/><W23/><G63/><T101/><D133/><U130/><E130/><N who="3" m="49674" /><G28/><T128/><D128/><U26/><E26/><V5/><F68/><W96/><G48/><T59/><D59/><U115/><E115/><V135/><F49/><W105/><G105/><T84/><D84/><U24/><E24/><V33/><F33/><W9/><G9/><T32/><D32/><U127/><E127/><V16/><F135/><W18/><G29/><T80/><D80/><U72/><E72/><V15/><F5/><W38/><G38/><T61/><D61/><U121/><E121/><V51/><F51/><W64/><G64/><T107/><REACH who="0" step="1"/><D99/><REACH who="0" ten="96,340,275,279" step="2"/><U37/><E37/><V42/><F83/><W19/><G81/><T82/><D82/><U22/><E41/><V52/><F42/><W43/><G43/><T76/><D76/><U94/><E46/><V120/><F77/><W132/><G132/><T34/><D34/><U65/><E47/><V79/><F79/><W114/><G114/><T87/><D87/><U8/><E44/><V85/><F120/><W125/><G125/><T30/><D30/><U0/><E65/><RYUUKYOKU ba="0,1" sc="96,30,340,-10,275,-10,279,-10" hai0="12,17,36,39,95,98,101,104,106,107,117,118,119" owari="126,-37.4,340,44.0,265,-13.5,269,6.9" /></mjloggm>