<mjloggm ver="2.3"><GO type="225" lobby="0"/><UN n0="%73%61%6E%64%69%72%69%73" n1="%E3%81%A6%E3%81%A4%EF%BC%A3" n2="%E8%A8%88%E7%AE%97%E6%A9%9F%E8%87%AA%E7%84%B6" n3="%43%68%65" dan="16,16,17,16" rate="2130.84,2070.02,2229.53,2169.38" sx="M,M,M,M"/><TAIKYOKU oya="0"/><INIT seed="0,0,0,2,3,56" ten="250,250,250,250" oya="0" hai0="124,103,117,99,36,111,12,58,16,6,84,32,29" hai1="31,92,88,85,48,120,2,95,60,35,61,128,131" hai2="54,122,50,57,82,20,63,22,75,104,38,44,69" hai3="10,51,115,7,34,9,133,135,28,11,114,45,37"/><T119/><D36/><U53/><E120/><V77/><F104/><W107/><G37/><T14/><D124/><U86/><E2/><V93/><F122/><W27/><G107/><T30/><D111/><U17/><E35/><V70/><F93/><W89/><G89/><T90/><D32/><U87/><E31/><V129/><F129/><N who="1" m="49737" /><E17/><V15/><F38/><W72/><G72/><T130/><D130/><U47/><E95/><V98/><F98/><AGARI ba="0,0" hai="47,48,53,60,61,85,86,87,88,92,98" m="49737" machi="98" ten="30,7700,0" yaku="19,1,52,2,54,1" doraHai="56" who="1" fromWho="2" sc="250,0,250,77,250,-77,250,0" /><INIT seed="1,0,0,0,5,135" ten="250,327,173,250" oya="1" hai0="111,11,14,81,82,130,91,86,119,102,34,129,75" hai1="131,56,92,93,26,1,104,52,65,37,125,84,96" hai2="3,22,99,5,97,64,21,114,49,89,69,20,32" hai3="23,123,78,4,16,98,128,42,6,45,113,101,35"/><U132/><E132/><V100/><F32/><W46/><G35/><T115/><D34/><U27/><E131/><N who="0" m="50185" /><D115/><U80/><E37/><V18/><F114/><W13/><G113/><T48/><D119/><U63/><E125/><V41/><F3/><W116/><G123/><T122/><D122/><U28/><E1/><V124/><F5/><W57/><G128/><T31/><D31/><U83/><E104/><V58/><F69/><W44/><G42/><T60/><D111/><U43/><E43/><V47/><F89/><W71/><G71/><T110/><D110/><U76/><E80/><V12/><F124/><W127/><G127/><T94/><D48/><U15/><E65/><V121/><F121/><W95/><G116/><T7/><D75/><U112/><E112/><V109/><F109/><W85/><G57/><T77/><D77/><U68/><E68/><V25/><F100/><W2/><G2/><T53/><D102/><N who="1" m="60679" /><E93/><V88/><F88/><W79/><G79/><T105/><D105/><U126/><E126/><V87/><F87/><W90/><REACH who="3" step="1"/><G78/><REACH who="3" ten="250,327,173,240" step="2"/><T120/><D120/><U62/><E76/><V39/><F39/><W66/><G66/><T118/><D118/><U70/><E56/><AGARI ba="0,1" hai="7,11,14,53,56,60,81,82,86,91,94" m="50185" machi="56" ten="30,1000,0" yaku="19,1" doraHai="135" who="0" fromWho="1" sc="250,20,327,-10,173,0,240,0" /><INIT seed="2,0,0,2,2,119" ten="270,317,173,240" oya="2" hai0="67,47,75,134,38,9,34,61,112,127,22,30,131" hai1="41,88,104,60,58,16,135,73,84,90,18,64,65" hai2="108,28,94,56,95,133,121,81,70,35,66,80,52" hai3="78,32,10,19,25,120,85,17,126,43,69,105,101"/><V5/><F133/><W0/><G69/><T72/><D22/><U49/><E135/><V109/><F5/><W110/><G43/><N who="0" m="23031" /><D134/><U115/><E115/><V6/><F6/><W31/><G110/><N who="2" m="42601" /><F121/><W21/><G126/><T111/><D111/><U20/><E73/><V55/><F70/><W128/><G128/><T46/><D9/><U93/><E104/><V103/><F66/><W33/><G10/><T77/><D46/><N who="1" m="25807" /><E65/><V116/><F116/><W2/><G105/><T83/><D112/><U53/><E64/><V50/><F55/><W14/><G2/><T98/><D127/><U113/><E113/><V118/><F118/><W86/><G120/><T37/><D131/><U79/><E79/><V42/><F42/><W62/><G78/><T82/><D67/><U125/><E125/><V92/><F103/><W68/><G101/><T117/><D77/><U107/><E107/><V99/><F99/><W29/><G68/><T124/><D98/><N who="1" m="57639" /><E20/><V13/><F13/><W27/><G14/><T71/><D71/><U24/><E24/><AGARI ba="0,0" hai="24,28,35,50,52,56,80,81,92,94,95" m="42601" machi="24" ten="30,5800,0" yaku="14,1,10,1,54,1" doraHai="119" who="2" fromWho="1" sc="270,0,317,-58,173,58,240,0" /><INIT seed="2,1,0,2,2,73" ten="270,259,231,240" oya="2" hai0="99,45,125,69,117,93,116,91,48,115,121,133,26" hai1="71,29,131,128,56,13,111,84,55,108,98,106,96" hai2="75,109,101,132,118,33,59,24,79,89,17,52,65" hai3="134,15,7,49,3,86,110,41,8,88,104,60,0"/><V95/><F118/><N who="0" m="45674" /><D121/><U57/><E71/><V50/><F132/><W119/><G119/><T78/><D115/><U63/><E29/><V67/><F101/><W51/><G134/><T102/><D133/><U58/><E13/><V2/><F2/><W112/><G104/><T114/><D114/><U70/><E70/><V80/><F109/><N who="1" m="42057" /><E84/><V68/><F68/><W27/><G112/><T82/><D69/><U10/><E10/><V105/><F105/><W22/><G110/><T85/><D26/><U130/><E106/><V35/><F17/><W39/><G39/><T113/><D113/><U16/><E16/><V18/><F18/><W94/><G3/><T21/><D21/><U129/><N who="1" m="32768" /><DORA hai="81" /><U100/><E100/><V6/><F6/><W72/><G72/><T76/><D125/><U126/><E126/><V47/><F24/><W9/><G9/><T46/><D46/><U5/><E5/><V123/><F123/><W31/><G0/><T4/><D4/><U107/><E107/><V1/><F1/><W11/><G11/><T53/><AGARI ba="1,0" hai="45,48,53,76,78,82,85,91,93,99,102" m="45674" machi="53" ten="30,7900,0" yaku="12,1,52,3" doraHai="73,81" who="0" fromWho="0" sc="270,82,259,-21,231,-40,240,-21" /><INIT seed="3,0,0,3,1,61" ten="352,238,191,219" oya="3" hai0="41,37,30,18,53,76,58,84,87,100,101,69,106" hai1="52,59,72,64,133,102,97,111,110,90,96,85,71" hai2="118,4,77,134,51,55,10,40,24,65,104,95,49" hai3="42,119,6,25,68,46,115,44,56,38,67,113,121"/><W78/><G119/><T130/><D69/><U120/><E72/><V73/><F118/><W81/><G121/><T124/><D106/><U86/><E120/><V103/><F134/><W35/><G46/><T91/><D124/><U70/><E133/><V34/><F104/><W75/><G56/><T63/><D37/><U105/><E96/><N who="2" m="59807" /><F34/><W129/><G129/><T122/><D41/><U62/><E71/><V123/><F73/><W9/><G25/><T26/><D18/><U88/><E85/><V83/><F123/><W28/><G28/><T32/><D130/><U98/><E97/><V1/><F1/><N who="3" m="207" /><G35/><T20/><D32/><U31/><E31/><V23/><F40/><W116/><G116/><T60/><D122/><U11/><E11/><V93/><F93/><W39/><G39/><T107/><D107/><U27/><E27/><V50/><F83/><W108/><G108/><N who="1" m="41514" /><E86/><V99/><F99/><W135/><G135/><T36/><D36/><U7/><E7/><V15/><F77/><W22/><G22/><T54/><D76/><U132/><E132/><V2/><F2/><W16/><G16/><T82/><D87/><U5/><E5/><V109/><F109/><W43/><G43/><T13/><D13/><U29/><E29/><N who="2" m="17567" /><F55/><W112/><G68/><T128/><D128/><U48/><AGARI ba="0,0" hai="48,52,59,62,64,70,88,90,98,102,105" m="41514" machi="48" ten="30,7900,0" yaku="14,1,52,1,54,2" doraHai="61" who="1" fromWho="1" sc="352,-20,238,79,191,-20,219,-39" owari="332,43.2,317,11.7,171,-32.9,180,-22.0" /></mjloggm>