<mjloggm ver="2.3"><GO type="225" lobby="0"/><UN n0="%E8%90%BD%E6%97%A5" n1="%E5%87%BA%E6%B0%B4" n2="%E3%83%8F%E3%83%B3%E3%83%89%E3%83%A9%E3%83%BC%E3%83%BB%E3%83%AF%E3%83%B3" n3="%EF%BC%AE%EF%BC%A1%EF%BC%AF%33%33%39" dan="16,16,17,17" rate="2151.11,2109.32,2170.89,2146.07" sx="F,F,M,M"/><TAIKYOKU oya="0"/><INIT seed="0,0,0,1,1,16" ten="250,250,250,250" oya="0" hai0="51,124,118,8,2,70,34,23,59,67,64,50,55" hai1="132,130,81,123,68,25,49,93,80,102,72,97,119" hai2="128,9,85,12,103,17,127,7,60,125,129,75,66" hai3="1,52,79,108,41,28,134,5,36,53,11,83,32"/><T57/><D34/><U73/><E68/><V65/><F75/><N who="1" m="28745" /><E49/><V35/><F103/><W89/><G89/><T47/><D2/><U96/><E25/><V105/><F105/><W45/><G108/><T54/><D8/><U46/><E46/><V90/><F35/><W94/><G94/><T135/><D23/><U3/><E3/><V101/><F101/><W92/><G92/><T112/><D112/><U87/><E119/><V133/><F7/><W56/><G134/><T115/><D115/><U113/><E113/><V44/><F44/><W116/><G116/><T27/><D27/><U122/><E132/><V40/><F40/><W117/><G117/><T30/><D30/><U14/><E14/><V42/><F42/><W24/><REACH who="3" step="1"/><G56/><REACH who="3" ten="250,250,250,240" step="2"/><N who="0" m="21579" /><D118/><U71/><E71/><N who="2" m="42407" /><F133/><W126/><G126/><N who="2" m="48137" /><F66/><N who="0" m="25130" /><D124/><U0/><E80/><AGARI ba="0,1" hai="9,12,17,80,85,90,128,129" m="48137,42407" machi="80" ten="30,1000,0" yaku="18,1" doraHai="16" who="2" fromWho="1" sc="250,0,250,-10,250,20,240,0" /><INIT seed="1,0,0,4,2,127" ten="250,240,270,240" oya="1" hai0="59,104,16,58,8,39,60,81,53,105,93,124,5" hai1="26,102,12,21,55,40,66,114,74,67,7,115,10" hai2="29,1,45,4,101,69,70,117,86,96,0,78,113" hai3="107,132,49,99,87,20,48,25,62,13,44,116,68"/><U18/><E74/><V61/><F117/><W133/><G116/><T97/><D124/><U94/><E40/><V111/><F111/><W22/><G87/><T50/><D39/><U91/><E102/><V84/><F29/><W54/><G107/><T112/><D81/><U121/><E121/><V64/><F70/><W119/><G99/><T89/><D112/><U129/><E129/><V24/><F24/><W106/><G106/><T109/><D109/><U15/><E115/><V36/><F113/><W52/><G119/><T43/><D43/><U77/><E77/><V41/><F4/><W34/><G34/><T135/><D135/><N who="3" m="51785" /><G13/><T47/><D47/><U46/><E114/><V100/><F100/><W51/><G25/><T110/><D110/><U72/><E72/><V75/><F75/><W71/><G62/><T37/><D37/><U98/><REACH who="1" step="1"/><E26/><REACH who="1" ten="250,230,270,240" step="2"/><V126/><F126/><W9/><G44/><T120/><D120/><U30/><E30/><V65/><F78/><W27/><G27/><T31/><D31/><U80/><E80/><V11/><F101/><W2/><G2/><T85/><D104/><U17/><E17/><V79/><F0/><W92/><G92/><T3/><D16/><U63/><E63/><V56/><F79/><W90/><G90/><T130/><D105/><U19/><E19/><V131/><F1/><W73/><G73/><T108/><D108/><U118/><E118/><V28/><F28/><W125/><G125/><T103/><D60/><U6/><E6/><V42/><F61/><W32/><G32/><T76/><D3/><U82/><E82/><RYUUKYOKU ba="0,1" sc="250,-10,230,30,270,-10,240,-10" hai1="7,10,12,15,18,21,46,55,66,67,91,94,98" /><INIT seed="1,1,1,1,1,55" ten="240,260,260,230" oya="1" hai0="95,19,102,80,48,29,78,38,64,97,134,73,13" hai1="106,5,27,90,119,118,105,31,23,132,51,58,98" hai2="6,47,45,28,121,56,131,104,74,43,66,16,75" hai3="85,53,57,46,71,30,26,120,129,92,115,109,89"/><U125/><E125/><V15/><F121/><W33/><G120/><T84/><D38/><U52/><E132/><V11/><F104/><W44/><G115/><T69/><D134/><U76/><E106/><V79/><F28/><W54/><G71/><T34/><D34/><U37/><E37/><V88/><F131/><W127/><G129/><T0/><D0/><U122/><E122/><V135/><F135/><W18/><G127/><T7/><D7/><U133/><E133/><V21/><F79/><W123/><G123/><T126/><D29/><U113/><E113/><V1/><F88/><W72/><G72/><T112/><D112/><U14/><E76/><V36/><REACH who="2" step="1"/><F47/><REACH who="2" ten="240,260,250,230" step="2"/><W42/><G109/><T81/><D126/><U110/><E105/><V68/><F68/><W87/><G46/><T49/><D69/><U63/><E110/><V101/><F101/><W77/><G77/><T130/><D130/><U91/><E91/><V67/><F67/><W4/><G89/><T41/><D64/><U111/><E111/><V114/><F114/><W93/><G44/><T94/><D78/><U3/><E90/><V24/><F24/><W2/><G26/><T82/><D73/><U9/><E98/><V128/><F128/><W61/><G30/><T65/><D65/><U20/><E119/><V108/><F108/><W70/><G70/><T83/><D94/><U12/><E118/><V40/><F40/><W32/><G42/><T116/><D116/><U17/><E31/><V86/><F86/><W117/><G117/><T39/><N who="0" m="20480" /><DORA hai="50" /><T59/><D84/><U60/><E27/><RYUUKYOKU ba="1,2" sc="240,-15,260,15,250,15,230,-15" hai1="3,5,9,12,14,17,20,23,51,52,58,60,63" hai2="1,6,11,15,16,21,36,43,45,56,66,74,75" /><INIT seed="1,2,2,4,0,19" ten="225,275,265,215" oya="1" hai0="38,6,32,101,45,3,50,31,89,16,65,77,112" hai1="69,29,48,79,107,127,67,55,11,100,102,8,2" hai2="59,42,133,27,121,10,81,125,53,35,94,97,15" hai3="83,36,132,84,43,34,24,51,88,78,119,104,39"/><U109/><E127/><V105/><F121/><W66/><G104/><T9/><D112/><U22/><E79/><V40/><F105/><W98/><G66/><T87/><D38/><U1/><E69/><V23/><F35/><W108/><G34/><T135/><D135/><U54/><E48/><N who="2" m="31143" /><F81/><W130/><G132/><T21/><D101/><U64/><E29/><N who="2" m="17663" /><F125/><W82/><G24/><T41/><D65/><U90/><E107/><V5/><F133/><W123/><G123/><T120/><D120/><U92/><E92/><V72/><F72/><W118/><G108/><T68/><D68/><U91/><E109/><V111/><F111/><W134/><G134/><T60/><D32/><U103/><E103/><AGARI ba="2,2" hai="5,10,15,40,42,94,97,103" m="17663,31143" machi="103" ten="30,2000,0" yaku="8,1,52,1" doraHai="19" who="2" fromWho="1" sc="225,0,275,-26,265,46,215,0" /><INIT seed="2,0,0,0,4,85" ten="225,249,311,215" oya="2" hai0="117,99,70,50,49,76,56,36,72,65,46,27,121" hai1="123,98,133,119,134,90,120,55,22,57,116,45,96" hai2="74,53,127,51,94,64,84,41,135,31,0,125,106" hai3="29,25,47,89,95,35,21,63,12,58,103,91,6"/><V92/><F106/><W60/><G47/><T107/><D121/><N who="1" m="46667" /><E22/><V86/><F74/><W77/><G77/><T19/><D117/><N who="1" m="45131" /><E45/><V83/><F0/><W40/><G40/><T80/><D99/><N who="1" m="37931" /><E55/><V18/><F31/><W38/><G38/><T79/><D36/><U82/><E57/><V73/><F41/><W118/><G118/><T48/><D56/><U44/><E44/><V112/><F64/><W1/><G103/><T109/><D50/><U16/><E16/><V13/><F18/><N who="3" m="10439" /><G95/><T69/><D49/><U108/><E108/><V23/><F94/><W128/><G128/><T115/><D48/><U101/><E101/><V67/><F92/><W8/><G60/><T30/><D109/><U126/><E126/><V130/><F125/><W132/><G132/><T26/><D46/><U9/><E9/><V39/><F135/><W15/><G15/><T7/><D69/><U97/><N who="1" m="37939" /><U129/><DORA hai="93" /><E129/><V113/><F130/><W111/><G111/><T5/><D70/><U124/><E124/><V100/><F127/><W66/><AGARI ba="0,0" hai="1,6,8,25,29,35,58,63,66,89,91" m="10439" machi="66" ten="30,4000,0" yaku="24,1,52,2" doraHai="85,93" who="3" fromWho="3" sc="225,-10,249,-10,311,-20,215,40" /><INIT seed="3,0,0,5,5,29" ten="215,239,291,255" oya="3" hai0="116,112,30,34,59,84,110,69,101,82,106,50,87" hai1="51,132,91,60,134,1,79,35,135,103,31,90,121" hai2="129,73,124,28,71,17,33,47,15,107,22,10,123" hai3="62,27,100,113,53,56,75,23,128,94,41,64,88"/><W126/><G113/><T37/><D112/><U67/><E121/><V6/><F107/><W58/><G75/><T61/><D116/><U44/><E79/><V70/><F73/><W32/><G32/><T19/><D37/><U43/><E1/><N who="2" m="335" /><F123/><W65/><G128/><T133/><D133/><U86/><E103/><V68/><F129/><W95/><G41/><T36/><D36/><U26/><REACH who="1" step="1"/><E86/><REACH who="1" ten="215,229,291,255" step="2"/><V57/><F124/><W92/><G126/><T66/><D110/><U8/><E8/><V9/><F9/><W131/><G131/><T108/><D108/><U11/><E11/><V97/><F97/><N who="3" m="57479" /><G100/><T4/><D4/><U13/><E13/><V98/><F15/><W42/><G42/><T93/><D84/><U114/><E114/><V39/><F98/><W109/><G109/><T118/><D87/><U77/><E77/><V76/><F76/><W105/><G105/><T7/><D106/><U127/><E127/><V115/><F115/><W52/><G94/><T21/><D82/><U130/><E130/><V20/><F39/><W63/><G95/><T48/><D7/><U111/><E111/><V96/><F96/><W54/><G65/><T99/><D118/><U3/><E3/><V0/><F0/><W78/><G78/><T102/><D102/><U74/><E74/><V46/><F71/><AGARI ba="0,1" hai="26,31,35,43,44,51,60,67,71,90,91,132,134,135" machi="71" ten="40,5200,0" yaku="1,1,20,1,52,1,53,0" doraHai="29" doraHaiUra="55" who="1" fromWho="2" sc="215,0,229,62,291,-52,255,0" /><INIT seed="4,0,0,1,2,130" ten="215,291,239,255" oya="0" hai0="54,96,114,123,42,52,111,64,41,91,61,132,6" hai1="17,81,101,45,34,133,73,3,88,25,70,131,47" hai2="30,65,10,50,76,24,31,26,14,53,32,19,68" hai3="59,58,87,98,102,20,122,51,93,66,8,37,46"/><T115/><D6/><U84/><E3/><V134/><F134/><W71/><G37/><T103/><D91/><U57/><E70/><V16/><F76/><W74/><G74/><T105/><D123/><U110/><E110/><V69/><F19/><W29/><G122/><T92/><D111/><U94/><E133/><V60/><F69/><W79/><G71/><T86/><D132/><U63/><E131/><V72/><F72/><W116/><G116/><T13/><D86/><U118/><E118/><V28/><REACH who="2" step="1"/><F26/><REACH who="2" ten="215,291,229,255" step="2"/><N who="3" m="16583" /><G8/><T135/><D135/><U9/><E73/><V22/><F22/><W21/><G21/><T7/><D105/><U89/><E34/><V97/><F97/><W109/><G109/><T38/><D114/><U44/><E9/><V48/><F48/><W49/><G49/><T43/><D115/><U27/><E17/><V15/><F15/><W18/><G18/><T4/><D38/><U95/><E25/><V35/><F35/><W83/><G66/><T40/><N who="0" m="10240" /><DORA hai="62" /><T5/><REACH who="0" step="1"/><D13/><REACH who="0" ten="205,291,229,255" step="2"/><U23/><E27/><V129/><F129/><W125/><G87/><T80/><D80/><U55/><E81/><V75/><F75/><W120/><G83/><T67/><D67/><U124/><E84/><V119/><F119/><W106/><G120/><T1/><D1/><U108/><E108/><V126/><F126/><W117/><G125/><T12/><D12/><U0/><E124/><V78/><F78/><W112/><G79/><T90/><D90/><U104/><E0/><V113/><F113/><W56/><G112/><T33/><D33/><U11/><E89/><RYUUKYOKU ba="0,2" sc="205,15,291,-15,229,15,255,-15" hai0="4,5,7,52,54,61,64,92,96,103" hai2="10,14,16,24,28,30,31,32,50,53,60,65,68" /><INIT seed="4,1,2,1,4,63" ten="220,276,244,240" oya="0" hai0="17,123,135,44,124,24,130,90,28,58,84,7,0" hai1="64,126,15,119,22,54,81,5,30,88,100,61,53" hai2="39,95,59,20,37,77,3,128,71,92,33,34,8" hai3="42,127,11,122,4,12,57,75,113,80,111,18,78"/><T27/><D123/><U83/><E119/><V121/><F121/><W67/><G111/><T125/><D130/><U76/><E126/><N who="0" m="48745" /><D135/><U79/><E100/><V46/><F71/><W52/><G122/><T107/><D107/><U120/><E120/><V109/><F109/><W68/><G127/><T47/><D17/><U36/><E36/><V40/><F39/><W89/><G42/><T99/><D99/><U35/><E35/><V50/><F128/><W1/><G113/><T13/><D0/><U97/><E30/><V131/><F131/><W72/><G72/><T62/><D13/><U103/><E22/><V102/><F77/><W19/><G89/><T106/><D7/><U9/><E103/><V56/><F102/><W114/><G114/><T110/><D106/><U2/><E2/><V85/><F3/><W112/><G112/><T25/><D28/><U98/><E76/><V118/><F118/><W132/><G132/><T116/><D110/><U65/><E79/><V29/><F29/><W74/><G74/><T117/><D117/><U6/><E6/><V69/><F8/><W16/><G1/><T134/><D116/><U31/><E31/><V23/><F85/><W87/><G75/><T48/><D134/><U86/><E98/><V10/><F33/><W93/><G93/><N who="0" m="54471" /><D48/><U96/><E96/><V41/><F34/><W70/><REACH who="3" step="1"/><G67/><AGARI ba="1,2" hai="24,25,27,44,47,58,62,67" m="54471,48745" machi="67" ten="30,2900,0" yaku="18,1,52,1" doraHai="63" who="0" fromWho="3" sc="220,52,276,0,244,0,240,-32" /><INIT seed="4,2,0,1,1,37" ten="272,276,244,208" oya="0" hai0="60,23,9,10,132,52,71,5,47,90,121,103,105" hai1="63,129,74,8,49,29,19,50,77,56,46,120,97" hai2="62,26,134,131,58,92,13,2,35,51,12,53,43" hai3="112,3,124,68,57,117,6,72,65,25,67,73,36"/><T31/><D121/><U64/><E120/><V78/><F2/><W48/><G117/><T42/><D105/><U91/><E129/><V104/><F104/><W21/><G36/><T30/><D103/><U79/><E29/><N who="0" m="10761" /><D90/><U111/><E111/><V70/><F131/><W20/><G68/><T1/><D71/><U93/><E74/><V135/><F78/><W130/><G130/><T61/><D1/><U102/><E50/><V27/><F35/><W110/><G110/><T100/><D100/><U40/><E102/><V17/><F92/><W41/><G6/><T34/><D34/><U33/><E33/><V133/><F70/><W87/><G3/><T7/><D23/><U96/><E97/><V14/><F17/><W128/><G128/><T15/><D42/><U54/><E64/><V59/><REACH who="2" step="1"/><F43/><REACH who="2" ten="272,276,234,208" step="2"/><W24/><G41/><T127/><D127/><U39/><E79/><V88/><F88/><W75/><G124/><T66/><D132/><U106/><E106/><V22/><F22/><W113/><G21/><T18/><D18/><U44/><E77/><V119/><F119/><W32/><G32/><T123/><D123/><U38/><E19/><V115/><F115/><N who="3" m="44107" /><G20/><T101/><D101/><U107/><E107/><V80/><F80/><W116/><G116/><T98/><D7/><U85/><E38/><V4/><F4/><W89/><G89/><T83/><D83/><N who="1" m="49599" /><E39/><V55/><AGARI ba="2,1" hai="12,13,14,26,27,51,53,55,58,59,62,133,134,135" machi="55" ten="40,5200,0" yaku="1,1,0,1,20,1,53,0" doraHai="37" doraHaiUra="126" who="2" fromWho="2" sc="272,-28,276,-15,234,68,208,-15" owari="244,-15.6,261,6.1,302,40.2,193,-30.7" /></mjloggm>