<mjloggm ver="2.3"><GO type="225" lobby="0"/><UN n0="%28%EF%BF%A3%E2%96%BD%EF%BF%A3%29%CE%B4%E2%8C%92%E3%83%BB" n1="%E3%82%B3%E3%83%90%E3%83%AC%E3%82%A4" n2="%E3%81%8B%E3%82%8F%E3%81%A1%E3%82%83%E3%82%93%35%38" n3="%E3%81%B5%E3%81%98%E3%81%8B%E3%81%A4" dan="16,16,17,16" rate="2112.62,2092.77,2246.05,2159.32" sx="M,M,M,M"/><TAIKYOKU oya="0"/><INIT seed="0,0,0,3,5,129" ten="250,250,250,250" oya="0" hai0="62,38,24,27,2,109,117,30,119,87,97,76,118" hai1="59,22,15,21,81,78,88,130,42,69,131,39,51" hai2="1,116,9,90,105,11,111,33,0,23,100,115,45" hai3="72,8,48,108,73,6,52,70,12,79,14,26,44"/><T57/><D2/><U61/><E69/><V37/><F33/><W85/><G108/><T95/><D38/><U80/><E39/><V40/><F115/><W53/><G70/><T54/><D109/><U101/><E101/><V58/><F111/><W5/><G26/><T128/><D128/><U103/><E103/><V86/><F116/><W93/><G53/><T99/><D27/><U126/><E126/><V17/><F9/><W104/><G104/><T106/><D106/><U123/><E123/><V3/><F11/><W135/><G135/><T19/><D19/><U112/><E112/><V96/><F58/><W7/><G73/><T124/><D124/><U43/><E59/><V50/><F37/><W83/><G72/><T125/><D125/><U31/><E15/><V65/><F65/><W34/><G34/><T77/><D87/><U134/><E31/><V92/><REACH who="2" step="1"/><F1/><REACH who="2" ten="250,250,240,250" step="2"/><W110/><G110/><T94/><D119/><U113/><E113/><V102/><F102/><W35/><G35/><T122/><D118/><U28/><E131/><V13/><AGARI ba="0,1" hai="0,3,13,17,23,40,45,50,86,90,92,96,100,105" machi="13" ten="20,2700,0" yaku="1,1,0,1,7,1,53,0" doraHai="129" doraHaiUra="120" who="2" fromWho="2" sc="250,-13,250,-7,240,37,250,-7" /><INIT seed="1,0,0,4,3,55" ten="237,243,277,243" oya="1" hai0="3,112,10,90,105,104,57,22,65,54,51,64,77" hai1="60,119,83,34,59,99,76,124,101,82,73,121,5" hai2="58,8,72,21,63,41,37,78,108,9,116,28,45" hai3="32,111,44,67,130,31,18,40,2,20,13,27,48"/><U4/><E119/><V19/><F116/><W15/><G111/><T133/><D112/><U100/><E121/><V120/><F120/><W74/><G130/><T118/><D118/><U17/><E34/><V107/><F107/><W106/><G106/><T46/><D105/><U26/><E124/><V6/><F108/><W29/><G74/><T0/><D104/><U115/><E115/><V127/><F127/><W93/><G67/><T75/><D133/><U109/><E109/><V96/><F96/><W88/><G2/><T92/><D22/><U102/><E99/><V91/><F91/><W38/><G38/><T135/><D135/><U125/><E125/><V103/><F103/><W113/><G113/><T97/><D10/><U79/><E17/><V53/><F28/><N who="3" m="10827" /><G32/><T117/><D117/><U42/><E42/><V95/><F95/><W52/><G40/><T61/><REACH who="0" step="1"/><D65/><REACH who="0" ten="227,243,277,243" step="2"/><U62/><E26/><V87/><F9/><W12/><G27/><T132/><D132/><U134/><E134/><V36/><F8/><W122/><G122/><T50/><D50/><U11/><E11/><V70/><F37/><W25/><G25/><T49/><D49/><U114/><E114/><V69/><F6/><W123/><G123/><T126/><D126/><U129/><E129/><V85/><F21/><W84/><AGARI ba="0,1" hai="12,13,15,18,20,44,48,52,84,88,93" m="10827" machi="84" ten="30,4000,0" yaku="8,1,54,2" doraHai="55" who="3" fromWho="3" sc="227,-10,243,-20,277,-10,243,50" /><INIT seed="2,0,0,2,5,29" ten="217,223,267,293" oya="2" hai0="92,49,66,9,98,40,57,96,44,24,68,69,111" hai1="95,70,51,91,101,20,12,99,110,135,124,32,1" hai2="77,59,81,73,114,5,11,67,132,8,123,53,46" hai3="64,85,17,48,103,25,42,84,62,30,15,100,134"/><V88/><F114/><W108/><G134/><T109/><D9/><U55/><E1/><V119/><F119/><W80/><G108/><N who="0" m="41547" /><D24/><U21/><E110/><V58/><F123/><W37/><G37/><T105/><D105/><U61/><E135/><V118/><F118/><W93/><G42/><T27/><D27/><U23/><E124/><V122/><F122/><W2/><G48/><T79/><D79/><U0/><E0/><V116/><F116/><W113/><G2/><T50/><D96/><U63/><E32/><V7/><F132/><W130/><G130/><T115/><D115/><U94/><E70/><N who="0" m="27241" /><D92/><U117/><E117/><V104/><F104/><W33/><G93/><T4/><D98/><U26/><E26/><V13/><F67/><W102/><G80/><T52/><D4/><U18/><E21/><V126/><F126/><W133/><G133/><T35/><D35/><U16/><E95/><V38/><F88/><W65/><G65/><AGARI ba="0,0" hai="40,44,49,50,52,57,65,66" m="27241,41547" machi="65" ten="30,7700,0" yaku="14,1,34,2,54,1" doraHai="29" who="0" fromWho="3" sc="217,77,223,0,267,0,293,-77" /><INIT seed="3,0,0,1,5,31" ten="294,223,267,216" oya="3" hai0="66,44,40,23,79,28,103,4,5,52,110,74,33" hai1="56,2,105,58,76,43,122,7,15,121,75,17,99" hai2="1,68,120,32,126,101,9,117,98,125,59,41,80" hai3="129,84,134,39,26,95,118,10,42,24,61,115,34"/><W119/><G115/><T82/><D110/><U112/><E112/><V35/><F68/><W92/><G10/><T111/><D111/><U19/><E43/><V22/><F117/><W20/><G134/><T96/><D33/><N who="2" m="12874" /><F59/><W63/><G129/><T45/><D66/><U81/><E2/><V135/><F135/><W97/><G84/><T49/><D23/><U104/><E7/><N who="2" m="1263" /><F22/><W85/><G85/><T91/><D91/><U114/><E114/><V30/><F30/><W123/><G34/><T36/><D28/><U100/><E105/><AGARI ba="0,0" hai="4,5,36,40,44,45,49,52,74,79,82,96,103,105" machi="105" ten="30,2000,0" yaku="7,1,54,1" doraHai="31" who="0" fromWho="1" sc="294,20,223,-20,267,0,216,0" owari="314,41.4,203,-29.7,267,6.7,216,-18.4" /></mjloggm>