<mjloggm ver="2.3"><GO type="225" lobby="0"/><UN n0="%72%61%6B%33" n1="%30%2E%31%32%30" n2="%E5%AF%82%E5%AF%9E%E3%82%AE%E3%83%8D%E3%82%B9%E3%83%93%E3%83%BC%E3%83%AB" n3="%E6%B8%A9%E2%98%85%E6%83%85%E2%98%85%E6%8E%AA%E2%98%85%E7%BD%AE" dan="17,16,16,16" rate="2165.33,2145.39,2123.71,2165.23" sx="M,M,M,M"/><TAIKYOKU oya="0"/><INIT seed="0,0,0,3,2,111" ten="250,250,250,250" oya="0" hai0="61,103,9,121,49,75,86,80,16,107,35,96,79" hai1="50,89,135,90,13,83,76,99,20,40,60,134,43" hai2="56,33,11,69,105,8,122,26,74,68,28,114,130" hai3="123,21,62,116,124,48,112,25,1,127,93,44,19"/><T104/><D121/><U115/><E115/><V14/><F122/><W57/><G123/><T39/><D39/><U98/><E60/><V102/><F74/><W91/><G1/><T55/><D35/><U32/><E32/><V118/><F130/><W108/><G116/><T22/><D9/><U18/><E134/><V100/><F118/><W38/><G38/><T94/><D75/><U125/><E125/><N who="3" m="48202" /><G108/><T132/><D61/><U36/><E36/><V31/><F31/><W133/><G133/><T109/><D109/><U17/><E135/><V10/><F114/><W63/><G57/><T88/><D79/><U2/><E2/><V30/><F30/><W106/><G106/><T5/><D5/><U58/><E40/><V113/><F113/><W53/><G112/><T119/><D119/><U117/><E117/><V42/><F42/><W45/><G45/><T71/><D71/><U41/><E41/><V81/><F56/><W29/><G29/><T27/><REACH who="0" step="1"/><D132/><REACH who="0" ten="240,250,250,250" step="2"/><U97/><E20/><V110/><F110/><W6/><G6/><T126/><D126/><U78/><E78/><V34/><F69/><W65/><G65/><T24/><D24/><U52/><E76/><V120/><F68/><W129/><G129/><T70/><D70/><U3/><E3/><V7/><F120/><W95/><G63/><T67/><D67/><U0/><E0/><V15/><F7/><W87/><G62/><T77/><D77/><U73/><E73/><V46/><F34/><W51/><G51/><T131/><D131/><U47/><E50/><V72/><F33/><W66/><G66/><RYUUKYOKU ba="0,1" sc="240,15,250,-15,250,-15,250,15" hai0="16,22,27,49,55,80,86,88,94,96,103,104,107" hai3="19,21,25,44,48,53,87,91,93,95" /><INIT seed="0,1,1,4,0,107" ten="255,235,235,265" oya="0" hai0="101,37,112,4,98,18,30,52,5,11,13,73,0" hai1="48,80,63,78,47,1,116,88,83,19,102,95,128" hai2="53,114,135,90,12,130,65,43,125,86,21,106,123" hai3="24,2,28,31,41,59,97,79,132,94,72,62,77"/><T34/><D112/><U118/><E128/><V103/><F114/><W120/><G2/><T82/><D37/><U85/><E1/><V119/><F123/><W67/><G132/><T44/><D34/><U126/><E126/><V56/><F130/><W61/><G120/><T20/><D30/><N who="3" m="11305" /><G72/><T23/><D5/><U108/><E108/><V14/><F125/><W60/><G41/><T51/><D20/><U10/><E63/><N who="3" m="24138" /><G24/><T134/><D134/><U104/><E80/><V113/><F119/><W7/><G7/><T96/><REACH who="0" step="1"/><D101/><AGARI ba="1,1" hai="59,62,67,77,79,94,97,101" m="24138,11305" machi="101" ten="30,1000,0" yaku="8,1" doraHai="107" who="3" fromWho="0" sc="255,-13,235,0,235,0,265,23" /><INIT seed="1,0,0,3,5,114" ten="242,235,235,288" oya="1" hai0="128,72,69,75,131,15,52,67,21,91,41,22,42" hai1="87,56,121,90,89,74,13,26,132,119,94,31,70" hai2="116,37,80,32,44,51,108,95,61,73,38,117,81" hai3="63,14,111,109,102,53,97,16,135,58,92,18,40"/><U124/><E121/><V0/><F32/><W88/><G135/><T6/><D67/><U99/><E70/><V17/><F0/><W10/><G40/><T11/><D69/><U4/><E74/><V110/><F61/><W35/><G35/><T50/><D91/><U113/><E132/><V133/><F95/><W86/><REACH who="3" step="1"/><G18/><REACH who="3" ten="242,235,235,278" step="2"/><T39/><D41/><U76/><E113/><V60/><F133/><W12/><G12/><T62/><D42/><U107/><E13/><V127/><F17/><W105/><AGARI ba="0,1" hai="10,14,16,53,58,63,86,88,92,97,102,105,109,111" machi="105" ten="30,8000,1" yaku="1,1,0,1,54,2,53,1" doraHai="114" doraHaiUra="84" who="3" fromWho="3" sc="242,-20,235,-40,235,-20,278,90" /><INIT seed="2,0,0,0,4,126" ten="222,195,215,368" oya="2" hai0="124,105,38,16,61,83,121,75,32,19,33,24,35" hai1="26,11,17,92,107,135,18,109,0,34,42,15,30" hai2="31,80,23,43,9,133,129,81,47,74,106,29,10" hai3="55,58,98,102,70,6,1,62,40,72,2,65,101"/><V86/><F106/><W111/><G72/><T13/><D105/><U76/><E107/><V127/><F127/><W87/><G111/><T4/><D38/><U53/><E109/><V118/><F118/><W36/><G87/><T54/><D124/><U125/><E125/><V46/><F133/><W82/><G82/><T28/><D121/><U104/><E104/><V131/><F74/><W60/><G6/><T51/><D61/><U116/><E116/><V41/><F86/><W3/><REACH who="3" step="1"/><G98/><REACH who="3" ten="222,195,215,358" step="2"/><T93/><D4/><U63/><E135/><V45/><F45/><AGARI ba="0,1" hai="1,2,3,36,40,45,55,58,60,62,65,70,101,102" machi="45" ten="40,8000,1" yaku="1,1,2,1,53,2" doraHai="126" doraHaiUra="96" who="3" fromWho="2" sc="222,0,195,0,215,-80,358,90" /><INIT seed="3,0,0,0,2,49" ten="222,195,135,448" oya="3" hai0="43,112,101,12,90,69,9,59,124,63,1,46,23" hai1="66,135,35,103,95,134,100,104,38,52,34,51,48" hai2="27,78,33,86,0,41,36,26,20,4,116,89,121" hai3="94,5,67,70,132,88,98,120,16,105,47,99,76"/><W87/><G120/><T54/><D124/><U28/><E38/><V39/><F116/><W130/><G132/><N who="1" m="50730" /><E104/><V117/><F117/><W92/><G130/><T32/><D32/><N who="1" m="12331" /><E28/><V127/><F121/><W68/><G5/><T97/><D1/><U13/><E66/><V55/><F127/><W22/><G67/><T44/><D112/><U125/><E125/><V2/><F78/><W25/><G105/><T72/><D72/><U82/><E48/><V122/><F122/><W81/><G47/><T126/><D69/><U60/><E60/><V37/><F41/><W64/><G64/><T42/><D44/><N who="1" m="27751" /><E95/><V6/><F33/><W131/><G131/><T73/><D126/><U24/><E24/><V61/><F61/><W30/><G30/><T31/><D46/><U79/><E13/><V91/><F39/><W110/><G110/><T40/><D73/><AGARI ba="0,0" hai="73,79,82,100,103" m="27751,12331,50730" machi="73" ten="30,3900,0" yaku="20,1,52,1,54,1" doraHai="49" who="1" fromWho="0" sc="222,-39,195,39,135,0,448,0" owari="183,-21.7,234,3.4,135,-36.5,448,54.8" /></mjloggm>