<mjloggm ver="2.3"><GO type="225" lobby="0"/><UN n0="%72%65%6E%6B%75%6E" n1="%E3%81%A9%E3%82%8F%E3%82%93%E3%81%94" n2="%E5%80%89%E5%B4%8E%E6%A5%93%E5%AD%90" n3="%E3%81%B5%E3%81%98%E3%81%8B%E3%81%A4" dan="17,16,16,16" rate="2222.98,2116.36,2068.36,2111.22" sx="M,M,M,M"/><TAIKYOKU oya="0"/><INIT seed="0,0,0,5,5,27" ten="250,250,250,250" oya="0" hai0="74,24,86,121,97,6,90,20,28,118,23,46,68" hai1="132,107,19,44,110,60,0,32,7,85,73,8,58" hai2="129,105,70,63,119,25,21,95,92,10,72,14,102" hai3="130,64,78,50,13,71,75,57,89,2,9,33,52"/><T29/><D74/><U1/><E73/><V99/><F72/><W12/><G130/><T93/><D68/><U59/><E107/><V54/><F129/><W41/><G33/><T15/><D118/><U45/><E32/><V103/><F103/><W30/><G89/><T112/><D112/><U35/><E35/><V91/><F119/><W82/><G41/><T94/><D121/><U109/><E132/><V49/><F63/><W66/><G2/><T22/><D46/><N who="1" m="18027" /><E1/><V125/><F125/><W5/><G71/><T111/><D111/><N who="1" m="42507" /><E60/><V17/><F91/><W38/><G38/><T106/><D106/><U3/><E3/><V104/><F70/><W65/><REACH who="3" step="1"/><G13/><REACH who="3" ten="250,250,250,240" step="2"/><T101/><REACH who="0" step="1"/><D24/><REACH who="0" ten="240,250,250,240" step="2"/><U51/><E0/><V134/><F134/><W61/><G61/><T18/><D18/><U88/><E19/><V108/><F108/><W117/><G117/><T124/><D124/><U76/><E7/><V53/><F17/><W120/><G120/><T131/><D131/><U48/><E59/><V11/><F104/><W67/><N who="3" m="16384" /><DORA hai="79" /><W77/><G77/><T98/><D98/><U55/><E76/><V40/><F105/><W96/><G96/><T123/><D123/><U126/><E126/><V4/><F4/><W47/><G47/><T36/><D36/><U80/><E58/><V31/><F99/><W43/><G43/><T135/><D135/><U127/><E127/><V39/><F39/><W37/><G37/><T114/><D114/><U133/><E133/><V42/><F42/><W84/><G84/><T83/><D83/><U116/><E80/><V34/><F40/><RYUUKYOKU ba="0,2" sc="240,15,250,-15,250,-15,240,15" hai0="6,15,20,22,23,28,29,86,90,93,94,97,101" hai3="5,9,12,30,50,52,57,75,78,82" /><INIT seed="0,1,2,0,2,35" ten="255,235,235,255" oya="0" hai0="111,30,80,82,41,133,87,89,62,43,6,25,129" hai1="122,36,56,12,17,106,48,85,28,105,131,65,132" hai2="59,114,110,9,86,47,81,54,63,1,103,40,71" hai3="13,79,7,67,39,10,45,16,29,90,96,115,24"/><T97/><D133/><U15/><E122/><V20/><F114/><W134/><G115/><T32/><D129/><U102/><E36/><V124/><F110/><W118/><G134/><T88/><D111/><U125/><E131/><V38/><F124/><W22/><G118/><T107/><D107/><U84/><E125/><V57/><F103/><W100/><G79/><T11/><D62/><U42/><E28/><V19/><F71/><W127/><G127/><T99/><D97/><U117/><E117/><V3/><F57/><W51/><G39/><T108/><D108/><U49/><E132/><V31/><F9/><W2/><G67/><T98/><D98/><U92/><E106/><V76/><REACH who="2" step="1"/><F31/><REACH who="2" ten="255,235,225,255" step="2"/><W126/><G126/><T83/><D99/><N who="1" m="59751" /><E105/><V55/><F55/><W109/><G109/><T91/><REACH who="0" step="1"/><D87/><REACH who="0" ten="245,235,225,255" step="2"/><U34/><E85/><V70/><F70/><W46/><G100/><T113/><D113/><U94/><E84/><V72/><F72/><W93/><REACH who="3" step="1"/><G51/><REACH who="3" ten="245,235,225,245" step="2"/><T60/><D60/><U53/><E49/><V130/><F130/><W68/><G68/><T64/><D64/><U95/><E65/><V78/><F78/><W58/><G58/><T5/><D5/><U75/><E56/><V4/><F4/><W0/><G0/><AGARI ba="1,5" hai="0,6,11,25,30,32,41,43,80,82,83,88,89,91" machi="0" ten="40,7700,0" yaku="1,1,52,1,54,1,53,0" doraHai="35" doraHaiUra="121" who="0" fromWho="3" sc="245,130,235,0,225,0,245,-80" /><INIT seed="0,2,0,0,2,76" ten="375,235,225,165" oya="0" hai0="79,6,126,42,80,89,59,82,4,107,2,44,27" hai1="21,73,123,122,55,106,61,33,41,105,99,54,115" hai2="66,40,0,110,45,60,11,9,31,15,100,109,81" hai3="86,62,132,36,13,58,103,24,48,22,120,96,12"/><T117/><D107/><U5/><E33/><V134/><F134/><W92/><G36/><T125/><D117/><U108/><E41/><V65/><F31/><W10/><G132/><T57/><D27/><U130/><E5/><N who="0" m="2153" /><D89/><U49/><E73/><V17/><F0/><W70/><G70/><T46/><D2/><U68/><E68/><V131/><F131/><W56/><G120/><T97/><D97/><U88/><E106/><V104/><F65/><W50/><G58/><N who="0" m="22027" /><D79/><U14/><E105/><V94/><F104/><W67/><G86/><T29/><D29/><U102/><E88/><V19/><F100/><W39/><G39/><T43/><D46/><U23/><E99/><V90/><F90/><W47/><G10/><T74/><D74/><U93/><E123/><V63/><F11/><W87/><G87/><T20/><D20/><U26/><E23/><V113/><F9/><W51/><REACH who="3" step="1"/><G47/><REACH who="3" ten="375,235,225,155" step="2"/><T32/><D44/><U135/><E122/><V1/><F45/><W69/><G69/><T114/><D114/><U119/><E115/><V34/><F113/><W101/><G101/><T18/><D43/><U127/><E102/><V3/><F40/><W72/><G72/><T35/><D42/><U116/><E135/><V78/><F110/><W95/><G95/><T118/><D118/><U38/><E108/><V83/><F94/><W30/><AGARI ba="2,1" hai="12,13,22,24,30,48,50,51,56,62,67,92,96,103" machi="30" ten="30,8000,1" yaku="1,1,0,1,25,2,8,1,53,0" doraHai="76" doraHaiUra="121" who="3" fromWho="3" sc="375,-42,235,-22,225,-22,155,96" /><INIT seed="1,0,0,0,3,80" ten="333,213,203,251" oya="1" hai0="10,7,106,47,45,19,111,98,83,41,34,27,57" hai1="58,120,67,84,124,69,103,114,36,77,71,53,128" hai2="93,130,51,116,3,91,39,113,117,126,40,26,65" hai3="127,70,105,2,119,82,104,72,0,14,68,15,18"/><U60/><E114/><V4/><F39/><W134/><G82/><T129/><D111/><U118/><E120/><V115/><F65/><W56/><G56/><T73/><D129/><U24/><E118/><V90/><F130/><W37/><G119/><T1/><D57/><U52/><E128/><V99/><F126/><W31/><G31/><N who="0" m="19839" /><D19/><U49/><E124/><V35/><F4/><W43/><G127/><T92/><D47/><U97/><E36/><V38/><F3/><W74/><G18/><T79/><D92/><U50/><E24/><V122/><F38/><W101/><G101/><T44/><D44/><U13/><E13/><V61/><F122/><W25/><G25/><T100/><D45/><U33/><E33/><V42/><F26/><W48/><G37/><T8/><D8/><U12/><E12/><V32/><F51/><W46/><G46/><T112/><D41/><U16/><E16/><V66/><F66/><W30/><G30/><T62/><D62/><U102/><E71/><V20/><F93/><W94/><G94/><T17/><D17/><U121/><E69/><V78/><F20/><W110/><G48/><N who="1" m="18538" /><E121/><V64/><F64/><W81/><G43/><T76/><D76/><U85/><E77/><V88/><F78/><W29/><G29/><T59/><D59/><U5/><E5/><V108/><F42/><W107/><G70/><T9/><D9/><U55/><E103/><V75/><F40/><W109/><G68/><T11/><D11/><U95/><AGARI ba="0,0" hai="52,53,55,58,60,67,84,85,95,97,102" m="18538" machi="95" ten="30,11700,0" yaku="8,1,52,2,54,1" doraHai="80" who="1" fromWho="1" sc="333,-39,213,117,203,-39,251,-39" /><INIT seed="1,1,0,5,0,1" ten="294,330,164,212" oya="1" hai0="87,53,49,115,28,119,43,52,23,78,8,42,56" hai1="22,86,103,116,38,37,135,95,21,90,31,75,114" hai2="130,112,46,74,91,131,134,104,76,96,108,84,102" hai3="3,13,17,101,18,70,15,33,127,10,40,16,106"/><U71/><E114/><V128/><F46/><W0/><G70/><T118/><D115/><U66/><E116/><V80/><F112/><W58/><G106/><T67/><D67/><U26/><E75/><V89/><F108/><W125/><G101/><T77/><D119/><U6/><E135/><V62/><F62/><W60/><G40/><N who="0" m="15403" /><D118/><U105/><E71/><V79/><F134/><W54/><G33/><T123/><D123/><U7/><E66/><V88/><REACH who="2" step="1"/><F79/><REACH who="2" ten="294,330,154,212" step="2"/><W82/><G127/><T98/><D77/><U113/><E113/><V59/><F59/><W68/><G125/><T51/><D78/><U124/><E124/><V133/><F133/><W41/><G68/><T117/><D117/><U73/><E38/><V19/><F19/><W65/><G41/><T36/><D36/><U63/><E37/><V29/><F29/><W111/><G111/><T24/><D56/><U4/><E63/><V97/><F97/><W100/><G18/><T39/><D98/><U72/><E31/><V99/><F99/><W61/><G61/><T45/><D39/><U85/><E73/><AGARI ba="1,1" hai="73,74,76,80,84,88,89,91,96,102,104,128,130,131" machi="73" ten="50,12000,2" yaku="1,1,19,1,34,3,54,1,53,0" doraHai="1" doraHaiUra="34" who="2" fromWho="1" sc="294,0,330,-123,154,133,212,0" /><INIT seed="2,0,0,4,4,24" ten="294,207,287,212" oya="2" hai0="8,96,47,61,92,78,106,28,63,120,94,15,66" hai1="102,67,87,5,62,79,99,0,88,27,44,82,36" hai2="68,132,30,110,91,21,25,95,55,84,113,31,43" hai3="111,34,104,46,59,16,60,124,100,38,103,54,19"/><V10/><F113/><W3/><G3/><T70/><D120/><U56/><E0/><V4/><F68/><W29/><G124/><T125/><D125/><U89/><E5/><V9/><F132/><W117/><G117/><T75/><D61/><U26/><E36/><V14/><F43/><W18/><G111/><T50/><D75/><U123/><E44/><V129/><F129/><W45/><G104/><T101/><D78/><U107/><E123/><V85/><F110/><W133/><G133/><T115/><D115/><U23/><REACH who="1" step="1"/><E27/><REACH who="1" ten="294,197,287,212" step="2"/><V77/><F9/><W98/><G38/><T53/><REACH who="0" step="1"/><D28/><AGARI ba="0,1" hai="23,26,28,56,62,67,79,82,87,88,89,99,102,107" machi="28" ten="30,12000,2" yaku="1,1,2,1,7,1,52,1,54,1,53,1" doraHai="24" doraHaiUra="83" who="1" fromWho="0" sc="294,-120,197,130,287,0,212,0" /><INIT seed="3,0,0,3,1,30" ten="174,327,287,212" oya="3" hai0="12,23,121,100,117,64,119,3,66,98,16,15,54" hai1="50,25,63,115,93,36,32,2,31,114,65,116,24" hai2="135,83,18,7,97,78,9,101,68,37,34,89,110" hai3="86,58,82,48,129,128,55,46,56,43,103,51,133"/><W22/><G133/><T38/><D38/><U21/><E36/><V90/><F37/><W79/><G103/><T14/><D121/><U29/><E2/><V81/><F68/><W26/><REACH who="3" step="1"/><G58/><REACH who="3" ten="174,327,287,202" step="2"/><T112/><D112/><U123/><E115/><V40/><F135/><W61/><G61/><T10/><D117/><U73/><E114/><V76/><F101/><W94/><G94/><T75/><D119/><U11/><E116/><V91/><F83/><W104/><G104/><T130/><D130/><U106/><E106/><V52/><F81/><W41/><G41/><T69/><D69/><U95/><E123/><V122/><F40/><W0/><G0/><T111/><D111/><U35/><E95/><V132/><F122/><W17/><AGARI ba="0,1" hai="17,22,26,43,46,48,51,55,56,79,82,86,128,129" machi="17" ten="30,11700,0" yaku="1,1,0,1,53,2" doraHai="30" doraHaiUra="44" who="3" fromWho="3" sc="174,-39,327,-39,287,-39,202,127" owari="135,-36.5,288,8.8,248,-15.2,329,42.9" /></mjloggm>