<mjloggm ver="2.3"><GO type="225" lobby="0"/><UN n0="%73%6C%69%63%6B%33%31%39" n1="%E9%80%9F%E6%B0%B4%E5%87%9B%E9%A6%99" n2="%48%61%61%61%6C%61%6E%64" n3="%E3%81%82%E3%81%84%E3%81%82%E3%81%8A%E3%81%84" dan="17,16,17,18" rate="2159.36,2114.90,2147.20,2199.00" sx="M,F,M,M"/><TAIKYOKU oya="0"/><INIT seed="0,0,0,2,2,133" ten="250,250,250,250" oya="0" hai0="37,125,39,116,56,17,93,91,60,67,36,83,102" hai1="78,71,41,33,132,81,134,76,104,110,15,131,114" hai2="52,43,30,50,75,32,54,59,106,53,89,123,22" hai3="73,13,94,16,103,9,120,70,108,95,86,31,121"/><T26/><D116/><U14/><E33/><V12/><F123/><W18/><G70/><T25/><D102/><U34/><E34/><V61/><F106/><W79/><G73/><T96/><D83/><U3/><E104/><V101/><F101/><W111/><G31/><T24/><REACH who="0" step="1"/><D17/><REACH who="0" ten="240,250,250,250" step="2"/><U20/><E81/><V19/><F75/><W44/><G18/><T7/><D7/><U28/><E134/><V85/><F30/><W107/><G103/><T113/><D113/><U88/><E132/><V4/><F4/><W119/><G16/><T21/><D21/><U64/><E114/><V35/><F35/><W105/><G119/><T109/><D109/><U49/><E110/><V82/><F32/><W128/><G111/><T55/><D55/><N who="2" m="21066" /><F43/><W0/><G108/><T47/><D47/><U11/><E41/><V42/><F42/><W23/><G44/><T5/><D5/><U84/><E28/><V62/><AGARI ba="0,1" hai="12,19,22,50,54,59,61,62,82,85,89" m="21066" machi="62" ten="30,2000,0" yaku="8,1,54,1" doraHai="133" who="2" fromWho="2" sc="240,-10,250,-5,250,30,250,-5" /><INIT seed="1,0,0,1,2,101" ten="230,245,280,245" oya="1" hai0="8,75,86,29,55,17,97,18,90,24,60,103,72" hai1="14,135,133,62,132,87,41,109,51,49,6,115,74" hai2="64,69,12,102,26,113,7,94,1,37,83,95,56" hai3="9,77,46,15,31,79,105,54,59,116,85,10,32"/><U16/><E74/><V3/><F69/><W118/><G105/><T52/><D75/><U108/><E115/><V71/><F71/><W44/><G31/><T66/><D72/><U126/><E126/><V93/><F37/><W38/><G32/><T80/><D66/><U48/><E6/><V13/><F113/><W119/><G9/><T117/><D117/><U63/><E87/><V131/><F131/><W45/><G85/><T99/><D99/><U76/><E76/><V106/><F83/><W4/><REACH who="3" step="1"/><G38/><REACH who="3" ten="230,245,280,235" step="2"/><T28/><D28/><U70/><E70/><V5/><F1/><W122/><G122/><T67/><D8/><N who="1" m="6215" /><E41/><V58/><F3/><W53/><G53/><T78/><D55/><U125/><E125/><V124/><F124/><W23/><G23/><N who="0" m="15519" /><D67/><U82/><E82/><V96/><F64/><W0/><G0/><T42/><D42/><U22/><E22/><V61/><F5/><W129/><G129/><T81/><D52/><U11/><E11/><V130/><F130/><W111/><G111/><AGARI ba="0,1" hai="48,49,51,62,63,108,109,111,132,133,135" m="6215" machi="111" ten="40,12000,1" yaku="14,1,10,1,20,1,54,1" doraHai="101" who="1" fromWho="3" sc="230,0,245,130,280,0,235,-120" /><INIT seed="1,1,0,1,2,60" ten="230,375,280,115" oya="1" hai0="88,105,68,30,13,40,97,95,120,65,63,111,33" hai1="72,47,5,51,45,112,66,26,8,96,15,106,55" hai2="21,127,41,57,32,36,83,102,7,108,61,56,123" hai3="67,119,115,25,98,113,17,37,23,28,126,87,14"/><U99/><E72/><V125/><F32/><W90/><G37/><T20/><D111/><U78/><E112/><V94/><F123/><W44/><G126/><T59/><D120/><U19/><E78/><V69/><F108/><W85/><G119/><T104/><D40/><U2/><E106/><V74/><F7/><W16/><G44/><T82/><D33/><U9/><E45/><N who="2" m="23719" /><F21/><W62/><G98/><T81/><D68/><U92/><E26/><V107/><F94/><W42/><G42/><T24/><REACH who="0" step="1"/><D13/><REACH who="0" ten="220,375,280,115" step="2"/><U86/><E15/><V132/><F69/><W114/><G14/><T77/><D77/><U91/><E2/><V64/><F127/><W3/><G3/><T71/><D71/><U22/><E5/><V128/><F125/><W11/><G11/><T129/><D129/><U0/><E8/><V12/><F128/><W46/><G46/><T89/><D89/><U27/><E91/><V50/><F12/><W35/><G35/><T29/><D29/><U84/><E47/><V4/><F4/><W49/><G49/><T10/><D10/><U18/><E51/><V122/><F122/><W134/><G134/><T117/><D117/><U43/><E9/><V103/><F132/><W1/><G1/><T31/><D31/><U70/><E0/><V79/><F50/><W34/><G34/><T101/><D101/><U100/><E100/><N who="2" m="38443" /><F107/><AGARI ba="1,1" hai="20,24,30,59,63,65,81,82,88,95,97,104,105,107" machi="107" ten="40,5200,0" yaku="1,1,52,1,54,1,53,0" doraHai="60" doraHaiUra="110" who="0" fromWho="2" sc="220,65,375,0,280,-55,115,0" /><INIT seed="2,0,0,0,5,96" ten="285,375,225,115" oya="2" hai0="3,70,79,133,113,100,42,59,71,104,57,106,85" hai1="39,33,14,94,68,78,76,12,32,86,40,6,91" hai2="34,31,120,125,90,4,129,77,65,83,63,2,44" hai3="82,16,20,30,105,53,5,112,22,107,52,55,134"/><V15/><F120/><W80/><G134/><T38/><D3/><U135/><E68/><V95/><F125/><W28/><G5/><T26/><D113/><U131/><E131/><V67/><F2/><W75/><G112/><T18/><D38/><U7/><E135/><V45/><F129/><W54/><N who="3" m="13312" /><DORA hai="118" /><W61/><G61/><T29/><D42/><U128/><E128/><V46/><F31/><W0/><G0/><T98/><D104/><U13/><E32/><V89/><F34/><W97/><G75/><T49/><D18/><U19/><E33/><V132/><F132/><W41/><G41/><T114/><D114/><U66/><E66/><V87/><F90/><W43/><G43/><T58/><D49/><U51/><E39/><V123/><F123/><W102/><G107/><T103/><D103/><U109/><E109/><V124/><F124/><W110/><G110/><T1/><D1/><U9/><E6/><V108/><F108/><W35/><G35/><T47/><D47/><N who="1" m="26087" /><E14/><V92/><F63/><W62/><G62/><T99/><D99/><U72/><E72/><V50/><F50/><W10/><G10/><AGARI ba="0,0" hai="7,9,10,12,13,19,76,78,86,91,94" m="26087" machi="10" ten="30,1000,0" yaku="8,1" doraHai="96,118" who="1" fromWho="3" sc="285,0,375,10,225,0,115,-10" /><INIT seed="3,0,0,3,0,101" ten="285,385,225,105" oya="3" hai0="123,16,110,24,75,42,93,76,120,9,112,56,28" hai1="114,82,60,32,6,59,46,132,92,31,54,10,39" hai2="19,1,68,117,79,98,53,78,99,58,23,115,4" hai3="38,34,97,121,36,18,128,67,119,109,44,35,40"/><W105/><G119/><T125/><D75/><U134/><E114/><V15/><F68/><W41/><G121/><T96/><D76/><U57/><E31/><V30/><F115/><W63/><G18/><T90/><D112/><U7/><E32/><V131/><F131/><W3/><G3/><T88/><D42/><U12/><E82/><V113/><F117/><W127/><G128/><T87/><D110/><U69/><E69/><V62/><F113/><W71/><G127/><T95/><D125/><U74/><E74/><V45/><F30/><W21/><G21/><T55/><D9/><U73/><E73/><V124/><F124/><W70/><G70/><T22/><D28/><U122/><E59/><V85/><F45/><N who="3" m="23687" /><G109/><T84/><D96/><N who="2" m="36906" /><F1/><W8/><G8/><T47/><D47/><U130/><E130/><V52/><F4/><W29/><G29/><T118/><D118/><U106/><E92/><V72/><F72/><W26/><G26/><T91/><D91/><U103/><E6/><V37/><F37/><W0/><G0/><T33/><D33/><U11/><E11/><V116/><F116/><W133/><G133/><T27/><D27/><U94/><E122/><V49/><F85/><W13/><G13/><T25/><D24/><U89/><E94/><V107/><F79/><W83/><G83/><T48/><AGARI ba="0,0" hai="16,22,25,48,55,56,84,87,88,90,93,95,120,123" machi="48" ten="20,8000,1" yaku="0,1,7,1,9,1,54,2" doraHai="101" who="0" fromWho="0" sc="285,80,385,-20,225,-20,105,-40" owari="365,46.5,365,16.5,205,-19.5,65,-43.5" /></mjloggm>