<mjloggm ver="2.3"><GO type="225" lobby="0"/><UN n0="%E7%AD%89%E3%80%85%E5%8A%9B%E5%8A%87%E5%A0%B4" n1="%6D%75%75%6D%75%72%61" n2="%E3%81%82%E3%81%B9%E3%81%99%E3%81%91" n3="%E5%B0%8F%E9%B3%A5%E9%81%8A%E7%B7%B4%E7%84%A1%32%31%E6%AD%B3" dan="16,16,16,16" rate="2104.37,2156.43,2110.44,2191.09" sx="M,F,M,F"/><TAIKYOKU oya="0"/><INIT seed="0,0,0,0,1,8" ten="250,250,250,250" oya="0" hai0="116,98,31,107,131,60,97,62,73,6,37,66,23" hai1="88,21,45,59,56,4,89,109,11,119,55,65,124" hai2="61,70,112,47,76,106,90,14,33,67,36,123,18" hai3="42,79,135,83,32,120,49,51,95,125,122,92,13"/><T3/><D116/><U54/><E119/><V126/><F123/><N who="3" m="47147" /><G32/><T63/><D73/><U40/><E109/><V38/><F112/><W43/><G125/><T87/><D37/><U74/><E74/><V1/><F1/><W129/><G129/><T85/><D131/><U7/><E124/><V118/><F118/><W20/><G135/><T58/><D3/><U101/><E101/><V52/><F106/><W0/><G0/><T84/><D107/><U44/><E21/><V68/><F68/><W121/><G49/><T117/><D117/><U128/><E128/><V10/><F33/><W115/><G115/><T77/><D77/><U132/><E132/><V12/><F76/><W19/><N who="3" m="47155" /><W94/><DORA hai="25" /><G51/><T34/><D34/><U75/><E75/><AGARI ba="0,0" hai="13,19,20,42,43,75,79,83,92,94,95" m="47155" machi="75" ten="40,2600,0" yaku="13,1,52,1" doraHai="8,25" who="3" fromWho="1" sc="250,0,250,-26,250,0,250,26" /><INIT seed="1,0,0,1,2,74" ten="250,224,250,276" oya="1" hai0="49,54,127,78,75,94,21,103,45,17,29,51,101" hai1="86,124,82,63,83,44,52,42,106,104,116,89,123" hai2="81,66,9,129,130,119,35,85,120,36,15,7,57" hai3="50,6,110,69,80,97,99,28,31,62,37,102,61"/><U59/><E116/><V91/><F119/><W68/><G37/><T12/><D127/><U109/><E123/><V65/><F120/><W96/><G102/><T72/><D72/><U128/><E124/><V93/><F35/><W25/><G6/><T88/><D29/><U24/><E128/><N who="2" m="49259" /><F36/><W58/><G110/><T114/><D114/><U41/><E109/><V18/><F57/><W84/><G50/><T73/><D73/><U32/><E83/><V105/><F105/><W47/><G47/><T118/><D118/><U135/><E135/><V132/><F132/><W79/><G28/><T40/><D75/><U19/><E42/><V22/><F81/><W133/><G133/><T5/><D5/><U39/><REACH who="1" step="1"/><E32/><REACH who="1" ten="250,214,250,276" step="2"/><V53/><F53/><W108/><G108/><T0/><D0/><AGARI ba="0,1" hai="0,7,9,15,18,22,65,66,85,91,93" m="49259" machi="0" ten="30,1000,0" yaku="19,1" doraHai="74" who="2" fromWho="0" sc="250,-10,214,0,250,20,276,0" /><INIT seed="2,0,0,5,0,39" ten="240,214,270,276" oya="2" hai0="77,42,29,53,12,34,76,125,124,10,126,36,73" hai1="55,131,120,20,11,134,2,105,130,87,118,63,4" hai2="111,74,41,135,112,109,101,30,13,51,119,44,8" hai3="88,50,31,91,37,110,75,45,128,15,104,121,24"/><V99/><F112/><W14/><G37/><T16/><D73/><U33/><E118/><V48/><F119/><W23/><G121/><T94/><D34/><U85/><E33/><V43/><F135/><W72/><G104/><T80/><D29/><U93/><E105/><V92/><F74/><W89/><G110/><N who="2" m="41993" /><F30/><W47/><G128/><N who="1" m="49194" /><E134/><V46/><F13/><W19/><G14/><T81/><D94/><U40/><E120/><V96/><F96/><W5/><G5/><T129/><D129/><U7/><E7/><V127/><F8/><W1/><G47/><N who="0" m="24007" /><D53/><U61/><E20/><V0/><F127/><W68/><G1/><AGARI ba="0,0" hai="0,1,41,43,44,46,48,51,92,99,101" m="41993" machi="1" ten="30,11600,0" yaku="14,1,10,1,52,2" doraHai="39" who="2" fromWho="3" sc="240,0,214,0,270,116,276,-116" /><INIT seed="2,1,0,3,1,121" ten="240,214,386,160" oya="2" hai0="2,76,75,6,79,114,32,93,24,124,53,54,101" hai1="104,84,16,71,88,18,108,116,34,100,41,65,128" hai2="19,30,126,92,35,95,0,118,37,12,127,109,78" hai3="48,45,14,94,40,91,27,68,23,4,46,97,51"/><V105/><F118/><W83/><G68/><T10/><D114/><U123/><E116/><V134/><F37/><W50/><G83/><T110/><D124/><U129/><E34/><V122/><F78/><W90/><G90/><T13/><D2/><U106/><E123/><V103/><F12/><W8/><REACH who="3" step="1"/><G46/><REACH who="3" ten="240,214,386,150" step="2"/><T59/><D79/><U87/><E88/><V29/><F122/><W61/><G61/><T133/><D76/><U63/><E71/><V120/><F120/><W47/><G47/><T7/><D75/><U77/><E77/><V39/><F127/><W64/><G64/><T115/><D115/><U33/><E65/><V130/><F126/><W15/><G15/><T3/><D13/><U70/><E70/><V5/><F0/><W43/><G43/><T20/><D3/><U99/><E63/><V69/><F69/><W86/><G86/><T36/><D53/><U125/><E125/><V49/><F105/><W66/><G66/><T117/><D54/><U26/><E106/><V98/><F95/><W52/><G52/><T25/><D93/><U9/><E41/><V38/><F92/><W72/><G72/><T44/><D44/><U80/><E80/><V21/><F39/><W56/><G56/><T17/><D59/><U102/><E104/><V96/><F38/><W113/><G113/><T85/><D85/><U74/><E74/><V1/><F1/><W62/><G62/><T82/><D36/><U58/><E58/><V131/><F49/><W28/><AGARI ba="1,1" hai="4,8,14,23,27,28,40,45,48,50,51,91,94,97" machi="28" ten="20,5200,0" yaku="1,1,0,1,7,1,8,1,53,0" doraHai="121" doraHaiUra="73" who="3" fromWho="3" sc="240,-14,214,-14,386,-27,150,65" /><INIT seed="3,0,0,4,1,99" ten="226,200,359,215" oya="3" hai0="10,29,35,125,93,50,46,68,38,103,69,95,121" hai1="111,43,45,49,71,60,20,48,98,13,30,36,113" hai2="54,78,130,25,72,31,129,24,53,79,118,105,104" hai3="74,32,22,123,132,117,131,3,4,55,119,1,97"/><W73/><G123/><T58/><D121/><U34/><E113/><V101/><F31/><W76/><G32/><T51/><D38/><U84/><E111/><V0/><F101/><W64/><G64/><T2/><D125/><U6/><E34/><V44/><F44/><W80/><G131/><T67/><D2/><U59/><E71/><V82/><F82/><W92/><G73/><T88/><D69/><U122/><E122/><V42/><F42/><W19/><G132/><T62/><D68/><U11/><E36/><V133/><F0/><W89/><G55/><T108/><D108/><U110/><E110/><V7/><F7/><W91/><G91/><T66/><D67/><N who="1" m="39327" /><E98/><V16/><F118/><W107/><G107/><T124/><D124/><U83/><E49/><V94/><F72/><W109/><G109/><T90/><D51/><U70/><E70/><V106/><F105/><W47/><G47/><T134/><D46/><U39/><E39/><V116/><F116/><W52/><G1/><T135/><D50/><U87/><E83/><V61/><F106/><W9/><G52/><T96/><D135/><U81/><E81/><V40/><F104/><W21/><G21/><T12/><D134/><U14/><E30/><V114/><F133/><W26/><AGARI ba="0,0" hai="3,4,9,19,22,26,74,76,80,89,92,97,117,119" machi="26" ten="20,2100,0" yaku="0,1,7,1" doraHai="99" who="3" fromWho="3" sc="226,-7,200,-7,359,-7,215,21" /><INIT seed="3,1,0,4,3,24" ten="219,193,352,236" oya="3" hai0="46,121,100,114,84,110,120,11,23,125,85,39,79" hai1="83,32,62,111,42,73,102,82,106,90,124,27,6" hai2="0,97,67,68,94,63,17,92,30,103,117,33,70" hai3="15,123,99,81,8,64,7,20,75,89,52,44,29"/><W56/><G123/><T101/><D110/><U1/><E111/><V80/><F0/><W105/><G64/><T14/><D125/><U41/><E124/><V47/><F80/><W72/><G44/><T25/><D114/><U78/><E62/><V21/><F70/><W35/><G35/><T9/><D39/><U50/><E50/><V34/><F30/><W129/><G129/><T5/><D11/><U87/><E1/><V60/><F60/><W76/><G75/><T43/><D121/><U107/><E6/><V112/><F94/><W126/><G126/><T93/><D120/><U98/><REACH who="1" step="1"/><E106/><REACH who="1" ten="219,183,352,236" step="2"/><V135/><F63/><W55/><G105/><T12/><D5/><U13/><E13/><V51/><F51/><W40/><G40/><T61/><D61/><U18/><E18/><V69/><F17/><W36/><G36/><T132/><D14/><U133/><E133/><V71/><F135/><W115/><G115/><T109/><D132/><U74/><E74/><V31/><F112/><W108/><G108/><T3/><D109/><U2/><E2/><V22/><F71/><W38/><G38/><T49/><D3/><U59/><E59/><V119/><F69/><W66/><G56/><T45/><D45/><U26/><E26/><V91/><F68/><W122/><G72/><T16/><D12/><U127/><E127/><V113/><F47/><W104/><G15/><T118/><D9/><U77/><E77/><V95/><F113/><W65/><G76/><T10/><D10/><U28/><AGARI ba="1,1" hai="27,28,32,41,42,73,78,82,83,87,90,98,102,107" machi="28" ten="30,4000,0" yaku="1,1,0,1,52,1,53,0" doraHai="24" doraHaiUra="53" who="1" fromWho="1" sc="219,-11,183,53,352,-11,236,-21" owari="208,-29.2,236,3.6,341,44.1,215,-18.5" /></mjloggm>