<mjloggm ver="2.3"><GO type="225" lobby="0"/><UN n0="%E3%81%99%E3%81%84%E3%81%BE%E3%81%9B%E3%83%BC%E3%82%93" n1="%6D%75%75%6D%75%72%61" n2="%E3%81%82%E3%81%99%E3%81%AB%E3%82%83%E3%82%80" n3="%E7%82%BA%E4%BA%86%E6%89%93%E6%95%97%E7%94%B7%E5%8F%8B%E7%9A%84" dan="16,16,16,16" rate="2112.66,2126.99,2189.21,2031.35" sx="M,F,F,F"/><TAIKYOKU oya="0"/><INIT seed="0,0,0,4,3,8" ten="250,250,250,250" oya="0" hai0="17,29,2,46,94,79,130,125,24,15,95,11,10" hai1="111,112,107,19,4,55,57,13,114,87,26,54,7" hai2="45,135,117,62,30,12,25,47,116,100,9,27,97" hai3="96,91,123,88,56,133,115,82,63,74,49,103,43"/><T89/><D125/><U75/><E75/><V128/><F135/><W113/><G133/><T64/><D130/><U120/><E120/><V3/><F3/><W80/><G123/><T40/><D79/><U35/><E107/><V127/><F127/><W18/><G18/><T41/><D64/><U23/><E111/><V5/><F62/><W134/><G134/><T0/><D94/><U34/><E87/><V70/><F70/><W86/><G43/><T90/><D90/><U48/><E55/><V72/><F72/><W110/><G49/><T118/><D118/><N who="2" m="45674" /><F128/><W126/><G110/><T42/><D46/><N who="2" m="17418" /><F30/><W105/><G126/><T83/><D83/><U38/><E38/><V65/><F65/><W32/><G32/><N who="1" m="12330" /><E26/><V68/><F68/><W101/><G101/><T129/><D129/><U51/><E51/><V119/><N who="2" m="45682" /><V37/><DORA hai="44" /><F37/><W36/><G36/><T131/><D131/><U58/><E58/><V122/><F122/><W93/><G74/><T61/><D61/><U85/><E85/><V73/><F73/><W20/><G82/><T59/><D59/><U104/><E104/><AGARI ba="0,0" hai="5,9,12,25,27,97,100,104" m="17418,45682" machi="104" ten="40,2600,0" yaku="12,1,52,1" doraHai="8,44" who="2" fromWho="1" sc="250,0,250,-26,250,26,250,0" /><INIT seed="1,0,0,1,4,103" ten="250,224,276,250" oya="1" hai0="50,1,33,3,27,118,87,114,92,52,22,29,0" hai1="88,94,106,25,53,130,126,90,66,55,60,73,41" hai2="16,45,48,42,121,131,13,132,99,105,72,12,82" hai3="127,49,75,68,23,63,95,125,81,79,26,123,89"/><U80/><E126/><N who="3" m="48138" /><G123/><T100/><D114/><U38/><E130/><V129/><F121/><W76/><G76/><T51/><D118/><U40/><E106/><V78/><F132/><W98/><G49/><T56/><D50/><U37/><E25/><V7/><F7/><W101/><G63/><T97/><REACH who="0" step="1"/><D87/><REACH who="0" ten="240,224,276,250" step="2"/><U59/><E37/><V112/><F112/><W96/><G68/><T64/><D64/><U102/><E38/><V120/><F120/><W134/><G134/><T24/><D24/><U85/><E73/><V107/><F129/><W34/><G34/><AGARI ba="0,1" hai="0,1,3,22,27,29,33,34,51,52,56,92,97,100" machi="34" ten="40,2600,0" yaku="1,1,54,1,53,0" doraHai="103" doraHaiUra="36" who="0" fromWho="3" sc="240,36,224,0,276,0,250,-26" /><INIT seed="2,0,0,0,5,134" ten="276,224,276,224" oya="2" hai0="34,47,13,43,117,11,31,10,15,120,119,40,66" hai1="63,57,53,75,106,62,3,135,64,18,65,115,46" hai2="35,109,110,107,133,130,93,132,67,99,45,85,81" hai3="100,28,114,102,118,124,127,95,90,87,103,68,19"/><V58/><F35/><W22/><G118/><N who="0" m="45067" /><D120/><U23/><E115/><V125/><F107/><W20/><G68/><T50/><D66/><U41/><E135/><N who="2" m="51787" /><F45/><W108/><G108/><N who="2" m="41577" /><F58/><W4/><G114/><T94/><D94/><U16/><E106/><V1/><F1/><W12/><G4/><N who="0" m="3271" /><D31/><U96/><E3/><V122/><F122/><W97/><G28/><T25/><D25/><U8/><E65/><V72/><F67/><W92/><REACH who="3" step="1"/><G22/><REACH who="3" ten="276,224,276,214" step="2"/><T36/><D34/><U26/><E23/><V80/><F130/><W113/><G113/><T105/><D105/><U112/><E112/><V86/><F125/><AGARI ba="0,1" hai="12,19,20,87,90,92,95,97,100,102,103,124,125,127" machi="125" ten="40,8000,1" yaku="1,1,18,1,52,3,53,0" doraHai="134" doraHaiUra="24" who="3" fromWho="2" sc="276,0,224,0,276,-80,214,90" /><INIT seed="3,0,0,1,5,91" ten="276,224,196,304" oya="3" hai0="54,10,68,104,22,17,57,122,40,129,30,7,49" hai1="130,50,95,128,9,24,121,13,103,133,110,61,125" hai2="18,41,115,46,35,23,82,79,118,62,132,39,58" hai3="47,97,105,28,88,45,56,89,11,124,101,8,25"/><W0/><G124/><T71/><D122/><U42/><E121/><V99/><F115/><W126/><G126/><T86/><D104/><U135/><E125/><V51/><F118/><W20/><G56/><T55/><D129/><N who="1" m="49771" /><E110/><V37/><F35/><W63/><G63/><T67/><D30/><U93/><E103/><V84/><F132/><N who="1" m="50761" /><E61/><V29/><F29/><W78/><G78/><T123/><D123/><U44/><E24/><V60/><F60/><W75/><G75/><T76/><D71/><U120/><E120/><V81/><F81/><W53/><G0/><T3/><D68/><U108/><E108/><V5/><F5/><AGARI ba="0,0" hai="5,9,13,42,44,50,93,95" m="50761,49771" machi="5" ten="30,7700,0" yaku="19,1,20,1,52,2" doraHai="91" who="1" fromWho="2" sc="276,0,224,77,196,-77,304,0" owari="276,-12.4,301,10.1,119,-38.1,304,40.4" /></mjloggm>