<mjloggm ver="2.3"><GO type="225" lobby="0"/><UN n0="%48%61%61%61%6C%61%6E%64" n1="%E7%89%B9%E6%9D%B1%E3%81%AF%E4%B8%96%E7%95%8C%E3%82%92%E6%95%91%E3%81%86" n2="%6D%75%75%6D%75%72%61" n3="%E3%81%BE%E3%81%A8%E3%81%9F" dan="17,16,17,16" rate="2152.82,2131.25,2175.50,2122.45" sx="M,M,F,M"/><TAIKYOKU oya="0"/><INIT seed="0,0,0,2,3,57" ten="250,250,250,250" oya="0" hai0="33,13,110,8,38,56,39,78,46,102,83,122,80" hai1="51,24,134,65,127,35,63,21,108,70,14,103,106" hai2="53,115,17,117,81,111,96,67,90,34,40,104,25" hai3="12,85,3,99,130,66,20,69,62,18,4,76,105"/><T73/><D122/><U91/><E108/><V79/><F115/><W48/><G130/><T41/><D110/><U60/><E134/><V26/><F111/><W61/><G3/><T128/><D128/><U47/><E127/><V45/><F117/><W89/><G76/><T116/><D116/><U28/><E91/><V55/><F67/><W52/><G4/><T49/><D33/><U123/><E123/><V0/><F0/><W30/><G30/><T37/><D102/><U109/><E109/><V86/><F26/><W98/><G105/><T93/><D93/><U9/><E63/><N who="3" m="24074" /><G66/><T10/><D83/><U84/><E84/><V126/><F126/><W75/><G75/><T42/><D56/><U2/><E2/><V16/><F34/><W97/><G69/><T50/><REACH who="0" step="1"/><D13/><REACH who="0" ten="240,250,250,250" step="2"/><U74/><E35/><V71/><F71/><W101/><G101/><T120/><D120/><U43/><E103/><V94/><F104/><W31/><G31/><T131/><D131/><U36/><E106/><V92/><F92/><N who="3" m="54319" /><G99/><T72/><D72/><U87/><E74/><V82/><F82/><W5/><G5/><T113/><D113/><U107/><E107/><V68/><F68/><W29/><G29/><T44/><AGARI ba="0,1" hai="8,10,37,38,39,41,42,44,46,49,50,73,78,80" machi="44" ten="40,7800,0" yaku="1,1,0,1,9,1,53,0" doraHai="57" doraHaiUra="59" who="0" fromWho="0" sc="240,88,250,-26,250,-26,250,-26" /><INIT seed="0,1,0,2,0,9" ten="328,224,224,224" oya="0" hai0="89,30,75,81,46,68,113,110,128,32,88,76,38" hai1="20,94,61,111,39,21,87,24,79,90,34,77,118" hai2="109,100,124,3,82,106,42,102,44,126,48,66,40" hai3="7,43,36,25,132,70,19,119,112,84,8,121,116"/><T22/><D113/><U115/><E118/><V129/><F109/><W10/><G112/><T5/><D32/><U54/><E115/><V1/><F129/><W74/><G74/><T65/><D128/><U31/><E39/><V92/><F106/><W37/><G70/><T130/><D130/><U26/><E111/><V50/><F66/><W45/><G37/><T80/><D110/><U104/><E104/><V11/><F82/><W35/><G132/><T73/><D5/><U64/><E54/><V95/><F11/><W83/><G121/><T96/><D96/><U2/><E2/><V108/><F108/><W53/><G53/><T57/><D68/><U62/><E34/><V135/><REACH who="2" step="1"/><F44/><REACH who="2" ten="328,224,214,224" step="2"/><W23/><G10/><T55/><D65/><U14/><E64/><V51/><F51/><W41/><G116/><T12/><D46/><U107/><E107/><V60/><F60/><N who="1" m="23145" /><E14/><V97/><F97/><W13/><G119/><T63/><D38/><U29/><AGARI ba="1,1" hai="20,21,24,26,29,31,77,79,87,90,94" m="23145" machi="29" ten="30,1100,0" yaku="8,1" doraHai="9" who="1" fromWho="1" sc="328,-6,224,24,214,-4,224,-4" /><INIT seed="1,0,0,1,4,95" ten="322,248,210,220" oya="1" hai0="48,133,36,20,9,131,99,59,5,90,116,34,62" hai1="102,81,51,44,45,50,67,43,89,70,80,79,1" hai2="91,113,24,86,52,22,128,37,71,41,103,54,16" hai3="38,18,49,6,122,111,105,8,11,65,73,40,132"/><U84/><E1/><V130/><F113/><W56/><G122/><T118/><D36/><U33/><E33/><V72/><F72/><W109/><G132/><T53/><D34/><U42/><E102/><V31/><F71/><W27/><G73/><T94/><D133/><U129/><E129/><N who="2" m="49771" /><F103/><W74/><G74/><T127/><D131/><U76/><REACH who="1" step="1"/><E81/><REACH who="1" ten="322,238,210,220" step="2"/><N who="2" m="49615" /><F31/><W23/><G109/><T82/><D82/><U61/><AGARI ba="0,1" hai="42,43,44,45,50,51,61,67,70,76,79,80,84,89" machi="61" ten="30,6000,0" yaku="1,1,0,1,9,1,53,0" doraHai="95" doraHaiUra="106" who="1" fromWho="1" sc="322,-20,238,70,210,-20,220,-20" /><INIT seed="1,1,0,2,3,10" ten="302,308,190,200" oya="1" hai0="73,129,68,2,116,35,18,7,8,133,26,83,63" hai1="56,46,75,54,104,119,30,125,121,0,50,77,4" hai2="82,20,109,53,124,42,113,127,120,21,81,95,118" hai3="115,79,66,25,36,27,99,32,117,93,78,44,111"/><U13/><E119/><V101/><F118/><W23/><G115/><T19/><D116/><U58/><E121/><V16/><F120/><W38/><G111/><T114/><D114/><U62/><E104/><V47/><F113/><W92/><G117/><T102/><D129/><U74/><E0/><V3/><F109/><W52/><G66/><T67/><D133/><U71/><E71/><V97/><F3/><W17/><G32/><T34/><D102/><U22/><E77/><V90/><F53/><W85/><G36/><T105/><D105/><U96/><E125/><N who="2" m="48203" /><F21/><W15/><G38/><T59/><D68/><U39/><E54/><V128/><F101/><W86/><G92/><T28/><REACH who="0" step="1"/><D35/><REACH who="0" ten="292,308,190,200" step="2"/><U49/><E39/><N who="2" m="21983" /><F128/><W106/><G106/><T33/><D33/><U41/><E75/><V134/><F134/><W5/><G79/><AGARI ba="1,1" hai="2,7,8,18,19,26,28,34,59,63,67,73,79,83" machi="79" ten="40,1300,0" yaku="1,1,53,0" doraHai="10" doraHaiUra="103" who="0" fromWho="3" sc="292,26,308,0,190,0,200,-16" /><INIT seed="2,0,0,4,1,45" ten="318,308,190,184" oya="2" hai0="109,58,84,22,9,80,68,75,14,91,51,21,28" hai1="94,1,113,116,87,98,130,4,97,122,119,95,124" hai2="108,90,17,57,2,101,33,93,6,34,112,38,55" hai3="123,77,104,61,133,43,70,92,88,42,72,69,13"/><V65/><F112/><W89/><G133/><T127/><D68/><U29/><E29/><V96/><F38/><W11/><G123/><T66/><D109/><U63/><E4/><V25/><F108/><W107/><G72/><T10/><D127/><U82/><E1/><V85/><F65/><W78/><G104/><T64/><D75/><U53/><E53/><V83/><F17/><W31/><G107/><T8/><D14/><U32/><E63/><V71/><F71/><W19/><G31/><T23/><D28/><U56/><E56/><V52/><F25/><W99/><G70/><T47/><REACH who="0" step="1"/><D58/><REACH who="0" ten="308,308,190,184" step="2"/><U81/><E124/><V3/><F3/><W111/><G111/><T15/><D15/><U73/><E73/><V121/><F121/><W12/><G12/><T30/><D30/><U110/><E110/><V117/><F117/><W46/><G89/><T134/><D134/><U79/><E122/><V114/><F114/><W36/><REACH who="3" step="1"/><G42/><AGARI ba="0,1" hai="8,9,10,21,22,23,42,47,51,64,66,80,84,91" machi="42" ten="40,12000,2" yaku="1,1,8,1,52,1,53,3" doraHai="45" doraHaiUra="7" who="0" fromWho="3" sc="308,130,308,0,190,0,184,-120" /><INIT seed="3,0,0,1,3,47" ten="438,308,190,64" oya="3" hai0="41,3,127,123,122,57,0,63,115,75,87,116,7" hai1="133,12,128,98,95,4,53,85,8,102,15,103,106" hai2="88,29,112,23,93,107,100,130,121,90,26,50,77" hai3="16,36,31,78,38,59,74,65,118,67,44,18,39"/><W96/><G118/><T125/><D75/><U105/><E128/><V69/><F112/><W24/><G44/><T80/><D41/><U124/><E133/><V109/><F69/><W37/><N who="3" m="9216" /><DORA hai="113" /><W134/><G134/><T33/><D33/><U66/><E124/><N who="0" m="47689" /><D116/><U76/><E66/><V117/><F107/><W17/><G96/><T64/><D115/><U21/><E105/><V114/><F130/><W48/><G78/><N who="0" m="46487" /><D7/><U56/><E106/><V82/><F100/><W11/><G74/><T135/><D135/><U32/><E32/><V86/><F77/><W91/><G91/><T73/><D73/><U49/><E103/><V132/><F90/><W2/><G2/><AGARI ba="0,0" hai="0,2,3,57,63,64,122,123" m="46487,47689" machi="2" ten="30,1000,0" yaku="18,1" doraHai="47,113" who="0" fromWho="3" sc="438,10,308,0,190,0,64,-10" owari="448,54.8,308,10.8,190,-21.0,54,-44.6" /></mjloggm>