<mjloggm ver="2.3"><GO type="225" lobby="0"/><UN n0="%E3%81%8F%E3%81%BE%E3%81%96%E3%82%8F" n1="%E5%B8%86%E7%AB%8B%E5%A4%8F%E8%A1%A3" n2="%72%61%6B%33" n3="%72%69%6F%75%63%68%61%6E" dan="16,16,16,17" rate="2083.35,2107.15,2159.52,2238.85" sx="M,M,M,M"/><TAIKYOKU oya="0"/><INIT seed="0,0,0,5,2,17" ten="250,250,250,250" oya="0" hai0="78,19,6,40,126,93,66,21,129,77,110,60,109" hai1="62,25,68,95,106,14,88,46,45,117,116,119,3" hai2="38,135,23,118,49,84,131,81,30,107,4,24,28" hai3="64,127,43,120,58,20,108,47,22,123,96,0,5"/><T1/><D126/><U61/><E3/><V15/><F38/><W97/><G108/><N who="0" m="41579" /><D40/><U132/><E132/><V76/><F135/><W36/><G127/><T34/><D34/><U55/><E106/><V91/><F131/><W9/><G96/><T31/><D31/><U13/><E25/><V54/><F118/><W41/><G43/><T80/><D129/><U128/><E128/><V53/><F107/><W122/><REACH who="3" step="1"/><G97/><REACH who="3" ten="250,250,250,240" step="2"/><T63/><D78/><U115/><E119/><V85/><F28/><W113/><G113/><T65/><D77/><U94/><E115/><V29/><F30/><W72/><G72/><T27/><D93/><U50/><E116/><V105/><F105/><W32/><G32/><T74/><D74/><U100/><E117/><V48/><F76/><W114/><G114/><T26/><D80/><U67/><E95/><V44/><F85/><W121/><N who="3" m="30720" /><DORA hai="12" /><W73/><G73/><T92/><D92/><U87/><E100/><V101/><F101/><W130/><G130/><T82/><D82/><U11/><E94/><V103/><F103/><W2/><G2/><T8/><D27/><U33/><E33/><V112/><F112/><W75/><G75/><T37/><D37/><U133/><E133/><V134/><F134/><W42/><G42/><T35/><D35/><U125/><E125/><V59/><F81/><W124/><G124/><T56/><D63/><AGARI ba="0,1" hai="0,5,9,20,22,36,41,47,58,63,64" m="30720" machi="63" ten="70,12000,2" yaku="1,1,13,1,52,2,53,3" doraHai="17,12" doraHaiUra="7,18" who="3" fromWho="0" sc="250,-120,250,0,250,0,240,130" /><INIT seed="1,0,0,5,1,14" ten="130,250,250,370" oya="1" hai0="41,36,100,108,135,119,99,94,46,48,86,127,22" hai1="26,69,54,32,20,44,62,121,45,122,68,66,56" hai2="129,96,38,51,7,115,97,89,76,27,92,133,88" hai3="91,124,105,37,132,39,10,84,65,2,71,18,33"/><U43/><E32/><V75/><F38/><W3/><G105/><T106/><D119/><U5/><E5/><V16/><F129/><W131/><G131/><T64/><D108/><U11/><E11/><V110/><F110/><W82/><G33/><T90/><D127/><U116/><E116/><V59/><F133/><W17/><G132/><T81/><D135/><U15/><E15/><V34/><F115/><W31/><G124/><T112/><D112/><U4/><E4/><V57/><F7/><W13/><G31/><T8/><D64/><U87/><E87/><V53/><F34/><W6/><G2/><T128/><D128/><U47/><E43/><V95/><F75/><W74/><G74/><T117/><D117/><U25/><E25/><V28/><F76/><W58/><G71/><T24/><D8/><U55/><E69/><V114/><F114/><W80/><G80/><T113/><D113/><U79/><E79/><V42/><F42/><W130/><G130/><T126/><D126/><U35/><E35/><V118/><F118/><W103/><G103/><T52/><D36/><U50/><REACH who="1" step="1"/><E55/><REACH who="1" ten="130,240,250,370" step="2"/><V40/><F40/><W29/><G6/><T49/><D41/><U125/><E125/><V9/><F9/><W93/><G10/><T72/><D72/><U12/><E12/><V120/><F27/><W19/><G13/><T67/><D67/><U104/><E104/><V21/><F53/><W1/><G1/><T109/><D109/><U102/><E102/><V98/><F89/><N who="3" m="51351" /><G3/><T77/><D77/><U23/><E23/><V123/><F21/><W61/><G29/><AGARI ba="0,1" hai="20,26,29,44,45,47,50,54,56,62,66,68,121,122" machi="29" ten="40,3900,0" yaku="1,1,6,1,53,0" doraHai="14" doraHaiUra="83" who="1" fromWho="3" sc="130,0,240,49,250,0,370,-39" /><INIT seed="1,1,0,4,2,34" ten="130,289,250,331" oya="1" hai0="17,119,61,13,35,115,29,45,89,52,133,14,118" hai1="128,40,78,132,114,31,111,1,2,30,82,127,12" hai2="46,70,76,123,47,134,117,86,71,10,113,73,7" hai3="68,124,26,97,129,8,125,95,19,0,57,94,51"/><U16/><E114/><V81/><F117/><W50/><G129/><T99/><D115/><U92/><E128/><V20/><F113/><W102/><G68/><T39/><D133/><U67/><E132/><V6/><F123/><W9/><G94/><T15/><D39/><U55/><E67/><V122/><F122/><W101/><G101/><T22/><D35/><U37/><E55/><V112/><F112/><W105/><G105/><T65/><D29/><U44/><E92/><V126/><F134/><W87/><G87/><T96/><D118/><U91/><E91/><V42/><F126/><N who="3" m="48747" /><G57/><T135/><D119/><U130/><E127/><V41/><F20/><N who="3" m="13599" /><G9/><T25/><D135/><U72/><E130/><V18/><F18/><W11/><G8/><T54/><D89/><U108/><E31/><V62/><F86/><W5/><AGARI ba="1,0" hai="0,5,11,50,51,95,97,102" m="13599,48747" machi="5" ten="30,2000,0" yaku="18,1,52,1" doraHai="34" who="3" fromWho="3" sc="130,-6,289,-11,250,-6,331,23" /><INIT seed="2,0,0,5,1,91" ten="124,278,244,354" oya="2" hai0="59,63,74,81,75,121,42,38,27,66,111,52,130" hai1="90,36,84,19,125,57,56,26,69,37,15,24,8" hai2="14,41,126,82,13,83,77,68,70,2,104,123,43" hai3="86,34,22,62,103,129,119,128,72,11,9,88,23"/><V135/><F77/><W71/><G119/><T85/><D121/><U94/><E69/><V127/><F2/><W61/><G34/><T5/><D111/><U46/><E125/><V33/><F33/><W55/><G72/><T58/><D130/><N who="3" m="50281" /><G103/><T80/><D5/><U40/><E37/><V95/><F123/><W87/><G55/><T120/><D120/><U78/><E78/><V53/><F53/><W6/><G86/><T32/><D38/><U54/><REACH who="1" step="1"/><E57/><REACH who="1" ten="124,268,244,354" step="2"/><V47/><F127/><W18/><G71/><T50/><D42/><U67/><E67/><V17/><F126/><W89/><G89/><T39/><D39/><U98/><E98/><V131/><F131/><W112/><G112/><T106/><D106/><U132/><E132/><V105/><F135/><W133/><G133/><T93/><D80/><U4/><E4/><V108/><F105/><W49/><G49/><AGARI ba="0,1" hai="8,15,19,24,26,36,40,46,49,54,56,84,90,94" machi="49" ten="30,3900,0" yaku="1,1,7,1,52,1,53,0" doraHai="91" doraHaiUra="3" who="1" fromWho="3" sc="124,0,268,49,244,0,354,-39" /><INIT seed="3,0,0,1,2,74" ten="124,317,244,315" oya="3" hai0="120,114,65,5,38,78,20,46,30,118,14,23,133" hai1="81,8,119,84,88,56,127,116,13,32,58,111,50" hai2="98,35,15,6,2,125,80,96,131,105,64,108,48" hai3="95,113,60,75,59,68,107,67,62,27,85,22,25"/><W97/><G113/><T11/><D118/><N who="1" m="45099" /><E111/><V17/><F108/><W100/><G75/><T115/><D120/><U16/><E127/><V45/><F125/><W7/><G7/><T52/><D133/><U86/><E32/><V92/><F131/><W3/><G3/><T55/><D65/><U87/><E50/><V40/><F35/><W83/><G107/><T31/><D38/><U42/><E42/><V34/><F34/><W18/><G27/><T112/><D46/><U9/><E9/><V12/><F2/><W43/><G43/><T121/><D121/><U4/><E4/><V26/><F105/><W33/><G33/><T109/><D109/><U130/><E130/><V53/><F64/><W123/><G123/><T128/><D128/><U24/><E24/><V117/><F117/><W106/><G106/><T61/><D61/><U39/><E39/><V103/><F98/><W63/><G68/><T134/><D134/><U94/><E81/><V29/><F6/><W69/><G69/><T90/><D90/><AGARI ba="0,0" hai="18,22,25,59,60,62,63,67,83,85,90,95,97,100" machi="90" ten="30,2900,0" yaku="7,1,8,1" doraHai="74" who="3" fromWho="0" sc="124,-29,317,0,244,0,315,29" owari="95,-40.5,317,11.7,244,-15.6,344,44.4" /></mjloggm>