<mjloggm ver="2.3"><GO type="225" lobby="0"/><UN n0="%E7%89%B9%E6%9D%B1%E3%81%AF%E4%B8%96%E7%95%8C%E3%82%92%E6%95%91%E3%81%86" n1="%E3%83%81%E3%83%AF%E3%83%AF%E9%9A%8A%E9%95%B7" n2="%79%75%72%69%6D%6F%67" n3="%E5%8D%A0%E3%81%84%E5%B8%AB%E8%A3%8F%E3%81%AA%E3%81%84%E3%81%97" dan="16,16,16,17" rate="2139.61,2111.25,2145.67,2196.74" sx="M,M,F,M"/><TAIKYOKU oya="0"/><INIT seed="0,0,0,5,4,103" ten="250,250,250,250" oya="0" hai0="134,118,40,58,37,102,0,126,21,94,64,123,45" hai1="54,47,129,71,98,36,12,42,128,97,35,76,105" hai2="63,41,75,46,31,117,85,107,1,133,2,8,13" hai3="11,55,79,61,82,106,73,125,88,109,19,34,124"/><T52/><D118/><U5/><E35/><V96/><F133/><W131/><G34/><T114/><D114/><U127/><E71/><V22/><F75/><W99/><G109/><T108/><D123/><U80/><E127/><N who="3" m="48714" /><G131/><N who="1" m="50250" /><E105/><V116/><F63/><W17/><G11/><T122/><D122/><U74/><E54/><V86/><F22/><W120/><G120/><T70/><D126/><U90/><E90/><V28/><F2/><W14/><G14/><T112/><D112/><U39/><E39/><V84/><F31/><W26/><G26/><T50/><D134/><U57/><E57/><V16/><F28/><W48/><G61/><N who="0" m="40207" /><D0/><U60/><E60/><V23/><F1/><W6/><G6/><T69/><D69/><U72/><E72/><V3/><F8/><AGARI ba="0,0" hai="5,8,12,36,42,47,74,76,80,97,98" m="50250" machi="8" ten="30,1000,0" yaku="19,1" doraHai="103" who="1" fromWho="2" sc="250,0,250,10,250,-10,250,0" /><INIT seed="1,0,0,2,1,20" ten="250,260,240,250" oya="1" hai0="17,26,107,88,14,40,6,106,114,73,85,111,64" hai1="72,13,90,92,44,77,3,96,1,31,108,38,76" hai2="0,103,94,82,41,37,28,83,45,63,113,21,22" hai3="46,115,60,47,93,68,121,80,35,120,7,89,52"/><U62/><E108/><V61/><F113/><W4/><G115/><T102/><D114/><U91/><E72/><V79/><F0/><W81/><G35/><T58/><D73/><U51/><E38/><V18/><F82/><W124/><G124/><T16/><D111/><U9/><E1/><V15/><F94/><W27/><G68/><T71/><D71/><U43/><E3/><V132/><F103/><W30/><G121/><T112/><D40/><U125/><E125/><V33/><F33/><W134/><G134/><T42/><D42/><U78/><E31/><V126/><F132/><W95/><G120/><T104/><D112/><U56/><E90/><V23/><F126/><W54/><G89/><T110/><D110/><U32/><E32/><V117/><F117/><W66/><G30/><T34/><D102/><U48/><E48/><V127/><F127/><W135/><G60/><T5/><D34/><U53/><REACH who="1" step="1"/><E77/><REACH who="1" ten="250,250,240,250" step="2"/><V24/><REACH who="2" step="1"/><F22/><REACH who="2" ten="250,250,230,250" step="2"/><W86/><G135/><T70/><D88/><U49/><E49/><V75/><AGARI ba="0,2" hai="15,18,21,23,24,28,37,41,45,61,63,75,79,83" machi="75" ten="20,12000,2" yaku="1,1,2,1,0,1,7,1,52,1,53,1" doraHai="20" doraHaiUra="39" who="2" fromWho="2" sc="250,-30,250,-60,230,140,250,-30" /><INIT seed="2,0,0,1,3,115" ten="220,190,370,220" oya="2" hai0="50,13,78,42,27,29,108,2,131,59,55,112,43" hai1="11,128,98,116,104,132,100,40,82,35,52,1,36" hai2="122,17,7,47,41,68,72,109,118,62,57,103,117" hai3="81,102,64,31,130,33,3,75,25,135,39,18,28"/><V37/><F72/><W121/><G121/><T88/><D112/><U65/><E35/><V15/><F122/><W133/><G130/><T53/><D2/><U45/><E128/><V56/><F68/><W8/><G39/><T105/><D131/><U60/><E132/><N who="3" m="50762" /><G102/><T12/><D105/><U95/><E95/><V34/><F34/><W89/><G64/><T5/><D108/><U77/><E116/><V79/><F79/><N who="3" m="44287" /><G28/><T22/><D78/><U69/><E52/><V54/><F103/><W120/><G120/><T10/><D13/><U61/><E61/><V26/><F109/><W51/><G51/><N who="0" m="31167" /><D88/><U0/><REACH who="1" step="1"/><E11/><REACH who="1" ten="220,180,370,220" step="2"/><V87/><F117/><W63/><G63/><T84/><D84/><AGARI ba="0,1" hai="0,1,36,40,45,60,65,69,77,82,84,98,100,104" machi="84" ten="30,7700,0" yaku="1,1,2,1,7,1,53,1" doraHai="115" doraHaiUra="94" who="1" fromWho="0" sc="220,-77,180,87,370,0,220,0" /><INIT seed="3,0,0,5,3,60" ten="143,267,370,220" oya="3" hai0="118,112,113,84,95,99,12,0,71,8,122,35,25" hai1="34,79,21,33,126,102,50,97,116,61,133,120,2" hai2="119,36,19,44,128,134,51,45,3,114,26,124,103" hai3="42,100,47,67,72,62,73,39,30,87,20,69,77"/><W135/><G135/><T48/><D118/><U83/><E120/><V64/><F114/><W31/><G100/><T65/><D122/><U76/><E2/><V75/><F75/><W7/><G7/><T63/><D0/><U24/><E116/><V17/><F3/><W98/><G98/><T85/><D48/><U55/><E61/><V22/><F36/><W129/><G129/><T74/><D74/><U93/><E76/><V15/><F119/><W106/><G106/><T13/><D13/><U117/><E133/><V96/><F134/><W28/><G20/><T29/><D113/><U89/><E102/><V46/><F124/><W132/><G132/><T53/><D53/><U94/><E94/><N who="2" m="58775" /><F64/><W37/><G37/><T57/><D71/><U23/><E126/><V40/><F128/><W66/><G66/><T41/><D41/><U86/><E21/><AGARI ba="0,0" hai="15,17,19,21,22,26,40,44,45,46,51" m="58775" machi="21" ten="30,1000,0" yaku="8,1" doraHai="60" who="2" fromWho="1" sc="143,0,267,-10,370,10,220,0" owari="143,-35.7,257,5.7,380,48.0,220,-18.0" /></mjloggm>