<mjloggm ver="2.3"><GO type="225" lobby="0"/><UN n0="%E3%83%9D%E3%82%B1%E3%83%83%E3%83%88" n1="%E6%A1%9C%E8%8A%B1%E9%96%83%E3%80%85" n2="%E3%82%8C%E3%81%99%E3%81%93" n3="%E7%B4%94%E6%BD%94%E3%83%94%E3%83%A9%E3%83%8B%E3%82%A2" dan="16,17,17,17" rate="2101.19,2177.34,2172.75,2237.32" sx="M,M,F,M"/><TAIKYOKU oya="0"/><INIT seed="0,0,0,4,4,38" ten="250,250,250,250" oya="0" hai0="47,26,21,129,32,28,16,65,46,50,114,56,97" hai1="22,92,1,94,106,70,81,91,14,85,122,15,24" hai2="53,132,10,98,123,55,120,35,95,51,112,5,93" hai3="19,128,33,117,107,127,20,119,76,135,78,104,113"/><T105/><D114/><U57/><E70/><V77/><F112/><W71/><G71/><T73/><D73/><U86/><E122/><V110/><F35/><W59/><G59/><T9/><D129/><U68/><E68/><V89/><F110/><W75/><G20/><T72/><D72/><U39/><E106/><V36/><F36/><W109/><G19/><T34/><D9/><U126/><E1/><V44/><F132/><W99/><G33/><T101/><D32/><U83/><E126/><V17/><F77/><W67/><G67/><T121/><D121/><U64/><E39/><V108/><F108/><W3/><G3/><T27/><REACH who="0" step="1"/><D50/><REACH who="0" ten="240,250,250,250" step="2"/><U49/><E49/><V23/><F123/><W103/><G75/><T31/><D31/><N who="1" m="17815" /><E14/><N who="2" m="5455" /><F120/><W2/><G2/><T25/><D25/><U6/><E15/><N who="2" m="9663" /><F95/><W8/><G8/><T7/><D7/><U54/><E6/><V96/><F96/><W130/><G113/><T74/><D74/><U88/><E94/><V125/><F125/><W62/><G127/><T0/><D0/><U41/><E92/><V52/><AGARI ba="0,1" hai="44,51,52,53,55,89,93,98" m="9663,5455" machi="52" ten="30,2000,0" yaku="8,1,54,1" doraHai="38" who="2" fromWho="2" sc="240,-10,250,-5,250,30,250,-5" /><INIT seed="1,0,0,0,0,82" ten="230,245,280,245" oya="1" hai0="5,35,58,133,38,129,85,30,119,104,59,54,62" hai1="25,75,127,22,15,42,63,110,6,122,55,98,39" hai2="106,66,1,130,47,131,108,12,19,46,76,86,41" hai3="118,28,8,114,16,116,89,134,36,78,24,64,81"/><U67/><E122/><V4/><F106/><W100/><G36/><T65/><D119/><N who="3" m="45609" /><G114/><T57/><D133/><U103/><E75/><V45/><F108/><W95/><G64/><T44/><D104/><U90/><E127/><V26/><F26/><W135/><G100/><T32/><D129/><N who="2" m="49162" /><F66/><W17/><G95/><T72/><D72/><U21/><E55/><V79/><F41/><W112/><G89/><T43/><D5/><U0/><E0/><V37/><F37/><W105/><G105/><T101/><D101/><U52/><E103/><V107/><F107/><W113/><G113/><T91/><D30/><U60/><E67/><V11/><F86/><N who="3" m="48439" /><G8/><AGARI ba="0,0" hai="1,4,8,11,12,19,45,46,47,76,79" m="49162" machi="8" ten="30,1000,0" yaku="19,1" doraHai="82" who="2" fromWho="3" sc="230,0,245,0,280,10,245,-10" /><INIT seed="2,0,0,4,0,80" ten="230,245,290,235" oya="2" hai0="15,113,120,38,76,125,134,39,44,30,123,43,65" hai1="133,79,36,92,14,1,112,3,46,51,110,84,87" hai2="29,13,75,114,33,0,54,8,81,68,27,64,56" hai3="6,72,104,77,22,107,37,45,32,86,95,128,91"/><V88/><F114/><W34/><G128/><T7/><D113/><U74/><E112/><V71/><F64/><W135/><G135/><T59/><D30/><U2/><E36/><N who="0" m="13865" /><D76/><U89/><E133/><V52/><F0/><W17/><G6/><T53/><D15/><U16/><E110/><V115/><F115/><W41/><G72/><T105/><D7/><U55/><E74/><V101/><F101/><W10/><G10/><T122/><D105/><U116/><E116/><V70/><F56/><W49/><G77/><T57/><D134/><U83/><E1/><V98/><F75/><W4/><G4/><T61/><D125/><U108/><E108/><V106/><F106/><W109/><G109/><T31/><D31/><U85/><E85/><V58/><F58/><W93/><G93/><T97/><D97/><U19/><E19/><V129/><F129/><W63/><G63/><N who="0" m="36271" /><D122/><U100/><E100/><V124/><F124/><W42/><G104/><T82/><D82/><U132/><E132/><V78/><F78/><W131/><G107/><T28/><D28/><U50/><E50/><AGARI ba="0,0" hai="43,44,50,59,61,65,120,123" m="36271,13865" machi="50" ten="30,2000,0" yaku="34,2" doraHai="80" who="0" fromWho="1" sc="230,20,245,-20,290,0,235,0" /><INIT seed="3,0,0,4,2,62" ten="250,225,290,235" oya="3" hai0="65,125,74,132,51,42,58,118,127,41,11,23,112" hai1="103,73,29,24,106,87,72,75,4,134,30,120,122" hai2="26,17,13,31,32,63,46,86,129,1,59,45,121" hai3="114,33,101,84,97,37,71,10,124,61,43,12,25"/><W102/><G114/><T0/><D74/><U96/><E134/><V92/><F1/><W76/><G124/><T133/><D23/><U28/><E4/><V115/><F115/><W40/><G101/><T107/><D107/><U135/><E135/><N who="0" m="51785" /><D0/><U109/><E109/><V64/><F129/><W128/><G128/><T56/><D11/><U2/><E2/><V113/><F113/><W83/><G37/><T19/><D19/><U55/><E55/><V7/><F7/><W79/><G79/><T15/><D15/><U53/><E53/><V131/><F131/><W66/><G25/><T3/><D3/><U44/><E44/><V94/><F121/><W88/><G33/><T67/><D118/><U34/><REACH who="1" step="1"/><E87/><REACH who="1" ten="250,215,290,235" step="2"/><V39/><F86/><W57/><G76/><T82/><D112/><U126/><E126/><V99/><F45/><W69/><G43/><T14/><D125/><U18/><E18/><V117/><F117/><W38/><G40/><T104/><D127/><U21/><E21/><V81/><F46/><W91/><G38/><T27/><D41/><U93/><E93/><V89/><F39/><W35/><G35/><T8/><D42/><U16/><E16/><V50/><F94/><W49/><G49/><T78/><D51/><U54/><E54/><V52/><F50/><W110/><G110/><T70/><D8/><U80/><E80/><V130/><F130/><W100/><G91/><T85/><D78/><U5/><E5/><V60/><F81/><W9/><G9/><T111/><D82/><U47/><E47/><V123/><F32/><W116/><G116/><RYUUKYOKU ba="0,1" sc="250,-10,215,30,290,-10,235,-10" hai1="24,28,29,30,34,72,73,75,96,103,106,120,122" /><INIT seed="4,1,1,0,1,54" ten="240,245,280,225" oya="0" hai0="24,111,86,4,3,29,127,79,71,61,56,53,19" hai1="116,83,36,110,60,45,109,95,126,28,125,68,84" hai2="31,78,70,37,48,57,88,131,33,122,130,39,74" hai3="101,5,6,67,123,64,114,81,1,14,16,23,104"/><T0/><D127/><N who="1" m="48651" /><E28/><V119/><F70/><W69/><G114/><T87/><D111/><U98/><E45/><V55/><F122/><W94/><G123/><T85/><D79/><N who="1" m="46207" /><E36/><V132/><F132/><W47/><G104/><T10/><D19/><U51/><E51/><V15/><F119/><W115/><G115/><T80/><D71/><U27/><E27/><N who="2" m="18687" /><F15/><W62/><G1/><T129/><D129/><N who="2" m="49162" /><F88/><W77/><G47/><T90/><REACH who="0" step="1"/><D3/><REACH who="0" ten="230,245,280,225" step="2"/><U43/><E116/><V25/><F25/><W52/><G69/><T76/><D76/><U99/><E110/><V82/><AGARI ba="1,2" hai="37,39,48,55,57,74,78,82" m="49162,18687" machi="82" ten="30,2000,0" yaku="19,1,52,1" doraHai="54" who="2" fromWho="2" sc="230,-11,245,-6,280,43,225,-6" owari="219,-18.1,239,3.9,323,42.3,219,-28.1" /></mjloggm>