<mjloggm ver="2.3"><GO type="225" lobby="0"/><UN n0="%E3%81%86%E3%81%A9%E3%82%93%E3%81%93" n1="%E9%97%98%E5%B0%86%E3%81%A0%E3%82%93%E3%81%A7%E3%81%83" n2="%E5%BA%97%E9%95%B7%4D" n3="%E5%B8%86%E7%AB%8B%E5%A4%8F%E8%A1%A3" dan="16,16,16,16" rate="2127.34,2140.97,2068.18,2131.95" sx="M,M,M,M"/><TAIKYOKU oya="0"/><INIT seed="0,0,0,3,5,17" ten="250,250,250,250" oya="0" hai0="7,49,24,1,35,118,114,4,86,75,76,126,85" hai1="112,64,47,71,89,97,120,122,128,51,14,67,111" hai2="48,45,96,32,26,9,27,121,28,34,117,70,73" hai3="52,11,57,30,74,99,92,91,55,109,20,61,115"/><T13/><D114/><U93/><E111/><V132/><F73/><W46/><G115/><T21/><D118/><U54/><E112/><V68/><F121/><W103/><G74/><T81/><D126/><U56/><E128/><V38/><F117/><W33/><G109/><T78/><D1/><U59/><E120/><V60/><F132/><W18/><G33/><T3/><D3/><U31/><E122/><V133/><F133/><W62/><G11/><T108/><D108/><U127/><E127/><V37/><F96/><W40/><G30/><T42/><D35/><U130/><E130/><V72/><F72/><W95/><G62/><T94/><D75/><U66/><E71/><V82/><F82/><W129/><G129/><T116/><D13/><U90/><E31/><V87/><F87/><N who="3" m="52351" /><G40/><T43/><D116/><U22/><REACH who="1" step="1"/><E90/><REACH who="1" ten="250,240,250,250" step="2"/><V6/><F70/><W0/><G0/><T88/><D78/><U29/><E29/><V15/><F68/><W100/><G100/><T98/><D98/><U5/><E5/><N who="0" m="2121" /><D49/><U25/><E25/><V8/><F27/><N who="3" m="14743" /><G46/><T102/><D102/><U16/><AGARI ba="0,1" hai="14,16,22,47,51,54,56,59,64,66,67,89,93,97" machi="16" ten="30,8000,1" yaku="1,1,0,1,8,1,52,1,54,1,53,0" doraHai="17" doraHaiUra="77" who="1" fromWho="1" sc="250,-40,240,90,250,-20,250,-20" /><INIT seed="1,0,0,3,0,41" ten="210,330,230,230" oya="1" hai0="43,70,21,13,126,82,46,27,45,88,114,22,30" hai1="19,133,9,39,93,119,8,67,47,31,123,122,14" hai2="78,76,98,103,16,62,127,110,18,84,6,10,52" hai3="50,128,60,33,25,118,28,61,36,26,4,72,102"/><U109/><E119/><V11/><F110/><W117/><G36/><T124/><D114/><U24/><E67/><V97/><F127/><N who="0" m="48682" /><D70/><U101/><E109/><V44/><F11/><W55/><G72/><T35/><D13/><U69/><E69/><V112/><F112/><W108/><G108/><T132/><D132/><U3/><E101/><V49/><F62/><W73/><G73/><T7/><D7/><N who="1" m="1151" /><E93/><N who="2" m="58799" /><F98/><W85/><G128/><T37/><D45/><U115/><E47/><V130/><F130/><W68/><G4/><T15/><D15/><U1/><E39/><V79/><F84/><AGARI ba="0,0" hai="21,22,27,30,35,37,43,46,82,84,88" m="48682" machi="84" ten="30,3900,0" yaku="18,1,52,1,54,1" doraHai="41" who="0" fromWho="2" sc="210,39,330,0,230,-39,230,0" /><INIT seed="2,0,0,5,5,59" ten="249,330,191,230" oya="2" hai0="117,14,52,61,86,64,84,130,30,131,115,24,2" hai1="25,107,129,94,49,29,44,5,71,23,50,56,125" hai2="88,96,73,87,43,112,67,33,16,53,46,83,134" hai3="74,31,3,95,60,77,120,34,72,92,118,45,116"/><V13/><F33/><W66/><G95/><T113/><D2/><U82/><E71/><V98/><F112/><N who="0" m="43082" /><D117/><U58/><E107/><V81/><F134/><W7/><G92/><T32/><D14/><U75/><E129/><N who="0" m="49161" /><D64/><U91/><E125/><V102/><F67/><W89/><G89/><T109/><D109/><U22/><E50/><N who="2" m="28887" /><F43/><W97/><G97/><N who="2" m="37481" /><F73/><W17/><G72/><T76/><D76/><U106/><E106/><V135/><F135/><W35/><G77/><T10/><D10/><U20/><E5/><V103/><F83/><W38/><G74/><T19/><D19/><U55/><E82/><V78/><F78/><W70/><G17/><T18/><D18/><U4/><E4/><V79/><F79/><W100/><G7/><T21/><D32/><U68/><E68/><V105/><F105/><W128/><G35/><T90/><D90/><U0/><E0/><V93/><F93/><W9/><G3/><T124/><D124/><U54/><E75/><V111/><F111/><W51/><G128/><T127/><D127/><U6/><E6/><V37/><F37/><W121/><G38/><T132/><D132/><U110/><E110/><V101/><F101/><W12/><G100/><T99/><D99/><U47/><E91/><V26/><F26/><N who="3" m="18807" /><G118/><T39/><D39/><U69/><E69/><V41/><F41/><N who="3" m="25007" /><G116/><T11/><D11/><AGARI ba="0,0" hai="11,13,16,81,87,88,102,103" m="37481,28887" machi="11" ten="30,11600,0" yaku="25,1,8,1,54,2" doraHai="59" who="2" fromWho="0" sc="249,-116,330,0,191,116,230,0" /><INIT seed="2,1,0,3,3,131" ten="133,330,307,230" oya="2" hai0="88,61,17,9,133,83,86,97,84,69,92,67,74" hai1="2,103,100,47,35,1,43,79,4,57,96,55,10" hai2="123,30,11,75,119,106,51,116,113,99,70,114,16" hai3="102,25,63,107,0,129,34,22,41,38,12,90,31"/><V68/><F30/><W72/><G72/><T19/><D74/><U95/><E35/><V124/><F51/><W78/><G129/><T36/><D36/><U80/><E2/><V128/><F75/><W105/><G78/><T89/><D133/><U33/><E33/><V104/><F128/><W134/><G0/><T18/><REACH who="0" step="1"/><D86/><REACH who="0" ten="123,330,307,230" step="2"/><U66/><E79/><V58/><F114/><W77/><G77/><T21/><D21/><U50/><E80/><V98/><F113/><W108/><G134/><T54/><D54/><U110/><E55/><V126/><F123/><W64/><G22/><T5/><D5/><U42/><E43/><V85/><F85/><W120/><G41/><T26/><D26/><U56/><E4/><V28/><F119/><W60/><G120/><T62/><D62/><U8/><E42/><V115/><F116/><W135/><G63/><T48/><D48/><U15/><E50/><V23/><F23/><W13/><G38/><T14/><AGARI ba="1,1" hai="9,14,17,18,19,61,67,69,83,84,88,89,92,97" machi="14" ten="30,4000,0" yaku="1,1,0,1,54,1,53,0" doraHai="131" doraHaiUra="49" who="0" fromWho="0" sc="123,53,330,-11,307,-21,230,-11" /><INIT seed="3,0,0,3,3,59" ten="176,319,286,219" oya="3" hai0="119,115,111,40,16,7,101,35,34,77,102,104,19" hai1="57,82,117,38,15,132,71,30,39,121,37,47,91" hai2="110,56,83,9,79,97,53,135,45,32,86,68,62" hai3="78,8,105,44,41,43,112,50,36,100,58,22,95"/><W0/><G112/><T69/><D119/><U60/><E71/><V124/><F32/><W23/><G105/><T96/><D115/><U29/><E121/><V76/><F110/><W11/><G78/><T74/><D111/><U51/><E39/><V2/><F124/><W52/><G41/><T90/><D102/><U24/><E38/><V103/><F135/><W64/><G64/><T21/><D7/><U130/><E37/><V94/><F68/><W116/><G116/><T70/><D40/><N who="1" m="25063" /><E130/><V75/><F45/><W98/><G0/><T13/><D70/><U73/><E73/><V125/><F125/><W14/><REACH who="3" step="1"/><G11/><REACH who="3" ten="176,319,286,209" step="2"/><T92/><D69/><U4/><E117/><V107/><F79/><W27/><G27/><T72/><D72/><U63/><E24/><V126/><F126/><W127/><G127/><T123/><D123/><U54/><E132/><V80/><F80/><W120/><G120/><T31/><D31/><U131/><E30/><V108/><F108/><W49/><G49/><T1/><D1/><U5/><E29/><V65/><F65/><W17/><AGARI ba="0,1" hai="8,14,17,22,23,36,43,44,50,52,58,95,98,100" machi="17" ten="20,12000,1" yaku="1,1,0,1,7,1,54,1,53,1" doraHai="59" doraHaiUra="10" who="3" fromWho="3" sc="176,-40,319,-40,286,-40,209,130" owari="136,-36.4,279,7.9,246,-15.4,339,43.9" /></mjloggm>