<mjloggm ver="2.3"><GO type="225" lobby="0"/><UN n0="%E6%98%93%E5%88%A9%E8%96%A9%E4%BC%AF" n1="%E5%B0%8F%E9%B3%A5%E9%81%8A%E7%B7%B4%E7%84%A1%32%31%E6%AD%B3" n2="%6D%75%75%73%61%6E%6D%75" n3="%33%74%72%65%65" dan="16,16,16,16" rate="2065.05,2206.31,2148.59,2129.53" sx="F,F,F,F"/><TAIKYOKU oya="0"/><INIT seed="0,0,0,4,3,16" ten="250,250,250,250" oya="0" hai0="81,68,117,33,130,126,75,46,26,12,89,91,135" hai1="48,47,35,114,93,83,104,31,39,72,97,9,82" hai2="92,45,88,98,105,7,24,52,116,77,40,54,34" hai3="11,123,64,120,25,6,4,19,115,121,15,37,44"/><T132/><D68/><U22/><E39/><V23/><F116/><W122/><N who="3" m="30720" /><DORA hai="51" /><W62/><G115/><T112/><D112/><U107/><E35/><V86/><F34/><W79/><G79/><T125/><D12/><U102/><E114/><V134/><F7/><W30/><G44/><T110/><D46/><U106/><E9/><V111/><F134/><N who="0" m="51242" /><D110/><U74/><E74/><V71/><F71/><N who="3" m="42391" /><G37/><T38/><D38/><U118/><E72/><V10/><F10/><W76/><G76/><N who="0" m="44191" /><D117/><U94/><E118/><V119/><F111/><W133/><G133/><T27/><D27/><U36/><E36/><V29/><F119/><W58/><G58/><T28/><D130/><U108/><E108/><V41/><F45/><W55/><G25/><T127/><AGARI ba="0,0" hai="26,28,33,89,91,125,126,127" m="44191,51242" machi="127" ten="40,3900,0" yaku="18,1,20,1" doraHai="16,51" who="0" fromWho="0" sc="250,39,250,-13,250,-13,250,-13" /><INIT seed="0,1,0,1,2,112" ten="289,237,237,237" oya="0" hai0="126,89,15,68,6,22,95,87,121,33,81,132,72" hai1="122,63,128,25,117,70,110,133,134,23,76,31,69" hai2="11,3,85,55,30,77,39,109,59,32,43,35,8" hai3="103,60,62,96,24,73,17,27,99,123,61,4,16"/><T111/><D121/><U29/><E110/><V120/><F109/><W113/><G113/><T131/><D33/><U130/><E122/><V92/><F120/><W98/><G123/><T74/><D111/><U65/><E76/><V37/><F3/><W105/><G73/><T102/><D68/><U28/><E70/><V47/><F39/><W97/><REACH who="3" step="1"/><G4/><REACH who="3" ten="289,237,237,227" step="2"/><T71/><D74/><U104/><E104/><V100/><F37/><W21/><G21/><T107/><D6/><U50/><E50/><V12/><F35/><W18/><AGARI ba="1,1" hai="16,17,18,24,27,60,61,62,96,97,98,99,103,105" machi="18" ten="40,8000,1" yaku="1,1,0,1,29,2,54,1,53,0" doraHai="112" doraHaiUra="5" who="3" fromWho="3" sc="289,-41,237,-21,237,-21,227,93" /><INIT seed="1,0,0,4,4,104" ten="248,216,216,320" oya="1" hai0="62,112,47,23,98,100,107,88,41,49,108,27,15" hai1="37,26,42,31,54,121,13,123,14,87,20,9,19" hai2="90,89,101,116,103,126,111,6,38,7,52,50,67" hai3="83,81,86,1,79,109,5,17,124,58,74,73,44"/><U34/><E37/><V33/><F38/><W2/><G109/><T56/><D112/><U99/><E42/><V24/><F116/><W43/><G124/><T48/><D108/><U127/><E87/><V21/><F111/><W71/><G71/><T113/><D15/><U60/><E127/><V16/><F67/><W85/><G17/><T59/><D49/><U63/><E99/><V75/><F75/><W11/><G2/><T12/><D12/><U28/><E54/><V4/><F33/><W30/><G58/><T118/><D113/><U135/><E135/><V46/><F126/><W69/><G30/><T78/><D78/><U94/><E94/><V0/><F0/><W133/><G69/><T131/><D131/><U114/><E114/><V115/><F115/><W45/><G133/><T65/><D118/><U84/><E84/><V80/><F80/><W132/><G44/><T105/><D59/><U106/><E106/><V97/><REACH who="2" step="1"/><F103/><REACH who="2" ten="248,216,206,320" step="2"/><W82/><G132/><T119/><D119/><U93/><E34/><V32/><F32/><W29/><G82/><T36/><D36/><U25/><E121/><V55/><F55/><W3/><G3/><T117/><D117/><U70/><E123/><V96/><F96/><W110/><G110/><T64/><D64/><U95/><E70/><V68/><F68/><W125/><G125/><T102/><D102/><U53/><E53/><V76/><F76/><W10/><G81/><T57/><D100/><U92/><REACH who="1" step="1"/><E13/><REACH who="1" ten="248,206,206,320" step="2"/><V35/><F35/><W22/><G79/><T91/><D98/><U77/><E77/><V51/><F51/><RYUUKYOKU ba="0,2" sc="248,-15,206,15,206,15,320,-15" hai1="9,14,19,20,25,26,28,31,60,63,92,93,95" hai2="4,6,7,16,21,24,46,50,52,89,90,97,101" /><INIT seed="1,1,2,3,4,6" ten="233,221,221,305" oya="1" hai0="74,96,30,111,98,115,92,55,118,47,35,65,23" hai1="127,54,52,122,2,61,125,32,90,26,132,104,13" hai2="102,123,42,36,68,37,56,100,10,18,25,14,112" hai3="89,131,109,62,22,77,45,85,11,129,126,88,75"/><U3/><E122/><V117/><F68/><W116/><G109/><T41/><D115/><U114/><E114/><V108/><F112/><W128/><G126/><N who="1" m="48138" /><E104/><V43/><F123/><W134/><G134/><T16/><D111/><U80/><E132/><V73/><F73/><W7/><G116/><T99/><D74/><U60/><E13/><V57/><F117/><W71/><G75/><T82/><D65/><U48/><E80/><V135/><F108/><W0/><G45/><T58/><D82/><U19/><E90/><V86/><F135/><W49/><G89/><T105/><D105/><U101/><E101/><N who="2" m="39019" /><F37/><W97/><G131/><T4/><D4/><U106/><E106/><V12/><F36/><W53/><G129/><T84/><D84/><U9/><E32/><V31/><F86/><W66/><G85/><T110/><D118/><U107/><E107/><V67/><F14/><W28/><G128/><T120/><D120/><U78/><E78/><V44/><F44/><W83/><G77/><T29/><D35/><U24/><E2/><V113/><F113/><W20/><G83/><T94/><D92/><U64/><E61/><N who="2" m="38311" /><F57/><W38/><G0/><T81/><D81/><U1/><E1/><V8/><F8/><W5/><G11/><T59/><D94/><U91/><E3/><V95/><F95/><W15/><G15/><N who="0" m="9631" /><D110/><U50/><E26/><V33/><F33/><W17/><G71/><T72/><D72/><U119/><E119/><V87/><F87/><W124/><G124/><T79/><D79/><U76/><E76/><V103/><F103/><W70/><G70/><RYUUKYOKU ba="1,2" sc="233,-10,221,-10,221,30,305,-10" hai2="10,12,18,25,31,42,43" /><INIT seed="2,2,2,3,0,7" ten="223,211,251,295" oya="2" hai0="117,87,12,38,130,84,19,39,44,128,30,53,45" hai1="114,129,63,106,81,94,33,5,22,72,1,8,9" hai2="103,75,135,55,35,70,6,97,79,23,60,113,62" hai3="88,76,20,111,17,98,89,67,25,82,110,52,24"/><V102/><F113/><W41/><G67/><T3/><D3/><U64/><E106/><V15/><F35/><W99/><G41/><T54/><D30/><U27/><E114/><V108/><F135/><W0/><G0/><T2/><D2/><U95/><E33/><V4/><F75/><N who="3" m="43295" /><G25/><T11/><D117/><U14/><E129/><N who="0" m="49769" /><D45/><U26/><E81/><V124/><F70/><W126/><G126/><T18/><D18/><U127/><E72/><V34/><F34/><W74/><G74/><T29/><D29/><U86/><E127/><V58/><F124/><W96/><G52/><N who="0" m="20075" /><D39/><U46/><E46/><V118/><F118/><W48/><G48/><T56/><D56/><U100/><E27/><V31/><F58/><W10/><G24/><T116/><D116/><U92/><E100/><V121/><F55/><W69/><G69/><T112/><D112/><U109/><E64/><V91/><F31/><W16/><G17/><T49/><D49/><U120/><E63/><V13/><F62/><W105/><G20/><T78/><D78/><U21/><E22/><V132/><F79/><W80/><G16/><T51/><D51/><U65/><E65/><V28/><F60/><W123/><G105/><T93/><D93/><U125/><E125/><V57/><F57/><W77/><G77/><T131/><N who="0" m="49777" /><T115/><DORA hai="71" /><D115/><U119/><E119/><V73/><F28/><W134/><G80/><T85/><D85/><U42/><E86/><V133/><F73/><W47/><G47/><T40/><AGARI ba="2,2" hai="11,12,19,38,40,44,84,87" m="20075,49777" machi="40" ten="50,8000,1" yaku="19,1,52,2,54,1" doraHai="7,71" who="0" fromWho="0" sc="223,106,211,-22,251,-42,295,-22" /><INIT seed="3,0,0,2,4,48" ten="329,189,209,273" oya="3" hai0="36,133,103,55,14,50,94,97,4,16,68,87,40" hai1="80,84,21,81,131,8,37,135,29,46,52,3,105" hai2="95,130,54,112,83,9,66,117,85,92,100,125,5" hai3="41,104,118,114,96,91,115,76,28,73,13,109,35"/><W57/><G118/><T119/><D119/><U60/><E105/><V78/><F117/><W33/><G41/><T72/><D72/><U34/><E34/><V11/><F112/><W121/><G13/><T30/><D68/><U31/><E135/><V90/><F125/><W61/><G121/><T69/><D69/><U102/><E102/><V134/><F134/><W88/><G109/><T12/><D30/><U74/><E74/><V6/><F130/><W65/><G33/><T77/><D36/><U101/><E101/><V116/><F116/><W7/><G7/><N who="2" m="2569" /><F66/><W49/><G104/><T106/><D40/><U58/><E131/><V10/><F100/><W18/><G35/><T19/><D133/><U42/><E81/><V63/><F78/><W23/><G76/><T53/><D53/><U22/><E8/><V62/><F62/><W38/><G61/><T0/><D0/><U25/><E3/><V98/><F98/><W113/><G65/><T71/><D71/><U93/><E93/><V126/><F126/><W26/><G38/><T20/><D4/><U108/><E108/><V56/><AGARI ba="0,0" hai="9,10,11,54,56,63,83,85,90,92,95" m="2569" machi="56" ten="30,2000,0" yaku="8,1,52,1" doraHai="48" who="2" fromWho="2" sc="329,-5,189,-5,209,20,273,-10" owari="324,42.4,184,-31.6,229,-17.1,263,6.3" /></mjloggm>