<mjloggm ver="2.3"><GO type="225" lobby="0"/><UN n0="%E5%8D%A0%E3%81%84%E5%B8%AB%E8%A3%8F%E3%81%AA%E3%81%84%E3%81%97" n1="%E3%83%97%E3%83%AC%E3%83%B4%E3%82%A1%E3%83%86%E3%82%A3" n2="%73%6C%69%63%6B%33%31%39" n3="%E8%BE%9B%E5%8F%A3%E3%82%AB%E3%83%AC%E3%83%BC%E3%83%A9%E3%82%A4%E3%82%B9" dan="16,16,16,16" rate="2129.88,2116.69,2083.38,2235.65" sx="M,F,M,M"/><TAIKYOKU oya="0"/><INIT seed="0,0,0,2,1,98" ten="250,250,250,250" oya="0" hai0="51,80,34,99,25,30,36,42,104,28,50,8,101" hai1="68,103,127,21,76,23,35,3,70,33,73,13,72" hai2="12,111,22,88,46,125,57,63,95,77,66,90,100" hai3="2,85,124,87,114,55,107,67,39,18,128,83,19"/><T94/><D30/><U17/><E127/><V108/><F125/><W78/><G124/><T52/><D36/><U26/><E76/><V11/><F77/><W29/><G114/><T135/><D135/><U20/><E3/><V130/><F130/><W71/><G39/><T106/><D80/><U122/><E122/><V81/><F22/><W132/><G2/><T89/><D8/><U115/><E115/><V116/><F116/><W40/><G107/><T24/><D24/><U79/><E79/><V37/><F81/><W96/><G40/><T119/><D119/><U7/><E7/><V16/><F100/><W38/><G38/><T109/><D109/><N who="2" m="42058" /><F95/><W121/><G128/><T118/><D118/><U97/><E21/><V110/><N who="2" m="42066" /><V47/><DORA hai="74" /><F47/><W126/><G126/><T14/><D14/><U53/><E73/><V84/><F84/><W49/><G87/><T113/><D113/><U65/><E72/><V131/><F131/><W44/><G132/><T64/><D64/><U5/><E65/><V105/><F105/><W91/><G29/><T92/><D42/><AGARI ba="0,0" hai="11,12,16,37,42,46,57,63,66,88,90" m="42066" machi="42" ten="40,5200,0" yaku="14,1,54,2" doraHai="98,74" who="2" fromWho="0" sc="250,-52,250,0,250,52,250,0" /><INIT seed="1,0,0,1,5,102" ten="198,250,302,250" oya="1" hai0="49,37,111,12,10,58,39,135,65,51,121,45,32" hai1="78,120,48,94,68,127,27,6,62,9,15,25,35" hai2="77,92,83,33,44,42,125,76,21,28,40,110,1" hai3="103,134,80,133,46,75,113,117,128,24,23,131,54"/><U56/><E120/><V112/><F1/><W19/><G113/><T72/><D32/><U124/><E78/><V69/><F69/><W104/><G117/><T84/><D72/><U52/><E35/><V20/><F33/><W122/><G122/><T100/><D121/><U36/><E36/><V59/><F110/><W3/><G3/><T97/><D111/><U34/><E34/><V38/><F125/><N who="1" m="48201" /><E94/><V132/><F132/><N who="3" m="50795" /><G80/><T109/><D135/><U90/><E90/><V99/><F112/><W4/><G4/><T98/><D109/><U79/><E79/><V93/><F77/><W17/><G75/><T67/><D84/><U95/><E95/><V119/><F93/><W5/><G5/><T91/><D91/><U63/><E63/><V105/><F92/><W70/><G70/><T55/><D37/><U106/><E106/><V8/><F38/><W85/><G85/><T118/><D39/><U129/><E129/><V81/><F81/><W14/><G104/><T47/><D118/><U60/><E60/><V74/><F105/><W31/><G103/><T22/><D100/><U101/><E101/><V30/><F119/><W89/><G89/><T73/><D73/><U88/><E88/><V115/><F115/><W130/><G14/><T108/><D108/><U43/><E43/><V64/><F42/><W87/><G87/><T114/><D114/><U82/><E82/><V16/><F83/><W0/><G0/><T11/><D98/><U96/><E96/><V18/><F99/><W50/><AGARI ba="0,0" hai="17,19,23,24,31,46,50,54,128,130,131" m="50795" machi="50" ten="40,2700,0" yaku="19,1,20,1" doraHai="102" who="3" fromWho="3" sc="198,-7,250,-13,302,-7,250,27" /><INIT seed="2,0,0,5,0,15" ten="191,237,295,277" oya="2" hai0="85,13,62,117,125,98,64,4,46,102,38,2,57" hai1="23,66,47,78,109,36,63,27,3,56,16,131,54" hai2="11,33,10,128,28,107,30,37,50,0,84,76,120" hai3="135,101,119,108,1,21,124,129,77,116,87,14,61"/><V93/><F37/><W31/><G1/><T99/><D2/><U43/><E3/><V133/><F107/><W60/><G108/><T69/><D125/><U24/><E109/><V17/><F120/><W52/><G124/><T104/><D117/><U75/><E131/><V94/><F128/><W79/><G129/><T106/><D85/><U44/><E75/><V7/><F33/><W122/><G122/><T67/><D38/><U118/><E78/><V130/><F130/><W71/><G135/><T68/><D46/><U113/><E113/><V95/><F133/><W51/><G71/><T100/><D4/><U58/><E118/><V92/><F50/><W41/><G41/><T126/><D126/><U12/><E44/><V45/><F45/><N who="3" m="27759" /><G116/><T74/><D74/><U5/><E5/><V97/><F7/><W48/><G48/><AGARI ba="0,0" hai="12,16,23,24,27,36,43,47,48,54,56,58,63,66" machi="48" ten="30,3900,0" yaku="7,1,52,1,54,1" doraHai="15" who="1" fromWho="3" sc="191,0,237,39,295,0,277,-39" /><INIT seed="3,0,0,5,2,33" ten="191,276,295,238" oya="3" hai0="117,65,0,17,47,60,74,34,18,2,48,31,80" hai1="35,115,95,13,120,41,45,82,19,88,97,57,77" hai2="1,84,55,62,50,78,3,87,127,36,73,72,104" hai3="37,52,85,113,108,23,92,61,24,54,126,27,91"/><W90/><G113/><T15/><D117/><U38/><E115/><V99/><F36/><W64/><G126/><T16/><D15/><U125/><E35/><V68/><F73/><W101/><G37/><T69/><D74/><U11/><E125/><V39/><F87/><W8/><G108/><T10/><D10/><U129/><E129/><V70/><F70/><W56/><G101/><T32/><D80/><U123/><REACH who="1" step="1"/><E57/><REACH who="1" ten="191,266,295,238" step="2"/><V118/><F127/><W29/><G8/><T134/><D134/><U79/><E79/><V94/><F78/><W135/><G135/><T110/><D110/><U86/><AGARI ba="0,1" hai="11,13,19,38,41,45,77,82,86,88,95,97,120,123" machi="86" ten="20,12000,2" yaku="1,1,0,1,7,1,54,1,53,2" doraHai="33" doraHaiUra="116" who="1" fromWho="1" sc="191,-30,266,130,295,-30,238,-60" owari="161,-33.9,396,49.6,265,6.5,178,-22.2" /></mjloggm>