<mjloggm ver="2.3"><GO type="225" lobby="0"/><UN n0="%E5%8D%A0%E3%81%84%E5%B8%AB%E8%A3%8F%E3%81%AA%E3%81%84%E3%81%97" n1="%33%74%72%65%65" n2="%E3%82%B2%E3%82%B9%E8%8C%82%E5%8B%9D" n3="%E3%81%B2%E3%81%AA%E3%81%AE%E3%82%8A%E3%81%8F" dan="17,16,16,17" rate="2136.47,2100.48,2130.71,2182.35" sx="M,F,F,M"/><TAIKYOKU oya="0"/><INIT seed="0,0,0,2,4,65" ten="250,250,250,250" oya="0" hai0="109,90,22,129,25,50,87,86,82,122,35,19,131" hai1="89,112,4,37,60,36,23,31,88,124,135,59,76" hai2="26,104,120,12,74,101,117,83,64,85,93,114,28" hai3="63,121,91,14,99,97,100,33,41,56,53,107,42"/><T21/><D122/><U80/><E135/><V102/><F120/><W34/><G121/><T52/><D35/><U118/><E118/><V77/><F117/><W105/><G14/><T27/><D87/><N who="1" m="48519" /><E37/><V39/><F39/><W3/><G3/><T134/><D134/><U113/><E36/><V29/><F114/><N who="1" m="44137" /><E4/><V110/><F110/><W2/><G2/><T0/><D0/><U46/><E46/><V5/><F64/><W55/><G91/><T68/><D68/><U98/><E98/><V106/><F104/><W92/><G92/><T40/><D40/><U1/><E1/><V7/><F5/><W128/><G128/><T115/><D115/><U17/><E31/><V103/><F106/><W10/><G10/><T73/><D73/><U66/><E124/><V126/><F126/><W6/><G6/><T47/><REACH who="0" step="1"/><D109/><REACH who="0" ten="240,250,250,250" step="2"/><U108/><E108/><V130/><F130/><W67/><G42/><T95/><D95/><U116/><E116/><V30/><F74/><W15/><G41/><T38/><D38/><U32/><E32/><V72/><F72/><W9/><G34/><T62/><D62/><U69/><E69/><V58/><F93/><W13/><G33/><T43/><D43/><U18/><E18/><AGARI ba="0,1" hai="18,19,21,22,25,27,47,50,52,82,86,90,129,131" machi="18" ten="40,12000,1" yaku="1,1,9,1,54,1,53,1" doraHai="65" doraHaiUra="48" who="0" fromWho="1" sc="240,130,250,-120,250,0,250,0" /><INIT seed="0,1,0,1,2,24" ten="370,130,250,250" oya="0" hai0="28,65,62,79,27,64,135,123,75,130,81,29,36" hai1="50,21,69,38,101,129,102,20,134,16,51,90,122" hai2="71,73,111,125,10,83,6,12,0,110,49,126,105" hai3="119,80,84,112,45,4,48,109,76,39,96,100,17"/><T114/><D114/><U18/><E122/><V23/><F71/><W108/><G112/><T44/><D123/><U86/><E38/><V32/><F105/><W131/><G119/><T67/><D135/><U124/><E134/><V115/><F115/><W77/><G39/><T31/><D130/><U37/><E37/><V19/><F49/><N who="1" m="18441" /><E69/><V116/><F116/><W14/><G77/><T34/><REACH who="0" step="1"/><D62/><REACH who="0" ten="360,130,250,250" step="2"/><U94/><E129/><V2/><F2/><W118/><G131/><T128/><D128/><U43/><E124/><N who="2" m="47723" /><F73/><W99/><G118/><T132/><D132/><U63/><E63/><V42/><F42/><AGARI ba="1,1" hai="27,28,29,31,34,36,42,44,64,65,67,75,79,81" machi="42" ten="40,12000,1" yaku="1,1,52,3,53,0" doraHai="24" doraHaiUra="35" who="0" fromWho="2" sc="360,133,130,0,250,-123,250,0" /><INIT seed="0,2,0,1,0,16" ten="493,130,127,250" oya="0" hai0="92,30,73,1,65,53,79,27,34,110,12,93,109" hai1="20,115,118,81,50,75,62,42,68,112,74,18,120" hai2="106,78,107,52,7,19,131,61,49,108,90,101,69" hai3="114,96,36,24,51,40,72,2,46,133,8,13,6"/><T94/><D1/><U116/><E120/><V25/><F108/><N who="0" m="41578" /><D65/><N who="1" m="41015" /><E50/><V45/><F131/><W104/><G114/><N who="1" m="43562" /><E42/><V85/><F78/><W4/><G72/><N who="1" m="27690" /><E81/><V103/><F7/><W48/><G48/><T35/><D53/><U130/><E130/><V63/><F106/><W21/><G6/><T41/><D41/><U37/><E37/><V71/><F71/><W126/><G36/><T111/><N who="0" m="41586" /><T84/><DORA hai="89" /><D73/><U119/><E119/><V17/><F107/><W102/><G2/><T123/><D123/><U128/><E128/><V125/><F125/><W55/><G126/><T129/><D12/><AGARI ba="2,0" hai="12,18,20,116,118" m="27690,43562,41015" machi="12" ten="30,2000,0" yaku="11,1,52,1" doraHai="16,89" who="1" fromWho="0" sc="493,-26,130,26,127,0,250,0" /><INIT seed="1,0,0,2,2,127" ten="467,156,127,250" oya="1" hai0="38,120,17,60,54,25,97,12,68,84,85,48,83" hai1="71,53,91,77,130,36,69,7,37,112,41,39,44" hai2="52,23,132,31,114,3,30,110,100,135,88,8,21" hai3="42,4,29,87,72,46,131,134,118,40,67,122,94"/><U74/><E112/><V0/><F100/><W95/><G72/><T13/><D38/><N who="1" m="21559" /><E91/><V106/><F106/><W62/><G4/><T10/><D120/><U133/><E7/><V107/><F107/><W108/><G42/><T32/><D97/><U43/><E77/><V102/><F102/><W93/><G29/><N who="2" m="10761" /><F88/><W111/><G87/><T24/><D32/><U80/><E80/><V64/><F64/><W124/><G122/><T28/><D28/><U79/><E79/><V98/><F98/><W22/><G22/><N who="2" m="8201" /><F52/><W103/><G103/><T59/><D84/><U35/><E74/><V128/><F114/><W92/><G92/><T63/><D12/><U27/><E53/><V78/><F78/><W11/><G95/><T47/><D85/><U76/><E76/><V19/><F110/><W125/><G94/><T1/><D83/><U123/><E39/><V55/><F55/><W73/><G93/><T56/><D54/><U6/><E37/><V117/><F117/><W51/><G118/><T16/><D60/><U90/><E36/><V26/><F128/><W57/><G131/><T20/><D63/><U89/><E130/><V61/><F61/><W9/><G62/><T33/><D59/><U86/><E43/><V109/><F109/><W5/><G57/><T96/><D56/><U126/><E71/><V58/><F58/><W116/><G116/><T70/><D68/><U34/><E69/><V50/><F50/><W14/><G51/><T115/><D70/><U105/><E86/><V119/><F119/><W45/><G40/><T2/><D48/><U104/><E104/><RYUUKYOKU ba="0,0" sc="467,0,156,0,127,0,250,0" /><INIT seed="2,1,0,3,0,106" ten="467,156,127,250" oya="2" hai0="64,32,10,44,26,105,24,25,104,117,4,108,132" hai1="63,112,134,19,83,6,133,128,66,57,123,111,29" hai2="21,85,22,130,36,90,31,80,15,23,67,0,121" hai3="20,103,52,114,95,81,58,100,82,50,1,118,62"/><V131/><F121/><W59/><G1/><T46/><D108/><U61/><E112/><V76/><F36/><W42/><G118/><T96/><D32/><U11/><E111/><V99/><F0/><W116/><G116/><T37/><D117/><U86/><E123/><V2/><F2/><W126/><G126/><T94/><D132/><N who="1" m="50795" /><E29/><V18/><F67/><W113/><G42/><T107/><D37/><U27/><E128/><N who="2" m="49195" /><F31/><W87/><G82/><T7/><D64/><U41/><E41/><V49/><F49/><W16/><G95/><AGARI ba="1,0" hai="15,18,21,22,23,76,80,85,90,95,99" m="49195" machi="95" ten="30,1500,0" yaku="19,1" doraHai="106" who="2" fromWho="3" sc="467,0,156,0,127,18,250,-18" /><INIT seed="2,2,0,4,3,61" ten="467,156,145,232" oya="2" hai0="2,119,113,94,76,41,65,29,6,82,86,73,124" hai1="72,31,3,19,37,62,38,59,118,40,32,43,88" hai2="70,33,104,83,111,0,79,8,101,1,92,15,53" hai3="131,42,39,55,25,110,117,106,99,44,129,7,54"/><V74/><F33/><W34/><G110/><T103/><D113/><U30/><E118/><V125/><F125/><W105/><G7/><T87/><D124/><U71/><E71/><V97/><F111/><W49/><G55/><T64/><D119/><U16/><E3/><V51/><F70/><W102/><G106/><T47/><D29/><N who="1" m="10763" /><E72/><V133/><F133/><W63/><G34/><T12/><D103/><U68/><E68/><V90/><F15/><W123/><G123/><T21/><D21/><U24/><E38/><V109/><F8/><W93/><G25/><T67/><D94/><U80/><E37/><V130/><F130/><N who="3" m="49675" /><G63/><T114/><D114/><U126/><E126/><V5/><F5/><W81/><G81/><T75/><D75/><U127/><E127/><V98/><REACH who="2" step="1"/><F109/><REACH who="2" ten="467,156,135,232" step="2"/><W48/><G117/><T128/><D12/><U91/><E32/><V45/><AGARI ba="2,1" hai="0,1,45,51,53,74,79,83,90,92,97,98,101,104" machi="45" ten="20,12000,1" yaku="1,1,2,1,0,1,7,1,53,1" doraHai="61" doraHaiUra="100" who="2" fromWho="2" sc="467,-42,156,-42,135,136,232,-42" /><INIT seed="2,3,0,1,3,9" ten="425,114,271,190" oya="2" hai0="69,16,17,88,13,92,30,24,25,21,15,117,115" hai1="37,0,18,6,42,53,2,103,50,124,100,41,14" hai2="28,123,33,60,44,81,23,31,108,118,45,51,86" hai3="125,38,130,67,64,129,135,84,127,111,122,8,93"/><V73/><F118/><W94/><G122/><T43/><D69/><U35/><E35/><V59/><F123/><W66/><G38/><T106/><D106/><U75/><E75/><V76/><F108/><W126/><G111/><T95/><D115/><U68/><E68/><V19/><F73/><W116/><G116/><T90/><D117/><U132/><E132/><V128/><F128/><N who="3" m="49259" /><G8/><N who="0" m="6183" /><D43/><N who="1" m="16395" /><E2/><V83/><F81/><W11/><G11/><N who="0" m="6399" /><D24/><U55/><E0/><V49/><F33/><W107/><G107/><T79/><D79/><U77/><E37/><V87/><F31/><W22/><G22/><T48/><D48/><U56/><E77/><V121/><F28/><W96/><G84/><T5/><D5/><U3/><E3/><V70/><F70/><W58/><G58/><T98/><D92/><N who="3" m="35433" /><G96/><T61/><D61/><N who="1" m="35983" /><E6/><V80/><F121/><W85/><G85/><T101/><AGARI ba="3,0" hai="21,25,30,88,90,95,98,101" m="6399,6183" machi="101" ten="30,8000,1" yaku="8,1,52,2,54,2" doraHai="9" who="0" fromWho="0" sc="425,89,114,-23,271,-43,190,-23" /><INIT seed="3,0,0,3,2,8" ten="514,91,228,167" oya="3" hai0="22,133,56,33,59,34,101,48,20,104,70,100,81" hai1="69,66,113,26,4,74,112,3,83,134,111,6,9" hai2="23,131,21,117,78,93,62,1,130,12,103,123,73" hai3="16,24,0,124,67,119,14,30,5,88,32,15,57"/><W17/><G119/><T52/><D70/><U42/><E111/><V120/><F117/><W49/><G0/><T89/><D133/><U135/><E6/><V102/><F1/><W108/><G5/><T107/><D89/><U11/><E11/><V92/><F62/><W19/><G108/><T90/><D90/><U76/><E26/><V94/><F78/><W43/><G124/><T125/><D48/><U13/><E42/><V116/><F73/><W115/><G115/><T95/><D95/><U53/><E53/><V40/><F40/><W31/><G31/><T47/><D52/><U7/><E7/><V106/><F116/><W98/><G67/><T105/><D105/><U35/><E35/><V18/><F106/><W109/><G109/><T37/><D81/><U77/><E77/><V79/><F79/><W91/><G91/><T36/><D47/><U72/><E72/><V86/><F86/><W60/><G49/><T118/><D118/><U110/><E110/><V61/><F61/><W71/><G43/><T129/><D129/><N who="2" m="49162" /><F23/><W82/><G71/><T75/><D75/><U65/><E3/><V68/><F68/><W46/><G46/><T54/><D54/><U128/><E128/><V39/><F39/><W45/><G45/><T99/><D99/><U38/><E38/><V126/><F126/><AGARI ba="0,0" hai="20,22,33,34,36,37,56,59,100,101,104,107,125,126" machi="126" ten="25,1600,0" yaku="22,2" doraHai="8" who="0" fromWho="2" sc="514,16,91,0,228,-16,167,0" owari="530,63.0,91,-40.9,212,1.2,167,-23.3" /></mjloggm>