<mjloggm ver="2.3"><GO type="225" lobby="0"/><UN n0="%E3%81%AF%E3%82%88%E3%81%8A%E3%81%98%E3%81%95%E3%82%93" n1="%E3%83%9D%E3%82%B1%E3%83%83%E3%83%88" n2="%E6%9D%B1%E9%A2%A8%E3%81%AE%E3%81%8D%E3%82%83%E3%81%B7%E3%81%95%E3%82%93" n3="%E7%B4%94%E6%BD%94%E3%83%94%E3%83%A9%E3%83%8B%E3%82%A2" dan="17,16,16,17" rate="2165.07,2097.25,2163.28,2189.17" sx="M,M,M,M"/><TAIKYOKU oya="0"/><INIT seed="0,0,0,5,0,9" ten="250,250,250,250" oya="0" hai0="23,105,32,100,47,91,49,54,66,117,50,106,3" hai1="92,134,76,14,77,27,120,75,12,21,113,55,44" hai2="56,78,39,53,85,61,34,13,29,4,37,79,84" hai3="6,97,115,8,68,86,15,93,95,18,103,124,121"/><T65/><D32/><U135/><E120/><V81/><F34/><W82/><G115/><T128/><D117/><U69/><E69/><V123/><F29/><W35/><G124/><T70/><D3/><U125/><E125/><V71/><F71/><W57/><G68/><T48/><D128/><U111/><E113/><V102/><F102/><W119/><G119/><T31/><D70/><U0/><E0/><V30/><F30/><W96/><G35/><T80/><D106/><U74/><E92/><V108/><F108/><W67/><G121/><T72/><D105/><U98/><E98/><V83/><F123/><W17/><G67/><N who="0" m="25611" /><D72/><N who="1" m="27691" /><E111/><V22/><REACH who="2" step="1"/><F4/><REACH who="2" ten="250,250,240,250" step="2"/><W52/><G6/><T126/><D100/><U88/><E134/><V127/><F127/><W45/><G18/><AGARI ba="0,1" hai="13,18,22,37,39,53,56,61,78,79,81,83,84,85" machi="18" ten="40,5200,0" yaku="1,1,9,1,52,1,53,0" doraHai="9" doraHaiUra="112" who="2" fromWho="3" sc="250,0,250,0,240,62,250,-52" /><INIT seed="1,0,0,0,3,38" ten="250,250,302,198" oya="1" hai0="90,106,101,70,85,56,116,103,102,14,88,123,18" hai1="83,19,35,119,36,23,115,28,86,25,93,13,50" hai2="68,71,1,63,120,112,100,6,72,32,3,0,31" hai3="34,97,81,54,55,118,44,74,84,45,69,57,73"/><U66/><E115/><V59/><F112/><W46/><G34/><T110/><D70/><U40/><E119/><V12/><F120/><W95/><G69/><T64/><D116/><U52/><E66/><V92/><F72/><W75/><G118/><T22/><D106/><U127/><E127/><V30/><F12/><W128/><G128/><T111/><D123/><U134/><E134/><V39/><F39/><W132/><G132/><T87/><D64/><U78/><E36/><V65/><F6/><W8/><G8/><T21/><D56/><U26/><E93/><V2/><N who="2" m="0" /><DORA hai="135" /><V108/><F108/><N who="0" m="41514" /><D21/><U113/><E113/><V126/><F126/><W16/><G16/><T114/><D114/><U121/><E121/><V20/><F32/><W24/><G24/><T96/><D96/><U61/><E61/><V94/><F31/><W133/><G57/><T82/><D102/><U91/><E26/><N who="2" m="16711" /><F92/><AGARI ba="0,0" hai="14,18,22,82,85,87,88,90,92,101,103" m="41514" machi="92" ten="30,2000,0" yaku="14,1,54,1" doraHai="38,135" who="0" fromWho="2" sc="250,20,250,0,302,-20,198,0" /><INIT seed="2,0,0,3,3,121" ten="270,250,282,198" oya="2" hai0="120,10,114,106,113,86,57,99,119,51,72,63,22" hai1="97,68,83,128,16,116,26,40,42,70,32,134,103" hai2="112,69,61,84,88,78,67,80,37,54,89,76,115" hai3="18,28,65,73,55,133,107,4,48,41,111,20,2"/><V33/><F33/><W66/><G73/><T50/><D72/><U60/><E116/><V124/><F37/><W104/><G41/><T38/><D38/><U123/><E123/><V27/><F124/><W24/><G133/><T129/><D120/><U5/><E134/><V59/><F27/><W49/><G2/><T105/><D119/><U100/><E128/><V21/><F21/><W13/><G4/><T45/><D129/><U17/><E5/><V7/><F7/><W12/><G111/><T109/><D10/><U101/><E97/><V90/><REACH who="2" step="1"/><F76/><REACH who="2" ten="270,250,272,198" step="2"/><W131/><G131/><T95/><D22/><U23/><E32/><V122/><F122/><W81/><G20/><T31/><D31/><U39/><E17/><V1/><F1/><W46/><G24/><T6/><D6/><U43/><E39/><V132/><F132/><W108/><G28/><T8/><D8/><U47/><E26/><V92/><F92/><W71/><G18/><T77/><D95/><U64/><E83/><V127/><F127/><W62/><G81/><T91/><D77/><U34/><E34/><V0/><F0/><W96/><G12/><T87/><D106/><U82/><E82/><V25/><F25/><W93/><G13/><T94/><D105/><U29/><E29/><V117/><F117/><W118/><G118/><T74/><D94/><U9/><E23/><V135/><F135/><W52/><G107/><T35/><D35/><U125/><E125/><V53/><F53/><W98/><G104/><T79/><D79/><U85/><E16/><V56/><F56/><W15/><G15/><RYUUKYOKU ba="0,1" sc="270,-10,250,-10,272,30,198,-10" hai2="54,59,61,67,69,78,80,84,88,89,90,112,115" /><INIT seed="2,1,1,5,4,26" ten="260,240,302,188" oya="2" hai0="8,131,97,113,14,2,62,61,51,133,72,100,121" hai1="123,42,50,36,6,87,64,45,11,43,35,106,48" hai2="108,71,52,30,98,134,84,104,114,13,70,59,109" hai3="19,83,107,128,12,15,80,74,18,58,16,94,112"/><V132/><F114/><W115/><G107/><T95/><D121/><U57/><E123/><V69/><F84/><W25/><G128/><T135/><D113/><N who="3" m="43593" /><G94/><T20/><D72/><U1/><E106/><V5/><F104/><W0/><G0/><T127/><D131/><U24/><E87/><V39/><F98/><W79/><G83/><T82/><D82/><U73/><E73/><V117/><F39/><W92/><G92/><T3/><D127/><U63/><REACH who="1" step="1"/><E43/><REACH who="1" ten="260,230,302,188" step="2"/><V88/><F117/><W90/><G90/><T129/><D129/><U120/><E120/><V49/><F88/><W76/><G79/><T125/><D125/><U124/><E124/><V31/><F132/><W46/><G46/><T89/><D133/><U78/><E78/><V86/><F86/><W32/><G58/><T119/><D135/><U105/><E105/><V7/><F134/><W81/><G81/><T29/><D119/><U103/><E103/><V55/><F71/><W40/><G40/><T47/><D100/><U93/><E93/><V21/><F70/><W38/><G38/><T41/><D95/><U85/><E85/><V65/><F69/><W27/><G27/><N who="0" m="16615" /><D89/><U99/><E99/><V22/><F59/><W10/><G10/><T77/><D97/><U56/><E56/><V101/><F101/><W60/><G60/><N who="0" m="23147" /><D77/><U66/><E66/><V44/><F65/><W118/><G118/><T126/><D126/><U111/><E111/><V23/><F108/><W9/><G9/><T67/><D67/><U28/><AGARI ba="1,2" hai="1,6,11,24,28,35,36,42,45,48,50,57,63,64" machi="28" ten="30,7900,0" yaku="1,1,0,1,52,1,53,1" doraHai="26" doraHaiUra="53" who="1" fromWho="1" sc="260,-21,230,102,302,-40,188,-21" /><INIT seed="3,0,0,5,0,55" ten="239,332,262,167" oya="3" hai0="83,43,71,37,2,35,23,67,33,38,12,70,86" hai1="113,6,106,11,39,90,63,49,131,16,117,29,52" hai2="9,88,122,45,26,79,68,132,5,41,60,85,28" hai3="87,74,27,95,128,14,53,19,17,66,100,129,82"/><W46/><G66/><T103/><D2/><U80/><E113/><V47/><F79/><W59/><G46/><T97/><D23/><U8/><E39/><V0/><F122/><W65/><G65/><T61/><D12/><U24/><E106/><V40/><F132/><W62/><G27/><T25/><D71/><U76/><E131/><N who="3" m="50250" /><G74/><T105/><D43/><U78/><E63/><V32/><F60/><W109/><G109/><T1/><D1/><U3/><E117/><V104/><F68/><W91/><G100/><T57/><D57/><U94/><E29/><V118/><F104/><W126/><G126/><T75/><D75/><U112/><E112/><V84/><F118/><W73/><G14/><T42/><D42/><U108/><E108/><V64/><F64/><W69/><G69/><T110/><D110/><U58/><E24/><V130/><F130/><W119/><G119/><T51/><D51/><U121/><E121/><V111/><F111/><W116/><G116/><T125/><D125/><U93/><E3/><V30/><F30/><W4/><G4/><T135/><D135/><U36/><E6/><V13/><F0/><W124/><G124/><T54/><D54/><U101/><E101/><V77/><F45/><W50/><G50/><T48/><D48/><U34/><E49/><V102/><F102/><W114/><G114/><T7/><D7/><U99/><E52/><V15/><F15/><W31/><G31/><N who="0" m="19695" /><D35/><U72/><E34/><V81/><F47/><W22/><G22/><T44/><D44/><U89/><E72/><V134/><F134/><W96/><G73/><RYUUKYOKU ba="0,0" sc="239,10,332,-30,262,10,167,10" hai0="37,38,61,67,70,83,86,97,103,105" hai2="5,9,13,26,28,32,40,41,77,81,84,85,88" hai3="17,19,53,59,62,82,87,91,95,96" /><INIT seed="3,1,0,3,1,6" ten="249,302,272,177" oya="3" hai0="81,134,90,12,11,117,36,103,89,28,94,27,93" hai1="5,73,62,77,3,57,113,130,122,88,65,29,8" hai2="116,61,67,70,33,17,53,43,126,50,115,20,92" hai3="105,131,135,30,124,56,68,123,102,66,60,79,44"/><W39/><G123/><T59/><D36/><U76/><E122/><V9/><F33/><W71/><G124/><T85/><D117/><U69/><E113/><V110/><F110/><W132/><G131/><T24/><D134/><N who="3" m="51241" /><G79/><T98/><D59/><U112/><E112/><V74/><F74/><W45/><G30/><T42/><D42/><U34/><E130/><V118/><F126/><W22/><G22/><T106/><D106/><U18/><E73/><V97/><F43/><N who="3" m="22655" /><G102/><T37/><D37/><U52/><E18/><V23/><F115/><W47/><G105/><T80/><D28/><U4/><E4/><V72/><F72/><W7/><G7/><N who="0" m="3199" /><D80/><U46/><E46/><AGARI ba="1,0" hai="45,46,47,56,60,66,68,71" m="22655,51241" machi="46" ten="30,5800,0" yaku="20,1,34,2" doraHai="6" who="3" fromWho="1" sc="249,0,302,-61,272,0,177,61" /><INIT seed="3,2,0,0,3,23" ten="249,241,272,238" oya="3" hai0="122,6,43,83,97,5,81,28,109,90,35,47,107" hai1="84,20,116,119,45,15,49,93,25,48,70,87,86" hai2="121,32,99,118,98,10,71,17,41,14,46,88,39" hai3="42,75,55,134,67,85,91,18,127,2,103,74,58"/><W34/><G2/><T60/><D122/><U133/><E70/><V27/><F118/><N who="1" m="45097" /><E133/><V106/><F121/><W1/><G1/><T80/><D109/><U51/><E15/><V82/><F71/><W92/><G134/><T79/><D79/><U4/><E4/><V29/><REACH who="2" step="1"/><F106/><REACH who="2" ten="249,241,262,238" step="2"/><W40/><G127/><T33/><D107/><U64/><E93/><V94/><F94/><W101/><G74/><T130/><D83/><U115/><E115/><V66/><F66/><W123/><G75/><T13/><D81/><U65/><E45/><V19/><F19/><AGARI ba="2,1" hai="19,20,25,48,49,51,64,65,84,86,87" m="45097" machi="19" ten="40,2600,0" yaku="12,1,52,1" doraHai="23" who="1" fromWho="2" sc="249,0,241,42,262,-32,238,0" /><INIT seed="4,0,0,5,2,26" ten="249,283,230,238" oya="0" hai0="37,43,1,111,53,10,52,118,50,88,116,17,99" hai1="123,4,91,39,102,54,5,62,124,2,80,135,49" hai2="77,63,105,21,25,130,113,107,40,70,60,126,103" hai3="14,84,64,79,59,3,58,75,42,47,74,119,104"/><T122/><D122/><U16/><E123/><V76/><F40/><W31/><G3/><T56/><D111/><U95/><E39/><V20/><F113/><W81/><G104/><T89/><D37/><U7/><E2/><V127/><F130/><W72/><G119/><T101/><D43/><U132/><E124/><V133/><F133/><N who="1" m="51273" /><E102/><V23/><F25/><W83/><G31/><T44/><D118/><U24/><E80/><V29/><F29/><W94/><G94/><N who="0" m="58615" /><D1/><U128/><E62/><N who="2" m="23595" /><F70/><W117/><G64/><T35/><D35/><U65/><E65/><V110/><F110/><W69/><G69/><T67/><D67/><U27/><E128/><V36/><F36/><W66/><G66/><T97/><D97/><N who="1" m="57599" /><E16/><V87/><F87/><W61/><G61/><N who="0" m="35983" /><D116/><U57/><AGARI ba="0,0" hai="4,5,7,24,27,49,54,57" m="57599,51273" machi="57" ten="30,1100,0" yaku="20,1" doraHai="26" who="1" fromWho="1" sc="249,-5,283,11,230,-3,238,-3" /><INIT seed="5,0,0,0,4,71" ten="244,294,227,235" oya="1" hai0="118,70,43,53,49,12,37,91,92,52,5,58,25" hai1="86,11,127,134,115,48,77,122,107,126,63,28,69" hai2="94,13,75,97,9,90,113,73,56,38,129,68,124" hai3="112,16,121,6,18,116,133,23,104,51,17,135,31"/><U117/><E117/><V15/><F68/><W76/><G104/><T24/><D70/><U29/><E122/><V36/><F56/><W65/><G121/><T2/><D2/><U39/><E39/><N who="2" m="14891" /><F15/><W7/><G116/><T101/><D118/><U103/><E48/><V81/><F81/><W132/><G65/><T80/><D37/><U108/><E63/><V78/><F78/><W85/><G51/><T84/><D43/><U102/><E77/><V19/><F113/><W45/><G45/><T14/><D53/><U131/><E69/><V109/><F109/><W74/><G74/><T10/><D12/><U99/><E108/><V100/><F100/><W66/><G66/><T95/><D95/><U47/><E103/><V27/><F27/><N who="3" m="16895" /><G112/><T44/><D58/><U98/><E102/><V20/><F9/><W105/><G105/><T67/><D67/><U123/><E11/><V34/><F34/><W114/><G114/><T42/><D42/><U46/><E107/><V125/><F129/><W33/><G33/><T8/><D10/><U111/><E115/><V64/><F64/><W61/><G61/><T59/><D59/><U130/><E111/><V40/><F40/><W35/><G35/><T30/><D30/><U41/><E41/><V26/><F26/><W87/><G76/><T0/><D0/><U83/><E83/><V62/><F62/><W88/><G88/><N who="0" m="51207" /><D101/><U57/><E57/><V128/><F128/><W32/><G32/><T50/><D49/><U89/><E89/><V96/><F96/><AGARI ba="0,0" hai="5,8,14,24,25,44,50,52,91,92,96" m="51207" machi="96" ten="30,3900,0" yaku="8,1,54,2" doraHai="71" who="0" fromWho="2" sc="244,39,294,0,227,-39,235,0" /><INIT seed="6,0,0,1,4,123" ten="283,294,188,235" oya="2" hai0="122,62,58,34,108,121,83,46,89,78,65,8,113" hai1="55,15,72,17,109,132,14,44,90,1,96,26,114" hai2="104,92,7,106,20,60,22,21,57,86,107,87,37" hai3="6,133,48,47,84,5,0,95,4,100,10,93,129"/><V117/><F117/><W53/><G129/><T68/><D108/><U99/><E109/><V9/><F37/><W125/><G125/><T18/><D34/><U31/><E1/><V28/><F28/><W70/><G70/><T97/><D113/><U3/><E3/><V118/><F118/><W33/><G33/><T76/><D68/><U98/><E72/><V66/><REACH who="2" step="1"/><F92/><REACH who="2" ten="283,294,178,235" step="2"/><W23/><G93/><T56/><D122/><U49/><E31/><V43/><F43/><W35/><G133/><T61/><D121/><U82/><E132/><V73/><F73/><W127/><G127/><T105/><D105/><U25/><E114/><V19/><F19/><W134/><G134/><T12/><D18/><U16/><E16/><V91/><F91/><W135/><G135/><T71/><D89/><U110/><E17/><V52/><F52/><W112/><G112/><T24/><D24/><N who="1" m="9323" /><E110/><V80/><F80/><W30/><G30/><T94/><D83/><U102/><E102/><V63/><F63/><W39/><G39/><T103/><D61/><U42/><E42/><V13/><AGARI ba="0,1" hai="7,9,13,20,21,22,57,60,66,86,87,104,106,107" machi="13" ten="40,12000,1" yaku="1,1,0,1,53,3" doraHai="123" doraHaiUra="101" who="2" fromWho="2" sc="283,-40,294,-40,178,130,235,-40" owari="243,-15.7,254,5.4,308,40.8,195,-30.5" /></mjloggm>