<mjloggm ver="2.3"><GO type="225" lobby="0"/><UN n0="%6B%65%6E%6E%64%69" n1="%6D%75%75%6D%75%72%61" n2="%E5%B0%8F%E9%B3%A5%E9%81%8A%E7%B7%B4%E7%84%A1%32%31%E6%AD%B3" n3="%E3%82%BC%E3%83%AB%E3%83%80%E3%81%AE%E4%BC%9D%E8%AA%AC" dan="16,16,16,16" rate="2138.58,2162.50,2142.47,2186.60" sx="M,F,F,M"/><TAIKYOKU oya="0"/><INIT seed="0,0,0,0,3,127" ten="250,250,250,250" oya="0" hai0="134,128,9,46,33,124,110,62,63,28,132,83,121" hai1="118,49,129,22,11,16,74,6,55,31,7,70,10" hai2="82,96,59,20,48,79,13,41,44,105,125,64,42" hai3="15,36,91,60,1,81,67,26,78,54,88,87,35"/><T65/><D121/><U29/><E118/><V0/><F0/><W21/><G1/><T80/><D124/><U51/><E70/><V90/><F125/><W2/><G2/><T27/><D110/><U69/><E69/><V66/><F42/><W3/><G3/><T103/><D9/><N who="1" m="3083" /><E74/><V12/><F105/><W99/><G36/><T95/><D46/><U18/><E129/><V114/><F114/><W86/><G54/><T115/><D115/><U4/><E55/><V58/><F90/><W71/><G15/><T89/><D103/><U61/><E61/><N who="0" m="23049" /><D65/><U120/><E120/><V131/><F66/><W17/><G35/><T135/><D128/><U109/><E109/><V68/><F131/><W57/><G99/><AGARI ba="0,0" hai="27,28,33,80,83,89,95,99,132,134,135" m="23049" machi="99" ten="30,1500,0" yaku="20,1" doraHai="127" who="0" fromWho="3" sc="250,15,250,0,250,0,250,-15" /><INIT seed="0,1,0,2,1,52" ten="265,250,250,235" oya="0" hai0="134,122,84,21,102,95,40,99,27,57,42,8,105" hai1="82,108,2,131,133,34,60,16,26,1,75,3,15" hai2="114,69,130,48,47,74,53,110,80,90,109,62,35" hai3="46,106,56,113,71,9,128,91,61,103,45,121,135"/><T79/><D122/><U32/><E108/><N who="2" m="41579" /><F35/><W96/><G113/><T37/><D134/><U112/><E133/><V59/><F90/><W72/><G135/><T29/><D37/><U85/><E112/><V67/><F80/><W23/><G72/><T0/><D0/><U111/><E111/><V97/><F97/><W68/><G121/><T125/><D125/><U66/><E131/><V11/><F11/><W104/><G128/><T18/><D105/><U76/><E75/><V107/><F107/><W93/><G106/><T123/><D123/><U115/><E115/><V22/><F22/><W86/><G23/><T98/><D99/><U87/><E87/><V6/><F6/><W19/><G71/><T73/><D73/><U10/><REACH who="1" step="1"/><E26/><REACH who="1" ten="265,240,250,235" step="2"/><V117/><F74/><W39/><G68/><AGARI ba="1,1" hai="1,2,3,10,15,16,32,34,60,66,68,76,82,85" machi="68" ten="40,5200,0" yaku="1,1,2,1,54,1,53,0" doraHai="52" doraHaiUra="126" who="1" fromWho="3" sc="265,0,240,65,250,0,235,-55" /><INIT seed="1,0,0,1,5,104" ten="265,305,250,180" oya="1" hai0="70,26,57,20,31,45,83,49,95,40,18,54,121" hai1="61,60,113,21,87,73,96,27,13,132,35,44,15" hai2="37,42,47,110,19,115,99,108,92,130,128,118,101" hai3="9,126,6,81,16,78,131,52,123,24,93,2,11"/><U0/><E73/><V106/><F118/><W103/><G123/><T34/><D121/><U117/><E0/><V107/><F19/><W39/><G126/><T3/><D70/><U79/><E117/><V63/><F115/><W125/><G125/><T33/><D3/><U1/><E1/><V74/><F63/><W109/><G109/><N who="2" m="42089" /><F92/><W124/><G124/><T30/><D34/><U133/><E35/><V122/><F107/><W72/><G131/><N who="2" m="50217" /><F122/><W91/><G39/><T85/><D95/><U135/><E113/><V56/><F56/><W88/><G52/><T94/><D94/><U55/><E61/><V23/><F23/><W102/><G91/><T4/><D33/><U127/><E127/><V22/><F22/><W48/><G48/><N who="0" m="30919" /><D4/><U116/><E116/><V100/><F100/><W90/><G90/><AGARI ba="0,0" hai="18,20,26,30,31,40,45,49,83,85,90" m="30919" machi="90" ten="30,1000,0" yaku="8,1" doraHai="104" who="0" fromWho="3" sc="265,10,305,0,250,0,180,-10" /><INIT seed="2,0,0,2,1,114" ten="275,305,250,170" oya="2" hai0="34,103,108,132,120,17,16,74,112,27,89,41,78" hai1="118,83,4,52,39,63,64,131,23,67,11,101,124" hai2="25,33,123,95,109,93,38,116,100,134,107,9,54" hai3="55,30,36,92,86,71,125,46,44,91,57,8,29"/><V60/><F123/><W84/><G125/><T47/><D112/><U128/><E124/><V49/><F38/><W31/><G71/><T58/><D120/><U77/><E39/><V72/><F72/><W15/><G36/><T110/><D132/><U6/><E118/><V50/><F134/><W135/><G86/><T105/><D89/><U19/><E101/><V1/><F60/><W66/><G66/><T48/><D58/><N who="1" m="35271" /><E83/><V61/><F107/><W59/><G135/><T88/><D88/><U5/><E11/><V94/><F109/><N who="0" m="42090" /><D27/><N who="1" m="14847" /><E77/><V127/><F127/><W3/><G3/><T45/><D34/><U0/><E0/><V90/><F100/><W98/><G98/><N who="0" m="61687" /><D47/><N who="3" m="17961" /><G55/><T73/><D73/><U68/><E68/><V65/><F54/><W111/><G111/><T130/><D130/><AGARI ba="0,0" hai="4,5,6,64,67,128,130,131" m="14847,35271" machi="130" ten="30,2000,0" yaku="19,1,54,1" doraHai="114" who="1" fromWho="0" sc="275,-20,305,20,250,0,170,0" /><INIT seed="3,0,0,3,4,41" ten="255,325,250,170" oya="3" hai0="129,112,0,127,111,59,34,45,130,53,105,131,99" hai1="77,48,61,95,1,70,19,35,11,126,113,96,16" hai2="66,116,79,46,123,85,40,50,134,52,17,107,81" hai3="74,28,31,87,109,132,56,91,98,67,73,120,125"/><W68/><G120/><T36/><D111/><U84/><E113/><V13/><F116/><W108/><G68/><T14/><D0/><U18/><E35/><V119/><F119/><W24/><G98/><T7/><D34/><U135/><E135/><V122/><F107/><W89/><G132/><T9/><D127/><U102/><E126/><V33/><F33/><W5/><G5/><T83/><D112/><U110/><E110/><N who="3" m="42602" /><G125/><T118/><D118/><U26/><E1/><V80/><F66/><W8/><G8/><T10/><D10/><U94/><E70/><V97/><F97/><W117/><G117/><T25/><D99/><N who="1" m="59767" /><E61/><V65/><F65/><W114/><G114/><T133/><D105/><U121/><E121/><N who="2" m="46091" /><F134/><W42/><G42/><N who="0" m="22727" /><D133/><U72/><E11/><N who="2" m="6335" /><F80/><N who="3" m="49383" /><G91/><T124/><D83/><U44/><E96/><V128/><F40/><W12/><G12/><T2/><D124/><U32/><E26/><V15/><F15/><W54/><G67/><T64/><D64/><U57/><E77/><V88/><F79/><W71/><G71/><T47/><D14/><U37/><E37/><V22/><F22/><N who="3" m="15383" /><G31/><T3/><D3/><U29/><E29/><V104/><F104/><W30/><G30/><T58/><D25/><U43/><E43/><V76/><F76/><W90/><G90/><T82/><D82/><U49/><E95/><V60/><F60/><AGARI ba="0,0" hai="54,56,60,73,74" m="15383,49383,42602" machi="60" ten="30,2900,0" yaku="14,1,10,1" doraHai="41" who="3" fromWho="2" sc="255,0,325,0,250,-29,170,29" /><INIT seed="3,1,0,1,3,38" ten="255,325,221,199" oya="3" hai0="47,129,59,8,36,0,86,84,73,37,28,40,61" hai1="31,89,14,12,110,102,99,42,51,94,66,57,104" hai2="122,88,71,45,49,72,34,25,134,75,130,55,33" hai3="77,83,128,41,106,101,111,43,69,124,18,58,120"/><W30/><G120/><T96/><D129/><U127/><E110/><V19/><F130/><W52/><G69/><T54/><D36/><U114/><E114/><V13/><F71/><W10/><G128/><T76/><D28/><U108/><E108/><V63/><F134/><W17/><G111/><T2/><D96/><U21/><E127/><V65/><F122/><W91/><G124/><T3/><REACH who="0" step="1"/><D8/><REACH who="0" ten="245,325,221,199" step="2"/><U126/><E99/><V48/><F33/><W135/><G135/><T118/><D118/><U53/><E31/><V107/><F34/><W81/><G106/><T92/><D92/><U5/><E94/><V64/><F107/><W4/><G30/><T85/><D85/><U29/><E29/><V62/><F72/><W90/><G101/><T74/><D74/><U44/><E102/><V68/><F75/><W131/><G131/><T1/><N who="0" m="0" /><DORA hai="115" /><T98/><D98/><U32/><E32/><V112/><F112/><W82/><G77/><T67/><D67/><U26/><E66/><V20/><F65/><W95/><G90/><T7/><D7/><U133/><E5/><V11/><F88/><W103/><G103/><T105/><D105/><U87/><E133/><V79/><F64/><W46/><G4/><T9/><D9/><U97/><E104/><V6/><F79/><W132/><G132/><T125/><D125/><U23/><E126/><V15/><F68/><W39/><G10/><T80/><AGARI ba="1,1" hai="37,40,47,54,59,61,73,76,80,84,86" m="0" machi="80" ten="60,8000,1" yaku="1,1,0,1,52,1,53,2" doraHai="38,115" doraHaiUra="78,70" who="0" fromWho="0" sc="245,93,325,-21,221,-21,199,-41" owari="338,43.8,304,10.4,200,-20.0,158,-34.2" /></mjloggm>