<mjloggm ver="2.3"><GO type="225" lobby="0"/><UN n0="%2D%E8%B1%8A%E5%8F%A3%E3%82%81%E3%81%90%E3%81%BF%2D" n1="%6D%75%75%6D%75%72%61" n2="%72%69%6F%75%63%68%61%6E" n3="%E7%99%BD%E5%92%B2%E8%8A%B1%E3%81%A1%E3%82%83%E3%82%93" dan="16,16,17,16" rate="2094.25,2151.02,2141.50,2097.29" sx="F,F,M,F"/><TAIKYOKU oya="0"/><INIT seed="0,0,0,0,2,116" ten="250,250,250,250" oya="0" hai0="84,99,106,89,118,11,46,12,77,134,5,42,1" hai1="25,55,37,56,41,66,63,70,6,92,30,115,14" hai2="9,81,39,133,33,111,135,78,87,129,113,23,107" hai3="101,44,48,69,61,98,104,7,93,73,21,59,2"/><T96/><D118/><U102/><E115/><V19/><F113/><W64/><G73/><T58/><D134/><N who="2" m="51210" /><F33/><W88/><G21/><T34/><D34/><U74/><E74/><V57/><F39/><W31/><G31/><T35/><D35/><U125/><E125/><V16/><F129/><W40/><G69/><T121/><D121/><U50/><E102/><V114/><F111/><W83/><G83/><T0/><D58/><U4/><E92/><V18/><F107/><W123/><G123/><T76/><D0/><U108/><E14/><V8/><F114/><W67/><G2/><T86/><D1/><U54/><E54/><V3/><F57/><W130/><G130/><T126/><D126/><U65/><E65/><V13/><F8/><W119/><G119/><T91/><D106/><U51/><E51/><V43/><F43/><W72/><G72/><T27/><D27/><U82/><E82/><V17/><F3/><W36/><G7/><T95/><D76/><U132/><E108/><V103/><F103/><W38/><REACH who="3" step="1"/><G67/><REACH who="3" ten="250,250,250,240" step="2"/><T85/><D77/><U32/><REACH who="1" step="1"/><E132/><REACH who="1" ten="250,240,250,240" step="2"/><V53/><F53/><W122/><G122/><T110/><D110/><U79/><E79/><V128/><F128/><W75/><G75/><T109/><D109/><U29/><E29/><V68/><F68/><W15/><G15/><T45/><D42/><U71/><E71/><V28/><F28/><W22/><G22/><T10/><D10/><U52/><E52/><V124/><F124/><W127/><G127/><T120/><D120/><U80/><E80/><V97/><F23/><W94/><G94/><AGARI ba="0,2" hai="5,11,12,45,46,84,85,86,89,91,94,95,96,99" machi="94" ten="40,7700,0" yaku="6,1,9,1,8,1" doraHai="116" who="0" fromWho="3" sc="250,97,240,0,250,0,240,-77" /><INIT seed="0,1,0,5,4,75" ten="347,240,250,163" oya="0" hai0="116,30,74,35,110,14,68,96,111,36,20,65,67" hai1="124,2,97,57,64,122,108,131,63,85,81,71,70" hai2="103,51,89,105,87,24,53,27,94,12,134,15,48" hai3="133,69,28,22,31,44,112,16,90,102,21,1,91"/><T33/><D116/><U49/><E122/><V78/><F134/><W60/><G112/><T98/><D36/><U13/><E2/><V93/><F105/><W7/><G133/><T77/><D68/><U54/><E108/><N who="0" m="41513" /><D98/><U6/><E124/><V8/><F78/><W84/><G102/><T5/><D96/><U109/><E131/><V29/><F103/><W106/><G106/><T9/><D20/><U83/><E109/><V19/><F94/><W101/><G101/><T72/><D72/><U129/><E129/><V113/><F113/><W45/><G22/><T37/><D37/><U4/><E97/><V123/><F123/><W58/><G69/><T135/><D135/><U25/><E71/><V40/><F29/><W104/><G104/><T56/><D56/><U66/><E70/><V34/><F34/><N who="0" m="12810" /><D30/><U114/><E25/><V121/><F121/><W118/><G118/><T128/><D128/><U76/><E114/><V11/><F24/><W88/><G31/><T39/><D39/><U117/><E117/><V61/><F27/><W50/><G28/><T26/><D26/><U125/><E125/><V126/><F126/><W38/><G38/><T73/><D73/><U82/><E13/><V130/><F130/><W127/><G127/><T132/><D132/><U10/><E57/><N who="2" m="34991" /><F40/><W3/><G84/><T41/><D41/><U62/><E85/><V86/><F87/><W92/><G58/><T32/><D32/><U119/><E119/><V47/><F47/><W42/><G45/><T99/><D99/><U18/><E54/><V115/><F115/><W80/><G44/><RYUUKYOKU ba="1,0" sc="347,15,240,-15,250,15,163,-15" hai0="5,9,14,65,67,74,77" hai2="8,11,12,15,19,48,51,86,89,93" /><INIT seed="0,2,0,1,2,24" ten="362,225,265,148" oya="0" hai0="104,105,115,119,129,42,21,18,14,108,81,73,51" hai1="114,113,13,95,125,70,47,92,83,0,33,36,39" hai2="102,31,106,77,53,12,89,29,20,120,58,123,133" hai3="43,98,110,131,65,75,101,82,103,56,93,86,17"/><T67/><D115/><N who="1" m="44043" /><E0/><V41/><F133/><W44/><G110/><T16/><D119/><U87/><E125/><V132/><F132/><W72/><G131/><T74/><D129/><U68/><E33/><V121/><F77/><W134/><G134/><T97/><D67/><U66/><E13/><V76/><F76/><W1/><G1/><T79/><D74/><U85/><E85/><V107/><F41/><W60/><G17/><T22/><D97/><U9/><E9/><V59/><F102/><W84/><G103/><T45/><REACH who="0" step="1"/><D108/><REACH who="0" ten="352,225,265,148" step="2"/><U69/><E66/><V54/><F123/><W38/><REACH who="3" step="1"/><G86/><REACH who="3" ten="352,225,265,138" step="2"/><T15/><AGARI ba="2,2" hai="14,15,16,18,21,22,42,45,51,73,79,81,104,105" machi="15" ten="20,18000,2" yaku="1,1,2,1,0,1,7,1,9,1,54,1,53,0" doraHai="24" doraHaiUra="71" who="0" fromWho="0" sc="352,206,225,-62,265,-62,138,-62" /><INIT seed="0,3,0,1,4,84" ten="558,163,203,76" oya="0" hai0="20,132,101,111,49,74,4,61,133,121,79,16,12" hai1="82,47,34,54,107,7,39,114,8,90,112,55,80" hai2="95,131,113,63,28,108,129,130,18,65,87,66,117" hai3="41,118,104,109,83,23,67,50,76,19,119,32,60"/><T86/><D121/><U13/><E107/><V57/><F108/><W98/><G109/><T37/><D37/><U5/><E34/><V125/><F125/><W58/><G32/><T51/><D74/><U40/><E7/><V127/><F127/><W97/><G41/><T81/><D111/><U0/><E0/><V110/><F110/><W59/><G104/><T96/><D61/><U11/><E11/><V35/><F113/><N who="1" m="43625" /><E90/><N who="2" m="53727" /><F117/><W88/><G119/><T45/><D4/><U99/><E99/><V17/><F65/><W52/><G118/><T46/><D51/><U31/><E31/><V115/><F115/><W14/><G76/><T15/><D15/><U105/><E105/><V29/><F29/><W3/><G3/><T72/><D72/><U69/><E69/><V73/><F73/><W64/><G64/><T21/><D21/><U126/><E126/><V27/><AGARI ba="3,0" hai="17,18,27,28,35,57,63,66,129,130,131" m="53727" machi="27" ten="40,2700,0" yaku="19,1,52,1" doraHai="84" who="2" fromWho="2" sc="558,-16,163,-10,203,36,76,-10" /><INIT seed="1,0,0,1,1,73" ten="542,153,239,66" oya="1" hai0="14,32,13,86,54,4,99,115,106,39,127,65,111" hai1="100,27,75,55,50,124,26,105,6,8,46,117,103" hai2="20,109,5,56,1,122,72,125,66,121,95,76,22" hai3="15,43,33,12,108,119,129,51,25,128,126,24,35"/><U45/><E117/><V40/><F109/><W52/><G43/><T42/><D32/><N who="3" m="12361" /><G52/><T10/><D127/><U67/><E124/><V85/><F125/><W71/><G126/><T30/><D30/><U16/><E75/><V104/><F104/><W47/><G47/><T107/><D65/><U9/><E67/><V120/><F72/><W64/><G64/><T97/><D54/><U134/><E105/><V23/><F40/><W63/><G63/><T118/><D39/><U49/><E6/><V80/><F95/><W78/><G78/><T116/><D42/><U44/><E44/><V84/><F84/><W18/><G51/><T112/><D86/><U89/><E55/><V102/><F102/><W114/><G71/><T135/><D135/><U28/><E134/><V91/><F91/><W53/><G53/><T69/><D10/><U87/><E87/><V130/><F130/><N who="3" m="50283" /><G119/><T90/><D90/><U68/><E89/><V29/><F29/><W37/><G37/><T70/><D4/><U57/><E28/><V2/><F5/><W34/><G108/><AGARI ba="0,0" hai="13,14,69,70,97,99,106,107,108,111,112,115,116,118" machi="108" ten="25,1600,0" yaku="22,2" doraHai="73" who="0" fromWho="3" sc="542,16,153,0,239,0,66,-16" /><INIT seed="2,0,0,0,0,91" ten="558,153,239,50" oya="2" hai0="121,63,93,117,34,44,128,37,97,61,99,106,81" hai1="39,80,72,54,35,114,51,49,103,7,62,65,122" hai2="40,9,126,19,123,135,25,109,46,79,58,23,115" hai3="104,8,42,41,111,125,130,70,69,131,82,100,60"/><V29/><F115/><W73/><G111/><T68/><D34/><U124/><E39/><V45/><F123/><W86/><G125/><T98/><D106/><U48/><E35/><V77/><F126/><W75/><G8/><T71/><D81/><U26/><E114/><V55/><F109/><W31/><G31/><T101/><D101/><U129/><E129/><V20/><F135/><W118/><G100/><T95/><D44/><U89/><E122/><V43/><F9/><W50/><G50/><T13/><D13/><U133/><E133/><V24/><F46/><W112/><G104/><T5/><D37/><U22/><E7/><V66/><F66/><W17/><G112/><T59/><D5/><U120/><E120/><V76/><REACH who="2" step="1"/><F45/><REACH who="2" ten="558,153,229,50" step="2"/><W16/><G118/><T132/><D117/><U96/><E65/><V27/><F27/><W134/><G134/><T36/><D132/><U116/><E26/><V83/><F83/><W119/><G119/><T113/><D113/><U90/><E80/><V67/><F67/><W102/><G82/><T92/><D121/><U52/><E116/><V21/><F21/><W18/><G130/><T33/><D128/><U30/><E22/><V57/><F57/><W6/><G131/><T108/><D33/><U78/><E124/><V84/><F84/><W32/><G86/><T107/><D108/><U87/><E87/><V10/><F10/><W15/><G32/><T94/><D59/><U110/><E110/><V28/><F28/><W64/><G70/><T74/><D68/><U53/><E30/><V47/><F47/><W85/><G85/><RYUUKYOKU ba="0,1" sc="558,-10,153,-10,229,30,50,-10" hai2="19,20,23,24,25,29,40,43,55,58,76,77,79" /><INIT seed="2,1,1,2,1,97" ten="548,143,259,40" oya="2" hai0="96,20,101,81,42,51,128,18,36,79,53,102,34" hai1="30,112,80,1,103,60,86,95,83,2,78,13,24" hai2="107,121,88,28,55,132,85,25,61,19,44,52,130" hai3="69,14,134,113,126,16,12,116,22,106,90,125,104"/><V92/><F121/><W133/><G69/><T75/><D34/><U118/><E112/><V114/><F114/><W122/><G90/><T41/><D36/><U15/><E118/><V119/><F119/><W129/><G113/><T17/><D17/><U57/><E2/><V58/><F107/><W91/><G91/><T47/><D128/><U71/><E80/><V10/><F130/><W6/><G116/><T59/><D96/><N who="1" m="59807" /><E1/><V76/><F132/><N who="3" m="50795" /><G129/><T23/><D23/><N who="1" m="15647" /><E71/><V110/><F110/><W73/><G73/><T115/><D115/><U49/><E49/><N who="2" m="28711" /><F76/><W9/><G122/><T35/><D35/><U72/><E72/><V11/><F28/><W54/><G54/><AGARI ba="1,1" hai="13,15,54,57,60,78,83,86" m="15647,59807" machi="54" ten="30,2000,0" yaku="8,1,52,1" doraHai="97" who="1" fromWho="3" sc="548,0,143,33,259,0,40,-23" /><INIT seed="3,0,0,2,1,57" ten="548,176,259,17" oya="3" hai0="80,33,38,65,103,89,18,52,115,28,134,32,77" hai1="99,120,79,123,4,31,2,75,84,25,36,121,45" hai2="40,69,113,85,135,105,35,110,108,74,51,92,126" hai3="50,68,81,14,22,54,101,112,116,10,73,9,117"/><W83/><G112/><T118/><D38/><U42/><E84/><V7/><F74/><W129/><G68/><T125/><D65/><U49/><E49/><V47/><F105/><W106/><G129/><T76/><D103/><U53/><E53/><V61/><F35/><W5/><G22/><T66/><D66/><U82/><E99/><V102/><F113/><W78/><G83/><T13/><D118/><U46/><E46/><V100/><F126/><W70/><G70/><T34/><D134/><U91/><E91/><N who="2" m="53359" /><F135/><W39/><G39/><T37/><D37/><U109/><E109/><N who="2" m="42091" /><F7/><W71/><G71/><T114/><D125/><U107/><E107/><V88/><F88/><W20/><G20/><T23/><D28/><U27/><E31/><V17/><F17/><W64/><G64/><AGARI ba="0,0" hai="40,47,51,61,64,69,100,102" m="42091,53359" machi="64" ten="30,2000,0" yaku="14,1,52,1" doraHai="57" who="2" fromWho="3" sc="548,0,176,0,259,20,17,-20" owari="548,64.8,176,-22.4,279,7.9,-3,-50.3" /></mjloggm>