<mjloggm ver="2.3"><GO type="225" lobby="0"/><UN n0="%E5%B8%86%E7%AB%8B%E5%A4%8F%E8%A1%A3" n1="%E6%A1%9C%E8%8A%B1%E9%96%83%E3%80%85" n2="%E3%81%9F%E3%81%93%E2%98%86%E7%84%BC%E3%81%8D" n3="%E4%B8%89%E5%86%A0%E7%8E%8B%E3%83%BB%E5%B1%B1%E7%94%B0%E5%93%B2%E4%BA%BA" dan="17,16,16,16" rate="2157.06,2138.65,2103.64,2140.63" sx="M,M,M,M"/><TAIKYOKU oya="0"/><INIT seed="0,0,0,0,1,20" ten="250,250,250,250" oya="0" hai0="95,88,5,76,19,35,86,83,13,54,126,39,58" hai1="115,51,116,33,42,6,113,63,106,119,0,52,64" hai2="112,9,27,14,82,18,130,53,38,102,93,1,107" hai3="24,15,56,31,80,45,96,75,128,34,77,68,70"/><T3/><D126/><U97/><E33/><V124/><F38/><W134/><G134/><T94/><D39/><U4/><E106/><V133/><F133/><W21/><G128/><T28/><D35/><U104/><E104/><V91/><F130/><W37/><G56/><T12/><D28/><U23/><E97/><V62/><F1/><W50/><G37/><T99/><D3/><U59/><E23/><V2/><F2/><W69/><G96/><T110/><D110/><U55/><E4/><V117/><F107/><W103/><G103/><T61/><D5/><U30/><E30/><V118/><F102/><W78/><G78/><T17/><D95/><U22/><E22/><N who="2" m="13783" /><F82/><W74/><G74/><T29/><D29/><U44/><E6/><V73/><F73/><W90/><G90/><T7/><REACH who="0" step="1"/><D13/><REACH who="0" ten="240,250,250,250" step="2"/><U25/><E0/><V79/><F124/><W85/><G15/><T123/><D123/><U125/><E125/><V89/><F93/><W101/><G34/><T49/><D49/><N who="1" m="26775" /><E25/><V120/><F14/><W72/><REACH who="3" step="1"/><G101/><REACH who="3" ten="240,250,250,240" step="2"/><T67/><D67/><U43/><E116/><V71/><F118/><W129/><G129/><T32/><D32/><U41/><E119/><V87/><F117/><W11/><G11/><AGARI ba="0,2" hai="7,11,12,17,19,54,58,61,76,83,86,88,94,99" machi="11" ten="40,12000,1" yaku="1,1,8,1,54,1,53,1" doraHai="20" doraHaiUra="92" who="0" fromWho="3" sc="240,140,250,0,250,0,240,-120" /><INIT seed="0,1,0,0,3,95" ten="380,250,250,120" oya="0" hai0="57,77,70,84,60,92,67,36,131,86,5,76,51" hai1="112,50,13,93,14,100,9,38,55,1,71,108,88" hai2="33,52,103,129,90,132,6,123,126,120,61,19,35" hai3="64,118,23,133,80,49,134,121,128,97,104,85,117"/><T12/><D131/><U119/><E119/><N who="3" m="45578" /><G49/><T59/><D36/><U40/><E108/><V4/><F103/><N who="3" m="62575" /><G23/><T106/><D106/><U45/><E100/><V39/><F129/><W43/><G64/><T74/><D70/><U99/><E112/><V26/><F61/><W82/><G43/><T15/><D74/><U53/><E71/><V96/><F26/><W68/><G68/><T16/><D5/><U69/><E69/><V130/><F130/><W48/><G48/><T56/><D15/><U25/><E25/><V94/><F19/><W127/><G128/><T65/><D86/><U18/><E1/><V62/><F62/><W124/><G121/><T101/><D77/><U21/><E38/><V41/><F41/><W116/><N who="3" m="45586" /><W7/><DORA hai="125" /><G7/><AGARI ba="1,0" hai="7,9,13,14,18,21,40,45,50,53,55,88,93,99" machi="7" ten="30,7700,0" yaku="7,1,8,1,52,1,54,1" doraHai="95,125" who="1" fromWho="3" sc="380,0,250,80,250,0,120,-80" /><INIT seed="1,0,0,0,0,84" ten="380,330,250,40" oya="1" hai0="37,15,65,6,101,32,130,85,92,45,58,9,86" hai1="133,128,109,19,116,12,54,46,100,134,119,83,59" hai2="89,122,11,35,113,105,3,114,111,39,75,87,72" hai3="99,80,91,63,66,127,61,27,55,48,1,5,97"/><U23/><E100/><V71/><F35/><W33/><G127/><T131/><D32/><U20/><E46/><V17/><F39/><W43/><G43/><N who="0" m="22767" /><D58/><U112/><E83/><N who="2" m="49407" /><F71/><W34/><G5/><T56/><D56/><U94/><E94/><V77/><F3/><W31/><G1/><T21/><D65/><U44/><E44/><V2/><F11/><W7/><G7/><T64/><D64/><U76/><E76/><V135/><F17/><W40/><G34/><T126/><D21/><N who="1" m="8267" /><E112/><N who="2" m="43115" /><F2/><W26/><G40/><T88/><D101/><U69/><E69/><V28/><F28/><W42/><G42/><T106/><D106/><U50/><E128/><N who="0" m="49193" /><D126/><U121/><E121/><V120/><F135/><N who="1" m="51721" /><E109/><V103/><F111/><W81/><G26/><T24/><D24/><U70/><E70/><V14/><F77/><W78/><G78/><T95/><D95/><U41/><E41/><V49/><F49/><W90/><G63/><T107/><D107/><U73/><E12/><V132/><F14/><W16/><G61/><T53/><D86/><U60/><E19/><V38/><F38/><W102/><G16/><T51/><D51/><U4/><E4/><V96/><F132/><W125/><G125/><T79/><D79/><U123/><E50/><V30/><F30/><W124/><G124/><T36/><D36/><U13/><E13/><V110/><F110/><W29/><G29/><T68/><D68/><U8/><E8/><V52/><F52/><AGARI ba="0,0" hai="6,9,15,52,53,85,88,92" m="49193,22767" machi="52" ten="30,7700,0" yaku="19,1,52,1,54,2" doraHai="84" who="0" fromWho="2" sc="380,77,330,0,250,-77,40,0" /><INIT seed="2,0,0,5,2,72" ten="457,330,173,40" oya="2" hai0="132,16,98,15,81,95,26,60,53,114,105,91,133" hai1="34,48,33,17,116,11,35,94,52,88,5,71,108" hai2="110,100,90,84,30,7,3,31,99,66,70,38,42" hai3="129,1,86,40,9,61,67,82,121,24,120,32,73"/><V6/><F38/><W125/><G125/><T112/><D105/><U36/><E116/><V44/><F110/><W102/><G129/><T37/><D37/><U14/><E108/><V127/><F127/><W63/><G40/><T23/><D15/><U68/><E36/><V77/><F70/><W27/><G63/><T80/><D80/><U75/><E75/><V85/><F66/><W25/><G32/><T104/><D104/><U12/><E12/><V21/><F3/><W78/><G102/><T28/><D81/><U124/><E5/><V135/><F135/><N who="0" m="51786" /><D28/><U69/><E124/><V55/><F55/><W106/><G106/><T4/><D4/><U0/><E0/><V103/><F99/><W107/><G107/><T128/><D128/><U47/><REACH who="1" step="1"/><E69/><REACH who="1" ten="457,320,173,40" step="2"/><V101/><F6/><W87/><G1/><T46/><D114/><U122/><E122/><V134/><F7/><W54/><G9/><T41/><D112/><U8/><E8/><V19/><F134/><W18/><G18/><T126/><D126/><U29/><E29/><V89/><F19/><W130/><G130/><T10/><D10/><U74/><E74/><V115/><F115/><W119/><G119/><T93/><D16/><U109/><E109/><V20/><F30/><W62/><G121/><T50/><D26/><U56/><E56/><V22/><F31/><W2/><G2/><T39/><D39/><U76/><E76/><V65/><F77/><W123/><G123/><T43/><D23/><U118/><E118/><V79/><F79/><W57/><G120/><T51/><D46/><U131/><E131/><RYUUKYOKU ba="0,1" sc="457,-15,320,15,173,-15,40,15" hai1="11,14,17,33,34,35,47,48,52,68,71,88,94" hai3="24,25,27,54,57,61,62,67,73,78,82,86,87" /><INIT seed="3,1,1,3,3,132" ten="442,335,158,55" oya="3" hai0="53,85,35,84,56,21,54,73,51,70,134,61,65" hai1="31,0,79,10,77,93,25,119,124,123,57,50,47" hai2="109,19,125,112,40,3,49,130,11,62,32,71,105" hai3="81,80,94,24,74,91,1,46,87,45,127,41,55"/><W100/><G1/><T27/><D73/><U33/><E123/><V26/><F105/><W12/><G127/><T118/><D134/><U42/><E119/><V7/><F112/><W14/><G24/><T92/><D118/><U78/><E93/><V114/><F114/><W13/><G74/><T108/><D108/><U20/><E33/><V36/><F109/><W131/><G131/><T34/><D54/><U60/><E10/><V98/><F98/><W6/><G6/><T107/><D107/><U16/><E0/><V66/><F130/><W111/><G111/><T18/><D85/><U52/><E124/><V135/><F135/><W37/><REACH who="3" step="1"/><G100/><REACH who="3" ten="442,335,158,45" step="2"/><T129/><D129/><U102/><E102/><V63/><F125/><W9/><G9/><T59/><D70/><U110/><E110/><V96/><F26/><W17/><G17/><T99/><D84/><U128/><E128/><V58/><F19/><W115/><G115/><T29/><D18/><U97/><E97/><V104/><F96/><W2/><G2/><T90/><AGARI ba="1,2" hai="21,27,29,34,35,51,53,56,59,61,65,90,92,99" machi="90" ten="20,1500,0" yaku="0,1,7,1" doraHai="132" who="0" fromWho="0" sc="442,38,335,-5,158,-5,45,-8" owari="480,58.0,330,13.0,153,-24.7,37,-46.3" /></mjloggm>