<mjloggm ver="2.3"><GO type="225" lobby="0"/><UN n0="%6B%65%6E%6E%64%69" n1="%E3%81%A8%E3%82%93%E3%81%A8%E3%81%93%E3%81%A8%E3%82%93" n2="%E3%82%BC%E3%83%AB%E3%83%80%E3%81%AE%E4%BC%9D%E8%AA%AC" n3="%E3%81%BE%E3%81%8B%E3%81%B7%E3%82%93" dan="16,16,17,16" rate="2192.33,2092.50,2242.57,2090.50" sx="M,M,M,M"/><TAIKYOKU oya="0"/><INIT seed="0,0,0,3,5,134" ten="250,250,250,250" oya="0" hai0="113,0,39,109,14,10,38,54,31,48,50,98,57" hai1="105,67,59,102,30,70,135,76,120,73,122,28,37" hai2="26,81,90,93,86,108,1,82,75,100,87,44,7" hai3="47,103,111,36,72,27,66,125,78,19,18,123,20"/><T124/><D113/><U11/><E37/><V118/><F108/><W99/><G111/><T106/><D109/><U3/><E59/><V69/><F69/><W62/><G123/><T15/><D0/><U80/><E28/><V68/><F68/><W128/><G128/><T77/><D31/><U117/><E30/><V84/><F118/><W64/><G64/><T95/><D106/><U5/><E135/><V74/><F26/><W96/><G18/><T94/><D77/><U41/><E41/><V56/><F56/><W13/><G13/><T83/><D83/><N who="2" m="31754" /><F44/><W33/><G33/><T119/><D119/><U104/><E117/><V71/><F71/><W112/><G78/><T61/><D39/><U2/><E2/><V60/><F60/><W29/><G72/><N who="2" m="27689" /><F7/><W101/><G47/><T24/><D38/><U32/><E32/><V65/><F65/><W107/><G36/><T12/><D10/><U133/><E133/><V92/><F1/><W22/><G29/><T21/><D95/><N who="2" m="36426" /><F100/><W85/><G103/><N who="0" m="60887" /><D24/><U6/><E6/><V43/><F43/><W63/><G101/><T114/><D21/><U97/><REACH who="1" step="1"/><E105/><REACH who="1" ten="250,240,250,250" step="2"/><V88/><AGARI ba="0,1" hai="84,86,87,88,90" m="36426,27689,31754" machi="88" ten="40,16000,3" yaku="28,2,35,5,54,1" doraHai="134" who="2" fromWho="2" sc="250,-80,240,-40,250,170,250,-40" /><INIT seed="1,0,0,2,3,66" ten="170,200,420,210" oya="1" hai0="83,123,85,19,47,14,33,49,99,126,11,44,6" hai1="65,25,102,7,94,40,9,118,20,50,79,55,39" hai2="31,127,52,63,42,5,45,95,105,86,135,54,92" hai3="112,76,96,88,132,8,67,38,80,0,30,23,34"/><U36/><E118/><V57/><F105/><W72/><G112/><T29/><D126/><U122/><E122/><V2/><F127/><W46/><G34/><T15/><D123/><U133/><E133/><V107/><F107/><W120/><G120/><T28/><D99/><U12/><E40/><V114/><F135/><W129/><G132/><T17/><D33/><U81/><E65/><V130/><F114/><W87/><G129/><T97/><D97/><U69/><E94/><V27/><F130/><W22/><G96/><T1/><D1/><U121/><E102/><V73/><F73/><W101/><G101/><T108/><D47/><U78/><E78/><V48/><F86/><W77/><G67/><T106/><D108/><U61/><E61/><V16/><F16/><N who="0" m="6218" /><D15/><U91/><E91/><V75/><F75/><W41/><G30/><T93/><D93/><U32/><E69/><V35/><REACH who="2" step="1"/><F42/><REACH who="2" ten="170,200,410,210" step="2"/><W43/><G43/><N who="0" m="24735" /><D106/><U51/><E121/><V104/><F104/><W111/><G111/><T100/><D100/><U59/><E32/><V110/><F110/><W10/><G77/><AGARI ba="0,1" hai="6,11,14,28,29,77,83,85" m="24735,6218" machi="77" ten="30,3900,0" yaku="25,1,8,1,54,1" doraHai="66" who="0" fromWho="3" sc="170,49,200,0,410,0,210,-39" /><INIT seed="2,0,0,0,5,78" ten="219,200,410,171" oya="2" hai0="21,63,68,99,69,47,126,42,29,113,52,54,131" hai1="92,98,38,73,81,41,53,26,122,109,115,23,106" hai2="27,35,103,90,118,8,83,11,123,1,86,105,37" hai3="58,88,30,49,95,84,124,89,132,100,51,127,94"/><V101/><F118/><W66/><G132/><T85/><D113/><U64/><E115/><V36/><F123/><W125/><G100/><T25/><D131/><U74/><E106/><V6/><F11/><W120/><G120/><T71/><D126/><U67/><E122/><V59/><F59/><W91/><G30/><T15/><D63/><U82/><E38/><V76/><F90/><W102/><G102/><T62/><D62/><U45/><E109/><V12/><F12/><W111/><G111/><T134/><D134/><U107/><E107/><V129/><F129/><W128/><G128/><T32/><D99/><U10/><E53/><V17/><F103/><W33/><G33/><T80/><D32/><U28/><E73/><N who="2" m="43407" /><F17/><W130/><G130/><T104/><D15/><U5/><E74/><V110/><F86/><N who="3" m="52535" /><G91/><T79/><REACH who="0" step="1"/><D104/><REACH who="0" ten="209,200,410,171" step="2"/><U116/><E116/><V121/><F121/><W34/><G34/><T61/><D61/><AGARI ba="0,1" hai="49,51,58,61,66,84,88,95,124,125,127" m="52535" machi="61" ten="30,2000,0" yaku="18,1,54,1" doraHai="78" who="3" fromWho="0" sc="209,-20,200,0,410,0,171,30" /><INIT seed="3,0,0,3,4,115" ten="189,200,410,201" oya="3" hai0="70,23,114,49,26,119,50,2,38,68,63,57,22" hai1="80,100,134,19,84,121,58,94,17,40,46,112,13" hai2="71,98,89,5,116,60,32,67,76,96,4,48,75" hai3="31,85,92,30,21,56,87,25,101,110,123,83,104"/><W20/><G123/><T24/><D119/><U86/><E112/><V99/><F116/><W6/><G6/><T45/><D114/><U59/><E121/><V109/><F32/><W64/><G110/><T65/><D2/><U51/><E134/><V1/><F109/><W7/><G7/><T102/><D38/><U131/><E131/><V97/><F48/><W128/><G128/><T77/><D77/><N who="1" m="46095" /><E19/><V111/><F111/><W103/><G104/><T8/><D102/><N who="3" m="38921" /><G92/><T74/><D74/><U107/><E107/><V15/><F1/><W108/><G108/><T53/><D8/><N who="1" m="6311" /><E100/><V34/><F34/><W88/><G87/><T9/><D9/><U73/><E73/><V78/><F75/><W133/><G133/><T10/><D10/><U33/><E33/><V113/><F113/><W28/><G25/><N who="0" m="9835" /><D70/><U62/><E62/><AGARI ba="0,0" hai="20,21,28,30,31,56,62,64,83,85,88" m="38921" machi="62" ten="30,2900,0" yaku="8,1,54,1" doraHai="115" who="3" fromWho="1" sc="189,0,200,-29,410,0,201,29" /><INIT seed="3,1,0,2,5,25" ten="189,171,410,230" oya="3" hai0="57,80,5,131,111,24,72,2,122,90,42,103,70" hai1="109,17,88,10,94,118,16,33,78,108,15,45,19" hai2="56,82,50,106,105,31,4,20,101,107,39,132,125" hai3="92,34,87,41,18,91,115,93,66,13,133,55,8"/><W102/><G133/><T28/><D122/><U120/><E120/><V135/><F39/><W117/><G117/><T58/><D70/><U124/><E124/><V37/><F37/><W26/><G115/><T22/><D111/><N who="1" m="42571" /><E118/><V75/><F4/><W14/><G66/><T35/><D131/><U83/><E33/><V77/><F101/><W73/><G73/><T27/><D103/><U81/><E45/><V64/><F125/><W119/><G41/><T52/><D42/><U3/><E3/><V40/><F40/><W6/><G119/><T38/><D38/><U76/><E83/><V130/><F130/><W59/><G34/><T48/><D58/><U134/><E134/><N who="2" m="51243" /><F50/><W95/><G102/><T36/><D36/><U23/><E81/><V69/><F69/><W113/><G26/><T51/><D51/><U9/><E9/><V49/><F64/><W30/><G113/><T67/><D67/><U89/><E89/><V79/><F79/><N who="1" m="30249" /><E10/><V86/><F86/><AGARI ba="1,0" hai="15,16,17,19,23,86,88,94" m="30249,42571" machi="86" ten="30,3900,0" yaku="14,1,54,2" doraHai="25" who="1" fromWho="2" sc="189,0,171,42,410,-42,230,0" owari="189,-31.1,213,-18.7,368,46.8,230,3.0" /></mjloggm>