<mjloggm ver="2.3"><GO type="225" lobby="0"/><UN n0="%E3%81%BF%E3%81%BF%E3%81%9A" n1="%E3%81%93%E3%81%91%E6%A4%8D%E7%89%A9" n2="%E5%84%AA%40%41%42%43" n3="%E3%83%AD%E3%83%83%E3%83%86%E9%9B%80%E7%90%83" dan="18,16,17,16" rate="2250.65,2105.21,2163.28,2171.49" sx="M,M,M,M"/><TAIKYOKU oya="0"/><INIT seed="0,0,0,2,4,106" ten="250,250,250,250" oya="0" hai0="112,51,53,124,79,40,37,80,15,120,135,95,5" hai1="55,6,25,78,72,44,74,3,122,101,111,69,30" hai2="28,65,109,50,57,58,62,70,20,133,128,36,131" hai3="21,61,60,100,67,47,39,127,4,88,11,26,129"/><T12/><D112/><U81/><E122/><V82/><F28/><W29/><G127/><T38/><D120/><U35/><E111/><V113/><F20/><W105/><G129/><N who="2" m="49737" /><F82/><W73/><G105/><T102/><D124/><U75/><E101/><V93/><F93/><W107/><G107/><T9/><D135/><U27/><E69/><V98/><F98/><W104/><G104/><T110/><D110/><U23/><E6/><V63/><F109/><W17/><G100/><T108/><D108/><U59/><E44/><V7/><F7/><W83/><G29/><T85/><D15/><U43/><E43/><V84/><F84/><W19/><G19/><T87/><D53/><U14/><E14/><V49/><F113/><W134/><G134/><T8/><D8/><U2/><E27/><V1/><F1/><N who="3" m="399" /><G67/><T99/><REACH who="0" step="1"/><D85/><REACH who="0" ten="240,250,250,250" step="2"/><U90/><E3/><V126/><F126/><W18/><G26/><T71/><D71/><U86/><E2/><V76/><F133/><W66/><G66/><T132/><D132/><U34/><REACH who="1" step="1"/><E78/><REACH who="1" ten="240,240,250,250" step="2"/><V16/><F76/><W42/><G42/><T103/><D103/><U31/><E31/><V114/><F114/><W10/><G10/><T123/><D123/><U54/><E54/><N who="2" m="34103" /><F70/><W77/><G77/><T68/><D68/><U22/><E22/><V13/><F36/><W94/><G21/><T33/><D33/><U118/><E118/><V116/><F116/><W45/><G39/><T32/><D32/><U64/><E64/><V121/><F121/><W91/><G91/><T130/><D130/><U0/><E0/><V96/><F96/><RYUUKYOKU ba="0,2" sc="240,10,240,10,250,10,250,-30" hai0="5,9,12,37,38,40,51,79,80,87,95,99,102" hai1="23,25,30,34,35,55,59,72,74,75,81,86,90" hai2="13,16,49,50,58,63,65" /><INIT seed="0,1,2,0,0,6" ten="250,250,260,220" oya="0" hai0="8,29,88,7,58,43,105,50,49,37,62,135,91" hai1="115,67,111,53,83,106,128,117,68,72,38,79,4" hai2="130,14,3,57,71,40,108,63,86,102,81,41,61" hai3="64,30,47,109,104,131,32,78,123,95,121,75,103"/><T56/><D105/><U34/><RYUUKYOKU type="yao9" ba="1,2" sc="250,0,250,0,260,0,220,0" hai1="4,34,38,53,67,68,72,79,83,106,111,115,117,128" /><INIT seed="0,2,2,5,4,84" ten="250,250,260,220" oya="0" hai0="65,11,102,24,21,46,97,105,121,114,13,120,81" hai1="118,4,28,17,34,29,62,71,115,127,27,70,57" hai2="47,6,89,45,19,83,82,133,33,107,108,61,63" hai3="92,91,54,101,40,73,2,38,64,80,113,22,134"/><T14/><D114/><U50/><E118/><V42/><F107/><W55/><G113/><T124/><D65/><U110/><E110/><V9/><F33/><W125/><G2/><T3/><D124/><U90/><E127/><V112/><F112/><W99/><G125/><T109/><D109/><U41/><E29/><V86/><F108/><W126/><G126/><T79/><D3/><U43/><E4/><V111/><F133/><W12/><G134/><T88/><D46/><U49/><E115/><V44/><F111/><W123/><G123/><T119/><D119/><U25/><E70/><V77/><F19/><N who="3" m="10599" /><G73/><T69/><D69/><U58/><E71/><V122/><F122/><W96/><G38/><T15/><D11/><U51/><E58/><V74/><REACH who="2" step="1"/><F42/><REACH who="2" ten="250,250,250,220" step="2"/><W37/><G40/><T129/><D129/><U20/><E43/><V0/><AGARI ba="2,3" hai="0,6,9,44,45,47,61,63,74,77,82,83,86,89" machi="0" ten="30,8000,1" yaku="1,1,2,1,0,1,52,1,53,1" doraHai="84" doraHaiUra="85" who="2" fromWho="2" sc="250,-42,250,-22,250,116,220,-22" /><INIT seed="1,0,0,1,2,59" ten="208,228,366,198" oya="1" hai0="41,74,8,15,70,103,43,131,4,14,53,52,127" hai1="97,79,93,11,16,25,105,133,132,108,48,109,35" hai2="73,125,95,75,60,123,83,135,30,134,117,20,32" hai3="119,64,84,94,91,17,42,22,104,36,18,10,2"/><U129/><E105/><V96/><F32/><W99/><G119/><T101/><D74/><U58/><E129/><V0/><F0/><W77/><G36/><T89/><D70/><U68/><E68/><V29/><F123/><W57/><G42/><N who="0" m="15883" /><D131/><U115/><E115/><V121/><F125/><W38/><G38/><T130/><D130/><U23/><E79/><V82/><F121/><W46/><G46/><T90/><D127/><U9/><E35/><V63/><F20/><W54/><G64/><T28/><D28/><U40/><E40/><V34/><F34/><W45/><G45/><T114/><D114/><U37/><E37/><V66/><F95/><W24/><G104/><T112/><D112/><U110/><E58/><V113/><F113/><W31/><G2/><T85/><D89/><N who="1" m="55471" /><E48/><V76/><F76/><W6/><G77/><T111/><D111/><N who="1" m="28419" /><U56/><DORA hai="120" /><E56/><V65/><F96/><W86/><G99/><T88/><D90/><U3/><E3/><V19/><F19/><W49/><REACH who="3" step="1"/><G86/><REACH who="3" ten="208,228,366,188" step="2"/><T122/><D122/><U5/><E5/><V26/><F117/><W33/><G33/><T51/><D85/><U100/><E100/><V87/><F87/><W118/><G118/><T1/><D88/><U69/><E69/><V71/><F71/><W78/><G78/><T27/><D103/><U106/><E106/><V55/><F55/><W72/><G72/><T50/><D101/><U126/><E126/><V116/><F116/><W7/><G7/><T21/><D53/><U80/><E80/><V61/><F83/><W92/><G92/><T47/><D51/><RYUUKYOKU ba="0,1" sc="208,10,228,10,366,-30,188,10" hai0="1,4,8,14,15,21,27,47,50,52" hai1="9,11,16,23,25,132,133" hai3="6,10,17,18,22,24,31,49,54,57,84,91,94" /><INIT seed="1,1,1,1,2,72" ten="218,238,336,198" oya="1" hai0="106,29,46,14,1,23,60,10,87,116,65,51,52" hai1="127,134,69,100,97,104,13,96,117,25,125,83,89" hai2="54,9,78,18,82,90,107,94,53,130,71,61,111" hai3="102,4,49,62,32,112,115,79,118,95,6,57,119"/><U66/><E117/><N who="3" m="44554" /><G32/><T126/><D116/><U47/><E134/><V98/><F111/><W16/><G49/><T24/><D126/><N who="1" m="48139" /><E47/><V35/><F35/><W103/><G95/><T132/><D132/><U109/><E109/><V88/><F107/><W22/><G4/><T74/><D74/><U123/><E123/><V135/><F135/><W43/><G43/><T11/><D106/><U8/><E25/><V114/><F130/><W48/><G48/><T80/><D1/><U91/><E83/><V63/><F71/><W128/><G6/><T99/><D99/><U93/><E91/><V7/><F90/><W131/><G103/><T44/><D44/><U58/><E69/><V28/><F28/><W77/><G102/><T73/><D73/><U75/><E75/><V26/><F7/><W129/><G115/><T36/><D14/><U33/><E33/><V38/><F38/><W67/><G112/><T55/><D55/><N who="2" m="21002" /><F114/><W85/><G85/><T108/><D36/><U17/><E66/><V121/><F121/><W124/><G124/><T50/><D108/><U41/><E41/><V42/><F42/><W70/><G70/><T113/><D50/><U92/><E104/><V2/><F2/><W45/><G45/><T34/><D113/><U3/><E3/><V39/><F39/><W105/><G105/><T19/><D65/><U59/><AGARI ba="1,1" hai="8,13,17,58,59,89,92,93,96,97,100" m="48139" machi="59" ten="30,1500,0" yaku="18,1" doraHai="72" who="1" fromWho="1" sc="218,-6,238,28,336,-6,198,-6" /><INIT seed="1,2,0,5,1,59" ten="212,266,330,192" oya="1" hai0="7,94,42,0,16,70,116,47,31,80,99,118,64" hai1="21,111,8,50,54,83,76,103,98,61,114,100,107" hai2="66,3,74,56,43,105,57,122,128,77,95,60,85" hai3="121,123,96,88,55,97,49,124,13,120,113,24,25"/><U20/><E114/><V78/><F122/><W75/><G113/><T106/><D31/><U32/><E32/><V84/><F105/><W86/><G75/><T68/><D106/><U53/><E103/><V40/><F74/><W9/><G124/><T93/><D0/><U109/><E8/><V72/><F72/><W37/><G37/><T41/><D7/><U89/><E89/><N who="2" m="53671" /><F3/><W33/><G97/><T45/><D80/><U79/><E54/><V82/><F128/><W125/><G96/><T27/><D99/><U28/><E61/><N who="2" m="38183" /><F77/><W39/><G39/><T117/><D117/><U15/><E79/><V6/><F6/><W87/><G87/><T126/><D64/><AGARI ba="2,0" hai="40,43,57,60,64,78,82,85" m="38183,53671" machi="64" ten="30,3900,0" yaku="8,1,52,2" doraHai="59" who="2" fromWho="0" sc="212,-45,266,0,330,45,192,0" /><INIT seed="2,0,0,0,3,51" ten="167,266,375,192" oya="2" hai0="53,6,14,69,83,111,22,46,96,30,16,77,86" hai1="80,89,38,132,23,1,85,112,64,63,78,33,43" hai2="124,97,32,92,45,42,27,34,72,90,31,19,0" hai3="114,126,68,8,25,108,113,122,13,103,67,102,121"/><V71/><F71/><W134/><G67/><T24/><D111/><U10/><E33/><V11/><F72/><W120/><G68/><T20/><D69/><U84/><E112/><N who="3" m="43114" /><G108/><T130/><D130/><U128/><E132/><V62/><F124/><W110/><G110/><T48/><D96/><U123/><E123/><V2/><F32/><W82/><G134/><T61/><D61/><U127/><E127/><V79/><F79/><W21/><G82/><T74/><REACH who="0" step="1"/><D6/><REACH who="0" ten="157,266,375,192" step="2"/><U119/><E128/><V98/><F62/><W9/><G126/><T75/><AGARI ba="0,1" hai="14,16,20,22,24,30,46,48,53,74,75,77,83,86" machi="75" ten="30,8000,1" yaku="1,1,2,1,0,1,52,1,54,1,53,0" doraHai="51" doraHaiUra="52" who="0" fromWho="0" sc="157,90,266,-20,375,-40,192,-20" /><INIT seed="3,0,0,3,2,63" ten="247,246,335,172" oya="3" hai0="48,26,100,58,92,69,132,134,75,123,59,29,8" hai1="20,78,102,84,97,3,34,73,119,80,68,40,67" hai2="10,131,60,39,122,74,7,28,51,96,130,129,25" hai3="4,16,115,24,107,14,111,5,91,33,135,15,117"/><W110/><G115/><T13/><D69/><U85/><E119/><V94/><F39/><W90/><G107/><T128/><D75/><U44/><E34/><N who="2" m="20751" /><F74/><W41/><G135/><N who="0" m="51755" /><D123/><U53/><E3/><N who="2" m="383" /><F60/><W12/><G117/><T65/><D128/><U88/><E53/><V56/><F122/><W11/><G41/><T125/><D48/><U112/><E112/><V57/><F51/><W52/><G52/><T54/><D125/><U30/><E84/><V2/><F2/><W118/><G118/><T6/><D65/><U83/><E68/><V71/><F71/><W105/><G105/><T127/><D127/><U50/><E20/><V89/><AGARI ba="0,0" hai="56,57,89,94,96,129,130,131" m="383,20751" machi="89" ten="30,1100,0" yaku="19,1" doraHai="63" who="2" fromWho="2" sc="247,-3,246,-3,335,11,172,-5" owari="244,4.4,243,-15.7,346,44.6,167,-33.3" /></mjloggm>