<mjloggm ver="2.3"><GO type="225" lobby="0"/><UN n0="%73%69%72%6F%75%74" n1="%E8%81%B7%E6%A5%AD%E3%80%81%E9%A2%A8%32" n2="%6B%75%7A%75%6E" n3="%E3%83%B4%E3%83%A0%EF%BC%99%E3%81%A6" dan="16,16,17,17" rate="2065.33,2111.18,2171.41,2180.84" sx="M,M,M,M"/><TAIKYOKU oya="0"/><INIT seed="0,0,0,1,2,4" ten="250,250,250,250" oya="0" hai0="113,50,44,111,116,18,100,42,2,27,30,93,123" hai1="130,28,131,60,94,97,78,77,110,121,47,79,55" hai2="10,72,75,106,92,104,80,109,59,5,67,68,0" hai3="21,135,48,37,120,64,11,73,23,20,115,19,62"/><T87/><D113/><U85/><E110/><V33/><F109/><W3/><G115/><T88/><D111/><U35/><E121/><V22/><F59/><W51/><G37/><T63/><D123/><U24/><E85/><V7/><F22/><W95/><G73/><N who="2" m="28233" /><F92/><W49/><G120/><T90/><D2/><U119/><E119/><V108/><F80/><W117/><G117/><T124/><D124/><U38/><E60/><N who="2" m="40039" /><F108/><W25/><G135/><T103/><D116/><U34/><E35/><V14/><F14/><W41/><G41/><T53/><D90/><U9/><E9/><V127/><F7/><W96/><G3/><T16/><D63/><U15/><E15/><V101/><F127/><W81/><G81/><T12/><D42/><U134/><E134/><V112/><F112/><W46/><G46/><T114/><D114/><U89/><REACH who="1" step="1"/><E38/><REACH who="1" ten="250,240,250,250" step="2"/><V56/><F33/><W122/><G122/><T132/><D132/><U126/><E126/><V107/><F56/><N who="3" m="36935" /><G11/><N who="0" m="6175" /><D30/><U98/><E98/><AGARI ba="0,1" hai="0,5,10,98,101,104,106,107" m="40039,28233" machi="98" ten="30,3900,0" yaku="33,2,52,1" doraHai="4" who="2" fromWho="1" sc="250,0,240,-39,250,49,250,0" /><INIT seed="1,0,0,0,3,38" ten="250,201,299,250" oya="1" hai0="115,92,94,134,123,25,2,18,62,40,49,111,0" hai1="41,63,46,113,55,36,61,109,3,10,114,74,81" hai2="30,8,79,84,6,110,87,116,68,19,127,50,45" hai3="71,99,78,56,93,28,5,122,47,95,76,54,9"/><U120/><E120/><V102/><F116/><W121/><G71/><T86/><D111/><U57/><E109/><V12/><F110/><W130/><G130/><T106/><D106/><U13/><E63/><V135/><F135/><W44/><G28/><T70/><D115/><U65/><E65/><V26/><F127/><W11/><G56/><T33/><D134/><U31/><E31/><V117/><F117/><W4/><G54/><T83/><D123/><U131/><E131/><V1/><F102/><W48/><G48/><T75/><D75/><U72/><E74/><V108/><F79/><W23/><G23/><T60/><D0/><U126/><E126/><V112/><F68/><W64/><G99/><T7/><D7/><U82/><E82/><V90/><F90/><W35/><REACH who="3" step="1"/><G64/><REACH who="3" ten="250,201,299,240" step="2"/><T85/><D70/><U100/><E100/><V43/><F108/><W67/><G67/><T133/><D49/><U132/><E132/><V34/><F112/><W20/><G20/><AGARI ba="0,1" hai="1,6,8,12,19,20,26,30,34,43,45,50,84,87" machi="20" ten="30,7700,0" yaku="7,1,24,2,52,1" doraHai="38" who="2" fromWho="3" sc="250,0,201,0,299,87,240,-77" /><INIT seed="2,0,0,3,1,101" ten="250,201,386,163" oya="2" hai0="126,84,53,104,62,59,21,31,108,18,16,36,55" hai1="50,30,1,99,112,114,95,33,61,134,132,25,78" hai2="106,5,2,98,64,4,131,68,42,86,111,133,56" hai3="71,10,83,130,100,15,105,38,13,118,94,22,77"/><V14/><F131/><W29/><G118/><T90/><D104/><U52/><E1/><V135/><F68/><W41/><G130/><T103/><D103/><U28/><E30/><V119/><F2/><W27/><G71/><T113/><D113/><U81/><E61/><V96/><F119/><W79/><G94/><T69/><D36/><U9/><E9/><V109/><F86/><W102/><G102/><T125/><D108/><N who="2" m="41546" /><F42/><W87/><G77/><T91/><D69/><U37/><E37/><V120/><F106/><W97/><REACH who="3" step="1"/><G10/><REACH who="3" ten="250,201,386,153" step="2"/><T19/><D126/><U8/><E8/><V49/><F135/><N who="1" m="51753" /><E95/><V51/><F133/><W17/><G17/><T123/><D18/><U7/><E7/><V46/><F4/><W6/><G6/><T3/><D16/><U129/><E129/><V12/><F5/><W107/><G107/><T76/><D19/><U110/><E110/><V121/><F12/><W34/><G34/><T48/><D125/><U80/><E99/><V93/><F98/><W20/><G20/><T74/><D21/><U116/><E116/><V72/><F93/><W70/><G70/><T85/><D3/><U124/><E124/><V65/><F96/><W32/><G32/><T57/><D31/><U115/><E78/><V24/><F14/><W89/><G89/><T44/><D90/><U47/><AGARI ba="0,1" hai="25,28,33,47,50,52,80,81,112,114,115" m="51753" machi="47" ten="40,2700,0" yaku="20,1,54,1" doraHai="101" who="1" fromWho="1" sc="250,-7,201,37,386,-13,153,-7" /><INIT seed="3,0,0,5,2,57" ten="243,238,373,146" oya="3" hai0="63,42,37,79,1,2,73,99,103,74,12,121,80" hai1="47,76,4,52,75,88,89,30,46,48,86,55,64" hai2="69,135,87,118,58,70,114,77,60,32,91,53,101" hai3="11,3,59,28,124,15,126,50,127,19,110,94,44"/><W113/><G113/><T115/><D121/><U104/><E104/><V35/><F114/><W92/><G110/><T106/><D115/><U128/><E128/><V22/><F118/><W39/><G39/><T21/><D73/><U129/><E129/><V54/><F101/><W83/><G28/><T97/><D97/><U62/><E75/><V36/><F77/><W45/><G3/><T29/><D12/><U119/><E119/><V9/><F70/><W117/><G117/><T85/><D21/><U61/><E4/><V90/><F69/><W131/><G131/><T14/><D14/><U34/><E64/><V0/><F22/><W23/><G23/><T43/><D43/><U6/><E6/><V33/><F9/><W56/><G83/><T49/><D49/><N who="1" m="28727" /><E34/><V81/><F33/><W96/><G44/><N who="0" m="23631" /><D29/><U20/><E76/><V98/><F0/><W84/><G84/><T109/><D109/><U38/><E38/><V41/><F87/><W132/><G132/><T67/><D85/><U105/><E105/><V25/><F135/><W18/><G18/><T102/><D102/><U27/><E89/><V107/><F107/><W93/><REACH who="3" step="1"/><G96/><REACH who="3" ten="243,238,373,136" step="2"/><T68/><AGARI ba="0,1" hai="1,2,63,67,68,74,79,80,99,103,106" m="23631" machi="68" ten="30,4000,0" yaku="33,2,52,1" doraHai="57" who="0" fromWho="0" sc="243,50,238,-10,373,-10,136,-20" owari="293,9.3,228,-17.2,363,46.3,116,-38.4" /></mjloggm>