<mjloggm ver="2.3"><GO type="225" lobby="0"/><UN n0="%6D%75%75%6D%75%72%61" n1="%E5%8F%AF%E5%85%90%E9%82%A3%E7%94%B1%E5%A4%9A" n2="%72%69%6F%75%63%68%61%6E" n3="%E6%9A%87%E4%BA%BA%EF%BC%A0%E9%85%8D%E4%BF%A1%E5%9E%A2" dan="17,16,17,17" rate="2191.36,2193.00,2248.90,2183.50" sx="F,F,M,F"/><TAIKYOKU oya="0"/><INIT seed="0,0,0,2,3,22" ten="250,250,250,250" oya="0" hai0="5,114,110,20,21,120,61,126,48,15,37,116,122" hai1="47,112,13,19,58,113,71,56,105,74,100,36,132" hai2="51,103,84,27,16,49,46,1,107,68,121,79,42" hai3="87,14,135,28,94,86,127,39,102,4,59,44,0"/><T133/><D37/><U8/><E71/><V83/><F121/><W55/><G0/><T26/><D114/><N who="1" m="44139" /><E74/><V115/><F115/><W38/><G135/><T95/><D116/><U91/><E132/><V108/><F108/><W89/><G127/><T18/><D133/><U67/><E67/><V35/><F1/><W30/><G102/><T101/><D126/><U130/><E130/><V66/><F107/><W65/><G87/><T53/><D110/><U52/><E91/><V92/><F68/><W11/><G65/><T31/><D61/><U77/><E77/><V10/><F66/><W119/><G119/><T29/><D29/><U7/><E7/><V69/><F69/><W118/><G118/><T72/><D5/><U99/><E36/><V2/><F2/><W75/><G75/><T6/><D6/><U134/><E134/><V60/><F60/><W76/><G76/><T96/><REACH who="0" step="1"/><D72/><REACH who="0" ten="240,250,250,250" step="2"/><U124/><E124/><V128/><F128/><W40/><REACH who="3" step="1"/><G39/><REACH who="3" ten="240,250,250,240" step="2"/><T54/><D54/><U85/><E85/><V62/><F84/><W57/><G57/><AGARI ba="0,2" hai="15,18,20,21,26,31,48,53,57,95,96,101,120,122" machi="57" ten="30,11600,0" yaku="1,1,7,1,52,1,53,1" doraHai="22" doraHaiUra="12" who="0" fromWho="3" sc="240,136,250,0,250,0,240,-116" /><INIT seed="0,1,0,1,5,131" ten="376,250,250,124" oya="0" hai0="63,51,64,127,69,34,97,38,17,12,24,35,126" hai1="19,134,4,132,102,81,121,70,13,9,21,113,3" hai2="109,85,96,135,49,115,39,0,66,98,60,99,37" hai3="27,77,125,103,56,88,107,91,67,58,61,100,92"/><T14/><D38/><U32/><E70/><V123/><F135/><N who="1" m="51753" /><E121/><V6/><F123/><W20/><G107/><T72/><D34/><U53/><E113/><V87/><F115/><W48/><G125/><T31/><D72/><U46/><E32/><V120/><F109/><W90/><G77/><T114/><D114/><U10/><E102/><V71/><F120/><W59/><G48/><T43/><D35/><U94/><E94/><V106/><F106/><W73/><G73/><T44/><D69/><U8/><E81/><V118/><F118/><W65/><G65/><T84/><D97/><U41/><E53/><V74/><F74/><W108/><G108/><T16/><D64/><U15/><E3/><V133/><F133/><W55/><G55/><T33/><D33/><U89/><E89/><V47/><F0/><W112/><G112/><T101/><D101/><U40/><E40/><V62/><F71/><W5/><G5/><T93/><D43/><U95/><E95/><V2/><F6/><W80/><G80/><T26/><D93/><U116/><E116/><V29/><F2/><W36/><G36/><AGARI ba="1,0" hai="4,8,9,10,13,15,19,21,36,41,46" m="51753" machi="36" ten="30,7700,0" yaku="20,1,52,3" doraHai="131" who="1" fromWho="3" sc="376,0,250,80,250,0,124,-80" /><INIT seed="1,0,0,0,1,18" ten="376,330,250,44" oya="1" hai0="33,4,79,69,25,67,37,46,111,102,90,28,21" hai1="53,101,27,34,107,9,51,98,19,38,108,39,3" hai2="72,119,65,104,115,109,32,68,22,41,17,59,60" hai3="118,123,36,12,74,11,125,44,42,84,94,92,70"/><U47/><E108/><V10/><F109/><W50/><G123/><T58/><D111/><U49/><E34/><V100/><F119/><W97/><G118/><T134/><D69/><U112/><E112/><V77/><F32/><W93/><G74/><T15/><D102/><U31/><E31/><V5/><F115/><W122/><G125/><T124/><D124/><U61/><E61/><V83/><F41/><W45/><G70/><T14/><D79/><U62/><E62/><V106/><F100/><W13/><G122/><T56/><D67/><U24/><E24/><V114/><F114/><W55/><G84/><T63/><D63/><U99/><E99/><V117/><F117/><W127/><G127/><T78/><D25/><U133/><E133/><V82/><F68/><W35/><G13/><T16/><D33/><U23/><REACH who="1" step="1"/><E51/><REACH who="1" ten="376,320,250,44" step="2"/><V89/><F60/><W8/><G35/><T135/><D28/><U130/><E130/><V129/><F129/><W116/><G116/><T0/><D134/><U76/><E76/><V54/><F77/><W40/><G40/><T121/><D78/><U88/><E88/><V131/><F89/><W64/><G64/><T126/><D90/><U48/><E48/><V52/><F65/><W2/><G2/><T103/><D0/><U85/><E85/><V26/><F131/><W87/><G87/><T105/><D135/><U110/><E110/><V57/><F72/><W1/><G1/><T20/><D126/><U95/><E95/><N who="3" m="36426" /><G12/><T66/><D66/><U7/><AGARI ba="0,1" hai="3,7,9,19,23,27,38,39,47,49,53,98,101,107" machi="7" ten="30,6000,0" yaku="1,1,0,1,52,1,53,0" doraHai="18" doraHaiUra="75" who="1" fromWho="1" sc="376,-20,320,70,250,-20,44,-20" /><INIT seed="1,1,0,1,2,112" ten="356,390,230,24" oya="1" hai0="84,12,66,92,93,27,105,50,81,130,71,134,89" hai1="48,88,78,41,29,101,20,44,107,86,79,59,23" hai2="116,35,53,34,28,106,80,4,129,10,15,109,120" hai3="2,6,108,131,95,74,102,19,128,63,135,8,85"/><U121/><E121/><V118/><F106/><W96/><G108/><T73/><D130/><U5/><E5/><V3/><F80/><W110/><G110/><T25/><D134/><U31/><E101/><V111/><F53/><W37/><G135/><T114/><D114/><U55/><E107/><V26/><F120/><W132/><G132/><T60/><D105/><U24/><E20/><V104/><F104/><W11/><G74/><T40/><D12/><U98/><E98/><V58/><F58/><W43/><G85/><T82/><D40/><U57/><E31/><N who="2" m="19831" /><F129/><W38/><G128/><T103/><D50/><U56/><REACH who="1" step="1"/><E41/><REACH who="1" ten="356,380,230,24" step="2"/><V17/><F109/><W47/><G131/><T125/><D103/><U14/><E14/><V0/><F111/><W72/><G11/><T45/><D27/><U124/><E124/><V115/><F115/><W83/><G19/><T42/><D125/><U113/><E113/><V76/><F0/><W87/><G63/><T32/><D25/><U51/><E51/><V99/><F99/><W90/><REACH who="3" step="1"/><G72/><REACH who="3" ten="356,380,230,14" step="2"/><T70/><D73/><U54/><E54/><V16/><F17/><W77/><G77/><T122/><D60/><U97/><E97/><V117/><F76/><W9/><G9/><T22/><D122/><U94/><AGARI ba="1,2" hai="23,24,29,44,48,55,56,57,59,78,79,86,88,94" machi="94" ten="30,11700,0" yaku="1,1,0,1,8,1,54,1,53,0" doraHai="112" doraHaiUra="127" who="1" fromWho="1" sc="356,-40,380,140,230,-40,14,-40" owari="316,11.6,520,62.0,190,-21.0,-26,-52.6" /></mjloggm>