<mjloggm ver="2.3"><GO type="225" lobby="0"/><UN n0="%E9%80%9F%E6%B0%B4%E5%87%9B%E9%A6%99" n1="%E3%81%B2%E3%81%AA%E3%81%AE%E3%82%8A%E3%81%8F" n2="%E6%B2%A1%E7%94%B7" n3="%E3%83%AD%E3%83%83%E3%83%86%E9%9B%80%E7%90%83" dan="16,16,16,17" rate="2089.67,2188.96,2083.84,2221.93" sx="F,M,M,M"/><TAIKYOKU oya="0"/><INIT seed="0,0,0,2,3,108" ten="250,250,250,250" oya="0" hai0="32,89,83,9,80,119,97,102,86,77,92,22,48" hai1="10,30,128,134,95,19,24,98,43,121,5,41,88" hai2="13,101,21,109,11,1,42,114,96,110,116,117,50" hai3="27,135,73,54,40,57,90,33,127,56,58,99,68"/><T79/><D32/><U131/><E121/><V84/><F84/><W51/><G73/><N who="0" m="43055" /><D22/><U125/><E125/><V20/><F50/><W63/><G135/><T0/><D9/><U71/><E71/><V7/><F42/><W133/><G127/><T129/><D0/><U85/><E19/><N who="2" m="10351" /><F96/><W81/><G133/><T112/><D48/><U76/><E134/><V122/><F101/><W29/><G68/><T16/><D16/><U55/><E55/><V44/><F44/><W115/><G115/><T59/><D59/><U53/><E53/><V100/><F100/><W38/><G38/><T35/><D35/><U111/><E111/><N who="2" m="42507" /><F122/><W26/><G26/><T62/><D119/><N who="2" m="45642" /><F21/><W66/><G40/><T91/><D129/><N who="1" m="49739" /><E98/><V123/><F123/><W25/><G99/><T34/><D34/><N who="1" m="20807" /><E76/><V36/><F36/><W78/><G78/><T118/><D62/><U120/><E120/><V87/><F87/><W72/><G63/><T126/><D118/><U31/><E43/><V45/><F45/><W15/><G33/><T82/><D126/><U113/><E41/><V105/><F105/><W37/><G54/><T103/><D79/><U17/><E85/><V4/><F4/><W52/><G52/><T14/><D103/><U74/><E5/><V104/><F104/><W2/><G57/><T8/><D102/><U67/><E74/><V3/><F3/><W130/><G58/><T61/><D61/><U69/><E69/><V75/><F75/><W23/><G56/><T12/><D82/><U47/><E47/><V46/><F46/><W124/><G81/><T6/><D83/><RYUUKYOKU ba="0,0" sc="250,-10,250,-10,250,30,250,-10" hai2="1,7,11,114" /><INIT seed="1,1,0,3,2,132" ten="240,240,280,240" oya="1" hai0="116,71,92,14,10,90,31,12,2,38,52,34,94" hai1="111,128,45,17,88,6,47,70,63,133,49,33,62" hai2="56,122,91,43,19,7,83,58,121,3,95,53,73" hai3="115,105,85,40,20,24,134,61,66,15,5,54,98"/><U25/><E133/><V118/><F118/><W123/><G123/><T120/><D38/><U127/><E128/><V75/><F43/><W79/><G115/><T27/><D71/><U13/><E6/><V104/><F104/><W82/><G134/><T129/><D116/><U28/><E111/><V39/><F39/><W59/><G40/><T109/><D120/><U110/><E110/><V112/><F19/><W4/><G15/><T135/><D109/><U60/><E70/><V42/><F42/><W107/><G66/><T64/><D135/><U46/><E127/><V8/><F112/><W106/><REACH who="3" step="1"/><G98/><REACH who="3" ten="240,240,280,230" step="2"/><T101/><D129/><U93/><E49/><V131/><F122/><W77/><G77/><T113/><D64/><U65/><E65/><V11/><F121/><W35/><G35/><T102/><D113/><U0/><E0/><V30/><F3/><W16/><AGARI ba="1,1" hai="4,5,16,20,24,54,59,61,79,82,85,105,106,107" machi="16" ten="30,12000,2" yaku="1,1,0,1,54,1,53,3" doraHai="132" doraHaiUra="103" who="3" fromWho="3" sc="240,-31,240,-61,280,-31,230,133" /><INIT seed="2,0,0,5,1,61" ten="209,179,249,363" oya="2" hai0="69,70,117,37,67,113,115,93,109,135,12,13,1" hai1="45,49,54,59,33,60,116,126,40,53,16,50,99" hai2="123,9,88,71,55,121,0,79,111,42,131,129,24" hai3="94,107,80,133,125,18,63,119,98,86,110,41,32"/><V124/><F124/><W78/><G119/><T21/><D37/><U68/><E116/><V90/><F71/><W29/><G110/><T30/><D1/><U104/><E126/><V26/><F42/><W120/><G133/><T132/><D117/><U83/><E33/><V4/><F79/><W106/><G120/><T127/><D127/><U14/><E68/><N who="0" m="26217" /><D93/><U11/><E83/><V38/><F38/><W102/><G125/><T43/><D43/><U58/><REACH who="1" step="1"/><E104/><REACH who="1" ten="209,169,249,363" step="2"/><V87/><F123/><W27/><G32/><T23/><D109/><U91/><E91/><V74/><F90/><W118/><G80/><T57/><D135/><U5/><E5/><V97/><F4/><W66/><G107/><T114/><D132/><U51/><E51/><V77/><F121/><W100/><G106/><T34/><D34/><U15/><E15/><V82/><F111/><W52/><G118/><T75/><D115/><U22/><E22/><V64/><F88/><W19/><G78/><T134/><D114/><U35/><E35/><V48/><F82/><W36/><G36/><T20/><D113/><U46/><E46/><V72/><F48/><W62/><G102/><T108/><D134/><U128/><E128/><V76/><F77/><W122/><G100/><T39/><D39/><U84/><E84/><V47/><F87/><W65/><G86/><T89/><D108/><U96/><AGARI ba="0,1" hai="11,14,16,40,45,49,50,53,54,58,59,60,96,99" machi="96" ten="30,8000,1" yaku="1,1,0,1,8,1,54,1,53,1" doraHai="61" doraHaiUra="7" who="1" fromWho="1" sc="209,-20,169,90,249,-40,363,-20" /><INIT seed="3,0,0,0,4,93" ten="189,259,209,343" oya="3" hai0="81,5,96,43,118,14,104,36,128,133,63,53,7" hai1="10,113,55,80,72,116,58,71,131,19,46,24,126" hai2="84,88,103,106,132,95,11,44,12,1,64,33,101" hai3="49,107,110,76,27,69,102,23,97,42,28,99,79"/><W31/><G69/><T111/><D118/><U38/><E71/><V91/><F33/><W22/><G110/><T32/><D111/><U34/><E113/><V37/><F1/><W65/><G65/><T56/><D133/><U29/><E126/><V30/><F106/><W94/><G49/><T4/><D128/><U115/><E115/><V83/><F132/><W8/><G42/><T70/><D32/><U74/><E74/><V26/><F44/><W47/><G8/><T16/><D70/><U120/><E46/><V119/><F64/><W124/><G47/><T25/><D25/><U3/><E10/><V13/><F37/><W82/><G82/><T135/><D135/><U73/><E80/><V129/><F129/><W130/><G23/><T134/><D134/><U127/><E38/><V61/><F61/><W109/><G94/><T54/><D81/><U87/><E34/><V68/><F68/><W77/><G22/><T112/><D112/><U18/><E131/><V35/><F119/><W39/><G107/><T98/><D104/><U48/><E3/><V59/><F59/><W122/><G39/><T75/><D75/><U86/><E58/><V67/><F67/><W20/><G122/><T52/><D43/><U15/><E72/><V108/><F108/><W92/><G130/><T0/><D0/><U117/><E120/><V123/><F123/><W57/><G57/><N who="0" m="35239" /><D36/><U40/><E116/><V51/><F51/><W50/><G50/><N who="0" m="30775" /><D54/><U9/><E117/><V78/><F91/><W2/><G109/><T105/><D105/><U90/><E90/><V17/><F13/><RYUUKYOKU ba="0,0" sc="189,15,259,-15,209,15,343,-15" hai0="4,5,7,14,16,96,98" hai2="11,12,17,26,30,35,78,83,84,88,95,101,103" owari="204,-29.6,244,4.4,224,-17.6,328,42.8" /></mjloggm>