<mjloggm ver="2.3"><GO type="225" lobby="0"/><UN n0="%E3%81%B5%E3%81%98%E3%81%8B%E3%81%A4" n1="%E3%81%99%E3%81%84%E3%81%BE%E3%81%9B%E3%83%BC%E3%82%93" n2="%E3%81%AF%E3%82%88%E3%81%8A%E3%81%98%E3%81%95%E3%82%93" n3="%E3%80%93%E3%81%97%E3%83%BC%E3%82%89%E3%80%93" dan="16,17,17,16" rate="2218.46,2234.99,2168.18,2082.11" sx="M,M,M,M"/><TAIKYOKU oya="0"/><INIT seed="0,0,0,3,3,30" ten="250,250,250,250" oya="0" hai0="12,86,71,93,22,64,106,15,135,116,87,16,63" hai1="1,48,115,127,94,108,78,50,51,19,97,7,27" hai2="121,72,36,46,32,75,20,14,59,73,49,55,69" hai3="65,81,118,129,60,35,53,70,23,40,104,134,114"/><T34/><D116/><U96/><E127/><V122/><F69/><W79/><G104/><T66/><D106/><U67/><E108/><V42/><F32/><W133/><G118/><T91/><D135/><N who="3" m="51721" /><G40/><T95/><D66/><U25/><E115/><V80/><F80/><W126/><G114/><T123/><D123/><U77/><E67/><V124/><F124/><W28/><G23/><T128/><D128/><U10/><E97/><V111/><F111/><W9/><G9/><T5/><D5/><U100/><REACH who="1" step="1"/><E19/><REACH who="1" ten="250,240,250,250" step="2"/><V130/><F130/><W120/><G129/><T43/><D64/><U26/><AGARI ba="0,1" hai="1,7,10,25,26,27,48,50,51,77,78,94,96,100" machi="26" ten="30,7900,0" yaku="1,1,2,1,0,1,53,1" doraHai="30" doraHaiUra="98" who="1" fromWho="1" sc="250,-39,240,89,250,-20,250,-20" /><INIT seed="1,0,0,0,0,109" ten="211,329,230,230" oya="1" hai0="83,27,28,44,118,74,126,107,135,66,8,130,92" hai1="105,38,17,37,2,81,39,82,115,46,133,15,50" hai2="77,48,58,91,97,60,116,1,47,35,55,100,124" hai3="53,33,88,49,24,102,111,79,94,125,89,117,40"/><U22/><E115/><V18/><F116/><W78/><G111/><T119/><D92/><U7/><E105/><V72/><F124/><W23/><G33/><N who="0" m="20639" /><D66/><U96/><E133/><V108/><F108/><W134/><G40/><T61/><D61/><U67/><E67/><V90/><F1/><W127/><G117/><T56/><D56/><U63/><E63/><V34/><F34/><W84/><G134/><T6/><D44/><U95/><E7/><V20/><F35/><W59/><G102/><T25/><D135/><U71/><E2/><V80/><F18/><W14/><G14/><T42/><D25/><U52/><REACH who="1" step="1"/><E71/><REACH who="1" ten="211,319,230,230" step="2"/><V93/><REACH who="2" step="1"/><F20/><REACH who="2" ten="211,319,220,230" step="2"/><W104/><G127/><T9/><D126/><U5/><E5/><V19/><F19/><W76/><G125/><T114/><D6/><U69/><E69/><V41/><AGARI ba="0,2" hai="41,47,48,55,58,60,72,77,80,90,91,93,97,100" machi="41" ten="20,2700,0" yaku="1,1,0,1,7,1,53,0" doraHai="109" doraHaiUra="21" who="2" fromWho="2" sc="211,-7,319,-13,220,47,230,-7" /><INIT seed="2,0,0,3,5,47" ten="204,306,267,223" oya="2" hai0="73,50,81,125,92,27,22,1,107,0,48,124,32" hai1="35,8,19,39,103,65,94,3,77,63,69,87,38" hai2="14,82,6,45,105,15,13,26,97,5,16,112,9" hai3="79,129,49,31,58,127,102,51,114,10,7,122,98"/><V55/><F112/><W30/><G122/><T2/><D107/><U72/><E35/><V37/><F82/><W17/><G114/><T75/><D32/><U131/><E131/><V86/><F86/><W67/><G129/><T11/><D11/><U24/><E72/><N who="0" m="27721" /><D92/><U33/><E33/><V132/><F132/><W106/><G79/><T74/><D81/><U126/><E126/><N who="0" m="48745" /><D74/><U68/><E68/><V28/><F5/><W56/><G127/><T93/><D93/><U43/><E103/><V40/><F6/><W117/><G117/><T36/><D36/><U96/><E39/><V60/><F97/><W134/><G134/><T90/><D90/><U135/><E96/><V66/><F105/><W76/><G76/><T85/><D85/><U89/><E77/><V88/><F88/><W62/><G17/><AGARI ba="0,0" hai="0,1,2,17,22,27,48,50" m="48745,27721" machi="17" ten="40,5200,0" yaku="18,1,52,2" doraHai="47" who="0" fromWho="3" sc="204,52,306,0,267,0,223,-52" /><INIT seed="3,0,0,0,4,98" ten="256,306,267,171" oya="3" hai0="100,65,38,91,39,124,61,32,70,10,72,104,48" hai1="79,19,4,18,46,21,129,6,86,97,88,93,12" hai2="78,1,24,117,113,74,96,87,89,83,134,49,111" hai3="114,119,82,127,126,2,80,95,121,109,112,56,25"/><W102/><G2/><T68/><D91/><U77/><E129/><V23/><F111/><W34/><G56/><T116/><D48/><U101/><E46/><V60/><F113/><N who="3" m="43627" /><G34/><T75/><D116/><U11/><E19/><V81/><F134/><W17/><G17/><T103/><D10/><U22/><E22/><V85/><F117/><W135/><G25/><T90/><D90/><U55/><E55/><V15/><F1/><W41/><G41/><T125/><D32/><U99/><E99/><V62/><F15/><W36/><G36/><N who="0" m="13867" /><D104/><U94/><E4/><V106/><F49/><W13/><G13/><AGARI ba="0,0" hai="6,11,12,13,18,21,77,79,86,88,93,94,97,101" machi="13" ten="30,7700,0" yaku="7,1,8,1,52,1,54,1" doraHai="98" who="1" fromWho="3" sc="256,0,306,77,267,0,171,-77" owari="256,-14.4,383,48.3,267,6.7,94,-40.6" /></mjloggm>