<mjloggm ver="2.3"><GO type="225" lobby="0"/><UN n0="%E3%81%BF%E3%81%BF%E3%81%9A" n1="%E3%81%86%E3%82%8C%E3%81%9F%E3%82%93%E6%9E%95" n2="%E5%B8%86%E7%AB%8B%E5%A4%8F%E8%A1%A3" n3="%6D%75%75%6D%75%72%61" dan="16,16,16,17" rate="2163.12,2092.69,2116.39,2209.42" sx="M,F,M,F"/><TAIKYOKU oya="0"/><INIT seed="0,0,0,4,0,92" ten="250,250,250,250" oya="0" hai0="81,51,90,11,105,30,104,108,83,46,79,41,114" hai1="71,53,37,127,100,12,10,28,91,111,33,95,50" hai2="29,89,19,93,35,25,69,8,115,109,74,86,49" hai3="126,16,48,118,44,113,110,122,68,56,58,121,73"/><T97/><D114/><U112/><E111/><V99/><F109/><W101/><G110/><T102/><D108/><U98/><E112/><V67/><F115/><W88/><G113/><T57/><D30/><U125/><E71/><V130/><F74/><W60/><G73/><T40/><D105/><U120/><E37/><V75/><F75/><W76/><G76/><T85/><D57/><U123/><E28/><V15/><F130/><W3/><G3/><T94/><D11/><U62/><E62/><V20/><F69/><W5/><G5/><T63/><D63/><U52/><E33/><V21/><F67/><W128/><G101/><T59/><D59/><N who="1" m="33175" /><E53/><V0/><F0/><W39/><G118/><T82/><REACH who="0" step="1"/><D40/><REACH who="0" ten="240,250,250,250" step="2"/><U38/><E123/><V65/><F65/><W133/><G122/><T80/><D80/><U31/><E120/><V17/><F17/><W64/><G121/><T106/><D106/><U107/><E31/><V24/><F8/><W45/><G58/><T6/><D6/><N who="1" m="3159" /><E107/><V103/><F29/><W134/><G68/><T18/><D18/><U96/><E38/><V27/><F35/><W14/><G39/><T135/><D135/><U116/><E116/><V7/><F7/><W22/><G133/><T131/><D131/><U87/><E100/><V54/><F21/><W132/><G128/><T61/><D61/><U34/><E34/><V36/><F36/><W26/><G132/><T2/><D2/><U47/><E47/><N who="3" m="17994" /><G134/><T43/><D43/><U70/><E70/><V9/><F20/><W84/><G22/><T119/><D119/><U23/><E23/><RYUUKYOKU ba="0,1" sc="240,15,250,15,250,-15,250,-15" hai0="41,46,51,79,81,82,83,85,90,94,97,102,104" hai1="87,91,95,96,98,125,127" /><INIT seed="0,1,1,2,5,110" ten="255,265,235,235" oya="0" hai0="28,99,44,133,107,26,57,127,9,135,38,20,78" hai1="105,98,25,61,51,52,10,115,37,64,131,14,83" hai2="8,87,106,81,0,39,101,47,5,54,49,11,112" hai3="40,23,118,65,102,12,134,114,104,70,79,31,17"/><T76/><D57/><U108/><E108/><V94/><F112/><W30/><G118/><T22/><D9/><U41/><E131/><V75/><F11/><W116/><G116/><T63/><D63/><U97/><E115/><V121/><F121/><W19/><G114/><T42/><D127/><U82/><E41/><V27/><F27/><W130/><G130/><T77/><REACH who="0" step="1"/><D20/><REACH who="0" ten="245,265,235,235" step="2"/><U132/><E10/><V123/><F123/><W55/><G23/><T13/><D13/><U95/><E14/><V72/><F39/><W129/><G12/><T2/><D2/><U43/><E37/><V53/><F0/><W120/><G129/><T109/><D109/><U45/><E25/><V60/><F8/><W67/><G120/><T59/><D59/><U68/><E43/><V85/><F5/><W117/><G40/><T89/><D89/><U7/><E61/><V58/><F60/><W80/><G117/><T46/><D46/><U35/><E45/><V103/><F47/><W84/><G67/><T48/><D48/><U124/><E51/><V86/><F53/><W122/><G65/><T125/><D125/><U73/><E52/><V100/><F106/><W34/><G55/><T66/><D66/><U113/><E105/><V1/><F1/><W29/><G104/><T3/><D3/><U90/><E64/><V24/><F24/><W92/><G122/><T62/><D62/><U69/><E90/><V6/><F6/><W21/><G21/><T88/><D88/><U33/><E7/><V18/><F49/><W16/><G34/><T74/><D74/><U71/><E124/><RYUUKYOKU ba="1,2" sc="245,30,265,-10,235,-10,235,-10" hai0="22,26,28,38,42,44,76,77,78,99,107,133,135" /><INIT seed="0,2,2,4,3,81" ten="275,255,225,225" oya="0" hai0="66,73,41,114,4,112,121,9,123,128,62,55,56" hai1="57,15,30,35,40,60,98,88,124,23,101,80,100" hai2="99,43,19,113,105,7,29,135,50,82,75,25,90" hai3="58,8,125,111,1,94,18,133,79,42,129,71,109"/><T21/><D73/><U26/><E124/><V36/><F135/><W67/><G125/><T33/><D33/><U115/><E115/><N who="0" m="44073" /><D21/><N who="1" m="15695" /><E40/><V95/><F113/><W76/><G133/><T10/><D10/><U46/><E46/><V83/><F7/><W64/><G129/><T22/><D22/><U31/><E35/><V104/><F19/><W27/><G71/><T85/><D85/><N who="1" m="50215" /><E98/><V89/><F36/><W86/><G1/><T93/><D93/><U120/><E120/><V52/><F43/><W51/><G94/><T38/><D9/><U84/><E84/><N who="2" m="50327" /><F75/><W0/><G0/><T116/><D116/><U3/><E3/><V102/><F105/><W5/><G8/><T37/><D128/><U17/><E31/><V108/><F104/><W87/><G5/><T12/><D4/><U47/><E47/><N who="2" m="27743" /><F108/><W72/><G72/><T48/><D41/><U2/><E2/><V107/><F107/><W39/><G39/><N who="0" m="14859" /><D12/><U118/><E118/><V77/><F77/><N who="3" m="29771" /><G111/><T117/><D117/><U70/><E70/><AGARI ba="2,2" hai="48,55,56,62,66,70,121,123" m="14859,44073" machi="70" ten="30,2900,0" yaku="34,2" doraHai="81" who="0" fromWho="1" sc="275,55,255,-35,225,0,225,0" /><INIT seed="0,3,0,0,3,77" ten="330,220,225,225" oya="0" hai0="82,28,21,47,103,45,105,49,123,44,131,10,35" hai1="17,24,98,3,76,75,80,63,43,117,108,54,42" hai2="111,100,68,58,83,110,112,25,18,97,132,14,74" hai3="60,135,57,69,26,65,23,19,39,102,91,127,129"/><T64/><D123/><U128/><E117/><V88/><F68/><W79/><G129/><T34/><D131/><U130/><E3/><V31/><F112/><W86/><G135/><T2/><D64/><U22/><E108/><N who="2" m="41515" /><F132/><W0/><G127/><T5/><D49/><U7/><E7/><V72/><F58/><W89/><G0/><T133/><D133/><U125/><E125/><V96/><F14/><W99/><G39/><T124/><D124/><U30/><E130/><V118/><F18/><W11/><G11/><T53/><D53/><U59/><E128/><V40/><F40/><W71/><G79/><T120/><D120/><U12/><REACH who="1" step="1"/><E98/><REACH who="1" ten="330,210,225,225" step="2"/><N who="2" m="37995" /><F118/><W87/><G99/><T6/><D6/><U104/><E104/><V51/><F100/><W92/><REACH who="3" step="1"/><G102/><REACH who="3" ten="330,210,225,215" step="2"/><T94/><D103/><U70/><E70/><V38/><F38/><W41/><G41/><T81/><D2/><U62/><E62/><V55/><F74/><W52/><G52/><T119/><D119/><U56/><E56/><V46/><F72/><W116/><G116/><T134/><D134/><U37/><E37/><V84/><F55/><W48/><G48/><T33/><D5/><U90/><E90/><V1/><F1/><W67/><G67/><T4/><D4/><U61/><E61/><V109/><N who="2" m="41523" /><V36/><DORA hai="73" /><F36/><W27/><G27/><T15/><D15/><U13/><E13/><V101/><F101/><W107/><G107/><T32/><D105/><U121/><E121/><V114/><F114/><W78/><G78/><T16/><N who="0" m="8192" /><DORA hai="106" /><T50/><D50/><U8/><AGARI ba="3,2" hai="8,12,17,22,24,30,42,43,54,59,63,75,76,80" machi="8" ten="20,12000,2" yaku="1,1,5,1,0,1,7,1,52,3,53,0" doraHai="77,73,106" doraHaiUra="113,29,115" who="1" fromWho="1" sc="330,-63,210,149,225,-33,215,-33" /><INIT seed="1,0,0,3,5,36" ten="267,359,192,182" oya="1" hai0="75,50,43,135,134,105,86,33,42,4,111,29,21" hai1="112,7,26,96,88,40,87,74,38,113,94,44,120" hai2="13,61,70,90,129,1,100,71,104,30,128,63,5" hai3="106,14,9,101,19,22,118,102,62,0,97,116,64"/><U123/><E74/><V32/><F13/><W125/><G125/><T48/><D75/><U107/><E7/><V25/><F90/><W133/><G133/><N who="0" m="50699" /><D105/><U15/><E15/><V95/><F95/><W83/><G101/><T2/><D111/><U57/><E26/><V34/><F63/><W49/><G83/><T16/><D29/><U82/><E107/><V131/><F34/><W81/><G81/><T65/><D33/><U98/><E98/><N who="2" m="61463" /><F61/><W60/><G60/><T72/><D72/><U59/><E123/><V17/><F17/><W18/><G49/><N who="0" m="19051" /><D86/><U11/><E11/><AGARI ba="0,0" hai="1,5,11,25,30,32,70,71,128,129,131" m="61463" machi="11" ten="30,2000,0" yaku="19,1,23,1" doraHai="36" who="2" fromWho="1" sc="267,0,359,-20,192,20,182,0" /><INIT seed="2,0,0,5,3,82" ten="267,339,212,182" oya="2" hai0="68,7,74,33,110,60,19,15,21,52,27,107,24" hai1="50,97,56,123,59,81,117,39,36,113,41,34,109" hai2="80,134,29,85,5,112,66,119,48,128,69,61,94" hai3="20,99,116,43,53,92,93,44,54,71,37,105,16"/><V8/><F112/><W100/><G116/><T104/><D74/><U1/><E34/><V79/><F128/><W46/><G71/><T95/><D110/><U38/><E109/><V90/><F134/><W86/><G105/><T23/><D33/><U63/><E1/><V98/><F119/><W6/><G6/><T89/><D68/><U9/><E9/><V70/><F70/><W75/><G75/><T87/><D7/><U35/><E35/><V57/><F29/><W77/><G46/><T125/><D125/><U47/><E113/><V127/><F127/><W26/><REACH who="3" step="1"/><G77/><REACH who="3" ten="267,339,212,172" step="2"/><T67/><D107/><U32/><E47/><V133/><F133/><W72/><G72/><T111/><D104/><U108/><E117/><V96/><F69/><W88/><AGARI ba="0,1" hai="16,20,26,37,43,44,53,54,86,88,92,93,99,100" machi="88" ten="30,8000,1" yaku="1,1,0,1,52,1,54,2,53,0" doraHai="82" doraHaiUra="45" who="3" fromWho="3" sc="267,-20,339,-20,212,-40,172,90" /><INIT seed="3,0,0,3,2,27" ten="247,319,172,262" oya="3" hai0="61,120,52,117,44,38,2,113,26,108,128,46,116" hai1="96,12,71,90,45,103,32,78,70,134,115,92,77" hai2="81,49,41,88,40,69,121,93,39,9,63,126,54" hai3="122,25,7,95,64,15,4,72,1,107,66,73,131"/><W30/><G107/><T62/><D26/><U47/><E32/><V132/><F132/><W85/><G122/><T0/><D120/><U118/><E134/><V50/><F126/><W79/><G1/><T19/><D19/><U6/><E115/><V112/><F112/><W74/><G131/><T11/><D113/><U83/><E71/><V124/><F124/><W100/><G100/><T129/><D11/><N who="1" m="4215" /><E70/><V67/><F121/><W130/><G130/><N who="0" m="50283" /><D108/><U28/><E28/><V29/><F29/><W16/><G7/><T84/><D84/><N who="1" m="50463" /><E118/><N who="0" m="45673" /><D0/><U60/><E60/><V114/><F114/><W127/><G4/><T34/><D34/><U18/><E18/><V57/><F9/><W101/><G127/><T86/><D86/><U87/><E77/><V56/><F39/><W123/><G123/><T98/><D98/><U23/><E23/><V135/><F81/><AGARI ba="0,0" hai="45,47,78,81,87,92,96,103" m="50463,4215" machi="81" ten="30,1000,0" yaku="8,1" doraHai="27" who="1" fromWho="2" sc="247,0,319,10,172,-10,262,0" owari="247,-15.3,329,42.9,162,-33.8,262,6.2" /></mjloggm>