<mjloggm ver="2.3"><GO type="225" lobby="0"/><UN n0="%E8%81%B7%E6%A5%AD%E3%80%81%E9%A2%A8%32" n1="%E5%84%AA%40%41%42%43" n2="%E6%80%AA%E3%81%97%E3%81%99%E3%81%8E%E3%82%8B%E3%83%81%E3%83%BC" n3="%E3%81%BE%E3%81%A8%E3%81%9F" dan="16,17,17,16" rate="2078.70,2226.27,2152.03,2176.72" sx="M,M,M,M"/><TAIKYOKU oya="0"/><INIT seed="0,0,0,4,5,127" ten="250,250,250,250" oya="0" hai0="68,36,77,56,10,121,114,98,46,37,96,40,75" hai1="120,13,107,60,28,50,129,6,67,125,66,29,100" hai2="11,103,55,48,17,63,80,59,14,110,5,0,124" hai3="3,130,47,69,78,126,38,115,83,43,20,45,95"/><T18/><D114/><U15/><E120/><V119/><F110/><W74/><G115/><T134/><D68/><U101/><E125/><V105/><F119/><W118/><G126/><T85/><D121/><U88/><E107/><V9/><F124/><W53/><G118/><T2/><D37/><U27/><E27/><V128/><F128/><W117/><G69/><T62/><D134/><U49/><E60/><V73/><F103/><N who="1" m="39497" /><E6/><V51/><REACH who="2" step="1"/><F105/><REACH who="2" ten="250,250,240,250" step="2"/><W87/><G117/><T25/><D98/><U35/><E129/><V54/><F54/><W131/><G3/><T42/><D96/><U92/><E67/><V135/><F135/><W94/><G20/><T71/><D2/><U104/><E66/><V112/><F112/><W30/><G131/><T4/><D42/><U99/><E104/><V65/><F65/><W109/><G130/><T23/><D40/><U116/><E116/><V102/><F102/><W31/><G109/><T58/><D23/><U52/><E35/><V33/><F33/><W7/><G53/><T44/><D71/><U8/><E50/><V133/><F133/><W81/><G43/><T61/><D62/><U93/><E49/><V79/><AGARI ba="0,1" hai="0,5,9,11,14,17,48,51,55,59,63,73,79,80" machi="79" ten="30,2000,0" yaku="1,1,0,1,53,0" doraHai="127" doraHaiUra="108" who="2" fromWho="2" sc="250,-10,250,-5,240,30,250,-5" /><INIT seed="1,0,0,5,4,68" ten="240,245,270,245" oya="1" hai0="135,128,75,27,122,126,120,80,65,19,76,84,88" hai1="82,59,43,93,104,16,1,32,66,41,23,7,96" hai2="118,81,105,46,79,72,62,33,91,114,37,103,102" hai3="55,42,129,20,74,60,13,36,64,70,131,94,85"/><U24/><E104/><V14/><F118/><W50/><G74/><T127/><D65/><U35/><E35/><V49/><F114/><W61/><G61/><T69/><D69/><U31/><E82/><V86/><F33/><W57/><G94/><N who="0" m="54535" /><D27/><U119/><E119/><V100/><F37/><W18/><G85/><T6/><D6/><U17/><E7/><V83/><F62/><W40/><G40/><N who="1" m="15434" /><E1/><V106/><REACH who="2" step="1"/><F14/><REACH who="2" ten="240,245,260,245" step="2"/><W39/><G39/><T15/><D128/><U97/><E32/><V92/><F92/><W117/><G117/><T115/><D115/><U0/><E0/><V58/><F58/><W116/><G116/><T44/><D44/><AGARI ba="0,1" hai="13,18,20,36,42,44,50,55,57,60,64,70,129,131" machi="44" ten="40,5200,0" yaku="24,2,52,1" doraHai="68" who="3" fromWho="0" sc="240,-52,245,0,260,0,245,62" /><INIT seed="2,0,0,0,2,39" ten="188,245,260,307" oya="2" hai0="92,21,55,100,5,81,18,4,46,75,89,48,118" hai1="24,20,10,0,62,111,47,94,121,91,34,80,120" hai2="96,19,56,131,35,77,126,67,32,58,135,14,45" hai3="82,127,33,134,59,50,49,64,42,102,105,74,114"/><V79/><F131/><W23/><G33/><T109/><D109/><U132/><E111/><V17/><F126/><W28/><G127/><T40/><D118/><U11/><E132/><V31/><F135/><W7/><G134/><T78/><D100/><U115/><E115/><V22/><F32/><W69/><G7/><T129/><D55/><U104/><E104/><V103/><F35/><W93/><G105/><T60/><D60/><U52/><E80/><V29/><F45/><W38/><G69/><T116/><D129/><U8/><E34/><V84/><F19/><W2/><G2/><T108/><D116/><U61/><E0/><V99/><F99/><W123/><G123/><N who="1" m="47178" /><E47/><V65/><F56/><W16/><G59/><T13/><REACH who="0" step="1"/><D108/><REACH who="0" ten="178,245,260,307" step="2"/><U133/><E52/><V26/><F103/><W76/><G102/><T73/><D73/><U6/><E133/><V125/><F125/><W41/><G74/><T25/><D25/><U54/><E54/><V9/><F26/><W117/><G117/><T97/><AGARI ba="0,1" hai="4,5,13,18,21,40,46,48,75,78,81,89,92,97" machi="97" ten="20,12000,2" yaku="1,1,0,1,7,1,52,1,53,2" doraHai="39" doraHaiUra="3" who="0" fromWho="0" sc="178,130,245,-30,260,-60,307,-30" /><INIT seed="3,0,0,5,0,5" ten="308,215,200,277" oya="3" hai0="104,37,8,76,86,80,130,53,88,7,55,81,85" hai1="120,114,9,66,22,100,65,123,15,24,12,34,117" hai2="125,29,93,33,13,58,10,3,124,97,30,75,69" hai3="2,61,52,135,59,73,133,32,128,129,46,31,83"/><W122/><G2/><T105/><D37/><U11/><E114/><V96/><F69/><W119/><G119/><T4/><D130/><N who="3" m="50281" /><G122/><N who="1" m="46634" /><E100/><V40/><F75/><W63/><G46/><T1/><D7/><N who="1" m="3135" /><E65/><V35/><F3/><W64/><G31/><N who="2" m="11785" /><F40/><W94/><G94/><T17/><D17/><N who="1" m="12367" /><E66/><V87/><F58/><N who="3" m="35015" /><G32/><N who="2" m="12361" /><F87/><W116/><G116/><T106/><AGARI ba="0,0" hai="1,4,8,53,55,76,80,81,85,86,88,104,105,106" machi="106" ten="30,4000,0" yaku="0,1,52,1,54,1" doraHai="5" who="0" fromWho="0" sc="308,40,215,-10,200,-10,277,-20" owari="348,44.8,205,-19.5,190,-31.0,257,5.7" /></mjloggm>