<mjloggm ver="2.3"><GO type="225" lobby="0"/><UN n0="%E8%81%B7%E6%A5%AD%E3%80%81%E9%A2%A8%32" n1="%6D%75%75%6D%75%72%61" n2="%E6%A1%9C%E8%8A%B1%E9%96%83%E3%80%85" n3="%E4%B8%89%E6%A7%93%E5%AD%90" dan="16,16,18,16" rate="2151.45,2153.57,2289.22,2051.98" sx="M,F,M,F"/><TAIKYOKU oya="0"/><INIT seed="0,0,0,2,1,130" ten="250,250,250,250" oya="0" hai0="75,97,10,87,131,98,77,16,64,25,53,114,90" hai1="37,132,104,112,85,119,117,2,39,13,113,72,125" hai2="121,41,128,126,76,40,94,92,12,7,109,9,123" hai3="78,26,29,133,61,74,17,15,120,116,20,0,124"/><T100/><D114/><N who="1" m="44139" /><E2/><V34/><F128/><W43/><G43/><T83/><D131/><U99/><E72/><V102/><F34/><N who="3" m="20791" /><G61/><T81/><D64/><U55/><E125/><V84/><F126/><W45/><G45/><T115/><D115/><U19/><E55/><V33/><F109/><W89/><G89/><T54/><D98/><U4/><E4/><V23/><F33/><W73/><G124/><T96/><D96/><U36/><E85/><V58/><F121/><W105/><G105/><T67/><D67/><U35/><E35/><V68/><F68/><W27/><G78/><T91/><D91/><U47/><E47/><V50/><F123/><W52/><G52/><T8/><D8/><N who="1" m="6567" /><E132/><V71/><F41/><W127/><G127/><T108/><D108/><U70/><E70/><V42/><F42/><W62/><G74/><T107/><REACH who="0" step="1"/><D10/><REACH who="0" ten="240,250,250,250" step="2"/><U31/><E99/><V110/><F9/><W51/><G120/><T14/><D14/><U32/><E104/><V30/><F12/><W65/><G15/><T49/><D49/><U80/><E80/><V66/><F110/><W44/><G51/><T24/><D24/><AGARI ba="0,1" hai="24,31,32,36,37,39,117,119" m="6567,44139" machi="24" ten="40,1300,0" yaku="11,1" doraHai="130" who="1" fromWho="0" sc="240,-13,250,23,250,0,250,0" /><INIT seed="1,0,0,5,3,110" ten="227,273,250,250" oya="1" hai0="66,13,108,116,17,125,33,5,133,76,95,43,9" hai1="18,75,83,4,103,97,0,87,77,114,101,58,81" hai2="49,52,79,120,128,112,96,46,62,93,47,111,74" hai3="20,7,37,118,32,34,94,40,27,12,126,57,60"/><U26/><E114/><V63/><F120/><W107/><G107/><T36/><D108/><U35/><E58/><V122/><F122/><W90/><G126/><T22/><D116/><U73/><E73/><V68/><F111/><W72/><G72/><T29/><D125/><U82/><E75/><V91/><F128/><W130/><G130/><T64/><D133/><U28/><E18/><V6/><F112/><W23/><G118/><T19/><D76/><U24/><E24/><V53/><F6/><W14/><G40/><T134/><D134/><U80/><REACH who="1" step="1"/><E97/><REACH who="1" ten="227,263,250,250" step="2"/><V25/><F25/><W67/><G27/><N who="0" m="18623" /><D19/><U115/><E115/><V2/><F74/><W31/><G34/><T89/><D36/><U124/><E124/><V84/><F68/><W15/><G32/><T78/><D78/><U55/><E55/><V71/><F71/><W3/><G37/><T109/><D109/><U50/><E50/><V127/><F127/><W41/><G31/><T100/><D43/><U102/><E102/><V54/><F49/><W44/><G41/><T39/><D39/><U98/><E98/><V131/><F131/><W99/><G44/><N who="2" m="16937" /><F79/><W51/><G51/><T129/><D100/><U45/><E45/><V69/><F96/><W106/><G99/><N who="0" m="57839" /><D129/><U88/><E88/><V132/><F132/><W92/><G90/><T119/><D119/><U113/><E113/><V30/><F30/><W10/><G106/><T21/><D17/><U8/><AGARI ba="0,1" hai="0,4,8,26,28,35,77,80,81,82,83,87,101,103" machi="8" ten="30,3000,0" yaku="1,1,0,1,53,0" doraHai="110" doraHaiUra="48" who="1" fromWho="1" sc="227,-10,263,40,250,-10,250,-10" /><INIT seed="1,1,0,2,2,13" ten="217,303,240,240" oya="1" hai0="39,87,55,70,58,52,56,79,76,66,15,74,12" hai1="106,124,116,23,47,44,38,109,42,126,60,6,1" hai2="14,5,0,10,103,117,16,110,112,90,45,9,86" hai3="72,107,40,41,114,59,68,30,20,25,91,94,54"/><U133/><E116/><V98/><F110/><W67/><G114/><T2/><D2/><U26/><E106/><V120/><F112/><W71/><G107/><T123/><D39/><U102/><E133/><V17/><F120/><W27/><G72/><T85/><D70/><U105/><E109/><V121/><F121/><W31/><G68/><T122/><REACH who="0" step="1"/><D66/><REACH who="0" ten="207,303,240,240" step="2"/><U100/><E1/><V95/><F117/><W119/><G67/><T127/><D127/><U29/><E38/><V83/><REACH who="2" step="1"/><F45/><REACH who="2" ten="207,303,230,240" step="2"/><W115/><G119/><T32/><D32/><U108/><E44/><V80/><F80/><W33/><G115/><T88/><D88/><U3/><E47/><V34/><F34/><W129/><G33/><T84/><D84/><U131/><E124/><V61/><F61/><W73/><G73/><AGARI ba="1,2" hai="12,15,52,55,56,58,73,74,76,79,85,87,122,123" machi="73" ten="25,12000,2" yaku="1,1,22,2,54,1,53,2" doraHai="13" doraHaiUra="53" who="0" fromWho="3" sc="207,143,303,0,230,0,240,-123" /><INIT seed="2,0,0,5,3,129" ten="350,303,230,117" oya="2" hai0="31,125,96,85,100,122,57,117,113,54,104,134,30" hai1="128,66,131,65,51,59,5,29,60,61,37,112,38" hai2="13,9,46,115,3,64,88,22,68,34,27,26,11" hai3="16,108,110,40,123,43,73,76,39,103,119,89,101"/><V69/><F115/><W8/><G119/><T135/><D134/><U58/><E112/><V116/><F116/><W74/><G123/><T15/><D135/><U124/><E29/><V99/><F34/><W94/><G39/><N who="1" m="14858" /><E5/><V20/><F3/><W33/><G33/><T91/><D125/><U90/><E90/><V50/><F64/><N who="1" m="24681" /><E124/><V35/><F35/><W109/><G8/><N who="2" m="3145" /><F68/><W63/><G63/><N who="1" m="24138" /><E51/><V14/><F69/><W49/><G16/><T71/><D113/><U86/><E86/><V75/><F75/><N who="3" m="28683" /><G49/><T18/><D71/><U118/><E118/><V97/><F22/><W0/><G0/><T28/><D117/><U62/><E62/><V17/><F26/><W6/><G6/><T107/><D85/><U67/><E67/><V93/><F99/><W4/><G4/><T130/><D96/><U82/><E82/><V83/><F83/><W106/><G76/><T80/><D80/><U105/><E105/><V56/><F13/><W84/><G106/><T127/><D15/><U53/><E53/><N who="2" m="31799" /><F27/><W47/><G103/><T24/><D100/><U126/><E126/><V45/><AGARI ba="0,0" hai="14,17,20,45,46,88,93,97" m="31799,3145" machi="45" ten="30,3000,0" yaku="8,1,54,1" doraHai="129" who="2" fromWho="2" sc="350,-10,303,-10,230,30,117,-10" /><INIT seed="2,1,0,5,5,24" ten="340,293,260,107" oya="2" hai0="75,134,77,72,99,56,82,51,20,95,74,86,45" hai1="59,87,11,119,70,34,36,80,21,10,73,98,110" hai2="18,6,62,16,53,107,101,120,35,8,54,14,43" hai3="131,60,13,114,29,46,1,133,63,49,103,9,41"/><V15/><F120/><W113/><G131/><T123/><D123/><U126/><E70/><V93/><F107/><W129/><G129/><T125/><D125/><U42/><E34/><V5/><F35/><W28/><G1/><T67/><D134/><U92/><E73/><V55/><F43/><W89/><G103/><T135/><D135/><U121/><E119/><V44/><F44/><W3/><G3/><T66/><D56/><U84/><E110/><V83/><F83/><W106/><G106/><T109/><D109/><U130/><E130/><V22/><REACH who="2" step="1"/><F62/><REACH who="2" ten="340,293,250,107" step="2"/><N who="3" m="23595" /><G133/><T69/><D45/><U94/><E121/><V104/><F104/><W26/><G26/><T31/><D82/><U112/><E80/><V61/><F61/><W32/><G32/><T47/><D47/><U124/><E124/><V4/><F4/><N who="3" m="3239" /><G89/><T38/><D66/><U2/><E126/><V0/><F0/><W105/><G105/><T33/><D67/><U128/><E2/><V12/><F12/><W23/><G23/><T111/><D20/><U68/><E128/><V132/><F132/><W122/><G122/><T17/><D33/><U91/><E21/><V85/><F85/><W96/><G96/><AGARI ba="1,1" hai="5,6,8,14,15,16,18,22,53,54,55,93,96,101" machi="96" ten="40,7700,0" yaku="1,1,8,1,54,1,53,0" doraHai="24" doraHaiUra="65" who="2" fromWho="3" sc="340,0,293,0,250,90,107,-80" /><INIT seed="2,2,0,4,5,132" ten="340,293,340,27" oya="2" hai0="94,121,103,61,31,65,107,120,127,27,33,28,86" hai1="18,119,49,89,134,9,83,95,46,30,53,102,0" hai2="20,21,116,14,70,71,122,45,68,100,74,54,43" hai3="88,24,40,36,97,2,32,48,58,4,131,17,111"/><V38/><F116/><W98/><G111/><T93/><D127/><U19/><E134/><V75/><F122/><W6/><G131/><T39/><D39/><U7/><E119/><V35/><F35/><W11/><G36/><T44/><D44/><U135/><E135/><V50/><F100/><W84/><G32/><T77/><D77/><U16/><E30/><V106/><F106/><W73/><G73/><T82/><D31/><U41/><E102/><V125/><F125/><W8/><G17/><T114/><D114/><U126/><E126/><V22/><REACH who="2" step="1"/><F14/><REACH who="2" ten="340,293,330,27" step="2"/><W66/><G24/><T5/><D107/><U59/><E83/><V81/><F81/><W133/><G133/><T96/><D94/><U47/><REACH who="1" step="1"/><E41/><REACH who="1" ten="340,283,330,27" step="2"/><V42/><F42/><W15/><G40/><T113/><D82/><U37/><E37/><V64/><F64/><W104/><G104/><T51/><D65/><U110/><E110/><V101/><F101/><W90/><G66/><T91/><D103/><U3/><E3/><V29/><F29/><W76/><G76/><T72/><D28/><U112/><E112/><V109/><F109/><W128/><G2/><T85/><D113/><U124/><E124/><V118/><F118/><W52/><G90/><T78/><D91/><U129/><E129/><V67/><F67/><W92/><G128/><T80/><D78/><U10/><E10/><V115/><F115/><W130/><G130/><T69/><D80/><U117/><E117/><V26/><F26/><W87/><G87/><AGARI ba="2,2" hai="0,7,9,16,18,19,46,47,49,53,59,87,89,95" machi="87" ten="40,2600,0" yaku="1,1,54,1,53,0" doraHai="132" doraHaiUra="23" who="1" fromWho="3" sc="340,0,283,52,330,0,27,-32" owari="340,44.0,335,13.5,330,-7.0,-5,-50.5" /></mjloggm>