<mjloggm ver="2.3"><GO type="225" lobby="0"/><UN n0="%6D%75%75%6D%75%72%61" n1="%61%69%73%79%6F" n2="%65%6B%61%72%75%74%65" n3="%E9%89%A2%E5%B7%BB%E3%82%AC%E3%83%96" dan="16,17,16,16" rate="2217.09,2173.99,2140.78,2077.67" sx="F,M,M,M"/><TAIKYOKU oya="0"/><INIT seed="0,0,0,1,4,3" ten="250,250,250,250" oya="0" hai0="30,27,134,131,87,39,13,122,100,35,81,57,78" hai1="98,67,109,48,40,9,28,34,76,77,83,112,49" hai2="11,120,14,22,118,47,1,36,60,75,74,108,32" hai3="71,96,42,99,117,115,18,50,10,54,52,7,66"/><T44/><D122/><U97/><E109/><V8/><F120/><W17/><G115/><T16/><D131/><U95/><E112/><V2/><F32/><W92/><G117/><T25/><D134/><U65/><E34/><V12/><F108/><W26/><G42/><T46/><D39/><U121/><E28/><V61/><F22/><W38/><G38/><T55/><D100/><U63/><E121/><V72/><F36/><W128/><G128/><T119/><D119/><U135/><E135/><V114/><F47/><W125/><G125/><T58/><D27/><U129/><E9/><V53/><F53/><W103/><G66/><T20/><REACH who="0" step="1"/><D58/><REACH who="0" ten="240,250,250,250" step="2"/><U69/><E129/><V43/><F118/><W84/><G26/><T123/><D123/><U107/><E69/><V89/><F114/><W132/><G71/><T110/><D110/><U37/><E37/><V70/><F70/><W0/><G132/><T85/><D85/><U90/><E98/><V45/><F75/><W24/><G96/><T68/><D68/><U31/><E97/><V127/><F74/><W124/><G84/><T86/><D86/><U101/><E101/><V105/><F72/><W4/><G24/><T29/><D29/><U6/><E31/><V41/><F127/><W130/><G124/><T5/><D5/><U94/><E6/><V73/><F73/><W51/><G130/><T102/><D102/><U79/><E107/><V80/><F105/><W33/><G7/><T56/><D56/><N who="1" m="37095" /><E67/><V19/><F1/><W88/><G103/><T126/><D126/><U82/><E40/><V62/><F43/><RYUUKYOKU ba="0,1" sc="240,30,250,-10,250,-10,250,-10" hai0="13,16,20,25,30,35,44,46,55,57,78,81,87" /><INIT seed="0,1,1,3,3,110" ten="270,240,240,240" oya="0" hai0="27,94,53,107,11,54,68,113,74,92,47,78,14" hai1="80,26,4,42,1,130,84,28,57,49,12,20,40" hai2="6,66,7,115,112,55,124,100,76,61,43,33,31" hai3="63,134,59,2,24,16,122,69,135,129,44,23,103"/><T67/><D107/><U39/><E39/><V50/><F124/><W104/><G69/><T109/><D109/><U41/><E1/><V18/><F43/><W64/><G2/><T85/><D74/><U25/><E130/><V73/><F100/><W75/><G75/><T102/><D113/><U17/><E4/><V5/><F18/><W132/><G129/><T125/><D125/><U35/><E26/><V70/><F31/><W111/><G111/><T58/><D68/><U121/><E121/><V117/><F33/><W131/><G131/><T96/><D27/><U51/><REACH who="1" step="1"/><E57/><REACH who="1" ten="270,230,240,240" step="2"/><V48/><F117/><W119/><G119/><T128/><D128/><U36/><E36/><V133/><F133/><W81/><G122/><T89/><D58/><U98/><E98/><V38/><F38/><W10/><G134/><T9/><D14/><U91/><AGARI ba="1,2" hai="12,17,20,25,28,35,40,41,42,49,51,80,84,91" machi="91" ten="30,4000,0" yaku="1,1,0,1,53,1" doraHai="110" doraHaiUra="8" who="1" fromWho="1" sc="270,-21,230,63,240,-11,240,-11" /><INIT seed="1,0,0,2,2,115" ten="249,293,229,229" oya="1" hai0="66,37,56,109,6,97,8,93,39,46,131,133,47" hai1="24,22,52,64,75,68,85,89,108,3,44,94,23" hai2="83,107,21,129,128,57,16,126,50,41,106,65,51" hai3="99,122,79,53,80,32,134,27,87,12,73,35,0"/><U102/><E75/><V59/><F83/><W123/><G0/><T135/><D109/><U130/><E3/><V111/><F111/><W17/><G134/><N who="0" m="51211" /><D131/><N who="2" m="50250" /><F126/><W90/><G53/><T98/><D66/><U20/><E130/><V54/><F41/><W62/><G62/><T116/><D56/><N who="2" m="21578" /><F65/><W84/><G99/><N who="0" m="37899" /><D93/><U1/><E1/><V100/><F100/><W67/><G67/><T11/><D116/><U121/><E121/><V33/><F33/><W40/><G35/><T34/><D34/><U81/><E108/><V119/><F119/><W7/><G122/><T38/><D6/><U48/><E68/><V29/><F29/><W71/><G7/><T4/><D4/><U103/><E64/><V49/><F54/><W91/><G71/><T26/><D26/><AGARI ba="0,0" hai="16,21,26,49,50,51,106,107" m="21578,50250" machi="26" ten="30,2000,0" yaku="19,1,54,1" doraHai="115" who="2" fromWho="0" sc="249,-20,293,0,229,20,229,0" /><INIT seed="2,0,0,2,3,2" ten="229,293,249,229" oya="2" hai0="98,38,115,15,31,58,70,7,55,112,132,18,14" hai1="40,46,114,0,75,37,89,116,48,24,106,43,39" hai2="53,84,111,103,77,6,74,22,59,27,135,76,29" hai3="17,87,119,63,69,128,85,131,67,126,44,57,25"/><V19/><F74/><W123/><G119/><T130/><D70/><U79/><E114/><V23/><F135/><W34/><G123/><T72/><D132/><U82/><E106/><V13/><F111/><W81/><G126/><T102/><D72/><U125/><E125/><V9/><F84/><W86/><G44/><T73/><D73/><U117/><E0/><V28/><F103/><W129/><G69/><T41/><D130/><U68/><E68/><V104/><F104/><W51/><G51/><T90/><D31/><U3/><E3/><V96/><F96/><W118/><G118/><T65/><D65/><U16/><E48/><N who="2" m="31143" /><F29/><N who="3" m="19759" /><G17/><T56/><D90/><AGARI ba="0,0" hai="57,63,67,81,85,86,87,90,128,129,131" m="19759" machi="90" ten="30,1000,0" yaku="19,1" doraHai="2" who="3" fromWho="0" sc="229,-10,293,0,249,0,229,10" /><INIT seed="3,0,0,2,1,100" ten="219,293,249,239" oya="3" hai0="55,123,113,28,107,18,45,61,127,42,120,130,9" hai1="54,10,124,50,93,25,110,0,65,116,121,29,122" hai2="60,80,2,71,88,78,109,24,6,117,35,74,111" hai3="82,12,75,90,14,33,69,99,125,56,67,3,68"/><W20/><G33/><T95/><D130/><U134/><E110/><V79/><F117/><W13/><G3/><T131/><D131/><U115/><E115/><V32/><F79/><W104/><G125/><T97/><D113/><U76/><E76/><V43/><F43/><W135/><G75/><T92/><D127/><U103/><E65/><N who="2" m="41383" /><F88/><W119/><G135/><T83/><D28/><U30/><E30/><N who="2" m="19527" /><F35/><W81/><G119/><T106/><D83/><U126/><E134/><V5/><F5/><W1/><G82/><T64/><D55/><U38/><E38/><V8/><AGARI ba="0,0" hai="2,6,8,74,78,80,109,111" m="19527,41383" machi="8" ten="30,1100,0" yaku="23,1" doraHai="100" who="2" fromWho="2" sc="219,-3,293,-3,249,11,239,-5" /><INIT seed="4,0,0,4,3,49" ten="216,290,260,234" oya="0" hai0="98,60,73,36,93,101,28,51,64,134,13,100,97" hai1="41,125,124,106,24,103,84,107,21,113,74,5,29" hai2="43,109,58,31,99,10,67,52,78,72,116,37,68" hai3="50,0,12,11,7,96,4,27,95,110,47,128,90"/><T8/><D134/><U131/><E131/><V42/><F109/><W45/><G110/><T119/><D119/><U22/><E74/><V20/><F116/><W81/><G128/><T122/><D73/><U121/><E121/><V112/><F112/><W71/><G71/><T9/><D122/><U66/><E5/><V135/><F135/><W105/><G105/><T77/><D36/><U63/><E41/><V30/><F67/><W133/><G133/><T6/><D77/><U114/><E84/><V62/><F68/><W86/><G27/><T92/><D28/><U33/><E22/><V17/><F10/><W129/><G129/><T14/><D51/><U130/><E33/><V117/><F117/><W46/><G7/><T80/><D80/><U34/><E34/><V115/><F115/><N who="1" m="44041" /><E130/><V2/><F2/><W16/><G4/><T26/><D26/><U108/><E108/><V40/><F37/><W55/><G0/><T32/><D32/><U104/><E103/><AGARI ba="0,0" hai="11,12,16,45,46,47,50,55,81,86,90,95,96,103" machi="103" ten="30,12000,2" yaku="7,1,25,2,8,1,52,1,54,1" doraHai="49" who="3" fromWho="1" sc="216,0,290,-120,260,0,234,120" owari="216,-18.4,170,-33.0,260,6.0,354,45.4" /></mjloggm>