<mjloggm ver="2.3"><GO type="225" lobby="0"/><UN n0="%E3%81%86%E3%81%A9%E3%82%93%E3%81%93" n1="%E6%B8%A9%E2%98%85%E6%83%85%E2%98%85%E6%8E%AA%E2%98%85%E7%BD%AE" n2="%E6%9D%B1%E9%A2%A8%E3%81%AE%E3%81%8D%E3%82%83%E3%81%B7%E3%81%95%E3%82%93" n3="%E3%81%B5%E3%81%98%E3%81%8B%E3%81%A4" dan="16,17,17,16" rate="2184.33,2239.85,2233.08,2173.97" sx="M,M,M,M"/><TAIKYOKU oya="0"/><INIT seed="0,0,0,0,5,36" ten="250,250,250,250" oya="0" hai0="84,106,69,119,8,52,30,97,103,89,88,94,131" hai1="114,71,46,23,123,66,42,81,74,108,64,129,37" hai2="113,29,121,82,92,35,32,12,45,98,41,63,91" hai3="127,70,16,18,7,15,17,55,90,132,5,117,65"/><T20/><D119/><U110/><E123/><V9/><F121/><W31/><G117/><T72/><D69/><U83/><E129/><V62/><F113/><W43/><G31/><T1/><D131/><U120/><E120/><V85/><F32/><W40/><G70/><T134/><D72/><U19/><E114/><V107/><F107/><W105/><G105/><T57/><D134/><U49/><E37/><V48/><F29/><W86/><G132/><T135/><D135/><U95/><E95/><V126/><F35/><W87/><G65/><N who="1" m="25194" /><E74/><V77/><REACH who="2" step="1"/><F126/><REACH who="2" ten="250,250,240,250" step="2"/><W61/><G127/><T33/><D33/><U4/><E71/><V26/><F26/><W75/><G75/><T125/><D125/><U67/><E110/><V60/><F60/><W28/><G28/><T116/><D116/><U68/><E108/><V96/><F96/><W111/><G111/><T3/><D8/><U93/><E68/><V54/><F54/><W24/><G24/><T78/><D30/><U51/><E67/><V22/><F22/><W14/><G55/><T102/><D20/><U27/><E27/><V104/><F104/><W2/><G61/><T79/><D106/><U58/><E23/><V47/><F47/><W13/><G2/><T112/><D112/><U122/><E46/><V109/><F109/><W6/><G87/><T115/><D115/><U25/><E25/><V101/><F101/><N who="0" m="38410" /><D1/><U21/><E21/><V76/><F76/><W53/><G53/><T59/><D3/><U34/><E34/><V50/><F50/><N who="1" m="18953" /><E122/><V0/><F0/><W100/><G100/><T80/><D52/><RYUUKYOKU ba="0,1" sc="250,10,250,-30,240,10,250,10" hai0="57,59,78,79,80,84,88,89,94,97" hai2="9,12,41,45,48,62,63,77,82,85,91,92,98" hai3="5,6,7,13,14,15,16,17,18,40,43,86,90" /><INIT seed="0,1,1,2,1,45" ten="260,220,250,260" oya="0" hai0="90,22,24,13,60,123,21,121,50,34,54,85,28" hai1="84,92,36,108,43,14,66,62,112,128,78,119,25" hai2="95,71,17,79,19,1,93,29,51,16,38,130,2" hai3="97,114,37,69,126,4,117,68,57,65,27,86,127"/><T35/><D60/><U53/><E119/><V80/><F38/><W20/><G117/><T18/><D35/><U33/><E108/><V67/><F130/><W118/><G118/><T96/><D96/><U124/><E128/><V75/><F29/><W0/><G37/><T40/><D40/><U11/><E124/><N who="3" m="47658" /><G114/><T99/><D99/><U132/><E132/><V87/><F71/><W58/><G97/><T135/><D34/><U3/><E3/><V105/><F67/><W81/><G4/><T88/><D135/><U30/><E112/><V63/><F63/><N who="3" m="38135" /><G57/><T76/><D76/><U94/><E36/><V10/><F105/><W39/><G0/><T73/><D73/><U52/><E43/><V47/><F75/><W74/><G74/><T122/><REACH who="0" step="1"/><D85/><REACH who="0" ten="250,220,250,260" step="2"/><U49/><E84/><V8/><F1/><W131/><G131/><T104/><D104/><U106/><E106/><V42/><F2/><W107/><G107/><T70/><D70/><U100/><E62/><V101/><F101/><W110/><G110/><T133/><D133/><U134/><E100/><V109/><F109/><W113/><G113/><T64/><D64/><U120/><E66/><V23/><F23/><W41/><G41/><T115/><D115/><U102/><E102/><V32/><F32/><W7/><G39/><T83/><D83/><U103/><E103/><V31/><F31/><N who="3" m="17895" /><G7/><T91/><D91/><AGARI ba="1,2" hai="68,69,81,86,91" m="17895,38135,47658" machi="91" ten="30,1000,0" yaku="18,1" doraHai="45" who="3" fromWho="0" sc="250,-13,220,0,250,0,260,33" /><INIT seed="1,0,0,1,5,17" ten="237,220,250,293" oya="1" hai0="3,88,132,53,124,55,131,116,21,5,72,11,134" hai1="74,70,129,106,90,54,35,9,119,28,12,37,117" hai2="111,80,100,121,78,13,29,128,46,26,94,33,38" hai3="10,108,56,71,75,123,18,77,66,109,7,113,60"/><U112/><E112/><V15/><F121/><W84/><G113/><T32/><D32/><U85/><E74/><V91/><F128/><W101/><G123/><T133/><D116/><U1/><E1/><V44/><F100/><W43/><G101/><T48/><D72/><U2/><E2/><V14/><F111/><N who="3" m="42571" /><G43/><T63/><D131/><U4/><E70/><V62/><F62/><N who="3" m="40407" /><G18/><T93/><D124/><U27/><E37/><V95/><F38/><W69/><G69/><T58/><D21/><U97/><E129/><V120/><F120/><W110/><G75/><T0/><D0/><U45/><E97/><V36/><F36/><W99/><G99/><T114/><D114/><U89/><E106/><V52/><F78/><W107/><G107/><T31/><D31/><U92/><REACH who="1" step="1"/><E90/><REACH who="1" ten="237,210,250,293" step="2"/><V34/><F91/><W98/><G98/><T68/><D68/><U39/><E39/><V50/><F34/><W67/><G110/><T87/><REACH who="0" step="1"/><D133/><REACH who="0" ten="227,210,250,293" step="2"/><U41/><E41/><V47/><REACH who="2" step="1"/><F80/><REACH who="2" ten="227,210,240,293" step="2"/><W42/><G77/><T127/><D127/><U83/><E83/><V65/><F65/><W57/><G67/><T30/><D30/><U122/><E122/><V96/><F96/><W25/><G84/><T79/><D79/><U81/><E81/><V49/><F49/><AGARI ba="0,3" hai="4,9,12,27,28,35,45,49,54,85,89,92,117,119" machi="49" ten="40,2000,0" yaku="1,1,53,0" doraHai="17" doraHaiUra="61" who="1" fromWho="2" sc="227,0,210,50,240,-20,293,0" /><INIT seed="1,1,0,0,0,132" ten="227,260,220,293" oya="1" hai0="117,71,48,32,24,55,121,58,43,34,26,84,128" hai1="29,63,28,59,105,45,97,27,92,52,50,86,33" hai2="95,57,36,96,130,4,80,2,66,19,35,126,88" hai3="38,99,0,5,108,68,15,129,119,31,25,112,109"/><U116/><E116/><V89/><F36/><W85/><G68/><T131/><D117/><U3/><E3/><V18/><F35/><N who="3" m="20975" /><G85/><T39/><D71/><U113/><E113/><V61/><F130/><N who="0" m="49706" /><D121/><U135/><E135/><V78/><F89/><W56/><G99/><T127/><D127/><U104/><E29/><V51/><F126/><W14/><G56/><T62/><D39/><U74/><E86/><V107/><F107/><W9/><G38/><T23/><D24/><U93/><E74/><V123/><F123/><W53/><G53/><T73/><D73/><U54/><REACH who="1" step="1"/><E93/><REACH who="1" ten="227,250,220,293" step="2"/><V125/><F125/><W133/><G119/><T110/><D84/><U41/><E41/><V77/><F80/><W83/><G83/><T60/><D110/><N who="3" m="42601" /><G133/><T76/><D76/><U111/><E111/><V7/><F77/><W106/><G129/><T67/><D43/><U65/><E65/><V114/><F78/><W10/><G106/><T75/><D75/><U134/><E134/><V22/><F2/><W40/><G40/><T100/><D67/><U72/><E72/><V13/><F114/><W16/><G0/><T6/><D34/><U37/><E37/><V120/><F120/><W49/><G49/><T102/><D32/><U42/><E42/><V21/><F51/><W103/><G103/><AGARI ba="1,1" hai="27,28,33,45,50,52,54,59,63,92,97,103,104,105" machi="103" ten="30,11600,0" yaku="1,1,7,1,54,1,53,1" doraHai="132" doraHaiUra="44" who="1" fromWho="3" sc="227,0,250,129,220,0,293,-119" /><INIT seed="1,2,0,1,2,101" ten="227,379,220,174" oya="1" hai0="43,18,44,74,5,81,75,99,46,127,109,87,108" hai1="80,57,1,37,67,22,135,103,86,112,63,25,84" hai2="122,110,31,68,119,128,54,94,96,12,111,116,6" hai3="26,73,115,88,85,29,130,117,39,102,70,55,58"/><U16/><E112/><V59/><F68/><W77/><G115/><T56/><D5/><U9/><E135/><V92/><F31/><W34/><G117/><T106/><D127/><U17/><E37/><V83/><F122/><W124/><G70/><T134/><D134/><U79/><E103/><V71/><F71/><W20/><G124/><T104/><D99/><U41/><E41/><V114/><F114/><W90/><G130/><T126/><D126/><U64/><E1/><V76/><F128/><W40/><G102/><T131/><D131/><U38/><E38/><V45/><F45/><N who="0" m="17514" /><D43/><U3/><E3/><V35/><F35/><W65/><G65/><T0/><D0/><U14/><REACH who="1" step="1"/><E67/><REACH who="1" ten="227,369,220,174" step="2"/><V121/><F119/><W32/><G39/><T11/><D108/><U23/><E23/><V53/><F116/><W78/><G40/><T123/><D109/><U62/><E62/><V100/><F111/><W50/><G34/><T72/><D123/><U51/><E51/><V120/><F120/><W13/><G32/><T30/><D104/><U60/><E60/><V47/><F121/><W36/><G36/><T49/><D106/><U27/><E27/><V125/><F125/><W89/><G13/><T82/><D49/><U10/><E10/><V97/><F110/><W15/><G15/><T52/><D11/><U107/><E107/><V33/><F33/><W91/><REACH who="3" step="1"/><G73/><AGARI ba="2,1" hai="9,14,16,17,22,25,57,63,64,73,79,80,84,86" machi="73" ten="30,5800,0" yaku="1,1,7,1,54,1,53,0" doraHai="101" doraHaiUra="48" who="1" fromWho="3" sc="227,0,369,74,220,0,174,-64" /><INIT seed="1,3,0,4,1,12" ten="227,443,220,110" oya="1" hai0="10,13,84,114,111,62,46,47,127,53,8,28,56" hai1="49,14,2,124,85,88,33,21,70,23,123,112,7" hai2="11,30,51,108,1,135,100,32,101,99,25,117,64" hai3="129,103,22,58,128,55,54,76,44,91,50,105,110"/><U42/><E70/><V19/><F108/><W36/><G105/><T133/><D114/><U34/><E112/><V122/><F122/><W35/><G103/><T75/><D75/><U72/><E72/><V31/><F135/><W48/><G35/><T125/><D111/><U37/><E37/><V115/><F117/><W40/><G76/><T5/><D133/><U97/><E97/><V92/><F31/><W57/><G91/><T120/><D120/><U98/><E98/><V43/><F64/><W94/><G94/><T104/><D104/><U116/><E2/><V39/><F115/><W118/><G22/><T63/><D63/><U132/><E132/><V26/><F39/><W81/><G81/><T80/><D28/><U126/><E33/><V102/><F1/><W16/><G110/><T38/><D38/><U106/><E34/><V89/><F51/><W73/><G73/><T130/><D130/><N who="3" m="50281" /><G16/><N who="0" m="8231" /><D10/><N who="1" m="4447" /><E106/><V4/><F4/><W61/><G118/><T60/><D5/><U109/><E116/><V93/><F11/><W74/><G74/><T90/><D60/><AGARI ba="3,0" hai="36,40,44,48,50,54,55,57,58,60,61" m="50281" machi="60" ten="30,3900,0" yaku="19,1,34,2" doraHai="12" who="3" fromWho="0" sc="227,-48,443,0,220,0,110,48" /><INIT seed="2,0,0,1,0,71" ten="179,443,220,158" oya="2" hai0="130,7,123,79,16,0,110,107,69,45,85,121,126" hai1="83,112,95,59,42,91,133,53,64,93,51,56,135" hai2="89,128,102,25,38,114,115,94,34,33,54,132,82" hai3="36,10,20,113,60,124,31,55,119,104,120,78,66"/><V134/><F82/><W127/><G120/><T14/><D69/><U44/><E112/><V96/><F54/><W15/><G113/><T61/><D110/><U49/><E83/><V23/><F128/><W32/><G104/><T40/><D130/><U2/><E2/><V11/><F11/><W99/><G119/><T105/><D126/><N who="3" m="48169" /><G78/><T50/><D0/><U122/><E122/><V77/><F77/><W63/><G32/><T111/><D111/><U6/><E6/><V116/><F116/><W80/><G80/><T100/><D7/><U17/><E17/><V72/><F72/><W62/><G99/><T19/><D61/><N who="3" m="23657" /><G55/><T41/><D19/><U129/><E129/><V101/><F114/><W84/><G84/><T39/><D41/><U52/><E64/><V3/><F115/><W57/><G20/><T86/><D50/><U103/><E103/><V125/><F125/><W90/><G31/><T118/><D118/><U9/><E9/><V109/><F109/><W70/><G90/><T28/><D28/><U8/><E8/><V12/><F3/><W81/><G81/><N who="0" m="47295" /><D86/><U5/><E95/><V76/><F76/><W43/><G15/><T117/><D117/><U48/><E5/><V98/><F12/><W26/><G26/><T74/><D74/><U131/><E131/><V46/><F34/><W106/><G106/><N who="0" m="40459" /><D100/><N who="2" m="38506" /><F33/><W67/><G10/><T108/><D108/><U24/><E24/><V13/><F13/><W29/><G29/><T27/><D27/><U47/><E47/><V87/><F25/><W37/><G43/><T75/><D75/><U68/><E68/><RYUUKYOKU ba="0,0" sc="179,10,443,10,220,-30,158,10" hai0="14,16,39,40,45,121,123" hai1="42,44,48,49,51,52,53,56,59,91,93,133,135" hai3="36,37,57,63,66,67,70" /><INIT seed="3,1,0,5,1,70" ten="189,453,190,168" oya="3" hai0="54,26,128,20,12,84,112,1,10,125,120,35,18" hai1="123,49,34,81,133,48,3,14,115,28,131,40,77" hai2="52,29,50,132,108,109,38,6,68,62,98,118,82" hai3="56,41,30,104,74,111,99,64,66,117,58,51,71"/><W37/><G74/><T39/><D39/><U47/><E3/><V8/><F38/><W67/><G117/><T23/><D120/><U100/><E115/><V89/><F29/><W87/><G30/><N who="0" m="19927" /><D112/><U22/><E131/><V5/><F118/><W72/><G72/><T121/><D121/><U91/><E133/><V2/><F132/><W61/><G87/><T129/><D125/><U116/><E100/><V94/><F6/><W17/><G17/><T83/><D23/><U101/><E101/><V126/><F126/><W69/><G104/><T103/><D54/><U45/><E34/><V106/><F82/><W102/><G102/><T110/><D103/><U122/><E91/><V59/><REACH who="2" step="1"/><F106/><REACH who="2" ten="189,453,180,168" step="2"/><W42/><G111/><T21/><D110/><U16/><E28/><V46/><F46/><N who="3" m="23855" /><G99/><T86/><D83/><U24/><E14/><V25/><F25/><W90/><G90/><T33/><D128/><U76/><E116/><V13/><F13/><W55/><G42/><T75/><D129/><U19/><E19/><V78/><F78/><W124/><G124/><T114/><D114/><U80/><E80/><V88/><F88/><W57/><G61/><T9/><D12/><U119/><E119/><V130/><F130/><W134/><G134/><T44/><D44/><AGARI ba="1,1" hai="44,51,55,56,57,58,64,66,67,69,71" m="23855" machi="44" ten="30,18000,2" yaku="35,5,52,1" doraHai="70" who="3" fromWho="0" sc="189,-183,453,0,180,0,168,193" /><INIT seed="3,2,0,2,1,110" ten="6,453,180,361" oya="3" hai0="91,106,17,135,46,38,105,104,108,113,20,0,128" hai1="55,26,29,36,6,50,112,111,21,31,65,52,118" hai2="124,22,4,25,134,60,120,96,70,67,114,100,27" hai3="34,93,107,3,133,58,39,69,88,95,12,23,43"/><W5/><G107/><T75/><D17/><N who="1" m="12591" /><E112/><V35/><F114/><W68/><G34/><T85/><D20/><U2/><E36/><V64/><F134/><W94/><G133/><T98/><D85/><U103/><E2/><V87/><F124/><W131/><G131/><T102/><D91/><U66/><E111/><V9/><F120/><W117/><G117/><T1/><D98/><U14/><E103/><V37/><F37/><W28/><G3/><T15/><D15/><U8/><E118/><V19/><F64/><N who="1" m="24681" /><E52/><V18/><F87/><W77/><G77/><T86/><D86/><U45/><AGARI ba="2,0" hai="6,8,14,29,31,45,50,55" m="24681,12591" machi="45" ten="30,1100,0" yaku="8,1" doraHai="110" who="1" fromWho="1" sc="6,-5,453,17,180,-5,361,-7" owari="1,-49.9,470,57.0,175,-22.5,354,15.4" /></mjloggm>