<mjloggm ver="2.3"><GO type="225" lobby="0"/><UN n0="%E5%B0%8F%E9%B3%A5%E9%81%8A%E7%B7%B4%E7%84%A1%32%31%E6%AD%B3" n1="%38%63%E3%81%AF%E3%81%A3%E3%81%97%E3%83%BC" n2="%6D%75%75%6D%75%72%61" n3="%72%69%6F%75%63%68%61%6E" dan="16,16,16,16" rate="2164.50,2129.20,2137.71,2176.81" sx="F,M,F,M"/><TAIKYOKU oya="0"/><INIT seed="0,0,0,4,2,96" ten="250,250,250,250" oya="0" hai0="98,36,71,119,124,25,65,91,53,23,114,79,35" hai1="44,56,19,81,22,59,3,93,27,105,74,111,21" hai2="118,37,126,18,40,31,129,110,48,50,95,60,90" hai3="73,29,112,68,115,55,133,107,4,127,76,104,66"/><T67/><D119/><U101/><E105/><V17/><F118/><W83/><G127/><T41/><D71/><U34/><E34/><V113/><F113/><W30/><G133/><T38/><D35/><U87/><E3/><V122/><F122/><W54/><G4/><T116/><D116/><U100/><E74/><V28/><F126/><W33/><G54/><T15/><D124/><U32/><E32/><V80/><F37/><W106/><G55/><T77/><D53/><U123/><E123/><V85/><F110/><W24/><REACH who="3" step="1"/><G29/><REACH who="3" ten="250,250,250,240" step="2"/><T62/><D114/><U99/><E111/><V103/><F28/><W75/><G75/><T0/><D65/><U78/><E44/><V26/><F31/><W94/><G94/><T125/><D67/><U92/><E22/><V117/><F117/><W47/><G47/><T58/><D23/><U61/><E61/><AGARI ba="0,1" hai="24,30,33,61,66,68,73,76,83,104,106,107,112,115" machi="61" ten="40,5200,0" yaku="1,1,23,2,53,0" doraHai="96" doraHaiUra="43" who="3" fromWho="1" sc="250,0,250,-52,250,0,240,62" /><INIT seed="1,0,0,1,4,73" ten="250,198,250,302" oya="1" hai0="43,105,41,91,101,134,35,111,113,34,70,126,45" hai1="6,47,95,12,39,49,109,33,76,90,97,127,117" hai2="118,29,69,57,44,26,122,106,125,56,13,28,58" hai3="42,88,86,9,115,80,19,119,11,129,72,8,94"/><U5/><E117/><V79/><F118/><W112/><G129/><T121/><D113/><U22/><E33/><V85/><F122/><W62/><G119/><T0/><D111/><U18/><E127/><V98/><F125/><W37/><G62/><T1/><D91/><U55/><E39/><V116/><F69/><W14/><G37/><T74/><D126/><U130/><E130/><V75/><F75/><W135/><G135/><T65/><D41/><U110/><REACH who="1" step="1"/><E76/><REACH who="1" ten="250,188,250,302" step="2"/><V36/><F116/><W93/><G115/><T84/><D34/><U67/><E67/><V68/><F79/><W21/><G112/><T124/><D65/><U64/><E64/><V53/><F36/><W30/><G72/><T81/><D35/><U51/><E51/><V107/><F68/><W16/><G42/><T99/><D43/><U114/><E114/><V46/><F53/><W32/><G32/><T108/><D70/><U104/><E104/><V82/><F107/><W131/><G131/><T7/><D105/><U59/><E59/><V77/><F58/><W20/><REACH who="3" step="1"/><G30/><REACH who="3" ten="250,188,250,292" step="2"/><T38/><D38/><U128/><E128/><V60/><F28/><W63/><G63/><T123/><D124/><U103/><E103/><V2/><F60/><W48/><G48/><T89/><D101/><U92/><E92/><V4/><F29/><W50/><G50/><T96/><D123/><U17/><E17/><V120/><F106/><W10/><N who="3" m="2048" /><DORA hai="25" /><W15/><AGARI ba="0,2" hai="14,15,16,19,20,21,80,86,88,93,94" m="2048" machi="15" ten="40,12000,2" yaku="1,1,4,1,0,1,9,1,8,1,54,2,53,0" doraHai="73,25" doraHaiUra="54,23" who="3" fromWho="3" sc="250,-30,188,-60,250,-30,292,140" /><INIT seed="2,0,0,5,4,86" ten="220,128,220,432" oya="2" hai0="109,62,83,11,51,52,99,54,127,102,68,14,28" hai1="92,103,31,98,70,7,91,73,33,30,3,130,123" hai2="82,29,126,90,37,39,119,93,43,34,20,85,41" hai3="77,117,69,87,25,94,1,100,112,16,61,74,110"/><V64/><F119/><W125/><G110/><T80/><D109/><U38/><E130/><V10/><F34/><W44/><G117/><T24/><D127/><U113/><E113/><V6/><F126/><W12/><G125/><T134/><D134/><U107/><E70/><V120/><F120/><W121/><G1/><T75/><D75/><U0/><E38/><V97/><F64/><W128/><G121/><T50/><D68/><U129/><E129/><V32/><F32/><W131/><G112/><T76/><D62/><U108/><E108/><V105/><F105/><W118/><G118/><T106/><D51/><U9/><E123/><V58/><F58/><W135/><G135/><T27/><D50/><U122/><E122/><V59/><F59/><W133/><G74/><T101/><D101/><U81/><E0/><V26/><F37/><W104/><G104/><T114/><D114/><U5/><E5/><V55/><F55/><W88/><G69/><T8/><D8/><U89/><E33/><V45/><F43/><W21/><G133/><T132/><D132/><U72/><E73/><V96/><REACH who="2" step="1"/><F93/><REACH who="2" ten="220,128,210,432" step="2"/><N who="3" m="54431" /><G131/><T46/><D54/><U116/><E116/><V36/><F36/><W63/><G128/><T48/><D52/><U56/><E56/><V124/><F124/><W15/><G94/><T13/><D106/><U60/><E60/><V71/><F71/><W84/><G61/><T23/><D48/><U67/><E67/><V2/><AGARI ba="0,1" hai="2,6,10,20,26,29,39,41,45,82,85,90,96,97" machi="2" ten="20,12000,1" yaku="1,1,0,1,7,1,52,1,53,1" doraHai="86" doraHaiUra="19" who="2" fromWho="2" sc="220,-40,128,-40,210,130,432,-40" /><INIT seed="2,1,0,5,5,24" ten="180,88,340,392" oya="2" hai0="90,8,52,48,56,1,22,133,45,86,84,99,132" hai1="115,20,2,70,116,39,21,77,44,49,29,100,0" hai2="50,31,89,101,74,80,130,73,126,92,97,65,35" hai3="61,111,4,16,18,85,95,23,83,19,117,43,41"/><V10/><F130/><W135/><G111/><T6/><D99/><U109/><E116/><V72/><F126/><W103/><G135/><N who="0" m="51787" /><D90/><U128/><E39/><V12/><F65/><W7/><G117/><T5/><D5/><N who="3" m="2121" /><G61/><N who="0" m="35975" /><D22/><U53/><E109/><V107/><F50/><W14/><G103/><T37/><D37/><U113/><E70/><V131/><F131/><W78/><G95/><T63/><D63/><U57/><E128/><V26/><F80/><W55/><G55/><AGARI ba="1,0" hai="1,6,8,45,48,55,84,86" m="35975,51787" machi="55" ten="30,2000,0" yaku="20,1,54,1" doraHai="24" who="0" fromWho="3" sc="180,23,88,0,340,0,392,-23" /><INIT seed="3,0,0,0,3,30" ten="203,88,340,369" oya="3" hai0="25,7,69,76,87,84,28,96,99,16,41,86,5" hai1="70,135,130,114,123,53,61,106,9,44,55,85,98" hai2="77,32,62,0,42,134,71,6,92,94,132,133,4" hai3="54,121,60,127,89,113,100,90,97,129,95,52,108"/><W35/><G113/><T131/><D69/><U120/><E9/><N who="2" m="2183" /><F6/><W112/><G121/><T43/><D76/><U13/><E13/><V67/><F77/><W119/><G35/><T72/><D72/><U21/><E21/><V122/><F42/><N who="0" m="15882" /><D28/><U37/><E85/><V10/><F10/><W64/><G112/><T17/><D131/><U78/><E78/><V110/><F122/><W27/><G119/><T128/><D25/><U36/><E98/><N who="0" m="37417" /><D128/><U3/><E106/><V57/><F110/><W79/><G129/><T51/><D51/><U50/><E3/><V111/><F111/><W104/><G108/><T125/><D125/><U39/><E114/><V56/><F56/><N who="3" m="36871" /><G127/><T12/><D17/><U40/><E130/><V116/><F116/><W20/><G79/><T88/><D88/><N who="3" m="33897" /><G104/><T105/><D105/><U18/><E18/><AGARI ba="0,0" hai="18,20,27,52,54,95,97,100" m="33897,36871" machi="18" ten="30,5800,0" yaku="8,1,54,2" doraHai="30" who="3" fromWho="1" sc="203,0,88,-58,340,0,369,58" owari="203,-19.7,30,-47.0,340,14.0,427,52.7" /></mjloggm>