<mjloggm ver="2.3"><GO type="225" lobby="0"/><UN n0="%4B%2E%32%2E%4B%2E" n1="%E3%81%8B%E3%82%8F%E3%81%A1%E3%82%83%E3%82%93%35%38" n2="%6B%65%6E%6E%64%69" n3="%E3%81%A9%E3%82%8F%E3%82%93%E3%81%94" dan="16,16,16,16" rate="2133.83,2091.83,2161.29,2137.03" sx="M,M,M,M"/><TAIKYOKU oya="0"/><INIT seed="0,0,0,2,3,75" ten="250,250,250,250" oya="0" hai0="110,98,59,16,65,73,12,68,131,10,117,67,25" hai1="135,121,60,64,56,105,95,115,7,11,86,9,3" hai2="45,87,82,101,123,81,71,2,114,84,118,26,127" hai3="132,30,49,120,41,14,116,109,37,58,4,122,39"/><T31/><D117/><U6/><E121/><N who="3" m="46698" /><G30/><T108/><D131/><U88/><E135/><V93/><F71/><W113/><G116/><T47/><D68/><U102/><E115/><V29/><F2/><W38/><G4/><T63/><D73/><U32/><E32/><V129/><F114/><W53/><G14/><T83/><D83/><U57/><E102/><V91/><F127/><W99/><G99/><T20/><D67/><U128/><E128/><V62/><F129/><W66/><G113/><T17/><D47/><U19/><E19/><V48/><F123/><W79/><G79/><T72/><D72/><U18/><E18/><V89/><F62/><N who="3" m="38231" /><G109/><N who="0" m="42091" /><D98/><U112/><E112/><V77/><F118/><W21/><G21/><T85/><D85/><U96/><E105/><V104/><F104/><W33/><G33/><T107/><D107/><U44/><E44/><V54/><F77/><W74/><G74/><T8/><D8/><U50/><E96/><V103/><REACH who="2" step="1"/><F93/><REACH who="2" ten="250,250,240,250" step="2"/><W40/><G132/><T61/><D63/><U80/><E95/><V22/><AGARI ba="0,1" hai="22,26,29,45,48,54,81,82,84,87,89,91,101,103" machi="22" ten="20,12000,2" yaku="1,1,2,1,0,1,7,1,9,1,8,1,53,0" doraHai="75" doraHaiUra="130" who="2" fromWho="2" sc="250,-60,250,-30,240,130,250,-30" /><INIT seed="1,0,0,0,1,14" ten="190,220,370,220" oya="1" hai0="42,111,38,26,119,3,107,92,15,64,85,90,132" hai1="60,34,79,53,94,70,72,101,128,20,118,63,78" hai2="61,12,54,131,77,4,22,18,121,50,130,95,96" hai3="35,6,69,89,32,56,59,106,99,83,76,120,126"/><U24/><E118/><V29/><F121/><W74/><G120/><T23/><D119/><U102/><E34/><V5/><F77/><N who="1" m="29193" /><E70/><V104/><F104/><W93/><G69/><T117/><D117/><U21/><E72/><V2/><F29/><W87/><G126/><T86/><D3/><U73/><E73/><V103/><F61/><N who="1" m="23625" /><E128/><N who="2" m="49195" /><F2/><W10/><G32/><T71/><D64/><U11/><E11/><V127/><F127/><W16/><G35/><T43/><D71/><U135/><E135/><V46/><AGARI ba="0,0" hai="4,5,12,18,22,46,50,54,95,96,103" m="49195" machi="46" ten="30,2000,0" yaku="19,1,52,1" doraHai="14" who="2" fromWho="2" sc="190,-5,220,-10,370,20,220,-5" /><INIT seed="2,0,0,2,1,81" ten="185,210,390,215" oya="2" hai0="121,105,99,62,65,101,79,35,7,107,19,133,5" hai1="97,75,85,28,6,124,76,16,30,37,9,48,119" hai2="113,55,122,1,123,87,49,73,53,15,34,3,47" hai3="40,89,84,8,74,68,14,100,42,109,2,112,72"/><V127/><F113/><W57/><G2/><T12/><D107/><U117/><E37/><V4/><F73/><W120/><G68/><T38/><D121/><U82/><E124/><V118/><F118/><W32/><G32/><T63/><D38/><U132/><E132/><V58/><F34/><W18/><G120/><T110/><D35/><U88/><E30/><V31/><F31/><W90/><G112/><T131/><D110/><U125/><E125/><V50/><F127/><W17/><G109/><T44/><D133/><U66/><E28/><V11/><F1/><W24/><G100/><T108/><D108/><U22/><E66/><V104/><F104/><W60/><G74/><T80/><D131/><U69/><E97/><V25/><F25/><W111/><G72/><T91/><D79/><U116/><E48/><V135/><F135/><W86/><G111/><T0/><D44/><U67/><E67/><V106/><F106/><W13/><G24/><T61/><D65/><U36/><E36/><V94/><F3/><W114/><G114/><T56/><D56/><U27/><E69/><V129/><F129/><W78/><G78/><T23/><REACH who="0" step="1"/><D0/><REACH who="0" ten="175,210,390,215" step="2"/><U20/><E76/><V71/><F71/><W128/><G128/><T45/><D45/><U54/><E75/><V103/><F123/><W102/><G57/><T83/><D83/><U95/><E82/><V26/><F122/><W41/><G60/><T126/><D126/><U29/><E117/><V92/><F58/><W39/><G39/><T77/><D77/><U93/><E119/><V33/><F33/><W98/><G42/><RYUUKYOKU ba="0,1" sc="175,30,210,-10,390,-10,215,-10" hai0="5,7,12,19,23,61,62,63,80,91,99,101,105" /><INIT seed="3,1,1,1,2,69" ten="205,200,380,205" oya="3" hai0="130,87,119,133,0,110,2,22,122,62,34,68,14" hai1="86,65,18,89,84,46,50,97,40,64,49,118,98" hai2="33,20,8,85,52,132,48,77,43,101,37,134,82" hai3="126,35,7,5,106,112,127,114,30,123,70,129,117"/><W29/><G70/><T61/><D119/><U27/><E118/><V83/><F33/><W108/><G106/><T128/><D110/><U76/><E76/><V53/><F101/><W12/><G117/><T113/><D133/><N who="2" m="51306" /><F37/><W44/><G44/><T17/><D122/><U103/><E50/><V31/><F8/><N who="3" m="4111" /><G123/><T135/><D135/><U59/><E103/><V79/><F43/><W39/><G39/><T10/><D113/><N who="3" m="43625" /><G108/><T16/><D34/><U1/><E1/><N who="0" m="617" /><D87/><N who="1" m="33323" /><E59/><N who="2" m="33159" /><F53/><W66/><G66/><N who="1" m="25706" /><E89/><N who="2" m="51383" /><F83/><W55/><G55/><T26/><D68/><U104/><E104/><V115/><F115/><W15/><G129/><AGARI ba="1,1" hai="10,14,16,17,22,26,61,62,128,129,130" m="617" machi="129" ten="30,2000,0" yaku="19,1,54,1" doraHai="69" who="0" fromWho="3" sc="205,33,200,0,380,0,205,-23" owari="238,3.8,200,-20.0,380,48.0,182,-31.8" /></mjloggm>