<mjloggm ver="2.3"><GO type="225" lobby="0"/><UN n0="%E3%82%A2%E3%83%A1%E3%82%A2%E3%83%A9%E3%83%AC" n1="%6D%75%75%73%61%6E%6D%75" n2="%33%74%72%65%65" n3="%72%69%6F%75%63%68%61%6E" dan="16,17,16,16" rate="2148.22,2162.13,2125.53,2136.55" sx="M,F,F,M"/><TAIKYOKU oya="0"/><INIT seed="0,0,0,4,2,18" ten="250,250,250,250" oya="0" hai0="128,0,10,78,68,135,104,31,69,119,13,125,39" hai1="85,27,58,42,36,88,28,116,80,1,54,9,131" hai2="134,109,3,106,75,82,24,63,20,61,35,49,25" hai3="29,60,33,50,99,100,96,43,79,22,48,89,101"/><T76/><D119/><U47/><E116/><V23/><F35/><W21/><G33/><T81/><D104/><U115/><E131/><V59/><F3/><W15/><G79/><T19/><D39/><U16/><E115/><V26/><F106/><W94/><G60/><N who="2" m="23113" /><F75/><W87/><G29/><T84/><D128/><U97/><E97/><N who="3" m="37450" /><G15/><T91/><D135/><U37/><E37/><V72/><F72/><W132/><G132/><T105/><D105/><U30/><E1/><V126/><F134/><W111/><G111/><T118/><D118/><U5/><E5/><V93/><F109/><W117/><G117/><T71/><D125/><U32/><E32/><V17/><F126/><W11/><G11/><T65/><D0/><U56/><E9/><V127/><F127/><W12/><G12/><T40/><D40/><U41/><E41/><V70/><F70/><W103/><G43/><T74/><D65/><U51/><REACH who="1" step="1"/><E56/><REACH who="1" ten="250,240,250,250" step="2"/><V133/><F133/><W108/><G108/><T95/><D31/><U66/><E66/><V44/><F59/><W124/><G124/><T86/><REACH who="0" step="1"/><D74/><REACH who="0" ten="240,240,250,250" step="2"/><U4/><E4/><V107/><F17/><W122/><G122/><T112/><D112/><U55/><E55/><V90/><F107/><W98/><G98/><T67/><D67/><U77/><E77/><AGARI ba="0,2" hai="10,13,19,68,69,71,76,77,78,81,84,86,91,95" machi="77" ten="40,3900,0" yaku="1,1,53,1" doraHai="18" doraHaiUra="14" who="0" fromWho="1" sc="240,59,240,-39,250,0,250,0" /><INIT seed="0,1,0,3,0,52" ten="299,201,250,250" oya="0" hai0="107,112,15,113,38,5,45,93,110,12,36,64,47" hai1="60,11,109,119,71,72,51,0,128,22,101,102,104" hai2="94,98,48,76,133,114,40,80,67,79,132,57,83" hai3="61,7,49,46,124,54,89,103,28,41,44,2,8"/><T25/><D107/><U27/><E119/><V19/><F114/><W26/><G124/><T17/><D110/><U91/><E109/><V86/><F19/><W1/><G103/><T18/><D64/><U121/><E121/><V88/><F40/><W66/><G89/><T33/><D5/><U10/><E128/><V74/><REACH who="2" step="1"/><F48/><REACH who="2" ten="299,201,240,250" step="2"/><W63/><G66/><T100/><D112/><U87/><E51/><V77/><F77/><W50/><REACH who="3" step="1"/><G2/><REACH who="3" ten="299,201,240,240" step="2"/><T123/><D113/><U75/><E0/><V105/><F105/><W134/><G134/><T29/><D123/><U122/><E104/><V59/><F59/><W31/><G31/><T65/><D29/><U6/><E122/><V126/><F126/><W70/><G70/><T99/><D47/><U39/><E71/><V16/><F16/><W73/><G73/><T125/><D45/><U111/><E111/><V9/><F9/><W129/><G129/><T118/><D18/><U78/><E72/><V106/><F106/><W32/><AGARI ba="1,2" hai="1,7,8,26,28,32,41,44,46,49,50,54,61,63" machi="32" ten="20,8000,1" yaku="1,1,0,1,7,1,53,2" doraHai="52" doraHaiUra="43" who="3" fromWho="3" sc="299,-41,201,-21,240,-21,240,103" /><INIT seed="1,0,0,4,4,7" ten="258,180,219,343" oya="1" hai0="66,76,8,48,118,71,91,107,38,57,44,29,100" hai1="128,42,23,3,103,50,127,10,62,135,30,28,106" hai2="110,131,117,18,134,41,2,112,99,69,6,12,31" hai3="86,114,60,14,32,35,111,40,36,52,46,51,72"/><U67/><E128/><V115/><F117/><W119/><G114/><N who="2" m="43561" /><F131/><W61/><G72/><T123/><D118/><U88/><E127/><V126/><F126/><W96/><G119/><T133/><D133/><U15/><E135/><V11/><F134/><W92/><G111/><T13/><D76/><U16/><E106/><V33/><F110/><W87/><G14/><T63/><D29/><N who="1" m="11371" /><E103/><V105/><F69/><W0/><G0/><T77/><D77/><U85/><E3/><V124/><F124/><W83/><G32/><T19/><D123/><U121/><E121/><V95/><F105/><W90/><G35/><T24/><D24/><U55/><E42/><V80/><F41/><W59/><REACH who="3" step="1"/><G87/><REACH who="3" ten="258,180,219,333" step="2"/><T74/><D74/><U84/><E84/><V47/><F2/><W89/><AGARI ba="0,1" hai="36,40,46,51,52,59,60,61,83,86,89,90,92,96" machi="89" ten="20,8000,1" yaku="1,1,2,1,0,1,7,1,54,1,53,0" doraHai="7" doraHaiUra="4" who="3" fromWho="3" sc="258,-20,180,-40,219,-20,333,90" /><INIT seed="2,0,0,4,1,59" ten="238,140,199,423" oya="2" hai0="3,72,39,8,27,131,87,81,4,64,118,33,28" hai1="112,61,96,89,66,99,43,2,23,125,94,120,126" hai2="71,17,63,82,21,6,9,73,30,54,127,49,123" hai3="100,35,129,37,53,1,26,85,51,75,77,19,25"/><V110/><F123/><W105/><G37/><T74/><D118/><U18/><E112/><V32/><F127/><W46/><G1/><T41/><D131/><U13/><E2/><V38/><F38/><W58/><G129/><T29/><D29/><U67/><E120/><V55/><F110/><W78/><G75/><T22/><D64/><U16/><E43/><V101/><F101/><W52/><G35/><T134/><D134/><U106/><E67/><V34/><F30/><W116/><G116/><T31/><D31/><U95/><E18/><V83/><F32/><W20/><G26/><T102/><D102/><U114/><E106/><V76/><F34/><W70/><G70/><T117/><D117/><U115/><E125/><V44/><F82/><W133/><G133/><T42/><D33/><U128/><E128/><V56/><F71/><W97/><REACH who="3" step="1"/><G85/><REACH who="3" ten="238,140,199,413" step="2"/><T48/><D39/><U119/><E119/><V90/><F73/><W12/><G12/><T84/><D84/><U108/><E126/><V62/><F76/><W40/><G40/><T24/><D24/><U50/><E108/><V79/><F79/><W113/><G113/><T65/><D41/><U121/><E121/><V109/><F109/><W7/><G7/><T36/><D36/><U80/><E80/><V14/><F83/><W132/><G132/><T122/><D122/><U103/><REACH who="1" step="1"/><E50/><AGARI ba="0,1" hai="19,20,25,46,50,51,52,53,58,77,78,97,100,105" machi="50" ten="30,3900,0" yaku="1,1,7,1,54,1,53,0" doraHai="59" doraHaiUra="88" who="3" fromWho="1" sc="238,0,140,-39,199,0,413,49" /><INIT seed="3,0,0,4,5,3" ten="238,101,199,462" oya="3" hai0="88,19,65,1,9,134,87,26,56,10,110,33,54" hai1="47,15,106,108,103,76,52,97,86,43,80,120,5" hai2="129,85,127,78,113,82,0,111,66,53,94,99,73" hai3="123,117,109,122,61,131,57,118,98,92,34,75,14"/><W63/><G14/><T64/><D110/><U36/><E120/><V18/><F113/><W39/><G92/><N who="0" m="54303" /><D33/><U24/><E108/><V45/><F0/><W29/><G57/><T58/><D1/><U67/><E67/><N who="0" m="25673" /><D58/><U50/><E24/><V124/><F66/><W13/><G13/><T6/><D6/><U60/><E60/><V70/><F70/><W17/><G29/><T90/><D90/><U59/><REACH who="1" step="1"/><E15/><REACH who="1" ten="238,91,199,462" step="2"/><V11/><F111/><W114/><G63/><N who="0" m="36247" /><D134/><U51/><E51/><V121/><F121/><W93/><G109/><T126/><D126/><U130/><E130/><V104/><F129/><W49/><G114/><T68/><D68/><U21/><E21/><AGARI ba="0,1" hai="9,10,19,21,26" m="36247,25673,54303" machi="21" ten="30,2000,0" yaku="8,1,54,1" doraHai="3" who="0" fromWho="1" sc="238,30,91,-20,199,0,462,0" owari="268,6.8,71,-42.9,199,-20.1,462,56.2" /></mjloggm>