<mjloggm ver="2.3"><GO type="225" lobby="0"/><UN n0="%38%63%E3%81%AF%E3%81%A3%E3%81%97%E3%83%BC" n1="%E3%81%A9%E3%82%8F%E3%82%93%E3%81%94" n2="%E3%81%86%E3%81%A9%E3%82%93%E3%81%93" n3="%61%69%73%79%6F" dan="16,16,16,17" rate="2083.79,2133.21,2123.17,2229.16" sx="M,M,M,M"/><TAIKYOKU oya="0"/><INIT seed="0,0,0,1,3,54" ten="250,250,250,250" oya="0" hai0="133,78,70,83,75,31,52,7,120,76,72,8,107" hai1="108,114,51,30,80,88,24,74,91,101,104,98,19" hai2="117,124,29,66,63,132,21,10,58,17,89,122,131" hai3="125,37,38,69,106,118,67,130,129,9,39,94,23"/><T41/><D120/><U5/><E108/><V100/><F122/><W92/><G106/><T44/><D70/><U16/><E114/><V32/><F131/><W27/><G118/><T102/><D31/><U4/><E51/><V112/><F112/><W119/><G119/><T20/><D133/><U73/><E73/><V43/><F132/><W126/><G9/><T33/><D20/><U71/><E71/><V60/><F117/><W86/><G67/><T40/><D33/><U111/><E111/><V135/><F135/><W15/><G15/><T116/><D116/><U127/><E127/><N who="3" m="48650" /><G86/><T134/><D134/><U68/><E68/><V81/><F124/><W121/><G69/><T12/><D102/><U85/><E74/><V3/><F100/><W61/><G61/><T62/><D107/><U79/><E79/><V115/><F63/><W42/><G42/><T36/><D40/><U65/><E65/><V128/><F115/><W46/><G46/><T35/><D35/><U90/><E5/><N who="2" m="1343" /><F43/><W59/><G59/><T95/><D95/><N who="3" m="36393" /><G121/><T110/><D110/><U103/><E4/><V57/><F57/><W6/><G6/><T14/><D12/><U77/><REACH who="1" step="1"/><E103/><REACH who="1" ten="250,240,250,250" step="2"/><V97/><F66/><W47/><G39/><T64/><D64/><U22/><AGARI ba="0,1" hai="16,19,22,24,30,77,80,85,88,90,91,98,101,104" machi="22" ten="30,8000,1" yaku="1,1,2,1,0,1,54,2,53,0" doraHai="54" doraHaiUra="113" who="1" fromWho="1" sc="250,-40,240,90,250,-20,250,-20" /><INIT seed="1,0,0,0,4,110" ten="210,330,230,230" oya="1" hai0="65,95,122,36,113,83,52,26,114,16,120,23,28" hai1="68,62,61,45,7,116,57,66,11,76,0,134,42" hai2="40,73,3,20,74,97,135,53,119,67,88,71,91" hai3="5,103,22,94,19,132,32,117,100,93,29,85,39"/><U25/><E116/><V82/><F119/><W78/><G117/><T130/><D36/><U12/><E134/><V24/><F3/><W98/><G39/><T34/><D65/><U106/><E106/><V37/><F135/><W89/><G132/><T86/><D95/><U69/><E25/><V33/><F33/><W54/><G5/><T87/><D130/><U102/><E102/><V126/><F126/><W48/><G29/><T64/><D64/><U133/><E133/><V63/><F53/><W108/><G32/><T109/><D109/><U47/><E62/><V58/><F71/><W92/><G78/><T70/><D70/><U77/><E47/><V9/><F9/><W72/><G72/><T4/><D4/><U84/><E0/><V17/><F97/><W81/><G103/><T115/><D52/><U127/><E127/><V30/><F30/><W107/><G108/><T101/><D101/><U2/><E2/><V8/><F8/><W79/><G79/><T121/><D83/><N who="1" m="47207" /><E77/><V27/><F27/><AGARI ba="0,0" hai="16,23,26,27,28,34,86,87,113,114,115,120,121,122" machi="27" ten="50,8000,1" yaku="13,1,52,3,54,1" doraHai="110" who="0" fromWho="2" sc="210,80,330,0,230,-80,230,0" /><INIT seed="2,0,0,2,5,69" ten="290,330,150,230" oya="2" hai0="3,88,14,104,82,76,111,17,94,50,74,22,132" hai1="135,118,75,62,127,42,84,66,61,129,5,59,106" hai2="21,8,58,87,130,27,97,28,99,11,105,12,35" hai3="53,45,123,119,90,122,70,78,37,134,15,34,91"/><V112/><F112/><W30/><G78/><T101/><D3/><U1/><E75/><V60/><F130/><W7/><G70/><T36/><D111/><U86/><E118/><V6/><F87/><W103/><G103/><T26/><D132/><U54/><E106/><V125/><F125/><W80/><G34/><T124/><D124/><U52/><E135/><V4/><F35/><W13/><G30/><T2/><D2/><U46/><E129/><V16/><F105/><W72/><G45/><T126/><D126/><U55/><E62/><V96/><REACH who="2" step="1"/><F11/><REACH who="2" ten="290,330,140,230" step="2"/><W68/><G119/><T23/><D104/><U20/><E127/><V33/><F33/><W79/><G72/><T92/><D74/><U56/><E86/><V109/><F109/><W85/><G85/><T98/><D98/><U81/><E20/><V100/><F100/><W107/><G107/><T77/><D101/><U0/><E84/><V115/><F115/><W19/><G91/><T38/><D88/><U63/><E81/><V71/><F71/><W32/><G90/><T93/><D82/><U9/><E0/><V95/><F95/><W108/><G68/><T121/><D94/><U131/><E131/><V40/><F40/><W65/><G32/><T48/><D93/><U64/><E42/><V51/><F51/><AGARI ba="0,1" hai="1,5,9,46,51,52,54,55,56,59,61,63,64,66" machi="51" ten="40,2600,0" yaku="9,1,54,1" doraHai="69" who="1" fromWho="2" sc="290,0,330,36,140,-26,230,0" /><INIT seed="3,0,0,0,2,84" ten="290,366,114,230" oya="3" hai0="30,56,28,77,54,70,124,73,23,29,113,20,69" hai1="51,64,106,103,61,74,5,109,31,120,86,53,33" hai2="78,32,117,40,76,85,88,7,10,36,66,8,127" hai3="72,0,125,39,110,15,16,14,2,49,82,75,112"/><W132/><G112/><T128/><D113/><U99/><E120/><V123/><F117/><W6/><G39/><T71/><D128/><U42/><E74/><V122/><F32/><W41/><G132/><T67/><D67/><U80/><E42/><V97/><F127/><W105/><G105/><T45/><D45/><U116/><E116/><V18/><F66/><W63/><G63/><T59/><D73/><U107/><E109/><V65/><F65/><W93/><G93/><T131/><D131/><U96/><E5/><V87/><F97/><W114/><G114/><T133/><D77/><U95/><E96/><V119/><F119/><W60/><G60/><T21/><D133/><U9/><E9/><V11/><F7/><W130/><G130/><T19/><D124/><U13/><E13/><V79/><F18/><W34/><G34/><T126/><D126/><U50/><E33/><V134/><F134/><W135/><G135/><T47/><D19/><U91/><E31/><V83/><REACH who="2" step="1"/><F87/><REACH who="2" ten="290,366,104,230" step="2"/><W17/><G6/><T68/><D68/><U22/><E64/><V46/><AGARI ba="0,1" hai="8,10,11,36,40,46,76,78,79,83,85,88,122,123" machi="46" ten="40,8000,1" yaku="1,1,2,1,0,1,52,1,54,1,53,0" doraHai="84" doraHaiUra="44" who="2" fromWho="2" sc="290,-20,366,-20,104,90,230,-40" owari="270,7.0,346,44.6,194,-20.6,190,-31.0" /></mjloggm>