<mjloggm ver="2.3"><GO type="225" lobby="0"/><UN n0="%E3%81%A4%E3%81%A3%E3%81%B1%E3%82%8A%E3%83%9D%E3%83%BC%E3%83%AB" n1="%E3%81%AF%E3%82%88%E3%81%8A%E3%81%98%E3%81%95%E3%82%93" n2="%E5%BA%97%E9%95%B7%4D" n3="%79%75%72%69%6D%6F%67" dan="17,17,16,16" rate="2253.78,2141.90,2100.69,2186.59" sx="M,M,M,F"/><TAIKYOKU oya="0"/><INIT seed="0,0,0,4,2,71" ten="250,250,250,250" oya="0" hai0="5,15,21,90,74,72,50,121,127,117,93,16,30" hai1="94,124,76,120,134,31,119,128,131,114,36,18,85" hai2="129,135,89,104,0,105,40,122,95,58,115,100,123" hai3="9,52,59,10,43,47,86,61,112,35,42,22,39"/><T56/><D117/><U37/><E119/><V2/><F58/><W132/><G35/><T88/><D121/><U13/><E120/><V1/><F115/><W83/><G112/><T102/><D127/><U92/><E114/><V116/><F116/><W3/><G3/><T125/><D125/><U62/><E124/><V64/><F64/><W106/><G106/><T99/><D5/><U67/><E31/><V54/><F54/><W75/><G75/><T110/><D110/><U108/><E108/><V91/><F129/><N who="1" m="49737" /><E134/><V6/><F6/><W77/><G132/><T51/><D74/><U44/><E44/><V130/><F130/><W12/><REACH who="3" step="1"/><G43/><REACH who="3" ten="250,250,250,240" step="2"/><T109/><D72/><U69/><E76/><V11/><F105/><W34/><G34/><T23/><D109/><U19/><E19/><AGARI ba="0,1" hai="9,10,12,19,22,39,42,47,52,59,61,77,83,86" machi="19" ten="40,5200,0" yaku="1,1,52,1,54,1,53,0" doraHai="71" doraHaiUra="24" who="3" fromWho="1" sc="250,0,250,-52,250,0,240,62" /><INIT seed="1,0,0,1,0,75" ten="250,198,250,302" oya="1" hai0="20,95,122,5,109,52,127,33,111,102,64,82,12" hai1="76,123,44,30,78,4,2,83,116,74,131,135,129" hai2="7,113,110,31,16,71,100,1,26,107,132,19,90" hai3="67,17,28,120,13,27,117,124,66,10,101,38,54"/><U88/><E123/><V15/><F71/><W87/><G38/><T29/><D122/><U108/><E116/><V133/><F107/><W40/><G124/><T58/><D127/><U125/><E125/><V18/><F100/><W55/><G40/><T119/><D64/><N who="3" m="24617" /><G120/><T42/><D42/><U23/><E135/><N who="2" m="51787" /><F90/><W14/><G101/><T96/><D119/><U6/><E108/><N who="0" m="41545" /><D82/><U93/><E44/><V36/><F36/><W68/><G68/><T99/><D33/><U0/><E78/><V115/><F110/><W70/><G70/><T81/><D81/><U97/><E23/><N who="2" m="15839" /><F1/><N who="1" m="617" /><E30/><V128/><F128/><AGARI ba="0,0" hai="4,6,74,76,83,88,93,97,128,129,131" m="617" machi="128" ten="30,5800,0" yaku="19,1,52,1,54,1" doraHai="75" who="1" fromWho="2" sc="250,0,198,58,250,-58,302,0" /><INIT seed="1,1,0,3,5,100" ten="250,256,192,302" oya="1" hai0="114,64,99,86,48,14,128,3,78,53,41,51,106" hai1="59,37,36,65,79,19,22,111,67,9,61,1,74" hai2="6,57,10,123,121,84,73,34,124,110,135,32,52" hai3="66,45,28,35,20,102,76,83,117,25,68,7,23"/><U16/><E111/><V116/><F73/><W101/><G117/><T87/><D3/><U75/><E67/><V17/><F116/><W97/><G101/><T70/><D114/><U69/><E69/><V30/><F110/><W0/><G66/><T82/><D128/><U122/><E122/><V132/><F17/><W125/><G68/><T80/><D41/><U18/><E22/><V40/><F40/><W60/><G60/><T92/><D106/><U31/><E31/><V27/><F34/><W88/><G125/><T109/><D109/><U85/><E85/><V4/><F84/><W15/><G45/><T134/><D134/><N who="2" m="51242" /><F124/><W119/><G0/><T71/><D64/><U77/><E74/><V120/><F10/><W107/><G88/><T33/><D33/><U47/><E47/><V104/><F104/><W93/><G93/><T129/><D129/><U118/><E118/><V115/><F115/><W63/><G63/><AGARI ba="1,0" hai="4,6,27,30,32,52,57,63,120,121,123" m="51242" machi="63" ten="40,2600,0" yaku="20,1,54,1" doraHai="100" who="2" fromWho="3" sc="250,0,256,0,192,29,302,-29" /><INIT seed="2,0,0,0,1,133" ten="250,256,221,273" oya="2" hai0="39,127,117,91,125,62,65,94,7,23,67,52,121" hai1="51,48,2,96,106,42,53,105,134,46,74,90,3" hai2="22,36,27,93,132,76,111,43,75,59,98,101,109" hai3="6,28,61,114,135,49,112,88,129,29,73,15,70"/><V58/><F132/><W77/><G73/><T119/><D121/><U54/><E74/><V116/><F116/><N who="0" m="44618" /><D39/><U68/><E68/><V85/><F75/><W78/><G135/><T30/><D7/><U108/><E134/><V97/><F97/><W66/><G129/><T45/><D30/><N who="3" m="11881" /><G49/><N who="0" m="28719" /><D23/><U82/><E108/><N who="2" m="41547" /><F43/><W33/><G33/><T4/><D4/><U17/><E42/><V50/><F36/><W38/><G38/><T95/><D95/><U64/><E106/><V19/><F50/><W89/><G15/><T69/><D67/><U87/><E64/><V24/><F24/><W100/><G6/><T5/><D5/><U60/><E60/><V130/><F130/><W0/><G100/><T122/><D122/><U47/><E17/><V41/><F41/><W131/><G0/><T72/><D72/><U35/><E35/><V10/><F10/><W80/><G131/><T128/><D128/><U83/><E83/><AGARI ba="0,0" hai="19,22,27,58,59,76,83,85,93,98,101" m="41547" machi="83" ten="30,2900,0" yaku="14,1,10,1" doraHai="133" who="2" fromWho="1" sc="250,0,256,-29,221,29,273,0" /><INIT seed="2,1,0,2,0,124" ten="250,227,250,273" oya="2" hai0="31,86,63,101,110,90,60,75,88,8,55,0,19" hai1="24,109,69,46,17,111,68,135,49,131,134,5,120" hai2="47,43,130,103,76,106,121,20,72,115,1,87,15" hai3="123,65,12,39,114,18,13,118,107,64,117,56,98"/><V30/><F115/><W27/><G39/><T22/><D75/><U84/><E5/><V85/><F121/><W127/><G123/><T66/><D110/><N who="1" m="41995" /><E120/><V132/><F1/><W73/><G73/><T33/><D101/><U29/><E17/><V104/><F132/><N who="1" m="50729" /><E84/><V62/><F130/><W125/><G98/><T112/><D86/><U78/><E78/><V128/><F128/><W116/><G107/><T52/><D112/><U57/><E131/><V25/><F72/><W96/><G96/><T119/><D19/><U36/><E24/><V37/><F62/><N who="3" m="37959" /><G65/><T6/><D63/><U58/><E36/><V91/><F103/><W81/><G81/><T95/><D66/><U97/><E97/><V108/><F108/><W21/><G114/><T70/><D6/><U44/><E44/><V2/><F2/><W42/><G42/><T61/><D0/><U105/><E29/><V3/><F3/><W53/><G53/><T14/><D31/><U93/><E93/><V100/><F100/><W94/><G94/><T129/><D95/><U74/><E74/><V80/><F15/><W45/><G45/><T35/><D14/><U38/><E38/><V89/><F76/><W11/><G11/><T28/><D8/><U26/><E26/><V99/><F99/><W34/><G34/><T54/><D129/><U71/><E105/><V7/><F7/><W50/><G50/><T102/><D35/><U122/><E122/><V41/><F41/><AGARI ba="1,0" hai="41,46,49,57,58,68,69,71" m="50729,41995" machi="41" ten="40,8000,1" yaku="14,1,20,1,34,2" doraHai="124" who="1" fromWho="2" sc="250,0,227,83,250,-83,273,0" /><INIT seed="3,0,0,5,0,9" ten="250,310,167,273" oya="3" hai0="72,27,100,66,93,4,1,105,74,124,81,37,98" hai1="3,111,130,131,80,86,129,106,17,41,48,54,119" hai2="11,21,46,88,35,110,117,134,28,102,29,71,103" hai3="125,121,69,30,44,15,83,57,90,67,39,6,99"/><W31/><G125/><T101/><D37/><U62/><E111/><V82/><F71/><W108/><G69/><T115/><D66/><U123/><E123/><V55/><F117/><W5/><G121/><T128/><D27/><U70/><E119/><V135/><F35/><W18/><G39/><T77/><D4/><N who="3" m="1641" /><G44/><T51/><D51/><U112/><E112/><V95/><F110/><W10/><G108/><T91/><D1/><U89/><E106/><V26/><F29/><W59/><G99/><N who="0" m="61631" /><D124/><U22/><E3/><V96/><F11/><W53/><G67/><T60/><D60/><U113/><E113/><V33/><F33/><W58/><G53/><T97/><D115/><U114/><E114/><V85/><F135/><W19/><G19/><T65/><D65/><U118/><E118/><V116/><F116/><W73/><G73/><N who="0" m="43183" /><D128/><U120/><E120/><V7/><F7/><W92/><G83/><T122/><D122/><U13/><E70/><V61/><F61/><W133/><G133/><T63/><D63/><U20/><E62/><V52/><F134/><W32/><G32/><T109/><D109/><U50/><E41/><V56/><F56/><N who="3" m="14339" /><W49/><DORA hai="75" /><G49/><N who="1" m="19050" /><E54/><V8/><F8/><AGARI ba="0,0" hai="8,13,17,20,22,80,86,89,129,130,131" m="19050" machi="8" ten="30,2000,0" yaku="19,1,52,1" doraHai="9,75" who="1" fromWho="2" sc="250,0,310,20,167,-20,273,0" owari="250,-15.0,330,43.0,147,-35.3,273,7.3" /></mjloggm>