<mjloggm ver="2.3"><GO type="225" lobby="0"/><UN n0="%E6%A1%9C%E8%8A%B1%E9%96%83%E3%80%85" n1="%6D%75%75%6D%75%72%61" n2="%E2%91%A3%E9%81%BF%E9%81%8A%E6%88%AF%E3%80%90%E6%9D%B1%E5%8D%97%E3%80%91" n3="%E3%82%82%E3%81%90%E3%82%89" dan="18,16,16,17" rate="2244.60,2113.08,2111.33,2116.40" sx="M,F,M,M"/><TAIKYOKU oya="0"/><INIT seed="0,0,0,0,1,44" ten="250,250,250,250" oya="0" hai0="55,40,129,110,18,1,26,99,62,127,86,98,57" hai1="114,46,42,111,94,78,80,104,116,58,65,113,74" hai2="68,85,121,117,49,10,93,50,102,103,35,105,134" hai3="15,47,14,89,132,21,11,120,54,133,92,81,22"/><T48/><D127/><U83/><E104/><V52/><F121/><W73/><G120/><T76/><D129/><U70/><E116/><V128/><F105/><W108/><G108/><T38/><D1/><U124/><E111/><V90/><F68/><W28/><G73/><T43/><D38/><U87/><E124/><V71/><F71/><W27/><G22/><N who="0" m="13655" /><D110/><U4/><E70/><V131/><F35/><W69/><G69/><T13/><D13/><U7/><E94/><V16/><F117/><W118/><G118/><T115/><D115/><N who="1" m="44043" /><E58/><V106/><F106/><W0/><G0/><T61/><D86/><U100/><E100/><V53/><F134/><N who="3" m="51819" /><G81/><T30/><D30/><U20/><E65/><V67/><F67/><W12/><G11/><T41/><D76/><N who="1" m="46471" /><E20/><V37/><F37/><AGARI ba="0,0" hai="4,7,37,42,46,74,78,83" m="46471,44043" machi="37" ten="30,1000,0" yaku="11,1" doraHai="44" who="1" fromWho="2" sc="250,0,250,10,250,-10,250,0" /><INIT seed="1,0,0,4,4,49" ten="250,260,240,250" oya="1" hai0="54,108,115,46,73,5,101,90,64,71,76,83,67" hai1="24,69,122,110,32,7,99,51,8,3,63,45,109" hai2="48,55,131,12,42,30,111,102,121,129,38,37,33" hai3="127,10,80,72,21,116,94,77,57,100,79,62,15"/><U20/><E122/><V1/><F121/><W119/><G127/><T86/><D115/><U53/><E32/><V75/><F1/><W35/><G35/><T82/><D108/><N who="1" m="41579" /><E99/><V27/><F111/><W126/><G126/><T114/><D114/><U65/><E20/><V23/><F75/><W0/><G79/><T84/><D101/><U91/><E91/><V78/><F78/><W118/><G0/><T34/><D34/><U14/><E24/><V28/><F102/><W70/><G21/><T66/><D5/><U74/><E74/><V2/><F2/><AGARI ba="0,0" hai="2,3,7,8,14,45,51,53,63,65,69" m="41579" machi="2" ten="30,5800,0" yaku="14,1,10,1,52,1" doraHai="49" who="1" fromWho="2" sc="250,0,260,58,240,-58,250,0" /><INIT seed="1,1,0,1,5,61" ten="250,318,182,250" oya="1" hai0="14,85,93,37,129,52,58,92,73,131,104,13,19" hai1="97,135,113,114,105,68,99,119,5,69,64,0,67" hai2="30,26,43,96,130,74,2,39,110,29,62,53,134" hai3="11,76,16,4,118,124,28,86,6,50,95,65,21"/><U41/><E119/><V90/><F74/><W8/><G118/><T117/><D117/><U32/><E32/><V103/><F2/><W34/><G124/><T63/><D73/><U18/><E41/><V98/><F30/><W83/><G34/><T12/><D104/><U115/><E135/><V91/><F134/><W17/><G28/><T38/><D19/><N who="3" m="7241" /><G21/><T84/><D84/><U125/><E125/><V78/><F78/><W40/><G95/><N who="0" m="36427" /><D85/><U75/><E75/><V77/><F77/><W51/><G65/><N who="1" m="25162" /><E18/><V127/><F127/><W72/><G72/><T25/><D25/><U33/><E105/><V56/><F43/><W15/><G40/><T27/><D27/><U22/><E22/><V116/><F39/><W42/><G42/><T109/><D109/><U57/><E33/><V55/><F110/><W81/><G81/><T126/><D126/><U44/><E0/><V102/><F116/><W70/><G70/><N who="1" m="27242" /><E5/><V24/><F29/><W82/><G82/><T106/><D106/><U133/><E133/><V35/><F35/><W88/><G76/><T7/><D7/><U107/><E107/><V31/><F31/><W132/><G132/><T121/><D121/><U128/><E128/><AGARI ba="1,0" hai="12,13,14,37,38,52,58,63,128,129,131" m="36427" machi="128" ten="30,2000,0" yaku="19,1,54,1" doraHai="61" who="0" fromWho="1" sc="250,23,318,-23,182,0,250,0" /><INIT seed="2,0,0,4,3,32" ten="273,295,182,250" oya="2" hai0="62,94,118,132,17,111,29,38,31,80,24,0,61" hai1="131,106,11,37,53,121,128,9,96,21,46,92,45" hai2="22,116,26,18,6,119,79,4,81,12,25,86,41" hai3="13,120,105,34,14,91,82,107,74,117,71,134,44"/><V73/><F73/><W93/><G120/><T75/><D38/><U3/><E106/><V5/><REACH who="2" step="1"/><F41/><REACH who="2" ten="273,295,172,250" step="2"/><W40/><G117/><AGARI ba="0,1" hai="4,5,6,12,18,22,25,26,79,81,86,116,117,119" machi="117" ten="40,12000,1" yaku="1,1,2,1,53,3" doraHai="32" doraHaiUra="112" who="2" fromWho="3" sc="273,0,295,0,172,130,250,-120" /><INIT seed="2,1,0,4,4,32" ten="273,295,302,130" oya="2" hai0="28,71,83,79,31,53,25,24,7,2,80,118,44" hai1="35,93,66,97,29,43,64,16,27,10,76,54,121" hai2="111,36,12,45,115,122,63,134,106,120,77,57,102" hai3="89,9,47,85,39,129,84,61,74,50,26,135,11"/><V82/><F115/><W46/><G74/><T123/><D123/><U99/><E121/><V60/><F60/><W58/><G129/><T87/><D71/><U19/><E76/><V91/><F91/><W100/><G135/><T17/><D118/><U51/><E43/><V113/><F113/><W75/><G75/><T90/><D17/><U95/><E64/><V116/><F116/><W92/><G39/><T34/><D53/><U70/><E66/><V112/><F134/><W40/><G100/><T49/><D49/><U117/><E70/><V130/><F112/><W124/><G124/><T114/><D44/><U67/><E67/><V41/><F130/><W65/><G47/><T14/><D14/><U98/><E117/><V21/><F102/><W78/><REACH who="3" step="1"/><G26/><REACH who="3" ten="273,295,302,120" step="2"/><T88/><D114/><U8/><E27/><V6/><F36/><W20/><G20/><T33/><D83/><AGARI ba="1,1" hai="9,11,40,46,50,58,61,65,78,83,84,85,89,92" machi="83" ten="40,2600,0" yaku="1,1,8,1,53,0" doraHai="32" doraHaiUra="105" who="3" fromWho="0" sc="273,-29,295,0,302,0,120,39" /><INIT seed="3,0,0,0,2,28" ten="244,295,302,159" oya="3" hai0="48,19,99,83,113,16,124,55,119,54,6,130,100" hai1="103,90,76,105,26,23,80,126,67,30,1,40,134" hai2="8,58,116,47,92,32,135,14,4,29,89,12,50" hai3="15,95,81,75,117,11,44,120,108,128,85,93,69"/><W24/><G120/><T131/><D119/><U41/><E1/><V77/><F116/><W39/><G117/><T49/><D6/><U121/><E121/><V73/><F135/><W118/><G118/><T62/><D124/><U107/><E126/><V5/><F58/><W87/><G69/><T45/><D62/><U27/><E67/><V88/><F73/><W71/><G71/><T70/><D83/><U84/><E134/><V13/><F77/><W101/><G128/><N who="0" m="49195" /><D113/><U66/><E66/><V38/><F38/><W25/><G75/><T20/><D20/><U17/><E76/><V35/><F29/><W61/><G61/><T91/><D91/><U78/><E78/><V10/><F14/><W110/><G25/><T0/><D0/><U114/><E114/><V123/><F123/><W22/><G81/><T94/><D70/><U64/><E64/><V34/><F92/><W82/><G82/><T115/><D115/><U21/><E103/><V31/><F31/><W98/><G95/><T74/><D74/><U18/><E30/><V111/><F111/><N who="3" m="42539" /><G22/><T36/><D36/><U72/><E72/><V51/><F51/><W65/><G24/><T133/><D133/><U60/><E60/><V59/><F59/><AGARI ba="0,0" hai="16,19,45,48,49,54,55,59,94,99,100" m="49195" machi="59" ten="30,2000,0" yaku="19,1,54,1" doraHai="28" who="0" fromWho="2" sc="244,20,295,0,302,-20,159,0" /><INIT seed="4,0,0,4,5,70" ten="264,295,282,159" oya="0" hai0="97,57,33,58,126,20,44,55,80,19,45,36,59" hai1="65,54,109,73,90,92,131,16,62,7,78,34,18" hai2="64,104,127,22,63,3,108,77,120,119,50,12,116" hai3="49,71,112,128,32,35,96,129,23,125,100,38,98"/><T25/><D126/><U6/><E34/><N who="3" m="12842" /><G71/><T95/><D33/><U94/><E109/><V132/><F3/><W135/><G112/><T91/><D36/><U13/><E73/><V15/><F104/><W21/><G125/><T130/><D130/><N who="3" m="50281" /><G135/><T134/><D134/><U43/><E131/><V17/><F132/><W105/><G49/><T122/><D122/><U56/><E78/><V110/><F127/><W85/><G85/><T29/><D29/><U107/><E43/><V79/><F120/><W37/><G98/><T46/><REACH who="0" step="1"/><D80/><REACH who="0" ten="254,295,282,159" step="2"/><U117/><E117/><V86/><F116/><W83/><G83/><T75/><D75/><U60/><E107/><V114/><F119/><W67/><G67/><T111/><D111/><U24/><E65/><V103/><F110/><W121/><G121/><T47/><D47/><U87/><E94/><V74/><F108/><W115/><G115/><T27/><D27/><U133/><E24/><V31/><F114/><W4/><G4/><T41/><D41/><U53/><E133/><V84/><F74/><W10/><G10/><T9/><D9/><N who="1" m="4279" /><E7/><V39/><F39/><AGARI ba="0,1" hai="21,23,37,38,39,96,100,105" m="50281,12842" machi="39" ten="40,8000,1" yaku="19,1,52,3" doraHai="70" who="3" fromWho="2" sc="254,0,295,0,282,-80,159,90" /><INIT seed="5,0,0,3,2,34" ten="254,295,202,249" oya="1" hai0="97,46,100,91,12,61,33,45,77,14,1,128,70" hai1="16,132,103,63,125,13,55,7,84,88,106,108,47" hai2="131,56,81,118,93,82,54,135,134,31,124,28,105" hai3="126,87,23,83,71,27,120,37,122,92,121,73,6"/><U60/><E125/><V11/><F105/><W2/><G126/><T15/><D128/><U48/><E132/><N who="2" m="50731" /><F124/><W113/><G71/><T85/><D77/><U107/><E107/><V76/><F131/><W115/><G37/><T22/><D33/><U24/><E106/><V89/><F118/><W5/><G92/><N who="0" m="58407" /><D1/><U78/><E108/><V57/><F11/><W4/><G73/><T74/><D74/><U65/><E103/><V26/><F57/><W110/><G87/><T75/><D75/><U90/><E7/><V20/><F76/><W50/><G83/><N who="0" m="49599" /><D70/><U9/><E24/><V59/><F31/><N who="3" m="17919" /><G50/><T114/><D114/><N who="3" m="43529" /><G110/><T95/><D61/><N who="1" m="23627" /><E65/><V53/><F59/><W18/><G18/><N who="0" m="10567" /><D95/><U17/><E17/><V41/><F41/><W72/><G72/><T10/><D14/><U49/><E49/><N who="2" m="30767" /><F54/><W32/><G32/><T67/><D67/><U62/><E62/><V8/><F8/><AGARI ba="0,0" hai="2,4,5,6,8,120,121,122" m="43529,17919" machi="8" ten="40,8000,1" yaku="15,1,34,2,52,1" doraHai="34" who="3" fromWho="2" sc="254,0,295,0,202,-80,249,80" owari="254,-14.6,295,9.5,122,-37.8,329,42.9" /></mjloggm>