<mjloggm ver="2.3"><GO type="225" lobby="0"/><UN n0="%E5%8F%AF%E5%85%90%E9%82%A3%E7%94%B1%E5%A4%9A" n1="%72%69%6F%75%63%68%61%6E" n2="%6D%75%75%6D%75%72%61" n3="%47%48%4F%53%54" dan="17,16,16,17" rate="2175.46,2123.62,2080.95,2277.07" sx="F,M,F,M"/><TAIKYOKU oya="0"/><INIT seed="0,0,0,0,0,119" ten="250,250,250,250" oya="0" hai0="117,31,44,28,109,102,61,55,74,3,56,84,126" hai1="60,98,104,70,33,130,48,93,110,39,118,24,112" hai2="42,87,108,68,58,41,101,92,11,9,32,83,13" hai3="8,7,27,6,95,75,77,53,37,1,50,125,14"/><T25/><D117/><U131/><E118/><V123/><F68/><W73/><G37/><T67/><D74/><U5/><E110/><V88/><F32/><W97/><G125/><T78/><D3/><U40/><E112/><V17/><F108/><W79/><G27/><T115/><D109/><U12/><E48/><V23/><F123/><W135/><G135/><T81/><D115/><U113/><E113/><V127/><F127/><W106/><G106/><T64/><D126/><U57/><E70/><V52/><F101/><W38/><G38/><T100/><D31/><U69/><E69/><V47/><F83/><W105/><G105/><T19/><D19/><U46/><E104/><V107/><F107/><W15/><G75/><T134/><D134/><U121/><E121/><V116/><F116/><W66/><G66/><N who="0" m="25131" /><D44/><U43/><E33/><V51/><REACH who="2" step="1"/><F41/><REACH who="2" ten="250,250,240,250" step="2"/><W2/><G73/><T132/><D132/><U30/><E40/><V35/><F35/><W85/><G77/><T103/><D100/><U90/><E131/><V20/><F20/><AGARI ba="0,1" hai="20,25,28,55,56,61,78,81,84,102,103" m="25131" machi="20" ten="30,1500,0" yaku="8,1" doraHai="119" who="0" fromWho="2" sc="250,25,250,0,240,-15,250,0" /><INIT seed="0,1,0,4,3,35" ten="275,250,225,250" oya="0" hai0="109,130,132,40,52,51,131,68,9,97,118,88,122" hai1="120,90,19,102,44,113,91,111,45,50,115,134,64" hai2="14,53,98,29,95,63,106,20,34,18,123,74,46" hai3="5,79,116,22,11,94,92,25,32,128,117,129,81"/><T60/><D118/><N who="3" m="45673" /><G32/><T104/><D122/><U48/><E120/><V82/><F123/><W125/><G125/><T108/><D132/><U24/><E111/><N who="0" m="42569" /><D40/><U12/><E134/><V26/><F106/><W133/><G133/><T47/><D9/><U73/><E73/><V84/><F74/><N who="3" m="43255" /><G22/><T135/><D135/><U4/><E102/><V101/><F46/><W119/><G25/><T21/><D21/><U27/><E64/><V2/><F53/><W57/><G57/><T70/><D104/><U55/><E4/><V105/><F63/><W62/><G62/><T54/><D54/><N who="1" m="29959" /><E115/><V121/><F121/><W31/><G31/><T41/><D41/><U72/><E72/><V56/><F56/><W69/><G69/><N who="0" m="26731" /><D60/><U99/><E113/><V93/><REACH who="2" step="1"/><F2/><REACH who="2" ten="275,250,215,250" step="2"/><N who="3" m="439" /><G119/><T114/><D114/><U17/><E45/><V38/><F38/><W37/><G37/><T30/><D30/><U76/><E55/><V49/><F49/><W87/><G87/><T58/><D58/><U83/><E50/><V3/><F3/><W78/><G129/><T86/><D97/><U42/><E99/><V0/><F0/><W107/><G128/><T36/><D36/><U124/><E42/><V6/><F6/><W8/><G107/><T67/><D67/><U80/><E19/><V126/><F126/><W28/><G28/><T59/><D59/><U23/><E124/><V103/><F103/><W71/><G71/><T66/><D66/><U10/><E17/><V39/><F39/><W61/><G61/><T15/><D131/><U65/><E65/><V7/><F7/><W112/><G112/><RYUUKYOKU ba="1,1" sc="275,-10,250,-10,215,30,250,-10" hai2="14,18,20,26,29,34,82,84,93,95,98,101,105" /><INIT seed="1,2,1,2,5,44" ten="265,240,245,240" oya="1" hai0="21,24,37,28,38,36,15,95,74,46,68,119,39" hai1="56,86,96,29,116,114,7,73,125,124,9,51,133" hai2="91,48,99,41,94,105,134,84,22,63,82,45,33" hai3="34,100,70,14,69,71,66,43,127,129,77,52,35"/><U97/><E114/><V111/><F111/><W60/><G129/><T62/><D119/><U83/><E116/><V0/><F134/><W72/><G127/><N who="1" m="48714" /><E73/><V117/><F117/><W75/><G43/><T87/><D74/><U58/><E133/><V101/><F33/><W81/><G75/><T64/><N who="0" m="9216" /><DORA hai="98" /><T90/><D46/><U76/><E29/><V102/><F0/><W23/><G100/><T121/><REACH who="0" step="1"/><D15/><REACH who="0" ten="255,240,245,240" step="2"/><N who="1" m="5567" /><E58/><V118/><F118/><W3/><G70/><T13/><D13/><U106/><E106/><V67/><F105/><W109/><G71/><T53/><D53/><AGARI ba="2,2" hai="51,53,56,76,83,86,96,97" m="5567,48714" machi="53" ten="30,2900,0" yaku="18,1,52,1" doraHai="44,98" who="1" fromWho="0" sc="255,-35,240,55,245,0,240,0" /><INIT seed="1,3,0,2,3,14" ten="220,295,245,240" oya="1" hai0="49,4,135,42,76,103,25,130,18,23,87,65,31" hai1="124,128,66,84,121,89,102,63,70,43,113,3,95" hai2="53,30,131,2,112,67,41,16,122,57,40,109,60" hai3="51,0,9,117,62,61,45,6,21,88,37,22,104"/><U123/><E113/><V12/><F122/><W90/><G104/><T10/><D130/><U15/><E3/><V74/><F131/><W11/><G37/><T97/><D135/><U126/><E128/><V33/><F2/><W52/><G117/><T34/><D65/><U110/><E110/><V94/><F109/><W13/><G22/><T17/><D34/><U115/><E115/><V19/><F74/><W28/><G21/><T35/><D35/><U83/><E43/><V93/><F112/><W106/><G106/><T47/><D87/><U46/><E46/><V96/><F67/><W98/><G28/><T59/><D76/><U101/><E15/><V85/><F30/><W132/><G132/><T91/><D91/><U50/><E50/><V100/><F33/><W72/><G72/><T69/><D69/><U27/><E27/><V133/><F133/><W81/><G90/><T105/><D59/><U108/><E108/><V64/><F93/><W129/><G129/><T127/><D127/><N who="1" m="48683" /><E95/><V68/><F85/><N who="3" m="50223" /><G98/><T120/><D120/><AGARI ba="3,0" hai="63,66,70,83,84,89,101,102,120,121,123" m="48683" machi="120" ten="30,1500,0" yaku="18,1" doraHai="14" who="1" fromWho="0" sc="220,-24,295,24,245,0,240,0" /><INIT seed="1,4,0,4,1,117" ten="196,319,245,240" oya="1" hai0="3,28,50,62,1,56,19,130,9,86,38,91,107" hai1="123,102,40,99,84,122,4,13,105,43,134,85,73" hai2="12,33,113,37,6,26,59,15,52,23,94,66,92" hai3="36,51,55,88,100,24,20,89,64,76,121,127,103"/><U65/><E73/><V14/><F33/><W116/><G116/><T74/><D38/><U2/><E2/><V115/><F37/><W83/><G36/><T32/><D74/><U61/><E134/><V108/><F66/><W119/><G127/><T7/><D107/><U46/><E84/><V67/><F67/><W44/><G64/><T53/><D130/><U21/><E85/><V114/><F6/><W34/><G34/><T120/><D120/><U80/><E80/><V128/><F108/><W63/><G121/><T93/><D19/><U124/><E124/><V96/><F128/><W58/><G76/><T81/><D1/><U41/><E46/><V133/><F133/><W111/><G111/><T87/><D28/><U48/><E48/><N who="2" m="31111" /><F96/><W132/><G119/><T118/><D32/><U101/><E101/><N who="3" m="38986" /><G83/><T72/><D118/><U126/><E126/><V129/><F129/><W42/><G132/><T18/><D72/><U109/><E109/><V68/><F68/><W98/><G98/><T79/><REACH who="0" step="1"/><D50/><REACH who="0" ten="186,319,245,240" step="2"/><U82/><E123/><V0/><F0/><W71/><G71/><T25/><D25/><U75/><E122/><V131/><F131/><W78/><G78/><T90/><D90/><U97/><E105/><V112/><F112/><W11/><G11/><T125/><D125/><U69/><E102/><V106/><F106/><W30/><AGARI ba="4,1" hai="20,24,30,42,44,51,55,58,63,88,89" m="38986" machi="30" ten="30,2000,0" yaku="8,1,54,1" doraHai="117" who="3" fromWho="3" sc="186,-9,319,-14,245,-9,240,42" /><INIT seed="2,0,0,4,1,40" ten="177,305,236,282" oya="2" hai0="79,65,72,106,101,34,45,102,46,48,1,107,66" hai1="8,100,131,0,31,55,105,115,94,19,120,24,126" hai2="128,28,99,22,82,60,49,90,103,13,71,127,39" hai3="59,17,74,57,87,68,75,42,18,44,3,52,85"/><V93/><F39/><W53/><G68/><T133/><D1/><U76/><E115/><V33/><F127/><W43/><REACH who="3" step="1"/><G3/><REACH who="3" ten="177,305,236,272" step="2"/><T92/><D133/><U123/><E0/><V96/><F71/><W54/><G54/><T36/><D66/><U32/><E55/><V83/><F128/><W27/><G27/><T114/><D65/><U91/><E24/><V112/><F112/><W129/><G129/><T108/><D114/><U61/><E131/><V132/><F132/><W95/><G95/><T124/><D92/><U117/><E94/><V80/><F93/><W58/><G58/><T2/><D2/><U113/><E113/><V38/><F103/><W84/><G84/><T9/><D101/><U23/><E100/><V37/><F96/><W81/><G81/><T130/><D102/><U25/><E25/><V116/><F83/><W119/><G119/><T89/><D130/><U67/><E67/><V63/><F99/><W11/><G11/><T70/><D9/><U4/><E8/><V104/><F116/><W29/><G29/><T20/><D70/><U56/><E31/><V97/><F82/><W41/><G41/><T62/><D124/><U50/><E126/><V7/><F97/><W111/><G111/><T118/><D108/><U6/><E117/><V77/><F28/><W135/><G135/><T5/><D118/><U10/><E10/><V14/><F80/><W121/><G121/><T15/><D107/><U64/><E123/><V30/><F104/><W35/><G35/><T47/><D106/><U21/><E120/><V51/><F33/><W110/><G110/><RYUUKYOKU ba="0,1" sc="177,-10,305,-10,236,-10,272,30" hai3="17,18,42,43,44,52,53,57,59,74,75,85,87" /><INIT seed="3,1,1,3,1,34" ten="167,295,226,302" oya="3" hai0="98,29,95,16,110,82,70,62,80,60,6,85,26" hai1="20,132,32,10,135,8,57,125,9,14,124,84,25" hai2="90,31,44,68,118,87,23,72,64,3,54,131,77" hai3="35,99,63,41,123,0,121,94,102,104,75,7,120"/><W71/><G94/><T5/><D110/><U22/><E57/><V130/><F118/><W18/><G18/><T96/><D29/><N who="1" m="19503" /><E84/><V74/><F3/><W114/><G114/><T86/><D70/><U49/><E49/><V69/><F77/><W24/><G41/><T51/><D51/><U81/><E81/><V107/><F54/><W53/><G53/><T30/><D30/><U40/><E40/><V36/><F107/><W122/><G122/><T106/><D106/><U50/><E50/><V13/><F31/><N who="3" m="19943" /><G75/><T103/><D26/><U42/><E42/><V79/><F79/><W126/><G126/><N who="1" m="48746" /><E20/><V27/><F23/><W39/><G39/><T108/><D108/><U134/><E22/><V66/><F36/><W105/><G105/><T45/><D95/><U117/><E117/><V55/><F68/><W33/><G33/><T88/><D103/><U115/><E115/><V59/><F44/><W83/><G83/><T91/><D16/><AGARI ba="1,1" hai="8,9,10,14,16,132,134,135" m="48746,19503" machi="16" ten="40,8000,1" yaku="20,1,18,1,34,2,54,1" doraHai="34" who="1" fromWho="0" sc="167,-83,295,93,226,0,302,0" owari="84,-41.6,388,48.8,226,-17.4,302,10.2" /></mjloggm>