<mjloggm ver="2.3"><GO type="225" lobby="0"/><UN n0="%4B%2E%32%2E%4B%2E" n1="%E5%A4%8F%E9%88%B4%E9%88%B4%E5%A4%8F" n2="%E4%B8%AD%E5%B9%B4%E3%81%AE%E5%8D%B1%E6%A9%9F" n3="%E7%AD%89%E3%80%85%E5%8A%9B%E5%8A%87%E5%A0%B4" dan="16,16,17,16" rate="2048.45,2110.76,2237.06,2155.84" sx="M,M,M,M"/><TAIKYOKU oya="0"/><INIT seed="0,0,0,0,2,49" ten="250,250,250,250" oya="0" hai0="64,59,39,55,102,125,84,92,99,134,26,25,58" hai1="31,83,5,28,9,71,67,106,119,10,61,121,74" hai2="17,85,3,11,7,40,37,62,126,112,6,19,21" hai3="52,44,110,114,72,115,51,20,41,80,0,76,108"/><T91/><D39/><U95/><E119/><V116/><F37/><W132/><G0/><T124/><D134/><U89/><E106/><V79/><F40/><W118/><G118/><T30/><D59/><U120/><E10/><V60/><F116/><W109/><G132/><T15/><D15/><U82/><E28/><V46/><F112/><N who="3" m="43051" /><G20/><T36/><D64/><U111/><E31/><V133/><F133/><W117/><G117/><T18/><D18/><U107/><E107/><V97/><F126/><N who="0" m="48746" /><D36/><U135/><E111/><V33/><F33/><W128/><G128/><T47/><D47/><U77/><E83/><N who="2" m="47359" /><F3/><W122/><G122/><T88/><D30/><U42/><E42/><AGARI ba="0,0" hai="41,42,44,51,52,72,76,80,108,109,110" m="43051" machi="42" ten="40,5200,0" yaku="14,1,52,1,54,1" doraHai="49" who="3" fromWho="1" sc="250,0,250,-52,250,0,250,52" /><INIT seed="1,0,0,3,2,135" ten="250,198,250,302" oya="1" hai0="64,76,105,110,72,83,13,37,131,44,16,54,134" hai1="106,82,113,49,95,5,2,91,41,111,75,8,98" hai2="4,59,67,0,100,9,24,28,61,89,11,92,47" hai3="128,12,63,33,125,53,17,50,3,123,132,115,26"/><U52/><E113/><V74/><F74/><W23/><G123/><T99/><D134/><U101/><E111/><V122/><F122/><W130/><G132/><T6/><D110/><U38/><E38/><V104/><F11/><W57/><G115/><T48/><D131/><N who="3" m="50217" /><G3/><T109/><D109/><U107/><E41/><V129/><F129/><W85/><G85/><T116/><D116/><U73/><E82/><V15/><F47/><W1/><G1/><T58/><D6/><U20/><E20/><V80/><F104/><W31/><G50/><T27/><D27/><U34/><E34/><V45/><F45/><W102/><G102/><T86/><D72/><U77/><E77/><V14/><F80/><W22/><G33/><T81/><D81/><U93/><E107/><V88/><F100/><W70/><G70/><T46/><D37/><U32/><E32/><V21/><REACH who="2" step="1"/><F89/><REACH who="2" ten="250,198,240,302" step="2"/><W121/><G121/><T126/><D105/><U7/><E7/><V114/><F114/><W71/><G71/><T56/><D44/><U65/><E106/><V108/><F108/><W18/><G17/><T35/><D46/><N who="1" m="27703" /><E75/><V118/><F118/><W68/><G68/><T42/><D83/><U60/><E73/><V25/><F25/><W120/><G120/><T39/><D76/><U79/><E79/><V94/><F94/><W36/><G36/><T103/><D39/><U90/><E95/><V30/><F30/><W97/><G31/><T78/><D78/><U87/><E91/><V84/><AGARI ba="0,1" hai="0,4,9,14,15,21,24,28,59,61,67,84,88,92" machi="84" ten="20,5200,0" yaku="1,1,0,1,7,1,54,1,53,0" doraHai="135" doraHaiUra="127" who="2" fromWho="2" sc="250,-13,198,-26,240,62,302,-13" /><INIT seed="2,0,0,2,4,16" ten="237,172,302,289" oya="2" hai0="44,135,37,92,74,21,89,109,80,13,91,98,38" hai1="84,103,102,35,18,11,55,36,110,72,19,26,59" hai2="48,101,100,73,85,94,24,66,62,54,15,88,29" hai3="33,120,96,123,70,121,51,67,124,41,17,130,78"/><V126/><F126/><W129/><G33/><T63/><D109/><U71/><E72/><V87/><F73/><W127/><G78/><T46/><D135/><U108/><E71/><V34/><F15/><W106/><G106/><T86/><D74/><U30/><E36/><V105/><F87/><W133/><G96/><T107/><D107/><U50/><E84/><V32/><F32/><W64/><G17/><N who="0" m="10415" /><D37/><U3/><E19/><V114/><F114/><W20/><G20/><T10/><D38/><U93/><E18/><V119/><F119/><W9/><G9/><T111/><D111/><U27/><E27/><V82/><F82/><W5/><G5/><T40/><D40/><U28/><E28/><V83/><F83/><W22/><G22/><T81/><D10/><U47/><E103/><V118/><F118/><W2/><G2/><T65/><D80/><U42/><E93/><V7/><F7/><W115/><G133/><T49/><D49/><U112/><E112/><V132/><F132/><W75/><G75/><T6/><D6/><N who="1" m="1503" /><E102/><V60/><F66/><N who="3" m="25131" /><G70/><T79/><D89/><U4/><E4/><V52/><F101/><W122/><G115/><T23/><D23/><U12/><E12/><V90/><F90/><W69/><G69/><T97/><D97/><U56/><E110/><V95/><F105/><W117/><G117/><T68/><D98/><U1/><E108/><V31/><F31/><W43/><N who="3" m="30720" /><DORA hai="134" /><W57/><G127/><T99/><D99/><U61/><E1/><V14/><F100/><W76/><G76/><T8/><D8/><U131/><E59/><RYUUKYOKU ba="0,0" sc="237,15,172,15,302,-15,289,-15" hai0="44,46,63,65,68,79,81,86,91,92" hai1="26,30,35,42,47,50,55,56,61,131" /><INIT seed="3,1,0,2,1,3" ten="252,187,287,274" oya="3" hai0="102,118,47,82,48,65,15,68,81,69,12,86,117" hai1="103,97,49,73,113,105,90,134,127,129,9,128,10" hai2="74,53,77,46,5,75,108,101,123,107,91,56,22" hai3="95,83,72,63,20,106,88,59,85,45,0,11,132"/><W84/><G106/><T100/><D65/><U25/><E113/><V28/><F108/><W87/><G132/><T78/><D47/><U124/><E49/><V104/><F123/><W131/><G131/><N who="1" m="50250" /><E25/><N who="2" m="16439" /><F75/><W21/><G72/><T8/><D48/><U27/><E27/><V18/><F74/><W57/><G45/><T29/><D29/><U1/><E73/><V70/><F70/><W115/><G115/><T133/><D133/><U58/><E58/><V4/><F104/><W79/><G85/><T109/><D109/><U2/><E134/><V98/><F107/><W89/><G79/><T33/><D33/><U19/><E90/><V26/><F101/><W34/><G34/><T39/><D39/><U111/><E111/><V119/><F77/><W62/><G0/><N who="1" m="106" /><E19/><V36/><F119/><W52/><G11/><AGARI ba="1,0" hai="9,10,11,97,103,105,124,127" m="106,50250" machi="11" ten="40,1300,0" yaku="19,1" doraHai="3" who="1" fromWho="3" sc="252,0,187,16,287,0,274,-16" /><INIT seed="4,0,0,4,0,124" ten="252,203,287,258" oya="0" hai0="94,61,107,64,13,73,69,130,33,106,20,25,46" hai1="47,54,17,62,131,135,127,34,0,84,60,88,102" hai2="122,40,50,21,28,121,2,133,97,48,83,120,30" hai3="55,98,10,92,32,115,14,75,15,38,26,86,114"/><T82/><D33/><U66/><E127/><V123/><F2/><W27/><G75/><T19/><D130/><U71/><E135/><V117/><F133/><W51/><G38/><T37/><D94/><U31/><E0/><V16/><F117/><W78/><G15/><T91/><D25/><U4/><E4/><V87/><F120/><W22/><G32/><T77/><REACH who="0" step="1"/><D91/><REACH who="0" ten="242,203,287,258" step="2"/><U29/><E131/><V43/><F122/><W113/><G27/><T134/><D134/><U72/><E34/><V81/><F121/><W104/><G92/><T116/><D116/><U129/><E129/><V99/><F123/><W74/><G26/><T100/><D100/><U36/><E102/><V45/><F28/><W112/><G112/><T80/><D80/><U93/><E72/><V67/><F30/><W101/><G74/><T5/><D5/><U108/><E108/><V44/><F81/><W35/><G35/><T96/><D96/><U85/><E85/><V9/><F83/><W109/><G86/><T70/><D70/><U3/><E17/><V132/><F87/><W41/><G109/><T12/><D12/><U49/><E3/><V58/><F132/><W103/><G103/><T52/><D52/><U118/><E118/><V125/><F125/><W68/><G55/><T119/><D119/><U8/><E29/><V42/><F99/><W111/><G98/><T65/><D65/><N who="1" m="41383" /><E31/><V6/><F97/><W18/><G101/><T105/><D105/><U57/><E36/><V79/><F6/><W95/><G104/><T126/><D126/><U63/><E62/><V128/><F128/><RYUUKYOKU ba="0,1" sc="242,15,203,15,287,-15,258,-15" hai0="13,19,20,37,46,61,64,69,73,77,82,106,107" hai1="8,47,49,54,57,63,66,84,88,93" /><INIT seed="4,1,1,3,2,122" ten="257,218,272,243" oya="0" hai0="60,123,95,89,91,71,3,26,25,132,70,34,45" hai1="93,83,5,2,54,69,1,101,9,35,76,112,40" hai2="133,48,72,22,13,33,32,100,127,50,86,85,82" hai3="63,49,19,99,90,135,107,51,124,75,94,65,46"/><T24/><D123/><U47/><E69/><V97/><F72/><W42/><G75/><T6/><D34/><U98/><E35/><V104/><F127/><W66/><G135/><T17/><D132/><U39/><E112/><V15/><F133/><W53/><G124/><T37/><D17/><U77/><E1/><V18/><F85/><W113/><G113/><T30/><D30/><U11/><E9/><V64/><F64/><W29/><G107/><T57/><D6/><U116/><E116/><V16/><F32/><W87/><G29/><T36/><D3/><U55/><REACH who="1" step="1"/><E76/><REACH who="1" ten="257,208,272,243" step="2"/><V12/><F33/><W129/><G129/><T128/><D128/><U110/><E110/><V62/><F22/><W61/><G19/><T134/><D134/><U58/><E58/><V80/><F18/><W74/><G74/><AGARI ba="1,2" hai="2,5,11,39,40,47,54,55,74,77,83,93,98,101" machi="74" ten="30,7700,0" yaku="1,1,7,1,25,2,53,0" doraHai="122" doraHaiUra="23" who="1" fromWho="3" sc="257,0,208,100,272,0,243,-80" owari="257,-14.3,308,40.8,272,7.2,163,-33.7" /></mjloggm>