<mjloggm ver="2.3"><GO type="225" lobby="0"/><UN n0="%E8%BE%9B%E5%8F%A3%E3%82%AB%E3%83%AC%E3%83%BC%E3%83%A9%E3%82%A4%E3%82%B9" n1="%E3%81%AA%E3%81%A1%30%39%32%37" n2="%E5%8F%AF%E5%85%90%E9%82%A3%E7%94%B1%E5%A4%9A" n3="%E6%B0%B7%E5%B7%9D%E9%87%8C%E5%A5%88" dan="16,16,16,16" rate="2203.52,2108.73,2235.17,2122.29" sx="M,M,F,F"/><TAIKYOKU oya="0"/><INIT seed="0,0,0,1,3,4" ten="250,250,250,250" oya="0" hai0="7,94,15,91,123,109,73,69,51,128,134,107,31" hai1="67,6,47,96,92,83,10,72,78,11,13,129,88" hai2="12,41,131,113,110,43,74,9,52,84,98,97,104" hai3="22,37,81,106,82,120,117,90,124,21,16,20,76"/><T79/><D123/><U80/><E129/><V65/><F113/><W32/><G117/><T71/><D107/><U55/><E67/><V23/><F74/><W122/><G32/><T8/><D128/><U132/><E132/><V75/><F75/><W0/><G124/><T95/><D134/><U126/><E126/><V34/><F34/><W3/><G37/><T77/><D95/><U58/><E47/><V35/><F35/><W36/><G36/><T39/><D39/><U135/><E135/><V118/><F131/><W116/><G106/><T114/><D114/><U61/><E83/><N who="3" m="31754" /><G76/><T85/><D73/><U18/><E6/><V28/><F110/><W121/><G116/><T27/><D109/><U54/><E54/><V70/><F65/><W48/><G90/><T101/><D101/><U111/><E111/><V24/><F70/><W40/><G16/><T130/><D130/><U62/><E62/><V112/><F112/><W103/><G103/><T46/><D69/><U1/><E1/><N who="3" m="586" /><G48/><T57/><D57/><U17/><E17/><N who="2" m="8335" /><F104/><W30/><G40/><N who="2" m="15433" /><F118/><W125/><G125/><T64/><D64/><U14/><E14/><V108/><F108/><W119/><G119/><T42/><REACH who="0" step="1"/><D71/><REACH who="0" ten="240,250,250,250" step="2"/><U19/><E19/><V2/><F28/><AGARI ba="0,1" hai="20,21,22,28,30,120,121,122" m="586,31754" machi="28" ten="40,5200,0" yaku="28,2,13,1" doraHai="4" who="3" fromWho="2" sc="240,0,250,0,250,-52,250,62" /><INIT seed="1,0,0,3,3,19" ten="240,250,198,312" oya="1" hai0="17,117,24,13,89,5,106,50,64,123,98,20,26" hai1="113,116,108,75,37,81,73,94,78,101,9,90,87" hai2="128,1,45,109,29,55,66,42,79,77,11,32,49" hai3="133,15,18,10,28,132,130,68,125,6,2,107,120"/><U14/><E37/><V57/><F109/><W93/><G107/><T67/><D117/><U110/><E116/><V59/><F128/><W65/><G65/><T129/><D129/><U122/><E122/><V30/><F66/><W7/><G68/><T71/><D123/><U102/><E113/><V33/><F1/><W62/><G62/><T12/><D71/><U83/><E14/><V99/><F11/><N who="3" m="2519" /><G93/><N who="0" m="56623" /><D106/><U114/><E9/><V70/><F70/><W40/><G40/><T118/><D118/><U51/><E51/><V131/><F131/><W84/><G84/><T46/><D12/><U41/><E41/><V43/><F99/><W38/><G38/><T23/><D5/><U86/><E114/><V0/><F0/><N who="3" m="359" /><G130/><T91/><D91/><N who="1" m="53631" /><E75/><V96/><F96/><W82/><G82/><T4/><D4/><U3/><E3/><V44/><REACH who="2" step="1"/><F49/><REACH who="2" ten="240,250,188,312" step="2"/><W47/><G120/><T58/><D64/><U119/><E119/><V34/><F34/><W92/><G133/><T134/><D134/><U85/><E73/><V54/><AGARI ba="0,1" hai="29,30,32,33,42,43,44,45,54,55,57,59,77,79" machi="54" ten="25,12000,2" yaku="1,1,0,1,22,2,53,2" doraHai="19" doraHaiUra="74" who="2" fromWho="2" sc="240,-30,250,-60,188,130,312,-30" /><INIT seed="2,0,0,0,3,29" ten="210,190,318,282" oya="2" hai0="111,28,53,2,117,24,134,68,115,118,128,81,85" hai1="3,37,64,103,10,47,22,21,131,8,129,69,55" hai2="51,133,30,44,9,73,34,92,52,45,99,119,58" hai3="77,65,79,42,40,112,60,56,41,63,43,105,35"/><V94/><F119/><N who="0" m="45578" /><D115/><U78/><E103/><V132/><F73/><W49/><G105/><T107/><D111/><U15/><E78/><V80/><F80/><W98/><G112/><T17/><D107/><U124/><E64/><V90/><F9/><N who="1" m="3689" /><E69/><V108/><F108/><W113/><G113/><T67/><D128/><N who="1" m="49227" /><E55/><V123/><F123/><W102/><G35/><T5/><D53/><U57/><E57/><V33/><F30/><W127/><G127/><T72/><D67/><U104/><E104/><V97/><F58/><W88/><G102/><T95/><D68/><U19/><E47/><V120/><F120/><W23/><G60/><T11/><D95/><U106/><E37/><V1/><F1/><W46/><G23/><N who="1" m="8714" /><E106/><V27/><F45/><W126/><G126/><T74/><D85/><U125/><E3/><V76/><F76/><W50/><G50/><T38/><D81/><U82/><E82/><V122/><F122/><W39/><G39/><T83/><D83/><U14/><E19/><V4/><F94/><AGARI ba="0,0" hai="40,41,42,43,46,49,56,63,65,77,79,88,94,98" machi="94" ten="40,2600,0" yaku="8,1,54,1" doraHai="29" who="3" fromWho="2" sc="210,0,190,0,318,-26,282,26" /><INIT seed="3,0,0,5,4,0" ten="210,190,292,308" oya="3" hai0="130,3,92,39,100,32,128,125,99,31,90,42,116" hai1="70,112,46,29,6,75,104,98,74,129,89,30,5" hai2="21,103,120,64,22,113,83,27,105,41,85,66,127" hai3="47,118,24,72,102,19,93,2,84,15,122,56,121"/><W97/><G118/><T86/><D116/><U77/><E112/><V52/><F113/><W81/><G2/><T91/><D125/><U117/><E70/><V17/><F127/><W23/><G72/><T55/><D3/><U73/><E117/><V69/><F120/><W54/><G47/><N who="0" m="24031" /><D55/><U119/><E119/><V34/><F34/><W88/><G24/><N who="0" m="18535" /><D86/><U59/><E77/><N who="2" m="46319" /><F105/><W68/><G68/><T94/><D94/><U131/><E46/><V61/><F69/><W123/><G123/><T107/><D107/><U135/><E59/><N who="2" m="35047" /><F41/><W7/><G7/><N who="1" m="2570" /><E135/><V4/><F103/><W49/><AGARI ba="0,0" hai="15,19,23,49,54,56,81,84,88,93,97,102,121,122" machi="49" ten="20,3900,0" yaku="0,1,7,1,54,1" doraHai="0" who="3" fromWho="3" sc="210,-13,190,-13,292,-13,308,39" owari="197,-20.3,177,-32.3,279,7.9,347,44.7" /></mjloggm>