<mjloggm ver="2.3"><GO type="225" lobby="0"/><UN n0="%E3%81%8C%E3%81%9F" n1="%33%74%72%65%65" n2="%72%69%6F%75%63%68%61%6E" n3="%E3%81%B2%E3%81%AA%E3%81%AE%E3%82%8A%E3%81%8F" dan="16,16,16,17" rate="2112.06,2156.02,2160.18,2189.44" sx="M,F,M,M"/><TAIKYOKU oya="0"/><INIT seed="0,0,0,0,0,81" ten="250,250,250,250" oya="0" hai0="41,66,4,77,97,40,2,51,47,94,17,61,1" hai1="88,87,11,31,45,133,122,58,27,25,114,49,102" hai2="12,116,46,63,121,43,55,99,3,105,5,76,50" hai3="23,72,16,60,89,57,38,14,115,42,134,65,103"/><T37/><D77/><U90/><E122/><V126/><F121/><W34/><G115/><T129/><D129/><U96/><E114/><V82/><F126/><W52/><G34/><T100/><D4/><U39/><E133/><V68/><F116/><W69/><G134/><T33/><D33/><U26/><E39/><V98/><F3/><W128/><G128/><T18/><D41/><U131/><E11/><N who="2" m="4207" /><F105/><W32/><G32/><T118/><D118/><U124/><E124/><V111/><F111/><W84/><G72/><T104/><D104/><U117/><E58/><N who="2" m="35295" /><F68/><W67/><G103/><T59/><REACH who="0" step="1"/><D37/><REACH who="0" ten="240,250,250,250" step="2"/><U62/><E131/><V6/><F6/><W44/><REACH who="3" step="1"/><G69/><REACH who="3" ten="240,250,250,240" step="2"/><T132/><D132/><U9/><E117/><V73/><F73/><W108/><G108/><T20/><D20/><U29/><E29/><V109/><F109/><W135/><G135/><T21/><D21/><U113/><E31/><V86/><AGARI ba="0,2" hai="43,46,50,76,82,86,98,99" m="35295,4207" machi="86" ten="30,4000,0" yaku="25,1,8,1,52,1" doraHai="81" who="2" fromWho="2" sc="240,-20,250,-10,250,60,240,-10" /><INIT seed="1,0,0,2,0,109" ten="220,240,310,230" oya="1" hai0="133,60,120,72,83,25,74,106,91,100,119,53,86" hai1="48,108,112,128,134,42,5,10,50,79,98,20,30" hai2="61,23,8,4,16,69,102,31,124,114,17,24,82" hai3="85,130,38,40,88,127,27,96,117,129,19,123,81"/><U77/><E112/><V84/><F124/><W3/><G123/><T18/><D119/><U22/><E108/><V90/><F114/><W89/><G127/><T73/><D133/><U21/><E128/><N who="3" m="49258" /><G3/><T37/><D37/><U92/><E30/><V131/><F131/><W70/><G70/><T11/><D120/><U6/><E134/><V75/><F75/><W95/><G117/><T121/><D121/><U57/><E42/><V52/><F102/><W76/><G38/><T132/><D132/><U94/><E57/><N who="2" m="34983" /><F69/><W44/><G44/><T54/><D60/><U71/><E71/><V45/><F45/><W13/><G27/><T105/><D100/><U93/><E98/><V103/><F103/><N who="3" m="60831" /><G40/><T0/><D105/><U68/><E68/><V67/><F67/><W49/><G49/><N who="1" m="19050" /><E10/><AGARI ba="0,0" hai="10,13,19,76,81,85,88,89" m="60831,49258" machi="10" ten="30,2000,0" yaku="19,1,54,1" doraHai="109" who="3" fromWho="1" sc="220,0,240,-20,310,0,230,20" /><INIT seed="2,0,0,3,4,110" ten="220,220,310,250" oya="2" hai0="27,101,40,129,0,71,19,105,37,22,28,57,111" hai1="6,94,91,98,135,68,56,127,46,112,107,92,134" hai2="23,81,84,108,7,34,80,130,69,42,128,26,116" hai3="120,121,86,118,99,132,36,70,16,45,78,20,25"/><V131/><F116/><W43/><G118/><T29/><D71/><U64/><E68/><V2/><F69/><W32/><G70/><T60/><D0/><U102/><E6/><V31/><F108/><W58/><G132/><N who="1" m="50730" /><E127/><V104/><F104/><W48/><G32/><T52/><D111/><U74/><E74/><V18/><F42/><W122/><G99/><T55/><D129/><U41/><E91/><V133/><F133/><W59/><REACH who="3" step="1"/><G36/><REACH who="3" ten="220,220,310,240" step="2"/><T119/><D119/><U76/><E98/><V97/><F97/><W5/><G5/><T82/><D37/><U24/><E102/><V62/><F84/><W4/><G4/><T95/><D101/><U106/><E106/><V117/><F117/><W125/><G125/><T54/><D105/><U100/><E100/><V3/><F3/><W96/><G96/><T30/><D40/><U93/><E107/><V33/><F34/><W103/><G103/><T73/><D95/><U65/><E93/><V79/><F7/><W38/><G38/><T21/><D21/><U83/><E92/><V67/><F2/><W51/><G51/><T14/><D82/><AGARI ba="0,1" hai="16,20,25,43,45,48,58,59,78,82,86,120,121,122" machi="82" ten="40,2600,0" yaku="1,1,54,1,53,0" doraHai="110" doraHaiUra="88" who="3" fromWho="0" sc="220,-26,220,0,310,0,240,36" /><INIT seed="3,0,0,1,3,1" ten="194,220,310,276" oya="3" hai0="116,62,119,53,68,44,51,36,67,77,32,128,112" hai1="78,33,46,75,64,24,114,117,23,48,122,91,26" hai2="97,30,129,31,0,84,80,81,86,106,103,10,100" hai3="104,65,130,120,134,61,3,94,89,101,4,110,76"/><W98/><G120/><T12/><D12/><U127/><E114/><V52/><F129/><W50/><G130/><T17/><D17/><U7/><E122/><V49/><F103/><W28/><G28/><T8/><D32/><U29/><E117/><N who="0" m="45129" /><D8/><U99/><E64/><V115/><F115/><W55/><G134/><T95/><D95/><N who="1" m="56831" /><E75/><V21/><F0/><W15/><G3/><T85/><D85/><U41/><E33/><V90/><F10/><W20/><G76/><T92/><D92/><U73/><E73/><V16/><F49/><W125/><G125/><T37/><D77/><U34/><E127/><V27/><F52/><W113/><G113/><T45/><D112/><U121/><E121/><V38/><F38/><N who="0" m="14954" /><D128/><U63/><E34/><V105/><F105/><W126/><G126/><T74/><D74/><U9/><E78/><AGARI ba="0,0" hai="16,21,27,30,31,78,80,81,84,86,90,97,100,106" machi="78" ten="30,2000,0" yaku="7,1,54,1" doraHai="1" who="2" fromWho="1" sc="194,0,220,-20,310,20,276,0" owari="194,-30.6,200,-20.0,330,43.0,276,7.6" /></mjloggm>