<mjloggm ver="2.3"><GO type="225" lobby="0"/><UN n0="%E3%82%82%E3%81%90%E3%82%89" n1="%E7%9C%9F%E4%B8%80" n2="%E6%A0%B9%E5%85%83%E3%81%8B%E3%82%89%E5%90%B9%E3%81%A3%E9%A3%9B%E3%81%B6" n3="%72%61%6B%33" dan="17,17,16,16" rate="2178.65,2250.91,2161.19,2148.31" sx="M,M,F,M"/><TAIKYOKU oya="0"/><INIT seed="0,0,0,5,2,10" ten="250,250,250,250" oya="0" hai0="107,116,131,87,22,29,113,77,28,36,134,85,49" hai1="30,17,126,16,97,88,44,55,50,20,115,89,90" hai2="79,38,0,47,111,40,109,123,27,31,74,68,53" hai3="65,86,121,19,119,60,63,37,32,57,54,94,66"/><T7/><D116/><U5/><E126/><V101/><F123/><W129/><G119/><T81/><D36/><U117/><E117/><V73/><F68/><W104/><G104/><T41/><D113/><U62/><E115/><V25/><F101/><W1/><G32/><T84/><D107/><U15/><E5/><V12/><F0/><W48/><G121/><T82/><D131/><U35/><E35/><V45/><F12/><W39/><G1/><T128/><D128/><U99/><E30/><V118/><F118/><W6/><G6/><T102/><D134/><U52/><E17/><V18/><F18/><W108/><G129/><T100/><D7/><U11/><E11/><V80/><F74/><W70/><G108/><N who="2" m="41545" /><F31/><N who="0" m="11850" /><D22/><U46/><E44/><V51/><AGARI ba="0,0" hai="25,27,38,40,45,47,51,53,73,79,80" m="41545" machi="51" ten="30,1100,0" yaku="14,1" doraHai="10" who="2" fromWho="2" sc="250,-5,250,-3,250,11,250,-3" /><INIT seed="1,0,0,0,3,116" ten="245,247,261,247" oya="1" hai0="133,100,96,41,67,24,74,4,16,78,23,18,58" hai1="135,62,56,52,53,95,87,25,29,43,10,85,22" hai2="6,63,15,102,61,118,112,75,73,65,105,108,79" hai3="104,36,42,64,35,69,119,13,129,84,72,101,40"/><U91/><E135/><V121/><F118/><W32/><G84/><T30/><D133/><U31/><E43/><V1/><F108/><W76/><G13/><T50/><D4/><U37/><E37/><V46/><F15/><W134/><G42/><T114/><D114/><U21/><E10/><N who="2" m="2383" /><F63/><W39/><G129/><T68/><D68/><U94/><E53/><V106/><F46/><W47/><G36/><T109/><D109/><U82/><E87/><V83/><F75/><W127/><G127/><T34/><D34/><U59/><E56/><V66/><F66/><W2/><G2/><T44/><D78/><U98/><E98/><V27/><F27/><AGARI ba="0,0" hai="21,22,25,27,29,31,52,59,62,82,85,91,94,95" machi="27" ten="40,7700,0" yaku="9,1,8,1,54,1" doraHai="116" who="1" fromWho="2" sc="245,0,247,77,261,-77,247,0" /><INIT seed="1,1,0,2,3,93" ten="245,324,184,247" oya="1" hai0="70,72,85,125,94,81,44,22,116,9,121,100,66" hai1="63,98,2,65,113,18,14,24,36,46,68,56,23" hai2="12,58,107,124,16,0,61,10,13,118,123,37,96" hai3="76,91,108,52,35,105,20,33,25,51,106,60,42"/><U17/><E113/><V111/><F118/><W129/><G108/><T79/><D116/><U127/><E2/><V48/><F123/><W32/><G129/><T6/><D121/><U132/><E132/><V90/><F37/><W83/><G91/><T82/><D125/><U47/><E127/><V4/><F124/><W128/><G128/><T104/><D44/><U97/><E68/><V53/><F111/><W39/><G60/><T11/><D22/><U59/><E36/><V3/><F61/><W7/><G7/><T34/><D34/><U45/><E59/><V112/><F112/><W30/><G42/><T54/><D54/><U55/><E65/><V43/><F43/><W50/><G50/><T64/><D70/><U87/><E87/><V117/><F117/><W110/><G110/><T80/><D66/><U62/><E63/><V74/><F74/><W119/><G39/><T134/><D64/><U67/><E67/><V126/><F126/><W5/><G5/><T73/><D134/><U92/><E92/><V133/><F133/><W78/><G119/><T130/><D130/><U27/><E27/><V120/><F120/><W69/><G69/><T77/><D6/><U115/><E115/><V86/><F86/><W84/><REACH who="3" step="1"/><G78/><REACH who="3" ten="245,324,184,237" step="2"/><T99/><REACH who="0" step="1"/><D104/><REACH who="0" ten="235,324,184,237" step="2"/><U49/><REACH who="1" step="1"/><E49/><REACH who="1" ten="235,314,184,237" step="2"/><V38/><F48/><W28/><G28/><T15/><D15/><U26/><E26/><V89/><F12/><W109/><G109/><T131/><D131/><U101/><E101/><N who="2" m="62887" /><F0/><W40/><G40/><T103/><D103/><U71/><E71/><V19/><F3/><W21/><G21/><AGARI ba="1,3" hai="14,17,18,21,23,24,45,46,47,55,56,62,97,98" machi="21" ten="40,12000,1" yaku="1,1,6,1,8,1,52,2,53,0" doraHai="93" doraHaiUra="75" who="1" fromWho="3" sc="235,0,314,153,184,0,237,-123" /><INIT seed="1,2,0,1,5,80" ten="235,467,184,114" oya="1" hai0="133,15,123,64,69,68,6,62,99,122,58,82,111" hai1="101,43,103,16,1,67,20,17,87,50,132,112,53" hai2="52,21,105,41,107,5,30,59,60,94,8,29,25" hai3="127,134,76,98,116,84,4,90,7,117,23,102,28"/><U85/><E1/><V10/><F41/><W2/><G2/><T40/><D111/><U34/><E132/><V83/><F30/><W61/><G61/><T57/><D133/><U63/><E34/><V108/><F108/><W126/><G134/><T129/><D129/><U11/><E43/><V36/><F36/><W104/><G7/><T24/><D40/><U79/><E112/><V51/><F10/><W115/><G4/><T9/><D24/><U70/><E11/><V109/><F109/><W106/><G23/><T18/><D99/><U124/><E124/><N who="3" m="47658" /><G28/><T33/><D33/><U88/><E79/><V114/><F114/><W120/><G115/><T72/><D69/><U12/><E87/><V46/><F94/><N who="3" m="58711" /><G76/><T26/><D26/><U48/><E17/><V131/><F131/><W74/><G74/><T32/><D32/><U73/><E48/><V39/><F39/><W54/><G54/><T65/><D18/><U93/><E73/><V14/><REACH who="2" step="1"/><F83/><REACH who="2" ten="235,467,174,114" step="2"/><N who="3" m="49439" /><G120/><N who="0" m="46123" /><D65/><U22/><E22/><V44/><F44/><AGARI ba="2,1" hai="12,16,20,44,50,53,63,67,70,85,88,93,101,103" machi="44" ten="30,11600,0" yaku="7,1,52,1,54,2" doraHai="80" who="1" fromWho="2" sc="235,0,467,132,174,-122,114,0" /><INIT seed="1,3,0,4,1,71" ten="235,599,52,114" oya="1" hai0="28,12,73,120,27,101,107,99,110,72,29,79,23" hai1="60,64,94,19,5,22,70,48,33,83,119,68,1" hai2="63,127,39,88,129,42,40,108,66,126,43,62,18" hai3="55,56,132,103,93,86,69,82,128,11,47,114,61"/><U57/><E119/><V54/><F18/><W104/><G114/><T105/><D110/><U41/><E33/><V121/><F108/><W96/><G128/><T124/><D124/><N who="2" m="47658" /><F121/><W133/><G69/><T87/><D120/><U45/><E1/><V21/><F21/><W122/><G122/><T13/><D107/><U115/><E5/><V20/><F20/><W78/><G47/><T106/><D106/><U14/><E115/><V89/><F129/><W67/><G67/><T59/><D29/><U26/><E94/><V38/><F54/><W123/><G123/><T116/><D116/><U102/><E102/><V46/><F46/><W95/><REACH who="3" step="1"/><G11/><REACH who="3" ten="235,599,52,104" step="2"/><T135/><D59/><U3/><E70/><N who="2" m="42327" /><F63/><W53/><G53/><T112/><D112/><U98/><E68/><V35/><F35/><W31/><G31/><T84/><D28/><U36/><E64/><V50/><F50/><W80/><G80/><T44/><D44/><U77/><E48/><V74/><F74/><W2/><G2/><T17/><D72/><U15/><E3/><V52/><F52/><W131/><G131/><T51/><D51/><U117/><E117/><V58/><F58/><W16/><G16/><T24/><D73/><U65/><E19/><V49/><F49/><W92/><AGARI ba="3,1" hai="55,56,61,78,82,86,92,93,95,96,103,104,132,133" machi="92" ten="30,2000,0" yaku="1,1,0,1,53,0" doraHai="71" doraHaiUra="34" who="3" fromWho="3" sc="235,-8,599,-13,52,-8,104,39" /><INIT seed="2,0,0,5,1,39" ten="227,586,44,143" oya="2" hai0="119,12,117,19,128,37,69,133,87,3,2,25,53" hai1="10,92,100,105,22,118,55,30,65,52,21,77,112" hai2="62,16,32,61,29,109,43,102,83,80,93,125,51" hai3="114,50,36,63,42,132,5,79,72,88,134,7,23"/><V90/><F125/><W91/><G114/><T59/><D128/><U66/><E105/><V81/><F32/><W18/><G36/><T71/><D133/><N who="3" m="51305" /><G63/><N who="2" m="24073" /><F29/><W26/><G79/><T48/><D37/><U78/><E112/><V74/><F74/><W111/><G111/><T38/><D38/><U122/><E122/><V46/><F109/><W129/><G72/><T120/><D25/><U44/><E118/><N who="0" m="45065" /><D120/><U0/><E0/><N who="0" m="41" /><D87/><U107/><E107/><V86/><F102/><W13/><G129/><T84/><D84/><U67/><E100/><V57/><F57/><W54/><G54/><T130/><D130/><U97/><E44/><V126/><F126/><W113/><G113/><T11/><AGARI ba="0,0" hai="11,12,19,48,53,59,69,71" m="41,45065" machi="11" ten="30,1100,0" yaku="12,1" doraHai="39" who="0" fromWho="0" sc="227,11,586,-3,44,-5,143,-3" /><INIT seed="3,0,0,3,4,108" ten="238,583,39,140" oya="3" hai0="84,129,116,43,125,9,16,82,6,68,36,32,104" hai1="70,120,20,57,5,8,2,124,18,86,81,117,118" hai2="44,98,39,131,56,52,93,72,35,60,21,26,37" hai3="3,77,12,40,61,105,88,96,75,55,121,24,109"/><W127/><G121/><T112/><D116/><N who="1" m="44651" /><E70/><V101/><F131/><W15/><G3/><T42/><D68/><U10/><E10/><V46/><F72/><W14/><G109/><T106/><D106/><U90/><E57/><V4/><F4/><W67/><G127/><T134/><D43/><U54/><E54/><V58/><F35/><W50/><G40/><T110/><D84/><U79/><E124/><V45/><F39/><W66/><G24/><T128/><D82/><U126/><E126/><V94/><F37/><W1/><G1/><T113/><D16/><U19/><E120/><V103/><F58/><W100/><G61/><T99/><D32/><U114/><E114/><N who="0" m="44137" /><D110/><U115/><E115/><V119/><F119/><W132/><G105/><T87/><D87/><N who="1" m="48575" /><E20/><V73/><F73/><W7/><G75/><T0/><D125/><U123/><E123/><V63/><F63/><W83/><G83/><AGARI ba="0,0" hai="2,5,8,18,19,83,86,90" m="48575,44651" machi="83" ten="30,1000,0" yaku="12,1" doraHai="108" who="1" fromWho="3" sc="238,0,583,10,39,0,140,-10" owari="238,3.8,593,69.3,39,-46.1,130,-27.0" /></mjloggm>