<mjloggm ver="2.3"><GO type="225" lobby="0"/><UN n0="%E5%87%BA%E6%B0%B4" n1="%E3%81%B2%E3%81%AA%E3%81%AE%E3%82%8A%E3%81%8F" n2="%E6%B8%A9%E2%98%85%E6%83%85%E2%98%85%E6%8E%AA%E2%98%85%E7%BD%AE" n3="%E9%B3%B3%E6%9D%B1%E3%81%AE%E3%81%86%E3%81%95%E3%81%8E%E3%81%95%E3%82%93" dan="16,17,17,17" rate="2098.40,2224.26,2246.59,2239.45" sx="F,M,M,M"/><TAIKYOKU oya="0"/><INIT seed="0,0,0,3,3,73" ten="250,250,250,250" oya="0" hai0="83,20,54,106,87,133,35,16,126,7,32,66,26" hai1="121,85,86,64,101,93,61,40,65,5,128,21,51" hai2="116,53,94,41,75,47,18,89,62,129,80,50,23" hai3="76,52,12,95,37,25,29,82,112,19,72,34,38"/><T134/><D126/><U111/><E121/><V60/><F129/><W56/><G112/><T2/><D106/><U6/><E128/><V135/><F135/><N who="0" m="51722" /><D66/><U88/><E111/><V44/><F116/><W55/><G95/><T0/><D54/><U100/><E85/><V3/><F3/><N who="0" m="1066" /><D7/><U109/><E109/><V120/><F120/><W57/><G57/><T48/><D48/><U58/><E65/><V15/><F75/><W104/><G104/><T90/><AGARI ba="0,0" hai="16,20,26,32,35,83,87,90" m="1066,51722" machi="90" ten="30,3000,0" yaku="20,1,54,1" doraHai="73" who="0" fromWho="0" sc="250,30,250,-10,250,-10,250,-10" /><INIT seed="0,1,0,5,5,51" ten="280,240,240,240" oya="0" hai0="129,56,25,62,89,102,124,47,42,58,86,95,82" hai1="65,78,83,105,49,130,44,74,17,57,33,116,96" hai2="66,128,135,113,29,12,31,67,26,35,69,104,64" hai3="38,72,80,27,36,3,99,13,127,103,93,117,110"/><T81/><D129/><U40/><E116/><V11/><F113/><W63/><G117/><T16/><D124/><U76/><E33/><V23/><F128/><W37/><G3/><T24/><D62/><U132/><E130/><V134/><F104/><W52/><G127/><T54/><D42/><U85/><E132/><N who="2" m="50731" /><F69/><W101/><G110/><T15/><D102/><U61/><E105/><V1/><F1/><W4/><G27/><N who="0" m="10315" /><D47/><U6/><E96/><V46/><F46/><W107/><G101/><T90/><D54/><U21/><E6/><N who="2" m="3191" /><F31/><W30/><G30/><T88/><D82/><U10/><E10/><V123/><F123/><W125/><G125/><T68/><D68/><U22/><E74/><V9/><F9/><W133/><G4/><T73/><D73/><U121/><E121/><V119/><F119/><W2/><G133/><T7/><D7/><U41/><E41/><V14/><F14/><W75/><G13/><T98/><D90/><N who="1" m="51519" /><E17/><V50/><F50/><W111/><G2/><T108/><D108/><U43/><E43/><V92/><F92/><W55/><G111/><T70/><D70/><U60/><E60/><V114/><F114/><W100/><G63/><T109/><D109/><U53/><E40/><V91/><F91/><W122/><G122/><T18/><D18/><U8/><E8/><AGARI ba="1,0" hai="8,15,16,56,58,81,86,88,89,95,98" m="10315" machi="8" ten="30,5800,0" yaku="8,1,54,2" doraHai="51" who="0" fromWho="1" sc="280,61,240,-61,240,0,240,0" /><INIT seed="0,2,0,2,4,102" ten="341,179,240,240" oya="0" hai0="14,35,42,56,122,116,107,133,37,109,96,25,90" hai1="117,134,103,4,91,113,53,61,58,76,108,128,83" hai2="12,68,70,64,19,62,0,46,95,47,111,11,38" hai3="52,94,87,6,50,40,100,49,69,106,72,125,48"/><T28/><D116/><U18/><E117/><V78/><F111/><W20/><G72/><T97/><D122/><U26/><E108/><V1/><F70/><W115/><G115/><T93/><D133/><U73/><E134/><V59/><F78/><W131/><G69/><T43/><D109/><U92/><E113/><V118/><F118/><W9/><G131/><T98/><D56/><U13/><E128/><V132/><F132/><W54/><G125/><T80/><D80/><U51/><E4/><V104/><F104/><W105/><G40/><T112/><D112/><U127/><E127/><V27/><F95/><W119/><G119/><T135/><D135/><U34/><E103/><V17/><F68/><W71/><G71/><T89/><D37/><U33/><E26/><V57/><F38/><W110/><G20/><T126/><D126/><U81/><E81/><V82/><F82/><W67/><G67/><T16/><D98/><U123/><E61/><N who="2" m="37935" /><F1/><W10/><G110/><T8/><D107/><U86/><REACH who="1" step="1"/><E123/><REACH who="1" ten="341,169,240,240" step="2"/><V15/><F27/><W114/><G114/><T101/><D101/><U124/><E124/><V60/><F60/><W120/><G120/><T77/><D77/><U7/><E7/><V32/><F0/><W36/><G6/><T121/><D121/><U3/><E3/><V85/><F62/><W63/><G63/><T24/><D25/><U55/><E55/><N who="3" m="21034" /><G106/><T22/><D35/><U129/><E129/><V99/><F32/><W23/><G105/><T30/><D30/><U74/><E74/><V65/><F15/><W29/><G100/><T41/><D89/><RYUUKYOKU ba="2,1" sc="341,15,169,15,240,-15,240,-15" hai0="8,14,16,22,24,28,41,42,43,90,93,96,97" hai1="13,18,33,34,51,53,58,73,76,83,86,91,92" /><INIT seed="0,3,1,2,4,89" ten="356,184,225,225" oya="0" hai0="73,130,123,95,85,9,32,118,58,35,108,104,28" hai1="120,31,22,53,60,90,87,24,50,20,69,18,11" hai2="117,126,133,99,100,45,34,57,92,121,5,12,8" hai3="44,103,13,82,132,6,19,72,113,107,39,29,7"/><T106/><D118/><U93/><E120/><V14/><F121/><W135/><G113/><T101/><D123/><U56/><E11/><V128/><F117/><W105/><G29/><T33/><D73/><U119/><E119/><V51/><F128/><W88/><G39/><T97/><D130/><U83/><E69/><V36/><F133/><N who="3" m="51275" /><G44/><T15/><D108/><U70/><E70/><V81/><F34/><W122/><G122/><T62/><D28/><U25/><REACH who="1" step="1"/><E50/><REACH who="1" ten="356,174,225,225" step="2"/><V0/><F36/><W3/><G6/><T102/><D102/><U52/><E52/><V127/><F127/><W46/><G7/><T134/><D134/><U109/><E109/><V68/><F68/><W10/><G10/><T64/><REACH who="0" step="1"/><D85/><REACH who="0" ten="346,174,225,225" step="2"/><U129/><E129/><V38/><F126/><W26/><G103/><T27/><D27/><U74/><E74/><V78/><F100/><W30/><G26/><T94/><D94/><AGARI ba="3,3" hai="18,20,22,24,25,31,53,56,60,83,87,90,93,94" machi="94" ten="40,8000,1" yaku="1,1,8,1,52,2,53,0" doraHai="89" doraHaiUra="110" who="1" fromWho="0" sc="346,-89,174,119,225,0,225,0" /><INIT seed="1,0,0,5,1,26" ten="257,293,225,225" oya="1" hai0="22,55,65,127,95,117,89,91,116,87,41,105,58" hai1="88,83,96,5,119,76,135,98,29,24,52,37,59" hai2="114,68,20,30,32,126,73,42,69,31,99,54,86" hai3="33,106,92,128,79,72,109,61,7,35,107,131,133"/><U3/><E37/><V70/><F73/><W122/><G7/><T10/><D127/><U17/><E119/><V102/><F126/><W129/><G61/><T112/><D112/><U85/><E17/><V18/><F32/><W53/><G53/><T45/><D105/><N who="3" m="39945" /><G122/><T80/><D65/><U38/><E38/><V13/><F114/><W97/><G33/><T113/><D113/><U36/><E36/><V124/><F124/><W62/><G62/><T4/><D22/><U44/><E44/><V39/><F54/><W47/><G35/><T16/><D58/><U103/><E135/><V51/><F39/><W64/><G47/><T14/><D41/><U11/><E103/><V2/><F2/><W63/><G63/><T57/><D45/><U75/><E24/><V21/><F51/><W118/><G64/><T46/><D4/><U48/><REACH who="1" step="1"/><E29/><REACH who="1" ten="257,283,225,225" step="2"/><V110/><F42/><W43/><G43/><T15/><D46/><U94/><AGARI ba="0,1" hai="3,5,11,48,52,59,75,76,83,85,88,94,96,98" machi="94" ten="20,18000,2" yaku="1,1,2,1,0,1,7,1,54,2,53,1" doraHai="26" doraHaiUra="78" who="1" fromWho="1" sc="257,-60,283,190,225,-60,225,-60" /><INIT seed="1,1,0,3,5,1" ten="197,473,165,165" oya="1" hai0="20,40,36,83,56,8,87,112,84,12,97,80,45" hai1="14,114,44,109,38,46,120,92,47,123,127,79,55" hai2="76,77,81,130,108,70,39,0,32,61,23,21,91" hai3="75,96,33,10,82,27,26,69,58,88,42,41,85"/><U67/><E114/><V101/><F32/><W52/><G69/><T28/><D112/><U133/><E38/><V116/><F116/><W126/><G126/><T93/><D56/><U65/><E127/><V121/><F121/><W49/><G75/><T104/><D104/><U50/><E79/><V95/><F39/><W7/><G96/><T89/><D28/><U106/><E106/><V11/><F101/><W35/><G35/><T94/><D20/><U15/><E92/><V111/><F130/><W68/><G68/><T13/><D97/><U132/><E109/><N who="2" m="42059" /><F61/><W34/><G34/><T51/><D36/><U115/><E15/><V74/><F77/><W72/><G72/><T129/><D129/><U59/><E14/><V3/><F70/><W62/><G33/><T53/><D53/><U100/><E100/><V31/><F31/><W6/><G10/><T2/><D2/><N who="2" m="554" /><F11/><W37/><G37/><T16/><REACH who="0" step="1"/><D13/><REACH who="0" ten="187,473,165,165" step="2"/><U110/><E115/><V135/><F135/><N who="1" m="51785" /><E110/><V30/><F30/><W78/><G62/><T119/><D119/><U9/><E9/><V99/><AGARI ba="1,1" hai="21,23,74,76,81,91,95,99" m="554,42059" machi="99" ten="30,1100,0" yaku="14,1" doraHai="1" who="2" fromWho="2" sc="187,-4,473,-6,165,24,165,-4" /><INIT seed="2,0,0,2,5,47" ten="183,467,189,161" oya="2" hai0="46,122,119,48,27,82,12,75,22,127,1,61,54" hai1="120,121,23,24,111,79,4,34,18,134,90,106,35" hai2="131,30,49,102,53,68,43,60,129,110,130,21,109" hai3="112,15,101,123,19,41,86,94,9,26,20,77,114"/><V98/><F43/><W85/><G123/><N who="1" m="47178" /><E106/><V25/><F68/><W73/><G73/><T97/><D122/><U31/><E79/><V2/><F2/><W63/><G41/><T8/><D127/><U81/><E111/><N who="2" m="42507" /><F60/><W126/><G126/><T70/><D119/><U103/><E103/><V55/><F49/><W32/><G32/><T99/><D1/><U5/><E134/><V0/><F0/><W132/><G132/><T66/><D75/><U13/><E35/><V44/><F44/><W42/><G42/><T57/><D82/><U117/><E117/><V45/><F45/><W16/><G63/><T93/><D93/><AGARI ba="0,0" hai="21,25,30,53,55,93,98,102,129,130,131" m="42507" machi="93" ten="40,7700,0" yaku="19,1,14,1,10,1" doraHai="47" who="2" fromWho="0" sc="183,-77,467,0,189,77,161,0" /><INIT seed="2,1,0,1,4,19" ten="106,467,266,161" oya="2" hai0="89,125,133,105,11,50,39,24,86,82,43,127,120" hai1="8,85,42,96,28,134,72,113,128,45,123,48,131" hai2="103,53,119,38,74,76,61,65,94,49,15,40,56" hai3="66,7,4,121,5,124,115,79,59,33,46,51,14"/><V37/><F119/><W95/><G121/><T108/><D108/><U118/><E72/><V87/><F74/><W81/><G33/><T62/><D133/><U132/><E118/><V16/><F40/><W9/><G124/><T35/><D120/><U111/><E111/><V92/><F103/><W47/><G115/><T0/><D105/><U84/><E123/><V78/><F38/><W32/><G32/><T130/><D130/><N who="1" m="49707" /><E113/><V58/><F37/><W44/><G95/><N who="2" m="36393" /><F87/><N who="1" m="33353" /><E96/><V36/><F36/><W67/><G79/><T10/><D39/><U90/><E90/><V135/><F135/><W77/><G81/><T71/><D0/><U25/><E8/><AGARI ba="1,0" hai="8,15,16,49,53,56,58,61,65,76,78" m="36393" machi="8" ten="30,2900,0" yaku="8,1,54,1" doraHai="19" who="2" fromWho="1" sc="106,0,467,-32,266,32,161,0" /><INIT seed="2,2,0,3,4,17" ten="106,435,298,161" oya="2" hai0="67,114,47,107,134,80,108,121,31,118,73,91,90" hai1="111,82,112,133,106,87,24,5,98,103,55,132,130" hai2="123,21,29,77,0,53,104,41,60,37,26,58,51" hai3="101,33,105,43,86,42,20,45,38,1,97,95,57"/><V8/><F123/><W74/><G33/><T28/><D114/><U40/><E112/><V66/><F104/><W93/><G74/><T78/><D121/><U19/><E111/><V72/><F72/><W122/><G122/><T117/><D134/><N who="1" m="51819" /><E130/><V4/><F77/><W124/><G124/><T69/><D108/><U89/><E40/><V102/><F102/><W2/><G42/><T59/><D107/><U83/><E5/><V125/><F125/><W48/><G20/><T12/><D69/><U9/><E55/><V62/><REACH who="2" step="1"/><F66/><REACH who="2" ten="106,435,288,161" step="2"/><W23/><G105/><T50/><D118/><U11/><E106/><V30/><F30/><W110/><G110/><T92/><D117/><U52/><E103/><V65/><F65/><W115/><G115/><T46/><D31/><U120/><E120/><V75/><F75/><W119/><G119/><T129/><D28/><U25/><E82/><V34/><F34/><W128/><G101/><T126/><D126/><U127/><E127/><V70/><F70/><W44/><G128/><T61/><D129/><U6/><E83/><V76/><F76/><W88/><G95/><T100/><D100/><U131/><E131/><V49/><F49/><W71/><G48/><T109/><D109/><U32/><E32/><V56/><F56/><W84/><G57/><T96/><D50/><U13/><E89/><V63/><F63/><W18/><G71/><T79/><D79/><U135/><E135/><V14/><F14/><N who="3" m="9687" /><G45/><AGARI ba="2,1" hai="0,4,8,21,26,29,37,41,45,51,53,58,60,62" machi="45" ten="40,3900,0" yaku="1,1,52,1,53,0" doraHai="17" doraHaiUra="85" who="2" fromWho="3" sc="106,0,435,0,288,55,161,-45" /><INIT seed="2,3,0,4,4,0" ten="106,435,343,116" oya="2" hai0="3,46,45,92,51,55,35,53,80,83,27,114,89" hai1="99,134,1,117,63,13,104,71,49,32,29,10,30" hai2="9,5,16,103,94,14,105,96,90,57,40,119,62" hai3="112,34,64,72,31,52,47,38,41,54,56,11,130"/><V21/><F119/><W75/><G130/><T28/><D114/><U33/><E1/><V132/><F132/><W101/><G112/><T111/><D111/><U36/><E36/><V76/><F76/><W120/><G120/><T2/><D2/><U66/><E117/><V122/><F122/><W12/><G64/><T82/><D3/><U69/><E69/><V74/><F74/><W131/><G131/><T128/><D128/><U15/><E15/><V79/><F79/><W18/><G101/><T22/><D35/><U81/><E81/><V88/><F40/><W98/><G98/><T113/><D113/><U50/><E33/><V91/><F105/><W116/><G116/><T135/><D135/><U7/><E134/><V17/><F21/><W129/><G129/><T110/><D110/><U109/><E109/><V58/><F58/><W24/><REACH who="3" step="1"/><G54/><AGARI ba="3,0" hai="5,9,14,16,17,54,57,62,88,90,91,94,96,103" machi="54" ten="40,12000,1" yaku="8,1,52,1,54,2" doraHai="0" who="2" fromWho="3" sc="106,0,435,0,343,129,116,-129" owari="106,-29.4,435,23.5,472,57.2,-13,-51.3" /></mjloggm>