<mjloggm ver="2.3"><GO type="225" lobby="0"/><UN n0="%E8%91%89%E5%B1%B1%E9%99%BD%E5%92%8C" n1="%E3%81%8F%E3%82%8A%E3%83%94%E3%83%BC" n2="%E2%91%A3%E9%81%BF%E9%81%8A%E6%88%AF%E3%80%90%E6%9D%B1%E5%8D%97%E3%80%91" n3="%E3%81%AF%E3%82%88%E3%81%8A%E3%81%98%E3%81%95%E3%82%93" dan="16,16,16,16" rate="2111.35,2100.10,2149.13,2137.37" sx="F,M,M,M"/><TAIKYOKU oya="0"/><INIT seed="0,0,0,4,1,47" ten="250,250,250,250" oya="0" hai0="77,72,102,95,129,119,46,42,56,31,14,7,5" hai1="45,59,75,125,33,53,92,112,36,23,96,109,76" hai2="15,43,90,97,82,54,126,27,17,4,44,24,114" hai3="64,128,20,40,70,84,39,16,131,9,135,21,63"/><T130/><D119/><U32/><E109/><V62/><F114/><W48/><G39/><T120/><D120/><U74/><E125/><V79/><F126/><W6/><G135/><T55/><D31/><U98/><E112/><V10/><F97/><W107/><G107/><T66/><D66/><U65/><E65/><V12/><F62/><W34/><G34/><T68/><D68/><U49/><E98/><V25/><F90/><W81/><G40/><T26/><D26/><U87/><E87/><V60/><F60/><W2/><G48/><N who="0" m="30823" /><D14/><U105/><E105/><V19/><F54/><W61/><G63/><T132/><D132/><U51/><E36/><V1/><F15/><W115/><G21/><T8/><D95/><U13/><E76/><V35/><F35/><W110/><G110/><T124/><D102/><U73/><E13/><V58/><F58/><W71/><G115/><T28/><D28/><U101/><REACH who="1" step="1"/><E23/><REACH who="1" ten="250,240,250,250" step="2"/><V3/><F3/><W85/><G70/><T122/><D124/><U38/><E38/><N who="2" m="21623" /><F12/><N who="3" m="9223" /><G84/><T93/><D72/><U41/><AGARI ba="0,1" hai="32,33,41,45,49,51,53,59,73,74,75,92,96,101" machi="41" ten="30,7900,0" yaku="1,1,0,1,52,2,53,0" doraHai="47" doraHaiUra="127" who="1" fromWho="1" sc="250,-39,240,89,250,-20,250,-20" /><INIT seed="1,0,0,0,1,115" ten="211,329,230,230" oya="1" hai0="126,79,116,47,102,91,45,69,63,83,68,58,105" hai1="34,128,92,107,55,29,7,33,80,12,98,122,39" hai2="8,110,121,11,103,59,38,23,22,16,5,49,10" hai3="44,61,129,15,84,101,57,9,94,54,36,40,133"/><U123/><E107/><V32/><F38/><W85/><G129/><T27/><D126/><U99/><E128/><V66/><F32/><W95/><G133/><T108/><D108/><U0/><E0/><V35/><F35/><W50/><G36/><T111/><D111/><U60/><E39/><V135/><F110/><W14/><G14/><T96/><D91/><U18/><E7/><V132/><F103/><W71/><G71/><T31/><D69/><U100/><E80/><V106/><F106/><W67/><G40/><T114/><D114/><U125/><E125/><V119/><F121/><W82/><G101/><T109/><D109/><U117/><E117/><V30/><F66/><W131/><G85/><T74/><D116/><U64/><E55/><N who="2" m="32239" /><F30/><W6/><REACH who="3" step="1"/><G131/><REACH who="3" ten="211,329,230,220" step="2"/><T134/><D134/><N who="2" m="51242" /><F5/><W65/><G65/><T113/><D113/><U130/><E12/><N who="2" m="9479" /><F23/><W77/><AGARI ba="0,1" hai="6,9,15,44,50,54,57,61,67,77,82,84,94,95" machi="77" ten="20,8000,1" yaku="1,1,0,1,7,1,8,1,53,1" doraHai="115" doraHaiUra="81" who="3" fromWho="3" sc="211,-20,329,-40,230,-20,220,90" /><INIT seed="2,0,0,5,0,44" ten="191,289,210,310" oya="2" hai0="74,97,28,41,98,79,23,31,20,107,26,3,36" hai1="65,68,114,82,47,27,24,58,7,92,117,11,33" hai2="90,37,45,88,21,127,73,25,38,106,131,108,134" hai3="118,86,109,67,78,42,16,120,22,70,1,77,66"/><V129/><F106/><W133/><G120/><T18/><D3/><U8/><E114/><V91/><F73/><W46/><G118/><T83/><D107/><U122/><E68/><V54/><F108/><W62/><G1/><T100/><D100/><U69/><E69/><V61/><F127/><W119/><G119/><T93/><D93/><U99/><E33/><V39/><F134/><W10/><G109/><T12/><D36/><U51/><E82/><V35/><F35/><W110/><G110/><T94/><D41/><U55/><E122/><V113/><F113/><W63/><G10/><N who="1" m="3626" /><E7/><V34/><F34/><W49/><G86/><T4/><D4/><U32/><E32/><V130/><F61/><W105/><G133/><T50/><D31/><U0/><E0/><V121/><F121/><W123/><G105/><T9/><D9/><U15/><E15/><V53/><F45/><W59/><G123/><T56/><REACH who="0" step="1"/><D94/><REACH who="0" ten="181,289,210,310" step="2"/><U102/><E117/><V71/><F71/><W52/><G42/><T125/><D125/><U60/><AGARI ba="0,1" hai="24,27,47,51,55,58,60,65,92,99,102" m="3626" machi="60" ten="30,2000,0" yaku="8,1,52,1" doraHai="44" who="1" fromWho="1" sc="181,-5,289,30,210,-10,310,-5" /><INIT seed="3,0,0,5,0,51" ten="176,319,200,305" oya="3" hai0="50,6,64,42,100,121,53,41,102,128,65,129,81" hai1="115,130,131,62,13,85,30,17,27,110,123,97,3" hai2="122,44,32,104,103,111,49,73,40,96,60,88,91" hai3="79,1,28,112,117,16,76,21,2,23,7,94,52"/><W126/><G117/><T84/><D121/><U125/><E110/><V71/><F111/><W105/><G112/><T45/><D6/><U133/><E115/><V37/><F122/><W74/><G105/><T46/><D129/><U101/><E3/><V39/><F32/><W92/><G126/><T68/><D128/><U20/><E133/><V95/><F73/><W55/><G74/><T36/><D42/><U106/><E125/><V31/><F31/><W18/><G28/><T127/><D127/><U25/><E25/><V109/><F109/><W66/><G66/><T12/><D12/><U120/><E130/><V9/><F91/><W124/><G124/><T24/><D24/><U70/><E85/><V56/><F9/><W108/><G108/><T10/><D10/><U82/><E82/><V38/><F71/><W63/><G63/><T43/><D43/><U99/><E99/><V107/><REACH who="2" step="1"/><F103/><REACH who="2" ten="176,319,190,305" step="2"/><W132/><G7/><T116/><D116/><U119/><E119/><V134/><F134/><AGARI ba="0,1" hai="1,2,16,18,21,23,52,55,76,79,92,94,132,134" machi="134" ten="25,18000,2" yaku="22,2,52,2,54,2" doraHai="51" who="3" fromWho="2" sc="176,0,319,0,190,-180,305,190" owari="176,-22.4,319,11.9,10,-49.0,495,59.5" /></mjloggm>