<mjloggm ver="2.3"><GO type="225" lobby="0"/><UN n0="%E3%81%A4%E3%81%A3%E3%81%B1%E3%82%8A%E3%83%9D%E3%83%BC%E3%83%AB" n1="%E6%9D%B1%E9%A2%A8%E3%81%AE%E3%81%8D%E3%82%83%E3%81%B7%E3%81%95%E3%82%93" n2="%E3%83%81%E3%83%AF%E3%83%AF%E9%9A%8A%E9%95%B7" n3="%E4%BF%BA%E3%81%A8%E5%A6%96%E5%A4%A2" dan="16,17,17,16" rate="2157.53,2206.26,2210.89,2118.69" sx="M,M,M,F"/><TAIKYOKU oya="0"/><INIT seed="0,0,0,3,2,109" ten="250,250,250,250" oya="0" hai0="91,98,23,128,126,51,44,105,67,63,119,3,68" hai1="129,85,87,82,81,5,99,103,70,18,114,2,90" hai2="9,71,124,88,31,86,12,59,22,40,39,62,111" hai3="112,46,64,108,27,94,73,34,28,116,110,80,97"/><T16/><D119/><U134/><E70/><V106/><F106/><W7/><G116/><T52/><D128/><U84/><E18/><V95/><F71/><W69/><G7/><T14/><D3/><U60/><E60/><V33/><F33/><W96/><G46/><T79/><D79/><U135/><E5/><V36/><F111/><N who="3" m="42539" /><G112/><T29/><D126/><U50/><E50/><V89/><F124/><W53/><G53/><T125/><D125/><U47/><E47/><V83/><F40/><W25/><G25/><T48/><D29/><U127/><E2/><V1/><F1/><W61/><G94/><T55/><D91/><N who="1" m="51599" /><E127/><V92/><F92/><W20/><G34/><T75/><D75/><U76/><E129/><V30/><F36/><W32/><G32/><T35/><D35/><U115/><E90/><V11/><F39/><W101/><G101/><T43/><REACH who="0" step="1"/><D51/><REACH who="0" ten="240,250,250,250" step="2"/><U17/><E76/><AGARI ba="0,1" hai="20,27,28,61,64,69,73,76,80,96,97" m="42539" machi="76" ten="30,1000,0" yaku="14,1" doraHai="109" who="3" fromWho="1" sc="240,0,250,-10,250,0,250,20" /><INIT seed="1,0,0,0,4,30" ten="240,240,250,270" oya="1" hai0="127,34,18,47,48,117,9,63,106,33,10,46,105" hai1="115,123,91,42,24,76,23,62,35,61,39,26,57" hai2="96,32,98,27,124,22,49,31,67,132,17,65,52" hai3="114,107,94,4,122,38,21,50,90,56,66,93,116"/><U14/><E123/><V37/><F37/><W104/><G122/><T131/><D18/><U128/><E115/><V6/><F124/><W59/><G114/><T58/><D58/><U110/><E76/><V108/><F132/><W51/><G4/><T12/><D12/><U73/><E91/><V119/><F119/><W28/><G38/><T95/><D95/><U25/><E73/><V112/><F112/><W0/><G0/><T83/><D48/><U19/><E128/><V64/><F6/><W101/><G116/><T97/><D97/><U87/><E87/><V129/><F108/><W92/><G90/><T69/><D117/><U40/><E35/><N who="0" m="13321" /><D83/><U20/><E110/><V8/><F129/><W54/><G101/><T60/><D69/><U68/><E39/><V126/><F126/><W53/><G66/><T80/><D80/><U81/><E81/><V86/><F86/><W16/><REACH who="3" step="1"/><G28/><REACH who="3" ten="240,240,250,260" step="2"/><T79/><D127/><U44/><E68/><V7/><F31/><W74/><G74/><T134/><D131/><U13/><E44/><N who="0" m="16937" /><D79/><U1/><E1/><V125/><F125/><W85/><G85/><T29/><D29/><U121/><E121/><V71/><F71/><W3/><G3/><T130/><D130/><U2/><E2/><V113/><F32/><W88/><G88/><T109/><D109/><U77/><E77/><V5/><F113/><W78/><G78/><T82/><D82/><U133/><E133/><V100/><F5/><W11/><G11/><N who="0" m="4107" /><D134/><U118/><E118/><V111/><F111/><W135/><G135/><T55/><D55/><N who="1" m="33983" /><E62/><AGARI ba="0,1" hai="60,62,63,105,106" m="4107,16937,13321" machi="62" ten="30,8000,1" yaku="28,2,52,3" doraHai="30" who="0" fromWho="1" sc="240,90,240,-80,250,0,260,0" /><INIT seed="2,0,0,1,5,31" ten="330,160,250,260" oya="2" hai0="109,24,122,117,4,95,55,44,49,73,26,38,104" hai1="56,37,71,54,77,57,20,33,72,101,134,45,128" hai2="76,114,2,64,111,18,28,97,119,98,127,91,87" hai3="51,116,93,8,106,23,99,12,7,70,32,0,94"/><V39/><F119/><W16/><G70/><T41/><D104/><U132/><E101/><V86/><F114/><W120/><G116/><T88/><D122/><U60/><E20/><V10/><F39/><W42/><G120/><T9/><D73/><U21/><E21/><V22/><F127/><W15/><G106/><T11/><D117/><U59/><E77/><V102/><F111/><W63/><G63/><T124/><D109/><U103/><E72/><V61/><F28/><W25/><G99/><T130/><D130/><U47/><E103/><V113/><F113/><W110/><G110/><T58/><D11/><U19/><E19/><V6/><F76/><W129/><G129/><T112/><D124/><U68/><E128/><V67/><F87/><W79/><G79/><T66/><D66/><U69/><E33/><V82/><F102/><W135/><G135/><N who="1" m="51754" /><E37/><V81/><F81/><W48/><G48/><T50/><D38/><U126/><E126/><V83/><F83/><W53/><G15/><N who="0" m="5543" /><D112/><U89/><E89/><V29/><F29/><N who="3" m="19503" /><G42/><T96/><AGARI ba="0,0" hai="24,26,41,44,49,50,55,58,88,95,96" m="5543" machi="96" ten="30,2000,0" yaku="8,1,54,1" doraHai="31" who="0" fromWho="0" sc="330,20,160,-5,250,-10,260,-5" /><INIT seed="3,0,0,3,1,118" ten="350,155,240,255" oya="3" hai0="53,95,110,24,40,100,14,87,102,111,1,134,125" hai1="96,108,42,30,38,71,39,36,21,12,128,84,19" hai2="121,117,44,75,101,62,54,65,48,122,103,67,130" hai3="33,4,86,73,50,97,104,70,22,81,6,10,112"/><W113/><G73/><T13/><D1/><U27/><E71/><V131/><F75/><W59/><G33/><T9/><D40/><U37/><N who="1" m="9216" /><DORA hai="77" /><U20/><E128/><N who="2" m="49195" /><F117/><W91/><G70/><T25/><D53/><U98/><E108/><V15/><F15/><W18/><G104/><T61/><D61/><U107/><E42/><V64/><F62/><W5/><G97/><T82/><D95/><U41/><E41/><V109/><F109/><W79/><G91/><T68/><D87/><U3/><E3/><V89/><F89/><W60/><G50/><T94/><D14/><U35/><E84/><V132/><F132/><W123/><G123/><AGARI ba="0,0" hai="44,48,54,64,65,67,101,103,121,122,123" m="49195" machi="123" ten="40,8000,1" yaku="13,1,19,1,52,3" doraHai="118,77" who="2" fromWho="3" sc="350,0,155,0,240,80,255,-80" owari="350,45.0,155,-34.5,320,12.0,175,-22.5" /></mjloggm>