<mjloggm ver="2.3"><GO type="225" lobby="0"/><UN n0="%E4%B8%89%E5%86%A0%E7%8E%8B%E3%83%BB%E5%B1%B1%E7%94%B0%E5%93%B2%E4%BA%BA" n1="%72%61%6B%33" n2="%E8%81%B7%E6%A5%AD%E3%80%81%E9%A2%A8%32" n3="%E7%9C%9F%E4%B8%80" dan="17,17,16,17" rate="2197.95,2296.83,2096.57,2256.72" sx="M,M,M,M"/><TAIKYOKU oya="0"/><INIT seed="0,0,0,5,5,34" ten="250,250,250,250" oya="0" hai0="41,74,28,70,133,62,72,13,7,80,96,126,121" hai1="31,86,125,51,127,65,98,37,16,21,114,90,66" hai2="106,14,3,76,113,92,11,84,88,117,1,100,118" hai3="19,35,57,32,68,47,50,128,55,79,33,94,15"/><T87/><D121/><U108/><E37/><V111/><F111/><W102/><G68/><T103/><D41/><U9/><E108/><V135/><F113/><W10/><G128/><T29/><D133/><U78/><E114/><V60/><F135/><W101/><G79/><T82/><D126/><U48/><E31/><V5/><F76/><W123/><G123/><T27/><D29/><U56/><E98/><N who="2" m="61719" /><F60/><W131/><G131/><T119/><D119/><AGARI ba="0,0" hai="1,3,5,11,14,84,88,92,117,118,119" m="61719" machi="119" ten="30,7700,0" yaku="12,1,52,2,54,1" doraHai="34" who="2" fromWho="0" sc="250,-77,250,0,250,77,250,0" /><INIT seed="1,0,0,4,0,74" ten="173,250,327,250" oya="1" hai0="91,45,114,115,94,30,32,18,126,84,100,87,29" hai1="73,134,122,7,35,1,110,22,61,119,101,49,16" hai2="3,98,76,20,96,15,25,63,28,89,23,17,51" hai3="57,50,64,60,79,2,62,108,78,116,27,69,72"/><U12/><E119/><V128/><F3/><W59/><G72/><T48/><D126/><U68/><E122/><V129/><F76/><N who="3" m="29227" /><G69/><T65/><D65/><U130/><E73/><V124/><F124/><W117/><G2/><T135/><D135/><U56/><E134/><V47/><F63/><W121/><G121/><T43/><D32/><U99/><E35/><V113/><F113/><W127/><G127/><T26/><D115/><U80/><E80/><V0/><F0/><W6/><G108/><T86/><D100/><U83/><E83/><V85/><F129/><W53/><G6/><T5/><D5/><U105/><E130/><V103/><F128/><W38/><G38/><T67/><D67/><U90/><E110/><V8/><F103/><W14/><G27/><T133/><D114/><U66/><E90/><V131/><F131/><W132/><G132/><T77/><D133/><U40/><E68/><V125/><F125/><W42/><G14/><T37/><D37/><U97/><E105/><V95/><F8/><W120/><G120/><T11/><D77/><U21/><E101/><V34/><F34/><W88/><G88/><T93/><D91/><U13/><E1/><V123/><REACH who="2" step="1"/><F123/><REACH who="2" ten="173,250,317,250" step="2"/><W111/><G111/><T33/><REACH who="0" step="1"/><D30/><REACH who="0" ten="163,250,317,250" step="2"/><U104/><E104/><V106/><F106/><W118/><G62/><T70/><D70/><U10/><E21/><V24/><F24/><W82/><G82/><T31/><D31/><U55/><E66/><V112/><F112/><W75/><G75/><T52/><D52/><AGARI ba="0,2" hai="15,17,20,23,25,28,47,51,52,85,89,95,96,98" machi="52" ten="30,7700,0" yaku="1,1,7,1,8,1,54,1,53,0" doraHai="74" doraHaiUra="58" who="2" fromWho="0" sc="163,-77,250,0,317,97,250,0" /><INIT seed="2,0,0,1,0,69" ten="86,250,414,250" oya="2" hai0="34,93,95,105,33,117,131,71,50,1,20,67,132" hai1="47,110,43,41,8,128,122,72,57,52,121,114,14" hai2="78,133,42,100,9,58,75,82,15,120,125,134,127" hai3="36,31,30,84,23,40,96,55,32,66,63,19,59"/><V79/><F120/><N who="1" m="46185" /><E72/><V90/><F100/><W68/><G32/><T104/><D20/><U0/><E0/><V62/><F42/><W25/><G84/><T81/><D50/><U27/><E27/><V91/><F79/><W124/><G124/><N who="2" m="47689" /><F91/><W35/><G35/><N who="0" m="13323" /><D67/><U21/><E21/><V118/><F90/><W46/><REACH who="3" step="1"/><G96/><REACH who="3" ten="86,250,414,240" step="2"/><T99/><D117/><U56/><E114/><V48/><F118/><W77/><G77/><T135/><D132/><U112/><E112/><V129/><F78/><W60/><AGARI ba="0,1" hai="19,23,25,30,31,36,40,46,55,59,60,63,66,68" machi="60" ten="20,5200,0" yaku="1,1,0,1,7,1,52,1,53,0" doraHai="69" doraHaiUra="116" who="3" fromWho="3" sc="86,-13,250,-13,414,-26,240,62" /><INIT seed="3,0,0,3,5,72" ten="73,237,388,302" oya="3" hai0="82,19,52,37,60,93,77,30,89,16,11,129,76" hai1="109,102,47,90,35,133,34,121,58,2,119,81,66" hai2="128,27,50,111,114,3,87,88,123,125,6,59,132" hai3="134,44,118,104,92,84,45,20,126,8,67,115,41"/><W130/><G118/><T64/><D37/><U106/><E121/><V42/><F114/><W46/><G104/><T24/><D129/><U107/><E2/><V71/><F71/><W10/><G115/><T116/><D82/><U29/><E109/><V69/><F69/><W39/><G130/><T4/><D64/><U98/><E133/><V127/><F27/><W85/><G134/><T91/><D116/><U32/><E47/><V112/><F111/><W78/><G126/><T117/><D117/><U55/><E66/><V14/><F3/><W1/><G67/><T61/><D30/><U5/><E5/><V53/><F42/><W48/><G1/><T33/><D33/><U12/><E12/><V75/><F75/><W18/><G46/><T63/><D4/><U56/><E107/><V124/><F112/><W101/><G101/><T43/><D43/><U103/><E103/><V73/><F73/><W68/><G68/><T131/><D131/><U62/><E56/><V74/><F74/><W122/><G122/><T22/><D89/><U120/><E119/><V80/><F128/><W108/><G108/><T113/><D113/><U94/><E120/><V36/><F123/><W86/><G92/><T79/><D11/><U17/><E106/><V40/><F132/><W100/><G100/><T110/><D110/><U0/><E0/><V38/><F40/><N who="3" m="24583" /><G78/><T23/><D52/><U21/><E102/><V28/><F28/><W105/><G105/><T57/><D57/><U97/><E29/><V7/><F7/><W9/><G9/><AGARI ba="0,0" hai="6,9,14,36,38,50,53,59,80,87,88,124,125,127" machi="9" ten="40,2600,0" yaku="18,1,54,1" doraHai="72" who="2" fromWho="3" sc="73,0,237,0,388,26,302,-26" owari="73,-42.7,237,-16.3,414,51.4,276,7.6" /></mjloggm>