<mjloggm ver="2.3"><GO type="225" lobby="0"/><UN n0="%72%61%6B%33" n1="%E3%81%82%E3%81%99%E3%81%AB%E3%82%83%E3%82%80" n2="%E3%81%AF%E3%82%88%E3%81%8A%E3%81%98%E3%81%95%E3%82%93" n3="%E8%81%B7%E6%A5%AD%E3%80%81%E9%A2%A8%32" dan="18,16,16,16" rate="2283.71,2046.18,2216.22,2155.67" sx="M,F,M,M"/><TAIKYOKU oya="0"/><INIT seed="0,0,0,4,4,21" ten="250,250,250,250" oya="0" hai0="25,87,80,92,15,108,3,29,47,111,79,95,27" hai1="6,24,84,48,121,124,101,30,63,22,1,41,94" hai2="132,122,118,19,45,62,16,120,130,9,39,99,71" hai3="20,35,70,59,5,14,36,102,56,86,96,53,52"/><T82/><D3/><U135/><E121/><V83/><F130/><W93/><G70/><T74/><D15/><U127/><E135/><V34/><F132/><W112/><G35/><T75/><D47/><N who="1" m="25711" /><E1/><V58/><F34/><W60/><G36/><T114/><D29/><U106/><E106/><V17/><F71/><W26/><G112/><T7/><D114/><U32/><E32/><V88/><F118/><W100/><G100/><T85/><D79/><U8/><E63/><V105/><F9/><N who="3" m="4399" /><G86/><T46/><D46/><U68/><E68/><V12/><F12/><W33/><G33/><T54/><REACH who="0" step="1"/><D54/><REACH who="0" ten="240,250,250,250" step="2"/><N who="3" m="21097" /><G60/><T4/><AGARI ba="0,1" hai="4,7,25,27,74,75,80,82,85,87,92,95,108,111" machi="4" ten="25,18000,2" yaku="1,1,0,1,22,2,52,2,53,0" doraHai="21" doraHaiUra="55" who="0" fromWho="0" sc="240,190,250,-60,250,-60,250,-60" /><INIT seed="0,1,0,3,0,99" ten="430,190,190,190" oya="0" hai0="131,72,36,95,3,61,70,81,16,5,101,49,27" hai1="57,80,65,83,66,116,132,102,125,56,86,117,112" hai2="22,31,88,133,13,7,123,18,118,135,107,15,120" hai3="42,23,40,103,2,29,6,111,78,0,82,130,25"/><T8/><D36/><U53/><E132/><N who="2" m="50763" /><F107/><W1/><G111/><T43/><D131/><U121/><E125/><V85/><F31/><W128/><G6/><T87/><D72/><U11/><E121/><N who="2" m="46667" /><F118/><W38/><G103/><T79/><D70/><U50/><E112/><V108/><F108/><W64/><G64/><T14/><D61/><U129/><E129/><N who="3" m="49770" /><G38/><T114/><D114/><U77/><E116/><V113/><F113/><W62/><G62/><T105/><D105/><U126/><E126/><V21/><F7/><W35/><G35/><T91/><D27/><U37/><E37/><V54/><F54/><W41/><G41/><T127/><D127/><U28/><E28/><V34/><F34/><W69/><G69/><T60/><D60/><U24/><E24/><N who="2" m="14391" /><F22/><W46/><G46/><N who="0" m="25823" /><D3/><N who="3" m="769" /><W94/><DORA hai="71" /><G94/><AGARI ba="1,0" hai="13,15,85,88,94" m="14391,46667,50763" machi="94" ten="30,2000,0" yaku="20,1,54,1" doraHai="99,71" who="2" fromWho="3" sc="430,0,190,0,190,23,190,-23" /><INIT seed="1,0,0,4,1,129" ten="430,190,213,167" oya="1" hai0="119,97,71,77,24,95,96,113,80,94,61,65,20" hai1="108,124,7,78,47,86,16,92,70,60,3,54,26" hai2="81,112,82,15,64,104,27,106,90,45,5,133,103" hai3="117,121,30,125,67,74,10,76,89,44,35,100,128"/><U32/><E124/><V17/><F112/><W126/><G121/><T87/><D113/><U101/><E3/><V53/><F64/><W84/><G128/><T29/><D119/><U99/><E70/><V122/><F122/><W69/><G117/><T75/><D95/><U11/><E32/><V12/><F27/><N who="3" m="18911" /><G76/><T6/><D6/><U111/><E7/><V130/><F130/><W55/><G74/><T115/><D115/><U50/><E60/><V102/><F5/><W93/><G10/><T19/><D19/><U52/><E78/><V28/><F28/><W41/><G55/><T110/><D110/><N who="1" m="42027" /><E86/><V21/><F17/><W118/><G118/><T109/><D109/><U0/><E0/><V22/><F81/><W36/><G69/><T79/><D79/><U83/><E83/><V1/><F82/><W57/><G125/><T105/><D105/><U40/><E11/><V72/><F1/><W25/><G126/><T51/><D75/><U18/><E18/><V59/><F72/><W4/><G4/><T49/><D96/><U116/><E116/><V127/><F127/><W68/><G68/><T31/><D31/><U91/><E101/><AGARI ba="0,0" hai="20,24,29,49,51,61,65,71,77,80,87,94,97,101" machi="101" ten="30,1000,0" yaku="7,1" doraHai="129" who="0" fromWho="1" sc="430,10,190,-10,213,0,167,0" /><INIT seed="2,0,0,5,5,83" ten="440,180,213,167" oya="2" hai0="54,95,85,35,114,88,98,69,21,62,70,92,38" hai1="27,34,113,106,109,125,131,135,129,84,16,1,65" hai2="75,96,99,110,128,133,76,48,46,39,64,72,101" hai3="68,77,45,119,28,104,37,80,108,100,71,91,73"/><V52/><F128/><N who="1" m="49225" /><E113/><V40/><F133/><W53/><G119/><T19/><D35/><U121/><E106/><V0/><F0/><W23/><G108/><T18/><D38/><U11/><E109/><V58/><F110/><W49/><G37/><T29/><D114/><U115/><E115/><V67/><F99/><W51/><G100/><T60/><D70/><U25/><E135/><V116/><F116/><W30/><G104/><T86/><D69/><U122/><E125/><V24/><F24/><N who="1" m="9289" /><E65/><V4/><F4/><W124/><G124/><T42/><D42/><U134/><E134/><V12/><F12/><W112/><G112/><T81/><D29/><N who="3" m="11369" /><G71/><T111/><D111/><U130/><E130/><V93/><F76/><W74/><G68/><T17/><D21/><U59/><E34/><V94/><REACH who="2" step="1"/><F93/><REACH who="2" ten="440,180,203,167" step="2"/><W107/><G77/><N who="0" m="46255" /><D54/><U7/><E16/><V10/><F10/><W118/><G118/><T78/><D78/><U6/><E6/><V123/><F123/><N who="1" m="47113" /><E59/><V102/><F102/><AGARI ba="0,1" hai="17,18,19,60,62,86,88,92,95,98,102" m="46255" machi="102" ten="30,7700,0" yaku="8,1,52,2,54,1" doraHai="83" who="0" fromWho="2" sc="440,87,180,0,203,-77,167,0" /><INIT seed="3,0,0,4,2,131" ten="527,180,126,167" oya="3" hai0="80,124,70,81,48,56,109,58,114,31,87,22,60" hai1="10,94,49,46,117,75,12,132,39,134,123,47,65" hai2="101,71,4,64,69,25,66,92,108,33,13,135,20" hai3="38,41,110,59,28,130,72,74,15,90,105,68,121"/><W23/><G121/><T0/><D0/><U112/><E112/><V2/><F108/><W6/><G105/><T102/><D109/><U50/><E75/><V89/><F101/><W30/><G68/><T24/><D124/><U122/><E117/><V91/><F71/><W98/><G110/><T3/><D3/><U96/><E65/><V106/><F106/><W97/><G74/><T45/><D114/><U17/><E39/><V9/><F69/><W113/><G72/><T52/><D102/><U57/><E57/><V83/><F135/><N who="1" m="51753" /><E49/><V63/><F63/><W82/><G59/><T84/><D70/><U37/><E37/><V67/><F83/><N who="0" m="31818" /><D58/><U27/><E27/><V8/><F8/><W1/><G38/><T62/><D62/><U103/><E47/><V26/><F26/><W29/><G113/><T127/><D127/><U119/><E119/><V78/><F78/><W19/><G130/><T111/><D111/><U77/><E77/><V36/><F36/><W79/><G79/><T118/><D118/><U11/><E10/><V76/><F76/><W35/><G41/><AGARI ba="0,0" hai="22,24,31,41,45,48,52,56,60,84,87" m="31818" machi="41" ten="30,2000,0" yaku="8,1,54,1" doraHai="131" who="0" fromWho="3" sc="527,20,180,0,126,0,167,-20" /><AGARI ba="0,0" hai="11,12,17,41,46,50,94,96,103,122,123" m="51753" machi="41" ten="30,7700,0" yaku="20,1,52,3" doraHai="131" who="1" fromWho="3" sc="547,0,180,77,126,0,147,-77" owari="547,64.7,257,5.7,126,-27.4,70,-43.0" /></mjloggm>