<mjloggm ver="2.3"><GO type="225" lobby="0"/><UN n0="%E3%81%A1%E3%82%85%E3%81%86%E3%81%A9%E3%81%8F%E8%B1%A1%E3%81%95%E3%82%93" n1="%45%6C%79%73%69%75%6D" n2="%E2%91%A3%E9%81%BF%E9%81%8A%E6%88%AF%E3%80%90%E6%9D%B1%E5%8D%97%E3%80%91" n3="%E3%83%A1%E3%82%AC%E3%83%87%E3%82%B8" dan="17,18,16,16" rate="2137.85,2163.73,2115.44,2112.69" sx="M,F,M,F"/><TAIKYOKU oya="0"/><INIT seed="0,0,0,0,4,75" ten="250,250,250,250" oya="0" hai0="80,133,10,46,37,66,122,15,85,130,0,107,120" hai1="36,35,63,33,127,50,61,6,87,129,112,16,94" hai2="53,55,1,100,114,102,71,74,78,41,45,89,9" hai3="79,82,14,8,40,81,72,32,42,3,132,52,76"/><T18/><D107/><U110/><E36/><V88/><F114/><W86/><G132/><T43/><D133/><U111/><E112/><V56/><F71/><W117/><G117/><T58/><D130/><U60/><E129/><V11/><F56/><W62/><G32/><T17/><D0/><U73/><E73/><V65/><F65/><W38/><G3/><T24/><D24/><U90/><E127/><V26/><F26/><W101/><G101/><T70/><D70/><U126/><E6/><V20/><F20/><W28/><G28/><T51/><D17/><U92/><E126/><V77/><F74/><W49/><G62/><T48/><D37/><U97/><E50/><V22/><F22/><W47/><G38/><T30/><D30/><U5/><E5/><AGARI ba="0,0" hai="5,8,14,40,42,47,49,52,72,76,79,81,82,86" machi="5" ten="30,7700,0" yaku="7,1,52,2,54,1" doraHai="75" who="3" fromWho="1" sc="250,0,250,-77,250,0,250,77" /><INIT seed="1,0,0,0,3,71" ten="250,173,250,327" oya="1" hai0="15,11,133,25,134,132,17,50,54,57,19,130,8" hai1="52,53,93,73,46,56,3,6,78,95,87,0,49" hai2="22,102,85,41,119,62,29,118,47,101,61,123,128" hai3="59,96,88,110,70,5,10,100,67,30,55,51,99"/><U33/><E73/><V112/><F123/><W34/><G110/><T24/><REACH who="0" step="1"/><D130/><REACH who="0" ten="240,173,250,327" step="2"/><U20/><E33/><V77/><F128/><W135/><G135/><T84/><D84/><U76/><E20/><V69/><F85/><W113/><G113/><T108/><D108/><U39/><E39/><V117/><F22/><W125/><G125/><T16/><D16/><U115/><E115/><V105/><F112/><W97/><G34/><T4/><D4/><U131/><E131/><V36/><F29/><W91/><G30/><T114/><D114/><U82/><E78/><V86/><F86/><W45/><G5/><T23/><D23/><U60/><REACH who="1" step="1"/><E6/><REACH who="1" ten="240,163,250,327" step="2"/><V44/><F77/><W37/><G37/><T104/><D104/><U63/><E63/><V109/><F105/><W111/><G111/><T64/><D64/><U21/><E21/><V75/><F109/><W103/><G67/><T90/><D90/><U81/><E81/><V27/><F75/><W120/><G88/><T121/><D121/><U18/><E18/><V74/><F74/><W127/><G91/><T38/><D38/><U68/><E68/><V94/><F36/><W14/><G120/><T7/><D7/><U106/><E106/><V2/><F118/><W13/><G70/><T35/><D35/><U92/><AGARI ba="0,2" hai="0,3,46,49,52,53,56,60,76,82,87,92,93,95" machi="92" ten="30,6000,0" yaku="1,1,0,1,54,1,53,0" doraHai="71" doraHaiUra="65" who="1" fromWho="1" sc="240,-20,163,80,250,-20,327,-20" /><INIT seed="1,1,0,2,3,102" ten="220,243,230,307" oya="1" hai0="8,6,73,100,106,43,39,16,35,135,67,121,90" hai1="70,32,51,85,115,76,61,109,44,68,57,104,15" hai2="98,74,10,114,33,127,93,23,42,110,64,56,5" hai3="26,29,88,31,92,20,66,71,58,77,47,75,86"/><U133/><E115/><V97/><F114/><W7/><G71/><T105/><D90/><U48/><E32/><V3/><F33/><W111/><G111/><T130/><D100/><U83/><E109/><V103/><F110/><W25/><G7/><T30/><D16/><U122/><E122/><V107/><F74/><W120/><G120/><T94/><D94/><U79/><E133/><V117/><F117/><W69/><G69/><T41/><D41/><U49/><E104/><N who="0" m="40041" /><D121/><U22/><E44/><V27/><F42/><W112/><G112/><T45/><D135/><U99/><E99/><V36/><F36/><W84/><G75/><T126/><D67/><U91/><E68/><V19/><F98/><W124/><G92/><T134/><D73/><U17/><REACH who="1" step="1"/><E70/><REACH who="1" ten="220,233,230,307" step="2"/><V131/><F107/><W95/><G124/><T24/><D134/><U50/><N who="1" m="12288" /><DORA hai="59" /><U54/><AGARI ba="1,1" hai="15,17,22,54,57,61,76,79,83,85,91" m="12288" machi="54" ten="40,18000,2" yaku="1,1,4,1,0,1,8,1,52,1,53,2" doraHai="102,59" doraHaiUra="11,87" who="1" fromWho="1" sc="220,-61,233,193,230,-61,307,-61" /><INIT seed="1,2,0,3,0,87" ten="159,426,169,246" oya="1" hai0="134,121,6,84,59,35,119,76,116,10,92,125,100" hai1="72,38,81,63,11,39,42,77,60,12,20,43,88" hai2="37,101,4,79,1,34,15,91,19,68,57,93,62" hai3="53,5,29,41,50,86,96,54,0,49,26,115,33"/><U99/><E20/><V2/><F68/><W16/><G115/><T21/><D35/><U104/><E42/><V3/><F37/><W22/><G96/><T71/><D71/><U107/><E107/><V95/><F34/><W105/><G105/><T74/><D134/><U48/><E48/><V111/><F111/><W51/><G41/><T7/><D125/><U97/><E97/><V112/><F112/><W23/><G23/><T30/><D121/><U9/><E9/><V40/><F40/><W75/><G75/><T80/><D6/><U27/><E27/><V135/><F135/><W24/><REACH who="3" step="1"/><G86/><REACH who="3" ten="159,426,169,236" step="2"/><T65/><D74/><U132/><E132/><V73/><F73/><W18/><G18/><T109/><D109/><U122/><E122/><V82/><F101/><W55/><G55/><T118/><D21/><U113/><E113/><V89/><F4/><W46/><G46/><T47/><D47/><U94/><E104/><V98/><F79/><W66/><G66/><T69/><D65/><U45/><E39/><V17/><F82/><W78/><G78/><T90/><D116/><U106/><E106/><V70/><F70/><W123/><G123/><T102/><D69/><U103/><E103/><V31/><F31/><W64/><G64/><T117/><D30/><U14/><E14/><V120/><F120/><W108/><G108/><T85/><REACH who="0" step="1"/><D59/><REACH who="0" ten="149,426,169,236" step="2"/><U36/><E38/><V83/><F57/><W67/><G67/><T124/><D124/><U8/><E8/><AGARI ba="2,2" hai="0,5,8,16,22,24,26,29,33,49,50,51,53,54" machi="8" ten="40,8000,1" yaku="1,1,54,1,53,3" doraHai="87" doraHaiUra="44" who="3" fromWho="1" sc="149,0,426,-86,169,0,236,106" /><INIT seed="2,0,0,5,0,77" ten="149,340,169,342" oya="2" hai0="74,72,99,111,132,126,95,4,28,30,3,135,91" hai1="121,26,133,14,27,106,92,19,117,15,125,63,16" hai2="89,94,57,76,71,45,59,40,68,85,134,55,90" hai3="65,101,46,120,62,67,38,44,51,82,79,127,131"/><V129/><F134/><N who="0" m="51242" /><D111/><U9/><E106/><V93/><F129/><W11/><G131/><T119/><D126/><U112/><E133/><V69/><F76/><W113/><G120/><T53/><D119/><U70/><E125/><V52/><F40/><W29/><G127/><T114/><D114/><U35/><E121/><V130/><F130/><W80/><G29/><N who="0" m="11371" /><D53/><U60/><E112/><V73/><F73/><N who="0" m="28266" /><D4/><U78/><E117/><V5/><F5/><W0/><G113/><T50/><D50/><U124/><E35/><V21/><F21/><W100/><G51/><T36/><D3/><U97/><E78/><V17/><F17/><W102/><G79/><T84/><D99/><U42/><E42/><V25/><F25/><N who="1" m="9225" /><E70/><V31/><F31/><W88/><G0/><T56/><D56/><U110/><E110/><V34/><F34/><W87/><G65/><T20/><D20/><N who="1" m="11287" /><E124/><V47/><F71/><W98/><G98/><T108/><D108/><U49/><E49/><V116/><REACH who="2" step="1"/><F85/><REACH who="2" ten="149,340,159,342" step="2"/><W118/><G87/><T115/><D115/><U107/><E19/><V8/><F8/><W96/><G11/><T66/><D36/><U10/><E10/><V24/><F24/><W1/><G38/><T12/><D12/><U48/><E15/><V54/><F54/><W7/><G118/><AGARI ba="0,1" hai="45,47,52,55,57,59,68,69,89,90,93,94,116,118" machi="118" ten="25,9600,0" yaku="1,1,22,2,54,1,53,0" doraHai="77" doraHaiUra="2" who="2" fromWho="3" sc="149,0,340,0,159,106,342,-96" /><INIT seed="2,1,0,4,2,124" ten="149,340,265,246" oya="2" hai0="53,57,27,55,18,2,130,131,17,83,31,28,123" hai1="89,117,76,80,40,25,81,77,7,63,96,97,26" hai2="103,59,6,73,56,71,35,121,14,79,47,49,107" hai3="9,104,37,112,46,98,66,8,75,101,39,100,22"/><V60/><F121/><W113/><G75/><T74/><D123/><U0/><E117/><V34/><F71/><W65/><G22/><T120/><D120/><U105/><E40/><V122/><F122/><W38/><G46/><T70/><D70/><U16/><E105/><V109/><F109/><W94/><G94/><T24/><D83/><U51/><E51/><V72/><F59/><W82/><G82/><T128/><D74/><U86/><E7/><V45/><F47/><W67/><REACH who="3" step="1"/><G101/><REACH who="3" ten="149,340,265,236" step="2"/><T95/><D95/><U91/><E80/><V1/><F73/><W129/><G129/><T19/><D2/><U33/><E0/><V78/><F1/><W41/><G41/><T127/><D127/><U54/><E81/><V126/><F72/><W42/><G42/><T116/><D116/><U115/><E77/><V87/><F126/><W90/><G90/><T4/><D4/><U20/><E89/><V106/><F6/><W5/><G5/><T88/><D88/><U3/><E91/><V118/><F103/><W52/><G52/><N who="0" m="20043" /><D57/><U99/><E3/><V102/><F56/><W111/><G111/><T68/><D68/><U92/><E76/><V84/><F102/><W11/><AGARI ba="1,1" hai="8,9,11,37,38,39,65,66,67,98,100,104,112,113" machi="11" ten="40,8000,1" yaku="1,1,0,1,29,2,53,0" doraHai="124" doraHaiUra="30" who="3" fromWho="3" sc="149,-21,340,-21,265,-41,236,93" /><INIT seed="3,0,0,2,0,24" ten="128,319,224,329" oya="3" hai0="19,82,77,71,16,9,49,0,96,117,37,8,41" hai1="92,79,115,40,90,109,69,124,86,28,99,10,112" hai2="122,131,33,1,114,80,129,134,2,48,83,3,70" hai3="119,125,113,5,105,6,65,17,11,68,97,62,12"/><W18/><G113/><T60/><D117/><U45/><E69/><V23/><F33/><W30/><G119/><T127/><D127/><U130/><E124/><V74/><F74/><W100/><G125/><T116/><D116/><U126/><E126/><V13/><F70/><W120/><G120/><T72/><D96/><U123/><E123/><V133/><F122/><W46/><G30/><T106/><D49/><U73/><E73/><V85/><F114/><W103/><G103/><T36/><D36/><U107/><E109/><V93/><F93/><W56/><G68/><T31/><D106/><U66/><E130/><N who="2" m="49675" /><F48/><W104/><G104/><T81/><D81/><N who="2" m="31306" /><F85/><W15/><G46/><T32/><D71/><U121/><E79/><V51/><F51/><W20/><AGARI ba="0,0" hai="5,6,11,12,15,17,18,20,56,62,65,97,100,105" machi="20" ten="20,2100,0" yaku="0,1,7,1" doraHai="24" who="3" fromWho="3" sc="128,-7,319,-7,224,-7,329,21" owari="121,-37.9,312,11.2,217,-18.3,350,45.0" /></mjloggm>