<mjloggm ver="2.3"><GO type="225" lobby="0"/><UN n0="%E5%B8%86%E7%AB%8B%E5%A4%8F%E8%A1%A3" n1="%6D%75%75%6D%75%72%61" n2="%E3%82%BC%E3%83%AB%E3%83%80%E3%81%AE%E4%BC%9D%E8%AA%AC" n3="%6A%79%75%6E%6F%68" dan="16,17,17,16" rate="2120.54,2202.23,2260.79,2149.71" sx="M,F,M,M"/><TAIKYOKU oya="0"/><INIT seed="0,0,0,2,5,53" ten="250,250,250,250" oya="0" hai0="3,41,38,40,134,94,67,78,98,105,116,30,65" hai1="87,25,17,106,93,130,80,16,129,132,63,9,8" hai2="33,52,7,85,14,68,11,99,39,125,31,71,76" hai3="61,133,50,6,48,10,82,13,119,122,108,100,2"/><T66/><D116/><U37/><E106/><V107/><F39/><W35/><G119/><T57/><D134/><U56/><E37/><V23/><F125/><W90/><G133/><T83/><D105/><U46/><E46/><V123/><F123/><W121/><G35/><T49/><D3/><U113/><E93/><V20/><F33/><W5/><G108/><T120/><D120/><N who="3" m="46185" /><G100/><T70/><D70/><U103/><E103/><V47/><F107/><W89/><G61/><T19/><D38/><U73/><E73/><V77/><F71/><W72/><G72/><T28/><D19/><N who="1" m="7243" /><E25/><V64/><F99/><W104/><G104/><T110/><D110/><U42/><E42/><N who="0" m="16489" /><D83/><U88/><E132/><V115/><F68/><W127/><G127/><T135/><D78/><U92/><E80/><V112/><F76/><W60/><G82/><T84/><D84/><U24/><E24/><V12/><F85/><W1/><G1/><T44/><D135/><U21/><E21/><V118/><F77/><W124/><G124/><T15/><D15/><U74/><E74/><V45/><F118/><W32/><G32/><T95/><D95/><U26/><E26/><V97/><F14/><W58/><G90/><N who="0" m="55639" /><D44/><U51/><E113/><V75/><F75/><W114/><G89/><T34/><D34/><U101/><E101/><V96/><F115/><W4/><G114/><T109/><D109/><U117/><E117/><V128/><F112/><W0/><G0/><T59/><D49/><N who="3" m="19049" /><G2/><T79/><D79/><U86/><E51/><V55/><F45/><W62/><G62/><N who="0" m="38095" /><D67/><AGARI ba="0,0" hai="4,5,6,10,13,58,60,67" m="19049,46185" machi="67" ten="30,2000,0" yaku="13,1,52,1" doraHai="53" who="3" fromWho="0" sc="250,-20,250,0,250,0,250,20" /><INIT seed="1,0,0,0,0,62" ten="230,250,250,270" oya="1" hai0="11,12,109,60,102,48,85,52,26,88,107,68,132" hai1="21,29,123,0,38,61,24,90,73,99,27,86,66" hai2="2,83,20,91,115,84,97,35,129,51,9,40,34" hai3="43,78,53,39,133,111,103,87,114,6,47,77,100"/><U93/><E123/><V128/><F115/><W36/><G114/><T122/><D122/><U16/><E73/><V104/><F20/><W4/><G111/><T116/><D116/><U63/><E0/><V18/><F40/><W8/><G133/><T110/><D132/><U81/><E38/><V41/><F41/><W70/><G70/><T127/><D127/><U119/><E119/><V30/><F51/><W22/><G39/><T7/><D107/><U1/><E1/><V92/><F104/><W28/><G53/><T33/><D102/><U96/><E66/><V64/><F64/><W55/><G55/><T131/><D131/><N who="2" m="50250" /><F30/><W49/><G36/><T98/><D98/><U94/><E99/><V59/><F59/><W57/><G57/><N who="0" m="32903" /><D60/><U121/><E121/><V10/><F18/><W117/><G117/><T125/><D68/><U134/><E134/><V5/><F10/><W76/><G87/><T120/><D120/><U95/><REACH who="1" step="1"/><E96/><REACH who="1" ten="230,240,250,270" step="2"/><V72/><F72/><W74/><G74/><T75/><D75/><U118/><E118/><V17/><F2/><W50/><G100/><T54/><D125/><U69/><E69/><V80/><F97/><W32/><G103/><T105/><D110/><U14/><E14/><V19/><F34/><AGARI ba="0,1" hai="16,21,24,27,29,34,61,63,81,86,90,93,94,95" machi="34" ten="40,3900,0" yaku="1,1,54,1,53,0" doraHai="62" doraHaiUra="101" who="1" fromWho="2" sc="230,0,240,49,250,-39,270,0" /><INIT seed="1,1,0,4,1,64" ten="230,289,211,270" oya="1" hai0="69,21,8,52,106,131,51,62,133,84,89,104,39" hai1="36,71,125,59,0,60,134,25,14,23,46,87,42" hai2="24,110,5,18,17,26,55,93,124,10,117,82,100" hai3="61,47,67,4,121,31,7,57,15,103,112,70,41"/><U37/><E134/><V132/><F117/><W135/><G112/><T72/><D72/><U80/><E0/><V96/><F132/><W20/><G135/><T128/><D133/><U85/><E125/><V12/><F110/><W111/><G111/><T123/><D39/><U43/><E14/><V88/><F124/><W63/><G121/><T76/><D76/><U22/><E71/><V83/><F55/><W54/><G103/><T56/><D123/><U122/><E122/><V16/><F100/><W68/><G68/><T101/><D8/><U32/><E32/><V49/><F49/><W91/><G91/><T77/><D77/><U2/><E2/><V108/><F108/><W11/><G20/><T105/><D21/><U102/><E102/><V35/><F35/><W130/><G130/><N who="0" m="49707" /><D101/><U109/><E22/><V97/><F97/><W113/><G31/><T48/><D69/><U28/><E109/><V53/><F53/><W27/><G27/><AGARI ba="1,0" hai="5,10,12,16,17,18,24,26,27,82,83,88,93,96" machi="27" ten="40,5200,0" yaku="8,1,54,2" doraHai="64" who="2" fromWho="3" sc="230,0,289,0,211,55,270,-55" /><INIT seed="2,0,0,2,0,61" ten="230,289,266,215" oya="2" hai0="113,31,59,82,4,134,10,19,117,54,42,80,8" hai1="30,87,78,115,46,85,21,48,111,43,36,83,53" hai2="86,133,5,128,55,81,96,91,44,41,24,37,16" hai3="129,26,119,125,68,6,45,120,32,131,65,35,114"/><V75/><F133/><W95/><G119/><T94/><D113/><U123/><E115/><V92/><F128/><N who="3" m="49227" /><G114/><T62/><D134/><U60/><E111/><V17/><F75/><W33/><G120/><T126/><D126/><U40/><E123/><V90/><F5/><W103/><G125/><T73/><D117/><U93/><E36/><V39/><F39/><W97/><G6/><T110/><D110/><U57/><E30/><V52/><F24/><W102/><G45/><T14/><D73/><U15/><E21/><V1/><F1/><W50/><G50/><T122/><D122/><U116/><E15/><V77/><REACH who="2" step="1"/><F91/><REACH who="2" ten="230,289,256,215" step="2"/><N who="3" m="55551" /><G26/><T11/><D4/><U69/><E116/><V72/><F72/><W127/><G127/><T0/><D0/><U38/><E38/><V63/><F63/><AGARI ba="0,1" hai="32,33,35,63,65,68,102,103" m="55551,49227" machi="63" ten="40,2600,0" yaku="19,1,52,1" doraHai="61" who="3" fromWho="2" sc="230,0,289,0,256,-26,215,36" /><INIT seed="3,0,0,5,4,46" ten="230,289,230,251" oya="3" hai0="102,122,47,17,66,120,123,82,8,19,7,58,33" hai1="119,59,42,114,95,45,83,50,71,134,103,34,125" hai2="51,124,12,132,24,55,69,53,135,18,40,35,121" hai3="43,107,37,25,22,91,6,126,26,29,131,127,84"/><W100/><G131/><T0/><D33/><U110/><E71/><V68/><F124/><N who="3" m="47659" /><G6/><T80/><D102/><U14/><E114/><V28/><F121/><W104/><G100/><T92/><D92/><U108/><E34/><V61/><F40/><W98/><G98/><T65/><D47/><U99/><E125/><V72/><F72/><W38/><G26/><T5/><D58/><U96/><E134/><N who="2" m="51243" /><F61/><W130/><G130/><T10/><REACH who="0" step="1"/><D120/><REACH who="0" ten="220,289,230,251" step="2"/><U109/><E103/><V116/><F116/><W63/><G107/><T36/><D36/><U81/><E119/><V41/><F41/><W4/><G104/><T87/><D87/><U79/><E99/><V74/><F74/><W77/><G43/><T64/><D64/><U52/><E96/><V54/><F51/><W76/><G38/><T118/><D118/><U39/><E95/><V128/><F128/><W49/><G37/><T23/><D23/><AGARI ba="0,1" hai="12,18,23,24,28,35,53,54,55,68,69" m="51243" machi="23" ten="30,1000,0" yaku="20,1" doraHai="46" who="2" fromWho="0" sc="220,-10,289,0,230,20,251,0" /><INIT seed="4,0,0,2,2,61" ten="210,289,250,251" oya="0" hai0="25,67,104,97,52,4,117,112,95,83,78,127,7" hai1="10,8,43,85,89,35,34,29,19,102,64,16,91" hai2="1,134,135,62,130,126,79,103,57,45,120,55,33" hai3="101,68,88,116,81,107,41,0,3,92,125,17,105"/><T87/><D112/><U27/><E35/><V53/><F33/><W110/><G110/><T100/><D117/><U80/><E102/><V49/><F1/><W46/><G116/><T131/><D131/><U32/><E32/><V48/><F79/><W113/><G68/><T14/><D127/><U70/><E43/><N who="2" m="24639" /><F103/><W24/><G81/><T121/><D121/><U11/><E91/><V13/><F13/><W9/><G113/><T86/><D25/><U40/><E40/><V98/><F98/><W133/><G101/><T56/><D67/><U38/><E38/><V26/><F26/><W50/><G133/><N who="2" m="50697" /><F120/><W84/><G125/><T60/><REACH who="0" step="1"/><D14/><REACH who="0" ten="200,289,250,251" step="2"/><U122/><E122/><V47/><F126/><W23/><G0/><T21/><D21/><U119/><E119/><V28/><F28/><W71/><G3/><T5/><D5/><U94/><E34/><V44/><F130/><W59/><G24/><T73/><D73/><U42/><E29/><V128/><F128/><W123/><G23/><T106/><D106/><U63/><E27/><V77/><F77/><W12/><G123/><T69/><D69/><U6/><E6/><V36/><F36/><W31/><G71/><T65/><D65/><U96/><E19/><V82/><F82/><W18/><G18/><T111/><D111/><U20/><E16/><V54/><F54/><W66/><G31/><T114/><D114/><U2/><E20/><V109/><F109/><W132/><G132/><T22/><D22/><U129/><E2/><V90/><F90/><AGARI ba="0,1" hai="4,7,52,56,60,78,83,86,87,90,95,97,100,104" machi="90" ten="40,3900,0" yaku="1,1,54,1,53,0" doraHai="61" doraHaiUra="118" who="0" fromWho="2" sc="200,49,289,0,250,-39,251,0" /><INIT seed="4,1,0,1,0,20" ten="249,289,211,251" oya="0" hai0="46,111,90,9,57,5,55,1,94,33,131,45,75" hai1="25,3,19,69,58,13,119,7,130,107,21,81,61" hai2="65,71,37,128,115,85,54,105,11,95,72,83,4" hai3="132,24,126,129,121,28,96,47,73,60,42,84,82"/><T10/><D131/><U99/><E119/><V2/><F128/><W51/><G129/><T41/><D75/><U63/><E130/><V76/><F115/><W6/><G126/><T18/><D33/><U77/><E3/><V116/><F116/><W123/><G73/><T86/><D111/><U100/><E69/><V70/><F65/><W102/><G6/><T14/><REACH who="0" step="1"/><D41/><REACH who="0" ten="239,289,211,251" step="2"/><U135/><E135/><V114/><F114/><W93/><G132/><T92/><D92/><U78/><E107/><V91/><F105/><W113/><G113/><T35/><D35/><U98/><E81/><V8/><F37/><W0/><G123/><T124/><D124/><U39/><E39/><V38/><F38/><W112/><G121/><T15/><D15/><U56/><E13/><V106/><F106/><W27/><G112/><T109/><D109/><U16/><E77/><V120/><F120/><W104/><G104/><T122/><D122/><U22/><E78/><V103/><F103/><W88/><G102/><T17/><D17/><U89/><E100/><V80/><F95/><W97/><G93/><T44/><D44/><U50/><E89/><V67/><F2/><W36/><G0/><T12/><D12/><U134/><E134/><V118/><F118/><W68/><G36/><T117/><D117/><U62/><E19/><V52/><F72/><W87/><G82/><T29/><D29/><U108/><E108/><V110/><F110/><W34/><G28/><T30/><D30/><U49/><E16/><V125/><F83/><W32/><G32/><T133/><D133/><U64/><E7/><RYUUKYOKU ba="1,1" sc="239,30,289,-10,211,-10,251,-10" hai0="1,5,9,10,14,18,45,46,55,57,86,90,94" /><INIT seed="4,2,1,5,1,64" ten="269,279,201,241" oya="0" hai0="67,93,117,94,120,89,31,113,111,135,60,19,12" hai1="125,6,78,72,44,21,9,52,46,38,42,115,3" hai2="79,77,105,26,17,16,130,74,8,5,0,134,91" hai3="48,90,34,10,84,1,76,14,23,102,28,13,124"/><T129/><D117/><U47/><E125/><V95/><F134/><W53/><G124/><T73/><D73/><U22/><E115/><V50/><F130/><W69/><G69/><T107/><D120/><U132/><E132/><V7/><F105/><W27/><G76/><T39/><D39/><U109/><E109/><V25/><F50/><W20/><G102/><T51/><D107/><U40/><E52/><V58/><F58/><W112/><G1/><T66/><D129/><U29/><E29/><V127/><F127/><W57/><G14/><T121/><D121/><U15/><E15/><V101/><F101/><W2/><G2/><T65/><D111/><U32/><E32/><V119/><F119/><W80/><REACH who="3" step="1"/><G112/><REACH who="3" ten="269,279,201,231" step="2"/><T45/><D113/><U68/><E68/><V61/><F0/><W122/><G122/><T99/><D135/><U18/><E78/><V24/><F77/><W133/><G133/><T83/><D12/><U116/><E3/><V4/><F79/><W35/><G35/><T114/><D114/><U75/><E116/><V62/><F74/><W128/><G128/><T81/><D89/><U92/><E75/><V98/><REACH who="2" step="1"/><F8/><REACH who="2" ten="269,279,191,231" step="2"/><W96/><G96/><T54/><D99/><U55/><E72/><V36/><F36/><W118/><G118/><T82/><D60/><AGARI ba="2,3" hai="4,5,7,16,17,24,25,26,60,61,62,91,95,98" machi="60" ten="40,5200,0" yaku="1,1,8,1,54,1,53,0" doraHai="64" doraHaiUra="106" who="2" fromWho="0" sc="269,-58,279,0,191,88,231,0" /><INIT seed="5,0,0,3,5,117" ten="211,279,279,231" oya="1" hai0="23,61,1,99,107,75,78,132,18,53,110,17,41" hai1="96,80,77,34,26,97,134,76,101,111,128,116,133" hai2="22,21,125,30,48,129,81,135,29,24,54,19,68" hai3="92,7,12,93,45,106,28,130,51,70,8,13,25"/><U50/><E116/><V66/><F125/><W42/><G130/><T104/><D110/><U88/><E128/><V79/><F129/><W46/><G70/><T44/><D132/><N who="1" m="50795" /><E111/><V65/><F135/><W37/><G106/><T27/><D1/><U127/><E127/><V102/><F102/><W109/><G109/><T122/><D122/><U38/><E38/><V105/><F105/><W82/><G12/><T3/><D3/><U5/><E5/><V123/><F123/><W49/><G82/><T67/><D53/><U103/><E50/><V112/><F112/><W121/><G121/><T15/><D75/><N who="1" m="43039" /><E77/><V52/><F68/><W43/><REACH who="3" step="1"/><G37/><REACH who="3" ten="211,279,279,221" step="2"/><T62/><D78/><U86/><E26/><V114/><F81/><W6/><G6/><T11/><D107/><U89/><E34/><AGARI ba="0,1" hai="7,8,13,25,28,34,42,43,45,46,49,51,92,93" machi="34" ten="30,3900,0" yaku="1,1,7,1,9,1,53,0" doraHai="117" doraHaiUra="55" who="3" fromWho="1" sc="211,0,279,-39,279,0,221,49" /><INIT seed="6,0,0,2,4,58" ten="211,240,279,270" oya="2" hai0="81,64,45,46,53,34,105,104,21,106,51,119,88" hai1="38,69,86,31,70,41,5,134,109,61,26,103,16" hai2="121,102,57,97,111,2,118,43,60,82,54,76,6" hai3="37,85,129,22,113,65,36,59,14,67,87,11,73"/><V112/><F118/><W122/><G73/><T96/><D34/><U0/><E109/><V56/><F121/><W17/><G122/><T68/><D119/><U130/><E130/><V95/><F111/><W25/><G129/><T99/><D46/><U62/><E38/><V90/><F112/><W32/><G32/><T101/><D21/><U79/><E41/><V29/><F43/><W33/><G33/><T19/><D19/><U108/><E108/><V13/><F57/><W20/><G113/><T27/><D27/><U72/><E72/><V94/><F2/><W116/><G116/><T114/><D114/><U55/><E70/><V110/><F110/><W50/><G37/><T115/><D115/><U78/><E69/><V47/><F47/><W120/><G22/><T125/><D125/><U84/><E5/><V127/><F29/><W42/><G36/><T135/><D135/><U28/><E0/><V52/><F127/><W91/><G85/><N who="1" m="32874" /><E103/><V10/><F82/><W66/><G120/><T4/><D4/><U48/><E134/><V63/><F76/><N who="1" m="29225" /><E16/><V93/><F102/><W75/><G75/><T44/><D44/><N who="1" m="28039" /><E28/><V39/><F39/><W128/><G128/><T89/><D81/><U77/><N who="1" m="29233" /><U1/><DORA hai="100" /><E1/><V24/><F24/><W83/><G42/><T71/><D71/><U123/><E123/><V92/><F54/><N who="3" m="32215" /><G66/><T7/><D7/><AGARI ba="0,0" hai="7,11,14,17,20,25,65,67,83,87,91" m="32215" machi="7" ten="30,1000,0" yaku="8,1" doraHai="58,100" who="3" fromWho="0" sc="211,-10,240,0,279,0,270,10" /><INIT seed="7,0,0,2,5,109" ten="201,240,279,280" oya="3" hai0="131,40,39,31,95,134,124,126,125,10,47,28,105" hai1="3,1,14,130,111,22,8,74,113,42,120,0,21" hai2="72,127,50,35,27,43,89,32,88,20,77,68,83" hai3="7,38,25,121,53,62,63,12,61,30,67,23,82"/><W123/><G38/><T2/><D95/><U71/><E74/><V33/><F68/><W45/><G67/><T48/><D105/><U96/><E71/><V102/><F102/><W65/><G65/><T34/><D134/><U4/><E96/><V133/><F127/><W117/><G117/><T79/><D131/><U11/><E42/><V122/><F122/><W119/><G119/><T56/><D79/><U87/><E87/><V135/><F50/><W41/><G41/><T115/><D34/><U80/><E80/><V99/><F43/><W57/><G45/><T13/><D2/><N who="1" m="23" /><E120/><V5/><F5/><W17/><G7/><T86/><D86/><U128/><E111/><V44/><F44/><W24/><G82/><T18/><REACH who="0" step="1"/><D115/><REACH who="0" ten="191,240,279,280" step="2"/><U75/><E113/><V73/><F133/><W129/><G129/><N who="1" m="49770" /><E75/><V66/><F73/><W92/><G121/><T84/><D84/><U98/><E98/><V19/><F99/><W76/><G92/><T100/><D100/><U15/><E15/><V9/><F135/><W55/><G76/><T58/><D58/><U37/><E37/><V6/><F72/><W116/><G123/><T90/><D90/><U69/><E69/><V36/><F36/><W107/><G107/><T91/><D91/><U104/><E104/><V103/><F103/><W52/><G116/><T54/><AGARI ba="0,1" hai="10,13,18,28,31,39,40,47,48,54,56,124,125,126" machi="54" ten="40,5200,0" yaku="1,1,0,1,18,1,53,0" doraHai="109" doraHaiUra="108" who="0" fromWho="0" sc="191,62,240,-13,279,-13,280,-26" owari="253,-14.7,227,-27.3,266,36.6,254,5.4" /></mjloggm>