<mjloggm ver="2.3"><GO type="225" lobby="0"/><UN n0="%E3%81%86%E3%82%8C%E3%81%9F%E3%82%93%E6%9E%95" n1="%E9%80%9F%E6%B0%B4%E5%87%9B%E9%A6%99" n2="%73%69%72%6F%75%74" n3="%E3%81%B7%E3%82%8A%E3%82%93%E8%81%96%E4%BA%BA" dan="16,16,16,16" rate="2123.02,2056.58,2025.50,2129.41" sx="F,F,M,M"/><TAIKYOKU oya="0"/><INIT seed="0,0,0,4,5,41" ten="250,250,250,250" oya="0" hai0="135,58,55,2,126,37,60,1,115,64,125,104,5" hai1="51,59,3,26,74,34,20,102,16,39,107,83,65" hai2="24,72,44,97,80,98,46,129,23,90,8,68,70" hai3="28,85,10,120,36,111,105,53,113,29,127,117,15"/><T101/><D115/><U106/><E39/><V63/><F129/><W119/><G105/><T75/><D75/><U7/><E102/><V40/><F8/><W132/><G113/><T76/><D76/><U112/><E112/><V84/><F72/><W108/><G36/><T67/><D135/><U123/><E123/><V95/><F98/><W79/><G132/><T9/><D37/><U62/><E34/><V114/><F114/><W103/><G103/><T43/><D43/><U27/><E27/><V124/><F124/><N who="0" m="47722" /><D1/><U93/><E93/><V14/><F14/><W57/><G127/><T87/><D87/><U19/><E19/><V77/><F40/><W122/><G85/><T128/><D128/><U92/><E92/><V48/><F48/><W4/><G79/><T69/><D69/><U45/><E7/><V21/><F21/><W11/><G53/><T88/><D88/><U33/><E33/><V99/><F99/><AGARI ba="0,0" hai="2,5,9,55,58,60,64,67,99,101,104" m="47722" machi="99" ten="30,1500,0" yaku="18,1" doraHai="41" who="0" fromWho="2" sc="250,15,250,0,250,-15,250,0" /><INIT seed="0,1,0,5,5,61" ten="265,250,235,250" oya="0" hai0="32,133,117,22,91,95,39,107,74,36,14,27,64" hai1="98,82,119,99,8,33,24,44,21,0,56,123,118" hai2="52,53,97,135,129,11,73,48,134,16,121,31,29" hai3="68,101,89,81,132,102,38,23,114,104,130,80,85"/><T20/><D117/><U49/><E123/><V59/><F73/><W60/><G38/><T57/><D133/><N who="2" m="50698" /><F121/><W77/><G132/><T120/><D74/><U125/><E33/><V93/><F129/><W116/><G116/><T109/><D107/><U78/><E125/><V92/><F53/><W112/><G23/><T100/><D100/><U28/><E56/><V34/><F34/><W115/><G60/><T131/><D131/><U46/><E46/><V113/><F113/><W62/><G62/><T15/><D32/><U124/><E124/><V65/><F65/><W25/><G25/><T76/><D64/><U75/><E118/><V122/><F122/><W4/><G4/><T2/><D57/><U71/><E71/><V90/><F93/><W54/><G54/><T126/><D95/><U111/><E111/><V67/><F67/><W51/><G51/><T105/><D105/><U9/><E119/><V66/><F66/><W127/><G68/><T47/><D47/><U108/><E108/><V43/><F43/><W10/><G130/><T3/><D109/><U17/><E0/><V63/><F48/><W103/><G127/><T50/><D50/><U18/><E99/><V84/><F84/><N who="3" m="50311" /><G10/><N who="1" m="4202" /><E98/><AGARI ba="1,0" hai="77,81,85,98,101,102,103,104,112,114,115" m="50311" machi="98" ten="30,2000,0" yaku="34,2" doraHai="61" who="3" fromWho="1" sc="265,0,250,-23,235,0,250,23" /><INIT seed="1,0,0,0,2,51" ten="265,227,235,273" oya="1" hai0="105,52,8,71,3,122,27,4,68,46,109,45,34" hai1="10,127,12,87,54,20,33,29,103,97,49,55,99" hai2="123,84,82,0,32,126,43,24,113,134,73,98,133" hai3="72,30,50,117,108,100,2,22,37,119,130,104,102"/><U125/><E33/><V16/><F0/><W107/><G30/><T5/><D105/><U41/><E41/><V96/><F123/><W39/><G22/><T112/><D112/><U63/><E63/><V83/><F43/><W86/><G50/><T9/><D109/><U121/><E121/><V26/><F113/><W44/><G44/><T132/><D132/><N who="2" m="50794" /><F126/><N who="1" m="48137" /><E87/><V62/><F62/><W28/><G28/><T14/><D122/><U23/><E49/><V56/><F56/><W110/><G2/><T57/><D46/><U75/><E75/><V61/><F61/><W25/><G25/><T1/><D45/><U80/><E80/><V7/><F26/><W67/><G67/><T40/><D40/><U76/><E76/><N who="2" m="44303" /><F32/><W6/><G72/><T81/><D34/><U69/><E69/><V35/><F35/><W131/><G86/><T101/><D27/><N who="1" m="16615" /><E23/><N who="2" m="13415" /><F7/><AGARI ba="0,0" hai="6,7,37,39,100,102,104,107,108,110,117,119,130,131" machi="7" ten="25,1600,0" yaku="22,2" doraHai="51" who="3" fromWho="2" sc="265,0,227,0,235,-16,273,16" /><INIT seed="2,0,0,1,2,25" ten="265,227,219,289" oya="2" hai0="102,18,127,39,96,15,23,98,12,72,26,77,50" hai1="121,73,88,134,63,135,112,120,113,8,89,100,128" hai2="122,59,53,33,6,45,117,82,110,67,51,2,133" hai3="30,0,109,44,83,1,32,24,49,35,38,118,61"/><V86/><F117/><W47/><G118/><T124/><D39/><U130/><E8/><V103/><F122/><N who="1" m="47209" /><E63/><V125/><F2/><W13/><G35/><T131/><D131/><N who="1" m="50219" /><E100/><V119/><F6/><W114/><G114/><N who="1" m="44138" /><E73/><V9/><F103/><W56/><G109/><T64/><D77/><U48/><E48/><V29/><F110/><W111/><G111/><T62/><D72/><U5/><E5/><V79/><F119/><W66/><G13/><N who="0" m="5195" /><D50/><U19/><E19/><V84/><F9/><W132/><G44/><T97/><D102/><U28/><E28/><V60/><F133/><AGARI ba="0,0" hai="88,89,133,134,135" m="44138,50219,47209" machi="133" ten="40,16000,3" yaku="28,2,20,1,13,1,19,1,34,2,54,1" doraHai="25" who="1" fromWho="2" sc="265,0,227,160,219,-160,289,0" /><INIT seed="3,0,0,3,5,21" ten="265,387,59,289" oya="3" hai0="78,132,27,18,15,8,121,53,57,44,13,91,0" hai1="22,26,14,126,52,49,33,101,62,127,34,70,4" hai2="106,60,95,40,115,56,100,48,10,71,50,63,74" hai3="59,86,85,80,7,131,47,29,35,82,114,72,118"/><W113/><G118/><T17/><D121/><U39/><E39/><V55/><F74/><W54/><G7/><T130/><D0/><U99/><E14/><V75/><F95/><W120/><G120/><T9/><D130/><U73/><E73/><V24/><F75/><W88/><G131/><T104/><D132/><U87/><E87/><V135/><F10/><W19/><G72/><T109/><D109/><U3/><E62/><V84/><F84/><W69/><G69/><T46/><D104/><N who="1" m="63551" /><E4/><V111/><F111/><W89/><G47/><T129/><D78/><U81/><E81/><V23/><F135/><W119/><G119/><T5/><D91/><U110/><E70/><V125/><F115/><W116/><G116/><T16/><D129/><U93/><E93/><V58/><F106/><W90/><G90/><T43/><D27/><U128/><E3/><V64/><F100/><W2/><G2/><T41/><D46/><N who="1" m="27703" /><E110/><V37/><F125/><N who="1" m="47625" /><E128/><V42/><F24/><W123/><G123/><T103/><D103/><U112/><E112/><V133/><F133/><W11/><G35/><T31/><D31/><AGARI ba="0,0" hai="22,26,31,33,34" m="47625,27703,63551" machi="31" ten="30,3900,0" yaku="18,1,52,1,54,1" doraHai="21" who="1" fromWho="0" sc="265,-39,387,39,59,0,289,0" owari="226,-17.4,426,52.6,59,-44.1,289,8.9" /></mjloggm>