<mjloggm ver="2.3"><GO type="225" lobby="0"/><UN n0="%E3%81%A8%E3%82%89%E3%81%84%E3%81%A1" n1="%E3%82%B2%E3%82%B9%E8%8C%82%E5%8B%9D" n2="%E4%BB%8A%E6%97%A5%E4%B8%80" n3="%E3%83%97%E3%83%AC%E3%83%B4%E3%82%A1%E3%83%86%E3%82%A3" dan="16,16,16,16" rate="2107.43,2095.76,2172.75,2121.31" sx="M,F,M,F"/><TAIKYOKU oya="0"/><INIT seed="0,0,0,4,5,52" ten="250,250,250,250" oya="0" hai0="30,53,17,132,57,78,95,1,120,35,28,23,51" hai1="80,9,19,4,109,111,21,94,115,24,12,75,131" hai2="124,62,126,63,81,2,72,123,103,97,74,13,98" hai3="110,119,87,36,0,46,128,41,39,130,106,65,15"/><T127/><D120/><U101/><E115/><V60/><F2/><W25/><G106/><T14/><D127/><N who="2" m="48682" /><F123/><W29/><G0/><T45/><D132/><U56/><E56/><V79/><F74/><W92/><G119/><T42/><D1/><U50/><E50/><V91/><F103/><W104/><G104/><T77/><D95/><U69/><E69/><V86/><F13/><W71/><G39/><T108/><D108/><U116/><E116/><V8/><F8/><W11/><G110/><T44/><D44/><U33/><E131/><V85/><F72/><W40/><G40/><T88/><D88/><U93/><E93/><AGARI ba="0,0" hai="60,62,63,79,81,85,86,91,93,97,98" m="48682" machi="93" ten="30,1000,0" yaku="18,1" doraHai="52" who="2" fromWho="1" sc="250,0,250,-10,250,10,250,0" /><INIT seed="1,0,0,5,1,53" ten="250,240,260,250" oya="1" hai0="71,76,114,10,41,82,38,95,21,78,90,117,63" hai1="100,27,48,129,59,60,6,32,50,106,31,29,79" hai2="112,93,91,73,74,44,81,135,108,85,42,87,133" hai3="116,16,109,130,55,58,35,13,67,66,77,101,86"/><U46/><E129/><V103/><F108/><W68/><G35/><T127/><D114/><U18/><E6/><V84/><F44/><W37/><G37/><T118/><D127/><U97/><E29/><V83/><F42/><W134/><G130/><T98/><D76/><U52/><E79/><N who="2" m="46143" /><F112/><W56/><G109/><T88/><D90/><U33/><E33/><V39/><F39/><W115/><G115/><T70/><D21/><U20/><REACH who="1" step="1"/><E46/><REACH who="1" ten="250,230,260,250" step="2"/><V89/><F103/><W64/><G116/><T19/><D117/><U121/><E121/><V11/><F11/><N who="3" m="6207" /><G68/><T5/><D118/><U30/><E30/><V1/><F1/><W49/><G134/><AGARI ba="0,1" hai="73,74,83,85,87,89,91,93,133,134,135" m="46143" machi="134" ten="30,3900,0" yaku="20,1,34,2" doraHai="53" who="2" fromWho="3" sc="250,0,230,0,260,49,250,-39" /><INIT seed="2,0,0,0,2,51" ten="250,230,309,211" oya="2" hai0="84,9,58,0,92,41,116,37,123,95,103,54,102" hai1="1,31,55,17,121,12,85,93,47,91,8,98,126" hai2="22,99,42,24,30,69,4,23,133,129,26,20,50" hai3="61,46,112,128,16,131,119,104,36,77,74,18,72"/><V70/><F129/><N who="3" m="49739" /><G119/><T79/><D123/><U101/><E126/><V67/><F133/><W118/><G118/><T59/><D116/><U122/><E1/><V135/><F135/><W82/><G104/><T62/><D37/><U125/><E125/><V109/><F4/><W71/><G112/><T53/><D41/><U57/><E47/><V134/><F134/><W80/><G36/><T73/><D73/><N who="3" m="28265" /><G46/><T86/><D9/><U127/><E31/><V65/><F22/><W14/><G77/><T76/><D0/><U28/><E28/><V111/><F99/><W94/><G94/><T45/><D45/><U2/><E2/><V35/><F35/><W5/><G5/><T10/><D10/><U124/><E127/><V78/><F78/><W88/><G14/><T120/><D120/><U15/><E12/><V19/><F42/><W40/><G40/><T66/><D66/><U105/><REACH who="1" step="1"/><E124/><REACH who="1" ten="250,220,309,211" step="2"/><V27/><F30/><W29/><G29/><T39/><D39/><U68/><E68/><V6/><F70/><W132/><G132/><T110/><D110/><U49/><AGARI ba="0,1" hai="8,15,17,49,55,57,85,91,93,98,101,105,121,122" machi="49" ten="30,7900,0" yaku="1,1,0,1,52,1,53,1" doraHai="51" doraHaiUra="89" who="1" fromWho="1" sc="250,-20,220,89,309,-39,211,-20" /><INIT seed="3,0,0,0,3,48" ten="230,309,270,191" oya="3" hai0="14,128,113,65,45,26,95,16,13,39,15,54,71" hai1="108,110,53,38,19,115,129,4,47,77,72,116,70" hai2="42,9,40,22,121,21,99,28,102,64,88,37,94" hai3="126,41,50,112,98,133,3,2,23,69,29,127,73"/><W86/><G73/><T25/><D128/><U74/><E129/><V122/><F64/><W131/><G112/><T93/><D113/><U119/><E4/><V30/><F9/><W82/><G69/><T103/><D39/><U44/><E115/><V105/><F30/><W6/><G131/><T56/><D71/><U61/><E19/><V90/><F90/><W31/><G133/><T33/><D33/><U104/><E104/><V78/><F78/><W75/><G75/><N who="1" m="28714" /><E77/><V81/><F81/><W79/><G98/><T8/><D45/><N who="1" m="17483" /><E38/><V32/><F32/><W80/><G41/><N who="2" m="15977" /><F28/><W111/><G50/><N who="0" m="30807" /><D65/><N who="1" m="41263" /><E53/><V132/><F37/><W87/><G79/><T46/><D46/><U107/><E107/><V57/><F57/><W34/><G34/><T18/><D14/><U55/><E55/><V62/><F62/><W7/><REACH who="3" step="1"/><G23/><REACH who="3" ten="230,309,270,181" step="2"/><N who="0" m="11663" /><D103/><U67/><E67/><V59/><F132/><W0/><G0/><T130/><D130/><U96/><E96/><V66/><F21/><W89/><G89/><T123/><D123/><U68/><E68/><V118/><F22/><W85/><G85/><T24/><AGARI ba="0,1" hai="8,15,18,24,25,26,93,95" m="11663,30807" machi="24" ten="30,4000,0" yaku="8,1,52,1,54,1" doraHai="48" who="0" fromWho="0" sc="230,50,309,-10,270,-10,181,-20" /><INIT seed="4,0,0,3,0,116" ten="280,299,260,161" oya="0" hai0="103,104,20,86,38,100,17,55,32,73,130,129,61" hai1="62,36,46,5,91,59,125,12,78,3,26,0,25" hai2="66,13,43,92,69,31,98,10,45,68,47,118,76" hai3="75,82,30,99,48,27,52,126,119,6,70,123,106"/><T23/><D73/><U16/><E125/><V24/><F118/><W110/><G119/><T131/><D32/><U1/><E78/><V132/><F76/><W97/><G126/><T89/><D38/><U134/><E134/><V71/><F132/><W37/><G37/><T9/><D9/><U109/><E109/><V60/><F47/><W84/><G110/><T80/><D104/><U67/><E5/><V15/><F45/><W4/><G70/><T7/><D7/><U28/><E28/><V22/><F43/><W35/><G75/><T18/><D18/><U53/><E91/><V77/><F77/><W120/><G4/><T19/><D19/><U64/><E64/><V105/><F105/><W34/><G6/><T41/><D41/><U112/><E112/><V107/><F107/><W2/><G2/><T14/><D23/><U95/><E95/><V63/><F10/><W90/><G35/><T8/><D20/><U44/><E44/><V83/><F83/><W39/><G39/><T124/><D124/><U96/><E96/><V74/><F74/><W133/><G133/><T114/><D114/><U108/><E108/><V135/><F135/><W42/><G42/><T113/><D113/><U11/><E36/><V50/><F50/><W93/><G106/><T51/><D61/><U79/><E79/><V94/><F63/><W33/><G33/><T57/><AGARI ba="0,0" hai="8,14,17,51,55,57,80,86,89,100,103,129,130,131" machi="57" ten="30,3000,0" yaku="0,1,19,1" doraHai="116" who="0" fromWho="0" sc="280,30,299,-10,260,-10,161,-10" owari="310,41.0,289,8.9,250,-15.0,151,-34.9" /></mjloggm>