<mjloggm ver="2.3"><GO type="225" lobby="0"/><UN n0="%E3%83%B4%E3%83%A0%EF%BC%99%E3%81%A6" n1="%E6%80%AA%E3%81%97%E3%81%99%E3%81%8E%E3%82%8B%E3%83%81%E3%83%BC" n2="%6D%75%75%6D%75%72%61" n3="%E6%A0%B9%E5%85%83%E3%81%8B%E3%82%89%E5%90%B9%E3%81%A3%E9%A3%9B%E3%81%B6" dan="17,16,17,17" rate="2177.78,2169.16,2128.75,2223.55" sx="M,M,F,F"/><TAIKYOKU oya="0"/><INIT seed="0,0,0,5,5,86" ten="250,250,250,250" oya="0" hai0="135,43,56,83,10,118,101,125,77,81,51,102,88" hai1="20,79,52,98,109,53,25,130,133,111,113,49,58" hai2="95,120,85,61,72,89,134,44,94,39,104,38,26" hai3="55,76,78,121,1,71,67,12,33,70,108,2,60"/><T40/><D118/><U73/><E133/><V32/><F104/><W7/><G108/><N who="1" m="41546" /><E130/><V23/><F134/><W37/><G37/><T35/><D135/><U5/><E113/><V105/><F105/><W106/><G106/><T62/><D35/><U90/><E5/><V99/><F120/><W114/><G114/><T46/><D125/><U74/><E79/><V50/><F72/><W132/><G33/><T82/><D40/><U22/><E53/><V131/><F61/><W3/><G121/><T91/><D77/><U21/><E25/><V13/><F13/><W122/><G122/><T97/><D10/><U117/><E117/><V103/><F32/><W47/><G70/><T110/><D110/><U28/><E28/><V127/><F131/><W42/><G55/><N who="0" m="34079" /><D97/><U18/><E18/><V65/><F65/><W17/><G7/><T80/><D80/><U30/><E30/><V126/><F126/><W100/><G132/><T66/><D66/><U0/><E0/><V123/><F123/><W41/><G41/><T59/><D59/><U87/><E98/><V64/><F64/><W24/><G76/><T92/><D92/><AGARI ba="0,0" hai="20,21,22,49,52,58,73,74,87,90,92" m="41546" machi="92" ten="30,3900,0" yaku="14,1,52,1,54,1" doraHai="86" who="1" fromWho="0" sc="250,-39,250,39,250,0,250,0" /><INIT seed="1,0,0,2,4,110" ten="211,289,250,250" oya="1" hai0="93,60,52,33,99,35,44,30,5,90,130,54,116" hai1="42,88,41,56,84,13,73,111,75,101,32,128,134" hai2="1,27,17,11,102,50,51,2,29,109,39,3,25" hai3="14,36,117,81,58,19,131,68,57,89,108,67,115"/><U126/><E32/><V61/><F39/><W26/><G108/><T59/><D116/><U38/><E111/><V91/><F109/><W28/><G131/><T122/><D130/><U94/><E128/><V71/><F102/><W34/><G36/><T125/><D122/><U74/><E126/><V133/><F133/><W65/><G115/><T113/><D125/><U46/><E134/><V23/><F91/><W16/><G19/><T12/><D113/><U66/><E42/><V37/><F37/><W103/><G103/><T4/><D30/><U72/><E101/><V132/><F132/><W31/><G31/><T129/><D129/><U114/><E114/><V76/><F76/><W77/><G89/><T79/><D79/><U63/><N who="1" m="18432" /><DORA hai="106" /><U6/><E13/><V24/><F24/><W82/><G68/><T127/><D127/><U83/><REACH who="1" step="1"/><E6/><REACH who="1" ten="211,279,250,250" step="2"/><V45/><F2/><W8/><G14/><T78/><D4/><U40/><E40/><V21/><F3/><W7/><G34/><T49/><D5/><U120/><E120/><V9/><F1/><W105/><G7/><T135/><D135/><U10/><E10/><V69/><F9/><W121/><G8/><T92/><D12/><U107/><E107/><V70/><F11/><W55/><G105/><T86/><REACH who="0" step="1"/><D78/><REACH who="0" ten="201,279,250,250" step="2"/><U62/><E62/><V119/><F119/><W118/><G77/><T0/><D0/><U18/><E18/><V15/><F15/><W20/><G121/><T124/><D124/><U47/><E47/><V95/><F45/><W100/><G16/><T53/><D53/><U112/><E112/><RYUUKYOKU ba="0,2" sc="201,15,279,15,250,-15,250,-15" hai0="33,35,44,49,52,54,59,60,86,90,92,93,99" hai1="38,41,46,56,63,66,83,84,88,94" /><INIT seed="1,1,2,0,2,1" ten="216,294,235,235" oya="1" hai0="8,55,93,65,32,36,113,51,58,37,34,119,4" hai1="2,73,99,109,95,27,117,15,102,101,63,61,125" hai2="72,75,122,59,3,41,42,104,33,47,46,30,92" hai3="19,25,35,44,106,134,13,17,115,57,91,96,69"/><U14/><E2/><V86/><F104/><W39/><G115/><T11/><D113/><U71/><E73/><V74/><F122/><W52/><G134/><T40/><D119/><U107/><E117/><V12/><F3/><W133/><G69/><T82/><D8/><U120/><E120/><V97/><F86/><W49/><G133/><T127/><D127/><U124/><E109/><V26/><F59/><W68/><G68/><T121/><D121/><U50/><E50/><V56/><F56/><W108/><G108/><T123/><D65/><N who="1" m="41391" /><E63/><V131/><F131/><W94/><G106/><T23/><D23/><U116/><E27/><V18/><F46/><W10/><G39/><T126/><D126/><N who="1" m="48747" /><E116/><V111/><F111/><W132/><G132/><T129/><D129/><U81/><E81/><V21/><REACH who="2" step="1"/><F47/><REACH who="2" ten="216,294,225,235" step="2"/><W84/><G44/><T100/><D58/><U80/><E80/><V54/><F54/><W70/><G70/><T103/><D55/><U77/><E77/><V118/><F118/><W79/><G79/><T62/><D82/><U7/><E107/><V6/><F6/><W88/><G84/><T89/><D4/><U45/><E7/><V76/><F76/><W22/><G35/><T114/><D34/><U130/><E130/><V98/><F98/><W24/><G24/><T110/><D32/><U31/><E45/><V48/><F48/><W16/><G19/><T29/><D110/><U105/><E31/><V83/><F83/><W5/><G5/><T78/><D29/><U87/><E87/><V66/><F66/><W135/><G135/><T85/><D78/><RYUUKYOKU ba="1,3" sc="216,-30,294,10,225,10,235,10" hai1="14,15,95,99,101,102,105" hai2="12,18,21,26,30,33,41,42,72,74,75,92,97" hai3="10,13,16,17,22,25,49,52,57,88,91,94,96" /><INIT seed="1,2,3,0,0,10" ten="186,304,235,245" oya="1" hai0="60,54,114,113,88,21,89,97,52,119,50,105,49" hai1="2,112,5,70,31,20,87,46,16,77,12,30,44" hai2="109,81,37,79,94,121,101,17,33,25,96,6,104" hai3="48,34,90,76,58,68,72,71,82,103,40,99,8"/><U95/><E70/><V26/><F121/><W45/><G34/><T80/><D119/><U9/><E112/><V91/><F109/><W106/><G58/><N who="0" m="34887" /><D114/><U100/><E100/><V14/><F37/><W108/><G108/><T131/><D105/><U18/><E18/><V69/><F69/><W65/><G65/><T11/><D113/><U120/><E120/><V123/><F123/><W129/><G129/><T55/><D131/><U67/><E67/><V7/><F104/><W117/><G117/><T53/><D11/><U86/><E77/><V13/><F101/><W47/><G8/><T93/><D21/><U36/><E36/><V24/><F33/><W61/><G61/><T98/><D80/><U134/><E134/><V51/><F51/><N who="0" m="19466" /><D97/><U84/><REACH who="1" step="1"/><E95/><REACH who="1" ten="186,294,235,245" step="2"/><V38/><F17/><W111/><G111/><T73/><D73/><U107/><E107/><V1/><F38/><W78/><G47/><AGARI ba="2,4" hai="2,5,9,12,16,20,30,31,44,46,47,84,86,87" machi="47" ten="40,7700,0" yaku="1,1,52,1,54,1,53,0" doraHai="10" doraHaiUra="127" who="1" fromWho="3" sc="186,0,294,123,235,0,245,-83" /><INIT seed="1,3,0,1,3,67" ten="186,417,235,162" oya="1" hai0="34,48,26,13,119,135,29,75,105,104,57,126,61" hai1="14,24,107,84,130,32,40,88,82,5,124,22,21" hai2="23,68,86,0,30,72,131,73,4,62,37,33,93" hai3="10,94,9,74,51,132,28,12,49,95,15,80,47"/><U85/><E107/><V99/><F33/><W36/><G132/><T17/><D119/><U102/><E130/><V101/><F37/><W46/><G36/><T42/><D135/><U117/><E117/><V116/><F116/><W113/><G74/><T20/><D75/><U56/><E124/><V27/><F131/><W134/><G134/><T121/><D126/><U77/><E102/><V7/><F86/><W89/><G113/><T64/><REACH who="0" step="1"/><D121/><REACH who="0" ten="176,417,235,162" step="2"/><U70/><E32/><V50/><F73/><W115/><G115/><T43/><D43/><U87/><E40/><V83/><F72/><W55/><G28/><T122/><D122/><U44/><E77/><V90/><F30/><W31/><G31/><T81/><D81/><U129/><E82/><V41/><F83/><W112/><G112/><T3/><D3/><U128/><E129/><V100/><F0/><W39/><G80/><T63/><D63/><U66/><E128/><V52/><F62/><W91/><G39/><T111/><D111/><U120/><E120/><V98/><F41/><W127/><REACH who="3" step="1"/><G55/><REACH who="3" ten="176,417,235,152" step="2"/><T125/><D125/><AGARI ba="3,2" hai="9,10,12,15,46,47,49,51,89,91,94,95,125,127" machi="125" ten="25,12000,2" yaku="1,1,2,1,22,2,53,2" doraHai="67" doraHaiUra="6" who="3" fromWho="0" sc="176,-129,417,0,235,0,152,149" /><INIT seed="2,0,0,4,0,68" ten="47,417,235,301" oya="2" hai0="123,1,94,58,64,131,54,14,100,82,122,50,87" hai1="57,124,133,16,112,18,56,12,26,86,43,132,105" hai2="104,15,130,19,106,97,134,92,23,113,48,125,93" hai3="8,52,0,34,128,13,80,45,77,39,28,38,72"/><V81/><F113/><W117/><G117/><T90/><D131/><U6/><E112/><V95/><F130/><W30/><G0/><T96/><D1/><U84/><E105/><V65/><F125/><W108/><G108/><T126/><D126/><U121/><E121/><V49/><F134/><N who="1" m="51817" /><E43/><V66/><F81/><W67/><G67/><T107/><D122/><U120/><E120/><V59/><F59/><N who="1" m="22601" /><E124/><V101/><REACH who="2" step="1"/><F104/><REACH who="2" ten="47,417,225,301" step="2"/><W76/><G80/><T55/><D123/><U70/><E70/><V29/><F29/><W83/><G30/><T24/><D24/><U44/><E26/><V114/><F114/><W53/><G28/><T25/><D25/><U129/><E129/><V20/><F20/><W102/><G128/><T32/><D32/><U21/><E21/><V85/><F85/><W111/><G83/><T89/><D64/><AGARI ba="0,1" hai="15,19,23,48,49,64,65,66,92,93,95,97,101,106" machi="64" ten="40,2000,0" yaku="1,1,53,0" doraHai="68" doraHaiUra="51" who="2" fromWho="0" sc="47,-20,417,0,225,30,301,0" /><INIT seed="2,1,0,2,2,49" ten="27,417,255,301" oya="2" hai0="135,69,44,63,99,83,85,71,16,25,60,21,68" hai1="113,23,14,127,82,42,76,0,56,40,109,59,52" hai2="119,6,80,123,130,5,98,66,24,64,18,125,58" hai3="20,41,1,27,39,101,131,4,120,78,26,114,73"/><V19/><F119/><W12/><G120/><T106/><D135/><U134/><E0/><V107/><F123/><W31/><G114/><T15/><D106/><U117/><E109/><V94/><F130/><W32/><G131/><T97/><D68/><U95/><E117/><V46/><F107/><W53/><G101/><T104/><D104/><U87/><E113/><V96/><F125/><W57/><G41/><T43/><D69/><U22/><E134/><V36/><F80/><W115/><G39/><T84/><D71/><U132/><E127/><V70/><F70/><W17/><G115/><T34/><D34/><U116/><E116/><V28/><F36/><W128/><G128/><T77/><D85/><U11/><E59/><V8/><F46/><W86/><G86/><T93/><D97/><U54/><E95/><V35/><F98/><W61/><G27/><T65/><D65/><U10/><E10/><V92/><F92/><W112/><G112/><T118/><D118/><U121/><E121/><V75/><F75/><W38/><G38/><T110/><D110/><U33/><E33/><V79/><F79/><W13/><G13/><T62/><D15/><U45/><E40/><V51/><F66/><W122/><G122/><T30/><D43/><U133/><E132/><V102/><F5/><W2/><G4/><T55/><D30/><U47/><E133/><V108/><F108/><W90/><G90/><T7/><D7/><N who="1" m="3455" /><E42/><V111/><F111/><W37/><G37/><T29/><D29/><U89/><E76/><V3/><F64/><W48/><G78/><T67/><D67/><RYUUKYOKU ba="1,0" sc="27,-10,417,-10,255,30,301,-10" hai2="3,6,8,18,19,24,28,35,51,58,94,96,102" /><INIT seed="2,2,0,0,5,19" ten="17,407,285,291" oya="2" hai0="133,116,14,46,86,128,97,82,37,123,131,83,5" hai1="134,73,41,24,113,40,29,74,103,49,4,28,17" hai2="84,3,16,9,90,78,65,31,60,111,93,68,38" hai3="100,125,122,129,120,8,121,63,58,35,105,110,101"/><V112/><F112/><W26/><G110/><T7/><D37/><U27/><E113/><V109/><F38/><W118/><G118/><T85/><D46/><U44/><E4/><V18/><F31/><W119/><G119/><T10/><D14/><U53/><E103/><N who="3" m="39498" /><G105/><T124/><D10/><U91/><E91/><V51/><F78/><W77/><G77/><T89/><D5/><U55/><E17/><V70/><F70/><W72/><G72/><T20/><D7/><U48/><E44/><V71/><F71/><W50/><G35/><T135/><D116/><U62/><E62/><V57/><F3/><W6/><G26/><T75/><D89/><U126/><E134/><V69/><F69/><W64/><G50/><T115/><D115/><U117/><E117/><V0/><F0/><W108/><G108/><N who="2" m="41545" /><F9/><W52/><G8/><T99/><D123/><U94/><E94/><V92/><F93/><W43/><G6/><T102/><D102/><U45/><E45/><V2/><F2/><W107/><G122/><T13/><D13/><U114/><E114/><V132/><F132/><W36/><G36/><T81/><D81/><U33/><E33/><V39/><F39/><W15/><G121/><T22/><REACH who="0" step="1"/><D124/><AGARI ba="2,0" hai="24,27,28,29,40,41,48,49,53,55,73,74,124,126" machi="124" ten="25,1600,0" yaku="22,2" doraHai="19" who="1" fromWho="0" sc="17,-22,407,22,285,0,291,0" owari="-5,-50.5,429,52.9,285,-11.5,291,9.1" /></mjloggm>