<mjloggm ver="2.3"><GO type="225" lobby="0"/><UN n0="%E5%A4%8F%E9%88%B4%E9%88%B4%E5%A4%8F" n1="%6D%75%75%6D%75%72%61" n2="%28%EF%BF%A3%E2%96%BD%EF%BF%A3%29%CE%B4%E2%8C%92%E3%83%BB" n3="%E6%9A%87%E4%BA%BA%EF%BC%A0%E9%85%8D%E4%BF%A1%E5%9E%A2" dan="16,16,16,17" rate="2141.86,2146.96,2060.22,2181.99" sx="M,F,M,M"/><TAIKYOKU oya="0"/><INIT seed="0,0,0,0,4,103" ten="250,250,250,250" oya="0" hai0="3,126,117,104,35,124,43,98,113,84,114,34,45" hai1="5,79,85,55,94,42,69,19,75,50,80,15,92" hai2="129,7,20,4,131,51,89,48,1,59,112,32,108" hai3="22,39,122,135,101,44,65,95,25,70,61,36,106"/><T2/><D84/><U116/><E116/><V130/><F32/><N who="0" m="12330" /><D45/><U47/><E69/><V81/><F112/><N who="0" m="43114" /><D43/><U133/><E5/><V53/><F108/><W54/><G135/><T40/><D40/><U119/><E119/><V90/><F81/><W28/><G122/><T27/><D117/><U77/><E133/><V13/><F51/><W105/><G95/><T87/><D87/><U91/><E75/><V102/><F102/><W49/><REACH who="3" step="1"/><G101/><REACH who="3" ten="250,250,250,240" step="2"/><N who="0" m="62519" /><D27/><U31/><E92/><V66/><F131/><W111/><G111/><T110/><D110/><U23/><E94/><V33/><F130/><W21/><G21/><T67/><D67/><U97/><E97/><V132/><F66/><W82/><G82/><T93/><D93/><U41/><E31/><V86/><F33/><W118/><G118/><T62/><D62/><U17/><E23/><V99/><F20/><W57/><G57/><T6/><D6/><U76/><E19/><V8/><F7/><W73/><G73/><T128/><D128/><U0/><E0/><AGARI ba="0,1" hai="0,2,3,124,126" m="62519,43114,12330" machi="0" ten="40,3900,0" yaku="23,1,52,1" doraHai="103" who="0" fromWho="1" sc="250,49,250,-39,250,0,240,0" /><INIT seed="0,1,0,3,2,86" ten="299,211,250,240" oya="0" hai0="31,60,84,22,34,51,64,7,92,97,80,23,115" hai1="113,128,120,33,101,6,129,77,118,15,114,62,79" hai2="29,83,110,12,25,42,35,38,32,8,130,20,61" hai3="10,133,82,57,135,50,78,72,117,90,65,99,126"/><T37/><D37/><U11/><E118/><V40/><F130/><N who="1" m="50281" /><E120/><V89/><F110/><W67/><G117/><T75/><D75/><U68/><E33/><V49/><F38/><W48/><G126/><T76/><D115/><N who="1" m="44043" /><E101/><V109/><F109/><W127/><G127/><T96/><D34/><U125/><E125/><V46/><F42/><W66/><G10/><T70/><D7/><U123/><E123/><V24/><F61/><W108/><G108/><T95/><D51/><U88/><E88/><V16/><REACH who="2" step="1"/><F25/><REACH who="2" ten="299,211,240,240" step="2"/><W119/><G119/><T111/><D111/><U3/><E3/><V19/><F19/><W87/><G50/><T100/><D31/><U131/><E131/><V132/><F132/><N who="3" m="50763" /><G48/><T71/><REACH who="0" step="1"/><D70/><REACH who="0" ten="289,211,240,240" step="2"/><U105/><E68/><V94/><F94/><N who="3" m="56791" /><G72/><T112/><D112/><U28/><E28/><V44/><F44/><W116/><G116/><T81/><D81/><U58/><E105/><V1/><F1/><W73/><G73/><T104/><D104/><U27/><E27/><V102/><F102/><AGARI ba="1,2" hai="22,23,60,64,71,76,80,84,92,95,96,97,100,102" machi="102" ten="30,12000,1" yaku="1,1,7,1,9,1,53,2" doraHai="86" doraHaiUra="93" who="0" fromWho="2" sc="289,143,211,0,240,-123,240,0" /><INIT seed="0,2,0,0,3,86" ten="432,211,117,240" oya="0" hai0="99,39,56,80,28,85,1,20,123,93,26,77,83" hai1="96,6,100,29,65,70,91,71,102,7,67,120,48" hai2="81,122,43,131,95,47,114,124,2,115,27,129,21" hai3="55,12,53,10,121,127,17,54,134,33,40,97,128"/><T46/><D1/><U41/><E120/><V63/><F122/><W38/><G121/><T32/><D123/><U119/><E119/><V61/><F2/><W98/><G128/><N who="2" m="49225" /><F81/><W75/><G134/><T82/><D32/><U73/><E73/><V125/><F95/><W101/><G127/><N who="2" m="48713" /><F21/><W87/><G75/><T15/><D77/><U109/><E109/><V116/><F27/><W110/><G110/><T44/><D82/><U19/><E100/><V66/><F116/><W59/><G33/><T62/><D15/><U23/><E102/><V92/><F92/><W35/><G35/><T36/><D83/><U112/><E29/><V84/><F84/><W5/><G87/><T18/><D28/><U94/><E112/><N who="2" m="43051" /><F66/><W132/><G101/><T111/><D85/><U105/><E67/><V74/><F74/><W89/><G98/><T103/><D80/><U50/><E65/><V64/><F64/><W79/><G79/><T133/><D26/><U31/><E31/><V68/><F68/><W42/><G97/><T8/><D20/><U135/><E71/><V90/><F90/><W69/><G89/><T49/><D93/><U108/><E70/><V76/><F76/><W113/><G69/><T24/><D99/><U88/><E91/><V4/><F4/><W30/><G5/><T9/><D24/><U72/><E72/><V22/><F22/><W118/><G113/><T117/><D103/><U11/><E7/><V13/><F13/><W60/><G12/><T104/><D8/><U45/><E11/><V57/><F57/><W14/><G10/><T106/><D117/><RYUUKYOKU ba="2,0" sc="432,-10,211,-10,117,30,240,-10" hai2="43,47,61,63" /><INIT seed="1,3,0,3,3,53" ten="422,201,147,230" oya="1" hai0="111,24,43,47,67,126,72,58,107,62,108,37,102" hai1="121,54,120,79,117,131,16,29,2,45,123,87,31" hai2="98,119,20,93,86,74,46,51,34,116,80,69,27" hai3="100,97,101,63,122,28,103,26,55,23,96,30,8"/><U81/><E117/><V95/><F74/><W41/><G122/><T71/><D72/><U25/><E2/><V104/><F69/><W38/><G28/><T48/><D126/><U78/><E131/><V118/><F34/><W10/><G41/><T73/><D73/><U40/><E79/><V7/><F7/><W110/><G38/><T6/><D6/><U44/><E54/><V89/><F104/><W0/><G110/><N who="0" m="42027" /><D24/><U76/><E76/><V128/><F128/><W124/><G124/><T109/><D109/><U82/><E82/><V129/><F129/><W85/><G85/><T132/><D132/><U68/><E68/><V66/><F66/><W3/><G3/><T9/><D9/><N who="3" m="3689" /><G0/><T33/><D33/><U32/><E31/><V127/><F127/><W115/><G115/><T12/><D12/><U59/><E40/><V91/><F80/><W70/><G70/><T15/><D15/><U5/><E5/><V18/><REACH who="2" step="1"/><F118/><REACH who="2" ten="422,201,137,230" step="2"/><W65/><G65/><T64/><D64/><U88/><E120/><V75/><F75/><W77/><G77/><T49/><D71/><U133/><E121/><V22/><F22/><W1/><G1/><T83/><D83/><U60/><E123/><V99/><F99/><AGARI ba="3,1" hai="37,43,47,48,49,58,62,67,99,102,107" m="42027" machi="99" ten="30,2000,0" yaku="14,1,52,1" doraHai="53" who="0" fromWho="2" sc="422,39,201,0,137,-29,230,0" /><INIT seed="2,0,0,2,5,27" ten="461,201,108,230" oya="2" hai0="56,3,125,50,40,127,108,126,135,65,63,55,89" hai1="6,71,107,35,46,85,28,37,67,16,121,87,58" hai2="66,32,70,24,33,131,96,60,86,102,74,99,98" hai3="106,112,104,90,72,69,133,43,17,42,38,57,92"/><V15/><F74/><W1/><G69/><T45/><D108/><U54/><E107/><V31/><F131/><W82/><G1/><T117/><D135/><U25/><E6/><V52/><F33/><W22/><G133/><T41/><D3/><U73/><E73/><V0/><F0/><W10/><G10/><T84/><D117/><U13/><E121/><V95/><F15/><W61/><G112/><T79/><D79/><U51/><E71/><V122/><F122/><W101/><G106/><T34/><D34/><U7/><E7/><V132/><F132/><W80/><G104/><T78/><D78/><U44/><E44/><V23/><F23/><W39/><G101/><T93/><AGARI ba="0,0" hai="40,41,45,50,55,56,63,65,84,89,93,125,126,127" machi="93" ten="30,2000,0" yaku="0,1,18,1" doraHai="27" who="0" fromWho="0" sc="461,20,201,-5,108,-10,230,-5" /><INIT seed="3,0,0,1,5,37" ten="481,196,98,225" oya="3" hai0="126,43,74,49,83,6,133,57,86,62,101,72,88" hai1="5,134,77,112,89,70,106,60,107,122,85,28,13" hai2="63,41,24,38,59,127,10,123,113,23,117,118,102" hai3="69,129,36,16,15,58,48,92,67,119,114,121,104"/><W56/><G119/><T93/><D6/><U8/><E122/><V50/><F123/><W47/><G121/><T21/><D133/><U94/><E112/><V111/><F113/><W26/><G114/><T30/><D126/><U14/><E134/><V1/><F38/><W3/><G104/><T82/><D72/><U32/><E77/><V84/><F127/><W105/><G105/><T110/><D74/><U131/><E131/><V99/><F111/><W130/><G3/><T132/><D110/><U91/><E14/><V18/><F84/><W46/><G26/><N who="0" m="16719" /><D101/><U68/><E28/><V25/><F1/><W115/><G115/><T95/><D95/><U51/><E32/><V29/><F10/><W100/><G69/><T135/><D135/><U2/><E70/><V116/><F25/><W97/><G36/><T40/><D49/><U11/><E51/><V31/><F63/><N who="3" m="38375" /><G130/><T22/><D22/><U81/><E60/><V71/><F71/><W125/><G125/><T120/><D120/><U90/><E68/><V35/><F59/><W27/><G27/><T96/><D132/><U0/><E0/><V128/><F128/><W7/><G129/><T53/><D86/><U79/><E94/><V12/><F31/><W34/><G34/><T65/><D65/><U17/><AGARI ba="0,0" hai="2,5,8,11,13,17,79,81,85,89,90,91,106,107" machi="17" ten="30,1100,0" yaku="0,1" doraHai="37" who="1" fromWho="1" sc="481,-3,196,11,98,-3,225,-5" owari="478,57.8,207,-19.3,95,-40.5,220,2.0" /></mjloggm>