<mjloggm ver="2.3"><GO type="225" lobby="0"/><UN n0="%E6%A0%B9%E5%85%83%E3%81%8B%E3%82%89%E5%90%B9%E3%81%A3%E9%A3%9B%E3%81%B6" n1="%E3%81%99%E3%81%84%E3%81%BE%E3%81%9B%E3%83%BC%E3%82%93" n2="%E3%80%93%E3%81%97%E3%83%BC%E3%82%89%E3%80%93" n3="%E3%81%BF%E3%81%BF%E3%81%9A" dan="17,18,16,17" rate="2146.60,2222.67,2089.72,2282.06" sx="F,M,M,M"/><TAIKYOKU oya="0"/><INIT seed="0,0,0,2,5,34" ten="250,250,250,250" oya="0" hai0="59,4,26,32,117,14,44,52,9,10,67,86,85" hai1="79,76,115,90,30,57,104,39,106,127,58,108,110" hai2="36,24,84,18,47,101,50,48,62,35,69,29,123" hai3="129,23,31,83,49,13,45,54,78,74,64,25,75"/><T91/><D117/><U99/><E39/><V133/><F123/><W65/><G129/><T63/><D32/><U77/><E30/><V81/><F133/><W7/><G75/><T1/><D26/><U82/><E127/><V131/><F131/><W95/><G95/><T70/><D44/><U118/><E118/><V93/><F18/><W3/><REACH who="3" step="1"/><G13/><REACH who="3" ten="250,250,250,240" step="2"/><T97/><D14/><U72/><E72/><V114/><F93/><W42/><G42/><T46/><D97/><U107/><E99/><V120/><F120/><W2/><G2/><T125/><D86/><N who="1" m="50519" /><E115/><V94/><F114/><W98/><G98/><T16/><D85/><U109/><AGARI ba="0,1" hai="57,58,76,77,79,104,106,107,108,109,110" m="50519" machi="109" ten="50,6400,0" yaku="29,2,14,1" doraHai="34" who="1" fromWho="1" sc="250,-32,250,74,250,-16,240,-16" /><INIT seed="1,0,0,3,5,115" ten="218,324,234,224" oya="1" hai0="101,100,54,4,51,108,60,130,67,22,56,129,128" hai1="35,82,135,17,34,13,49,19,72,46,99,85,2" hai2="52,30,95,88,86,80,11,33,15,91,96,76,37" hai3="131,38,97,27,81,113,36,61,117,114,50,69,71"/><U55/><E135/><V0/><F37/><N who="3" m="14443" /><G81/><T23/><D108/><U64/><E2/><V123/><F0/><W1/><G97/><T24/><D4/><U77/><E64/><V78/><F123/><W75/><G75/><T65/><D65/><U93/><E72/><V126/><F126/><W119/><G1/><T39/><D39/><U133/><E133/><V47/><F30/><W14/><G14/><T66/><D66/><U106/><E106/><V53/><F33/><W45/><G61/><T62/><D62/><U3/><E3/><V102/><F102/><N who="0" m="39530" /><D24/><U28/><E28/><V68/><F68/><AGARI ba="0,0" hai="22,23,51,54,56,60,67,68,128,129,130" m="39530" machi="68" ten="30,1000,0" yaku="19,1" doraHai="115" who="0" fromWho="2" sc="218,10,324,0,234,-10,224,0" /><INIT seed="2,0,0,1,2,132" ten="228,324,224,224" oya="2" hai0="80,54,64,119,96,13,27,104,37,47,36,78,107" hai1="26,111,100,120,110,94,1,86,97,56,6,89,72" hai2="121,90,43,79,124,39,95,2,133,134,31,67,68" hai3="29,19,52,20,9,106,28,87,23,73,59,35,7"/><V8/><F121/><W117/><G73/><T98/><D119/><U75/><E120/><V84/><F31/><N who="3" m="11851" /><G106/><T128/><D128/><U93/><E26/><V102/><F79/><W74/><G74/><T131/><D131/><U24/><E24/><V21/><F21/><W101/><G35/><T61/><D27/><U69/><E69/><V63/><F102/><W60/><G117/><T41/><D36/><U105/><E56/><V116/><F116/><W55/><G101/><T126/><D126/><U65/><E65/><V85/><F124/><W83/><G7/><T91/><D54/><N who="3" m="20521" /><G9/><T50/><D37/><U5/><E105/><V99/><F8/><W125/><G19/><T129/><D129/><U108/><E6/><V18/><F18/><W15/><G15/><T82/><D13/><U123/><E123/><V34/><F2/><W30/><N who="3" m="11859" /><W135/><DORA hai="16" /><G135/><N who="2" m="51721" /><F34/><W4/><G4/><T44/><D107/><U122/><E122/><V11/><F11/><AGARI ba="0,0" hai="1,5,11,72,75,86,89,93,94,97,100,108,110,111" machi="11" ten="40,1300,0" yaku="14,1" doraHai="132,16" who="1" fromWho="2" sc="228,0,324,13,224,-13,224,0" /><INIT seed="3,0,0,4,2,3" ten="228,337,211,224" oya="3" hai0="8,127,68,28,65,116,114,101,89,6,86,97,41" hai1="118,31,94,73,102,44,75,83,38,46,87,54,131" hai2="35,76,92,66,4,119,40,112,37,121,110,33,135" hai3="117,124,58,125,95,64,88,130,30,79,13,111,55"/><W60/><G117/><T108/><D108/><U115/><E115/><V98/><F112/><W32/><G111/><T15/><D127/><N who="3" m="48713" /><G130/><T120/><D41/><U67/><E67/><V11/><F110/><W26/><G79/><T71/><D28/><U82/><E31/><V20/><F119/><W16/><G64/><T133/><D133/><U49/><E131/><V9/><F135/><W74/><G74/><T128/><D120/><U25/><E75/><V0/><F121/><W134/><G134/><T43/><D43/><U77/><E118/><V29/><F66/><W126/><N who="3" m="48721" /><W62/><DORA hai="12" /><G58/><T90/><D65/><U106/><E77/><V42/><F76/><W91/><G55/><T10/><D114/><U105/><E54/><V61/><F61/><N who="3" m="23659" /><G95/><N who="0" m="58559" /><D128/><U80/><E94/><V34/><F37/><W24/><G24/><T100/><D71/><U81/><E25/><V69/><F69/><W21/><AGARI ba="0,0" hai="13,16,21,26,30,32,88,91" m="23659,48721" machi="21" ten="40,12000,1" yaku="18,1,52,1,54,2" doraHai="3,12" who="3" fromWho="3" sc="228,-40,337,-40,211,-40,224,120" owari="188,-21.2,297,9.7,171,-32.9,344,44.4" /></mjloggm>