<mjloggm ver="2.3"><GO type="225" lobby="0"/><UN n0="%E3%83%81%E3%83%83%E3%82%BF%E3%82%BD%E3%83%BC" n1="%74%2E%6F%2E%6F%2E%73" n2="%E8%BE%9B%E5%8F%A3%E3%82%AB%E3%83%AC%E3%83%BC%E3%83%A9%E3%82%A4%E3%82%B9" n3="%E9%9B%80%E6%A5%B5%E3%81%AE%E3%81%B8" dan="17,18,17,16" rate="2167.18,2159.27,2224.67,2126.29" sx="F,M,M,M"/><TAIKYOKU oya="0"/><INIT seed="0,0,0,1,2,76" ten="250,250,250,250" oya="0" hai0="53,110,18,41,10,89,73,67,39,135,130,57,100" hai1="115,125,75,38,113,87,69,9,91,84,77,81,22" hai2="52,94,127,105,86,14,102,116,70,17,43,119,34" hai3="54,71,24,97,49,64,45,74,23,16,28,20,114"/><T12/><D135/><U124/><E38/><V79/><F70/><W59/><G114/><N who="1" m="43530" /><E69/><V104/><F34/><W103/><G74/><T117/><D117/><N who="2" m="45130" /><F127/><N who="1" m="48713" /><E9/><V13/><F43/><W122/><G122/><T42/><D73/><U56/><E56/><V5/><F5/><W121/><G121/><T108/><D100/><U33/><E33/><V128/><F128/><W62/><G71/><T31/><D130/><U15/><E15/><V6/><F6/><W19/><REACH who="3" step="1"/><G23/><REACH who="3" ten="250,250,250,240" step="2"/><T80/><D39/><U78/><E22/><V50/><F105/><AGARI ba="0,1" hai="16,19,20,24,28,45,49,54,59,62,64,97,103,105" machi="105" ten="30,8000,1" yaku="1,1,2,1,7,1,54,1,53,1" doraHai="76" doraHaiUra="93" who="3" fromWho="2" sc="250,0,250,0,250,-80,240,90" /><INIT seed="1,0,0,0,0,50" ten="250,250,170,330" oya="1" hai0="12,69,121,25,135,6,129,39,123,56,82,126,65" hai1="27,132,114,118,130,122,36,62,87,11,110,38,131" hai2="117,116,17,13,97,99,72,60,32,86,2,125,46" hai3="85,19,53,94,48,133,92,81,104,113,127,5,98"/><U91/><E114/><V102/><F72/><W55/><G113/><T34/><D39/><U57/><E118/><V54/><F2/><W71/><G71/><T10/><D126/><U35/><E122/><N who="0" m="46601" /><D129/><N who="1" m="49163" /><E11/><V96/><F125/><W8/><G19/><T106/><D106/><U58/><E132/><V4/><F32/><W100/><G127/><T40/><D40/><U68/><E68/><V23/><F4/><W79/><G133/><T105/><D105/><U20/><E35/><V80/><F102/><W0/><G55/><T83/><D69/><U43/><E43/><V67/><F67/><W107/><G107/><T88/><D135/><U47/><E47/><AGARI ba="0,0" hai="0,5,8,47,48,53,79,81,85,92,94,98,100,104" machi="47" ten="30,2000,0" yaku="7,1,52,1" doraHai="50" who="3" fromWho="1" sc="250,0,250,-20,170,0,330,20" /><INIT seed="2,0,0,2,0,114" ten="250,230,170,350" oya="2" hai0="0,17,37,74,88,95,51,127,121,129,132,32,122" hai1="63,97,130,23,15,48,66,94,99,87,35,58,57" hai2="110,115,135,117,29,96,113,102,123,72,131,44,36" hai3="84,80,43,11,126,46,45,28,34,25,101,2,119"/><V73/><F29/><W76/><G119/><T19/><D37/><U105/><E35/><V98/><F44/><W30/><G126/><T106/><D106/><U39/><E39/><V86/><F36/><W118/><G118/><T56/><D32/><U133/><E105/><V20/><F20/><W60/><G30/><T111/><D74/><N who="2" m="28778" /><F117/><W8/><G101/><T9/><D0/><U6/><E130/><V116/><F116/><W38/><G2/><T3/><D129/><U70/><E133/><V55/><F55/><W13/><G46/><T108/><D132/><U69/><E69/><V68/><F68/><W82/><G13/><T71/><D127/><U33/><E33/><V65/><F65/><W103/><G103/><T83/><D83/><U67/><E70/><V16/><F131/><W59/><G80/><T41/><D71/><U27/><E6/><V18/><F135/><W53/><AGARI ba="0,0" hai="8,11,25,28,34,38,43,45,53,59,60,76,82,84" machi="53" ten="20,1500,0" yaku="0,1,7,1" doraHai="114" who="3" fromWho="3" sc="250,-4,230,-4,170,-7,350,15" /><INIT seed="3,0,0,2,0,71" ten="246,226,163,365" oya="3" hai0="120,43,10,67,97,25,127,68,132,124,95,63,70" hai1="83,101,92,107,111,46,56,3,125,134,41,44,126" hai2="62,14,34,104,130,122,58,60,98,29,96,30,32" hai3="20,49,87,99,51,15,9,7,54,24,28,81,90"/><W11/><G54/><T110/><D110/><U52/><E3/><V108/><F14/><N who="3" m="5439" /><G99/><T105/><D105/><U53/><E111/><V55/><F108/><W2/><G2/><T64/><D132/><U73/><E107/><V36/><F55/><W116/><G116/><T123/><D43/><U89/><E101/><V100/><F104/><W72/><G72/><T19/><D10/><U61/><E134/><V37/><F100/><W82/><G82/><T66/><D19/><AGARI ba="0,0" hai="11,15,19,20,24,28,49,51,81,87,90" m="5439" machi="19" ten="30,1500,0" yaku="8,1" doraHai="71" who="3" fromWho="0" sc="246,-15,226,0,163,0,365,15" owari="231,3.1,226,-17.4,163,-33.7,380,48.0" /></mjloggm>