<mjloggm ver="2.3"><GO type="225" lobby="0"/><UN n0="%E3%81%95%E3%81%8D%E3%81%9F%E3%81%BE%E6%9E%97%E6%AA%8E" n1="%E3%81%9F%E3%81%93%E2%98%86%E7%84%BC%E3%81%8D" n2="%E3%81%A1%E3%82%85%E3%81%86%E3%81%A9%E3%81%8F%E8%B1%A1%E3%81%95%E3%82%93" n3="%6D%75%75%6D%75%72%61" dan="16,16,17,16" rate="2065.50,2095.70,2184.54,2117.60" sx="M,M,M,F"/><TAIKYOKU oya="0"/><INIT seed="0,0,0,3,1,25" ten="250,250,250,250" oya="0" hai0="58,64,103,109,16,85,129,118,128,72,98,88,35" hai1="101,105,81,18,108,63,77,112,124,121,57,133,104" hai2="95,61,41,37,27,34,135,12,23,66,48,0,43" hai3="59,92,67,7,45,117,4,3,2,134,87,39,125"/><T28/><D118/><U127/><E121/><V42/><F0/><W71/><G117/><T123/><D123/><U54/><E108/><V120/><F120/><W26/><G71/><T79/><D79/><U113/><E18/><V132/><F34/><W9/><G134/><T31/><D72/><N who="1" m="43175" /><E133/><N who="2" m="51275" /><F37/><W44/><G125/><N who="1" m="48202" /><E101/><V74/><F74/><W114/><G114/><AGARI ba="0,0" hai="54,57,63,104,105,112,113,114" m="48202,43175" machi="114" ten="30,2000,0" yaku="11,1,18,1" doraHai="25" who="1" fromWho="3" sc="250,0,250,20,250,0,250,-20" /><INIT seed="1,0,0,3,5,58" ten="250,270,250,230" oya="1" hai0="101,82,48,105,13,114,8,29,31,24,53,26,39" hai1="19,2,95,55,110,34,22,113,42,100,107,23,106" hai2="78,123,99,7,12,54,14,71,11,16,131,70,67" hai3="111,0,60,86,122,4,92,126,25,21,115,97,68"/><U104/><E34/><V57/><F123/><W9/><G122/><T84/><D39/><U5/><E42/><V62/><F131/><W91/><G115/><T45/><D114/><U63/><E23/><V69/><F78/><W116/><G111/><T15/><D105/><U83/><E83/><V117/><F117/><W43/><G126/><T75/><D75/><U65/><E55/><V36/><F36/><W127/><G127/><T103/><D15/><U121/><E121/><V32/><F32/><W50/><G116/><T133/><D133/><U1/><E110/><V37/><F37/><W112/><G112/><T89/><D103/><U59/><E5/><V76/><F76/><W90/><G50/><T87/><D87/><U35/><E35/><V124/><F99/><W33/><G43/><T73/><D73/><U119/><E119/><V3/><F124/><W28/><G33/><T27/><REACH who="0" step="1"/><D101/><REACH who="0" ten="240,270,250,230" step="2"/><U10/><E100/><V102/><F102/><W128/><G128/><T132/><D132/><U80/><E113/><V134/><F134/><W6/><G0/><T79/><D79/><U51/><E106/><V49/><REACH who="2" step="1"/><F3/><REACH who="2" ten="240,270,240,230" step="2"/><W18/><G97/><T81/><D81/><U109/><E80/><V129/><F129/><W17/><G92/><T61/><D61/><U30/><E95/><V108/><F108/><W88/><G60/><T47/><D47/><U96/><E109/><V56/><F56/><W20/><G86/><T64/><D64/><U125/><E2/><V44/><F44/><W120/><G120/><T66/><D66/><N who="1" m="39295" /><E1/><V135/><F135/><W41/><G68/><RYUUKYOKU ba="0,2" sc="240,15,270,-15,240,15,230,-15" hai0="8,13,24,26,27,29,31,45,48,53,82,84,89" hai2="7,11,12,14,16,49,54,57,62,67,69,70,71" /><INIT seed="2,1,2,1,3,103" ten="255,255,255,215" oya="2" hai0="77,100,0,7,66,51,113,110,72,106,105,6,24" hai1="111,86,14,16,1,112,82,96,34,118,8,13,129" hai2="128,98,27,38,44,84,94,74,60,76,4,9,42" hai3="22,36,52,58,28,46,135,57,54,65,93,130,3"/><V107/><F128/><W12/><G130/><T32/><D113/><U85/><E1/><N who="2" m="143" /><F60/><W30/><G3/><T89/><D100/><U95/><E111/><V67/><F67/><W33/><G33/><T75/><D66/><U80/><E34/><V29/><F84/><N who="1" m="32361" /><E118/><V78/><F78/><W88/><G36/><T20/><D89/><N who="1" m="55407" /><E112/><V41/><F41/><W123/><G123/><T119/><D119/><U26/><E26/><V5/><F5/><W99/><G135/><T37/><D7/><N who="1" m="3231" /><E129/><V83/><F94/><W53/><G46/><T55/><D37/><U23/><AGARI ba="1,2" hai="14,16,23,80,82" m="3231,55407,32361" machi="23" ten="30,2000,0" yaku="8,1,54,1" doraHai="103" who="1" fromWho="1" sc="255,-6,255,43,255,-11,215,-6" /><INIT seed="3,0,0,1,4,78" ten="249,298,244,209" oya="3" hai0="71,62,45,110,39,8,122,97,77,5,130,132,12" hai1="25,32,109,23,30,84,44,10,135,125,60,131,128" hai2="113,99,2,86,33,36,55,52,17,56,16,127,67" hai3="102,87,112,124,41,79,51,116,1,42,4,34,73"/><W105/><G116/><T61/><D110/><U75/><E75/><V6/><F113/><W40/><G112/><T108/><D108/><U48/><E109/><V7/><F33/><W20/><G34/><T114/><D122/><U119/><E60/><N who="2" m="38279" /><F36/><W26/><G73/><T68/><D68/><U57/><E57/><V54/><F127/><W9/><G124/><T64/><D132/><U88/><E135/><V24/><F2/><W22/><G105/><T95/><D130/><N who="1" m="49707" /><E10/><V14/><F99/><W83/><G102/><T118/><D118/><U31/><E125/><V94/><F24/><W85/><G26/><T11/><D77/><U70/><E70/><V117/><F117/><W66/><G66/><T92/><D114/><U93/><E119/><V18/><F14/><W106/><G106/><T47/><D39/><U129/><E129/><V103/><F103/><W29/><G29/><T37/><D37/><U58/><E58/><V104/><F104/><W72/><REACH who="3" step="1"/><G51/><REACH who="3" ten="249,298,244,199" step="2"/><T115/><D115/><U63/><E31/><V133/><F133/><W89/><G89/><AGARI ba="0,1" hai="6,7,16,17,18,52,54,55,86,89,94" m="38279" machi="89" ten="30,3900,0" yaku="8,1,54,2" doraHai="78" who="2" fromWho="3" sc="249,0,298,0,244,49,199,-39" /><INIT seed="4,0,0,3,4,27" ten="249,298,293,160" oya="0" hai0="61,33,75,94,43,55,35,108,37,66,134,68,118" hai1="111,72,53,128,16,18,54,104,19,23,10,69,101" hai2="36,41,77,46,102,70,8,49,133,90,67,89,17" hai3="34,65,0,93,59,126,119,52,11,83,84,127,63"/><T14/><D118/><U24/><E72/><V79/><F133/><W12/><G119/><T106/><D134/><U132/><E69/><V129/><F36/><W22/><G34/><T107/><D94/><U47/><E111/><V91/><F70/><W86/><G0/><T73/><D55/><U123/><E123/><V110/><F67/><W5/><G65/><T38/><D14/><U80/><E128/><V13/><F110/><W121/><G121/><T115/><D115/><U96/><E80/><V82/><F129/><W113/><G113/><T57/><D57/><U39/><E10/><V62/><F62/><W74/><G22/><T20/><D20/><U56/><E132/><V122/><F122/><W42/><G42/><T45/><D38/><U64/><E64/><V31/><F102/><W15/><G15/><T32/><D108/><U2/><E2/><V76/><F31/><W26/><G26/><T21/><D21/><U50/><E39/><V88/><F90/><W7/><G7/><T99/><D99/><U95/><E104/><AGARI ba="0,0" hai="32,33,35,37,43,45,61,66,68,73,75,104,106,107" machi="104" ten="50,9600,0" yaku="33,3" doraHai="27" who="0" fromWho="1" sc="249,96,298,-96,293,0,160,0" owari="345,44.5,202,-19.8,293,9.3,160,-34.0" /></mjloggm>