<mjloggm ver="2.3"><GO type="225" lobby="0"/><UN n0="%6D%75%75%73%61%6E%6D%75" n1="%E6%B8%A9%E2%98%85%E6%83%85%E2%98%85%E6%8E%AA%E2%98%85%E7%BD%AE" n2="%65%6B%61%72%75%74%65" n3="%E6%A1%9C%E8%8A%B1%E9%96%83%E3%80%85" dan="16,18,16,16" rate="2069.43,2204.44,2148.79,2222.30" sx="F,M,M,M"/><TAIKYOKU oya="0"/><INIT seed="0,0,0,4,0,77" ten="250,250,250,250" oya="0" hai0="119,42,8,90,115,99,26,117,39,57,6,23,132" hai1="62,35,75,58,100,88,84,14,87,20,50,37,134" hai2="91,125,15,104,116,45,18,129,95,2,10,34,70" hai3="128,98,123,110,54,0,22,52,7,97,28,38,53"/><T55/><D115/><U73/><E37/><V61/><F104/><W64/><G110/><T92/><D132/><U135/><E35/><V49/><F34/><W32/><G32/><T121/><D121/><U5/><E100/><V69/><F125/><W71/><G38/><T59/><D59/><U89/><E50/><V118/><F129/><W127/><G127/><T48/><D42/><U126/><E126/><V3/><F3/><W82/><G128/><T33/><D39/><U9/><E20/><V41/><F2/><W79/><G123/><T74/><D74/><U111/><E111/><V68/><REACH who="2" step="1"/><F61/><REACH who="2" ten="250,250,240,250" step="2"/><W31/><G0/><T80/><D33/><U56/><E135/><V4/><F4/><W43/><G7/><T63/><D63/><U114/><E134/><V120/><F120/><W66/><G31/><T103/><D6/><U76/><E114/><V113/><F113/><W24/><G43/><T21/><D117/><U93/><E58/><V60/><F60/><W122/><G122/><T44/><D119/><U13/><E56/><V40/><F40/><W131/><G131/><T105/><D105/><U65/><E62/><V19/><F19/><W86/><G71/><T78/><D57/><U25/><E5/><V109/><F109/><W106/><G106/><T27/><D44/><U36/><E65/><AGARI ba="0,1" hai="22,24,28,52,53,54,64,65,66,79,82,86,97,98" machi="65" ten="40,5200,0" yaku="8,1,52,1,54,1" doraHai="77" who="3" fromWho="1" sc="250,0,250,-52,240,0,250,62" /><INIT seed="1,0,0,1,5,4" ten="250,198,240,312" oya="1" hai0="117,71,93,88,124,36,73,110,63,5,21,16,55" hai1="34,80,47,30,0,111,46,8,10,127,72,23,64" hai2="31,109,128,59,102,3,114,52,49,67,69,24,6" hai3="50,119,7,97,83,54,82,57,107,120,65,87,28"/><U44/><E34/><V76/><F109/><W11/><G120/><T134/><D117/><U113/><E113/><V66/><F114/><W133/><G119/><T60/><D73/><U53/><E0/><V1/><F128/><W99/><G133/><T100/><D36/><U33/><E33/><V92/><F76/><W68/><G28/><T45/><D110/><U17/><E111/><V9/><F3/><W25/><G25/><T39/><D134/><U79/><E30/><V98/><REACH who="2" step="1"/><F69/><REACH who="2" ten="250,198,230,312" step="2"/><W94/><G68/><T131/><D71/><U32/><E127/><V19/><F19/><W70/><G70/><T18/><D124/><U29/><E64/><V86/><F86/><W62/><G87/><T12/><D18/><U130/><E130/><V116/><F116/><W75/><G75/><T84/><D131/><U40/><E40/><V101/><F101/><W132/><G132/><T105/><D100/><U26/><REACH who="1" step="1"/><E53/><REACH who="1" ten="250,188,230,312" step="2"/><V108/><F108/><W95/><G65/><T77/><D55/><U38/><E38/><V91/><F91/><W43/><G43/><T112/><D39/><U106/><E106/><V35/><AGARI ba="0,2" hai="1,6,9,24,31,35,49,52,59,66,67,92,98,102" machi="35" ten="20,8000,1" yaku="1,1,0,1,7,1,52,1,54,1,53,0" doraHai="4" doraHaiUra="15" who="2" fromWho="2" sc="250,-20,188,-40,230,100,312,-20" /><INIT seed="2,0,0,3,5,126" ten="230,148,330,292" oya="2" hai0="88,44,65,52,48,114,23,15,97,66,73,22,1" hai1="8,27,43,3,55,94,54,98,104,105,68,2,9" hai2="17,102,53,34,133,119,127,62,60,12,80,61,10" hai3="67,72,89,58,134,11,0,29,123,24,50,18,14"/><V47/><F119/><W21/><G123/><T59/><D1/><U117/><E68/><V78/><F127/><W96/><G134/><T40/><D73/><U108/><E43/><V82/><F133/><W130/><G72/><T63/><D114/><U16/><E117/><V38/><F34/><W28/><G0/><T125/><D125/><U26/><E94/><V135/><F135/><W116/><G116/><T19/><D22/><U6/><E98/><V91/><F102/><W92/><G130/><T20/><D20/><U122/><E6/><V64/><F38/><W13/><G13/><T33/><D33/><U101/><E101/><V5/><F5/><W42/><G67/><T25/><D15/><U36/><E36/><V129/><F129/><W106/><G106/><T69/><D69/><U99/><E99/><V103/><F103/><W85/><G96/><T51/><D48/><U90/><E90/><V7/><F7/><N who="3" m="3455" /><G58/><T45/><D45/><AGARI ba="0,0" hai="18,21,24,28,29,42,45,50,85,89,92" m="3455" machi="45" ten="30,1000,0" yaku="8,1" doraHai="126" who="3" fromWho="0" sc="230,-10,148,0,330,0,292,10" /><INIT seed="3,0,0,0,0,3" ten="220,148,330,302" oya="3" hai0="14,106,25,71,116,21,50,96,38,135,94,4,117" hai1="69,114,118,22,112,30,39,105,62,89,12,109,15" hai2="60,83,120,93,5,45,121,18,103,87,68,6,95" hai3="108,42,124,97,111,82,66,110,79,104,47,119,28"/><W57/><G124/><T9/><D38/><U55/><E105/><V123/><F18/><W133/><G133/><T37/><D106/><U63/><E39/><V92/><F103/><N who="3" m="62575" /><G28/><T86/><D37/><U19/><E118/><V8/><F45/><W99/><G99/><T127/><D71/><U132/><E132/><V73/><F73/><N who="3" m="43375" /><G119/><T113/><D113/><U46/><E109/><V80/><F8/><W51/><G57/><T54/><D86/><U26/><E89/><N who="2" m="51431" /><F83/><W77/><G77/><T33/><D33/><U41/><E15/><V84/><F84/><W58/><G58/><T16/><D127/><U70/><E70/><V61/><F61/><W20/><G20/><T98/><D98/><U36/><E55/><V129/><F60/><W131/><G131/><T85/><D85/><U34/><E63/><V88/><F129/><W101/><G101/><T40/><D40/><U134/><E134/><V126/><F126/><W24/><G24/><T10/><D10/><U27/><E27/><V29/><F29/><W128/><G128/><T2/><D2/><U7/><E62/><V31/><F31/><W81/><G81/><T130/><D130/><U115/><REACH who="1" step="1"/><E69/><REACH who="1" ten="220,138,330,302" step="2"/><V107/><F107/><W100/><G100/><N who="0" m="60439" /><D135/><U122/><E122/><V65/><F88/><W23/><G66/><T90/><D117/><U91/><E91/><V13/><F13/><W44/><G44/><N who="0" m="27975" /><D116/><U78/><E78/><V102/><F102/><W0/><G0/><T72/><D90/><U59/><E59/><V49/><F49/><W53/><G53/><T67/><D67/><U52/><E52/><RYUUKYOKU ba="0,1" sc="220,0,138,0,330,0,302,0" hai0="4,9,14,16,21,25,72" hai1="7,12,19,22,26,30,34,36,41,46,112,114,115" hai2="5,6,65,68,92,93,95,120,121,123" hai3="23,42,47,51,108,110,111" /><INIT seed="3,1,1,1,0,51" ten="220,138,330,302" oya="3" hai0="67,98,9,4,135,127,16,88,123,80,65,31,43" hai1="61,35,107,42,50,94,40,0,96,15,30,27,101" hai2="102,29,134,19,64,63,38,86,12,26,17,72,129" hai3="89,126,125,54,5,36,108,18,76,68,121,25,34"/><W7/><G121/><T13/><D123/><U60/><E0/><V109/><F72/><W70/><G36/><T3/><D127/><N who="3" m="48649" /><G108/><T33/><D135/><U44/><E42/><V132/><F38/><W47/><G76/><T53/><D43/><U41/><E41/><V62/><F129/><W32/><G89/><T59/><D31/><U77/><E77/><V82/><F102/><W69/><G54/><T66/><D33/><N who="3" m="12905" /><G47/><T90/><D98/><U75/><E75/><V104/><F104/><W73/><G73/><T71/><D71/><U103/><E103/><V1/><F1/><W21/><AGARI ba="1,1" hai="5,7,18,21,25,68,69,70" m="12905,48649" machi="21" ten="40,2100,0" yaku="18,1" doraHai="51" who="3" fromWho="3" sc="220,-8,138,-8,330,-8,302,34" owari="212,-18.8,130,-37.0,322,12.2,336,43.6" /></mjloggm>