<mjloggm ver="2.3"><GO type="225" lobby="0"/><UN n0="%E3%83%94%E3%83%B3%E3%82%B5%E3%83%AD%E5%BA%97%E5%93%A1" n1="%33%74%72%65%65" n2="%61%6D%65%6B%69" n3="%E3%83%81%E3%83%AF%E3%83%AF%E9%9A%8A%E9%95%B7" dan="16,16,16,17" rate="2228.36,2140.42,2073.65,2211.23" sx="M,F,M,M"/><TAIKYOKU oya="0"/><INIT seed="0,0,0,1,3,6" ten="250,250,250,250" oya="0" hai0="89,108,38,61,90,63,54,24,65,76,83,17,68" hai1="34,22,16,84,72,116,52,19,9,55,69,37,39" hai2="130,106,102,93,127,80,8,15,104,10,36,1,94" hai3="95,23,51,115,47,12,43,121,77,56,49,29,120"/><T20/><D38/><U134/><E72/><V45/><F130/><W87/><G115/><T26/><D108/><U50/><E34/><V129/><F129/><W31/><G77/><T66/><D54/><U2/><E116/><V32/><F32/><W70/><G70/><T27/><D90/><U96/><E69/><V48/><F36/><W14/><G14/><T13/><D89/><U107/><E134/><V73/><F127/><W42/><G95/><T4/><D4/><U122/><E122/><N who="3" m="47210" /><G87/><T25/><N who="0" m="6144" /><DORA hai="86" /><T62/><REACH who="0" step="1"/><D68/><REACH who="0" ten="240,250,250,250" step="2"/><U35/><E55/><V11/><F1/><W67/><G42/><T28/><D28/><U5/><E52/><V133/><F133/><W74/><G29/><T79/><D79/><U3/><E5/><V101/><F15/><W131/><G31/><T85/><AGARI ba="0,1" hai="13,17,20,61,62,63,65,66,76,83,85" m="6144" machi="85" ten="50,24000,3" yaku="1,1,0,1,8,1,53,5" doraHai="6,86" doraHaiUra="60,58" who="0" fromWho="0" sc="240,250,250,-80,250,-80,250,-80" /><INIT seed="0,1,0,2,2,10" ten="490,170,170,170" oya="0" hai0="65,91,95,29,84,85,47,13,109,55,76,57,2" hai1="18,46,32,130,8,123,0,90,15,9,72,80,41" hai2="56,21,11,31,125,28,59,128,102,60,26,52,43" hai3="1,97,16,49,45,48,4,36,112,19,70,96,83"/><T114/><D114/><U22/><E123/><V74/><F74/><W133/><G112/><T6/><D2/><U118/><E118/><V122/><F122/><W53/><G36/><T27/><D109/><U81/><E130/><V68/><F68/><W51/><G70/><T34/><D65/><U127/><E127/><V119/><F119/><W44/><G133/><T20/><D47/><U106/><E106/><V132/><F132/><W64/><G64/><T71/><D71/><U37/><E32/><V113/><F113/><W7/><G48/><T77/><D85/><U23/><E81/><V58/><F128/><W69/><G69/><T66/><D66/><U94/><E94/><V54/><F43/><W42/><G83/><T116/><D116/><U131/><E131/><V73/><F73/><W107/><G107/><T82/><D82/><U38/><E38/><V63/><F102/><W35/><G35/><T110/><D110/><U111/><E111/><V134/><F134/><W117/><G117/><T108/><D108/><U126/><E126/><V50/><F11/><W124/><G124/><T39/><D39/><U92/><E92/><V101/><F101/><W120/><G120/><T79/><D6/><N who="3" m="2089" /><G1/><T17/><REACH who="0" step="1"/><D79/><REACH who="0" ten="480,170,170,170" step="2"/><U89/><E80/><V105/><F125/><W129/><G129/><T14/><D14/><N who="1" m="7495" /><E0/><V30/><F105/><W40/><G40/><T5/><D5/><N who="1" m="3503" /><E72/><V135/><F135/><W115/><G115/><T3/><D3/><U100/><E37/><V93/><F93/><W88/><G96/><T99/><D99/><U103/><E46/><V33/><F33/><RYUUKYOKU ba="1,1" sc="480,10,170,-30,170,10,170,10" hai0="13,17,20,27,29,34,55,57,76,77,84,91,95" hai2="21,26,28,30,31,50,52,54,56,58,59,60,63" hai3="16,19,42,44,45,49,51,53,88,97" /><INIT seed="0,2,1,0,4,72" ten="490,140,180,180" oya="0" hai0="100,54,31,50,60,39,61,34,16,83,77,114,44" hai1="110,127,6,121,130,98,68,123,56,59,15,134,102" hai2="119,12,82,41,27,135,32,30,118,4,58,18,75" hai3="94,95,117,33,70,113,71,86,63,19,28,132,45"/><T108/><D114/><U120/><E110/><V99/><F41/><W2/><G113/><T21/><D108/><U51/><E134/><V36/><F36/><W93/><G2/><T109/><D109/><U29/><E130/><V122/><F122/><W88/><G132/><T20/><D34/><U101/><E127/><V49/><F135/><W89/><G117/><N who="2" m="44553" /><F99/><W67/><G71/><T96/><D21/><U1/><E1/><V115/><F115/><W48/><G19/><T92/><D31/><U129/><E129/><V103/><F103/><W79/><G79/><T9/><D9/><U85/><E102/><V111/><F4/><W105/><G105/><T90/><D39/><U66/><E98/><V131/><F131/><W17/><G17/><T14/><REACH who="0" step="1"/><D100/><REACH who="0" ten="480,140,180,180" step="2"/><U81/><E101/><V3/><F111/><W69/><G28/><T55/><D55/><U10/><E29/><V64/><F30/><W78/><G33/><T126/><D126/><U128/><E128/><V7/><F32/><W43/><REACH who="3" step="1"/><G69/><REACH who="3" ten="480,140,180,170" step="2"/><T35/><D35/><U47/><E123/><V104/><F27/><W116/><G116/><T106/><D106/><U11/><E121/><V76/><F104/><W24/><G24/><T62/><D62/><U53/><E120/><V37/><F37/><W52/><G52/><T84/><AGARI ba="2,3" hai="14,16,20,44,50,54,60,61,77,83,84,90,92,96" machi="84" ten="20,18000,2" yaku="1,1,0,1,7,1,8,1,52,1,54,1,53,1" doraHai="72" doraHaiUra="8" who="0" fromWho="0" sc="480,216,140,-62,180,-62,170,-62" /><INIT seed="0,3,0,4,1,8" ten="696,78,118,108" oya="0" hai0="133,53,134,49,26,123,82,118,121,96,89,130,76" hai1="34,83,131,35,6,19,12,73,78,37,32,75,20" hai2="95,124,65,122,25,77,55,128,126,97,44,109,102" hai3="11,5,64,107,80,115,60,0,70,4,94,88,104"/><T129/><D26/><U72/><E131/><N who="0" m="50185" /><D53/><U22/><E37/><V120/><F128/><W63/><G115/><T66/><D49/><U7/><REACH who="1" step="1"/><E22/><REACH who="1" ten="696,68,118,108" step="2"/><V24/><F122/><W113/><G113/><T59/><D123/><U119/><E119/><V74/><F120/><W52/><G5/><AGARI ba="3,1" hai="5,6,7,12,19,20,32,34,35,72,73,75,78,83" machi="5" ten="40,2600,0" yaku="1,1,52,1,53,0" doraHai="8" doraHaiUra="132" who="1" fromWho="3" sc="696,0,68,45,118,0,108,-35" /><INIT seed="1,0,0,4,2,105" ten="696,113,118,73" oya="1" hai0="79,51,69,10,58,32,11,57,53,101,37,120,83" hai1="46,74,100,71,64,39,121,89,113,0,14,7,15" hai2="104,108,81,16,131,33,30,48,91,68,47,85,4" hai3="59,18,70,42,110,135,126,88,73,2,117,119,34"/><U63/><E113/><V109/><F104/><W12/><G70/><T26/><D69/><U31/><E121/><V50/><F68/><W67/><G2/><T21/><D32/><U106/><E31/><V107/><F107/><W65/><G34/><T116/><D37/><U122/><E122/><V82/><F131/><W49/><G126/><T103/><D116/><N who="3" m="44617" /><G135/><T125/><D125/><U61/><E61/><V95/><F4/><W13/><G110/><N who="2" m="42601" /><F50/><W25/><G25/><T19/><D120/><U97/><E7/><V114/><F114/><W84/><G12/><T92/><D58/><U3/><E3/><V132/><F132/><W90/><G73/><T56/><D56/><U40/><E0/><V127/><F127/><W78/><G78/><T102/><REACH who="0" step="1"/><D92/><REACH who="0" ten="686,113,118,73" step="2"/><U1/><E71/><V24/><F33/><W23/><G59/><T94/><D94/><U28/><E39/><V98/><F95/><W20/><G65/><T93/><D93/><U52/><E64/><V99/><F99/><W6/><G67/><T75/><AGARI ba="0,1" hai="10,11,19,21,26,51,53,57,75,79,83,101,102,103" machi="75" ten="30,4000,0" yaku="1,1,0,1,52,1,53,0" doraHai="105" doraHaiUra="111" who="0" fromWho="0" sc="686,50,113,-20,118,-10,73,-10" /><INIT seed="2,0,0,5,2,92" ten="736,93,108,63" oya="2" hai0="104,59,70,110,96,7,103,85,4,13,39,51,35" hai1="134,102,32,112,130,82,86,55,53,126,94,11,29" hai2="43,87,74,27,19,121,127,100,50,47,131,75,21" hai3="132,122,22,79,63,117,89,44,115,25,60,15,40"/><V68/><F68/><W84/><G117/><T46/><D70/><U91/><E112/><V72/><F121/><W36/><G122/><T119/><D35/><U33/><E134/><V76/><F131/><W41/><G132/><T108/><D119/><U61/><E130/><V6/><F127/><W67/><G115/><T71/><D71/><U129/><E129/><V65/><F65/><W38/><G79/><T118/><D118/><U81/><E126/><V98/><F6/><W26/><G15/><T62/><D39/><U111/><E111/><N who="0" m="42537" /><D85/><U48/><E33/><V18/><F87/><W14/><G14/><T9/><D13/><U1/><E1/><V99/><F76/><W101/><G101/><T106/><D106/><U16/><E11/><V116/><F116/><W3/><G3/><T133/><D9/><U107/><E32/><V66/><F66/><W69/><G60/><T17/><D17/><U124/><E16/><V8/><F100/><W114/><G114/><T64/><D133/><U105/><E29/><V77/><F77/><W54/><G22/><T49/><D49/><U125/><E125/><V34/><F34/><W45/><REACH who="3" step="1"/><G54/><AGARI ba="0,0" hai="4,7,46,51,54,59,62,64,96,103,104" m="42537" machi="54" ten="30,2000,0" yaku="14,1,52,1" doraHai="92" who="0" fromWho="3" sc="736,20,93,0,108,0,63,-20" /><INIT seed="3,0,0,3,1,55" ten="756,93,108,43" oya="3" hai0="35,71,28,132,130,6,68,94,100,58,109,2,9" hai1="48,49,29,75,64,134,39,112,3,78,61,15,108" hai2="33,95,102,79,51,124,97,83,59,127,10,66,27" hai3="81,74,117,65,8,37,99,53,14,44,131,126,16"/><W67/><G117/><T110/><D130/><U19/><E3/><V80/><F10/><W38/><G131/><T63/><D132/><U60/><E39/><V26/><F33/><W45/><G126/><N who="2" m="48169" /><F83/><W32/><G32/><T115/><D115/><U52/><E112/><V46/><F59/><W113/><G113/><T23/><D35/><U105/><E105/><V11/><F11/><W121/><G121/><T12/><D94/><U107/><E107/><V54/><F66/><N who="3" m="25099" /><G38/><T4/><D100/><U17/><E134/><V119/><F119/><W96/><G37/><T72/><D72/><AGARI ba="0,0" hai="26,27,46,51,54,72,79,80,95,97,102" m="48169" machi="72" ten="30,1000,0" yaku="18,1" doraHai="55" who="2" fromWho="0" sc="756,-10,93,0,108,10,43,0" owari="746,84.6,93,-30.7,118,-8.2,43,-45.7" /></mjloggm>