<mjloggm ver="2.3"><GO type="225" lobby="0"/><UN n0="%E3%83%9F%E3%82%B9%E3%82%BF%E3%83%BC%E3%83%89%E3%83%BC%E3%83%8A%E3%83%84" n1="%48%61%61%61%6C%61%6E%64" n2="%E3%81%AF%E3%82%88%E3%81%8A%E3%81%98%E3%81%95%E3%82%93" n3="%E5%8F%AF%E5%85%90%E9%82%A3%E7%94%B1%E5%A4%9A" dan="16,18,17,17" rate="2074.26,2206.06,2235.06,2192.78" sx="M,M,M,F"/><TAIKYOKU oya="0"/><INIT seed="0,0,0,3,0,50" ten="250,250,250,250" oya="0" hai0="126,64,79,39,68,134,61,91,32,94,103,54,19" hai1="75,16,60,6,83,25,101,14,80,18,122,88,92" hai2="76,2,90,132,120,49,108,36,135,85,62,15,111" hai3="73,71,31,41,38,130,97,24,129,0,113,127,67"/><T52/><D39/><U81/><E122/><V9/><F36/><W23/><G113/><T65/><D65/><U45/><E75/><V55/><F120/><W26/><G0/><T35/><D134/><N who="2" m="51242" /><F62/><N who="3" m="40439" /><G73/><T1/><D126/><U57/><E101/><V124/><F76/><W22/><G97/><T53/><D103/><U44/><E6/><N who="2" m="3511" /><F2/><W96/><G96/><T89/><D1/><U20/><E18/><V66/><F66/><W84/><G84/><T114/><D114/><U107/><E107/><V116/><F116/><W100/><G100/><T21/><D79/><U95/><E14/><V4/><F4/><W104/><G104/><T72/><D72/><U77/><E77/><V133/><N who="2" m="51250" /><V109/><DORA hai="30" /><F124/><W117/><G117/><T47/><D47/><N who="1" m="17995" /><E88/><V34/><F34/><W3/><G3/><T98/><REACH who="0" step="1"/><D89/><REACH who="0" ten="240,250,250,250" step="2"/><U46/><N who="1" m="18003" /><U118/><DORA hai="56" /><E118/><V48/><F55/><AGARI ba="0,1" hai="16,20,25,55,57,60,80,81,83,92,95" m="18003" machi="55" ten="40,8000,1" yaku="8,1,52,2,54,1" doraHai="50,30,56" who="1" fromWho="2" sc="240,0,250,90,250,-80,250,0" /><INIT seed="1,0,0,5,3,111" ten="240,340,170,250" oya="1" hai0="108,30,27,67,89,118,66,81,113,131,106,28,107" hai1="39,94,3,33,38,14,101,109,86,82,36,12,90" hai2="11,129,74,100,43,57,65,85,102,54,134,60,34" hai3="26,15,44,49,132,29,115,58,48,50,45,93,123"/><U1/><E33/><V98/><F74/><W61/><G123/><T20/><D108/><U5/><E109/><V87/><F34/><W25/><G132/><T126/><D118/><U73/><E101/><V124/><F134/><W17/><G115/><T16/><D113/><U114/><E114/><V62/><F124/><W95/><G29/><T112/><D112/><U22/><E12/><V32/><F32/><W23/><G95/><T80/><D126/><U78/><REACH who="1" step="1"/><E22/><REACH who="1" ten="240,330,170,250" step="2"/><V88/><F102/><W55/><G93/><T92/><D107/><U91/><E91/><V51/><F88/><W31/><REACH who="3" step="1"/><G26/><REACH who="3" ten="240,330,170,240" step="2"/><T127/><D127/><U35/><E35/><AGARI ba="0,2" hai="15,17,23,25,31,35,44,45,48,49,50,55,58,61" machi="35" ten="40,5200,0" yaku="1,1,2,1,53,1" doraHai="111" doraHaiUra="52" who="3" fromWho="1" sc="240,0,330,-52,170,0,240,72" /><INIT seed="2,0,0,5,0,21" ten="240,278,170,312" oya="2" hai0="63,117,59,30,7,16,45,132,125,6,2,114,17" hai1="101,55,69,44,119,19,23,123,76,26,14,128,20" hai2="31,102,52,12,48,86,68,15,77,90,120,131,127" hai3="129,36,50,8,135,13,130,41,93,104,49,51,70"/><V38/><F120/><W65/><G104/><T57/><D114/><U109/><E119/><V47/><F68/><W105/><G105/><T66/><D132/><U97/><E69/><V99/><F127/><W73/><G73/><T94/><D125/><U34/><E123/><V75/><F131/><N who="3" m="50187" /><G135/><T134/><D134/><U32/><E76/><V82/><F38/><W27/><G36/><T67/><D30/><U110/><E128/><V72/><F31/><W61/><G93/><T107/><D107/><N who="1" m="63919" /><E55/><V25/><F25/><W0/><G0/><T43/><D117/><U96/><E44/><V115/><F115/><W88/><G88/><T71/><D94/><U91/><E91/><V121/><F121/><W78/><G78/><T133/><D133/><U122/><E96/><V33/><F33/><W74/><G74/><T92/><D92/><U10/><E122/><V81/><REACH who="2" step="1"/><F75/><REACH who="2" ten="240,278,160,312" step="2"/><W64/><G27/><T5/><D71/><U126/><E126/><V35/><F35/><W58/><G70/><T40/><D2/><U53/><E32/><V118/><F118/><W46/><G65/><T22/><D66/><U37/><E37/><V111/><F111/><N who="1" m="42505" /><E34/><V62/><F62/><W11/><G61/><T103/><D63/><U108/><E108/><V28/><F28/><W124/><G124/><T112/><D67/><U56/><E26/><V87/><F87/><W3/><G64/><T89/><D112/><U9/><E23/><V98/><F98/><W106/><G50/><AGARI ba="0,1" hai="9,10,14,19,20,50,53,56" m="42505,63919" machi="50" ten="30,1000,0" yaku="14,1" doraHai="21" who="1" fromWho="3" sc="240,0,278,20,160,0,312,-10" /><INIT seed="3,0,0,0,1,68" ten="240,298,160,302" oya="3" hai0="60,77,75,4,64,33,123,72,0,39,26,102,120" hai1="37,36,63,80,49,59,3,76,74,106,114,91,121" hai2="100,30,62,73,32,22,112,96,131,18,40,107,8" hai3="54,10,23,19,97,99,47,133,101,38,16,17,128"/><W88/><G128/><T89/><D89/><U98/><E121/><V25/><F112/><W15/><G133/><T45/><D102/><U92/><E114/><V24/><F131/><W34/><G34/><T125/><D125/><U12/><E3/><V113/><F113/><W67/><G67/><T52/><D52/><U5/><E49/><V2/><F73/><W55/><G38/><T110/><D110/><U86/><E5/><V61/><REACH who="2" step="1"/><F40/><REACH who="2" ten="240,298,150,302" step="2"/><W27/><G47/><T35/><D75/><U134/><E134/><V126/><F126/><W21/><G101/><T85/><D72/><U111/><E111/><V14/><F14/><N who="3" m="9367" /><G99/><T93/><D45/><U135/><E135/><V20/><F20/><W57/><G57/><T71/><D35/><U31/><E74/><V82/><F82/><W11/><G11/><T79/><D33/><U56/><E56/><V70/><F70/><W109/><G109/><T13/><D71/><U104/><E80/><V124/><F124/><W44/><G44/><T130/><D130/><U41/><E98/><V94/><F94/><AGARI ba="0,1" hai="10,15,17,19,23,27,54,55,88,94,97" m="9367" machi="94" ten="30,5800,0" yaku="8,1,54,2" doraHai="68" who="3" fromWho="2" sc="240,0,298,0,150,-58,302,68" owari="240,-16.0,298,9.8,92,-40.8,370,47.0" /></mjloggm>