<mjloggm ver="2.3"><GO type="225" lobby="0"/><UN n0="%E6%B0%B7%E5%B7%9D%E9%87%8C%E5%A5%88" n1="%E3%81%A8%E3%82%93%E3%81%A8%E3%81%93%E3%81%A8%E3%82%93" n2="%E5%B8%86%E7%AB%8B%E5%A4%8F%E8%A1%A3" n3="%E3%83%97%E3%83%AC%E3%83%B4%E3%82%A1%E3%83%86%E3%82%A3" dan="16,16,16,16" rate="2149.22,2115.74,2129.78,2141.35" sx="F,M,M,F"/><TAIKYOKU oya="0"/><INIT seed="0,0,0,0,3,59" ten="250,250,250,250" oya="0" hai0="106,84,87,32,89,135,12,88,23,31,3,132,91" hai1="28,73,67,2,64,69,61,17,7,101,18,114,128" hai2="92,16,120,74,6,115,68,46,126,125,104,99,48" hai3="42,54,25,9,50,86,97,81,0,58,111,11,24"/><T27/><D3/><U85/><E73/><V20/><F120/><W103/><G111/><T33/><D106/><U22/><E128/><V118/><F115/><W96/><G97/><T95/><D89/><U47/><E114/><V1/><F74/><W72/><G72/><T70/><D70/><U51/><E101/><V10/><F68/><W117/><G117/><T113/><D113/><U44/><E2/><V116/><F104/><W108/><G108/><T55/><D55/><U119/><E7/><V37/><F37/><W82/><G82/><T102/><D102/><U4/><E4/><V5/><F5/><W90/><G0/><T105/><D105/><U38/><E38/><V15/><F92/><N who="3" m="58759" /><G42/><T78/><D78/><U34/><E34/><V65/><F65/><W14/><G9/><T107/><D107/><U134/><E67/><V62/><F62/><W93/><G81/><T129/><D129/><U79/><E134/><N who="0" m="51241" /><D12/><U76/><E119/><N who="2" m="45611" /><F99/><W80/><G80/><AGARI ba="0,0" hai="23,27,31,32,33,80,84,87,88,91,95" m="51241" machi="80" ten="30,2900,0" yaku="20,1,54,1" doraHai="59" who="0" fromWho="3" sc="250,29,250,0,250,0,250,-29" /><INIT seed="0,1,0,0,3,58" ten="279,250,250,221" oya="0" hai0="78,7,56,51,3,53,62,27,40,89,21,67,2" hai1="80,101,112,17,36,0,9,114,120,43,46,10,122" hai2="11,90,25,100,60,42,97,52,99,88,92,29,84" hai3="133,79,103,55,82,26,109,106,77,8,110,48,12"/><T31/><D78/><U128/><E128/><V45/><F11/><W70/><G70/><T113/><D113/><N who="1" m="43627" /><E101/><V129/><F129/><W20/><G133/><T125/><D125/><U134/><E134/><V83/><F60/><W104/><G77/><T127/><D127/><U22/><E80/><V124/><F124/><W74/><G103/><T96/><D40/><U102/><E102/><V118/><F118/><W15/><G15/><T66/><D7/><N who="1" m="1255" /><E10/><V85/><F100/><W132/><G132/><T72/><D72/><U63/><E63/><V23/><REACH who="2" step="1"/><F52/><REACH who="2" ten="279,250,240,221" step="2"/><W19/><G109/><T119/><D119/><U111/><E111/><V39/><AGARI ba="1,1" hai="23,25,29,39,42,45,83,84,85,88,90,92,97,99" machi="39" ten="20,8000,1" yaku="1,1,2,1,0,1,7,1,54,1,53,0" doraHai="58" doraHaiUra="107" who="2" fromWho="2" sc="279,-41,250,-21,240,93,221,-21" /><INIT seed="1,0,0,3,5,26" ten="238,229,333,200" oya="1" hai0="96,43,0,5,88,89,127,65,82,46,102,70,69" hai1="76,97,45,117,118,123,19,37,38,110,99,11,133" hai2="95,100,92,58,87,60,90,32,64,16,75,3,36" hai3="28,104,126,8,44,106,105,72,86,73,48,25,119"/><U121/><E11/><V74/><F36/><W20/><G119/><T49/><D127/><U33/><E33/><V107/><F32/><W47/><G126/><T21/><D5/><U62/><E19/><V53/><F3/><W24/><G8/><T85/><D0/><U27/><E27/><V128/><F128/><W68/><G68/><T22/><D89/><U103/><E76/><V41/><F41/><W39/><G86/><T59/><D59/><U17/><E17/><V7/><F7/><W6/><G6/><T132/><D132/><U12/><E12/><V83/><F64/><W134/><G134/><T120/><D120/><U78/><E78/><V30/><F30/><W125/><G125/><T23/><REACH who="0" step="1"/><D65/><REACH who="0" ten="228,229,333,200" step="2"/><U111/><E133/><V101/><F90/><W31/><G39/><T109/><D109/><U98/><E103/><V2/><F100/><W114/><G114/><T124/><D124/><U129/><E45/><V81/><F101/><W14/><G14/><T55/><D55/><U63/><REACH who="1" step="1"/><E98/><REACH who="1" ten="228,219,333,200" step="2"/><V93/><F2/><W1/><G1/><T61/><D61/><U10/><E10/><V29/><F60/><W67/><G67/><T42/><D42/><U116/><E116/><V4/><F4/><W94/><G47/><T131/><D131/><AGARI ba="0,2" hai="37,38,62,63,97,99,110,111,117,118,121,123,129,131" machi="131" ten="25,4800,0" yaku="1,1,22,2,53,0" doraHai="26" doraHaiUra="50" who="1" fromWho="0" sc="228,-48,219,68,333,0,200,0" /><INIT seed="1,1,0,4,1,73" ten="180,287,333,200" oya="1" hai0="42,45,4,64,105,92,87,71,56,18,91,96,111" hai1="16,80,79,23,74,52,123,72,60,130,75,106,83" hai2="2,41,89,63,15,88,95,55,107,27,10,70,8" hai3="54,134,124,17,84,133,30,86,66,46,48,117,39"/><U76/><E123/><V1/><F107/><W127/><G30/><T110/><D71/><U20/><E106/><V69/><F41/><N who="3" m="22847" /><G17/><T53/><D64/><U77/><E130/><V119/><F119/><W26/><G26/><T102/><D4/><U113/><E113/><V135/><F27/><W43/><G86/><T115/><D115/><U97/><E97/><V68/><F135/><N who="3" m="51723" /><G84/><T40/><D18/><U0/><E0/><V128/><F128/><W122/><G122/><T24/><D24/><U104/><E104/><V93/><F2/><W11/><G11/><T47/><D45/><U114/><E114/><V6/><F95/><W108/><G117/><T109/><REACH who="0" step="1"/><D47/><REACH who="0" ten="170,287,333,200" step="2"/><U37/><E37/><V5/><F6/><W58/><G43/><T116/><D116/><U22/><E16/><V98/><F1/><W112/><G112/><T81/><D81/><N who="1" m="31307" /><E60/><AGARI ba="1,1" hai="40,42,53,56,60,87,91,92,96,102,105,109,110,111" machi="60" ten="40,2600,0" yaku="1,1,14,1,53,0" doraHai="73" doraHaiUra="126" who="0" fromWho="1" sc="170,39,287,-29,333,0,200,0" /><INIT seed="2,0,0,0,1,128" ten="209,258,333,200" oya="2" hai0="54,113,8,38,59,123,72,134,92,130,94,105,12" hai1="74,17,101,21,117,64,53,110,115,63,7,22,51" hai2="127,133,46,49,9,78,118,15,40,4,93,88,18" hai3="24,87,30,111,73,62,71,91,43,68,75,126,20"/><V81/><F133/><W58/><G111/><T6/><D123/><U121/><E115/><V83/><F127/><W100/><G126/><T1/><D113/><U52/><E117/><V129/><F129/><W80/><G43/><T33/><D130/><U99/><E74/><V61/><F118/><W37/><G37/><T131/><D131/><U114/><E114/><V89/><F78/><W23/><G23/><T124/><D124/><U34/><E34/><V132/><F132/><W112/><G112/><T67/><D105/><U119/><E119/><V48/><F48/><W135/><G135/><T97/><D134/><U5/><E22/><V25/><F61/><W0/><G0/><T107/><D33/><U3/><E3/><V16/><F89/><W56/><G56/><T65/><D72/><U85/><E85/><N who="2" m="52367" /><F25/><W50/><G50/><T120/><D120/><U42/><E42/><V26/><F26/><W77/><G75/><T106/><D38/><U57/><E110/><V47/><F46/><W39/><G39/><T66/><D1/><U104/><E121/><V10/><F10/><W82/><REACH who="3" step="1"/><G100/><REACH who="3" ten="209,258,333,190" step="2"/><T103/><REACH who="0" step="1"/><D107/><REACH who="0" ten="199,258,333,190" step="2"/><U44/><REACH who="1" step="1"/><E64/><AGARI ba="0,2" hai="20,24,30,58,62,64,68,71,73,77,80,82,87,91" machi="64" ten="30,3900,0" yaku="1,1,2,1,7,1,53,0" doraHai="128" doraHaiUra="13" who="3" fromWho="1" sc="199,0,258,-39,333,0,190,59" /><INIT seed="3,0,0,2,0,124" ten="199,219,333,249" oya="3" hai0="112,101,47,64,109,91,84,126,132,63,40,111,54" hai1="94,103,88,75,97,2,49,83,72,133,74,20,78" hai2="73,110,71,81,67,59,120,22,125,18,10,29,62" hai3="51,8,17,82,108,37,86,70,104,28,128,80,13"/><W16/><G70/><T11/><D101/><U27/><E2/><V107/><F107/><W50/><G104/><T34/><D34/><U4/><E4/><V32/><F120/><W30/><G37/><T113/><D11/><U114/><E114/><N who="0" m="44137" /><D126/><U135/><E49/><V76/><F125/><W24/><G108/><N who="0" m="41547" /><D132/><N who="1" m="50763" /><E103/><V52/><F110/><W42/><G128/><T98/><D98/><U69/><E69/><V131/><F131/><W134/><G134/><T100/><D100/><U45/><E45/><V90/><F10/><W118/><G118/><T61/><D54/><U119/><E119/><V6/><F6/><W85/><G8/><T121/><D64/><U129/><E129/><V66/><F66/><W92/><G13/><T79/><D79/><U33/><E33/><V123/><F123/><W96/><G96/><T127/><D121/><U95/><E94/><V65/><F71/><W58/><G92/><N who="0" m="54375" /><D127/><U31/><AGARI ba="0,0" hai="20,27,31,72,74,75,78,83,88,95,97" m="50763" machi="31" ten="30,2000,0" yaku="20,1,54,1" doraHai="124" who="1" fromWho="1" sc="199,-5,219,20,333,-5,249,-10" owari="194,-30.6,239,3.9,328,42.8,239,-16.1" /></mjloggm>