<mjloggm ver="2.3"><GO type="225" lobby="0"/><UN n0="%E3%83%97%E3%83%AC%E3%83%B4%E3%82%A1%E3%83%86%E3%82%A3" n1="%E5%86%B7%E5%87%8D%E3%82%AE%E3%83%A7%E3%83%BC%E3%82%B6" n2="%E3%81%B5%E3%81%98%E3%81%8B%E3%81%A4" n3="%63%68%78%62%64" dan="16,17,16,16" rate="2071.61,2192.36,2104.84,2147.67" sx="F,M,M,M"/><TAIKYOKU oya="0"/><INIT seed="0,0,0,1,0,45" ten="250,250,250,250" oya="0" hai0="98,126,56,93,107,13,5,121,135,15,106,114,46" hai1="86,73,10,40,117,85,44,24,2,25,109,23,72" hai2="27,12,49,134,110,123,74,42,16,32,18,79,1" hai3="129,0,58,80,11,115,103,19,60,69,105,91,88"/><T70/><D121/><U59/><E117/><V47/><F123/><W22/><G115/><T125/><D114/><U127/><E109/><V89/><F1/><W132/><G69/><T83/><D70/><U37/><E127/><N who="0" m="48649" /><D83/><U65/><E24/><V87/><F110/><W53/><G129/><T34/><D34/><U66/><E73/><V21/><F134/><W108/><G132/><T111/><D135/><U82/><E72/><V81/><F32/><W39/><G39/><T26/><D111/><U84/><E82/><V102/><F102/><W75/><G108/><T76/><D76/><U62/><E65/><V51/><F74/><W17/><G103/><N who="0" m="60879" /><D26/><U20/><REACH who="1" step="1"/><E25/><REACH who="1" ten="250,240,250,250" step="2"/><V112/><F112/><W100/><G75/><T57/><D107/><U95/><E95/><V99/><F79/><W71/><G80/><T116/><D106/><U94/><E94/><V78/><F78/><W38/><G105/><T28/><D116/><U119/><E119/><V101/><F101/><W67/><G100/><T104/><D104/><U36/><E36/><V35/><F35/><W7/><G38/><T113/><D113/><U6/><AGARI ba="0,1" hai="2,6,10,20,23,37,40,44,59,62,66,84,85,86" machi="6" ten="30,4000,0" yaku="1,1,0,1,53,1" doraHai="45" doraHaiUra="55" who="1" fromWho="1" sc="250,-20,240,50,250,-10,250,-10" /><INIT seed="1,0,0,4,1,22" ten="230,290,240,240" oya="1" hai0="10,101,89,125,32,9,124,122,78,2,66,39,77" hai1="4,41,7,34,26,106,88,15,107,17,59,33,93" hai2="73,130,62,23,71,19,103,48,79,82,91,81,8" hai3="85,68,69,43,126,120,35,133,110,60,105,63,115"/><U70/><E70/><V129/><F103/><W76/><G105/><T94/><D39/><U61/><E41/><V102/><F102/><W49/><G35/><T51/><D32/><U52/><E106/><V67/><F48/><W36/><G85/><T80/><D122/><U31/><E107/><V116/><F116/><W20/><G76/><T3/><D66/><U13/><E33/><V131/><F8/><N who="0" m="3178" /><D101/><U128/><E128/><V98/><F98/><W127/><G20/><T55/><D80/><U5/><REACH who="1" step="1"/><E17/><REACH who="1" ten="230,280,240,240" step="2"/><V30/><F82/><W86/><G43/><T12/><D2/><U56/><E56/><V132/><F132/><W29/><G133/><T121/><D3/><U99/><AGARI ba="0,1" hai="4,5,7,13,15,26,31,34,52,59,61,88,93,99" machi="99" ten="30,12000,1" yaku="1,1,0,1,52,1,54,2,53,0" doraHai="22" doraHaiUra="100" who="1" fromWho="1" sc="230,-40,280,130,240,-40,240,-40" /><INIT seed="1,1,0,3,0,113" ten="190,410,200,200" oya="1" hai0="41,15,114,102,2,17,65,98,13,67,29,5,100" hai1="124,1,122,132,8,76,128,91,69,126,23,116,37" hai2="20,107,4,19,95,90,115,11,135,129,30,18,3" hai3="47,40,14,26,85,80,75,119,82,87,56,103,35"/><U39/><E116/><V24/><F107/><W86/><G103/><T123/><D114/><U57/><E122/><V44/><F115/><W133/><G133/><T32/><D123/><U25/><E69/><V111/><F135/><W109/><G109/><T104/><D100/><U68/><E68/><V22/><F111/><W93/><G119/><T45/><D2/><U60/><E76/><V108/><F108/><W43/><G93/><T7/><D32/><U92/><E1/><V52/><F129/><W59/><G14/><T78/><D29/><U74/><E8/><V101/><F101/><W16/><G35/><T84/><D5/><U70/><E70/><V51/><REACH who="2" step="1"/><F20/><REACH who="2" ten="190,410,190,200" step="2"/><N who="3" m="13575" /><G75/><T42/><D104/><U110/><E74/><V88/><F88/><N who="3" m="51239" /><G47/><T112/><D45/><U48/><E128/><V117/><F117/><W49/><G49/><T97/><D112/><U94/><E132/><V130/><F130/><W53/><G53/><T125/><D102/><U21/><E110/><V120/><F120/><W54/><G54/><T89/><D89/><U33/><E33/><V31/><F31/><W106/><G106/><T62/><D78/><U6/><E23/><V131/><F131/><W34/><G34/><T134/><D134/><U64/><E21/><V71/><F71/><W50/><G50/><T66/><D65/><U96/><E48/><V83/><F83/><W27/><G82/><T118/><D67/><U121/><E121/><V63/><F63/><W10/><G43/><T9/><D42/><U28/><E60/><V105/><F105/><W12/><G40/><T81/><D41/><RYUUKYOKU ba="1,1" sc="190,-10,410,-10,190,30,200,-10" hai2="3,4,11,18,19,22,24,30,44,51,52,90,95" /><INIT seed="2,2,1,0,3,11" ten="180,400,220,190" oya="2" hai0="92,98,19,8,20,67,114,66,133,121,57,47,91" hai1="14,123,50,69,115,95,110,28,33,39,107,41,104" hai2="103,42,128,30,102,131,36,40,26,130,113,2,25" hai3="122,1,45,46,37,12,52,70,76,27,65,81,93"/><V63/><F2/><W124/><G1/><T60/><D114/><U55/><E110/><V90/><F113/><W73/><G122/><T132/><D121/><U105/><E69/><V17/><F63/><W59/><G124/><T134/><D8/><U74/><E74/><V6/><F6/><W112/><G112/><T31/><D31/><U49/><E123/><V119/><F119/><W129/><G129/><T7/><D7/><U71/><E71/><V53/><F53/><W64/><G27/><N who="2" m="10249" /><F30/><W51/><G93/><T77/><D77/><U4/><E28/><V84/><F17/><W54/><G70/><T100/><D47/><U116/><E33/><V109/><F109/><W5/><G37/><T10/><D10/><U120/><E115/><V58/><F58/><W15/><G45/><T34/><D34/><U125/><E39/><V117/><F117/><W16/><G5/><T75/><D75/><U61/><E4/><V126/><F126/><W83/><G83/><T79/><D79/><U78/><E125/><V106/><F36/><W118/><G118/><T13/><REACH who="0" step="1"/><D100/><REACH who="0" ten="170,400,220,190" step="2"/><N who="2" m="38442" /><F106/><W68/><G68/><T35/><D35/><U3/><E105/><V135/><F135/><W9/><G15/><T18/><D18/><U111/><E104/><V38/><F38/><W72/><G72/><T24/><D24/><U85/><E107/><V23/><F23/><W101/><G101/><T88/><D88/><U32/><E116/><V56/><F56/><W99/><G99/><T108/><D108/><U94/><E111/><V21/><F21/><W80/><G80/><AGARI ba="2,2" hai="40,42,80,84,90,128,130,131" m="38442,10249" machi="80" ten="40,2000,0" yaku="19,1" doraHai="11" who="2" fromWho="3" sc="170,0,400,0,220,46,190,-26" /><INIT seed="2,3,0,1,1,42" ten="170,400,266,164" oya="2" hai0="56,107,36,127,89,12,72,58,4,92,59,64,52" hai1="95,7,73,49,76,27,13,132,116,55,70,21,135" hai2="22,23,57,121,128,11,24,34,86,48,17,113,133" hai3="99,66,122,112,33,110,74,119,115,93,29,19,80"/><V108/><F121/><W90/><G122/><T129/><D107/><U50/><E70/><V51/><F113/><N who="3" m="43595" /><G119/><T20/><D72/><U106/><E106/><V31/><F133/><N who="1" m="51273" /><E116/><V103/><F128/><W1/><G110/><T10/><D129/><U28/><E95/><V104/><F108/><W94/><G1/><T98/><D36/><U9/><E55/><V25/><F104/><W123/><G123/><T14/><D127/><U6/><E6/><V15/><F103/><N who="3" m="60911" /><G66/><T84/><D64/><U26/><E26/><V39/><F39/><W100/><G19/><N who="0" m="10343" /><D98/><U61/><E61/><AGARI ba="3,0" hai="4,10,14,52,56,58,59,61,84,89,92" m="10343" machi="61" ten="30,2000,0" yaku="8,1,54,1" doraHai="42" who="0" fromWho="1" sc="170,29,400,-29,266,0,164,0" /><INIT seed="3,0,0,4,5,13" ten="199,371,266,164" oya="3" hai0="106,115,63,102,81,80,104,51,41,91,11,78,3" hai1="58,96,18,94,100,57,107,39,44,76,43,48,30" hai2="21,42,123,56,103,93,46,27,31,120,25,19,95" hai3="29,122,86,53,22,99,110,113,50,68,24,98,4"/><W130/><G113/><T134/><D115/><U69/><E69/><V12/><F56/><W70/><G110/><T127/><D134/><U131/><E131/><V132/><F132/><W65/><G130/><T128/><D128/><U15/><E30/><V79/><F79/><W135/><G135/><T8/><D127/><U64/><E76/><V32/><F103/><W105/><G122/><N who="2" m="46633" /><F27/><W33/><G4/><T52/><D3/><U1/><E1/><V88/><F88/><W85/><G99/><T61/><D41/><U10/><E58/><V71/><F71/><W74/><G74/><T5/><D102/><U129/><E129/><V40/><F40/><W35/><G35/><T34/><D34/><U45/><E57/><V47/><F47/><W108/><G108/><T38/><D38/><AGARI ba="0,0" hai="12,19,21,25,31,32,38,42,46,93,95" m="46633" machi="38" ten="30,2000,0" yaku="13,1,52,1" doraHai="13" who="2" fromWho="0" sc="199,-20,371,0,266,20,164,0" owari="179,-22.1,371,47.1,286,8.6,164,-33.6" /></mjloggm>