<mjloggm ver="2.3"><GO type="225" lobby="0"/><UN n0="%E7%B4%94%E6%BD%94%E3%83%94%E3%83%A9%E3%83%8B%E3%82%A2" n1="%E5%AE%AE%E4%BF%9D%E9%B6%8F%E8%82%89" n2="%73%75%7A%75%6D%65%33" n3="%E3%82%B8%E3%83%A3%E3%83%9E%E3%83%BC%E3%83%AB%E3%83%9E%E3%83%AC%E3%83%BC" dan="16,16,17,17" rate="2162.76,2126.43,2191.52,2204.37" sx="M,M,M,M"/><TAIKYOKU oya="0"/><INIT seed="0,0,0,0,4,82" ten="250,250,250,250" oya="0" hai0="23,57,52,5,64,55,85,46,13,33,37,62,48" hai1="95,7,56,18,76,45,27,54,126,124,2,117,31" hai2="69,28,10,3,15,87,20,79,129,109,112,75,14" hai3="53,36,67,134,94,130,30,133,1,84,49,107,38"/><T98/><D33/><U77/><E117/><V108/><F75/><W39/><G1/><T78/><D37/><U110/><E110/><N who="2" m="42603" /><F69/><W6/><G6/><T58/><D98/><U119/><E119/><V127/><F112/><W120/><G120/><T91/><D78/><U8/><E45/><V41/><F41/><W59/><G107/><T131/><D131/><U97/><E18/><V93/><F129/><W103/><G130/><T105/><D105/><U116/><E116/><V135/><F135/><N who="3" m="51723" /><G30/><T16/><D5/><U4/><E4/><N who="2" m="1311" /><F127/><N who="1" m="48681" /><E54/><V63/><F63/><W65/><G103/><T47/><D64/><U113/><E56/><V42/><F42/><W101/><G101/><T70/><D70/><U118/><E118/><V21/><F79/><W96/><G96/><T89/><D89/><AGARI ba="0,0" hai="36,38,39,49,53,59,65,67,84,89,94" m="51723" machi="89" ten="40,2600,0" yaku="20,1,52,1" doraHai="82" who="3" fromWho="0" sc="250,-26,250,0,250,0,250,26" /><INIT seed="1,0,0,2,1,52" ten="224,250,250,276" oya="1" hai0="30,48,87,50,54,109,131,121,94,103,96,0,16" hai1="57,130,1,85,56,81,123,90,72,124,15,17,91" hai2="58,135,95,112,133,134,88,66,107,119,27,97,11" hai3="74,35,101,47,40,116,44,51,79,114,23,132,64"/><U26/><E123/><V129/><F119/><W78/><G35/><T82/><D121/><U71/><E71/><V29/><F129/><W89/><G114/><T118/><D118/><U60/><E1/><V99/><F112/><W46/><G116/><T14/><D131/><U68/><E72/><V38/><F38/><W115/><G132/><T86/><D0/><U102/><E130/><V32/><F11/><W53/><G74/><T24/><D109/><U31/><E124/><V6/><F6/><W49/><G64/><T59/><D50/><U73/><E73/><V113/><F113/><W7/><G101/><T41/><D41/><U76/><E102/><N who="2" m="62943" /><F66/><W45/><G7/><T69/><D69/><U43/><E43/><V8/><F8/><W75/><G75/><T65/><D65/><U93/><E68/><V36/><F36/><W4/><G4/><T63/><D48/><U83/><E60/><V9/><F9/><W21/><G89/><N who="1" m="33802" /><E83/><V84/><F58/><N who="1" m="22633" /><E93/><V110/><F110/><W28/><G115/><T67/><D82/><U10/><E26/><V108/><F108/><W92/><G92/><T80/><D80/><U37/><E37/><V39/><F39/><W77/><G40/><T117/><D117/><U122/><E122/><V128/><F128/><W105/><G51/><T55/><D54/><U34/><E34/><V120/><F120/><W106/><G106/><T33/><D55/><U111/><E111/><V42/><F42/><W127/><G105/><T100/><D100/><U25/><E25/><V13/><F97/><W5/><G53/><T20/><AGARI ba="0,0" hai="14,16,20,24,30,33,59,63,67,86,87,94,96,103" machi="20" ten="20,8000,1" yaku="5,1,0,1,7,1,52,1,54,1" doraHai="52" who="0" fromWho="0" sc="224,80,250,-40,250,-20,276,-20" /><INIT seed="2,0,0,2,3,70" ten="304,210,230,256" oya="2" hai0="62,24,53,23,36,74,60,83,81,61,21,122,37" hai1="8,67,26,39,59,87,92,111,48,84,25,128,101" hai2="73,66,127,126,94,91,114,129,5,97,133,41,125" hai3="110,27,99,9,7,89,107,105,40,77,54,121,52"/><V113/><F66/><W79/><G121/><T3/><D3/><U44/><E111/><V13/><F73/><W72/><G110/><T43/><D43/><U76/><E128/><V57/><F129/><W6/><G40/><T51/><D122/><U56/><E39/><V38/><F57/><W10/><G27/><T88/><D74/><U78/><E8/><N who="2" m="4239" /><F133/><W15/><G72/><T123/><D123/><U112/><E112/><N who="2" m="43115" /><F41/><W135/><G15/><T93/><D21/><U19/><E101/><V85/><F85/><N who="1" m="32841" /><E92/><V28/><F28/><W33/><G89/><T55/><D55/><N who="1" m="30087" /><E19/><V46/><F46/><W4/><G4/><T0/><D0/><U69/><E69/><V63/><F63/><W102/><G102/><T96/><D37/><AGARI ba="0,0" hai="37,38,91,94,97,125,126,127" m="43115,4239" machi="37" ten="40,7700,0" yaku="18,1,52,2" doraHai="70" who="2" fromWho="0" sc="304,-77,210,0,230,77,256,0" /><INIT seed="2,1,0,4,3,2" ten="227,210,307,256" oya="2" hai0="118,59,128,95,131,46,27,32,86,115,21,67,60" hai1="84,33,114,79,41,102,1,64,111,25,20,69,82" hai2="50,109,30,94,47,44,116,105,52,103,129,108,101" hai3="14,99,28,37,18,51,100,92,5,132,29,98,61"/><V110/><F116/><W104/><G37/><T49/><D118/><U87/><E114/><V76/><F105/><W22/><G132/><T89/><D115/><U127/><E111/><V13/><F129/><W71/><G51/><T97/><D32/><U55/><E127/><V4/><F76/><W40/><G40/><T56/><D56/><U117/><E117/><V39/><F30/><W36/><G36/><T106/><D106/><U113/><E113/><V88/><F39/><W31/><G5/><T107/><D107/><U119/><E119/><V53/><F53/><W26/><G61/><T90/><D128/><U121/><E121/><V83/><F83/><W42/><G42/><T57/><D57/><U11/><E33/><V10/><F44/><W85/><G85/><AGARI ba="1,0" hai="4,10,13,47,50,52,85,88,94,101,103,108,109,110" machi="85" ten="40,12000,1" yaku="14,1,10,1,52,1,54,2" doraHai="2" who="2" fromWho="3" sc="227,0,210,0,307,123,256,-123" /><INIT seed="2,2,0,3,0,14" ten="227,210,430,133" oya="2" hai0="118,127,126,25,50,22,35,107,108,36,78,80,11" hai1="106,63,5,54,96,40,105,10,43,77,44,82,67" hai2="115,27,85,125,49,57,62,69,114,129,71,98,60" hai3="19,131,101,95,23,17,130,91,83,58,124,33,103"/><V92/><F129/><N who="3" m="49163" /><G33/><T45/><D107/><U12/><E54/><V28/><F125/><N who="0" m="47626" /><D108/><U79/><E79/><V109/><F109/><W100/><G124/><T59/><D11/><U87/><E96/><V76/><F49/><W73/><G58/><T123/><D123/><U51/><E43/><V134/><F134/><W7/><G7/><T52/><D35/><U8/><REACH who="1" step="1"/><E10/><REACH who="1" ten="227,200,430,133" step="2"/><V15/><F98/><N who="3" m="57727" /><G23/><T13/><D52/><U120/><E120/><V88/><F76/><AGARI ba="2,1" hai="17,19,73,76,83,100,101,103" m="57727,49163" machi="76" ten="30,3900,0" yaku="19,1,52,2" doraHai="14" who="3" fromWho="2" sc="227,0,200,0,430,-45,133,55" /><INIT seed="3,0,0,4,2,7" ten="227,200,385,188" oya="3" hai0="119,120,118,63,54,135,26,56,57,125,23,89,72" hai1="86,108,37,43,103,123,6,116,46,111,24,113,127" hai2="128,130,18,70,42,9,93,0,84,55,96,76,65" hai3="16,34,13,67,12,121,35,31,29,39,1,3,11"/><W19/><G67/><T100/><D120/><U40/><E123/><V41/><F55/><W5/><G39/><T122/><D122/><U28/><E113/><V60/><F84/><W98/><G98/><T73/><D125/><U77/><E127/><V80/><F80/><W15/><G121/><T20/><D135/><U64/><E116/><V82/><F82/><W53/><G53/><T101/><D89/><U126/><E126/><V68/><F76/><W14/><G1/><T10/><D10/><U109/><E103/><V4/><F18/><N who="3" m="6699" /><G3/><T49/><D54/><U87/><E6/><V95/><F68/><W83/><G83/><T38/><D38/><N who="1" m="21783" /><E77/><V131/><F93/><W30/><AGARI ba="0,0" hai="5,11,12,13,14,15,29,30,31,34,35" m="6699" machi="30" ten="40,18000,2" yaku="35,5,52,1,54,1" doraHai="7" who="3" fromWho="3" sc="227,-60,200,-60,385,-60,188,180" owari="167,-23.3,140,-36.0,325,12.5,368,46.8" /></mjloggm>