<mjloggm ver="2.3"><GO type="225" lobby="0"/><UN n0="%E3%81%B2%E3%81%BE%E3%81%A4%E3%81%B6%E3%81%97" n1="%E6%B4%BE%E9%81%A3%E3%81%AE%E3%82%B8%E3%83%A3%E3%83%83%E3%82%AF" n2="%E7%89%B9%E6%9D%B1%E3%81%AF%E4%B8%96%E7%95%8C%E3%82%92%E6%95%91%E3%81%86" n3="%E3%81%BF%E3%81%BF%E3%81%9A" dan="16,17,16,16" rate="2154.84,2185.48,2064.85,2147.58" sx="M,M,M,M"/><TAIKYOKU oya="0"/><INIT seed="0,0,0,4,3,94" ten="250,250,250,250" oya="0" hai0="71,5,105,76,65,88,73,38,84,19,79,12,57" hai1="10,40,7,97,24,102,8,27,30,22,14,126,55" hai2="100,101,114,35,103,125,64,123,81,58,87,6,121" hai3="66,61,17,85,132,104,50,116,96,15,26,78,95"/><T42/><D71/><U75/><E75/><V91/><F35/><W3/><G116/><T21/><D73/><U70/><E70/><V32/><F32/><W99/><G3/><T48/><D105/><U107/><E126/><V63/><F114/><W80/><G132/><T4/><D38/><U37/><E27/><V127/><REACH who="2" step="1"/><F6/><REACH who="2" ten="250,250,240,250" step="2"/><W111/><G111/><T89/><D5/><U115/><E115/><V36/><F36/><W67/><G26/><T2/><D4/><U28/><E37/><V52/><F52/><W128/><G66/><T18/><D65/><U33/><E55/><V83/><F83/><W44/><G67/><T25/><D42/><U0/><E40/><V41/><F41/><W118/><G118/><T56/><D79/><U54/><E54/><V45/><F45/><W110/><G44/><T98/><D76/><U29/><E33/><V122/><AGARI ba="0,1" hai="58,63,64,81,87,91,100,101,103,121,122,123,125,127" machi="122" ten="40,2700,0" yaku="1,1,0,1,53,0" doraHai="94" doraHaiUra="49" who="2" fromWho="2" sc="250,-13,250,-7,240,37,250,-7" /><INIT seed="1,0,0,2,3,77" ten="237,243,277,243" oya="1" hai0="123,3,42,86,91,100,127,110,4,9,102,50,74" hai1="47,111,20,33,37,11,90,18,29,126,70,21,79" hai2="28,121,87,96,58,63,108,89,25,40,107,17,39" hai3="67,35,125,52,103,122,135,129,41,83,82,76,23"/><U131/><E70/><V15/><F121/><W124/><G122/><T132/><D123/><U30/><E126/><N who="3" m="48746" /><G35/><T62/><D127/><U2/><E131/><V94/><F108/><W44/><G129/><T104/><D110/><U48/><E37/><V72/><F72/><W88/><G135/><T99/><D132/><U13/><E79/><V78/><F40/><W5/><G103/><T69/><D74/><U27/><E111/><V54/><F39/><N who="3" m="21567" /><G67/><T6/><D100/><U10/><E90/><V133/><F133/><W43/><G43/><T66/><D6/><N who="1" m="1367" /><E47/><V115/><F115/><W95/><G76/><T116/><D42/><U119/><E48/><V16/><F15/><W80/><G5/><T12/><D116/><U130/><E119/><V24/><F24/><W0/><G23/><N who="1" m="8778" /><E130/><V36/><F36/><W53/><G0/><T93/><D3/><U117/><E117/><V7/><F107/><W109/><G109/><T31/><D50/><U1/><E1/><V8/><F78/><W98/><AGARI ba="0,0" hai="52,53,80,82,83,88,95,98" m="21567,48746" machi="98" ten="30,12000,2" yaku="18,1,52,3,54,2" doraHai="77" who="3" fromWho="3" sc="237,-30,243,-60,277,-30,243,120" /><INIT seed="2,0,0,2,3,75" ten="207,183,247,363" oya="2" hai0="45,128,17,26,55,103,58,125,9,16,42,73,90" hai1="70,81,92,29,39,123,35,133,94,54,1,40,77" hai2="15,91,107,4,44,43,52,134,127,135,98,3,72" hai3="114,84,27,41,66,51,93,80,63,120,68,106,62"/><V6/><F3/><W20/><G120/><T59/><D73/><U46/><E70/><V2/><F2/><W111/><G106/><T99/><D125/><U10/><E133/><V8/><F72/><W48/><G111/><T25/><D128/><U49/><E123/><V89/><F6/><W53/><G114/><T119/><D90/><U115/><E115/><V129/><F127/><W60/><G93/><T122/><D122/><U126/><E126/><V47/><F129/><W65/><G41/><T38/><D119/><U109/><E109/><V102/><F47/><W113/><G113/><T82/><D82/><U124/><E124/><V64/><F64/><W96/><G96/><T37/><D37/><U118/><E118/><V117/><F117/><W23/><G68/><T79/><D79/><U132/><E132/><N who="2" m="50731" /><F52/><W22/><G27/><T105/><D59/><U28/><E35/><V50/><AGARI ba="0,0" hai="4,8,15,43,44,50,89,91,98,102,107" m="50731" machi="50" ten="30,1500,0" yaku="20,1" doraHai="75" who="2" fromWho="2" sc="207,-5,183,-5,247,15,363,-5" /><INIT seed="2,1,0,0,4,25" ten="202,178,262,358" oya="2" hai0="55,87,14,11,61,12,33,84,131,95,44,101,31" hai1="59,30,115,72,91,15,111,121,4,13,117,134,22" hai2="120,6,113,109,47,17,54,73,86,74,106,96,40" hai3="64,75,78,41,110,63,107,45,97,65,52,125,53"/><V105/><F113/><W56/><G110/><T93/><D131/><U127/><E72/><V35/><F120/><W92/><G107/><T70/><D70/><U68/><E68/><V135/><F35/><W50/><G125/><T46/><D33/><U18/><E115/><V71/><F71/><W76/><G75/><T9/><D61/><U57/><E117/><V119/><F119/><W104/><G104/><T7/><D55/><N who="3" m="21065" /><G65/><T19/><D31/><U124/><E111/><V114/><F17/><W60/><G60/><T88/><D101/><AGARI ba="1,0" hai="41,45,50,56,63,64,76,78,92,97,101" m="21065" machi="101" ten="30,2000,0" yaku="8,1,54,1" doraHai="25" who="3" fromWho="0" sc="202,-23,178,0,262,0,358,23" /><INIT seed="3,0,0,4,3,40" ten="179,178,262,381" oya="3" hai0="47,2,135,111,56,77,90,129,35,99,101,53,7" hai1="85,126,67,94,132,70,96,91,22,120,20,46,133" hai2="14,54,80,107,84,118,41,134,10,93,128,45,42" hai3="125,65,130,55,115,24,119,64,3,110,59,113,112"/><W83/><G3/><T108/><D129/><U19/><E120/><V127/><F118/><W8/><G8/><N who="0" m="2167" /><D135/><N who="1" m="51787" /><E126/><V28/><F134/><W15/><G110/><N who="0" m="42027" /><D35/><U116/><E116/><V39/><F107/><W81/><G81/><T23/><D23/><U79/><E46/><V48/><F128/><W26/><G55/><T50/><D90/><N who="1" m="55383" /><E79/><V123/><F127/><W117/><G26/><T121/><D77/><U86/><E19/><V100/><F123/><W37/><G65/><T17/><D17/><U51/><E51/><V76/><F28/><W103/><G103/><T60/><D121/><U0/><E0/><V95/><F100/><W13/><G13/><T5/><D5/><U11/><E11/><V33/><F33/><W82/><G37/><T66/><D101/><U109/><E109/><V74/><F74/><W92/><G92/><T25/><D99/><U29/><E29/><V98/><F98/><W131/><G64/><T31/><D31/><U72/><E72/><V4/><REACH who="2" step="1"/><F41/><REACH who="2" ten="179,178,252,381" step="2"/><W32/><G32/><T105/><D105/><U89/><E85/><V34/><F34/><W16/><G125/><T114/><D114/><N who="3" m="44137" /><G119/><T124/><D124/><U38/><E38/><V18/><F18/><W97/><G16/><T36/><D36/><U88/><E86/><V21/><F21/><W104/><G97/><T1/><D1/><U49/><E49/><V68/><F68/><W61/><G104/><T30/><D30/><U27/><E27/><AGARI ba="0,1" hai="25,27,47,50,53,56,60,66" m="42027,2167" machi="27" ten="30,2000,0" yaku="14,1,52,1" doraHai="40" who="0" fromWho="1" sc="179,30,178,-20,252,0,381,0" owari="209,-19.1,158,-34.2,252,5.2,381,48.1" /></mjloggm>