<mjloggm ver="2.3"><GO type="225" lobby="0"/><UN n0="%E2%91%A3%E9%81%BF%E9%81%8A%E6%88%AF%E3%80%90%E6%9D%B1%E5%8D%97%E3%80%91" n1="%E9%80%9F%E6%B0%B4%E5%87%9B%E9%A6%99" n2="%E5%B8%86%E7%AB%8B%E5%A4%8F%E8%A1%A3" n3="%48%61%61%61%6C%61%6E%64" dan="16,16,16,17" rate="2125.28,2160.88,2129.13,2149.13" sx="M,F,M,M"/><TAIKYOKU oya="0"/><INIT seed="0,0,0,2,2,78" ten="250,250,250,250" oya="0" hai0="92,107,3,40,61,12,97,54,20,6,84,134,135" hai1="62,131,79,46,30,38,33,47,81,96,85,73,124" hai2="19,116,2,32,123,9,133,68,109,21,94,71,51" hai3="41,102,121,56,23,39,130,44,52,93,100,126,125"/><T58/><D107/><U17/><E131/><V122/><F109/><W1/><G130/><T86/><D3/><U36/><E124/><N who="3" m="47722" /><G1/><T99/><D40/><U28/><E17/><V7/><F116/><W15/><G121/><T89/><D99/><U112/><E112/><V45/><F133/><N who="0" m="50698" /><D6/><U64/><E73/><V106/><F106/><W42/><G42/><T117/><D117/><U4/><E4/><V129/><F129/><W50/><G93/><T75/><D75/><U108/><E108/><V83/><F32/><W77/><G77/><T25/><D12/><U5/><E5/><V111/><F111/><W82/><G82/><T10/><D10/><U127/><E127/><V76/><F94/><W90/><G90/><T88/><D89/><U63/><E96/><V13/><F123/><W16/><AGARI ba="0,0" hai="15,16,23,39,41,44,50,52,56,100,102" m="47722" machi="16" ten="30,4000,0" yaku="18,1,54,2" doraHai="78" who="3" fromWho="3" sc="250,-20,250,-10,250,-10,250,40" /><INIT seed="1,0,0,3,2,126" ten="230,240,240,290" oya="1" hai0="96,130,37,119,124,8,127,106,13,131,55,23,118" hai1="83,0,65,110,67,36,92,15,25,123,4,38,134" hai2="46,54,40,6,88,45,70,51,27,103,3,120,86" hai3="90,95,135,105,112,39,129,74,19,69,61,21,34"/><U47/><E0/><V20/><F120/><W1/><RYUUKYOKU type="yao9" ba="0,0" sc="230,0,240,0,240,0,290,0" hai3="1,19,21,34,39,61,69,74,90,95,105,112,129,135" /><INIT seed="1,1,0,4,0,102" ten="230,240,240,290" oya="1" hai0="2,130,12,86,62,107,4,1,33,19,83,89,9" hai1="106,7,74,120,64,104,23,127,103,121,80,135,81" hai2="0,6,85,5,20,97,79,68,126,34,66,118,122" hai3="44,128,96,37,22,133,98,77,71,76,94,117,35"/><U57/><E57/><V13/><F118/><W17/><G35/><T115/><D115/><U116/><E23/><V47/><F122/><N who="1" m="47209" /><E64/><V113/><F126/><W70/><G117/><T55/><D130/><U39/><E7/><V99/><F113/><W72/><G128/><T15/><D33/><U90/><E39/><V43/><F34/><W16/><G133/><T108/><D108/><U82/><E116/><V111/><F111/><W88/><G98/><N who="2" m="37385" /><F0/><W40/><G17/><T114/><D114/><U18/><E18/><N who="2" m="10319" /><F66/><W131/><G131/><T27/><D27/><U3/><E3/><V100/><F100/><W36/><G36/><T28/><D28/><U21/><E21/><V119/><F119/><W11/><G11/><T30/><D30/><U132/><E103/><V52/><F68/><W78/><REACH who="3" step="1"/><G72/><REACH who="3" ten="230,240,240,280" step="2"/><T53/><D19/><U134/><E127/><V87/><F6/><W31/><G31/><T58/><D4/><U93/><E74/><V56/><F5/><W61/><G61/><T63/><D2/><U26/><E26/><AGARI ba="1,1" hai="16,22,26,37,40,44,70,71,76,77,78,88,94,96" machi="26" ten="40,5200,0" yaku="1,1,54,2,53,0" doraHai="102" doraHaiUra="101" who="3" fromWho="1" sc="230,0,240,-55,240,0,280,65" /><INIT seed="2,0,0,0,2,58" ten="230,185,240,345" oya="2" hai0="68,78,92,109,45,88,33,44,47,35,52,95,134" hai1="126,115,2,18,64,135,24,54,124,59,105,101,69" hai2="6,48,3,70,132,112,118,21,5,76,27,131,10" hai3="108,114,99,25,93,1,122,66,113,65,37,98,8"/><V83/><F112/><N who="3" m="43115" /><G122/><T87/><D109/><U55/><E2/><V19/><F132/><W79/><G37/><T104/><D134/><U120/><E135/><V111/><F131/><W30/><G79/><T49/><D104/><U133/><E133/><V89/><F118/><W9/><G108/><T50/><D68/><U28/><E18/><V90/><F111/><W43/><G43/><T103/><D78/><U102/><E115/><V71/><F6/><N who="3" m="1103" /><G9/><T72/><D72/><U84/><E120/><V14/><F3/><W29/><G98/><N who="0" m="59871" /><D35/><U13/><E13/><V123/><F123/><W23/><G30/><T11/><D33/><N who="1" m="20615" /><E84/><V100/><F100/><AGARI ba="0,0" hai="23,25,29,65,66,93,99,100" m="1103,43115" machi="100" ten="30,1000,0" yaku="11,1" doraHai="58" who="3" fromWho="2" sc="230,0,185,0,240,-10,345,10" /><INIT seed="3,0,0,3,1,126" ten="230,185,230,355" oya="3" hai0="54,23,31,118,42,101,47,103,40,43,108,127,9" hai1="78,61,29,121,32,55,82,30,92,63,24,73,130" hai2="76,53,27,13,6,86,0,71,18,22,72,107,58" hai3="8,90,74,14,33,36,89,12,96,4,60,134,7"/><W34/><G36/><T41/><D108/><U94/><E121/><V98/><F71/><W88/><G74/><T44/><D127/><U28/><E32/><V21/><F72/><W95/><G134/><T79/><D118/><U52/><E24/><V128/><F128/><W19/><G60/><T38/><D79/><U75/><E130/><V93/><F107/><W16/><G33/><T91/><D9/><U100/><E100/><N who="2" m="60495" /><F0/><W81/><G34/><T133/><D133/><U117/><E117/><V104/><F104/><W109/><G109/><T50/><D91/><N who="3" m="34889" /><G81/><T25/><AGARI ba="0,0" hai="23,25,31,38,40,41,42,43,44,47,50,54,101,103" machi="25" ten="30,1100,0" yaku="0,1" doraHai="126" who="0" fromWho="0" sc="230,11,185,-3,230,-3,355,-5" owari="241,4.1,182,-31.8,227,-17.3,350,45.0" /></mjloggm>