<mjloggm ver="2.3"><GO type="225" lobby="0"/><UN n0="%E5%AF%82%E5%AF%9E%E3%82%AE%E3%83%8D%E3%82%B9%E3%83%93%E3%83%BC%E3%83%AB" n1="%65%6B%61%72%75%74%65" n2="%E6%A1%9C%E8%8A%B1%E9%96%83%E3%80%85" n3="%E7%AD%89%E3%80%85%E5%8A%9B%E5%8A%87%E5%A0%B4" dan="16,16,17,16" rate="2143.48,2143.77,2139.81,2153.76" sx="M,M,M,M"/><TAIKYOKU oya="0"/><INIT seed="0,0,0,2,1,50" ten="250,250,250,250" oya="0" hai0="119,67,69,6,107,14,61,57,95,99,30,87,62" hai1="9,5,51,47,43,48,89,102,104,29,84,38,73" hai2="112,127,128,71,109,52,0,86,118,83,16,81,12" hai3="11,115,56,78,68,59,13,101,79,1,23,8,10"/><T4/><D119/><U77/><E29/><V15/><F112/><W22/><G68/><T122/><D122/><U91/><E102/><V131/><F0/><W123/><G1/><T98/><D30/><U80/><E104/><V65/><F118/><W85/><G101/><T53/><D107/><U35/><E35/><V103/><F109/><W54/><G115/><T108/><D108/><U124/><E124/><V129/><F127/><W44/><G123/><T26/><D26/><U134/><E134/><V37/><F37/><W93/><G44/><T126/><D126/><U64/><E64/><V110/><F110/><W97/><G59/><N who="0" m="35055" /><D69/><U94/><REACH who="1" step="1"/><E89/><REACH who="1" ten="250,240,250,250" step="2"/><V74/><F103/><W41/><G79/><T28/><D28/><U72/><E72/><V39/><F65/><W45/><G78/><T113/><D113/><U106/><E106/><V55/><F74/><W133/><G133/><T88/><D4/><U96/><E96/><V3/><F129/><W92/><G97/><T114/><D114/><U32/><E32/><V27/><F131/><W20/><G85/><T70/><D70/><U100/><E100/><V18/><F71/><W58/><G13/><AGARI ba="0,1" hai="5,9,13,38,43,47,48,51,73,77,80,84,91,94" machi="13" ten="30,7700,0" yaku="1,1,7,1,53,2" doraHai="50" doraHaiUra="46" who="1" fromWho="3" sc="250,0,240,87,250,0,250,-77" /><INIT seed="1,0,0,5,0,95" ten="250,327,250,173" oya="1" hai0="106,96,76,116,5,29,34,49,60,67,103,127,101" hai1="10,85,71,74,72,2,26,111,78,37,73,125,122" hai2="79,134,82,133,120,28,13,107,130,40,51,59,7" hai3="104,50,77,58,97,113,99,92,47,81,64,121,30"/><U100/><E122/><V86/><F120/><W1/><G121/><T128/><D116/><U68/><E37/><V89/><F130/><W4/><G113/><T0/><D49/><U135/><E26/><V45/><F107/><W8/><G30/><T131/><D127/><U75/><E125/><V39/><F28/><W46/><G104/><T15/><D15/><U22/><E22/><V54/><REACH who="2" step="1"/><F79/><REACH who="2" ten="250,327,240,173" step="2"/><W53/><G64/><T55/><D76/><U83/><E78/><V23/><F23/><W105/><G105/><T87/><D29/><U65/><E65/><V118/><F118/><W69/><G69/><T18/><D67/><U98/><E71/><V38/><F38/><W14/><G1/><T126/><D106/><U52/><E68/><V63/><F63/><W11/><G8/><AGARI ba="0,1" hai="7,8,13,39,40,45,51,54,59,82,86,89,133,134" machi="8" ten="40,1300,0" yaku="1,1,53,0" doraHai="95" doraHaiUra="27" who="2" fromWho="3" sc="250,0,327,0,240,23,173,-13" /><INIT seed="2,0,0,1,1,65" ten="250,327,263,160" oya="2" hai0="91,51,49,134,77,9,5,92,6,27,131,119,126" hai1="15,14,39,111,120,69,34,88,95,33,16,86,36" hai2="68,84,133,58,89,19,102,1,22,105,100,85,113" hai3="62,78,31,108,59,118,73,40,45,99,47,0,81"/><V79/><F113/><W28/><G118/><T25/><D119/><U112/><E112/><V20/><F133/><W75/><G0/><T54/><D134/><U123/><E69/><V72/><F1/><W10/><G108/><T116/><D116/><U21/><E14/><V8/><F72/><W93/><G73/><T4/><D126/><U42/><E111/><V76/><F68/><W114/><G10/><T44/><D77/><N who="2" m="29770" /><F105/><W110/><G110/><T48/><D9/><U41/><E41/><V66/><F8/><W12/><G12/><T29/><D131/><U37/><REACH who="1" step="1"/><E42/><REACH who="1" ten="250,317,263,160" step="2"/><V106/><F106/><W70/><G114/><T130/><D130/><U117/><E117/><V13/><F22/><W125/><G70/><T56/><D27/><U122/><AGARI ba="0,1" hai="15,16,21,33,34,36,37,39,86,88,95,120,122,123" machi="122" ten="40,8000,1" yaku="1,1,0,1,13,1,54,2,53,0" doraHai="65" doraHaiUra="61" who="1" fromWho="1" sc="250,-20,317,90,263,-40,160,-20" /><INIT seed="3,0,0,4,4,135" ten="230,407,223,140" oya="3" hai0="89,11,24,121,77,83,38,124,119,73,63,126,26" hai1="28,85,31,35,14,72,12,29,45,57,70,112,52" hai2="81,88,60,59,84,65,43,96,68,21,104,106,50" hai3="37,93,3,109,130,105,95,10,56,7,32,39,55"/><W4/><G105/><T132/><D121/><U118/><E72/><V79/><F21/><W42/><G32/><T8/><D38/><U98/><E70/><V90/><F68/><W58/><G130/><T86/><D119/><U9/><E112/><V19/><F19/><W74/><G74/><T128/><D63/><U125/><E98/><V66/><F66/><W13/><G109/><T97/><D97/><U1/><E125/><N who="0" m="48233" /><D132/><U111/><E45/><N who="2" m="25919" /><F106/><W122/><G122/><T133/><D128/><U5/><E85/><N who="2" m="48319" /><F104/><W36/><G42/><T34/><D133/><U17/><E14/><V67/><F96/><W46/><G46/><T100/><D100/><U20/><E57/><V102/><F102/><W103/><G103/><T69/><D69/><U40/><E40/><V131/><F131/><W110/><G110/><T117/><D117/><U48/><E48/><V116/><F116/><W47/><G47/><T114/><D114/><U71/><E71/><V101/><F101/><W15/><G3/><T115/><D115/><U64/><E64/><N who="2" m="38943" /><F90/><W91/><G55/><T108/><D108/><U123/><E52/><V92/><AGARI ba="0,0" hai="65,67,84,88,92" m="38943,48319,25919" machi="92" ten="30,2000,0" yaku="8,1,54,1" doraHai="135" who="2" fromWho="2" sc="230,-5,407,-5,223,20,140,-10" owari="225,-17.5,402,50.2,243,4.3,130,-37.0" /></mjloggm>