<mjloggm ver="2.3"><GO type="225" lobby="0"/><UN n0="%E3%81%86%E3%81%A1%E3%83%BC" n1="%E3%83%A9%E3%83%96%E3%83%AC%E3%83%BC" n2="%47%32%E9%BE%8D%E9%96%80" n3="%E5%B8%86%E7%AB%8B%E5%A4%8F%E8%A1%A3" dan="17,18,16,17" rate="2169.64,2274.40,2096.17,2148.69" sx="M,M,M,M"/><TAIKYOKU oya="0"/><INIT seed="0,0,0,4,1,59" ten="250,250,250,250" oya="0" hai0="36,26,15,79,130,1,19,93,85,133,128,135,22" hai1="105,65,35,132,5,60,17,88,57,20,68,109,92" hai2="13,31,45,54,32,107,76,108,74,114,38,124,44" hai3="104,71,131,8,16,21,77,120,102,86,52,118,37"/><T99/><D1/><U51/><E109/><V96/><F114/><W61/><G120/><T9/><D36/><U111/><E111/><V81/><F108/><W14/><G118/><T10/><D85/><U24/><E132/><N who="0" m="50761" /><D79/><U106/><E35/><V94/><F124/><W116/><G131/><N who="0" m="50219" /><D26/><U113/><E5/><V4/><F107/><W73/><G116/><T97/><D97/><U87/><E113/><V34/><F96/><W29/><G37/><T64/><D64/><U117/><E117/><V89/><F74/><W125/><G73/><T39/><D39/><U48/><E106/><V53/><F38/><W3/><G104/><T2/><D2/><U23/><E105/><V129/><F76/><W123/><G3/><T121/><D121/><U115/><E115/><V100/><F129/><W6/><G123/><T11/><D11/><U84/><E68/><V55/><F81/><W95/><G71/><T12/><D12/><N who="1" m="9255" /><E87/><V27/><F13/><W0/><G86/><T110/><D110/><U47/><E47/><V103/><F45/><W122/><G122/><T101/><AGARI ba="0,0" hai="9,10,15,19,22,93,99,101" m="50219,50761" machi="101" ten="30,3000,0" yaku="20,1,19,1" doraHai="59" who="0" fromWho="0" sc="250,30,250,-10,250,-10,250,-10" /><INIT seed="0,1,0,4,0,0" ten="280,240,240,240" oya="0" hai0="104,68,67,59,47,32,99,124,112,91,52,69,116" hai1="118,16,74,15,53,82,77,4,21,63,103,51,61" hai2="81,45,131,96,71,92,94,23,29,25,135,56,12" hai3="117,102,11,70,62,13,34,1,5,49,22,111,119"/><T88/><D112/><U128/><E118/><N who="3" m="45066" /><G49/><T113/><D113/><U100/><E128/><V75/><F131/><W73/><G62/><T107/><D32/><U14/><E63/><V10/><F135/><W38/><G38/><T60/><D124/><U98/><E61/><V97/><F71/><W85/><G85/><T27/><D27/><U126/><E126/><V41/><F56/><W65/><G102/><T134/><D134/><U44/><E98/><V120/><F120/><W86/><G86/><T80/><D80/><U30/><E30/><V28/><F28/><W123/><G73/><T36/><D116/><U55/><E55/><V66/><F66/><W115/><G65/><T42/><D68/><U121/><E121/><V48/><F75/><W19/><G70/><T7/><D7/><U105/><E105/><N who="0" m="40521" /><D99/><N who="2" m="37962" /><F81/><W26/><G115/><T76/><D76/><U110/><E103/><V18/><AGARI ba="1,0" hai="10,12,18,23,25,29,41,45,48,92,94" m="37962" machi="18" ten="30,1100,0" yaku="8,1" doraHai="0" who="2" fromWho="2" sc="280,-6,240,-4,240,14,240,-4" /><INIT seed="1,0,0,3,1,23" ten="274,236,254,236" oya="1" hai0="120,94,105,62,38,47,123,83,2,19,55,60,79" hai1="107,34,96,40,4,63,8,5,126,122,132,18,32" hai2="6,15,115,100,68,52,116,49,101,16,44,89,64" hai3="70,9,119,91,17,28,93,31,128,13,1,33,58"/><U103/><E122/><N who="0" m="46633" /><D105/><U92/><E126/><V82/><F116/><W90/><G128/><T30/><D2/><U80/><E132/><V20/><F115/><W114/><G70/><T10/><D30/><U104/><E40/><V88/><F6/><W77/><G114/><T46/><D94/><U48/><E48/><V135/><F135/><W127/><G127/><T133/><D133/><U43/><E43/><V84/><REACH who="2" step="1"/><F89/><REACH who="2" ten="274,236,244,236" step="2"/><W71/><G91/><T78/><D78/><U0/><E4/><V22/><F22/><W111/><G90/><T12/><D38/><U59/><E34/><V118/><F118/><W131/><G33/><T87/><D62/><AGARI ba="0,1" hai="15,16,20,44,49,52,62,64,68,82,84,88,100,101" machi="62" ten="40,8000,1" yaku="1,1,54,3,53,1" doraHai="23" doraHaiUra="81" who="2" fromWho="0" sc="274,-80,236,0,244,90,236,0" /><INIT seed="2,0,0,4,5,20" ten="194,236,334,236" oya="2" hai0="22,52,110,0,104,16,76,80,51,130,87,19,115" hai1="40,95,42,54,106,73,65,15,58,4,100,24,109" hai2="34,75,36,98,5,96,47,27,119,124,59,25,49" hai3="133,134,46,132,131,31,114,89,60,107,68,105,90"/><V17/><F119/><W63/><G46/><T82/><D115/><U79/><E106/><N who="3" m="40458" /><G114/><T39/><D39/><U8/><E109/><V128/><F75/><W41/><G41/><T66/><D110/><U112/><E79/><V111/><F128/><W14/><G131/><T30/><D104/><U72/><E72/><V43/><F124/><W62/><G31/><T55/><D0/><U1/><E65/><V84/><F111/><W99/><G99/><T86/><D130/><U57/><E73/><V12/><F5/><W81/><G81/><T123/><D123/><U56/><E1/><V125/><F125/><W83/><G83/><T45/><D66/><U32/><E54/><V91/><F59/><W116/><G116/><T101/><D101/><U118/><E118/><V113/><F36/><W103/><G103/><T126/><D126/><U85/><E112/><V6/><F6/><W38/><G38/><T61/><D30/><U11/><E11/><N who="2" m="6303" /><F34/><W64/><G14/><T102/><D102/><U48/><E48/><V135/><F113/><W26/><G64/><T71/><D71/><U127/><E127/><V88/><F91/><N who="3" m="34827" /><G68/><T53/><D61/><U18/><E32/><V33/><F33/><W2/><G2/><T35/><D35/><U37/><E37/><V7/><F7/><W10/><G10/><T70/><D70/><U108/><E108/><V44/><F43/><N who="1" m="16425" /><E100/><V92/><F49/><W69/><G69/><T23/><D51/><U120/><E120/><V122/><F122/><W77/><G77/><N who="0" m="46351" /><D45/><U3/><E3/><V121/><F121/><W117/><G117/><RYUUKYOKU ba="0,0" sc="194,15,236,-15,334,-15,236,15" hai0="16,19,22,23,52,53,55,76,82,87" hai3="26,60,62,63,132,133,134" /><INIT seed="3,1,0,5,3,109" ten="209,221,319,251" oya="3" hai0="133,47,86,44,11,131,56,96,85,37,119,19,34" hai1="81,54,115,50,121,1,6,25,61,116,49,16,98" hai2="15,123,128,93,24,13,113,114,8,106,117,101,31" hai3="62,65,68,7,58,5,130,80,36,97,33,26,38"/><W77/><G130/><T23/><D34/><U127/><E121/><V72/><F123/><W30/><G7/><T105/><D119/><U22/><E116/><V52/><F117/><W76/><G76/><T90/><D133/><U41/><E115/><V46/><F72/><W27/><G27/><N who="0" m="14847" /><D37/><U99/><E1/><V32/><F106/><W88/><G58/><T51/><D105/><U104/><E127/><V18/><F128/><W57/><G57/><T75/><D75/><U63/><E6/><V120/><F120/><W66/><G66/><T84/><D131/><U125/><E125/><V10/><F93/><W0/><G97/><N who="1" m="36874" /><E104/><V69/><F101/><W132/><G132/><T29/><D29/><U79/><E41/><V53/><F69/><W95/><G95/><N who="0" m="56439" /><D11/><U126/><E126/><V43/><F8/><N who="3" m="2087" /><G88/><T129/><D129/><U2/><E2/><V70/><F70/><W4/><G4/><T89/><D89/><U42/><E42/><V74/><F10/><W20/><G20/><T17/><D17/><U78/><E50/><V83/><F18/><W14/><G14/><T134/><D134/><U135/><E135/><V118/><F118/><W3/><G3/><T21/><D21/><U103/><E103/><V82/><F13/><W48/><G48/><T94/><D94/><U45/><E79/><N who="2" m="44407" /><F15/><W12/><G12/><T73/><D73/><AGARI ba="1,0" hai="26,30,33,36,38,62,65,68,73,77,80" m="2087" machi="73" ten="30,2900,0" yaku="33,2" doraHai="109" who="3" fromWho="0" sc="209,-32,221,0,319,0,251,32" /><INIT seed="3,2,0,3,2,105" ten="177,221,319,283" oya="3" hai0="68,104,118,123,90,126,0,129,67,38,32,77,114" hai1="61,83,76,109,64,89,85,117,37,97,100,26,51" hai2="29,101,93,43,120,92,30,72,135,106,70,50,91" hai3="128,49,12,96,71,134,42,53,132,55,57,15,95"/><W44/><G71/><T124/><RYUUKYOKU type="yao9" ba="2,0" sc="177,0,221,0,319,0,283,0" hai0="0,32,38,67,68,77,90,104,114,118,123,124,126,129" /><INIT seed="3,3,0,4,5,45" ten="177,221,319,283" oya="3" hai0="56,42,104,7,74,61,111,117,126,4,132,9,101" hai1="67,40,50,0,76,109,73,34,64,123,44,118,5" hai2="59,32,91,134,18,62,68,30,125,99,39,70,87" hai3="26,94,75,116,72,6,19,11,90,63,29,25,3"/><W110/><G116/><T28/><D117/><U23/><E118/><V106/><F39/><W124/><G124/><T52/><D74/><U119/><E123/><V86/><F125/><W103/><G103/><T78/><D126/><U14/><E119/><V89/><F30/><W127/><G127/><T38/><D111/><U79/><E34/><V54/><F32/><W83/><G110/><T60/><D132/><U114/><E114/><V48/><F134/><W17/><G63/><T96/><D78/><U129/><E129/><V93/><F18/><W80/><G80/><T105/><D28/><U33/><E0/><V12/><F12/><W41/><G41/><T130/><D130/><U100/><E33/><V128/><F128/><W37/><G37/><T49/><D104/><U20/><E100/><V81/><F62/><W69/><G69/><T121/><D121/><U15/><E15/><V98/><F106/><W95/><G75/><T65/><D4/><U92/><E92/><N who="3" m="35370" /><G29/><T47/><REACH who="0" step="1"/><D65/><REACH who="0" ten="167,221,319,283" step="2"/><N who="1" m="25163" /><E109/><V88/><F99/><W97/><G97/><T36/><D36/><U122/><E73/><V55/><F98/><W1/><G72/><T108/><D108/><U13/><E122/><V35/><F91/><W2/><G90/><T31/><D31/><U46/><E79/><V27/><F89/><W113/><G113/><T82/><D82/><U77/><E77/><V71/><F81/><W57/><G83/><T133/><D133/><U107/><E107/><V66/><F88/><W58/><G6/><T112/><D112/><U22/><E5/><V21/><F35/><W43/><G19/><RYUUKYOKU ba="3,1" sc="167,30,221,-10,319,-10,283,-10" hai0="7,9,38,42,47,49,52,56,60,61,96,101,105" owari="197,-30.3,211,-18.9,319,41.9,273,7.3" /></mjloggm>