<mjloggm ver="2.3"><GO type="225" lobby="0"/><UN n0="%E4%BF%BA%E3%81%A8%E5%A6%96%E5%A4%A2" n1="%47%68%6F%73%74%55%30" n2="%E3%81%A4%E3%81%A3%E3%81%B1%E3%82%8A%E3%83%9D%E3%83%BC%E3%83%AB" n3="%E3%81%BF%E3%81%BF%E3%81%9A" dan="16,17,17,18" rate="2112.10,2163.94,2227.72,2263.87" sx="F,F,M,M"/><TAIKYOKU oya="0"/><INIT seed="0,0,0,4,1,91" ten="250,250,250,250" oya="0" hai0="70,79,73,126,40,41,101,34,9,87,100,52,44" hai1="2,12,98,5,63,55,47,99,83,89,6,1,29" hai2="80,75,128,76,0,127,85,103,110,10,53,64,104" hai3="111,60,123,51,13,95,48,114,46,58,50,54,14"/><T102/><D73/><U17/><E29/><V92/><F64/><W86/><G114/><T117/><D117/><U106/><E2/><V82/><F53/><W16/><G111/><T84/><D34/><U71/><E1/><V124/><F10/><W116/><G116/><T133/><D70/><U131/><E131/><V56/><F56/><W115/><G115/><T24/><D133/><U130/><E130/><V18/><F18/><W42/><G123/><T125/><D24/><U45/><E106/><V4/><F4/><N who="1" m="1641" /><E71/><V134/><F0/><W25/><G25/><T37/><D9/><N who="1" m="6287" /><E63/><V121/><F128/><W132/><G13/><T135/><D135/><U109/><E109/><V49/><F110/><W28/><G28/><T67/><D67/><U129/><E129/><V66/><F66/><W112/><G112/><T113/><D113/><U21/><E21/><V93/><F134/><W120/><G120/><T88/><D125/><N who="2" m="48202" /><F49/><W94/><G132/><T57/><D126/><U68/><E68/><V33/><F33/><W36/><REACH who="3" step="1"/><G86/><REACH who="3" ten="250,250,250,240" step="2"/><T105/><D84/><N who="1" m="50335" /><E45/><V108/><F108/><W7/><G7/><T59/><D44/><U30/><E30/><V26/><F121/><W43/><G43/><T3/><D3/><U69/><E69/><V107/><F26/><W11/><AGARI ba="0,1" hai="11,14,16,36,42,46,48,50,51,54,58,60,94,95" machi="11" ten="30,12000,2" yaku="1,1,0,1,52,2,54,1,53,2" doraHai="91" doraHaiUra="90" who="3" fromWho="3" sc="250,-60,250,-30,250,-30,240,130" /><INIT seed="1,0,0,4,1,56" ten="190,220,220,370" oya="1" hai0="47,111,92,128,51,88,46,50,119,30,117,26,60" hai1="131,120,63,86,135,107,58,3,106,39,13,103,101" hai2="64,125,121,68,52,6,129,124,44,36,132,116,49" hai3="42,55,35,16,28,73,1,115,10,74,25,98,118"/><U62/><E120/><V43/><F6/><W130/><G115/><T108/><D128/><U85/><E3/><V2/><F2/><W41/><G130/><T126/><D126/><N who="2" m="48746" /><F129/><W54/><G118/><T32/><D119/><U37/><E131/><V83/><F83/><W89/><G1/><T45/><D117/><U100/><E58/><N who="2" m="33039" /><F116/><W11/><G74/><T23/><D32/><U17/><E135/><V75/><F75/><W61/><G73/><T87/><REACH who="0" step="1"/><D60/><REACH who="0" ten="180,220,220,370" step="2"/><N who="1" m="23083" /><E106/><V91/><F132/><W9/><G61/><T20/><D20/><N who="1" m="11311" /><E107/><V97/><F121/><W33/><G33/><T123/><D123/><U24/><E37/><V109/><F68/><W14/><G9/><T57/><D57/><U102/><E39/><V96/><F109/><AGARI ba="0,1" hai="23,26,30,45,46,47,50,51,87,88,92,108,109,111" machi="109" ten="40,8000,1" yaku="1,1,14,1,54,1,53,1" doraHai="56" doraHaiUra="90" who="0" fromWho="2" sc="180,90,220,0,220,-80,370,0" /><INIT seed="2,0,0,1,5,57" ten="270,220,140,370" oya="2" hai0="92,80,7,33,121,23,49,32,30,129,112,95,61" hai1="13,5,124,47,8,44,115,76,101,132,116,34,39" hai2="21,51,35,28,75,26,103,99,77,1,91,94,74" hai3="64,79,36,54,38,63,98,93,31,62,133,58,102"/><V15/><F1/><W9/><G133/><T68/><D121/><U128/><E115/><V60/><F77/><W134/><G134/><T4/><D112/><U55/><E116/><V70/><F51/><W127/><G127/><T20/><D49/><U65/><E34/><V100/><F15/><W29/><G79/><T119/><D80/><U46/><E132/><V52/><F21/><W107/><G107/><T111/><D30/><U0/><E128/><V43/><F43/><W56/><G9/><T42/><D42/><U16/><E124/><V125/><F125/><W96/><REACH who="3" step="1"/><G96/><REACH who="3" ten="270,220,140,360" step="2"/><T97/><D97/><U17/><E8/><V120/><F120/><W131/><G131/><T126/><D129/><U25/><E76/><V122/><F122/><W73/><G73/><T135/><D135/><U105/><E105/><V22/><F75/><W83/><G83/><T40/><D126/><U113/><E113/><V81/><F74/><W89/><G89/><T53/><D95/><U18/><E101/><V19/><F81/><W69/><G69/><T11/><D92/><U114/><E114/><V82/><F82/><W3/><G3/><T12/><D68/><U108/><E0/><V84/><F84/><W45/><G45/><T37/><D11/><U27/><E46/><V104/><F104/><W90/><G90/><T48/><D119/><U118/><E47/><V106/><F106/><W109/><G109/><T117/><D111/><U24/><E108/><V123/><F123/><W88/><G88/><T78/><D117/><U14/><E118/><V86/><F91/><W10/><G10/><RYUUKYOKU ba="0,1" sc="270,-10,220,-10,140,-10,360,30" hai3="29,31,36,38,54,56,58,62,63,64,93,98,102" /><INIT seed="3,1,1,2,0,31" ten="260,210,130,390" oya="3" hai0="30,128,81,116,72,78,54,2,70,83,55,14,25" hai1="99,110,9,124,105,17,20,125,86,22,133,45,75" hai2="97,19,93,100,134,68,7,33,123,3,61,8,115" hai3="74,60,107,122,131,5,114,26,41,76,57,50,121"/><W47/><G107/><T98/><D116/><U66/><E75/><V103/><F115/><W16/><G114/><T69/><D2/><U109/><E66/><V117/><F117/><W106/><G106/><T77/><D128/><U118/><E118/><V24/><F134/><W11/><G131/><T12/><D98/><U28/><E133/><V80/><F123/><W135/><G135/><T120/><D120/><U0/><E86/><V101/><F80/><W39/><G50/><T49/><D12/><N who="1" m="9255" /><E45/><V91/><F61/><W6/><G6/><T51/><D14/><U111/><E99/><V56/><F56/><W4/><G4/><T27/><D30/><U10/><E105/><V112/><F112/><W132/><G16/><T18/><D18/><U64/><E64/><V89/><F68/><W71/><G26/><T58/><D58/><U67/><E67/><V37/><F37/><W88/><G88/><T35/><D72/><U38/><E38/><V96/><F19/><W102/><G102/><T40/><D40/><U1/><E1/><V63/><F63/><W44/><G44/><T127/><D127/><N who="1" m="48715" /><E0/><V95/><REACH who="2" step="1"/><F103/><REACH who="2" ten="260,210,120,390" step="2"/><W94/><G71/><T46/><D46/><U108/><E108/><V23/><F23/><W119/><G121/><T42/><D70/><U84/><E110/><V92/><F92/><W48/><G94/><T90/><D69/><U34/><E109/><V82/><F82/><N who="3" m="45335" /><G122/><T36/><D36/><U85/><E111/><V53/><F53/><N who="3" m="33839" /><G119/><T15/><D81/><U43/><E22/><V126/><F126/><W129/><G132/><T32/><D83/><RYUUKYOKU ba="1,2" sc="260,-10,210,-10,120,30,390,-10" hai2="3,7,8,24,33,89,91,93,95,96,97,100,101" owari="250,5.0,200,-20.0,150,-35.0,400,50.0" /></mjloggm>