<mjloggm ver="2.3"><GO type="225" lobby="0"/><UN n0="%E7%89%B9%E6%9D%B1%E3%81%AF%E4%B8%96%E7%95%8C%E3%82%92%E6%95%91%E3%81%86" n1="%E3%81%BE%E3%81%A8%E3%81%9F" n2="%E5%8D%A0%E3%81%84%E5%B8%AB%E8%A3%8F%E3%81%AA%E3%81%84%E3%81%97" n3="%E3%81%B5%E3%81%98%E3%81%8B%E3%81%A4" dan="16,17,17,16" rate="2136.75,2255.33,2155.10,2137.51" sx="M,M,M,M"/><TAIKYOKU oya="0"/><INIT seed="0,0,0,1,3,44" ten="250,250,250,250" oya="0" hai0="76,85,83,2,68,40,18,112,58,47,95,92,33" hai1="28,86,55,14,11,56,97,125,82,113,79,89,135" hai2="54,52,25,132,134,31,100,27,107,43,3,104,91" hai3="16,36,101,126,80,75,41,24,96,42,34,71,115"/><T78/><D112/><U98/><E125/><V26/><F3/><W64/><G115/><T19/><D68/><U37/><E135/><N who="2" m="51755" /><F43/><W66/><G126/><T110/><D2/><U48/><E37/><V30/><F91/><W111/><G111/><T72/><D33/><U74/><E28/><N who="2" m="10795" /><F100/><W114/><G34/><T84/><D110/><U4/><REACH who="1" step="1"/><E113/><REACH who="1" ten="250,240,250,250" step="2"/><V77/><F77/><W121/><G36/><T20/><D76/><U70/><E70/><V22/><F22/><N who="3" m="13383" /><G71/><T29/><D20/><U103/><E103/><V131/><F131/><W35/><G114/><T128/><D128/><U21/><E21/><V108/><F108/><W46/><G35/><T12/><D78/><U109/><E109/><V69/><F69/><W13/><G121/><T67/><D29/><U90/><E90/><V118/><F118/><W17/><G101/><T59/><D72/><U124/><E124/><V127/><F127/><W39/><G75/><T62/><D18/><U81/><AGARI ba="0,1" hai="4,11,14,48,55,56,74,79,81,82,86,89,97,98" machi="81" ten="20,8000,1" yaku="1,1,0,1,7,1,52,1,53,1" doraHai="44" doraHaiUra="49" who="1" fromWho="1" sc="250,-40,240,90,250,-20,250,-20" /><INIT seed="1,0,0,2,3,45" ten="210,330,230,230" oya="1" hai0="81,96,10,9,126,97,89,18,44,3,11,32,6" hai1="94,53,131,119,29,37,110,21,52,108,15,48,88" hai2="4,66,42,63,43,38,76,5,60,93,30,27,112" hai3="56,49,79,130,74,40,125,101,36,34,41,99,77"/><U82/><E37/><V107/><F107/><W132/><G125/><T47/><D126/><U22/><E131/><V13/><F112/><W72/><G34/><T98/><D32/><U26/><E82/><V111/><F111/><N who="1" m="42537" /><E119/><V87/><F38/><W1/><G130/><T19/><D3/><U20/><E15/><V92/><F13/><W124/><G1/><T120/><D120/><U2/><E2/><V70/><F76/><W133/><G124/><T116/><D116/><U123/><E123/><V58/><F4/><W7/><G7/><T68/><D6/><U14/><E14/><V102/><F5/><W71/><G71/><T128/><D68/><U109/><E109/><V23/><F92/><N who="3" m="58599" /><G36/><T106/><D106/><U118/><E118/><V100/><F100/><W90/><G90/><T65/><D65/><U16/><E29/><V84/><F102/><W85/><G40/><T64/><D64/><U113/><E113/><V54/><F42/><W55/><G41/><T35/><D128/><U121/><E121/><V86/><REACH who="2" step="1"/><F43/><REACH who="2" ten="210,330,220,230" step="2"/><W95/><G77/><T39/><D39/><U50/><E94/><V103/><F103/><W91/><G95/><T122/><D122/><U75/><E88/><V46/><F46/><W62/><G79/><T83/><D89/><U134/><E75/><N who="3" m="28714" /><G133/><T67/><D47/><N who="1" m="27743" /><E134/><V114/><F114/><W73/><G132/><T31/><D44/><AGARI ba="0,1" hai="16,20,21,22,26,44,48,53" m="27743,42537" machi="44" ten="30,18000,2" yaku="14,1,10,1,52,2,54,2" doraHai="45" who="1" fromWho="0" sc="210,-180,330,190,220,0,230,0" /><INIT seed="1,1,0,3,2,94" ten="30,520,220,230" oya="1" hai0="72,10,78,64,7,75,58,35,106,115,66,41,28" hai1="14,68,57,105,20,13,52,36,8,46,86,71,24" hai2="104,5,98,96,73,55,18,133,130,44,32,111,127" hai3="110,102,3,135,34,113,85,50,49,1,103,101,124"/><U118/><E105/><V99/><F73/><W80/><G113/><T22/><D115/><U70/><E118/><V38/><F32/><W112/><G112/><T16/><D106/><U6/><E86/><V59/><F104/><W4/><G34/><T128/><D128/><U82/><E82/><V39/><F130/><W2/><G110/><T121/><D121/><U95/><E95/><V67/><F111/><W93/><G124/><T12/><D41/><U43/><E14/><V120/><F120/><W19/><G4/><T117/><D117/><U79/><E79/><V125/><F5/><W83/><G135/><T134/><D134/><U47/><E47/><V131/><F133/><W69/><G69/><T9/><D9/><U40/><E40/><V109/><F109/><W25/><G93/><T17/><D17/><U76/><E76/><V15/><F67/><W21/><REACH who="3" step="1"/><G83/><REACH who="3" ten="30,520,220,220" step="2"/><T48/><D35/><U61/><E70/><V56/><F131/><W129/><G129/><T114/><D114/><U87/><E68/><V51/><F56/><W126/><G126/><N who="2" m="48137" /><F59/><W54/><G54/><T26/><D66/><U0/><E71/><V132/><F132/><W84/><G84/><T122/><D122/><U77/><E87/><V89/><F89/><AGARI ba="1,1" hai="1,2,3,19,21,25,49,50,80,85,89,101,102,103" machi="89" ten="50,1600,0" yaku="1,1,53,0" doraHai="94" doraHaiUra="30" who="3" fromWho="2" sc="30,0,520,0,220,-19,220,29" /><INIT seed="2,0,0,3,2,60" ten="30,520,201,249" oya="2" hai0="38,7,47,30,76,26,9,98,29,57,80,124,64" hai1="86,24,118,82,35,1,58,19,120,36,41,73,85" hai2="20,70,130,97,72,61,125,96,50,31,37,59,91" hai3="68,100,128,15,113,133,6,55,63,123,107,13,106"/><V121/><F121/><W21/><G123/><T126/><D98/><U54/><E85/><V4/><F37/><W104/><G133/><T103/><D103/><U69/><E1/><V132/><F72/><W14/><G128/><T16/><D38/><U51/><E69/><V99/><F130/><W5/><G100/><T90/><D90/><U32/><E73/><V10/><F132/><W11/><G113/><T84/><D47/><U66/><E66/><N who="2" m="39231" /><F70/><W109/><G109/><T2/><D57/><U71/><E36/><V49/><F125/><W67/><G55/><T135/><D135/><U18/><E35/><V122/><F122/><W12/><REACH who="3" step="1"/><G5/><REACH who="3" ten="30,520,201,239" step="2"/><T39/><D39/><U75/><E120/><V33/><F33/><W87/><G87/><T111/><D111/><U28/><E86/><V134/><F134/><W43/><G43/><T116/><D116/><U129/><E75/><V89/><F4/><W131/><G131/><T42/><D42/><U102/><E129/><V112/><F112/><W83/><G83/><T88/><D76/><U44/><E41/><V48/><F10/><W101/><G101/><T108/><D108/><U65/><E102/><V94/><F94/><W34/><G34/><T114/><D114/><U23/><E82/><V79/><F79/><W17/><AGARI ba="0,1" hai="6,11,12,13,14,15,17,21,63,67,68,104,106,107" machi="17" ten="40,5200,0" yaku="1,1,0,1,52,1,53,0" doraHai="60" doraHaiUra="95" who="3" fromWho="3" sc="30,-13,520,-13,201,-26,239,62" /><INIT seed="3,0,0,3,0,31" ten="17,507,175,301" oya="3" hai0="81,75,55,89,13,102,5,105,8,28,117,109,61" hai1="118,98,34,33,76,25,17,103,106,35,132,96,7" hai2="64,26,27,44,87,50,68,91,36,123,99,133,77" hai3="37,97,65,80,108,41,74,52,51,62,29,12,88"/><W24/><G108/><T125/><D117/><U6/><E76/><V63/><F36/><W18/><G74/><T130/><D109/><U23/><E118/><V110/><F110/><W127/><G127/><T93/><D125/><U56/><E132/><V16/><F133/><W2/><G2/><T100/><D130/><U45/><E56/><V135/><F135/><W119/><G119/><T42/><D42/><U72/><E72/><V0/><F0/><W54/><G37/><T38/><D38/><U3/><E3/><V70/><F70/><W107/><G41/><T30/><D61/><U1/><E1/><V129/><F129/><W67/><G67/><T134/><D55/><U84/><E84/><V86/><F77/><W69/><G51/><T113/><D113/><U94/><REACH who="1" step="1"/><E45/><REACH who="1" ten="17,497,175,301" step="2"/><V131/><F99/><W39/><G39/><T104/><D134/><U116/><E116/><V66/><F66/><W4/><G4/><T112/><D112/><U20/><E20/><N who="2" m="13575" /><F27/><W82/><G82/><T73/><D73/><U120/><E120/><V59/><F68/><W22/><G80/><T9/><D75/><U53/><E53/><N who="2" m="29895" /><F123/><W60/><G60/><T58/><D81/><U15/><E15/><V71/><F131/><W11/><REACH who="3" step="1"/><G107/><REACH who="3" ten="17,497,175,291" step="2"/><T128/><D128/><U14/><E14/><V111/><F111/><W115/><G115/><T114/><D114/><U83/><E83/><V10/><F64/><W124/><G124/><T78/><D104/><U79/><E79/><V43/><F43/><W47/><G47/><T46/><D105/><U32/><N who="1" m="8192" /><DORA hai="49" /><U19/><E19/><RYUUKYOKU ba="0,2" sc="17,-15,497,15,175,-15,291,15" hai1="6,7,17,23,25,94,96,98,103,106" hai3="11,12,18,22,24,29,52,54,62,65,69,88,97" /><INIT seed="3,1,2,4,3,123" ten="2,512,160,306" oya="3" hai0="127,39,26,29,38,31,96,51,54,126,19,79,134" hai1="73,28,24,10,129,111,20,27,21,94,60,124,62" hai2="81,22,53,82,78,2,131,3,46,95,69,110,44" hai3="6,67,63,74,58,42,77,112,56,80,104,9,132"/><W68/><G112/><T106/><D79/><U128/><E73/><V13/><F69/><W17/><G132/><T40/><D106/><U0/><E94/><V57/><F110/><W25/><G104/><T98/><D134/><U43/><E111/><V89/><F131/><N who="1" m="50249" /><E43/><V93/><F2/><W70/><G58/><T36/><D40/><U102/><E102/><V34/><F34/><W83/><G17/><T113/><D19/><N who="1" m="12319" /><E124/><V125/><F3/><W4/><G4/><AGARI ba="1,2" hai="0,4,10,21,27,28,60,62" m="12319,50249" machi="4" ten="30,1000,0" yaku="19,1" doraHai="123" who="1" fromWho="3" sc="2,0,512,33,160,0,306,-13" owari="2,-49.8,545,64.5,160,-24.0,293,9.3" /></mjloggm>