<mjloggm ver="2.3"><GO type="225" lobby="0"/><UN n0="%72%69%6F%75%63%68%61%6E" n1="%E3%83%AD%E3%83%83%E3%83%86%E9%9B%80%E7%90%83" n2="%E9%81%85%E5%88%BB%E3%81%AE%E3%83%97%E3%83%AA%E3%83%B3%E3%82%B9%E2%99%AA" n3="%45%6C%79%73%69%75%6D" dan="17,17,16,17" rate="2241.63,2270.10,2178.08,2115.82" sx="M,M,F,F"/><TAIKYOKU oya="0"/><INIT seed="0,0,0,4,0,88" ten="250,250,250,250" oya="0" hai0="32,14,64,106,71,130,68,57,84,70,87,111,21" hai1="69,2,131,3,102,52,74,24,78,67,98,61,9" hai2="116,11,75,76,43,92,25,134,13,47,133,104,54" hai3="99,107,135,117,6,16,82,0,66,36,56,17,86"/><T35/><D106/><U29/><E131/><V22/><F104/><W110/><G36/><T33/><D130/><U44/><E9/><V5/><F116/><W95/><G117/><T126/><D126/><U23/><E78/><V53/><F92/><W123/><G107/><T109/><D64/><U93/><REACH who="1" step="1"/><E74/><REACH who="1" ten="250,240,250,250" step="2"/><V113/><F76/><W128/><G128/><T51/><D111/><U49/><AGARI ba="0,1" hai="2,3,23,24,29,44,49,52,61,67,69,93,98,102" machi="49" ten="30,12000,2" yaku="1,1,2,1,0,1,52,1,54,1,53,1" doraHai="88" doraHaiUra="97" who="1" fromWho="1" sc="250,-60,240,130,250,-30,250,-30" /><INIT seed="1,0,0,4,3,33" ten="190,370,220,220" oya="1" hai0="19,62,54,8,97,117,50,63,11,0,45,130,93" hai1="77,49,20,61,21,120,1,78,99,46,59,108,126" hai2="29,122,4,87,76,64,6,58,115,79,30,48,16" hai3="74,5,80,75,43,104,36,42,123,72,107,24,69"/><U28/><E120/><V121/><F115/><W53/><G123/><T88/><D130/><U133/><E1/><V106/><F106/><W91/><G69/><T55/><D117/><U18/><E126/><V135/><F135/><W84/><G5/><N who="2" m="2153" /><F121/><W102/><G24/><T96/><D0/><U14/><E108/><V9/><F122/><W114/><G114/><T65/><D97/><U51/><E51/><V66/><F48/><W124/><G124/><T32/><D32/><U116/><E133/><V127/><F127/><W71/><G71/><T134/><D134/><U112/><E99/><V82/><F79/><W100/><G104/><T23/><D55/><U105/><E21/><V118/><F118/><W90/><G36/><T26/><REACH who="0" step="1"/><D62/><REACH who="0" ten="180,370,220,220" step="2"/><U39/><E61/><N who="2" m="37943" /><F66/><W113/><G113/><T103/><D103/><U27/><E116/><V94/><F94/><W85/><G102/><T131/><D131/><U37/><E105/><V70/><F70/><AGARI ba="0,1" hai="8,11,19,23,26,45,50,54,63,65,70,88,93,96" machi="70" ten="30,3900,0" yaku="1,1,7,1,54,1,53,0" doraHai="33" doraHaiUra="3" who="0" fromWho="2" sc="180,49,370,0,220,-39,220,0" /><INIT seed="2,0,0,3,4,97" ten="229,370,181,220" oya="2" hai0="110,21,64,44,71,3,15,123,94,91,41,96,55" hai1="17,8,61,49,11,38,54,88,22,73,92,60,40" hai2="37,86,67,115,53,117,111,82,0,24,12,34,9" hai3="69,58,119,103,101,62,106,76,75,33,19,133,129"/><V56/><F115/><W68/><G119/><T87/><D110/><U98/><E73/><V93/><F117/><W48/><G129/><T105/><D123/><U46/><E38/><V6/><F37/><W59/><G133/><T131/><D131/><U112/><E112/><V39/><F39/><W90/><G33/><T99/><D3/><U47/><E47/><V127/><F111/><W28/><G28/><T83/><D105/><U72/><E72/><V63/><F127/><W80/><G90/><T118/><D118/><U5/><E40/><V108/><F108/><W74/><G74/><T102/><D99/><U10/><E5/><V65/><F93/><W85/><G75/><T7/><D55/><U25/><AGARI ba="0,0" hai="8,10,11,17,22,25,46,49,54,60,61,88,92,98" machi="25" ten="30,4000,0" yaku="0,1,8,1,54,1" doraHai="97" who="1" fromWho="1" sc="229,-10,370,40,181,-20,220,-10" /><INIT seed="3,0,0,4,1,127" ten="219,410,161,210" oya="3" hai0="44,16,43,69,63,123,50,106,61,74,135,108,42" hai1="13,9,97,102,35,90,80,21,81,112,82,87,128" hai2="55,29,36,126,37,65,0,129,4,117,53,76,77" hai3="83,113,10,107,57,89,70,121,92,71,41,17,85"/><W47/><G113/><T79/><D123/><U51/><E128/><V131/><F29/><W34/><G107/><T12/><D106/><U5/><E35/><V64/><F4/><W115/><G115/><T99/><D108/><U122/><E122/><V75/><F0/><W52/><G34/><T24/><D135/><U18/><E51/><V2/><F2/><W46/><G121/><T119/><D119/><U59/><E59/><V8/><F8/><W49/><G92/><T94/><D69/><U101/><E112/><V133/><F75/><W15/><REACH who="3" step="1"/><G57/><REACH who="3" ten="219,410,161,200" step="2"/><T32/><D32/><U11/><E102/><V103/><F103/><W28/><G28/><T48/><D94/><N who="1" m="58551" /><E5/><V66/><F133/><W60/><G60/><T130/><D63/><U1/><E1/><V104/><F104/><W86/><G86/><T39/><D61/><U96/><E96/><V54/><F117/><W58/><G58/><T84/><D99/><U67/><E67/><V91/><F126/><W6/><G6/><T116/><D116/><U105/><E105/><V118/><F118/><W100/><G100/><T33/><D33/><U26/><E13/><V45/><F45/><W132/><G132/><T20/><D12/><U30/><E30/><V27/><F27/><W95/><G95/><AGARI ba="0,1" hai="9,11,18,21,26,80,81,82,87,90,95" m="58551" machi="95" ten="30,1000,0" yaku="8,1" doraHai="127" who="1" fromWho="3" sc="219,0,410,20,161,0,200,-10" owari="219,1.9,430,53.0,161,-33.9,190,-21.0" /></mjloggm>