<mjloggm ver="2.3"><GO type="225" lobby="0"/><UN n0="%72%69%6F%75%63%68%61%6E" n1="%E3%81%A1%E3%82%85%E3%81%86%E3%81%A9%E3%81%8F%E8%B1%A1%E3%81%95%E3%82%93" n2="%E3%81%9F%E3%81%8C%E3%82%84%E3%81%99" n3="%43%68%65" dan="17,16,16,16" rate="2262.10,2108.91,2125.97,2151.87" sx="M,M,M,M"/><TAIKYOKU oya="0"/><INIT seed="0,0,0,1,5,83" ten="250,250,250,250" oya="0" hai0="54,102,46,116,18,4,77,48,61,80,17,26,10" hai1="42,74,33,126,34,20,94,119,24,2,99,85,60" hai2="129,101,45,93,22,41,66,81,5,76,56,134,100" hai3="130,59,58,121,40,120,55,39,7,44,125,1,98"/><T70/><D116/><U87/><E119/><V69/><F69/><W79/><G130/><T9/><D102/><U37/><E74/><V86/><F134/><W21/><G125/><T106/><D106/><U118/><E2/><V27/><F129/><W110/><G110/><T28/><D70/><U107/><E118/><V68/><F68/><W104/><G79/><T103/><D103/><U64/><E126/><V36/><F5/><W12/><G1/><T71/><D71/><U124/><E124/><V16/><REACH who="2" step="1"/><F93/><REACH who="2" ten="250,250,240,250" step="2"/><W49/><G7/><T135/><D135/><U95/><E94/><V78/><F78/><W14/><G104/><T11/><D4/><U57/><E107/><V75/><F75/><W89/><G121/><T62/><D17/><U65/><E34/><V105/><F105/><W96/><G120/><T63/><D18/><N who="1" m="12311" /><E33/><V73/><F73/><W133/><G133/><T30/><REACH who="0" step="1"/><D26/><REACH who="0" ten="240,250,240,250" step="2"/><U127/><E127/><V38/><F38/><W51/><G39/><T111/><D111/><U50/><E37/><V6/><F6/><W13/><G13/><T8/><N who="0" m="2048" /><DORA hai="53" /><T132/><D132/><U35/><E35/><V90/><F90/><W88/><G88/><T117/><D117/><U84/><E64/><V3/><F3/><W43/><G89/><T25/><D25/><U114/><E114/><V82/><F82/><W122/><G122/><T115/><D115/><U97/><E95/><V128/><F128/><W52/><G14/><T92/><D92/><U131/><E131/><V91/><F91/><W31/><G12/><T108/><D108/><U15/><E15/><RYUUKYOKU ba="0,2" sc="240,10,250,10,240,10,250,-30" hai0="28,30,46,48,54,61,62,63,77,80" hai1="42,50,57,60,65,84,85,87,97,99" hai2="16,22,27,36,41,45,56,66,76,81,86,100,101" /><INIT seed="0,1,2,4,0,20" ten="250,260,250,220" oya="0" hai0="118,21,29,104,122,33,102,85,0,120,10,23,90" hai1="135,81,75,101,111,94,7,107,112,78,97,48,123" hai2="134,72,128,32,53,82,92,121,24,76,115,2,74" hai3="41,5,91,62,69,13,65,15,52,49,70,68,57"/><T51/><D118/><U96/><E123/><V60/><F2/><W95/><G41/><T19/><D51/><U59/><E111/><V42/><F121/><W34/><G34/><T64/><D64/><U54/><E112/><V31/><F115/><W124/><G124/><T67/><D67/><U58/><E135/><V117/><F42/><W116/><G116/><T61/><D61/><U43/><E43/><V40/><F40/><W129/><G129/><T25/><D21/><U18/><E7/><V35/><F117/><W100/><G100/><T26/><D102/><U27/><E58/><N who="2" m="34895" /><F92/><W22/><G5/><T4/><REACH who="0" step="1"/><D104/><REACH who="0" ten="240,260,250,220" step="2"/><U106/><E106/><V108/><F35/><W71/><REACH who="3" step="1"/><G22/><REACH who="3" ten="240,260,250,210" step="2"/><T12/><D12/><U87/><E101/><V86/><F32/><W14/><G14/><T16/><D16/><U114/><E107/><V83/><F128/><W46/><G46/><T127/><D127/><U105/><E114/><V30/><F134/><W9/><G9/><T113/><D113/><U89/><E105/><V110/><F110/><W45/><G45/><T80/><AGARI ba="1,4" hai="0,4,10,19,23,25,26,29,33,80,85,90,120,122" machi="80" ten="20,12000,1" yaku="1,1,0,1,7,1,52,2,53,0" doraHai="20" doraHaiUra="126" who="0" fromWho="0" sc="240,163,260,-41,250,-41,210,-41" /><INIT seed="0,2,0,4,3,36" ten="403,219,209,169" oya="0" hai0="54,76,90,39,16,95,53,63,33,22,17,50,37" hai1="4,111,113,52,117,122,12,114,127,101,88,84,2" hai2="125,43,124,26,61,44,69,126,10,70,116,59,51" hai3="57,133,108,129,11,130,49,23,131,86,60,56,75"/><T96/><D33/><U13/><E117/><V64/><F10/><W47/><G75/><T83/><D63/><U119/><E122/><V6/><F6/><W91/><G108/><T3/><D3/><U14/><E119/><V107/><F116/><W27/><G133/><T82/><D83/><N who="1" m="49183" /><E111/><V98/><REACH who="2" step="1"/><F26/><REACH who="2" ten="403,219,199,169" step="2"/><W9/><G9/><T35/><D35/><U72/><E4/><V73/><F73/><W0/><G11/><T68/><D68/><U134/><E72/><V109/><F109/><W74/><G74/><T77/><D17/><U93/><E2/><V31/><F31/><N who="3" m="17919" /><G0/><T78/><D82/><U21/><E134/><V135/><F135/><W42/><G60/><T48/><D16/><N who="1" m="10375" /><E114/><V121/><F121/><W106/><G106/><T79/><N who="0" m="19456" /><DORA hai="89" /><T102/><D22/><U20/><E113/><V97/><F97/><W25/><G25/><T62/><D62/><U123/><E123/><V45/><F45/><W46/><G47/><T5/><D5/><U66/><E20/><V71/><F71/><W32/><G32/><T99/><D96/><N who="1" m="59535" /><E127/><V94/><F94/><AGARI ba="2,1" hai="42,46,49,56,57,86,91,94,129,130,131" m="17919" machi="94" ten="30,3900,0" yaku="19,1,52,2" doraHai="36,89" who="3" fromWho="2" sc="403,0,219,0,199,-45,169,55" /><INIT seed="1,0,0,1,4,4" ten="403,219,154,224" oya="1" hai0="64,56,9,24,49,82,54,89,58,119,7,11,50" hai1="5,118,23,106,81,105,19,108,10,96,103,31,53" hai2="92,84,97,46,120,121,129,38,2,124,28,33,17" hai3="55,68,107,99,27,113,25,63,47,1,16,90,100"/><U115/><E118/><V79/><F2/><W69/><G113/><T20/><D119/><U126/><E115/><V123/><F38/><W60/><G1/><T116/><D116/><U12/><E126/><V34/><F46/><W94/><G63/><N who="0" m="37991" /><D7/><U104/><E108/><V73/><F28/><W45/><G45/><T62/><D89/><U125/><E125/><V39/><F39/><W93/><G107/><T135/><D82/><U40/><E40/><V110/><F124/><W117/><G27/><T75/><D75/><U14/><E31/><V131/><F17/><W6/><G6/><T36/><D36/><U41/><E41/><V86/><F33/><W133/><G133/><T21/><D21/><U3/><E53/><V74/><F34/><W43/><G43/><T122/><D135/><U72/><REACH who="1" step="1"/><E3/><REACH who="1" ten="403,209,154,224" step="2"/><V91/><F110/><W134/><G117/><T51/><D122/><U59/><E59/><V29/><F29/><AGARI ba="0,1" hai="9,11,20,24,29,49,50,51,54,58,62" m="37991" machi="29" ten="30,3900,0" yaku="8,1,52,2" doraHai="4" who="0" fromWho="2" sc="403,49,209,0,154,-39,224,0" /><INIT seed="2,0,0,2,2,13" ten="452,209,115,224" oya="2" hai0="81,104,122,90,43,10,77,125,59,23,36,85,8" hai1="86,11,106,7,72,60,26,29,24,18,102,0,98" hai2="127,15,69,33,109,76,56,1,100,93,73,42,6" hai3="117,96,82,21,35,118,111,79,92,49,34,54,95"/><V28/><F69/><W64/><G111/><T124/><D122/><U131/><E131/><V123/><F123/><W116/><G64/><T25/><D104/><U97/><E72/><V112/><F112/><W132/><G132/><T114/><D114/><U67/><E98/><V80/><F1/><W105/><G105/><T88/><D59/><U94/><E86/><V134/><F134/><W103/><G95/><T44/><D8/><U32/><E94/><V75/><F75/><W113/><G113/><T71/><D71/><U12/><E24/><V110/><F56/><W130/><G130/><T121/><D121/><U47/><E47/><V126/><F42/><W50/><G21/><T48/><D10/><U51/><E51/><V40/><F40/><W108/><G50/><T3/><D3/><U115/><E115/><V135/><F28/><W9/><G9/><T53/><D53/><U52/><E52/><V63/><F63/><W4/><G108/><N who="2" m="41577" /><F33/><W17/><G34/><T46/><D46/><U5/><REACH who="1" step="1"/><E0/><REACH who="1" ten="452,199,115,224" step="2"/><V78/><F135/><W128/><G128/><T120/><D48/><U38/><E38/><V99/><F78/><W14/><G49/><T89/><REACH who="0" step="1"/><D120/><REACH who="0" ten="442,199,115,224" step="2"/><U74/><E74/><V41/><F41/><W61/><G54/><T22/><D22/><U55/><E55/><V30/><F6/><W58/><G4/><T16/><AGARI ba="0,2" hai="16,23,25,36,43,44,77,81,85,88,89,90,124,125" machi="16" ten="30,8000,1" yaku="1,1,0,1,52,1,54,2,53,0" doraHai="13" doraHaiUra="107" who="0" fromWho="0" sc="442,100,199,-20,115,-40,224,-20" /><INIT seed="3,0,0,1,2,133" ten="542,179,75,204" oya="3" hai0="89,58,9,56,6,4,49,22,70,34,2,106,28" hai1="69,26,23,102,39,113,126,30,11,123,3,120,46" hai2="31,62,36,20,109,59,68,112,16,14,63,94,15" hai3="90,95,66,124,135,38,116,53,96,21,44,97,77"/><W98/><G116/><T119/><D119/><U100/><E69/><V87/><F36/><W132/><G77/><T105/><D70/><U29/><E113/><V18/><F112/><W57/><G66/><T43/><D34/><U67/><E67/><V42/><F68/><W24/><G44/><T129/><D129/><U35/><E126/><V128/><F31/><W103/><G124/><T84/><D6/><U92/><E102/><V82/><F128/><W71/><G38/><T118/><D118/><U125/><E125/><V52/><F109/><W73/><G73/><T115/><D115/><U47/><E47/><V19/><F94/><W134/><G71/><T33/><D33/><U40/><E29/><V12/><F42/><W104/><G97/><T122/><D122/><U75/><E75/><V108/><F108/><W114/><G114/><T48/><D43/><U60/><E60/><V130/><F130/><W131/><G131/><T17/><D28/><U121/><E23/><V5/><F5/><W61/><G135/><T79/><D79/><U85/><E85/><V93/><F93/><W8/><G8/><T111/><D111/><U51/><E39/><V74/><F74/><W86/><G86/><T65/><D65/><U27/><E27/><V32/><F32/><W7/><G7/><T10/><D10/><U78/><E78/><V83/><F63/><W64/><G64/><T88/><D84/><U1/><E11/><V117/><F117/><W76/><G76/><T110/><D110/><U91/><E100/><V54/><F87/><W99/><G99/><T0/><D4/><RYUUKYOKU ba="0,0" sc="542,-15,179,15,75,-15,204,15" hai1="1,3,26,30,35,40,46,51,91,92,120,121,123" hai3="21,24,53,57,61,90,95,96,98,103,104,132,134" /><INIT seed="3,1,0,2,3,8" ten="527,194,60,219" oya="3" hai0="38,101,83,37,87,32,117,71,69,82,44,36,25" hai1="64,104,22,59,66,73,10,132,75,99,13,133,20" hai2="103,85,51,88,79,102,89,112,74,26,121,129,130" hai3="39,65,125,0,33,31,55,78,58,56,23,30,2"/><W107/><G107/><T105/><D117/><U62/><E64/><V98/><F26/><W119/><G39/><T84/><D44/><U109/><E109/><V24/><F24/><W97/><G119/><T11/><D11/><U21/><E99/><V122/><F51/><W123/><G123/><T77/><D101/><U114/><E104/><V127/><F112/><W46/><G125/><T115/><D105/><U12/><E114/><V124/><F79/><W116/><G116/><T27/><D115/><U80/><E80/><N who="0" m="30761" /><D32/><U57/><E57/><V49/><F49/><W72/><G33/><T54/><D54/><U4/><E13/><V47/><F47/><W86/><G86/><N who="0" m="32811" /><D77/><U14/><E14/><V61/><F85/><W28/><G46/><T48/><D48/><U9/><E9/><V16/><F61/><W135/><G78/><T126/><D126/><U6/><E6/><V134/><F74/><W45/><G72/><T90/><D90/><U35/><E35/><V19/><REACH who="2" step="1"/><F134/><AGARI ba="1,0" hai="4,10,12,20,21,22,59,62,66,73,75,132,133,134" machi="134" ten="40,2600,0" yaku="20,1,52,1" doraHai="8" who="1" fromWho="2" sc="527,0,194,29,60,-29,219,0" owari="527,62.7,223,2.3,31,-46.9,219,-18.1" /></mjloggm>