<mjloggm ver="2.3"><GO type="225" lobby="0"/><UN n0="%E3%81%82%E3%80%81%E8%B2%A0%E3%81%91%E3%81%BE%E3%81%97%E3%81%9F" n1="%6D%75%75%6D%75%72%61" n2="%E3%81%BF%E3%81%BF%E3%81%9A" n3="%E3%83%A9%E3%83%96%E3%83%AC%E3%83%BC" dan="16,16,16,18" rate="2114.26,2117.83,2119.19,2161.42" sx="M,F,M,M"/><TAIKYOKU oya="0"/><INIT seed="0,0,0,4,3,18" ten="250,250,250,250" oya="0" hai0="115,41,74,71,6,55,66,28,89,54,102,92,42" hai1="84,108,105,64,101,38,83,106,51,98,104,14,80" hai2="40,10,75,59,22,50,78,30,46,107,36,134,72" hai3="53,4,31,76,32,48,95,88,87,67,109,2,21"/><T57/><D115/><U81/><E38/><V33/><F107/><W9/><G32/><T121/><D121/><U86/><E64/><V52/><F134/><W112/><G112/><T11/><D74/><U17/><E108/><V124/><F124/><W133/><G109/><T85/><D28/><U125/><E125/><V26/><F78/><W63/><G76/><T3/><D55/><U100/><E51/><V135/><F135/><W29/><G133/><T12/><D3/><U49/><E49/><V97/><F97/><W103/><G103/><T132/><D132/><U1/><E1/><V43/><F43/><W62/><G62/><T37/><D37/><U130/><E130/><V5/><REACH who="2" step="1"/><F33/><REACH who="2" ten="250,250,240,250" step="2"/><W34/><G34/><T126/><D126/><U91/><E106/><V70/><F70/><W8/><G8/><T20/><D41/><U99/><REACH who="1" step="1"/><E86/><REACH who="1" ten="250,240,240,250" step="2"/><V44/><F44/><W122/><G87/><T0/><D85/><U19/><E19/><V58/><F58/><W114/><G114/><T111/><D57/><U120/><E120/><V94/><F94/><W113/><G95/><T45/><D92/><U39/><E39/><V65/><F65/><W118/><G67/><T129/><D66/><U77/><E77/><V127/><F127/><W13/><G122/><T56/><D56/><U69/><E69/><V131/><F131/><W23/><G113/><T61/><D129/><U90/><E90/><V25/><F25/><W68/><G68/><T116/><D71/><U96/><E96/><V117/><F117/><W27/><G118/><T47/><D116/><U128/><E128/><RYUUKYOKU ba="0,2" sc="250,-15,240,15,240,15,250,-15" hai1="14,17,80,81,83,84,91,98,99,100,101,104,105" hai2="5,10,22,26,30,36,40,46,50,52,59,72,75" /><INIT seed="1,1,2,0,3,95" ten="235,255,255,235" oya="1" hai0="77,54,22,112,4,105,32,83,133,68,31,6,131" hai1="84,17,37,51,129,49,90,19,18,110,24,38,21" hai2="125,61,52,81,89,76,47,56,71,82,41,101,113" hai3="78,79,44,115,120,107,74,93,35,14,10,13,30"/><U46/><E129/><V102/><F125/><W92/><G107/><T2/><D22/><U128/><E128/><V0/><F0/><W85/><G74/><T34/><D54/><U91/><E110/><V42/><F113/><W7/><G115/><T119/><D31/><U43/><E51/><V25/><F71/><W122/><G30/><T55/><D55/><U23/><E91/><V15/><F25/><W9/><G44/><T114/><D83/><U126/><E126/><V8/><F89/><W100/><G85/><T134/><D77/><U27/><REACH who="1" step="1"/><E18/><REACH who="1" ten="235,245,255,235" step="2"/><V65/><F76/><W123/><G79/><T135/><D131/><U1/><E1/><V87/><F82/><AGARI ba="1,3" hai="17,19,21,23,24,27,37,38,43,46,49,82,84,90" machi="82" ten="30,5800,0" yaku="1,1,7,1,9,1,53,0" doraHai="95" doraHaiUra="132" who="1" fromWho="2" sc="235,0,245,91,255,-61,235,0" /><INIT seed="1,2,0,2,4,31" ten="235,336,194,235" oya="1" hai0="43,74,98,49,101,83,5,68,65,135,62,84,1" hai1="119,90,121,122,41,117,60,110,69,45,107,97,105" hai2="8,102,131,15,91,72,24,79,19,23,50,26,28" hai3="120,95,80,34,86,115,75,20,18,64,92,13,134"/><U82/><E69/><V22/><F131/><W129/><G115/><T106/><D135/><U52/><E41/><V57/><F102/><W21/><G75/><T48/><D74/><U125/><E125/><V16/><F72/><W100/><G120/><T61/><D62/><U33/><E121/><V6/><F79/><W56/><G34/><T59/><D68/><U53/><E33/><V2/><F91/><W67/><G134/><T7/><D1/><U40/><E122/><V32/><F57/><W108/><G108/><T103/><D103/><U39/><E110/><V111/><F50/><W27/><G129/><T42/><D42/><U4/><E4/><V46/><F46/><W14/><G100/><T3/><D3/><U96/><E60/><V55/><F55/><W130/><G130/><T29/><D29/><U88/><E53/><V71/><F71/><W87/><G86/><T114/><D114/><U109/><E109/><AGARI ba="2,0" hai="2,6,8,15,16,19,22,23,24,26,28,32,109,111" machi="109" ten="40,12000,2" yaku="24,2,34,3,52,1,54,1" doraHai="31" who="2" fromWho="1" sc="235,0,336,-126,194,126,235,0" /><INIT seed="2,0,0,5,1,116" ten="235,210,320,235" oya="2" hai0="39,35,83,56,21,71,58,67,45,124,129,20,109" hai1="5,73,131,97,8,117,122,31,127,135,61,113,100" hai2="9,105,66,16,43,98,29,119,72,63,3,65,130" hai3="36,17,13,81,70,92,25,53,128,4,88,69,34"/><V14/><F119/><W50/><G36/><T84/><D35/><U91/><E117/><V107/><F72/><W93/><G128/><T82/><D129/><U132/><E113/><V77/><F130/><W80/><G4/><T37/><D124/><U1/><E131/><V114/><F77/><W96/><G70/><T49/><D109/><U86/><E127/><V46/><F114/><W0/><G0/><T112/><D112/><U59/><E73/><V60/><F3/><W33/><G33/><T133/><D133/><N who="1" m="51275" /><E31/><V79/><F79/><W32/><G69/><T15/><D71/><U134/><N who="1" m="51283" /><U22/><DORA hai="47" /><E22/><V2/><F2/><W95/><G34/><T23/><D15/><U110/><E110/><V85/><F29/><W125/><G125/><T108/><D108/><U74/><E74/><V99/><F85/><N who="3" m="50215" /><G81/><T104/><D104/><U62/><E59/><V28/><F28/><W68/><G25/><T52/><D83/><N who="1" m="49631" /><E122/><V89/><F107/><AGARI ba="0,0" hai="1,5,8,61,62,97,100,107" m="49631,51283" machi="107" ten="40,1300,0" yaku="20,1" doraHai="116,47" who="1" fromWho="2" sc="235,0,210,13,320,-13,235,0" /><INIT seed="3,0,0,0,4,135" ten="235,223,307,235" oya="3" hai0="49,75,125,19,77,48,122,107,38,20,14,63,99" hai1="11,103,87,78,56,45,42,60,72,86,23,92,25" hai2="32,46,113,130,133,83,54,33,3,110,70,58,43" hai3="50,68,131,4,116,24,64,127,53,69,79,5,129"/><W117/><G79/><T0/><D0/><U22/><E72/><V123/><F113/><W61/><G24/><T29/><D38/><U21/><E11/><V7/><F70/><N who="3" m="42255" /><G5/><T124/><D122/><U109/><E109/><V55/><F123/><W132/><G4/><T67/><D29/><N who="1" m="17583" /><E45/><V66/><F110/><W111/><G111/><T44/><D99/><N who="1" m="59879" /><E42/><V37/><F7/><W41/><G41/><T84/><D107/><U31/><E31/><V119/><F3/><W74/><G74/><T91/><D77/><U82/><E87/><V80/><F32/><W93/><G132/><T88/><D75/><U90/><E78/><V105/><F33/><W12/><G12/><T108/><D108/><U118/><E118/><N who="3" m="45674" /><G93/><T100/><D100/><U35/><E35/><V9/><F133/><W81/><G81/><N who="2" m="31305" /><F105/><W71/><G127/><N who="0" m="48715" /><D84/><U112/><E112/><V15/><F119/><W28/><G28/><T17/><D17/><U27/><E27/><V85/><F85/><W26/><G26/><T101/><D101/><U95/><E82/><V8/><F37/><W6/><G6/><T98/><D98/><U115/><E115/><V104/><F104/><W121/><G121/><T57/><D48/><U62/><E62/><V97/><F97/><W40/><G40/><AGARI ba="0,0" hai="14,19,20,40,44,49,57,63,67,88,91" m="48715" machi="40" ten="30,8000,1" yaku="18,1,52,3,54,1" doraHai="135" who="0" fromWho="3" sc="235,80,223,0,307,0,235,-80" owari="315,41.5,223,-17.7,307,10.7,155,-34.5" /></mjloggm>