<mjloggm ver="2.3"><GO type="225" lobby="0"/><UN n0="%E9%B3%B3%E6%9D%B1%E3%81%AE%E3%81%86%E3%81%95%E3%81%8E%E3%81%95%E3%82%93" n1="%E5%B0%8F%37%34" n2="%6B%75%7A%75%6E" n3="%E3%83%97%E3%83%AC%E3%83%B4%E3%82%A1%E3%83%86%E3%82%A3" dan="17,16,17,16" rate="2239.26,2165.75,2181.47,2129.36" sx="M,M,M,F"/><TAIKYOKU oya="0"/><INIT seed="0,0,0,5,4,107" ten="250,250,250,250" oya="0" hai0="133,62,125,45,83,96,95,0,41,57,128,58,92" hai1="34,11,16,84,74,90,36,66,76,13,100,77,43" hai2="56,78,31,47,3,122,28,25,87,98,61,116,59" hai3="18,129,85,109,2,54,29,8,48,63,119,117,15"/><T113/><D113/><U79/><E100/><V22/><F122/><W55/><G129/><T12/><D0/><U5/><E34/><V44/><F3/><W67/><G2/><T30/><D128/><U86/><E66/><V53/><F116/><W35/><G109/><T19/><D133/><U6/><E36/><V24/><F98/><W38/><G38/><T80/><D30/><U99/><E43/><V23/><REACH who="2" step="1"/><F59/><REACH who="2" ten="250,250,240,250" step="2"/><W39/><G117/><T17/><D57/><U93/><REACH who="1" step="1"/><E74/><REACH who="1" ten="250,240,240,250" step="2"/><V130/><F130/><W82/><G119/><T115/><D115/><U106/><E106/><V112/><F112/><W49/><G39/><T134/><D134/><U118/><E118/><V42/><F42/><W131/><G131/><T70/><D41/><U14/><E14/><V104/><F104/><W9/><G15/><T121/><D12/><U21/><E21/><V40/><F40/><W135/><G35/><T126/><D121/><U81/><E81/><AGARI ba="0,2" hai="22,23,24,25,28,31,44,47,53,56,61,78,81,87" machi="81" ten="40,5200,0" yaku="1,1,9,1,8,1,53,0" doraHai="107" doraHaiUra="33" who="2" fromWho="1" sc="250,0,240,-52,240,72,250,0" /><INIT seed="1,0,0,3,3,121" ten="250,188,312,250" oya="1" hai0="27,101,37,103,48,73,2,91,8,122,42,43,13" hai1="50,26,11,75,127,18,14,86,6,72,76,82,31" hai2="104,10,70,57,134,19,92,126,7,90,84,36,28" hai3="128,12,117,40,3,55,108,15,38,79,22,44,133"/><U93/><E127/><V114/><F70/><W63/><G117/><T65/><D2/><U23/><E50/><V68/><F68/><W1/><G128/><T120/><D37/><U131/><E93/><V132/><F104/><W118/><G118/><T87/><D73/><U58/><E131/><V56/><F28/><W106/><G106/><T116/><D65/><U123/><E123/><N who="0" m="47145" /><D27/><U100/><E100/><N who="0" m="38473" /><D48/><U51/><E51/><V62/><F36/><W98/><G98/><T59/><D59/><U107/><E107/><V130/><F57/><W129/><G129/><T9/><D116/><U135/><E135/><V64/><F130/><W53/><G133/><T112/><D112/><U29/><E58/><V4/><F114/><W25/><G63/><T95/><D8/><U71/><E71/><V49/><F49/><W52/><G79/><T96/><D96/><U21/><REACH who="1" step="1"/><E31/><REACH who="1" ten="250,178,312,250" step="2"/><V61/><F132/><W83/><G38/><T33/><D33/><U77/><E77/><V89/><F134/><W69/><G69/><T125/><D125/><U54/><E54/><V110/><F126/><W109/><G40/><T88/><D91/><U41/><E41/><V5/><F90/><W67/><G44/><T105/><D105/><U0/><AGARI ba="0,1" hai="0,6,11,14,18,21,23,26,29,72,75,76,82,86" machi="0" ten="20,3900,0" yaku="1,1,0,1,7,1,53,0" doraHai="121" doraHaiUra="30" who="1" fromWho="1" sc="250,-13,178,49,312,-13,250,-13" /><INIT seed="1,1,0,3,4,13" ten="237,227,299,237" oya="1" hai0="103,19,47,83,26,51,81,87,118,7,14,93,89" hai1="109,125,107,65,25,6,88,50,69,39,84,28,123" hai2="124,86,130,8,114,113,106,99,24,91,135,97,27" hai3="29,128,10,98,132,9,21,44,58,116,76,64,126"/><U54/><E123/><V80/><F130/><W53/><G128/><T11/><D118/><U3/><E107/><V122/><F122/><W62/><G116/><T42/><REACH who="0" step="1"/><D103/><REACH who="0" ten="227,227,299,237" step="2"/><U111/><E125/><V57/><F124/><W102/><G126/><T105/><D105/><U20/><E39/><V34/><F113/><W60/><G132/><T59/><D59/><N who="1" m="33239" /><E69/><V52/><F114/><W63/><G44/><T131/><D131/><U4/><E3/><V108/><F106/><W120/><G120/><T5/><D5/><U71/><E71/><V35/><F135/><W115/><G115/><T31/><D31/><U55/><E65/><V78/><F57/><W117/><G117/><T22/><AGARI ba="1,1" hai="7,11,14,19,22,26,42,47,51,81,83,87,89,93" machi="22" ten="30,8000,1" yaku="1,1,0,1,8,1,52,1,53,1" doraHai="13" doraHaiUra="38" who="0" fromWho="0" sc="227,93,227,-41,299,-21,237,-21" /><INIT seed="2,0,0,3,4,46" ten="320,186,278,216" oya="2" hai0="7,88,64,129,42,68,121,132,76,31,77,43,15" hai1="87,75,26,126,11,19,52,51,41,92,131,3,98" hai2="37,111,50,120,86,105,44,101,10,33,106,61,62" hai3="59,114,85,12,123,20,4,54,27,0,47,30,21"/><V134/><F120/><W1/><G123/><T100/><D121/><U56/><E75/><V72/><F134/><W99/><G114/><T81/><D132/><U35/><E131/><V2/><F72/><W6/><G47/><T28/><D129/><U97/><E126/><V66/><F33/><W135/><G135/><T39/><D39/><U103/><E35/><V130/><F37/><W17/><G99/><T65/><D100/><N who="1" m="60455" /><E3/><V74/><F74/><W79/><G0/><T113/><D113/><U57/><E41/><N who="0" m="15369" /><D68/><U96/><E103/><V23/><F130/><W127/><G1/><T29/><D88/><U70/><E70/><V102/><F102/><W25/><G127/><T124/><D124/><U58/><E87/><V104/><F101/><W67/><G67/><N who="0" m="25675" /><D81/><U109/><E109/><V60/><F111/><W49/><G79/><T63/><D63/><U40/><E40/><V69/><F86/><W82/><G82/><T94/><D94/><U91/><E98/><V45/><F69/><W128/><G85/><T34/><D34/><U71/><E71/><V122/><F66/><W53/><G128/><T9/><AGARI ba="0,0" hai="7,9,15,28,29,31,76,77" m="25675,15369" machi="9" ten="40,1500,0" yaku="8,1" doraHai="46" who="0" fromWho="0" sc="320,15,186,-4,278,-7,216,-4" /><INIT seed="3,0,0,4,4,73" ten="335,182,271,212" oya="3" hai0="68,78,28,72,31,116,106,82,114,99,57,46,51" hai1="94,11,133,84,22,122,38,23,91,44,118,8,89" hai2="74,88,48,81,67,90,129,134,33,52,59,109,96" hai3="14,45,120,75,87,65,25,121,47,6,56,35,108"/><W64/><G75/><T49/><D68/><U130/><E122/><V53/><F109/><W128/><G108/><T19/><D116/><U39/><E118/><V124/><F33/><W41/><G128/><T36/><D114/><U113/><E94/><V37/><F37/><W20/><G35/><T86/><D72/><U83/><E113/><V61/><F134/><W95/><G121/><T112/><D112/><U71/><E71/><V17/><F124/><W107/><G107/><T15/><D36/><U97/><E133/><V104/><F129/><W102/><G120/><T132/><D132/><U66/><E66/><V10/><F104/><W9/><G56/><T125/><D125/><U12/><E130/><V70/><F96/><W135/><G135/><T126/><D126/><U103/><E11/><V24/><F24/><W100/><G45/><T50/><D46/><U80/><E38/><V1/><F17/><W117/><G117/><T58/><D99/><U127/><E127/><V63/><F1/><W92/><G65/><T119/><D119/><U79/><E91/><V26/><F26/><W54/><G64/><T110/><D110/><U55/><E103/><N who="3" m="39466" /><G41/><T77/><D106/><U29/><E97/><V40/><F40/><W98/><G98/><T34/><D34/><U43/><E29/><N who="0" m="11337" /><D78/><U4/><REACH who="1" step="1"/><E55/><REACH who="1" ten="335,172,271,212" step="2"/><V93/><F53/><W76/><G54/><T7/><D7/><U30/><E30/><V85/><F70/><W105/><G105/><T27/><D19/><U123/><E123/><V16/><F67/><W32/><G95/><T131/><D131/><U13/><E13/><RYUUKYOKU ba="0,1" sc="335,-10,172,30,271,-10,212,-10" hai1="4,8,12,22,23,39,43,44,79,80,83,84,89" owari="335,43.5,202,-19.8,261,6.1,202,-29.8" /></mjloggm>