<mjloggm ver="2.3"><GO type="225" lobby="0"/><UN n0="%E3%83%B4%E3%83%A0%EF%BC%99%E3%81%A6" n1="%E9%A2%A8%E3%81%A7%E9%B3%B4%E3%81%8F" n2="%E3%81%86%E3%81%A9%E3%82%93%E3%81%93" n3="%E4%B8%8B%E6%AE%B5%E3%83%81%E3%82%A7%E3%83%AA%E3%83%BC" dan="17,16,16,16" rate="2178.15,2131.85,2147.67,2151.65" sx="M,M,M,M"/><TAIKYOKU oya="0"/><INIT seed="0,0,0,0,0,34" ten="250,250,250,250" oya="0" hai0="13,110,29,130,105,28,58,16,39,25,51,107,36" hai1="109,89,19,121,103,50,5,56,134,119,26,11,78" hai2="31,128,115,9,23,7,43,125,98,135,22,81,70" hai3="101,59,61,86,100,133,47,106,90,68,55,108,48"/><T80/><D130/><U97/><E121/><V117/><F115/><W6/><G133/><T30/><D25/><U131/><E119/><V54/><F117/><W44/><G108/><T74/><D110/><U85/><E78/><V63/><F128/><W24/><G68/><T124/><D124/><U87/><E131/><V52/><F125/><W72/><G72/><T10/><D74/><U75/><E75/><V8/><F43/><W88/><G44/><T41/><D80/><U71/><E71/><V62/><F70/><W57/><G57/><T46/><REACH who="0" step="1"/><D58/><REACH who="0" ten="240,250,250,250" step="2"/><U113/><E56/><V4/><F81/><W0/><G24/><T1/><D1/><U17/><E26/><V60/><F135/><W37/><G106/><AGARI ba="0,1" hai="10,13,16,28,29,30,36,39,41,46,51,105,106,107" machi="106" ten="40,3900,0" yaku="1,1,54,1,53,0" doraHai="34" doraHaiUra="3" who="0" fromWho="3" sc="240,49,250,0,250,0,250,-39" /><INIT seed="0,1,0,3,4,89" ten="289,250,250,211" oya="0" hai0="24,92,91,79,113,86,78,37,109,5,39,129,116" hai1="13,111,67,49,132,53,119,28,107,110,57,31,70" hai2="42,130,97,83,27,77,41,11,38,22,94,73,26" hai3="85,66,62,10,121,95,12,55,9,126,18,127,30"/><T120/><D113/><U17/><E107/><V114/><F114/><W52/><G30/><T72/><D116/><U80/><E119/><V45/><F130/><W34/><G34/><T81/><D120/><U75/><E132/><V105/><F42/><W98/><G9/><T33/><D129/><U65/><E75/><V76/><F76/><W131/><G85/><T4/><D109/><N who="1" m="41483" /><E80/><V101/><F22/><W118/><G121/><T135/><D135/><U106/><E106/><V102/><F102/><N who="3" m="60767" /><G118/><T50/><D78/><U40/><E40/><V23/><F23/><W112/><G112/><T51/><D33/><U6/><E6/><V54/><F54/><W61/><G131/><T96/><D24/><U1/><E1/><V128/><F128/><W44/><G44/><T48/><REACH who="0" step="1"/><D72/><REACH who="0" ten="279,250,250,211" step="2"/><U84/><E31/><V8/><F27/><W47/><G47/><T125/><D125/><N who="3" m="47625" /><G62/><T29/><D29/><U100/><E28/><V20/><F105/><W104/><G104/><T60/><D60/><U68/><E68/><AGARI ba="1,1" hai="10,12,18,52,55,61,66,68" m="47625,60767" machi="68" ten="30,3900,0" yaku="18,1,52,1,54,1" doraHai="89" who="3" fromWho="1" sc="279,0,250,-42,250,0,211,52" /><INIT seed="1,0,0,0,0,96" ten="279,208,250,263" oya="1" hai0="103,21,33,69,106,9,3,95,24,101,52,4,29" hai1="13,25,8,77,88,66,55,40,67,61,97,125,48" hai2="0,32,58,111,91,23,46,57,86,59,12,64,132" hai3="74,130,126,83,1,98,123,27,44,107,93,45,128"/><U100/><E125/><V71/><F0/><W99/><G1/><T80/><D69/><U115/><E115/><V60/><F32/><W121/><G27/><T28/><D106/><U114/><E114/><V108/><F132/><W129/><G44/><T87/><D95/><N who="1" m="58431" /><E77/><V75/><F75/><W30/><G30/><T135/><D135/><U34/><E34/><V7/><F46/><W17/><G17/><T42/><D42/><U133/><E133/><V6/><F23/><W134/><G45/><T36/><D36/><U116/><E116/><V31/><F31/><W43/><G43/><T73/><D73/><U18/><E40/><V35/><F35/><W113/><G113/><T53/><D29/><U62/><E88/><V47/><F47/><W104/><G134/><T109/><D33/><U41/><E25/><V56/><N who="2" m="14336" /><DORA hai="90" /><V117/><F117/><W68/><G68/><T19/><D28/><U118/><E118/><V39/><F39/><W51/><G51/><T26/><D26/><U124/><E124/><V37/><F37/><W81/><G126/><T94/><D94/><U131/><E131/><V78/><F78/><N who="3" m="44247" /><G83/><T2/><D2/><U120/><E120/><N who="3" m="46154" /><G98/><T65/><D3/><U84/><E41/><V76/><F76/><W72/><G72/><T38/><D38/><U10/><E10/><V22/><F22/><W16/><G107/><T15/><D24/><U79/><E48/><V54/><F12/><W14/><G104/><T122/><D122/><U119/><E119/><V11/><F11/><W112/><G112/><T63/><D9/><U92/><E8/><RYUUKYOKU ba="0,0" sc="279,0,208,0,250,0,263,0" /><INIT seed="2,1,0,3,0,101" ten="279,208,250,263" oya="2" hai0="129,40,38,116,130,67,90,104,85,121,91,89,24" hai1="22,58,51,132,37,124,66,108,11,50,114,86,61" hai2="30,10,44,115,97,113,65,71,9,25,111,84,120" hai3="110,46,3,39,8,15,26,18,99,29,107,77,81"/><V17/><F120/><W20/><G110/><T131/><D121/><U0/><E37/><V54/><F111/><W106/><G99/><T94/><D116/><U6/><E108/><V69/><F84/><W87/><REACH who="3" step="1"/><G3/><REACH who="3" ten="279,208,250,253" step="2"/><T13/><D131/><U135/><E114/><V125/><F97/><W49/><G49/><T80/><D130/><U123/><E123/><V12/><F113/><W31/><G31/><T56/><D129/><U127/><E51/><V78/><F115/><W83/><G83/><T109/><D80/><U33/><E50/><V102/><F30/><W35/><G35/><T47/><D109/><U23/><E33/><V98/><F98/><W128/><G128/><T57/><D38/><U95/><E127/><V73/><F125/><W75/><G75/><T76/><D85/><U55/><E124/><V45/><F73/><W53/><G53/><T96/><D96/><U79/><E55/><V59/><F54/><W82/><G82/><T42/><D42/><AGARI ba="1,1" hai="8,15,18,20,26,29,39,42,46,77,81,87,106,107" machi="42" ten="40,8000,1" yaku="1,1,52,2,53,1" doraHai="101" doraHaiUra="19" who="3" fromWho="0" sc="279,-83,208,0,250,0,253,93" /><INIT seed="3,0,0,1,1,26" ten="196,208,250,346" oya="3" hai0="51,63,43,58,55,35,129,32,111,1,94,90,48" hai1="22,128,10,65,92,104,132,24,42,56,4,59,84" hai2="16,37,31,17,98,73,52,28,54,105,107,122,46" hai3="134,119,75,127,125,53,100,61,25,7,118,62,36"/><W66/><G75/><T87/><D1/><U2/><E104/><V71/><F73/><W115/><G115/><T131/><D111/><U93/><E132/><V113/><F113/><W102/><G134/><T88/><D90/><U106/><E106/><V79/><F79/><W120/><G120/><T130/><REACH who="0" step="1"/><D43/><REACH who="0" ten="186,208,250,346" step="2"/><U95/><E42/><V78/><F122/><W135/><G135/><T5/><D5/><U81/><E128/><V116/><F116/><W117/><G7/><T23/><D23/><U19/><REACH who="1" step="1"/><E65/><REACH who="1" ten="186,198,250,346" step="2"/><V38/><F38/><W0/><G36/><T33/><AGARI ba="0,2" hai="32,33,35,48,51,55,58,63,87,88,94,129,130,131" machi="33" ten="40,8000,1" yaku="1,1,0,1,19,1,54,1,53,0" doraHai="26" doraHaiUra="6" who="0" fromWho="0" sc="186,100,198,-20,250,-20,346,-40" owari="286,8.6,178,-32.2,230,-17.0,306,40.6" /></mjloggm>