<mjloggm ver="2.3"><GO type="225" lobby="0"/><UN n0="%E3%81%B5%E3%81%98%E3%81%8B%E3%81%A4" n1="%72%69%6F%75%63%68%61%6E" n2="%E5%A4%9C%E3%81%AE%E3%82%AC%E3%82%B9%E3%83%91%E3%83%BC%E3%83%AB" n3="%E3%82%B3%E3%83%90%E3%83%AC%E3%82%A4" dan="17,16,16,16" rate="2189.59,2220.97,2184.16,2129.67" sx="M,M,M,M"/><TAIKYOKU oya="0"/><INIT seed="0,0,0,2,2,40" ten="250,250,250,250" oya="0" hai0="30,70,69,77,63,129,97,10,68,121,11,39,19" hai1="75,84,9,17,86,22,5,62,24,33,55,41,2" hai2="93,34,32,23,21,89,92,45,61,115,95,65,1" hai3="49,131,67,130,26,53,28,112,76,85,106,44,79"/><T50/><D121/><U119/><E119/><V38/><F115/><W46/><G106/><T25/><D39/><U116/><E116/><V59/><F1/><W48/><G67/><T57/><D129/><N who="3" m="49161" /><G85/><T31/><D77/><N who="3" m="29769" /><G112/><T27/><D97/><U134/><E134/><V125/><F125/><W4/><G4/><T82/><D82/><U114/><E114/><V13/><F89/><W101/><G101/><T58/><D50/><N who="3" m="19561" /><G53/><T83/><D83/><U29/><E41/><V108/><F95/><W16/><G16/><T52/><D58/><N who="1" m="35167" /><E75/><V12/><F59/><W90/><G90/><T60/><D60/><U126/><E126/><V15/><F61/><W94/><G94/><T135/><D135/><U122/><E122/><V14/><F65/><W73/><G73/><T74/><D74/><U47/><E86/><V111/><F93/><W88/><G88/><T6/><D19/><U132/><E84/><V91/><F91/><W56/><G56/><T99/><D99/><U0/><E132/><V7/><F92/><W100/><G100/><T66/><D66/><U8/><E0/><V43/><F7/><W104/><G104/><T36/><D36/><U127/><E127/><V72/><F72/><W98/><G98/><T133/><D133/><U71/><E9/><N who="0" m="3081" /><D6/><U3/><E2/><V107/><F107/><W80/><G80/><T81/><D81/><U87/><E87/><V96/><F96/><W113/><G113/><T128/><D128/><U120/><E120/><V37/><F37/><W105/><G105/><T102/><D102/><U64/><E64/><V110/><F110/><RYUUKYOKU ba="0,0" sc="250,15,250,-15,250,-15,250,15" hai0="25,27,30,31,52,57,63,68,69,70" hai3="26,28,44,46" /><INIT seed="0,1,0,0,3,57" ten="265,235,235,265" oya="0" hai0="33,120,37,58,20,99,46,65,0,96,103,31,27" hai1="118,74,24,1,124,69,75,128,88,67,89,71,8" hai2="12,92,119,60,133,45,15,97,50,70,40,48,38" hai3="94,115,22,29,6,55,98,109,61,113,78,44,101"/><T129/><D120/><U126/><E118/><V135/><F119/><W82/><G109/><T28/><D129/><U66/><E24/><V132/><F50/><W77/><G78/><T17/><D0/><U42/><E1/><V104/><F104/><W59/><G6/><T121/><D121/><U107/><E107/><V127/><F127/><N who="1" m="48681" /><E42/><V30/><F30/><W91/><G101/><T51/><D37/><U10/><E128/><V84/><F84/><W83/><G83/><T26/><D103/><U47/><E47/><V100/><REACH who="2" step="1"/><F38/><REACH who="2" ten="265,235,225,265" step="2"/><W49/><G29/><T41/><REACH who="0" step="1"/><D31/><REACH who="0" ten="255,235,225,265" step="2"/><U125/><E125/><V105/><F105/><W111/><G111/><T39/><D39/><U130/><E130/><V23/><F23/><W64/><REACH who="3" step="1"/><G22/><REACH who="3" ten="255,235,225,255" step="2"/><T21/><D21/><U19/><E75/><AGARI ba="1,3" hai="44,49,55,59,61,64,75,77,82,91,94,98,113,115" machi="75" ten="30,7700,0" yaku="1,1,2,1,7,1,52,1,53,0" doraHai="57" doraHaiUra="34" who="3" fromWho="1" sc="255,0,235,-80,225,0,255,110" /><INIT seed="1,0,0,4,3,123" ten="255,155,225,365" oya="1" hai0="85,44,52,117,26,109,118,12,127,102,20,108,58" hai1="87,23,14,50,119,54,57,19,134,7,113,90,105" hai2="31,11,34,106,1,51,124,13,81,74,79,65,69" hai3="120,63,49,88,6,110,68,46,45,80,104,33,18"/><U61/><E113/><V28/><F124/><W72/><G104/><T133/><D127/><U86/><E119/><V84/><F1/><W30/><G30/><T42/><D102/><U25/><E105/><V3/><F3/><W125/><G33/><T92/><D12/><U130/><E130/><V16/><F106/><W48/><G125/><T75/><D85/><U131/><E131/><V99/><F99/><W112/><G112/><T55/><D92/><U91/><E134/><V39/><F39/><W98/><G6/><T101/><D101/><U62/><E87/><V2/><F2/><W111/><G120/><T96/><D96/><U60/><REACH who="1" step="1"/><E86/><REACH who="1" ten="255,145,225,365" step="2"/><V17/><F84/><W9/><G72/><T73/><D133/><U128/><E128/><V129/><F129/><W94/><G80/><T47/><D75/><U37/><E37/><V83/><F83/><W78/><G78/><T53/><D73/><U71/><E71/><V10/><F69/><W126/><G126/><T103/><D58/><U70/><E70/><V41/><F74/><W100/><G45/><T59/><D59/><U5/><E5/><V77/><F81/><W36/><G36/><N who="0" m="21575" /><D118/><U97/><E97/><V116/><F116/><W0/><G46/><T114/><D117/><U64/><E64/><V4/><F4/><W89/><G68/><T21/><D114/><U29/><E29/><V115/><F115/><W66/><G66/><T132/><D132/><U22/><E22/><N who="0" m="8809" /><D47/><U40/><E40/><V76/><F65/><W24/><G98/><T56/><D56/><U8/><AGARI ba="0,1" hai="7,8,14,19,23,25,50,54,57,60,61,62,90,91" machi="8" ten="30,6000,0" yaku="1,1,0,1,8,1,53,0" doraHai="123" doraHaiUra="95" who="1" fromWho="1" sc="255,-20,145,70,225,-20,365,-20" /><INIT seed="1,1,0,0,2,41" ten="235,215,205,345" oya="1" hai0="53,35,109,77,70,115,120,44,11,62,60,135,19" hai1="104,75,37,122,49,78,74,97,32,8,125,15,118" hai2="132,24,61,100,69,5,50,55,90,64,59,107,66" hai3="112,91,57,134,40,127,117,108,16,68,52,31,17"/><U105/><E118/><V80/><F132/><W46/><G112/><T114/><D35/><U14/><E122/><V42/><F5/><W34/><G134/><T56/><D19/><U73/><E37/><V27/><F66/><W51/><G117/><T1/><D11/><U48/><E32/><V131/><F131/><W20/><G34/><T126/><D1/><U89/><E125/><V76/><F90/><W87/><G68/><T106/><D106/><U6/><E78/><V111/><F111/><W101/><G101/><T119/><D77/><U130/><E130/><V67/><F67/><W95/><G108/><T38/><D119/><U33/><E33/><V9/><F9/><W93/><G127/><T22/><D22/><U96/><E89/><V133/><F133/><W30/><G95/><T116/><D135/><U113/><E113/><N who="0" m="43017" /><D116/><U18/><E105/><V2/><F2/><W110/><G17/><T102/><D102/><U124/><E124/><V81/><F100/><W128/><G128/><T25/><D25/><U86/><E86/><V99/><F99/><N who="1" m="37961" /><E104/><V4/><F107/><W72/><G72/><N who="1" m="18434" /><U36/><DORA hai="83" /><E36/><V54/><F76/><W7/><G7/><T13/><D126/><U85/><E85/><V98/><F98/><W28/><G110/><T82/><D109/><U88/><E88/><V129/><F129/><W79/><G79/><T39/><D120/><U58/><E58/><V47/><F69/><W92/><G92/><T65/><D82/><N who="2" m="31850" /><F4/><W29/><G29/><T63/><D38/><U12/><E6/><V23/><F27/><N who="3" m="14727" /><G31/><AGARI ba="1,0" hai="23,24,31,42,47,50,54,55,59,61,64" m="31850" machi="31" ten="30,2000,0" yaku="8,1,52,1" doraHai="41,83" who="2" fromWho="3" sc="235,0,215,0,205,23,345,-23" /><INIT seed="2,0,0,0,3,97" ten="235,215,228,322" oya="2" hai0="81,121,44,41,26,11,29,28,36,21,111,43,46" hai1="15,79,64,90,3,125,17,91,54,127,31,1,101" hai2="95,82,75,68,108,133,102,109,38,6,100,72,39" hai3="69,117,7,59,122,96,66,93,27,70,135,88,99"/><V13/><F68/><W20/><G117/><T19/><D121/><U123/><E123/><V71/><F71/><W50/><G122/><T80/><D111/><N who="2" m="42570" /><F133/><W18/><G135/><T9/><D9/><U52/><E79/><N who="2" m="44391" /><F75/><W76/><G76/><T30/><REACH who="0" step="1"/><D11/><REACH who="0" ten="225,215,228,322" step="2"/><U33/><E1/><V16/><F6/><W131/><G7/><T112/><D112/><U73/><E3/><V114/><F114/><W61/><G131/><T132/><D132/><U65/><E127/><V126/><F126/><W105/><G70/><T60/><D60/><U24/><E125/><V113/><F113/><W55/><G105/><T78/><D78/><U25/><E25/><V4/><F4/><W37/><G37/><AGARI ba="0,1" hai="19,21,26,28,29,30,36,37,41,43,44,46,80,81" machi="37" ten="40,5200,0" yaku="1,1,9,1,53,1" doraHai="97" doraHaiUra="14" who="0" fromWho="3" sc="225,62,215,0,228,0,322,-52" /><INIT seed="3,0,0,1,0,99" ten="287,215,228,270" oya="3" hai0="102,23,50,32,56,75,41,25,61,34,44,121,33" hai1="89,109,36,128,70,63,117,8,116,4,135,54,57" hai2="100,72,86,21,120,93,35,46,133,124,125,118,83" hai3="7,9,111,20,60,104,28,47,66,2,73,6,22"/><W45/><G73/><T132/><D121/><U88/><E109/><V106/><F35/><W115/><G115/><T131/><D75/><U126/><E135/><V98/><F133/><W91/><G104/><T59/><D132/><U12/><E126/><N who="2" m="48747" /><F120/><W13/><G111/><T69/><D131/><U97/><E128/><V82/><F118/><N who="1" m="45673" /><E36/><V76/><F46/><W79/><G79/><T77/><D77/><U64/><E97/><N who="2" m="61711" /><F21/><W58/><G91/><T108/><D102/><U31/><E31/><V30/><F30/><W112/><G112/><T62/><D108/><U38/><E38/><V127/><N who="2" m="48755" /><V94/><DORA hai="1" /><F98/><W27/><G20/><T96/><D96/><U5/><E4/><V107/><F107/><W10/><AGARI ba="0,0" hai="2,6,7,9,10,13,22,27,28,45,47,58,60,66" machi="10" ten="30,6000,0" yaku="0,1,52,2" doraHai="99,1" who="3" fromWho="3" sc="287,-20,215,-20,228,-20,270,60" owari="267,6.7,195,-30.5,208,-19.2,330,43.0" /></mjloggm>