<mjloggm ver="2.3"><GO type="225" lobby="0"/><UN n0="%E3%81%82%E3%82%93%E3%81%AA%E3%81%A4" n1="%E3%81%A1%E3%82%85%E3%81%86%E3%81%A9%E3%81%8F%E8%B1%A1%E3%81%95%E3%82%93" n2="%E7%89%B9%E6%9D%B1%E3%81%AF%E4%B8%96%E7%95%8C%E3%82%92%E6%95%91%E3%81%86" n3="%E8%BE%9B%E5%8F%A3%E3%82%AB%E3%83%AC%E3%83%BC%E3%83%A9%E3%82%A4%E3%82%B9" dan="16,16,16,16" rate="2122.68,2084.48,2165.58,2177.79" sx="M,M,M,M"/><TAIKYOKU oya="0"/><INIT seed="0,0,0,1,1,28" ten="250,250,250,250" oya="0" hai0="94,34,135,95,115,38,10,90,70,76,20,23,9" hai1="58,7,124,79,82,39,80,118,47,3,73,87,29" hai2="98,52,44,12,0,45,74,72,11,97,106,86,56" hai3="61,99,5,100,107,134,15,37,119,60,114,123,67"/><T130/><D115/><U92/><E118/><V129/><F0/><W42/><G114/><T121/><D38/><U46/><E124/><V26/><F129/><W17/><G119/><T113/><D113/><U122/><E122/><V57/><F72/><W16/><G123/><T8/><D121/><U40/><E92/><V63/><F74/><W19/><G134/><T78/><D70/><U109/><E109/><V66/><F86/><W101/><G101/><T127/><D127/><U43/><E29/><V120/><F120/><W35/><G35/><T77/><D135/><U54/><E7/><V1/><F1/><W88/><G88/><T14/><D130/><U117/><E3/><V85/><F85/><W104/><G104/><T31/><D14/><U18/><E18/><V22/><F106/><W103/><G103/><T53/><D53/><U75/><E82/><V41/><F41/><W30/><G30/><T126/><D126/><U48/><REACH who="1" step="1"/><E117/><REACH who="1" ten="250,240,250,250" step="2"/><V33/><F98/><W59/><G5/><T128/><D128/><U91/><E91/><V68/><F97/><W50/><G37/><AGARI ba="0,1" hai="37,39,40,43,46,47,48,54,58,73,75,79,80,87" machi="37" ten="30,3900,0" yaku="1,1,7,1,9,1,53,0" doraHai="28" doraHaiUra="84" who="1" fromWho="3" sc="250,0,240,49,250,0,250,-39" /><INIT seed="1,0,0,2,3,55" ten="250,289,250,211" oya="1" hai0="70,92,38,101,86,93,6,19,10,25,45,74,29" hai1="109,84,24,51,82,94,65,100,78,2,104,28,9" hai2="11,52,102,39,68,17,90,91,128,49,125,127,116" hai3="121,124,96,114,69,16,67,113,108,35,77,57,53"/><U40/><E109/><V61/><F39/><W132/><G121/><T95/><D74/><U89/><E65/><N who="2" m="41007" /><F102/><W133/><G35/><T79/><D70/><U120/><E120/><V50/><F50/><N who="3" m="30903" /><G77/><T18/><D101/><U85/><E2/><V117/><F17/><W1/><G1/><T123/><D123/><U60/><E60/><V7/><F128/><W41/><G96/><T21/><D45/><N who="1" m="26023" /><E104/><V47/><F116/><W20/><G108/><T23/><D38/><U48/><E100/><V34/><F34/><W115/><G41/><T129/><D23/><N who="1" m="15391" /><E48/><V110/><F117/><W119/><G119/><T131/><D131/><U27/><E27/><V64/><F64/><W62/><G124/><N who="2" m="47689" /><F110/><W107/><G107/><T97/><D129/><U83/><E9/><V14/><AGARI ba="0,0" hai="7,11,14,47,49,52,90,91" m="47689,41007" machi="14" ten="30,2000,0" yaku="18,1,54,1" doraHai="55" who="2" fromWho="2" sc="250,-5,289,-10,250,20,211,-5" /><INIT seed="2,0,0,3,5,61" ten="245,279,270,206" oya="2" hai0="108,54,6,72,78,93,30,16,8,13,103,81,120" hai1="122,98,46,117,17,134,124,53,96,25,23,80,102" hai2="50,87,133,106,3,22,131,38,71,35,44,28,97" hai3="39,60,62,121,10,89,34,135,9,126,66,128,125"/><V5/><F35/><W65/><G121/><T105/><D120/><U1/><E1/><V11/><F38/><W24/><G39/><T111/><D30/><U47/><E117/><V55/><F131/><W113/><G128/><T63/><D105/><U75/><E122/><V100/><F133/><W36/><G36/><T68/><D103/><U112/><E112/><V76/><F71/><W29/><G135/><T83/><D93/><U56/><E134/><V79/><F28/><W32/><G89/><T123/><D83/><U88/><E124/><N who="3" m="47722" /><G34/><T31/><D31/><U19/><E19/><V132/><F132/><W40/><G40/><T14/><D123/><U101/><E75/><V18/><REACH who="2" step="1"/><F87/><REACH who="2" ten="245,279,260,206" step="2"/><W82/><G113/><T92/><D68/><U67/><E98/><V2/><F2/><W74/><G74/><T33/><D33/><U4/><E96/><V85/><F85/><W118/><G118/><T51/><D108/><U104/><E104/><V99/><F99/><W21/><G32/><T130/><D111/><U52/><E102/><V129/><F129/><W119/><G119/><T69/><D130/><U77/><E101/><V109/><F109/><W59/><G82/><T73/><D72/><U26/><E80/><V45/><F45/><W107/><G107/><T12/><D69/><AGARI ba="0,1" hai="9,10,21,24,29,59,60,62,65,66,69" m="47722" machi="69" ten="30,3900,0" yaku="18,1,52,2" doraHai="61" who="3" fromWho="0" sc="245,-39,279,0,260,0,206,49" /><INIT seed="3,0,0,4,2,77" ten="206,279,260,255" oya="3" hai0="71,64,125,61,15,51,8,11,95,2,113,134,101" hai1="34,40,66,115,22,80,117,88,16,97,69,131,25" hai2="10,79,0,37,48,12,65,56,68,1,127,116,120" hai3="105,24,57,106,17,133,5,78,129,21,121,91,3"/><W38/><G121/><T108/><D108/><U74/><E115/><V41/><F116/><W126/><G129/><T132/><D113/><U47/><E34/><V4/><F120/><W99/><G133/><N who="0" m="51307" /><D125/><U111/><E111/><V96/><F127/><W30/><G38/><T103/><D95/><U63/><E131/><V49/><F68/><W130/><G130/><T44/><D2/><U76/><E117/><V124/><F37/><W28/><G126/><T31/><D31/><U135/><E135/><V92/><F79/><W102/><G78/><T46/><D8/><U7/><E7/><V26/><F26/><W100/><G91/><T84/><D84/><U107/><E107/><V75/><F75/><W19/><G30/><T109/><D109/><U118/><E118/><V55/><F65/><W14/><G3/><T83/><D83/><U42/><E47/><N who="0" m="17961" /><D51/><U93/><AGARI ba="0,0" hai="16,22,25,40,42,63,66,69,74,76,80,88,93,97" machi="93" ten="30,7900,0" yaku="0,1,52,1,54,2" doraHai="77" who="1" fromWho="1" sc="206,-20,279,79,260,-20,255,-39" owari="186,-31.4,358,45.8,240,4.0,216,-18.4" /></mjloggm>