<mjloggm ver="2.3"><GO type="225" lobby="0"/><UN n0="%E3%81%BF%E3%81%BF%E3%81%9A" n1="%E5%B8%86%E7%AB%8B%E5%A4%8F%E8%A1%A3" n2="%28%EF%BF%A3%E2%96%BD%EF%BF%A3%29%CE%B4%E2%8C%92%E3%83%BB" n3="%E3%82%B7%E3%83%B3%E5%A4%AA%E6%9C%97" dan="16,16,16,16" rate="2128.63,2137.67,2101.49,2176.18" sx="M,M,M,M"/><TAIKYOKU oya="0"/><INIT seed="0,0,0,2,4,71" ten="250,250,250,250" oya="0" hai0="41,121,119,65,84,127,92,133,117,50,42,14,48" hai1="66,86,54,135,105,35,120,115,6,83,113,32,91" hai2="132,76,4,123,103,73,99,106,60,111,55,0,102" hai3="40,100,67,90,47,37,2,11,81,10,15,116,129"/><T82/><D121/><U98/><E120/><V130/><F123/><W21/><G129/><T126/><D65/><U16/><E66/><V114/><F130/><W17/><G116/><T39/><D92/><U128/><E6/><V25/><F114/><N who="1" m="43529" /><E128/><V97/><F132/><W108/><G108/><T101/><D101/><N who="1" m="62647" /><E135/><V125/><F111/><W58/><G100/><T56/><D133/><U51/><E16/><V52/><F125/><N who="0" m="47626" /><D14/><U46/><AGARI ba="0,0" hai="32,35,46,51,54,83,86,91" m="62647,43529" machi="46" ten="30,1100,0" yaku="11,1" doraHai="71" who="1" fromWho="1" sc="250,-5,250,11,250,-3,250,-3" /><INIT seed="1,0,0,0,4,5" ten="245,261,247,247" oya="1" hai0="98,20,47,108,112,46,80,125,21,23,17,77,28" hai1="34,66,9,55,95,48,4,81,26,123,49,61,39" hai2="15,126,97,90,131,79,133,120,33,124,71,22,106" hai3="93,12,134,18,3,2,104,38,82,132,83,36,16"/><U114/><E114/><V130/><F71/><W50/><G104/><T113/><D108/><U127/><E127/><N who="2" m="48683" /><F33/><W58/><G93/><T54/><D125/><U63/><E123/><V74/><F120/><W89/><G58/><T88/><D28/><U103/><E39/><V73/><F22/><N who="0" m="8810" /><D113/><U57/><E81/><V8/><F79/><W14/><G50/><T86/><D112/><U31/><E95/><N who="2" m="56567" /><F106/><W64/><G89/><T43/><D43/><U107/><E103/><V51/><F51/><W69/><G64/><T10/><D10/><U37/><E37/><V30/><F30/><W78/><REACH who="3" step="1"/><G78/><REACH who="3" ten="245,261,247,237" step="2"/><T94/><D54/><U84/><E107/><V7/><F133/><W118/><G118/><T99/><D98/><U0/><REACH who="1" step="1"/><E84/><REACH who="1" ten="245,251,247,237" step="2"/><V75/><AGARI ba="0,2" hai="7,8,15,73,74,75,130,131" m="56567,48683" machi="75" ten="40,2700,0" yaku="18,1,52,1" doraHai="5" who="2" fromWho="2" sc="245,-7,251,-13,247,47,237,-7" /><INIT seed="2,0,0,2,1,131" ten="238,238,294,230" oya="2" hai0="71,111,8,42,50,133,129,29,13,68,37,73,24" hai1="96,92,56,74,35,20,14,95,53,86,120,1,77" hai2="59,30,107,134,3,112,122,100,12,26,132,16,115" hai3="124,46,48,117,88,49,18,54,103,62,75,125,109"/><V58/><F3/><W114/><G117/><T82/><D129/><U28/><E120/><V98/><F122/><W99/><G75/><T101/><D101/><U23/><E1/><V15/><F59/><W27/><G109/><T123/><D123/><U22/><E74/><V33/><F58/><W43/><G62/><T113/><D113/><U118/><E118/><V93/><F107/><W89/><G114/><N who="2" m="43561" /><F16/><W10/><G27/><T80/><D37/><U19/><E35/><V105/><F105/><W2/><G18/><T7/><D111/><U79/><E28/><V60/><F60/><W85/><G10/><T76/><D82/><U32/><E32/><V66/><F66/><W90/><G85/><T57/><D57/><U102/><E77/><V67/><F67/><W110/><G2/><T44/><D71/><U78/><E79/><V94/><F93/><W40/><G110/><T47/><D47/><U61/><E78/><V91/><F91/><AGARI ba="0,0" hai="14,19,20,22,23,53,56,61,86,91,92,95,96,102" machi="91" ten="40,1300,0" yaku="8,1" doraHai="131" who="1" fromWho="2" sc="238,0,238,13,294,-13,230,0" /><INIT seed="3,0,0,4,5,51" ten="238,251,281,230" oya="3" hai0="111,108,24,31,15,106,93,26,95,3,130,67,4" hai1="29,126,129,9,71,77,42,37,16,81,35,10,56" hai2="119,38,27,25,120,1,48,83,34,104,88,75,96" hai3="11,47,99,82,121,131,57,54,116,94,73,128,133"/><W61/><G116/><T98/><D130/><N who="3" m="49705" /><G121/><T62/><D3/><U30/><E71/><V63/><F38/><W87/><G133/><T41/><D41/><U80/><E126/><V58/><F1/><W105/><G105/><T22/><D26/><U32/><E129/><V21/><F34/><W2/><G73/><T90/><D106/><U65/><E42/><V46/><F119/><W84/><G47/><T39/><D39/><U115/><E37/><V85/><F120/><W44/><G44/><T124/><D124/><U113/><E77/><V7/><F7/><N who="3" m="1527" /><G82/><T64/><D4/><U8/><E8/><V18/><F75/><W68/><G68/><T103/><D15/><U19/><REACH who="1" step="1"/><E56/><REACH who="1" ten="238,241,281,230" step="2"/><V59/><F59/><W125/><G125/><T70/><D108/><U76/><E76/><V33/><F58/><W89/><AGARI ba="0,1" hai="54,57,61,84,87,89,94,99" m="1527,49705" machi="89" ten="30,3000,0" yaku="19,1,52,1" doraHai="51" who="3" fromWho="3" sc="238,-10,241,-10,281,-10,230,40" /><INIT seed="3,1,0,4,0,121" ten="228,231,271,270" oya="3" hai0="43,101,61,32,22,108,83,98,54,70,14,93,100" hai1="6,40,65,134,13,103,15,28,130,95,49,116,77" hai2="38,71,133,107,94,67,82,102,97,0,120,46,73" hai3="56,57,41,80,115,9,37,33,16,75,60,111,45"/><W35/><G115/><T7/><D32/><U110/><E28/><V48/><F120/><W128/><G57/><N who="0" m="34999" /><D70/><U105/><E105/><V30/><F133/><W109/><G128/><T122/><D122/><U59/><E134/><V113/><F113/><W44/><G44/><T52/><D43/><U117/><E77/><N who="2" m="44335" /><F94/><W106/><G106/><T2/><D2/><U126/><E130/><V135/><F48/><W18/><G80/><T34/><D34/><U92/><E126/><V104/><F104/><W127/><G75/><T86/><D108/><N who="3" m="41545" /><G127/><T84/><D101/><U123/><E103/><V66/><F46/><W20/><G9/><N who="0" m="4415" /><D83/><U132/><E123/><V64/><F107/><W26/><G18/><T24/><D52/><AGARI ba="1,0" hai="16,20,26,33,35,37,41,45,52,56,60" m="41545" machi="52" ten="30,18000,2" yaku="14,1,10,1,52,3,54,2" doraHai="121" who="3" fromWho="0" sc="228,-183,231,0,271,0,270,183" owari="45,-45.5,231,-16.9,271,7.1,453,55.3" /></mjloggm>