<mjloggm ver="2.3"><GO type="225" lobby="0"/><UN n0="%E3%83%B4%E3%82%A3%E3%83%AF%E3%82%B3%E3%82%B0%E3%83%8B" n1="%E3%81%A1%E3%82%85%E3%81%86%E3%81%A9%E3%81%8F%E8%B1%A1%E3%81%95%E3%82%93" n2="%53%63%61%6E%64%61%6C" n3="%73%6C%69%63%6B%33%31%39" dan="16,17,16,17" rate="2167.37,2182.05,2118.74,2201.84" sx="M,M,M,M"/><TAIKYOKU oya="0"/><INIT seed="0,0,0,3,2,127" ten="250,250,250,250" oya="0" hai0="46,117,74,41,35,39,91,83,43,80,93,20,5" hai1="92,2,89,128,38,49,119,112,32,73,30,9,85" hai2="122,0,15,50,75,67,98,79,55,60,14,44,57" hai3="94,22,99,3,124,48,120,6,84,34,19,109,111"/><T51/><D117/><U24/><E119/><V16/><F122/><W11/><G84/><T90/><D35/><U28/><E38/><V108/><F0/><W118/><G118/><T4/><D74/><U61/><E73/><V59/><F108/><N who="3" m="41547" /><G124/><T101/><D39/><U29/><E112/><V12/><F98/><W69/><G69/><T70/><D70/><U58/><E49/><V123/><F123/><W95/><G34/><T26/><D41/><U86/><E86/><V77/><F75/><W114/><G120/><T88/><D101/><U68/><E68/><V62/><REACH who="2" step="1"/><F16/><REACH who="2" ten="250,250,240,250" step="2"/><W36/><G99/><T82/><REACH who="0" step="1"/><D93/><REACH who="0" ten="240,250,240,250" step="2"/><U33/><E92/><V106/><F106/><W72/><G72/><T132/><D132/><U104/><E104/><V17/><F17/><AGARI ba="0,2" hai="4,5,17,20,26,43,46,51,80,82,83,88,90,91" machi="17" ten="40,12000,1" yaku="1,1,8,1,54,1,53,1" doraHai="127" doraHaiUra="42" who="0" fromWho="2" sc="240,140,250,0,240,-120,250,0" /><INIT seed="0,1,0,4,5,36" ten="380,250,120,250" oya="0" hai0="134,80,79,76,93,127,91,55,66,59,73,133,108" hai1="52,125,31,77,135,82,70,114,8,29,57,1,0" hai2="69,117,118,15,128,126,16,85,12,10,115,102,49" hai3="67,42,14,61,43,98,109,68,87,2,40,33,38"/><T100/><D66/><U129/><E70/><V46/><F69/><W84/><G2/><T65/><D65/><U132/><E125/><V86/><F115/><W74/><G38/><T121/><D121/><U119/><E119/><N who="2" m="45579" /><F128/><W54/><G74/><T95/><D127/><U9/><E129/><V11/><F126/><W34/><G109/><T23/><D108/><U53/><E114/><V45/><F102/><W106/><G54/><N who="1" m="21098" /><E57/><V48/><F48/><W22/><G22/><T6/><D55/><U104/><E104/><V37/><F37/><W75/><G75/><T124/><D59/><U123/><E123/><V110/><F110/><W107/><G14/><T39/><D39/><U112/><E112/><V78/><F78/><W113/><G113/><T97/><D124/><U13/><E13/><V5/><F45/><W103/><REACH who="3" step="1"/><G106/><REACH who="3" ten="380,250,120,240" step="2"/><T56/><D73/><U25/><E0/><V72/><F72/><W41/><N who="3" m="10240" /><DORA hai="35" /><W63/><G63/><T20/><D20/><U122/><E1/><V3/><F46/><W28/><G28/><T47/><D23/><U116/><E29/><V96/><F49/><W111/><G111/><T131/><D47/><U21/><E116/><V62/><F62/><W30/><G30/><T4/><D131/><U19/><E31/><V88/><F12/><W92/><G92/><AGARI ba="1,1" hai="3,5,10,11,15,16,85,86,88,92,96" m="45579" machi="92" ten="30,7700,0" yaku="12,1,52,1,54,2" doraHai="36,35" who="2" fromWho="3" sc="380,0,250,0,120,90,240,-80" /><INIT seed="1,0,0,1,5,39" ten="380,250,210,160" oya="1" hai0="61,41,9,98,83,120,104,36,79,82,63,26,64" hai1="35,96,77,115,56,133,44,55,21,123,135,94,132" hai2="37,40,119,11,127,134,72,118,71,73,66,31,124" hai3="59,42,110,90,12,52,14,17,0,54,57,47,30"/><U28/><E123/><V78/><F134/><W130/><G0/><T6/><D120/><U23/><E115/><V131/><F131/><W24/><G130/><T48/><D36/><U114/><E114/><V85/><F85/><W93/><G110/><T87/><D26/><N who="1" m="18839" /><E77/><V49/><F49/><N who="3" m="26871" /><G30/><T51/><D41/><U67/><E67/><V60/><F31/><W117/><G117/><N who="2" m="44553" /><F11/><W122/><G122/><T107/><D82/><U113/><E44/><N who="2" m="23567" /><F78/><W58/><G24/><T29/><D87/><U105/><E105/><V4/><F4/><W80/><G80/><T7/><D83/><U76/><E76/><V16/><F16/><W15/><G17/><T70/><D79/><U5/><E5/><V126/><AGARI ba="0,0" hai="60,66,71,72,73,124,126,127" m="23567,44553" machi="126" ten="40,5200,0" yaku="18,1,23,1,52,1" doraHai="39" who="2" fromWho="2" sc="380,-13,250,-26,210,52,160,-13" /><INIT seed="2,0,0,3,2,111" ten="367,224,262,147" oya="2" hai0="75,87,82,33,11,4,20,123,3,85,47,103,97" hai1="134,130,119,114,116,104,79,122,46,71,21,39,41" hai2="22,107,86,102,7,64,37,53,76,50,118,67,129" hai3="43,65,1,45,69,90,27,115,29,48,61,10,77"/><V101/><F129/><W60/><G77/><T124/><D33/><U84/><E104/><V96/><F118/><N who="1" m="45097" /><E21/><V40/><F102/><W49/><G1/><T28/><D124/><U36/><E79/><V133/><F133/><W57/><G10/><T59/><D123/><U100/><E100/><V0/><F22/><W93/><G49/><T63/><D47/><N who="1" m="23975" /><E84/><V51/><F86/><W38/><G115/><T135/><D63/><U55/><E134/><V32/><F76/><W6/><G6/><T31/><D59/><U120/><E130/><V78/><F78/><W113/><G113/><T125/><D125/><U54/><E71/><V16/><F32/><W70/><G38/><T24/><D135/><U25/><E25/><V95/><F107/><W73/><G73/><T42/><D31/><U12/><E12/><V26/><F26/><W89/><G93/><T92/><D75/><U98/><E98/><V112/><F0/><W19/><G19/><T23/><D85/><U68/><E68/><V9/><F101/><W131/><G131/><T17/><D87/><U72/><E72/><V30/><F30/><W128/><G128/><T88/><D103/><U106/><E106/><V74/><F74/><W110/><G110/><T91/><D82/><U14/><E14/><V127/><F127/><W80/><G80/><T99/><D23/><U5/><E5/><V2/><F7/><W81/><G81/><T132/><D4/><U62/><E114/><V109/><F112/><W56/><G69/><T108/><D3/><U94/><E120/><V83/><F109/><W121/><G121/><RYUUKYOKU ba="0,0" sc="367,0,224,0,262,0,147,0" /><INIT seed="3,1,0,4,2,106" ten="367,224,262,147" oya="3" hai0="3,22,58,26,23,84,97,108,40,120,49,48,32" hai1="111,83,88,20,107,113,60,17,99,118,73,116,21" hai2="45,42,5,122,125,61,103,18,78,29,1,133,119" hai3="67,76,34,38,81,14,2,35,12,91,74,13,46"/><W109/><G67/><T96/><D3/><U53/><E113/><V114/><F114/><W4/><G91/><T64/><D32/><U130/><E111/><V86/><F86/><W63/><G63/><T75/><D108/><U128/><E107/><V135/><F78/><W102/><G102/><T94/><D75/><U123/><E123/><V85/><F103/><W54/><G54/><T110/><D110/><U87/><E99/><V16/><F61/><W66/><G66/><T129/><D129/><N who="1" m="49771" /><E73/><V127/><F85/><W33/><G109/><T51/><D48/><U79/><E79/><V8/><F29/><W134/><G134/><N who="2" m="51209" /><F119/><N who="1" m="45609" /><E17/><N who="2" m="6763" /><F122/><W92/><G92/><T65/><D94/><U57/><AGARI ba="1,0" hai="20,21,53,57,60,83,87,88" m="45609,49771" machi="57" ten="40,5200,0" yaku="19,1,12,1,54,1" doraHai="106" who="1" fromWho="1" sc="367,-14,224,55,262,-14,147,-27" owari="353,45.3,279,7.9,248,-15.2,120,-38.0" /></mjloggm>