<mjloggm ver="2.3"><GO type="225" lobby="0"/><UN n0="%E3%81%B5%E3%81%98%E3%81%8B%E3%81%A4" n1="%E3%81%8B%E3%82%8F%E3%81%A1%E3%82%83%E3%82%93%35%38" n2="%E3%82%AF%E3%82%A3%E3%82%A6" n3="%E3%83%97%E3%83%92" dan="16,16,16,16" rate="2104.90,2132.62,2082.39,2177.19" sx="M,M,M,M"/><TAIKYOKU oya="0"/><INIT seed="0,0,0,4,1,9" ten="250,250,250,250" oya="0" hai0="74,122,11,3,120,33,93,15,26,86,21,123,87" hai1="30,57,55,66,63,129,64,127,108,60,99,134,2" hai2="124,94,71,130,8,22,34,98,47,53,67,135,83" hai3="46,32,54,95,48,100,38,73,29,79,69,102,128"/><T101/><D74/><U88/><E2/><V50/><F34/><W90/><G128/><T121/><N who="0" m="30720" /><DORA hai="125" /><T10/><D33/><U20/><E108/><V92/><F124/><W18/><G69/><T113/><D113/><U5/><E5/><V77/><F135/><W4/><G4/><T131/><D131/><U117/><E117/><V6/><F22/><W17/><G38/><T12/><D101/><U45/><E134/><V40/><F130/><W110/><G110/><T23/><D93/><N who="1" m="56743" /><E127/><V27/><F27/><W7/><G7/><N who="0" m="1407" /><D87/><U105/><E105/><V111/><F111/><W58/><G100/><T49/><D49/><N who="1" m="29103" /><E129/><V70/><F67/><N who="1" m="25641" /><E57/><V103/><F92/><W104/><G104/><T37/><D37/><U0/><E0/><V114/><F114/><W16/><G102/><T106/><D106/><U56/><E56/><V112/><F112/><W82/><G58/><T91/><D91/><U84/><E84/><N who="2" m="48239" /><F53/><W81/><G73/><T59/><D86/><U126/><E126/><V39/><F39/><W68/><G68/><T119/><D59/><U35/><E35/><V89/><F89/><W28/><G32/><T31/><D119/><U1/><E1/><V80/><F80/><N who="3" m="30827" /><G79/><T24/><D11/><U44/><E44/><V51/><F51/><W61/><G61/><T41/><D41/><U96/><E96/><AGARI ba="0,0" hai="16,17,18,28,29,46,48,54,90,95,96" m="30827" machi="96" ten="30,2000,0" yaku="8,1,54,1" doraHai="9,125" who="3" fromWho="1" sc="250,0,250,-20,250,0,250,20" /><INIT seed="1,0,0,1,2,117" ten="250,230,250,270" oya="1" hai0="83,69,102,75,41,98,9,135,0,129,81,48,59" hai1="57,82,74,63,55,25,97,114,90,103,94,127,116" hai2="128,131,10,118,21,5,11,78,111,7,31,40,16" hai3="53,49,84,76,19,33,30,88,14,17,119,54,123"/><U66/><E114/><V92/><F78/><W32/><G119/><T26/><D69/><U101/><E116/><V105/><F105/><W65/><G123/><T85/><D135/><U50/><E127/><V56/><F118/><W132/><G65/><T61/><D129/><N who="2" m="49738" /><F40/><W13/><G76/><T29/><D75/><U18/><E74/><V44/><F44/><W46/><G132/><T39/><D39/><U36/><E36/><V3/><F92/><W86/><G30/><T2/><D41/><U20/><REACH who="1" step="1"/><E82/><REACH who="1" ten="250,220,250,270" step="2"/><V28/><F111/><W99/><G33/><T43/><D83/><U104/><E104/><V112/><F112/><W133/><G32/><T24/><D81/><U91/><E91/><V68/><F68/><AGARI ba="0,1" hai="18,20,25,50,55,57,63,66,68,90,94,97,101,103" machi="68" ten="30,11600,0" yaku="1,1,7,1,53,2" doraHai="117" doraHaiUra="96" who="1" fromWho="2" sc="250,0,220,126,250,-116,270,0" /><INIT seed="1,1,0,1,1,104" ten="250,346,134,270" oya="1" hai0="100,4,101,93,72,1,55,107,124,49,83,70,7" hai1="86,129,36,94,38,128,45,95,64,21,109,123,5" hai2="63,132,78,0,56,111,9,96,105,30,26,92,71" hai3="99,114,90,62,13,24,39,47,50,97,25,118,46"/><U28/><E123/><V10/><F111/><W135/><G114/><T87/><D70/><U17/><E28/><V127/><F127/><W110/><G110/><T66/><D124/><U73/><E64/><V98/><F132/><W122/><G39/><T103/><D107/><U125/><E5/><V16/><F78/><W115/><G115/><T8/><D66/><U31/><E31/><V29/><F71/><W35/><G35/><T67/><D7/><U74/><E125/><V15/><F105/><W88/><G50/><T68/><D93/><N who="1" m="35339" /><E86/><V116/><F116/><W51/><G118/><T18/><D18/><U37/><E45/><V126/><F126/><W59/><G46/><T33/><D33/><U34/><E34/><V2/><F9/><W57/><G47/><T120/><D120/><U89/><E89/><V22/><F30/><W112/><G90/><T113/><D113/><U65/><E65/><V77/><F77/><W81/><G88/><T11/><D11/><U80/><E80/><V27/><F27/><W40/><G25/><T134/><D134/><U42/><E42/><V23/><F23/><W119/><G24/><T69/><D67/><U133/><E109/><V84/><F84/><W52/><G81/><T54/><D87/><U121/><E121/><V43/><F43/><W60/><G40/><T48/><D55/><U32/><E32/><V75/><F0/><W85/><G135/><T44/><REACH who="0" step="1"/><D49/><REACH who="0" ten="240,346,134,270" step="2"/><U6/><E133/><V53/><F2/><W79/><G122/><T131/><D131/><N who="1" m="50251" /><E6/><V108/><F108/><W130/><G130/><T117/><D117/><RYUUKYOKU ba="1,1" sc="240,15,346,15,134,-15,270,-15" hai0="1,4,8,44,48,54,68,69,72,83,100,101,103" hai1="17,21,36,37,38,73,74" /><INIT seed="1,2,1,4,5,49" ten="255,361,119,255" oya="1" hai0="99,15,77,88,5,48,59,97,96,83,134,35,102" hai1="118,93,24,125,10,14,27,52,63,116,109,82,54" hai2="98,120,106,2,51,75,28,92,122,26,133,30,101" hai3="21,36,39,3,60,129,17,105,11,78,111,57,132"/><U12/><E118/><V55/><F133/><W42/><G132/><T33/><D134/><U68/><E116/><V29/><F75/><W41/><G105/><T34/><D102/><U112/><E112/><V22/><F2/><W7/><G111/><T124/><D124/><U110/><E125/><V32/><F106/><W89/><G78/><T19/><D5/><U45/><E45/><V18/><REACH who="2" step="1"/><F32/><REACH who="2" ten="255,361,109,255" step="2"/><W81/><G129/><T128/><D128/><U43/><E110/><V61/><F61/><W108/><G108/><T40/><D34/><U69/><E63/><V4/><F4/><W115/><G115/><T74/><D35/><U76/><E109/><V47/><AGARI ba="2,2" hai="18,22,26,28,29,30,47,51,55,92,98,101,120,122" machi="47" ten="30,7900,0" yaku="1,1,0,1,52,1,53,1" doraHai="49" doraHaiUra="91" who="2" fromWho="2" sc="255,-22,361,-41,109,105,255,-22" /><INIT seed="2,0,0,5,5,62" ten="233,320,214,233" oya="2" hai0="119,52,35,102,71,131,45,104,1,43,16,39,88" hai1="30,40,108,47,7,94,64,27,41,73,121,58,12" hai2="0,25,54,67,124,86,21,3,26,107,92,23,32" hai3="133,77,38,84,125,109,132,46,48,24,2,72,128"/><V91/><F107/><W123/><G123/><T135/><D1/><U10/><E73/><V126/><F32/><W17/><G2/><T89/><D35/><U101/><E108/><V93/><F54/><W78/><G109/><T70/><D104/><U37/><E47/><V44/><F44/><W31/><G38/><T96/><D131/><U61/><E37/><V110/><F110/><W53/><G72/><T55/><D135/><U11/><E11/><V99/><F86/><W95/><G128/><T6/><D6/><U66/><E121/><V57/><F57/><W120/><G17/><T75/><D75/><U90/><E66/><V129/><F129/><W111/><G120/><T87/><D119/><U116/><E101/><V115/><F91/><N who="3" m="53735" /><G111/><T14/><D89/><U122/><E116/><V49/><F49/><W112/><G112/><T15/><D15/><U8/><E8/><V13/><F13/><W114/><G125/><T118/><D118/><U83/><E83/><V36/><F36/><W100/><G100/><T51/><D71/><U20/><E122/><V97/><F115/><W69/><G69/><T130/><D70/><U33/><E33/><V85/><F85/><AGARI ba="0,0" hai="7,10,12,20,27,30,40,41,58,61,64,85,90,94" machi="85" ten="30,3900,0" yaku="7,1,8,1,52,1" doraHai="62" who="1" fromWho="2" sc="233,0,320,39,214,-39,233,0" /><INIT seed="3,0,0,5,5,95" ten="233,359,175,233" oya="3" hai0="30,110,12,84,61,101,131,11,59,45,71,113,121" hai1="80,63,58,126,57,93,32,111,10,99,77,48,68" hai2="34,21,24,73,28,94,33,27,122,75,83,46,62" hai3="128,22,112,55,25,40,69,114,43,54,88,133,53"/><W118/><G118/><T123/><D71/><U8/><E32/><V90/><F122/><W100/><G69/><T52/><D110/><U37/><E37/><V23/><F83/><W117/><G117/><T97/><D131/><U49/><E68/><V9/><F9/><W92/><G128/><T85/><D30/><U1/><E126/><V18/><F46/><W65/><G65/><T91/><D45/><U78/><E111/><V26/><F62/><W17/><G100/><T105/><D85/><N who="1" m="48271" /><E78/><V124/><F124/><W116/><G116/><T120/><D113/><U14/><E8/><V51/><F51/><N who="1" m="19529" /><E63/><V109/><F109/><W129/><G133/><T60/><D60/><U74/><E74/><V16/><REACH who="2" step="1"/><F34/><REACH who="2" ten="233,359,165,233" step="2"/><W87/><REACH who="3" step="1"/><G129/><REACH who="3" ten="233,359,165,223" step="2"/><T67/><D123/><U86/><E1/><V4/><F4/><W5/><G5/><T6/><D67/><U132/><E132/><V0/><F0/><W56/><G56/><T96/><D121/><U119/><E119/><V64/><F64/><W44/><G44/><T135/><D135/><U42/><E58/><V107/><F107/><W89/><G89/><T103/><D120/><U31/><E57/><V50/><F50/><W7/><G7/><T15/><D105/><U70/><E70/><V38/><F38/><W29/><G29/><T72/><D59/><U2/><E31/><V76/><F76/><W82/><G82/><T3/><D6/><U127/><E2/><V36/><F36/><W106/><G106/><T13/><D103/><U39/><E39/><V19/><F19/><W35/><G35/><T20/><D101/><RYUUKYOKU ba="0,2" sc="233,-15,359,-15,165,15,223,15" hai2="16,18,21,23,24,26,27,28,33,73,75,90,94" hai3="17,22,25,40,43,53,54,55,87,88,92,112,114" /><INIT seed="3,1,2,0,0,101" ten="218,344,180,238" oya="3" hai0="48,86,49,17,58,9,22,81,10,69,90,98,3" hai1="83,109,19,80,1,130,72,24,119,2,50,66,28" hai2="52,63,95,38,85,77,30,123,99,92,4,26,91" hai3="134,114,113,37,20,127,64,82,51,93,121,27,56"/><W65/><G121/><T55/><D69/><U110/><E130/><V76/><F38/><W70/><G37/><T61/><D3/><U102/><E119/><V33/><F4/><W74/><G70/><T125/><D125/><U25/><E102/><V75/><F123/><W108/><G127/><T133/><D133/><U71/><E50/><N who="0" m="19561" /><D98/><U14/><E66/><V128/><F128/><W135/><G93/><T62/><D62/><U111/><E71/><V131/><F131/><W47/><G108/><T97/><D97/><U73/><E80/><V29/><F75/><N who="1" m="28745" /><E83/><V46/><F30/><N who="3" m="17767" /><G82/><T34/><D34/><N who="1" m="20743" /><E25/><AGARI ba="1,2" hai="9,10,17,22,25,55,58,61,81,86,90" m="19561" machi="25" ten="30,1000,0" yaku="8,1" doraHai="101" who="0" fromWho="1" sc="218,33,344,-13,180,0,238,0" owari="251,5.1,331,43.1,180,-32.0,238,-16.2" /></mjloggm>