<mjloggm ver="2.3"><GO type="225" lobby="0"/><UN n0="%6D%75%75%6D%75%72%61" n1="%E5%A4%96%E5%B7%9D%E7%AB%9C%E6%88%90" n2="%E5%8F%AF%E5%85%90%E9%82%A3%E7%94%B1%E5%A4%9A" n3="%E4%B8%96%E7%95%8C%E3%81%AE%E4%BA%80%E4%BA%95" dan="16,16,16,17" rate="2150.37,2212.74,2183.74,2201.41" sx="F,M,F,M"/><TAIKYOKU oya="0"/><INIT seed="0,0,0,2,2,52" ten="250,250,250,250" oya="0" hai0="7,27,96,101,34,42,116,20,5,30,89,10,49" hai1="50,45,70,100,97,78,51,1,14,23,111,44,47" hai2="114,86,112,11,15,61,123,118,4,8,28,121,93" hai3="91,110,77,26,92,103,35,2,65,29,106,122,53"/><T31/><D116/><U117/><E117/><V82/><F93/><W81/><G2/><T135/><D135/><U3/><E70/><V72/><F72/><W83/><G110/><T126/><D126/><U119/><E119/><V94/><F94/><W129/><G129/><T43/><D89/><U39/><E39/><V128/><F118/><W79/><G65/><T85/><D85/><U98/><E78/><V75/><F75/><W66/><G66/><T57/><D34/><U104/><E98/><V127/><F128/><W24/><G53/><N who="0" m="31919" /><D31/><U58/><E51/><V32/><F127/><W33/><G91/><T0/><D0/><U132/><E132/><V130/><F130/><W76/><G92/><N who="0" m="58503" /><D10/><U69/><E69/><V125/><F125/><W17/><G122/><T134/><D134/><U115/><E115/><N who="2" m="44075" /><F11/><W46/><G103/><T67/><D67/><U105/><E105/><V36/><F36/><W120/><G106/><T68/><D68/><U19/><E111/><V55/><F28/><W56/><G120/><T22/><D22/><U6/><E1/><V131/><F32/><W59/><G29/><T84/><D84/><U74/><E74/><V18/><F131/><W109/><G76/><T9/><D9/><U90/><E90/><N who="2" m="51543" /><F4/><AGARI ba="0,0" hai="4,5,7,20,27,30,42,43" m="58503,31919" machi="4" ten="30,2900,0" yaku="8,1,52,1" doraHai="52" who="0" fromWho="2" sc="250,29,250,0,250,-29,250,0" /><INIT seed="0,1,0,4,2,97" ten="279,250,221,250" oya="0" hai0="35,31,102,121,56,66,7,39,90,108,27,45,17" hai1="77,57,51,96,63,13,80,25,122,76,33,5,8" hai2="36,86,113,72,127,91,85,81,110,59,112,123,50" hai3="129,99,107,132,88,95,124,98,103,10,37,67,104"/><T84/><D121/><U74/><E122/><V82/><F36/><W54/><G37/><T133/><D133/><U109/><E109/><V60/><F123/><W32/><G32/><T29/><D108/><U55/><E77/><V40/><F110/><W20/><G124/><T89/><D7/><U44/><E96/><V30/><F127/><W16/><G129/><T19/><D31/><U130/><E130/><V115/><F72/><W111/><G111/><T42/><D102/><U21/><E33/><V18/><F30/><W119/><G119/><T69/><D69/><U120/><E120/><V4/><F4/><W64/><G132/><T118/><D118/><U52/><E21/><V68/><F68/><W53/><G10/><T71/><D71/><U92/><E92/><V101/><F18/><W11/><G11/><T2/><D2/><U94/><E94/><V23/><F23/><W24/><REACH who="3" step="1"/><G107/><REACH who="3" ten="279,250,221,240" step="2"/><T116/><D116/><U105/><REACH who="1" step="1"/><E25/><REACH who="1" ten="279,240,221,240" step="2"/><V6/><F115/><W26/><G26/><T47/><D27/><U70/><E70/><V28/><F113/><W0/><G0/><T134/><D134/><U61/><E61/><V34/><F112/><W62/><G62/><T131/><D131/><U46/><E46/><N who="2" m="25927" /><F34/><W38/><G38/><T41/><D35/><U3/><E3/><V100/><F28/><W49/><G49/><N who="0" m="26799" /><D29/><U65/><E65/><AGARI ba="1,2" hai="16,20,24,53,54,64,65,67,88,95,98,99,103,104" machi="65" ten="40,8000,1" yaku="1,1,52,1,54,2,53,1" doraHai="97" doraHaiUra="14" who="3" fromWho="1" sc="279,0,240,-83,221,0,240,103" /><INIT seed="1,0,0,5,5,47" ten="279,157,221,343" oya="1" hai0="116,121,57,119,65,27,123,24,61,122,26,56,50" hai1="78,131,43,79,0,99,72,98,133,22,9,91,63" hai2="75,23,111,104,15,85,4,132,25,114,113,19,108" hai3="18,14,45,127,7,87,95,124,2,42,52,97,29"/><U107/><E131/><V54/><F75/><W71/><G71/><T36/><REACH who="0" step="1"/><D36/><REACH who="0" ten="269,157,221,343" step="2"/><U48/><E133/><V40/><F132/><W128/><G124/><T67/><D67/><U81/><E79/><V44/><F113/><W39/><G127/><T73/><D73/><U74/><E74/><V92/><F114/><W20/><G128/><T109/><D109/><U41/><E63/><V68/><F111/><W16/><G39/><T64/><D64/><U135/><E135/><V93/><F108/><W11/><G42/><T103/><D103/><U58/><E41/><V49/><F40/><W32/><G52/><AGARI ba="0,1" hai="24,26,27,50,52,56,57,61,65,116,119,121,122,123" machi="52" ten="50,8000,1" yaku="21,2,13,1,52,1,54,1,53,0" doraHai="47" doraHaiUra="105" who="0" fromWho="3" sc="269,90,157,0,221,0,343,-80" /><INIT seed="2,0,0,0,1,45" ten="359,157,221,263" oya="2" hai0="33,76,10,129,125,0,101,27,36,64,87,53,48" hai1="7,35,121,115,41,112,133,102,61,46,6,81,43" hai2="105,119,120,90,95,50,71,114,100,134,32,1,29" hai3="78,59,80,85,30,69,42,99,113,107,49,77,97"/><V122/><F1/><W26/><G69/><T123/><D123/><U82/><E35/><V55/><F71/><W109/><G109/><T117/><D117/><U5/><E121/><V52/><F119/><W34/><G113/><T21/><D36/><U94/><E133/><V54/><F114/><W126/><G126/><T60/><D33/><U65/><E115/><V98/><F134/><W25/><G25/><T16/><D125/><U116/><E116/><V24/><REACH who="2" step="1"/><F50/><REACH who="2" ten="359,157,211,263" step="2"/><W51/><G51/><T28/><D0/><U18/><E112/><V84/><AGARI ba="0,1" hai="24,29,32,52,54,55,84,90,95,98,100,105,120,122" machi="84" ten="30,18000,2" yaku="1,1,2,1,0,1,54,1,53,2" doraHai="45" doraHaiUra="118" who="2" fromWho="2" sc="359,-60,157,-60,211,190,263,-60" /><INIT seed="2,1,0,5,2,29" ten="299,97,401,203" oya="2" hai0="13,8,122,49,77,57,22,106,6,50,41,120,118" hai1="80,73,108,85,3,89,117,10,24,101,35,31,135" hai2="34,42,129,104,20,130,109,38,97,51,60,48,39" hai3="121,111,59,36,125,76,105,56,86,2,47,62,88"/><V30/><F20/><W90/><G121/><T33/><D33/><U115/><E117/><V44/><F109/><W23/><G2/><T128/><D106/><U63/><E115/><V45/><F104/><W107/><G125/><T74/><D118/><U103/><E135/><V113/><F97/><W84/><G76/><T66/><D128/><N who="2" m="49258" /><F113/><W5/><G5/><T72/><D22/><U40/><E108/><V112/><F112/><W0/><G0/><T93/><D93/><U55/><E40/><N who="2" m="24615" /><F60/><W92/><G62/><T68/><D49/><U32/><E32/><V11/><F11/><W132/><G23/><T123/><D50/><U131/><E131/><V52/><F42/><W91/><G105/><T1/><D41/><U37/><E37/><V94/><F94/><W58/><G92/><T14/><D120/><U71/><E71/><V9/><F9/><W15/><G107/><T99/><D68/><U134/><E134/><V61/><F61/><W124/><G111/><T28/><D8/><U82/><E10/><V25/><AGARI ba="1,0" hai="25,30,34,38,39,44,51,52" m="24615,49258" machi="25" ten="30,6000,0" yaku="19,1,52,1,54,1" doraHai="29" who="2" fromWho="2" sc="299,-21,97,-21,401,63,203,-21" /><INIT seed="2,2,0,5,0,124" ten="278,76,464,182" oya="2" hai0="63,114,78,57,91,58,121,87,85,80,54,112,104" hai1="105,98,76,93,0,134,94,64,15,62,102,26,23" hai2="74,61,77,10,49,25,29,126,97,60,75,36,42" hai3="122,52,70,28,20,107,71,34,132,72,40,101,7"/><V67/><F126/><W16/><G122/><T37/><D121/><U35/><E134/><V17/><F36/><W118/><G118/><T8/><D37/><U129/><E0/><V73/><F97/><W90/><G132/><T59/><D104/><U89/><E15/><V108/><F108/><W53/><G40/><T39/><D39/><U103/><E76/><V68/><F60/><W109/><G7/><T41/><D41/><U133/><E133/><V44/><F17/><W9/><G9/><T125/><D125/><U22/><E103/><V79/><REACH who="2" step="1"/><F10/><REACH who="2" ten="278,76,454,182" step="2"/><W12/><G16/><T1/><D8/><U113/><E113/><V83/><F83/><W116/><G109/><T5/><D80/><U115/><E115/><V69/><F69/><W48/><G70/><T6/><D63/><U47/><E62/><V86/><F86/><W95/><G71/><T130/><D85/><U13/><E98/><V31/><F31/><W55/><G28/><T19/><D87/><U92/><E102/><V4/><F4/><W100/><G101/><T106/><D6/><U135/><E135/><V33/><AGARI ba="2,1" hai="25,29,33,42,44,49,61,67,68,73,74,75,77,79" machi="33" ten="30,6000,0" yaku="1,1,0,1,53,1" doraHai="124" doraHaiUra="38" who="2" fromWho="2" sc="278,-22,76,-22,454,76,182,-22" /><INIT seed="2,3,0,5,0,80" ten="256,54,530,160" oya="2" hai0="5,24,34,132,4,31,3,99,45,11,55,114,22" hai1="14,94,69,57,72,10,54,102,41,9,66,2,75" hai2="6,52,126,64,87,119,65,15,13,85,101,104,67" hai3="68,76,125,44,106,43,33,71,0,25,120,83,82"/><V18/><F119/><W7/><G120/><T133/><D114/><U109/><E109/><V92/><F126/><W19/><G106/><T124/><D124/><U63/><E2/><V59/><F104/><W38/><G83/><T58/><D45/><U40/><E75/><V8/><F101/><W26/><G26/><T60/><D5/><U50/><E72/><V47/><F47/><W21/><G33/><T73/><D73/><U93/><E9/><N who="2" m="6511" /><F92/><W23/><G23/><T88/><D34/><U108/><E108/><V48/><AGARI ba="3,0" hai="6,8,13,48,52,59,64,65,67,85,87" m="6511" machi="48" ten="30,11700,0" yaku="8,1,52,2,54,1" doraHai="80" who="2" fromWho="2" sc="256,-42,54,-42,530,126,160,-42" /><INIT seed="2,4,0,2,1,91" ten="214,12,656,118" oya="2" hai0="3,40,53,123,17,86,5,115,117,72,107,60,54" hai1="122,97,99,63,1,131,119,125,116,32,64,12,43" hai2="109,75,127,70,45,89,83,85,113,11,20,61,35" hai3="114,34,78,52,110,29,81,46,28,23,58,42,65"/><V128/><F113/><W38/><G34/><T26/><D72/><U36/><E1/><V41/><F35/><W88/><G110/><T69/><D123/><U7/><E32/><V100/><F109/><W87/><G114/><T77/><D53/><U6/><E122/><V10/><F127/><W50/><G23/><T133/><D17/><U90/><E125/><V103/><F75/><W19/><G19/><T56/><D107/><U105/><E131/><V94/><F128/><W39/><G39/><T120/><D40/><U25/><E25/><V80/><F20/><W9/><G9/><T18/><D26/><U22/><E43/><V102/><F70/><W62/><REACH who="3" step="1"/><G78/><REACH who="3" ten="214,12,656,108" step="2"/><T59/><D77/><U118/><E36/><V79/><F79/><W96/><G96/><T24/><D18/><N who="1" m="10567" /><E99/><V76/><F76/><W130/><G130/><T57/><D115/><U37/><E37/><V33/><F33/><W14/><G14/><T71/><D120/><U92/><E105/><V16/><F16/><W129/><G129/><T106/><D106/><U135/><E135/><V111/><F111/><W4/><G4/><T15/><D5/><U49/><E49/><V51/><F10/><W30/><G30/><T67/><D133/><U13/><E13/><V73/><F11/><W48/><G48/><T0/><D15/><U121/><E121/><V93/><F51/><W112/><G112/><T82/><D3/><U21/><E21/><V31/><F31/><W47/><AGARI ba="4,1" hai="28,29,38,42,46,47,50,52,58,62,65,81,87,88" machi="47" ten="20,12000,2" yaku="1,1,0,1,7,1,54,2,53,2" doraHai="91" doraHaiUra="27" who="3" fromWho="3" sc="214,-34,12,-34,656,-64,108,142" owari="180,-22.0,-22,-52.2,592,69.2,250,5.0" /></mjloggm>