<mjloggm ver="2.3"><GO type="225" lobby="0"/><UN n0="%E3%82%BC%E3%83%AB%E3%83%80%E3%81%AE%E4%BC%9D%E8%AA%AC" n1="%E3%82%8C%E3%81%99%E3%81%93" n2="%E6%98%93%E5%88%A9%E8%96%A9%E4%BC%AF" n3="%E5%B8%86%E7%AB%8B%E5%A4%8F%E8%A1%A3" dan="17,17,16,17" rate="2160.23,2176.08,2096.22,2137.54" sx="M,F,F,M"/><TAIKYOKU oya="0"/><INIT seed="0,0,0,5,0,73" ten="250,250,250,250" oya="0" hai0="40,1,2,69,117,63,124,109,39,14,75,118,77" hai1="71,46,29,23,80,115,5,96,67,81,22,108,100" hai2="54,135,47,99,28,34,89,9,82,33,4,13,88" hai3="35,102,6,128,127,66,51,38,58,92,83,110,60"/><T18/><D124/><U41/><E108/><V120/><F120/><W68/><G110/><T116/><D109/><U72/><E115/><V84/><F135/><W43/><G127/><T91/><D91/><U104/><E5/><V98/><F28/><W59/><G128/><T85/><D85/><U114/><E114/><V122/><F122/><W7/><G35/><T76/><D14/><U16/><E29/><V119/><F119/><W61/><G38/><T48/><D18/><U125/><E125/><V131/><F131/><W32/><G32/><T79/><D75/><U10/><E10/><V53/><F53/><W15/><G68/><T86/><D86/><U62/><E23/><V132/><F132/><W42/><G83/><T25/><D25/><U103/><E103/><V87/><F34/><W112/><G112/><T8/><D39/><U93/><E104/><V74/><F33/><W0/><G0/><T64/><REACH who="0" step="1"/><D8/><REACH who="0" ten="240,250,250,250" step="2"/><U65/><E72/><V31/><F74/><W129/><G15/><T70/><D70/><U20/><E16/><V37/><F31/><W56/><G129/><T27/><D27/><U130/><E130/><V123/><F37/><W19/><G19/><T24/><D24/><U94/><E71/><V30/><F30/><W107/><G6/><T3/><D3/><U111/><E111/><V78/><F123/><W106/><G7/><T95/><D95/><U57/><E93/><N who="2" m="54407" /><F89/><W105/><G92/><T121/><D121/><U21/><REACH who="1" step="1"/><E67/><REACH who="1" ten="240,240,250,250" step="2"/><V97/><F4/><W55/><G102/><T101/><D101/><U45/><E45/><AGARI ba="0,2" hai="1,2,40,45,48,63,64,69,76,77,79,116,117,118" machi="45" ten="50,12000,1" yaku="1,1,52,3,53,0" doraHai="73" doraHaiUra="49" who="0" fromWho="1" sc="240,140,240,-120,250,0,250,0" /><INIT seed="0,1,0,4,1,62" ten="380,120,250,250" oya="0" hai0="122,57,134,118,135,131,3,39,121,59,86,82,16" hai1="22,49,60,92,70,46,40,5,110,74,68,54,97" hai2="43,55,103,111,56,101,107,27,48,124,8,94,32" hai3="112,116,34,29,14,125,38,89,50,35,15,71,47"/><T113/><D3/><U93/><E74/><V73/><F107/><W11/><G38/><T128/><D39/><U130/><E110/><V12/><F111/><W98/><G112/><T7/><D7/><U87/><E130/><N who="0" m="49705" /><D113/><U119/><E119/><V37/><F73/><W83/><G125/><T115/><D115/><U25/><E5/><V41/><F124/><W23/><G71/><T108/><D108/><U24/><E24/><V63/><F37/><W13/><G116/><T58/><D118/><U18/><E87/><V51/><F27/><W26/><G35/><T104/><D104/><U102/><E92/><V9/><F9/><W96/><G34/><T31/><D31/><U66/><REACH who="1" step="1"/><E40/><REACH who="1" ten="380,110,250,250" step="2"/><V72/><F72/><W95/><G83/><T0/><D0/><U78/><E78/><V42/><F94/><W61/><G96/><T67/><D86/><U105/><E105/><V53/><F42/><W69/><G14/><T126/><D82/><U28/><E28/><V44/><F43/><W100/><G13/><T106/><D106/><U114/><E114/><V84/><F84/><W52/><G15/><T36/><D126/><U76/><E76/><V80/><F80/><W79/><G79/><T90/><D122/><U19/><E19/><N who="2" m="8583" /><F32/><W120/><G120/><T20/><D121/><U30/><E30/><V1/><F1/><W75/><G75/><T6/><D6/><U99/><E99/><V65/><F41/><W85/><G11/><T2/><D36/><U127/><E127/><V45/><AGARI ba="1,1" hai="44,45,48,51,53,55,56,63,65,101,103" m="8583" machi="45" ten="30,2000,0" yaku="8,1,52,1" doraHai="62" who="2" fromWho="2" sc="380,-11,110,-6,250,33,250,-6" /><INIT seed="1,0,0,4,5,30" ten="369,104,283,244" oya="1" hai0="33,125,57,81,96,86,74,79,34,119,110,56,105" hai1="116,25,89,27,128,65,91,68,69,93,90,87,44" hai2="43,10,114,70,101,8,15,127,135,117,22,98,46" hai3="97,92,77,62,11,76,23,12,53,48,52,67,73"/><U75/><E116/><V103/><F117/><W121/><G121/><T83/><D119/><U118/><E118/><V84/><F70/><W26/><G73/><T2/><D2/><U104/><E75/><V63/><F135/><W130/><G130/><T38/><D38/><U64/><E104/><V28/><F127/><W40/><G40/><T19/><D125/><U41/><E128/><V112/><F84/><W58/><G12/><T126/><D126/><U13/><E13/><V50/><F63/><W17/><G11/><T1/><D1/><U113/><E113/><N who="2" m="43627" /><F103/><W102/><REACH who="3" step="1"/><G53/><REACH who="3" ten="369,104,283,234" step="2"/><T45/><D74/><U4/><E4/><V32/><F15/><W36/><G36/><T29/><D110/><U133/><E133/><V111/><F111/><W61/><G61/><T129/><D129/><U42/><E93/><N who="2" m="58575" /><F22/><W120/><G120/><T124/><D124/><U71/><E87/><V55/><F43/><W20/><G20/><T66/><D105/><U59/><E42/><V14/><F14/><W51/><G51/><T9/><D86/><U134/><E134/><V123/><F123/><W37/><G37/><T47/><D9/><U100/><E100/><V106/><F106/><W85/><G85/><T132/><D132/><U78/><E78/><V18/><F10/><W60/><G60/><T39/><D79/><U54/><E65/><V107/><F8/><W94/><G94/><T109/><D66/><U7/><E64/><V24/><F107/><W82/><G82/><T108/><D108/><U31/><E7/><V131/><F131/><W115/><G115/><T21/><D109/><RYUUKYOKU ba="0,1" sc="369,-15,104,-15,283,15,234,15" hai2="18,24,28,32,46,50,55" hai3="17,23,26,48,52,58,62,67,76,77,92,97,102" /><INIT seed="2,1,1,0,3,73" ten="354,89,298,249" oya="2" hai0="2,92,8,109,104,11,55,87,115,28,101,54,103" hai1="37,1,132,52,20,34,57,3,26,40,131,53,91" hai2="38,5,23,47,81,58,99,48,33,15,61,65,111" hai3="51,27,129,127,107,72,123,97,74,25,14,68,64"/><V83/><F33/><W35/><G27/><T108/><D115/><U45/><E132/><V50/><F38/><W19/><G123/><T80/><D92/><U56/><E34/><V117/><F117/><W78/><G78/><T106/><D28/><U124/><E124/><V76/><F111/><N who="0" m="42570" /><D54/><U133/><E133/><V105/><F83/><W88/><G51/><T59/><D101/><U86/><E131/><V98/><F105/><N who="0" m="40554" /><D103/><U43/><E43/><N who="2" m="24703" /><F50/><W135/><G135/><T36/><D2/><U94/><E56/><V67/><F67/><W126/><G129/><T24/><D24/><U130/><E130/><V113/><F113/><W49/><G107/><T10/><D36/><U114/><E114/><V134/><F134/><W60/><G49/><N who="0" m="31215" /><D11/><U12/><E53/><V6/><F23/><W82/><G25/><T46/><D46/><U0/><E12/><V79/><F81/><W100/><G100/><T120/><D120/><U90/><E90/><AGARI ba="1,1" hai="8,10,80,87,90" m="31215,40554,42570" machi="90" ten="30,1000,0" yaku="14,1" doraHai="73" who="0" fromWho="1" sc="354,23,89,-13,298,0,249,0" /><INIT seed="3,0,0,4,3,34" ten="377,76,298,249" oya="3" hai0="122,99,42,44,12,37,77,46,113,116,103,102,7" hai1="108,21,19,26,93,109,28,0,11,3,67,107,87" hai2="123,13,90,56,15,22,96,17,81,80,110,47,73" hai3="63,72,75,126,62,129,45,41,5,74,25,86,120"/><W9/><G120/><T36/><D116/><U128/><E67/><V106/><F110/><W100/><G126/><T88/><D122/><U68/><E68/><V52/><F47/><W2/><G129/><T82/><D113/><U24/><E107/><V65/><F65/><W51/><G100/><T48/><D88/><U118/><E93/><N who="2" m="56375" /><F73/><W121/><G121/><T57/><D57/><U114/><E87/><V130/><F106/><W95/><G95/><N who="0" m="58751" /><D46/><U6/><E114/><V35/><F35/><W61/><G86/><N who="0" m="48463" /><D103/><U78/><E78/><V60/><F130/><W4/><G4/><T119/><D119/><U14/><E118/><V39/><F39/><W58/><REACH who="3" step="1"/><G25/><REACH who="3" ten="377,76,298,239" step="2"/><T76/><D76/><U117/><E117/><V1/><F123/><W115/><G115/><T16/><D7/><U89/><E89/><V43/><F1/><N who="1" m="585" /><E128/><V111/><F111/><N who="1" m="42569" /><E26/><N who="2" m="14671" /><F43/><W98/><G98/><T92/><D92/><U104/><E104/><V124/><F124/><W69/><G69/><T30/><D42/><U94/><E94/><V105/><F105/><W23/><G23/><T20/><D20/><U8/><E6/><V38/><F38/><W101/><G101/><T27/><D27/><U29/><E29/><V53/><F81/><W85/><G85/><T50/><D30/><U49/><E49/><V133/><F80/><W125/><G125/><T40/><D36/><U32/><AGARI ba="0,1" hai="8,11,14,19,21,24,28,32" m="42569,585" machi="32" ten="30,12000,2" yaku="14,1,34,2,52,3" doraHai="34" who="1" fromWho="1" sc="377,-30,76,130,298,-30,239,-60" owari="347,44.7,206,-19.4,268,6.8,179,-32.1" /></mjloggm>