<mjloggm ver="2.3"><GO type="225" lobby="0"/><UN n0="%E3%81%BF%E3%81%BF%E3%81%9A" n1="%E7%BD%AA%E5%88%91%E6%B3%95%E5%AE%9A%E4%B8%BB%E7%BE%A9" n2="%E3%81%AA%E3%81%A1%30%39%32%37" n3="%E3%81%8B%E3%82%8F%E3%81%A1%E3%82%83%E3%82%93%35%38" dan="17,16,16,16" rate="2188.01,2174.61,2056.31,2180.76" sx="M,M,M,M"/><TAIKYOKU oya="0"/><INIT seed="0,0,0,1,1,6" ten="250,250,250,250" oya="0" hai0="119,128,75,122,72,41,68,24,69,98,62,14,59" hai1="4,48,29,120,40,97,124,135,47,52,71,99,73" hai2="30,45,117,25,0,58,74,130,95,100,123,49,12" hai3="79,9,61,53,129,54,110,16,112,42,127,102,8"/><T85/><D119/><U1/><E120/><V84/><F0/><W133/><G112/><T89/><D122/><U28/><E73/><V19/><F74/><W43/><G110/><T66/><D128/><U92/><E124/><V13/><F123/><W116/><G116/><T35/><D41/><N who="3" m="15369" /><G127/><T46/><D46/><U101/><E135/><V93/><F130/><W21/><G129/><T121/><D121/><U33/><E33/><V111/><F111/><W114/><G114/><T31/><D69/><U51/><E71/><V108/><F58/><N who="3" m="35023" /><G133/><T56/><D56/><U103/><E4/><V39/><F39/><W91/><G102/><T113/><D113/><U44/><REACH who="1" step="1"/><E1/><REACH who="1" ten="250,240,250,250" step="2"/><V83/><F117/><W106/><G106/><AGARI ba="0,1" hai="28,29,40,44,47,48,51,52,92,97,99,101,103,106" machi="106" ten="30,12000,2" yaku="1,1,2,1,7,1,54,1,53,2" doraHai="6" doraHaiUra="26" who="1" fromWho="3" sc="250,0,240,130,250,0,250,-120" /><INIT seed="1,0,0,4,4,80" ten="250,370,250,130" oya="1" hai0="57,27,4,115,65,56,39,41,105,67,103,72,97" hai1="131,81,37,42,17,6,51,2,69,85,46,70,58" hai2="18,60,117,22,20,130,16,86,76,63,9,31,90" hai3="15,61,107,33,116,21,108,43,100,10,123,0,104"/><U124/><E124/><V92/><F130/><W133/><G123/><T102/><D115/><U24/><E131/><V23/><F117/><W101/><G33/><T30/><D72/><U3/><E3/><V110/><F110/><W126/><G0/><T99/><D4/><U78/><E2/><V74/><F31/><W77/><G21/><T113/><D113/><U95/><E6/><V45/><F74/><W122/><G61/><N who="2" m="23625" /><F76/><W8/><G15/><T55/><D41/><U119/><E119/><V34/><F34/><W96/><G43/><T79/><D79/><U36/><E36/><V68/><F68/><W5/><G5/><T118/><D39/><U12/><E24/><N who="2" m="14343" /><F45/><W50/><G77/><T53/><D118/><U44/><E58/><V49/><F49/><W106/><G116/><T62/><D57/><U88/><E46/><V64/><F64/><W111/><G50/><T26/><D65/><U125/><E37/><V59/><F59/><W121/><G126/><T129/><D129/><U73/><REACH who="1" step="1"/><E125/><REACH who="1" ten="250,360,250,130" step="2"/><V66/><F66/><W84/><G106/><T40/><D26/><U93/><E93/><V132/><F132/><W54/><G133/><T25/><D27/><U75/><E75/><V28/><F28/><W52/><REACH who="3" step="1"/><G96/><REACH who="3" ten="250,360,250,120" step="2"/><T29/><D29/><U91/><E91/><V48/><F48/><W128/><G128/><T1/><D1/><U87/><E87/><AGARI ba="0,2" hai="8,10,52,54,84,87,100,101,104,107,108,111,121,122" machi="87" ten="25,12000,2" yaku="1,1,22,2,52,2,54,1,53,0" doraHai="80" doraHaiUra="14" who="3" fromWho="1" sc="250,0,360,-120,250,0,120,140" /><INIT seed="2,0,0,4,4,23" ten="250,240,250,260" oya="2" hai0="19,132,47,75,18,29,95,78,77,125,116,49,27" hai1="110,48,57,87,2,63,0,135,69,128,25,80,62" hai2="120,109,88,17,12,60,127,32,113,105,126,8,86" hai3="52,28,129,1,9,79,97,13,108,61,7,21,50"/><V30/><F113/><W67/><G108/><T11/><D125/><N who="2" m="47626" /><F105/><W124/><G124/><T130/><D132/><U53/><E110/><V5/><F109/><W84/><G129/><T74/><D130/><U41/><E128/><V44/><F120/><W59/><G97/><T117/><D95/><U90/><E135/><V89/><F44/><W81/><G28/><T43/><D78/><U114/><E114/><V133/><F133/><W85/><G21/><T118/><D11/><U76/><E41/><V102/><F102/><W73/><REACH who="3" step="1"/><G1/><REACH who="3" ten="250,240,250,250" step="2"/><T34/><D77/><U14/><E0/><V35/><F35/><W82/><G82/><T96/><D96/><U46/><E2/><V119/><F32/><W16/><G16/><AGARI ba="0,1" hai="16,18,19,27,29,34,43,47,49,74,75,116,117,118" machi="16" ten="40,5200,0" yaku="12,1,52,1,54,1" doraHai="23" who="0" fromWho="3" sc="250,62,240,0,250,0,250,-52" /><INIT seed="3,0,0,2,4,68" ten="312,240,250,198" oya="3" hai0="54,96,86,65,71,30,118,63,85,18,21,41,49" hai1="107,93,70,15,24,19,42,23,16,97,29,57,62" hai2="131,83,133,38,72,44,47,103,135,39,75,89,84" hai3="56,14,98,76,121,0,94,48,58,7,82,126,127"/><W115/><G0/><T80/><D118/><U64/><E107/><V105/><F103/><W112/><G7/><T106/><D30/><U123/><E123/><V92/><F105/><W6/><G6/><T53/><D41/><U32/><E42/><V34/><F34/><W5/><G5/><T45/><D54/><U31/><E70/><V1/><F1/><W20/><G20/><T109/><D109/><U95/><E32/><V87/><F131/><W122/><G14/><T91/><D106/><U78/><E78/><N who="2" m="46199" /><F47/><W43/><G48/><T114/><D114/><N who="3" m="43561" /><G56/><T59/><D96/><U116/><E116/><V13/><F44/><W111/><G58/><T50/><D50/><U130/><E95/><V40/><F40/><W17/><G17/><T8/><D8/><N who="1" m="6247" /><E130/><V120/><F13/><W61/><G61/><T77/><D71/><U79/><E79/><V36/><F120/><N who="3" m="46187" /><G43/><T108/><D108/><U124/><E124/><N who="3" m="47658" /><G111/><T4/><D4/><U46/><E46/><V26/><F26/><W22/><G22/><T67/><D67/><U117/><E117/><V128/><F128/><W119/><G119/><T35/><D35/><U134/><E134/><AGARI ba="0,0" hai="36,38,39,72,75,87,89,92,133,134,135" m="46199" machi="134" ten="40,8000,1" yaku="20,1,52,3" doraHai="68" who="2" fromWho="1" sc="312,0,240,-80,250,80,198,0" owari="312,11.2,160,-34.0,330,43.0,198,-20.2" /></mjloggm>