<mjloggm ver="2.3"><GO type="225" lobby="0"/><UN n0="%6D%61%6A%69%6B%75%7A%75" n1="%E3%81%99%E3%81%84%E3%81%BE%E3%81%9B%E3%83%BC%E3%82%93" n2="%E6%B4%BE%E9%81%A3%E3%81%AE%E3%82%B8%E3%83%A3%E3%83%83%E3%82%AF" n3="%E3%81%BF%E3%81%BF%E3%81%9A" dan="17,18,17,17" rate="2230.26,2188.59,2186.64,2312.74" sx="M,M,M,M"/><TAIKYOKU oya="0"/><INIT seed="0,0,0,4,1,116" ten="250,250,250,250" oya="0" hai0="13,110,14,33,52,69,9,74,106,59,68,32,72" hai1="8,61,127,77,132,120,58,67,48,24,11,88,85" hai2="20,22,60,122,133,89,2,45,10,25,95,29,3" hai3="114,75,6,101,102,126,7,0,12,113,5,15,49"/><T70/><D106/><U79/><E79/><V21/><BYE who="1" /><F45/><UN n1="%E3%81%99%E3%81%84%E3%81%BE%E3%81%9B%E3%83%BC%E3%82%93" /><W36/><G49/><T35/><D110/><U90/><E120/><V99/><F133/><W121/><G0/><T55/><D13/><N who="3" m="5193" /><G75/><T87/><D87/><U50/><E132/><V43/><F43/><W84/><G84/><T97/><D97/><U92/><E127/><V83/><F122/><W37/><G121/><T128/><D128/><U130/><E130/><V54/><F83/><W94/><G94/><T44/><D44/><U134/><E134/><V19/><F10/><N who="1" m="3625" /><E77/><V40/><F40/><W30/><G30/><T65/><D65/><U123/><E123/><V26/><REACH who="2" step="1"/><F22/><REACH who="2" ten="250,250,240,250" step="2"/><W63/><G126/><T41/><D41/><U100/><E24/><V129/><F129/><W27/><G27/><T42/><D42/><U93/><E100/><N who="3" m="38506" /><G63/><T23/><D23/><U135/><E135/><V125/><F125/><W96/><G96/><AGARI ba="0,1" hai="48,50,58,61,67,85,88,90,92,93,96" m="3625" machi="96" ten="30,2000,0" yaku="8,1,54,1" doraHai="116" who="1" fromWho="3" sc="250,0,250,30,240,0,250,-20" /><INIT seed="1,0,0,5,0,19" ten="250,280,240,230" oya="1" hai0="125,130,22,38,71,81,103,132,0,108,104,86,40" hai1="128,48,31,11,101,10,5,87,33,21,55,39,47" hai2="76,32,24,93,51,13,106,99,97,134,69,2,28" hai3="14,3,18,85,64,121,80,15,84,44,27,133,83"/><U100/><E128/><V56/><F2/><W111/><G121/><T124/><D0/><U35/><E39/><V36/><F36/><W30/><G111/><T95/><D71/><U110/><E35/><V105/><F69/><W23/><G133/><T25/><D108/><U126/><E33/><V89/><F134/><W45/><G3/><T75/><D104/><U129/><E129/><V123/><F123/><W94/><G64/><T41/><D132/><U98/><E126/><V68/><F68/><W59/><G59/><T20/><D75/><U52/><E110/><V42/><F76/><N who="3" m="46087" /><G94/><T109/><D109/><U90/><E55/><V65/><F65/><W34/><G34/><T88/><D130/><U50/><E50/><V77/><F77/><N who="3" m="46319" /><G30/><T82/><D82/><N who="1" m="49527" /><E98/><V46/><F56/><W113/><G113/><T29/><D38/><U112/><E112/><V117/><F97/><W107/><G107/><T53/><D53/><U4/><E101/><V116/><F105/><W135/><G135/><T79/><D103/><U70/><E100/><V127/><F127/><N who="0" m="48714" /><D79/><U12/><E70/><V66/><F106/><W49/><G45/><T62/><D81/><U63/><E47/><V78/><F78/><W60/><G60/><T120/><D62/><U37/><E63/><V6/><F66/><W115/><G115/><T54/><D120/><U91/><E37/><V131/><F131/><W96/><G96/><T72/><D72/><U16/><E91/><V92/><F92/><W57/><G57/><T8/><D88/><U122/><E122/><V1/><F1/><W26/><G44/><RYUUKYOKU ba="0,0" sc="250,-10,280,-10,240,30,230,-10" hai2="6,13,24,28,32,42,46,51,89,93,99,116,117" /><INIT seed="2,1,0,0,5,111" ten="240,270,270,220" oya="2" hai0="80,21,112,42,131,106,14,97,25,18,61,70,95" hai1="121,30,11,128,109,122,73,101,40,107,32,12,71" hai2="8,85,24,41,91,49,50,48,103,116,0,113,6" hai3="36,3,60,45,65,79,52,46,47,93,58,56,75"/><V84/><F116/><W100/><G3/><T9/><D131/><U51/><E109/><V89/><F103/><W33/><G33/><T81/><D106/><U66/><E73/><V5/><F41/><W134/><G134/><T117/><D117/><U127/><E127/><V26/><F113/><W43/><G79/><T120/><D120/><U96/><E128/><V63/><F63/><W130/><G75/><T74/><D74/><U133/><E133/><V22/><F5/><W77/><G77/><T29/><D112/><U78/><E78/><V7/><F7/><W105/><G105/><T20/><D42/><U37/><E51/><V53/><F53/><W114/><G130/><T19/><D70/><U16/><E40/><V125/><F125/><W62/><REACH who="3" step="1"/><G114/><REACH who="3" ten="240,270,270,210" step="2"/><T123/><D123/><U83/><E122/><V94/><REACH who="2" step="1"/><F22/><REACH who="2" ten="240,270,260,210" step="2"/><W88/><G88/><N who="0" m="55527" /><D61/><U135/><E121/><V118/><F118/><W90/><G90/><T86/><D21/><U82/><E135/><V129/><F129/><W108/><G108/><T119/><D119/><U38/><E32/><V124/><F124/><W17/><G17/><T99/><D19/><U59/><E16/><V110/><F110/><W35/><G35/><T55/><D18/><U28/><E101/><V72/><F72/><W76/><G76/><T23/><D23/><U39/><E11/><V67/><F67/><W115/><G115/><T98/><D9/><U64/><E66/><V57/><F57/><W104/><G104/><T54/><D20/><U1/><E64/><V92/><AGARI ba="1,2" hai="0,6,8,24,26,48,49,50,84,85,89,91,92,94" machi="92" ten="30,12000,1" yaku="1,1,0,1,9,1,53,2" doraHai="111" doraHaiUra="87" who="2" fromWho="2" sc="240,-41,270,-41,260,143,210,-41" /><INIT seed="2,2,0,0,2,48" ten="199,229,403,169" oya="2" hai0="27,35,28,19,106,15,112,58,85,17,22,2,77" hai1="61,54,62,89,4,135,1,65,134,56,117,36,42" hai2="132,127,107,53,73,122,47,97,49,100,131,123,31" hai3="109,98,116,5,82,84,9,44,70,13,64,133,125"/><V86/><F73/><W23/><G116/><T33/><D106/><U75/><E75/><V79/><F127/><W10/><G125/><T14/><D112/><U41/><E117/><V38/><F132/><N who="1" m="50729" /><E36/><V59/><F131/><W16/><G133/><T25/><D58/><N who="1" m="35031" /><E89/><V105/><F105/><W51/><G109/><T114/><D114/><U115/><E115/><V91/><F31/><W57/><G70/><T68/><D68/><U69/><E69/><V12/><F79/><W120/><G98/><T43/><D43/><N who="1" m="16395" /><E4/><V45/><F38/><W18/><G120/><T6/><D85/><U0/><AGARI ba="2,0" hai="0,1,56,62,65" m="16395,35031,50729" machi="0" ten="30,2000,0" yaku="20,1,52,1" doraHai="48" who="1" fromWho="1" sc="199,-7,229,26,403,-12,169,-7" /><INIT seed="3,0,0,5,1,15" ten="192,255,391,162" oya="3" hai0="47,108,96,20,72,66,132,116,9,63,61,36,10" hai1="118,44,3,113,91,46,100,30,130,67,60,19,57" hai2="85,24,119,115,88,39,93,11,28,117,83,105,17" hai3="128,87,35,31,2,6,111,75,123,99,89,43,54"/><W95/><G123/><T122/><D122/><U65/><E3/><V62/><F105/><W101/><G128/><T21/><D116/><U18/><E113/><V23/><F39/><W135/><G135/><T103/><D72/><U97/><E118/><V41/><F41/><W131/><G131/><T110/><D132/><U120/><E120/><V26/><F115/><W37/><G75/><T38/><D47/><U73/><E73/><V133/><F133/><W68/><G68/><T64/><D96/><U45/><E130/><V13/><F62/><W5/><G2/><T70/><D103/><U92/><E30/><V34/><F83/><W69/><G69/><AGARI ba="0,0" hai="9,10,20,21,36,38,61,63,64,66,69,70,108,110" machi="69" ten="25,1600,0" yaku="22,2" doraHai="15" who="0" fromWho="3" sc="192,16,255,0,391,0,162,-16" owari="208,-19.2,255,5.5,391,49.1,146,-35.4" /></mjloggm>