<mjloggm ver="2.3"><GO type="225" lobby="0"/><UN n0="%E3%81%A8%E3%82%93%E3%81%A8%E3%81%93%E3%81%A8%E3%82%93" n1="%46%6F%72%41%79" n2="%E3%81%BF%E3%81%BF%E3%81%9A" n3="%E3%81%82%E3%81%B9%E3%81%99%E3%81%91" dan="16,16,16,16" rate="2181.36,2096.95,2107.75,2150.48" sx="F,M,M,M"/><TAIKYOKU oya="0"/><INIT seed="0,0,0,4,2,43" ten="250,250,250,250" oya="0" hai0="68,94,92,51,27,33,79,44,58,18,25,47,105" hai1="102,28,56,11,16,130,20,10,81,39,48,112,9" hai2="31,38,116,35,117,98,52,91,86,59,3,13,22" hai3="49,125,14,133,72,6,75,12,120,71,115,89,24"/><T127/><D105/><U132/><E39/><V103/><F3/><W23/><G115/><T17/><D68/><U73/><E132/><V85/><F38/><W5/><G71/><T66/><D79/><U110/><E110/><V84/><F35/><W1/><G1/><T77/><D77/><U57/><E112/><V108/><F108/><W131/><G133/><T129/><D33/><U29/><E130/><V34/><F34/><W15/><G125/><T80/><D80/><U134/><E73/><V95/><F31/><N who="1" m="11849" /><E81/><V124/><F124/><W54/><G131/><T128/><D127/><U83/><E83/><V119/><F13/><W63/><G63/><T74/><D74/><U65/><E65/><V61/><REACH who="2" step="1"/><F22/><REACH who="2" ten="250,250,240,250" step="2"/><W93/><G15/><T45/><D128/><U50/><E134/><V82/><AGARI ba="0,1" hai="52,59,61,82,84,85,86,91,95,98,103,116,117,119" machi="82" ten="30,8000,1" yaku="1,1,2,1,0,1,12,1,54,1,53,0" doraHai="43" doraHaiUra="106" who="2" fromWho="2" sc="250,-40,250,-20,240,90,250,-20" /><INIT seed="1,0,0,4,2,112" ten="210,230,330,230" oya="1" hai0="26,86,11,66,28,133,109,64,35,118,97,81,89" hai1="83,2,98,96,129,24,29,32,104,7,72,87,78" hai2="46,34,10,92,47,73,13,132,36,43,79,74,40" hai3="68,14,90,77,18,80,125,134,57,105,117,127,124"/><U102/><E98/><V119/><F119/><W30/><G68/><T21/><D109/><U113/><E87/><V75/><F132/><W12/><G134/><T99/><D133/><U115/><REACH who="1" step="1"/><E129/><REACH who="1" ten="210,220,330,230" step="2"/><V82/><F92/><W31/><G105/><T33/><D118/><U45/><E45/><V39/><REACH who="2" step="1"/><F34/><REACH who="2" ten="210,220,320,230" step="2"/><W25/><G117/><T50/><D33/><U54/><E54/><V65/><F65/><W70/><G127/><T114/><D35/><U20/><E20/><V103/><F103/><W48/><G125/><T52/><D66/><U15/><E15/><V111/><F111/><W61/><G14/><T56/><D64/><U4/><E4/><AGARI ba="0,2" hai="4,10,13,36,39,40,43,46,47,73,74,75,79,82" machi="4" ten="30,3900,0" yaku="1,1,7,1,9,1,53,0" doraHai="112" doraHaiUra="27" who="2" fromWho="1" sc="210,0,220,-39,320,59,230,0" /><INIT seed="2,0,0,3,5,37" ten="210,181,379,230" oya="2" hai0="24,36,8,75,130,1,11,13,7,4,50,122,41" hai1="19,126,26,74,35,16,118,17,109,28,69,96,98" hai2="112,87,72,131,31,119,21,79,103,53,91,132,34" hai3="128,115,55,101,105,110,133,61,44,51,32,86,20"/><V82/><F112/><W84/><G32/><T111/><D122/><U9/><E118/><V81/><F119/><W5/><G110/><T45/><D75/><U12/><E109/><V68/><F68/><W88/><G115/><T121/><D121/><U129/><E129/><V117/><F117/><W104/><G5/><T54/><D111/><U56/><E69/><V89/><F131/><W30/><G133/><T62/><D130/><U48/><E74/><V102/><F132/><W59/><G86/><T52/><D62/><U6/><REACH who="1" step="1"/><E126/><REACH who="1" ten="210,171,379,230" step="2"/><V49/><F72/><W124/><G128/><T18/><REACH who="0" step="1"/><D36/><REACH who="0" ten="200,171,379,230" step="2"/><U22/><E22/><AGARI ba="0,2" hai="1,4,7,8,11,13,18,22,24,41,45,50,52,54" machi="22" ten="40,8000,1" yaku="1,1,2,1,52,1,54,1,53,0" doraHai="37" doraHaiUra="57" who="0" fromWho="1" sc="200,100,171,-80,379,0,230,0" /><INIT seed="3,0,0,5,0,117" ten="300,91,379,230" oya="3" hai0="59,25,27,6,29,14,111,32,34,78,55,108,44" hai1="12,9,39,85,71,96,47,35,113,26,112,102,133" hai2="92,37,90,81,115,130,129,50,69,107,53,132,94" hai3="62,24,23,68,135,52,42,118,17,36,126,13,2"/><W48/><G118/><T33/><D78/><U38/><E133/><V4/><F37/><W22/><G2/><T109/><D44/><U86/><E12/><V104/><F69/><W65/><G126/><T63/><REACH who="0" step="1"/><D29/><REACH who="0" ten="290,91,379,230" step="2"/><U77/><E47/><N who="2" m="27871" /><F132/><W21/><G135/><T75/><D75/><U97/><E71/><V61/><F115/><W122/><G36/><T11/><AGARI ba="0,1" hai="6,11,14,25,27,32,33,34,55,59,63,108,109,111" machi="11" ten="40,5200,0" yaku="1,1,0,1,14,1,53,0" doraHai="117" doraHaiUra="116" who="0" fromWho="0" sc="290,62,91,-13,379,-13,230,-26" owari="352,15.2,78,-42.2,366,46.6,204,-19.6" /></mjloggm>