<mjloggm ver="2.3"><GO type="225" lobby="0"/><UN n0="%E3%81%82%E3%81%99%E3%81%AB%E3%82%83%E3%82%80" n1="%E3%81%95%E3%81%8D%E3%81%9F%E3%81%BE%E6%9E%97%E6%AA%8E" n2="%E3%82%A2%E3%83%A1%E3%82%A2%E3%83%A9%E3%83%AC" n3="%E4%BF%BA%E3%81%A8%E5%A6%96%E5%A4%A2" dan="16,16,16,17" rate="2156.47,2059.18,2118.24,2183.92" sx="F,M,M,F"/><TAIKYOKU oya="0"/><INIT seed="0,0,0,3,3,21" ten="250,250,250,250" oya="0" hai0="97,3,70,122,76,63,58,9,109,81,69,116,118" hai1="41,90,48,15,132,66,85,89,115,30,50,59,133" hai2="55,129,111,44,1,28,105,23,0,18,65,32,125" hai3="33,128,87,60,106,101,45,56,78,42,53,64,108"/><T46/><D122/><U103/><E103/><V126/><F111/><W93/><G108/><T75/><D109/><U110/><E110/><V12/><F105/><W4/><G128/><T77/><D77/><U35/><E115/><V131/><F65/><W114/><G114/><T25/><D97/><U102/><E102/><V10/><F55/><W38/><G106/><T39/><D69/><U61/><E15/><V13/><F44/><W17/><G101/><T47/><D70/><U8/><E8/><V57/><F57/><W27/><G4/><T2/><D2/><N who="2" m="1130" /><F32/><W99/><G99/><T40/><D46/><U62/><E62/><V112/><F112/><W124/><G124/><N who="2" m="47721" /><F28/><W100/><G100/><T121/><D121/><U82/><E90/><V130/><F10/><W36/><G36/><T80/><D80/><U123/><E123/><V127/><N who="2" m="47729" /><V24/><AGARI ba="0,0" hai="12,13,18,23,24,129,130,131" m="47729,1130" machi="24" ten="50,12000,2" yaku="4,1,19,1,18,1,34,2,52,1" doraHai="21" who="2" fromWho="2" sc="250,-60,250,-30,250,120,250,-30" /><INIT seed="1,0,0,0,2,100" ten="190,220,370,220" oya="1" hai0="23,48,134,108,28,51,31,33,5,12,27,40,52" hai1="68,92,130,22,112,91,75,106,99,6,21,122,80" hai2="7,102,123,125,2,124,111,103,55,24,16,42,53" hai3="72,120,35,45,127,11,115,107,8,86,101,26,32"/><U67/><E112/><V56/><F123/><W34/><G120/><T43/><D108/><U41/><E122/><V37/><F111/><W126/><G72/><T85/><D134/><U58/><E68/><V79/><F79/><W1/><G115/><T121/><D121/><U116/><E116/><V128/><F128/><W104/><G101/><T132/><D132/><U17/><E41/><V38/><F7/><W30/><G86/><T64/><D64/><U105/><E6/><V97/><F2/><W18/><G45/><T57/><D33/><U46/><E46/><V81/><F81/><W70/><G70/><T89/><D31/><U3/><E3/><V135/><F103/><W60/><G60/><T62/><D62/><U73/><E22/><N who="2" m="13383" /><F42/><W63/><G63/><T14/><D48/><U110/><E110/><V109/><F135/><W61/><G61/><T93/><REACH who="0" step="1"/><D14/><REACH who="0" ten="180,220,370,220" step="2"/><N who="1" m="9399" /><E67/><V117/><F109/><W82/><G34/><T71/><D71/><U98/><E58/><V44/><F37/><W76/><G35/><T19/><D19/><U66/><E66/><V119/><F38/><W88/><G18/><T131/><D131/><U87/><E130/><V94/><F119/><W74/><G1/><T90/><D90/><U10/><E91/><V54/><F117/><W29/><G88/><T78/><D78/><U4/><E4/><V96/><F102/><W13/><G30/><T49/><D49/><U113/><E113/><V25/><F25/><W59/><G13/><T47/><D47/><U36/><E36/><V15/><F44/><W77/><G77/><T133/><D133/><RYUUKYOKU ba="0,1" sc="180,30,220,-10,370,-10,220,-10" hai0="5,12,23,27,28,40,43,51,52,57,85,89,93" /><INIT seed="2,1,1,2,2,110" ten="210,210,360,210" oya="2" hai0="104,75,94,64,16,91,56,124,40,5,86,114,108" hai1="84,62,35,65,128,73,3,1,15,100,125,97,42" hai2="115,57,134,9,19,96,132,79,88,106,17,90,60" hai3="71,50,121,46,28,93,29,31,67,59,117,23,25"/><V10/><F115/><W49/><G117/><T118/><D108/><U92/><E73/><V20/><F79/><W13/><G121/><T63/><D114/><U123/><E35/><V24/><F106/><W55/><G13/><T133/><D118/><U111/><E111/><V74/><F74/><W81/><G71/><T89/><D133/><N who="2" m="51306" /><F19/><W70/><G70/><T11/><D75/><U72/><E72/><V2/><F96/><W99/><G81/><T38/><D104/><U61/><E42/><V87/><F2/><W48/><G48/><T107/><D107/><U113/><E113/><V14/><F14/><W58/><G58/><T101/><D101/><U6/><E125/><V43/><F43/><N who="3" m="24799" /><G67/><T32/><D124/><U69/><E69/><V18/><F18/><W129/><G129/><T8/><D16/><U41/><E128/><V44/><F44/><W66/><G66/><T52/><D64/><U54/><E65/><N who="2" m="39055" /><F90/><AGARI ba="1,1" hai="23,25,28,29,31,50,55,59,90,93,99" m="24799" machi="90" ten="30,1000,0" yaku="8,1" doraHai="110" who="3" fromWho="2" sc="210,0,210,0,360,-13,210,23" /><INIT seed="3,0,0,1,3,29" ten="210,210,347,233" oya="3" hai0="115,80,58,36,133,94,54,55,100,10,116,131,97" hai1="82,45,75,90,126,20,111,64,112,28,15,39,123" hai2="52,104,119,102,77,84,57,37,50,30,134,92,6" hai3="33,26,93,24,67,73,118,74,78,43,63,87,46"/><W5/><G118/><T129/><D116/><U18/><E112/><V40/><F104/><W120/><G120/><T61/><D115/><U124/><E123/><V51/><F37/><W128/><G128/><N who="0" m="49227" /><D36/><U101/><E111/><V70/><F70/><W117/><G5/><T68/><D133/><U107/><E64/><V81/><F30/><W86/><G86/><T121/><D121/><U60/><E60/><V96/><F134/><W130/><G117/><T62/><D10/><U38/><E107/><V66/><F66/><W99/><G87/><T95/><D80/><U98/><E75/><V109/><F109/><W47/><G47/><T11/><D11/><U22/><E45/><N who="2" m="25895" /><F119/><W41/><G41/><T91/><D68/><U49/><E49/><V125/><F125/><N who="1" m="48233" /><E101/><V27/><F27/><W2/><G24/><T56/><D91/><U25/><E82/><V8/><F8/><W79/><G130/><T0/><D0/><U12/><E12/><V110/><F110/><W122/><G2/><T88/><D88/><U76/><E76/><N who="3" m="29226" /><G122/><T59/><D94/><AGARI ba="0,0" hai="15,18,20,22,25,28,38,39,90,94,98" m="48233" machi="94" ten="30,1000,0" yaku="18,1" doraHai="29" who="1" fromWho="0" sc="210,-10,210,10,347,0,233,0" owari="200,-30.0,220,-18.0,347,44.7,233,3.3" /></mjloggm>