<mjloggm ver="2.3"><GO type="225" lobby="0"/><UN n0="%E3%81%8B%E3%82%8F%E3%81%A1%E3%82%83%E3%82%93%35%38" n1="%E3%82%B2%E3%82%B9%E8%8C%82%E5%8B%9D" n2="%E3%83%B4%E3%82%A3%E3%83%AF%E3%82%B3%E3%82%B0%E3%83%8B" n3="%E9%B3%B3%E6%9D%B1%E3%81%AE%E3%81%86%E3%81%95%E3%81%8E%E3%81%95%E3%82%93" dan="16,16,16,17" rate="2176.07,2045.42,2149.21,2244.14" sx="M,F,M,M"/><TAIKYOKU oya="0"/><INIT seed="0,0,0,5,3,46" ten="250,250,250,250" oya="0" hai0="99,94,120,80,41,133,55,17,109,76,121,6,105" hai1="95,30,127,123,119,115,81,0,56,104,73,49,128" hai2="23,132,20,31,38,69,68,106,66,27,11,48,63" hai3="64,107,57,131,108,101,36,83,50,74,12,9,29"/><T61/><D105/><U97/><E30/><V58/><F106/><W39/><G108/><T3/><D3/><U79/><E0/><V14/><F38/><W67/><G131/><T88/><D6/><U92/><E119/><V13/><F132/><W59/><G29/><T85/><D41/><U130/><E123/><N who="0" m="47177" /><D17/><U24/><E24/><V42/><F20/><W102/><G74/><N who="0" m="43031" /><D55/><N who="1" m="31855" /><E127/><V117/><F117/><W125/><G125/><T126/><D61/><U53/><E53/><V82/><F82/><W114/><G83/><N who="0" m="49215" /><D126/><U90/><E104/><V98/><F13/><W84/><G12/><T2/><D2/><U112/><E92/><V60/><F60/><W77/><G107/><T89/><D109/><U113/><AGARI ba="0,0" hai="73,79,81,90,95,97,112,113,115,128,130" m="31855" machi="113" ten="40,2700,0" yaku="11,1,52,1" doraHai="46" who="1" fromWho="1" sc="250,-13,250,27,250,-7,250,-7" /><INIT seed="1,0,0,1,2,9" ten="237,277,243,243" oya="1" hai0="76,111,67,86,31,40,126,22,26,17,132,38,85" hai1="56,41,44,35,59,63,10,18,82,48,62,83,37" hai2="128,15,27,100,90,116,70,120,66,57,127,121,99" hai3="71,92,5,52,79,34,23,119,51,2,6,118,117"/><U103/><E35/><V110/><F70/><W33/><G71/><T108/><D126/><U64/><E103/><V30/><F116/><W60/><G60/><T49/><D38/><U87/><E37/><V95/><F110/><N who="0" m="42026" /><D132/><U107/><E107/><V77/><F77/><W96/><G79/><T130/><D130/><U24/><E87/><V73/><F73/><W8/><G6/><T133/><D133/><U105/><E105/><V80/><F128/><W4/><G5/><T46/><D67/><U3/><E3/><V104/><F80/><W91/><REACH who="3" step="1"/><G23/><REACH who="3" ten="237,277,243,233" step="2"/><N who="0" m="15839" /><D76/><U25/><E10/><V16/><F66/><W21/><G21/><T106/><D106/><U112/><E112/><V20/><F104/><W68/><G68/><T129/><D129/><U125/><E125/><V75/><F127/><W109/><G109/><T14/><AGARI ba="0,1" hai="14,17,22,40,46,49,85,86" m="15839,42026" machi="14" ten="30,2000,0" yaku="14,1,52,1" doraHai="9" who="0" fromWho="0" sc="237,30,277,-10,243,-5,233,-5" /><INIT seed="2,0,0,3,0,55" ten="267,267,238,228" oya="2" hai0="134,67,89,36,88,0,127,99,84,4,113,120,112" hai1="108,72,9,74,15,48,5,125,85,1,101,115,42" hai2="18,68,34,41,94,22,13,130,107,38,11,46,121" hai3="45,59,47,129,123,6,64,57,135,62,8,106,102"/><V79/><F130/><W49/><G123/><T10/><D120/><U117/><E117/><V12/><F121/><W40/><G129/><T24/><D36/><U82/><E125/><V126/><F126/><W93/><G106/><T80/><D127/><U96/><E108/><V27/><F68/><W83/><G135/><T69/><D69/><U3/><E115/><V51/><F107/><W52/><G83/><T28/><D67/><U103/><E72/><V53/><F34/><W16/><G16/><T128/><D128/><U58/><E74/><V73/><F94/><W25/><G25/><T33/><D134/><U71/><E71/><V116/><F116/><W111/><G111/><T132/><D132/><U21/><E42/><V54/><F38/><W17/><G17/><T56/><D56/><U122/><E122/><V124/><F124/><W65/><G65/><T109/><D109/><U77/><E21/><V98/><F98/><N who="3" m="59727" /><G40/><T66/><D66/><U104/><REACH who="1" step="1"/><E101/><REACH who="1" ten="267,257,238,228" step="2"/><V37/><F73/><W90/><G90/><T81/><D112/><U95/><E95/><V75/><F75/><W31/><G31/><T29/><D29/><U110/><E110/><V76/><F76/><W32/><G32/><T61/><D113/><U60/><E60/><V30/><F79/><W133/><G133/><T105/><D61/><U2/><E2/><V63/><F63/><W97/><G97/><T26/><D28/><U119/><E119/><V70/><F70/><W91/><G91/><N who="0" m="34891" /><D33/><U92/><E92/><V114/><F114/><W50/><G50/><T43/><D99/><U78/><E78/><RYUUKYOKU ba="0,1" sc="267,-15,257,15,238,-15,228,15" hai1="1,3,5,9,15,48,58,77,82,85,96,103,104" hai3="6,8,45,47,49,52,57,59,62,64" /><INIT seed="3,1,1,0,0,133" ten="252,272,223,243" oya="3" hai0="103,124,108,134,98,8,105,40,13,130,19,96,87" hai1="43,128,28,132,74,30,16,41,58,37,91,65,123" hai2="86,7,1,23,135,57,67,119,6,31,32,82,47" hai3="3,39,126,68,50,21,72,0,61,92,49,17,34"/><W5/><G39/><T121/><D121/><U51/><E132/><V78/><F119/><W97/><G34/><T94/><D134/><U122/><E74/><V14/><F135/><W81/><G72/><T93/><D108/><U29/><E128/><V73/><F1/><W18/><G81/><T116/><D116/><U89/><E37/><V26/><F73/><W25/><G17/><T24/><D130/><U52/><E122/><V114/><F114/><W83/><G83/><T36/><D36/><U9/><E65/><V59/><F32/><W56/><G68/><T15/><D40/><U104/><E104/><V22/><F47/><W55/><G126/><T54/><D105/><U84/><E123/><V109/><F109/><W80/><G80/><T35/><D87/><U62/><E62/><N who="2" m="38351" /><F59/><W2/><REACH who="3" step="1"/><G5/><REACH who="3" ten="252,272,223,233" step="2"/><T69/><D69/><U66/><E66/><V88/><F78/><W48/><G48/><T11/><D124/><U38/><E38/><V99/><F99/><W102/><AGARI ba="1,2" hai="0,2,3,18,21,25,49,50,55,56,61,92,97,102" machi="102" ten="30,3000,0" yaku="1,1,0,1,53,0" doraHai="133" doraHaiUra="118" who="3" fromWho="3" sc="252,-11,272,-11,223,-11,233,53" /><INIT seed="3,2,0,4,4,24" ten="241,261,212,286" oya="3" hai0="130,108,11,81,54,23,30,116,79,123,69,119,122" hai1="75,50,100,71,114,128,97,9,55,83,124,62,22" hai2="5,91,39,37,36,2,40,68,126,51,1,109,58" hai3="92,0,105,26,45,53,120,88,35,78,47,135,121"/><W3/><G105/><T60/><D81/><U27/><E114/><V43/><F68/><W17/><G78/><T56/><D79/><U99/><E124/><V4/><F58/><W49/><G135/><T18/><D54/><U19/><E128/><V98/><F126/><W12/><G47/><T129/><D56/><U21/><E9/><V14/><F14/><W115/><G115/><T95/><D60/><U48/><E48/><V57/><F57/><W72/><G72/><T131/><D95/><U103/><E100/><V93/><F109/><W118/><G118/><N who="0" m="45099" /><D69/><U52/><E103/><V110/><F110/><W125/><G125/><T106/><D106/><U111/><E111/><V70/><F70/><W86/><G121/><N who="0" m="46091" /><D108/><U38/><E38/><V32/><F32/><W20/><G120/><T61/><D61/><U89/><E71/><V63/><F63/><W65/><G65/><T33/><D33/><U66/><E66/><V31/><F51/><W90/><G90/><T134/><D134/><U101/><E62/><V34/><F40/><W80/><G92/><T6/><D30/><N who="1" m="17775" /><E101/><V117/><F117/><W59/><G59/><T113/><D113/><U127/><E127/><V7/><REACH who="2" step="1"/><F43/><REACH who="2" ten="241,261,202,286" step="2"/><W94/><G35/><T104/><D130/><U107/><E55/><V41/><F41/><W46/><G12/><N who="0" m="9671" /><D104/><U10/><E52/><V29/><F29/><W112/><G112/><T85/><D131/><U8/><E50/><V28/><F28/><W67/><G67/><T102/><D129/><U64/><E107/><V76/><F76/><N who="3" m="46343" /><G46/><T73/><D6/><U132/><E132/><RYUUKYOKU ba="2,1" sc="241,-15,261,-15,202,15,286,15" hai2="1,2,4,5,7,31,34,36,37,39,91,93,98" hai3="0,3,17,20,26,45,49,53,88,94" owari="226,-17.4,246,4.6,217,-28.3,311,41.1" /></mjloggm>