<mjloggm ver="2.3"><GO type="225" lobby="0"/><UN n0="%E6%9D%B1%E9%A2%A8%E3%81%AE%E3%81%8D%E3%82%83%E3%81%B7%E3%81%95%E3%82%93" n1="%E3%81%99%E3%81%84%E3%81%BE%E3%81%9B%E3%83%BC%E3%82%93" n2="%E5%B8%86%E7%AB%8B%E5%A4%8F%E8%A1%A3" n3="%E8%B6%85%E7%B4%9A%E9%B3%B3%E5%87%B0" dan="16,17,16,16" rate="2152.32,2224.40,2107.04,2138.25" sx="M,M,M,M"/><TAIKYOKU oya="0"/><INIT seed="0,0,0,2,0,110" ten="250,250,250,250" oya="0" hai0="9,40,66,132,95,68,47,103,23,43,107,4,37" hai1="69,111,94,92,2,30,19,0,89,31,57,134,50" hai2="15,73,14,79,1,83,120,3,54,58,75,8,128" hai3="45,29,41,26,114,122,63,86,16,12,124,35,52"/><T53/><D132/><U98/><E69/><V62/><F120/><W22/><G122/><T24/><D40/><U10/><E134/><V42/><F128/><W32/><G124/><T99/><D53/><N who="1" m="31927" /><E0/><V116/><F116/><W46/><G114/><T60/><D107/><U85/><E2/><V17/><F73/><W13/><G86/><T135/><D135/><U25/><E111/><V59/><F42/><W71/><G32/><T100/><D100/><N who="1" m="60487" /><E25/><V119/><F119/><W39/><G45/><T7/><REACH who="0" step="1"/><D9/><REACH who="0" ten="240,250,250,250" step="2"/><U77/><E77/><V61/><REACH who="2" step="1"/><F15/><AGARI ba="0,1" hai="10,15,19,30,31,85,89,94" m="60487,31927" machi="15" ten="30,1000,0" yaku="8,1" doraHai="110" who="1" fromWho="2" sc="240,0,250,20,250,-10,250,0" /><INIT seed="1,0,0,1,4,32" ten="240,270,240,250" oya="1" hai0="31,132,13,83,90,116,99,135,102,70,53,120,76" hai1="84,51,2,26,43,112,133,37,56,73,88,34,27" hai2="41,60,106,105,117,113,107,10,14,108,22,71,29" hai3="35,127,134,79,129,80,121,111,87,94,15,50,9"/><U33/><E112/><V96/><F113/><W110/><G121/><T82/><D13/><U12/><E2/><V54/><F117/><W20/><G35/><T66/><D53/><U74/><E133/><N who="0" m="51273" /><D31/><U97/><E37/><V18/><F108/><N who="3" m="41515" /><G134/><T131/><D66/><U72/><E97/><V4/><F41/><W89/><G129/><T44/><D44/><U125/><E125/><V8/><F29/><W69/><G69/><T104/><D70/><U39/><E39/><V67/><F54/><W119/><G119/><T126/><D116/><U101/><E34/><V42/><F42/><W46/><G127/><T19/><D19/><U28/><E27/><V47/><F47/><W103/><G20/><T92/><D126/><U91/><E33/><V16/><F18/><N who="3" m="8559" /><G46/><T23/><D23/><U78/><E43/><V124/><F124/><W93/><G50/><T58/><D58/><U45/><E56/><V109/><F109/><W3/><G3/><T63/><D63/><U38/><E38/><V123/><F123/><W5/><G5/><T65/><D65/><U21/><E51/><V11/><REACH who="2" step="1"/><F96/><REACH who="2" ten="240,270,230,250" step="2"/><N who="3" m="59791" /><G94/><T68/><D120/><U7/><E45/><V24/><AGARI ba="0,1" hai="4,8,10,11,14,16,22,24,60,67,71,105,106,107" machi="24" ten="30,7900,0" yaku="1,1,0,1,54,1,53,1" doraHai="32" doraHaiUra="64" who="2" fromWho="2" sc="240,-20,270,-39,230,89,250,-20" /><INIT seed="2,0,0,0,2,30" ten="220,231,319,230" oya="2" hai0="124,121,8,26,58,103,134,113,11,73,18,34,115" hai1="12,84,109,81,55,126,88,15,107,108,129,28,77" hai2="78,105,104,128,3,71,47,63,116,45,85,40,53" hai3="97,38,95,83,86,93,75,17,27,43,19,92,36"/><V49/><F116/><W70/><G70/><T65/><D73/><U57/><E126/><V117/><F117/><W80/><G75/><T69/><D69/><U90/><E107/><V14/><F128/><W32/><G97/><T52/><D65/><U5/><E28/><V96/><F3/><W62/><G62/><T35/><D103/><U125/><E125/><V60/><F105/><W23/><G32/><N who="0" m="12331" /><D124/><U59/><E129/><V127/><F127/><W1/><G1/><T54/><D58/><U29/><E29/><V133/><F104/><W10/><G43/><T67/><D67/><U91/><E59/><V101/><F71/><W64/><G64/><T6/><D6/><U7/><E7/><V79/><F96/><W102/><G102/><T82/><D82/><U50/><REACH who="1" step="1"/><E5/><REACH who="1" ten="220,221,319,230" step="2"/><V106/><F106/><W122/><G122/><T56/><D56/><U112/><E112/><N who="0" m="43081" /><D121/><U51/><E51/><V66/><F49/><W20/><G36/><T132/><D26/><U130/><E130/><V16/><F63/><W13/><G38/><T37/><D37/><U42/><E42/><V25/><F40/><W119/><G119/><T39/><D39/><U31/><E31/><V110/><F60/><W99/><G27/><T24/><D24/><U135/><E135/><N who="0" m="51753" /><D18/><U131/><E131/><V123/><F25/><W74/><G19/><T33/><N who="0" m="12339" /><T76/><DORA hai="4" /><D76/><U94/><E94/><V100/><F133/><W72/><G93/><T111/><D111/><AGARI ba="0,1" hai="12,15,50,55,57,77,81,84,88,90,91,108,109,111" machi="111" ten="40,8000,1" yaku="1,1,14,1,54,1,53,1" doraHai="30,4" doraHaiUra="48,41" who="1" fromWho="0" sc="220,-80,221,90,319,0,230,0" /><INIT seed="3,0,0,3,1,135" ten="140,311,319,230" oya="3" hai0="80,21,14,33,73,29,128,41,31,84,19,50,58" hai1="82,54,42,37,2,66,94,22,5,122,11,92,113" hai2="69,43,124,72,95,108,18,34,27,74,71,0,61" hai3="56,8,121,126,123,88,17,10,89,107,36,119,15"/><W100/><G100/><T91/><D128/><U118/><E122/><V23/><F124/><W20/><G119/><T4/><D73/><U116/><E113/><V38/><F108/><W32/><G107/><T52/><D33/><U110/><E110/><V3/><F72/><W57/><G36/><T127/><D127/><U132/><E132/><V109/><F109/><W44/><G32/><T105/><D105/><U46/><E66/><V114/><F114/><W39/><G39/><T86/><D41/><U134/><E134/><V63/><F74/><W70/><G126/><T16/><D4/><U103/><E82/><V45/><F34/><W112/><G70/><T125/><D125/><U28/><E54/><V12/><F63/><W96/><G96/><T7/><D7/><U97/><E94/><V85/><F71/><W60/><G44/><T104/><D104/><U53/><E53/><V55/><F27/><W101/><G101/><T111/><D111/><U68/><E68/><V48/><F95/><W81/><G81/><T9/><REACH who="0" step="1"/><D84/><REACH who="0" ten="130,311,319,230" step="2"/><U117/><E117/><V25/><F85/><W98/><G123/><T79/><D79/><U90/><E118/><V133/><F133/><W130/><G121/><T62/><D62/><U64/><E116/><V93/><F93/><W120/><G120/><T35/><D35/><U87/><E87/><V40/><F40/><W51/><G130/><T106/><D106/><U131/><E131/><V47/><F12/><AGARI ba="0,1" hai="9,12,14,16,19,21,29,31,50,52,58,80,86,91" machi="12" ten="30,8000,1" yaku="1,1,7,1,8,1,54,2,53,0" doraHai="135" doraHaiUra="30" who="0" fromWho="2" sc="130,90,311,0,319,-80,230,0" owari="220,-28.0,311,41.1,239,3.9,230,-17.0" /></mjloggm>