<mjloggm ver="2.3"><GO type="225" lobby="0"/><UN n0="%E5%B5%90%E9%9B%B2%E3%81%AE%E3%82%AB%E3%83%A9%E3%82%B9" n1="%E3%82%B2%E3%82%B9%E8%8C%82%E5%8B%9D" n2="%E7%B4%94%E6%BD%94%E3%83%94%E3%83%A9%E3%83%8B%E3%82%A2" n3="%E3%81%B5%E3%81%98%E3%81%8B%E3%81%A4" dan="16,16,16,16" rate="2057.82,2139.34,2166.29,2113.78" sx="F,F,M,M"/><TAIKYOKU oya="0"/><INIT seed="0,0,0,1,4,8" ten="250,250,250,250" oya="0" hai0="87,132,127,6,115,46,55,57,71,41,86,44,94" hai1="88,20,68,114,65,17,116,19,120,133,62,28,93" hai2="15,30,108,74,118,117,106,96,21,82,61,92,38" hai3="51,54,27,77,53,56,35,49,37,13,58,5,89"/><T23/><D71/><U11/><E116/><N who="2" m="44651" /><F38/><W95/><G37/><T48/><D115/><U25/><E120/><V84/><F108/><W134/><G134/><T130/><D132/><U73/><E133/><V67/><F106/><W99/><G77/><T107/><D107/><U122/><E122/><V43/><F43/><W22/><G35/><T18/><D130/><U123/><E123/><V76/><F30/><W128/><G128/><T125/><D6/><U63/><E73/><V129/><F129/><W42/><G42/><T72/><D72/><U83/><E83/><V9/><F21/><W121/><G121/><T81/><D94/><U101/><E101/><V36/><F36/><W69/><G69/><T2/><D2/><U105/><E105/><V0/><F0/><W33/><G33/><T1/><D1/><U59/><E114/><V124/><F124/><N who="0" m="47690" /><D81/><U16/><E11/><V103/><F74/><W102/><G5/><T12/><D46/><U131/><E131/><V109/><F109/><W14/><G102/><T39/><AGARI ba="0,0" hai="12,18,23,39,41,44,48,55,57,86,87" m="47690" machi="39" ten="30,3000,0" yaku="18,1,52,1" doraHai="8" who="0" fromWho="0" sc="250,30,250,-10,250,-10,250,-10" /><INIT seed="0,1,0,5,3,27" ten="280,240,240,240" oya="0" hai0="121,48,116,58,7,70,97,18,19,112,134,41,55" hai1="40,56,39,44,32,90,46,80,59,5,68,64,114" hai2="69,17,82,66,119,122,63,83,117,94,133,8,101" hai3="52,21,103,43,79,108,126,104,76,62,2,127,61"/><T38/><D112/><U98/><E32/><V9/><F122/><W54/><G2/><T14/><D121/><U51/><E114/><V25/><F133/><W49/><G104/><T86/><D116/><N who="2" m="44618" /><F25/><W75/><G103/><T3/><D134/><U1/><E5/><V71/><F71/><W37/><G75/><T87/><D70/><U128/><E1/><V65/><F66/><W72/><G72/><T120/><D120/><U107/><E128/><V36/><F36/><W88/><G108/><T81/><D3/><U35/><E35/><V22/><F22/><W123/><G21/><T99/><D7/><U84/><E68/><V30/><F30/><W78/><G37/><T111/><D111/><U95/><E64/><V130/><F130/><W34/><G34/><T85/><D81/><N who="2" m="30730" /><F17/><W89/><G123/><T125/><D19/><U12/><E12/><V67/><F67/><W31/><G31/><T10/><REACH who="0" step="1"/><D125/><REACH who="0" ten="270,240,240,240" step="2"/><U109/><E109/><V73/><F73/><W33/><G127/><T4/><D4/><U13/><E80/><V74/><F74/><W47/><G126/><T102/><D102/><N who="1" m="62935" /><E13/><V132/><F132/><W92/><G78/><T57/><D57/><U135/><E135/><V16/><F16/><W105/><G79/><T29/><D29/><U106/><E106/><V50/><F101/><W110/><G105/><T129/><D129/><U24/><E24/><V115/><F115/><W124/><G110/><T6/><D6/><U113/><E113/><V96/><F69/><W60/><G124/><T20/><D20/><U100/><E100/><V93/><F9/><RYUUKYOKU ba="1,1" sc="270,15,240,15,240,-15,240,-15" hai0="10,14,18,38,41,48,55,58,85,86,87,97,99" hai1="39,40,44,46,51,56,59,84,90,95" /><INIT seed="0,2,1,4,4,52" ten="285,255,225,225" oya="0" hai0="103,82,59,32,81,36,96,44,24,34,21,23,73" hai1="20,88,72,124,120,77,15,29,60,50,108,10,94" hai2="37,51,47,57,117,3,122,99,66,7,48,30,56" hai3="78,63,12,131,26,84,90,46,113,67,89,135,54"/><T110/><D110/><U119/><E108/><V116/><F122/><W75/><G113/><T55/><D21/><U87/><E124/><V123/><F123/><W61/><G135/><T115/><D115/><U86/><E120/><V33/><F33/><W5/><G131/><T93/><D36/><U6/><E119/><N who="2" m="45643" /><F30/><W126/><G75/><T40/><D73/><U27/><E72/><V25/><F25/><W80/><G26/><T104/><D104/><U70/><E50/><N who="2" m="18987" /><F99/><W43/><G126/><T65/><D65/><U111/><E111/><V16/><F16/><W19/><G5/><T74/><D74/><U134/><E134/><V71/><F71/><W13/><G13/><T101/><D101/><U41/><E41/><N who="2" m="22959" /><F66/><W102/><G102/><T133/><D133/><U17/><E70/><V105/><F105/><W39/><G54/><T1/><D32/><U97/><E77/><V106/><F106/><W22/><REACH who="3" step="1"/><G61/><REACH who="3" ten="285,255,225,215" step="2"/><T125/><D125/><U114/><E114/><V4/><F4/><W128/><G128/><T62/><D1/><U69/><E6/><V58/><F7/><W127/><G127/><T42/><D34/><U49/><E49/><V14/><F14/><W45/><G45/><T53/><D44/><U31/><E29/><V98/><F98/><W79/><G79/><T107/><D53/><U9/><E60/><V8/><F3/><W83/><G83/><N who="0" m="31755" /><D107/><U68/><E9/><AGARI ba="2,2" hai="8,9,56,57,58" m="22959,18987,45643" machi="9" ten="40,8000,1" yaku="12,1,52,3" doraHai="52" who="2" fromWho="1" sc="285,0,255,-86,225,106,215,0" /><INIT seed="1,0,0,1,5,64" ten="285,169,331,215" oya="1" hai0="80,32,36,17,73,119,114,46,23,85,75,130,104" hai1="28,43,56,123,81,71,13,50,79,14,99,112,115" hai2="117,97,20,0,16,42,110,49,121,87,109,8,9" hai3="116,76,129,83,105,19,41,33,108,90,18,77,53"/><U7/><E71/><V128/><F117/><W31/><G105/><T84/><D114/><U118/><E118/><V6/><F121/><W5/><G116/><T38/><D32/><U44/><E123/><V127/><F127/><W102/><G41/><T94/><D104/><U59/><E28/><V60/><F128/><W27/><G5/><T86/><D130/><U62/><E99/><V78/><F60/><W55/><G108/><N who="2" m="41577" /><F97/><W26/><G129/><T133/><D133/><U107/><E107/><V24/><F9/><W100/><G33/><T132/><D132/><U70/><E70/><V74/><F74/><W12/><G31/><T63/><D63/><U69/><E69/><V47/><F87/><W4/><G4/><T131/><D80/><U106/><E106/><V96/><F96/><W11/><G90/><T65/><D94/><U3/><E56/><V34/><F34/><W58/><G83/><T21/><D131/><U98/><E98/><V10/><F10/><W134/><G134/><T93/><D73/><N who="1" m="43247" /><E3/><V68/><F68/><W66/><G11/><T51/><D75/><U113/><E7/><V45/><F45/><W111/><G111/><T40/><D119/><U89/><E89/><V48/><F78/><N who="3" m="30315" /><G66/><T29/><D65/><U103/><E103/><N who="3" m="39466" /><G58/><T61/><D93/><U126/><E126/><V54/><F54/><N who="3" m="20491" /><G12/><N who="0" m="9383" /><D61/><U92/><E92/><V52/><F52/><W72/><G72/><T125/><D125/><U82/><E82/><V120/><F120/><W135/><G135/><T15/><D15/><N who="1" m="5643" /><E59/><V25/><F25/><AGARI ba="0,0" hai="18,19,25,26,27" m="20491,39466,30315" machi="25" ten="30,3900,0" yaku="28,2,8,1" doraHai="64" who="3" fromWho="2" sc="285,0,169,0,331,-39,215,39" /><INIT seed="2,0,0,0,0,132" ten="285,169,292,254" oya="2" hai0="33,122,115,14,119,130,133,87,102,82,78,88,105" hai1="10,11,25,26,60,120,7,103,97,8,114,28,4" hai2="53,66,35,50,126,34,23,49,56,45,134,123,109" hai3="15,63,9,2,84,46,6,37,89,36,96,42,124"/><V95/><F123/><W81/><G124/><T72/><D33/><U30/><E114/><V79/><F134/><W48/><G2/><T59/><D133/><U55/><E120/><V83/><F126/><W40/><G40/><T5/><D122/><U75/><E75/><V3/><F3/><W57/><REACH who="3" step="1"/><G96/><REACH who="3" ten="285,169,292,244" step="2"/><T65/><D115/><U131/><E131/><V52/><F109/><W98/><G98/><T127/><D130/><U121/><E121/><V129/><F129/><W71/><G71/><T38/><D127/><U91/><E103/><V32/><F66/><AGARI ba="0,1" hai="6,9,15,36,37,42,46,48,57,63,66,81,84,89" machi="66" ten="30,3900,0" yaku="1,1,7,1,53,1" doraHai="132" doraHaiUra="39" who="3" fromWho="2" sc="285,0,169,0,292,-39,244,49" /><INIT seed="3,0,0,1,5,78" ten="285,169,253,293" oya="3" hai0="36,15,55,114,131,98,70,88,132,63,89,71,23" hai1="41,49,61,120,11,84,26,86,87,79,81,103,74" hai2="109,76,96,124,35,121,5,116,17,53,20,22,48" hai3="27,13,46,91,18,4,43,3,133,28,80,110,83"/><W32/><G133/><T90/><D132/><U64/><E120/><V73/><F35/><W51/><G91/><T14/><D131/><U119/><E119/><V101/><F116/><W58/><G110/><T93/><D36/><U37/><E37/><V99/><F109/><W45/><G58/><N who="0" m="35295" /><D70/><U54/><E41/><V62/><F124/><W77/><G77/><T34/><D34/><U102/><E11/><V82/><F121/><W66/><G66/><T100/><D71/><U123/><E123/><V97/><F62/><W60/><G60/><T2/><D2/><U40/><E40/><V39/><F5/><W8/><G46/><T128/><D128/><U135/><E135/><V105/><F39/><W107/><G107/><T52/><D114/><U7/><E7/><V10/><F10/><AGARI ba="0,0" hai="3,4,8,10,13,18,27,28,32,43,45,51,80,83" machi="10" ten="30,5800,0" yaku="7,1,52,2" doraHai="78" who="3" fromWho="2" sc="285,0,169,0,253,-58,293,58" owari="285,8.5,169,-33.1,195,-20.5,351,45.1" /></mjloggm>