<mjloggm ver="2.3"><GO type="225" lobby="0"/><UN n0="%E3%81%B5%E3%81%98%E3%81%8B%E3%81%A4" n1="%E3%83%97%E3%83%92" n2="%E3%81%A9%E3%82%8F%E3%82%93%E3%81%94" n3="%E5%8D%A0%E3%81%84%E5%B8%AB%E8%A3%8F%E3%81%AA%E3%81%84%E3%81%97" dan="16,17,16,16" rate="2119.72,2200.00,2091.74,2161.14" sx="M,M,M,M"/><TAIKYOKU oya="0"/><INIT seed="0,0,0,3,3,76" ten="250,250,250,250" oya="0" hai0="44,72,3,45,60,112,31,116,101,92,13,69,5" hai1="128,23,52,86,79,66,100,70,114,12,30,49,108" hai2="7,107,4,14,18,97,56,1,9,27,90,17,8" hai3="89,35,29,77,6,85,121,55,15,130,106,25,88"/><T28/><D116/><U48/><E108/><V82/><F107/><W34/><G106/><T64/><D112/><U83/><E114/><V120/><F120/><W95/><G121/><T61/><D72/><U127/><E128/><V134/><F134/><W21/><G130/><T122/><D122/><U53/><E127/><V117/><F117/><W2/><G77/><T84/><D3/><U123/><E123/><V24/><F56/><W42/><G42/><T124/><D124/><U11/><E100/><V40/><F40/><W26/><G2/><T22/><D61/><U67/><E70/><V51/><F51/><N who="1" m="19529" /><E23/><V103/><F103/><W75/><G75/><T68/><D68/><U50/><E30/><V39/><F39/><W38/><G38/><T54/><D5/><N who="1" m="3183" /><E53/><V115/><F115/><W74/><G74/><T80/><D28/><U10/><E10/><V131/><F131/><W118/><G118/><T46/><D54/><U104/><E104/><V63/><F63/><W71/><G71/><T87/><D31/><U43/><E43/><V102/><F102/><W96/><G55/><T119/><D119/><U58/><AGARI ba="0,0" hai="50,52,58,66,67,79,83,86" m="3183,19529" machi="58" ten="30,4000,0" yaku="8,1,52,1,54,1" doraHai="76" who="1" fromWho="1" sc="250,-20,250,40,250,-10,250,-10" /><INIT seed="1,0,0,5,4,2" ten="230,290,240,240" oya="1" hai0="88,37,85,21,24,35,101,64,97,75,115,118,127" hai1="56,133,109,42,43,78,113,65,30,106,63,89,110" hai2="41,79,129,104,131,52,111,9,76,105,34,33,60" hai3="54,16,62,114,48,125,91,134,94,39,31,68,0"/><U96/><E113/><V93/><F41/><W100/><G114/><T69/><D115/><U123/><E123/><V12/><F93/><W116/><G39/><T28/><D118/><U102/><E133/><V73/><F73/><W15/><G0/><T77/><D127/><U10/><E78/><N who="2" m="29739" /><F60/><W98/><G125/><T82/><D37/><U8/><E89/><V92/><F92/><W99/><G134/><T122/><D122/><U29/><E42/><V40/><F40/><W86/><G31/><N who="1" m="11786" /><E43/><V5/><F52/><W46/><G116/><T74/><D21/><U80/><E80/><V49/><F49/><W14/><G99/><T55/><D55/><U27/><E27/><V59/><F59/><W36/><G36/><T83/><D69/><U67/><E65/><V135/><F135/><W7/><G68/><T44/><D44/><U6/><E106/><N who="2" m="41067" /><F111/><N who="1" m="42505" /><E96/><V11/><F11/><N who="1" m="4137" /><E102/><V1/><F1/><W126/><G126/><T124/><D64/><U26/><E26/><V95/><F95/><W4/><G62/><T57/><D57/><U103/><E103/><V3/><F3/><W119/><G119/><T66/><D66/><U128/><E67/><V25/><F25/><W90/><G100/><T18/><D124/><U108/><E108/><V47/><F47/><W72/><G72/><N who="0" m="43303" /><D18/><U22/><E56/><V81/><F81/><N who="3" m="49487" /><G15/><T32/><D32/><U20/><E63/><V120/><F120/><W121/><G121/><T13/><D13/><U117/><E117/><V50/><F50/><W23/><AGARI ba="0,0" hai="4,7,14,16,23,46,48,54,91,94,98" m="49487" machi="23" ten="30,7900,0" yaku="8,1,52,2,54,1" doraHai="2" who="3" fromWho="3" sc="230,-20,290,-39,240,-20,240,79" /><INIT seed="2,0,0,4,5,99" ten="210,251,220,319" oya="2" hai0="111,52,70,29,88,55,45,10,106,134,18,22,14" hai1="102,0,107,94,73,58,79,93,21,124,61,59,126" hai2="20,82,38,19,75,44,114,128,78,81,76,46,39" hai3="110,108,127,119,43,116,68,90,122,60,105,84,41"/><V120/><F114/><W130/><G130/><T23/><D70/><U16/><E0/><V32/><F32/><W12/><G122/><T65/><D106/><U4/><E4/><V123/><F128/><W56/><G68/><T31/><D134/><U57/><E61/><V36/><F120/><W121/><G121/><T35/><D65/><U40/><E40/><N who="3" m="15434" /><G12/><N who="0" m="9543" /><D35/><U9/><E9/><V2/><F2/><W101/><G101/><T7/><D111/><N who="3" m="42537" /><G105/><T24/><D31/><U100/><E79/><V112/><F112/><W103/><G103/><N who="1" m="39466" /><E73/><V62/><F62/><W67/><G127/><N who="1" m="48682" /><E107/><V66/><F66/><W135/><G135/><T104/><D104/><U51/><E51/><V49/><F49/><W115/><G115/><T28/><D28/><U132/><E132/><V71/><F71/><W109/><G109/><T95/><D45/><U80/><E80/><AGARI ba="0,0" hai="56,60,67,80,84,90,116,119" m="42537,15434" machi="80" ten="30,1000,0" yaku="14,1" doraHai="99" who="3" fromWho="1" sc="210,0,251,-10,220,0,319,10" /><INIT seed="3,0,0,4,2,35" ten="210,241,220,329" oya="3" hai0="53,46,52,42,127,54,84,39,56,87,124,109,61" hai1="121,113,92,106,104,7,57,90,1,94,66,83,14" hai2="23,76,99,65,112,77,110,62,108,2,78,105,117" hai3="22,85,41,8,125,72,114,135,28,40,12,50,6"/><W16/><G72/><T133/><D109/><N who="2" m="42090" /><F112/><W118/><G118/><T71/><D133/><U58/><E113/><V19/><F117/><W63/><G125/><N who="0" m="48203" /><D87/><U132/><E132/><V74/><F2/><W49/><G28/><T44/><D84/><N who="1" m="50463" /><E1/><V15/><F99/><W130/><G63/><N who="0" m="36247" /><D46/><U25/><E106/><V36/><F36/><W43/><G114/><T116/><D116/><U115/><E104/><V69/><F105/><W102/><G85/><T48/><D39/><U67/><E121/><V18/><F18/><W91/><G135/><T122/><D122/><U119/><E25/><V75/><AGARI ba="0,0" hai="15,19,23,62,65,69,74,75,76,77,78" m="42090" machi="75" ten="40,1500,0" yaku="14,1" doraHai="35" who="2" fromWho="2" sc="210,-4,241,-4,220,15,329,-7" owari="206,-29.4,237,3.7,235,-16.5,322,42.2" /></mjloggm>