<mjloggm ver="2.3"><GO type="225" lobby="0"/><UN n0="%73%61%6E%64%69%72%69%73" n1="%E3%82%82%E3%81%90%E3%82%89" n2="%E8%91%B5%E3%81%A1%E3%82%83%E3%82%93" n3="%4C%4F%4C%49%54%41" dan="16,17,17,16" rate="2122.46,2209.66,2172.68,2203.23" sx="M,M,F,F"/><TAIKYOKU oya="0"/><INIT seed="0,0,0,5,2,16" ten="250,250,250,250" oya="0" hai0="42,94,96,105,47,131,30,38,39,24,63,97,70" hai1="48,126,85,81,22,86,49,128,18,54,57,64,79" hai2="78,101,40,28,111,58,118,65,125,114,15,17,115" hai3="45,133,21,84,34,134,87,72,107,66,93,53,122"/><T106/><D131/><U1/><E128/><V129/><F129/><W108/><G34/><T120/><D120/><U83/><E126/><V44/><F125/><W56/><G107/><T36/><D105/><U19/><E1/><V7/><F111/><W33/><G33/><N who="0" m="20679" /><D94/><U61/><E64/><V88/><F7/><W67/><G72/><T82/><D97/><U11/><E11/><V76/><F101/><W8/><G108/><T59/><D59/><U37/><E37/><V13/><F58/><W95/><G45/><T6/><D82/><U77/><E19/><V132/><F88/><N who="3" m="53383" /><G8/><T73/><D6/><U4/><E4/><V14/><F44/><W103/><G122/><T23/><D23/><U135/><E135/><N who="3" m="51722" /><G21/><T68/><D73/><U102/><E102/><V109/><F132/><W55/><G55/><T71/><D63/><U2/><E2/><V80/><F109/><W117/><G117/><T35/><D35/><U26/><AGARI ba="0,0" hai="18,22,26,48,49,54,57,61,77,79,81,83,85,86" machi="26" ten="20,8000,1" yaku="0,1,7,1,9,1,8,1,52,1" doraHai="16" who="1" fromWho="1" sc="250,-40,250,80,250,-20,250,-20" /><INIT seed="1,0,0,1,1,48" ten="210,330,230,230" oya="1" hai0="96,38,129,45,69,87,17,4,52,41,93,19,2" hai1="91,112,36,125,28,123,62,115,43,64,56,21,99" hai2="32,120,44,16,114,95,74,113,53,29,33,23,3" hai3="54,18,84,78,12,63,50,57,58,51,40,111,8"/><U107/><E123/><V26/><F120/><W79/><G111/><T109/><D69/><U65/><E125/><V102/><F3/><W70/><G70/><T20/><D109/><U124/><E124/><V39/><F74/><W83/><G40/><T80/><D129/><U89/><E65/><V25/><F33/><W104/><G104/><T6/><D19/><U131/><E131/><V55/><F39/><W126/><G126/><T130/><D2/><U110/><E110/><V61/><F44/><W5/><G5/><T82/><D82/><U15/><E107/><V121/><F121/><W77/><G50/><N who="0" m="28751" /><D41/><U127/><E112/><N who="2" m="43115" /><F61/><W76/><G78/><N who="0" m="46487" /><D38/><U71/><E43/><V132/><F132/><W135/><G135/><T49/><D49/><U100/><E36/><V35/><F35/><W30/><G30/><T72/><D72/><U101/><E127/><V106/><F106/><W128/><G128/><T86/><D86/><U94/><E115/><V116/><F116/><W90/><G77/><T42/><D42/><U122/><E122/><V9/><F9/><W88/><G79/><T37/><D130/><U119/><E119/><V14/><F14/><W59/><G59/><T60/><D60/><U108/><E56/><V24/><F24/><W133/><G133/><T46/><D46/><U67/><E62/><V85/><F85/><W47/><G47/><T27/><D37/><U117/><E71/><V98/><AGARI ba="0,0" hai="16,23,25,26,29,32,53,55,95,98,102" m="43115" machi="98" ten="30,7900,0" yaku="11,1,52,2,54,1" doraHai="48" who="2" fromWho="2" sc="210,-20,330,-39,230,79,230,-20" /><INIT seed="2,0,0,4,4,5" ten="190,291,309,210" oya="2" hai0="43,123,21,3,108,46,118,133,56,78,35,29,120" hai1="31,72,26,135,6,83,87,112,30,11,97,15,66" hai2="121,33,105,63,71,20,102,52,134,85,84,34,32" hai3="67,124,1,106,73,111,8,93,68,23,119,19,54"/><V2/><F121/><W51/><G119/><T103/><D21/><U22/><E112/><V101/><F2/><W132/><G106/><T89/><D89/><U122/><E135/><V126/><F134/><W90/><G132/><T117/><D133/><U91/><E122/><V40/><F40/><W16/><G73/><T125/><D108/><U77/><E66/><V131/><F131/><W99/><G124/><T47/><D125/><U128/><E128/><V17/><F126/><W28/><G111/><T62/><D78/><U0/><E97/><V18/><F71/><W80/><G1/><T110/><D103/><U75/><E31/><V115/><F115/><W88/><G67/><T10/><D110/><U70/><E70/><V116/><F116/><N who="0" m="44650" /><D29/><U25/><E25/><V41/><F41/><W7/><G68/><T76/><D47/><U86/><E0/><V4/><F32/><W14/><G28/><T94/><D94/><AGARI ba="0,0" hai="6,11,15,22,26,30,72,75,77,83,86,87,91,94" machi="94" ten="30,2000,0" yaku="7,1,52,1" doraHai="5" who="1" fromWho="0" sc="190,-20,291,20,309,0,210,0" /><INIT seed="3,0,0,1,2,22" ten="170,311,309,210" oya="3" hai0="44,82,6,11,66,129,109,116,112,78,95,33,5" hai1="16,125,111,113,42,39,7,87,128,107,19,47,68" hai2="54,93,106,14,70,121,119,94,102,1,56,100,29" hai3="55,10,37,4,67,27,96,20,97,58,104,64,105"/><W46/><G97/><T34/><D116/><U48/><E113/><V26/><F1/><W72/><G72/><T122/><D122/><U2/><E107/><V127/><F119/><W32/><G32/><T9/><D109/><U17/><E68/><V61/><F121/><W126/><G126/><T30/><D129/><U84/><E111/><V123/><F123/><W117/><G117/><T15/><D112/><U38/><E128/><V101/><F106/><W43/><G96/><T25/><D66/><U120/><E120/><V8/><F70/><W52/><G67/><T13/><D44/><U80/><E125/><V85/><F85/><W50/><G55/><T114/><D114/><U131/><E87/><V90/><F90/><W60/><G10/><T0/><D95/><U92/><E92/><V40/><F40/><W132/><G4/><T45/><D45/><U71/><E71/><V59/><F56/><W21/><G21/><T103/><D103/><U118/><E118/><V23/><F127/><W108/><G132/><T89/><D89/><U12/><E2/><V53/><F54/><W36/><G36/><T51/><D51/><U35/><E35/><V76/><F76/><W135/><G135/><T24/><D0/><U41/><E131/><V110/><F110/><W86/><G86/><T133/><D133/><U18/><N who="1" m="4096" /><DORA hai="83" /><U81/><E42/><V63/><F61/><W130/><G130/><T115/><D115/><U69/><E69/><V134/><F134/><W73/><G108/><T57/><D57/><U28/><E41/><V99/><F99/><W98/><G98/><RYUUKYOKU ba="0,0" sc="170,-10,311,-10,309,30,210,-10" hai2="8,14,23,26,29,53,59,63,93,94,100,101,102" owari="160,-34.0,301,10.1,339,43.9,200,-20.0" /></mjloggm>