<mjloggm ver="2.3"><GO type="225" lobby="0"/><UN n0="%E3%81%82%E3%83%BC%E3%81%97" n1="%43%68%65" n2="%72%69%6F%75%63%68%61%6E" n3="%E3%81%BF%E3%81%BF%E3%81%9A" dan="16,16,16,17" rate="2117.57,2088.35,2208.57,2226.69" sx="M,M,M,M"/><TAIKYOKU oya="0"/><INIT seed="0,0,0,1,4,14" ten="250,250,250,250" oya="0" hai0="15,31,130,81,105,20,45,99,56,117,38,39,111" hai1="91,43,74,22,122,96,108,36,104,63,40,102,25" hai2="50,66,76,79,54,37,53,103,89,35,30,12,59" hai3="93,94,84,5,29,58,114,62,18,52,69,125,110"/><T4/><D117/><U65/><E122/><V48/><F37/><W49/><G114/><T101/><D130/><U118/><E118/><V57/><F103/><W119/><G119/><T115/><D115/><U75/><E108/><V113/><F113/><W41/><G110/><T129/><D129/><U33/><E91/><V72/><F72/><W77/><G125/><T70/><D70/><N who="1" m="42303" /><E22/><V8/><F66/><W86/><G5/><T95/><D111/><U127/><E43/><V120/><F120/><W10/><G29/><T109/><D109/><U55/><E55/><V126/><F126/><W51/><G69/><T123/><D123/><U1/><E1/><V3/><F3/><W97/><G77/><T64/><D81/><U121/><E127/><V7/><REACH who="2" step="1"/><F89/><REACH who="2" ten="250,250,240,250" step="2"/><N who="3" m="53415" /><G41/><T107/><D39/><U6/><E121/><V73/><F73/><W24/><G86/><T87/><D87/><U46/><E6/><V34/><F34/><W60/><G60/><T67/><D4/><U32/><E32/><V23/><F23/><N who="3" m="13431" /><G10/><T9/><D9/><U68/><E68/><V61/><F61/><W42/><G42/><T19/><D38/><U133/><E75/><V26/><AGARI ba="0,1" hai="7,8,12,26,30,35,48,50,53,54,57,59,76,79" machi="26" ten="30,4000,0" yaku="1,1,0,1,9,1,53,0" doraHai="14" doraHaiUra="98" who="2" fromWho="2" sc="250,-20,250,-10,240,50,250,-10" /><INIT seed="1,0,0,2,5,16" ten="230,240,290,240" oya="1" hai0="53,66,20,5,80,54,73,23,44,25,38,102,41" hai1="134,129,0,46,98,77,109,42,104,122,117,81,29" hai2="2,9,70,126,101,7,34,131,68,97,78,24,115" hai3="135,94,19,15,47,72,65,121,63,114,79,91,85"/><U105/><E117/><V62/><F126/><W51/><G121/><T106/><D66/><U45/><E122/><V108/><F108/><W83/><G114/><T10/><D106/><U113/><E113/><V30/><F131/><W92/><G135/><T33/><D102/><U90/><E0/><V40/><F115/><W14/><G94/><T132/><D132/><U13/><E134/><V84/><F40/><W82/><G82/><T93/><D93/><U4/><E46/><V31/><F31/><W56/><REACH who="3" step="1"/><G19/><REACH who="3" ten="230,240,290,230" step="2"/><T37/><D80/><U6/><E81/><V35/><F78/><W124/><G124/><T17/><D73/><U71/><E77/><V67/><F84/><W60/><G60/><T74/><D74/><U28/><E104/><V11/><F11/><W69/><G69/><T99/><D99/><U95/><E71/><N who="2" m="42487" /><F34/><W120/><G120/><T49/><D33/><U86/><E105/><AGARI ba="0,1" hai="2,7,9,24,30,35,68,70,97,101,105" m="42487" machi="105" ten="30,3900,0" yaku="25,1,33,2" doraHai="16" who="2" fromWho="1" sc="230,0,240,-39,290,49,230,0" /><INIT seed="2,0,0,3,0,55" ten="230,201,339,230" oya="2" hai0="122,105,91,72,135,45,34,31,25,102,108,79,100" hai1="63,65,5,39,66,77,98,41,73,109,56,44,9" hai2="87,61,49,42,110,130,0,92,119,111,30,6,68" hai3="19,86,59,82,13,1,128,35,8,10,23,83,62"/><V104/><F119/><W14/><G128/><T53/><D122/><U43/><E109/><N who="2" m="41483" /><F104/><W15/><G35/><T103/><D108/><U99/><E66/><N who="2" m="41039" /><F130/><W90/><G83/><T54/><D105/><U37/><E43/><V33/><F6/><W84/><G84/><T131/><D135/><U88/><E39/><V85/><F0/><W123/><G123/><T127/><D127/><U48/><E48/><V125/><F125/><W133/><G133/><T12/><D79/><U106/><E106/><V132/><F132/><W21/><G1/><T101/><D72/><U24/><E24/><N who="2" m="18631" /><F92/><W134/><G134/><T126/><D131/><U27/><E27/><V26/><F26/><W80/><G80/><T97/><D25/><U129/><E129/><V113/><F113/><W50/><G50/><T57/><D31/><U18/><E18/><V28/><F28/><W115/><G115/><T96/><D34/><U51/><E51/><V47/><AGARI ba="0,0" hai="42,47,49,85,87" m="18631,41039,41483" machi="47" ten="30,3000,0" yaku="14,1,10,1" doraHai="55" who="2" fromWho="2" sc="230,-10,201,-10,339,30,230,-10" /><INIT seed="2,1,0,5,3,62" ten="220,191,369,220" oya="2" hai0="30,131,128,97,102,106,120,75,100,34,91,99,46" hai1="42,119,67,63,94,118,134,51,112,65,76,104,133" hai2="4,111,1,18,14,59,58,47,45,13,49,83,33" hai3="25,37,7,96,77,92,107,21,124,103,123,105,115"/><V122/><F122/><W26/><G123/><T43/><D120/><U35/><E104/><V132/><F33/><W5/><G37/><T129/><D75/><U85/><E35/><V8/><F132/><N who="1" m="50793" /><E112/><V71/><F71/><W60/><G115/><T121/><D121/><U82/><E94/><V53/><F111/><W116/><G116/><N who="1" m="44586" /><E63/><V108/><F108/><W81/><G124/><T73/><D73/><U12/><E12/><V69/><F69/><W41/><G107/><T29/><D91/><U11/><E11/><V19/><F83/><W10/><G105/><N who="0" m="63631" /><D34/><U117/><N who="1" m="44594" /><U95/><DORA hai="32" /><E95/><V55/><F1/><W31/><G25/><T72/><D72/><U6/><E6/><V98/><F98/><W70/><G41/><T84/><D84/><U87/><E85/><V56/><REACH who="2" step="1"/><F14/><REACH who="2" ten="220,191,359,220" step="2"/><W89/><G96/><T68/><D68/><U125/><E125/><V15/><F15/><W64/><G70/><T57/><D99/><U39/><E39/><V114/><F114/><W50/><G81/><T130/><D130/><U0/><E0/><V16/><F16/><W110/><G110/><T36/><D36/><U66/><E42/><V44/><F44/><W90/><G5/><T24/><D131/><U23/><E23/><V17/><F17/><W79/><G7/><T135/><D129/><U38/><E38/><V3/><F3/><W93/><G21/><T22/><D135/><U2/><E2/><V113/><F113/><W20/><G20/><N who="0" m="15495" /><D128/><U61/><E61/><V109/><F109/><W9/><G60/><T28/><D22/><U80/><E82/><RYUUKYOKU ba="1,1" sc="220,-15,191,15,359,15,220,-15" hai1="51,65,66,67,76,80,87" hai2="4,8,13,18,19,45,47,49,53,55,56,58,59" /><INIT seed="2,2,1,0,4,77" ten="205,206,374,205" oya="2" hai0="101,41,45,97,134,35,82,49,69,9,61,5,115" hai1="75,95,99,128,24,10,44,131,2,108,122,66,37" hai2="31,85,104,4,93,62,114,64,118,36,113,127,25" hai3="112,8,72,100,28,7,119,6,54,132,53,13,103"/><V86/><F118/><W107/><G119/><T47/><D115/><U46/><E108/><V55/><F127/><W121/><G121/><T111/><D111/><U17/><E66/><V27/><F36/><W83/><G112/><T71/><D35/><U3/><E75/><V92/><F104/><W23/><G132/><T16/><D134/><U39/><E122/><V80/><F4/><W15/><G72/><T123/><D123/><U32/><E39/><V73/><F73/><W98/><G83/><T40/><D61/><U130/><E32/><V63/><F55/><N who="3" m="21003" /><G107/><T125/><D125/><U89/><E24/><V67/><REACH who="2" step="1"/><F31/><REACH who="2" ten="205,206,364,205" step="2"/><W109/><G109/><T11/><D5/><U74/><E74/><V117/><F117/><W50/><G6/><T38/><D38/><U110/><E110/><V78/><F78/><W133/><G133/><T96/><D69/><U52/><E37/><V68/><F68/><W87/><G28/><T91/><D71/><U12/><E46/><V58/><F58/><W135/><G135/><T129/><D47/><U102/><E44/><V34/><F34/><W20/><G7/><T57/><D57/><U14/><E52/><V79/><F79/><W126/><G126/><T105/><D105/><U1/><E1/><V94/><F94/><W76/><G50/><T81/><D49/><U116/><E116/><V88/><F88/><W19/><G100/><T43/><D101/><U84/><REACH who="1" step="1"/><E14/><REACH who="1" ten="205,196,364,205" step="2"/><V48/><F48/><W70/><G15/><N who="0" m="7279" /><D45/><U65/><E65/><V0/><F0/><W56/><G13/><T59/><D43/><U26/><E26/><RYUUKYOKU ba="2,3" sc="205,-15,196,15,364,15,205,-15" hai1="2,3,10,12,17,84,89,95,99,102,128,130,131" hai2="25,27,62,63,64,67,80,85,86,92,93,113,114" /><INIT seed="2,3,3,1,4,122" ten="190,211,379,190" oya="2" hai0="97,57,88,117,101,35,53,22,66,111,113,2,61" hai1="69,24,50,92,59,64,128,0,102,54,34,118,76" hai2="134,44,28,114,21,99,112,30,5,49,39,75,58" hai3="43,133,79,108,91,72,125,29,84,130,109,103,83"/><V100/><F75/><W52/><G43/><T131/><D113/><U106/><E118/><V116/><F116/><W33/><G130/><T6/><D117/><U23/><E34/><V110/><F110/><N who="3" m="42603" /><G133/><T68/><D35/><U51/><E106/><V124/><F39/><W7/><G125/><T119/><D111/><U104/><E104/><V123/><F134/><W89/><G7/><T105/><D119/><U126/><E0/><V15/><F5/><W4/><G4/><T95/><D22/><U41/><E76/><V40/><F112/><W47/><G103/><T27/><D27/><U132/><E132/><V120/><F114/><W3/><G3/><T71/><D131/><U81/><E126/><V10/><F124/><W13/><G13/><T78/><D78/><U9/><E41/><V1/><F15/><W80/><G91/><T62/><D6/><U77/><E102/><V96/><F1/><W20/><G33/><T129/><D129/><U82/><E128/><V55/><F100/><W48/><G20/><T32/><D32/><U121/><E23/><V87/><F21/><W36/><G29/><T46/><D2/><U42/><E42/><V63/><F28/><W107/><G107/><T70/><D46/><U56/><E24/><V45/><F30/><W86/><G36/><T31/><REACH who="0" step="1"/><D31/><REACH who="0" ten="180,211,379,190" step="2"/><U94/><E9/><V60/><F10/><W115/><G115/><T16/><D16/><U26/><E26/><V18/><F18/><W65/><G72/><T25/><D25/><U73/><E73/><V11/><F11/><W17/><G17/><T74/><D74/><RYUUKYOKU ba="3,4" sc="180,15,211,-15,379,-15,190,15" hai0="53,57,61,62,66,68,70,71,88,95,97,101,105" hai3="47,48,52,65,79,80,83,84,86,89" /><INIT seed="3,4,4,5,2,30" ten="195,196,364,205" oya="3" hai0="31,66,131,44,17,132,9,50,56,58,122,7,52" hai1="90,4,5,133,11,134,128,93,19,14,106,89,27" hai2="76,92,55,67,29,127,123,72,12,117,49,77,121" hai3="47,2,88,23,20,54,35,100,70,98,39,24,113"/><W83/><G113/><T1/><D122/><N who="2" m="46602" /><F117/><W57/><G2/><T75/><D75/><U126/><E106/><V65/><F127/><W41/><G70/><T102/><D132/><N who="1" m="50795" /><E126/><V8/><F29/><W118/><G118/><T84/><D131/><U115/><E128/><V95/><F95/><W125/><G125/><T109/><D109/><U74/><E115/><V43/><F43/><W104/><G35/><T25/><D102/><U86/><E74/><V37/><F37/><W62/><G24/><T78/><D66/><N who="2" m="25098" /><F92/><W124/><G124/><T87/><D17/><U28/><E90/><V13/><F72/><W51/><G39/><T59/><REACH who="0" step="1"/><D78/><REACH who="0" ten="185,196,364,205" step="2"/><U99/><E86/><V45/><F13/><W114/><REACH who="3" step="1"/><G114/><REACH who="3" ten="185,196,364,195" step="2"/><T46/><D46/><U71/><E71/><V10/><F12/><W60/><G60/><T34/><AGARI ba="4,6" hai="1,7,9,25,31,34,44,50,52,56,58,59,84,87" machi="34" ten="30,8000,1" yaku="1,1,0,1,52,1,54,1,53,1" doraHai="30" doraHaiUra="0" who="0" fromWho="0" sc="185,152,196,-24,364,-24,195,-44" owari="337,13.7,172,-22.8,340,44.0,151,-34.9" /></mjloggm>