<mjloggm ver="2.3"><GO type="225" lobby="0"/><UN n0="%50%65%74%65%72%50%61%6E" n1="%E7%A6%8F%E5%8E%9F%E9%81%A5%E3%81%A8%E7%B5%90%E5%A9%9A%E3%81%99%E3%82%8B" n2="%6D%75%75%6D%75%72%61" n3="%E3%81%8B%E3%82%8F%E3%81%A1%E3%82%83%E3%82%93%35%38" dan="16,17,17,16" rate="2188.41,2146.15,2174.84,2167.45" sx="M,M,F,M"/><TAIKYOKU oya="0"/><INIT seed="0,0,0,1,5,26" ten="250,250,250,250" oya="0" hai0="18,33,31,113,35,82,38,32,41,65,117,0,62" hai1="74,128,135,46,68,86,108,79,122,47,37,9,53" hai2="58,111,44,127,45,23,105,42,133,123,20,115,39" hai3="103,22,52,13,101,77,30,129,43,73,102,81,112"/><T28/><D113/><U25/><E122/><V120/><F115/><W94/><G112/><T84/><D117/><U118/><E118/><V19/><F111/><W76/><G129/><T55/><D0/><U59/><E74/><V64/><F127/><W40/><G94/><T83/><D55/><U49/><E135/><V125/><F125/><W63/><G77/><T92/><D92/><U57/><E68/><V96/><F133/><W51/><G63/><T1/><D1/><U6/><E108/><V27/><F44/><W50/><G50/><T116/><D116/><U75/><E75/><V134/><F134/><W14/><G13/><T104/><D104/><U93/><E25/><V132/><F132/><W106/><G106/><T21/><D41/><U107/><E37/><V89/><F23/><W16/><REACH who="3" step="1"/><G30/><REACH who="3" ten="250,250,250,240" step="2"/><T24/><D38/><U36/><E107/><V2/><F2/><W10/><G10/><T29/><REACH who="0" step="1"/><D84/><REACH who="0" ten="240,250,250,240" step="2"/><U91/><E36/><V119/><F119/><W124/><G124/><T126/><D126/><U66/><E86/><V17/><F105/><W95/><G95/><T98/><D98/><U12/><E93/><V67/><F96/><W87/><G87/><T3/><D3/><U69/><E128/><V5/><F120/><W80/><G80/><T130/><D130/><U15/><E15/><V110/><F123/><W114/><G114/><T85/><D85/><U131/><E12/><V48/><F110/><W90/><G90/><T4/><D4/><U109/><E109/><V11/><F89/><W88/><G88/><T7/><D7/><U8/><E6/><RYUUKYOKU ba="0,2" sc="240,15,250,-15,250,-15,240,15" hai0="18,21,24,28,29,31,32,33,35,62,65,82,83" hai3="14,16,22,40,43,51,52,73,76,81,101,102,103" /><INIT seed="0,1,2,1,3,83" ten="255,235,235,255" oya="0" hai0="30,68,65,91,13,122,108,47,66,56,98,2,78" hai1="31,19,117,38,15,32,20,135,45,9,41,111,89" hai2="130,4,110,92,23,63,87,82,116,11,131,61,27" hai3="24,52,129,93,124,44,126,77,76,67,28,53,114"/><T36/><D122/><U5/><E117/><V102/><F116/><W59/><G114/><T14/><D2/><U88/><E111/><V69/><F110/><W96/><G67/><T42/><D68/><U104/><E104/><V6/><F92/><W51/><G129/><N who="2" m="49161" /><F102/><W43/><G77/><T12/><D108/><U57/><E135/><V80/><F69/><W18/><G18/><T72/><D30/><U74/><E74/><V10/><F82/><W86/><G76/><T95/><D78/><U21/><E21/><V90/><F10/><W133/><G86/><T113/><D72/><U64/><E31/><N who="2" m="17919" /><F6/><W94/><G133/><T75/><D75/><U3/><REACH who="1" step="1"/><E32/><REACH who="1" ten="255,225,235,255" step="2"/><V1/><AGARI ba="1,3" hai="1,4,11,61,63,80,87,90" m="17919,49161" machi="1" ten="30,2000,0" yaku="19,1,52,1" doraHai="83" who="2" fromWho="2" sc="255,-11,225,-6,235,53,255,-6" /><INIT seed="1,0,0,1,4,3" ten="244,219,288,249" oya="1" hai0="101,90,84,0,38,83,96,132,45,50,100,35,48" hai1="18,111,97,56,110,74,88,68,91,39,26,62,105" hai2="15,67,73,77,58,80,57,114,33,22,43,7,55" hai3="66,98,36,69,116,64,4,14,21,72,93,10,120"/><U12/><E39/><V23/><F33/><W46/><G120/><T6/><D35/><U89/><E74/><V126/><F126/><W20/><G72/><T9/><D132/><U29/><E68/><V52/><F43/><W8/><G116/><T71/><D71/><U109/><E105/><V128/><F67/><N who="3" m="25643" /><G36/><T121/><D121/><U95/><E56/><V82/><F128/><W24/><G69/><T117/><D117/><U106/><E62/><V104/><F104/><W34/><G34/><T81/><D81/><N who="2" m="31338" /><F73/><W134/><G134/><T115/><D115/><U130/><E106/><V78/><F58/><W94/><G46/><T30/><D30/><U129/><E26/><V131/><F131/><N who="1" m="50185" /><E29/><V119/><F119/><W2/><G24/><T86/><D86/><U16/><E18/><V113/><F113/><W31/><G31/><T108/><D108/><U17/><E17/><V47/><F47/><W37/><G37/><T40/><REACH who="0" step="1"/><D101/><REACH who="0" ten="234,219,288,249" step="2"/><U127/><E127/><V51/><F114/><W125/><G125/><T87/><D87/><U41/><E41/><V99/><F99/><W118/><G98/><T25/><D25/><U1/><E1/><V60/><F78/><W70/><G70/><T11/><D11/><AGARI ba="0,1" hai="11,12,16,88,89,91,95,97,109,110,111" m="50185" machi="11" ten="40,12000,1" yaku="14,1,10,1,19,1,54,2" doraHai="3" who="1" fromWho="0" sc="234,-120,219,130,288,0,249,0" /><INIT seed="1,1,0,4,5,106" ten="114,349,288,249" oya="1" hai0="64,34,76,23,2,123,8,86,10,95,77,49,59" hai1="97,89,32,79,25,0,104,134,19,128,132,102,41" hai2="85,45,119,43,52,82,105,67,37,63,135,11,27" hai3="30,40,70,93,31,38,99,71,65,83,16,26,96"/><U94/><E0/><V130/><F119/><W53/><G30/><T20/><D34/><U125/><E128/><V12/><F130/><W3/><G3/><T24/><D123/><U131/><E131/><V4/><F105/><W58/><G65/><T60/><D23/><N who="1" m="13567" /><E32/><V80/><F135/><N who="1" m="51753" /><E41/><V109/><F109/><W22/><G96/><T14/><D2/><U101/><E125/><V73/><F27/><W1/><G1/><T121/><D121/><U90/><E79/><V47/><F73/><W18/><G83/><T13/><D49/><U88/><E102/><V120/><F120/><W129/><G129/><T50/><D50/><U55/><E55/><V78/><F82/><W39/><G39/><T98/><D86/><AGARI ba="1,0" hai="86,88,89,90,94,97,101,104" m="51753,13567" machi="86" ten="30,2900,0" yaku="20,1,54,1" doraHai="106" who="1" fromWho="0" sc="114,-32,349,32,288,0,249,0" /><INIT seed="1,2,0,5,0,6" ten="82,381,288,249" oya="1" hai0="42,23,109,89,15,87,72,112,124,4,3,57,12" hai1="5,36,97,65,17,51,39,14,33,55,110,98,37" hai2="52,32,16,2,133,63,22,74,106,31,101,119,13" hai3="95,100,113,38,80,48,75,46,123,53,28,79,132"/><U56/><E33/><V130/><F119/><W99/><G123/><T58/><D72/><U126/><E126/><V67/><F74/><W114/><G132/><T82/><D112/><U121/><E121/><V69/><F133/><W35/><REACH who="3" step="1"/><G38/><REACH who="3" ten="82,381,288,239" step="2"/><T11/><D124/><U43/><E39/><V81/><F130/><W131/><G131/><T93/><D109/><U60/><E110/><V0/><F0/><W19/><G19/><N who="0" m="10751" /><D3/><U73/><E37/><V117/><F2/><W96/><G96/><N who="0" m="57391" /><D42/><U88/><E43/><V128/><F128/><W86/><G86/><T25/><D25/><AGARI ba="2,1" hai="25,28,35,46,48,53,75,79,80,95,99,100,113,114" machi="25" ten="40,1300,0" yaku="1,1,53,0" doraHai="6" doraHaiUra="10" who="3" fromWho="0" sc="82,-19,381,0,288,0,239,29" /><INIT seed="2,0,0,3,2,3" ten="63,381,288,268" oya="2" hai0="12,40,73,121,60,93,65,19,134,49,56,39,114" hai1="68,1,78,111,45,129,91,41,5,100,95,4,30" hai2="128,109,0,112,59,20,25,123,89,6,69,44,117" hai3="35,110,2,8,48,120,85,26,108,77,131,71,82"/><V106/><F112/><W42/><G120/><T83/><D114/><U28/><E68/><V87/><F123/><W90/><G71/><T29/><D121/><U64/><E64/><V122/><F122/><W72/><G131/><T57/><D134/><U15/><E1/><V31/><F69/><W84/><G42/><T96/><D29/><U88/><E111/><N who="3" m="42538" /><G48/><T80/><D73/><U38/><E78/><V118/><F109/><W18/><G90/><T47/><D56/><U76/><E76/><V27/><F128/><W58/><G58/><T132/><D39/><U22/><E100/><V7/><F0/><W32/><G18/><T61/><D61/><U11/><E91/><V46/><F59/><W81/><G26/><T126/><D126/><U104/><E129/><V124/><F124/><W43/><G43/><T135/><D135/><U62/><E62/><V24/><F117/><W14/><G14/><T13/><D13/><U107/><E15/><V51/><F118/><W99/><G99/><T113/><D113/><U36/><E41/><N who="2" m="24975" /><F46/><W116/><G116/><T66/><D132/><U97/><E45/><V102/><F102/><W74/><G74/><T92/><D66/><U21/><E38/><V105/><F105/><W79/><G72/><T53/><D65/><U75/><E36/><V63/><F106/><W55/><G55/><T125/><D125/><U70/><E104/><V37/><F63/><W17/><G2/><T16/><D19/><U115/><E70/><V9/><F37/><W52/><G52/><T130/><D130/><U98/><E115/><V127/><F127/><RYUUKYOKU ba="0,0" sc="63,-10,381,-10,288,-10,268,30" hai3="8,17,32,35,77,79,81,82,84,85" /><INIT seed="3,1,0,4,3,2" ten="53,371,278,298" oya="3" hai0="21,1,25,38,97,53,131,4,24,67,111,59,27" hai1="73,120,58,66,14,9,76,43,29,110,123,107,47" hai2="84,93,74,23,85,127,44,40,52,51,20,92,48" hai3="35,95,17,56,112,87,60,33,124,105,82,114,50"/><W94/><G105/><T78/><D38/><U68/><E68/><V118/><F74/><W71/><G71/><T19/><D67/><U62/><E107/><V115/><F127/><W37/><G37/><T69/><D69/><U45/><E110/><V7/><F7/><W15/><G124/><T75/><D75/><U117/><E117/><V18/><F115/><W54/><G114/><T16/><D78/><U116/><E116/><V46/><F118/><W113/><G113/><T55/><D97/><U134/><E134/><V99/><F92/><W103/><G112/><T34/><D111/><U122/><E29/><V81/><F81/><W91/><G35/><T41/><D41/><U89/><E89/><N who="2" m="55727" /><F23/><W10/><G33/><T126/><D126/><U83/><E43/><V101/><F101/><W132/><G132/><T128/><D59/><U22/><E22/><V70/><F70/><W3/><G3/><T39/><D39/><U90/><E90/><V79/><F79/><W109/><G109/><T98/><D98/><U65/><E65/><V0/><F0/><W96/><REACH who="3" step="1"/><G95/><REACH who="3" ten="53,371,278,288" step="2"/><T42/><D34/><U36/><E36/><V80/><F80/><W119/><G119/><T49/><D42/><U100/><E123/><V104/><F104/><W108/><G108/><T30/><D49/><AGARI ba="1,1" hai="10,15,17,49,50,54,56,60,82,87,91,94,96,103" machi="49" ten="40,3900,0" yaku="1,1,8,1,53,0" doraHai="2" doraHaiUra="72" who="3" fromWho="0" sc="53,-42,371,0,278,0,288,52" /><INIT seed="3,2,0,0,2,93" ten="11,371,278,340" oya="3" hai0="53,5,134,11,45,112,47,62,58,77,133,89,80" hai1="117,114,24,104,75,31,122,94,7,28,115,6,57" hai2="49,18,98,17,69,56,108,124,107,1,15,55,9" hai3="43,85,41,119,78,83,88,71,135,130,12,111,91"/><W33/><G119/><T125/><D125/><U40/><E104/><V74/><F124/><W110/><G71/><T97/><D112/><U102/><E75/><V101/><F1/><W42/><G33/><T121/><D121/><U70/><E70/><V66/><F108/><N who="3" m="41515" /><G135/><T48/><D134/><U19/><E122/><V29/><F74/><N who="3" m="43479" /><G130/><T60/><D133/><U38/><E117/><V34/><F34/><W87/><G12/><T84/><D11/><U68/><E68/><V99/><F29/><N who="1" m="11337" /><E38/><V37/><F37/><W79/><G79/><T46/><D5/><U67/><E40/><V128/><F128/><W35/><G35/><T22/><D22/><N who="1" m="13407" /><E115/><V86/><F86/><AGARI ba="2,0" hai="41,42,43,85,86,87,88,91" m="43479,41515" machi="86" ten="30,5800,0" yaku="14,1,10,1,54,1" doraHai="93" who="3" fromWho="2" sc="11,0,371,0,278,-64,340,64" owari="11,-48.9,371,17.1,214,-18.6,404,50.4" /></mjloggm>