<mjloggm ver="2.3"><GO type="225" lobby="0"/><UN n0="%6D%75%75%6D%75%72%61" n1="%3E%5F%30%40%E6%9D%8F%E6%9D%8F%E8%BB%8D%E5%9C%98" n2="%E3%82%82%E3%81%90%E3%82%89" n3="%E5%B0%8F%E9%B3%A5%E9%81%8A%E7%B7%B4%E7%84%A1%32%31%E6%AD%B3" dan="16,16,17,16" rate="2140.85,2133.75,2218.07,2158.83" sx="F,F,M,F"/><TAIKYOKU oya="0"/><INIT seed="0,0,0,2,0,3" ten="250,250,250,250" oya="0" hai0="126,83,89,103,79,12,102,72,1,16,24,8,109" hai1="134,10,32,92,39,69,6,120,37,104,15,56,60" hai2="35,129,4,63,66,127,131,97,41,43,90,58,113" hai3="122,133,2,135,94,28,106,86,95,19,110,124,108"/><T5/><D126/><U18/><E104/><V59/><F113/><W36/><G36/><T130/><D130/><N who="2" m="49674" /><F35/><W107/><G124/><T55/><D109/><N who="3" m="42089" /><G28/><T73/><D73/><U21/><E69/><V27/><F127/><W34/><G34/><T23/><D89/><U30/><E120/><V99/><F27/><W11/><G19/><T42/><D42/><N who="2" m="15882" /><F90/><N who="3" m="53591" /><G95/><T105/><D55/><U74/><E74/><V125/><F125/><W82/><G122/><T13/><REACH who="0" step="1"/><D105/><REACH who="0" ten="240,250,250,250" step="2"/><U101/><E101/><AGARI ba="0,1" hai="1,5,8,12,13,16,23,24,72,79,83,101,102,103" machi="101" ten="40,12000,1" yaku="1,1,2,1,52,1,54,1,53,0" doraHai="3" doraHaiUra="54" who="0" fromWho="1" sc="240,130,250,-120,250,0,250,0" /><INIT seed="0,1,0,0,3,23" ten="370,130,250,250" oya="0" hai0="87,102,50,119,24,11,22,46,9,56,6,42,70" hai1="130,85,52,29,75,123,90,88,41,122,104,54,28" hai2="134,124,40,31,126,45,111,32,105,127,67,26,25" hai3="16,125,72,2,39,131,59,106,128,112,13,48,49"/><T96/><D119/><U94/><E75/><V60/><F105/><W43/><G39/><T133/><D70/><U12/><E104/><V19/><F111/><W81/><G106/><T114/><D114/><U121/><E130/><N who="3" m="49706" /><G2/><T69/><D69/><U116/><E116/><V100/><F100/><W73/><G112/><T118/><D118/><U97/><E41/><V93/><F93/><W53/><G125/><T21/><D133/><U132/><E132/><V8/><F134/><W55/><G81/><T17/><D87/><U117/><E117/><V38/><F8/><N who="3" m="6183" /><G43/><T113/><D113/><U99/><E12/><V98/><F98/><W0/><G0/><T10/><D56/><AGARI ba="1,0" hai="48,49,53,55,56,59,72,73" m="6183,49706" machi="56" ten="30,2000,0" yaku="19,1,54,1" doraHai="23" who="3" fromWho="0" sc="370,-23,130,0,250,0,250,23" /><INIT seed="1,0,0,1,4,46" ten="347,130,250,273" oya="1" hai0="66,84,121,48,58,59,116,45,11,106,102,43,31" hai1="94,118,6,108,30,53,34,24,10,135,74,130,2" hai2="61,19,8,22,112,104,83,85,42,36,76,56,47" hai3="12,101,1,9,79,99,54,67,3,127,97,95,88"/><U55/><E118/><V50/><F112/><W39/><G127/><T64/><D116/><U25/><E74/><V20/><F104/><W125/><G125/><T111/><D111/><U29/><E135/><V110/><F110/><W0/><G79/><T128/><D128/><U120/><E120/><V129/><F129/><W73/><G73/><T41/><D121/><U124/><E108/><V78/><F78/><W132/><G67/><N who="0" m="25643" /><D106/><U35/><E124/><V65/><F36/><W115/><G115/><T28/><D41/><U93/><E130/><V37/><F37/><W114/><G114/><T133/><D133/><U87/><E87/><V27/><F22/><W13/><G132/><T4/><D102/><U77/><E77/><V75/><F75/><W72/><G72/><T107/><D107/><U123/><E123/><V70/><F70/><W131/><G131/><T60/><D84/><U52/><AGARI ba="0,0" hai="2,6,10,24,25,29,30,34,35,52,53,55,93,94" machi="52" ten="30,6000,0" yaku="0,1,9,1,54,1" doraHai="46" who="1" fromWho="1" sc="347,-20,130,60,250,-20,273,-20" /><INIT seed="1,1,0,4,4,134" ten="327,190,230,253" oya="1" hai0="6,135,71,34,83,87,133,75,109,96,27,31,40" hai1="118,56,47,59,130,108,84,9,111,92,62,36,0" hai2="51,114,12,35,8,128,103,58,38,95,25,45,3" hai3="97,52,79,43,98,10,121,127,50,33,66,86,46"/><U13/><E118/><V124/><F114/><W7/><G121/><T1/><D109/><N who="1" m="42059" /><E0/><V107/><F128/><W30/><G66/><T55/><D1/><U63/><E130/><V110/><F3/><W117/><G117/><T39/><D75/><U48/><E36/><V69/><F69/><W49/><G30/><T104/><D39/><U18/><E92/><V82/><F110/><W73/><G33/><T29/><D104/><U116/><E116/><V106/><F82/><N who="3" m="47455" /><G73/><T22/><D96/><U44/><E84/><V2/><F2/><W67/><G67/><T112/><D87/><U93/><E93/><V23/><F95/><W77/><G77/><T131/><D112/><U70/><E70/><V61/><F38/><W19/><G19/><T132/><D131/><U24/><E24/><V20/><F107/><W60/><G60/><N who="1" m="23082" /><E47/><V32/><F45/><N who="3" m="27727" /><G127/><T57/><D71/><U102/><E102/><V94/><F61/><W126/><G126/><T122/><D122/><U89/><E89/><V17/><F124/><W15/><AGARI ba="1,0" hai="7,10,15,43,46,49,97,98" m="27727,47455" machi="15" ten="30,4000,0" yaku="25,1,8,1,54,1" doraHai="134" who="3" fromWho="3" sc="327,-11,190,-21,230,-11,253,43" /><INIT seed="2,0,0,1,4,0" ten="316,169,219,296" oya="2" hai0="7,134,125,23,5,103,8,52,97,4,16,55,26" hai1="74,63,85,31,25,65,28,121,111,29,38,129,131" hai2="87,122,130,95,19,133,40,90,124,132,39,15,64" hai3="46,115,123,127,91,80,66,1,2,76,54,49,45"/><V98/><F122/><W83/><G123/><T50/><D125/><U60/><E74/><V100/><F64/><W59/><G127/><T10/><D134/><N who="2" m="51818" /><F124/><W78/><G115/><T128/><D128/><N who="1" m="49227" /><E121/><V48/><F130/><W12/><G12/><T41/><D41/><U21/><E38/><V47/><F39/><W113/><G91/><T107/><REACH who="0" step="1"/><D55/><REACH who="0" ten="306,169,219,296" step="2"/><U36/><E36/><V6/><F40/><W32/><G54/><T37/><D37/><U89/><E111/><V68/><F68/><W135/><G135/><T18/><D18/><N who="1" m="12471" /><E65/><V27/><F19/><W13/><G66/><T105/><D105/><U42/><E42/><V20/><F47/><AGARI ba="0,1" hai="4,5,7,8,10,16,23,26,47,50,52,97,103,107" machi="47" ten="40,12000,2" yaku="1,1,52,3,54,2,53,1" doraHai="0" doraHaiUra="94" who="0" fromWho="2" sc="306,130,169,0,219,-120,296,0" /><INIT seed="3,0,0,1,0,75" ten="436,169,99,296" oya="3" hai0="27,25,21,13,11,48,62,115,6,70,38,54,59" hai1="40,121,69,125,24,19,120,98,95,101,32,28,89" hai2="41,20,39,22,0,29,43,91,36,129,80,135,18" hai3="42,123,78,4,57,88,134,100,15,116,84,107,109"/><W113/><G116/><T44/><D115/><U93/><E69/><V68/><F129/><W8/><G113/><T105/><D105/><U97/><E125/><V132/><F0/><W61/><G123/><T94/><D94/><U86/><E40/><V72/><F68/><W10/><G134/><T60/><D70/><U119/><E119/><V53/><F29/><W117/><G117/><T81/><D81/><U82/><E19/><V64/><F64/><W90/><G109/><T37/><D60/><U102/><AGARI ba="0,0" hai="24,28,32,82,86,89,93,95,97,98,101,102,120,121" machi="102" ten="20,2700,0" yaku="0,1,7,1,9,1" doraHai="75" who="1" fromWho="1" sc="436,-7,169,27,99,-7,296,-13" owari="429,52.9,196,-20.4,92,-40.8,283,8.3" /></mjloggm>