<mjloggm ver="2.3"><GO type="225" lobby="0"/><UN n0="%E3%83%B4%E3%83%A0%EF%BC%99%E3%81%A6" n1="%E3%81%A1%E3%82%85%E3%81%86%E3%81%A9%E3%81%8F%E8%B1%A1%E3%81%95%E3%82%93" n2="%E3%81%95%E3%81%8D%E3%81%9F%E3%81%BE%E6%9E%97%E6%AA%8E" n3="%70%68%65%6E%6F%6D%65" dan="17,17,16,17" rate="2189.00,2194.29,2123.15,2203.05" sx="M,M,M,M"/><TAIKYOKU oya="0"/><INIT seed="0,0,0,5,1,54" ten="250,250,250,250" oya="0" hai0="41,113,114,28,100,0,23,6,57,13,60,58,74" hai1="112,69,39,16,128,131,62,130,38,66,53,29,46" hai2="47,75,25,119,129,72,98,96,3,55,107,79,2" hai3="109,78,93,86,116,24,82,12,33,89,14,111,43"/><T31/><D74/><U83/><E29/><V122/><F122/><W27/><G116/><T40/><D0/><U26/><E83/><V106/><F129/><W59/><G43/><N who="0" m="16459" /><D113/><U61/><E112/><V84/><F84/><W97/><G97/><T104/><D104/><U120/><E120/><V51/><F119/><W49/><G49/><T50/><BYE who="3" /><D114/><U124/><E124/><V32/><F32/><W68/><G68/><T127/><D127/><U125/><E125/><V30/><F107/><W48/><G48/><T44/><D100/><U77/><E77/><UN n3="%70%68%65%6E%6F%6D%65" /><V70/><F70/><W34/><G59/><N who="0" m="22539" /><D60/><U92/><E38/><V121/><F121/><W45/><G33/><T22/><D6/><U115/><E39/><V135/><F106/><W5/><G34/><T4/><D4/><U21/><E115/><V90/><F75/><W108/><G109/><T134/><D134/><U99/><E61/><V91/><F135/><W67/><G67/><T110/><D110/><U7/><E7/><V105/><F105/><W94/><G111/><T101/><BYE who="3" /><D101/><N who="1" m="60647" /><E53/><V56/><F3/><W8/><G8/><T132/><D132/><U63/><E63/><V103/><F2/><W11/><G11/><T1/><D1/><U71/><E71/><V102/><F55/><UN n3="%70%68%65%6E%6F%6D%65" /><W85/><G108/><T17/><D23/><U76/><E69/><V9/><F72/><W123/><G5/><T15/><D15/><U73/><E62/><V126/><F126/><W87/><G14/><T80/><D80/><N who="1" m="45071" /><E66/><V35/><F35/><W95/><G12/><T18/><D17/><U42/><BYE who="3" /><E131/><UN n3="%70%68%65%6E%6F%6D%65" /><RYUUKYOKU ba="0,0" sc="250,15,250,15,250,-15,250,-15" hai0="13,18,22,28,31,44,50" hai1="16,21,26,42,46,128,130" /><INIT seed="0,1,0,5,1,45" ten="265,265,235,235" oya="0" hai0="11,4,44,26,126,88,113,103,84,19,35,28,130" hai1="71,133,73,23,76,121,1,14,5,78,77,93,41" hai2="128,90,87,72,40,24,83,132,30,131,59,61,58" hai3="115,60,16,68,34,75,69,3,17,101,81,86,47"/><T29/><D113/><U0/><E121/><V18/><F132/><W51/><G115/><T107/><D126/><U48/><E71/><V110/><F110/><W39/><G75/><T64/><D130/><N who="2" m="49706" /><F72/><W124/><G124/><T10/><D64/><U65/><E73/><V46/><F18/><W53/><G3/><T7/><D29/><U134/><E65/><V66/><F66/><W94/><G34/><T25/><D25/><U91/><E23/><N who="2" m="15647" /><F61/><W105/><G105/><T13/><D10/><U56/><E14/><V32/><F32/><W9/><G39/><AGARI ba="1,0" hai="39,40,46,58,59,83,87,90" m="15647,49706" machi="39" ten="30,1000,0" yaku="19,1" doraHai="45" who="2" fromWho="3" sc="265,0,265,0,235,13,235,-13" /><INIT seed="1,0,0,5,0,56" ten="265,265,248,222" oya="1" hai0="10,52,89,66,95,116,78,57,59,27,120,75,96" hai1="35,3,33,81,4,68,38,18,77,80,54,21,0" hai2="94,91,103,126,60,70,129,107,123,45,50,111,72" hai3="53,42,102,115,71,90,6,125,48,30,16,133,86"/><U113/><E113/><V119/><F119/><W105/><G115/><T24/><D116/><U44/><E68/><V82/><F111/><W31/><G71/><T92/><D120/><U112/><E112/><V8/><F123/><W74/><G74/><T93/><D75/><U117/><E117/><V121/><F121/><W85/><G125/><T47/><D78/><U87/><E80/><V51/><F129/><W110/><G110/><T122/><D122/><U109/><E109/><V83/><F126/><W124/><G124/><T64/><D47/><U22/><E22/><V76/><F83/><W62/><G6/><T40/><D10/><U128/><E128/><V17/><F107/><W134/><G42/><T108/><D40/><U73/><E87/><V63/><F103/><W55/><G102/><T97/><D92/><U36/><E36/><V49/><F70/><W67/><G105/><T99/><D57/><U118/><E118/><V130/><F45/><N who="3" m="27791" /><G55/><T7/><D7/><U46/><E54/><V65/><F65/><N who="0" m="25194" /><D108/><U100/><E100/><V20/><F130/><W19/><G133/><T39/><D39/><U9/><E0/><V12/><REACH who="2" step="1"/><F8/><REACH who="2" ten="265,265,238,222" step="2"/><W79/><G134/><T2/><D95/><U32/><REACH who="1" step="1"/><E38/><REACH who="1" ten="265,255,238,222" step="2"/><V106/><F106/><W114/><G114/><T104/><D104/><U61/><E61/><V98/><AGARI ba="0,2" hai="12,17,20,49,50,51,60,63,72,76,82,91,94,98" machi="98" ten="30,8000,1" yaku="1,1,0,1,52,2,53,1" doraHai="56" doraHaiUra="14" who="2" fromWho="2" sc="265,-20,255,-40,238,100,222,-20" /><INIT seed="2,0,0,2,1,13" ten="245,215,338,202" oya="2" hai0="61,47,103,85,51,62,105,6,76,82,17,104,20" hai1="79,71,114,0,131,91,4,134,54,8,93,44,122" hai2="119,28,95,100,123,130,25,3,97,129,38,34,52" hai3="78,66,11,30,50,9,15,69,63,46,106,74,16"/><V128/><F119/><W96/><G30/><T49/><D6/><U120/><E114/><V116/><F116/><W118/><G118/><T92/><D49/><N who="1" m="28967" /><E71/><V2/><F123/><N who="1" m="47145" /><E79/><V5/><F38/><W37/><G37/><T117/><D117/><U102/><E102/><V64/><F64/><W87/><G74/><T80/><D80/><U33/><E33/><V111/><F111/><W77/><G87/><T40/><D104/><U121/><N who="1" m="47153" /><U39/><DORA hai="65" /><E39/><V107/><F95/><W26/><G26/><N who="0" m="14607" /><D105/><U57/><E57/><V19/><F3/><W135/><G135/><T32/><D32/><U48/><E48/><V68/><F68/><W84/><G84/><T27/><D27/><U110/><E110/><V45/><F2/><W133/><G133/><T88/><D103/><U124/><E134/><V75/><F75/><W10/><G96/><T58/><D58/><U42/><E42/><V115/><F115/><W98/><G98/><AGARI ba="0,0" hai="40,47,51,61,62,76,82,85,88,92,98" m="14607" machi="98" ten="30,3900,0" yaku="8,1,52,1,54,1" doraHai="13,65" who="0" fromWho="3" sc="245,39,215,0,338,0,202,-39" /><INIT seed="3,0,0,3,2,23" ten="284,215,338,163" oya="3" hai0="127,134,66,123,54,40,52,97,70,67,12,59,86" hai1="103,9,24,60,119,57,31,22,81,87,62,58,7" hai2="88,101,46,115,71,20,35,113,33,102,42,39,37" hai3="74,131,51,77,43,92,82,120,13,116,126,69,25"/><W95/><G116/><T72/><D72/><U96/><E119/><V132/><F71/><W32/><G120/><T133/><D97/><U5/><E58/><V83/><F20/><W117/><G117/><T16/><D123/><U4/><E9/><V49/><F49/><W19/><G69/><T121/><D121/><U98/><E60/><V94/><F83/><W110/><G126/><T18/><D70/><U38/><E38/><V73/><F73/><W89/><G131/><T48/><D127/><U14/><E14/><V41/><F132/><N who="0" m="50794" /><D40/><U56/><E56/><V65/><F65/><N who="0" m="24586" /><D12/><U118/><E118/><V68/><F68/><W26/><G110/><T130/><D130/><U55/><E103/><V11/><F11/><W30/><G26/><T84/><D54/><U34/><E34/><V111/><F111/><W2/><G2/><T36/><D36/><U17/><E31/><V15/><F42/><W50/><G43/><T21/><D18/><U79/><AGARI ba="0,0" hai="4,5,7,17,22,24,55,57,62,79,81,87,96,98" machi="79" ten="30,4000,0" yaku="0,1,8,1,52,1" doraHai="23" who="1" fromWho="1" sc="284,-10,215,40,338,-10,163,-20" owari="274,7.4,255,-14.5,328,42.8,143,-35.7" /></mjloggm>