<mjloggm ver="2.3"><GO type="225" lobby="0"/><UN n0="%E8%83%83%E3%81%A8%E8%85%B8" n1="%E6%9D%B1%E9%A2%A8%E3%81%AE%E3%81%8D%E3%82%83%E3%81%B7%E3%81%95%E3%82%93" n2="%E5%A4%9C%E3%81%AE%E3%82%AC%E3%82%B9%E3%83%91%E3%83%BC%E3%83%AB" n3="%E3%81%BF%E3%81%BF%E3%81%9A" dan="16,17,17,18" rate="2162.71,2155.08,2229.35,2244.82" sx="M,M,M,M"/><TAIKYOKU oya="0"/><INIT seed="0,0,0,4,0,79" ten="250,250,250,250" oya="0" hai0="6,86,19,42,52,116,72,75,100,22,32,14,85" hai1="29,61,131,76,3,26,126,59,40,133,77,74,114" hai2="41,21,109,24,96,101,2,97,82,120,48,51,89" hai3="0,58,110,44,117,122,54,103,33,127,71,121,124"/><T107/><D116/><U43/><E133/><V130/><F120/><N who="3" m="46187" /><G0/><T105/><D32/><U16/><E3/><V66/><F2/><W80/><G33/><T125/><D6/><U67/><E131/><V95/><F130/><W35/><G35/><T88/><D42/><U93/><E126/><N who="3" m="48170" /><G117/><T39/><D39/><U7/><E114/><V60/><F109/><W111/><G103/><T118/><D118/><U55/><E7/><V56/><F41/><N who="1" m="15945" /><E74/><V4/><F4/><W113/><G113/><T27/><D125/><U28/><E93/><V49/><F97/><W5/><G5/><T134/><D134/><U8/><E67/><V90/><REACH who="2" step="1"/><F82/><REACH who="2" ten="250,250,240,250" step="2"/><W12/><G80/><N who="0" m="49191" /><D107/><U36/><E36/><V62/><F62/><N who="3" m="36183" /><G44/><T20/><D105/><U70/><E70/><V17/><AGARI ba="0,1" hai="17,21,24,48,49,51,56,60,66,89,90,95,96,101" machi="17" ten="30,4000,0" yaku="1,1,0,1,8,1,53,0" doraHai="79" doraHaiUra="37" who="2" fromWho="2" sc="250,-20,250,-10,240,50,250,-10" /><INIT seed="1,0,0,5,3,66" ten="230,240,290,240" oya="1" hai0="91,28,1,77,113,51,100,26,48,130,126,123,55" hai1="129,18,83,114,86,0,95,21,124,132,135,85,73" hai2="37,84,20,42,57,40,30,99,6,110,82,32,31" hai3="5,24,116,134,60,118,45,47,128,111,92,70,71"/><U117/><E0/><V127/><F32/><W13/><G111/><T104/><D113/><U108/><E114/><V69/><F110/><W120/><G120/><T34/><D130/><U62/><E108/><V4/><F69/><N who="3" m="26123" /><G60/><T15/><D1/><U125/><E117/><N who="3" m="45162" /><G128/><T10/><D123/><U98/><E62/><V119/><F119/><W59/><G59/><T11/><D126/><N who="1" m="48747" /><E129/><V112/><F127/><W80/><G134/><N who="1" m="51242" /><E18/><V97/><F112/><W38/><G38/><T46/><D77/><N who="1" m="44463" /><E21/><V74/><F20/><W75/><G24/><T105/><D26/><U16/><E16/><V101/><F31/><W102/><G5/><T89/><D34/><U58/><E58/><V63/><F57/><W133/><G13/><T106/><D15/><U14/><E14/><V109/><F30/><W121/><G133/><T56/><D28/><U54/><E54/><V67/><F6/><W27/><G121/><T68/><D68/><U53/><E53/><V88/><F4/><W115/><G27/><T122/><D122/><U35/><E35/><V78/><F109/><W8/><G8/><T39/><D11/><U76/><E76/><V65/><F63/><W87/><G115/><T19/><D10/><U90/><AGARI ba="0,0" hai="85,86,90,95,98" m="44463,51242,48747" machi="90" ten="30,11700,0" yaku="18,1,20,1,34,2" doraHai="66" who="1" fromWho="1" sc="230,-39,240,117,290,-39,240,-39" /><INIT seed="1,1,0,5,4,122" ten="191,357,251,201" oya="1" hai0="9,118,100,43,7,57,3,34,1,18,13,96,102" hai1="107,44,36,52,15,93,22,110,95,98,116,6,128" hai2="81,8,123,26,62,12,88,85,99,50,87,19,129" hai3="20,77,113,65,130,54,67,72,103,131,86,117,11"/><U69/><E69/><V45/><F129/><N who="3" m="49163" /><G113/><T89/><D118/><U29/><E116/><V74/><F74/><W24/><G117/><T75/><D75/><U35/><E128/><V92/><F123/><W80/><G103/><T47/><D34/><U53/><E35/><V106/><F106/><W64/><G11/><T33/><D33/><U23/><E107/><V90/><F62/><W79/><G54/><T25/><D3/><U68/><E68/><V91/><F26/><W49/><G49/><T56/><D25/><U0/><E0/><V48/><REACH who="2" step="1"/><F45/><REACH who="2" ten="191,357,241,201" step="2"/><W120/><G120/><T28/><D47/><U2/><E44/><V76/><F76/><N who="3" m="46343" /><G72/><T104/><D104/><U17/><E36/><V132/><F132/><W42/><G42/><T126/><D43/><U134/><E134/><V31/><F31/><AGARI ba="1,1" hai="20,24,31,64,65,67,77,79" m="46343,49163" machi="31" ten="30,1000,0" yaku="19,1" doraHai="122" who="3" fromWho="2" sc="191,0,357,0,241,-13,201,23" /><INIT seed="2,0,0,3,2,20" ten="191,357,228,224" oya="2" hai0="2,51,67,86,26,52,127,104,34,15,94,113,125" hai1="102,103,87,120,79,19,40,124,126,60,112,27,77" hai2="57,41,63,53,75,130,109,39,101,65,71,12,45" hai3="24,88,69,5,123,22,90,61,38,37,68,25,14"/><V30/><F75/><W16/><G123/><T47/><D2/><U74/><E40/><V10/><F130/><W134/><G134/><T108/><D104/><U4/><E60/><V32/><F101/><W97/><G61/><T106/><D106/><U7/><E120/><V50/><F109/><W42/><G42/><T110/><D113/><U105/><E74/><V100/><F100/><W17/><G5/><T115/><D115/><U85/><E105/><V9/><REACH who="2" step="1"/><F12/><REACH who="2" ten="191,357,218,224" step="2"/><W117/><G14/><T56/><D15/><U46/><E112/><V133/><F133/><W43/><G117/><T33/><D108/><U131/><E103/><V98/><F98/><W44/><G97/><T99/><D110/><U118/><E102/><V80/><F80/><W62/><G38/><T82/><D99/><U129/><E131/><V6/><F6/><W64/><G69/><T21/><D94/><U36/><E129/><V72/><F72/><W76/><G76/><T128/><D128/><U92/><E36/><V89/><F89/><W116/><G116/><T59/><D82/><U48/><E118/><V28/><F28/><W0/><G0/><T91/><D91/><U70/><E70/><V23/><F23/><AGARI ba="0,1" hai="16,17,22,23,24,25,37,43,44,62,64,68,88,90" machi="23" ten="40,8000,1" yaku="9,1,52,2,54,2" doraHai="20" who="3" fromWho="2" sc="191,0,357,0,218,-80,224,90" /><INIT seed="3,0,0,5,1,27" ten="191,357,138,314" oya="3" hai0="30,36,32,37,28,119,25,53,61,71,45,10,0" hai1="70,131,68,48,82,12,21,89,102,73,87,127,74" hai2="92,49,43,125,33,80,39,78,14,24,113,38,17" hai3="57,94,72,8,77,19,42,96,56,7,62,18,111"/><W6/><G111/><T86/><D119/><U22/><E102/><V26/><F113/><W112/><G112/><T63/><D86/><U3/><E3/><V118/><F118/><W16/><G72/><T124/><D124/><U67/><E48/><V75/><F125/><W31/><G77/><T116/><D116/><U135/><E127/><V79/><F79/><W35/><G42/><T120/><D120/><U46/><E46/><V99/><F26/><W83/><G83/><T81/><D81/><U129/><E135/><V51/><F51/><W134/><G134/><T117/><D117/><U98/><E98/><V55/><F43/><W41/><G41/><T110/><D110/><U2/><E2/><V103/><F14/><W9/><G31/><T64/><D28/><U23/><E12/><V11/><F11/><N who="3" m="4171" /><G35/><T29/><D29/><U34/><E34/><V114/><F114/><W133/><G133/><T5/><D45/><U44/><E44/><V66/><F66/><N who="3" m="39239" /><G57/><T123/><D123/><U85/><E85/><V4/><F4/><W59/><G59/><T54/><D61/><N who="1" m="40047" /><E70/><V52/><F33/><W90/><AGARI ba="0,0" hai="6,7,16,18,19,90,94,96" m="39239,4171" machi="90" ten="30,3000,0" yaku="8,1,54,1" doraHai="27" who="3" fromWho="3" sc="191,-10,357,-10,138,-10,314,30" /><INIT seed="3,1,0,1,0,3" ten="181,347,128,344" oya="3" hai0="23,74,5,34,76,84,132,26,45,61,103,63,79" hai1="55,88,117,116,43,70,35,135,123,2,10,106,69" hai2="7,111,127,50,22,86,28,89,75,65,66,31,15" hai3="12,20,47,60,24,133,81,107,105,37,110,4,53"/><W54/><G37/><T64/><D132/><U48/><E135/><V18/><F75/><W129/><G133/><T114/><D34/><U32/><E123/><V6/><F111/><W72/><G110/><T29/><D74/><U97/><E43/><V52/><F127/><W42/><G129/><T11/><D114/><U85/><E32/><V57/><F66/><W112/><G112/><T128/><D128/><U30/><E30/><N who="2" m="11307" /><F65/><W51/><G24/><T49/><D103/><N who="1" m="62831" /><E10/><V93/><AGARI ba="1,0" hai="6,7,15,18,22,50,52,57,86,89,93" m="11307" machi="93" ten="30,8000,1" yaku="25,1,8,1,52,2,54,1" doraHai="3" who="2" fromWho="2" sc="181,-21,347,-21,128,83,344,-41" owari="160,-34.0,326,42.6,211,-18.9,303,10.3" /></mjloggm>