<mjloggm ver="2.3"><GO type="225" lobby="0"/><UN n0="%6E%69%63%6B%6C%6F%77" n1="%E3%81%86%E3%83%BC%E3%81%B1%E3%83%BC" n2="%E6%BC%AB%E6%89%8D%E9%BA%BB%E5%B0%86%E5%91%86%E5%91%86" n3="%4C%4F%4C%49%54%41" dan="16,16,16,16" rate="2094.26,2174.41,2053.43,2139.74" sx="F,F,F,F"/><TAIKYOKU oya="0"/><INIT seed="0,0,0,2,1,107" ten="250,250,250,250" oya="0" hai0="123,115,32,101,9,130,69,4,34,108,64,22,94" hai1="75,45,124,33,104,85,128,46,29,99,89,27,80" hai2="98,20,71,112,121,11,109,61,102,88,14,12,132" hai3="120,15,13,16,26,66,36,5,122,114,100,129,126"/><T18/><D115/><U68/><E68/><V28/><F121/><N who="3" m="46699" /><G114/><T2/><D123/><U63/><E124/><V74/><F112/><W105/><G36/><T79/><D69/><U38/><E38/><V113/><F113/><W42/><G42/><T96/><D64/><U21/><E128/><V77/><F109/><W55/><G66/><T134/><D130/><U86/><E63/><V37/><F37/><W8/><G129/><T72/><D134/><U119/><E119/><V30/><F132/><W131/><G131/><T47/><D47/><U59/><E59/><V3/><F71/><W43/><G43/><T35/><D108/><U65/><E65/><V6/><F61/><W17/><G55/><T93/><D93/><N who="1" m="54447" /><E86/><V87/><F102/><W56/><G56/><T52/><D52/><U118/><E33/><V110/><F110/><W54/><G54/><T62/><D62/><U57/><E57/><V48/><F48/><W90/><G90/><T116/><D116/><U91/><E91/><V135/><F135/><W78/><G78/><T125/><D125/><U10/><E118/><V60/><F60/><W51/><G51/><T44/><D44/><U103/><E10/><V95/><F98/><N who="3" m="61591" /><G126/><T50/><D50/><U58/><E58/><V49/><F49/><W1/><G26/><T23/><REACH who="0" step="1"/><D18/><AGARI ba="0,0" hai="1,5,8,13,15,16,17,18" m="61591,46699" machi="18" ten="30,2000,0" yaku="13,1,54,1" doraHai="107" who="3" fromWho="0" sc="250,-20,250,0,250,0,250,20" /><INIT seed="1,0,0,2,4,18" ten="230,250,250,270" oya="1" hai0="108,93,32,95,73,59,23,102,117,36,125,2,114" hai1="92,48,38,68,72,62,46,121,26,28,131,22,0" hai2="66,109,133,77,24,61,116,17,112,34,25,5,98" hai3="55,87,37,49,99,130,80,27,11,52,60,15,135"/><U29/><E121/><V3/><F116/><W57/><G130/><T132/><RYUUKYOKU type="yao9" ba="0,0" sc="230,0,250,0,250,0,270,0" hai0="2,23,32,36,59,73,93,95,102,108,114,117,125,132" /><INIT seed="1,1,0,0,5,5" ten="230,250,250,270" oya="1" hai0="121,43,125,74,102,47,39,85,27,115,133,52,17" hai1="8,124,36,106,111,15,122,81,123,46,119,108,131" hai2="105,58,135,112,78,80,26,40,83,49,31,16,53" hai3="33,84,7,118,21,20,120,126,76,4,90,71,95"/><U79/><E106/><V1/><F105/><W128/><G120/><T94/><D115/><U113/><E119/><V32/><F1/><W35/><G71/><T22/><D121/><U88/><E113/><V19/><F112/><W110/><G110/><N who="1" m="42026" /><E124/><V3/><F3/><W34/><G128/><T91/><D125/><U55/><E131/><V2/><F2/><W97/><G126/><T23/><D133/><U103/><E103/><V65/><F135/><W68/><G68/><T117/><D117/><U38/><E55/><V63/><F40/><W62/><G62/><T50/><D102/><U93/><E81/><V57/><REACH who="2" step="1"/><F80/><REACH who="2" ten="230,250,240,270" step="2"/><W114/><G114/><T98/><D74/><AGARI ba="1,1" hai="16,19,26,31,32,49,53,57,58,63,65,74,78,83" machi="74" ten="30,8000,1" yaku="1,1,2,1,7,1,54,1,53,1" doraHai="5" doraHaiUra="60" who="2" fromWho="0" sc="230,-83,250,0,240,93,270,0" /><INIT seed="2,0,0,4,5,85" ten="147,250,333,270" oya="2" hai0="79,111,83,64,94,27,132,119,124,32,78,106,92" hai1="118,45,16,115,72,113,69,28,15,71,6,10,56" hai2="121,130,26,37,8,17,1,135,21,112,3,87,11" hai3="125,98,40,20,131,34,5,109,47,89,54,116,82"/><V108/><F112/><W14/><G116/><T29/><D119/><U80/><E118/><V30/><F37/><W39/><G34/><T120/><D111/><U126/><E28/><V38/><F38/><W107/><G109/><T7/><D120/><U133/><E45/><V73/><F73/><W88/><G125/><T52/><D106/><U55/><E126/><V84/><F108/><W65/><G131/><T24/><D124/><U19/><E133/><V13/><F121/><W60/><G54/><T23/><D64/><U63/><E71/><V42/><F42/><W114/><G114/><T0/><D132/><U58/><E69/><V81/><F135/><W90/><G107/><T12/><D78/><U22/><E19/><V68/><F68/><W49/><G39/><T61/><D0/><U102/><E102/><V53/><F87/><N who="3" m="50423" /><G98/><T76/><D76/><U91/><E58/><V4/><F130/><W44/><G47/><T86/><D12/><U51/><E63/><V66/><F66/><W36/><G36/><T93/><D7/><U59/><E59/><V67/><F67/><W110/><G110/><T74/><D61/><U2/><E72/><V134/><F134/><W50/><G50/><T9/><D9/><U117/><E117/><V77/><F53/><W95/><G95/><T43/><D43/><U57/><E57/><V104/><F104/><W103/><G103/><T127/><D127/><U41/><E41/><V101/><F101/><W75/><G75/><T25/><D52/><U123/><E123/><V105/><F105/><W100/><G40/><T96/><D32/><RYUUKYOKU ba="0,0" sc="147,-15,250,15,333,15,270,-15" hai1="2,6,10,15,16,22,51,55,56,80,91,113,115" hai2="1,3,4,8,11,13,17,21,26,30,77,81,84" /><INIT seed="2,1,0,1,4,81" ten="132,265,348,255" oya="2" hai0="43,64,72,79,111,66,54,55,124,8,13,98,67" hai1="96,42,122,75,89,29,30,36,113,4,50,123,102" hai2="3,62,10,103,28,114,110,70,17,47,31,107,130" hai3="61,16,63,33,57,18,41,134,133,1,131,121,115"/><V34/><F114/><W91/><G121/><N who="1" m="46090" /><E113/><V6/><F130/><W69/><G115/><T48/><D72/><U77/><E36/><V51/><F17/><W108/><G108/><T129/><D111/><U21/><E89/><V84/><F110/><W0/><G131/><T39/><D129/><U24/><E4/><V87/><F28/><W2/><G33/><T23/><D23/><U120/><E120/><V78/><F78/><W14/><G41/><T40/><D79/><U126/><E126/><V45/><F45/><W52/><G91/><T104/><D124/><U15/><E15/><V65/><F51/><W135/><G14/><T27/><D98/><U7/><E7/><V35/><F47/><W100/><G100/><T97/><D27/><U109/><E109/><V95/><F95/><W117/><G117/><T85/><D97/><U80/><E42/><N who="0" m="15913" /><D104/><N who="1" m="63559" /><E50/><V53/><F35/><W86/><G86/><T116/><D116/><U101/><E101/><V5/><F5/><W49/><G49/><T128/><D39/><U93/><E93/><V68/><F103/><W76/><G76/><T127/><D127/><U12/><E12/><V90/><F107/><W88/><G88/><T60/><D128/><U25/><E25/><N who="2" m="18799" /><F90/><W32/><G32/><T132/><D60/><U83/><E83/><V92/><F92/><W22/><G22/><T118/><D118/><U20/><E20/><V71/><F6/><W99/><G99/><T44/><D85/><U37/><E37/><V82/><F87/><W46/><G46/><T9/><D44/><U112/><E112/><V119/><F119/><RYUUKYOKU ba="1,0" sc="132,-15,265,15,348,-15,255,15" hai1="21,24,29,30,75,77,80" hai3="0,1,2,16,18,52,57,61,63,69,133,134,135" /><INIT seed="3,2,0,5,5,88" ten="117,280,333,270" oya="3" hai0="107,41,110,124,95,94,128,23,59,90,5,57,134" hai1="112,55,18,12,36,3,25,91,119,129,32,38,9" hai2="56,53,68,16,70,45,64,121,115,2,116,75,113" hai3="61,104,84,10,122,105,66,48,26,83,98,43,21"/><W81/><G122/><T27/><D110/><U8/><E112/><V108/><F116/><W130/><G130/><T34/><D128/><U72/><E129/><V102/><F75/><W19/><G98/><T76/><D124/><U40/><E40/><V15/><F2/><W111/><G111/><T63/><D134/><U126/><E72/><V37/><F108/><W13/><G48/><T22/><D34/><U51/><E126/><V109/><F109/><W67/><G43/><T11/><D107/><U77/><E77/><V0/><F0/><W4/><G66/><T103/><D76/><U73/><E73/><V127/><F127/><W44/><G44/><T54/><D41/><U80/><E119/><V7/><F7/><W131/><G131/><T35/><D35/><U93/><E80/><V39/><F121/><W31/><G81/><T118/><D118/><U58/><E8/><V114/><F45/><W89/><REACH who="3" step="1"/><G4/><REACH who="3" ten="117,280,333,260" step="2"/><T82/><D82/><U125/><E125/><V71/><F64/><W100/><G100/><T133/><D133/><U20/><E32/><V96/><F96/><W87/><G87/><T65/><D103/><U85/><E3/><V123/><F102/><W74/><G74/><T92/><D90/><U60/><E51/><N who="2" m="30783" /><F123/><W17/><G17/><AGARI ba="2,1" hai="9,12,17,18,20,25,36,38,55,58,60,85,91,93" machi="17" ten="30,2000,0" yaku="7,1,52,1" doraHai="88" who="1" fromWho="3" sc="117,0,280,36,333,0,260,-26" owari="117,-38.3,316,11.6,333,43.3,234,-16.6" /></mjloggm>