<mjloggm ver="2.3"><GO type="225" lobby="0"/><UN n0="%E3%83%A9%E3%83%BC%E3%83%A1%E3%83%B3%E4%BA%94%E9%83%8E" n1="%E6%B5%81%E3%82%8C%EF%BC%9F%53%4F%41" n2="%E3%83%A9%E3%82%A4%E3%83%B3%E3%81%AE%E8%99%8E" n3="%E5%B8%86%E7%AB%8B%E5%A4%8F%E8%A1%A3" dan="16,17,16,17" rate="2149.02,2229.67,2139.85,2156.47" sx="M,M,M,M"/><TAIKYOKU oya="0"/><INIT seed="0,0,0,2,3,83" ten="250,250,250,250" oya="0" hai0="131,90,33,19,42,8,86,20,5,4,57,3,59" hai1="113,30,0,43,76,89,93,28,39,67,51,54,7" hai2="52,125,120,29,35,119,61,122,80,50,87,65,78" hai3="110,56,15,71,106,55,107,134,48,62,88,92,116"/><T32/><D131/><U103/><E113/><V108/><F108/><W70/><G116/><T64/><D5/><U104/><E67/><V66/><F66/><W53/><G110/><T95/><D42/><U132/><E76/><V10/><F119/><W75/><G75/><T31/><D64/><U41/><E104/><V129/><F129/><W81/><G134/><T79/><D79/><U115/><E132/><V102/><F125/><W77/><G106/><T94/><D94/><U130/><E130/><V74/><F102/><W47/><G107/><T96/><D96/><U17/><E103/><V21/><F35/><W91/><G15/><N who="0" m="9343" /><D33/><U111/><E111/><V16/><F10/><W126/><G126/><T121/><D121/><U127/><E127/><V82/><F29/><N who="1" m="11369" /><E7/><V25/><F80/><W49/><G62/><T109/><D109/><U40/><E39/><V63/><F74/><W60/><G60/><T118/><D118/><U85/><E0/><V135/><F63/><W73/><REACH who="3" step="1"/><G91/><REACH who="3" ten="250,250,250,240" step="2"/><T128/><D128/><U22/><E115/><V98/><F135/><W44/><G44/><T97/><D97/><AGARI ba="0,1" hai="47,48,49,53,55,56,70,71,73,77,81,88,92,97" machi="97" ten="30,3900,0" yaku="1,1,7,1,54,1,53,0" doraHai="83" doraHaiUra="69" who="3" fromWho="0" sc="250,-39,250,0,250,0,240,49" /><INIT seed="1,0,0,3,5,85" ten="211,250,250,289" oya="1" hai0="45,71,19,118,8,43,80,6,57,66,74,95,111" hai1="105,2,1,63,16,49,4,51,50,65,9,130,122" hai2="87,61,42,7,44,82,109,39,58,129,77,84,107" hai3="96,60,27,127,100,15,128,89,124,41,119,28,83"/><U81/><E122/><V33/><F109/><W10/><G119/><T78/><D111/><U34/><E34/><V62/><F129/><W20/><G128/><T106/><D106/><U131/><E2/><V125/><F125/><N who="3" m="48203" /><G41/><T135/><D118/><U103/><E81/><V116/><F116/><W25/><G25/><T5/><D135/><U26/><E103/><V38/><F107/><W47/><G47/><T73/><D73/><U22/><REACH who="1" step="1"/><E105/><REACH who="1" ten="211,240,250,289" step="2"/><V104/><F33/><W48/><G100/><T92/><D80/><U18/><E18/><V29/><F104/><W102/><G102/><T134/><D19/><U101/><E101/><V97/><F82/><W91/><G83/><T46/><D74/><U123/><E123/><V70/><F77/><W52/><G91/><T40/><D78/><U0/><E0/><V21/><F7/><W14/><G89/><T113/><D5/><U120/><E120/><V117/><F117/><W56/><G28/><T64/><D6/><U108/><E108/><V90/><F90/><W112/><G112/><T132/><D132/><U12/><E12/><V53/><F29/><N who="3" m="17639" /><G15/><T3/><D134/><U121/><E121/><V115/><F115/><W75/><G75/><T94/><D113/><U11/><E11/><V79/><F79/><W55/><G14/><T126/><D126/><U30/><E30/><V24/><F21/><W54/><G10/><T17/><D8/><U13/><E13/><V69/><F24/><W59/><G96/><T99/><D99/><U133/><E133/><V114/><F97/><W76/><G76/><T23/><D23/><RYUUKYOKU ba="0,1" sc="211,-15,240,15,250,-15,289,15" hai1="1,4,9,16,22,26,49,50,51,63,65,130,131" hai3="48,52,54,55,56,59,60" /><INIT seed="1,1,1,0,1,122" ten="196,255,235,304" oya="1" hai0="16,117,118,110,22,78,21,24,9,39,63,80,69" hai1="93,32,131,1,12,67,98,124,15,4,53,99,132" hai2="87,126,35,113,17,109,130,30,125,75,50,56,36" hai3="104,47,58,77,108,60,96,84,106,25,6,123,127"/><U92/><E32/><V121/><F75/><W45/><G108/><T27/><D39/><U81/><E131/><V54/><F121/><W82/><G123/><T100/><D100/><U74/><E124/><N who="2" m="47723" /><F130/><W116/><G127/><T79/><D9/><U134/><E67/><V89/><F113/><W23/><G116/><T115/><D115/><U10/><E53/><V46/><F109/><W3/><G3/><T103/><D103/><U86/><E74/><V68/><F68/><W11/><G96/><T55/><D110/><U59/><E59/><V120/><F120/><W62/><G62/><T97/><D97/><U41/><E41/><N who="2" m="22823" /><F17/><W19/><G104/><T5/><D5/><U7/><E7/><V37/><F37/><W133/><G133/><N who="1" m="51306" /><E93/><N who="2" m="54463" /><F30/><W70/><G106/><T49/><D69/><U33/><E33/><AGARI ba="1,1" hai="33,35,50,54,56" m="54463,22823,47723" machi="33" ten="30,1000,0" yaku="18,1" doraHai="122" who="2" fromWho="1" sc="196,0,255,-13,235,23,304,0" /><INIT seed="2,0,0,5,2,108" ten="196,242,258,304" oya="2" hai0="37,102,44,62,122,89,120,132,27,70,123,73,116" hai1="92,80,71,117,2,50,129,86,61,21,38,109,94" hai2="83,88,43,26,57,23,130,124,87,110,84,68,121" hai3="113,118,75,101,29,74,58,19,25,98,107,63,128"/><V40/><F68/><W85/><G113/><T45/><D73/><U126/><E109/><V112/><F110/><W28/><G118/><T78/><D78/><U33/><E33/><V9/><F121/><W119/><G128/><T34/><D102/><U55/><E2/><V56/><F112/><W30/><G119/><T42/><D116/><U18/><E117/><V96/><F124/><W133/><G133/><T36/><D132/><U79/><E38/><V66/><F130/><W52/><G85/><T134/><D134/><U24/><E126/><V39/><F9/><W17/><G17/><T4/><D4/><U8/><E129/><V106/><F39/><W10/><G25/><T54/><D89/><U81/><E8/><V67/><F106/><W95/><G107/><T111/><D27/><U127/><E127/><V104/><F96/><W82/><G82/><T90/><D90/><U64/><REACH who="1" step="1"/><E81/><REACH who="1" ten="196,232,258,304" step="2"/><V114/><F83/><W22/><G10/><T14/><D34/><U11/><E11/><V131/><F131/><W48/><G22/><T53/><D111/><U105/><E105/><V13/><F23/><W51/><G19/><T20/><D20/><U76/><E76/><V1/><F104/><W49/><AGARI ba="0,1" hai="28,29,30,48,49,51,52,58,63,74,75,95,98,101" machi="49" ten="30,2000,0" yaku="0,1,54,1" doraHai="108" who="3" fromWho="3" sc="196,-5,232,-5,258,-10,304,30" /><INIT seed="3,0,0,5,0,13" ten="191,227,248,334" oya="3" hai0="60,130,7,108,129,79,105,45,100,120,115,39,96" hai1="117,114,106,87,80,110,101,134,59,57,51,43,35" hai2="90,123,133,29,64,30,17,88,0,16,14,107,44" hai3="116,15,37,46,102,20,3,135,11,22,49,89,91"/><W77/><G116/><T132/><D120/><U8/><E114/><V99/><F0/><W5/><G135/><T19/><D7/><U86/><E35/><V78/><F107/><W98/><G37/><T111/><D132/><U81/><E134/><V109/><F133/><W73/><G73/><T32/><D32/><U9/><E106/><V103/><F123/><W85/><G3/><T84/><D115/><U95/><E110/><N who="0" m="42025" /><D60/><U63/><E117/><V68/><F109/><W4/><G4/><T52/><D79/><N who="1" m="46367" /><E95/><N who="2" m="58879" /><F68/><W27/><G77/><T33/><D33/><U112/><E101/><V40/><F64/><W25/><G102/><T55/><D84/><U66/><E112/><V118/><F118/><W126/><G98/><T56/><D56/><U76/><E57/><V65/><F65/><W58/><G58/><T28/><D28/><N who="2" m="10858" /><F78/><W41/><G126/><T12/><D39/><U75/><E75/><V92/><F14/><W54/><G15/><T128/><D45/><AGARI ba="0,0" hai="8,9,43,45,51,59,63,66,76,81,87" m="46367" machi="45" ten="30,1000,0" yaku="8,1" doraHai="13" who="1" fromWho="0" sc="191,-10,227,10,248,0,334,0" owari="181,-31.9,237,-16.3,248,4.8,334,43.4" /></mjloggm>