<mjloggm ver="2.3"><GO type="225" lobby="0"/><UN n0="%E5%86%B7%E5%87%8D%E3%82%AE%E3%83%A7%E3%83%BC%E3%82%B6" n1="%33%74%72%65%65" n2="%E3%81%86%E3%82%8C%E3%81%9F%E3%82%93%E6%9E%95" n3="%E3%81%A8%E3%82%93%E3%81%A8%E3%81%93%E3%81%A8%E3%82%93" dan="16,16,16,16" rate="2138.06,2138.90,2101.94,2109.16" sx="M,F,F,M"/><TAIKYOKU oya="0"/><INIT seed="0,0,0,2,0,116" ten="250,250,250,250" oya="0" hai0="65,85,72,99,108,16,121,110,13,117,128,64,51" hai1="18,105,29,2,115,9,113,87,111,23,83,112,118" hai2="57,22,47,131,91,4,7,33,40,93,88,5,125" hai3="0,103,82,49,41,6,92,107,54,3,68,67,24"/><T62/><D117/><U53/><E118/><V114/><F114/><W66/><G107/><T126/><D72/><U129/><E111/><N who="0" m="42537" /><D126/><U19/><E129/><V20/><F131/><W96/><G41/><T21/><D128/><U44/><E105/><V52/><F33/><W78/><G68/><N who="0" m="42007" /><D65/><U75/><E75/><V69/><F69/><W100/><G100/><T95/><D51/><N who="1" m="28903" /><E29/><V135/><F135/><W46/><G24/><T26/><D85/><U98/><E98/><N who="2" m="57639" /><F125/><W63/><G6/><T94/><D121/><U76/><E23/><N who="2" m="8747" /><F91/><W31/><G31/><T30/><D99/><U71/><E71/><V120/><F120/><W123/><G123/><T43/><D43/><U133/><E133/><V42/><F47/><W130/><G130/><T134/><D134/><U70/><E70/><V58/><F58/><W36/><G36/><T61/><D61/><AGARI ba="0,0" hai="4,5,7,40,42,52,57,61" m="8747,57639" machi="61" ten="30,3900,0" yaku="8,1,54,2" doraHai="116" who="2" fromWho="0" sc="250,-39,250,0,250,39,250,0" /><INIT seed="1,0,0,2,1,101" ten="211,250,289,250" oya="1" hai0="73,10,115,12,107,98,79,130,54,34,97,94,96" hai1="66,37,28,133,111,121,102,110,7,85,123,120,35" hai2="91,29,105,36,21,77,90,106,134,61,40,64,82" hai3="47,14,109,25,41,125,22,113,116,58,30,57,72"/><U55/><E133/><V18/><F134/><W8/><G113/><T118/><D115/><U117/><E117/><V20/><F36/><W67/><G72/><T2/><D118/><U93/><E37/><V6/><F40/><W78/><G116/><T13/><D130/><U132/><E132/><V39/><F39/><W23/><G109/><N who="1" m="41482" /><E66/><V5/><F29/><W60/><G125/><T56/><D34/><U135/><E135/><V0/><F0/><W128/><G128/><T127/><D127/><U86/><E7/><V87/><F5/><W62/><G78/><T42/><D42/><U1/><E1/><V26/><F6/><W45/><G23/><T89/><D2/><U53/><E102/><V48/><F48/><W65/><REACH who="3" step="1"/><G41/><REACH who="3" ten="211,250,289,240" step="2"/><T11/><D79/><U108/><E108/><V15/><F77/><W68/><G68/><T103/><D73/><U44/><E123/><V17/><F91/><W70/><G70/><AGARI ba="0,1" hai="15,17,18,20,21,26,61,64,70,82,87,90,105,106" machi="70" ten="30,3900,0" yaku="7,1,52,2" doraHai="101" who="2" fromWho="3" sc="211,0,250,0,289,49,240,-39" /><INIT seed="2,0,0,2,0,2" ten="211,250,338,201" oya="2" hai0="108,86,118,66,12,72,48,117,63,34,52,51,71" hai1="17,4,53,15,36,69,75,30,65,101,33,80,23" hai2="127,29,6,55,100,60,62,37,95,44,121,99,83" hai3="41,45,104,92,22,76,93,32,16,9,115,94,79"/><V124/><F121/><W98/><G32/><T38/><D72/><U28/><E36/><V26/><F6/><W43/><G115/><T8/><D38/><U91/><E101/><V134/><F134/><W20/><G104/><T103/><D108/><U84/><E75/><V24/><F83/><W97/><G9/><T122/><D122/><U81/><E33/><V113/><F24/><W39/><G43/><T42/><D103/><U27/><E80/><V82/><F82/><W57/><G22/><T133/><D133/><U85/><E85/><V67/><F113/><W130/><G130/><T73/><D73/><U10/><REACH who="1" step="1"/><E53/><REACH who="1" ten="211,240,338,201" step="2"/><V102/><F37/><W61/><G79/><T135/><D34/><U106/><E106/><V110/><F102/><W58/><G76/><T123/><D86/><U129/><E129/><V19/><F55/><W35/><G35/><T128/><D123/><U21/><E21/><V78/><F78/><W132/><G132/><T112/><D128/><U14/><E14/><V47/><F100/><W46/><G39/><T107/><D107/><U126/><E126/><V64/><F124/><W119/><G119/><T111/><D112/><U109/><E109/><V31/><F127/><W56/><G61/><AGARI ba="0,1" hai="4,10,15,17,23,27,28,30,61,65,69,81,84,91" machi="61" ten="40,5200,0" yaku="1,1,52,1,53,1" doraHai="2" doraHaiUra="7" who="1" fromWho="3" sc="211,0,240,62,338,0,201,-52" /><INIT seed="3,0,0,5,2,84" ten="211,302,338,149" oya="3" hai0="28,98,121,13,81,53,51,129,44,16,61,67,4" hai1="78,119,108,54,8,93,0,125,18,27,120,105,89" hai2="85,47,76,55,101,41,75,114,82,132,21,17,86" hai3="73,62,25,124,115,111,77,127,104,38,74,122,50"/><W123/><G38/><T9/><D121/><N who="3" m="46089" /><G62/><T100/><D129/><U58/><E108/><V110/><F110/><W31/><G115/><T36/><D28/><U48/><E125/><N who="3" m="48202" /><G104/><T106/><D36/><U37/><E119/><V24/><F114/><W128/><G111/><T83/><REACH who="0" step="1"/><D4/><REACH who="0" ten="201,302,338,149" step="2"/><U90/><E37/><V109/><F109/><W3/><G128/><T134/><D134/><U69/><E120/><V11/><F132/><W32/><G3/><T113/><D113/><U10/><E0/><V79/><F75/><N who="3" m="28683" /><G50/><T135/><D135/><U117/><E48/><V40/><F41/><W118/><G77/><T99/><D99/><U29/><E78/><V60/><F40/><W130/><G130/><T103/><D103/><U12/><E29/><V92/><F101/><W88/><G118/><T133/><D133/><U126/><E117/><V33/><F79/><W80/><G80/><T91/><D91/><AGARI ba="0,1" hai="25,31,32,88,91" m="28683,48202,46089" machi="91" ten="40,12000,1" yaku="18,1,52,2,54,1" doraHai="84" who="3" fromWho="0" sc="201,-120,302,0,338,0,149,130" /><INIT seed="3,1,0,0,0,130" ten="81,302,338,279" oya="3" hai0="102,78,7,119,114,120,67,125,11,61,70,47,3" hai1="135,21,17,37,63,134,93,54,10,73,6,96,83" hai2="12,58,60,20,115,91,24,41,45,59,68,113,75" hai3="90,55,86,123,51,4,88,133,29,28,44,128,13"/><W80/><G123/><T64/><D119/><U89/><E37/><V101/><F75/><W98/><G128/><T31/><D125/><U26/><E73/><V69/><F101/><W22/><G133/><N who="1" m="50698" /><E83/><V109/><F109/><W126/><G126/><T39/><D114/><U56/><E10/><V132/><F12/><W19/><REACH who="3" step="1"/><G4/><AGARI ba="1,0" hai="4,6,17,21,26,54,56,63,89,93,96" m="50698" machi="4" ten="30,8000,1" yaku="25,1,20,1,52,3" doraHai="130" who="1" fromWho="3" sc="81,0,302,83,338,0,279,-83" owari="81,-41.9,385,48.5,338,13.8,196,-20.4" /></mjloggm>