<mjloggm ver="2.3"><GO type="225" lobby="0"/><UN n0="%E2%91%A3%E9%81%BF%E9%81%8A%E6%88%AF%E3%80%90%E6%9D%B1%E5%8D%97%E3%80%91" n1="%43%68%65" n2="%E6%80%AA%E3%81%97%E3%81%99%E3%81%8E%E3%82%8B%E3%83%81%E3%83%BC" n3="%70%68%65%6E%6F%6D%65" dan="16,16,16,17" rate="2115.02,2173.74,2151.01,2176.59" sx="M,M,M,M"/><TAIKYOKU oya="0"/><INIT seed="0,0,0,1,4,100" ten="250,250,250,250" oya="0" hai0="58,68,37,96,72,102,3,94,7,109,101,4,70" hai1="43,112,56,127,51,135,82,134,8,91,107,105,69" hai2="44,77,29,0,40,122,21,60,12,13,10,131,117" hai3="132,27,25,50,6,97,113,9,14,65,87,39,126"/><T103/><D72/><U114/><E69/><V128/><F122/><W110/><G39/><T89/><D37/><U22/><E127/><V118/><F77/><W16/><G113/><N who="1" m="43626" /><E8/><V57/><F0/><W55/><G126/><T129/><D3/><U32/><E32/><V59/><F59/><W90/><G110/><T121/><D121/><U78/><E91/><V84/><F84/><W71/><G132/><N who="1" m="50730" /><E22/><V47/><F21/><W30/><G65/><T74/><D74/><N who="1" m="43351" /><E43/><V26/><F10/><W88/><G71/><T106/><D70/><U63/><E51/><V64/><F40/><W92/><G30/><T54/><D68/><U23/><E23/><N who="2" m="15583" /><F13/><W104/><G6/><T73/><D7/><U61/><E61/><V83/><F12/><W81/><G104/><T108/><D4/><U41/><E41/><V45/><F83/><W80/><G81/><T53/><D73/><U119/><E119/><AGARI ba="0,0" hai="44,45,47,57,60,64,117,118,119,128,131" m="15583" machi="119" ten="30,1000,0" yaku="12,1" doraHai="100" who="2" fromWho="1" sc="250,0,250,-10,250,10,250,0" /><INIT seed="1,0,0,3,5,12" ten="250,240,260,250" oya="1" hai0="49,3,38,69,48,121,114,36,73,119,23,27,7" hai1="104,42,41,130,113,62,97,11,15,90,125,57,100" hai2="71,21,70,103,13,78,133,29,56,109,65,111,16" hai3="112,99,116,51,25,95,17,33,2,134,9,68,54"/><U85/><E113/><V30/><F133/><W14/><G112/><T76/><D114/><U5/><E125/><V115/><F115/><W128/><G134/><T129/><D69/><N who="2" m="26122" /><F78/><W10/><G68/><T74/><D119/><U46/><E46/><V43/><F103/><W98/><G116/><T19/><D121/><U120/><E130/><V32/><F43/><W102/><G128/><T127/><D129/><U126/><E126/><V117/><F32/><W107/><G33/><T72/><D76/><U24/><E24/><V20/><F20/><W118/><G25/><T87/><D87/><U58/><E58/><V55/><F65/><W101/><G118/><T124/><D127/><U18/><E5/><V105/><F105/><W67/><G67/><T91/><D91/><U96/><E96/><V26/><F26/><W80/><G80/><T66/><D66/><U86/><E86/><V8/><F8/><W63/><G63/><T132/><D132/><U135/><E120/><V28/><F117/><W1/><REACH who="3" step="1"/><G10/><REACH who="3" ten="250,240,260,240" step="2"/><T81/><D81/><U59/><E135/><V50/><F111/><W61/><G61/><T79/><D124/><U44/><E62/><V45/><F109/><W93/><G93/><T53/><D27/><U6/><E104/><V52/><F29/><W31/><G31/><T22/><D74/><U110/><E110/><V106/><F106/><W122/><G122/><T94/><D73/><U0/><E11/><V60/><F30/><W77/><G77/><T47/><D79/><U123/><E123/><V39/><F28/><W131/><G131/><T4/><D72/><RYUUKYOKU ba="0,1" sc="250,-15,240,-15,260,15,240,15" hai2="13,16,21,39,45,50,52,55,56,60" hai3="1,2,9,14,17,51,54,95,98,99,101,102,107" /><INIT seed="2,1,1,2,2,112" ten="235,225,275,255" oya="2" hai0="46,97,123,119,53,39,26,107,65,135,6,99,116" hai1="125,122,27,22,134,66,18,81,131,42,33,67,9" hai2="2,43,28,100,8,19,3,95,16,15,127,88,0" hai3="61,91,92,71,132,30,24,110,40,20,121,106,70"/><V17/><F127/><W37/><G121/><T82/><D123/><U115/><E115/><V130/><F130/><W102/><G110/><T13/><D135/><U35/><E122/><V117/><F117/><N who="0" m="45130" /><D107/><U38/><E134/><V69/><F69/><W126/><G126/><T54/><D65/><U120/><E67/><V87/><F28/><W52/><G102/><T79/><D26/><U45/><E125/><V62/><F62/><W58/><G106/><T83/><D39/><U75/><E131/><V103/><REACH who="2" step="1"/><F43/><REACH who="2" ten="235,225,265,255" step="2"/><W104/><G132/><T11/><D83/><U29/><E81/><V57/><F57/><W80/><G80/><T25/><D46/><U51/><E45/><V124/><F124/><W111/><G71/><T133/><D133/><U34/><E120/><V32/><F32/><W60/><G70/><T1/><D82/><U96/><E35/><V21/><F21/><W59/><G58/><T68/><D79/><U129/><E34/><V10/><F10/><W47/><G111/><T105/><D68/><U49/><E9/><V108/><F108/><W36/><G61/><T98/><D105/><U7/><E129/><V101/><AGARI ba="1,2" hai="0,2,3,8,15,16,17,19,87,88,95,100,101,103" machi="101" ten="40,12000,1" yaku="1,1,0,1,54,2,53,0" doraHai="112" doraHaiUra="93" who="2" fromWho="2" sc="235,-41,225,-41,265,143,255,-41" /><INIT seed="2,2,0,1,5,121" ten="194,184,408,214" oya="2" hai0="75,72,93,17,4,123,130,88,112,49,113,65,28" hai1="3,41,2,78,95,25,32,116,132,108,128,77,59" hai2="13,55,50,109,85,43,33,8,1,57,124,80,21" hai3="91,6,12,40,73,51,118,131,70,54,127,92,86"/><V134/><F33/><W56/><G118/><T61/><D123/><U66/><E116/><V117/><F1/><W135/><G127/><T120/><D120/><U9/><E41/><V67/><F134/><W81/><G135/><T39/><D39/><U48/><E132/><V37/><F21/><W20/><G131/><T115/><D130/><U23/><E32/><V62/><F124/><W42/><G70/><T99/><D28/><U126/><E126/><V52/><F37/><W10/><REACH who="3" step="1"/><G20/><REACH who="3" ten="194,184,408,204" step="2"/><T11/><D112/><U111/><E128/><V30/><F117/><W31/><G31/><T101/><D115/><U36/><E23/><V84/><F30/><W24/><G24/><T83/><D113/><U87/><E25/><V105/><F8/><W129/><G129/><T133/><D133/><U26/><E26/><V29/><F29/><W14/><G14/><T15/><D4/><U22/><E22/><V76/><F13/><W97/><G97/><T34/><D34/><U94/><E9/><V45/><F105/><W27/><G27/><T74/><D15/><U53/><E3/><V90/><REACH who="2" step="1"/><F109/><REACH who="2" ten="194,184,398,204" step="2"/><W114/><G114/><T7/><D11/><U64/><E2/><V122/><F122/><W18/><G18/><T63/><D17/><U110/><E110/><V96/><F96/><W60/><G60/><T0/><D63/><U46/><E111/><V69/><F69/><W119/><G119/><T19/><D61/><U125/><E108/><V100/><F100/><W47/><G47/><T68/><D101/><U82/><E125/><V16/><F16/><W79/><AGARI ba="2,2" hai="6,10,12,40,42,51,54,56,73,79,81,86,91,92" machi="79" ten="30,7900,0" yaku="1,1,5,1,0,1,53,1" doraHai="121" doraHaiUra="106" who="3" fromWho="3" sc="194,-22,184,-22,398,-41,204,105" /><INIT seed="3,0,0,2,1,26" ten="172,162,357,309" oya="3" hai0="64,68,83,86,14,15,55,126,111,90,107,5,135" hai1="69,33,94,104,29,115,73,128,72,125,42,23,27" hai2="82,57,28,110,39,92,122,123,132,108,11,63,85" hai3="4,47,124,49,17,80,131,2,12,134,56,120,20"/><W116/><G116/><T31/><D111/><N who="2" m="42538" /><F132/><W133/><G120/><N who="2" m="46121" /><F28/><W37/><G131/><T61/><D31/><U10/><E104/><V129/><F39/><W118/><G118/><T59/><D107/><U38/><E115/><V18/><F92/><W96/><G124/><T0/><D126/><U16/><E69/><V114/><F129/><W24/><G37/><T117/><D135/><N who="3" m="51721" /><G56/><T67/><D117/><U9/><E125/><V71/><F71/><W32/><G80/><T84/><D68/><U21/><E128/><V40/><F40/><N who="3" m="24807" /><G96/><T62/><D84/><U30/><E42/><V106/><F106/><W95/><G95/><T76/><D86/><U1/><E38/><V41/><F41/><W66/><G66/><T119/><D64/><U19/><E94/><V51/><F51/><W65/><G65/><T93/><D67/><U25/><E33/><V113/><F57/><W98/><G98/><T13/><D61/><U121/><E121/><V45/><F63/><W54/><G54/><T52/><D55/><U8/><E8/><V100/><F45/><W101/><G101/><T77/><D119/><U89/><E89/><N who="2" m="51383" /><F100/><W53/><G53/><T35/><D52/><U50/><E50/><V60/><F60/><W70/><G70/><T88/><D93/><U99/><E99/><V7/><F18/><W91/><G91/><T6/><D90/><U36/><E36/><V22/><F22/><W105/><G105/><T74/><D88/><U97/><E97/><V102/><F102/><W127/><G127/><T78/><D62/><U58/><E58/><V48/><F48/><RYUUKYOKU ba="0,0" sc="172,-15,162,15,357,15,309,-15" hai1="1,9,10,16,19,21,23,25,27,29,30,72,73" hai2="7,11,113,114" owari="157,-34.3,177,-22.3,372,47.2,294,9.4" /></mjloggm>