<mjloggm ver="2.3"><GO type="225" lobby="0"/><UN n0="%37%2F%32%E3%81%AB%E7%94%9F%E3%81%BE%E3%82%8C%E3%81%A6" n1="%E3%83%A9%E3%82%B9%E7%8E%87%EF%BC%93%E5%89%B2" n2="%72%69%6F%75%63%68%61%6E" n3="%E3%82%B2%E3%82%B9%E8%8C%82%E5%8B%9D" dan="16,16,17,16" rate="2160.10,2184.22,2164.83,2066.24" sx="M,F,M,F"/><TAIKYOKU oya="0"/><INIT seed="0,0,0,3,1,23" ten="250,250,250,250" oya="0" hai0="18,115,19,17,28,103,11,87,108,45,119,81,55" hai1="122,30,90,70,73,54,34,13,105,53,59,80,86" hai2="8,2,83,68,77,24,72,6,65,39,114,12,71" hai3="74,26,52,42,82,113,16,107,116,124,57,41,14"/><T38/><D115/><U62/><E122/><V4/><F114/><W7/><G113/><T66/><D119/><U129/><E129/><V101/><F65/><W15/><G116/><T84/><D66/><U35/><E105/><V112/><F112/><W111/><G107/><T56/><D103/><U126/><E126/><V91/><F101/><W117/><G117/><T100/><D100/><U96/><E70/><V27/><F39/><W48/><G124/><T102/><D102/><U43/><E96/><V63/><F63/><W1/><G111/><T32/><D108/><U20/><E73/><V9/><REACH who="2" step="1"/><F91/><REACH who="2" ten="250,250,240,250" step="2"/><W22/><G1/><T104/><D38/><U29/><E90/><V58/><F58/><W21/><G7/><T121/><D56/><U97/><E62/><V118/><F118/><W125/><G125/><T0/><D121/><U130/><E59/><V79/><F79/><W44/><G57/><T31/><D104/><U25/><E130/><V88/><F88/><W69/><G69/><AGARI ba="0,1" hai="2,4,6,8,9,12,24,27,68,69,71,72,77,83" machi="69" ten="40,5200,0" yaku="1,1,52,2,53,0" doraHai="23" doraHaiUra="120" who="2" fromWho="3" sc="250,0,250,0,240,62,250,-52" /><INIT seed="1,0,0,2,0,69" ten="250,250,302,198" oya="1" hai0="89,30,114,111,46,43,29,90,2,106,39,48,112" hai1="11,16,101,31,108,121,120,28,60,10,130,55,56" hai2="75,64,97,123,0,25,3,42,32,129,45,102,70" hai3="81,98,44,132,14,66,67,95,53,82,41,105,127"/><U110/><E101/><V80/><F123/><N who="1" m="47177" /><E130/><V59/><F129/><W50/><G127/><T62/><D2/><U126/><E126/><V125/><F125/><W12/><G132/><T85/><D106/><U94/><E94/><V128/><F128/><W22/><G105/><T18/><D90/><U19/><E55/><V34/><F59/><W4/><G53/><T20/><D62/><U73/><E56/><V47/><F47/><W21/><G4/><T65/><D65/><U6/><E73/><V93/><F32/><W51/><G95/><T15/><D111/><N who="1" m="42539" /><E60/><V77/><F70/><W134/><G134/><T57/><D57/><U131/><E131/><V49/><REACH who="2" step="1"/><F64/><REACH who="2" ten="250,250,292,198" step="2"/><W116/><G44/><T8/><D114/><U115/><E115/><V38/><F38/><W5/><G67/><T78/><D112/><U88/><E88/><V104/><F104/><W58/><G66/><T9/><D9/><N who="1" m="3083" /><E6/><V100/><F100/><W61/><G58/><T54/><D78/><U23/><E23/><V133/><F133/><W76/><G21/><T117/><D117/><U74/><E74/><V36/><F36/><W96/><G22/><T17/><D39/><U135/><E135/><V71/><F71/><W113/><G116/><T99/><D54/><U1/><E1/><V40/><F40/><W13/><G113/><T33/><D43/><U68/><E68/><V91/><F91/><W7/><G41/><T35/><D46/><U122/><E122/><V87/><F87/><W72/><G5/><T24/><D85/><U83/><E83/><V103/><F103/><W52/><G7/><RYUUKYOKU ba="0,1" sc="250,-15,250,15,292,15,198,-15" hai1="16,19,28,31" hai2="0,3,25,34,42,45,49,75,77,80,93,97,102" /><INIT seed="1,1,1,5,2,1" ten="235,265,307,183" oya="1" hai0="25,131,50,104,79,18,94,85,10,89,27,119,51" hai1="49,65,66,76,54,52,60,28,58,87,93,11,102" hai2="70,7,117,108,88,4,106,113,134,42,63,43,83" hai3="86,78,48,111,68,6,135,0,67,61,31,100,129"/><U16/><E28/><V74/><F117/><W91/><G111/><T81/><D119/><U38/><E38/><V124/><F106/><W33/><G129/><T21/><D131/><U3/><E102/><V2/><F2/><W107/><G135/><T12/><D104/><U35/><E35/><V98/><F108/><W118/><G78/><T123/><D27/><U40/><E40/><N who="2" m="15403" /><F70/><W46/><G118/><T92/><D123/><U59/><E3/><V72/><F74/><W101/><G107/><T14/><D14/><N who="1" m="7263" /><E93/><N who="2" m="56615" /><F72/><W99/><G99/><N who="0" m="57743" /><D94/><U56/><E56/><V110/><F110/><W122/><G122/><T126/><D126/><U127/><E127/><V116/><F116/><W57/><G68/><T15/><D15/><U41/><E41/><V121/><F121/><W37/><G37/><T128/><D128/><U22/><E22/><V47/><F124/><W96/><G96/><T133/><D133/><U71/><E71/><V132/><F134/><W80/><G31/><AGARI ba="1,1" hai="10,12,18,21,25,31,50,51,79,81,85" m="57743" machi="31" ten="30,1000,0" yaku="8,1" doraHai="1" who="0" fromWho="3" sc="235,23,265,0,307,0,183,-13" /><INIT seed="2,0,0,0,1,82" ten="258,265,307,170" oya="2" hai0="48,50,70,131,118,45,22,51,119,39,3,26,71" hai1="72,23,31,1,105,86,92,55,95,38,62,6,99" hai2="54,84,29,103,65,130,104,91,59,88,21,110,89" hai3="101,108,134,112,120,33,7,60,128,123,41,9,30"/><V58/><F130/><W37/><G101/><T124/><D3/><U83/><E38/><V135/><F135/><W24/><G134/><T14/><D14/><U96/><E1/><V90/><F110/><W56/><G128/><T61/><D131/><U76/><E6/><V94/><F65/><W52/><G108/><T73/><D73/><U63/><E72/><V11/><F11/><W125/><G125/><T74/><D74/><U35/><E35/><V40/><F40/><W49/><G37/><T100/><D100/><N who="1" m="60423" /><E55/><V4/><F4/><W15/><REACH who="3" step="1"/><G112/><REACH who="3" ten="258,265,307,160" step="2"/><T77/><D124/><U122/><E122/><V10/><F103/><W93/><G93/><T69/><D39/><U67/><E105/><V98/><F104/><W111/><G111/><T75/><D119/><U2/><E95/><V53/><F98/><W19/><G19/><T129/><D118/><U115/><E99/><V57/><F10/><W66/><G66/><T85/><D129/><U36/><E67/><V42/><F42/><W20/><G20/><T46/><D22/><U97/><E97/><V106/><F106/><W43/><G43/><T0/><D71/><U12/><E36/><V126/><F126/><W107/><G107/><T78/><D70/><U44/><E115/><V109/><F109/><W28/><G28/><T16/><D16/><N who="1" m="10631" /><E31/><V102/><F102/><W68/><G68/><T5/><D69/><U32/><E32/><V34/><F34/><W113/><G113/><T18/><D18/><U47/><E2/><V79/><N who="2" m="22528" /><DORA hai="17" /><V114/><F94/><W81/><G81/><N who="0" m="45247" /><D0/><U132/><E132/><RYUUKYOKU ba="0,1" sc="258,-15,265,15,307,-15,160,15" hai1="44,47,62,63,76,83,86" hai3="7,9,15,24,30,33,41,49,52,56,60,120,123" /><INIT seed="3,1,1,1,5,85" ten="243,280,292,175" oya="3" hai0="60,27,115,66,75,84,49,36,87,34,77,108,106" hai1="104,22,71,93,74,94,35,55,92,14,97,69,86" hai2="40,45,127,135,122,61,11,132,72,37,47,50,89" hai3="23,21,70,101,117,43,4,31,68,83,54,125,119"/><W19/><G43/><T51/><D36/><U13/><E74/><V53/><F72/><W5/><G125/><T25/><D75/><U78/><E35/><V80/><F127/><W28/><G83/><T6/><D6/><U82/><E69/><V1/><F122/><W3/><G101/><T65/><D106/><U112/><E71/><V111/><F111/><W76/><G54/><T121/><D34/><U48/><E112/><V100/><F100/><W96/><G96/><T30/><D30/><U120/><E120/><V126/><F126/><W44/><G44/><T133/><D108/><U2/><E2/><V17/><F61/><W88/><G19/><T41/><D60/><U99/><E22/><V16/><F1/><W109/><G3/><T134/><D41/><U90/><E104/><V131/><F131/><W123/><G109/><T81/><D81/><U114/><E114/><V129/><F129/><W116/><G116/><T113/><REACH who="0" step="1"/><D77/><REACH who="0" ten="233,280,292,175" step="2"/><U105/><E105/><V42/><F42/><W8/><G123/><AGARI ba="1,2" hai="25,27,49,51,65,66,84,87,113,115,121,123,133,134" machi="123" ten="25,6400,0" yaku="1,1,2,1,22,2,53,0" doraHai="85" doraHaiUra="103" who="0" fromWho="3" sc="233,87,280,0,292,0,175,-67" owari="320,42.0,280,-12.0,292,9.2,108,-39.2" /></mjloggm>