<mjloggm ver="2.3"><GO type="225" lobby="0"/><UN n0="%E7%99%BD%E9%9B%AA%E4%B9%83%E6%84%9B" n1="%61%69%73%79%6F" n2="%E9%A2%A8%E3%81%A7%E9%B3%B4%E3%81%8F" n3="%E5%A4%96%E5%B7%9D%E7%AB%9C%E6%88%90" dan="16,17,16,16" rate="2053.62,2233.64,2154.89,2166.40" sx="F,M,M,M"/><TAIKYOKU oya="0"/><INIT seed="0,0,0,0,0,85" ten="250,250,250,250" oya="0" hai0="70,54,107,52,39,43,19,117,31,105,124,48,127" hai1="34,120,1,12,116,9,7,15,45,91,36,33,60" hai2="103,118,122,106,97,16,55,76,84,100,131,125,64" hai3="25,111,126,28,80,112,96,32,23,20,4,0,8"/><T11/><D117/><U129/><E116/><V26/><F118/><W14/><G80/><T104/><D70/><U63/><E120/><V86/><F122/><W27/><G96/><T66/><D66/><U51/><E129/><V78/><F131/><W134/><G112/><T73/><D73/><U49/><E36/><V101/><F64/><W65/><G65/><T69/><D69/><U67/><E60/><V119/><F119/><W57/><G57/><T35/><D39/><U6/><E49/><V95/><F125/><N who="0" m="48202" /><D31/><U75/><E75/><V22/><F55/><N who="0" m="21034" /><D35/><U81/><E34/><V44/><F44/><W88/><G126/><T42/><D48/><U135/><E33/><V90/><REACH who="2" step="1"/><F106/><REACH who="2" ten="250,250,240,250" step="2"/><W56/><G56/><T13/><AGARI ba="0,1" hai="11,13,19,42,43,104,105,107" m="21034,48202" machi="13" ten="40,3900,0" yaku="18,1,54,1" doraHai="85" who="0" fromWho="0" sc="250,49,250,-13,240,-13,250,-13" /><INIT seed="0,1,0,3,3,68" ten="299,237,227,237" oya="0" hai0="26,122,73,81,28,5,37,121,133,130,39,29,46" hai1="21,115,6,91,27,34,45,87,66,96,64,108,131" hai2="116,104,2,52,41,97,71,70,72,17,15,75,3" hai3="76,35,90,101,60,88,106,62,69,61,10,67,107"/><T80/><D5/><U118/><E108/><V19/><F41/><W53/><G76/><T7/><D7/><U8/><E118/><V119/><F97/><W30/><G10/><T113/><D113/><U50/><E131/><V79/><F79/><W100/><G53/><T22/><D133/><U74/><E34/><V54/><REACH who="2" step="1"/><F15/><REACH who="2" ten="299,237,217,237" step="2"/><W125/><G106/><AGARI ba="1,1" hai="2,3,17,19,52,54,70,71,72,75,104,106,116,119" machi="106" ten="25,12000,2" yaku="1,1,2,1,22,2,54,1,53,2" doraHai="68" doraHaiUra="51" who="2" fromWho="3" sc="299,0,237,0,217,133,237,-123" /><INIT seed="1,0,0,0,5,110" ten="299,237,350,114" oya="1" hai0="106,51,49,117,121,116,77,1,33,58,22,5,42" hai1="37,79,109,89,87,95,86,45,98,126,78,133,7" hai2="102,3,76,88,65,23,30,52,0,120,29,13,61" hai3="39,129,17,134,32,26,135,56,20,54,128,2,73"/><U27/><E133/><N who="3" m="50698" /><G73/><T14/><D106/><U123/><E123/><V38/><F38/><W115/><G39/><T131/><D33/><U130/><E130/><N who="3" m="50282" /><G56/><T84/><D131/><U100/><E126/><V104/><F120/><W119/><G54/><T125/><D121/><U66/><E109/><V53/><F76/><W111/><G111/><T48/><D77/><U72/><E66/><V105/><F105/><W108/><G108/><T81/><D58/><U62/><E7/><V83/><F104/><W60/><G60/><T75/><D75/><U118/><E62/><V82/><F102/><W69/><G69/><T43/><D49/><U47/><E78/><V19/><F65/><W132/><N who="3" m="50706" /><W15/><DORA hai="122" /><G119/><T71/><D71/><U127/><E127/><V59/><F53/><W31/><G2/><T50/><D51/><U90/><E118/><V41/><F41/><W68/><G68/><T113/><D50/><U94/><E37/><V28/><REACH who="2" step="1"/><F82/><REACH who="2" ten="299,237,340,114" step="2"/><W21/><G32/><T55/><D116/><U101/><E79/><V103/><F103/><W18/><G31/><T64/><D117/><U40/><E40/><V96/><F96/><W85/><G85/><AGARI ba="0,1" hai="0,3,13,19,23,28,29,30,52,59,61,83,85,88" machi="85" ten="40,8000,1" yaku="1,1,54,2,53,1" doraHai="110,122" doraHaiUra="80,91" who="2" fromWho="3" sc="299,0,237,0,340,90,114,-80" /><INIT seed="2,0,0,3,1,78" ten="299,237,430,34" oya="2" hai0="35,41,38,102,80,11,33,76,72,60,14,135,94" hai1="85,89,37,75,15,107,31,21,66,122,6,20,131" hai2="110,128,17,46,48,64,24,42,81,25,88,62,65" hai3="129,74,34,26,54,7,1,70,77,23,61,8,51"/><V126/><F126/><W27/><G129/><T103/><D41/><U99/><E75/><V109/><F128/><W98/><G98/><T4/><D38/><U53/><E37/><V40/><F40/><W133/><G133/><T44/><D44/><U83/><E122/><V84/><F64/><W16/><G70/><T52/><D135/><U111/><E111/><N who="2" m="42507" /><F17/><W120/><G61/><T57/><D102/><U100/><E131/><V127/><F127/><W2/><G120/><T47/><D47/><U10/><E31/><V104/><F104/><W79/><G1/><T116/><D116/><U118/><E118/><V119/><F119/><W114/><G114/><T13/><D13/><U18/><E66/><V69/><AGARI ba="0,0" hai="24,25,42,46,48,62,65,69,81,84,88" m="42507" machi="69" ten="30,11700,0" yaku="14,1,10,1,52,1,54,1" doraHai="78" who="2" fromWho="2" sc="299,-39,237,-39,430,117,34,-39" owari="260,6.0,198,-20.2,547,64.7,-5,-50.5" /></mjloggm>