<mjloggm ver="2.3"><GO type="225" lobby="0"/><UN n0="%E5%A4%96%E5%B7%9D%E7%AB%9C%E6%88%90" n1="%6D%75%75%6D%75%72%61" n2="%E3%81%82%E3%81%99%E3%81%AB%E3%82%83%E3%82%80" n3="%E5%86%B7%E5%87%8D%E3%82%AE%E3%83%A7%E3%83%BC%E3%82%B6" dan="16,16,16,16" rate="2230.27,2167.17,2160.11,2120.47" sx="M,F,F,M"/><TAIKYOKU oya="0"/><INIT seed="0,0,0,0,3,1" ten="250,250,250,250" oya="0" hai0="84,86,63,132,92,119,112,46,62,7,128,48,35" hai1="25,28,40,56,100,115,59,38,69,52,70,80,45" hai2="49,3,32,64,24,78,39,97,125,106,120,27,42" hai3="101,77,118,99,133,4,87,66,53,33,65,81,124"/><T43/><BYE who="3" /><D112/><U90/><E115/><V134/><F120/><W2/><G2/><T31/><D119/><U108/><E108/><UN n3="%E5%86%B7%E5%87%8D%E3%82%AE%E3%83%A7%E3%83%BC%E3%82%B6" /><V103/><F134/><W12/><G33/><T58/><D132/><U0/><E0/><V17/><F125/><W95/><G118/><T74/><D74/><U11/><E100/><V13/><F3/><W104/><G124/><T109/><D109/><U47/><E11/><V22/><F39/><W121/><G121/><T91/><D128/><U9/><E9/><V50/><F64/><W23/><G133/><T88/><D7/><U51/><E59/><V20/><F78/><W19/><G104/><T94/><REACH who="0" step="1"/><D58/><REACH who="0" ten="240,250,250,250" step="2"/><U83/><E56/><V55/><F42/><W85/><G4/><T122/><D122/><U8/><E69/><V67/><F67/><W117/><G117/><T5/><D5/><U79/><E70/><V102/><F55/><W54/><G53/><T116/><D116/><U82/><E52/><V73/><F73/><W26/><G54/><T89/><D89/><U110/><E90/><V98/><F106/><W129/><G129/><T105/><D105/><U96/><E110/><V37/><F103/><W44/><G66/><T57/><D57/><U72/><E72/><V126/><F102/><W93/><G65/><T15/><D15/><U71/><E71/><V111/><F13/><W16/><G12/><T60/><D60/><U29/><E40/><V107/><F107/><W123/><G123/><T14/><D14/><U10/><E79/><V21/><F111/><W30/><G44/><T114/><D114/><U36/><E47/><RYUUKYOKU ba="0,1" sc="240,15,250,-15,250,-15,250,15" hai0="31,35,43,46,48,62,63,84,86,88,91,92,94" hai3="16,19,23,26,30,77,81,85,87,93,95,99,101" /><INIT seed="0,1,1,3,1,70" ten="255,235,235,265" oya="0" hai0="83,14,89,54,126,55,74,75,127,95,111,122,85" hai1="47,16,128,8,96,80,17,7,97,60,73,29,18" hai2="59,93,42,125,0,46,20,9,68,79,120,64,25" hai3="84,119,58,48,6,94,39,81,33,35,63,69,104"/><T110/><D122/><U78/><E128/><V49/><F120/><W52/><G104/><T115/><D115/><U10/><E29/><V13/><F0/><W92/><G119/><T98/><D14/><U103/><E60/><V44/><F125/><N who="0" m="47626" /><D54/><U88/><E47/><V99/><F79/><W107/><G107/><T121/><D121/><U36/><E36/><V86/><F86/><W38/><G6/><T116/><D116/><U101/><E88/><V1/><F1/><W30/><G94/><T82/><D55/><U124/><E124/><V5/><F68/><W133/><G92/><T123/><D123/><U57/><E57/><V11/><F11/><W37/><G30/><T27/><D27/><U19/><N who="1" m="4096" /><DORA hai="91" /><U105/><REACH who="1" step="1"/><E7/><REACH who="1" ten="255,225,235,265" step="2"/><V26/><F46/><W32/><G133/><T102/><D83/><U40/><E40/><V76/><F20/><W12/><G63/><T109/><AGARI ba="1,2" hai="74,75,82,85,89,95,98,102,109,110,111" m="47626" machi="109" ten="40,18000,2" yaku="14,1,10,1,18,1,34,2,52,1" doraHai="70,91" who="0" fromWho="0" sc="255,203,225,-61,235,-61,265,-61" /><INIT seed="0,2,0,2,1,75" ten="458,164,174,204" oya="0" hai0="95,8,42,67,132,100,79,29,32,70,84,10,123" hai1="131,115,77,55,63,46,43,125,53,1,129,109,88" hai2="86,4,50,40,112,110,18,2,9,102,45,28,27" hai3="60,12,80,114,120,124,61,22,21,44,47,128,36"/><T41/><D123/><U99/><E1/><V69/><F110/><W76/><G114/><T122/><D122/><U90/><E109/><V59/><F69/><W35/><G35/><T16/><D132/><U48/><E115/><V98/><F112/><W11/><G120/><T15/><D32/><U20/><E125/><V89/><F59/><W91/><G128/><N who="1" m="49226" /><E77/><V108/><F108/><W107/><G107/><T52/><D29/><U58/><E99/><V121/><F121/><W64/><G91/><N who="1" m="34858" /><E20/><N who="3" m="7786" /><G36/><T117/><D117/><U74/><E74/><V97/><F18/><N who="3" m="8479" /><G124/><T83/><D8/><U17/><E17/><V38/><F38/><W134/><G134/><T94/><D10/><U6/><E6/><V78/><F102/><W106/><G106/><T26/><D15/><U92/><E92/><V87/><F87/><N who="3" m="48519" /><G64/><AGARI ba="2,0" hai="43,46,48,53,55,58,63,64" m="34858,49226" machi="64" ten="30,2000,0" yaku="19,1,54,1" doraHai="75" who="1" fromWho="3" sc="458,0,164,26,174,0,204,-26" /><INIT seed="1,0,0,1,3,116" ten="458,190,174,178" oya="1" hai0="67,14,38,119,108,47,53,58,134,117,113,44,37" hai1="97,112,55,12,6,71,36,74,91,122,11,40,101" hai2="4,72,27,34,66,88,57,109,24,99,95,7,89" hai3="84,130,86,118,64,18,9,54,10,22,59,127,125"/><U90/><E112/><V19/><F72/><W70/><G118/><N who="0" m="45067" /><D14/><U0/><E122/><V52/><F109/><W123/><G64/><T80/><D80/><U15/><E71/><V33/><F66/><W133/><G70/><T69/><D113/><U93/><E74/><V30/><F89/><W87/><G133/><T121/><D121/><U68/><E68/><V76/><F76/><W107/><G107/><T26/><D26/><U128/><E128/><V48/><F19/><W63/><G130/><T17/><D17/><U43/><E55/><V106/><F106/><W20/><G20/><T50/><D108/><U92/><E36/><N who="0" m="13929" /><D134/><U100/><E0/><V13/><REACH who="2" step="1"/><F13/><REACH who="2" ten="458,190,164,178" step="2"/><W94/><G123/><T83/><D83/><U16/><E91/><V131/><F131/><W129/><G129/><T78/><D78/><U46/><E100/><V5/><F5/><W102/><G102/><T32/><D32/><U81/><E81/><V65/><F65/><W3/><G3/><T61/><AGARI ba="0,1" hai="44,47,50,53,58,61,67,69" m="13929,45067" machi="61" ten="40,2700,0" yaku="34,2" doraHai="116" who="0" fromWho="0" sc="458,37,190,-13,164,-7,178,-7" /><INIT seed="2,0,0,1,3,73" ten="495,177,157,171" oya="2" hai0="128,43,17,129,83,6,57,98,38,74,70,52,120" hai1="37,8,47,66,29,77,27,31,121,82,76,84,20" hai2="9,102,124,1,28,11,88,60,79,33,16,15,24" hai3="41,87,104,132,135,108,49,127,56,68,50,134,101"/><V126/><F102/><W117/><G68/><T12/><D120/><U130/><E121/><V105/><F105/><W100/><G117/><T106/><D70/><U59/><E130/><N who="0" m="50281" /><D6/><U78/><E8/><V4/><F60/><W118/><G118/><T0/><D0/><U81/><E37/><V22/><F88/><W54/><G108/><T64/><D64/><U10/><E47/><V89/><F89/><W40/><G127/><N who="2" m="48681" /><F79/><N who="1" m="30281" /><E81/><V32/><AGARI ba="0,0" hai="1,4,9,11,15,16,22,24,28,32,33" m="48681" machi="32" ten="30,11700,0" yaku="18,1,34,2,54,1" doraHai="73" who="2" fromWho="2" sc="495,-39,177,-39,157,117,171,-39" /><INIT seed="2,1,0,4,3,115" ten="456,138,274,132" oya="2" hai0="6,30,124,119,31,98,29,81,57,88,5,134,127" hai1="68,76,20,123,37,129,121,132,27,114,66,38,60" hai2="85,45,108,39,133,48,58,83,77,79,130,135,56" hai3="62,125,67,95,19,59,71,96,102,41,3,64,36"/><V40/><F130/><W11/><G125/><N who="0" m="48203" /><D134/><N who="2" m="51210" /><F79/><W52/><G67/><T78/><D119/><U55/><E132/><V128/><F128/><W131/><G131/><T75/><D57/><N who="2" m="22122" /><F108/><W91/><G102/><T122/><D122/><N who="1" m="46603" /><E129/><V93/><F93/><AGARI ba="1,0" hai="5,6,29,30,31,75,78,81,88,93,98" m="48203" machi="93" ten="30,2000,0" yaku="18,1,54,1" doraHai="115" who="0" fromWho="2" sc="456,23,138,0,274,-23,132,0" /><INIT seed="3,0,0,0,3,72" ten="479,138,251,132" oya="3" hai0="81,108,92,61,85,60,75,95,93,53,5,102,110" hai1="52,8,119,120,47,114,29,79,73,15,88,57,65" hai2="97,84,51,36,69,24,28,2,91,44,26,16,112" hai3="131,58,50,49,22,6,63,12,99,64,80,133,13"/><W41/><G131/><T109/><D5/><U103/><E120/><V27/><F69/><W122/><G122/><T37/><D37/><U35/><E114/><V40/><F2/><W25/><G133/><T128/><D128/><U124/><E35/><V67/><F112/><W82/><G99/><N who="0" m="59751" /><D75/><U105/><E124/><V23/><F67/><W9/><G13/><T59/><D61/><U107/><E107/><V96/><F36/><W76/><G41/><T10/><D10/><U38/><E65/><V113/><F113/><W68/><G68/><T55/><D55/><U0/><E0/><V127/><F127/><W104/><G104/><T87/><D87/><U83/><E119/><V74/><F74/><W101/><G101/><T3/><D3/><U89/><E103/><V129/><F129/><W106/><G106/><T34/><D34/><U46/><E105/><V56/><F56/><W116/><G116/><T118/><D118/><U4/><E38/><V33/><F27/><W86/><REACH who="3" step="1"/><G82/><AGARI ba="0,0" hai="16,23,24,26,28,33,40,44,51,82,84,91,96,97" machi="82" ten="30,2000,0" yaku="7,1,54,1" doraHai="72" who="2" fromWho="3" sc="479,0,138,0,251,20,132,-20" owari="479,57.9,138,-26.2,271,7.1,112,-38.8" /></mjloggm>