<mjloggm ver="2.3"><GO type="225" lobby="0"/><UN n0="%72%65%6E%6B%75%6E" n1="%72%61%6B%33" n2="%E4%B8%89%E5%86%A0%E7%8E%8B%E3%83%BB%E5%B1%B1%E7%94%B0%E5%93%B2%E4%BA%BA" n3="%E5%B8%86%E7%AB%8B%E5%A4%8F%E8%A1%A3" dan="17,16,16,17" rate="2235.61,2205.89,2129.04,2183.90" sx="M,M,M,M"/><TAIKYOKU oya="0"/><INIT seed="0,0,0,3,2,1" ten="250,250,250,250" oya="0" hai0="95,106,83,58,81,100,94,18,78,5,86,62,48" hai1="129,69,120,43,89,99,119,60,88,21,20,28,63" hai2="79,26,135,90,17,114,133,19,13,11,10,116,39" hai3="97,111,41,59,40,125,12,34,134,121,4,75,35"/><T80/><D48/><U132/><E119/><V44/><F114/><W108/><G75/><T123/><D123/><U84/><E120/><V74/><F116/><W30/><G121/><T107/><D18/><U38/><E129/><V32/><F90/><W118/><G118/><T50/><D50/><U68/><E99/><V115/><F115/><W29/><G59/><T49/><D49/><U105/><E28/><N who="3" m="10858" /><G97/><N who="0" m="59447" /><D58/><U24/><E84/><V71/><F71/><W104/><G104/><N who="0" m="39979" /><D62/><U55/><E105/><V130/><F130/><W96/><G96/><T67/><D5/><U46/><E24/><V25/><F32/><N who="3" m="12331" /><G134/><T113/><D67/><U85/><E132/><N who="2" m="50763" /><F44/><W73/><G73/><N who="0" m="43087" /><D113/><U65/><E55/><V117/><F39/><W98/><G98/><T27/><D27/><U22/><REACH who="1" step="1"/><E85/><REACH who="1" ten="250,240,250,250" step="2"/><V3/><F26/><W110/><G41/><T112/><D112/><U109/><E109/><V45/><F25/><W131/><G40/><T76/><D83/><U53/><E53/><V64/><F117/><W72/><G131/><T37/><D37/><U0/><E0/><V102/><F3/><W91/><G111/><T47/><D47/><U52/><E52/><V70/><F45/><W16/><G110/><T122/><D122/><U9/><E9/><V31/><F10/><W36/><G108/><T56/><D56/><U103/><E103/><V82/><F102/><W8/><G36/><T14/><D14/><U7/><E7/><N who="2" m="3327" /><F31/><W77/><G4/><T15/><D15/><U128/><E128/><V101/><F101/><W92/><G8/><T54/><D54/><U23/><E23/><RYUUKYOKU ba="0,1" sc="250,10,240,10,250,10,250,-30" hai0="76,81,86,95" hai1="20,21,22,38,43,46,60,63,65,68,69,88,89" hai2="17,19,64,70,74,79,82" /><INIT seed="0,1,1,1,4,16" ten="260,250,260,220" oya="0" hai0="100,88,118,61,65,52,90,12,11,74,113,97,130" hai1="8,13,3,67,106,75,99,77,83,22,81,55,35" hai2="72,4,32,64,44,82,109,79,29,24,120,85,17" hai3="70,34,126,114,20,43,107,95,93,112,111,84,92"/><T66/><D74/><U58/><E35/><V108/><F120/><W38/><G34/><T76/><D76/><U119/><E119/><V73/><F4/><W104/><G70/><T30/><D118/><U40/><E67/><N who="0" m="25609" /><D30/><U28/><E40/><V129/><F129/><W39/><G43/><T105/><D105/><N who="3" m="40521" /><G20/><T71/><D71/><U47/><E83/><V0/><F0/><W134/><G134/><T63/><D130/><U59/><E3/><V122/><F122/><W49/><G49/><T1/><D113/><N who="3" m="43625" /><G126/><T46/><D100/><U57/><E106/><V6/><F29/><W121/><G121/><T98/><D1/><U135/><E135/><V53/><F32/><W50/><G50/><N who="0" m="28759" /><D98/><U68/><E99/><V33/><F33/><W56/><G56/><T115/><D97/><U80/><E68/><V9/><F44/><W41/><G41/><T54/><D115/><U25/><E47/><V23/><F64/><W123/><G123/><T131/><D131/><U21/><E81/><V110/><F53/><W91/><G111/><T31/><D31/><U125/><E125/><V94/><F109/><W89/><G84/><T127/><D127/><U37/><E37/><AGARI ba="1,1" hai="37,38,39,89,91,92,93,95" m="43625,40521" machi="37" ten="40,2600,0" yaku="28,2" doraHai="16" who="3" fromWho="1" sc="260,0,250,-29,260,0,220,39" /><INIT seed="1,0,0,3,4,20" ten="260,221,260,259" oya="1" hai0="118,107,67,114,56,48,40,1,35,109,134,100,113" hai1="71,85,43,37,86,116,135,82,128,112,39,99,15" hai2="125,60,87,57,31,94,42,73,89,69,66,51,7" hai3="93,80,52,133,129,115,64,5,2,88,92,38,103"/><U18/><E112/><V29/><F73/><W72/><G64/><T49/><D1/><U117/><E71/><V44/><F125/><W122/><G122/><T130/><D35/><U4/><E4/><V25/><F7/><W119/><G115/><T13/><D13/><U102/><E128/><V34/><REACH who="2" step="1"/><F29/><REACH who="2" ten="260,221,250,259" step="2"/><W14/><G5/><T84/><D113/><U131/><E131/><V111/><F111/><W54/><G72/><T77/><D109/><U81/><E117/><V46/><F46/><W74/><G119/><T21/><D130/><U78/><E116/><V9/><F9/><W6/><G74/><T104/><D118/><U126/><E126/><V120/><F120/><W83/><G129/><T58/><D114/><U26/><E135/><V8/><F8/><W28/><G133/><T101/><D134/><U63/><E37/><V108/><F108/><W0/><G38/><T105/><D105/><U50/><E39/><V79/><F79/><W55/><G28/><T36/><D104/><U30/><E78/><V132/><F132/><W23/><G2/><T91/><D107/><U98/><E30/><V3/><F3/><W95/><G0/><T62/><D77/><U22/><E18/><V53/><F53/><W41/><G6/><T96/><D36/><U10/><E10/><V47/><F47/><W61/><G55/><T121/><D121/><U12/><E43/><V90/><F90/><W45/><G41/><T11/><D11/><U17/><E17/><V24/><F24/><W127/><G127/><T19/><D91/><U70/><E26/><V110/><F110/><RYUUKYOKU ba="0,1" sc="260,-10,221,-10,250,30,259,-10" hai2="25,31,34,42,44,51,57,60,66,69,87,89,94" /><INIT seed="2,1,1,3,2,120" ten="250,211,280,249" oya="2" hai0="112,108,73,105,94,69,115,97,6,55,5,1,64" hai1="50,95,47,2,10,132,61,4,131,60,130,26,58" hai2="76,134,119,101,25,16,46,102,42,129,110,15,89" hai3="118,98,72,17,40,103,37,135,65,36,20,11,12"/><V88/><F119/><W32/><G118/><T87/><D73/><U30/><E95/><V121/><F121/><W41/><G135/><T79/><D105/><U86/><E86/><V96/><F134/><W70/><G32/><T68/><D55/><U100/><E100/><V107/><F102/><W104/><G72/><T35/><D35/><U133/><E133/><V122/><F122/><W116/><G116/><T117/><D117/><U14/><E2/><V93/><F129/><N who="1" m="49161" /><E58/><V123/><F123/><W54/><G54/><T34/><D34/><N who="1" m="20823" /><E132/><V53/><F76/><W8/><G70/><T99/><D87/><U28/><E28/><V126/><F93/><W128/><G128/><T124/><D94/><U52/><AGARI ba="1,1" hai="4,10,14,47,50,52,60,61" m="20823,49161" machi="52" ten="30,2000,0" yaku="19,1,54,1" doraHai="120" who="1" fromWho="1" sc="250,-6,211,33,280,-11,249,-6" /><INIT seed="3,0,0,2,2,4" ten="244,244,269,243" oya="3" hai0="104,58,38,106,43,18,126,45,114,125,75,27,79" hai1="73,10,24,72,131,59,32,74,6,108,103,41,51" hai2="113,102,2,92,133,128,16,19,56,47,26,3,98" hai3="35,68,12,52,46,116,78,53,61,95,77,63,49"/><W34/><G116/><T50/><D114/><U94/><E108/><V121/><F113/><W88/><G35/><T96/><D75/><U80/><E131/><V39/><F128/><W13/><G34/><T40/><D79/><N who="3" m="30217" /><G68/><T89/><D40/><U135/><E135/><V119/><F119/><W33/><G33/><T11/><D89/><U87/><E80/><V55/><F121/><W84/><G63/><T112/><D112/><U70/><E70/><V5/><F133/><W30/><G30/><T76/><D76/><U111/><E111/><V124/><F124/><N who="0" m="47722" /><D96/><U81/><E81/><V123/><F123/><W127/><G127/><T93/><D93/><U8/><E6/><V67/><F67/><W109/><G109/><T117/><D117/><U90/><E103/><V129/><F5/><W1/><G1/><T23/><D11/><U15/><E15/><N who="3" m="5706" /><G61/><T36/><D58/><U64/><E64/><V37/><F56/><W69/><G69/><T66/><D66/><U83/><E83/><V48/><F129/><W57/><G57/><T29/><D29/><U85/><E85/><V82/><F82/><W42/><AGARI ba="0,0" hai="42,46,49,52,53,84,88,95" m="5706,30217" machi="42" ten="30,6000,0" yaku="8,1,54,2" doraHai="4" who="3" fromWho="3" sc="244,-20,244,-20,269,-20,243,60" owari="224,-17.6,224,-27.6,249,4.9,303,40.3" /></mjloggm>