<mjloggm ver="2.3"><GO type="225" lobby="0"/><UN n0="%E3%81%AF%E3%82%88%E3%81%8A%E3%81%98%E3%81%95%E3%82%93" n1="%E3%81%99%E3%81%84%E3%81%BE%E3%81%9B%E3%83%BC%E3%82%93" n2="%73%69%72%6F%75%74" n3="%E3%81%AA%E3%81%8C%E3%81%95%E3%82%8F%E3%81%BE%E3%81%95%E3%81%BF" dan="16,16,16,16" rate="2181.06,2146.46,2132.70,2109.38" sx="M,M,M,F"/><TAIKYOKU oya="0"/><INIT seed="0,0,0,4,4,51" ten="250,250,250,250" oya="0" hai0="49,6,132,28,60,124,93,29,27,82,72,77,79" hai1="108,134,7,80,12,19,104,66,123,39,116,68,25" hai2="1,73,56,32,62,46,112,86,41,90,118,9,91" hai3="48,119,81,88,106,65,105,0,63,110,109,47,40"/><T94/><D124/><U14/><E116/><V33/><F73/><W22/><G0/><T8/><D132/><U135/><E39/><V71/><F71/><W117/><G22/><T102/><D79/><U34/><E104/><V55/><F112/><W43/><G105/><T21/><D29/><N who="1" m="19759" /><E80/><V38/><F91/><W74/><G106/><T53/><D60/><U52/><E66/><V69/><F118/><N who="3" m="45067" /><G74/><T95/><D102/><U31/><E68/><V127/><F127/><W131/><G88/><T84/><D72/><U18/><E31/><V50/><F9/><W75/><G81/><T114/><D114/><U30/><E30/><V11/><F11/><W54/><G131/><T101/><D101/><U15/><E123/><V36/><F1/><W76/><G76/><T96/><D96/><U98/><E98/><V129/><F129/><W128/><G75/><T87/><D84/><U35/><E7/><V2/><F2/><W64/><G128/><T58/><REACH who="0" step="1"/><D94/><REACH who="0" ten="240,250,250,250" step="2"/><U17/><E35/><V121/><F121/><W23/><G63/><T4/><D4/><U61/><E135/><V59/><F33/><W126/><G126/><T100/><D100/><U120/><E134/><V26/><F62/><W122/><G122/><T92/><D92/><U70/><E120/><V42/><F32/><W103/><G103/><T89/><D89/><U83/><E70/><V10/><F69/><W5/><G5/><T107/><D107/><U24/><E83/><V16/><F90/><W115/><G115/><T125/><D125/><U78/><E78/><V57/><F86/><W133/><G133/><RYUUKYOKU ba="0,1" sc="240,30,250,-10,250,-10,250,-10" hai0="6,8,21,27,28,49,53,58,77,82,87,93,95" /><INIT seed="0,1,1,2,0,65" ten="270,240,240,240" oya="0" hai0="105,121,66,49,92,14,113,98,101,17,131,9,108" hai1="34,130,82,31,99,44,88,132,86,124,24,87,50" hai2="128,61,19,96,95,33,62,67,70,23,109,59,26" hai3="122,18,53,6,57,40,107,16,134,106,81,91,12"/><T10/><D113/><U27/><E124/><V37/><F109/><W30/><G134/><T89/><D121/><U116/><E132/><V93/><F37/><W41/><G122/><T104/><D131/><U4/><E130/><V15/><F128/><W127/><G127/><T55/><D108/><U7/><E116/><V85/><F85/><N who="3" m="50607" /><G106/><T114/><D114/><U73/><E73/><V100/><F93/><W119/><G107/><T54/><D66/><U75/><E75/><V48/><F48/><N who="3" m="30887" /><G30/><T120/><D120/><U129/><E129/><V29/><REACH who="2" step="1"/><F61/><REACH who="2" ten="270,240,230,240" step="2"/><W110/><G110/><T76/><D104/><U21/><E87/><V133/><F133/><W135/><G135/><T28/><D49/><U125/><E125/><V47/><F47/><W3/><G119/><T118/><D118/><U78/><E99/><V63/><F63/><W68/><G40/><T103/><D105/><U5/><E78/><V97/><F97/><W83/><G41/><T0/><D76/><U35/><E50/><V2/><F2/><W72/><G3/><T8/><D0/><U71/><E44/><V90/><F90/><W38/><G38/><T123/><D123/><U25/><E88/><V11/><F11/><N who="0" m="4170" /><D28/><N who="1" m="17423" /><E86/><V43/><F43/><W39/><G39/><T20/><D10/><U51/><E51/><V84/><F84/><W45/><G45/><T13/><D89/><U60/><E82/><V115/><F115/><W22/><G83/><T32/><D103/><U74/><E74/><V112/><F112/><W111/><G72/><T36/><D36/><U46/><E31/><V56/><AGARI ba="1,2" hai="15,19,23,26,29,33,56,59,62,67,70,95,96,100" machi="56" ten="30,12000,2" yaku="1,1,5,1,0,1,52,1,53,2" doraHai="65" doraHaiUra="52" who="2" fromWho="2" sc="270,-61,240,-31,230,143,240,-31" /><INIT seed="1,0,0,3,3,93" ten="209,209,373,209" oya="1" hai0="127,52,109,104,8,30,133,73,2,15,80,128,17" hai1="34,21,1,94,78,72,87,90,23,37,68,74,125" hai2="97,51,40,67,56,85,114,18,110,54,65,49,25" hai3="129,132,3,106,101,113,118,96,44,92,79,86,123"/><U20/><E125/><V59/><F110/><W26/><G3/><T131/><D104/><U19/><E37/><V117/><F117/><W29/><G118/><T63/><D109/><U50/><E34/><V11/><F114/><W48/><G123/><T105/><D105/><U70/><E1/><V61/><F85/><W33/><G129/><N who="0" m="49739" /><D127/><U102/><E102/><V119/><F97/><W103/><G132/><T130/><N who="0" m="49747" /><T12/><DORA hai="83" /><D133/><U53/><E19/><V10/><F119/><W36/><G113/><T99/><D30/><U62/><E62/><V27/><F67/><W46/><G36/><T126/><D126/><U6/><E6/><V115/><F115/><W60/><G60/><T76/><D99/><U9/><E9/><N who="2" m="3083" /><F18/><W89/><G44/><AGARI ba="0,0" hai="25,27,40,44,49,51,54,56,59,61,65" m="3083" machi="44" ten="30,1000,0" yaku="8,1" doraHai="93,83" who="2" fromWho="3" sc="209,0,209,0,373,10,209,-10" /><INIT seed="2,0,0,5,0,26" ten="209,209,383,199" oya="2" hai0="47,60,31,48,83,98,40,27,6,29,17,0,127" hai1="56,45,85,90,87,74,66,8,121,114,118,135,52" hai2="131,35,59,101,28,117,30,126,119,115,76,132,78" hai3="123,112,97,55,133,134,22,14,57,32,50,88,130"/><V18/><F35/><W84/><G123/><T99/><D127/><U10/><E114/><V103/><F115/><W107/><G112/><T38/><D38/><U111/><E118/><N who="2" m="45067" /><F18/><N who="3" m="10583" /><G32/><T93/><D0/><U71/><E74/><V108/><F59/><W96/><G130/><T20/><D6/><U109/><E121/><V12/><F12/><W51/><G107/><T16/><D83/><U63/><E45/><V36/><F36/><W5/><G5/><T122/><D122/><U82/><E135/><N who="3" m="51722" /><G51/><T21/><D60/><U124/><E124/><V34/><F132/><W67/><G67/><T61/><D61/><N who="1" m="35975" /><E85/><V19/><F126/><W92/><AGARI ba="0,0" hai="50,55,57,84,88,92,96,97" m="51722,10583" machi="92" ten="30,4000,0" yaku="25,1,20,1,54,1" doraHai="26" who="3" fromWho="3" sc="209,-10,209,-10,383,-20,199,40" /><INIT seed="3,0,0,1,3,20" ten="199,199,363,239" oya="3" hai0="66,97,55,134,89,86,80,44,63,47,23,22,69" hai1="14,78,113,3,52,99,68,33,107,50,30,129,116" hai2="56,36,43,126,103,127,96,83,42,92,131,67,37" hai3="123,53,77,17,9,31,19,57,121,40,76,27,106"/><W71/><G106/><T10/><D134/><U133/><E113/><V46/><F83/><W8/><G71/><T62/><D10/><N who="3" m="4201" /><G121/><T115/><D115/><U124/><E3/><V105/><F131/><W118/><G40/><T45/><D97/><U26/><E68/><V130/><F130/><W111/><G118/><T16/><D22/><U75/><E129/><V88/><F67/><W73/><G73/><T132/><D132/><U95/><E133/><V108/><F56/><W98/><G98/><T82/><D63/><U18/><E107/><V100/><F108/><W87/><G111/><T101/><D101/><U79/><E75/><V125/><F105/><W24/><G31/><T74/><D74/><U114/><E114/><V93/><F42/><W13/><G17/><T128/><D128/><U85/><E116/><V34/><F34/><W6/><G6/><T104/><D104/><U59/><E124/><V25/><F37/><W39/><G39/><T5/><D5/><U0/><E0/><V94/><F103/><W15/><G15/><T41/><D55/><U1/><E1/><V64/><F100/><W112/><G123/><T2/><D2/><U28/><E28/><V12/><F12/><W21/><G112/><T117/><D117/><U11/><E85/><V135/><F135/><W54/><G54/><T32/><D32/><U65/><E65/><V51/><F64/><W122/><G87/><T48/><D82/><U4/><E4/><V102/><F36/><W70/><G70/><T7/><D7/><U61/><E61/><V120/><F120/><W38/><G122/><RYUUKYOKU ba="0,0" sc="199,15,199,15,363,-15,239,-15" hai0="16,23,41,44,45,47,48,62,66,69,80,86,89" hai1="11,14,18,26,30,33,50,52,59,78,79,95,99" owari="214,-18.6,214,-28.6,348,44.8,224,2.4" /></mjloggm>