<mjloggm ver="2.3"><GO type="225" lobby="0"/><UN n0="%E6%80%AA%E3%81%97%E3%81%99%E3%81%8E%E3%82%8B%E3%83%81%E3%83%BC" n1="%72%69%6F%75%63%68%61%6E" n2="%E6%A1%9C%E8%8A%B1%E9%96%83%E3%80%85" n3="%61%69%73%79%6F" dan="16,17,17,17" rate="2122.16,2179.26,2140.60,2179.91" sx="M,M,M,M"/><TAIKYOKU oya="0"/><INIT seed="0,0,0,3,0,19" ten="250,250,250,250" oya="0" hai0="101,123,131,84,81,100,116,93,5,124,10,51,70" hai1="2,35,120,25,66,115,90,65,58,104,41,67,32" hai2="112,52,128,111,57,118,107,75,79,127,122,24,56" hai3="3,16,83,126,54,28,109,36,39,53,77,106,69"/><T129/><D116/><U103/><E120/><V33/><RYUUKYOKU type="yao9" ba="0,0" sc="250,0,250,0,250,0,250,0" hai2="24,33,52,56,57,75,79,107,111,112,118,122,127,128" /><INIT seed="0,1,0,1,3,48" ten="250,250,250,250" oya="0" hai0="6,61,14,33,50,82,47,35,67,52,64,114,93" hai1="125,133,46,24,60,77,84,132,126,63,44,87,66" hai2="70,111,92,135,57,55,96,0,90,124,51,73,21" hai3="15,17,43,71,99,85,89,53,9,76,100,58,4"/><T37/><D114/><U80/><E24/><V120/><F120/><W54/><G71/><T94/><D37/><U108/><E108/><V109/><F124/><N who="1" m="47721" /><E84/><V25/><F135/><N who="1" m="51785" /><E60/><V39/><F39/><W22/><G43/><T28/><D35/><U83/><E80/><V49/><F73/><W103/><G76/><T40/><D82/><U102/><E102/><N who="3" m="38954" /><G58/><AGARI ba="1,0" hai="44,46,58,63,66,77,83,87" m="51785,47721" machi="58" ten="30,2000,0" yaku="18,1,20,1" doraHai="48" who="1" fromWho="3" sc="250,0,250,23,250,0,250,-23" /><INIT seed="1,0,0,3,4,52" ten="250,273,250,227" oya="1" hai0="101,65,76,89,105,104,84,67,99,59,11,111,86" hai1="79,32,94,61,117,75,14,60,0,77,91,97,123" hai2="16,98,41,69,25,125,72,83,85,50,115,10,24" hai3="62,119,68,55,27,116,63,102,51,120,43,5,12"/><U134/><E117/><N who="3" m="45130" /><G102/><T2/><D111/><U118/><E118/><V93/><F72/><W114/><G27/><T1/><D104/><U73/><E123/><V36/><F36/><W13/><G13/><T135/><D135/><U107/><E0/><V44/><F69/><W8/><G43/><T131/><D131/><U29/><E134/><V103/><F125/><W3/><G114/><T39/><D39/><U122/><E122/><V49/><F49/><W112/><G112/><T80/><D2/><U66/><E107/><V31/><F115/><W47/><G120/><T108/><D108/><U19/><E75/><V113/><F113/><W82/><G68/><T127/><D127/><U126/><E126/><V96/><F96/><W64/><G64/><T34/><D34/><U48/><E73/><V56/><F31/><W95/><G95/><T15/><D1/><U21/><E48/><V6/><F6/><W121/><G121/><T26/><D26/><N who="1" m="16591" /><E32/><V18/><F18/><W40/><G82/><T71/><D71/><U124/><E124/><V78/><REACH who="2" step="1"/><F56/><REACH who="2" ten="250,273,240,227" step="2"/><N who="3" m="32895" /><G3/><T38/><D38/><AGARI ba="0,1" hai="5,8,12,38,40,47,62,63" m="32895,45130" machi="38" ten="30,2000,0" yaku="12,1,52,1" doraHai="52" who="3" fromWho="0" sc="250,-20,273,0,240,0,227,30" /><INIT seed="2,0,0,3,5,132" ten="230,273,240,257" oya="2" hai0="122,40,18,26,63,5,11,87,78,7,130,112,9" hai1="21,35,61,77,123,75,114,135,27,88,71,74,124" hai2="20,47,110,97,3,73,84,39,127,17,80,118,6" hai3="22,1,60,113,45,125,119,48,66,126,72,28,50"/><V89/><F118/><W68/><G119/><T100/><D112/><U93/><E124/><N who="3" m="47722" /><G113/><T57/><D122/><U85/><E35/><V59/><F127/><W62/><G72/><T24/><D130/><U129/><E77/><V70/><F70/><W102/><G1/><T52/><D40/><U86/><E86/><V69/><F69/><W64/><G102/><T46/><D46/><U131/><E114/><V109/><F59/><N who="3" m="36895" /><G45/><T31/><D100/><U15/><E135/><V111/><F73/><W79/><G79/><T105/><D105/><U53/><E123/><V0/><F6/><W96/><G96/><T32/><D7/><U56/><E71/><V83/><F97/><W42/><G42/><T2/><D5/><U19/><E131/><V38/><F47/><W99/><G99/><T34/><D2/><N who="2" m="554" /><F83/><W108/><G108/><N who="2" m="27649" /><V25/><AGARI ba="0,0" hai="17,20,25,38,39,80,84,89" m="27649,554" machi="25" ten="50,9600,0" yaku="4,1,14,1,10,1" doraHai="132" who="2" fromWho="2" sc="230,-32,273,-32,240,96,257,-32" /><INIT seed="2,1,0,4,1,125" ten="198,241,336,225" oya="2" hai0="48,32,23,63,104,115,69,68,4,37,42,17,3" hai1="0,15,135,110,93,64,123,131,119,21,121,79,40" hai2="90,81,127,98,82,5,58,14,132,44,133,25,67" hai3="56,51,102,72,128,105,29,73,11,13,20,7,31"/><V22/><F127/><W59/><G128/><T16/><D115/><U57/><E131/><V120/><F120/><W97/><G56/><T85/><D32/><U77/><E119/><V86/><F44/><W41/><G29/><T100/><D37/><U88/><E110/><V107/><F82/><W34/><G34/><T52/><D42/><U134/><E0/><V38/><F38/><W47/><G31/><T60/><D85/><U122/><E40/><V87/><F87/><W2/><G20/><T109/><D109/><U76/><E15/><V91/><F5/><W53/><REACH who="3" step="1"/><G2/><REACH who="3" ten="198,241,336,215" step="2"/><T65/><D68/><U39/><E21/><V66/><F58/><W94/><G94/><T9/><D63/><AGARI ba="1,1" hai="7,11,13,41,47,51,53,59,63,72,73,97,102,105" machi="63" ten="30,2000,0" yaku="1,1,7,1,53,0" doraHai="125" doraHaiUra="33" who="3" fromWho="0" sc="198,-23,241,0,336,0,215,33" /><INIT seed="3,0,0,2,0,51" ten="175,241,336,248" oya="3" hai0="40,117,1,134,112,68,46,89,77,128,33,130,84" hai1="124,86,55,3,76,87,20,99,94,29,90,106,119" hai2="126,75,110,121,79,21,92,59,2,22,80,30,58" hai3="53,34,81,85,101,24,48,14,4,88,69,6,10"/><W132/><G132/><T125/><D1/><U118/><E124/><V116/><F116/><N who="1" m="44585" /><E3/><V38/><F38/><W123/><G123/><T62/><D117/><U42/><E42/><V8/><F126/><W13/><G69/><T74/><D125/><U97/><E55/><V96/><F121/><W0/><G101/><T45/><D134/><U17/><E29/><V28/><F28/><W44/><G34/><T120/><D33/><U60/><E60/><V71/><F71/><W113/><G113/><T64/><D112/><U32/><E32/><V49/><F110/><W26/><G0/><T56/><D120/><U47/><E47/><V91/><F49/><W37/><G37/><T102/><D102/><N who="1" m="62799" /><E76/><V54/><F54/><W100/><G100/><T83/><D46/><U115/><E115/><V36/><F36/><W16/><G4/><T18/><D68/><U67/><E67/><V9/><F22/><AGARI ba="0,0" hai="6,10,13,14,16,22,24,26,44,48,53,81,85,88" machi="22" ten="30,12000,1" yaku="7,1,8,1,52,1,54,2" doraHai="51" who="3" fromWho="2" sc="175,0,241,0,336,-120,248,120" owari="175,-32.5,241,4.1,216,-18.4,368,46.8" /></mjloggm>