<mjloggm ver="2.3"><GO type="225" lobby="0"/><UN n0="%E6%A1%9C%E8%8A%B1%E9%96%83%E3%80%85" n1="%E3%81%99%E3%81%84%E3%81%BE%E3%81%9B%E3%83%BC%E3%82%93" n2="%E3%81%8F%E3%82%8A%E3%83%94%E3%83%BC" n3="%54%4F%52" dan="18,16,16,17" rate="2300.70,2138.74,2101.96,2243.71" sx="M,M,M,M"/><TAIKYOKU oya="0"/><INIT seed="0,0,0,3,1,61" ten="250,250,250,250" oya="0" hai0="77,44,5,86,124,68,83,13,72,59,7,134,105" hai1="8,66,128,4,106,27,127,41,18,115,102,126,37" hai2="45,108,96,62,100,73,25,21,9,91,43,1,118" hai3="78,80,107,35,120,81,74,122,130,33,116,125,23"/><T16/><D68/><U117/><E117/><V63/><F108/><W64/><G116/><T3/><D124/><N who="1" m="47659" /><E128/><V57/><F73/><W26/><G125/><T111/><D134/><U112/><E41/><V104/><F91/><W113/><G113/><N who="1" m="43594" /><E37/><V12/><F1/><W54/><G130/><T119/><D3/><N who="1" m="31" /><E102/><V103/><F103/><W20/><G107/><T39/><D119/><U93/><E93/><V89/><F89/><W129/><G129/><T101/><D111/><U15/><E106/><V14/><F118/><W84/><G54/><T50/><D39/><U29/><E66/><V6/><F14/><W76/><G64/><T10/><D72/><U36/><E36/><V49/><REACH who="2" step="1"/><F57/><REACH who="2" ten="250,250,240,250" step="2"/><W19/><G120/><T53/><REACH who="0" step="1"/><D59/><REACH who="0" ten="240,250,240,250" step="2"/><U46/><E46/><V70/><F70/><W99/><G122/><T87/><D87/><U71/><E71/><V24/><F24/><W34/><G99/><AGARI ba="0,2" hai="5,7,10,13,16,44,50,53,77,83,86,99,101,105" machi="99" ten="40,3900,0" yaku="1,1,54,1,53,0" doraHai="61" doraHaiUra="55" who="0" fromWho="3" sc="240,59,250,0,240,0,250,-39" /><INIT seed="0,1,0,1,4,11" ten="299,250,240,211" oya="0" hai0="6,132,108,87,114,97,123,49,81,45,102,76,2" hai1="98,18,74,104,128,33,116,30,26,24,16,42,43" hai2="79,134,40,1,111,89,34,58,121,105,77,83,135" hai3="17,52,64,31,129,88,66,78,82,47,37,73,106"/><T35/><D114/><U130/><E116/><V110/><F1/><W0/><G129/><N who="1" m="49770" /><E74/><N who="2" m="43447" /><F58/><W8/><G106/><T124/><D123/><U21/><E18/><V133/><F40/><W38/><G31/><T7/><D124/><U94/><E104/><V91/><F34/><W125/><G125/><T3/><D132/><U4/><E4/><V68/><F68/><W61/><G66/><T9/><D108/><N who="2" m="41514" /><F121/><W117/><G117/><T41/><D35/><U65/><E65/><V112/><F112/><W63/><G63/><T62/><D62/><U32/><E32/><V57/><F57/><W14/><G0/><T103/><D103/><AGARI ba="1,0" hai="16,21,24,26,30,33,42,43,94,98,103" m="49770" machi="103" ten="30,2000,0" yaku="19,1,54,1" doraHai="11" who="1" fromWho="0" sc="299,-23,250,23,240,0,211,0" /><INIT seed="1,0,0,1,1,26" ten="276,273,240,211" oya="1" hai0="47,48,68,20,32,29,93,75,126,42,61,66,28" hai1="15,11,118,74,17,84,19,3,8,18,43,134,2" hai2="112,90,10,9,121,124,64,54,102,135,6,44,62" hai3="87,100,40,65,46,88,96,72,98,70,4,119,132"/><U14/><E74/><V133/><F121/><W89/><G72/><T95/><D75/><U111/><E43/><V39/><F124/><W73/><G73/><T130/><D126/><U51/><E118/><V131/><F131/><W116/><G132/><N who="2" m="50761" /><F112/><W85/><G4/><T77/><D130/><U49/><E134/><V113/><F113/><W37/><G65/><T1/><D32/><U106/><E106/><V109/><F109/><W91/><G70/><T86/><D1/><U92/><E111/><V16/><F102/><W57/><G57/><N who="0" m="37167" /><D20/><U69/><E69/><N who="2" m="42135" /><F6/><W12/><G12/><T55/><D68/><U127/><E127/><V23/><F90/><W108/><G108/><T27/><D27/><U67/><E67/><V115/><F115/><W24/><G24/><T50/><D77/><U38/><E38/><V110/><F110/><W81/><G96/><T63/><D63/><U60/><E60/><V33/><F33/><W34/><G34/><T36/><D36/><U104/><E104/><V107/><F107/><W99/><G99/><T117/><D117/><N who="3" m="45129" /><G81/><T41/><D41/><U22/><E2/><V45/><F39/><W94/><AGARI ba="0,0" hai="37,40,46,85,87,88,89,91,94,98,100" m="45129" machi="94" ten="30,2000,0" yaku="12,1,54,1" doraHai="26" who="3" fromWho="3" sc="276,-5,273,-10,240,-5,211,20" /><INIT seed="2,0,0,0,3,98" ten="271,263,235,231" oya="2" hai0="135,53,38,127,109,77,88,43,36,56,59,16,85" hai1="48,32,84,128,19,35,7,106,20,64,112,37,23" hai2="81,26,49,101,126,28,103,27,14,11,41,96,40" hai3="15,130,4,67,58,44,21,0,46,62,45,52,133"/><V2/><F2/><W117/><G117/><T99/><D109/><U119/><E37/><V82/><F126/><W68/><G133/><T39/><D127/><U9/><E119/><V3/><F3/><W8/><G130/><T10/><D135/><U131/><E106/><V57/><F96/><W65/><G0/><T115/><D115/><U71/><E112/><V30/><F57/><W31/><REACH who="3" step="1"/><G68/><REACH who="3" ten="271,263,235,221" step="2"/><T89/><D38/><U73/><E71/><V24/><F30/><W29/><G29/><T72/><D39/><U51/><E131/><V25/><F28/><W107/><G107/><T75/><D36/><U61/><E128/><V114/><F114/><W132/><G132/><T134/><D134/><U76/><E35/><V91/><F27/><AGARI ba="0,1" hai="4,8,15,21,27,31,44,45,46,52,58,62,65,67" machi="27" ten="40,5200,0" yaku="1,1,8,1,54,1,53,0" doraHai="98" doraHaiUra="116" who="3" fromWho="2" sc="271,0,263,0,235,-52,221,62" /><INIT seed="3,0,0,3,1,77" ten="271,263,183,283" oya="3" hai0="97,91,89,133,121,38,11,61,3,14,20,5,112" hai1="2,119,125,4,34,104,24,46,69,51,101,103,60" hai2="99,59,71,62,57,70,8,48,75,109,86,7,28" hai3="135,72,33,80,36,96,95,127,129,84,105,52,93"/><W85/><G33/><T111/><D121/><U110/><E110/><V98/><F75/><W40/><G135/><T35/><D111/><U90/><E125/><V19/><F109/><W117/><G117/><T81/><D133/><U1/><E119/><V47/><F28/><W39/><G127/><T21/><D38/><U29/><E90/><V107/><F107/><W78/><G129/><T74/><D35/><U43/><E4/><V83/><F71/><W37/><G40/><T94/><D112/><U126/><E103/><V102/><F19/><W18/><G18/><T16/><D61/><U63/><E63/><V131/><F70/><W82/><G52/><T41/><D41/><U56/><E126/><V79/><F131/><W124/><G124/><T26/><D74/><U50/><E50/><V15/><F62/><W106/><G72/><T6/><D6/><U92/><E104/><V32/><F32/><W118/><G118/><T120/><D120/><U13/><E69/><V42/><F102/><W73/><G73/><T55/><D55/><U44/><E44/><V10/><F8/><W134/><G134/><T12/><D21/><U0/><E56/><AGARI ba="0,0" hai="7,10,15,42,47,48,56,57,59,79,83,86,98,99" machi="56" ten="40,8000,1" yaku="25,2,8,1,52,1" doraHai="77" who="2" fromWho="1" sc="271,0,263,-80,183,80,283,0" /><INIT seed="4,0,0,3,3,113" ten="271,183,263,283" oya="0" hai0="5,47,32,110,62,64,111,36,6,75,105,25,11" hai1="16,134,27,55,104,57,60,26,94,99,125,51,71" hai2="43,77,17,35,91,87,8,18,59,14,115,109,101" hai3="107,106,72,9,44,41,68,76,108,52,116,129,119"/><T100/><D75/><U1/><E1/><V123/><F109/><N who="0" m="41482" /><D47/><U121/><E121/><V112/><F35/><W70/><G108/><T131/><D131/><U30/><E104/><N who="3" m="39978" /><G52/><T93/><D93/><U124/><E134/><V42/><F123/><W10/><G10/><T85/><D85/><U0/><E0/><V89/><F77/><W19/><G19/><T2/><D5/><U58/><E71/><N who="3" m="27178" /><G9/><T12/><D12/><U20/><E27/><V114/><F101/><W135/><G135/><T45/><D45/><U4/><E4/><N who="2" m="3335" /><F59/><W95/><G95/><T88/><D88/><N who="2" m="33866" /><F87/><W3/><G3/><T82/><D82/><U117/><E117/><N who="3" m="45130" /><G129/><T126/><D2/><U21/><E21/><V84/><F84/><W74/><G76/><T48/><D11/><U63/><E16/><AGARI ba="0,0" hai="16,17,18,42,43,112,114,115" m="33866,3335" machi="16" ten="40,5200,0" yaku="15,1,54,2" doraHai="113" who="2" fromWho="1" sc="271,0,183,-52,263,52,283,0" owari="271,-12.9,131,-36.9,315,41.5,283,8.3" /></mjloggm>