<mjloggm ver="2.3"><GO type="225" lobby="0"/><UN n0="%E8%B6%85%E7%B4%9A%E9%B3%B3%E5%87%B0" n1="%4B%2E%32%2E%4B%2E" n2="%E5%8D%A0%E3%81%84%E5%B8%AB%E8%A3%8F%E3%81%AA%E3%81%84%E3%81%97" n3="%E3%81%8B%E3%82%8F%E3%81%A1%E3%82%83%E3%82%93%35%38" dan="17,16,17,17" rate="2148.36,2111.52,2154.78,2213.47" sx="F,M,M,M"/><TAIKYOKU oya="0"/><INIT seed="0,0,0,2,3,135" ten="250,250,250,250" oya="0" hai0="51,115,112,55,122,27,20,110,86,85,104,103,94" hai1="34,18,119,7,37,47,68,3,71,113,69,74,98" hai2="134,48,84,95,79,24,58,62,83,121,81,0,56" hai3="49,4,106,88,40,67,16,93,10,23,80,12,50"/><T2/><BYE who="3" /><D122/><U39/><E119/><V108/><F121/><W118/><G118/><T91/><D2/><U25/><E113/><UN n3="%E3%81%8B%E3%82%8F%E3%81%A1%E3%82%83%E3%82%93%35%38" /><V131/><F108/><W64/><G106/><T101/><D110/><U107/><E18/><V126/><F0/><W45/><G80/><T63/><D63/><U30/><E47/><V31/><F131/><W120/><G50/><T17/><D85/><U29/><E29/><V14/><F134/><W89/><G120/><T129/><D129/><U15/><E15/><V42/><F83/><W46/><G46/><T43/><D43/><U22/><E22/><V100/><F14/><W109/><G109/><T8/><D8/><N who="1" m="2175" /><E74/><V99/><F48/><W65/><REACH who="3" step="1"/><G93/><REACH who="3" ten="250,250,250,240" step="2"/><T75/><D75/><U52/><E52/><V87/><F95/><W130/><G130/><T102/><REACH who="0" step="1"/><D104/><REACH who="0" ten="240,250,250,240" step="2"/><U78/><E78/><V32/><F79/><W28/><G28/><T5/><D5/><U96/><E107/><V33/><F31/><W105/><G105/><T53/><D53/><U111/><E111/><V41/><F41/><W38/><G38/><T9/><D9/><U125/><E39/><V21/><F42/><W82/><G82/><T73/><D73/><U132/><E132/><V66/><F81/><W133/><G133/><T60/><D60/><U72/><E72/><V1/><F62/><W35/><G35/><T128/><D128/><U117/><E37/><V97/><F32/><W36/><G36/><T123/><D123/><U70/><E117/><V124/><F33/><W26/><AGARI ba="0,2" hai="4,10,12,16,23,26,40,45,49,64,65,67,88,89" machi="26" ten="30,8000,1" yaku="1,1,0,1,8,1,54,2,53,0" doraHai="135" doraHaiUra="116" who="3" fromWho="3" sc="240,-40,250,-20,250,-20,240,100" /><INIT seed="1,0,0,3,2,64" ten="200,230,230,340" oya="1" hai0="116,62,18,125,10,35,85,133,42,58,86,87,34" hai1="50,65,79,94,118,77,130,119,25,0,68,78,97" hai2="52,38,95,19,107,55,100,74,1,51,83,121,57" hai3="5,112,32,111,134,9,106,17,73,49,110,2,72"/><U98/><E0/><V26/><F121/><W101/><G112/><T24/><D116/><U61/><E130/><V132/><F107/><W99/><G134/><T6/><D133/><U16/><E98/><N who="2" m="59487" /><F1/><W36/><G36/><T90/><D125/><U114/><E114/><V124/><F74/><W131/><G131/><T108/><D108/><N who="3" m="41513" /><G32/><T48/><D90/><U30/><E50/><V103/><F38/><W3/><G3/><T33/><D42/><U120/><E16/><V126/><F103/><W40/><G17/><T8/><D48/><U63/><E63/><V92/><F92/><W123/><G123/><T91/><D91/><U7/><E7/><V76/><F132/><W13/><G2/><T129/><D129/><U23/><REACH who="1" step="1"/><E120/><REACH who="1" ten="200,220,230,340" step="2"/><V4/><F4/><W93/><G49/><T11/><D6/><U96/><E96/><V113/><F113/><W67/><G40/><T104/><D18/><U84/><E84/><N who="2" m="48231" /><F19/><W15/><G72/><T82/><D104/><U89/><AGARI ba="0,1" hai="23,25,30,61,65,68,77,78,79,89,94,97,118,119" machi="89" ten="30,6000,0" yaku="1,1,0,1,52,1,53,0" doraHai="64" doraHaiUra="12" who="1" fromWho="1" sc="200,-20,220,70,230,-20,340,-20" /><INIT seed="1,1,0,3,0,86" ten="180,290,210,320" oya="1" hai0="19,94,125,28,132,89,17,14,114,3,20,134,6" hai1="27,101,50,48,59,135,30,119,66,117,78,107,18" hai2="99,69,43,40,103,62,34,52,47,100,68,129,1" hai3="33,84,37,72,71,51,67,13,87,76,61,39,118"/><U110/><E135/><N who="0" m="51753" /><D114/><U120/><E120/><V53/><F1/><W116/><G33/><T60/><D125/><U64/><E78/><V21/><F34/><W44/><G72/><T23/><D60/><U112/><E112/><V4/><F4/><W80/><G13/><N who="0" m="9263" /><D94/><U124/><E110/><V8/><F8/><W7/><G7/><T29/><D89/><U54/><E18/><V92/><F21/><W82/><G118/><T38/><D38/><U35/><E124/><V108/><F108/><W93/><G93/><T133/><N who="0" m="51761" /><T75/><DORA hai="41" /><D75/><U58/><E117/><V49/><F129/><W91/><REACH who="3" step="1"/><G116/><REACH who="3" ten="180,290,210,310" step="2"/><T5/><D6/><U97/><E119/><V83/><F92/><W36/><G36/><T85/><D85/><U25/><E107/><V90/><F99/><W77/><G77/><T95/><D95/><U73/><E73/><V24/><F83/><W63/><G63/><T130/><D130/><U115/><E115/><V9/><F62/><W131/><G131/><T102/><D102/><U128/><E128/><V42/><F103/><W121/><G121/><T10/><AGARI ba="1,1" hai="3,5,10,14,19,23,28,29" m="9263,51761" machi="10" ten="40,5200,0" yaku="20,1,34,2" doraHai="86,41" who="0" fromWho="0" sc="180,65,290,-27,210,-14,310,-14" /><INIT seed="2,0,0,3,4,96" ten="245,263,196,296" oya="2" hai0="26,8,35,113,76,74,6,70,110,78,119,15,68" hai1="103,60,91,109,11,72,115,45,37,129,33,12,43" hai2="94,55,88,63,62,46,13,114,107,41,58,80,52" hai3="31,14,127,67,121,0,7,87,92,48,32,105,38"/><V100/><F114/><W83/><G105/><T117/><D113/><U2/><E115/><V16/><F107/><W3/><G38/><T20/><D110/><U18/><E109/><V132/><F132/><W120/><G67/><T17/><D35/><U73/><E33/><V30/><F30/><W99/><G14/><T59/><D59/><U89/><E129/><V50/><F80/><W56/><G3/><T29/><D29/><U9/><E60/><V40/><F100/><W128/><G128/><T95/><D95/><U102/><E73/><V116/><F62/><W108/><G108/><T135/><D135/><U4/><REACH who="1" step="1"/><E72/><REACH who="1" ten="245,253,196,296" step="2"/><V124/><F116/><N who="0" m="44618" /><D74/><U39/><E39/><V66/><F124/><W85/><G127/><T5/><D5/><U27/><E27/><V22/><F66/><W28/><G32/><T133/><D133/><U98/><E98/><AGARI ba="0,1" hai="13,16,22,40,41,46,50,52,55,58,63,88,94,98" machi="98" ten="30,12000,1" yaku="7,1,8,1,54,3" doraHai="96" who="2" fromWho="1" sc="245,0,253,-120,196,130,296,0" /><INIT seed="2,1,0,0,1,36" ten="245,133,326,296" oya="2" hai0="112,91,124,100,57,96,46,52,98,38,7,87,42" hai1="56,15,125,82,115,116,117,25,17,10,37,108,51" hai2="26,11,113,65,72,6,85,54,45,66,99,8,34" hai3="23,132,30,109,78,39,133,94,16,9,63,74,28"/><V14/><F72/><W24/><G109/><T103/><D112/><U104/><E115/><V58/><F113/><W44/><G63/><T12/><D124/><U76/><E37/><V126/><F126/><W84/><G74/><T77/><D77/><U49/><E104/><V118/><F118/><W13/><G78/><T92/><D7/><U86/><E108/><V89/><F99/><W128/><G128/><T71/><D71/><U31/><E125/><V95/><F45/><W75/><G75/><T70/><D70/><U53/><REACH who="1" step="1"/><E51/><REACH who="1" ten="245,123,326,296" step="2"/><V73/><F73/><W50/><G39/><T61/><D38/><U27/><E27/><V102/><F26/><W88/><REACH who="3" step="1"/><G30/><REACH who="3" ten="245,123,326,286" step="2"/><T3/><D61/><U2/><E2/><V79/><F79/><W29/><G29/><T21/><D3/><U134/><E134/><V97/><F65/><W69/><G69/><T40/><D12/><U83/><E83/><V93/><F66/><W122/><G122/><T35/><D92/><U80/><E80/><V111/><F14/><W48/><G48/><T120/><D120/><U90/><E90/><V60/><F93/><W119/><G119/><T22/><D91/><U131/><E131/><V62/><F89/><W101/><G101/><T68/><D68/><U129/><E129/><V59/><F102/><W127/><G127/><T1/><D1/><U67/><E67/><V55/><F95/><W5/><G5/><T4/><D4/><U41/><E41/><AGARI ba="1,2" hai="9,13,16,23,24,28,41,44,50,84,88,94,132,133" machi="41" ten="40,8000,1" yaku="1,1,52,1,54,2,53,1" doraHai="36" doraHaiUra="20" who="3" fromWho="1" sc="245,0,123,-83,326,0,286,103" /><INIT seed="3,0,0,1,1,19" ten="245,40,326,389" oya="3" hai0="80,118,95,40,27,69,90,91,57,65,131,100,26" hai1="123,133,124,102,16,64,32,62,59,134,126,9,114" hai2="132,6,73,7,88,71,82,105,25,130,94,28,109" hai3="24,33,42,93,4,31,23,52,127,48,81,39,47"/><W101/><G127/><T13/><D118/><U121/><E32/><V22/><F105/><W17/><G4/><T111/><D111/><U60/><E102/><V14/><F109/><W85/><G93/><T51/><D131/><U104/><E104/><V34/><F130/><W20/><G101/><T68/><D68/><U77/><E77/><V54/><F71/><W110/><G110/><T41/><D69/><U5/><E5/><V11/><F132/><W66/><G66/><T12/><D100/><U67/><E9/><V44/><F73/><W56/><G17/><T128/><D128/><U122/><E16/><N who="2" m="8287" /><F82/><W37/><G37/><T15/><D80/><U70/><E114/><V76/><F76/><AGARI ba="0,0" hai="20,23,24,31,33,39,42,47,48,52,56,76,81,85" machi="76" ten="30,11600,0" yaku="7,1,52,2,54,1" doraHai="19" who="3" fromWho="2" sc="245,0,40,0,326,-116,389,116" owari="245,4.5,40,-46.0,210,-19.0,505,60.5" /></mjloggm>