<mjloggm ver="2.3"><GO type="225" lobby="0"/><UN n0="%E6%A1%9C%E8%8A%B1%E9%96%83%E3%80%85" n1="%E3%83%A9%E3%83%B3%E3%83%8A%E3%83%BC%E3%83%A9%E3%83%B3%E3%83%8A%E3%83%BC" n2="%E6%97%A5%E6%9B%9C%E6%97%A5%E3%82%88%E3%82%8A%E3%81%AE%E4%BD%BF%E8%80%85" n3="%E9%80%86%E9%80%A3%E5%B8%AF%E3%81%AE%E9%AC%BC" dan="18,17,17,16" rate="2239.44,2185.90,2152.35,2117.46" sx="M,M,M,M"/><TAIKYOKU oya="0"/><INIT seed="0,0,0,2,2,93" ten="250,250,250,250" oya="0" hai0="130,80,2,59,55,123,79,15,24,71,19,134,69" hai1="65,122,4,83,78,116,9,0,45,75,72,107,20" hai2="32,89,35,25,27,6,11,135,108,104,119,84,3" hai3="18,90,96,61,87,115,14,129,58,8,74,39,126"/><T51/><D123/><U88/><E116/><V1/><F104/><W125/><G129/><T120/><D120/><U12/><E122/><V7/><F84/><W81/><G115/><T110/><D130/><U50/><E107/><V46/><F46/><W128/><G128/><T94/><D2/><U49/><E65/><V22/><F89/><W28/><G39/><T26/><D134/><U92/><E75/><V76/><F76/><W113/><G113/><T118/><D118/><U131/><E131/><V56/><F56/><W95/><G28/><T67/><D110/><U103/><E103/><V29/><F119/><W117/><G74/><T23/><D94/><U41/><E20/><N who="2" m="15527" /><F108/><W48/><G48/><T16/><D67/><U112/><E112/><V30/><F135/><W68/><G68/><T57/><D57/><U54/><E54/><V62/><F62/><W77/><REACH who="3" step="1"/><G117/><REACH who="3" ten="250,250,250,240" step="2"/><T33/><D33/><U36/><REACH who="1" step="1"/><E12/><REACH who="1" ten="250,240,250,240" step="2"/><V85/><F85/><AGARI ba="0,2" hai="0,4,9,36,41,45,49,50,72,78,83,85,88,92" machi="85" ten="30,12000,2" yaku="1,1,2,1,7,1,25,2,54,1,53,1" doraHai="93" doraHaiUra="37" who="1" fromWho="2" sc="250,0,240,140,250,-120,240,0" /><INIT seed="1,0,0,4,4,12" ten="250,380,130,240" oya="1" hai0="65,129,75,13,24,135,73,120,84,46,29,101,130" hai1="99,14,87,9,80,16,78,3,95,41,44,2,74" hai2="91,11,76,15,119,6,98,125,126,103,96,107,121" hai3="89,66,26,38,33,47,51,93,92,59,133,118,77"/><U10/><E74/><V19/><F119/><W85/><G133/><T4/><D135/><U123/><E123/><V88/><F121/><W110/><G110/><T69/><D120/><U131/><E131/><N who="0" m="50185" /><D101/><U57/><E57/><V1/><F76/><W105/><G105/><T37/><D84/><U81/><E81/><V64/><F64/><W122/><G118/><T0/><D0/><U43/><E10/><V58/><F58/><W5/><G122/><T112/><D13/><U68/><E68/><V18/><F1/><W34/><G38/><T49/><D4/><U17/><E43/><V52/><F52/><W45/><G5/><T22/><D37/><U128/><E128/><V116/><F116/><W31/><G77/><T8/><D8/><U104/><E104/><V102/><F102/><W62/><G34/><T82/><D82/><U20/><E44/><V35/><F35/><W42/><REACH who="3" step="1"/><G47/><REACH who="3" ten="250,380,130,230" step="2"/><T117/><D117/><U134/><E134/><V79/><F79/><W111/><G111/><T21/><D112/><U113/><E113/><V94/><REACH who="2" step="1"/><F91/><REACH who="2" ten="250,380,120,230" step="2"/><W30/><G30/><T127/><D29/><U97/><E78/><V56/><F56/><W124/><G124/><AGARI ba="0,2" hai="6,11,15,18,19,88,94,96,98,103,107,124,125,126" machi="124" ten="40,8000,1" yaku="1,1,18,1,52,2,54,1,53,0" doraHai="12" doraHaiUra="53" who="2" fromWho="3" sc="250,0,380,0,120,100,230,-80" /><INIT seed="2,0,0,2,2,4" ten="250,380,220,150" oya="2" hai0="9,106,61,19,116,16,6,52,8,21,96,41,102" hai1="15,69,125,108,39,114,126,107,63,49,94,118,93" hai2="2,117,128,65,43,50,36,71,87,109,62,24,68" hai3="35,83,55,17,13,30,92,99,77,131,57,20,76"/><V122/><F2/><W40/><G131/><T14/><D116/><U12/><E39/><V23/><F117/><W95/><G40/><T10/><D41/><U47/><E118/><V134/><F122/><W135/><G135/><T132/><D132/><U101/><E108/><V89/><F134/><W53/><G35/><T59/><REACH who="0" step="1"/><D19/><REACH who="0" ten="240,380,220,150" step="2"/><U72/><E114/><V46/><F128/><W3/><G30/><T18/><D18/><U34/><E126/><V90/><F109/><W120/><G120/><T82/><D82/><U84/><E125/><V85/><F36/><W42/><G42/><T88/><D88/><U22/><E101/><V103/><F103/><W51/><G3/><AGARI ba="0,1" hai="3,6,8,9,10,14,16,21,52,59,61,96,102,106" machi="3" ten="30,12000,2" yaku="1,1,7,1,52,3,54,2,53,0" doraHai="4" doraHaiUra="130" who="0" fromWho="3" sc="240,130,380,0,220,0,150,-120" /><INIT seed="3,0,0,0,5,83" ten="370,380,220,30" oya="3" hai0="14,48,130,21,16,120,95,77,81,18,103,46,106" hai1="57,15,61,50,91,87,35,51,53,40,4,85,22" hai2="84,27,110,135,12,128,41,73,5,58,54,72,129" hai3="74,119,69,117,124,43,36,97,89,32,111,100,25"/><W24/><G124/><T105/><D120/><U121/><E35/><V112/><F110/><W114/><G111/><T78/><D130/><N who="2" m="50282" /><F135/><W75/><G114/><T125/><D125/><U134/><E134/><V80/><F41/><W93/><G69/><T23/><D105/><U6/><E121/><V11/><F27/><W13/><G13/><N who="0" m="9359" /><D106/><U59/><E40/><V44/><F44/><W60/><G60/><T0/><D0/><U29/><E91/><N who="2" m="51591" /><F112/><W98/><G43/><N who="0" m="24671" /><D81/><U47/><E51/><AGARI ba="0,0" hai="5,11,12,51,54,58,72,73" m="51591,50282" machi="51" ten="30,2000,0" yaku="19,1,52,1" doraHai="83" who="2" fromWho="1" sc="370,0,380,-20,220,20,30,0" owari="370,47.0,360,16.0,240,-16.0,30,-47.0" /></mjloggm>