<mjloggm ver="2.3"><GO type="225" lobby="0"/><UN n0="%E3%82%A2%E3%83%AC%E3%83%83%E3%82%AF%E3%82%B9%5A%5A%56" n1="%4B%2E%32%2E%4B%2E" n2="%E3%81%BE%E3%81%A8%E3%81%9F" n3="%74%2E%6F%2E%6F%2E%73" dan="16,17,16,17" rate="2091.20,2209.84,2146.59,2119.99" sx="F,M,M,M"/><TAIKYOKU oya="0"/><INIT seed="0,0,0,1,1,10" ten="250,250,250,250" oya="0" hai0="113,90,57,55,115,104,30,114,83,16,29,73,69" hai1="123,6,45,48,23,72,50,97,107,101,21,1,89" hai2="91,32,39,18,134,46,84,59,43,111,62,86,135" hai3="13,71,25,130,12,75,58,88,47,80,116,110,92"/><T14/><D104/><U8/><E123/><V79/><F32/><W133/><G71/><T40/><D40/><U128/><E128/><V64/><F111/><W27/><G116/><T100/><D100/><U31/><E72/><V54/><F79/><W52/><G110/><T117/><D69/><U125/><E125/><V102/><F102/><W60/><G130/><T70/><D70/><U131/><E131/><V106/><F106/><W28/><G133/><T3/><D3/><U112/><E112/><V20/><F64/><W0/><G0/><T96/><D73/><U108/><E108/><V95/><REACH who="2" step="1"/><F84/><REACH who="2" ten="250,250,240,250" step="2"/><W119/><G119/><T99/><D117/><U120/><E89/><V37/><F37/><W19/><G75/><T5/><D99/><U98/><E98/><V74/><F74/><W7/><G88/><T49/><D5/><U132/><E107/><V129/><F129/><W34/><G7/><T105/><D105/><U81/><E101/><V24/><AGARI ba="0,1" hai="18,20,24,39,43,46,54,59,62,86,91,95,134,135" machi="24" ten="30,4000,0" yaku="1,1,0,1,53,1" doraHai="10" doraHaiUra="15" who="2" fromWho="2" sc="250,-20,250,-10,240,50,250,-10" /><INIT seed="1,0,0,1,0,35" ten="230,240,290,240" oya="1" hai0="38,96,124,76,28,54,42,86,106,133,83,24,92" hai1="46,1,87,39,75,10,84,8,102,21,40,48,90" hai2="77,27,7,18,101,78,16,2,61,17,51,55,88" hai3="62,31,128,125,60,97,108,30,65,71,81,119,109"/><U67/><E75/><V127/><F101/><W20/><G128/><T79/><D133/><U72/><E72/><V44/><F127/><W11/><G125/><T50/><D124/><U121/><E121/><V118/><F118/><W49/><G119/><T116/><D116/><U19/><E67/><V9/><F27/><W123/><G123/><T57/><D106/><U56/><E102/><V93/><REACH who="2" step="1"/><F61/><REACH who="2" ten="230,240,280,240" step="2"/><W25/><G60/><T112/><D112/><U134/><E134/><V130/><F130/><W66/><G62/><T69/><D69/><U59/><E39/><V131/><F131/><W107/><G71/><T103/><D38/><U82/><E84/><AGARI ba="0,1" hai="2,7,9,16,17,18,44,51,55,77,78,84,88,93" machi="84" ten="40,8000,1" yaku="1,1,52,1,54,2,53,0" doraHai="35" doraHaiUra="120" who="2" fromWho="1" sc="230,0,240,-80,280,90,240,0" /><INIT seed="2,0,0,5,1,122" ten="230,160,370,240" oya="2" hai0="108,4,100,28,113,128,18,104,110,131,2,82,125" hai1="102,36,26,78,22,124,60,81,64,129,29,3,133" hai2="71,72,19,51,135,46,25,53,106,44,11,70,93" hai3="111,12,17,32,114,121,76,41,97,61,38,9,119"/><V13/><F106/><W48/><G119/><T15/><D113/><U34/><E124/><V94/><F72/><W96/><G121/><T1/><D82/><U8/><E129/><N who="0" m="49737" /><D125/><U89/><E133/><V30/><F135/><W42/><G32/><T54/><D28/><U67/><E36/><V88/><F93/><W10/><G38/><T92/><D104/><U83/><E102/><V79/><F79/><W37/><G37/><T85/><D54/><U120/><E120/><V134/><F46/><W50/><G76/><T132/><D4/><U40/><E40/><V86/><REACH who="2" step="1"/><F134/><REACH who="2" ten="230,160,360,240" step="2"/><W14/><G114/><T84/><D132/><U68/><E78/><V57/><F57/><W56/><G56/><T90/><D100/><U105/><E105/><V101/><F101/><W59/><G59/><T6/><D84/><U80/><E89/><V65/><F65/><W69/><G96/><T0/><D6/><U118/><E67/><V16/><F16/><W45/><G97/><T126/><D126/><U115/><E115/><V23/><AGARI ba="0,1" hai="11,13,19,23,25,30,44,51,53,70,71,86,88,94" machi="23" ten="20,7800,0" yaku="1,1,0,1,7,1,54,1,53,0" doraHai="122" doraHaiUra="77" who="2" fromWho="2" sc="230,-26,160,-26,360,88,240,-26" /><INIT seed="2,1,0,1,3,120" ten="204,134,448,214" oya="2" hai0="51,119,118,94,100,121,47,54,111,85,89,129,73" hai1="36,38,33,117,106,103,128,66,127,42,23,14,65" hai2="124,57,16,11,15,74,17,46,95,49,62,48,0" hai3="60,126,29,91,3,90,109,8,27,130,4,55,135"/><V21/><F74/><W40/><G130/><T133/><D121/><U110/><E117/><N who="0" m="44553" /><D73/><U125/><E33/><V1/><F95/><W64/><G126/><N who="1" m="48138" /><E14/><V87/><F87/><W99/><G135/><T6/><D133/><U52/><E23/><V123/><F123/><W44/><G55/><T107/><D129/><U72/><E72/><V134/><F134/><W84/><G99/><N who="0" m="61855" /><D6/><U12/><E12/><V28/><F28/><W31/><G109/><AGARI ba="1,0" hai="47,51,54,85,89,94,109,111" m="61855,44553" machi="109" ten="30,3900,0" yaku="12,1,52,2" doraHai="120" who="0" fromWho="3" sc="204,42,134,0,448,0,214,-42" /><INIT seed="3,0,0,1,0,130" ten="246,134,448,172" oya="3" hai0="85,24,82,9,69,75,51,117,47,12,125,63,116" hai1="80,25,1,5,10,48,103,77,7,49,71,62,83" hai2="26,35,131,56,81,99,93,106,46,19,88,60,135" hai3="13,107,54,113,67,120,94,23,28,52,121,127,14"/><W43/><G107/><T45/><D75/><U133/><E103/><V3/><F3/><W44/><G113/><T59/><D125/><U95/><E95/><V98/><F131/><W86/><G127/><T79/><D69/><U91/><E7/><V61/><F135/><W110/><G67/><T0/><D0/><U55/><E133/><V18/><F61/><W39/><G110/><T119/><D24/><U84/><E25/><V40/><F81/><W124/><G124/><T105/><D51/><U89/><E89/><V58/><F58/><W27/><G120/><T65/><D105/><U57/><REACH who="1" step="1"/><E71/><REACH who="1" ten="246,124,448,172" step="2"/><V111/><F26/><W64/><G121/><T31/><D31/><U128/><E128/><V122/><F122/><W29/><G29/><T8/><D12/><U78/><E78/><V20/><F93/><W38/><G13/><T104/><D104/><U22/><E22/><V102/><F88/><W4/><G14/><T109/><D79/><U123/><E123/><V76/><F20/><W87/><G4/><T15/><D15/><U92/><E92/><V16/><F76/><W96/><G94/><T73/><D82/><U36/><E36/><V90/><F102/><W66/><G38/><T115/><D8/><U118/><E118/><V32/><F106/><W112/><G23/><T33/><D116/><U17/><E17/><V41/><F90/><W11/><G27/><T101/><D117/><U114/><E114/><V97/><F98/><W129/><G28/><T30/><D115/><U2/><E2/><V72/><F99/><W132/><G112/><T37/><D119/><RYUUKYOKU ba="0,1" sc="246,-10,124,30,448,-10,172,-10" hai1="1,5,10,48,49,55,57,62,77,80,83,84,91" owari="236,3.6,154,-34.6,448,54.8,162,-23.8" /></mjloggm>