<mjloggm ver="2.3"><GO type="225" lobby="0"/><UN n0="%E3%83%94%E3%82%B3%E3%83%9E%E3%82%B9%E3%83%86%E3%82%A3%E3%83%95" n1="%6D%75%75%6D%75%72%61" n2="%E7%AC%B9%E9%A4%85" n3="%E3%81%99%E3%81%84%E3%81%BE%E3%81%9B%E3%83%BC%E3%82%93" dan="17,16,16,16" rate="2190.26,2127.84,2199.34,2108.94" sx="M,F,M,M"/><TAIKYOKU oya="0"/><INIT seed="0,0,0,5,3,28" ten="250,250,250,250" oya="0" hai0="24,81,128,16,134,82,53,54,96,104,11,50,12" hai1="98,7,78,37,119,110,64,51,56,99,71,58,121" hai2="55,19,80,21,111,10,91,77,61,86,120,125,127" hai3="63,90,70,75,9,100,103,18,1,93,87,38,6"/><T123/><D123/><U108/><E121/><V40/><F120/><W36/><G75/><T117/><D117/><U114/><E119/><V69/><F111/><N who="1" m="42537" /><E37/><V26/><F40/><W46/><G18/><T33/><D128/><U79/><E114/><V107/><F107/><W62/><G62/><T20/><D134/><U129/><E129/><V67/><F55/><W52/><G38/><T97/><D33/><U74/><E7/><V105/><F105/><W14/><G1/><T89/><D54/><N who="1" m="31839" /><E71/><V3/><REACH who="2" step="1"/><F77/><REACH who="2" ten="250,250,240,250" step="2"/><N who="1" m="29193" /><E74/><V101/><F101/><W35/><G103/><T17/><D104/><U4/><E4/><AGARI ba="0,1" hai="3,4,10,19,21,26,61,67,69,80,86,91,125,127" machi="4" ten="40,1300,0" yaku="1,1,53,0" doraHai="28" doraHaiUra="47" who="2" fromWho="1" sc="250,0,250,-13,240,23,250,0" /><INIT seed="1,0,0,3,1,46" ten="250,237,263,250" oya="1" hai0="50,22,31,115,110,47,17,12,82,70,116,77,84" hai1="53,101,60,108,66,24,97,29,8,100,119,127,81" hai2="131,55,42,20,79,106,62,33,0,56,64,14,86" hai3="18,39,123,38,121,83,128,32,74,51,40,59,85"/><U28/><E119/><V25/><F0/><W27/><G74/><T21/><D116/><U126/><E108/><V48/><F106/><W6/><G128/><T94/><D115/><U107/><E100/><V93/><F131/><W87/><G6/><T13/><D70/><U4/><E81/><V30/><F42/><W1/><G1/><T37/><D37/><U54/><E54/><V130/><F130/><W23/><G32/><T95/><D110/><U90/><E90/><V72/><F72/><W120/><G87/><T113/><D113/><U7/><E53/><V19/><F79/><W133/><G133/><T112/><D112/><U134/><E134/><V96/><F86/><W109/><G109/><T78/><D78/><U91/><E91/><V65/><REACH who="2" step="1"/><F62/><REACH who="2" ten="250,237,253,250" step="2"/><W89/><G40/><T52/><D13/><U26/><E60/><V69/><F69/><W3/><G3/><T129/><D129/><U68/><E68/><V118/><F118/><W132/><G132/><T76/><D77/><U102/><E107/><V63/><F63/><W35/><G39/><T92/><D31/><U57/><E29/><V15/><F15/><W10/><G38/><T125/><D125/><U135/><E28/><V9/><F9/><AGARI ba="0,1" hai="9,12,17,21,22,47,50,52,76,82,84,92,94,95" machi="9" ten="40,5200,0" yaku="8,1,52,1,54,1" doraHai="46" who="0" fromWho="2" sc="250,62,237,0,253,-52,250,0" /><INIT seed="2,0,0,5,1,98" ten="312,237,201,250" oya="2" hai0="5,26,104,121,67,80,89,9,132,38,0,58,92" hai1="85,124,63,27,23,14,17,2,117,70,25,28,11" hai2="42,77,35,83,3,4,37,105,102,21,134,15,65" hai3="74,55,6,103,123,118,66,22,129,16,45,75,48"/><V113/><F113/><W86/><G118/><T72/><D104/><U128/><E117/><V88/><F35/><W119/><G123/><T33/><D121/><U13/><E70/><V60/><F134/><W47/><G119/><T41/><D132/><U112/><E63/><V122/><F122/><W43/><G129/><T68/><D68/><U52/><E112/><V96/><F3/><W130/><G130/><T125/><D125/><U46/><E124/><V73/><F37/><W29/><G29/><T44/><D26/><U106/><E106/><V64/><F42/><W110/><G110/><T133/><D33/><U84/><E128/><V90/><F65/><W120/><G66/><T91/><D92/><U18/><E2/><V95/><F105/><W115/><G6/><T99/><D99/><U56/><E56/><V79/><F79/><W94/><G120/><T36/><D36/><U109/><E109/><V87/><F73/><W61/><G115/><T116/><D133/><U97/><E97/><V76/><F76/><W57/><G47/><T78/><D116/><U126/><E126/><V101/><F77/><W62/><G61/><AGARI ba="0,0" hai="0,5,9,38,41,44,58,61,67,72,78,80,89,91" machi="61" ten="40,2600,0" yaku="25,2" doraHai="98" who="0" fromWho="3" sc="312,26,237,0,201,0,250,-26" /><INIT seed="3,0,0,2,1,23" ten="338,237,201,224" oya="3" hai0="61,77,120,63,104,15,74,27,22,8,124,123,64" hai1="86,3,118,130,18,103,107,134,60,59,79,71,4" hai2="126,119,112,16,88,50,113,57,45,127,43,29,1" hai3="28,35,133,19,30,75,9,78,67,92,81,96,72"/><W17/><G133/><T40/><D104/><U36/><E71/><V93/><F1/><W52/><G75/><T12/><D40/><U90/><E134/><V26/><F119/><W41/><G67/><T56/><D124/><N who="2" m="47658" /><F57/><W101/><G41/><T109/><D109/><U38/><E118/><V82/><F82/><W13/><G35/><T11/><D77/><U122/><E79/><V76/><F76/><W66/><G66/><T68/><D74/><U69/><E69/><V114/><F16/><W97/><G19/><T53/><D12/><U21/><E122/><V24/><F29/><W44/><REACH who="3" step="1"/><G96/><AGARI ba="0,0" hai="24,26,43,45,50,88,93,96,112,113,114" m="47658" machi="96" ten="40,8000,1" yaku="18,1,52,2,54,1" doraHai="23" who="2" fromWho="3" sc="338,0,237,0,201,80,224,-80" owari="338,43.8,237,-16.3,281,8.1,144,-35.6" /></mjloggm>