<mjloggm ver="2.3"><GO type="225" lobby="0"/><UN n0="%E3%82%BC%E3%83%AB%E3%83%80%E3%81%AE%E4%BC%9D%E8%AA%AC" n1="%E6%B0%B7%E5%B7%9D%E9%87%8C%E5%A5%88" n2="%E3%81%AA%E3%81%A1%30%39%32%37" n3="%E5%86%B7%E5%87%8D%E3%82%AE%E3%83%A7%E3%83%BC%E3%82%B6" dan="17,16,16,16" rate="2200.15,2111.91,2123.63,2099.89" sx="M,F,M,M"/><TAIKYOKU oya="0"/><INIT seed="0,0,0,4,0,31" ten="250,250,250,250" oya="0" hai0="32,134,124,64,132,36,13,70,123,11,117,114,108" hai1="25,98,15,28,50,58,16,115,97,27,111,8,109" hai2="30,88,35,82,85,10,129,73,53,106,79,68,96" hai3="118,95,77,17,61,5,127,101,55,83,69,43,26"/><T2/><RYUUKYOKU type="yao9" ba="0,0" sc="250,0,250,0,250,0,250,0" hai0="2,11,13,32,36,64,70,108,114,117,123,124,132,134" /><INIT seed="0,1,0,5,3,122" ten="250,250,250,250" oya="0" hai0="132,16,63,127,40,75,100,93,20,34,117,113,25" hai1="43,88,10,41,32,50,21,129,114,29,128,97,17" hai2="28,60,135,2,73,120,58,45,35,39,78,5,72" hai3="102,107,91,130,18,67,15,26,61,90,98,104,8"/><T49/><D113/><U59/><E114/><V89/><F120/><W99/><G130/><N who="1" m="50282" /><E10/><V108/><F89/><W22/><G107/><T56/><D117/><U76/><E76/><V14/><F14/><W96/><G96/><T131/><D131/><U65/><E29/><V13/><F13/><W74/><G74/><T62/><D75/><U125/><E32/><V80/><F72/><W123/><G99/><N who="0" m="59503" /><D34/><U0/><E0/><V31/><F135/><W4/><REACH who="3" step="1"/><G123/><REACH who="3" ten="250,250,250,240" step="2"/><T47/><D132/><U124/><E124/><V85/><F73/><W23/><G23/><T112/><D112/><U111/><E125/><V33/><F33/><W1/><G1/><T101/><D127/><U71/><E97/><V105/><F35/><W30/><G30/><T95/><D101/><U19/><E21/><V55/><F105/><W54/><G54/><N who="0" m="31823" /><D95/><U12/><E41/><V68/><F31/><W52/><G52/><T27/><D27/><U92/><E43/><V11/><F28/><W86/><G86/><T94/><D94/><U64/><E92/><V7/><F2/><W118/><G118/><T46/><D40/><U106/><E106/><V57/><F85/><W6/><G6/><T82/><D82/><U110/><E12/><V134/><F5/><W126/><G126/><T42/><D42/><U3/><E3/><V9/><F7/><W116/><G116/><T48/><D25/><U53/><E53/><V133/><F133/><W84/><G84/><T44/><D20/><U119/><E119/><V103/><F134/><W109/><G109/><T87/><D87/><U121/><E111/><RYUUKYOKU ba="1,1" sc="250,-10,250,-10,250,-10,240,30" hai3="4,8,15,18,22,26,61,67,90,91,98,102,104" /><INIT seed="1,2,1,4,3,129" ten="240,240,240,270" oya="1" hai0="78,103,98,26,28,108,58,63,19,38,29,40,91" hai1="48,64,41,92,112,31,16,6,127,12,27,5,104" hai2="135,105,49,35,56,120,72,52,95,61,119,30,115" hai3="90,122,13,102,75,37,69,132,88,71,66,42,17"/><U1/><E112/><V107/><F119/><W7/><G122/><T100/><D108/><U45/><E104/><V84/><F120/><W89/><G75/><T134/><D78/><U62/><E127/><V46/><F72/><W21/><G66/><T101/><D38/><U110/><E110/><V74/><F74/><W68/><G102/><T93/><D134/><U94/><E1/><V59/><F115/><W57/><G57/><T123/><D40/><U36/><E36/><V18/><F135/><W87/><G7/><T76/><D76/><U22/><E6/><V79/><F56/><W70/><N who="3" m="17408" /><DORA hai="14" /><W55/><G55/><N who="0" m="34271" /><D123/><U116/><E116/><V126/><F35/><W54/><G54/><T0/><D0/><U53/><E53/><V113/><F113/><W32/><G32/><T86/><D86/><U23/><E62/><V81/><F126/><W4/><G4/><T20/><AGARI ba="2,1" hai="19,20,26,28,29,91,93,98,100,101,103" m="34271" machi="20" ten="30,4000,0" yaku="25,1,8,1,52,1" doraHai="129,14" who="0" fromWho="0" sc="240,56,240,-22,240,-12,270,-12" /><INIT seed="2,0,0,3,5,92" ten="296,218,228,258" oya="2" hai0="37,71,65,23,22,53,81,73,122,21,42,114,103" hai1="127,17,116,45,104,93,44,5,27,94,62,49,9" hai2="16,112,8,77,41,87,130,36,101,64,43,84,115" hai3="107,117,12,68,111,56,59,99,28,118,3,66,96"/><V132/><F132/><W54/><G3/><T0/><D122/><U58/><E116/><V78/><F64/><W85/><G111/><T131/><D114/><U4/><E104/><V31/><F101/><W15/><G68/><T26/><D103/><U57/><E127/><V90/><F31/><W124/><G107/><T46/><D131/><U113/><E113/><V29/><F29/><W10/><G124/><T52/><D26/><U69/><E69/><V32/><F8/><W63/><G28/><T20/><D20/><U70/><E70/><V1/><F90/><W14/><G10/><T88/><D0/><U108/><E108/><V6/><F6/><W55/><G85/><T123/><D123/><U19/><E9/><V18/><F1/><W76/><G76/><T100/><D100/><U82/><E49/><V24/><F24/><W11/><G11/><T110/><D110/><U39/><E27/><V13/><F13/><W95/><G66/><T91/><D91/><U33/><E33/><V86/><F86/><W83/><G83/><T126/><D126/><U75/><E75/><V97/><F97/><W50/><REACH who="3" step="1"/><G95/><REACH who="3" ten="296,218,228,248" step="2"/><T34/><D73/><U67/><E67/><V121/><F121/><W109/><G109/><T35/><D65/><U134/><E82/><V47/><F112/><W135/><G135/><T40/><D71/><U61/><REACH who="1" step="1"/><E134/><REACH who="1" ten="296,208,228,248" step="2"/><V128/><F115/><W105/><G105/><T129/><D81/><U89/><E89/><V72/><F72/><W48/><G48/><N who="0" m="26695" /><D88/><U30/><E30/><V2/><F128/><W74/><G74/><T51/><D129/><RYUUKYOKU ba="0,2" sc="296,-15,208,15,228,-15,248,15" hai1="4,5,17,19,39,44,45,57,58,61,62,93,94" hai3="12,14,15,50,54,55,56,59,63,96,99,117,118" /><INIT seed="3,1,2,2,5,34" ten="281,223,213,263" oya="3" hai0="85,9,125,69,113,101,120,42,59,1,100,112,132" hai1="83,6,73,78,40,32,8,31,105,84,71,27,39" hai2="57,14,43,119,103,97,86,123,74,96,108,12,126" hai3="122,127,41,81,24,133,25,5,18,11,76,45,72"/><W21/><G122/><T124/><D69/><U52/><E105/><V20/><F74/><W13/><G127/><N who="0" m="48715" /><D132/><U99/><E71/><V102/><F126/><W56/><G56/><T10/><D120/><U79/><E79/><V29/><F123/><W129/><G129/><T90/><D42/><U114/><E114/><N who="0" m="44137" /><D59/><U51/><E99/><N who="2" m="37963" /><F119/><W82/><G82/><N who="0" m="49463" /><D1/><U68/><E68/><V107/><F108/><W60/><G133/><T135/><D135/><U75/><E40/><V30/><F107/><W44/><G60/><T91/><D91/><U7/><E39/><V87/><F43/><W110/><G110/><T55/><D55/><U80/><E52/><V50/><F50/><W47/><REACH who="3" step="1"/><G41/><REACH who="3" ten="281,223,213,253" step="2"/><T16/><D9/><U115/><E8/><V104/><F57/><W63/><G63/><T131/><D131/><U93/><E115/><V0/><F104/><W23/><G23/><T109/><D109/><U62/><E62/><V92/><F102/><W48/><G48/><T26/><D10/><U95/><E51/><V46/><F103/><W17/><G17/><T53/><D53/><U15/><E32/><V89/><F46/><W67/><G67/><T77/><D101/><U116/><E116/><V121/><F121/><W66/><G66/><T28/><D100/><U58/><E58/><V49/><F49/><W88/><G88/><T64/><D64/><U111/><E111/><V128/><F128/><W61/><G61/><T19/><D77/><U70/><E70/><V118/><F89/><W36/><G36/><T2/><D19/><U106/><E78/><V98/><F118/><RYUUKYOKU ba="1,3" sc="281,-10,223,-10,213,-10,253,30" hai3="5,11,13,18,21,24,25,44,45,47,72,76,81" /><INIT seed="3,2,3,1,5,71" ten="271,213,203,283" oya="3" hai0="18,131,66,87,68,20,81,105,115,80,51,6,34" hai1="38,12,7,82,60,50,55,72,90,17,13,88,63" hai2="2,52,59,95,108,102,49,75,29,106,45,15,97" hai3="61,47,112,39,46,26,58,78,119,23,28,83,124"/><W86/><G112/><T27/><D115/><U135/><E135/><V0/><F108/><W76/><G119/><T57/><D105/><U54/><E38/><V77/><F29/><W134/><G134/><T64/><D68/><U100/><E100/><V123/><F123/><W21/><G124/><T3/><D34/><U62/><E72/><V8/><F95/><W110/><G110/><T84/><D131/><U93/><E82/><N who="0" m="31849" /><D6/><U4/><E90/><V22/><F22/><N who="3" m="15447" /><G39/><T117/><D3/><U24/><E24/><V101/><F101/><W128/><G76/><T48/><D117/><U109/><E109/><V116/><F116/><W35/><G35/><T111/><D111/><U36/><E36/><V10/><F77/><W41/><G128/><T65/><D57/><U132/><E132/><V113/><F75/><W114/><G114/><T121/><D121/><U125/><E125/><V120/><F120/><W14/><G41/><T11/><D11/><N who="1" m="4223" /><E4/><V53/><F113/><W129/><G129/><T94/><D94/><U92/><E92/><V91/><F91/><W56/><G56/><T98/><D98/><U42/><E88/><V122/><F122/><W130/><G130/><T74/><D74/><U33/><E33/><V118/><F118/><W96/><G96/><T9/><D9/><N who="1" m="6319" /><E93/><V37/><F10/><W85/><G85/><AGARI ba="2,3" hai="18,20,27,48,51,64,65,66,84,85,87" m="31849" machi="85" ten="30,1000,0" yaku="8,1" doraHai="71" who="0" fromWho="3" sc="271,46,213,0,203,0,283,-16" owari="317,41.7,213,-18.7,203,-29.7,267,6.7" /></mjloggm>