<mjloggm ver="2.3"><GO type="225" lobby="0"/><UN n0="%6D%61%74%69%67%75%73%61" n1="%E3%82%8C%E3%81%99%E3%81%93" n2="%E6%98%93%E5%88%A9%E8%96%A9%E4%BC%AF" n3="%E3%83%9D%E3%82%B1%E3%83%83%E3%83%88" dan="17,17,16,16" rate="2170.31,2163.29,2098.46,2103.77" sx="M,F,F,M"/><TAIKYOKU oya="0"/><INIT seed="0,0,0,2,3,68" ten="250,250,250,250" oya="0" hai0="15,132,16,36,37,74,28,59,111,129,92,101,11" hai1="112,125,12,120,50,117,84,72,38,24,121,10,73" hai2="25,65,13,45,81,131,63,105,102,44,69,29,9" hai3="96,86,106,122,26,88,61,42,134,83,128,109,71"/><T17/><D74/><U85/><E117/><V95/><F131/><W60/><G128/><T126/><D129/><U123/><E125/><V76/><F95/><W108/><G134/><T115/><D115/><U18/><E112/><V130/><F130/><W35/><G42/><T57/><D28/><U118/><E118/><V89/><F89/><W97/><G122/><T3/><D3/><U56/><E38/><V43/><F102/><N who="3" m="62791" /><G97/><T91/><D101/><U66/><E72/><V51/><F105/><W19/><G19/><T4/><D126/><U52/><E73/><V82/><F45/><W113/><G113/><T53/><D59/><U79/><E79/><V55/><F55/><W34/><G61/><T0/><D17/><U119/><E119/><V21/><REACH who="2" step="1"/><F76/><REACH who="2" ten="250,250,240,250" step="2"/><W116/><G116/><T127/><D127/><U80/><E80/><V7/><AGARI ba="0,1" hai="7,9,13,21,25,29,43,44,51,63,65,69,81,82" machi="7" ten="20,8000,1" yaku="1,1,2,1,0,1,7,1,53,1" doraHai="68" doraHaiUra="67" who="2" fromWho="2" sc="250,-40,250,-20,240,90,250,-20" /><INIT seed="1,0,0,4,4,53" ten="210,230,330,230" oya="1" hai0="5,120,58,129,67,10,111,107,26,70,18,83,74" hai1="35,65,44,77,9,92,19,112,89,22,69,52,66" hai2="84,128,103,63,115,75,17,11,20,131,124,1,97" hai3="42,34,33,96,68,109,48,55,21,93,113,16,0"/><U41/><E112/><V134/><F75/><W105/><G113/><T38/><D107/><U108/><E35/><V46/><F115/><W12/><G109/><T29/><D70/><U13/><E69/><V39/><F124/><W123/><G123/><T110/><D38/><U118/><E118/><V87/><F134/><W8/><G105/><T91/><D91/><U45/><E108/><N who="0" m="41513" /><D83/><U117/><E117/><V43/><F63/><W54/><G68/><T28/><D74/><U94/><E77/><V78/><F11/><W3/><G42/><T62/><D129/><N who="2" m="49738" /><F1/><W37/><G54/><T90/><D90/><U40/><E94/><N who="2" m="58807" /><F78/><W114/><G114/><T135/><D135/><U56/><E9/><V57/><F57/><W76/><G76/><T49/><D120/><U60/><E41/><V79/><F79/><W72/><G72/><T47/><D5/><U27/><E13/><AGARI ba="0,0" hai="13,17,20,39,43,46,84,87" m="58807,49738" machi="13" ten="30,1000,0" yaku="19,1" doraHai="53" who="2" fromWho="1" sc="210,0,230,-10,330,10,230,0" /><INIT seed="2,0,0,2,1,126" ten="210,220,340,230" oya="2" hai0="32,92,110,22,93,46,47,70,63,60,24,113,102" hai1="135,71,31,25,108,17,125,27,88,115,129,95,30" hai2="128,64,35,106,133,89,36,131,85,99,98,62,1" hai3="6,34,68,132,118,80,123,45,114,112,49,94,121"/><V78/><F1/><W56/><G34/><T23/><D32/><U59/><E115/><N who="3" m="44074" /><G68/><T10/><D113/><U12/><E71/><V96/><F36/><W97/><G118/><T67/><D110/><U74/><E74/><V79/><F35/><W134/><G6/><T29/><D10/><N who="1" m="6295" /><E108/><V11/><F11/><W5/><G56/><T4/><D4/><U7/><E125/><V16/><F16/><W117/><G80/><T83/><D83/><U20/><E135/><N who="3" m="51754" /><G5/><T103/><D70/><U42/><E7/><V86/><F133/><W14/><G14/><T19/><D19/><U50/><E59/><V127/><F127/><W69/><G69/><T13/><D13/><U75/><E27/><V111/><F111/><W53/><G117/><T124/><D124/><U104/><E25/><V109/><F109/><W48/><G48/><T3/><D24/><U15/><E50/><V73/><F64/><W87/><G87/><N who="2" m="33289" /><F62/><W65/><G65/><T130/><D67/><U43/><E15/><V100/><F73/><W116/><G116/><T51/><D51/><U81/><E75/><V44/><F44/><W76/><G76/><N who="2" m="29225" /><F89/><AGARI ba="0,0" hai="45,49,53,89,94,97,121,123" m="51754,44074" machi="89" ten="30,2000,0" yaku="11,1,20,1" doraHai="126" who="3" fromWho="2" sc="210,0,220,0,340,-20,230,20" /><INIT seed="3,0,0,4,2,83" ten="210,220,320,250" oya="3" hai0="21,102,36,41,112,124,71,91,6,129,87,1,95" hai1="59,90,28,65,32,85,69,42,46,80,14,134,64" hai2="17,119,88,50,25,52,16,120,113,132,48,122,20" hai3="47,51,53,7,54,97,73,101,118,104,34,82,81"/><W49/><G118/><T29/><D71/><U31/><E134/><V106/><F106/><W18/><G73/><T126/><D102/><U117/><E117/><V27/><F113/><W98/><G34/><T24/><D112/><U121/><E121/><N who="2" m="46699" /><F132/><W76/><G7/><T30/><D129/><U116/><E116/><V26/><F119/><W125/><G125/><N who="0" m="48235" /><D29/><N who="1" m="11339" /><E69/><V93/><F17/><W40/><G18/><T86/><D41/><U4/><E32/><V22/><F22/><W127/><G40/><T67/><D67/><N who="1" m="25675" /><E59/><N who="2" m="33159" /><F50/><W74/><G51/><T131/><D36/><U105/><E105/><V39/><F39/><W62/><G49/><T128/><D86/><AGARI ba="0,0" hai="16,20,25,26,27,86,88,93" m="33159,46699" machi="86" ten="30,8000,1" yaku="13,1,52,1,54,3" doraHai="83" who="2" fromWho="0" sc="210,-80,220,0,320,80,250,0" owari="130,-37.0,220,-18.0,400,50.0,250,5.0" /></mjloggm>