<mjloggm ver="2.3"><GO type="225" lobby="0"/><UN n0="%77%72%77%72%77%72%77%72" n1="%E3%81%BF%E3%81%BF%E3%81%9A" n2="%E3%81%B5%E3%81%98%E3%81%8B%E3%81%A4" n3="%E3%83%A9%E3%83%BC%E3%83%A1%E3%83%B3%E4%BA%94%E9%83%8E" dan="17,17,16,16" rate="2213.21,2273.74,2189.54,2077.18" sx="M,M,M,M"/><TAIKYOKU oya="0"/><INIT seed="0,0,0,0,0,31" ten="250,250,250,250" oya="0" hai0="15,63,135,66,27,3,101,96,94,33,54,78,92" hai1="53,25,45,39,100,42,34,113,126,41,134,105,49" hai2="87,40,19,37,72,109,2,93,46,17,132,81,51" hai3="56,85,18,7,91,128,77,24,10,103,117,58,26"/><T88/><D3/><U6/><E126/><V30/><F109/><W104/><G117/><T115/><D115/><U107/><E113/><V20/><F132/><W0/><G128/><T89/><D135/><U125/><E134/><V21/><F2/><W29/><G77/><T52/><D78/><U76/><E125/><V80/><F72/><W97/><G18/><T62/><D15/><U111/><E111/><V59/><F30/><W71/><G71/><T86/><D101/><U95/><E6/><V112/><F112/><W12/><G0/><T61/><D33/><U118/><E76/><V65/><F37/><W83/><REACH who="3" step="1"/><G24/><REACH who="3" ten="250,250,250,240" step="2"/><T48/><D27/><U60/><E25/><V4/><F17/><W133/><G133/><T36/><D36/><U120/><E118/><V110/><F19/><W43/><G43/><T84/><D66/><U8/><E41/><V106/><F65/><W82/><G82/><T13/><D13/><U9/><E42/><V47/><F81/><W114/><G114/><T5/><D5/><U70/><E39/><V14/><F14/><W131/><G131/><T108/><D108/><U11/><E70/><V122/><F110/><W67/><G67/><T69/><D69/><U127/><E127/><V123/><F40/><W68/><G68/><T129/><D129/><U28/><E53/><N who="0" m="20585" /><D48/><U16/><E49/><V102/><F51/><W121/><G121/><T44/><D44/><U50/><E120/><V130/><F46/><W79/><G79/><T90/><D90/><U64/><E45/><V124/><F123/><W38/><G38/><T119/><D119/><RYUUKYOKU ba="0,1" sc="250,15,250,-15,250,-15,240,15" hai0="61,62,63,84,86,88,89,92,94,96" hai3="7,10,12,26,29,56,58,83,85,91,97,103,104" /><INIT seed="0,1,1,3,3,67" ten="265,235,235,255" oya="0" hai0="110,42,80,87,38,84,52,126,5,7,100,107,83" hai1="132,24,65,16,102,29,41,96,56,74,70,124,61" hai2="81,103,127,92,54,75,104,130,71,18,11,111,21" hai3="118,12,35,22,66,15,51,13,39,34,115,55,95"/><T37/><D126/><U68/><E124/><V3/><F127/><W23/><G115/><T79/><D110/><U113/><E113/><V78/><F130/><W27/><G39/><T60/><D100/><U69/><E74/><V94/><F111/><W1/><G118/><T30/><D107/><U119/><E119/><V91/><F54/><W112/><G112/><T43/><D30/><U86/><E132/><V63/><F3/><W108/><G108/><T99/><D99/><U85/><E41/><V129/><F11/><W2/><G66/><T82/><D82/><U116/><E16/><V44/><F44/><W47/><G95/><T10/><D10/><U9/><E9/><V17/><F17/><W88/><G22/><T45/><D42/><U128/><E128/><V123/><F123/><W46/><G88/><T28/><D28/><U72/><E72/><V32/><F94/><W8/><G46/><T50/><D60/><U77/><E77/><V101/><F32/><W0/><REACH who="3" step="1"/><G8/><REACH who="3" ten="265,235,235,245" step="2"/><T31/><D38/><U114/><E116/><V117/><F117/><W53/><G53/><T64/><D64/><U109/><E114/><V59/><F129/><W134/><G134/><T120/><D120/><U14/><E109/><V97/><F91/><W90/><G90/><N who="0" m="51463" /><D37/><U122/><E122/><V26/><F104/><W4/><G4/><N who="0" m="1611" /><D43/><U48/><E14/><V98/><F103/><W93/><G93/><T33/><D33/><N who="1" m="20647" /><E102/><V135/><F135/><W25/><G25/><T49/><D31/><AGARI ba="1,2" hai="0,1,2,12,13,15,23,27,31,34,35,47,51,55" machi="31" ten="50,1600,0" yaku="1,1,53,0" doraHai="67" doraHaiUra="105" who="3" fromWho="0" sc="265,-19,235,0,235,0,245,39" /><INIT seed="1,0,0,5,0,91" ten="246,235,235,284" oya="1" hai0="103,96,48,45,92,20,49,108,98,58,105,74,106" hai1="117,0,129,13,124,70,126,8,56,34,3,107,110" hai2="65,81,132,9,44,16,12,104,125,31,61,83,100" hai3="4,41,102,38,29,27,19,128,131,40,90,119,94"/><U15/><E70/><V52/><F125/><N who="1" m="48233" /><E117/><V135/><F132/><W50/><G119/><T7/><D74/><U47/><E107/><V123/><F31/><W21/><G38/><T43/><D108/><U127/><N who="1" m="48241" /><U67/><DORA hai="63" /><E110/><V77/><F123/><W23/><G102/><T25/><D7/><N who="1" m="3231" /><E34/><V86/><F135/><W121/><G4/><T78/><D78/><U97/><E129/><N who="3" m="49738" /><G50/><T134/><D134/><U118/><E118/><V85/><F104/><W17/><G121/><T80/><D80/><N who="2" m="30794" /><F77/><W26/><G29/><T71/><D71/><U120/><E120/><V6/><F100/><W68/><G68/><T99/><D106/><U39/><E97/><AGARI ba="0,0" hai="17,19,21,23,26,27,40,41,90,94,97" m="49738" machi="97" ten="30,2000,0" yaku="19,1,52,1" doraHai="91,63" who="3" fromWho="1" sc="246,0,235,-20,235,0,284,20" /><INIT seed="2,0,0,5,3,13" ten="246,215,235,304" oya="2" hai0="56,45,16,26,83,117,88,126,119,135,86,128,47" hai1="52,124,37,9,109,32,68,39,29,54,130,112,1" hai2="116,33,49,40,105,23,63,41,96,111,97,58,127" hai3="92,99,67,61,55,114,93,118,3,85,69,53,134"/><V100/><F116/><N who="0" m="44618" /><D128/><U102/><E124/><V77/><F33/><W4/><G118/><T43/><D126/><U123/><E112/><V22/><F127/><W76/><G114/><T24/><D135/><U122/><E68/><V57/><F111/><W44/><G134/><T89/><D56/><U7/><E102/><V2/><F2/><W129/><G129/><T110/><D110/><U48/><E130/><V72/><F96/><W15/><G3/><T104/><D104/><U71/><E71/><V98/><F98/><W51/><G55/><N who="1" m="21034" /><E48/><V11/><F11/><W19/><G4/><T64/><D64/><U42/><E42/><V87/><F72/><W35/><G35/><T75/><D75/><U12/><E109/><V28/><F41/><W125/><G125/><T50/><D45/><U79/><E79/><V82/><F63/><W94/><G76/><N who="0" m="46439" /><D26/><N who="1" m="18487" /><E1/><V14/><F23/><AGARI ba="0,0" hai="16,23,24,43,47,50,88,89" m="46439,44618" machi="23" ten="30,7700,0" yaku="12,1,52,1,54,2" doraHai="13" who="0" fromWho="2" sc="246,77,215,0,235,-77,304,0" /><INIT seed="3,0,0,5,1,25" ten="323,215,158,304" oya="3" hai0="113,112,51,13,110,30,89,118,57,92,133,86,24" hai1="94,41,28,58,7,40,54,33,88,3,50,81,90" hai2="5,91,75,114,84,73,43,69,128,87,79,71,20" hai3="100,36,122,56,107,18,4,52,120,63,72,70,106"/><W99/><G72/><T125/><D118/><U93/><E3/><V19/><F114/><N who="0" m="44138" /><D110/><U105/><E105/><V80/><F128/><W102/><G36/><T11/><D133/><U78/><E7/><V95/><F43/><W59/><G70/><T42/><D125/><U62/><E33/><V124/><F124/><W10/><G18/><N who="0" m="8511" /><D57/><U116/><E116/><V126/><F126/><W130/><G130/><T115/><D115/><U34/><E34/><V67/><F5/><W22/><G22/><N who="0" m="15639" /><D51/><U49/><E78/><V131/><F131/><W12/><G59/><T38/><D42/><U121/><E121/><V76/><F67/><W15/><G15/><T98/><D98/><AGARI ba="0,0" hai="4,10,12,52,56,63,98,99,100,102,106,107,120,122" machi="98" ten="40,3900,0" yaku="9,1,54,1" doraHai="25" who="3" fromWho="0" sc="323,-39,215,0,158,0,304,39" owari="284,8.4,215,-18.5,158,-34.2,343,44.3" /></mjloggm>