<mjloggm ver="2.3"><GO type="225" lobby="0"/><UN n0="%E5%A4%96%E5%B7%9D%E7%AB%9C%E6%88%90" n1="%E3%81%BF%E3%81%BF%E3%81%9A" n2="%E3%81%B5%E3%81%98%E3%81%8B%E3%81%A4" n3="%E5%91%89%E5%AF%8C%E6%98%A5" dan="16,17,16,16" rate="2122.33,2281.73,2182.84,2132.08" sx="M,M,M,M"/><TAIKYOKU oya="0"/><INIT seed="0,0,0,0,4,3" ten="250,250,250,250" oya="0" hai0="73,122,11,53,28,42,13,38,54,95,118,119,4" hai1="43,104,83,113,8,6,69,77,132,111,15,131,58" hai2="99,21,76,37,120,49,116,45,78,30,71,89,117" hai3="35,16,103,98,26,101,81,50,24,18,123,14,0"/><T20/><D122/><U64/><E104/><V96/><F120/><W121/><G0/><T60/><D73/><U90/><E111/><V33/><F71/><W48/><G14/><T22/><D38/><U107/><E132/><V12/><F33/><W135/><G135/><T56/><D42/><U9/><E131/><V36/><F30/><W70/><G35/><T31/><D119/><N who="2" m="45642" /><F21/><N who="0" m="8298" /><D118/><U67/><E107/><V55/><F12/><W86/><G70/><T125/><D125/><U5/><E69/><V97/><F89/><W25/><G86/><T47/><D95/><U102/><E102/><V85/><F85/><W41/><G41/><T80/><D80/><U82/><E113/><V66/><F66/><N who="1" m="25129" /><E77/><AGARI ba="0,0" hai="36,37,45,49,55,76,77,78,96,97,99" m="45642" machi="77" ten="30,1000,0" yaku="12,1" doraHai="3" who="2" fromWho="1" sc="250,0,250,-10,250,10,250,0" /><INIT seed="1,0,0,4,1,20" ten="250,240,260,250" oya="1" hai0="7,84,130,22,35,19,65,106,125,86,43,78,60" hai1="6,77,122,121,79,91,72,44,17,13,33,16,61" hai2="51,54,36,135,41,5,133,129,58,80,50,83,100" hai3="108,82,99,94,10,40,64,42,63,85,69,21,70"/><U134/><E33/><V89/><F100/><W48/><G108/><T71/><D106/><U128/><E72/><V67/><F5/><W57/><G10/><T118/><D118/><U26/><E122/><V109/><F109/><W111/><G111/><T126/><D35/><U32/><E121/><V34/><F34/><W95/><G95/><T27/><D130/><U28/><E128/><V37/><F129/><W46/><G42/><T123/><D123/><U25/><E134/><N who="2" m="51211" /><F89/><W117/><G117/><T112/><D112/><U87/><E61/><N who="2" m="38327" /><F80/><W66/><G66/><T101/><D101/><U102/><E102/><V8/><F8/><W12/><G12/><T47/><D7/><U131/><E131/><V11/><F11/><W81/><G21/><T115/><D115/><U62/><E6/><V74/><F83/><W1/><G1/><T68/><D68/><U0/><E0/><V4/><F4/><W76/><REACH who="3" step="1"/><G81/><REACH who="3" ten="250,240,260,240" step="2"/><T113/><D113/><U9/><E32/><V49/><F41/><W52/><G52/><T15/><D15/><U75/><E13/><V59/><F74/><W103/><AGARI ba="0,1" hai="40,46,48,57,63,64,69,70,76,82,85,94,99,103" machi="103" ten="20,5200,0" yaku="1,1,0,1,7,1,53,1" doraHai="20" doraHaiUra="90" who="3" fromWho="3" sc="250,-13,240,-26,260,-13,240,62" /><INIT seed="2,0,0,5,1,91" ten="237,214,247,302" oya="2" hai0="35,49,102,73,32,47,86,87,7,114,58,96,88" hai1="76,24,12,110,67,23,1,128,80,129,52,82,109" hai2="130,131,16,104,22,33,94,122,103,20,50,84,26" hai3="39,111,19,53,13,108,60,85,93,107,5,14,30"/><V4/><F122/><W18/><G107/><T15/><D114/><U9/><E1/><V0/><F104/><W126/><G39/><T89/><D73/><U135/><E67/><V106/><F106/><W118/><G118/><T68/><D68/><U43/><E43/><V66/><F66/><W25/><G126/><T37/><D37/><U100/><E135/><V72/><F72/><W121/><G121/><T119/><D119/><U133/><E133/><V81/><F50/><W98/><G85/><T75/><D75/><U71/><E71/><V29/><F33/><W90/><G53/><T61/><D32/><U56/><E100/><V92/><F103/><W132/><G60/><T120/><D35/><U21/><E12/><N who="3" m="4714" /><G5/><T134/><D134/><U65/><E9/><N who="2" m="2183" /><F22/><N who="1" m="8201" /><E24/><V117/><F29/><W28/><G132/><T11/><D120/><U77/><E65/><V55/><F55/><W123/><G123/><T3/><D3/><U64/><E64/><V124/><F124/><W59/><G59/><T127/><D58/><U36/><E36/><V115/><F115/><W83/><G83/><N who="1" m="31786" /><E77/><N who="2" m="46127" /><F117/><W112/><G112/><T31/><D127/><U34/><E76/><V46/><F46/><W54/><G54/><N who="0" m="30015" /><D31/><N who="3" m="11817" /><G25/><T78/><D78/><U69/><E34/><V6/><F6/><W79/><G79/><T17/><D7/><U51/><E69/><V2/><F2/><W70/><G70/><T74/><D74/><U45/><E56/><V95/><F26/><W38/><G38/><T42/><D42/><U44/><E45/><V41/><F41/><W113/><G113/><T97/><D11/><RYUUKYOKU ba="0,0" sc="237,-30,214,10,247,10,302,10" hai1="44,51,52,109,110,128,129" hai2="16,20,92,94,95,130,131" hai3="18,19,90,93,98,108,111" /><INIT seed="2,1,0,2,2,123" ten="207,224,257,312" oya="2" hai0="65,21,59,84,86,94,129,103,111,12,68,61,110" hai1="54,10,73,77,91,108,5,11,99,118,7,109,114" hai2="17,71,101,22,76,53,66,107,82,32,42,49,132" hai3="70,26,126,127,83,96,131,50,6,33,69,28,14"/><V124/><F124/><N who="3" m="47659" /><G131/><T112/><D112/><U88/><E118/><V106/><F132/><W122/><G122/><T36/><D36/><U56/><E114/><V40/><F32/><W60/><G83/><T104/><D129/><U78/><E99/><V93/><F71/><W125/><N who="3" m="47667" /><W27/><DORA hai="81" /><G27/><T74/><D74/><U63/><E73/><V20/><F66/><W44/><G60/><T102/><D104/><U135/><E135/><V38/><F107/><W29/><G29/><T43/><D43/><U9/><E77/><V119/><F106/><W97/><G14/><T31/><D68/><N who="3" m="26217" /><G6/><N who="1" m="2058" /><E78/><V80/><F76/><W51/><G51/><T15/><D15/><U30/><E30/><V75/><F38/><W79/><G79/><T45/><D12/><U128/><E128/><V47/><F75/><W16/><G16/><T64/><D31/><U48/><E63/><V1/><F1/><W57/><G57/><T41/><D21/><N who="2" m="8298" /><F17/><W8/><G8/><T85/><D64/><U115/><E115/><V67/><F67/><W98/><G98/><T90/><D41/><AGARI ba="1,0" hai="26,28,33,41,44,50,96,97" m="26217,47667" machi="41" ten="40,1300,0" yaku="18,1" doraHai="123,81" who="3" fromWho="0" sc="207,-16,224,0,257,0,312,16" /><INIT seed="3,0,0,5,2,106" ten="191,224,257,328" oya="3" hai0="29,11,85,113,75,118,26,22,55,20,124,115,24" hai1="0,47,116,34,96,27,39,120,98,63,8,132,74" hai2="134,30,46,64,60,33,109,78,54,104,70,45,97" hai3="44,82,10,114,83,61,58,128,108,18,57,121,100"/><W62/><G114/><N who="0" m="43531" /><D85/><U125/><E120/><V84/><F109/><W50/><G121/><T102/><D102/><U119/><E125/><V16/><F54/><N who="3" m="34007" /><G128/><T94/><D94/><U65/><E132/><V131/><F16/><W77/><G108/><T25/><D55/><U31/><E74/><V2/><F2/><W93/><G77/><T48/><D48/><U107/><E8/><V111/><F111/><W42/><G10/><T49/><D49/><U1/><E98/><V123/><F134/><W9/><G9/><T90/><D90/><U110/><E110/><V59/><F59/><W126/><G126/><T40/><D40/><N who="1" m="22943" /><E116/><V14/><F131/><W129/><G18/><N who="0" m="12311" /><D124/><U67/><E67/><V3/><F64/><N who="3" m="38991" /><G129/><T122/><D122/><U6/><E119/><V52/><F70/><W12/><G12/><T71/><D71/><N who="1" m="42431" /><E6/><V103/><F14/><W28/><G28/><N who="0" m="17463" /><D118/><U19/><E19/><V51/><F123/><W89/><G100/><AGARI ba="0,0" hai="0,1,27,31,34,96,100,107" m="42431,22943" machi="100" ten="30,3900,0" yaku="25,1,33,2" doraHai="106" who="1" fromWho="3" sc="191,0,224,39,257,0,328,-39" /><INIT seed="4,0,0,0,2,27" ten="191,263,257,289" oya="0" hai0="121,73,91,61,110,84,69,94,96,2,1,62,63" hai1="51,124,9,15,80,104,55,59,71,70,28,103,133" hai2="106,105,125,33,122,7,93,19,4,115,130,23,108" hai3="8,76,42,34,82,85,18,89,38,21,123,17,57"/><T100/><D121/><U25/><E124/><V22/><F122/><W87/><G123/><T112/><D112/><U127/><E127/><V14/><F125/><W99/><G34/><T102/><D69/><U40/><E133/><V90/><F115/><W120/><G120/><T86/><D73/><U92/><E104/><V11/><F108/><W37/><G42/><T3/><REACH who="0" step="1"/><D110/><REACH who="0" ten="181,263,257,289" step="2"/><U46/><E71/><V56/><F130/><W88/><G38/><T45/><D45/><U77/><E70/><V58/><F56/><W47/><G37/><T24/><D24/><U75/><E25/><V97/><F58/><W12/><G47/><T29/><D29/><U119/><E28/><V50/><F4/><W126/><G126/><T128/><D128/><U30/><E30/><V31/><F7/><W16/><G57/><T67/><D67/><U131/><E131/><V95/><F31/><W0/><G0/><T113/><D113/><U118/><E59/><V107/><F33/><W48/><G21/><T54/><D54/><U39/><E55/><V52/><F23/><W64/><G64/><T53/><D53/><U44/><E44/><N who="2" m="27719" /><F22/><W13/><G8/><T5/><D5/><N who="1" m="3503" /><E39/><V10/><F11/><W72/><G72/><T134/><D134/><U98/><E119/><V129/><F129/><W81/><G12/><T79/><D79/><U41/><E118/><V68/><F68/><W66/><G13/><T83/><D83/><U74/><E74/><V43/><F43/><W35/><G66/><T78/><D78/><U26/><E40/><V116/><F116/><W135/><G135/><RYUUKYOKU ba="0,1" sc="181,10,263,10,257,10,289,-30" hai0="1,2,3,61,62,63,84,86,91,94,96,100,102" hai1="26,41,46,51,75,77,80,92,98,103" hai2="10,14,19,90,93,95,97,105,106,107" /><INIT seed="4,1,1,5,2,110" ten="191,273,267,259" oya="0" hai0="94,130,120,15,24,104,45,134,25,60,10,67,22" hai1="79,135,92,59,12,132,103,121,36,20,126,49,1" hai2="38,55,69,62,122,33,30,19,5,81,124,39,73" hai3="116,58,78,40,61,70,9,105,100,63,113,85,64"/><T109/><D120/><U102/><E121/><V128/><F55/><W21/><G116/><T3/><D104/><U88/><E36/><V26/><F19/><W17/><G40/><T57/><D109/><U65/><E1/><V89/><F89/><W42/><G42/><T43/><D130/><U8/><E79/><N who="2" m="44271" /><F122/><W117/><G117/><T34/><D3/><U131/><E126/><V74/><F124/><W51/><G113/><T6/><D134/><N who="1" m="51243" /><E20/><V118/><F118/><W46/><G9/><T27/><D34/><U11/><E131/><V119/><F119/><W83/><G105/><T23/><REACH who="0" step="1"/><D94/><REACH who="0" ten="181,273,267,259" step="2"/><U28/><E92/><V50/><F33/><W108/><G108/><T86/><D86/><U56/><E103/><V35/><F128/><W91/><G100/><T76/><D76/><U16/><E102/><V97/><F35/><W18/><G78/><T80/><D80/><U68/><E88/><V47/><F74/><W4/><G91/><T41/><D41/><U71/><E71/><V84/><F69/><W29/><G85/><T13/><D13/><U115/><E68/><V52/><F84/><W106/><G83/><T133/><D133/><U90/><E90/><V48/><F97/><W37/><G106/><T112/><D112/><U66/><E115/><V123/><F123/><W99/><G99/><T95/><D95/><U87/><E87/><V32/><F32/><W98/><G98/><T53/><D53/><U82/><E82/><V125/><F125/><W44/><G70/><T111/><D111/><U114/><E114/><V2/><F2/><W31/><G64/><RYUUKYOKU ba="1,2" sc="181,30,273,-10,267,-10,259,-10" hai0="6,10,15,22,23,24,25,27,43,45,57,60,67" /><INIT seed="4,2,2,1,2,82" ten="211,263,257,249" oya="0" hai0="57,23,60,88,34,71,96,118,121,120,110,89,128" hai1="17,31,131,49,52,0,38,87,108,53,86,65,48" hai2="83,92,93,20,94,63,97,58,133,113,68,55,123" hai3="35,59,135,56,2,5,39,43,64,24,28,19,21"/><T10/><D118/><U36/><E108/><V72/><F123/><W15/><G135/><T109/><D34/><U69/><E0/><V1/><F1/><W107/><G107/><T61/><D128/><U45/><E31/><V79/><F133/><W9/><REACH who="3" step="1"/><G64/><REACH who="3" ten="211,263,257,239" step="2"/><N who="0" m="41351" /><D10/><U62/><E131/><V101/><F113/><W32/><G32/><T76/><D121/><U33/><E33/><V25/><F68/><W67/><G67/><N who="0" m="39343" /><D120/><U124/><E65/><V40/><F40/><W132/><G132/><T95/><D23/><U3/><E69/><V51/><F63/><W12/><G12/><T78/><D89/><U115/><E62/><V30/><AGARI ba="2,3" hai="20,25,30,51,55,58,72,79,83,92,93,94,97,101" machi="30" ten="20,1500,0" yaku="0,1,7,1" doraHai="82" who="2" fromWho="2" sc="211,-9,263,-6,257,51,239,-6" owari="202,-29.8,257,5.7,308,40.8,233,-16.7" /></mjloggm>