<mjloggm ver="2.3"><GO type="225" lobby="0"/><UN n0="%E8%90%BD%E6%97%A5" n1="%E6%98%93%E5%88%A9%E8%96%A9%E4%BC%AF" n2="%E3%83%B4%E3%83%A0%EF%BC%99%E3%81%A6" n3="%E3%83%A9%E3%82%A4%E3%83%B3%E3%81%AE%E8%99%8E" dan="17,16,16,16" rate="2248.09,2119.44,2148.14,2099.51" sx="F,F,M,M"/><TAIKYOKU oya="0"/><INIT seed="0,0,0,4,3,91" ten="250,250,250,250" oya="0" hai0="54,133,7,82,57,63,2,95,87,39,29,8,66" hai1="120,68,42,35,83,107,81,13,76,73,3,93,19" hai2="132,49,27,84,88,43,17,126,46,51,111,79,53" hai3="117,125,129,118,127,97,38,69,44,36,122,130,24"/><T18/><D133/><U59/><E120/><V23/><F132/><W67/><G24/><T47/><D29/><U37/><E68/><V16/><F111/><W21/><G21/><T26/><D26/><U70/><E70/><V112/><F112/><W55/><G97/><T80/><D18/><U121/><E107/><V90/><F126/><N who="3" m="48139" /><G122/><T40/><D87/><U85/><E3/><V11/><F79/><W25/><G25/><T71/><REACH who="0" step="1"/><D95/><REACH who="0" ten="240,250,250,250" step="2"/><U64/><E93/><N who="2" m="54407" /><F90/><W4/><G4/><T131/><D131/><U109/><E85/><V100/><F100/><W5/><G5/><T92/><D92/><U74/><E19/><N who="2" m="12799" /><F11/><W108/><G129/><T10/><D10/><U45/><E35/><V123/><F123/><W60/><G130/><T96/><D96/><U110/><E121/><V48/><F48/><AGARI ba="0,1" hai="2,7,8,39,40,47,48,54,57,63,66,71,80,82" machi="48" ten="30,11600,0" yaku="1,1,7,1,24,2,53,0" doraHai="91" doraHaiUra="20" who="0" fromWho="2" sc="240,126,250,0,250,-116,250,0" /><INIT seed="0,1,0,4,2,131" ten="366,250,134,250" oya="0" hai0="10,34,38,108,76,85,90,113,48,12,35,57,117" hai1="24,45,53,8,123,1,9,100,133,21,36,64,44" hai2="95,82,94,26,59,28,106,43,120,30,103,74,40" hai3="71,56,83,41,80,50,17,91,6,126,104,81,39"/><T62/><D38/><U18/><E123/><V68/><F120/><W47/><G126/><T70/><D113/><U75/><E75/><V11/><F68/><W37/><G104/><T67/><D117/><U114/><E114/><V97/><F30/><W79/><G71/><T102/><D102/><U77/><E77/><V121/><F121/><W99/><G79/><T73/><D73/><U15/><E64/><V86/><F11/><W101/><G91/><T16/><D76/><U55/><E100/><V27/><F74/><W22/><G6/><T134/><D108/><U32/><E133/><V130/><F130/><W125/><G125/><T72/><D72/><U52/><E36/><V4/><F4/><W122/><G56/><T20/><D10/><U61/><E61/><V112/><F94/><W60/><G60/><T66/><D66/><U109/><E109/><V42/><F106/><W124/><G124/><T63/><D63/><U14/><E1/><V128/><F128/><W46/><G46/><N who="1" m="18026" /><E32/><V110/><F110/><W92/><REACH who="3" step="1"/><G122/><REACH who="3" ten="366,250,134,240" step="2"/><T127/><D127/><U13/><AGARI ba="1,1" hai="8,9,13,14,15,18,21,24,52,53,55" m="18026" machi="13" ten="40,2700,0" yaku="8,1,54,1" doraHai="131" who="1" fromWho="1" sc="366,-14,250,40,134,-8,240,-8" /><INIT seed="1,0,0,2,0,62" ten="352,290,126,232" oya="1" hai0="60,53,38,119,18,107,25,122,22,75,83,129,48" hai1="2,81,19,68,39,9,101,14,94,93,46,92,0" hai2="117,79,88,110,102,126,65,30,63,69,70,104,96" hai3="133,32,29,52,98,3,41,43,36,40,34,56,47"/><U13/><E101/><V124/><F117/><W97/><G3/><T120/><D38/><U91/><E68/><V8/><F79/><W27/><G133/><T45/><D119/><U128/><E128/><V89/><F110/><W125/><G125/><N who="2" m="48233" /><F8/><W112/><G32/><T64/><D107/><U73/><E14/><V84/><F84/><W6/><G6/><T4/><D4/><U31/><E31/><V33/><F70/><W116/><G112/><T20/><D20/><U55/><E39/><V105/><F105/><W115/><G115/><T123/><D129/><U113/><E113/><V66/><F66/><W130/><G130/><T82/><D75/><U111/><E111/><V11/><F11/><W12/><G12/><T5/><D5/><U87/><REACH who="1" step="1"/><E73/><REACH who="1" ten="352,280,126,232" step="2"/><V135/><F135/><W59/><G116/><T86/><D86/><U99/><E99/><V16/><F16/><W51/><G36/><T71/><AGARI ba="0,1" hai="18,22,25,45,48,53,60,64,71,82,83,120,122,123" machi="71" ten="30,4000,0" yaku="0,1,13,1,52,1" doraHai="62" who="0" fromWho="0" sc="352,50,280,-20,126,-10,232,-10" /><INIT seed="2,0,0,1,5,57" ten="402,260,116,222" oya="2" hai0="43,53,68,36,31,115,40,55,27,54,63,46,45" hai1="37,111,114,106,42,133,85,48,72,50,103,91,113" hai2="101,109,18,125,62,32,38,107,71,29,120,41,131" hai3="15,110,14,3,108,94,88,56,86,121,26,19,81"/><V69/><F120/><W105/><G3/><T10/><D10/><U2/><E72/><V104/><F18/><W84/><G105/><N who="2" m="40521" /><F101/><W102/><G121/><T17/><D17/><U123/><E2/><V34/><F125/><W83/><G102/><T1/><D1/><U117/><E117/><V77/><F77/><W49/><G94/><T7/><D7/><U66/><E91/><V59/><F59/><W129/><G129/><T97/><D97/><U6/><E85/><V128/><F109/><N who="3" m="42091" /><G49/><T92/><D92/><U61/><E111/><V44/><F29/><W90/><G56/><T76/><D76/><U132/><E103/><V67/><F69/><W47/><G47/><T8/><D8/><U78/><E106/><V127/><F127/><W134/><G134/><N who="1" m="51818" /><E78/><V64/><F64/><W12/><G26/><T25/><D25/><U89/><E89/><N who="3" m="34410" /><G19/><T99/><D99/><U126/><E126/><V82/><F82/><AGARI ba="0,0" hai="12,14,15,81,82,83,84,86" m="34410,42091" machi="82" ten="40,8000,1" yaku="28,2,14,1,54,1" doraHai="57" who="3" fromWho="2" sc="402,0,260,0,116,-80,222,80" /><INIT seed="3,0,0,3,2,119" ten="402,260,36,302" oya="3" hai0="1,112,24,104,135,20,120,22,66,26,132,122,50" hai1="95,82,51,36,88,121,58,90,79,103,47,102,4" hai2="80,10,40,5,53,115,111,96,73,83,93,34,44" hai3="61,17,129,133,94,106,128,114,27,25,56,68,33"/><W69/><G106/><T87/><D104/><U54/><E36/><V30/><F111/><W99/><G114/><T110/><D110/><U42/><E121/><N who="0" m="46697" /><D1/><U19/><E4/><V123/><F80/><W16/><G133/><N who="0" m="51275" /><D112/><U77/><E19/><N who="3" m="7242" /><G33/><T7/><D7/><U62/><E90/><V85/><F123/><W75/><G75/><T131/><D131/><N who="3" m="50249" /><G25/><N who="0" m="9835" /><D66/><U86/><REACH who="1" step="1"/><E79/><REACH who="1" ten="402,250,36,302" step="2"/><V49/><F115/><W76/><G76/><T35/><D35/><U63/><E63/><V6/><F34/><W126/><G27/><T41/><D50/><U116/><E116/><V9/><F5/><W23/><G126/><T91/><D41/><U118/><E118/><V29/><F6/><W3/><G3/><T48/><D48/><U39/><E39/><V46/><F40/><W72/><G72/><AGARI ba="0,1" hai="42,47,51,54,58,62,72,77,82,86,88,95,102,103" machi="72" ten="30,7700,0" yaku="1,1,7,1,54,1,53,1" doraHai="119" doraHaiUra="38" who="1" fromWho="3" sc="402,0,250,87,36,0,302,-77" owari="402,50.2,337,13.7,36,-46.4,225,-17.5" /></mjloggm>