<mjloggm ver="2.3"><GO type="225" lobby="0"/><UN n0="%E6%B8%A9%E2%98%85%E6%83%85%E2%98%85%E6%8E%AA%E2%98%85%E7%BD%AE" n1="%E5%8D%A0%E3%81%84%E5%B8%AB%E8%A3%8F%E3%81%AA%E3%81%84%E3%81%97" n2="%48%61%61%61%6C%61%6E%64" n3="%E3%81%B5%E3%81%98%E3%81%8B%E3%81%A4" dan="17,16,18,16" rate="2202.64,2170.37,2285.29,2174.57" sx="M,M,M,M"/><TAIKYOKU oya="0"/><INIT seed="0,0,0,4,5,56" ten="250,250,250,250" oya="0" hai0="132,74,49,66,32,9,3,57,53,72,107,20,102" hai1="111,65,51,42,50,124,106,90,18,131,1,126,108" hai2="82,34,5,109,85,60,105,121,96,52,81,112,7" hai3="43,58,83,73,41,92,15,40,2,104,116,27,13"/><T99/><D132/><U54/><E106/><V68/><F121/><W78/><G116/><T123/><D123/><U33/><E33/><V80/><F112/><W23/><G104/><T98/><D32/><U11/><E131/><V67/><F34/><W133/><G2/><T97/><D20/><U93/><E65/><V14/><F109/><N who="1" m="42057" /><E42/><V48/><F85/><W24/><G133/><T17/><D66/><U55/><E51/><V70/><F70/><W64/><G92/><T45/><D45/><U71/><E71/><V39/><F39/><W77/><G77/><T0/><D0/><U122/><E122/><V8/><F7/><W22/><G64/><T29/><D29/><U84/><E18/><V26/><F26/><W91/><G91/><T62/><D49/><U30/><E30/><V103/><REACH who="2" step="1"/><F81/><REACH who="2" ten="250,250,240,250" step="2"/><W28/><REACH who="3" step="1"/><G58/><AGARI ba="0,1" hai="5,8,14,48,52,58,60,67,68,80,82,96,103,105" machi="58" ten="30,8000,1" yaku="1,1,2,1,7,1,52,1,54,1,53,0" doraHai="56" doraHaiUra="86" who="2" fromWho="3" sc="250,0,250,0,240,90,250,-80" /><INIT seed="1,0,0,0,3,92" ten="250,250,330,170" oya="1" hai0="129,32,71,95,57,16,38,75,90,13,68,104,10" hai1="31,20,19,77,86,60,73,7,85,88,14,50,132" hai2="91,8,113,11,3,45,127,87,46,84,62,89,98" hai3="26,0,106,69,133,79,93,124,103,119,47,70,120"/><U101/><E73/><V116/><F116/><W74/><G120/><T109/><D104/><U94/><E132/><V52/><F127/><W33/><G133/><T64/><D75/><U59/><E31/><V44/><F113/><W130/><G93/><T43/><D32/><U15/><E101/><V76/><F3/><W41/><G124/><T37/><D109/><U30/><E30/><V97/><F76/><W4/><G130/><T17/><D129/><U35/><E35/><V72/><F72/><W121/><G121/><T96/><D17/><U1/><E1/><V28/><F28/><W24/><G24/><T25/><D25/><U100/><E100/><V66/><F52/><W2/><G26/><T56/><D56/><U63/><E77/><V23/><F23/><W51/><G33/><T6/><D6/><U34/><E85/><N who="2" m="32843" /><F62/><W110/><G110/><T54/><D64/><U114/><E114/><V118/><F66/><W55/><G2/><T48/><REACH who="0" step="1"/><D43/><REACH who="0" ten="240,250,330,170" step="2"/><U29/><E34/><V22/><F118/><W111/><G119/><T123/><D123/><U135/><E135/><V58/><F58/><W49/><G111/><T82/><D82/><U83/><E83/><V122/><F122/><W108/><G108/><T78/><D78/><U40/><E29/><V128/><F128/><W131/><G131/><T125/><D125/><U12/><E7/><V65/><F65/><W9/><G79/><T99/><D99/><N who="2" m="37898" /><F22/><W61/><G74/><T21/><D21/><U42/><E42/><V134/><F134/><W80/><G70/><AGARI ba="0,1" hai="10,13,16,37,38,48,54,57,68,70,71,90,95,96" machi="70" ten="40,5200,0" yaku="1,1,52,1,54,1,53,0" doraHai="92" doraHaiUra="117" who="0" fromWho="3" sc="240,62,250,0,330,0,170,-52" /><INIT seed="2,0,0,4,3,4" ten="302,250,330,118" oya="2" hai0="27,64,105,42,76,30,111,63,14,70,47,55,130" hai1="37,34,88,67,87,73,65,25,71,135,54,122,61" hai2="22,82,97,62,119,45,120,89,133,19,85,52,74" hai3="44,3,125,116,11,0,104,75,81,51,106,110,72"/><V35/><F119/><W90/><G116/><T60/><D111/><U96/><E73/><V16/><F120/><W91/><G125/><T8/><D130/><U17/><E122/><V94/><F35/><W29/><G110/><T115/><D115/><U92/><E135/><V80/><F133/><W56/><G56/><T113/><D113/><U9/><E37/><V100/><F74/><W48/><G29/><T50/><D105/><U84/><E34/><V31/><F80/><W13/><G81/><T2/><D76/><U33/><E67/><V128/><F128/><W95/><G95/><T41/><D2/><U26/><E26/><N who="2" m="16855" /><F62/><W15/><REACH who="3" step="1"/><G44/><REACH who="3" ten="302,250,330,108" step="2"/><T108/><D108/><U57/><E33/><V123/><F123/><W127/><G127/><T77/><D30/><U7/><E71/><V107/><F107/><W58/><G58/><T101/><D47/><U102/><E65/><V59/><F59/><W126/><G126/><T78/><D64/><U112/><E112/><V53/><F45/><W38/><G38/><T10/><D70/><U99/><E99/><V39/><F39/><W40/><G40/><T1/><D42/><U132/><E132/><V49/><F49/><W32/><G32/><T114/><D50/><U86/><E96/><V98/><F97/><W68/><G68/><T21/><D41/><U5/><E57/><V129/><F129/><W103/><G103/><T118/><D101/><U28/><E102/><V121/><F121/><W12/><G12/><T20/><D118/><U109/><E109/><V131/><F131/><W93/><G93/><T83/><D114/><RYUUKYOKU ba="0,1" sc="302,-15,250,-15,330,15,108,15" hai2="16,19,52,53,82,85,89,94,98,100" hai3="0,3,11,13,15,48,51,72,75,90,91,104,106" /><INIT seed="2,1,1,2,4,34" ten="287,235,345,123" oya="2" hai0="130,80,59,127,48,98,61,26,84,115,131,66,65" hai1="40,46,25,93,55,76,75,47,22,88,87,122,102" hai2="10,96,94,51,42,119,86,79,90,133,16,120,82" hai3="111,68,31,124,117,8,105,13,36,114,37,101,52"/><V99/><F119/><W19/><G117/><T1/><D115/><U126/><E126/><V95/><F120/><W118/><G118/><T91/><D127/><U21/><E122/><V110/><F133/><W11/><G114/><T12/><D1/><U58/><E102/><V85/><F110/><W135/><G124/><T0/><D0/><U103/><E103/><V28/><F28/><W104/><G135/><T33/><D48/><U123/><E123/><V92/><F42/><W83/><G111/><T134/><D134/><U17/><E40/><V60/><F51/><W72/><G68/><T41/><D41/><U15/><E76/><V64/><F10/><W20/><G105/><T108/><D98/><N who="2" m="37418" /><F16/><W49/><G31/><N who="0" m="19703" /><D12/><U30/><REACH who="1" step="1"/><E75/><REACH who="1" ten="287,225,345,123" step="2"/><V50/><F79/><W116/><G101/><T45/><D108/><U128/><E128/><N who="0" m="49193" /><D45/><U69/><E69/><V121/><F121/><W2/><G116/><T56/><D56/><U18/><E18/><V14/><F90/><W74/><G104/><T54/><AGARI ba="1,2" hai="54,59,61,65,66,80,84,91" m="49193,19703" machi="54" ten="30,1100,0" yaku="19,1" doraHai="34" who="0" fromWho="0" sc="287,34,225,-4,345,-6,123,-4" /><INIT seed="3,0,0,5,4,131" ten="321,221,339,119" oya="3" hai0="97,95,115,67,57,125,128,1,54,40,73,122,114" hai1="20,8,25,22,83,13,60,18,130,71,94,3,91" hai2="34,44,134,50,5,29,41,46,49,42,116,119,129" hai3="89,39,78,126,61,69,76,92,111,118,19,120,66"/><W47/><G120/><T65/><D122/><U26/><E130/><V70/><F129/><W21/><G118/><T93/><D128/><U121/><E121/><V43/><F134/><W24/><G126/><T110/><D125/><U12/><E3/><V132/><F132/><W51/><G39/><T52/><D73/><U53/><E83/><V27/><F70/><W59/><G69/><T117/><D117/><U38/><E38/><V23/><F42/><W63/><G63/><N who="0" m="36263" /><D110/><U113/><E113/><N who="0" m="43017" /><D1/><U37/><E37/><V101/><F5/><W104/><G104/><T45/><D54/><U6/><E22/><V35/><F101/><W0/><G0/><T106/><D106/><U74/><E74/><V33/><AGARI ba="0,0" hai="23,27,29,33,34,35,41,43,44,46,49,50,116,119" machi="33" ten="30,2000,0" yaku="0,1,9,1" doraHai="131" who="2" fromWho="2" sc="321,-5,221,-5,339,20,119,-10" owari="316,11.6,216,-18.4,359,45.9,109,-39.1" /></mjloggm>