<mjloggm ver="2.3"><GO type="225" lobby="0"/><UN n0="%E5%AF%82%E5%AF%9E%E3%82%AE%E3%83%8D%E3%82%B9%E3%83%93%E3%83%BC%E3%83%AB" n1="%E3%81%A6%E3%81%A4%EF%BC%A3" n2="%E8%A8%88%E7%AE%97%E6%A9%9F%E8%87%AA%E7%84%B6" n3="%6D%75%75%6D%75%72%61" dan="16,16,17,16" rate="2145.64,2073.72,2229.99,2094.86" sx="M,M,M,F"/><TAIKYOKU oya="0"/><INIT seed="0,0,0,2,5,64" ten="250,250,250,250" oya="0" hai0="33,2,60,34,24,86,101,80,3,65,95,39,116" hai1="45,67,126,43,82,85,4,53,107,105,31,83,122" hai2="124,42,72,76,8,38,73,26,84,74,77,129,111" hai3="103,134,52,28,81,96,30,135,40,22,13,14,125"/><T118/><D39/><U25/><E122/><V54/><F111/><W47/><G125/><T17/><D2/><U10/><E126/><V70/><F124/><W100/><G81/><T35/><D3/><U121/><E121/><V1/><F129/><W12/><G52/><T9/><D95/><U92/><E53/><V123/><F123/><W32/><G32/><T94/><D94/><U109/><E67/><V63/><F26/><W59/><G59/><T120/><D101/><U91/><E109/><V78/><F1/><W128/><G128/><T18/><D120/><U62/><E62/><V108/><F8/><W89/><G89/><T46/><D46/><U133/><E133/><N who="3" m="50698" /><G22/><T97/><D9/><U57/><E57/><V36/><F108/><W115/><G115/><T98/><D118/><U15/><E82/><V119/><F54/><W48/><G103/><T27/><D116/><U106/><E83/><V102/><F102/><W132/><N who="3" m="50706" /><W61/><DORA hai="0" /><G61/><T112/><D112/><U130/><E130/><V11/><F63/><W127/><G127/><T20/><D60/><U49/><REACH who="1" step="1"/><E106/><AGARI ba="0,0" hai="12,13,14,28,30,40,47,48,96,100,106" m="50706" machi="106" ten="40,1300,0" yaku="20,1" doraHai="64,0" who="3" fromWho="1" sc="250,0,250,-13,250,0,250,13" /><INIT seed="1,0,0,4,2,88" ten="250,237,250,263" oya="1" hai0="32,52,26,133,45,94,127,80,110,76,112,30,37" hai1="135,65,20,28,114,33,3,72,119,128,17,118,134" hai2="12,108,79,50,9,64,125,73,124,75,59,86,2" hai3="70,13,103,41,40,78,81,107,1,36,53,74,61"/><U98/><E72/><V130/><F2/><W87/><G1/><T93/><D112/><U92/><E114/><V63/><F108/><W126/><G126/><N who="2" m="48745" /><F130/><W123/><G123/><T5/><D127/><U104/><E128/><V21/><F21/><W129/><G129/><T62/><D5/><U99/><E3/><V11/><F50/><W54/><G74/><N who="2" m="28169" /><F12/><W96/><G13/><T111/><D133/><N who="1" m="50699" /><E65/><V8/><F86/><W27/><G27/><T109/><D37/><U51/><E51/><V19/><F19/><W42/><REACH who="3" step="1"/><G36/><REACH who="3" ten="250,237,250,253" step="2"/><T56/><D45/><U82/><E119/><V22/><F22/><W46/><G46/><T16/><D16/><U121/><E118/><V24/><F24/><W113/><G113/><T115/><D115/><U84/><E121/><V44/><F44/><W57/><G57/><T60/><D60/><U43/><E33/><V55/><F8/><W23/><G23/><T89/><D76/><N who="1" m="46151" /><E28/><V131/><F131/><W122/><G122/><T90/><D80/><U31/><E31/><V120/><F120/><W6/><G6/><T101/><D111/><U100/><E17/><V49/><F79/><W14/><G14/><T38/><D110/><U25/><E20/><V58/><AGARI ba="0,1" hai="9,11,49,55,58,59,63,64" m="28169,48745" machi="58" ten="30,1100,0" yaku="18,1" doraHai="88" who="2" fromWho="2" sc="250,-3,237,-5,250,21,253,-3" /><INIT seed="2,0,0,3,0,82" ten="247,232,271,250" oya="2" hai0="70,49,5,112,39,22,95,121,15,135,10,52,129" hai1="94,24,92,119,56,118,123,128,84,113,55,9,6" hai2="105,46,71,28,100,115,97,110,104,77,45,126,133" hai3="75,130,78,83,79,86,38,61,108,44,69,62,59"/><V43/><F115/><W65/><G108/><T85/><D112/><U18/><E113/><V7/><F71/><W63/><G130/><T19/><D121/><U93/><E128/><V96/><F126/><W50/><G38/><T127/><D39/><U30/><E123/><V37/><F133/><W26/><G26/><T91/><D129/><U27/><E18/><V14/><F28/><W88/><G75/><T80/><D135/><U107/><E107/><V13/><F77/><W98/><G98/><T21/><D70/><U34/><E24/><V25/><F25/><W23/><G23/><T72/><D127/><U42/><E42/><V12/><F45/><W29/><G29/><T57/><D72/><U32/><E32/><V114/><F110/><W103/><G103/><T41/><D41/><U134/><E134/><V4/><F114/><W20/><G20/><N who="0" m="7787" /><D80/><U58/><E58/><V102/><AGARI ba="0,0" hai="4,7,12,13,14,37,43,46,96,97,100,102,104,105" machi="102" ten="30,3000,0" yaku="0,1,9,1" doraHai="82" who="2" fromWho="2" sc="247,-10,232,-10,271,30,250,-10" /><INIT seed="2,1,0,5,5,97" ten="237,222,301,240" oya="2" hai0="62,125,121,11,26,4,38,122,57,81,110,6,124" hai1="61,105,8,39,94,119,33,9,102,134,28,80,51" hai2="60,89,118,5,15,92,16,86,96,34,14,41,17" hai3="69,2,87,54,27,106,20,23,42,77,132,58,127"/><V107/><F118/><W126/><G69/><T95/><D38/><U29/><E119/><V36/><F34/><W64/><G132/><T116/><D116/><U74/><E134/><V31/><F31/><W10/><G64/><T67/><D110/><U120/><E39/><V83/><F107/><W22/><G106/><T43/><D43/><U1/><E105/><V70/><F41/><W13/><G2/><T44/><D44/><U37/><E37/><V35/><F35/><W7/><G42/><T24/><D81/><U68/><E80/><V71/><F5/><N who="0" m="2154" /><D11/><U114/><E74/><V40/><F40/><W88/><G77/><T50/><D50/><U130/><E51/><V111/><F111/><W93/><REACH who="3" step="1"/><G27/><REACH who="3" ten="237,222,301,230" step="2"/><T109/><D109/><U85/><E68/><V113/><F36/><W48/><AGARI ba="1,1" hai="7,10,13,20,22,23,48,54,58,87,88,93,126,127" machi="48" ten="30,7900,0" yaku="1,1,2,1,0,1,54,1,53,0" doraHai="97" doraHaiUra="32" who="3" fromWho="3" sc="237,-21,222,-21,301,-40,230,92" /><INIT seed="3,0,0,0,5,119" ten="216,201,261,322" oya="3" hai0="86,18,19,68,61,4,122,7,102,124,106,28,117" hai1="76,5,25,35,85,60,97,71,11,98,82,66,2" hai2="50,33,132,40,29,123,116,75,128,83,73,92,46" hai3="30,17,16,53,103,94,13,101,130,64,111,14,115"/><W107/><G115/><T3/><D122/><U8/><REACH who="1" step="1"/><E11/><REACH who="1" ten="216,191,261,322" step="2"/><V51/><F116/><W20/><G111/><T62/><D117/><U56/><E56/><V134/><F132/><W31/><G130/><T79/><D68/><U6/><E6/><V55/><F134/><W39/><G31/><AGARI ba="0,1" hai="2,5,8,25,31,35,60,66,71,76,82,85,97,98" machi="31" ten="40,5200,0" yaku="21,2,53,1" doraHai="119" doraHaiUra="72" who="1" fromWho="3" sc="216,0,191,62,261,0,322,-52" /><INIT seed="4,0,0,1,3,58" ten="216,253,261,270" oya="0" hai0="86,117,33,22,45,57,1,129,28,25,126,19,122" hai1="83,67,14,13,50,80,112,121,38,55,82,35,70" hai2="60,31,8,64,12,99,110,133,84,79,132,107,37" hai3="34,41,66,61,49,114,26,39,0,23,77,42,44"/><T72/><D117/><U24/><E121/><V88/><F110/><W9/><G114/><T30/><D122/><U125/><E38/><V115/><F37/><W32/><G77/><T93/><D72/><U111/><E111/><V96/><F31/><W109/><G109/><T3/><D126/><U108/><E108/><V91/><F79/><W98/><G98/><N who="2" m="37417" /><F84/><W73/><G73/><T101/><D129/><U18/><E112/><V53/><F53/><W65/><G65/><T74/><D74/><U54/><E54/><V95/><F95/><W71/><G41/><T113/><D101/><U68/><E68/><N who="2" m="41991" /><F107/><W47/><G47/><T104/><D104/><U118/><E125/><V17/><F115/><W11/><G39/><T78/><D45/><U43/><E43/><V52/><F52/><W20/><G20/><T76/><D113/><U92/><E92/><V90/><F12/><W5/><G11/><T63/><D3/><U36/><E36/><V102/><F102/><W69/><G71/><T134/><D1/><U103/><E103/><V130/><F130/><W56/><REACH who="3" step="1"/><G69/><REACH who="3" ten="216,253,261,260" step="2"/><T16/><D78/><U62/><E35/><V85/><F85/><W21/><G21/><T51/><D76/><U4/><E70/><V135/><F8/><W48/><G48/><T97/><D51/><U89/><E67/><V6/><F133/><W2/><G2/><T124/><D134/><U123/><E50/><V128/><F128/><W10/><G10/><T81/><D124/><U106/><E123/><V131/><F131/><W105/><G105/><T46/><D97/><U120/><E120/><RYUUKYOKU ba="0,1" sc="216,-10,253,-10,261,-10,260,30" hai3="0,5,9,23,26,32,34,42,44,49,56,61,66" /><INIT seed="5,1,1,5,4,62" ten="206,243,251,290" oya="1" hai0="3,26,24,72,101,22,116,104,57,135,74,86,85" hai1="51,117,53,98,10,75,29,132,48,64,44,59,128" hai2="108,70,93,79,95,58,63,41,71,4,88,68,73" hai3="45,133,15,114,69,127,11,50,1,5,126,83,40"/><U100/><E117/><V46/><F108/><W21/><G114/><T106/><D116/><U102/><E75/><V99/><F4/><W92/><G133/><T96/><D3/><U23/><E132/><V14/><F14/><W122/><G69/><T34/><D135/><U42/><E128/><V107/><F107/><W80/><G122/><T124/><D124/><N who="3" m="47657" /><G92/><T18/><D106/><U16/><E29/><V28/><F28/><W52/><G40/><T90/><D86/><U87/><E10/><V7/><F7/><W121/><G121/><T12/><D57/><U77/><E64/><V47/><F93/><W67/><G67/><T54/><D54/><U82/><REACH who="1" step="1"/><E98/><REACH who="1" ten="206,233,251,290" step="2"/><V39/><F73/><W84/><G84/><T66/><D66/><U76/><E76/><V125/><F79/><W94/><G94/><T61/><D61/><U27/><AGARI ba="1,2" hai="16,23,27,42,44,48,51,53,59,77,82,87,100,102" machi="27" ten="20,12000,1" yaku="1,1,0,1,7,1,8,1,54,1,53,0" doraHai="62" doraHaiUra="33" who="1" fromWho="1" sc="206,-41,233,143,251,-41,290,-41" owari="165,-33.5,376,47.6,210,-19.0,249,4.9" /></mjloggm>