<mjloggm ver="2.3"><GO type="225" lobby="0"/><UN n0="%E3%81%B8%E3%82%80%E3%81%B8%E3%82%80%EF%BC%92%E5%8F%B7" n1="%E9%80%9F%E6%B0%B4%E5%87%9B%E9%A6%99" n2="%72%61%6B%33" n3="%E6%A1%9C%E8%8A%B1%E9%96%83%E3%80%85" dan="17,16,16,18" rate="2206.47,2100.23,2192.58,2243.65" sx="M,F,M,M"/><TAIKYOKU oya="0"/><INIT seed="0,0,0,2,2,133" ten="250,250,250,250" oya="0" hai0="4,40,118,128,10,56,8,50,125,95,22,12,93" hai1="83,43,87,33,59,63,121,15,2,131,130,5,81" hai2="123,65,122,68,132,75,124,79,97,34,114,31,98" hai3="46,52,111,66,135,102,48,109,129,90,74,53,94"/><T91/><D118/><U108/><E33/><V23/><F114/><W27/><G135/><T107/><D107/><U71/><E71/><V47/><F132/><W100/><G74/><T106/><D106/><U17/><E43/><V44/><F23/><W11/><G129/><N who="1" m="49162" /><E121/><V54/><F54/><W1/><G66/><T26/><D128/><U9/><E108/><N who="3" m="41546" /><G27/><T117/><D117/><U30/><E30/><V13/><F13/><W62/><G62/><T32/><D32/><U86/><E86/><V18/><F34/><W116/><G53/><T21/><D40/><U99/><E99/><V42/><F65/><W82/><G82/><T6/><D26/><U45/><E45/><V77/><F42/><W70/><G70/><T3/><D95/><U119/><E87/><V28/><F68/><W67/><G67/><T16/><D93/><U110/><E110/><V88/><F75/><W126/><G116/><T37/><D37/><U51/><E51/><V60/><F60/><W39/><G39/><T85/><D50/><U120/><E120/><V20/><F123/><W35/><G35/><T29/><D85/><U103/><E103/><N who="3" m="39466" /><G90/><T96/><D91/><U0/><E119/><V41/><F88/><W19/><G94/><T113/><D96/><U84/><E84/><V115/><F122/><W127/><G19/><T57/><D113/><U36/><E36/><V73/><F115/><W80/><G80/><N who="1" m="30794" /><E17/><V55/><F18/><W76/><G76/><T134/><D134/><U14/><E63/><V7/><F79/><W49/><G48/><T78/><D16/><N who="1" m="8271" /><E59/><V105/><F77/><RYUUKYOKU ba="0,0" sc="250,-15,250,15,250,-15,250,15" hai1="0,2,5,15" hai3="1,11,46,49,52,126,127" /><INIT seed="1,1,0,2,3,9" ten="235,265,235,265" oya="1" hai0="98,29,0,22,103,109,41,53,115,105,122,132,102" hai1="84,112,85,121,47,35,54,44,117,92,6,107,73" hai2="114,124,1,67,87,79,72,66,90,50,16,56,5" hai3="52,20,18,17,14,76,83,59,42,24,58,39,63"/><U21/><E107/><V30/><F124/><W13/><G18/><T2/><D115/><U116/><E35/><V93/><F114/><W80/><G80/><T28/><D109/><U71/><E73/><V129/><F129/><W108/><G108/><T126/><D126/><U15/><E71/><V119/><F119/><W95/><G95/><T134/><D41/><U99/><E112/><V88/><F30/><N who="0" m="11882" /><D122/><U33/><E121/><V96/><F72/><W104/><G104/><T12/><D53/><U26/><E33/><V75/><F75/><W32/><G32/><T131/><D103/><U68/><E68/><V82/><F79/><W45/><REACH who="3" step="1"/><G59/><REACH who="3" ten="235,265,235,255" step="2"/><T70/><D70/><U123/><E123/><V43/><F56/><W125/><G125/><T118/><D118/><U110/><E117/><V48/><F16/><W100/><G100/><T106/><D106/><U3/><E116/><V128/><F82/><W51/><G51/><T127/><D127/><U27/><E110/><V74/><F48/><W57/><G57/><T69/><D69/><U97/><E92/><V34/><F93/><W25/><G25/><T113/><D113/><U60/><E26/><V7/><F50/><W135/><G135/><N who="0" m="51755" /><D131/><U133/><E133/><V64/><F128/><W37/><G37/><T11/><D22/><U101/><E21/><V120/><F120/><W46/><G46/><T38/><D38/><U91/><E44/><V36/><F36/><W94/><G94/><T40/><D40/><U65/><E47/><V8/><F43/><W77/><G77/><T111/><D111/><U23/><E101/><RYUUKYOKU ba="1,1" sc="235,15,265,-15,235,-15,255,15" hai0="0,2,11,12,98,102,105" hai3="13,14,17,20,24,39,42,45,52,58,63,76,83" /><INIT seed="2,2,1,1,2,92" ten="250,250,220,270" oya="2" hai0="22,127,68,42,5,96,2,116,62,89,107,34,71" hai1="121,28,44,74,57,108,55,40,112,115,63,37,31" hai2="52,21,64,132,27,25,66,8,35,9,128,88,130" hai3="86,43,104,29,23,13,4,124,47,16,78,87,26"/><V133/><F35/><W1/><G124/><T99/><D34/><U126/><E28/><V135/><F52/><W117/><G117/><T76/><D42/><U122/><E31/><V84/><F8/><N who="3" m="2063" /><G104/><T80/><D127/><U49/><E74/><V65/><F9/><W97/><G97/><T85/><D2/><U19/><E19/><V32/><F32/><N who="3" m="20535" /><G78/><T69/><D107/><U46/><E108/><V125/><F125/><W12/><G13/><T77/><D77/><U41/><E126/><V129/><REACH who="2" step="1"/><F21/><REACH who="2" ten="250,250,210,270" step="2"/><W45/><G45/><T73/><D22/><U7/><E7/><V93/><AGARI ba="2,2" hai="25,27,64,65,66,84,88,93,128,129,130,132,133,135" machi="93" ten="50,24000,3" yaku="1,1,2,1,0,1,29,2,19,1,20,1,54,1,53,0" doraHai="92" doraHaiUra="98" who="2" fromWho="2" sc="250,-82,250,-82,210,266,270,-82" /><INIT seed="2,3,0,2,1,103" ten="168,168,476,188" oya="2" hai0="54,12,123,2,89,38,18,94,68,6,50,120,57" hai1="80,93,73,77,84,48,53,44,88,0,61,121,64" hai2="22,81,99,24,60,21,108,40,17,86,52,58,125" hai3="97,92,133,8,10,5,49,59,11,63,23,96,15"/><V9/><F125/><W85/><G133/><T79/><D68/><U69/><REACH who="1" step="1"/><E0/><REACH who="1" ten="168,158,476,188" step="2"/><V119/><F119/><W113/><G113/><T35/><D2/><U134/><E134/><V71/><F108/><W76/><G5/><T78/><D6/><U42/><E42/><V66/><F40/><W122/><G122/><AGARI ba="3,1" hai="44,48,53,61,64,69,73,77,80,84,88,93,121,122" machi="122" ten="40,8000,1" yaku="21,2,54,1,53,2" doraHai="103" doraHaiUra="116" who="1" fromWho="3" sc="168,0,158,99,476,0,188,-89" /><INIT seed="3,0,0,1,4,114" ten="168,257,476,99" oya="3" hai0="21,80,55,132,135,119,118,109,23,70,3,20,46" hai1="39,81,129,49,10,74,133,115,48,53,99,98,43" hai2="32,0,104,122,105,29,117,52,63,100,120,123,90" hai3="108,79,1,73,127,96,28,65,41,31,125,36,12"/><W40/><G1/><T107/><D107/><U44/><E39/><V51/><F117/><N who="0" m="44554" /><D70/><U35/><E35/><V26/><F0/><W76/><G65/><T103/><D103/><U124/><E124/><N who="3" m="47690" /><G36/><T64/><D64/><U93/><E133/><N who="0" m="51273" /><D109/><U92/><E129/><V2/><F2/><W77/><G73/><T24/><D3/><U86/><E74/><V59/><F100/><W4/><G96/><N who="1" m="36906" /><E10/><V60/><F90/><W27/><G108/><T134/><N who="0" m="51281" /><T112/><DORA hai="30" /><D112/><U97/><E97/><V13/><F105/><W128/><G128/><T19/><D80/><U72/><E72/><V50/><F104/><W113/><G113/><T91/><D91/><N who="1" m="51663" /><E115/><V6/><F123/><W58/><G58/><AGARI ba="0,0" hai="43,44,48,49,53,58,92,93" m="51663,36906" machi="58" ten="30,1000,0" yaku="8,1" doraHai="114,30" who="1" fromWho="3" sc="168,0,257,10,476,0,99,-10" owari="168,-23.2,267,6.7,476,57.6,89,-41.1" /></mjloggm>