<mjloggm ver="2.3"><GO type="225" lobby="0"/><UN n0="%4E%49%4A%49%49%52%4F" n1="%E3%81%82%E3%81%84%E3%81%82%E3%81%8A%E3%81%84" n2="%79%79%78%30%31%31%35" n3="%E9%80%9F%E6%B0%B4%E5%87%9B%E9%A6%99" dan="16,18,17,16" rate="2142.64,2203.16,2189.90,2164.69" sx="M,M,M,F"/><TAIKYOKU oya="0"/><BYE who="0" /><INIT seed="0,0,0,3,2,127" ten="250,250,250,250" oya="0" hai0="16,88,131,62,124,74,102,8,61,113,52,45,44" hai1="43,3,86,90,1,22,21,29,134,106,123,60,118" hai2="79,40,109,34,11,4,6,132,76,70,71,38,115" hai3="75,57,81,20,37,33,126,110,13,133,96,100,24"/><T30/><D30/><U12/><E118/><UN n0="%4E%49%4A%49%49%52%4F" /><V122/><F34/><W18/><G37/><T92/><D74/><U66/><E123/><V5/><F115/><W83/><G126/><T0/><D124/><U55/><E106/><V87/><F122/><W15/><G110/><T120/><D120/><U93/><E134/><V14/><F109/><W67/><G133/><T19/><D113/><U121/><E121/><V91/><F132/><W105/><G75/><T128/><D102/><U125/><E125/><V10/><F38/><W17/><G33/><T7/><D61/><U35/><E43/><V48/><F70/><W39/><G39/><T97/><D45/><U59/><E35/><V26/><F71/><W36/><G36/><T9/><D9/><U63/><E22/><V103/><F26/><W95/><G105/><T56/><REACH who="0" step="1"/><D44/><REACH who="0" ten="240,250,250,250" step="2"/><U54/><E29/><V31/><F103/><W28/><G28/><T41/><D41/><U82/><E63/><V80/><F31/><W104/><G104/><T129/><AGARI ba="0,1" hai="0,7,8,16,19,52,56,62,88,92,97,128,129,131" machi="129" ten="30,24000,3" yaku="1,1,0,1,19,1,52,3,54,3,53,1" doraHai="127" doraHaiUra="49" who="0" fromWho="0" sc="240,250,250,-80,250,-80,250,-80" /><INIT seed="0,1,0,1,5,65" ten="490,170,170,170" oya="0" hai0="104,109,119,70,7,81,128,114,43,15,4,107,82" hai1="75,86,67,120,125,113,9,33,49,18,13,84,96" hai2="52,29,69,24,90,87,45,58,79,131,55,20,99" hai3="122,8,78,21,51,73,66,89,44,59,2,72,85"/><T50/><D119/><U135/><E120/><V42/><F131/><W118/><G118/><T106/><D114/><U117/><E117/><V27/><F69/><W108/><G108/><T115/><D115/><U62/><E113/><V12/><F79/><W133/><G122/><T5/><D128/><U47/><E75/><V1/><F1/><W102/><G133/><T35/><D35/><U63/><E135/><V127/><F127/><W111/><G111/><T132/><D109/><U112/><E33/><V32/><F99/><W105/><G21/><T74/><D70/><U68/><E125/><V23/><F12/><W54/><G8/><T10/><D132/><U83/><E112/><V37/><F58/><W16/><G2/><T17/><D74/><U53/><E83/><V31/><REACH who="2" step="1"/><F32/><REACH who="2" ten="490,170,160,170" step="2"/><W101/><G78/><T28/><D15/><U91/><E96/><V19/><F19/><W71/><G16/><T34/><D17/><U25/><E25/><V121/><F121/><W94/><G71/><T26/><D34/><U124/><E124/><V80/><AGARI ba="1,1" hai="20,23,24,27,29,31,37,42,45,52,55,80,87,90" machi="80" ten="20,8000,1" yaku="1,1,0,1,7,1,9,1,54,1,53,0" doraHai="65" doraHaiUra="57" who="2" fromWho="2" sc="490,-41,170,-21,160,93,170,-21" /><INIT seed="1,0,0,2,1,111" ten="449,149,253,149" oya="1" hai0="53,20,115,66,43,76,102,122,101,42,29,32,75" hai1="12,117,67,26,14,90,9,4,62,45,95,118,125" hai2="128,106,7,94,107,74,120,57,48,44,15,104,105" hai3="52,108,85,3,21,134,98,86,27,114,11,1,30"/><U33/><E125/><V84/><F120/><W112/><G108/><T127/><D115/><U119/><E45/><V49/><F74/><W89/><G134/><T38/><D32/><U110/><E110/><V16/><F128/><W40/><G40/><T19/><D127/><U63/><E14/><V79/><F7/><W69/><G69/><T92/><D29/><U116/><N who="1" m="29696" /><DORA hai="65" /><U82/><E82/><V100/><F57/><W91/><G98/><T39/><D122/><U77/><E77/><V60/><F60/><W88/><G11/><T73/><D76/><U22/><E33/><V72/><F72/><W132/><G132/><T28/><D28/><U64/><E64/><V34/><F34/><W131/><G131/><T113/><D66/><U135/><E67/><V8/><F49/><W5/><G5/><T23/><D92/><U129/><E129/><V13/><F13/><W35/><G35/><T68/><D68/><U58/><E58/><V6/><F6/><W2/><REACH who="3" step="1"/><G52/><REACH who="3" ten="449,149,253,139" step="2"/><T83/><D53/><U93/><E135/><V54/><F54/><W124/><G124/><T121/><D43/><U61/><REACH who="1" step="1"/><E90/><REACH who="1" ten="449,139,253,139" step="2"/><N who="2" m="53575" /><F79/><W126/><G126/><T36/><D121/><U24/><E24/><V47/><F47/><W70/><G70/><T123/><D123/><U133/><E133/><V81/><F44/><W17/><G17/><AGARI ba="0,2" hai="4,9,12,17,22,26,61,62,63,93,95" m="29696" machi="17" ten="70,6800,0" yaku="1,1,53,1" doraHai="111,65" doraHaiUra="78,18" who="1" fromWho="3" sc="449,0,139,88,253,0,139,-68" /><INIT seed="1,1,0,0,0,102" ten="449,227,253,71" oya="1" hai0="4,117,56,99,35,113,24,92,58,65,134,38,116" hai1="41,43,78,85,28,21,13,74,7,106,60,15,79" hai2="88,63,69,104,76,53,67,90,0,118,6,89,91" hai3="3,27,25,100,71,72,51,77,8,133,23,49,84"/><U97/><E74/><V131/><F118/><W124/><G71/><T11/><D38/><U75/><E75/><V45/><F131/><W127/><G72/><T73/><D113/><U52/><E106/><V46/><F76/><N who="1" m="29225" /><E85/><V18/><F104/><W128/><G128/><T57/><D73/><U122/><E97/><V9/><N who="2" m="22528" /><DORA hai="48" /><V17/><REACH who="2" step="1"/><F53/><REACH who="2" ten="449,227,243,71" step="2"/><W47/><G127/><T101/><D116/><U107/><E107/><V29/><F29/><W5/><G124/><T83/><D117/><U135/><E122/><V32/><F32/><W110/><G77/><T34/><D34/><U119/><E119/><V132/><F132/><W68/><G84/><T55/><D35/><U19/><E28/><V126/><F126/><W105/><G133/><T109/><D55/><U120/><E120/><V87/><F87/><W129/><G129/><T112/><D134/><U81/><E135/><V114/><F114/><W61/><G105/><T37/><D112/><U62/><E81/><V93/><F93/><W22/><G100/><T40/><D92/><U95/><E95/><V98/><F98/><W33/><G110/><T26/><D99/><U42/><E52/><V31/><F31/><W20/><G33/><T44/><D101/><U125/><E125/><V80/><F80/><W64/><REACH who="3" step="1"/><G51/><REACH who="3" ten="449,227,243,61" step="2"/><T130/><D130/><U94/><E94/><V123/><F123/><W16/><G16/><AGARI ba="1,2" hai="0,6,9,16,17,18,45,46,63,67,69" m="22528" machi="16" ten="50,12000,2" yaku="1,1,54,2,53,3" doraHai="102,48" doraHaiUra="30,14" who="2" fromWho="3" sc="449,0,227,0,243,143,61,-123" owari="449,54.9,227,-17.3,386,18.6,-62,-56.2" /></mjloggm>