<mjloggm ver="2.3"><GO type="225" lobby="0"/><UN n0="%73%6C%69%63%6B%33%31%39" n1="%E3%81%9F%E3%81%93%E2%98%86%E7%84%BC%E3%81%8D" n2="%E3%82%8C%E3%81%99%E3%81%93" n3="%E3%81%95%E3%81%8D%E3%81%9F%E3%81%BE%E6%9E%97%E6%AA%8E" dan="17,16,16,16" rate="2202.57,2064.99,2140.37,2113.62" sx="M,M,F,M"/><TAIKYOKU oya="0"/><INIT seed="0,0,0,4,1,90" ten="250,250,250,250" oya="0" hai0="29,114,64,14,135,133,20,125,8,73,56,2,67" hai1="94,69,35,109,24,59,53,134,116,18,9,26,66" hai2="121,88,33,47,58,42,28,92,54,132,103,37,112" hai3="17,82,23,60,95,80,74,41,7,87,40,128,25"/><T11/><D114/><U89/><E116/><V62/><F121/><W16/><G128/><T45/><D73/><U104/><E35/><V84/><F112/><W126/><G126/><T117/><D117/><U39/><E104/><V68/><F132/><N who="0" m="50762" /><D125/><U3/><E39/><V118/><F118/><W102/><G74/><T65/><D45/><U31/><E109/><V32/><F28/><W113/><G113/><T108/><D108/><U86/><E69/><V100/><REACH who="2" step="1"/><F68/><REACH who="2" ten="250,250,240,250" step="2"/><W77/><G7/><N who="0" m="1143" /><D29/><U38/><E31/><V119/><F119/><W5/><G5/><N who="0" m="3439" /><D20/><U97/><E134/><V27/><F27/><W85/><G17/><T52/><D67/><U4/><E66/><V51/><F51/><AGARI ba="0,1" hai="51,52,56,64,65" m="3439,1143,50762" machi="51" ten="30,2900,0" yaku="20,1,54,1" doraHai="90" who="0" fromWho="2" sc="250,39,250,0,240,-29,250,0" /><INIT seed="0,1,0,2,1,16" ten="289,250,211,250" oya="0" hai0="28,87,23,123,81,130,74,40,42,71,109,129,112" hai1="134,10,78,41,17,96,64,4,66,52,57,122,127" hai2="14,77,12,121,26,67,118,37,54,85,7,79,61" hai3="51,8,53,36,60,48,88,5,46,39,131,93,21"/><T80/><D112/><U70/><E122/><V62/><F121/><W120/><G131/><N who="0" m="50187" /><D123/><U126/><E70/><V32/><F37/><W33/><G120/><T15/><D109/><U82/><E41/><V84/><F118/><W114/><G114/><T90/><D71/><U50/><E134/><V97/><F97/><W113/><G33/><T19/><D28/><U124/><E17/><V76/><F32/><W1/><G113/><T9/><D9/><U104/><E104/><V94/><F26/><W56/><G51/><T6/><D6/><U83/><E96/><V22/><F7/><W47/><G47/><T58/><D58/><U24/><E24/><V111/><F111/><W133/><G133/><T29/><D29/><U13/><REACH who="1" step="1"/><E82/><REACH who="1" ten="289,240,211,250" step="2"/><N who="0" m="31849" /><D74/><AGARI ba="1,1" hai="4,10,13,50,52,57,64,66,74,78,83,124,126,127" machi="74" ten="40,8000,1" yaku="1,1,18,1,54,1,53,1" doraHai="16" doraHaiUra="3" who="1" fromWho="0" sc="289,-83,240,93,211,0,250,0" /><INIT seed="1,0,0,0,4,132" ten="206,333,211,250" oya="1" hai0="0,28,131,76,111,62,58,41,56,103,52,66,91" hai1="26,19,96,92,21,78,80,32,101,114,55,82,127" hai2="107,8,121,49,12,134,42,11,118,34,99,122,9" hai3="98,104,64,7,53,30,109,95,87,39,15,47,128"/><U13/><E114/><V74/><F118/><W124/><G124/><T5/><D111/><U70/><E70/><V18/><F74/><W1/><G109/><T35/><D131/><U125/><E55/><V75/><F75/><W24/><G1/><T20/><D35/><U50/><E50/><V14/><F42/><W54/><G128/><T44/><D103/><U48/><E48/><V16/><F49/><W3/><G3/><T27/><D76/><U29/><REACH who="1" step="1"/><E80/><REACH who="1" ten="206,323,211,250" step="2"/><V77/><F134/><W100/><G54/><T93/><D41/><U40/><E40/><V123/><F122/><W43/><G53/><T97/><D44/><U108/><E108/><V120/><F123/><W37/><G47/><T90/><D52/><U113/><E113/><V63/><F121/><W59/><G43/><T81/><D58/><U112/><E112/><V133/><F120/><W6/><G59/><T94/><D81/><U105/><E105/><V45/><F45/><W119/><G104/><T116/><D116/><U129/><E129/><V65/><F133/><W71/><G71/><T102/><D94/><U88/><E88/><V38/><F107/><W69/><G95/><T86/><D91/><U25/><E25/><V79/><F77/><W31/><G69/><T110/><D110/><U23/><E23/><V2/><F79/><W115/><G115/><T22/><D22/><U67/><E67/><V10/><F65/><W4/><G64/><T84/><D90/><U68/><E68/><V89/><N who="2" m="2048" /><DORA hai="61" /><V46/><F89/><W36/><G119/><T33/><D20/><U135/><E135/><RYUUKYOKU ba="0,1" sc="206,15,323,15,211,-15,250,-15" hai0="0,5,27,28,33,56,62,66,84,86,93,97,102" hai1="13,19,21,26,29,32,78,82,92,96,101,125,127" /><INIT seed="1,1,1,4,4,109" ten="221,338,196,235" oya="1" hai0="0,110,13,86,52,63,5,48,44,14,122,83,135" hai1="87,133,77,132,55,112,95,8,53,120,114,129,51" hai2="116,28,73,15,99,39,31,69,127,64,104,54,130" hai3="118,34,98,46,75,88,79,78,37,66,128,40,4"/><U91/><E120/><V62/><F116/><W94/><G34/><T65/><D110/><U74/><E129/><V23/><F130/><W82/><G128/><T72/><D72/><U57/><E8/><V117/><F117/><W76/><G118/><T49/><D122/><U106/><E106/><V10/><F73/><W131/><G131/><T67/><D135/><N who="1" m="51787" /><E77/><V45/><F127/><W20/><G66/><T32/><D32/><U97/><E74/><V43/><F23/><W61/><G61/><T7/><D49/><N who="1" m="30895" /><E87/><V90/><F54/><W17/><REACH who="3" step="1"/><G4/><REACH who="3" ten="221,338,196,225" step="2"/><T38/><D7/><U125/><E125/><V9/><F9/><W100/><G100/><T11/><D65/><U56/><AGARI ba="1,2" hai="51,55,56,91,95,97,112,114" m="30895,51787" machi="56" ten="30,6000,0" yaku="20,1,52,2" doraHai="109" who="1" fromWho="1" sc="221,-21,338,83,196,-21,225,-21" /><INIT seed="1,2,0,1,3,104" ten="200,421,175,204" oya="1" hai0="99,63,25,110,78,117,32,45,85,18,50,67,76" hai1="11,123,113,72,4,2,105,43,54,89,118,96,3" hai2="88,73,81,79,90,12,28,108,59,112,115,64,95" hai3="80,121,37,39,101,9,15,23,47,0,58,13,125"/><U42/><E72/><V119/><F28/><W7/><G125/><T134/><D117/><U40/><E113/><N who="2" m="43595" /><F12/><W38/><G121/><T135/><D110/><U83/><E123/><V71/><F71/><W131/><G131/><T10/><D99/><U68/><E68/><V21/><F119/><W66/><G101/><T126/><D126/><U127/><E105/><V82/><F108/><W46/><G80/><T33/><D10/><U26/><E26/><V56/><F21/><W16/><REACH who="3" step="1"/><G0/><REACH who="3" ten="200,421,175,194" step="2"/><T30/><D134/><U53/><E83/><V84/><F64/><W92/><G92/><T87/><D135/><U97/><E2/><V27/><F27/><W6/><G6/><T29/><D67/><U100/><E118/><V61/><F61/><AGARI ba="2,1" hai="7,9,13,15,16,23,37,38,39,46,47,58,61,66" machi="61" ten="40,2600,0" yaku="1,1,54,1,53,0" doraHai="104" doraHaiUra="36" who="3" fromWho="2" sc="200,0,421,0,175,-32,194,42" /><INIT seed="2,0,0,0,2,55" ten="200,421,143,236" oya="2" hai0="114,85,99,21,51,17,87,104,80,35,84,93,108" hai1="75,73,124,133,66,78,67,24,12,91,126,71,46" hai2="106,28,127,34,20,100,97,134,68,123,9,48,39" hai3="60,56,44,53,113,65,82,96,79,52,41,63,22"/><V32/><F123/><W72/><G113/><T36/><D114/><U70/><E46/><V116/><F116/><W26/><G96/><T74/><D36/><U11/><E24/><V103/><F39/><W107/><G107/><T69/><D35/><U109/><E109/><V1/><F134/><W131/><G131/><T119/><D69/><U4/><E91/><V101/><F127/><W5/><G5/><T77/><D108/><U89/><E89/><V7/><F32/><W88/><G88/><N who="0" m="53383" /><D51/><U92/><E92/><V125/><F125/><W14/><G14/><N who="0" m="9399" /><D119/><U86/><E133/><V58/><F68/><W54/><G63/><T122/><D122/><U132/><E132/><V3/><F3/><W49/><REACH who="3" step="1"/><G65/><REACH who="3" ten="200,421,143,226" step="2"/><T6/><D6/><U115/><E67/><V76/><F76/><W0/><G0/><T62/><D62/><U42/><E78/><V33/><F106/><W40/><G40/><T90/><D90/><U98/><E42/><V27/><REACH who="2" step="1"/><F97/><REACH who="2" ten="200,421,133,226" step="2"/><W110/><G110/><T37/><D37/><U83/><E126/><V118/><F118/><W121/><G121/><T120/><D120/><U2/><E2/><V43/><F43/><W29/><AGARI ba="0,2" hai="22,26,29,41,44,49,52,53,54,56,60,72,79,82" machi="29" ten="20,8000,1" yaku="1,1,0,1,7,1,52,1,54,1,53,0" doraHai="55" doraHaiUra="15" who="3" fromWho="3" sc="200,-20,421,-20,133,-40,226,100" /><INIT seed="3,0,0,3,4,24" ten="180,401,93,326" oya="3" hai0="101,15,20,78,10,106,110,118,27,125,65,46,108" hai1="98,42,50,86,66,105,8,71,6,29,51,48,115" hai2="90,120,133,128,9,55,45,39,22,109,73,67,4" hai3="13,52,7,41,16,30,119,121,0,84,85,114,63"/><W53/><G114/><T127/><D78/><U80/><E115/><V14/><F109/><N who="0" m="42090" /><D65/><U59/><E71/><V81/><F128/><W97/><G119/><T111/><D118/><U2/><E29/><V61/><F133/><W12/><G121/><T91/><D111/><U34/><E34/><V26/><F120/><W130/><G130/><T132/><D132/><U47/><E105/><V102/><F73/><W38/><G0/><T69/><D69/><U18/><E18/><V19/><F39/><W64/><G41/><T49/><D91/><U122/><E98/><V117/><F117/><W74/><G74/><T134/><D101/><U40/><E40/><V75/><F75/><W1/><G1/><T33/><D33/><U35/><E35/><V100/><F45/><W17/><G38/><T23/><D106/><U43/><E43/><V112/><F112/><W88/><G97/><T104/><D104/><U32/><E32/><V21/><F21/><N who="0" m="8266" /><D27/><U107/><E107/><V62/><F55/><N who="3" m="21067" /><G7/><N who="0" m="3551" /><D134/><U25/><E25/><V83/><F62/><W103/><G103/><T72/><D72/><U129/><E129/><V44/><F44/><W76/><G76/><T57/><D57/><U3/><E3/><V77/><F90/><W116/><G116/><T28/><D28/><U79/><E122/><V124/><F77/><W60/><G30/><T82/><D82/><U95/><E95/><V58/><F102/><W37/><G37/><T11/><D11/><U93/><E93/><V131/><F100/><W94/><G85/><T5/><D5/><U70/><E70/><V31/><F131/><RYUUKYOKU ba="0,0" sc="180,15,401,15,93,-15,326,-15" hai0="46,49,125,127" hai1="2,6,8,42,47,48,50,51,59,66,79,80,86" owari="195,-20.5,416,51.6,78,-42.2,311,11.1" /></mjloggm>