<mjloggm ver="2.3"><GO type="225" lobby="0"/><UN n0="%E3%81%99%E3%81%84%E3%81%BE%E3%81%9B%E3%83%BC%E3%82%93" n1="%E3%83%A9%E3%83%BC%E3%83%A1%E3%83%B3%E4%BA%94%E9%83%8E" n2="%E3%83%A1%E3%82%AC%E3%83%87%E3%82%B8" n3="%E4%B8%AD%E5%B9%B4%E3%81%AE%E5%8D%B1%E6%A9%9F" dan="16,16,16,17" rate="2108.62,2029.91,2080.45,2223.30" sx="M,M,F,M"/><TAIKYOKU oya="0"/><INIT seed="0,0,0,4,5,82" ten="250,250,250,250" oya="0" hai0="67,53,124,7,79,133,29,21,119,1,56,43,69" hai1="8,3,32,59,61,66,104,88,30,78,109,122,94" hai2="22,132,71,10,111,110,55,120,39,57,16,115,27" hai3="12,134,117,5,135,92,76,93,11,9,101,86,17"/><T130/><D119/><U37/><E122/><V0/><F71/><W23/><G117/><T89/><D124/><U107/><E37/><V118/><F118/><W38/><G38/><T96/><D133/><U75/><E109/><N who="2" m="41483" /><F39/><W15/><G76/><T73/><D130/><U68/><E68/><V77/><F132/><W50/><G134/><T28/><D43/><U98/><E75/><V113/><F77/><W80/><G135/><T26/><D28/><U125/><E125/><V72/><F72/><W97/><G50/><T35/><D35/><U51/><E78/><V84/><F84/><W18/><G80/><T31/><D31/><U105/><E51/><N who="2" m="30975" /><F120/><W114/><G114/><T49/><D79/><U41/><E41/><V65/><F65/><W58/><G58/><T99/><D73/><U40/><E40/><V45/><F45/><W74/><G74/><T4/><D1/><U64/><E3/><V90/><F90/><W44/><G44/><T25/><D89/><U81/><E81/><V102/><F102/><W48/><G48/><T47/><D69/><U87/><E66/><V83/><F83/><W19/><G86/><T2/><D2/><U20/><E98/><N who="0" m="37417" /><D26/><U116/><E116/><V106/><F106/><W34/><G93/><T42/><D42/><U63/><E104/><V14/><F0/><W128/><G128/><T127/><D127/><U6/><E105/><V24/><F24/><N who="3" m="14447" /><G34/><T121/><D121/><U70/><E32/><V60/><F60/><AGARI ba="0,0" hai="4,7,21,25,29,47,49,53,56,60,67" m="37417" machi="60" ten="30,1500,0" yaku="8,1" doraHai="82" who="0" fromWho="2" sc="250,15,250,0,250,-15,250,0" /><INIT seed="0,1,0,1,5,73" ten="265,250,235,250" oya="0" hai0="111,0,99,95,38,54,106,39,98,92,75,76,23" hai1="17,87,123,110,86,43,119,57,70,105,82,33,131" hai2="67,8,90,53,74,36,18,4,80,27,109,11,127" hai3="44,2,85,83,48,13,26,15,114,10,113,20,55"/><T66/><D0/><U89/><E119/><V1/><F109/><W77/><G2/><T69/><D111/><U108/><E123/><V104/><F104/><W14/><REACH who="3" step="1"/><G10/><REACH who="3" ten="265,250,235,240" step="2"/><T116/><D116/><U91/><E108/><V130/><F11/><W52/><G52/><T40/><D54/><U16/><E110/><V50/><F8/><W9/><G9/><T120/><D120/><U7/><E7/><V78/><F53/><W68/><G68/><T21/><D69/><U84/><E43/><V60/><F4/><W64/><G64/><T133/><D66/><U96/><E70/><V100/><F67/><W25/><G25/><T72/><D40/><U24/><E24/><V88/><F27/><W42/><G42/><T135/><D106/><U102/><E33/><V125/><F1/><W112/><G112/><T97/><D97/><U94/><E57/><V12/><F12/><W5/><G5/><T62/><D99/><U19/><E131/><V45/><F130/><W58/><G58/><T32/><D98/><U93/><E105/><V35/><F35/><W3/><G3/><T41/><D41/><U47/><E47/><V22/><F45/><W31/><AGARI ba="1,1" hai="13,14,15,20,26,31,44,48,55,77,83,85,113,114" machi="31" ten="30,4000,0" yaku="1,1,0,1,52,1,53,0" doraHai="73" doraHaiUra="71" who="3" fromWho="3" sc="265,-21,250,-11,235,-11,240,53" /><INIT seed="1,0,0,1,1,57" ten="244,239,224,293" oya="1" hai0="5,42,105,65,103,78,110,60,121,53,134,49,125" hai1="69,48,2,130,35,7,3,112,118,85,92,46,67" hai2="70,14,6,23,71,74,63,9,25,107,4,18,19" hai3="39,119,94,79,24,47,96,129,113,15,29,81,59"/><U95/><E112/><V106/><F74/><W77/><G113/><T101/><D110/><U33/><E118/><V75/><F75/><W43/><G119/><T58/><D125/><U0/><E130/><V1/><F4/><W31/><G129/><T115/><D115/><U80/><E7/><V20/><REACH who="2" step="1"/><F71/><REACH who="2" ten="244,239,214,293" step="2"/><W128/><G128/><T66/><D121/><U50/><E69/><V28/><F28/><W37/><G31/><T45/><D134/><U13/><E0/><V22/><F22/><W102/><G39/><T8/><D5/><U132/><E132/><V68/><F68/><W89/><G15/><T91/><D8/><U73/><E73/><V51/><F51/><W52/><G24/><T111/><D111/><U83/><E13/><V126/><F126/><W87/><REACH who="3" step="1"/><G29/><REACH who="3" ten="244,239,214,283" step="2"/><T98/><D105/><U117/><E117/><V116/><F116/><W88/><G88/><T104/><D91/><U61/><E2/><V36/><F36/><W64/><G64/><AGARI ba="0,2" hai="1,6,9,14,18,19,20,23,25,63,64,70,106,107" machi="64" ten="40,5200,0" yaku="1,1,52,1,53,1" doraHai="57" doraHaiUra="21" who="2" fromWho="3" sc="244,0,239,0,214,72,283,-52" /><INIT seed="2,0,0,4,3,63" ten="244,239,286,231" oya="2" hai0="17,58,132,101,34,14,20,6,31,41,115,118,100" hai1="103,121,72,25,88,26,127,105,42,33,91,40,69" hai2="16,67,52,108,130,90,2,15,56,95,113,37,73" hai3="99,3,87,36,68,61,12,102,93,133,75,128,7"/><V65/><F2/><W39/><G75/><T126/><D115/><U116/><E116/><V107/><F107/><N who="3" m="63967" /><G12/><T89/><D118/><U13/><E72/><V23/><F113/><W85/><G87/><T64/><D126/><U1/><E1/><V53/><F37/><W92/><G85/><T80/><D132/><U84/><E127/><V124/><F124/><W104/><G92/><T131/><D131/><U94/><E69/><V111/><F130/><W11/><G93/><T35/><D41/><U109/><E121/><V83/><F53/><W5/><G5/><T10/><D31/><U59/><E105/><V119/><F119/><W114/><G128/><T19/><D35/><U78/><E103/><N who="0" m="39497" /><D34/><U97/><E78/><V77/><F111/><W22/><G22/><T46/><D46/><U30/><E109/><V32/><F32/><W79/><G79/><T81/><D89/><U48/><E13/><V82/><F82/><N who="0" m="31850" /><D20/><N who="1" m="15655" /><E26/><V54/><F108/><W44/><G104/><T18/><D6/><U125/><E33/><V45/><F45/><W74/><G74/><T57/><D57/><U129/><E129/><V135/><F135/><W123/><G133/><T47/><D47/><U55/><E125/><V117/><F117/><W134/><G134/><T86/><D86/><U66/><E66/><N who="2" m="25099" /><F56/><W71/><G114/><T49/><D64/><U96/><E96/><N who="2" m="57463" /><F73/><W106/><G106/><T112/><D112/><U8/><E59/><V29/><F29/><W9/><G123/><T27/><D27/><U110/><E110/><V120/><F120/><W28/><G71/><T122/><D122/><RYUUKYOKU ba="0,0" sc="244,15,239,-15,286,15,231,-15" hai0="10,14,17,18,19,49,58" hai2="15,16,23,52,54,77,83" /><INIT seed="2,1,0,4,0,42" ten="259,224,301,216" oya="2" hai0="57,93,132,118,2,24,17,66,60,99,11,30,81" hai1="19,1,27,7,65,133,20,55,47,85,23,101,87" hai2="51,73,130,34,67,135,108,31,117,63,129,122,21" hai3="119,40,75,14,12,5,36,100,61,84,68,64,98"/><V113/><F73/><W116/><G75/><T76/><D132/><U26/><E133/><V80/><F135/><W28/><G84/><T13/><D118/><U126/><E126/><V120/><F117/><W46/><G14/><T59/><D2/><U38/><E65/><V18/><F80/><W32/><G12/><T70/><D81/><U77/><E101/><V91/><F91/><W88/><G5/><T25/><D76/><U72/><E72/><V83/><F83/><W37/><G37/><T131/><D131/><N who="2" m="50186" /><F113/><W8/><G8/><T106/><D25/><U62/><E77/><V35/><F31/><W128/><G88/><T29/><D29/><U109/><E109/><V6/><F6/><W41/><G41/><T45/><D106/><U22/><E22/><V3/><F51/><W49/><G49/><T48/><D24/><U54/><E38/><V16/><F18/><W50/><G50/><T4/><D17/><N who="1" m="12559" /><E7/><V114/><F3/><W92/><REACH who="3" step="1"/><G128/><REACH who="3" ten="259,224,301,206" step="2"/><T104/><D4/><U10/><E1/><V56/><F108/><W110/><G110/><T90/><D13/><U86/><E10/><V134/><F134/><W79/><G79/><T78/><D78/><U15/><E15/><N who="2" m="9375" /><F114/><W103/><G103/><T33/><D11/><U43/><E62/><V58/><F63/><W121/><G121/><T97/><D60/><U96/><E96/><V115/><F122/><W111/><G111/><T112/><D99/><U123/><E123/><V94/><F120/><W102/><G102/><T74/><D97/><U82/><E82/><V9/><F115/><W124/><G124/><RYUUKYOKU ba="1,1" sc="259,-15,224,15,301,-15,206,15" hai1="19,23,27,43,47,54,55,85,86,87" hai3="28,32,36,40,46,61,64,68,92,98,100,116,119" /><INIT seed="3,2,1,3,3,65" ten="244,239,286,221" oya="3" hai0="119,124,135,109,10,27,133,1,29,76,51,132,122" hai1="44,56,39,49,41,115,91,55,104,92,21,8,32" hai2="7,17,40,15,5,45,116,0,6,100,11,9,54" hai3="84,48,61,68,90,72,121,106,123,63,2,75,74"/><W79/><G2/><T80/><D119/><U128/><E115/><V67/><F116/><W71/><G106/><T89/><D122/><U26/><E104/><V62/><F54/><W31/><G79/><T112/><D112/><U88/><E128/><V73/><F100/><W69/><G31/><T87/><D109/><U22/><E8/><V108/><F73/><W42/><G123/><T36/><D36/><U64/><E64/><V57/><F108/><W53/><G42/><T134/><D124/><U4/><E4/><V60/><F60/><W102/><G102/><T103/><D103/><U98/><REACH who="1" step="1"/><E91/><REACH who="1" ten="244,229,286,221" step="2"/><V129/><F129/><W81/><REACH who="3" step="1"/><G121/><REACH who="3" ten="244,229,286,211" step="2"/><T20/><D135/><U34/><E34/><V23/><F0/><W24/><G24/><T95/><D1/><U38/><E38/><V86/><F5/><W85/><G85/><T127/><D87/><U47/><E47/><AGARI ba="2,3" hai="47,48,53,61,63,68,69,71,72,74,75,81,84,90" machi="47" ten="50,12000,1" yaku="1,1,52,3,53,0" doraHai="65" doraHaiUra="35" who="3" fromWho="1" sc="244,0,229,-126,286,0,211,156" owari="244,-15.6,103,-39.7,286,8.6,367,46.7" /></mjloggm>