<mjloggm ver="2.3"><GO type="225" lobby="0"/><UN n0="%E3%81%82%E3%81%99%E3%81%AB%E3%82%83%E3%82%80" n1="%E3%80%93%E3%81%97%E3%83%BC%E3%82%89%E3%80%93" n2="%E3%81%B5%E3%81%98%E3%81%8B%E3%81%A4" n3="%E6%A0%B9%E5%85%83%E3%81%8B%E3%82%89%E5%90%B9%E3%81%A3%E9%A3%9B%E3%81%B6" dan="16,16,16,17" rate="2119.35,2082.12,2178.84,2144.66" sx="F,M,M,F"/><TAIKYOKU oya="0"/><INIT seed="0,0,0,1,5,0" ten="250,250,250,250" oya="0" hai0="10,90,9,107,47,42,6,50,125,114,2,88,43" hai1="14,131,118,96,102,45,82,123,133,84,99,111,98" hai2="44,71,86,21,51,66,36,17,110,32,12,24,127" hai3="33,116,4,46,101,112,72,53,97,35,65,85,30"/><T18/><D114/><U77/><E118/><V37/><F110/><W28/><G72/><T78/><D107/><U109/><E45/><V26/><F127/><W27/><G112/><T100/><D100/><U115/><E14/><V113/><F113/><W5/><G65/><T87/><D125/><U95/><E115/><V76/><F71/><W73/><G73/><T49/><D18/><U106/><E123/><V89/><F76/><W59/><G46/><T120/><D120/><U134/><E131/><V54/><F66/><W60/><G116/><T122/><D122/><U11/><E11/><V121/><F121/><W128/><G128/><T13/><D42/><U52/><E52/><V104/><F104/><W135/><G135/><N who="1" m="51722" /><E98/><V40/><F32/><W79/><G79/><T29/><D29/><U69/><E69/><V7/><F7/><W83/><G83/><N who="0" m="47607" /><D9/><U58/><E58/><V8/><F21/><W117/><G117/><T94/><D2/><U92/><E106/><V124/><F124/><W56/><G56/><T63/><D63/><U80/><E80/><N who="2" m="49351" /><F40/><W105/><REACH who="3" step="1"/><G85/><REACH who="3" ten="250,250,250,240" step="2"/><N who="0" m="52495" /><D90/><AGARI ba="0,1" hai="77,82,84,90,92,95,96,99,102,109,111" m="51722" machi="90" ten="30,3900,0" yaku="20,1,34,2" doraHai="0" who="1" fromWho="0" sc="250,-39,250,49,250,0,240,0" /><INIT seed="1,0,0,4,5,29" ten="211,299,250,240" oya="1" hai0="35,2,93,132,0,82,12,21,14,24,65,86,77" hai1="74,75,80,95,54,103,28,38,10,94,41,98,56" hai2="131,84,83,37,44,31,30,133,127,119,58,123,45" hai3="6,1,129,57,13,124,105,99,88,78,32,135,18"/><U39/><E28/><V22/><F123/><W52/><G124/><T79/><D132/><U81/><E75/><V107/><F119/><W36/><G36/><T114/><D114/><U96/><E10/><V27/><F133/><W120/><G120/><T106/><D106/><U76/><E81/><V5/><F127/><W11/><G135/><T68/><D79/><U48/><REACH who="1" step="1"/><E41/><REACH who="1" ten="211,289,250,240" step="2"/><V67/><F31/><W40/><G40/><T15/><D0/><U47/><E47/><V104/><F44/><W117/><G11/><T109/><D2/><U66/><E66/><V126/><F126/><W134/><G1/><T26/><D65/><U91/><AGARI ba="0,1" hai="38,39,48,54,56,74,76,80,91,94,95,96,98,103" machi="91" ten="20,12000,1" yaku="1,1,0,1,7,1,53,2" doraHai="29" doraHaiUra="69" who="1" fromWho="1" sc="211,-40,289,130,250,-40,240,-40" /><INIT seed="1,1,0,5,0,131" ten="171,419,210,200" oya="1" hai0="70,20,3,57,39,41,6,128,1,15,97,86,49" hai1="116,32,58,107,124,26,111,16,22,80,62,55,85" hai2="25,4,113,109,135,132,43,30,53,84,36,77,28" hai3="17,105,133,56,100,123,115,120,10,72,125,66,23"/><U48/><E107/><V68/><F68/><W40/><G115/><T18/><D70/><U2/><E2/><V31/><F113/><W71/><G72/><T74/><D128/><U65/><E116/><V54/><F109/><W101/><G40/><T75/><D39/><U93/><E111/><V130/><F130/><W127/><G56/><T45/><D97/><U126/><E32/><V35/><F4/><W88/><G10/><T110/><D110/><U59/><REACH who="1" step="1"/><E93/><REACH who="1" ten="171,409,210,200" step="2"/><V99/><F35/><W50/><G105/><T114/><D114/><U33/><E33/><V94/><F36/><W104/><G104/><T64/><D1/><U29/><E29/><V67/><F31/><W83/><G123/><T24/><D3/><U91/><AGARI ba="1,1" hai="16,22,26,48,55,58,59,62,65,80,85,91,124,126" machi="91" ten="30,11700,0" yaku="1,1,0,1,54,1,53,1" doraHai="131" doraHaiUra="82" who="1" fromWho="1" sc="171,-40,409,130,210,-40,200,-40" /><INIT seed="1,2,0,3,3,90" ten="131,539,170,160" oya="1" hai0="36,39,26,15,8,7,66,96,116,2,49,77,129" hai1="76,88,20,24,111,27,121,86,78,123,14,105,87" hai2="51,67,110,99,109,119,101,62,108,83,65,1,12" hai3="112,72,52,59,75,103,29,61,5,81,73,107,69"/><U82/><E105/><V56/><F119/><W126/><G112/><T94/><D116/><U85/><E111/><V130/><F1/><W3/><G126/><T55/><D129/><U115/><E115/><V9/><F130/><W25/><G69/><T132/><D132/><U22/><E14/><V60/><F51/><W118/><G118/><T57/><D77/><N who="1" m="29803" /><E123/><V30/><F30/><W41/><G81/><T53/><D66/><U79/><E121/><V28/><F28/><W113/><G41/><T84/><D84/><N who="1" m="32363" /><E79/><V125/><F83/><W21/><G113/><T37/><D26/><AGARI ba="2,0" hai="20,22,24,26,27,82,87,88" m="32363,29803" machi="26" ten="30,2900,0" yaku="8,1,54,1" doraHai="90" who="1" fromWho="0" sc="131,-35,539,35,170,0,160,0" /><INIT seed="1,3,0,3,3,81" ten="96,574,170,160" oya="1" hai0="52,133,71,126,113,47,82,119,69,44,95,5,36" hai1="22,55,73,88,76,46,54,42,26,15,134,29,11" hai2="45,97,101,13,41,118,131,37,35,6,2,87,49" hai3="56,34,24,16,102,74,120,8,115,122,129,64,28"/><U132/><E73/><V112/><F118/><W107/><G74/><T106/><D106/><U93/><E76/><V23/><F131/><W98/><G115/><T84/><D119/><U67/><E67/><V77/><F35/><W3/><G129/><T96/><D113/><U39/><E134/><V60/><F112/><W21/><G56/><T89/><D133/><U51/><E39/><V32/><F32/><W135/><G64/><T124/><D5/><N who="1" m="3567" /><E132/><V20/><F2/><W12/><G135/><T19/><D19/><U7/><E7/><AGARI ba="3,0" hai="3,7,8,12,16,21,24,28,34,98,102,107,120,122" machi="7" ten="40,5200,0" yaku="24,2,54,1" doraHai="81" who="3" fromWho="1" sc="96,0,574,-61,170,0,160,61" /><INIT seed="2,0,0,4,3,16" ten="96,513,170,221" oya="2" hai0="21,77,63,71,43,29,81,10,78,130,23,103,40" hai1="115,73,22,102,35,117,2,128,13,32,96,53,116" hai2="99,84,126,108,123,0,25,37,1,4,48,107,86" hai3="41,113,65,42,11,44,69,31,62,8,134,19,5"/><V94/><F123/><W64/><G134/><T46/><D130/><U36/><E73/><V9/><F37/><W109/><G109/><T50/><D43/><U74/><E74/><V111/><F126/><W118/><G118/><T26/><D103/><U79/><E79/><V57/><F107/><W95/><G31/><T3/><D71/><U125/><E36/><V132/><F132/><W100/><G65/><T72/><D77/><U33/><E2/><V17/><F0/><W75/><G75/><T30/><D63/><U106/><E115/><V119/><F48/><W87/><G11/><T127/><D127/><U85/><E85/><V88/><F57/><W92/><G19/><T105/><D105/><U49/><E125/><V20/><REACH who="2" step="1"/><F119/><REACH who="2" ten="96,513,160,221" step="2"/><W76/><G113/><T114/><D114/><U98/><E117/><V135/><F135/><W82/><G44/><T55/><D3/><U133/><E116/><V52/><F52/><W89/><G42/><T15/><D55/><U90/><E133/><V91/><F91/><W59/><G41/><T66/><D66/><U14/><E53/><V28/><F28/><W34/><G59/><T122/><D122/><U56/><E49/><V68/><F68/><W38/><G38/><T101/><D101/><U110/><E56/><V129/><F129/><W51/><G51/><T7/><REACH who="0" step="1"/><D29/><REACH who="0" ten="86,513,160,221" step="2"/><U120/><E128/><V54/><F54/><W27/><G100/><T80/><D80/><U70/><E106/><V45/><F45/><W6/><G82/><T93/><D93/><U58/><E70/><V39/><F39/><W12/><G69/><RYUUKYOKU ba="0,2" sc="86,15,513,-15,160,15,221,-15" hai0="7,10,15,21,23,26,30,40,46,50,72,78,81" hai2="1,4,9,17,20,25,84,86,88,94,99,108,111" /><INIT seed="2,1,2,2,1,83" ten="101,498,175,206" oya="2" hai0="90,101,0,27,13,82,125,36,37,65,91,43,52" hai1="134,32,59,105,7,26,56,4,54,9,80,128,53" hai2="115,6,116,25,79,68,77,100,123,61,28,99,76" hai3="73,22,11,50,132,45,110,62,114,5,55,113,46"/><V106/><F116/><W119/><G110/><T133/><D0/><U42/><E105/><V75/><F123/><W102/><G132/><T104/><D133/><U70/><E70/><V120/><F120/><W118/><G73/><T129/><D129/><U88/><E128/><V17/><F115/><N who="3" m="44043" /><G102/><T74/><D125/><U107/><E107/><V78/><F6/><W64/><G22/><T122/><D122/><U92/><E80/><V111/><F111/><W66/><G46/><T44/><D36/><U23/><E42/><V8/><F75/><W112/><N who="3" m="44051" /><W81/><DORA hai="126" /><G81/><T86/><D65/><N who="3" m="25193" /><G62/><T51/><D74/><U47/><E47/><V24/><F68/><W33/><G33/><T63/><D63/><N who="1" m="36239" /><E32/><V18/><F61/><W35/><G35/><T48/><D37/><U58/><E9/><V135/><F135/><W69/><G69/><T131/><D131/><U96/><E134/><V108/><F108/><W57/><G57/><N who="1" m="21514" /><E54/><V14/><N who="2" m="19456" /><DORA hai="95" /><V89/><F89/><W3/><AGARI ba="1,2" hai="3,5,11,45,50,55,118,119" m="25193,44051" machi="3" ten="40,1500,0" yaku="11,1" doraHai="83,126,95" who="3" fromWho="3" sc="101,-5,498,-5,175,-8,206,38" /><INIT seed="3,0,0,1,1,15" ten="96,493,167,244" oya="3" hai0="44,126,59,119,104,48,109,23,57,14,84,8,85" hai1="3,25,36,108,64,96,81,76,63,103,88,110,135" hai2="11,73,94,35,112,90,91,133,58,51,80,78,17" hai3="83,20,89,121,43,71,106,93,122,77,45,12,115"/><W92/><G71/><T41/><D109/><U53/><E36/><V128/><F112/><W31/><G106/><T70/><D119/><U30/><E3/><V113/><F113/><W120/><G115/><T32/><D32/><U79/><E53/><N who="2" m="32063" /><F73/><W46/><G89/><N who="2" m="33801" /><F35/><W107/><G107/><T125/><D104/><N who="1" m="63591" /><E135/><V37/><F128/><W124/><G124/><T18/><D70/><N who="1" m="42271" /><E88/><V6/><F133/><W75/><G31/><T10/><D125/><U87/><E79/><V98/><F37/><W5/><G5/><T9/><REACH who="0" step="1"/><D126/><REACH who="0" ten="86,493,167,244" step="2"/><U24/><E24/><V40/><F6/><W0/><G122/><T74/><D74/><U130/><E130/><V50/><F78/><W19/><G121/><T105/><D105/><U34/><AGARI ba="0,1" hai="25,30,34,76,81,87,108,110" m="42271,63591" machi="34" ten="30,1100,0" yaku="25,1" doraHai="15" who="1" fromWho="1" sc="86,-3,493,21,167,-3,244,-5" owari="83,-41.7,514,61.4,164,-23.6,239,3.9" /></mjloggm>