<mjloggm ver="2.3"><GO type="225" lobby="0"/><UN n0="%72%69%6F%75%63%68%61%6E" n1="%E3%81%82%E3%82%93%E3%81%AA%E3%81%A4" n2="%E4%BF%BA%E3%81%A8%E5%A6%96%E5%A4%A2" n3="%E7%9A%AE%E3%80%85" dan="16,17,16,16" rate="2202.95,2178.67,2140.64,2083.52" sx="M,M,F,M"/><TAIKYOKU oya="0"/><INIT seed="0,0,0,3,0,87" ten="250,250,250,250" oya="0" hai0="63,118,74,15,26,6,80,59,4,60,28,42,96" hai1="12,119,67,11,71,32,77,101,41,70,88,33,35" hai2="48,5,47,53,64,79,29,81,135,111,89,117,8" hai3="124,84,91,24,7,17,43,30,13,49,38,69,22"/><T19/><D118/><U110/><E119/><V37/><F111/><W116/><G116/><T56/><D42/><U99/><E110/><V57/><F135/><W131/><G69/><T125/><D125/><U97/><E77/><V121/><F121/><W83/><G124/><T23/><D96/><U103/><E41/><V130/><F130/><W39/><G7/><T55/><D80/><U93/><E67/><V127/><F127/><W52/><G43/><T82/><D82/><U128/><E128/><V109/><F109/><W68/><G68/><T132/><D74/><U134/><E134/><V44/><F37/><W123/><G123/><T9/><REACH who="0" step="1"/><D132/><REACH who="0" ten="240,250,250,250" step="2"/><U100/><REACH who="1" step="1"/><E97/><REACH who="1" ten="240,240,250,250" step="2"/><V1/><F117/><W3/><G131/><T86/><D86/><U76/><E76/><V21/><F79/><W107/><G107/><T115/><D115/><U62/><E62/><V58/><F48/><W20/><REACH who="3" step="1"/><G3/><REACH who="3" ten="240,240,250,240" step="2"/><T27/><D27/><U75/><E75/><V122/><F1/><W31/><G31/><T66/><AGARI ba="0,3" hai="4,6,9,15,19,23,26,28,55,56,59,60,63,66" machi="66" ten="20,7800,0" yaku="1,1,0,1,7,1,8,1,53,0" doraHai="87" doraHaiUra="112" who="0" fromWho="0" sc="240,108,240,-26,250,-26,240,-26" /><INIT seed="0,1,0,5,5,107" ten="348,214,224,214" oya="0" hai0="6,26,128,130,41,129,48,133,46,79,10,132,117" hai1="63,72,120,19,68,1,77,78,8,40,29,60,105" hai2="13,3,118,51,98,70,102,42,12,115,53,15,47" hai3="122,28,121,54,116,45,96,90,0,94,80,134,123"/><T36/><D117/><U81/><E120/><V100/><F115/><W111/><G116/><T85/><D36/><U99/><E68/><V75/><F118/><W37/><G0/><T44/><D46/><U67/><E29/><V34/><F3/><W11/><G111/><T31/><D79/><U64/><E78/><V131/><F34/><W69/><G69/><T7/><D85/><U127/><E127/><V21/><F70/><W23/><G134/><N who="0" m="51819" /><D10/><U50/><E99/><V58/><F131/><N who="0" m="33538" /><T119/><DORA hai="17" /><D119/><U65/><E105/><V83/><F83/><W9/><G80/><T16/><D16/><U57/><E19/><V62/><F75/><W22/><G28/><T86/><D86/><U103/><E57/><V108/><F108/><W112/><G112/><T104/><D104/><U49/><E40/><V59/><F58/><W24/><G24/><T87/><D87/><U25/><E25/><V32/><F98/><W56/><G45/><T89/><D89/><U35/><E103/><N who="2" m="39467" /><F32/><AGARI ba="1,0" hai="6,7,26,31,32,41,44,48" m="33538,51819" machi="32" ten="40,3900,0" yaku="20,1,19,1" doraHai="107,17" who="0" fromWho="2" sc="348,42,214,0,224,-42,214,0" /><INIT seed="0,2,0,1,5,83" ten="390,214,182,214" oya="0" hai0="84,93,81,108,119,2,88,76,111,67,43,50,97" hai1="113,85,8,103,52,110,72,77,36,134,3,101,135" hai2="128,80,120,115,96,4,70,42,95,102,24,21,38" hai3="48,124,44,65,133,29,121,90,45,98,60,26,63"/><T64/><D2/><U66/><E36/><V0/><F120/><W9/><G133/><N who="1" m="50698" /><E110/><N who="0" m="42025" /><D119/><U58/><E66/><N who="0" m="25129" /><D50/><N who="1" m="30999" /><E72/><V131/><F115/><W122/><G124/><T125/><D43/><U71/><E71/><V15/><F70/><W82/><G65/><T7/><D7/><N who="1" m="1151" /><E113/><V23/><F0/><W99/><G121/><T78/><D125/><U114/><E114/><V109/><F109/><W20/><G122/><T28/><D28/><U51/><E51/><V117/><F117/><W37/><G48/><T49/><D49/><U12/><E12/><V40/><F38/><W47/><G37/><T73/><D73/><U127/><E127/><V35/><F42/><W61/><REACH who="3" step="1"/><G9/><REACH who="3" ten="390,214,182,204" step="2"/><T69/><D69/><U33/><E33/><V16/><F35/><W62/><N who="3" m="15360" /><DORA hai="54" /><W46/><N who="3" m="11264" /><DORA hai="106" /><W14/><G14/><T57/><D57/><U79/><E79/><AGARI ba="2,1" hai="76,78,79,81,84,88,93,97" m="25129,42025" machi="79" ten="30,11600,0" yaku="14,1,10,1,52,1,54,1" doraHai="83,54,106" who="0" fromWho="1" sc="390,132,214,-122,182,0,204,0" /><INIT seed="0,3,0,5,5,6" ten="522,92,182,204" oya="0" hai0="21,17,54,55,119,3,45,16,97,129,93,47,42" hai1="85,14,32,18,127,56,39,58,96,13,30,109,76" hai2="72,64,123,103,10,115,132,101,68,74,65,104,69" hai3="124,53,106,44,26,41,92,1,20,27,34,2,35"/><T102/><D129/><U87/><E39/><V19/><F123/><W84/><G106/><T71/><D119/><U83/><E109/><V59/><F104/><W33/><G124/><T40/><D71/><U99/><E127/><V131/><F131/><W107/><G107/><T108/><D3/><U8/><E32/><V48/><F48/><W117/><G117/><T52/><D108/><U51/><E30/><V111/><F111/><W125/><G125/><T46/><D17/><U66/><E85/><V90/><F19/><W4/><G53/><T67/><D67/><U120/><E120/><V49/><F49/><W70/><G70/><T50/><D50/><U88/><E76/><V28/><F28/><W112/><G112/><T22/><D22/><U23/><E51/><V95/><F95/><W78/><G4/><T9/><D9/><U31/><E31/><V91/><F59/><N who="1" m="22569" /><E66/><V98/><F98/><W77/><G27/><AGARI ba="3,0" hai="16,21,27,40,42,45,46,47,52,54,55,93,97,102" machi="27" ten="40,7700,0" yaku="8,1,54,2" doraHai="6" who="0" fromWho="3" sc="522,86,92,0,182,0,204,-86" /><INIT seed="0,4,0,5,3,76" ten="608,92,182,118" oya="0" hai0="69,104,129,112,60,102,48,40,126,132,16,77,0" hai1="117,33,131,84,75,82,103,110,30,71,100,21,56" hai2="81,124,93,99,6,62,130,35,43,19,128,135,37" hai3="78,49,18,98,123,22,107,3,38,114,120,55,31"/><T13/><D112/><U96/><E71/><V34/><F135/><W87/><G114/><T101/><D132/><U133/><E117/><V4/><F124/><W74/><G38/><T113/><D113/><U25/><E133/><V94/><F19/><W9/><G74/><T10/><D126/><U28/><E110/><V111/><F111/><W11/><G31/><T70/><D129/><N who="2" m="49770" /><F62/><W63/><G63/><T7/><D77/><N who="1" m="46159" /><E75/><V29/><F81/><N who="3" m="47543" /><G98/><T45/><D104/><U127/><E33/><N who="2" m="12299" /><F29/><N who="1" m="11369" /><E131/><V67/><F67/><W125/><G107/><T53/><D69/><U51/><E96/><V85/><F85/><W109/><G3/><T64/><REACH who="0" step="1"/><D40/><REACH who="0" ten="598,92,182,118" step="2"/><U46/><E127/><V59/><F43/><W47/><G125/><T105/><D105/><U15/><E100/><V2/><F2/><W23/><G109/><T50/><D50/><U32/><E103/><V90/><F37/><W61/><G61/><T20/><AGARI ba="4,1" hai="0,7,10,13,16,20,45,48,53,60,64,70,101,102" machi="20" ten="20,12000,1" yaku="1,1,0,1,7,1,54,1,53,1" doraHai="76" doraHaiUra="12" who="0" fromWho="0" sc="598,142,92,-44,182,-44,118,-44" /><INIT seed="0,5,0,2,0,91" ten="740,48,138,74" oya="0" hai0="9,5,67,65,19,68,32,87,60,1,121,114,20" hai1="117,16,66,123,107,15,133,34,75,135,43,39,73" hai2="85,92,30,55,36,99,89,42,72,62,132,120,71" hai3="116,11,102,10,74,103,112,64,29,113,31,76,82"/><T130/><D114/><U134/><E117/><V108/><F120/><W27/><G116/><T50/><D121/><U90/><E123/><V124/><F72/><W101/><G64/><T17/><D130/><U119/><E119/><V49/><F108/><W84/><G74/><T47/><D32/><U81/><E107/><V57/><F132/><W8/><REACH who="3" step="1"/><G27/><REACH who="3" ten="740,48,138,64" step="2"/><T93/><D65/><U106/><E66/><N who="2" m="41431" /><F124/><W54/><G54/><T70/><D70/><U35/><E75/><V0/><F0/><W56/><G56/><T26/><D87/><N who="1" m="50543" /><E73/><V38/><F85/><W127/><G127/><T126/><D126/><U115/><E115/><AGARI ba="5,1" hai="8,10,11,29,31,76,82,84,101,102,103,112,113,115" machi="115" ten="50,3200,0" yaku="1,1,53,1" doraHai="91" doraHaiUra="78" who="3" fromWho="1" sc="740,0,48,-47,138,0,64,57" /><INIT seed="1,0,0,0,5,28" ten="740,1,138,121" oya="1" hai0="110,127,82,135,94,52,19,95,9,80,50,18,122" hai1="55,4,85,115,1,6,126,12,116,44,40,78,131" hai2="109,65,34,86,102,41,98,33,21,113,114,0,42" hai3="119,58,48,23,79,99,36,16,96,54,108,97,83"/><U123/><E115/><N who="2" m="44043" /><F0/><W88/><G108/><T62/><D110/><U129/><E116/><V11/><F109/><W10/><G36/><T47/><D127/><U32/><E123/><V2/><F65/><W38/><G38/><T130/><D130/><N who="1" m="49675" /><E1/><V120/><F120/><W66/><G66/><T20/><D135/><U25/><E126/><V103/><F21/><W63/><G119/><T35/><D35/><N who="2" m="13322" /><F86/><N who="3" m="48511" /><G10/><T91/><D122/><U31/><E55/><V101/><F98/><W74/><G74/><T37/><D37/><N who="1" m="21519" /><E12/><V5/><AGARI ba="0,0" hai="2,5,11,41,42,101,102,103" m="13322,44043" machi="5" ten="40,8000,1" yaku="11,1,52,3" doraHai="28" who="2" fromWho="2" sc="740,-20,1,-40,138,80,121,-20" owari="720,82.0,-39,-53.9,218,1.8,101,-29.9" /></mjloggm>