<mjloggm ver="2.3"><GO type="225" lobby="0"/><UN n0="%72%69%6F%75%63%68%61%6E" n1="%E6%98%93%E5%88%A9%E8%96%A9%E4%BC%AF" n2="%4C%4F%4C%49%54%41" n3="%E3%82%B7%E3%83%B3%E5%A4%AA%E6%9C%97" dan="17,16,16,16" rate="2147.40,2052.02,2175.41,2191.77" sx="M,F,F,M"/><TAIKYOKU oya="0"/><INIT seed="0,0,0,3,4,94" ten="250,250,250,250" oya="0" hai0="62,57,122,9,25,134,87,131,111,75,67,80,71" hai1="33,99,55,92,0,6,78,117,86,21,16,49,47" hai2="66,110,113,98,17,60,115,38,48,20,39,127,68" hai3="108,118,35,30,64,7,132,84,36,56,123,51,23"/><T126/><D126/><U70/><E33/><V129/><F127/><W1/><G118/><T2/><D131/><U128/><E117/><V119/><F119/><W10/><G36/><T83/><D134/><U3/><E70/><V72/><F72/><W44/><G108/><T101/><D122/><U58/><E128/><V54/><F129/><W88/><G132/><T42/><D111/><U114/><E114/><V22/><F110/><W8/><G35/><T40/><D101/><U46/><E3/><V63/><F20/><W13/><G123/><T85/><D75/><U81/><E6/><V19/><F19/><W124/><G124/><T4/><D71/><U130/><E0/><V18/><F18/><W105/><G105/><T103/><D103/><N who="1" m="60903" /><E130/><V135/><F135/><W5/><G64/><T102/><D102/><U26/><AGARI ba="0,0" hai="16,21,26,46,47,49,55,58,78,81,86" m="60903" machi="26" ten="30,4000,0" yaku="8,1,52,1,54,1" doraHai="94" who="1" fromWho="1" sc="250,-20,250,40,250,-10,250,-10" /><INIT seed="1,0,0,5,1,76" ten="230,290,240,240" oya="1" hai0="67,87,100,112,53,133,2,83,55,3,63,35,62" hai1="117,90,122,135,38,93,18,7,28,82,1,120,30" hai2="36,116,5,43,99,40,124,86,127,45,132,41,72" hai3="74,52,10,81,104,59,24,94,13,113,42,128,131"/><U118/><E38/><V33/><F72/><W25/><G104/><T88/><D112/><U119/><E135/><V0/><F116/><W39/><G113/><T108/><D133/><U37/><E37/><V110/><F132/><W130/><G94/><T129/><D35/><U125/><E125/><N who="2" m="48203" /><F33/><W54/><G42/><T23/><D108/><U21/><E82/><V106/><F110/><W103/><G103/><T70/><D129/><U48/><E48/><V17/><F17/><N who="3" m="8375" /><G39/><T60/><D100/><U14/><E90/><V92/><F106/><W51/><G54/><T4/><D23/><U96/><E93/><V98/><F86/><W65/><G65/><T26/><D26/><U107/><E96/><N who="2" m="36907" /><F92/><W64/><G64/><T85/><D4/><U68/><E68/><V12/><F0/><W102/><G102/><T121/><D121/><N who="1" m="46699" /><E107/><V29/><F29/><W44/><G44/><T9/><D70/><U75/><E75/><V57/><F57/><W58/><G59/><T50/><D67/><U109/><E109/><V49/><F36/><W123/><G123/><T84/><D9/><AGARI ba="0,0" hai="1,7,9,14,18,21,28,30,117,118,119" m="46699" machi="9" ten="40,3900,0" yaku="34,2" doraHai="76" who="1" fromWho="0" sc="230,-39,290,39,240,0,240,0" /><AGARI ba="0,0" hai="5,9,12,40,41,43,45,49" m="36907,48203" machi="9" ten="30,1000,0" yaku="18,1" doraHai="76" who="2" fromWho="0" sc="191,-10,329,0,240,10,240,0" /><INIT seed="1,1,0,0,3,123" ten="181,329,250,240" oya="1" hai0="10,90,122,121,38,50,15,92,25,28,67,112,40" hai1="43,114,76,23,54,101,97,110,42,44,98,127,84" hai2="4,12,94,6,63,19,39,35,36,61,11,56,29" hai3="62,14,20,7,105,24,120,58,57,116,85,68,55"/><U47/><E114/><V77/><F77/><W59/><G105/><T30/><D112/><U31/><E127/><V108/><F35/><W2/><G116/><T27/><D38/><U22/><E54/><V78/><F29/><N who="0" m="11370" /><D67/><U18/><E31/><V65/><F78/><W3/><G120/><N who="0" m="46187" /><D50/><U89/><E76/><V82/><F82/><W9/><G85/><N who="0" m="52303" /><D40/><U46/><E23/><V107/><F107/><W113/><G113/><T66/><D66/><U134/><E98/><V88/><F108/><W21/><G21/><T96/><D96/><U87/><E110/><V34/><F34/><W74/><G74/><T104/><D104/><U124/><E124/><V26/><F61/><W129/><G68/><T52/><D52/><U133/><E87/><N who="2" m="52511" /><F36/><W16/><G129/><T8/><D8/><U1/><E97/><V69/><F39/><W132/><G132/><N who="1" m="50794" /><E1/><V118/><F118/><W130/><G130/><T71/><D71/><U81/><E101/><V117/><F117/><W5/><G2/><T91/><D91/><U37/><E37/><V119/><F69/><W95/><G3/><T131/><D131/><U51/><E43/><V72/><F119/><W13/><G95/><T48/><D48/><U70/><E70/><V80/><F72/><W86/><G86/><T109/><D109/><U75/><E75/><V49/><F49/><W99/><G99/><T100/><D100/><U41/><E41/><V53/><F53/><W79/><G79/><T125/><D125/><U93/><E81/><V103/><F80/><W126/><G126/><T102/><D102/><U17/><E22/><RYUUKYOKU ba="1,0" sc="181,10,329,10,250,-30,240,10" hai0="10,15,25,27" hai1="17,18,42,44,46,47,51,84,89,93" hai3="5,7,9,13,14,16,20,24,55,57,58,59,62" /><INIT seed="1,2,0,4,2,117" ten="191,339,220,250" oya="1" hai0="72,131,63,49,31,64,23,21,119,105,33,104,94" hai1="22,81,20,57,118,79,60,68,75,77,19,108,133" hai2="126,14,7,101,76,97,10,34,90,6,9,4,15" hai3="44,88,85,84,40,128,46,26,13,51,27,121,36"/><U96/><E118/><V18/><F34/><W107/><G107/><T65/><D131/><U69/><E133/><V109/><F109/><W12/><G128/><T62/><D119/><U89/><E108/><V16/><F126/><W42/><G121/><T120/><D72/><U58/><E58/><V124/><F124/><W83/><G12/><T130/><D130/><U113/><E79/><V80/><F90/><W122/><G122/><T24/><D94/><U55/><E22/><V129/><F129/><W73/><G73/><T106/><D120/><U95/><REACH who="1" step="1"/><E113/><REACH who="1" ten="191,329,220,250" step="2"/><V102/><REACH who="2" step="1"/><F97/><REACH who="2" ten="191,329,210,250" step="2"/><W17/><G85/><AGARI ba="2,2" hai="4,6,7,9,10,14,15,16,18,76,80,85,101,102" machi="85" ten="40,8000,1" yaku="1,1,2,1,9,1,8,1,54,1,53,0" doraHai="117" doraHaiUra="32" who="2" fromWho="3" sc="191,0,329,0,210,106,250,-86" /><INIT seed="2,0,0,2,4,61" ten="191,329,316,164" oya="2" hai0="19,11,4,74,60,78,91,71,81,37,127,79,90" hai1="51,95,21,86,52,0,68,27,40,41,17,129,31" hai2="135,133,88,42,16,131,1,59,128,43,98,116,7" hai3="94,25,106,47,56,22,85,69,132,65,32,120,107"/><V93/><F116/><W46/><G120/><T97/><D127/><U13/><E0/><V58/><F7/><W29/><G132/><N who="2" m="50761" /><F1/><W118/><G118/><T100/><D37/><U73/><E68/><V92/><F92/><W111/><G111/><T67/><D78/><U5/><E73/><V70/><F70/><W55/><G107/><T63/><D60/><U18/><E5/><V77/><F77/><W121/><G106/><T44/><D44/><U105/><E18/><V39/><F39/><W15/><G121/><T75/><D74/><U117/><E129/><N who="2" m="49739" /><F16/><W28/><G94/><T20/><D11/><U84/><E105/><V53/><F58/><W113/><G85/><T115/><D4/><U30/><E117/><V103/><F103/><W6/><G6/><T49/><D49/><AGARI ba="0,0" hai="42,43,49,53,59,88,93,98" m="49739,50761" machi="49" ten="30,5800,0" yaku="20,1,19,1,54,1" doraHai="61" who="2" fromWho="0" sc="191,-58,329,0,316,58,164,0" /><INIT seed="2,1,0,0,1,93" ten="133,329,374,164" oya="2" hai0="12,67,110,111,18,4,99,8,126,74,48,13,0" hai1="63,125,135,14,22,31,34,100,25,62,75,122,45" hai2="129,113,116,51,133,94,78,37,44,77,73,114,127" hai3="131,108,134,60,83,29,32,96,81,35,69,16,90"/><V17/><F37/><W52/><G108/><N who="0" m="41515" /><D74/><U23/><E75/><V30/><F116/><W65/><G131/><T121/><D121/><U85/><E135/><V43/><F30/><W70/><G134/><T123/><D123/><U57/><E125/><V38/><F133/><W132/><G132/><T82/><D126/><U101/><E63/><V49/><F127/><W112/><G112/><T11/><D67/><U105/><E85/><V26/><F129/><W41/><G70/><T120/><D120/><U97/><E122/><V21/><F49/><W20/><G41/><T86/><D48/><U6/><E100/><V15/><F38/><W87/><G81/><T72/><D72/><U119/><E45/><V84/><F73/><W2/><G2/><T59/><D59/><U124/><E119/><V40/><F40/><W91/><G29/><T107/><D0/><U79/><E79/><N who="2" m="30219" /><F114/><W68/><G68/><T47/><D47/><U88/><E88/><N who="2" m="53511" /><F113/><W128/><G128/><T56/><D56/><U118/><E118/><V102/><F102/><W5/><G69/><T55/><D107/><U61/><E61/><V76/><F76/><W19/><G60/><T64/><D86/><U39/><E39/><V95/><F51/><W89/><G87/><T103/><D82/><U50/><E50/><V24/><F24/><N who="3" m="14343" /><G83/><T53/><D64/><N who="1" m="38991" /><E124/><V115/><F115/><W92/><G65/><T109/><N who="0" m="41523" /><T3/><DORA hai="98" /><D3/><U33/><E33/><V1/><F1/><W80/><G35/><T117/><D117/><U106/><E106/><V71/><F71/><W42/><G32/><RYUUKYOKU ba="1,0" sc="133,15,329,15,374,-15,164,-15" hai0="4,8,11,12,13,18,53,55,99,103" hai1="6,14,22,23,25,31,34,97,101,105" /><INIT seed="3,2,0,5,0,34" ten="148,344,359,149" oya="3" hai0="42,115,104,16,120,109,31,72,125,67,105,47,117" hai1="56,113,98,71,81,116,11,84,96,18,63,37,6" hai2="51,3,27,54,14,122,118,74,103,90,32,76,68" hai3="55,2,7,53,20,19,52,40,70,35,49,127,87"/><W131/><G70/><T28/><D117/><U130/><E113/><V69/><F3/><W22/><G35/><T15/><D120/><U30/><E37/><V50/><F118/><W134/><G134/><T1/><D1/><U0/><E116/><V101/><F122/><W95/><G127/><T23/><D72/><U39/><E39/><V61/><F76/><W13/><G131/><T112/><D125/><U93/><E71/><V111/><F74/><W79/><G2/><T5/><D5/><U60/><E30/><N who="0" m="11305" /><D67/><U88/><E130/><V124/><F111/><W121/><G121/><T123/><D109/><U110/><E110/><V9/><F32/><W62/><G7/><T41/><D123/><U89/><E18/><V65/><F68/><W57/><G22/><T100/><D100/><U48/><REACH who="1" step="1"/><E98/><REACH who="1" ten="148,334,359,149" step="2"/><V64/><F124/><W10/><G10/><T129/><D129/><U44/><E44/><V92/><F69/><W82/><G95/><T66/><D66/><U77/><E77/><V86/><F65/><W94/><G94/><T97/><D97/><U133/><E133/><V75/><F64/><W126/><G126/><T85/><D47/><AGARI ba="2,1" hai="13,19,20,40,47,49,52,53,55,57,62,79,82,87" machi="47" ten="40,3900,0" yaku="8,1,54,1" doraHai="34" who="3" fromWho="0" sc="148,-45,334,0,359,0,149,55" /><INIT seed="3,3,0,1,1,100" ten="103,334,359,204" oya="3" hai0="28,13,44,8,26,0,77,104,88,132,27,48,85" hai1="116,64,63,71,32,70,33,54,73,109,97,94,115" hai2="43,103,15,4,90,75,131,62,122,29,98,36,1" hai3="96,65,86,66,45,126,46,105,118,16,3,34,9"/><W93/><G118/><T112/><D132/><U125/><E115/><V50/><F75/><W83/><G126/><T114/><D0/><U24/><E116/><V14/><F36/><W47/><G34/><T7/><D104/><U91/><E109/><V84/><F131/><W51/><G51/><T81/><D26/><U59/><E73/><V79/><F79/><W78/><G105/><T18/><D18/><U56/><E125/><V130/><F130/><W11/><G3/><T133/><D133/><U55/><E64/><V76/><F76/><W40/><G40/><T68/><D68/><U58/><E58/><V74/><F74/><W128/><G128/><T129/><D129/><U108/><E108/><V121/><F29/><W6/><G6/><T135/><D135/><U57/><E57/><V5/><F62/><W60/><G60/><T102/><D102/><U20/><E33/><V134/><F134/><W49/><G49/><T106/><D106/><U25/><E25/><V35/><F35/><W2/><G2/><T87/><D27/><U124/><E32/><V123/><F98/><W120/><G120/><T38/><D38/><U12/><E12/><N who="2" m="4651" /><F103/><W23/><G9/><T30/><D114/><U89/><E89/><V52/><F43/><W110/><G11/><T69/><D69/><U101/><E101/><V21/><F21/><W37/><G37/><T99/><D99/><U19/><E124/><V72/><F1/><W111/><G110/><T61/><D112/><U67/><E67/><V95/><F72/><W31/><G66/><T92/><D61/><AGARI ba="3,0" hai="19,20,24,54,55,56,59,61,63,70,71,91,94,97" machi="61" ten="30,7700,0" yaku="7,1,9,1,25,2" doraHai="100" who="1" fromWho="0" sc="103,-86,334,86,359,0,204,0" owari="17,-48.3,420,52.0,359,15.9,204,-19.6" /></mjloggm>