<mjloggm ver="2.3"><GO type="225" lobby="0"/><UN n0="%E3%81%95%E3%81%8D%E3%81%9F%E3%81%BE%E6%9E%97%E6%AA%8E" n1="%72%69%6F%75%63%68%61%6E" n2="%E3%81%BF%E3%81%BF%E3%81%9A" n3="%E3%82%A2%E3%83%A1%E3%82%A2%E3%83%A9%E3%83%AC" dan="16,16,18,16" rate="2058.17,2185.60,2254.42,2144.65" sx="M,M,M,M"/><TAIKYOKU oya="0"/><INIT seed="0,0,0,1,0,3" ten="250,250,250,250" oya="0" hai0="129,82,84,65,108,70,22,28,131,115,83,6,11" hai1="122,20,130,89,66,51,101,93,113,103,55,64,107" hai2="61,45,37,42,39,74,106,48,7,59,85,16,40" hai3="41,46,90,34,98,52,1,111,99,125,95,44,109"/><T91/><D115/><U43/><E122/><V128/><F74/><W124/><G34/><T117/><D117/><U50/><E113/><V120/><F106/><W88/><G1/><T78/><D108/><N who="3" m="41545" /><G52/><T121/><D121/><U72/><E130/><N who="0" m="49673" /><D70/><U133/><E133/><V76/><F128/><W2/><G2/><N who="0" m="471" /><D65/><N who="1" m="25195" /><E72/><V15/><F120/><W0/><G0/><T10/><D10/><U134/><E107/><V33/><F33/><W69/><G69/><T135/><D135/><U97/><E134/><V26/><F39/><N who="3" m="21567" /><G46/><T86/><D22/><U27/><E43/><V62/><F37/><W79/><G79/><N who="0" m="46175" /><D28/><N who="1" m="17511" /><E50/><V63/><F40/><W18/><G18/><T8/><D8/><U14/><E14/><V32/><F32/><W30/><G30/><T58/><D58/><AGARI ba="0,0" hai="51,55,58,89,93,97,101,103" m="17511,25195" machi="58" ten="30,1000,0" yaku="8,1" doraHai="3" who="1" fromWho="0" sc="250,-10,250,10,250,0,250,0" /><INIT seed="1,0,0,3,3,82" ten="240,260,250,250" oya="1" hai0="85,93,9,89,48,12,66,67,114,97,23,46,117" hai1="74,31,61,105,127,98,133,50,7,0,34,73,15" hai2="5,122,18,26,125,132,106,24,42,69,101,80,78" hai3="63,27,3,21,83,134,109,64,72,115,17,113,32"/><U118/><E118/><V54/><F122/><W19/><G109/><T29/><D114/><U123/><E123/><V77/><F5/><W99/><G134/><T76/><D117/><U37/><E133/><V22/><F42/><W49/><G3/><T56/><D56/><U135/><E135/><V107/><F69/><W52/><G32/><T47/><D47/><U59/><E127/><V6/><F132/><W110/><G110/><T121/><D121/><U16/><E37/><V71/><F71/><W120/><G120/><T45/><D45/><U4/><E50/><V65/><F65/><W103/><G17/><T60/><D60/><U84/><E105/><V87/><F125/><W8/><G8/><T90/><D76/><U112/><E98/><V130/><F6/><W1/><G1/><T35/><D35/><U129/><E112/><V91/><F130/><W131/><G131/><T70/><D70/><U116/><E116/><V100/><F107/><W33/><G33/><T95/><D23/><N who="1" m="11679" /><E129/><V13/><F106/><W36/><G36/><T58/><D29/><U128/><E7/><V20/><F13/><W55/><G113/><T14/><D58/><U53/><E84/><N who="2" m="48143" /><F54/><W2/><G55/><N who="0" m="30103" /><D14/><U25/><E128/><V10/><F78/><N who="3" m="44487" /><G115/><T108/><D108/><U88/><E88/><V30/><F10/><AGARI ba="0,0" hai="0,4,10,25,31,34,53,59,61,73,74" m="11679" machi="10" ten="30,2900,0" yaku="24,1,54,1" doraHai="82" who="1" fromWho="2" sc="240,0,260,29,250,-29,250,0" /><INIT seed="1,1,0,4,1,74" ten="240,289,221,250" oya="1" hai0="58,43,15,112,8,55,64,105,123,28,121,29,7" hai1="110,20,24,18,45,48,85,38,3,98,6,32,120" hai2="67,60,117,109,10,21,50,134,36,19,17,119,88" hai3="116,92,132,66,93,23,47,33,84,126,82,44,101"/><U57/><E120/><N who="0" m="46153" /><D112/><U68/><E68/><V16/><F36/><W96/><G33/><T87/><D105/><U42/><E110/><V0/><F109/><W54/><G132/><T25/><D43/><U133/><E133/><V127/><F134/><W75/><G126/><T14/><D64/><U2/><E32/><V59/><F127/><W71/><G75/><T26/><D87/><U104/><E6/><V49/><F21/><W34/><G34/><N who="0" m="20751" /><D58/><U111/><E111/><V30/><F30/><W22/><G66/><T65/><D65/><U113/><E113/><V53/><F88/><N who="3" m="51223" /><G71/><T1/><D55/><U79/><E38/><V52/><F0/><W114/><G114/><T122/><N who="0" m="46161" /><T128/><DORA hai="99" /><D128/><U131/><E131/><V124/><F124/><W83/><G54/><T91/><D91/><U130/><E130/><V76/><F76/><W107/><G107/><T80/><D80/><N who="1" m="47263" /><E104/><V95/><F95/><W90/><G83/><T31/><D31/><U61/><E2/><V12/><F119/><W135/><G135/><T9/><D9/><U97/><E3/><V11/><F117/><W72/><G72/><T125/><D125/><U118/><E118/><V106/><F106/><W35/><G116/><T41/><D41/><U4/><E42/><V63/><F10/><W77/><G77/><T86/><D86/><U108/><E108/><V69/><F63/><W39/><G35/><AGARI ba="1,0" hai="1,7,8,14,15,26,29,35" m="20751,46161" machi="35" ten="40,5200,0" yaku="13,1,34,2" doraHai="74,99" who="0" fromWho="3" sc="240,55,289,0,221,0,250,-55" /><INIT seed="2,0,0,0,0,20" ten="295,289,221,195" oya="2" hai0="100,6,56,9,94,77,27,131,59,17,87,58,3" hai1="126,88,106,65,105,53,125,102,130,48,54,121,69" hai2="32,62,21,67,118,51,68,101,7,111,35,16,93" hai3="1,12,23,115,113,122,116,134,64,31,104,98,97"/><V120/><F118/><W63/><G116/><T108/><D108/><U2/><E130/><V14/><F120/><W8/><G122/><T92/><D131/><U49/><E121/><V86/><F111/><W46/><G134/><T55/><D100/><U99/><E2/><V74/><F74/><W90/><G1/><T75/><D75/><U133/><E133/><V50/><F7/><W119/><G119/><T135/><D135/><U73/><E73/><V57/><F51/><N who="1" m="19529" /><E105/><V124/><F124/><N who="1" m="47721" /><E88/><N who="2" m="53399" /><F101/><W96/><G90/><T129/><D129/><U85/><E85/><V114/><F114/><W89/><G89/><T91/><D77/><U60/><AGARI ba="0,0" hai="53,54,60,65,69,99,102,106" m="47721,19529" machi="60" ten="30,1100,0" yaku="18,1" doraHai="20" who="1" fromWho="1" sc="295,-3,289,11,221,-5,195,-3" /><INIT seed="3,0,0,0,5,80" ten="292,300,216,192" oya="3" hai0="17,39,25,100,111,133,122,14,22,69,131,123,95" hai1="117,63,47,73,135,37,60,21,26,30,71,75,4" hai2="130,27,15,5,129,81,58,109,57,46,84,93,82" hai3="112,12,44,36,108,98,72,40,116,94,34,11,0"/><W54/><G112/><T62/><D39/><U38/><E4/><V53/><F109/><W20/><G116/><T45/><D111/><U124/><E117/><V61/><F27/><W88/><G34/><T101/><D45/><U89/><E124/><V23/><F46/><W42/><G108/><T9/><D133/><U10/><E135/><V128/><F57/><W104/><G72/><T134/><D134/><U85/><E10/><V32/><F32/><W91/><G104/><T59/><D69/><U1/><E1/><V28/><F28/><W92/><G0/><T18/><D131/><U119/><E119/><V126/><F126/><W55/><G20/><T99/><D101/><U41/><E38/><V66/><F66/><AGARI ba="0,0" hai="9,14,17,18,22,25,59,62,66,95,99,100,122,123" machi="66" ten="30,1000,0" yaku="7,1" doraHai="80" who="0" fromWho="2" sc="292,10,300,0,216,-10,192,0" owari="302,40.2,300,10.0,206,-19.4,192,-30.8" /></mjloggm>