<mjloggm ver="2.3"><GO type="225" lobby="0"/><UN n0="%E3%83%97%E3%83%92" n1="%77%72%77%72%77%72%77%72" n2="%E3%82%B2%E3%82%B9%E8%8C%82%E5%8B%9D" n3="%E3%81%A9%E3%82%8F%E3%82%93%E3%81%94" dan="17,16,16,16" rate="2207.58,2243.30,2085.26,2100.35" sx="M,M,F,M"/><TAIKYOKU oya="0"/><INIT seed="0,0,0,4,2,119" ten="250,250,250,250" oya="0" hai0="56,45,28,19,110,103,27,133,89,14,41,55,95" hai1="20,86,22,127,122,73,16,61,78,91,66,48,32" hai2="118,60,23,8,92,44,135,57,62,50,134,97,0" hai3="88,35,126,77,10,123,36,94,47,34,33,42,39"/><T102/><D133/><N who="2" m="50698" /><F118/><W38/><G126/><T76/><D76/><U58/><E127/><V21/><F8/><W80/><G10/><T131/><D131/><U101/><E32/><V124/><F0/><W68/><G68/><T11/><D110/><U121/><E101/><N who="2" m="60583" /><F124/><W46/><G123/><T113/><D113/><U15/><E48/><V53/><F62/><W17/><G17/><T116/><D116/><U111/><E111/><V93/><F93/><W43/><G38/><T25/><D45/><U82/><REACH who="1" step="1"/><E22/><REACH who="1" ten="250,240,250,250" step="2"/><V49/><F49/><W72/><REACH who="3" step="1"/><G34/><REACH who="3" ten="250,240,250,240" step="2"/><T18/><D11/><U83/><AGARI ba="0,2" hai="15,16,20,58,61,66,73,78,82,83,86,91,121,122" machi="83" ten="20,12000,2" yaku="1,1,2,1,0,1,7,1,52,2,54,1,53,0" doraHai="119" doraHaiUra="128" who="1" fromWho="1" sc="250,-60,240,140,250,-30,240,-30" /><INIT seed="1,0,0,2,0,54" ten="190,380,220,210" oya="1" hai0="125,21,42,134,14,78,106,6,117,133,33,39,87" hai1="2,46,1,98,79,130,84,132,83,36,57,61,26" hai2="107,44,15,37,73,112,118,24,29,111,30,48,126" hai3="97,28,69,114,127,10,95,7,123,113,0,50,129"/><U51/><E130/><V47/><F111/><W49/><G123/><T59/><D33/><U34/><E132/><V9/><F118/><W31/><G69/><T67/><D106/><U124/><E124/><V122/><F126/><W58/><G129/><T11/><D125/><U94/><E36/><V90/><F122/><W76/><G127/><T25/><D117/><U72/><E72/><V62/><F107/><W32/><G76/><T86/><D42/><U121/><E121/><V89/><F73/><W104/><G104/><T17/><D39/><U12/><E12/><V20/><F62/><W96/><G96/><T109/><D109/><U131/><E131/><V135/><F135/><N who="0" m="51722" /><D78/><U65/><E26/><V110/><F110/><W18/><G32/><T88/><D88/><N who="2" m="33898" /><F37/><W63/><G114/><T101/><D101/><U80/><E80/><V119/><F119/><W4/><G113/><T41/><D41/><U77/><E77/><V102/><F102/><N who="3" m="60735" /><G0/><T60/><AGARI ba="0,0" hai="6,11,14,17,21,25,59,60,67,86,87" m="51722" machi="60" ten="30,2000,0" yaku="20,1,52,1" doraHai="54" who="0" fromWho="0" sc="190,20,380,-10,220,-5,210,-5" /><INIT seed="2,0,0,0,4,116" ten="210,370,215,205" oya="2" hai0="135,98,40,15,54,134,37,30,113,115,119,131,80" hai1="111,68,103,11,3,55,65,70,64,84,124,123,96" hai2="92,106,117,32,28,19,52,86,122,48,100,81,36" hai3="25,125,7,21,8,90,61,105,109,130,112,93,78"/><V79/><F117/><W58/><G109/><T4/><D119/><U20/><E84/><V133/><F133/><N who="0" m="50698" /><D40/><U118/><E64/><V50/><F122/><W63/><G105/><T121/><D37/><U17/><E65/><V126/><F126/><W71/><G130/><T27/><D54/><U108/><E123/><V89/><F36/><W83/><G112/><N who="0" m="43083" /><D80/><U88/><E55/><V18/><F48/><W47/><G47/><T16/><D98/><U62/><E96/><V67/><F67/><W127/><G71/><T59/><D59/><U51/><E124/><N who="3" m="47690" /><G58/><T14/><D131/><U43/><E111/><V38/><F38/><W42/><G42/><T114/><D121/><U73/><E68/><V110/><F110/><W1/><G93/><T75/><D75/><U2/><E73/><V13/><F106/><W82/><G90/><T72/><D72/><U57/><E43/><V34/><F100/><W60/><G78/><T5/><D15/><U22/><E70/><V120/><F13/><W29/><AGARI ba="0,0" hai="1,7,8,21,25,29,60,61,63,82,83" m="47690" machi="29" ten="30,1100,0" yaku="18,1" doraHai="116" who="3" fromWho="3" sc="210,-3,370,-3,215,-5,205,11" /><INIT seed="3,0,0,2,0,28" ten="207,367,210,216" oya="3" hai0="71,33,23,72,1,133,123,70,43,77,48,113,68" hai1="124,79,4,8,75,42,100,49,27,87,50,98,21" hai2="47,52,55,107,67,82,59,120,89,54,46,18,15" hai3="112,121,2,64,10,53,96,22,122,62,37,29,39"/><W45/><G112/><T108/><D123/><U86/><E124/><V95/><F107/><W131/><G2/><T60/><D1/><U111/><E111/><V17/><F82/><W80/><G10/><T6/><D6/><U117/><E75/><V114/><F114/><W118/><G80/><N who="0" m="45095" /><D113/><U126/><E126/><V3/><F3/><W24/><G118/><T92/><D92/><N who="1" m="58439" /><E42/><V94/><F94/><W35/><G131/><T11/><D11/><U41/><E41/><V85/><F120/><W63/><G122/><T36/><D48/><U40/><E49/><V26/><F26/><W81/><G39/><T83/><D83/><U127/><E127/><V91/><F91/><W7/><G81/><T13/><D108/><U115/><E79/><V12/><F12/><W25/><G121/><T97/><D97/><U101/><E101/><V20/><F17/><W0/><G96/><T74/><D74/><U61/><E61/><AGARI ba="0,0" hai="15,18,20,46,47,52,54,55,59,61,67,85,89,95" machi="61" ten="40,2600,0" yaku="8,1,54,1" doraHai="28" who="2" fromWho="1" sc="207,0,367,-26,210,26,216,0" owari="207,-29.3,341,44.1,236,3.6,216,-18.4" /></mjloggm>