<mjloggm ver="2.3"><GO type="225" lobby="0"/><UN n0="%E5%B0%8F%E9%B3%A5%E9%81%8A%E7%B7%B4%E7%84%A1%32%31%E6%AD%B3" n1="%E9%89%A2%E5%B7%BB%E3%82%AC%E3%83%96" n2="%E6%80%AA%E3%81%97%E3%81%99%E3%81%8E%E3%82%8B%E3%83%81%E3%83%BC" n3="%E8%81%B7%E6%A5%AD%E3%80%81%E9%A2%A8%32" dan="16,16,16,16" rate="2124.46,2096.34,2130.79,2173.62" sx="F,M,M,M"/><TAIKYOKU oya="0"/><INIT seed="0,0,0,1,0,52" ten="250,250,250,250" oya="0" hai0="65,98,129,59,99,4,9,125,101,12,43,121,64" hai1="37,89,67,44,97,83,74,112,55,56,87,132,2" hai2="133,79,94,109,90,103,114,25,73,13,100,17,105" hai3="69,75,77,54,131,49,108,128,116,14,47,78,117"/><T3/><D121/><U35/><E35/><V16/><F114/><W11/><G108/><T42/><D129/><N who="3" m="49737" /><G69/><T57/><D3/><U19/><E132/><V91/><F133/><W102/><G102/><T58/><D125/><U84/><E74/><V27/><F109/><W8/><G8/><T130/><D130/><U20/><E2/><V48/><F105/><W71/><G71/><T104/><REACH who="0" step="1"/><D99/><REACH who="0" ten="240,250,250,250" step="2"/><U40/><E97/><V23/><F100/><W15/><G116/><T120/><D120/><U39/><E112/><V51/><F103/><W34/><G117/><T80/><D80/><U110/><E110/><V92/><F91/><W113/><G113/><T26/><D26/><U86/><E83/><V106/><F25/><W134/><G134/><T95/><D95/><U41/><E89/><V70/><F94/><W122/><G122/><T7/><D7/><U29/><E86/><V96/><F27/><W60/><G15/><T18/><D18/><U81/><E87/><V135/><F17/><W21/><G14/><T6/><D6/><U72/><E84/><V22/><F135/><W1/><G1/><T50/><D50/><U126/><E81/><N who="2" m="45295" /><F16/><W127/><G127/><T124/><D124/><U32/><E126/><V85/><F13/><W115/><G115/><T93/><D93/><U123/><E123/><V82/><F82/><W53/><G75/><T30/><D30/><U88/><E29/><V33/><F51/><W63/><G49/><T5/><D5/><U36/><E19/><V31/><F48/><W10/><G78/><T46/><D46/><U76/><E44/><RYUUKYOKU ba="0,1" sc="240,30,250,-10,250,-10,250,-10" hai0="4,9,12,42,43,57,58,59,64,65,98,101,104" /><INIT seed="0,1,1,4,1,70" ten="270,240,240,240" oya="0" hai0="27,38,30,128,15,95,23,115,51,100,73,3,99" hai1="134,91,9,1,106,10,4,11,131,80,43,68,50" hai2="74,48,92,62,83,19,53,26,8,124,89,63,24" hai3="18,104,77,105,130,56,58,46,14,22,47,135,5"/><T29/><D128/><U78/><E106/><V71/><F124/><W20/><G135/><T32/><D3/><U65/><E131/><V67/><F63/><W45/><G104/><T129/><D73/><U44/><E134/><V117/><F117/><W116/><G105/><T132/><D129/><U96/><E65/><V125/><F125/><W52/><G116/><T110/><D132/><U126/><E68/><V84/><F74/><W93/><G77/><T86/><D115/><U118/><E118/><V6/><F92/><W41/><G41/><T101/><D101/><U88/><E126/><V121/><F121/><W60/><G5/><T122/><D122/><U12/><E96/><V42/><F42/><W94/><G130/><T82/><D51/><U59/><E59/><V103/><F103/><W112/><G112/><T57/><D57/><U127/><E127/><V28/><F28/><W113/><G113/><T76/><D110/><U0/><E0/><V54/><F54/><N who="3" m="33815" /><G20/><T87/><D87/><N who="1" m="48535" /><E1/><V108/><F108/><W97/><G97/><T81/><D81/><U35/><E35/><V85/><F85/><W72/><G72/><T13/><D30/><U75/><E75/><V111/><F111/><W64/><G64/><T34/><D38/><U61/><E61/><AGARI ba="1,1" hai="14,18,22,45,46,47,52,58,61,93,94" m="33815" machi="61" ten="30,2000,0" yaku="8,1,54,1" doraHai="70" who="3" fromWho="1" sc="270,0,240,-23,240,0,240,33" /><INIT seed="1,0,0,1,2,43" ten="270,217,240,273" oya="1" hai0="94,104,79,121,120,53,60,111,16,48,6,98,82" hai1="59,115,46,133,81,70,65,61,76,128,126,89,4" hai2="25,96,12,97,86,102,3,30,44,33,62,114,64" hai3="0,113,31,38,105,45,88,129,80,23,93,14,69"/><U122/><E115/><V34/><F3/><W74/><G0/><T55/><D6/><U135/><E122/><N who="0" m="47209" /><D104/><U39/><E4/><V1/><F1/><W9/><G69/><T130/><D111/><U47/><E89/><V90/><F114/><W131/><G105/><T22/><D60/><N who="1" m="40231" /><E39/><V78/><F78/><N who="3" m="44119" /><G113/><T125/><D125/><U2/><E2/><V95/><F12/><W63/><G63/><T101/><D48/><U19/><E19/><V118/><F118/><W49/><G38/><T87/><D130/><N who="3" m="49673" /><G31/><T27/><AGARI ba="0,0" hai="16,22,27,53,55,79,82,87,94,98,101" m="47209" machi="27" ten="30,2000,0" yaku="13,1,54,1" doraHai="43" who="0" fromWho="0" sc="270,20,217,-10,240,-5,273,-5" /><INIT seed="2,0,0,3,2,4" ten="290,207,235,268" oya="2" hai0="113,67,92,76,60,134,34,17,64,13,93,15,119" hai1="87,57,116,36,81,122,94,105,115,43,123,3,24" hai2="45,7,21,135,33,130,85,121,102,1,89,125,77" hai3="100,86,22,112,98,25,5,128,53,52,37,99,68"/><V66/><F121/><W73/><G73/><T82/><D113/><U124/><E115/><V83/><F33/><W32/><G68/><T84/><D34/><U111/><E116/><V31/><F130/><W103/><G37/><T108/><D108/><U126/><E105/><V2/><F125/><N who="1" m="48233" /><E3/><V54/><F135/><W120/><G32/><T107/><D107/><U117/><E43/><V109/><F109/><W104/><G128/><T72/><D134/><U55/><E36/><V50/><F102/><W96/><G120/><N who="1" m="46122" /><E24/><V80/><F66/><W19/><G112/><T10/><D64/><U65/><E117/><V131/><F131/><W63/><G104/><T48/><D72/><U91/><E111/><V95/><F7/><W41/><G5/><T27/><D27/><U133/><E133/><V14/><F83/><W30/><G41/><T62/><D119/><U79/><E65/><V28/><F2/><W20/><G53/><T6/><D48/><U29/><E29/><V11/><F1/><W18/><G30/><T35/><D35/><U74/><E57/><V132/><F132/><W75/><G52/><AGARI ba="0,0" hai="52,55,74,79,81,87,91,94" m="46122,48233" machi="52" ten="30,3900,0" yaku="18,1,13,1,54,1" doraHai="4" who="1" fromWho="3" sc="290,0,207,39,235,0,268,-39" /><INIT seed="3,0,0,4,2,32" ten="290,246,235,229" oya="3" hai0="100,7,88,108,49,14,115,98,135,51,118,8,71" hai1="83,2,132,119,33,69,133,110,30,81,99,63,123" hai2="52,58,18,56,75,82,10,95,35,42,9,87,89" hai3="84,59,128,134,20,5,53,85,4,122,121,15,102"/><W124/><G128/><T93/><D118/><U126/><E123/><V36/><F35/><W67/><G124/><T40/><D71/><U96/><E110/><V68/><F68/><W50/><G134/><N who="1" m="51818" /><E30/><V116/><F116/><W74/><G74/><T34/><D135/><U127/><E33/><V65/><F65/><W1/><G122/><T94/><D34/><U92/><E63/><V62/><F75/><W114/><G121/><T117/><D117/><U26/><E69/><V45/><F58/><W130/><G114/><T43/><D108/><U112/><E26/><V86/><REACH who="2" step="1"/><F18/><REACH who="2" ten="290,246,225,229" step="2"/><N who="3" m="10335" /><G130/><T37/><D115/><U38/><E112/><V0/><F0/><W111/><G1/><T3/><D3/><U76/><E2/><V19/><F19/><W109/><G111/><T55/><D37/><U28/><E38/><V73/><F73/><W61/><G109/><T106/><D7/><U57/><E57/><V13/><F13/><W90/><G4/><T91/><D14/><U131/><E119/><V16/><F16/><W70/><G5/><T129/><D129/><U21/><E131/><V77/><AGARI ba="0,1" hai="9,10,36,42,45,52,56,62,77,82,86,87,89,95" machi="77" ten="20,5200,0" yaku="1,1,0,1,7,1,54,1,53,0" doraHai="32" doraHaiUra="25" who="2" fromWho="2" sc="290,-13,246,-13,225,62,229,-26" /><INIT seed="4,0,0,0,0,133" ten="277,233,287,203" oya="0" hai0="16,73,65,34,5,83,126,3,10,109,44,103,11" hai1="25,12,55,74,37,90,81,54,108,91,46,111,95" hai2="75,30,68,77,41,130,39,117,62,94,100,29,120" hai3="72,9,45,96,104,87,125,107,122,6,50,31,97"/><T61/><D34/><U129/><E129/><V47/><F120/><W38/><G72/><T132/><D132/><U15/><E25/><V28/><F130/><W19/><G122/><T102/><D109/><U93/><E74/><V4/><F117/><W26/><G38/><T89/><D44/><U43/><E46/><V24/><F4/><W84/><G104/><T17/><D17/><U121/><E81/><V86/><F75/><W14/><G6/><T106/><D106/><U64/><E121/><V71/><F24/><W105/><G105/><T40/><D40/><U78/><E64/><V49/><F39/><W13/><G13/><T7/><D16/><U51/><E37/><V22/><F22/><N who="3" m="15831" /><G107/><T118/><D118/><U79/><E43/><V1/><F1/><W101/><G125/><T92/><D126/><U21/><E21/><V33/><F33/><W124/><G124/><T42/><D42/><U85/><E51/><V56/><F77/><W134/><G134/><T116/><D116/><U23/><E23/><V98/><REACH who="2" step="1"/><F86/><AGARI ba="0,0" hai="12,15,54,55,78,79,85,86,90,91,93,95,108,111" machi="86" ten="25,1600,0" yaku="22,2" doraHai="133" who="1" fromWho="2" sc="277,0,233,16,287,-16,203,0" /><INIT seed="5,0,0,4,1,26" ten="277,249,271,203" oya="1" hai0="50,19,74,73,47,44,95,22,107,85,77,18,9" hai1="78,101,82,123,130,69,6,126,98,125,100,28,3" hai2="57,5,62,45,40,63,55,27,11,103,38,7,127" hai3="94,71,104,122,42,128,106,109,4,48,68,105,131"/><U46/><E69/><N who="3" m="26698" /><G48/><T92/><D107/><N who="3" m="27393" /><W65/><DORA hai="34" /><G42/><T81/><D9/><N who="1" m="2271" /><E123/><V121/><F127/><N who="1" m="48649" /><E130/><N who="3" m="49706" /><G122/><T61/><D61/><U80/><E46/><V93/><F121/><W112/><G4/><T15/><D18/><U129/><E129/><V32/><F7/><W49/><G49/><T24/><D44/><U89/><E28/><V25/><F63/><W1/><G1/><T87/><D15/><U99/><E89/><V108/><F32/><W2/><G2/><T84/><REACH who="0" step="1"/><D73/><REACH who="0" ten="267,249,271,203" step="2"/><N who="1" m="43087" /><E82/><V53/><F62/><W20/><G109/><T110/><D110/><U36/><E36/><V79/><F108/><W23/><G65/><T70/><D70/><U56/><E56/><V51/><F45/><W10/><G10/><T60/><D60/><U119/><E119/><V31/><F11/><W111/><G111/><T52/><AGARI ba="0,1" hai="19,22,24,47,50,52,74,77,81,84,85,87,92,95" machi="52" ten="30,8000,1" yaku="1,1,0,1,54,1,53,2" doraHai="26,34" doraHaiUra="21,16" who="0" fromWho="0" sc="267,90,249,-40,271,-20,203,-20" owari="357,45.7,209,-19.1,251,5.1,183,-31.7" /></mjloggm>