<mjloggm ver="2.3"><GO type="225" lobby="0"/><UN n0="%E3%82%BC%E3%83%AB%E3%83%80%E3%81%AE%E4%BC%9D%E8%AA%AC" n1="%E6%B0%B7%E5%B7%9D%E9%87%8C%E5%A5%88" n2="%E7%BD%AA%E5%88%91%E6%B3%95%E5%AE%9A%E4%B8%BB%E7%BE%A9" n3="%E3%81%86%E3%83%BC%E3%81%B1%E3%83%BC" dan="17,16,16,17" rate="2230.77,2129.28,2180.30,2158.74" sx="M,F,M,F"/><TAIKYOKU oya="0"/><INIT seed="0,0,0,2,2,130" ten="250,250,250,250" oya="0" hai0="99,59,132,63,115,33,7,44,111,125,17,128,71" hai1="76,36,97,4,60,74,30,116,127,23,73,114,8" hai2="67,120,50,68,129,124,54,133,37,61,112,108,48" hai3="122,52,86,82,92,131,3,66,19,109,0,89,35"/><T81/><D115/><U135/><E116/><V45/><F112/><W78/><G131/><T88/><D128/><U72/><E114/><V121/><F129/><W79/><G66/><T11/><D33/><U58/><E36/><V85/><F85/><W106/><G106/><T98/><D125/><U65/><E127/><V21/><F21/><W2/><G109/><T77/><D111/><U64/><E76/><V39/><F108/><W34/><G122/><N who="2" m="47209" /><F124/><W118/><G118/><T13/><D71/><U25/><E65/><V15/><F15/><W27/><G79/><T102/><D44/><U47/><E47/><N who="2" m="27935" /><F133/><W105/><G35/><T29/><D132/><U57/><E57/><V95/><F95/><W101/><G34/><T107/><D29/><U31/><E31/><V46/><F46/><W93/><G93/><T87/><D99/><U10/><E135/><V32/><F32/><W56/><G105/><T100/><D100/><U75/><N who="1" m="18432" /><DORA hai="134" /><U40/><E97/><V110/><F110/><W12/><G101/><T117/><D117/><U41/><REACH who="1" step="1"/><E10/><REACH who="1" ten="250,240,250,250" step="2"/><V26/><F26/><W113/><G27/><T22/><D77/><U90/><E90/><V70/><F68/><W83/><G113/><T94/><D59/><U24/><E24/><V18/><F18/><W49/><REACH who="3" step="1"/><G78/><REACH who="3" ten="250,240,250,240" step="2"/><T53/><D107/><U126/><E126/><V16/><F16/><W5/><G5/><T14/><D7/><U80/><E80/><V20/><F20/><AGARI ba="0,2" hai="0,2,3,12,19,20,49,52,56,82,83,86,89,92" machi="20" ten="40,8000,1" yaku="1,1,25,2,54,1,53,1" doraHai="130,134" doraHaiUra="9,119" who="3" fromWho="2" sc="250,0,240,0,250,-80,240,100" /><INIT seed="1,0,0,4,5,133" ten="250,240,170,340" oya="1" hai0="118,90,52,70,48,62,21,36,31,2,50,130,34" hai1="53,83,112,121,120,80,11,39,43,24,87,15,127" hai2="26,116,119,89,106,81,71,17,55,113,14,47,109" hai3="59,28,102,134,54,13,99,65,86,100,29,10,107"/><U33/><E112/><V46/><F71/><W67/><G134/><T41/><D118/><U38/><E33/><V8/><F106/><W57/><G86/><T18/><D130/><U105/><E105/><V22/><F113/><W68/><G68/><T35/><D2/><U117/><E117/><V97/><F109/><W6/><G100/><T114/><D114/><U104/><E104/><V126/><F126/><W95/><G107/><T1/><D1/><U85/><E24/><V131/><F131/><W72/><G72/><T74/><D74/><U5/><E127/><V0/><F0/><W84/><G84/><T88/><D31/><N who="3" m="11849" /><G59/><N who="0" m="33159" /><D50/><AGARI ba="0,0" hai="6,10,13,50,54,57,65,67,95,99,102" m="11849" machi="50" ten="30,1000,0" yaku="8,1" doraHai="133" who="3" fromWho="0" sc="250,-10,240,0,170,0,340,10" /><INIT seed="2,0,0,4,5,22" ten="240,240,170,350" oya="2" hai0="129,45,74,18,42,92,95,10,73,67,89,112,131" hai1="122,41,28,61,128,76,32,23,12,132,118,103,71" hai2="79,19,59,108,121,77,86,117,55,69,125,47,90" hai3="1,57,39,93,11,110,133,70,9,30,26,16,13"/><V126/><F117/><W80/><G70/><T34/><D112/><U6/><E118/><V25/><F121/><W56/><G39/><T66/><D34/><U81/><E122/><V124/><F69/><W134/><G110/><T37/><D10/><U20/><E128/><N who="0" m="49225" /><D18/><U50/><E132/><N who="3" m="50794" /><G80/><T78/><D95/><U48/><E103/><V82/><F47/><W49/><G93/><T46/><D46/><U100/><E100/><V130/><F130/><W63/><G49/><T96/><D78/><U113/><E113/><V3/><F3/><W0/><G11/><T116/><D116/><U58/><E71/><V36/><F36/><W44/><G44/><T88/><D89/><U123/><E123/><V14/><F108/><W120/><G120/><T21/><D21/><U65/><E41/><V8/><REACH who="2" step="1"/><F25/><REACH who="2" ten="240,240,160,350" step="2"/><W5/><G1/><T127/><D127/><U2/><E2/><V114/><F114/><W54/><G0/><T85/><D37/><U40/><E40/><V38/><F38/><W83/><G56/><T29/><D45/><U24/><E12/><V109/><F109/><W111/><G111/><T62/><D42/><U102/><E58/><V15/><F15/><W64/><G26/><T87/><D73/><U84/><E24/><V97/><F97/><W119/><G119/><T106/><D74/><U60/><E84/><V75/><F75/><W43/><G43/><T107/><D85/><U31/><E76/><V115/><F115/><W72/><G72/><T104/><D87/><U105/><E81/><V7/><F7/><W33/><G83/><T91/><D96/><RYUUKYOKU ba="0,1" sc="240,-10,240,-10,160,30,350,-10" hai2="8,14,19,55,59,77,79,82,86,90,124,125,126" /><INIT seed="2,1,1,4,0,1" ten="230,230,190,340" oya="2" hai0="46,39,78,8,96,56,19,22,105,130,3,49,30" hai1="94,31,29,13,112,0,21,97,60,5,95,104,32" hai2="100,73,90,53,127,2,88,69,108,106,133,61,67" hai3="42,101,117,4,15,131,17,10,18,9,126,113,79"/><V93/><F2/><W134/><G117/><T66/><D130/><U85/><E112/><V71/><F73/><W41/><G131/><T82/><D105/><U110/><E110/><V55/><F108/><W92/><G113/><T87/><D39/><U76/><E104/><V25/><F71/><W54/><G134/><T45/><D3/><U16/><E32/><V74/><F74/><W36/><G36/><T12/><D96/><U43/><E43/><V80/><F133/><W125/><G79/><T132/><D132/><U72/><E72/><V98/><F127/><N who="3" m="48651" /><G54/><N who="0" m="31823" /><D66/><U70/><E70/><V33/><F80/><W47/><G10/><T52/><D52/><N who="2" m="20042" /><F93/><W114/><G114/><T20/><D30/><AGARI ba="1,1" hai="25,30,33,61,67,69,88,90,98,100,106" m="20042" machi="30" ten="30,5800,0" yaku="25,1,54,2" doraHai="1" who="2" fromWho="0" sc="230,-61,230,0,190,71,340,0" /><INIT seed="2,2,0,3,5,62" ten="169,230,261,340" oya="2" hai0="28,34,57,107,55,30,96,112,133,123,124,89,101" hai1="43,27,131,33,41,94,45,86,121,126,115,38,25" hai2="135,51,71,87,10,88,69,50,72,59,56,132,76" hai3="16,93,24,80,0,12,122,49,6,2,125,106,117"/><V7/><F76/><W22/><G106/><T64/><D123/><U4/><E115/><V42/><F72/><W68/><G122/><T81/><D112/><U75/><E121/><V26/><F26/><W79/><G117/><T109/><D109/><U103/><E75/><V84/><F42/><W63/><G125/><T130/><D133/><N who="2" m="51274" /><F84/><W40/><G93/><T18/><D130/><U9/><E126/><V120/><F51/><W31/><G6/><T58/><D124/><U19/><E131/><V11/><F120/><W129/><G49/><T108/><D108/><U44/><E19/><V1/><F11/><W91/><G79/><T90/><D18/><U53/><E53/><N who="2" m="31799" /><F59/><W37/><G40/><T97/><D34/><U36/><E33/><V77/><F77/><W127/><G127/><T54/><D81/><AGARI ba="2,0" hai="1,7,10,69,71,81,87,88" m="31799,51274" machi="81" ten="30,2900,0" yaku="20,1,54,1" doraHai="62" who="2" fromWho="0" sc="169,-35,230,0,261,35,340,0" /><INIT seed="2,3,0,4,2,79" ten="134,230,296,340" oya="2" hai0="45,114,14,41,52,53,111,15,132,90,130,69,101" hai1="119,98,16,88,30,12,55,108,104,35,71,33,128" hai2="92,113,81,120,95,21,135,51,0,83,102,10,91" hai3="54,78,4,75,100,7,58,47,105,65,85,64,99"/><V59/><F113/><W67/><G75/><T18/><D114/><U49/><E119/><V70/><F70/><W96/><G47/><T39/><D111/><U48/><E71/><V110/><F120/><W115/><G115/><T26/><D132/><U86/><E108/><V129/><F110/><W3/><G3/><T124/><D130/><U13/><E128/><V1/><F129/><W127/><G127/><T42/><D124/><U97/><E104/><V107/><F107/><W40/><G40/><T123/><D123/><U87/><E30/><V68/><F68/><W32/><G32/><T76/><D69/><U134/><E134/><V27/><F135/><W60/><G99/><T63/><D101/><U62/><E62/><V133/><F133/><W72/><G72/><T23/><D76/><U73/><E73/><V84/><F1/><W19/><G19/><T80/><D42/><U126/><E126/><V20/><F10/><W46/><G46/><T93/><D80/><N who="2" m="30794" /><F0/><W37/><G37/><T103/><D103/><U57/><E35/><V116/><F116/><W117/><G117/><T106/><D106/><U66/><E33/><V38/><F38/><W31/><G31/><T50/><D39/><U11/><E11/><V112/><F112/><W61/><G61/><T6/><D6/><U28/><E28/><V36/><F36/><W29/><G29/><T2/><D2/><U109/><E109/><V89/><F102/><W34/><G34/><T17/><D63/><U8/><E8/><V9/><F9/><W131/><G131/><T44/><D41/><U118/><E118/><RYUUKYOKU ba="3,0" sc="134,-10,230,-10,296,-10,340,30" hai3="4,7,54,58,60,64,65,67,78,85,96,100,105" /><INIT seed="3,4,0,0,0,97" ten="124,220,286,370" oya="3" hai0="105,8,36,103,7,125,0,25,28,66,99,81,102" hai1="14,12,134,69,118,96,127,49,72,98,4,20,26" hai2="57,39,22,70,34,78,64,51,65,40,93,90,80" hai3="17,122,58,120,132,35,6,16,85,45,61,59,37"/><W62/><G35/><T5/><D125/><U87/><E72/><V3/><F34/><W38/><G85/><T84/><D36/><U119/><E69/><V111/><F111/><W117/><G6/><T2/><D66/><U54/><E127/><V106/><F106/><W50/><G50/><T130/><D130/><U129/><E134/><V133/><F3/><W9/><G9/><T100/><D7/><U33/><E33/><V77/><F133/><W101/><G132/><T128/><D0/><U121/><E121/><V75/><F78/><W113/><G45/><T135/><D128/><U126/><E126/><V92/><F92/><W115/><G101/><T43/><D43/><U27/><E87/><V88/><F90/><W104/><G117/><T60/><D60/><U73/><E73/><V10/><F10/><W116/><G116/><T15/><D2/><U53/><E129/><V123/><F123/><W114/><G114/><T30/><D135/><U52/><E54/><V107/><F107/><AGARI ba="4,0" hai="16,17,37,38,58,59,61,62,104,107,113,115,120,122" machi="107" ten="25,4800,0" yaku="22,2,54,1" doraHai="97" who="3" fromWho="2" sc="124,0,220,0,286,-60,370,60" owari="124,-37.6,220,-18.0,226,2.6,430,53.0" /></mjloggm>