<mjloggm ver="2.3"><GO type="225" lobby="0"/><UN n0="%E8%90%BD%E6%97%A5" n1="%63%68%78%62%64" n2="%E4%B8%89%E5%86%A0%E7%8E%8B%E3%83%BB%E5%B1%B1%E7%94%B0%E5%93%B2%E4%BA%BA" n3="%E5%A4%9C%E5%85%89%E5%A4%A9%E6%A5%BC" dan="16,16,16,17" rate="2119.75,2133.16,2110.00,2159.18" sx="F,M,M,M"/><TAIKYOKU oya="0"/><INIT seed="0,0,0,3,3,88" ten="250,250,250,250" oya="0" hai0="60,66,127,43,19,29,32,94,38,13,22,25,44" hai1="74,11,35,82,56,27,39,121,16,92,3,15,55" hai2="72,131,97,52,135,46,31,18,50,106,119,75,7" hai3="65,54,41,78,123,40,10,42,112,93,90,4,37"/><T87/><D127/><U2/><E121/><V104/><F135/><W134/><G112/><T128/><D128/><U73/><E39/><V23/><F131/><W53/><G134/><T69/><REACH who="0" step="1"/><D87/><REACH who="0" ten="240,250,250,250" step="2"/><U91/><E74/><V110/><F75/><W59/><G123/><T129/><D129/><U99/><E73/><V102/><F72/><W5/><G37/><T70/><D70/><U133/><E133/><V24/><F119/><W84/><G78/><T132/><D132/><U71/><E71/><V103/><F110/><W95/><G95/><AGARI ba="0,1" hai="13,19,22,25,29,32,38,43,44,60,66,69,94,95" machi="95" ten="40,7700,0" yaku="1,1,52,2,53,0" doraHai="88" doraHaiUra="81" who="0" fromWho="3" sc="240,87,250,0,250,0,250,-77" /><INIT seed="0,1,0,3,5,12" ten="327,250,250,173" oya="0" hai0="47,119,122,80,26,100,126,61,99,19,75,90,32" hai1="52,118,40,6,51,8,70,121,85,107,135,83,74" hai2="129,105,10,48,11,91,62,15,116,94,14,89,45" hai3="128,133,115,22,82,72,112,76,109,124,5,20,86"/><T59/><D119/><U7/><E118/><V113/><F105/><W117/><G117/><T84/><D122/><U65/><E121/><V77/><F116/><W3/><G3/><T106/><D126/><U103/><E74/><V123/><F123/><W33/><G33/><T97/><D75/><U39/><E135/><V46/><F113/><N who="3" m="43595" /><G5/><T27/><D32/><U25/><E25/><V81/><F129/><W28/><G28/><T0/><D0/><U13/><E40/><V79/><F62/><W63/><G63/><T93/><D47/><U104/><E39/><V125/><F125/><W67/><G67/><T96/><D19/><U60/><E103/><V50/><F94/><W55/><G124/><T98/><REACH who="0" step="1"/><D106/><REACH who="0" ten="317,250,250,173" step="2"/><U95/><E104/><V69/><REACH who="2" step="1"/><F69/><REACH who="2" ten="317,250,240,173" step="2"/><W2/><G133/><T34/><D34/><U66/><E107/><V64/><F64/><AGARI ba="1,2" hai="26,27,59,61,64,80,84,90,93,96,97,98,99,100" machi="64" ten="40,3900,0" yaku="1,1,8,1,53,0" doraHai="12" doraHaiUra="31" who="0" fromWho="2" sc="317,62,250,0,240,-42,173,0" /><INIT seed="0,2,0,0,4,42" ten="379,250,198,173" oya="0" hai0="34,110,11,82,62,46,8,97,70,41,64,19,16" hai1="49,44,74,100,1,94,53,10,119,117,72,111,55" hai2="22,56,93,59,88,106,121,76,122,102,26,133,60" hai3="33,85,47,91,5,4,98,77,12,17,132,66,78"/><T45/><D34/><U128/><E111/><V58/><F133/><W38/><G132/><T28/><D110/><U129/><E55/><V24/><F76/><N who="3" m="29291" /><G38/><T7/><D28/><U86/><E117/><V30/><F60/><W21/><G33/><T67/><D82/><U134/><E119/><V109/><F109/><W105/><G105/><T3/><D67/><U48/><E48/><V95/><F106/><W92/><G66/><T120/><D120/><U118/><E118/><V14/><F14/><W25/><G47/><T124/><D124/><U79/><E134/><V39/><F39/><W90/><G25/><T80/><D80/><AGARI ba="2,0" hai="4,5,12,17,21,80,85,90,91,92,98" m="29291" machi="80" ten="30,1000,0" yaku="8,1" doraHai="42" who="3" fromWho="0" sc="379,-16,250,0,198,0,173,16" /><INIT seed="1,0,0,3,2,43" ten="363,250,198,189" oya="1" hai0="68,71,102,83,80,58,60,96,11,77,89,116,6" hai1="127,73,37,20,123,24,79,124,22,128,91,113,4" hai2="69,114,72,63,67,25,103,40,76,27,101,36,133" hai3="95,125,131,3,50,121,108,84,110,55,134,86,75"/><U81/><E123/><V94/><F133/><W41/><G121/><T98/><D89/><U31/><E113/><V28/><F114/><W13/><G3/><T30/><D30/><U21/><E37/><V106/><F94/><W105/><G105/><T38/><D38/><U92/><E128/><V15/><F15/><W14/><G75/><T18/><D18/><U12/><E4/><V52/><F76/><W135/><G41/><T44/><D44/><U70/><E70/><V90/><F72/><W111/><G125/><N who="1" m="48202" /><E12/><N who="3" m="4714" /><G131/><T7/><D116/><U82/><E82/><V118/><F118/><W87/><G95/><T10/><D77/><U2/><E2/><V100/><F106/><W19/><G19/><T120/><D120/><U8/><E8/><V62/><F90/><W49/><G55/><T74/><D74/><U45/><E45/><V129/><F129/><W51/><AGARI ba="0,0" hai="49,50,51,84,86,87,108,110,111,134,135" m="4714" machi="51" ten="50,12000,2" yaku="29,2,28,2,26,2,14,1" doraHai="43" who="3" fromWho="3" sc="363,-30,250,-60,198,-30,189,120" /><INIT seed="2,0,0,3,2,52" ten="333,190,168,309" oya="2" hai0="66,31,11,67,56,29,15,103,124,32,63,55,30" hai1="119,74,2,120,128,82,132,69,89,45,84,99,104" hai2="130,59,123,53,10,21,60,70,80,18,90,27,16" hai3="118,87,97,37,100,72,127,17,5,9,79,35,62"/><V122/><F130/><W114/><G118/><T64/><D124/><U112/><RYUUKYOKU type="yao9" ba="0,0" sc="333,0,190,0,168,0,309,0" hai1="2,45,69,74,82,84,89,99,104,112,119,120,128,132" /><INIT seed="2,1,0,4,4,15" ten="333,190,168,309" oya="2" hai0="97,68,58,33,74,84,122,92,103,0,91,38,40" hai1="65,19,28,14,96,133,4,98,50,82,109,119,66" hai2="129,80,76,117,70,125,22,48,64,83,30,112,132" hai3="27,102,54,21,126,55,60,47,37,104,135,36,56"/><V6/><F112/><W90/><G126/><T81/><D68/><U93/><E119/><V32/><F117/><W78/><G135/><T59/><D122/><U20/><E109/><V17/><F132/><W85/><G78/><T77/><D33/><U95/><E133/><V42/><F125/><W115/><G115/><T7/><D7/><U131/><E131/><V26/><F129/><W41/><G102/><T39/><D0/><U108/><E108/><V8/><F64/><N who="1" m="24681" /><E4/><V120/><F70/><W16/><G104/><N who="0" m="63599" /><D40/><U113/><E113/><V100/><F100/><W107/><G107/><T116/><D116/><U3/><E3/><V88/><F120/><W18/><G55/><T1/><D1/><U69/><E69/><V105/><F105/><W63/><G63/><T111/><D111/><U61/><E61/><V45/><F76/><W11/><G37/><AGARI ba="1,0" hai="37,38,39,58,59,74,77,81,84,91,92" m="63599" machi="37" ten="30,1000,0" yaku="24,1" doraHai="15" who="0" fromWho="3" sc="333,13,190,0,168,0,309,-13" /><INIT seed="3,0,0,4,1,53" ten="346,190,168,296" oya="3" hai0="57,96,72,112,37,73,14,64,30,101,129,62,91" hai1="106,113,9,77,98,25,87,105,117,34,94,80,15" hai2="118,83,130,133,122,97,31,121,61,26,134,55,78" hai3="89,4,44,27,68,88,76,10,70,67,56,23,28"/><W131/><G131/><T3/><D3/><U111/><E113/><V126/><F118/><W69/><G76/><T58/><D37/><U125/><E111/><V93/><F130/><W100/><G100/><T79/><D129/><U24/><E125/><V40/><F40/><W114/><G114/><T21/><D112/><U36/><E36/><V47/><F126/><W52/><G67/><T17/><D79/><U0/><E0/><V109/><F109/><W48/><REACH who="3" step="1"/><G56/><REACH who="3" ten="346,190,168,286" step="2"/><T66/><D91/><U85/><E117/><V132/><F47/><W99/><G99/><T75/><D30/><U38/><E87/><N who="2" m="48631" /><F61/><W60/><G60/><T120/><D120/><N who="2" m="46186" /><F55/><W63/><G63/><T116/><D116/><U124/><E124/><V13/><F13/><AGARI ba="0,1" hai="4,10,13,23,27,28,44,48,52,68,69,70,88,89" machi="13" ten="40,12000,1" yaku="1,1,54,2,53,1" doraHai="53" doraHaiUra="41" who="3" fromWho="2" sc="346,0,190,0,168,-120,286,130" owari="346,14.6,190,-21.0,48,-45.2,416,51.6" /></mjloggm>