<mjloggm ver="2.3"><GO type="225" lobby="0"/><UN n0="%E5%91%A8%E6%9D%B1" n1="%E5%B8%86%E7%AB%8B%E5%A4%8F%E8%A1%A3" n2="%30%2E%31%32%30" n3="%E3%81%BD%E3%81%A1%E3%81%9F%E3%81%93%E3%82%84" dan="17,17,16,17" rate="2168.59,2164.35,2124.15,2230.38" sx="M,M,M,M"/><TAIKYOKU oya="0"/><INIT seed="0,0,0,4,2,35" ten="250,250,250,250" oya="0" hai0="132,116,56,38,126,30,8,113,40,18,11,6,87" hai1="93,99,80,102,53,47,83,37,98,45,82,50,41" hai2="62,58,1,19,70,9,134,120,28,103,65,111,36" hai3="75,27,81,0,61,112,94,101,76,69,79,13,108"/><T51/><D116/><U109/><REACH who="1" step="1"/><E98/><REACH who="1" ten="250,240,250,250" step="2"/><V59/><F120/><W77/><G108/><AGARI ba="0,1" hai="37,41,45,47,50,53,80,82,83,93,99,102,108,109" machi="108" ten="40,5200,0" yaku="21,2,2,1,53,0" doraHai="35" doraHaiUra="24" who="1" fromWho="3" sc="250,0,240,62,250,0,250,-52" /><INIT seed="1,0,0,5,3,8" ten="250,302,250,198" oya="1" hai0="47,93,42,91,127,1,4,13,68,9,73,52,72" hai1="19,62,80,130,132,37,5,38,16,89,95,123,63" hai2="99,25,49,113,64,94,86,125,81,15,6,33,107" hai3="43,34,10,23,56,39,51,100,88,41,102,76,116"/><U79/><E123/><V67/><F125/><W32/><G116/><T121/><D127/><U46/><E130/><V71/><F113/><W115/><G115/><T77/><D121/><U3/><E132/><V58/><F71/><W96/><G39/><T60/><D77/><U83/><E3/><V133/><F107/><W84/><G76/><T75/><D68/><U27/><E5/><V50/><F25/><W97/><G32/><T7/><D7/><U59/><E63/><N who="2" m="38007" /><F67/><W98/><G34/><T128/><D128/><U31/><E38/><V124/><F33/><W90/><G10/><T17/><D60/><U36/><E36/><V61/><F61/><W11/><G11/><T53/><D4/><U110/><E46/><V82/><F82/><N who="1" m="31273" /><E37/><V108/><F108/><W131/><G131/><T0/><D0/><U119/><E119/><V126/><F133/><W28/><G100/><T22/><D1/><U129/><E79/><N who="2" m="46399" /><F126/><W29/><G102/><T122/><D122/><U106/><E106/><V65/><F124/><W70/><G70/><T134/><D134/><U109/><E129/><V104/><F104/><W21/><G84/><T40/><D47/><U85/><E110/><V30/><F65/><W35/><G35/><T117/><D117/><U111/><E111/><V45/><F45/><N who="3" m="26031" /><G56/><T12/><D42/><U120/><E120/><V14/><F6/><W54/><G43/><T118/><D40/><U135/><E135/><V105/><F105/><W101/><G54/><T2/><D118/><U20/><E109/><V114/><F114/><W18/><G101/><T87/><D2/><RYUUKYOKU ba="0,0" sc="250,15,302,15,250,-15,198,-15" hai0="9,12,13,17,22,52,53,72,73,75,87,91,93" hai1="16,19,20,27,31,59,62,85,89,95" /><INIT seed="1,1,0,3,2,121" ten="265,317,235,183" oya="1" hai0="13,28,27,119,128,82,56,135,63,81,85,109,103" hai1="130,65,122,58,36,29,129,2,115,7,54,37,99" hai2="106,102,17,1,20,4,79,16,92,126,60,62,97" hai3="49,61,118,78,110,80,57,18,116,132,100,45,10"/><U30/><E115/><V67/><F126/><W59/><G132/><T25/><D119/><N who="3" m="45609" /><G100/><T22/><D135/><U77/><E122/><V3/><F79/><W105/><G105/><T11/><D128/><N who="1" m="49259" /><E65/><V120/><F120/><W5/><G18/><T123/><D123/><U15/><E2/><V72/><F72/><N who="3" m="43079" /><G61/><T19/><D109/><U76/><E99/><V95/><F62/><W24/><G24/><T39/><D39/><N who="1" m="14923" /><E77/><V111/><F111/><W83/><G83/><T94/><D27/><U86/><E86/><V96/><F106/><W21/><G21/><T73/><D73/><U134/><E76/><V124/><F124/><W127/><G127/><T114/><D114/><U46/><E134/><V38/><F38/><W112/><G112/><T53/><REACH who="0" step="1"/><D85/><REACH who="0" ten="255,317,235,183" step="2"/><U104/><E30/><V113/><F113/><W14/><G110/><T47/><D47/><U107/><E46/><V43/><F97/><AGARI ba="1,1" hai="11,13,19,22,25,28,53,56,63,81,82,94,97,103" machi="97" ten="40,2600,0" yaku="1,1,8,1,53,0" doraHai="121" doraHaiUra="131" who="0" fromWho="2" sc="255,39,317,0,235,-29,183,0" /><INIT seed="2,0,0,4,5,46" ten="294,317,206,183" oya="2" hai0="21,51,110,124,2,37,96,90,64,81,76,36,121" hai1="128,85,8,18,67,58,75,109,101,47,27,20,7" hai2="88,43,82,35,87,74,108,111,86,9,130,50,22" hai3="4,94,66,52,135,45,95,119,83,49,70,57,114"/><V55/><F130/><W26/><G119/><T48/><D121/><U13/><E75/><V25/><F35/><W78/><G135/><T100/><D2/><U23/><E109/><N who="2" m="42059" /><F9/><W134/><G134/><T3/><D3/><U60/><E128/><V112/><F112/><W15/><G70/><T0/><D0/><U53/><E101/><V14/><F14/><W54/><G66/><T12/><D64/><U92/><E23/><V30/><F43/><W103/><G26/><T17/><D90/><N who="1" m="53327" /><E47/><N who="2" m="28127" /><F86/><N who="3" m="48503" /><G114/><T97/><D110/><U34/><E34/><V102/><F102/><W31/><G31/><T126/><D37/><U33/><E33/><V98/><F98/><N who="0" m="37994" /><D36/><U132/><E132/><V72/><AGARI ba="0,0" hai="22,25,30,72,74,82,87,88" m="28127,42059" machi="72" ten="30,11700,0" yaku="14,1,10,1,52,1,54,1" doraHai="46" who="2" fromWho="2" sc="294,-39,317,-39,206,117,183,-39" /><INIT seed="2,1,0,0,1,72" ten="255,278,323,144" oya="2" hai0="130,52,3,30,21,124,0,110,36,108,44,54,127" hai1="115,56,91,20,65,60,32,15,106,2,112,97,35" hai2="79,68,104,37,29,9,116,78,13,119,8,46,90" hai3="66,67,6,62,31,103,75,120,48,4,98,51,84"/><V99/><F68/><W114/><G75/><T109/><D130/><U19/><E2/><N who="0" m="553" /><D30/><U58/><E58/><V12/><F29/><W131/><G120/><T121/><D21/><U102/><REACH who="1" step="1"/><E91/><REACH who="1" ten="255,268,323,144" step="2"/><V122/><F90/><W61/><G131/><T92/><D121/><U10/><E10/><V89/><F8/><W70/><G114/><AGARI ba="1,1" hai="15,19,20,32,35,56,60,65,97,102,106,112,114,115" machi="114" ten="40,1300,0" yaku="1,1,53,0" doraHai="72" doraHaiUra="39" who="1" fromWho="3" sc="255,0,268,26,323,0,144,-16" /><INIT seed="3,0,0,5,2,31" ten="255,294,323,128" oya="3" hai0="11,114,106,95,22,117,135,21,68,96,79,18,67" hai1="124,38,29,75,27,41,3,32,25,78,133,101,52" hai2="7,94,24,64,20,119,63,120,37,134,76,14,58" hai3="28,91,121,36,50,44,77,115,92,84,100,54,86"/><W0/><G115/><T87/><D117/><U80/><E124/><V110/><F37/><W109/><G121/><T13/><D114/><U122/><E133/><V57/><F119/><W66/><G0/><T129/><D135/><U39/><E122/><V82/><F120/><W49/><G36/><T126/><D126/><U83/><E101/><V111/><F134/><W59/><G109/><N who="2" m="41481" /><F94/><W71/><G71/><T127/><D127/><U89/><E3/><V123/><F123/><W17/><G28/><T16/><D129/><U10/><E41/><V33/><F14/><W12/><G100/><T46/><D46/><U97/><E10/><V118/><F33/><W23/><G66/><T1/><D67/><U35/><E35/><V128/><F7/><W6/><G6/><T56/><D56/><U113/><E27/><V65/><F118/><W70/><G70/><T19/><D68/><U125/><E125/><V30/><F128/><W130/><G130/><T60/><D60/><U108/><E108/><V90/><F90/><W34/><G34/><T112/><D112/><U98/><E113/><V48/><F48/><W102/><G102/><N who="0" m="60703" /><D106/><U107/><E107/><V116/><F116/><W85/><G77/><T93/><D1/><U53/><E39/><V5/><F64/><W8/><G8/><T9/><D79/><N who="1" m="44159" /><E38/><V72/><F5/><W99/><REACH who="3" step="1"/><G99/><REACH who="3" ten="255,294,323,118" step="2"/><N who="1" m="37898" /><E78/><V73/><F73/><W61/><G61/><T45/><D9/><U105/><E105/><V51/><F51/><W88/><G88/><N who="0" m="53407" /><D45/><U42/><E42/><AGARI ba="0,1" hai="12,17,23,42,44,49,50,54,59,84,85,86,91,92" machi="42" ten="30,18000,2" yaku="1,1,7,1,25,2,8,1,53,1" doraHai="31" doraHaiUra="40" who="3" fromWho="1" sc="255,0,294,-180,323,0,118,190" /><INIT seed="3,1,0,2,4,25" ten="255,114,323,308" oya="3" hai0="35,110,2,41,94,79,100,39,28,91,135,86,115" hai1="125,132,105,85,93,0,43,5,122,92,82,69,66" hai2="15,47,57,56,6,118,30,99,114,126,23,61,131" hai3="70,20,4,101,60,108,1,80,106,50,107,16,73"/><W52/><G101/><T116/><D116/><U97/><E122/><V119/><F114/><W68/><G1/><T48/><D2/><U71/><E125/><V22/><F126/><W117/><G4/><T111/><D115/><U103/><E132/><V46/><F119/><W58/><G117/><T24/><D39/><U59/><E43/><V31/><F118/><W33/><G33/><T83/><D135/><U51/><E51/><V127/><F127/><W10/><G10/><T14/><D14/><U76/><E59/><N who="2" m="22603" /><F61/><W64/><G70/><T55/><D100/><U134/><E93/><V112/><F131/><W113/><G108/><T21/><D35/><U75/><E66/><V87/><F112/><W95/><G113/><T3/><D3/><U19/><E134/><V13/><F99/><W74/><G95/><T32/><D32/><U90/><E19/><N who="2" m="10607" /><F23/><W109/><G109/><T7/><D7/><U88/><REACH who="1" step="1"/><E90/><REACH who="1" ten="255,104,323,308" step="2"/><V128/><F128/><W65/><G65/><T63/><D41/><U121/><E121/><V120/><F120/><W129/><G129/><T54/><D111/><U133/><E133/><V102/><F102/><W36/><G36/><T40/><D110/><U104/><E104/><V18/><F18/><W81/><G81/><T11/><D40/><U78/><E78/><V84/><F6/><W123/><G123/><T62/><D48/><U45/><E45/><V77/><F77/><N who="3" m="44079" /><G74/><T42/><D42/><U67/><E67/><V130/><F130/><W89/><G89/><T96/><D79/><U124/><E124/><V9/><F9/><AGARI ba="1,1" hai="0,5,9,69,71,75,76,82,85,88,92,97,103,105" machi="9" ten="40,8000,1" yaku="1,1,24,2,54,1,53,0" doraHai="25" doraHaiUra="37" who="1" fromWho="2" sc="255,0,104,93,323,-83,308,0" owari="255,5.5,197,-30.3,240,-16.0,308,40.8" /></mjloggm>