<mjloggm ver="2.3"><GO type="225" lobby="0"/><UN n0="%43%6F%66%66%65%65" n1="%E8%83%83%E3%81%A8%E8%85%B8" n2="%4C%4F%4C%49%54%41" n3="%E3%83%B4%E3%83%A0%EF%BC%99%E3%81%A6" dan="17,16,16,16" rate="2142.99,2170.78,2194.75,2114.58" sx="F,M,F,M"/><TAIKYOKU oya="0"/><INIT seed="0,0,0,0,3,118" ten="250,250,250,250" oya="0" hai0="15,48,81,94,98,135,59,117,77,46,96,19,105" hai1="108,3,104,85,42,125,49,11,13,76,83,133,37" hai2="82,128,69,78,106,2,103,14,27,20,89,127,113" hai3="122,10,109,33,114,121,97,115,111,123,61,132,25"/><T43/><D117/><U119/><E119/><V120/><F2/><W40/><G40/><T21/><D135/><U55/><E133/><V26/><F69/><W5/><G132/><T93/><D105/><U45/><E108/><N who="3" m="41546" /><G97/><T107/><D107/><U56/><E125/><V28/><F113/><N who="3" m="43019" /><G61/><T87/><D59/><U100/><E104/><V88/><F128/><W112/><G112/><T74/><D74/><U131/><E131/><V91/><F127/><W8/><G5/><T116/><D116/><U9/><E100/><V60/><F120/><W80/><G80/><T58/><D58/><U50/><E3/><V31/><F60/><W17/><G17/><T16/><REACH who="0" step="1"/><D19/><REACH who="0" ten="240,250,250,250" step="2"/><U30/><E30/><AGARI ba="0,1" hai="8,10,25,30,33,121,122,123" m="43019,41546" machi="30" ten="40,12000,2" yaku="13,1,14,1,34,2,52,3" doraHai="118" who="3" fromWho="1" sc="240,0,250,-120,250,0,250,130" /><INIT seed="1,0,0,4,1,88" ten="240,130,250,380" oya="1" hai0="54,81,75,131,98,21,86,126,122,90,18,3,134" hai1="62,34,15,91,95,92,65,135,78,104,31,25,103" hai2="9,45,85,128,11,23,82,123,26,102,73,100,71" hai3="111,6,55,53,39,42,89,101,79,99,115,64,63"/><U1/><E1/><V8/><F123/><W48/><G115/><T37/><D3/><U84/><E135/><V120/><F120/><W127/><G111/><T117/><D117/><U76/><E15/><V133/><F71/><W112/><G112/><T67/><D122/><U80/><E104/><V7/><F73/><W69/><G127/><T106/><D37/><U47/><E47/><V56/><F128/><W24/><G79/><T38/><D38/><U22/><E34/><V32/><F32/><W109/><G109/><T61/><D131/><U0/><E0/><V94/><F133/><W29/><G6/><T46/><D134/><U44/><E44/><V124/><F124/><W12/><G89/><T116/><D116/><U60/><E60/><V50/><F56/><W51/><G12/><T43/><D126/><U20/><E20/><V68/><F68/><W97/><G39/><T96/><D75/><U13/><E13/><V58/><F58/><W93/><G99/><T5/><D5/><U14/><E14/><V132/><F94/><N who="1" m="35881" /><E103/><V113/><F7/><W77/><G63/><T114/><D114/><U66/><E62/><V17/><F113/><W108/><G69/><T59/><D106/><U57/><E57/><V28/><F132/><W36/><G101/><T105/><D105/><U121/><E121/><V2/><F2/><W74/><G36/><T87/><D46/><U10/><E10/><V40/><F102/><W118/><G118/><T125/><D125/><U107/><E107/><V70/><F100/><W19/><G74/><T110/><D59/><U33/><E33/><RYUUKYOKU ba="0,0" sc="240,-10,130,30,250,-10,380,-10" hai1="22,25,31,65,66,76,78,80,84,91" /><INIT seed="1,1,0,5,0,75" ten="230,160,240,370" oya="1" hai0="77,31,3,48,13,99,15,107,93,122,42,106,47" hai1="82,61,98,45,118,0,24,32,86,123,125,4,30" hai2="72,102,40,44,19,108,41,83,66,54,97,26,92" hai3="117,119,90,22,74,76,124,101,110,128,81,135,109"/><U103/><E118/><N who="3" m="45066" /><G135/><T33/><D3/><U17/><E123/><V126/><F108/><W65/><G65/><T129/><D122/><U14/><E125/><V70/><F126/><W131/><G124/><T79/><D129/><N who="3" m="49737" /><G101/><T63/><D106/><U120/><E120/><V130/><F70/><W9/><G22/><T133/><D107/><U127/><E127/><V55/><F66/><W64/><G64/><T53/><D133/><U105/><E61/><V16/><F40/><W34/><G34/><T121/><D121/><U94/><E45/><V84/><F72/><W116/><G116/><T8/><D31/><U73/><E4/><V111/><F111/><W56/><G56/><N who="0" m="35215" /><D33/><U114/><E0/><V113/><F130/><W52/><G52/><N who="0" m="29727" /><D13/><U132/><E132/><V71/><F71/><W95/><G9/><T35/><D42/><U2/><E105/><V58/><F41/><W59/><G59/><T37/><D35/><U21/><E73/><V6/><F58/><W96/><AGARI ba="1,0" hai="74,76,81,90,95,96,109,110" m="49737,45066" machi="96" ten="40,8000,1" yaku="12,1,19,1,34,2,52,1" doraHai="75" who="3" fromWho="3" sc="230,-21,160,-41,240,-21,370,83" /><INIT seed="2,0,0,3,4,54" ten="209,119,219,453" oya="2" hai0="33,104,14,132,117,28,111,88,80,8,45,26,10" hai1="100,31,32,76,34,43,95,15,108,110,68,119,123" hai2="13,107,85,38,30,21,121,66,42,69,86,64,44" hai3="70,78,74,94,51,113,57,25,18,67,72,37,9"/><V5/><F121/><W39/><G70/><T4/><D104/><U91/><E68/><V65/><F69/><W63/><G113/><T124/><D111/><N who="1" m="42539" /><E43/><V106/><F106/><W41/><G51/><T35/><D124/><U84/><E31/><V60/><F107/><W81/><G72/><T50/><D132/><U17/><E100/><V29/><F60/><W47/><G94/><T58/><D117/><U11/><E119/><V82/><F85/><W98/><G98/><T83/><D35/><N who="1" m="13355" /><E76/><V53/><F30/><W7/><G25/><T59/><D10/><U102/><E102/><V134/><F29/><W127/><G127/><T131/><D88/><N who="1" m="53639" /><E123/><V97/><F42/><W90/><G90/><AGARI ba="0,0" hai="11,15,17,90,91" m="53639,13355,42539" machi="90" ten="30,2000,0" yaku="14,1,54,1" doraHai="54" who="1" fromWho="3" sc="209,0,119,20,219,0,453,-20" /><INIT seed="3,0,0,4,5,72" ten="209,139,219,433" oya="3" hai0="134,17,132,21,16,8,86,20,119,74,89,129,29" hai1="100,56,102,115,130,57,81,31,111,48,30,112,65" hai2="40,9,45,27,122,98,70,26,62,22,59,78,35" hai3="18,82,63,91,15,108,47,73,2,49,0,99,14"/><W117/><G117/><T39/><D74/><U10/><E65/><V105/><F70/><W95/><G108/><T83/><D119/><U19/><E111/><V69/><F69/><W7/><G7/><T79/><D39/><U104/><E130/><V33/><F78/><W103/><G63/><T77/><D129/><U44/><E104/><V3/><F27/><W135/><G135/><N who="0" m="51755" /><D8/><U106/><E106/><V11/><F11/><W75/><G15/><N who="0" m="9247" /><D29/><U64/><E64/><V38/><F122/><W23/><G75/><T34/><D34/><U92/><E92/><V46/><F46/><W41/><G73/><T43/><D43/><U121/><E121/><V120/><F120/><W42/><G42/><T68/><D68/><U110/><E110/><V123/><F123/><W4/><G4/><T61/><D61/><U113/><E81/><V53/><F9/><W60/><G60/><T97/><D97/><U32/><E32/><V116/><F3/><W13/><G13/><AGARI ba="0,0" hai="13,17,21,77,79,83,86,89" m="9247,51755" machi="13" ten="30,7700,0" yaku="20,1,52,2,54,1" doraHai="72" who="0" fromWho="3" sc="209,77,139,0,219,0,433,-77" owari="286,8.6,139,-36.1,219,-18.1,356,45.6" /></mjloggm>