<mjloggm ver="2.3"><GO type="225" lobby="0"/><UN n0="%E7%AD%89%E3%80%85%E5%8A%9B%E5%8A%87%E5%A0%B4" n1="%73%61%6E%64%69%72%69%73" n2="%E3%81%BF%E3%81%BF%E3%81%9A" n3="%72%61%6B%33" dan="16,16,17,18" rate="2168.94,2149.21,2191.38,2257.25" sx="M,M,M,M"/><TAIKYOKU oya="0"/><INIT seed="0,0,0,3,3,114" ten="250,250,250,250" oya="0" hai0="101,81,12,35,68,44,128,66,103,22,31,18,9" hai1="96,86,4,120,1,5,49,122,19,100,30,50,118" hai2="6,124,69,20,133,104,112,134,10,70,107,83,95" hai3="113,125,71,56,16,130,25,75,119,85,33,123,45"/><T13/><D128/><U21/><E30/><V99/><F20/><W111/><RYUUKYOKU type="yao9" ba="0,0" sc="250,0,250,0,250,0,250,0" hai3="16,25,33,45,56,71,75,85,111,113,119,123,125,130" /><INIT seed="0,1,0,4,4,20" ten="250,250,250,250" oya="0" hai0="53,107,5,48,8,113,72,37,68,46,75,6,31" hai1="14,130,110,42,67,34,35,112,59,36,71,89,25" hai2="118,95,82,26,83,65,128,127,58,70,16,129,52" hai3="131,125,90,13,49,93,18,2,56,33,15,121,73"/><T132/><D113/><U105/><E110/><V120/><F120/><W84/><G125/><T108/><D107/><U122/><E122/><V40/><F40/><W55/><G121/><T7/><D68/><U99/><E59/><V79/><F127/><W3/><G131/><N who="2" m="50249" /><F118/><W47/><G73/><T106/><D106/><U44/><E14/><V77/><F95/><W100/><G33/><T114/><D114/><U38/><E130/><V1/><F1/><W103/><G15/><T88/><D132/><U126/><E89/><V85/><F65/><W116/><G116/><T24/><D108/><U45/><E126/><V54/><F70/><W101/><REACH who="3" step="1"/><G47/><REACH who="3" ten="250,250,250,240" step="2"/><T61/><D75/><U32/><E45/><V124/><F124/><W60/><G60/><T28/><D72/><U87/><E112/><V30/><F58/><W17/><G17/><T64/><D31/><N who="1" m="19567" /><E38/><V102/><F16/><W109/><G109/><T134/><D37/><U41/><E44/><V133/><F133/><W27/><G27/><T22/><D134/><U9/><E36/><V135/><F135/><W21/><AGARI ba="1,1" hai="2,3,13,18,21,49,55,56,84,90,93,100,101,103" machi="21" ten="30,8000,1" yaku="1,1,0,1,25,2,53,1" doraHai="20" doraHaiUra="80" who="3" fromWho="3" sc="250,-41,250,-21,250,-21,240,93" /><INIT seed="1,0,0,3,1,125" ten="209,229,229,333" oya="1" hai0="28,122,85,8,96,26,77,59,126,133,58,124,119" hai1="27,46,23,18,71,32,4,78,67,47,68,63,72" hai2="17,20,56,99,89,14,123,135,83,76,49,111,35" hai3="12,98,121,7,93,30,70,116,48,33,80,64,37"/><U25/><E71/><V127/><F123/><W97/><G37/><T118/><D133/><U100/><E4/><V103/><F127/><N who="0" m="48682" /><D122/><U13/><E78/><V34/><F135/><W113/><G97/><T114/><D114/><U87/><E72/><V115/><F115/><W45/><G80/><N who="0" m="47247" /><D8/><U29/><E87/><V9/><F111/><W86/><G86/><T132/><D132/><U74/><E74/><V112/><F89/><W91/><G116/><T117/><D96/><U54/><E54/><V31/><F112/><W88/><G113/><T90/><D90/><U69/><E69/><V61/><F49/><W51/><G51/><T44/><D44/><U62/><E62/><V50/><F50/><W21/><G70/><T10/><D10/><U128/><E100/><V39/><F39/><W101/><G64/><T84/><D84/><U3/><E3/><V40/><F40/><W66/><G66/><T81/><D81/><U53/><E53/><V41/><F41/><W129/><G91/><T106/><D106/><U94/><E94/><N who="2" m="58871" /><F83/><W92/><G93/><T60/><D60/><U108/><E108/><V52/><F76/><W75/><G88/><T102/><D102/><U38/><E38/><V82/><F82/><W36/><G75/><T134/><D134/><U22/><REACH who="1" step="1"/><E128/><REACH who="1" ten="209,219,229,333" step="2"/><V6/><F6/><W5/><G36/><T65/><D65/><U73/><E73/><V130/><F130/><W0/><G129/><T42/><D42/><U43/><E43/><V104/><F104/><W107/><G107/><T95/><D95/><U109/><E109/><V110/><F110/><RYUUKYOKU ba="0,1" sc="209,10,219,10,229,10,333,-30" hai0="26,28,58,59,117,118,119" hai1="13,18,22,23,25,27,29,32,46,47,63,67,68" hai2="9,14,17,20,31,34,35,52,56,61" /><INIT seed="1,1,1,5,5,6" ten="219,229,239,303" oya="1" hai0="2,34,131,46,53,37,77,102,52,44,106,126,68" hai1="118,78,61,117,108,49,13,7,64,56,15,27,42" hai2="119,55,122,0,134,54,25,128,70,50,29,116,60" hai3="115,66,48,90,93,47,84,86,133,62,107,96,17"/><U31/><E108/><V22/><F122/><W58/><G133/><T72/><D34/><U132/><E132/><V21/><F134/><W5/><G115/><T28/><D68/><U16/><E78/><V94/><F128/><W4/><G17/><T101/><D2/><U43/><E117/><V8/><F94/><W18/><G18/><T69/><D69/><U41/><E118/><V3/><F70/><W73/><G73/><T9/><D28/><U91/><E7/><N who="3" m="2634" /><G107/><T79/><D106/><U113/><E113/><V110/><F110/><W135/><G135/><T32/><D32/><U1/><E1/><V45/><F60/><W35/><G35/><T30/><D30/><U36/><E36/><V114/><F114/><W87/><G96/><T67/><D37/><U10/><E13/><V95/><F29/><W103/><G103/><T121/><D72/><U105/><E105/><V19/><F25/><W81/><G81/><T75/><D75/><U12/><E12/><V57/><F0/><W26/><G26/><T130/><D121/><U83/><E27/><V40/><F3/><W104/><G104/><T74/><D74/><U98/><E31/><V112/><F112/><W124/><G124/><T92/><D92/><N who="1" m="56607" /><E83/><V76/><F119/><W99/><G99/><T80/><D80/><U120/><E120/><V38/><F116/><W88/><G93/><T14/><D14/><U20/><E20/><N who="2" m="7787" /><F95/><W71/><G71/><T100/><D126/><U63/><E63/><N who="2" m="36279" /><F76/><W33/><G33/><T65/><D101/><U129/><E129/><V51/><F38/><W85/><G85/><RYUUKYOKU ba="1,1" sc="219,10,229,10,239,-30,303,10" hai0="9,44,46,52,53,65,67,77,79,100,102,130,131" hai1="10,15,16,41,42,43,49,56,61,64" hai3="47,48,58,62,66,84,86,87,88,90" /><INIT seed="1,2,1,5,5,101" ten="229,239,209,313" oya="1" hai0="122,27,29,72,116,3,58,93,48,45,50,91,78" hai1="100,79,52,21,32,80,117,92,19,55,66,7,43" hai2="11,130,123,67,61,33,109,133,73,89,108,64,24" hai3="35,121,97,94,2,75,60,15,53,77,5,23,110"/><U63/><E117/><V47/><F123/><W4/><G35/><T107/><D3/><U31/><E43/><V96/><F73/><W87/><G110/><N who="2" m="42601" /><F133/><W102/><G75/><T41/><D116/><U39/><E39/><V124/><F124/><W28/><G2/><T74/><D122/><U68/><E7/><V88/><F130/><W86/><G121/><T129/><D129/><U69/><E69/><V16/><F47/><W22/><G28/><T125/><D125/><U128/><E128/><V85/><F96/><W103/><G103/><T118/><D118/><U76/><E76/><V131/><F131/><W105/><G105/><T20/><D78/><U134/><E134/><V82/><F89/><W37/><G37/><T95/><D95/><U12/><E92/><V54/><F33/><W38/><G38/><T14/><D107/><U71/><E71/><V126/><F126/><W44/><G44/><T18/><D58/><U81/><E100/><V17/><F24/><W42/><G42/><T34/><D50/><U98/><E98/><AGARI ba="2,1" hai="14,18,20,27,29,34,41,45,48,72,74,91,93,98" machi="98" ten="30,1000,0" yaku="7,1" doraHai="101" who="0" fromWho="1" sc="229,26,239,-16,209,0,313,0" /><INIT seed="2,0,0,0,5,15" ten="255,223,209,313" oya="2" hai0="112,118,101,18,68,110,103,86,53,83,36,22,8" hai1="104,90,79,44,122,126,111,82,130,7,114,94,125" hai2="100,33,10,52,45,99,72,77,47,6,96,56,13" hai3="51,115,66,134,116,102,17,57,63,89,11,21,76"/><V0/><F33/><W27/><G134/><T84/><D112/><U107/><E7/><V121/><F121/><W25/><G115/><T127/><D68/><U16/><E114/><V69/><F69/><W105/><G116/><T93/><D36/><U34/><E34/><V46/><F0/><W41/><G76/><T67/><D67/><U55/><E111/><V60/><REACH who="2" step="1"/><F100/><REACH who="2" ten="255,223,199,313" step="2"/><W108/><G108/><T132/><D103/><U31/><E122/><V129/><F129/><W91/><G102/><T88/><D101/><U71/><E71/><V50/><F50/><W19/><G105/><T14/><D110/><U133/><E130/><V24/><F24/><W128/><G128/><T123/><D123/><U131/><E131/><V92/><F92/><W98/><G27/><T54/><D118/><U35/><E104/><V28/><F28/><W30/><G30/><T58/><D132/><U5/><E31/><V64/><F64/><W43/><G51/><T59/><D93/><U120/><E35/><V119/><F119/><W81/><G66/><T37/><D37/><U3/><E107/><V38/><F38/><W75/><G25/><T48/><D48/><N who="1" m="29063" /><E133/><V135/><F135/><W61/><G61/><T9/><D127/><U106/><E106/><V80/><AGARI ba="0,1" hai="6,10,13,45,46,47,52,56,60,72,77,80,96,99" machi="80" ten="30,6000,0" yaku="1,1,0,1,54,1,53,0" doraHai="15" doraHaiUra="117" who="2" fromWho="2" sc="255,-20,223,-20,199,70,313,-20" /><INIT seed="2,1,0,0,5,42" ten="235,203,269,293" oya="2" hai0="109,107,129,128,43,79,33,31,40,123,78,52,73" hai1="38,113,17,1,108,44,84,74,7,68,90,125,22" hai2="80,50,101,58,25,9,69,27,103,124,60,97,116" hai3="134,133,99,76,111,19,56,48,62,95,122,15,55"/><V21/><F116/><W29/><G122/><T20/><D107/><U0/><E113/><V93/><F124/><W118/><G118/><T24/><D123/><U35/><E74/><V6/><F69/><W5/><G111/><T49/><D33/><U119/><E68/><V100/><F80/><W132/><G29/><T126/><D109/><U102/><E35/><V94/><F50/><W26/><G5/><T10/><D10/><U3/><E108/><V110/><F110/><W13/><G76/><N who="0" m="29227" /><D73/><U89/><E119/><V114/><F114/><W34/><G34/><T59/><D126/><U45/><E125/><V127/><F127/><W135/><G135/><T11/><D11/><U117/><E117/><V36/><F36/><W54/><G26/><T63/><D63/><U65/><E65/><V86/><F86/><W96/><G19/><T112/><D112/><U57/><E7/><V8/><F27/><W83/><G83/><T81/><D81/><U41/><E57/><V98/><F101/><N who="3" m="60575" /><G99/><T91/><D91/><U23/><E102/><V14/><F14/><W121/><G121/><T88/><D88/><U66/><E66/><V70/><F70/><W37/><G37/><T28/><D28/><U4/><E4/><V16/><F6/><W2/><G2/><T82/><D82/><N who="1" m="49303" /><E90/><V64/><AGARI ba="1,0" hai="8,9,16,21,25,58,60,64,93,94,97,98,100,103" machi="64" ten="20,12000,1" yaku="0,1,7,1,9,1,8,1,54,1" doraHai="42" who="2" fromWho="2" sc="235,-41,203,-41,269,123,293,-41" /><INIT seed="2,2,0,2,2,123" ten="194,162,392,252" oya="2" hai0="108,130,134,127,50,36,86,116,49,30,11,64,122" hai1="81,70,111,67,6,13,12,57,82,55,102,0,104" hai2="92,90,61,32,124,16,52,119,103,40,1,95,115" hai3="51,48,71,114,131,37,129,56,101,59,45,24,42"/><V8/><F115/><W69/><G24/><T25/><D122/><U128/><E128/><N who="3" m="49226" /><G101/><T79/><D36/><U54/><E0/><V126/><F119/><W120/><G120/><T100/><D130/><U9/><E104/><V106/><F32/><W68/><G114/><T117/><D134/><U47/><E102/><V27/><F40/><W94/><G94/><T87/><D127/><N who="2" m="48682" /><F1/><W83/><G83/><T10/><D100/><U26/><E111/><V121/><F121/><W75/><G75/><T5/><D64/><U93/><E70/><V65/><F65/><W125/><G125/><T78/><D25/><U112/><E112/><V97/><F90/><W44/><G37/><T4/><D30/><U34/><E67/><V132/><F132/><W133/><G133/><T62/><D62/><U39/><E34/><V18/><F18/><W29/><G29/><T3/><D3/><U46/><E26/><V109/><F109/><AGARI ba="2,0" hai="4,5,10,11,49,50,78,79,86,87,108,109,116,117" machi="109" ten="25,6400,0" yaku="22,2,52,2" doraHai="123" who="0" fromWho="2" sc="194,70,162,0,392,-70,252,0" /><INIT seed="3,0,0,3,5,43" ten="264,162,322,252" oya="3" hai0="94,110,111,121,117,55,65,1,135,125,50,82,52" hai1="101,23,51,57,106,61,48,77,26,38,47,16,86" hai2="103,95,116,89,60,74,128,83,114,97,13,40,71" hai3="118,17,120,36,130,12,112,96,42,107,113,21,20"/><W28/><G118/><T8/><D117/><U44/><E38/><V93/><F116/><W24/><G120/><T0/><D121/><U79/><E106/><V100/><F114/><W31/><G130/><T39/><D39/><U22/><E101/><V18/><F128/><W134/><G134/><T72/><D65/><N who="1" m="39087" /><E23/><V78/><F40/><W37/><G31/><T98/><D125/><U131/><E131/><V105/><F95/><W59/><G59/><T33/><D33/><U88/><E51/><V109/><F109/><N who="0" m="41482" /><D135/><U102/><E102/><V14/><F103/><W19/><G37/><T34/><D34/><U91/><E91/><V15/><F60/><W104/><G28/><T129/><D129/><U32/><E32/><V54/><F54/><W70/><G70/><T53/><D82/><N who="1" m="49239" /><E47/><V66/><F71/><W85/><G107/><T63/><D72/><U115/><E115/><V6/><F105/><W35/><G35/><T5/><D0/><U84/><E84/><V76/><F100/><W10/><G85/><T62/><D50/><U64/><E64/><V3/><F66/><W30/><G104/><T73/><D73/><U45/><E45/><V133/><F133/><W75/><G75/><T4/><D1/><U67/><E67/><V49/><F74/><W69/><G69/><T108/><D108/><U132/><E132/><V119/><F119/><W126/><G96/><T56/><D98/><U11/><E11/><V27/><F97/><W80/><G113/><T41/><D8/><U9/><E9/><V25/><F3/><W92/><G112/><T58/><D58/><RYUUKYOKU ba="0,0" sc="264,-10,162,30,322,-10,252,-10" hai1="16,22,26,44,48,77,79" owari="254,5.4,192,-30.8,312,41.2,242,-15.8" /></mjloggm>