<mjloggm ver="2.3"><GO type="225" lobby="0"/><UN n0="%E3%81%8B%E3%82%8F%E3%81%A1%E3%82%83%E3%82%93%35%38" n1="%E3%83%81%E3%83%AF%E3%83%AF%E9%9A%8A%E9%95%B7" n2="%E4%BF%BA%E3%81%A8%E5%A6%96%E5%A4%A2" n3="%E3%81%8C%E3%81%9F" dan="17,16,17,16" rate="2222.08,2073.43,2179.04,2121.66" sx="M,M,F,M"/><TAIKYOKU oya="0"/><INIT seed="0,0,0,3,1,90" ten="250,250,250,250" oya="0" hai0="7,59,20,64,43,17,104,132,67,40,38,47,74" hai1="89,83,75,105,121,125,2,5,85,13,55,8,100" hai2="111,128,108,1,10,49,120,56,28,76,71,122,115" hai3="45,81,65,41,50,79,62,99,87,77,18,11,25"/><T31/><D74/><U84/><E121/><N who="2" m="46699" /><F76/><W107/><G107/><T53/><D104/><U135/><E75/><V82/><F82/><W34/><G34/><T51/><D31/><U57/><E125/><V37/><F115/><W61/><G99/><T68/><D7/><U95/><E135/><V16/><F71/><W26/><G77/><T70/><D20/><U91/><E2/><V112/><F37/><W4/><G18/><T24/><D24/><U134/><E134/><V33/><F112/><W110/><G110/><N who="2" m="42025" /><F56/><N who="3" m="37031" /><G62/><N who="0" m="36207" /><D17/><U119/><E119/><V130/><F49/><W39/><G39/><T48/><D132/><U36/><E36/><V78/><F78/><W3/><G3/><T123/><D123/><U32/><E32/><V73/><F73/><W29/><G29/><T129/><D129/><N who="2" m="49770" /><F28/><W60/><G60/><N who="0" m="39943" /><D43/><U0/><E105/><V9/><F33/><W97/><G79/><T94/><D94/><U133/><E133/><V22/><F1/><W35/><G81/><T114/><D114/><U102/><E0/><V69/><F69/><W21/><G35/><T116/><D116/><U58/><E83/><V19/><F19/><W42/><G42/><T103/><D103/><U44/><E102/><V54/><F54/><W92/><G41/><T98/><D98/><U63/><E100/><V131/><N who="2" m="49778" /><V30/><DORA hai="93" /><F30/><W118/><G97/><T106/><D106/><U66/><E84/><V46/><F22/><W117/><G21/><T126/><D70/><N who="1" m="42335" /><E89/><V88/><F88/><N who="3" m="53279" /><G117/><T113/><D113/><U86/><E86/><V12/><F9/><W23/><G118/><RYUUKYOKU ba="0,0" sc="250,-15,250,15,250,15,250,-15" hai1="5,8,13,44,55,57,58,85,91,95" hai2="10,12,16,46" /><INIT seed="1,1,0,2,1,113" ten="235,265,265,235" oya="1" hai0="80,121,116,1,132,56,129,97,33,2,54,66,128" hai1="62,89,126,11,6,124,0,3,78,114,15,83,69" hai2="76,51,47,100,25,67,77,70,26,119,111,68,109" hai3="64,57,55,131,107,13,5,81,7,50,118,123,103"/><U84/><E114/><V86/><F100/><W99/><G123/><T88/><D33/><U42/><E42/><V87/><F67/><W105/><G105/><T37/><D37/><U31/><E31/><V44/><F51/><W93/><G131/><N who="0" m="50251" /><D121/><U72/><E69/><V34/><F34/><W94/><G118/><AGARI ba="1,0" hai="25,26,44,47,68,70,76,77,86,87,109,111,118,119" machi="118" ten="25,6400,0" yaku="22,2,52,2" doraHai="113" who="2" fromWho="3" sc="235,0,265,0,265,67,235,-67" /><INIT seed="2,0,0,2,4,77" ten="235,265,332,168" oya="2" hai0="122,119,87,33,75,47,2,83,127,97,93,49,60" hai1="26,36,103,7,11,108,80,54,107,128,37,102,111" hai2="113,55,44,45,28,1,79,59,109,10,22,25,62" hai3="131,76,101,85,8,63,124,48,74,23,17,18,5"/><V116/><F113/><W115/><G74/><T98/><D122/><U78/><E128/><V112/><F112/><W65/><G115/><T104/><D2/><U12/><E26/><V16/><F116/><W52/><G131/><T34/><D127/><U134/><E134/><V89/><F109/><N who="1" m="42057" /><E54/><V43/><F79/><W72/><G72/><T130/><D130/><U90/><E90/><V15/><F43/><W81/><G124/><T125/><D125/><U84/><E107/><V110/><F110/><W132/><G132/><T13/><D75/><U3/><E3/><V86/><REACH who="2" step="1"/><F1/><REACH who="2" ten="235,265,322,168" step="2"/><W27/><G101/><AGARI ba="0,1" hai="7,11,12,36,37,78,80,84,101,102,103" m="42057" machi="101" ten="30,2000,0" yaku="14,1,52,1" doraHai="77" who="1" fromWho="3" sc="235,0,265,30,322,0,168,-20" /><INIT seed="3,0,0,1,1,72" ten="235,295,322,148" oya="3" hai0="123,68,24,57,15,114,50,126,54,8,64,29,124" hai1="31,23,84,100,120,25,62,6,112,74,133,108,121" hai2="127,46,39,28,129,111,83,14,56,77,132,58,79" hai3="12,106,131,99,95,118,36,98,51,70,19,82,113"/><W53/><G113/><T80/><D123/><U44/><E74/><V135/><F111/><W90/><G118/><T117/><D117/><U48/><E112/><V110/><F110/><W1/><G1/><T10/><D114/><U42/><E108/><V102/><F129/><W41/><G70/><T71/><D8/><U20/><E133/><N who="2" m="51275" /><F127/><W21/><G131/><T101/><D101/><U35/><E35/><V33/><F102/><W75/><G106/><T130/><D130/><U91/><E100/><V4/><F28/><W9/><G36/><T37/><D37/><U22/><E6/><V63/><F33/><W60/><G41/><T5/><D64/><U34/><REACH who="1" step="1"/><E62/><REACH who="1" ten="235,285,322,148" step="2"/><V76/><F63/><W93/><G60/><T103/><D103/><U27/><E27/><V88/><F4/><W67/><G67/><T73/><D126/><U87/><E87/><N who="2" m="50303" /><F14/><W115/><G115/><T2/><D124/><U18/><E18/><V97/><F97/><N who="3" m="36875" /><G75/><T7/><D7/><U52/><E52/><V104/><F104/><W26/><G82/><AGARI ba="0,1" hai="20,22,23,25,31,34,42,44,48,82,84,91,120,121" machi="82" ten="40,1300,0" yaku="1,1,53,0" doraHai="72" doraHaiUra="107" who="1" fromWho="3" sc="235,0,285,23,322,0,148,-13" owari="235,-16.5,308,10.8,322,42.2,135,-36.5" /></mjloggm>