<mjloggm ver="2.3"><GO type="225" lobby="0"/><UN n0="%E3%81%B5%E3%81%98%E3%81%8B%E3%81%A4" n1="%E3%81%8D%E3%82%85%E3%81%86" n2="%E3%82%A2%E3%82%A4%E3%82%B9%E3%83%86%E3%82%A3%E3%83%BC%E3%81%82%E3%81%B9" n3="%E3%81%BF%E3%81%BF%E3%81%9A" dan="16,16,16,16" rate="2191.37,2081.75,2087.12,2230.73" sx="M,M,M,M"/><TAIKYOKU oya="0"/><INIT seed="0,0,0,1,0,14" ten="250,250,250,250" oya="0" hai0="126,36,98,50,52,41,67,112,108,43,69,56,54" hai1="132,80,75,76,44,107,26,105,113,110,89,10,28" hai2="27,70,19,32,93,22,117,62,96,66,134,121,30" hai3="106,95,11,92,85,39,2,35,104,90,15,18,72"/><T53/><D112/><U120/><E120/><V81/><F134/><W119/><G119/><T5/><D5/><U68/><E110/><V88/><F117/><W25/><G39/><T16/><D108/><U9/><E68/><V84/><F121/><W6/><G72/><T23/><D126/><U0/><E113/><V34/><REACH who="2" step="1"/><F30/><REACH who="2" ten="250,250,240,250" step="2"/><W59/><G95/><T109/><D109/><U115/><E132/><V47/><F47/><W135/><G135/><T46/><D43/><U131/><E115/><V116/><F116/><W45/><G45/><T8/><D8/><U42/><E10/><V17/><F17/><W130/><G130/><T86/><D86/><U122/><E122/><V128/><F128/><W63/><G2/><T97/><D98/><U4/><E131/><V60/><F60/><W1/><G1/><T48/><D97/><U114/><E114/><V99/><F99/><W74/><G74/><T33/><D33/><U125/><E125/><V3/><F3/><W133/><G133/><T91/><D91/><AGARI ba="0,1" hai="19,22,27,32,34,62,66,70,81,84,88,91,93,96" machi="91" ten="30,8000,1" yaku="1,1,7,1,52,1,54,1,53,1" doraHai="14" doraHaiUra="64" who="2" fromWho="0" sc="250,-80,250,0,240,90,250,0" /><INIT seed="1,0,0,4,3,5" ten="170,250,330,250" oya="1" hai0="76,20,132,46,83,99,8,0,19,73,93,58,11" hai1="26,68,57,122,52,95,118,84,59,6,131,10,71" hai2="86,103,133,91,96,9,129,24,50,16,29,107,121" hai3="25,30,134,126,53,14,117,89,85,63,78,55,135"/><U64/><E118/><V61/><F133/><N who="3" m="50699" /><G117/><T114/><D132/><U33/><E122/><V116/><F116/><W90/><G126/><T81/><D114/><U15/><E131/><V34/><F129/><W102/><G102/><T70/><D70/><U54/><E64/><V39/><F39/><W82/><G14/><T7/><D46/><U22/><E33/><V60/><F50/><W27/><G27/><T98/><D58/><N who="1" m="22027" /><E71/><V72/><F72/><N who="3" m="43335" /><G63/><T113/><D113/><U65/><E65/><V92/><REACH who="2" step="1"/><F121/><REACH who="2" ten="170,250,320,250" step="2"/><W44/><G44/><T36/><D36/><U62/><E62/><V3/><F3/><W94/><G90/><T12/><D73/><U125/><E125/><V66/><F66/><W18/><G55/><T17/><D76/><U88/><E68/><V100/><F100/><W69/><G53/><T77/><D77/><U74/><E74/><V56/><F56/><W37/><G37/><T80/><REACH who="0" step="1"/><D93/><REACH who="0" ten="160,250,320,250" step="2"/><U2/><E2/><V43/><F43/><W105/><G69/><T111/><D111/><U49/><E49/><V112/><F112/><W79/><G79/><T32/><D32/><U51/><E51/><V115/><F115/><W42/><G42/><T48/><D48/><U21/><E95/><V109/><F109/><W1/><G105/><T124/><D124/><U67/><E54/><V119/><F119/><W31/><G1/><T123/><D123/><U38/><E52/><V130/><F130/><W104/><G104/><T47/><D47/><U110/><E38/><V40/><F40/><W108/><G108/><T75/><D75/><U41/><E110/><RYUUKYOKU ba="0,2" sc="160,10,250,-30,320,10,250,10" hai0="0,7,8,11,12,17,19,20,80,81,83,98,99" hai2="9,16,24,29,34,60,61,86,91,92,96,103,107" hai3="18,25,30,31,85,89,94" /><INIT seed="2,1,2,0,5,92" ten="170,220,330,260" oya="2" hai0="112,86,37,96,28,81,33,31,52,88,14,65,38" hai1="114,18,110,91,9,113,22,87,105,72,12,50,102" hai2="43,16,104,129,82,109,131,62,44,124,30,79,108" hai3="64,42,89,107,135,103,76,83,123,68,11,24,58"/><V99/><F30/><W45/><G123/><T74/><D112/><U134/><E110/><N who="2" m="42603" /><F124/><W69/><G24/><T60/><D14/><U21/><E134/><V80/><F62/><W59/><G89/><T23/><D33/><U101/><E72/><V56/><F56/><W46/><G58/><N who="0" m="34887" /><D38/><U51/><E114/><V17/><F99/><W71/><G59/><T19/><D37/><U106/><E106/><V3/><F104/><W85/><G69/><T57/><D74/><U122/><E105/><V94/><F94/><W97/><G68/><T75/><D75/><U27/><E22/><V54/><F54/><W84/><G135/><T6/><D6/><U118/><E118/><V47/><F3/><W121/><G71/><T55/><D65/><U127/><E127/><V8/><F44/><W0/><G64/><T20/><D96/><U70/><E70/><V29/><F29/><N who="0" m="11338" /><D19/><N who="2" m="7242" /><F8/><W26/><G0/><T133/><D133/><U7/><E113/><V25/><F25/><W95/><G11/><T35/><D35/><U4/><E4/><V10/><F10/><W40/><G26/><T15/><D15/><U90/><E7/><V111/><F111/><W128/><G107/><T34/><D34/><U48/><E9/><V77/><F79/><W126/><G126/><T67/><D67/><U132/><E12/><V73/><F80/><W49/><G83/><T63/><AGARI ba="1,2" hai="20,23,55,57,63,81,86,88" m="11338,34887" machi="63" ten="30,4000,0" yaku="8,1,54,2" doraHai="92" who="0" fromWho="0" sc="170,63,220,-11,330,-21,260,-11" /><INIT seed="3,0,0,1,4,59" ten="233,209,309,249" oya="3" hai0="98,78,75,29,67,53,38,117,25,86,8,121,111" hai1="116,48,108,95,49,23,123,122,21,101,68,26,10" hai2="77,54,52,110,55,30,1,16,129,103,37,35,18" hai3="80,112,102,100,119,43,27,118,126,74,41,84,44"/><W4/><G112/><T97/><D117/><U83/><E108/><V0/><F37/><W109/><G74/><T9/><D121/><U19/><E116/><V88/><F77/><W40/><G44/><T11/><D75/><U124/><E124/><V63/><F103/><W47/><G47/><T28/><D38/><U127/><E127/><V36/><F36/><W58/><G126/><T133/><D133/><U6/><E83/><V14/><F110/><W131/><G109/><T70/><D53/><U65/><E23/><V3/><F63/><W82/><G131/><T120/><D120/><U91/><E101/><V93/><F129/><W79/><G4/><T5/><D5/><U105/><E105/><V81/><F81/><W87/><G58/><T76/><D111/><U73/><E73/><V135/><F14/><W12/><G12/><T106/><D106/><U51/><E65/><V32/><F135/><W71/><G71/><T46/><D70/><U96/><REACH who="1" step="1"/><E68/><REACH who="1" ten="233,199,309,249" step="2"/><V130/><F130/><W64/><G64/><T94/><D67/><U62/><E62/><V50/><F35/><W60/><G60/><T90/><D78/><U2/><AGARI ba="0,1" hai="2,6,10,19,21,26,48,49,51,91,95,96,122,123" machi="2" ten="30,2000,0" yaku="1,1,0,1,53,0" doraHai="59" doraHaiUra="57" who="1" fromWho="1" sc="233,-5,199,30,309,-5,249,-10" owari="228,-27.2,229,-17.1,304,40.4,239,3.9" /></mjloggm>