<mjloggm ver="2.3"><GO type="225" lobby="0"/><UN n0="%E9%81%85%E5%88%BB%E3%81%AE%E3%83%97%E3%83%AA%E3%83%B3%E3%82%B9%E2%99%AA" n1="%48%61%61%61%6C%61%6E%64" n2="%73%6C%69%63%6B%33%31%39" n3="%E4%B8%AD%E5%B9%B4%E3%81%AE%E5%8D%B1%E6%A9%9F" dan="16,17,16,16" rate="2182.25,2254.06,2188.74,2116.23" sx="F,M,M,M"/><TAIKYOKU oya="0"/><INIT seed="0,0,0,4,5,23" ten="250,250,250,250" oya="0" hai0="30,57,67,88,122,22,83,69,82,19,42,8,130" hai1="18,13,105,98,102,37,95,104,27,7,45,85,108" hai2="68,112,110,39,113,15,46,120,49,106,72,116,73" hai3="123,2,33,115,94,29,79,48,12,9,3,124,78"/><T40/><D122/><U129/><E108/><V52/><F120/><W44/><G123/><T17/><D69/><U65/><E129/><V99/><F68/><W81/><G115/><T92/><D130/><U132/><E132/><V119/><F110/><W41/><G124/><T90/><D30/><U86/><E65/><V1/><F1/><W118/><G118/><N who="2" m="45097" /><F39/><W127/><G127/><T64/><D8/><U56/><E56/><V28/><F15/><W60/><G60/><N who="0" m="37903" /><D67/><U121/><E121/><V36/><F36/><W133/><G133/><T35/><D35/><U71/><E71/><V109/><F109/><W125/><G125/><T107/><D107/><U66/><E66/><V20/><F99/><W59/><G59/><T47/><D47/><U43/><E7/><V70/><F106/><W24/><G94/><T63/><D63/><U101/><E105/><V11/><F11/><W100/><G100/><T50/><D90/><U76/><E102/><V54/><F54/><W16/><REACH who="3" step="1"/><G78/><REACH who="3" ten="250,250,250,240" step="2"/><T61/><D61/><U74/><E104/><V126/><F126/><W38/><G38/><T4/><D92/><U89/><E101/><V96/><F70/><W111/><G111/><T117/><D117/><U32/><E76/><V103/><F113/><W62/><G62/><T134/><D134/><U14/><E37/><V84/><F112/><W75/><AGARI ba="0,1" hai="2,3,9,12,16,24,29,33,41,44,48,75,79,81" machi="75" ten="20,12000,2" yaku="1,1,0,1,7,1,52,1,54,1,53,1" doraHai="23" doraHaiUra="26" who="3" fromWho="3" sc="250,-60,250,-30,250,-30,240,130" /><INIT seed="1,0,0,3,1,94" ten="190,220,220,370" oya="1" hai0="60,23,67,1,57,10,17,20,85,64,38,100,124" hai1="102,56,65,5,34,83,106,3,68,63,134,25,81" hai2="22,73,59,75,53,21,6,91,35,26,108,98,32" hai3="99,12,2,120,30,116,13,31,130,44,132,72,27"/><U105/><E134/><V88/><F108/><W84/><G72/><T121/><D38/><U9/><E56/><V46/><F6/><W125/><G2/><T135/><D135/><U47/><E47/><V40/><F73/><W29/><G132/><T51/><D124/><U107/><REACH who="1" step="1"/><E102/><REACH who="1" ten="190,210,220,370" step="2"/><V93/><F59/><W54/><G125/><T86/><D100/><U129/><E129/><V123/><F46/><W92/><G130/><T101/><D101/><U119/><E119/><V11/><F123/><W37/><G116/><T55/><D121/><U41/><E41/><V42/><F40/><W16/><G120/><T89/><D67/><U126/><E126/><V95/><F42/><W15/><G44/><T131/><D131/><U128/><E128/><V127/><F127/><W45/><G45/><T87/><D64/><U103/><E103/><V66/><F66/><W97/><G54/><T76/><D60/><U50/><E50/><V122/><F122/><W7/><G37/><T110/><D110/><U39/><E39/><V52/><F52/><W74/><G7/><T69/><D57/><U96/><E96/><N who="3" m="36938" /><G74/><T4/><D55/><U36/><E36/><V70/><F53/><W28/><N who="3" m="7168" /><DORA hai="71" /><W79/><G79/><T62/><D76/><U48/><E48/><V80/><F75/><W24/><G84/><T18/><D51/><U58/><E58/><V8/><F35/><W109/><G109/><T117/><D117/><U33/><E33/><V14/><F32/><W115/><G115/><T77/><D77/><U111/><E111/><V61/><F70/><W43/><G43/><RYUUKYOKU ba="0,1" sc="190,-10,210,30,220,-10,370,-10" hai1="3,5,9,25,34,63,65,68,81,83,105,106,107" /><INIT seed="1,1,1,0,2,131" ten="180,240,210,360" oya="1" hai0="23,15,82,129,49,123,3,115,72,111,86,59,103" hai1="69,133,112,25,118,56,66,132,135,28,21,98,122" hai2="88,1,121,18,100,63,7,29,26,42,84,95,109" hai3="5,94,16,70,108,60,117,134,114,34,61,126,104"/><U81/><E112/><V80/><F121/><W97/><G114/><T10/><D115/><U52/><E122/><V119/><F119/><W11/><G117/><T77/><D123/><U30/><E118/><V43/><F109/><W45/><G108/><T48/><D111/><U78/><E98/><N who="2" m="59487" /><F1/><W93/><G34/><T27/><D3/><U68/><E66/><V51/><F7/><W87/><G126/><T62/><D103/><U85/><REACH who="1" step="1"/><E30/><REACH who="1" ten="180,230,210,360" step="2"/><V107/><F107/><W79/><G104/><T65/><D129/><U46/><E46/><V125/><F29/><W55/><G45/><T38/><D38/><U32/><E32/><V9/><F125/><W83/><G97/><T17/><REACH who="0" step="1"/><D72/><REACH who="0" ten="170,230,210,360" step="2"/><U102/><E102/><V110/><F110/><W73/><G73/><T53/><D53/><U41/><E41/><V50/><F43/><W14/><G55/><T130/><D130/><U33/><E33/><V39/><F42/><W74/><G74/><T99/><D99/><U92/><E92/><V2/><F39/><W90/><G93/><T8/><D8/><U64/><E64/><V31/><F9/><W127/><G127/><T116/><D116/><U19/><E19/><AGARI ba="1,3" hai="10,15,17,19,23,27,48,49,59,62,65,77,82,86" machi="19" ten="30,7700,0" yaku="1,1,7,1,8,1,53,1" doraHai="131" doraHaiUra="76" who="0" fromWho="1" sc="170,110,230,-80,210,0,360,0" /><INIT seed="2,0,0,4,2,75" ten="280,150,210,360" oya="2" hai0="33,134,25,9,44,129,30,127,26,125,27,37,40" hai1="4,84,83,122,32,135,126,132,7,113,41,1,16" hai2="108,106,109,52,48,50,130,61,116,11,24,65,45" hai3="20,47,91,124,8,101,14,57,131,64,82,38,62"/><V94/><F106/><W85/><G124/><N who="0" m="47691" /><D129/><U31/><E113/><V77/><F116/><W76/><G131/><T36/><D134/><N who="1" m="51243" /><E126/><V89/><F130/><W22/><G101/><T133/><D133/><U112/><E112/><V18/><F77/><W107/><G107/><T28/><D9/><U114/><E114/><V10/><F50/><W17/><REACH who="3" step="1"/><G91/><REACH who="3" ten="280,150,210,350" step="2"/><T118/><D118/><U105/><E105/><V115/><F115/><W100/><G100/><T46/><D33/><U59/><E122/><V6/><F109/><W74/><G74/><T98/><D98/><U117/><E117/><V88/><F108/><W119/><G119/><T70/><D70/><U69/><E69/><V68/><F89/><W2/><G2/><T58/><D58/><U67/><E1/><V120/><F120/><W99/><G99/><T53/><D53/><U93/><E41/><AGARI ba="0,1" hai="8,14,17,20,22,38,41,47,57,62,64,76,82,85" machi="41" ten="40,5200,0" yaku="1,1,52,1,53,1" doraHai="75" doraHaiUra="55" who="3" fromWho="1" sc="280,0,150,-52,210,0,350,62" /><AGARI ba="0,0" hai="25,26,27,28,30,36,37,40,41,44,46" m="47691" machi="41" ten="30,1000,0" yaku="18,1" doraHai="75" who="0" fromWho="1" sc="280,10,98,-10,210,0,412,0" /><INIT seed="3,0,0,5,1,50" ten="290,88,210,412" oya="3" hai0="45,83,125,101,94,100,112,0,37,55,14,25,53" hai1="93,76,107,134,119,1,102,118,13,78,27,96,4" hai2="71,92,8,127,68,11,24,17,120,60,31,19,28" hai3="114,80,42,21,30,18,88,70,86,90,63,108,82"/><W131/><G114/><T73/><D0/><U128/><E13/><V66/><F127/><W99/><G131/><T89/><D112/><U39/><E27/><V22/><F120/><W95/><G108/><T43/><D125/><U110/><E4/><V35/><F71/><W85/><G42/><T98/><D25/><U116/><E39/><V115/><F115/><W56/><G30/><T32/><D32/><U84/><E1/><V49/><F49/><W81/><G70/><T72/><D101/><U62/><E62/><V79/><F79/><W103/><G21/><T105/><D14/><U6/><E6/><V58/><F68/><W64/><G18/><T40/><D40/><U34/><E34/><V87/><F35/><W9/><G9/><N who="2" m="3657" /><F19/><W111/><G111/><T132/><D132/><U130/><E110/><V12/><F12/><W51/><G51/><T75/><REACH who="0" step="1"/><D83/><AGARI ba="0,0" hai="56,63,64,80,81,82,83,85,86,88,90,95,99,103" machi="83" ten="30,11600,0" yaku="7,1,9,1,8,1,54,1" doraHai="50" who="3" fromWho="0" sc="290,-116,88,0,210,0,412,116" owari="174,-22.6,88,-41.2,210,1.0,528,62.8" /></mjloggm>