<mjloggm ver="2.3"><GO type="225" lobby="0"/><UN n0="%E3%82%A2%E3%82%A4%E3%82%B9%E3%83%86%E3%82%A3%E3%83%BC%E3%81%82%E3%81%B9" n1="%E3%81%A8%E3%82%93%E3%81%A8%E3%81%93%E3%81%A8%E3%82%93" n2="%6D%75%75%6D%75%72%61" n3="%E8%83%83%E3%81%A8%E8%85%B8" dan="16,16,17,17" rate="2115.85,2119.71,2183.58,2264.21" sx="M,F,F,M"/><TAIKYOKU oya="0"/><INIT seed="0,0,0,4,4,55" ten="250,250,250,250" oya="0" hai0="66,31,32,91,41,79,135,64,44,121,61,6,25" hai1="82,42,104,84,97,43,2,38,83,76,95,34,96" hai2="131,29,118,67,122,15,75,12,45,28,1,16,109" hai3="81,26,71,73,36,10,19,8,92,50,78,107,62"/><T17/><D121/><U120/><E2/><V60/><F122/><W112/><G107/><T114/><D114/><U49/><E34/><V48/><F1/><W53/><G36/><T80/><D135/><U74/><E120/><V20/><F109/><W134/><G112/><T40/><D91/><U132/><E132/><V99/><F131/><W30/><G134/><T57/><D6/><U93/><E38/><V69/><F118/><W35/><G19/><T98/><D98/><U85/><E104/><V72/><F12/><W21/><G35/><T110/><D110/><U0/><E0/><V7/><F7/><W65/><REACH who="3" step="1"/><G92/><REACH who="3" ten="250,250,250,240" step="2"/><T119/><D17/><U113/><E113/><V103/><F28/><W88/><G88/><T33/><D119/><U11/><E93/><V116/><F29/><W102/><G102/><T129/><D129/><U106/><E95/><V105/><REACH who="2" step="1"/><F116/><REACH who="2" ten="250,250,240,240" step="2"/><W52/><G52/><AGARI ba="0,2" hai="15,16,20,45,48,52,60,67,69,72,75,99,103,105" machi="52" ten="30,8000,1" yaku="1,1,2,1,7,1,54,2,53,0" doraHai="55" doraHaiUra="89" who="2" fromWho="3" sc="250,0,250,0,240,100,240,-80" /><INIT seed="1,0,0,4,4,13" ten="250,250,340,160" oya="1" hai0="117,102,8,21,24,11,15,104,20,48,55,106,72" hai1="107,70,9,0,92,96,14,99,81,59,63,88,83" hai2="12,39,57,116,37,128,50,71,90,64,31,1,118" hai3="87,68,131,125,100,84,122,61,129,58,130,98,60"/><U95/><E107/><V26/><F1/><W114/><G122/><T101/><D72/><U93/><E70/><V18/><F128/><W62/><G114/><T23/><D24/><U4/><E0/><V2/><F2/><W41/><G125/><T47/><D117/><U25/><E25/><V75/><F71/><W19/><G41/><T66/><D66/><U108/><E108/><V43/><F75/><W113/><G113/><T123/><D123/><U94/><REACH who="1" step="1"/><E99/><REACH who="1" ten="250,240,340,160" step="2"/><V52/><F26/><W56/><G68/><T22/><D106/><U28/><E28/><V133/><F31/><W127/><G127/><T89/><D104/><U44/><E44/><V97/><F97/><W36/><G98/><T111/><D111/><U119/><E119/><V53/><F118/><W110/><G110/><T7/><D47/><U76/><E76/><V105/><F105/><W10/><G131/><T6/><D15/><U78/><E78/><V27/><F12/><N who="3" m="7575" /><G130/><T17/><D17/><U69/><E69/><V73/><F18/><W120/><G129/><T32/><D6/><U45/><E45/><V54/><F116/><W33/><G120/><T3/><D7/><U132/><E132/><V5/><F133/><W34/><G34/><T35/><D3/><U40/><E40/><V67/><F5/><W79/><G33/><T135/><D35/><U38/><E38/><V103/><F37/><W126/><G36/><T16/><D32/><U51/><E51/><V124/><F39/><W109/><G109/><T65/><D135/><U134/><E134/><V30/><F124/><W46/><G126/><RYUUKYOKU ba="0,1" sc="250,-10,240,30,340,-10,160,-10" hai1="4,9,14,59,63,81,83,88,92,93,94,95,96" /><INIT seed="1,1,1,3,3,102" ten="240,270,330,150" oya="1" hai0="100,113,40,116,30,84,80,39,58,112,5,48,1" hai1="41,17,119,73,9,132,35,52,78,59,42,107,26" hai2="10,99,63,98,28,96,90,101,4,111,0,74,49" hai3="87,109,44,51,92,62,7,94,95,15,83,50,25"/><U12/><E119/><V37/><F37/><W68/><G109/><T24/><D116/><U126/><E126/><V71/><F111/><W130/><G130/><T61/><D39/><U134/><E73/><V18/><F74/><W76/><G68/><T123/><D123/><U64/><E78/><V32/><F90/><W108/><G108/><T16/><D100/><U13/><E64/><N who="2" m="41375" /><F18/><W22/><G62/><T8/><D16/><N who="1" m="8207" /><E26/><N who="2" m="18455" /><F49/><W79/><G79/><T81/><D40/><U29/><E29/><V85/><F85/><W33/><G33/><T19/><D19/><U124/><E35/><V21/><F21/><W65/><G65/><T128/><D48/><N who="1" m="31111" /><E124/><V93/><F93/><W114/><G114/><T86/><D128/><U34/><E34/><V23/><F23/><W105/><G44/><T106/><D24/><U129/><E129/><V2/><F2/><W110/><G110/><T20/><D30/><U38/><E38/><V67/><F67/><W46/><G46/><T103/><D20/><N who="1" m="11311" /><E107/><V14/><F0/><W45/><G105/><T82/><D113/><U91/><E91/><V36/><F36/><W53/><G25/><T6/><D112/><U118/><E118/><V27/><F27/><W56/><G22/><T11/><D11/><U115/><E115/><V43/><F43/><N who="3" m="24895" /><G15/><T127/><D127/><U75/><E75/><V133/><F133/><AGARI ba="1,1" hai="41,42,132,133,134" m="11311,31111,8207" machi="133" ten="30,5800,0" yaku="20,1,54,2" doraHai="102" who="1" fromWho="2" sc="240,0,270,71,330,-61,150,0" /><INIT seed="1,2,0,3,3,109" ten="240,341,269,150" oya="1" hai0="122,58,118,103,123,9,63,72,83,86,88,120,87" hai1="52,111,44,6,93,81,82,119,113,5,18,128,20" hai2="3,57,35,127,45,1,15,40,67,99,33,19,59" hai3="12,84,70,91,17,74,46,108,116,134,29,105,30"/><U27/><E119/><V14/><F127/><W43/><G108/><T55/><D118/><U106/><E106/><V61/><F59/><W107/><G74/><T23/><D103/><U75/><E111/><V69/><F14/><W25/><G70/><T38/><D38/><U110/><E110/><V115/><F115/><W50/><G134/><T101/><D101/><U64/><E128/><V76/><F76/><W16/><G116/><T135/><D135/><U24/><E113/><V77/><F77/><W26/><G105/><T54/><D72/><U60/><E93/><V53/><F99/><W32/><G107/><T36/><D36/><U62/><E75/><V85/><F85/><W131/><G131/><T51/><D23/><U31/><E44/><V2/><F67/><W104/><G104/><T37/><D37/><U126/><E64/><V8/><REACH who="2" step="1"/><F69/><REACH who="2" ten="240,341,259,150" step="2"/><W94/><REACH who="3" step="1"/><G12/><REACH who="3" ten="240,341,259,140" step="2"/><T78/><D123/><U96/><E126/><V121/><F121/><W4/><G4/><T11/><D122/><U34/><E5/><V68/><F68/><W124/><G124/><T100/><D120/><U95/><E6/><V39/><AGARI ba="2,2" hai="1,2,3,8,15,19,33,35,39,40,45,53,57,61" machi="39" ten="30,2000,0" yaku="1,1,0,1,53,0" doraHai="109" doraHaiUra="97" who="2" fromWho="2" sc="240,-7,341,-12,259,46,140,-7" /><INIT seed="2,0,0,2,0,64" ten="233,329,305,133" oya="2" hai0="123,14,35,63,45,112,120,21,127,125,32,83,52" hai1="110,18,20,82,102,111,76,49,114,48,126,62,30" hai2="87,100,59,124,23,67,39,1,119,108,47,31,93" hai3="89,116,90,41,99,56,103,84,88,27,24,13,81"/><V4/><F119/><W94/><G116/><T104/><D104/><U50/><E114/><V107/><F107/><W25/><G41/><T46/><D112/><U19/><E126/><N who="0" m="48137" /><D83/><U115/><E115/><V118/><F118/><W134/><G134/><T128/><D128/><U133/><E133/><V69/><F124/><W53/><REACH who="3" step="1"/><G13/><REACH who="3" ten="233,329,305,123" step="2"/><T97/><D123/><U2/><E2/><V68/><F1/><W22/><G22/><T131/><D120/><U0/><E0/><V34/><F23/><W135/><G135/><T9/><D21/><U42/><E42/><V96/><F34/><W129/><G129/><T11/><D131/><U85/><E20/><V66/><F39/><W73/><G73/><T28/><D35/><U65/><E110/><V78/><F108/><W37/><G37/><T38/><D38/><U61/><E111/><V105/><F4/><W71/><G71/><T109/><D14/><U33/><E33/><V17/><F68/><W79/><G79/><T117/><D117/><U70/><E76/><V77/><F69/><W86/><G86/><T29/><D32/><U54/><E85/><V121/><F77/><W122/><G122/><T91/><D109/><U101/><E70/><V72/><F121/><W15/><G15/><T36/><D36/><U75/><E75/><V12/><F72/><W16/><G16/><T92/><D11/><U8/><E18/><V74/><F74/><W132/><G132/><T80/><D9/><U44/><E8/><V55/><F78/><W40/><G40/><T10/><D10/><U60/><E19/><V3/><F17/><RYUUKYOKU ba="0,1" sc="233,-10,329,-10,305,-10,123,30" hai3="24,25,27,53,56,81,84,88,89,90,94,99,103" /><INIT seed="3,1,1,2,2,39" ten="223,319,295,153" oya="3" hai0="10,126,28,27,35,59,121,0,77,92,120,99,66" hai1="95,75,73,20,14,65,123,87,86,108,68,40,80" hai2="70,25,18,1,103,96,91,88,17,19,132,124,110" hai3="43,128,26,90,94,9,79,22,7,38,5,127,85"/><W51/><G127/><T46/><D126/><U29/><E123/><V52/><F124/><W104/><G128/><T48/><D77/><U135/><E108/><V111/><F70/><W15/><G104/><T114/><D114/><U36/><E95/><N who="2" m="58783" /><F132/><W97/><G38/><T107/><D107/><U67/><E87/><V12/><F1/><W49/><G7/><T83/><D83/><U8/><E36/><V112/><F112/><W58/><G58/><T118/><D118/><U34/><E40/><V64/><F64/><W56/><G56/><T76/><D76/><U44/><E44/><V23/><F18/><N who="3" m="12631" /><G43/><T32/><D35/><U57/><E34/><V63/><F63/><W37/><G37/><T3/><D59/><U42/><E42/><V105/><F105/><W61/><G61/><T54/><D66/><U82/><E68/><V84/><F52/><W45/><G45/><T71/><D71/><U72/><E57/><V24/><F24/><W131/><G131/><T116/><D116/><U13/><E73/><V133/><F133/><W89/><G79/><T119/><D119/><U122/><E135/><V117/><F117/><W129/><G129/><T93/><D3/><U74/><E75/><V31/><F31/><W11/><G11/><T60/><D60/><U6/><E29/><V98/><F111/><W4/><G4/><N who="0" m="1287" /><D121/><U30/><E122/><V102/><F110/><W47/><G47/><T53/><D120/><U101/><E6/><V50/><F50/><W125/><G125/><T130/><D130/><U55/><E72/><V33/><F33/><W21/><G21/><RYUUKYOKU ba="1,1" sc="223,-10,319,-10,295,-10,153,30" hai3="5,9,15,49,51,85,89,90,94,97" /><INIT seed="3,2,1,3,5,83" ten="213,309,285,183" oya="3" hai0="52,17,110,31,67,24,94,130,89,50,48,79,135" hai1="123,62,69,70,23,95,45,21,29,12,60,39,91" hai2="43,36,38,90,122,99,30,106,65,56,7,114,47" hai3="11,9,72,13,107,78,108,88,74,10,54,86,5"/><W71/><G71/><T128/><D110/><U102/><E102/><V124/><F114/><W6/><G107/><T15/><D135/><U68/><E123/><V1/><F38/><W22/><G108/><T33/><D79/><U51/><E39/><V96/><F122/><W125/><G125/><T120/><D67/><U101/><E101/><V18/><F106/><W25/><G78/><T133/><D120/><U97/><E12/><V59/><F30/><W61/><G72/><T134/><D50/><U76/><E76/><V111/><F111/><W57/><G74/><T119/><D119/><U58/><E68/><V49/><F7/><W127/><G127/><T42/><D42/><N who="1" m="25015" /><E69/><V16/><F1/><W63/><G63/><N who="1" m="24106" /><E70/><V34/><F34/><W14/><G10/><T0/><D0/><U80/><E29/><V66/><F36/><W41/><G41/><T104/><D104/><U32/><E32/><V75/><F75/><W27/><G22/><N who="1" m="8202" /><E80/><AGARI ba="2,1" hai="5,6,9,11,13,14,25,27,54,57,61,80,86,88" machi="80" ten="30,12000,1" yaku="7,1,9,1,8,1,52,1,54,1" doraHai="83" who="3" fromWho="1" sc="213,0,309,-126,285,0,183,136" owari="213,-18.7,183,-31.7,285,8.5,319,41.9" /></mjloggm>