<mjloggm ver="2.3"><GO type="225" lobby="0"/><UN n0="%E3%81%8B%E3%82%8F%E3%81%A1%E3%82%83%E3%82%93%35%38" n1="%E9%80%9F%E6%B0%B4%E5%87%9B%E9%A6%99" n2="%4F%77%4B" n3="%E3%83%B4%E3%83%A0%EF%BC%99%E3%81%A6" dan="16,16,17,17" rate="2102.31,2179.41,2108.73,2148.26" sx="M,F,M,M"/><TAIKYOKU oya="0"/><INIT seed="0,0,0,1,4,93" ten="250,250,250,250" oya="0" hai0="79,57,117,45,67,111,97,113,126,33,99,28,125" hai1="11,120,53,5,55,3,65,54,82,58,10,71,86" hai2="118,110,48,46,91,56,19,7,119,41,107,77,94" hai3="34,115,37,16,0,123,122,22,133,60,47,38,24"/><T81/><D113/><U98/><E120/><N who="3" m="46122" /><G115/><T87/><D117/><N who="2" m="44554" /><F107/><W102/><G133/><T114/><D114/><U4/><E71/><V44/><F110/><W1/><G34/><T50/><D111/><U20/><E20/><V12/><F77/><W63/><G102/><T104/><D104/><U134/><E134/><V52/><F7/><W39/><G47/><T105/><D105/><U131/><E131/><V59/><F59/><W61/><AGARI ba="0,0" hai="0,1,16,22,24,37,38,39,60,61,63" m="46122" machi="61" ten="40,2700,0" yaku="13,1,54,1" doraHai="93" who="3" fromWho="3" sc="250,-13,250,-7,250,-7,250,27" /><INIT seed="1,0,0,4,1,101" ten="237,243,243,277" oya="1" hai0="63,105,59,71,75,9,77,127,25,117,89,95,82" hai1="87,108,74,94,69,99,123,100,19,54,30,6,18" hai2="81,4,115,46,10,12,120,45,7,62,124,29,109" hai3="130,31,80,53,28,52,111,11,51,57,42,119,50"/><U43/><E69/><V36/><F120/><W98/><G111/><T35/><D127/><U33/><E74/><V116/><F116/><W132/><G119/><T134/><D134/><U24/><E123/><V93/><F109/><W49/><G132/><T128/><D128/><U40/><E108/><V70/><F124/><W126/><G130/><T73/><D117/><U61/><E6/><V112/><F29/><W58/><G126/><T20/><D71/><U21/><E87/><V76/><F93/><W122/><G122/><T15/><D35/><U60/><E60/><V32/><F32/><W121/><G121/><T133/><D133/><U83/><E83/><V3/><F36/><W102/><G11/><T107/><D75/><U48/><E61/><V129/><F129/><W16/><G16/><N who="1" m="6186" /><E33/><V56/><F7/><W64/><G64/><T0/><D0/><U85/><E85/><N who="2" m="48295" /><F70/><W114/><G80/><T44/><D44/><AGARI ba="0,0" hai="21,24,30,40,43,44,48,54,94,99,100" m="6186" machi="44" ten="30,2900,0" yaku="8,1,54,1" doraHai="101" who="1" fromWho="0" sc="237,-29,243,29,243,0,277,0" /><INIT seed="1,1,0,3,5,46" ten="208,272,243,277" oya="1" hai0="19,96,106,122,102,66,53,92,1,105,98,15,135" hai1="107,0,20,33,60,100,119,73,115,17,118,51,86" hai2="55,61,97,89,16,58,9,90,76,42,130,111,14" hai3="104,120,30,132,50,124,109,52,74,133,65,44,72"/><U75/><E0/><V68/><F111/><W34/><G120/><T64/><D135/><N who="3" m="51785" /><G109/><T40/><D1/><U29/><E29/><V47/><F130/><W129/><G129/><T37/><D122/><U77/><E33/><V39/><F76/><W127/><G104/><T10/><D40/><U27/><E115/><V28/><F28/><W134/><G134/><T78/><D37/><U79/><E100/><V21/><F97/><W128/><G65/><T117/><D117/><U31/><E107/><V56/><F68/><W13/><G13/><T22/><D78/><U99/><E99/><V48/><REACH who="2" step="1"/><F9/><REACH who="2" ten="208,272,233,277" step="2"/><W101/><G128/><T113/><D113/><U82/><E79/><V6/><F6/><W88/><G101/><T126/><D106/><U8/><E119/><V84/><F84/><W23/><G88/><T2/><D98/><U7/><E118/><V95/><F95/><W131/><G131/><T59/><D105/><U12/><E31/><V110/><F110/><W108/><G108/><T114/><D114/><U69/><E75/><N who="3" m="28714" /><G34/><T5/><REACH who="0" step="1"/><D126/><REACH who="0" ten="198,272,233,277" step="2"/><U87/><E73/><V36/><F36/><W121/><G121/><T116/><D116/><U67/><E77/><V80/><F80/><W112/><G112/><T103/><D103/><U18/><E82/><V11/><F11/><W24/><AGARI ba="1,2" hai="23,24,30,44,50,52,124,127" m="28714,51785" machi="24" ten="40,5200,0" yaku="20,1,52,1,54,1" doraHai="46" who="3" fromWho="3" sc="198,-14,272,-27,233,-14,277,75" /><INIT seed="2,0,0,1,3,79" ten="184,245,219,352" oya="2" hai0="1,7,35,48,122,70,22,43,126,0,107,90,57" hai1="30,24,55,72,62,133,74,10,18,76,39,87,81" hai2="36,114,32,23,89,3,111,131,112,64,26,98,104" hai3="100,135,102,125,40,12,47,21,99,93,58,71,44"/><V56/><F36/><W92/><G71/><T129/><D122/><U28/><E39/><V61/><F32/><W103/><G125/><T9/><D70/><U66/><E133/><V51/><F131/><W14/><G135/><T50/><D35/><U124/><E124/><V118/><F118/><W115/><G115/><T83/><D126/><U8/><E55/><V127/><F127/><W41/><G58/><T91/><D107/><U17/><E74/><V101/><F3/><W85/><G85/><T16/><D0/><U123/><E123/><V13/><F13/><N who="3" m="5227" /><G21/><T95/><D129/><U110/><E72/><V20/><F20/><W29/><G29/><T33/><D33/><U73/><E73/><V27/><F27/><W77/><G77/><T25/><D43/><N who="3" m="16457" /><G92/><T45/><D45/><AGARI ba="0,0" hai="44,45,47,93,99,100,102,103" m="16457,5227" machi="45" ten="30,1000,0" yaku="8,1" doraHai="79" who="3" fromWho="0" sc="184,-10,245,0,219,0,352,10" /><INIT seed="3,0,0,4,2,70" ten="174,245,219,362" oya="3" hai0="19,68,116,65,38,62,13,108,130,7,17,126,128" hai1="67,27,11,16,60,105,39,32,31,86,127,49,64" hai2="37,61,133,91,6,40,115,95,88,21,97,50,69" hai3="80,58,10,75,106,5,84,45,44,18,120,93,72"/><W119/><G106/><T2/><D2/><U71/><E105/><V96/><F115/><W25/><G119/><T89/><D7/><U117/><E127/><V33/><F33/><W47/><G93/><T48/><D13/><U23/><E39/><V131/><F37/><W53/><G72/><T66/><D89/><U57/><E117/><V123/><F131/><N who="0" m="50218" /><D17/><U74/><E74/><V102/><F133/><W85/><G120/><T114/><D19/><U46/><E71/><V92/><F123/><W103/><G103/><T125/><D116/><U51/><E51/><V3/><F21/><W55/><G55/><T20/><D20/><U8/><E64/><V77/><F77/><W56/><G53/><T59/><D114/><U100/><E100/><V129/><F129/><W79/><G84/><T26/><D26/><U81/><E31/><V87/><F6/><W109/><G75/><T121/><D121/><U24/><E24/><V42/><F3/><W35/><G35/><T78/><D78/><N who="1" m="46391" /><E32/><V111/><F102/><W98/><G25/><T118/><D118/><U36/><E27/><V41/><F95/><W112/><G112/><T124/><D38/><U4/><E36/><V82/><F97/><W73/><G98/><T9/><D9/><U14/><E4/><V101/><F101/><W132/><G5/><T135/><D135/><U107/><E107/><V94/><F94/><W63/><G73/><T83/><D108/><U110/><E110/><V104/><F111/><W34/><G109/><T12/><D83/><U76/><E76/><V113/><F113/><W28/><G132/><RYUUKYOKU ba="0,0" sc="174,-10,245,30,219,-10,362,-10" hai1="8,11,14,16,23,46,49,57,60,67" owari="164,-33.6,275,7.5,209,-19.1,352,45.2" /></mjloggm>