<mjloggm ver="2.3"><GO type="225" lobby="0"/><UN n0="%E3%81%AF%E3%82%88%E3%81%8A%E3%81%98%E3%81%95%E3%82%93" n1="%E3%82%A2%E3%83%BC%E3%83%A2%E3%83%AD%E3%83%BC%E3%83%B4%E3%82%A1" n2="%E7%B4%94%E6%BD%94%E3%83%94%E3%83%A9%E3%83%8B%E3%82%A2" n3="%E3%83%A1%E3%82%AC%E3%83%87%E3%82%B8" dan="16,16,16,16" rate="2190.12,2137.88,2050.80,2086.55" sx="M,M,M,F"/><TAIKYOKU oya="0"/><INIT seed="0,0,0,1,5,2" ten="250,250,250,250" oya="0" hai0="51,72,32,19,134,6,78,126,14,120,18,74,54" hai1="110,13,44,79,73,16,114,121,25,96,80,66,129" hai2="0,68,23,83,38,91,29,64,81,61,63,47,7" hai3="36,49,84,107,10,76,48,41,77,35,94,40,45"/><T130/><D120/><U4/><E121/><V67/><F91/><N who="3" m="53607" /><G107/><T52/><D32/><U101/><E110/><V123/><F123/><W8/><G35/><T42/><D126/><U99/><E129/><V82/><F23/><W43/><G36/><T33/><D33/><U17/><E114/><V132/><F29/><W62/><G62/><T59/><D130/><U93/><E66/><V9/><F132/><W28/><G28/><T131/><D131/><U87/><E73/><V88/><F47/><N who="3" m="25703" /><G41/><T103/><D42/><U106/><E25/><V12/><F38/><W115/><G115/><T105/><D134/><U24/><E24/><V46/><F46/><W100/><G100/><T75/><D78/><AGARI ba="0,0" hai="8,10,43,45,49,76,77,78" m="25703,53607" machi="78" ten="30,1000,0" yaku="8,1" doraHai="2" who="3" fromWho="0" sc="250,-10,250,0,250,0,250,10" /><INIT seed="1,0,0,1,1,128" ten="240,250,250,260" oya="1" hai0="100,76,69,125,112,2,79,47,74,97,72,131,98" hai1="64,56,99,113,135,118,17,10,55,33,3,18,126" hai2="25,62,71,16,8,42,81,54,119,124,110,63,41" hai3="15,39,73,21,51,133,46,37,60,9,80,93,103"/><U48/><E113/><V0/><F119/><W117/><G117/><T78/><D2/><U58/><E118/><V102/><F110/><W111/><G111/><T31/><D69/><U89/><E33/><V134/><F124/><W52/><G21/><T75/><D31/><U7/><E126/><V38/><F102/><W92/><G133/><T104/><D125/><U122/><E122/><V34/><F134/><W91/><G60/><T19/><D47/><U1/><E1/><V43/><F38/><W95/><G103/><N who="0" m="62575" /><D19/><U22/><E135/><V123/><F123/><W65/><G65/><T96/><D131/><U35/><E35/><V13/><F81/><W116/><G116/><T109/><D112/><U87/><E99/><N who="0" m="37929" /><D109/><U49/><E22/><V84/><F84/><N who="3" m="50567" /><G73/><T12/><D12/><U132/><E132/><V107/><F107/><W29/><G29/><T121/><D121/><U59/><E64/><V28/><F71/><W27/><G27/><T36/><D36/><U115/><E115/><V66/><F66/><W85/><G85/><T77/><N who="0" m="19456" /><DORA hai="44" /><T94/><D94/><U23/><E23/><V57/><REACH who="2" step="1"/><F0/><REACH who="2" ten="240,250,240,260" step="2"/><W45/><G39/><T5/><D100/><U68/><E68/><V6/><F6/><N who="3" m="3511" /><G37/><T30/><D5/><U129/><E129/><V86/><F86/><W70/><G70/><T120/><D120/><U114/><E114/><V101/><F101/><W82/><G82/><T32/><D75/><U50/><REACH who="1" step="1"/><E55/><REACH who="1" ten="240,240,240,260" step="2"/><V14/><F14/><W4/><G4/><T53/><D53/><U105/><E105/><V88/><F88/><W83/><G83/><AGARI ba="0,2" hai="3,7,10,17,18,48,49,50,56,58,59,83,87,89" machi="83" ten="40,12000,1" yaku="1,1,6,1,52,3,53,0" doraHai="128,44" doraHaiUra="24,40" who="1" fromWho="3" sc="240,0,240,140,240,0,260,-120" /><INIT seed="1,1,0,4,5,115" ten="240,380,240,140" oya="1" hai0="25,130,68,69,20,57,112,16,86,45,118,23,132" hai1="18,12,84,111,78,32,22,109,94,40,46,125,134" hai2="126,34,37,44,75,13,59,104,81,1,122,103,30" hai3="65,9,4,110,82,29,21,116,90,83,3,53,17"/><U88/><E32/><V91/><F91/><W107/><G110/><N who="1" m="41994" /><E78/><N who="2" m="44255" /><F13/><W70/><G107/><T19/><D118/><U2/><E2/><V15/><F15/><W35/><G116/><T101/><D112/><U71/><E71/><V43/><F59/><W127/><G127/><T10/><D130/><U133/><E125/><V73/><F126/><W98/><G29/><T58/><D132/><N who="1" m="50795" /><E46/><V41/><F41/><AGARI ba="1,0" hai="12,18,22,40,41,84,88,94" m="50795,41994" machi="41" ten="30,11600,0" yaku="14,1,10,1,20,1,54,1" doraHai="115" who="1" fromWho="2" sc="240,0,380,119,240,-119,140,0" /><INIT seed="1,2,0,4,1,74" ten="240,499,121,140" oya="1" hai0="39,20,5,33,62,59,46,0,64,61,42,44,37" hai1="104,132,101,19,76,131,81,57,1,83,2,10,82" hai2="36,103,66,6,49,40,92,18,73,58,38,71,27" hai3="3,119,128,23,22,108,12,123,87,118,115,109,116"/><U69/><E69/><V35/><F6/><W56/><G3/><T111/><D33/><U47/><E132/><V100/><F73/><W11/><G56/><T21/><D111/><N who="3" m="42569" /><G87/><T78/><D78/><U105/><E131/><V26/><F35/><W54/><G54/><T25/><D5/><U16/><E57/><V112/><F112/><W130/><G115/><T106/><D106/><U65/><E65/><V14/><F71/><W34/><G34/><T95/><D0/><U94/><E94/><V32/><F32/><W127/><G123/><T68/><D95/><U121/><E121/><V99/><F100/><W43/><G43/><T88/><D88/><U77/><E83/><V126/><F126/><W98/><G98/><T85/><D85/><U63/><E47/><N who="2" m="25831" /><F38/><W17/><G127/><T133/><D133/><U48/><E48/><V93/><F36/><W45/><G45/><T84/><D84/><U4/><E4/><V113/><F93/><W86/><G86/><T50/><D46/><U75/><E75/><V72/><F72/><W135/><G135/><T117/><D117/><U13/><E101/><V110/><F113/><W60/><G60/><T124/><D124/><U129/><E63/><N who="2" m="38263" /><F110/><W7/><G7/><T30/><D62/><U122/><E122/><V80/><F80/><W120/><G120/><T134/><D134/><U96/><E96/><V51/><F51/><W79/><G79/><T90/><D90/><U102/><E102/><V70/><F70/><W89/><G89/><T53/><D37/><U52/><E1/><V9/><AGARI ba="2,0" hai="9,14,18,26,27,92,99,103" m="38263,25831" machi="9" ten="30,1100,0" yaku="8,1" doraHai="74" who="2" fromWho="2" sc="240,-5,499,-7,121,17,140,-5" /><INIT seed="2,0,0,2,1,32" ten="235,492,138,135" oya="2" hai0="87,115,109,130,44,75,72,71,108,28,100,114,132" hai1="110,17,36,11,7,29,84,15,40,73,53,96,102" hai2="125,58,101,61,19,3,49,120,59,25,24,86,91" hai3="105,121,16,65,66,2,10,119,124,62,126,41,54"/><V93/><F120/><W122/><G105/><T27/><D71/><U135/><E73/><V38/><F38/><W127/><G41/><T83/><D44/><U88/><E29/><V45/><F125/><W94/><G119/><T64/><D64/><N who="3" m="24681" /><G94/><T129/><D100/><U34/><E34/><V39/><F39/><W14/><G2/><T81/><D28/><U106/><E110/><N who="0" m="42601" /><D27/><N who="2" m="10314" /><F3/><W57/><AGARI ba="0,0" hai="10,14,16,54,57,62,121,122,124,126,127" m="24681" machi="57" ten="40,2700,0" yaku="18,1,54,1" doraHai="32" who="3" fromWho="3" sc="235,-7,492,-7,138,-13,135,27" /><INIT seed="3,0,0,4,0,16" ten="228,485,125,162" oya="3" hai0="121,93,87,12,34,130,53,10,103,58,35,18,65" hai1="8,132,7,110,66,49,43,1,131,82,122,24,97" hai2="91,37,50,79,39,99,63,47,72,73,107,69,25" hai3="80,115,101,31,40,36,48,38,125,120,52,41,29"/><W71/><G115/><T13/><D121/><U64/><E122/><V54/><F91/><W22/><G120/><T59/><D130/><U74/><E131/><V3/><F54/><W111/><G71/><T68/><D68/><U86/><E74/><N who="2" m="28779" /><F50/><W2/><G2/><T75/><D75/><U55/><E110/><V61/><F79/><W85/><G125/><T4/><D65/><U98/><E132/><V46/><F3/><W56/><G111/><T133/><D59/><U5/><E43/><N who="3" m="16458" /><G38/><N who="2" m="14345" /><F69/><W21/><G101/><T20/><D133/><U129/><E129/><V45/><F99/><W128/><G128/><T60/><D103/><U81/><E1/><V44/><N who="2" m="11264" /><DORA hai="14" /><V100/><F100/><W33/><G33/><T95/><D34/><U83/><E97/><V104/><F25/><W126/><G36/><T112/><D112/><U78/><E98/><V116/><F116/><W57/><G57/><T106/><D35/><U42/><E42/><V117/><F117/><W26/><G126/><T105/><D95/><U109/><E109/><V17/><F17/><N who="3" m="12591" /><G22/><T118/><D118/><U124/><E124/><V28/><F28/><W113/><G113/><T0/><D0/><U134/><E134/><V127/><F127/><W11/><G11/><T84/><D20/><U9/><E9/><V90/><F90/><AGARI ba="0,0" hai="29,31,48,52,56,80,85,90" m="12591,16458" machi="90" ten="30,11600,0" yaku="8,1,52,2,54,1" doraHai="16,14" who="3" fromWho="2" sc="228,0,485,0,125,-116,162,116" /><INIT seed="3,1,0,3,5,106" ten="228,485,9,278" oya="3" hai0="1,68,103,5,28,74,114,90,107,57,130,128,127" hai1="79,81,72,119,12,52,83,39,132,37,63,19,18" hai2="110,25,124,80,93,23,34,129,38,87,134,121,82" hai3="11,15,122,76,66,99,17,98,16,59,27,6,135"/><W49/><G135/><T0/><D68/><U3/><E3/><V22/><F38/><W65/><G122/><T40/><D40/><U29/><E132/><V7/><F7/><W117/><G117/><T51/><D28/><U104/><E104/><V50/><F121/><W62/><G66/><T95/><D51/><U67/><E29/><V102/><F102/><W94/><G76/><T30/><D57/><U60/><E81/><V77/><F34/><W4/><G49/><T123/><D30/><U125/><E19/><V41/><F41/><W20/><REACH who="3" step="1"/><G99/><REACH who="3" ten="228,485,9,268" step="2"/><T13/><D123/><U33/><E119/><V70/><F50/><W56/><G56/><T105/><D128/><U21/><E67/><V112/><F77/><W84/><G84/><T85/><D85/><U47/><E37/><V36/><F87/><W55/><G55/><T133/><D130/><U45/><E39/><V113/><F36/><W120/><G120/><T118/><D133/><U32/><E52/><V115/><F129/><W8/><G8/><T73/><D118/><U35/><E79/><V42/><F134/><W88/><AGARI ba="1,1" hai="4,6,11,15,16,17,20,27,59,62,65,88,94,98" machi="88" ten="20,18000,2" yaku="1,1,0,1,7,1,8,1,54,2,53,0" doraHai="106" doraHaiUra="43" who="3" fromWho="3" sc="228,-61,485,-61,9,-61,268,193" owari="167,-23.3,424,22.4,-52,-55.2,461,56.1" /></mjloggm>