<mjloggm ver="2.3"><GO type="225" lobby="0"/><UN n0="%E5%A4%9C%E5%85%89%E5%A4%A9%E6%A5%BC" n1="%E3%81%99%E3%81%84%E3%81%BE%E3%81%9B%E3%83%BC%E3%82%93" n2="%E3%83%81%E3%83%AF%E3%83%AF%E9%9A%8A%E9%95%B7" n3="%E8%91%B5%E3%81%A1%E3%82%83%E3%82%93" dan="17,18,16,17" rate="2183.28,2209.40,2123.35,2206.27" sx="M,M,M,F"/><TAIKYOKU oya="0"/><INIT seed="0,0,0,0,3,22" ten="250,250,250,250" oya="0" hai0="118,27,83,112,10,32,55,123,26,105,100,50,36" hai1="17,119,88,97,121,86,91,107,1,61,98,129,30" hai2="37,63,134,111,70,44,8,43,124,115,113,42,116" hai3="2,24,84,85,4,9,87,69,68,12,89,128,132"/><T104/><D112/><N who="2" m="43082" /><F8/><W78/><G128/><T99/><D123/><U25/><E121/><V53/><F116/><W51/><G78/><T45/><D32/><U125/><E119/><V94/><F94/><W74/><G74/><T38/><D118/><U41/><E1/><V90/><F90/><W102/><G132/><T135/><D135/><U59/><E129/><V62/><F134/><W75/><G75/><T16/><D105/><U117/><E117/><V92/><F92/><W60/><G102/><T109/><D83/><U93/><E125/><V40/><F124/><W15/><G89/><T7/><D109/><U122/><E122/><V11/><F11/><W67/><G69/><T6/><D6/><U101/><E17/><V120/><F120/><W23/><REACH who="3" step="1"/><G51/><REACH who="3" ten="250,250,250,240" step="2"/><T18/><D38/><U19/><E91/><V96/><F70/><W71/><G71/><T133/><D36/><U28/><E101/><V14/><F37/><W72/><G72/><T114/><D133/><U106/><E106/><V79/><F79/><W80/><G80/><T46/><D114/><U127/><E107/><V34/><F111/><W66/><G66/><T20/><D50/><U33/><E127/><V3/><F63/><W76/><G76/><T54/><D104/><U103/><E103/><V57/><F62/><W21/><G21/><N who="0" m="13607" /><D100/><U29/><E33/><V35/><F35/><W5/><G5/><T56/><D7/><U39/><E39/><V13/><F34/><W73/><G73/><T49/><D10/><U0/><E61/><V77/><F77/><W52/><G52/><N who="0" m="20011" /><D99/><U64/><E98/><RYUUKYOKU ba="0,1" sc="250,15,250,-15,250,-15,240,15" hai0="18,20,27,45,46,49,56" hai3="2,4,9,12,15,23,24,60,67,68,84,85,87" /><INIT seed="0,1,1,5,4,86" ten="265,235,235,255" oya="0" hai0="21,124,123,23,4,74,61,35,80,129,102,130,32" hai1="133,135,34,117,105,70,103,134,81,53,50,84,97" hai2="10,47,52,31,60,122,120,88,3,107,98,18,101" hai3="7,77,71,113,95,20,38,44,6,127,62,119,73"/><T82/><D123/><U66/><E117/><V46/><F31/><W94/><G119/><T109/><D124/><U24/><E66/><V108/><F108/><W33/><G113/><T121/><D121/><U17/><E70/><V110/><F110/><W27/><G33/><N who="0" m="12875" /><D109/><U126/><E126/><V30/><F30/><W125/><G127/><T118/><D118/><U106/><E34/><V40/><F46/><W87/><G125/><T39/><D102/><U63/><E63/><V37/><F88/><W115/><G73/><T78/><D39/><U19/><E24/><V54/><F54/><W59/><G115/><T69/><D4/><N who="3" m="1577" /><G44/><T92/><D92/><U132/><N who="1" m="33792" /><DORA hai="13" /><U29/><E29/><V65/><F3/><W131/><G71/><T75/><D61/><U58/><E106/><V49/><F10/><W83/><G131/><N who="0" m="50187" /><D69/><U12/><E12/><V111/><F111/><W96/><G38/><T128/><N who="0" m="50195" /><T22/><DORA hai="90" /><D78/><AGARI ba="1,1" hai="17,19,50,53,58,78,81,84,97,103,105" m="33792" machi="78" ten="70,8000,1" yaku="20,1,52,2" doraHai="86,13,90" who="1" fromWho="0" sc="265,-83,235,93,235,0,255,0" /><INIT seed="1,0,0,0,2,42" ten="182,328,235,255" oya="1" hai0="11,77,68,97,90,54,135,125,78,60,95,1,134" hai1="82,55,66,23,35,126,58,39,20,104,129,89,71" hai2="7,59,10,116,56,113,28,111,99,14,117,19,98" hai3="5,46,37,108,27,103,132,131,6,52,22,130,36"/><U47/><E126/><V118/><F113/><W2/><G103/><T74/><D125/><U70/><E129/><N who="3" m="49162" /><G108/><T50/><D74/><U63/><E35/><V9/><F111/><W0/><G132/><N who="0" m="50731" /><D1/><N who="3" m="617" /><G37/><T127/><D11/><U79/><E89/><V8/><F28/><N who="3" m="17527" /><G36/><T49/><D49/><AGARI ba="0,0" hai="5,6,46,49,52" m="17527,617,49162" machi="49" ten="30,3900,0" yaku="19,1,52,1,54,1" doraHai="42" who="3" fromWho="0" sc="182,-39,328,0,235,0,255,39" /><INIT seed="2,0,0,3,0,57" ten="143,328,235,294" oya="2" hai0="113,4,45,38,85,118,69,134,105,108,71,135,25" hai1="93,55,98,121,82,100,132,54,11,61,58,91,68" hai2="128,52,51,112,131,95,8,17,96,90,36,14,122" hai3="72,48,56,78,64,106,101,40,60,7,31,50,15"/><V1/><F112/><W22/><G106/><T125/><D113/><U117/><E117/><V21/><F36/><W66/><G101/><T18/><D105/><U2/><E132/><V109/><F122/><W49/><G72/><T77/><D4/><U123/><E68/><V12/><F1/><W124/><G124/><T99/><D125/><U84/><E2/><V13/><F109/><W114/><G114/><T97/><D108/><U6/><E6/><V10/><F10/><N who="3" m="4575" /><G78/><T120/><D120/><N who="1" m="46155" /><E11/><V23/><F23/><W119/><G119/><T53/><D118/><U44/><E44/><V87/><F96/><W110/><G110/><T74/><D45/><U41/><E41/><V86/><F86/><W3/><G3/><T32/><D38/><U0/><E0/><V47/><REACH who="2" step="1"/><F8/><REACH who="2" ten="143,328,225,294" step="2"/><W70/><G22/><T94/><D134/><U79/><E84/><V89/><F89/><W46/><G31/><T102/><D135/><U127/><E91/><V19/><F19/><W126/><G126/><T28/><D18/><U115/><E127/><V37/><F37/><N who="3" m="21775" /><G70/><T107/><D74/><N who="1" m="43383" /><E115/><V35/><F35/><W80/><G80/><N who="0" m="47247" /><D71/><U9/><E9/><V43/><F43/><W16/><G16/><T63/><D69/><U30/><E30/><V42/><F42/><W73/><G73/><T103/><D32/><U92/><E98/><V75/><F75/><W133/><G133/><T65/><D28/><U39/><E39/><V20/><F20/><W116/><G116/><T130/><D99/><N who="1" m="59495" /><E93/><V76/><F76/><W24/><G24/><AGARI ba="0,1" hai="12,13,14,17,21,24,47,51,52,87,90,95,128,131" machi="24" ten="40,7700,0" yaku="1,1,54,1,53,1" doraHai="57" doraHaiUra="88" who="2" fromWho="3" sc="143,0,328,0,225,87,294,-77" /><INIT seed="2,1,0,2,5,119" ten="143,328,312,217" oya="2" hai0="36,27,124,14,57,109,26,122,82,9,123,48,108" hai1="33,125,31,7,101,12,61,38,37,51,89,11,111" hai2="39,72,5,84,83,15,116,70,128,112,60,1,13" hai3="115,52,28,94,69,45,88,135,76,104,97,66,21"/><V23/><F112/><W95/><G115/><T19/><D36/><U118/><E118/><V134/><F72/><W87/><G104/><T80/><D80/><U63/><E111/><N who="0" m="42569" /><D82/><U131/><E101/><V35/><F35/><W6/><G135/><T107/><D107/><U110/><E110/><V64/><F39/><W0/><G76/><T49/><D49/><U20/><E33/><V121/><F116/><W30/><G69/><T92/><D92/><U91/><E51/><V79/><F134/><W102/><G66/><T4/><D124/><U73/><E73/><V40/><F40/><W25/><G0/><N who="0" m="135" /><D57/><U24/><E38/><V103/><F70/><W106/><G6/><T129/><D48/><U44/><E125/><V96/><F79/><W62/><G45/><T71/><D129/><U132/><E131/><V16/><F128/><W81/><REACH who="3" step="1"/><G30/><REACH who="3" ten="143,328,312,207" step="2"/><T99/><D71/><U2/><E44/><V126/><F126/><W133/><G133/><T130/><D130/><U86/><E132/><V34/><F64/><W77/><G77/><T127/><D127/><U114/><E114/><V54/><F1/><W74/><G74/><T43/><D43/><U42/><E2/><V56/><F56/><AGARI ba="1,1" hai="21,25,28,52,56,62,81,87,88,94,95,97,102,106" machi="56" ten="40,8000,1" yaku="1,1,54,2,53,1" doraHai="119" doraHaiUra="58" who="3" fromWho="2" sc="143,0,328,0,312,-83,207,93" /><INIT seed="3,0,0,1,5,33" ten="143,328,229,300" oya="3" hai0="107,18,79,35,49,38,93,115,85,69,110,95,121" hai1="11,52,68,116,23,70,78,76,126,133,134,63,64" hai2="2,77,56,37,101,55,65,88,135,57,124,32,112" hai3="106,1,3,26,103,108,84,86,31,61,16,132,44"/><W47/><G132/><N who="1" m="50794" /><E126/><V67/><F37/><W127/><G127/><T122/><D38/><U97/><E116/><V99/><F32/><W25/><G108/><T4/><D110/><U6/><E23/><V27/><F135/><W100/><G61/><T109/><D109/><U0/><E52/><V21/><F124/><W53/><G53/><T105/><D35/><U34/><E34/><V131/><F112/><W24/><G24/><T19/><D4/><U9/><E11/><V30/><F131/><W71/><G16/><T50/><D85/><U104/><E68/><V82/><F57/><W83/><G83/><T5/><D5/><U66/><E66/><V22/><F22/><W98/><G98/><T12/><D12/><U113/><E113/><V114/><F114/><W91/><G91/><T40/><D115/><U36/><E36/><V87/><F77/><W41/><G71/><T90/><D69/><U130/><E130/><V58/><F58/><W118/><G118/><T72/><D79/><U73/><E73/><V43/><F43/><W75/><G75/><T13/><D13/><U89/><E89/><V81/><F81/><W15/><G15/><T29/><D72/><U14/><E14/><V111/><F111/><W42/><G106/><T80/><D90/><U7/><E7/><V54/><F88/><W45/><G45/><T117/><D80/><U8/><E8/><V51/><F82/><W125/><G125/><T94/><D117/><U28/><E28/><AGARI ba="0,0" hai="1,3,25,26,28,31,41,42,44,47,84,86,100,103" machi="28" ten="25,9600,0" yaku="22,2,52,2" doraHai="33" who="3" fromWho="1" sc="143,0,328,-96,229,0,300,96" owari="143,-35.7,232,3.2,229,-17.1,396,49.6" /></mjloggm>