<mjloggm ver="2.3"><GO type="225" lobby="0"/><UN n0="%E3%81%82%E3%81%84%E3%81%82%E3%81%8A%E3%81%84" n1="%E3%81%AF%E3%82%88%E3%81%8A%E3%81%98%E3%81%95%E3%82%93" n2="%6D%75%75%6D%75%72%61" n3="%E3%81%99%E3%81%84%E3%81%BE%E3%81%9B%E3%83%BC%E3%82%93" dan="18,16,16,16" rate="2218.85,2125.21,2134.59,2104.44" sx="M,M,F,M"/><TAIKYOKU oya="0"/><INIT seed="0,0,0,1,3,48" ten="250,250,250,250" oya="0" hai0="54,80,28,83,101,69,1,74,88,125,19,82,126" hai1="39,90,22,20,37,110,32,134,46,58,29,40,130" hai2="16,111,100,9,71,131,52,47,23,72,109,124,98" hai3="30,113,2,50,10,95,38,33,18,129,66,11,114"/><T8/><D69/><U81/><E110/><N who="2" m="41995" /><F71/><W85/><G38/><T84/><D101/><U122/><E122/><V91/><F131/><W45/><G129/><T62/><D28/><U15/><E130/><V108/><N who="2" m="42003" /><V53/><DORA hai="102" /><F124/><N who="0" m="47722" /><D74/><U115/><E39/><V106/><F47/><W12/><G66/><T123/><D123/><U104/><E104/><V93/><F72/><W128/><G128/><T89/><D89/><U96/><E134/><V17/><F9/><W4/><G30/><T119/><D119/><U21/><E115/><V121/><F121/><W59/><G59/><N who="0" m="35191" /><D19/><N who="2" m="7242" /><F23/><W60/><G33/><T116/><D116/><U64/><E32/><V107/><F107/><W76/><G114/><T63/><D63/><U55/><E29/><V92/><F92/><W13/><G60/><T67/><D67/><U34/><E64/><V73/><F73/><W117/><G117/><T14/><D14/><U99/><E15/><V57/><F57/><W103/><G113/><T127/><N who="0" m="47730" /><T120/><DORA hai="36" /><D120/><U70/><E34/><V44/><F44/><W24/><G12/><T78/><D78/><U27/><E27/><V94/><F94/><W79/><G24/><T97/><D97/><AGARI ba="0,0" hai="52,53,91,93,97,98,100,106" m="7242,42003" machi="97" ten="40,12000,2" yaku="14,1,52,3,54,2" doraHai="48,102,36" who="2" fromWho="0" sc="250,-120,250,0,250,120,250,0" /><INIT seed="1,0,0,1,2,105" ten="130,250,370,250" oya="1" hai0="27,56,115,8,99,121,66,74,15,128,39,67,45" hai1="78,72,114,65,49,50,113,91,82,44,81,19,135" hai2="1,111,103,109,12,80,79,117,75,58,130,88,102" hai3="10,2,34,17,134,55,69,89,41,20,123,87,127"/><U100/><E135/><V101/><F1/><W73/><G123/><T61/><D115/><U21/><E65/><V129/><F12/><W86/><G69/><T47/><D128/><N who="2" m="49258" /><F58/><W122/><G122/><T97/><D121/><U90/><E100/><V22/><F22/><W28/><G134/><T4/><D74/><U85/><E91/><V108/><F88/><W84/><G73/><T42/><D67/><U36/><E36/><V40/><F40/><W46/><G127/><T29/><REACH who="0" step="1"/><D47/><REACH who="0" ten="120,250,370,250" step="2"/><U14/><REACH who="1" step="1"/><E50/><REACH who="1" ten="120,240,370,250" step="2"/><V37/><F37/><N who="3" m="21807" /><G89/><T48/><D48/><U54/><AGARI ba="0,2" hai="14,19,21,44,49,54,72,78,81,82,85,90,113,114" machi="54" ten="20,12000,1" yaku="1,1,0,1,7,1,52,1,53,1" doraHai="105" doraHaiUra="43" who="1" fromWho="1" sc="120,-40,240,140,370,-40,250,-40" /><INIT seed="1,1,0,0,4,107" ten="80,380,330,210" oya="1" hai0="133,69,48,68,3,20,31,95,43,112,80,59,130" hai1="101,62,84,122,92,57,102,93,127,64,51,78,108" hai2="85,70,12,66,82,86,117,72,41,116,100,63,11" hai3="23,61,0,36,17,22,40,126,15,35,13,79,32"/><U75/><E122/><V119/><F41/><W87/><G126/><T7/><D112/><U37/><E37/><V44/><F44/><W91/><G79/><T118/><D118/><U96/><E127/><V49/><F49/><W50/><G0/><T129/><D3/><U135/><E135/><V45/><F45/><W54/><G61/><T5/><D95/><U58/><E108/><V29/><F29/><W14/><G40/><T120/><D80/><U33/><E33/><V109/><F109/><W10/><G36/><T46/><D133/><U6/><E6/><V113/><F113/><W81/><G22/><T25/><D120/><U94/><E75/><V105/><F105/><W128/><G128/><T19/><D19/><U115/><E115/><V34/><F100/><W103/><G103/><T131/><REACH who="0" step="1"/><D59/><REACH who="0" ten="70,380,330,210" step="2"/><U98/><E94/><V30/><F82/><W111/><G111/><T8/><D8/><U89/><E58/><V125/><F125/><W21/><G10/><T97/><D97/><U39/><E98/><V56/><F56/><W26/><G17/><T83/><D83/><U99/><E96/><V90/><F11/><W28/><G81/><T42/><D42/><U121/><E101/><V24/><F119/><W60/><G87/><T55/><D55/><N who="1" m="31999" /><E121/><V38/><F117/><W9/><G9/><T77/><D77/><U104/><E78/><V106/><F116/><W52/><G54/><T71/><AGARI ba="1,1" hai="5,7,20,25,31,43,46,48,68,69,71,129,130,131" machi="71" ten="40,8000,1" yaku="1,1,0,1,19,1,53,1" doraHai="107" doraHaiUra="27" who="0" fromWho="0" sc="70,93,380,-41,330,-21,210,-21" /><INIT seed="2,0,0,0,2,42" ten="163,339,309,189" oya="2" hai0="17,35,114,112,97,34,85,57,22,124,38,1,59" hai1="88,27,109,32,74,40,84,101,28,24,26,8,89" hai2="107,77,60,121,123,51,2,104,92,43,11,71,100" hai3="132,19,134,30,13,130,102,21,62,113,3,15,47"/><V83/><F92/><W75/><G75/><T129/><D1/><U127/><E74/><V133/><F133/><N who="3" m="51307" /><G3/><T91/><D38/><U81/><E109/><V117/><F117/><W118/><G118/><T82/><D124/><U131/><E127/><V68/><F2/><W46/><G130/><T99/><D129/><U49/><E131/><V50/><F11/><W98/><G113/><T115/><D59/><U111/><E111/><V64/><F71/><W45/><G62/><T72/><D72/><U120/><E120/><V48/><F43/><W4/><G30/><T122/><D122/><U41/><E101/><V52/><F100/><W95/><G4/><T56/><D57/><U70/><E70/><V119/><F119/><W79/><G79/><T16/><D56/><U29/><E41/><V110/><F110/><W36/><G36/><T76/><D17/><U53/><E40/><V126/><F126/><W94/><G13/><T33/><REACH who="0" step="1"/><D76/><REACH who="0" ten="153,339,309,189" step="2"/><U12/><E29/><V116/><F121/><W7/><G7/><T37/><D37/><U10/><E28/><V105/><F123/><W9/><G9/><T5/><D5/><U87/><E8/><V67/><F116/><W86/><G47/><T20/><D20/><U80/><E32/><V39/><F39/><W135/><G135/><T58/><D58/><N who="1" m="33071" /><E10/><V90/><F68/><W93/><G46/><T78/><D78/><U14/><AGARI ba="0,1" hai="12,14,24,26,27,80,81,84,87,88,89" m="33071" machi="14" ten="30,2000,0" yaku="8,1,54,1" doraHai="42" who="1" fromWho="1" sc="153,-5,339,30,309,-10,189,-5" /><INIT seed="3,0,0,1,2,42" ten="148,369,299,184" oya="3" hai0="133,134,95,0,59,58,3,118,26,37,111,39,13" hai1="44,49,106,30,89,11,108,98,4,55,74,104,47" hai2="19,115,48,33,114,52,70,124,131,78,135,101,62" hai3="54,24,132,17,119,93,92,90,96,85,88,69,23"/><W84/><G119/><T35/><D118/><U43/><E74/><V122/><F33/><W63/><G132/><T102/><D111/><U87/><E108/><V91/><F135/><W51/><G69/><T83/><D83/><U120/><E120/><V128/><F122/><W25/><G63/><T71/><D71/><U61/><E30/><V77/><F124/><W8/><G8/><T123/><D123/><U113/><E98/><V60/><F101/><W22/><G96/><T103/><D13/><U46/><E113/><V2/><F2/><W10/><G10/><T9/><D9/><U110/><E110/><V73/><F91/><W6/><G6/><T65/><D26/><U27/><E27/><N who="3" m="10314" /><G17/><T121/><D121/><U99/><E99/><V28/><F19/><W7/><G7/><T38/><D38/><U107/><E43/><V67/><F60/><W82/><G82/><T12/><D12/><U116/><E61/><V81/><F28/><W80/><G80/><T5/><D5/><U126/><E126/><V72/><F72/><W15/><G15/><T14/><D14/><U20/><E20/><V109/><F77/><W86/><G86/><T68/><D68/><U41/><E41/><V127/><F109/><W94/><G93/><T129/><D95/><N who="1" m="54719" /><E116/><V79/><F79/><W57/><AGARI ba="0,0" hai="22,23,51,54,57,84,85,88,90,92,94" m="10314" machi="57" ten="30,3000,0" yaku="8,1,54,1" doraHai="42" who="3" fromWho="3" sc="148,-10,369,-10,299,-10,184,30" /><INIT seed="3,1,0,4,4,4" ten="138,359,289,214" oya="3" hai0="27,31,75,16,95,124,106,79,89,113,63,14,47" hai1="23,26,74,73,126,32,77,58,21,52,92,114,122" hai2="135,42,54,24,123,125,8,84,107,65,88,39,30" hai3="0,132,105,129,90,29,2,6,55,81,118,78,116"/><W44/><G105/><T99/><D124/><U76/><E122/><V130/><F107/><W85/><G129/><T13/><D113/><U71/><E71/><V66/><F125/><W80/><G132/><T1/><D1/><U96/><E114/><V117/><F117/><W38/><G29/><T12/><D106/><U36/><E36/><V102/><F102/><W60/><G60/><T62/><D75/><U68/><E68/><V69/><F69/><W48/><G38/><T97/><D79/><U45/><E32/><V67/><F130/><W59/><G44/><T17/><D97/><U61/><E74/><V18/><F42/><W82/><G82/><T112/><D112/><U108/><E108/><V15/><F39/><W93/><G81/><T127/><D127/><U40/><E21/><N who="2" m="15631" /><F123/><W33/><G33/><T98/><D98/><U53/><E73/><V72/><F72/><W22/><G0/><T3/><D3/><U87/><E40/><V11/><F54/><W104/><G104/><T133/><D133/><U50/><E87/><V94/><F135/><W91/><G118/><T70/><D47/><U109/><E109/><V134/><F134/><W41/><G116/><T25/><D25/><U64/><E53/><V10/><AGARI ba="1,0" hai="8,10,11,15,18,65,66,67,84,88,94" m="15631" machi="10" ten="30,8000,1" yaku="8,1,52,3,54,1" doraHai="4" who="2" fromWho="2" sc="138,-21,359,-21,289,83,214,-41" owari="117,-38.3,338,13.8,372,47.2,173,-22.7" /></mjloggm>