<mjloggm ver="2.3"><GO type="225" lobby="0"/><UN n0="%E6%A1%9C%E8%8A%B1%E9%96%83%E3%80%85" n1="%E3%83%A1%E3%82%AC%E3%83%87%E3%82%B8" n2="%E7%B4%94%E6%BD%94%E3%83%94%E3%83%A9%E3%83%8B%E3%82%A2" n3="%E3%83%B4%E3%83%A0%EF%BC%99%E3%81%A6" dan="18,16,16,17" rate="2276.72,2092.70,2045.13,2215.30" sx="M,F,M,M"/><TAIKYOKU oya="0"/><INIT seed="0,0,0,5,5,68" ten="250,250,250,250" oya="0" hai0="110,8,23,69,37,2,75,1,129,27,97,15,11" hai1="44,124,72,128,3,123,22,80,119,74,40,24,26" hai2="126,38,46,55,60,13,86,105,92,96,7,125,104" hai3="33,32,84,87,88,47,113,9,130,62,134,79,107"/><T133/><D69/><U63/><E119/><V19/><F7/><W21/><G113/><T85/><D75/><U120/><E3/><V31/><F31/><W108/><G107/><T121/><D121/><U4/><E4/><V50/><F60/><W116/><G116/><T59/><D97/><U30/><E124/><N who="2" m="47723" /><F86/><W82/><G108/><T51/><D129/><U14/><E14/><V95/><F38/><W101/><G130/><T45/><D133/><U102/><E74/><V112/><F112/><W89/><G62/><T109/><D85/><U131/><E102/><N who="2" m="60679" /><F95/><W29/><G29/><N who="0" m="17663" /><D37/><U10/><E63/><V64/><F64/><W43/><G134/><T35/><D35/><U17/><E131/><V56/><F46/><W98/><G98/><T57/><D57/><U66/><E66/><V94/><F94/><W93/><G93/><T70/><D59/><U53/><E128/><V28/><F28/><W25/><G47/><T103/><D103/><U65/><E44/><V5/><F5/><W6/><G101/><T81/><D81/><U77/><E80/><V115/><F115/><W76/><G32/><T99/><D99/><U16/><E30/><V34/><F34/><W114/><G114/><T39/><D39/><U106/><E72/><V78/><F78/><N who="3" m="29739" /><G33/><T127/><D127/><U73/><E73/><V117/><F117/><W49/><G84/><T118/><D118/><U132/><E123/><V41/><F41/><W48/><G43/><N who="0" m="25023" /><D70/><U100/><E120/><V122/><F122/><W42/><G42/><T36/><D36/><U54/><E40/><V0/><F0/><RYUUKYOKU ba="0,0" sc="250,-10,250,-10,250,30,250,-10" hai2="13,19,50,55,56,104,105" /><INIT seed="1,1,0,3,2,76" ten="240,240,280,240" oya="1" hai0="81,29,30,43,83,101,57,78,46,17,73,104,71" hai1="115,94,3,6,117,105,5,60,50,62,77,34,52" hai2="35,109,58,44,38,88,39,107,31,74,26,85,33" hai3="86,84,89,111,96,131,42,67,48,37,120,116,128"/><U90/><E105/><V102/><F74/><W133/><G120/><T4/><D71/><U10/><E115/><V100/><F109/><W41/><G111/><T130/><D130/><N who="3" m="49705" /><G133/><T11/><D17/><U1/><E34/><V61/><F35/><W72/><G72/><T49/><D57/><U92/><E117/><V112/><F112/><W91/><G67/><T54/><D54/><U32/><E32/><V121/><F121/><W51/><G96/><T99/><REACH who="0" step="1"/><D81/><REACH who="0" ten="230,240,280,240" step="2"/><U13/><E52/><V45/><F44/><N who="3" m="23599" /><G116/><T95/><D95/><U12/><E94/><V23/><F107/><W36/><G42/><T15/><AGARI ba="1,1" hai="4,11,15,29,30,43,46,49,73,78,83,99,101,104" machi="15" ten="20,8000,1" yaku="1,1,0,1,7,1,52,1,53,1" doraHai="76" doraHaiUra="8" who="0" fromWho="0" sc="230,93,240,-41,280,-21,240,-21" /><INIT seed="2,0,0,3,1,65" ten="323,199,259,219" oya="2" hai0="71,8,31,74,35,11,81,30,14,78,29,20,124" hai1="36,56,26,111,116,86,15,4,63,91,6,0,62" hai2="93,95,100,41,25,119,48,126,28,112,104,39,120" hai3="83,132,102,122,3,80,44,54,131,108,79,97,53"/><V61/><F119/><W134/><G122/><T127/><D35/><U135/><E116/><V2/><F120/><W43/><G3/><T24/><D71/><U107/><E0/><V45/><F112/><W75/><G108/><T64/><D64/><U37/><E107/><V52/><F126/><N who="0" m="48170" /><D11/><U128/><E111/><V1/><F104/><W115/><G115/><T130/><D130/><U34/><E128/><V69/><F2/><W66/><G66/><T129/><D129/><U60/><E56/><V59/><F1/><W84/><G131/><T99/><D99/><U123/><E123/><V7/><F7/><AGARI ba="0,0" hai="7,8,14,20,24,29,30,31,74,78,81" m="48170" machi="7" ten="30,1000,0" yaku="18,1" doraHai="65" who="0" fromWho="2" sc="323,10,199,0,259,-10,219,0" /><INIT seed="3,0,0,2,1,134" ten="333,199,249,219" oya="3" hai0="19,39,40,91,56,9,86,117,99,132,2,112,45" hai1="94,23,72,123,85,58,65,103,106,90,42,30,53" hai2="37,69,49,3,15,25,7,128,127,109,28,57,29" hai3="115,133,114,81,12,96,110,70,64,16,44,6,14"/><W120/><G120/><T68/><D117/><U32/><E123/><V87/><F37/><W55/><G133/><T26/><D68/><U80/><E32/><V18/><F69/><W125/><G110/><T60/><D132/><U22/><E65/><V98/><F109/><W92/><G81/><T47/><D112/><U5/><E42/><V82/><F128/><W119/><G119/><T130/><D130/><U118/><E118/><V67/><F98/><W89/><G12/><T31/><D99/><U113/><E113/><V124/><F3/><W52/><G6/><T63/><D45/><U104/><E5/><V129/><F7/><W1/><G1/><T27/><D60/><U41/><E41/><V66/><F129/><W135/><G135/><T84/><D84/><U48/><E30/><N who="2" m="11883" /><F25/><W74/><G74/><T46/><D46/><U88/><E90/><N who="2" m="51575" /><F49/><W61/><G114/><T34/><D26/><U43/><E43/><V108/><F57/><W101/><G115/><T8/><D19/><U38/><E38/><V76/><F76/><W79/><G79/><T105/><D105/><U36/><E36/><V35/><F35/><W11/><G101/><T93/><D2/><U59/><E59/><V10/><F108/><W50/><REACH who="3" step="1"/><G55/><AGARI ba="0,0" hai="8,9,27,31,34,39,40,47,55,56,63,86,91,93" machi="55" ten="30,1000,0" yaku="7,1" doraHai="134" who="0" fromWho="3" sc="333,10,199,0,249,0,219,-10" owari="343,44.3,199,-30.1,249,4.9,209,-19.1" /></mjloggm>