<mjloggm ver="2.3"><GO type="225" lobby="0"/><UN n0="%E3%82%BC%E3%83%AB%E3%83%80%E3%81%AE%E4%BC%9D%E8%AA%AC" n1="%E3%81%AA%E3%81%A1%30%39%32%37" n2="%E6%B4%BE%E9%81%A3%E3%81%AE%E3%82%B8%E3%83%A3%E3%83%83%E3%82%AF" n3="%E3%81%BE%E3%81%A8%E3%81%9F" dan="17,16,16,16" rate="2210.10,2057.32,2194.91,2086.87" sx="M,M,M,M"/><TAIKYOKU oya="0"/><INIT seed="0,0,0,4,3,106" ten="250,250,250,250" oya="0" hai0="23,79,15,54,44,64,123,25,26,58,109,41,52" hai1="40,77,0,80,130,111,66,50,6,12,14,89,102" hai2="8,1,4,51,93,134,113,127,9,135,7,97,116" hai3="3,10,133,2,115,21,92,78,84,107,72,95,121"/><T35/><D123/><U34/><E111/><V18/><F113/><W19/><G115/><T48/><D109/><U68/><E34/><V5/><F51/><W124/><G121/><T13/><D35/><U96/><E130/><V74/><F127/><W57/><G107/><T94/><D79/><U98/><E68/><V105/><F105/><W67/><G133/><N who="2" m="50697" /><F116/><W11/><G3/><T122/><D122/><U112/><E66/><V49/><F49/><W119/><G72/><T117/><D117/><U59/><E0/><V91/><F74/><W70/><G70/><T53/><D94/><N who="3" m="35881" /><G2/><T90/><D90/><U20/><E89/><V129/><F129/><W60/><G124/><T61/><REACH who="0" step="1"/><D25/><REACH who="0" ten="240,250,250,250" step="2"/><U101/><E77/><V83/><F83/><N who="3" m="47223" /><G119/><T71/><D71/><U29/><E80/><V45/><F1/><W24/><AGARI ba="0,1" hai="10,11,19,21,24,57,60,67" m="47223,35881" machi="24" ten="30,1100,0" yaku="8,1" doraHai="106" who="3" fromWho="3" sc="240,-5,250,-3,250,-3,250,21" /><INIT seed="1,0,0,3,0,34" ten="235,247,247,271" oya="1" hai0="115,122,103,67,133,60,80,75,83,43,68,64,92" hai1="121,61,72,38,16,129,1,86,44,47,46,30,110" hai2="7,58,102,109,27,28,18,32,20,45,84,131,50" hai3="63,117,132,112,113,42,76,118,0,33,65,6,59"/><U55/><E121/><V119/><F119/><N who="3" m="45579" /><G33/><T57/><D115/><N who="3" m="44105" /><G76/><T5/><D122/><U25/><E72/><V14/><F109/><W69/><G132/><T81/><D133/><U10/><E129/><V99/><F131/><W3/><G6/><T134/><D134/><U96/><E110/><V82/><F58/><W52/><G42/><T56/><D43/><U100/><E86/><V87/><F82/><W36/><G36/><T98/><D75/><U95/><E38/><V79/><F79/><W74/><G74/><T49/><D5/><U41/><E41/><V73/><F73/><W40/><G40/><T53/><REACH who="0" step="1"/><D68/><REACH who="0" ten="225,247,247,271" step="2"/><U78/><E78/><V70/><F70/><W22/><G22/><T107/><D107/><U31/><E10/><V8/><F8/><W37/><G37/><T9/><D9/><U77/><E77/><V21/><F21/><W105/><G105/><T54/><AGARI ba="0,1" hai="49,53,54,56,57,60,64,67,80,81,83,92,98,103" machi="54" ten="30,4000,0" yaku="1,1,0,1,8,1,53,0" doraHai="34" doraHaiUra="108" who="0" fromWho="0" sc="225,50,247,-20,247,-10,271,-10" /><INIT seed="2,0,0,4,1,64" ten="275,227,237,261" oya="2" hai0="121,51,110,23,25,63,90,9,26,72,10,74,88" hai1="98,22,79,96,108,95,68,27,30,13,114,87,47" hai2="3,24,71,60,44,45,55,20,107,73,92,83,34" hai3="48,101,36,35,7,115,28,91,69,120,100,128,46"/><V84/><F107/><W43/><G120/><T58/><D121/><U119/><E119/><V135/><F3/><W54/><G128/><T122/><D122/><U31/><E114/><V66/><F34/><W105/><G115/><T18/><D110/><U16/><E108/><V59/><F73/><W38/><G7/><T125/><D125/><U65/><E47/><V17/><F135/><W102/><G91/><N who="0" m="34859" /><D72/><U11/><E31/><V132/><F92/><W129/><G129/><T118/><D74/><U89/><REACH who="1" step="1"/><E79/><REACH who="1" ten="275,217,237,261" step="2"/><V104/><F132/><W49/><G28/><T62/><D118/><U116/><E116/><V67/><F45/><W19/><G46/><T5/><D26/><U33/><E33/><V81/><F44/><W123/><G35/><T124/><D124/><U52/><E52/><V15/><F24/><W57/><G123/><T50/><D62/><AGARI ba="0,1" hai="11,13,16,22,27,30,62,65,68,87,89,95,96,98" machi="62" ten="40,5200,0" yaku="1,1,52,1,54,1,53,0" doraHai="64" doraHaiUra="42" who="1" fromWho="0" sc="275,-52,217,62,237,0,261,0" /><INIT seed="3,0,0,3,2,46" ten="223,279,237,261" oya="3" hai0="96,101,82,76,15,32,92,90,4,12,35,81,57" hai1="113,100,131,1,72,102,34,42,114,127,74,77,69" hai2="2,58,124,55,116,108,16,120,23,71,7,64,112" hai3="94,105,75,10,60,61,109,130,104,93,95,59,133"/><W6/><G130/><T65/><D35/><U44/><E34/><V0/><F112/><W63/><G133/><T48/><D32/><U103/><E69/><V110/><F116/><W26/><G75/><T119/><D119/><U21/><E21/><V3/><F124/><W118/><G118/><T107/><D4/><U97/><E97/><V66/><F7/><W36/><G36/><T53/><D65/><U54/><E54/><V70/><F120/><W17/><G59/><T14/><REACH who="0" step="1"/><D76/><REACH who="0" ten="213,279,237,261" step="2"/><U22/><E77/><V121/><F121/><W11/><G6/><T30/><D30/><U38/><E113/><V91/><F66/><W85/><G109/><N who="2" m="42089" /><F64/><W89/><G17/><T41/><D41/><U39/><E42/><V99/><F91/><W106/><G26/><T87/><AGARI ba="0,1" hai="12,14,15,48,53,57,81,82,87,90,92,96,101,107" machi="87" ten="30,4000,0" yaku="1,1,0,1,52,1,53,0" doraHai="46" doraHaiUra="24" who="0" fromWho="0" sc="213,50,279,-10,237,-10,261,-20" /><INIT seed="4,0,0,3,5,103" ten="263,269,227,241" oya="0" hai0="75,98,9,69,39,50,88,118,86,23,43,49,61" hai1="8,120,68,111,84,20,117,70,41,7,5,26,125" hai2="77,16,19,71,81,59,95,107,131,89,124,12,135" hai3="30,4,38,58,63,13,114,87,0,96,79,74,21"/><T104/><D118/><U100/><E111/><V53/><F71/><W3/><G38/><T51/><D75/><U132/><E117/><V76/><F124/><W94/><G74/><T112/><D112/><U15/><E120/><V129/><F135/><W93/><G3/><T60/><D69/><U85/><E132/><V72/><F76/><W119/><G0/><T27/><D39/><U2/><E125/><V56/><F107/><W105/><G105/><T57/><D43/><U134/><E134/><V80/><F80/><W126/><G114/><T25/><D9/><U116/><E116/><V115/><F115/><W102/><G126/><T67/><D61/><U37/><E100/><V14/><F14/><W10/><G119/><T32/><D32/><U18/><E7/><V42/><F42/><W6/><G30/><T99/><D104/><U90/><E85/><N who="2" m="52655" /><F19/><W40/><G21/><T35/><D35/><U78/><E78/><V28/><F28/><W122/><G40/><T62/><D62/><U29/><E41/><V101/><F101/><W91/><G79/><T65/><D65/><U52/><E52/><V133/><F133/><W36/><G36/><T24/><D23/><U54/><E54/><V108/><F108/><W33/><G33/><T47/><D47/><U109/><E109/><V128/><F53/><N who="3" m="34255" /><G122/><T45/><D45/><U1/><E37/><V55/><F55/><W31/><G31/><T106/><D106/><U82/><E1/><V113/><F113/><W83/><G4/><T64/><D64/><U127/><E127/><V97/><F97/><W110/><G110/><RYUUKYOKU ba="0,0" sc="263,0,269,0,227,0,241,0" hai0="24,25,27,49,50,51,57,60,67,86,88,98,99" hai1="2,5,8,15,18,20,26,29,68,70,82,84,90" hai2="12,16,56,59,72,77,81,128,129,131" hai3="6,10,13,83,87,91,93,94,96,102" /><INIT seed="4,1,0,2,2,3" ten="263,269,227,241" oya="0" hai0="126,127,51,85,19,16,110,15,68,21,23,11,78" hai1="12,117,96,73,74,28,99,52,135,62,105,48,76" hai2="91,93,45,83,89,8,58,112,69,115,134,5,129" hai3="81,1,10,33,64,106,67,22,97,40,7,9,47"/><T111/><D68/><U14/><E117/><V92/><F69/><W128/><G33/><T66/><D66/><U123/><E123/><V49/><F129/><W17/><G128/><T131/><D131/><U107/><E28/><V53/><F134/><W122/><G122/><T87/><D51/><U108/><E62/><V100/><F45/><W44/><G44/><T94/><D94/><N who="2" m="36458" /><F83/><W26/><G10/><T124/><D11/><U18/><E108/><N who="0" m="41513" /><D78/><U63/><E76/><V34/><F100/><W79/><G97/><T70/><D70/><U65/><E96/><V95/><N who="2" m="36466" /><V77/><DORA hai="102" /><F77/><W103/><G103/><T57/><D57/><U6/><E99/><V109/><F34/><W4/><G106/><T71/><D71/><U98/><E98/><V20/><F20/><W84/><REACH who="3" step="1"/><G7/><REACH who="3" ten="263,269,227,231" step="2"/><T118/><D118/><U82/><E6/><V125/><F109/><W32/><G32/><T13/><AGARI ba="1,1" hai="13,15,16,19,21,23,85,87,124,126,127" m="41513" machi="13" ten="40,7800,0" yaku="18,1,10,1,54,1" doraHai="3,102" who="0" fromWho="0" sc="263,91,269,-27,227,-27,231,-27" owari="354,45.4,242,4.2,200,-30.0,204,-19.6" /></mjloggm>