<mjloggm ver="2.3"><GO type="225" lobby="0"/><UN n0="%72%69%6F%75%63%68%61%6E" n1="%4C%4F%4C%49%54%41" n2="%61%67%65%48%61" n3="%E3%81%B5%E3%81%98%E3%81%8B%E3%81%A4" dan="17,16,16,16" rate="2252.61,2168.82,2116.97,2163.38" sx="M,F,M,M"/><TAIKYOKU oya="0"/><INIT seed="0,0,0,2,4,63" ten="250,250,250,250" oya="0" hai0="26,96,133,13,44,80,92,72,58,119,57,10,2" hai1="83,29,134,121,39,76,55,117,106,88,87,42,11" hai2="59,9,64,43,30,46,23,1,74,98,65,62,94" hai3="15,105,79,109,12,77,131,123,81,33,6,14,60"/><T102/><D119/><U34/><E117/><V31/><F74/><W99/><G123/><T95/><D133/><U125/><E121/><V41/><F1/><W84/><G33/><T47/><D2/><U0/><E106/><V28/><F9/><W32/><G32/><T70/><D70/><U25/><E134/><V111/><F111/><W50/><G109/><T118/><D118/><U38/><E125/><V107/><F107/><W8/><G131/><T112/><D112/><U56/><E42/><N who="2" m="15883" /><F46/><N who="0" m="17450" /><D72/><U36/><E11/><V4/><F4/><W128/><G128/><T48/><D80/><U129/><E0/><V135/><F135/><W82/><G50/><T20/><D48/><U86/><E129/><V19/><F19/><W122/><G122/><T45/><N who="0" m="17458" /><T108/><DORA hai="114" /><D92/><U85/><REACH who="1" step="1"/><E76/><REACH who="1" ten="250,240,250,250" step="2"/><V89/><F23/><W68/><G105/><T54/><D108/><U7/><E7/><V104/><F104/><W75/><REACH who="3" step="1"/><G99/><REACH who="3" ten="250,240,250,240" step="2"/><T16/><D54/><AGARI ba="0,2" hai="28,30,31,54,59,62,64,65,89,94,98" m="15883" machi="54" ten="30,3900,0" yaku="8,1,52,2" doraHai="63,114" who="2" fromWho="0" sc="250,-39,240,0,250,59,240,0" /><INIT seed="1,0,0,4,1,13" ten="211,240,309,240" oya="1" hai0="78,95,22,126,42,41,16,25,79,106,3,38,1" hai1="93,2,26,18,116,105,89,36,73,43,19,65,27" hai2="129,31,84,35,108,131,69,21,70,118,134,62,132" hai3="12,114,94,115,90,88,55,33,66,87,133,20,46"/><U97/><E116/><V47/><F118/><W74/><G74/><T14/><D106/><U63/><E2/><V37/><F35/><W113/><G133/><N who="2" m="51305" /><F84/><W23/><G33/><T121/><D126/><U82/><E105/><V104/><F104/><W75/><G75/><T32/><D121/><U64/><E36/><V11/><F11/><W125/><G125/><T117/><D117/><U135/><E43/><N who="0" m="16393" /><D32/><U72/><E135/><V51/><F31/><W53/><G66/><T15/><D38/><U96/><E93/><V7/><F21/><W77/><G77/><N who="0" m="29195" /><D1/><U107/><E107/><V91/><F7/><W109/><G109/><T76/><N who="0" m="29203" /><T124/><DORA hai="123" /><D3/><U30/><E30/><V59/><F91/><W57/><G90/><T111/><D111/><U49/><E89/><V8/><F8/><W110/><G110/><T71/><D71/><N who="2" m="27146" /><F37/><W86/><G86/><T24/><D124/><U85/><E85/><V99/><F99/><W103/><G87/><T112/><D95/><U10/><E82/><V39/><F39/><W9/><G94/><T56/><D24/><U4/><E73/><V50/><F108/><W54/><G88/><T5/><D5/><U67/><E4/><V92/><F92/><W80/><G80/><T122/><D122/><U68/><E72/><V29/><F29/><W120/><G120/><T58/><D112/><U83/><E68/><V40/><F51/><N who="3" m="28919" /><G115/><T45/><D45/><U52/><E83/><V60/><F59/><AGARI ba="0,0" hai="14,15,16,22,25,56,58,59" m="29203,16393" machi="59" ten="40,5200,0" yaku="8,1,52,1,54,1" doraHai="13,123" who="0" fromWho="2" sc="211,52,240,0,309,-52,240,0" /><INIT seed="2,0,0,1,4,105" ten="263,240,257,240" oya="2" hai0="90,110,58,1,79,62,127,7,32,29,20,101,12" hai1="6,131,61,9,128,135,53,111,121,71,5,118,97" hai2="19,134,99,109,46,108,38,42,55,2,63,57,125" hai3="115,21,106,60,22,96,48,23,78,77,27,94,31"/><V116/><F2/><W39/><G39/><T73/><D110/><N who="2" m="42602" /><F116/><W119/><G119/><T44/><D127/><U87/><E111/><V13/><F125/><W70/><G115/><T64/><D101/><U91/><E118/><V95/><F134/><W120/><G106/><T15/><D32/><U123/><E135/><V66/><F13/><W117/><G120/><N who="1" m="46154" /><E97/><V34/><F34/><W17/><G117/><T100/><D100/><U40/><E40/><V86/><F86/><W74/><G70/><T59/><D44/><U14/><E5/><V28/><F28/><W36/><G36/><T89/><D58/><N who="1" m="35023" /><E71/><V43/><F19/><W76/><G60/><T37/><D1/><U133/><E133/><V49/><F38/><W84/><G74/><T72/><D37/><U85/><E85/><V3/><F3/><W104/><G104/><T102/><D7/><U52/><E52/><V24/><F24/><N who="3" m="14383" /><G84/><T93/><D12/><U122/><E122/><V8/><F8/><W83/><G22/><T18/><D29/><U41/><E41/><V92/><F92/><AGARI ba="0,0" hai="6,9,14,87,91,92,128,131" m="35023,46154" machi="92" ten="30,1000,0" yaku="13,1" doraHai="105" who="1" fromWho="2" sc="263,0,240,10,257,-10,240,0" /><INIT seed="3,0,0,4,4,133" ten="263,250,247,240" oya="3" hai0="47,25,46,8,114,35,91,116,37,87,131,24,117" hai1="1,107,27,39,109,36,32,78,129,41,9,14,88" hai2="111,12,94,77,113,96,10,135,105,128,106,124,54" hai3="93,132,3,23,85,112,34,82,86,57,122,97,110"/><W134/><G34/><T64/><D131/><U66/><E107/><V70/><F128/><W67/><G3/><T130/><D130/><U100/><E129/><V81/><F135/><N who="3" m="51755" /><G112/><T18/><D64/><U48/><E100/><V38/><F113/><W71/><G71/><T21/><D114/><U56/><E1/><V4/><F111/><W13/><G110/><T62/><D62/><U119/><E78/><V2/><F124/><W20/><G122/><T22/><D35/><U60/><E119/><V69/><F38/><W17/><G82/><T89/><D8/><U11/><E109/><V75/><F106/><W53/><G23/><T58/><D58/><U59/><E9/><V103/><F105/><W104/><G67/><T42/><D47/><U90/><E36/><V33/><F33/><W68/><G68/><T76/><D76/><U30/><E39/><V123/><F123/><W29/><G29/><T118/><REACH who="0" step="1"/><D87/><REACH who="0" ten="253,250,247,240" step="2"/><U121/><E121/><V98/><F98/><W101/><G104/><T0/><D0/><U83/><E66/><V5/><F2/><W72/><G72/><T6/><D6/><U7/><E7/><V40/><F4/><W102/><G102/><T99/><D99/><U125/><E56/><V31/><F70/><W52/><G53/><T26/><D26/><U49/><E27/><V65/><F69/><W95/><G93/><T115/><D115/><U108/><E108/><V84/><F65/><W16/><G17/><AGARI ba="0,1" hai="17,18,21,22,24,25,37,42,46,89,91,116,117,118" machi="17" ten="40,2600,0" yaku="1,1,9,1,53,0" doraHai="133" doraHaiUra="61" who="0" fromWho="3" sc="253,36,250,0,247,0,240,-26" /><INIT seed="4,0,0,5,5,75" ten="289,250,247,214" oya="0" hai0="37,64,6,58,69,65,24,123,126,4,11,28,92" hai1="35,66,80,39,91,94,27,88,59,55,87,127,15" hai2="8,41,71,78,111,20,43,85,115,81,31,38,110" hai3="48,79,14,131,83,52,117,124,10,30,56,49,32"/><T101/><D123/><U36/><E127/><V67/><F8/><W12/><G117/><T132/><D37/><U119/><E119/><V25/><F115/><W89/><G124/><T26/><D126/><U76/><E66/><V125/><F125/><W51/><G131/><T0/><D132/><U122/><E122/><V118/><F118/><W100/><G100/><T98/><D69/><U135/><E135/><V42/><REACH who="2" step="1"/><F38/><REACH who="2" ten="289,250,237,214" step="2"/><W107/><G10/><T13/><D4/><U33/><E39/><V9/><F9/><W19/><G107/><T129/><D0/><U74/><E36/><V90/><F90/><W53/><G89/><T16/><D129/><U95/><E91/><V86/><F86/><N who="3" m="48511" /><G32/><T34/><D58/><U70/><E70/><V7/><F7/><W61/><G30/><T63/><D63/><AGARI ba="0,1" hai="20,25,31,41,42,43,63,67,71,78,81,85,110,111" machi="63" ten="40,2600,0" yaku="1,1,52,1,53,0" doraHai="75" doraHaiUra="104" who="2" fromWho="0" sc="289,-26,250,0,237,36,214,0" /><INIT seed="5,0,0,2,0,113" ten="263,250,273,214" oya="1" hai0="78,84,43,79,68,81,91,127,29,123,49,128,121" hai1="5,2,31,77,108,83,35,30,60,92,58,126,72" hai2="117,47,74,56,24,116,106,86,52,53,112,1,9" hai3="133,46,129,3,22,120,107,0,14,80,21,65,111"/><U122/><E122/><N who="0" m="46601" /><D68/><U16/><E126/><V101/><F74/><W17/><G107/><T63/><D29/><U8/><E108/><V134/><F112/><W95/><G111/><T93/><D63/><U89/><E35/><V64/><F106/><W39/><G120/><T48/><D127/><U57/><E16/><V23/><F101/><W19/><G133/><T28/><D128/><U42/><E42/><V82/><F134/><W118/><G129/><T71/><D71/><U87/><REACH who="1" step="1"/><E57/><REACH who="1" ten="263,240,273,214" step="2"/><V69/><F69/><W98/><G19/><T25/><D43/><U75/><E75/><V103/><F56/><W40/><G118/><T109/><D109/><U6/><E6/><V131/><F131/><W10/><G22/><N who="0" m="15415" /><D78/><U105/><E105/><V51/><F23/><W20/><G20/><T67/><D67/><AGARI ba="0,1" hai="2,5,8,30,31,58,60,67,72,77,83,87,89,92" machi="67" ten="30,5800,0" yaku="1,1,7,1,53,1" doraHai="113" doraHaiUra="54" who="1" fromWho="0" sc="263,-58,240,68,273,0,214,0" owari="205,-29.5,308,40.8,273,7.3,214,-18.6" /></mjloggm>