<mjloggm ver="2.3"><GO type="225" lobby="0"/><UN n0="%E5%BA%97%E9%95%B7%4D" n1="%E3%81%A4%E3%81%A3%E3%81%B1%E3%82%8A%E3%83%9D%E3%83%BC%E3%83%AB" n2="%E3%81%AF%E3%82%88%E3%81%8A%E3%81%98%E3%81%95%E3%82%93" n3="%79%75%72%69%6D%6F%67" dan="16,17,17,16" rate="2095.05,2251.37,2148.05,2188.52" sx="M,M,M,F"/><TAIKYOKU oya="0"/><INIT seed="0,0,0,3,5,28" ten="250,250,250,250" oya="0" hai0="66,93,131,85,90,60,97,62,5,77,96,53,76" hai1="130,30,9,40,48,19,50,101,18,55,2,52,17" hai2="81,112,47,135,94,132,88,24,7,125,117,57,54" hai3="31,83,12,73,4,103,104,51,6,121,29,87,69"/><T126/><D126/><U129/><E101/><V39/><F112/><W67/><G121/><T113/><D113/><U35/><E40/><V14/><F125/><W56/><G73/><T0/><D131/><N who="1" m="50187" /><E2/><V45/><F117/><W119/><G119/><T84/><D0/><U46/><E9/><N who="2" m="4415" /><F39/><W92/><G104/><T134/><D5/><U58/><E30/><V78/><F24/><W122/><G69/><T26/><D134/><N who="2" m="51242" /><F81/><W95/><G122/><T91/><D26/><U98/><E98/><N who="0" m="37993" /><D66/><U23/><E35/><V37/><F78/><N who="0" m="30314" /><D53/><U116/><E116/><V38/><F38/><W74/><G103/><T33/><D33/><U123/><E123/><V15/><F15/><AGARI ba="0,0" hai="15,17,18,19,23,46,48,50,52,55,58" m="50187" machi="15" ten="30,2000,0" yaku="19,1,54,1" doraHai="28" who="1" fromWho="2" sc="250,0,250,20,250,-20,250,0" /><INIT seed="1,0,0,5,2,70" ten="250,270,230,250" oya="1" hai0="4,15,98,68,93,18,19,77,130,61,1,54,63" hai1="91,58,10,92,11,34,37,24,51,99,32,35,120" hai2="129,36,8,86,55,135,29,124,67,122,104,42,62" hai3="3,44,76,5,20,116,127,16,69,103,26,88,81"/><U79/><E120/><V72/><F122/><W117/><G69/><T128/><D77/><U102/><E37/><V107/><F72/><W12/><G127/><T23/><D68/><U105/><E79/><V27/><F124/><W46/><G103/><T133/><D133/><U73/><E73/><V83/><F135/><W53/><G3/><T25/><D4/><U118/><E118/><N who="3" m="45674" /><G53/><T80/><D80/><U60/><E51/><V115/><F55/><W2/><G2/><T85/><D85/><U64/><REACH who="1" step="1"/><E24/><REACH who="1" ten="250,260,230,250" step="2"/><V110/><F27/><W13/><G76/><T100/><D1/><U49/><E49/><V0/><F36/><W90/><G26/><T7/><D7/><U43/><E43/><V59/><F42/><W41/><G41/><T50/><D130/><U40/><E40/><V82/><F129/><W56/><G5/><T71/><D128/><U125/><E125/><V132/><F0/><W101/><G13/><T17/><D71/><U48/><E48/><V31/><F132/><W65/><G46/><N who="0" m="27991" /><D15/><U84/><AGARI ba="0,1" hai="10,11,32,34,35,58,60,64,84,91,92,99,102,105" machi="84" ten="30,3000,0" yaku="1,1,0,1,53,0" doraHai="70" doraHaiUra="9" who="1" fromWho="1" sc="250,-10,260,40,230,-10,250,-10" /><INIT seed="1,1,0,0,4,95" ten="240,300,220,240" oya="1" hai0="90,28,80,126,10,53,33,83,128,112,78,13,29" hai1="76,34,24,102,54,2,100,123,40,17,71,67,127" hai2="87,26,49,121,124,125,98,85,51,113,119,44,96" hai3="22,39,23,38,42,31,134,111,61,3,135,97,132"/><U55/><E123/><V93/><F119/><W14/><G111/><T115/><D126/><N who="2" m="48746" /><F121/><W104/><G3/><T57/><D128/><U60/><E127/><V103/><F113/><W88/><G42/><T1/><D1/><U130/><E130/><V79/><F79/><W64/><G14/><T19/><D90/><U21/><E2/><V16/><F98/><W62/><G104/><T59/><D59/><U58/><E76/><V35/><F35/><W89/><G64/><T117/><D83/><U27/><E34/><V105/><F105/><W41/><G41/><T65/><D65/><U129/><E129/><V81/><F81/><W47/><G47/><T46/><D46/><U84/><E84/><N who="2" m="32331" /><F44/><W109/><G109/><T12/><D117/><U7/><E102/><V94/><F93/><N who="3" m="56487" /><G31/><T45/><D45/><U50/><E100/><V69/><F69/><W118/><G89/><T4/><D33/><U15/><E71/><V91/><F91/><W66/><G62/><T75/><D115/><U20/><E40/><V131/><F131/><W36/><G118/><T110/><D112/><U108/><E108/><V72/><F72/><W92/><G92/><T37/><D37/><U5/><E60/><V106/><F106/><W122/><G122/><T114/><D110/><U107/><E107/><V32/><F32/><W25/><G25/><T18/><D114/><U48/><E27/><V73/><F73/><W70/><AGARI ba="1,0" hai="22,23,36,38,39,61,66,70,132,134,135" m="56487" machi="70" ten="40,5200,0" yaku="20,1,52,1,54,1" doraHai="95" who="3" fromWho="3" sc="240,-14,300,-27,220,-14,240,55" /><INIT seed="2,0,0,3,4,121" ten="226,273,206,295" oya="2" hai0="64,12,94,110,62,101,74,51,35,133,104,54,31" hai1="48,15,44,114,123,38,6,19,59,119,75,77,5" hai2="124,20,34,93,17,81,127,91,55,63,13,23,27" hai3="118,100,80,49,122,65,29,131,8,72,46,120,125"/><V50/><F34/><W4/><G118/><T7/><D133/><U69/><E69/><V16/><F81/><W36/><G125/><T47/><D74/><U37/><E119/><V14/><F63/><W129/><G100/><T86/><D104/><U10/><E114/><V73/><F73/><W107/><G65/><T103/><D35/><U11/><E123/><V130/><F130/><N who="3" m="49675" /><G29/><T132/><D31/><U111/><E59/><V67/><F67/><W128/><G107/><T92/><D132/><U2/><E19/><V66/><F66/><W98/><G98/><T112/><D112/><U52/><E111/><V1/><F1/><N who="3" m="15" /><G36/><T45/><D45/><U33/><REACH who="1" step="1"/><E33/><REACH who="1" ten="226,263,206,295" step="2"/><V95/><F27/><W71/><G71/><T87/><D110/><U113/><E113/><V79/><F79/><N who="3" m="44135" /><G128/><T61/><D62/><U135/><E135/><V134/><F134/><W40/><AGARI ba="0,1" hai="40,46,49,120,122" m="44135,15,49675" machi="40" ten="30,1100,0" yaku="19,1" doraHai="121" who="3" fromWho="3" sc="226,-3,263,-3,206,-5,295,21" /><INIT seed="3,0,0,2,3,48" ten="223,260,201,316" oya="3" hai0="110,105,30,2,133,115,124,31,1,80,34,128,39" hai1="99,103,9,20,106,21,36,17,47,5,90,51,50" hai2="3,126,75,65,131,122,95,68,42,55,19,38,76" hai3="120,25,33,116,52,16,77,63,125,118,0,11,111"/><W113/><G113/><T44/><RYUUKYOKU type="yao9" ba="0,0" sc="223,0,260,0,201,0,316,0" hai0="1,2,30,31,34,39,44,80,105,110,115,124,128,133" /><INIT seed="3,1,0,2,1,98" ten="223,260,201,316" oya="3" hai0="47,127,65,79,85,125,26,8,7,17,104,63,97" hai1="76,86,33,5,52,61,28,100,99,132,0,129,34" hai2="121,74,105,133,103,92,41,30,18,101,23,24,1" hai3="57,118,12,130,15,37,42,128,126,14,90,106,60"/><W93/><G106/><T111/><D111/><U35/><E28/><V6/><F74/><W107/><G118/><T94/><D104/><U46/><E132/><V68/><F105/><W54/><G107/><T27/><D47/><U112/><E112/><V108/><F92/><W48/><G37/><T83/><D17/><U82/><E129/><N who="3" m="49770" /><G126/><N who="0" m="48139" /><D8/><U114/><E0/><V122/><F68/><W123/><G123/><N who="2" m="47113" /><F108/><W59/><G42/><T96/><D7/><U19/><E82/><V64/><F133/><W29/><G29/><T120/><D120/><U53/><E76/><V116/><F116/><W50/><G59/><N who="0" m="37119" /><D97/><AGARI ba="1,0" hai="12,14,15,48,50,54,57,60,90,93,97" m="49770" machi="97" ten="30,1500,0" yaku="19,1" doraHai="98" who="3" fromWho="0" sc="223,-18,260,0,201,0,316,18" owari="205,-19.5,260,6.0,201,-29.9,334,43.4" /></mjloggm>