<mjloggm ver="2.3"><GO type="225" lobby="0"/><UN n0="%E5%B8%86%E7%AB%8B%E5%A4%8F%E8%A1%A3" n1="%E7%8D%A3%E8%87%AD%E3%81%84%E8%82%89%E7%90%83" n2="%E5%91%A8%E6%9D%B1" n3="%E6%97%A5%E6%9B%9C%E6%97%A5%E3%82%88%E3%82%8A%E3%81%AE%E4%BD%BF%E8%80%85" dan="17,16,17,16" rate="2158.39,2128.85,2170.61,2150.20" sx="M,M,M,M"/><TAIKYOKU oya="0"/><INIT seed="0,0,0,5,3,99" ten="250,250,250,250" oya="0" hai0="98,11,71,128,0,58,27,93,89,30,102,87,103" hai1="61,135,37,36,42,66,52,23,90,45,9,78,112" hai2="59,82,127,57,96,38,121,74,21,132,104,75,76" hai3="28,20,77,81,32,33,105,85,69,65,39,4,115"/><T68/><D128/><U133/><E112/><V7/><F121/><W111/><G115/><T25/><D25/><U117/><E117/><V126/><F38/><W92/><G105/><T24/><D24/><U12/><E78/><V101/><F7/><W123/><G39/><T119/><D119/><U95/><E23/><V56/><F132/><W118/><G118/><T3/><D58/><U113/><E113/><V5/><F5/><W122/><G4/><T34/><D11/><U6/><E37/><V100/><F21/><W83/><G111/><T131/><D131/><U48/><E61/><V51/><F74/><W73/><G20/><T15/><D15/><U1/><E66/><V13/><F13/><W108/><G92/><T55/><D55/><U106/><E106/><V79/><F79/><W84/><G73/><T8/><D8/><U134/><E1/><V10/><F10/><W64/><G77/><T60/><D103/><U63/><E63/><V43/><REACH who="2" step="1"/><F101/><REACH who="2" ten="250,250,240,250" step="2"/><W17/><G108/><T19/><D19/><U125/><E36/><V41/><F41/><W29/><G69/><T80/><REACH who="0" step="1"/><D71/><REACH who="0" ten="240,250,240,250" step="2"/><U91/><E42/><V14/><F14/><W97/><G17/><T62/><D62/><U67/><E134/><V26/><F26/><W2/><G2/><T35/><D35/><U88/><E135/><V44/><AGARI ba="0,2" hai="43,44,51,56,57,59,75,76,82,96,100,104,126,127" machi="44" ten="30,4000,0" yaku="1,1,0,1,52,1,53,0" doraHai="99" doraHaiUra="114" who="2" fromWho="2" sc="240,-20,250,-10,240,60,250,-10" /><INIT seed="1,0,0,5,1,19" ten="220,240,300,240" oya="1" hai0="21,95,61,52,65,132,99,120,83,91,112,93,135" hai1="80,60,22,78,37,0,75,7,24,31,134,71,56" hai2="2,111,53,12,43,44,96,88,100,30,86,46,17" hai3="55,116,48,41,84,123,115,107,104,3,20,103,10"/><U81/><E134/><N who="0" m="51241" /><D112/><U27/><E71/><V35/><F111/><W126/><G115/><T45/><D120/><U131/><E131/><V94/><F2/><W76/><G123/><T87/><D45/><U58/><E37/><V33/><F53/><W13/><G126/><T38/><D38/><U16/><E80/><V122/><F122/><W118/><G41/><T1/><D1/><U79/><E78/><V101/><F101/><W127/><G3/><T6/><D6/><U133/><E133/><V73/><F73/><W23/><G127/><T40/><D40/><U106/><E106/><V68/><F68/><W124/><G124/><T110/><D110/><U11/><REACH who="1" step="1"/><E60/><REACH who="1" ten="220,230,300,240" step="2"/><V113/><F113/><W89/><G76/><T66/><D83/><U62/><E62/><V90/><F43/><W67/><G107/><T4/><D61/><U105/><E105/><V36/><F36/><W47/><G104/><T39/><D39/><U97/><E97/><V130/><F130/><W9/><G118/><T98/><D98/><U125/><E125/><V74/><F96/><W117/><G116/><T109/><D99/><U18/><E18/><V14/><F17/><W108/><G117/><T42/><D109/><U129/><E129/><V114/><F114/><W34/><G108/><T82/><D82/><U85/><E85/><V29/><F86/><W51/><G84/><T70/><D87/><U63/><E63/><V26/><F100/><W64/><G103/><T128/><D128/><U15/><E15/><V69/><F14/><W25/><G13/><T5/><D95/><U50/><E50/><RYUUKYOKU ba="0,1" sc="220,-10,230,30,300,-10,240,-10" hai1="0,7,11,16,22,24,27,31,56,58,75,79,81" /><INIT seed="1,1,1,4,3,119" ten="210,260,290,230" oya="1" hai0="133,129,1,62,58,34,131,16,85,107,25,56,89" hai1="6,19,65,108,59,18,125,43,80,40,86,46,38" hai2="69,60,11,72,2,105,27,67,88,110,124,81,32" hai3="102,123,115,106,33,54,41,94,55,5,117,45,42"/><U8/><E125/><V96/><F124/><W122/><G33/><T48/><D107/><U14/><E108/><V130/><F110/><W74/><G106/><T104/><D104/><U100/><E43/><N who="3" m="16394" /><G74/><T103/><D103/><U114/><E114/><V120/><F130/><N who="0" m="49674" /><D1/><U64/><E100/><N who="2" m="62599" /><F2/><W82/><G82/><N who="0" m="49335" /><D133/><U21/><E59/><V77/><F11/><W112/><G5/><T71/><D48/><U75/><E75/><V83/><F83/><W121/><G94/><T134/><D134/><U10/><E19/><V93/><F32/><W9/><G9/><T79/><D79/><U57/><E57/><N who="0" m="22121" /><D34/><U132/><E132/><V35/><F93/><W116/><G102/><T109/><D109/><U128/><E10/><V23/><F88/><W37/><G37/><T4/><D4/><U126/><E126/><V53/><F23/><W22/><G22/><N who="0" m="13511" /><D71/><U127/><E127/><V31/><F53/><N who="3" m="19979" /><G45/><T3/><D3/><U97/><E128/><V95/><F95/><W61/><G61/><AGARI ba="1,1" hai="61,62" m="13511,22121,49335,49674" machi="61" ten="30,2000,0" yaku="19,1,54,1" doraHai="119" who="0" fromWho="3" sc="210,33,260,0,290,0,230,-23" /><INIT seed="2,0,0,4,0,9" ten="243,260,290,207" oya="2" hai0="61,49,133,11,97,115,52,135,91,121,102,93,18" hai1="99,43,80,128,8,98,50,103,37,90,10,56,84" hai2="46,83,124,58,20,130,55,131,53,134,0,64,75" hai3="65,126,66,2,89,127,107,23,39,57,5,4,106"/><V117/><F117/><W28/><G39/><T51/><D115/><U125/><E128/><N who="2" m="49195" /><F0/><W119/><G119/><T86/><D121/><U19/><E125/><N who="3" m="47626" /><G89/><T78/><D78/><U29/><E29/><V69/><F124/><W123/><G123/><T21/><D11/><U132/><E132/><V92/><F92/><W36/><G36/><T27/><D61/><U108/><E108/><V3/><F3/><W34/><G34/><T22/><D51/><U68/><E68/><V62/><F83/><W63/><G66/><T88/><D22/><U59/><E99/><V104/><F20/><W60/><G60/><T73/><D73/><U81/><E81/><V47/><F75/><W100/><G2/><T111/><D111/><U32/><E32/><V48/><F104/><N who="3" m="39979" /><G100/><T44/><REACH who="0" step="1"/><D91/><REACH who="0" ten="233,260,290,207" step="2"/><U85/><E90/><V71/><F134/><W116/><G116/><T129/><D129/><U105/><E37/><V35/><F35/><W41/><G41/><T1/><D1/><U6/><E103/><V70/><F47/><W112/><G112/><T12/><D12/><U31/><E50/><AGARI ba="0,1" hai="46,48,50,53,55,58,62,64,69,70,71" m="49195" machi="50" ten="30,5800,0" yaku="19,1,34,2" doraHai="9" who="2" fromWho="1" sc="233,0,260,-58,290,68,207,0" /><INIT seed="2,1,0,5,4,91" ten="233,202,358,207" oya="2" hai0="37,21,97,130,86,123,19,11,66,117,107,135,92" hai1="17,5,60,36,12,134,79,1,57,63,58,99,90" hai2="14,65,27,81,89,40,43,74,122,124,59,77,62" hai3="108,68,9,53,56,94,34,111,87,46,28,2,76"/><V102/><F122/><W126/><G68/><T85/><D37/><U84/><E134/><V80/><F124/><W45/><G28/><T106/><D66/><U32/><E32/><V83/><F102/><W88/><G34/><T121/><D11/><U116/><E36/><V72/><F27/><W113/><G126/><T38/><D38/><U93/><E116/><V47/><F47/><W71/><G71/><T105/><D19/><U20/><E1/><V15/><F89/><W55/><G76/><T82/><D21/><U30/><E5/><V70/><F70/><W114/><G9/><T75/><D135/><U52/><E30/><V131/><F131/><W0/><G0/><T4/><D4/><U16/><E17/><V44/><F83/><W29/><G29/><T39/><D39/><U3/><E3/><V50/><F40/><W22/><G22/><T125/><D125/><U127/><E127/><V51/><F51/><N who="3" m="28911" /><G46/><T8/><D8/><U110/><E110/><N who="3" m="42026" /><G2/><T23/><D23/><U31/><E31/><V42/><F42/><W13/><G13/><T18/><D130/><U67/><E79/><AGARI ba="1,0" hai="14,15,43,44,50,59,62,65,72,74,77,79,80,81" machi="79" ten="40,2000,0" yaku="9,1" doraHai="91" who="2" fromWho="1" sc="233,0,202,-23,358,23,207,0" /><INIT seed="2,2,0,2,3,109" ten="233,179,381,207" oya="2" hai0="135,68,24,2,118,85,42,66,10,4,15,110,21" hai1="65,108,121,8,71,35,3,31,74,0,94,25,103" hai2="93,53,89,1,83,13,49,67,70,100,116,51,123" hai3="12,16,5,113,81,77,78,130,47,59,120,32,57"/><V75/><F1/><W131/><G120/><T114/><D110/><U30/><E108/><V119/><F123/><W132/><G32/><T19/><D135/><U96/><E121/><V117/><F100/><W60/><G132/><T58/><D118/><U28/><E74/><V107/><F107/><W128/><G5/><T22/><D42/><U88/><E3/><V84/><F70/><W20/><G113/><T41/><D41/><U69/><E69/><V43/><F67/><W112/><G112/><T27/><D68/><U86/><E71/><V64/><F64/><W90/><G47/><T111/><D114/><U127/><E65/><V95/><F75/><W61/><G90/><T102/><D102/><U44/><E44/><V124/><F124/><W133/><G133/><T106/><D106/><U91/><E91/><V125/><F125/><W87/><G78/><T98/><D98/><U115/><E115/><V92/><F43/><W63/><AGARI ba="2,0" hai="12,16,20,57,59,60,61,63,77,81,87,128,130,131" machi="63" ten="40,5200,0" yaku="0,1,19,1,54,1" doraHai="109" who="3" fromWho="3" sc="233,-15,179,-15,381,-28,207,58" /><INIT seed="3,0,0,3,5,70" ten="218,164,353,265" oya="3" hai0="48,112,98,30,49,99,128,3,68,132,37,123,133" hai1="79,77,15,17,10,131,65,60,8,27,31,0,111" hai2="35,2,32,61,72,29,1,20,88,101,24,106,85" hai3="62,87,73,121,119,21,4,52,122,75,95,36,118"/><W46/><G4/><T45/><D3/><U80/><E111/><V28/><F72/><W41/><G21/><T108/><D123/><U129/><E0/><V86/><F61/><W67/><G87/><T22/><D68/><U130/><E8/><V127/><F127/><W33/><G95/><T115/><D108/><U91/><E91/><V103/><F20/><W12/><G12/><T18/><D30/><U59/><REACH who="1" step="1"/><E80/><REACH who="1" ten="218,154,353,265" step="2"/><V55/><F2/><W13/><G122/><T43/><D115/><U114/><E114/><V38/><F1/><W76/><G121/><T113/><D112/><U26/><E26/><V116/><F88/><W11/><G11/><T82/><D82/><U102/><E102/><V53/><F24/><W64/><G118/><T126/><D113/><U42/><E42/><V100/><F100/><W44/><G41/><T97/><D126/><U50/><E50/><V25/><F25/><W78/><G119/><T54/><D49/><U7/><E7/><V125/><F103/><W6/><G6/><T81/><D81/><U58/><E58/><V83/><F101/><W90/><G90/><T96/><D48/><U89/><E89/><V117/><F83/><W92/><G78/><T47/><D43/><U63/><E63/><V84/><F125/><W74/><G76/><T39/><D98/><U120/><E120/><V14/><F117/><W19/><G62/><T40/><D99/><U93/><E93/><V16/><F116/><W71/><G92/><T105/><D97/><U107/><E107/><V134/><F86/><W34/><G75/><T23/><D105/><RYUUKYOKU ba="0,1" sc="218,-10,154,30,353,-10,265,-10" hai1="10,15,17,27,31,59,60,65,77,79,129,130,131" owari="208,-19.2,184,-31.6,353,45.3,255,5.5" /></mjloggm>