<mjloggm ver="2.3"><GO type="225" lobby="0"/><UN n0="%E3%83%81%E3%83%AF%E3%83%AF%E9%9A%8A%E9%95%B7" n1="%61%6D%65%6B%69" n2="%E3%83%94%E3%83%B3%E3%82%B5%E3%83%AD%E5%BA%97%E5%93%A1" n3="%6D%75%75%73%61%6E%6D%75" dan="17,16,16,16" rate="2190.05,2088.50,2213.09,2124.33" sx="M,M,M,F"/><TAIKYOKU oya="0"/><INIT seed="0,0,0,0,0,37" ten="250,250,250,250" oya="0" hai0="67,53,33,92,114,6,120,55,59,117,85,11,54" hai1="73,107,98,77,134,5,127,34,133,69,105,99,95" hai2="121,74,14,116,132,129,78,41,29,4,97,111,46" hai3="20,32,24,63,86,0,113,12,123,21,119,126,109"/><T51/><D33/><U22/><E34/><V38/><F121/><W84/><G113/><T72/><D120/><U18/><E5/><V19/><F111/><W124/><G123/><T101/><D114/><U7/><E7/><V9/><F129/><W68/><G119/><T61/><D72/><U131/><E69/><V44/><F132/><N who="1" m="50793" /><E22/><V103/><F116/><W89/><G0/><T93/><D117/><U57/><E57/><V76/><F29/><W27/><G109/><T30/><D30/><U62/><E62/><V71/><F71/><W36/><G12/><N who="0" m="5239" /><D101/><N who="1" m="60639" /><E18/><V130/><F130/><W25/><G32/><T47/><D85/><N who="3" m="32873" /><G89/><T16/><D16/><U87/><E131/><V10/><F46/><W26/><N who="3" m="6144" /><DORA hai="88" /><W94/><G94/><AGARI ba="0,0" hai="47,51,53,54,55,59,61,67,92,93,94" m="5239" machi="94" ten="30,11600,0" yaku="8,1,52,3" doraHai="37,88" who="0" fromWho="3" sc="250,116,250,0,250,0,250,-116" /><INIT seed="0,1,0,2,3,51" ten="366,250,250,134" oya="0" hai0="29,100,15,44,124,4,42,1,33,101,88,45,40" hai1="35,73,61,32,126,99,90,9,107,83,86,30,64" hai2="122,28,117,63,50,25,18,23,34,135,60,123,36" hai3="19,113,39,12,79,110,53,7,129,128,112,47,0"/><T37/><D1/><U74/><E126/><V71/><F36/><W31/><G79/><T70/><D70/><U2/><E2/><V108/><F108/><W8/><G39/><T14/><D124/><U80/><E9/><V57/><F135/><W78/><G78/><T27/><D88/><U3/><E3/><V13/><F117/><W75/><G75/><T115/><D115/><N who="3" m="44105" /><G47/><T21/><D15/><U132/><E83/><V59/><F71/><W5/><G53/><T77/><D77/><U119/><E35/><V17/><F50/><W82/><G82/><T85/><D85/><U22/><E22/><V66/><REACH who="2" step="1"/><F18/><REACH who="2" ten="366,250,240,134" step="2"/><W134/><G134/><T91/><D37/><U94/><E132/><V109/><F109/><W43/><G43/><T89/><D40/><U24/><E119/><V121/><F121/><W111/><G31/><T41/><D42/><U103/><REACH who="1" step="1"/><E80/><REACH who="1" ten="366,240,240,134" step="2"/><V55/><AGARI ba="1,2" hai="13,17,23,25,28,34,55,57,59,60,63,66,122,123" machi="55" ten="20,8000,1" yaku="1,1,0,1,7,1,52,1,53,1" doraHai="51" doraHaiUra="48" who="2" fromWho="2" sc="366,-41,240,-21,240,103,134,-21" /><INIT seed="1,0,0,3,4,78" ten="325,219,343,113" oya="1" hai0="42,26,11,32,4,3,96,69,46,2,132,56,66" hai1="115,55,37,58,40,36,108,51,84,48,57,27,77" hai2="75,63,116,6,50,60,1,54,23,88,35,107,105" hai3="130,53,20,13,95,109,111,49,121,67,9,134,10"/><U15/><E115/><V22/><F116/><W97/><G121/><T25/><D69/><U129/><E129/><V28/><F35/><W70/><G130/><T117/><D117/><U0/><E0/><V64/><F75/><W24/><G134/><T123/><D132/><U76/><E108/><V83/><F1/><W122/><G122/><T126/><D123/><U114/><E114/><V61/><F6/><W110/><G70/><T52/><D126/><U89/><E15/><V103/><F64/><W14/><G67/><T86/><D66/><U33/><E37/><V44/><F103/><W71/><G71/><T113/><D113/><U79/><E36/><V82/><F28/><W18/><G9/><T98/><D2/><U47/><E33/><V19/><F23/><W39/><G39/><T135/><D135/><U120/><E120/><V72/><F72/><W59/><REACH who="3" step="1"/><G10/><REACH who="3" ten="325,219,343,103" step="2"/><T92/><D11/><U131/><E131/><V21/><F21/><W119/><G119/><T125/><D125/><U133/><E133/><V106/><REACH who="2" step="1"/><F88/><AGARI ba="0,1" hai="13,14,18,20,24,49,53,59,88,95,97,109,110,111" machi="88" ten="40,5200,0" yaku="1,1,14,1,54,1,53,0" doraHai="78" doraHaiUra="127" who="3" fromWho="2" sc="325,0,219,0,343,-52,103,62" /><INIT seed="2,0,0,2,2,62" ten="325,219,291,165" oya="2" hai0="16,31,77,84,86,41,35,114,85,113,38,68,134" hai1="33,1,7,80,46,83,45,81,97,2,44,40,52" hai2="128,87,18,91,104,125,108,106,115,120,13,111,102" hai3="6,56,105,109,20,135,14,25,11,23,70,47,99"/><V49/><F115/><W42/><G70/><T48/><D38/><U50/><E33/><V66/><F120/><W27/><G109/><N who="2" m="42057" /><F102/><W74/><G135/><T89/><D134/><U130/><E130/><V67/><F49/><W75/><G105/><N who="2" m="40553" /><F125/><W43/><G99/><T133/><D133/><U19/><E97/><V92/><F128/><W15/><G56/><T24/><D114/><U100/><E100/><V63/><F63/><W4/><REACH who="3" step="1"/><G11/><AGARI ba="0,0" hai="11,13,18,66,67,87,91,92" m="40553,42057" machi="11" ten="30,11600,0" yaku="14,1,10,1,52,2" doraHai="62" who="2" fromWho="3" sc="325,0,219,0,291,116,165,-116" /><INIT seed="2,1,0,5,0,23" ten="325,219,407,49" oya="2" hai0="44,114,62,39,117,61,127,6,112,16,126,43,73" hai1="103,56,92,49,53,120,131,118,8,91,82,58,9" hai2="42,67,3,105,104,7,90,85,68,66,110,74,95" hai3="97,2,116,107,101,80,121,21,86,102,34,47,76"/><V99/><F42/><W109/><G34/><T57/><D73/><U37/><E37/><V70/><F74/><W83/><G2/><T10/><D117/><U93/><E118/><V5/><F110/><W98/><G116/><T52/><D61/><U14/><E131/><V87/><F99/><W130/><G109/><T124/><REACH who="0" step="1"/><D16/><REACH who="0" ten="315,219,407,49" step="2"/><U20/><E120/><V128/><F128/><W54/><G130/><T19/><D19/><U79/><E9/><V46/><F7/><W81/><G121/><T25/><D25/><U72/><E8/><V13/><F5/><W11/><G11/><T33/><D33/><U32/><E32/><V38/><F70/><W45/><G21/><T113/><D113/><U28/><E14/><AGARI ba="1,1" hai="6,10,14,39,43,44,52,57,62,112,114,124,126,127" machi="14" ten="40,5200,0" yaku="1,1,18,1,54,1,53,0" doraHai="23" doraHaiUra="129" who="0" fromWho="1" sc="315,65,219,-55,407,0,49,0" /><INIT seed="3,0,0,2,3,29" ten="380,164,407,49" oya="3" hai0="28,58,134,24,92,97,96,55,73,90,25,104,46" hai1="27,57,34,2,77,126,115,127,19,35,61,101,102" hai2="121,23,120,33,128,41,8,108,20,94,70,48,83" hai3="36,98,49,0,117,100,4,110,113,86,13,38,40"/><W39/><G113/><T50/><D73/><U37/><E37/><V130/><F33/><N who="1" m="12297" /><E2/><V7/><F108/><W63/><G0/><T106/><D134/><U22/><E77/><V122/><F70/><W88/><G110/><T16/><D97/><U71/><E71/><V43/><F94/><W64/><G117/><T42/><D25/><U129/><E115/><V79/><F23/><W85/><G85/><T124/><D124/><N who="1" m="47659" /><E129/><N who="2" m="49771" /><F20/><W78/><G78/><T14/><D28/><U107/><E107/><V119/><F48/><W80/><G49/><T76/><D76/><U67/><AGARI ba="0,0" hai="19,22,27,57,61,67,101,102" m="47659,12297" machi="67" ten="30,7900,0" yaku="18,1,52,3" doraHai="29" who="1" fromWho="1" sc="380,-20,164,79,407,-20,49,-39" owari="360,16.0,243,-15.7,387,48.7,10,-49.0" /></mjloggm>