<mjloggm ver="2.3"><GO type="225" lobby="0"/><UN n0="%E9%B3%B3%E6%9D%B1%E3%81%AE%E3%81%86%E3%81%95%E3%81%8E%E3%81%95%E3%82%93" n1="%E3%81%A4%E3%81%A3%E3%81%B1%E3%82%8A%E3%83%9D%E3%83%BC%E3%83%AB" n2="%E6%97%A5%E6%9B%9C%E6%97%A5%E3%82%88%E3%82%8A%E3%81%AE%E4%BD%BF%E8%80%85" n3="%E3%82%89%E3%81%84%E3%81%B5%E3%81%8C%E3%83%BC%E3%81%A9%E3%81%99%E3%81%8D" dan="17,17,16,17" rate="2222.61,2208.63,2153.58,2174.02" sx="M,M,M,M"/><TAIKYOKU oya="0"/><INIT seed="0,0,0,2,5,73" ten="250,250,250,250" oya="0" hai0="72,49,125,66,123,111,47,65,4,39,6,100,86" hai1="7,83,85,11,27,122,107,2,98,12,96,129,43" hai2="133,105,59,1,16,58,106,19,92,104,99,109,78" hai3="113,24,76,5,25,87,103,64,8,115,48,70,29"/><T114/><D114/><U20/><E122/><V134/><F1/><W51/><G25/><T9/><D72/><U40/><E129/><V44/><F44/><W132/><G132/><N who="2" m="50793" /><F78/><W126/><G126/><T3/><D123/><U124/><E124/><V32/><F32/><W74/><G103/><T135/><D135/><U95/><E2/><V130/><F130/><W75/><G87/><T91/><D125/><U127/><E107/><N who="2" m="27395" /><V50/><DORA hai="54" /><F109/><W82/><G74/><T61/><D39/><U68/><E127/><V84/><F84/><W38/><G38/><T17/><D111/><U13/><E98/><V45/><F45/><W90/><G90/><T52/><D100/><U119/><E96/><V121/><F121/><W116/><G115/><T46/><D46/><U56/><E85/><V71/><F71/><W33/><G113/><T97/><D97/><U42/><E68/><V108/><F108/><W15/><REACH who="3" step="1"/><G116/><REACH who="3" ten="250,250,250,240" step="2"/><T93/><D91/><U77/><E119/><V89/><F50/><W112/><G112/><T34/><D86/><U88/><E88/><V81/><F81/><W30/><G30/><T94/><D49/><U55/><E83/><V35/><F35/><W80/><G80/><T120/><D34/><U63/><E77/><V117/><F117/><W67/><G67/><T128/><D65/><U14/><REACH who="1" step="1"/><E95/><REACH who="1" ten="250,240,250,240" step="2"/><V79/><F79/><W131/><G131/><T57/><D128/><U41/><N who="1" m="10240" /><DORA hai="102" /><U101/><E101/><V18/><AGARI ba="0,2" hai="16,18,19,58,59,89,92,99" m="27395,50793" machi="18" ten="50,16000,3" yaku="20,1,52,6,54,1" doraHai="73,54,102" who="2" fromWho="2" sc="250,-80,240,-40,250,180,240,-40" /><INIT seed="1,0,0,2,3,63" ten="170,200,430,200" oya="1" hai0="105,38,67,15,26,70,55,23,75,48,19,4,73" hai1="106,100,5,96,130,51,42,71,21,78,41,85,36" hai2="97,43,46,30,47,112,103,64,8,122,86,98,10" hai3="35,132,81,1,91,54,31,79,11,17,39,60,95"/><U14/><E130/><V129/><F122/><W0/><G39/><T12/><D38/><U57/><E71/><V84/><F129/><W134/><G35/><T20/><D105/><U90/><E36/><V116/><F116/><W135/><G31/><T45/><D4/><U104/><E78/><V126/><F126/><W29/><G29/><T2/><D2/><U62/><E106/><V69/><F30/><W18/><G54/><T117/><D117/><U83/><E51/><V127/><F127/><W72/><G60/><T56/><D70/><U50/><E50/><V114/><F69/><W65/><G65/><T33/><D33/><U9/><REACH who="1" step="1"/><E21/><REACH who="1" ten="170,190,430,200" step="2"/><V115/><F115/><W22/><G22/><T124/><D124/><U3/><E3/><N who="3" m="1098" /><G11/><T59/><D26/><U108/><E108/><V82/><F8/><W102/><G102/><T120/><D20/><U133/><E133/><V32/><F10/><W128/><G128/><T89/><D23/><U61/><E61/><V131/><F103/><W94/><G91/><T40/><D89/><U58/><E58/><V37/><F131/><W49/><G49/><T80/><D59/><U92/><E92/><AGARI ba="0,1" hai="17,18,72,79,81,92,94,95,132,134,135" m="1098" machi="92" ten="40,1300,0" yaku="20,1" doraHai="63" who="3" fromWho="1" sc="170,0,190,-13,430,0,200,23" /><INIT seed="2,0,0,0,2,16" ten="170,177,430,223" oya="2" hai0="99,88,8,6,103,102,106,131,126,114,111,129,86" hai1="43,46,50,127,119,112,55,15,122,10,79,78,105" hai2="11,49,93,60,72,34,37,74,7,134,107,68,83" hai3="116,1,39,2,18,51,95,91,89,56,98,5,117"/><V44/><F93/><W22/><G39/><T90/><D114/><U61/><E119/><V123/><F49/><W97/><G5/><T108/><D126/><U69/><E112/><V125/><F34/><W84/><G1/><T100/><D8/><U53/><E127/><V124/><F107/><W41/><G2/><T87/><D6/><U96/><E122/><V62/><F62/><W94/><G84/><N who="0" m="32299" /><D106/><U118/><E118/><V13/><F7/><W12/><G56/><T81/><D81/><U29/><E29/><V25/><F11/><W85/><G85/><T24/><D24/><U35/><E35/><V70/><F25/><W14/><REACH who="3" step="1"/><G12/><REACH who="3" ten="170,177,430,213" step="2"/><T73/><D73/><U40/><E78/><N who="2" m="44487" /><F13/><W17/><G17/><T58/><D58/><N who="1" m="35039" /><E79/><V30/><F74/><W133/><G133/><T113/><D113/><U77/><E77/><V130/><F134/><W32/><G32/><T65/><D99/><U36/><E36/><V121/><F37/><W28/><G28/><T128/><D65/><U57/><E57/><V54/><F30/><W101/><G101/><T135/><D135/><U59/><E59/><V80/><F125/><W110/><G110/><AGARI ba="0,1" hai="88,90,100,102,103,108,110,111,128,129,131" m="32299" machi="110" ten="40,12000,2" yaku="28,2,14,1,19,1,34,2,54,1" doraHai="16" who="0" fromWho="3" sc="170,130,177,0,430,0,213,-120" /><INIT seed="3,0,0,4,5,76" ten="300,177,430,93" oya="3" hai0="21,94,133,89,116,22,107,51,104,44,18,67,15" hai1="100,47,83,102,25,88,29,42,41,80,123,0,70" hai2="9,128,16,33,64,48,91,106,14,62,98,103,90" hai3="3,68,59,72,61,122,53,69,119,54,87,125,78"/><W65/><G3/><T43/><D116/><U36/><E70/><V71/><F128/><W63/><G119/><T13/><D133/><U96/><E0/><V127/><F127/><W85/><G122/><T37/><D67/><U57/><E123/><V99/><F99/><W27/><G125/><T75/><D75/><U134/><E134/><V28/><F48/><W19/><G69/><T108/><D108/><U39/><E57/><V118/><F118/><W113/><G113/><T11/><D37/><U5/><E5/><V73/><F73/><W97/><G54/><T23/><REACH who="0" step="1"/><D15/><REACH who="0" ten="290,177,430,93" step="2"/><U1/><E1/><V120/><F120/><W93/><G72/><T84/><AGARI ba="0,1" hai="11,13,18,21,22,23,43,44,51,84,89,94,104,107" machi="84" ten="30,7900,0" yaku="1,1,2,1,0,1,53,1" doraHai="76" doraHaiUra="6" who="0" fromWho="0" sc="290,89,177,-20,430,-20,93,-39" owari="379,17.9,157,-24.3,410,51.0,54,-44.6" /></mjloggm>