<mjloggm ver="2.3"><GO type="225" lobby="0"/><UN n0="%E6%B4%BE%E9%81%A3%E3%81%AE%E3%82%B8%E3%83%A3%E3%83%83%E3%82%AF" n1="%E3%82%A2%E3%83%A1%E3%82%A2%E3%83%A9%E3%83%AC" n2="%6D%75%75%73%61%6E%6D%75" n3="%E3%81%A4%E3%81%A3%E3%81%B1%E3%82%8A%E3%83%9D%E3%83%BC%E3%83%AB" dan="17,16,16,16" rate="2181.93,2190.15,2136.30,2166.67" sx="M,M,F,M"/><TAIKYOKU oya="0"/><INIT seed="0,0,0,1,4,11" ten="250,250,250,250" oya="0" hai0="106,113,45,110,31,38,57,20,13,115,92,102,40" hai1="78,130,32,65,68,83,89,14,127,26,48,42,80" hai2="122,21,112,132,103,69,6,107,117,5,73,52,88" hai3="84,49,131,18,2,34,62,37,50,53,41,79,133"/><T43/><D106/><U8/><E130/><V16/><F112/><W10/><G131/><T87/><D40/><U47/><E127/><V25/><F69/><W27/><G133/><T0/><D0/><U30/><E89/><V54/><F122/><W29/><G37/><T7/><D110/><U56/><E68/><V67/><F73/><W95/><G41/><T114/><D57/><U81/><E56/><V9/><F132/><W64/><G53/><N who="2" m="20585" /><F107/><W86/><G86/><T97/><D87/><U123/><E65/><V28/><F117/><W55/><G55/><T104/><D104/><U129/><E123/><V119/><F103/><W63/><G63/><T109/><D109/><U46/><E46/><V96/><F119/><W77/><G77/><T70/><D70/><U121/><E121/><V60/><F60/><W1/><G1/><T36/><D36/><U118/><E118/><V108/><F108/><W44/><G44/><T19/><D7/><U94/><E94/><N who="2" m="56391" /><F67/><W120/><G2/><T85/><D85/><N who="1" m="48279" /><E129/><V111/><F111/><W66/><G120/><T75/><REACH who="0" step="1"/><D31/><REACH who="0" ten="240,250,250,250" step="2"/><U93/><E93/><V51/><F51/><W116/><G50/><T101/><D101/><U100/><E100/><V105/><F105/><W90/><G49/><T71/><D71/><U76/><E76/><V126/><F126/><W99/><G116/><T59/><D59/><U35/><E48/><V125/><F125/><W17/><G79/><T33/><D33/><U22/><E35/><V4/><F28/><W15/><G29/><T23/><D23/><U134/><E32/><V58/><F58/><RYUUKYOKU ba="0,1" sc="240,15,250,-15,250,15,250,-15" hai0="13,19,20,38,43,45,75,92,97,102,113,114,115" hai2="4,5,6,9,16,21,25" /><INIT seed="0,1,1,0,5,110" ten="255,235,265,235" oya="0" hai0="107,123,46,40,116,36,67,75,64,25,33,53,34" hai1="96,23,61,83,69,52,84,8,135,124,14,88,44" hai2="3,26,31,5,65,133,71,77,59,1,102,104,113" hai3="47,122,7,125,92,103,56,2,39,111,0,132,89"/><T126/><D123/><U55/><E135/><V63/><F133/><W13/><G132/><T95/><D107/><U134/><E134/><V114/><F59/><W24/><G111/><T68/><D75/><U19/><E124/><V28/><F77/><W109/><G109/><T97/><D116/><U16/><E44/><V11/><F1/><W27/><G103/><T94/><D126/><U128/><E128/><V120/><F120/><W9/><G125/><T118/><D118/><U17/><E96/><N who="2" m="61511" /><F28/><W108/><G108/><T72/><D72/><U32/><E32/><AGARI ba="1,1" hai="3,5,11,26,31,32,63,65,71,113,114" m="61511" machi="32" ten="30,7700,0" yaku="25,1,23,1,52,2" doraHai="110" who="2" fromWho="1" sc="255,0,235,-80,265,90,235,0" /><INIT seed="1,0,0,3,3,135" ten="255,155,355,235" oya="1" hai0="96,114,122,20,39,121,83,134,74,92,67,124,16" hai1="14,23,10,31,61,103,6,15,63,68,35,0,57" hai2="75,38,47,56,97,17,50,88,2,27,66,40,26" hai3="87,43,120,44,29,58,11,89,93,28,55,51,4"/><U84/><E68/><V21/><F75/><W33/><G33/><T48/><D39/><U113/><E113/><V125/><F2/><W76/><G120/><T45/><D114/><U7/><E103/><V119/><F119/><W123/><G123/><N who="0" m="47115" /><D134/><U73/><E73/><V37/><F125/><W53/><G76/><N who="0" m="44439" /><D67/><U65/><E35/><V36/><F66/><W5/><G55/><T82/><D82/><U9/><E63/><V130/><F130/><W79/><G79/><T52/><D124/><U115/><E115/><V72/><F72/><W131/><G131/><T132/><D132/><U86/><REACH who="1" step="1"/><E0/><REACH who="1" ten="255,145,355,235" step="2"/><V62/><F62/><W19/><G29/><T3/><D3/><U91/><E91/><V24/><F88/><W34/><G28/><T30/><D30/><U90/><E90/><V104/><F104/><W109/><G34/><T1/><D1/><U129/><E129/><V99/><F99/><W80/><G80/><T46/><D96/><U101/><E101/><V126/><F97/><W18/><G89/><T102/><D102/><U71/><E71/><V41/><F126/><W59/><G87/><T22/><D92/><U116/><E116/><V118/><F118/><W54/><G93/><T77/><D77/><U98/><E98/><V110/><F36/><W94/><G94/><T85/><D85/><U106/><E106/><V117/><F37/><W25/><G51/><T70/><D70/><U32/><E32/><V12/><F117/><W95/><G95/><T13/><D22/><U81/><E81/><V78/><F38/><W133/><G133/><T112/><D112/><RYUUKYOKU ba="0,1" sc="255,15,145,15,355,-15,235,-15" hai0="13,16,20,45,46,48,52" hai1="6,7,9,10,14,15,23,31,57,61,65,84,86" /><INIT seed="1,1,1,2,1,46" ten="270,160,340,220" oya="1" hai0="121,97,133,73,122,18,12,34,99,39,95,36,47" hai1="58,83,52,119,8,42,111,14,4,54,105,106,45" hai2="84,68,90,125,79,44,110,41,124,11,0,80,26" hai3="31,20,103,43,127,5,51,30,120,9,132,35,72"/><U86/><E119/><V60/><F110/><W129/><G120/><N who="0" m="46187" /><D133/><U10/><E111/><V107/><F107/><W32/><G72/><T55/><D34/><N who="3" m="12841" /><G103/><N who="0" m="60863" /><D99/><U17/><E105/><V38/><F26/><N who="3" m="16711" /><G51/><N who="0" m="29183" /><D73/><U128/><E106/><V16/><F38/><W65/><G132/><T88/><D88/><N who="1" m="51295" /><E128/><V62/><F84/><W7/><G129/><T64/><D64/><U100/><E100/><V114/><F79/><W40/><G65/><T96/><D96/><U126/><E126/><V25/><F124/><W37/><G37/><T69/><D69/><U28/><E28/><V85/><F68/><W91/><G91/><T123/><N who="0" m="46195" /><T27/><DORA hai="118" /><D27/><U87/><E87/><V13/><F25/><W115/><G31/><T81/><D81/><U104/><E104/><V33/><F125/><W29/><G29/><T15/><D15/><N who="1" m="5511" /><E58/><V89/><F85/><W3/><G127/><T24/><D24/><U98/><E98/><V109/><F109/><W102/><G102/><T23/><AGARI ba="1,1" hai="12,18,23,36,39" m="29183,60863,46195" machi="23" ten="40,12000,2" yaku="13,1,52,5" doraHai="46,118" who="0" fromWho="0" sc="270,133,160,-61,340,-31,220,-31" /><INIT seed="2,0,0,3,4,60" ten="403,99,309,189" oya="2" hai0="59,83,119,91,84,42,129,10,90,49,82,21,105" hai1="110,128,47,86,27,70,81,52,96,19,112,33,134" hai2="23,75,89,100,118,3,35,16,28,102,0,53,31" hai3="46,62,40,93,132,114,120,130,122,74,7,64,113"/><V101/><F118/><W111/><G74/><T99/><D129/><U38/><E110/><V6/><F75/><W26/><G7/><T41/><D119/><U25/><E134/><V125/><F35/><W20/><G111/><T39/><D39/><U48/><E112/><N who="3" m="43114" /><G93/><N who="0" m="56767" /><D105/><U109/><E109/><V107/><F107/><W50/><G130/><T57/><D10/><U12/><E128/><V77/><F125/><W95/><G95/><T76/><D21/><U29/><E70/><V58/><F6/><W36/><G132/><T80/><D76/><U106/><E38/><V92/><F3/><W97/><G97/><T72/><D72/><U103/><E29/><V54/><F0/><W123/><G36/><T71/><D71/><U127/><E33/><V14/><F77/><W66/><G62/><T37/><D37/><U18/><E127/><V51/><REACH who="2" step="1"/><F53/><REACH who="2" ten="403,99,299,189" step="2"/><W61/><G61/><T126/><D126/><U24/><REACH who="1" step="1"/><E12/><REACH who="1" ten="403,89,299,189" step="2"/><V67/><F67/><N who="3" m="25643" /><G123/><T44/><D41/><U45/><E45/><V15/><F15/><W30/><AGARI ba="0,2" hai="20,26,30,40,46,50,120,122" m="25643,43114" machi="30" ten="30,7900,0" yaku="11,1,52,3" doraHai="60" who="3" fromWho="3" sc="403,-20,89,-20,299,-39,189,99" /><INIT seed="3,0,0,0,5,39" ten="383,69,260,288" oya="3" hai0="113,58,51,27,125,79,52,76,68,72,33,83,99" hai1="90,64,88,130,108,37,75,102,2,77,45,95,80" hai2="66,30,104,127,91,107,24,21,74,86,100,103,124" hai3="71,47,59,114,7,50,105,36,42,120,32,18,23"/><W16/><G120/><T49/><D68/><U38/><E64/><V123/><F66/><W13/><G114/><T111/><D113/><U87/><E37/><V134/><F30/><W129/><G129/><T4/><D4/><U31/><E31/><V133/><F24/><W14/><G105/><N who="2" m="40521" /><F21/><W57/><G32/><T28/><D111/><U67/><E67/><V10/><F10/><N who="3" m="4319" /><G36/><T135/><D135/><N who="2" m="51722" /><F74/><W96/><G71/><T97/><D72/><U81/><E2/><V121/><F121/><W132/><G132/><T46/><D27/><U94/><E45/><V20/><F20/><N who="3" m="11287" /><G96/><T62/><D97/><U85/><E38/><V60/><F60/><W9/><G9/><T128/><D99/><U25/><E25/><AGARI ba="0,0" hai="18,23,25,42,47,50,57,59" m="11287,4319" machi="25" ten="30,5800,0" yaku="8,1,52,1,54,1" doraHai="39" who="3" fromWho="1" sc="383,0,69,-58,260,0,288,58" /><INIT seed="3,1,0,5,3,53" ten="383,11,260,346" oya="3" hai0="82,12,131,50,89,66,85,26,3,79,86,130,94" hai1="84,106,5,60,6,125,109,64,62,87,74,58,56" hai2="13,132,77,9,96,119,46,101,44,111,10,19,17" hai3="121,51,104,22,30,97,70,107,7,42,14,59,24"/><W28/><G121/><T80/><D3/><U88/><E109/><V54/><F111/><W115/><G70/><T68/><D26/><U100/><E125/><V41/><F132/><W4/><G115/><T83/><D50/><U116/><E74/><V39/><F119/><W16/><G107/><T34/><D34/><U8/><E116/><V11/><F77/><W135/><G135/><T29/><D29/><N who="3" m="11369" /><G104/><T108/><D108/><U55/><E106/><V78/><F78/><W57/><G97/><T117/><D117/><U15/><E100/><V123/><F123/><W76/><G76/><T98/><D12/><U92/><E84/><N who="0" m="32361" /><D66/><U93/><E93/><V43/><F96/><W67/><G67/><T120/><D68/><U47/><E47/><V75/><F75/><W45/><G14/><T112/><D120/><U113/><E113/><V95/><F95/><W124/><G124/><T27/><D27/><U61/><E61/><V133/><F133/><W69/><G69/><T72/><D112/><U127/><E127/><V31/><F31/><W49/><G49/><T33/><D33/><U21/><E21/><V102/><F54/><W35/><G35/><T105/><D105/><U122/><E122/><V81/><F81/><AGARI ba="1,0" hai="72,79,80,81,82,83,89,94,98,130,131" m="32361" machi="81" ten="30,2000,0" yaku="34,2" doraHai="53" who="0" fromWho="2" sc="383,23,11,0,260,-23,346,0" owari="406,50.6,11,-48.9,237,-16.3,346,14.6" /></mjloggm>