<mjloggm ver="2.3"><GO type="225" lobby="0"/><UN n0="%E3%83%94%E3%83%B3%E3%82%B5%E3%83%AD%E5%BA%97%E5%93%A1" n1="%E3%81%B5%E3%81%98%E3%81%8B%E3%81%A4" n2="%E3%81%B2%E3%81%AA%E3%81%AE%E3%82%8A%E3%81%8F" n3="%72%65%6E%6B%75%6E" dan="16,16,17,17" rate="2183.75,2189.85,2197.51,2216.33" sx="M,M,M,M"/><TAIKYOKU oya="0"/><INIT seed="0,0,0,1,2,0" ten="250,250,250,250" oya="0" hai0="93,2,72,36,75,14,73,130,33,13,42,74,124" hai1="52,35,5,100,128,112,27,135,39,64,30,78,101" hai2="32,116,84,86,120,43,103,24,44,87,7,54,115" hai3="20,21,133,46,119,28,91,121,114,98,51,23,60"/><T6/><D33/><U90/><E135/><V63/><F120/><W97/><G114/><T70/><D70/><U38/><E112/><V17/><F115/><W83/><G119/><T109/><D130/><U92/><E78/><V67/><F103/><W1/><G1/><T50/><D124/><U110/><E64/><V104/><F104/><W118/><G118/><T127/><D127/><U65/><E65/><V106/><F106/><W9/><G133/><T68/><D68/><U12/><E101/><V56/><F116/><W59/><G9/><T126/><D126/><U134/><E128/><V117/><F117/><W132/><G28/><T85/><D36/><U3/><E100/><V79/><F7/><W55/><G121/><T122/><D75/><U88/><E90/><V123/><F123/><W8/><G8/><T45/><D109/><U111/><E134/><V71/><F79/><W31/><G31/><T125/><D122/><U102/><E102/><V34/><F17/><W96/><G132/><T40/><D73/><U22/><E52/><V62/><REACH who="2" step="1"/><F24/><REACH who="2" ten="250,250,240,250" step="2"/><W81/><REACH who="3" step="1"/><G91/><REACH who="3" ten="250,250,240,240" step="2"/><T41/><D125/><U10/><E111/><V25/><F25/><W58/><G58/><T37/><D2/><U11/><E110/><V48/><AGARI ba="0,2" hai="32,34,43,44,48,54,56,62,63,67,71,84,86,87" machi="48" ten="30,2000,0" yaku="1,1,0,1,53,0" doraHai="0" doraHaiUra="76" who="2" fromWho="2" sc="250,-10,250,-5,240,40,240,-5" /><INIT seed="1,0,0,0,2,61" ten="240,245,280,235" oya="1" hai0="93,41,20,13,32,73,64,26,49,67,27,120,122" hai1="102,121,51,107,83,30,109,66,131,46,130,37,50" hai2="5,99,78,82,36,118,17,117,59,24,21,100,22" hai3="98,119,128,1,34,127,25,85,105,90,42,81,91"/><U16/><E121/><N who="0" m="46697" /><D73/><U40/><E30/><V87/><F36/><W3/><G128/><N who="1" m="49194" /><E107/><V110/><F110/><W89/><G127/><T35/><D13/><U74/><E102/><V101/><F5/><W111/><G111/><T58/><D93/><U68/><E109/><V28/><F59/><W126/><G126/><T125/><D125/><U55/><E16/><V115/><F101/><W29/><G42/><T84/><D84/><U9/><E9/><V75/><F75/><W104/><G119/><T52/><D41/><U97/><E97/><V79/><F79/><W88/><REACH who="3" step="1"/><G98/><REACH who="3" ten="240,245,280,225" step="2"/><T108/><D108/><U95/><E40/><V11/><F117/><W71/><G71/><T129/><D129/><U134/><E68/><V45/><F118/><W0/><AGARI ba="0,1" hai="0,1,3,25,29,34,81,85,88,89,90,91,104,105" machi="0" ten="40,5200,0" yaku="1,1,0,1,54,1,53,0" doraHai="61" doraHaiUra="112" who="3" fromWho="3" sc="240,-13,245,-26,280,-13,225,62" /><INIT seed="2,0,0,2,5,134" ten="227,219,267,287" oya="2" hai0="1,93,94,82,104,7,100,53,98,24,59,43,73" hai1="42,101,48,19,10,127,35,67,39,89,91,50,56" hai2="125,96,109,129,21,116,13,64,102,9,131,122,15" hai3="6,85,113,8,119,105,77,18,58,124,45,115,71"/><V74/><F116/><W32/><G71/><T11/><D43/><U31/><E39/><V132/><F122/><W52/><G32/><T118/><D118/><U54/><E101/><V84/><F74/><W126/><G105/><T38/><D38/><U114/><E114/><N who="3" m="43530" /><G45/><T27/><D82/><U0/><E127/><N who="3" m="48682" /><G18/><T4/><D73/><U72/><E72/><V30/><F125/><W36/><G36/><T46/><D46/><U16/><E42/><V133/><F133/><W97/><G97/><T44/><D44/><U99/><E99/><V112/><F112/><W79/><G85/><T2/><D104/><U37/><E37/><V76/><F132/><W57/><G119/><T92/><D98/><U63/><E19/><V5/><F84/><W87/><G87/><T40/><D40/><U34/><E34/><V61/><F96/><W103/><G103/><T47/><D47/><N who="1" m="27935" /><E35/><V78/><F102/><W51/><G57/><T49/><D100/><U70/><E70/><V120/><F131/><W23/><G23/><T107/><D107/><U106/><E106/><V83/><F129/><W68/><G68/><T28/><D28/><U128/><E31/><V95/><F30/><W69/><G69/><T22/><D22/><U3/><E128/><V26/><F21/><W20/><G20/><T29/><D29/><U14/><E50/><V33/><F33/><W86/><G86/><T75/><D75/><U121/><E121/><V88/><F120/><W66/><G66/><T80/><D80/><U17/><E17/><V110/><F64/><W90/><G90/><N who="1" m="34314" /><E16/><V41/><F83/><RYUUKYOKU ba="0,0" sc="227,10,219,10,267,-30,287,10" hai0="1,2,4,7,11,24,27,49,53,59,92,93,94" hai1="0,3,10,14,56,63,67" hai3="6,8,51,52,58,77,79" /><INIT seed="3,1,0,5,1,7" ten="237,229,237,297" oya="3" hai0="111,11,83,61,6,22,3,96,84,64,56,124,71" hai1="38,51,36,41,131,106,60,14,15,69,62,30,19" hai2="39,113,40,73,105,4,12,65,18,17,52,2,43" hai3="117,31,129,119,25,125,54,109,13,66,5,42,90"/><W134/><G66/><T23/><D111/><U53/><E106/><V132/><F113/><W114/><G42/><T87/><D124/><U75/><E75/><V24/><F105/><W104/><G104/><T33/><D33/><U108/><E108/><V107/><F107/><W74/><G74/><T93/><D71/><U100/><E100/><V26/><F73/><W130/><G114/><T8/><D8/><N who="1" m="6599" /><E38/><V37/><F65/><W34/><G109/><T101/><REACH who="0" step="1"/><D87/><REACH who="0" ten="227,229,237,297" step="2"/><U126/><E69/><V133/><F133/><W1/><G125/><T77/><AGARI ba="1,1" hai="3,6,11,22,23,56,61,64,77,83,84,93,96,101" machi="77" ten="20,12000,2" yaku="1,1,2,1,0,1,7,1,52,1,53,1" doraHai="7" doraHaiUra="94" who="0" fromWho="0" sc="227,133,229,-31,237,-31,297,-61" owari="360,46.0,198,-30.2,206,-19.4,236,3.6" /></mjloggm>