<mjloggm ver="2.3"><GO type="225" lobby="0"/><UN n0="%E3%83%AD%E3%83%83%E3%83%86%E9%9B%80%E7%90%83" n1="%E9%87%8E%E3%80%85%E5%AE%AE%E8%97%8D" n2="%E3%81%A1%E3%82%85%E3%81%86%E3%81%A9%E3%81%8F%E8%B1%A1%E3%81%95%E3%82%93" n3="%74%61%6B%65%2D%79%6F%75" dan="17,17,16,17" rate="2259.71,2158.47,2107.86,2110.89" sx="M,F,M,M"/><TAIKYOKU oya="0"/><INIT seed="0,0,0,1,3,76" ten="250,250,250,250" oya="0" hai0="37,14,24,25,100,40,8,111,117,77,109,84,13" hai1="46,116,5,27,43,4,102,52,125,128,68,17,82" hai2="85,104,20,31,90,57,19,58,34,7,123,127,49" hai3="61,64,126,28,97,70,131,16,41,22,103,11,71"/><T69/><D69/><U1/><E116/><V45/><F123/><W130/><G126/><T88/><D117/><U60/><E125/><V48/><F127/><W62/><G41/><T29/><D77/><U110/><E1/><V38/><F104/><W135/><G135/><T12/><D100/><U119/><E119/><V98/><F7/><W26/><G11/><T120/><D120/><U66/><E110/><N who="0" m="41993" /><D40/><U115/><E102/><V42/><F98/><W59/><G28/><T87/><D87/><U108/><E108/><V33/><F38/><W35/><G35/><N who="0" m="20903" /><D25/><U133/><E27/><V6/><F31/><W18/><G18/><N who="0" m="8455" /><D37/><U51/><E17/><V83/><F6/><W81/><G70/><T74/><D74/><U118/><E118/><V78/><F78/><W99/><G99/><T2/><D2/><U134/><E134/><V72/><F72/><W54/><REACH who="3" step="1"/><G81/><AGARI ba="0,0" hai="13,14,81,84,88" m="8455,20903,41993" machi="81" ten="30,11600,0" yaku="14,1,10,1,52,1,54,1" doraHai="76" who="0" fromWho="3" sc="250,116,250,0,250,0,250,-116" /><INIT seed="0,1,0,1,0,13" ten="366,250,250,134" oya="0" hai0="51,59,74,111,75,130,113,132,5,84,57,120,25" hai1="114,99,101,22,133,112,60,81,125,0,82,65,119" hai2="61,64,131,123,58,40,77,7,70,102,47,103,29" hai3="63,36,27,35,41,28,89,1,6,129,67,16,97"/><T92/><D113/><N who="1" m="43627" /><E0/><V118/><F123/><W3/><G129/><T71/><D132/><U45/><E119/><V115/><F115/><W72/><G72/><T124/><D71/><N who="1" m="42407" /><E133/><V73/><F118/><W20/><G36/><T91/><D124/><U98/><E125/><V117/><F117/><W32/><G41/><T95/><D5/><U106/><E45/><V104/><F131/><W55/><G55/><T37/><D37/><U2/><E2/><V26/><F7/><W4/><G3/><T62/><D51/><U100/><E22/><V44/><F58/><W121/><G121/><T94/><D59/><U9/><E9/><V110/><F110/><W122/><G122/><T15/><D57/><U90/><E90/><V105/><F103/><W46/><G46/><T127/><D91/><U19/><E19/><V53/><F53/><W87/><G1/><T76/><D111/><U38/><E38/><N who="2" m="21527" /><F47/><W31/><G35/><T69/><D69/><U134/><E134/><V96/><F105/><AGARI ba="1,0" hai="81,82,98,99,100,101,105,106" m="42407,43627" machi="105" ten="30,1000,0" yaku="11,1" doraHai="13" who="1" fromWho="2" sc="366,0,250,13,250,-13,134,0" /><INIT seed="1,0,0,0,2,35" ten="366,263,237,134" oya="1" hai0="9,43,21,90,23,114,127,69,22,126,6,15,31" hai1="42,85,70,124,93,64,7,94,3,122,55,71,123" hai2="101,74,129,37,5,40,89,130,38,45,80,12,47" hai3="39,10,76,131,8,86,49,100,13,24,125,106,72"/><U116/><E7/><V27/><F101/><W99/><G39/><T1/><D114/><U63/><E3/><V34/><F12/><W4/><G131/><N who="2" m="50185" /><F5/><W32/><G125/><N who="0" m="47627" /><D69/><U67/><E124/><V113/><F113/><W79/><G72/><T11/><D43/><U58/><E85/><N who="2" m="50343" /><F74/><W30/><G49/><T48/><D48/><N who="1" m="31079" /><E94/><V41/><F27/><W98/><G86/><T105/><D105/><U29/><E93/><V28/><F28/><W121/><G121/><N who="1" m="46090" /><E29/><V97/><F97/><W92/><REACH who="3" step="1"/><G8/><REACH who="3" ten="366,263,237,124" step="2"/><T26/><D11/><U25/><E116/><V109/><F109/><W103/><AGARI ba="0,1" hai="4,10,13,24,30,32,76,79,92,98,99,100,103,106" machi="103" ten="20,5200,0" yaku="1,1,2,1,0,1,7,1,53,0" doraHai="35" doraHaiUra="82" who="3" fromWho="3" sc="366,-13,263,-26,237,-13,124,62" /><INIT seed="2,0,0,5,2,120" ten="353,237,224,186" oya="2" hai0="40,18,71,24,115,45,26,81,85,42,122,21,52" hai1="0,12,95,135,38,39,75,113,22,65,10,96,79" hai2="73,133,112,114,19,104,1,94,7,46,126,125,36" hai3="28,43,130,4,86,59,11,27,31,47,16,61,30"/><V5/><F104/><W72/><G72/><T118/><D71/><U89/><E113/><N who="2" m="43627" /><F73/><W127/><G130/><T33/><D122/><U111/><E0/><V108/><F94/><W25/><G127/><N who="2" m="48649" /><F133/><W100/><G100/><T93/><D118/><U20/><E135/><V68/><F68/><W77/><G77/><T2/><D2/><U76/><E76/><V3/><F46/><W83/><G83/><T54/><D115/><U17/><E79/><V117/><F36/><W106/><G106/><T37/><D42/><U88/><E75/><V129/><F117/><W62/><G86/><T48/><D93/><U66/><E39/><V82/><F82/><W80/><G80/><T91/><D37/><U8/><E38/><V14/><F129/><W63/><G59/><T58/><D58/><U32/><E95/><V92/><F92/><W103/><G103/><T99/><D99/><U70/><E96/><V87/><F87/><W50/><REACH who="3" step="1"/><G16/><REACH who="3" ten="353,237,224,176" step="2"/><T105/><D105/><U84/><E17/><V107/><F107/><W98/><G98/><T102/><D102/><U29/><E70/><V128/><F128/><W74/><G74/><T53/><D18/><U6/><E84/><V51/><F19/><W57/><G57/><T116/><D85/><U9/><E29/><V55/><F5/><W123/><G123/><T23/><D81/><U60/><E6/><V78/><F78/><W41/><G41/><T110/><D40/><U119/><E119/><V134/><F134/><W90/><G90/><T97/><D91/><U13/><E89/><V132/><F132/><W56/><G56/><RYUUKYOKU ba="0,1" sc="353,-10,237,-10,224,-10,176,30" hai3="4,11,25,27,28,30,31,43,47,50,61,62,63" /><INIT seed="3,1,1,0,4,52" ten="343,227,214,206" oya="3" hai0="115,13,129,108,19,62,38,50,124,31,113,39,65" hai1="118,45,64,57,100,55,20,117,14,123,94,54,86" hai2="27,81,32,104,99,79,105,71,91,77,131,127,33" hai3="51,56,69,41,43,22,25,98,130,78,29,42,122"/><W75/><G122/><T89/><D108/><U16/><E123/><V83/><F71/><W47/><G69/><T30/><D124/><U35/><E35/><V110/><F110/><W48/><G130/><T34/><D129/><U102/><E64/><V114/><F131/><W135/><G135/><T7/><D7/><U134/><E134/><V84/><F114/><N who="0" m="43530" /><D50/><N who="1" m="29007" /><E86/><N who="2" m="48431" /><F27/><W92/><G48/><T116/><D89/><U44/><E44/><V126/><F32/><W85/><G75/><T53/><D53/><U111/><E94/><N who="2" m="56799" /><F33/><W46/><G56/><N who="0" m="37063" /><D116/><N who="1" m="44651" /><E111/><V37/><F37/><N who="0" m="13834" /><D34/><U72/><E72/><V125/><AGARI ba="1,1" hai="79,83,84,104,105,125,126,127" m="56799,48431" machi="125" ten="30,4000,0" yaku="18,1,34,2" doraHai="52" who="2" fromWho="2" sc="343,-11,227,-11,214,53,206,-21" owari="332,43.2,216,-18.4,267,6.7,185,-31.5" /></mjloggm>