<mjloggm ver="2.3"><GO type="225" lobby="0"/><UN n0="%E6%A1%9C%E8%8A%B1%E9%96%83%E3%80%85" n1="%E3%82%82%E3%81%90%E3%82%89" n2="%E3%83%A9%E3%83%BC%E3%83%A1%E3%83%B3%E4%BA%94%E9%83%8E" n3="%E3%81%82%E3%81%99%E3%81%AB%E3%82%83%E3%82%80" dan="18,17,16,16" rate="2259.78,2209.17,2085.70,2047.50" sx="M,M,M,F"/><TAIKYOKU oya="0"/><INIT seed="0,0,0,3,5,132" ten="250,250,250,250" oya="0" hai0="17,3,105,44,121,38,101,45,29,66,84,39,59" hai1="58,16,77,15,22,120,104,69,35,71,63,88,61" hai2="109,76,114,7,87,19,2,119,102,46,34,74,6" hai3="43,134,116,4,106,54,70,131,127,40,130,108,53"/><T78/><D121/><U47/><E120/><V133/><F114/><W124/><G134/><T82/><D3/><U103/><E35/><V50/><F74/><W56/><G106/><T10/><D29/><U60/><E77/><V57/><F34/><W81/><G4/><T92/><D105/><U23/><E58/><V68/><F68/><W9/><G9/><T26/><D39/><U93/><E47/><N who="0" m="17993" /><D38/><U64/><E71/><V118/><F109/><W83/><G108/><T52/><D66/><U41/><E41/><N who="3" m="15946" /><G70/><T91/><D101/><U5/><E5/><V86/><F2/><W24/><G24/><T33/><D33/><U42/><E42/><N who="2" m="24919" /><F133/><W51/><G116/><N who="2" m="44585" /><F102/><W75/><G54/><T111/><D111/><U95/><E104/><V89/><F19/><W110/><G110/><T113/><D113/><U48/><E69/><V107/><F107/><W27/><G27/><T90/><D92/><U32/><E32/><V37/><F37/><W80/><G75/><T122/><D122/><U94/><E64/><V79/><F57/><W11/><G11/><T100/><D100/><U65/><E23/><V8/><F8/><W73/><G73/><T85/><D85/><N who="2" m="32266" /><F89/><W99/><G99/><T62/><D10/><U126/><E65/><V117/><F117/><W21/><G21/><AGARI ba="0,0" hai="17,21,26,52,59,62,78,82,84,90,91" m="17993" machi="21" ten="30,2900,0" yaku="8,1,54,1" doraHai="132" who="0" fromWho="3" sc="250,29,250,0,250,0,250,-29" /><INIT seed="0,1,0,4,5,39" ten="279,250,250,221" oya="0" hai0="54,132,30,66,48,11,94,75,41,1,36,7,92" hai1="107,122,103,42,97,14,129,49,18,118,52,59,33" hai2="79,22,86,99,81,19,104,43,125,121,93,87,89" hai3="38,124,74,0,101,3,37,70,21,13,9,134,71"/><T113/><D113/><U57/><E122/><V56/><F125/><W83/><G101/><T106/><D106/><U85/><E118/><V31/><F121/><W20/><G124/><T28/><D66/><U135/><E33/><V61/><F104/><W69/><G134/><T65/><D65/><U95/><E135/><V73/><F31/><W111/><G111/><T127/><D127/><U32/><E32/><V62/><F62/><W58/><G58/><T34/><D75/><U96/><E129/><V126/><F126/><W102/><G102/><T27/><D30/><U6/><E6/><V123/><F123/><W76/><G37/><T109/><D109/><U119/><E119/><V90/><F90/><W108/><G108/><T10/><D10/><U130/><E42/><V114/><F114/><W60/><G60/><T131/><D131/><U51/><E85/><N who="2" m="48319" /><F43/><W55/><G55/><T63/><D63/><U5/><E5/><V80/><F80/><W120/><G38/><T23/><D34/><U24/><E130/><V25/><F73/><W16/><REACH who="3" step="1"/><G120/><REACH who="3" ten="279,250,250,211" step="2"/><T88/><D132/><U98/><E107/><V117/><F117/><W115/><G115/><T45/><REACH who="0" step="1"/><D88/><REACH who="0" ten="269,250,250,211" step="2"/><U26/><E103/><V35/><F35/><W67/><G67/><AGARI ba="1,2" hai="19,22,25,56,61,67,86,87,89,93,99" m="48319" machi="67" ten="30,1000,0" yaku="8,1" doraHai="39" who="2" fromWho="3" sc="269,0,250,0,250,33,211,-13" /><INIT seed="1,0,0,4,0,39" ten="269,250,283,198" oya="1" hai0="89,73,101,100,118,87,61,72,41,36,48,2,55" hai1="126,22,97,116,5,12,64,20,46,113,119,67,28" hai2="9,34,78,92,106,44,35,24,117,108,114,133,58" hai3="82,112,56,121,86,54,130,68,59,47,122,15,120"/><U102/><E113/><V79/><F117/><W33/><G33/><T77/><D2/><U85/><E126/><V135/><F106/><W66/><G15/><T26/><D118/><U21/><E28/><N who="2" m="19719" /><F108/><W123/><G86/><T53/><D36/><U23/><E119/><V96/><F35/><W110/><G82/><T16/><D77/><U10/><E116/><V52/><F44/><W43/><G112/><T93/><D73/><U19/><E85/><V105/><F9/><W91/><G91/><T30/><D72/><U18/><E46/><V69/><F69/><W95/><G95/><T129/><D129/><U63/><E63/><N who="2" m="36295" /><F105/><W1/><G1/><T94/><D30/><U40/><E40/><V124/><F124/><W70/><G110/><T84/><D84/><U109/><E109/><V115/><F78/><W11/><G11/><T81/><D94/><N who="1" m="58679" /><E5/><V80/><F80/><W14/><G14/><AGARI ba="0,0" hai="10,12,14,18,19,20,21,22,23,64,67" m="58679" machi="14" ten="30,1500,0" yaku="8,1" doraHai="39" who="1" fromWho="3" sc="269,0,250,15,283,0,198,-15" /><INIT seed="1,1,0,2,3,7" ten="269,265,283,183" oya="1" hai0="42,118,135,121,37,17,52,32,62,35,33,45,30" hai1="131,31,9,105,129,85,19,60,49,126,94,50,119" hai2="5,112,96,25,75,87,77,40,78,61,108,133,59" hai3="8,67,6,92,90,26,46,0,71,58,48,14,122"/><U15/><E119/><V57/><F75/><W3/><G122/><T13/><D118/><U113/><E113/><V74/><F74/><W107/><G107/><T132/><D121/><U80/><E105/><V69/><F112/><W98/><G71/><T93/><D30/><U103/><E31/><V72/><F72/><W36/><G26/><T109/><D93/><U28/><E28/><V120/><F69/><W38/><G38/><T29/><D29/><U65/><E126/><V117/><F40/><W99/><G36/><T4/><D4/><U64/><E94/><V43/><F43/><W124/><G124/><T128/><D109/><U82/><E103/><V123/><F5/><W11/><G0/><T47/><D128/><N who="1" m="49227" /><E82/><V24/><F108/><W66/><G58/><T54/><D62/><U130/><N who="1" m="49235" /><U91/><DORA hai="53" /><E64/><V79/><F117/><W125/><G99/><T20/><REACH who="0" step="1"/><D45/><REACH who="0" ten="259,265,283,183" step="2"/><U86/><E85/><V23/><F87/><W89/><G125/><T68/><D68/><AGARI ba="1,1" hai="9,15,19,49,50,60,65,68,80,86,91" m="49235" machi="68" ten="40,3900,0" yaku="19,1,52,1" doraHai="7,53" who="1" fromWho="0" sc="259,-42,265,52,283,0,183,0" /><INIT seed="1,2,0,5,2,37" ten="217,317,283,183" oya="1" hai0="6,36,100,2,70,11,90,131,124,82,29,60,109" hai1="77,121,26,94,123,14,59,38,27,23,64,114,35" hai2="74,85,10,52,134,101,95,66,80,33,89,9,75" hai3="43,61,87,22,86,25,120,3,111,21,4,116,129"/><U107/><E107/><V45/><F33/><W108/><G120/><T102/><D109/><N who="3" m="42057" /><G129/><T0/><D131/><U71/><E114/><V92/><F134/><W76/><G116/><T7/><D124/><U84/><E71/><V122/><F122/><W49/><G61/><T113/><D113/><U39/><E35/><V1/><F1/><W83/><G3/><T125/><D29/><U55/><E64/><V19/><F66/><W30/><G4/><T41/><D60/><U81/><E39/><V58/><F74/><N who="3" m="43415" /><G21/><T18/><D70/><U12/><E123/><V117/><F75/><W127/><G127/><T112/><D112/><U31/><E38/><V48/><F117/><W68/><G68/><T20/><D125/><U96/><E27/><V130/><F130/><W28/><G28/><T119/><D119/><U128/><E121/><V93/><F101/><W126/><G126/><T105/><D7/><U51/><REACH who="1" step="1"/><E128/><REACH who="1" ten="217,307,283,183" step="2"/><V5/><F5/><W24/><G25/><N who="0" m="14487" /><D0/><U44/><E44/><AGARI ba="2,1" hai="22,24,30,43,44,49,86,87" m="43415,42057" machi="44" ten="30,2000,0" yaku="14,1,52,1" doraHai="37" who="3" fromWho="1" sc="217,0,307,-26,283,0,183,36" /><INIT seed="2,0,0,1,5,119" ten="217,281,283,219" oya="2" hai0="122,91,123,45,89,75,76,132,124,55,115,63,13" hai1="79,40,44,62,11,100,67,53,64,113,25,69,56" hai2="58,120,30,6,103,70,108,24,84,35,16,5,1" hai3="87,74,60,68,28,130,48,109,133,36,110,42,54"/><V41/><F70/><W97/><G74/><T34/><D115/><U52/><E113/><V50/><F120/><N who="0" m="46122" /><D13/><U90/><E79/><V26/><F108/><N who="3" m="41579" /><G28/><T81/><D55/><U14/><E100/><V118/><F118/><W3/><G3/><T126/><D63/><U99/><E25/><V131/><F131/><W7/><G7/><T37/><D34/><U66/><E90/><N who="0" m="34313" /><D45/><U83/><E83/><V95/><F1/><W22/><G130/><T106/><D37/><N who="1" m="21519" /><E99/><V127/><F26/><W51/><G22/><T18/><D18/><U112/><E112/><V8/><F41/><W72/><G97/><T17/><D17/><U107/><E107/><V27/><F30/><W4/><G4/><T114/><D114/><U86/><E86/><V19/><F35/><W59/><G87/><T78/><D132/><U85/><E85/><V10/><F84/><W15/><G133/><T88/><D78/><U116/><E53/><V129/><F5/><W38/><G15/><T20/><D20/><U12/><E12/><V61/><F6/><W43/><G68/><T49/><D49/><N who="1" m="30735" /><E116/><V111/><F111/><W135/><G135/><T57/><N who="0" m="34321" /><T71/><DORA hai="101" /><D106/><U128/><E128/><V94/><F129/><W47/><G36/><T46/><D46/><U39/><E39/><V31/><F8/><W92/><G42/><T105/><D105/><U80/><E14/><V33/><F10/><W96/><G38/><T21/><D71/><U0/><E11/><V93/><F33/><W73/><G48/><T134/><D134/><U23/><E0/><V117/><F31/><RYUUKYOKU ba="0,0" sc="217,-10,281,-10,283,-10,219,30" hai3="43,47,51,54,59,60,72,73,92,96" /><INIT seed="3,1,0,4,2,133" ten="207,271,273,249" oya="3" hai0="75,94,105,57,17,38,52,62,131,117,20,56,64" hai1="111,44,70,107,69,24,45,80,37,46,99,89,81" hai2="10,129,51,5,58,122,6,42,47,96,106,31,14" hai3="102,23,48,65,97,79,126,116,36,63,16,83,112"/><W19/><G112/><T2/><D117/><U76/><E37/><V15/><F129/><W82/><G116/><T130/><D105/><U54/><E111/><V29/><F122/><W92/><G36/><T7/><D75/><U25/><E54/><V104/><F58/><N who="3" m="37111" /><G126/><T12/><D38/><U98/><E89/><V73/><F73/><W18/><G48/><T59/><D94/><U35/><E35/><V85/><F106/><W124/><G124/><T132/><D132/><U128/><E107/><V123/><F123/><W3/><G3/><T26/><D2/><U21/><E21/><V66/><F66/><W93/><G79/><T74/><D74/><U125/><E125/><V109/><F109/><W119/><G119/><T134/><D134/><U103/><E76/><V95/><F85/><W120/><G120/><T84/><D84/><U90/><E90/><V43/><F43/><W60/><G60/><T135/><D135/><U0/><E0/><V53/><F42/><W50/><G50/><N who="0" m="30743" /><D57/><U71/><E128/><N who="0" m="49193" /><D7/><U91/><E71/><V108/><F104/><W27/><G93/><T67/><D67/><U32/><E70/><V114/><F108/><W118/><G118/><T88/><D88/><U78/><E91/><N who="2" m="55423" /><F114/><W121/><G121/><T55/><D64/><U41/><E69/><V4/><F5/><W11/><G11/><AGARI ba="1,0" hai="4,6,10,11,14,15,29,31,47,51,53" m="55423" machi="11" ten="30,1000,0" yaku="8,1" doraHai="133" who="2" fromWho="3" sc="207,0,271,0,273,13,249,-13" /><INIT seed="4,0,0,3,0,72" ten="207,271,286,236" oya="0" hai0="7,9,98,83,106,59,88,33,38,126,52,89,45" hai1="3,34,6,43,64,62,104,36,81,66,70,12,102" hai2="48,23,10,96,14,112,74,78,4,18,30,69,65" hai3="90,128,129,135,121,101,76,46,56,28,16,71,42"/><T55/><D33/><U0/><E12/><V54/><F112/><W92/><G71/><T2/><D126/><U131/><E66/><V39/><F39/><W84/><G28/><T107/><D89/><U100/><E100/><V8/><F30/><W75/><G135/><T97/><D97/><N who="1" m="61519" /><E6/><V21/><F69/><W133/><G133/><T82/><D82/><U85/><E85/><V60/><F96/><W93/><G56/><T49/><D38/><U15/><E15/><V22/><F60/><W109/><G109/><T25/><D25/><U53/><E53/><V50/><F65/><W44/><G121/><T68/><D68/><U108/><E108/><V51/><F74/><W73/><G16/><T57/><D45/><N who="1" m="23783" /><E131/><N who="3" m="50250" /><G46/><T110/><D110/><U80/><E80/><V77/><REACH who="2" step="1"/><F54/><REACH who="2" ten="207,271,276,236" step="2"/><W13/><G73/><T87/><REACH who="0" step="1"/><D98/><REACH who="0" ten="197,271,276,236" step="2"/><U58/><E70/><V123/><F123/><W105/><G75/><T27/><D27/><U63/><E34/><V26/><F26/><W111/><G111/><T61/><AGARI ba="0,2" hai="2,7,9,49,52,55,57,59,61,83,87,88,106,107" machi="61" ten="20,12000,1" yaku="1,1,0,1,7,1,54,2,53,0" doraHai="72" doraHaiUra="113" who="0" fromWho="0" sc="197,140,271,-40,276,-40,236,-40" owari="337,43.7,231,-16.9,236,3.6,196,-30.4" /></mjloggm>