<mjloggm ver="2.3"><GO type="225" lobby="0"/><UN n0="%E8%BE%9B%E5%8F%A3%E3%82%AB%E3%83%AC%E3%83%BC%E3%83%A9%E3%82%A4%E3%82%B9" n1="%43%68%65" n2="%72%69%6F%75%63%68%61%6E" n3="%E7%89%B9%E6%9D%B1%E3%81%AF%E4%B8%96%E7%95%8C%E3%82%92%E6%95%91%E3%81%86" dan="16,16,17,16" rate="2169.15,2159.45,2303.90,2162.66" sx="M,M,M,M"/><TAIKYOKU oya="0"/><INIT seed="0,0,0,5,5,122" ten="250,250,250,250" oya="0" hai0="51,73,116,42,86,15,123,111,101,83,72,50,17" hai1="80,29,107,45,58,67,103,92,1,133,12,10,89" hai2="135,7,43,102,128,77,69,49,56,23,126,65,120" hai3="121,68,46,55,95,87,16,9,66,36,127,5,109"/><T132/><D123/><U39/><E1/><V13/><F120/><W26/><G121/><T41/><D116/><U79/><E133/><V62/><F128/><W82/><G127/><T104/><D132/><U108/><E29/><V117/><F126/><W131/><G131/><T114/><D114/><U134/><E134/><V44/><F135/><W33/><G95/><T18/><D104/><U70/><E70/><V30/><F117/><W113/><G113/><T125/><D101/><U34/><E34/><V2/><F77/><W84/><G84/><T94/><D94/><U76/><E103/><V93/><F2/><W74/><G74/><T52/><D125/><U6/><E107/><V88/><F102/><W99/><G99/><T64/><D64/><U105/><E105/><V90/><F69/><W28/><G16/><T27/><D27/><U3/><E3/><V112/><F112/><W53/><G36/><T75/><D50/><U0/><E0/><V124/><F124/><W40/><G66/><T98/><D98/><U96/><E80/><V14/><F7/><W25/><G25/><T11/><D18/><U37/><E37/><V119/><F119/><W115/><G115/><T20/><D20/><U78/><E45/><V54/><F65/><W85/><G68/><T22/><D22/><U35/><E39/><V110/><F110/><W100/><G109/><T130/><D111/><U91/><E35/><V106/><F106/><W24/><G100/><T48/><D130/><U59/><E108/><V71/><F71/><W8/><G5/><T31/><D73/><U57/><E67/><RYUUKYOKU ba="0,0" sc="250,-10,250,30,250,-10,250,-10" hai1="6,10,12,57,58,59,76,78,79,89,91,92,96" /><INIT seed="1,1,0,1,5,96" ten="240,280,240,240" oya="1" hai0="24,13,46,47,91,72,40,45,112,30,86,54,133" hai1="120,115,105,39,58,5,69,38,63,83,113,98,110" hai2="89,95,74,37,52,103,79,9,3,65,102,32,12" hai3="116,49,20,55,111,77,68,66,28,128,82,7,2"/><U21/><E120/><V73/><F32/><W101/><G111/><T6/><D112/><U80/><E5/><V0/><F37/><W104/><G128/><T26/><D133/><U16/><E69/><V27/><F65/><W122/><G122/><T19/><D72/><U51/><E110/><V43/><F43/><W84/><G116/><T59/><D6/><U109/><E51/><V108/><F108/><W18/><G28/><T78/><D78/><U31/><E31/><V127/><F127/><W70/><G66/><T93/><D40/><U114/><E109/><V119/><F119/><W124/><G124/><T11/><REACH who="0" step="1"/><D30/><REACH who="0" ten="230,280,240,240" step="2"/><U41/><E41/><V17/><F74/><W97/><G7/><T94/><D94/><U8/><E39/><V134/><F134/><W1/><G1/><T48/><AGARI ba="1,1" hai="11,13,19,24,26,45,46,47,48,54,59,86,91,93" machi="48" ten="30,4000,0" yaku="1,1,0,1,8,1,53,0" doraHai="96" doraHaiUra="64" who="0" fromWho="0" sc="230,53,280,-21,240,-11,240,-11" /><INIT seed="2,0,0,4,1,110" ten="283,259,229,229" oya="2" hai0="8,122,69,78,46,2,103,66,90,55,61,87,49" hai1="41,117,17,1,104,13,100,125,11,26,30,59,10" hai2="62,34,65,4,121,25,21,33,16,84,106,114,95" hai3="113,99,6,70,18,20,54,53,77,27,79,67,22"/><V28/><F114/><W73/><G6/><T63/><D122/><U130/><E117/><V74/><F121/><W81/><G79/><T5/><D103/><U56/><E41/><V72/><F106/><W127/><G127/><T36/><D36/><U12/><E1/><V15/><F33/><W38/><G38/><T102/><D102/><U29/><E125/><V86/><F4/><W32/><G32/><T47/><D63/><U118/><E118/><V91/><REACH who="2" step="1"/><F84/><REACH who="2" ten="283,259,219,229" step="2"/><W9/><G113/><T94/><D78/><U93/><E104/><V71/><AGARI ba="0,1" hai="15,16,21,25,28,34,62,65,71,72,74,86,91,95" machi="71" ten="20,12000,1" yaku="1,1,2,1,0,1,7,1,54,1,53,0" doraHai="110" doraHaiUra="76" who="2" fromWho="2" sc="283,-40,259,-40,219,130,229,-40" /><INIT seed="2,1,0,4,4,48" ten="243,219,349,189" oya="2" hai0="36,15,45,26,64,121,1,66,86,122,68,24,51" hai1="74,104,11,65,98,32,100,88,55,87,41,38,89" hai2="101,71,110,118,93,60,46,70,18,10,97,28,128" hai3="102,61,35,103,124,85,52,125,99,90,119,126,0"/><V5/><F128/><W19/><G119/><T43/><D1/><U91/><E32/><V120/><F118/><W96/><G0/><T76/><D15/><U7/><E74/><V58/><F120/><W33/><G19/><T42/><D76/><U106/><E65/><N who="0" m="25193" /><D86/><U117/><E117/><V39/><F110/><W116/><G116/><T133/><D24/><U49/><E106/><V131/><F131/><W134/><G134/><T130/><D26/><U69/><E69/><V12/><F28/><W59/><G96/><T34/><D34/><N who="3" m="12809" /><G99/><T92/><D92/><AGARI ba="1,0" hai="52,59,61,85,90,92,102,103,124,125,126" m="12809" machi="92" ten="40,5200,0" yaku="18,1,52,1,54,1" doraHai="48" who="3" fromWho="0" sc="243,-55,219,0,349,0,189,55" /><INIT seed="3,0,0,2,0,60" ten="188,219,349,244" oya="3" hai0="31,105,79,66,104,69,90,51,102,70,67,63,0" hai1="8,97,131,91,126,114,95,132,80,78,127,85,59" hai2="15,7,71,21,65,89,125,107,2,133,110,135,86" hai3="58,6,52,34,42,124,134,49,96,84,41,130,47"/><W44/><G34/><T111/><D0/><U29/><E114/><V87/><F110/><W53/><G130/><T121/><D121/><U115/><E115/><V106/><F125/><N who="1" m="47625" /><E131/><V118/><F118/><W100/><G124/><T72/><D102/><U27/><E8/><N who="2" m="2167" /><F65/><W9/><G134/><N who="2" m="51209" /><F71/><W30/><G84/><N who="2" m="32297" /><F89/><W32/><G30/><T103/><D103/><U43/><E59/><V75/><F75/><W36/><G32/><T94/><D111/><U5/><E5/><V33/><F33/><W14/><REACH who="3" step="1"/><G58/><REACH who="3" ten="188,219,349,234" step="2"/><T45/><D31/><U128/><E132/><V50/><F50/><W117/><G117/><T25/><D25/><U40/><E128/><V83/><F83/><W16/><G16/><AGARI ba="0,1" hai="15,16,21,106,107" m="32297,51209,2167" machi="16" ten="30,2000,0" yaku="20,1,54,1" doraHai="60" who="2" fromWho="3" sc="188,0,219,0,349,30,234,-20" owari="188,-31.2,219,1.9,379,47.9,214,-18.6" /></mjloggm>