<mjloggm ver="2.3"><GO type="225" lobby="0"/><UN n0="%E7%AB%8B%E8%8A%B1%E9%9F%BF" n1="%E5%8F%AF%E5%85%90%E9%82%A3%E7%94%B1%E5%A4%9A" n2="%E5%84%AA%40%41%42%43" n3="%47%68%6F%73%74%55%30" dan="17,17,17,17" rate="2144.24,2154.04,2141.09,2183.05" sx="F,F,M,M"/><TAIKYOKU oya="0"/><INIT seed="0,0,0,1,5,133" ten="250,250,250,250" oya="0" hai0="103,111,113,57,106,122,76,99,130,96,32,7,94" hai1="82,74,68,1,79,26,70,10,18,15,36,29,119" hai2="121,73,100,28,132,71,83,123,63,87,17,14,20" hai3="45,120,125,131,48,75,60,4,108,5,49,12,90"/><T46/><D113/><U112/><E119/><V41/><F132/><W33/><G33/><T30/><D122/><U89/><E112/><V67/><F73/><W8/><G108/><T86/><D130/><U92/><E36/><V127/><F41/><W78/><G131/><T13/><D111/><U34/><REACH who="1" step="1"/><E1/><REACH who="1" ten="250,240,250,250" step="2"/><V64/><F121/><W118/><G120/><T58/><D32/><U59/><E59/><V69/><F123/><W97/><G118/><T24/><D58/><U16/><E16/><V25/><F71/><W128/><G128/><T42/><D57/><U62/><E62/><V98/><F67/><W104/><G60/><T35/><D35/><U3/><E3/><V47/><F47/><W0/><G45/><T105/><D46/><U52/><E52/><V109/><F109/><W80/><G48/><T88/><D42/><U116/><E116/><V2/><F2/><W56/><G49/><T40/><D40/><U31/><E31/><V11/><F69/><W101/><G56/><T85/><D30/><U65/><E65/><V54/><F64/><W23/><G0/><T6/><D7/><U50/><E50/><V107/><F63/><W51/><G51/><T110/><D6/><U91/><E91/><V95/><F54/><W135/><G135/><T43/><D88/><U102/><E102/><V124/><REACH who="2" step="1"/><F107/><REACH who="2" ten="250,240,240,250" step="2"/><W77/><G104/><N who="0" m="63591" /><D43/><U72/><E72/><V84/><F84/><AGARI ba="0,2" hai="10,15,18,26,29,34,68,70,74,79,82,84,89,92" machi="84" ten="30,2000,0" yaku="1,1,7,1,53,0" doraHai="133" doraHaiUra="93" who="1" fromWho="2" sc="250,0,240,40,240,-20,250,0" /><INIT seed="1,0,0,4,2,94" ten="250,280,220,250" oya="1" hai0="54,15,58,130,45,8,74,44,133,36,46,9,63" hai1="16,4,85,79,72,135,69,65,59,105,52,10,95" hai2="122,132,50,30,61,39,27,11,68,70,124,81,115" hai3="121,76,33,97,25,32,90,42,91,31,112,66,20"/><U62/><E105/><V28/><F122/><W1/><G112/><T23/><D130/><U125/><E135/><V41/><F132/><W114/><G114/><T107/><D133/><U83/><E125/><V48/><F124/><W57/><G121/><T92/><D107/><U53/><E69/><V29/><F115/><W82/><G1/><T102/><D74/><U117/><E117/><V43/><F39/><W78/><G42/><T0/><D0/><U106/><E106/><V128/><F128/><W18/><G32/><T119/><D36/><U14/><E72/><V126/><F27/><W120/><G120/><T47/><N who="0" m="11264" /><DORA hai="98" /><T49/><D119/><U134/><E134/><V86/><F126/><W129/><G129/><T3/><D3/><U80/><E80/><V88/><F11/><W71/><G71/><T93/><D49/><N who="2" m="19050" /><F68/><W64/><G57/><T100/><D23/><U37/><E37/><V26/><F26/><W67/><G78/><T12/><D93/><U35/><E35/><V77/><F70/><W89/><G33/><T38/><D92/><U22/><E95/><N who="2" m="54679" /><F61/><W111/><G111/><T24/><D24/><AGARI ba="0,0" hai="4,10,14,16,22,24,52,53,59,62,65,79,83,85" machi="24" ten="30,11600,0" yaku="7,1,8,1,54,2" doraHai="94,98" who="1" fromWho="0" sc="250,-116,280,116,220,0,250,0" /><INIT seed="1,1,0,1,0,26" ten="134,396,220,250" oya="1" hai0="75,47,54,36,84,71,135,9,98,34,119,0,61" hai1="78,94,12,41,128,50,14,134,109,99,23,100,62" hai2="104,5,107,60,126,76,52,80,63,115,32,18,11" hai3="65,116,10,31,108,38,33,77,40,86,51,30,74"/><U114/><E114/><V118/><F118/><W2/><G108/><T42/><D119/><U103/><E128/><V106/><F32/><W66/><G33/><T8/><D75/><U64/><E134/><V79/><F126/><W117/><G117/><T29/><D135/><U82/><E109/><V15/><F115/><W121/><G121/><T105/><D84/><U97/><E23/><V53/><F79/><W25/><G25/><N who="0" m="18735" /><D54/><U111/><E111/><V56/><F5/><N who="3" m="1335" /><G51/><T133/><D133/><U58/><E41/><V101/><F101/><W83/><G86/><T85/><D85/><U44/><E44/><V67/><REACH who="2" step="1"/><F60/><REACH who="2" ten="134,396,210,250" step="2"/><W7/><G116/><T35/><D35/><U112/><E112/><V37/><F37/><W125/><G7/><N who="0" m="1127" /><D9/><U113/><E113/><V120/><F120/><W22/><G125/><T57/><D57/><U21/><E78/><V48/><F48/><W3/><G38/><T96/><D96/><U59/><E99/><V102/><F102/><W13/><G77/><T72/><D72/><AGARI ba="1,1" hai="11,15,18,52,53,56,63,67,72,76,80,104,106,107" machi="72" ten="40,2600,0" yaku="1,1,54,1,53,0" doraHai="26" doraHaiUra="43" who="2" fromWho="0" sc="134,-29,396,0,210,39,250,0" /><INIT seed="2,0,0,4,5,122" ten="105,396,249,250" oya="2" hai0="131,40,111,113,67,120,31,52,65,93,66,0,39" hai1="72,64,87,102,90,18,132,69,126,22,56,53,107" hai2="36,15,25,54,104,81,38,117,105,99,75,48,94" hai3="2,114,121,133,127,7,98,128,108,63,125,95,119"/><V13/><F117/><W82/><G119/><T20/><D120/><U60/><E72/><V11/><F36/><W26/><G121/><T27/><D113/><U84/><E132/><V91/><F38/><W43/><G43/><T101/><D0/><U129/><E129/><V9/><F25/><W115/><G63/><T59/><D131/><U79/><E126/><N who="3" m="48138" /><G128/><T89/><D101/><U74/><E74/><V21/><F21/><W10/><G26/><T77/><D77/><U45/><E79/><V46/><F75/><W112/><G82/><T5/><D5/><U100/><E107/><V42/><F42/><W35/><G35/><T124/><D124/><U41/><E69/><V29/><F29/><W106/><G106/><T8/><D8/><U34/><E34/><V96/><F99/><W19/><G19/><T49/><D111/><U70/><E70/><V33/><F33/><W85/><G85/><T103/><D103/><N who="1" m="39467" /><E90/><V28/><F28/><W14/><G133/><T86/><D39/><U80/><E80/><V24/><F24/><W76/><G76/><T51/><REACH who="0" step="1"/><D40/><REACH who="0" ten="95,396,249,250" step="2"/><U130/><E130/><V118/><F118/><W123/><G123/><T61/><AGARI ba="0,1" hai="20,27,31,49,51,52,59,61,65,66,67,86,89,93" machi="61" ten="30,16000,3" yaku="1,1,2,1,0,1,8,1,54,1,53,3" doraHai="122" doraHaiUra="62" who="0" fromWho="0" sc="95,170,396,-40,249,-80,250,-40" /><INIT seed="3,0,0,1,4,82" ten="265,356,169,210" oya="3" hai0="11,65,3,131,90,70,21,60,22,123,75,15,132" hai1="48,89,55,47,41,46,127,128,95,20,16,106,130" hai2="44,38,7,86,117,118,13,69,19,33,135,62,39" hai3="103,96,68,72,81,116,2,27,4,114,0,53,84"/><W110/><G116/><T85/><D123/><U74/><E106/><V58/><F33/><W97/><G114/><T37/><D75/><U120/><E74/><V59/><F135/><W98/><G72/><T8/><D132/><U105/><E105/><V54/><F69/><W79/><G68/><T17/><D37/><U34/><E34/><V109/><F109/><W129/><G129/><N who="1" m="49770" /><E127/><V125/><F125/><W91/><G110/><T45/><D131/><U26/><E120/><V119/><F7/><W77/><G27/><T51/><D8/><U32/><E32/><V14/><F14/><W87/><G103/><T40/><REACH who="0" step="1"/><D3/><REACH who="0" ten="255,356,169,210" step="2"/><U67/><E67/><V23/><F44/><W92/><G2/><T1/><D1/><U42/><E47/><V122/><F122/><W29/><G0/><T94/><AGARI ba="0,1" hai="11,15,17,21,22,40,45,51,60,65,70,85,90,94" machi="94" ten="20,8000,1" yaku="1,1,0,1,7,1,52,1,53,1" doraHai="82" doraHaiUra="88" who="0" fromWho="0" sc="255,90,356,-20,169,-20,210,-40" owari="345,44.5,336,13.6,149,-35.1,170,-23.0" /></mjloggm>