<mjloggm ver="2.3"><GO type="225" lobby="0"/><UN n0="%E6%97%A5%E6%9B%9C%E6%97%A5%E3%82%88%E3%82%8A%E3%81%AE%E4%BD%BF%E8%80%85" n1="%E8%81%B7%E6%A5%AD%E3%80%81%E9%A2%A8%32" n2="%E3%81%AF%E3%82%88%E3%81%8A%E3%81%98%E3%81%95%E3%82%93" n3="%E6%98%93%E5%88%A9%E8%96%A9%E4%BC%AF" dan="17,16,16,16" rate="2199.73,2095.12,2194.73,2120.82" sx="M,M,M,F"/><TAIKYOKU oya="0"/><INIT seed="0,0,0,0,5,48" ten="250,250,250,250" oya="0" hai0="89,91,122,11,4,42,133,53,65,8,31,126,78" hai1="7,68,25,55,135,38,116,33,75,124,77,47,6" hai2="97,10,85,45,22,81,76,62,49,19,59,70,93" hai3="67,60,118,90,92,9,101,84,113,37,83,110,30"/><T41/><D122/><U100/><E116/><V32/><F32/><W134/><G37/><T121/><D121/><U94/><E68/><V69/><F10/><N who="0" m="3626" /><D126/><U24/><E124/><V104/><F104/><W73/><G118/><T107/><D107/><U129/><E38/><V112/><F112/><W114/><G110/><T82/><D133/><U117/><E135/><V132/><F132/><W123/><G123/><T106/><D106/><U50/><E117/><V44/><F49/><W36/><G36/><T88/><D65/><U3/><E129/><V87/><F87/><W57/><G134/><T46/><D31/><U71/><E71/><V64/><F70/><W18/><G30/><T56/><D46/><U5/><E3/><V128/><F69/><W43/><G43/><N who="0" m="16395" /><D4/><U95/><E33/><V63/><F62/><W115/><G73/><T28/><D28/><U34/><E34/><V39/><F128/><W105/><G105/><T54/><D56/><U125/><E125/><V17/><F17/><W109/><G109/><T96/><D96/><U102/><E75/><V51/><F51/><W1/><G1/><T61/><D61/><U103/><REACH who="1" step="1"/><E77/><REACH who="1" ten="250,240,250,250" step="2"/><V0/><F0/><W29/><G115/><T108/><D108/><U16/><E16/><V23/><F39/><W130/><G130/><T120/><D120/><U131/><E131/><V20/><F19/><W21/><G29/><T26/><D26/><AGARI ba="0,1" hai="5,6,7,24,25,26,47,50,55,94,95,100,102,103" machi="26" ten="40,8000,1" yaku="1,1,8,1,52,1,53,1" doraHai="48" doraHaiUra="40" who="1" fromWho="0" sc="250,-80,240,90,250,0,250,0" /><INIT seed="1,0,0,2,4,37" ten="170,330,250,250" oya="1" hai0="58,101,117,110,97,134,4,61,62,111,98,45,6" hai1="30,46,47,10,36,54,0,89,67,93,104,119,102" hai2="42,32,77,80,78,91,100,51,84,108,70,106,17" hai3="133,87,31,29,52,72,63,34,124,64,24,3,23"/><U43/><E119/><V128/><F70/><W49/><G72/><T105/><D117/><U126/><E126/><V26/><F108/><N who="0" m="41514" /><D134/><U76/><E76/><V90/><F128/><W79/><G3/><T121/><D121/><U118/><E118/><V38/><F38/><W85/><G133/><T39/><D98/><U113/><E113/><V129/><F129/><W28/><G124/><T16/><D16/><U135/><E135/><V56/><F106/><W33/><G34/><T25/><D25/><U55/><E30/><V81/><F100/><W11/><G11/><T9/><D58/><U69/><E10/><V73/><F56/><N who="3" m="36967" /><G33/><T103/><D103/><U22/><E0/><V41/><F17/><N who="3" m="12399" /><G79/><T2/><D6/><U116/><E116/><V88/><REACH who="2" step="1"/><F51/><REACH who="2" ten="170,330,240,250" step="2"/><W57/><AGARI ba="0,1" hai="28,29,31,49,52,57,85,87" m="12399,36967" machi="57" ten="30,2000,0" yaku="8,1,54,1" doraHai="37" who="3" fromWho="3" sc="170,-5,330,-10,240,-5,250,30" /><INIT seed="2,0,0,2,1,94" ten="165,320,235,280" oya="2" hai0="39,73,9,60,24,62,86,69,108,20,8,50,72" hai1="16,21,126,76,102,88,55,51,65,7,121,129,38" hai2="116,37,6,110,128,64,27,84,59,125,17,3,133" hai3="119,57,15,36,77,132,122,79,44,53,12,99,11"/><V134/><F116/><W93/><G119/><T68/><D39/><U70/><E38/><V112/><F112/><W103/><G132/><N who="2" m="50793" /><F37/><W74/><G122/><T85/><D20/><U42/><E121/><V46/><F46/><W28/><G28/><T127/><D50/><U123/><E123/><V89/><F125/><W135/><G135/><T98/><D24/><U35/><E126/><V113/><F113/><W22/><G22/><T54/><D127/><U130/><E35/><V5/><F128/><N who="1" m="49257" /><E7/><V96/><F110/><W31/><G31/><T34/><D54/><U40/><E102/><V90/><F17/><W101/><G101/><T29/><D29/><U105/><E105/><V19/><F19/><W95/><G95/><T78/><D78/><U66/><E76/><V23/><F59/><W48/><G74/><T30/><D30/><U117/><E117/><V2/><F64/><N who="1" m="24681" /><E70/><V56/><F56/><W41/><REACH who="3" step="1"/><G15/><REACH who="3" ten="165,320,235,270" step="2"/><T63/><D34/><U100/><E100/><V80/><F23/><W83/><G83/><T25/><D108/><U61/><E88/><V104/><F27/><W118/><G118/><T32/><D25/><N who="1" m="14503" /><E61/><V45/><F90/><W4/><AGARI ba="0,1" hai="4,11,12,36,41,44,48,53,57,77,79,93,99,103" machi="4" ten="20,8000,1" yaku="1,1,0,1,7,1,52,1,53,1" doraHai="94" doraHaiUra="49" who="3" fromWho="3" sc="165,-20,320,-20,235,-40,270,90" /><INIT seed="3,0,0,3,4,49" ten="145,300,195,360" oya="3" hai0="81,61,40,105,127,63,121,28,24,91,109,32,133" hai1="36,33,38,84,131,56,55,14,122,50,35,97,44" hai2="103,41,80,107,43,10,39,111,37,132,75,20,29" hai3="62,90,60,73,116,114,2,6,104,100,113,99,68"/><W22/><G116/><T70/><D121/><U135/><E131/><V94/><F107/><W53/><G73/><T58/><D105/><U88/><E122/><V12/><F111/><W82/><G6/><T11/><D109/><U26/><E135/><V45/><F132/><W74/><G2/><T65/><D133/><U48/><E97/><V130/><F130/><W102/><G102/><T69/><D127/><U19/><E26/><V47/><F20/><W106/><G106/><T76/><D40/><N who="1" m="24583" /><E36/><V129/><F29/><W4/><G4/><T110/><D110/><U42/><E38/><V78/><F129/><W96/><G68/><T101/><D101/><U30/><E30/><V3/><F3/><W126/><G99/><T13/><D91/><U5/><E5/><V7/><F94/><W52/><G126/><T72/><REACH who="0" step="1"/><D63/><REACH who="0" ten="135,300,195,360" step="2"/><U71/><E42/><V134/><F134/><W57/><G104/><T93/><D93/><N who="1" m="54407" /><E71/><V27/><F103/><W119/><G100/><T0/><D0/><U118/><E118/><V8/><F41/><W79/><G119/><T67/><D67/><U77/><E77/><V128/><F128/><W9/><G79/><T34/><D34/><U98/><E98/><V120/><F120/><W123/><G96/><T87/><D87/><U86/><E86/><V112/><F39/><W125/><G123/><T89/><D89/><U117/><E117/><V83/><F37/><W59/><G90/><T25/><D25/><U23/><AGARI ba="0,1" hai="14,19,23,33,35,50,55,56" m="54407,24583" machi="23" ten="30,4000,0" yaku="25,1,52,1,54,1" doraHai="49" who="1" fromWho="1" sc="135,-10,300,50,195,-10,360,-20" owari="125,-37.5,350,45.0,185,-21.5,340,14.0" /></mjloggm>