<mjloggm ver="2.3"><GO type="225" lobby="0"/><UN n0="%E3%81%AF%E3%82%88%E3%81%8A%E3%81%98%E3%81%95%E3%82%93" n1="%E6%98%93%E5%88%A9%E8%96%A9%E4%BC%AF" n2="%E5%8F%AF%E5%85%90%E9%82%A3%E7%94%B1%E5%A4%9A" n3="%E5%B0%8F%E9%B3%A5%E9%81%8A%E7%B7%B4%E7%84%A1%32%31%E6%AD%B3" dan="17,16,17,16" rate="2234.52,2043.34,2152.53,2149.44" sx="M,F,F,F"/><TAIKYOKU oya="0"/><INIT seed="0,0,0,0,0,30" ten="250,250,250,250" oya="0" hai0="64,20,109,90,63,92,33,32,83,96,99,53,51" hai1="13,4,26,36,73,124,97,135,58,61,62,98,103" hai2="66,84,48,117,101,102,18,44,55,17,110,82,68" hai3="40,46,77,11,59,45,52,121,122,111,72,54,108"/><T94/><D109/><N who="3" m="42057" /><G77/><T60/><D83/><U74/><E36/><V116/><F110/><W7/><G72/><T24/><D63/><U14/><E135/><V133/><F133/><W31/><G31/><T69/><D20/><U113/><E124/><V9/><F68/><W106/><G106/><T12/><D12/><U114/><E26/><V119/><F66/><W2/><G46/><T10/><D10/><U123/><E58/><V129/><F129/><W86/><G86/><T105/><D24/><U104/><E103/><N who="2" m="39435" /><F9/><W88/><G88/><AGARI ba="0,0" hai="17,18,44,48,55,82,84,88,116,117,119" m="39435" machi="88" ten="30,2000,0" yaku="12,1,54,1" doraHai="30" who="2" fromWho="3" sc="250,0,250,0,250,20,250,-20" /><INIT seed="1,0,0,4,5,93" ten="250,250,270,230" oya="1" hai0="74,82,66,126,103,41,132,43,80,47,123,13,96" hai1="28,40,92,33,108,106,63,91,86,119,79,78,104" hai2="65,17,37,120,16,55,83,112,6,12,56,115,61" hai3="42,118,71,113,49,38,46,24,26,129,100,114,52"/><U87/><E119/><V98/><F120/><W125/><G71/><T81/><D74/><U8/><E40/><V1/><F37/><W85/><G118/><T111/><D123/><U23/><E33/><V44/><F1/><W57/><G129/><T68/><D111/><U69/><E8/><N who="2" m="4119" /><F83/><W51/><G125/><T21/><D132/><U77/><E28/><V131/><F131/><W36/><G100/><T34/><D34/><U70/><E23/><V25/><F25/><W133/><G133/><T39/><D43/><U50/><E50/><N who="2" m="29127" /><F98/><W134/><G134/><T48/><D39/><U32/><E32/><V60/><F60/><W73/><G38/><T64/><D68/><U29/><E70/><V10/><F10/><W15/><G36/><T3/><D3/><U95/><E29/><V116/><F116/><W127/><G127/><T135/><D135/><U121/><E121/><V124/><F124/><W4/><G73/><T109/><D109/><U58/><E69/><V31/><F31/><W101/><G101/><T89/><D89/><U9/><E9/><V30/><F30/><W72/><G72/><T2/><D2/><U130/><E130/><V18/><F115/><W53/><G114/><T97/><D126/><U35/><E35/><V67/><F112/><W59/><G113/><T0/><D0/><U62/><E108/><V22/><F22/><W107/><G85/><T90/><D90/><N who="1" m="53335" /><E63/><V94/><F67/><N who="0" m="25642" /><D103/><U84/><E84/><V45/><F45/><W19/><G107/><T88/><D88/><U102/><E102/><V5/><F5/><W27/><G4/><RYUUKYOKU ba="0,0" sc="250,10,250,10,270,10,230,-30" hai0="13,21,41,47,48,80,81,82,96,97" hai1="58,62,77,78,79,87,91,95,104,106" hai2="16,17,18,56,61,65,94" /><INIT seed="1,1,0,2,5,56" ten="260,260,280,200" oya="1" hai0="91,29,122,13,126,61,9,25,109,22,19,113,18" hai1="57,130,87,30,118,21,111,10,103,49,97,34,82" hai2="117,51,88,27,124,84,64,26,3,41,39,48,123" hai3="120,54,74,78,85,72,89,119,92,134,65,128,2"/><U115/><E115/><V58/><F117/><W66/><G2/><T35/><D113/><U46/><E118/><V24/><F123/><W98/><G119/><T67/><D109/><U0/><E130/><V102/><F3/><W50/><G120/><T108/><D108/><U8/><E34/><V37/><F124/><W43/><G134/><T132/><D132/><U76/><E0/><V133/><F133/><W1/><G1/><T77/><D126/><U62/><E111/><V129/><F129/><W23/><G43/><T104/><D104/><U94/><E30/><V33/><F33/><W131/><G23/><T112/><D112/><U60/><E21/><V125/><F125/><W20/><G20/><T16/><D122/><U40/><REACH who="1" step="1"/><E62/><REACH who="1" ten="260,250,280,200" step="2"/><N who="2" m="37975" /><F39/><W83/><G131/><T99/><D35/><U45/><E45/><N who="2" m="25647" /><F37/><W127/><G127/><T96/><D29/><U101/><E101/><V36/><F36/><W116/><G116/><T71/><D22/><U81/><E81/><N who="2" m="49167" /><F51/><W114/><G114/><T79/><D25/><U63/><E63/><V4/><F4/><W14/><G128/><T38/><D38/><U32/><E32/><V135/><F135/><W17/><G74/><T100/><D19/><U95/><E95/><V7/><F7/><W11/><REACH who="3" step="1"/><G72/><REACH who="3" ten="260,250,280,190" step="2"/><T15/><D15/><U73/><E73/><V68/><F24/><W59/><AGARI ba="1,2" hai="11,14,17,50,54,59,65,66,78,83,85,89,92,98" machi="59" ten="20,12000,2" yaku="1,1,2,1,0,1,7,1,8,1,53,1" doraHai="56" doraHaiUra="86" who="3" fromWho="3" sc="260,-31,250,-61,280,-31,190,143" /><INIT seed="2,0,0,0,1,34" ten="229,189,249,333" oya="2" hai0="68,79,97,55,42,62,47,4,18,82,130,40,112" hai1="5,69,29,95,72,35,64,122,88,37,92,0,46" hai2="43,89,115,77,8,113,38,7,83,86,31,102,12" hai3="128,45,1,100,41,91,121,99,3,131,75,132,6"/><V133/><F133/><W51/><G6/><T67/><D112/><U127/><E72/><V54/><F102/><W50/><G75/><T94/><D130/><N who="3" m="49705" /><G121/><T124/><D124/><U24/><E122/><V60/><F31/><W116/><G116/><T26/><D4/><U108/><E127/><V58/><F38/><N who="3" m="21687" /><G91/><T93/><D55/><U49/><E108/><V59/><F43/><W16/><G132/><T135/><D42/><U81/><E37/><V56/><F56/><W84/><G84/><T120/><D120/><U78/><E64/><V98/><F98/><W28/><G28/><T119/><D119/><U53/><E69/><V114/><REACH who="2" step="1"/><F59/><REACH who="2" ten="229,189,239,333" step="2"/><W25/><G99/><T17/><D97/><U70/><E70/><V11/><F11/><W32/><G100/><T103/><D103/><U123/><E123/><V96/><F96/><W63/><G32/><T57/><D68/><U21/><E35/><V125/><F125/><W44/><G63/><T101/><D101/><U66/><E66/><V74/><F74/><W30/><G30/><T76/><D135/><U19/><E29/><V118/><F118/><W36/><G36/><T23/><D62/><U9/><REACH who="1" step="1"/><E78/><AGARI ba="0,1" hai="7,8,12,54,58,60,77,78,83,86,89,113,114,115" machi="78" ten="40,12000,1" yaku="1,1,53,3" doraHai="34" doraHaiUra="111" who="2" fromWho="1" sc="229,0,189,-120,239,130,333,0" /><INIT seed="2,1,0,5,5,48" ten="229,69,369,333" oya="2" hai0="126,105,58,50,65,95,31,49,19,101,6,76,62" hai1="27,37,96,43,24,79,23,97,10,17,1,22,90" hai2="121,4,72,16,120,67,92,15,114,21,26,78,100" hai3="3,40,0,102,93,135,88,56,18,125,103,30,35"/><V99/><F114/><W51/><G135/><T63/><D105/><U8/><E79/><V47/><F67/><W32/><G18/><T33/><D126/><U20/><E37/><V5/><F72/><W42/><G125/><T122/><D122/><U131/><E131/><V75/><F75/><W111/><G111/><T57/><D6/><U82/><E43/><V80/><F4/><W89/><G51/><T39/><D39/><U55/><E1/><V106/><F106/><W123/><G56/><T127/><D127/><U115/><E115/><V91/><F78/><W61/><G93/><T112/><D112/><U129/><E129/><V124/><F124/><W14/><G14/><T44/><D76/><U108/><E108/><V98/><F47/><W86/><G86/><T11/><D33/><U2/><E2/><V38/><F38/><W34/><G34/><T69/><D31/><U87/><E23/><V118/><F118/><W85/><G85/><T104/><D69/><U132/><E132/><V60/><F98/><W116/><G116/><T94/><D104/><U9/><REACH who="1" step="1"/><E55/><REACH who="1" ten="229,59,369,333" step="2"/><V52/><F52/><W7/><G0/><T64/><D44/><U13/><E13/><V133/><F133/><W74/><G3/><T29/><D11/><U71/><E71/><V109/><F109/><W45/><G40/><T68/><D68/><U70/><E70/><V53/><F121/><W46/><G42/><T25/><D57/><U12/><E12/><V130/><F120/><W66/><G123/><T59/><D58/><U84/><E84/><V83/><F130/><W36/><G36/><RYUUKYOKU ba="1,1" sc="229,-10,59,30,369,-10,333,-10" hai1="8,9,10,17,20,22,24,27,82,87,90,96,97" /><INIT seed="3,2,1,1,5,26" ten="219,89,359,323" oya="3" hai0="58,38,31,84,51,59,102,103,64,79,41,66,91" hai1="28,65,80,23,133,17,121,67,105,118,96,8,109" hai2="90,131,111,117,44,77,10,4,134,18,46,97,70" hai3="120,125,54,114,62,99,39,69,42,11,7,37,61"/><W35/><G114/><T104/><D38/><U82/><E121/><V108/><F117/><W88/><G120/><T34/><D104/><U73/><E118/><V60/><F77/><W55/><G35/><T123/><D123/><U15/><E109/><N who="2" m="42059" /><F134/><W56/><G125/><T132/><D132/><U106/><E133/><V50/><F18/><W13/><G42/><T115/><D115/><U22/><E73/><V71/><F131/><W2/><G2/><T68/><D68/><N who="2" m="26154" /><F60/><W40/><G40/><T127/><D34/><U19/><E8/><V85/><F97/><W83/><G69/><T16/><D31/><U30/><E15/><N who="2" m="5575" /><F50/><W119/><G119/><T95/><D41/><U24/><E24/><V93/><AGARI ba="2,1" hai="44,46,85,90,93" m="5575,26154,42059" machi="93" ten="30,1100,0" yaku="14,1" doraHai="26" who="2" fromWho="2" sc="219,-5,89,-5,359,27,323,-7" owari="214,-18.6,84,-41.6,386,48.6,316,11.6" /></mjloggm>