<mjloggm ver="2.3"><GO type="225" lobby="0"/><UN n0="%E6%A1%9C%E8%8A%B1%E9%96%83%E3%80%85" n1="%E9%8A%80%E3%81%B0%E3%81%95%E3%81%BF" n2="%E3%81%86%E3%82%8C%E3%81%9F%E3%82%93%E6%9E%95" n3="%28%EF%BF%A3%E2%96%BD%EF%BF%A3%29%CE%B4%E2%8C%92%E3%83%BB" dan="17,17,16,16" rate="2136.71,2201.86,2085.24,2119.05" sx="M,M,F,M"/><TAIKYOKU oya="0"/><INIT seed="0,0,0,0,3,43" ten="250,250,250,250" oya="0" hai0="100,31,59,79,81,1,95,126,57,36,58,19,8" hai1="102,13,61,68,94,83,90,46,16,103,101,131,104" hai2="63,65,122,88,116,115,114,130,47,133,106,11,107" hai3="27,44,117,24,77,51,26,127,9,30,93,35,45"/><T10/><D126/><U86/><E131/><V89/><F122/><W38/><G127/><T70/><D70/><U92/><E104/><V60/><F130/><W29/><G117/><T96/><D36/><U110/><E110/><V34/><F133/><W125/><G125/><T39/><D39/><U118/><E118/><V64/><F11/><W66/><G38/><T48/><D31/><N who="3" m="11785" /><G35/><T80/><D1/><U98/><E68/><V32/><REACH who="2" step="1"/><F47/><REACH who="2" ten="250,250,240,250" step="2"/><W56/><G45/><T113/><D8/><N who="1" m="6183" /><E61/><V134/><F134/><W53/><G9/><T23/><D10/><U42/><E98/><V72/><F72/><W82/><G44/><T15/><D113/><U119/><E119/><AGARI ba="0,1" hai="32,34,60,63,64,65,88,89,106,107,114,115,116,119" machi="119" ten="25,6400,0" yaku="1,1,22,2,54,1,53,0" doraHai="43" doraHaiUra="7" who="2" fromWho="1" sc="250,0,250,-64,240,74,250,0" /><INIT seed="1,0,0,5,0,64" ten="250,186,314,250" oya="1" hai0="40,27,76,89,59,32,2,125,134,31,44,87,106" hai1="133,21,38,122,101,95,53,85,91,45,100,26,119" hai2="90,57,28,86,123,105,52,69,110,131,118,72,124" hai3="130,14,74,8,116,30,128,25,98,112,127,99,129"/><U36/><E119/><V4/><F123/><W7/><G116/><T107/><D134/><U104/><E122/><V67/><F110/><W68/><G74/><T37/><D125/><U79/><E133/><V39/><F124/><W135/><G127/><T115/><D115/><U65/><E65/><V49/><F39/><W41/><G135/><T20/><D2/><U6/><E6/><V82/><F131/><W80/><G112/><T9/><D76/><U77/><E38/><V63/><F105/><W0/><G80/><T83/><D9/><U34/><E34/><V71/><F118/><W17/><G41/><T48/><D20/><U11/><E11/><V117/><F117/><W96/><G68/><T88/><REACH who="0" step="1"/><D89/><REACH who="0" ten="240,186,314,250" step="2"/><U18/><E104/><V102/><F4/><W103/><G0/><T46/><D46/><U5/><E5/><V22/><F22/><N who="3" m="15671" /><G7/><T73/><D73/><U55/><E36/><V108/><F72/><W23/><G23/><T97/><D97/><U3/><E3/><V114/><F114/><W47/><G47/><T78/><D78/><N who="1" m="29707" /><E45/><V56/><F28/><W94/><AGARI ba="0,1" hai="8,14,17,94,96,98,99,103,128,129,130" m="15671" machi="94" ten="30,1100,0" yaku="19,1" doraHai="64" who="3" fromWho="3" sc="240,-3,186,-5,314,-3,250,21" /><INIT seed="2,0,0,0,3,133" ten="237,181,311,271" oya="2" hai0="108,9,20,59,94,62,87,2,22,80,91,127,103" hai1="123,86,38,54,41,34,13,107,96,134,126,135,85" hai2="0,104,97,42,17,23,76,30,73,7,88,52,11" hai3="12,66,83,19,92,128,117,8,122,57,29,53,129"/><V109/><F109/><W98/><G117/><T48/><D108/><U93/><E34/><V120/><F120/><W24/><G83/><T65/><D127/><U89/><E123/><V15/><F42/><W68/><G68/><T36/><D36/><U35/><E35/><V4/><F4/><W5/><G66/><T60/><D60/><U130/><E38/><V47/><F30/><W121/><G5/><T102/><D2/><U132/><E41/><V58/><F47/><W26/><G121/><T111/><D9/><U40/><E40/><V74/><F76/><W28/><G28/><T33/><D33/><U6/><E6/><V101/><REACH who="2" step="1"/><F88/><REACH who="2" ten="237,181,301,271" step="2"/><N who="3" m="55559" /><G29/><T50/><D111/><U14/><E135/><V110/><F110/><W71/><G122/><T46/><D46/><U32/><E134/><V67/><F67/><W90/><G90/><T63/><D102/><U82/><E132/><V105/><F105/><W18/><G18/><T56/><D103/><U131/><E107/><V31/><F31/><W125/><G19/><T106/><D94/><U84/><E32/><V44/><F44/><W78/><G78/><T1/><D106/><U99/><E93/><V45/><F45/><W116/><G53/><N who="0" m="34159" /><D1/><U79/><E79/><V113/><F113/><W16/><G16/><T115/><D115/><U81/><E89/><V100/><F100/><W43/><G43/><T69/><D69/><U124/><E85/><V95/><F95/><W55/><G71/><T61/><D65/><U114/><E54/><V77/><F77/><W64/><G55/><T51/><D56/><U72/><E114/><RYUUKYOKU ba="0,1" sc="237,10,181,10,301,10,271,-30" hai0="20,22,48,50,51,61,63,80,87,91" hai1="13,14,72,81,82,84,86,96,99,124,126,130,131" hai2="0,7,11,15,17,23,52,58,73,74,97,101,104" /><INIT seed="2,1,1,1,5,61" ten="247,191,311,241" oya="2" hai0="111,60,73,5,64,53,134,37,87,38,76,86,13" hai1="74,72,31,19,50,130,101,15,49,40,30,41,58" hai2="54,35,109,25,51,119,28,34,115,99,122,114,20" hai3="118,127,97,132,68,4,126,85,91,22,78,71,47"/><V100/><F119/><W110/><G118/><T113/><D113/><U1/><E1/><V98/><F122/><W11/><G110/><T24/><D111/><U84/><E130/><V21/><F109/><W8/><G132/><T66/><D73/><U116/><E116/><V108/><F108/><W129/><G78/><T32/><D32/><U56/><E84/><N who="0" m="32297" /><D38/><U112/><E15/><V123/><F123/><W117/><G117/><T57/><D37/><U88/><E101/><V133/><F133/><W52/><G97/><T103/><D134/><U104/><E19/><V46/><F99/><W96/><G22/><T42/><D42/><U79/><E79/><V106/><REACH who="2" step="1"/><F20/><REACH who="2" ten="247,191,301,241" step="2"/><W90/><G96/><T63/><D103/><U77/><E77/><V69/><F69/><W44/><G71/><T125/><D76/><U2/><E112/><AGARI ba="1,2" hai="21,25,28,34,35,46,51,54,98,100,106,112,114,115" machi="112" ten="40,2000,0" yaku="1,1,53,0" doraHai="61" doraHaiUra="83" who="2" fromWho="1" sc="247,0,191,-23,301,43,241,0" /><INIT seed="2,2,0,4,5,83" ten="247,168,344,241" oya="2" hai0="117,109,32,110,128,99,96,20,106,34,62,72,35" hai1="46,86,52,97,45,1,69,95,30,67,3,54,27" hai2="104,17,9,108,50,132,11,125,33,113,90,18,21" hai3="51,47,129,84,133,7,75,115,16,12,87,41,131"/><V118/><F113/><W66/><G75/><T82/><D128/><N who="3" m="49225" /><G115/><T74/><D117/><U91/><E46/><V13/><F104/><W14/><G133/><T65/><D20/><U98/><E98/><N who="0" m="37417" /><D106/><U55/><E55/><V44/><BYE who="1" /><F125/><UN n1="%E9%8A%80%E3%81%B0%E3%81%95%E3%81%BF" /><W40/><G66/><T64/><D82/><U68/><E68/><V36/><F33/><W25/><G41/><T26/><D26/><U23/><E54/><V24/><F36/><W79/><G79/><T100/><D100/><U71/><E71/><V22/><F118/><W101/><G101/><T6/><D6/><U63/><REACH who="1" step="1"/><E97/><REACH who="1" ten="247,158,344,241" step="2"/><V127/><F127/><W107/><G47/><T81/><D65/><U8/><E8/><V122/><F9/><W88/><G40/><T4/><D64/><U92/><E92/><V76/><F11/><W112/><G107/><T60/><D110/><U28/><E28/><V85/><F108/><W121/><G112/><T48/><D109/><U114/><E114/><V61/><F44/><W37/><G37/><T19/><D62/><U130/><E130/><V77/><F61/><W42/><G42/><T29/><D60/><U135/><E135/><V31/><F132/><W0/><G51/><AGARI ba="2,1" hai="1,3,23,27,30,45,51,52,63,67,69,86,91,95" machi="51" ten="40,5200,0" yaku="1,1,52,1,54,1,53,0" doraHai="83" doraHaiUra="15" who="1" fromWho="3" sc="247,0,158,68,344,0,241,-58" /><INIT seed="3,0,0,0,1,110" ten="247,226,344,183" oya="3" hai0="47,39,114,53,103,129,42,71,12,72,4,91,88" hai1="27,133,26,22,11,101,3,18,64,89,57,40,80" hai2="100,94,36,113,81,68,118,84,67,107,45,112,20" hai3="24,50,29,120,124,17,125,130,92,32,56,25,15"/><W86/><G120/><T2/><D2/><U83/><E133/><V37/><F107/><W111/><G111/><T78/><D129/><U65/><E101/><V99/><F118/><W131/><G56/><T51/><D103/><U33/><E33/><V105/><F105/><W127/><G50/><T93/><D71/><U8/><E40/><V41/><F37/><W59/><G59/><T108/><D108/><U48/><E3/><V14/><F67/><N who="1" m="25673" /><E27/><V34/><F34/><W55/><G55/><T0/><D12/><U21/><E21/><V75/><F75/><W82/><G92/><T134/><D134/><U7/><E7/><V96/><F96/><W74/><G74/><T126/><D126/><U58/><E58/><V61/><F61/><W63/><G63/><T66/><D114/><U62/><E48/><V121/><F121/><W16/><G25/><T49/><D66/><N who="1" m="39247" /><E89/><N who="0" m="34377" /><D93/><U30/><E30/><V76/><F68/><W104/><G104/><T43/><D43/><U123/><E123/><V117/><F117/><W69/><G69/><T28/><D28/><U102/><E102/><V13/><F20/><N who="3" m="11295" /><G17/><T1/><D53/><U79/><E79/><AGARI ba="0,0" hai="24,29,32,79,82,86,124,125,127,130,131" m="11295" machi="79" ten="30,2900,0" yaku="18,1,54,1" doraHai="110" who="3" fromWho="1" sc="247,0,226,-29,344,0,183,29" /><INIT seed="3,1,0,2,5,49" ten="247,197,344,212" oya="3" hai0="25,130,55,128,90,103,125,66,123,89,32,116,84" hai1="99,78,22,122,118,120,12,63,43,2,101,40,0" hai2="58,21,35,28,48,110,56,31,104,117,14,68,127" hai3="24,50,34,121,26,13,38,15,87,16,52,65,114"/><W69/><G38/><T53/><D116/><U54/><E118/><V20/><F117/><W5/><G121/><T79/><D123/><U109/><E120/><V92/><F104/><W7/><G114/><T98/><D125/><U72/><E122/><V45/><F68/><W85/><G69/><T27/><D66/><U95/><E109/><V57/><F127/><W113/><G65/><T86/><D79/><U47/><E2/><V91/><F35/><W112/><G34/><T135/><D32/><U37/><E0/><V19/><F21/><N who="3" m="11407" /><G113/><T10/><D10/><U73/><E78/><V88/><F110/><W108/><G108/><T60/><D60/><U33/><E33/><V96/><F91/><W115/><G115/><T6/><D6/><N who="3" m="2057" /><G15/><T70/><D70/><U77/><E77/><V39/><F39/><W51/><G51/><T71/><D71/><U132/><E132/><V133/><F133/><W119/><G119/><T42/><D135/><U23/><E43/><AGARI ba="1,0" hai="14,19,20,28,31,43,45,48,56,57,58,88,92,96" machi="43" ten="40,2600,0" yaku="8,1,54,1" doraHai="49" who="2" fromWho="1" sc="247,0,197,-29,344,29,212,0" owari="247,4.7,168,-33.2,373,47.3,212,-18.8" /></mjloggm>