<mjloggm ver="2.3"><GO type="225" lobby="0"/><UN n0="%E5%B8%86%E7%AB%8B%E5%A4%8F%E8%A1%A3" n1="%E6%9D%B1%E9%A2%A8%E3%81%AE%E3%81%8D%E3%82%83%E3%81%B7%E3%81%95%E3%82%93" n2="%E8%B6%85%E7%B4%9A%E9%B3%B3%E5%87%B0" n3="%E3%81%A8%E3%82%93%E3%81%A8%E3%81%93%E3%81%A8%E3%82%93" dan="16,16,16,16" rate="2112.94,2150.41,2132.25,2130.87" sx="M,M,M,F"/><TAIKYOKU oya="0"/><INIT seed="0,0,0,4,3,4" ten="250,250,250,250" oya="0" hai0="32,68,35,109,91,3,126,11,65,44,33,78,58" hai1="134,62,77,28,9,54,98,88,72,80,64,71,130" hai2="116,104,22,128,38,112,117,122,99,132,46,115,25" hai3="39,75,55,119,8,31,111,14,61,114,129,52,21"/><T24/><D126/><U69/><E69/><V51/><F122/><W100/><G114/><T26/><D78/><U93/><E134/><V45/><F132/><W94/><G119/><N who="2" m="45641" /><F128/><W85/><G75/><T101/><D68/><U102/><E28/><N who="2" m="17463" /><F38/><W66/><G39/><T113/><D113/><N who="2" m="43594" /><F51/><W107/><G107/><T95/><D109/><U42/><E42/><V56/><F56/><N who="3" m="37159" /><G129/><T23/><D101/><AGARI ba="0,0" hai="45,46,99,101,104" m="43594,17463,45641" machi="101" ten="30,1000,0" yaku="12,1" doraHai="4" who="2" fromWho="0" sc="250,-10,250,0,250,10,250,0" /><INIT seed="1,0,0,5,3,101" ten="240,250,260,250" oya="1" hai0="29,16,83,43,127,79,68,18,86,133,71,3,73" hai1="45,100,17,92,36,93,55,6,41,99,67,74,119" hai2="87,10,77,113,82,120,105,63,19,122,25,33,62" hai3="26,49,20,90,126,96,134,80,2,59,60,52,56"/><U54/><E74/><V23/><F113/><W34/><G126/><T125/><D3/><U22/><E6/><V14/><F33/><W42/><G134/><T135/><D29/><U85/><E67/><V64/><F63/><W28/><G2/><T53/><D43/><U69/><E69/><N who="0" m="26697" /><D53/><U108/><E108/><V72/><F72/><W115/><G115/><T84/><D84/><U76/><E119/><V7/><REACH who="2" step="1"/><F105/><REACH who="2" ten="240,250,250,250" step="2"/><W35/><G35/><T131/><D73/><U130/><E130/><V57/><AGARI ba="0,1" hai="7,10,14,19,23,25,57,62,64,77,82,87,120,122" machi="57" ten="20,5200,0" yaku="1,1,2,1,0,1,7,1,53,0" doraHai="101" doraHaiUra="129" who="2" fromWho="2" sc="240,-13,250,-26,250,62,250,-13" /><INIT seed="2,0,0,0,5,15" ten="227,224,312,237" oya="2" hai0="54,70,48,94,40,96,61,51,21,26,123,121,1" hai1="133,112,10,66,107,68,110,81,135,41,7,62,23" hai2="37,38,103,36,52,31,85,97,25,69,24,122,106" hai3="78,79,72,98,60,46,53,34,20,27,49,6,108"/><V82/><F122/><W111/><G34/><T45/><D1/><U114/><E107/><V4/><F69/><W18/><G6/><T14/><D14/><U33/><E33/><V119/><F119/><W128/><G128/><T76/><D76/><U19/><E41/><V42/><F4/><W43/><G98/><T75/><D75/><U77/><E110/><N who="3" m="42026" /><G72/><T129/><D61/><U56/><E68/><V71/><F71/><W90/><G90/><T84/><D84/><U95/><E95/><V117/><F117/><W93/><G93/><T47/><D70/><U86/><E10/><V28/><F42/><W130/><G130/><T55/><D40/><U50/><E50/><V89/><F25/><W0/><G0/><T30/><REACH who="0" step="1"/><D129/><REACH who="0" ten="217,224,312,237" step="2"/><U65/><E65/><V131/><F131/><W80/><G80/><T63/><D63/><U9/><E114/><V127/><F82/><W35/><G60/><T109/><D109/><U12/><REACH who="1" step="1"/><E112/><REACH who="1" ten="217,214,312,237" step="2"/><V64/><F64/><W39/><G35/><T16/><D16/><U134/><E134/><V2/><F2/><AGARI ba="0,2" hai="2,7,9,12,19,23,56,62,66,77,81,86,133,135" machi="2" ten="40,5200,0" yaku="1,1,52,1,53,1" doraHai="15" doraHaiUra="59" who="1" fromWho="2" sc="217,0,214,72,312,-52,237,0" /><INIT seed="3,0,0,1,4,38" ten="217,286,260,237" oya="3" hai0="122,124,96,40,67,9,49,3,6,89,44,91,7" hai1="95,65,48,35,128,72,30,50,1,86,8,98,85" hai2="37,70,56,19,2,46,107,25,62,84,102,33,133" hai3="116,60,32,10,34,66,87,99,120,29,75,28,53"/><W94/><G75/><T59/><D124/><U4/><E72/><V79/><F2/><W21/><G116/><T134/><D134/><U51/><E65/><V90/><F133/><W69/><G120/><T24/><D122/><U105/><E105/><V41/><F79/><W115/><G115/><T111/><D111/><U82/><E128/><V101/><F70/><W52/><G87/><T5/><D24/><U45/><E30/><V18/><F33/><W118/><G10/><T127/><D127/><U22/><E22/><V20/><F18/><W100/><G21/><T71/><D71/><U11/><E11/><V81/><REACH who="2" step="1"/><F107/><REACH who="2" ten="217,286,250,237" step="2"/><W114/><G114/><T131/><D131/><U27/><E35/><V83/><F83/><W42/><G118/><T129/><D129/><U23/><E82/><V78/><F78/><W93/><G34/><T17/><D17/><U121/><E121/><V110/><F110/><W31/><G32/><T117/><D117/><U58/><E1/><V76/><F76/><W12/><G93/><T36/><D3/><U92/><E92/><V77/><F77/><W57/><G69/><T64/><D9/><U39/><E8/><V16/><F16/><W103/><G31/><T47/><D7/><U113/><E4/><V55/><AGARI ba="0,1" hai="19,20,25,37,41,46,55,56,62,81,84,90,101,102" machi="55" ten="20,5200,0" yaku="1,1,0,1,7,1,52,1,53,0" doraHai="38" doraHaiUra="135" who="2" fromWho="2" sc="217,-13,286,-13,250,62,237,-26" owari="204,-29.6,273,7.3,312,41.2,211,-18.9" /></mjloggm>