<mjloggm ver="2.3"><GO type="225" lobby="0"/><UN n0="%61%74%73%75%74%6F%64%6F" n1="%72%69%6F%75%63%68%61%6E" n2="%E3%82%BC%E3%83%AB%E3%83%80%E3%81%AE%E4%BC%9D%E8%AA%AC" n3="%E5%8D%A0%E3%81%84%E5%B8%AB%E8%A3%8F%E3%81%AA%E3%81%84%E3%81%97" dan="16,16,17,17" rate="2080.19,2245.22,2240.94,2178.85" sx="M,M,M,M"/><TAIKYOKU oya="0"/><INIT seed="0,0,0,2,3,31" ten="250,250,250,250" oya="0" hai0="60,110,129,126,62,69,33,76,41,72,50,118,51" hai1="117,127,100,73,3,74,30,10,104,102,18,134,2" hai2="61,44,84,45,48,32,55,132,85,70,26,135,75" hai3="37,63,65,123,4,81,59,115,119,28,46,121,96"/><T88/><D118/><U64/><E117/><V101/><F75/><W94/><G119/><T54/><D33/><U67/><E127/><V131/><F131/><W103/><G115/><T15/><D129/><U8/><E104/><V120/><F120/><W71/><G4/><T6/><D126/><U9/><E18/><V19/><F101/><N who="1" m="39017" /><E30/><N who="2" m="19543" /><F19/><W0/><G0/><N who="1" m="42" /><E134/><N who="2" m="51243" /><F44/><W21/><G81/><T49/><D41/><U113/><E113/><V108/><F108/><W7/><G7/><T40/><D40/><U125/><E125/><V122/><F122/><N who="3" m="46603" /><G71/><T78/><D69/><U12/><E12/><V1/><F1/><W39/><G46/><T27/><D27/><AGARI ba="0,0" hai="21,27,28,37,39,59,63,65,94,96,103" m="46603" machi="27" ten="30,2000,0" yaku="25,1,13,1" doraHai="31" who="3" fromWho="0" sc="250,-20,250,0,250,0,250,20" /><INIT seed="1,0,0,4,0,76" ten="230,250,250,270" oya="1" hai0="26,86,43,96,72,118,45,67,7,133,46,114,113" hai1="6,85,5,107,108,129,29,92,66,19,25,54,14" hai2="94,111,88,98,32,9,64,62,102,4,69,57,13" hai3="11,90,78,125,60,21,71,128,126,91,123,115,124"/><U18/><E107/><V109/><F32/><W75/><G123/><T79/><D72/><U132/><E129/><V77/><F77/><W39/><G39/><T40/><D118/><U30/><E132/><V84/><REACH who="2" step="1"/><F69/><REACH who="2" ten="230,250,240,270" step="2"/><W38/><G78/><T135/><D79/><U119/><E119/><V23/><F23/><W116/><G21/><T1/><D135/><U81/><E108/><V68/><F68/><W110/><G71/><T74/><D133/><U83/><E66/><V22/><F22/><W89/><G110/><T73/><D67/><U53/><E25/><V56/><F56/><W16/><G116/><T33/><D74/><U28/><E14/><V117/><F117/><W61/><G75/><T112/><D73/><U48/><E48/><V0/><F0/><W20/><G20/><T2/><D33/><U131/><E131/><V10/><F10/><W41/><G128/><T105/><D26/><U100/><E100/><V36/><F36/><W122/><G38/><T106/><D1/><U52/><E92/><AGARI ba="0,1" hai="4,9,13,57,62,64,84,88,92,94,98,102,109,111" machi="92" ten="40,2600,0" yaku="1,1,54,1,53,0" doraHai="76" doraHaiUra="15" who="2" fromWho="1" sc="230,0,250,-26,240,36,270,0" /><INIT seed="2,0,0,4,1,88" ten="230,224,276,270" oya="2" hai0="102,45,38,87,98,127,66,131,68,40,81,85,129" hai1="135,11,64,21,49,100,6,99,104,43,52,48,3" hai2="36,5,2,106,62,134,108,130,26,69,118,50,105" hai3="112,79,96,71,74,67,1,35,128,58,101,59,34"/><V7/><F50/><W0/><G128/><N who="0" m="49227" /><D127/><U84/><E135/><V119/><F26/><W32/><G58/><T13/><D13/><U57/><E64/><N who="2" m="41111" /><F130/><W53/><G112/><T27/><D27/><U61/><E43/><V124/><F7/><W65/><G65/><T9/><D9/><U115/><E115/><V22/><F22/><W103/><G103/><T20/><D20/><U117/><E117/><V8/><F124/><W94/><G67/><T31/><D31/><U97/><E84/><V25/><F25/><W80/><REACH who="3" step="1"/><G71/><REACH who="3" ten="230,224,276,260" step="2"/><T132/><D66/><U110/><E110/><V60/><F108/><W14/><G14/><T86/><D68/><U123/><E123/><V76/><F118/><W133/><G133/><T95/><D132/><U91/><REACH who="1" step="1"/><E21/><REACH who="1" ten="230,214,276,260" step="2"/><V92/><F134/><W23/><G23/><T89/><AGARI ba="0,2" hai="38,40,45,81,85,86,87,89,95,98,102" m="49227" machi="89" ten="30,2000,0" yaku="19,1,52,1" doraHai="88" who="0" fromWho="0" sc="230,40,214,-5,276,-10,260,-5" /><INIT seed="3,0,0,4,2,17" ten="270,209,266,255" oya="3" hai0="44,12,85,76,96,49,41,18,123,74,13,37,56" hai1="132,20,92,121,72,34,19,129,112,94,23,108,117" hai2="62,97,118,125,84,83,26,65,45,130,4,6,39" hai3="81,55,50,79,135,11,90,95,119,10,116,36,52"/><W107/><G107/><T57/><D123/><U67/><E121/><V124/><F118/><W102/><G36/><T22/><D74/><U46/><E112/><V7/><F130/><W127/><G127/><N who="2" m="48713" /><F97/><W110/><G102/><T133/><D133/><U61/><E34/><V1/><F26/><W120/><G120/><T40/><D40/><U58/><E72/><V69/><F39/><W30/><G135/><T105/><D37/><U109/><E132/><V63/><F45/><W115/><G30/><T28/><D28/><U8/><E129/><V134/><F134/><W99/><G115/><T91/><D76/><U15/><E117/><V87/><F63/><W64/><G110/><N who="1" m="42602" /><E46/><V75/><F1/><W29/><G119/><T0/><D0/><U88/><E92/><V122/><F122/><W131/><G116/><T16/><D96/><AGARI ba="0,0" hai="8,15,19,20,23,58,61,67,88,94,96" m="42602" machi="96" ten="30,7700,0" yaku="14,1,52,2,54,1" doraHai="17" who="1" fromWho="0" sc="270,-77,209,77,266,0,255,0" /><INIT seed="4,0,0,3,5,10" ten="193,286,266,255" oya="0" hai0="35,48,120,7,97,46,11,130,102,88,19,8,5" hai1="13,118,67,51,81,116,24,30,112,105,126,131,98" hai2="85,127,57,84,124,16,29,47,121,86,109,122,128" hai3="33,59,52,78,91,55,79,76,41,119,107,135,68"/><T104/><D120/><U23/><E126/><N who="2" m="48171" /><F109/><W134/><G119/><T92/><D35/><U53/><E67/><V94/><F128/><W129/><G68/><T20/><D130/><U75/><E131/><V45/><F29/><W44/><G33/><T0/><D8/><U50/><E51/><V72/><F72/><W12/><G107/><T36/><D36/><U9/><E112/><V43/><F94/><W69/><G69/><T37/><D37/><U93/><E105/><V132/><F132/><N who="3" m="50731" /><G129/><T15/><D7/><U38/><E38/><N who="2" m="21751" /><F47/><W61/><G91/><T123/><D123/><N who="2" m="47114" /><F57/><W1/><G1/><T83/><D83/><U90/><E81/><V96/><F96/><W21/><G41/><T87/><D48/><U22/><E75/><V89/><F89/><W100/><G100/><T18/><REACH who="0" step="1"/><D46/><REACH who="0" ten="183,286,266,255" step="2"/><U133/><E133/><V31/><F31/><W103/><G103/><T95/><D95/><U32/><E118/><V25/><F16/><AGARI ba="0,1" hai="0,5,11,15,16,18,19,20,87,88,92,97,102,104" machi="16" ten="40,12000,1" yaku="1,1,52,1,54,2,53,1" doraHai="10" doraHaiUra="6" who="0" fromWho="2" sc="183,130,286,0,266,-120,255,0" owari="313,41.3,286,8.6,146,-35.4,255,-14.5" /></mjloggm>