<mjloggm ver="2.3"><GO type="225" lobby="0"/><UN n0="%6D%75%75%6D%75%72%61" n1="%E3%83%B4%E3%82%A3%E3%83%AF%E3%82%B3%E3%82%B0%E3%83%8B" n2="%E8%B6%85%E7%B4%9A%E9%B3%B3%E5%87%B0" n3="%E3%81%BF%E3%81%BF%E3%81%9A" dan="16,16,16,16" rate="2132.65,2142.14,2122.23,2132.05" sx="F,M,M,M"/><TAIKYOKU oya="0"/><INIT seed="0,0,0,5,1,118" ten="250,250,250,250" oya="0" hai0="68,98,7,60,2,32,66,75,8,65,38,79,135" hai1="6,72,91,110,132,1,97,43,9,52,28,15,121" hai2="35,73,95,62,112,47,120,78,54,133,63,119,130" hai3="102,69,22,108,46,134,124,94,23,92,56,106,70"/><T105/><D135/><U36/><E110/><V125/><F112/><W107/><G56/><T44/><D65/><U86/><E72/><V81/><F35/><W29/><G108/><T13/><D32/><U100/><E132/><V103/><F133/><W127/><G134/><T58/><D58/><U104/><E28/><V26/><F119/><W85/><G46/><T53/><D13/><U34/><E34/><V14/><F130/><W117/><G117/><T84/><D84/><U82/><E43/><V80/><F125/><N who="3" m="48203" /><G102/><T31/><D31/><U64/><E36/><V131/><F131/><W17/><G29/><T0/><D53/><U45/><E64/><V76/><F26/><W4/><G4/><T111/><D111/><U90/><E1/><V33/><F33/><W126/><N who="3" m="48211" /><W11/><DORA hai="21" /><G11/><T40/><D2/><U27/><E27/><V115/><F103/><W19/><G85/><T123/><D98/><U109/><E109/><V59/><F47/><W39/><G39/><T3/><D3/><U24/><E24/><V114/><F73/><W55/><G55/><T113/><D113/><U50/><REACH who="1" step="1"/><E121/><REACH who="1" ten="250,240,250,250" step="2"/><V96/><F120/><W20/><G69/><T61/><D123/><U74/><E74/><V89/><F115/><W42/><G70/><T30/><D30/><U16/><E16/><N who="3" m="6218" /><G42/><T77/><D75/><U18/><E18/><V57/><F114/><W5/><G5/><T48/><D38/><U83/><E83/><N who="2" m="31819" /><F14/><W12/><G12/><T93/><D68/><U49/><E49/><V10/><F10/><W37/><G37/><N who="0" m="21519" /><D8/><U129/><E129/><RYUUKYOKU ba="0,1" sc="250,-30,240,10,250,10,250,10" hai1="6,9,15,45,50,52,82,86,90,91,97,100,104" hai2="54,57,59,62,63,76,78,89,95,96" hai3="20,22,23,92,94,106,107" /><INIT seed="1,1,1,2,1,91" ten="220,250,260,260" oya="1" hai0="122,65,1,62,125,78,11,93,105,19,3,95,18" hai1="38,123,35,10,127,50,24,118,27,68,97,79,13" hai2="103,106,23,54,49,92,33,113,128,26,15,59,100" hai3="99,60,135,53,48,17,52,115,94,87,21,55,34"/><U104/><E38/><V51/><F128/><W75/><G75/><T9/><D105/><U25/><E68/><V36/><F36/><W7/><G34/><T30/><D125/><U121/><E35/><V90/><F113/><W96/><G115/><T57/><D122/><U124/><E118/><V133/><F133/><W89/><G135/><T101/><D101/><N who="1" m="62511" /><E50/><V28/><F106/><W126/><G126/><N who="1" m="48170" /><E79/><V131/><F131/><W112/><G112/><T6/><D78/><U31/><E31/><V69/><F69/><W114/><G114/><T41/><D30/><U86/><E86/><N who="2" m="52311" /><F51/><W80/><G7/><AGARI ba="1,1" hai="7,10,13,24,25,27,121,123" m="48170,62511" machi="7" ten="30,1500,0" yaku="18,1" doraHai="91" who="1" fromWho="3" sc="220,0,250,28,260,0,260,-18" /><INIT seed="1,2,0,4,1,76" ten="220,278,260,242" oya="1" hai0="85,98,6,45,66,69,109,72,42,34,90,122,114" hai1="58,4,49,46,60,96,33,24,91,31,123,13,59" hai2="47,14,29,52,75,86,119,15,41,113,26,110,102" hai3="89,125,0,112,61,116,3,35,97,55,23,87,1"/><U71/><E123/><V56/><F119/><W2/><G35/><T127/><D114/><U121/><E121/><V118/><F75/><W95/><G112/><T77/><D122/><U53/><E4/><V124/><F113/><W128/><G116/><T104/><D109/><U68/><E13/><V44/><F118/><W7/><G125/><T132/><D127/><U63/><E91/><V105/><F124/><W135/><G135/><T74/><D132/><U103/><E59/><V12/><F110/><W79/><G128/><T25/><D77/><U117/><E63/><V30/><F86/><W64/><G55/><T133/><D6/><U93/><REACH who="1" step="1"/><E117/><REACH who="1" ten="220,268,260,242" step="2"/><V106/><F56/><W18/><G7/><T43/><D133/><U10/><E10/><V83/><F12/><W70/><G2/><T37/><D90/><U5/><E5/><V129/><F14/><W130/><G130/><T8/><D8/><U16/><E16/><V107/><F15/><W67/><G18/><T131/><D131/><U73/><E73/><V134/><F129/><W50/><G1/><T54/><D72/><U80/><E80/><V62/><F134/><W19/><G3/><T36/><D74/><U101/><E101/><V48/><F62/><W32/><G0/><T38/><D85/><U39/><E39/><N who="2" m="21567" /><F83/><W100/><G100/><N who="0" m="62487" /><D69/><U111/><E111/><V27/><F102/><N who="3" m="60735" /><G70/><T82/><D82/><U40/><AGARI ba="2,1" hai="24,31,33,40,46,49,53,58,60,68,71,93,96,103" machi="40" ten="20,3900,0" yaku="1,1,0,1,7,1,53,0" doraHai="76" doraHaiUra="17" who="1" fromWho="1" sc="220,-15,268,55,260,-15,242,-15" /><INIT seed="1,3,0,2,3,10" ten="205,323,245,227" oya="1" hai0="85,73,134,100,21,81,122,25,27,129,102,111,26" hai1="113,78,64,20,127,86,47,31,115,67,40,37,135" hai2="23,61,79,32,98,54,89,84,33,51,123,22,120" hai3="29,93,13,132,74,97,88,34,114,103,0,106,99"/><U60/><E127/><V75/><F98/><W30/><G114/><T59/><D111/><U77/><E135/><V125/><F125/><W41/><G0/><T66/><D134/><U69/><E64/><V56/><F33/><W80/><G132/><T62/><D129/><U39/><E37/><V70/><F32/><W110/><G110/><T11/><D122/><U44/><E47/><V108/><F108/><W14/><G34/><T48/><D73/><U87/><E31/><V12/><F75/><W124/><G124/><T8/><D21/><U96/><E96/><V28/><F79/><W133/><G133/><T43/><D48/><U53/><E20/><V57/><F70/><W92/><G41/><T7/><D43/><U24/><E24/><V36/><F36/><W76/><G30/><T126/><D126/><U49/><E78/><V5/><F22/><W128/><G29/><T105/><D105/><U55/><E55/><V109/><F109/><W130/><G93/><T2/><REACH who="0" step="1"/><D11/><REACH who="0" ten="195,323,245,227" step="2"/><U72/><E72/><V94/><F120/><W118/><G118/><T3/><D3/><U90/><E40/><V119/><F123/><W9/><REACH who="3" step="1"/><G13/><REACH who="3" ten="195,323,245,217" step="2"/><T71/><D71/><U19/><E69/><V17/><F119/><W68/><G68/><T6/><D6/><AGARI ba="3,2" hai="6,9,14,74,76,80,88,92,97,99,103,106,128,130" machi="6" ten="40,5200,0" yaku="1,1,52,1,54,1,53,0" doraHai="10" doraHaiUra="117" who="3" fromWho="0" sc="195,-61,323,0,245,0,217,81" /><INIT seed="2,0,0,5,3,33" ten="134,323,245,298" oya="2" hai0="52,40,83,41,118,63,23,36,51,121,127,76,16" hai1="22,86,35,87,84,56,45,97,103,38,17,123,75" hai2="21,101,14,132,29,104,24,71,131,81,50,126,93" hai3="64,9,31,124,66,8,69,113,80,107,73,37,95"/><V116/><F116/><W114/><G107/><T90/><D121/><U62/><E75/><V13/><F71/><W85/><G37/><T109/><D118/><U55/><E35/><V1/><F1/><W2/><G124/><T3/><D36/><U111/><E111/><V102/><F126/><W74/><G31/><T70/><D127/><U98/><E123/><V82/><F131/><W32/><G32/><T115/><D115/><N who="3" m="44041" /><G95/><T96/><D109/><U99/><E45/><V88/><F104/><W30/><G30/><T39/><D39/><U125/><E38/><V48/><F132/><W78/><G9/><T46/><D3/><U100/><E125/><V57/><F13/><AGARI ba="0,0" hai="13,17,22,55,56,62,84,86,87,97,98,99,100,103" machi="13" ten="40,1300,0" yaku="8,1" doraHai="33" who="1" fromWho="2" sc="134,0,323,13,245,-13,298,0" /><INIT seed="3,0,0,2,1,5" ten="134,336,232,298" oya="3" hai0="1,120,14,103,92,38,44,10,105,33,129,85,135" hai1="32,21,124,99,122,127,40,53,131,94,26,90,4" hai2="76,128,102,3,12,39,47,134,89,51,31,55,27" hai3="82,80,52,60,67,93,48,73,54,0,71,106,46"/><W20/><G106/><T70/><D129/><U119/><E32/><V100/><F3/><W25/><G0/><T69/><D135/><U68/><E68/><V49/><F128/><W45/><G73/><T117/><D120/><U65/><E131/><V35/><F39/><W121/><G121/><T96/><D117/><U95/><E65/><V18/><F134/><W130/><G130/><T8/><D33/><U113/><E122/><V16/><F76/><W30/><G93/><T24/><D24/><U91/><E4/><V56/><F89/><W17/><G30/><T107/><D1/><U81/><E40/><V97/><F97/><W133/><G133/><T83/><D107/><U111/><E113/><V109/><F18/><W43/><REACH who="3" step="1"/><G54/><REACH who="3" ten="134,336,232,288" step="2"/><T34/><D105/><U112/><E112/><V66/><F109/><W132/><G132/><T61/><D34/><U86/><E119/><V59/><F66/><W9/><G9/><T57/><D69/><U78/><E53/><V13/><F35/><W72/><G72/><T7/><D70/><U115/><E115/><V104/><F104/><W28/><G28/><T125/><D125/><U126/><E111/><V123/><F123/><W118/><G118/><T101/><D10/><U50/><E94/><V98/><F31/><W79/><G79/><N who="0" m="46335" /><D92/><U2/><E2/><V77/><F55/><W15/><G15/><T22/><D22/><U64/><E64/><V87/><F12/><W110/><G110/><T11/><D11/><U116/><E116/><V19/><F13/><W23/><G23/><T84/><D8/><U58/><E21/><RYUUKYOKU ba="0,1" sc="134,-10,336,-10,232,-10,288,30" hai3="17,20,25,43,45,46,48,52,60,67,71,80,82" /><INIT seed="3,1,1,3,1,54" ten="124,326,222,318" oya="3" hai0="46,129,10,31,132,51,75,82,62,67,1,0,119" hai1="122,5,115,3,116,24,106,97,83,26,85,131,4" hai2="133,53,58,104,65,111,86,96,113,74,19,127,11" hai3="110,125,98,108,44,93,100,23,12,78,59,102,92"/><W109/><G125/><T29/><D119/><U33/><E115/><V101/><F113/><W56/><G78/><T128/><D132/><U55/><E122/><V28/><F74/><W43/><G23/><T77/><D29/><U48/><E116/><V66/><F127/><W72/><G72/><T60/><D31/><U68/><E68/><V135/><F111/><W16/><G100/><T36/><D62/><U103/><E131/><V123/><F123/><W42/><G92/><T25/><D25/><U20/><E33/><V112/><F112/><W18/><G43/><T120/><D120/><U35/><E35/><V15/><F28/><W32/><G32/><T17/><D17/><N who="3" m="6761" /><G12/><T91/><D91/><U99/><E3/><V90/><F133/><W21/><G21/><T73/><D73/><U80/><E80/><V6/><F6/><N who="1" m="2665" /><E106/><V130/><F130/><W14/><G14/><T88/><D36/><AGARI ba="1,1" hai="36,42,44,56,59,93,98,102,108,109,110" m="6761" machi="36" ten="30,12000,1" yaku="14,1,10,1,52,2,54,1" doraHai="54" who="3" fromWho="0" sc="124,-123,326,0,222,0,318,133" owari="1,-49.9,326,12.6,222,-17.8,451,55.1" /></mjloggm>