<mjloggm ver="2.3"><GO type="225" lobby="0"/><UN n0="%E3%81%A1%E3%82%85%E3%81%86%E3%81%A9%E3%81%8F%E8%B1%A1%E3%81%95%E3%82%93" n1="%E3%81%BE%E3%81%8B%E3%81%B7%E3%82%93" n2="%E3%81%8C%E3%81%9F" n3="%E3%82%82%E3%81%90%E3%82%89" dan="16,16,16,16" rate="2174.96,2095.87,2110.40,2176.46" sx="M,M,F,M"/><TAIKYOKU oya="0"/><INIT seed="0,0,0,3,0,48" ten="250,250,250,250" oya="0" hai0="106,36,98,8,94,129,115,121,73,88,56,101,7" hai1="99,86,87,58,69,19,91,61,25,67,70,120,1" hai2="43,112,83,6,105,34,51,104,14,126,2,15,108" hai3="130,30,102,93,62,10,79,52,92,54,85,119,20"/><T3/><D121/><U49/><E120/><V66/><F112/><W78/><G119/><T44/><D115/><U64/><E1/><V81/><F34/><W109/><G109/><T84/><D129/><U37/><E37/><V60/><F108/><W113/><G113/><T82/><D56/><U95/><E49/><V13/><F2/><W114/><G130/><T74/><REACH who="0" step="1"/><D106/><REACH who="0" ten="240,250,250,250" step="2"/><U47/><E70/><V18/><F104/><W77/><G114/><T23/><D23/><N who="1" m="13567" /><E69/><V80/><F105/><W131/><G131/><T31/><D31/><U117/><E117/><V55/><F126/><W32/><G32/><T46/><D46/><U71/><E47/><V75/><F18/><W41/><G20/><T26/><D26/><U89/><E71/><V76/><F6/><W116/><G30/><T27/><D27/><U29/><E29/><V133/><F133/><W107/><G116/><T128/><D128/><U100/><E67/><V57/><REACH who="2" step="1"/><F43/><AGARI ba="0,1" hai="3,7,8,36,43,44,73,74,82,84,88,94,98,101" machi="43" ten="40,7700,0" yaku="1,1,54,1,53,1" doraHai="48" doraHaiUra="96" who="0" fromWho="2" sc="240,87,250,0,250,-77,250,0" /><INIT seed="0,1,0,2,0,12" ten="327,250,173,250" oya="0" hai0="102,73,85,54,43,134,82,29,1,122,86,5,95" hai1="55,104,42,61,93,38,77,112,62,2,32,34,76" hai2="33,66,106,35,9,51,108,41,131,126,8,114,36" hai3="18,46,23,59,57,103,25,101,81,79,6,64,20"/><T132/><D122/><U118/><E118/><V105/><F114/><W68/><G68/><T100/><D43/><U0/><E104/><V123/><F123/><W78/><G6/><T37/><D37/><U39/><E112/><V116/><F116/><W4/><G4/><T99/><D29/><U21/><E21/><V88/><F36/><W133/><G133/><N who="0" m="51307" /><D54/><U94/><E42/><V80/><F108/><W63/><G46/><T124/><D5/><U30/><E55/><V14/><F131/><W128/><G128/><T91/><D1/><U45/><E45/><V44/><F126/><W7/><G7/><T110/><D124/><U115/><E115/><V113/><F113/><W84/><G78/><N who="0" m="44367" /><D110/><U67/><REACH who="1" step="1"/><E30/><REACH who="1" ten="327,240,173,250" step="2"/><V31/><F105/><W135/><G135/><T13/><D13/><U121/><E121/><V48/><F106/><W10/><G10/><T19/><D19/><U26/><E26/><V127/><F127/><W24/><G59/><T52/><D52/><U83/><E83/><V16/><F9/><W109/><G109/><T87/><AGARI ba="1,1" hai="85,86,87,91,95,99,100,102" m="44367,51307" machi="87" ten="30,6000,0" yaku="20,1,34,2" doraHai="12" who="0" fromWho="0" sc="327,73,240,-21,173,-21,250,-21" /><INIT seed="0,2,0,3,4,127" ten="400,219,152,229" oya="0" hai0="25,1,96,105,126,34,121,81,89,134,79,11,104" hai1="51,4,42,55,88,120,2,48,102,86,36,53,52" hai2="84,91,63,35,94,29,115,68,77,9,130,27,31" hai3="59,10,38,49,109,58,28,133,50,46,99,3,23"/><T110/><D121/><U107/><E120/><V111/><F115/><W47/><G38/><T108/><D126/><U101/><E36/><V112/><F112/><W45/><G109/><N who="0" m="42091" /><D134/><U82/><E107/><V73/><F111/><W32/><G32/><T19/><D89/><U15/><E2/><V98/><F31/><W7/><G133/><T72/><D96/><U113/><E113/><V103/><F9/><W26/><REACH who="3" step="1"/><G99/><REACH who="3" ten="400,219,152,219" step="2"/><T43/><D34/><U128/><E128/><V117/><F130/><W119/><G119/><T80/><D104/><U24/><E24/><V85/><F117/><W70/><G70/><T122/><D105/><U61/><E61/><V71/><F63/><W6/><G6/><T13/><D122/><U135/><E135/><V69/><REACH who="2" step="1"/><F103/><REACH who="2" ten="400,219,142,219" step="2"/><W14/><G14/><T30/><D1/><U75/><E15/><V8/><F8/><W41/><G41/><T22/><D43/><U118/><E42/><V37/><F37/><W16/><G16/><T66/><D11/><U74/><E118/><V87/><F87/><W106/><G106/><T131/><D131/><U40/><E40/><V93/><F93/><W92/><G92/><T65/><D80/><AGARI ba="2,2" hai="27,29,35,68,69,71,73,77,80,84,85,91,94,98" machi="80" ten="40,2600,0" yaku="1,1,53,1" doraHai="127" doraHaiUra="76" who="2" fromWho="0" sc="400,-32,219,0,142,52,219,0" /><INIT seed="1,0,0,2,5,17" ten="368,219,194,219" oya="1" hai0="3,0,49,129,91,50,120,123,28,37,131,46,52" hai1="93,73,56,54,113,36,44,110,76,115,128,53,6" hai2="34,69,26,31,65,42,35,72,1,74,122,32,63" hai3="12,67,58,104,25,100,114,107,105,51,109,27,38"/><U103/><E128/><N who="0" m="49225" /><D37/><U80/><E110/><V97/><F97/><BYE who="2" /><W96/><G114/><T48/><D28/><U95/><E6/><V111/><F111/><W132/><G38/><T59/><D91/><U84/><E95/><V77/><F77/><W18/><G132/><UN n2="%E3%81%8C%E3%81%9F" /><T116/><D116/><U81/><E103/><V45/><F122/><N who="0" m="46634" /><D46/><U92/><E115/><V40/><F1/><AGARI ba="0,0" hai="0,1,3,48,49,50,52,59" m="46634,49225" machi="1" ten="40,5200,0" yaku="19,1,13,1,54,1" doraHai="17" who="0" fromWho="2" sc="368,52,219,0,194,-52,219,0" /><INIT seed="2,0,0,4,4,14" ten="420,219,142,219" oya="2" hai0="107,70,96,41,89,95,42,78,94,45,49,90,106" hai1="68,69,8,22,10,91,93,109,18,122,44,46,28" hai2="38,1,64,36,3,129,7,4,54,105,32,81,53" hai3="86,48,19,2,104,127,6,126,77,17,47,75,71"/><V63/><F105/><W50/><G71/><T20/><D70/><U0/><E109/><V134/><F32/><W121/><G75/><T39/><D78/><U110/><E110/><V135/><F81/><N who="3" m="47407" /><G104/><T98/><D20/><U27/><E122/><V25/><F25/><W55/><G121/><T15/><D15/><U131/><E131/><V59/><F59/><W61/><G61/><T40/><D39/><U60/><E69/><V26/><F26/><W16/><G2/><T120/><D120/><U119/><E119/><V23/><F23/><W58/><G6/><T114/><D114/><U101/><E101/><V113/><F63/><W52/><G127/><T57/><D57/><U31/><E0/><V80/><F80/><W85/><G126/><T12/><D12/><U67/><E8/><V84/><F84/><AGARI ba="0,0" hai="16,17,19,47,48,50,52,55,58,84,85" m="47407" machi="84" ten="30,12000,2" yaku="8,1,52,3,54,2" doraHai="14" who="3" fromWho="2" sc="420,0,219,0,142,-120,219,120" /><INIT seed="3,0,0,3,2,94" ten="420,219,22,339" oya="3" hai0="2,16,90,115,69,83,132,47,65,131,13,12,105" hai1="63,31,64,114,67,97,71,46,20,8,93,101,104" hai2="70,122,88,15,99,30,22,100,39,116,4,112,11" hai3="62,19,28,86,57,49,107,32,41,17,27,89,9"/><W43/><G107/><T26/><D105/><U133/><E133/><V34/><F112/><W109/><G109/><T54/><D2/><U128/><E128/><V58/><F116/><W68/><G68/><T92/><D131/><U130/><E130/><V79/><F70/><W3/><G3/><T59/><D132/><U45/><E114/><V74/><F39/><W135/><G135/><T119/><D119/><U98/><E67/><V48/><F122/><W0/><G0/><T124/><D124/><U75/><E75/><V80/><F34/><W120/><G120/><T37/><D83/><U81/><E81/><V24/><F100/><W134/><G134/><T52/><D115/><U50/><E8/><V102/><F102/><W84/><G84/><N who="0" m="52295" /><D69/><U42/><E45/><V51/><F58/><W55/><G62/><N who="0" m="38111" /><D37/><U60/><E60/><V95/><F74/><W78/><G78/><T44/><D26/><U38/><E38/><V82/><REACH who="2" step="1"/><F79/><REACH who="2" ten="420,219,12,339" step="2"/><W113/><G113/><T36/><D36/><U87/><E101/><V35/><F35/><W117/><G117/><T25/><D47/><U66/><E46/><V23/><F23/><W7/><G32/><T110/><D44/><U123/><E71/><V21/><F21/><W111/><G57/><T121/><D121/><U18/><E20/><V6/><F6/><W85/><G7/><T126/><D126/><U29/><E123/><V5/><F5/><W72/><G72/><T53/><D110/><U125/><E125/><V33/><F33/><W14/><G111/><T129/><D129/><U76/><E76/><V1/><F1/><RYUUKYOKU ba="0,1" sc="420,15,219,-15,12,15,339,-15" hai0="12,13,16,25,52,53,54" hai2="4,11,15,22,24,30,48,51,80,82,88,95,99" owari="445,54.5,204,-19.6,27,-47.3,324,12.4" /></mjloggm>