<mjloggm ver="2.3"><GO type="225" lobby="0"/><UN n0="%E3%81%B2%E3%81%AA%E3%81%AE%E3%82%8A%E3%81%8F" n1="%E3%83%A2%E3%82%B0%E3%83%9E%E3%83%AA%E3%83%A2" n2="%E3%81%A8%E3%82%93%E3%81%A8%E3%81%93%E3%81%A8%E3%82%93" n3="%E3%83%97%E3%83%AC%E3%83%B4%E3%82%A1%E3%83%86%E3%82%A3" dan="17,16,16,16" rate="2198.94,2078.90,2149.30,2138.89" sx="M,M,F,F"/><TAIKYOKU oya="0"/><INIT seed="0,0,0,4,5,82" ten="250,250,250,250" oya="0" hai0="79,35,103,23,68,40,119,60,97,66,57,108,63" hai1="15,91,22,50,98,55,2,123,3,10,101,78,49" hai2="72,45,74,90,121,62,133,9,67,93,71,124,117" hai3="130,0,31,1,83,14,105,25,75,24,29,132,69"/><T112/><D112/><U85/><E123/><V32/><F121/><W43/><G69/><T99/><D119/><U65/><E65/><V70/><F32/><W84/><G105/><T107/><D35/><U128/><E22/><V122/><F122/><W126/><G75/><T116/><D116/><U73/><E128/><V114/><F71/><W61/><G130/><T95/><D40/><U28/><E28/><V41/><F114/><W52/><G126/><T18/><D79/><U110/><E110/><V13/><F133/><W129/><G129/><T19/><D108/><U125/><E125/><V48/><F117/><W109/><G109/><T135/><D23/><U7/><E49/><V86/><REACH who="2" step="1"/><F124/><REACH who="2" ten="250,250,240,250" step="2"/><W64/><G132/><T127/><D127/><U37/><E37/><V44/><F44/><W12/><G43/><T6/><D135/><U102/><E73/><V89/><F89/><N who="3" m="51359" /><G0/><T42/><D42/><U54/><E2/><V30/><F30/><N who="3" m="11275" /><G1/><T47/><D47/><U80/><E3/><V16/><AGARI ba="0,1" hai="9,13,16,41,45,48,62,67,70,72,74,86,90,93" machi="16" ten="20,12000,2" yaku="1,1,0,1,7,1,52,1,54,1,53,1" doraHai="82" doraHaiUra="88" who="2" fromWho="2" sc="250,-60,250,-30,240,130,250,-30" /><INIT seed="1,0,0,1,5,89" ten="190,220,370,220" oya="1" hai0="97,108,132,133,12,56,68,18,34,117,125,103,49" hai1="7,47,60,35,131,135,9,40,112,43,120,50,1" hai2="113,28,107,22,53,38,105,134,93,37,72,81,100" hai3="83,8,31,74,6,79,76,122,20,42,85,96,73"/><U84/><E112/><V16/><F28/><W51/><G122/><T69/><D34/><U5/><E120/><V91/><F134/><N who="0" m="51818" /><D117/><U66/><E135/><V44/><F113/><W127/><G127/><T87/><D125/><U14/><E131/><V70/><F70/><W129/><G129/><T41/><D87/><U54/><E35/><V126/><F53/><W36/><G31/><T26/><D26/><U61/><E61/><V124/><F124/><W130/><G20/><N who="0" m="11335" /><D108/><U114/><E114/><V86/><F126/><W57/><G130/><T99/><D99/><U65/><E65/><V4/><F4/><W3/><G96/><T13/><D13/><U78/><E1/><V30/><F72/><W80/><G85/><T58/><D41/><U45/><E45/><V90/><F44/><N who="3" m="23623" /><G57/><N who="0" m="22123" /><D49/><AGARI ba="0,0" hai="3,6,8,49,51,73,74,76,79,80,83" m="23623" machi="49" ten="30,1000,0" yaku="25,1" doraHai="89" who="3" fromWho="0" sc="190,-10,220,0,370,0,220,10" /><INIT seed="2,0,0,0,3,26" ten="180,220,370,230" oya="2" hai0="60,3,109,89,96,33,81,135,46,73,103,51,134" hai1="78,0,50,74,48,19,8,122,55,104,68,37,88" hai2="101,76,63,115,71,25,126,28,16,18,56,34,91" hai3="102,127,53,41,11,2,83,35,42,9,79,66,75"/><V87/><F115/><W20/><G127/><T10/><D33/><U120/><E104/><V52/><F126/><W13/><G35/><T110/><D60/><U67/><E37/><V38/><F38/><W116/><G116/><T72/><D3/><U94/><E78/><V1/><F1/><W27/><G66/><T80/><D10/><U57/><E74/><N who="0" m="28777" /><D51/><N who="1" m="30975" /><E68/><V99/><F76/><W132/><G132/><N who="0" m="50731" /><D46/><U111/><E111/><N who="0" m="42505" /><D89/><U49/><E67/><V107/><F71/><W85/><G53/><T62/><D62/><U58/><E58/><V4/><F4/><W21/><G2/><T129/><D129/><U128/><E128/><V118/><F118/><W5/><G11/><T17/><D17/><U77/><E0/><V64/><REACH who="2" step="1"/><F64/><REACH who="2" ten="180,220,360,230" step="2"/><W45/><G5/><T130/><D130/><U61/><E77/><V6/><F6/><W90/><G79/><T22/><D22/><U97/><E8/><V100/><F100/><W113/><G102/><T14/><D14/><U29/><E122/><V70/><F70/><W40/><G75/><T12/><D12/><U65/><E120/><V7/><F7/><N who="3" m="3263" /><G113/><T114/><D114/><U98/><E65/><V119/><F119/><W24/><G20/><T108/><N who="0" m="42513" /><T82/><DORA hai="95" /><D82/><AGARI ba="0,1" hai="16,18,25,28,34,52,56,63,82,87,91,99,101,107" machi="82" ten="30,18000,2" yaku="1,1,7,1,52,2,54,2,53,0" doraHai="26,95" doraHaiUra="43,125" who="2" fromWho="0" sc="180,-180,220,0,360,190,230,0" /><INIT seed="2,1,0,4,1,105" ten="0,220,550,230" oya="2" hai0="27,102,99,123,115,108,43,77,44,128,33,40,3" hai1="64,83,80,72,84,82,104,66,25,96,75,8,1" hai2="58,74,120,127,114,110,78,135,13,45,103,73,48" hai3="29,52,41,69,61,30,28,97,22,112,124,62,37"/><V9/><F114/><W94/><G112/><T106/><D115/><U24/><E84/><V11/><F120/><W36/><G124/><T86/><D123/><U54/><E54/><V119/><F119/><W130/><G130/><T57/><D3/><U46/><E46/><V19/><F78/><W100/><G41/><T17/><D128/><U116/><E116/><V21/><F135/><W71/><G22/><T132/><D132/><U59/><E1/><V109/><F127/><W131/><G131/><T93/><D57/><U60/><E8/><N who="2" m="3147" /><F58/><W107/><G107/><T117/><D117/><U88/><E64/><V79/><F103/><W134/><G134/><T20/><D108/><N who="2" m="41578" /><F79/><W2/><G2/><T18/><D33/><U55/><E66/><V98/><F98/><W63/><REACH who="3" step="1"/><G52/><AGARI ba="1,0" hai="13,19,21,45,48,52,73,74" m="41578,3147" machi="52" ten="30,12000,1" yaku="14,1,10,1,52,2,54,1" doraHai="105" who="2" fromWho="3" sc="0,0,220,0,550,123,230,-123" /><INIT seed="2,2,0,5,4,129" ten="0,220,673,107" oya="2" hai0="122,19,6,3,110,96,15,97,34,77,46,120,75" hai1="112,21,109,62,134,80,102,86,104,55,85,37,103" hai2="35,33,63,83,52,81,126,89,61,7,47,38,100" hai3="90,12,107,84,91,66,116,18,69,30,125,16,56"/><V54/><F100/><N who="1" m="38441" /><E112/><V10/><F89/><W98/><G107/><T29/><D110/><U24/><E109/><V9/><F47/><W22/><G69/><T101/><D97/><U99/><E134/><V88/><F7/><W41/><G116/><T95/><D46/><U26/><E37/><V5/><F5/><W2/><G2/><T59/><D59/><N who="1" m="35199" /><E104/><V67/><F38/><W45/><G125/><T82/><D34/><U73/><E73/><V115/><F67/><W121/><G121/><T31/><D120/><U23/><E99/><V39/><F39/><W119/><G119/><T78/><D78/><N who="1" m="46231" /><E86/><V58/><F115/><W114/><G114/><T48/><D122/><U92/><E92/><V49/><F126/><W40/><G30/><T124/><D124/><U8/><E8/><V50/><F88/><N who="3" m="33835" /><G98/><T27/><D27/><AGARI ba="2,0" hai="21,23,24,26,27" m="46231,35199,38441" machi="27" ten="30,1000,0" yaku="8,1" doraHai="129" who="1" fromWho="0" sc="0,-16,220,16,673,0,107,0" owari="-16,-51.6,236,3.6,673,77.3,107,-29.3" /></mjloggm>