<mjloggm ver="2.3"><GO type="225" lobby="0"/><UN n0="%E3%82%BC%E3%83%AB%E3%83%80%E3%81%AE%E4%BC%9D%E8%AA%AC" n1="%44%2E%65%61%67%6C%65" n2="%E6%81%A5%E6%99%92%E3%81%97" n3="%72%69%6F%75%63%68%61%6E" dan="17,16,16,16" rate="2185.78,2185.08,2121.31,2154.94" sx="M,M,M,M"/><TAIKYOKU oya="0"/><INIT seed="0,0,0,1,3,43" ten="250,250,250,250" oya="0" hai0="25,109,103,70,73,60,71,20,111,90,5,44,29" hai1="69,54,112,92,114,118,19,39,108,48,67,91,98" hai2="45,61,65,127,2,106,86,116,134,4,129,51,72" hai3="8,130,9,36,59,101,46,15,113,132,14,95,31"/><T1/><D73/><U93/><E118/><V135/><F72/><W53/><G130/><T104/><D90/><U28/><E39/><V117/><F129/><W55/><G132/><N who="2" m="50729" /><F106/><W75/><G113/><N who="1" m="43626" /><E28/><V6/><F86/><W58/><G75/><T100/><D60/><N who="1" m="40167" /><E19/><V85/><F85/><W13/><G31/><T74/><D74/><U120/><E108/><N who="0" m="41545" /><D44/><N who="1" m="27911" /><E93/><V133/><F133/><W110/><G110/><T82/><D82/><U123/><AGARI ba="0,0" hai="91,92,98,120,123" m="27911,40167,43626" machi="123" ten="30,2000,0" yaku="11,1,52,1" doraHai="43" who="1" fromWho="1" sc="250,-10,250,20,250,-5,250,-5" /><INIT seed="1,0,0,2,3,40" ten="240,270,245,245" oya="1" hai0="32,2,17,23,99,41,7,97,78,68,116,6,123" hai1="132,88,36,59,80,1,21,115,24,62,49,69,79" hai2="98,34,86,131,129,95,107,38,81,67,30,64,20" hai3="50,114,120,77,82,25,26,47,89,73,133,58,13"/><U106/><E115/><V84/><F34/><W4/><G133/><T121/><D68/><U19/><E106/><V22/><F38/><W117/><G120/><N who="0" m="46155" /><D116/><U52/><E1/><V44/><F107/><W126/><G114/><T83/><D32/><U53/><E132/><V57/><F129/><W66/><G126/><T65/><D65/><N who="2" m="25162" /><F57/><W103/><G117/><T93/><D41/><U9/><E36/><V28/><F131/><W91/><G103/><N who="0" m="60847" /><D99/><U100/><E100/><N who="2" m="60511" /><F44/><W128/><G128/><T63/><D63/><U104/><E104/><V39/><F39/><W51/><G66/><T16/><D2/><U108/><E69/><V92/><F92/><W130/><G130/><T31/><D31/><N who="2" m="11818" /><F86/><N who="3" m="48463" /><G58/><T102/><D102/><U10/><E108/><V135/><F135/><W48/><G47/><T134/><D134/><U43/><E43/><V54/><F54/><W29/><G29/><T0/><D0/><U75/><E88/><AGARI ba="0,0" hai="20,22,81,84,88" m="11818,60511,25162" machi="88" ten="30,2000,0" yaku="8,1,54,1" doraHai="40" who="2" fromWho="1" sc="240,0,270,-20,245,20,245,0" /><INIT seed="2,0,0,2,3,82" ten="240,250,265,245" oya="2" hai0="5,23,72,135,98,118,11,3,10,74,94,37,127" hai1="77,121,122,43,101,130,108,66,7,31,39,116,103" hai2="69,128,117,61,26,58,19,46,62,89,88,125,63" hai3="13,93,34,54,60,47,42,32,55,67,14,41,92"/><V102/><F117/><W70/><G47/><T81/><D118/><U124/><E116/><V33/><F69/><W56/><G70/><T112/><D112/><U119/><E66/><N who="2" m="39223" /><F33/><W12/><G32/><T78/><D127/><U25/><E7/><V111/><F125/><W110/><G110/><T83/><D135/><U87/><E124/><V105/><F105/><W85/><G34/><T126/><D126/><U2/><E2/><V71/><F71/><W45/><G41/><T48/><D37/><U75/><E75/><V52/><F102/><N who="1" m="38921" /><E108/><V59/><F128/><W50/><REACH who="3" step="1"/><G93/><REACH who="3" ten="240,250,265,235" step="2"/><T114/><D94/><U132/><E119/><V96/><F111/><W44/><G44/><T4/><D114/><U35/><E132/><V57/><F46/><W76/><G76/><T15/><D78/><U131/><E43/><V120/><F59/><W106/><G106/><T36/><D36/><U107/><E39/><V16/><F120/><N who="1" m="46185" /><E107/><V113/><F113/><W1/><G1/><T91/><D3/><U20/><E35/><V53/><F57/><W51/><G51/><T49/><D49/><U134/><E134/><V65/><F62/><W84/><G84/><T100/><D48/><U24/><E24/><V8/><F63/><W86/><G86/><T40/><D40/><U0/><E0/><V99/><F26/><W18/><G18/><T29/><D72/><U68/><E68/><V21/><F19/><W22/><G22/><T97/><D74/><U109/><E109/><V27/><F21/><W123/><G123/><T9/><D23/><U6/><E6/><V90/><F8/><RYUUKYOKU ba="0,1" sc="240,-15,250,15,265,-15,235,15" hai1="20,25,31,77,87,130,131" hai3="12,13,14,42,45,50,54,55,56,60,67,85,92" /><INIT seed="3,1,1,3,5,79" ten="225,265,250,250" oya="3" hai0="123,10,8,44,125,1,82,103,121,105,17,84,130" hai1="11,47,67,33,60,45,75,77,100,29,71,97,28" hai2="94,88,108,0,38,35,39,40,99,62,120,36,107" hai3="50,6,115,89,52,133,66,2,76,95,112,91,116"/><W58/><G116/><T80/><D1/><U114/><E28/><V7/><F35/><W101/><G133/><T63/><D125/><U134/><E11/><V81/><F108/><W106/><G76/><T83/><D84/><U31/><E31/><V78/><F120/><W20/><G66/><T18/><D63/><U93/><E114/><V27/><F0/><W32/><G32/><T43/><D103/><U72/><E134/><V132/><F132/><W109/><G109/><T54/><D54/><U34/><E75/><N who="2" m="43231" /><F62/><W118/><G118/><T21/><D105/><N who="1" m="63631" /><E34/><V74/><F74/><W64/><G64/><T16/><D21/><U65/><E93/><V117/><F27/><W55/><G106/><T3/><D130/><U5/><E5/><V110/><F110/><W111/><G111/><T22/><D22/><U113/><E113/><V37/><F7/><W51/><G101/><T90/><D90/><U127/><E127/><V73/><F73/><W68/><G68/><T61/><D61/><U26/><E67/><V57/><F117/><W19/><G91/><T102/><D102/><U53/><E53/><V131/><F131/><W129/><G129/><T24/><D24/><U9/><E9/><N who="0" m="3689" /><D3/><U41/><E41/><V119/><F119/><W70/><G70/><T92/><D92/><U23/><E23/><V126/><F126/><W124/><G124/><T86/><D86/><U85/><E85/><V48/><F107/><W30/><G30/><T49/><D123/><U46/><E72/><V98/><F40/><W15/><G115/><T128/><D121/><U87/><E77/><RYUUKYOKU ba="1,1" sc="225,15,265,15,250,-15,250,-15" hai0="16,17,18,43,44,49,80,82,83,128" hai1="26,29,33,45,46,47,60,65,71,87" /><INIT seed="4,2,1,0,5,101" ten="240,280,235,235" oya="0" hai0="124,103,65,132,9,115,72,35,34,47,53,16,70" hai1="64,67,13,3,41,36,25,102,85,87,51,18,44" hai2="110,27,129,73,95,66,109,62,24,130,80,76,122" hai3="8,12,114,50,121,91,14,20,40,57,83,10,1"/><T97/><D72/><U113/><E3/><V55/><F122/><W71/><G71/><T59/><D47/><U30/><E102/><V111/><F55/><W84/><G114/><T125/><D115/><U94/><E113/><V43/><F43/><W60/><G1/><T100/><D100/><U118/><E118/><V92/><F92/><W69/><G121/><T0/><D132/><U49/><E36/><V46/><F95/><W11/><G69/><T52/><D65/><N who="1" m="25163" /><E25/><V134/><F46/><N who="3" m="25927" /><G20/><T32/><D70/><U19/><E30/><V96/><F96/><W82/><G83/><T45/><D45/><N who="1" m="25775" /><E94/><V98/><F98/><W81/><G82/><T89/><D0/><U74/><E74/><V58/><REACH who="2" step="1"/><F134/><REACH who="2" ten="240,280,225,235" step="2"/><W90/><G91/><T21/><D89/><U39/><E39/><V6/><F6/><W56/><G56/><T128/><D59/><U48/><E44/><V108/><N who="2" m="27648" /><DORA hai="133" /><V17/><F17/><W117/><G117/><T77/><D53/><AGARI ba="2,2" hai="8,10,11,12,14,53,57,60,81,84,90" m="25927" machi="53" ten="30,1000,0" yaku="8,1" doraHai="101,133" who="3" fromWho="0" sc="240,-16,280,0,225,0,235,36" /><INIT seed="5,0,0,1,5,14" ten="224,280,225,271" oya="1" hai0="107,27,5,3,130,63,41,120,33,67,117,75,99" hai1="119,43,24,122,36,1,88,109,94,65,26,23,22" hai2="54,44,0,79,19,21,4,80,115,8,131,105,17" hai3="15,40,25,84,64,106,39,100,89,52,124,31,12"/><U28/><E119/><V98/><F131/><W103/><G124/><T104/><D117/><U133/><E122/><V110/><F110/><W32/><G64/><T78/><D130/><U102/><E1/><V42/><F115/><W77/><G77/><T2/><D120/><U71/><E133/><V51/><F21/><W66/><G66/><T90/><D90/><U47/><E109/><V95/><F105/><N who="0" m="40522" /><D99/><U92/><E102/><V83/><F54/><W97/><G103/><T112/><D41/><U82/><E65/><V121/><F121/><W125/><G125/><T7/><D7/><U76/><E71/><V46/><F46/><W62/><G39/><T45/><D45/><U85/><E76/><V34/><F34/><W59/><REACH who="3" step="1"/><G40/><REACH who="3" ten="224,280,225,261" step="2"/><T72/><D112/><U53/><E53/><V49/><F79/><W69/><G69/><N who="0" m="42239" /><D78/><U134/><E134/><V127/><F127/><W50/><G50/><T128/><D128/><U126/><E126/><V135/><F51/><W20/><G20/><T37/><D37/><U11/><E11/><V56/><F135/><W81/><AGARI ba="0,1" hai="12,15,25,31,32,52,59,62,81,84,89,97,100,106" machi="81" ten="20,5200,0" yaku="1,1,0,1,7,1,54,1,53,0" doraHai="14" doraHaiUra="108" who="3" fromWho="3" sc="224,-13,280,-26,225,-13,261,62" owari="211,-28.9,254,5.4,212,-18.8,323,42.3" /></mjloggm>