<mjloggm ver="2.3"><GO type="225" lobby="0"/><UN n0="%E3%81%8B%E3%82%8F%E3%81%A1%E3%82%83%E3%82%93%35%38" n1="%74%61%6B%65%2D%79%6F%75" n2="%6D%75%75%6D%75%72%61" n3="%E5%90%88%E6%B3%95%E3%82%B4%E3%83%AA%E3%83%A9" dan="16,17,16,16" rate="2126.59,2181.35,2147.28,2013.61" sx="M,M,F,M"/><TAIKYOKU oya="0"/><INIT seed="0,0,0,4,4,37" ten="250,250,250,250" oya="0" hai0="82,124,52,51,126,53,34,125,117,66,123,55,59" hai1="76,92,119,6,19,88,75,61,54,105,135,56,108" hai2="58,24,25,113,112,60,3,134,39,90,114,100,111" hai3="127,70,11,38,81,106,69,21,36,87,109,13,9"/><T99/><D34/><U40/><E119/><V17/><F111/><W26/><G106/><T14/><D117/><U16/><E108/><V91/><F134/><W74/><G74/><T32/><D32/><U45/><E105/><V63/><F100/><W50/><G109/><T103/><D123/><U133/><E6/><V48/><F39/><W64/><G127/><T20/><D66/><U110/><E110/><V12/><F3/><W128/><G128/><T77/><D14/><U84/><E75/><V7/><F7/><W15/><G50/><T101/><D20/><U93/><E76/><V47/><F63/><W83/><G87/><T49/><D99/><U62/><E61/><V4/><F4/><W85/><G85/><T57/><REACH who="0" step="1"/><D55/><REACH who="0" ten="240,250,250,250" step="2"/><U68/><E68/><V23/><F114/><W129/><G21/><T71/><D71/><U35/><E35/><V86/><F113/><W89/><G64/><T30/><D30/><U29/><E29/><V97/><F112/><W27/><G129/><T130/><D130/><U95/><E133/><V22/><F97/><W118/><G118/><T80/><D80/><N who="1" m="49159" /><E135/><V102/><F24/><W44/><G69/><T28/><D28/><U122/><E122/><V131/><F131/><W10/><G70/><T5/><D5/><U98/><E98/><V121/><F121/><W1/><G1/><T33/><D33/><U31/><E31/><N who="2" m="17847" /><F102/><W72/><G9/><T73/><AGARI ba="0,1" hai="49,51,52,53,57,59,73,77,82,101,103,124,125,126" machi="73" ten="30,12000,1" yaku="1,1,0,1,9,1,18,1,54,1,53,0" doraHai="37" doraHaiUra="94" who="0" fromWho="0" sc="240,130,250,-40,250,-40,250,-40" /><INIT seed="0,1,0,5,2,30" ten="370,210,210,210" oya="0" hai0="109,36,89,125,68,93,65,28,19,126,33,21,92" hai1="127,61,16,106,1,112,72,41,117,79,120,66,18" hai2="134,84,83,131,91,119,12,7,81,118,15,113,133" hai3="6,104,40,94,32,37,86,9,22,85,95,70,34"/><T129/><D36/><U42/><E117/><N who="2" m="44555" /><F113/><W110/><G104/><T23/><D129/><U38/><E120/><V114/><F114/><W48/><G70/><T87/><D109/><U122/><E112/><V55/><F55/><W31/><G37/><T13/><D23/><U101/><E122/><V10/><F131/><W124/><G110/><T108/><D108/><U103/><E1/><N who="2" m="367" /><F83/><W130/><G130/><T100/><D68/><U54/><E127/><V135/><AGARI ba="1,0" hai="12,15,81,84,91,133,134,135" m="367,44555" machi="135" ten="40,2700,0" yaku="20,1,12,1" doraHai="30" who="2" fromWho="2" sc="370,-14,210,-8,210,30,210,-8" /><INIT seed="1,0,0,4,1,82" ten="356,202,240,202" oya="1" hai0="31,135,127,64,25,0,23,106,28,38,55,69,116" hai1="101,33,58,14,126,36,128,16,1,19,92,54,51" hai2="40,65,24,60,67,45,83,95,37,97,120,71,57" hai3="121,21,114,111,26,8,105,32,102,13,62,20,10"/><U104/><E128/><V91/><F120/><W29/><G105/><T112/><D106/><U103/><E126/><V80/><F67/><W53/><G102/><T100/><D38/><U123/><E123/><V43/><F43/><W109/><G53/><T17/><D100/><U115/><E115/><V129/><F129/><W35/><G62/><T131/><D55/><U90/><E1/><V108/><F108/><N who="3" m="41547" /><G121/><T74/><D64/><U11/><E36/><V34/><F71/><W132/><G114/><T75/><D69/><U6/><E33/><N who="3" m="12874" /><G132/><T18/><D135/><U30/><E30/><V89/><F89/><W42/><G42/><T113/><D127/><U77/><E77/><V94/><F94/><W117/><G117/><T98/><D116/><U99/><REACH who="1" step="1"/><E103/><REACH who="1" ten="356,192,240,202" step="2"/><V86/><F34/><N who="3" m="20791" /><G8/><T41/><D113/><U118/><E118/><V66/><F37/><W107/><G107/><T125/><D112/><U47/><E47/><V68/><F45/><W2/><G2/><T85/><D0/><U79/><E79/><V76/><F76/><W46/><G46/><T9/><D9/><U44/><E44/><V84/><F68/><W87/><G87/><AGARI ba="0,1" hai="6,11,14,16,19,51,54,58,87,90,92,99,101,104" machi="87" ten="30,11600,0" yaku="1,1,7,1,52,1,54,1,53,0" doraHai="82" doraHaiUra="72" who="1" fromWho="3" sc="356,0,192,126,240,0,202,-116" /><INIT seed="1,1,0,3,4,123" ten="356,318,240,86" oya="1" hai0="69,108,45,81,16,93,68,74,70,33,54,67,26" hai1="91,84,20,31,55,99,121,40,12,44,128,60,79" hai2="24,106,65,95,4,122,2,64,109,51,11,117,57" hai3="18,82,34,63,71,116,102,111,89,90,78,32,46"/><U52/><E121/><V1/><F122/><W76/><G116/><T9/><D108/><U19/><E128/><V134/><F117/><W17/><G102/><T75/><D33/><U101/><E79/><V13/><F106/><W94/><G71/><T92/><D67/><U113/><E113/><V7/><F134/><W115/><G63/><T27/><D81/><U77/><E77/><V43/><F24/><W48/><G94/><T83/><D83/><U66/><E31/><V110/><F95/><W131/><G82/><T87/><D87/><U49/><E84/><V105/><F105/><W80/><G80/><T61/><D61/><U30/><E91/><V10/><F13/><W112/><G48/><T107/><D107/><U5/><E30/><V132/><F132/><W59/><G59/><T97/><D93/><N who="1" m="58607" /><E5/><V58/><F51/><W119/><G46/><T53/><D75/><U88/><E88/><V42/><AGARI ba="1,0" hai="1,2,4,7,10,11,42,43,57,58,64,65,109,110" machi="42" ten="25,8000,1" yaku="0,1,22,2,52,2" doraHai="123" who="2" fromWho="2" sc="356,-21,318,-41,240,83,86,-21" /><INIT seed="2,0,0,0,0,97" ten="335,277,323,65" oya="2" hai0="13,102,17,82,94,47,76,88,3,12,23,84,101" hai1="58,98,49,106,125,2,107,10,74,31,19,99,90" hai2="42,26,93,65,63,33,111,72,5,130,46,117,133" hai3="18,113,34,28,71,27,104,116,38,40,129,57,119"/><V16/><F117/><W9/><G71/><T50/><D3/><U67/><E125/><V0/><F72/><W59/><G104/><T24/><D12/><U32/><E74/><V105/><F105/><W83/><G129/><T109/><D109/><U120/><E120/><V56/><F130/><W108/><G108/><T132/><D132/><U77/><E77/><V87/><F111/><W124/><G124/><T45/><D13/><U1/><E19/><V14/><F133/><W85/><G113/><T92/><D92/><U118/><E118/><V48/><F33/><W7/><G7/><T61/><BYE who="3" /><D61/><UN n3="%E5%90%88%E6%B3%95%E3%82%B4%E3%83%AA%E3%83%A9" /><U73/><E73/><V51/><F26/><W110/><G110/><T79/><D79/><U25/><E10/><V103/><F51/><W70/><G70/><T44/><D50/><U96/><E90/><V95/><F0/><W135/><G135/><T53/><D53/><U80/><E80/><V64/><F5/><W20/><G9/><T62/><D62/><U75/><E75/><V36/><F36/><W6/><G6/><T122/><D122/><U128/><E128/><V22/><F65/><W60/><G60/><T112/><D112/><U66/><E2/><V78/><REACH who="2" step="1"/><F103/><REACH who="2" ten="335,277,313,65" step="2"/><W69/><G119/><T121/><D121/><U43/><E1/><V4/><F4/><W54/><G116/><T11/><D11/><U37/><E37/><V134/><F134/><W131/><G38/><T52/><D52/><N who="1" m="32015" /><E43/><V55/><F55/><W35/><G54/><T15/><D24/><U127/><E127/><V81/><AGARI ba="0,1" hai="14,16,22,42,46,48,56,63,64,78,81,87,93,95" machi="81" ten="30,12000,1" yaku="1,1,0,1,8,1,54,1,53,1" doraHai="97" doraHaiUra="41" who="2" fromWho="2" sc="335,-40,277,-40,313,130,65,-40" /><INIT seed="2,1,0,4,5,84" ten="295,237,443,25" oya="2" hai0="27,103,112,24,64,110,69,3,54,113,75,59,33" hai1="111,77,121,23,50,31,16,63,93,62,36,86,38" hai2="34,7,60,128,80,129,78,5,106,51,95,47,82" hai3="91,72,12,21,88,105,71,127,119,42,46,109,17"/><V56/><F106/><W132/><G119/><T0/><D75/><U83/><E111/><V85/><F34/><W19/><G105/><T53/><D103/><U8/><E121/><V14/><F95/><W70/><G72/><T52/><D69/><U41/><E38/><V28/><F28/><W66/><G109/><T134/><D110/><U18/><E36/><V130/><F80/><W2/><G2/><T61/><D134/><U55/><E41/><V117/><F117/><W68/><G132/><T76/><D76/><U89/><E31/><V94/><F94/><W45/><G127/><T26/><REACH who="0" step="1"/><D33/><REACH who="0" ten="285,237,443,25" step="2"/><U44/><E8/><N who="2" m="4367" /><F78/><W81/><G66/><T116/><D116/><U11/><E11/><V120/><F120/><W90/><G81/><T98/><D98/><N who="1" m="57647" /><E18/><V29/><F82/><W35/><G35/><T25/><N who="0" m="6144" /><DORA hai="126" /><T39/><D39/><U67/><E67/><N who="2" m="39303" /><F29/><W133/><G133/><T115/><AGARI ba="1,1" hai="0,3,52,53,54,59,61,64,112,113,115" m="6144" machi="115" ten="50,8000,1" yaku="1,1,0,1,29,2,54,1,53,0" doraHai="84,126" doraHaiUra="107,4" who="0" fromWho="0" sc="285,93,237,-21,443,-41,25,-21" /><INIT seed="3,0,0,3,3,130" ten="378,216,402,4" oya="3" hai0="108,88,50,62,74,33,135,85,121,116,54,17,106" hai1="92,114,25,126,58,109,55,38,117,104,77,127,118" hai2="53,122,69,125,37,107,79,97,73,27,80,99,103" hai3="6,131,78,70,41,26,34,67,129,11,4,132,93"/><W8/><G78/><T94/><D121/><U9/><E104/><V63/><F122/><W10/><G41/><T28/><D116/><N who="1" m="44651" /><E114/><V59/><F37/><W82/><G82/><T134/><D108/><U119/><E119/><V51/><F125/><N who="1" m="47625" /><E109/><V40/><F97/><W83/><G83/><T49/><D106/><U16/><E38/><V113/><F113/><W39/><G39/><T52/><D74/><U105/><E105/><V48/><F40/><W29/><G93/><T87/><D62/><U5/><E77/><V57/><F69/><W3/><G67/><T76/><D17/><U45/><E45/><V71/><F71/><W89/><G89/><T120/><D120/><U24/><E92/><V66/><F27/><W36/><G70/><T19/><D19/><U133/><E16/><V14/><F14/><N who="3" m="5383" /><G36/><T18/><D18/><U102/><E102/><V95/><F107/><W100/><G100/><T23/><D76/><U32/><E32/><V43/><F43/><W124/><G124/><T60/><D33/><U72/><E72/><V84/><F73/><W46/><G46/><N who="0" m="27703" /><D87/><U128/><E128/><N who="3" m="49226" /><G10/><T110/><D110/><U96/><E96/><V1/><F1/><W22/><G34/><T65/><D85/><U91/><E91/><V98/><F99/><W15/><G3/><T7/><D88/><U61/><E9/><V2/><F2/><W47/><G47/><N who="0" m="27999" /><D94/><U12/><E55/><V20/><F20/><W90/><G90/><T64/><D7/><U81/><E81/><V30/><F30/><W42/><G42/><T123/><D28/><U56/><E56/><RYUUKYOKU ba="0,0" sc="378,-15,216,-15,402,15,4,15" hai2="48,51,53,57,59,63,66,79,80,84,95,98,103" hai3="6,11,15,22,26,29,132" /><INIT seed="3,1,0,4,4,133" ten="363,201,417,19" oya="3" hai0="30,108,68,83,41,50,101,110,128,34,33,28,20" hai1="46,11,72,19,4,122,77,86,52,36,2,69,74" hai2="8,114,95,16,12,84,113,98,57,97,3,87,79" hai3="35,13,39,120,24,15,111,135,129,96,73,130,43"/><W31/><G73/><T85/><D68/><U93/><E122/><V105/><F3/><W116/><G39/><T62/><D62/><U44/><E69/><V64/><F105/><W17/><G43/><T100/><D41/><U59/><E19/><V23/><F113/><W115/><G96/><T71/><D71/><U51/><E36/><V9/><F97/><W14/><G120/><T104/><D50/><U63/><E44/><V6/><F79/><W127/><G115/><T131/><D20/><U37/><E37/><V76/><F76/><W67/><G67/><T21/><D21/><U42/><E93/><V53/><F64/><W56/><G56/><T119/><D85/><N who="2" m="32842" /><F6/><W124/><G116/><T70/><D83/><U126/><E126/><N who="3" m="48170" /><G111/><N who="0" m="42539" /><D104/><U29/><E29/><N who="0" m="11369" /><D70/><U49/><E49/><N who="2" m="30895" /><F114/><W121/><G121/><T61/><D61/><U123/><E123/><V0/><F0/><W92/><G92/><T106/><D106/><U107/><E107/><V109/><F109/><W103/><G103/><AGARI ba="1,0" hai="8,9,12,16,23,95,98,103" m="30895,32842" machi="103" ten="30,2000,0" yaku="8,1,54,1" doraHai="133" who="2" fromWho="3" sc="363,0,201,0,417,23,19,-23" owari="363,16.3,201,-19.9,440,54.0,-4,-50.4" /></mjloggm>