<mjloggm ver="2.3"><GO type="225" lobby="0"/><UN n0="%45%6C%79%73%69%75%6D" n1="%E3%81%A6%E3%81%A4%EF%BC%A3" n2="%6D%75%75%6D%75%72%61" n3="%E7%B4%94%E6%BD%94%E3%83%94%E3%83%A9%E3%83%8B%E3%82%A2" dan="17,16,16,16" rate="2102.56,2092.67,2122.89,2080.81" sx="F,M,F,M"/><TAIKYOKU oya="0"/><INIT seed="0,0,0,3,3,127" ten="250,250,250,250" oya="0" hai0="66,118,47,22,92,61,84,134,121,6,49,68,105" hai1="58,126,42,133,28,26,52,8,98,113,124,119,116" hai2="78,57,10,63,106,79,120,122,115,64,19,50,82" hai3="30,97,11,123,25,31,1,70,93,5,51,74,4"/><T23/><D105/><U112/><E98/><V83/><F115/><N who="1" m="44105" /><E8/><V62/><F106/><W16/><G70/><T39/><D39/><U99/><E99/><V65/><F50/><W89/><G123/><T2/><D134/><U128/><E133/><V60/><F60/><W21/><G74/><T95/><D118/><N who="1" m="45099" /><E42/><V27/><F10/><W75/><G75/><T29/><D6/><U71/><E71/><V101/><F101/><W36/><G36/><T86/><D2/><U40/><E40/><V13/><F13/><W107/><G4/><T88/><D29/><U110/><E110/><V14/><F14/><W73/><G73/><T91/><REACH who="0" step="1"/><D121/><REACH who="0" ten="240,250,250,250" step="2"/><U81/><E124/><V103/><F120/><W125/><G125/><T35/><D35/><U0/><E126/><V3/><F122/><W41/><G107/><T87/><D87/><U54/><E0/><V59/><F3/><W96/><G96/><T94/><D94/><U18/><E18/><V100/><F19/><W135/><G135/><T20/><D20/><U76/><E28/><V32/><F32/><W38/><G38/><T12/><D12/><U72/><E26/><AGARI ba="0,1" hai="26,27,57,59,62,63,64,65,78,79,82,83,100,103" machi="26" ten="25,3200,0" yaku="22,2,8,1" doraHai="127" who="2" fromWho="1" sc="240,0,250,-32,250,42,250,0" /><INIT seed="1,0,0,1,1,129" ten="240,218,292,250" oya="1" hai0="125,60,0,49,90,11,76,120,82,13,28,50,57" hai1="16,18,24,107,123,51,67,43,109,33,69,15,40" hai2="98,110,31,25,103,71,72,105,83,52,100,21,3" hai3="55,102,92,4,79,93,2,94,17,88,132,63,19"/><U87/><E123/><V118/><F118/><W59/><G79/><T36/><D36/><U106/><E109/><V126/><F110/><W122/><G122/><T124/><D120/><U14/><E67/><V64/><F126/><N who="0" m="48746" /><D28/><U134/><E69/><V29/><F100/><W26/><G2/><T111/><D90/><U127/><E127/><V84/><F3/><W6/><G132/><T91/><D91/><U119/><E119/><V68/><F72/><W8/><G102/><T70/><D70/><U97/><E134/><V22/><F52/><W48/><G48/><T56/><D0/><U20/><E87/><V81/><F64/><W121/><G121/><T115/><D115/><U85/><E85/><V89/><F83/><W42/><G42/><T12/><D57/><U61/><E61/><V1/><F1/><W30/><G88/><T9/><D9/><U78/><E78/><V114/><F114/><W53/><G53/><N who="0" m="33807" /><D12/><U101/><E107/><V74/><F74/><W62/><G8/><T5/><D111/><U104/><E104/><V77/><F89/><W27/><G30/><T133/><D133/><U65/><E65/><V116/><F116/><W99/><G99/><T96/><D96/><U113/><E113/><V46/><F46/><W95/><N who="3" m="23552" /><DORA hai="44" /><W7/><G63/><T58/><D58/><U86/><E86/><AGARI ba="0,0" hai="5,11,13,49,50,76,82,86" m="33807,48746" machi="86" ten="30,3900,0" yaku="18,1,52,2" doraHai="129,44" who="0" fromWho="1" sc="240,39,218,-39,292,0,250,0" /><INIT seed="2,0,0,0,2,128" ten="279,179,292,250" oya="2" hai0="98,106,133,81,32,76,39,22,12,2,48,23,62" hai1="11,19,107,43,135,90,130,104,68,132,78,5,51" hai2="83,99,82,47,8,66,97,111,84,75,17,35,57" hai3="59,110,9,28,125,103,126,113,71,94,44,109,41"/><V37/><F35/><W64/><G28/><T119/><D2/><U114/><E130/><V89/><F111/><N who="3" m="42507" /><G9/><T58/><D32/><U69/><E114/><V3/><F37/><N who="3" m="21551" /><G94/><T50/><D39/><U52/><E43/><V63/><F47/><W49/><G103/><T55/><D119/><U134/><E78/><V129/><F129/><W80/><G80/><T72/><D133/><U115/><E19/><V56/><F75/><W10/><G10/><T13/><D98/><U79/><E79/><V24/><F83/><W36/><G36/><T112/><D106/><N who="1" m="40491" /><E90/><V7/><F17/><W38/><G38/><T105/><D105/><U21/><E21/><V74/><F74/><W127/><G113/><T77/><D112/><U42/><E42/><V118/><F118/><W33/><G33/><T65/><D72/><U121/><E115/><V131/><F131/><W91/><G91/><T87/><D77/><U70/><E121/><V124/><F24/><W96/><G96/><T123/><D123/><U14/><E70/><V34/><F34/><W1/><G71/><N who="0" m="42423" /><D22/><U31/><E31/><V40/><F97/><W61/><G49/><T100/><D100/><U122/><E122/><V26/><F99/><W95/><G95/><T73/><D73/><U117/><E117/><V25/><F25/><W16/><G16/><N who="0" m="10631" /><D48/><U85/><E85/><V108/><F26/><W60/><G60/><T45/><D13/><U27/><E27/><V67/><F108/><W46/><G1/><T20/><D20/><U86/><E86/><V120/><F120/><W92/><G92/><T30/><D30/><RYUUKYOKU ba="0,0" sc="279,10,179,10,292,-30,250,10" hai0="45,50,55,58,76,81,87" hai1="5,11,14,51,52,68,69,132,134,135" hai3="46,59,61,64,125,126,127" /><INIT seed="3,1,0,0,0,112" ten="289,189,262,260" oya="3" hai0="34,109,21,37,52,13,53,81,83,30,95,9,103" hai1="79,125,68,92,16,78,60,55,90,36,126,8,5" hai2="31,3,73,56,111,70,71,20,124,127,82,23,123" hai3="47,118,86,114,113,128,121,66,4,28,33,19,119"/><W102/><G66/><T120/><D37/><U18/><E36/><V115/><F115/><N who="3" m="44043" /><G86/><T76/><D34/><U61/><E68/><N who="2" m="26155" /><F31/><W44/><G102/><T39/><D39/><U133/><E133/><V85/><F73/><W110/><G121/><T0/><D0/><U12/><E126/><N who="2" m="48171" /><F123/><W69/><G69/><T91/><D103/><U54/><E125/><V29/><F29/><W26/><G47/><T24/><D109/><U14/><E5/><V49/><F3/><W96/><G96/><N who="0" m="57471" /><D120/><U97/><E61/><V100/><F100/><W117/><G44/><T67/><D67/><U50/><E60/><V134/><F134/><W57/><G57/><T38/><D38/><U59/><REACH who="1" step="1"/><E55/><REACH who="1" ten="289,179,262,260" step="2"/><N who="0" m="21065" /><D76/><U116/><E116/><V132/><F132/><W63/><G63/><T43/><D43/><U6/><E6/><AGARI ba="1,1" hai="6,9,13,21,24,30,81,83" m="21065,57471" machi="6" ten="30,2000,0" yaku="8,1,54,1" doraHai="112" who="0" fromWho="1" sc="289,33,179,-23,262,0,260,0" owari="322,42.2,156,-34.4,262,6.2,260,-14.0" /></mjloggm>