<mjloggm ver="2.3"><GO type="225" lobby="0"/><UN n0="%E6%A1%9C%E8%8A%B1%E9%96%83%E3%80%85" n1="%E3%82%A2%E3%83%BC%E3%83%A2%E3%83%AD%E3%83%BC%E3%83%B4%E3%82%A1" n2="%E3%81%8C%E3%81%9F" n3="%E3%81%A9%E3%82%8F%E3%82%93%E3%81%94" dan="16,16,17,16" rate="2071.46,2180.01,2187.84,2034.07" sx="M,M,F,M"/><TAIKYOKU oya="0"/><INIT seed="0,0,0,3,5,123" ten="250,250,250,250" oya="0" hai0="47,56,51,18,58,11,117,95,10,63,78,25,14" hai1="2,102,54,80,46,64,40,20,99,111,12,59,28" hai2="84,22,83,23,127,103,134,9,82,55,1,15,97" hai3="90,65,29,104,8,37,35,115,76,61,129,98,68"/><T119/><D78/><U27/><E2/><V32/><F32/><W67/><G115/><T100/><D25/><U43/><E111/><V135/><F127/><W41/><G90/><T89/><D100/><U53/><E80/><V50/><F1/><W113/><G113/><T94/><D10/><U74/><E74/><V13/><F23/><W132/><G67/><T118/><D63/><N who="1" m="38015" /><E12/><V62/><F22/><W19/><G76/><T116/><N who="0" m="29696" /><DORA hai="122" /><T30/><D30/><U36/><E43/><V75/><F62/><W16/><G8/><T0/><D0/><U60/><E60/><V70/><F70/><W24/><G132/><N who="2" m="50729" /><F75/><W66/><G129/><T48/><D48/><U49/><E36/><V130/><F130/><W110/><G66/><T85/><REACH who="0" step="1"/><D95/><AGARI ba="0,0" hai="20,27,28,40,46,49,53,54,95,99,102" m="38015" machi="95" ten="30,2000,0" yaku="25,1,8,1" doraHai="123,122" who="1" fromWho="0" sc="250,-20,250,20,250,0,250,0" /><INIT seed="1,0,0,0,4,21" ten="230,270,250,250" oya="1" hai0="46,81,7,26,55,6,105,91,108,35,97,114,30" hai1="90,87,3,127,78,60,118,132,34,110,109,58,99" hai2="2,5,122,1,73,40,88,25,119,69,72,128,111" hai3="14,43,92,50,33,115,93,63,79,89,17,61,13"/><U9/><E118/><V8/><F119/><W96/><G115/><T74/><D114/><U51/><E127/><V4/><F122/><W102/><G33/><T133/><D108/><N who="1" m="41579" /><E132/><V47/><F111/><W52/><G79/><T106/><D133/><U98/><E78/><V12/><F69/><W135/><G43/><T28/><D28/><U57/><E34/><V77/><F128/><W24/><G135/><T112/><D112/><U42/><E3/><V117/><F117/><W116/><G116/><T95/><D55/><N who="1" m="31999" /><E42/><V83/><F72/><W38/><G38/><T54/><D54/><N who="1" m="33879" /><E9/><V11/><F77/><W71/><G71/><T53/><D53/><U80/><AGARI ba="0,0" hai="80,87,90,98,99" m="33879,31999,41579" machi="80" ten="30,3000,0" yaku="14,1,10,1" doraHai="21" who="1" fromWho="1" sc="230,-10,270,30,250,-10,250,-10" /><INIT seed="1,1,0,4,1,10" ten="220,300,240,240" oya="1" hai0="123,97,63,73,28,7,105,117,99,66,9,68,83" hai1="59,40,118,11,114,126,60,74,92,98,19,88,54" hai2="76,62,41,21,31,89,129,110,81,25,124,20,46" hai3="0,65,103,50,14,24,131,37,12,55,125,8,48"/><U107/><E114/><V6/><F110/><W44/><G37/><T130/><D117/><U113/><E113/><V57/><F129/><W79/><G131/><T119/><D130/><U106/><E118/><V115/><F124/><W122/><G125/><T111/><D119/><U36/><E74/><V33/><F89/><W18/><G122/><T27/><D111/><U132/><E126/><V102/><F102/><W127/><G127/><T95/><D123/><U120/><E120/><V121/><F6/><W2/><G103/><T94/><D83/><U64/><E132/><V96/><F96/><W91/><G24/><T93/><D73/><U133/><E133/><V30/><F30/><W47/><G65/><T116/><D116/><U69/><E40/><V58/><F115/><W43/><G79/><T3/><REACH who="0" step="1"/><D105/><REACH who="0" ten="210,300,240,240" step="2"/><U71/><E106/><V29/><F121/><W134/><G134/><T13/><D13/><U61/><E107/><V4/><F81/><W75/><G75/><T108/><D108/><U77/><E77/><V1/><F1/><W70/><G70/><T39/><D39/><U42/><E69/><V128/><F76/><W5/><G91/><T45/><D45/><U16/><REACH who="1" step="1"/><E11/><AGARI ba="1,1" hai="0,2,5,8,11,12,14,18,43,44,47,48,50,55" machi="11" ten="30,3900,0" yaku="7,1,52,2" doraHai="10" who="3" fromWho="1" sc="210,0,300,-42,240,0,240,52" /><INIT seed="2,0,0,4,5,45" ten="210,258,240,292" oya="2" hai0="31,21,104,81,113,127,118,119,40,99,100,65,29" hai1="102,133,19,13,58,17,95,30,94,20,96,18,26" hai2="49,72,74,64,124,130,115,53,91,75,5,12,60" hai3="3,108,24,55,101,1,34,97,59,54,63,68,92"/><V135/><F115/><W125/><G108/><T15/><D113/><U112/><E133/><V122/><F122/><W71/><G125/><T36/><D127/><U98/><E112/><V67/><F124/><W84/><G71/><T93/><D65/><U87/><E87/><V27/><F135/><W107/><G68/><T7/><D81/><U105/><E105/><V85/><F130/><W69/><G69/><T131/><D131/><U4/><E4/><V89/><F27/><W6/><G6/><T23/><D104/><U110/><E110/><V78/><F78/><W44/><G84/><T22/><D40/><U47/><E47/><V39/><F39/><W51/><REACH who="3" step="1"/><G107/><REACH who="3" ten="210,258,240,282" step="2"/><T103/><D7/><U61/><E13/><V57/><F85/><W35/><G35/><T129/><D15/><U9/><E9/><V123/><F123/><W52/><G52/><T2/><D129/><U43/><E43/><V128/><F128/><W82/><G82/><T37/><D2/><U46/><E95/><V56/><REACH who="2" step="1"/><F67/><REACH who="2" ten="210,258,230,282" step="2"/><W62/><G62/><T28/><D118/><U16/><E61/><V77/><F77/><W90/><G90/><T70/><D119/><U8/><E8/><AGARI ba="0,2" hai="5,8,12,49,53,56,57,60,64,72,74,75,89,91" machi="8" ten="40,7700,0" yaku="1,1,52,1,53,1" doraHai="45" doraHaiUra="10" who="2" fromWho="1" sc="210,0,258,-77,230,97,282,0" /><INIT seed="2,1,0,2,0,49" ten="210,181,327,282" oya="2" hai0="3,41,106,121,128,13,68,93,59,129,21,15,116" hai1="5,17,48,12,88,101,91,64,114,125,10,46,67" hai2="63,32,120,54,109,105,38,97,85,74,28,29,98" hai3="76,40,1,95,45,0,81,23,72,124,42,103,2"/><V57/><F120/><W131/><G131/><N who="0" m="50251" /><D106/><U65/><E125/><V108/><F74/><W24/><G124/><T82/><D68/><U14/><E101/><V99/><F38/><W35/><G35/><T80/><D3/><U75/><E75/><V132/><F132/><W115/><G115/><T117/><D121/><U53/><REACH who="1" step="1"/><E114/><REACH who="1" ten="210,171,327,282" step="2"/><V55/><F105/><W33/><G103/><T84/><D116/><U16/><E16/><V61/><F29/><W135/><G72/><T77/><D117/><U56/><E56/><V83/><F28/><W11/><G135/><T126/><D126/><U119/><E119/><V92/><F57/><W112/><G112/><T86/><D59/><U78/><E78/><V134/><F134/><W104/><G76/><N who="0" m="46087" /><D93/><U96/><E96/><V100/><F98/><W18/><G95/><T122/><D122/><U111/><E111/><V118/><F99/><W66/><G104/><T7/><D7/><U94/><E94/><V127/><F127/><W79/><G79/><T44/><D21/><AGARI ba="1,1" hai="5,10,12,14,17,21,46,48,53,64,65,67,88,91" machi="21" ten="40,8000,1" yaku="1,1,8,1,52,1,54,1,53,0" doraHai="49" doraHaiUra="89" who="1" fromWho="0" sc="210,-83,171,93,327,0,282,0" /><INIT seed="3,0,0,3,5,25" ten="127,264,327,282" oya="3" hai0="16,54,60,4,134,37,107,122,102,92,116,114,51" hai1="64,47,9,69,126,30,103,74,84,115,33,112,18" hai2="11,68,78,98,7,113,95,130,101,83,27,55,118" hai3="100,76,10,14,104,31,24,67,29,20,111,12,75"/><W81/><G67/><T6/><D116/><U26/><E74/><V120/><F113/><W38/><G38/><T125/><D122/><U135/><E126/><V59/><F118/><W13/><G111/><T88/><D125/><U117/><E117/><V85/><F68/><W99/><REACH who="3" step="1"/><G31/><REACH who="3" ten="127,264,327,272" step="2"/><T0/><D37/><U127/><E127/><V77/><F130/><W128/><G128/><T50/><D114/><U48/><E135/><V5/><F120/><W124/><G124/><T123/><D123/><U71/><E64/><V22/><F78/><W34/><G34/><T42/><D134/><U80/><E103/><V39/><F39/><W97/><G97/><T15/><D102/><U106/><E106/><V89/><F77/><W40/><G40/><T131/><D107/><U70/><E18/><AGARI ba="0,1" hai="10,12,13,14,18,20,24,29,75,76,81,99,100,104" machi="18" ten="30,5800,0" yaku="1,1,7,1,52,1,53,0" doraHai="25" doraHaiUra="3" who="3" fromWho="1" sc="127,0,264,-58,327,0,272,68" owari="127,-37.3,206,-19.4,327,12.7,340,44.0" /></mjloggm>