<mjloggm ver="2.3"><GO type="225" lobby="0"/><UN n0="%33%74%72%65%65" n1="%E3%81%88%E3%82%89%E3%81%A6%E3%82%93" n2="%E3%81%A1%E3%82%85%E3%81%86%E3%81%A9%E3%81%8F%E8%B1%A1%E3%81%95%E3%82%93" n3="%E3%81%8F%E3%81%BE%E3%81%96%E3%82%8F" dan="17,17,17,16" rate="2223.38,2234.37,2180.77,2045.81" sx="F,M,M,M"/><TAIKYOKU oya="0"/><INIT seed="0,0,0,0,4,96" ten="250,250,250,250" oya="0" hai0="62,119,93,68,15,87,48,9,63,65,86,103,54" hai1="35,57,106,113,111,109,94,30,104,37,22,74,60" hai2="101,83,102,46,3,39,18,43,115,42,127,90,11" hai3="128,70,89,108,121,135,112,114,124,123,19,69,23"/><T88/><D119/><U91/><E74/><V120/><F120/><N who="3" m="46155" /><G108/><N who="1" m="41546" /><E37/><V5/><F115/><N who="3" m="44075" /><G124/><T25/><D63/><U34/><E22/><V53/><F127/><W28/><G135/><T40/><D40/><U122/><E122/><V81/><F42/><W49/><G128/><T1/><D1/><U64/><E113/><V107/><F107/><N who="1" m="41001" /><E30/><V58/><F18/><W52/><G89/><T16/><D25/><U80/><E80/><V105/><F105/><W84/><G84/><AGARI ba="0,0" hai="34,35,57,60,64,84,91,94" m="41001,41546" machi="84" ten="30,1000,0" yaku="14,1" doraHai="96" who="1" fromWho="3" sc="250,0,250,10,250,0,250,-10" /><INIT seed="1,0,0,3,1,69" ten="250,260,250,240" oya="1" hai0="98,135,38,34,59,110,113,14,102,82,61,124,57" hai1="33,17,96,50,80,85,24,12,11,126,47,44,107" hai2="70,46,9,21,67,97,51,45,55,49,78,118,65" hai3="2,90,56,100,18,30,105,92,42,40,35,127,122"/><U10/><E126/><V27/><F118/><W104/><G122/><T112/><D124/><U13/><E107/><V106/><F78/><W1/><G127/><T91/><D34/><U4/><E96/><V114/><F114/><W89/><G35/><T76/><D91/><U129/><E129/><V115/><F115/><W62/><G30/><T52/><D110/><U5/><E50/><V25/><F9/><W116/><G116/><T125/><D125/><U95/><E95/><V8/><F8/><W79/><G79/><T121/><D135/><U3/><E3/><V63/><F67/><W64/><G100/><T99/><D99/><U32/><E32/><V103/><REACH who="2" step="1"/><F21/><REACH who="2" ten="250,260,240,240" step="2"/><W86/><G1/><T101/><D113/><U22/><REACH who="1" step="1"/><E33/><REACH who="1" ten="250,250,240,240" step="2"/><V31/><F31/><W53/><G2/><T120/><D112/><U66/><E66/><V93/><F93/><W39/><G105/><T133/><D121/><U19/><E19/><V41/><AGARI ba="0,2" hai="25,27,41,45,46,49,51,55,63,65,70,97,103,106" machi="41" ten="20,2700,0" yaku="1,1,0,1,7,1,53,0" doraHai="69" doraHaiUra="16" who="2" fromWho="2" sc="250,-7,250,-13,240,47,240,-7" /><INIT seed="2,0,0,4,5,16" ten="243,237,287,233" oya="2" hai0="101,81,43,19,23,99,72,67,14,109,124,71,100" hai1="12,110,52,31,17,44,112,54,105,111,128,126,95" hai2="131,73,22,94,82,0,11,77,39,9,1,58,41" hai3="102,116,51,75,15,92,80,70,2,115,129,120,4"/><V84/><F131/><W121/><G116/><T62/><D109/><N who="1" m="41483" /><E112/><V113/><F113/><W57/><G70/><T65/><D124/><U27/><E128/><V20/><F58/><W93/><G129/><T18/><D67/><U5/><E105/><V107/><F107/><W85/><G115/><T96/><D43/><U36/><E126/><V125/><F125/><W122/><G75/><T35/><D35/><N who="1" m="20991" /><E5/><N who="2" m="1191" /><F1/><W45/><G2/><T60/><D60/><U123/><E123/><V33/><F33/><W37/><G102/><T61/><D61/><U106/><E106/><V119/><F11/><N who="3" m="4583" /><G57/><T26/><D101/><U25/><E25/><V133/><F133/><W90/><G37/><T76/><REACH who="0" step="1"/><D100/><REACH who="0" ten="233,237,287,233" step="2"/><U32/><E36/><V108/><F108/><W118/><G118/><T28/><D28/><U6/><E32/><V79/><F119/><W86/><G122/><T48/><D48/><U8/><E54/><V47/><F77/><N who="3" m="46223" /><G121/><T34/><D34/><U40/><E52/><V69/><F69/><W3/><G120/><T59/><D59/><U24/><E40/><V38/><F39/><W56/><G56/><T78/><D78/><U55/><E55/><V42/><F41/><N who="3" m="25007" /><G3/><T114/><D114/><U46/><E46/><V68/><F68/><W134/><G134/><T88/><D88/><AGARI ba="0,1" hai="20,22,38,42,47,73,79,82,84,88,94" m="1191" machi="88" ten="30,11600,0" yaku="25,1,52,2,54,1" doraHai="16" who="2" fromWho="0" sc="233,-116,237,0,287,126,233,0" /><INIT seed="2,1,0,3,2,2" ten="117,237,413,233" oya="2" hai0="48,38,42,121,89,62,14,118,58,20,72,8,49" hai1="131,90,98,101,91,36,113,102,82,94,65,32,112" hai2="116,75,103,104,105,64,41,40,30,133,5,51,114" hai3="69,126,16,21,100,76,10,46,27,80,45,23,17"/><V134/><F75/><W74/><G126/><T15/><D121/><U130/><E32/><V31/><F114/><N who="1" m="44137" /><E36/><V115/><F115/><W56/><G69/><T66/><D72/><U106/><E65/><V63/><F51/><W93/><G10/><T44/><D118/><U6/><E6/><V55/><F64/><W54/><G93/><T122/><D122/><U50/><E50/><V124/><F55/><W59/><G100/><N who="1" m="38506" /><E106/><V125/><F103/><W35/><G35/><T3/><D3/><U129/><E90/><V11/><F63/><W88/><G88/><T120/><D120/><U61/><E61/><V107/><F107/><W132/><G132/><T117/><D117/><U37/><E37/><V67/><F67/><W34/><G34/><T123/><D123/><U60/><E60/><V111/><F116/><W81/><G59/><T1/><D89/><U25/><E25/><V109/><F11/><W127/><G127/><T7/><REACH who="0" step="1"/><D1/><REACH who="0" ten="107,237,413,233" step="2"/><U119/><E82/><V96/><F124/><W68/><G81/><T87/><D87/><N who="1" m="52607" /><E119/><V92/><F125/><W70/><G68/><T73/><D73/><U0/><E0/><V79/><F133/><W47/><G70/><T22/><D22/><U53/><E98/><V52/><F96/><W95/><G23/><T108/><D108/><U97/><E97/><V43/><F134/><W110/><G110/><T86/><D86/><U85/><E85/><V78/><F111/><W99/><G21/><T4/><D4/><U26/><E131/><V33/><F5/><W29/><G74/><T128/><D128/><U57/><E130/><RYUUKYOKU ba="1,1" sc="107,30,237,-10,413,-10,233,-10" hai0="7,8,14,15,20,38,42,44,48,49,58,62,66" /><INIT seed="3,2,1,0,4,85" ten="137,227,403,223" oya="3" hai0="58,110,109,29,13,83,98,102,93,39,112,74,21" hai1="95,133,35,1,65,68,115,46,123,31,135,103,124" hai2="67,79,70,19,36,118,126,27,10,53,129,34,76" hai3="116,15,57,42,120,11,105,12,87,77,28,134,32"/><W99/><G116/><T91/><D112/><U97/><E115/><V71/><F36/><W63/><G120/><T90/><D39/><U60/><E123/><V94/><F118/><W38/><G134/><N who="1" m="51210" /><E124/><V56/><F10/><W108/><G32/><T37/><D37/><U130/><E130/><V6/><F34/><W73/><G73/><T80/><D58/><U88/><E1/><V89/><F67/><W48/><G28/><T18/><D29/><U72/><E72/><V92/><F6/><W106/><G108/><T119/><D119/><U81/><E46/><V43/><F53/><W20/><G99/><T122/><D122/><U4/><E4/><V24/><F19/><W8/><G20/><T75/><D75/><U54/><E54/><V59/><F43/><W66/><G105/><T128/><D128/><U101/><E81/><V7/><F7/><W26/><G106/><T45/><D45/><U69/><E69/><V55/><F55/><W49/><G26/><AGARI ba="2,1" hai="26,31,35,60,65,68,88,95,97,101,103" m="51210" machi="26" ten="30,3900,0" yaku="20,1,52,1,54,1" doraHai="85" who="1" fromWho="3" sc="137,0,227,55,403,0,223,-45" owari="137,-36.3,282,8.2,403,50.3,178,-22.2" /></mjloggm>