<mjloggm ver="2.3"><GO type="225" lobby="0"/><UN n0="%E3%81%95%E3%81%8D%E3%81%9F%E3%81%BE%E6%9E%97%E6%AA%8E" n1="%E6%81%A5%E6%99%92%E3%81%97" n2="%E3%80%93%E3%81%97%E3%83%BC%E3%82%89%E3%80%93" n3="%72%65%6E%6B%75%6E" dan="16,16,17,17" rate="2078.17,2106.58,2210.32,2262.75" sx="M,M,M,M"/><TAIKYOKU oya="0"/><INIT seed="0,0,0,5,1,3" ten="250,250,250,250" oya="0" hai0="102,71,116,113,36,50,125,61,38,4,68,49,77" hai1="99,34,92,111,73,122,85,110,25,27,65,6,32" hai2="35,67,127,121,44,66,133,14,28,47,29,7,86" hai3="115,96,42,30,78,109,100,124,13,72,98,10,84"/><T54/><D113/><U74/><E122/><V135/><F121/><W1/><G115/><T69/><D102/><U22/><E65/><N who="2" m="24587" /><F127/><W129/><G124/><T58/><D77/><U63/><E63/><V75/><F75/><W20/><G72/><N who="1" m="27754" /><E85/><V120/><F86/><W11/><G1/><T106/><D106/><U76/><E76/><V114/><F120/><W5/><G109/><N who="1" m="41482" /><E27/><N who="2" m="18847" /><F29/><W104/><G129/><T95/><D95/><U18/><E6/><V128/><F114/><W112/><G96/><T55/><D125/><U131/><E131/><V15/><F15/><W134/><G11/><T130/><D130/><U46/><E46/><V101/><F101/><AGARI ba="0,0" hai="18,22,25,32,34,92,99,101" m="41482,27754" machi="101" ten="30,1000,0" yaku="14,1" doraHai="3" who="1" fromWho="2" sc="250,0,250,10,250,-10,250,0" /><INIT seed="1,0,0,2,4,131" ten="250,260,240,250" oya="1" hai0="9,90,65,17,13,129,73,119,29,32,106,27,57" hai1="83,68,93,89,26,94,132,118,33,124,101,111,115" hai2="47,58,121,12,85,5,40,71,66,127,92,117,77" hai3="110,24,113,23,2,25,15,51,99,11,6,46,63"/><U95/><E115/><V81/><F121/><W42/><G113/><T44/><D129/><U8/><E118/><V3/><F117/><W21/><G110/><T88/><D119/><U87/><E111/><V84/><F127/><W30/><G99/><T0/><D106/><U107/><E124/><V35/><F35/><W104/><G104/><T112/><D112/><U103/><E68/><V76/><F71/><W49/><G63/><T98/><D73/><U48/><E107/><V130/><F3/><W41/><G2/><T50/><D98/><U28/><E132/><V64/><F130/><W34/><G34/><T97/><D97/><U10/><REACH who="1" step="1"/><E48/><REACH who="1" ten="250,250,240,250" step="2"/><N who="2" m="26727" /><F58/><W56/><G56/><T82/><D57/><U22/><E22/><V74/><F74/><W7/><G7/><T91/><D65/><U78/><E78/><V122/><F122/><W67/><G67/><T52/><REACH who="0" step="1"/><D0/><REACH who="0" ten="240,250,240,250" step="2"/><U70/><E70/><V86/><F66/><W37/><REACH who="3" step="1"/><G42/><REACH who="3" ten="240,250,240,240" step="2"/><T100/><D100/><AGARI ba="0,3" hai="8,10,26,28,33,83,87,89,93,94,95,100,101,103" machi="100" ten="40,2000,0" yaku="1,1,53,0" doraHai="131" doraHaiUra="105" who="1" fromWho="0" sc="240,-20,250,50,240,0,240,0" /><INIT seed="1,1,0,2,1,60" ten="220,300,240,240" oya="1" hai0="115,31,127,110,37,39,32,26,114,22,12,135,69" hai1="132,80,130,93,108,56,40,119,124,128,67,46,25" hai2="97,27,113,78,126,30,100,23,57,5,51,106,66" hai3="99,109,75,14,105,43,58,6,45,98,9,82,96"/><U3/><E119/><V62/><F126/><W11/><G109/><T104/><D104/><U48/><E3/><V20/><F113/><W112/><G112/><T90/><D90/><U117/><E117/><V121/><F78/><W28/><G28/><T76/><D76/><U54/><E124/><V87/><F87/><W73/><G105/><T47/><D127/><U72/><E108/><V2/><F121/><W92/><G92/><T81/><D81/><U63/><E132/><V107/><F51/><W19/><G58/><T89/><D110/><U133/><E133/><V16/><F5/><W88/><G82/><T44/><D135/><U79/><E25/><N who="2" m="14471" /><F2/><W52/><G88/><T91/><D69/><U50/><REACH who="1" step="1"/><E93/><AGARI ba="1,0" hai="23,27,30,57,62,66,93,97,100,106,107" m="14471" machi="93" ten="30,3900,0" yaku="25,1,52,1,54,1" doraHai="60" who="2" fromWho="1" sc="220,0,300,-42,240,42,240,0" /><INIT seed="2,0,0,3,4,59" ten="220,258,282,240" oya="2" hai0="89,19,100,124,38,61,49,116,68,7,97,85,87" hai1="47,35,15,31,73,12,132,119,78,6,67,42,135" hai2="20,23,28,13,33,129,26,40,45,114,16,90,131" hai3="130,27,4,8,98,3,123,77,104,21,62,32,128"/><V39/><F114/><W60/><G123/><T126/><D38/><U65/><E119/><V122/><F122/><W63/><G32/><T94/><D116/><U96/><E96/><V34/><REACH who="2" step="1"/><F90/><REACH who="2" ten="220,258,272,240" step="2"/><W71/><G71/><T9/><D126/><U44/><E132/><V36/><F36/><W127/><G127/><T66/><D124/><U93/><E135/><V52/><F52/><W10/><G77/><T55/><D89/><U70/><E78/><V64/><F64/><W69/><G69/><T84/><D19/><U102/><E67/><V76/><F76/><W57/><G57/><T120/><D120/><U18/><E65/><V106/><F106/><W107/><G10/><T17/><D17/><U56/><E56/><V109/><F109/><W82/><G82/><T112/><D112/><U54/><E18/><V91/><F91/><W58/><G58/><T75/><D55/><U133/><E54/><V101/><F101/><W118/><G118/><T115/><D115/><U14/><E70/><V25/><F25/><W53/><G53/><T2/><D49/><U110/><E110/><V37/><F37/><W5/><G104/><T79/><D79/><U108/><E108/><V50/><F50/><W125/><G125/><T72/><AGARI ba="0,1" hai="2,7,9,61,66,68,72,75,84,85,87,94,97,100" machi="72" ten="30,2000,0" yaku="0,1,52,1" doraHai="59" who="0" fromWho="0" sc="220,30,258,-5,272,-10,240,-5" /><INIT seed="3,0,0,1,2,37" ten="250,253,262,235" oya="3" hai0="54,122,119,80,66,5,127,109,111,3,108,48,1" hai1="9,131,93,86,115,61,34,91,35,21,14,19,17" hai2="120,79,45,40,81,117,6,68,88,112,82,116,83" hai3="124,103,110,33,16,74,42,100,78,59,2,8,113"/><W72/><G113/><T50/><D119/><U43/><E131/><V123/><F68/><W56/><G33/><T62/><D122/><N who="2" m="46634" /><F6/><N who="3" m="1111" /><G16/><T49/><D127/><U132/><E132/><V73/><F112/><W87/><G87/><T85/><D5/><U125/><E125/><V69/><F69/><W0/><G0/><N who="0" m="75" /><D62/><U11/><E115/><V121/><N who="2" m="46642" /><V99/><DORA hai="89" /><F82/><N who="3" m="45383" /><G74/><T39/><D39/><U25/><E9/><V58/><F58/><N who="3" m="22059" /><G124/><T32/><D32/><U46/><E61/><V65/><F65/><W76/><G76/><N who="0" m="46215" /><D66/><U102/><E102/><V70/><F70/><W129/><G129/><T55/><AGARI ba="0,0" hai="48,49,50,54,55,108,109,111" m="46215,75" machi="55" ten="40,1500,0" yaku="14,1" doraHai="37,89" who="0" fromWho="0" sc="250,15,253,-4,262,-4,235,-7" /><INIT seed="4,0,0,3,2,2" ten="265,249,258,228" oya="0" hai0="78,104,120,43,72,10,68,130,133,94,106,36,83" hai1="87,92,20,12,95,47,85,29,110,39,19,1,97" hai2="96,114,127,15,41,98,123,51,101,126,124,40,7" hai3="108,28,73,57,84,80,67,89,103,58,66,6,112"/><T22/><D120/><U75/><E110/><V99/><F123/><W21/><G108/><T69/><D94/><U131/><E131/><V25/><F114/><W11/><G112/><T48/><D48/><U0/><E75/><V119/><F119/><W91/><G73/><T118/><D22/><U49/><E39/><V76/><F76/><W60/><G103/><T115/><D115/><U30/><E0/><V65/><F65/><W135/><G135/><T132/><D118/><U71/><E71/><N who="0" m="27209" /><D10/><U129/><E129/><V52/><F25/><N who="3" m="16431" /><G91/><T35/><D35/><U8/><E95/><V27/><F27/><W50/><G50/><T74/><D74/><U79/><E1/><V42/><F101/><W113/><G113/><T55/><D55/><N who="1" m="30143" /><E79/><V31/><F31/><N who="1" m="11785" /><E20/><V59/><F41/><W13/><G58/><T26/><D26/><U5/><E19/><V134/><F134/><N who="0" m="51818" /><D130/><U122/><E122/><V116/><F116/><W4/><G66/><T63/><D63/><U3/><E3/><V82/><F82/><W23/><G23/><T33/><D33/><U105/><E105/><V111/><F111/><W128/><G128/><T24/><D24/><U17/><E17/><AGARI ba="0,0" hai="4,6,11,13,17,57,60,67,80,84,89" m="16431" machi="17" ten="30,3900,0" yaku="8,1,52,2" doraHai="2" who="3" fromWho="1" sc="265,0,249,-39,258,0,228,39" /><INIT seed="5,0,0,2,1,60" ten="265,210,258,267" oya="1" hai0="17,57,52,95,19,105,83,97,11,94,103,14,18" hai1="122,37,120,69,102,127,48,92,101,111,118,63,46" hai2="131,16,109,96,84,98,47,121,85,29,134,49,50" hai3="12,133,81,89,62,123,51,126,115,72,107,135,119"/><U112/><E112/><V36/><F121/><W33/><G33/><T35/><D35/><U28/><E118/><V42/><F109/><W64/><G107/><T90/><D83/><U73/><E73/><V3/><F3/><W91/><G123/><T114/><D114/><U15/><E111/><V4/><F4/><W44/><G115/><T26/><D26/><U129/><E37/><V87/><F29/><W99/><G119/><T130/><D130/><U86/><E28/><V66/><F131/><W6/><G99/><T59/><D59/><U0/><E0/><V88/><F134/><N who="3" m="51211" /><G126/><T27/><D27/><U9/><E127/><V74/><F74/><W75/><G12/><T70/><D70/><U2/><E2/><V117/><F117/><W67/><G6/><T13/><D13/><U53/><E129/><V125/><F125/><W65/><G62/><N who="0" m="36135" /><D105/><U108/><E108/><V30/><F30/><W5/><G5/><T82/><D82/><U1/><E1/><V100/><F100/><N who="1" m="38505" /><E120/><V21/><F98/><AGARI ba="0,0" hai="11,14,17,18,19,90,94,95,97,98,103" m="36135" machi="98" ten="30,2000,0" yaku="8,1,54,1" doraHai="60" who="0" fromWho="2" sc="265,20,210,0,258,-20,267,0" /><INIT seed="6,0,0,1,4,107" ten="285,210,238,267" oya="2" hai0="133,63,127,104,116,129,96,21,25,3,77,105,70" hai1="99,109,5,36,27,26,31,72,69,18,33,87,128" hai2="121,82,7,35,62,94,106,101,123,60,53,122,80" hai3="24,4,71,54,68,88,11,97,76,58,49,2,12"/><V0/><F35/><W22/><G2/><T34/><D3/><U30/><E109/><V45/><F106/><W67/><G76/><T57/><D70/><U10/><E36/><V93/><F0/><W74/><G74/><T32/><D116/><U92/><E69/><V42/><F7/><W85/><G97/><T100/><D127/><U44/><E44/><V46/><F101/><W14/><G14/><T61/><D105/><U79/><E128/><V115/><F53/><W43/><G43/><T6/><D6/><U28/><E18/><V20/><F20/><W131/><G67/><T111/><D63/><U75/><E87/><V135/><F122/><W55/><G55/><T132/><D111/><U114/><E114/><V41/><REACH who="2" step="1"/><F135/><REACH who="2" ten="285,210,228,267" step="2"/><W124/><G131/><T17/><D129/><U29/><E33/><V86/><F86/><W78/><G124/><T13/><D32/><U16/><E16/><V95/><F95/><W47/><G85/><T51/><D34/><U108/><E108/><V130/><F130/><W73/><G4/><T120/><D120/><U84/><E84/><V1/><F1/><W37/><G22/><T89/><D21/><U38/><E75/><V117/><F117/><W65/><G73/><T48/><D104/><U83/><N who="1" m="7168" /><DORA hai="15" /><U9/><E5/><V50/><F50/><W112/><G49/><T119/><D119/><U59/><E38/><V113/><AGARI ba="0,1" hai="41,42,45,46,60,62,80,82,93,94,113,115,121,123" machi="113" ten="25,9600,0" yaku="1,1,0,1,22,2,53,0" doraHai="107,15" doraHaiUra="134,126" who="2" fromWho="2" sc="285,-32,210,-32,228,106,267,-32" owari="253,5.3,178,-32.2,334,43.4,235,-16.5" /></mjloggm>