<mjloggm ver="2.3"><GO type="225" lobby="0"/><UN n0="%E6%80%AA%E3%81%97%E3%81%99%E3%81%8E%E3%82%8B%E3%83%81%E3%83%BC" n1="%E3%83%A9%E3%83%BC%E3%83%A1%E3%83%B3%E4%BA%94%E9%83%8E" n2="%E6%97%A5%E6%9B%9C%E6%97%A5%E3%82%88%E3%82%8A%E3%81%AE%E4%BD%BF%E8%80%85" n3="%72%69%6F%75%63%68%61%6E" dan="16,16,17,17" rate="2169.89,2080.16,2152.39,2230.78" sx="M,M,M,M"/><TAIKYOKU oya="0"/><INIT seed="0,0,0,1,4,115" ten="250,250,250,250" oya="0" hai0="8,71,102,45,74,10,89,93,1,19,95,42,3" hai1="67,113,4,90,64,35,130,91,0,85,34,69,109" hai2="123,99,70,15,27,17,20,58,44,112,13,21,48" hai3="108,26,52,7,51,127,72,49,92,28,98,25,40"/><T31/><D71/><U29/><E109/><V59/><F70/><W78/><G108/><T56/><D74/><U41/><E113/><V117/><F112/><W128/><G127/><T110/><D110/><U100/><E130/><V122/><F122/><W107/><G128/><T111/><D111/><U66/><E100/><V79/><F123/><W87/><G7/><T75/><D75/><U83/><E69/><V2/><F2/><W16/><G72/><T68/><D68/><U65/><N who="1" m="16384" /><DORA hai="23" /><U116/><E116/><V63/><F79/><W50/><G107/><T126/><D31/><U11/><E41/><V80/><F80/><N who="3" m="47511" /><G40/><T37/><D56/><U33/><REACH who="1" step="1"/><E91/><REACH who="1" ten="250,240,250,250" step="2"/><V38/><F117/><W62/><G28/><AGARI ba="0,1" hai="0,4,11,28,29,33,34,35,83,85,90" m="16384" machi="28" ten="60,3900,0" yaku="1,1,2,1,53,0" doraHai="115,23" doraHaiUra="104,135" who="1" fromWho="3" sc="250,0,240,49,250,0,250,-39" /><INIT seed="1,0,0,2,1,27" ten="250,289,250,211" oya="1" hai0="81,19,87,109,71,115,134,13,98,25,28,64,119" hai1="21,66,122,62,38,132,79,123,17,108,80,120,131" hai2="6,130,127,104,31,43,32,60,11,54,135,46,29" hai3="40,61,5,103,77,84,93,1,59,68,74,57,37"/><U8/><E38/><V91/><F104/><W4/><G68/><T78/><D115/><U48/><E132/><V69/><F135/><W3/><G74/><T85/><D119/><U23/><E131/><V63/><F130/><W56/><G61/><T97/><D134/><U52/><E108/><V73/><F73/><W51/><G37/><T86/><D109/><U96/><E96/><N who="0" m="36969" /><D64/><U16/><E8/><V22/><F32/><W101/><G1/><T129/><D71/><U18/><E62/><V89/><F127/><W41/><G3/><T107/><D107/><U44/><REACH who="1" step="1"/><E66/><REACH who="1" ten="250,279,250,211" step="2"/><V72/><F63/><W24/><G51/><T82/><D129/><U105/><E105/><V110/><F110/><W114/><G114/><T95/><D81/><U12/><E12/><V106/><F106/><W50/><G50/><T116/><D116/><U39/><E39/><V49/><F69/><W70/><G70/><T65/><D65/><U67/><E67/><V88/><F60/><W76/><G93/><T7/><D95/><U102/><E102/><V124/><F124/><W9/><G9/><N who="0" m="6575" /><D7/><N who="3" m="2633" /><G103/><T2/><D2/><U75/><AGARI ba="0,1" hai="16,17,18,21,23,44,48,52,75,79,80,120,122,123" machi="75" ten="40,12000,1" yaku="1,1,0,1,54,2,53,0" doraHai="27" doraHaiUra="111" who="1" fromWho="1" sc="250,-40,279,130,250,-40,211,-40" /><INIT seed="1,1,0,2,3,73" ten="210,409,210,171" oya="1" hai0="85,80,83,67,53,62,15,9,44,134,130,112,41" hai1="28,89,104,72,106,59,101,105,48,19,102,81,27" hai2="49,25,88,26,74,45,95,38,64,58,91,66,37" hai3="22,110,87,29,119,46,127,32,94,103,132,69,125"/><U116/><E116/><V78/><F38/><W117/><G69/><T82/><D112/><U33/><E19/><V107/><F37/><W61/><G32/><T56/><D134/><U13/><E13/><V36/><F36/><W55/><G132/><T115/><D130/><U24/><E24/><V70/><F70/><W84/><G110/><T1/><D1/><U99/><E102/><V4/><F107/><W126/><G29/><T121/><D121/><U118/><E118/><N who="3" m="45066" /><G22/><T31/><D31/><U113/><E113/><V3/><F3/><W20/><G20/><T111/><D111/><U6/><E6/><V8/><F74/><W23/><G23/><T0/><D0/><U75/><E75/><V93/><F78/><W42/><G55/><T60/><D115/><U17/><E17/><V40/><F8/><W79/><G61/><T77/><D62/><U30/><E33/><V35/><F4/><W7/><G7/><N who="0" m="3519" /><D53/><U11/><E30/><V76/><F35/><W131/><G131/><T97/><D97/><U120/><E99/><V54/><F25/><W71/><G71/><T133/><D133/><U114/><E27/><V124/><F26/><W86/><G79/><T129/><D129/><U47/><E28/><V135/><F135/><W57/><G57/><T43/><D43/><U65/><E59/><V98/><F76/><W14/><G14/><T50/><AGARI ba="1,0" hai="41,44,50,56,60,67,77,80,82,83,85" m="3519" machi="50" ten="30,4000,0" yaku="25,1,8,1,52,1" doraHai="73" who="0" fromWho="0" sc="210,43,409,-21,210,-11,171,-11" /><INIT seed="2,0,0,3,3,75" ten="253,388,199,160" oya="2" hai0="40,81,123,28,72,112,29,43,115,130,126,101,135" hai1="114,73,71,89,128,96,45,70,80,106,26,15,17" hai2="121,87,39,47,33,131,77,134,116,31,5,48,79" hai3="111,93,23,69,82,108,88,21,124,35,92,83,44"/><V32/><F116/><W10/><G35/><T63/><D123/><U52/><E114/><V100/><F39/><W56/><G69/><T27/><D130/><U98/><E26/><V129/><F121/><W103/><G124/><T3/><D3/><U50/><E128/><N who="2" m="49227" /><F134/><W22/><G10/><T102/><D135/><U122/><E122/><V94/><F31/><W1/><G1/><T12/><D12/><U30/><E30/><V61/><F61/><W11/><G11/><T127/><D63/><U113/><E113/><V25/><F5/><W6/><G6/><T59/><D81/><N who="3" m="30729" /><G56/><T64/><D59/><U66/><E73/><V60/><F60/><W74/><G74/><T8/><D72/><U76/><E70/><V84/><F25/><W13/><G44/><T54/><D27/><U37/><E71/><V38/><F38/><W107/><G13/><T2/><D2/><U7/><E37/><V16/><F16/><W110/><G88/><T68/><D68/><U18/><E7/><V62/><F62/><W19/><G19/><T65/><D8/><U99/><E18/><V90/><F100/><W34/><G34/><N who="2" m="13417" /><F87/><W95/><G107/><T133/><D133/><U46/><E17/><V119/><F119/><W51/><G51/><T58/><D58/><U117/><E117/><V49/><F49/><W0/><G0/><T9/><D9/><U104/><E50/><V91/><F91/><W86/><G86/><T109/><D109/><U132/><E132/><V53/><AGARI ba="0,0" hai="47,48,53,77,79,84,90,94" m="13417,49227" machi="53" ten="30,6000,0" yaku="19,1,52,2" doraHai="75" who="2" fromWho="2" sc="253,-20,388,-20,199,60,160,-20" /><INIT seed="2,1,0,3,5,26" ten="233,368,259,140" oya="2" hai0="54,7,111,11,48,112,39,134,46,59,124,16,64" hai1="58,119,87,36,81,41,44,84,60,95,42,76,94" hai2="110,65,106,130,80,10,2,1,83,74,53,90,126" hai3="127,4,47,125,100,20,107,86,96,56,104,122,50"/><V37/><F106/><W101/><G122/><T114/><D111/><U40/><E119/><V120/><F37/><W85/><G4/><T98/><D124/><N who="3" m="47689" /><G56/><T93/><D134/><U91/><REACH who="1" step="1"/><E94/><REACH who="1" ten="233,358,259,140" step="2"/><V22/><F126/><W32/><G104/><T21/><D93/><U128/><E128/><V6/><F130/><W68/><G100/><T29/><D112/><U103/><E103/><V89/><F120/><W135/><G135/><T121/><D114/><U15/><E15/><V9/><F110/><W92/><G107/><T105/><D105/><U109/><E109/><V13/><F13/><W30/><G32/><T82/><D121/><U18/><E18/><V28/><F1/><W5/><G5/><T75/><D16/><U43/><E43/><V78/><F2/><W62/><G68/><T131/><D7/><U102/><E102/><V88/><F6/><W35/><G35/><T97/><D131/><U24/><E24/><V45/><F9/><W79/><G79/><T14/><D11/><U72/><E72/><V73/><F10/><W70/><G70/><T0/><D0/><U27/><E27/><N who="2" m="16503" /><F74/><W23/><G23/><T3/><D14/><U108/><E108/><V117/><F117/><W69/><G20/><T66/><D3/><U52/><AGARI ba="1,1" hai="36,40,41,42,44,52,58,60,76,81,84,87,91,95" machi="52" ten="20,5200,0" yaku="1,1,0,1,7,1,54,1,53,0" doraHai="26" doraHaiUra="115" who="1" fromWho="1" sc="233,-14,358,65,259,-27,140,-14" /><INIT seed="3,0,0,5,0,65" ten="219,423,232,126" oya="3" hai0="71,109,121,119,10,100,99,73,101,4,60,104,106" hai1="82,37,62,29,53,5,76,43,74,36,54,102,31" hai2="89,2,16,51,30,47,124,83,41,132,23,133,93" hai3="50,78,20,45,111,38,96,125,117,118,44,40,110"/><W80/><G96/><N who="0" m="61447" /><D109/><N who="3" m="41481" /><G20/><T13/><D13/><U129/><E129/><V131/><F2/><W134/><G125/><T32/><D119/><N who="3" m="45577" /><G80/><T95/><D121/><U130/><E130/><V0/><F131/><W75/><G75/><T39/><D95/><U24/><E5/><V103/><F124/><W33/><G33/><T127/><D39/><U97/><E37/><V68/><F83/><W58/><G78/><T92/><D92/><U17/><E74/><V135/><F30/><W22/><G22/><T69/><D127/><U113/><E29/><V114/><F114/><W21/><G21/><T70/><D73/><U86/><E31/><V67/><F103/><W9/><G9/><T64/><D32/><U81/><E113/><V122/><F122/><W63/><G134/><T6/><D6/><U55/><E82/><V15/><F0/><W72/><G72/><T8/><D8/><U120/><E120/><V27/><F27/><W116/><N who="3" m="45585" /><W59/><DORA hai="126" /><G63/><T56/><D10/><U18/><E76/><V105/><F105/><W123/><G123/><T7/><D4/><U26/><E81/><V14/><F23/><W115/><G115/><T108/><D7/><U34/><E97/><N who="2" m="57519" /><F16/><W94/><G94/><T1/><D108/><U84/><E17/><V35/><F35/><W128/><G128/><T52/><D1/><U66/><E18/><V112/><F112/><W11/><G11/><T98/><D98/><U61/><E34/><V42/><F14/><W12/><G12/><T90/><D90/><U3/><E61/><N who="2" m="40047" /><F15/><W28/><G28/><T107/><D107/><RYUUKYOKU ba="0,0" sc="219,10,423,-30,232,10,126,10" hai0="52,56,60,64,69,70,71,99,101,106" hai2="41,42,47,51,132,133,135" hai3="38,40,44,45,50,58,59" /><INIT seed="3,1,0,3,4,110" ten="229,393,242,136" oya="3" hai0="116,101,127,40,14,59,35,113,4,74,64,65,108" hai1="22,128,105,79,68,41,132,119,26,24,21,88,7" hai2="89,71,94,76,120,93,47,30,70,90,84,114,33" hai3="100,49,57,45,50,38,97,118,5,18,58,20,16"/><W52/><G118/><T32/><D116/><U117/><E128/><V27/><F114/><W85/><G5/><T28/><D74/><U111/><E68/><V19/><F120/><W11/><G85/><T107/><D108/><U109/><E105/><V133/><F133/><W129/><G129/><T6/><D127/><U60/><E109/><V87/><F76/><W80/><G80/><T78/><D78/><U130/><E111/><V10/><F47/><W83/><G83/><T3/><D40/><U69/><E79/><V126/><F126/><W51/><G38/><T2/><D59/><N who="3" m="22537" /><G11/><T0/><D113/><U54/><E130/><V106/><F106/><W81/><G81/><T73/><D73/><U63/><E132/><V124/><F124/><W55/><G45/><T115/><D115/><U75/><E75/><V123/><F123/><W67/><G67/><T15/><D3/><U46/><E7/><V122/><F122/><W99/><G18/><T121/><D107/><U112/><E46/><V1/><F19/><W44/><G44/><T72/><D121/><U23/><E69/><V12/><F1/><W48/><N who="3" m="12288" /><DORA hai="95" /><W34/><G34/><T56/><D72/><U53/><E117/><V61/><F71/><W29/><G29/><T98/><D56/><U103/><E119/><V92/><F70/><W17/><G17/><T135/><D28/><U37/><E112/><V86/><F61/><W134/><G134/><T82/><D135/><U9/><E60/><V36/><F36/><W96/><G100/><T42/><D101/><U131/><E103/><V102/><F102/><RYUUKYOKU ba="1,0" sc="229,-15,393,-15,242,15,136,15" hai2="10,12,27,30,33,84,86,87,89,90,92,93,94" hai3="16,20,52,55,96,97,99" /><INIT seed="3,2,0,5,5,51" ten="214,378,257,151" oya="3" hai0="94,61,91,93,89,42,103,35,107,74,120,127,9" hai1="96,119,118,92,106,3,34,110,29,132,12,62,129" hai2="49,105,13,122,31,108,16,104,45,98,36,72,21" hai3="67,50,0,70,56,77,19,33,97,69,123,43,82"/><W47/><G123/><T15/><D120/><U80/><E110/><V90/><F72/><W23/><G33/><T65/><D74/><U7/><E129/><V54/><F122/><W63/><G0/><T102/><D35/><U76/><E132/><V124/><F108/><W101/><G82/><T58/><D107/><U59/><E106/><V26/><F124/><W128/><G128/><T4/><D42/><U134/><E3/><V39/><F105/><W55/><G77/><T52/><D65/><N who="1" m="39135" /><E134/><V41/><F104/><W2/><G2/><T22/><D22/><U27/><E12/><V81/><F41/><W109/><G109/><T121/><D127/><U125/><E7/><V116/><F116/><N who="1" m="44585" /><E125/><V60/><F60/><W6/><G6/><T24/><D24/><U113/><E113/><V57/><F57/><W126/><G126/><T40/><D40/><U133/><E133/><V84/><REACH who="2" step="1"/><F98/><REACH who="2" ten="214,378,247,151" step="2"/><W17/><G69/><T73/><D73/><U68/><E68/><V130/><F130/><W53/><G23/><AGARI ba="2,1" hai="13,16,21,23,26,31,36,39,45,49,54,81,84,90" machi="23" ten="30,7700,0" yaku="1,1,7,1,52,1,54,1,53,0" doraHai="51" doraHaiUra="112" who="2" fromWho="3" sc="214,0,378,0,247,93,151,-83" owari="214,-18.6,378,47.8,340,14.0,68,-43.2" /></mjloggm>