<mjloggm ver="2.3"><GO type="225" lobby="0"/><UN n0="%E9%8A%80%E3%81%B0%E3%81%95%E3%81%BF" n1="%E3%81%9F%E3%81%93%E2%98%86%E7%84%BC%E3%81%8D" n2="%33%74%72%65%65" n3="%6D%75%75%6D%75%72%61" dan="17,16,17,16" rate="2235.35,2075.42,2252.06,2141.11" sx="M,M,F,F"/><TAIKYOKU oya="0"/><INIT seed="0,0,0,3,5,18" ten="250,250,250,250" oya="0" hai0="35,14,40,19,109,66,26,50,125,6,15,54,8" hai1="17,121,57,2,118,96,104,12,58,63,83,60,25" hai2="28,3,59,73,84,122,33,69,43,106,10,115,48" hai3="107,130,129,38,51,45,7,5,39,62,98,1,110"/><T21/><D125/><U97/><E2/><V120/><F73/><W93/><G107/><T49/><D109/><U0/><E0/><V46/><F69/><W81/><G110/><T65/><D35/><U91/><E104/><V36/><F115/><W82/><G62/><T44/><REACH who="0" step="1"/><D15/><REACH who="0" ten="240,250,250,250" step="2"/><U61/><E12/><V100/><F33/><W77/><G1/><T114/><D114/><U116/><E118/><V24/><F3/><W112/><G112/><T108/><D108/><U64/><E116/><V68/><F120/><W131/><G131/><T133/><D133/><U86/><E121/><V124/><F124/><W117/><G130/><T71/><D71/><U31/><E64/><V4/><F68/><W92/><G117/><T74/><D74/><U27/><E58/><AGARI ba="0,1" hai="6,8,14,19,21,26,40,44,49,50,54,58,65,66" machi="58" ten="30,11600,0" yaku="1,1,7,1,8,1,52,1,53,0" doraHai="18" doraHaiUra="99" who="0" fromWho="1" sc="240,126,250,-116,250,0,250,0" /><INIT seed="0,1,0,4,5,78" ten="366,134,250,250" oya="0" hai0="69,113,82,133,132,26,107,103,33,40,12,16,28" hai1="74,11,7,59,123,41,4,61,8,129,86,101,134" hai2="2,46,126,95,80,3,47,49,96,79,14,112,84" hai3="76,43,135,51,36,32,93,68,52,63,110,23,17"/><T64/><D113/><U1/><E123/><V118/><F112/><W24/><G110/><T19/><D40/><U44/><E74/><V99/><F126/><W27/><G135/><N who="0" m="51787" /><D12/><U25/><E129/><V89/><F118/><W57/><G76/><T106/><D106/><U120/><E134/><V9/><F99/><W48/><G36/><T55/><D55/><U115/><E101/><V105/><F105/><W0/><G0/><T87/><D103/><U6/><E120/><V128/><F128/><W53/><G93/><T75/><D75/><U116/><E116/><V104/><F104/><W70/><G43/><T58/><D69/><U21/><E86/><V34/><F34/><W39/><G39/><T85/><D85/><U111/><E111/><V109/><F109/><W22/><G32/><T121/><D107/><U81/><E115/><V54/><REACH who="2" step="1"/><F47/><REACH who="2" ten="366,134,240,250" step="2"/><W73/><G73/><T114/><D114/><U65/><E44/><V108/><F108/><W119/><G119/><T124/><D124/><U92/><E1/><V37/><F37/><W13/><G68/><T29/><D121/><U97/><E97/><V100/><F100/><W56/><REACH who="3" step="1"/><G23/><REACH who="3" ten="366,134,240,240" step="2"/><T131/><D131/><U125/><E21/><V20/><F20/><W60/><G60/><N who="0" m="37911" /><D29/><U30/><E30/><V102/><F102/><W72/><G72/><T90/><AGARI ba="1,2" hai="16,19,26,28,33,82,87,90" m="37911,51787" machi="90" ten="30,6000,0" yaku="20,1,52,1,54,1" doraHai="78" who="0" fromWho="0" sc="366,83,134,-21,240,-21,240,-21" /><INIT seed="0,2,0,4,1,88" ten="449,113,219,219" oya="0" hai0="62,78,126,58,86,2,94,1,22,110,89,106,51" hai1="65,41,35,117,34,118,3,87,55,123,95,28,40" hai2="52,71,68,5,72,20,63,101,53,64,77,12,38" hai3="116,42,39,24,124,130,21,74,104,6,0,114,13"/><T14/><D106/><U76/><E65/><V127/><F127/><W98/><G114/><T43/><D126/><U120/><E3/><V93/><F71/><W105/><G124/><T119/><D119/><U82/><E55/><V125/><F38/><W30/><G74/><T92/><D110/><U36/><E118/><V111/><F125/><W97/><G116/><T46/><D78/><U75/><E117/><V80/><F111/><W115/><G115/><T45/><D45/><U7/><E7/><V107/><F107/><W131/><G0/><T67/><D94/><U8/><E8/><V11/><REACH who="2" step="1"/><F20/><REACH who="2" ten="449,113,209,219" step="2"/><W31/><G105/><T54/><D22/><U4/><E35/><V27/><F27/><W134/><G104/><T109/><D109/><U15/><E36/><V48/><F48/><W84/><G24/><T59/><D14/><U66/><E34/><V33/><F33/><W83/><G13/><T50/><AGARI ba="2,1" hai="1,2,43,46,50,51,54,58,59,62,67,86,89,92" machi="50" ten="20,3900,0" yaku="0,1,7,1,52,1" doraHai="88" who="0" fromWho="0" sc="449,55,113,-15,209,-15,219,-15" /><INIT seed="0,3,0,5,4,133" ten="504,98,194,204" oya="0" hai0="57,119,31,5,114,65,59,25,30,130,58,67,126" hai1="13,106,115,87,42,56,15,98,2,131,7,6,78" hai2="111,85,92,28,40,16,116,108,135,97,20,79,112" hai3="70,86,17,134,107,38,76,72,60,1,18,22,44"/><T21/><D119/><U120/><E120/><V61/><F112/><W8/><G107/><T64/><D114/><U12/><E115/><V11/><F135/><W24/><G134/><T99/><D130/><U48/><E131/><V34/><F116/><W49/><G72/><T14/><D99/><U55/><E2/><V52/><F40/><W37/><G76/><T89/><D89/><U109/><E109/><N who="2" m="42059" /><F11/><W68/><G86/><T9/><D126/><U91/><E78/><V100/><F28/><AGARI ba="3,0" hai="5,9,14,21,25,28,30,31,57,58,59,64,65,67" machi="28" ten="40,2000,0" yaku="8,1" doraHai="133" who="0" fromWho="2" sc="504,29,98,0,194,-29,204,0" /><INIT seed="0,4,0,1,0,132" ten="533,98,165,204" oya="0" hai0="106,38,50,49,12,14,25,103,115,73,67,7,96" hai1="0,105,2,125,84,126,10,36,69,80,127,95,123" hai2="129,90,23,8,46,113,93,45,120,87,61,44,9" hai3="91,86,58,77,118,71,40,39,63,41,24,35,13"/><T82/><D115/><U66/><E36/><V70/><F120/><W98/><G71/><T75/><D38/><U117/><E123/><V108/><F113/><W85/><G118/><T83/><D67/><U37/><E37/><V78/><F129/><W18/><G98/><T55/><D25/><U130/><E130/><V72/><F108/><W62/><G62/><T107/><D7/><U88/><E105/><V128/><F128/><W33/><G33/><T31/><D96/><N who="1" m="57447" /><E117/><V64/><REACH who="2" step="1"/><F23/><REACH who="2" ten="533,98,155,204" step="2"/><W111/><G111/><T34/><D34/><U122/><E122/><V17/><F17/><W19/><G35/><T15/><D31/><U133/><E133/><V16/><F16/><W54/><G19/><T81/><D103/><U1/><E10/><V104/><F104/><W51/><G18/><T48/><D106/><U43/><E43/><V6/><F6/><W5/><G40/><T135/><D107/><U102/><E102/><V20/><F20/><W3/><G41/><T27/><D135/><U53/><E53/><V99/><F99/><W114/><G114/><T121/><D121/><U29/><E29/><V92/><F92/><W26/><G5/><T119/><D119/><U134/><E134/><V57/><F57/><W89/><G58/><T76/><D55/><U68/><E66/><V47/><N who="2" m="11264" /><DORA hai="11" /><V56/><F56/><W110/><G54/><T59/><D59/><U94/><E94/><V131/><F131/><W42/><G110/><T100/><D100/><U109/><E109/><V30/><F30/><W116/><G39/><T22/><D22/><U28/><E28/><RYUUKYOKU ba="4,1" sc="533,-15,98,15,155,15,204,-15" hai1="0,1,2,68,69,80,84,125,126,127" hai2="8,9,61,64,70,72,78,87,90,93" /><INIT seed="1,5,1,0,3,20" ten="518,113,170,189" oya="1" hai0="85,34,69,8,33,50,4,120,6,91,74,55,2" hai1="17,99,129,76,107,116,3,79,71,110,132,108,87" hai2="39,77,78,54,135,94,61,42,19,109,67,7,119" hai3="128,35,75,9,16,127,90,51,30,28,83,38,96"/><U112/><E71/><V26/><F119/><W48/><G38/><T130/><D74/><U29/><E3/><V52/><F109/><N who="1" m="42089" /><E116/><V106/><F106/><W40/><G35/><T88/><D69/><U68/><E68/><V102/><F7/><W31/><G128/><T14/><D130/><U95/><E129/><V13/><F42/><W101/><G127/><T72/><D72/><U65/><E65/><V134/><F39/><W56/><G40/><T66/><D120/><U36/><E29/><V41/><F41/><W57/><G75/><T123/><D123/><U92/><E17/><V12/><F67/><W49/><G90/><T118/><D118/><U5/><E5/><V115/><F115/><W47/><G83/><T11/><D66/><U64/><E64/><V98/><F135/><W89/><G89/><T0/><D0/><U114/><E132/><V121/><F134/><W70/><G47/><T73/><D73/><U1/><E1/><V93/><F93/><N who="1" m="35913" /><E36/><V124/><F121/><W58/><G70/><T126/><D2/><U122/><E122/><V45/><F19/><W111/><G111/><T59/><D4/><U81/><E76/><V43/><F77/><W84/><G30/><T10/><D6/><U131/><E131/><V117/><F78/><W86/><G31/><T23/><D34/><U113/><E113/><V27/><F117/><W103/><G28/><T100/><D33/><U15/><E15/><V97/><F12/><N who="3" m="7183" /><G96/><T133/><D133/><U24/><E24/><N who="2" m="9259" /><F98/><W104/><G104/><T21/><D14/><U22/><E22/><V46/><F13/><RYUUKYOKU ba="5,1" sc="518,-15,113,15,170,-15,189,15" hai1="79,81,87,99,107,112,114" hai3="48,49,51,56,57,58,84,86,101,103" /><INIT seed="1,6,1,1,5,37" ten="503,128,155,204" oya="1" hai0="118,113,81,90,78,51,52,116,33,61,95,6,79" hai1="40,16,127,68,76,24,4,55,17,60,124,133,22" hai2="5,98,57,3,46,102,7,9,28,65,8,19,56" hai3="10,1,18,25,84,130,74,49,34,119,13,0,70"/><U67/><E76/><V54/><F28/><W120/><G74/><T2/><D113/><U100/><E100/><V80/><F80/><W12/><G70/><T110/><D33/><U104/><E104/><V53/><F65/><W75/><G75/><T97/><D110/><U94/><E94/><V117/><F117/><W106/><G120/><T128/><D128/><U73/><E73/><V32/><F32/><W30/><G130/><T107/><D107/><U47/><E4/><V88/><F19/><N who="3" m="8599" /><G49/><T96/><D61/><U44/><E17/><V59/><F46/><W26/><G84/><T71/><D71/><U125/><E133/><V131/><F131/><W108/><G106/><T23/><D97/><U83/><E83/><V35/><F35/><N who="3" m="20943" /><G108/><T11/><D23/><U45/><REACH who="1" step="1"/><E55/><REACH who="1" ten="503,118,155,204" step="2"/><V36/><F102/><W58/><G119/><T29/><D79/><U41/><AGARI ba="6,2" hai="16,22,24,40,41,44,45,47,60,67,68,124,125,127" machi="41" ten="40,18000,2" yaku="1,1,2,1,0,1,18,1,52,2,54,1,53,0" doraHai="37" doraHaiUra="122" who="1" fromWho="1" sc="503,-66,118,218,155,-66,204,-66" /><INIT seed="1,7,0,0,1,32" ten="437,336,89,138" oya="1" hai0="122,70,83,119,66,47,130,55,96,89,50,68,59" hai1="117,121,71,76,120,33,104,24,127,48,79,58,110" hai2="67,4,0,116,40,19,28,75,107,31,15,49,60" hai3="133,129,34,61,81,101,109,51,132,97,41,42,35"/><U10/><E117/><V72/><F116/><W43/><G109/><T6/><D119/><U64/><E104/><V57/><F107/><W44/><G129/><T91/><D122/><U39/><E39/><V36/><F36/><W2/><G2/><T134/><D130/><U16/><E127/><V23/><F72/><W102/><G81/><T112/><D112/><U14/><E110/><V103/><F103/><N who="3" m="39435" /><G97/><T22/><D134/><N who="3" m="51817" /><G61/><T118/><D118/><U135/><E71/><V124/><F75/><W88/><G88/><T92/><D6/><U18/><E135/><V131/><F131/><W125/><G125/><T3/><D3/><U5/><E121/><V63/><F63/><W45/><G42/><T62/><D22/><U46/><E120/><V30/><F124/><W9/><G9/><T86/><AGARI ba="7,0" hai="47,50,55,59,62,66,68,70,83,86,89,91,92,96" machi="86" ten="30,1100,0" yaku="0,1" doraHai="32" who="0" fromWho="0" sc="437,32,336,-12,89,-10,138,-10" /><INIT seed="2,0,0,1,2,131" ten="469,324,79,128" oya="2" hai0="101,79,2,23,32,120,48,64,30,123,129,116,96" hai1="133,82,87,22,27,37,28,90,34,63,1,89,75" hai2="124,29,68,76,56,114,43,24,5,121,3,119,15" hai3="45,107,83,13,50,11,95,8,0,36,21,94,84"/><V74/><F114/><W100/><G36/><T126/><D32/><U14/><E75/><V102/><F68/><W20/><G107/><T98/><D2/><U10/><E37/><V4/><F119/><W49/><G0/><T72/><D129/><U134/><E63/><V113/><F113/><W51/><G45/><T69/><D116/><U130/><E130/><V122/><F124/><W55/><G55/><T128/><D128/><U104/><E104/><V31/><F43/><W71/><G71/><T16/><D30/><U127/><E127/><V60/><F102/><W47/><G47/><T6/><D6/><U17/><E90/><V33/><F31/><W132/><G132/><N who="1" m="50794" /><E1/><V57/><F3/><W53/><G53/><T38/><D38/><U25/><E25/><V80/><F122/><W65/><G65/><T46/><D72/><U88/><E89/><V105/><F121/><W91/><G100/><T110/><D126/><U86/><E87/><V97/><F60/><W35/><G95/><T61/><D123/><U115/><E115/><V42/><F105/><W99/><G94/><T58/><D61/><U18/><E17/><V135/><F135/><W81/><G84/><T12/><D16/><U59/><E59/><V78/><F57/><W70/><G91/><T40/><D58/><U93/><E93/><V52/><F56/><W73/><G73/><T54/><D120/><U7/><E7/><V66/><F74/><W111/><G70/><T67/><D69/><U109/><E109/><V112/><F112/><W108/><G111/><T39/><D110/><U41/><E41/><RYUUKYOKU ba="0,0" sc="469,-10,324,30,79,-10,128,-10" hai1="10,14,18,22,27,28,34,82,86,88" /><INIT seed="3,1,0,0,0,6" ten="459,354,69,118" oya="3" hai0="89,18,8,71,19,106,84,125,42,24,45,27,124" hai1="113,121,46,62,133,103,41,59,104,108,51,58,48" hai2="60,36,21,100,23,40,94,127,52,15,86,122,68" hai3="90,93,17,105,54,0,115,13,119,57,107,11,72"/><W128/><G115/><T53/><D106/><U135/><E103/><V97/><F127/><N who="0" m="48714" /><D53/><N who="1" m="32039" /><E104/><V73/><F73/><W87/><G128/><T12/><D71/><U120/><E113/><V9/><F122/><W35/><G119/><T4/><D18/><U111/><E59/><V70/><F70/><W56/><G35/><T10/><D84/><U123/><E62/><V126/><F126/><W67/><G0/><N who="0" m="7" /><D89/><U116/><E116/><V82/><F36/><AGARI ba="1,0" hai="10,12,19,24,27,36,42,45" m="7,48714" machi="36" ten="30,3900,0" yaku="18,1,52,2" doraHai="6" who="0" fromWho="2" sc="459,42,354,0,69,-42,118,0" owari="501,60.1,354,15.4,27,-47.3,118,-28.2" /></mjloggm>