<mjloggm ver="2.3"><GO type="225" lobby="0"/><UN n0="%E9%89%A2%E5%B7%BB%E3%82%AC%E3%83%96" n1="%E3%82%A2%E3%83%BC%E3%83%A2%E3%83%AD%E3%83%BC%E3%83%B4%E3%82%A1" n2="%E8%A8%88%E7%AE%97%E6%A9%9F%E8%87%AA%E7%84%B6" n3="%E6%80%AA%E3%81%97%E3%81%99%E3%81%8E%E3%82%8B%E3%83%81%E3%83%BC" dan="16,16,17,16" rate="2091.53,2152.11,2228.33,2112.86" sx="M,M,M,M"/><TAIKYOKU oya="0"/><INIT seed="0,0,0,3,5,51" ten="250,250,250,250" oya="0" hai0="1,61,6,82,40,131,129,22,87,83,72,69,47" hai1="2,32,94,18,12,33,109,26,50,20,123,91,125" hai2="17,89,102,121,107,9,15,13,35,124,81,104,135" hai3="25,95,31,3,11,88,5,110,37,117,108,43,54"/><T49/><D1/><U24/><E123/><V44/><F121/><W28/><G117/><T106/><D106/><U68/><E109/><N who="3" m="42090" /><G37/><T48/><D6/><U99/><E125/><V0/><F35/><W100/><G43/><T46/><D72/><U128/><E128/><N who="0" m="49225" /><D22/><U60/><E2/><V8/><F0/><W116/><G100/><T132/><D132/><U105/><E105/><V66/><F124/><W45/><G116/><T134/><D134/><U42/><E33/><V58/><F135/><W29/><G45/><T34/><D34/><U79/><E79/><V21/><F44/><W65/><G65/><N who="0" m="41135" /><D87/><U111/><E32/><V119/><F119/><W10/><G10/><T97/><D97/><U59/><E68/><V63/><F102/><W118/><G118/><T14/><D14/><U114/><E111/><V127/><F127/><W126/><G126/><T41/><AGARI ba="0,0" hai="40,41,46,47,48,49,82,83" m="41135,49225" machi="41" ten="30,1500,0" yaku="19,1" doraHai="51" who="0" fromWho="0" sc="250,15,250,-5,250,-5,250,-5" /><INIT seed="0,1,0,4,0,109" ten="265,245,245,245" oya="0" hai0="61,8,107,19,110,60,17,16,117,72,23,103,104" hai1="122,80,120,22,45,133,20,52,76,54,30,82,74" hai2="51,66,105,114,97,88,123,3,41,14,87,71,33" hai3="85,130,65,86,95,128,25,68,108,63,5,15,124"/><T24/><D117/><U101/><E133/><V115/><F3/><W9/><G108/><T36/><D110/><U49/><E101/><V70/><F123/><W11/><G124/><T83/><D36/><U99/><E99/><V18/><F33/><W94/><G25/><T37/><D37/><U78/><E54/><V116/><F116/><W27/><G27/><T4/><D104/><U79/><E79/><V26/><F26/><W55/><G55/><T127/><D127/><U100/><E100/><V84/><F105/><W67/><G67/><T98/><D83/><U48/><E48/><V39/><F39/><W119/><G11/><T106/><D72/><U69/><E69/><V96/><F51/><W32/><G32/><T59/><D107/><U134/><E134/><V50/><F50/><W102/><G119/><T81/><D81/><U113/><E113/><V121/><F41/><W91/><G102/><T1/><REACH who="0" step="1"/><D59/><REACH who="0" ten="255,245,245,245" step="2"/><U13/><E80/><V47/><F70/><W12/><G95/><T7/><D7/><U118/><E118/><V73/><F73/><W62/><G94/><T90/><D90/><U43/><E78/><V40/><F88/><W29/><G91/><T44/><D44/><U129/><E76/><V75/><F75/><W58/><G5/><T28/><AGARI ba="1,1" hai="1,4,8,16,17,19,23,24,28,60,61,98,103,106" machi="28" ten="30,6000,0" yaku="1,1,0,1,54,1,53,0" doraHai="109" doraHaiUra="38" who="0" fromWho="0" sc="255,73,245,-21,245,-21,245,-21" /><INIT seed="0,2,0,5,5,123" ten="328,224,224,224" oya="0" hai0="23,43,115,16,74,58,60,3,36,55,26,107,106" hai1="105,135,99,61,34,56,94,131,76,100,62,40,81" hai2="117,83,134,6,19,44,53,87,110,90,89,111,91" hai3="37,20,12,30,97,42,92,80,8,66,41,22,77"/><T73/><D115/><U86/><E135/><V46/><F134/><W1/><G1/><T112/><D112/><U17/><E131/><V38/><F6/><W13/><G66/><T70/><D3/><U5/><E34/><V11/><F117/><W9/><G37/><T52/><D70/><U33/><E33/><V79/><F53/><W126/><G126/><T75/><REACH who="0" step="1"/><D55/><REACH who="0" ten="318,224,224,224" step="2"/><U93/><E40/><V45/><REACH who="2" step="1"/><F38/><REACH who="2" ten="318,224,214,224" step="2"/><W31/><G42/><T71/><D71/><U47/><E56/><V67/><F67/><W84/><G41/><T120/><D120/><U57/><E57/><V118/><F118/><W85/><G30/><T51/><D51/><U49/><E49/><V72/><F72/><W98/><G31/><T119/><D119/><U14/><E62/><V28/><F28/><W18/><G85/><T124/><D124/><U127/><E61/><V101/><F101/><N who="3" m="60583" /><G98/><T96/><D96/><U63/><E127/><V48/><F48/><W32/><G32/><T10/><D10/><U24/><E63/><V54/><F54/><W25/><G9/><T21/><D21/><U104/><E99/><V116/><F116/><W78/><G8/><T64/><D64/><U27/><E100/><V7/><F7/><W133/><G133/><T129/><D129/><U113/><E5/><V103/><F103/><W108/><G20/><T102/><D102/><U2/><E113/><V109/><F109/><W35/><G108/><T0/><D0/><U114/><E114/><V65/><F65/><W50/><G35/><T132/><D132/><U29/><E2/><V128/><F128/><RYUUKYOKU ba="2,2" sc="318,15,224,-15,214,15,224,-15" hai0="16,23,26,36,43,52,58,60,73,74,75,106,107" hai2="11,19,44,45,46,79,83,87,89,90,91,110,111" /><INIT seed="0,3,2,1,4,118" ten="333,209,229,209" oya="0" hai0="87,30,99,42,19,100,130,131,47,70,21,40,92" hai1="78,75,14,72,77,95,56,29,104,44,110,106,79" hai2="31,4,67,38,55,17,126,135,94,68,124,120,129" hai3="35,28,39,65,61,127,10,105,57,103,88,132,133"/><T7/><D70/><U101/><E110/><V23/><F38/><W76/><G39/><T96/><D30/><U102/><E44/><V50/><F129/><N who="0" m="49162" /><D7/><U84/><E56/><V123/><F31/><W51/><G127/><N who="2" m="48681" /><F135/><N who="3" m="51787" /><G76/><N who="1" m="29290" /><E14/><N who="2" m="9655" /><F4/><W80/><G51/><N who="0" m="27111" /><D42/><U3/><E3/><V1/><F1/><W89/><G10/><T27/><D99/><N who="1" m="59647" /><E29/><V32/><F32/><W34/><G28/><T66/><D87/><U58/><E58/><N who="2" m="33143" /><F94/><W16/><G34/><T45/><D45/><U13/><E13/><V46/><F46/><W8/><G35/><T81/><D81/><N who="1" m="47167" /><E102/><V134/><F134/><W116/><G103/><T113/><D113/><U64/><E64/><AGARI ba="3,2" hai="19,21,27,64,66,92,96,100" m="27111,49162" machi="64" ten="30,1500,0" yaku="19,1" doraHai="118" who="0" fromWho="1" sc="333,44,209,-24,229,0,209,0" /><INIT seed="0,4,0,0,2,51" ten="377,185,229,209" oya="0" hai0="42,46,92,54,27,52,59,118,19,103,126,22,108" hai1="4,107,60,114,47,129,95,78,125,49,85,8,20" hai2="31,56,2,130,16,30,133,63,10,98,73,123,1" hai3="111,9,26,29,14,34,84,62,127,0,33,45,39"/><T58/><D118/><U99/><E129/><V87/><F73/><W61/><G111/><T88/><D126/><U81/><E125/><V72/><F72/><W91/><G127/><T6/><D103/><U3/><E114/><V79/><F123/><W102/><G33/><T32/><D32/><U100/><E20/><V71/><F71/><W17/><G0/><T80/><D80/><U57/><E107/><V110/><F110/><W131/><G102/><T94/><D94/><U67/><E47/><V121/><F121/><W12/><G12/><T109/><D6/><U36/><E49/><V86/><F133/><W83/><REACH who="3" step="1"/><G131/><REACH who="3" ten="377,185,229,199" step="2"/><T55/><D108/><U124/><E124/><V44/><F1/><W132/><G132/><T15/><D15/><U65/><REACH who="1" step="1"/><E36/><REACH who="1" ten="377,175,229,199" step="2"/><V115/><F130/><W89/><G89/><T75/><D109/><U21/><E21/><V128/><F128/><W66/><G66/><AGARI ba="4,2" hai="3,4,8,57,60,65,66,67,78,81,85,95,99,100" machi="66" ten="30,3900,0" yaku="1,1,7,1,53,1" doraHai="51" doraHaiUra="90" who="1" fromWho="3" sc="377,0,175,71,229,0,199,-51" /><INIT seed="1,0,0,5,4,30" ten="377,246,229,148" oya="1" hai0="61,80,73,33,0,39,114,111,112,129,57,91,28" hai1="117,1,22,72,45,46,14,27,3,8,107,51,94" hai2="62,53,31,84,11,64,104,90,132,56,4,42,65" hai3="78,40,82,98,19,6,96,50,41,120,24,7,60"/><U88/><E117/><V26/><F104/><W59/><G120/><T44/><D0/><U15/><E72/><V21/><F132/><W89/><G40/><T71/><D71/><U38/><E107/><V116/><F42/><W55/><G41/><T9/><D44/><U128/><E38/><V131/><F131/><W18/><G50/><T101/><D39/><U81/><E81/><V118/><F116/><W77/><G77/><T34/><D101/><U95/><E128/><V135/><F135/><W54/><G54/><T43/><D43/><U5/><E1/><V100/><F100/><W36/><G36/><T13/><D28/><U115/><E115/><V69/><F69/><W63/><G63/><T17/><D129/><U52/><E95/><V12/><REACH who="2" step="1"/><F118/><REACH who="2" ten="377,246,219,148" step="2"/><W35/><G19/><T122/><D114/><U68/><E68/><V133/><F133/><W134/><G134/><T75/><D112/><U86/><E46/><V121/><F121/><W119/><G119/><T102/><D102/><U83/><REACH who="1" step="1"/><E94/><AGARI ba="0,1" hai="4,11,12,21,26,31,53,56,62,64,65,84,90,94" machi="94" ten="30,3900,0" yaku="1,1,7,1,8,1,53,0" doraHai="30" doraHaiUra="99" who="2" fromWho="1" sc="377,0,246,-39,219,49,148,0" /><INIT seed="2,0,0,4,0,88" ten="377,207,268,148" oya="2" hai0="87,53,46,50,54,44,126,58,60,73,6,24,134" hai1="62,123,19,13,26,16,91,8,15,79,77,132,1" hai2="102,39,2,114,71,113,57,23,89,9,27,5,112" hai3="82,72,66,85,37,45,105,49,98,3,120,135,47"/><V128/><F71/><W90/><G120/><T104/><D73/><U97/><E132/><V99/><F128/><W83/><G135/><T32/><D134/><U51/><E123/><V69/><F69/><W84/><G3/><T92/><D104/><U21/><E1/><V10/><F39/><W48/><G72/><T115/><D115/><U86/><E62/><V108/><F108/><W133/><G133/><T107/><D107/><U65/><E65/><V125/><F125/><W34/><G34/><T20/><D32/><U40/><E97/><V18/><F9/><W33/><G33/><T25/><D6/><U22/><E51/><V75/><F75/><W119/><G119/><T63/><D63/><U131/><E40/><V67/><F89/><W122/><G122/><T31/><D25/><U29/><REACH who="1" step="1"/><E131/><REACH who="1" ten="377,197,268,148" step="2"/><V124/><F67/><W110/><G66/><T14/><D50/><U61/><E61/><V96/><F96/><W64/><G64/><T28/><D60/><U68/><E68/><V7/><F2/><W81/><G110/><T76/><D126/><U80/><AGARI ba="0,1" hai="8,13,15,16,19,21,22,26,29,77,79,80,86,91" machi="80" ten="20,8000,1" yaku="1,1,0,1,7,1,8,1,54,1,53,0" doraHai="88" doraHaiUra="35" who="1" fromWho="1" sc="377,-20,197,90,268,-40,148,-20" /><INIT seed="3,0,0,1,5,69" ten="357,287,228,128" oya="3" hai0="46,94,123,4,15,50,19,129,121,60,61,36,126" hai1="25,27,130,7,30,3,132,87,35,0,28,89,124" hai2="71,32,98,6,24,80,37,22,131,17,112,63,83" hai3="128,88,74,52,62,65,9,116,99,20,81,109,5"/><W90/><G116/><T42/><D126/><U16/><E124/><V77/><F112/><W78/><G128/><T39/><D129/><U111/><E130/><V10/><F131/><W135/><G135/><T57/><D4/><U119/><E132/><V103/><F32/><W101/><G109/><T92/><D61/><U58/><E111/><V14/><F37/><W8/><G20/><T33/><D33/><U102/><E7/><V43/><F43/><W115/><G115/><T120/><D39/><U47/><E102/><V18/><F71/><W38/><G38/><T41/><D41/><U31/><E47/><V59/><F77/><W64/><G9/><T117/><D36/><U72/><E72/><V75/><F75/><W13/><G64/><T68/><D68/><U110/><E58/><V48/><F48/><W95/><REACH who="3" step="1"/><G65/><REACH who="3" ten="357,287,228,118" step="2"/><T56/><D117/><U134/><E134/><V108/><F108/><W76/><G76/><T86/><D121/><U70/><E119/><V29/><F6/><W67/><G67/><T107/><D123/><U12/><E110/><V66/><REACH who="2" step="1"/><F17/><REACH who="2" ten="357,287,218,118" step="2"/><W26/><G26/><T118/><D120/><U45/><E27/><V84/><F84/><W105/><G105/><AGARI ba="0,2" hai="10,14,18,22,24,29,59,63,66,80,83,98,103,105" machi="105" ten="30,3900,0" yaku="1,1,7,1,53,1" doraHai="69" doraHaiUra="100" who="2" fromWho="3" sc="357,0,287,0,218,59,118,-39" owari="357,45.7,287,8.7,277,-12.3,79,-42.1" /></mjloggm>