<mjloggm ver="2.3"><GO type="225" lobby="0"/><UN n0="%E3%81%B5%E3%81%98%E3%81%8B%E3%81%A4" n1="%E3%82%A2%E3%83%A1%E3%82%A2%E3%83%A9%E3%83%AC" n2="%E8%B6%85%E7%B4%9A%E9%B3%B3%E5%87%B0" n3="%E3%81%99%E3%81%84%E3%81%BE%E3%81%9B%E3%83%BC%E3%82%93" dan="16,16,17,18" rate="2152.86,2045.52,2133.28,2210.70" sx="M,M,F,M"/><TAIKYOKU oya="0"/><INIT seed="0,0,0,1,0,40" ten="250,250,250,250" oya="0" hai0="127,1,78,49,62,52,67,25,4,88,13,108,99" hai1="37,64,8,70,56,114,111,22,89,24,46,6,119" hai2="29,47,71,57,122,3,87,15,53,18,41,116,58" hai3="109,17,128,45,14,96,112,131,32,63,19,59,55"/><T115/><D115/><U80/><E111/><V97/><F122/><W72/><G112/><T132/><D108/><U130/><E114/><V86/><F71/><W7/><G109/><T20/><D127/><U60/><E119/><V105/><F3/><W5/><G72/><T69/><D132/><U129/><E70/><V95/><F105/><W65/><G32/><T135/><D135/><U35/><E35/><V34/><F34/><W31/><G31/><T102/><D78/><U11/><E80/><V107/><F29/><W91/><G96/><T90/><D1/><U81/><E81/><V50/><F107/><W121/><G91/><T48/><D48/><U106/><E89/><N who="2" m="55535" /><F116/><W104/><G104/><T30/><D13/><U75/><E75/><V42/><F42/><W123/><G123/><T10/><D10/><U93/><E106/><V43/><F43/><W39/><G121/><T92/><D4/><N who="3" m="1609" /><G14/><T26/><REACH who="0" step="1"/><D25/><REACH who="0" ten="240,250,250,250" step="2"/><U23/><E6/><V54/><F58/><AGARI ba="0,1" hai="20,26,30,49,52,58,62,67,69,88,90,92,99,102" machi="58" ten="30,18000,2" yaku="1,1,2,1,7,1,54,2,53,1" doraHai="40" doraHaiUra="66" who="0" fromWho="2" sc="240,190,250,0,250,-180,250,0" /><INIT seed="0,1,0,2,0,20" ten="430,250,70,250" oya="0" hai0="66,118,110,77,69,125,15,130,119,81,96,27,7" hai1="9,129,22,63,52,99,55,79,106,94,97,41,115" hai2="39,72,24,60,86,58,112,75,1,74,32,23,121" hai3="25,93,2,100,105,11,29,70,49,68,57,91,13"/><T127/><D69/><U51/><E129/><V33/><F121/><W50/><G2/><T102/><D66/><U64/><E115/><V26/><F1/><W111/><G111/><T40/><D40/><U135/><E135/><V85/><F39/><W83/><G83/><T14/><D7/><U80/><E106/><V98/><F112/><W65/><G100/><T16/><D110/><U35/><E35/><V116/><F116/><W114/><G105/><T120/><D120/><U5/><E22/><V10/><F10/><W104/><G104/><T90/><D90/><U134/><E41/><V87/><F98/><W78/><G78/><T38/><D38/><U109/><E134/><V95/><F95/><W3/><G3/><T59/><D59/><N who="1" m="36991" /><E99/><V46/><F46/><W132/><G132/><T21/><D130/><U101/><E51/><V4/><F4/><W71/><G114/><T47/><D47/><U17/><E5/><V103/><F103/><W122/><G122/><T45/><D45/><U84/><E109/><V54/><REACH who="2" step="1"/><F23/><REACH who="2" ten="430,250,60,250" step="2"/><W0/><G0/><T12/><D102/><U19/><E9/><V108/><F108/><W88/><G11/><T107/><D96/><U82/><E80/><V34/><AGARI ba="1,1" hai="24,26,32,33,34,54,58,60,72,74,75,85,86,87" machi="34" ten="50,12000,2" yaku="1,1,0,1,29,2,52,2,53,0" doraHai="20" doraHaiUra="43" who="2" fromWho="2" sc="430,-61,250,-31,60,133,250,-31" /><INIT seed="1,0,0,3,1,59" ten="369,219,193,219" oya="1" hai0="95,94,25,69,40,42,52,32,70,109,50,55,3" hai1="58,54,20,127,8,134,125,22,30,85,62,39,116" hai2="41,6,28,91,71,31,61,75,24,48,101,107,92" hai3="4,19,53,46,66,74,115,45,16,29,81,128,12"/><U105/><E116/><V5/><F75/><W103/><G115/><T33/><D3/><U119/><E119/><V49/><F107/><W47/><G128/><T79/><D50/><U72/><E72/><V60/><F101/><W2/><G2/><T11/><D11/><U63/><E105/><V117/><F117/><W76/><G103/><T90/><D90/><U43/><E134/><V18/><F18/><W110/><G110/><T78/><D25/><U82/><E8/><V10/><F71/><W114/><G114/><T38/><D38/><U84/><E84/><V17/><F17/><W7/><G29/><N who="2" m="11337" /><F24/><W118/><G19/><T27/><D27/><U98/><E98/><N who="2" m="57631" /><F10/><W44/><G118/><T93/><D93/><U96/><E96/><V15/><F15/><W26/><G26/><T113/><D113/><U14/><E30/><V68/><F68/><W129/><G4/><N who="2" m="1641" /><F41/><W9/><G7/><T87/><D87/><U64/><E43/><V106/><F106/><W102/><G102/><T100/><D100/><U135/><E39/><V83/><F83/><W97/><G97/><T36/><D36/><U126/><E14/><V112/><F112/><W124/><G74/><T67/><D67/><U57/><REACH who="1" step="1"/><E135/><REACH who="1" ten="369,209,193,219" step="2"/><V89/><F89/><AGARI ba="0,1" hai="20,22,54,57,58,62,63,64,82,85,89,125,126,127" machi="89" ten="40,12000,1" yaku="1,1,2,1,18,1,52,2,53,0" doraHai="59" doraHaiUra="21" who="1" fromWho="2" sc="369,0,209,130,193,-120,219,0" /><INIT seed="1,1,0,5,5,90" ten="369,339,73,219" oya="1" hai0="15,5,26,24,113,9,37,40,86,32,34,98,69" hai1="79,44,89,96,67,58,85,121,22,135,72,18,87" hai2="49,38,65,88,0,17,43,80,6,106,103,19,97" hai3="7,3,127,118,84,126,62,130,102,1,105,107,120"/><U125/><E121/><V21/><F38/><W42/><G120/><T55/><D69/><U50/><E135/><V132/><F132/><W95/><G130/><T71/><D71/><U109/><E125/><N who="3" m="47626" /><G118/><T27/><D113/><U10/><E10/><V36/><F36/><W81/><G42/><T110/><D110/><U101/><E109/><V93/><F65/><W124/><G62/><T119/><D119/><U63/><E72/><V33/><F33/><W123/><G123/><T82/><D98/><U57/><E57/><V47/><F80/><W51/><G51/><T53/><D40/><U59/><E59/><V91/><F91/><N who="3" m="51599" /><G124/><T104/><D37/><U122/><E79/><V70/><F70/><W92/><G102/><T83/><D104/><N who="3" m="40009" /><G7/><T68/><D68/><U117/><E89/><V108/><F108/><W128/><G128/><T20/><D34/><U52/><E117/><V100/><F100/><W73/><G73/><T75/><D75/><U116/><E116/><V112/><F112/><W41/><G41/><T114/><D32/><U134/><E134/><V61/><F61/><W77/><G77/><T111/><D111/><U60/><E60/><V115/><F115/><W133/><G133/><T2/><D114/><U11/><E122/><V129/><F129/><W131/><G131/><T94/><D5/><U23/><E101/><V12/><F19/><W46/><G46/><T35/><D35/><U56/><E44/><V25/><F0/><AGARI ba="1,0" hai="0,1,3,92,95" m="40009,51599,47626" machi="0" ten="40,5200,0" yaku="18,1,52,2" doraHai="90" who="3" fromWho="2" sc="369,0,339,0,73,-55,219,55" /><INIT seed="2,0,0,0,1,68" ten="369,339,18,274" oya="2" hai0="60,36,73,129,51,61,125,98,42,25,23,85,123" hai1="116,65,133,29,50,126,71,107,84,35,117,9,101" hai2="99,2,6,15,72,4,16,22,7,18,53,5,134" hai3="102,56,70,100,120,115,89,52,27,118,122,74,131"/><V93/><F72/><W91/><G118/><T38/><D73/><U28/><E9/><V8/><F134/><W90/><G70/><T103/><D123/><U0/><E50/><V11/><F53/><W121/><G74/><T12/><D12/><U113/><E84/><V49/><F49/><W83/><G83/><T30/><D85/><U79/><E79/><V14/><F93/><W1/><G1/><T86/><D125/><U110/><E71/><V95/><F95/><W81/><G81/><T54/><D86/><U10/><E10/><N who="2" m="2327" /><F99/><W106/><G106/><T75/><D75/><U17/><E107/><V94/><F94/><W21/><G131/><T3/><D3/><AGARI ba="0,0" hai="3,5,6,7,8,11,14,15,16,18,22" m="2327" machi="3" ten="30,18000,2" yaku="35,5,54,1" doraHai="68" who="2" fromWho="0" sc="369,-180,339,0,18,180,274,0" /><INIT seed="2,1,0,0,4,63" ten="189,339,198,274" oya="2" hai0="32,116,112,84,47,100,122,131,8,50,87,52,108" hai1="102,83,26,12,80,69,14,24,64,44,135,30,79" hai2="61,11,120,107,95,78,86,39,75,43,106,98,128" hai3="89,49,101,41,51,57,94,121,4,33,15,48,124"/><V119/><F119/><W38/><G121/><T0/><D116/><U115/><E115/><V76/><F120/><W130/><G33/><T65/><D112/><U67/><E69/><V58/><F128/><W91/><G130/><T17/><D122/><U9/><E135/><V36/><F75/><W20/><G124/><T70/><D32/><U22/><E102/><V54/><F11/><N who="3" m="4583" /><G38/><T90/><D131/><U45/><E79/><V82/><F76/><W72/><G41/><T27/><D108/><U13/><E9/><V123/><F123/><W125/><G72/><T132/><D132/><U62/><E62/><V55/><F55/><W28/><G57/><T99/><D90/><N who="3" m="34313" /><G125/><T6/><D70/><U60/><E60/><V16/><F43/><W40/><G40/><T35/><D35/><U110/><E110/><V56/><F56/><W19/><G28/><T127/><D127/><U53/><E26/><V88/><REACH who="2" step="1"/><F16/><REACH who="2" ten="189,339,188,274" step="2"/><W129/><G129/><T85/><D17/><U42/><E42/><V104/><AGARI ba="1,1" hai="36,39,54,58,61,78,82,86,88,95,98,104,106,107" machi="104" ten="30,11700,0" yaku="1,1,2,1,0,1,54,1,53,0" doraHai="63" doraHaiUra="37" who="2" fromWho="2" sc="189,-40,339,-40,188,130,274,-40" /><INIT seed="2,2,0,1,5,113" ten="149,299,318,234" oya="2" hai0="38,51,115,95,58,7,44,83,62,77,12,67,65" hai1="14,98,69,59,34,124,90,17,122,3,27,93,63" hai2="54,68,1,55,57,52,82,13,102,118,97,73,37" hai3="74,22,36,64,84,0,56,89,107,49,120,41,125"/><V60/><F1/><W19/><G120/><T5/><D115/><U114/><E114/><V15/><F37/><W26/><G125/><T117/><D38/><U42/><E124/><V133/><F133/><W121/><G121/><T21/><D67/><U8/><E69/><V33/><F33/><W25/><G74/><T123/><D123/><U128/><E128/><V104/><F68/><W35/><G107/><T106/><D106/><U32/><E122/><V103/><F103/><W132/><G0/><T30/><D95/><U31/><E42/><V109/><F109/><W126/><G132/><T87/><D117/><U101/><E3/><V129/><F129/><W6/><G6/><T11/><D21/><U127/><E127/><V23/><F118/><W130/><G130/><T92/><D92/><U88/><REACH who="1" step="1"/><E34/><REACH who="1" ten="149,289,318,234" step="2"/><V75/><F75/><W81/><G35/><T131/><D131/><U50/><E50/><V96/><F73/><W47/><G36/><T110/><D110/><U105/><E105/><V70/><F70/><W94/><G126/><T72/><D72/><U91/><E91/><V28/><F104/><W79/><G49/><T100/><D100/><U61/><E61/><V116/><F102/><W71/><G71/><T48/><D48/><U2/><E2/><V80/><F60/><W85/><G41/><N who="0" m="24975" /><D5/><U111/><E111/><V66/><F57/><W45/><G45/><T108/><D108/><U20/><E20/><V76/><F23/><N who="3" m="13567" /><G47/><T29/><AGARI ba="2,1" hai="7,11,12,29,30,58,62,65,77,83,87" m="24975" machi="29" ten="30,2000,0" yaku="25,1,8,1" doraHai="113" who="0" fromWho="0" sc="149,36,289,-7,318,-12,234,-7" /><INIT seed="3,0,0,0,1,116" ten="185,282,306,227" oya="3" hai0="18,65,90,35,129,4,100,1,29,97,80,19,45" hai1="0,106,56,128,94,89,75,119,118,11,48,117,60" hai2="26,39,28,61,69,74,6,42,85,109,40,115,16" hai3="50,30,44,49,68,31,71,13,38,9,24,126,34"/><W70/><G126/><T84/><D129/><U112/><E112/><V8/><F115/><W54/><G31/><T46/><D65/><U88/><E128/><V57/><F69/><W78/><G78/><T36/><D35/><U83/><E106/><V5/><F74/><W14/><G38/><T131/><D131/><U133/><E133/><V53/><F109/><W64/><G64/><T107/><D29/><U62/><E48/><V12/><F85/><W21/><G34/><T125/><D125/><U3/><E11/><V37/><F37/><W123/><G123/><T134/><D134/><U82/><E62/><V23/><F39/><W63/><G63/><T132/><D132/><U22/><E22/><V81/><F81/><N who="1" m="30729" /><E75/><V76/><F76/><W73/><G73/><T43/><D1/><N who="1" m="587" /><E94/><V99/><F99/><W102/><G9/><T7/><REACH who="0" step="1"/><D46/><REACH who="0" ten="175,282,306,227" step="2"/><U72/><E72/><V67/><F67/><AGARI ba="0,1" hai="56,60,67,88,89,117,118,119" m="587,30729" machi="67" ten="40,2600,0" yaku="12,1,54,1" doraHai="116" who="1" fromWho="2" sc="175,0,282,36,306,-26,227,0" owari="175,-32.5,318,41.8,280,8.0,227,-17.3" /></mjloggm>