<mjloggm ver="2.3"><GO type="225" lobby="0"/><UN n0="%E7%AD%89%E3%80%85%E5%8A%9B%E5%8A%87%E5%A0%B4" n1="%E5%84%AA%40%41%42%43" n2="%72%61%6B%33" n3="%6D%75%75%6D%75%72%61" dan="16,18,18,16" rate="2174.13,2220.81,2235.55,2128.29" sx="M,M,M,F"/><TAIKYOKU oya="0"/><INIT seed="0,0,0,4,4,9" ten="250,250,250,250" oya="0" hai0="45,117,50,42,15,103,96,113,72,26,135,17,119" hai1="23,100,125,81,11,63,78,16,41,32,28,13,82" hai2="77,25,132,24,75,64,79,1,62,87,85,31,69" hai3="105,70,107,104,7,121,47,56,99,124,114,60,133"/><T118/><D113/><U84/><E125/><V36/><F132/><W95/><G114/><T109/><D72/><U40/><E32/><V14/><F1/><W134/><G124/><T46/><D135/><N who="3" m="51721" /><G70/><T0/><D0/><U71/><E100/><V53/><F36/><W39/><G121/><T55/><D109/><U123/><E123/><V120/><F120/><W10/><G39/><T54/><D26/><N who="1" m="16479" /><E71/><V33/><F75/><W5/><G47/><T67/><D67/><U101/><E101/><V73/><F73/><W86/><G86/><T115/><D115/><U19/><E82/><V65/><F53/><N who="3" m="33807" /><G10/><T90/><D90/><AGARI ba="0,0" hai="5,7,90,95,99,104,105,107" m="33807,51721" machi="90" ten="40,1300,0" yaku="20,1" doraHai="9" who="3" fromWho="0" sc="250,-13,250,0,250,0,250,13" /><INIT seed="1,0,0,3,2,113" ten="237,250,250,263" oya="1" hai0="80,49,72,3,98,34,102,79,69,88,77,90,83" hai1="123,6,114,75,134,21,27,57,30,2,43,35,70" hai2="96,47,24,22,89,46,61,31,87,115,0,131,58" hai3="9,56,116,29,26,23,133,62,33,16,121,5,63"/><U54/><E114/><V112/><F131/><W28/><G121/><T130/><D3/><U36/><E123/><V14/><F0/><W92/><G133/><T104/><D69/><U55/><E70/><V13/><F115/><W4/><G116/><T108/><D34/><U135/><E75/><V97/><F112/><W73/><G73/><T125/><D108/><U42/><E55/><V67/><F14/><W17/><G62/><T129/><D49/><U126/><E126/><V65/><F65/><W82/><G82/><T19/><D19/><U127/><E21/><V105/><F13/><N who="3" m="7215" /><G33/><T66/><D66/><U106/><E106/><V68/><F68/><W32/><G32/><T107/><D125/><U95/><E127/><V38/><F38/><W117/><G92/><T39/><D39/><U76/><E95/><V50/><F105/><W119/><G119/><T132/><D132/><N who="1" m="50731" /><E76/><V52/><REACH who="2" step="1"/><F46/><REACH who="2" ten="237,250,240,263" step="2"/><W53/><G117/><T64/><D64/><U7/><E36/><V37/><F37/><W81/><G81/><AGARI ba="0,1" hai="22,24,31,47,50,52,58,61,67,81,87,89,96,97" machi="81" ten="30,8000,1" yaku="1,1,7,1,8,1,54,1,53,1" doraHai="113" doraHaiUra="25" who="2" fromWho="3" sc="237,0,250,0,240,90,263,-80" /><INIT seed="2,0,0,4,4,21" ten="237,250,330,183" oya="2" hai0="103,58,17,51,102,7,78,19,23,24,108,79,89" hai1="112,41,118,92,5,32,87,44,29,39,57,105,35" hai2="75,84,3,66,40,27,64,71,96,117,127,134,11" hai3="101,6,61,15,125,25,132,16,37,122,130,90,80"/><V8/><F75/><W55/><G122/><T114/><D114/><U116/><E105/><V133/><F117/><W12/><G37/><T2/><D108/><U4/><E112/><V123/><F123/><W72/><G125/><T111/><D111/><U67/><E4/><V74/><F74/><W82/><G72/><T126/><D126/><U109/><E5/><V30/><F127/><W13/><G130/><T97/><D7/><U31/><E109/><V98/><F84/><N who="3" m="50439" /><G132/><T110/><D2/><U26/><E67/><V49/><F49/><W54/><G82/><T91/><D110/><U62/><E87/><V70/><F30/><W59/><G101/><N who="0" m="38411" /><D17/><U81/><E92/><V34/><F40/><W121/><G121/><T65/><D65/><U106/><E81/><V1/><F34/><W20/><G6/><T52/><D97/><U131/><E106/><V107/><F107/><W94/><G94/><T0/><D0/><U43/><E41/><V104/><F104/><W14/><N who="3" m="3072" /><DORA hai="128" /><W99/><G99/><T9/><D9/><U10/><E10/><V95/><F95/><W69/><G69/><T115/><D115/><U56/><E131/><V77/><F77/><AGARI ba="0,0" hai="19,23,24,51,52,58,77,78,79,89,91" m="38411" machi="77" ten="30,3900,0" yaku="8,1,52,1,54,1" doraHai="21,128" who="0" fromWho="2" sc="237,39,250,0,330,-39,183,0" /><INIT seed="3,0,0,4,5,20" ten="276,250,291,183" oya="3" hai0="94,128,56,12,45,120,19,111,66,59,13,83,104" hai1="43,127,54,122,62,63,44,121,11,2,126,105,79" hai2="117,76,91,61,118,39,9,48,75,41,4,49,38" hai3="132,31,106,109,74,86,36,17,84,42,6,21,101"/><W89/><G74/><T52/><D104/><U107/><E79/><V110/><F110/><W15/><G109/><T5/><D111/><U29/><E29/><V90/><F61/><N who="1" m="23049" /><E11/><V18/><F18/><W124/><G124/><N who="1" m="47658" /><E2/><V0/><F76/><W115/><G115/><T28/><D128/><U78/><E78/><V51/><F75/><W103/><G132/><T123/><D66/><U82/><E82/><V67/><F67/><W47/><G106/><N who="1" m="40458" /><E54/><V130/><F130/><W70/><G70/><T23/><D28/><U85/><E85/><V27/><F9/><W34/><G6/><T7/><D83/><U133/><E133/><V33/><F4/><W37/><G37/><AGARI ba="0,0" hai="37,43,44,121,122" m="40458,47658,23049" machi="37" ten="30,1000,0" yaku="18,1" doraHai="20" who="1" fromWho="3" sc="276,0,250,10,291,0,183,-10" /><INIT seed="4,0,0,0,0,50" ten="276,260,291,173" oya="0" hai0="0,111,18,20,24,48,58,60,47,19,57,110,79" hai1="89,86,45,123,62,109,8,118,74,69,3,41,30" hai2="53,75,55,12,56,10,115,63,82,42,68,7,101" hai3="107,124,108,27,85,49,37,61,102,113,2,132,135"/><T21/><D0/><U9/><E118/><V32/><F32/><W52/><G37/><T129/><D79/><U31/><E123/><V96/><F68/><W122/><G108/><N who="0" m="41515" /><D60/><U93/><E74/><V87/><F75/><W59/><G122/><T51/><D51/><U73/><E73/><V80/><F115/><W6/><G113/><T76/><D76/><U106/><E106/><V128/><F128/><W23/><G124/><T134/><D134/><N who="3" m="51241" /><G49/><T91/><D91/><U5/><E109/><V28/><F28/><N who="3" m="17535" /><G85/><T95/><D95/><U84/><E86/><V67/><F42/><W125/><G125/><T112/><D129/><U14/><E62/><V78/><F82/><W46/><G46/><T22/><D112/><U44/><E69/><V15/><F15/><W39/><G39/><T105/><D105/><AGARI ba="0,0" hai="7,10,12,53,55,56,63,67,78,80,87,96,101,105" machi="105" ten="30,3900,0" yaku="7,1,52,2" doraHai="50" who="2" fromWho="0" sc="276,-39,260,0,291,39,173,0" owari="237,-16.3,260,6.0,330,43.0,173,-32.7" /></mjloggm>