<mjloggm ver="2.3"><GO type="225" lobby="0"/><UN n0="%E5%A4%9C%E5%85%89%E5%A4%A9%E6%A5%BC" n1="%E4%BF%BA%E3%81%A8%E5%A6%96%E5%A4%A2" n2="%E3%81%AA%E3%82%81%E3%81%93%E9%9B%80%E5%A3%AB" n3="%E3%81%B5%E3%81%98%E3%81%8B%E3%81%A4" dan="17,17,16,16" rate="2142.52,2171.92,2059.15,2183.43" sx="M,F,M,M"/><TAIKYOKU oya="0"/><INIT seed="0,0,0,3,4,110" ten="250,250,250,250" oya="0" hai0="68,16,74,105,72,125,113,118,30,54,41,93,70" hai1="102,119,3,106,55,22,32,8,112,80,91,61,9" hai2="69,111,108,97,4,37,82,133,81,62,132,116,40" hai3="5,84,21,128,86,23,120,88,124,42,26,25,33"/><T38/><D118/><U6/><E119/><V98/><F116/><W94/><G124/><T121/><D54/><U10/><E32/><V135/><F4/><W24/><G128/><T0/><D93/><U83/><E106/><V64/><F40/><W27/><G120/><T117/><D16/><U48/><E102/><V114/><F37/><W78/><G5/><T101/><D30/><U44/><E112/><V34/><F34/><W43/><N who="3" m="6144" /><DORA hai="63" /><W46/><G33/><T45/><D101/><U107/><E107/><V58/><F114/><W95/><G43/><T53/><D53/><U50/><E22/><V99/><REACH who="2" step="1"/><F69/><REACH who="2" ten="250,250,240,250" step="2"/><W134/><G134/><T103/><D70/><U65/><E6/><V131/><F131/><W76/><G42/><T20/><D117/><U49/><E3/><V51/><F51/><W104/><G46/><T127/><D68/><U15/><E49/><V90/><F90/><N who="3" m="53575" /><G104/><T67/><D0/><U87/><E48/><V92/><F92/><W75/><G75/><T1/><D1/><U96/><E80/><AGARI ba="0,1" hai="58,62,64,80,81,82,97,98,99,108,111,132,133,135" machi="80" ten="50,12000,2" yaku="1,1,20,1,52,1,53,3" doraHai="110,63" doraHaiUra="71,79" who="2" fromWho="1" sc="250,0,250,-120,240,130,250,0" /><INIT seed="1,0,0,5,0,53" ten="250,130,370,250" oya="1" hai0="59,110,121,94,29,64,57,117,98,60,19,132,95" hai1="33,7,27,123,38,131,13,127,107,8,104,84,70" hai2="34,52,90,96,119,68,36,62,2,86,92,81,103" hai3="113,79,41,91,108,93,71,4,135,124,66,1,105"/><U78/><E70/><V120/><F119/><W5/><G113/><T72/><D117/><U69/><E69/><V134/><F36/><W116/><G105/><T46/><D72/><U61/><E123/><V20/><F34/><W112/><G116/><T129/><D121/><U28/><E38/><V44/><F120/><W31/><G112/><T85/><D110/><U15/><E131/><V67/><F134/><W16/><G124/><T9/><D129/><U10/><E127/><V130/><F130/><W102/><G135/><T11/><D29/><U100/><E100/><V49/><F2/><W26/><G79/><T51/><D132/><U42/><E42/><V48/><F20/><W75/><G41/><T39/><D46/><U58/><E84/><V118/><F49/><W122/><G75/><T83/><D39/><U18/><REACH who="1" step="1"/><E78/><REACH who="1" ten="250,120,370,250" step="2"/><V125/><F118/><W87/><G122/><T3/><D85/><U32/><E32/><V21/><F125/><W30/><G71/><T6/><D83/><U65/><AGARI ba="0,1" hai="7,8,10,13,15,18,27,28,33,58,61,65,104,107" machi="65" ten="20,7800,0" yaku="1,1,0,1,7,1,52,1,53,0" doraHai="53" doraHaiUra="50" who="1" fromWho="1" sc="250,-26,120,88,370,-26,250,-26" /><INIT seed="1,1,0,1,5,103" ten="224,208,344,224" oya="1" hai0="9,28,46,20,29,3,23,70,50,119,94,66,123" hai1="5,8,60,79,89,116,102,15,127,74,54,91,87" hai2="106,52,117,61,59,22,109,67,12,2,72,96,108" hai3="90,37,113,7,33,98,13,128,88,56,42,85,11"/><U57/><E116/><V45/><F72/><W17/><G128/><T64/><D119/><U125/><E102/><N who="2" m="62791" /><F2/><W131/><G33/><T133/><D123/><U63/><E74/><V81/><F81/><W44/><G113/><T6/><D133/><U115/><E115/><V58/><F45/><W25/><G131/><T82/><D82/><N who="1" m="47583" /><E63/><V32/><F32/><W126/><G126/><AGARI ba="1,0" hai="5,8,15,54,57,60,89,91,125,126,127" m="47583" machi="126" ten="30,1500,0" yaku="18,1" doraHai="103" who="1" fromWho="3" sc="224,0,208,18,344,0,224,-18" /><INIT seed="1,2,0,0,5,75" ten="224,226,344,206" oya="1" hai0="81,131,107,91,39,26,8,114,62,87,67,46,13" hai1="97,80,99,72,55,42,119,12,30,51,70,19,28" hai2="17,84,133,83,90,24,132,6,93,74,18,45,117" hai3="23,108,109,64,60,96,22,38,106,5,111,53,103"/><U3/><E119/><V135/><F117/><W25/><G38/><T128/><D114/><U9/><E70/><V92/><F6/><W4/><G53/><T118/><D118/><U2/><E42/><V104/><F104/><W1/><G1/><T71/><D107/><U65/><E65/><V95/><F45/><W126/><G126/><T37/><D26/><U0/><E30/><V125/><F125/><W88/><G23/><T40/><REACH who="0" step="1"/><D39/><REACH who="0" ten="214,226,344,206" step="2"/><U89/><E28/><V112/><F112/><W41/><G41/><T134/><D134/><U34/><E34/><V98/><F24/><W129/><G129/><T113/><D113/><U122/><E122/><V82/><F98/><W11/><G106/><T29/><D29/><U120/><E120/><V76/><AGARI ba="2,1" hai="17,18,74,76,82,83,84,90,92,93,95,132,133,135" machi="76" ten="40,5200,0" yaku="0,1,20,1,52,1" doraHai="75" who="2" fromWho="2" sc="214,-15,226,-28,344,68,206,-15" /><INIT seed="2,0,0,1,3,11" ten="199,198,412,191" oya="2" hai0="86,100,35,23,127,131,43,90,5,87,25,10,112" hai1="81,12,77,111,32,1,103,27,116,21,88,37,75" hai2="2,78,96,48,93,29,42,85,64,59,106,123,122" hai3="135,129,49,95,51,101,4,134,55,115,79,20,18"/><V31/><F2/><W89/><G4/><T98/><D112/><U114/><E114/><V41/><F106/><W58/><G115/><T26/><D131/><U19/><E116/><V105/><F105/><W60/><G79/><T130/><D130/><U33/><E37/><V53/><F123/><W121/><G101/><T65/><D127/><U83/><E111/><V92/><F64/><W17/><G121/><T47/><D65/><U102/><E1/><V117/><F117/><W61/><G51/><N who="0" m="27135" /><D35/><U68/><E68/><V7/><F7/><W54/><G129/><T72/><D72/><U66/><E66/><V34/><F34/><W107/><G107/><T46/><D26/><U24/><E24/><V128/><F122/><W8/><G8/><T120/><D100/><U97/><E33/><V70/><F70/><W132/><G55/><T3/><D46/><U0/><E0/><V126/><F126/><W16/><REACH who="3" step="1"/><G20/><REACH who="3" ten="199,198,412,181" step="2"/><T118/><D120/><U9/><E32/><V82/><F128/><W22/><G22/><T57/><D118/><U113/><E113/><V80/><F78/><W84/><AGARI ba="0,1" hai="16,17,18,49,54,58,60,61,84,89,95,132,134,135" machi="84" ten="40,8000,1" yaku="1,1,0,1,20,1,54,1,53,0" doraHai="11" doraHaiUra="38" who="3" fromWho="3" sc="199,-20,198,-20,412,-40,181,90" /><INIT seed="3,0,0,4,1,46" ten="179,178,372,271" oya="3" hai0="108,59,133,115,16,42,22,38,68,8,0,12,17" hai1="58,13,119,73,86,36,126,32,122,103,106,70,92" hai2="130,21,104,81,83,69,124,30,98,20,60,88,82" hai3="62,72,67,29,123,85,34,61,135,71,91,95,113"/><W49/><G123/><T54/><D68/><U44/><E122/><V102/><F130/><W9/><G113/><T76/><D108/><U128/><E70/><V129/><F129/><W57/><G72/><T116/><D116/><U120/><E120/><V125/><F88/><W114/><G135/><T97/><D133/><U105/><E128/><V112/><F112/><W63/><G9/><T50/><D115/><U87/><E32/><V101/><F101/><W19/><G34/><T117/><D117/><U90/><E119/><V131/><F131/><W26/><G29/><T1/><D76/><U33/><E33/><V51/><F51/><W3/><G3/><T65/><D65/><U31/><E73/><V47/><F47/><W15/><G26/><T35/><D35/><U45/><E106/><V11/><F11/><W43/><G114/><T109/><D38/><U14/><E36/><V37/><F30/><W27/><G27/><T127/><D42/><U2/><E2/><V99/><F99/><W52/><G43/><T18/><D1/><U111/><E111/><V74/><F37/><W121/><G121/><T77/><D109/><U89/><E126/><N who="2" m="48747" /><F74/><W132/><G132/><T79/><D127/><U39/><E39/><V23/><F23/><N who="3" m="11775" /><G71/><T6/><D97/><N who="1" m="61679" /><E31/><V94/><F104/><W48/><G67/><AGARI ba="0,0" hai="20,21,60,67,69,81,82,83,94,98,102" m="48747" machi="67" ten="30,1000,0" yaku="18,1" doraHai="46" who="2" fromWho="3" sc="179,0,178,0,372,10,271,-10" owari="179,-22.1,178,-32.2,382,48.2,261,6.1" /></mjloggm>