<mjloggm ver="2.3"><GO type="225" lobby="0"/><UN n0="%74%61%6B%75%61%6B%61" n1="%E6%B8%A9%E2%98%85%E6%83%85%E2%98%85%E6%8E%AA%E2%98%85%E7%BD%AE" n2="%72%61%6B%33" n3="%E3%81%B5%E3%81%98%E3%81%8B%E3%81%A4" dan="16,17,16,16" rate="2154.20,2217.85,2060.31,2206.16" sx="M,M,M,M"/><TAIKYOKU oya="0"/><INIT seed="0,0,0,2,2,28" ten="250,250,250,250" oya="0" hai0="119,69,10,3,56,62,64,34,85,6,130,110,73" hai1="106,108,96,33,63,134,82,0,129,116,105,84,99" hai2="37,39,40,20,98,12,44,1,117,43,53,48,115" hai3="71,46,75,52,26,18,7,104,74,126,27,86,83"/><T70/><D119/><U121/><E0/><V41/><F1/><W68/><G104/><N who="1" m="40042" /><E63/><V45/><F98/><N who="1" m="37417" /><E33/><V95/><F95/><W76/><G126/><T54/><D73/><U122/><E116/><V35/><F117/><W120/><G120/><N who="1" m="46186" /><E108/><V80/><F115/><W2/><G2/><T114/><D114/><U123/><E123/><V51/><F35/><W101/><G7/><T79/><D110/><U78/><E134/><V65/><F20/><W81/><G101/><T112/><D34/><U103/><E103/><V57/><F12/><W77/><G86/><T66/><D112/><U100/><E100/><V92/><F80/><W111/><G111/><T16/><D16/><U32/><E32/><V91/><F92/><W97/><G97/><T31/><D31/><U22/><E22/><V94/><F94/><W132/><G132/><T15/><D3/><U9/><E9/><V88/><F41/><W135/><G135/><T8/><D8/><U11/><E11/><V133/><F133/><W29/><G18/><T72/><D64/><U113/><E113/><V107/><F107/><W49/><REACH who="3" step="1"/><G29/><REACH who="3" ten="250,250,250,240" step="2"/><T93/><D6/><U38/><E38/><V4/><F4/><W118/><G118/><T109/><D109/><U124/><E124/><V87/><F37/><W30/><G30/><T24/><D10/><U14/><E14/><V36/><F39/><W42/><G42/><T25/><D15/><U50/><E129/><V58/><F87/><W90/><G90/><T17/><D85/><U89/><E89/><V125/><F125/><W59/><G59/><N who="0" m="35191" /><D130/><U128/><E128/><RYUUKYOKU ba="0,1" sc="250,-30,250,10,250,10,240,10" hai1="50,78,82,84" hai2="36,40,43,44,45,48,51,53,57,58,65,88,91" hai3="26,27,46,49,52,68,71,74,75,76,77,81,83" /><INIT seed="1,1,1,4,1,29" ten="220,260,260,250" oya="1" hai0="13,122,90,124,65,74,132,41,109,12,121,131,114" hai1="105,59,120,60,127,28,125,79,76,72,23,71,48" hai2="117,10,100,99,35,89,9,133,88,5,27,73,50" hai3="115,31,14,135,116,2,107,113,78,85,119,63,53"/><U91/><E105/><V61/><F117/><N who="3" m="45131" /><G107/><T86/><D74/><U21/><E120/><N who="0" m="46185" /><D114/><N who="3" m="43529" /><G2/><T56/><D109/><U58/><E72/><V92/><F133/><W55/><G135/><T24/><D132/><U7/><E7/><V18/><F73/><W70/><G31/><T44/><D124/><N who="1" m="47691" /><E91/><V96/><F50/><W97/><G97/><T112/><D112/><U0/><E0/><V94/><F100/><W43/><G14/><T47/><D131/><U54/><E71/><V3/><F61/><W80/><G43/><T52/><D65/><AGARI ba="1,1" hai="53,55,63,65,70,78,80,85" m="43529,45131" machi="65" ten="30,1000,0" yaku="12,1" doraHai="29" who="3" fromWho="0" sc="220,-13,260,0,260,0,250,23" /><INIT seed="2,0,0,2,5,83" ten="207,260,260,273" oya="2" hai0="104,75,4,39,111,13,40,110,44,29,21,34,64" hai1="28,95,56,130,93,0,30,26,48,100,72,94,45" hai2="1,10,9,126,84,33,109,90,53,25,107,18,5" hai3="63,3,42,79,61,117,51,49,46,101,50,11,131"/><V43/><F126/><W127/><G117/><T66/><D75/><U65/><E130/><V67/><F107/><W129/><G101/><T81/><D104/><U114/><E114/><V31/><F109/><N who="0" m="41482" /><D81/><U124/><E0/><V88/><F67/><N who="0" m="25642" /><D34/><U16/><E72/><V119/><F119/><W125/><G79/><T19/><D29/><U89/><E100/><V57/><F43/><W6/><G42/><T8/><D21/><N who="1" m="13607" /><E124/><N who="3" m="47690" /><G46/><T87/><D4/><U55/><E89/><V106/><F106/><W2/><G2/><T134/><D134/><U32/><E32/><V116/><F116/><W54/><G54/><T59/><D59/><U24/><E24/><V69/><F69/><W121/><G121/><T123/><D123/><U38/><E38/><V62/><REACH who="2" step="1"/><F84/><AGARI ba="0,0" hai="8,13,19,39,40,44,84,87" m="25642,41482" machi="84" ten="30,3900,0" yaku="14,1,52,2" doraHai="83" who="0" fromWho="2" sc="207,39,260,0,260,-39,273,0" /><INIT seed="3,0,0,2,3,49" ten="246,260,221,273" oya="3" hai0="106,116,10,120,82,34,107,105,131,0,38,98,3" hai1="42,132,81,6,54,100,128,68,27,9,58,37,84" hai2="1,134,25,93,133,108,121,19,29,114,56,32,46" hai3="16,2,50,21,95,79,8,86,85,31,109,18,91"/><W72/><G72/><T101/><D120/><U55/><E68/><V88/><F114/><W67/><G109/><T80/><D116/><U130/><E132/><V69/><F69/><W12/><G2/><T36/><D34/><U78/><E100/><V26/><F108/><W61/><G31/><T92/><D131/><N who="1" m="50219" /><E27/><V73/><F73/><W96/><G50/><T35/><D35/><U111/><E58/><V45/><F1/><W39/><G79/><T102/><D0/><N who="1" m="199" /><E111/><V14/><F25/><N who="3" m="14519" /><G39/><T30/><D36/><U77/><E78/><V52/><F121/><W24/><G24/><T83/><D38/><U129/><N who="1" m="50227" /><U125/><DORA hai="124" /><E125/><V110/><F110/><W126/><G126/><T75/><D105/><U122/><E122/><V51/><F134/><W60/><G67/><T4/><D106/><U53/><E53/><V71/><F71/><W103/><G103/><T43/><D102/><U5/><E5/><V44/><F133/><W74/><G74/><T62/><D75/><U33/><E33/><V97/><F56/><W23/><G61/><T65/><D107/><U59/><E59/><V104/><F104/><W66/><G66/><T99/><D65/><U63/><E63/><V135/><F135/><W118/><G60/><T112/><D62/><U119/><E119/><V41/><F41/><W48/><G118/><T127/><D43/><U64/><E64/><V47/><F47/><AGARI ba="0,0" hai="37,42,47,54,55,77,81,84" m="199,50227" machi="47" ten="40,12000,2" yaku="19,1,52,6" doraHai="49,124" who="1" fromWho="2" sc="246,0,260,120,221,-120,273,0" owari="246,-15.4,380,48.0,101,-39.9,273,7.3" /></mjloggm>