<mjloggm ver="2.3"><GO type="225" lobby="0"/><UN n0="%E3%81%BF%E3%81%BF%E3%81%9A" n1="%65%6B%61%72%75%74%65" n2="%E3%81%A8%E3%82%93%E3%81%A8%E3%81%93%E3%81%A8%E3%82%93" n3="%72%61%6B%33" dan="16,16,16,16" rate="2109.96,2077.43,2176.89,2070.12" sx="M,M,F,M"/><TAIKYOKU oya="0"/><INIT seed="0,0,0,2,2,47" ten="250,250,250,250" oya="0" hai0="77,64,130,98,19,52,73,112,28,113,96,31,75" hai1="120,74,134,70,81,86,24,122,38,85,50,43,32" hai2="110,95,9,68,10,25,6,109,34,101,114,59,13" hai3="78,91,22,53,133,99,49,48,41,8,35,16,23"/><T1/><D1/><U0/><E70/><V131/><F68/><W104/><G35/><T100/><D64/><U119/><E119/><V84/><F59/><N who="3" m="33191" /><G104/><T116/><D116/><U36/><E0/><V111/><F114/><W66/><G66/><T58/><D130/><U30/><E74/><V51/><F131/><W128/><G78/><T83/><D73/><U57/><E38/><V21/><F34/><W89/><G133/><T15/><D112/><U102/><E36/><V121/><F121/><W103/><G103/><T80/><D80/><U125/><E134/><V82/><F101/><W45/><G128/><T76/><D76/><U129/><E129/><V72/><F72/><W61/><G61/><T62/><D113/><U27/><E32/><V135/><F135/><W106/><G106/><T55/><D55/><U46/><E122/><V12/><F95/><N who="3" m="56815" /><G91/><T2/><D2/><U37/><E37/><V18/><F109/><W107/><G107/><T67/><D67/><U127/><E120/><V92/><F92/><W7/><G7/><T5/><D5/><U87/><E127/><V65/><F65/><W20/><G8/><T4/><D4/><U123/><E125/><V29/><REACH who="2" step="1"/><F51/><REACH who="2" ten="250,250,240,250" step="2"/><W26/><AGARI ba="0,1" hai="16,20,22,23,26,41,45,49" m="56815,33191" machi="26" ten="30,7900,0" yaku="8,1,52,2,54,1" doraHai="47" who="3" fromWho="3" sc="250,-39,250,-20,240,-20,250,89" /><INIT seed="1,0,0,3,3,20" ten="211,230,220,339" oya="1" hai0="130,118,92,11,87,88,126,60,63,68,44,30,51" hai1="56,77,114,66,49,22,15,79,110,86,84,67,129" hai2="64,50,70,5,47,16,55,133,100,0,132,117,18" hai3="127,76,28,93,128,25,104,21,12,80,81,74,2"/><U33/><E114/><V48/><F117/><W82/><G2/><T45/><D118/><U3/><E33/><V71/><F100/><W8/><G104/><T83/><D126/><U101/><E3/><V106/><F106/><W112/><G112/><T94/><D130/><U73/><E129/><V19/><F0/><W38/><G128/><T26/><D11/><U9/><E101/><V95/><F5/><W90/><G38/><T42/><D45/><U131/><E73/><V31/><F95/><W58/><G58/><T72/><D68/><U119/><E119/><V103/><F103/><W99/><REACH who="3" step="1"/><G127/><REACH who="3" ten="211,230,220,329" step="2"/><T85/><D72/><U124/><E124/><V91/><F71/><W13/><G13/><T135/><D135/><U32/><E131/><V120/><F70/><W105/><G105/><T65/><D65/><U125/><E67/><V43/><F64/><W23/><G23/><N who="0" m="15711" /><D94/><U78/><E66/><V121/><F132/><W17/><AGARI ba="0,1" hai="8,12,17,21,25,28,74,76,80,81,82,90,93,99" machi="17" ten="20,8000,1" yaku="1,1,0,1,7,1,52,1,53,1" doraHai="20" doraHaiUra="107" who="3" fromWho="3" sc="211,-20,230,-40,220,-20,329,90" /><INIT seed="2,0,0,1,3,90" ten="191,190,200,419" oya="2" hai0="39,9,3,70,36,97,64,46,57,31,30,91,53" hai1="105,125,47,103,99,79,60,67,123,8,81,115,135" hai2="25,134,14,119,77,66,38,24,86,6,1,76,33" hai3="32,7,44,34,131,107,48,132,40,18,124,5,65"/><V52/><F119/><W55/><G107/><T85/><D97/><U89/><E115/><V10/><F38/><W126/><G131/><T98/><D98/><U110/><E125/><N who="3" m="48234" /><G132/><T109/><D109/><U37/><E110/><V84/><F66/><W71/><G18/><T121/><D3/><U82/><E135/><V49/><F1/><W23/><G23/><T117/><D9/><U68/><E123/><V114/><F114/><W20/><G20/><T59/><D59/><U108/><E108/><V102/><F102/><W45/><G65/><T63/><D121/><U2/><E89/><V72/><F72/><W61/><G71/><T50/><D117/><U22/><E22/><V92/><F33/><N who="3" m="12907" /><G61/><T11/><D11/><U96/><E96/><V4/><F4/><W0/><G0/><T83/><D36/><AGARI ba="0,0" hai="5,7,36,40,44,45,48,55" m="12907,48234" machi="36" ten="30,1000,0" yaku="18,1" doraHai="90" who="3" fromWho="0" sc="191,-10,190,0,200,0,419,10" /><INIT seed="3,0,0,5,4,6" ten="181,190,200,429" oya="3" hai0="3,117,32,114,119,14,90,10,62,27,22,48,127" hai1="53,77,1,29,63,121,116,70,71,110,39,24,75" hai2="67,89,130,98,129,94,20,46,126,125,84,133,26" hai3="83,54,36,50,38,25,105,113,78,35,31,120,103"/><W99/><G113/><T74/><D74/><U131/><E53/><V51/><F67/><W122/><G38/><T21/><D114/><U88/><E88/><V82/><F133/><W19/><G19/><N who="0" m="10487" /><D62/><U118/><E121/><V16/><F46/><W73/><G36/><T37/><D37/><U13/><E1/><V33/><F51/><W66/><G66/><T5/><D48/><U124/><E39/><V4/><F4/><W81/><G81/><T12/><D90/><U69/><E110/><V85/><F33/><W15/><G15/><T30/><D127/><N who="2" m="48650" /><F85/><W57/><AGARI ba="0,0" hai="25,31,35,50,54,57,73,78,83,99,103,105,120,122" machi="57" ten="20,2100,0" yaku="0,1,7,1" doraHai="6" who="3" fromWho="3" sc="181,-7,190,-7,200,-7,429,21" owari="174,-32.6,183,-21.7,193,-0.7,450,55.0" /></mjloggm>