<mjloggm ver="2.3"><GO type="225" lobby="0"/><UN n0="%E3%82%82%E3%81%90%E3%82%89" n1="%6D%75%75%6D%75%72%61" n2="%72%69%6F%75%63%68%61%6E" n3="%28%EF%BF%A3%E2%96%BD%EF%BF%A3%29%CE%B4%E2%8C%92%E3%83%BB" dan="17,16,16,16" rate="2225.55,2183.65,2113.50,2121.60" sx="M,F,M,M"/><TAIKYOKU oya="0"/><INIT seed="0,0,0,4,1,60" ten="250,250,250,250" oya="0" hai0="25,115,76,88,47,103,31,7,11,61,95,116,83" hai1="121,96,73,100,30,9,129,105,104,3,128,6,86" hai2="33,1,66,99,43,81,45,57,135,15,122,124,44" hai3="130,12,27,87,35,102,40,38,77,41,51,16,17"/><T36/><D116/><U118/><E118/><V84/><F122/><W63/><G38/><T110/><D115/><U80/><E121/><V126/><F1/><W68/><G130/><N who="1" m="50282" /><E30/><V117/><F135/><W52/><G102/><T0/><D103/><U119/><E119/><V98/><F117/><W8/><G68/><T5/><D5/><U123/><E123/><V13/><F33/><W53/><G35/><T106/><D106/><N who="1" m="63751" /><E73/><V111/><F111/><W54/><G63/><T46/><D110/><U82/><E82/><V125/><F99/><W93/><G51/><T29/><D61/><U97/><E97/><V112/><F112/><W48/><G48/><T90/><D31/><U89/><AGARI ba="0,0" hai="3,6,9,80,86,89,104,105" m="63751,50282" machi="89" ten="30,1100,0" yaku="19,1" doraHai="60" who="1" fromWho="1" sc="250,-5,250,11,250,-3,250,-3" /><INIT seed="1,0,0,0,1,97" ten="245,261,247,247" oya="1" hai0="115,2,36,56,13,122,1,63,18,109,29,62,28" hai1="95,84,19,76,123,67,58,53,39,6,116,130,125" hai2="61,46,25,30,93,107,78,114,22,73,131,14,31" hai3="121,120,86,127,88,89,112,98,55,75,7,21,105"/><U87/><E116/><V74/><F107/><W33/><G33/><T124/><D36/><U100/><E123/><N who="3" m="47178" /><G55/><T0/><D122/><U59/><E39/><V103/><F131/><W113/><G21/><T60/><D115/><N who="3" m="44105" /><G7/><T82/><D109/><U64/><E130/><V132/><F132/><W99/><G127/><T15/><D124/><U102/><E125/><V9/><F114/><W20/><G20/><T83/><D56/><U70/><E70/><V96/><F78/><W90/><G75/><T52/><D52/><U4/><E19/><V135/><F135/><W80/><G105/><T24/><D24/><U81/><E95/><V51/><F31/><N who="0" m="11850" /><D18/><U79/><E53/><V66/><F51/><W101/><G101/><T94/><D94/><U3/><E81/><AGARI ba="0,0" hai="0,1,2,13,15,60,62,63,81,82,83" m="11850" machi="81" ten="40,2600,0" yaku="28,2" doraHai="97" who="0" fromWho="1" sc="245,26,261,-26,247,0,247,0" /><INIT seed="2,0,0,3,1,121" ten="271,235,247,247" oya="2" hai0="26,88,5,53,23,83,46,103,86,85,28,37,42" hai1="109,67,91,33,81,47,0,122,87,115,41,113,84" hai2="80,124,131,74,65,48,73,22,129,127,2,111,52" hai3="60,102,12,125,24,92,70,99,123,135,93,107,110"/><V130/><F111/><W132/><G123/><T35/><D103/><U29/><E122/><V45/><F2/><W10/><G110/><T44/><D5/><U40/><E0/><V119/><F119/><W20/><G125/><N who="2" m="48201" /><F65/><N who="3" m="41255" /><G12/><T43/><D53/><U4/><E4/><V63/><F63/><W51/><G10/><T98/><D98/><U3/><E3/><V104/><F104/><W117/><G51/><T116/><D116/><U31/><E109/><V58/><F22/><W6/><G6/><T21/><REACH who="0" step="1"/><D86/><REACH who="0" ten="261,235,247,247" step="2"/><U36/><E67/><V128/><F128/><W90/><G117/><T13/><D13/><U97/><E97/><V38/><F80/><W114/><G99/><T17/><D17/><U56/><E84/><V61/><F38/><AGARI ba="0,1" hai="21,23,26,28,35,37,38,42,43,44,46,83,85,88" machi="38" ten="30,12000,2" yaku="1,1,7,1,9,1,54,1,53,2" doraHai="121" doraHaiUra="18" who="0" fromWho="2" sc="261,130,235,0,247,-120,247,0" /><INIT seed="3,0,0,3,3,75" ten="391,235,127,247" oya="3" hai0="122,72,5,64,0,74,102,34,62,68,106,111,123" hai1="46,53,79,89,108,101,109,134,52,58,112,107,39" hai2="95,51,21,38,133,57,15,110,65,14,116,114,7" hai3="49,4,99,59,73,131,125,11,1,29,81,36,113"/><W80/><G36/><T86/><D86/><U77/><E112/><V23/><F114/><W129/><G113/><T48/><D48/><N who="1" m="28695" /><E39/><V135/><F116/><W43/><G125/><T28/><D5/><U132/><E89/><V78/><F110/><N who="1" m="42601" /><E101/><V97/><F38/><W90/><G29/><T54/><D54/><U16/><E16/><V83/><F135/><N who="1" m="51753" /><E107/><V6/><F133/><W41/><G59/><T121/><D0/><U69/><E69/><V44/><F57/><W63/><G63/><AGARI ba="0,0" hai="53,58,63,77,79" m="51753,42601,28695" machi="63" ten="30,8000,1" yaku="14,1,20,1,52,2,54,1" doraHai="75" who="1" fromWho="3" sc="391,0,235,80,127,0,247,-80" owari="391,49.1,315,11.5,127,-37.3,167,-23.3" /></mjloggm>