<mjloggm ver="2.3"><GO type="225" lobby="0"/><UN n0="%E6%81%A5%E6%99%92%E3%81%97" n1="%6B%69%72%61%64%6F%6B%69" n2="%E3%82%BC%E3%83%AB%E3%83%80%E3%81%AE%E4%BC%9D%E8%AA%AC" n3="%E6%A1%9C%E8%8A%B1%E9%96%83%E3%80%85" dan="16,16,18,16" rate="2128.76,2113.47,2213.08,2107.84" sx="M,M,M,M"/><TAIKYOKU oya="0"/><INIT seed="0,0,0,1,0,94" ten="250,250,250,250" oya="0" hai0="40,79,2,43,65,110,1,97,13,58,51,91,7" hai1="53,56,101,52,96,3,55,60,39,0,31,28,16" hai2="124,41,24,42,61,125,95,18,30,4,70,21,90" hai3="22,89,100,76,134,112,9,15,34,17,99,46,25"/><T48/><D110/><U135/><E39/><V118/><F118/><W116/><G116/><T103/><D79/><U131/><E131/><V54/><F4/><W5/><G134/><T109/><D109/><U74/><E74/><V105/><F105/><W23/><G112/><T126/><D126/><N who="2" m="48746" /><F30/><W121/><G121/><T114/><D114/><U83/><E83/><V117/><F117/><W69/><G69/><T122/><D122/><U50/><E135/><V119/><F119/><W107/><G76/><T10/><D2/><U62/><E0/><V123/><F123/><W12/><G34/><T86/><D1/><U6/><E3/><V66/><F54/><N who="1" m="20489" /><E6/><V102/><F102/><W36/><G89/><T98/><D98/><AGARI ba="0,0" hai="18,21,24,41,42,61,66,70,90,95,98" m="48746" machi="98" ten="30,2000,0" yaku="18,1,52,1" doraHai="94" who="2" fromWho="0" sc="250,-20,250,0,250,20,250,0" /><INIT seed="1,0,0,5,5,98" ten="230,250,270,250" oya="1" hai0="78,86,9,95,79,61,116,16,67,63,34,90,7" hai1="104,82,112,121,134,65,18,71,37,0,124,10,19" hai2="44,120,85,68,127,133,21,35,100,49,62,31,129" hai3="22,6,11,66,70,52,83,94,54,53,42,50,110"/><U97/><E112/><V29/><F120/><W15/><G110/><T109/><D34/><U102/><E121/><V74/><F74/><W119/><G119/><T12/><D116/><U99/><E124/><V64/><F127/><W91/><G70/><T8/><D109/><U131/><E131/><V130/><F133/><W59/><G66/><T118/><D118/><U106/><E37/><V3/><F3/><W26/><G83/><T93/><D63/><U92/><E134/><V105/><F21/><W113/><G42/><T96/><D8/><U58/><E71/><V69/><F69/><W108/><G113/><T76/><D7/><U126/><E82/><V51/><F85/><N who="3" m="52591" /><G108/><T135/><D135/><U46/><E46/><V43/><F51/><W111/><G111/><T72/><D72/><U2/><E126/><V107/><F107/><W56/><G50/><T115/><D115/><U27/><E104/><V122/><F122/><W1/><G1/><T40/><D40/><U57/><E0/><V80/><F80/><W114/><G114/><T88/><D61/><U89/><E65/><AGARI ba="0,0" hai="9,12,16,65,67,76,78,79,86,88,90,93,95,96" machi="65" ten="40,5200,0" yaku="8,1,54,2" doraHai="98" who="0" fromWho="1" sc="230,52,250,-52,270,0,250,0" /><INIT seed="2,0,0,1,0,92" ten="282,198,270,250" oya="2" hai0="53,38,61,106,54,131,40,125,7,2,105,120,81" hai1="49,19,84,74,80,10,22,129,90,119,133,60,36" hai2="51,39,134,68,11,43,26,110,29,91,47,117,58" hai3="93,78,50,76,114,14,8,18,3,77,132,56,85"/><V21/><F117/><W107/><G107/><T104/><D120/><U130/><E119/><V46/><F68/><W102/><G132/><T17/><D125/><U115/><E36/><V121/><F121/><W103/><G3/><T89/><D131/><U108/><E115/><V35/><F134/><W126/><G126/><T45/><D61/><U5/><E133/><V86/><F110/><W99/><G114/><T111/><D111/><U70/><E108/><V88/><F58/><W65/><G102/><T98/><D17/><U66/><E74/><V118/><F118/><W79/><G79/><T87/><D7/><U42/><E42/><V94/><F11/><W59/><G65/><T71/><D2/><U57/><E49/><V100/><F100/><W73/><G73/><T124/><D71/><U55/><E70/><V101/><F101/><W135/><G135/><T67/><D67/><U62/><E62/><V25/><F91/><W9/><G9/><T109/><D109/><U116/><E116/><V113/><F113/><W127/><G127/><T64/><D64/><U95/><E66/><V37/><REACH who="2" step="1"/><F47/><REACH who="2" ten="282,198,260,250" step="2"/><W128/><G128/><T52/><D124/><U69/><E69/><V34/><F34/><W83/><G59/><T1/><D1/><N who="1" m="303" /><E130/><V13/><F13/><W16/><G18/><AGARI ba="0,1" hai="18,21,25,26,29,35,37,39,43,46,51,86,88,94" machi="18" ten="30,5800,0" yaku="1,1,7,1,54,1,53,0" doraHai="92" doraHaiUra="33" who="2" fromWho="3" sc="282,0,198,0,260,68,250,-58" /><INIT seed="2,1,0,2,1,78" ten="282,198,328,192" oya="2" hai0="88,55,130,13,26,54,60,22,83,45,109,5,100" hai1="15,56,59,119,104,91,115,51,33,63,124,12,94" hai2="21,29,134,106,14,71,107,9,28,38,81,86,47" hai3="129,11,68,103,19,131,135,93,36,128,132,1,40"/><V48/><F71/><W87/><G68/><T32/><D109/><U80/><E115/><V8/><F38/><W17/><G40/><T117/><D130/><N who="3" m="33281" /><W37/><DORA hai="57" /><G1/><T65/><D117/><U0/><E119/><V96/><F134/><N who="3" m="51243" /><G11/><N who="0" m="4335" /><D32/><U43/><E124/><V74/><F74/><W46/><G103/><T98/><D100/><U64/><E33/><V3/><F3/><W35/><G35/><T6/><D6/><U4/><E104/><V76/><F96/><W10/><G10/><T95/><D45/><N who="1" m="26047" /><E0/><V112/><F112/><W42/><G36/><T110/><D110/><U111/><E111/><V27/><F9/><W77/><G93/><T82/><D65/><N who="1" m="39143" /><E4/><N who="2" m="3335" /><F107/><W49/><G37/><T2/><D2/><U97/><E80/><AGARI ba="1,0" hai="17,19,42,46,49,77,80,87" m="51243,33281" machi="80" ten="50,6400,0" yaku="19,1,20,1,52,1" doraHai="78,57" who="3" fromWho="1" sc="282,0,198,-67,328,0,192,67" /><INIT seed="3,0,0,3,3,106" ten="282,131,328,259" oya="3" hai0="58,64,4,129,57,63,33,48,0,107,75,42,70" hai1="77,62,23,74,19,119,127,28,121,40,22,10,9" hai2="18,30,24,85,104,123,112,65,87,41,51,116,115" hai3="14,84,68,27,118,56,82,49,90,103,21,79,12"/><W47/><G118/><T2/><D107/><U11/><E40/><V86/><F116/><W31/><G68/><T71/><D33/><U39/><E62/><V26/><F104/><W126/><G126/><T44/><D129/><U45/><E45/><N who="2" m="26031" /><F115/><W76/><G103/><T108/><D108/><U101/><E101/><V3/><F3/><W81/><G56/><T35/><D35/><U102/><E102/><V114/><F114/><W130/><G130/><T89/><D89/><U80/><E119/><V59/><F112/><W132/><G132/><T15/><D58/><U100/><E100/><V133/><F133/><W55/><REACH who="3" step="1"/><G90/><REACH who="3" ten="282,131,328,249" step="2"/><T6/><D71/><U134/><E127/><V131/><F131/><W5/><G5/><T113/><D113/><U36/><E134/><V8/><F123/><W60/><G60/><T110/><D6/><U96/><E121/><V54/><F65/><W20/><G20/><T13/><D4/><U1/><E1/><V83/><F59/><W67/><G67/><T34/><D34/><U73/><E96/><V17/><F8/><W93/><G93/><T29/><D70/><U72/><E28/><V99/><F99/><W25/><G25/><T37/><D29/><U43/><E22/><V69/><F69/><W52/><G52/><N who="0" m="31879" /><D2/><U88/><E88/><N who="2" m="51263" /><F54/><W128/><G128/><T111/><D0/><U117/><E117/><V105/><F105/><W53/><G53/><T46/><D110/><U97/><E97/><V50/><F24/><W124/><G124/><T109/><D111/><U125/><E125/><V98/><F30/><W92/><G92/><RYUUKYOKU ba="0,1" sc="282,-10,131,-10,328,-10,249,30" hai3="12,14,21,27,31,47,49,55,76,79,81,82,84" /><INIT seed="3,1,1,4,2,135" ten="272,121,318,279" oya="3" hai0="21,80,112,46,52,15,102,99,114,79,53,45,103" hai1="116,20,11,18,5,104,37,63,0,81,123,91,19" hai2="74,84,22,75,26,90,70,7,4,40,35,119,98" hai3="95,2,78,60,1,69,77,133,12,109,3,94,124"/><W50/><G133/><T132/><D132/><U64/><E123/><V36/><F119/><W111/><G124/><T92/><D112/><U27/><E116/><V32/><F70/><W105/><G105/><T67/><D114/><U101/><E37/><V125/><F125/><W87/><G12/><T6/><D67/><U76/><E91/><V96/><F36/><W73/><G73/><T120/><D103/><U126/><E101/><V106/><F40/><W71/><G50/><T129/><D129/><U72/><E104/><V100/><F96/><W34/><G34/><T54/><D120/><U17/><REACH who="1" step="1"/><E126/><REACH who="1" ten="272,111,318,279" step="2"/><V61/><F90/><N who="3" m="53599" /><G95/><T42/><D42/><U117/><E117/><V23/><F100/><W51/><G51/><T65/><D79/><N who="3" m="30217" /><G60/><T41/><D41/><U85/><E85/><V89/><F84/><W49/><G49/><T10/><D80/><U16/><E16/><V33/><F61/><W44/><G44/><T128/><D128/><U130/><E130/><V83/><F83/><W38/><G38/><T58/><D46/><U113/><E113/><V134/><F134/><W8/><G8/><T68/><D45/><U82/><E82/><V55/><F106/><W14/><G111/><T29/><D29/><U127/><E127/><V88/><F89/><W13/><G109/><T62/><D68/><U9/><E9/><V131/><F131/><W121/><G121/><T39/><D39/><U59/><AGARI ba="1,2" hai="0,5,11,17,18,19,20,27,59,63,64,72,76,81" machi="59" ten="20,2700,0" yaku="1,1,0,1,7,1,53,0" doraHai="135" doraHaiUra="48" who="1" fromWho="1" sc="272,-8,111,50,318,-8,279,-14" owari="264,-13.6,161,-33.9,310,41.0,265,6.5" /></mjloggm>