<mjloggm ver="2.3"><GO type="225" lobby="0"/><UN n0="%E3%81%82%E3%81%99%E3%81%AB%E3%82%83%E3%82%80" n1="%E5%8C%97%E6%AC%A7%E3%81%AE%E3%82%82%E3%81%93%E3%81%86" n2="%6D%75%75%6D%75%72%61" n3="%6E%65%77%E8%BC%AA%E5%A4%A7%E7%B4%8D%E8%A8%80" dan="16,17,16,16" rate="2105.99,2129.22,2148.52,2101.45" sx="F,M,F,M"/><TAIKYOKU oya="0"/><INIT seed="0,0,0,5,3,124" ten="250,250,250,250" oya="0" hai0="53,29,118,86,121,43,114,93,89,105,90,6,61" hai1="19,103,51,73,39,66,113,76,83,64,63,0,116" hai2="36,18,15,131,80,55,119,60,91,8,26,45,1" hai3="47,94,41,115,48,100,130,10,99,4,127,109,16"/><T9/><D114/><U98/><E39/><V125/><F125/><W52/><G115/><T27/><D118/><U129/><E113/><V108/><F108/><W57/><G127/><T104/><D121/><U12/><E0/><V97/><F119/><W58/><G109/><T88/><D43/><U2/><E2/><V96/><F1/><W70/><G70/><T74/><D74/><U128/><E116/><V102/><F131/><N who="1" m="50249" /><E51/><N who="2" m="29167" /><F36/><W107/><G130/><T37/><D37/><U79/><E79/><V46/><F46/><W75/><G75/><T69/><D105/><N who="1" m="63735" /><E63/><V30/><F60/><W84/><G16/><T82/><D104/><U112/><E112/><V133/><F133/><W40/><G40/><T5/><D82/><U50/><E50/><V13/><F102/><W132/><G132/><T28/><D61/><U101/><E101/><V24/><F91/><W117/><G117/><T122/><D89/><U81/><E81/><V7/><F80/><W62/><G58/><T20/><D90/><U85/><E73/><V56/><F56/><W32/><G32/><T14/><D69/><U135/><E135/><V65/><F65/><W77/><G107/><T68/><D68/><U120/><E120/><V95/><F95/><W11/><REACH who="3" step="1"/><G4/><REACH who="3" ten="250,250,250,240" step="2"/><T92/><D5/><U49/><E49/><V38/><F38/><W123/><G123/><T33/><D122/><U106/><E106/><V71/><F71/><W134/><G134/><T42/><D42/><U67/><E19/><V31/><F31/><W126/><G126/><T35/><D29/><U3/><E3/><V25/><F30/><RYUUKYOKU ba="0,1" sc="250,-30,250,10,250,10,240,10" hai1="12,64,66,67,76,83,85" hai2="7,8,13,15,18,24,25,26,96,97" hai3="10,11,41,47,48,52,57,62,77,84,94,99,100" /><INIT seed="1,1,1,5,5,26" ten="220,260,260,250" oya="1" hai0="97,77,101,13,100,89,115,60,67,112,124,62,36" hai1="30,45,93,130,66,86,40,61,111,11,131,128,41" hai2="120,15,59,98,95,52,106,129,82,3,88,96,43" hai3="127,92,49,74,104,50,103,9,1,57,31,99,94"/><U6/><E111/><V46/><F3/><W126/><G74/><T39/><D77/><U27/><E93/><N who="3" m="35946" /><G57/><T84/><D13/><N who="1" m="5367" /><E86/><N who="2" m="50263" /><F106/><W125/><G31/><T80/><D84/><U87/><E87/><V91/><F120/><W37/><G37/><T8/><D80/><U22/><E45/><V20/><F129/><W54/><G54/><T18/><D89/><U65/><E65/><V12/><F98/><W23/><G23/><T35/><D97/><U122/><E122/><V68/><F68/><AGARI ba="1,1" hai="22,27,30,40,41,61,66,68,128,130,131" m="5367" machi="68" ten="30,2900,0" yaku="19,1,52,1" doraHai="26" who="1" fromWho="2" sc="220,0,260,42,260,-32,250,0" /><INIT seed="1,2,0,4,5,106" ten="220,302,228,250" oya="1" hai0="66,32,135,120,34,62,41,109,103,16,2,101,115" hai1="52,82,130,0,89,51,3,57,116,48,71,29,133" hai2="112,117,72,22,99,98,9,104,19,18,126,111,13" hai3="46,91,6,124,53,35,55,7,100,50,90,30,63"/><U87/><E116/><V47/><F117/><W36/><G124/><T1/><D115/><U58/><E71/><V28/><F126/><W24/><G100/><T128/><D120/><U119/><E119/><V85/><F112/><W78/><G78/><T14/><D109/><U73/><E130/><V81/><F111/><W39/><G63/><T95/><D128/><U31/><E133/><V83/><F28/><W77/><G77/><T88/><D41/><U97/><E97/><V93/><F104/><W74/><G74/><T125/><D135/><U79/><E0/><V37/><F72/><W122/><G122/><T132/><D132/><U105/><E3/><V23/><F9/><W5/><REACH who="3" step="1"/><G55/><REACH who="3" ten="220,302,228,240" step="2"/><T121/><D125/><U107/><E79/><V4/><F98/><W123/><G123/><T68/><D101/><U17/><E73/><V20/><F99/><W42/><G42/><T108/><D103/><U69/><E52/><V70/><F85/><W67/><G67/><T80/><D121/><U38/><E87/><V27/><F70/><W113/><G113/><T40/><D40/><U76/><E76/><V10/><F27/><W56/><G56/><T64/><D66/><U92/><E58/><V129/><F129/><W131/><G131/><T21/><D108/><U11/><E57/><V25/><F25/><W65/><G65/><T54/><D54/><U127/><E69/><V60/><F60/><W86/><G86/><T75/><D75/><U96/><E96/><V15/><F47/><W110/><G110/><T134/><D134/><U8/><E127/><V118/><F118/><RYUUKYOKU ba="2,1" sc="220,-10,302,-10,228,-10,240,30" hai3="5,6,7,24,30,35,36,39,46,50,53,90,91" /><INIT seed="2,3,1,5,5,54" ten="210,292,218,270" oya="2" hai0="122,6,116,126,131,38,17,51,128,108,78,117,44" hai1="68,134,61,24,22,1,97,102,48,34,36,77,101" hai2="29,60,132,121,96,105,133,84,23,135,2,119,8" hai3="67,129,15,52,11,65,127,0,103,95,18,71,130"/><V115/><F119/><N who="0" m="45642" /><D6/><U35/><E36/><V55/><F115/><W88/><G127/><T26/><D126/><U112/><E112/><V53/><F121/><W70/><G103/><T63/><D122/><U12/><E1/><V109/><F109/><W27/><G0/><T56/><D78/><U64/><E134/><V80/><F29/><W69/><G27/><T45/><D108/><U76/><E12/><V43/><F43/><W98/><REACH who="3" step="1"/><G52/><REACH who="3" ten="210,292,218,260" step="2"/><N who="0" m="29799" /><D26/><U94/><E24/><V50/><F60/><W59/><G59/><T90/><D90/><U87/><E61/><V47/><F55/><W81/><G81/><T72/><D72/><U13/><E102/><V118/><F118/><W10/><G10/><T106/><D106/><U33/><E101/><N who="2" m="62631" /><F23/><W32/><G32/><T107/><D107/><U57/><E22/><V113/><F113/><W66/><AGARI ba="3,2" hai="11,15,18,65,66,67,69,70,71,88,95,98,129,130" machi="66" ten="40,8000,1" yaku="1,1,0,1,54,1,53,1" doraHai="54" doraHaiUra="93" who="3" fromWho="3" sc="210,-23,292,-23,218,-43,260,109" /><INIT seed="3,0,0,0,3,61" ten="187,269,175,369" oya="3" hai0="126,106,82,101,112,109,98,52,8,15,58,38,1" hai1="130,128,49,68,88,124,13,67,74,121,48,26,3" hai2="100,118,75,9,104,29,119,5,65,37,91,55,79" hai3="24,111,70,10,81,105,21,110,108,73,43,28,31"/><W71/><G105/><T107/><D1/><U90/><E3/><V76/><F37/><W33/><G43/><T27/><D38/><U11/><E74/><V18/><F29/><W16/><G10/><T77/><D109/><U20/><E121/><V14/><F118/><W62/><G62/><T80/><D126/><U47/><E124/><V125/><F125/><W60/><G60/><T87/><D27/><U133/><E133/><V123/><F119/><W102/><G102/><T122/><D122/><U94/><E68/><N who="3" m="26154" /><G33/><T95/><D82/><U78/><E78/><AGARI ba="0,0" hai="16,21,24,28,31,73,78,81,108,110,111" m="26154" machi="78" ten="40,7700,0" yaku="14,1,10,1,54,1" doraHai="61" who="3" fromWho="1" sc="187,0,269,-77,175,0,369,77" owari="187,-21.3,192,-0.8,175,-32.5,446,54.6" /></mjloggm>