<mjloggm ver="2.3"><GO type="225" lobby="0"/><UN n0="%E3%82%BC%E3%83%AB%E3%83%80%E3%81%AE%E4%BC%9D%E8%AA%AC" n1="%6E%69%63%6F%6E%74%6F" n2="%33%74%72%65%65" n3="%E5%8D%A0%E3%81%84%E5%B8%AB%E8%A3%8F%E3%81%AA%E3%81%84%E3%81%97" dan="17,16,16,17" rate="2249.97,2082.56,2171.49,2213.72" sx="M,M,F,M"/><TAIKYOKU oya="0"/><INIT seed="0,0,0,3,5,99" ten="250,250,250,250" oya="0" hai0="59,75,117,109,21,95,22,86,26,115,28,38,119" hai1="112,40,111,48,2,31,1,69,74,82,37,61,68" hai2="133,89,108,36,0,60,76,16,122,72,77,128,11" hai3="19,20,71,7,93,116,29,57,50,87,45,78,4"/><T65/><D115/><U51/><E31/><V8/><F122/><W33/><G71/><N who="1" m="27210" /><E82/><V79/><F72/><W123/><G116/><T98/><D75/><U80/><E80/><V46/><F108/><W107/><G107/><T121/><D109/><U94/><E94/><V17/><F128/><W49/><G123/><T64/><D121/><U58/><E74/><V53/><F133/><W84/><G33/><T43/><D86/><U131/><E2/><V83/><F36/><W85/><G29/><T14/><D14/><U101/><E101/><V6/><F11/><W113/><G113/><T30/><D21/><U41/><E1/><V63/><F46/><W88/><G57/><T127/><D30/><U124/><E111/><V105/><F105/><W52/><G49/><N who="1" m="19018" /><E112/><V91/><F83/><N who="3" m="47223" /><G85/><T54/><D117/><U135/><E135/><V5/><F79/><W62/><G62/><T67/><D119/><U34/><E34/><V100/><F0/><W12/><AGARI ba="0,0" hai="4,7,12,19,20,45,50,52,87,88,93" m="47223" machi="12" ten="30,4000,0" yaku="8,1,54,2" doraHai="99" who="3" fromWho="3" sc="250,-20,250,-10,250,-10,250,40" /><INIT seed="1,0,0,1,1,96" ten="230,240,240,290" oya="1" hai0="53,5,85,44,88,131,100,83,67,17,32,2,111" hai1="39,24,92,76,79,90,133,95,64,105,13,37,127" hai2="112,58,28,54,74,115,93,101,11,78,56,49,113" hai3="41,75,61,124,66,14,82,102,62,48,122,46,63"/><U1/><E1/><V118/><F118/><W84/><G122/><T52/><D32/><U12/><E105/><V47/><F28/><W57/><G75/><T23/><D111/><U38/><E133/><V68/><F68/><W94/><G124/><T135/><D135/><U116/><E116/><V98/><REACH who="2" step="1"/><F11/><REACH who="2" ten="230,240,230,290" step="2"/><W106/><G66/><T87/><D131/><U132/><E127/><V21/><F21/><W60/><G106/><T108/><D108/><U59/><E132/><V89/><F89/><W130/><G130/><T123/><D123/><U34/><E90/><V126/><F126/><W128/><G128/><T25/><D67/><U70/><E70/><V86/><F86/><W9/><G84/><T80/><D100/><U4/><E79/><V30/><F30/><W91/><G102/><T51/><D2/><U107/><E76/><V43/><F43/><W73/><G73/><T119/><D119/><U81/><E34/><V42/><F42/><W16/><G82/><AGARI ba="0,1" hai="47,49,54,56,58,74,78,82,93,98,101,112,113,115" machi="82" ten="40,5200,0" yaku="1,1,11,1,52,1,53,0" doraHai="96" doraHaiUra="134" who="2" fromWho="3" sc="230,0,240,0,230,62,290,-52" /><INIT seed="2,0,0,4,2,15" ten="230,240,292,238" oya="2" hai0="114,30,115,50,86,57,91,42,110,62,89,63,45" hai1="100,68,67,83,80,6,19,24,120,10,38,13,39" hai2="61,73,72,81,14,66,49,102,69,82,93,0,7" hai3="29,4,55,123,97,54,47,103,113,95,99,105,43"/><V3/><F14/><W5/><G123/><T90/><D110/><U9/><E120/><V87/><F49/><W25/><G113/><T85/><D115/><U1/><E100/><V53/><F53/><W28/><G55/><T127/><D127/><U36/><REACH who="1" step="1"/><E24/><REACH who="1" ten="230,230,292,238" step="2"/><V130/><F102/><W59/><G25/><T94/><D114/><U131/><E131/><V133/><F130/><W21/><G103/><T104/><D104/><U129/><E129/><V46/><F133/><W40/><G105/><T109/><D109/><U23/><E23/><V124/><F124/><W126/><G21/><T128/><D128/><U58/><E58/><V92/><F69/><W88/><G59/><T35/><D35/><U135/><E135/><V134/><F134/><W60/><G126/><T56/><D56/><U8/><E8/><V48/><F72/><W11/><G11/><T78/><D57/><U108/><E108/><V101/><F73/><W119/><G60/><AGARI ba="0,1" hai="1,6,9,10,13,19,36,38,39,60,67,68,80,83" machi="60" ten="40,2600,0" yaku="1,1,52,1,53,0" doraHai="15" doraHaiUra="116" who="1" fromWho="3" sc="230,0,230,36,292,0,238,-26" /><INIT seed="3,0,0,1,4,103" ten="230,266,292,212" oya="3" hai0="25,56,91,112,76,83,26,99,8,54,93,100,22" hai1="90,16,45,78,50,119,124,53,43,33,18,20,135" hai2="97,35,1,9,87,133,47,110,27,116,66,128,132" hai3="121,134,21,2,70,48,111,29,60,40,88,117,32"/><W126/><G117/><T37/><D37/><U92/><E33/><V105/><F116/><W41/><G121/><T7/><D112/><U89/><E119/><V107/><F110/><W113/><G113/><T80/><D100/><U108/><E108/><V15/><F128/><W120/><G120/><T98/><D98/><U94/><E135/><N who="2" m="51787" /><F1/><W73/><G111/><T79/><D83/><U82/><E124/><V6/><F66/><W34/><G134/><T131/><D131/><U51/><E78/><V42/><F87/><W123/><G123/><T86/><D79/><U28/><E28/><N who="2" m="19871" /><F97/><W104/><G2/><T38/><D38/><AGARI ba="0,0" hai="6,9,15,38,42,47,105,107" m="19871,51787" machi="38" ten="30,3900,0" yaku="20,1,52,2" doraHai="103" who="2" fromWho="0" sc="230,-39,266,0,292,39,212,0" owari="191,-30.9,266,6.6,331,43.1,212,-18.8" /></mjloggm>