<mjloggm ver="2.3"><GO type="225" lobby="0"/><UN n0="%E3%81%BF%E3%81%BF%E3%81%9A" n1="%E3%82%B2%E3%82%B9%E8%8C%82%E5%8B%9D" n2="%E5%B0%8F%37%34" n3="%33%74%72%65%65" dan="16,16,16,16" rate="2109.43,2058.01,2113.02,2085.63" sx="M,F,M,F"/><TAIKYOKU oya="0"/><INIT seed="0,0,0,4,3,35" ten="250,250,250,250" oya="0" hai0="23,31,97,57,37,127,51,2,119,83,34,117,18" hai1="48,133,95,59,129,87,45,122,71,43,6,65,123" hai2="114,125,81,11,60,1,26,100,61,10,128,130,93" hai3="40,88,124,91,54,121,75,118,73,53,98,7,108"/><T131/><D37/><U5/><E129/><N who="2" m="49771" /><F114/><W101/><G118/><T103/><BYE who="3" /><D83/><U44/><E133/><V22/><F125/><W9/><G9/><UN n3="%33%74%72%65%65" /><T63/><D127/><U13/><E71/><V55/><F81/><W33/><G33/><T24/><D131/><U82/><E95/><V78/><F78/><W0/><G40/><T104/><D51/><U69/><E69/><V46/><F46/><W107/><G124/><T120/><D2/><U84/><E44/><V112/><F112/><W67/><G67/><T113/><D120/><U86/><E82/><V12/><F55/><W17/><G17/><T15/><REACH who="0" step="1"/><D113/><REACH who="0" ten="240,250,250,250" step="2"/><U80/><E80/><V111/><F1/><W76/><G121/><T89/><D89/><U94/><E122/><V77/><F77/><W92/><G76/><T39/><D39/><U58/><E123/><V28/><F60/><W29/><G91/><T19/><D19/><U70/><E48/><V50/><F61/><W8/><G29/><T30/><D30/><U116/><E116/><V110/><F50/><W27/><G88/><T90/><D90/><U64/><E5/><V4/><F100/><W74/><G101/><T105/><D105/><U14/><E6/><N who="2" m="3159" /><F93/><W21/><G92/><T115/><D115/><U96/><E94/><V41/><F41/><W56/><G107/><T79/><D79/><U16/><E43/><V36/><F36/><W52/><G0/><T66/><AGARI ba="0,1" hai="15,18,23,24,31,34,57,63,66,97,103,104,117,119" machi="66" ten="20,3900,0" yaku="1,1,0,1,7,1,53,0" doraHai="35" doraHaiUra="42" who="0" fromWho="0" sc="240,49,250,-13,250,-13,250,-13" /><INIT seed="0,1,0,3,2,39" ten="289,237,237,237" oya="0" hai0="96,47,78,102,5,107,126,95,123,28,37,113,72" hai1="48,105,121,49,87,97,98,61,65,71,67,40,68" hai2="79,35,77,25,0,31,100,19,106,66,110,16,30" hai3="132,7,34,3,56,73,14,112,12,70,15,89,6"/><T103/><D113/><U84/><E121/><V41/><F110/><W63/><G112/><T57/><D123/><U1/><E61/><V94/><F0/><W91/><G132/><T8/><D126/><U69/><E1/><V59/><F106/><W81/><G70/><T135/><D135/><U131/><E105/><V115/><F115/><W29/><G34/><T58/><D28/><U38/><E38/><V22/><F35/><W88/><G29/><T128/><D128/><U104/><E104/><V21/><F41/><W82/><G73/><T23/><D23/><U32/><E32/><V51/><F100/><W127/><G127/><T86/><D47/><U33/><E33/><V24/><F94/><W17/><G17/><T64/><D37/><U54/><E54/><N who="2" m="32223" /><F66/><W52/><REACH who="3" step="1"/><G3/><REACH who="3" ten="289,237,237,227" step="2"/><T85/><D72/><U80/><E71/><V10/><F19/><W2/><G2/><T134/><D134/><U4/><E68/><V108/><F108/><W43/><G43/><T45/><D107/><U92/><E69/><V11/><F30/><W42/><G42/><T120/><D120/><U13/><E40/><V62/><F31/><W44/><G44/><T90/><D45/><U130/><E131/><V18/><F18/><W36/><G36/><T114/><D114/><U118/><E130/><V99/><F16/><W117/><G117/><T75/><D75/><U76/><E118/><V60/><F24/><W111/><G111/><T46/><D46/><U9/><E13/><V133/><F25/><W83/><AGARI ba="1,1" hai="6,7,12,14,15,52,56,63,81,82,83,88,89,91" machi="83" ten="40,12000,2" yaku="1,1,0,1,29,2,8,1,54,2,53,0" doraHai="39" doraHaiUra="101" who="3" fromWho="3" sc="289,-61,237,-31,237,-31,227,133" /><INIT seed="1,0,0,0,0,113" ten="228,206,206,360" oya="1" hai0="31,121,55,29,15,17,60,103,94,12,107,57,42" hai1="5,14,1,36,61,18,43,102,50,130,79,118,128" hai2="47,76,9,124,71,44,101,52,68,108,80,40,30" hai3="24,117,70,10,83,33,7,16,120,11,20,104,135"/><U26/><E36/><V112/><F108/><W122/><G104/><T116/><D116/><U72/><E102/><V110/><F110/><W35/><G70/><T97/><D121/><N who="3" m="46697" /><G83/><T64/><D42/><U92/><E92/><V85/><F112/><W46/><G46/><T77/><D77/><U86/><E72/><V23/><F124/><W88/><G88/><T81/><D81/><N who="1" m="47423" /><E26/><V115/><F115/><W109/><G109/><T58/><D107/><U6/><E61/><V127/><F127/><W38/><G38/><T132/><D132/><U3/><E1/><V19/><F101/><W99/><G99/><T56/><D12/><U100/><E100/><V59/><F30/><N who="0" m="11274" /><D64/><U89/><E89/><V65/><F65/><W66/><G66/><T53/><D60/><U48/><E3/><V62/><F9/><AGARI ba="0,0" hai="9,15,17,53,55,56,57,58,94,97,103" m="11274" machi="9" ten="30,1000,0" yaku="8,1" doraHai="113" who="0" fromWho="2" sc="228,10,206,0,206,-10,360,0" /><INIT seed="2,0,0,0,3,72" ten="238,206,196,360" oya="2" hai0="54,130,83,16,23,100,124,128,95,61,66,33,5" hai1="63,118,81,91,28,24,25,97,22,88,90,117,34" hai2="115,4,19,105,125,73,62,52,92,59,46,64,106" hai3="58,12,129,13,85,70,31,113,103,7,120,127,96"/><V86/><F73/><W50/><G70/><T40/><D33/><U53/><E97/><V45/><F115/><W93/><G120/><T132/><D132/><U42/><E42/><V133/><F133/><W131/><G127/><T121/><D121/><U126/><E126/><V94/><F125/><W74/><G74/><T44/><D124/><U15/><E15/><V135/><F135/><W122/><G122/><T112/><D5/><U21/><E34/><V108/><F108/><W102/><G31/><T1/><D1/><U29/><E81/><V6/><F106/><W104/><G7/><N who="2" m="2601" /><F105/><W82/><G102/><T77/><D54/><U99/><E99/><V48/><F19/><W17/><G104/><T78/><D112/><U39/><E39/><V107/><F107/><W68/><G68/><N who="0" m="42063" /><D83/><U11/><E11/><V76/><F46/><W26/><G129/><N who="0" m="49771" /><D95/><U84/><E84/><V56/><F45/><W27/><G131/><T18/><D18/><U80/><E80/><AGARI ba="0,0" hai="48,52,56,59,62,64,76,80,86,92,94" m="2601" machi="80" ten="30,5800,0" yaku="8,1,52,1,54,1" doraHai="72" who="2" fromWho="1" sc="238,0,206,-58,196,58,360,0" /><INIT seed="2,1,0,3,0,91" ten="238,148,254,360" oya="2" hai0="133,92,90,10,102,80,43,23,112,76,94,81,124" hai1="101,36,46,28,126,77,70,68,39,103,16,5,21" hai2="60,0,109,19,3,107,4,118,131,63,65,69,108" hai3="1,55,59,84,100,64,7,35,11,30,54,119,44"/><V29/><F118/><W111/><G111/><N who="2" m="42569" /><F107/><W2/><G119/><T74/><D112/><U132/><E126/><V79/><F131/><W82/><G1/><T123/><D123/><U53/><E132/><V97/><F29/><W98/><G35/><T122/><D122/><U87/><E5/><V26/><F79/><W93/><G30/><T8/><D124/><U50/><E28/><V61/><F97/><W106/><G44/><T20/><D133/><U134/><E134/><V27/><F4/><W129/><G129/><T71/><D71/><U110/><E110/><V88/><F88/><W117/><G117/><T125/><D125/><U121/><E121/><V51/><F51/><W13/><G2/><N who="2" m="553" /><F19/><W6/><G6/><T67/><D102/><U130/><E130/><V72/><F72/><W25/><G106/><T135/><D90/><U89/><E77/><V9/><F9/><W14/><G11/><T99/><D99/><U66/><E39/><V78/><F78/><N who="3" m="46167" /><G7/><T45/><D76/><U48/><E36/><V15/><F15/><N who="3" m="5643" /><G25/><AGARI ba="1,0" hai="25,26,27,60,61,63,65,69" m="553,42569" machi="25" ten="30,2900,0" yaku="14,1,10,1" doraHai="91" who="2" fromWho="3" sc="238,0,148,0,254,32,360,-32" /><INIT seed="2,2,0,0,5,33" ten="238,148,286,328" oya="2" hai0="22,7,69,1,92,36,89,51,29,85,113,37,76" hai1="94,125,121,74,59,127,19,72,13,95,32,18,118" hai2="65,126,90,70,133,77,45,27,55,100,109,104,38" hai3="43,80,28,130,49,47,40,39,54,108,97,79,106"/><V24/><F77/><W91/><G108/><T60/><D113/><U83/><E32/><V102/><F109/><W23/><G130/><T131/><D131/><U53/><E118/><V58/><F133/><W12/><G39/><T68/><D51/><U26/><E26/><V122/><F122/><W134/><G134/><T123/><D123/><U88/><E121/><V110/><F110/><W35/><G35/><T103/><D103/><U135/><E135/><V0/><F0/><W111/><G111/><T132/><D132/><U86/><E72/><V124/><F104/><W21/><G28/><T48/><D76/><U41/><E41/><N who="3" m="15946" /><G106/><T63/><D48/><U96/><E74/><V101/><F38/><W75/><G75/><T10/><D36/><U93/><E96/><V82/><F70/><W119/><G119/><T84/><D37/><U30/><E30/><V16/><F65/><W20/><G79/><T62/><REACH who="0" step="1"/><D84/><REACH who="0" ten="228,148,286,328" step="2"/><U31/><E31/><V61/><F126/><N who="1" m="48137" /><E13/><V128/><F124/><W107/><G12/><T44/><D44/><U52/><E53/><V129/><F128/><W15/><G15/><T73/><D73/><U114/><E114/><V99/><F129/><W66/><G54/><T4/><D4/><U11/><E11/><V115/><F115/><W81/><G47/><T34/><D34/><U46/><E46/><V87/><F45/><W8/><G8/><T57/><D57/><U117/><E117/><V71/><F71/><W67/><G20/><T25/><AGARI ba="2,1" hai="1,7,10,22,25,29,60,62,63,68,69,85,89,92" machi="25" ten="30,7900,0" yaku="1,1,0,1,52,1,53,1" doraHai="33" doraHaiUra="5" who="0" fromWho="0" sc="228,95,148,-22,286,-41,328,-22" /><INIT seed="3,0,0,3,0,19" ten="323,126,245,306" oya="3" hai0="125,9,89,30,128,20,7,119,131,94,126,102,92" hai1="57,33,29,47,48,118,84,40,52,115,67,4,73" hai2="32,121,39,111,81,36,11,80,124,55,74,100,130" hai3="76,64,68,13,122,62,51,3,120,66,22,123,77"/><W82/><G3/><N who="0" m="255" /><D102/><U8/><E73/><V41/><F111/><W93/><G64/><T54/><D119/><U60/><E115/><V72/><F32/><W10/><G22/><T63/><D63/><U42/><E118/><V88/><F100/><W95/><G51/><T18/><D54/><U16/><E33/><V87/><F121/><W97/><G97/><N who="0" m="57487" /><D94/><U103/><E29/><V110/><F110/><W85/><REACH who="3" step="1"/><G76/><REACH who="3" ten="323,126,245,296" step="2"/><T101/><D30/><U59/><E103/><V132/><F36/><W5/><AGARI ba="0,1" hai="5,10,13,62,66,68,77,82,85,93,95,120,122,123" machi="5" ten="30,18000,2" yaku="1,1,2,1,0,1,53,3" doraHai="19" doraHaiUra="117" who="3" fromWho="3" sc="323,-60,126,-60,245,-60,296,190" owari="263,6.3,66,-43.4,185,-21.5,486,58.6" /></mjloggm>