<mjloggm ver="2.3"><GO type="225" lobby="0"/><UN n0="%E3%81%BF%E3%82%84%E3%81%93%E3%82%93%EF%BC%91%EF%BC%90%E6%AD%B3" n1="%65%76%61%63%61%6E%69%61" n2="%E3%81%AA%E3%81%A1%30%39%32%37" n3="%E3%81%BB%E3%81%86%E3%82%88%E3%81%86%E3%81%95%E3%81%8B%E3%81%AA" dan="16,16,16,16" rate="2047.88,2151.23,2083.81,2108.69" sx="M,M,M,M"/><TAIKYOKU oya="0"/><INIT seed="0,0,0,3,1,65" ten="250,250,250,250" oya="0" hai0="100,67,53,16,14,66,109,50,121,118,1,125,123" hai1="83,92,116,0,42,39,108,40,8,62,22,18,119" hai2="3,52,72,57,104,68,9,60,84,80,24,81,19" hai3="95,89,2,127,113,15,88,122,55,76,7,105,98"/><T54/><D118/><U29/><E108/><V112/><F112/><W93/><G2/><T34/><D34/><U128/><E128/><V102/><F104/><W129/><G113/><T6/><D109/><U77/><E92/><V85/><F102/><W48/><G105/><T97/><D125/><U91/><E91/><V5/><F72/><W124/><G129/><T79/><D79/><U56/><E29/><V63/><F24/><W43/><G76/><T73/><D73/><U35/><E35/><V75/><F19/><W99/><G43/><T49/><D6/><U31/><E31/><V33/><F33/><W30/><G30/><T58/><D1/><U114/><E114/><V32/><F32/><W120/><G15/><T64/><D97/><U70/><E39/><V61/><F75/><W41/><G41/><T133/><D100/><U17/><E70/><V82/><REACH who="2" step="1"/><F68/><REACH who="2" ten="250,250,240,250" step="2"/><W117/><G7/><T103/><D103/><U107/><E107/><V71/><F71/><W11/><G117/><T44/><REACH who="0" step="1"/><D133/><REACH who="0" ten="240,250,240,250" step="2"/><U74/><E119/><V21/><F21/><AGARI ba="0,2" hai="14,16,21,44,49,50,53,54,58,64,66,67,121,123" machi="21" ten="40,7700,0" yaku="1,1,2,1,54,1,53,0" doraHai="65" doraHaiUra="101" who="0" fromWho="2" sc="240,97,250,0,240,-77,250,0" /><INIT seed="0,1,0,1,5,14" ten="337,250,163,250" oya="0" hai0="10,91,87,48,37,27,56,18,42,29,75,79,50" hai1="9,7,3,39,2,57,52,34,82,41,28,135,40" hai2="96,130,13,36,120,70,46,121,117,65,60,125,21" hai3="49,55,32,105,30,20,108,72,126,129,81,4,102"/><T47/><D75/><U122/><E122/><V19/><F130/><W115/><G32/><T94/><D79/><U128/><E128/><V100/><F125/><W71/><G71/><T86/><D86/><U64/><E64/><V106/><REACH who="2" step="1"/><F117/><REACH who="2" ten="337,250,153,250" step="2"/><W35/><G126/><T66/><D66/><U119/><E119/><V111/><F111/><W89/><G129/><T97/><D97/><U95/><E135/><V51/><F51/><W63/><G49/><T1/><D50/><U98/><E98/><V133/><F133/><W5/><G108/><T131/><D48/><U6/><E39/><V84/><F84/><W67/><G72/><T15/><D131/><U134/><E134/><V16/><F16/><W132/><G132/><T74/><D74/><U11/><E2/><V85/><F85/><W104/><G63/><T68/><D1/><U77/><E3/><V12/><F12/><W22/><G67/><T114/><D18/><U0/><E0/><V58/><F58/><W38/><G38/><T88/><D56/><U112/><E57/><V110/><F110/><W92/><G4/><T62/><D15/><U43/><E6/><V80/><F80/><W8/><G81/><T53/><D37/><U83/><E7/><V44/><F44/><W69/><G5/><T17/><D47/><U99/><E83/><V26/><F26/><W59/><G59/><T61/><D27/><U45/><E82/><V103/><F103/><W113/><G69/><T123/><D68/><U116/><E116/><V24/><F24/><W33/><G102/><T107/><D87/><U78/><E45/><RYUUKYOKU ba="1,1" sc="337,-10,250,-10,153,30,250,-10" hai2="13,19,21,36,46,60,65,70,96,100,106,120,121" /><INIT seed="1,2,1,3,2,51" ten="327,240,183,240" oya="1" hai0="34,23,40,125,48,86,68,8,6,75,131,18,46" hai1="10,71,115,37,44,55,53,43,65,99,122,24,92" hai2="111,47,104,67,41,30,90,108,127,17,59,22,123" hai3="42,4,3,13,26,70,85,114,97,14,95,130,29"/><U98/><E115/><V79/><F123/><W25/><G114/><T54/><D75/><U62/><E122/><V81/><F104/><W121/><G121/><T91/><D34/><U126/><E126/><V110/><F127/><W96/><G70/><T2/><D68/><U5/><E24/><N who="3" m="9322" /><G3/><T45/><D125/><U61/><E61/><V32/><F32/><W93/><G29/><T12/><D131/><U103/><REACH who="1" step="1"/><E99/><REACH who="1" ten="327,230,183,240" step="2"/><N who="3" m="37962" /><G130/><T38/><D38/><U128/><E128/><V119/><F110/><W112/><G112/><T134/><D134/><U21/><E21/><V19/><F108/><W82/><G42/><T76/><D40/><U15/><AGARI ba="2,2" hai="5,10,15,37,43,44,53,55,62,65,71,92,98,103" machi="15" ten="20,12000,1" yaku="1,1,0,1,7,1,52,2,53,0" doraHai="51" doraHaiUra="116" who="1" fromWho="1" sc="327,-42,230,146,183,-42,240,-42" /><INIT seed="1,3,0,5,1,96" ten="285,376,141,198" oya="1" hai0="30,103,24,67,43,40,74,63,89,21,129,38,62" hai1="11,4,77,131,111,134,72,97,55,37,130,16,1" hai2="5,79,128,27,82,104,112,19,114,41,33,118,93" hai3="76,124,123,45,86,116,56,121,39,12,95,13,35"/><U36/><E134/><V46/><F118/><W31/><G116/><T22/><D74/><U122/><E122/><V48/><F104/><W117/><G117/><T119/><D119/><U61/><E111/><V59/><F128/><W102/><G124/><T100/><D129/><U44/><E97/><V106/><F106/><W99/><G121/><T126/><D126/><U108/><E108/><V6/><F93/><W133/><G123/><T113/><D113/><U60/><E37/><V58/><F58/><W3/><G3/><T69/><D63/><U7/><E7/><V73/><F59/><W57/><G133/><T70/><D70/><U29/><E29/><V71/><F71/><W14/><G35/><T32/><D89/><U80/><E16/><V92/><F92/><W0/><G0/><T9/><D9/><U85/><E85/><V68/><F68/><W65/><G31/><T64/><D64/><U54/><E61/><V26/><F33/><W28/><G28/><T25/><D32/><U101/><E101/><V120/><F120/><W42/><G65/><T18/><REACH who="0" step="1"/><D40/><REACH who="0" ten="275,376,141,198" step="2"/><N who="1" m="22535" /><E60/><V47/><F114/><W78/><REACH who="3" step="1"/><G76/><REACH who="3" ten="275,376,141,188" step="2"/><T20/><D20/><U84/><E131/><V110/><F112/><W107/><G107/><T10/><D10/><U88/><E130/><V98/><F110/><W34/><G34/><T125/><D125/><U49/><E11/><V2/><F79/><W17/><G17/><T87/><D87/><U8/><E84/><V132/><F19/><W81/><AGARI ba="3,2" hai="12,13,14,39,42,45,56,57,78,81,86,95,99,102" machi="81" ten="30,4000,0" yaku="1,1,0,1,52,1,53,0" doraHai="96" doraHaiUra="135" who="3" fromWho="3" sc="275,-13,376,-23,141,-13,188,69" /><INIT seed="2,0,0,3,4,38" ten="262,353,128,257" oya="2" hai0="116,110,79,94,1,126,63,56,125,113,127,75,34" hai1="70,92,24,10,36,33,7,102,16,103,108,85,101" hai2="11,27,134,4,71,132,60,66,55,37,46,25,98" hai3="50,135,80,13,99,100,121,118,43,106,42,59,41"/><V88/><F27/><W26/><G118/><T67/><D34/><U35/><E70/><V107/><F25/><W124/><G121/><T119/><D1/><U65/><E65/><V5/><F5/><W44/><G124/><T120/><D120/><U48/><E36/><V76/><F76/><W111/><G111/><T28/><D113/><U30/><E108/><V39/><F55/><W21/><G135/><N who="2" m="51753" /><F46/><W73/><G13/><T14/><D28/><U12/><E35/><V53/><F53/><W51/><G59/><T68/><D56/><U112/><E112/><V47/><F47/><W86/><G73/><T20/><D110/><U104/><E24/><V64/><F64/><W83/><G50/><T96/><D75/><U105/><E30/><V0/><F88/><W69/><G69/><T62/><D79/><U22/><E33/><V89/><F89/><W17/><G83/><T77/><D77/><AGARI ba="0,0" hai="17,21,26,41,42,43,44,51,77,80,86,99,100,106" machi="77" ten="30,7700,0" yaku="7,1,52,3" doraHai="38" who="3" fromWho="0" sc="262,-77,353,0,128,0,257,77" /><INIT seed="3,0,0,3,1,36" ten="185,353,128,334" oya="3" hai0="12,121,116,32,54,64,53,73,114,51,68,134,126" hai1="131,69,44,13,96,61,92,35,7,98,119,110,86" hai2="47,103,107,41,76,75,42,50,65,48,8,90,105" hai3="106,112,101,130,66,25,26,57,83,135,123,0,71"/><W38/><G123/><T120/><D73/><U40/><E35/><V60/><F103/><W108/><G71/><T55/><D116/><U29/><E29/><V70/><F90/><W11/><G112/><T129/><D32/><U22/><E110/><V122/><F122/><W102/><G38/><T9/><D114/><U84/><E131/><V20/><F20/><W94/><G106/><T99/><D129/><U19/><E7/><V77/><F8/><W5/><G130/><T87/><D99/><U74/><E74/><V3/><F3/><W72/><G135/><T104/><D87/><U56/><E98/><V52/><F75/><W93/><G108/><T97/><D97/><U113/><E69/><V79/><REACH who="2" step="1"/><F42/><REACH who="2" ten="185,353,118,334" step="2"/><W15/><G0/><T27/><D121/><U16/><E22/><V45/><AGARI ba="0,1" hai="41,45,47,48,50,52,60,65,70,76,77,79,105,107" machi="45" ten="30,8000,1" yaku="1,1,2,1,0,1,52,1,54,1,53,0" doraHai="36" doraHaiUra="109" who="2" fromWho="2" sc="185,-20,353,-20,118,90,334,-40" owari="165,-33.5,333,43.3,208,-19.2,294,9.4" /></mjloggm>