<mjloggm ver="2.3"><GO type="225" lobby="0"/><UN n0="%E3%81%AF%E3%82%88%E3%81%8A%E3%81%98%E3%81%95%E3%82%93" n1="%66%72%61%63%74%75%72%65" n2="%E3%81%8F%E3%82%89%E3%82%89" n3="%54%4F%52" dan="17,16,17,17" rate="2175.03,2152.12,2194.51,2187.94" sx="M,F,F,M"/><TAIKYOKU oya="0"/><INIT seed="0,0,0,5,5,114" ten="250,250,250,250" oya="0" hai0="60,112,5,46,131,120,66,78,3,115,70,29,88" hai1="30,59,84,96,50,125,118,73,126,14,7,74,9" hai2="121,106,108,40,10,104,39,117,20,71,0,130,97" hai3="134,116,61,24,128,91,98,133,58,82,64,57,35"/><T107/><D120/><U94/><E84/><V52/><F121/><W38/><G38/><T15/><D131/><U68/><E68/><V109/><F130/><W93/><G128/><T19/><D107/><N who="2" m="41002" /><F71/><W113/><G113/><T135/><D135/><N who="3" m="51721" /><G82/><T83/><D29/><U56/><E30/><V36/><F97/><W16/><G35/><T25/><D25/><U21/><E21/><V80/><F20/><N who="3" m="13319" /><G57/><N who="1" m="22090" /><E50/><V99/><F99/><W13/><G13/><T54/><D5/><U110/><E110/><N who="2" m="42603" /><F80/><W4/><G4/><T62/><D3/><U42/><E42/><V6/><F40/><W127/><G127/><N who="1" m="48650" /><E118/><AGARI ba="0,0" hai="58,61,64,91,93,98,116,118" m="13319,51721" machi="118" ten="30,7700,0" yaku="20,1,52,2,54,1" doraHai="114" who="3" fromWho="1" sc="250,0,250,-77,250,0,250,77" /><INIT seed="1,0,0,4,2,64" ten="250,173,250,327" oya="1" hai0="65,56,129,133,61,124,8,104,95,20,54,55,102" hai1="0,6,58,88,68,131,45,22,63,80,18,4,70" hai2="76,115,50,108,125,29,122,82,87,120,132,43,119" hai3="96,19,39,128,89,116,5,11,30,34,94,47,97"/><U111/><E45/><V12/><F119/><W107/><G116/><T36/><D104/><U1/><E1/><V99/><F108/><W81/><G128/><T32/><D32/><U28/><E28/><V7/><F132/><W123/><G123/><T38/><D133/><U23/><E131/><V53/><F125/><W71/><G71/><T109/><D129/><U66/><E111/><V91/><F115/><W33/><G19/><T105/><D105/><U121/><E121/><V69/><F69/><W16/><G81/><T85/><D109/><U110/><E110/><V40/><F29/><W13/><G30/><T93/><D124/><U9/><E4/><V41/><F41/><W35/><G5/><T83/><D8/><U134/><E134/><V49/><F49/><W57/><G57/><T86/><D20/><U84/><E23/><V67/><F67/><W52/><G107/><T46/><D36/><U3/><E3/><V101/><F76/><W59/><G47/><T17/><D17/><U15/><AGARI ba="0,0" hai="0,6,9,15,18,22,58,63,66,68,70,80,84,88" machi="15" ten="20,12000,1" yaku="0,1,7,1,52,2,54,1" doraHai="64" who="1" fromWho="1" sc="250,-40,173,120,250,-40,327,-40" /><INIT seed="1,1,0,2,3,32" ten="210,293,210,287" oya="1" hai0="131,119,81,108,72,82,96,43,88,18,60,28,92" hai1="21,105,64,121,77,127,125,47,14,135,15,54,113" hai2="38,55,12,123,87,36,117,80,56,30,16,122,42" hai3="99,2,66,24,11,126,58,115,112,22,101,70,118"/><U44/><E113/><V98/><F117/><W31/><G70/><T0/><D119/><U84/><E121/><V83/><F30/><W13/><G118/><T78/><D108/><U61/><E105/><V103/><F42/><W51/><G126/><N who="1" m="48138" /><E135/><V110/><F110/><W133/><G133/><T90/><D131/><U73/><E73/><V129/><F83/><W57/><G57/><T6/><D28/><U59/><E21/><V114/><F129/><W62/><G51/><T19/><D43/><U128/><E128/><V7/><F7/><W106/><REACH who="3" step="1"/><G2/><REACH who="3" ten="210,293,210,277" step="2"/><T95/><D0/><U91/><E59/><V41/><F123/><W74/><G74/><T68/><D68/><U89/><E61/><V34/><F122/><W109/><G109/><T37/><D60/><U29/><E47/><V10/><F36/><W97/><G97/><T71/><D37/><U46/><E44/><V102/><F38/><W111/><G111/><T134/><D71/><U75/><E46/><V17/><F56/><W45/><G45/><T23/><D134/><U69/><E75/><V5/><F41/><W39/><G39/><T85/><D96/><U20/><E69/><V120/><F98/><W50/><G50/><T116/><D116/><U63/><E63/><V35/><F120/><W9/><G9/><T53/><D72/><U124/><E124/><V26/><F10/><W107/><G107/><T3/><D3/><U1/><E1/><V4/><F55/><W25/><G25/><T93/><D53/><U94/><E54/><V132/><F26/><W79/><G79/><T67/><D78/><RYUUKYOKU ba="1,1" sc="210,-10,293,-10,210,-10,277,30" hai3="11,13,22,24,31,58,62,66,99,101,106,112,115" /><INIT seed="2,2,1,5,5,19" ten="200,283,200,307" oya="2" hai0="47,134,7,18,1,36,135,8,120,66,38,35,58" hai1="50,34,2,4,132,127,11,115,97,59,86,125,77" hai2="6,46,51,9,37,31,123,74,130,72,41,87,82" hai3="116,80,13,99,23,84,0,30,93,92,43,45,79"/><V107/><F123/><W119/><G0/><T118/><D120/><U103/><E115/><V85/><F130/><W44/><G44/><T111/><D111/><U131/><E131/><V90/><F107/><W75/><G75/><T42/><D35/><U22/><E34/><V101/><F101/><W121/><G121/><T94/><D118/><U29/><E132/><N who="0" m="50729" /><D94/><U128/><E128/><V33/><F37/><W96/><G92/><T113/><D113/><U91/><E77/><V39/><F39/><W117/><G93/><T40/><D18/><U76/><E76/><V88/><F33/><W54/><G54/><T21/><D21/><U17/><E29/><V49/><F31/><W55/><G55/><T14/><D1/><U57/><E97/><V126/><F51/><W71/><G71/><T27/><D27/><N who="1" m="14799" /><E50/><V24/><F24/><W60/><G60/><N who="0" m="38167" /><D42/><U3/><E3/><V124/><F126/><N who="1" m="48137" /><E103/><V62/><F124/><W52/><G30/><T95/><D36/><U5/><E5/><V108/><F62/><W112/><G112/><T102/><D102/><U122/><E122/><V114/><F114/><W105/><G117/><T98/><D98/><U25/><E25/><V20/><F20/><W110/><G96/><T129/><D129/><U48/><E48/><V12/><REACH who="2" step="1"/><F108/><REACH who="2" ten="200,283,190,307" step="2"/><W109/><G109/><T16/><D38/><U100/><E100/><V73/><F73/><W26/><G110/><T83/><D40/><U89/><E86/><V67/><F67/><W56/><G116/><T65/><D65/><U64/><E64/><V15/><F15/><W10/><G119/><RYUUKYOKU ba="2,2" sc="200,-15,283,15,190,15,307,-15" hai1="2,4,11,57,59,89,91" hai2="6,9,12,41,46,49,72,74,82,85,87,88,90" /><INIT seed="2,3,2,2,1,19" ten="185,298,205,292" oya="2" hai0="115,17,50,26,114,14,15,13,57,30,85,110,79" hai1="37,113,73,68,18,4,124,7,16,74,116,104,122" hai2="82,52,118,55,54,43,47,22,90,65,67,135,69" hai3="58,46,132,103,42,94,129,126,33,36,28,27,29"/><V62/><F118/><W41/><G132/><T92/><D110/><U23/><E122/><V51/><F135/><W123/><G123/><T98/><D114/><U25/><E113/><V70/><F82/><W99/><G129/><T97/><D115/><U59/><E68/><N who="2" m="26219" /><F90/><W75/><G75/><T120/><D120/><U63/><E116/><V10/><F22/><W45/><G126/><T93/><D30/><U40/><E104/><V11/><F10/><W76/><G76/><T101/><D50/><U21/><E124/><V87/><F87/><W24/><G58/><T49/><D49/><U20/><E40/><V121/><F11/><W56/><G56/><T8/><D57/><U3/><E37/><N who="2" m="21999" /><F121/><W6/><G6/><T88/><D26/><U1/><E21/><V96/><F96/><W5/><G5/><T108/><D108/><U44/><E73/><V133/><F133/><W66/><G28/><T106/><D79/><U83/><E1/><V119/><F119/><W38/><G27/><T80/><D80/><U81/><E3/><V84/><F84/><W78/><G78/><T102/><AGARI ba="3,2" hai="8,13,14,15,17,85,88,92,93,97,98,101,102,106" machi="102" ten="20,2700,0" yaku="0,1,7,1,54,1" doraHai="19" who="0" fromWho="0" sc="185,56,298,-10,205,-16,292,-10" /><INIT seed="3,0,0,5,4,125" ten="241,288,189,282" oya="3" hai0="19,70,37,88,89,65,85,126,21,77,25,111,5" hai1="43,99,27,71,28,58,6,41,103,34,104,24,102" hai2="132,50,135,75,112,29,16,8,23,60,61,63,81" hai3="49,36,119,3,124,46,47,100,17,20,130,15,64"/><W109/><G119/><T53/><D37/><U129/><E103/><V78/><F112/><W107/><G124/><T11/><D126/><U35/><E58/><V12/><F29/><W68/><G3/><T90/><D111/><U115/><E115/><V44/><REACH who="2" step="1"/><F23/><REACH who="2" ten="241,288,179,282" step="2"/><W95/><G109/><T128/><D128/><U91/><E129/><V14/><F14/><W84/><G130/><T2/><D2/><U67/><E34/><V86/><F86/><W117/><G84/><T66/><D85/><U33/><E33/><V123/><F123/><W108/><G108/><T113/><D113/><U4/><E27/><V30/><F30/><W120/><G120/><T56/><D70/><U40/><E91/><V131/><F131/><W116/><G20/><T73/><D73/><U54/><E54/><AGARI ba="0,1" hai="8,12,16,44,50,54,60,61,63,75,78,81,132,135" machi="54" ten="40,2600,0" yaku="1,1,54,1,53,0" doraHai="125" doraHaiUra="69" who="2" fromWho="1" sc="241,0,288,-26,179,36,282,0" /><INIT seed="4,0,0,4,4,76" ten="241,262,215,282" oya="0" hai0="32,21,73,9,55,69,17,60,125,37,109,0,131" hai1="13,74,107,24,26,53,1,66,71,119,48,116,77" hai2="111,84,98,81,56,94,95,67,3,101,19,64,50" hai3="25,96,108,46,40,38,70,79,22,35,118,36,41"/><T102/><D32/><U105/><E1/><V132/><F111/><W33/><G108/><T45/><D109/><U23/><E13/><V129/><F132/><W18/><G118/><T127/><D73/><U124/><E124/><N who="0" m="47689" /><D131/><U110/><E110/><V126/><F3/><W31/><G70/><T51/><D102/><U130/><E130/><V99/><F129/><W54/><G79/><T28/><D37/><U44/><E66/><V20/><F126/><W75/><G75/><T15/><D28/><U14/><E71/><V133/><F50/><W42/><G96/><N who="2" m="36905" /><F101/><W72/><G72/><T114/><D114/><U88/><E14/><N who="2" m="9335" /><F133/><W61/><G33/><T5/><D69/><U30/><E26/><V93/><F56/><W128/><G128/><T104/><D60/><U8/><E116/><V2/><F2/><W97/><G97/><T100/><D100/><U121/><E119/><V43/><F43/><W29/><G29/><T83/><D104/><U90/><E121/><V86/><F86/><W78/><G78/><AGARI ba="0,0" hai="64,67,78,81,84,93,94,95" m="9335,36905" machi="78" ten="30,2000,0" yaku="8,1,52,1" doraHai="76" who="2" fromWho="3" sc="241,0,262,0,215,20,282,-20" /><INIT seed="5,0,0,4,0,35" ten="241,262,235,262" oya="1" hai0="28,43,96,75,15,80,19,125,36,2,1,114,120" hai1="110,46,13,77,58,70,30,123,85,5,68,42,7" hai2="53,121,38,60,3,66,11,106,44,10,132,102,18" hai3="124,67,118,59,71,54,37,8,20,74,34,56,94"/><U26/><E123/><V72/><F121/><W115/><G34/><T33/><D120/><U25/><E110/><V62/><F72/><W127/><G74/><T49/><D36/><U93/><E58/><V22/><F106/><W27/><G37/><T82/><D114/><U41/><E41/><V91/><F102/><W97/><G115/><T57/><D125/><U108/><E108/><V0/><F91/><W112/><G112/><T55/><D43/><U87/><E87/><V111/><F111/><W107/><G107/><T116/><D116/><U88/><E77/><V122/><F122/><W21/><G71/><T99/><D28/><U76/><E76/><V131/><F38/><W17/><G118/><T29/><D29/><U50/><E25/><V126/><F126/><N who="3" m="48171" /><G67/><T16/><D19/><U95/><E95/><V100/><F18/><N who="3" m="12695" /><G8/><T119/><D33/><U130/><E130/><V48/><F22/><W129/><G54/><T52/><D55/><U32/><REACH who="1" step="1"/><E5/><REACH who="1" ten="241,252,235,262" step="2"/><V83/><F131/><W86/><G86/><T109/><D109/><U65/><E65/><V101/><F66/><W84/><G84/><T64/><D64/><U12/><E12/><V133/><F83/><W23/><G129/><T73/><D119/><U105/><E105/><V40/><F40/><W89/><G17/><T134/><D75/><U128/><E128/><V90/><F53/><W6/><G6/><T9/><D73/><U24/><E24/><V4/><F4/><W39/><G39/><T78/><D78/><U14/><E14/><V135/><F135/><W113/><G113/><T31/><D134/><RYUUKYOKU ba="0,1" sc="241,-15,252,15,235,-15,262,15" hai1="7,13,26,30,32,42,46,50,68,70,85,88,93" hai3="21,23,56,59,89,94,97" /><INIT seed="5,1,1,1,1,118" ten="226,267,220,277" oya="1" hai0="110,72,104,20,22,18,128,47,94,2,132,77,71" hai1="13,103,102,24,1,85,86,68,107,42,119,69,29" hai2="45,112,58,89,21,74,76,15,109,54,82,39,33" hai3="51,135,32,90,60,97,59,65,124,44,121,0,19"/><U55/><E1/><V36/><F109/><W27/><G0/><T105/><D110/><U99/><E119/><V64/><F33/><W84/><G135/><T81/><D71/><U125/><E125/><V91/><F64/><W6/><G6/><T11/><D132/><U133/><E133/><V14/><F112/><W78/><G124/><T100/><D128/><U66/><E103/><V48/><F14/><W30/><G121/><T46/><D94/><U122/><E122/><V130/><F130/><W126/><G126/><T26/><D22/><U83/><E42/><V101/><F101/><W79/><G19/><T120/><D120/><U111/><E111/><V7/><F21/><W61/><G61/><T12/><D2/><U34/><E55/><V5/><F5/><W73/><G97/><T80/><D81/><U115/><E115/><V28/><F28/><W8/><G8/><T31/><REACH who="0" step="1"/><D100/><REACH who="0" ten="216,267,220,277" step="2"/><U63/><E69/><V25/><F25/><W10/><G10/><T17/><D17/><U93/><E93/><V108/><F108/><W67/><G32/><T35/><D35/><U40/><E83/><V116/><F116/><W113/><G27/><T16/><D16/><U92/><E92/><V56/><F7/><W123/><G123/><T96/><D96/><U75/><E13/><V95/><F15/><W131/><G131/><T53/><D53/><U70/><E70/><V38/><F95/><W114/><G114/><T23/><D23/><U4/><E34/><V87/><F91/><W127/><G127/><T62/><D62/><U134/><E4/><V3/><F3/><RYUUKYOKU ba="1,2" sc="216,15,267,-15,220,15,277,-15" hai0="11,12,18,20,26,31,46,47,72,77,80,104,105" hai2="36,38,39,45,48,54,56,58,74,76,82,87,89" /><INIT seed="6,2,2,0,4,104" ten="231,252,235,262" oya="2" hai0="15,129,89,38,47,58,132,103,13,40,56,42,86" hai1="131,113,6,17,12,26,53,82,39,35,32,30,52" hai2="85,63,3,92,45,67,99,94,123,14,20,8,49" hai3="87,108,88,7,28,23,133,24,119,5,44,117,83"/><V2/><F123/><W4/><G108/><T37/><D129/><U135/><E39/><V29/><F85/><W79/><G133/><T78/><D132/><U22/><E135/><V41/><F20/><W0/><G0/><T46/><D103/><U64/><E131/><V54/><F29/><W57/><G57/><T66/><D78/><U31/><E113/><V128/><F41/><W91/><REACH who="3" step="1"/><G44/><REACH who="3" ten="231,252,235,252" step="2"/><T10/><D58/><U127/><E127/><V130/><F128/><W65/><G65/><T11/><D56/><U59/><E64/><V16/><F130/><W68/><G68/><T95/><D66/><U73/><E59/><N who="2" m="37375" /><F3/><W126/><G126/><T100/><D47/><U93/><E35/><V97/><F2/><W70/><G70/><T118/><D46/><U106/><E32/><V51/><F51/><W115/><G115/><T72/><D37/><U112/><E112/><V124/><F124/><W36/><G36/><T80/><D38/><U50/><E50/><V9/><F49/><W62/><G62/><T69/><D69/><U27/><E53/><V134/><F45/><W75/><G75/><T61/><D61/><U33/><E52/><V116/><F54/><W74/><G74/><T122/><D72/><U18/><E73/><V55/><F55/><W111/><G111/><T101/><D40/><U125/><E125/><V71/><F134/><W60/><G60/><T105/><D42/><U48/><E33/><V96/><F71/><W21/><G21/><T34/><D34/><U121/><E48/><V109/><F109/><W43/><G43/><T84/><D122/><RYUUKYOKU ba="2,3" sc="231,-10,252,-10,235,-10,252,30" hai3="4,5,7,23,24,28,79,83,87,88,91,117,119" /><INIT seed="7,3,3,3,1,14" ten="221,242,225,282" oya="3" hai0="72,34,4,88,108,38,60,82,2,47,92,71,123" hai1="37,132,128,95,50,113,26,33,81,122,54,24,55" hai2="6,107,80,93,8,23,25,77,16,65,40,18,70" hai3="7,32,79,111,106,103,112,20,9,90,84,67,63"/><W130/><G32/><T121/><D108/><U66/><E122/><V94/><F107/><W39/><G39/><T28/><D92/><N who="2" m="35434" /><F70/><W51/><G111/><T75/><D88/><U131/><E37/><V119/><F119/><W98/><G112/><T76/><D75/><U117/><E113/><V58/><F40/><W99/><G99/><T89/><D89/><U129/><E117/><V104/><F6/><W13/><G130/><T17/><D17/><N who="2" m="6762" /><F8/><W124/><G124/><T74/><D72/><U19/><E33/><V101/><F104/><W78/><G51/><T43/><D60/><U125/><E125/><V118/><F118/><W46/><G20/><T53/><D53/><U109/><E109/><V110/><F110/><W44/><G79/><T127/><D71/><U62/><E55/><V52/><F101/><W5/><G78/><T48/><D48/><U42/><E50/><N who="2" m="30999" /><F65/><W49/><G5/><T61/><D127/><U45/><E131/><V135/><F135/><W100/><G100/><T102/><D102/><U91/><E129/><V0/><F0/><W114/><G114/><T87/><D87/><U120/><E132/><V59/><F59/><W73/><G73/><T41/><D43/><U11/><E128/><V105/><F105/><W68/><G49/><T1/><D61/><U56/><E66/><V12/><F12/><W86/><G86/><T27/><D4/><U134/><E134/><V21/><F25/><W31/><G7/><T57/><D57/><U64/><E64/><V97/><F97/><W22/><G98/><T83/><D82/><U30/><E81/><RYUUKYOKU ba="3,3" sc="221,15,242,-15,225,15,282,-15" hai0="1,2,27,28,34,38,41,47,74,76,83,121,123" hai2="21,23,77,80" owari="236,-16.4,227,-27.3,240,4.0,297,39.7" /></mjloggm>