<mjloggm ver="2.3"><GO type="225" lobby="0"/><UN n0="%6D%75%75%6D%75%72%61" n1="%E6%A1%9C%E8%8A%B1%E9%96%83%E3%80%85" n2="%E6%97%A5%E6%9B%9C%E6%97%A5%E3%82%88%E3%82%8A%E3%81%AE%E4%BD%BF%E8%80%85" n3="%72%65%6E%6B%75%6E" dan="16,17,18,17" rate="2168.25,2132.26,2126.55,2285.11" sx="F,M,M,M"/><TAIKYOKU oya="0"/><INIT seed="0,0,0,3,0,132" ten="250,250,250,250" oya="0" hai0="110,113,115,56,20,70,9,104,123,57,43,27,75" hai1="23,11,85,83,40,108,35,59,64,122,33,72,97" hai2="29,61,127,63,133,24,106,30,131,12,25,88,66" hai3="16,99,128,80,89,50,28,134,41,129,39,81,95"/><T87/><D123/><U118/><E118/><V91/><F106/><W60/><G134/><T82/><D75/><U36/><E72/><V62/><F133/><W51/><G28/><N who="2" m="10857" /><F131/><N who="3" m="50251" /><G60/><N who="2" m="23145" /><F12/><W53/><G39/><T58/><D70/><U90/><E97/><V45/><F45/><N who="3" m="25903" /><G16/><T4/><D104/><U71/><E36/><V54/><F66/><W105/><G105/><T130/><D43/><U121/><E40/><V126/><F63/><W19/><G19/><T86/><D110/><U48/><E64/><V119/><F54/><W100/><G100/><T112/><D130/><U13/><E108/><V109/><F109/><W65/><G65/><T78/><D87/><U93/><E85/><V18/><F119/><W135/><G135/><T32/><D32/><U22/><E35/><V76/><F76/><W5/><G5/><T111/><D111/><U6/><E33/><V38/><F38/><W67/><G67/><T98/><D98/><U37/><E37/><V79/><F79/><W73/><G73/><T34/><D34/><U31/><E71/><V124/><F18/><W84/><G99/><T44/><D44/><AGARI ba="0,0" hai="44,51,53,80,81,84,89,95" m="25903,50251" machi="44" ten="30,1000,0" yaku="19,1" doraHai="132" who="3" fromWho="0" sc="250,-10,250,0,250,0,250,10" /><INIT seed="1,0,0,5,3,4" ten="240,250,250,260" oya="1" hai0="94,105,53,32,79,120,61,106,35,84,40,63,10" hai1="99,3,55,73,113,51,71,24,46,107,135,128,70" hai2="96,88,15,80,93,48,72,19,134,5,8,104,109" hai3="118,64,47,56,81,85,34,102,26,45,103,98,100"/><U31/><E113/><V131/><F109/><W27/><G118/><T50/><D120/><U112/><E112/><V25/><F131/><W69/><G69/><T91/><D40/><U74/><E128/><V49/><F134/><W77/><G98/><T130/><D130/><U29/><E29/><V52/><F104/><W0/><G0/><T62/><D79/><U42/><E3/><V75/><F49/><W83/><G83/><T16/><D105/><U76/><E55/><V17/><F80/><W44/><G34/><T129/><D106/><U89/><E89/><V7/><F72/><W28/><REACH who="3" step="1"/><G28/><REACH who="3" ten="240,250,250,250" step="2"/><T37/><D129/><U126/><E71/><V1/><F75/><W68/><G68/><T43/><D32/><U133/><E70/><V119/><F1/><W97/><G97/><T115/><D35/><N who="1" m="20967" /><E74/><V30/><F119/><W116/><G116/><T108/><D115/><U36/><E99/><V33/><REACH who="2" step="1"/><F5/><REACH who="2" ten="240,250,240,250" step="2"/><W58/><G58/><AGARI ba="0,2" hai="7,8,15,17,19,25,30,33,48,52,58,88,93,96" machi="58" ten="30,12000,2" yaku="1,1,2,1,7,1,52,1,54,2,53,0" doraHai="4" doraHaiUra="38" who="2" fromWho="3" sc="240,0,250,0,240,140,250,-120" /><INIT seed="2,0,0,1,0,83" ten="240,250,380,130" oya="2" hai0="90,126,109,105,130,86,43,124,20,104,64,56,77" hai1="57,114,79,74,84,58,29,101,93,127,59,120,40" hai2="28,23,38,70,96,46,32,63,7,65,110,106,35" hai3="49,75,91,36,10,115,26,62,39,102,61,108,12"/><V132/><F7/><W118/><G118/><T27/><D109/><U55/><E114/><V69/><F69/><W47/><G75/><T133/><D43/><U131/><E131/><V72/><F72/><W24/><G115/><T48/><D77/><U22/><E127/><N who="0" m="48681" /><D130/><U34/><E34/><V9/><F9/><W87/><G102/><T107/><D133/><U123/><E40/><V54/><F132/><W60/><G108/><T135/><D135/><U134/><E22/><V44/><F44/><W1/><G1/><T0/><D0/><U122/><E29/><V45/><F45/><W8/><G39/><T11/><D11/><U30/><E30/><V53/><F53/><W94/><G36/><T19/><D48/><U13/><E134/><V97/><F38/><W50/><G10/><T33/><D33/><U16/><E74/><V89/><F35/><W71/><G71/><T5/><D5/><U3/><E3/><V113/><F32/><W14/><G49/><T67/><D56/><U81/><E55/><V103/><F54/><N who="3" m="30047" /><G8/><T116/><D116/><U31/><E58/><V112/><F110/><W17/><G17/><T80/><AGARI ba="0,0" hai="19,20,27,64,67,80,86,90,104,105,107" m="48681" machi="80" ten="40,2700,0" yaku="18,1,52,1" doraHai="83" who="0" fromWho="0" sc="240,27,250,-7,380,-13,130,-7" /><INIT seed="3,0,0,3,0,110" ten="267,243,367,123" oya="3" hai0="43,16,69,111,36,13,107,80,55,10,24,47,103" hai1="127,45,15,49,66,84,25,71,57,115,87,85,53" hai2="2,81,132,52,3,40,102,123,109,46,73,0,56" hai3="60,17,27,134,79,21,31,94,6,44,26,63,11"/><W22/><G134/><T50/><D111/><U95/><E127/><V128/><F109/><W135/><G135/><T7/><D69/><U19/><E71/><V39/><F132/><W121/><G121/><T78/><D107/><U29/><E115/><V83/><F128/><W23/><G79/><T32/><D103/><U117/><E117/><V62/><F73/><W106/><G106/><T67/><D67/><U70/><E70/><V5/><F123/><W8/><G44/><T20/><D32/><U74/><E74/><V116/><F116/><W76/><G76/><T133/><D133/><U58/><E95/><V42/><F102/><W68/><G68/><T33/><D33/><U96/><E96/><V51/><F5/><W90/><G22/><T12/><D12/><U9/><REACH who="1" step="1"/><E66/><REACH who="1" ten="267,233,367,123" step="2"/><V93/><F93/><W119/><G119/><T82/><D78/><U75/><E75/><V112/><F112/><W131/><G131/><T101/><REACH who="0" step="1"/><D101/><REACH who="0" ten="257,233,367,123" step="2"/><U124/><E124/><V72/><F72/><W122/><G122/><T38/><D38/><U99/><E99/><V91/><F39/><W92/><G92/><T126/><D126/><U97/><E97/><V54/><F91/><W48/><G48/><T86/><D86/><U18/><E18/><V120/><F120/><W1/><REACH who="3" step="1"/><G8/><REACH who="3" ten="257,233,367,113" step="2"/><T118/><D118/><U89/><E89/><V100/><F100/><W98/><AGARI ba="0,3" hai="1,6,11,17,21,23,26,27,31,60,63,90,94,98" machi="98" ten="20,12000,1" yaku="1,1,2,1,0,1,7,1,53,1" doraHai="110" doraHaiUra="14" who="3" fromWho="3" sc="257,-40,233,-40,367,-40,113,150" /><INIT seed="3,1,0,1,0,53" ten="217,193,327,263" oya="3" hai0="8,66,14,116,135,22,13,117,2,133,62,10,88" hai1="71,45,36,54,59,97,104,63,91,87,105,16,73" hai2="79,4,35,99,31,125,39,38,78,52,44,81,110" hai3="21,124,23,72,30,27,58,19,6,119,85,84,67"/><W17/><G72/><T123/><D123/><U129/><E73/><V24/><F110/><W11/><G119/><N who="0" m="45643" /><D2/><U112/><E112/><V109/><F109/><W70/><G70/><T69/><D88/><U102/><E129/><V41/><F125/><W127/><G127/><T95/><D95/><U3/><E3/><V101/><F39/><W50/><G124/><T118/><N who="0" m="45651" /><T57/><DORA hai="47" /><D69/><U7/><E7/><V48/><F4/><W94/><G94/><T114/><D114/><U9/><E71/><V29/><F29/><W108/><G108/><T120/><D120/><U111/><E111/><V5/><F5/><W128/><G128/><T15/><D22/><U82/><E104/><V37/><F79/><W32/><G32/><T25/><D25/><U68/><E68/><V20/><F35/><W56/><G67/><T74/><D74/><U49/><E36/><V75/><F41/><W76/><G76/><T26/><D26/><U64/><REACH who="1" step="1"/><E16/><REACH who="1" ten="217,183,327,263" step="2"/><V107/><AGARI ba="1,1" hai="20,24,31,37,38,44,48,52,75,78,81,99,101,107" machi="107" ten="20,5200,0" yaku="0,1,7,1,52,1,54,1" doraHai="53,47" who="2" fromWho="2" sc="217,-14,183,-14,327,65,263,-27" owari="203,-19.7,169,-33.1,392,49.2,236,3.6" /></mjloggm>