<mjloggm ver="2.3"><GO type="225" lobby="0"/><UN n0="%E3%83%8F%E3%82%AC%E3%82%BF%E3%82%AB%E3%81%AE%E3%81%88%E3%81%98%E3%81%8D" n1="%E8%81%B7%E6%A5%AD%E3%80%81%E9%A2%A8%32" n2="%E7%AD%89%E3%80%85%E5%8A%9B%E5%8A%87%E5%A0%B4" n3="%6D%75%75%6D%75%72%61" dan="16,16,16,16" rate="2183.42,2134.19,2141.92,2143.84" sx="M,M,M,F"/><TAIKYOKU oya="0"/><INIT seed="0,0,0,5,5,120" ten="250,250,250,250" oya="0" hai0="73,114,15,11,125,133,97,25,52,13,45,23,135" hai1="85,10,86,26,16,78,128,112,58,40,71,47,37" hai2="38,127,22,67,94,122,91,28,35,106,39,74,32" hai3="113,19,12,2,126,53,123,110,134,92,102,33,121"/><T31/><D73/><U72/><E71/><V100/><F74/><W105/><G113/><T46/><D114/><U124/><E128/><V50/><F122/><N who="3" m="46603" /><G2/><T8/><D125/><U107/><E124/><V90/><F127/><W130/><G126/><T14/><D97/><U36/><E107/><V87/><F67/><W51/><G130/><T65/><D65/><U101/><E37/><V30/><F50/><W95/><G33/><T82/><D82/><U98/><E112/><V96/><F22/><N who="3" m="11623" /><G134/><N who="0" m="51211" /><D46/><U76/><E72/><V99/><F94/><W103/><G110/><T109/><D109/><U42/><E98/><V116/><F87/><N who="1" m="33289" /><E101/><N who="3" m="38410" /><G105/><T57/><D45/><AGARI ba="0,0" hai="45,51,53,92,95" m="38410,11623,46603" machi="45" ten="30,1000,0" yaku="13,1" doraHai="120" who="3" fromWho="0" sc="250,-10,250,0,250,0,250,10" /><INIT seed="1,0,0,5,0,58" ten="240,250,250,260" oya="1" hai0="17,31,5,120,93,115,127,79,43,10,135,126,98" hai1="8,4,35,119,70,91,25,1,78,55,76,133,82" hai2="129,28,92,12,106,99,2,72,85,50,52,132,103" hai3="128,36,19,23,14,75,89,15,66,22,118,56,41"/><U123/><E119/><V86/><F2/><W37/><G118/><T47/><D115/><U64/><E123/><V83/><F132/><W121/><G121/><T71/><D71/><U131/><E133/><V73/><F129/><W102/><G128/><T100/><D135/><U88/><E131/><V40/><F40/><W130/><G130/><T90/><D120/><U125/><E125/><N who="0" m="47625" /><D31/><U38/><E38/><V68/><F28/><W61/><G75/><T84/><D17/><U30/><E55/><V105/><F68/><W81/><G102/><T16/><D79/><U77/><REACH who="1" step="1"/><E82/><REACH who="1" ten="240,240,250,260" step="2"/><V117/><F83/><W94/><G81/><T13/><D43/><U42/><E42/><V51/><F117/><W48/><G37/><T67/><D67/><U59/><E59/><V11/><F52/><W112/><G36/><T87/><D47/><U108/><E108/><V45/><F45/><N who="3" m="25647" /><G112/><T65/><D65/><U134/><E134/><V7/><F51/><W95/><G89/><T29/><D90/><U54/><E54/><V9/><F50/><W60/><G60/><AGARI ba="0,1" hai="1,4,8,25,30,35,60,64,70,76,77,78,88,91" machi="60" ten="40,12000,1" yaku="1,1,52,1,54,1,53,1" doraHai="58" doraHaiUra="57" who="1" fromWho="3" sc="240,0,240,130,250,0,260,-120" /><INIT seed="1,1,0,1,5,35" ten="240,370,250,140" oya="1" hai0="116,4,92,108,53,50,15,16,100,99,121,67,42" hai1="91,52,135,24,29,11,115,86,45,89,78,127,59" hai2="72,49,57,81,134,105,85,79,26,95,22,130,41" hai3="36,106,0,118,124,87,58,88,107,126,10,102,14"/><U34/><E115/><V65/><F105/><W70/><G70/><T119/><D108/><U132/><E127/><N who="3" m="48682" /><G36/><T12/><D121/><U133/><E45/><V73/><F134/><W69/><G69/><T120/><D120/><U46/><E46/><V7/><F130/><W131/><G131/><T33/><D33/><U9/><E78/><V61/><F72/><W19/><G118/><T98/><D42/><U3/><E3/><V18/><F41/><W66/><G102/><T101/><D67/><U5/><E5/><V104/><F104/><W6/><G58/><T109/><D4/><U76/><E76/><V32/><F32/><W51/><G51/><T80/><D80/><N who="1" m="49351" /><E91/><V64/><F7/><W63/><G63/><AGARI ba="1,0" hai="9,11,24,29,34,52,59,63,132,133,135" m="49351" machi="63" ten="30,2900,0" yaku="20,1,54,1" doraHai="35" who="1" fromWho="3" sc="240,0,370,32,250,0,140,-32" /><INIT seed="1,2,0,1,0,85" ten="240,402,250,108" oya="1" hai0="45,37,75,131,127,69,20,17,122,59,54,15,97" hai1="3,16,92,0,118,53,42,79,7,26,40,28,23" hai2="57,34,39,108,78,43,30,124,35,48,66,104,113" hai3="36,1,133,5,58,71,130,50,81,14,67,76,135"/><U110/><E118/><V109/><F104/><W117/><G36/><T91/><D69/><U27/><E110/><V96/><F39/><W70/><G117/><T86/><D75/><U9/><E79/><V19/><F78/><W60/><G1/><T65/><D127/><U94/><E0/><V29/><F124/><W100/><G130/><T95/><D131/><U121/><E121/><V114/><F96/><W56/><G100/><T61/><D122/><U88/><E53/><V74/><F74/><W21/><G50/><N who="0" m="29007" /><D37/><U72/><E94/><V126/><F126/><W24/><G70/><T77/><D77/><U2/><E2/><V125/><F125/><W106/><G106/><T105/><D105/><U10/><E72/><V132/><F66/><W107/><G107/><T123/><D123/><U99/><E10/><V6/><F57/><W115/><G115/><N who="2" m="44041" /><F48/><W111/><G111/><N who="2" m="42569" /><F43/><W33/><G33/><AGARI ba="2,0" hai="3,7,9,16,23,26,27,28,33,40,42,88,92,99" machi="33" ten="30,11600,0" yaku="7,1,52,1,54,2" doraHai="85" who="1" fromWho="3" sc="240,0,402,122,250,0,108,-122" owari="240,-16.0,524,62.4,250,5.0,-14,-51.4" /></mjloggm>