<mjloggm ver="2.3"><GO type="225" lobby="0"/><UN n0="%E3%83%B4%E3%83%A0%EF%BC%99%E3%81%A6" n1="%E6%98%93%E5%88%A9%E8%96%A9%E4%BC%AF" n2="%E3%82%B2%E3%82%B9%E8%8C%82%E5%8B%9D" n3="%E3%81%99%E3%81%84%E3%81%BE%E3%81%9B%E3%83%BC%E3%82%93" dan="16,16,16,18" rate="2127.66,2077.36,2097.01,2215.77" sx="M,F,F,M"/><TAIKYOKU oya="0"/><INIT seed="0,0,0,3,2,28" ten="250,250,250,250" oya="0" hai0="29,113,118,121,105,48,108,98,72,49,95,34,101" hai1="36,82,10,16,132,30,33,127,27,5,11,86,60" hai2="74,109,92,122,89,43,91,84,8,64,135,46,112" hai3="12,41,6,35,67,51,88,124,83,97,37,130,53"/><T59/><D113/><U90/><E132/><V110/><F135/><W2/><G2/><T75/><D118/><U55/><E127/><V119/><F122/><W54/><G124/><T78/><D121/><U62/><E36/><V102/><F112/><W70/><G130/><T96/><D108/><N who="2" m="41578" /><F74/><W9/><G35/><T47/><D59/><U63/><E5/><V134/><F134/><W23/><G37/><T114/><D114/><U13/><REACH who="1" step="1"/><E11/><REACH who="1" ten="250,240,250,250" step="2"/><V100/><F119/><W68/><G9/><T99/><D78/><U14/><E14/><V65/><F8/><W52/><G12/><T57/><D105/><U129/><E129/><V18/><F18/><W133/><G6/><T87/><D72/><U80/><E80/><N who="2" m="49287" /><F64/><W73/><G67/><T7/><D75/><U38/><E38/><N who="2" m="21879" /><F65/><W104/><G133/><T22/><D7/><U117/><E117/><V71/><F71/><W69/><G73/><T126/><D126/><U39/><E39/><V0/><F0/><W56/><G70/><T24/><D95/><U32/><E32/><V58/><F58/><AGARI ba="0,1" hai="10,13,16,27,30,33,55,58,60,62,63,82,86,90" machi="58" ten="40,8000,1" yaku="1,1,52,1,54,1,53,1" doraHai="28" doraHaiUra="4" who="1" fromWho="2" sc="250,0,240,90,250,-80,250,0" /><INIT seed="1,0,0,1,2,97" ten="250,330,170,250" oya="1" hai0="48,65,34,68,125,83,79,3,58,49,131,106,102" hai1="100,105,110,20,124,81,112,70,89,94,78,104,73" hai2="92,67,14,64,116,127,36,95,128,123,71,10,62" hai3="22,52,87,37,88,84,51,119,115,46,33,96,4"/><U90/><E70/><V132/><F132/><W129/><G33/><T114/><D114/><U91/><E112/><V55/><F123/><W16/><G115/><T113/><D3/><U43/><E43/><V54/><F127/><W9/><G129/><T11/><D125/><U75/><E124/><V61/><F128/><W6/><G37/><T126/><D126/><U24/><E110/><V107/><F36/><W108/><G108/><T53/><D11/><U25/><E25/><V109/><F109/><W135/><G135/><T27/><D113/><U31/><REACH who="1" step="1"/><E75/><REACH who="1" ten="250,320,170,250" step="2"/><V130/><F116/><W15/><G119/><T8/><D27/><U38/><E38/><V21/><F130/><W111/><G111/><T41/><D68/><U26/><E26/><V122/><F122/><W42/><G42/><T60/><D41/><U40/><E40/><V82/><F71/><W63/><G63/><T1/><D60/><U103/><E103/><V39/><F39/><W85/><G9/><T12/><D102/><U74/><E74/><V45/><F10/><W98/><G88/><T120/><D131/><U86/><E86/><V117/><F117/><W28/><G28/><T57/><D120/><U18/><E18/><V59/><F61/><W44/><G4/><T23/><D8/><U80/><E80/><V13/><F62/><W99/><G6/><T72/><D83/><U7/><E7/><V101/><F82/><W30/><G30/><T50/><D72/><U69/><E69/><V76/><F67/><W77/><G77/><T93/><D79/><U121/><E121/><V118/><F76/><RYUUKYOKU ba="0,1" sc="250,-15,320,15,170,-15,250,15" hai1="20,24,31,73,78,81,89,90,91,94,100,104,105" hai3="15,16,22,44,46,51,52,84,85,87,96,98,99" /><INIT seed="1,1,1,2,3,49" ten="235,335,155,265" oya="1" hai0="54,23,101,8,132,89,19,56,18,127,35,78,115" hai1="112,44,21,117,55,88,37,39,6,109,125,103,80" hai2="52,107,126,99,51,133,5,63,73,64,111,110,7" hai3="85,50,57,91,75,123,95,83,72,20,11,81,122"/><U105/><E112/><V45/><F126/><W131/><G131/><T114/><D35/><U43/><E117/><V22/><F133/><W61/><G50/><T65/><D132/><U100/><E125/><V87/><F73/><W16/><G11/><T79/><D127/><U9/><E109/><N who="2" m="41483" /><F87/><W12/><G75/><T67/><D101/><U47/><E21/><V0/><F0/><W34/><G34/><T36/><D36/><U66/><E66/><N who="0" m="25097" /><D114/><U93/><E80/><V58/><F22/><W128/><G128/><T24/><D89/><U38/><E105/><V32/><F32/><W134/><G134/><T46/><D46/><U82/><E82/><V33/><F33/><W48/><G81/><T118/><D118/><U77/><E77/><V130/><F130/><W53/><G61/><N who="0" m="35991" /><D115/><U92/><E92/><V108/><N who="2" m="41491" /><V4/><DORA hai="94" /><F4/><W84/><G72/><T10/><D10/><U27/><E27/><V60/><F63/><W14/><G14/><AGARI ba="1,1" hai="8,14,18,19,23,24,78,79" m="35991,25097" machi="14" ten="30,2000,0" yaku="8,1,52,1" doraHai="49,94" who="0" fromWho="3" sc="235,33,335,0,155,0,265,-23" /><INIT seed="2,0,0,5,3,9" ten="268,335,155,242" oya="2" hai0="86,46,104,89,21,115,20,93,56,16,132,84,33" hai1="78,19,48,59,1,0,120,106,87,37,32,43,5" hai2="129,54,80,49,12,22,66,17,77,74,55,81,42" hai3="25,131,116,45,23,102,36,62,124,114,134,121,105"/><V63/><F129/><W64/><G116/><T60/><D115/><U70/><E70/><V79/><F49/><W51/><G121/><T15/><D33/><U117/><E106/><V107/><F42/><W61/><G36/><T57/><D104/><U126/><E32/><V26/><F107/><W40/><G131/><T97/><D132/><U4/><E37/><V7/><F7/><W72/><G72/><T73/><D73/><U118/><E126/><V47/><F47/><W30/><G134/><T127/><D127/><U24/><E1/><V67/><F26/><W3/><G3/><T10/><D46/><U92/><E120/><V128/><F128/><W18/><G124/><T41/><D41/><U103/><E0/><V113/><F113/><W108/><G114/><T125/><D125/><U122/><E122/><V95/><F95/><W133/><G133/><T99/><D84/><U34/><E34/><V53/><REACH who="2" step="1"/><F63/><REACH who="2" ten="268,335,145,242" step="2"/><W38/><G62/><T58/><D60/><U29/><E5/><V123/><F123/><W112/><G112/><T69/><D69/><U8/><E4/><V82/><F82/><W44/><G61/><T96/><AGARI ba="0,1" hai="10,15,16,20,21,56,57,58,86,89,93,96,97,99" machi="96" ten="30,7900,0" yaku="0,1,8,1,52,1,54,1" doraHai="9" who="0" fromWho="0" sc="268,89,335,-20,145,-39,242,-20" /><INIT seed="3,0,0,4,0,51" ten="357,315,106,222" oya="3" hai0="44,19,133,85,132,113,4,127,129,63,10,101,47" hai1="37,38,69,109,31,77,7,97,17,100,15,131,29" hai2="73,49,90,52,67,59,87,106,86,13,116,45,93" hai3="18,98,8,84,79,123,117,74,76,21,43,28,50"/><W35/><G123/><T48/><D127/><U30/><E69/><V111/><F111/><W103/><G74/><T126/><D126/><U62/><E7/><V83/><F116/><W36/><G36/><T99/><D129/><U128/><E77/><V5/><F73/><W40/><G35/><T115/><D19/><U108/><E62/><V82/><F106/><W135/><G135/><N who="0" m="51787" /><D85/><U110/><E38/><V22/><F86/><W112/><G8/><T89/><D89/><U25/><E25/><V1/><F1/><W61/><G61/><T24/><D24/><U3/><E37/><V9/><F22/><W91/><G28/><T0/><D63/><U72/><E72/><V42/><REACH who="2" step="1"/><F67/><REACH who="2" ten="357,315,96,222" step="2"/><W39/><G84/><T46/><D48/><AGARI ba="0,1" hai="5,9,13,42,45,48,49,52,59,82,83,87,90,93" machi="48" ten="30,12000,2" yaku="1,1,2,1,7,1,8,1,52,1,54,1,53,0" doraHai="51" doraHaiUra="105" who="2" fromWho="0" sc="357,-120,315,0,96,130,222,0" owari="237,3.7,315,41.5,226,-17.4,222,-27.8" /></mjloggm>