<mjloggm ver="2.3"><GO type="225" lobby="0"/><UN n0="%E3%83%B4%E3%83%A0%EF%BC%99%E3%81%A6" n1="%E6%A1%9C%E8%8A%B1%E9%96%83%E3%80%85" n2="%72%69%6F%75%63%68%61%6E" n3="%4C%4F%4C%49%54%41" dan="16,17,16,16" rate="2110.53,2224.94,2207.67,2197.91" sx="M,M,M,F"/><TAIKYOKU oya="0"/><INIT seed="0,0,0,4,3,117" ten="250,250,250,250" oya="0" hai0="25,121,115,120,79,30,57,65,71,7,6,58,48" hai1="116,122,123,98,9,41,10,127,46,11,130,37,111" hai2="125,43,76,95,73,112,49,75,84,100,2,42,24" hai3="110,97,91,82,40,68,18,114,67,72,61,51,93"/><T99/><D115/><U15/><E116/><V88/><F112/><W26/><G114/><T92/><D79/><U52/><E111/><V105/><F125/><W89/><G110/><T83/><D83/><U78/><E127/><V90/><F2/><W44/><G72/><N who="2" m="27721" /><F49/><W63/><G68/><T19/><D19/><U104/><E130/><V81/><F24/><W60/><G26/><T27/><D71/><U54/><E78/><V21/><F21/><W69/><G18/><T70/><D70/><U17/><E98/><N who="2" m="61591" /><F42/><W119/><G119/><T108/><D108/><U55/><REACH who="1" step="1"/><E104/><REACH who="1" ten="250,240,250,250" step="2"/><V38/><F38/><W0/><G97/><T132/><D99/><U86/><E86/><N who="2" m="52631" /><F43/><W22/><G40/><T45/><D30/><U85/><E85/><V106/><F106/><W35/><G69/><T34/><D34/><U23/><AGARI ba="0,1" hai="9,10,11,15,17,23,37,41,46,52,54,55,122,123" machi="23" ten="30,8000,1" yaku="1,1,0,1,52,2,54,1,53,0" doraHai="117" doraHaiUra="134" who="1" fromWho="1" sc="250,-40,240,90,250,-20,250,-20" /><INIT seed="1,0,0,0,1,120" ten="210,330,230,230" oya="1" hai0="61,135,39,72,131,43,35,8,74,16,128,37,108" hai1="117,22,10,4,20,67,77,88,52,90,45,114,127" hai2="80,96,97,100,60,112,64,111,86,101,29,79,113" hai3="34,75,25,124,73,17,95,30,82,103,91,42,66"/><U41/><E114/><N who="2" m="44139" /><F29/><W132/><G132/><T65/><D35/><U40/><E117/><V28/><F28/><W123/><G123/><T1/><D135/><U24/><E127/><V87/><F111/><W130/><G124/><T116/><D116/><U53/><E77/><V125/><F125/><W56/><G130/><N who="0" m="49707" /><D108/><U126/><E67/><V63/><F63/><W84/><G42/><N who="1" m="16490" /><E126/><V44/><F44/><W107/><G17/><T15/><D1/><U104/><E104/><N who="2" m="63495" /><F60/><W62/><G107/><T50/><D50/><N who="1" m="28751" /><E53/><V9/><F9/><W98/><AGARI ba="0,0" hai="25,30,34,56,62,66,73,75,82,84,91,95,98,103" machi="98" ten="30,1100,0" yaku="0,1" doraHai="120" who="3" fromWho="3" sc="210,-3,330,-5,230,-3,230,11" /><INIT seed="2,0,0,1,1,115" ten="207,325,227,241" oya="2" hai0="62,94,98,95,23,18,19,108,99,104,89,96,9" hai1="79,102,76,35,97,40,27,128,103,56,46,25,127" hai2="22,114,116,3,90,117,30,16,133,42,119,10,66" hai3="54,101,5,85,121,51,123,82,83,47,130,87,12"/><V36/><F114/><W31/><G130/><T91/><D108/><U113/><E113/><V122/><F122/><W118/><G101/><T93/><D104/><U111/><E111/><V17/><F133/><W33/><G118/><T37/><D37/><U20/><E127/><V44/><F66/><W84/><G33/><T81/><D62/><U60/><E27/><V92/><F30/><W71/><G71/><T7/><D81/><N who="3" m="30729" /><G123/><T135/><D135/><U74/><E35/><V68/><F68/><W52/><G121/><T106/><D106/><U24/><E24/><V80/><F80/><W29/><G54/><T55/><D55/><N who="1" m="33823" /><E128/><V26/><F17/><W105/><G105/><T77/><D77/><U28/><E74/><V64/><F64/><W110/><G110/><T134/><D134/><U78/><E97/><V65/><F65/><W1/><G1/><T6/><D19/><U15/><E15/><V75/><F75/><W120/><G120/><T48/><D48/><AGARI ba="0,0" hai="20,25,28,40,46,48,76,78,79,102,103" m="33823" machi="48" ten="30,1000,0" yaku="8,1" doraHai="115" who="1" fromWho="0" sc="207,-10,325,10,227,0,241,0" /><INIT seed="3,0,0,4,5,113" ten="197,335,227,241" oya="3" hai0="107,40,110,25,81,82,68,133,52,22,41,30,103" hai1="123,47,127,57,87,37,72,35,6,34,38,42,33" hai2="9,105,12,101,65,108,79,125,122,60,16,20,88" hai3="78,94,99,89,77,129,93,36,69,114,53,92,91"/><W66/><G36/><T90/><D68/><U23/><E72/><V14/><F108/><W95/><G69/><T1/><D110/><U0/><E123/><V26/><F125/><W59/><G114/><T71/><D71/><U54/><E127/><V104/><F122/><W55/><G129/><T73/><D1/><U24/><E38/><V13/><F79/><N who="3" m="30219" /><G66/><T106/><D133/><U39/><E87/><V83/><F101/><N who="3" m="60647" /><G53/><T28/><D73/><U27/><E39/><V121/><F121/><W100/><G100/><T10/><D10/><U86/><E86/><N who="2" m="50271" /><F105/><W62/><AGARI ba="0,0" hai="55,59,62,89,91,93,94,95" m="60647,30219" machi="62" ten="30,1500,0" yaku="8,1" doraHai="113" who="3" fromWho="3" sc="197,-5,335,-5,227,-5,241,15" /><INIT seed="3,1,0,1,0,54" ten="192,330,222,256" oya="3" hai0="89,53,4,33,101,108,49,123,60,100,102,39,112" hai1="85,65,37,21,73,44,50,127,57,76,90,10,59" hai2="30,15,5,66,38,118,32,2,80,96,109,23,7" hai3="115,106,16,18,82,93,67,121,78,95,107,68,88"/><W86/><G115/><T131/><D123/><U46/><E127/><V63/><F118/><W43/><G121/><T42/><D112/><U97/><E73/><V135/><F38/><W81/><G43/><T9/><D33/><U61/><E10/><V28/><F109/><W98/><G68/><T83/><D108/><U31/><E97/><V64/><F135/><W71/><G71/><T75/><D131/><U58/><E76/><V119/><F119/><W120/><G67/><T8/><D60/><U27/><E44/><V124/><F124/><W52/><G107/><T74/><D42/><N who="1" m="24919" /><E37/><V34/><F80/><AGARI ba="1,0" hai="21,27,31,57,58,59,61,65,80,85,90" m="24919" machi="80" ten="30,7700,0" yaku="8,1,52,3" doraHai="54" who="1" fromWho="2" sc="192,0,330,80,222,-80,256,0" owari="192,-20.8,410,51.0,142,-35.8,256,5.6" /></mjloggm>