<mjloggm ver="2.3"><GO type="225" lobby="0"/><UN n0="%E3%81%B5%E3%81%98%E3%81%8B%E3%81%A4" n1="%77%72%77%72%77%72%77%72" n2="%E3%83%97%E3%83%AC%E3%83%B4%E3%82%A1%E3%83%86%E3%82%A3" n3="%E3%83%A9%E3%83%96%E3%83%AC%E3%83%BC" dan="16,16,16,17" rate="2178.54,2227.23,2052.38,2127.40" sx="M,M,F,M"/><TAIKYOKU oya="0"/><INIT seed="0,0,0,1,2,59" ten="250,250,250,250" oya="0" hai0="1,42,99,132,118,37,26,134,73,119,6,9,116" hai1="2,98,105,130,85,49,113,18,91,96,46,62,60" hai2="57,4,13,88,89,82,117,27,15,51,52,34,31" hai3="87,97,104,30,63,41,23,40,110,80,29,14,122"/><T86/><D86/><U93/><E2/><V72/><F117/><W53/><G110/><T100/><D73/><U22/><E130/><V55/><F4/><W21/><G104/><T44/><REACH who="0" step="1"/><D26/><REACH who="0" ten="240,250,250,250" step="2"/><N who="1" m="14679" /><E113/><V24/><F27/><W131/><G87/><T17/><D17/><U67/><E105/><AGARI ba="0,1" hai="1,6,9,37,42,44,99,100,105,116,118,119,132,134" machi="105" ten="40,7700,0" yaku="1,1,23,2,53,0" doraHai="59" doraHaiUra="111" who="0" fromWho="1" sc="240,87,250,-77,250,0,250,0" /><INIT seed="0,1,0,0,2,88" ten="327,173,250,250" oya="0" hai0="77,54,56,134,135,108,87,61,117,1,104,125,11" hai1="34,17,9,25,44,98,75,36,4,96,100,127,40" hai2="107,132,32,23,68,10,47,69,18,57,46,109,111" hai3="81,41,6,133,38,49,24,112,122,118,64,45,26"/><T48/><D117/><U28/><E127/><V90/><F107/><W123/><G112/><T35/><D125/><U66/><E17/><V50/><F32/><W80/><G133/><T33/><D104/><U15/><E75/><V2/><F132/><N who="0" m="50730" /><D77/><U91/><E66/><V84/><F2/><W30/><G6/><N who="0" m="1487" /><D87/><U95/><REACH who="1" step="1"/><E100/><REACH who="1" ten="327,163,250,250" step="2"/><V22/><F69/><W42/><G64/><N who="0" m="38951" /><D108/><N who="2" m="41546" /><F68/><W62/><G118/><T102/><D102/><U37/><E37/><V124/><F124/><W119/><G38/><T120/><D120/><U39/><E39/><V29/><F29/><W8/><G30/><T58/><AGARI ba="1,1" hai="33,35,48,54,58" m="38951,1487,50730" machi="58" ten="30,1500,0" yaku="20,1" doraHai="88" who="0" fromWho="0" sc="327,28,163,-6,250,-6,250,-6" /><INIT seed="0,2,0,1,5,28" ten="355,157,244,244" oya="0" hai0="84,38,67,127,72,43,124,50,93,113,15,46,0" hai1="57,47,3,74,16,82,40,98,109,79,59,73,128" hai2="131,29,68,61,81,114,39,7,104,11,8,13,134" hai3="110,118,27,105,71,26,106,96,92,120,94,78,2"/><T20/><D72/><U25/><E109/><V75/><F114/><W130/><G71/><T117/><D113/><U91/><E128/><V133/><F131/><W102/><G130/><T22/><D0/><U18/><E3/><V101/><F39/><W86/><G2/><T88/><D117/><U21/><E74/><V12/><F29/><W4/><G4/><T36/><D67/><U64/><E64/><V123/><F123/><W55/><G118/><T122/><D122/><U60/><E60/><V53/><F68/><W45/><G110/><T42/><D15/><U24/><E98/><V89/><F104/><W44/><G96/><T126/><D50/><U70/><E70/><V83/><F101/><W90/><G86/><T132/><D132/><N who="2" m="50794" /><F75/><W97/><G97/><T56/><D56/><U58/><E91/><V31/><F31/><W99/><G99/><T111/><D111/><U54/><E18/><N who="2" m="8455" /><F89/><W95/><G90/><T129/><D129/><U80/><E80/><V85/><F85/><W112/><G95/><T30/><D30/><U34/><E25/><V66/><F66/><W33/><G112/><T35/><D35/><U6/><E6/><V5/><F5/><W62/><G33/><T9/><D9/><U108/><E108/><V100/><F100/><W103/><G120/><T51/><D51/><U52/><REACH who="1" step="1"/><E34/><REACH who="1" ten="355,147,244,244" step="2"/><V49/><F61/><W37/><G62/><T107/><D107/><U1/><E1/><V41/><F41/><W32/><G32/><T17/><D42/><U10/><E10/><V125/><F125/><W77/><G55/><T65/><D126/><RYUUKYOKU ba="2,1" sc="355,-30,147,10,244,10,244,10" hai1="16,21,24,40,47,52,54,57,58,59,73,79,82" hai2="7,11,13,49,53,81,83" hai3="26,27,37,44,45,77,78,92,94,102,103,105,106" /><INIT seed="1,3,1,4,1,69" ten="325,157,254,254" oya="1" hai0="66,92,74,135,108,134,1,35,129,3,131,44,68" hai1="67,11,30,52,84,102,28,106,4,126,49,59,20" hai2="12,32,88,81,124,133,22,127,7,45,119,122,65" hai3="100,33,47,31,83,27,19,70,58,51,120,75,25"/><U121/><E121/><V43/><F122/><W114/><G120/><T29/><D92/><U17/><E126/><N who="2" m="48171" /><F32/><W113/><G70/><T23/><D44/><U96/><E67/><V93/><F119/><W41/><G100/><T76/><D23/><U56/><E56/><V54/><F65/><W125/><G125/><T60/><D108/><U91/><E11/><N who="2" m="4223" /><F22/><W99/><G99/><T97/><D97/><U117/><E4/><V36/><F54/><W105/><G105/><T26/><D76/><U0/><E0/><N who="0" m="73" /><D74/><U98/><E98/><N who="2" m="57639" /><F81/><W8/><G58/><T128/><AGARI ba="3,1" hai="26,29,35,60,66,68,128,129,131,134,135" m="73" machi="128" ten="40,2700,0" yaku="19,1,23,1" doraHai="69" who="0" fromWho="0" sc="325,46,157,-16,254,-10,254,-10" /><INIT seed="2,0,0,5,2,7" ten="371,141,244,244" oya="2" hai0="35,41,51,78,37,86,47,117,130,97,58,53,98" hai1="61,79,92,21,70,119,4,91,127,19,30,82,36" hai2="66,89,54,10,50,14,116,99,63,135,59,77,114" hai3="125,43,101,122,55,90,132,72,38,73,34,96,95"/><V18/><F114/><W46/><G122/><T13/><D35/><U27/><E119/><V39/><F116/><W100/><G34/><T80/><D117/><U110/><E110/><V87/><F39/><W118/><G118/><T60/><D130/><U115/><E115/><V120/><F120/><W17/><G125/><T62/><D62/><U68/><E127/><V25/><F135/><W133/><G55/><T5/><D37/><U32/><E36/><V85/><F77/><W45/><G45/><T93/><D93/><U52/><E4/><V94/><REACH who="2" step="1"/><F25/><REACH who="2" ten="371,141,234,244" step="2"/><W113/><G113/><T3/><D3/><U44/><E79/><V103/><F103/><W75/><G101/><T26/><D26/><U2/><E2/><V15/><F15/><W0/><G100/><T134/><D134/><U81/><E27/><V49/><F49/><W112/><G0/><T83/><D13/><U29/><E61/><V131/><F131/><W84/><G112/><T109/><D109/><U33/><E91/><V42/><F42/><W12/><REACH who="3" step="1"/><G96/><REACH who="3" ten="371,141,234,234" step="2"/><T31/><D98/><U71/><E44/><AGARI ba="0,2" hai="10,14,18,44,50,54,59,63,66,85,87,89,94,99" machi="44" ten="30,11600,0" yaku="1,1,7,1,8,1,52,1,53,0" doraHai="7" doraHaiUra="22" who="2" fromWho="1" sc="371,0,141,-116,234,136,234,0" /><INIT seed="2,1,0,5,4,125" ten="371,25,370,234" oya="2" hai0="97,14,13,101,111,95,102,132,122,126,99,81,64" hai1="92,80,16,44,52,105,60,67,124,56,37,54,0" hai2="20,110,10,108,30,31,40,128,46,29,123,7,114" hai3="78,82,9,119,112,38,69,86,6,113,53,35,36"/><V93/><F114/><N who="3" m="44139" /><G35/><T2/><D122/><U1/><E105/><V62/><F123/><W42/><G69/><T17/><D2/><U134/><E124/><V65/><F93/><W59/><G42/><T91/><D126/><U50/><E134/><V84/><F84/><W131/><G119/><T75/><D132/><U15/><E37/><V57/><F20/><W19/><G19/><T87/><D111/><N who="2" m="42538" /><F128/><W98/><G98/><T27/><D75/><U117/><E117/><V49/><F31/><W133/><G133/><T121/><D121/><U116/><E116/><V85/><F85/><W77/><G78/><N who="0" m="46519" /><D64/><U135/><E135/><V34/><F34/><W11/><G131/><T3/><D3/><AGARI ba="1,0" hai="3,7,10,29,30,40,46,49,57,62,65" m="42538" machi="3" ten="30,2900,0" yaku="14,1,10,1" doraHai="125" who="2" fromWho="0" sc="371,-32,25,0,370,32,234,0" /><INIT seed="2,2,0,4,4,119" ten="339,25,402,234" oya="2" hai0="101,83,82,64,69,39,80,65,67,44,112,5,43" hai1="53,13,27,20,102,31,78,103,88,106,133,11,63" hai2="77,110,127,2,45,70,25,46,7,107,26,48,57" hai3="52,55,38,54,21,129,134,8,36,14,40,92,113"/><V66/><F107/><W97/><G134/><T71/><D112/><U132/><E78/><V124/><F77/><W115/><G21/><T58/><D5/><U34/><E34/><V126/><F7/><W123/><G123/><T94/><D58/><U86/><E106/><V32/><F2/><W116/><G116/><T61/><D94/><U73/><E73/><V24/><F32/><W62/><G62/><T135/><D135/><U96/><E133/><V81/><F81/><W99/><G129/><T4/><D4/><U1/><E1/><V89/><F89/><W128/><G128/><T95/><D61/><U41/><E41/><V93/><F93/><W91/><G99/><T108/><D108/><U118/><E118/><V51/><F70/><W122/><G40/><T12/><D12/><U109/><E109/><V28/><F110/><W72/><G122/><T90/><REACH who="0" step="1"/><D101/><REACH who="0" ten="329,25,402,234" step="2"/><U37/><E132/><V125/><F124/><W130/><G130/><T10/><D10/><U29/><E102/><V76/><F28/><W79/><G115/><T3/><D3/><U6/><E31/><V100/><F100/><W30/><G30/><T85/><AGARI ba="2,1" hai="39,43,44,64,65,67,69,71,80,82,83,85,90,95" machi="85" ten="30,2000,0" yaku="1,1,0,1,53,0" doraHai="119" doraHaiUra="104" who="0" fromWho="0" sc="329,36,25,-7,402,-12,234,-7" /><INIT seed="3,0,0,2,4,46" ten="365,18,390,227" oya="3" hai0="10,119,97,125,108,39,106,62,18,40,124,61,6" hai1="29,23,7,122,80,11,99,19,34,127,115,31,9" hai2="129,26,117,4,20,133,98,94,95,0,3,37,135" hai3="47,74,57,101,65,75,89,91,118,5,58,49,15"/><W114/><G118/><T70/><D119/><U50/><E99/><V112/><F117/><W78/><G114/><T35/><D18/><U90/><E80/><V16/><F37/><W100/><G65/><N who="0" m="41263" /><D62/><U13/><E90/><N who="2" m="55639" /><F112/><W28/><G28/><T67/><D67/><U51/><E115/><V59/><F95/><W126/><G126/><N who="0" m="48747" /><D108/><U105/><E105/><V85/><F85/><W43/><G75/><T38/><D40/><U120/><E127/><V92/><F92/><W128/><G128/><T130/><D35/><U96/><E96/><V2/><F129/><W54/><G74/><T107/><D130/><U12/><E34/><V30/><F4/><W41/><G41/><T52/><D52/><U45/><E45/><V53/><F30/><W55/><G55/><T8/><D8/><U83/><E83/><V48/><F0/><W79/><G91/><T77/><D77/><N who="3" m="29193" /><G89/><T42/><D42/><U66/><E66/><V121/><F121/><W86/><G86/><T73/><D73/><U113/><E113/><V93/><F93/><W69/><G69/><T32/><D32/><U17/><REACH who="1" step="1"/><E23/><REACH who="1" ten="365,8,390,227" step="2"/><V33/><F33/><W60/><G58/><T87/><D87/><U71/><E71/><V132/><AGARI ba="0,1" hai="2,3,16,20,26,48,53,59,132,133,135" m="55639" machi="132" ten="30,4000,0" yaku="20,1,52,1,54,1" doraHai="46" who="2" fromWho="2" sc="365,-10,8,-10,390,50,227,-20" owari="355,15.5,-2,-50.2,440,54.0,207,-19.3" /></mjloggm>