<mjloggm ver="2.3"><GO type="225" lobby="0"/><UN n0="%E3%83%89%E3%83%A9%E3%81%8F%E3%82%8C" n1="%E9%B3%B3%E6%9D%B1%E3%81%AE%E3%81%86%E3%81%95%E3%81%8E%E3%81%95%E3%82%93" n2="%E8%BE%9B%E5%8F%A3%E3%82%AB%E3%83%AC%E3%83%BC%E3%83%A9%E3%82%A4%E3%82%B9" n3="%48%61%61%61%6C%61%6E%64" dan="16,17,17,18" rate="2141.18,2290.54,2271.61,2238.65" sx="M,M,M,M"/><TAIKYOKU oya="0"/><INIT seed="0,0,0,1,5,104" ten="250,250,250,250" oya="0" hai0="127,8,116,77,56,106,13,65,61,90,62,75,60" hai1="9,66,22,49,78,28,21,47,100,35,102,83,23" hai2="55,124,68,114,128,70,10,2,110,123,101,111,115" hai3="33,26,109,133,30,130,81,43,6,97,16,24,108"/><T134/><D116/><U50/><E66/><V15/><F2/><W79/><G130/><T40/><D134/><U112/><E112/><N who="2" m="43051" /><F101/><W3/><G133/><T92/><D106/><U113/><E113/><V58/><F128/><W67/><G67/><T12/><D127/><U1/><E35/><V5/><F124/><W18/><G43/><T64/><D40/><U7/><E28/><V117/><F123/><W126/><G126/><T107/><D107/><U122/><E122/><V19/><F19/><W25/><G97/><T46/><D46/><U4/><E4/><V27/><F27/><N who="3" m="10315" /><G81/><T37/><D37/><U82/><E82/><V93/><F93/><W118/><G79/><T63/><D65/><U29/><E49/><N who="2" m="31087" /><F117/><W94/><G94/><T76/><D75/><U87/><REACH who="1" step="1"/><E29/><REACH who="1" ten="250,240,250,250" step="2"/><V48/><F48/><W103/><G118/><T20/><D20/><U99/><E99/><V34/><F34/><W17/><G103/><T91/><D64/><U0/><E0/><V80/><F80/><W89/><G89/><T53/><D91/><U125/><E125/><V105/><F105/><W74/><G74/><T131/><D131/><U88/><E88/><V31/><F31/><W119/><G119/><T44/><D90/><U54/><AGARI ba="0,1" hai="1,7,9,21,22,23,47,50,54,78,83,87,100,102" machi="54" ten="30,7900,0" yaku="1,1,0,1,53,2" doraHai="104" doraHaiUra="98" who="1" fromWho="1" sc="250,-39,240,89,250,-20,250,-20" /><INIT seed="1,0,0,1,1,66" ten="211,329,230,230" oya="1" hai0="132,86,64,37,28,57,76,51,69,113,54,20,25" hai1="10,8,38,82,62,61,44,55,118,112,102,75,46" hai2="16,119,109,121,97,53,67,84,23,89,12,108,94" hai3="2,9,105,80,65,72,40,35,88,42,126,56,128"/><U106/><E112/><V50/><F119/><W95/><G105/><T123/><D113/><U125/><E118/><V18/><F121/><W92/><G35/><T99/><D123/><U135/><E135/><V60/><F18/><W117/><G117/><T59/><D37/><U127/><E106/><V133/><F133/><W52/><G126/><N who="1" m="48138" /><E102/><V122/><F122/><W85/><G128/><T71/><D132/><U41/><E46/><V115/><F115/><W90/><G65/><T29/><D29/><U134/><E134/><V58/><REACH who="2" step="1"/><F97/><REACH who="2" ten="211,329,220,230" step="2"/><W47/><G9/><T98/><D99/><U79/><E8/><V43/><F43/><W100/><G42/><T30/><D98/><U31/><E10/><V81/><F81/><W45/><G40/><T1/><D30/><U63/><E31/><V33/><F33/><W70/><G80/><T7/><D7/><U131/><E131/><V27/><F27/><W4/><G4/><T114/><D114/><U32/><E32/><V34/><F34/><W49/><G2/><T130/><D1/><U17/><E17/><V91/><F91/><W22/><G22/><T124/><D124/><U78/><E78/><V74/><F74/><W15/><G72/><T48/><D130/><U120/><E120/><V129/><F129/><W96/><G15/><T110/><D76/><U14/><E14/><V87/><F87/><W36/><G90/><T73/><D73/><U111/><E111/><V5/><F5/><W26/><G26/><T0/><D110/><U93/><E75/><V68/><AGARI ba="0,1" hai="12,16,23,50,53,58,60,67,68,84,89,94,108,109" machi="68" ten="30,12000,2" yaku="1,1,0,1,25,2,52,1,54,1,53,0" doraHai="66" doraHaiUra="77" who="2" fromWho="2" sc="211,-30,329,-60,220,130,230,-30" /><INIT seed="2,0,0,2,4,63" ten="181,269,350,200" oya="2" hai0="130,54,50,102,85,74,42,17,51,86,10,26,114" hai1="113,28,75,87,105,73,56,96,133,39,45,48,7" hai2="89,55,88,5,11,57,15,117,14,43,37,38,126" hai3="33,25,8,100,61,76,131,129,13,93,1,24,132"/><V110/><F117/><W64/><G1/><T70/><D114/><U112/><E28/><V109/><F126/><W97/><G76/><T84/><D74/><U6/><E7/><V80/><F15/><W53/><G53/><T9/><D130/><N who="3" m="49673" /><G33/><T21/><D70/><U12/><E56/><V128/><F128/><W46/><G46/><N who="0" m="25943" /><D102/><U123/><E45/><AGARI ba="0,0" hai="9,10,17,21,26,45,51,54,84,85,86" m="25943" machi="45" ten="30,1000,0" yaku="8,1" doraHai="63" who="0" fromWho="1" sc="181,10,269,-10,350,0,200,0" /><INIT seed="3,0,0,2,1,130" ten="191,259,350,200" oya="3" hai0="99,60,111,13,57,8,118,105,81,96,39,69,3" hai1="55,128,126,23,51,45,129,34,56,72,67,127,19" hai2="83,92,109,14,93,98,116,46,33,26,27,6,50" hai3="90,2,120,11,133,110,132,106,95,29,40,108,52"/><W134/><G120/><T18/><D118/><U62/><E34/><V97/><F33/><W24/><G106/><T54/><D111/><N who="3" m="42537" /><G40/><T78/><D105/><U119/><E72/><V15/><F109/><W49/><G11/><T22/><D39/><U84/><E84/><V4/><F83/><W112/><G2/><T35/><D35/><U85/><E85/><V131/><F131/><N who="1" m="50249" /><E119/><V76/><F76/><W103/><G103/><T91/><D91/><U48/><E48/><V100/><F116/><W88/><G112/><T104/><D69/><U25/><AGARI ba="0,0" hai="19,23,25,45,51,55,56,62,67,126,127" m="50249" machi="25" ten="30,1100,0" yaku="19,1" doraHai="130" who="1" fromWho="1" sc="191,-3,259,11,350,-3,200,-5" owari="188,-31.2,270,7.0,347,44.7,195,-20.5" /></mjloggm>