<mjloggm ver="2.3"><GO type="225" lobby="0"/><UN n0="%E6%A0%B9%E5%85%83%E3%81%8B%E3%82%89%E5%90%B9%E3%81%A3%E9%A3%9B%E3%81%B6" n1="%E8%81%B7%E6%A5%AD%E3%80%81%E9%A2%A8%32" n2="%E5%A4%96%E5%B7%9D%E7%AB%9C%E6%88%90" n3="%62%6F%6E%6F%73%2E%2E" dan="16,16,16,17" rate="2157.43,2106.05,2149.12,2208.39" sx="F,M,M,M"/><TAIKYOKU oya="0"/><INIT seed="0,0,0,3,0,104" ten="250,250,250,250" oya="0" hai0="84,131,115,47,48,99,18,119,62,7,32,31,26" hai1="75,49,92,27,130,64,13,10,72,122,108,121,6" hai2="111,101,118,86,5,73,85,83,74,2,89,66,120" hai3="14,70,44,133,51,16,43,23,79,124,95,123,56"/><T25/><D115/><U59/><E108/><V8/><F120/><W30/><G123/><T50/><D119/><U33/><E122/><V11/><F111/><W35/><G70/><T134/><D131/><U24/><E121/><V78/><F118/><W17/><G124/><T102/><D134/><U97/><E130/><V114/><F114/><W41/><G133/><T20/><D7/><U106/><E106/><V46/><F101/><W40/><G79/><T109/><D109/><U15/><E15/><V96/><F96/><W81/><G81/><T88/><D62/><U80/><E80/><V61/><F11/><W113/><G113/><T135/><D135/><U38/><E38/><V112/><F112/><W132/><G132/><T57/><D57/><U107/><E107/><V29/><F29/><W103/><G17/><T60/><D60/><U90/><E33/><V128/><F128/><W100/><G56/><T0/><D0/><U125/><E125/><V4/><F4/><W105/><G105/><T67/><D67/><U126/><E126/><V87/><F46/><W94/><G30/><T127/><D127/><U21/><E27/><V34/><F34/><W58/><G58/><T53/><D48/><U1/><E1/><V129/><F129/><W71/><G71/><T37/><D37/><U69/><E69/><V65/><F65/><W54/><REACH who="3" step="1"/><G35/><REACH who="3" ten="250,250,250,240" step="2"/><T36/><D31/><N who="1" m="17807" /><E64/><V68/><REACH who="2" step="1"/><F74/><REACH who="2" ten="250,250,240,240" step="2"/><W42/><N who="3" m="10240" /><DORA hai="45" /><W28/><G28/><T3/><D32/><U22/><E22/><V77/><F77/><W12/><G12/><N who="0" m="9287" /><D36/><U55/><E75/><V76/><F76/><RYUUKYOKU ba="0,2" sc="250,-30,250,10,240,10,240,10" hai1="6,10,13,49,55,59,72,90,92,97" hai2="2,5,8,61,66,68,73,78,83,85,86,87,89" hai3="14,16,23,44,51,54,94,95,100,103" /><INIT seed="1,1,2,5,2,43" ten="220,260,250,250" oya="1" hai0="133,103,33,26,4,132,72,29,106,117,1,17,40" hai1="107,50,46,59,56,22,123,90,122,118,67,62,79" hai2="14,111,105,31,57,38,84,88,27,70,104,54,66" hai3="65,35,130,71,116,2,64,129,16,98,109,75,28"/><U58/><E118/><V42/><F111/><W121/><G121/><N who="1" m="46090" /><E90/><V25/><F25/><N who="3" m="18831" /><G109/><T37/><D117/><U63/><E79/><V68/><F68/><W53/><G116/><T112/><D112/><U102/><E102/><V127/><F14/><W78/><G2/><T48/><D48/><U126/><E107/><V34/><F127/><W91/><G71/><T6/><D17/><U110/><E110/><V134/><F134/><N who="0" m="51818" /><D72/><U51/><E22/><V45/><F66/><W80/><G53/><T32/><D32/><U19/><E19/><V36/><F38/><W115/><G115/><T69/><D103/><U24/><E24/><V85/><F70/><W3/><G3/><T99/><D69/><N who="1" m="42231" /><E126/><V39/><F36/><W135/><G16/><T76/><D76/><U82/><E82/><V95/><REACH who="2" step="1"/><F84/><REACH who="2" ten="220,260,240,250" step="2"/><W83/><G135/><T7/><D1/><U44/><E63/><AGARI ba="1,3" hai="27,31,34,39,42,45,54,57,63,85,88,95,104,105" machi="63" ten="30,12000,2" yaku="1,1,2,1,7,1,52,1,54,1,53,1" doraHai="43" doraHaiUra="89" who="2" fromWho="1" sc="220,0,260,-123,240,153,250,0" /><INIT seed="2,0,0,0,5,102" ten="220,137,393,250" oya="2" hai0="81,106,87,131,134,73,130,51,93,26,113,119,68" hai1="105,13,91,38,66,54,77,25,31,109,56,114,111" hai2="95,15,121,127,112,64,135,100,52,59,58,34,133" hai3="35,37,9,10,80,36,122,88,45,69,6,43,44"/><V107/><F112/><W132/><G122/><T21/><D68/><U27/><E38/><V72/><F121/><W57/><G69/><T14/><D113/><U0/><E0/><V79/><F34/><W85/><G35/><T75/><D134/><N who="2" m="51210" /><F127/><W120/><G120/><T63/><D119/><U53/><E114/><V96/><F15/><W41/><G132/><T117/><D117/><U84/><E13/><V99/><F64/><W70/><G70/><T12/><D51/><U71/><E71/><V24/><F24/><W55/><REACH who="3" step="1"/><G6/><REACH who="3" ten="220,137,393,240" step="2"/><T97/><D130/><U90/><E66/><V76/><F72/><W19/><G19/><T126/><D73/><U28/><E56/><V123/><F59/><W110/><G110/><T39/><D75/><U16/><E16/><V22/><F123/><W115/><G115/><T128/><D131/><U4/><E4/><V11/><F22/><W129/><G129/><T20/><D20/><U92/><E77/><V60/><F11/><W2/><G2/><T32/><D21/><U86/><REACH who="1" step="1"/><E92/><REACH who="1" ten="220,127,393,240" step="2"/><V30/><F30/><W8/><G8/><T82/><D93/><U7/><E7/><V50/><F76/><W125/><G125/><T29/><D126/><U33/><E33/><V61/><F79/><W89/><G89/><AGARI ba="0,2" hai="50,52,58,60,61,89,95,96,99,100,107" m="51210" machi="89" ten="30,5800,0" yaku="20,1,52,1,54,1" doraHai="102" who="2" fromWho="3" sc="220,0,127,0,393,78,240,-58" /><INIT seed="2,1,0,5,0,26" ten="220,127,471,182" oya="2" hai0="9,30,2,38,56,102,70,83,60,36,8,68,41" hai1="93,88,54,22,58,19,76,21,135,27,18,122,85" hai2="35,118,24,7,116,113,66,127,23,32,97,74,82" hai3="134,105,37,71,65,14,75,114,33,87,5,78,126"/><V55/><F55/><W43/><G87/><T49/><D102/><U109/><E109/><V119/><F82/><N who="3" m="45407" /><G14/><T1/><D83/><U86/><E122/><V10/><F97/><W96/><G5/><T28/><D49/><U128/><E128/><V120/><F66/><W57/><G57/><T31/><D56/><U89/><E76/><V72/><F72/><W81/><G81/><T90/><D90/><U13/><E135/><V129/><F74/><W130/><G134/><T107/><D107/><U0/><E0/><N who="0" m="105" /><D60/><U115/><E115/><V48/><F48/><W59/><G59/><T106/><D106/><U25/><E13/><N who="2" m="5343" /><F113/><W15/><G15/><T79/><D79/><U124/><E124/><V133/><F133/><W94/><G33/><T62/><D62/><U50/><E89/><V20/><F129/><W131/><G114/><T42/><D42/><U110/><E110/><V17/><F127/><W29/><G29/><T77/><D77/><U63/><E50/><V132/><F132/><W112/><G112/><T111/><D111/><U44/><E44/><V98/><F98/><AGARI ba="1,0" hai="18,19,21,22,25,27,54,58,63,85,86,88,93,98" machi="98" ten="30,12000,2" yaku="7,1,9,1,25,2,8,1,54,1" doraHai="26" who="1" fromWho="2" sc="220,0,127,123,471,-123,182,0" /><INIT seed="3,0,0,1,4,11" ten="220,250,348,182" oya="3" hai0="39,121,12,94,43,50,9,131,103,1,120,105,127" hai1="82,72,63,77,23,53,78,45,27,134,31,130,34" hai2="81,71,125,69,109,52,124,106,49,133,38,113,118" hai3="16,36,25,46,61,44,70,37,18,100,68,22,62"/><W89/><G89/><T115/><D39/><U28/><E130/><V7/><F113/><W51/><G100/><T15/><D105/><U114/><E134/><V98/><F118/><W111/><G111/><T123/><D115/><U14/><E114/><V2/><F133/><W104/><G104/><T90/><D131/><U4/><E78/><V33/><F33/><W83/><G83/><T57/><D103/><U59/><E45/><V10/><F109/><W41/><G18/><T95/><D95/><U35/><E31/><V47/><F81/><W119/><G119/><T91/><D91/><U74/><E74/><V79/><F79/><W30/><G30/><T129/><D129/><U97/><E97/><V21/><F21/><W26/><G26/><T17/><D1/><U84/><E72/><V67/><F98/><W65/><REACH who="3" step="1"/><G44/><REACH who="3" ten="220,250,348,172" step="2"/><N who="0" m="25887" /><D123/><U135/><E135/><V73/><F106/><W92/><G92/><T66/><D121/><U13/><E82/><V110/><F110/><W56/><G56/><T126/><D120/><U8/><E59/><V107/><F107/><W58/><G58/><T32/><D57/><U96/><E27/><V55/><F47/><W29/><G29/><T117/><D117/><U3/><E28/><V116/><F116/><W85/><G85/><T40/><D17/><U88/><E84/><V101/><F101/><W80/><G80/><T93/><D94/><U0/><E88/><V5/><F73/><W19/><G19/><T99/><D93/><U20/><E96/><V87/><F87/><W108/><G108/><T76/><D90/><U64/><E77/><RYUUKYOKU ba="0,1" sc="220,-10,250,-10,348,-10,172,30" hai3="16,22,25,36,37,41,46,51,61,62,65,68,70" /><INIT seed="3,1,1,5,0,88" ten="210,240,338,202" oya="3" hai0="36,41,69,115,54,84,99,55,1,60,50,42,48" hai1="23,16,89,77,67,37,3,39,74,82,119,133,123" hai2="81,106,44,70,112,58,64,94,79,120,33,100,109" hai3="73,61,63,97,40,0,8,26,21,57,19,29,47"/><W87/><G73/><T118/><D1/><U59/><E3/><V129/><F58/><W56/><G87/><T2/><D2/><U86/><E123/><V49/><F94/><W18/><G97/><T76/><D99/><U34/><E34/><V22/><F22/><W38/><G0/><T52/><D118/><U96/><E96/><V121/><F100/><W78/><G78/><T28/><D28/><U103/><E103/><V101/><F101/><W53/><REACH who="3" step="1"/><G8/><REACH who="3" ten="210,240,338,192" step="2"/><T14/><D76/><U95/><E77/><V7/><F79/><W6/><G6/><T24/><D84/><U32/><E86/><V17/><F7/><W20/><G20/><T65/><D115/><U13/><E23/><V98/><F112/><W31/><G31/><T107/><D107/><U45/><E74/><V108/><F106/><W128/><G128/><T15/><D24/><U71/><E32/><V75/><F129/><W127/><G127/><T68/><D14/><U27/><E13/><V104/><F98/><W30/><G30/><T91/><D15/><U122/><E27/><V35/><F104/><W130/><G130/><T46/><D91/><U126/><E89/><V90/><F90/><W10/><G10/><T4/><D4/><U85/><E85/><V134/><F35/><W5/><G5/><T135/><D135/><U51/><E133/><V110/><F134/><W83/><G83/><T116/><D116/><U72/><E119/><V93/><F33/><W43/><G43/><N who="0" m="22887" /><D69/><U124/><E71/><V113/><F75/><W125/><G125/><T131/><D131/><U92/><E72/><RYUUKYOKU ba="1,2" sc="210,15,240,-15,338,-15,192,15" hai0="41,42,48,50,52,54,55,60,65,68" hai3="18,19,21,26,29,38,40,47,53,56,57,61,63" /><INIT seed="3,2,2,2,0,25" ten="225,225,323,207" oya="3" hai0="103,82,113,117,46,44,50,98,119,23,47,45,114" hai1="59,92,14,31,30,65,132,125,97,49,116,24,68" hai2="87,22,4,104,93,42,77,55,135,15,39,66,35" hai3="72,12,123,80,100,33,112,130,107,61,13,102,128"/><W38/><G112/><N who="0" m="43115" /><D82/><U78/><E116/><N who="0" m="44617" /><D23/><U18/><E68/><V121/><F93/><W17/><G123/><T86/><D86/><U120/><E120/><V6/><F15/><W111/><G111/><T67/><D67/><U29/><E24/><V81/><F22/><W16/><G33/><T89/><D89/><N who="1" m="55439" /><E125/><V57/><F87/><W90/><G38/><T122/><D122/><U109/><E109/><V37/><F66/><W36/><G36/><T124/><D124/><U20/><E132/><V83/><F39/><W118/><G118/><T129/><D129/><N who="3" m="49769" /><G61/><T1/><D1/><U2/><E2/><V76/><F37/><W32/><G32/><T94/><D47/><U73/><E73/><V34/><F35/><W115/><G115/><T11/><D11/><U70/><E70/><V95/><F34/><W91/><G91/><T56/><D56/><U126/><E126/><V9/><F57/><W101/><G90/><T0/><D0/><U19/><E78/><V131/><F76/><N who="3" m="44039" /><G107/><T63/><D63/><N who="1" m="38143" /><E49/><AGARI ba="2,2" hai="44,45,46,49,50,94,98,103" m="44617,43115" machi="49" ten="40,1300,0" yaku="11,1" doraHai="25" who="0" fromWho="1" sc="225,39,225,-19,323,0,207,0" owari="264,6.4,206,-29.4,323,42.3,207,-19.3" /></mjloggm>