<mjloggm ver="2.3"><GO type="225" lobby="0"/><UN n0="%E3%81%B8%E3%82%80%E3%81%B8%E3%82%80%EF%BC%92%E5%8F%B7" n1="%E9%80%9F%E6%B0%B4%E5%87%9B%E9%A6%99" n2="%E3%83%9F%E3%83%AA%E3%83%80%E3%81%97%E3%82%88" n3="%E3%83%AD%E3%83%83%E3%83%86%E9%9B%80%E7%90%83" dan="17,16,16,17" rate="2159.63,2057.46,2071.34,2173.60" sx="M,F,M,M"/><TAIKYOKU oya="0"/><INIT seed="0,0,0,5,1,122" ten="250,250,250,250" oya="0" hai0="44,100,41,107,109,56,121,78,96,86,48,105,53" hai1="54,92,40,81,37,87,123,85,0,119,79,67,11" hai2="132,4,135,84,72,114,131,76,13,108,43,59,10" hai3="71,35,111,8,28,127,112,47,3,51,103,90,2"/><T82/><D121/><U50/><E123/><V16/><F114/><W7/><G71/><T57/><D109/><U124/><E119/><V23/><F131/><W70/><G70/><T26/><D26/><U9/><E124/><V99/><F43/><W104/><G90/><T52/><D53/><U106/><E106/><V115/><F115/><W29/><G2/><T98/><REACH who="0" step="1"/><D41/><REACH who="0" ten="240,250,250,250" step="2"/><U17/><E40/><V34/><F108/><W80/><G111/><T101/><AGARI ba="0,1" hai="44,48,52,56,57,78,82,86,96,98,100,101,105,107" machi="101" ten="30,12000,1" yaku="1,1,2,1,0,1,9,1,54,1,53,0" doraHai="122" doraHaiUra="1" who="0" fromWho="0" sc="240,130,250,-40,250,-40,250,-40" /><INIT seed="0,1,0,1,3,112" ten="370,210,210,210" oya="0" hai0="7,117,60,95,91,15,83,115,133,46,0,128,107" hai1="32,122,49,16,61,2,44,111,71,30,86,88,59" hai2="89,81,93,119,79,28,85,25,9,48,82,125,118" hai3="76,19,127,94,103,12,131,120,22,43,69,130,14"/><T8/><D115/><U75/><E71/><V78/><F125/><W36/><G69/><T18/><D107/><U35/><E122/><V98/><F9/><W116/><G127/><T97/><D128/><N who="3" m="49193" /><G120/><T56/><D133/><U108/><E2/><V26/><F48/><W99/><G76/><T70/><D70/><U58/><E75/><V51/><F51/><W55/><G55/><T64/><D46/><U114/><E114/><V101/><F101/><W47/><G12/><T34/><D34/><U53/><E30/><V65/><F65/><W110/><G110/><N who="1" m="42026" /><E58/><V1/><F1/><W42/><G42/><T90/><D83/><N who="1" m="49247" /><E16/><V6/><F6/><W126/><G126/><T113/><D18/><U20/><E20/><V54/><F54/><AGARI ba="1,0" hai="32,35,44,49,53,54,59,61" m="49247,42026" machi="54" ten="30,2000,0" yaku="14,1,54,1" doraHai="112" who="1" fromWho="2" sc="370,0,210,23,210,-23,210,0" /><INIT seed="1,0,0,4,3,55" ten="370,233,187,210" oya="1" hai0="119,88,40,98,56,7,107,81,90,48,50,13,99" hai1="35,44,106,71,113,128,120,109,72,95,77,41,73" hai2="14,33,78,135,19,52,28,94,67,92,62,130,86" hai3="3,70,132,68,89,75,10,129,108,63,110,47,111"/><U133/><RYUUKYOKU type="yao9" ba="0,0" sc="370,0,233,0,187,0,210,0" hai1="35,41,44,71,72,73,77,95,106,109,113,120,128,133" /><INIT seed="1,1,0,5,2,109" ten="370,233,187,210" oya="1" hai0="125,15,108,2,120,41,3,35,77,59,87,88,83" hai1="95,130,70,12,6,110,22,93,129,127,64,116,86" hai2="102,63,80,98,126,7,92,94,106,76,18,13,91" hai3="38,85,50,33,28,47,4,19,24,111,39,135,57"/><U30/><E116/><V75/><F126/><W134/><G111/><T118/><D118/><U17/><E127/><V107/><F7/><W1/><G57/><T114/><D125/><U96/><E30/><V61/><F106/><W101/><G101/><T36/><D35/><U54/><E6/><V45/><F45/><W100/><G100/><T124/><D124/><U112/><E112/><V58/><F58/><W37/><G19/><T84/><D114/><U8/><E8/><V62/><REACH who="2" step="1"/><F91/><REACH who="2" ten="370,233,177,210" step="2"/><W14/><G1/><T26/><D59/><U23/><E110/><V90/><F90/><W40/><G4/><T51/><D88/><N who="1" m="53399" /><E70/><V89/><F89/><W121/><G121/><T132/><D108/><U0/><E130/><V79/><F79/><W122/><G122/><T10/><D77/><U43/><E129/><V133/><F133/><W34/><G135/><T69/><D132/><U128/><E128/><V56/><F56/><W20/><G134/><T11/><D69/><U131/><E131/><V119/><F119/><W46/><G46/><T103/><D120/><U74/><E0/><V71/><F71/><W113/><G113/><T60/><D2/><U97/><E74/><V105/><F105/><W99/><G85/><T123/><D3/><U65/><E65/><V68/><F68/><W55/><G99/><T52/><D123/><U53/><E64/><V44/><F44/><W29/><G40/><T104/><D104/><U32/><E43/><V48/><F48/><W82/><G38/><T27/><D41/><U115/><E115/><V21/><AGARI ba="1,1" hai="13,18,21,61,62,63,75,76,80,92,94,98,102,107" machi="21" ten="30,4000,0" yaku="1,1,0,1,53,1" doraHai="109" doraHaiUra="72" who="2" fromWho="2" sc="370,-11,233,-21,177,53,210,-11" /><INIT seed="2,0,0,0,1,96" ten="359,212,230,199" oya="2" hai0="57,89,23,132,51,17,113,9,28,47,78,32,135" hai1="30,76,52,125,48,126,98,124,21,107,80,14,2" hai2="16,94,20,123,35,130,131,68,64,11,84,110,70" hai3="99,88,112,7,83,127,55,53,13,50,15,22,31"/><V56/><F35/><W111/><G111/><T95/><D113/><U40/><E2/><V65/><F123/><W104/><G127/><T36/><D78/><U39/><E40/><V63/><F110/><W120/><G120/><T29/><D9/><U85/><E39/><V66/><F11/><N who="3" m="4351" /><G104/><T114/><D57/><U82/><E82/><V128/><F94/><N who="3" m="56775" /><G112/><T43/><D36/><U24/><E14/><N who="2" m="9239" /><F84/><W19/><G83/><T59/><D59/><N who="1" m="33159" /><E98/><V79/><F79/><W109/><G109/><T62/><D32/><U108/><E108/><V93/><F93/><W4/><G4/><T81/><D95/><U121/><E121/><V90/><F90/><W33/><G33/><T37/><D89/><U8/><E8/><V49/><F49/><W5/><G5/><T18/><D51/><U73/><E107/><V115/><F115/><W25/><G50/><T3/><D114/><U103/><E103/><V61/><F61/><W75/><G75/><AGARI ba="0,0" hai="21,24,30,73,75,76,80,85,124,125,126" m="33159" machi="75" ten="30,2000,0" yaku="18,1,54,1" doraHai="96" who="1" fromWho="3" sc="359,0,212,20,230,0,199,-20" /><INIT seed="3,0,0,5,0,31" ten="359,232,230,179" oya="3" hai0="72,4,118,13,117,76,119,106,130,89,100,133,131" hai1="1,18,123,37,59,80,62,26,122,112,14,81,115" hai2="21,96,71,104,8,111,32,110,56,54,97,69,7" hai3="6,64,60,116,120,114,35,73,30,87,36,50,128"/><W38/><G114/><T66/><D133/><U28/><E37/><N who="3" m="14442" /><G50/><T41/><D66/><U12/><E1/><N who="2" m="111" /><F32/><W39/><N who="3" m="14450" /><W74/><DORA hai="29" /><G87/><T11/><D89/><U44/><E44/><V3/><F21/><W82/><G82/><N who="0" m="45319" /><D41/><U40/><E40/><V127/><F3/><W33/><G6/><T108/><D100/><U107/><E107/><V42/><F42/><W105/><G120/><T83/><D83/><U103/><E103/><N who="2" m="62567" /><F127/><W79/><G116/><T45/><D45/><U47/><E47/><V134/><F97/><W113/><G113/><T70/><D70/><U132/><E123/><V25/><F25/><N who="3" m="18639" /><G35/><T22/><D22/><U0/><E122/><V67/><F134/><W125/><G105/><T43/><D106/><U109/><E132/><V85/><F85/><W68/><G125/><T99/><D43/><U5/><E115/><V121/><F121/><W34/><G34/><T9/><D99/><U94/><E112/><V84/><F84/><W91/><G91/><T65/><D119/><U49/><E49/><V124/><F124/><W10/><G10/><T75/><D11/><U48/><E48/><V129/><F54/><W93/><G93/><T23/><D9/><U61/><E94/><V46/><F46/><W86/><G128/><T51/><D118/><U19/><E5/><V52/><F129/><N who="0" m="49162" /><D4/><U57/><E0/><V27/><F27/><W16/><G16/><T63/><D117/><U17/><E26/><V88/><F88/><W20/><G20/><T102/><D23/><U135/><E19/><V101/><F56/><N who="1" m="21577" /><E17/><V90/><F90/><RYUUKYOKU ba="0,0" sc="359,-10,232,-10,230,-10,179,30" hai3="60,64,68,73,74,79,86" /><INIT seed="3,1,0,3,3,28" ten="349,222,220,209" oya="3" hai0="95,11,32,23,108,26,106,82,131,5,73,10,105" hai1="133,22,98,61,115,52,19,83,9,58,107,4,24" hai2="17,129,120,122,2,14,27,13,110,42,87,3,66" hai3="33,68,74,56,30,44,123,113,50,59,132,77,118"/><W130/><G113/><T102/><D32/><U25/><E115/><V39/><F110/><W31/><G118/><T55/><D108/><U45/><E133/><V103/><F129/><W81/><G123/><N who="2" m="47145" /><F66/><W1/><G1/><N who="2" m="9" /><F103/><W54/><G68/><T15/><D131/><U57/><E83/><V60/><F60/><W124/><G124/><T125/><D125/><U70/><E70/><V84/><F42/><W79/><G130/><T64/><D64/><U49/><E57/><V127/><F39/><W38/><G132/><T63/><D11/><U37/><E37/><V6/><F127/><W43/><G79/><T51/><D63/><U35/><E107/><V76/><F76/><W121/><G121/><T47/><D82/><U7/><E58/><V89/><F6/><W48/><REACH who="3" step="1"/><G33/><REACH who="3" ten="349,222,220,199" step="2"/><T114/><D114/><U12/><E35/><V0/><F0/><W78/><G78/><T72/><D72/><U16/><E61/><V80/><F87/><W18/><G18/><T40/><D73/><U111/><E111/><V100/><F100/><W41/><G41/><T75/><D40/><U90/><E19/><V67/><F67/><W119/><G119/><T34/><D34/><U92/><E4/><V117/><F117/><W112/><G112/><T53/><D75/><U71/><E71/><V135/><F135/><W99/><G99/><T29/><D5/><U96/><E96/><V88/><F89/><W21/><G21/><AGARI ba="1,1" hai="13,14,17,21,27,80,84,88" m="9,47145" machi="21" ten="30,2000,0" yaku="13,1,54,1" doraHai="28" who="2" fromWho="3" sc="349,0,222,0,220,33,199,-23" owari="349,44.9,222,-17.8,253,5.3,176,-32.4" /></mjloggm>