<mjloggm ver="2.3"><GO type="225" lobby="0"/><UN n0="%E3%81%BF%E3%81%BF%E3%81%9A" n1="%72%69%6F%75%63%68%61%6E" n2="%E3%83%97%E3%83%AC%E3%83%B4%E3%82%A1%E3%83%86%E3%82%A3" n3="%E7%99%BD%E6%97%A5%E9%9B%AA%E8%8F%9C" dan="16,16,16,16" rate="2164.53,2126.79,2079.30,2186.00" sx="M,M,F,M"/><TAIKYOKU oya="0"/><INIT seed="0,0,0,4,5,49" ten="250,250,250,250" oya="0" hai0="12,107,86,82,0,11,132,84,102,127,23,2,131" hai1="130,36,90,13,98,80,111,126,115,104,103,109,32" hai2="100,122,134,62,30,43,39,99,6,116,4,133,70" hai3="81,19,61,47,42,92,10,24,69,74,55,41,89"/><T53/><D127/><U120/><E120/><V72/><F122/><W112/><G112/><T95/><D131/><U45/><E126/><V29/><F72/><W18/><G69/><T15/><D132/><N who="2" m="50794" /><F116/><W135/><G135/><T79/><D107/><U101/><E130/><V93/><F39/><W121/><G121/><T17/><D53/><U88/><E115/><V22/><F43/><W96/><G10/><T114/><D114/><U57/><E32/><V123/><F123/><W125/><G125/><T40/><D40/><N who="1" m="22663" /><E101/><V25/><F30/><W124/><G124/><T56/><D56/><U128/><E128/><V76/><F76/><W38/><G42/><T52/><D52/><U117/><E117/><V118/><F118/><W113/><G113/><T65/><D65/><AGARI ba="0,0" hai="4,6,22,25,29,62,65,70,93,99,100" m="50794" machi="65" ten="30,1000,0" yaku="20,1" doraHai="49" who="2" fromWho="0" sc="250,-10,250,0,250,10,250,0" /><INIT seed="1,0,0,1,4,83" ten="240,250,260,250" oya="1" hai0="21,48,22,82,19,4,32,43,69,120,66,121,27" hai1="84,37,100,97,44,79,63,87,14,8,56,75,59" hai2="119,49,110,93,98,77,24,71,52,45,36,30,12" hai3="104,1,92,125,95,113,130,47,107,90,132,115,26"/><U78/><E75/><V131/><F119/><W80/><G1/><T2/><D69/><U81/><E37/><V114/><F110/><W33/><G47/><N who="0" m="25727" /><D66/><U72/><E44/><V51/><F71/><W50/><G50/><T10/><D82/><N who="1" m="47191" /><E72/><V123/><F123/><N who="0" m="47178" /><D21/><U5/><E63/><V134/><F36/><W68/><G68/><T3/><D2/><U126/><E126/><V62/><F131/><W76/><G125/><T25/><D25/><U0/><E0/><V54/><F134/><W70/><G70/><T42/><D42/><U127/><E127/><V67/><F77/><W106/><G130/><T58/><D58/><U16/><E5/><V117/><F117/><W61/><G61/><T38/><D38/><U109/><E109/><V124/><F124/><W129/><G129/><T103/><D103/><U28/><E28/><V23/><F114/><W20/><G33/><AGARI ba="0,0" hai="3,4,10,19,22,27,32,33" m="47178,25727" machi="33" ten="30,1000,0" yaku="13,1" doraHai="83" who="0" fromWho="3" sc="240,10,250,0,260,0,250,-10" /><INIT seed="2,0,0,2,2,56" ten="250,250,260,240" oya="2" hai0="109,75,31,37,98,82,5,107,114,0,50,122,86" hai1="135,36,106,34,24,40,22,59,11,55,28,102,26" hai2="53,100,72,10,25,96,7,92,88,134,110,80,66" hai3="99,20,45,27,83,87,118,23,65,41,12,39,73"/><V131/><F131/><W105/><G118/><T6/><D122/><U62/><E135/><V101/><F134/><W15/><G73/><T126/><D37/><U64/><E11/><V54/><F110/><W132/><G132/><T95/><D114/><U104/><E102/><V46/><F25/><W48/><G65/><T133/><D133/><U61/><E40/><V67/><F72/><W35/><G35/><T14/><D0/><U108/><E36/><V42/><F53/><W93/><G105/><T44/><D31/><U3/><E3/><V29/><F29/><W19/><G39/><T90/><D126/><U51/><E108/><V103/><F42/><W124/><G23/><T13/><D107/><U17/><REACH who="1" step="1"/><E61/><REACH who="1" ten="250,240,260,240" step="2"/><V69/><F69/><AGARI ba="0,1" hai="17,22,24,26,28,34,51,55,59,62,64,69,104,106" machi="69" ten="30,7700,0" yaku="1,1,2,1,7,1,52,1,53,0" doraHai="56" doraHaiUra="76" who="1" fromWho="2" sc="250,0,240,87,260,-77,240,0" /><INIT seed="3,0,0,1,3,51" ten="250,327,183,240" oya="3" hai0="53,21,113,117,42,56,7,122,48,103,119,100,57" hai1="9,72,5,125,102,109,84,36,66,47,108,78,28" hai2="132,62,121,94,77,41,15,43,126,45,96,34,129" hai3="65,82,11,35,112,24,61,93,19,110,17,106,38"/><W134/><G112/><T63/><D122/><U74/><E125/><V79/><F126/><W81/><G106/><T59/><D7/><U6/><E66/><V12/><F34/><W22/><G38/><T33/><D33/><U67/><E67/><V50/><F121/><W107/><G107/><T104/><D104/><U86/><E102/><V29/><F132/><W46/><G134/><T0/><D0/><N who="1" m="167" /><E6/><V73/><F129/><W31/><G46/><N who="0" m="25687" /><D21/><U80/><E28/><V135/><F135/><W71/><G110/><N who="1" m="42602" /><E72/><V95/><F73/><W70/><G70/><T1/><D103/><U25/><E25/><V133/><F133/><W20/><G11/><T111/><D100/><U131/><E131/><V98/><F29/><W120/><G120/><T18/><D18/><U54/><E54/><V32/><F32/><W87/><G93/><T105/><D1/><U76/><E78/><V58/><F50/><W99/><G99/><T23/><D105/><U90/><E90/><V4/><F4/><W130/><G130/><T13/><D111/><U55/><E55/><V49/><F49/><W68/><G68/><T64/><D113/><U116/><E116/><V39/><F45/><W114/><G114/><T2/><D2/><U127/><E127/><V91/><F91/><W10/><G10/><T75/><D75/><U52/><E52/><V101/><F101/><W123/><G123/><T118/><D53/><U92/><E92/><V69/><F69/><W37/><G71/><T128/><D128/><U40/><AGARI ba="0,0" hai="36,40,47,74,76,80,84,86" m="42602,167" machi="40" ten="30,2000,0" yaku="25,1,14,1" doraHai="51" who="1" fromWho="1" sc="250,-5,327,20,183,-5,240,-10" owari="245,4.5,347,44.7,178,-32.2,230,-17.0" /></mjloggm>