<mjloggm ver="2.3"><GO type="225" lobby="0"/><UN n0="%E9%A2%A8%E3%81%A7%E9%B3%B4%E3%81%8F" n1="%E3%81%8B%E3%82%8F%E3%81%A1%E3%82%83%E3%82%93%35%38" n2="%E5%B0%8F%E9%B3%A5%E9%81%8A%E7%B7%B4%E7%84%A1%32%31%E6%AD%B3" n3="%33%74%72%65%65" dan="16,16,16,16" rate="2145.95,2148.83,2175.28,2165.83" sx="M,M,F,F"/><TAIKYOKU oya="0"/><INIT seed="0,0,0,4,2,111" ten="250,250,250,250" oya="0" hai0="108,47,84,76,11,81,70,61,91,117,131,92,3" hai1="49,5,51,135,17,77,40,124,73,55,96,121,24" hai2="106,0,118,42,10,66,95,129,110,120,134,85,97" hai3="54,83,115,100,60,116,126,64,20,22,123,128,78"/><T26/><D108/><U27/><E121/><V63/><F120/><W130/><G116/><T93/><D131/><N who="3" m="50217" /><G123/><T94/><D117/><U105/><E5/><V43/><F106/><W114/><G126/><T72/><D47/><U103/><E124/><V30/><F129/><W50/><G100/><T2/><D26/><U82/><E135/><V69/><F134/><W86/><G20/><T88/><D11/><U9/><E40/><V14/><F0/><W8/><G8/><T35/><D35/><U48/><REACH who="1" step="1"/><E55/><REACH who="1" ten="250,240,250,250" step="2"/><V62/><F110/><W125/><G125/><T18/><D18/><U37/><E37/><V112/><F118/><W75/><G75/><T1/><REACH who="0" step="1"/><D72/><REACH who="0" ten="240,240,250,250" step="2"/><U28/><E28/><V90/><F30/><W122/><G122/><T44/><D44/><U109/><E109/><V38/><F38/><W15/><G114/><T34/><D34/><U99/><E99/><V13/><F97/><W74/><G115/><T98/><D98/><U57/><E57/><V87/><F112/><W58/><G74/><T89/><D89/><U32/><E32/><V33/><F90/><W36/><G36/><T52/><D52/><U29/><E29/><V119/><F33/><W23/><G54/><T104/><D104/><U101/><E101/><V56/><F119/><W127/><G127/><T16/><D16/><U132/><E132/><V80/><F56/><W6/><G58/><T46/><D46/><U65/><E65/><AGARI ba="0,2" hai="1,2,3,61,65,70,76,81,84,88,91,92,93,94" machi="65" ten="50,4800,0" yaku="1,1,54,1,53,0" doraHai="111" doraHaiUra="19" who="0" fromWho="1" sc="240,68,240,-48,250,0,250,0" /><INIT seed="0,1,0,0,0,32" ten="308,192,250,250" oya="0" hai0="90,85,45,12,0,48,57,18,77,58,23,126,84" hai1="89,67,4,43,24,94,71,46,81,111,73,135,131" hai2="129,68,74,83,76,80,31,122,132,117,54,95,29" hai3="92,37,128,118,113,125,66,61,14,30,10,79,51"/><T47/><D126/><U8/><E111/><V119/><F122/><W41/><G113/><T107/><D107/><U38/><E135/><V86/><F68/><W3/><G118/><N who="2" m="45065" /><F132/><W120/><G120/><T104/><D104/><U34/><E131/><V50/><F95/><W124/><G30/><T75/><D75/><U33/><E24/><V6/><F6/><N who="3" m="1375" /><G51/><T13/><D0/><N who="1" m="7" /><E89/><N who="2" m="51399" /><F129/><W133/><G133/><T115/><D115/><U70/><E94/><V88/><F88/><W28/><G128/><T103/><D103/><U1/><E1/><V11/><F11/><W97/><G92/><N who="0" m="54343" /><D12/><U20/><E20/><V82/><F83/><W60/><G124/><T7/><D7/><U108/><E108/><V52/><F54/><W96/><G125/><T62/><D85/><U109/><E109/><V55/><F55/><W19/><G97/><T127/><D77/><N who="1" m="44207" /><E71/><V114/><F114/><W112/><G112/><T98/><D98/><U17/><E17/><V72/><F74/><W27/><G96/><T9/><D23/><U49/><E49/><V5/><F5/><W22/><G79/><T69/><D127/><U40/><E40/><V100/><F100/><W16/><G14/><T87/><D87/><U101/><E101/><V123/><F123/><W26/><G26/><T105/><D105/><U36/><E38/><V21/><F21/><W134/><G134/><T65/><D69/><U63/><AGARI ba="1,0" hai="33,34,36,43,46,63,67,70" m="44207,7" machi="63" ten="30,7900,0" yaku="25,1,33,2,52,1" doraHai="32" who="1" fromWho="1" sc="308,-40,192,82,250,-21,250,-21" /><INIT seed="1,0,0,3,2,110" ten="268,274,229,229" oya="1" hai0="129,123,107,50,1,8,105,125,52,112,63,29,85" hai1="51,2,20,23,17,65,28,79,73,102,106,90,32" hai2="13,59,19,81,98,89,115,55,9,18,12,35,48" hai3="25,31,130,3,0,84,83,53,21,88,80,39,54"/><U10/><E23/><V76/><F35/><W118/><G130/><T70/><D112/><U101/><E51/><V66/><F66/><W6/><G118/><T58/><D129/><U27/><E90/><V82/><F115/><W56/><G39/><T15/><D1/><U122/><E122/><V45/><F59/><W5/><G3/><T99/><D125/><U30/><E30/><V24/><F24/><W126/><G126/><T60/><D29/><U87/><E73/><V69/><F69/><W38/><G38/><T4/><D123/><U41/><E41/><V132/><F132/><W22/><G0/><T111/><D111/><U40/><E40/><V33/><F76/><W64/><G21/><T42/><D85/><U124/><E65/><V94/><REACH who="2" step="1"/><F33/><REACH who="2" ten="268,274,219,229" step="2"/><W119/><G119/><T103/><D70/><U120/><E32/><V121/><F121/><W135/><G135/><T77/><D77/><U14/><E120/><V72/><F72/><W61/><REACH who="3" step="1"/><G83/><REACH who="3" ten="268,274,219,219" step="2"/><T36/><D36/><U68/><E124/><V134/><F134/><W108/><G108/><T127/><D127/><U95/><E28/><V97/><F97/><W93/><G93/><T62/><D105/><U49/><E106/><V67/><F67/><W7/><AGARI ba="0,2" hai="5,6,7,22,25,31,53,54,56,61,64,80,84,88" machi="7" ten="30,7900,0" yaku="1,1,0,1,8,1,54,1,53,0" doraHai="110" doraHaiUra="104" who="3" fromWho="3" sc="268,-20,274,-39,219,-20,219,99" /><INIT seed="2,0,0,3,3,123" ten="248,235,199,318" oya="2" hai0="15,8,70,105,18,30,3,36,23,53,93,54,101" hai1="103,64,89,109,63,86,95,79,91,34,22,80,96" hai2="9,25,51,39,114,28,31,85,107,127,100,29,87" hai3="76,17,1,16,37,13,66,56,126,55,130,10,20"/><V98/><F114/><W52/><G130/><T14/><D70/><U102/><E34/><V131/><F39/><W81/><G126/><T77/><D36/><U117/><E117/><V2/><F131/><W94/><G37/><T38/><D38/><U132/><E132/><V129/><F129/><W120/><G120/><T78/><D3/><U41/><E41/><V58/><F127/><W88/><G1/><T72/><D105/><U27/><E102/><V42/><F25/><N who="3" m="14471" /><G81/><T75/><D75/><U60/><E109/><V33/><F33/><W4/><G76/><N who="0" m="29291" /><D30/><U71/><REACH who="1" step="1"/><E63/><REACH who="1" ten="248,225,199,318" step="2"/><V110/><F110/><W62/><G4/><N who="0" m="3335" /><D72/><U65/><E65/><V44/><REACH who="2" step="1"/><F58/><REACH who="2" ten="248,225,189,318" step="2"/><W119/><G119/><T106/><D106/><U112/><E112/><V35/><F35/><W134/><G134/><T5/><D5/><AGARI ba="0,2" hai="2,5,9,28,29,31,42,44,51,85,87,98,100,107" machi="5" ten="40,2000,0" yaku="1,1,53,0" doraHai="123" doraHaiUra="135" who="2" fromWho="0" sc="248,-20,225,0,189,40,318,0" /><INIT seed="2,1,0,3,2,66" ten="228,225,229,318" oya="2" hai0="31,15,42,52,92,23,44,20,82,79,36,114,107" hai1="67,116,57,91,130,16,7,19,123,30,5,61,43" hai2="112,75,46,54,90,11,70,110,87,26,37,100,39" hai3="63,83,121,40,25,35,111,41,74,21,32,135,18"/><V45/><F75/><W98/><G121/><T28/><D107/><U49/><E116/><V99/><F112/><W132/><G111/><T64/><D114/><U78/><E123/><V115/><F115/><W27/><G98/><T97/><D64/><U126/><E126/><V47/><F70/><W101/><G101/><T3/><D3/><U94/><E130/><V117/><F117/><W2/><G2/><T58/><D15/><U8/><E78/><V33/><F11/><W127/><G127/><T62/><D31/><U108/><E30/><V85/><F54/><W4/><G4/><N who="1" m="1610" /><E8/><V48/><F48/><W13/><G63/><T65/><D28/><U55/><E43/><N who="3" m="16458" /><G83/><T81/><D81/><U71/><E108/><V68/><F68/><W106/><G106/><T113/><D65/><U89/><E89/><V88/><F33/><W9/><G27/><T119/><D119/><U76/><E76/><V93/><F26/><W131/><G74/><T12/><D12/><U10/><E10/><V56/><F110/><W77/><G77/><T59/><D59/><N who="1" m="33263" /><E71/><V6/><F56/><W118/><G131/><T96/><D96/><AGARI ba="1,0" hai="16,19,57,61,67,91,94,96" m="33263,1610" machi="96" ten="30,2000,0" yaku="8,1,54,1" doraHai="66" who="1" fromWho="0" sc="228,-23,225,23,229,0,318,0" /><INIT seed="3,0,0,2,5,127" ten="205,248,229,318" oya="3" hai0="123,56,99,129,134,63,53,110,55,96,121,17,84" hai1="31,47,6,103,10,18,98,104,46,57,118,91,131" hai2="76,38,28,85,60,100,0,35,32,73,29,81,2" hai3="135,7,21,108,58,113,115,105,3,68,65,8,90"/><W14/><G68/><T80/><D110/><U116/><E131/><V89/><F38/><W37/><G108/><T69/><D129/><U94/><E18/><V61/><F100/><W130/><G130/><T120/><D134/><U124/><E57/><V50/><F50/><W36/><G135/><T72/><D72/><U54/><E31/><V30/><F0/><W128/><G128/><T119/><D119/><N who="1" m="45611" /><E54/><V87/><F2/><W133/><G133/><T62/><D17/><U88/><E124/><V52/><F61/><W1/><G105/><T49/><D69/><U34/><E34/><V71/><F73/><W82/><G65/><T39/><D39/><U95/><E95/><V97/><F97/><W77/><G90/><N who="1" m="34346" /><E104/><V19/><F19/><N who="3" m="10487" /><G58/><T122/><N who="0" m="30720" /><DORA hai="22" /><T23/><D23/><U79/><E79/><V102/><F71/><W33/><G33/><T9/><D9/><U26/><E26/><V78/><F78/><W44/><G37/><T67/><D67/><U74/><E74/><V40/><F32/><W117/><G117/><T43/><D43/><U20/><E20/><V83/><F40/><N who="3" m="22535" /><G115/><T92/><D92/><U15/><AGARI ba="0,0" hai="6,10,15,46,47,94,98,103" m="34346,45611" machi="15" ten="30,2000,0" yaku="12,1,54,1" doraHai="127,22" who="1" fromWho="1" sc="205,-5,248,20,229,-5,318,-10" owari="200,-30.0,268,6.8,224,-17.6,308,40.8" /></mjloggm>