<mjloggm ver="2.3"><GO type="225" lobby="0"/><UN n0="%E7%99%BD%E6%97%A5%E9%9B%AA%E8%8F%9C" n1="%33%74%72%65%65" n2="%E3%81%B5%E3%81%98%E3%81%8B%E3%81%A4" n3="%E3%81%8B%E3%82%8F%E3%81%A1%E3%82%83%E3%82%93%35%38" dan="17,16,16,16" rate="2222.73,2095.18,2171.91,2145.09" sx="M,F,M,M"/><TAIKYOKU oya="0"/><INIT seed="0,0,0,2,4,64" ten="250,250,250,250" oya="0" hai0="107,31,114,27,95,113,88,91,129,70,79,86,99" hai1="78,43,0,47,61,126,41,77,119,3,106,42,20" hai2="10,12,76,5,52,49,63,55,123,82,33,46,24" hai3="132,37,73,117,40,97,48,131,112,53,51,1,128"/><T125/><D125/><U111/><E119/><V84/><F123/><W67/><G1/><T18/><D129/><N who="3" m="49737" /><G97/><T93/><D107/><U133/><E106/><V110/><F110/><W134/><G73/><T13/><D79/><U135/><E126/><V25/><REACH who="2" step="1"/><F33/><REACH who="2" ten="250,250,240,250" step="2"/><W87/><G117/><T58/><D113/><U122/><E122/><V50/><F50/><W16/><G112/><T60/><D114/><U39/><E111/><V30/><F30/><W74/><G51/><T38/><D38/><U120/><E120/><V116/><F116/><W102/><G48/><T90/><D70/><U81/><E39/><V22/><F22/><W66/><G37/><T103/><D31/><U34/><E20/><V23/><F23/><W54/><G132/><T65/><D27/><U36/><E34/><V75/><F75/><W108/><G74/><T4/><D4/><U45/><E36/><V17/><F17/><W9/><G16/><T127/><D127/><U121/><E121/><V19/><F19/><W109/><G134/><T115/><D115/><U94/><E133/><V14/><F14/><W92/><G109/><T89/><REACH who="0" step="1"/><D103/><REACH who="0" ten="240,250,240,250" step="2"/><U32/><E135/><V105/><F105/><W2/><G108/><T85/><D85/><U11/><E32/><V83/><F83/><W26/><G102/><T118/><D118/><U57/><E81/><V68/><F68/><W8/><G26/><T7/><D7/><U71/><E71/><V21/><F21/><AGARI ba="0,2" hai="13,18,21,58,60,65,86,88,89,90,91,93,95,99" machi="21" ten="30,11600,0" yaku="1,1,7,1,8,1,54,1,53,0" doraHai="64" doraHaiUra="124" who="0" fromWho="2" sc="240,136,250,0,240,-116,250,0" /><INIT seed="0,1,0,5,1,26" ten="376,250,124,250" oya="0" hai0="27,56,123,20,93,98,89,18,16,120,114,5,117" hai1="60,126,125,127,103,24,122,84,7,57,61,78,115" hai2="85,94,21,92,119,79,12,131,96,130,63,42,29" hai3="47,14,97,38,102,35,62,58,86,72,116,118,129"/><T40/><D114/><U75/><E122/><V46/><F119/><W121/><G72/><T105/><D117/><U81/><E115/><V113/><F113/><W33/><G86/><T1/><D40/><U111/><E111/><V43/><F63/><W13/><G97/><T100/><D5/><U44/><E7/><V95/><F96/><W67/><G102/><T69/><D69/><U37/><E103/><V134/><F134/><W82/><G82/><T22/><D1/><U101/><E101/><V106/><F106/><W30/><G121/><T87/><REACH who="0" step="1"/><D56/><REACH who="0" ten="366,250,124,250" step="2"/><U34/><E57/><V25/><F43/><W55/><G58/><T91/><D91/><U2/><E2/><V8/><F79/><W4/><G118/><T80/><D80/><U52/><E127/><V15/><F131/><W41/><G4/><T65/><D65/><U110/><E126/><V99/><F130/><W70/><G116/><T9/><D9/><U31/><E125/><V6/><F99/><W3/><G129/><T124/><D124/><U108/><E108/><V112/><F112/><W23/><G3/><T133/><D133/><U132/><E110/><V10/><F10/><W68/><G68/><T128/><D128/><U11/><E11/><V135/><F135/><W109/><G109/><T17/><D17/><U107/><E132/><V64/><F64/><W48/><G70/><T54/><D54/><U77/><E52/><V66/><F66/><W53/><G53/><T49/><D49/><U74/><E77/><V83/><F83/><W88/><G67/><T19/><D19/><U39/><E78/><RYUUKYOKU ba="1,1" sc="366,30,250,-10,124,-10,250,-10" hai0="16,18,20,22,27,87,89,93,98,100,105,120,123" /><INIT seed="0,2,1,1,3,45" ten="396,240,114,240" oya="0" hai0="70,111,0,71,76,80,64,119,28,46,107,124,118" hai1="39,132,110,23,44,47,50,131,42,57,95,115,11" hai2="19,113,90,99,73,56,4,37,94,5,121,96,75" hai3="61,65,108,13,25,30,126,20,85,127,128,91,105"/><T48/><D107/><U53/><E110/><V9/><F121/><W101/><G108/><T134/><D0/><U36/><E132/><V54/><F113/><W74/><G74/><T135/><D111/><U104/><E104/><V83/><F37/><W87/><G128/><T22/><D124/><N who="3" m="47657" /><G13/><T32/><D32/><U130/><E115/><V35/><F35/><W49/><G49/><T106/><D106/><U93/><E23/><V100/><F19/><W29/><G29/><T1/><D1/><U62/><E11/><V109/><F109/><W59/><G91/><T72/><D22/><U92/><REACH who="1" step="1"/><E36/><REACH who="1" ten="396,230,114,240" step="2"/><V24/><F9/><W114/><G114/><T6/><D135/><U69/><E69/><V117/><F117/><W2/><G2/><T97/><D134/><U40/><AGARI ba="2,2" hai="39,40,42,44,47,50,53,57,62,92,93,95,130,131" machi="40" ten="30,4000,0" yaku="1,1,0,1,52,1,53,0" doraHai="45" doraHaiUra="12" who="1" fromWho="1" sc="396,-22,230,66,114,-12,240,-12" /><INIT seed="1,0,0,4,2,95" ten="374,296,102,228" oya="1" hai0="5,118,56,72,14,134,24,15,46,30,108,130,91" hai1="43,40,58,86,31,18,102,63,7,75,27,48,125" hai2="77,114,55,54,21,79,60,97,67,127,117,100,3" hai3="105,132,66,78,16,51,25,122,62,82,35,94,8"/><U64/><E75/><V6/><F117/><W76/><G105/><T81/><D118/><U112/><E112/><V12/><F114/><W20/><G122/><T74/><D108/><U13/><E125/><V119/><F127/><W80/><G132/><T135/><D130/><U22/><E7/><V0/><F119/><W44/><G35/><T33/><D56/><U109/><E109/><V84/><F79/><W103/><G8/><T52/><D91/><U53/><E86/><V128/><F128/><W104/><G104/><T110/><D110/><U28/><E102/><V57/><F84/><W17/><G17/><T1/><D1/><U39/><E39/><V87/><F3/><W70/><G78/><N who="0" m="44231" /><D5/><U49/><E49/><V41/><F41/><W85/><G82/><T89/><D89/><U96/><E96/><V120/><F120/><W113/><G113/><T93/><D93/><U45/><REACH who="1" step="1"/><E28/><REACH who="1" ten="374,286,102,228" step="2"/><V88/><F6/><W90/><G103/><T101/><D101/><U26/><E26/><V73/><F73/><W124/><G124/><T115/><D74/><U98/><E98/><V123/><F123/><W9/><G51/><N who="0" m="28791" /><D115/><U129/><E129/><V36/><F36/><W38/><G38/><T42/><D42/><U47/><E47/><V50/><F50/><W107/><G44/><T92/><D30/><U61/><E61/><V111/><F111/><W126/><G126/><T65/><D24/><U69/><E69/><V32/><F100/><W19/><G107/><T59/><D135/><U10/><AGARI ba="0,1" hai="10,13,18,22,27,31,40,43,45,48,53,58,63,64" machi="10" ten="20,7800,0" yaku="1,1,0,1,7,1,8,1,53,0" doraHai="95" doraHaiUra="34" who="1" fromWho="1" sc="374,-26,286,88,102,-26,228,-26" /><INIT seed="1,1,0,1,4,25" ten="348,374,76,202" oya="1" hai0="6,44,36,79,29,19,119,45,53,50,1,8,107" hai1="85,14,76,96,116,129,80,111,109,108,91,130,48" hai2="70,94,89,42,37,64,98,128,20,97,60,35,30" hai3="26,127,3,72,39,83,132,120,71,131,57,110,31"/><U46/><E116/><V121/><F128/><N who="1" m="49257" /><E14/><V92/><F121/><W0/><G57/><T18/><D107/><U115/><E115/><V58/><F35/><W114/><G31/><T78/><D119/><U118/><E118/><V67/><F37/><W22/><G22/><T49/><D36/><U63/><E63/><V69/><F42/><W133/><G83/><T66/><D66/><U41/><E96/><V99/><F67/><W84/><G84/><T61/><D61/><U124/><E124/><V126/><F99/><W17/><G17/><T113/><D113/><U27/><E27/><V90/><REACH who="2" step="1"/><F126/><REACH who="2" ten="348,374,66,202" step="2"/><W65/><G132/><T68/><D68/><U51/><E111/><V34/><F34/><W134/><G65/><T74/><D53/><U122/><E122/><V4/><F4/><W13/><G134/><T123/><D6/><U59/><E109/><V93/><F93/><W43/><G133/><T87/><D123/><U52/><E108/><V10/><F10/><W62/><G110/><T100/><D8/><U104/><E104/><V88/><F88/><AGARI ba="1,1" hai="41,46,48,51,52,59,76,80,85,88,91" m="49257" machi="88" ten="30,5800,0" yaku="19,1,54,2" doraHai="25" who="1" fromWho="2" sc="348,0,374,71,66,-61,202,0" /><INIT seed="1,2,0,4,2,40" ten="348,445,5,202" oya="1" hai0="6,76,97,98,92,31,4,107,19,84,101,102,73" hai1="11,96,2,116,79,62,57,65,18,42,68,77,53" hai2="17,120,67,100,14,85,78,34,80,60,90,36,33" hai3="115,129,126,135,111,130,3,37,15,50,106,24,9"/><U71/><E116/><V86/><F120/><W26/><G106/><N who="0" m="63791" /><D31/><U22/><E71/><V117/><F36/><W35/><G37/><T13/><D19/><U93/><E42/><V28/><F117/><W0/><G50/><T32/><D32/><U21/><E21/><V25/><F100/><W75/><G75/><T16/><D16/><U128/><E128/><V88/><F78/><W27/><G35/><T74/><D13/><U5/><E65/><V51/><F51/><W46/><G46/><T108/><D6/><U83/><E83/><V1/><F1/><W23/><G115/><T103/><D4/><U29/><E68/><V104/><F104/><W30/><G111/><T94/><D108/><U10/><E10/><V58/><F25/><W132/><G27/><T69/><D69/><U81/><E81/><V44/><F28/><W112/><G112/><T70/><D70/><U56/><E56/><V125/><F125/><W72/><G72/><N who="0" m="27755" /><D103/><U63/><E63/><V134/><F134/><N who="3" m="51243" /><G26/><T89/><D76/><U109/><E109/><V113/><F113/><W123/><G123/><T64/><D64/><U7/><E7/><V105/><F105/><W43/><G43/><T61/><D61/><U95/><E29/><V131/><F131/><N who="3" m="50187" /><G126/><T66/><D66/><U45/><E45/><V55/><F44/><W91/><G91/><T110/><D110/><U124/><E77/><V38/><F38/><W52/><G52/><T87/><D107/><U8/><E79/><V12/><F55/><W133/><G133/><T127/><D127/><U119/><E124/><V122/><F122/><RYUUKYOKU ba="2,0" sc="348,15,445,-15,5,-15,202,15" hai0="84,87,89,92,94,98,102" hai3="0,3,9,15,23,24,30" owari="363,16.3,430,53.0,-10,-51.0,217,-18.3" /></mjloggm>