<mjloggm ver="2.3"><GO type="225" lobby="0"/><UN n0="%4B%2E%32%2E%4B%2E" n1="%43%68%65" n2="%E8%BE%9B%E5%8F%A3%E3%82%AB%E3%83%AC%E3%83%BC%E3%83%A9%E3%82%A4%E3%82%B9" n3="%E6%B4%BE%E9%81%A3%E3%81%AE%E3%82%B8%E3%83%A3%E3%83%83%E3%82%AF" dan="17,16,16,16" rate="2218.50,2168.13,2222.95,2187.56" sx="M,M,M,M"/><TAIKYOKU oya="0"/><INIT seed="0,0,0,5,0,26" ten="250,250,250,250" oya="0" hai0="103,88,31,104,135,133,21,82,24,106,32,108,23" hai1="51,35,125,36,124,1,131,63,93,48,109,80,86" hai2="52,126,72,79,87,84,13,73,123,59,75,33,25" hai3="95,134,60,62,127,97,81,11,112,92,99,114,111"/><T15/><D108/><U2/><E36/><V28/><F123/><W0/><G111/><T57/><D57/><U117/><E109/><V102/><F126/><W120/><G127/><N who="1" m="48714" /><E117/><V30/><F79/><W107/><G107/><N who="0" m="41003" /><D103/><U58/><E93/><V121/><F121/><W130/><G120/><T71/><D15/><U46/><E35/><V42/><F42/><W122/><G122/><T14/><D14/><U10/><E131/><V45/><F45/><W39/><G130/><T61/><D61/><U96/><E96/><V27/><F13/><W56/><G39/><T9/><D9/><U29/><E29/><V20/><REACH who="2" step="1"/><F102/><REACH who="2" ten="250,250,240,250" step="2"/><W65/><G0/><T89/><D89/><U116/><E1/><V18/><F18/><W50/><G112/><T16/><D16/><U69/><E46/><V34/><F34/><W38/><G114/><T83/><D88/><U67/><E2/><V132/><F132/><N who="0" m="50762" /><D71/><U41/><E69/><V19/><F19/><W40/><G134/><T5/><D5/><U100/><E100/><V91/><F91/><W43/><G11/><T94/><D94/><U68/><E68/><V77/><F77/><W78/><G78/><T113/><D113/><U64/><E10/><V54/><F54/><W105/><G105/><T8/><D8/><U7/><E7/><V101/><F101/><W70/><G92/><T98/><D98/><U110/><E110/><V37/><F37/><W3/><G3/><T53/><D53/><U128/><E128/><V76/><F76/><W90/><G97/><T47/><D47/><U12/><E12/><V17/><F17/><RYUUKYOKU ba="0,1" sc="250,15,250,-15,240,15,250,-15" hai0="21,23,24,31,32,82,83" hai2="20,25,27,28,30,33,52,59,72,73,75,84,87" /><INIT seed="0,1,1,2,4,52" ten="265,235,255,235" oya="0" hai0="40,135,19,70,104,95,93,53,7,94,102,130,109" hai1="75,92,100,83,51,79,55,76,118,77,113,6,128" hai2="23,33,61,80,32,78,122,96,1,107,21,89,84" hai3="2,27,0,24,133,34,111,131,66,72,101,13,12"/><T42/><D70/><U43/><E118/><V132/><F122/><W16/><G72/><T86/><D130/><U14/><E128/><V39/><F39/><W125/><G101/><T134/><D109/><U91/><E100/><V74/><F1/><N who="3" m="619" /><G66/><T38/><D7/><U90/><E43/><V105/><F132/><N who="0" m="50730" /><D19/><U50/><E50/><V36/><F36/><W108/><G133/><T106/><D86/><U67/><E67/><V85/><F96/><W4/><G131/><T64/><D64/><U26/><E26/><N who="3" m="9770" /><G125/><T18/><D18/><U60/><E60/><V88/><F74/><W112/><G34/><T116/><D53/><U117/><E117/><V45/><F78/><W22/><G112/><T58/><D116/><U5/><E113/><V49/><F61/><W126/><G126/><T69/><D69/><U87/><E75/><V11/><F45/><W127/><G127/><T65/><D102/><U44/><REACH who="1" step="1"/><E14/><REACH who="1" ten="265,225,255,235" step="2"/><V59/><F49/><W71/><G71/><T46/><D40/><U110/><E110/><V25/><F25/><W47/><G47/><T103/><D103/><U30/><E30/><V15/><F15/><W120/><G120/><T63/><AGARI ba="1,2" hai="38,42,46,58,63,65,93,94,95,104,106" m="50730" machi="63" ten="40,3900,0" yaku="20,1,52,1" doraHai="52" who="0" fromWho="0" sc="265,62,225,-14,255,-14,235,-14" /><INIT seed="0,2,0,0,5,12" ten="327,211,241,221" oya="0" hai0="81,105,72,6,25,33,129,100,68,114,1,125,48" hai1="17,34,113,73,80,43,18,78,135,75,4,50,62" hai2="57,102,60,16,118,37,46,51,89,9,22,128,119" hai3="3,130,108,26,107,131,103,67,116,23,64,98,124"/><T70/><D114/><U106/><E113/><V36/><F128/><N who="3" m="49195" /><G116/><N who="2" m="44585" /><F102/><W41/><G108/><T27/><D48/><U79/><E34/><V63/><F9/><W99/><G124/><T88/><D25/><U8/><E106/><V47/><F89/><W90/><G41/><T0/><D88/><U10/><E62/><N who="2" m="23595" /><F57/><W87/><G3/><T61/><D0/><U20/><E135/><V95/><F95/><N who="3" m="54751" /><G99/><T83/><D125/><U132/><E132/><V19/><F22/><W31/><AGARI ba="2,0" hai="23,26,31,64,67,98,103,107" m="54751,49195" machi="31" ten="30,1100,0" yaku="19,1" doraHai="12" who="3" fromWho="3" sc="327,-7,211,-5,241,-5,221,17" /><INIT seed="1,0,0,3,1,72" ten="320,206,236,238" oya="1" hai0="17,42,27,127,24,52,106,66,120,121,55,20,104" hai1="57,95,25,118,69,97,130,85,92,14,76,88,81" hai2="70,117,71,4,39,113,31,26,19,78,129,30,18" hai3="8,79,7,109,1,46,61,15,80,5,13,86,40"/><U23/><E118/><V47/><F117/><W108/><G61/><T94/><D127/><U135/><E135/><V100/><F100/><W133/><G133/><T22/><D42/><U83/><E130/><V116/><F116/><W11/><REACH who="3" step="1"/><G1/><REACH who="3" ten="320,206,236,228" step="2"/><T29/><D66/><U49/><E69/><V45/><F71/><W38/><AGARI ba="0,1" hai="5,7,8,11,13,15,38,40,46,79,80,86,108,109" machi="38" ten="30,8000,1" yaku="1,1,2,1,0,1,9,1,52,1,53,0" doraHai="72" doraHaiUra="65" who="3" fromWho="3" sc="320,-20,206,-40,236,-20,228,90" /><INIT seed="2,0,0,2,2,95" ten="300,166,216,318" oya="2" hai0="84,128,114,37,34,56,79,14,106,47,20,93,40" hai1="38,32,71,59,118,81,43,55,90,94,10,5,1" hai2="39,98,18,68,88,8,111,25,133,80,96,12,100" hai3="54,104,62,110,135,30,58,3,121,52,42,103,50"/><V60/><F39/><W92/><G121/><T82/><D114/><U17/><E118/><V132/><F111/><W70/><G3/><T123/><D123/><U53/><E71/><V44/><F44/><W124/><G104/><T75/><D106/><U86/><E32/><V77/><F25/><W31/><G124/><T9/><D34/><U102/><E38/><V63/><F100/><W0/><G0/><T73/><D128/><U28/><E28/><V4/><F4/><W11/><G11/><T23/><D56/><U119/><E119/><V41/><F41/><W26/><G135/><N who="2" m="51785" /><F88/><W85/><G110/><T27/><D93/><U22/><E43/><V64/><F63/><W7/><G7/><T129/><D129/><U51/><E55/><V45/><F45/><W61/><G26/><T29/><D20/><U46/><E46/><V91/><F91/><N who="3" m="53359" /><G70/><T87/><D75/><AGARI ba="0,0" hai="8,12,18,60,64,68,75,77,80,96,98" m="51785" machi="75" ten="30,5800,0" yaku="20,1,52,2" doraHai="95" who="2" fromWho="0" sc="300,-58,166,0,216,58,318,0" /><INIT seed="2,1,0,3,0,134" ten="242,166,274,318" oya="2" hai0="56,35,75,66,99,59,22,24,30,6,48,127,43" hai1="46,61,111,17,45,98,64,29,109,27,10,52,11" hai2="122,47,84,107,102,89,97,128,131,44,26,76,74" hai3="79,53,68,7,135,5,73,132,125,86,95,93,20"/><V12/><F26/><W14/><G68/><T113/><D75/><U60/><E60/><V121/><F12/><W41/><G41/><T1/><D113/><U49/><E46/><V25/><F25/><W78/><G125/><T92/><D127/><U54/><E54/><V34/><F34/><W38/><G38/><T120/><D120/><N who="2" m="46186" /><F47/><W63/><G73/><T100/><D35/><U130/><E130/><N who="2" m="49707" /><F44/><W70/><G70/><T123/><D123/><U124/><E124/><V117/><F74/><W28/><G28/><T77/><D43/><U16/><E11/><V18/><F18/><W32/><G32/><T91/><D48/><U21/><E98/><V115/><F115/><W116/><G20/><T23/><D22/><U88/><E88/><V105/><F76/><W110/><G14/><T33/><D77/><U8/><E8/><V85/><F117/><W94/><G116/><T62/><D33/><U108/><REACH who="1" step="1"/><E10/><REACH who="1" ten="242,156,274,318" step="2"/><V118/><F118/><W82/><G53/><T126/><D126/><U50/><E50/><V15/><F89/><W106/><G63/><T129/><D129/><U101/><E101/><V81/><F97/><W87/><G78/><T65/><D65/><U69/><AGARI ba="1,1" hai="16,17,21,27,29,45,49,52,61,64,69,108,109,111" machi="69" ten="30,8000,1" yaku="1,1,0,1,14,1,54,2,53,0" doraHai="134" doraHaiUra="3" who="1" fromWho="1" sc="242,-21,156,93,274,-41,318,-21" /><INIT seed="3,0,0,3,5,101" ten="221,249,233,297" oya="3" hai0="41,8,62,22,86,68,57,23,125,83,40,131,44" hai1="73,121,94,95,59,119,31,130,53,12,11,96,118" hai2="15,50,3,123,55,102,13,28,106,127,58,124,14" hai3="43,80,90,17,6,0,65,84,26,64,60,75,120"/><W103/><G120/><T7/><D68/><U114/><E121/><V38/><F123/><W36/><G103/><T71/><D125/><N who="2" m="48202" /><F3/><W133/><G133/><T113/><D131/><U109/><E130/><V37/><F28/><W27/><G75/><T1/><D71/><U115/><E73/><V116/><F116/><N who="1" m="44585" /><E31/><V25/><F25/><W46/><G17/><T85/><D113/><N who="1" m="43019" /><E96/><AGARI ba="0,0" hai="13,14,15,37,38,50,55,58,96,102,106" m="48202" machi="96" ten="30,2000,0" yaku="18,1,52,1" doraHai="101" who="2" fromWho="1" sc="221,0,249,-20,233,20,297,0" /><INIT seed="4,0,0,0,0,54" ten="221,229,253,297" oya="0" hai0="114,33,35,36,70,14,97,102,72,135,57,45,0" hai1="132,75,117,34,121,77,52,60,46,73,96,59,61" hai2="82,105,20,122,125,39,127,15,37,58,16,43,108" hai3="93,111,95,2,44,112,84,62,131,21,31,133,92"/><T65/><D0/><U76/><E117/><V5/><F108/><W27/><G111/><T115/><D72/><U87/><E121/><V118/><F122/><W18/><G2/><T12/><D70/><U104/><E34/><N who="0" m="12809" /><D135/><U66/><E132/><V42/><F105/><W128/><G133/><T78/><D78/><U49/><E75/><V107/><F107/><W38/><G31/><T101/><D45/><U64/><E73/><V134/><F134/><W71/><G84/><T86/><D86/><U130/><E130/><N who="3" m="49706" /><G112/><N who="0" m="43051" /><D36/><U113/><E113/><V124/><F118/><W116/><G116/><T29/><D29/><U4/><E4/><V99/><F5/><W80/><G80/><T23/><D23/><U88/><E96/><V81/><F99/><W129/><G129/><T6/><D6/><U24/><E104/><V19/><F39/><W17/><G17/><T63/><D97/><U26/><E77/><V22/><F37/><W91/><G44/><T123/><D123/><U28/><E76/><V11/><F22/><W119/><G38/><T69/><D69/><U40/><E28/><V53/><F82/><W9/><G119/><T85/><D85/><U100/><E40/><V13/><F81/><W68/><G91/><T30/><D30/><U25/><E100/><AGARI ba="0,0" hai="12,14,57,63,65,100,101,102" m="43051,12809" machi="100" ten="30,2900,0" yaku="15,1,52,1" doraHai="54" who="0" fromWho="1" sc="221,29,229,-29,253,0,297,0" /><INIT seed="4,1,0,2,1,50" ten="250,200,253,297" oya="0" hai0="105,14,13,82,29,8,30,44,88,119,5,86,1" hai1="112,79,87,51,118,101,134,21,107,66,81,12,121" hai2="117,115,120,132,0,108,35,31,60,73,64,130,34" hai3="74,126,25,38,36,17,80,113,59,3,90,75,111"/><T93/><D119/><U19/><E118/><V77/><RYUUKYOKU type="yao9" ba="1,0" sc="250,0,200,0,253,0,297,0" hai2="0,31,34,35,60,64,73,77,108,115,117,120,130,132" /><INIT seed="4,2,0,3,0,59" ten="250,200,253,297" oya="0" hai0="120,34,33,5,69,119,71,104,86,72,81,32,48" hai1="85,112,41,9,14,20,118,76,75,39,77,31,63" hai2="6,84,91,44,80,62,51,36,43,78,54,17,100" hai3="101,21,123,134,11,126,1,98,82,29,99,89,79"/><T135/><D120/><U19/><E118/><V113/><F113/><W25/><G123/><T108/><D119/><U117/><E117/><V130/><F130/><W55/><G126/><T83/><D104/><U68/><E112/><V111/><F111/><W28/><G134/><T107/><D135/><U95/><E75/><V30/><F100/><W37/><G37/><T73/><D107/><U2/><E39/><V67/><F6/><W38/><G38/><T18/><D5/><U116/><E116/><V8/><F30/><W87/><G1/><T128/><D128/><U132/><E132/><V53/><F36/><W122/><G122/><T10/><D48/><U56/><E41/><V102/><F102/><W105/><G55/><T26/><D108/><U4/><E68/><N who="0" m="26185" /><D86/><U94/><E31/><V3/><F78/><W49/><G49/><T127/><D127/><U109/><E109/><V96/><F96/><W133/><G133/><T103/><D103/><U88/><REACH who="1" step="1"/><E95/><REACH who="1" ten="250,190,253,297" step="2"/><V115/><F115/><W70/><G70/><T58/><D73/><U106/><E106/><V0/><F43/><W15/><G28/><T42/><D42/><U60/><E60/><V57/><F62/><W47/><G105/><T110/><D110/><U92/><E92/><V22/><F53/><AGARI ba="2,1" hai="2,4,9,14,19,20,53,56,63,76,77,85,88,94" machi="53" ten="30,7700,0" yaku="1,1,7,1,52,1,54,1,53,0" doraHai="59" doraHaiUra="24" who="1" fromWho="2" sc="250,0,190,93,253,-83,297,0" /><INIT seed="5,0,0,5,3,93" ten="250,283,170,297" oya="1" hai0="61,3,16,125,105,9,109,77,117,43,102,89,69" hai1="88,80,66,15,20,74,12,83,103,59,81,17,48" hai2="86,29,52,63,31,101,131,135,35,82,96,62,73" hai3="97,32,30,72,27,100,36,122,76,0,1,111,115"/><U94/><E103/><V55/><F131/><W119/><G111/><T95/><D109/><U134/><E134/><V58/><F135/><W26/><G122/><T121/><D117/><U99/><E74/><V44/><F73/><W40/><G27/><T107/><D125/><U90/><E90/><V54/><F35/><W45/><G115/><T38/><D102/><U71/><E71/><V116/><F116/><W70/><G70/><T92/><D77/><U113/><E113/><V46/><F46/><W11/><G11/><T34/><D34/><U23/><E66/><V37/><F37/><W132/><G132/><T6/><D95/><U53/><E23/><V123/><F123/><W118/><G118/><T67/><D121/><U13/><AGARI ba="0,0" hai="12,13,15,17,20,48,53,59,80,81,83,88,94,99" machi="13" ten="30,11700,0" yaku="0,1,8,1,52,1,54,1" doraHai="93" who="1" fromWho="1" sc="250,-39,283,117,170,-39,297,-39" owari="211,-18.9,400,50.0,131,-36.9,258,5.8" /></mjloggm>