<mjloggm ver="2.3"><GO type="225" lobby="0"/><UN n0="%E7%89%B9%E6%9D%B1%E3%81%AF%E4%B8%96%E7%95%8C%E3%82%92%E6%95%91%E3%81%86" n1="%E5%A4%96%E5%B7%9D%E7%AB%9C%E6%88%90" n2="%E5%B8%86%E7%AB%8B%E5%A4%8F%E8%A1%A3" n3="%E3%81%B2%E3%81%AA%E3%81%AE%E3%82%8A%E3%81%8F" dan="16,16,16,16" rate="2149.11,2130.38,2108.53,2168.25" sx="M,M,M,M"/><TAIKYOKU oya="0"/><INIT seed="0,0,0,3,4,39" ten="250,250,250,250" oya="0" hai0="112,105,13,34,53,40,103,37,107,130,24,109,5" hai1="45,133,97,32,15,113,96,7,35,94,14,131,26" hai2="6,9,75,52,18,117,111,23,43,78,127,86,42" hai3="19,70,99,87,115,74,27,10,90,50,121,88,21"/><T47/><D112/><U57/><E113/><V116/><F75/><W84/><G74/><T79/><D130/><U102/><E131/><V69/><F69/><W73/><G73/><T0/><D13/><U38/><E133/><V28/><F28/><W81/><G70/><T36/><D53/><U135/><E57/><V80/><F111/><W76/><G115/><T17/><D17/><U3/><E3/><V59/><F127/><W68/><G68/><T120/><D120/><U132/><E97/><V62/><F117/><W124/><G124/><T71/><D79/><U110/><E110/><V22/><F22/><W49/><G121/><T30/><D109/><U66/><E66/><V12/><F116/><W118/><G118/><T114/><D114/><U8/><E15/><AGARI ba="0,0" hai="6,9,12,15,18,23,42,43,52,59,62,78,80,86" machi="15" ten="30,8000,1" yaku="7,1,8,1,52,2,54,1" doraHai="39" who="2" fromWho="1" sc="250,0,250,-80,250,80,250,0" /><INIT seed="1,0,0,1,3,25" ten="250,170,330,250" oya="1" hai0="49,114,107,0,74,71,109,73,113,105,29,116,75" hai1="8,44,64,56,72,24,70,3,28,99,46,83,88" hai2="14,16,98,104,53,94,32,59,1,115,80,84,65" hai3="111,63,85,10,13,2,11,67,38,30,47,52,41"/><U110/><E70/><V135/><F135/><W39/><G111/><T20/><D0/><U50/><E110/><V97/><F1/><W126/><G2/><T101/><D71/><U117/><E117/><V122/><F122/><W81/><G126/><T69/><D69/><U93/><E72/><V23/><F115/><W86/><G11/><T42/><D109/><U129/><E129/><V21/><F32/><W102/><G102/><T127/><D116/><U106/><E106/><V34/><F34/><W15/><G15/><T26/><D127/><U120/><E83/><V66/><F98/><W87/><G39/><T31/><D31/><U92/><E92/><V100/><F23/><W125/><G30/><T51/><D42/><U134/><E134/><V6/><F6/><W33/><G33/><T40/><D40/><U43/><E44/><V22/><F22/><W103/><G103/><T95/><D95/><U124/><E120/><V27/><F14/><W133/><G133/><T91/><D91/><U18/><E124/><V89/><F104/><W48/><G63/><AGARI ba="0,0" hai="16,21,27,53,59,63,65,66,80,84,89,94,97,100" machi="63" ten="30,3900,0" yaku="7,1,8,1,54,1" doraHai="25" who="2" fromWho="3" sc="250,0,170,0,330,39,250,-39" /><INIT seed="2,0,0,4,3,12" ten="250,170,369,211" oya="2" hai0="55,85,134,120,50,91,125,35,6,89,86,132,112" hai1="17,49,116,114,9,24,77,128,75,31,59,2,26" hai2="129,66,102,40,94,48,110,100,47,98,29,83,119" hai3="62,93,90,104,4,122,56,43,64,118,41,70,37"/><V68/><F119/><W106/><G118/><T16/><D35/><U45/><E116/><V61/><F129/><W36/><G122/><T51/><D120/><U65/><E128/><V78/><F110/><W74/><G74/><T109/><D112/><U3/><E114/><V15/><F29/><W63/><G4/><T54/><D6/><U135/><E135/><V127/><F127/><W71/><G71/><T88/><D109/><U84/><E75/><V53/><F15/><W8/><G8/><T121/><D121/><U23/><E65/><V5/><F5/><W25/><G25/><T113/><D113/><U1/><E59/><V33/><F33/><W39/><G104/><T58/><D125/><U115/><E115/><V69/><F68/><W80/><G80/><T11/><D11/><U117/><E117/><V22/><F22/><W57/><G106/><T14/><D134/><U21/><E9/><V72/><F40/><W52/><REACH who="3" step="1"/><G70/><REACH who="3" ten="250,170,369,201" step="2"/><T130/><D132/><U95/><E95/><V27/><F94/><W96/><AGARI ba="0,1" hai="36,37,39,41,43,52,56,57,62,63,64,90,93,96" machi="96" ten="30,7900,0" yaku="1,1,2,1,0,1,54,1,53,0" doraHai="12" doraHaiUra="105" who="3" fromWho="3" sc="250,-20,170,-20,369,-39,201,89" /><INIT seed="3,0,0,3,2,54" ten="230,150,330,290" oya="3" hai0="116,66,22,90,131,113,76,69,67,20,25,132,63" hai1="128,72,57,34,82,133,102,79,134,35,124,17,41" hai2="68,115,71,53,117,114,15,105,101,52,62,40,55" hai3="23,73,29,123,95,60,97,112,118,0,51,12,7"/><W2/><G118/><T119/><D76/><U13/><E41/><V88/><F117/><W109/><G112/><T6/><D113/><U91/><E102/><V84/><F40/><W104/><G104/><T78/><D78/><U83/><E91/><V98/><F71/><W9/><G73/><T56/><D131/><U10/><E83/><V108/><F108/><W65/><G123/><T59/><D69/><U49/><E128/><V111/><F111/><W43/><G29/><T99/><D90/><U80/><E82/><V121/><F121/><W96/><G23/><T37/><D99/><U61/><E49/><V14/><F68/><W11/><G97/><T92/><D92/><U130/><E130/><V45/><F45/><W38/><G38/><T8/><D37/><U77/><E77/><V48/><F48/><W64/><G64/><T81/><D81/><U87/><E72/><V100/><F100/><W16/><G2/><T75/><D75/><U125/><E34/><V42/><F42/><W39/><G39/><T135/><D63/><U1/><E35/><V3/><F62/><W122/><G122/><T93/><D93/><U31/><E31/><V58/><F3/><W36/><G36/><T28/><D28/><U94/><E94/><N who="2" m="54535" /><F115/><W74/><G74/><T18/><D116/><U21/><E21/><V89/><F114/><W86/><G109/><T46/><D22/><U27/><E27/><V32/><F32/><W110/><G110/><T30/><D119/><U50/><E1/><V129/><F129/><W26/><G0/><N who="0" m="71" /><D30/><U33/><E33/><V126/><F105/><RYUUKYOKU ba="0,0" sc="230,0,150,0,330,0,290,0" owari="230,-17.0,150,-35.0,330,43.0,290,9.0" /></mjloggm>