<mjloggm ver="2.3"><GO type="225" lobby="0"/><UN n0="%E3%81%BF%E3%81%BF%E3%81%9A" n1="%77%72%77%72%77%72%77%72" n2="%E3%83%97%E3%83%AC%E3%83%B4%E3%82%A1%E3%83%86%E3%82%A3" n3="%72%65%6E%6B%75%6E" dan="16,17,16,17" rate="2150.52,2235.61,2046.15,2221.01" sx="M,M,F,M"/><TAIKYOKU oya="0"/><BYE who="0" /><INIT seed="0,0,0,0,4,135" ten="250,250,250,250" oya="0" hai0="11,75,126,77,45,12,85,96,97,94,53,95,83" hai1="127,6,33,35,82,61,40,32,100,0,92,84,58" hai2="133,120,115,44,70,87,130,26,119,25,132,81,128" hai3="47,42,64,76,108,123,90,18,36,8,63,131,7"/><T102/><D102/><U74/><E74/><V73/><F70/><W117/><G108/><T27/><D27/><N who="2" m="10250" /><F73/><W57/><G131/><N who="2" m="50217" /><F44/><W121/><G117/><T48/><D48/><U124/><E40/><V28/><F119/><W69/><G18/><T17/><D17/><U2/><E6/><V67/><F67/><W113/><G76/><T39/><D39/><U98/><E84/><V134/><F28/><W60/><G90/><T71/><D71/><U105/><E82/><UN n0="%E3%81%BF%E3%81%BF%E3%81%9A" /><V122/><F81/><W79/><G79/><T9/><D126/><N who="1" m="48171" /><E105/><V99/><F99/><W30/><G30/><T41/><D75/><U78/><E78/><V129/><F87/><W24/><G24/><T65/><D65/><AGARI ba="0,0" hai="0,2,32,33,35,58,61,65,92,98,100" m="48171" machi="65" ten="40,8000,1" yaku="18,1,52,3" doraHai="135" who="1" fromWho="0" sc="250,-80,250,80,250,0,250,0" /><INIT seed="1,0,0,2,4,135" ten="170,330,250,250" oya="1" hai0="106,54,87,17,76,12,100,126,107,62,49,19,86" hai1="22,85,55,11,35,37,83,77,63,111,13,56,72" hai2="129,117,61,46,133,51,27,2,0,92,32,66,95" hai3="59,57,5,48,118,3,15,60,81,112,116,101,114"/><U88/><E35/><V123/><F133/><W130/><G3/><T39/><D39/><U96/><E37/><V94/><F117/><N who="3" m="45163" /><G101/><T124/><D62/><U121/><E121/><V25/><F123/><W34/><G34/><T50/><D100/><U58/><E111/><V69/><F129/><W47/><G81/><T1/><D1/><U14/><E96/><V125/><F125/><N who="0" m="48234" /><D49/><U36/><E36/><V44/><F32/><W78/><G78/><T29/><D29/><U42/><E42/><V84/><F0/><W104/><G104/><N who="0" m="39979" /><D76/><U16/><E77/><V105/><F105/><W97/><G130/><T110/><D110/><U38/><E38/><V134/><F2/><W53/><G97/><T9/><D17/><U91/><E72/><V102/><F102/><W40/><G59/><AGARI ba="0,0" hai="9,12,19,50,54,59,86,87" m="39979,48234" machi="59" ten="30,7700,0" yaku="18,1,52,3" doraHai="135" who="0" fromWho="3" sc="170,77,330,0,250,0,250,-77" /><INIT seed="2,0,0,0,4,62" ten="247,330,250,173" oya="2" hai0="49,54,117,111,91,3,47,8,4,5,60,33,11" hai1="25,61,73,57,20,22,125,127,29,43,96,44,14" hai2="12,30,74,120,78,114,113,121,128,45,76,42,37" hai3="87,26,55,46,82,10,59,105,124,71,40,56,65"/><V23/><F30/><W83/><G105/><T89/><D111/><U98/><E73/><V84/><F23/><W92/><G124/><N who="1" m="47690" /><E14/><V50/><F12/><W36/><G26/><T69/><D33/><U99/><E20/><V131/><F74/><W115/><G115/><N who="2" m="44041" /><F37/><W86/><G92/><T24/><D24/><U48/><E99/><V129/><F84/><W52/><G10/><T58/><D69/><U7/><E7/><V90/><F90/><W16/><G16/><T80/><D80/><U1/><E1/><V67/><F67/><AGARI ba="0,0" hai="22,25,29,43,44,48,57,61,67,96,98" m="47690" machi="67" ten="30,2000,0" yaku="18,1,52,1" doraHai="62" who="1" fromWho="2" sc="247,0,330,20,250,-20,173,0" /><INIT seed="3,0,0,4,2,74" ten="247,350,230,173" oya="3" hai0="71,96,82,77,119,88,104,7,13,54,18,23,5" hai1="31,127,72,34,99,94,122,4,100,8,121,105,41" hai2="58,27,69,45,106,84,61,124,131,33,11,111,97" hai3="35,133,102,1,21,15,93,87,63,117,95,6,38"/><W81/><G117/><T26/><D119/><U12/><E72/><V50/><F111/><W128/><G35/><T36/><D36/><U135/><E135/><V32/><F131/><W115/><G115/><T75/><D71/><U112/><E112/><V120/><F120/><W110/><G38/><T66/><D66/><U79/><E79/><V44/><F124/><W24/><G133/><T126/><D126/><U57/><E127/><V98/><F11/><N who="3" m="4599" /><G1/><T53/><D104/><U114/><E114/><V91/><F69/><W9/><G128/><T3/><D3/><U60/><E41/><V55/><F106/><W129/><G129/><T134/><D134/><U14/><E14/><V2/><F2/><W90/><G110/><T19/><D5/><U80/><E80/><V30/><F33/><W42/><G42/><T0/><D7/><U116/><E116/><V25/><F27/><W86/><G9/><T108/><D108/><U17/><E105/><V101/><F101/><W68/><G68/><T130/><D130/><U56/><E4/><V51/><F51/><W37/><G37/><T62/><D0/><U78/><E121/><V103/><F103/><W49/><G63/><T48/><D62/><U92/><E60/><V20/><F32/><W16/><G102/><T85/><D48/><U59/><E122/><V76/><F44/><W39/><G39/><T29/><D75/><U64/><E34/><V113/><F113/><W125/><G125/><T89/><D18/><U43/><E17/><V83/><F91/><N who="0" m="34890" /><D96/><U109/><E109/><V65/><AGARI ba="0,0" hai="20,25,30,45,50,55,58,61,65,76,83,84,97,98" machi="65" ten="20,5200,0" yaku="0,1,7,1,8,1,52,1" doraHai="74" who="2" fromWho="2" sc="247,-13,350,-13,230,52,173,-26" owari="234,-16.6,337,43.7,282,8.2,147,-35.3" /></mjloggm>