<mjloggm ver="2.3"><GO type="225" lobby="0"/><UN n0="%72%61%6B%33" n1="%43%68%65" n2="%70%68%65%6E%6F%6D%65" n3="%E3%81%86%E3%81%A9%E3%82%93%E3%81%93" dan="16,16,16,16" rate="2199.98,2167.31,2136.19,2152.04" sx="M,M,M,M"/><TAIKYOKU oya="0"/><INIT seed="0,0,0,1,1,8" ten="250,250,250,250" oya="0" hai0="2,33,34,7,41,122,23,118,77,90,131,69,28" hai1="82,21,123,9,130,51,98,44,46,76,73,20,43" hai2="110,105,6,24,19,38,65,111,92,80,57,5,79" hai3="68,67,59,25,54,17,13,49,100,14,16,127,135"/><T63/><D90/><U125/><E123/><V10/><F105/><W32/><G135/><T27/><D77/><U72/><E72/><V106/><F106/><W102/><G127/><T81/><D81/><U121/><E121/><V120/><F38/><W60/><G25/><T47/><D122/><U56/><E125/><V52/><F65/><W88/><G32/><T58/><D118/><U108/><E108/><N who="2" m="41515" /><F92/><W18/><REACH who="3" step="1"/><G88/><REACH who="3" ten="250,250,250,240" step="2"/><T117/><D34/><U84/><E130/><V66/><F120/><W128/><G128/><T85/><D33/><U129/><E129/><V133/><F133/><W53/><G53/><T30/><D131/><U83/><E98/><V116/><F116/><W103/><AGARI ba="0,1" hai="13,14,16,17,18,49,54,59,60,67,68,100,102,103" machi="103" ten="30,8000,1" yaku="1,1,0,1,52,2,54,1,53,0" doraHai="8" doraHaiUra="71" who="3" fromWho="3" sc="250,-40,250,-20,250,-20,240,90" /><INIT seed="1,0,0,3,5,2" ten="210,230,230,330" oya="1" hai0="65,43,36,62,25,59,9,5,128,1,42,17,105" hai1="87,90,79,133,103,61,60,7,109,44,11,12,98" hai2="15,14,51,57,92,32,10,69,70,55,106,129,27" hai3="97,110,114,89,126,93,37,84,83,134,96,6,8"/><U21/><E133/><V20/><F106/><W41/><G114/><T54/><D128/><U127/><E127/><V52/><F129/><W86/><G126/><T76/><D105/><U78/><E109/><V45/><F32/><W53/><G110/><T112/><D112/><U0/><E44/><V124/><F124/><W40/><G134/><T102/><D102/><U119/><E119/><V46/><F92/><W100/><G53/><T13/><D76/><U104/><E79/><V95/><F95/><W107/><G37/><T108/><D108/><U120/><E78/><V99/><F99/><W125/><G125/><T24/><D54/><U132/><E120/><V35/><F35/><W71/><G71/><T113/><D113/><U101/><E101/><V88/><F88/><W49/><G49/><T47/><REACH who="0" step="1"/><D42/><REACH who="0" ten="200,230,230,330" step="2"/><U48/><E132/><V131/><F55/><W26/><G41/><T75/><D75/><U117/><E117/><V80/><F131/><W58/><G40/><T94/><D94/><U82/><REACH who="1" step="1"/><E48/><REACH who="1" ten="200,220,230,330" step="2"/><V28/><F51/><W4/><G100/><T66/><D66/><U91/><E91/><V118/><F118/><W22/><G89/><T130/><D130/><U123/><E123/><V73/><F46/><W121/><G121/><T30/><D30/><U81/><E81/><V135/><F45/><W34/><G83/><T38/><D38/><U16/><AGARI ba="0,2" hai="0,7,11,12,16,21,60,61,82,87,90,98,103,104" machi="16" ten="30,12000,1" yaku="1,1,0,1,52,1,54,1,53,1" doraHai="2" doraHaiUra="77" who="1" fromWho="1" sc="200,-40,220,140,230,-40,330,-40" /><INIT seed="1,1,0,5,3,64" ten="160,360,190,290" oya="1" hai0="70,44,132,81,38,61,94,0,97,31,9,126,58" hai1="114,130,71,29,40,15,83,72,53,95,76,21,45" hai2="122,55,30,52,77,22,108,128,73,62,106,56,131" hai3="105,92,103,88,82,5,28,90,96,112,110,67,134"/><U36/><E114/><V32/><F122/><W63/><G112/><T24/><D126/><U16/><E130/><N who="2" m="49707" /><F108/><W4/><G110/><T107/><D132/><U3/><E3/><V13/><F106/><W17/><G134/><T10/><D81/><U69/><E29/><V98/><F98/><W86/><G28/><T19/><D19/><U1/><E1/><V12/><F32/><W50/><G50/><T51/><D38/><U49/><E95/><V89/><F89/><W115/><G115/><T66/><D0/><U111/><E111/><V65/><F30/><W20/><G90/><T109/><D58/><AGARI ba="1,0" hai="15,16,21,36,40,45,49,53,58,69,71,72,76,83" machi="58" ten="30,11600,0" yaku="7,1,52,2,54,1" doraHai="64" who="1" fromWho="0" sc="160,-119,360,119,190,0,290,0" /><INIT seed="1,2,0,2,0,38" ten="41,479,190,290" oya="1" hai0="14,28,40,37,51,57,50,109,60,113,108,29,117" hai1="11,2,73,121,49,110,132,33,125,46,52,120,100" hai2="0,91,95,7,126,80,6,35,4,22,9,34,25" hai3="32,122,77,75,131,13,71,69,79,10,1,58,115"/><U65/><E73/><V59/><F126/><W135/><G122/><T96/><D14/><U114/><E114/><V41/><F41/><W93/><G32/><N who="2" m="12329" /><F95/><W88/><G115/><T18/><D113/><U133/><E125/><V23/><F59/><W47/><G135/><N who="1" m="51786" /><E33/><V83/><F91/><W8/><G131/><T127/><D18/><U116/><E116/><V107/><F83/><W129/><G129/><T55/><D96/><U54/><E65/><V111/><F80/><W16/><G58/><T102/><D102/><U101/><E110/><N who="0" m="42601" /><D127/><U61/><E61/><V106/><F111/><W105/><G105/><T17/><D17/><U12/><E2/><V112/><F106/><W26/><G75/><T124/><D124/><U89/><E89/><V86/><F86/><W123/><G123/><N who="1" m="47178" /><E54/><V36/><F112/><W118/><G118/><T90/><D90/><U56/><E56/><V30/><F0/><W119/><G119/><T44/><D117/><U87/><E87/><V3/><F3/><W78/><G1/><T24/><D28/><U74/><E74/><V66/><F30/><W97/><G78/><T103/><D103/><U62/><E62/><V81/><F7/><AGARI ba="2,0" hai="7,11,12,46,49,52,100,101" m="47178,51786" machi="7" ten="30,2900,0" yaku="20,1,54,1" doraHai="38" who="1" fromWho="2" sc="41,0,479,35,190,-35,290,0" /><INIT seed="1,3,0,5,3,133" ten="41,514,155,290" oya="1" hai0="71,79,76,115,127,10,15,22,90,102,96,89,2" hai1="43,65,106,54,6,57,58,56,36,33,45,8,13" hai2="50,125,110,95,30,94,112,100,18,103,111,19,14" hai3="44,87,124,78,86,46,26,91,88,48,85,55,99"/><U16/><E106/><V24/><F50/><W135/><G135/><T120/><D71/><U21/><E33/><V121/><F121/><W67/><G78/><T81/><D2/><U132/><E132/><V119/><F119/><W60/><G124/><T116/><D116/><U82/><E65/><V107/><F107/><W134/><G134/><T37/><D37/><U51/><REACH who="1" step="1"/><E82/><REACH who="1" ten="41,504,155,290" step="2"/><V108/><F111/><W131/><G67/><T38/><D81/><U123/><E123/><V63/><F110/><W109/><G109/><T17/><D120/><U59/><E59/><V98/><F108/><W129/><G129/><T12/><D115/><U29/><E29/><V4/><F30/><W39/><G131/><T40/><D127/><U93/><E93/><V27/><F95/><W1/><G46/><T77/><D38/><U31/><E31/><V75/><F112/><W130/><G44/><T105/><REACH who="0" step="1"/><D40/><REACH who="0" ten="31,504,155,290" step="2"/><U80/><E80/><V7/><F125/><W92/><G39/><T53/><D53/><U118/><E118/><V128/><F128/><W73/><G130/><T42/><D42/><U68/><E68/><V113/><F113/><W20/><G55/><T28/><D28/><U61/><E61/><V32/><F63/><W104/><G60/><T117/><D117/><U126/><E126/><V64/><F64/><W11/><G104/><T72/><D72/><U23/><E23/><V5/><F75/><W49/><G73/><T69/><D69/><U35/><E35/><V114/><F32/><W25/><G20/><T34/><D34/><U66/><E66/><V47/><F114/><RYUUKYOKU ba="3,2" sc="31,15,504,15,155,-15,290,-15" hai0="10,12,15,17,22,76,77,79,89,90,96,102,105" hai1="6,8,13,16,21,36,43,45,51,54,56,57,58" /><INIT seed="1,4,2,1,2,82" ten="46,519,140,275" oya="1" hai0="37,31,89,79,52,135,23,53,56,112,127,72,117" hai1="4,83,3,101,2,84,115,122,28,75,44,58,42" hai2="108,132,32,11,61,65,90,73,50,64,48,29,35" hai3="10,77,104,20,40,81,21,8,14,17,111,129,121"/><U67/><E115/><V6/><F73/><W113/><G121/><T85/><D112/><U125/><E122/><V5/><F108/><W47/><G113/><T46/><D117/><U57/><E75/><V19/><F132/><W86/><G111/><T24/><D135/><U69/><E69/><V98/><F19/><W94/><G104/><T15/><D127/><U91/><E125/><V18/><F18/><W70/><G70/><T26/><D72/><U36/><E28/><V114/><F114/><W109/><G109/><T93/><D79/><U99/><E4/><V43/><F29/><W7/><G129/><T41/><D15/><U106/><REACH who="1" step="1"/><E67/><REACH who="1" ten="46,509,140,275" step="2"/><V39/><F64/><W124/><G124/><T102/><D102/><U131/><E131/><V27/><F65/><W126/><G126/><T103/><D103/><U95/><E95/><V49/><F5/><W38/><G94/><T71/><D71/><U133/><E133/><V110/><F6/><W62/><REACH who="3" step="1"/><G62/><REACH who="3" ten="46,509,140,265" step="2"/><T128/><D128/><U96/><E96/><V30/><F98/><W16/><G16/><T88/><D93/><U105/><E105/><V63/><F61/><W107/><G107/><T97/><D97/><U9/><E9/><V55/><F11/><W51/><G51/><T13/><D31/><U120/><E120/><V34/><F110/><W116/><G116/><T1/><D37/><U119/><E119/><V54/><F63/><W33/><G33/><T22/><D22/><U80/><E80/><V0/><F35/><W25/><G25/><T130/><D23/><U66/><E66/><V134/><F32/><RYUUKYOKU ba="4,4" sc="46,-15,509,15,140,-15,265,15" hai1="2,3,36,42,44,57,58,83,84,91,99,101,106" hai3="7,8,10,14,17,20,21,38,40,47,77,81,86" /><INIT seed="1,5,4,0,5,95" ten="31,524,125,280" oya="1" hai0="108,96,133,67,98,102,93,4,74,100,131,68,59" hai1="83,121,130,36,0,128,119,111,38,27,43,89,123" hai2="97,132,24,62,8,41,29,2,72,45,32,71,35" hai3="1,69,84,65,25,17,87,90,135,13,40,49,26"/><U107/><E119/><V78/><F132/><W117/><G1/><T19/><D133/><U46/><E38/><N who="2" m="21687" /><F35/><W42/><G135/><T86/><D74/><U31/><E107/><V54/><F54/><W66/><G117/><T114/><D114/><U9/><E111/><V125/><F125/><W61/><G87/><T129/><D108/><U16/><E89/><V60/><F60/><W12/><G12/><T101/><D68/><U21/><E83/><N who="2" m="45511" /><F97/><N who="0" m="37482" /><D4/><N who="1" m="1159" /><E31/><V118/><F118/><W55/><G65/><T30/><D30/><U80/><E80/><V47/><F47/><W122/><G122/><T28/><D28/><U82/><E82/><V70/><F62/><W56/><G42/><T88/><D19/><U57/><E57/><V134/><F134/><W52/><G40/><T104/><D59/><U33/><E33/><V39/><F39/><W7/><G7/><AGARI ba="5,4" hai="2,7,8,24,29,32,70,71" m="45511,21687" machi="7" ten="30,3900,0" yaku="25,1,33,2" doraHai="95" who="2" fromWho="3" sc="31,0,524,0,125,94,280,-54" /><INIT seed="2,0,0,3,2,13" ten="31,524,219,226" oya="2" hai0="94,113,131,122,45,82,38,56,36,48,53,115,89" hai1="52,105,20,126,70,32,9,4,23,99,135,58,62" hai2="91,46,65,68,7,133,42,76,69,79,97,67,72" hai3="90,102,31,30,93,130,108,16,125,34,121,123,120"/><V26/><F133/><W27/><G102/><T2/><D122/><U96/><E32/><V106/><F7/><W44/><G108/><T104/><D104/><U11/><E126/><V0/><F0/><W35/><G125/><T21/><D2/><U112/><E112/><V57/><F57/><W88/><G130/><T74/><D131/><U73/><E73/><V110/><F110/><W40/><G93/><T75/><D113/><U64/><E11/><V117/><F117/><W80/><G80/><T55/><D115/><U10/><E10/><V103/><F91/><W33/><G30/><T85/><D75/><U60/><E135/><V92/><F92/><W86/><G16/><T1/><D1/><U6/><E6/><V29/><F67/><W118/><G118/><T129/><D129/><U51/><E62/><N who="2" m="39991" /><F69/><W39/><REACH who="3" step="1"/><G86/><REACH who="3" ten="31,524,219,216" step="2"/><T43/><D74/><U128/><E128/><V15/><F72/><W18/><G18/><T28/><D94/><U24/><E105/><V87/><F87/><W5/><G5/><T37/><D28/><U100/><E4/><V71/><F15/><W101/><G101/><T8/><D8/><U111/><E111/><V83/><F83/><W78/><G78/><T84/><D84/><U3/><E9/><V12/><F12/><W63/><G63/><T66/><D21/><AGARI ba="0,1" hai="21,27,31,33,34,35,39,40,44,88,90,120,121,123" machi="21" ten="50,3200,0" yaku="1,1,54,1,53,0" doraHai="13" doraHaiUra="14" who="3" fromWho="0" sc="31,-32,524,0,219,0,216,42" owari="-1,-50.1,524,62.4,219,-18.1,258,5.8" /></mjloggm>