<mjloggm ver="2.3"><GO type="225" lobby="0"/><UN n0="%E5%B8%86%E7%AB%8B%E5%A4%8F%E8%A1%A3" n1="%E3%83%97%E3%83%AC%E3%83%B4%E3%82%A1%E3%83%86%E3%82%A3" n2="%E7%AB%8B%E8%8A%B1%E9%9F%BF" n3="%E3%82%B2%E3%82%B9%E8%8C%82%E5%8B%9D" dan="16,16,17,16" rate="2085.51,2115.63,2156.36,2106.83" sx="M,F,F,F"/><TAIKYOKU oya="0"/><INIT seed="0,0,0,1,2,100" ten="250,250,250,250" oya="0" hai0="30,77,114,124,125,72,119,37,89,74,24,92,70" hai1="135,84,90,128,69,96,134,12,102,97,15,45,94" hai2="7,107,88,47,98,83,66,63,95,68,23,64,40" hai3="130,39,60,104,103,17,112,57,101,50,108,20,9"/><T123/><D119/><U116/><E69/><V110/><F110/><W111/><G112/><T38/><D114/><U106/><E116/><V28/><F66/><W93/><G130/><T19/><D19/><U26/><E128/><V34/><F7/><W21/><G39/><T76/><D70/><U118/><E118/><V65/><F65/><W75/><G75/><N who="0" m="28715" /><D38/><U132/><E45/><V31/><F34/><W6/><G50/><T129/><D37/><U25/><E84/><V41/><F107/><W48/><G48/><T10/><D10/><U13/><AGARI ba="0,0" hai="12,13,15,25,26,90,94,96,97,102,106,132,134,135" machi="13" ten="40,5200,0" yaku="0,1,20,1,52,1" doraHai="100" who="1" fromWho="1" sc="250,-26,250,52,250,-13,250,-13" /><INIT seed="1,0,0,1,1,3" ten="224,302,237,237" oya="1" hai0="12,97,29,124,23,16,9,117,57,130,134,53,108" hai1="118,40,81,100,63,74,93,76,35,120,116,31,37" hai2="113,77,128,39,119,70,91,15,102,127,66,125,54" hai3="41,92,27,17,44,95,132,20,99,79,49,4,73"/><U34/><E120/><V114/><F102/><W123/><G132/><T11/><D117/><U43/><E63/><N who="2" m="40287" /><F91/><W98/><G123/><T133/><D108/><U89/><E100/><V90/><F90/><W72/><G79/><T84/><D124/><N who="2" m="47690" /><F15/><W69/><G69/><T36/><D36/><U126/><E126/><V106/><F106/><W86/><G86/><T52/><D130/><U58/><E58/><V8/><F8/><N who="0" m="3146" /><D29/><U67/><E67/><V59/><F77/><W65/><G65/><T38/><D38/><U51/><E37/><V45/><F128/><W75/><G98/><T80/><D97/><U26/><E35/><V107/><F107/><W32/><G32/><T50/><D134/><U14/><E14/><V96/><F96/><W7/><REACH who="3" step="1"/><G92/><REACH who="3" ten="224,302,237,227" step="2"/><T121/><D133/><U85/><E118/><V21/><F119/><W122/><G122/><T88/><D121/><U56/><E116/><V110/><F110/><W47/><G47/><T82/><D82/><U25/><E74/><V71/><F71/><W103/><AGARI ba="0,1" hai="4,7,17,20,27,41,44,49,72,73,75,95,99,103" machi="103" ten="30,8000,1" yaku="1,1,0,1,52,2,53,1" doraHai="3" doraHaiUra="18" who="3" fromWho="3" sc="224,-20,302,-40,237,-20,227,90" /><INIT seed="2,0,0,4,5,99" ten="204,262,217,317" oya="2" hai0="1,62,102,114,38,59,52,91,37,121,73,6,90" hai1="66,21,3,128,77,87,126,75,83,98,80,53,74" hai2="132,19,16,47,111,30,33,116,43,44,86,39,8" hai3="41,110,72,119,127,5,24,78,0,120,9,51,50"/><V69/><F116/><W89/><G119/><T15/><D1/><U88/><E3/><V12/><F132/><W124/><G120/><T31/><D121/><U25/><E126/><N who="3" m="48170" /><G110/><T13/><D114/><U125/><E125/><V65/><F111/><W104/><G104/><T20/><D73/><U95/><E128/><V64/><F69/><W106/><G106/><T58/><D38/><U61/><E53/><V100/><F100/><W14/><G24/><N who="0" m="16775" /><D37/><U107/><E80/><V32/><F47/><N who="3" m="25967" /><G51/><N who="0" m="31007" /><D102/><U115/><E115/><V17/><F86/><W112/><G112/><T22/><D6/><U96/><E96/><V79/><F79/><W11/><G89/><N who="0" m="33803" /><D22/><U60/><E60/><V7/><REACH who="2" step="1"/><F30/><REACH who="2" ten="204,262,207,317" step="2"/><W130/><G130/><T108/><D108/><U81/><E107/><V85/><F85/><W123/><G123/><T76/><D76/><U113/><E81/><V26/><F26/><W35/><G78/><T101/><D101/><U36/><E113/><V4/><F4/><N who="3" m="3367" /><G72/><T70/><D70/><U122/><E122/><V45/><F45/><W29/><G29/><T92/><D92/><U23/><E75/><V135/><F135/><W68/><G68/><T133/><D133/><U34/><E74/><V55/><F55/><AGARI ba="0,1" hai="13,15,55,59,62" m="33803,31007,16775" machi="55" ten="30,2000,0" yaku="8,1,54,1" doraHai="99" who="0" fromWho="2" sc="204,30,262,0,207,-20,317,0" /><INIT seed="3,0,0,0,5,80" ten="234,262,187,317" oya="3" hai0="55,27,100,50,122,73,105,63,54,104,119,68,60" hai1="20,65,15,110,34,118,42,67,12,61,117,75,106" hai2="77,59,74,24,129,69,44,18,53,57,86,94,25" hai3="114,66,135,6,56,58,127,123,3,131,49,121,51"/><W133/><G114/><T0/><D0/><U45/><E106/><V85/><F129/><W71/><G6/><T78/><D122/><N who="3" m="46601" /><G3/><T116/><D73/><U99/><E75/><V38/><F69/><W76/><G76/><T93/><D78/><U33/><E110/><V82/><F38/><W43/><G127/><T89/><D27/><U109/><E109/><V39/><F39/><W21/><G21/><T31/><D31/><U79/><E99/><V120/><F120/><W48/><G131/><T41/><D41/><U1/><E1/><V115/><F115/><W32/><G32/><T46/><D105/><U97/><E79/><V107/><F107/><W84/><G84/><N who="2" m="32361" /><F74/><W29/><G29/><T17/><D104/><U13/><E97/><V62/><F77/><W36/><G36/><T111/><D68/><U30/><E34/><V5/><F5/><W19/><G43/><T14/><D111/><U98/><E98/><V64/><F44/><W70/><G71/><T72/><D72/><U11/><E33/><V52/><F82/><W134/><G19/><T22/><D119/><U23/><E30/><V126/><F126/><W132/><G132/><T81/><D116/><U87/><E87/><V37/><F37/><W83/><G83/><T9/><D81/><U92/><E118/><V16/><F94/><W28/><G28/><T130/><D93/><U95/><E117/><V47/><F47/><W108/><G108/><T113/><D46/><U2/><E45/><V35/><F35/><W26/><G70/><T101/><D130/><U4/><E95/><V112/><F112/><RYUUKYOKU ba="0,0" sc="234,0,262,0,187,0,317,0" owari="234,-16.6,262,6.2,187,-31.3,317,41.7" /></mjloggm>