<mjloggm ver="2.3"><GO type="225" lobby="0"/><UN n0="%E6%97%A5%E6%9B%9C%E6%97%A5%E3%82%88%E3%82%8A%E3%81%AE%E4%BD%BF%E8%80%85" n1="%E3%81%B5%E3%81%98%E3%81%8B%E3%81%A4" n2="%E9%B3%B3%E6%9D%B1%E3%81%AE%E3%81%86%E3%81%95%E3%81%8E%E3%81%95%E3%82%93" n3="%E8%BE%9B%E5%8F%A3%E3%82%AB%E3%83%AC%E3%83%BC%E3%83%A9%E3%82%A4%E3%82%B9" dan="17,16,17,17" rate="2145.94,2193.75,2289.93,2283.17" sx="M,M,M,M"/><TAIKYOKU oya="0"/><INIT seed="0,0,0,5,1,8" ten="250,250,250,250" oya="0" hai0="76,66,69,29,22,41,118,107,133,120,127,91,71" hai1="125,97,12,36,39,46,128,93,83,43,6,85,21" hai2="13,112,3,90,34,59,35,87,30,84,19,31,94" hai3="52,42,47,110,88,99,15,81,77,32,74,103,64"/><T80/><D118/><U132/><E125/><V108/><F112/><W0/><G0/><T56/><D120/><U106/><E132/><V10/><F108/><W23/><G32/><T53/><D107/><U115/><E128/><V126/><F126/><W98/><G110/><T92/><D127/><U114/><E115/><V5/><F59/><W116/><G116/><T68/><D41/><U89/><E106/><V121/><F121/><W4/><G64/><T122/><D122/><U37/><E114/><V1/><F84/><W135/><G135/><T123/><D123/><U70/><E70/><V18/><F87/><W130/><G130/><T24/><D66/><U124/><E124/><V7/><F90/><W95/><G52/><T102/><D102/><U134/><E134/><V27/><F94/><W57/><G57/><T129/><D129/><U16/><REACH who="1" step="1"/><E6/><REACH who="1" ten="250,240,250,250" step="2"/><N who="2" m="2059" /><F18/><W119/><G119/><T55/><D133/><U100/><AGARI ba="0,1" hai="12,16,21,36,37,39,43,46,83,85,89,93,97,100" machi="100" ten="20,8000,1" yaku="1,1,0,1,7,1,52,1,54,1,53,0" doraHai="8" doraHaiUra="54" who="1" fromWho="1" sc="250,-40,240,90,250,-20,250,-20" /><INIT seed="1,0,0,2,3,74" ten="210,330,230,230" oya="1" hai0="107,44,21,50,98,70,29,35,93,80,101,114,128" hai1="22,8,127,85,41,11,78,5,132,119,99,57,120" hai2="90,86,2,115,102,117,81,104,64,96,94,66,43" hai3="24,10,92,111,55,30,130,14,103,126,87,108,69"/><U56/><E120/><V116/><F2/><W28/><G69/><T105/><D114/><U65/><E119/><V33/><F115/><W75/><G75/><T40/><D35/><U26/><E127/><V47/><F33/><W42/><G126/><T62/><D128/><U129/><E41/><V37/><F117/><W18/><G130/><T7/><D7/><U27/><E132/><V72/><REACH who="2" step="1"/><F116/><REACH who="2" ten="210,330,220,230" step="2"/><W89/><G108/><T49/><D107/><U73/><E129/><V100/><F100/><W12/><G111/><T51/><D105/><U45/><E5/><V6/><F6/><W48/><G103/><T46/><D40/><U31/><E22/><V106/><F106/><W91/><G42/><T38/><D21/><U34/><E34/><V88/><F88/><W58/><G91/><T53/><D101/><U32/><E32/><V25/><F25/><W61/><G24/><T134/><D134/><U113/><E26/><V135/><F135/><W0/><G0/><T125/><D125/><U118/><E113/><V60/><F60/><W63/><G14/><T36/><D62/><AGARI ba="0,1" hai="10,12,18,28,30,48,55,58,61,62,63,87,89,92" machi="62" ten="40,1300,0" yaku="8,1" doraHai="74" who="3" fromWho="0" sc="210,-13,330,0,220,0,230,23" /><INIT seed="2,0,0,3,4,112" ten="197,330,220,253" oya="2" hai0="78,8,101,92,103,15,38,71,107,56,52,20,32" hai1="42,126,6,102,41,45,51,134,54,117,7,44,13" hai2="128,130,121,3,124,55,0,74,100,22,122,119,129" hai3="12,34,23,67,36,106,69,82,83,19,85,49,21"/><V135/><F74/><W96/><G34/><T105/><D32/><U90/><E117/><V108/><F100/><W30/><G36/><T39/><D71/><U2/><E126/><V26/><F55/><W125/><G125/><T76/><D39/><U93/><E134/><V116/><F124/><W53/><G69/><T24/><D38/><U81/><E2/><N who="2" m="555" /><F108/><W29/><G67/><T50/><D107/><U14/><E102/><N who="0" m="38921" /><D92/><U9/><E81/><V43/><F43/><N who="1" m="16393" /><E45/><V98/><F98/><W1/><G1/><T77/><D105/><U94/><E94/><V95/><F95/><W48/><G106/><T104/><D104/><U46/><E46/><V97/><F97/><W86/><G96/><T115/><D115/><U11/><E93/><V75/><F75/><W31/><G23/><T84/><D84/><N who="3" m="32361" /><G49/><T47/><D47/><AGARI ba="0,0" hai="12,19,21,29,30,31,47,48,53,82,83" m="32361" machi="47" ten="30,1000,0" yaku="8,1" doraHai="112" who="3" fromWho="0" sc="197,-10,330,0,220,0,253,10" /><INIT seed="3,0,0,4,5,1" ten="187,330,220,263" oya="3" hai0="68,12,41,96,116,57,117,53,20,34,58,81,105" hai1="22,60,101,78,7,17,45,19,11,112,4,80,63" hai2="33,50,65,90,104,98,107,2,59,69,77,95,27" hai3="127,113,132,73,48,88,31,120,0,40,134,119,25"/><W121/><G113/><T125/><D68/><U51/><E112/><V91/><F2/><W35/><G119/><T83/><D34/><U61/><E101/><V14/><F77/><W92/><G73/><T86/><D125/><U106/><E106/><V15/><F69/><W74/><G74/><T99/><D41/><U111/><E111/><V36/><F36/><W26/><G0/><T62/><D116/><U38/><E11/><V94/><F104/><W131/><G127/><T85/><D117/><U102/><E102/><V109/><F107/><W47/><G25/><T70/><D70/><U56/><E56/><V64/><F109/><W46/><G46/><T55/><D105/><U115/><E38/><V52/><F27/><W135/><REACH who="3" step="1"/><G131/><REACH who="3" ten="187,330,220,253" step="2"/><T103/><D103/><U123/><E115/><V128/><F128/><W9/><G9/><T37/><D37/><U13/><E123/><V100/><F100/><W76/><G76/><T84/><D83/><U42/><E80/><V108/><F108/><W16/><G16/><N who="0" m="10247" /><D81/><U6/><E78/><V118/><F118/><W5/><G5/><T44/><D44/><U23/><E6/><V129/><F129/><W124/><G124/><T114/><D114/><U110/><E110/><V122/><F122/><W54/><G54/><T10/><D10/><U66/><E66/><N who="2" m="25707" /><F33/><W72/><G72/><T130/><D130/><U67/><E67/><V82/><F82/><W39/><G39/><T133/><D133/><U71/><E71/><V29/><F29/><W8/><G8/><T3/><D3/><U89/><E89/><V28/><F28/><RYUUKYOKU ba="0,1" sc="187,0,330,0,220,0,253,0" hai0="53,55,57,58,62,84,85,86,96,99" hai1="4,7,13,17,19,22,23,42,45,51,60,61,63" hai2="14,15,50,52,59,90,91,94,95,98" hai3="26,31,35,40,47,48,88,92,120,121,132,134,135" /><INIT seed="3,1,1,4,3,39" ten="187,330,220,253" oya="3" hai0="116,120,92,2,68,65,16,117,28,93,21,8,129" hai1="3,11,122,88,62,86,75,104,87,119,18,38,89" hai2="114,73,108,36,34,130,118,26,126,99,6,95,0" hai3="23,25,103,30,71,15,55,32,77,24,90,106,29"/><W45/><G71/><T121/><D92/><U27/><E75/><V57/><RYUUKYOKU type="yao9" ba="1,1" sc="187,0,330,0,220,0,253,0" hai2="0,6,26,34,36,57,73,95,99,108,114,118,126,130" /><INIT seed="3,2,1,5,5,124" ten="187,330,220,253" oya="3" hai0="6,76,77,10,118,127,48,57,47,81,32,60,116" hai1="63,58,97,67,95,52,8,42,104,84,41,88,103" hai2="128,40,28,27,112,22,53,96,78,51,31,89,56" hai3="9,86,100,44,108,110,20,39,121,4,101,75,46"/><W107/><G121/><T131/><D32/><U69/><E8/><V38/><F112/><W66/><G75/><T35/><D35/><U26/><E26/><V130/><F28/><W122/><G122/><T1/><D127/><U5/><E5/><V129/><F78/><W85/><G66/><T99/><D99/><U106/><E106/><V79/><F79/><W87/><G20/><T15/><D1/><U111/><E111/><N who="3" m="42538" /><G107/><T113/><D113/><U54/><E54/><V72/><F72/><W64/><G64/><T11/><D11/><U132/><E132/><V73/><F73/><W62/><G62/><AGARI ba="2,1" hai="41,42,52,58,62,63,67,69,84,88,95,97,103,104" machi="62" ten="30,3900,0" yaku="7,1,54,2" doraHai="124" who="1" fromWho="3" sc="187,0,330,55,220,0,253,-45" owari="187,-31.3,385,48.5,220,2.0,208,-19.2" /></mjloggm>