<mjloggm ver="2.3"><GO type="225" lobby="0"/><UN n0="%33%74%72%65%65" n1="%28%EF%BF%A3%E2%96%BD%EF%BF%A3%29%CE%B4%E2%8C%92%E3%83%BB" n2="%77%72%77%72%77%72%77%72" n3="%E6%A0%B9%E5%85%83%E3%81%8B%E3%82%89%E5%90%B9%E3%81%A3%E9%A3%9B%E3%81%B6" dan="16,16,16,17" rate="2144.29,2143.54,2075.70,2173.83" sx="F,M,M,F"/><TAIKYOKU oya="0"/><INIT seed="0,0,0,0,5,34" ten="250,250,250,250" oya="0" hai0="15,69,54,8,110,1,41,96,71,130,49,19,117" hai1="100,5,43,22,84,99,101,18,109,25,129,90,128" hai2="83,119,17,94,35,52,77,10,102,57,108,28,106" hai3="0,16,7,46,68,89,67,20,9,60,88,98,42"/><T116/><D130/><U4/><E109/><V62/><F108/><W74/><G74/><T121/><D121/><U81/><E43/><V45/><F119/><W63/><G63/><T97/><D110/><U40/><E40/><V21/><F106/><W80/><G98/><T64/><D41/><U124/><E124/><V103/><F10/><W126/><G80/><T120/><D120/><U2/><E101/><V47/><F28/><W87/><G87/><T33/><D33/><U56/><E56/><V70/><F70/><W123/><G126/><T61/><D69/><U92/><REACH who="1" step="1"/><E2/><REACH who="1" ten="250,240,250,250" step="2"/><V112/><F47/><W6/><G123/><T105/><D1/><U36/><E36/><V50/><F45/><W31/><G31/><T24/><D116/><U131/><AGARI ba="0,1" hai="4,5,18,22,25,81,84,90,92,99,100,128,129,131" machi="131" ten="30,7900,0" yaku="1,1,0,1,19,1,53,1" doraHai="34" doraHaiUra="78" who="1" fromWho="1" sc="250,-39,240,89,250,-20,250,-20" /><INIT seed="1,0,0,0,2,30" ten="211,329,230,230" oya="1" hai0="66,83,63,11,28,12,32,46,110,27,21,55,18" hai1="105,3,58,77,48,72,76,35,25,13,8,115,67" hai2="57,114,17,61,14,130,50,109,100,89,121,71,93" hai3="52,132,107,73,38,82,23,69,45,10,91,118,0"/><U20/><E105/><V106/><F121/><W24/><G132/><T70/><D110/><U131/><E3/><V87/><F109/><W75/><G118/><T124/><D124/><U86/><E72/><V7/><F130/><W120/><G120/><T41/><D83/><U112/><E131/><V104/><F114/><W99/><G69/><T129/><D129/><U98/><E35/><V117/><F117/><W90/><G107/><T44/><D55/><U88/><E98/><V5/><F71/><W64/><G64/><T43/><D44/><U95/><E112/><V92/><F50/><W79/><G75/><T102/><D102/><U60/><E48/><V96/><F106/><W42/><G99/><T40/><REACH who="0" step="1"/><D46/><REACH who="0" ten="201,329,230,230" step="2"/><U108/><E108/><V59/><F104/><W135/><G52/><T74/><D74/><U29/><REACH who="1" step="1"/><E115/><REACH who="1" ten="201,319,230,230" step="2"/><V103/><F103/><W19/><G135/><T22/><AGARI ba="0,2" hai="11,12,18,21,22,27,28,32,40,41,43,63,66,70" machi="22" ten="30,4000,0" yaku="1,1,0,1,52,1,53,0" doraHai="30" doraHaiUra="85" who="0" fromWho="0" sc="201,60,319,-20,230,-10,230,-10" /><INIT seed="2,0,0,4,3,57" ten="261,299,220,220" oya="2" hai0="87,55,84,48,26,97,109,63,107,11,44,7,94" hai1="27,25,60,128,85,118,54,51,90,95,18,43,38" hai2="31,22,83,66,117,12,93,47,132,75,21,45,65" hai3="16,30,127,5,4,53,3,130,121,19,70,112,17"/><V71/><F117/><W126/><G70/><T58/><D109/><U98/><E118/><V91/><F132/><W14/><G53/><T114/><D114/><U100/><E128/><V99/><F75/><W72/><G72/><T36/><D36/><U88/><E38/><V113/><F113/><W101/><G101/><T40/><D107/><U42/><E60/><V59/><F71/><W103/><G103/><T120/><D120/><U67/><E67/><N who="2" m="25611" /><F59/><W80/><G80/><T1/><REACH who="0" step="1"/><D26/><REACH who="0" ten="251,299,220,220" step="2"/><U37/><E37/><V92/><F83/><W0/><G112/><T9/><D9/><U62/><E27/><N who="2" m="16879" /><F92/><W28/><G121/><T74/><D74/><U131/><E95/><V33/><F33/><W110/><G110/><T29/><D29/><N who="3" m="11369" /><G130/><T119/><D119/><U6/><E131/><V34/><F34/><W8/><G14/><T77/><D77/><U24/><E24/><V69/><F69/><W125/><G8/><T41/><D41/><U2/><E43/><V56/><F12/><W86/><G86/><T122/><D122/><U39/><E85/><V73/><F73/><W81/><G81/><T105/><D105/><U134/><E39/><V108/><F108/><W49/><G49/><T78/><D78/><U10/><E51/><V64/><F22/><W13/><G13/><T79/><D79/><U23/><E25/><V82/><F82/><W68/><G68/><T123/><D123/><U76/><E23/><V50/><F50/><W20/><G20/><T15/><D15/><U102/><E76/><V61/><AGARI ba="0,1" hai="45,47,56,61,64,91,93,99" m="16879,25611" machi="61" ten="30,3000,0" yaku="8,1,52,1" doraHai="57" who="2" fromWho="2" sc="251,-10,299,-10,220,40,220,-10" /><INIT seed="2,1,0,1,5,23" ten="241,289,260,210" oya="2" hai0="117,62,6,31,3,18,120,0,135,47,70,14,66" hai1="24,91,64,7,114,111,57,81,84,75,69,103,8" hai2="45,77,83,22,71,98,2,59,43,131,56,92,42" hai3="124,38,13,34,1,97,82,16,55,100,35,96,80"/><V49/><F71/><W30/><G1/><T67/><D120/><U74/><E114/><V11/><F131/><W10/><G38/><T115/><D115/><U37/><E69/><V132/><F132/><W54/><G124/><T105/><D67/><U112/><E37/><V19/><F42/><W68/><G68/><T101/><D135/><U39/><E39/><V32/><F32/><W108/><G108/><T104/><D117/><U40/><E40/><V129/><F129/><W99/><G100/><T29/><D47/><U60/><E103/><V130/><F11/><W48/><G54/><T94/><D94/><U53/><E111/><V90/><F2/><W79/><G30/><T21/><D3/><U33/><E53/><V86/><REACH who="2" step="1"/><F130/><REACH who="2" ten="241,289,250,210" step="2"/><W118/><G118/><T27/><D0/><U122/><E112/><V58/><F58/><W87/><REACH who="3" step="1"/><G80/><REACH who="3" ten="241,289,250,200" step="2"/><T50/><D70/><U12/><E122/><V73/><F73/><W110/><G110/><T133/><D133/><U128/><E128/><V78/><F78/><W72/><G72/><T125/><D125/><U9/><E75/><V126/><F126/><W25/><G25/><AGARI ba="1,2" hai="19,22,25,43,45,49,56,59,77,83,86,90,92,98" machi="25" ten="30,11600,0" yaku="1,1,7,1,8,1,52,1,53,0" doraHai="23" doraHaiUra="63" who="2" fromWho="3" sc="241,0,289,0,250,139,200,-119" /><INIT seed="2,2,0,2,2,40" ten="241,289,389,81" oya="2" hai0="61,5,17,117,121,73,95,55,25,35,94,71,90" hai1="93,4,57,30,74,98,126,14,116,27,89,108,26" hai2="31,45,11,44,62,39,134,128,6,87,37,33,16" hai3="135,97,125,80,103,43,75,52,28,3,129,32,58"/><V67/><F128/><W48/><G129/><T81/><D121/><U68/><E68/><V124/><F124/><W99/><G125/><T23/><D117/><U88/><E74/><V120/><F120/><W86/><G135/><T110/><D110/><U118/><E126/><V63/><F134/><W13/><G3/><T49/><D5/><U18/><E4/><V54/><F31/><W131/><G131/><T101/><D35/><U1/><E1/><V111/><F33/><W60/><G75/><T56/><D101/><U2/><E2/><V46/><F87/><W10/><G32/><T96/><D73/><U123/><E108/><V132/><F132/><W41/><G28/><T114/><D114/><U38/><E38/><V21/><F111/><W0/><G0/><T102/><D71/><U29/><E123/><V50/><F11/><W20/><G20/><T8/><D81/><U79/><E79/><V130/><F6/><W85/><G85/><T76/><D76/><U66/><E89/><V92/><F92/><W112/><G112/><T42/><D8/><N who="1" m="6471" /><E116/><V82/><F82/><W9/><G9/><T72/><D72/><U115/><E115/><V64/><F130/><W70/><G70/><T107/><D90/><U47/><E118/><V51/><F39/><W36/><G36/><T53/><D42/><N who="3" m="15881" /><G103/><T15/><D25/><N who="1" m="9227" /><E30/><V91/><F91/><N who="3" m="51655" /><G48/><N who="2" m="18473" /><F37/><W104/><G104/><T24/><D24/><U77/><E29/><V127/><F127/><W19/><G99/><T133/><D133/><U22/><E77/><V119/><F119/><W65/><G97/><T7/><D7/><RYUUKYOKU ba="2,0" sc="241,15,289,-15,389,-15,81,15" hai0="15,17,23,49,53,55,56,61,94,95,96,102,107" hai3="10,13,19,52,58,60,65" /><INIT seed="3,3,0,2,0,120" ten="256,274,374,96" oya="3" hai0="107,134,17,15,72,12,106,98,114,81,65,84,50" hai1="116,53,13,67,122,113,14,28,27,9,59,110,7" hai2="68,127,89,16,10,124,21,90,35,46,91,2,128" hai3="55,8,41,97,78,18,19,3,109,73,100,30,66"/><W45/><G30/><T135/><D114/><U64/><E122/><V123/><F123/><W79/><G55/><T129/><D129/><U52/><E113/><V0/><F68/><W60/><G18/><T76/><D65/><U77/><E116/><V130/><F35/><W39/><G19/><T92/><D50/><U25/><E77/><V49/><F10/><W112/><G112/><T47/><D47/><U57/><E9/><V104/><F104/><N who="0" m="39978" /><D17/><U62/><E28/><V95/><F95/><W103/><G97/><T61/><D61/><U96/><E96/><V111/><F0/><W93/><G93/><T58/><D58/><U132/><E62/><V80/><F2/><W43/><G43/><T20/><D20/><U82/><E82/><V125/><F80/><N who="3" m="45135" /><G79/><T131/><D131/><N who="2" m="50218" /><F21/><W83/><G83/><T63/><D63/><U74/><E74/><V51/><F16/><W115/><G115/><T117/><D117/><U70/><E70/><V24/><F24/><W69/><G109/><T5/><D72/><U121/><E121/><V34/><F111/><W22/><G22/><T75/><D75/><U119/><E119/><V42/><F34/><W86/><G86/><T38/><D5/><AGARI ba="3,0" hai="3,5,8,39,41,45,60,66,69,100,103" m="45135" machi="5" ten="30,1500,0" yaku="25,1" doraHai="120" who="3" fromWho="0" sc="256,-24,274,0,374,0,96,24" /><INIT seed="3,4,0,0,0,86" ten="232,274,374,120" oya="3" hai0="114,28,122,55,22,48,24,104,74,16,6,84,21" hai1="113,108,57,32,85,93,68,54,70,100,56,111,96" hai2="130,36,3,89,52,40,134,72,7,88,67,92,12" hai3="45,41,14,129,53,63,34,9,39,126,106,98,4"/><W31/><G126/><T69/><D74/><U11/><E32/><V37/><F72/><W58/><G129/><T124/><D122/><U42/><E113/><V8/><F130/><W80/><G80/><T117/><D117/><U10/><E42/><V71/><F134/><W94/><G106/><T90/><D124/><U50/><E57/><V109/><F109/><N who="1" m="42057" /><E85/><V128/><F128/><W105/><G105/><T83/><D69/><AGARI ba="4,0" hai="10,11,50,54,56,68,69,70,93,96,100" m="42057" machi="69" ten="30,1000,0" yaku="14,1" doraHai="86" who="1" fromWho="0" sc="232,-22,274,22,374,0,120,0" owari="210,-19.0,296,9.6,374,47.4,120,-38.0" /></mjloggm>