<mjloggm ver="2.3"><GO type="225" lobby="0"/><UN n0="%E6%A1%9C%E8%8A%B1%E9%96%83%E3%80%85" n1="%E6%97%A5%E6%9B%9C%E6%97%A5%E3%82%88%E3%82%8A%E3%81%AE%E4%BD%BF%E8%80%85" n2="%E3%82%A2%E3%83%A1%E3%82%A2%E3%83%A9%E3%83%AC" n3="%E3%81%BF%E3%81%BF%E3%81%9A" dan="16,16,16,18" rate="2219.05,2115.20,2166.66,2258.15" sx="M,M,M,M"/><TAIKYOKU oya="0"/><INIT seed="0,0,0,3,4,32" ten="250,250,250,250" oya="0" hai0="134,4,106,82,65,11,22,51,45,20,124,121,132" hai1="114,25,41,111,126,8,27,68,17,100,57,53,95" hai2="44,87,47,102,74,79,38,80,116,54,86,101,18" hai3="13,59,16,14,62,24,9,113,91,85,98,30,115"/><T46/><D121/><U107/><E107/><V112/><F112/><W78/><G78/><T15/><D124/><U56/><E68/><V0/><F116/><W39/><G39/><T42/><D106/><U36/><E114/><V60/><F0/><W84/><G14/><T10/><D65/><U103/><E126/><V70/><F74/><W96/><G113/><T49/><D82/><U108/><E41/><V133/><F133/><N who="0" m="51306" /><D11/><U69/><E36/><V81/><F18/><W105/><G115/><T127/><D127/><U122/><E69/><V110/><F110/><W94/><G98/><T72/><D72/><U3/><E122/><V37/><F70/><W129/><G105/><T118/><D118/><U48/><E8/><V35/><F35/><W43/><G129/><T71/><D71/><U63/><E95/><V92/><F92/><W26/><G43/><AGARI ba="0,0" hai="4,10,15,20,22,42,43,45,46,49,51" m="51306" machi="43" ten="30,1500,0" yaku="20,1" doraHai="32" who="0" fromWho="3" sc="250,15,250,0,250,0,250,-15" /><INIT seed="0,1,0,3,2,127" ten="265,250,250,235" oya="0" hai0="59,4,30,54,129,12,126,98,52,44,103,35,83" hai1="25,131,46,61,90,42,122,22,117,110,10,13,104" hai2="85,81,14,51,16,43,112,97,50,132,128,93,34" hai3="124,45,6,37,36,21,109,130,72,76,49,118,101"/><T48/><D126/><U1/><E117/><V69/><F112/><W89/><G124/><T11/><D129/><U57/><E104/><V53/><F132/><W26/><G118/><T40/><D35/><U106/><E1/><V55/><F69/><W8/><G101/><T0/><D30/><U65/><E106/><V60/><F34/><W74/><G109/><T68/><D68/><U94/><E122/><V33/><F33/><W78/><G89/><T99/><D0/><U58/><E110/><V102/><F128/><W71/><G71/><T105/><D98/><U63/><E131/><V7/><F7/><W88/><G130/><T64/><REACH who="0" step="1"/><D83/><REACH who="0" ten="255,250,250,235" step="2"/><U86/><E42/><V73/><F43/><N who="3" m="24767" /><G36/><T5/><D5/><U41/><E41/><V116/><F116/><W15/><G37/><T133/><D133/><U107/><E107/><V17/><F81/><W113/><G113/><T47/><D47/><U75/><E46/><V38/><F97/><W111/><G111/><T18/><D18/><U32/><E32/><V91/><F17/><N who="3" m="12591" /><G74/><T70/><D70/><U27/><E75/><V121/><F38/><W108/><G108/><T95/><D95/><U77/><E94/><V29/><F73/><W28/><G28/><T39/><D39/><U92/><E92/><V3/><F29/><W66/><G72/><T119/><D119/><U100/><E58/><V56/><F3/><W82/><G66/><T79/><D79/><U125/><E77/><N who="3" m="29802" /><G82/><T114/><D114/><U19/><E125/><V20/><F93/><W67/><G67/><T24/><D24/><U115/><E27/><RYUUKYOKU ba="1,1" sc="255,15,250,-15,250,-15,235,15" hai0="4,11,12,40,44,48,52,54,59,64,99,103,105" hai3="6,8,15,88" /><INIT seed="0,2,1,4,2,98" ten="270,235,235,250" oya="0" hai0="44,97,11,69,123,134,12,115,119,110,116,79,31" hai1="84,34,2,95,90,47,125,60,4,80,99,55,78" hai2="102,109,22,129,51,127,107,15,56,7,41,133,71" hai3="17,13,28,68,30,122,96,8,75,117,45,118,42"/><T65/><D115/><U24/><E125/><V14/><F109/><W10/><G75/><T130/><D123/><U3/><E4/><V33/><F33/><W101/><G68/><T16/><D130/><U81/><E34/><V63/><F71/><W70/><G70/><T36/><D134/><U21/><E80/><V108/><F108/><W29/><G122/><T131/><D110/><U5/><E5/><V50/><F127/><W111/><G111/><T43/><D131/><U113/><E113/><V126/><F41/><W120/><G8/><T121/><D121/><U76/><E76/><V85/><F85/><W132/><G132/><T64/><D79/><U37/><E37/><V6/><F22/><W112/><G112/><T32/><D97/><U135/><E135/><V105/><F133/><W100/><G120/><T62/><REACH who="0" step="1"/><D65/><REACH who="0" ten="260,235,235,250" step="2"/><U19/><REACH who="1" step="1"/><E47/><REACH who="1" ten="260,225,235,250" step="2"/><V88/><F129/><W52/><G45/><T9/><D9/><U58/><AGARI ba="2,3" hai="2,3,19,21,24,55,58,60,78,81,84,90,95,99" machi="58" ten="30,12000,2" yaku="1,1,2,1,0,1,25,2,53,1" doraHai="98" doraHaiUra="89" who="1" fromWho="1" sc="260,-62,225,156,235,-32,250,-32" /><INIT seed="1,0,0,0,3,17" ten="198,381,203,218" oya="1" hai0="61,22,127,49,89,103,16,98,10,37,58,12,119" hai1="92,74,26,120,75,3,106,33,54,102,78,83,0" hai2="64,117,101,91,23,8,115,7,30,116,76,84,34" hai3="63,104,48,31,25,1,105,94,69,27,65,18,44"/><U72/><E120/><V32/><F115/><W55/><G1/><T9/><D119/><U41/><E92/><V132/><F132/><W35/><G94/><N who="0" m="58839" /><D37/><U21/><E54/><V123/><F123/><W36/><G18/><T129/><D129/><U124/><E41/><V134/><F134/><W15/><G15/><T130/><D130/><U11/><E124/><V13/><F101/><W57/><G25/><T45/><D89/><U4/><E0/><V87/><F64/><W19/><G19/><T29/><D29/><U24/><E24/><V77/><F30/><W110/><G110/><T121/><D127/><U53/><E53/><V67/><F67/><W68/><G68/><T20/><D9/><U86/><E33/><V70/><F70/><W51/><G36/><T66/><D121/><U85/><E85/><V107/><F107/><W43/><AGARI ba="0,0" hai="27,31,35,43,44,48,51,55,57,63,65,69,104,105" machi="43" ten="20,1500,0" yaku="0,1,7,1" doraHai="17" who="3" fromWho="3" sc="198,-4,381,-7,203,-4,218,15" /><INIT seed="2,0,0,4,1,97" ten="194,374,199,233" oya="2" hai0="104,53,130,127,26,27,61,131,123,80,46,3,58" hai1="42,1,4,51,33,65,41,55,39,85,135,81,57" hai2="113,24,20,16,116,87,25,83,45,117,74,103,21" hai3="35,23,30,105,9,7,40,18,91,60,100,2,17"/><V106/><F113/><W107/><G40/><T108/><D123/><U134/><E33/><V118/><F74/><W79/><G79/><T89/><D108/><U62/><E4/><V14/><F45/><W29/><G17/><T133/><D133/><N who="1" m="50699" /><E1/><V110/><F110/><W0/><G0/><T54/><D3/><U119/><E39/><V28/><F14/><W12/><G100/><T111/><D104/><U114/><E119/><V125/><F125/><W77/><G30/><T71/><D71/><N who="1" m="42423" /><E114/><V75/><F75/><W8/><G8/><T129/><D127/><U50/><E50/><V13/><F13/><W128/><G128/><T102/><D102/><U6/><E6/><V63/><F63/><W115/><G115/><T122/><D122/><U99/><E99/><V47/><F47/><W94/><G77/><AGARI ba="0,0" hai="41,42,51,55,57,77,81,85" m="42423,50699" machi="77" ten="30,1000,0" yaku="20,1" doraHai="97" who="1" fromWho="3" sc="194,0,374,10,199,0,233,-10" /><INIT seed="3,0,0,0,1,120" ten="194,384,199,223" oya="3" hai0="68,7,42,128,93,27,12,31,18,26,47,111,49" hai1="124,100,110,78,61,72,40,133,84,16,23,4,101" hai2="67,51,107,109,96,70,125,65,19,56,22,91,1" hai3="8,73,28,112,75,116,44,13,74,2,52,108,69"/><W50/><G116/><T58/><D68/><U46/><E110/><V63/><F1/><W113/><G2/><T131/><D111/><U94/><E72/><V57/><F109/><W87/><G108/><T97/><D7/><U71/><E71/><V17/><F125/><W41/><G69/><T37/><D37/><U119/><E4/><V115/><F115/><W102/><G102/><N who="0" m="60719" /><D58/><U3/><E3/><V6/><F6/><W10/><G28/><T77/><D77/><U0/><E133/><V29/><F107/><W80/><G41/><T48/><D48/><U83/><E94/><N who="2" m="56415" /><F70/><W118/><G118/><T126/><D126/><U132/><E23/><V129/><F129/><N who="0" m="49738" /><D31/><U103/><E84/><V99/><F99/><W134/><G134/><T45/><D45/><U130/><E83/><V36/><F36/><W15/><G8/><AGARI ba="0,0" hai="8,12,18,26,27,42,47,49" m="49738,60719" machi="8" ten="30,1000,0" yaku="19,1" doraHai="120" who="0" fromWho="3" sc="194,10,384,0,199,0,223,-10" owari="204,-19.6,384,48.4,199,-30.1,213,1.3" /></mjloggm>