<mjloggm ver="2.3"><GO type="225" lobby="0"/><UN n0="%43%68%65" n1="%E2%91%A3%E9%81%BF%E9%81%8A%E6%88%AF%E3%80%90%E6%9D%B1%E5%8D%97%E3%80%91" n2="%30%2E%31%32%30" n3="%E9%80%9F%E6%B0%B4%E5%87%9B%E9%A6%99" dan="16,16,16,16" rate="2155.55,2106.20,2115.50,2091.83" sx="M,M,M,F"/><TAIKYOKU oya="0"/><INIT seed="0,0,0,4,0,96" ten="250,250,250,250" oya="0" hai0="67,124,104,19,69,36,11,105,15,88,54,65,51" hai1="107,72,71,60,43,2,135,84,81,117,120,122,33" hai2="58,40,26,132,45,89,32,112,77,22,9,70,91" hai3="94,83,38,95,73,103,30,82,23,12,125,39,34"/><T66/><D124/><U109/><RYUUKYOKU type="yao9" ba="0,0" sc="250,0,250,0,250,0,250,0" hai1="2,33,43,60,71,72,81,84,107,109,117,120,122,135" /><INIT seed="0,1,0,2,5,1" ten="250,250,250,250" oya="0" hai0="101,26,75,66,98,104,72,120,89,45,3,18,5" hai1="79,47,15,125,97,17,43,13,12,121,76,11,62" hai2="134,22,20,83,38,85,27,41,60,42,46,16,128" hai3="113,107,77,54,61,81,124,91,21,57,103,40,80"/><T48/><D120/><U130/><E125/><V88/><F128/><W44/><G113/><T106/><D106/><U114/><E130/><V2/><F2/><W133/><G124/><T36/><D36/><U110/><E114/><V122/><F122/><W68/><G133/><T67/><D75/><U100/><E121/><V63/><F134/><W126/><G126/><T30/><D18/><U71/><E110/><V95/><F42/><W93/><G68/><T50/><D72/><U31/><E31/><V70/><F70/><W8/><G107/><T127/><D89/><U118/><E118/><V102/><REACH who="2" step="1"/><F22/><REACH who="2" ten="250,250,240,250" step="2"/><W4/><G21/><T39/><D127/><U82/><E71/><V32/><F32/><W56/><G77/><T69/><D69/><U105/><E62/><V132/><F132/><W55/><G40/><T37/><D3/><U52/><E79/><V23/><F23/><W92/><G61/><T108/><D108/><U86/><REACH who="1" step="1"/><E52/><REACH who="1" ten="250,240,240,250" step="2"/><V109/><F109/><W0/><G55/><T119/><D119/><U24/><E24/><V53/><F53/><W25/><G54/><T51/><D26/><U7/><E7/><V10/><F10/><W35/><G25/><T9/><D5/><U111/><E111/><V33/><F33/><W115/><G4/><T129/><D9/><U116/><E116/><V19/><F19/><W87/><G35/><T112/><D129/><U84/><E84/><V6/><F6/><W64/><G8/><T73/><D73/><U34/><E34/><V90/><F90/><W131/><G131/><T49/><N who="0" m="12288" /><DORA hai="59" /><T94/><D112/><RYUUKYOKU ba="1,2" sc="250,-15,240,15,240,15,250,-15" hai1="11,12,13,15,17,43,47,76,82,86,97,100,105" hai2="16,20,27,38,41,46,60,63,83,85,88,95,102" /><INIT seed="1,2,2,3,4,110" ten="235,255,255,235" oya="1" hai0="79,84,128,12,31,16,76,98,82,56,49,94,21" hai1="126,54,2,101,53,80,88,43,85,105,89,52,97" hai2="103,33,111,68,9,23,124,50,112,86,17,66,119" hai3="77,1,114,35,0,25,90,71,65,48,64,59,135"/><U72/><E2/><V27/><F119/><W3/><G114/><T100/><D128/><U34/><E34/><V96/><F111/><W83/><G135/><T106/><D31/><U107/><E126/><V4/><F124/><W37/><G37/><T69/><D69/><U39/><E72/><V127/><F127/><W28/><G90/><T38/><D38/><U58/><E107/><V93/><F112/><W70/><G70/><T130/><D130/><U51/><REACH who="1" step="1"/><E89/><REACH who="1" ten="235,245,255,235" step="2"/><V129/><F129/><W19/><G0/><T26/><D106/><U24/><E24/><V13/><F33/><W102/><G1/><T75/><D75/><U118/><E118/><V7/><F86/><W117/><G3/><T11/><D26/><U73/><E73/><V122/><F122/><W95/><G25/><T87/><D87/><U45/><AGARI ba="2,3" hai="39,43,45,51,52,53,54,58,80,85,88,97,101,105" machi="45" ten="30,11700,0" yaku="1,1,0,1,54,2,53,0" doraHai="110" doraHaiUra="32" who="1" fromWho="1" sc="235,-41,245,153,255,-41,235,-41" /><INIT seed="1,3,0,1,3,77" ten="194,398,214,194" oya="1" hai0="61,81,72,46,100,50,11,12,32,24,9,62,112" hai1="67,69,15,26,22,110,20,45,70,49,23,85,71" hai2="14,111,96,88,34,65,120,98,124,83,48,102,128" hai3="130,115,0,37,42,31,73,7,107,64,43,101,16"/><U58/><E110/><V38/><F38/><W78/><G115/><T90/><D112/><U60/><E15/><V118/><F111/><W56/><G130/><T132/><D132/><U123/><E123/><V33/><F120/><W104/><G31/><T47/><D100/><U74/><E74/><V80/><F118/><W27/><G7/><T103/><D103/><U52/><REACH who="1" step="1"/><E85/><REACH who="1" ten="194,388,214,194" step="2"/><V117/><F14/><W109/><G73/><T79/><D12/><U126/><E126/><V29/><F124/><W68/><G109/><T129/><D72/><U1/><E1/><V51/><F117/><W122/><G0/><T19/><D129/><U39/><E39/><V13/><F128/><W91/><G37/><T113/><D113/><U18/><AGARI ba="3,1" hai="18,20,22,23,26,45,49,52,58,60,67,69,70,71" machi="18" ten="30,11700,0" yaku="1,1,0,1,54,1,53,1" doraHai="77" doraHaiUra="59" who="1" fromWho="1" sc="194,-42,388,136,214,-42,194,-42" /><INIT seed="1,4,0,4,0,128" ten="152,524,172,152" oya="1" hai0="76,49,1,85,19,21,90,7,66,32,53,127,50" hai1="91,48,79,96,84,60,87,30,46,55,82,111,40" hai2="64,107,59,132,28,56,26,20,106,130,116,92,18" hai3="45,73,134,54,5,52,38,123,71,115,74,34,118"/><U77/><E111/><V88/><F116/><W16/><G34/><T80/><D32/><U35/><E96/><V37/><F37/><W17/><G71/><T23/><D127/><U39/><E60/><V93/><F130/><W61/><G123/><T31/><D66/><U109/><E109/><V98/><F132/><W6/><G115/><T117/><D117/><U110/><E110/><V11/><F93/><W97/><G118/><T99/><D31/><U2/><E2/><V70/><F70/><W42/><G97/><T3/><D50/><U72/><E72/><V124/><F124/><W114/><G114/><T78/><D23/><U22/><E35/><V131/><F131/><W67/><G67/><T103/><D7/><U81/><E22/><V83/><F83/><W33/><G33/><T41/><D41/><U44/><E30/><V63/><F11/><W8/><G61/><T108/><D3/><U133/><E91/><V4/><F4/><W68/><G68/><T129/><D1/><U51/><E39/><V100/><F18/><W104/><G104/><T27/><D129/><U62/><E62/><V75/><F75/><W10/><G38/><T112/><D112/><U65/><E65/><V14/><F14/><W94/><G94/><N who="0" m="58871" /><D108/><U125/><E125/><V24/><F24/><W120/><G120/><T126/><D126/><U43/><E55/><N who="2" m="34207" /><F100/><W36/><G36/><T47/><AGARI ba="4,0" hai="19,21,27,47,49,53,76,78,80,85,90" m="58871" machi="47" ten="30,1100,0" yaku="8,1" doraHai="128" who="0" fromWho="0" sc="152,23,524,-9,172,-7,152,-7" /><INIT seed="2,0,0,2,4,52" ten="175,515,165,145" oya="2" hai0="67,120,116,46,72,133,39,131,28,77,33,71,94" hai1="35,26,19,45,110,57,34,105,6,53,38,25,48" hai2="65,111,122,23,107,17,92,4,66,63,18,125,56" hai3="97,81,10,12,126,74,29,8,51,118,40,61,50"/><V114/><F122/><W106/><G118/><T96/><D120/><U100/><E110/><V15/><F114/><W135/><G126/><T37/><D116/><U49/><E38/><V76/><F107/><W104/><G135/><T54/><D133/><U90/><E6/><V84/><F125/><W3/><G3/><T87/><D72/><U14/><E105/><V99/><F111/><W98/><G29/><T43/><D54/><U124/><E100/><V108/><F108/><W21/><G61/><T27/><D131/><U24/><E90/><N who="2" m="55703" /><F4/><W85/><G74/><T30/><D30/><U44/><E124/><V89/><F76/><W78/><G106/><T5/><D5/><U129/><E129/><V101/><F101/><W0/><G0/><T41/><D67/><U109/><E109/><V36/><F36/><W68/><G68/><T82/><D71/><U22/><REACH who="1" step="1"/><E48/><REACH who="1" ten="175,505,165,145" step="2"/><V73/><F89/><W79/><G104/><T11/><D39/><U7/><E7/><V9/><F73/><W130/><G130/><T113/><D113/><U60/><E60/><V91/><F91/><W112/><G112/><T132/><D132/><U20/><E20/><V2/><F2/><W69/><G51/><T32/><D32/><AGARI ba="0,1" hai="14,19,22,24,25,26,32,34,35,44,45,49,53,57" machi="32" ten="40,2600,0" yaku="1,1,52,1,53,0" doraHai="52" doraHaiUra="59" who="1" fromWho="0" sc="175,-26,505,36,165,0,145,0" /><INIT seed="3,0,0,3,1,25" ten="149,541,165,145" oya="3" hai0="93,66,41,77,32,39,76,6,113,24,26,80,20" hai1="50,49,28,10,121,130,86,104,84,119,97,48,13" hai2="103,65,29,44,23,74,100,34,127,38,83,57,92" hai3="47,54,105,132,59,9,91,62,112,98,111,75,109"/><W99/><G75/><T63/><D113/><U15/><E121/><V55/><F34/><W95/><G112/><T2/><D32/><U116/><E130/><V96/><F100/><W106/><G132/><T58/><D2/><U36/><E28/><V33/><F33/><W79/><G79/><T18/><D6/><U43/><E15/><V133/><F133/><W45/><G9/><T110/><D110/><N who="3" m="41993" /><G99/><T1/><D1/><U101/><E43/><V71/><F96/><W73/><G73/><T67/><D41/><U72/><E36/><V51/><F74/><W4/><G4/><T115/><D39/><U35/><E35/><V61/><F127/><W30/><G30/><T82/><D115/><U53/><E72/><V27/><F29/><W0/><G0/><T134/><D134/><U56/><E13/><V87/><F38/><W90/><G90/><T8/><D8/><U60/><E10/><V117/><F103/><W16/><G16/><T70/><D77/><U102/><E101/><V69/><F27/><W89/><G89/><T88/><D26/><U37/><E37/><V128/><F128/><W64/><G64/><N who="0" m="24619" /><D76/><U31/><E31/><V19/><F19/><W14/><G14/><T94/><D88/><U129/><E86/><V125/><F87/><W108/><N who="3" m="42001" /><W135/><DORA hai="46" /><G135/><T85/><D85/><U122/><E84/><V22/><F83/><N who="0" m="31786" /><D70/><U81/><E81/><V11/><F69/><W5/><G5/><T21/><D21/><U124/><E97/><V3/><F71/><W123/><G123/><T7/><D7/><U52/><E122/><RYUUKYOKU ba="0,0" sc="149,15,541,-15,165,-15,145,15" hai0="18,20,24,58,63,93,94" hai3="45,47,54,59,62,91,95,98,105,106" /><INIT seed="3,1,0,5,2,30" ten="164,526,150,160" oya="3" hai0="5,78,39,71,1,16,87,29,125,134,113,108,22" hai1="14,27,126,107,44,114,7,122,2,0,98,50,18" hai2="120,128,23,31,117,43,28,15,103,68,46,132,89" hai3="67,59,69,17,52,13,121,100,80,123,20,130,72"/><W76/><G130/><T40/><D71/><U81/><E122/><V92/><F117/><W111/><G111/><T8/><D108/><U61/><E126/><V73/><F128/><W97/><G67/><T41/><D125/><U65/><E114/><V96/><F73/><W19/><G69/><T115/><D29/><N who="2" m="11338" /><F68/><W45/><G45/><T54/><D134/><U33/><E27/><V135/><F120/><W4/><G4/><T47/><D41/><U49/><E33/><V53/><F53/><W110/><G110/><T85/><D54/><U11/><E50/><N who="2" m="26975" /><F135/><W25/><G97/><T42/><D42/><U37/><E81/><V99/><F132/><W94/><G94/><T82/><REACH who="0" step="1"/><D87/><REACH who="0" ten="154,526,150,160" step="2"/><U63/><E37/><V10/><F99/><W51/><G100/><T38/><D38/><U93/><E61/><V26/><F103/><W133/><G133/><T34/><D34/><U88/><E7/><V21/><F26/><AGARI ba="1,1" hai="1,5,8,16,22,26,39,40,47,78,82,85,113,115" machi="26" ten="40,5200,0" yaku="1,1,54,1,53,1" doraHai="30" doraHaiUra="36" who="0" fromWho="2" sc="154,65,526,0,150,-55,160,0" owari="219,1.9,526,62.6,95,-40.5,160,-24.0" /></mjloggm>