<mjloggm ver="2.3"><GO type="225" lobby="0"/><UN n0="%E3%83%8F%E3%83%B3%E3%83%89%E3%83%A9%E3%83%BC%E3%83%BB%E3%83%AF%E3%83%B3" n1="%72%69%6F%75%63%68%61%6E" n2="%77%72%77%72%77%72%77%72" n3="%E7%89%B9%E6%9D%B1%E3%81%AF%E4%B8%96%E7%95%8C%E3%82%92%E6%95%91%E3%81%86" dan="17,17,17,16" rate="2268.86,2244.63,2187.77,2163.88" sx="M,M,M,M"/><TAIKYOKU oya="0"/><INIT seed="0,0,0,0,0,9" ten="250,250,250,250" oya="0" hai0="52,126,49,130,43,100,11,92,101,34,115,36,65" hai1="111,125,68,38,24,67,16,32,44,48,31,23,18" hai2="104,135,74,42,4,5,63,85,62,35,88,29,127" hai3="114,40,99,54,116,37,53,91,70,15,119,14,133"/><T132/><D115/><U17/><E111/><V41/><F104/><W39/><G70/><T97/><D34/><U47/><E125/><V128/><F127/><W22/><G114/><T106/><D126/><U21/><E38/><V124/><F124/><W20/><G91/><T58/><D130/><U113/><E113/><V108/><F74/><W87/><G87/><T82/><D132/><U50/><E48/><V55/><F108/><W129/><G99/><T77/><D65/><U30/><E30/><V59/><F128/><W109/><G109/><T86/><D36/><U110/><E110/><V118/><F118/><BYE who="2" /><W28/><G28/><UN n2="%77%72%77%72%77%72%77%72" /><T72/><D43/><N who="2" m="16394" /><F35/><W83/><G40/><T134/><D134/><U131/><E131/><V2/><F2/><W121/><G129/><T57/><D101/><U79/><E79/><V117/><F117/><W89/><G89/><N who="0" m="53303" /><D11/><U73/><E73/><V95/><F29/><W10/><G10/><T3/><D3/><U81/><E81/><V80/><F135/><W8/><G8/><T60/><D60/><N who="2" m="23082" /><F80/><W96/><G133/><T26/><D26/><U25/><E50/><AGARI ba="0,0" hai="4,5,50,55,59,85,88,95" m="23082,16394" machi="50" ten="30,2000,0" yaku="8,1,54,1" doraHai="9" who="2" fromWho="1" sc="250,0,250,-20,250,20,250,0" /><INIT seed="1,0,0,2,5,134" ten="250,230,270,250" oya="1" hai0="135,36,23,74,5,84,117,118,126,105,33,119,57" hai1="114,62,61,131,65,95,113,133,102,13,88,11,67" hai2="122,59,38,104,43,73,66,79,8,30,0,22,50" hai3="75,78,77,41,106,64,82,91,70,121,3,125,86"/><U47/><E133/><V10/><F122/><W63/><G121/><T132/><D33/><U45/><E131/><V46/><F104/><W101/><G3/><T58/><D74/><U26/><E102/><V6/><F8/><W49/><G41/><T34/><D34/><U87/><E26/><V16/><F30/><W39/><G39/><T71/><D71/><U89/><E114/><V109/><F109/><W112/><G112/><T31/><D36/><U42/><E113/><V128/><F128/><W107/><G49/><T27/><D105/><U54/><E54/><V110/><F110/><W76/><G106/><T68/><D68/><U14/><E89/><V12/><F50/><W97/><REACH who="3" step="1"/><G125/><REACH who="3" ten="250,230,270,240" step="2"/><T52/><D126/><U127/><E127/><V19/><F0/><W44/><G44/><N who="1" m="16970" /><E42/><V56/><F46/><W48/><G48/><T32/><D135/><U21/><E61/><V55/><F43/><W25/><G25/><T130/><D132/><U99/><E62/><V37/><F37/><W83/><AGARI ba="0,1" hai="63,64,70,75,76,77,78,82,83,86,91,97,101,107" machi="83" ten="20,2700,0" yaku="1,1,0,1,7,1,53,0" doraHai="134" doraHaiUra="40" who="3" fromWho="3" sc="250,-7,230,-13,270,-7,240,37" /><INIT seed="2,0,0,3,0,38" ten="243,217,263,277" oya="2" hai0="62,91,75,120,54,15,125,28,41,29,31,105,111" hai1="84,11,77,57,60,3,37,65,14,134,81,20,66" hai2="26,7,110,96,97,86,79,9,133,13,76,34,55" hai3="40,112,42,115,35,101,25,48,63,128,78,102,18"/><V85/><F133/><W99/><G128/><T90/><D120/><U45/><E134/><V83/><F110/><W5/><G5/><T67/><D75/><U117/><E117/><V80/><REACH who="2" step="1"/><F55/><REACH who="2" ten="243,217,253,277" step="2"/><W58/><G115/><T39/><D54/><U56/><E3/><V24/><F24/><W36/><G25/><T89/><D111/><U95/><E20/><V104/><F104/><W61/><G112/><T113/><D105/><U93/><E37/><V69/><F69/><W108/><G36/><T32/><D113/><U0/><E0/><V1/><F1/><W21/><G108/><T116/><D39/><U73/><E45/><V16/><F16/><W49/><G18/><T100/><D116/><U4/><REACH who="1" step="1"/><E73/><REACH who="1" ten="243,207,253,277" step="2"/><V94/><F94/><W30/><G21/><T106/><D32/><U126/><E126/><V27/><F27/><W98/><G35/><T17/><D125/><U47/><E47/><V123/><F123/><W87/><G30/><AGARI ba="0,2" hai="7,9,13,26,30,34,76,79,80,83,85,86,96,97" machi="30" ten="40,3900,0" yaku="1,1,9,1,53,0" doraHai="38" doraHaiUra="118" who="2" fromWho="3" sc="243,0,207,0,253,59,277,-39" /><INIT seed="2,1,0,0,1,18" ten="243,207,312,238" oya="2" hai0="31,6,2,0,115,14,36,100,109,72,95,104,129" hai1="131,81,70,25,135,49,68,45,96,119,98,69,71" hai2="128,5,62,88,92,121,110,50,59,22,87,40,51" hai3="34,43,111,83,82,16,54,21,35,47,61,17,133"/><V99/><F121/><W58/><G111/><T20/><D72/><U11/><N who="1" m="17408" /><DORA hai="29" /><U76/><E119/><V60/><F110/><W63/><G133/><T118/><D36/><U8/><E131/><V67/><F5/><W7/><G7/><T102/><D104/><U120/><E135/><V91/><F40/><W90/><G61/><T126/><D115/><U33/><E120/><V122/><F128/><W27/><G17/><T84/><D129/><U130/><E130/><V66/><F122/><W75/><G83/><T124/><D118/><U113/><E113/><V127/><F127/><N who="0" m="48682" /><D109/><U116/><E116/><V15/><F62/><W80/><G82/><T101/><D6/><U107/><E107/><V74/><F66/><W112/><G112/><T89/><D14/><U48/><E8/><V103/><F74/><W37/><REACH who="3" step="1"/><G90/><REACH who="3" ten="243,207,312,228" step="2"/><T41/><D89/><N who="2" m="34378" /><F87/><W9/><G9/><T55/><D84/><U39/><E11/><V94/><F94/><W12/><G12/><T46/><D95/><U23/><E81/><V30/><F30/><W13/><G13/><T42/><D31/><U32/><E76/><AGARI ba="1,1" hai="16,21,27,34,35,37,43,47,54,58,63,75,76,80" machi="76" ten="40,12000,2" yaku="1,1,52,3,54,1,53,1" doraHai="18,29" doraHaiUra="106,117" who="3" fromWho="1" sc="243,0,207,-123,312,0,228,133" /><INIT seed="3,0,0,2,2,48" ten="243,84,312,361" oya="3" hai0="55,45,133,63,51,11,8,96,28,64,46,41,18" hai1="54,67,13,57,35,76,22,43,94,0,14,107,83" hai2="16,58,15,99,89,66,20,110,97,101,29,125,122" hai3="106,135,72,81,85,38,126,2,30,56,124,4,79"/><W59/><G38/><T82/><D133/><U3/><E107/><V24/><F110/><W1/><G135/><T127/><D127/><N who="3" m="48681" /><G106/><T130/><D130/><U77/><E35/><V37/><F125/><W47/><G30/><T88/><D28/><U129/><E43/><V92/><F122/><W109/><G109/><T91/><D96/><U120/><E67/><V6/><F37/><W31/><G47/><T36/><D18/><U33/><E33/><V65/><F6/><W7/><G72/><T32/><D32/><U70/><E57/><N who="3" m="22090" /><G31/><T114/><D114/><U86/><E86/><V62/><F97/><W118/><G118/><T49/><D36/><U121/><E22/><V119/><F119/><W117/><G117/><T19/><D82/><U60/><E83/><V25/><F25/><W21/><G21/><T116/><D116/><U68/><E94/><V26/><F26/><W78/><G78/><T17/><D41/><U134/><E60/><V27/><F27/><W90/><G79/><T108/><D108/><U128/><REACH who="1" step="1"/><E134/><REACH who="1" ten="243,74,312,361" step="2"/><V50/><F65/><W102/><G102/><T113/><D64/><U123/><E123/><V112/><F101/><W100/><G100/><T93/><D93/><U42/><E42/><V95/><F95/><W104/><G104/><T69/><D63/><U61/><E61/><V40/><F40/><W10/><G85/><T131/><D131/><U39/><E39/><V52/><F66/><W132/><G132/><T103/><D103/><U9/><E9/><N who="2" m="6255" /><F112/><W84/><G10/><T111/><D113/><U53/><AGARI ba="0,1" hai="0,3,13,14,53,54,68,70,76,77,120,121,128,129" machi="53" ten="25,12000,2" yaku="1,1,0,1,22,2,52,2,53,0" doraHai="48" doraHaiUra="44" who="1" fromWho="1" sc="243,-30,74,130,312,-30,361,-60" owari="213,-18.7,204,-29.6,282,8.2,301,40.1" /></mjloggm>