<mjloggm ver="2.3"><GO type="225" lobby="0"/><UN n0="%E6%98%93%E5%88%A9%E8%96%A9%E4%BC%AF" n1="%E3%81%99%E3%81%84%E3%81%BE%E3%81%9B%E3%83%BC%E3%82%93" n2="%E3%81%BF%E3%81%BF%E3%81%9A" n3="%28%EF%BF%A3%E2%96%BD%EF%BF%A3%29%CE%B4%E2%8C%92%E3%83%BB" dan="16,17,16,16" rate="2055.31,2207.14,2142.32,2107.50" sx="F,M,M,M"/><TAIKYOKU oya="0"/><INIT seed="0,0,0,4,1,99" ten="250,250,250,250" oya="0" hai0="96,1,40,59,32,18,109,9,36,82,58,37,17" hai1="46,15,111,54,39,45,33,23,87,125,76,68,31" hai2="30,25,16,110,123,21,90,73,13,8,81,116,92" hai3="56,86,41,44,100,12,91,119,97,95,120,0,67"/><T102/><D109/><U108/><E68/><V61/><F123/><W71/><G0/><T66/><D32/><U77/><E125/><V94/><F110/><N who="1" m="42025" /><E33/><V75/><F116/><W83/><G120/><T128/><D128/><U22/><E39/><V29/><F94/><W106/><G119/><T133/><D133/><U28/><E87/><V78/><F75/><W14/><G71/><T134/><D134/><U57/><E15/><V69/><F69/><W124/><G124/><T105/><D82/><U63/><E23/><V117/><F61/><N who="3" m="38311" /><G106/><T80/><D59/><U5/><E5/><V26/><F117/><W55/><G41/><T93/><D105/><U113/><E113/><V98/><REACH who="2" step="1"/><F26/><REACH who="2" ten="250,250,240,250" step="2"/><W24/><G24/><T11/><D93/><U89/><E63/><V122/><F122/><W118/><G118/><T115/><D80/><U130/><E130/><V79/><F79/><W35/><G35/><T6/><D66/><U121/><E77/><V48/><F48/><AGARI ba="0,1" hai="12,14,44,48,55,83,86,91,95,97,100" m="38311" machi="48" ten="30,2000,0" yaku="8,1,52,1" doraHai="99" who="3" fromWho="2" sc="250,0,250,0,240,-20,250,30" /><INIT seed="1,0,0,5,5,132" ten="250,250,220,280" oya="1" hai0="106,21,87,6,70,90,79,125,116,127,9,115,128" hai1="56,8,53,110,37,43,46,25,17,95,126,124,22" hai2="7,52,77,41,135,62,54,67,55,112,84,64,99" hai3="58,94,88,120,33,30,98,66,0,123,86,39,42"/><U36/><E36/><V97/><F135/><W68/><G0/><T40/><D115/><U114/><E114/><V26/><F112/><W15/><G68/><T1/><D116/><U104/><E104/><V96/><F41/><W61/><G15/><T38/><D70/><U29/><E110/><V72/><F72/><W51/><G39/><T119/><D106/><U45/><E45/><V118/><F118/><W80/><G42/><T50/><D38/><U78/><E78/><V111/><F111/><W109/><G51/><T49/><D79/><U133/><E133/><V48/><F7/><W89/><REACH who="3" step="1"/><G109/><REACH who="3" ten="250,250,220,270" step="2"/><T101/><D119/><U12/><REACH who="1" step="1"/><E95/><REACH who="1" ten="250,240,220,270" step="2"/><V4/><F48/><AGARI ba="0,2" hai="8,12,17,22,25,29,37,43,46,48,53,56,124,126" machi="48" ten="40,12000,1" yaku="1,1,2,1,52,2,53,0" doraHai="132" doraHaiUra="57" who="1" fromWho="2" sc="250,0,240,140,220,-120,270,0" /><INIT seed="1,1,0,2,1,59" ten="250,380,100,270" oya="1" hai0="12,116,94,27,54,13,69,53,58,87,108,24,96" hai1="2,78,121,21,109,48,84,67,60,95,71,92,72" hai2="5,47,132,10,45,70,100,15,51,49,28,65,97" hai3="23,135,82,88,35,125,61,62,85,101,29,118,105"/><U22/><E2/><V129/><F132/><W130/><G135/><T46/><D69/><U7/><E7/><V20/><F129/><W14/><G130/><T76/><D108/><U81/><E121/><V93/><F70/><W42/><G125/><T74/><D74/><U68/><E68/><V50/><REACH who="2" step="1"/><F65/><REACH who="2" ten="250,380,90,270" step="2"/><W113/><G118/><T0/><D116/><U79/><E67/><V18/><F18/><N who="3" m="10711" /><G29/><T3/><D3/><U33/><E71/><V37/><F37/><W124/><G124/><T6/><D0/><U83/><E109/><V104/><F104/><W111/><G105/><T9/><D6/><U90/><E72/><V75/><F75/><W16/><G111/><T66/><D66/><U126/><E126/><V128/><F128/><W19/><G19/><T55/><D55/><U57/><E79/><V39/><F39/><W89/><G16/><T114/><D53/><U64/><E78/><V91/><F91/><W30/><G89/><T120/><D54/><U119/><E119/><V43/><F43/><W44/><G30/><T98/><D76/><U102/><E90/><V38/><F38/><W134/><G42/><T25/><D9/><U122/><E64/><V123/><F123/><W103/><G88/><T133/><D120/><U11/><E122/><V41/><F41/><W56/><G134/><T80/><D133/><U77/><E11/><V117/><F117/><W31/><G31/><T63/><D87/><U99/><E84/><V1/><F1/><W17/><G85/><T127/><D127/><U26/><E77/><V107/><F107/><W86/><G86/><RYUUKYOKU ba="1,1" sc="250,-10,380,-10,90,30,270,-10" hai2="5,10,15,20,28,45,47,49,50,51,93,97,100" /><INIT seed="2,2,1,1,0,90" ten="240,370,120,260" oya="2" hai0="113,82,68,49,95,117,96,11,133,120,123,71,21" hai1="46,84,76,2,47,66,70,58,4,55,32,3,30" hai2="51,12,124,108,25,110,87,115,40,10,20,35,73" hai3="60,54,80,63,126,106,125,0,79,9,56,65,52"/><V50/><F115/><W22/><G106/><T74/><D113/><U48/><E30/><V109/><F73/><W130/><G130/><T34/><D34/><U31/><E31/><N who="2" m="19951" /><F40/><W105/><G105/><T75/><D133/><U67/><E32/><V26/><F87/><W6/><G22/><T104/><D104/><U18/><E18/><N who="2" m="12567" /><F50/><W78/><G78/><T103/><D11/><U61/><E67/><V8/><F51/><W119/><G119/><T128/><D117/><U15/><E47/><V93/><F124/><N who="3" m="47723" /><G60/><T69/><D128/><U72/><E72/><AGARI ba="2,1" hai="0,6,9,52,54,56,63,65,72,79,80" m="47723" machi="72" ten="30,2000,0" yaku="18,1,54,1" doraHai="90" who="3" fromWho="1" sc="240,0,370,-26,120,0,260,36" /><INIT seed="3,0,0,3,5,65" ten="240,344,120,296" oya="3" hai0="56,10,69,78,23,19,124,11,24,75,60,131,80" hai1="4,97,121,42,74,61,72,111,91,116,85,3,73" hai2="132,6,52,108,5,84,67,14,110,104,13,12,92" hai3="114,41,120,100,30,2,76,26,58,55,8,134,36"/><W22/><G114/><T119/><D119/><U126/><E121/><V117/><F104/><W102/><G120/><T113/><D124/><U125/><E111/><V98/><F117/><W118/><G118/><T93/><D131/><U107/><E116/><V94/><F67/><W130/><G134/><T54/><D113/><U48/><E61/><V1/><F132/><W135/><G130/><T15/><D69/><U68/><E68/><V38/><F38/><W59/><G59/><T40/><D40/><U62/><E62/><V33/><F33/><W87/><G41/><T99/><REACH who="0" step="1"/><D15/><REACH who="0" ten="230,344,120,296" step="2"/><U82/><E42/><V17/><F17/><N who="3" m="12623" /><G135/><T16/><D16/><U89/><E126/><V20/><F20/><W109/><G2/><T29/><D29/><U7/><E3/><V45/><F1/><W25/><G30/><T103/><AGARI ba="0,1" hai="10,11,19,23,24,54,56,60,75,78,80,93,99,103" machi="103" ten="20,2700,0" yaku="1,1,0,1,7,1,53,0" doraHai="65" doraHaiUra="43" who="0" fromWho="0" sc="230,37,344,-7,120,-7,296,-13" owari="267,-13.3,337,43.7,113,-38.7,283,8.3" /></mjloggm>