<mjloggm ver="2.3"><GO type="225" lobby="0"/><UN n0="%E3%82%A2%E3%82%A4%E3%82%B9%E3%83%86%E3%82%A3%E3%83%BC%E3%81%82%E3%81%B9" n1="%E8%B6%85%E7%B4%9A%E9%B3%B3%E5%87%B0" n2="%48%61%61%61%6C%61%6E%64" n3="%6D%75%75%6D%75%72%61" dan="16,16,18,16" rate="2121.89,2162.92,2179.27,2111.33" sx="M,M,M,F"/><TAIKYOKU oya="0"/><INIT seed="0,0,0,1,1,48" ten="250,250,250,250" oya="0" hai0="17,118,60,27,18,131,133,71,103,93,59,37,53" hai1="26,61,19,42,110,128,108,51,63,105,34,123,116" hai2="111,44,77,84,80,0,76,72,14,45,3,9,67" hai3="102,12,7,79,91,31,104,16,130,39,24,11,43"/><T97/><D118/><U29/><E116/><V33/><F33/><W98/><G130/><T8/><D131/><U92/><E128/><V73/><F111/><N who="1" m="42537" /><E123/><V119/><F119/><W132/><G132/><T54/><D133/><U5/><E105/><V70/><F67/><W66/><G66/><N who="0" m="39199" /><D37/><U83/><E5/><V121/><F70/><W113/><G113/><T88/><D71/><U10/><E83/><V125/><F121/><W95/><G79/><T4/><D4/><U115/><E115/><V126/><F84/><W81/><G81/><T90/><D18/><U64/><E92/><V135/><F135/><W46/><G7/><T52/><D27/><U2/><E64/><V20/><F80/><W96/><G104/><T99/><D97/><U85/><E85/><V68/><F68/><W74/><G74/><T62/><D62/><U82/><E2/><V86/><F86/><W22/><REACH who="3" step="1"/><G96/><REACH who="3" ten="250,250,250,240" step="2"/><T112/><D112/><U25/><E82/><V50/><F73/><W35/><G35/><T41/><D41/><U100/><E42/><V23/><F72/><W101/><AGARI ba="0,1" hai="11,12,16,22,24,31,39,43,46,91,95,98,101,102" machi="101" ten="30,4000,0" yaku="1,1,0,1,54,1,53,0" doraHai="48" doraHaiUra="58" who="3" fromWho="3" sc="250,-20,250,-10,250,-10,240,50" /><INIT seed="1,0,0,0,5,130" ten="230,240,240,290" oya="1" hai0="126,41,70,117,11,129,133,123,6,66,88,93,115" hai1="46,47,18,50,101,113,13,45,55,132,85,5,26" hai2="48,114,33,119,44,29,109,8,78,135,36,92,95" hai3="59,52,71,103,49,37,96,31,107,74,19,120,106"/><U54/><E113/><V68/><F119/><W105/><G120/><T75/><D115/><U87/><E132/><V125/><F114/><W91/><G74/><T81/><D117/><U122/><E122/><V99/><F68/><W82/><G31/><T56/><D123/><U21/><E101/><V111/><F36/><W62/><G37/><T110/><D110/><N who="2" m="41994" /><F125/><W63/><G19/><T89/><D70/><U61/><E61/><V104/><F78/><W79/><G79/><T32/><D32/><U64/><E64/><V1/><F135/><W83/><G63/><N who="0" m="38247" /><D75/><U73/><E73/><V20/><F33/><W128/><G128/><T9/><D133/><U4/><E26/><N who="2" m="16583" /><F8/><W17/><G71/><T27/><D126/><U108/><E108/><V94/><F1/><W53/><G107/><T67/><D67/><U35/><E35/><V42/><F104/><W80/><G106/><T60/><D60/><U65/><E65/><V0/><F0/><W25/><G25/><T12/><D41/><U24/><E24/><V15/><F15/><W97/><G105/><T51/><D27/><U102/><E102/><AGARI ba="0,0" hai="42,44,48,92,94,95,99,102" m="16583,41994" machi="102" ten="30,1000,0" yaku="14,1" doraHai="130" who="2" fromWho="1" sc="230,0,240,-10,240,10,290,0" /><INIT seed="2,0,0,4,3,115" ten="230,230,250,290" oya="2" hai0="63,66,79,9,62,4,61,31,23,86,53,126,40" hai1="71,5,90,93,109,0,22,135,28,49,107,47,42" hai2="18,78,91,110,124,100,56,127,73,55,6,105,15" hai3="41,84,77,108,128,102,72,43,88,112,129,101,69"/><V16/><F110/><W29/><G108/><T64/><D126/><N who="2" m="48170" /><F91/><W98/><G112/><T104/><D104/><U133/><E109/><V19/><F78/><W117/><G69/><T10/><D40/><N who="3" m="15433" /><G98/><T45/><D45/><U74/><E71/><V67/><F73/><W81/><G29/><T119/><D53/><U97/><E74/><V70/><F67/><N who="0" m="25642" /><D4/><U116/><E116/><V14/><F70/><W65/><G65/><T36/><D36/><U59/><E107/><V34/><F34/><W33/><G33/><T39/><D39/><U75/><E75/><V94/><F6/><W12/><G117/><T8/><D119/><U95/><E95/><V51/><F105/><W82/><G12/><T24/><D79/><U1/><E59/><V25/><F25/><W7/><G7/><T2/><D2/><U58/><E58/><V111/><F111/><W35/><G35/><T60/><N who="0" m="15360" /><DORA hai="11" /><T52/><D52/><U103/><E5/><V121/><F121/><W80/><G72/><T106/><D106/><U27/><REACH who="1" step="1"/><E90/><REACH who="1" ten="230,220,250,290" step="2"/><V32/><F32/><W48/><G88/><T30/><D30/><U113/><E113/><V50/><F50/><W17/><G48/><T87/><AGARI ba="0,1" hai="8,9,10,23,24,31,86,87" m="15360,25642" machi="87" ten="50,1600,0" yaku="8,1" doraHai="115,11" who="0" fromWho="0" sc="230,26,220,-4,250,-8,290,-4" /><INIT seed="3,0,0,3,0,71" ten="256,216,242,286" oya="3" hai0="53,109,20,87,7,106,91,96,127,21,118,67,60" hai1="41,36,49,51,16,93,105,110,120,34,62,92,94" hai2="70,133,124,39,15,86,102,117,123,73,90,19,101" hai3="128,56,61,32,85,57,35,114,48,113,17,66,40"/><W122/><G122/><T81/><D118/><U100/><E120/><V1/><F123/><W115/><G128/><T13/><D109/><U76/><E34/><V116/><F1/><W119/><G119/><T103/><D127/><U121/><E121/><V14/><F73/><W0/><G0/><T95/><D53/><U97/><E110/><V31/><F70/><W89/><G17/><T130/><D130/><U54/><E76/><V69/><F69/><W125/><G125/><T24/><D106/><U10/><E62/><V129/><F124/><W74/><G74/><T64/><D60/><U63/><E63/><V28/><F129/><W84/><G84/><T68/><D68/><U26/><E54/><V134/><F86/><W108/><G108/><T9/><REACH who="0" step="1"/><D21/><REACH who="0" ten="246,216,242,286" step="2"/><U50/><E10/><V83/><F117/><W58/><G61/><T104/><D104/><U78/><E78/><V37/><F116/><W38/><G35/><T126/><D126/><U132/><E132/><V4/><F133/><W65/><G32/><T30/><AGARI ba="0,1" hai="7,9,13,20,24,30,64,67,81,87,91,95,96,103" machi="30" ten="20,5200,0" yaku="1,1,0,1,7,1,8,1,53,0" doraHai="71" doraHaiUra="45" who="0" fromWho="0" sc="246,62,216,-13,242,-13,286,-26" owari="308,40.8,203,-29.7,229,-17.1,260,6.0" /></mjloggm>