<mjloggm ver="2.3"><GO type="225" lobby="0"/><UN n0="%E6%B4%BE%E9%81%A3%E3%81%AE%E3%82%B8%E3%83%A3%E3%83%83%E3%82%AF" n1="%47%68%6F%73%74%55%30" n2="%E3%82%BC%E3%83%AB%E3%83%80%E3%81%AE%E4%BC%9D%E8%AA%AC" n3="%E5%AE%AE%E4%BF%9D%E9%B6%8F%E8%82%89" dan="17,17,17,16" rate="2190.71,2145.23,2169.04,2130.51" sx="M,M,M,M"/><TAIKYOKU oya="0"/><INIT seed="0,0,0,3,2,88" ten="250,250,250,250" oya="0" hai0="22,97,92,82,42,124,110,35,51,12,105,78,59" hai1="60,9,5,118,134,30,53,113,31,7,112,111,4" hai2="28,29,72,79,104,96,52,54,116,89,83,115,36" hai3="120,45,128,130,39,34,16,11,91,100,49,80,33"/><T8/><D35/><U14/><E118/><V3/><F115/><N who="1" m="44105" /><E60/><V6/><F116/><W81/><G39/><T18/><D124/><U15/><E53/><V63/><F36/><W131/><G100/><T61/><D105/><U133/><E111/><V106/><F106/><W17/><G120/><T68/><D68/><U126/><E126/><V73/><F73/><W102/><G102/><N who="0" m="60711" /><D110/><U77/><E77/><V90/><F90/><W13/><G17/><T69/><D69/><U117/><E117/><V26/><F29/><N who="1" m="10761" /><E9/><V56/><F104/><W20/><G20/><T125/><D125/><U119/><E119/><V40/><F40/><W50/><G50/><T25/><D51/><U109/><E109/><V44/><F44/><W67/><G67/><N who="0" m="39359" /><D42/><U19/><E19/><V58/><F58/><W132/><G132/><AGARI ba="0,0" hai="4,5,7,14,15,132,133,134" m="10761,44105" machi="132" ten="40,12000,2" yaku="28,2,20,1,11,1,34,2" doraHai="88" who="1" fromWho="3" sc="250,0,250,120,250,0,250,-120" /><INIT seed="1,0,0,4,4,127" ten="250,370,250,130" oya="1" hai0="7,99,109,110,72,117,51,73,20,79,71,10,111" hai1="61,103,47,45,120,95,112,76,3,4,133,69,123" hai2="92,24,0,131,93,104,30,27,107,101,18,78,59" hai3="108,83,80,134,43,38,64,9,85,132,49,87,60"/><U16/><E112/><V58/><F0/><W32/><G32/><T121/><D117/><U22/><E76/><V65/><F78/><W75/><G75/><T124/><D124/><U122/><E133/><N who="3" m="51306" /><G108/><T57/><D71/><U37/><E3/><V105/><F18/><W114/><G38/><T19/><D99/><U41/><E4/><V81/><F81/><N who="3" m="31307" /><G9/><T128/><D121/><U5/><E5/><V129/><F65/><W82/><N who="3" m="31315" /><W115/><DORA hai="54" /><G43/><T102/><D79/><U62/><E41/><V77/><F77/><W116/><G49/><T100/><D72/><U14/><E37/><V88/><F101/><W26/><G26/><N who="2" m="9769" /><F30/><W21/><G21/><T67/><D73/><U68/><E103/><V118/><F118/><W97/><G97/><T2/><D100/><U126/><E126/><V50/><F50/><W55/><G55/><T31/><D51/><U74/><E74/><V42/><F42/><W40/><G40/><T44/><D102/><U29/><E29/><V11/><F11/><W119/><G119/><T94/><D31/><U89/><E122/><V130/><F92/><W125/><G125/><T13/><D94/><U84/><E120/><V63/><F63/><W15/><G116/><T52/><D10/><U28/><E123/><V56/><F107/><W23/><G23/><T6/><D109/><U1/><E28/><V46/><F46/><W106/><G106/><T66/><D110/><U39/><E39/><V17/><F17/><W48/><G48/><N who="0" m="30855" /><D111/><U53/><E47/><V34/><F34/><W98/><G115/><T33/><D33/><RYUUKYOKU ba="0,0" sc="250,-10,370,-10,250,30,130,-10" hai2="56,58,59,88,93,104,105,129,130,131" /><INIT seed="2,1,0,3,4,71" ten="240,360,280,120" oya="2" hai0="44,132,77,73,38,81,24,9,133,124,65,8,69" hai1="79,23,47,46,128,10,51,29,2,130,68,115,118" hai2="109,86,70,27,75,52,94,131,39,66,93,5,129" hai3="33,60,26,88,40,78,55,41,49,16,0,123,82"/><V35/><F75/><W6/><G123/><T59/><D124/><U50/><E115/><V135/><F135/><N who="0" m="51786" /><D59/><U67/><E118/><V114/><F114/><W90/><G60/><N who="0" m="40103" /><D24/><U103/><E79/><V22/><F35/><W102/><G102/><T48/><D38/><U3/><E103/><V64/><F39/><W112/><G112/><T34/><D34/><U43/><E67/><V62/><F109/><W113/><G113/><T83/><D83/><U100/><E68/><V105/><F105/><W42/><G6/><T21/><D21/><U89/><E100/><V101/><F66/><W37/><G0/><T57/><D57/><U18/><E2/><V106/><F5/><W126/><G126/><T31/><D31/><U121/><E29/><V127/><F127/><W74/><G37/><T116/><D116/><U87/><E121/><V80/><F106/><W11/><G33/><T58/><D58/><U61/><E61/><V25/><F25/><W13/><REACH who="3" step="1"/><G26/><REACH who="3" ten="240,360,280,110" step="2"/><T84/><D73/><U56/><E3/><V20/><F27/><W125/><G125/><T117/><D117/><U99/><E128/><V28/><F101/><W36/><G36/><T120/><D120/><U54/><E130/><V111/><F131/><W119/><G119/><T30/><D30/><U122/><E122/><V1/><F1/><W104/><G104/><T85/><D48/><U108/><E50/><V76/><F129/><W98/><G98/><T95/><D85/><U63/><E51/><V14/><F86/><W92/><G92/><T12/><D95/><U96/><E87/><V72/><F94/><RYUUKYOKU ba="1,1" sc="240,-10,360,-10,280,-10,110,30" hai3="11,13,16,40,41,42,49,55,74,78,82,88,90" /><INIT seed="3,2,1,2,2,1" ten="230,350,270,140" oya="3" hai0="132,29,134,5,62,81,80,83,89,34,70,36,100" hai1="61,85,116,78,19,44,133,76,13,101,7,88,127" hai2="125,54,16,56,39,119,95,33,38,3,60,120,26" hai3="121,98,77,96,23,35,109,48,21,73,93,79,84"/><W99/><G121/><T12/><D36/><U128/><E101/><V106/><F106/><W129/><G35/><T102/><D89/><U53/><E133/><N who="0" m="51305" /><D29/><U57/><E7/><V115/><F115/><W117/><G117/><T28/><D62/><U124/><E128/><V51/><F119/><W71/><G71/><T25/><D70/><U97/><E116/><V87/><F3/><W37/><G37/><T14/><D14/><U31/><E31/><V72/><F72/><W0/><G129/><T59/><D59/><U52/><E44/><V82/><F125/><N who="1" m="48201" /><E53/><V110/><F95/><W86/><G73/><T131/><D131/><U66/><E66/><V75/><F75/><W47/><G0/><T40/><D40/><U6/><E97/><V18/><F120/><W64/><G64/><T114/><D114/><U130/><E130/><V45/><F33/><W135/><G135/><T55/><D55/><U68/><E6/><V94/><F94/><W9/><G9/><AGARI ba="2,1" hai="5,9,12,25,28,34,80,81,83,100,102" m="51305" machi="9" ten="30,2000,0" yaku="20,1,52,1" doraHai="1" who="0" fromWho="3" sc="230,36,350,0,270,0,140,-26" owari="266,-13.4,350,45.0,270,7.0,114,-38.6" /></mjloggm>