<mjloggm ver="2.3"><GO type="225" lobby="0"/><UN n0="%E3%80%93%E3%81%97%E3%83%BC%E3%82%89%E3%80%93" n1="%72%61%6B%33" n2="%E3%81%B5%E3%81%98%E3%81%8B%E3%81%A4" n3="%E3%81%BF%E3%81%BF%E3%81%9A" dan="16,16,16,17" rate="2081.28,2099.35,2149.97,2288.76" sx="M,M,M,M"/><TAIKYOKU oya="0"/><INIT seed="0,0,0,3,5,27" ten="250,250,250,250" oya="0" hai0="36,110,39,31,121,61,0,117,127,100,5,105,53" hai1="109,50,75,108,43,33,107,74,129,48,103,18,59" hai2="118,17,133,114,38,12,71,69,94,20,52,57,37" hai3="34,68,49,1,19,26,55,120,2,21,131,77,16"/><T79/><D117/><U29/><E129/><V102/><F118/><W98/><G131/><T91/><D121/><U66/><E18/><V70/><F114/><W126/><G68/><T123/><D123/><U44/><E103/><V99/><REACH who="2" step="1"/><F133/><REACH who="2" ten="250,250,240,250" step="2"/><W62/><G120/><T22/><D127/><U42/><E109/><V41/><F41/><W132/><G126/><T35/><D110/><U65/><E108/><V97/><F97/><W6/><G98/><T80/><D105/><U32/><E107/><V63/><AGARI ba="0,1" hai="12,17,20,37,38,52,57,63,69,70,71,94,99,102" machi="63" ten="30,4000,0" yaku="1,1,0,1,54,1,53,0" doraHai="27" doraHaiUra="23" who="2" fromWho="2" sc="250,-20,250,-10,240,50,250,-10" /><INIT seed="1,0,0,3,1,122" ten="230,240,290,240" oya="1" hai0="7,124,17,92,28,47,26,2,5,30,123,55,33" hai1="44,50,111,66,135,48,11,49,54,113,102,0,69" hai2="133,64,10,56,71,117,12,90,38,32,14,21,36" hai3="119,68,89,27,107,31,88,19,25,73,23,129,127"/><U81/><E102/><V74/><F117/><W75/><G119/><T134/><D92/><U118/><E81/><V99/><F32/><W76/><G107/><T121/><D55/><U15/><E0/><V22/><F74/><W130/><G68/><T132/><D47/><U6/><E118/><V83/><F71/><W115/><G115/><T84/><D84/><U77/><E113/><V60/><F133/><N who="0" m="51306" /><D124/><U103/><E135/><V63/><F36/><W97/><G127/><T9/><D7/><U16/><E77/><V41/><F41/><W24/><G97/><T3/><D3/><U108/><E103/><V67/><F38/><W18/><G76/><T116/><D116/><U72/><E72/><N who="3" m="27722" /><G31/><N who="0" m="19703" /><D17/><N who="3" m="6153" /><G23/><T87/><D87/><U125/><E125/><V37/><F99/><W61/><G61/><T78/><D78/><U95/><E6/><V34/><F37/><W96/><G96/><T65/><D65/><U29/><E29/><AGARI ba="0,0" hai="2,5,9,28,29,30,121,123" m="19703,51306" machi="29" ten="30,3900,0" yaku="20,1,34,2" doraHai="122" who="0" fromWho="1" sc="230,39,240,-39,290,0,240,0" /><INIT seed="2,0,0,2,3,22" ten="269,201,290,240" oya="2" hai0="78,8,104,122,44,60,1,90,114,19,10,61,63" hai1="101,110,84,6,75,12,9,30,41,38,131,88,134" hai2="128,27,54,17,29,97,56,57,51,62,132,113,48" hai3="130,2,92,77,105,21,79,55,50,25,13,74,119"/><V20/><F113/><W71/><G105/><T102/><D114/><U24/><E75/><V66/><F132/><W0/><G71/><T42/><D122/><U18/><E134/><V7/><F128/><W108/><G119/><T124/><D124/><U5/><E131/><V45/><F7/><W47/><G130/><T81/><D90/><U76/><E110/><V115/><F115/><W117/><G117/><T98/><D19/><U93/><E76/><V99/><REACH who="2" step="1"/><F29/><REACH who="2" ten="269,201,280,240" step="2"/><W58/><G108/><T59/><D1/><U121/><E121/><V82/><F82/><W85/><G0/><T70/><D70/><U11/><E101/><V125/><F125/><W86/><G2/><T64/><D10/><U112/><E112/><V4/><F4/><W111/><G111/><T95/><D8/><U94/><E9/><V68/><F68/><W129/><G129/><T35/><D35/><U14/><E5/><V52/><AGARI ba="0,1" hai="17,20,27,45,48,51,52,54,56,57,62,66,97,99" machi="52" ten="20,18000,2" yaku="1,1,0,1,7,1,8,1,52,1,54,1,53,0" doraHai="22" doraHaiUra="67" who="2" fromWho="2" sc="269,-60,201,-60,280,190,240,-60" /><INIT seed="2,1,0,0,0,51" ten="209,141,470,180" oya="2" hai0="26,52,20,74,17,24,35,22,31,27,70,61,102" hai1="46,115,87,13,68,79,119,53,16,85,80,42,107" hai2="15,88,33,127,25,6,28,133,84,34,23,8,32" hai3="69,77,65,21,0,40,116,129,76,103,126,72,66"/><V19/><F127/><W36/><G0/><T29/><D74/><U112/><E119/><V86/><F133/><W132/><G116/><T54/><REACH who="0" step="1"/><D102/><REACH who="0" ten="199,141,470,180" step="2"/><U30/><E115/><V73/><F73/><W83/><G103/><T1/><D1/><U50/><E112/><V18/><F86/><W110/><G72/><T98/><D98/><U90/><E107/><V9/><F84/><W117/><G117/><T125/><D125/><U11/><E68/><V124/><F124/><W49/><G69/><T131/><D131/><U97/><E97/><V114/><F114/><W47/><G129/><T5/><D5/><U122/><E122/><V43/><F43/><W12/><G126/><T3/><D3/><U128/><E128/><V41/><F41/><W55/><G132/><T37/><D37/><U91/><E30/><V38/><F38/><W4/><G40/><T106/><D106/><U63/><E87/><V135/><F135/><W2/><G36/><T121/><D121/><U44/><E44/><V100/><F100/><W109/><G2/><T89/><D89/><U101/><E101/><V7/><F88/><N who="1" m="33833" /><E63/><V57/><F57/><W62/><G62/><T111/><D111/><N who="3" m="42505" /><G4/><N who="2" m="1577" /><F8/><W96/><G96/><T67/><AGARI ba="1,1" hai="17,20,22,24,26,27,29,31,35,52,54,61,67,70" machi="67" ten="30,8000,1" yaku="1,1,0,1,52,2,54,1,53,0" doraHai="51" doraHaiUra="81" who="0" fromWho="0" sc="199,93,141,-21,470,-41,180,-21" /><INIT seed="3,0,0,4,0,15" ten="292,120,429,159" oya="3" hai0="14,64,71,119,65,133,102,55,95,122,86,59,127" hai1="23,129,76,22,98,34,9,81,27,125,2,90,40" hai2="106,68,80,92,108,4,89,61,28,42,130,11,56" hai3="116,104,121,37,135,109,46,114,32,47,41,105,70"/><W83/><RYUUKYOKU type="yao9" ba="0,0" sc="292,0,120,0,429,0,159,0" hai3="32,37,41,46,47,70,83,104,105,109,114,116,121,135" /><INIT seed="3,1,0,1,0,74" ten="292,120,429,159" oya="3" hai0="19,40,23,37,50,96,51,84,10,27,91,120,24" hai1="115,99,45,57,126,28,32,17,7,117,134,105,68" hai2="79,102,110,38,59,124,83,108,12,39,95,111,15" hai3="62,135,80,114,88,13,107,121,48,16,75,56,29"/><W53/><G114/><T123/><D37/><N who="2" m="13834" /><F124/><W85/><G121/><T33/><D96/><U93/><E115/><V44/><F59/><W89/><G135/><T2/><D33/><U64/><E134/><V87/><F44/><W25/><G75/><T94/><D27/><U8/><E126/><V70/><F70/><W1/><G1/><T133/><D133/><U116/><E57/><V0/><F0/><W127/><G107/><T22/><D22/><U43/><E17/><V113/><F113/><W20/><G127/><T72/><D72/><U86/><E86/><V82/><F82/><W65/><G89/><T35/><D35/><U71/><E45/><V101/><F101/><W41/><G41/><T60/><D60/><U3/><E43/><V103/><F103/><W104/><G104/><T73/><D73/><U55/><E55/><V119/><F119/><W4/><G4/><T109/><D109/><U63/><E68/><V26/><F26/><W66/><REACH who="3" step="1"/><G62/><REACH who="3" ten="292,120,429,149" step="2"/><T42/><D123/><U18/><E18/><V67/><F111/><W98/><G98/><T21/><D120/><U78/><E93/><V128/><F110/><W77/><G77/><T9/><D2/><U92/><E78/><V54/><F108/><W81/><G81/><T129/><D42/><U11/><E105/><V6/><F83/><W97/><G97/><T47/><D40/><U5/><E99/><V14/><F6/><N who="1" m="2057" /><E92/><V100/><F79/><W112/><G112/><T49/><D91/><U46/><E3/><V31/><F95/><W69/><G69/><T36/><D94/><U132/><E132/><RYUUKYOKU ba="1,1" sc="292,-10,120,-10,429,-10,149,30" hai3="13,16,20,25,29,48,53,56,65,66,80,85,88" /><INIT seed="3,2,1,1,3,5" ten="282,110,419,179" oya="3" hai0="87,48,44,37,40,8,49,24,80,116,114,71,35" hai1="63,55,33,45,27,47,134,20,117,98,102,86,78" hai2="46,101,73,132,22,124,50,123,60,6,111,57,31" hai3="25,119,90,129,92,26,95,83,16,91,93,76,56"/><W118/><G129/><T104/><D104/><U58/><E134/><V66/><F73/><W21/><G56/><T28/><D71/><U108/><E108/><V36/><F111/><W7/><G7/><T41/><D116/><U115/><E115/><V11/><F124/><W103/><G103/><T128/><D114/><U89/><E33/><V120/><F36/><W29/><G118/><T127/><D127/><U10/><E117/><V70/><F132/><W1/><G1/><T126/><D126/><U3/><E78/><V112/><F101/><W133/><G133/><T82/><D128/><U62/><E62/><V38/><F38/><W68/><G68/><T42/><D37/><U13/><E3/><V131/><F131/><W2/><G2/><T30/><D30/><U17/><E102/><V12/><F70/><W61/><G119/><T97/><D97/><U110/><E110/><V125/><F125/><W0/><G0/><T109/><D82/><U107/><E107/><V4/><F4/><W105/><G105/><T113/><D113/><U54/><E54/><N who="2" m="30039" /><F112/><W99/><G91/><T94/><D109/><U53/><E53/><V130/><F130/><W14/><G26/><T121/><D121/><U64/><E64/><V39/><F39/><W15/><G15/><T74/><D24/><U69/><E69/><V84/><F123/><W34/><G61/><T96/><D48/><U32/><E32/><V9/><F60/><W122/><G122/><T23/><D49/><U65/><E65/><V85/><F66/><W18/><G34/><T19/><D35/><U79/><E63/><RYUUKYOKU ba="2,1" sc="282,0,110,0,419,0,179,0" owari="282,8.2,110,-39.0,429,52.9,179,-22.1" /></mjloggm>