<mjloggm ver="2.3"><GO type="225" lobby="0"/><UN n0="%E3%81%99%E3%81%84%E3%81%BE%E3%81%9B%E3%83%BC%E3%82%93" n1="%E5%B0%8F%E9%B3%A5%E9%81%8A%E7%B7%B4%E7%84%A1%32%31%E6%AD%B3" n2="%E3%81%86%E3%82%8C%E3%81%9F%E3%82%93%E6%9E%95" n3="%E3%83%A9%E3%82%B9%E7%8E%87%EF%BC%93%E5%89%B2" dan="16,16,16,16" rate="2207.62,2171.44,2112.82,2166.13" sx="M,F,F,F"/><TAIKYOKU oya="0"/><INIT seed="0,0,0,0,1,131" ten="250,250,250,250" oya="0" hai0="50,72,21,39,74,126,56,116,8,101,22,55,129" hai1="6,134,37,62,100,110,25,20,38,84,53,106,73" hai2="4,49,17,70,31,59,121,10,104,5,13,44,67" hai3="124,117,23,42,75,91,32,52,40,54,94,89,81"/><T60/><D116/><U99/><E73/><V92/><F121/><W113/><G32/><T27/><D39/><U65/><E110/><V68/><F104/><W102/><G113/><T69/><D129/><U115/><E115/><V130/><F130/><W47/><G117/><T118/><D118/><U93/><E6/><V9/><F31/><W79/><G124/><T18/><D126/><U87/><E106/><V3/><F59/><W86/><G23/><T128/><D128/><U103/><E103/><V48/><F48/><W76/><G102/><T71/><D101/><U66/><E134/><V57/><F17/><W14/><G14/><T58/><D8/><U122/><E122/><V36/><F36/><W109/><G109/><T61/><D50/><U19/><E37/><V107/><F107/><W11/><G11/><T78/><D22/><U105/><E38/><V26/><F26/><W123/><G123/><T29/><D29/><U51/><E105/><V28/><F28/><W119/><G119/><T24/><D24/><U114/><E114/><V46/><F92/><W63/><G75/><T35/><D35/><U7/><E7/><V34/><F34/><W111/><G111/><T0/><D0/><U43/><E43/><N who="3" m="16426" /><G47/><N who="2" m="17961" /><F49/><W45/><G45/><T108/><D108/><U1/><E1/><V112/><F112/><W33/><G33/><T30/><D30/><U95/><E51/><V16/><F4/><W82/><G63/><T133/><D74/><U83/><E93/><V64/><F57/><W120/><G120/><T90/><D72/><U77/><E87/><V125/><F125/><RYUUKYOKU ba="0,0" sc="250,-15,250,15,250,15,250,-15" hai1="19,20,25,53,62,65,66,77,83,84,95,99,100" hai2="3,5,9,10,13,16,64,67,68,70" /><INIT seed="1,1,0,1,1,112" ten="235,265,265,235" oya="1" hai0="103,111,59,98,2,18,8,53,1,104,48,113,61" hai1="83,125,86,130,89,79,93,29,24,109,19,101,126" hai2="60,27,116,68,57,88,49,77,87,35,9,4,80" hai3="65,107,14,91,22,81,127,70,44,135,110,10,54"/><U6/><E6/><V62/><F116/><W94/><G107/><T96/><D113/><U71/><E71/><V69/><F62/><W56/><G110/><T78/><D111/><U119/><E19/><V5/><F5/><W108/><G108/><T23/><D78/><U75/><E109/><V84/><F49/><W115/><G115/><T20/><D98/><U95/><E130/><V43/><F43/><W13/><G135/><T39/><D39/><U26/><E26/><V3/><F27/><W11/><G127/><N who="1" m="48650" /><E24/><V72/><F35/><W106/><G106/><T124/><D124/><U55/><E55/><V50/><F50/><W90/><G22/><T76/><D76/><U122/><E29/><V17/><F17/><N who="3" m="8375" /><G70/><T7/><D1/><U0/><E0/><V12/><F3/><W97/><G44/><T37/><D37/><U52/><E52/><V132/><F132/><W25/><G25/><T114/><D114/><U38/><E122/><V67/><REACH who="2" step="1"/><F72/><REACH who="2" ten="235,265,255,235" step="2"/><W16/><G65/><T92/><D18/><U131/><E38/><V30/><F30/><W117/><G16/><T74/><D74/><U129/><E119/><V15/><F15/><W85/><G117/><T28/><D28/><U36/><E36/><V34/><F34/><W123/><G123/><T128/><D128/><N who="1" m="49227" /><E101/><V41/><F41/><W42/><G42/><T21/><D48/><U32/><E32/><V133/><F133/><W134/><G134/><T63/><D63/><U66/><E66/><V45/><F45/><W40/><G40/><T31/><D31/><U47/><E47/><V102/><F102/><RYUUKYOKU ba="1,1" sc="235,10,265,10,255,10,235,-30" hai0="2,7,8,20,21,23,53,59,61,92,96,103,104" hai1="75,79,83,86,89,93,95" hai2="4,9,12,57,60,67,68,69,77,80,84,87,88" /><INIT seed="1,2,1,3,0,21" ten="245,275,265,205" oya="1" hai0="98,39,91,90,42,4,121,0,129,73,53,102,27" hai1="77,110,122,88,2,72,8,96,23,113,84,40,126" hai2="5,66,117,101,93,3,131,32,41,70,109,95,133" hai3="52,82,12,114,99,19,22,103,97,47,107,87,18"/><U44/><E113/><V45/><F117/><W14/><G114/><T54/><D73/><U6/><E122/><V36/><F131/><W92/><G107/><T74/><D74/><U58/><E126/><V1/><F109/><W116/><G116/><T125/><D129/><U119/><E119/><V61/><F133/><W118/><G118/><T68/><D68/><U35/><E35/><V132/><F132/><W50/><G99/><T51/><D125/><U89/><E110/><V38/><F38/><W24/><REACH who="3" step="1"/><G19/><REACH who="3" ten="245,275,265,195" step="2"/><T94/><D98/><U67/><E96/><V130/><F130/><W31/><G31/><T20/><D121/><U34/><E34/><V81/><F32/><W64/><G64/><T127/><D127/><U78/><E67/><V111/><F111/><W63/><G63/><T16/><D16/><U123/><E123/><V7/><F101/><W76/><AGARI ba="2,2" hai="12,14,18,22,24,47,50,52,76,82,87,92,97,103" machi="76" ten="20,12000,2" yaku="1,1,0,1,7,1,8,1,52,1,54,1,53,0" doraHai="21" doraHaiUra="106" who="3" fromWho="3" sc="245,-32,275,-62,265,-32,195,146" /><INIT seed="2,0,0,4,2,89" ten="213,213,233,341" oya="2" hai0="96,7,54,34,111,71,50,135,80,46,132,24,6" hai1="31,14,77,13,95,93,2,1,18,87,59,129,110" hai2="56,73,16,25,76,109,43,37,70,48,101,79,124" hai3="39,12,122,91,69,19,4,45,115,20,0,21,120"/><V35/><F124/><W8/><G69/><T62/><D111/><U114/><E114/><V3/><F70/><W52/><G115/><T41/><D80/><N who="1" m="47503" /><E1/><V27/><F109/><W105/><G105/><T104/><D34/><U86/><E2/><V133/><F133/><N who="0" m="51274" /><D24/><U127/><E110/><V9/><F37/><W116/><G116/><T57/><D71/><U30/><E129/><V42/><F101/><AGARI ba="0,0" hai="6,7,41,46,50,54,57,62,96,101,104" m="51274" machi="101" ten="30,1000,0" yaku="20,1" doraHai="89" who="0" fromWho="2" sc="213,10,213,0,233,-10,341,0" /><INIT seed="3,0,0,2,4,7" ten="223,213,223,341" oya="3" hai0="53,55,113,0,97,73,107,83,35,47,103,38,45" hai1="37,105,3,106,69,25,95,11,80,54,119,28,20" hai2="90,124,126,61,81,22,72,32,33,104,64,127,40" hai3="4,134,77,118,50,9,79,31,68,75,82,131,27"/><W123/><G68/><T66/><D35/><N who="2" m="13386" /><F104/><W91/><G123/><T67/><D0/><U130/><E69/><N who="2" m="42127" /><F40/><W100/><G131/><T88/><D113/><U101/><E130/><V46/><F46/><W39/><G134/><T116/><D116/><U14/><E119/><V102/><F22/><W60/><G39/><T78/><D88/><U43/><E54/><V120/><F120/><W92/><G100/><T129/><D129/><U94/><E3/><V93/><F102/><W8/><G79/><T87/><D87/><U51/><E37/><V115/><F115/><W30/><G30/><T49/><D38/><U133/><E133/><V86/><F72/><W15/><G50/><AGARI ba="0,0" hai="45,47,49,50,53,55,66,67,73,78,83,97,103,107" machi="50" ten="40,1300,0" yaku="9,1" doraHai="7" who="0" fromWho="3" sc="223,13,213,0,223,0,341,-13" owari="236,3.6,213,-28.7,223,-17.7,328,42.8" /></mjloggm>