<mjloggm ver="2.3"><GO type="225" lobby="0"/><UN n0="%4B%2E%32%2E%4B%2E" n1="%E3%81%86%E3%83%BC%E3%81%B1%E3%83%BC" n2="%E5%8F%AF%E5%85%90%E9%82%A3%E7%94%B1%E5%A4%9A" n3="%E8%81%B7%E6%A5%AD%E3%80%81%E9%A2%A8%32" dan="16,16,16,16" rate="2141.19,2183.58,2159.31,2155.66" sx="M,F,F,M"/><TAIKYOKU oya="0"/><INIT seed="0,0,0,0,1,10" ten="250,250,250,250" oya="0" hai0="120,45,130,83,34,103,26,78,105,18,107,48,43" hai1="31,36,74,5,123,72,124,75,14,97,134,101,8" hai2="65,62,6,24,39,23,29,20,89,133,58,109,30" hai3="40,132,33,108,59,55,126,12,11,106,104,99,129"/><T35/><D120/><U127/><E36/><V90/><F109/><W66/><G108/><T46/><D130/><U135/><E31/><V131/><F131/><W69/><G33/><T37/><D35/><U87/><E87/><V22/><F133/><W110/><G110/><T92/><D92/><U122/><E122/><V82/><F39/><W17/><G129/><T77/><D77/><U80/><E80/><V50/><F6/><W86/><G126/><N who="1" m="48170" /><E123/><V84/><F30/><W112/><G132/><N who="1" m="50730" /><E74/><V54/><REACH who="2" step="1"/><F90/><REACH who="2" ten="250,250,240,250" step="2"/><W114/><G112/><T98/><D37/><U119/><E119/><V88/><F88/><W115/><G114/><T13/><D34/><U76/><E76/><V53/><F53/><W25/><G55/><T61/><D78/><U2/><E2/><V68/><AGARI ba="0,1" hai="20,22,23,24,29,50,54,58,62,65,68,82,84,89" machi="68" ten="20,2700,0" yaku="1,1,0,1,7,1,53,0" doraHai="10" doraHaiUra="111" who="2" fromWho="2" sc="250,-13,250,-7,240,37,250,-7" /><INIT seed="1,0,0,2,1,32" ten="237,243,277,243" oya="1" hai0="36,20,42,19,54,73,70,31,1,134,83,3,8" hai1="86,72,17,131,10,61,27,92,94,25,98,5,117" hai2="48,26,132,118,89,77,88,115,49,44,135,116,97" hai3="11,62,82,121,99,75,133,22,39,80,37,63,45"/><U30/><E72/><V69/><F69/><W43/><G133/><N who="2" m="51273" /><F115/><W28/><G121/><T58/><D70/><U104/><E117/><N who="2" m="45163" /><F77/><W129/><G129/><T127/><D134/><U66/><E131/><V16/><F97/><W47/><G99/><T84/><D8/><U85/><E104/><V59/><F59/><W34/><G11/><T52/><D31/><U95/><E98/><V111/><F111/><W101/><G34/><T60/><D127/><U38/><E38/><V14/><F26/><W108/><G108/><T56/><D73/><U79/><E79/><V120/><F120/><W71/><G101/><T29/><D29/><U76/><E76/><V114/><F114/><W125/><G75/><T106/><D106/><U102/><E102/><V113/><F113/><W15/><G71/><T24/><D36/><U90/><E30/><V12/><F12/><W96/><G96/><T40/><D40/><U57/><E27/><V122/><F122/><W2/><G28/><T50/><D42/><U103/><E103/><V41/><F49/><W126/><G15/><T68/><D68/><U65/><E86/><V55/><F41/><W53/><G43/><T87/><D87/><U130/><E130/><V109/><F109/><W33/><G33/><T105/><D105/><U13/><E66/><V46/><F46/><W21/><REACH who="3" step="1"/><G53/><REACH who="3" ten="237,243,277,233" step="2"/><T91/><AGARI ba="0,1" hai="1,3,19,20,24,50,52,54,56,58,60,83,84,91" machi="91" ten="20,8000,1" yaku="0,1,7,1,52,2,54,1" doraHai="32" who="0" fromWho="0" sc="237,90,243,-40,277,-20,233,-20" /><INIT seed="2,0,0,3,0,15" ten="327,203,257,213" oya="2" hai0="90,45,133,107,54,80,16,110,87,109,76,6,111" hai1="20,64,32,135,114,97,84,0,41,122,52,116,130" hai2="27,9,83,100,85,24,10,123,62,101,42,60,96" hai3="104,132,35,112,121,73,74,119,75,46,33,126,86"/><V28/><F123/><W48/><G121/><T44/><D133/><U29/><E122/><V77/><F42/><W3/><G3/><T134/><D134/><U78/><E116/><V129/><F129/><W105/><G132/><T103/><D6/><U94/><E0/><V31/><F96/><W40/><G119/><T23/><D54/><U26/><E114/><V108/><F108/><W4/><G112/><T70/><D70/><U81/><E135/><V49/><F49/><W99/><G126/><T21/><D21/><U57/><E130/><V39/><F39/><W34/><G4/><T127/><D127/><U113/><E113/><V63/><F24/><W2/><G2/><T120/><D76/><U38/><E64/><V58/><F58/><W51/><G86/><T11/><D11/><N who="2" m="4106" /><F27/><W18/><G99/><N who="0" m="61951" /><D120/><U53/><E57/><V89/><F77/><W12/><REACH who="3" step="1"/><G51/><REACH who="3" ten="327,203,257,203" step="2"/><T17/><D111/><U72/><E84/><V117/><F117/><W50/><G50/><T124/><D124/><U93/><E38/><V65/><F65/><W98/><G98/><T71/><D110/><U69/><E97/><V88/><F89/><W106/><G106/><T19/><D109/><U102/><E41/><V92/><F92/><W128/><G128/><T14/><D90/><U59/><E94/><V5/><F5/><W66/><G66/><T118/><D118/><U1/><E93/><V37/><F37/><W67/><G67/><T115/><D115/><U55/><E1/><V91/><F91/><W56/><G56/><T61/><D71/><U47/><E69/><V8/><F88/><RYUUKYOKU ba="0,1" sc="327,-10,203,-10,257,-10,203,30" hai3="12,18,33,34,35,40,46,48,73,74,75,104,105" /><INIT seed="3,1,1,3,3,68" ten="317,193,247,233" oya="3" hai0="23,8,18,125,30,0,111,87,81,55,38,99,36" hai1="78,76,113,15,110,128,51,131,132,37,33,98,62" hai2="71,13,118,92,53,21,67,109,54,6,117,46,3" hai3="121,35,1,63,116,101,24,122,14,4,104,64,56"/><W52/><G116/><T20/><D111/><U114/><E33/><V60/><F3/><W93/><G1/><T39/><D125/><U7/><E62/><V96/><F109/><W65/><G104/><T89/><D55/><U12/><E51/><V107/><F107/><W112/><G112/><T19/><D99/><U42/><E110/><V77/><F77/><W75/><G75/><T80/><D80/><U82/><E98/><V17/><F6/><W115/><G115/><T47/><D47/><N who="1" m="24015" /><E78/><V69/><F69/><W48/><G101/><T123/><D123/><U100/><E100/><V83/><F83/><W84/><G121/><T45/><D45/><U129/><E132/><V127/><F127/><W108/><G122/><T40/><D40/><U29/><E29/><V66/><F66/><W79/><G35/><T91/><D91/><U74/><E12/><V103/><F54/><W124/><G124/><T73/><D73/><U97/><E97/><V50/><AGARI ba="1,1" hai="13,17,21,46,50,53,60,67,71,92,96,103,117,118" machi="50" ten="30,1100,0" yaku="0,1" doraHai="68" who="2" fromWho="2" sc="317,-4,193,-4,247,24,233,-6" owari="313,41.3,189,-31.1,271,7.1,227,-17.3" /></mjloggm>