<mjloggm ver="2.3"><GO type="225" lobby="0"/><UN n0="%E3%81%B2%E3%81%AA%E3%81%AE%E3%82%8A%E3%81%8F" n1="%48%61%61%61%6C%61%6E%64" n2="%72%69%6F%75%63%68%61%6E" n3="%43%68%65" dan="16,17,17,16" rate="2142.50,2168.81,2234.71,2133.64" sx="M,M,M,M"/><TAIKYOKU oya="0"/><INIT seed="0,0,0,4,3,48" ten="250,250,250,250" oya="0" hai0="12,69,3,107,58,53,120,99,95,33,135,100,38" hai1="35,63,102,23,93,51,108,24,57,42,7,46,119" hai2="96,28,76,131,31,4,43,81,132,127,125,79,8" hai3="68,5,85,88,105,37,106,78,29,30,15,133,44"/><T21/><D3/><U41/><E119/><V84/><F131/><W40/><G68/><T115/><D115/><U130/><E130/><V117/><F132/><W72/><G133/><T25/><D120/><U59/><E35/><V39/><F117/><W113/><G113/><T60/><D38/><U36/><E108/><V22/><F76/><W0/><G15/><T27/><D135/><U89/><E7/><V55/><F96/><W16/><G16/><T80/><D69/><U13/><E13/><V18/><F55/><W17/><G17/><T74/><D33/><U86/><E102/><V98/><F98/><W101/><G101/><T9/><D21/><U103/><E103/><V124/><F43/><W11/><G106/><T71/><D71/><U67/><E36/><V56/><F56/><W47/><G47/><T90/><D80/><U54/><REACH who="1" step="1"/><E46/><REACH who="1" ten="250,240,250,250" step="2"/><V97/><F39/><W112/><G112/><T91/><D74/><U110/><E110/><V19/><F97/><W65/><G105/><T62/><D107/><U104/><E104/><V1/><F22/><W6/><G6/><N who="0" m="3127" /><D100/><U61/><E61/><V92/><F127/><W83/><G65/><T2/><D2/><U20/><E20/><V122/><F125/><W75/><G75/><T114/><D114/><U49/><E49/><V128/><F124/><W50/><G50/><N who="0" m="31031" /><D91/><U70/><E70/><V77/><F128/><W116/><G116/><T121/><D121/><U109/><E109/><V52/><F122/><W82/><AGARI ba="0,1" hai="0,5,11,29,30,37,40,44,72,78,82,83,85,88" machi="82" ten="20,8000,1" yaku="0,1,7,1,25,2,54,1" doraHai="48" who="3" fromWho="3" sc="250,-40,240,-20,250,-20,250,90" /><INIT seed="1,0,0,3,5,91" ten="210,220,230,340" oya="1" hai0="68,65,8,0,54,130,83,15,47,72,111,17,30" hai1="127,80,75,122,105,31,113,94,44,112,87,1,114" hai2="101,116,124,95,36,41,131,20,76,51,43,81,77" hai3="97,104,38,119,12,120,134,28,62,39,96,85,82"/><U46/><E122/><V133/><F116/><W70/><G120/><T88/><D111/><U21/><E105/><V126/><F131/><W22/><G119/><T123/><D123/><U128/><E128/><V33/><F133/><W100/><G134/><T6/><D130/><U37/><E127/><N who="2" m="48683" /><F33/><W93/><G70/><T86/><D30/><U125/><E125/><V26/><F36/><W49/><G62/><T98/><D72/><U29/><E1/><V56/><F56/><W58/><G49/><N who="0" m="28991" /><D98/><U109/><E109/><V27/><F27/><W25/><G58/><T71/><D65/><U132/><E132/><V55/><F76/><W19/><G97/><T117/><D117/><U7/><E37/><V118/><F118/><W61/><G61/><T23/><D0/><U32/><E32/><V50/><F95/><W57/><G57/><T110/><D110/><U9/><E113/><V59/><F101/><W45/><G45/><T35/><D35/><U34/><E112/><V74/><F50/><W4/><G4/><T14/><D71/><U103/><E114/><V24/><F24/><W135/><G135/><T3/><D68/><U129/><E129/><V99/><F99/><W115/><G115/><T66/><D66/><U42/><E44/><V78/><F78/><W40/><G104/><T84/><D3/><U48/><E46/><V106/><F106/><W10/><G40/><T89/><D86/><U52/><E87/><V69/><F69/><W18/><G28/><AGARI ba="0,0" hai="20,26,28,41,43,51,55,59,74,77,81" m="48683" machi="28" ten="30,1000,0" yaku="18,1" doraHai="91" who="2" fromWho="3" sc="210,0,220,0,230,10,340,-10" /><INIT seed="2,0,0,5,2,107" ten="210,220,240,330" oya="2" hai0="126,38,130,87,77,72,0,103,89,61,53,47,122" hai1="114,131,63,45,14,123,7,99,85,116,22,36,8" hai2="15,23,125,64,80,120,41,111,57,39,6,96,91" hai3="106,18,90,49,4,43,134,3,100,1,118,119,73"/><V109/><F125/><W44/><G73/><T17/><D122/><U13/><E114/><V108/><F120/><W95/><G134/><T29/><D0/><U69/><E123/><V42/><F39/><W102/><G106/><T67/><D103/><U60/><E116/><V46/><F46/><W104/><G104/><T105/><D105/><U121/><E99/><V26/><F64/><W79/><G79/><T54/><D126/><U78/><E69/><V52/><F15/><W21/><G119/><T129/><D29/><U12/><E131/><N who="0" m="50185" /><D17/><N who="1" m="10535" /><E36/><V74/><F6/><W16/><G118/><T135/><D135/><U25/><E121/><V33/><F33/><W128/><G128/><T93/><D38/><U24/><E13/><V84/><F96/><W110/><G3/><T31/><D31/><U27/><E45/><V98/><F98/><W94/><G4/><T2/><D47/><U88/><E78/><N who="2" m="44119" /><F84/><W37/><G1/><T35/><D35/><U68/><E68/><V30/><F91/><W86/><G37/><T40/><D40/><U113/><E113/><V58/><F58/><W50/><G50/><AGARI ba="0,0" hai="23,26,30,41,42,50,52,57,108,109,111" m="44119" machi="50" ten="30,11600,0" yaku="14,1,10,1,52,1,54,1" doraHai="107" who="2" fromWho="3" sc="210,0,220,0,240,116,330,-116" /><INIT seed="2,1,0,5,3,37" ten="210,220,356,214" oya="2" hai0="62,132,10,129,2,124,9,96,71,57,40,86,68" hai1="24,84,122,58,117,59,113,74,99,134,115,5,38" hai2="89,6,118,67,81,14,126,128,21,63,69,109,29" hai3="45,33,18,135,48,44,121,95,42,88,91,70,46"/><V51/><F118/><W47/><G121/><T112/><D112/><U49/><E74/><V79/><F126/><W102/><G70/><T116/><D124/><U108/><E117/><V43/><F128/><W104/><G33/><T41/><D116/><U66/><E38/><V7/><F109/><W53/><G135/><T101/><D132/><U32/><E134/><V125/><F125/><W82/><G104/><T36/><D129/><U119/><E119/><V35/><F35/><W25/><G102/><T30/><D30/><U55/><E108/><V1/><F1/><W72/><G72/><T90/><D68/><U85/><E5/><V93/><F14/><W28/><G28/><T76/><D76/><U16/><E122/><V0/><F0/><W80/><G53/><T4/><D36/><U8/><E99/><V78/><F78/><W64/><G64/><T120/><D10/><U110/><E110/><V31/><F31/><W17/><G91/><T130/><D71/><U20/><E32/><V77/><F77/><W39/><G39/><T111/><D111/><U11/><E113/><V131/><F131/><W52/><G52/><N who="0" m="34087" /><D120/><U13/><E115/><V60/><F69/><W22/><G18/><T114/><D114/><U56/><E8/><V107/><F29/><W61/><G61/><T98/><D130/><U73/><E73/><V97/><F60/><W105/><G105/><N who="0" m="63655" /><D98/><AGARI ba="1,0" hai="17,22,25,42,44,45,46,47,48,80,82,88,95,98" machi="98" ten="40,5200,0" yaku="8,1,52,1,54,1" doraHai="37" who="3" fromWho="0" sc="210,-55,220,0,356,0,214,55" /><INIT seed="3,0,0,2,5,129" ten="155,220,356,269" oya="3" hai0="87,6,68,34,55,85,13,118,67,7,5,46,54" hai1="25,135,16,29,43,134,65,17,76,90,66,132,64" hai2="112,70,94,56,106,23,22,14,15,30,124,100,103" hai3="21,51,89,121,38,123,20,84,41,49,58,111,78"/><W93/><G38/><T50/><D118/><U125/><E125/><V115/><F70/><W92/><G111/><T33/><D68/><U19/><E76/><V83/><F106/><W133/><G78/><T47/><D67/><U26/><E43/><V71/><F71/><W9/><G9/><T120/><D120/><U52/><E29/><V97/><F124/><W11/><G11/><T96/><D96/><U72/><E72/><V61/><F103/><W82/><G123/><T131/><D13/><N who="2" m="4618" /><F115/><W57/><G121/><T10/><D10/><U88/><E52/><N who="2" m="33927" /><F112/><W81/><G41/><T102/><D102/><U39/><E39/><V35/><F35/><W109/><G109/><T75/><D75/><U37/><E37/><V127/><F127/><W31/><G89/><AGARI ba="0,0" hai="16,17,19,25,26,64,65,66,88,89,90,132,134,135" machi="89" ten="50,16000,3" yaku="29,2,28,2,20,1,52,3,54,2" doraHai="129" who="1" fromWho="3" sc="155,0,220,160,356,0,269,-160" owari="155,-24.5,380,48.0,356,15.6,109,-39.1" /></mjloggm>