<mjloggm ver="2.3"><GO type="225" lobby="0"/><UN n0="%6D%75%75%73%61%6E%6D%75" n1="%E3%81%BF%E3%81%BF%E3%81%9A" n2="%E3%81%8B%E3%82%8F%E3%81%A1%E3%82%83%E3%82%93%35%38" n3="%E3%81%9F%E3%81%8C%E3%82%84%E3%81%99" dan="16,17,16,17" rate="2097.21,2278.61,2148.15,2177.96" sx="F,M,M,M"/><TAIKYOKU oya="0"/><INIT seed="0,0,0,4,4,114" ten="250,250,250,250" oya="0" hai0="103,113,94,47,70,109,4,85,108,65,68,46,126" hai1="49,38,26,131,119,105,67,104,115,58,129,63,55" hai2="128,84,27,88,32,56,15,61,45,99,64,6,107" hai3="52,40,72,24,74,100,57,9,93,80,22,132,123"/><T43/><D113/><U33/><E115/><V122/><F122/><W95/><G40/><T54/><D126/><U81/><E38/><V53/><F128/><N who="1" m="49225" /><E81/><V19/><F6/><W121/><G9/><T50/><D4/><U79/><E79/><V86/><F32/><W12/><G12/><T83/><D94/><N who="3" m="35849" /><G80/><T73/><D103/><U111/><E111/><N who="0" m="42569" /><D65/><U116/><E26/><V87/><F27/><W44/><G44/><T5/><D5/><U78/><E78/><V21/><F107/><N who="1" m="41033" /><E33/><V69/><F99/><W98/><G98/><T2/><D2/><U97/><E97/><V8/><F8/><W71/><G100/><T20/><D73/><U18/><E18/><V35/><F35/><W0/><G0/><T16/><D85/><U1/><E1/><V124/><F124/><W76/><G72/><T75/><D83/><U23/><E23/><V101/><F101/><W133/><G74/><T10/><D10/><U125/><E125/><V134/><F86/><W110/><G110/><T82/><D82/><U29/><E29/><V118/><F87/><W25/><G76/><T30/><D30/><U48/><E48/><V90/><F84/><W112/><G112/><T7/><D7/><U127/><E127/><V135/><F21/><W60/><G25/><N who="0" m="14471" /><D75/><U96/><E96/><V13/><F13/><W130/><G130/><T51/><AGARI ba="0,0" hai="43,46,47,50,51,54,68,70" m="14471,42569" machi="51" ten="30,6000,0" yaku="14,1,10,1,54,1" doraHai="114" who="0" fromWho="0" sc="250,60,250,-20,250,-20,250,-20" /><INIT seed="0,1,0,4,4,4" ten="310,230,230,230" oya="0" hai0="73,2,129,31,77,61,59,42,20,115,50,82,134" hai1="108,118,123,130,63,18,89,97,106,64,92,14,126" hai2="69,85,24,45,111,103,26,114,41,93,56,23,22" hai3="117,1,8,55,34,3,112,10,67,27,86,13,21"/><T17/><D115/><U28/><E118/><V66/><F69/><W125/><G67/><T87/><D129/><U107/><E123/><V15/><F111/><W39/><G39/><T46/><D134/><U7/><E108/><V11/><F114/><W122/><G112/><T70/><D2/><N who="3" m="521" /><G55/><T5/><D5/><U33/><E7/><V110/><F110/><W120/><G86/><T36/><D31/><U102/><E126/><V71/><F71/><W29/><G117/><T48/><D70/><U62/><E130/><V0/><F0/><W94/><G94/><T78/><D78/><U91/><E107/><V124/><F124/><W84/><G84/><T113/><D73/><U81/><E81/><V35/><F35/><W88/><G88/><T127/><D113/><U30/><E62/><N who="2" m="38215" /><F45/><W128/><G128/><T72/><D72/><U100/><E100/><V135/><F41/><W44/><G44/><T60/><D60/><U25/><E30/><V53/><F53/><W16/><G125/><T32/><D127/><U58/><REACH who="1" step="1"/><E106/><REACH who="1" ten="310,220,230,230" step="2"/><V47/><F103/><W116/><G116/><T43/><D61/><U65/><E65/><V49/><F135/><W104/><G104/><T52/><D82/><U80/><E80/><V75/><F75/><W90/><G90/><T51/><D77/><U19/><E19/><N who="2" m="8703" /><F93/><W105/><G105/><T12/><D17/><U121/><E121/><AGARI ba="1,1" hai="8,10,13,16,21,27,29,34,120,121,122" m="521" machi="121" ten="30,12000,2" yaku="13,1,34,2,52,2,54,1" doraHai="4" who="3" fromWho="1" sc="310,0,220,-123,230,0,230,133" /><INIT seed="1,0,0,4,1,124" ten="310,97,230,363" oya="1" hai0="76,19,116,35,100,102,58,3,106,2,109,118,94" hai1="98,40,52,27,1,69,36,73,135,29,57,12,44" hai2="74,99,78,111,68,55,51,115,53,125,121,113,4" hai3="6,65,22,18,122,34,84,28,11,30,119,10,79"/><U8/><E73/><V92/><F121/><W39/><G39/><T134/><D35/><U7/><E135/><V130/><F68/><W9/><G122/><T50/><D106/><U24/><E69/><V91/><F4/><W47/><G34/><T17/><D134/><U33/><E24/><V71/><F71/><W96/><G119/><T108/><D76/><U25/><E25/><V85/><F53/><W80/><G65/><T32/><D32/><U56/><E98/><V110/><F55/><W72/><G72/><T75/><D50/><U48/><REACH who="1" step="1"/><E1/><REACH who="1" ten="310,87,230,363" step="2"/><V123/><F123/><W66/><G96/><T77/><D75/><U114/><E114/><V90/><F115/><W15/><G6/><T112/><D112/><U0/><E0/><V59/><F113/><W23/><G84/><T127/><D2/><U63/><E63/><V82/><F74/><W89/><G30/><T107/><D3/><U20/><E20/><V37/><F99/><W117/><G23/><T86/><D86/><U129/><E129/><V101/><F85/><N who="3" m="48287" /><G28/><T81/><D116/><U16/><E16/><V60/><F130/><W131/><G117/><T49/><D118/><U97/><E97/><V105/><F60/><W41/><G131/><T43/><D19/><U133/><E133/><V95/><F105/><W128/><G128/><T132/><D132/><U21/><E21/><V42/><F42/><W14/><G22/><T62/><D107/><U87/><E87/><V70/><F70/><W126/><G41/><T26/><D43/><U103/><E103/><V83/><F101/><W61/><G61/><RYUUKYOKU ba="0,1" sc="310,-10,87,30,230,-10,363,-10" hai1="7,8,12,27,29,33,36,40,44,48,52,56,57" /><INIT seed="1,1,1,4,3,3" ten="300,117,220,353" oya="1" hai0="14,51,49,30,35,47,4,107,27,32,124,39,120" hai1="2,57,38,83,33,41,131,112,23,110,85,19,106" hai2="46,111,77,26,13,24,91,31,17,108,60,42,65" hai3="76,123,0,53,37,133,89,78,114,28,71,95,119"/><U93/><E112/><V52/><F77/><W69/><G37/><T80/><D107/><U88/><E106/><V34/><F91/><W62/><G123/><T73/><D120/><U55/><E33/><V135/><F26/><W81/><G78/><T12/><D124/><U67/><E131/><V61/><F135/><W102/><G102/><T98/><D35/><U122/><E122/><V64/><F61/><W100/><G100/><T125/><D125/><U94/><E67/><V118/><F118/><W72/><G0/><T79/><D98/><U66/><E66/><V128/><F128/><W1/><G1/><T5/><D39/><U68/><E68/><V74/><F74/><W134/><G28/><T22/><D49/><U58/><E2/><V99/><F99/><N who="3" m="57839" /><G114/><T104/><D104/><U40/><E110/><N who="2" m="42027" /><F52/><W70/><G53/><T103/><D103/><U84/><E38/><N who="2" m="21847" /><F60/><W126/><G126/><T29/><D29/><U132/><E132/><N who="3" m="50794" /><G119/><T96/><D96/><U63/><E58/><V97/><F97/><W127/><G127/><T20/><D32/><U56/><E57/><V36/><F36/><W101/><G101/><T8/><D30/><U21/><E94/><V109/><N who="2" m="42035" /><V15/><DORA hai="11" /><F15/><W121/><G121/><T9/><D27/><U113/><E113/><V115/><F115/><W18/><G62/><T130/><D130/><U25/><REACH who="1" step="1"/><E23/><AGARI ba="1,1" hai="13,17,23,24,31,34,64,65" m="21847,42035" machi="23" ten="40,2600,0" yaku="14,1,52,1" doraHai="3,11" who="2" fromWho="1" sc="300,0,117,-29,220,39,353,0" /><INIT seed="2,0,0,5,4,8" ten="300,88,259,353" oya="2" hai0="120,135,11,101,88,126,103,17,81,90,79,35,75" hai1="70,78,109,130,121,5,39,14,23,50,26,76,63" hai2="31,21,33,58,53,9,44,118,61,122,66,132,2" hai3="6,107,125,51,89,97,124,98,38,123,65,36,48"/><V128/><F122/><W100/><G6/><T96/><D120/><U37/><E121/><V104/><F118/><W111/><G123/><T113/><D35/><U87/><E130/><V92/><F104/><W95/><G65/><T40/><D113/><U60/><E109/><V20/><F128/><W106/><G111/><T52/><D40/><U30/><E50/><N who="3" m="18986" /><G106/><T72/><D126/><AGARI ba="0,0" hai="36,38,89,95,97,98,100,107,124,125,126" m="18986" machi="126" ten="30,1000,0" yaku="18,1" doraHai="8" who="3" fromWho="0" sc="300,-10,88,0,259,0,353,10" /><INIT seed="3,0,0,5,5,13" ten="290,88,259,363" oya="3" hai0="49,42,27,11,96,100,125,84,113,35,77,93,68" hai1="1,85,118,104,95,92,80,72,24,117,0,19,3" hai2="67,90,119,87,47,133,6,12,60,89,55,114,98" hai3="103,21,88,31,79,66,135,123,51,41,30,56,131"/><W4/><G103/><T99/><D68/><U23/><E104/><V94/><F133/><W70/><G70/><T40/><D125/><U129/><E129/><V75/><F114/><W53/><G123/><T32/><D113/><U130/><E130/><V45/><F75/><W34/><G34/><T63/><D63/><U110/><E110/><V109/><F119/><W5/><G79/><T37/><D37/><U71/><E71/><V132/><F132/><W83/><G131/><T115/><D115/><U107/><E107/><V16/><F6/><N who="3" m="2667" /><G135/><T46/><D40/><U17/><E72/><V52/><F109/><W122/><G122/><T50/><D11/><U76/><E23/><N who="2" m="11655" /><F67/><W128/><G128/><T43/><D35/><U81/><E24/><V25/><F25/><W65/><G41/><T15/><D15/><U39/><E39/><V48/><F60/><W124/><G124/><T8/><D8/><U97/><E97/><N who="0" m="37449" /><D32/><U74/><E74/><V127/><F127/><W120/><G120/><T121/><D121/><U36/><E36/><V126/><F126/><W102/><G102/><T108/><D100/><U18/><REACH who="1" step="1"/><E80/><REACH who="1" ten="290,78,259,363" step="2"/><N who="2" m="49383" /><F55/><W57/><G53/><T69/><D69/><U82/><E82/><V58/><AGARI ba="0,1" hai="45,47,48,52,58,90,94,98" m="49383,11655" machi="58" ten="30,7900,0" yaku="8,1,52,1,54,2" doraHai="13" who="2" fromWho="2" sc="290,-20,78,-20,259,89,363,-39" owari="270,-13.0,58,-44.2,348,44.8,324,12.4" /></mjloggm>