<mjloggm ver="2.3"><GO type="225" lobby="0"/><UN n0="%E5%B0%8F%E9%BB%92%E5%B1%8B" n1="%E3%83%97%E3%83%92" n2="%E3%81%AF%E3%82%88%E3%81%8A%E3%81%98%E3%81%95%E3%82%93" n3="%E3%81%BF%E3%81%BF%E3%81%9A" dan="16,16,17,16" rate="2140.27,2141.12,2206.65,2158.39" sx="F,M,M,M"/><TAIKYOKU oya="0"/><INIT seed="0,0,0,0,1,16" ten="250,250,250,250" oya="0" hai0="108,102,124,47,8,119,95,53,23,9,112,11,89" hai1="75,128,38,44,56,15,106,62,60,5,14,103,98" hai2="72,36,1,29,69,22,12,4,50,125,133,39,24" hai3="111,41,74,63,3,13,25,85,49,43,76,132,79"/><T42/><D112/><U58/><E75/><V77/><F69/><W66/><G3/><T31/><D119/><U2/><E2/><V110/><F110/><W117/><G74/><T96/><D124/><U21/><E128/><V135/><F1/><W40/><G117/><T59/><D108/><U92/><E106/><V57/><F125/><W87/><G111/><T123/><D123/><U34/><E34/><V71/><F71/><W55/><G13/><T30/><D102/><U81/><E81/><V32/><F77/><N who="3" m="29771" /><G132/><N who="2" m="50761" /><F72/><W113/><G113/><T65/><D65/><U27/><E44/><V101/><F101/><W7/><G7/><T46/><D42/><U90/><E38/><V45/><F57/><N who="1" m="22121" /><E90/><V6/><F32/><W129/><G63/><N who="1" m="24106" /><E5/><N who="2" m="2155" /><F12/><W115/><G115/><T121/><D121/><U54/><E54/><AGARI ba="0,0" hai="22,24,29,36,39,45,50,54" m="2155,50761" machi="54" ten="30,2000,0" yaku="20,1,52,1" doraHai="16" who="2" fromWho="1" sc="250,0,250,-20,250,20,250,0" /><INIT seed="1,0,0,3,1,38" ten="250,230,270,250" oya="1" hai0="23,105,39,59,56,116,4,9,33,28,83,92,99" hai1="86,46,78,71,7,70,55,15,135,90,31,13,134" hai2="34,114,79,10,101,69,49,58,123,26,111,109,97" hai3="64,110,95,47,129,54,117,8,72,43,42,16,122"/><U62/><E78/><V87/><F69/><W21/><G122/><T75/><D33/><U112/><E31/><V57/><F123/><W100/><G72/><T5/><D105/><U88/><E112/><V73/><F73/><W53/><G110/><T96/><D116/><U76/><E76/><V6/><F114/><W102/><G117/><T60/><D39/><U61/><E46/><V132/><F132/><W50/><G64/><T103/><D99/><U12/><E7/><V24/><F87/><W2/><G129/><T25/><D56/><U74/><E74/><V44/><F79/><W85/><G8/><T125/><D125/><U94/><E55/><V18/><F34/><W35/><G2/><T65/><D9/><U82/><E70/><V124/><F124/><W36/><G35/><T3/><D3/><U41/><E41/><N who="3" m="15370" /><G36/><T32/><D32/><U126/><E126/><V40/><F109/><W121/><G53/><T84/><D75/><U0/><E0/><V68/><F68/><W66/><G66/><T119/><D119/><U63/><REACH who="1" step="1"/><E71/><REACH who="1" ten="250,220,270,250" step="2"/><V67/><F111/><W113/><G113/><T77/><AGARI ba="0,1" hai="4,5,23,25,28,59,60,65,77,83,84,92,96,103" machi="77" ten="20,8000,1" yaku="0,1,7,1,25,2,8,1" doraHai="38" who="0" fromWho="0" sc="250,90,220,-40,270,-20,250,-20" /><INIT seed="2,0,0,0,1,79" ten="340,180,250,230" oya="2" hai0="91,59,44,72,27,3,107,131,62,126,2,17,35" hai1="54,74,97,10,82,58,86,60,71,109,57,14,52" hai2="70,112,56,102,8,92,4,66,65,123,13,117,40" hai3="104,42,93,23,61,41,132,37,67,110,29,101,68"/><V85/><F123/><W76/><G110/><T21/><D107/><U24/><E109/><V135/><F112/><W134/><G104/><T81/><D131/><U118/><E74/><V7/><F117/><W114/><G114/><T16/><D35/><U50/><E118/><V125/><F70/><W43/><G76/><T45/><D126/><U88/><E71/><V46/><F125/><W115/><G115/><T73/><D73/><U64/><E24/><V80/><F4/><W83/><G83/><T18/><D3/><U48/><E97/><N who="2" m="59687" /><F56/><W12/><G93/><T96/><D2/><U38/><E38/><V31/><F135/><N who="3" m="51755" /><G101/><T15/><D72/><U130/><E130/><V69/><F31/><W111/><G111/><T122/><D122/><U28/><E28/><V99/><F69/><W100/><G100/><T124/><D124/><U108/><E108/><V34/><F34/><W22/><G29/><T49/><D96/><U77/><E77/><N who="2" m="46223" /><F99/><W121/><G121/><T51/><D18/><U33/><E33/><V0/><F0/><W98/><G98/><T78/><D17/><N who="1" m="8407" /><E64/><V63/><F63/><AGARI ba="0,0" hai="48,50,52,54,57,58,60,63,82,86,88" m="8407" machi="63" ten="30,7700,0" yaku="8,1,52,1,54,2" doraHai="79" who="1" fromWho="2" sc="340,0,180,77,250,-77,230,0" /><INIT seed="3,0,0,3,2,7" ten="340,257,173,230" oya="3" hai0="54,85,134,77,12,5,93,128,81,8,42,110,118" hai1="99,68,74,109,114,57,75,108,73,29,18,10,124" hai2="35,105,50,90,60,94,70,48,39,65,82,16,47" hai3="103,66,62,104,80,21,133,119,121,53,27,84,91"/><W13/><G121/><T88/><D118/><U78/><E68/><V102/><F35/><W28/><G133/><T40/><D110/><N who="1" m="42603" /><E114/><V22/><F82/><W135/><G135/><T120/><D120/><U64/><E124/><V67/><F65/><W56/><G119/><T86/><D128/><U87/><E29/><V115/><F115/><W30/><G104/><T69/><D69/><U71/><E99/><V43/><F102/><W11/><G103/><T32/><D32/><U106/><E106/><V116/><F105/><W117/><G117/><T126/><D126/><U9/><E18/><V101/><F101/><W58/><G28/><T111/><D111/><U89/><E78/><V113/><F113/><W26/><G26/><T38/><D38/><U130/><E71/><V2/><F2/><W19/><REACH who="3" step="1"/><G56/><REACH who="3" ten="340,257,173,220" step="2"/><T72/><D134/><U122/><E122/><V123/><F116/><W37/><G37/><T98/><D72/><U3/><E73/><V24/><REACH who="2" step="1"/><F123/><REACH who="2" ten="340,257,163,220" step="2"/><W0/><G0/><T45/><D98/><AGARI ba="0,2" hai="16,22,24,39,43,47,48,50,60,67,70,90,94,98" machi="98" ten="30,7700,0" yaku="1,1,2,1,7,1,54,1,53,0" doraHai="7" doraHaiUra="127" who="2" fromWho="0" sc="340,-77,257,0,163,97,220,0" /><INIT seed="4,0,0,2,1,48" ten="263,257,260,220" oya="0" hai0="90,81,53,125,79,36,23,25,32,66,41,104,56" hai1="132,29,39,99,11,94,87,95,72,54,93,69,38" hai2="31,122,28,108,116,119,30,98,107,129,86,130,9" hai3="15,61,46,35,24,135,128,33,131,102,97,91,10"/><T73/><D104/><U92/><E72/><V114/><F122/><W20/><G91/><T17/><D125/><U121/><E121/><V115/><F108/><W103/><G46/><T59/><D32/><N who="3" m="12361" /><G97/><T42/><D36/><U84/><E69/><V1/><F86/><W13/><G61/><T51/><D66/><U40/><E132/><V16/><F98/><W37/><G37/><T133/><D133/><U88/><E29/><V78/><F78/><W96/><G135/><T82/><D56/><U110/><E110/><V6/><F16/><N who="3" m="12295" /><G96/><T67/><D67/><U19/><E38/><V21/><F21/><W52/><G52/><T76/><D90/><U65/><E65/><V57/><F57/><W123/><G123/><T85/><AGARI ba="0,0" hai="17,23,25,41,42,51,53,59,73,76,79,81,82,85" machi="85" ten="20,3900,0" yaku="0,1,7,1,52,1" doraHai="48" who="0" fromWho="0" sc="263,39,257,-13,260,-13,220,-13" owari="302,40.2,244,-15.6,247,4.7,207,-29.3" /></mjloggm>