<mjloggm ver="2.3"><GO type="225" lobby="0"/><UN n0="%74%61%6B%75%61%6B%61" n1="%E3%82%82%E3%81%90%E3%82%89" n2="%E3%81%A0%E3%81%8A" n3="%43%68%65" dan="16,17,16,16" rate="2174.53,2185.67,2037.55,2148.71" sx="M,M,M,M"/><TAIKYOKU oya="0"/><INIT seed="0,0,0,0,2,8" ten="250,250,250,250" oya="0" hai0="121,110,106,37,75,3,109,94,44,55,103,35,104" hai1="125,0,65,108,101,80,74,39,33,52,114,79,70" hai2="1,119,11,72,66,134,17,23,2,124,92,63,16" hai3="83,51,91,118,43,18,86,54,20,128,15,97,47"/><T96/><D121/><U116/><RYUUKYOKU type="yao9" ba="0,0" sc="250,0,250,0,250,0,250,0" hai1="0,33,39,52,65,70,74,79,80,101,108,114,116,125" /><INIT seed="0,1,0,0,5,31" ten="250,250,250,250" oya="0" hai0="89,124,35,2,81,56,106,22,83,111,120,96,97" hai1="24,86,37,123,32,64,49,70,67,101,80,30,107" hai2="99,47,108,33,41,40,59,14,122,72,5,71,110" hai3="95,68,90,69,85,53,66,94,7,17,20,21,34"/><T84/><D2/><U79/><E37/><V132/><F72/><W105/><G105/><T115/><D120/><U77/><E123/><V118/><F71/><W60/><G7/><T113/><D35/><U12/><E49/><V91/><F122/><W130/><G130/><T121/><D121/><U93/><E12/><V36/><F132/><W50/><G69/><T88/><D22/><U48/><E48/><V13/><F40/><W100/><G34/><T104/><D56/><U125/><E93/><N who="2" m="56767" /><F33/><W135/><G135/><T98/><D124/><U27/><E27/><V4/><F118/><W78/><G78/><T61/><D61/><N who="1" m="40207" /><E67/><V10/><F59/><W19/><G21/><T16/><D16/><U103/><E103/><V127/><F127/><W134/><G134/><T63/><D63/><U43/><E43/><V11/><F13/><W92/><G100/><T1/><D1/><U54/><E54/><V65/><F65/><W76/><G76/><T15/><D15/><U26/><E26/><V74/><F74/><W117/><G117/><T131/><D131/><U29/><E29/><V129/><F129/><W109/><G19/><T18/><D18/><U8/><E125/><V38/><F38/><W52/><G53/><T3/><D3/><U119/><E119/><V75/><F75/><W112/><G112/><N who="0" m="43083" /><D111/><N who="2" m="42538" /><F14/><N who="3" m="9271" /><G109/><T45/><D45/><U42/><E42/><V128/><F128/><W57/><AGARI ba="1,0" hai="50,52,57,60,66,68,85,90,92,94,95" m="9271" machi="57" ten="30,2000,0" yaku="25,1,54,1" doraHai="31" who="3" fromWho="3" sc="250,-11,250,-6,250,-6,250,23" /><INIT seed="1,0,0,3,0,78" ten="239,244,244,273" oya="1" hai0="64,35,30,45,19,111,98,104,27,32,100,37,54" hai1="4,22,53,20,127,105,33,120,13,40,99,52,132" hai2="110,108,12,88,89,50,41,58,109,71,70,126,2" hai3="133,5,118,116,65,1,46,34,119,6,3,9,77"/><U114/><E120/><V15/><F2/><W63/><G133/><T17/><D111/><U87/><E114/><V112/><F112/><W76/><G34/><T85/><D35/><U96/><E33/><V113/><F113/><W122/><G122/><T38/><D38/><U24/><E132/><V69/><F126/><W51/><G6/><T117/><D117/><U121/><E121/><V18/><F15/><W83/><G3/><T23/><D85/><U67/><E127/><V86/><F86/><W61/><G77/><T11/><D11/><U42/><E67/><V26/><F26/><W90/><G90/><T80/><D80/><U49/><E105/><V44/><REACH who="2" step="1"/><F58/><REACH who="2" ten="239,244,234,273" step="2"/><W82/><G118/><T135/><D135/><U55/><E87/><V93/><F93/><W16/><G116/><T75/><D27/><U129/><E24/><V14/><F14/><W91/><G119/><T134/><D134/><U73/><E73/><V102/><F102/><W84/><G1/><T57/><D100/><U115/><E115/><V79/><F79/><W97/><G76/><T36/><D104/><U60/><E99/><V131/><F131/><W101/><G101/><T124/><D98/><U74/><E96/><V106/><F106/><W25/><G97/><T66/><D124/><U8/><E74/><V92/><F92/><W21/><G84/><T62/><D75/><U123/><E129/><V72/><F72/><W56/><G25/><T95/><D95/><U94/><E94/><V81/><F81/><W48/><G82/><T0/><D0/><N who="1" m="7" /><E123/><V31/><F31/><W107/><G107/><RYUUKYOKU ba="0,1" sc="239,-10,244,-10,234,30,273,-10" hai2="12,18,41,44,50,69,70,71,88,89,108,109,110" /><INIT seed="2,1,1,5,0,132" ten="229,234,264,263" oya="2" hai0="7,117,101,32,1,18,29,112,91,21,41,72,73" hai1="46,39,52,125,6,78,71,45,133,81,37,82,25" hai2="123,74,129,48,108,57,80,83,36,107,0,30,121" hai3="102,130,70,34,93,75,33,62,76,85,44,61,109"/><V53/><F36/><W66/><G109/><T126/><D112/><U111/><E133/><V99/><F0/><W105/><G130/><T128/><D128/><U27/><E71/><V11/><F129/><W56/><G44/><T77/><D117/><U38/><E111/><V8/><F108/><W19/><G19/><T88/><D41/><U59/><E6/><V116/><F116/><W28/><G75/><T104/><D126/><U3/><E3/><V96/><F30/><W110/><G110/><T90/><D77/><U119/><E119/><V15/><F8/><W5/><G5/><T42/><D42/><U16/><E125/><V135/><F135/><W23/><G105/><T79/><D79/><U40/><E82/><V58/><F58/><W22/><G76/><T86/><D86/><U24/><E16/><V94/><F107/><W17/><G28/><T95/><D104/><U49/><REACH who="1" step="1"/><E46/><REACH who="1" ten="229,224,264,263" step="2"/><N who="2" m="27799" /><F80/><W9/><G17/><T89/><D7/><U51/><E51/><V120/><F83/><W67/><G70/><T113/><D1/><U115/><E115/><V124/><F124/><W98/><G9/><T2/><D2/><U122/><E122/><V131/><F123/><W12/><G12/><T100/><D113/><U43/><E43/><V14/><F15/><W106/><G62/><T50/><D50/><U118/><E118/><V84/><F14/><W55/><G61/><T92/><D18/><U10/><E10/><V4/><F121/><W13/><G13/><T20/><N who="0" m="22528" /><DORA hai="87" /><T103/><D29/><U127/><E127/><V97/><F120/><W47/><G47/><RYUUKYOKU ba="1,2" sc="229,-10,224,30,264,-10,263,-10" hai1="24,25,27,37,38,39,40,45,49,52,59,78,81" /><INIT seed="3,2,2,4,4,42" ten="219,254,254,253" oya="3" hai0="73,38,33,23,61,28,9,82,62,87,106,75,10" hai1="4,121,101,86,7,123,88,40,135,24,19,55,98" hai2="108,1,124,53,119,71,83,97,118,78,14,36,43" hai3="133,56,77,13,69,15,58,95,34,70,80,68,103"/><W21/><G34/><T85/><D33/><U76/><E135/><V35/><F1/><W91/><G103/><T54/><D106/><U107/><E76/><V99/><F35/><W5/><G133/><T127/><D127/><U31/><E19/><V6/><F71/><W109/><G109/><T17/><D28/><U84/><E84/><V8/><F108/><W117/><G117/><T66/><D38/><U32/><E40/><V110/><F110/><W51/><G5/><T3/><D3/><U105/><E105/><V100/><F124/><W112/><G112/><T63/><D66/><U90/><E90/><V81/><F81/><W49/><G49/><T92/><D54/><U132/><E132/><V120/><F53/><W93/><G93/><T48/><D48/><U128/><E128/><V130/><F130/><W25/><G51/><T116/><D116/><U46/><E46/><N who="2" m="23911" /><F99/><W20/><G70/><T131/><D131/><U47/><E47/><V45/><F45/><W64/><G69/><T0/><D0/><U57/><E123/><V39/><F39/><W59/><G68/><T27/><D73/><U125/><E121/><V60/><F60/><W67/><G67/><T115/><D115/><U29/><E29/><V41/><F41/><W102/><G64/><T104/><D104/><U52/><E55/><V89/><F120/><W44/><G44/><T72/><D72/><U18/><E125/><V79/><F89/><W113/><G113/><T12/><D92/><N who="1" m="54295" /><E18/><V16/><F16/><N who="3" m="12423" /><G102/><T26/><D75/><U74/><E74/><N who="2" m="43479" /><F79/><W111/><G111/><T30/><D17/><RYUUKYOKU ba="2,2" sc="219,-15,254,15,254,15,253,-15" hai1="4,7,24,31,32,52,57,98,101,107" hai2="6,8,14,97,100,118,119" /><INIT seed="4,3,2,0,0,38" ten="204,269,269,238" oya="0" hai0="16,75,10,100,29,88,70,23,86,81,110,102,91" hai1="103,115,116,134,73,124,60,43,98,117,31,64,127" hai2="58,122,19,56,6,4,67,85,30,66,131,76,44" hai3="126,37,35,82,112,20,7,89,114,9,24,59,2"/><T87/><D75/><U57/><E73/><V96/><F122/><W133/><G35/><T49/><D70/><U104/><E115/><N who="3" m="44074" /><G126/><N who="1" m="48170" /><E134/><V92/><F131/><W77/><G89/><T130/><D130/><U135/><E135/><V40/><F30/><N who="3" m="17671" /><G133/><T111/><D29/><U123/><E123/><V0/><F0/><W101/><G59/><T109/><D49/><U32/><E43/><V25/><F56/><W129/><G129/><T11/><D102/><U13/><E13/><V69/><F58/><W95/><G37/><T50/><D50/><U63/><E63/><V113/><F69/><W28/><G28/><T79/><D100/><U36/><E36/><V47/><F113/><W39/><G39/><T83/><D79/><U90/><E90/><V54/><F76/><W107/><G107/><T22/><D22/><U8/><E8/><V17/><F25/><AGARI ba="3,2" hai="10,11,16,23,25,81,83,86,87,88,91,109,110,111" machi="25" ten="40,12000,1" yaku="9,1,10,1,54,2" doraHai="38" who="0" fromWho="2" sc="204,149,269,0,269,-129,238,0" /><AGARI ba="3,0" hai="25,31,32,57,60,64,98,103,104,116,117" m="48170" machi="25" ten="30,1000,0" yaku="18,1" doraHai="38" who="1" fromWho="2" sc="353,0,269,10,140,-10,238,0" owari="353,45.3,279,7.9,130,-37.0,238,-16.2" /></mjloggm>