<mjloggm ver="2.3"><GO type="225" lobby="0"/><UN n0="%28%EF%BF%A3%E2%96%BD%EF%BF%A3%29%CE%B4%E2%8C%92%E3%83%BB" n1="%E5%8F%AF%E5%85%90%E9%82%A3%E7%94%B1%E5%A4%9A" n2="%E5%A4%96%E5%B7%9D%E7%AB%9C%E6%88%90" n3="%EF%BC%AE%EF%BC%A1%EF%BC%AF%33%33%39" dan="16,17,16,16" rate="2132.82,2230.08,2163.16,2048.90" sx="M,F,M,M"/><TAIKYOKU oya="0"/><INIT seed="0,0,0,4,4,30" ten="250,250,250,250" oya="0" hai0="13,96,5,15,41,133,66,95,79,12,20,18,31" hai1="73,84,71,128,43,29,26,61,94,127,125,129,92" hai2="113,2,81,9,46,111,16,38,103,14,54,68,63" hai3="102,90,0,23,78,74,37,80,47,124,60,67,52"/><T56/><D133/><U44/><E73/><V24/><F113/><W134/><G0/><T86/><D41/><U1/><E1/><V28/><F111/><W87/><G134/><T8/><D31/><U58/><E71/><V70/><F2/><W116/><G116/><T123/><D123/><U53/><E84/><V36/><F103/><W126/><G102/><T119/><D119/><U42/><E94/><V6/><F6/><W65/><G23/><T118/><D118/><U120/><E92/><V72/><F54/><W99/><G99/><T3/><D66/><U109/><E120/><V51/><F51/><N who="3" m="28799" /><G60/><T22/><D56/><U85/><E85/><V108/><F108/><W64/><G37/><T55/><D55/><U135/><E135/><V48/><F48/><W7/><G7/><T62/><D62/><U4/><E4/><V101/><F101/><W59/><G59/><T50/><D50/><N who="1" m="26903" /><E109/><V75/><F63/><W88/><G74/><T93/><D93/><U82/><E43/><N who="2" m="22887" /><F38/><W19/><G19/><T104/><D104/><U39/><E39/><V49/><F49/><W10/><G10/><T114/><D114/><U130/><E82/><V25/><F75/><W11/><G11/><T76/><D86/><U110/><E110/><V117/><F117/><W45/><G45/><T17/><REACH who="0" step="1"/><D3/><REACH who="0" ten="240,250,250,250" step="2"/><U131/><N who="1" m="32768" /><DORA hai="83" /><U107/><E107/><V132/><F132/><W77/><G77/><T112/><D112/><U98/><E98/><V89/><F72/><W40/><G40/><T115/><D115/><U34/><AGARI ba="0,1" hai="26,29,34,53,58,61,125,127" m="32768,26903" machi="34" ten="60,4000,0" yaku="19,1,52,1" doraHai="30,83" who="1" fromWho="1" sc="240,-20,250,50,250,-10,250,-10" /><INIT seed="1,0,0,2,5,8" ten="220,300,240,240" oya="1" hai0="11,25,61,116,22,95,79,134,113,33,102,0,132" hai1="78,66,26,86,76,54,19,77,98,92,100,49,126" hai2="13,127,104,40,103,3,57,63,105,107,130,122,90" hai3="97,71,69,28,20,10,5,18,35,53,125,38,73"/><U14/><E126/><V135/><F122/><W84/><G73/><T123/><D79/><U39/><E39/><V96/><F3/><W43/><G125/><T87/><D61/><U106/><E66/><V44/><F127/><W58/><G97/><T46/><D46/><U29/><E106/><V52/><F130/><W83/><G28/><N who="0" m="19599" /><D87/><U108/><E108/><V74/><F135/><N who="0" m="51754" /><D95/><U36/><E36/><V34/><F34/><W70/><G35/><T32/><D102/><U64/><E26/><V15/><F90/><W114/><G43/><T60/><D60/><U118/><E29/><V88/><F103/><W121/><G38/><T31/><D32/><U56/><E118/><V111/><F74/><W12/><G121/><T133/><N who="0" m="51762" /><T81/><DORA hai="101" /><D81/><N who="1" m="47399" /><E64/><V6/><F111/><W42/><G42/><T109/><D109/><U37/><E37/><V21/><F40/><W112/><G53/><T75/><D75/><U16/><E19/><V117/><F117/><W129/><G58/><T68/><D68/><U82/><E82/><V120/><F44/><W131/><G131/><T89/><D116/><U91/><E100/><V124/><F120/><W2/><REACH who="3" step="1"/><G129/><REACH who="3" ten="220,300,240,230" step="2"/><T45/><D123/><U55/><E55/><V23/><F124/><W65/><G65/><T94/><D31/><U7/><E7/><V27/><F6/><W4/><G4/><T110/><D110/><U1/><E56/><V17/><F23/><W41/><G41/><T9/><D22/><N who="1" m="11543" /><E54/><V47/><F47/><W128/><G128/><T51/><D45/><U119/><E119/><V50/><F50/><RYUUKYOKU ba="0,1" sc="220,-15,300,-15,240,15,230,15" hai2="13,15,17,21,27,52,57,63,88,96,104,105,107" hai3="2,5,10,12,18,20,69,70,71,83,84,112,114" /><INIT seed="2,1,1,3,5,9" ten="205,285,255,245" oya="2" hai0="133,124,128,50,88,31,19,40,132,76,52,65,62" hai1="78,43,90,53,2,1,42,71,86,85,38,100,135" hai2="89,7,3,81,14,110,12,20,116,37,67,60,134" hai3="28,26,87,93,123,45,112,63,68,121,57,102,69"/><V91/><F116/><W0/><G0/><T49/><D124/><U64/><E135/><N who="0" m="51785" /><D128/><U39/><E100/><V98/><F37/><W95/><G112/><T92/><D76/><U73/><E73/><V125/><F134/><W25/><G45/><N who="0" m="25767" /><D31/><U24/><E78/><V44/><F44/><W59/><G28/><T13/><D65/><U5/><E64/><V108/><F125/><W35/><G35/><T54/><D62/><U105/><E53/><V77/><F20/><W51/><G63/><T61/><D50/><U119/><E119/><V101/><F3/><W126/><G51/><T104/><D104/><U8/><E105/><N who="2" m="63671" /><F7/><W29/><G29/><T22/><D61/><U122/><E39/><V16/><F60/><W17/><G126/><T127/><D127/><U66/><E38/><V118/><F67/><W10/><G68/><T32/><D32/><U41/><E66/><V36/><F36/><W74/><G69/><T114/><D114/><U84/><E71/><V130/><F130/><W79/><G79/><T75/><D75/><U27/><E1/><V15/><F118/><W131/><G131/><T80/><D80/><U106/><E106/><V96/><F77/><W103/><G59/><T30/><D30/><U82/><E82/><V111/><F81/><W83/><G57/><T47/><D47/><U18/><E2/><V6/><F111/><W55/><G83/><T97/><AGARI ba="1,1" hai="13,19,22,52,54,88,92,97" m="25767,51785" machi="97" ten="30,7900,0" yaku="20,1,52,1,54,2" doraHai="9" who="0" fromWho="0" sc="205,92,285,-21,255,-40,245,-21" /><INIT seed="3,0,0,1,0,25" ten="297,264,215,224" oya="3" hai0="101,15,117,49,82,44,114,107,80,106,75,64,122" hai1="119,94,0,133,59,86,85,110,112,54,134,66,17" hai2="30,84,13,55,118,6,108,90,105,135,102,61,42" hai3="56,131,92,57,93,97,4,16,41,48,27,83,53"/><W125/><G4/><T46/><D117/><U10/><E112/><V132/><F118/><W77/><G131/><T89/><D122/><U52/><E119/><V2/><F2/><W1/><G1/><T22/><D101/><U21/><E66/><V88/><F108/><W73/><G125/><T43/><D64/><U7/><E110/><V63/><F42/><W34/><G41/><T19/><D46/><U96/><E54/><V29/><F102/><W51/><G93/><T68/><D68/><U103/><E134/><N who="2" m="51243" /><F105/><W23/><G34/><T14/><D114/><U74/><E74/><V31/><F55/><W100/><REACH who="3" step="1"/><G56/><REACH who="3" ten="297,264,215,214" step="2"/><T35/><D35/><U26/><E133/><V81/><F90/><W67/><G67/><T62/><D107/><U37/><E37/><V99/><F99/><W3/><G3/><T104/><D106/><U127/><E127/><V91/><F91/><W60/><AGARI ba="0,1" hai="16,23,27,48,51,53,57,60,73,77,83,92,97,100" machi="60" ten="20,7800,0" yaku="1,1,0,1,7,1,54,1,53,0" doraHai="25" doraHaiUra="130" who="3" fromWho="3" sc="297,-26,264,-26,215,-26,214,88" owari="271,7.1,238,-16.2,189,-31.1,302,40.2" /></mjloggm>