<mjloggm ver="2.3"><GO type="225" lobby="0"/><UN n0="%33%74%72%65%65" n1="%E3%81%8B%E3%82%8F%E3%81%A1%E3%82%83%E3%82%93%35%38" n2="%4B%2E%32%2E%4B%2E" n3="%E3%83%81%E3%83%AF%E3%83%AF%E9%9A%8A%E9%95%B7" dan="16,17,16,16" rate="2100.93,2193.30,2151.14,2191.62" sx="F,M,M,M"/><TAIKYOKU oya="0"/><INIT seed="0,0,0,2,0,21" ten="250,250,250,250" oya="0" hai0="48,102,123,117,5,4,51,64,93,133,66,57,60" hai1="68,73,95,47,113,24,32,3,130,104,111,59,94" hai2="119,20,33,92,116,8,65,118,108,134,107,19,36" hai3="26,54,135,81,58,52,23,99,40,82,50,122,28"/><T76/><D117/><U128/><E68/><V121/><F121/><W11/><G122/><T78/><D123/><U90/><E104/><V29/><F107/><W106/><G135/><T7/><D133/><U14/><E3/><V39/><F134/><W42/><G11/><T49/><REACH who="0" step="1"/><D66/><REACH who="0" ten="240,250,250,250" step="2"/><U89/><E128/><V13/><F65/><W126/><G126/><T30/><D30/><U0/><E130/><V100/><F29/><W56/><G106/><T70/><D70/><U85/><E113/><V83/><F116/><W6/><G6/><T31/><D31/><U80/><E111/><V1/><F118/><W129/><G129/><T132/><D132/><U115/><E115/><V15/><F119/><W46/><G28/><T120/><D120/><U35/><E35/><V103/><F108/><W101/><G40/><T127/><D127/><U79/><E32/><V131/><F131/><W72/><G42/><T38/><D38/><U124/><E124/><V17/><F33/><W12/><G54/><T2/><D2/><U71/><E0/><V88/><F1/><W84/><G52/><T77/><D77/><U110/><E71/><V53/><F53/><W74/><G46/><T10/><D10/><U86/><E110/><V75/><F39/><W97/><G56/><T61/><D61/><U63/><E47/><V44/><F44/><W18/><G58/><T27/><D27/><U34/><E14/><V91/><F36/><W112/><G12/><T67/><D67/><N who="1" m="39423" /><E34/><V125/><F125/><W98/><G112/><T9/><D9/><U41/><E41/><V96/><F13/><RYUUKYOKU ba="0,1" sc="240,15,250,15,250,-15,250,-15" hai0="4,5,7,48,49,51,57,60,64,76,78,93,102" hai1="24,73,79,80,85,86,89,90,94,95" /><INIT seed="0,1,1,2,5,110" ten="255,265,235,235" oya="0" hai0="79,99,45,70,26,22,57,3,30,58,29,23,37" hai1="14,17,53,95,90,122,69,115,27,102,41,60,133" hai2="119,49,66,67,61,25,20,98,124,16,50,74,38" hai3="0,76,94,34,126,104,107,32,59,111,121,108,83"/><T65/><D3/><U100/><E122/><V46/><F74/><W130/><G0/><T13/><D79/><U97/><E133/><V131/><F131/><W21/><G121/><T87/><D87/><U128/><E128/><V93/><F124/><W134/><G130/><T4/><D99/><U42/><E27/><V77/><F77/><W54/><G126/><T68/><D37/><U103/><E115/><V105/><F105/><N who="3" m="40523" /><G94/><T48/><D4/><U8/><REACH who="1" step="1"/><E69/><REACH who="1" ten="255,255,235,235" step="2"/><V52/><F119/><W117/><G117/><T6/><D70/><U84/><E84/><V64/><F38/><W116/><G116/><T132/><D132/><U62/><E62/><V135/><F135/><W11/><G134/><T28/><D26/><U120/><E120/><V71/><REACH who="2" step="1"/><F50/><REACH who="2" ten="255,255,225,235" step="2"/><W91/><G108/><T5/><D48/><U129/><E129/><V109/><F109/><W51/><G111/><T19/><D68/><U85/><E85/><V15/><F15/><W33/><G51/><T73/><D13/><U78/><E78/><V1/><F1/><W125/><G76/><T114/><D73/><U43/><E43/><V92/><F92/><W101/><G125/><T7/><D114/><U12/><E12/><V82/><F82/><W118/><G83/><T88/><D58/><AGARI ba="1,3" hai="8,14,17,41,42,53,58,60,90,95,97,100,102,103" machi="58" ten="40,5200,0" yaku="1,1,8,1,53,1" doraHai="110" doraHaiUra="86" who="1" fromWho="0" sc="255,-55,255,85,225,0,235,0" /><INIT seed="1,0,0,0,1,69" ten="200,340,225,235" oya="1" hai0="27,1,103,25,21,95,61,3,68,91,63,102,97" hai1="60,113,108,62,96,14,39,11,4,6,34,53,93" hai2="31,38,87,24,12,46,82,120,111,58,45,18,72" hai3="41,2,100,75,73,26,56,101,74,90,32,9,86"/><U107/><E113/><V57/><F120/><W123/><G123/><T98/><D91/><U99/><E34/><V50/><F72/><W105/><G105/><T130/><D130/><U7/><E39/><V59/><F111/><W13/><G2/><T40/><D40/><U43/><E43/><V81/><F38/><W37/><G56/><T116/><D116/><U16/><E108/><V44/><F50/><W135/><G135/><T54/><D54/><U117/><E117/><V67/><F67/><W118/><G118/><T15/><D15/><U112/><E112/><V127/><F127/><W131/><G131/><T49/><D49/><U8/><E8/><V126/><F126/><W5/><G26/><T92/><REACH who="0" step="1"/><D21/><REACH who="0" ten="190,340,225,235" step="2"/><U66/><E53/><V10/><REACH who="2" step="1"/><F87/><REACH who="2" ten="190,340,215,235" step="2"/><W134/><G86/><T80/><D80/><U19/><E66/><V77/><F77/><W29/><G74/><T132/><D132/><U30/><E62/><V109/><F109/><W114/><G134/><T42/><D42/><U0/><E60/><V104/><F104/><W119/><G41/><T89/><D89/><U115/><E107/><V64/><F64/><W47/><G90/><T128/><D128/><U83/><E115/><V133/><F133/><W22/><G114/><T124/><D124/><U20/><E83/><V85/><F85/><W65/><G73/><T35/><D35/><AGARI ba="0,2" hai="10,12,18,24,31,35,44,45,46,57,58,59,81,82" machi="35" ten="40,1300,0" yaku="1,1,53,0" doraHai="69" doraHaiUra="17" who="2" fromWho="0" sc="190,-13,340,0,215,33,235,0" /><INIT seed="2,0,0,0,4,6" ten="177,340,248,235" oya="2" hai0="10,18,9,110,64,19,97,80,68,134,54,59,122" hai1="57,101,83,62,61,77,49,28,46,89,112,66,81" hai2="105,26,35,98,113,82,45,124,91,41,127,52,78" hai3="14,100,114,79,27,16,85,38,73,109,71,48,4"/><V72/><F113/><W65/><G38/><T42/><D122/><U32/><E112/><V86/><F35/><W8/><G114/><T40/><D110/><U120/><E120/><V12/><F26/><W63/><G73/><T103/><D134/><U76/><E101/><N who="2" m="62647" /><F12/><W2/><G109/><T121/><D121/><U74/><E32/><V119/><F119/><W0/><G100/><T102/><D68/><U130/><E28/><V53/><F45/><W118/><G118/><T70/><D70/><U22/><E22/><V126/><F41/><N who="0" m="15978" /><D64/><U84/><E130/><V106/><F106/><W11/><G48/><N who="0" m="31175" /><D80/><AGARI ba="0,0" hai="52,53,72,78,80,82,86,91,124,126,127" m="62647" machi="80" ten="30,2900,0" yaku="18,1,54,1" doraHai="6" who="2" fromWho="0" sc="177,-29,340,0,248,29,235,0" /><INIT seed="2,1,0,0,1,7" ten="148,340,277,235" oya="2" hai0="19,31,44,104,8,32,48,88,51,3,60,54,82" hai1="56,46,101,30,21,130,119,53,93,113,78,9,72" hai2="109,77,135,64,25,5,117,13,92,40,114,61,65" hai3="71,122,124,134,16,115,70,63,84,24,14,39,55"/><V99/><F114/><W105/><G122/><T0/><D104/><U6/><E119/><V86/><F117/><W110/><G39/><T33/><D60/><U97/><E113/><V10/><F135/><W45/><G115/><T76/><D48/><U73/><E78/><V59/><F109/><W116/><G116/><T83/><D83/><U43/><E21/><V79/><F25/><W120/><G120/><T123/><D123/><U96/><E30/><V4/><F4/><W26/><G105/><T87/><D76/><N who="2" m="29258" /><F86/><W11/><G110/><T69/><D69/><U80/><E80/><V121/><F40/><W17/><G134/><T41/><D41/><U131/><E97/><V75/><F75/><W90/><G71/><T42/><D42/><U106/><E106/><V36/><F36/><W107/><G107/><T49/><D49/><N who="1" m="30767" /><E43/><V37/><F37/><W103/><G17/><T47/><D47/><U102/><E46/><V35/><F35/><N who="0" m="13386" /><D31/><U81/><E81/><V15/><F121/><W89/><G45/><T100/><D100/><N who="1" m="60431" /><E73/><V23/><F59/><W111/><G111/><T98/><D98/><U91/><E72/><V108/><F61/><W18/><G63/><T66/><D66/><U34/><E34/><V58/><F58/><W127/><G70/><T133/><D133/><U132/><E132/><V68/><F68/><W20/><G84/><T126/><D126/><U38/><E38/><V62/><F62/><W57/><G127/><T2/><D2/><N who="1" m="215" /><E91/><N who="2" m="55711" /><F108/><W27/><G124/><T94/><D82/><U50/><E50/><V118/><F118/><W67/><G57/><RYUUKYOKU ba="1,0" sc="148,10,340,10,277,10,235,-30" hai0="0,3,8,19,44,51,54,87,88,94" hai1="101,102,130,131" hai2="5,10,13,15,23,64,65" /><INIT seed="2,2,0,2,3,100" ten="158,350,287,205" oya="2" hai0="16,27,79,111,90,47,98,14,52,43,74,0,32" hai1="102,107,96,26,106,45,48,3,103,122,31,81,4" hai2="36,18,78,120,76,109,71,60,110,92,6,29,89" hai3="129,69,86,118,93,125,57,10,55,83,117,11,85"/><V68/><F120/><W41/><G69/><T67/><D0/><U50/><E122/><V49/><F36/><W63/><G125/><T1/><D1/><U7/><E3/><V2/><F29/><W23/><G129/><T37/><D111/><N who="2" m="42506" /><F18/><W66/><G41/><T105/><D67/><U56/><E56/><V115/><F115/><W124/><G124/><T128/><D128/><U97/><E81/><V116/><F116/><W104/><G118/><T13/><D13/><U131/><E131/><V84/><F49/><W38/><G117/><T101/><D90/><U114/><E114/><V35/><F35/><W61/><G38/><T53/><D79/><N who="2" m="30250" /><F60/><W112/><G63/><T8/><REACH who="0" step="1"/><D74/><REACH who="0" ten="148,350,287,205" step="2"/><U15/><E15/><V65/><F65/><W126/><G66/><T64/><D64/><U5/><E45/><V24/><F24/><W82/><G126/><T72/><D72/><U75/><E75/><V113/><F113/><W123/><G112/><T132/><D132/><U25/><E25/><V51/><F68/><W70/><G70/><T88/><D88/><U21/><AGARI ba="2,1" hai="4,5,7,21,26,31,48,50,96,97,102,103,106,107" machi="21" ten="30,7900,0" yaku="0,1,9,1,52,2" doraHai="100" who="1" fromWho="1" sc="148,-22,350,95,287,-41,205,-22" /><INIT seed="3,0,0,5,2,117" ten="126,445,246,183" oya="3" hai0="54,107,10,4,84,33,110,98,105,111,49,46,34" hai1="51,70,75,119,8,43,67,87,11,88,40,30,106" hai2="59,134,50,58,62,12,126,100,83,112,5,73,41" hai3="36,48,19,78,81,16,1,23,114,113,96,68,39"/><W120/><G68/><T13/><D84/><U76/><E119/><V74/><F100/><W52/><G1/><T0/><D0/><U72/><E72/><V103/><F103/><W79/><G79/><T99/><D99/><U64/><E106/><V31/><F31/><W132/><G132/><T56/><D98/><U86/><E30/><V57/><F62/><W94/><G19/><T26/><D26/><U93/><E70/><V9/><F83/><W45/><G120/><T71/><D71/><U35/><E35/><V32/><F112/><W55/><G114/><T102/><D102/><U17/><E75/><V53/><F126/><W91/><G55/><T130/><D130/><U101/><E101/><V108/><F108/><W89/><G89/><T124/><D124/><U18/><E76/><V69/><F69/><W22/><G22/><T6/><D6/><U42/><E51/><V95/><F53/><W37/><G113/><T63/><D107/><U118/><E118/><V66/><F5/><W82/><REACH who="3" step="1"/><G78/><REACH who="3" ten="126,445,246,173" step="2"/><T15/><D105/><U135/><E135/><V122/><F122/><W128/><G128/><T21/><D34/><U109/><E18/><V104/><F32/><W25/><AGARI ba="0,1" hai="16,23,25,36,37,39,45,48,52,81,82,91,94,96" machi="25" ten="30,11700,0" yaku="1,1,0,1,54,2,53,0" doraHai="117" doraHaiUra="27" who="3" fromWho="3" sc="126,-39,445,-39,246,-39,173,127" /><INIT seed="3,1,0,4,0,35" ten="87,406,207,300" oya="3" hai0="60,40,90,113,59,87,69,11,22,116,96,0,91" hai1="86,32,23,39,29,68,100,132,6,16,30,79,61" hai2="106,2,121,70,56,111,62,13,51,12,114,43,93" hai3="98,120,75,28,122,94,107,50,117,129,82,101,19"/><W57/><G117/><T63/><D116/><U52/><E39/><V112/><F106/><W108/><G129/><T134/><D134/><U58/><E32/><V31/><F31/><W24/><G108/><T25/><D113/><U81/><E132/><V45/><F121/><W46/><G19/><T53/><D40/><U44/><E68/><V15/><F111/><W80/><G57/><T97/><D69/><U83/><E6/><V67/><F93/><W102/><G82/><T72/><D72/><U133/><E100/><V124/><F124/><W54/><G101/><T88/><D63/><U126/><E126/><V135/><F135/><W38/><G38/><T84/><D97/><U130/><E130/><V37/><F2/><W71/><G107/><T115/><D115/><U4/><E4/><V10/><F10/><W21/><REACH who="3" step="1"/><G71/><REACH who="3" ten="87,406,207,290" step="2"/><T9/><D96/><U104/><E104/><V92/><F92/><W27/><G27/><T123/><D123/><U36/><E133/><V105/><F105/><W65/><G65/><T110/><D110/><U77/><E36/><V5/><F37/><W76/><AGARI ba="1,1" hai="21,24,28,46,50,54,75,76,80,94,98,102,120,122" machi="76" ten="30,3000,0" yaku="1,1,0,1,53,0" doraHai="35" doraHaiUra="55" who="3" fromWho="3" sc="87,-11,406,-11,207,-11,290,43" /><INIT seed="3,2,0,2,1,60" ten="76,395,196,333" oya="3" hai0="50,124,76,122,8,87,95,116,94,73,114,130,117" hai1="59,81,37,61,92,126,93,55,112,0,70,71,123" hai2="39,127,67,11,52,106,20,41,111,85,21,129,99" hai3="100,44,53,125,128,24,75,14,5,4,104,10,46"/><W38/><G75/><T64/><D122/><U29/><E112/><V74/><F67/><W101/><G125/><T49/><D124/><U118/><E126/><V51/><F74/><W113/><G113/><T109/><D114/><U62/><E123/><V16/><F111/><W3/><G128/><T110/><D73/><U57/><E37/><V28/><F39/><W42/><G104/><T27/><D130/><U79/><E0/><V30/><F41/><W119/><G119/><T68/><D76/><U133/><E29/><V66/><F66/><W107/><G107/><T18/><D68/><U13/><E93/><V1/><F28/><W82/><G24/><T17/><D27/><U48/><E62/><V12/><F20/><W63/><G82/><T134/><D87/><U65/><E133/><V19/><F19/><W34/><G34/><T98/><D8/><U108/><E108/><V43/><F43/><W45/><G45/><T31/><D31/><U69/><E118/><V7/><F85/><W36/><G36/><T115/><D115/><U47/><E13/><V15/><F15/><W88/><G3/><T90/><D98/><U6/><E6/><V80/><F80/><W86/><G4/><T23/><D23/><U26/><E26/><V78/><F127/><W35/><G35/><T131/><D131/><U32/><E32/><V56/><F129/><W102/><G46/><T83/><D83/><U105/><E105/><V97/><F106/><W103/><N who="3" m="25600" /><DORA hai="54" /><W72/><G72/><T89/><D134/><U91/><E47/><V77/><F30/><W132/><G132/><RYUUKYOKU ba="2,0" sc="76,15,395,-15,196,15,333,-15" hai0="17,18,49,50,64,89,90,94,95,109,110,116,117" hai2="1,7,11,12,16,21,51,52,56,77,78,97,99" owari="91,-40.9,380,48.0,211,-18.9,318,11.8" /></mjloggm>