<mjloggm ver="2.3"><GO type="225" lobby="0"/><UN n0="%6E%69%63%6F%6E%74%6F" n1="%E6%97%A5%E6%9B%9C%E6%97%A5%E3%82%88%E3%82%8A%E3%81%AE%E4%BD%BF%E8%80%85" n2="%E9%B3%B3%E6%9D%B1%E3%81%AE%E3%81%86%E3%81%95%E3%81%8E%E3%81%95%E3%82%93" n3="%E8%A8%88%E7%AE%97%E6%A9%9F%E8%87%AA%E7%84%B6" dan="17,18,16,17" rate="2145.26,2183.57,2252.69,2239.76" sx="M,M,M,M"/><TAIKYOKU oya="0"/><INIT seed="0,0,0,2,1,16" ten="250,250,250,250" oya="0" hai0="35,121,106,30,19,54,37,50,69,128,60,23,72" hai1="11,24,49,9,108,17,40,27,99,75,6,109,79" hai2="20,120,80,56,22,1,63,93,100,31,2,103,47" hai3="8,67,125,126,65,101,115,10,36,21,132,95,25"/><T0/><D121/><U85/><E75/><V18/><F120/><W29/><G115/><T96/><D72/><U84/><E99/><V46/><F80/><W130/><G36/><T133/><D0/><U91/><E79/><V53/><F1/><W58/><G132/><T51/><D37/><U119/><E119/><V3/><F3/><W55/><G130/><T32/><D128/><U81/><E85/><V38/><F2/><W78/><G78/><T64/><D133/><U127/><E127/><N who="3" m="48650" /><G95/><T66/><D66/><N who="3" m="25097" /><G101/><N who="2" m="38985" /><F38/><W41/><G41/><T129/><D129/><U14/><E27/><N who="2" m="16887" /><F93/><W26/><G25/><AGARI ba="0,0" hai="18,20,25,46,47,53,56,63" m="16887,38985" machi="25" ten="30,3900,0" yaku="8,1,52,2" doraHai="16" who="2" fromWho="3" sc="250,0,250,0,250,39,250,-39" /><INIT seed="1,0,0,2,1,121" ten="250,250,289,211" oya="1" hai0="106,23,6,13,78,98,41,58,109,80,72,115,54" hai1="38,123,42,125,24,84,134,2,119,75,81,25,69" hai2="82,14,57,36,39,88,132,118,127,114,35,40,73" hai3="33,101,79,28,93,37,124,97,126,107,116,108,133"/><U53/><E69/><V131/><F118/><W32/><G37/><T64/><D115/><U55/><E75/><V129/><F114/><W68/><G116/><T66/><D41/><U21/><E2/><V67/><F35/><N who="3" m="13387" /><G28/><T45/><D45/><U31/><E119/><V102/><F102/><W104/><G79/><T17/><D6/><U34/><E123/><V100/><F100/><W62/><G93/><T92/><D106/><N who="3" m="40489" /><G101/><T3/><D3/><U44/><E125/><N who="3" m="48234" /><G97/><T65/><D92/><U12/><E12/><V8/><F39/><W50/><G50/><T4/><D98/><U43/><E43/><V19/><F40/><W89/><G89/><T56/><D4/><U27/><E27/><V113/><F88/><W95/><G95/><T83/><D83/><U112/><E112/><V76/><F82/><W94/><G94/><T51/><D58/><U85/><E85/><V5/><F57/><W71/><G62/><T15/><D15/><U63/><E63/><V18/><F14/><W22/><G22/><T16/><D17/><U49/><E38/><V30/><F36/><W48/><G48/><T120/><D120/><U86/><E86/><V47/><F127/><W61/><G61/><T29/><D29/><U7/><E25/><V9/><F30/><W96/><G96/><T74/><D74/><U46/><E34/><V99/><F73/><W0/><G0/><T135/><D135/><U110/><E134/><V52/><F132/><W60/><G133/><T105/><D105/><U59/><E31/><V26/><F99/><W111/><G60/><T70/><D70/><AGARI ba="0,0" hai="68,70,71,108,111" m="48234,40489,13387" machi="70" ten="40,16000,3" yaku="6,1,28,2,26,2,18,1,31,2,52,2" doraHai="121" who="3" fromWho="0" sc="250,-160,250,0,289,0,211,160" /><INIT seed="2,0,0,1,3,75" ten="90,250,289,371" oya="2" hai0="96,44,94,116,132,121,120,111,35,55,30,9,109" hai1="97,77,74,134,48,123,125,107,40,93,32,87,105" hai2="126,2,6,86,51,13,112,66,65,133,22,100,119" hai3="98,73,135,90,110,104,19,108,28,124,24,1,88"/><V36/><F112/><W67/><G1/><T25/><D44/><U0/><E0/><V34/><F119/><W10/><G73/><T127/><D55/><U72/><E48/><V12/><F36/><W78/><G78/><T29/><D94/><U43/><E43/><V95/><F34/><N who="3" m="20743" /><G124/><T7/><D96/><U38/><E40/><V61/><F133/><W131/><G135/><T45/><D45/><U56/><E56/><V3/><F126/><W106/><G67/><T16/><D132/><U21/><E21/><V15/><F66/><W91/><G98/><T49/><D49/><U59/><E59/><V71/><F6/><W27/><G131/><T54/><D54/><U80/><E32/><V42/><F22/><N who="3" m="13791" /><G10/><T129/><D127/><U81/><E38/><V122/><F122/><W50/><G50/><T89/><D89/><N who="1" m="55471" /><E125/><V130/><F130/><W117/><G117/><T11/><D129/><U46/><E46/><V14/><N who="2" m="3072" /><DORA hai="52" /><V114/><F114/><W8/><G8/><T18/><D35/><U39/><E39/><V26/><F26/><W60/><G60/><T20/><D25/><U68/><E68/><V58/><F71/><W57/><G57/><T17/><D20/><U23/><E23/><V102/><F3/><W103/><G103/><N who="2" m="39465" /><F2/><W83/><G83/><N who="1" m="31818" /><E134/><V63/><F63/><W70/><G70/><T31/><D116/><U33/><E33/><V79/><F51/><W37/><G37/><T101/><D101/><U64/><E64/><V5/><F42/><W99/><G99/><T47/><D47/><U84/><E72/><V92/><F5/><RYUUKYOKU ba="0,0" sc="90,-15,250,-15,289,15,371,15" hai2="58,61,65,79,86,92,95" hai3="88,90,91,104,106,108,110" /><INIT seed="2,1,0,4,3,76" ten="75,235,304,386" oya="2" hai0="21,25,127,48,69,87,13,125,32,122,78,30,99" hai1="22,103,131,36,29,50,121,82,5,85,126,68,12" hai2="55,44,43,129,120,67,84,95,53,115,100,81,64" hai3="26,16,11,28,123,38,88,119,133,4,51,42,62"/><V104/><F115/><W2/><G123/><T3/><D69/><U112/><E36/><V74/><F129/><W37/><G119/><T1/><D48/><U6/><E112/><V109/><F120/><W73/><G73/><T58/><D58/><U105/><E121/><V14/><F104/><W63/><G133/><T93/><D122/><U117/><E117/><V59/><F74/><W33/><G51/><T135/><D135/><U130/><E68/><V7/><F109/><W46/><G37/><T27/><D13/><U116/><E116/><V70/><F70/><W79/><G79/><T65/><D65/><N who="2" m="25162" /><F44/><W91/><REACH who="3" step="1"/><G16/><REACH who="3" ten="75,235,304,376" step="2"/><T47/><D47/><U132/><E50/><V39/><F39/><W34/><G34/><T61/><D61/><AGARI ba="1,1" hai="2,4,11,26,28,33,38,42,46,61,62,63,88,91" machi="61" ten="40,2600,0" yaku="1,1,54,1,53,0" doraHai="76" doraHaiUra="101" who="3" fromWho="0" sc="75,-29,235,0,304,0,376,39" /><INIT seed="3,0,0,4,5,99" ten="46,235,304,415" oya="3" hai0="131,103,39,74,135,41,86,70,24,109,47,118,51" hai1="4,128,72,31,87,42,93,65,29,61,7,90,22" hai2="0,3,52,95,78,28,54,12,25,91,9,55,14" hai3="94,36,49,45,130,92,60,123,33,127,34,133,102"/><W132/><G123/><T81/><D51/><U27/><E72/><V20/><F78/><W57/><G36/><T117/><D86/><U8/><E128/><V106/><F106/><W66/><G130/><T129/><D103/><U58/><E42/><V89/><F12/><W30/><G127/><T5/><D81/><U67/><E29/><V68/><F68/><W88/><G102/><T124/><D47/><U43/><E43/><V112/><F112/><W63/><G63/><T98/><D41/><U83/><E65/><V37/><F37/><W108/><G108/><T46/><D46/><U77/><REACH who="1" step="1"/><E8/><REACH who="1" ten="46,225,304,415" step="2"/><V59/><F59/><W82/><G30/><T21/><D98/><U32/><E32/><V26/><F28/><W84/><G33/><T100/><D100/><U107/><E107/><V23/><F9/><W126/><G34/><T121/><D5/><U15/><E15/><V115/><F14/><W73/><G126/><T110/><D21/><U122/><E122/><V62/><F20/><W18/><G18/><T48/><D24/><U17/><E17/><V113/><F23/><W56/><G56/><T111/><D48/><U50/><E50/><V19/><F19/><W104/><G49/><T11/><D11/><U69/><E69/><V119/><F26/><W114/><G57/><T40/><D40/><U120/><E120/><V13/><F13/><W35/><G104/><T134/><D74/><U10/><E10/><V75/><F75/><W96/><G73/><T1/><D1/><U97/><AGARI ba="0,1" hai="4,7,22,27,31,58,61,67,77,83,87,90,93,97" machi="97" ten="20,8000,1" yaku="1,1,0,1,7,1,8,1,53,1" doraHai="99" doraHaiUra="79" who="1" fromWho="1" sc="46,-20,225,90,304,-20,415,-40" owari="26,-47.4,315,11.5,284,-11.6,375,47.5" /></mjloggm>