<mjloggm ver="2.3"><GO type="225" lobby="0"/><UN n0="%6D%75%75%6D%75%72%61" n1="%E7%89%B9%E6%9D%B1%E3%81%AF%E4%B8%96%E7%95%8C%E3%82%92%E6%95%91%E3%81%86" n2="%E3%83%A9%E3%83%BC%E3%83%A1%E3%83%B3%E4%BA%94%E9%83%8E" n3="%72%69%6F%75%63%68%61%6E" dan="16,16,16,17" rate="2154.46,2159.78,2096.26,2272.20" sx="F,M,M,M"/><TAIKYOKU oya="0"/><INIT seed="0,0,0,0,1,85" ten="250,250,250,250" oya="0" hai0="92,135,58,3,8,27,112,54,117,91,33,73,107" hai1="79,41,61,84,115,6,114,5,125,74,75,80,9" hai2="129,16,38,98,90,46,89,108,15,42,20,34,110" hai3="0,72,21,134,12,106,10,37,1,109,18,39,105"/><T118/><D112/><N who="1" m="43051" /><E125/><V44/><F129/><W100/><G109/><N who="2" m="42089" /><F34/><W78/><G134/><T51/><D135/><U22/><E41/><N who="2" m="22583" /><F98/><W48/><G48/><AGARI ba="0,0" hai="15,16,20,42,46,48,89,90" m="22583,42089" machi="48" ten="30,7700,0" yaku="14,1,52,2,54,1" doraHai="85" who="2" fromWho="3" sc="250,0,250,0,250,77,250,-77" /><INIT seed="1,0,0,3,3,36" ten="250,250,327,173" oya="1" hai0="25,14,42,130,92,104,133,75,60,86,108,64,81" hai1="106,116,100,123,56,119,24,70,37,85,11,127,74" hai2="78,41,31,111,63,68,91,15,99,43,5,27,20" hai3="34,0,7,38,73,97,28,134,113,53,8,89,128"/><U45/><E123/><V79/><F111/><W87/><G113/><T33/><D104/><U95/><E70/><V19/><F5/><W23/><G73/><T120/><D108/><U107/><E74/><V17/><F68/><W84/><G128/><T2/><D2/><U3/><E56/><V98/><F63/><W52/><G134/><T59/><D133/><U71/><E71/><V62/><F62/><W114/><G114/><T21/><D130/><U69/><E69/><V82/><F19/><W101/><G34/><T80/><D33/><U4/><E127/><V49/><F49/><W122/><G122/><T102/><D75/><U44/><E24/><V132/><F132/><W47/><G87/><T121/><D14/><U83/><E95/><N who="2" m="56703" /><F99/><W9/><G9/><T93/><D81/><U88/><E107/><V115/><F115/><W110/><G110/><T30/><D42/><N who="2" m="15882" /><F82/><W112/><G112/><T125/><D125/><U1/><E1/><V32/><F32/><W39/><G39/><T10/><D93/><U105/><E105/><V131/><F131/><W109/><G109/><T48/><D48/><U40/><E106/><V67/><F67/><W135/><G135/><T50/><D50/><U90/><E37/><V77/><F31/><W51/><G38/><T96/><REACH who="0" step="1"/><D10/><REACH who="0" ten="240,250,327,173" step="2"/><N who="1" m="2335" /><E119/><V35/><F35/><W118/><G118/><T26/><D26/><AGARI ba="0,1" hai="15,17,20,26,27,77,78,79" m="15882,56703" machi="26" ten="30,7700,0" yaku="8,1,52,3" doraHai="36" who="2" fromWho="0" sc="240,-77,250,0,327,87,173,0" /><INIT seed="2,0,0,5,1,54" ten="163,250,414,173" oya="2" hai0="5,23,74,31,29,113,59,101,37,87,80,44,25" hai1="103,15,68,61,53,105,30,70,41,134,127,16,58" hai2="96,63,22,124,62,49,39,120,24,8,78,38,9" hai3="67,92,71,125,135,77,32,110,60,52,89,116,88"/><V132/><F120/><W47/><G116/><T133/><D74/><U46/><E134/><V17/><F124/><W83/><G32/><T72/><D133/><U66/><E127/><V109/><F109/><W75/><G125/><T69/><D69/><U123/><E123/><V119/><F38/><W115/><G135/><T42/><D72/><U90/><E30/><V11/><F39/><W98/><G110/><T131/><D113/><U86/><E103/><V6/><F119/><W112/><REACH who="3" step="1"/><G89/><REACH who="3" ten="163,250,414,163" step="2"/><T43/><D131/><U114/><E114/><V99/><F132/><W27/><G27/><T104/><D25/><U45/><E105/><V40/><F24/><W97/><G97/><T21/><D104/><U14/><E14/><V0/><F99/><W106/><G106/><T20/><D101/><U93/><E41/><V35/><F96/><W121/><G121/><T55/><D43/><U65/><E70/><V34/><F40/><W111/><G111/><T7/><D31/><U84/><E84/><V118/><F118/><W73/><G73/><T85/><D29/><U57/><E68/><V10/><F34/><W79/><G79/><T94/><D87/><U4/><E86/><V95/><F78/><W18/><G18/><T51/><REACH who="0" step="1"/><D94/><REACH who="0" ten="153,250,414,163" step="2"/><U102/><E93/><V107/><F107/><W56/><G56/><T100/><D100/><U122/><E102/><V12/><F0/><W128/><G128/><T117/><D117/><U2/><E122/><V13/><F13/><W64/><G64/><T48/><D48/><AGARI ba="0,2" hai="47,48,52,60,67,71,75,77,83,88,92,98,112,115" machi="48" ten="40,8000,1" yaku="1,1,54,2,53,2" doraHai="54" doraHaiUra="108" who="3" fromWho="0" sc="153,-80,250,0,414,0,163,100" /><INIT seed="3,0,0,4,2,127" ten="73,250,414,263" oya="3" hai0="121,14,50,84,85,65,73,125,135,26,79,109,75" hai1="54,23,87,42,22,30,108,17,99,6,111,116,97" hai2="120,9,2,110,46,63,45,41,90,4,51,98,8" hai3="3,123,94,15,92,43,24,67,49,133,132,101,82"/><W71/><G123/><T72/><D121/><U13/><E42/><V66/><F120/><W131/><G3/><T114/><D125/><U129/><E116/><V80/><F110/><N who="1" m="42025" /><E6/><V12/><F46/><N who="3" m="25823" /><G101/><T62/><D109/><U11/><E129/><V128/><F128/><W5/><G131/><T35/><D135/><N who="3" m="51785" /><G24/><T34/><D114/><U126/><E126/><V113/><F113/><W124/><G124/><T61/><D50/><U53/><E87/><N who="2" m="50535" /><F2/><W69/><G82/><T122/><D122/><U130/><E130/><V112/><F112/><W10/><G67/><T64/><D26/><N who="1" m="16735" /><E22/><V86/><F66/><W100/><G92/><T104/><D73/><U55/><AGARI ba="0,0" hai="11,13,17,53,54,55,97,99" m="16735,42025" machi="55" ten="30,1100,0" yaku="14,1" doraHai="127" who="1" fromWho="1" sc="73,-3,250,11,414,-3,263,-5" owari="70,-43.0,261,6.1,411,51.1,258,-14.2" /></mjloggm>