<mjloggm ver="2.3"><GO type="225" lobby="0"/><UN n0="%E6%81%A5%E6%99%92%E3%81%97" n1="%61%6D%65%6B%69" n2="%E3%83%81%E3%83%AF%E3%83%AF%E9%9A%8A%E9%95%B7" n3="%E7%89%B9%E6%9D%B1%E3%81%AF%E4%B8%96%E7%95%8C%E3%82%92%E6%95%91%E3%81%86" dan="16,16,17,16" rate="2094.02,2066.54,2180.28,2148.84" sx="M,M,M,M"/><TAIKYOKU oya="0"/><INIT seed="0,0,0,4,4,84" ten="250,250,250,250" oya="0" hai0="85,80,22,82,129,51,65,81,73,92,112,93,101" hai1="72,94,109,28,30,1,127,64,132,75,48,54,26" hai2="77,17,125,56,11,55,116,66,9,79,117,115,3" hai3="23,88,35,37,118,20,49,86,98,16,8,34,104"/><T14/><D112/><U74/><E1/><V120/><F115/><W134/><G118/><N who="2" m="45673" /><F120/><W106/><G37/><T43/><D129/><U119/><E119/><V113/><F113/><W42/><G134/><T52/><D43/><U24/><E132/><V68/><F125/><W110/><G110/><T102/><D73/><U128/><E109/><V91/><F68/><W0/><G35/><T61/><D61/><U58/><E128/><V29/><F66/><W97/><G34/><T63/><D22/><N who="3" m="8233" /><G0/><T111/><D14/><U87/><E64/><V124/><F29/><W69/><G106/><T50/><D111/><U19/><E19/><V32/><F32/><W107/><G107/><T4/><D4/><U108/><E108/><V40/><F124/><W15/><G104/><T13/><D13/><U99/><E127/><V96/><F40/><W76/><G76/><N who="2" m="29257" /><F3/><W18/><G18/><T2/><D2/><U31/><REACH who="1" step="1"/><E87/><REACH who="1" ten="250,240,250,250" step="2"/><V10/><F17/><W95/><G69/><T70/><D85/><U62/><E62/><N who="2" m="36127" /><F96/><W45/><AGARI ba="0,1" hai="8,15,16,42,45,49,86,88,95,97,98" m="8233" machi="45" ten="30,7900,0" yaku="8,1,52,1,54,2" doraHai="84" who="3" fromWho="3" sc="250,-39,240,-20,250,-20,250,89" /><INIT seed="1,0,0,2,1,52" ten="211,220,230,339" oya="1" hai0="27,47,106,11,1,117,131,92,54,10,113,109,81" hai1="91,135,59,69,30,57,62,2,17,86,89,122,39" hai2="77,70,25,84,37,93,38,63,42,83,111,100,64" hai3="8,116,85,36,15,129,73,124,103,119,78,24,68"/><U96/><E122/><V75/><F111/><W12/><G68/><T44/><D113/><U133/><E39/><V72/><F25/><W130/><G36/><T33/><D106/><U128/><E2/><V22/><F22/><W14/><G73/><T101/><D117/><N who="3" m="45129" /><G103/><T18/><D109/><U21/><E128/><N who="3" m="49258" /><G85/><T53/><D131/><U55/><E30/><V115/><F115/><W132/><G78/><T79/><D1/><U76/><E69/><V74/><REACH who="2" step="1"/><F42/><REACH who="2" ten="211,220,220,339" step="2"/><W82/><G24/><T114/><D114/><U125/><E125/><V29/><F29/><W99/><G124/><T9/><D33/><U87/><E135/><V0/><F0/><W40/><G40/><T45/><D27/><N who="1" m="14767" /><E133/><V23/><F23/><W90/><G132/><T48/><D18/><U66/><E76/><V61/><F61/><W67/><G14/><T98/><REACH who="0" step="1"/><D48/><REACH who="0" ten="201,220,220,339" step="2"/><N who="1" m="30951" /><E91/><V5/><F5/><W120/><G90/><T97/><D97/><AGARI ba="0,2" hai="37,38,63,64,70,72,74,75,77,83,84,93,97,100" machi="97" ten="40,8000,1" yaku="1,1,53,3" doraHai="52" doraHaiUra="105" who="2" fromWho="0" sc="201,-80,220,0,220,100,339,0" /><INIT seed="2,0,0,5,2,34" ten="121,220,320,339" oya="2" hai0="55,22,49,63,65,62,13,44,134,101,90,32,121" hai1="83,125,5,36,97,46,81,39,64,104,27,53,69" hai2="20,92,126,77,94,6,106,18,109,117,112,124,130" hai3="24,37,96,59,135,78,120,26,72,100,133,128,111"/><V129/><F106/><W33/><G120/><T50/><D32/><U99/><E125/><N who="2" m="48235" /><F112/><W86/><G111/><T57/><D121/><U73/><E104/><V2/><F117/><W30/><G128/><N who="2" m="49257" /><F109/><W131/><G131/><T42/><D134/><N who="3" m="51209" /><G37/><T1/><D1/><U23/><E39/><V116/><F116/><W89/><G72/><T41/><D101/><U74/><E74/><V132/><F77/><W47/><G78/><T19/><D90/><U88/><E73/><V114/><F114/><W123/><G123/><T3/><D3/><U8/><E64/><V38/><F38/><W56/><G47/><T4/><D4/><U68/><E68/><V127/><F132/><W9/><G9/><T70/><D70/><U11/><E69/><V61/><F61/><W54/><G24/><T103/><D103/><U84/><E83/><V76/><F76/><W7/><G7/><T17/><D63/><U58/><E36/><V75/><F75/><W107/><G54/><T122/><D122/><U119/><E119/><V82/><F82/><AGARI ba="0,0" hai="26,30,33,56,59,82,86,89,96,100,107" m="51209" machi="82" ten="30,1000,0" yaku="20,1" doraHai="34" who="3" fromWho="2" sc="121,0,220,0,320,-10,339,10" /><INIT seed="3,0,0,2,0,59" ten="121,220,310,349" oya="3" hai0="14,92,99,4,41,61,17,114,93,69,77,12,112" hai1="27,20,35,64,103,23,19,75,132,55,49,45,107" hai2="58,24,108,28,13,22,79,81,68,111,70,33,37" hai3="18,31,134,51,82,83,101,25,96,104,116,72,63"/><W110/><G116/><T85/><D41/><U74/><E132/><V1/><F1/><W87/><G134/><T67/><D4/><U52/><E35/><V131/><F37/><W89/><G110/><N who="2" m="42025" /><F131/><W113/><G113/><T62/><D12/><U46/><E103/><V34/><F58/><W80/><G51/><T50/><D50/><U8/><E107/><V128/><F128/><W98/><G18/><T118/><D118/><U65/><E49/><V30/><F30/><W120/><G120/><T102/><D67/><U121/><E19/><N who="2" m="10607" /><F33/><W117/><G117/><T84/><D69/><U123/><REACH who="1" step="1"/><E8/><REACH who="1" ten="121,210,310,349" step="2"/><V94/><F94/><W42/><G104/><T43/><D43/><U100/><E100/><V127/><F127/><W130/><G101/><T86/><D93/><U115/><E115/><N who="0" m="44073" /><D77/><U26/><AGARI ba="0,1" hai="20,23,26,27,45,46,52,55,64,65,74,75,121,123" machi="26" ten="25,8000,1" yaku="1,1,0,1,22,2,54,1,53,0" doraHai="59" doraHaiUra="97" who="1" fromWho="1" sc="121,-20,210,90,310,-20,349,-40" owari="101,-39.9,300,10.0,290,-11.0,309,40.9" /></mjloggm>