<mjloggm ver="2.3"><GO type="225" lobby="0"/><UN n0="%4E%49%4A%49%49%52%4F" n1="%E9%80%9F%E6%B0%B4%E5%87%9B%E9%A6%99" n2="%E5%B8%86%E7%AB%8B%E5%A4%8F%E8%A1%A3" n3="%E3%82%82%E3%81%90%E3%82%89" dan="16,16,17,17" rate="2145.77,2133.36,2129.71,2216.81" sx="M,F,M,M"/><TAIKYOKU oya="0"/><INIT seed="0,0,0,5,3,19" ten="250,250,250,250" oya="0" hai0="64,55,123,85,69,77,2,72,11,84,113,90,42" hai1="12,120,13,102,128,117,0,52,9,122,54,6,45" hai2="23,103,44,16,95,30,49,37,56,70,14,96,98" hai3="47,88,3,79,82,62,40,116,67,46,34,53,65"/><T133/><D123/><U121/><E117/><V118/><F70/><W124/><G116/><T21/><D113/><U57/><E128/><V63/><F118/><W131/><G131/><T114/><D114/><U126/><E126/><V80/><F37/><W38/><G124/><T50/><D133/><U41/><E102/><V58/><F30/><W76/><G34/><T73/><D42/><U48/><REACH who="1" step="1"/><E54/><REACH who="1" ten="250,240,250,250" step="2"/><N who="2" m="29991" /><F96/><W105/><G53/><T125/><D55/><U36/><AGARI ba="0,1" hai="0,6,9,12,13,36,41,45,48,52,57,120,121,122" machi="36" ten="30,4000,0" yaku="1,1,0,1,54,1,53,0" doraHai="19" doraHaiUra="91" who="1" fromWho="1" sc="250,-20,240,50,250,-10,250,-10" /><INIT seed="1,0,0,2,5,99" ten="230,290,240,240" oya="1" hai0="11,9,5,105,73,35,19,69,117,86,1,67,0" hai1="45,55,107,96,88,76,22,112,130,27,94,81,24" hai2="31,97,62,68,87,80,43,127,133,3,6,134,78" hai3="85,132,25,118,109,16,38,51,120,111,14,47,71"/><U113/><E130/><V40/><F31/><W30/><G120/><T66/><D117/><U29/><E107/><V83/><F3/><W63/><G38/><T8/><D73/><U42/><E55/><V116/><F6/><W44/><G118/><T98/><D35/><U79/><E27/><V128/><F116/><W21/><G132/><N who="2" m="50793" /><F128/><W72/><G72/><T56/><D86/><U123/><E123/><V32/><F32/><W100/><G85/><T125/><D69/><U90/><E90/><V37/><F37/><W131/><G131/><T82/><D125/><U13/><E13/><V7/><F7/><W34/><G100/><T74/><D74/><U20/><E20/><V33/><F33/><W10/><G34/><T59/><D82/><U58/><E58/><V18/><F83/><W65/><REACH who="3" step="1"/><G51/><REACH who="3" ten="230,290,240,230" step="2"/><T70/><D0/><U77/><REACH who="1" step="1"/><E81/><REACH who="1" ten="230,280,240,230" step="2"/><V26/><F80/><W64/><G64/><T122/><D67/><U17/><E17/><V101/><F18/><W57/><G57/><T135/><D59/><U48/><AGARI ba="0,2" hai="22,24,29,42,45,48,76,77,79,88,94,96,112,113" machi="48" ten="30,6000,0" yaku="1,1,0,1,54,1,53,0" doraHai="99" doraHaiUra="121" who="1" fromWho="1" sc="230,-20,280,80,240,-20,230,-20" /><INIT seed="1,1,0,0,4,76" ten="210,360,220,210" oya="1" hai0="121,73,9,32,51,53,89,87,39,101,104,31,94" hai1="0,105,21,58,13,75,130,113,38,83,127,72,99" hai2="119,124,61,3,66,96,82,81,15,50,107,55,16" hai3="34,45,36,18,115,23,79,129,106,92,52,49,100"/><U120/><E0/><V10/><F119/><W108/><G115/><T29/><D121/><U4/><E38/><V126/><F3/><W14/><G108/><T22/><D39/><U26/><E113/><V69/><F96/><W131/><G34/><T110/><D32/><U102/><E120/><V114/><F107/><W12/><G106/><T90/><D110/><U112/><E112/><V41/><F41/><W62/><G36/><T122/><D122/><U65/><E130/><N who="3" m="49674" /><G62/><T117/><D73/><U6/><E127/><N who="2" m="48683" /><F114/><W77/><G14/><T84/><D117/><U118/><E118/><V48/><F48/><W59/><G45/><AGARI ba="1,0" hai="10,15,16,45,50,55,61,66,69,81,82" m="48683" machi="45" ten="30,7700,0" yaku="18,1,52,2,54,1" doraHai="76" who="2" fromWho="3" sc="210,0,360,0,220,80,210,-80" /><INIT seed="2,0,0,5,2,106" ten="210,360,300,130" oya="2" hai0="61,94,96,82,48,40,91,99,19,34,4,122,97" hai1="7,120,121,44,117,70,101,84,107,132,88,54,80" hai2="38,64,12,130,78,56,63,93,66,36,41,11,26" hai3="8,81,14,125,128,55,103,115,109,114,60,104,9"/><V131/><F26/><W111/><G128/><N who="2" m="49193" /><F93/><W110/><G125/><T51/><D34/><U102/><E70/><N who="2" m="42271" /><F12/><W3/><G3/><T86/><D122/><N who="1" m="47211" /><E117/><V23/><F23/><W21/><G104/><T92/><D4/><U127/><E127/><V79/><F11/><W1/><G103/><N who="1" m="39434" /><E7/><V47/><F79/><W89/><G21/><T35/><D35/><U87/><E107/><V62/><F78/><W113/><G1/><T46/><D61/><U22/><E132/><V49/><AGARI ba="0,0" hai="36,38,41,47,49,56,62,66" m="42271,49193" machi="49" ten="30,6000,0" yaku="19,1,34,2" doraHai="106" who="2" fromWho="2" sc="210,-20,360,-20,300,60,130,-20" /><INIT seed="2,1,0,2,1,135" ten="190,340,360,110" oya="2" hai0="22,88,12,104,60,4,102,77,17,134,10,33,59" hai1="124,70,5,16,35,108,99,83,117,13,11,31,91" hai2="75,105,38,101,46,112,92,97,14,47,64,131,133" hai3="69,119,26,103,44,6,115,129,29,110,120,36,111"/><V89/><F112/><W79/><G120/><T61/><D134/><U55/><E70/><V8/><F133/><W127/><G119/><T56/><D33/><U24/><E117/><V63/><F131/><W41/><G69/><T19/><D77/><U122/><E108/><V15/><F75/><W42/><G129/><T48/><D104/><U50/><E122/><V54/><F38/><W32/><G115/><T45/><D102/><U87/><E124/><V7/><F54/><W49/><G103/><T52/><D4/><U62/><E62/><N who="0" m="24169" /><D88/><U3/><E99/><V95/><F105/><W125/><G6/><T114/><D114/><U85/><E85/><V128/><F128/><W93/><G93/><T100/><D100/><U51/><REACH who="1" step="1"/><E55/><REACH who="1" ten="190,330,360,110" step="2"/><V118/><F118/><W30/><G111/><T86/><D86/><U72/><E72/><V43/><F43/><W58/><G110/><T53/><D53/><U27/><E27/><AGARI ba="1,1" hai="10,12,17,19,22,27,45,48,52,56,59" m="24169" machi="27" ten="30,2000,0" yaku="8,1,54,1" doraHai="135" who="0" fromWho="1" sc="190,33,330,-23,360,0,110,0" /><INIT seed="3,0,0,2,2,38" ten="223,307,360,110" oya="3" hai0="73,105,24,94,7,115,48,37,82,75,27,30,47" hai1="98,54,65,97,52,61,49,104,128,22,83,10,68" hai2="44,26,56,50,130,21,53,99,117,134,0,108,96" hai3="12,2,18,122,88,14,135,131,93,119,59,76,55"/><W77/><G131/><T28/><D115/><U127/><E128/><V100/><F0/><W63/><G135/><T116/><D105/><U70/><E127/><V132/><F130/><W9/><G122/><T102/><D37/><U121/><E121/><V20/><F108/><W60/><G119/><T112/><D112/><U118/><E118/><V95/><F117/><W33/><G33/><T51/><D7/><U113/><E113/><V125/><F125/><W111/><G2/><T23/><D116/><U110/><E110/><V58/><F96/><W84/><G111/><T40/><D82/><U72/><E70/><V64/><F21/><W69/><G69/><T123/><D123/><U124/><E124/><V1/><F1/><W91/><G63/><T129/><D129/><U17/><E10/><V107/><F107/><W5/><REACH who="3" step="1"/><G91/><REACH who="3" ten="223,307,360,100" step="2"/><T81/><D102/><U11/><E68/><V19/><F134/><W29/><G29/><T57/><D28/><U35/><E61/><N who="2" m="37927" /><F132/><W15/><G15/><T46/><D30/><U62/><E62/><V32/><F32/><W120/><G120/><T31/><D31/><U8/><E35/><V78/><F78/><W74/><G74/><T13/><D75/><U90/><E72/><V133/><F133/><W71/><G71/><T92/><D73/><U109/><E90/><V39/><F39/><W103/><G103/><T114/><D13/><U42/><E109/><V6/><F6/><W4/><G4/><T67/><D24/><U41/><E17/><V101/><F101/><W3/><G3/><T80/><D27/><U79/><E79/><RYUUKYOKU ba="0,1" sc="223,-15,307,-15,360,15,100,15" hai2="19,20,26,44,50,53,58,95,99,100" hai3="5,9,12,14,18,55,59,60,76,77,84,88,93" /><INIT seed="3,1,1,1,3,48" ten="208,292,375,115" oya="3" hai0="25,55,38,123,31,68,66,19,34,99,14,52,61" hai1="11,20,103,120,113,56,82,65,39,83,2,67,47" hai2="106,127,21,3,45,27,44,118,80,4,18,88,133" hai3="121,90,5,40,22,74,135,71,109,59,63,30,64"/><W112/><G121/><T95/><D123/><U85/><E120/><V124/><F106/><W78/><G112/><T60/><D38/><U108/><E113/><V16/><F118/><W33/><G135/><T102/><REACH who="0" step="1"/><D61/><REACH who="0" ten="198,292,375,115" step="2"/><U87/><E108/><V49/><F133/><W46/><G109/><T62/><D62/><U1/><E103/><V122/><F122/><W79/><G74/><T54/><D54/><U131/><E131/><V17/><F127/><W92/><G71/><T29/><D29/><U132/><E132/><V111/><F124/><W97/><G33/><T100/><D100/><U43/><E20/><AGARI ba="1,2" hai="14,19,20,25,31,34,52,55,60,66,68,95,99,102" machi="20" ten="30,8000,1" yaku="1,1,7,1,52,2,54,1,53,0" doraHai="48" doraHaiUra="126" who="0" fromWho="1" sc="198,103,292,-83,375,0,115,0" owari="301,10.1,209,-19.1,375,47.5,115,-38.5" /></mjloggm>