<mjloggm ver="2.3"><GO type="225" lobby="0"/><UN n0="%E3%81%86%E3%82%8C%E3%81%9F%E3%82%93%E6%9E%95" n1="%E6%9D%B1%E9%A2%A8%E3%81%AE%E3%81%8D%E3%82%83%E3%81%B7%E3%81%95%E3%82%93" n2="%E5%B0%8F%E9%B3%A5%E9%81%8A%E7%B7%B4%E7%84%A1%32%31%E6%AD%B3" n3="%E3%81%AF%E3%81%BE%E3%81%A1%E3%83%AA%E3%83%BC%E3%82%B0" dan="16,16,16,16" rate="2102.82,2131.50,2158.29,2097.64" sx="F,M,F,M"/><TAIKYOKU oya="0"/><INIT seed="0,0,0,4,4,10" ten="250,250,250,250" oya="0" hai0="50,19,107,65,58,36,41,57,77,131,76,74,113" hai1="6,104,44,135,15,119,96,95,133,45,93,85,52" hai2="109,130,12,81,54,89,92,71,86,35,47,112,60" hai3="114,43,100,115,14,126,22,30,66,16,39,42,127"/><T9/><D113/><N who="3" m="43017" /><G100/><T83/><D131/><U64/><E64/><V38/><F112/><W29/><G66/><T61/><D107/><U118/><E104/><V5/><F35/><W70/><G70/><T8/><D77/><U84/><E96/><V67/><F109/><W26/><G39/><T98/><D98/><U68/><E68/><V79/><F130/><W99/><G99/><T120/><D120/><U2/><E2/><V51/><F38/><W94/><G94/><T20/><D36/><U80/><E6/><V90/><REACH who="2" step="1"/><F92/><REACH who="2" ten="250,250,240,250" step="2"/><W101/><G101/><T123/><D123/><U106/><E106/><V82/><F82/><W0/><G0/><T48/><D48/><U91/><E80/><V73/><F73/><W128/><G128/><T97/><D97/><U3/><E95/><V78/><F78/><W59/><G43/><T4/><D41/><U116/><E93/><V122/><F122/><W129/><G42/><T63/><D83/><U40/><E40/><V25/><F25/><W13/><G129/><T72/><D50/><U105/><E105/><V28/><F28/><N who="3" m="10859" /><G59/><T11/><D76/><U46/><E116/><V69/><F69/><W103/><G103/><T49/><D49/><U33/><E118/><V37/><F37/><W132/><G132/><T124/><D124/><AGARI ba="0,1" hai="13,14,16,22,26,124,126,127" m="10859,43017" machi="124" ten="30,12000,2" yaku="18,1,34,2,52,2,54,1" doraHai="10" who="3" fromWho="0" sc="250,-120,250,0,240,0,250,130" /><INIT seed="1,0,0,4,5,21" ten="130,250,240,380" oya="1" hai0="123,7,82,95,73,76,104,59,112,48,133,44,84" hai1="125,9,38,32,129,70,85,14,93,17,22,67,19" hai2="74,116,86,101,92,127,12,31,28,55,30,11,81" hai3="122,128,121,87,71,45,27,113,132,134,47,99,60"/><U5/><E38/><V109/><F116/><W103/><G113/><T0/><D112/><U69/><E67/><V117/><F117/><W114/><G114/><T50/><D133/><N who="3" m="51305" /><G128/><T102/><D123/><N who="3" m="47113" /><G87/><T13/><D0/><U43/><E43/><V97/><F109/><W130/><G130/><T16/><D7/><U3/><E129/><V58/><F74/><W79/><G79/><T35/><D35/><U42/><E42/><V46/><F46/><N who="3" m="17419" /><G27/><T54/><D104/><U124/><E32/><V4/><F127/><W98/><G103/><T94/><D102/><U63/><E19/><V39/><F39/><W53/><G53/><T23/><REACH who="0" step="1"/><D73/><REACH who="0" ten="120,250,240,380" step="2"/><U6/><E6/><V111/><F111/><W135/><G135/><T120/><D120/><U36/><E3/><V52/><REACH who="2" step="1"/><F58/><REACH who="2" ten="120,250,230,380" step="2"/><W66/><AGARI ba="0,2" hai="60,66,71,98,99" m="17419,47113,51305" machi="66" ten="40,1500,0" yaku="20,1" doraHai="21" who="3" fromWho="3" sc="120,-4,250,-7,230,-4,380,35" /><INIT seed="2,0,0,4,5,39" ten="116,243,226,415" oya="2" hai0="23,52,5,19,17,59,101,42,90,60,47,82,77" hai1="116,135,45,33,121,87,89,65,53,69,44,79,66" hai2="97,128,64,6,63,49,11,35,131,4,32,71,30" hai3="1,29,81,48,36,78,103,94,119,10,117,61,20"/><V80/><F4/><W118/><G36/><T124/><D101/><U56/><E33/><V9/><F11/><W34/><G34/><T122/><D124/><U132/><E79/><V111/><F80/><W37/><G37/><T127/><D127/><U38/><E116/><V72/><F72/><W99/><G61/><T7/><D122/><U21/><E21/><V86/><F86/><W85/><G48/><T75/><D90/><U104/><E104/><V13/><F111/><W31/><G20/><T134/><D134/><N who="1" m="51243" /><E121/><V0/><F13/><W15/><REACH who="3" step="1"/><G1/><REACH who="3" ten="116,243,226,405" step="2"/><T107/><D107/><U68/><E38/><V130/><F49/><W105/><G105/><T50/><REACH who="0" step="1"/><D19/><AGARI ba="0,1" hai="10,15,19,29,31,78,81,85,94,99,103,117,118,119" machi="19" ten="40,2600,0" yaku="1,1,53,1" doraHai="39" doraHaiUra="83" who="3" fromWho="0" sc="116,-26,243,0,226,0,405,36" /><INIT seed="3,0,0,2,1,56" ten="90,243,226,441" oya="3" hai0="116,119,70,5,111,38,105,40,128,50,121,101,24" hai1="98,37,93,60,107,45,48,27,100,58,127,126,57" hai2="49,95,71,3,65,89,35,8,120,85,88,52,51" hai3="80,14,123,97,26,0,1,131,125,118,21,39,63"/><W112/><G80/><T79/><D24/><U104/><E37/><V91/><F35/><W122/><G14/><T64/><D5/><U29/><E57/><V62/><F49/><W102/><G39/><T81/><D50/><U133/><E133/><V96/><F120/><W135/><G63/><T41/><D40/><U67/><E126/><V42/><F42/><W47/><G26/><T109/><D41/><N who="1" m="24623" /><E127/><V13/><F3/><W61/><G61/><T22/><D22/><AGARI ba="0,0" hai="22,27,29,58,60,67,93,98,100,104,107" m="24623" machi="22" ten="30,2000,0" yaku="25,1,52,1" doraHai="56" who="1" fromWho="0" sc="90,-20,243,20,226,0,441,0" owari="70,-43.0,263,6.3,226,-17.4,441,54.1" /></mjloggm>