<mjloggm ver="2.3"><GO type="225" lobby="0"/><UN n0="%E9%80%9F%E6%B0%B4%E5%87%9B%E9%A6%99" n1="%E9%A2%A8%E3%81%A7%E9%B3%B4%E3%81%8F" n2="%E9%80%86%E9%80%A3%E5%B8%AF%E3%81%AE%E9%AC%BC" n3="%43%68%65" dan="16,16,16,16" rate="2168.35,2077.55,2164.10,2057.76" sx="F,M,M,M"/><TAIKYOKU oya="0"/><INIT seed="0,0,0,4,1,35" ten="250,250,250,250" oya="0" hai0="58,73,100,18,57,84,101,0,98,110,104,93,20" hai1="113,54,6,90,29,13,129,134,66,55,49,130,106" hai2="105,60,68,41,70,25,85,65,34,1,114,37,111" hai3="62,81,86,71,135,23,53,61,72,31,92,44,63"/><T4/><D73/><U107/><E134/><V10/><F114/><W99/><G135/><T8/><D110/><U64/><E29/><V118/><F111/><W96/><G72/><T7/><D7/><U48/><E90/><V12/><F118/><W33/><G33/><T22/><D22/><U125/><E13/><V120/><F120/><W40/><G71/><T74/><D74/><U17/><E17/><V132/><F132/><W11/><G53/><N who="1" m="19978" /><E6/><V27/><F105/><N who="1" m="39945" /><E125/><V56/><F85/><W50/><G11/><T103/><D84/><U95/><E95/><V9/><F70/><W42/><G42/><T108/><D108/><U52/><N who="1" m="19986" /><U115/><DORA hai="24" /><E66/><V109/><F68/><W26/><REACH who="3" step="1"/><G92/><REACH who="3" ten="250,250,250,240" step="2"/><T88/><REACH who="0" step="1"/><D104/><REACH who="0" ten="240,250,250,240" step="2"/><U47/><E115/><V97/><F34/><W79/><AGARI ba="0,2" hai="23,26,31,40,44,50,61,62,63,79,81,86,96,99" machi="79" ten="30,12000,2" yaku="1,1,2,1,0,1,8,1,52,1,53,1" doraHai="35,24" doraHaiUra="19,2" who="3" fromWho="3" sc="240,-60,250,-30,250,-30,240,140" /><INIT seed="1,0,0,5,5,9" ten="180,220,220,380" oya="1" hai0="120,78,31,40,67,68,90,81,75,86,52,127,101" hai1="3,126,114,28,71,36,2,104,94,63,8,14,7" hai2="118,89,13,103,44,128,87,123,72,0,60,62,106" hai3="6,10,112,30,133,132,121,56,135,29,1,129,48"/><U18/><E104/><V25/><F123/><W32/><G121/><T91/><D127/><U51/><E36/><V111/><F0/><W108/><G112/><T96/><D40/><U47/><E114/><V109/><F128/><W34/><G129/><T12/><D67/><U20/><E126/><V46/><F72/><W92/><G108/><T57/><D68/><U19/><E28/><N who="3" m="10858" /><G92/><T113/><D113/><U79/><E79/><V116/><F25/><W74/><G74/><T85/><D120/><U130/><E130/><V66/><F103/><W98/><G98/><T15/><D31/><U17/><E94/><V97/><F97/><W107/><G107/><T41/><D41/><U24/><E2/><V95/><F106/><W125/><G125/><T134/><D134/><U82/><E82/><V50/><F62/><W49/><G56/><T65/><D65/><U122/><E122/><V39/><F39/><W100/><G100/><T11/><D11/><U26/><E26/><V117/><F46/><W76/><G76/><N who="0" m="46247" /><D75/><U83/><E83/><V80/><F80/><W102/><G102/><T69/><D69/><U73/><E73/><V99/><F99/><W42/><G42/><T35/><D35/><AGARI ba="0,0" hai="1,6,10,32,34,35,48,49,132,133,135" m="10858" machi="35" ten="40,1300,0" yaku="20,1" doraHai="9" who="3" fromWho="0" sc="180,-13,220,0,220,0,380,13" /><INIT seed="2,0,0,2,0,13" ten="167,220,220,393" oya="2" hai0="56,75,89,18,113,84,9,99,98,2,133,17,74" hai1="29,72,30,125,59,128,110,104,135,116,34,111,90" hai2="43,81,120,129,3,57,130,67,46,39,55,134,126" hai3="48,37,65,79,33,64,68,15,14,109,124,121,4"/><V6/><F120/><W16/><G37/><T26/><D113/><U31/><E104/><V10/><F134/><W69/><G33/><T38/><D38/><U105/><E105/><V19/><F126/><W132/><G121/><T54/><D133/><U22/><E135/><V103/><F103/><W21/><G132/><T8/><D75/><U40/><E72/><V23/><F81/><W87/><G109/><T45/><D45/><U52/><E128/><V47/><F47/><W49/><G69/><T101/><D74/><U85/><E40/><V92/><F92/><W78/><G68/><T60/><D2/><U127/><E22/><V76/><F76/><N who="3" m="29227" /><G87/><T112/><D26/><U93/><E34/><V24/><REACH who="2" step="1"/><F67/><REACH who="2" ten="167,220,210,393" step="2"/><N who="3" m="25675" /><G124/><N who="1" m="47690" /><E116/><V73/><F73/><W5/><G5/><T119/><D119/><U50/><AGARI ba="0,1" hai="29,30,31,50,52,59,85,90,93,110,111" m="47690" machi="50" ten="40,2700,0" yaku="18,1,54,1" doraHai="13" who="1" fromWho="1" sc="167,-7,220,37,210,-13,393,-7" /><INIT seed="3,0,0,2,1,96" ten="160,257,197,386" oya="3" hai0="52,88,65,8,50,29,70,110,74,58,104,122,89" hai1="117,38,3,114,7,63,43,23,91,129,111,93,34" hai2="87,126,76,78,2,53,86,109,98,20,33,60,82" hai3="46,108,54,27,64,47,6,41,61,72,100,32,18"/><W128/><G72/><T131/><D122/><U39/><E34/><V71/><F33/><W118/><G118/><T92/><D74/><U26/><E114/><V12/><F126/><W95/><G6/><T124/><D104/><U103/><E103/><V105/><F109/><W45/><G41/><T107/><D110/><U42/><E42/><V30/><F2/><W77/><G77/><T36/><D107/><U17/><E111/><V31/><F105/><W79/><G79/><T115/><D36/><U13/><E43/><V62/><F98/><W119/><G54/><T24/><D124/><U9/><E129/><V85/><F53/><W130/><G119/><T4/><D131/><U73/><E73/><V123/><F123/><W132/><G132/><T40/><D40/><U67/><E3/><V125/><F125/><W101/><G95/><T69/><D115/><U90/><E90/><V51/><F51/><W99/><G99/><T133/><D133/><U102/><E102/><V28/><F71/><W10/><G100/><T116/><D116/><U97/><E117/><V80/><F86/><W11/><G101/><T81/><D81/><U5/><E5/><V134/><F134/><W94/><G32/><T21/><D65/><U48/><E48/><V44/><F44/><W15/><G46/><T55/><D55/><U16/><E7/><V57/><F57/><AGARI ba="0,0" hai="9,13,16,17,23,26,38,39,57,63,67,91,93,97" machi="57" ten="30,2000,0" yaku="7,1,54,1" doraHai="96" who="1" fromWho="2" sc="160,0,257,20,197,-20,386,0" owari="160,-34.0,277,7.7,177,-22.3,386,48.6" /></mjloggm>