<mjloggm ver="2.3"><GO type="225" lobby="0"/><UN n0="%E3%81%BE%E3%81%A8%E3%81%9F" n1="%E3%81%AF%E3%82%88%E3%81%8A%E3%81%98%E3%81%95%E3%82%93" n2="%E7%99%BD%E6%97%A5%E9%9B%AA%E8%8F%9C" n3="%E3%81%82%E3%81%B9%E3%81%99%E3%81%91" dan="16,17,16,16" rate="2122.30,2238.42,2179.32,2114.19" sx="M,M,M,M"/><TAIKYOKU oya="0"/><INIT seed="0,0,0,0,3,85" ten="250,250,250,250" oya="0" hai0="4,101,127,44,15,78,29,96,27,88,49,133,38" hai1="134,105,110,25,26,118,46,16,130,8,66,65,123" hai2="55,7,31,132,106,103,12,98,113,86,23,17,56" hai3="30,51,40,125,97,9,57,34,1,64,41,112,58"/><T36/><D127/><U60/><E105/><V6/><F132/><W28/><G112/><T83/><D133/><U52/><E134/><V89/><F31/><N who="3" m="11819" /><G34/><T69/><D69/><U71/><E123/><V102/><F102/><W43/><G1/><T117/><D15/><N who="1" m="7271" /><E118/><V63/><REACH who="2" step="1"/><F113/><REACH who="2" ten="250,250,240,250" step="2"/><W18/><G125/><T75/><D117/><U90/><E110/><V5/><F5/><W128/><G128/><T53/><D101/><U84/><E130/><V131/><F131/><W74/><G74/><T62/><D4/><U59/><E71/><V100/><F100/><W93/><G43/><T108/><D108/><U129/><E129/><V39/><F39/><W73/><G41/><T48/><D38/><U76/><E76/><V120/><F120/><W35/><G40/><T54/><D36/><U47/><E66/><V94/><AGARI ba="0,1" hai="6,7,12,17,23,55,56,63,86,89,94,98,103,106" machi="94" ten="20,8000,1" yaku="1,1,0,1,7,1,52,1,53,1" doraHai="85" doraHaiUra="19" who="2" fromWho="2" sc="250,-40,250,-20,240,90,250,-20" /><INIT seed="1,0,0,1,2,31" ten="210,230,330,230" oya="1" hai0="5,38,61,80,84,117,42,100,115,133,116,86,98" hai1="22,12,35,54,56,45,110,134,24,85,13,105,6" hai2="30,34,9,129,97,76,82,49,19,75,83,126,50" hai3="119,29,121,66,132,47,68,51,72,58,125,62,57"/><U8/><E105/><V90/><F126/><W77/><G29/><T11/><D115/><U108/><E134/><V7/><F129/><W32/><G32/><T40/><D133/><U25/><E45/><V60/><F19/><W16/><G72/><T113/><D113/><U123/><E123/><V118/><F118/><W46/><G77/><T20/><D86/><U69/><E69/><V28/><F60/><N who="3" m="40007" /><G16/><T65/><D20/><U26/><E85/><V109/><F109/><N who="1" m="42089" /><E54/><V106/><F83/><W130/><G132/><T0/><D116/><U63/><E56/><V81/><F81/><W18/><G18/><T96/><D117/><U14/><E63/><V102/><F90/><W74/><G74/><T43/><D38/><U53/><E53/><V79/><F79/><W73/><G73/><T2/><D2/><N who="1" m="87" /><E35/><V131/><F34/><W135/><G47/><T17/><D42/><U52/><E52/><V27/><F75/><W1/><G58/><T107/><D96/><U128/><E128/><V120/><F97/><W114/><G130/><T10/><D61/><U122/><E122/><V89/><F120/><W70/><G135/><T64/><D43/><U93/><E93/><V103/><F106/><W78/><G62/><T92/><D40/><U95/><E95/><V127/><F131/><W104/><G104/><T59/><D59/><U67/><E67/><V99/><F76/><W101/><G78/><N who="0" m="46103" /><D107/><U48/><E48/><V94/><F50/><W41/><G121/><T4/><D65/><U15/><N who="1" m="3072" /><DORA hai="91" /><U87/><E87/><V88/><F49/><W124/><G119/><RYUUKYOKU ba="0,0" sc="210,-10,230,30,330,-10,230,-10" hai1="22,24,25,26" /><INIT seed="1,1,0,3,5,42" ten="200,260,320,220" oya="1" hai0="71,63,36,45,90,121,3,95,77,52,83,111,80" hai1="91,55,22,19,17,20,28,118,12,81,18,122,100" hai2="117,79,119,123,103,114,31,8,15,47,13,59,2" hai3="57,14,6,109,35,75,53,88,89,129,78,16,102"/><U133/><E122/><V27/><F123/><W116/><G109/><T124/><D121/><U101/><E118/><V127/><F127/><W125/><G125/><T54/><D124/><U66/><E133/><V29/><F114/><W110/><G110/><T30/><D3/><U23/><E66/><V4/><F103/><N who="1" m="39497" /><E28/><V94/><F79/><W85/><G35/><T51/><D111/><U33/><E33/><V46/><F94/><W26/><G129/><T131/><D131/><U120/><E120/><V24/><F59/><W69/><G69/><T87/><D36/><U93/><E55/><V105/><F105/><W41/><G75/><T50/><D30/><U34/><E34/><V92/><F92/><W58/><G102/><T106/><D106/><U84/><E93/><V134/><F134/><W7/><G53/><T70/><D63/><U73/><E73/><V38/><F38/><W1/><G1/><T10/><D10/><AGARI ba="1,0" hai="10,12,17,18,19,20,22,23,81,84,91" m="39497" machi="10" ten="30,1500,0" yaku="8,1" doraHai="42" who="1" fromWho="0" sc="200,-18,260,18,320,0,220,0" /><INIT seed="1,2,0,4,1,30" ten="182,278,320,220" oya="1" hai0="44,119,116,98,56,54,10,103,46,55,82,32,7" hai1="93,81,43,3,102,40,107,105,16,12,6,95,127" hai2="67,65,111,125,24,77,126,120,22,108,63,28,29" hai3="87,2,52,13,73,70,124,37,89,17,15,121,106"/><U8/><E127/><N who="2" m="48651" /><F120/><W79/><G121/><T58/><D82/><U45/><E81/><V122/><F122/><W131/><G2/><T86/><D86/><U31/><E31/><N who="2" m="11851" /><F77/><W57/><G70/><T99/><D10/><U68/><E68/><N who="2" m="42047" /><F67/><W9/><G124/><T80/><D80/><U129/><E129/><V35/><F35/><W100/><G131/><T50/><D50/><U47/><E47/><V1/><F1/><W42/><G79/><T96/><D7/><U25/><E25/><V117/><F117/><W41/><G15/><T23/><D23/><U49/><E43/><V101/><F101/><W92/><G42/><T27/><D103/><U36/><E36/><V14/><F14/><W135/><G41/><T83/><D83/><U123/><E123/><V18/><AGARI ba="2,0" hai="18,22,24,108,111" m="42047,11851,48651" machi="18" ten="30,1100,0" yaku="18,1" doraHai="30" who="2" fromWho="2" sc="182,-5,278,-7,320,17,220,-5" /><INIT seed="2,0,0,4,4,100" ten="177,271,337,215" oya="2" hai0="3,61,70,102,120,1,109,14,63,55,25,69,124" hai1="31,73,107,44,91,110,79,6,119,101,54,26,112" hai2="71,114,77,47,11,96,98,50,9,80,10,48,85" hai3="52,93,16,95,37,127,125,4,84,35,103,40,130"/><V118/><F114/><W105/><G35/><T39/><D120/><U88/><E119/><V12/><F118/><W117/><G117/><T2/><D109/><U27/><E112/><V76/><F71/><W53/><G130/><T23/><D124/><N who="3" m="47689" /><G4/><T108/><D39/><U128/><E6/><V81/><F12/><W0/><G0/><T46/><D108/><U17/><E110/><V106/><F106/><W34/><G34/><T99/><D14/><U8/><E128/><V122/><F122/><W41/><G16/><T116/><D116/><U21/><E8/><V121/><F121/><W72/><G72/><T87/><D87/><U30/><E79/><V126/><F126/><W104/><G103/><T62/><D55/><N who="3" m="21065" /><G37/><T43/><D46/><U92/><E73/><V49/><F47/><W56/><G56/><T5/><D5/><U129/><E17/><V36/><F36/><W64/><G64/><T113/><D113/><U22/><E129/><V58/><F58/><W51/><G84/><AGARI ba="0,0" hai="9,10,11,48,49,50,76,77,80,81,84,85,96,98" machi="84" ten="40,3900,0" yaku="9,1,8,1" doraHai="100" who="2" fromWho="3" sc="177,0,271,0,337,39,215,-39" /><INIT seed="2,1,0,4,0,1" ten="177,271,376,176" oya="2" hai0="10,13,128,29,64,110,47,40,87,107,18,20,113" hai1="118,71,37,9,23,93,30,108,43,122,35,31,42" hai2="82,24,4,131,38,79,56,81,91,59,58,124,57" hai3="83,62,0,32,2,6,106,89,51,99,61,7,65"/><V52/><F38/><W132/><G83/><T92/><D113/><U67/><E118/><V119/><F119/><W100/><G32/><T130/><D107/><U125/><E35/><V90/><F124/><W50/><G89/><T98/><D64/><U8/><E125/><V121/><F121/><W135/><G65/><T104/><D104/><U80/><E67/><V36/><F36/><W16/><G106/><T126/><D126/><U21/><E37/><V22/><F131/><W28/><G16/><T17/><D87/><U14/><E80/><N who="2" m="30827" /><F4/><W55/><G55/><T66/><D29/><U27/><E93/><V49/><F79/><W60/><G28/><AGARI ba="1,0" hai="22,24,28,49,52,56,57,58,59,90,91" m="30827" machi="28" ten="30,2900,0" yaku="8,1,54,1" doraHai="1" who="2" fromWho="3" sc="177,0,271,0,376,32,176,-32" /><INIT seed="2,2,0,2,5,116" ten="177,271,408,144" oya="2" hai0="9,80,115,106,27,64,132,93,85,40,69,118,87" hai1="37,20,124,57,94,31,82,71,5,117,18,59,130" hai2="35,97,45,60,12,67,133,111,86,88,84,89,33" hai3="76,54,29,62,28,63,134,52,7,66,125,6,46"/><V104/><F133/><W109/><G134/><T114/><D106/><U51/><E71/><V73/><F73/><W120/><G109/><T39/><D118/><U92/><E37/><V65/><F111/><W107/><G76/><T78/><D132/><U79/><E117/><V47/><F12/><W135/><G135/><T75/><D27/><U58/><E124/><V101/><F60/><W129/><G129/><T77/><D64/><U122/><E130/><V110/><F110/><W72/><G46/><T11/><D69/><U43/><E31/><V2/><F2/><W16/><G66/><T4/><D93/><U48/><E5/><V96/><REACH who="2" step="1"/><F101/><REACH who="2" ten="177,271,398,144" step="2"/><W17/><G72/><T56/><D75/><U68/><E68/><V123/><F123/><W91/><G125/><T36/><D114/><U41/><E122/><V1/><F1/><W21/><G120/><T26/><D115/><U113/><E113/><V95/><F95/><W34/><G107/><AGARI ba="2,1" hai="33,35,45,47,65,67,84,86,88,89,96,97,104,107" machi="107" ten="25,9600,0" yaku="1,1,22,2,54,1,53,0" doraHai="116" doraHaiUra="24" who="2" fromWho="3" sc="177,0,271,0,398,112,144,-102" /><INIT seed="2,3,0,4,2,134" ten="177,271,510,42" oya="2" hai0="72,98,76,109,38,96,9,103,132,127,17,122,112" hai1="51,10,3,128,113,5,131,21,71,121,57,80,29" hai2="68,99,117,81,32,95,120,27,129,101,85,62,0" hai3="87,1,43,39,124,26,91,12,33,28,111,19,79"/><V18/><F117/><W2/><G111/><T115/><D17/><U55/><E71/><V59/><F120/><W107/><G107/><T34/><D38/><U14/><E113/><N who="0" m="43593" /><D34/><U30/><E121/><V126/><F0/><W56/><G79/><T4/><D4/><U31/><E80/><V24/><F126/><W119/><G119/><T77/><D9/><U84/><E84/><V47/><F68/><W135/><G135/><T88/><D132/><U104/><E104/><V36/><F32/><W60/><G39/><T65/><D65/><U15/><E21/><V53/><F18/><W49/><G43/><T40/><D40/><U130/><AGARI ba="3,0" hai="3,5,10,14,15,29,30,31,51,55,57,128,130,131" machi="130" ten="40,2700,0" yaku="0,1,19,1" doraHai="134" who="1" fromWho="1" sc="177,-10,271,36,510,-16,42,-10" /><INIT seed="3,0,0,2,1,39" ten="167,307,494,32" oya="3" hai0="96,103,118,99,123,4,46,47,100,132,130,91,41" hai1="3,64,88,0,90,54,79,13,11,49,67,61,125" hai2="35,8,87,16,134,18,38,119,15,34,109,80,59" hai3="131,101,43,74,112,26,76,56,129,122,24,20,51"/><W2/><G112/><T111/><D118/><U75/><E75/><V32/><F119/><W115/><G115/><T116/><D116/><U31/><E0/><V33/><F38/><W110/><G122/><T27/><D123/><U77/><E3/><V66/><F34/><W128/><G2/><T97/><D91/><N who="1" m="34859" /><E125/><V86/><F134/><W135/><G135/><T25/><D132/><U81/><E31/><V58/><F86/><W17/><G110/><T7/><D111/><U57/><E81/><V23/><F66/><N who="1" m="25129" /><E49/><V105/><F109/><W69/><G101/><T12/><D12/><U37/><E37/><V36/><F36/><W44/><G69/><T83/><D83/><U133/><E133/><V30/><F30/><W93/><G93/><T85/><D85/><U78/><E79/><V22/><F80/><N who="3" m="45079" /><G56/><T120/><D120/><U72/><E72/><V70/><F59/><W114/><G114/><T98/><D98/><U60/><E61/><V48/><F58/><W102/><G102/><T40/><REACH who="0" step="1"/><D97/><REACH who="0" ten="157,307,494,32" step="2"/><U82/><E82/><V53/><F70/><W55/><G55/><T104/><D104/><U21/><E78/><V62/><F53/><W52/><G52/><T14/><D14/><AGARI ba="0,1" hai="14,17,20,24,26,43,44,51,128,129,131" m="45079" machi="14" ten="30,2900,0" yaku="19,1,52,1" doraHai="39" who="3" fromWho="0" sc="157,-29,307,0,494,0,32,39" /><INIT seed="3,1,0,3,5,103" ten="128,307,494,71" oya="3" hai0="10,131,4,19,45,121,14,105,109,51,13,16,112" hai1="64,3,38,75,80,119,40,33,50,52,1,90,42" hai2="92,134,30,29,87,93,72,62,63,100,96,58,61" hai3="120,59,71,44,81,125,108,126,104,31,91,37,66"/><W116/><G116/><T21/><D121/><U74/><E33/><V110/><F72/><W6/><G120/><T41/><D109/><U48/><E64/><V111/><F134/><W47/><G108/><N who="2" m="41513" /><F58/><W32/><G6/><T57/><D131/><U69/><E90/><AGARI ba="1,0" hai="29,30,61,62,63,87,90,92,93,96,100" m="41513" machi="90" ten="30,1000,0" yaku="14,1" doraHai="103" who="2" fromWho="1" sc="128,0,307,-13,494,13,71,0" owari="128,-27.2,294,9.4,507,60.7,71,-42.9" /></mjloggm>