<mjloggm ver="2.3"><GO type="225" lobby="0"/><UN n0="%E3%83%97%E3%83%AC%E3%83%B4%E3%82%A1%E3%83%86%E3%82%A3" n1="%72%65%6E%6B%75%6E" n2="%E3%81%A9%E3%82%8F%E3%82%93%E3%81%94" n3="%73%6C%69%63%6B%33%31%39" dan="16,17,16,16" rate="2103.25,2214.95,2109.30,2119.14" sx="F,M,M,M"/><TAIKYOKU oya="0"/><INIT seed="0,0,0,1,1,15" ten="250,250,250,250" oya="0" hai0="22,29,11,103,46,30,55,132,102,31,61,38,2" hai1="13,82,93,21,115,7,51,120,123,83,53,54,68" hai2="60,67,1,81,77,109,92,69,95,0,114,47,100" hai3="25,106,85,10,113,122,131,5,63,86,56,76,91"/><T101/><D132/><U27/><E68/><V34/><F114/><W9/><G113/><T23/><D61/><U41/><E115/><V33/><F109/><W19/><G122/><T98/><D98/><U45/><E120/><V94/><F100/><W117/><G117/><T112/><D112/><U17/><E123/><V39/><F39/><W74/><G106/><T125/><D125/><U105/><E105/><V32/><REACH who="2" step="1"/><F47/><REACH who="2" ten="250,250,240,250" step="2"/><W57/><G131/><T135/><D135/><U75/><E75/><AGARI ba="0,1" hai="0,1,32,33,34,60,67,69,75,77,81,92,94,95" machi="75" ten="50,3200,0" yaku="1,1,2,1,53,0" doraHai="15" doraHaiUra="133" who="2" fromWho="1" sc="250,0,250,-32,240,42,250,0" /><INIT seed="1,0,0,0,1,118" ten="250,218,282,250" oya="1" hai0="44,115,58,126,59,28,114,106,42,119,82,127,23" hai1="124,90,15,113,98,108,57,67,99,120,128,130,75" hai2="34,33,6,97,31,111,122,112,132,73,45,77,78" hai3="70,10,43,93,16,8,61,37,25,107,64,72,49"/><U123/><E113/><N who="0" m="43017" /><D106/><U29/><E75/><V3/><F112/><W65/><G107/><T41/><D82/><U101/><E29/><V85/><F85/><W27/><G72/><T104/><D104/><N who="1" m="63543" /><E15/><V4/><F97/><W96/><G37/><T125/><D28/><U92/><E124/><V55/><F55/><W50/><G70/><T38/><D23/><U54/><E67/><N who="3" m="25674" /><G61/><T68/><D68/><U52/><E54/><V83/><F31/><W60/><G60/><T133/><D119/><U12/><E12/><V81/><F34/><W47/><G50/><N who="0" m="26895" /><D133/><U36/><E36/><V2/><F132/><W100/><G16/><T129/><D129/><N who="1" m="49771" /><E108/><V103/><F111/><W18/><G18/><T76/><D76/><U14/><E14/><V80/><F78/><W117/><G117/><T74/><D74/><U79/><E79/><V71/><F77/><W66/><G66/><T63/><D63/><AGARI ba="0,0" hai="52,57,63,90,92,99,120,123" m="49771,63543" machi="63" ten="30,11600,0" yaku="19,1,52,2,54,1" doraHai="118" who="1" fromWho="0" sc="250,-116,218,116,282,0,250,0" /><INIT seed="1,1,0,5,3,71" ten="134,334,282,250" oya="1" hai0="20,21,14,31,75,83,115,61,33,74,54,86,70" hai1="24,93,127,113,45,121,76,65,62,38,34,27,126" hai2="103,105,98,51,123,87,48,122,124,28,5,96,109" hai3="52,59,66,131,60,80,3,133,72,111,47,129,11"/><U23/><E113/><V55/><F109/><W39/><G111/><T29/><D115/><U104/><E104/><V0/><F124/><N who="1" m="47657" /><E121/><V41/><F28/><W125/><G125/><T94/><D33/><U77/><E34/><V130/><F130/><N who="3" m="49675" /><G72/><T16/><D94/><U97/><E45/><V40/><F0/><W12/><G3/><T119/><D119/><U91/><E38/><V56/><F5/><W64/><G80/><T30/><D21/><U26/><E23/><V25/><F25/><N who="1" m="6401" /><U35/><DORA hai="107" /><E35/><V92/><F105/><W9/><G133/><T110/><D110/><U13/><E13/><V8/><F123/><W120/><G120/><T73/><D54/><U134/><E134/><V85/><F55/><W68/><G12/><T128/><D128/><U67/><E67/><N who="3" m="25642" /><G68/><AGARI ba="1,0" hai="62,65,68,76,77,91,93,97" m="6401,47657" machi="68" ten="40,2000,0" yaku="18,1" doraHai="71,107" who="1" fromWho="3" sc="134,0,334,23,282,0,250,-23" /><INIT seed="1,2,0,0,1,1" ten="134,357,282,227" oya="1" hai0="110,22,24,121,38,124,21,109,91,62,120,13,135" hai1="50,76,14,103,0,84,122,126,119,23,29,72,65" hai2="45,86,101,7,108,98,75,51,106,116,115,18,5" hai3="113,70,46,95,44,41,19,4,85,25,94,82,66"/><U30/><E0/><V36/><F116/><W78/><G113/><T6/><D38/><U73/><E122/><N who="0" m="47209" /><D91/><U128/><E119/><V47/><F75/><W63/><G4/><T40/><D40/><U102/><E65/><V125/><F115/><W133/><G133/><T43/><D43/><U11/><E126/><V131/><F36/><W134/><G134/><T80/><D80/><U55/><E128/><V81/><F131/><W83/><G44/><T96/><D96/><U8/><E72/><V132/><F125/><W118/><G118/><T88/><D135/><U100/><E73/><V92/><F108/><N who="0" m="41578" /><D62/><U87/><E11/><V107/><F132/><W16/><G83/><T12/><D88/><U31/><E23/><N who="0" m="8713" /><D124/><U89/><E76/><N who="2" m="46375" /><F107/><W42/><G42/><T97/><D97/><U53/><E89/><V67/><F106/><W57/><G70/><T52/><D52/><N who="1" m="20043" /><E50/><V10/><F67/><W58/><G58/><T56/><D56/><U17/><AGARI ba="2,0" hai="8,14,17,29,30,31,84,87,100,102,103" m="20043" machi="17" ten="40,3900,0" yaku="8,1,54,1" doraHai="1" who="1" fromWho="1" sc="134,-15,357,45,282,-15,227,-15" /><INIT seed="1,3,0,1,4,7" ten="119,402,267,212" oya="1" hai0="66,4,14,1,12,69,22,46,91,103,61,124,13" hai1="36,114,132,86,76,58,55,26,123,90,67,99,130" hai2="92,39,95,74,37,3,35,43,96,47,87,40,60" hai3="106,113,102,89,17,105,81,25,83,85,122,118,111"/><U50/><E114/><V133/><F35/><W33/><G113/><T129/><D124/><U45/><E123/><V52/><F74/><W116/><G122/><T42/><D129/><U32/><E130/><V53/><F3/><W24/><G33/><T94/><D103/><U104/><E132/><V97/><F87/><N who="3" m="50415" /><G17/><T16/><D1/><U82/><E67/><V38/><F133/><W125/><G24/><T80/><D80/><U34/><E26/><V29/><F29/><W73/><G25/><T128/><D128/><U44/><E44/><V51/><F60/><W126/><G73/><T62/><D62/><U8/><E8/><V78/><F78/><N who="3" m="46327" /><G111/><T19/><D4/><U5/><E5/><V71/><F71/><W108/><G108/><T11/><D91/><U120/><E120/><V79/><F79/><W15/><G15/><T41/><D94/><U9/><E9/><V28/><F28/><W63/><G63/><T57/><D13/><U56/><E36/><V119/><F39/><W65/><G65/><T112/><D112/><U117/><E32/><V31/><F31/><W98/><G105/><T131/><D131/><U49/><E34/><V10/><F38/><W54/><G54/><T0/><D0/><U68/><E68/><V107/><F107/><W72/><G72/><T27/><D69/><U20/><E104/><V134/><F134/><W6/><G6/><N who="0" m="3191" /><D46/><U88/><E45/><V121/><F121/><W23/><G23/><AGARI ba="3,0" hai="14,16,19,22,23,27,41,42,57,61,66" m="3191" machi="23" ten="30,3900,0" yaku="8,1,52,1,54,1" doraHai="7" who="0" fromWho="3" sc="119,48,402,0,267,0,212,-48" /><INIT seed="2,0,0,3,3,116" ten="167,402,267,164" oya="2" hai0="78,113,21,69,114,17,99,129,44,111,13,55,65" hai1="52,106,59,79,117,68,5,9,77,105,37,103,121" hai2="124,1,18,95,86,0,70,126,28,26,19,131,92" hai3="51,94,57,67,22,109,36,118,93,134,49,85,45"/><V63/><F70/><W33/><G33/><T128/><D78/><U112/><E37/><V6/><F63/><N who="3" m="38383" /><G118/><T7/><D69/><U71/><E112/><N who="0" m="43113" /><D65/><U41/><E41/><V47/><F47/><W102/><G36/><T20/><D99/><U42/><E42/><V43/><F43/><N who="3" m="24767" /><G109/><T91/><D91/><U54/><E59/><V16/><F131/><N who="0" m="50250" /><D44/><U127/><E103/><V56/><F56/><W39/><G39/><T100/><D55/><U4/><E9/><N who="2" m="2247" /><F1/><W89/><G134/><T133/><D100/><U107/><E107/><V120/><F86/><W87/><G51/><T115/><N who="0" m="43121" /><T88/><DORA hai="30" /><D88/><U62/><E62/><V38/><F95/><N who="3" m="54703" /><G102/><T34/><D111/><U46/><E46/><V97/><F92/><W11/><G11/><N who="0" m="4351" /><D133/><U50/><E50/><V74/><F97/><W29/><G87/><T132/><D132/><U81/><E117/><V40/><F74/><W101/><G101/><T104/><D104/><U31/><E105/><V58/><F58/><W84/><G84/><T98/><D98/><U2/><E106/><V110/><F110/><W82/><G82/><T72/><D72/><U24/><E81/><V14/><F40/><W66/><G66/><T8/><D34/><U76/><E68/><V80/><F38/><W27/><AGARI ba="0,0" hai="22,27,29,93,94" m="54703,24767,38383" machi="27" ten="30,1100,0" yaku="8,1" doraHai="116,30" who="3" fromWho="3" sc="167,-3,402,-3,267,-5,164,11" /><INIT seed="3,0,0,5,1,133" ten="164,399,262,175" oya="3" hai0="64,83,32,118,106,98,92,80,49,1,16,40,128" hai1="31,94,109,90,28,87,86,4,33,70,129,47,46" hai2="75,24,132,67,107,57,68,23,26,34,35,111,30" hai3="79,119,48,45,116,9,101,71,41,112,54,99,104"/><W37/><G112/><T51/><D32/><U2/><E70/><V72/><F107/><W18/><G79/><T84/><D118/><U22/><E33/><V43/><F68/><W117/><G71/><T0/><D106/><U29/><E109/><V135/><F43/><W21/><G9/><T121/><D121/><U77/><E129/><V11/><F111/><W7/><G7/><T127/><D64/><U6/><E2/><V125/><F11/><W62/><G62/><T108/><D128/><U15/><E22/><V12/><F12/><W97/><G97/><T56/><D108/><U27/><E27/><V102/><F102/><W13/><REACH who="3" step="1"/><G117/><REACH who="3" ten="164,399,262,165" step="2"/><T38/><D0/><U39/><E6/><V55/><F135/><W126/><G126/><T5/><D127/><U36/><E77/><V82/><F125/><W65/><G65/><T114/><D114/><U100/><E86/><V122/><F67/><W134/><G134/><T8/><D84/><U14/><E4/><V60/><F132/><W95/><G95/><T10/><D80/><U50/><E87/><V81/><F122/><W63/><G63/><T120/><D83/><U25/><E94/><V58/><F81/><W115/><G115/><T53/><D120/><U89/><E100/><V66/><F82/><W123/><G123/><T110/><D110/><U59/><E90/><V52/><F66/><W74/><G74/><T3/><D92/><U96/><E89/><V76/><F76/><W91/><G91/><T44/><D98/><U73/><E96/><V69/><F69/><W88/><G88/><T20/><D1/><RYUUKYOKU ba="0,1" sc="164,-10,399,-10,262,-10,165,30" hai3="13,18,21,37,41,45,48,54,99,101,104,116,119" /><INIT seed="3,1,1,3,2,34" ten="154,389,252,195" oya="3" hai0="37,111,19,44,85,134,27,126,101,82,94,70,51" hai1="87,83,135,6,124,88,48,54,28,118,110,30,112" hai2="114,3,38,74,91,25,11,10,72,68,95,67,104" hai3="80,14,105,21,46,65,20,7,0,1,39,12,90"/><W128/><G105/><T60/><D111/><U23/><E112/><V53/><F38/><W76/><G128/><T31/><D134/><U97/><E110/><V35/><F104/><W8/><G65/><T103/><D126/><U63/><E135/><V100/><F100/><W16/><G90/><T5/><D37/><U107/><E124/><V86/><F114/><W127/><G127/><T79/><D70/><U130/><E130/><V131/><F131/><W2/><G20/><T132/><D132/><U125/><E125/><V123/><F53/><W102/><G102/><T71/><D19/><U119/><E6/><V61/><F123/><W24/><G14/><T78/><D78/><U58/><E48/><V49/><F49/><W69/><G69/><T50/><D50/><U33/><E33/><V93/><F93/><W15/><G15/><T133/><D133/><U43/><E43/><V98/><F98/><W108/><G108/><T115/><D115/><U121/><E23/><V56/><F68/><W42/><G12/><T120/><D120/><U73/><E73/><AGARI ba="1,1" hai="0,1,2,7,8,16,21,24,39,42,46,73,76,80" machi="73" ten="30,18000,2" yaku="7,1,25,2,52,3,54,1" doraHai="34" who="3" fromWho="1" sc="154,0,389,-183,252,0,195,193" owari="154,-34.6,206,-19.4,252,5.2,388,48.8" /></mjloggm>