<mjloggm ver="2.3"><GO type="225" lobby="0"/><UN n0="%E3%81%95%E3%81%8D%E3%81%9F%E3%81%BE%E6%9E%97%E6%AA%8E" n1="%E3%83%AB%E3%83%9B%E3%83%B3%E3%83%87%E3%82%A3%E3%82%A8" n2="%6B%79%6F%6E%6B%6F%31%31" n3="%E3%81%9F%E3%81%93%E2%98%86%E7%84%BC%E3%81%8D" dan="16,16,17,16" rate="2115.71,2156.11,2213.20,2071.32" sx="M,M,M,M"/><TAIKYOKU oya="0"/><INIT seed="0,0,0,4,2,78" ten="250,250,250,250" oya="0" hai0="19,80,26,20,81,88,79,49,4,30,53,118,115" hai1="8,103,11,105,98,97,24,35,132,114,50,69,54" hai2="39,63,10,51,3,94,122,40,52,42,17,1,77" hai3="45,128,92,113,43,99,87,102,108,123,116,47,46"/><T125/><D115/><U129/><E132/><V104/><F104/><W75/><G113/><T95/><D125/><U89/><E129/><V70/><F122/><W34/><G75/><T0/><D118/><U86/><E69/><V29/><F29/><W76/><G34/><T73/><D0/><U64/><E64/><V25/><F39/><W32/><G32/><T28/><D4/><U66/><E66/><V12/><F70/><W9/><G128/><T126/><D126/><U31/><E98/><V131/><F131/><W48/><G108/><T62/><D62/><U27/><E27/><V71/><F71/><W13/><G123/><T44/><REACH who="0" step="1"/><D80/><REACH who="0" ten="240,250,250,250" step="2"/><U120/><E114/><V119/><F63/><W57/><G116/><T84/><AGARI ba="0,1" hai="19,20,26,28,30,44,49,53,73,79,81,84,88,95" machi="84" ten="20,18000,2" yaku="1,1,2,1,0,1,7,1,52,1,54,1,53,0" doraHai="78" doraHaiUra="59" who="0" fromWho="0" sc="240,190,250,-60,250,-60,250,-60" /><INIT seed="0,1,0,5,0,132" ten="430,190,190,190" oya="0" hai0="128,14,3,105,26,95,88,1,134,28,31,42,22" hai1="120,47,57,38,130,45,70,65,94,126,135,83,60" hai2="92,54,69,91,87,118,125,46,13,90,20,74,32" hai3="114,75,7,39,127,77,41,0,10,15,68,35,122"/><T106/><D42/><U97/><E120/><V44/><F32/><W29/><G114/><T117/><D117/><U96/><E135/><V63/><F118/><W56/><G56/><T6/><D134/><U8/><E130/><V103/><F74/><W48/><G48/><T110/><D110/><U11/><E126/><V107/><F107/><W52/><G52/><T2/><D128/><U102/><E70/><V129/><F103/><W17/><G68/><T12/><D106/><U16/><E97/><V100/><F100/><W115/><G115/><T33/><D105/><U121/><E121/><V37/><F125/><W119/><G119/><T73/><D73/><U5/><E38/><V131/><F37/><W67/><G67/><T79/><D79/><U66/><E66/><V34/><F34/><W78/><G122/><T18/><D95/><U85/><E16/><N who="2" m="10255" /><F69/><W89/><G89/><T43/><D88/><U108/><E108/><V111/><F111/><W112/><G127/><T113/><D43/><U53/><E65/><V23/><F131/><W36/><G112/><T71/><D71/><U81/><E81/><N who="2" m="49519" /><F23/><W62/><G75/><T101/><D101/><U58/><E83/><V40/><F40/><W27/><G41/><T24/><D113/><U51/><E85/><N who="2" m="52335" /><F129/><W19/><G39/><T133/><D133/><U124/><E124/><V72/><F72/><W49/><G36/><T109/><D109/><U21/><E21/><V84/><F84/><W116/><G116/><T104/><D104/><U61/><E102/><V76/><F76/><W86/><G78/><T55/><D33/><RYUUKYOKU ba="1,0" sc="430,-10,190,-10,190,30,190,-10" hai2="44,46,54,63" /><INIT seed="1,2,0,0,3,19" ten="420,180,220,180" oya="1" hai0="33,44,109,75,102,134,37,73,48,124,36,125,29" hai1="128,26,9,97,21,31,74,114,104,90,55,54,85" hai2="17,0,15,116,8,13,115,25,28,96,103,51,120" hai3="119,47,50,111,11,65,68,4,88,87,95,1,123"/><U53/><E114/><V110/><F116/><W41/><G123/><T132/><D109/><U6/><E74/><N who="0" m="28169" /><D102/><U106/><E128/><V27/><F120/><W84/><G111/><T126/><D29/><U10/><E97/><V83/><F110/><W80/><G119/><T76/><D76/><U56/><E56/><V45/><F0/><W49/><G65/><T121/><D33/><U131/><E131/><V69/><F69/><W12/><G68/><T5/><D5/><U113/><E113/><V118/><F118/><W58/><G1/><T71/><D121/><U122/><E122/><V133/><F133/><N who="0" m="51306" /><D71/><U98/><E98/><V24/><F115/><W3/><G3/><T59/><D59/><U100/><E100/><V46/><F83/><W60/><G50/><T42/><AGARI ba="2,0" hai="36,37,42,44,48,124,125,126" m="51306,28169" machi="42" ten="40,2700,0" yaku="18,1,20,1" doraHai="19" who="0" fromWho="0" sc="420,33,180,-15,220,-9,180,-9" /><INIT seed="2,0,0,3,2,126" ten="453,165,211,171" oya="2" hai0="105,108,48,128,29,86,30,131,61,52,7,24,56" hai1="120,64,18,51,96,42,132,3,53,1,130,76,57" hai2="109,79,112,125,60,111,58,5,70,133,33,75,13" hai3="114,35,47,72,90,99,98,32,40,88,124,119,129"/><V82/><F112/><W46/><G124/><T65/><D108/><N who="2" m="41546" /><F125/><W9/><G9/><T97/><D7/><U135/><E76/><V8/><F33/><W102/><G102/><N who="0" m="62671" /><D86/><U107/><E130/><N who="0" m="49705" /><D24/><U23/><E120/><V37/><F37/><W4/><G72/><T81/><D81/><U80/><E80/><V6/><F70/><AGARI ba="0,0" hai="29,30,48,52,56,61,65,70" m="49705,62671" machi="70" ten="30,8000,1" yaku="19,1,52,3,54,1" doraHai="126" who="0" fromWho="2" sc="453,80,165,0,211,-80,171,0" /><INIT seed="3,0,0,4,0,113" ten="533,165,131,171" oya="3" hai0="111,67,108,86,125,114,63,28,38,126,12,73,59" hai1="76,43,134,23,53,105,2,15,35,65,11,128,17" hai2="89,8,100,56,27,106,62,72,135,3,127,92,57" hai3="107,46,42,84,80,24,133,118,20,4,13,60,69"/><W36/><G107/><T21/><D73/><U68/><E105/><V96/><F127/><N who="0" m="48650" /><D38/><U104/><E104/><V124/><F124/><W103/><G103/><T130/><D130/><U109/><E128/><V110/><F110/><W5/><G118/><T85/><D114/><U99/><E43/><V94/><F135/><W45/><G45/><T117/><D117/><U61/><E76/><V132/><F132/><W6/><G60/><T115/><D115/><U1/><E109/><V131/><F131/><W52/><G52/><T55/><D55/><U29/><E134/><V50/><F72/><W93/><G93/><T64/><D64/><U75/><E75/><V25/><F106/><W66/><G66/><T97/><D97/><U74/><E74/><V102/><F50/><W120/><G69/><T51/><D51/><U54/><E99/><V83/><F83/><W30/><G120/><T18/><D28/><U39/><E1/><V123/><F123/><W121/><G121/><T32/><D32/><U40/><E40/><V71/><F71/><W58/><G58/><N who="2" m="22633" /><F62/><W116/><G116/><T90/><D86/><U10/><E39/><V98/><F102/><W31/><G31/><T78/><D78/><U70/><E70/><V49/><F49/><N who="3" m="26839" /><G133/><T79/><D79/><U19/><E2/><V122/><F122/><W95/><G95/><AGARI ba="0,0" hai="12,18,21,59,63,67,85,90,95,108,111" m="48650" machi="95" ten="30,1000,0" yaku="18,1" doraHai="113" who="0" fromWho="3" sc="533,10,165,0,131,0,171,-10" owari="543,64.3,165,-3.5,131,-36.9,161,-23.9" /></mjloggm>