<mjloggm ver="2.3"><GO type="225" lobby="0"/><UN n0="%E5%B8%86%E7%AB%8B%E5%A4%8F%E8%A1%A3" n1="%E2%91%A3%E9%81%BF%E9%81%8A%E6%88%AF%E3%80%90%E6%9D%B1%E5%8D%97%E3%80%91" n2="%61%6D%65%6B%69" n3="%E3%81%AF%E3%82%88%E3%81%8A%E3%81%98%E3%81%95%E3%82%93" dan="16,16,16,16" rate="2117.02,2121.54,2058.57,2185.04" sx="M,M,M,M"/><TAIKYOKU oya="0"/><INIT seed="0,0,0,3,2,47" ten="250,250,250,250" oya="0" hai0="13,108,104,83,107,74,43,19,28,52,88,16,118" hai1="93,55,92,78,80,119,3,50,65,67,121,96,129" hai2="7,73,125,24,45,116,15,48,61,102,100,87,106" hai3="128,25,9,39,112,49,18,54,113,42,90,97,20"/><T64/><D118/><U124/><E121/><V4/><F73/><W40/><G128/><T31/><D43/><U17/><E129/><V82/><F106/><W133/><G133/><T85/><D64/><U115/><E3/><V57/><F125/><W33/><G33/><T5/><D108/><U68/><E124/><V6/><F24/><W77/><G77/><T23/><D5/><U76/><E68/><V105/><F105/><W60/><G39/><T135/><D135/><U70/><E70/><V29/><F29/><N who="0" m="11338" /><D74/><U14/><E115/><V89/><F15/><W84/><G9/><N who="0" m="6191" /><D107/><U41/><E41/><N who="2" m="24623" /><F116/><W110/><G110/><T114/><D104/><U35/><E35/><V91/><F91/><W126/><G126/><T127/><D114/><U58/><E119/><V134/><F134/><W123/><G123/><T30/><D127/><U111/><E111/><V120/><F120/><W53/><G112/><T22/><D30/><U71/><E71/><V46/><F46/><N who="3" m="27831" /><G113/><T51/><D19/><U36/><E36/><V12/><F12/><W21/><G21/><T69/><D69/><U34/><E34/><V117/><F117/><W86/><G42/><T2/><D2/><U1/><E1/><V63/><F63/><W75/><G75/><T101/><D101/><U10/><E76/><V95/><F95/><N who="1" m="36425" /><E96/><V81/><F81/><W44/><G40/><T8/><D8/><U122/><E122/><V62/><F62/><W109/><G109/><T37/><D37/><U130/><E130/><V98/><F98/><W103/><G103/><T99/><D99/><U59/><E80/><RYUUKYOKU ba="0,0" sc="250,15,250,-15,250,15,250,-15" hai0="22,23,51,52,83,85,88" hai2="4,6,7,57,61,82,87,89,100,102" /><INIT seed="0,1,0,4,5,95" ten="265,235,265,235" oya="0" hai0="127,4,83,9,45,84,114,22,116,49,97,85,125" hai1="111,120,5,2,117,113,102,74,70,34,76,54,110" hai2="14,73,108,107,80,37,128,103,20,126,81,69,42" hai3="131,28,48,12,30,68,96,106,43,61,92,119,112"/><T29/><D114/><U60/><E113/><V88/><F69/><W13/><G119/><T17/><D116/><U55/><E117/><V52/><F73/><W38/><G38/><T135/><D135/><U121/><E34/><V65/><F65/><W124/><G106/><T11/><D29/><U132/><E74/><V0/><F0/><W133/><G112/><T109/><D109/><U18/><E70/><V33/><F33/><W105/><G105/><T64/><D64/><U72/><E72/><V25/><F108/><W75/><G75/><T44/><D97/><U10/><E132/><V101/><F42/><W122/><G133/><T3/><D11/><U82/><E111/><V39/><F14/><W104/><G104/><T47/><D49/><U130/><E110/><V36/><F107/><W51/><G124/><N who="0" m="47691" /><D83/><U99/><E121/><V77/><F81/><W98/><G96/><T87/><D85/><U24/><E120/><V67/><F67/><N who="3" m="41071" /><G131/><T50/><D50/><N who="3" m="18985" /><G43/><T27/><AGARI ba="1,0" hai="3,4,9,17,22,27,44,45,47,84,87" m="47691" machi="27" ten="30,1500,0" yaku="18,1" doraHai="95" who="0" fromWho="0" sc="265,18,235,-6,265,-6,235,-6" /><INIT seed="0,2,0,5,2,75" ten="283,229,259,229" oya="0" hai0="14,71,77,64,21,65,117,97,0,125,127,19,53" hai1="114,61,20,42,72,39,112,12,17,135,83,93,9" hai2="84,47,26,54,130,91,67,122,49,121,7,133,96" hai3="124,48,76,32,43,82,5,4,94,78,24,109,52"/><T101/><D117/><U15/><E135/><V102/><F133/><W11/><G32/><T128/><D0/><U110/><E110/><V1/><F130/><W81/><G109/><T10/><D128/><U55/><E93/><V31/><F67/><W8/><G124/><N who="0" m="47691" /><D53/><U6/><E61/><V68/><F68/><W46/><G24/><N who="0" m="14399" /><D71/><U107/><E55/><V41/><F54/><W28/><G28/><T132/><D132/><U99/><E99/><V62/><F62/><W115/><G115/><T69/><D69/><U66/><E66/><V86/><F1/><W103/><G43/><T30/><D30/><U36/><E107/><V113/><F113/><N who="1" m="43625" /><E42/><V58/><F58/><W63/><G63/><T29/><D29/><U2/><E2/><V129/><F129/><W79/><G11/><T33/><D33/><U22/><E22/><V56/><F56/><W120/><G120/><T3/><D3/><U131/><E131/><V23/><F122/><W57/><G57/><T85/><D101/><U105/><E105/><V100/><F121/><W88/><G103/><N who="2" m="39465" /><F7/><N who="3" m="2635" /><G8/><T111/><D97/><AGARI ba="2,0" hai="46,48,52,76,78,79,81,82,88,94,97" m="2635" machi="97" ten="30,12000,2" yaku="8,1,52,3,54,2" doraHai="75" who="3" fromWho="0" sc="283,-126,229,0,259,0,229,126" /><INIT seed="1,0,0,0,5,31" ten="157,229,259,355" oya="1" hai0="12,90,40,54,113,83,37,56,52,11,18,87,104" hai1="0,8,35,47,6,46,64,105,57,69,119,10,124" hai2="88,34,129,126,22,79,116,45,75,30,107,44,76" hai3="94,51,102,81,89,53,106,73,55,71,29,50,48"/><U92/><E119/><V2/><F107/><W114/><G114/><T26/><D113/><U23/><E124/><V20/><F116/><W110/><G71/><T14/><D104/><U67/><E105/><V33/><F2/><W86/><G110/><T62/><D37/><U66/><E69/><V103/><F30/><W70/><G70/><T5/><D40/><U25/><E35/><V91/><F75/><W84/><G29/><T78/><D26/><U58/><E10/><V4/><F4/><W95/><G73/><T93/><D14/><U1/><E1/><V100/><REACH who="2" step="1"/><F129/><REACH who="2" ten="157,229,249,355" step="2"/><W74/><G74/><T125/><D125/><AGARI ba="0,1" hai="20,22,33,34,44,45,76,79,88,91,100,103,125,126" machi="125" ten="25,16000,3" yaku="1,1,2,1,22,2,52,2,54,1,53,2" doraHai="31" doraHaiUra="16" who="2" fromWho="0" sc="157,-160,229,0,249,170,355,0" owari="-3,-50.3,229,-17.1,419,51.9,355,15.5" /></mjloggm>