<mjloggm ver="2.3"><GO type="225" lobby="0"/><UN n0="%E3%81%99%E3%81%84%E3%81%BE%E3%81%9B%E3%83%BC%E3%82%93" n1="%E3%81%AF%E3%82%88%E3%81%8A%E3%81%98%E3%81%95%E3%82%93" n2="%E3%81%B5%E3%81%98%E3%81%8B%E3%81%A4" n3="%77%72%77%72%77%72%77%72" dan="17,17,16,17" rate="2238.59,2166.56,2210.26,2241.57" sx="M,M,M,M"/><TAIKYOKU oya="0"/><INIT seed="0,0,0,4,0,80" ten="250,250,250,250" oya="0" hai0="123,15,82,100,86,115,57,92,96,125,30,88,113" hai1="97,91,22,25,77,8,69,124,94,76,61,79,26" hai2="131,20,43,64,13,105,4,5,107,84,17,7,2" hai3="12,93,135,126,75,11,6,122,109,42,34,10,85"/><T106/><D123/><U108/><E108/><V36/><F131/><W58/><G75/><T62/><D125/><U60/><E124/><V95/><F64/><W73/><G126/><T48/><D48/><U116/><E116/><V63/><F2/><W37/><G73/><T52/><D30/><U41/><E41/><V0/><F0/><W46/><G34/><T72/><D15/><U110/><E110/><V65/><F43/><W47/><G109/><T16/><D16/><U67/><E22/><V68/><REACH who="2" step="1"/><F36/><REACH who="2" ten="250,250,240,250" step="2"/><W101/><G42/><T127/><D127/><U32/><E67/><V40/><F40/><W53/><G37/><T128/><D128/><U33/><E69/><V98/><F98/><W23/><G122/><T120/><D120/><U29/><E97/><V112/><F112/><W132/><G132/><T59/><D59/><U3/><E3/><V111/><F111/><W103/><G135/><T38/><D38/><U81/><E32/><V114/><F114/><W1/><G46/><T133/><D133/><U28/><E33/><V134/><F134/><W18/><G47/><T31/><D31/><U129/><E129/><V51/><F51/><N who="3" m="31039" /><G10/><T89/><D72/><U99/><E8/><V24/><F24/><N who="3" m="14455" /><G1/><T55/><D55/><U9/><E9/><V117/><F117/><W49/><G49/><T35/><D35/><N who="1" m="20879" /><E29/><V54/><F54/><W104/><G104/><T50/><D50/><U21/><E26/><V102/><F102/><W74/><G74/><T66/><D66/><U90/><E21/><V121/><F121/><W56/><G56/><T27/><D27/><RYUUKYOKU ba="0,1" sc="250,0,250,0,240,0,250,0" hai0="52,57,62,82,86,88,89,92,96,100,106,113,115" hai1="60,61,76,77,79,81,90,91,94,99" hai2="4,5,7,13,17,20,63,65,68,84,95,105,107" hai3="6,11,12,85,93,101,103" /><INIT seed="0,1,1,2,4,48" ten="250,250,240,250" oya="0" hai0="42,131,88,104,11,2,67,52,46,95,119,82,111" hai1="72,106,79,19,1,63,20,27,71,109,55,16,45" hai2="73,26,69,47,87,85,98,118,38,70,122,18,105" hai3="23,78,75,115,30,21,39,50,121,89,29,5,28"/><T32/><D119/><U103/><E1/><V94/><F122/><W76/><G115/><T31/><D104/><U102/><E109/><V120/><F73/><W64/><G39/><T116/><D116/><U24/><E106/><V108/><F120/><W13/><G121/><T77/><D67/><U110/><E110/><V66/><F108/><W58/><G75/><T61/><D111/><U99/><E72/><V34/><F70/><W41/><G89/><T96/><D131/><U126/><E126/><V36/><F36/><W15/><G41/><T7/><D31/><U43/><E79/><N who="3" m="30250" /><G64/><T134/><D32/><U25/><E71/><V9/><F9/><N who="3" m="4271" /><G15/><T65/><D65/><U112/><E112/><V125/><F38/><W81/><G81/><T113/><D113/><U0/><E0/><V37/><F34/><W97/><G97/><T123/><D123/><U56/><E99/><V86/><F98/><W17/><G17/><T10/><D7/><U54/><E43/><V84/><F18/><N who="1" m="6697" /><E20/><V90/><F37/><W6/><G6/><T127/><D127/><U93/><E93/><V117/><F125/><W12/><G12/><T129/><D2/><U22/><E22/><V3/><F105/><W68/><G68/><T51/><D129/><U124/><E124/><V62/><F3/><W60/><G21/><T40/><D134/><U132/><E132/><V128/><F128/><W57/><G23/><T114/><D114/><U100/><E24/><V35/><F118/><W133/><G133/><T4/><D4/><U130/><E130/><V33/><F117/><W92/><G28/><RYUUKYOKU ba="1,1" sc="250,-10,250,30,240,-10,250,-10" hai1="25,27,45,54,55,56,63,100,102,103" /><INIT seed="1,2,1,0,4,50" ten="240,280,230,240" oya="1" hai0="93,52,91,16,31,124,80,121,133,81,68,127,63" hai1="13,82,28,55,112,34,9,42,90,84,95,54,69" hai2="29,25,53,17,3,20,8,45,6,122,39,123,40" hai3="88,128,7,120,101,115,46,129,78,83,74,19,87"/><U61/><E112/><V119/><F119/><W125/><G7/><T36/><D133/><U35/><E42/><V67/><F67/><W85/><G115/><T107/><D107/><U75/><E69/><V60/><F60/><W41/><G120/><T26/><D36/><U4/><E61/><V47/><F47/><W37/><G125/><N who="0" m="48203" /><D121/><U113/><E113/><V106/><F106/><W135/><G135/><T43/><D43/><U92/><E92/><V86/><F86/><W110/><G110/><T108/><D108/><U21/><E34/><V11/><F53/><N who="1" m="19977" /><E35/><V24/><F11/><W59/><G59/><N who="0" m="35303" /><D68/><U96/><E75/><V99/><F99/><W56/><G56/><T126/><N who="0" m="48211" /><T30/><DORA hai="79" /><D16/><U76/><E21/><AGARI ba="2,1" hai="3,6,8,17,20,21,24,25,29,39,40,45,122,123" machi="21" ten="30,1000,0" yaku="7,1" doraHai="50,79" who="2" fromWho="1" sc="240,0,280,-16,230,26,240,0" /><INIT seed="2,0,0,5,3,38" ten="240,264,256,240" oya="2" hai0="47,30,53,21,10,110,66,112,71,87,92,135,99" hai1="63,24,84,94,31,9,61,133,36,74,60,91,39" hai2="121,97,13,56,102,46,117,27,77,18,51,6,17" hai3="132,57,15,82,127,45,14,7,113,126,3,0,1"/><V12/><F117/><W33/><G33/><T49/><D112/><U64/><E74/><V8/><F121/><W123/><G123/><T125/><D110/><U62/><E133/><V42/><F77/><W108/><G132/><T120/><D120/><U48/><E48/><V41/><F56/><W88/><G108/><T68/><D135/><U67/><E9/><V95/><F27/><W28/><G28/><T54/><D125/><N who="3" m="47625" /><G113/><T119/><D119/><U70/><REACH who="1" step="1"/><E64/><REACH who="1" ten="240,254,256,240" step="2"/><V100/><F100/><W19/><G45/><T116/><D47/><U52/><E52/><N who="2" m="29815" /><F6/><W134/><G134/><T2/><D66/><U85/><E85/><V118/><F118/><W40/><G7/><T129/><D87/><U107/><E107/><V98/><F98/><W73/><G73/><T29/><D99/><U128/><E128/><V103/><F103/><W23/><G40/><T106/><D106/><U4/><E4/><V72/><F72/><W59/><G0/><T20/><D2/><U124/><E124/><V65/><F65/><W44/><G1/><T104/><D104/><U105/><E105/><V37/><F37/><W58/><G3/><T130/><D116/><U83/><E83/><V89/><F89/><W78/><G44/><T90/><D90/><U115/><E115/><V101/><F102/><W81/><G78/><T79/><D79/><U80/><E80/><N who="3" m="30826" /><G88/><T122/><D122/><U16/><E16/><V35/><F35/><AGARI ba="0,1" hai="24,31,35,36,39,60,61,62,63,67,70,84,91,94" machi="35" ten="40,1300,0" yaku="1,1,53,0" doraHai="38" doraHaiUra="55" who="1" fromWho="2" sc="240,0,254,23,256,-13,240,0" /><INIT seed="3,0,0,0,4,83" ten="240,277,243,240" oya="3" hai0="71,82,114,118,74,35,37,133,70,64,1,105,40" hai1="91,18,95,110,52,128,80,131,25,93,109,86,77" hai2="92,7,94,30,49,126,104,76,78,117,123,97,125" hai3="89,38,84,127,129,50,67,56,2,135,45,75,102"/><W17/><G75/><T81/><RYUUKYOKU type="yao9" ba="0,0" sc="240,0,277,0,243,0,240,0" hai0="1,35,37,40,64,70,71,74,81,82,105,114,118,133" /><INIT seed="3,1,0,4,2,102" ten="240,277,243,240" oya="3" hai0="99,46,124,131,18,114,14,106,49,120,6,113,40" hai1="135,4,82,122,54,77,125,10,105,65,66,48,126" hai2="69,58,81,39,89,7,51,23,59,95,35,20,101" hai3="98,15,2,112,16,22,44,34,109,32,100,28,17"/><W64/><G112/><T62/><D120/><U74/><E122/><V115/><F115/><W83/><G2/><T123/><D123/><U108/><E108/><V63/><F35/><W91/><G109/><T93/><D124/><N who="1" m="47723" /><E135/><V104/><F39/><W75/><G64/><T130/><D6/><U57/><E105/><V3/><F69/><W8/><G28/><T86/><D86/><U70/><E70/><V31/><F81/><W67/><G67/><T27/><D27/><U71/><E71/><V11/><F51/><W79/><G91/><T72/><D62/><U78/><E77/><V26/><F63/><W5/><G44/><T133/><D106/><U68/><E68/><V56/><F23/><W118/><G118/><T19/><D133/><U47/><E47/><V92/><REACH who="2" step="1"/><F89/><REACH who="2" ten="240,277,233,240" step="2"/><W117/><G117/><T111/><D111/><U76/><E76/><V90/><F90/><W127/><G127/><T21/><D114/><U116/><E116/><V55/><F55/><W60/><G60/><T107/><D113/><U38/><E38/><V37/><F37/><W97/><G32/><T53/><D53/><U30/><E30/><V42/><F42/><W0/><G34/><T80/><D40/><U119/><E119/><V134/><F134/><W24/><G100/><T41/><D41/><U129/><E129/><V36/><F36/><W85/><G75/><T94/><D72/><U103/><E103/><V110/><F110/><W50/><G50/><T88/><D49/><U1/><AGARI ba="1,1" hai="1,4,10,48,54,57,65,66,74,78,82" m="47723" machi="1" ten="30,1100,0" yaku="18,1" doraHai="102" who="1" fromWho="1" sc="240,-4,277,24,233,-4,240,-6" owari="236,3.6,301,40.1,229,-27.1,234,-16.6" /></mjloggm>