<mjloggm ver="2.3"><GO type="225" lobby="0"/><UN n0="%6D%75%75%6D%75%72%61" n1="%E3%81%AF%E3%82%88%E3%81%8A%E3%81%98%E3%81%95%E3%82%93" n2="%E5%84%AA%40%41%42%43" n3="%E9%81%85%E5%88%BB%E3%81%AE%E3%83%97%E3%83%AA%E3%83%B3%E3%82%B9%E2%99%AA" dan="16,16,17,16" rate="2120.80,2183.43,2214.12,2151.65" sx="F,M,M,F"/><TAIKYOKU oya="0"/><INIT seed="0,0,0,2,1,12" ten="250,250,250,250" oya="0" hai0="41,17,96,56,37,4,117,35,34,18,115,23,62" hai1="95,73,116,112,81,135,89,42,26,9,103,79,16" hai2="40,109,10,91,8,1,52,27,119,110,94,55,85" hai3="80,49,124,51,104,99,0,2,14,114,36,63,25"/><T111/><D115/><U29/><E116/><V92/><F119/><W64/><G114/><T123/><D117/><U102/><E112/><V67/><F67/><W11/><G36/><T60/><D123/><U61/><E135/><V86/><F40/><W133/><G133/><T125/><D125/><U68/><E42/><V65/><F65/><W108/><G124/><T59/><D4/><U72/><E73/><V39/><F27/><W127/><G127/><T105/><D111/><N who="2" m="42506" /><F39/><W101/><G108/><T129/><D129/><U97/><E61/><V43/><F43/><W57/><G25/><T132/><D132/><U100/><E68/><V88/><F8/><W120/><G120/><T30/><D41/><U32/><E9/><V21/><F21/><W69/><G80/><T44/><D44/><U98/><REACH who="1" step="1"/><E16/><REACH who="1" ten="250,240,250,250" step="2"/><V38/><F38/><W83/><G69/><T45/><D37/><U7/><E7/><AGARI ba="0,1" hai="1,7,10,52,55,85,86,88,91,92,94" m="42506" machi="7" ten="30,3900,0" yaku="14,1,54,2" doraHai="12" who="2" fromWho="1" sc="250,0,240,-39,250,49,250,0" /><INIT seed="1,0,0,2,5,87" ten="250,201,299,250" oya="1" hai0="101,41,128,55,6,57,8,86,52,78,58,123,12" hai1="113,95,65,14,132,40,46,83,80,91,130,106,93" hai2="67,51,24,64,68,39,82,43,125,116,42,114,19" hai3="26,49,25,11,117,44,92,32,72,0,30,100,37"/><U75/><E113/><V129/><F82/><W7/><G117/><T59/><D128/><U17/><E106/><V4/><F4/><W13/><G72/><T10/><D123/><U15/><E130/><V36/><F24/><W107/><G107/><T71/><D71/><U34/><E34/><V134/><F19/><W20/><G37/><N who="2" m="14409" /><F129/><W29/><G92/><T18/><D41/><N who="2" m="15370" /><F116/><W98/><G98/><T135/><D135/><U133/><E65/><N who="2" m="25163" /><F68/><W105/><G100/><T2/><D101/><U79/><E83/><V88/><F88/><W77/><G77/><T115/><D115/><U102/><E95/><V96/><F96/><W31/><G105/><T124/><D78/><U21/><E102/><V85/><F85/><W112/><G112/><T53/><D86/><U47/><E14/><V28/><F28/><W23/><G32/><T74/><D74/><U33/><E33/><V50/><F114/><W60/><G0/><T119/><D119/><U9/><E9/><V63/><F63/><W3/><G60/><T5/><REACH who="0" step="1"/><D18/><REACH who="0" ten="240,201,299,250" step="2"/><U94/><E132/><V97/><F97/><W111/><G7/><T22/><D22/><U76/><E133/><V99/><F99/><W61/><G23/><T38/><D38/><U1/><E79/><V16/><F16/><W131/><G20/><T54/><N who="0" m="13312" /><DORA hai="66" /><T62/><D62/><U103/><E103/><V70/><F70/><W48/><G61/><T127/><AGARI ba="0,1" hai="2,5,6,8,10,12,57,58,59,124,127" m="13312" machi="127" ten="50,6400,0" yaku="1,1,0,1,54,1,53,0" doraHai="87,66" doraHaiUra="27,108" who="0" fromWho="0" sc="240,74,201,-32,299,-16,250,-16" /><INIT seed="2,0,0,2,1,31" ten="314,169,283,234" oya="2" hai0="53,86,59,44,91,23,6,88,133,134,66,73,54" hai1="32,20,15,84,131,122,106,74,45,127,110,47,99" hai2="71,60,75,27,112,36,124,34,8,87,108,64,114" hai3="1,68,80,98,4,104,52,55,76,24,3,5,97"/><V17/><F75/><W57/><G68/><T10/><D73/><U58/><E74/><V95/><F124/><W72/><G24/><T49/><D23/><U43/><E127/><V25/><F36/><W51/><G3/><T0/><D66/><U121/><E110/><V123/><F123/><W62/><G1/><T111/><D111/><U78/><E131/><V94/><F108/><W37/><G37/><T107/><D107/><U103/><E58/><V129/><F129/><W56/><REACH who="3" step="1"/><G104/><REACH who="3" ten="314,169,283,224" step="2"/><T9/><D0/><U130/><E130/><V70/><F27/><W125/><G125/><T22/><D133/><U116/><E116/><V7/><F25/><W113/><G113/><T11/><D134/><U67/><E122/><V135/><F135/><W38/><G38/><T50/><D6/><AGARI ba="0,1" hai="4,5,6,51,52,55,56,57,62,72,76,80,97,98" machi="6" ten="40,5200,0" yaku="1,1,54,1,53,1" doraHai="31" doraHaiUra="46" who="3" fromWho="0" sc="314,-52,169,0,283,0,224,62" /><INIT seed="3,0,0,0,5,22" ten="262,169,283,286" oya="3" hai0="107,86,37,116,121,28,76,29,81,106,135,43,27" hai1="133,92,101,32,61,5,131,3,34,14,113,63,105" hai2="1,69,35,127,94,134,123,9,55,42,26,47,89" hai3="53,115,12,77,44,124,97,132,19,18,65,80,56"/><W128/><G115/><T59/><D116/><U51/><E113/><V73/><F73/><W109/><G128/><T40/><D121/><U104/><E3/><V0/><F69/><W33/><G33/><T7/><D135/><U119/><E133/><V4/><F134/><W120/><G132/><T24/><D7/><U87/><E131/><V60/><F127/><W130/><G120/><T83/><D59/><U17/><E119/><V96/><F123/><W15/><G130/><T85/><D76/><U112/><E112/><V11/><F60/><W75/><G124/><T64/><D64/><U6/><E104/><V48/><F55/><W16/><G109/><T117/><D117/><U84/><E105/><V99/><F99/><W23/><G65/><T118/><D118/><U25/><E32/><V21/><F35/><W125/><G44/><T2/><D2/><U100/><E34/><V36/><F9/><W31/><G125/><T50/><D50/><U79/><E51/><V54/><F0/><W103/><G31/><T111/><D111/><U45/><E45/><V110/><F110/><W95/><G12/><T39/><AGARI ba="0,0" hai="24,27,28,29,37,39,40,43,81,83,85,86,106,107" machi="39" ten="25,8000,1" yaku="0,1,22,2,52,2" doraHai="22" who="0" fromWho="0" sc="262,80,169,-20,283,-20,286,-40" owari="342,44.2,149,-35.1,263,6.3,246,-15.4" /></mjloggm>