<mjloggm ver="2.3"><GO type="225" lobby="0"/><UN n0="%E3%81%AF%E3%82%88%E3%81%8A%E3%81%98%E3%81%95%E3%82%93" n1="%4C%4F%4C%49%54%41" n2="%E3%81%A4%E3%81%A3%E3%81%B1%E3%82%8A%E3%83%9D%E3%83%BC%E3%83%AB" n3="%E6%81%A5%E6%99%92%E3%81%97" dan="17,16,17,16" rate="2137.53,2173.30,2250.55,2114.61" sx="M,F,M,M"/><TAIKYOKU oya="0"/><INIT seed="0,0,0,2,3,93" ten="250,250,250,250" oya="0" hai0="50,123,118,74,21,32,72,17,43,36,90,133,29" hai1="121,113,55,18,86,67,3,13,132,109,47,114,79" hai2="46,63,115,57,111,6,8,71,91,40,128,38,7" hai3="69,82,131,73,130,65,126,120,26,124,119,54,122"/><T19/><D118/><U89/><E121/><N who="3" m="46698" /><G26/><T88/><D123/><U53/><E3/><V106/><F115/><N who="1" m="44041" /><E109/><V70/><F111/><W44/><G119/><T84/><D36/><U1/><E1/><V14/><F128/><N who="3" m="49195" /><G82/><T48/><D32/><U42/><E67/><V33/><F33/><W30/><G30/><T81/><D133/><U135/><E79/><V95/><F106/><W35/><G35/><T103/><D74/><U66/><E66/><V80/><F80/><W2/><G73/><T92/><D103/><U127/><E127/><N who="3" m="48682" /><G2/><T61/><D72/><U31/><E31/><V96/><REACH who="2" step="1"/><F7/><REACH who="2" ten="250,250,240,250" step="2"/><W24/><G24/><T9/><D81/><U39/><E135/><V77/><F77/><W134/><G134/><T0/><D92/><N who="1" m="54327" /><E132/><V104/><F104/><W75/><G75/><T87/><D84/><U16/><E18/><V58/><F58/><W37/><G69/><T78/><D19/><U23/><AGARI ba="0,1" hai="13,16,23,39,42,47,53,55" m="54327,44041" machi="23" ten="30,2000,0" yaku="11,1,54,1" doraHai="93" who="1" fromWho="1" sc="250,-10,250,30,240,-5,250,-5" /><INIT seed="1,0,0,5,0,74" ten="240,280,235,245" oya="1" hai0="115,16,66,96,41,2,120,72,37,43,25,114,91" hai1="48,11,107,75,53,52,84,12,38,9,69,130,33" hai2="6,44,81,5,109,20,0,1,29,19,110,47,132" hai3="26,135,116,134,103,106,32,97,100,42,31,127,122"/><U34/><E38/><V88/><F29/><W39/><G122/><T58/><D2/><N who="2" m="1130" /><F132/><N who="3" m="50731" /><G127/><T68/><D72/><U67/><E75/><V126/><F126/><W35/><G116/><T129/><D68/><U104/><E130/><V56/><F56/><W90/><G90/><T70/><D70/><U54/><E48/><V76/><F88/><W93/><G103/><T13/><D129/><U28/><E84/><N who="2" m="48167" /><F6/><W46/><G93/><T21/><D120/><U65/><E69/><V10/><F10/><N who="1" m="3593" /><E12/><N who="2" m="9319" /><F5/><W55/><G55/><T30/><D37/><U50/><E50/><V119/><F119/><W18/><G18/><T79/><D79/><U133/><E28/><V7/><F7/><W123/><G123/><T85/><D96/><U94/><E94/><V59/><F59/><W125/><G125/><T73/><D73/><U92/><E92/><V63/><F63/><W24/><G24/><T128/><D128/><U49/><E49/><V86/><F86/><W60/><G60/><T40/><D58/><U77/><E77/><V78/><F78/><W51/><G51/><T112/><D66/><N who="1" m="25099" /><E133/><V118/><F118/><W71/><G71/><T80/><REACH who="0" step="1"/><D43/><REACH who="0" ten="230,280,235,245" step="2"/><U101/><E101/><V45/><F45/><W15/><G46/><T14/><D14/><U17/><E104/><V102/><F102/><W27/><G15/><T111/><D111/><N who="2" m="42506" /><F47/><N who="3" m="24031" /><G27/><T124/><D124/><U22/><E107/><V95/><F44/><W62/><G62/><T36/><D36/><U61/><E61/><V117/><F117/><W3/><G3/><T131/><D131/><U8/><E54/><V105/><F105/><RYUUKYOKU ba="0,1" sc="230,10,280,-30,235,10,245,10" hai0="13,16,21,25,30,40,41,80,85,91,112,114,115" hai2="95" hai3="26,31,32,35,97,100,106" /><INIT seed="2,1,1,1,3,135" ten="240,250,245,255" oya="2" hai0="96,105,74,75,134,102,67,77,17,92,84,117,88" hai1="60,51,101,119,44,35,80,54,7,39,109,33,82" hai2="86,9,14,94,65,15,49,127,72,1,5,91,10" hai3="99,79,56,26,93,128,115,89,2,106,125,132,81"/><V22/><F127/><W130/><G132/><T107/><D17/><U112/><E112/><V118/><F118/><W108/><G2/><T58/><D58/><U13/><E119/><V4/><F72/><N who="0" m="27690" /><D67/><U66/><E109/><V36/><F36/><W120/><G108/><T52/><D52/><U98/><E39/><V47/><F65/><W83/><G115/><T45/><D45/><U48/><E48/><V116/><F116/><W43/><G120/><T32/><D32/><U126/><E126/><V95/><F95/><W24/><G125/><T114/><D114/><U55/><E55/><V0/><REACH who="2" step="1"/><F22/><REACH who="2" ten="240,250,235,255" step="2"/><W16/><G106/><N who="0" m="63815" /><D117/><U124/><E124/><V29/><F29/><W46/><G128/><T68/><D134/><U113/><E113/><V76/><F76/><W121/><G79/><T11/><D68/><U133/><E133/><V41/><AGARI ba="1,2" hai="0,1,4,5,9,10,14,15,41,47,49,86,91,94" machi="41" ten="20,12000,1" yaku="1,1,0,1,7,1,9,1,53,1" doraHai="135" doraHaiUra="37" who="2" fromWho="2" sc="240,-41,250,-41,235,143,255,-41" /><INIT seed="2,2,0,2,5,72" ten="199,209,378,214" oya="2" hai0="117,134,56,43,101,103,83,123,38,115,10,111,61" hai1="108,84,114,88,79,89,44,13,110,85,67,49,112" hai2="51,21,23,34,48,120,0,119,75,42,127,100,130" hai3="25,98,107,133,12,57,104,74,76,86,80,33,27"/><V70/><F119/><W105/><G133/><T64/><D115/><U3/><E3/><V125/><F75/><W109/><G109/><N who="1" m="42090" /><E67/><V8/><F70/><W30/><G12/><T55/><D123/><U78/><E13/><V90/><F100/><W93/><G74/><T6/><D111/><U82/><E112/><V92/><F34/><W122/><G122/><T91/><D134/><U39/><E39/><V41/><F8/><W36/><G36/><T40/><D117/><U68/><E68/><V69/><F69/><W96/><G93/><T87/><D64/><U19/><E19/><V54/><F92/><W15/><G15/><N who="0" m="5591" /><D38/><U60/><E60/><V24/><F120/><W59/><REACH who="3" step="1"/><G25/><REACH who="3" ten="199,209,378,204" step="2"/><T66/><D66/><U53/><E114/><V99/><F24/><W118/><G118/><T65/><D65/><U20/><E20/><V97/><F23/><W50/><G50/><T14/><D14/><U102/><E102/><AGARI ba="2,1" hai="40,43,55,56,61,83,87,91,101,102,103" m="5591" machi="102" ten="30,1000,0" yaku="8,1" doraHai="72" who="0" fromWho="1" sc="199,26,209,-16,378,0,204,0" /><INIT seed="3,0,0,3,5,91" ten="225,193,378,204" oya="3" hai0="78,92,37,124,83,61,114,30,33,11,104,90,63" hai1="100,49,17,51,112,28,10,14,97,56,20,34,72" hai2="115,132,59,76,66,105,0,39,96,74,13,128,131" hai3="5,42,64,94,99,54,116,62,60,6,71,133,41"/><W70/><G116/><T26/><D104/><U122/><E122/><V103/><F0/><W48/><G133/><T29/><D37/><U19/><E112/><V111/><F115/><W52/><G70/><T129/><D114/><U82/><E56/><V57/><F39/><W119/><G119/><T7/><D30/><U127/><E127/><V46/><F132/><W79/><G79/><T120/><D129/><N who="2" m="49738" /><F111/><W87/><G87/><T135/><D124/><U69/><E69/><V95/><F46/><N who="3" m="27671" /><G64/><T109/><D109/><U126/><E126/><V88/><F66/><W73/><G73/><T27/><D26/><U12/><E34/><V84/><F13/><W43/><G71/><T130/><D120/><U4/><E28/><V75/><F75/><W118/><G118/><T38/><D38/><U65/><E65/><V121/><F121/><W86/><G86/><T31/><D31/><U44/><E44/><V68/><F68/><W25/><G25/><T123/><D123/><U16/><E72/><V53/><F53/><W2/><G2/><T98/><D135/><U106/><E82/><AGARI ba="0,0" hai="57,59,74,76,82,84,88,95,96,103,105" m="49738" machi="82" ten="30,7700,0" yaku="24,1,19,1,52,1,54,1" doraHai="91" who="2" fromWho="1" sc="225,0,193,-77,378,77,204,0" owari="225,2.5,116,-38.4,455,55.5,204,-19.6" /></mjloggm>