<mjloggm ver="2.3"><GO type="225" lobby="0"/><UN n0="%E6%98%93%E5%88%A9%E8%96%A9%E4%BC%AF" n1="%6D%75%75%73%61%6E%6D%75" n2="%E9%B3%B3%E6%9D%B1%E3%81%AE%E3%81%86%E3%81%95%E3%81%8E%E3%81%95%E3%82%93" n3="%74%2E%6F%2E%6F%2E%73" dan="16,17,17,17" rate="2088.00,2158.65,2236.51,2118.88" sx="F,F,M,M"/><TAIKYOKU oya="0"/><INIT seed="0,0,0,0,1,83" ten="250,250,250,250" oya="0" hai0="29,24,80,46,134,122,60,13,66,47,45,92,54" hai1="4,0,107,42,38,101,6,121,57,32,79,17,74" hai2="10,70,132,124,25,49,131,114,26,105,116,2,117" hai3="96,109,119,3,21,1,33,59,23,36,28,43,85"/><T16/><D134/><U9/><E121/><V55/><F114/><W12/><G119/><N who="2" m="45641" /><F131/><W8/><G96/><T102/><D122/><U61/><E32/><V108/><F108/><W94/><G109/><T69/><D80/><N who="1" m="45175" /><E107/><V64/><F124/><W91/><G33/><T112/><D112/><U71/><E101/><V106/><F132/><W133/><G133/><T84/><D54/><U52/><E71/><V41/><F41/><W82/><G94/><T22/><D102/><U11/><E17/><V76/><F76/><W73/><G73/><T87/><REACH who="0" step="1"/><D92/><REACH who="0" ten="240,250,250,250" step="2"/><U19/><E42/><V113/><F113/><W98/><G43/><T97/><D97/><U81/><E81/><V7/><F106/><W35/><G98/><T56/><D56/><U78/><E57/><N who="2" m="33007" /><F105/><W72/><G59/><T126/><D126/><U67/><E52/><V68/><F68/><W125/><G125/><T58/><D58/><U20/><E67/><V50/><F50/><W90/><G72/><T48/><D48/><U5/><E61/><AGARI ba="0,1" hai="2,7,10,25,26,61,64,70" m="33007,45641" machi="61" ten="30,1000,0" yaku="12,1" doraHai="83" who="2" fromWho="1" sc="240,0,250,-10,250,20,250,0" /><INIT seed="1,0,0,5,1,101" ten="240,240,270,250" oya="1" hai0="131,20,109,87,94,113,86,12,90,88,70,71,36" hai1="85,76,74,80,65,122,1,60,2,67,4,47,27" hai2="29,30,10,63,73,64,108,119,72,40,125,44,120" hai3="128,100,52,93,32,91,7,45,35,33,11,68,104"/><U13/><E122/><V92/><F120/><W9/><G68/><T28/><D113/><U134/><E134/><V15/><F119/><W89/><G128/><T48/><D36/><U6/><E47/><V17/><F108/><W62/><G11/><T135/><D109/><U18/><E27/><V111/><F111/><W22/><G22/><T102/><D102/><U133/><E133/><V118/><F118/><W43/><G93/><T31/><D131/><U115/><E115/><V106/><F125/><W38/><G100/><T53/><D135/><U127/><E127/><V130/><F130/><W110/><G104/><T26/><D12/><U34/><E34/><V16/><F106/><W96/><G96/><T66/><D66/><U69/><E67/><V107/><F107/><W25/><G25/><T77/><D77/><U49/><E49/><V56/><F17/><W79/><G79/><T61/><D61/><U103/><E103/><V19/><F19/><W59/><REACH who="3" step="1"/><G110/><REACH who="3" ten="240,240,270,240" step="2"/><T132/><D132/><U55/><E85/><V23/><F92/><W112/><G112/><T99/><D99/><U98/><E98/><V58/><F23/><W116/><G116/><T57/><REACH who="0" step="1"/><D31/><REACH who="0" ten="230,240,270,240" step="2"/><U117/><E117/><V37/><F29/><W41/><G41/><T42/><D42/><U39/><E76/><V75/><REACH who="2" step="1"/><F30/><REACH who="2" ten="230,240,260,240" step="2"/><W46/><G46/><T14/><D14/><AGARI ba="0,3" hai="7,9,14,32,33,35,38,43,45,52,59,62,89,91" machi="14" ten="40,2600,0" yaku="1,1,54,1,53,0" doraHai="101" doraHaiUra="81" who="3" fromWho="0" sc="230,-26,240,0,260,0,240,56" /><INIT seed="2,0,0,5,3,126" ten="204,240,260,296" oya="2" hai0="43,20,52,51,112,17,95,128,54,115,27,122,116" hai1="110,36,59,32,34,85,108,5,74,93,129,22,15" hai2="84,89,78,75,44,107,35,57,7,102,68,31,50" hai3="37,82,66,62,1,88,127,25,76,120,130,63,49"/><V72/><F68/><W3/><G37/><T8/><D122/><U67/><E74/><V100/><F7/><W64/><G120/><T53/><D116/><U24/><E36/><V56/><F75/><W103/><G103/><T105/><D105/><U16/><E129/><V80/><F35/><W48/><G25/><T86/><D128/><U134/><E134/><V12/><F31/><W111/><G111/><N who="1" m="42538" /><E67/><V39/><F39/><W40/><G76/><T6/><D115/><U2/><E59/><V23/><F23/><W132/><G127/><T96/><D86/><U113/><E113/><V125/><F12/><W28/><G28/><T123/><D123/><U83/><E93/><N who="2" m="54439" /><F100/><W70/><G132/><T69/><D69/><U104/><E104/><V65/><F65/><W97/><G130/><T135/><D112/><U47/><E2/><V14/><F14/><W71/><G82/><T4/><D135/><U118/><E118/><V30/><F30/><W99/><G1/><T45/><REACH who="0" step="1"/><D8/><REACH who="0" ten="194,240,260,296" step="2"/><N who="1" m="4495" /><E47/><V77/><F125/><W60/><G71/><T10/><D10/><U121/><E121/><V117/><F117/><W58/><G70/><T38/><D38/><U26/><E26/><V46/><F46/><W13/><G58/><T114/><D114/><U9/><E9/><V109/><F109/><W92/><G99/><T133/><D133/><U98/><E98/><N who="2" m="61911" /><F78/><AGARI ba="0,1" hai="16,22,24,32,34,78,83,85" m="4495,42538" machi="78" ten="30,2000,0" yaku="14,1,54,1" doraHai="126" who="1" fromWho="2" sc="194,0,240,30,260,-20,296,0" /><INIT seed="3,0,0,5,4,54" ten="194,270,240,296" oya="3" hai0="104,118,60,45,120,115,76,108,106,97,62,110,65" hai1="30,121,91,33,52,25,133,92,85,53,93,78,72" hai2="36,80,49,101,84,18,64,11,20,88,4,19,75" hai3="57,119,1,31,94,86,74,87,96,112,70,13,77"/><W14/><G70/><T124/><D118/><U61/><E121/><V58/><F36/><W55/><G1/><T82/><D120/><U103/><E133/><V128/><F128/><W51/><G119/><T5/><D124/><U127/><E127/><V23/><F75/><W47/><G112/><T41/><D115/><U100/><E72/><V39/><F39/><W126/><G126/><T81/><D5/><U69/><E78/><V17/><F101/><W102/><G74/><T132/><D132/><U98/><REACH who="1" step="1"/><E100/><REACH who="1" ten="194,260,240,296" step="2"/><V99/><F99/><W32/><G77/><T109/><D97/><U113/><E113/><V63/><REACH who="2" step="1"/><F49/><REACH who="2" ten="194,260,230,296" step="2"/><W12/><G102/><T2/><D2/><AGARI ba="0,2" hai="2,4,11,17,18,19,20,23,58,63,64,80,84,88" machi="2" ten="40,8000,1" yaku="1,1,2,1,52,1,54,1,53,0" doraHai="54" doraHaiUra="21" who="2" fromWho="0" sc="194,-80,260,0,230,100,296,0" owari="114,-38.6,260,-14.0,330,43.0,296,9.6" /></mjloggm>