<mjloggm ver="2.3"><GO type="225" lobby="0"/><UN n0="%E7%9A%AE%E3%80%85" n1="%E3%83%B4%E3%83%A0%EF%BC%99%E3%81%A6" n2="%E4%B8%89%E5%88%86%E5%B0%8F%E5%83%A7" n3="%E5%91%A8%E6%9D%B1" dan="16,16,16,17" rate="2090.30,2116.07,2121.78,2135.92" sx="M,M,M,M"/><TAIKYOKU oya="0"/><INIT seed="0,0,0,1,4,103" ten="250,250,250,250" oya="0" hai0="17,43,101,92,111,96,58,13,94,36,30,48,99" hai1="95,41,67,116,37,127,72,29,40,9,8,78,114" hai2="120,34,108,87,132,104,135,46,7,124,53,63,10" hai3="1,39,129,84,47,121,70,22,3,31,83,38,61"/><T115/><D115/><U117/><E127/><V68/><F120/><W73/><G121/><T89/><D30/><U131/><E114/><V122/><F122/><W42/><G129/><T35/><D35/><U98/><E29/><V81/><F124/><W54/><G73/><T57/><D111/><U93/><E67/><V130/><F34/><W79/><G39/><T112/><D36/><U27/><E37/><V123/><F123/><W88/><G79/><T25/><D25/><U113/><E113/><V5/><F108/><W126/><G126/><T18/><D112/><U59/><E78/><V82/><F130/><W125/><G125/><T77/><D77/><U119/><E131/><V76/><F82/><W86/><G86/><T2/><D2/><U21/><E72/><V134/><F104/><W51/><G31/><T109/><D109/><U6/><E59/><N who="0" m="22537" /><D13/><U45/><E116/><V62/><F68/><W118/><G22/><T60/><D60/><N who="2" m="23082" /><F10/><W74/><G74/><T75/><D75/><U20/><E27/><V55/><F46/><AGARI ba="0,0" hai="17,18,43,46,48,89,92,94,96,99,101" m="22537" machi="46" ten="30,1500,0" yaku="8,1" doraHai="103" who="0" fromWho="2" sc="250,15,250,0,250,-15,250,0" /><INIT seed="0,1,0,5,3,77" ten="265,250,235,250" oya="0" hai0="94,100,78,97,126,102,0,66,15,88,80,79,116" hai1="51,41,26,67,47,45,52,69,5,24,21,91,76" hai2="86,72,49,109,33,54,44,56,62,127,7,16,58" hai3="118,68,95,84,8,32,115,60,12,101,89,31,132"/><T107/><D0/><U19/><E5/><V9/><F72/><W103/><G118/><T104/><D66/><U131/><E131/><V4/><F33/><W43/><G115/><T117/><D126/><U114/><E114/><V11/><F109/><W92/><G132/><T42/><D42/><U129/><E129/><V30/><F30/><W22/><G32/><T27/><D27/><U74/><E91/><V57/><F127/><W122/><G122/><T55/><D55/><U23/><E67/><V39/><F39/><W6/><G68/><T133/><D78/><U25/><E69/><V87/><F62/><W46/><G60/><T96/><D15/><U105/><E105/><V35/><F35/><W83/><G31/><T34/><D34/><U48/><E23/><V36/><F36/><W70/><G22/><T119/><D119/><U110/><E110/><V112/><F112/><W124/><G70/><T38/><D38/><U90/><E90/><V59/><N who="2" m="14336" /><DORA hai="82" /><V135/><F135/><W123/><G123/><T10/><D10/><N who="2" m="3594" /><F16/><W53/><G53/><T2/><D2/><U98/><E98/><V128/><F128/><W28/><G28/><T106/><D133/><U14/><E14/><V17/><F17/><W113/><G113/><T111/><D111/><U85/><E74/><V13/><F13/><W81/><G124/><T40/><D40/><U63/><E63/><V121/><F121/><W108/><G108/><T65/><D65/><U134/><E134/><V37/><F37/><N who="3" m="21871" /><G103/><N who="0" m="39467" /><D97/><U125/><E125/><V20/><F20/><W71/><G71/><T29/><D29/><RYUUKYOKU ba="1,0" sc="265,0,250,0,235,0,250,0" hai0="79,80,88,94,96,104,106,107,116,117" hai1="19,21,24,25,26,41,45,47,48,51,52,76,85" hai2="4,7,44,49,54,86,87" hai3="6,8,12,81,83,84,89,92,95,101" /><INIT seed="0,2,0,2,5,108" ten="265,250,235,250" oya="0" hai0="87,119,35,52,121,101,131,32,94,112,81,110,102" hai1="72,28,135,9,31,107,0,133,71,92,51,19,59" hai2="78,38,125,25,4,18,116,123,111,44,55,128,1" hai3="115,66,20,43,114,21,124,90,126,86,117,79,33"/><T40/><D119/><U48/><E107/><V129/><F123/><W109/><G117/><T120/><D110/><U132/><E71/><V11/><F116/><W122/><G109/><T77/><D40/><U30/><E72/><V69/><F69/><W3/><G122/><T65/><D65/><U60/><E92/><V67/><F67/><W16/><G33/><T26/><D131/><N who="2" m="50250" /><F125/><N who="3" m="48235" /><G3/><T47/><D32/><U96/><E96/><V61/><F78/><W58/><G43/><T42/><D112/><N who="3" m="43049" /><G79/><T75/><D77/><U91/><E91/><V24/><F111/><W50/><G16/><T89/><D89/><U106/><E106/><V85/><F18/><W80/><G50/><T103/><D35/><U15/><REACH who="1" step="1"/><E0/><REACH who="1" ten="265,240,235,250" step="2"/><V53/><F1/><W93/><G93/><T6/><D94/><U62/><E62/><AGARI ba="2,1" hai="20,21,58,62,66,80,86,90" m="43049,48235" machi="62" ten="30,7700,0" yaku="18,1,52,3" doraHai="108" who="3" fromWho="1" sc="265,0,240,-83,235,0,250,93" /><INIT seed="1,0,0,4,3,19" ten="265,157,235,343" oya="1" hai0="124,56,59,55,107,10,15,114,134,102,111,67,32" hai1="24,9,81,127,117,125,27,45,4,129,29,84,8" hai2="128,14,13,116,41,90,105,108,112,12,106,47,86" hai3="118,21,83,101,76,88,69,52,100,37,35,44,92"/><U70/><E117/><V61/><F116/><W22/><G35/><T38/><D114/><U48/><E70/><V3/><F3/><W103/><G69/><T135/><D111/><U115/><E115/><V16/><F108/><W73/><G118/><T26/><D38/><U25/><E129/><V96/><F128/><W131/><G131/><T17/><D124/><N who="1" m="47691" /><E4/><V33/><F33/><W40/><REACH who="3" step="1"/><G52/><REACH who="3" ten="265,157,235,333" step="2"/><T18/><D55/><N who="1" m="30095" /><E29/><V120/><F112/><W30/><G30/><T85/><D32/><U11/><E11/><V58/><F120/><W93/><G93/><T46/><D107/><U91/><AGARI ba="0,1" hai="8,9,24,25,27,81,84,91" m="30095,47691" machi="91" ten="30,1500,0" yaku="18,1" doraHai="19" who="1" fromWho="1" sc="265,-5,157,25,235,-5,333,-5" /><INIT seed="1,1,0,5,3,43" ten="260,182,230,328" oya="1" hai0="85,65,61,121,57,73,23,16,119,59,76,35,117" hai1="80,86,83,56,90,78,27,26,4,72,89,19,123" hai2="15,133,34,17,13,8,134,135,40,21,109,93,112" hai3="100,5,18,49,44,45,1,10,52,30,106,131,64"/><U97/><E123/><V88/><F34/><W67/><G30/><T60/><D35/><U96/><E4/><V25/><F109/><W6/><G131/><T14/><D73/><U105/><E105/><V53/><F112/><W31/><G31/><T127/><D127/><U42/><E42/><V29/><F53/><W94/><G106/><T107/><D107/><U11/><E56/><V58/><F58/><W120/><G120/><T129/><D129/><U101/><E89/><V91/><F40/><W82/><G82/><T32/><D32/><U70/><E70/><V124/><F124/><W84/><G6/><T79/><D121/><U7/><E19/><N who="2" m="8615" /><F93/><W126/><G18/><T12/><D12/><U22/><E22/><V48/><F48/><W115/><G115/><T66/><REACH who="0" step="1"/><D85/><REACH who="0" ten="250,182,230,328" step="2"/><U33/><E33/><V20/><AGARI ba="1,1" hai="15,17,20,21,25,29,88,91,133,134,135" m="8615" machi="20" ten="30,2000,0" yaku="20,1,54,1" doraHai="43" who="2" fromWho="2" sc="250,-6,182,-11,230,33,328,-6" /><INIT seed="2,0,0,1,2,104" ten="244,171,263,322" oya="2" hai0="48,39,94,119,91,81,61,76,36,127,131,7,59" hai1="2,30,99,89,57,74,63,9,37,15,86,10,3" hai2="47,18,29,75,123,95,135,58,112,13,90,120,6" hai3="93,31,33,53,70,12,71,118,84,107,45,24,121"/><V98/><F112/><W4/><G107/><T40/><D127/><U26/><E37/><V60/><F135/><W134/><G121/><T1/><D131/><U132/><E132/><V17/><F29/><W66/><G118/><T35/><D35/><U125/><E125/><V87/><F47/><W52/><G134/><T108/><D108/><U22/><E99/><V85/><F6/><W55/><G45/><T92/><D119/><U38/><E38/><V111/><F111/><W109/><G66/><T72/><D48/><U0/><E74/><V133/><F75/><W56/><G56/><T106/><D106/><U69/><E69/><V128/><F128/><W110/><G71/><T124/><D124/><U117/><E117/><V67/><F133/><W11/><G70/><T102/><D102/><U44/><E44/><V122/><REACH who="2" step="1"/><F18/><REACH who="2" ten="244,171,253,322" step="2"/><W96/><REACH who="3" step="1"/><G84/><REACH who="3" ten="244,171,253,312" step="2"/><T80/><D39/><U42/><E42/><V49/><F49/><W34/><G34/><T105/><D36/><U20/><E86/><V88/><F88/><AGARI ba="0,2" hai="4,11,12,24,31,33,52,53,55,88,93,96,109,110" machi="88" ten="40,5200,0" yaku="1,1,54,2,53,0" doraHai="104" doraHaiUra="41" who="3" fromWho="2" sc="244,0,171,0,253,-52,312,72" /><INIT seed="3,0,0,3,1,26" ten="244,171,201,384" oya="3" hai0="123,42,103,76,85,100,87,7,68,31,130,128,112" hai1="23,135,105,30,133,74,98,53,104,58,0,11,51" hai2="115,96,47,49,108,83,13,65,109,50,79,8,95" hai3="33,37,89,110,17,59,132,77,116,93,63,5,120"/><W101/><G59/><T12/><D68/><U35/><E35/><V117/><F65/><W126/><G63/><T55/><D123/><U4/><E74/><V27/><F115/><W56/><G17/><T3/><D42/><U52/><E53/><V28/><F117/><W111/><G5/><T61/><D112/><U129/><E129/><N who="0" m="49769" /><D31/><U57/><E57/><V84/><F108/><W134/><G56/><N who="0" m="34975" /><D3/><U107/><REACH who="1" step="1"/><E98/><REACH who="1" ten="244,161,201,384" step="2"/><V106/><F109/><W113/><G111/><T22/><D100/><U48/><E48/><V44/><F50/><W21/><G101/><T64/><D103/><U45/><E45/><V9/><F49/><W80/><G110/><T121/><D121/><U118/><E118/><V1/><F47/><W34/><G120/><T41/><D64/><U46/><E46/><V88/><F44/><W2/><G34/><T122/><D41/><U24/><AGARI ba="0,1" hai="0,4,11,23,24,30,51,52,58,104,105,107,133,135" machi="24" ten="40,8000,1" yaku="1,1,0,1,52,1,54,1,53,0" doraHai="26" doraHaiUra="67" who="1" fromWho="1" sc="244,-20,161,90,201,-20,384,-40" owari="224,-17.6,251,5.1,181,-31.9,344,44.4" /></mjloggm>