<mjloggm ver="2.3"><GO type="225" lobby="0"/><UN n0="%73%6C%69%63%6B%33%31%39" n1="%E3%81%A1%E3%82%85%E3%81%86%E3%81%A9%E3%81%8F%E8%B1%A1%E3%81%95%E3%82%93" n2="%E6%A0%B9%E5%85%83%E3%81%8B%E3%82%89%E5%90%B9%E3%81%A3%E9%A3%9B%E3%81%B6" n3="%E8%81%B7%E6%A5%AD%E3%80%81%E9%A2%A8%32" dan="16,16,17,16" rate="2162.40,2113.09,2192.28,2121.31" sx="M,M,F,M"/><TAIKYOKU oya="0"/><INIT seed="0,0,0,2,2,37" ten="250,250,250,250" oya="0" hai0="66,91,20,68,21,71,133,78,75,135,113,9,17" hai1="11,73,84,105,57,2,24,94,69,80,16,28,122" hai2="89,83,35,55,114,90,108,50,77,132,1,53,131" hai3="117,70,56,38,111,0,99,34,18,104,15,27,93"/><T82/><D113/><U59/><E122/><V45/><F108/><W40/><G111/><T61/><D68/><U44/><E69/><V64/><F35/><W124/><G0/><T87/><D9/><U25/><E105/><V41/><F1/><W116/><G70/><T103/><D103/><U98/><E73/><V52/><F131/><W65/><G104/><T48/><D48/><U76/><E44/><V49/><F132/><N who="0" m="50762" /><D17/><U129/><E129/><V54/><F114/><W85/><G18/><T130/><D130/><U62/><E2/><V47/><REACH who="2" step="1"/><F64/><REACH who="2" ten="250,250,240,250" step="2"/><W127/><G65/><T8/><D8/><U86/><E11/><V3/><F3/><W26/><G34/><T120/><D120/><U125/><E125/><V33/><F33/><W123/><G127/><T22/><D20/><U102/><E28/><V29/><F29/><W110/><G124/><T43/><D43/><U79/><E62/><V23/><F23/><W6/><G40/><T60/><D60/><U118/><E118/><V119/><F119/><W101/><G117/><T97/><D97/><U4/><E4/><V100/><F100/><W74/><G99/><T13/><D13/><U58/><E16/><V51/><F51/><W5/><G15/><T95/><AGARI ba="0,1" hai="21,22,61,66,71,75,78,82,87,91,95" m="50762" machi="95" ten="30,1500,0" yaku="20,1" doraHai="37" who="0" fromWho="0" sc="250,25,250,-5,240,-5,250,-5" /><INIT seed="0,1,0,5,3,0" ten="275,245,235,245" oya="0" hai0="47,48,111,4,84,35,7,86,49,101,38,87,123" hai1="72,30,18,115,57,99,36,103,122,102,67,14,88" hai2="105,9,28,83,33,51,60,39,13,134,130,69,62" hai3="131,109,71,92,23,116,21,110,75,2,113,61,24"/><T74/><D123/><U93/><E122/><V44/><F105/><W81/><G116/><T96/><D74/><U45/><E72/><V12/><F130/><W108/><G113/><T100/><D35/><U104/><E115/><V20/><F134/><W43/><G131/><T70/><D70/><U40/><E30/><V65/><F39/><W118/><G118/><T125/><D125/><U3/><E3/><V90/><F33/><W68/><G43/><N who="0" m="24703" /><D38/><U58/><E67/><V112/><F112/><W127/><G2/><T63/><D63/><U98/><REACH who="1" step="1"/><E103/><REACH who="1" ten="275,235,235,245" step="2"/><N who="0" m="39497" /><D111/><U107/><E107/><V55/><F28/><W53/><G75/><T6/><D96/><U46/><E46/><V132/><F65/><W128/><G110/><T54/><D87/><U15/><E15/><V29/><F12/><W10/><G109/><T126/><D126/><U16/><E16/><V89/><F13/><W42/><G127/><T66/><D66/><U73/><E73/><V52/><F29/><W11/><G108/><T8/><D8/><AGARI ba="1,1" hai="8,14,18,36,40,45,57,58,88,93,98,99,102,104" machi="8" ten="30,7700,0" yaku="1,1,7,1,54,1,53,1" doraHai="0" doraHaiUra="97" who="1" fromWho="0" sc="275,-80,235,90,235,0,245,0" /><INIT seed="1,0,0,3,0,2" ten="195,325,235,245" oya="1" hai0="124,80,22,83,104,112,98,8,6,134,11,17,96" hai1="49,20,5,56,94,123,70,129,47,105,77,29,30" hai2="82,115,122,78,7,44,100,97,86,41,42,4,76" hai3="67,21,73,120,114,63,111,33,118,32,39,14,0"/><U132/><E123/><V28/><F115/><W92/><G0/><T87/><D112/><U38/><E70/><V40/><F122/><W61/><G111/><T65/><D134/><U117/><E117/><V53/><F28/><W45/><G114/><T19/><D124/><U109/><E105/><V58/><F44/><W62/><G73/><T26/><D65/><U95/><E132/><V57/><F78/><W108/><G108/><T89/><D104/><U54/><E38/><V79/><F76/><W37/><G67/><T113/><D113/><U52/><E109/><V24/><F24/><W119/><G120/><T48/><D83/><U107/><E107/><V88/><F79/><W68/><G68/><T131/><D131/><U133/><E133/><V50/><F58/><W43/><G92/><AGARI ba="0,0" hai="4,7,40,41,42,50,53,57,82,86,88,92,97,100" machi="92" ten="40,8000,1" yaku="8,1,52,2,54,1" doraHai="2" who="2" fromWho="3" sc="195,0,325,0,235,80,245,-80" /><INIT seed="2,0,0,0,5,74" ten="195,325,315,165" oya="2" hai0="65,94,132,14,117,96,100,109,52,21,121,4,106" hai1="110,46,56,62,41,54,58,108,130,76,9,59,99" hai2="40,7,105,91,2,97,15,80,3,57,102,125,113" hai3="43,39,98,89,29,126,50,53,30,11,104,107,68"/><V13/><F113/><W24/><G68/><T75/><D121/><U49/><E130/><V19/><F125/><W8/><G126/><T12/><D75/><U86/><E99/><V123/><F123/><W25/><G39/><T87/><D109/><N who="1" m="42091" /><E9/><V79/><F91/><W69/><G69/><T111/><D111/><U67/><E67/><V38/><F57/><W31/><G43/><T72/><D72/><U47/><E86/><V131/><F131/><W81/><G104/><T23/><D132/><U92/><E92/><V70/><F70/><W66/><G66/><T26/><D65/><U120/><E76/><V5/><F3/><W1/><G107/><T133/><D133/><U122/><E62/><V33/><F2/><W134/><G134/><T48/><D117/><U103/><E103/><V27/><F5/><W124/><G124/><T18/><D106/><U17/><E17/><V83/><F7/><W88/><G1/><T32/><D32/><U119/><E119/><V6/><F6/><W42/><G42/><T84/><D14/><U51/><AGARI ba="0,0" hai="41,46,47,49,51,54,56,58,59,120,122" m="42091" machi="51" ten="40,5200,0" yaku="14,1,34,2" doraHai="74" who="1" fromWho="1" sc="195,-13,325,52,315,-26,165,-13" /><INIT seed="3,0,0,2,3,123" ten="182,377,289,152" oya="3" hai0="59,12,14,85,88,57,8,2,63,132,54,73,21" hai1="9,47,72,40,33,122,103,100,90,83,91,134,11" hai2="97,32,135,116,45,37,1,27,53,75,17,80,93" hai3="55,108,92,131,71,121,51,67,115,43,110,124,102"/><W49/><G121/><T66/><D73/><U126/><E122/><V119/><F1/><W15/><G115/><T6/><D132/><U31/><E126/><V128/><F128/><W84/><G131/><T50/><D21/><U46/><E31/><V104/><F135/><W68/><G124/><T94/><AGARI ba="0,0" hai="2,6,8,12,14,50,54,57,59,63,66,85,88,94" machi="94" ten="20,2700,0" yaku="0,1,7,1,54,1" doraHai="123" who="0" fromWho="0" sc="182,27,377,-7,289,-7,152,-13" owari="209,-19.1,370,47.0,282,8.2,139,-36.1" /></mjloggm>