<mjloggm ver="2.3"><GO type="225" lobby="0"/><UN n0="%E5%A4%8F%E9%88%B4%E9%88%B4%E5%A4%8F" n1="%6D%75%75%6D%75%72%61" n2="%E3%82%A2%E3%82%A4%E3%82%B9%E3%83%86%E3%82%A3%E3%83%BC%E3%81%82%E3%81%B9" n3="%45%6C%79%73%69%75%6D" dan="16,16,16,17" rate="2147.97,2139.25,2094.44,2121.60" sx="M,F,M,F"/><TAIKYOKU oya="0"/><INIT seed="0,0,0,0,2,119" ten="250,250,250,250" oya="0" hai0="107,85,112,31,116,53,25,78,106,89,100,104,86" hai1="133,14,84,122,117,6,18,51,113,28,135,65,26" hai2="130,103,44,39,49,134,46,72,67,110,62,42,98" hai3="22,131,124,80,60,21,17,37,45,9,79,95,92"/><T99/><D116/><U13/><E117/><V87/><F110/><W83/><G131/><T90/><D53/><U88/><E113/><V66/><F72/><W102/><G124/><T76/><D25/><U41/><E122/><V96/><F130/><W30/><G60/><T121/><D31/><U93/><E65/><V15/><F134/><N who="1" m="51209" /><E6/><V120/><F120/><W12/><G83/><N who="0" m="49343" /><D121/><U27/><E18/><V63/><F87/><W35/><G35/><T132/><D112/><U8/><E8/><V4/><F4/><W118/><G118/><T32/><D32/><N who="1" m="20503" /><E27/><V128/><F15/><W74/><G30/><T97/><D132/><U70/><E70/><V36/><F128/><W111/><G111/><T125/><D125/><U5/><E5/><V61/><F98/><N who="0" m="37386" /><D100/><U129/><E129/><V123/><F123/><W19/><G102/><T69/><D69/><U55/><E41/><N who="2" m="22567" /><F96/><W91/><G9/><T56/><D56/><AGARI ba="0,0" hai="13,14,51,55,56,84,88,93" m="20503,51209" machi="56" ten="30,2000,0" yaku="20,1,54,1" doraHai="119" who="1" fromWho="0" sc="250,-20,250,20,250,0,250,0" /><INIT seed="1,0,0,2,3,109" ten="230,270,250,250" oya="1" hai0="77,70,134,28,43,95,78,132,20,49,92,12,22" hai1="34,116,23,39,100,2,79,18,40,90,98,37,52" hai2="71,86,57,89,122,24,68,6,60,33,133,53,64" hai3="72,41,82,38,110,73,63,119,125,46,51,4,35"/><U56/><E116/><V87/><F122/><W126/><G119/><T74/><D70/><U0/><E34/><V48/><F133/><N who="0" m="51306" /><D28/><U106/><E79/><N who="0" m="30217" /><D74/><U62/><E90/><V13/><F71/><W10/><G110/><T26/><D12/><U21/><E21/><N who="0" m="8297" /><D26/><U135/><E135/><V131/><F131/><W118/><G73/><T128/><D128/><U117/><E117/><V1/><F13/><W112/><G72/><T45/><AGARI ba="0,0" hai="43,45,49,92,95" m="8297,30217,51306" machi="45" ten="40,1500,0" yaku="20,1" doraHai="109" who="0" fromWho="0" sc="230,15,270,-7,250,-4,250,-4" /><INIT seed="2,0,0,0,1,12" ten="245,263,246,246" oya="2" hai0="78,69,13,1,38,77,112,33,59,50,24,42,120" hai1="99,125,65,119,89,67,88,68,96,127,28,39,14" hai2="56,53,94,113,126,102,70,104,30,110,85,74,17" hai3="81,49,130,92,23,9,8,4,79,84,131,75,37"/><V86/><F113/><W20/><G37/><T76/><D1/><U108/><E119/><V54/><F70/><W109/><G109/><T87/><D69/><U19/><E108/><V16/><F74/><W40/><G92/><T43/><D120/><U80/><E39/><V82/><F104/><W45/><G75/><T44/><D112/><U124/><E28/><V10/><F30/><W114/><G114/><T57/><D38/><U2/><E2/><V132/><F110/><W34/><G34/><T5/><D42/><U117/><E117/><V62/><F132/><W111/><G111/><T48/><D33/><U6/><E6/><V60/><F126/><W118/><G118/><T103/><D103/><U95/><E68/><V83/><F10/><W64/><G64/><N who="1" m="24650" /><E80/><N who="2" m="30763" /><F102/><W3/><REACH who="3" step="1"/><G9/><REACH who="3" ten="245,263,246,236" step="2"/><T36/><D36/><U0/><E99/><V21/><F94/><W97/><G97/><T35/><D35/><U15/><E96/><V73/><F73/><W11/><G11/><T128/><D87/><N who="2" m="33290" /><F21/><AGARI ba="0,1" hai="3,4,8,20,21,23,40,45,49,79,81,84,130,131" machi="21" ten="40,1300,0" yaku="1,1,53,0" doraHai="12" doraHaiUra="121" who="3" fromWho="2" sc="245,0,263,0,246,-13,236,23" /><INIT seed="3,0,0,2,3,36" ten="245,263,233,259" oya="3" hai0="120,54,121,11,111,89,133,62,90,98,88,14,68" hai1="126,71,100,115,32,20,31,101,127,18,59,13,135" hai2="28,19,51,12,134,2,102,86,78,40,33,124,113" hai3="39,99,4,46,69,47,130,64,52,35,56,97,57"/><W122/><G35/><T44/><D111/><U114/><E71/><V7/><F113/><W119/><G4/><T116/><D116/><U49/><E135/><V94/><F134/><W74/><G74/><T128/><D133/><U43/><E32/><V55/><F124/><N who="1" m="47657" /><E31/><V131/><F131/><W70/><G119/><T60/><D128/><U10/><E20/><V26/><F40/><N who="3" m="22815" /><G97/><T83/><D121/><U22/><E22/><N who="2" m="11623" /><F102/><N who="1" m="39529" /><E43/><V27/><F27/><W67/><G99/><T80/><D120/><U95/><E95/><V41/><F41/><W106/><G106/><T76/><D98/><U53/><AGARI ba="0,0" hai="10,13,18,49,53,59,114,115" m="39529,47657" machi="53" ten="30,1100,0" yaku="18,1" doraHai="36" who="1" fromWho="1" sc="245,-3,263,11,233,-3,259,-5" /><INIT seed="4,0,0,0,5,93" ten="242,274,230,254" oya="0" hai0="4,77,18,65,100,75,84,31,92,135,103,40,112" hai1="118,34,87,35,49,113,60,15,61,72,121,37,13" hai2="131,46,82,8,63,23,80,5,29,114,2,62,127" hai3="96,133,42,104,45,41,6,43,94,86,123,88,3"/><T1/><D65/><U134/><E37/><V19/><F114/><W122/><G133/><T48/><D31/><U51/><E72/><V56/><F127/><W106/><G45/><N who="0" m="25639" /><D75/><U129/><E129/><V14/><F131/><W66/><G66/><T7/><D1/><U58/><E118/><V130/><F130/><W89/><G6/><N who="0" m="2091" /><D112/><U102/><E113/><V107/><F107/><W36/><G3/><T33/><D33/><U99/><E134/><V109/><F109/><W68/><G68/><T64/><D135/><U30/><E121/><N who="3" m="46090" /><G36/><T120/><D120/><U21/><E30/><V71/><F71/><W105/><G89/><N who="0" m="53287" /><D77/><U85/><E34/><V20/><F46/><W119/><G119/><T74/><D74/><U79/><E35/><V124/><F124/><W83/><G83/><T70/><D70/><U59/><E79/><V97/><F82/><W101/><AGARI ba="0,0" hai="41,42,43,86,88,94,96,101,104,105,106" m="46090" machi="101" ten="40,5200,0" yaku="13,1,52,1,54,1" doraHai="93" who="3" fromWho="3" sc="242,-26,274,-13,230,-13,254,52" owari="216,-28.4,261,6.1,217,-18.3,306,40.6" /></mjloggm>