<mjloggm ver="2.3"><GO type="225" lobby="0"/><UN n0="%E3%82%BC%E3%83%AB%E3%83%80%E3%81%AE%E4%BC%9D%E8%AA%AC" n1="%72%61%6B%33" n2="%EF%BC%81%E3%81%BC%E3%81%9F%E3%82%82%E3%81%A1%EF%BC%81" n3="%E6%B4%BE%E9%81%A3%E3%81%AE%E3%82%B8%E3%83%A3%E3%83%83%E3%82%AF" dan="16,17,17,16" rate="2201.47,2163.11,2226.72,2191.39" sx="M,M,M,M"/><TAIKYOKU oya="0"/><INIT seed="0,0,0,0,4,129" ten="250,250,250,250" oya="0" hai0="40,47,10,77,19,135,64,20,128,132,13,3,69" hai1="53,74,31,82,98,15,78,127,27,39,134,104,95" hai2="51,112,97,67,45,88,81,24,50,25,52,83,18" hai3="102,68,26,108,38,9,80,114,86,4,62,34,14"/><T12/><D128/><U6/><E127/><V73/><F112/><W33/><G114/><T116/><D116/><U100/><E39/><V43/><F67/><W76/><G38/><T36/><D3/><U63/><E134/><N who="0" m="51241" /><D77/><U8/><E53/><V59/><F73/><W46/><G108/><T56/><D56/><U1/><E63/><V85/><F83/><W126/><G126/><T35/><D35/><U71/><E15/><V55/><F18/><W106/><G34/><T16/><D64/><U111/><E111/><V133/><F133/><W48/><G33/><T60/><D60/><U37/><E37/><V101/><REACH who="2" step="1"/><F43/><REACH who="2" ten="250,250,240,250" step="2"/><W21/><G80/><T91/><D91/><U103/><E82/><V70/><F70/><AGARI ba="0,1" hai="10,12,13,16,19,20,36,40,47,69,70" m="51241" machi="70" ten="30,12000,1" yaku="20,1,52,3,54,1" doraHai="129" who="0" fromWho="2" sc="250,130,250,0,240,-120,250,0" /><INIT seed="0,1,0,5,2,73" ten="380,250,120,250" oya="0" hai0="39,107,135,103,12,60,66,5,131,69,82,79,109" hai1="1,64,61,127,26,58,132,24,10,8,32,92,62" hai2="49,31,70,115,6,30,78,126,2,40,20,87,16" hai3="122,50,86,105,72,38,128,113,98,75,89,108,101"/><T68/><D39/><U77/><E127/><V11/><F115/><W116/><G38/><T13/><D135/><U29/><E132/><V123/><F70/><W120/><G50/><T48/><D131/><U52/><E24/><V95/><F123/><N who="3" m="47147" /><G113/><T121/><D121/><U80/><E92/><V125/><F31/><W14/><G14/><T3/><D68/><U53/><E1/><V118/><F30/><W25/><G25/><T85/><D109/><U124/><E124/><N who="2" m="47723" /><F118/><W65/><G65/><T17/><D48/><U114/><E114/><V21/><F21/><W0/><G0/><T18/><D3/><U56/><E64/><V84/><F95/><W99/><G128/><T91/><D91/><U67/><E67/><V33/><F33/><W4/><G4/><T35/><D35/><U47/><E47/><N who="2" m="25831" /><F78/><W106/><G108/><T100/><D5/><U110/><E110/><V9/><F11/><W57/><G57/><T83/><D107/><U130/><E130/><V7/><F7/><W94/><G116/><T28/><D28/><U96/><E96/><V71/><F71/><W102/><AGARI ba="1,0" hai="72,75,86,89,94,98,99,101,102,105,106" m="47147" machi="102" ten="30,4000,0" yaku="13,1,34,2" doraHai="73" who="3" fromWho="3" sc="380,-21,250,-11,120,-11,250,43" /><INIT seed="1,0,0,1,3,38" ten="359,239,109,293" oya="1" hai0="93,89,12,5,101,123,24,3,82,14,52,133,69" hai1="8,73,60,127,86,67,49,75,40,2,31,88,22" hai2="54,121,4,59,77,102,92,6,119,27,50,48,99" hai3="124,129,61,95,125,43,39,103,100,108,41,107,37"/><U9/><E127/><N who="3" m="48714" /><G108/><T51/><D69/><U62/><E75/><V128/><F128/><W71/><G95/><T28/><D133/><U42/><E73/><V7/><F121/><W25/><G25/><T112/><D112/><U21/><E2/><V74/><F119/><W1/><G1/><T126/><D126/><U111/><E111/><V109/><F109/><W23/><G23/><N who="1" m="8714" /><E31/><V78/><F74/><W32/><G32/><T45/><D123/><U65/><E49/><V87/><F27/><W97/><G103/><T90/><D3/><U46/><E46/><V55/><REACH who="2" step="1"/><F87/><REACH who="2" ten="359,239,99,293" step="2"/><W35/><G129/><T33/><D24/><U83/><E67/><V105/><F105/><W11/><G107/><T16/><D33/><U104/><E104/><V96/><F96/><W10/><G97/><T120/><D120/><U36/><E36/><V30/><F30/><W135/><G35/><T113/><D28/><U79/><E79/><V13/><F13/><W118/><G118/><T81/><D12/><U15/><E65/><V76/><F76/><W26/><G37/><T80/><D14/><U72/><E72/><V98/><F98/><W70/><G39/><T0/><D0/><U17/><E9/><V19/><F19/><W29/><G11/><T122/><D122/><U20/><E8/><V115/><F115/><W110/><G10/><T53/><D113/><U84/><E86/><V68/><F68/><W132/><G110/><T18/><D18/><U85/><E84/><V58/><AGARI ba="0,1" hai="4,6,7,48,50,54,55,58,59,77,78,92,99,102" machi="58" ten="30,12000,2" yaku="1,1,0,1,9,1,8,1,53,2" doraHai="38" doraHaiUra="44" who="2" fromWho="2" sc="359,-30,239,-60,99,130,293,-30" /><INIT seed="2,0,0,2,0,10" ten="329,179,229,263" oya="2" hai0="94,1,115,75,96,29,55,95,83,125,88,74,35" hai1="22,21,135,60,108,56,17,25,41,109,26,134,7" hai2="85,13,119,44,118,102,8,67,82,43,5,39,49" hai3="46,133,65,36,86,116,24,34,14,66,11,32,100"/><V89/><F67/><W69/><G116/><T58/><D115/><U31/><E41/><V64/><F102/><W52/><G133/><N who="1" m="50698" /><E56/><V111/><F111/><N who="1" m="42569" /><E60/><V12/><F64/><W78/><G100/><T59/><D59/><U28/><E7/><V38/><REACH who="2" step="1"/><F13/><REACH who="2" ten="329,179,219,263" step="2"/><W132/><G65/><T0/><D0/><U104/><E104/><V81/><F81/><W106/><G106/><T47/><D83/><U19/><AGARI ba="0,1" hai="17,19,21,22,25,26,28,31" m="42569,50698" machi="19" ten="40,8000,1" yaku="20,1,14,1,34,2" doraHai="10" who="1" fromWho="1" sc="329,-20,179,90,219,-40,263,-20" /><INIT seed="3,0,0,1,2,73" ten="309,269,179,243" oya="3" hai0="114,70,10,38,110,51,2,48,123,59,121,53,113" hai1="5,122,72,55,74,111,9,86,22,44,6,108,84" hai2="29,119,4,65,67,77,76,12,57,40,90,58,87" hai3="14,68,134,78,85,28,132,21,34,23,120,126,26"/><W135/><G68/><T18/><D38/><U45/><E22/><V127/><F127/><W89/><G120/><T94/><D70/><U31/><E122/><V32/><F119/><W56/><G56/><N who="2" m="21609" /><F32/><W13/><G126/><T75/><D75/><N who="1" m="28715" /><E31/><V116/><F29/><W3/><G3/><T82/><D82/><U62/><E62/><V36/><F36/><W88/><G23/><T52/><D110/><N who="1" m="42027" /><E55/><V81/><F40/><W15/><G21/><T8/><D59/><U102/><E102/><V92/><F116/><W19/><G19/><T91/><D18/><U93/><E93/><V49/><F49/><W61/><G61/><T69/><D94/><U105/><E105/><V64/><F92/><W1/><G1/><T79/><D69/><U106/><E106/><V131/><F131/><W25/><G25/><T129/><D129/><U50/><E50/><V97/><F97/><W39/><G39/><T124/><D2/><U80/><E9/><V95/><F95/><W71/><G71/><T109/><D109/><U100/><E100/><V16/><F4/><N who="1" m="1641" /><E80/><AGARI ba="0,0" hai="13,14,15,26,28,34,78,80,85,88,89,132,134,135" machi="80" ten="50,9600,0" yaku="20,1,52,1,54,1" doraHai="73" who="3" fromWho="1" sc="309,0,269,-96,179,0,243,96" owari="309,10.9,173,-32.7,179,-22.1,339,43.9" /></mjloggm>