<mjloggm ver="2.3"><GO type="225" lobby="0"/><UN n0="%E3%82%A2%E3%83%BC%E3%83%A2%E3%83%AD%E3%83%BC%E3%83%B4%E3%82%A1" n1="%48%61%61%61%6C%61%6E%64" n2="%E5%86%B7%E5%87%8D%E3%82%AE%E3%83%A7%E3%83%BC%E3%82%B6" n3="%E5%8D%A0%E3%81%84%E5%B8%AB%E8%A3%8F%E3%81%AA%E3%81%84%E3%81%97" dan="16,18,17,16" rate="2141.89,2276.06,2220.32,2168.84" sx="M,M,M,M"/><TAIKYOKU oya="0"/><INIT seed="0,0,0,0,0,9" ten="250,250,250,250" oya="0" hai0="118,58,3,61,126,6,7,119,65,81,1,31,32" hai1="50,41,68,84,29,130,40,16,86,12,121,67,127" hai2="103,75,108,42,17,52,122,112,59,48,104,79,35" hai3="39,96,5,94,27,37,70,72,0,102,115,83,69"/><T93/><D126/><U53/><E121/><V111/><F122/><W100/><G115/><T97/><D81/><U46/><E127/><V38/><F112/><W66/><G102/><T90/><D32/><U11/><E130/><V80/><F35/><W56/><G56/><T73/><D73/><U23/><E67/><V107/><F103/><W89/><G27/><T62/><D31/><U106/><E68/><V14/><F42/><N who="1" m="16489" /><E106/><V129/><F38/><W57/><G57/><T88/><D58/><U128/><E128/><V64/><F64/><W105/><G5/><T123/><D65/><U92/><E92/><V76/><F76/><N who="3" m="44423" /><G0/><T114/><D114/><U82/><E82/><V51/><F51/><W43/><G43/><T133/><D123/><U54/><E53/><V87/><F75/><W26/><G26/><AGARI ba="0,0" hai="11,12,16,23,26,29,46,50,54,84,86" m="16489" machi="26" ten="30,3900,0" yaku="8,1,52,1,54,1" doraHai="9" who="1" fromWho="3" sc="250,0,250,39,250,0,250,-39" /><INIT seed="1,0,0,4,3,90" ten="250,289,250,211" oya="1" hai0="83,43,120,134,39,100,26,123,113,75,34,21,85" hai1="29,50,24,8,97,84,114,122,130,119,64,95,59" hai2="58,32,126,105,6,41,11,52,15,89,17,124,103" hai3="111,96,108,3,127,44,104,116,47,72,92,125,4"/><U54/><E114/><V78/><F32/><W2/><G104/><T0/><D113/><U88/><E119/><V35/><F35/><W22/><G72/><T49/><D134/><U110/><E122/><V80/><F41/><W107/><G107/><T109/><D109/><N who="3" m="42057" /><G22/><T16/><D39/><U112/><E112/><V65/><F65/><W77/><G77/><T60/><D75/><U40/><E110/><V82/><F89/><N who="3" m="55311" /><G116/><T38/><D38/><U9/><E130/><V13/><F103/><W57/><G57/><T121/><D0/><N who="3" m="41" /><G4/><T46/><D34/><U18/><E18/><V86/><F105/><W66/><G66/><T37/><D100/><U81/><E64/><V133/><F133/><W45/><AGARI ba="0,0" hai="44,45,47,125,127" m="41,55311,42057" machi="45" ten="40,2700,0" yaku="14,1,52,1" doraHai="90" who="3" fromWho="3" sc="250,-7,289,-13,250,-7,211,27" /><INIT seed="2,0,0,2,4,74" ten="243,276,243,238" oya="2" hai0="6,82,118,98,43,100,113,39,77,84,49,99,107" hai1="124,126,115,51,134,11,27,96,101,9,23,34,63" hai2="117,120,130,10,86,13,122,28,67,54,56,73,12" hai3="25,112,105,47,33,106,102,95,103,110,87,61,4"/><V17/><F117/><W91/><G110/><T18/><D113/><U70/><E115/><V57/><F73/><W45/><G112/><T85/><D118/><U121/><E134/><V64/><F130/><W78/><G4/><T60/><D39/><U35/><E121/><V1/><F1/><W89/><G61/><T66/><D6/><U26/><E51/><V8/><F28/><W69/><G69/><T135/><D135/><U21/><E63/><V15/><F86/><W36/><G36/><T3/><D3/><U2/><E70/><V108/><F108/><W41/><G41/><T16/><D98/><U19/><E96/><V24/><F24/><W104/><G25/><T97/><D97/><U81/><E81/><V22/><F22/><W48/><G33/><N who="1" m="12298" /><E101/><N who="3" m="38410" /><G48/><T65/><D85/><U42/><E42/><V52/><F13/><W72/><G45/><T59/><REACH who="0" step="1"/><D66/><REACH who="0" ten="233,276,243,238" step="2"/><U46/><E2/><V62/><F62/><W5/><G5/><T129/><D129/><U14/><E124/><V109/><F109/><W94/><G47/><AGARI ba="0,1" hai="16,18,43,47,49,59,60,65,77,82,84,99,100,107" machi="47" ten="40,8000,1" yaku="1,1,52,1,54,1,53,1" doraHai="74" doraHaiUra="55" who="0" fromWho="3" sc="233,90,276,0,243,0,238,-80" /><INIT seed="3,0,0,0,0,8" ten="323,276,243,158" oya="3" hai0="5,35,47,111,91,37,89,10,122,4,117,33,19" hai1="72,112,62,121,69,6,108,84,18,66,42,3,99" hai2="40,98,53,124,21,0,56,46,58,113,92,88,134" hai3="94,78,96,60,23,93,64,77,45,90,116,135,55"/><W85/><G116/><T27/><D122/><U9/><E72/><V127/><F113/><W101/><G135/><T102/><D102/><U100/><E121/><V49/><F134/><W11/><G23/><T30/><D111/><U71/><E112/><V114/><F114/><W129/><G129/><T14/><D35/><U68/><E108/><V15/><F0/><W80/><G55/><T43/><D117/><U110/><E110/><V1/><F1/><W38/><G11/><T75/><D75/><U31/><E18/><N who="2" m="10463" /><F40/><W107/><G45/><T13/><D4/><U32/><E84/><V109/><F109/><W26/><G38/><T59/><D59/><U106/><E42/><V130/><F130/><W20/><G94/><T70/><D70/><U51/><E51/><V29/><F29/><W115/><G107/><T36/><D37/><U81/><E81/><V50/><F50/><W126/><G126/><AGARI ba="0,0" hai="46,49,53,56,58,88,92,98,124,126,127" m="10463" machi="126" ten="30,3900,0" yaku="18,1,52,1,54,1" doraHai="8" who="2" fromWho="3" sc="323,0,276,0,243,39,158,-39" owari="323,42.3,276,-12.4,282,8.2,119,-38.1" /></mjloggm>