<mjloggm ver="2.3"><GO type="225" lobby="0"/><UN n0="%E3%81%84%E3%81%A1%E3%81%B2%E3%81%8B%E3%82%8A" n1="%E3%81%A8%E3%82%93%E3%81%A8%E3%81%93%E3%81%A8%E3%82%93" n2="%E3%82%BC%E3%83%AB%E3%83%80%E3%81%AE%E4%BC%9D%E8%AA%AC" n3="%EF%BC%B3%E3%81%9E%E3%81%88%E2%98%86" dan="16,16,17,16" rate="2121.42,2131.14,2204.82,2081.95" sx="M,F,M,M"/><TAIKYOKU oya="0"/><INIT seed="0,0,0,2,1,59" ten="250,250,250,250" oya="0" hai0="75,50,130,41,62,96,107,35,55,132,124,68,37" hai1="99,2,115,11,104,51,94,120,114,126,52,24,86" hai2="100,106,135,118,71,83,7,111,48,91,3,23,18" hai3="82,29,54,134,79,27,56,78,9,44,10,14,119"/><T123/><RYUUKYOKU type="yao9" ba="0,0" sc="250,0,250,0,250,0,250,0" hai0="35,37,41,50,55,62,68,75,96,107,123,124,130,132" /><INIT seed="0,1,0,0,5,116" ten="250,250,250,250" oya="0" hai0="20,93,59,97,52,6,119,12,65,37,21,80,46" hai1="98,90,122,91,51,39,48,68,56,83,47,71,42" hai2="125,57,9,111,84,114,28,131,4,25,32,13,106" hai3="38,107,62,77,24,103,0,92,3,58,117,123,132"/><T17/><D119/><U115/><E115/><V76/><F114/><W87/><G117/><T63/><D6/><U113/><E113/><V35/><F106/><W69/><G38/><T5/><D5/><U27/><E122/><V101/><F101/><W126/><G69/><T16/><D80/><U44/><E56/><V55/><F111/><W104/><G132/><T53/><D46/><U75/><E39/><V50/><F125/><W70/><G70/><T61/><D61/><U133/><E27/><V64/><F131/><W19/><G107/><T49/><D49/><U2/><E2/><V118/><F118/><W124/><G3/><T129/><D37/><U95/><E133/><V10/><F64/><W67/><G0/><T85/><D85/><U135/><E135/><V78/><F9/><W29/><G104/><T18/><D129/><U86/><REACH who="1" step="1"/><E75/><REACH who="1" ten="250,240,250,250" step="2"/><V43/><F25/><W66/><G123/><T121/><D121/><U40/><AGARI ba="1,1" hai="40,42,44,47,48,51,68,71,83,86,90,91,95,98" machi="40" ten="20,8000,1" yaku="1,1,2,1,0,1,7,1,9,1,53,0" doraHai="116" doraHaiUra="110" who="1" fromWho="1" sc="250,-41,240,93,250,-21,250,-21" /><INIT seed="1,0,0,3,2,114" ten="209,333,229,229" oya="1" hai0="51,129,126,130,117,113,105,45,5,55,15,103,89" hai1="57,123,46,41,99,73,134,125,61,0,69,132,102" hai2="76,109,22,131,12,120,101,35,107,21,11,96,121" hai3="111,91,68,67,48,24,58,104,87,82,25,97,26"/><U119/><E123/><V52/><F35/><W133/><G111/><T39/><D113/><U4/><E73/><V128/><F109/><W127/><G133/><T77/><D126/><U112/><E112/><V1/><F76/><W74/><G127/><T118/><D77/><U19/><E19/><N who="2" m="8607" /><F1/><W72/><G68/><T108/><D108/><U59/><E69/><V37/><F37/><W2/><G2/><T62/><D89/><U14/><E0/><V23/><F52/><W93/><G104/><T43/><D62/><U50/><E125/><V10/><F10/><W75/><G48/><T31/><D31/><U3/><E3/><V13/><F13/><W53/><G67/><T106/><D15/><U34/><E34/><V71/><F71/><W115/><G115/><T32/><D32/><U95/><E119/><N who="0" m="45577" /><D5/><U100/><E100/><V78/><F78/><W122/><G122/><T49/><D103/><U66/><REACH who="1" step="1"/><E57/><REACH who="1" ten="209,323,229,229" step="2"/><V9/><F120/><W56/><G58/><N who="0" m="33151" /><D39/><U29/><E29/><V54/><F121/><W84/><G56/><T90/><D90/><U85/><E85/><V47/><F101/><W30/><G87/><T8/><D8/><AGARI ba="0,1" hai="4,8,14,41,46,50,59,61,66,95,99,102,132,134" machi="8" ten="40,3900,0" yaku="1,1,53,1" doraHai="114" doraHaiUra="94" who="1" fromWho="0" sc="209,-39,323,49,229,0,229,0" /><INIT seed="1,1,0,4,3,112" ten="170,372,229,229" oya="1" hai0="49,103,109,59,24,31,90,102,30,50,47,127,78" hai1="54,85,114,111,91,5,10,22,99,129,46,9,25" hai2="57,75,48,113,61,124,115,84,51,94,55,60,18" hai3="17,72,42,83,65,45,33,27,39,133,44,101,81"/><U89/><E114/><N who="2" m="43531" /><F75/><W8/><G133/><T52/><D109/><U4/><E129/><V13/><F124/><W19/><G65/><T87/><D78/><U64/><E64/><V36/><F36/><W107/><G45/><T100/><D24/><U62/><E111/><V88/><F51/><W123/><G123/><T26/><D26/><U126/><E126/><V7/><F7/><W70/><G70/><T125/><D125/><U116/><E116/><V110/><F110/><W122/><G122/><T69/><D69/><U53/><E99/><V40/><F40/><W93/><G107/><T135/><D135/><U82/><E62/><V1/><F1/><W117/><G117/><T35/><D35/><U34/><E34/><V32/><F32/><W104/><G104/><T12/><D12/><U11/><E91/><V63/><F63/><W56/><G56/><T80/><REACH who="0" step="1"/><D127/><REACH who="0" ten="160,372,229,229" step="2"/><U16/><E46/><V20/><AGARI ba="1,1" hai="13,18,20,48,55,57,60,61,84,88,94" m="43531" machi="20" ten="30,4000,0" yaku="25,1,11,1,54,1" doraHai="112" who="2" fromWho="2" sc="160,-11,372,-21,229,53,229,-11" /><INIT seed="2,0,0,4,3,86" ten="149,351,282,218" oya="2" hai0="120,35,99,4,108,114,18,6,33,55,15,128,93" hai1="123,94,74,102,88,47,43,101,1,46,134,77,57" hai2="22,78,96,84,124,126,105,112,11,109,119,129,106" hai3="79,13,48,31,29,70,16,95,24,37,133,100,7"/><V52/><F112/><W65/><G37/><T104/><D104/><U28/><E1/><V131/><F22/><W41/><G133/><T89/><D114/><U53/><E134/><V122/><F11/><W12/><G70/><T56/><D120/><U90/><E123/><V61/><F122/><W118/><G118/><T40/><D128/><N who="2" m="49226" /><F119/><W73/><G65/><T66/><D66/><U39/><E28/><N who="3" m="10826" /><G73/><T92/><D40/><U62/><E47/><V80/><F109/><W14/><G79/><T60/><D108/><U9/><E9/><V76/><F76/><W111/><G7/><T27/><D33/><U20/><E20/><V51/><F61/><W23/><G111/><T121/><D27/><U2/><E2/><V127/><F96/><N who="3" m="59423" /><G48/><T130/><D35/><U87/><REACH who="1" step="1"/><E90/><REACH who="1" ten="149,341,282,218" step="2"/><V81/><F81/><AGARI ba="0,1" hai="39,43,46,53,57,62,74,77,81,87,88,94,101,102" machi="81" ten="40,8000,1" yaku="1,1,2,1,52,1,54,1,53,0" doraHai="86" doraHaiUra="44" who="1" fromWho="2" sc="149,0,341,90,282,-80,218,0" /><INIT seed="3,0,0,2,4,127" ten="149,431,202,218" oya="3" hai0="12,56,8,104,83,91,28,110,5,3,0,45,27" hai1="95,70,134,72,88,23,43,19,58,135,41,22,57" hai2="96,30,92,94,68,25,55,18,13,111,4,2,10" hai3="103,73,38,75,124,40,11,44,53,60,112,99,125"/><W130/><G130/><T7/><D104/><U67/><E72/><V129/><F129/><W128/><G128/><T87/><D110/><U80/><E80/><V82/><F111/><W131/><G131/><T46/><D0/><U62/><E70/><V24/><F68/><W89/><G112/><T113/><D113/><U51/><E57/><V49/><F82/><W102/><G53/><T101/><D5/><U109/><E109/><V97/><F2/><W133/><G60/><T126/><D126/><N who="3" m="48745" /><G133/><T76/><D101/><N who="3" m="38409" /><G11/><T85/><D56/><U52/><E134/><V20/><F96/><W9/><G9/><T122/><D122/><U26/><E135/><V79/><F97/><W93/><AGARI ba="0,0" hai="38,40,44,73,75,89,93,99" m="38409,48745" machi="93" ten="30,1500,0" yaku="18,1" doraHai="127" who="3" fromWho="3" sc="149,-5,431,-5,202,-5,218,15" /><INIT seed="3,1,0,3,4,106" ten="144,426,197,233" oya="3" hai0="25,51,16,59,98,32,20,73,19,63,101,68,62" hai1="135,0,1,28,122,111,87,124,83,109,49,89,133" hai2="23,3,107,9,85,91,82,46,64,45,14,126,108" hai3="61,81,78,70,6,84,74,120,30,123,37,96,21"/><W100/><G84/><T40/><D32/><U55/><E28/><V134/><F107/><W42/><G21/><T8/><D68/><U36/><E36/><V31/><F108/><N who="1" m="41545" /><E124/><V116/><F116/><W118/><G118/><T53/><D73/><U29/><E29/><V65/><F134/><N who="1" m="51209" /><E122/><V132/><F126/><W75/><G30/><T121/><D121/><N who="3" m="46665" /><G81/><T47/><D8/><U71/><E71/><V39/><F3/><W102/><G78/><T94/><REACH who="0" step="1"/><D19/><REACH who="0" ten="134,426,197,233" step="2"/><U24/><E24/><V103/><F9/><W131/><G75/><T34/><D34/><U11/><E11/><V4/><F132/><W12/><G74/><T18/><D18/><U95/><E83/><V115/><F82/><W27/><G27/><T26/><D26/><U52/><E55/><V2/><F31/><W17/><G17/><T22/><D22/><U110/><E110/><V54/><F54/><W77/><G6/><T97/><D97/><U13/><E13/><V50/><F14/><W48/><G12/><T76/><D76/><U128/><E128/><V113/><F23/><W79/><G77/><T57/><D57/><AGARI ba="1,1" hai="0,1,49,52,57,87,89,95" m="51209,41545" machi="57" ten="30,3900,0" yaku="14,1,20,1,54,1" doraHai="106" who="1" fromWho="0" sc="134,-42,426,52,197,0,233,0" owari="92,-40.8,478,57.8,197,-20.3,233,3.3" /></mjloggm>