<mjloggm ver="2.3"><GO type="225" lobby="0"/><UN n0="%73%6C%69%63%6B%33%31%39" n1="%72%69%6F%75%63%68%61%6E" n2="%43%68%65" n3="%6D%75%75%6D%75%72%61" dan="17,17,16,17" rate="2182.75,2232.40,2094.46,2195.19" sx="M,M,M,F"/><TAIKYOKU oya="0"/><INIT seed="0,0,0,0,5,81" ten="250,250,250,250" oya="0" hai0="45,23,33,12,5,62,2,103,46,32,29,36,76" hai1="134,79,69,37,16,26,3,122,135,100,128,15,75" hai2="30,25,82,113,8,43,129,31,0,54,86,99,104" hai3="109,84,1,21,6,9,96,97,80,72,61,7,34"/><T106/><D106/><U70/><E128/><V52/><F113/><W17/><G109/><T73/><D103/><U108/><E108/><V20/><F129/><W57/><G34/><T127/><D127/><U18/><E122/><V44/><F31/><W67/><G7/><T78/><D62/><U56/><E3/><V102/><F8/><W115/><G72/><T87/><D73/><U66/><E37/><V24/><F24/><W10/><G10/><N who="0" m="2359" /><D33/><U88/><E100/><V111/><F0/><W94/><G115/><T49/><D36/><U4/><E4/><V107/><F107/><W89/><REACH who="3" step="1"/><G94/><REACH who="3" ten="250,250,250,240" step="2"/><T95/><D95/><U39/><E75/><V131/><F111/><W53/><G53/><T120/><D32/><U77/><E135/><V59/><F131/><W71/><G71/><T50/><D120/><U114/><E134/><V22/><F59/><W91/><G91/><T27/><D76/><U110/><E110/><V101/><F22/><W47/><G47/><T42/><D78/><U11/><E114/><V105/><F105/><W116/><G116/><T55/><D46/><U90/><E79/><V38/><F102/><W92/><G92/><T13/><D45/><U74/><E77/><AGARI ba="0,1" hai="20,25,30,38,43,44,52,54,77,82,86,99,101,104" machi="77" ten="30,3900,0" yaku="7,1,52,1,54,1" doraHai="81" who="2" fromWho="1" sc="250,0,250,-39,250,49,240,0" /><INIT seed="1,0,0,2,4,33" ten="250,211,299,240" oya="1" hai0="68,117,53,77,103,81,83,91,73,16,125,107,130" hai1="30,55,40,54,65,52,89,15,50,46,49,60,64" hai2="75,58,110,1,27,9,8,5,72,96,39,104,48" hai3="105,37,19,88,17,34,92,51,128,18,113,21,133"/><U99/><E30/><V67/><F39/><W111/><G37/><T112/><D112/><U31/><E31/><V28/><F110/><W6/><G113/><T59/><D117/><U29/><E29/><V43/><F9/><W85/><G34/><T79/><D68/><N who="1" m="41991" /><E15/><V11/><F11/><W98/><G111/><T116/><D116/><U7/><E7/><V126/><F126/><W127/><G127/><T13/><D130/><U23/><E23/><V36/><F58/><W32/><G128/><T129/><D129/><U87/><E99/><V95/><F48/><N who="1" m="18537" /><E87/><V86/><F67/><W35/><G21/><T10/><D91/><U57/><E89/><V71/><F71/><W109/><G109/><T100/><D107/><U0/><E0/><V69/><F69/><W4/><G133/><T114/><D114/><U42/><E46/><N who="2" m="23911" /><F95/><W82/><G105/><T132/><D132/><U121/><E121/><V134/><F86/><W97/><G32/><T106/><D125/><U44/><E44/><V66/><F134/><W80/><G35/><T108/><D108/><U41/><E65/><V123/><F66/><W25/><G25/><T2/><D2/><U62/><AGARI ba="0,0" hai="40,41,42,52,54,55,57,62" m="18537,41991" machi="62" ten="30,18000,2" yaku="35,5,54,1" doraHai="33" who="1" fromWho="1" sc="250,-60,211,180,299,-60,240,-60" /><INIT seed="1,1,0,5,1,71" ten="190,391,239,180" oya="1" hai0="131,15,49,78,90,107,7,4,57,110,103,104,91" hai1="3,84,134,99,77,24,58,9,44,94,117,119,1" hai2="56,18,23,59,13,45,89,75,50,55,54,60,135" hai3="41,21,12,61,5,29,118,120,25,31,100,73,66"/><U47/><E134/><V69/><F69/><W86/><G120/><T0/><D0/><U88/><E24/><V128/><F135/><W22/><G73/><T115/><D115/><U98/><E58/><V105/><F105/><W82/><G118/><T28/><D78/><U112/><E112/><V113/><F113/><W38/><G100/><T68/><D68/><U39/><E44/><V26/><F75/><W85/><G85/><T48/><D28/><U80/><E99/><V121/><F128/><W62/><G31/><T17/><D110/><U63/><E63/><V106/><F106/><W125/><G125/><T79/><D79/><U46/><E46/><V76/><F76/><W95/><G95/><T42/><D42/><U126/><E126/><V102/><F102/><W109/><G109/><T53/><D49/><U101/><E1/><V130/><F121/><W133/><G133/><T123/><D123/><U43/><REACH who="1" step="1"/><E101/><REACH who="1" ten="190,381,239,180" step="2"/><V30/><F130/><W132/><G132/><T72/><D103/><U51/><E51/><V92/><F45/><W52/><G25/><T19/><D48/><U2/><E2/><V108/><F108/><W74/><G62/><T14/><D57/><U129/><E129/><V6/><F30/><W122/><G29/><T11/><D131/><U93/><E93/><V87/><F26/><W114/><G114/><T36/><D104/><U64/><E64/><V97/><F97/><W96/><G122/><T70/><D107/><U111/><E111/><V8/><F59/><W67/><G61/><T35/><D70/><U27/><E27/><N who="2" m="14839" /><F50/><W34/><G96/><RYUUKYOKU ba="1,1" sc="190,-15,381,15,239,15,180,-15" hai1="3,9,39,43,47,77,80,84,88,94,98,117,119" hai2="6,8,13,54,55,56,60,87,89,92" /><INIT seed="1,2,1,2,4,38" ten="175,396,254,165" oya="1" hai0="93,98,92,16,50,29,24,115,88,120,97,63,124" hai1="47,77,111,25,107,62,102,96,5,79,122,118,64" hai2="94,41,20,117,19,27,128,108,54,106,12,119,30" hai3="61,58,134,87,22,100,49,132,59,83,71,113,0"/><U45/><E118/><V67/><F106/><W72/><G113/><T23/><D124/><U112/><E122/><V130/><F67/><W6/><G72/><T73/><D115/><U55/><E112/><V105/><F105/><W116/><G116/><T127/><D127/><U37/><E111/><V51/><F94/><W66/><G100/><T109/><D109/><U91/><E5/><V90/><F90/><W15/><G0/><T34/><D73/><U32/><E91/><V99/><F99/><W11/><G22/><T8/><D120/><U114/><E114/><V13/><F41/><W35/><G35/><T56/><D50/><U81/><E55/><V46/><F13/><W10/><G10/><T95/><D97/><U3/><E3/><V21/><F108/><W17/><G6/><T123/><D8/><U125/><E125/><V26/><F12/><W84/><G84/><T121/><D121/><U74/><E77/><V78/><F78/><N who="3" m="46583" /><G49/><T82/><D82/><U52/><E37/><V42/><F54/><W126/><G126/><T70/><D70/><N who="1" m="42263" /><E52/><V76/><F76/><W1/><G1/><T7/><D7/><U33/><E33/><V131/><AGARI ba="2,1" hai="19,20,21,26,27,30,42,46,51,117,119,128,130,131" machi="131" ten="30,4000,0" yaku="0,1,19,1,52,1" doraHai="38" who="2" fromWho="2" sc="175,-12,396,-22,254,56,165,-12" /><INIT seed="2,0,0,0,0,96" ten="163,374,310,153" oya="2" hai0="3,12,65,23,8,37,100,20,103,85,125,91,134" hai1="127,38,106,9,131,123,15,55,113,57,58,16,82" hai2="43,25,72,111,26,68,14,70,117,102,132,22,36" hai3="92,99,1,118,112,121,74,114,60,83,98,122,62"/><V49/><F117/><W27/><G1/><T87/><D37/><U39/><E113/><N who="3" m="43626" /><G27/><T107/><D3/><U6/><E127/><V78/><F36/><W126/><G60/><T105/><D65/><U63/><E131/><V46/><F132/><W29/><G29/><T2/><D2/><U76/><E123/><N who="3" m="47114" /><G62/><T90/><D125/><U130/><E106/><V133/><F133/><W129/><G126/><T73/><D73/><U44/><E130/><V115/><F14/><W97/><G129/><T51/><D51/><U101/><E101/><V86/><F26/><W32/><G32/><T52/><D52/><U5/><E57/><V66/><F66/><W30/><G30/><T61/><D61/><U94/><E94/><V59/><F59/><W120/><N who="3" m="47122" /><W89/><DORA hai="81" /><G118/><T19/><D134/><U79/><E79/><AGARI ba="0,0" hai="74,79,83,89,92,97,98,99" m="47122,43626" machi="79" ten="50,6400,0" yaku="11,1,34,2" doraHai="96,81" who="3" fromWho="1" sc="163,0,374,-64,310,0,153,64" /><INIT seed="3,0,0,4,5,127" ten="163,310,310,217" oya="3" hai0="53,64,80,70,11,85,89,78,121,23,96,88,60" hai1="86,128,132,66,110,68,83,124,31,46,25,90,108" hai2="21,59,72,14,16,82,12,47,109,100,44,55,67" hai3="118,50,51,39,91,117,73,105,10,119,6,41,123"/><W61/><G123/><T93/><D121/><U65/><E128/><V84/><F109/><N who="1" m="42089" /><E132/><V113/><F72/><W71/><G39/><T9/><D53/><U17/><E124/><V102/><F113/><W129/><G105/><T40/><D40/><U97/><E68/><V92/><F14/><W22/><G73/><T104/><D104/><U43/><E17/><V58/><F67/><W111/><G111/><T24/><REACH who="0" step="1"/><D89/><REACH who="0" ten="153,310,310,217" step="2"/><U133/><E133/><V122/><F122/><W20/><G41/><T15/><D15/><U13/><E13/><V106/><F106/><W30/><G91/><T3/><D3/><U98/><E65/><V120/><F120/><W57/><G117/><T87/><D87/><U1/><E66/><V99/><F102/><W79/><G118/><T52/><D52/><U2/><E1/><V49/><F47/><W134/><G119/><T77/><D77/><AGARI ba="0,1" hai="12,16,21,44,49,55,58,59,77,82,84,92,99,100" machi="77" ten="30,3900,0" yaku="7,1,8,1,54,1" doraHai="127" who="2" fromWho="0" sc="153,-39,310,0,310,49,217,0" owari="114,-38.6,310,11.0,359,45.9,217,-18.3" /></mjloggm>