<mjloggm ver="2.3"><GO type="225" lobby="0"/><UN n0="%E9%80%9F%E6%B0%B4%E5%87%9B%E9%A6%99" n1="%E3%81%AF%E3%82%88%E3%81%8A%E3%81%98%E3%81%95%E3%82%93" n2="%E3%83%AD%E3%83%83%E3%83%86%E9%9B%80%E7%90%83" n3="%E5%AE%AE%E4%BF%9D%E9%B6%8F%E8%82%89" dan="16,16,17,16" rate="2067.22,2205.76,2276.11,2117.14" sx="F,M,M,M"/><TAIKYOKU oya="0"/><INIT seed="0,0,0,1,3,24" ten="250,250,250,250" oya="0" hai0="116,51,111,11,44,40,36,94,64,26,93,37,45" hai1="60,84,15,59,21,46,76,117,50,14,134,124,29" hai2="57,114,65,30,67,130,110,28,119,103,43,47,33" hai3="35,125,0,22,91,128,53,88,20,19,100,120,9"/><T107/><D116/><U38/><E117/><V18/><F114/><W104/><G35/><T75/><D107/><U109/><E38/><V77/><F119/><W12/><G128/><T3/><D75/><U7/><E109/><V121/><F121/><W1/><G120/><T48/><D64/><N who="2" m="24650" /><F33/><W10/><G125/><T70/><D70/><U68/><E68/><V132/><F132/><W113/><G113/><T17/><D111/><U115/><E115/><V62/><F130/><W101/><G104/><T32/><D3/><U5/><E124/><V126/><F126/><W90/><G53/><T6/><D6/><U86/><E134/><V2/><F2/><N who="3" m="1131" /><G12/><T54/><D11/><N who="3" m="4105" /><G19/><T69/><D69/><U31/><E14/><V78/><F18/><W98/><G98/><T96/><D94/><U81/><E84/><V66/><F103/><AGARI ba="0,0" hai="20,22,88,90,91,100,101,103" m="4105,1131" machi="103" ten="40,5200,0" yaku="28,2,54,1" doraHai="24" who="3" fromWho="2" sc="250,0,250,0,250,-52,250,52" /><INIT seed="1,0,0,3,1,101" ten="250,250,198,302" oya="1" hai0="4,106,1,133,48,68,26,46,121,61,78,107,39" hai1="90,14,85,110,8,37,6,118,75,7,99,33,92" hai2="135,31,104,95,56,124,17,94,80,66,64,88,96" hai3="89,108,54,19,27,105,20,44,58,132,2,41,131"/><U115/><E115/><V126/><F31/><W0/><G108/><T76/><D39/><U11/><E118/><V100/><F135/><W15/><G132/><T71/><D133/><U114/><E114/><V62/><F66/><W35/><G105/><T49/><D26/><U69/><E75/><V21/><F80/><W36/><G131/><T128/><D128/><U9/><E33/><V5/><F5/><W60/><G35/><T97/><D97/><U98/><E37/><V79/><F79/><W73/><G73/><T122/><D4/><U74/><E74/><V63/><F63/><W57/><G15/><T10/><D10/><U16/><E69/><V43/><F43/><W113/><G113/><T38/><D38/><U34/><E34/><V81/><F81/><W102/><G102/><T93/><D93/><U51/><E110/><V123/><F123/><W53/><G89/><T119/><D46/><U112/><E112/><V111/><F111/><W87/><G87/><T18/><D18/><U22/><E51/><AGARI ba="0,0" hai="0,2,19,20,27,36,41,44,51,53,54,57,58,60" machi="51" ten="30,1000,0" yaku="7,1" doraHai="101" who="3" fromWho="1" sc="250,0,250,-10,198,0,302,10" /><INIT seed="2,0,0,2,5,12" ten="250,240,198,312" oya="2" hai0="116,68,42,125,82,77,21,29,109,107,101,118,22" hai1="106,86,111,58,0,63,11,9,56,94,127,80,39" hai2="31,35,95,79,32,108,90,73,104,84,14,133,13" hai3="87,115,8,53,28,6,124,54,43,40,110,23,75"/><V69/><F69/><W27/><G75/><T74/><D68/><U129/><E106/><V5/><F133/><W64/><G110/><T98/><D109/><U60/><E111/><V18/><F108/><W76/><G64/><T70/><D70/><U61/><E39/><V78/><F104/><W132/><G132/><T48/><D125/><U25/><E127/><V122/><F122/><W72/><G72/><T91/><D91/><N who="1" m="51655" /><E0/><V102/><F102/><W44/><G124/><T41/><D41/><N who="3" m="15945" /><G44/><N who="0" m="25623" /><D29/><U19/><E129/><V67/><F67/><W114/><G87/><T71/><D71/><U134/><E134/><V3/><F3/><N who="3" m="95" /><G76/><T123/><D123/><U89/><E9/><N who="2" m="4271" /><F35/><W93/><G93/><T131/><D131/><U99/><E11/><N who="2" m="6495" /><F32/><W15/><G15/><T17/><D74/><U2/><E2/><V130/><F73/><W16/><G28/><T52/><D77/><N who="2" m="29194" /><F130/><W50/><G50/><T97/><D101/><U24/><E24/><V120/><F120/><W128/><G128/><T1/><D107/><U119/><E119/><N who="0" m="45609" /><D1/><U38/><E38/><V55/><F31/><W85/><G115/><T4/><D4/><U34/><E34/><V30/><F30/><W45/><G114/><T113/><D113/><U103/><E103/><V65/><F65/><W121/><G121/><T59/><D22/><AGARI ba="0,0" hai="19,22,25,56,58,60,61,63,89,94,99" m="51655" machi="22" ten="30,2000,0" yaku="8,1,52,1" doraHai="12" who="1" fromWho="0" sc="250,-20,240,20,198,0,312,0" /><INIT seed="3,0,0,4,0,112" ten="230,260,198,312" oya="3" hai0="63,56,94,29,97,108,20,17,61,119,129,43,41" hai1="36,131,34,77,83,60,26,79,35,45,19,31,127" hai2="135,126,76,4,69,100,82,116,1,84,120,123,2" hai3="22,52,118,101,96,27,9,134,14,106,30,88,125"/><W58/><G118/><T54/><D119/><U8/><E34/><V38/><F69/><W67/><G125/><T7/><D108/><U90/><E127/><V65/><F126/><W73/><G73/><T107/><D129/><U92/><E131/><V53/><F65/><W132/><G67/><T48/><D107/><U59/><E83/><V10/><F38/><W104/><G104/><T102/><D7/><U42/><E19/><V115/><F115/><W47/><G47/><T51/><D29/><U6/><E60/><V13/><F135/><N who="3" m="51755" /><G88/><T64/><D48/><U71/><E59/><V121/><F116/><W57/><G52/><T11/><D11/><U91/><E91/><V32/><F32/><W105/><G105/><T25/><REACH who="0" step="1"/><D61/><REACH who="0" ten="220,260,198,312" step="2"/><U130/><E130/><V5/><F5/><AGARI ba="0,1" hai="5,9,14,22,27,30,57,58,96,101,106" m="51755" machi="5" ten="30,1500,0" yaku="20,1" doraHai="112" who="3" fromWho="2" sc="220,0,260,0,198,-15,312,25" owari="220,-18.0,260,6.0,183,-31.7,337,43.7" /></mjloggm>