<mjloggm ver="2.3"><GO type="225" lobby="0"/><UN n0="%E6%97%A5%E6%9B%9C%E6%97%A5%E3%82%88%E3%82%8A%E3%81%AE%E4%BD%BF%E8%80%85" n1="%72%61%6B%33" n2="%E3%81%A9%E3%82%8F%E3%82%93%E3%81%94" n3="%E3%81%AF%E3%82%88%E3%81%8A%E3%81%98%E3%81%95%E3%82%93" dan="17,17,16,16" rate="2175.54,2261.39,2149.14,2193.60" sx="M,M,M,M"/><TAIKYOKU oya="0"/><INIT seed="0,0,0,4,0,94" ten="250,250,250,250" oya="0" hai0="34,27,78,129,76,20,59,19,71,128,18,8,81" hai1="47,95,4,7,38,104,111,60,62,131,68,100,92" hai2="41,61,83,133,3,102,40,117,110,119,108,73,115" hai3="17,21,96,25,134,93,103,49,56,57,84,124,37"/><T109/><D71/><U53/><E111/><N who="2" m="42539" /><F3/><W121/><G37/><T31/><D109/><U5/><E131/><N who="0" m="50249" /><D59/><U127/><E127/><V126/><F115/><W2/><G124/><T12/><D81/><U82/><E82/><V26/><F126/><W14/><G2/><T23/><D78/><U112/><E112/><V70/><F133/><W135/><G121/><T91/><D76/><U22/><E22/><N who="0" m="8233" /><D91/><U88/><E104/><V66/><F26/><W39/><G39/><T63/><D63/><U58/><E38/><V122/><F122/><W90/><G25/><T105/><D105/><U101/><E47/><V54/><F102/><W130/><G130/><T15/><D15/><U65/><REACH who="1" step="1"/><E92/><REACH who="1" ten="250,240,250,250" step="2"/><V106/><F106/><W85/><G135/><T36/><D36/><U50/><E50/><V1/><F83/><N who="3" m="49439" /><G49/><T113/><D113/><U118/><E118/><N who="2" m="45067" /><F1/><W30/><G134/><T28/><D28/><U11/><E11/><V24/><F73/><W29/><G30/><T77/><D77/><U99/><AGARI ba="0,1" hai="4,5,7,53,58,60,62,65,68,88,95,99,100,101" machi="99" ten="30,7900,0" yaku="1,1,0,1,52,1,54,1,53,0" doraHai="94" doraHaiUra="6" who="1" fromWho="1" sc="250,-39,240,89,250,-20,250,-20" /><INIT seed="1,0,0,5,4,108" ten="211,329,230,230" oya="1" hai0="130,89,88,131,122,111,30,87,134,67,72,26,126" hai1="52,91,82,98,63,113,110,7,112,104,71,17,95" hai2="4,102,61,93,10,133,24,84,103,54,16,46,90" hai3="12,128,99,66,55,124,64,117,109,73,86,28,0"/><U92/><E104/><V25/><F133/><W94/><G73/><T38/><D38/><U34/><E110/><V114/><F114/><W19/><G0/><T107/><D111/><U68/><E34/><V29/><F16/><W50/><G109/><T119/><D119/><U62/><E7/><V81/><F93/><W106/><G117/><T13/><D72/><U85/><E17/><V127/><F127/><W100/><G128/><N who="0" m="49195" /><D134/><U36/><E36/><V15/><F25/><W53/><G53/><T27/><D126/><U8/><E8/><V41/><F61/><W43/><G43/><T105/><D122/><U80/><E85/><V70/><F54/><W65/><G124/><T31/><D67/><U57/><E95/><V32/><REACH who="2" step="1"/><F70/><REACH who="2" ten="211,329,220,230" step="2"/><W60/><G60/><T101/><D27/><U14/><E68/><V69/><F69/><W125/><G125/><T115/><D115/><U76/><E113/><V45/><F45/><W49/><G28/><T37/><D31/><U83/><E112/><V132/><F132/><W18/><G18/><T116/><D116/><U6/><E71/><V40/><F40/><W118/><G55/><T5/><D26/><U42/><E42/><V1/><F1/><W35/><G118/><T74/><D37/><AGARI ba="0,1" hai="4,10,15,24,29,32,37,41,46,81,84,90,102,103" machi="37" ten="30,2000,0" yaku="1,1,7,1,53,0" doraHai="108" doraHaiUra="75" who="2" fromWho="0" sc="211,-20,329,0,220,30,230,0" /><INIT seed="2,0,0,1,1,26" ten="191,329,250,230" oya="2" hai0="82,58,14,25,95,8,117,73,79,94,80,89,116" hai1="23,47,68,54,15,106,78,63,64,72,92,37,11" hai2="91,24,16,108,2,53,59,132,75,99,21,42,4" hai3="35,123,130,76,112,65,102,7,84,96,31,135,43"/><V32/><F75/><W97/><G123/><T49/><D25/><U70/><E106/><V113/><F113/><W107/><G112/><T39/><D39/><U129/><E129/><V131/><F131/><W46/><G130/><T87/><D49/><U100/><E23/><V18/><F132/><W88/><G135/><T103/><D58/><U41/><E78/><V121/><F121/><W56/><G7/><T19/><REACH who="0" step="1"/><D103/><REACH who="0" ten="181,329,250,230" step="2"/><U12/><E100/><V13/><F24/><N who="3" m="18919" /><G56/><T36/><D36/><U104/><E37/><V30/><F59/><W57/><G57/><T134/><D134/><U111/><E70/><V127/><F32/><W118/><G65/><T20/><D20/><U125/><E64/><V120/><F21/><W126/><G46/><T34/><D34/><U62/><E47/><V0/><F120/><W22/><G22/><T67/><D67/><U6/><E68/><V1/><F42/><W110/><G43/><T50/><D50/><U85/><E41/><V51/><F51/><W29/><G102/><T66/><D66/><U115/><E115/><V52/><F53/><W114/><G114/><T38/><D38/><U27/><E54/><V69/><F52/><W60/><G60/><T105/><D105/><U98/><E62/><V133/><F69/><W124/><G107/><T74/><D74/><U28/><E72/><V109/><F133/><W77/><G126/><T10/><D10/><N who="1" m="4183" /><E63/><V48/><F48/><W86/><G124/><T9/><D9/><U128/><E125/><V83/><F127/><W17/><G17/><T101/><D101/><N who="1" m="62519" /><E11/><N who="2" m="4327" /><F18/><W5/><G5/><RYUUKYOKU ba="0,1" sc="181,30,329,-10,250,-10,230,-10" hai0="8,14,19,73,79,80,82,87,89,94,95,116,117" /><INIT seed="3,1,1,5,4,135" ten="211,319,240,220" oya="3" hai0="130,32,71,106,84,58,12,127,44,14,53,118,70" hai1="21,55,133,89,123,38,46,65,50,47,18,112,98" hai2="34,2,101,41,87,26,111,103,94,36,129,52,132" hai3="93,91,102,13,15,3,117,105,115,88,125,27,4"/><W62/><G115/><T8/><D106/><U10/><E133/><V64/><F2/><W131/><G117/><T59/><D32/><U60/><E123/><V99/><F132/><W31/><G131/><T51/><D118/><U24/><E112/><V61/><F129/><W76/><G125/><T79/><D130/><U20/><E38/><V95/><F36/><W7/><G105/><T45/><D71/><U113/><E113/><V100/><F41/><W73/><G3/><T23/><D70/><U0/><E0/><V82/><F111/><W69/><G73/><T108/><D108/><U67/><E46/><N who="0" m="18025" /><D127/><U80/><E10/><V90/><F94/><W57/><G76/><T107/><D107/><U9/><E9/><V1/><F1/><W35/><G69/><T134/><D134/><U119/><E60/><V104/><F104/><W68/><G68/><T29/><D59/><U128/><E119/><V6/><F6/><N who="3" m="2091" /><G102/><T97/><D97/><U63/><E98/><V86/><F99/><N who="3" m="57767" /><G91/><T17/><D29/><U22/><E89/><V54/><F103/><W83/><G83/><N who="0" m="47231" /><D8/><U28/><E128/><V114/><F114/><W92/><G92/><T5/><D5/><U56/><E80/><V121/><F101/><W40/><G40/><T72/><D72/><U11/><E28/><N who="2" m="19735" /><F100/><W75/><G75/><T109/><D109/><U81/><E81/><N who="2" m="49487" /><F121/><W25/><G25/><AGARI ba="1,1" hai="12,14,17,23,25,51,53,58" m="47231,18025" machi="25" ten="30,1000,0" yaku="8,1" doraHai="135" who="0" fromWho="3" sc="211,23,319,0,240,0,220,-13" owari="234,-16.6,319,41.9,240,4.0,207,-29.3" /></mjloggm>