<mjloggm ver="2.3"><GO type="225" lobby="0"/><UN n0="%E3%80%93%E3%81%97%E3%83%BC%E3%82%89%E3%80%93" n1="%E7%89%B9%E6%9D%B1%E3%81%AF%E4%B8%96%E7%95%8C%E3%82%92%E6%95%91%E3%81%86" n2="%E6%B4%BE%E9%81%A3%E3%81%AE%E3%82%B8%E3%83%A3%E3%83%83%E3%82%AF" n3="%E5%B8%86%E7%AB%8B%E5%A4%8F%E8%A1%A3" dan="17,16,17,16" rate="2137.91,2135.86,2222.49,2201.15" sx="M,M,M,M"/><TAIKYOKU oya="0"/><INIT seed="0,0,0,3,3,120" ten="250,250,250,250" oya="0" hai0="58,114,41,126,129,7,131,26,70,134,19,64,99" hai1="33,66,104,111,86,125,59,6,95,62,97,109,24" hai2="47,103,8,88,93,55,60,85,106,89,102,79,35" hai3="10,94,117,105,0,30,48,91,115,100,42,90,63"/><T108/><D114/><U4/><E104/><V76/><F35/><W112/><G117/><T69/><D7/><U38/><E38/><V61/><F8/><W98/><G30/><T71/><D126/><U36/><E36/><V50/><F89/><W74/><G74/><T83/><D134/><U25/><E86/><V9/><F9/><W80/><G80/><T82/><D41/><U123/><E123/><V72/><F103/><W57/><G91/><T128/><D99/><U21/><E33/><V32/><F32/><W1/><G1/><T130/><N who="0" m="32768" /><DORA hai="39" /><T40/><D40/><U73/><E73/><V18/><F18/><W22/><G22/><N who="0" m="13663" /><D108/><N who="1" m="41547" /><E125/><V118/><F118/><W124/><G124/><T52/><D64/><U15/><E15/><V13/><F13/><W116/><G0/><T34/><D34/><U51/><E51/><AGARI ba="0,0" hai="51,52,58,69,70,71,82,83" m="13663,32768" machi="51" ten="60,5800,0" yaku="19,1,54,1" doraHai="120,39" who="0" fromWho="1" sc="250,58,250,-58,250,0,250,0" /><INIT seed="0,1,0,1,0,80" ten="308,192,250,250" oya="0" hai0="128,125,30,0,132,124,14,96,110,45,130,114,39" hai1="16,31,48,89,63,4,62,10,82,6,87,43,131" hai2="32,20,5,24,25,56,95,134,49,65,1,42,28" hai3="103,93,41,108,113,68,54,59,8,91,73,84,17"/><T86/><D0/><U34/><E131/><N who="0" m="50217" /><D114/><U53/><E43/><V129/><F129/><W77/><G68/><T3/><D3/><U51/><E51/><V105/><F105/><W78/><G108/><T37/><D30/><U61/><E34/><V23/><F134/><W9/><G113/><T99/><D110/><U121/><E31/><V44/><F1/><W106/><G41/><N who="0" m="22703" /><D39/><U36/><E36/><V127/><F127/><N who="0" m="48714" /><D14/><N who="1" m="7255" /><E121/><V52/><F32/><W98/><G17/><T83/><D132/><U115/><E115/><V55/><F5/><W35/><G35/><T11/><D11/><U26/><E26/><V111/><F111/><W117/><G117/><T76/><AGARI ba="1,0" hai="76,83,86,96,99" m="48714,22703,50217" machi="76" ten="30,6000,0" yaku="19,1,18,1,52,1" doraHai="80" who="0" fromWho="0" sc="308,63,192,-21,250,-21,250,-21" /><INIT seed="0,2,0,1,2,62" ten="371,171,229,229" oya="0" hai0="131,85,24,128,0,36,88,19,120,60,112,70,15" hai1="56,2,32,104,73,5,16,68,82,30,101,117,34" hai2="52,61,42,10,69,58,35,7,83,122,135,96,26" hai3="102,1,20,89,48,79,54,107,94,119,29,43,108"/><T49/><D36/><U27/><E117/><V50/><F122/><W9/><G108/><T109/><D0/><U51/><E68/><V76/><F135/><W38/><G119/><T21/><D120/><U39/><E39/><V132/><F132/><W98/><G79/><T33/><D112/><U65/><E34/><V111/><F111/><W106/><G29/><T47/><D109/><U124/><E124/><V100/><F26/><W75/><G20/><T4/><D33/><U126/><E126/><V133/><F133/><W8/><G75/><T130/><D70/><U125/><E125/><V28/><F28/><W116/><G116/><T114/><D60/><U118/><E118/><V71/><F35/><W77/><G77/><T121/><D121/><U45/><E82/><V46/><F7/><W87/><G107/><T55/><D114/><U11/><E73/><V23/><F10/><W134/><G134/><T81/><D4/><U13/><E56/><V12/><F12/><AGARI ba="2,0" hai="12,15,19,21,24,47,49,55,81,85,88,128,130,131" machi="12" ten="40,3900,0" yaku="19,1,54,1" doraHai="62" who="0" fromWho="2" sc="371,45,171,0,229,-45,229,0" /><INIT seed="0,3,0,5,0,97" ten="416,171,184,229" oya="0" hai0="7,122,109,132,89,112,105,9,100,129,133,48,27" hai1="24,0,123,102,87,75,85,55,57,101,121,25,31" hai2="91,113,119,107,88,58,135,54,118,99,14,86,65" hai3="96,63,42,74,127,50,78,60,20,38,43,106,130"/><T51/><D112/><U41/><E75/><V12/><F113/><W2/><G38/><T30/><D122/><U92/><E0/><V120/><F120/><W114/><G114/><T66/><D66/><U32/><E41/><V26/><F65/><W67/><G2/><N who="0" m="247" /><D89/><N who="1" m="53295" /><E123/><V5/><F26/><N who="1" m="10345" /><E32/><V134/><F5/><W72/><G127/><T81/><D81/><U53/><E121/><V47/><F47/><W17/><G130/><T82/><D82/><U76/><E31/><V37/><F37/><W3/><G63/><T21/><D129/><U95/><E55/><V22/><F22/><W11/><G78/><T83/><D83/><N who="1" m="47591" /><E95/><N who="2" m="54679" /><F91/><W4/><G74/><T29/><D29/><U90/><E90/><V18/><F18/><W125/><G72/><T40/><D40/><U28/><E28/><V69/><F69/><W94/><G106/><T108/><D51/><AGARI ba="3,0" hai="51,53,57,101,102" m="47591,10345,53295" machi="51" ten="30,3900,0" yaku="8,1,52,2" doraHai="97" who="1" fromWho="0" sc="416,-48,171,48,184,0,229,0" /><INIT seed="1,0,0,5,3,134" ten="368,219,184,229" oya="1" hai0="85,132,91,104,114,34,62,96,107,71,76,101,127" hai1="73,116,45,105,74,75,36,124,86,89,95,10,30" hai2="117,19,79,39,121,44,106,56,69,46,50,78,15" hai3="125,92,52,25,109,8,72,102,110,17,41,57,68"/><U47/><E116/><V90/><F117/><W98/><G72/><T120/><D34/><U80/><E105/><V9/><F106/><W29/><G68/><T49/><D132/><U55/><E30/><V33/><F33/><W16/><G41/><T99/><D114/><U54/><E124/><V23/><F69/><W61/><G125/><T40/><D127/><U59/><E10/><V2/><F121/><W108/><G8/><T65/><D76/><U7/><E7/><V129/><F129/><W77/><G77/><N who="2" m="29193" /><F39/><W38/><REACH who="3" step="1"/><G38/><REACH who="3" ten="368,219,184,219" step="2"/><T103/><D120/><U111/><E111/><V128/><F128/><W67/><G67/><T87/><D91/><U94/><E36/><V70/><F70/><W28/><G28/><T88/><D88/><U135/><E135/><V126/><F126/><W18/><G18/><T31/><D31/><U0/><E0/><V113/><F113/><W48/><G48/><T83/><D83/><U97/><E80/><V35/><F35/><AGARI ba="0,1" hai="16,17,25,29,35,52,57,61,92,98,102,108,109,110" machi="35" ten="40,8000,1" yaku="1,1,14,1,54,2,53,0" doraHai="134" doraHaiUra="66" who="3" fromWho="2" sc="368,0,219,0,184,-80,219,90" /><INIT seed="2,0,0,5,1,115" ten="368,219,104,309" oya="2" hai0="106,88,85,125,91,122,99,9,103,116,7,66,54" hai1="16,49,55,112,57,133,97,22,1,51,62,101,40" hai2="60,46,79,107,43,65,100,39,29,61,87,25,83" hai3="64,89,41,130,50,120,82,17,98,10,86,114,31"/><V67/><F107/><W21/><G120/><T126/><D122/><U42/><E1/><V44/><F100/><W73/><G130/><T0/><D116/><U32/><E32/><V14/><F14/><W45/><G114/><T38/><D38/><U76/><E76/><V58/><F46/><W35/><G73/><T94/><D66/><U74/><E74/><V63/><REACH who="2" step="1"/><F67/><REACH who="2" ten="368,219,94,309" step="2"/><W113/><G64/><T102/><D102/><U132/><E112/><V19/><F19/><W6/><G17/><T30/><D30/><U104/><E40/><V131/><F131/><W11/><G113/><T26/><D26/><U108/><E108/><V28/><F28/><W15/><G11/><T84/><REACH who="0" step="1"/><D54/><REACH who="0" ten="358,219,94,309" step="2"/><U36/><E36/><V109/><F109/><W4/><G31/><T124/><D124/><U71/><E42/><V68/><F68/><W34/><G4/><T12/><D12/><N who="1" m="9479" /><E71/><V24/><F24/><W5/><G6/><T52/><D52/><U56/><E55/><V23/><AGARI ba="0,2" hai="23,25,29,39,43,44,58,60,61,63,65,79,83,87" machi="23" ten="20,7800,0" yaku="1,1,0,1,7,1,53,1" doraHai="115" doraHaiUra="37" who="2" fromWho="2" sc="358,-26,219,-26,94,98,309,-26" /><INIT seed="2,1,0,5,0,132" ten="332,193,192,283" oya="2" hai0="53,76,121,93,97,63,127,11,90,125,17,122,46" hai1="10,30,24,71,23,103,65,75,68,38,96,82,2" hai2="56,66,133,5,36,111,4,12,51,106,118,116,115" hai3="18,85,58,22,69,91,92,102,81,54,26,123,135"/><V73/><F73/><W9/><G69/><T48/><D76/><U77/><E38/><V35/><F35/><W21/><G135/><T95/><D63/><U105/><REACH who="1" step="1"/><E65/><REACH who="1" ten="332,183,192,283" step="2"/><V110/><F36/><W57/><G123/><T47/><D121/><U55/><E55/><N who="2" m="31871" /><F133/><W72/><G54/><T89/><D122/><U40/><E40/><V41/><F41/><W7/><G22/><T94/><D47/><U49/><E49/><V128/><F115/><W1/><REACH who="3" step="1"/><G102/><REACH who="3" ten="332,183,192,273" step="2"/><T37/><D37/><U119/><E119/><V20/><F116/><W59/><G59/><T28/><D28/><U45/><E45/><V99/><F118/><W120/><G120/><T101/><D101/><U64/><E64/><V98/><F66/><W15/><G15/><N who="0" m="7423" /><D97/><U6/><AGARI ba="1,2" hai="2,6,10,23,24,30,68,71,75,77,82,96,103,105" machi="6" ten="30,2000,0" yaku="1,1,0,1,53,0" doraHai="132" doraHaiUra="8" who="1" fromWho="1" sc="332,-6,183,43,192,-11,273,-6" /><INIT seed="3,0,0,5,1,29" ten="326,226,181,267" oya="3" hai0="105,23,108,39,67,103,98,42,13,92,71,83,132" hai1="44,76,17,57,25,129,59,128,2,5,47,36,19" hai2="124,135,0,78,97,20,45,52,66,82,11,16,72" hai3="85,117,61,43,27,121,114,116,74,14,28,123,21"/><W62/><G74/><T115/><D108/><U53/><E76/><V88/><F66/><W46/><G114/><T48/><D115/><U118/><E118/><V122/><F124/><W1/><G1/><T75/><D132/><U41/><E47/><V64/><F64/><W70/><G116/><T10/><D39/><U7/><E59/><V94/><F135/><W15/><G117/><T69/><D67/><U6/><E2/><V100/><F122/><W9/><G123/><T55/><D42/><U34/><E34/><V91/><F11/><W86/><G121/><T30/><D105/><U90/><E90/><V51/><F0/><W22/><G70/><T24/><D83/><U133/><E133/><V3/><F3/><W84/><G22/><T125/><D75/><U26/><E26/><AGARI ba="0,0" hai="16,20,26,45,51,52,72,78,82,88,91,94,97,100" machi="26" ten="30,7700,0" yaku="7,1,54,3" doraHai="29" who="2" fromWho="1" sc="326,0,226,-77,181,77,267,0" owari="326,42.6,149,-35.1,258,-14.2,267,6.7" /></mjloggm>