<mjloggm ver="2.3"><GO type="225" lobby="0"/><UN n0="%E7%BD%AA%E5%88%91%E6%B3%95%E5%AE%9A%E4%B8%BB%E7%BE%A9" n1="%6D%75%75%6D%75%72%61" n2="%E3%81%9F%E3%81%93%E2%98%86%E7%84%BC%E3%81%8D" n3="%E3%81%95%E3%81%8D%E3%81%9F%E3%81%BE%E6%9E%97%E6%AA%8E" dan="16,16,16,16" rate="2150.96,2143.08,2120.65,2112.82" sx="M,F,M,M"/><TAIKYOKU oya="0"/><INIT seed="0,0,0,4,2,92" ten="250,250,250,250" oya="0" hai0="67,95,44,19,130,50,20,52,76,31,89,111,18" hai1="23,33,53,112,86,55,51,90,40,98,36,59,65" hai2="9,114,72,119,4,58,106,115,135,47,79,22,97" hai3="7,85,54,78,77,11,32,49,133,124,21,127,74"/><T3/><D3/><U105/><E33/><V75/><F22/><W6/><G32/><T120/><D120/><U24/><E112/><V122/><F58/><W1/><G74/><T2/><D2/><U26/><E36/><V96/><F47/><W66/><G66/><T84/><D130/><U43/><E65/><V93/><F9/><W134/><G7/><T57/><D76/><N who="3" m="29289" /><G85/><T15/><D111/><U103/><E55/><V109/><F4/><W129/><G21/><T29/><D19/><U116/><E116/><V8/><F8/><W46/><G129/><T132/><REACH who="0" step="1"/><D132/><AGARI ba="0,0" hai="1,6,11,46,49,54,124,127,132,133,134" m="29289" machi="132" ten="30,1000,0" yaku="20,1" doraHai="92" who="3" fromWho="0" sc="250,-10,250,0,250,0,250,10" /><INIT seed="1,0,0,4,2,21" ten="240,250,250,260" oya="1" hai0="3,86,5,125,85,11,104,73,47,50,18,99,77" hai1="88,102,127,76,101,135,8,87,40,56,55,72,44" hai2="94,53,32,124,96,27,28,31,41,48,79,134,120" hai3="103,64,20,118,46,74,13,98,130,45,131,14,114"/><U16/><E135/><V78/><F120/><W51/><G114/><T38/><D125/><U24/><E127/><V123/><F123/><W52/><G74/><T109/><D109/><U0/><E0/><V108/><F108/><W22/><G118/><T105/><D38/><U54/><E72/><V2/><F2/><W23/><G64/><T17/><D73/><U126/><E76/><V84/><F41/><W80/><G80/><T95/><D105/><U36/><E126/><V7/><F7/><W71/><G71/><T116/><D104/><U68/><E68/><V132/><F124/><W62/><G62/><T34/><D34/><U66/><E66/><V59/><F84/><W37/><G46/><T100/><D116/><U61/><E55/><V49/><F49/><W81/><G81/><T19/><REACH who="0" step="1"/><D77/><REACH who="0" ten="230,250,250,260" step="2"/><U4/><E36/><V106/><F106/><W107/><REACH who="3" step="1"/><G37/><REACH who="3" ten="230,250,250,250" step="2"/><T39/><D39/><U122/><E122/><V58/><F134/><W33/><G33/><T30/><D30/><U1/><E40/><AGARI ba="0,2" hai="3,5,11,17,18,19,40,47,50,85,86,95,99,100" machi="40" ten="40,1300,0" yaku="1,1,53,0" doraHai="21" doraHaiUra="117" who="0" fromWho="1" sc="230,33,250,-13,250,0,250,0" /><INIT seed="2,0,0,5,3,47" ten="263,237,250,250" oya="2" hai0="83,46,51,21,69,107,13,99,58,48,61,62,74" hai1="49,10,96,91,1,115,22,45,98,122,102,111,103" hai2="125,114,5,26,134,55,24,110,65,116,85,82,95" hai3="80,40,108,4,29,12,109,9,76,92,54,0,100"/><V73/><F114/><W43/><G29/><T38/><D69/><U123/><E115/><V6/><F116/><W68/><G68/><T41/><D62/><U44/><E111/><N who="3" m="42570" /><G0/><T56/><D58/><U121/><E44/><V75/><F65/><W3/><G3/><T60/><D61/><U11/><E22/><V118/><F118/><W67/><G67/><T18/><D107/><N who="1" m="63943" /><E91/><V25/><F134/><W32/><G32/><T2/><D99/><U23/><E23/><V59/><F125/><W135/><G135/><T66/><REACH who="0" step="1"/><D2/><REACH who="0" ten="253,237,250,250" step="2"/><U86/><E1/><V70/><F70/><W63/><G63/><T31/><D31/><U97/><E97/><V8/><F110/><W20/><G100/><T117/><D117/><U7/><E98/><V77/><F8/><W124/><G9/><N who="1" m="3082" /><E103/><V14/><F5/><W120/><G4/><T33/><D33/><U94/><E7/><V131/><F6/><W16/><G124/><T17/><D17/><U37/><E94/><V28/><F95/><W132/><G92/><T72/><D72/><U84/><E37/><V52/><F75/><W119/><G119/><T133/><D133/><U81/><E81/><V88/><F59/><W104/><G132/><T50/><D50/><U129/><E129/><V128/><F28/><W87/><G104/><T71/><D71/><U36/><E36/><V39/><F39/><W19/><G19/><T30/><D30/><U105/><E105/><V57/><F57/><W27/><G16/><T90/><D90/><U113/><E113/><V127/><F127/><W130/><G80/><T126/><D126/><RYUUKYOKU ba="0,1" sc="253,15,237,15,250,-15,250,-15" hai0="13,18,21,38,41,46,48,51,56,60,66,74,83" hai1="45,49,84,86,121,122,123" /><INIT seed="3,1,1,3,0,90" ten="268,252,235,235" oya="3" hai0="18,109,11,79,10,56,44,34,17,61,88,7,14" hai1="110,67,133,91,50,104,25,2,9,119,82,73,122" hai2="83,42,102,27,40,47,65,63,93,58,75,69,98" hai3="22,105,71,129,62,120,51,33,118,5,124,26,37"/><W54/><G118/><T103/><D34/><U84/><E122/><V72/><F83/><W100/><G120/><T99/><D109/><U46/><E110/><V85/><F85/><W81/><G37/><T0/><D79/><U96/><E133/><V23/><F40/><W68/><G33/><T128/><D128/><U107/><E119/><V21/><F21/><W43/><G43/><T1/><D44/><U48/><E73/><V45/><F45/><W114/><G114/><T49/><D49/><U94/><E67/><V3/><F3/><W113/><G113/><T19/><D88/><U57/><E57/><V86/><F86/><W74/><G129/><T135/><D135/><U112/><E112/><V53/><F69/><W95/><G105/><T41/><D41/><U36/><E36/><V132/><F53/><W125/><G5/><T24/><D24/><U15/><E2/><V116/><F132/><W59/><G81/><T28/><D28/><U60/><E25/><V134/><F116/><W127/><G74/><T64/><REACH who="0" step="1"/><D0/><REACH who="0" ten="258,252,235,235" step="2"/><U111/><E48/><N who="2" m="26743" /><F134/><W39/><G39/><T77/><D77/><N who="1" m="46159" /><E111/><V80/><F75/><W20/><G51/><T38/><D38/><U66/><E50/><V76/><F72/><W117/><G117/><T131/><D131/><U35/><E46/><V8/><F76/><W97/><G26/><T87/><D87/><U55/><E35/><V29/><F80/><W92/><G92/><AGARI ba="1,2" hai="1,7,10,11,14,17,18,19,56,61,64,92,99,103" machi="92" ten="30,3900,0" yaku="1,1,7,1,52,1,53,0" doraHai="90" doraHaiUra="101" who="0" fromWho="3" sc="258,62,252,0,235,0,235,-42" owari="320,42.0,252,5.2,235,-16.5,193,-30.7" /></mjloggm>