<mjloggm ver="2.3"><GO type="225" lobby="0"/><UN n0="%E3%81%BF%E3%81%BF%E3%81%9A" n1="%6D%75%75%73%61%6E%6D%75" n2="%E3%83%9F%E3%83%83%E3%82%AD%E3%83%BC%E8%9B%87%E5%B1%B1" n3="%E8%83%83%E3%81%A8%E8%85%B8" dan="18,16,16,17" rate="2285.82,2078.83,2031.31,2170.93" sx="M,F,M,M"/><TAIKYOKU oya="0"/><INIT seed="0,0,0,3,0,129" ten="250,250,250,250" oya="0" hai0="72,96,101,122,23,105,125,37,10,132,2,57,63" hai1="90,128,3,74,17,55,94,47,41,113,75,38,45" hai2="108,24,29,20,84,43,127,68,97,60,78,85,135" hai3="114,107,7,102,62,80,119,58,64,15,1,130,115"/><T26/><D122/><U88/><E128/><V76/><F108/><W6/><G130/><T134/><D37/><U106/><E106/><V77/><F127/><W12/><G119/><T69/><D72/><U18/><E3/><V27/><F135/><N who="0" m="51754" /><D125/><U112/><E55/><V133/><F133/><W9/><G1/><T70/><D10/><U66/><E66/><V33/><F43/><W67/><G9/><T8/><D8/><U35/><E35/><V79/><N who="2" m="19456" /><DORA hai="21" /><V121/><F121/><W120/><G120/><T117/><D117/><U5/><E5/><V48/><F68/><W44/><G7/><T51/><D51/><U28/><E28/><V50/><F60/><W83/><G6/><T34/><D34/><U109/><E109/><V73/><F73/><N who="1" m="27657" /><E94/><V54/><F97/><W53/><G62/><T89/><D89/><N who="1" m="34411" /><E41/><V30/><REACH who="2" step="1"/><F50/><REACH who="2" ten="250,250,240,250" step="2"/><W4/><G4/><T40/><D40/><U32/><E38/><V31/><F31/><W87/><G115/><N who="1" m="44106" /><E32/><V126/><F126/><W56/><G114/><T123/><D123/><U61/><E61/><V116/><F116/><W81/><G67/><N who="0" m="39407" /><D2/><U46/><AGARI ba="0,1" hai="17,18,45,46,47" m="44106,34411,27657" machi="46" ten="40,8000,1" yaku="28,2,11,1,54,1" doraHai="129,21" who="1" fromWho="1" sc="250,-40,250,90,240,-20,250,-20" /><INIT seed="1,0,0,4,5,100" ten="210,340,220,230" oya="1" hai0="129,50,36,21,3,130,128,59,67,114,78,40,26" hai1="19,56,95,101,94,1,72,119,29,7,25,131,35" hai2="86,103,99,63,75,17,80,107,66,34,115,134,33" hai3="14,44,82,73,12,46,93,10,121,124,2,77,45"/><U61/><E119/><V79/><F134/><W106/><G121/><T135/><D114/><U28/><E72/><V31/><F115/><W88/><G124/><T105/><D135/><U9/><E131/><N who="0" m="33537" /><T62/><DORA hai="126" /><D3/><U133/><E133/><V11/><F31/><W16/><G2/><T125/><D125/><U55/><E101/><V69/><F11/><W27/><G27/><T90/><D105/><U104/><E104/><V83/><F17/><W132/><G132/><T13/><D78/><AGARI ba="0,0" hai="33,34,63,66,69,75,78,79,80,83,86,99,103,107" machi="78" ten="30,2000,0" yaku="7,1,52,1" doraHai="100,126" who="2" fromWho="0" sc="210,-20,340,0,220,20,230,0" /><INIT seed="2,0,0,0,1,25" ten="190,340,240,230" oya="2" hai0="56,129,57,81,80,133,99,54,24,116,61,55,27" hai1="38,32,131,112,42,100,76,85,10,108,52,66,53" hai2="109,44,60,86,98,11,50,5,127,9,92,128,33" hai3="62,79,45,114,104,20,8,102,35,30,111,97,16"/><V70/><F128/><W34/><G111/><T94/><D129/><U132/><E112/><V31/><F109/><W107/><G114/><T23/><D133/><U115/><E115/><V18/><F127/><W0/><G107/><T39/><D39/><U88/><E108/><V134/><F134/><W67/><G79/><T101/><D116/><U124/><E131/><V119/><F119/><W106/><G45/><T103/><D103/><U19/><E124/><V36/><F36/><W84/><G84/><T78/><D78/><U14/><E32/><V65/><F86/><W105/><G34/><T72/><D27/><U22/><E132/><V28/><F33/><W110/><G110/><T43/><D43/><U49/><E38/><V1/><F18/><W4/><G30/><T75/><D72/><U121/><E66/><V87/><F9/><W113/><G35/><T51/><REACH who="0" step="1"/><D75/><REACH who="0" ten="180,340,240,230" step="2"/><U90/><E76/><V3/><F3/><W73/><G73/><T63/><D63/><U96/><E42/><V120/><F120/><W118/><G118/><T46/><D46/><U69/><E121/><V125/><F125/><W41/><G41/><T117/><D117/><U26/><E100/><V64/><F60/><W17/><G113/><T126/><D126/><U91/><E26/><V48/><F44/><W29/><G62/><T12/><D12/><U135/><E14/><V95/><F1/><W82/><G0/><T6/><D6/><U40/><E135/><V83/><F5/><W89/><G4/><T68/><D68/><U74/><E40/><V77/><F70/><W7/><G7/><RYUUKYOKU ba="0,1" sc="180,30,340,-10,240,-10,230,-10" hai0="23,24,51,54,55,56,57,61,80,81,94,99,101" /><INIT seed="3,1,1,5,3,99" ten="210,330,230,220" oya="3" hai0="16,97,111,83,28,126,67,85,134,68,38,109,132" hai1="130,18,65,118,84,42,91,116,82,2,124,92,88" hai2="23,47,70,117,74,41,60,122,21,33,58,64,94" hai3="110,78,96,39,86,133,63,51,57,12,50,72,62"/><W8/><G39/><T5/><D126/><U29/><E124/><V26/><F117/><N who="1" m="45161" /><E2/><V37/><F74/><W35/><G72/><T49/><D38/><U54/><E130/><V4/><F122/><W119/><G35/><T115/><D115/><U131/><E131/><V55/><F4/><W113/><G113/><T25/><D5/><U43/><E29/><V6/><F6/><N who="3" m="3095" /><G119/><T17/><D49/><N who="3" m="18441" /><G133/><N who="0" m="51307" /><D97/><N who="1" m="57479" /><E54/><V112/><F112/><W13/><G110/><N who="0" m="41995" /><D67/><U106/><E106/><V108/><F108/><W20/><G96/><T45/><D45/><U61/><E18/><N who="0" m="7273" /><D68/><AGARI ba="1,1" hai="42,43,61,65,68,82,84,91" m="57479,45161" machi="68" ten="30,2000,0" yaku="12,1,54,1" doraHai="99" who="1" fromWho="0" sc="210,-23,330,33,230,0,220,0" owari="187,-31.3,363,46.3,230,3.0,220,-18.0" /></mjloggm>