<mjloggm ver="2.3"><GO type="225" lobby="0"/><UN n0="%6D%61%74%69%67%75%73%61" n1="%E4%B8%89%E5%88%86%E5%B0%8F%E5%83%A7" n2="%E3%81%99%E3%81%84%E3%81%BE%E3%81%9B%E3%83%BC%E3%82%93" n3="%E7%B4%94%E6%BD%94%E3%83%94%E3%83%A9%E3%83%8B%E3%82%A2" dan="17,16,18,17" rate="2165.47,2093.02,2183.75,2203.75" sx="M,M,M,M"/><TAIKYOKU oya="0"/><INIT seed="0,0,0,2,1,113" ten="250,250,250,250" oya="0" hai0="133,118,119,14,13,74,95,25,70,0,20,131,21" hai1="57,93,23,47,116,7,65,63,48,120,67,27,2" hai2="4,79,61,5,56,94,51,86,11,106,130,135,69" hai3="121,43,18,17,33,9,111,114,109,46,88,42,24"/><T129/><D70/><U77/><E120/><V32/><F106/><W102/><G102/><T100/><D74/><U53/><E116/><N who="0" m="44585" /><D0/><U62/><E77/><V38/><F38/><W71/><G71/><T55/><D55/><U73/><E73/><V60/><F32/><W54/><G114/><T112/><D112/><U103/><E2/><V6/><F11/><W72/><G72/><T64/><D64/><U134/><E134/><V98/><F135/><W89/><G54/><T75/><D75/><U87/><E7/><V90/><F69/><W107/><G107/><T41/><D41/><U16/><E87/><V31/><F86/><W105/><G105/><T68/><D68/><U15/><E27/><V82/><F6/><W124/><G24/><T78/><D78/><U117/><E117/><V126/><F5/><W104/><G104/><T52/><D52/><N who="1" m="29727" /><E63/><V22/><F4/><W128/><G46/><T35/><D133/><U125/><E125/><V99/><F126/><W30/><G124/><T110/><D110/><U81/><E81/><V36/><F82/><W127/><G127/><T45/><D45/><U132/><E132/><V59/><F79/><W28/><G121/><T80/><D80/><U34/><E34/><V108/><F108/><W39/><G33/><T91/><D35/><U19/><E19/><V83/><F83/><W40/><G40/><T3/><D3/><U97/><AGARI ba="0,0" hai="15,16,23,53,57,62,65,67,93,97,103" m="29727" machi="97" ten="30,4000,0" yaku="8,1,54,2" doraHai="113" who="1" fromWho="1" sc="250,-20,250,40,250,-10,250,-10" /><INIT seed="1,0,0,1,0,72" ten="230,290,240,240" oya="1" hai0="97,108,101,93,133,15,88,129,53,68,90,9,76" hai1="132,106,38,18,109,65,3,99,1,84,127,117,112" hai2="36,56,21,58,107,4,135,37,26,114,6,67,105" hai3="28,83,62,41,91,134,46,100,13,31,23,69,82"/><U22/><E84/><V55/><F135/><W29/><G100/><T119/><D68/><U44/><E65/><V116/><F116/><W10/><G23/><T113/><D119/><U128/><E44/><V80/><F114/><W63/><G134/><T125/><D133/><U124/><E99/><V123/><F123/><W75/><G69/><T49/><D113/><U118/><E38/><V35/><F35/><W45/><G75/><T122/><D108/><U64/><E64/><V102/><F67/><W96/><G96/><T66/><D129/><U50/><E50/><V32/><F32/><W47/><G41/><T71/><D125/><N who="1" m="48203" /><E106/><V0/><F107/><W19/><G91/><N who="0" m="34859" /><D122/><U103/><E103/><V115/><F37/><W39/><G39/><T2/><D2/><N who="1" m="523" /><E132/><V92/><F36/><W89/><G89/><T42/><D66/><U81/><E81/><AGARI ba="0,0" hai="10,13,19,28,29,31,45,46,47,62,63,81,82,83" machi="81" ten="40,1300,0" yaku="8,1" doraHai="72" who="3" fromWho="1" sc="230,0,290,-13,240,0,240,13" /><INIT seed="2,0,0,1,1,78" ten="230,277,240,253" oya="2" hai0="88,70,64,7,108,120,56,125,43,37,45,81,132" hai1="23,127,57,72,116,117,113,46,112,71,52,128,12" hai2="62,126,86,122,114,50,104,130,73,67,84,54,95" hai3="33,93,20,31,89,76,6,115,111,27,47,13,15"/><V48/><F114/><N who="1" m="44137" /><E12/><V19/><F104/><W69/><G69/><T107/><D120/><U118/><E23/><V65/><F122/><W85/><G111/><T106/><D70/><U42/><E72/><V44/><F73/><W59/><G115/><T124/><D7/><U26/><E26/><V4/><F130/><W121/><G121/><T96/><D108/><U100/><E100/><V92/><F126/><N who="0" m="48746" /><D132/><U36/><E127/><V80/><F4/><W8/><G47/><T101/><D107/><U99/><E99/><V58/><F86/><W25/><G76/><T110/><D110/><U103/><E103/><V109/><F109/><W75/><G75/><T30/><D30/><U28/><E28/><V16/><F67/><W87/><G25/><T74/><D74/><U34/><E34/><V66/><F66/><W98/><G15/><T22/><D22/><U21/><E21/><V55/><F95/><W18/><G33/><T61/><D88/><U1/><E1/><V2/><F92/><W131/><G31/><T105/><D105/><U97/><E97/><V17/><F2/><W133/><G131/><T91/><D91/><U11/><E11/><V0/><F0/><W32/><G32/><T53/><D64/><U35/><E35/><V123/><F123/><W102/><G133/><T63/><D63/><N who="1" m="36263" /><E71/><V24/><F24/><W40/><G102/><T79/><D79/><U38/><E128/><V9/><F9/><W68/><G68/><T82/><AGARI ba="0,0" hai="37,43,45,53,56,61,81,82,96,101,106" m="48746" machi="82" ten="30,4000,0" yaku="18,1,52,2" doraHai="78" who="0" fromWho="0" sc="230,40,277,-10,240,-20,253,-10" /><INIT seed="3,0,0,5,2,5" ten="270,267,220,243" oya="3" hai0="135,3,20,93,78,46,50,84,13,134,126,104,96" hai1="1,111,19,61,77,73,42,63,86,31,8,98,24" hai2="79,53,119,44,6,7,102,92,115,97,54,107,85" hai3="95,67,36,23,45,58,29,83,21,56,101,89,57"/><W22/><G36/><T68/><D3/><U88/><E111/><V122/><F115/><W66/><G29/><T132/><D68/><U41/><E98/><V0/><F119/><W26/><G26/><T118/><D118/><U74/><E74/><V110/><F110/><W32/><G32/><T12/><D126/><U109/><E109/><V52/><F122/><W108/><G108/><T16/><D104/><U106/><E106/><V121/><F121/><W127/><G127/><T133/><D84/><U120/><E120/><V130/><F130/><W87/><G45/><T47/><D78/><U70/><E73/><V72/><F44/><N who="0" m="16938" /><D50/><U131/><E77/><V129/><F129/><W82/><REACH who="3" step="1"/><G101/><REACH who="3" ten="270,267,220,233" step="2"/><N who="0" m="60559" /><D135/><U18/><E131/><V124/><F124/><W34/><G34/><T105/><D105/><U114/><E114/><V37/><F37/><W60/><G60/><T94/><D134/><U49/><E63/><V117/><F117/><W30/><G30/><T28/><D28/><U15/><E61/><V48/><F48/><W27/><G27/><T11/><D133/><U25/><E25/><V113/><F113/><W75/><G75/><T80/><D132/><U51/><E51/><V39/><F39/><W116/><G116/><T128/><D128/><U10/><E49/><V40/><F72/><W65/><AGARI ba="0,1" hai="21,22,23,56,57,58,65,66,67,82,83,87,89,95" machi="65" ten="40,12000,1" yaku="1,1,0,1,29,2,8,1,53,0" doraHai="5" doraHaiUra="103" who="3" fromWho="3" sc="270,-40,267,-40,220,-40,233,130" owari="230,3.0,227,-17.3,180,-32.0,363,46.3" /></mjloggm>