<mjloggm ver="2.3"><GO type="225" lobby="0"/><UN n0="%4E%55%44%41" n1="%E5%80%89%E6%A9%8B%EF%BC%A0%E4%BA%8B%E5%8B%99" n2="%33%74%72%65%65" n3="%4E%49%4A%49%49%52%4F" dan="17,16,17,16" rate="2208.00,2106.67,2197.66,2170.79" sx="M,M,F,M"/><TAIKYOKU oya="0"/><INIT seed="0,0,0,3,5,111" ten="250,250,250,250" oya="0" hai0="69,74,120,127,77,52,93,125,45,27,60,9,94" hai1="43,99,38,112,10,55,40,35,76,68,124,2,66" hai2="4,18,118,129,103,6,58,123,82,106,59,39,31" hai3="22,70,3,67,73,78,26,25,79,102,51,1,37"/><T12/><D120/><U110/><E35/><V41/><F123/><W28/><G37/><T85/><D74/><U0/><E110/><V8/><F8/><W17/><G102/><T57/><D69/><U33/><E33/><V14/><F31/><W96/><G96/><T130/><D130/><U23/><E55/><V13/><F82/><W44/><G67/><T108/><D108/><U47/><E76/><V134/><F41/><W81/><G78/><T115/><D115/><U84/><E84/><V117/><F106/><W75/><G70/><T89/><D77/><U105/><E43/><V34/><F34/><W53/><REACH who="3" step="1"/><G73/><REACH who="3" ten="250,250,250,240" step="2"/><T15/><D125/><U42/><E66/><V83/><F103/><W48/><G48/><T49/><D127/><U101/><E68/><V90/><F39/><W72/><G72/><T24/><D94/><U54/><E124/><V5/><F118/><W61/><G61/><T7/><REACH who="0" step="1"/><D15/><REACH who="0" ten="240,250,250,240" step="2"/><U21/><E0/><V100/><F13/><W92/><G92/><T133/><D133/><U87/><E2/><V86/><F14/><W128/><G128/><T20/><D20/><AGARI ba="0,2" hai="1,3,17,20,22,25,26,28,44,51,53,75,79,81" machi="20" ten="30,2000,0" yaku="1,1,7,1,53,0" doraHai="111" doraHaiUra="116" who="3" fromWho="0" sc="240,-20,250,0,250,0,240,40" /><INIT seed="1,0,0,3,5,121" ten="220,250,250,280" oya="1" hai0="114,69,41,80,60,87,30,56,22,29,132,55,26" hai1="134,15,83,123,57,126,10,35,43,78,86,130,98" hai2="21,39,68,63,119,92,95,66,117,4,109,125,48" hai3="67,16,104,77,99,28,0,18,64,108,71,73,82"/><U76/><E123/><V14/><F39/><W113/><G113/><T11/><D114/><U53/><E35/><V51/><F125/><W5/><G28/><T97/><D132/><U120/><E120/><V62/><F4/><W65/><G71/><T100/><D69/><U102/><E134/><V46/><F68/><W25/><G25/><T61/><D41/><U122/><E122/><V3/><F3/><W23/><G23/><T131/><D131/><U133/><E133/><V13/><F21/><W45/><G45/><T44/><D44/><U20/><E43/><V1/><F1/><W85/><G73/><T75/><D75/><U6/><E126/><V52/><F46/><W84/><G84/><T127/><D127/><U8/><E130/><V106/><F52/><W103/><REACH who="3" step="1"/><G108/><REACH who="3" ten="220,250,250,270" step="2"/><T17/><D11/><AGARI ba="0,1" hai="0,5,11,16,18,64,65,67,77,82,85,99,103,104" machi="11" ten="40,8000,1" yaku="1,1,2,1,54,1,53,2" doraHai="121" doraHaiUra="12" who="3" fromWho="0" sc="220,-80,250,0,250,0,270,90" /><INIT seed="2,0,0,2,1,97" ten="140,250,250,360" oya="2" hai0="74,59,127,98,12,130,31,51,35,45,126,30,108" hai1="111,33,116,112,10,36,26,40,70,3,73,101,75" hai2="24,71,34,123,92,50,44,110,83,48,18,135,38" hai3="1,39,113,121,0,132,95,61,15,85,114,76,120"/><V100/><F123/><W14/><G39/><T72/><D108/><U6/><E112/><N who="3" m="43114" /><G132/><T66/><D130/><U133/><E116/><V46/><F71/><W109/><G109/><T54/><D12/><N who="3" m="4649" /><G61/><T104/><D72/><U90/><E111/><V69/><F38/><W131/><G131/><T23/><D74/><U106/><E90/><V96/><F69/><W32/><G32/><T8/><D35/><U128/><E128/><V25/><F135/><W118/><G118/><T5/><D66/><U7/><E7/><V43/><F34/><W86/><G95/><T77/><D77/><U56/><E56/><V80/><F110/><W122/><G76/><T29/><D23/><U41/><E70/><V2/><F2/><AGARI ba="0,0" hai="0,1,2,85,86,120,121,122" m="4649,43114" machi="2" ten="40,5200,0" yaku="28,2,11,1" doraHai="97" who="3" fromWho="2" sc="140,0,250,0,250,-52,360,52" /><INIT seed="3,0,0,2,0,76" ten="140,250,198,412" oya="3" hai0="66,21,127,91,55,124,34,115,0,131,112,126,28" hai1="70,97,46,132,1,65,33,129,24,72,39,56,77" hai2="3,74,86,19,31,40,82,73,14,103,41,63,125" hai3="94,20,4,9,43,105,87,67,60,37,98,119,18"/><W93/><G105/><T113/><D66/><U118/><E56/><V133/><F133/><W135/><G135/><T78/><D55/><U47/><E132/><V16/><F125/><W54/><G119/><T6/><D78/><U32/><E47/><V13/><F3/><W11/><G54/><T111/><D91/><U121/><E97/><V12/><F31/><W45/><G87/><T48/><D48/><U117/><E121/><V58/><F103/><W27/><G98/><T61/><D61/><N who="1" m="40239" /><E129/><V38/><F74/><W71/><G11/><N who="0" m="2503" /><D131/><U114/><E1/><AGARI ba="0,0" hai="1,4,9,18,20,27,37,43,45,60,67,71,93,94" machi="1" ten="30,1500,0" yaku="7,1" doraHai="76" who="3" fromWho="1" sc="140,0,250,-15,198,0,412,15" owari="140,-36.0,235,3.5,198,-20.2,427,52.7" /></mjloggm>