<mjloggm ver="2.3"><GO type="225" lobby="0"/><UN n0="%E5%B6%BA%E4%B8%8A%E5%92%B2" n1="%E7%9A%AE%E3%80%85" n2="%54%4F%52" n3="%E3%82%B7%E3%83%A5%E3%83%9E%E3%82%A4%E3%82%B1%E3%83%AB" dan="16,16,17,16" rate="2100.72,2083.33,2178.93,2161.79" sx="F,M,M,M"/><TAIKYOKU oya="0"/><INIT seed="0,0,0,0,3,100" ten="250,250,250,250" oya="0" hai0="93,28,102,2,4,30,11,35,88,9,101,133,65" hai1="125,81,135,33,106,74,117,29,82,31,6,41,27" hai2="105,54,5,15,22,13,42,98,8,18,63,71,61" hai3="87,97,43,56,0,17,96,12,127,99,132,89,40"/><T25/><D133/><U113/><E117/><V104/><F42/><W45/><G0/><T107/><D107/><U78/><E135/><V124/><F124/><W21/><G127/><T10/><D65/><U24/><E125/><V23/><F98/><W58/><G132/><T114/><D114/><U62/><E113/><V128/><F128/><W70/><G70/><T60/><D60/><U103/><E41/><V90/><F90/><W1/><G1/><T37/><D37/><U47/><E47/><V26/><F63/><W67/><G67/><T48/><D48/><U49/><E49/><V55/><F55/><W72/><G72/><T69/><D69/><U121/><E121/><V59/><REACH who="2" step="1"/><F71/><REACH who="2" ten="250,250,240,250" step="2"/><W122/><G122/><T52/><D52/><U57/><E62/><V51/><F51/><N who="3" m="27047" /><G43/><T84/><D30/><AGARI ba="0,1" hai="5,8,13,15,18,22,23,26,30,54,59,61,104,105" machi="30" ten="30,7700,0" yaku="1,1,7,1,52,2,53,0" doraHai="100" doraHaiUra="112" who="2" fromWho="0" sc="250,-77,250,0,240,87,250,0" /><INIT seed="1,0,0,2,3,127" ten="173,250,327,250" oya="1" hai0="1,69,87,134,74,6,53,28,91,47,102,85,63" hai1="55,121,65,72,2,82,78,99,58,0,21,10,31" hai2="8,105,52,12,125,123,50,113,13,38,107,132,111" hai3="112,96,86,17,67,129,114,5,59,43,101,73,122"/><U57/><E121/><V24/><F123/><W90/><G73/><T39/><D74/><U95/><E10/><V98/><F38/><W56/><G122/><T83/><D134/><U18/><E58/><V92/><F132/><W89/><G5/><T64/><D102/><U115/><E115/><V22/><F125/><W88/><G43/><T29/><D85/><U97/><E97/><V108/><F113/><W94/><G86/><T3/><D39/><U84/><E72/><V103/><F105/><W48/><G59/><T11/><REACH who="0" step="1"/><D1/><REACH who="0" ten="163,250,327,250" step="2"/><U14/><E0/><V40/><F103/><W118/><G112/><T62/><D62/><U33/><E2/><V37/><F37/><W131/><G114/><T15/><D15/><U80/><E84/><V68/><F13/><W19/><G118/><T71/><D71/><U75/><E75/><V51/><F68/><W120/><G120/><T7/><D7/><U124/><E14/><V26/><F12/><W109/><G109/><T126/><D126/><U100/><E124/><V30/><F108/><W42/><G42/><T35/><D35/><U44/><E33/><V23/><F40/><W27/><G27/><T25/><D25/><U128/><E100/><V130/><F26/><W41/><G41/><T70/><D70/><U106/><E99/><V110/><F110/><W93/><G48/><AGARI ba="0,1" hai="3,6,11,28,29,47,48,53,63,64,69,83,87,91" machi="48" ten="40,1300,0" yaku="1,1,53,0" doraHai="127" doraHaiUra="133" who="0" fromWho="3" sc="163,23,250,0,327,0,250,-13" /><INIT seed="2,0,0,3,4,75" ten="186,250,327,237" oya="2" hai0="43,40,49,82,96,118,0,24,28,57,94,59,10" hai1="56,66,78,32,73,109,61,127,102,38,103,72,26" hai2="16,107,30,62,53,74,1,71,8,89,12,22,50" hai3="45,64,117,76,133,67,34,91,63,93,9,79,105"/><V125/><F107/><W132/><G117/><T77/><D118/><U126/><E38/><V99/><F125/><N who="1" m="47625" /><E109/><V33/><F74/><N who="1" m="28777" /><E78/><N who="3" m="29738" /><G105/><T86/><D0/><U11/><E11/><V129/><F129/><W114/><G34/><T134/><D10/><U124/><N who="1" m="47633" /><U100/><DORA hai="115" /><E26/><V81/><F33/><AGARI ba="0,0" hai="32,33,56,61,66,100,102,103" m="28777,47633" machi="33" ten="50,1600,0" yaku="18,1" doraHai="75,115" who="1" fromWho="2" sc="186,0,250,16,327,-16,237,0" /><INIT seed="3,0,0,0,1,17" ten="186,266,311,237" oya="3" hai0="129,20,123,9,100,126,72,87,81,13,109,5,90" hai1="22,133,65,84,50,40,14,119,106,25,132,52,51" hai2="67,76,61,83,23,79,71,97,86,29,80,8,68" hai3="12,73,43,122,108,92,60,99,96,91,75,7,53"/><W24/><G122/><T49/><D123/><U112/><E112/><V28/><F8/><W89/><G108/><T38/><D109/><U77/><E106/><V0/><F0/><W70/><G43/><T98/><D38/><U36/><E65/><V88/><F71/><W101/><G24/><T32/><D129/><U15/><E36/><V127/><F127/><W39/><G39/><T45/><D32/><U1/><E1/><V104/><F23/><W102/><G75/><T64/><D126/><U118/><E40/><V58/><F68/><W42/><G42/><T111/><D111/><U4/><E4/><V10/><F10/><W18/><G73/><T34/><D34/><U94/><E51/><V46/><F46/><W130/><G7/><T103/><D72/><U78/><E94/><V6/><F6/><W31/><G31/><T47/><D64/><U44/><E84/><V107/><F79/><N who="1" m="30217" /><E14/><V105/><REACH who="2" step="1"/><F97/><REACH who="2" ten="186,266,301,237" step="2"/><W120/><G120/><T66/><D45/><U2/><E2/><V93/><F93/><N who="3" m="58511" /><G70/><T117/><D117/><N who="1" m="44555" /><E15/><V30/><F30/><AGARI ba="0,1" hai="22,25,30,44,50,52,132,133" m="44555,30217" machi="30" ten="30,3900,0" yaku="12,1,52,1,54,1" doraHai="17" who="1" fromWho="2" sc="186,0,266,49,301,-39,237,0" owari="186,-31.4,315,41.5,262,6.2,237,-16.3" /></mjloggm>