<mjloggm ver="2.3"><GO type="225" lobby="0"/><UN n0="%E3%81%BE%E3%81%A8%E3%81%9F" n1="%E5%A4%9C%E3%81%AE%E3%82%AC%E3%82%B9%E3%83%91%E3%83%BC%E3%83%AB" n2="%E3%83%89%E3%83%A9%E3%81%8F%E3%82%8C" n3="%73%75%7A%75%6D%65%33" dan="16,16,16,17" rate="2152.78,2148.78,2240.49,2262.62" sx="M,M,M,M"/><TAIKYOKU oya="0"/><INIT seed="0,0,0,1,2,8" ten="250,250,250,250" oya="0" hai0="59,132,66,99,81,114,108,115,97,135,1,125,70" hai1="96,83,85,50,78,46,100,27,57,15,48,80,64" hai2="3,10,102,72,109,20,82,74,129,21,105,14,77" hai3="55,133,30,4,38,5,123,2,47,13,88,95,69"/><T89/><D1/><U31/><E64/><V79/><F109/><W71/><G2/><T53/><D66/><U33/><E57/><V23/><F3/><W26/><G133/><N who="0" m="51275" /><D70/><U63/><E63/><V7/><F129/><W51/><G38/><T106/><D53/><U16/><E83/><V93/><F93/><W91/><G123/><T25/><D59/><U119/><E46/><V62/><F62/><W67/><G67/><T0/><D25/><U45/><E45/><V43/><F43/><W65/><G65/><T90/><D0/><U92/><REACH who="1" step="1"/><E119/><REACH who="1" ten="250,240,250,250" step="2"/><V104/><REACH who="2" step="1"/><F102/><REACH who="2" ten="250,240,240,250" step="2"/><W34/><G71/><T60/><D60/><U40/><E40/><V112/><F112/><W126/><G69/><T6/><D114/><U120/><E120/><V118/><F118/><W56/><G56/><T116/><D115/><U32/><E32/><V24/><F24/><W49/><G26/><T131/><D116/><U111/><E111/><V73/><F73/><W121/><G34/><T54/><D108/><U76/><E76/><V84/><F84/><W58/><G58/><T87/><D87/><U107/><E107/><V86/><F86/><W122/><G122/><T22/><D106/><U103/><E103/><V110/><F110/><W29/><G121/><T39/><D54/><U130/><E130/><V68/><F68/><W12/><G55/><T11/><D131/><U41/><E41/><V94/><F94/><W113/><G95/><T117/><D117/><U52/><E52/><V75/><F75/><W101/><G113/><T19/><D81/><AGARI ba="0,2" hai="7,10,14,20,21,23,72,74,77,79,81,82,104,105" machi="81" ten="40,5200,0" yaku="1,1,9,1,52,1,53,0" doraHai="8" doraHaiUra="35" who="2" fromWho="0" sc="250,-52,240,0,240,72,250,0" /><INIT seed="1,0,0,4,4,9" ten="198,240,312,250" oya="1" hai0="126,99,8,18,29,87,91,32,67,53,131,85,22" hai1="109,51,79,110,90,75,41,66,11,97,127,114,60" hai2="104,46,49,82,50,24,55,37,128,35,65,121,43" hai3="16,40,56,7,111,63,38,95,88,59,96,107,42"/><U129/><E114/><V103/><F121/><W13/><G111/><N who="1" m="42506" /><E129/><V26/><F128/><W101/><G7/><T105/><D131/><U100/><E127/><V132/><F132/><W44/><G42/><T74/><D126/><U112/><E112/><V14/><F35/><W81/><G81/><T62/><D74/><U3/><E79/><V94/><F104/><W70/><G70/><T117/><D8/><U17/><E75/><V48/><F65/><W120/><G120/><T5/><D5/><U102/><E90/><V36/><F55/><W4/><G4/><T30/><D53/><U113/><E113/><V28/><F37/><W78/><G78/><T12/><D117/><U123/><E123/><V68/><F68/><W124/><G124/><T1/><D1/><U10/><E10/><V69/><F69/><W0/><G0/><T34/><D91/><U84/><E84/><V52/><F103/><W39/><G39/><T33/><D85/><U125/><E125/><V133/><F36/><W25/><G25/><T23/><D87/><U31/><E31/><V134/><F26/><W89/><G107/><T71/><REACH who="0" step="1"/><D23/><REACH who="0" ten="188,240,312,250" step="2"/><U15/><E3/><V135/><F134/><W19/><G89/><T86/><D86/><U115/><E115/><V80/><F133/><W122/><G88/><T61/><D61/><U2/><E2/><V93/><F135/><W77/><G63/><T47/><D47/><N who="1" m="26095" /><E97/><V21/><F80/><W73/><G122/><T130/><D130/><U76/><E76/><V116/><F82/><W83/><G73/><T27/><D27/><U6/><E6/><RYUUKYOKU ba="0,1" sc="188,15,240,15,312,-15,250,-15" hai0="12,18,22,29,30,32,33,34,62,67,71,99,105" hai1="11,15,17,60,66,100,102" /><INIT seed="1,1,1,2,2,43" ten="203,255,297,235" oya="1" hai0="93,88,23,79,62,122,126,50,118,72,85,119,116" hai1="9,28,75,70,102,13,113,97,99,68,37,42,120" hai2="132,135,36,48,0,92,2,30,117,61,63,38,128" hai3="87,114,127,51,67,105,21,53,77,47,3,66,27"/><U26/><E113/><V101/><F30/><W95/><G114/><T78/><D62/><N who="2" m="23562" /><F117/><W110/><G105/><T58/><D126/><U82/><E120/><V125/><F125/><W109/><G3/><N who="2" m="1065" /><F128/><W106/><G106/><T133/><D133/><N who="2" m="51274" /><F48/><W52/><G127/><T89/><D122/><U103/><E28/><V15/><F15/><W49/><G109/><T96/><D72/><U54/><E13/><V56/><F56/><W74/><G74/><T18/><D50/><U16/><E75/><V11/><F11/><W91/><G77/><T115/><D58/><U100/><E9/><V55/><F55/><W108/><G108/><T83/><REACH who="0" step="1"/><D115/><REACH who="0" ten="193,255,297,235" step="2"/><U45/><E70/><V131/><F131/><W20/><G110/><T8/><D8/><U6/><E68/><V124/><F124/><W130/><G130/><T76/><D76/><U104/><E6/><V123/><F123/><W80/><G80/><T64/><D64/><N who="3" m="24617" /><G27/><AGARI ba="1,2" hai="18,23,27,78,79,83,85,88,89,93,96,116,118,119" machi="27" ten="40,8000,1" yaku="1,1,54,1,53,3" doraHai="43" doraHaiUra="112" who="0" fromWho="3" sc="193,103,255,0,297,0,235,-83" /><INIT seed="2,0,0,4,5,33" ten="296,255,297,152" oya="2" hai0="18,93,111,13,4,76,96,62,87,32,30,75,7" hai1="108,56,36,135,125,97,100,92,8,55,43,74,19" hai2="48,40,20,105,99,121,77,28,117,120,130,133,0" hai3="59,34,98,85,38,72,126,70,89,118,67,114,106"/><V54/><F117/><W83/><G70/><T53/><D75/><U81/><E108/><V24/><F130/><W10/><G38/><T52/><D30/><U122/><E135/><V14/><F133/><W1/><G34/><T11/><D32/><U58/><E125/><V64/><F77/><W39/><G39/><T127/><D127/><U16/><E122/><V22/><F40/><W80/><G126/><T101/><D111/><U115/><E115/><V37/><F0/><W86/><G114/><T113/><D113/><U71/><E71/><V66/><F37/><W49/><G118/><T63/><D62/><U102/><E102/><V50/><F50/><W134/><G134/><T61/><D63/><U109/><E109/><V51/><F51/><W41/><G72/><T110/><D110/><U15/><E74/><V112/><F112/><W78/><G67/><T95/><D53/><U129/><E81/><V42/><F42/><W60/><G60/><T128/><D128/><U104/><E104/><V29/><F120/><W91/><G106/><T47/><D95/><U94/><E94/><V88/><F105/><W9/><G1/><T79/><D47/><N who="1" m="24039" /><E129/><V132/><F121/><W25/><G25/><T123/><D123/><U103/><E103/><V57/><F132/><W2/><G2/><T73/><D73/><U26/><E55/><V65/><F14/><W3/><G3/><T124/><D124/><U119/><E119/><V45/><F45/><N who="3" m="25775" /><G59/><N who="0" m="35047" /><D79/><U84/><E84/><V35/><F29/><W27/><G27/><T69/><D69/><U17/><E26/><V90/><F99/><RYUUKYOKU ba="0,0" sc="296,0,255,0,297,0,152,0" hai0="4,7,11,13,18,76,87,93,96,101" hai1="8,15,16,17,19,56,58,92,97,100" hai2="20,22,24,28,35,48,54,57,64,65,66,88,90" hai3="9,10,78,80,83,85,86,89,91,98" /><INIT seed="2,1,0,3,3,93" ten="296,255,297,152" oya="2" hai0="116,44,119,111,51,130,87,108,12,71,81,14,35" hai1="117,17,66,96,86,107,113,92,13,36,56,52,125" hai2="94,63,131,121,1,2,83,38,60,82,135,23,97" hai3="84,77,8,134,25,6,74,48,33,37,43,70,40"/><V18/><F121/><W59/><G70/><T45/><D71/><U120/><E113/><V24/><F38/><W34/><G134/><T78/><D35/><U106/><E117/><N who="0" m="45129" /><D130/><U127/><E36/><V115/><F115/><W98/><G74/><T64/><D64/><U0/><E66/><V112/><F112/><W49/><G37/><T122/><D45/><U90/><E0/><V102/><F135/><W75/><G75/><T69/><D69/><U68/><E68/><V72/><F131/><W46/><G25/><T126/><D126/><N who="1" m="48139" /><E86/><V39/><F39/><W16/><G16/><T67/><D67/><U105/><E120/><V4/><F1/><W109/><G109/><N who="0" m="42059" /><D122/><U65/><E65/><V89/><F2/><W31/><G31/><T76/><D76/><U58/><E52/><AGARI ba="1,0" hai="12,14,44,51,52,78,81,87" m="42059,45129" machi="52" ten="30,3900,0" yaku="12,1,14,1,54,1" doraHai="93" who="0" fromWho="1" sc="296,42,255,-42,297,0,152,0" /><INIT seed="3,0,0,5,3,37" ten="338,213,297,152" oya="3" hai0="95,47,111,62,0,10,99,58,7,17,66,120,61" hai1="124,40,127,125,104,75,68,89,23,14,76,122,12" hai2="27,107,36,130,97,42,82,70,16,106,134,133,100" hai3="41,19,52,60,39,6,126,78,123,3,81,135,59"/><W92/><G123/><T132/><D120/><U108/><E122/><V53/><F70/><W65/><G135/><N who="2" m="51721" /><F53/><W33/><G33/><T71/><D111/><U117/><E108/><V69/><F69/><W49/><G126/><T54/><D132/><U79/><E117/><V88/><F130/><W4/><G3/><T20/><D47/><U13/><E68/><V5/><F5/><W57/><G92/><T83/><D83/><N who="1" m="45471" /><E104/><V45/><F106/><W86/><REACH who="3" step="1"/><G19/><REACH who="3" ten="338,213,297,142" step="2"/><T56/><D95/><U55/><E124/><V34/><F34/><W15/><G15/><T90/><D17/><U30/><E127/><V129/><F129/><W93/><G93/><T29/><D0/><U48/><E125/><V43/><F16/><W1/><G1/><T26/><D7/><U73/><E14/><V21/><F107/><W85/><G85/><T94/><D99/><U96/><E13/><V67/><F97/><W63/><G63/><T28/><D94/><U103/><E12/><V72/><F27/><W35/><G35/><T8/><D29/><U119/><E30/><V91/><F72/><W22/><G22/><T18/><D28/><U74/><E23/><V131/><F21/><W121/><G121/><T110/><D110/><U2/><E2/><V115/><F131/><W50/><G50/><T102/><D20/><U80/><E48/><V87/><F87/><W128/><G128/><T11/><D18/><U114/><E96/><V109/><F109/><W113/><G113/><T118/><D26/><U77/><E114/><V46/><F115/><W84/><G84/><T112/><D112/><RYUUKYOKU ba="0,1" sc="338,-10,213,-10,297,-10,142,30" hai3="4,6,39,41,49,52,57,59,60,65,78,81,86" /><INIT seed="3,1,1,0,5,64" ten="328,203,287,172" oya="3" hai0="23,111,41,11,29,95,32,107,73,77,85,50,124" hai1="9,36,4,0,89,97,110,98,132,39,19,69,27" hai2="61,10,24,109,35,122,55,52,31,115,43,56,20" hai3="26,131,116,13,90,53,91,65,2,46,114,88,28"/><W106/><G2/><T5/><D32/><U49/><E69/><V45/><F115/><W128/><G114/><T6/><D107/><U72/><E72/><V117/><F109/><W113/><G113/><T112/><D73/><U57/><E110/><V134/><F122/><W130/><G116/><T40/><D112/><U68/><E68/><V25/><F134/><W133/><G133/><T93/><D111/><U127/><E132/><V34/><F117/><W37/><G106/><T14/><D6/><U83/><E127/><V54/><F10/><W100/><G100/><T8/><D8/><U59/><E83/><V62/><F62/><W7/><G65/><T96/><D50/><U81/><E81/><V75/><F75/><W18/><G7/><T84/><D77/><U92/><E98/><V3/><F3/><W76/><G76/><T87/><D95/><U102/><E102/><V63/><F63/><W119/><G119/><T21/><D124/><U48/><E39/><V104/><F104/><W78/><G78/><T30/><D23/><N who="1" m="13823" /><E36/><V86/><F86/><W79/><G79/><T15/><D15/><U103/><E103/><V60/><F60/><W22/><G37/><T16/><D30/><U108/><E108/><V82/><F82/><W125/><G125/><T126/><D29/><U94/><E94/><V105/><F105/><W67/><G67/><T118/><D126/><U66/><E66/><N who="2" m="39207" /><F25/><W120/><G120/><T38/><D118/><U44/><E49/><N who="2" m="26815" /><F35/><N who="3" m="20887" /><G130/><T99/><D38/><U17/><E17/><V42/><F34/><W58/><G58/><T80/><D5/><RYUUKYOKU ba="1,1" sc="328,-30,203,10,287,10,172,10" hai1="0,4,9,44,48,57,59,89,92,97" hai2="20,24,31,42,52,54,55" hai3="13,18,22,46,53,88,90,91,128,131" /><INIT seed="3,2,1,4,3,84" ten="298,213,297,182" oya="3" hai0="100,66,8,52,125,73,115,10,130,4,44,122,64" hai1="131,56,132,1,28,63,78,116,50,80,19,93,71" hai2="129,85,22,65,108,121,39,0,67,34,21,112,45" hai3="69,2,46,36,79,42,18,124,110,29,123,105,27"/><W58/><G123/><T38/><D73/><U51/><E1/><V9/><F34/><W113/><G113/><T6/><D122/><U40/><E71/><V26/><F112/><W95/><G105/><T31/><D115/><U98/><E131/><V107/><F107/><W101/><G69/><T53/><D125/><U60/><E132/><V72/><F72/><W102/><G2/><T86/><D31/><U49/><E116/><V90/><F121/><W17/><G124/><T20/><D20/><U127/><E28/><V48/><F39/><W24/><G79/><T12/><D100/><U55/><E127/><V92/><F129/><W7/><G7/><T54/><D86/><N who="1" m="48407" /><E19/><N who="2" m="12607" /><F0/><W119/><G119/><T41/><REACH who="0" step="1"/><D130/><REACH who="0" ten="288,213,297,182" step="2"/><U81/><E81/><V74/><F74/><W135/><G102/><T70/><D70/><U106/><E106/><V120/><F120/><W133/><G101/><T83/><D83/><U103/><E103/><V96/><F22/><W126/><G126/><T25/><D25/><N who="3" m="9801" /><G95/><T37/><D37/><U111/><E93/><V77/><F92/><W76/><G29/><T114/><D114/><U62/><E98/><V99/><F96/><W35/><G35/><T75/><D75/><U3/><E111/><V33/><F108/><W89/><G110/><T61/><D61/><U5/><E63/><V47/><F99/><W57/><G76/><T30/><D30/><U118/><E118/><V43/><F77/><W117/><G117/><T59/><D59/><N who="3" m="22537" /><G89/><T91/><D91/><U109/><E109/><V16/><F90/><W11/><G11/><T68/><D68/><RYUUKYOKU ba="2,2" sc="288,15,213,-15,297,-15,182,15" hai0="4,6,8,10,12,38,41,44,52,53,54,64,66" hai3="17,18,36,42,46,133,135" /><INIT seed="3,3,2,2,4,78" ten="303,198,282,197" oya="3" hai0="80,114,90,31,110,91,68,130,3,93,64,18,0" hai1="66,81,15,37,107,133,132,29,108,5,62,56,23" hai2="104,50,67,2,128,118,63,112,26,111,25,48,53" hai3="22,38,34,113,92,45,39,103,101,10,30,119,43"/><W106/><G119/><T122/><D122/><U129/><E107/><V77/><F118/><W8/><G113/><T96/><D31/><U49/><E37/><V88/><F112/><W55/><G34/><T85/><D114/><U12/><E108/><V44/><F2/><W13/><G39/><T72/><D110/><U125/><E129/><V65/><F104/><W54/><G106/><T131/><D72/><U52/><E125/><V61/><F77/><W27/><G8/><T98/><D98/><U124/><E124/><V40/><F128/><N who="0" m="49194" /><D18/><U69/><E81/><V102/><F102/><W109/><G109/><T24/><D24/><N who="2" m="9322" /><F111/><W17/><REACH who="3" step="1"/><G101/><REACH who="3" ten="303,198,282,187" step="2"/><T1/><D1/><U51/><E5/><V97/><F65/><W117/><G117/><T83/><D0/><U105/><E105/><V95/><F67/><W100/><G100/><T71/><D3/><U14/><E66/><V9/><F9/><W115/><G115/><T41/><D64/><U74/><E69/><V73/><F73/><W28/><G28/><T16/><D68/><U134/><E74/><V36/><F36/><W84/><G84/><T126/><D71/><U35/><E29/><V33/><F33/><W7/><G7/><T60/><D126/><U135/><E35/><V46/><AGARI ba="3,3" hai="40,44,46,48,50,53,61,63,88,95,97" m="9322" machi="46" ten="30,2000,0" yaku="8,1,54,1" doraHai="78" who="2" fromWho="2" sc="303,-8,198,-8,282,59,187,-13" owari="295,9.5,190,-21.0,341,44.1,174,-32.6" /></mjloggm>