<mjloggm ver="2.3"><GO type="225" lobby="0"/><UN n0="%E3%82%B7%E3%83%B3%E5%A4%AA%E6%9C%97" n1="%E6%A1%9C%E8%8A%B1%E9%96%83%E3%80%85" n2="%E3%81%8B%E3%82%8F%E3%81%A1%E3%82%83%E3%82%93%35%38" n3="%E3%81%BE%E3%81%A8%E3%81%9F" dan="16,16,17,16" rate="2119.26,2177.01,2255.42,2176.22" sx="M,M,M,M"/><TAIKYOKU oya="0"/><INIT seed="0,0,0,5,4,38" ten="250,250,250,250" oya="0" hai0="7,47,43,62,80,21,41,57,117,115,18,123,40" hai1="9,128,131,129,44,102,92,59,30,67,70,125,16" hai2="4,103,96,94,15,27,46,126,107,95,50,135,34" hai3="13,130,71,104,127,64,53,23,19,111,11,28,49"/><T10/><D123/><U79/><E125/><V24/><F126/><W134/><G104/><T88/><D117/><U37/><E70/><V29/><F135/><W1/><G127/><T48/><D115/><U77/><E30/><V121/><F121/><W0/><G111/><T60/><D60/><N who="1" m="38303" /><E102/><V56/><F56/><W12/><G130/><T5/><D80/><U31/><E31/><V73/><F27/><W26/><G134/><T22/><D88/><U120/><E92/><V63/><F63/><W68/><G64/><N who="0" m="38991" /><D10/><U45/><E120/><V69/><F73/><W2/><REACH who="3" step="1"/><G12/><REACH who="3" ten="250,250,250,240" step="2"/><N who="0" m="9415" /><D22/><U85/><E129/><V72/><F107/><W98/><G98/><T66/><D66/><U100/><E131/><V35/><F96/><W58/><AGARI ba="0,1" hai="0,1,2,11,13,19,23,26,28,49,53,58,68,71" machi="58" ten="30,4000,0" yaku="1,1,0,1,53,1" doraHai="38" doraHaiUra="54" who="3" fromWho="3" sc="250,-20,250,-10,250,-10,240,50" /><INIT seed="1,0,0,1,0,68" ten="230,240,240,290" oya="1" hai0="128,49,24,135,30,70,21,64,36,35,5,116,124" hai1="56,33,98,81,43,7,8,0,104,28,59,82,127" hai2="39,91,27,79,114,51,57,37,31,40,105,3,1" hai3="73,92,80,25,66,19,78,120,18,77,102,22,134"/><U53/><E127/><V107/><F91/><W113/><G120/><T26/><D124/><U108/><E108/><V130/><F57/><W6/><G113/><T2/><D116/><U62/><E43/><V129/><F51/><W94/><G6/><T132/><D128/><N who="2" m="49258" /><F79/><W52/><G66/><T111/><D111/><U14/><E0/><N who="2" m="75" /><F114/><W4/><G4/><T46/><D36/><N who="2" m="13898" /><F40/><W123/><G123/><T126/><D126/><U32/><E59/><V47/><F47/><W88/><G78/><T13/><D64/><U29/><E82/><V12/><F12/><W45/><G88/><T117/><D13/><U133/><E81/><V10/><F10/><W87/><G80/><T95/><D2/><U38/><E38/><V11/><F11/><W110/><G77/><T97/><D5/><U122/><E122/><V41/><F41/><W75/><G110/><T84/><D49/><U69/><E69/><V65/><F65/><W74/><G45/><T99/><D46/><U16/><E7/><V58/><F58/><W71/><G52/><T93/><D70/><U60/><E60/><V100/><F100/><W61/><G71/><T20/><D117/><U76/><E76/><V23/><AGARI ba="0,0" hai="23,27,31,105,107" m="13898,75,49258" machi="23" ten="40,8000,1" yaku="19,1,52,3" doraHai="68" who="2" fromWho="2" sc="230,-20,240,-40,240,80,290,-20" /><INIT seed="2,0,0,1,2,133" ten="210,200,320,270" oya="2" hai0="35,82,109,5,13,71,100,78,112,114,77,17,115" hai1="33,99,86,63,128,124,74,50,91,80,81,96,22" hai2="47,85,129,58,130,11,103,89,60,59,122,95,40" hai3="18,88,61,76,36,48,27,15,75,131,3,30,4"/><V56/><F122/><W25/><G36/><T64/><D35/><U12/><E33/><V118/><F118/><W94/><G4/><T49/><D109/><U116/><E116/><V90/><F103/><W1/><G27/><T93/><D5/><U117/><E117/><V111/><F111/><W38/><G38/><T19/><D64/><U123/><E123/><V52/><F11/><W134/><G131/><N who="2" m="50185" /><F90/><W65/><G48/><AGARI ba="0,0" hai="40,47,48,52,56,58,59,60,85,89,95" m="50185" machi="48" ten="30,2900,0" yaku="19,1,54,1" doraHai="133" who="2" fromWho="3" sc="210,0,200,0,320,29,270,-29" /><INIT seed="2,1,0,3,1,28" ten="210,200,349,241" oya="2" hai0="33,60,90,125,39,99,58,30,48,64,57,128,105" hai1="112,38,9,109,66,22,63,67,122,131,98,71,77" hai2="104,14,51,111,81,68,78,114,113,74,107,11,85" hai3="124,117,53,102,44,55,118,119,100,8,49,103,121"/><V56/><F68/><W29/><G121/><T31/><D39/><U135/><E112/><V70/><F70/><W13/><G29/><T43/><D128/><U82/><E131/><V46/><F111/><W6/><REACH who="3" step="1"/><G124/><REACH who="3" ten="210,200,349,231" step="2"/><T59/><D30/><U120/><E120/><V65/><F114/><W42/><AGARI ba="1,1" hai="6,8,13,42,44,49,53,55,100,102,103,117,118,119" machi="42" ten="40,5200,0" yaku="1,1,2,1,0,1,53,0" doraHai="28" doraHaiUra="62" who="3" fromWho="3" sc="210,-14,200,-14,349,-27,231,65" /><INIT seed="3,0,0,4,3,102" ten="196,186,322,296" oya="3" hai0="103,4,108,69,16,90,65,10,13,85,9,118,21" hai1="40,19,23,128,92,94,87,104,79,12,80,78,75" hai2="122,3,8,123,88,51,36,119,86,107,110,43,25" hai3="63,95,2,98,129,46,76,44,35,116,22,11,6"/><W97/><G116/><T37/><D118/><U54/><E128/><V112/><F119/><W52/><G35/><T42/><D108/><U45/><E104/><V29/><F112/><W134/><G76/><T133/><D133/><U30/><E30/><V83/><F107/><W68/><G98/><T28/><D103/><U27/><E27/><V120/><F110/><W64/><G134/><T58/><D69/><U127/><E127/><V31/><F36/><W15/><G52/><T106/><D106/><U57/><E79/><V96/><F96/><W55/><G55/><T14/><D37/><U17/><E75/><V59/><F59/><W99/><G99/><T124/><D124/><U125/><E125/><V109/><F109/><W39/><G129/><T101/><D101/><U117/><E117/><V26/><F51/><W18/><REACH who="3" step="1"/><G39/><REACH who="3" ten="196,186,322,286" step="2"/><T1/><D65/><U61/><E19/><V48/><F29/><W131/><G131/><T38/><D38/><AGARI ba="0,1" hai="12,17,23,38,40,45,54,57,61,78,80,87,92,94" machi="38" ten="30,1000,0" yaku="7,1" doraHai="102" who="1" fromWho="0" sc="196,-10,186,20,322,0,286,0" owari="186,-31.4,206,-19.4,322,42.2,286,8.6" /></mjloggm>