<mjloggm ver="2.3"><GO type="225" lobby="0"/><UN n0="%6D%75%75%6D%75%72%61" n1="%E3%81%86%E3%82%8C%E3%81%9F%E3%82%93%E6%9E%95" n2="%E8%BE%9B%E5%8F%A3%E3%82%AB%E3%83%AC%E3%83%BC%E3%83%A9%E3%82%A4%E3%82%B9" n3="%E3%81%AA%E3%81%A1%30%39%32%37" dan="16,16,16,16" rate="2178.23,2185.32,2147.57,2024.53" sx="F,F,M,M"/><TAIKYOKU oya="0"/><INIT seed="0,0,0,0,2,22" ten="250,250,250,250" oya="0" hai0="95,40,42,62,11,100,103,16,125,56,89,60,46" hai1="69,122,109,129,39,114,25,49,107,10,92,54,55" hai2="23,0,127,35,51,47,106,61,18,15,116,99,123" hai3="3,80,78,135,33,52,7,64,88,5,72,53,82"/><T120/><D120/><U20/><E122/><V36/><F123/><W77/><G135/><T4/><D125/><U45/><E107/><V2/><F127/><W32/><G64/><T111/><D111/><U50/><E114/><V30/><F36/><W27/><G88/><T63/><D56/><U14/><E129/><V73/><F73/><W44/><G44/><T70/><D70/><U65/><E39/><V48/><F116/><W90/><G90/><T134/><D134/><U79/><E109/><V112/><F112/><W121/><G121/><T117/><D117/><U104/><E104/><V34/><F61/><W84/><G32/><T43/><D46/><N who="1" m="27959" /><E69/><V130/><F51/><W41/><G41/><T76/><D76/><U81/><E92/><V37/><F37/><W119/><G119/><T19/><D103/><U75/><E75/><V71/><F71/><W110/><G110/><T97/><REACH who="0" step="1"/><D100/><REACH who="0" ten="240,250,250,250" step="2"/><U126/><E126/><V58/><F58/><W13/><G78/><T131/><D131/><U132/><E132/><V24/><F130/><W128/><G77/><T66/><D66/><U124/><E65/><V74/><F74/><W21/><G72/><T85/><D85/><N who="1" m="48319" /><E124/><V118/><F118/><W105/><G128/><T31/><D31/><U29/><E10/><N who="2" m="6519" /><F106/><W67/><G105/><T12/><AGARI ba="0,1" hai="4,11,12,16,19,40,42,43,60,62,63,89,95,97" machi="12" ten="30,11700,0" yaku="1,1,0,1,8,1,54,1,53,0" doraHai="22" doraHaiUra="98" who="0" fromWho="0" sc="240,127,250,-39,250,-39,250,-39" /><INIT seed="0,1,0,3,3,40" ten="367,211,211,211" oya="0" hai0="80,22,116,20,78,3,75,126,44,102,14,58,112" hai1="17,100,118,103,68,77,113,37,2,120,47,106,28" hai2="79,34,101,89,41,52,81,90,72,76,70,63,54" hai3="46,16,31,88,82,117,125,26,6,51,129,121,133"/><T1/><D112/><U115/><E118/><V50/><F34/><W98/><G117/><T122/><D116/><U32/><E120/><V104/><F79/><W36/><G36/><T43/><D122/><U53/><E68/><V85/><F41/><W30/><G121/><T128/><D128/><U0/><E37/><V29/><F29/><W135/><G6/><T27/><D126/><U12/><E77/><V10/><F10/><W11/><G125/><T107/><D58/><U18/><E28/><N who="3" m="10794" /><G26/><T127/><D27/><U60/><E32/><V38/><F38/><W71/><G71/><T13/><D127/><U73/><E73/><V123/><F123/><W94/><G82/><T92/><D107/><U45/><E106/><V69/><F63/><W134/><G129/><T99/><D13/><U19/><E12/><V15/><F15/><N who="3" m="7295" /><G51/><T95/><D95/><U84/><E60/><V83/><F90/><W130/><G130/><T66/><D14/><U57/><E17/><V65/><F65/><W7/><G7/><T108/><D66/><U35/><E35/><V111/><F69/><W124/><G124/><T114/><D3/><U74/><E74/><V131/><F70/><W56/><G56/><T67/><D75/><U59/><REACH who="1" step="1"/><E53/><REACH who="1" ten="367,201,211,211" step="2"/><V96/><F131/><W87/><G87/><AGARI ba="1,1" hai="0,2,18,19,45,47,57,59,84,87,100,103,113,115" machi="87" ten="25,12000,2" yaku="1,1,2,1,22,2,52,2,53,0" doraHai="40" doraHaiUra="25" who="1" fromWho="3" sc="367,0,201,133,211,0,211,-123" /><INIT seed="1,0,0,2,4,60" ten="367,334,211,88" oya="1" hai0="50,91,129,81,3,52,117,37,56,101,34,73,133" hai1="43,65,51,107,48,8,93,78,21,32,2,40,121" hai2="59,97,61,104,19,94,35,102,14,112,120,100,127" hai3="23,126,33,105,24,72,124,77,83,84,54,123,110"/><U38/><E107/><V58/><F120/><W71/><G105/><T68/><D117/><U86/><E32/><V16/><F127/><W5/><G123/><T87/><D129/><U44/><E121/><V125/><F125/><W0/><G110/><T13/><D3/><U39/><E78/><V31/><F112/><W69/><G33/><T82/><D133/><U57/><E65/><V26/><F58/><W67/><G54/><T41/><D68/><U122/><E122/><V9/><F19/><W45/><G45/><T116/><D101/><U18/><E86/><V30/><F30/><W1/><G84/><T70/><D70/><U90/><E8/><V28/><F28/><W66/><G71/><T27/><D37/><U79/><E79/><V118/><F104/><W106/><G69/><T15/><D41/><U76/><E76/><V108/><F108/><W22/><G106/><T62/><D73/><U25/><E2/><V64/><REACH who="2" step="1"/><F118/><REACH who="2" ten="367,334,201,88" step="2"/><W89/><G124/><T55/><D56/><U134/><E57/><V12/><F12/><W115/><G126/><T49/><D13/><U96/><E134/><V114/><F114/><W80/><G115/><T99/><D15/><U130/><E130/><V131/><F131/><W17/><G0/><T119/><D119/><U63/><E63/><V47/><F47/><AGARI ba="0,1" hai="18,21,25,38,39,40,43,44,47,48,51,90,93,96" machi="47" ten="40,2000,0" yaku="9,1" doraHai="60" who="1" fromWho="2" sc="367,0,334,30,201,-20,88,0" /><INIT seed="1,1,0,2,5,6" ten="367,364,181,88" oya="1" hai0="45,12,48,95,54,18,63,101,89,86,53,9,80" hai1="82,47,1,37,25,122,90,107,34,42,120,130,7" hai2="66,26,51,129,75,128,125,117,39,115,102,119,36" hai3="28,32,84,38,0,19,4,110,68,40,29,94,56"/><U88/><E130/><N who="2" m="50283" /><F75/><W135/><G68/><T65/><D54/><U2/><E107/><V55/><F102/><W33/><G56/><T70/><REACH who="0" step="1"/><D101/><REACH who="0" ten="357,364,181,88" step="2"/><U49/><E120/><V121/><F121/><W13/><G110/><T133/><D133/><U113/><E122/><V106/><F106/><W83/><G135/><T11/><D11/><U92/><E113/><V77/><F115/><W15/><G40/><T22/><D22/><U112/><E112/><V46/><F119/><W17/><G38/><T24/><D24/><U31/><E37/><V62/><F117/><W23/><G94/><AGARI ba="1,1" hai="9,12,18,45,48,53,63,65,70,80,86,89,94,95" machi="94" ten="40,8000,1" yaku="1,1,25,2,52,1,53,0" doraHai="6" doraHaiUra="114" who="0" fromWho="3" sc="357,93,364,0,181,0,88,-83" /><INIT seed="2,0,0,1,4,27" ten="450,364,181,5" oya="2" hai0="78,52,112,110,98,24,108,38,10,47,54,81,64" hai1="1,94,113,46,36,79,26,18,37,51,90,100,48" hai2="103,35,124,55,85,3,83,131,4,13,102,96,97" hai3="129,23,76,120,135,115,6,44,71,19,133,66,122"/><V89/><F131/><W75/><G129/><T56/><D112/><U69/><E113/><V82/><F124/><W107/><G107/><T16/><D98/><U17/><E1/><V88/><F3/><W42/><G115/><T14/><D24/><U8/><E69/><V15/><F35/><W134/><G6/><T72/><D64/><U99/><E79/><V87/><F4/><W117/><G117/><T63/><REACH who="0" step="1"/><D52/><AGARI ba="0,0" hai="13,15,52,55,82,83,85,87,88,89,96,97,102,103" machi="52" ten="25,12000,1" yaku="22,2,8,1,54,2" doraHai="27" who="2" fromWho="0" sc="450,-120,364,0,181,120,5,0" /><INIT seed="2,1,0,2,1,89" ten="330,364,301,5" oya="2" hai0="101,71,49,72,15,121,28,82,5,87,79,109,127" hai1="31,83,116,63,67,36,40,34,98,9,7,122,0" hai2="118,27,125,48,74,69,134,54,17,102,44,95,86" hai3="94,133,14,52,58,77,105,78,2,13,51,30,33"/><V23/><F134/><W92/><G2/><T59/><D71/><U75/><E116/><V88/><F118/><W50/><G105/><T115/><D115/><U90/><E122/><V29/><F74/><W56/><G33/><T131/><D121/><U112/><E90/><V129/><F129/><W64/><G133/><T11/><D131/><U117/><E98/><N who="2" m="59743" /><F125/><W124/><G30/><T39/><D39/><U61/><E61/><V70/><F70/><W38/><G38/><T135/><D127/><U32/><E112/><V37/><F69/><W8/><G124/><T22/><D135/><U97/><E97/><V68/><F68/><W81/><G81/><T128/><D128/><U20/><E117/><V45/><F37/><W84/><G84/><T130/><D130/><U12/><E67/><V1/><F1/><W35/><G35/><T55/><D109/><U18/><E63/><V110/><F110/><W100/><G100/><T106/><D101/><U19/><E36/><V111/><F111/><W132/><G132/><T66/><D66/><U3/><E40/><V104/><F104/><W96/><G96/><T43/><D43/><U60/><E60/><V42/><F42/><W21/><G64/><T16/><D106/><U119/><E119/><V99/><F99/><W65/><G65/><T114/><D114/><U108/><E108/><V26/><F44/><W6/><G51/><T123/><D123/><U41/><E41/><V47/><F45/><W62/><G62/><T107/><D107/><U46/><E46/><V76/><F47/><W85/><G85/><T93/><D87/><RYUUKYOKU ba="1,0" sc="330,0,364,0,301,0,5,0" /><INIT seed="3,2,0,5,0,18" ten="330,364,301,5" oya="3" hai0="63,30,97,112,14,73,129,90,48,52,24,22,67" hai1="45,126,28,1,56,53,58,4,0,80,38,21,60" hai2="118,2,128,81,119,122,64,134,69,133,49,44,132" hai3="117,46,115,131,86,47,6,99,13,37,130,78,25"/><W26/><G115/><T20/><D73/><U135/><E126/><V89/><F2/><W33/><G117/><N who="2" m="44553" /><F81/><N who="3" m="47415" /><G37/><T71/><D112/><U79/><E135/><N who="2" m="34563" /><V108/><DORA hai="36" /><F89/><W92/><G6/><T125/><D129/><N who="3" m="49161" /><G13/><T50/><D125/><U68/><E68/><V32/><F32/><W91/><G33/><T103/><D90/><U83/><E0/><V7/><F7/><W35/><G35/><N who="0" m="20935" /><D14/><U31/><E4/><V54/><F128/><W17/><G17/><T123/><D123/><U76/><E1/><V59/><F122/><W104/><G104/><N who="0" m="63599" /><D48/><N who="1" m="28815" /><E38/><V93/><F93/><W100/><G91/><T75/><D75/><U87/><E79/><V94/><F94/><W66/><G66/><T40/><D40/><U98/><E83/><V23/><F23/><W9/><G9/><T110/><D110/><U27/><E98/><V51/><F108/><W11/><G11/><T42/><D42/><U12/><E12/><V85/><F85/><W111/><G111/><T65/><D65/><N who="1" m="39047" /><E31/><V15/><F15/><W88/><G100/><T16/><D16/><U124/><E124/><V105/><F105/><W3/><G3/><T95/><D95/><U34/><E34/><V55/><F64/><W70/><G70/><AGARI ba="2,0" hai="44,49,51,54,55,59,69,70" m="34563,44553" machi="70" ten="50,6400,0" yaku="20,1,34,2" doraHai="18,36" who="2" fromWho="3" sc="330,0,364,0,301,70,5,-70" owari="330,-7.0,364,16.4,371,47.1,-65,-56.5" /></mjloggm>