<mjloggm ver="2.3"><GO type="225" lobby="0"/><UN n0="%E8%A8%88%E7%AE%97%E6%A9%9F%E8%87%AA%E7%84%B6" n1="%67%61%79%75%6E%79" n2="%E8%81%B7%E6%A5%AD%E3%80%81%E9%A2%A8%32" n3="%73%75%7A%75%6D%65%33" dan="17,16,16,17" rate="2247.72,2132.61,2133.28,2205.31" sx="M,M,M,M"/><TAIKYOKU oya="0"/><INIT seed="0,0,0,1,0,129" ten="250,250,250,250" oya="0" hai0="50,107,56,92,19,99,123,135,26,0,47,68,95" hai1="98,29,96,3,70,122,113,119,42,89,81,32,37" hai2="118,8,126,2,41,97,112,75,57,5,25,33,80" hai3="16,87,117,134,124,77,64,31,91,100,10,69,109"/><T39/><D123/><U125/><E29/><V74/><F112/><W65/><G117/><T20/><D68/><U55/><E89/><V15/><F126/><W115/><G115/><T120/><D120/><U103/><E81/><V46/><F118/><W101/><G124/><T76/><D0/><U67/><E55/><V34/><F57/><W18/><G109/><T132/><D76/><U121/><E42/><V38/><F97/><W73/><G31/><T7/><D7/><U116/><E67/><N who="3" m="25674" /><G73/><T48/><D107/><U36/><E125/><V59/><F59/><W58/><G77/><T62/><D39/><U130/><E113/><V133/><F25/><W131/><G69/><T82/><D82/><U104/><E70/><V27/><F27/><W85/><G131/><T11/><D11/><U66/><E66/><V44/><F75/><W43/><G43/><N who="0" m="24703" /><D50/><U63/><E130/><V52/><F80/><N who="3" m="49575" /><G10/><T105/><D105/><U93/><E104/><V1/><F74/><W51/><G87/><T108/><D108/><U54/><E32/><V13/><F33/><W88/><G51/><T94/><D99/><U21/><E3/><V90/><F34/><W72/><G72/><T83/><D83/><U79/><E79/><V106/><F38/><W60/><G60/><T24/><D24/><U28/><E119/><V61/><F2/><W6/><G6/><T23/><D23/><U12/><E116/><V4/><F4/><W45/><G101/><T114/><D114/><U102/><E122/><V53/><F1/><W35/><G100/><T9/><D9/><U17/><E121/><RYUUKYOKU ba="0,0" sc="250,30,250,-10,250,-10,250,-10" hai0="19,20,26,56,62,92,94,95,132,135" /><INIT seed="0,1,0,5,5,58" ten="280,240,240,240" oya="0" hai0="36,5,50,128,13,114,68,94,81,26,28,16,40" hai1="18,33,14,52,134,120,8,72,75,4,64,125,113" hai2="86,83,44,37,23,35,97,42,131,22,74,31,9" hai3="47,55,103,116,27,57,130,106,88,51,119,84,80"/><T78/><D114/><U10/><E120/><V53/><F131/><W93/><G130/><T15/><D128/><U104/><E33/><V132/><F132/><W89/><G106/><T62/><D36/><U66/><E134/><V111/><F111/><W115/><G115/><T108/><D108/><U29/><E104/><V77/><F35/><W43/><G103/><T99/><D5/><U90/><E113/><V102/><F31/><W122/><G27/><T24/><D50/><U0/><E125/><V109/><F109/><W124/><G124/><T63/><D40/><U48/><E29/><V38/><F38/><W105/><G105/><T21/><D24/><U46/><E75/><V112/><F112/><W19/><G19/><T54/><D54/><U100/><E72/><V129/><F129/><W59/><G59/><T87/><D68/><U133/><E100/><V11/><F74/><W82/><G122/><T6/><D6/><U79/><E79/><V135/><F53/><W65/><G65/><T92/><D13/><U3/><E133/><V25/><F135/><W39/><REACH who="3" step="1"/><G82/><REACH who="3" ten="280,240,240,230" step="2"/><T85/><D92/><U49/><E66/><V107/><F25/><W12/><G12/><T71/><D71/><U121/><E64/><V73/><F107/><W118/><G118/><T34/><D85/><AGARI ba="1,1" hai="39,43,47,51,55,57,80,84,85,88,89,93,116,119" machi="85" ten="30,7700,0" yaku="1,1,7,1,54,1,53,1" doraHai="58" doraHaiUra="69" who="3" fromWho="0" sc="280,-80,240,0,240,0,230,90" /><INIT seed="1,0,0,4,4,48" ten="200,240,240,320" oya="1" hai0="110,81,65,115,113,46,42,72,122,116,108,17,29" hai1="79,80,107,135,9,85,36,59,77,1,130,8,61" hai2="30,56,86,133,58,37,112,121,28,6,98,26,89" hai3="63,10,32,132,119,23,83,94,21,106,70,7,0"/><U16/><E36/><V120/><F133/><W50/><G106/><T109/><D29/><U84/><E135/><V97/><F37/><W33/><G132/><T3/><D17/><U4/><E107/><V54/><F112/><N who="0" m="43082" /><D3/><U52/><E130/><V11/><F58/><W34/><G119/><T103/><D103/><U87/><REACH who="1" step="1"/><E80/><REACH who="1" ten="200,230,240,320" step="2"/><V25/><F120/><W104/><G83/><T31/><D122/><U99/><E99/><V41/><F97/><W96/><G104/><T67/><D116/><U92/><E92/><V101/><F98/><W13/><G96/><T49/><D31/><U55/><E55/><V5/><F28/><W111/><G94/><T100/><D100/><U69/><E69/><V128/><F30/><W73/><G70/><T40/><D40/><U44/><E44/><V45/><F45/><W64/><G34/><T88/><D72/><U125/><E125/><V47/><F47/><W105/><G73/><T131/><D131/><U51/><E51/><V53/><F41/><W22/><G50/><T129/><D129/><U43/><E43/><V126/><F101/><W90/><G105/><T24/><D24/><U27/><E27/><V93/><F25/><W60/><G33/><T20/><D20/><U18/><E18/><V114/><F26/><W78/><G32/><T38/><D38/><U134/><E134/><V12/><F128/><W57/><G23/><T19/><D19/><U91/><E91/><V71/><F89/><W127/><G22/><T75/><D75/><U117/><E117/><V123/><F123/><W35/><G21/><T118/><D118/><RYUUKYOKU ba="0,1" sc="200,15,230,15,240,-15,320,-15" hai0="42,46,49,65,67,81,88,108,109,110" hai1="1,4,8,9,16,52,59,61,77,79,84,85,87" /><INIT seed="1,1,1,2,4,76" ten="215,245,225,305" oya="1" hai0="28,5,36,46,38,134,87,117,120,50,32,11,1" hai1="54,59,12,65,100,21,58,52,113,41,122,78,135" hai2="88,119,74,129,6,15,75,40,16,39,109,56,2" hai3="9,82,27,0,73,47,72,66,95,116,53,4,94"/><U104/><E122/><V124/><F119/><W105/><G105/><T121/><D117/><U84/><E113/><V130/><F109/><W85/><G116/><T22/><D32/><U20/><E135/><V128/><F124/><W127/><G127/><T70/><D70/><U68/><E41/><V81/><F2/><W44/><G66/><T35/><D35/><U31/><E100/><V86/><F6/><W114/><G114/><T132/><D132/><U69/><BYE who="0" /><E104/><UN n0="%E8%A8%88%E7%AE%97%E6%A9%9F%E8%87%AA%E7%84%B6" /><V19/><F39/><W110/><G110/><T26/><D134/><U111/><E111/><V108/><F108/><W42/><G27/><T97/><D97/><U98/><E98/><V131/><F40/><W14/><G0/><T23/><D23/><U8/><E31/><V103/><F129/><W24/><G24/><T90/><D120/><U93/><E65/><V30/><F30/><W118/><G118/><T92/><REACH who="0" step="1"/><D121/><REACH who="0" ten="205,245,225,305" step="2"/><U34/><E34/><V125/><F131/><W37/><G9/><T51/><D51/><N who="1" m="31007" /><E69/><V96/><F130/><W43/><G37/><T83/><D83/><N who="1" m="47223" /><E68/><V126/><F128/><W115/><G115/><T13/><D13/><U60/><E93/><V64/><F15/><W91/><G95/><T48/><D48/><U133/><E133/><V89/><F125/><W102/><G94/><T79/><D79/><U71/><E71/><V3/><F126/><W99/><G82/><T123/><D123/><U17/><AGARI ba="1,2" hai="8,12,17,20,21,54,59,60" m="47223,31007" machi="17" ten="30,6000,0" yaku="8,1,52,1,54,1" doraHai="76" who="1" fromWho="1" sc="205,-21,245,83,225,-21,305,-21" /><INIT seed="1,2,0,3,3,105" ten="184,328,204,284" oya="1" hai0="67,114,62,45,8,110,10,111,80,76,109,56,65" hai1="0,40,81,34,4,92,94,129,59,32,100,1,132" hai2="7,108,25,72,69,51,43,21,5,125,17,39,68" hai3="37,23,77,28,29,19,64,14,47,98,84,85,101"/><U130/><E40/><V46/><F108/><W73/><G64/><T122/><D114/><U38/><E38/><V89/><F72/><W99/><G99/><T82/><D122/><U48/><E4/><V60/><F125/><W42/><G73/><N who="0" m="43023" /><D45/><U27/><E132/><V116/><F116/><W16/><G19/><T88/><D65/><U41/><E81/><V95/><F60/><W126/><G126/><T15/><D15/><U33/><E27/><V31/><F39/><W11/><G77/><T6/><D6/><U53/><E41/><V102/><F102/><W18/><G29/><T120/><D120/><U71/><E71/><V124/><F124/><W55/><G55/><T128/><D128/><N who="1" m="49259" /><E100/><V112/><F112/><W52/><G52/><T133/><D133/><U75/><E75/><V91/><F7/><W61/><G28/><T74/><D74/><U57/><E57/><V3/><F5/><W66/><G18/><T103/><D103/><U83/><E83/><V50/><F68/><W104/><REACH who="3" step="1"/><G11/><REACH who="3" ten="184,328,204,274" step="2"/><T79/><D79/><U9/><E9/><V115/><F17/><W13/><G13/><T119/><D119/><U58/><E58/><AGARI ba="2,1" hai="14,16,23,37,42,47,58,61,66,84,85,98,101,104" machi="58" ten="30,3900,0" yaku="1,1,7,1,54,1,53,0" doraHai="105" doraHaiUra="20" who="3" fromWho="1" sc="184,0,328,-45,204,0,274,55" /><INIT seed="2,0,0,5,5,104" ten="184,283,204,329" oya="2" hai0="123,31,43,77,55,73,6,105,26,97,128,25,7" hai1="87,78,93,100,33,24,39,116,14,5,64,16,58" hai2="96,67,57,18,80,117,130,135,79,41,52,15,120" hai3="29,19,101,74,9,66,92,37,108,46,13,127,45"/><V90/><F120/><W83/><G108/><T95/><D123/><U60/><E116/><V84/><F117/><W53/><G127/><T75/><D105/><U76/><E39/><V115/><F115/><W114/><G114/><T42/><D55/><U89/><E100/><V21/><F135/><W36/><G66/><T35/><D128/><U118/><E118/><V124/><F124/><W20/><G101/><T59/><D59/><U38/><E38/><V63/><F130/><W70/><G70/><T49/><D25/><U85/><E5/><V72/><F96/><W8/><G92/><T51/><D49/><U106/><E106/><V27/><F41/><W111/><G111/><T47/><D42/><U2/><E2/><V122/><F122/><W110/><G110/><T133/><D133/><U30/><REACH who="1" step="1"/><E87/><REACH who="1" ten="184,273,204,329" step="2"/><V28/><F84/><W129/><G36/><T34/><D34/><U98/><E98/><V65/><REACH who="2" step="1"/><F90/><REACH who="2" ten="184,273,194,329" step="2"/><W107/><G129/><T10/><D77/><U22/><AGARI ba="0,2" hai="14,16,22,24,30,33,58,60,64,76,78,85,89,93" machi="22" ten="20,5200,0" yaku="1,1,0,1,7,1,54,1,53,0" doraHai="104" doraHaiUra="134" who="1" fromWho="1" sc="184,-13,273,72,194,-26,329,-13" /><INIT seed="3,0,0,4,4,92" ten="171,345,168,316" oya="3" hai0="119,63,67,125,101,127,97,89,95,88,39,48,105" hai1="135,55,54,114,23,83,129,17,6,133,60,86,10" hai2="7,130,38,42,126,1,47,51,107,100,0,59,57" hai3="8,102,15,121,98,41,36,46,109,29,116,120,26"/><W43/><G116/><T74/><D39/><U14/><E114/><V76/><F126/><N who="0" m="48138" /><D119/><U37/><E37/><V106/><F130/><W131/><G131/><T91/><D74/><U71/><E129/><V66/><F66/><W115/><G115/><T80/><D48/><U94/><E94/><V108/><F108/><W32/><G41/><T111/><D80/><U58/><E71/><V78/><F76/><W65/><G109/><T93/><D111/><U61/><E61/><V22/><F22/><W113/><G113/><T99/><D93/><U69/><E69/><AGARI ba="0,0" hai="63,67,69,88,89,91,95,97,99,101,105" m="48138" machi="69" ten="30,7700,0" yaku="18,1,52,2,54,1" doraHai="92" who="0" fromWho="1" sc="171,77,345,-77,168,0,316,0" owari="248,-15.2,268,6.8,168,-33.2,316,41.6" /></mjloggm>