<mjloggm ver="2.3"><GO type="225" lobby="0"/><UN n0="%E3%81%BF%E3%81%BF%E3%81%9A" n1="%6D%75%75%6D%75%72%61" n2="%73%6C%69%63%6B%33%31%39" n3="%E3%83%9D%E3%83%B3%E3%83%9D%E3%82%B3%E5%95%86%E4%BA%8B" dan="16,16,16,16" rate="2185.11,2084.05,2057.07,2160.26" sx="M,F,M,M"/><TAIKYOKU oya="0"/><INIT seed="0,0,0,4,1,84" ten="250,250,250,250" oya="0" hai0="23,30,60,70,86,61,101,26,88,114,115,118,77" hai1="122,12,92,34,8,40,74,13,32,125,124,119,66" hai2="1,46,108,65,117,85,76,36,87,28,96,128,6" hai3="100,53,2,71,38,37,116,27,95,63,52,4,62"/><T80/><D118/><U22/><E74/><V24/><F117/><W0/><G116/><T112/><D70/><U7/><E119/><V132/><F108/><W20/><G38/><T21/><D101/><U73/><E73/><V72/><F65/><W127/><G37/><T58/><D21/><U11/><E40/><N who="2" m="22791" /><F96/><W31/><G127/><N who="1" m="48714" /><E66/><V68/><F68/><W41/><G41/><T51/><REACH who="0" step="1"/><D77/><REACH who="0" ten="240,250,250,250" step="2"/><U78/><E78/><V64/><F76/><W133/><G71/><T120/><D120/><U135/><E122/><V113/><F28/><W106/><G31/><T17/><D17/><N who="1" m="8327" /><E22/><V5/><F5/><W16/><G20/><T35/><D35/><U44/><E32/><V19/><F6/><W14/><G4/><T99/><D99/><U107/><E34/><V18/><F18/><W130/><G16/><T81/><D81/><U89/><E7/><V67/><F19/><W104/><G100/><T49/><D49/><U29/><E29/><V97/><F24/><W121/><G27/><T98/><D98/><U50/><E50/><V105/><F97/><W103/><G103/><T69/><D69/><U45/><E107/><V15/><F105/><W111/><G104/><T10/><D10/><U91/><E11/><V123/><F123/><W134/><G106/><T102/><D102/><U126/><E126/><V79/><F79/><W54/><G121/><T90/><D90/><N who="1" m="34315" /><E13/><V9/><F15/><W57/><G14/><T56/><D56/><U129/><E129/><V131/><F131/><W110/><G130/><T47/><D47/><N who="1" m="17995" /><E135/><N who="3" m="51722" /><G57/><T93/><D93/><AGARI ba="0,1" hai="92,93" m="17995,34315,8327,48714" machi="93" ten="30,7700,0" yaku="18,1,52,3" doraHai="84" who="1" fromWho="0" sc="240,-77,250,87,250,0,250,0" /><INIT seed="1,0,0,4,2,130" ten="163,337,250,250" oya="1" hai0="27,99,87,48,62,44,74,126,24,38,102,110,23" hai1="132,111,78,25,7,91,6,66,1,22,97,135,58" hai2="96,61,63,100,83,120,57,109,31,76,121,50,106" hai3="20,33,4,107,60,59,77,0,75,35,43,10,29"/><U73/><E111/><V79/><F109/><W115/><G107/><T16/><D110/><U2/><E73/><V39/><F39/><W84/><G75/><T56/><D74/><U127/><E78/><V133/><F31/><W26/><G43/><T54/><D126/><U119/><E119/><V5/><F5/><N who="1" m="1545" /><E127/><V114/><F114/><W118/><G115/><T113/><D113/><U68/><E68/><V37/><F37/><W80/><REACH who="3" step="1"/><G118/><REACH who="3" ten="163,337,250,240" step="2"/><T125/><D125/><U70/><E2/><V128/><F106/><W116/><G116/><T131/><D131/><U65/><E1/><V36/><F128/><W93/><G93/><N who="0" m="58735" /><D38/><U9/><E135/><V95/><F133/><W134/><G134/><T52/><D87/><U105/><E132/><V41/><F41/><W69/><G69/><T40/><D40/><U90/><E70/><V92/><F36/><W3/><G3/><T122/><D122/><U94/><E105/><V13/><F121/><W18/><G18/><T47/><D44/><U46/><E46/><V15/><F120/><W89/><G89/><T72/><D72/><U88/><E91/><V8/><F95/><W101/><G101/><T55/><D54/><AGARI ba="0,1" hai="0,4,10,20,26,29,33,35,54,59,60,77,80,84" machi="54" ten="30,2000,0" yaku="1,1,7,1,53,0" doraHai="130" doraHaiUra="129" who="3" fromWho="0" sc="163,-20,337,0,250,0,240,30" /><INIT seed="2,0,0,4,4,108" ten="143,337,250,270" oya="2" hai0="121,120,112,79,70,68,132,103,27,81,101,9,115" hai1="57,43,31,122,85,105,38,6,117,129,65,4,128" hai2="23,80,130,67,72,10,75,55,56,100,0,3,11" hai3="97,87,42,77,32,33,83,84,1,19,44,18,131"/><V15/><F130/><N who="1" m="50281" /><E117/><V16/><F67/><W71/><G131/><T21/><D9/><U134/><E122/><N who="0" m="47209" /><D21/><U62/><E134/><V76/><F75/><W114/><G71/><N who="0" m="27179" /><D27/><U98/><E31/><V102/><F10/><W46/><G1/><T93/><D93/><U78/><E43/><V30/><F0/><W60/><G97/><T50/><D50/><U82/><E38/><V8/><F8/><W89/><G77/><T45/><D45/><U96/><E96/><V52/><F55/><W110/><G42/><T99/><D132/><U29/><E29/><V20/><F20/><W48/><G48/><T90/><D90/><U126/><E126/><V61/><REACH who="2" step="1"/><F30/><REACH who="2" ten="143,337,240,270" step="2"/><W25/><G33/><T37/><D37/><U91/><E65/><V54/><F54/><W69/><G32/><T111/><D111/><U22/><E22/><V35/><F35/><W39/><G110/><T135/><D135/><U95/><E4/><AGARI ba="0,1" hai="3,4,11,15,16,23,52,56,61,72,76,80,100,102" machi="4" ten="40,12000,1" yaku="1,1,54,2,53,1" doraHai="108" doraHaiUra="12" who="2" fromWho="1" sc="143,0,337,-120,240,130,270,0" /><INIT seed="2,1,0,0,5,90" ten="143,217,370,270" oya="2" hai0="100,113,112,98,19,47,9,31,99,24,41,123,92" hai1="95,130,28,64,56,33,93,49,2,10,122,36,96" hai2="127,75,30,132,85,94,7,128,67,107,88,61,126" hai3="63,21,74,60,18,66,62,5,77,40,117,34,55"/><V17/><F107/><W37/><G117/><T3/><D123/><U106/><E36/><V29/><F75/><W23/><G34/><T110/><D110/><U51/><E106/><V91/><F132/><W121/><G121/><T20/><D3/><U0/><E122/><V131/><F7/><W111/><G5/><T125/><D125/><N who="2" m="47626" /><F17/><W84/><G74/><T109/><D109/><U58/><E130/><N who="2" m="49707" /><F91/><W12/><G18/><T59/><D9/><U6/><E96/><V103/><F103/><W8/><G84/><T129/><D129/><U52/><E2/><V68/><AGARI ba="1,0" hai="29,30,61,67,68,85,88,94" m="49707,47626" machi="68" ten="30,11700,0" yaku="18,1,19,1,52,1,54,1" doraHai="90" who="2" fromWho="2" sc="143,-40,217,-40,370,120,270,-40" /><INIT seed="2,2,0,5,1,62" ten="103,177,490,230" oya="2" hai0="111,86,75,68,103,73,71,46,42,106,134,23,74" hai1="55,49,127,102,129,38,9,82,63,8,29,119,97" hai2="113,110,50,115,14,45,31,118,67,43,135,19,94" hai3="21,88,79,53,89,98,83,91,2,40,20,128,85"/><V121/><F118/><W41/><G2/><T56/><D86/><U80/><E119/><V7/><F121/><W126/><G126/><T105/><D56/><U64/><E127/><V17/><F135/><W101/><G128/><T109/><D23/><N who="3" m="8777" /><G53/><T32/><D103/><U57/><E38/><V0/><F31/><W51/><G51/><T33/><D46/><U77/><E29/><V5/><F0/><W10/><G10/><T22/><D22/><U70/><E129/><V28/><F28/><W44/><G44/><T13/><D13/><U6/><E6/><V65/><F110/><N who="0" m="41994" /><D42/><N who="3" m="16489" /><G101/><T100/><D100/><U4/><E4/><N who="2" m="1611" /><F115/><W120/><G120/><T3/><D134/><U39/><E39/><V72/><F72/><N who="0" m="18434" /><T11/><DORA hai="59" /><D11/><U84/><REACH who="1" step="1"/><E80/><REACH who="1" ten="103,167,490,230" step="2"/><V61/><F113/><W90/><G83/><T37/><D37/><U30/><E30/><V131/><F131/><W54/><G98/><T87/><D3/><U78/><E78/><V117/><F117/><W76/><G79/><T130/><D130/><U116/><E116/><V69/><F19/><W122/><G76/><T25/><D87/><U15/><E15/><V35/><F17/><W108/><G108/><T26/><D25/><U48/><E48/><V16/><F50/><W107/><G85/><T18/><D18/><U99/><E99/><V52/><F16/><W24/><G24/><T92/><D26/><U132/><E132/><V60/><F14/><W34/><G122/><T114/><D114/><U125/><E125/><V58/><F43/><W1/><N who="3" m="22528" /><DORA hai="123" /><W104/><G1/><T96/><D96/><RYUUKYOKU ba="2,1" sc="103,-10,167,30,490,-10,230,-10" hai1="8,9,49,55,57,63,64,70,77,82,84,97,102" /><INIT seed="3,3,1,5,0,4" ten="93,197,480,220" oya="3" hai0="42,82,84,93,128,36,58,17,135,18,66,69,110" hai1="77,111,15,70,21,47,116,72,97,49,100,114,76" hai2="123,40,132,62,53,124,122,61,3,92,28,52,121" hai3="95,5,134,35,7,71,105,45,8,120,9,68,59"/><W126/><G105/><T98/><D110/><U117/><E114/><V127/><F132/><W73/><G120/><T96/><D135/><U22/><E111/><V106/><F106/><W31/><G134/><T29/><D69/><U13/><E70/><V2/><F40/><W107/><G107/><T30/><D128/><U94/><E22/><V23/><F92/><W1/><G73/><T10/><D36/><U12/><E21/><V125/><F23/><W0/><G126/><T112/><D112/><U43/><E72/><V50/><F28/><W130/><G130/><T16/><D42/><U37/><E37/><V90/><F90/><W27/><G45/><T64/><D58/><U78/><AGARI ba="3,1" hai="12,13,15,43,47,49,76,77,78,94,97,100,116,117" machi="78" ten="40,1500,0" yaku="0,1" doraHai="4" who="1" fromWho="1" sc="93,-7,197,34,480,-7,220,-10" owari="86,-41.4,231,3.1,473,57.3,210,-19.0" /></mjloggm>