<mjloggm ver="2.3"><GO type="225" lobby="0"/><UN n0="%E4%BA%BA%E9%96%93%E3%83%81%E3%83%A3%E3%83%BC%E3%83%8F%E3%83%B3" n1="%E5%8D%A0%E3%81%84%E5%B8%AB%E8%A3%8F%E3%81%AA%E3%81%84%E3%81%97" n2="%E3%81%AA%E3%82%81%E3%81%93%E9%9B%80%E5%A3%AB" n3="%E5%B8%86%E7%AB%8B%E5%A4%8F%E8%A1%A3" dan="16,17,16,16" rate="2120.82,2178.84,2026.96,2167.58" sx="M,M,M,M"/><TAIKYOKU oya="0"/><INIT seed="0,0,0,3,4,17" ten="250,250,250,250" oya="0" hai0="117,105,43,20,98,13,91,50,23,70,64,34,128" hai1="12,90,60,52,71,41,115,109,75,123,121,61,118" hai2="95,68,45,51,131,79,54,88,38,92,48,40,59" hai3="29,44,9,33,85,36,5,96,124,74,76,56,55"/><T94/><D117/><U63/><E118/><V116/><F131/><W18/><G124/><T31/><D128/><U14/><E75/><V58/><F68/><W82/><G96/><T130/><D130/><U42/><E71/><V126/><F126/><W19/><G29/><T37/><D37/><U39/><E39/><V106/><F106/><W103/><G103/><T27/><D13/><U113/><E90/><V110/><F110/><W73/><G33/><T102/><D43/><N who="1" m="16395" /><E52/><V104/><F104/><W97/><G97/><N who="0" m="57567" /><D50/><U83/><E83/><V30/><F79/><W8/><G44/><T84/><D84/><U108/><E12/><V77/><F77/><W93/><G36/><T99/><D99/><U22/><E22/><V47/><F116/><W101/><G101/><T2/><D2/><U15/><E15/><V89/><F38/><W135/><G73/><T26/><D27/><U65/><E14/><V78/><F78/><W25/><G74/><T132/><D132/><U119/><E65/><V24/><F95/><W57/><G93/><T133/><D133/><U69/><E69/><V122/><F122/><N who="1" m="46601" /><E119/><V16/><F89/><W127/><G127/><T62/><AGARI ba="0,0" hai="20,23,26,31,34,62,64,70,98,102,105" m="57567" machi="62" ten="30,6000,0" yaku="25,1,52,2" doraHai="17" who="0" fromWho="0" sc="250,60,250,-20,250,-20,250,-20" /><INIT seed="0,1,0,0,1,116" ten="310,230,230,230" oya="0" hai0="56,3,19,115,132,49,41,6,94,85,37,67,1" hai1="20,24,54,117,75,5,23,78,109,39,35,62,105" hai2="83,133,97,38,17,22,68,46,120,13,27,33,89" hai3="127,99,119,26,4,40,96,71,106,104,126,118,55"/><T47/><D115/><U129/><E117/><N who="3" m="44554" /><G71/><T31/><D132/><U110/><E39/><V30/><F133/><W114/><G40/><T66/><D31/><N who="1" m="19943" /><E105/><N who="3" m="40554" /><G4/><T58/><D19/><U111/><E129/><V93/><F68/><W2/><G2/><T29/><D29/><U101/><E101/><V113/><F113/><W100/><G26/><T7/><D94/><U90/><E90/><V130/><F130/><W44/><G44/><T63/><D85/><U123/><E5/><N who="0" m="1545" /><D37/><U76/><E123/><V36/><F120/><W16/><G55/><T79/><D79/><N who="1" m="30251" /><E75/><V135/><F135/><W53/><G53/><T48/><D48/><U112/><E112/><V9/><F9/><W59/><G114/><T64/><D3/><U91/><E91/><V45/><F38/><W10/><G59/><AGARI ba="1,0" hai="20,23,54,59,62,109,110,111" m="30251,19943" machi="59" ten="40,1300,0" yaku="14,1" doraHai="116" who="1" fromWho="3" sc="310,0,230,16,230,0,230,-16" /><INIT seed="1,0,0,1,2,2" ten="310,246,230,214" oya="1" hai0="99,129,11,121,97,23,50,117,24,85,98,64,1" hai1="115,7,95,87,46,112,10,88,102,71,3,118,57" hai2="29,19,20,55,31,44,18,45,73,111,25,89,100" hai3="13,34,5,113,63,130,48,37,26,116,16,124,69"/><U125/><E71/><V106/><F73/><W104/><G37/><T93/><D117/><U114/><E118/><V122/><F122/><W42/><G116/><T105/><D121/><U17/><E125/><V92/><F111/><W108/><G113/><T8/><D105/><U101/><E57/><V60/><F100/><W49/><G124/><T0/><D129/><U103/><E17/><N who="2" m="6155" /><F106/><W135/><G135/><T131/><D1/><U9/><REACH who="1" step="1"/><E10/><REACH who="1" ten="310,236,230,214" step="2"/><V12/><F31/><W15/><G69/><T22/><D11/><U82/><E82/><V83/><F83/><W33/><G16/><T65/><D8/><U70/><E70/><V86/><F12/><W58/><G15/><T27/><D0/><U36/><E36/><V107/><F107/><W119/><G13/><T21/><D131/><U52/><E52/><V59/><AGARI ba="0,1" hai="20,25,29,44,45,55,59,60,86,89,92" m="6155" machi="59" ten="30,1100,0" yaku="8,1" doraHai="2" who="2" fromWho="2" sc="310,-3,236,-5,230,21,214,-3" /><INIT seed="2,0,0,2,2,27" ten="307,231,251,211" oya="2" hai0="17,57,48,52,12,29,63,25,47,11,45,132,41" hai1="50,74,77,92,22,120,72,49,91,1,106,2,109" hai2="34,32,130,23,73,54,98,0,7,119,96,108,134" hai3="123,60,126,99,84,75,128,131,97,110,107,102,118"/><V113/><F113/><W9/><G9/><T104/><D132/><U125/><E109/><V62/><F119/><W94/><G60/><T56/><D104/><U116/><E106/><V24/><F73/><W53/><G53/><T35/><REACH who="0" step="1"/><D63/><REACH who="0" ten="297,231,251,211" step="2"/><U20/><E116/><V4/><F134/><W129/><G118/><T105/><D105/><U124/><E120/><V21/><F62/><W51/><G123/><T16/><D16/><U19/><E19/><V69/><F108/><W78/><G110/><T10/><D10/><U38/><E38/><AGARI ba="0,1" hai="11,12,17,25,29,35,38,41,45,47,48,52,56,57" machi="38" ten="30,7700,0" yaku="1,1,7,1,52,1,54,1,53,0" doraHai="27" doraHaiUra="88" who="0" fromWho="1" sc="297,87,231,-77,251,0,211,0" /><INIT seed="3,0,0,4,0,34" ten="384,154,251,211" oya="3" hai0="23,35,119,105,66,127,39,20,81,100,125,58,1" hai1="76,45,121,122,94,13,128,3,38,0,19,29,135" hai2="89,26,28,90,106,68,30,70,116,56,123,42,120" hai3="80,124,131,118,88,22,9,53,51,95,7,114,15"/><W85/><G118/><T41/><D119/><U59/><E76/><V17/><F106/><W102/><G114/><T44/><D1/><U18/><E38/><V25/><F42/><W14/><G124/><N who="0" m="47691" /><D35/><U5/><E45/><V71/><F116/><W12/><G131/><T32/><D32/><U117/><E94/><V103/><F103/><W21/><G102/><T93/><D105/><U61/><E117/><V16/><F70/><W62/><G62/><N who="0" m="38231" /><D81/><U111/><E111/><V4/><F4/><W129/><G129/><T36/><D36/><U31/><E128/><V101/><F101/><W55/><G80/><T75/><D75/><U107/><E107/><V60/><F56/><W78/><G78/><T91/><D100/><U63/><E59/><V73/><F60/><W54/><REACH who="3" step="1"/><G51/><REACH who="3" ten="384,154,251,201" step="2"/><T82/><D82/><U83/><E83/><V92/><F92/><W50/><G50/><T130/><D130/><U47/><E47/><V99/><F73/><W77/><G77/><T72/><D72/><U69/><E69/><V57/><F71/><W43/><G43/><T110/><D110/><U97/><E135/><V67/><F68/><W27/><G27/><T133/><D133/><U48/><E48/><V113/><F26/><W109/><G109/><T126/><D126/><U64/><E64/><V79/><F25/><W96/><G96/><AGARI ba="0,1" hai="20,23,39,41,44,91,93,96" m="38231,47691" machi="96" ten="30,1000,0" yaku="18,1" doraHai="34" who="0" fromWho="3" sc="384,20,154,0,251,0,201,-10" owari="404,50.4,154,-34.6,251,5.1,191,-20.9" /></mjloggm>