<mjloggm ver="2.3"><GO type="225" lobby="0"/><UN n0="%33%74%72%65%65" n1="%74%61%6B%75%61%6B%61" n2="%E3%81%8C%E3%81%9F" n3="%E2%98%86%E5%AD%AB%E7%87%95%E5%A7%BF%E2%98%86" dan="17,17,16,17" rate="2243.14,2219.21,2143.92,2233.23" sx="F,M,F,M"/><TAIKYOKU oya="0"/><INIT seed="0,0,0,4,2,77" ten="250,250,250,250" oya="0" hai0="49,114,113,62,126,42,61,96,76,65,58,84,106" hai1="125,56,127,80,0,7,86,45,123,37,119,23,48" hai2="129,59,46,75,57,109,98,43,68,38,11,107,50" hai3="66,89,39,25,33,83,34,55,124,111,9,40,22"/><T27/><D126/><N who="1" m="48139" /><E123/><V32/><F75/><W51/><G124/><T81/><D27/><U110/><E119/><V10/><F32/><W73/><G111/><T63/><D65/><U13/><E110/><V44/><F109/><W28/><G39/><T87/><D87/><U121/><E121/><V20/><F68/><W54/><G40/><T117/><D117/><U67/><E0/><V74/><F74/><W60/><G9/><T29/><D29/><U104/><E104/><V30/><F129/><W99/><G99/><T134/><D134/><U130/><E130/><V47/><F11/><W90/><G73/><T82/><D82/><U31/><E37/><V19/><F10/><W15/><G15/><T70/><D70/><U26/><E56/><V71/><F71/><W2/><G2/><T53/><REACH who="0" step="1"/><D42/><REACH who="0" ten="240,250,250,250" step="2"/><N who="1" m="24631" /><E67/><V122/><F30/><W131/><G131/><T85/><D85/><U41/><E41/><V21/><F43/><W108/><G108/><T88/><D88/><N who="1" m="51271" /><E13/><V128/><F38/><W69/><G83/><T36/><D36/><U118/><E118/><V5/><F128/><W16/><G90/><T35/><D35/><U3/><E3/><V101/><F122/><W116/><G89/><T12/><D12/><U24/><E24/><V94/><F101/><AGARI ba="0,1" hai="49,53,58,61,62,63,76,81,84,96,101,106,113,114" machi="101" ten="40,7700,0" yaku="1,1,52,1,53,1" doraHai="77" doraHaiUra="52" who="0" fromWho="2" sc="240,87,250,0,250,-77,250,0" /><INIT seed="0,1,0,1,3,54" ten="327,250,173,250" oya="0" hai0="30,103,48,69,13,58,64,16,97,45,96,62,51" hai1="108,21,76,72,68,86,56,0,85,105,33,71,135" hai2="38,89,80,11,95,24,114,130,29,7,81,91,35" hai3="23,122,117,116,82,46,10,124,106,47,42,19,40"/><T59/><D30/><U18/><E33/><V28/><F114/><W87/><G106/><T15/><D15/><U133/><E105/><V44/><F130/><W65/><G124/><T41/><D51/><U73/><E0/><V17/><F17/><W77/><G122/><T107/><REACH who="0" step="1"/><D97/><REACH who="0" ten="317,250,173,250" step="2"/><U2/><E2/><V119/><F28/><W118/><G117/><T83/><D83/><U104/><E133/><V53/><F119/><W3/><G118/><T115/><D115/><U102/><E135/><V14/><F81/><W112/><G112/><T125/><D125/><U4/><E4/><V74/><F80/><W78/><G116/><T37/><D37/><U94/><E72/><V9/><F74/><W5/><G78/><T8/><AGARI ba="1,1" hai="8,13,16,41,45,48,58,59,62,64,69,96,103,107" machi="8" ten="20,18000,2" yaku="1,1,0,1,7,1,52,2,54,1,53,0" doraHai="54" doraHaiUra="110" who="0" fromWho="0" sc="317,193,250,-61,173,-61,250,-61" /><INIT seed="0,2,0,3,3,116" ten="510,189,112,189" oya="0" hai0="3,51,42,123,52,77,44,57,71,10,31,102,32" hai1="61,100,46,63,135,105,30,104,98,122,40,69,68" hai2="23,78,59,132,131,107,4,120,26,96,112,38,128" hai3="101,103,27,28,82,35,65,124,43,106,81,2,25"/><T70/><D123/><U74/><E74/><V92/><F112/><W24/><G2/><T114/><D114/><U90/><E135/><V6/><F38/><W89/><G35/><T87/><D102/><N who="3" m="38921" /><G106/><T88/><D77/><U12/><E105/><V45/><F107/><W17/><G28/><T9/><D32/><U91/><E122/><V18/><F132/><W111/><G111/><T86/><D86/><U5/><E30/><V15/><F78/><W93/><G65/><T13/><D31/><U119/><E119/><V39/><F120/><W1/><G1/><T125/><D3/><U16/><E5/><V73/><F73/><W50/><G17/><T83/><D125/><U126/><E126/><V133/><F133/><W85/><G124/><T53/><D53/><U14/><E14/><V48/><F39/><W130/><G130/><T72/><D72/><U97/><E68/><V75/><F75/><W11/><G11/><T55/><D55/><U108/><E108/><V110/><F110/><W60/><G60/><T80/><D80/><U37/><E97/><V127/><F127/><W121/><G121/><T29/><D29/><U33/><E33/><V47/><F128/><W66/><G66/><T117/><D117/><U19/><E19/><V36/><F131/><W99/><G99/><T22/><D22/><N who="1" m="11527" /><E69/><V20/><F36/><W21/><G21/><T115/><D115/><U62/><E104/><V84/><F23/><W34/><G34/><T54/><D42/><U129/><E129/><V109/><F109/><W56/><G43/><T134/><D134/><U94/><AGARI ba="2,0" hai="37,40,46,61,62,63,90,91,94,98,100" m="11527" machi="94" ten="30,2000,0" yaku="5,1,54,1" doraHai="116" who="1" fromWho="1" sc="510,-12,189,26,112,-7,189,-7" /><INIT seed="1,0,0,4,4,50" ten="498,215,105,182" oya="1" hai0="94,111,104,91,12,21,15,120,52,95,69,63,86" hai1="20,42,119,79,74,46,123,105,66,116,28,5,9" hai2="23,57,109,106,0,92,36,7,60,26,24,45,117" hai3="41,71,85,102,39,59,55,99,64,25,118,93,13"/><U18/><E105/><V40/><F117/><W8/><G118/><T17/><D104/><U3/><E66/><V75/><F106/><W62/><G25/><T114/><D114/><U10/><E28/><V83/><F109/><W124/><G124/><T108/><D120/><U103/><E103/><V97/><F7/><W35/><G35/><T72/><D72/><U76/><E9/><V27/><F0/><W134/><G134/><T110/><D69/><U37/><E79/><V135/><F135/><W121/><G121/><T126/><D126/><U54/><E123/><V32/><F32/><W84/><G41/><T80/><D15/><U100/><E100/><V98/><F92/><W43/><G43/><T112/><D112/><U47/><E47/><V96/><F83/><W133/><G39/><T68/><D68/><U78/><E78/><V70/><F75/><W29/><G29/><T2/><D2/><U11/><E11/><V128/><F70/><W38/><G38/><T4/><D4/><U113/><E113/><V67/><REACH who="2" step="1"/><F128/><REACH who="2" ten="498,215,95,182" step="2"/><W90/><G133/><T16/><D110/><U65/><E116/><V1/><F1/><W130/><G130/><T107/><D107/><U125/><E119/><V22/><AGARI ba="0,1" hai="22,23,24,26,27,36,40,45,57,60,67,96,97,98" machi="22" ten="40,2700,0" yaku="1,1,0,1,53,0" doraHai="50" doraHaiUra="49" who="2" fromWho="2" sc="498,-7,215,-13,95,37,182,-7" /><INIT seed="2,0,0,4,3,8" ten="491,202,132,175" oya="2" hai0="109,121,15,114,48,133,53,13,46,21,17,85,115" hai1="63,5,118,6,27,130,62,67,41,94,52,38,45" hai2="92,33,70,123,11,10,93,23,24,98,58,65,116" hai3="128,66,69,105,119,43,79,34,3,18,42,57,108"/><V72/><F116/><W106/><G119/><T4/><D121/><U83/><E118/><V25/><F123/><W1/><G34/><T60/><D109/><U56/><E130/><V110/><F72/><W107/><G69/><T73/><D73/><U19/><E83/><V44/><F70/><W82/><G108/><T32/><D32/><U80/><E80/><V39/><F33/><W2/><G128/><T78/><D133/><U68/><E94/><V35/><F35/><W59/><G18/><T87/><D78/><U122/><E122/><V96/><F110/><W28/><G28/><T84/><D60/><U49/><E62/><N who="2" m="38103" /><F44/><W120/><G120/><T31/><D31/><U103/><E103/><N who="2" m="60807" /><F39/><W77/><G66/><T12/><REACH who="0" step="1"/><D4/><REACH who="0" ten="481,202,132,175" step="2"/><U16/><E19/><N who="2" m="12415" /><F25/><AGARI ba="0,1" hai="12,13,15,17,21,25,46,48,53,84,85,87,114,115" machi="25" ten="40,8000,1" yaku="1,1,52,3,53,0" doraHai="8" doraHaiUra="113" who="0" fromWho="2" sc="481,90,202,0,132,-80,175,0" /><INIT seed="3,0,0,2,2,43" ten="571,202,52,175" oya="3" hai0="133,46,31,76,135,73,89,47,120,9,83,130,86" hai1="105,27,124,61,11,18,26,127,3,65,106,33,116" hai2="118,7,69,102,107,60,14,123,74,72,28,81,8" hai3="70,77,68,22,93,34,42,40,129,109,21,23,75"/><W63/><G34/><T49/><D120/><U45/><E45/><N who="0" m="16905" /><D31/><N who="1" m="19703" /><E27/><V20/><F123/><W90/><G129/><T12/><D49/><U99/><E18/><V35/><F118/><W62/><G109/><T55/><D55/><U79/><E79/><V134/><F20/><W36/><G36/><T98/><D98/><U100/><E106/><V38/><F134/><N who="0" m="51210" /><D130/><U85/><E116/><V91/><F91/><W58/><G77/><T0/><D0/><U94/><E3/><V66/><F38/><W121/><G75/><T119/><D119/><U56/><E99/><V111/><F111/><W122/><G90/><T54/><D54/><U1/><E1/><V4/><F4/><W15/><G23/><T17/><D89/><U67/><E67/><V112/><F112/><W25/><G25/><T92/><D92/><U59/><E94/><V64/><F64/><W115/><G93/><T57/><D57/><U32/><E56/><V104/><F81/><W103/><G58/><T125/><D125/><U2/><E59/><V50/><F50/><W41/><G41/><T5/><D5/><U84/><E65/><V114/><F114/><W82/><G82/><T39/><D39/><U6/><E124/><V97/><F104/><W71/><G71/><T95/><D95/><U132/><E127/><V48/><F48/><W24/><G24/><AGARI ba="0,0" hai="7,8,14,24,28,35,60,66,69,72,74,97,102,107" machi="24" ten="40,2600,0" yaku="25,2" doraHai="43" who="2" fromWho="3" sc="571,0,202,0,52,26,175,-26" owari="571,67.1,202,0.2,78,-42.2,149,-25.1" /></mjloggm>