<mjloggm ver="2.3"><GO type="225" lobby="0"/><UN n0="%E6%A1%9C%E8%8A%B1%E9%96%83%E3%80%85" n1="%E3%81%B2%E3%81%AA%E3%81%AE%E3%82%8A%E3%81%8F" n2="%33%74%72%65%65" n3="%38%63%E3%81%AF%E3%81%A3%E3%81%97%E3%83%BC" dan="17,17,16,16" rate="2122.34,2197.37,2151.71,2088.95" sx="M,M,F,M"/><TAIKYOKU oya="0"/><INIT seed="0,0,0,5,0,60" ten="250,250,250,250" oya="0" hai0="54,89,57,50,70,31,34,129,73,113,49,35,21" hai1="24,132,120,17,78,135,100,81,67,79,69,48,90" hai2="122,11,114,32,98,22,125,133,64,84,77,27,56" hai3="110,14,131,30,45,61,13,25,117,44,10,53,71"/><T87/><D113/><U43/><E120/><V88/><F114/><W7/><G117/><T15/><D73/><U128/><E100/><V66/><F122/><W40/><G110/><T41/><D129/><U74/><E79/><V111/><F32/><W36/><G131/><T101/><D70/><U8/><E128/><V29/><F111/><W68/><G13/><T107/><D107/><U92/><E43/><V23/><F133/><W18/><G7/><T20/><D101/><U6/><E48/><V33/><F125/><W121/><G121/><T118/><D31/><U126/><E126/><V103/><F77/><W127/><G127/><T4/><D35/><U104/><E104/><V130/><F130/><W39/><G61/><T91/><D91/><U65/><E17/><V3/><F56/><W28/><G28/><T95/><D34/><U47/><E47/><V115/><F115/><W93/><G93/><T124/><D118/><U86/><E24/><V51/><F51/><W58/><G44/><N who="0" m="25743" /><D124/><U99/><E74/><V42/><F42/><W72/><G39/><T55/><D55/><U108/><E69/><V109/><F109/><W112/><G72/><T5/><D5/><U123/><E123/><V59/><F33/><W97/><G112/><T52/><D54/><U46/><E46/><V26/><F3/><W19/><G71/><T105/><D105/><U0/><REACH who="1" step="1"/><E108/><REACH who="1" ten="250,240,250,250" step="2"/><V102/><F102/><W94/><G68/><T116/><D116/><U119/><E119/><V134/><F103/><W80/><G40/><T62/><D50/><U85/><E85/><V96/><F84/><RYUUKYOKU ba="0,1" sc="250,15,240,15,250,-15,250,-15" hai0="4,15,20,21,52,57,62,87,89,95" hai1="0,6,8,65,67,78,81,86,90,92,99,132,135" /><INIT seed="0,1,1,2,3,7" ten="265,255,235,235" oya="0" hai0="11,62,121,38,119,2,86,79,54,14,3,51,25" hai1="37,91,99,0,115,60,97,89,106,95,59,71,80" hai2="4,67,29,20,98,13,110,45,134,5,10,72,129" hai3="70,52,120,96,33,32,116,103,128,108,15,63,19"/><T49/><D119/><U65/><E37/><V109/><F72/><W43/><G116/><T12/><D121/><U23/><E115/><V125/><F67/><W131/><G120/><T9/><D38/><U41/><E41/><V101/><F125/><W46/><G108/><N who="2" m="41577" /><F129/><W123/><G123/><T105/><D105/><U88/><E0/><V61/><F61/><W76/><G76/><T132/><D132/><U104/><E71/><V16/><F45/><W112/><G112/><T74/><D25/><U53/><E65/><V21/><F134/><W87/><G87/><T82/><D74/><U35/><E35/><V126/><F126/><W44/><G44/><T83/><D86/><U114/><E80/><V26/><F20/><W6/><G70/><T17/><D62/><U69/><E69/><V36/><F36/><W100/><G63/><T47/><D51/><U81/><E81/><N who="0" m="30729" /><D2/><U68/><E68/><V56/><F56/><W85/><G85/><T27/><D3/><U42/><E42/><V8/><F8/><N who="0" m="3146" /><D79/><U22/><E106/><AGARI ba="1,1" hai="4,5,10,13,16,21,26,29,98,101,106" m="41577" machi="106" ten="30,3900,0" yaku="14,1,52,1,54,1" doraHai="7" who="2" fromWho="1" sc="265,0,255,-42,235,52,235,0" /><INIT seed="1,0,0,3,4,12" ten="265,213,287,235" oya="1" hai0="79,30,18,133,68,46,124,73,62,89,36,113,117" hai1="54,130,104,11,120,77,47,10,71,35,134,53,82" hai2="72,34,26,28,121,92,125,0,38,90,93,88,97" hai3="61,85,27,86,103,56,110,24,70,112,44,69,40"/><U45/><E120/><V60/><F121/><W33/><G112/><T48/><D117/><U75/><E104/><V114/><F114/><W100/><G110/><T16/><D124/><U9/><E130/><V108/><F108/><W51/><G70/><T59/><D133/><U132/><E71/><V99/><F125/><W87/><G69/><T119/><D119/><U80/><E35/><V23/><F0/><W74/><G74/><T58/><D89/><U63/><E63/><V118/><F118/><W126/><G126/><T131/><D59/><U78/><REACH who="1" step="1"/><E11/><REACH who="1" ten="265,203,287,235" step="2"/><V20/><F60/><W116/><G116/><T106/><D62/><U49/><E49/><V25/><F38/><W95/><G33/><T50/><D48/><U115/><E115/><V37/><F37/><W109/><G109/><T57/><D50/><U15/><E15/><V41/><F34/><W76/><G61/><T94/><D106/><U4/><E4/><V84/><F25/><W65/><G56/><T111/><D58/><U123/><E123/><V6/><F6/><W102/><G65/><T83/><D57/><U17/><E17/><N who="0" m="6761" /><D68/><U81/><E81/><V55/><F26/><W52/><G24/><T122/><D122/><U1/><E1/><V128/><F128/><W14/><G27/><T127/><D127/><U105/><E105/><V91/><F28/><W135/><G52/><T13/><D131/><U101/><E101/><V129/><F129/><W96/><G102/><T107/><D107/><U67/><E67/><V3/><F3/><W19/><G103/><T42/><D113/><U29/><E29/><RYUUKYOKU ba="0,1" sc="265,-10,203,30,287,-10,235,-10" hai1="9,10,45,47,53,54,75,77,78,80,82,132,134" /><INIT seed="1,1,1,5,5,127" ten="255,233,277,225" oya="1" hai0="64,97,7,9,32,86,135,93,39,18,5,134,22" hai1="47,40,99,130,131,60,31,36,51,19,128,57,124" hai2="49,111,6,63,76,56,14,2,66,59,104,110,75" hai3="74,96,21,109,28,83,52,12,25,125,112,117,13"/><U68/><E124/><V106/><F2/><W8/><G125/><T115/><D39/><U101/><E68/><V132/><F132/><N who="0" m="50730" /><D115/><U34/><E19/><V55/><F76/><W81/><G112/><T98/><D32/><U0/><E0/><V35/><F75/><W102/><G109/><N who="2" m="41481" /><F35/><W126/><G126/><T27/><D64/><N who="1" m="38927" /><E34/><V61/><F61/><W26/><G26/><T1/><D5/><U71/><E71/><V103/><F103/><W11/><G117/><T53/><D53/><U108/><E108/><V44/><F44/><W67/><G67/><T10/><D9/><AGARI ba="1,1" hai="6,9,14,49,55,56,59,63,66,104,106" m="41481" machi="9" ten="30,1000,0" yaku="14,1" doraHai="127" who="2" fromWho="0" sc="255,-13,233,0,277,23,225,0" /><INIT seed="2,0,0,5,2,15" ten="242,233,300,225" oya="2" hai0="101,57,92,76,35,4,30,31,72,22,16,80,37" hai1="110,25,40,63,83,52,68,65,62,6,86,7,70" hai2="90,84,45,32,91,50,71,121,64,58,46,82,122" hai3="134,131,66,8,118,100,0,94,39,42,33,85,43"/><V132/><F132/><W93/><G33/><T111/><D111/><U18/><E110/><V130/><F130/><W14/><G0/><T56/><D37/><U114/><E114/><V133/><F133/><W10/><G66/><T81/><D4/><U19/><E40/><V120/><F32/><W104/><G104/><T128/><D35/><U3/><E25/><V53/><REACH who="2" step="1"/><F90/><REACH who="2" ten="242,233,290,225" step="2"/><W38/><G131/><T5/><D128/><U1/><E70/><V115/><F115/><W41/><G134/><T105/><D76/><U13/><E3/><V28/><F28/><W112/><G112/><T113/><D31/><U135/><E1/><V109/><F109/><W17/><G118/><T29/><D30/><U106/><E135/><V24/><F24/><W89/><G38/><T11/><D29/><U127/><E68/><V117/><F117/><W73/><G39/><T97/><D113/><U54/><E13/><V87/><F87/><W26/><G26/><N who="0" m="14663" /><D72/><U49/><E86/><V59/><F59/><W125/><G73/><T48/><D57/><U23/><E127/><V44/><F44/><W79/><G125/><T78/><D78/><U123/><E123/><V21/><F21/><N who="3" m="11447" /><G79/><T108/><D108/><U69/><E23/><V74/><F74/><W124/><G124/><T55/><D105/><U47/><E106/><V12/><F12/><AGARI ba="0,1" hai="5,11,12,48,55,56,80,81,92,97,101" m="14663" machi="12" ten="30,3900,0" yaku="8,1,52,1,54,1" doraHai="15" who="0" fromWho="2" sc="242,49,233,0,290,-39,225,0" /><INIT seed="3,0,0,0,5,18" ten="291,233,251,225" oya="3" hai0="99,19,86,52,105,101,46,4,121,12,23,36,102" hai1="57,75,62,119,45,13,129,132,6,26,27,61,58" hai2="84,107,32,133,29,40,92,53,81,104,3,11,95" hai3="108,93,90,116,8,31,111,126,34,98,69,88,60"/><W115/><G115/><T47/><D121/><U30/><E75/><V77/><F40/><W80/><G116/><T54/><D36/><U87/><E119/><V112/><F32/><W41/><G41/><T38/><D38/><U48/><E129/><V7/><F112/><W14/><G126/><T16/><D4/><U110/><E110/><N who="3" m="42026" /><G31/><T51/><D86/><U103/><E103/><N who="0" m="39433" /><D99/><U82/><E132/><V74/><F29/><W85/><G34/><T21/><D105/><U37/><E37/><V79/><F107/><W9/><G14/><N who="0" m="9367" /><D54/><N who="1" m="29967" /><E6/><V70/><F104/><W59/><G69/><T42/><D42/><U83/><E13/><V50/><F70/><W72/><G72/><T91/><D91/><U118/><E87/><V24/><F133/><W43/><G43/><T17/><D17/><U97/><E97/><V65/><F74/><W66/><AGARI ba="0,0" hai="8,9,59,60,66,80,85,88,90,93,98" m="42026" machi="66" ten="30,6000,0" yaku="14,1,10,1,54,1" doraHai="18" who="3" fromWho="3" sc="291,-20,233,-20,251,-20,225,60" /><INIT seed="3,1,0,0,3,114" ten="271,213,231,285" oya="3" hai0="6,86,5,88,84,7,23,97,115,49,92,131,135" hai1="62,83,118,122,90,59,110,21,35,15,127,33,106" hai2="116,41,56,93,120,8,89,39,37,58,74,69,77" hai3="113,133,98,46,22,51,29,52,57,87,126,80,25"/><W132/><G113/><T96/><D115/><U24/><E122/><V43/><F120/><W18/><G126/><T20/><D135/><N who="3" m="51785" /><G98/><N who="0" m="37995" /><D131/><U31/><E127/><V66/><F77/><N who="3" m="46479" /><G57/><N who="2" m="22121" /><F8/><W68/><G68/><T44/><D84/><U0/><E106/><V128/><F93/><W42/><G42/><AGARI ba="1,0" hai="5,6,7,20,23,42,44,49,86,88,92" m="37995" machi="42" ten="30,2000,0" yaku="8,1,54,1" doraHai="114" who="0" fromWho="3" sc="271,23,213,0,231,0,285,-23" /><INIT seed="4,0,0,1,5,14" ten="294,213,231,262" oya="0" hai0="56,103,101,22,48,123,71,117,99,51,36,49,107" hai1="0,96,66,118,63,46,39,128,109,121,6,102,115" hai2="125,86,83,90,67,132,3,119,37,24,110,85,57" hai3="88,129,58,91,133,65,130,59,97,32,31,64,33"/><T61/><D117/><U80/><E118/><V55/><F132/><W20/><G20/><T40/><D123/><U111/><E121/><V17/><F125/><W116/><G116/><T72/><D72/><U19/><E128/><V89/><F110/><W93/><G133/><T29/><D101/><U8/><E115/><V100/><F119/><W62/><G91/><T44/><D22/><U68/><E80/><V114/><F114/><W5/><G5/><T18/><D18/><U7/><E7/><V30/><F3/><W10/><G10/><T13/><D13/><U47/><E19/><V95/><F37/><W60/><G31/><T76/><D76/><U127/><E127/><V26/><F67/><W11/><G11/><T52/><REACH who="0" step="1"/><D29/><REACH who="0" ten="284,213,231,262" step="2"/><U45/><REACH who="1" step="1"/><E39/><REACH who="1" ten="284,203,231,262" step="2"/><V25/><F17/><W84/><G129/><T131/><D131/><U21/><E21/><V34/><REACH who="2" step="1"/><F100/><REACH who="2" ten="284,203,221,262" step="2"/><W122/><G130/><T2/><D2/><U104/><AGARI ba="0,3" hai="0,6,8,45,46,47,63,66,68,96,102,104,109,111" machi="104" ten="30,2000,0" yaku="1,1,0,1,53,0" doraHai="14" doraHaiUra="27" who="1" fromWho="1" sc="284,-10,203,50,221,-5,262,-5" /><INIT seed="5,0,0,2,5,54" ten="274,253,216,257" oya="1" hai0="8,87,94,10,123,89,37,135,116,4,101,70,111" hai1="41,76,5,31,103,93,110,125,86,61,53,82,65" hai2="40,130,15,9,30,56,63,107,58,60,102,47,85" hai3="78,38,29,26,57,16,129,18,7,13,14,75,64"/><U114/><E114/><V88/><F130/><W12/><G38/><T79/><D111/><U83/><E110/><V46/><F30/><W25/><G129/><T49/><D116/><U95/><E41/><V106/><F102/><W127/><G127/><T23/><D135/><U98/><E125/><V105/><F63/><N who="3" m="37999" /><G75/><T52/><D70/><U27/><E53/><V68/><F68/><W90/><G78/><T36/><D10/><U71/><E83/><V92/><F60/><W131/><G131/><T72/><D123/><U132/><E5/><V17/><REACH who="2" step="1"/><F47/><REACH who="2" ten="274,253,206,257" step="2"/><W1/><G7/><T115/><D101/><U80/><E132/><V122/><F122/><W81/><G1/><T0/><D115/><U32/><E82/><V109/><F109/><W124/><G124/><T104/><D0/><U51/><E51/><AGARI ba="0,1" hai="9,15,17,40,46,51,56,58,85,88,92,105,106,107" machi="51" ten="40,8000,1" yaku="1,1,52,2,54,1,53,0" doraHai="54" doraHaiUra="99" who="2" fromWho="1" sc="274,0,253,-80,206,90,257,0" /><INIT seed="6,0,0,3,1,123" ten="274,173,296,257" oya="2" hai0="66,134,8,3,48,98,19,56,113,63,10,74,54" hai1="14,69,114,30,20,52,76,100,83,22,25,91,38" hai2="0,2,124,116,71,60,119,23,29,99,90,105,31" hai3="94,5,36,118,15,103,59,33,127,21,16,18,80"/><V43/><F23/><W111/><G118/><N who="2" m="45097" /><F29/><W125/><G36/><T126/><D113/><U89/><E114/><V35/><F90/><W12/><G33/><T26/><D126/><N who="3" m="48137" /><G5/><T4/><D134/><U135/><E135/><V65/><F43/><W51/><G80/><T102/><D74/><U88/><E100/><N who="2" m="62623" /><F124/><W32/><G32/><T95/><D3/><U82/><E38/><V97/><F97/><N who="3" m="59831" /><G51/><T62/><D4/><U112/><E112/><V92/><F92/><W101/><G59/><N who="0" m="37247" /><D48/><U87/><E69/><V121/><F121/><W81/><G101/><T45/><D45/><U78/><E52/><V58/><F58/><W17/><G81/><T72/><D72/><U106/><E106/><V93/><F93/><W79/><G79/><T110/><D95/><U68/><E68/><V39/><F39/><W107/><G107/><T53/><D98/><U104/><E104/><V109/><F109/><W67/><G111/><T108/><D102/><U131/><E14/><N who="3" m="5162" /><G67/><N who="0" m="39367" /><D110/><U9/><E9/><N who="0" m="3689" /><D108/><U117/><E117/><V120/><F120/><W86/><G86/><T49/><D49/><U13/><E13/><AGARI ba="0,0" hai="13,16,17,18,21" m="5162,59831,48137" machi="13" ten="30,2000,0" yaku="18,1,54,1" doraHai="123" who="3" fromWho="1" sc="274,0,173,-20,296,0,257,20" /><INIT seed="7,0,0,1,1,26" ten="274,153,296,277" oya="3" hai0="60,32,58,73,116,52,38,104,37,20,64,89,3" hai1="67,84,76,34,45,92,109,118,14,59,88,90,57" hai2="50,119,23,36,130,61,82,121,74,13,46,68,12" hai3="72,1,78,2,125,62,55,66,95,112,96,105,103"/><W39/><G112/><T113/><D116/><U106/><E118/><V71/><F119/><W97/><G39/><T79/><D32/><U114/><E109/><V91/><F36/><W48/><G125/><T40/><D104/><U43/><E114/><V35/><F35/><W93/><G78/><T127/><D113/><U69/><E106/><V44/><F44/><W129/><G72/><T102/><D102/><U101/><E101/><V9/><F121/><W77/><G77/><T134/><D134/><U24/><E76/><V19/><F61/><W99/><G129/><T131/><D3/><U83/><E14/><V30/><F130/><W5/><G97/><T22/><D127/><U86/><E69/><V41/><F74/><W133/><G133/><T27/><D89/><U54/><E67/><V135/><F135/><W117/><G105/><T0/><D0/><U124/><E124/><V11/><F82/><W128/><G128/><T123/><D123/><U108/><E108/><V42/><F91/><W65/><G117/><T7/><D7/><U17/><E54/><N who="2" m="30039" /><F71/><W122/><G122/><T6/><D6/><U47/><E47/><V81/><F81/><W28/><G28/><N who="0" m="17511" /><D131/><U8/><E8/><V111/><F68/><N who="3" m="42039" /><G5/><T63/><D22/><U80/><E92/><V31/><F111/><W98/><G66/><T85/><D73/><U132/><E132/><V56/><F9/><W115/><G115/><T53/><D40/><N who="2" m="15466" /><F56/><N who="3" m="32871" /><G103/><T33/><D33/><U10/><E10/><V29/><F11/><W21/><G21/><T25/><D64/><U15/><E34/><V18/><F23/><RYUUKYOKU ba="0,0" sc="274,-15,153,-15,296,15,277,15" hai2="12,13,18,19,29,30,31" hai3="1,2,93,95,96,98,99" /><INIT seed="7,1,0,4,4,98" ten="259,138,311,292" oya="3" hai0="33,131,126,57,80,75,101,3,43,77,19,76,72" hai1="90,61,129,42,93,86,81,35,30,110,89,83,107" hai2="14,1,26,122,21,47,133,17,2,132,10,6,0" hai3="67,97,134,28,46,120,85,105,60,45,55,116,22"/><W127/><G120/><T56/><D126/><U7/><E110/><V24/><F122/><W95/><G116/><T104/><D131/><U109/><E129/><V59/><F47/><W78/><G127/><T74/><D33/><U117/><E109/><V49/><F49/><W103/><G134/><N who="2" m="51817" /><F59/><W96/><G55/><T73/><D3/><AGARI ba="1,0" hai="0,1,2,3,6,10,14,17,21,24,26" m="51817" machi="3" ten="40,5200,0" yaku="20,1,34,2" doraHai="98" who="2" fromWho="0" sc="259,-55,138,0,311,55,292,0" owari="204,-19.6,138,-36.2,366,46.6,292,9.2" /></mjloggm>