<mjloggm ver="2.3"><GO type="225" lobby="0"/><UN n0="%E6%B0%B7%E5%B7%9D%E9%87%8C%E5%A5%88" n1="%E3%81%BF%E3%81%BF%E3%81%9A" n2="%E9%A6%AC%E4%BA%86%E9%9A%94%E5%A3%81" n3="%E3%81%B5%E3%81%98%E3%81%8B%E3%81%A4" dan="16,17,18,16" rate="2067.38,2296.46,2222.68,2166.90" sx="F,M,M,M"/><TAIKYOKU oya="0"/><INIT seed="0,0,0,5,5,74" ten="250,250,250,250" oya="0" hai0="15,64,19,17,134,83,111,87,110,23,84,106,20" hai1="126,79,112,14,81,27,124,8,77,100,101,109,105" hai2="90,99,34,67,88,95,53,46,0,120,25,38,31" hai3="114,32,29,4,35,52,26,54,108,61,82,21,33"/><T1/><D106/><U13/><E109/><N who="0" m="41481" /><D1/><U7/><E112/><V30/><F120/><W12/><G108/><T103/><D103/><N who="1" m="39499" /><E105/><V5/><F31/><W119/><G114/><T51/><D134/><U3/><E81/><V92/><F67/><W128/><G119/><T98/><D98/><U80/><E80/><V73/><F73/><W11/><G128/><T69/><D51/><U115/><E27/><V85/><F5/><W96/><G96/><T63/><D83/><U36/><E36/><V86/><F0/><W71/><REACH who="3" step="1"/><G82/><REACH who="3" ten="250,250,250,240" step="2"/><T56/><D69/><U6/><E115/><V49/><F99/><W94/><G94/><T133/><D133/><U47/><E47/><V104/><F104/><W18/><G18/><T41/><D41/><U22/><E6/><V68/><F68/><W122/><G122/><T43/><D43/><U40/><E40/><V45/><F38/><W60/><G60/><T9/><D9/><U66/><E7/><V132/><F132/><W75/><G75/><T62/><D62/><U37/><E8/><V50/><F50/><W2/><G2/><T127/><D127/><U78/><E3/><V76/><F76/><W16/><G16/><T131/><D131/><U70/><E37/><V102/><F102/><W91/><G91/><T97/><D97/><U42/><E42/><V65/><F65/><AGARI ba="0,1" hai="4,11,12,21,26,29,32,33,35,52,54,61,65,71" machi="65" ten="40,2600,0" yaku="1,1,54,1,53,0" doraHai="74" doraHaiUra="125" who="3" fromWho="2" sc="250,0,250,0,250,-26,240,36" /><INIT seed="1,0,0,3,1,68" ten="250,250,224,276" oya="1" hai0="5,11,83,70,129,14,94,67,106,95,79,84,86" hai1="82,59,9,110,4,76,24,52,6,125,15,99,111" hai2="21,44,0,31,130,113,7,23,45,77,100,18,12" hai3="102,50,16,121,115,39,131,81,122,10,60,91,42"/><U54/><E125/><V93/><F130/><W71/><G115/><T135/><D106/><U53/><E99/><N who="2" m="59503" /><F0/><W19/><G102/><T97/><D129/><U43/><E24/><N who="2" m="16783" /><F113/><W87/><G131/><T63/><D135/><U127/><E127/><V61/><F77/><W126/><G50/><T105/><REACH who="0" step="1"/><D86/><REACH who="0" ten="240,250,224,276" step="2"/><U101/><E111/><V25/><F61/><W65/><G126/><T51/><D51/><U117/><E110/><V26/><F7/><W108/><G108/><T40/><D40/><U30/><E117/><V109/><F109/><W98/><G42/><T92/><D92/><U56/><E43/><V132/><F132/><W33/><G87/><T20/><D20/><U88/><E4/><V36/><F36/><W75/><G39/><T49/><D49/><U80/><E6/><V8/><F23/><W119/><G119/><T134/><D134/><U55/><E82/><V28/><F28/><W69/><G81/><T38/><D38/><U35/><E30/><V46/><AGARI ba="0,1" hai="8,12,18,25,26,44,45,46" m="16783,59503" machi="46" ten="30,1100,0" yaku="8,1" doraHai="68" who="2" fromWho="2" sc="240,-3,250,-5,224,21,276,-3" /><INIT seed="2,0,0,3,5,107" ten="237,245,245,273" oya="2" hai0="113,69,9,92,66,135,21,1,34,103,118,73,19" hai1="27,20,68,43,5,51,40,39,3,91,74,24,54" hai2="126,67,122,33,11,17,121,108,117,93,47,112,78" hai3="130,111,65,15,102,123,98,49,90,6,14,52,53"/><V8/><F112/><W35/><G123/><T132/><D113/><U50/><E68/><V55/><F117/><W80/><G35/><T58/><D69/><U7/><E39/><V37/><F33/><W84/><G65/><T97/><D34/><U32/><E32/><V18/><F67/><W79/><G111/><T104/><D118/><U62/><E74/><V41/><F126/><W23/><G130/><T22/><D66/><U134/><E134/><N who="0" m="51241" /><D58/><N who="1" m="35159" /><E3/><V87/><F108/><W29/><G6/><N who="1" m="2058" /><E91/><V72/><F122/><W119/><G119/><T46/><D46/><N who="1" m="25927" /><E20/><V64/><F64/><W42/><G42/><T48/><D1/><U4/><N who="1" m="2066" /><U125/><DORA hai="99" /><E125/><V101/><F121/><W81/><G29/><T96/><D48/><U71/><E71/><V86/><F37/><W61/><G23/><T83/><D73/><U128/><E128/><V63/><F72/><W10/><G49/><T95/><D9/><U12/><E12/><N who="3" m="4650" /><G10/><T28/><D28/><U59/><E59/><N who="2" m="35327" /><F8/><W38/><G38/><T30/><D30/><U75/><E75/><V94/><F11/><W56/><G56/><T131/><D131/><U0/><E0/><V60/><F41/><W77/><G61/><T127/><D127/><U57/><E57/><V129/><F60/><W124/><G124/><T114/><D114/><U100/><E43/><V45/><F129/><W89/><G89/><N who="0" m="55311" /><D104/><U88/><E51/><V120/><F120/><W110/><G110/><T116/><D21/><U115/><E115/><V2/><F2/><W13/><G90/><T82/><D116/><U36/><E36/><RYUUKYOKU ba="0,0" sc="237,30,245,-10,245,-10,273,-10" hai0="19,22,82,83,95,97,103" /><INIT seed="3,1,0,1,1,29" ten="267,235,235,263" oya="3" hai0="54,100,52,88,25,133,129,14,49,109,70,131,77" hai1="40,118,74,110,86,12,19,59,13,66,71,94,73" hai2="87,20,51,42,119,46,8,106,11,135,18,7,38" hai3="16,44,17,45,56,98,57,32,22,36,108,123,61"/><W113/><G123/><T107/><D70/><U127/><E71/><V67/><F119/><W111/><G113/><T99/><D109/><N who="3" m="42057" /><G32/><T104/><D133/><U39/><E127/><V126/><F106/><W21/><G98/><T1/><D1/><U31/><E74/><V55/><F126/><W24/><G36/><T120/><D120/><U78/><E39/><V117/><F117/><W95/><G95/><T115/><D77/><U69/><E94/><V90/><F67/><N who="3" m="39335" /><G57/><T125/><D125/><U89/><E59/><V27/><F135/><W76/><G76/><T116/><D116/><U58/><E78/><V97/><F97/><W103/><G103/><T65/><D107/><U132/><E58/><V82/><F7/><W3/><G3/><T10/><D65/><U60/><E118/><V62/><F62/><W50/><G50/><T121/><D49/><U105/><E132/><V92/><F92/><W130/><G130/><N who="0" m="49675" /><D121/><U81/><E105/><V23/><F23/><W35/><G35/><T122/><D122/><U64/><E64/><V33/><F33/><W53/><G53/><N who="0" m="20587" /><D88/><U101/><E110/><V0/><F0/><W128/><G128/><T91/><D91/><U102/><E69/><V72/><F72/><W28/><G28/><T37/><D37/><U30/><E73/><V134/><F134/><W68/><G68/><T84/><D84/><U96/><E96/><V34/><F34/><W79/><G79/><T75/><D75/><U2/><E66/><V15/><F15/><AGARI ba="1,0" hai="15,16,17,21,22,24,44,45" m="39335,42057" machi="15" ten="30,5800,0" yaku="14,1,10,1,54,1" doraHai="29" who="3" fromWho="2" sc="267,0,235,0,235,-61,263,61" owari="267,6.7,235,-16.5,174,-32.6,324,42.4" /></mjloggm>