<mjloggm ver="2.3"><GO type="225" lobby="0"/><UN n0="%E3%81%AF%E3%82%88%E3%81%8A%E3%81%98%E3%81%95%E3%82%93" n1="%E3%81%A9%E3%82%93%E3%82%88%E3%81%8F%4D%6B%2E%32" n2="%E7%89%B9%E6%9D%B1%E3%81%AF%E4%B8%96%E7%95%8C%E3%82%92%E6%95%91%E3%81%86" n3="%E7%9C%BC%E7%A7%91%E5%8C%BB" dan="17,16,16,16" rate="2192.04,2142.56,2183.56,2100.65" sx="M,M,M,M"/><TAIKYOKU oya="0"/><INIT seed="0,0,0,2,5,44" ten="250,250,250,250" oya="0" hai0="131,8,132,54,109,41,88,60,71,25,106,113,74" hai1="10,81,3,9,51,121,5,110,102,76,78,127,66" hai2="65,72,50,38,87,70,37,53,13,56,86,36,43" hai3="118,133,85,55,96,58,97,77,46,128,92,57,126"/><T14/><D113/><U134/><E121/><V107/><F72/><W23/><G118/><T62/><D74/><U82/><E110/><V32/><F107/><W125/><G128/><T130/><D106/><U93/><E127/><N who="3" m="48650" /><G133/><T105/><D105/><U45/><E134/><V111/><F32/><W20/><G46/><T31/><D132/><U112/><E66/><V59/><F111/><W94/><G77/><T22/><D109/><U21/><E21/><N who="3" m="8266" /><G85/><T0/><D0/><U103/><E112/><V122/><F122/><W108/><G108/><T64/><D41/><U129/><E129/><V19/><F43/><W95/><G55/><T48/><D62/><U135/><E135/><V100/><F100/><W26/><G26/><T67/><D64/><U79/><E9/><V49/><F70/><W11/><G11/><T12/><D12/><U34/><E34/><V99/><F99/><AGARI ba="0,0" hai="57,58,92,94,95,96,97,99" m="8266,48650" machi="99" ten="40,5200,0" yaku="28,2,18,1" doraHai="44" who="3" fromWho="2" sc="250,0,250,0,250,-52,250,52" /><INIT seed="1,0,0,4,5,68" ten="250,250,198,302" oya="1" hai0="102,126,104,112,52,37,107,105,117,53,108,124,30" hai1="83,116,7,54,127,79,70,66,93,1,29,33,8" hai2="91,51,25,80,48,71,15,89,32,44,134,122,61" hai3="120,43,63,4,5,9,38,75,81,27,34,10,31"/><U45/><E116/><V99/><F122/><W125/><G120/><T114/><D117/><U47/><E93/><V39/><F134/><W74/><G125/><N who="0" m="48235" /><D102/><U96/><E127/><V77/><F15/><W72/><G63/><T76/><D108/><U26/><E96/><V62/><F32/><W103/><G103/><T50/><D37/><U36/><E54/><N who="0" m="21097" /><D50/><U65/><E47/><V129/><F25/><W41/><G81/><T17/><D17/><U97/><E97/><V12/><F12/><W132/><G38/><T128/><D76/><U21/><E21/><V113/><F39/><W121/><G121/><T13/><D13/><U18/><E18/><V111/><F77/><W98/><G132/><T95/><D95/><U84/><REACH who="1" step="1"/><E70/><REACH who="1" ten="250,240,198,302" step="2"/><V119/><F71/><W16/><G16/><T135/><D135/><U82/><E82/><V130/><F80/><W106/><G5/><T19/><D19/><U20/><E20/><V100/><F119/><W0/><G4/><T133/><D133/><U86/><E86/><V49/><F99/><W55/><G98/><T67/><D30/><U35/><E35/><V24/><F100/><W23/><G34/><T64/><D128/><U73/><E73/><V85/><F130/><W58/><G74/><T118/><D118/><U60/><E60/><V46/><F129/><W131/><G72/><T14/><D105/><U101/><E101/><V28/><F62/><W2/><G106/><T92/><D92/><U59/><E59/><V42/><F61/><W6/><G131/><T40/><D104/><U123/><E123/><V94/><F28/><RYUUKYOKU ba="0,1" sc="250,-10,240,30,198,-10,302,-10" hai1="1,7,8,26,29,33,36,45,65,66,79,83,84" /><INIT seed="1,1,1,4,3,135" ten="240,270,188,292" oya="1" hai0="9,36,100,66,39,31,74,24,52,51,116,76,61" hai1="117,104,2,88,99,70,121,102,87,43,35,45,83" hai2="105,75,20,111,4,132,28,128,55,14,126,60,67" hai3="84,47,96,56,15,129,19,110,63,106,29,62,16"/><U73/><E121/><V95/><F132/><W108/><G129/><T114/><D114/><U49/><E117/><V94/><F105/><W131/><G131/><T25/><D116/><U12/><E2/><V58/><F128/><W41/><G29/><T85/><D74/><U18/><E35/><V7/><F75/><W40/><G84/><T80/><D100/><U54/><E70/><V77/><F77/><W30/><G30/><T122/><D122/><U13/><E73/><V118/><F118/><W22/><G19/><T59/><D9/><U48/><REACH who="1" step="1"/><E18/><REACH who="1" ten="240,260,188,292" step="2"/><V130/><F130/><W115/><G115/><T125/><D125/><U10/><E10/><V65/><F28/><W5/><G16/><T11/><D11/><U119/><E119/><V6/><F126/><W69/><G22/><T109/><D109/><U1/><E1/><V0/><F0/><W123/><G69/><T46/><REACH who="0" step="1"/><D24/><REACH who="0" ten="230,260,188,292" step="2"/><U26/><E26/><V134/><F111/><W50/><G123/><T72/><D72/><U97/><E97/><V112/><F112/><W78/><G96/><T57/><D57/><AGARI ba="1,3" hai="12,13,43,45,48,49,54,57,83,87,88,99,102,104" machi="57" ten="30,12000,1" yaku="1,1,7,1,54,1,53,2" doraHai="135" doraHaiUra="44" who="1" fromWho="0" sc="230,-123,260,153,188,0,292,0" /><INIT seed="1,2,0,3,1,23" ten="107,413,188,292" oya="1" hai0="121,132,79,26,16,0,120,25,115,29,88,92,108" hai1="113,100,94,130,70,17,127,33,69,56,47,87,8" hai2="45,22,43,96,37,54,10,61,31,76,126,48,51" hai3="55,107,89,122,65,101,19,18,71,112,131,27,83"/><U20/><E113/><V53/><F126/><W5/><G122/><N who="0" m="47211" /><D115/><U40/><E33/><V13/><F76/><W123/><G123/><T39/><D0/><U44/><E127/><V135/><F135/><W35/><G112/><T91/><D132/><U67/><E8/><V116/><F116/><W42/><G131/><T117/><D117/><U59/><E130/><V50/><F96/><N who="3" m="61863" /><G42/><T118/><D118/><U134/><E134/><V14/><F61/><N who="3" m="40367" /><G5/><T60/><D108/><U24/><E59/><V52/><REACH who="2" step="1"/><F10/><REACH who="2" ten="107,413,178,292" step="2"/><W98/><G98/><N who="0" m="57607" /><D79/><U68/><E68/><V3/><F3/><W81/><G55/><T9/><D60/><N who="1" m="38279" /><E69/><V32/><F32/><W63/><G63/><T124/><D124/><U66/><E70/><V12/><F12/><W106/><G35/><N who="0" m="20911" /><D91/><N who="1" m="53631" /><E100/><V114/><F114/><W97/><G89/><T2/><D2/><U93/><E66/><V30/><F30/><W75/><G97/><T111/><D111/><U85/><E40/><V86/><F86/><W104/><G75/><T73/><D73/><U57/><E85/><V84/><F84/><W128/><G128/><T21/><D9/><U58/><E93/><V82/><F82/><W102/><G83/><T4/><D4/><U119/><E119/><V11/><F11/><W38/><G81/><T133/><D133/><U109/><E109/><V90/><F90/><W80/><G80/><T105/><D105/><U74/><E74/><V28/><F28/><W129/><G129/><T41/><D41/><U34/><E34/><V99/><F99/><W36/><G106/><T15/><D15/><U72/><E72/><RYUUKYOKU ba="2,1" sc="107,10,413,10,178,10,292,-30" hai0="16,21,26,39" hai1="17,20,24,44,47,57,58" hai2="13,14,22,31,37,43,45,48,50,51,52,53,54" /><INIT seed="1,3,1,1,2,87" ten="117,423,188,262" oya="1" hai0="85,41,58,107,130,125,81,22,62,109,66,106,119" hai1="27,113,44,7,28,49,37,10,8,92,83,86,131" hai2="101,57,17,74,108,35,99,72,26,63,42,133,54" hai3="29,96,120,9,6,16,46,82,38,121,5,90,126"/><U3/><E113/><V51/><F108/><W20/><G126/><T70/><D119/><U21/><E131/><V40/><F133/><W104/><G29/><T89/><D109/><U13/><E37/><V80/><F80/><W12/><G104/><T50/><D125/><U84/><E92/><V0/><F0/><W110/><G110/><T14/><D130/><U114/><E114/><V102/><F102/><W128/><G128/><T93/><D81/><U118/><E118/><V67/><F74/><W19/><G19/><N who="0" m="10615" /><D41/><U69/><E69/><V105/><F72/><W64/><G64/><T78/><D78/><U122/><E122/><V111/><F111/><W94/><G82/><T48/><D48/><U47/><E86/><V36/><F36/><W53/><G5/><T31/><D31/><U2/><E47/><V39/><F39/><W88/><G38/><T11/><D11/><U55/><REACH who="1" step="1"/><E10/><REACH who="1" ten="117,413,188,262" step="2"/><V73/><F73/><W65/><G120/><T124/><D124/><U43/><E43/><V60/><F40/><W34/><G121/><T112/><D112/><U115/><E115/><V23/><F42/><W24/><G94/><T91/><D107/><U79/><AGARI ba="3,2" hai="2,3,7,8,13,21,27,28,44,49,55,79,83,84" machi="79" ten="20,3900,0" yaku="1,1,0,1,7,1,53,0" doraHai="87" doraHaiUra="56" who="1" fromWho="1" sc="117,-16,413,68,188,-16,262,-16" /><INIT seed="1,4,0,2,1,113" ten="101,481,172,246" oya="1" hai0="35,121,103,24,128,63,38,55,108,86,23,135,8" hai1="81,87,100,16,111,56,107,133,10,11,49,106,134" hai2="67,26,123,116,78,3,47,72,5,129,98,115,20" hai3="25,130,118,76,82,68,19,126,92,80,94,62,65"/><U64/><E100/><V12/><F123/><W51/><G130/><T2/><D38/><U60/><E49/><V48/><F3/><W77/><G126/><T88/><D128/><U119/><E111/><V110/><F129/><W105/><G105/><T44/><D108/><U127/><E127/><V13/><F110/><W93/><G118/><T54/><D121/><U43/><E43/><V4/><F67/><W17/><G51/><T102/><D135/><U58/><E58/><V79/><F115/><W124/><G124/><T42/><D35/><U40/><E40/><V36/><F36/><W28/><G80/><T14/><D2/><U74/><E74/><V122/><F122/><W84/><REACH who="3" step="1"/><G77/><REACH who="3" ten="101,481,172,236" step="2"/><T125/><D125/><U57/><E119/><V101/><F116/><W61/><G61/><T33/><D63/><U95/><E106/><V53/><F79/><W0/><G0/><T69/><D42/><U21/><E107/><V50/><F50/><W75/><G75/><T90/><D44/><U104/><E104/><V112/><F112/><W45/><G45/><T32/><D33/><AGARI ba="4,1" hai="17,19,25,28,33,62,65,68,76,82,84,92,93,94" machi="33" ten="40,1300,0" yaku="1,1,53,0" doraHai="113" doraHaiUra="41" who="3" fromWho="0" sc="101,-25,481,0,172,0,236,35" /><INIT seed="2,0,0,3,3,114" ten="76,481,172,271" oya="2" hai0="69,104,118,108,116,67,130,11,19,97,73,78,13" hai1="117,112,122,18,72,127,119,29,102,84,64,101,65" hai2="10,120,75,36,58,95,22,92,100,70,38,25,51" hai3="7,85,79,71,32,124,128,82,53,68,35,49,115"/><V106/><F120/><W47/><G128/><T61/><D130/><U60/><E72/><V89/><F70/><W12/><G124/><T126/><D126/><U8/><E112/><V23/><F75/><W87/><G115/><T39/><D108/><U76/><E127/><V52/><F106/><W123/><G123/><T66/><D39/><U63/><E29/><V15/><F100/><W91/><G35/><T9/><D66/><U45/><E45/><V26/><F95/><W28/><G32/><T44/><D44/><U50/><E50/><V86/><F23/><W54/><G28/><T125/><D125/><U107/><E107/><V105/><F105/><W33/><G33/><T6/><D78/><U133/><E122/><V96/><F96/><W98/><G98/><T131/><D73/><U46/><E46/><V17/><REACH who="2" step="1"/><F26/><REACH who="2" ten="76,481,162,271" step="2"/><W88/><G71/><T62/><D131/><U56/><E101/><V3/><F3/><W27/><G27/><T99/><D104/><U40/><E102/><V57/><F57/><W5/><G68/><T93/><D61/><U59/><E56/><V113/><F113/><W0/><G0/><N who="0" m="199" /><D93/><U110/><E59/><V42/><F42/><W83/><G12/><T48/><D48/><U2/><E40/><V81/><F81/><W30/><G49/><T1/><D1/><U134/><E2/><V31/><AGARI ba="0,1" hai="10,15,17,22,25,31,36,38,51,52,58,86,89,92" machi="31" ten="20,12000,1" yaku="1,1,0,1,7,1,54,1,53,1" doraHai="114" doraHaiUra="55" who="2" fromWho="2" sc="76,-40,481,-40,162,130,271,-40" /><INIT seed="2,1,0,3,5,43" ten="36,441,292,231" oya="2" hai0="20,53,113,13,123,98,88,77,18,124,17,112,51" hai1="60,16,81,12,37,30,59,78,21,38,90,132,42" hai2="7,48,1,66,26,62,105,108,11,54,76,107,85" hai3="9,116,67,101,19,79,130,64,63,61,29,122,8"/><V121/><F121/><W120/><G116/><T104/><D123/><U133/><E90/><V127/><F127/><W57/><G130/><T39/><D124/><U69/><E69/><V110/><F26/><W55/><G29/><T4/><D39/><U46/><E30/><V95/><F76/><W126/><G126/><T131/><D131/><U115/><E38/><V32/><F32/><W40/><G40/><T92/><D4/><U80/><E115/><V97/><F85/><W49/><G101/><T24/><D104/><U125/><E125/><V83/><F83/><W52/><G79/><T96/><D77/><U100/><E100/><V68/><F95/><W41/><G19/><T86/><D113/><U74/><REACH who="1" step="1"/><E81/><REACH who="1" ten="36,431,292,231" step="2"/><V36/><F36/><W103/><G103/><T128/><D112/><U75/><E75/><V31/><F31/><W6/><G120/><T82/><D128/><U72/><E72/><V47/><REACH who="2" step="1"/><F97/><REACH who="2" ten="36,431,282,231" step="2"/><W99/><G122/><T87/><D87/><U27/><E27/><V89/><F89/><W23/><G99/><T65/><D65/><AGARI ba="1,2" hai="12,16,21,37,42,46,59,60,65,74,78,80,132,133" machi="65" ten="40,8000,1" yaku="1,1,52,1,54,1,53,1" doraHai="43" doraHaiUra="71" who="1" fromWho="0" sc="36,-83,431,103,282,0,231,0" owari="-47,-54.7,534,63.4,282,8.2,231,-16.9" /></mjloggm>