<mjloggm ver="2.3"><GO type="225" lobby="0"/><UN n0="%6D%75%75%73%61%6E%6D%75" n1="%E5%85%88%E7%89%A9%E3%81%AF%74%72%61%73%68" n2="%E6%98%93%E5%88%A9%E8%96%A9%E4%BC%AF" n3="%E4%B8%96%E7%95%8C%E3%81%AE%E4%BA%80%E4%BA%95" dan="16,17,16,17" rate="2117.14,2150.12,2113.96,2151.62" sx="F,M,F,M"/><TAIKYOKU oya="0"/><INIT seed="0,0,0,2,2,133" ten="250,250,250,250" oya="0" hai0="80,118,135,54,11,49,76,44,3,110,36,119,65" hai1="74,88,27,39,2,69,29,63,113,33,79,81,83" hai2="101,35,20,68,25,105,43,117,134,18,120,13,14" hai3="75,103,38,86,56,34,0,126,109,99,107,73,1"/><T32/><D32/><U31/><E113/><V48/><F68/><W90/><G109/><T10/><D135/><U114/><E114/><V40/><F120/><W61/><G38/><T41/><D110/><U93/><E39/><V89/><F117/><W67/><G34/><T94/><D65/><U104/><E83/><V85/><F134/><W108/><G108/><T6/><D11/><U28/><E2/><V22/><F35/><W87/><G87/><T52/><D94/><U106/><E106/><V51/><F101/><W62/><G126/><T98/><D98/><U21/><E104/><V127/><F127/><W131/><G131/><T4/><D4/><U96/><REACH who="1" step="1"/><E33/><REACH who="1" ten="250,240,250,250" step="2"/><V132/><F105/><W42/><G0/><T23/><D23/><U71/><E71/><V24/><F132/><W57/><G1/><T15/><D3/><U102/><E102/><V58/><F22/><W97/><G75/><T53/><REACH who="0" step="1"/><D36/><REACH who="0" ten="240,240,250,250" step="2"/><U116/><E116/><V100/><F20/><W70/><G107/><T60/><D60/><U26/><E26/><V130/><F25/><W30/><G62/><T95/><D95/><U45/><E45/><V50/><F24/><W122/><G61/><T5/><D5/><U78/><E78/><V92/><F92/><W124/><G124/><T12/><D12/><U59/><E59/><V111/><F58/><W7/><G57/><T115/><D115/><U82/><E82/><V123/><F14/><W128/><G56/><T46/><D46/><U19/><E19/><V125/><F13/><W47/><G47/><T9/><D9/><U121/><E121/><RYUUKYOKU ba="0,2" sc="240,15,240,15,250,-15,250,-15" hai0="6,10,15,41,44,49,52,53,54,76,80,118,119" hai1="21,27,28,29,31,63,69,74,79,81,88,93,96" /><INIT seed="0,1,2,5,3,134" ten="255,255,235,235" oya="0" hai0="115,54,78,135,72,56,63,29,22,90,85,81,20" hai1="107,47,51,87,96,69,127,124,116,92,19,74,35" hai2="119,65,2,53,110,4,125,76,26,43,10,45,100" hai3="11,114,17,70,46,121,106,133,82,97,55,24,130"/><T38/><D115/><U40/><E116/><V86/><F119/><W18/><G114/><T118/><D118/><U102/><E74/><V122/><F122/><W89/><G70/><T37/><D135/><U14/><E69/><V7/><F110/><W25/><G121/><T91/><D91/><U3/><E3/><V60/><F100/><W120/><G120/><T64/><D64/><U117/><E117/><V1/><F26/><W39/><G39/><T9/><D9/><U48/><E35/><V88/><F76/><W80/><G130/><T79/><D79/><U15/><E51/><V94/><F53/><W71/><G71/><T12/><D29/><U99/><E87/><V126/><F7/><W13/><G106/><T30/><D22/><U42/><E42/><V57/><REACH who="2" step="1"/><F2/><REACH who="2" ten="255,255,225,235" step="2"/><W104/><G133/><T129/><D129/><U75/><E75/><V52/><F52/><W59/><G25/><T31/><D12/><U128/><E128/><V41/><F41/><W105/><G24/><T5/><D5/><U32/><E32/><V23/><F23/><W67/><G55/><T62/><D20/><U123/><E123/><V36/><AGARI ba="1,3" hai="1,4,10,36,43,45,57,60,65,86,88,94,125,126" machi="36" ten="30,12000,2" yaku="1,1,0,1,52,2,54,1,53,1" doraHai="134" doraHaiUra="58" who="2" fromWho="2" sc="255,-61,255,-31,225,153,235,-31" /><INIT seed="1,0,0,4,2,76" ten="194,224,378,204" oya="1" hai0="54,2,49,41,27,129,36,87,32,82,80,24,128" hai1="43,97,3,45,118,5,133,92,34,115,60,37,125" hai2="88,26,64,111,81,38,30,46,23,62,16,78,119" hai3="109,110,72,126,55,1,12,51,83,29,65,85,0"/><U120/><E118/><V124/><F119/><W35/><G126/><T66/><D2/><U98/><E120/><V21/><F124/><W47/><G72/><T63/><D36/><U130/><E125/><V67/><F111/><N who="3" m="42507" /><G65/><T56/><D41/><U22/><E115/><V107/><F107/><W33/><G12/><T11/><D11/><U122/><E122/><V61/><F88/><N who="3" m="51263" /><G29/><N who="0" m="19495" /><D27/><U58/><E3/><AGARI ba="0,0" hai="0,1,3,33,35,47,51,55" m="51263,42507" machi="3" ten="30,3900,0" yaku="14,1,52,1,54,1" doraHai="76" who="3" fromWho="1" sc="194,0,224,-39,378,0,204,39" /><INIT seed="2,0,0,0,4,63" ten="194,185,378,243" oya="2" hai0="93,132,3,22,131,87,5,54,70,122,39,79,4" hai1="23,32,45,29,27,33,82,105,44,134,35,15,75" hai2="119,107,1,30,36,61,19,77,9,125,11,114,31" hai3="123,127,96,2,81,103,62,130,72,135,124,69,55"/><V18/><F107/><N who="3" m="63975" /><G123/><T64/><D122/><U99/><E134/><V95/><F36/><W108/><G135/><T37/><D132/><U110/><E110/><V58/><F114/><W98/><G108/><T100/><D131/><U26/><E15/><V10/><F125/><W28/><G2/><T88/><D100/><U67/><E67/><V60/><F119/><W118/><G118/><T24/><D79/><U49/><E105/><V84/><F61/><W111/><G55/><T38/><D64/><U133/><E133/><V66/><F1/><W6/><G98/><T20/><D70/><U16/><E99/><V109/><F109/><W48/><G48/><T83/><D3/><U21/><REACH who="1" step="1"/><E49/><REACH who="1" ten="194,175,378,243" step="2"/><V121/><F66/><W89/><G127/><T73/><D39/><U97/><E97/><V129/><F121/><W106/><G124/><T117/><D38/><U59/><E59/><V91/><F58/><W14/><G106/><T120/><D37/><U76/><AGARI ba="0,1" hai="16,21,23,26,27,29,32,33,35,44,45,75,76,82" machi="76" ten="40,5200,0" yaku="1,1,0,1,54,1,53,0" doraHai="63" doraHaiUra="57" who="1" fromWho="1" sc="194,-13,175,62,378,-26,243,-13" /><INIT seed="3,0,0,5,1,107" ten="181,237,352,230" oya="3" hai0="11,14,22,81,77,29,120,36,73,0,116,88,85" hai1="59,90,91,130,65,127,46,39,109,23,113,102,6" hai2="2,121,25,33,84,106,35,135,76,128,5,68,112" hai3="92,129,8,131,67,62,49,28,3,4,118,51,96"/><W108/><G118/><T104/><D116/><U53/><E113/><V56/><F68/><W103/><G108/><T89/><D120/><U111/><E130/><N who="3" m="49674" /><G28/><T64/><D36/><U123/><E123/><V132/><F106/><W21/><G21/><T40/><D40/><U31/><E102/><V9/><F112/><W55/><G55/><T37/><D37/><U117/><E6/><V60/><F121/><W97/><G97/><T61/><D104/><U133/><E31/><V19/><F128/><W12/><G3/><T1/><D22/><U71/><E23/><V80/><F19/><W124/><G124/><T101/><D101/><U134/><E127/><V32/><REACH who="2" step="1"/><F25/><REACH who="2" ten="181,237,342,230" step="2"/><W20/><G20/><T110/><D110/><U69/><E111/><V10/><F10/><W75/><G8/><T114/><D114/><U52/><E109/><V79/><F79/><W100/><G4/><T70/><D29/><U26/><E71/><V54/><AGARI ba="0,1" hai="2,5,9,32,33,35,54,56,60,76,80,84,132,135" machi="54" ten="40,2700,0" yaku="1,1,0,1,53,0" doraHai="107" doraHaiUra="13" who="2" fromWho="2" sc="181,-7,237,-7,342,37,230,-13" owari="174,-32.6,230,3.0,379,47.9,217,-18.3" /></mjloggm>