<mjloggm ver="2.3"><GO type="225" lobby="0"/><UN n0="%E3%81%99%E3%81%84%E3%81%BE%E3%81%9B%E3%83%BC%E3%82%93" n1="%E6%B8%A9%E2%98%85%E6%83%85%E2%98%85%E6%8E%AA%E2%98%85%E7%BD%AE" n2="%E4%BF%BA%E3%81%A8%E5%A6%96%E5%A4%A2" n3="%E5%8D%A0%E3%81%84%E5%B8%AB%E8%A3%8F%E3%81%AA%E3%81%84%E3%81%97" dan="18,18,17,17" rate="2212.48,2206.74,2195.26,2227.84" sx="M,M,F,M"/><TAIKYOKU oya="0"/><INIT seed="0,0,0,2,2,131" ten="250,250,250,250" oya="0" hai0="125,74,15,30,1,8,122,111,77,95,116,94,50" hai1="80,35,135,27,117,113,51,59,66,134,102,47,25" hai2="44,106,104,10,115,65,87,69,48,129,9,108,118" hai3="28,90,110,36,105,81,128,123,16,38,52,120,34"/><T124/><D116/><U61/><E117/><V85/><F118/><W53/><G128/><T67/><D122/><N who="3" m="46633" /><G105/><T11/><D111/><U33/><E113/><V55/><F115/><W91/><G110/><T97/><D30/><U17/><E102/><V54/><F108/><W40/><G40/><T127/><D67/><U75/><E80/><V20/><F129/><W3/><G3/><T26/><D26/><N who="1" m="9739" /><E17/><V133/><F20/><W86/><G28/><T63/><D63/><U88/><E88/><N who="3" m="33834" /><G34/><T6/><D97/><U73/><E35/><V21/><F21/><W93/><G93/><T18/><REACH who="0" step="1"/><D50/><REACH who="0" ten="240,250,250,250" step="2"/><U7/><E33/><V60/><F60/><W46/><G36/><T29/><D29/><U126/><E126/><V109/><F109/><W101/><G38/><T78/><D78/><U114/><E114/><V58/><F65/><W68/><G68/><T32/><D32/><U23/><E51/><V13/><F48/><N who="3" m="28695" /><G101/><T24/><D24/><U72/><E66/><V62/><F62/><W37/><G37/><T76/><D76/><U98/><E61/><V4/><F69/><W39/><G39/><T19/><D19/><U79/><E79/><V100/><F100/><W56/><G16/><T107/><D107/><U57/><E98/><V0/><F104/><W99/><G99/><T71/><D71/><U70/><E70/><V83/><F106/><W12/><G86/><T130/><D130/><U2/><E73/><V89/><F85/><W121/><G121/><T22/><D22/><U43/><E75/><V96/><F96/><W132/><G56/><N who="1" m="21578" /><E72/><V64/><F87/><RYUUKYOKU ba="0,1" sc="240,30,250,-10,250,-10,250,-10" hai0="1,6,8,11,15,18,74,77,94,95,124,125,127" /><INIT seed="0,1,1,4,5,133" ten="270,240,240,240" oya="0" hai0="60,103,10,102,117,34,95,33,92,58,3,13,65" hai1="45,99,24,130,105,71,9,61,6,15,43,88,28" hai2="31,47,66,64,109,84,132,101,1,17,106,56,22" hai3="131,119,7,51,129,63,42,48,87,68,4,108,115"/><T54/><D3/><U46/><E130/><N who="3" m="49674" /><G115/><T86/><D117/><U25/><E105/><V135/><F1/><W62/><G119/><T127/><D127/><U111/><E111/><V70/><F70/><W5/><G108/><T116/><D116/><U30/><E71/><V128/><F109/><W74/><G74/><T14/><D14/><U96/><E61/><N who="3" m="23050" /><G68/><T83/><D65/><U125/><E125/><V121/><F128/><W113/><G113/><T52/><D54/><U94/><E99/><V98/><F121/><W44/><G87/><T8/><D34/><U2/><E2/><V90/><F31/><N who="1" m="11817" /><E43/><V97/><F98/><W81/><G81/><T123/><D33/><U38/><E38/><AGARI ba="1,1" hai="4,5,7,38,42,44,48,51" m="23050,49674" machi="38" ten="30,1000,0" yaku="19,1" doraHai="133" who="3" fromWho="1" sc="270,0,240,-13,240,0,240,23" /><INIT seed="1,0,0,4,1,114" ten="270,227,240,263" oya="1" hai0="57,44,63,23,1,92,6,74,12,75,86,27,2" hai1="49,13,32,100,71,126,118,65,123,21,127,15,104" hai2="133,94,14,61,117,79,110,50,0,33,41,119,8" hai3="85,99,45,77,19,90,69,122,68,125,128,70,66"/><U64/><E123/><V7/><F33/><W24/><G122/><T111/><D111/><U81/><E32/><V113/><F110/><W132/><G128/><T29/><D44/><U72/><E118/><V9/><F113/><W107/><G132/><T25/><D25/><U93/><E104/><V102/><F133/><W43/><G77/><T16/><D86/><U129/><E129/><V89/><F102/><W116/><G125/><N who="1" m="47626" /><E49/><V105/><F105/><W51/><G99/><T56/><D92/><U96/><E71/><V53/><F79/><W37/><G107/><T54/><D57/><U115/><E115/><V20/><F20/><W62/><G116/><T131/><D131/><U22/><E22/><V30/><F30/><W10/><G51/><T28/><D28/><U42/><E42/><V135/><F41/><W40/><G43/><T73/><REACH who="0" step="1"/><D6/><REACH who="0" ten="260,227,240,263" step="2"/><U106/><E106/><V18/><F135/><W80/><G24/><T120/><D120/><U67/><E21/><AGARI ba="0,1" hai="1,2,12,16,21,23,27,29,54,56,63,73,74,75" machi="21" ten="40,5200,0" yaku="1,1,54,1,53,1" doraHai="114" doraHaiUra="11" who="0" fromWho="1" sc="260,62,227,-52,240,0,263,0" /><INIT seed="2,0,0,2,0,118" ten="322,175,240,263" oya="2" hai0="0,116,129,80,77,78,85,121,15,3,21,60,57" hai1="29,12,88,109,36,31,100,124,9,102,111,86,104" hai2="5,90,127,63,44,25,119,71,46,97,123,113,42" hai3="24,95,99,122,76,53,45,135,38,69,72,10,34"/><V130/><F119/><W2/><G69/><T103/><D121/><U134/><E36/><V22/><F113/><W66/><G66/><T68/><D68/><U73/><E73/><V94/><F130/><W47/><G135/><T117/><D129/><U87/><E134/><V52/><F127/><W132/><G45/><T120/><D120/><U33/><E124/><V30/><F123/><W17/><G132/><T11/><D103/><U83/><E87/><V13/><F42/><W108/><G108/><N who="1" m="41546" /><E104/><V70/><F70/><W74/><G76/><T133/><D133/><U37/><E37/><V28/><F71/><W8/><G74/><T101/><D78/><U114/><E114/><V106/><F106/><W93/><G72/><T4/><D0/><U65/><E65/><V98/><F30/><N who="1" m="11273" /><E33/><V81/><F98/><W35/><G99/><T40/><D40/><U6/><AGARI ba="0,0" hai="6,9,12,83,86,88,100,102" m="11273,41546" machi="6" ten="30,2000,0" yaku="14,1,54,1" doraHai="118" who="1" fromWho="1" sc="322,-5,175,20,240,-10,263,-5" /><INIT seed="3,0,0,1,1,9" ten="317,195,230,258" oya="3" hai0="4,128,89,112,19,42,102,24,97,109,21,84,119" hai1="67,122,129,91,118,15,75,49,0,93,47,78,131" hai2="117,65,130,82,74,101,66,61,88,59,2,33,34" hai3="64,28,12,31,103,124,133,72,44,50,25,76,68"/><W1/><G1/><T8/><D109/><U127/><E0/><V104/><F117/><W55/><G68/><T38/><D119/><U132/><E118/><V77/><F2/><W35/><G64/><T110/><D110/><U11/><E122/><V36/><F36/><W71/><G71/><T6/><D128/><N who="1" m="49227" /><E67/><V121/><F121/><W46/><G31/><T114/><D42/><N who="1" m="24823" /><E78/><V32/><F130/><W85/><G76/><T63/><D38/><U90/><E75/><V41/><F41/><W20/><G72/><T105/><D63/><U27/><E132/><V125/><F125/><W22/><G124/><T54/><D54/><U81/><E81/><V29/><F66/><W43/><G55/><T10/><D114/><U51/><E127/><V106/><F29/><W16/><G28/><T48/><D48/><U111/><E111/><V60/><F60/><W56/><G50/><T7/><D112/><U123/><E123/><V45/><F45/><W18/><G46/><T26/><D4/><N who="1" m="3559" /><E27/><V87/><F101/><W14/><G103/><T108/><D26/><U80/><E80/><V100/><F100/><W23/><G25/><T95/><D108/><U107/><E107/><V92/><AGARI ba="0,0" hai="32,33,34,59,61,65,74,77,82,87,88,92,104,106" machi="92" ten="30,2000,0" yaku="0,1,54,1" doraHai="9" who="2" fromWho="2" sc="317,-5,195,-5,230,20,258,-10" owari="312,41.2,190,-31.0,250,5.0,248,-15.2" /></mjloggm>