<mjloggm ver="2.3"><GO type="225" lobby="0"/><UN n0="%E3%83%8F%E3%82%AC%E3%82%BF%E3%82%AB%E3%81%AE%E3%81%88%E3%81%98%E3%81%8D" n1="%6D%75%75%73%61%6E%6D%75" n2="%E9%A6%AC%E4%BA%86%E9%9A%94%E5%A3%81" n3="%E3%81%BF%E3%81%BF%E3%81%9A" dan="17,17,17,18" rate="2181.69,2129.01,2229.50,2230.24" sx="M,F,M,M"/><TAIKYOKU oya="0"/><INIT seed="0,0,0,4,2,36" ten="250,250,250,250" oya="0" hai0="14,95,24,112,68,64,93,15,121,66,111,92,101" hai1="54,25,98,44,71,72,55,60,123,48,94,83,113" hai2="81,127,7,76,17,105,10,4,22,118,82,107,99" hai3="13,74,57,115,135,0,89,1,70,103,43,75,110"/><T129/><D112/><U56/><E123/><V62/><F127/><W8/><G70/><T32/><D121/><U73/><E113/><V52/><F118/><W59/><G115/><T124/><D124/><U77/><E71/><V46/><F81/><W114/><G114/><T125/><D125/><U27/><REACH who="1" step="1"/><E73/><REACH who="1" ten="250,240,250,250" step="2"/><V91/><F107/><W50/><G74/><T84/><D68/><U109/><E109/><V126/><F126/><W30/><G75/><T79/><D111/><U26/><E26/><V5/><F105/><W97/><G110/><T23/><D129/><U61/><E61/><V38/><F62/><W34/><G135/><T90/><D101/><AGARI ba="0,1" hai="25,27,44,48,54,55,56,60,72,77,83,94,98,101" machi="101" ten="30,2000,0" yaku="1,1,7,1,53,0" doraHai="36" doraHaiUra="67" who="1" fromWho="0" sc="250,-20,240,30,250,0,250,0" /><INIT seed="1,0,0,1,0,91" ten="230,270,250,250" oya="1" hai0="27,2,129,28,118,29,78,63,47,24,45,13,134" hai1="109,71,135,62,82,14,80,32,103,46,57,60,38" hai2="61,121,74,114,119,72,79,124,1,10,128,64,59" hai3="95,84,75,36,126,93,85,87,101,7,11,68,9"/><U34/><E135/><V105/><F119/><W18/><G36/><T3/><D134/><U56/><E71/><V117/><F117/><W16/><G75/><T94/><D118/><U53/><E109/><V51/><F121/><W77/><G68/><T33/><D78/><U131/><E131/><V35/><F35/><W88/><G126/><T116/><D116/><U5/><E103/><V81/><F105/><W112/><G112/><T21/><D63/><U43/><E32/><V48/><F124/><W25/><G77/><T26/><D94/><U83/><E34/><V102/><F102/><W15/><G25/><N who="0" m="18575" /><D45/><U17/><E5/><V22/><F128/><W8/><G18/><N who="0" m="10447" /><D47/><U92/><E92/><V30/><F74/><W96/><G7/><T42/><D42/><U69/><E69/><V37/><F37/><W127/><G127/><T58/><D58/><U132/><E132/><V110/><F110/><W0/><G0/><N who="0" m="43" /><D129/><U19/><REACH who="1" step="1"/><E14/><REACH who="1" ten="230,260,250,250" step="2"/><V98/><F1/><W6/><G6/><T66/><D66/><AGARI ba="0,1" hai="17,19,38,43,46,53,56,57,60,62,66,80,82,83" machi="66" ten="40,3900,0" yaku="1,1,2,1,53,0" doraHai="91" doraHaiUra="122" who="1" fromWho="0" sc="230,-39,260,49,250,0,250,0" /><INIT seed="1,1,0,1,3,48" ten="191,309,250,250" oya="1" hai0="68,20,23,16,95,57,18,3,29,55,131,61,130" hai1="8,38,88,75,89,97,102,108,67,132,81,116,70" hai2="122,100,83,73,33,58,79,49,47,76,2,85,64" hai3="31,69,14,51,71,10,118,40,124,91,62,26,125"/><U22/><E116/><V6/><F122/><W65/><G118/><T80/><D3/><U19/><E38/><V41/><F33/><W0/><G0/><T106/><D106/><U74/><E132/><V129/><F129/><N who="0" m="49162" /><D68/><U87/><E108/><V9/><F100/><W4/><G91/><T92/><D80/><U54/><E70/><V27/><F27/><W5/><G71/><T30/><D23/><U82/><E67/><V121/><F121/><W107/><G107/><T45/><D18/><U34/><E34/><V21/><F21/><N who="3" m="15823" /><G40/><T1/><D45/><U66/><E66/><V135/><F135/><W105/><G105/><T120/><D1/><U114/><E114/><V113/><F113/><W52/><G14/><N who="0" m="9239" /><D120/><U93/><E8/><V15/><F2/><W94/><G10/><T109/><D109/><U28/><E28/><AGARI ba="1,0" hai="28,29,30,55,57,61,92,95" m="9239,49162" machi="28" ten="30,3900,0" yaku="19,1,52,1,54,1" doraHai="48" who="0" fromWho="1" sc="191,42,309,-42,250,0,250,0" /><INIT seed="2,0,0,3,0,43" ten="233,267,250,250" oya="2" hai0="1,45,60,69,68,70,80,95,88,50,26,86,110" hai1="66,64,71,10,9,85,90,84,12,27,49,106,101" hai2="111,105,18,34,133,131,25,20,104,28,31,134,0" hai3="103,97,132,3,19,96,7,124,113,126,100,2,48"/><V21/><F0/><W78/><G132/><N who="2" m="50793" /><F131/><W13/><G78/><T17/><D1/><U130/><E130/><V98/><F111/><W79/><G79/><T33/><D110/><U62/><E106/><N who="2" m="41067" /><F98/><W108/><G108/><T82/><D60/><U75/><E101/><V83/><F83/><W23/><G113/><T116/><D116/><U15/><E75/><V63/><F63/><W22/><G48/><T6/><D6/><U122/><E122/><V36/><F36/><W127/><G7/><T54/><REACH who="0" step="1"/><D17/><REACH who="0" ten="223,267,250,250" step="2"/><U57/><E62/><V37/><F37/><W53/><G2/><T46/><D46/><U40/><E71/><V8/><F31/><AGARI ba="0,1" hai="26,31,33,45,50,54,68,69,70,80,82,86,88,95" machi="31" ten="40,5200,0" yaku="1,1,52,1,54,1,53,0" doraHai="43" doraHaiUra="32" who="0" fromWho="2" sc="223,62,267,0,250,-52,250,0" /><INIT seed="3,0,0,1,0,115" ten="285,267,198,250" oya="3" hai0="117,130,58,128,67,120,121,13,94,114,135,107,59" hai1="34,106,76,70,18,71,69,41,85,80,36,19,43" hai2="89,87,28,108,97,42,123,2,96,3,110,93,1" hai3="63,24,31,111,45,95,124,40,126,88,5,21,99"/><W72/><G72/><T57/><D107/><U27/><E106/><V8/><F123/><N who="0" m="47178" /><D117/><U48/><E36/><V84/><F28/><W4/><G63/><T49/><D13/><U52/><E34/><V7/><F42/><W29/><G29/><T91/><D114/><U16/><REACH who="1" step="1"/><E27/><REACH who="1" ten="285,257,198,250" step="2"/><V122/><F122/><W77/><G111/><N who="2" m="42537" /><F97/><W133/><G133/><T32/><D32/><U129/><E129/><V37/><F37/><N who="3" m="21647" /><G77/><T35/><D35/><U68/><N who="1" m="17408" /><DORA hai="132" /><U44/><AGARI ba="0,1" hai="16,18,19,41,43,44,48,52,76,80,85" m="17408" machi="44" ten="60,8000,1" yaku="1,1,4,1,0,1,54,2,53,0" doraHai="115,132" doraHaiUra="6,134" who="1" fromWho="1" sc="285,-20,257,90,198,-20,250,-40" owari="265,6.5,347,44.7,178,-32.2,210,-19.0" /></mjloggm>