<mjloggm ver="2.3"><GO type="225" lobby="0"/><UN n0="%72%69%6F%75%63%68%61%6E" n1="%E3%81%8F%E3%82%8A%E3%83%94%E3%83%BC" n2="%E3%81%8A%E3%81%8B%E3%81%8F%E3%82%89" n3="%45%6C%79%73%69%75%6D" dan="17,16,17,18" rate="2228.12,2089.24,2109.34,2166.52" sx="M,M,M,F"/><TAIKYOKU oya="0"/><INIT seed="0,0,0,1,4,15" ten="250,250,250,250" oya="0" hai0="20,112,96,126,97,49,17,93,50,116,18,118,32" hai1="60,25,52,98,31,76,102,133,37,40,71,38,89" hai2="129,6,115,103,10,91,66,90,16,107,45,70,77" hai3="28,108,100,121,51,120,87,59,30,131,63,124,35"/><T4/><D112/><U74/><E133/><V44/><F115/><W56/><G108/><T9/><D32/><U109/><E109/><V12/><F129/><W8/><G131/><T86/><D126/><U106/><E40/><V11/><F77/><W79/><G124/><T132/><D132/><U101/><E89/><V39/><F66/><W75/><G75/><T88/><D118/><U29/><E29/><V47/><F70/><W41/><G100/><T58/><D116/><U48/><E102/><V14/><REACH who="2" step="1"/><F39/><REACH who="2" ten="250,250,240,250" step="2"/><W123/><G79/><T26/><D17/><U0/><E76/><V105/><F105/><W62/><G120/><T5/><D5/><U84/><E37/><V57/><F57/><W125/><G56/><T2/><REACH who="0" step="1"/><D58/><REACH who="0" ten="240,250,240,250" step="2"/><U22/><E71/><V111/><F111/><W94/><G59/><T92/><D92/><U73/><E106/><V78/><F78/><W34/><G125/><T69/><D69/><U85/><E74/><V36/><F36/><W23/><G94/><T95/><D95/><U42/><E73/><V117/><F117/><W128/><G121/><T67/><D67/><U3/><E38/><V114/><F114/><W99/><G123/><T72/><D72/><U68/><E68/><V119/><F119/><W113/><G113/><T13/><D13/><U65/><E65/><V21/><F21/><W19/><G23/><T1/><D1/><U135/><E0/><V61/><F61/><W46/><G62/><T110/><D110/><U55/><E3/><V27/><F27/><W122/><G63/><T82/><D82/><U33/><E22/><RYUUKYOKU ba="0,2" sc="240,15,250,-15,240,15,250,-15" hai0="2,4,9,18,20,26,49,50,86,88,93,96,97" hai2="6,10,11,12,14,16,44,45,47,90,91,103,107" /><INIT seed="0,1,2,4,1,121" ten="255,235,255,235" oya="0" hai0="3,112,114,94,56,101,67,70,81,92,33,47,91" hai1="0,64,124,72,43,71,133,1,106,98,52,131,6" hai2="8,109,37,40,85,111,74,34,105,11,45,44,58" hai3="42,134,120,68,48,31,102,17,79,127,13,16,62"/><T86/><D70/><U60/><E124/><V28/><F74/><W51/><G120/><T90/><D3/><U27/><E72/><V117/><F105/><W87/><G127/><T96/><D33/><U95/><E106/><V103/><F103/><W54/><G134/><T100/><D47/><U49/><E133/><V130/><F130/><W12/><G102/><N who="0" m="39531" /><D56/><U39/><E6/><V35/><F117/><W129/><G31/><T26/><D26/><U23/><E131/><V76/><F58/><W10/><G129/><T2/><D67/><U108/><E108/><N who="2" m="41547" /><F45/><W53/><G68/><T122/><D2/><U84/><E84/><V20/><F20/><W128/><G62/><T69/><D69/><U113/><E113/><N who="0" m="43625" /><D122/><U65/><E65/><V36/><F36/><W38/><G38/><T125/><D125/><U9/><E1/><V46/><F46/><W110/><G110/><T41/><D41/><U119/><E43/><V19/><F28/><W18/><G42/><T123/><D123/><U97/><E39/><V116/><F116/><W132/><G128/><T30/><D30/><U80/><E23/><V21/><F34/><W66/><G66/><T25/><D25/><U63/><E27/><N who="2" m="14783" /><F35/><W75/><G132/><T118/><D118/><U78/><E119/><V22/><F22/><W99/><G53/><T15/><D15/><U77/><E52/><V83/><AGARI ba="1,2" hai="8,11,37,40,44,76,83,85" m="14783,41547" machi="83" ten="30,7900,0" yaku="14,1,52,3" doraHai="121" who="2" fromWho="2" sc="255,-40,235,-21,255,102,235,-21" /><INIT seed="1,0,0,0,0,56" ten="215,214,357,214" oya="1" hai0="109,25,133,98,87,88,94,131,117,19,122,53,2" hai1="130,128,24,61,81,103,77,134,80,58,5,86,42" hai2="17,45,37,79,43,12,21,46,8,104,35,13,91" hai3="6,10,40,32,118,20,95,38,116,124,66,51,132"/><U28/><E134/><V41/><F35/><W89/><G32/><T83/><D117/><N who="3" m="45161" /><G132/><T22/><D109/><U30/><E5/><V110/><F110/><W99/><G124/><T68/><D131/><N who="1" m="50219" /><E103/><V7/><F104/><W107/><G107/><T27/><D133/><U65/><E42/><V33/><F33/><W101/><G20/><T52/><D122/><U39/><E39/><V120/><F120/><W129/><G129/><T106/><D68/><U108/><E108/><V9/><F91/><W55/><G66/><T113/><D113/><U112/><E112/><V72/><F79/><W69/><G69/><T71/><D71/><U34/><E81/><V73/><F21/><W14/><G40/><T29/><D2/><U102/><E102/><V64/><F64/><W126/><G126/><T100/><REACH who="0" step="1"/><D106/><REACH who="0" ten="205,214,357,214" step="2"/><U119/><E119/><V11/><F37/><W60/><G38/><T125/><D125/><U70/><E70/><V44/><F41/><W105/><G105/><T78/><D78/><U97/><E30/><V48/><F43/><W92/><G101/><T3/><D3/><U26/><E28/><V67/><F7/><W36/><G36/><T18/><D18/><U47/><E77/><V50/><F17/><W82/><G6/><T84/><D84/><U114/><E86/><V49/><F72/><W75/><G75/><T31/><D31/><U16/><E16/><V1/><F1/><W54/><G99/><T93/><D93/><U115/><E97/><V0/><F73/><W62/><G92/><T90/><D90/><U74/><E74/><V96/><F0/><RYUUKYOKU ba="0,1" sc="205,30,214,-10,357,-10,214,-10" hai0="19,22,25,27,29,52,53,83,87,88,94,98,100" /><INIT seed="2,1,1,1,0,18" ten="235,204,347,204" oya="2" hai0="86,49,107,74,0,21,41,23,37,50,82,79,119" hai1="15,134,131,78,128,45,105,7,20,71,28,34,52" hai2="61,46,122,60,126,62,110,97,42,4,43,14,102" hai3="30,5,127,129,19,112,57,96,40,31,65,124,27"/><V32/><F32/><W44/><G112/><T38/><D0/><U116/><E116/><V80/><F126/><N who="3" m="48171" /><G129/><N who="1" m="49738" /><E134/><V135/><F62/><N who="3" m="38095" /><G5/><T10/><D107/><U117/><E117/><V120/><F14/><W36/><G96/><T17/><D119/><U26/><E105/><V91/><F80/><W47/><G47/><N who="0" m="25839" /><D74/><U6/><E71/><V85/><F102/><W22/><AGARI ba="1,1" hai="19,22,27,30,31,36,40,44" m="38095,48171" machi="22" ten="30,2000,0" yaku="18,1,52,1" doraHai="18" who="3" fromWho="3" sc="235,-6,204,-6,347,-11,204,33" /><INIT seed="3,0,0,5,4,10" ten="229,198,336,237" oya="3" hai0="124,58,113,108,23,133,39,95,30,98,72,97,35" hai1="28,127,24,36,42,114,32,96,89,109,94,81,92" hai2="100,116,26,19,17,59,130,61,78,12,8,64,49" hai3="69,50,43,115,105,60,16,119,31,1,102,51,79"/><W3/><G119/><T87/><D72/><U118/><E114/><V34/><F130/><W38/><G115/><T40/><D35/><U29/><E118/><V55/><F116/><W22/><G31/><T21/><D113/><U117/><E117/><V83/><F100/><W6/><G79/><T56/><D108/><U53/><E109/><V134/><F134/><W101/><G38/><T48/><D133/><U121/><E121/><V110/><F110/><W57/><G69/><T68/><D68/><U25/><E127/><V131/><F34/><W85/><G85/><T120/><D124/><U44/><E81/><V126/><F26/><W74/><G74/><T86/><D39/><U73/><E73/><V4/><F131/><W20/><G20/><N who="0" m="7755" /><D30/><U66/><E66/><V14/><F14/><W63/><G6/><T93/><D120/><U122/><E122/><V88/><F88/><W111/><G3/><T15/><D15/><U135/><E135/><V65/><F65/><W11/><G11/><T99/><D93/><U77/><E77/><V7/><F7/><W46/><G1/><T47/><D87/><U62/><E94/><V52/><F64/><W33/><G33/><T9/><D9/><U129/><E129/><V82/><F126/><W67/><G105/><T18/><D18/><N who="2" m="6666" /><F78/><W71/><G111/><T123/><D123/><U90/><E90/><AGARI ba="0,0" hai="40,47,48,56,58,86,90,95,97,98,99" m="7755" machi="90" ten="30,1000,0" yaku="8,1" doraHai="10" who="0" fromWho="1" sc="229,10,198,-10,336,0,237,0" owari="239,3.9,188,-31.2,336,43.6,237,-16.3" /></mjloggm>