<mjloggm ver="2.3"><GO type="225" lobby="0"/><UN n0="%E3%83%A9%E3%83%BC%E3%83%A1%E3%83%B3%E4%BA%94%E9%83%8E" n1="%73%61%6E%64%69%72%69%73" n2="%E7%B4%94%E6%BD%94%E3%83%94%E3%83%A9%E3%83%8B%E3%82%A2" n3="%E6%97%A5%E6%9B%9C%E6%97%A5%E3%82%88%E3%82%8A%E3%81%AE%E4%BD%BF%E8%80%85" dan="16,16,16,17" rate="2091.29,2160.58,2069.14,2148.76" sx="M,M,M,M"/><TAIKYOKU oya="0"/><INIT seed="0,0,0,1,5,116" ten="250,250,250,250" oya="0" hai0="18,78,41,79,112,56,7,122,6,117,133,109,96" hai1="121,98,106,32,90,110,87,63,46,74,95,14,42" hai2="99,118,1,68,127,59,4,80,19,22,10,23,0" hai3="48,67,28,70,50,76,15,101,100,60,2,134,64"/><T86/><D112/><U115/><E32/><V16/><F68/><W92/><G2/><T3/><D117/><U83/><E110/><V38/><F38/><W45/><G134/><T34/><D133/><U113/><E63/><V39/><F39/><W44/><G76/><T29/><D109/><U53/><E53/><V88/><F118/><W97/><G28/><T11/><D6/><U9/><E121/><V40/><F40/><W131/><G131/><T31/><D122/><U12/><E106/><V94/><F127/><W75/><G75/><T91/><D41/><U27/><E27/><V104/><F104/><W69/><G15/><T17/><D96/><U35/><E35/><V43/><F43/><W120/><G92/><T5/><D5/><U62/><E62/><V57/><F0/><W128/><G60/><T103/><D103/><U13/><E74/><V84/><F22/><W108/><G97/><T58/><D34/><U126/><E126/><V119/><F119/><W47/><G47/><T52/><D58/><U49/><REACH who="1" step="1"/><E9/><REACH who="1" ten="250,240,250,250" step="2"/><V111/><F111/><W8/><G8/><T123/><D123/><U73/><E73/><V20/><F20/><W54/><G54/><T37/><D11/><U26/><E26/><V61/><F61/><W114/><G108/><T107/><D107/><U85/><E85/><V71/><F71/><W25/><G120/><T77/><D86/><U105/><E105/><V21/><F23/><W93/><G70/><T72/><D72/><U129/><E129/><V51/><F21/><W33/><G69/><T102/><D52/><U82/><E82/><RYUUKYOKU ba="0,1" sc="250,-10,240,30,250,-10,250,-10" hai1="12,13,14,42,46,49,83,87,90,95,98,113,115" /><INIT seed="1,1,1,4,3,92" ten="240,270,240,240" oya="1" hai0="19,90,56,64,16,49,125,29,20,133,127,110,26" hai1="73,38,25,97,104,23,44,66,33,107,40,75,77" hai2="94,39,31,9,124,28,98,80,103,17,46,111,72" hai3="129,3,122,102,48,36,91,41,12,85,6,60,135"/><U101/><E23/><V18/><F111/><W30/><G122/><T114/><D114/><U83/><E66/><V7/><F124/><N who="0" m="47690" /><D133/><U58/><E58/><V54/><F72/><W69/><G135/><T105/><D110/><U2/><E2/><V121/><F121/><W93/><G129/><T11/><D105/><N who="1" m="63663" /><E75/><V106/><F106/><W112/><G112/><T87/><D11/><U131/><E131/><V63/><F80/><W108/><G108/><T51/><D64/><U88/><E88/><V132/><F132/><W67/><G3/><T21/><D56/><U78/><E77/><V109/><F109/><W116/><G116/><T82/><D29/><AGARI ba="1,1" hai="25,29,33,38,40,44,73,78,83,104,107" m="63663" machi="29" ten="30,5800,0" yaku="33,2,52,1" doraHai="92" who="1" fromWho="0" sc="240,-61,270,71,240,0,240,0" /><INIT seed="1,2,0,0,3,110" ten="179,341,240,240" oya="1" hai0="111,3,49,78,56,91,101,63,14,79,36,76,26" hai1="121,68,18,134,47,90,129,77,104,95,85,98,64" hai2="112,7,10,20,16,6,82,53,32,119,106,13,128" hai3="103,15,51,59,133,107,41,67,33,65,96,54,57"/><U48/><E121/><V9/><F106/><W88/><G33/><T81/><D111/><U80/><E134/><V11/><F119/><W97/><G133/><T86/><D36/><U108/><E129/><V55/><F128/><W123/><G123/><T8/><D3/><U23/><E108/><V124/><F124/><W99/><G41/><T40/><D101/><U122/><E122/><V87/><F32/><W30/><G30/><T1/><D1/><U27/><E104/><V69/><F69/><W75/><G75/><T120/><D120/><U92/><E68/><V109/><F112/><W2/><G2/><T70/><D70/><U5/><E64/><V89/><REACH who="2" step="1"/><F109/><REACH who="2" ten="179,341,230,240" step="2"/><W25/><G107/><T114/><D114/><U12/><E95/><V94/><F94/><W116/><G116/><T34/><D34/><U22/><E92/><V31/><F31/><W66/><G103/><T43/><D26/><U45/><E27/><V126/><F126/><W4/><G25/><T35/><D35/><U39/><E80/><V102/><F102/><W131/><G131/><T135/><D135/><U42/><E39/><V115/><F115/><W125/><G125/><T60/><D49/><U71/><E48/><V58/><F58/><W24/><G24/><T83/><D81/><U50/><E50/><V46/><F46/><W0/><G59/><T113/><D113/><U117/><E47/><V38/><F38/><W118/><G118/><T130/><D130/><U37/><E71/><V105/><F105/><W72/><G57/><T84/><D56/><U52/><E117/><V19/><F19/><RYUUKYOKU ba="2,1" sc="179,-10,341,-10,230,30,240,-10" hai2="6,7,9,10,11,13,16,20,53,55,82,87,89" /><INIT seed="2,3,1,0,5,124" ten="169,331,260,230" oya="2" hai0="14,28,37,116,103,40,23,46,107,128,118,78,127" hai1="12,3,15,97,94,21,17,122,35,90,29,6,9" hai2="100,134,131,112,68,16,105,36,133,95,76,32,45" hai3="121,26,69,119,126,88,80,72,102,64,135,66,99"/><V71/><F112/><W10/><G119/><T39/><D127/><U11/><E122/><V63/><F32/><W59/><G121/><T25/><D37/><U54/><E35/><V75/><F131/><W38/><G38/><T85/><D14/><U18/><E29/><V53/><F105/><W73/><G69/><T19/><D28/><U13/><REACH who="1" step="1"/><E54/><REACH who="1" ten="169,321,260,230" step="2"/><V74/><F53/><W62/><G126/><T31/><D31/><U27/><AGARI ba="3,2" hai="3,6,9,11,12,13,15,17,18,21,27,90,94,97" machi="27" ten="20,5200,0" yaku="1,1,2,1,0,1,7,1,53,0" doraHai="124" doraHaiUra="41" who="1" fromWho="1" sc="169,-16,321,81,260,-29,230,-16" /><INIT seed="3,0,0,4,0,23" ten="153,402,231,214" oya="3" hai0="10,5,44,102,95,93,98,38,27,64,35,32,115" hai1="81,124,9,67,14,17,125,111,114,113,89,21,56" hai2="39,69,118,109,78,45,132,6,59,135,97,130,43" hai3="65,101,22,92,68,55,100,41,86,134,4,131,108"/><W34/><G34/><T30/><D115/><U52/><E111/><V73/><F118/><W62/><G131/><T91/><D35/><U84/><E67/><V12/><F109/><W0/><G134/><N who="2" m="51241" /><F69/><W117/><G117/><T2/><D64/><U20/><E20/><V31/><F31/><W58/><G108/><T53/><D38/><U48/><E9/><N who="2" m="4151" /><F130/><W112/><G112/><T82/><D82/><U76/><E76/><V107/><F59/><W121/><G121/><T80/><D80/><U29/><E29/><V103/><F78/><W104/><G104/><T126/><D126/><AGARI ba="0,0" hai="14,17,21,48,52,56,81,84,89,113,114,124,125,126" machi="126" ten="40,2600,0" yaku="18,1,54,1" doraHai="23" who="1" fromWho="0" sc="153,-26,402,26,231,0,214,0" owari="127,-37.3,428,52.8,231,3.1,214,-18.6" /></mjloggm>