<mjloggm ver="2.3"><GO type="225" lobby="0"/><UN n0="%E3%82%82%E3%81%90%E3%82%89" n1="%E3%81%82%E3%82%93%E3%81%AA%E3%81%A4" n2="%E9%89%A2%E5%B7%BB%E3%82%AC%E3%83%96" n3="%72%69%6F%75%63%68%61%6E" dan="17,17,16,17" rate="2185.19,2175.42,2074.94,2220.13" sx="M,M,M,M"/><TAIKYOKU oya="0"/><INIT seed="0,0,0,4,2,24" ten="250,250,250,250" oya="0" hai0="59,117,15,17,65,64,77,72,54,9,109,35,38" hai1="8,87,34,63,86,103,119,21,92,129,85,19,81" hai2="28,1,37,11,116,98,4,58,112,82,39,128,110" hai3="23,70,46,94,121,57,6,0,30,40,49,122,125"/><T111/><D117/><U131/><E34/><V48/><F112/><W133/><G125/><T73/><D38/><U42/><E119/><V27/><F110/><N who="0" m="41994" /><D35/><U118/><E118/><V7/><F128/><N who="1" m="49225" /><E42/><V45/><F7/><W44/><G133/><T71/><D71/><U114/><E63/><V10/><F10/><N who="3" m="2375" /><G70/><T13/><D13/><N who="1" m="9455" /><E8/><V75/><F58/><W106/><G106/><T76/><D73/><U105/><E105/><V26/><F26/><N who="3" m="16735" /><G94/><T47/><D72/><U120/><E120/><N who="3" m="46186" /><G40/><T113/><D113/><U61/><E114/><V55/><F98/><W91/><G91/><T51/><D65/><U60/><E81/><V127/><F127/><W41/><G41/><N who="0" m="25071" /><D64/><U33/><E33/><V25/><F116/><W95/><G95/><T53/><D53/><AGARI ba="0,0" hai="44,46,49,53,57" m="46186,16735,2375" machi="53" ten="30,2000,0" yaku="13,1,52,1" doraHai="24" who="3" fromWho="0" sc="250,-20,250,0,250,0,250,20" /><INIT seed="1,0,0,2,5,87" ten="230,250,250,270" oya="1" hai0="56,86,102,76,75,82,90,54,96,21,113,1,68" hai1="19,101,64,120,134,99,2,45,71,28,114,7,83" hai2="62,95,25,100,22,80,88,16,60,135,132,3,66" hai3="24,51,65,14,23,126,112,35,38,79,29,97,11"/><U105/><E114/><V39/><F3/><W41/><G126/><T17/><D113/><U123/><E134/><N who="2" m="51243" /><F39/><W4/><G112/><T106/><D68/><U118/><E19/><V20/><F80/><W73/><G65/><T109/><D1/><U119/><E28/><N who="2" m="17447" /><F100/><W91/><G38/><T74/><D109/><U122/><E45/><V63/><F66/><W116/><G116/><T94/><D56/><U37/><E37/><V18/><F22/><W89/><G97/><AGARI ba="0,0" hai="16,18,60,62,63,88,95,97" m="17447,51243" machi="97" ten="30,7700,0" yaku="20,1,52,1,54,2" doraHai="87" who="2" fromWho="3" sc="230,0,250,0,250,77,270,-77" /><INIT seed="2,0,0,5,2,22" ten="230,250,327,193" oya="2" hai0="61,133,81,90,46,48,38,82,97,96,105,25,74" hai1="121,80,17,88,85,79,76,115,16,51,20,26,21" hai2="29,70,99,110,123,130,93,40,3,10,0,2,127" hai3="94,36,118,8,129,95,18,112,87,109,84,104,42"/><V67/><F123/><W56/><G118/><T30/><D38/><U69/><E115/><V72/><F72/><W63/><G104/><T77/><D133/><U52/><E69/><V107/><F93/><W113/><G109/><T106/><D61/><U57/><E121/><V111/><F40/><W65/><G129/><T39/><D39/><U19/><E19/><V50/><F50/><W7/><G18/><T66/><D66/><U103/><E103/><N who="2" m="62975" /><F127/><W68/><G68/><T49/><D49/><U102/><E102/><V24/><F10/><W28/><G28/><T114/><D114/><N who="3" m="44137" /><G95/><T71/><D71/><U92/><E80/><V34/><F130/><W132/><G132/><T98/><D82/><U125/><E125/><V5/><F5/><W58/><G94/><T116/><D116/><U124/><E124/><V117/><F117/><W41/><G56/><T27/><D90/><U12/><AGARI ba="0,0" hai="12,16,17,20,21,26,51,52,57,76,79,85,88,92" machi="12" ten="20,16000,3" yaku="0,1,7,1,25,2,8,1,52,1,54,3" doraHai="22" who="1" fromWho="1" sc="230,-40,250,160,327,-80,193,-40" /><INIT seed="3,0,0,2,2,101" ten="190,410,247,153" oya="3" hai0="78,134,99,72,13,70,31,45,106,96,55,73,111" hai1="35,115,69,77,80,6,43,114,59,7,47,65,18" hai2="128,66,26,39,118,102,91,84,131,105,37,110,85" hai3="88,8,104,0,17,62,79,14,24,44,108,9,90"/><W21/><G108/><T109/><D70/><U81/><E35/><V57/><F118/><W52/><G104/><T11/><D31/><U46/><E69/><V97/><F84/><W5/><G79/><T56/><D45/><U23/><E114/><V121/><F121/><W10/><G10/><T49/><D134/><U100/><E100/><V15/><F15/><W123/><G123/><T36/><D36/><U120/><E47/><V113/><F113/><W63/><G63/><T86/><D86/><U95/><E95/><V41/><F41/><W112/><G112/><T89/><D89/><U130/><E18/><V58/><F26/><W127/><G127/><T76/><D76/><U53/><E23/><V98/><F98/><N who="0" m="37418" /><D106/><U27/><E27/><V107/><F107/><W135/><G135/><T61/><D49/><U16/><E130/><N who="2" m="49707" /><F110/><N who="0" m="41994" /><D78/><U4/><E53/><V68/><F68/><W48/><REACH who="3" step="1"/><G62/><REACH who="3" ten="190,410,247,143" step="2"/><T103/><D103/><U119/><E77/><V33/><F66/><W75/><G75/><T38/><D38/><U133/><E65/><V2/><F37/><W126/><G126/><T50/><D61/><U54/><E115/><V20/><F39/><W93/><G93/><T64/><D64/><U29/><E120/><V19/><F105/><W40/><G40/><T124/><D124/><U28/><E133/><V3/><F3/><W67/><G67/><T34/><D34/><U60/><E43/><V125/><F2/><W12/><G12/><T1/><D1/><U74/><E60/><V83/><F33/><W92/><G92/><T122/><D122/><U117/><E74/><RYUUKYOKU ba="0,1" sc="190,15,410,-15,247,-15,143,15" hai0="11,13,50,55,56,72,73" hai3="0,5,8,9,14,17,21,24,44,48,52,88,90" /><INIT seed="3,1,1,5,5,51" ten="205,395,232,158" oya="3" hai0="4,47,60,107,44,55,2,7,130,85,45,89,76" hai1="28,9,1,50,41,96,10,70,61,126,16,91,98" hai2="121,97,94,115,54,110,14,123,38,122,124,21,53" hai3="116,131,32,66,49,37,62,26,27,102,88,79,58"/><W15/><G116/><T117/><D117/><U57/><E70/><V42/><F110/><W29/><G37/><T24/><D107/><U56/><E1/><V125/><F115/><W113/><G113/><T17/><D130/><U31/><E126/><N who="2" m="48747" /><F42/><W73/><G131/><T23/><D76/><U106/><E91/><N who="2" m="55519" /><F38/><W36/><G36/><T103/><D103/><U69/><E57/><V20/><F14/><W129/><G129/><T118/><D2/><U72/><E9/><V13/><F13/><W82/><G102/><T52/><D118/><U90/><E31/><V59/><F54/><N who="0" m="20522" /><D60/><AGARI ba="1,1" hai="20,21,53,59,60,121,122,123" m="55519,48747" machi="60" ten="40,5200,0" yaku="13,1,18,1,52,1" doraHai="51" who="2" fromWho="0" sc="205,-55,395,0,232,65,158,0" owari="150,-35.0,395,49.5,297,9.7,158,-24.2" /></mjloggm>