<mjloggm ver="2.3"><GO type="225" lobby="0"/><UN n0="%E3%81%93%E3%81%8F%E3%82%89%E3%82%AB%E3%83%90%E8%94%B5" n1="%72%69%6F%75%63%68%61%6E" n2="%E5%91%A8%E6%9D%B1" n3="%E3%82%B3%E3%83%90%E3%83%AC%E3%82%A4" dan="16,16,17,16" rate="2088.80,2214.75,2108.40,2182.93" sx="M,M,M,M"/><TAIKYOKU oya="0"/><INIT seed="0,0,0,3,2,25" ten="250,250,250,250" oya="0" hai0="79,49,88,61,116,35,101,36,37,87,5,54,23" hai1="121,135,119,93,83,31,73,95,26,110,47,15,107" hai2="85,1,62,51,39,65,4,0,67,122,128,22,97" hai3="129,98,117,38,118,75,84,11,13,21,48,44,41"/><T105/><D35/><U52/><E119/><V58/><F39/><W57/><G75/><T2/><D116/><U71/><E121/><V69/><F122/><W113/><G113/><T114/><D79/><U50/><E107/><V96/><F128/><W56/><G129/><T32/><D32/><U115/><E115/><V92/><F85/><W104/><G57/><T27/><D61/><U94/><E110/><V72/><F72/><W74/><G74/><T53/><D114/><U103/><E135/><V59/><F69/><W78/><G104/><T14/><D2/><U19/><E71/><V100/><F4/><W123/><G123/><T12/><D53/><U86/><E73/><V126/><F126/><W10/><G11/><T63/><D63/><U102/><E15/><V124/><F124/><W125/><G13/><T91/><D91/><U42/><E19/><V120/><F120/><W6/><G6/><T46/><D101/><U131/><E42/><V77/><F77/><W7/><G41/><T76/><D76/><N who="1" m="46439" /><E131/><V81/><F67/><W18/><G7/><T90/><D90/><U20/><AGARI ba="0,0" hai="20,26,31,47,50,52,93,94,95,102,103" m="46439" machi="20" ten="30,4000,0" yaku="8,1,52,1,54,1" doraHai="25" who="1" fromWho="1" sc="250,-20,250,40,250,-10,250,-10" /><INIT seed="1,0,0,4,2,82" ten="230,290,240,240" oya="1" hai0="101,121,118,48,105,35,74,111,34,103,25,119,86" hai1="123,61,117,99,76,13,98,40,36,133,88,115,15" hai2="28,63,69,22,47,134,17,130,62,5,128,10,3" hai3="106,59,94,127,70,31,26,73,108,51,29,49,14"/><U131/><E115/><V42/><F28/><W66/><G70/><T112/><D74/><U64/><E117/><V75/><F75/><W83/><G106/><T60/><D112/><U135/><E123/><V52/><F134/><N who="1" m="51209" /><E131/><N who="2" m="50219" /><F69/><W58/><G127/><T27/><D105/><U71/><E76/><V56/><F63/><W16/><G108/><T114/><D114/><U122/><E122/><V33/><F33/><W20/><G31/><T126/><D121/><U24/><E24/><V53/><F56/><W107/><G107/><T32/><D32/><U129/><E129/><V92/><F92/><W11/><G58/><T79/><D111/><U0/><E0/><V124/><F62/><W95/><G73/><T44/><D126/><U18/><E13/><N who="2" m="9519" /><F124/><W72/><G72/><T8/><D34/><U109/><E109/><V132/><F132/><W78/><G66/><T87/><D35/><U80/><E40/><V6/><F6/><W113/><G113/><T102/><D118/><U90/><E36/><AGARI ba="0,0" hai="3,5,10,36,42,47,52,53" m="9519,50219" machi="36" ten="30,2000,0" yaku="19,1,54,1" doraHai="82" who="2" fromWho="1" sc="230,0,290,-20,240,20,240,0" /><INIT seed="2,0,0,2,4,47" ten="230,270,260,240" oya="2" hai0="46,52,16,76,103,65,0,45,77,117,104,87,55" hai1="12,11,119,1,4,134,41,40,67,116,121,89,99" hai2="15,88,73,94,49,126,20,9,6,90,85,64,84" hai3="33,132,82,83,128,124,72,125,71,35,38,53,135"/><V107/><F73/><W31/><G71/><T56/><D0/><U86/><E134/><N who="3" m="51242" /><G38/><T100/><D117/><U61/><E121/><V69/><F126/><N who="3" m="48747" /><G53/><N who="0" m="20555" /><D104/><U129/><E129/><V81/><F107/><W21/><G72/><T78/><D87/><U115/><E115/><V113/><F113/><W29/><G83/><T98/><D98/><U19/><E99/><V14/><F69/><W130/><G82/><T42/><D16/><U63/><E61/><V37/><F37/><W118/><G118/><T114/><D114/><U54/><E54/><V66/><F49/><W7/><G21/><T131/><D131/><N who="3" m="50217" /><G7/><T26/><D26/><U102/><E119/><V13/><REACH who="2" step="1"/><F20/><REACH who="2" ten="230,270,250,240" step="2"/><W75/><G75/><T28/><D28/><AGARI ba="0,1" hai="28,29,31,33,35" m="50217,48747,51242" machi="28" ten="40,32000,5" yakuman="39" doraHai="47" who="3" fromWho="0" sc="230,-320,270,0,250,0,240,330" owari="-90,-59.0,270,7.0,250,-15.0,570,67.0" /></mjloggm>