<mjloggm ver="2.3"><GO type="225" lobby="0"/><UN n0="%E6%81%A5%E6%99%92%E3%81%97" n1="%E3%81%A4%E3%81%A3%E3%81%B1%E3%82%8A%E3%83%9D%E3%83%BC%E3%83%AB" n2="%E3%83%A9%E3%82%A4%E3%83%B3%E3%81%AE%E8%99%8E" n3="%E3%80%93%E3%81%97%E3%83%BC%E3%82%89%E3%80%93" dan="16,17,16,17" rate="2127.11,2214.41,2080.75,2225.11" sx="M,M,M,M"/><TAIKYOKU oya="0"/><INIT seed="0,0,0,3,2,129" ten="250,250,250,250" oya="0" hai0="60,61,64,45,12,100,119,2,47,126,91,67,3" hai1="88,122,40,96,10,75,68,117,53,99,56,123,23" hai2="113,16,6,48,66,90,52,87,76,0,72,21,18" hai3="17,106,98,97,42,24,118,50,54,30,70,93,131"/><T58/><D119/><U105/><E117/><V83/><F113/><W130/><G70/><T74/><D74/><U110/><E68/><V13/><F66/><W86/><G118/><T84/><D126/><U120/><E75/><V39/><F39/><W134/><G42/><T8/><D100/><U14/><E110/><V135/><F135/><W43/><G43/><T95/><D3/><U5/><E40/><V49/><F18/><W73/><G134/><T55/><D2/><U41/><E41/><V15/><F0/><W29/><G73/><T25/><D25/><U4/><E4/><V32/><F32/><W79/><G17/><T80/><D95/><U38/><E38/><V121/><F121/><W124/><G106/><T81/><D81/><U26/><E105/><V63/><F6/><W111/><G111/><T28/><D28/><U27/><E88/><V114/><F13/><W128/><G30/><T9/><D9/><U116/><E116/><V51/><F114/><W31/><G31/><T35/><D35/><U1/><E1/><V82/><REACH who="2" step="1"/><F63/><REACH who="2" ten="250,250,240,250" step="2"/><W108/><G130/><T11/><D11/><U34/><E34/><V102/><F102/><W20/><G128/><T92/><D67/><U109/><E109/><V36/><F36/><W71/><G108/><T7/><REACH who="0" step="1"/><D80/><REACH who="0" ten="240,250,240,250" step="2"/><U94/><E27/><V85/><F85/><W132/><G86/><T69/><AGARI ba="0,2" hai="7,8,12,45,47,55,58,60,61,64,69,84,91,92" machi="69" ten="20,7800,0" yaku="1,1,2,1,0,1,7,1,53,0" doraHai="129" doraHaiUra="37" who="0" fromWho="0" sc="240,98,250,-26,240,-26,250,-26" /><INIT seed="0,1,0,3,1,30" ten="338,224,214,224" oya="0" hai0="53,109,92,35,90,73,25,1,6,66,50,11,41" hai1="0,43,36,74,17,87,81,3,75,131,71,27,95" hai2="5,106,108,134,97,83,59,26,122,133,8,130,51" hai3="96,22,114,102,45,9,31,100,14,115,107,16,69"/><T132/><D73/><U126/><E126/><V105/><F122/><W80/><G69/><T55/><D132/><U40/><E71/><V21/><F108/><W98/><G45/><T4/><D109/><U86/><E131/><V67/><F83/><W135/><G135/><N who="2" m="51721" /><F97/><W12/><G80/><T123/><D66/><U72/><E36/><V104/><F130/><W110/><G110/><T79/><D79/><U44/><E95/><V127/><F127/><W82/><G82/><T99/><D4/><U101/><E101/><V34/><F34/><W46/><G46/><T37/><D37/><U52/><E87/><V47/><F59/><W85/><G85/><T61/><D123/><U117/><E117/><V124/><F67/><W84/><G84/><T57/><D41/><N who="1" m="15947" /><E86/><V56/><F56/><W62/><G62/><T28/><REACH who="0" step="1"/><D55/><REACH who="0" ten="328,224,214,224" step="2"/><U2/><E75/><V103/><F124/><W77/><G77/><T58/><D58/><U112/><E74/><V125/><F125/><W7/><REACH who="3" step="1"/><G31/><REACH who="3" ten="328,224,214,214" step="2"/><T29/><D29/><U15/><E72/><V91/><F5/><W64/><G64/><T70/><D70/><U63/><E81/><V20/><F47/><W60/><G60/><AGARI ba="1,2" hai="1,6,11,25,28,35,50,53,57,60,61,90,92,99" machi="60" ten="40,3900,0" yaku="1,1,52,1,53,0" doraHai="30" doraHaiUra="78" who="0" fromWho="3" sc="328,62,224,0,214,0,214,-42" /><INIT seed="0,2,0,4,5,97" ten="390,224,214,172" oya="0" hai0="115,88,70,101,118,91,73,99,95,8,50,44,69" hai1="9,125,119,128,29,11,93,0,7,106,96,17,16" hai2="14,57,82,2,100,114,28,13,6,134,113,3,22" hai3="78,18,48,47,79,12,102,32,77,19,110,52,111"/><T87/><D115/><U89/><E119/><V92/><F134/><W39/><G32/><T20/><D73/><U31/><E128/><V60/><F82/><W83/><G39/><T132/><D132/><U112/><E112/><V98/><F114/><W30/><G30/><T74/><D74/><U49/><E125/><V127/><F127/><W25/><G25/><T86/><D20/><U1/><E106/><V120/><F120/><W62/><G62/><T126/><D126/><U21/><E49/><V76/><F76/><W23/><G19/><T124/><D118/><U35/><E35/><V61/><F61/><W71/><G71/><T81/><D8/><U109/><E109/><N who="3" m="41482" /><G83/><T90/><D124/><U67/><E67/><N who="2" m="39311" /><F113/><W75/><G75/><T122/><D70/><U54/><E54/><V53/><F53/><W123/><G123/><T38/><D69/><U116/><E116/><V94/><F6/><W4/><G4/><T46/><D122/><U72/><E72/><V36/><F36/><W133/><G133/><T131/><D81/><U26/><E0/><V64/><F64/><W63/><G63/><T15/><D38/><U117/><E117/><V40/><F40/><W107/><G107/><T104/><D15/><N who="2" m="5642" /><F94/><W56/><G56/><T45/><D104/><U55/><E55/><V10/><F10/><W84/><G84/><N who="0" m="32299" /><D131/><U80/><E80/><V121/><F121/><W68/><G68/><T24/><D24/><AGARI ba="2,0" hai="2,3,22,24,28,92,98,100" m="5642,39311" machi="24" ten="30,2000,0" yaku="25,1,52,1" doraHai="97" who="2" fromWho="0" sc="390,-26,224,0,214,26,172,0" /><INIT seed="1,0,0,5,1,133" ten="364,224,240,172" oya="1" hai0="66,62,49,10,117,110,124,18,93,113,60,11,3" hai1="54,75,73,38,91,118,111,90,129,17,59,65,48" hai2="108,7,36,35,112,56,32,22,50,82,28,114,15" hai3="37,21,123,122,8,102,109,135,134,125,103,83,107"/><U5/><E118/><V53/><F36/><W23/><G37/><T40/><D113/><N who="2" m="43626" /><F108/><W72/><G8/><T88/><D110/><U43/><E111/><V58/><F7/><W70/><G109/><T120/><D117/><U39/><E5/><V47/><F82/><W41/><G41/><T57/><D120/><N who="3" m="46121" /><G70/><T92/><D92/><U85/><E39/><V29/><F15/><W26/><G26/><T105/><D105/><U127/><E65/><V116/><F116/><W71/><G71/><T45/><D3/><U6/><E91/><V78/><F78/><N who="3" m="44487" /><G21/><T12/><D62/><U25/><E6/><V16/><F29/><W96/><G23/><N who="0" m="11719" /><D124/><U55/><E127/><V13/><F28/><W20/><G20/><T98/><AGARI ba="0,0" hai="10,11,40,45,49,57,60,66,88,93,98" m="11719" machi="98" ten="30,2000,0" yaku="8,1,54,1" doraHai="133" who="0" fromWho="0" sc="364,20,224,-10,240,-5,172,-5" /><INIT seed="2,0,0,2,3,112" ten="384,214,235,167" oya="2" hai0="97,43,84,10,71,101,14,24,120,61,48,58,49" hai1="115,12,81,92,26,5,99,75,68,13,63,96,3" hai2="53,74,6,4,28,36,124,132,129,55,41,30,32" hai3="125,83,93,23,80,91,59,39,116,94,113,76,56"/><V15/><F74/><W105/><G39/><T114/><D114/><U19/><E115/><V44/><F124/><W22/><G113/><T103/><D120/><U95/><E3/><V66/><F132/><W25/><G105/><T47/><D71/><U130/><E130/><V87/><F129/><W21/><G125/><T50/><D24/><U117/><E117/><V52/><F66/><W121/><G121/><T16/><D84/><U17/><E68/><V133/><F133/><W35/><G35/><T109/><D109/><U110/><E110/><V73/><F73/><W27/><G76/><T51/><D97/><N who="1" m="37451" /><E75/><V60/><F60/><W85/><G116/><T79/><D79/><U29/><E81/><N who="3" m="31306" /><G91/><T86/><D86/><U107/><E107/><V31/><F32/><W54/><G54/><AGARI ba="0,0" hai="10,14,16,43,47,48,49,50,51,54,58,61,101,103" machi="54" ten="40,2600,0" yaku="8,1,54,1" doraHai="112" who="0" fromWho="3" sc="384,26,214,0,235,0,167,-26" /><INIT seed="3,0,0,0,0,86" ten="410,214,235,141" oya="3" hai0="95,94,49,102,74,46,106,91,81,26,79,42,115" hai1="55,113,110,61,48,119,50,76,27,87,52,97,89" hai2="11,39,58,92,20,47,33,77,82,23,67,103,118" hai3="7,4,104,117,121,17,129,22,128,133,134,24,72"/><W125/><G104/><T59/><D115/><U30/><E113/><V122/><F33/><W57/><G72/><T3/><D3/><U112/><E112/><V109/><F118/><W28/><G57/><T96/><D26/><U130/><E110/><V135/><F109/><W107/><G107/><T124/><D124/><U18/><E130/><N who="3" m="50282" /><G117/><T132/><D132/><N who="3" m="50793" /><G121/><T85/><D95/><N who="1" m="56559" /><E30/><V14/><F58/><AGARI ba="0,0" hai="42,46,49,58,59,74,79,81,85,91,94,96,102,106" machi="58" ten="40,5200,0" yaku="24,2,52,1" doraHai="86" who="0" fromWho="2" sc="410,52,214,0,235,-52,141,0" owari="462,56.2,214,1.4,183,-21.7,141,-35.9" /></mjloggm>