<mjloggm ver="2.3"><GO type="225" lobby="0"/><UN n0="%E3%82%A2%E3%83%9E%E3%83%9D%EF%BD%9E%EF%BD%9E%E3%83%A9" n1="%E5%84%AA%40%41%42%43" n2="%E6%A1%9C%E8%8A%B1%E9%96%83%E3%80%85" n3="%E6%80%AA%E3%81%97%E3%81%99%E3%81%8E%E3%82%8B%E3%83%81%E3%83%BC" dan="17,17,18,16" rate="2201.21,2247.19,2254.03,2107.13" sx="M,M,M,M"/><TAIKYOKU oya="0"/><INIT seed="0,0,0,5,3,132" ten="250,250,250,250" oya="0" hai0="56,107,6,12,47,31,62,57,59,116,2,113,45" hai1="3,127,106,58,28,71,112,72,115,61,94,41,16" hai2="46,99,93,135,83,81,74,33,10,88,96,75,1" hai3="17,37,52,40,121,69,70,21,14,43,68,36,125"/><T60/><D113/><N who="1" m="43595" /><E106/><V119/><F33/><W51/><G121/><T92/><D2/><U105/><E105/><V55/><F135/><W78/><G125/><T66/><D107/><U24/><E72/><V123/><F123/><W102/><G102/><T67/><D116/><U38/><E3/><V84/><F119/><W29/><G78/><T32/><D32/><U129/><E71/><V27/><F27/><W5/><G29/><T53/><D31/><U100/><E129/><V8/><F1/><W134/><G5/><T124/><D124/><U131/><E41/><V9/><F99/><W73/><G73/><T64/><D92/><U22/><E38/><V85/><F85/><W97/><G97/><T120/><D120/><U30/><E131/><V48/><REACH who="2" step="1"/><F81/><REACH who="2" ten="250,250,240,250" step="2"/><W110/><G134/><T130/><D130/><U76/><E127/><V23/><F23/><W122/><G122/><T63/><D53/><N who="1" m="33999" /><E76/><AGARI ba="0,1" hai="8,9,10,46,48,55,74,75,76,83,84,88,93,96" machi="76" ten="40,5200,0" yaku="1,1,54,1,53,1" doraHai="132" doraHaiUra="90" who="2" fromWho="1" sc="250,0,250,-52,240,62,250,0" /><INIT seed="1,0,0,4,4,9" ten="250,198,302,250" oya="1" hai0="71,134,66,94,88,95,16,109,93,104,45,34,57" hai1="52,44,42,99,1,121,75,103,56,64,74,55,30" hai2="36,130,63,128,92,37,58,24,120,84,54,38,50" hai3="40,106,12,69,114,61,53,102,131,39,51,105,2"/><U108/><E121/><V98/><F84/><W124/><G2/><T119/><D104/><U23/><E1/><V22/><F120/><W13/><G114/><T11/><D34/><U110/><E64/><V73/><F73/><W116/><G131/><N who="2" m="50217" /><F50/><W107/><G124/><T27/><D71/><U31/><E75/><V49/><F49/><W100/><G116/><T83/><D45/><U46/><E74/><V135/><F135/><W89/><G89/><T0/><D0/><U90/><E90/><N who="2" m="55575" /><F37/><W118/><G118/><T17/><D134/><U86/><E86/><V8/><F8/><W62/><G40/><T14/><D109/><N who="1" m="42091" /><E23/><V79/><F79/><W127/><G39/><T32/><D119/><U28/><E42/><V133/><F133/><W47/><G127/><T112/><D112/><U126/><E126/><V132/><F132/><W18/><G69/><T15/><D66/><U81/><E81/><V67/><F67/><W123/><G123/><T113/><D83/><U3/><E3/><V80/><F80/><W129/><G129/><T20/><D113/><U85/><E85/><V70/><F70/><W82/><G82/><T25/><D32/><U19/><E55/><V97/><F97/><W65/><G65/><T101/><D101/><N who="3" m="39017" /><G18/><AGARI ba="0,0" hai="18,22,24,36,38,54,58,63" m="55575,50217" machi="18" ten="30,2000,0" yaku="25,1,19,1" doraHai="9" who="2" fromWho="3" sc="250,0,198,0,302,20,250,-20" /><INIT seed="2,0,0,1,2,128" ten="250,198,322,230" oya="2" hai0="5,18,46,130,24,17,75,64,37,122,20,96,4" hai1="56,48,81,63,34,9,15,132,129,135,47,89,36" hai2="83,90,65,54,91,84,105,95,110,3,124,1,104" hai3="7,133,123,125,94,97,70,44,118,85,69,52,101"/><V114/><F65/><W43/><G118/><T38/><D75/><U117/><E117/><V77/><F54/><W53/><G123/><T8/><D122/><U30/><E36/><V50/><F50/><W115/><G125/><T13/><D130/><U106/><E106/><N who="2" m="41067" /><F1/><W131/><G131/><T33/><D96/><U59/><E129/><V51/><F51/><W39/><G115/><T86/><D64/><U23/><E34/><V109/><F3/><W121/><G133/><N who="1" m="51274" /><E30/><V62/><F62/><W25/><G121/><T14/><D38/><U111/><E111/><N who="2" m="42507" /><F114/><W66/><G7/><T32/><D37/><U82/><E89/><N who="2" m="53671" /><F124/><W35/><G66/><T78/><D33/><U88/><E88/><V42/><F42/><W134/><G134/><T49/><D32/><U80/><E23/><V92/><F92/><W40/><G35/><T68/><D20/><U119/><E119/><V10/><F10/><W99/><G39/><T12/><D8/><U45/><E63/><V73/><AGARI ba="0,0" hai="73,77,83,90,91" m="53671,42507,41067" machi="73" ten="30,11700,0" yaku="14,1,10,1,34,2" doraHai="128" who="2" fromWho="2" sc="250,-39,198,-39,322,117,230,-39" /><INIT seed="2,1,0,3,3,122" ten="211,159,439,191" oya="2" hai0="63,11,3,56,43,55,51,126,32,110,89,85,95" hai1="104,16,81,66,103,6,31,45,42,102,115,91,53" hai2="40,80,82,64,9,84,39,132,93,46,1,72,49" hai3="123,78,30,18,13,114,117,112,106,73,19,23,25"/><V26/><F132/><W108/><G106/><T2/><D32/><U60/><E115/><N who="3" m="44074" /><G78/><T94/><D126/><U47/><E6/><V0/><F64/><W113/><G73/><T120/><D120/><U8/><E31/><V116/><F116/><W58/><G58/><T133/><D133/><U129/><E129/><V67/><F67/><W14/><G123/><T59/><D110/><U70/><E104/><V100/><F49/><W35/><G117/><T79/><D79/><U99/><E47/><V131/><F131/><W48/><G48/><T52/><D43/><U7/><E53/><V111/><F111/><W125/><G125/><T22/><D11/><U15/><E7/><V127/><F26/><W74/><G74/><T62/><D51/><U69/><E70/><V54/><F54/><W96/><G96/><T130/><D130/><U87/><REACH who="1" step="1"/><E99/><REACH who="1" ten="211,149,439,191" step="2"/><V75/><F46/><W57/><G113/><T90/><D22/><U109/><E109/><V128/><F9/><N who="3" m="6447" /><G57/><T107/><D107/><U20/><E20/><V119/><F128/><W134/><G108/><T21/><D21/><U5/><E5/><V88/><F119/><W71/><G71/><T29/><D29/><U12/><E12/><V105/><F105/><W41/><G41/><T38/><D38/><AGARI ba="1,1" hai="8,15,16,38,42,45,60,66,69,81,87,91,102,103" machi="38" ten="30,7700,0" yaku="1,1,7,1,54,1,53,1" doraHai="122" doraHaiUra="61" who="1" fromWho="0" sc="211,-80,149,90,439,0,191,0" /><INIT seed="3,0,0,4,5,58" ten="131,239,439,191" oya="3" hai0="78,84,71,131,86,3,36,23,49,125,118,77,31" hai1="8,33,5,124,106,12,72,22,91,51,39,7,123" hai2="38,4,88,19,10,11,99,1,112,89,43,13,44" hai3="32,90,134,133,92,85,66,82,70,120,128,122,83"/><W103/><G32/><T21/><D118/><U130/><E39/><V129/><F112/><W0/><G0/><T35/><D36/><U102/><E72/><V47/><F129/><W53/><G53/><T115/><D131/><U105/><E124/><V20/><F47/><W6/><G6/><T34/><D125/><U46/><E123/><N who="3" m="47146" /><G66/><T57/><D71/><U56/><E33/><V100/><F11/><W69/><G69/><T45/><D115/><U63/><E102/><V67/><F67/><W107/><G70/><T59/><D3/><U15/><E91/><V16/><F19/><W50/><G50/><T40/><D49/><U81/><E81/><N who="3" m="30730" /><G128/><T68/><D68/><U9/><E22/><V42/><F42/><W41/><G41/><T96/><D40/><U87/><E87/><V114/><F114/><W48/><G48/><T132/><D45/><U109/><E130/><V121/><F121/><W75/><G75/><T126/><D126/><U18/><E18/><V97/><F1/><W117/><G117/><T110/><D31/><U101/><E51/><V26/><F4/><W14/><G14/><N who="1" m="5162" /><E7/><V17/><F17/><W93/><G107/><N who="1" m="40970" /><E56/><V76/><F38/><W2/><G2/><T55/><D55/><U29/><E29/><V79/><F43/><W27/><G27/><T127/><D127/><U116/><E5/><V30/><F44/><W73/><G73/><T37/><D37/><U111/><E46/><V94/><F30/><W98/><AGARI ba="0,0" hai="85,90,92,93,98,103,133,134" m="30730,47146" machi="98" ten="40,3900,0" yaku="34,2" doraHai="58" who="3" fromWho="3" sc="131,-13,239,-13,439,-13,191,39" /><INIT seed="3,1,0,1,4,119" ten="118,226,426,230" oya="3" hai0="30,130,94,83,101,109,115,45,42,12,98,106,28" hai1="9,23,131,70,51,15,135,41,91,97,80,34,127" hai2="49,58,85,110,8,95,132,102,53,39,88,48,125" hai3="72,5,116,50,21,79,123,3,86,126,133,43,99"/><W68/><G123/><T93/><D130/><U103/><E34/><V64/><F39/><W84/><G116/><T113/><D109/><U71/><E71/><V47/><F110/><W134/><G68/><T59/><D83/><U120/><E70/><V75/><F125/><W1/><G126/><T57/><D106/><U61/><E120/><V66/><F132/><N who="3" m="50795" /><G21/><T129/><D129/><U128/><E61/><V60/><F75/><W90/><G99/><T63/><D115/><U87/><E23/><V2/><F102/><W35/><G35/><T104/><D113/><U31/><E31/><V17/><F48/><W52/><G43/><T122/><D122/><U7/><E127/><V92/><F92/><N who="3" m="54343" /><G5/><T77/><D77/><U26/><E26/><V36/><F36/><W65/><G65/><T22/><D104/><U100/><E100/><V73/><F73/><W62/><G62/><T56/><D63/><U121/><E121/><V44/><F66/><W19/><G19/><T11/><D22/><U4/><E135/><V107/><F107/><W20/><G20/><T40/><D94/><N who="1" m="58807" /><E4/><N who="2" m="1047" /><F17/><W82/><G72/><T27/><D27/><U32/><E32/><V111/><F111/><W0/><G0/><T69/><D69/><U114/><E114/><V96/><F96/><W117/><G117/><T13/><D13/><U29/><E29/><V54/><F64/><W124/><G124/><T78/><D78/><U67/><E67/><V81/><F95/><W33/><G33/><T25/><D25/><U105/><E105/><V6/><F6/><W108/><G108/><T76/><D76/><RYUUKYOKU ba="1,0" sc="118,-30,226,10,426,10,230,10" hai1="7,9,15,41,51,80,87,91,128,131" hai2="44,47,49,53,54,58,60,81,85,88" hai3="1,3,50,52,79,82,86" /><INIT seed="3,2,0,1,2,71" ten="88,236,436,240" oya="3" hai0="78,87,60,2,110,104,47,69,94,129,77,115,116" hai1="56,123,96,111,48,55,132,100,63,15,26,27,16" hai2="23,81,127,85,124,133,97,40,43,24,86,10,17" hai3="1,51,6,21,103,118,117,20,134,49,66,38,35"/><W32/><G66/><T128/><D2/><U105/><E123/><V3/><F133/><W22/><G103/><T126/><D69/><U112/><E112/><V28/><F97/><W67/><G67/><T31/><D31/><U7/><E7/><N who="2" m="1407" /><F17/><W93/><G1/><T119/><D60/><U131/><E111/><V64/><F64/><W61/><G6/><T106/><D47/><U33/><E131/><V113/><F113/><W12/><G93/><T102/><D115/><U46/><E33/><V13/><F13/><W58/><G38/><T121/><D121/><U75/><E75/><V8/><F8/><W80/><G12/><T99/><D110/><U79/><E79/><N who="2" m="46271" /><F86/><W59/><G22/><T44/><D44/><U122/><E132/><V45/><F45/><W76/><G134/><T11/><D11/><U34/><E34/><V101/><F101/><W41/><G80/><T108/><D108/><U135/><E135/><V125/><AGARI ba="2,0" hai="23,24,28,40,43,124,125,127" m="46271,1407" machi="125" ten="30,1100,0" yaku="18,1" doraHai="71" who="2" fromWho="2" sc="88,-5,236,-5,436,17,240,-7" owari="83,-41.7,231,-16.9,453,55.3,233,3.3" /></mjloggm>