<mjloggm ver="2.3"><GO type="225" lobby="0"/><UN n0="%E3%83%97%E3%83%AC%E3%83%B4%E3%82%A1%E3%83%86%E3%82%A3" n1="%E3%81%A8%E3%82%93%E3%81%A8%E3%81%93%E3%81%A8%E3%82%93" n2="%40%79%75%6B%69%73" n3="%E8%B6%85%E7%B4%9A%E9%B3%B3%E5%87%B0" dan="16,16,16,16" rate="2134.01,2180.21,2172.14,2142.67" sx="F,F,M,M"/><TAIKYOKU oya="0"/><INIT seed="0,0,0,2,2,15" ten="250,250,250,250" oya="0" hai0="30,87,46,31,53,59,51,27,26,42,110,90,61" hai1="60,96,75,41,5,79,17,103,83,52,120,93,25" hai2="48,55,95,36,2,67,98,113,50,33,107,116,114" hai3="126,132,58,135,124,64,63,11,81,74,21,49,86"/><T69/><D110/><U57/><E120/><V111/><F2/><W73/><G11/><T97/><D97/><U133/><E133/><N who="3" m="51274" /><G49/><T45/><D45/><U123/><E123/><V68/><F33/><W40/><G40/><T94/><D69/><U125/><E125/><N who="3" m="48234" /><G21/><T128/><D128/><U82/><E5/><V7/><F50/><W112/><G112/><T0/><D0/><U54/><E41/><V89/><F48/><W122/><G122/><T108/><D108/><U99/><E83/><V77/><F7/><W71/><G71/><T62/><D61/><U16/><E25/><AGARI ba="0,0" hai="25,26,27,30,31,42,46,51,53,59,62,87,90,94" machi="25" ten="40,2000,0" yaku="8,1" doraHai="15" who="0" fromWho="1" sc="250,20,250,-20,250,0,250,0" /><INIT seed="0,1,0,5,4,38" ten="270,230,250,250" oya="0" hai0="63,93,112,64,4,71,54,18,100,41,88,125,19" hai1="1,92,13,2,109,33,106,60,49,53,108,8,11" hai2="128,80,73,82,12,15,114,21,83,3,70,107,127" hai3="31,43,56,36,116,95,102,6,130,37,58,101,99"/><T132/><D112/><U65/><E106/><V121/><F70/><W16/><G6/><T85/><D125/><U30/><E92/><V40/><F3/><W94/><G31/><T133/><D4/><U118/><E118/><V96/><F73/><W110/><G116/><T52/><D100/><U135/><E135/><N who="0" m="51785" /><D41/><U23/><E33/><V79/><F121/><W0/><G0/><T9/><D9/><U86/><E86/><V62/><F79/><W134/><G134/><T69/><D69/><U7/><E1/><V74/><F114/><W45/><G110/><T81/><D81/><U57/><E23/><V5/><F74/><W72/><G72/><T75/><D75/><U34/><E34/><V113/><F40/><W91/><G130/><T78/><D78/><U123/><E30/><V111/><F128/><W39/><G101/><T67/><D67/><U17/><REACH who="1" step="1"/><E123/><REACH who="1" ten="270,220,250,250" step="2"/><V131/><F107/><W76/><G95/><T27/><D18/><U32/><E32/><V66/><F111/><W104/><G16/><T29/><D19/><U84/><E84/><V89/><F127/><W48/><REACH who="3" step="1"/><G76/><REACH who="3" ten="270,220,250,240" step="2"/><T117/><D117/><U90/><E90/><V20/><F89/><W119/><G119/><T25/><D25/><U61/><E61/><V55/><F62/><W115/><G115/><T103/><D103/><U98/><E98/><AGARI ba="1,2" hai="36,37,39,43,45,48,56,58,91,94,98,99,102,104" machi="98" ten="40,2600,0" yaku="1,1,52,1,53,0" doraHai="38" doraHaiUra="24" who="3" fromWho="1" sc="270,0,220,-29,250,0,240,49" /><INIT seed="1,0,0,2,2,36" ten="270,191,250,289" oya="1" hai0="57,3,49,27,125,13,1,101,30,22,126,73,133" hai1="104,114,118,93,34,123,82,53,119,96,77,70,86" hai2="18,87,95,15,45,84,122,0,116,79,26,124,89" hai3="110,60,91,115,2,25,17,38,94,83,44,92,120"/><U108/><E34/><V14/><F122/><W100/><G115/><T43/><D73/><U55/><E70/><V130/><F0/><W128/><G120/><T135/><D101/><U131/><E123/><V67/><F116/><W107/><G2/><N who="0" m="523" /><D57/><U11/><E114/><V127/><F67/><W29/><G110/><T74/><D74/><U132/><E104/><V105/><F105/><W106/><G128/><T112/><D112/><U85/><E131/><V54/><F130/><W41/><G17/><N who="0" m="10543" /><D49/><U78/><E11/><V62/><F26/><W102/><G60/><T4/><D4/><U64/><E64/><V90/><F79/><W6/><G6/><T129/><D43/><U111/><E132/><N who="0" m="50761" /><D129/><U24/><E96/><V58/><F45/><W9/><G102/><T99/><D99/><U46/><E46/><V5/><F5/><W81/><G100/><T80/><D80/><U51/><E51/><V68/><F68/><W32/><G83/><T42/><D42/><U21/><E93/><V121/><F121/><W31/><G81/><T97/><D97/><U16/><E118/><V40/><F95/><W20/><G92/><T39/><D39/><U37/><E119/><V28/><F58/><W65/><G65/><T109/><D109/><N who="1" m="42059" /><E37/><V47/><F47/><W7/><G91/><T69/><D69/><U23/><E78/><V113/><F90/><W66/><G66/><T98/><D98/><U56/><E86/><V88/><F89/><W59/><G94/><T103/><D103/><U10/><E56/><V76/><F87/><W19/><G59/><T117/><D117/><RYUUKYOKU ba="0,0" sc="270,30,191,-10,250,-10,289,-10" hai0="27,30,125,126" /><INIT seed="2,1,0,0,0,62" ten="300,181,240,279" oya="2" hai0="47,11,13,65,107,38,93,40,79,60,88,90,114" hai1="4,110,113,116,58,111,106,83,135,120,104,36,31" hai2="7,128,0,80,66,22,25,134,121,21,76,51,81" hai3="52,46,125,18,17,89,27,117,70,34,55,100,109"/><V12/><F121/><W30/><G117/><T92/><D107/><U61/><E113/><V123/><F123/><W86/><G70/><T84/><D114/><U99/><E120/><V78/><F0/><W6/><G109/><T9/><D79/><N who="2" m="30250" /><F134/><W39/><G125/><T68/><REACH who="0" step="1"/><D13/><REACH who="0" ten="290,181,240,279" step="2"/><U82/><E106/><V20/><F128/><W127/><G127/><T85/><AGARI ba="1,1" hai="9,11,38,40,47,60,65,68,84,85,88,90,92,93" machi="85" ten="20,12000,2" yaku="1,1,2,1,0,1,7,1,9,1,52,1,54,1,53,0" doraHai="62" doraHaiUra="23" who="0" fromWho="0" sc="290,133,181,-31,240,-61,279,-31" /><INIT seed="3,0,0,1,5,9" ten="423,150,179,248" oya="3" hai0="56,92,80,54,70,37,98,27,11,110,72,122,128" hai1="89,16,3,34,95,130,48,0,41,53,19,33,135" hai2="131,42,15,44,25,96,123,78,64,13,81,129,59" hai3="82,104,20,46,57,18,117,31,35,91,133,101,51"/><W83/><G35/><T71/><D122/><U8/><E41/><V99/><F123/><W7/><G7/><T66/><D37/><U58/><E130/><N who="2" m="49675" /><F25/><W32/><G32/><T26/><D110/><U5/><E135/><V113/><F113/><W75/><G31/><T90/><D128/><U120/><E0/><V43/><F43/><W126/><G104/><T79/><D66/><U74/><E74/><N who="2" m="43223" /><F59/><W6/><G6/><T119/><D119/><U88/><E120/><V4/><F4/><W39/><G39/><T12/><D71/><U22/><E19/><V103/><F64/><W127/><G57/><T1/><D70/><U94/><E94/><N who="2" m="58775" /><F99/><W97/><G97/><T93/><D1/><U107/><E107/><V100/><F100/><W38/><G101/><T87/><D93/><U124/><E124/><V40/><F40/><W36/><G36/><AGARI ba="0,0" hai="13,15,36,42,44" m="58775,43223,49675" machi="36" ten="30,3900,0" yaku="19,1,52,2" doraHai="9" who="2" fromWho="3" sc="423,0,150,0,179,39,248,-39" owari="423,52.3,150,-35.0,218,1.8,209,-19.1" /></mjloggm>