<mjloggm ver="2.3"><GO type="225" lobby="0"/><UN n0="%E6%A1%9C%E8%8A%B1%E9%96%83%E3%80%85" n1="%6D%75%75%6D%75%72%61" n2="%E8%81%B7%E6%A5%AD%E3%80%81%E9%A2%A8%32" n3="%E6%A0%B9%E5%85%83%E3%81%8B%E3%82%89%E5%90%B9%E3%81%A3%E9%A3%9B%E3%81%B6" dan="18,16,16,17" rate="2213.61,2086.54,2112.94,2187.14" sx="M,F,M,F"/><TAIKYOKU oya="0"/><INIT seed="0,0,0,2,2,98" ten="250,250,250,250" oya="0" hai0="13,33,14,117,73,75,96,45,82,101,119,9,17" hai1="126,18,128,26,79,85,28,76,92,69,95,130,67" hai2="37,50,102,5,84,54,115,134,23,43,39,59,90" hai3="89,63,52,91,116,62,118,87,122,108,74,30,3"/><T57/><D33/><U40/><E126/><V15/><F115/><W25/><G3/><T7/><D45/><U68/><E40/><V100/><F134/><W65/><G74/><T61/><D75/><U10/><E10/><N who="2" m="4559" /><F39/><W4/><G108/><T72/><D72/><U120/><E18/><V55/><F37/><W132/><G132/><T124/><D124/><U27/><E120/><V35/><F35/><W22/><G122/><T131/><D131/><N who="1" m="50219" /><E67/><V58/><F23/><W77/><G4/><T0/><D0/><U94/><E85/><V60/><F43/><W88/><G87/><T64/><D82/><AGARI ba="0,0" hai="50,54,55,58,59,60,82,84,90,100,102" m="4559" machi="82" ten="30,3900,0" yaku="8,1,52,2" doraHai="98" who="2" fromWho="0" sc="250,-39,250,0,250,39,250,0" /><INIT seed="1,0,0,3,2,93" ten="211,250,289,250" oya="1" hai0="29,6,88,7,119,15,44,23,53,62,65,112,97" hai1="40,98,87,16,60,36,50,48,130,25,71,51,101" hai2="90,42,30,135,59,77,94,127,103,61,38,126,110" hai3="5,128,73,92,66,134,115,49,76,80,81,85,0"/><U21/><E130/><V125/><F110/><W114/><G128/><T32/><D112/><U116/><E116/><V107/><F135/><W18/><G134/><T91/><D32/><U122/><E122/><V117/><F117/><W37/><G37/><T47/><D119/><U31/><E87/><V131/><F131/><W69/><G18/><N who="0" m="10719" /><D29/><U41/><E31/><V68/><F68/><W33/><G33/><T105/><D105/><U19/><E19/><V20/><F103/><W34/><G34/><T26/><D26/><U3/><E3/><V67/><F107/><W75/><G5/><N who="0" m="1547" /><D65/><U96/><E36/><V9/><F77/><W35/><G0/><T109/><D109/><U83/><E83/><V78/><F78/><W120/><G35/><T52/><D62/><U12/><E101/><V1/><F1/><W123/><G66/><T70/><D70/><U99/><REACH who="1" step="1"/><E25/><REACH who="1" ten="211,240,289,250" step="2"/><N who="2" m="16679" /><F38/><W43/><G120/><T45/><D91/><U95/><E95/><AGARI ba="0,1" hai="44,45,47,52,53,88,95,97" m="1547,10719" machi="95" ten="30,7700,0" yaku="8,1,52,1,54,2" doraHai="93" who="0" fromWho="1" sc="211,87,240,-77,289,0,250,0" /><INIT seed="2,0,0,3,2,2" ten="298,163,289,250" oya="2" hai0="43,88,129,130,90,79,72,121,89,124,11,50,66" hai1="127,120,108,128,55,115,51,16,4,113,112,10,36" hai2="122,125,47,0,1,69,27,87,38,53,103,68,134" hai3="14,117,39,62,83,34,20,104,95,75,123,97,135"/><V116/><F116/><W109/><G117/><T102/><D121/><U64/><E36/><V42/><F122/><W78/><G123/><T101/><D66/><U32/><E120/><V18/><F134/><W30/><G39/><T41/><D124/><U24/><E127/><V17/><F125/><W111/><G135/><T26/><D26/><U73/><E108/><N who="3" m="41546" /><G104/><T56/><D11/><U70/><E128/><N who="0" m="49257" /><D79/><U94/><E73/><V133/><F133/><W110/><N who="3" m="41554" /><W59/><DORA hai="131" /><G34/><T118/><D72/><U5/><E70/><V46/><F103/><N who="0" m="39434" /><D118/><U86/><E64/><V57/><F47/><W40/><G40/><N who="0" m="15435" /><D56/><U107/><E107/><V61/><F68/><W35/><G35/><T8/><D8/><U19/><E32/><V126/><F126/><W29/><G20/><T132/><D132/><U44/><E24/><V52/><F69/><W3/><G14/><T54/><D54/><U71/><E71/><V12/><F53/><N who="3" m="34159" /><G3/><T106/><D106/><U60/><E60/><V85/><F1/><W92/><G30/><T105/><D105/><U28/><E28/><V65/><F0/><W76/><G29/><T77/><D77/><U119/><E119/><V80/><F27/><W48/><G78/><T82/><D50/><U93/><E10/><V31/><F31/><W37/><G48/><T25/><D25/><U74/><E74/><V63/><F38/><W91/><G37/><T81/><AGARI ba="0,0" hai="81,82,88,89,90" m="15435,39434,49257" machi="81" ten="40,8000,1" yaku="28,2,19,1,54,1" doraHai="2,131" who="0" fromWho="0" sc="298,80,163,-20,289,-40,250,-20" /><INIT seed="3,0,0,2,3,117" ten="378,143,249,230" oya="3" hai0="79,133,68,75,5,43,16,30,99,91,131,9,115" hai1="97,109,2,74,55,4,67,6,110,24,90,45,83" hai2="121,64,123,63,86,127,35,48,132,120,73,122,119" hai3="56,17,108,37,49,126,95,15,100,76,85,54,102"/><W57/><G126/><T29/><D68/><U72/><E67/><V32/><F73/><W51/><G37/><T129/><D43/><U89/><E24/><V82/><F119/><W107/><G107/><T61/><D61/><U8/><E45/><V40/><F127/><W53/><G108/><T80/><D16/><U135/><E135/><V113/><F132/><W124/><G124/><T60/><D60/><U134/><E134/><V7/><F113/><W11/><G76/><T104/><D133/><U28/><E83/><V94/><F7/><W96/><G85/><T87/><D99/><U33/><E97/><V10/><F94/><W118/><G118/><T44/><D44/><U70/><E70/><V42/><F10/><W0/><G0/><N who="0" m="167" /><D104/><U81/><E81/><V52/><F42/><W39/><G39/><T31/><D115/><U18/><E8/><V21/><F21/><W65/><G65/><T58/><D58/><U92/><E18/><V38/><F40/><W103/><AGARI ba="0,0" hai="11,15,17,49,51,53,54,56,57,95,96,100,102,103" machi="103" ten="20,7800,0" yaku="0,1,7,1,9,1,8,1" doraHai="117" who="3" fromWho="3" sc="378,-26,143,-26,249,-26,230,78" /><INIT seed="3,1,0,5,3,2" ten="352,117,223,308" oya="3" hai0="26,52,57,87,72,77,103,114,81,51,106,104,10" hai1="4,17,129,37,96,68,55,102,135,125,127,98,121" hai2="50,83,130,76,122,132,15,109,14,120,27,20,7" hai3="33,24,123,67,39,100,80,13,44,38,128,8,95"/><W9/><G123/><T73/><D114/><U74/><E121/><V59/><F109/><W133/><G133/><T111/><D111/><U34/><E34/><V32/><F32/><W101/><G128/><T30/><D10/><U108/><E108/><V60/><F15/><W40/><G67/><T117/><D117/><U58/><E74/><V61/><F50/><W64/><G64/><T5/><D5/><U115/><E68/><V89/><F89/><W18/><G38/><T28/><D28/><U112/><E37/><V78/><F78/><W49/><G39/><T19/><D19/><U41/><E129/><V116/><F61/><W86/><G95/><T11/><D11/><U22/><E135/><V16/><F116/><W65/><G65/><T94/><D94/><U118/><E118/><V82/><F82/><W42/><G8/><T91/><D91/><U113/><E41/><V99/><F130/><W45/><G24/><T48/><D48/><U47/><E47/><N who="3" m="17994" /><G33/><T131/><D131/><U12/><E102/><N who="3" m="39530" /><G49/><T134/><D134/><U6/><E98/><V36/><F99/><W21/><G21/><N who="0" m="15695" /><D103/><U53/><E96/><V71/><F36/><W0/><G0/><T75/><D106/><U69/><E69/><V66/><F71/><W119/><G119/><T25/><D25/><U84/><E84/><V31/><F27/><W23/><G9/><T92/><D92/><U3/><E3/><V110/><F132/><W63/><G63/><N who="0" m="36263" /><D104/><U126/><REACH who="1" step="1"/><E58/><REACH who="1" ten="352,107,223,308" step="2"/><V97/><F122/><W35/><G35/><T56/><D56/><U85/><E85/><V93/><F120/><RYUUKYOKU ba="1,1" sc="352,10,107,10,223,-30,308,10" hai0="51,72,73,75,77,81,87" hai1="4,6,12,17,22,53,55,112,113,115,125,126,127" hai3="13,18,23,40,42,80,86" /><INIT seed="3,2,1,4,4,107" ten="362,117,193,318" oya="3" hai0="26,76,122,74,36,60,41,38,14,69,25,83,114" hai1="35,121,54,33,82,65,30,81,104,135,21,111,55" hai2="19,17,119,15,103,117,75,89,13,31,92,4,108" hai3="126,78,106,79,95,100,32,51,27,34,44,46,10"/><W94/><G106/><T118/><D122/><U133/><E121/><V132/><F108/><W39/><G39/><T102/><D118/><U61/><E104/><V97/><F132/><W66/><G66/><T67/><D114/><U84/><E111/><V16/><F31/><W6/><G126/><T123/><D123/><U125/><E125/><V129/><F75/><W0/><G46/><T53/><D102/><U52/><E21/><V131/><F103/><W5/><G5/><T45/><D38/><U1/><E1/><V85/><F85/><W3/><G3/><T110/><D110/><U28/><E28/><V2/><F2/><W80/><G79/><T99/><D99/><U24/><E35/><V47/><F47/><W116/><G116/><N who="2" m="44617" /><F4/><W71/><G71/><T91/><D91/><U20/><E33/><V124/><F124/><W68/><G68/><T63/><REACH who="0" step="1"/><D14/><REACH who="0" ten="352,117,193,318" step="2"/><U70/><REACH who="1" step="1"/><E82/><REACH who="1" ten="352,107,193,318" step="2"/><V56/><F92/><W134/><G94/><T113/><D113/><U48/><E48/><V105/><F105/><W64/><G51/><T87/><D87/><U9/><E9/><V23/><F23/><W49/><G10/><T29/><D29/><U96/><E96/><V50/><F97/><W58/><G49/><T112/><D112/><U18/><E18/><V128/><F16/><W93/><G34/><T109/><D109/><U90/><AGARI ba="2,3" hai="20,24,30,52,54,55,61,65,70,81,84,90,133,135" machi="90" ten="30,4000,0" yaku="1,1,0,1,54,1,53,0" doraHai="107" doraHaiUra="40" who="1" fromWho="1" sc="352,-12,107,76,193,-12,318,-22" owari="340,44.0,183,-21.7,181,-31.9,296,9.6" /></mjloggm>