<mjloggm ver="2.3"><GO type="225" lobby="0"/><UN n0="%E7%89%B9%E6%9D%B1%E3%81%AF%E4%B8%96%E7%95%8C%E3%82%92%E6%95%91%E3%81%86" n1="%4C%4F%4C%49%54%41" n2="%E2%91%A3%E9%81%BF%E9%81%8A%E6%88%AF%E3%80%90%E6%9D%B1%E5%8D%97%E3%80%91" n3="%E3%81%A9%E3%82%8F%E3%82%93%E3%81%94" dan="16,16,16,16" rate="2165.38,2195.24,2131.80,2167.61" sx="M,F,M,M"/><TAIKYOKU oya="0"/><INIT seed="0,0,0,5,1,20" ten="250,250,250,250" oya="0" hai0="129,5,9,13,6,117,120,110,2,1,8,44,72" hai1="130,28,33,0,47,42,50,38,83,40,63,54,36" hai2="114,89,103,62,66,25,98,131,95,57,37,116,31" hai3="3,85,100,96,106,108,18,112,90,135,60,121,123"/><T52/><D72/><U12/><E0/><V22/><F131/><W128/><G3/><T65/><D117/><U87/><E130/><V132/><F132/><W133/><G60/><T23/><D129/><U64/><E12/><V94/><F116/><W75/><G18/><T17/><D120/><N who="3" m="46153" /><G128/><T27/><D65/><U93/><E93/><V111/><F111/><W122/><G112/><T43/><D110/><U16/><E16/><V59/><F114/><W127/><G108/><T82/><D82/><U46/><E28/><V79/><F37/><W24/><G24/><T119/><D119/><U34/><E50/><V56/><F79/><W41/><G41/><T76/><D76/><U69/><REACH who="1" step="1"/><E54/><REACH who="1" ten="250,240,250,250" step="2"/><V67/><REACH who="2" step="1"/><F67/><REACH who="2" ten="250,240,240,250" step="2"/><W102/><G135/><T61/><D52/><U51/><E51/><V70/><F70/><W91/><G122/><T80/><D61/><U78/><AGARI ba="0,2" hai="33,34,36,38,40,42,46,47,63,64,69,78,83,87" machi="78" ten="20,5200,0" yaku="1,1,0,1,7,1,9,1,53,0" doraHai="20" doraHaiUra="125" who="1" fromWho="1" sc="250,-26,240,72,240,-13,250,-13" /><INIT seed="1,0,0,4,2,120" ten="224,312,227,237" oya="1" hai0="35,14,2,95,13,30,43,110,70,81,46,48,69" hai1="37,80,72,41,19,73,52,117,85,135,133,98,39" hai2="91,131,134,116,75,78,106,128,124,130,51,65,34" hai3="63,42,33,105,27,74,119,55,66,21,112,7,94"/><U68/><E117/><V96/><F34/><W50/><G112/><T40/><D2/><U24/><E68/><V8/><F65/><W10/><G105/><T64/><D35/><U61/><E98/><V111/><F116/><W67/><G74/><T62/><D30/><U15/><E24/><V108/><F51/><W115/><G33/><T92/><D70/><U53/><E72/><V6/><F124/><W93/><G115/><T113/><D113/><U1/><E1/><N who="2" m="79" /><F134/><N who="1" m="51209" /><E73/><V126/><F126/><W4/><G42/><T90/><D40/><U102/><E102/><N who="2" m="62791" /><F91/><W89/><G89/><T57/><D69/><U97/><E97/><V101/><F101/><W25/><G25/><T122/><D122/><U114/><E114/><V87/><F87/><W5/><G27/><T22/><D90/><N who="1" m="51495" /><E61/><V32/><F32/><W44/><G63/><T9/><D62/><U79/><E39/><V86/><F86/><W38/><G38/><T109/><D92/><U26/><E37/><V18/><F18/><W3/><G119/><T17/><D95/><U118/><E19/><V23/><F23/><W88/><G94/><T28/><D81/><AGARI ba="0,0" hai="75,78,81,108,111,128,130,131" m="62791,79" machi="81" ten="40,8000,1" yaku="19,1,23,1,52,2" doraHai="120" who="2" fromWho="0" sc="224,-80,312,0,227,80,237,0" /><INIT seed="2,0,0,3,2,79" ten="144,312,307,237" oya="2" hai0="97,54,103,128,24,135,65,37,59,109,9,96,125" hai1="10,21,48,89,84,44,55,114,88,18,107,58,39" hai2="108,43,71,68,35,92,22,16,5,34,66,40,51" hai3="8,86,132,61,32,64,91,121,36,105,4,46,75"/><V131/><F131/><W74/><G121/><T13/><D37/><U117/><E114/><V76/><F5/><W115/><G105/><T101/><D128/><U6/><E117/><V113/><F113/><W81/><G32/><T63/><D109/><U30/><E107/><V19/><F108/><W11/><G132/><T23/><D125/><U127/><E127/><V20/><F76/><W53/><G115/><T87/><D135/><U106/><E106/><V118/><F92/><W41/><G53/><T57/><D97/><U100/><E100/><V93/><F93/><W27/><G27/><T42/><D42/><U56/><E30/><V7/><F7/><W70/><REACH who="3" step="1"/><G8/><REACH who="3" ten="144,312,307,227" step="2"/><T60/><D96/><U130/><E10/><V1/><F35/><W95/><G95/><T29/><REACH who="0" step="1"/><D87/><REACH who="0" ten="134,312,307,227" step="2"/><U28/><E84/><V134/><F134/><W99/><G99/><T12/><D12/><AGARI ba="0,2" hai="4,11,12,36,41,46,61,64,70,74,75,81,86,91" machi="12" ten="30,3900,0" yaku="1,1,7,1,52,1,53,0" doraHai="79" doraHaiUra="17" who="3" fromWho="0" sc="134,-39,312,0,307,0,227,59" /><INIT seed="3,0,0,5,3,95" ten="95,312,307,286" oya="3" hai0="113,11,119,24,101,38,18,44,56,51,10,87,99" hai1="63,106,34,47,31,117,39,12,13,6,126,52,118" hai2="25,127,48,133,71,88,29,67,81,93,78,82,69" hai3="72,92,41,134,90,135,129,33,8,32,65,104,4"/><W75/><G104/><T91/><D119/><N who="1" m="45579" /><E126/><V59/><F127/><W128/><G65/><T84/><D113/><U54/><E106/><V20/><F133/><N who="3" m="50699" /><G41/><T21/><D56/><N who="1" m="35207" /><E6/><V74/><F82/><W107/><G107/><T94/><D38/><U7/><E7/><V97/><REACH who="2" step="1"/><F48/><REACH who="2" ten="95,312,297,286" step="2"/><W55/><G55/><T42/><REACH who="0" step="1"/><D84/><REACH who="0" ten="85,312,297,286" step="2"/><U105/><E39/><V43/><F43/><W5/><G75/><T103/><D103/><U61/><E54/><V45/><F45/><W125/><G72/><T15/><D15/><U46/><E12/><V19/><F19/><W112/><G112/><T62/><D62/><AGARI ba="0,2" hai="20,25,29,59,62,67,69,71,74,78,81,88,93,97" machi="62" ten="40,5200,0" yaku="1,1,52,1,54,1,53,0" doraHai="95" doraHaiUra="123" who="2" fromWho="0" sc="85,-52,312,0,297,72,286,0" owari="33,-46.7,312,11.2,369,46.9,286,-11.4" /></mjloggm>