<mjloggm ver="2.3"><GO type="225" lobby="0"/><UN n0="%68%6F%72%69%30%39%30%31" n1="%EF%BC%AE%EF%BC%A1%EF%BC%AF%33%33%39" n2="%E3%83%97%E3%83%AC%E3%83%B4%E3%82%A1%E3%83%86%E3%82%A3" n3="%E3%81%A8%E3%82%93%E3%81%A8%E3%81%93%E3%81%A8%E3%82%93" dan="16,16,16,16" rate="2113.62,2061.65,2150.41,2088.89" sx="M,M,F,M"/><TAIKYOKU oya="0"/><INIT seed="0,0,0,2,3,104" ten="250,250,250,250" oya="0" hai0="102,93,89,82,131,2,48,54,125,25,12,79,40" hai1="114,64,37,17,61,135,116,23,74,59,110,113,28" hai2="1,43,42,39,111,128,73,119,11,99,60,4,132" hai3="20,47,95,9,121,46,107,56,75,15,26,68,3"/><T85/><D2/><U50/><E116/><V53/><F119/><W87/><G68/><T45/><D131/><U62/><E37/><V106/><F128/><W0/><G107/><T130/><D130/><U67/><E28/><V122/><F122/><W7/><G121/><T34/><D125/><U123/><E123/><V134/><F111/><W90/><G75/><T58/><D12/><U36/><E36/><V105/><F53/><W35/><G56/><T81/><D34/><U21/><E50/><V108/><F60/><W120/><G120/><T52/><D25/><U49/><E49/><V10/><F108/><W63/><G63/><T32/><D32/><U41/><E41/><V91/><F91/><W76/><G76/><T78/><D102/><U71/><E110/><V72/><F39/><W96/><G96/><T70/><D70/><U16/><E135/><V92/><F99/><W94/><G95/><T27/><D27/><U112/><E74/><V98/><F98/><W19/><REACH who="3" step="1"/><G0/><REACH who="3" ten="250,250,250,240" step="2"/><T103/><D103/><U83/><E83/><N who="0" m="31753" /><D78/><U133/><E133/><V97/><F97/><W5/><G5/><T117/><D79/><U6/><E6/><V124/><F1/><W69/><G69/><T101/><D117/><U57/><E71/><V30/><F4/><W86/><G86/><T66/><D101/><U8/><E113/><V109/><F109/><W33/><G33/><T44/><D44/><U14/><REACH who="1" step="1"/><E8/><REACH who="1" ten="250,240,250,240" step="2"/><V115/><F115/><W29/><AGARI ba="0,2" hai="3,7,9,15,19,20,26,29,35,46,47,87,90,94" machi="29" ten="30,7900,0" yaku="1,1,0,1,24,2,53,0" doraHai="104" doraHaiUra="126" who="3" fromWho="3" sc="250,-39,240,-20,250,-20,240,99" /><INIT seed="1,0,0,1,0,51" ten="211,220,230,339" oya="1" hai0="24,94,127,50,42,39,34,49,9,93,13,120,81" hai1="132,17,79,135,101,20,33,36,7,47,85,21,45" hai2="113,123,66,57,109,10,103,3,37,133,115,68,129" hai3="80,89,12,112,60,77,14,117,16,97,64,116,65"/><U90/><E33/><V5/><F123/><W71/><G112/><N who="2" m="43081" /><F37/><W53/><G65/><T74/><D120/><U8/><E101/><V2/><F109/><W100/><G89/><T22/><D127/><U87/><E79/><V56/><F129/><W105/><G53/><T15/><D34/><U102/><E102/><V11/><F133/><N who="1" m="51273" /><E36/><V6/><F103/><W108/><G108/><T67/><D67/><U63/><E63/><AGARI ba="0,0" hai="2,3,5,6,10,11,56,57,63,66,68" m="43081" machi="63" ten="30,1000,0" yaku="11,1" doraHai="51" who="2" fromWho="1" sc="211,0,220,-10,230,10,339,0" /><INIT seed="2,0,0,4,0,31" ten="211,210,240,339" oya="2" hai0="63,71,55,40,52,85,99,124,57,111,123,10,42" hai1="129,11,80,37,88,97,19,126,45,77,9,38,33" hai2="106,110,41,6,27,93,134,60,79,14,87,119,98" hai3="120,12,56,118,15,68,92,109,39,8,22,67,114"/><V116/><F134/><W69/><G118/><T132/><D123/><U73/><E129/><V5/><F106/><W101/><G120/><T91/><D132/><U84/><E126/><V107/><F107/><W115/><G39/><T36/><D124/><U17/><E97/><V64/><F41/><N who="0" m="15978" /><D71/><U1/><E33/><V7/><F110/><W95/><G56/><N who="0" m="35207" /><D36/><U122/><E122/><V0/><F0/><W4/><G109/><T113/><D111/><U102/><E102/><V76/><F14/><W13/><G69/><T51/><D113/><N who="3" m="43017" /><G101/><T47/><D10/><U29/><E11/><V3/><F3/><N who="3" m="31" /><G22/><T26/><D26/><U43/><E38/><V35/><F116/><W20/><G20/><T53/><D99/><U32/><E9/><V94/><F119/><W72/><G72/><T49/><D85/><U75/><E1/><V65/><F87/><W59/><G68/><T24/><D24/><U133/><E133/><V105/><F105/><W130/><G130/><T127/><D127/><U89/><E75/><V58/><F65/><W104/><G104/><T78/><D91/><U83/><E89/><V100/><REACH who="2" step="1"/><F93/><REACH who="2" ten="211,210,230,339" step="2"/><W128/><G128/><T18/><D78/><U81/><E81/><V34/><F34/><W28/><G92/><T74/><D74/><U44/><E32/><V103/><F103/><W46/><G95/><T96/><D96/><U86/><E73/><V54/><F54/><W23/><G67/><T66/><D66/><U16/><E80/><V112/><F112/><W117/><G117/><T50/><D50/><U30/><E83/><V70/><F70/><RYUUKYOKU ba="0,1" sc="211,15,210,-15,230,15,339,-15" hai0="18,47,49,51,53,55,57" hai2="5,6,7,27,35,58,60,64,76,79,94,98,100" /><INIT seed="2,1,1,2,5,80" ten="226,195,245,324" oya="2" hai0="36,96,15,97,106,121,111,74,62,26,65,17,50" hai1="133,71,40,11,47,61,1,29,82,114,59,43,54" hai2="90,31,125,92,4,67,120,46,81,103,20,64,124" hai3="32,52,51,94,76,10,84,39,21,60,119,126,48"/><V101/><F120/><W102/><G32/><T38/><D121/><U30/><E114/><V55/><F4/><W88/><G39/><T68/><D74/><U33/><E133/><V3/><F3/><W34/><G34/><T37/><D111/><U130/><E130/><V99/><F31/><W110/><G119/><T66/><D66/><N who="2" m="25130" /><F20/><W91/><G126/><N who="2" m="48745" /><F81/><N who="3" m="47143" /><G110/><T2/><D2/><U9/><E71/><V56/><F46/><W41/><G10/><N who="1" m="3594" /><E1/><V12/><F12/><W44/><G21/><T49/><D26/><U53/><E33/><V123/><F123/><W116/><G102/><T135/><D135/><U14/><E14/><V7/><F7/><W69/><G94/><T63/><D106/><U58/><E47/><V95/><F95/><W19/><G19/><T8/><D97/><U25/><E82/><V131/><F131/><W115/><G115/><T112/><D96/><U23/><E29/><V113/><F113/><W118/><G91/><T28/><D112/><U27/><E25/><V6/><F6/><W77/><G77/><T100/><D100/><U85/><E27/><V89/><F89/><W75/><G88/><T108/><D28/><U127/><E127/><V22/><F22/><W93/><G93/><T5/><D108/><U134/><E23/><V83/><F83/><W98/><G98/><T117/><D5/><U73/><E30/><V132/><F132/><W129/><G129/><T109/><D109/><U86/><E134/><V70/><F70/><W42/><G75/><T72/><D72/><U13/><E73/><V57/><F57/><N who="3" m="34855" /><G69/><N who="0" m="42167" /><D117/><U104/><E59/><RYUUKYOKU ba="1,1" sc="226,10,195,-30,245,10,324,10" hai0="8,15,17,36,37,38,49,50,63,68" hai2="55,56,90,92,99,101,103" hai3="41,42,44,48,51,116,118" /><INIT seed="2,2,1,0,1,11" ten="236,165,255,334" oya="2" hai0="79,91,89,16,0,124,56,117,96,135,93,95,97" hai1="88,28,115,105,118,3,42,98,133,37,54,130,80" hai2="67,52,9,24,81,1,26,116,59,49,106,58,53" hai3="108,7,40,65,104,114,60,46,57,112,36,123,8"/><V134/><F106/><W18/><G123/><T129/><D0/><U101/><E3/><V70/><F116/><W43/><G108/><T12/><D117/><U2/><E2/><V45/><F134/><W76/><G104/><T10/><D135/><U19/><E118/><V51/><F45/><W4/><G43/><T62/><D124/><U44/><E133/><V100/><F100/><W20/><G76/><T78/><REACH who="0" step="1"/><D129/><REACH who="0" ten="226,165,255,334" step="2"/><U84/><E130/><V41/><F41/><W94/><G112/><T82/><D82/><U71/><E115/><V31/><F81/><W15/><G114/><T83/><D83/><U131/><E131/><V122/><F122/><W68/><G94/><T119/><D119/><U27/><E71/><V39/><F39/><W34/><G34/><T102/><D102/><U72/><E72/><V25/><F70/><W127/><G127/><T99/><D99/><U75/><E75/><V22/><F67/><AGARI ba="2,2" hai="10,12,16,56,62,67,78,79,89,91,93,95,96,97" machi="67" ten="30,12000,2" yaku="1,1,7,1,9,1,8,1,52,1,54,1,53,0" doraHai="11" doraHaiUra="38" who="0" fromWho="2" sc="226,146,165,0,255,-126,334,0" /><INIT seed="3,0,0,5,1,18" ten="372,165,129,334" oya="3" hai0="60,80,58,93,37,83,111,43,98,103,73,11,69" hai1="74,110,56,61,100,107,96,25,104,12,47,27,66" hai2="23,45,89,36,4,120,62,90,26,67,117,129,39" hai3="1,63,38,19,59,86,40,10,108,55,17,3,113"/><W121/><G113/><T132/><D69/><U95/><E74/><V54/><F117/><W106/><G121/><T122/><D37/><U88/><E107/><V68/><F120/><W70/><G106/><T105/><D43/><U119/><E119/><V133/><F129/><W30/><G30/><T49/><D49/><U28/><E28/><V102/><F133/><W99/><G108/><T72/><D11/><U65/><E110/><V9/><F102/><W84/><G99/><T82/><D132/><U64/><E12/><V94/><F54/><W42/><G70/><T112/><D112/><U134/><E134/><V50/><F90/><W128/><G128/><T48/><D48/><U57/><E47/><V116/><F116/><W126/><G126/><T71/><D71/><U75/><E75/><V8/><F8/><W125/><G125/><T81/><D81/><U123/><E123/><V114/><F114/><W53/><G38/><T16/><D82/><U5/><E5/><V87/><F50/><W76/><G76/><T46/><D83/><U24/><REACH who="1" step="1"/><E61/><REACH who="1" ten="372,155,129,334" step="2"/><V115/><F45/><W31/><G31/><T51/><D60/><U41/><E41/><N who="3" m="15978" /><G1/><T2/><D2/><U7/><E7/><V97/><F115/><W118/><G118/><T92/><D122/><U52/><E52/><N who="3" m="20042" /><G3/><T32/><D105/><U109/><E109/><V78/><F36/><W15/><G19/><T0/><D16/><U34/><E34/><V101/><F39/><W44/><G44/><T130/><D46/><U124/><E124/><V77/><F4/><W127/><G127/><T91/><D32/><RYUUKYOKU ba="0,1" sc="372,-15,155,15,129,-15,334,15" hai1="24,25,27,56,57,64,65,66,88,95,96,100,104" hai3="10,15,17,59,63,84,86" /><INIT seed="3,1,1,5,3,41" ten="357,170,114,349" oya="3" hai0="5,2,130,60,36,122,47,18,97,38,19,32,86" hai1="48,9,14,65,124,44,64,85,73,80,40,91,34" hai2="75,33,110,59,126,77,23,1,29,15,57,128,27" hai3="54,112,120,81,93,133,79,37,3,35,7,102,87"/><W43/><G112/><T108/><D32/><U111/><E34/><V28/><F75/><N who="3" m="43263" /><G35/><T25/><D122/><U103/><E124/><V125/><F77/><W71/><G120/><T49/><D97/><U117/><E117/><V105/><F105/><W55/><G71/><T69/><D108/><U98/><E111/><V30/><F59/><W21/><G21/><T11/><D130/><U123/><E73/><V114/><F57/><W56/><G133/><T72/><D72/><U84/><E123/><V82/><F82/><W42/><G42/><T4/><D4/><U74/><E74/><V113/><F110/><W135/><G135/><T109/><D109/><U61/><E61/><V10/><F128/><W17/><G17/><T121/><D121/><U107/><E85/><V24/><F29/><W31/><G31/><T26/><D86/><U83/><E83/><V94/><F94/><W22/><G22/><T104/><D104/><U127/><E127/><N who="2" m="48651" /><F1/><W46/><G56/><T12/><D19/><AGARI ba="1,1" hai="9,14,19,40,44,48,64,65,80,84,91,98,103,107" machi="19" ten="30,2000,0" yaku="7,1,52,1" doraHai="41" who="1" fromWho="0" sc="357,-23,170,33,114,0,349,0" /><AGARI ba="1,0" hai="10,15,19,23,24,27,28,30,33,113,114" m="48651" machi="19" ten="30,3900,0" yaku="18,1,34,2" doraHai="41" who="2" fromWho="0" sc="334,-39,203,0,114,39,349,0" owari="295,9.5,203,-19.7,153,-34.7,349,44.9" /></mjloggm>