<mjloggm ver="2.3"><GO type="225" lobby="0"/><UN n0="%E3%81%82%E3%82%93%E3%81%AA%E3%81%A4" n1="%E8%A8%88%E7%AE%97%E6%A9%9F%E8%87%AA%E7%84%B6" n2="%E3%82%AD%E3%83%AA%E3%83%B3%E3%82%AD%E3%83%AA%E3%83%B3" n3="%43%68%65" dan="16,17,16,16" rate="2123.69,2227.89,2104.94,2163.42" sx="M,M,M,M"/><TAIKYOKU oya="0"/><INIT seed="0,0,0,4,0,45" ten="250,250,250,250" oya="0" hai0="119,13,5,52,97,37,47,60,90,107,66,48,88" hai1="28,130,106,35,3,80,20,72,62,135,61,71,117" hai2="121,108,99,122,22,40,26,10,73,17,102,15,33" hai3="125,114,56,92,38,49,67,34,126,1,128,105,120"/><T70/><D119/><U110/><RYUUKYOKU type="yao9" ba="0,0" sc="250,0,250,0,250,0,250,0" hai1="3,20,28,35,61,62,71,72,80,106,110,117,130,135" /><INIT seed="0,1,0,1,5,32" ten="250,250,250,250" oya="0" hai0="66,54,40,19,68,13,111,45,86,57,28,53,41" hai1="127,124,74,18,22,135,30,31,80,60,97,24,103" hai2="95,51,126,125,10,34,50,29,14,73,104,132,129" hai3="5,121,93,110,109,89,71,43,58,101,61,9,48"/><T123/><D123/><U7/><E135/><V37/><F104/><W114/><G114/><T84/><D28/><U72/><E7/><V70/><F73/><N who="1" m="28265" /><E60/><V88/><F70/><W118/><G118/><T122/><D122/><U52/><E52/><N who="0" m="20073" /><D68/><U42/><E80/><V83/><F83/><W102/><G121/><T25/><D25/><U107/><E42/><N who="0" m="16489" /><D45/><U20/><E20/><V47/><F47/><W133/><G133/><T76/><D76/><U112/><E112/><V119/><F37/><W12/><G71/><T49/><D111/><N who="3" m="42505" /><G48/><T6/><D6/><U21/><E21/><V79/><F79/><W27/><G27/><T77/><D77/><U75/><E75/><V69/><F69/><W115/><G43/><T87/><D49/><U117/><E117/><V82/><F119/><W15/><G15/><T134/><D134/><U64/><E64/><V26/><F132/><W85/><G115/><T130/><D66/><AGARI ba="1,0" hai="5,9,12,58,61,66,85,89,93,101,102" m="42505" machi="66" ten="30,1000,0" yaku="14,1" doraHai="32" who="3" fromWho="0" sc="250,-13,250,0,250,0,250,13" /><INIT seed="1,0,0,2,4,86" ten="237,250,250,263" oya="1" hai0="46,113,100,107,62,29,40,16,3,133,125,111,45" hai1="10,101,17,22,73,70,74,119,15,21,82,61,69" hai2="108,121,49,131,57,23,123,63,31,129,93,92,56" hai3="20,68,9,79,88,64,95,30,122,115,76,135,106"/><U105/><E119/><V41/><F108/><W94/><G106/><T103/><D113/><U71/><E61/><V127/><F127/><W42/><G115/><T104/><D3/><U81/><E101/><V80/><F80/><W126/><G122/><T33/><D111/><U102/><E102/><V112/><F112/><W84/><G126/><T44/><D40/><U28/><E105/><V77/><F77/><W124/><G124/><T130/><D125/><U26/><REACH who="1" step="1"/><E10/><REACH who="1" ten="237,240,250,263" step="2"/><V32/><F123/><W14/><G9/><T53/><D104/><U38/><E38/><V132/><F121/><W24/><G68/><T98/><D103/><U50/><E50/><V47/><F131/><W19/><G135/><T110/><D133/><U118/><E118/><V12/><F129/><W51/><G64/><T67/><D130/><U91/><E91/><V114/><F114/><W13/><G51/><T134/><D134/><U34/><E34/><V116/><F116/><W78/><G42/><T59/><D110/><U58/><E58/><V35/><F132/><W11/><G14/><T120/><D120/><U1/><E1/><V8/><F57/><W117/><G117/><T55/><D67/><U27/><E27/><N who="2" m="16895" /><F32/><W89/><G79/><T37/><D37/><U25/><E25/><V85/><F35/><W18/><G30/><T4/><D29/><U2/><E2/><V39/><F39/><W54/><G54/><N who="0" m="34167" /><D33/><U66/><E66/><V48/><F48/><W75/><G75/><AGARI ba="0,1" hai="15,17,21,22,26,28,69,70,71,73,74,75,81,82" machi="75" ten="50,2400,0" yaku="1,1,53,0" doraHai="86" doraHaiUra="60" who="1" fromWho="3" sc="237,0,240,34,250,0,263,-24" /><INIT seed="1,1,0,4,0,34" ten="237,274,250,239" oya="1" hai0="92,107,106,127,11,83,116,9,13,60,81,59,31" hai1="63,27,51,134,14,90,25,89,104,4,26,91,132" hai2="39,30,125,19,61,17,56,72,102,111,80,53,128" hai3="75,55,100,131,52,46,36,135,78,67,49,38,98"/><U28/><E104/><V97/><F39/><W43/><G135/><N who="1" m="51754" /><E51/><V71/><F125/><W12/><G131/><T68/><D68/><U94/><E63/><V108/><F128/><W7/><G67/><T99/><D31/><U29/><E94/><V109/><F30/><N who="1" m="11881" /><E14/><V130/><F130/><W62/><G62/><T123/><D106/><U74/><E4/><V85/><F72/><AGARI ba="1,0" hai="25,26,27,72,74,89,90,91" m="11881,51754" machi="72" ten="40,7700,0" yaku="28,2,20,1" doraHai="34" who="1" fromWho="2" sc="237,0,274,80,250,-80,239,0" /><INIT seed="1,2,0,1,2,90" ten="237,354,170,239" oya="1" hai0="4,41,104,53,6,55,101,59,13,77,134,56,50" hai1="15,121,92,125,1,79,71,70,32,103,82,28,39" hai2="68,23,118,94,52,12,88,61,48,0,5,109,97" hai3="65,21,86,31,105,75,34,38,57,76,114,80,69"/><U42/><E121/><V49/><F118/><W40/><G114/><T95/><D134/><U106/><E15/><V116/><F116/><W58/><G105/><T115/><D115/><U22/><E22/><V113/><F113/><W64/><G34/><T127/><D127/><U35/><E1/><V62/><F109/><W7/><G86/><T3/><D3/><U85/><E106/><V128/><F128/><W73/><G73/><T19/><D41/><U67/><E125/><V47/><F0/><W46/><G7/><T72/><D77/><U96/><E28/><V107/><F107/><W14/><G69/><T87/><D72/><U63/><REACH who="1" step="1"/><E71/><REACH who="1" ten="237,344,170,239" step="2"/><V117/><F117/><W126/><G14/><T54/><D104/><U110/><E110/><V24/><F68/><W122/><G21/><T27/><D13/><U2/><E2/><V43/><F12/><W44/><G31/><T20/><D4/><U33/><E33/><V124/><F124/><W30/><G30/><T120/><D6/><U133/><E133/><V89/><F5/><W129/><G126/><T83/><D120/><U135/><E135/><V36/><F36/><W131/><G122/><T93/><D20/><U26/><E26/><V78/><F23/><W132/><G132/><T11/><D27/><U9/><E9/><V10/><F10/><W119/><G119/><T17/><D11/><U91/><E91/><N who="2" m="55519" /><F24/><W123/><G123/><T84/><D17/><U16/><E16/><V112/><F112/><W74/><G38/><T99/><D19/><U66/><E66/><V37/><F37/><W100/><G65/><RYUUKYOKU ba="2,1" sc="237,-10,344,30,170,-10,239,-10" hai1="32,35,39,42,63,67,70,79,82,85,92,96,103" /><INIT seed="1,3,1,1,2,113" ten="227,374,160,229" oya="1" hai0="82,103,24,16,10,114,54,29,101,55,44,89,75" hai1="108,107,8,47,38,6,73,14,124,4,123,1,40" hai2="39,130,49,61,122,117,13,62,81,91,68,115,20" hai3="15,48,80,110,18,119,56,53,93,17,23,132,102"/><U71/><E123/><V109/><F122/><W12/><G110/><T76/><D114/><U51/><E107/><V88/><F115/><W120/><G120/><T65/><D65/><U42/><E71/><V84/><F109/><W104/><G104/><T52/><D44/><U5/><E108/><V85/><F39/><W28/><G132/><T2/><D89/><U111/><E111/><V35/><F35/><W95/><G28/><T26/><D26/><U69/><E69/><V79/><F130/><W30/><G30/><T33/><REACH who="0" step="1"/><D2/><REACH who="0" ten="217,374,160,229" step="2"/><U112/><E112/><V58/><F68/><W92/><G119/><T34/><D34/><U32/><E1/><V11/><F117/><W97/><REACH who="3" step="1"/><G80/><REACH who="3" ten="217,374,160,219" step="2"/><T77/><D77/><U50/><E32/><V9/><F79/><W46/><G46/><T116/><D116/><U86/><E47/><V78/><F78/><W70/><G70/><T19/><D19/><U87/><E4/><V7/><F11/><AGARI ba="3,3" hai="11,12,15,17,18,23,48,53,56,92,93,95,97,102" machi="11" ten="30,7700,0" yaku="1,1,7,1,8,1,53,1" doraHai="113" doraHaiUra="99" who="3" fromWho="2" sc="217,0,374,0,160,-86,219,116" /><INIT seed="2,0,0,4,1,7" ten="217,374,74,335" oya="2" hai0="122,48,77,87,34,84,13,63,117,133,69,82,27" hai1="39,29,56,17,60,73,115,25,8,40,125,79,37" hai2="42,44,129,110,120,19,109,15,30,4,134,103,43" hai3="32,5,75,22,1,127,108,99,47,61,118,113,101"/><V41/><F120/><W135/><G32/><T93/><D122/><U6/><E115/><V97/><F129/><W49/><G118/><T53/><D117/><U24/><E125/><V2/><F44/><W12/><G75/><T14/><D133/><U33/><E79/><V51/><F51/><W36/><G36/><T78/><D34/><U23/><E73/><V59/><F59/><W52/><G1/><T88/><D27/><U96/><E96/><V123/><F123/><W131/><G127/><T119/><D119/><U46/><E46/><V102/><F30/><W3/><G3/><T71/><D78/><U9/><E40/><V89/><F134/><W35/><G35/><T45/><REACH who="0" step="1"/><D71/><REACH who="0" ten="207,374,74,335" step="2"/><U67/><E67/><BYE who="1" /><AGARI ba="0,1" hai="13,14,45,48,53,63,67,69,77,82,84,87,88,93" machi="67" ten="40,5200,0" yaku="1,1,2,1,54,1,53,0" doraHai="7" doraHaiUra="95" who="0" fromWho="1" sc="207,62,374,-52,74,0,335,0" /><INIT seed="3,0,0,1,3,38" ten="269,322,74,335" oya="3" hai0="11,106,93,121,57,2,26,131,41,12,109,86,9" hai1="119,24,20,83,81,28,19,111,44,49,125,31,37" hai2="116,108,53,14,45,67,114,84,72,30,75,32,10" hai3="80,66,97,16,107,103,85,21,5,58,36,48,134"/><W120/><G120/><T122/><D106/><UN n1="%E8%A8%88%E7%AE%97%E6%A9%9F%E8%87%AA%E7%84%B6" /><U91/><E37/><V117/><F67/><W94/><G36/><T60/><D109/><U99/><E111/><V112/><F84/><W101/><G134/><T95/><D131/><U76/><E125/><V71/><F71/><W124/><G124/><T69/><D69/><U135/><E135/><V46/><F108/><W128/><G128/><T52/><D26/><U6/><E6/><V33/><F30/><N who="1" m="11305" /><E76/><V34/><F53/><N who="3" m="32039" /><G5/><T87/><D2/><U129/><E119/><V78/><F78/><N who="3" m="46231" /><G107/><T43/><D9/><U68/><E68/><V7/><F7/><W96/><G66/><T110/><D110/><U90/><E129/><V113/><F14/><N who="3" m="9367" /><G97/><T63/><D63/><U127/><E127/><V23/><F23/><W27/><G27/><T70/><D70/><U56/><E56/><V126/><F126/><W89/><AGARI ba="0,0" hai="89,94,96,101,103" m="9367,46231,32039" machi="89" ten="30,3000,0" yaku="8,1,54,1" doraHai="38" who="3" fromWho="3" sc="269,-10,322,-10,74,-10,335,30" owari="259,-14.1,312,11.2,64,-43.6,365,46.5" /></mjloggm>