<mjloggm ver="2.3"><GO type="225" lobby="0"/><UN n0="%E9%80%9F%E6%B0%B4%E5%87%9B%E9%A6%99" n1="%E9%B3%B3%E6%9D%B1%E3%81%AE%E3%81%86%E3%81%95%E3%81%8E%E3%81%95%E3%82%93" n2="%E4%B8%8B%E6%AE%B5%E3%83%81%E3%82%A7%E3%83%AA%E3%83%BC" n3="%E4%B8%AD%E5%B9%B4%E3%81%AE%E5%8D%B1%E6%A9%9F" dan="16,16,16,16" rate="2059.40,2166.25,2136.90,2082.83" sx="F,M,M,M"/><TAIKYOKU oya="0"/><INIT seed="0,0,0,0,5,69" ten="250,250,250,250" oya="0" hai0="131,27,105,63,64,113,106,23,95,74,66,76,126" hai1="47,57,117,4,13,81,110,115,38,92,14,82,80" hai2="98,50,100,36,41,32,79,51,35,6,99,5,42" hai3="75,43,127,122,71,88,46,83,91,17,30,90,120"/><T135/><D113/><U132/><E117/><V15/><F79/><W52/><G71/><T104/><D135/><U54/><E132/><V44/><F15/><W58/><G30/><T109/><D131/><U114/><E110/><V53/><F53/><W3/><G3/><T45/><D109/><U96/><E47/><V1/><F44/><W60/><G127/><T123/><D126/><U7/><E13/><V70/><F70/><W67/><G17/><T111/><D111/><U119/><E119/><V2/><F100/><W62/><G62/><T49/><D123/><N who="3" m="47145" /><G67/><T8/><D8/><U48/><E38/><AGARI ba="0,0" hai="1,2,5,6,32,35,36,38,41,42,50,51,98,99" machi="38" ten="25,6400,0" yaku="22,2,52,2" doraHai="69" who="2" fromWho="1" sc="250,0,250,-64,250,64,250,0" /><INIT seed="1,0,0,5,3,119" ten="250,186,314,250" oya="1" hai0="63,49,94,116,66,35,92,53,27,52,17,115,85" hai1="34,109,127,2,51,48,58,82,107,75,20,43,131" hai2="120,28,3,126,39,112,41,134,57,47,106,77,0" hai3="98,86,81,5,68,70,10,55,102,8,50,54,65"/><U101/><E34/><V133/><F106/><W90/><G65/><T99/><D116/><U87/><E2/><V105/><F105/><W26/><G26/><T13/><D115/><U108/><E75/><V121/><F112/><W24/><G24/><T95/><D27/><U97/><E131/><V122/><F28/><W1/><G8/><T32/><D85/><U111/><E127/><V12/><F126/><W11/><G11/><T124/><D124/><U73/><E73/><V45/><F77/><W123/><G123/><T128/><D128/><U96/><E96/><V46/><F41/><W4/><G4/><T118/><D118/><U130/><E130/><V72/><F72/><W135/><G135/><N who="2" m="51721" /><F39/><W38/><G38/><T16/><D99/><U25/><E58/><V84/><F84/><W132/><G54/><T74/><D74/><U62/><E62/><V64/><F12/><W125/><G125/><T14/><D63/><AGARI ba="0,0" hai="0,3,45,46,47,57,63,64,120,121,122" m="51721" machi="63" ten="40,8000,1" yaku="20,1,52,3" doraHai="119" who="2" fromWho="0" sc="250,-80,186,0,314,80,250,0" /><INIT seed="2,0,0,4,0,21" ten="170,186,394,250" oya="2" hai0="99,118,42,84,62,80,108,127,60,74,90,10,14" hai1="85,31,40,16,66,43,110,12,3,36,100,44,97" hai2="58,95,113,9,101,71,7,20,25,45,73,92,39" hai3="32,96,13,103,129,126,46,119,70,26,117,78,67"/><V122/><F71/><W88/><G13/><T83/><D108/><U5/><E110/><V33/><F73/><W49/><G88/><N who="0" m="51207" /><D74/><U38/><E31/><V65/><F122/><W55/><G78/><T128/><D128/><U112/><E112/><V69/><F69/><W130/><G96/><T18/><D127/><U72/><E72/><V63/><F33/><W132/><G103/><T23/><D118/><N who="3" m="45065" /><G26/><N who="0" m="14711" /><D42/><U75/><E75/><V123/><F123/><W107/><G107/><T56/><D56/><U6/><E3/><V89/><F101/><W59/><G32/><T8/><D8/><U28/><E43/><V50/><F39/><W52/><G126/><T0/><D0/><U19/><E38/><V17/><F113/><W116/><N who="3" m="45073" /><W105/><DORA hai="81" /><G105/><T133/><D133/><U115/><E36/><V79/><F79/><W131/><G132/><T30/><D30/><U135/><E28/><V125/><F125/><W51/><G70/><T47/><D47/><U64/><E44/><V41/><F89/><W98/><G98/><T77/><D77/><U4/><E135/><V76/><F76/><W104/><G104/><T37/><D37/><U82/><E115/><V109/><F109/><W121/><G121/><T91/><D91/><U106/><E106/><V29/><F29/><W87/><G87/><N who="0" m="50559" /><D99/><U54/><E97/><V35/><F35/><W27/><G27/><T22/><D22/><U24/><E24/><V53/><F41/><W11/><G11/><T94/><D94/><U48/><E40/><V111/><F9/><W114/><G114/><T15/><D10/><RYUUKYOKU ba="0,0" sc="170,15,186,-15,394,-15,250,15" hai0="14,15,60,62" hai3="46,49,51,52,55,59,67,129,130,131" /><INIT seed="3,1,0,0,1,74" ten="185,171,379,265" oya="3" hai0="59,24,18,69,15,121,89,115,47,116,13,54,102" hai1="95,118,87,135,72,105,62,46,125,41,108,8,100" hai2="27,37,130,109,66,51,31,36,16,86,39,126,45" hai3="28,131,111,79,11,23,77,73,32,120,127,12,4"/><W85/><G120/><T75/><D69/><U65/><E72/><V50/><F66/><W53/><G73/><T2/><D121/><U101/><E108/><V119/><F119/><W49/><G32/><T76/><D2/><U17/><E118/><V55/><F109/><W14/><G111/><T44/><D116/><U35/><E35/><V124/><F130/><W107/><G107/><T30/><D115/><U19/><E135/><V83/><F16/><N who="1" m="6217" /><E105/><V81/><F51/><W9/><G131/><T40/><D102/><N who="1" m="39531" /><E125/><N who="2" m="48235" /><F86/><W99/><G99/><T5/><D76/><N who="3" m="29257" /><G85/><T57/><D75/><U20/><E8/><N who="3" m="3146" /><G4/><T22/><D5/><U33/><E87/><V34/><AGARI ba="1,0" hai="27,31,34,36,37,39,45,50,55,81,83" m="48235" machi="34" ten="40,1500,0" yaku="18,1" doraHai="74" who="2" fromWho="2" sc="185,-5,171,-5,379,18,265,-8" owari="180,-22.0,166,-33.4,397,49.7,257,5.7" /></mjloggm>