<mjloggm ver="2.3"><GO type="225" lobby="0"/><UN n0="%43%E3%82%A8%E3%83%BC%E3%82%B8%E3%82%A7%E3%83%B3%E3%83%88" n1="%72%69%6F%75%63%68%61%6E" n2="%E7%89%B9%E6%9D%B1%E3%81%AF%E4%B8%96%E7%95%8C%E3%82%92%E6%95%91%E3%81%86" n3="%48%61%61%61%6C%61%6E%64" dan="16,17,16,18" rate="2139.52,2269.52,2080.77,2197.73" sx="M,M,M,M"/><TAIKYOKU oya="0"/><INIT seed="0,0,0,4,4,3" ten="250,250,250,250" oya="0" hai0="41,96,30,66,76,86,117,122,73,116,111,87,17" hai1="43,77,135,109,119,52,114,63,93,71,37,84,101" hai2="72,62,54,23,20,19,1,46,97,56,48,8,34" hai3="4,123,94,2,107,16,11,128,36,59,106,133,75"/><T68/><D122/><U83/><E119/><V104/><F34/><W98/><G123/><T112/><D112/><U85/><E114/><V126/><F72/><W40/><G75/><T105/><D41/><U60/><E109/><V88/><F126/><W64/><G128/><T131/><D131/><U14/><E135/><V10/><F1/><W42/><G133/><T32/><D17/><U118/><E118/><V125/><F125/><W45/><G40/><T120/><D86/><U29/><E29/><V5/><F5/><W82/><G82/><N who="0" m="45327" /><D87/><U15/><E63/><V81/><F104/><W57/><G16/><T31/><D31/><U80/><E101/><V67/><F23/><W21/><G21/><T127/><D127/><U25/><E93/><N who="2" m="56487" /><F81/><W92/><G92/><T35/><D111/><U90/><E25/><AGARI ba="0,0" hai="8,10,19,20,25,46,48,54,56,62,67" m="56487" machi="25" ten="30,2000,0" yaku="8,1,54,1" doraHai="3" who="2" fromWho="1" sc="250,0,250,-20,250,20,250,0" /><INIT seed="1,0,0,4,4,74" ten="250,230,270,250" oya="1" hai0="92,111,59,58,132,78,21,79,0,44,36,125,69" hai1="123,109,22,77,57,71,94,5,75,2,48,135,41" hai2="31,50,112,32,64,34,17,105,54,133,43,84,26" hai3="24,91,1,11,39,116,53,85,16,97,27,15,80"/><U67/><E123/><V88/><F105/><W14/><G116/><T55/><D69/><U13/><E135/><V131/><F133/><W81/><G1/><T35/><D35/><U72/><E109/><V30/><F131/><W70/><G39/><T102/><D0/><U113/><E113/><V23/><F64/><W19/><G70/><T52/><D132/><U118/><E118/><V42/><F34/><W29/><G97/><N who="0" m="59687" /><D36/><U28/><E2/><V96/><F96/><W100/><G100/><T103/><D103/><U18/><E5/><V124/><F124/><W51/><G81/><T126/><D44/><N who="1" m="25615" /><E75/><V8/><F8/><N who="3" m="6215" /><G29/><N who="2" m="10761" /><F32/><W115/><G115/><T106/><D106/><U87/><E72/><V99/><F99/><W20/><G11/><T98/><D98/><U120/><E120/><V114/><F114/><W4/><G4/><T122/><D122/><U6/><E71/><V65/><F112/><W107/><G107/><T86/><D86/><U110/><E110/><V25/><F84/><W3/><G3/><T108/><D21/><U61/><E28/><V130/><F23/><W82/><G82/><T12/><D12/><U128/><E128/><V117/><F117/><W62/><G15/><T63/><D108/><U7/><E94/><V134/><F130/><W68/><G24/><T49/><D111/><U46/><E46/><V40/><F25/><W95/><G95/><T101/><D101/><U33/><E33/><V76/><F26/><W104/><G104/><T45/><D45/><U38/><E38/><V37/><F37/><W47/><G68/><T56/><D56/><RYUUKYOKU ba="0,0" sc="250,10,230,10,270,-30,250,10" hai0="49,52,55,58,59,63,78,79,125,126" hai1="6,7,13,18,22,57,61,67,77,87" hai3="19,20,27,47,51,53,62,80,85,91" /><INIT seed="1,1,0,1,5,32" ten="260,240,240,260" oya="1" hai0="34,52,18,102,24,104,105,89,115,61,74,98,86" hai1="11,8,125,51,62,54,94,55,76,0,91,92,46" hai2="126,116,41,96,42,132,30,68,47,82,63,1,33" hai3="128,7,113,109,84,39,121,28,134,70,135,117,95"/><U66/><E125/><V43/><F116/><W16/><G39/><T75/><D105/><U83/><E54/><V5/><F132/><N who="3" m="50731" /><G70/><T49/><D61/><U122/><E122/><V79/><F126/><W87/><G121/><T19/><D115/><U59/><E0/><V10/><F96/><W65/><G65/><T88/><D89/><U85/><REACH who="1" step="1"/><E94/><REACH who="1" ten="260,230,240,260" step="2"/><V120/><F120/><W60/><G95/><T13/><D75/><AGARI ba="1,1" hai="8,11,46,51,55,59,62,66,75,76,83,85,91,92" machi="75" ten="30,5800,0" yaku="1,1,2,1,7,1,53,0" doraHai="32" doraHaiUra="29" who="1" fromWho="0" sc="260,-61,230,71,240,0,260,0" /><INIT seed="1,2,0,4,2,109" ten="199,301,240,260" oya="1" hai0="45,35,125,71,68,57,120,32,29,6,18,9,129" hai1="100,31,40,17,130,55,61,23,96,69,119,102,106" hai2="128,5,124,46,103,88,54,111,28,19,94,39,3" hai3="105,91,37,133,79,0,44,51,12,93,121,58,7"/><U25/><E130/><V126/><F111/><W24/><G121/><T42/><D125/><U59/><E119/><V60/><F128/><W123/><G123/><T92/><D129/><U114/><E114/><V48/><F103/><W34/><G105/><T118/><D118/><U95/><E69/><V65/><F28/><W13/><G133/><T85/><D18/><U10/><E40/><V72/><F72/><W78/><G0/><T81/><D92/><U8/><REACH who="1" step="1"/><E31/><REACH who="1" ten="199,291,240,260" step="2"/><V38/><F126/><W30/><G30/><T67/><D120/><U104/><E104/><V131/><F131/><W99/><G37/><T49/><D29/><U15/><E15/><V74/><F124/><W53/><G13/><T132/><D132/><U115/><E115/><V70/><F38/><W117/><G117/><T86/><D71/><U11/><E11/><V56/><F39/><W22/><G12/><T122/><D68/><U127/><E127/><V52/><F70/><W2/><G2/><T89/><D122/><U76/><E76/><V47/><F3/><W63/><G79/><T84/><D9/><U77/><E77/><V27/><F27/><W112/><G78/><T20/><D6/><U16/><E16/><V75/><F19/><N who="3" m="12383" /><G112/><T110/><D110/><U50/><E50/><N who="2" m="29023" /><F5/><W66/><G7/><T62/><REACH who="0" step="1"/><D20/><REACH who="0" ten="189,291,240,260" step="2"/><U43/><E43/><V134/><F134/><W113/><G113/><T101/><D101/><U98/><AGARI ba="2,2" hai="8,10,17,23,25,55,59,61,95,96,98,100,102,106" machi="98" ten="30,6000,0" yaku="1,1,0,1,53,1" doraHai="109" doraHaiUra="90" who="1" fromWho="1" sc="189,-22,291,86,240,-22,260,-22" /><INIT seed="1,3,0,2,1,24" ten="167,377,218,238" oya="1" hai0="3,107,110,113,53,62,28,104,25,93,95,92,105" hai1="84,114,4,69,119,44,2,60,8,85,91,80,51" hai2="135,117,118,129,17,133,121,87,124,67,102,120,5" hai3="33,86,130,131,55,36,42,108,128,132,64,126,88"/><U30/><E114/><V20/><F67/><W6/><G108/><T56/><D3/><U111/><E119/><N who="2" m="45579" /><F87/><W26/><G132/><N who="2" m="50761" /><F102/><W27/><G126/><T37/><D37/><U12/><E111/><V29/><F124/><W52/><G6/><T90/><D110/><U98/><E30/><V58/><F58/><W43/><G64/><T35/><REACH who="0" step="1"/><D113/><REACH who="0" ten="157,377,218,238" step="2"/><U22/><E2/><V32/><F129/><W97/><G36/><T77/><D77/><U46/><E69/><V50/><F50/><W66/><G130/><T79/><D79/><U45/><E60/><V61/><F61/><W112/><G112/><T49/><D49/><U94/><E22/><V125/><F125/><W115/><G115/><T0/><D0/><U47/><REACH who="1" step="1"/><E80/><REACH who="1" ten="157,367,218,238" step="2"/><V122/><F20/><W82/><G128/><T11/><D11/><U39/><E39/><V15/><F122/><W75/><G131/><T21/><D21/><U101/><E101/><V63/><F63/><W18/><G82/><T9/><D9/><U13/><E13/><V103/><F121/><W34/><G34/><T70/><D70/><U100/><E100/><V48/><F103/><W31/><G33/><T40/><D40/><AGARI ba="3,2" hai="4,8,12,40,44,45,46,47,51,84,85,91,94,98" machi="40" ten="40,3900,0" yaku="1,1,8,1,53,0" doraHai="24" doraHaiUra="59" who="1" fromWho="0" sc="157,-48,367,68,218,0,238,0" /><INIT seed="1,4,0,1,4,67" ten="109,435,218,238" oya="1" hai0="102,15,73,134,63,34,128,2,37,117,129,42,130" hai1="57,124,32,55,83,132,104,90,17,60,111,18,93" hai2="49,112,33,103,71,69,92,48,77,35,133,94,79" hai3="11,40,0,98,3,89,78,4,61,5,1,125,41"/><U135/><E104/><V109/><F103/><W25/><G125/><T105/><D2/><U27/><E124/><V64/><F64/><W99/><G78/><T85/><D73/><U50/><E111/><V70/><F133/><W22/><G61/><T62/><D117/><U114/><E114/><V53/><F53/><W120/><G120/><T68/><D34/><U36/><E36/><V58/><F70/><W7/><G11/><T110/><D110/><U96/><E83/><V29/><F58/><W126/><G126/><T72/><D72/><U91/><E91/><V115/><F109/><W38/><G89/><T75/><D75/><U30/><REACH who="1" step="1"/><E60/><REACH who="1" ten="109,425,218,238" step="2"/><V19/><REACH who="2" step="1"/><F19/><AGARI ba="4,1" hai="17,18,19,27,30,32,50,55,57,90,93,96,132,135" machi="19" ten="40,3900,0" yaku="1,1,2,1,53,0" doraHai="67" doraHaiUra="119" who="1" fromWho="2" sc="109,0,425,61,218,-51,238,0" /><INIT seed="1,5,0,0,4,28" ten="109,486,167,238" oya="1" hai0="10,56,126,132,35,53,52,67,8,43,54,96,1" hai1="49,9,32,79,135,131,107,23,18,11,69,117,125" hai2="38,93,110,14,41,78,81,102,105,92,108,122,82" hai3="13,3,12,61,109,103,120,94,19,75,68,95,42"/><U5/><E117/><V20/><F41/><W121/><G3/><T47/><D126/><U74/><E107/><V31/><F38/><W84/><G75/><T134/><D96/><U40/><E69/><V111/><F122/><W22/><G109/><T46/><D1/><U83/><E125/><V115/><F115/><W4/><G42/><T62/><D8/><U104/><E104/><V87/><F31/><W128/><G128/><T34/><D10/><U30/><E131/><V98/><F14/><W100/><G4/><T70/><D46/><U118/><E118/><V16/><REACH who="2" step="1"/><F82/><REACH who="2" ten="109,486,157,238" step="2"/><W2/><G2/><T112/><D112/><U65/><E40/><V90/><F90/><W60/><G12/><T76/><D76/><U17/><E83/><V59/><F59/><W24/><G13/><T27/><D56/><U129/><E30/><V36/><F36/><W85/><G68/><T6/><D27/><U58/><E58/><V88/><F88/><W50/><G24/><T39/><REACH who="0" step="1"/><D6/><REACH who="0" ten="99,486,157,238" step="2"/><U45/><E5/><V99/><F99/><W64/><G120/><T89/><D89/><U66/><E79/><V21/><F21/><W37/><G22/><T133/><AGARI ba="5,2" hai="34,35,39,43,47,52,53,54,62,67,70,132,133,134" machi="133" ten="40,12000,2" yaku="1,1,0,1,20,1,52,2,54,1,53,0" doraHai="28" doraHaiUra="0" who="0" fromWho="0" sc="99,155,486,-65,157,-35,238,-35" /><INIT seed="2,0,0,0,5,28" ten="254,421,122,203" oya="2" hai0="45,76,52,79,94,54,95,134,13,93,2,69,133" hai1="36,108,73,25,14,64,57,66,80,129,21,112,46" hai2="18,20,4,75,6,83,9,50,5,55,3,109,115" hai3="97,96,120,128,91,122,88,53,87,0,30,68,16"/><V11/><F115/><W100/><G128/><T67/><D2/><U78/><E112/><V12/><F109/><W62/><G0/><T22/><D67/><U123/><E129/><V49/><F49/><W118/><G118/><T125/><D69/><U111/><E123/><V117/><F117/><W84/><G30/><T114/><D114/><U32/><E32/><V132/><F132/><N who="0" m="50794" /><D125/><U89/><E14/><V104/><F104/><W126/><G126/><T71/><D71/><U81/><E89/><V131/><F131/><W74/><G74/><T102/><D102/><U41/><E81/><V90/><F11/><W99/><G100/><T42/><D22/><U23/><E23/><V105/><F105/><W135/><G135/><T92/><D94/><U107/><E107/><V29/><F29/><W38/><G38/><N who="0" m="21719" /><D13/><U39/><E36/><V77/><REACH who="2" step="1"/><F90/><REACH who="2" ten="254,421,112,203" step="2"/><W40/><G88/><T43/><D43/><U15/><E111/><V17/><F17/><W82/><G40/><T61/><D61/><U8/><E108/><V101/><F101/><W33/><G16/><T7/><D7/><U19/><E57/><AGARI ba="0,1" hai="3,4,5,6,9,12,18,20,50,55,57,75,77,83" machi="57" ten="30,2900,0" yaku="1,1,7,1,53,0" doraHai="28" doraHaiUra="63" who="2" fromWho="1" sc="254,0,421,-29,112,39,203,0" /><INIT seed="2,1,0,1,1,126" ten="254,392,151,203" oya="2" hai0="19,123,110,44,27,105,29,51,64,102,15,89,125" hai1="77,42,69,92,78,39,106,95,75,6,111,16,94" hai2="48,131,65,96,121,24,99,90,46,36,26,116,28" hai3="62,120,11,88,113,25,132,118,2,87,80,35,33"/><V58/><F116/><W60/><G118/><T97/><D110/><U93/><E111/><V38/><F121/><W73/><G120/><T20/><D125/><U4/><E106/><V21/><F131/><W117/><G117/><T71/><D89/><U112/><E112/><V0/><F0/><W74/><G113/><T103/><D103/><U86/><E69/><V49/><F26/><W7/><G132/><T13/><D123/><U56/><E75/><V122/><F122/><W61/><REACH who="3" step="1"/><G33/><REACH who="3" ten="254,392,151,193" step="2"/><T23/><D71/><U8/><E39/><V10/><F10/><W9/><G9/><T40/><REACH who="0" step="1"/><D64/><REACH who="0" ten="244,392,151,193" step="2"/><U85/><E8/><V124/><F124/><W83/><G83/><T63/><D63/><U127/><E127/><V12/><F65/><W84/><G84/><T101/><D101/><U45/><E86/><V32/><F99/><W14/><G14/><AGARI ba="1,2" hai="13,14,15,19,20,23,27,29,40,44,51,97,102,105" machi="14" ten="30,3900,0" yaku="1,1,7,1,53,1" doraHai="126" doraHaiUra="98" who="0" fromWho="3" sc="244,62,392,0,151,0,193,-42" /><INIT seed="3,0,0,0,5,22" ten="306,392,151,151" oya="3" hai0="19,128,12,4,35,109,118,56,65,130,127,121,73" hai1="92,96,61,32,30,62,87,106,131,104,70,37,76" hai2="88,63,48,78,9,21,102,36,94,8,120,95,86" hai3="43,71,23,26,29,129,59,34,66,24,3,85,41"/><W115/><G115/><T112/><D73/><U53/><E37/><V90/><F36/><W68/><G3/><T111/><D56/><U16/><E131/><N who="0" m="50217" /><D65/><U67/><E16/><V100/><F120/><W18/><G129/><T122/><D35/><U20/><E32/><V103/><F78/><W45/><G85/><T49/><D49/><U39/><E39/><V25/><F63/><W123/><G123/><N who="0" m="47115" /><D118/><U52/><E61/><V1/><F1/><W75/><G75/><T89/><D89/><U116/><E116/><V54/><F90/><W97/><G97/><T125/><D4/><U98/><E106/><V119/><F119/><W108/><G108/><N who="0" m="41547" /><D112/><U80/><E104/><V51/><F94/><W72/><G72/><T38/><D38/><U5/><E5/><V69/><F69/><W117/><G117/><T46/><D46/><U101/><E98/><V57/><F51/><W10/><G59/><T105/><D105/><U84/><E84/><V79/><F79/><W11/><G45/><T44/><D44/><U14/><E53/><V27/><F57/><W113/><G113/><T107/><D107/><U77/><E52/><V0/><F54/><W81/><G81/><T124/><D127/><U74/><E74/><V47/><F47/><W60/><REACH who="3" step="1"/><G68/><REACH who="3" ten="306,392,151,141" step="2"/><T58/><D58/><U6/><E87/><V134/><F86/><W114/><G114/><T133/><D133/><U31/><E80/><V132/><F132/><W91/><G91/><T42/><D42/><AGARI ba="0,1" hai="10,11,18,23,24,26,29,34,41,42,43,60,66,71" machi="42" ten="40,12000,1" yaku="1,1,52,2,53,1" doraHai="22" doraHaiUra="13" who="3" fromWho="0" sc="306,-120,392,0,151,0,141,130" /><INIT seed="3,1,0,0,4,30" ten="186,392,151,271" oya="3" hai0="79,3,133,89,27,121,98,78,112,6,74,52,85" hai1="120,39,8,10,35,66,43,92,132,29,72,111,42" hai2="114,99,45,24,104,77,113,46,40,50,124,49,60" hai3="134,75,110,14,19,28,4,34,37,96,16,119,13"/><W94/><G119/><T70/><D121/><U118/><E120/><V59/><F77/><W65/><G75/><T81/><D70/><U64/><E72/><V62/><F124/><W108/><G37/><T125/><D125/><U127/><E127/><V41/><F24/><N who="3" m="18695" /><G65/><T12/><D133/><U103/><E132/><V122/><F122/><W135/><G135/><T117/><D117/><U73/><E73/><V76/><F76/><W58/><G58/><T91/><D3/><U67/><E118/><V32/><F32/><W63/><G63/><T15/><D112/><U36/><E103/><V53/><REACH who="2" step="1"/><F62/><REACH who="2" ten="186,392,141,271" step="2"/><W102/><G134/><T57/><D74/><U20/><E35/><V48/><F48/><W51/><G51/><N who="0" m="30879" /><D27/><U31/><E20/><V115/><F115/><W107/><G110/><T90/><D79/><U130/><E92/><V95/><F95/><W68/><G108/><T26/><D26/><U1/><E64/><V84/><F84/><W126/><G126/><T123/><D123/><U7/><E7/><V100/><AGARI ba="1,1" hai="40,41,45,46,49,50,53,59,60,99,100,104,113,114" machi="100" ten="30,7900,0" yaku="1,1,0,1,9,1,53,1" doraHai="30" doraHaiUra="97" who="2" fromWho="2" sc="186,-21,392,-21,141,92,271,-40" owari="165,-33.5,371,47.1,233,3.3,231,-16.9" /></mjloggm>