<mjloggm ver="2.3"><GO type="225" lobby="0"/><UN n0="%72%69%6F%75%63%68%61%6E" n1="%E3%81%B5%E3%81%98%E3%81%8B%E3%81%A4" n2="%E3%81%BE%E3%81%A8%E3%81%9F" n3="%E3%81%AA%E3%82%81%E3%81%93%E9%9B%80%E5%A3%AB" dan="17,16,16,16" rate="2245.78,2154.08,2199.91,2096.30" sx="M,M,M,M"/><TAIKYOKU oya="0"/><INIT seed="0,0,0,5,2,39" ten="250,250,250,250" oya="0" hai0="116,31,93,60,40,120,17,13,73,46,91,129,2" hai1="45,84,49,121,58,101,108,1,105,96,87,42,111" hai2="82,134,77,36,25,41,50,51,99,97,38,4,26" hai3="122,113,56,102,118,14,76,74,94,5,79,106,104"/><T67/><D116/><U80/><E121/><V28/><F134/><W71/><G71/><T32/><D129/><U64/><E1/><V22/><F4/><W109/><G122/><T27/><D120/><U11/><E11/><V124/><F124/><W61/><G109/><N who="1" m="42058" /><E80/><V75/><F36/><W6/><G113/><T90/><D73/><U72/><E72/><V114/><F114/><W70/><G70/><T86/><D2/><U54/><E64/><V126/><F126/><W29/><G106/><T68/><D91/><U110/><N who="1" m="42066" /><U18/><DORA hai="65" /><E18/><V119/><F119/><W8/><G104/><T33/><D33/><U19/><E19/><V66/><F66/><W59/><G29/><T81/><D81/><U127/><E127/><V12/><F75/><W43/><G74/><T34/><D34/><U112/><E112/><V123/><F82/><W48/><G6/><T100/><D100/><U7/><E7/><V125/><F28/><W117/><G117/><T23/><REACH who="0" step="1"/><D46/><REACH who="0" ten="240,250,250,250" step="2"/><U85/><E85/><V135/><F125/><W3/><G3/><T57/><D57/><U88/><E88/><V115/><F123/><W10/><G59/><T89/><D89/><U83/><E83/><V20/><F115/><W63/><G56/><T53/><D53/><U131/><E131/><V132/><F135/><W78/><G118/><T24/><D24/><U30/><E30/><V9/><F26/><W62/><G102/><T130/><D130/><U35/><E35/><V37/><F132/><W69/><G69/><T15/><D15/><U92/><E105/><V0/><F12/><RYUUKYOKU ba="0,1" sc="240,15,250,15,250,-15,250,-15" hai0="13,17,23,27,31,32,40,60,67,68,86,90,93" hai1="42,45,49,54,58,84,87,92,96,101" /><INIT seed="0,1,1,3,0,12" ten="255,265,235,235" oya="0" hai0="82,74,75,76,68,2,24,81,126,116,69,25,58" hai1="113,29,123,71,106,135,62,31,23,33,57,105,54" hai2="42,46,103,60,78,85,89,41,109,7,119,102,67" hai3="70,21,111,104,122,5,121,11,94,91,66,52,16"/><T101/><D116/><U117/><E123/><N who="3" m="47114" /><G104/><T45/><D2/><U64/><E117/><V79/><F109/><W36/><G36/><T129/><D126/><U10/><E135/><V98/><F119/><W83/><G111/><T22/><D129/><U18/><E113/><V95/><F7/><W96/><G66/><T50/><D101/><U93/><E10/><V77/><F102/><W37/><G37/><T32/><D58/><U133/><E133/><V88/><F89/><W61/><G83/><T14/><D14/><U63/><E93/><V110/><F110/><W3/><G70/><T65/><D32/><U56/><E71/><V35/><F35/><W59/><G21/><T108/><D108/><U49/><E49/><V86/><F46/><W99/><G96/><T39/><D39/><U87/><E87/><V128/><F128/><W4/><G3/><T20/><D65/><U26/><REACH who="1" step="1"/><E31/><REACH who="1" ten="255,255,235,235" step="2"/><V107/><REACH who="2" step="1"/><F86/><REACH who="2" ten="255,255,225,235" step="2"/><W43/><G43/><N who="0" m="24895" /><D74/><U9/><E9/><V120/><F120/><W114/><G114/><T40/><D40/><U1/><E1/><V100/><F100/><W115/><G115/><T34/><D75/><U90/><E90/><V47/><F47/><W30/><G30/><T130/><D130/><U132/><E132/><V27/><F27/><AGARI ba="1,3" hai="18,23,26,27,29,33,54,56,57,62,63,64,105,106" machi="27" ten="30,3900,0" yaku="1,1,7,1,52,1,53,0" doraHai="12" doraHaiUra="112" who="1" fromWho="2" sc="255,0,255,72,225,-42,235,0" /><INIT seed="1,0,0,5,4,104" ten="255,327,183,235" oya="1" hai0="65,63,54,106,4,1,19,128,7,60,32,16,107" hai1="122,51,112,84,120,72,28,125,98,55,34,30,123" hai2="99,93,75,66,89,130,38,11,0,49,131,102,90" hai3="44,79,47,50,80,40,10,59,67,109,25,73,94"/><U62/><E72/><V83/><F38/><W103/><G109/><T92/><D32/><U118/><E112/><V71/><F66/><W70/><G70/><T53/><D128/><N who="2" m="49194" /><F11/><W134/><G134/><T87/><D1/><U116/><E62/><N who="0" m="23593" /><D65/><U133/><E125/><V121/><F49/><W14/><G67/><T13/><D92/><U68/><E68/><V74/><F0/><W81/><G81/><T22/><D87/><U36/><E133/><V115/><F71/><W117/><G117/><T8/><D106/><U100/><E36/><V29/><F29/><W110/><G110/><T85/><D85/><U6/><E84/><N who="2" m="50335" /><F115/><W20/><G59/><T21/><D107/><U48/><E30/><V45/><F45/><W37/><G44/><T124/><D124/><U76/><E28/><V119/><F119/><W52/><G37/><T43/><D43/><U27/><E34/><V15/><F15/><W12/><G10/><T18/><D4/><U33/><E6/><V41/><F41/><W2/><G2/><T129/><D129/><U61/><E118/><V9/><F9/><W86/><G40/><T101/><D101/><U97/><E116/><V69/><F69/><W77/><G103/><T64/><D64/><U39/><E39/><V42/><F42/><W23/><G23/><AGARI ba="0,0" hai="7,8,13,16,18,19,21,22,23,53,54" m="23593" machi="23" ten="30,2000,0" yaku="8,1,54,1" doraHai="104" who="0" fromWho="3" sc="255,20,327,0,183,0,235,-20" /><INIT seed="2,0,0,0,3,81" ten="275,327,183,215" oya="2" hai0="22,36,10,103,121,0,51,130,40,105,33,113,25" hai1="4,73,112,74,120,92,80,110,117,65,11,119,60" hai2="27,118,135,23,48,123,82,44,42,30,109,132,3" hai3="97,55,43,122,5,26,24,99,98,46,76,9,19"/><V64/><F118/><W129/><G122/><T79/><D113/><U108/><E120/><V124/><F109/><N who="1" m="42089" /><E112/><V70/><F123/><W8/><G129/><T28/><D121/><U77/><E92/><V34/><F3/><W128/><G128/><T116/><D130/><U31/><E31/><V89/><F124/><W95/><G76/><T35/><D116/><U114/><E73/><V71/><F34/><W1/><G55/><T6/><D51/><U69/><E114/><V45/><F45/><W21/><G9/><T7/><D7/><U102/><E102/><V18/><F30/><W66/><G66/><T12/><D103/><U41/><E41/><V127/><F127/><W53/><G53/><T93/><D105/><U61/><E60/><V16/><F18/><W20/><G46/><N who="0" m="23815" /><D93/><U91/><E91/><V96/><F96/><W84/><G43/><T29/><D29/><U111/><E111/><V85/><REACH who="2" step="1"/><F64/><REACH who="2" ten="275,327,173,215" step="2"/><W134/><G98/><T59/><D33/><U131/><E131/><V57/><F57/><W52/><G99/><T17/><D59/><U58/><E58/><V68/><AGARI ba="0,1" hai="16,23,27,42,44,48,68,70,71,82,85,89,132,135" machi="68" ten="40,12000,1" yaku="1,1,0,1,52,1,54,1,53,0" doraHai="81" doraHaiUra="32" who="2" fromWho="2" sc="275,-40,327,-40,173,130,215,-40" /><INIT seed="2,1,0,2,0,99" ten="235,287,303,175" oya="2" hai0="86,23,135,50,40,4,47,14,111,5,25,41,37" hai1="33,58,69,21,127,121,91,80,27,73,28,125,119" hai2="71,120,38,65,112,17,61,53,3,103,74,60,7" hai3="101,72,70,81,117,56,49,39,66,29,12,31,62"/><V54/><F74/><W87/><G117/><T130/><D111/><U30/><E119/><V104/><F7/><W43/><G72/><T63/><D130/><U59/><E69/><V26/><F3/><W64/><G64/><T77/><D135/><U68/><E68/><V97/><F112/><W75/><G75/><T134/><D134/><U1/><E1/><V106/><F38/><W45/><G101/><T108/><D108/><U118/><E118/><V126/><F120/><W115/><G115/><T131/><D131/><U16/><E30/><V98/><F126/><N who="1" m="48137" /><E121/><V13/><F26/><W85/><G85/><T48/><D37/><U122/><E91/><V76/><F61/><W102/><G102/><T2/><D2/><U132/><E122/><V110/><F76/><W11/><G70/><T6/><D63/><U51/><E51/><N who="0" m="19497" /><D14/><N who="1" m="9367" /><E132/><V67/><F60/><W94/><G94/><T8/><D8/><U116/><E116/><V34/><F71/><W36/><G36/><T18/><D47/><U105/><E105/><V82/><F104/><W128/><G128/><T35/><D35/><U52/><E52/><V19/><F34/><W20/><G20/><T96/><D96/><U95/><E95/><V133/><F53/><W55/><G39/><T46/><D46/><U42/><E42/><V78/><F98/><W100/><G100/><T124/><D124/><U9/><E9/><N who="2" m="6319" /><F110/><W89/><REACH who="3" step="1"/><G43/><REACH who="3" ten="235,287,303,165" step="2"/><T90/><D40/><U79/><AGARI ba="1,1" hai="27,28,33,58,59,73,79,80" m="9367,48137" machi="79" ten="30,2000,0" yaku="18,1,54,1" doraHai="99" who="1" fromWho="1" sc="235,-6,287,33,303,-11,165,-6" /><INIT seed="3,0,0,1,4,111" ten="229,320,292,159" oya="3" hai0="13,76,54,2,133,36,0,58,107,118,85,95,18" hai1="135,3,45,17,4,73,101,64,33,52,132,102,37" hai2="90,26,114,60,88,108,68,84,21,112,81,11,104" hai3="99,86,31,105,117,131,78,83,50,28,123,67,66"/><W128/><G117/><T9/><D118/><U100/><E33/><V46/><F104/><W57/><G123/><T43/><D107/><U94/><E64/><N who="3" m="24618" /><G105/><T103/><D133/><N who="1" m="51275" /><E73/><V23/><F60/><W124/><G124/><T15/><D36/><U71/><E71/><V56/><F68/><W89/><G131/><T7/><D43/><N who="1" m="22767" /><E52/><V39/><F56/><W79/><G128/><T40/><D40/><U5/><E3/><V97/><F39/><W10/><G10/><T12/><D0/><U16/><E94/><V113/><F46/><W19/><G19/><AGARI ba="0,0" hai="4,5,16,17,19,100,101,102" m="22767,51275" machi="19" ten="30,2000,0" yaku="20,1,54,1" doraHai="111" who="1" fromWho="3" sc="229,0,320,20,292,0,159,-20" owari="229,-17.1,340,44.0,292,9.2,139,-36.1" /></mjloggm>