<mjloggm ver="2.3"><GO type="225" lobby="0"/><UN n0="%E6%B8%A9%E2%98%85%E6%83%85%E2%98%85%E6%8E%AA%E2%98%85%E7%BD%AE" n1="%72%61%6B%33" n2="%77%72%77%72%77%72%77%72" n3="%E5%A4%9C%E3%81%AE%E3%82%AC%E3%82%B9%E3%83%91%E3%83%BC%E3%83%AB" dan="17,16,17,16" rate="2255.45,2118.72,2240.49,2126.57" sx="M,M,M,M"/><TAIKYOKU oya="0"/><INIT seed="0,0,0,0,0,72" ten="250,250,250,250" oya="0" hai0="67,90,36,9,88,78,118,38,89,103,52,21,123" hai1="48,33,111,3,121,29,107,56,102,77,80,41,100" hai2="58,55,39,131,128,83,86,44,99,91,61,133,87" hai3="57,24,69,130,50,1,45,75,106,108,8,2,17"/><T28/><D118/><U16/><E121/><V34/><F34/><W15/><G69/><T122/><D67/><U49/><E3/><V27/><F133/><W23/><G106/><T101/><D9/><U43/><E111/><V31/><F99/><W71/><G71/><T46/><D78/><U30/><E33/><V18/><F18/><W11/><G130/><N who="2" m="49705" /><F87/><W60/><G108/><T113/><D113/><U51/><E56/><V76/><F44/><W37/><G37/><T25/><D38/><U105/><E16/><V129/><N who="2" m="49713" /><V79/><DORA hai="74" /><F39/><W98/><G98/><T93/><D36/><U5/><E5/><V134/><F134/><W54/><G75/><T109/><D109/><U119/><E119/><V115/><F115/><W96/><G96/><T40/><D40/><U85/><E107/><V6/><F6/><W94/><G94/><T68/><D68/><U81/><E105/><V92/><F92/><W104/><G104/><T62/><D46/><U59/><E59/><V120/><F120/><W42/><REACH who="3" step="1"/><G11/><REACH who="3" ten="250,250,250,240" step="2"/><T124/><D93/><U4/><E102/><V73/><F73/><W126/><G126/><T116/><D124/><U112/><E100/><N who="0" m="38473" /><D116/><U13/><E112/><V47/><F47/><W66/><G66/><T70/><D70/><U114/><E114/><V19/><F31/><AGARI ba="0,1" hai="1,2,8,15,17,23,24,31,42,45,50,54,57,60" machi="31" ten="30,3900,0" yaku="1,1,7,1,53,1" doraHai="72,74" doraHaiUra="117,20" who="3" fromWho="2" sc="250,0,250,0,250,-39,240,49" /><INIT seed="1,0,0,4,5,73" ten="250,250,211,289" oya="1" hai0="90,78,32,95,74,101,47,21,125,98,122,24,59" hai1="29,62,112,117,96,23,0,118,129,68,107,19,48" hai2="1,70,67,88,64,57,26,83,86,76,42,124,5" hai3="72,53,128,18,35,92,82,120,71,126,108,39,134"/><U135/><E112/><V12/><F124/><W111/><RYUUKYOKU type="yao9" ba="0,0" sc="250,0,250,0,211,0,289,0" hai3="18,35,39,53,71,72,82,92,108,111,120,126,128,134" /><INIT seed="1,1,0,3,3,73" ten="250,250,211,289" oya="1" hai0="114,23,61,34,69,129,8,110,75,82,14,117,122" hai1="96,106,39,33,27,98,125,131,9,37,60,93,71" hai2="85,87,2,47,48,4,103,119,81,124,59,26,17" hai3="94,70,118,78,12,112,6,86,24,25,42,116,10"/><U3/><E125/><V30/><F124/><W19/><G112/><T107/><RYUUKYOKU type="yao9" ba="1,0" sc="250,0,250,0,211,0,289,0" hai0="8,14,23,34,61,69,75,82,107,110,114,117,122,129" /><INIT seed="1,2,0,2,4,29" ten="250,250,211,289" oya="1" hai0="46,52,130,19,32,9,125,7,121,72,0,87,37" hai1="132,2,109,119,1,25,134,107,33,48,75,68,61" hai2="88,79,50,3,39,13,15,83,105,98,6,8,76" hai3="28,65,30,36,133,11,35,54,12,86,120,5,96"/><U82/><E119/><V118/><F118/><W40/><G120/><T47/><D72/><U4/><E48/><V129/><F129/><W104/><G133/><N who="1" m="51306" /><E107/><V38/><F79/><W49/><G65/><T17/><D130/><U127/><E127/><V94/><F105/><W101/><G40/><T113/><D113/><U21/><E109/><V91/><F91/><W27/><G36/><T22/><D125/><U93/><E93/><V55/><F39/><W78/><G30/><T43/><D121/><U131/><E131/><V14/><F38/><W57/><G86/><T23/><D32/><U89/><E4/><V111/><F111/><W69/><REACH who="3" step="1"/><G78/><REACH who="3" ten="250,250,211,279" step="2"/><T56/><D87/><N who="1" m="50423" /><E75/><V42/><F42/><W16/><G16/><T85/><D85/><U100/><E100/><V73/><REACH who="2" step="1"/><F3/><REACH who="2" ten="250,250,201,279" step="2"/><W97/><G97/><T103/><D43/><U112/><E1/><V135/><F135/><W64/><G64/><T45/><D37/><U81/><E2/><V18/><F18/><W114/><G114/><T24/><D103/><U102/><E102/><V53/><F53/><W62/><G62/><T10/><D0/><U116/><E112/><V63/><F63/><W66/><G66/><T70/><D52/><U126/><E61/><V26/><F26/><W122/><G122/><T108/><D24/><U92/><E25/><V44/><AGARI ba="2,2" hai="6,8,13,14,15,44,50,55,73,76,83,88,94,98" machi="44" ten="20,5200,0" yaku="1,1,0,1,7,1,54,1,53,0" doraHai="29" doraHaiUra="71" who="2" fromWho="2" sc="250,-15,250,-28,201,78,279,-15" /><INIT seed="2,0,0,4,3,113" ten="235,222,279,264" oya="2" hai0="56,85,82,40,66,89,18,133,48,55,78,88,101" hai1="135,14,4,79,58,31,29,132,128,117,121,57,26" hai2="64,52,15,25,0,60,70,116,51,91,9,115,114" hai3="111,35,65,67,118,94,45,44,123,134,49,42,122"/><V104/><F116/><W129/><G35/><T27/><D133/><U76/><E14/><V41/><F0/><W87/><G87/><T36/><D101/><U103/><E103/><V127/><F104/><W93/><G134/><N who="1" m="51242" /><E4/><V108/><F127/><W30/><G30/><N who="1" m="11274" /><E26/><V120/><F120/><W131/><G111/><T19/><D66/><U23/><E23/><V74/><F74/><W1/><G1/><T61/><D36/><U71/><E121/><V102/><F102/><W2/><G2/><T12/><D27/><U119/><E71/><V24/><F24/><W63/><G63/><T95/><D19/><U11/><E11/><V59/><F25/><W43/><G49/><T28/><D28/><U53/><E128/><V3/><F3/><W37/><G37/><T20/><D95/><U73/><E57/><V125/><F125/><W106/><G106/><T126/><D126/><U16/><E16/><V75/><F75/><W7/><G7/><T33/><D33/><U69/><E69/><V72/><F72/><W50/><G50/><T124/><D124/><U68/><E68/><V46/><F15/><W5/><G5/><T77/><D89/><U112/><E112/><N who="2" m="43051" /><F91/><W84/><G84/><T83/><D83/><N who="1" m="45455" /><E79/><V99/><F9/><W38/><G38/><T130/><D130/><U8/><E8/><V109/><F99/><W10/><G10/><T62/><D62/><AGARI ba="0,0" hai="53,58,62,117,119" m="45455,11274,51242" machi="62" ten="30,3900,0" yaku="20,1,52,2" doraHai="113" who="1" fromWho="0" sc="235,-39,222,39,279,0,264,0" /><AGARI ba="0,0" hai="41,46,51,52,59,60,62,64,70,108,109" m="43051" machi="62" ten="30,5800,0" yaku="34,2,54,1" doraHai="113" who="2" fromWho="0" sc="196,-58,261,0,279,58,264,0" /><INIT seed="2,1,0,3,4,11" ten="138,261,337,264" oya="2" hai0="73,19,33,86,55,2,20,100,22,57,107,24,110" hai1="51,26,4,114,1,134,38,12,17,83,84,123,71" hai2="44,119,113,85,39,125,53,36,41,126,79,103,52" hai3="32,13,89,9,60,65,63,64,101,68,135,23,106"/><V35/><F103/><W74/><G135/><T115/><D73/><U3/><E38/><V31/><F113/><W122/><G32/><T98/><D115/><U34/><E114/><V30/><F119/><W43/><G122/><T116/><D116/><U80/><E71/><V45/><F79/><W67/><G74/><T81/><D110/><U117/><E134/><V5/><F85/><W99/><G43/><T54/><D2/><U18/><E83/><V48/><F5/><W59/><G67/><T28/><D57/><U94/><E94/><V128/><F128/><W8/><REACH who="3" step="1"/><G89/><REACH who="3" ten="138,261,337,254" step="2"/><T109/><D109/><U96/><E34/><V92/><F35/><W90/><G90/><T104/><D104/><U10/><E123/><V82/><F41/><W78/><G78/><T112/><D112/><U88/><E88/><V62/><F39/><W42/><G42/><T46/><D33/><U130/><E117/><V66/><F36/><W58/><G58/><T29/><D46/><U6/><E130/><V132/><F66/><W37/><G37/><T21/><D55/><U14/><E1/><V87/><F45/><W105/><G105/><T47/><D54/><U7/><E3/><V121/><F132/><W49/><G49/><T25/><D47/><U131/><E51/><V127/><F121/><W40/><G40/><T118/><D118/><U0/><E0/><V102/><F53/><W129/><G129/><T124/><D124/><U72/><E72/><V61/><F44/><W69/><G69/><T16/><D22/><N who="1" m="13647" /><E131/><V133/><F127/><W75/><G75/><T91/><AGARI ba="1,1" hai="16,19,20,21,24,25,28,29,81,86,91,98,100,107" machi="91" ten="20,8000,1" yaku="5,1,0,1,7,1,9,1,54,1" doraHai="11" who="0" fromWho="0" sc="138,93,261,-21,337,-41,254,-21" /><INIT seed="3,0,0,3,0,39" ten="231,240,296,233" oya="3" hai0="71,14,90,101,68,120,124,133,123,48,55,114,99" hai1="72,63,4,91,37,29,82,34,1,11,15,128,65" hai2="76,118,70,16,10,13,126,59,33,110,45,87,98" hai3="62,113,117,81,50,44,119,42,80,74,8,97,96"/><W103/><G113/><T23/><D114/><U60/><E37/><V94/><F118/><W85/><G74/><T129/><D129/><U95/><E128/><V89/><F70/><W83/><G85/><T69/><D133/><U102/><E102/><V86/><F33/><W75/><G75/><T109/><D109/><U125/><E125/><V36/><F110/><W2/><G62/><T112/><D112/><U66/><E1/><V7/><F126/><W121/><G121/><T115/><D90/><U49/><E29/><V92/><F59/><W12/><G2/><T61/><D61/><U106/><E106/><V38/><F45/><W132/><G132/><T131/><D131/><U135/><E34/><V32/><F32/><W24/><G24/><T56/><D115/><U100/><E135/><V19/><F38/><W52/><G52/><T77/><D124/><U108/><E108/><V58/><F36/><W31/><G31/><T64/><D77/><U6/><E6/><V43/><F58/><W46/><G46/><T47/><D47/><U27/><E65/><V57/><F57/><W40/><G40/><T22/><D64/><U21/><E49/><V93/><F43/><W78/><G78/><T5/><D123/><U104/><E66/><V84/><F76/><W3/><G3/><T111/><D120/><U25/><E63/><V26/><F26/><W18/><REACH who="3" step="1"/><G103/><REACH who="3" ten="231,240,296,223" step="2"/><T105/><D111/><U9/><E60/><V67/><F67/><W73/><G73/><T0/><D0/><U134/><E134/><V88/><F84/><W41/><G41/><T79/><D79/><RYUUKYOKU ba="0,1" sc="231,10,240,-30,296,10,223,10" hai0="5,14,22,23,48,55,56,68,69,71,99,101,105" hai2="7,10,13,16,19,86,87,88,89,92,93,94,98" hai3="8,12,18,42,44,50,80,81,83,96,97,117,119" /><INIT seed="3,1,1,3,0,69" ten="241,210,306,233" oya="3" hai0="76,109,79,135,20,123,15,59,54,5,62,66,117" hai1="7,72,45,85,34,48,131,36,67,23,47,64,28" hai2="100,56,51,18,129,91,30,71,124,52,6,16,80" hai3="122,95,93,31,38,53,126,13,19,46,107,75,77"/><W68/><G122/><T119/><D123/><U111/><E72/><V96/><F71/><W73/><G68/><T0/><D0/><U12/><E34/><V97/><F129/><W50/><G107/><T58/><D109/><U84/><E111/><V70/><F70/><W92/><G126/><T40/><D135/><U2/><E131/><V24/><F124/><W78/><G31/><T113/><D113/><U3/><E36/><V60/><F6/><W27/><G27/><T17/><D40/><U42/><E47/><V74/><F74/><W65/><G65/><N who="1" m="25162" /><E2/><V110/><F110/><W1/><G1/><T21/><D5/><U10/><E3/><V102/><F60/><W88/><G75/><T61/><REACH who="0" step="1"/><D20/><REACH who="0" ten="231,210,306,233" step="2"/><U87/><E23/><N who="2" m="15647" /><F102/><W41/><G73/><T89/><D89/><U37/><E37/><V118/><F100/><W128/><G128/><T114/><D114/><U90/><E28/><V116/><F116/><AGARI ba="1,2" hai="15,17,21,54,58,59,61,62,66,76,79,116,117,119" machi="116" ten="40,8000,1" yaku="1,1,53,3" doraHai="69" doraHaiUra="115" who="0" fromWho="2" sc="231,103,210,0,306,-83,233,0" owari="334,43.4,210,-29.0,223,-17.7,233,3.3" /></mjloggm>