<mjloggm ver="2.3"><GO type="225" lobby="0"/><UN n0="%6A%70%74%77%61%32" n1="%E3%81%9F%E3%81%A3%E3%81%A1%E3%82%87" n2="%73%75%7A%75%6D%65%33" n3="%E5%A4%96%E5%B7%9D%E7%AB%9C%E6%88%90" dan="16,16,17,16" rate="2060.57,2074.77,2186.95,2179.48" sx="M,M,M,M"/><TAIKYOKU oya="0"/><INIT seed="0,0,0,3,2,15" ten="250,250,250,250" oya="0" hai0="29,58,36,84,68,39,56,87,73,94,27,2,122" hai1="20,16,97,55,80,134,48,108,114,31,28,26,66" hai2="76,77,0,133,25,120,3,86,13,37,67,124,72" hai3="127,123,51,132,24,112,113,125,4,42,101,117,81"/><T17/><D73/><U128/><E108/><V130/><F72/><W118/><G101/><T93/><D68/><U82/><E128/><V91/><F130/><W116/><G81/><T88/><D122/><U32/><E134/><V19/><F133/><W6/><G42/><T60/><D2/><U129/><E129/><V11/><F120/><W104/><G51/><T92/><D56/><U54/><E114/><N who="3" m="44138" /><G104/><T103/><D103/><U46/><E66/><V34/><F124/><N who="3" m="47691" /><G132/><T61/><D61/><U23/><E32/><V70/><F37/><W96/><G96/><T105/><D105/><U22/><E97/><V100/><F100/><W10/><G123/><T90/><D94/><U47/><E28/><V21/><F34/><W44/><G44/><T121/><D121/><U78/><E31/><V41/><F41/><W106/><G106/><T62/><D62/><U79/><E82/><V115/><F115/><W59/><G59/><T8/><D29/><U50/><E78/><V14/><F77/><W7/><G24/><T98/><D98/><U9/><E9/><AGARI ba="0,0" hai="4,6,7,9,10,116,117,118" m="47691,44138" machi="9" ten="50,8000,1" yaku="28,2,18,1,34,2" doraHai="15" who="3" fromWho="1" sc="250,0,250,-80,250,0,250,80" /><INIT seed="1,0,0,0,3,20" ten="250,170,250,330" oya="1" hai0="111,58,130,47,43,12,24,82,106,45,33,101,31" hai1="44,108,114,73,76,28,109,40,7,118,35,60,25" hai2="107,38,125,131,71,0,42,134,89,3,22,9,11" hai3="119,23,113,61,128,129,37,85,92,34,39,4,123"/><U46/><E114/><V80/><F134/><W67/><G34/><T94/><D111/><N who="1" m="42571" /><E118/><V96/><F131/><N who="3" m="50251" /><G123/><T99/><D130/><U104/><E7/><V6/><F125/><W72/><G72/><T2/><D2/><U95/><E104/><V127/><F127/><W63/><G63/><T66/><D82/><N who="1" m="45327" /><E40/><V1/><F71/><W19/><G4/><T26/><D106/><U41/><E41/><V21/><F42/><W32/><G32/><T64/><D31/><U52/><E95/><V132/><F107/><W86/><G92/><T17/><D33/><U135/><E135/><V121/><F132/><W83/><G83/><T98/><D94/><U97/><E97/><V115/><F80/><W8/><G119/><T69/><D98/><U124/><E124/><V62/><F96/><W68/><G113/><T59/><D99/><U74/><E74/><V27/><F115/><W56/><G86/><T112/><D112/><U79/><E79/><V91/><F6/><W49/><G85/><T53/><D101/><U133/><E133/><V57/><F1/><W48/><G37/><T65/><D43/><U77/><E77/><V54/><F38/><W103/><G39/><T18/><D69/><U29/><E29/><V102/><F0/><W51/><G68/><T105/><D105/><U120/><E120/><V110/><F3/><W100/><G100/><T50/><D17/><U90/><E90/><V84/><F91/><W70/><G103/><T14/><D18/><U117/><E117/><V13/><F102/><W5/><G70/><T78/><D78/><U30/><E30/><RYUUKYOKU ba="0,0" sc="250,-10,170,30,250,-10,330,-10" hai1="25,28,35,44,46,52,60" /><INIT seed="1,1,0,4,2,41" ten="240,200,240,320" oya="1" hai0="122,89,32,13,119,28,77,80,73,4,97,62,101" hai1="52,98,103,134,47,35,123,23,21,109,44,85,50" hai2="94,57,114,91,53,59,55,7,67,27,16,68,108" hai3="93,100,29,66,37,131,116,15,83,43,70,65,5"/><U64/><E123/><V124/><F108/><W25/><G131/><T107/><D119/><U86/><E35/><V133/><F133/><W36/><G36/><T61/><D122/><U69/><E134/><V1/><F124/><W118/><G83/><T11/><REACH who="0" step="1"/><D89/><REACH who="0" ten="230,200,240,320" step="2"/><U42/><E109/><V104/><F91/><W81/><G118/><T10/><D10/><U38/><E69/><V63/><F68/><W78/><G116/><T82/><D82/><U125/><E125/><V22/><F114/><W19/><G81/><T128/><D128/><U92/><E64/><V3/><F67/><W129/><G129/><T54/><D54/><U126/><REACH who="1" step="1"/><E126/><REACH who="1" ten="230,190,240,320" step="2"/><V113/><F113/><W76/><G70/><T18/><D18/><U74/><E74/><V39/><F16/><W110/><G66/><T60/><D60/><U87/><AGARI ba="1,2" hai="21,23,38,42,44,47,50,52,85,86,87,92,98,103" machi="87" ten="30,12000,1" yaku="1,1,0,1,52,2,54,1,53,0" doraHai="41" doraHaiUra="20" who="1" fromWho="1" sc="230,-41,190,143,240,-41,320,-41" /><INIT seed="1,2,0,2,1,41" ten="189,333,199,279" oya="1" hai0="47,2,72,0,86,111,101,6,33,79,16,60,114" hai1="109,73,135,66,22,76,100,18,116,11,120,82,98" hai2="37,128,130,69,3,132,51,134,106,36,63,30,129" hai3="49,15,38,59,25,77,104,24,83,71,75,121,14"/><U5/><E116/><V110/><F3/><W90/><G71/><T43/><D114/><U42/><E120/><V27/><F106/><W20/><G38/><N who="2" m="14953" /><F27/><W92/><G104/><T35/><D72/><U21/><E42/><V84/><F84/><W4/><G49/><T56/><D111/><U70/><E135/><N who="2" m="51755" /><F30/><W68/><G59/><T88/><D101/><U13/><E109/><V17/><F17/><W31/><G68/><T28/><D79/><U40/><E40/><V91/><F91/><W107/><G107/><T10/><D0/><U117/><E117/><V78/><F78/><W115/><G115/><T119/><D119/><U97/><E21/><V87/><F87/><W53/><G53/><T7/><D7/><U123/><E100/><V39/><N who="2" m="14961" /><V127/><DORA hai="99" /><F110/><W48/><G121/><T62/><D28/><U44/><E123/><V34/><F34/><W67/><G4/><T65/><D16/><U102/><E102/><V103/><F103/><W8/><G8/><T95/><D62/><N who="1" m="40279" /><E97/><V118/><F118/><W23/><G67/><T133/><D133/><U105/><E105/><V93/><F93/><W81/><G81/><T26/><D26/><N who="1" m="14679" /><E98/><V126/><F51/><AGARI ba="2,0" hai="2,6,10,33,35,43,47,51,56,60,65,86,88,95" machi="51" ten="30,3900,0" yaku="7,1,52,1,54,1" doraHai="41,99" who="0" fromWho="2" sc="189,45,333,0,199,-45,279,0" /><INIT seed="2,0,0,1,0,127" ten="234,333,154,279" oya="2" hai0="36,91,122,99,64,77,104,88,59,52,11,86,116" hai1="44,54,126,63,105,15,101,55,107,42,82,132,93" hai2="128,89,79,80,50,60,7,3,58,17,53,115,2" hai3="18,14,32,28,71,90,75,100,83,24,68,85,39"/><V103/><F115/><W30/><G39/><T102/><D122/><U114/><E114/><V20/><F103/><W38/><G38/><T0/><D116/><U70/><E126/><V119/><F119/><W125/><G125/><T37/><D64/><U6/><E132/><V81/><F7/><W61/><G30/><T10/><D77/><U47/><E82/><V117/><F117/><W109/><G109/><T78/><D78/><U113/><E113/><V133/><F133/><W67/><G100/><T12/><D0/><U130/><E47/><V72/><F128/><W123/><G123/><T25/><D25/><U120/><E130/><V74/><F74/><W121/><G121/><T69/><D69/><U31/><E31/><V65/><F89/><W9/><G75/><T118/><D118/><U19/><E6/><V56/><REACH who="2" step="1"/><F80/><REACH who="2" ten="234,333,144,279" step="2"/><W26/><G90/><T131/><D91/><U48/><E120/><V110/><F110/><W76/><G83/><T40/><D131/><U41/><E101/><V84/><F84/><W22/><G85/><T134/><D134/><U95/><E105/><V124/><F124/><W96/><G96/><T34/><D88/><U46/><E107/><V49/><F49/><W16/><G76/><T21/><D86/><U57/><E48/><V13/><AGARI ba="0,1" hai="2,3,13,17,20,50,53,56,58,60,65,72,79,81" machi="13" ten="20,3900,0" yaku="1,1,0,1,7,1,53,0" doraHai="127" doraHaiUra="129" who="2" fromWho="2" sc="234,-13,333,-13,144,49,279,-13" /><INIT seed="2,1,0,3,4,37" ten="221,320,193,266" oya="2" hai0="25,64,3,104,129,35,96,1,38,93,92,2,89" hai1="8,43,128,55,84,78,121,21,19,99,72,33,29" hai2="59,57,68,28,131,65,32,133,94,122,81,9,11" hai3="74,90,77,63,5,95,69,4,67,71,76,23,40"/><V31/><F122/><W132/><G132/><T115/><D115/><U14/><E72/><V30/><F32/><W66/><G40/><T112/><D112/><U7/><E128/><V20/><F131/><W62/><G23/><T127/><D129/><U27/><E121/><V61/><F133/><W80/><REACH who="3" step="1"/><G76/><REACH who="3" ten="221,320,193,256" step="2"/><T6/><D35/><U13/><E43/><V26/><F81/><W34/><G34/><T48/><D127/><U0/><E78/><V101/><F68/><W51/><G51/><T79/><D48/><U44/><E21/><V86/><F59/><W42/><G42/><T107/><D79/><U53/><E33/><V70/><F70/><W47/><G47/><T124/><D124/><U102/><E44/><V130/><F130/><W113/><G113/><T135/><D135/><U114/><E114/><V58/><F58/><W125/><G125/><T109/><D38/><U24/><E24/><V12/><F11/><W16/><G16/><T119/><D25/><U52/><E19/><V46/><F46/><W41/><G41/><T45/><D45/><U22/><REACH who="1" step="1"/><E84/><AGARI ba="1,1" hai="4,5,62,63,66,67,69,71,74,77,80,84,90,95" machi="84" ten="30,3900,0" yaku="1,1,7,1,9,1,53,0" doraHai="37" doraHaiUra="49" who="3" fromWho="1" sc="221,0,320,-42,193,0,256,52" /><INIT seed="3,0,0,2,4,21" ten="221,278,193,308" oya="3" hai0="31,24,114,54,81,36,77,1,68,41,124,18,3" hai1="91,79,86,94,33,113,95,87,0,133,44,92,107" hai2="101,22,40,90,35,17,73,50,70,109,43,67,57" hai3="78,37,48,61,71,30,84,118,56,60,27,75,12"/><W104/><G75/><T13/><D124/><U64/><E0/><V25/><F109/><W51/><G37/><T132/><D114/><U76/><E33/><V117/><F117/><W47/><G104/><T55/><D132/><U121/><E64/><V10/><F73/><W49/><G71/><T96/><D68/><U130/><E113/><V112/><F112/><W59/><G47/><T26/><D96/><N who="1" m="57375" /><E44/><V126/><F126/><W29/><G12/><T99/><D99/><U125/><E125/><V123/><F123/><W85/><G78/><N who="1" m="29738" /><E121/><V16/><F101/><W7/><G7/><T98/><D98/><U45/><E45/><V46/><F35/><W100/><G100/><T58/><D41/><U105/><E130/><V53/><F90/><W97/><G97/><T122/><D36/><U103/><E133/><V19/><F70/><W83/><G83/><T6/><D122/><U106/><E103/><V8/><F67/><N who="3" m="39303" /><G118/><T93/><D1/><U74/><E74/><V120/><F120/><W119/><G119/><T110/><D3/><U39/><E39/><V127/><F127/><W108/><G108/><T129/><D110/><U2/><E2/><V42/><REACH who="2" step="1"/><F46/><REACH who="2" ten="221,278,183,308" step="2"/><W65/><G30/><AGARI ba="0,1" hai="8,10,16,17,19,22,25,30,40,42,43,50,53,57" machi="30" ten="40,8000,1" yaku="1,1,2,1,8,1,52,1,54,1,53,0" doraHai="21" doraHaiUra="63" who="2" fromWho="3" sc="221,0,278,0,183,90,308,-80" /><INIT seed="4,0,0,5,0,73" ten="221,278,273,228" oya="0" hai0="31,83,14,0,7,55,64,51,130,49,10,108,91" hai1="129,45,81,34,8,1,99,9,78,42,58,115,107" hai2="82,101,85,103,132,62,104,75,23,43,88,60,41" hai3="33,105,76,32,57,35,27,13,52,2,98,117,102"/><T131/><D108/><U124/><E58/><V28/><F132/><W100/><G2/><T20/><D64/><U15/><E9/><V37/><F75/><W5/><G117/><T126/><D126/><U134/><E134/><V114/><F114/><W95/><G76/><T113/><D113/><U16/><E34/><V11/><F11/><W56/><G56/><T92/><D83/><U69/><E69/><V30/><F37/><W12/><G5/><T47/><D49/><U116/><E116/><V123/><F123/><W84/><G27/><T77/><D77/><U122/><E122/><V48/><F104/><W110/><G110/><T18/><REACH who="0" step="1"/><D31/><REACH who="0" ten="211,278,273,228" step="2"/><U26/><E124/><V22/><F48/><W71/><G71/><T125/><D125/><U29/><E115/><V87/><F82/><W66/><G66/><T89/><D89/><AGARI ba="0,1" hai="22,23,28,30,41,43,60,62,85,87,88,89,101,103" machi="89" ten="25,6400,0" yaku="22,2,8,1,54,1" doraHai="73" who="2" fromWho="0" sc="211,-64,278,0,273,74,228,0" owari="147,-35.3,278,7.8,347,44.7,228,-17.2" /></mjloggm>