<mjloggm ver="2.3"><GO type="225" lobby="0"/><UN n0="%E3%83%B4%E3%82%A3%E3%83%AF%E3%82%B3%E3%82%B0%E3%83%8B" n1="%E5%B8%86%E7%AB%8B%E5%A4%8F%E8%A1%A3" n2="%E5%BC%93%E6%9C%A8%E3%81%AA%E3%81%8A" n3="%E7%AC%B9%E9%A4%85" dan="16,16,16,17" rate="2149.47,2116.70,2123.11,2217.13" sx="M,M,M,M"/><TAIKYOKU oya="0"/><INIT seed="0,0,0,5,4,20" ten="250,250,250,250" oya="0" hai0="95,123,70,131,77,41,84,129,91,28,8,57,9" hai1="49,15,60,1,71,90,56,106,37,75,116,100,38" hai2="102,67,54,89,124,65,134,58,125,34,18,24,63" hai3="6,0,130,103,30,132,4,61,87,97,22,62,94"/><T43/><D123/><U92/><E1/><V86/><F102/><W64/><G130/><N who="0" m="49675" /><D70/><U42/><E75/><V108/><F108/><W96/><G132/><T79/><D57/><U5/><E116/><V59/><F134/><W78/><G0/><T83/><D28/><U105/><E100/><V111/><F111/><W88/><G78/><N who="0" m="29707" /><D83/><U74/><E74/><V120/><F120/><W72/><G72/><T80/><D80/><U121/><E121/><V21/><F34/><W82/><G97/><T17/><D17/><U16/><E71/><V35/><F35/><W13/><G61/><T36/><D36/><U11/><E38/><V10/><F58/><N who="3" m="36951" /><G13/><T76/><N who="0" m="29715" /><T127/><DORA hai="25" /><D127/><U104/><E37/><V118/><F118/><W29/><G29/><T68/><D68/><U7/><E60/><V98/><F98/><W122/><G122/><T44/><D44/><U69/><E56/><V51/><F125/><W39/><G39/><T33/><D33/><U52/><E69/><V107/><F63/><W50/><G50/><T93/><D93/><U81/><E81/><N who="2" m="49359" /><F124/><W23/><G30/><T110/><D110/><U14/><E49/><V3/><F107/><W66/><G66/><N who="2" m="25097" /><F3/><W119/><G119/><T2/><D2/><U45/><E106/><V46/><F46/><W112/><G112/><T40/><AGARI ba="0,0" hai="8,9,40,41,43,84,91,95" m="29715,49675" machi="40" ten="40,2100,0" yaku="19,1" doraHai="20,25" who="0" fromWho="0" sc="250,21,250,-7,250,-7,250,-7" /><INIT seed="0,1,0,5,5,14" ten="271,243,243,243" oya="0" hai0="63,128,5,77,13,74,33,55,61,132,126,18,69" hai1="28,82,19,41,60,89,92,88,25,1,4,123,26" hai2="37,134,65,32,133,54,64,9,114,23,120,11,75" hai3="100,70,29,113,81,38,48,56,93,135,47,78,59"/><T86/><D33/><U90/><E123/><V27/><F32/><W2/><G113/><T21/><D74/><U124/><E124/><V101/><F114/><W119/><G119/><T129/><D126/><U127/><E127/><V110/><F120/><W40/><G70/><T17/><D5/><U116/><E116/><V105/><F75/><W98/><G135/><T87/><D132/><U6/><E41/><V122/><F122/><W104/><G2/><T73/><D73/><U35/><E82/><V31/><F37/><W57/><G29/><T121/><D121/><U45/><E45/><V51/><F105/><W58/><G58/><N who="0" m="35039" /><D77/><U3/><E92/><V102/><F31/><W44/><G104/><T68/><D68/><U76/><E76/><V112/><F112/><W16/><G47/><T103/><D103/><U10/><E4/><V118/><F118/><W66/><G66/><T106/><D106/><U83/><E3/><V62/><F65/><W85/><G38/><T131/><D18/><AGARI ba="1,0" hai="16,18,40,44,48,56,57,59,78,81,85,93,98,100" machi="18" ten="40,8000,1" yaku="8,1,52,2,54,1" doraHai="14" who="3" fromWho="0" sc="271,-83,243,0,243,0,243,83" /><INIT seed="1,0,0,1,1,62" ten="188,243,243,326" oya="1" hai0="80,43,7,72,96,51,101,129,113,18,45,1,115" hai1="68,94,85,102,11,106,128,35,24,10,87,105,40" hai2="95,92,83,2,21,23,37,59,122,111,25,32,6" hai3="103,117,116,17,134,74,124,47,61,29,60,56,13"/><U12/><E128/><V38/><F122/><W39/><G74/><T15/><D129/><U71/><E40/><V76/><F32/><W121/><G121/><T36/><D96/><U131/><E131/><V99/><F111/><W125/><G29/><T108/><D101/><U55/><E106/><V73/><F95/><W22/><G103/><T69/><D108/><U114/><E114/><V65/><F23/><W31/><G31/><T126/><D126/><N who="3" m="48745" /><G134/><T9/><D51/><U8/><E12/><V119/><F6/><W77/><G77/><T78/><REACH who="0" step="1"/><D69/><REACH who="0" ten="178,243,243,326" step="2"/><U133/><E71/><V88/><F119/><W70/><G70/><T112/><D112/><U19/><E68/><V42/><F2/><W123/><G123/><T49/><D49/><U104/><E102/><V97/><F97/><W63/><G56/><T135/><D135/><U34/><E133/><V89/><F89/><W93/><G39/><T109/><D109/><U84/><E105/><V120/><F120/><W33/><G116/><T48/><D48/><U110/><E104/><V0/><F0/><W27/><G117/><T79/><D79/><U118/><E110/><V28/><REACH who="2" step="1"/><F42/><REACH who="2" ten="178,243,233,326" step="2"/><W100/><G100/><T66/><D66/><U5/><E118/><V53/><F53/><W46/><G93/><T67/><D67/><U130/><E94/><V44/><F44/><W64/><G64/><T41/><D41/><U107/><E107/><V57/><F57/><W30/><AGARI ba="0,2" hai="13,17,22,27,30,33,46,47,60,61,63" m="48745" machi="30" ten="40,1500,0" yaku="18,1" doraHai="62" who="3" fromWho="3" sc="178,-4,243,-7,233,-4,326,35" /><INIT seed="2,0,0,2,5,90" ten="174,236,229,361" oya="2" hai0="94,50,35,84,44,103,109,9,74,117,59,114,92" hai1="126,95,8,101,13,83,98,5,116,15,68,80,135" hai2="120,111,25,110,62,7,67,108,3,47,124,81,53" hai3="64,28,104,86,119,2,40,0,56,41,6,71,65"/><V38/><F120/><W82/><G119/><T49/><D114/><U34/><E116/><V55/><F25/><W72/><G72/><T19/><D35/><U11/><E126/><V107/><F107/><W99/><G71/><T48/><D117/><U69/><E135/><V85/><F3/><W18/><G28/><T37/><D74/><U121/><E34/><V66/><F7/><W102/><G18/><T17/><D37/><U75/><E121/><V105/><F105/><W10/><G2/><T97/><D109/><U73/><E73/><V96/><F124/><W78/><G64/><T58/><D44/><U24/><E24/><V132/><F132/><W61/><AGARI ba="0,0" hai="0,6,10,40,41,56,61,65,78,82,86,99,102,104" machi="61" ten="30,1100,0" yaku="0,1" doraHai="90" who="3" fromWho="3" sc="174,-3,236,-3,229,-5,361,11" /><INIT seed="3,0,0,2,5,89" ten="171,233,224,372" oya="3" hai0="75,130,0,50,83,97,126,47,119,86,78,28,132" hai1="51,53,87,48,70,3,100,67,74,121,60,129,106" hai2="94,131,6,103,76,42,82,20,10,12,24,133,44" hai3="56,61,26,7,65,9,72,69,102,113,93,88,13"/><W120/><G113/><T73/><D119/><U55/><E74/><V71/><F71/><W115/><G115/><T36/><D36/><U21/><E3/><V114/><F114/><W101/><G120/><T22/><D126/><U33/><E129/><V52/><F133/><W122/><G122/><T84/><D132/><U99/><E121/><V30/><F131/><W8/><G72/><T135/><D135/><U95/><E21/><V118/><F118/><W68/><G68/><T62/><D0/><U31/><E51/><N who="2" m="28775" /><F42/><W109/><G109/><T46/><D130/><U124/><E48/><V45/><F45/><W41/><G69/><T108/><D108/><U112/><E124/><V80/><F76/><W27/><G41/><T32/><D32/><U96/><E87/><V54/><F54/><W25/><G9/><T117/><D117/><U85/><E85/><AGARI ba="0,0" hai="7,8,13,25,26,27,56,61,65,85,88,93,101,102" machi="85" ten="40,7700,0" yaku="8,1,52,1,54,1" doraHai="89" who="3" fromWho="1" sc="171,0,233,-77,224,0,372,77" owari="171,-22.9,156,-34.4,224,2.4,449,54.9" /></mjloggm>