<mjloggm ver="2.3"><GO type="225" lobby="0"/><UN n0="%73%61%6E%64%69%72%69%73" n1="%E7%AD%89%E3%80%85%E5%8A%9B%E5%8A%87%E5%A0%B4" n2="%E6%9C%80%E9%AB%98%EF%BC%B2%EF%BC%92%EF%BC%90%EF%BC%92%EF%BC%90" n3="%4C%4F%4C%49%54%41" dan="16,16,16,16" rate="2159.80,2151.34,2059.41,2143.65" sx="M,M,M,F"/><TAIKYOKU oya="0"/><INIT seed="0,0,0,2,5,116" ten="250,250,250,250" oya="0" hai0="27,126,0,15,16,37,33,4,24,69,125,43,13" hai1="40,131,28,25,111,12,11,113,21,75,79,130,117" hai2="34,80,72,68,20,62,91,8,31,6,104,44,95" hai3="84,18,100,110,112,36,121,123,73,88,19,120,42"/><T65/><D65/><U76/><E117/><V26/><F104/><W85/><G112/><T105/><D69/><U52/><E40/><V57/><F68/><W122/><G110/><T109/><D43/><U90/><E111/><V119/><F119/><W53/><G73/><T47/><D47/><U114/><E90/><V54/><F44/><N who="3" m="23623" /><G100/><T10/><D37/><U83/><E76/><V64/><F72/><W45/><G122/><T60/><D60/><U39/><E39/><V61/><F80/><N who="3" m="49159" /><G85/><T59/><D59/><U128/><REACH who="1" step="1"/><E52/><REACH who="1" ten="250,240,250,250" step="2"/><V70/><F91/><W81/><G81/><T135/><D109/><U118/><E118/><V133/><F133/><W92/><BYE who="2" /><G92/><T58/><D135/><U89/><E89/><V2/><F2/><W82/><G82/><T14/><D105/><U71/><E71/><V48/><F48/><AGARI ba="0,1" hai="18,19,45,48,53,120,121,123" m="49159,23623" machi="48" ten="30,8000,1" yaku="13,1,52,3,54,1" doraHai="116" who="3" fromWho="2" sc="250,0,240,0,250,-80,250,90" /><UN n2="%E6%9C%80%E9%AB%98%EF%BC%B2%EF%BC%92%EF%BC%90%EF%BC%92%EF%BC%90" /><INIT seed="1,0,0,3,0,52" ten="250,240,170,340" oya="1" hai0="50,135,123,89,129,57,46,93,63,74,10,49,128" hai1="59,108,48,19,5,80,65,76,7,64,84,29,42" hai2="4,58,62,114,78,24,17,77,100,32,26,34,88" hai3="103,91,118,87,117,70,96,16,124,30,66,13,75"/><U53/><E108/><V23/><F114/><W99/><G75/><T8/><D74/><U22/><E29/><V98/><F98/><BYE who="2" /><W85/><G124/><T68/><D68/><U3/><E42/><V60/><F60/><N who="3" m="40263" /><G30/><T127/><D127/><U36/><E36/><UN n2="%E6%9C%80%E9%AB%98%EF%BC%B2%EF%BC%92%EF%BC%90%EF%BC%92%EF%BC%90" /><V12/><F100/><W51/><G51/><T28/><D135/><U104/><E104/><V61/><F4/><N who="1" m="1609" /><E3/><V67/><F62/><W122/><G122/><T35/><D123/><U90/><E76/><V95/><F34/><W21/><G91/><T121/><D121/><U116/><E116/><N who="3" m="44650" /><G96/><N who="0" m="57391" /><D28/><U47/><E47/><V120/><F120/><W109/><G109/><T33/><D33/><U107/><E107/><AGARI ba="0,0" hai="13,16,21,85,87,99,103,107" m="44650,40263" machi="107" ten="30,2000,0" yaku="12,1,54,1" doraHai="52" who="3" fromWho="1" sc="250,0,240,-20,170,0,340,20" /><INIT seed="2,0,0,0,4,85" ten="250,220,170,360" oya="2" hai0="111,47,53,11,2,122,124,6,103,12,82,51,93" hai1="121,4,120,41,49,15,21,107,0,118,123,101,83" hai2="23,97,135,125,65,105,114,87,90,98,89,80,110" hai3="34,30,127,94,126,131,73,40,74,99,16,86,59"/><V79/><F65/><W60/><G131/><T76/><D111/><U31/><E118/><V5/><F114/><W69/><G69/><T55/><D124/><N who="3" m="47657" /><G40/><T26/><D122/><U109/><E109/><V108/><F125/><W52/><G86/><N who="0" m="48455" /><D2/><U68/><E68/><V44/><F110/><W28/><G16/><T133/><D133/><U45/><E0/><V29/><F108/><W18/><G18/><T64/><D64/><U113/><E113/><V67/><F105/><W20/><G20/><T129/><D129/><U22/><E31/><N who="3" m="11818" /><G34/><T14/><D26/><U77/><E107/><V81/><F135/><W58/><G59/><T106/><D106/><U57/><E57/><V13/><F67/><W24/><G24/><T7/><D55/><U25/><E25/><N who="2" m="16575" /><F44/><W71/><G71/><T38/><D38/><U128/><E128/><V62/><F62/><W100/><AGARI ba="0,0" hai="52,58,60,73,74,94,99,100" m="11818,47657" machi="100" ten="30,2000,0" yaku="18,1,54,1" doraHai="85" who="3" fromWho="3" sc="250,-5,220,-5,170,-10,360,20" /><INIT seed="3,0,0,2,0,65" ten="245,215,160,380" oya="3" hai0="15,25,68,125,107,81,39,0,23,128,93,44,122" hai1="37,22,123,64,4,101,13,109,132,2,85,48,5" hai2="6,53,105,66,31,82,117,70,12,36,62,97,102" hai3="71,134,80,74,100,57,40,14,131,133,45,11,19"/><W114/><G71/><T103/><D0/><U86/><E37/><V18/><F117/><W67/><G131/><T126/><D68/><U92/><E123/><V61/><F36/><W32/><G32/><T69/><D69/><U115/><E115/><V90/><F6/><W88/><G100/><T72/><D122/><U50/><E109/><V111/><F111/><W112/><G57/><T38/><D107/><U63/><E132/><V127/><F127/><N who="0" m="48650" /><D15/><U16/><E86/><V120/><F120/><W77/><G67/><T108/><D44/><U56/><E2/><V99/><F31/><W52/><G14/><T78/><D128/><U106/><E106/><V75/><F75/><W3/><G74/><T54/><D54/><U33/><E33/><V98/><F61/><W73/><G73/><T26/><D26/><U10/><E85/><V35/><F35/><W43/><G3/><T60/><D60/><U30/><E30/><V47/><F82/><W118/><G80/><T28/><D108/><U55/><E55/><V104/><F90/><W20/><G88/><T89/><D103/><U130/><E130/><V124/><F124/><W83/><G114/><T79/><D79/><U91/><E101/><V59/><F102/><W17/><G112/><T58/><D58/><U1/><E5/><V34/><F34/><W119/><G119/><T135/><D135/><U110/><E110/><V116/><F116/><W113/><G118/><T121/><D121/><U84/><AGARI ba="0,0" hai="1,4,10,13,16,22,48,50,56,63,64,84,91,92" machi="84" ten="20,2700,0" yaku="0,1,7,1,54,1" doraHai="65" who="1" fromWho="1" sc="245,-7,215,27,160,-7,380,-13" owari="238,-16.2,242,4.2,153,-34.7,367,46.7" /></mjloggm>