<mjloggm ver="2.3"><GO type="225" lobby="0"/><UN n0="%E8%81%B7%E6%A5%AD%E3%80%81%E9%A2%A8%32" n1="%43%68%65" n2="%4B%2E%32%2E%4B%2E" n3="%E5%8F%AF%E5%85%90%E9%82%A3%E7%94%B1%E5%A4%9A" dan="16,16,16,16" rate="2153.69,2155.92,2147.29,2161.32" sx="M,M,M,F"/><TAIKYOKU oya="0"/><INIT seed="0,0,0,3,1,130" ten="250,250,250,250" oya="0" hai0="121,81,22,76,7,38,105,94,66,12,103,64,78" hai1="111,108,46,65,134,96,20,90,125,36,104,117,129" hai2="131,102,58,100,15,113,19,50,2,85,97,128,84" hai3="98,135,31,106,35,29,10,51,33,43,107,18,93"/><T62/><D121/><U60/><E117/><V4/><F113/><W45/><G135/><T124/><D38/><U5/><E129/><N who="2" m="49739" /><F4/><W82/><G82/><T116/><D124/><U40/><E125/><V99/><F2/><W55/><G29/><T49/><D116/><U120/><E120/><V68/><F68/><W54/><G31/><T26/><D105/><U123/><E123/><V6/><F6/><W91/><G107/><T75/><D78/><U73/><E73/><V71/><F71/><W72/><G72/><T56/><D49/><U34/><E34/><V87/><F58/><W17/><G106/><T39/><D39/><U27/><E5/><V52/><F52/><N who="3" m="20011" /><G33/><T16/><D66/><U70/><E134/><V8/><F50/><W63/><G35/><T44/><D44/><U53/><E53/><V127/><F127/><W109/><G109/><N who="1" m="42058" /><E90/><V61/><F61/><W21/><G10/><T67/><D67/><U69/><E69/><V114/><F114/><W115/><G115/><T48/><D48/><U24/><E20/><V3/><F3/><W1/><G1/><T57/><D57/><U9/><E9/><V83/><F83/><W42/><G42/><T59/><D59/><U41/><E41/><V118/><F118/><W79/><G63/><T28/><D7/><U101/><AGARI ba="0,0" hai="24,27,36,40,46,60,65,70,96,101,104" m="42058" machi="101" ten="30,1100,0" yaku="14,1" doraHai="130" who="1" fromWho="1" sc="250,-5,250,11,250,-3,250,-3" /><INIT seed="1,0,0,3,4,104" ten="245,261,247,247" oya="1" hai0="92,116,110,90,106,11,36,63,127,27,42,34,70" hai1="124,81,80,134,94,71,68,38,54,100,40,98,96" hai2="119,126,3,130,10,32,19,115,108,133,16,111,24" hai3="52,44,99,22,37,58,47,82,41,120,122,69,8"/><U39/><E124/><V86/><F119/><W97/><G69/><T79/><D110/><N who="2" m="42026" /><F126/><W101/><G47/><T21/><D127/><U26/><E134/><V30/><F133/><W78/><G22/><T123/><D106/><U59/><E26/><V131/><F86/><W2/><G8/><T61/><D116/><U72/><E81/><V114/><F3/><W33/><G33/><T95/><D34/><U107/><E40/><V118/><F118/><W132/><G2/><T23/><D123/><U125/><E125/><V66/><F66/><W62/><G132/><T85/><D70/><U51/><E68/><V9/><F9/><W93/><REACH who="3" step="1"/><G99/><REACH who="3" ten="245,261,247,237" step="2"/><N who="0" m="57751" /><D11/><U88/><REACH who="1" step="1"/><E71/><REACH who="1" ten="245,251,247,237" step="2"/><V13/><F19/><W73/><AGARI ba="0,2" hai="37,41,44,52,58,62,73,78,82,93,97,101,120,122" machi="73" ten="20,8000,1" yaku="1,1,0,1,7,1,52,1,54,1,53,0" doraHai="104" doraHaiUra="129" who="3" fromWho="3" sc="245,-20,251,-40,247,-20,237,100" /><INIT seed="2,0,0,3,5,97" ten="225,211,227,337" oya="2" hai0="81,27,47,16,135,121,129,93,57,87,134,44,61" hai1="99,5,7,118,39,69,89,79,12,60,96,49,127" hai2="63,0,105,43,29,116,120,82,34,85,77,32,21" hai3="114,117,72,17,88,78,119,132,113,80,94,98,1"/><V36/><F116/><N who="3" m="44619" /><G1/><T55/><D121/><U8/><E39/><V37/><F120/><W108/><G17/><T74/><D129/><U122/><E118/><V66/><F0/><W107/><G108/><T40/><D74/><U13/><E122/><V91/><F105/><W30/><G30/><T70/><D70/><U18/><E127/><V67/><F67/><W41/><G41/><T90/><D81/><U33/><E33/><V131/><F131/><W100/><G132/><N who="0" m="50731" /><D40/><U115/><E115/><V22/><F77/><W14/><G14/><T83/><D83/><U73/><E79/><V62/><F62/><W46/><G46/><T92/><D92/><U20/><E73/><V24/><F34/><W52/><G52/><T45/><D45/><U31/><E31/><V124/><F124/><W102/><G102/><T128/><D128/><U133/><E133/><V38/><REACH who="2" step="1"/><F43/><REACH who="2" ten="225,211,217,337" step="2"/><W11/><G11/><T3/><D3/><U56/><E8/><V65/><F65/><W23/><G23/><AGARI ba="0,1" hai="16,23,27,44,47,55,57,61,87,90,93" m="50731" machi="23" ten="30,2000,0" yaku="20,1,54,1" doraHai="97" who="0" fromWho="3" sc="225,30,211,0,217,0,337,-20" /><INIT seed="3,0,0,5,2,49" ten="255,211,217,317" oya="3" hai0="101,71,22,16,50,125,72,63,104,42,69,10,75" hai1="98,76,119,45,114,68,62,84,20,30,85,66,37" hai2="120,100,28,48,35,90,5,127,83,105,106,70,3" hai3="87,102,110,113,115,59,40,41,36,88,107,24,130"/><W123/><G123/><T64/><D125/><U58/><E114/><V51/><F70/><W128/><G110/><T95/><D71/><U108/><E108/><V73/><F127/><W39/><G59/><T12/><D104/><U31/><E119/><V124/><F124/><W126/><G126/><T122/><D122/><U53/><E98/><V92/><F120/><W1/><G1/><T109/><D109/><U19/><E68/><V129/><F28/><N who="1" m="10793" /><E37/><V34/><F5/><W23/><G102/><T38/><D38/><U0/><E0/><V79/><F129/><N who="3" m="49771" /><G107/><T25/><D101/><U27/><E76/><V132/><F132/><W117/><G117/><T94/><D75/><U9/><E9/><V47/><F3/><W78/><G78/><T13/><D72/><U96/><E96/><N who="2" m="61575" /><F106/><W97/><G97/><T29/><D13/><U11/><E11/><V17/><F17/><N who="3" m="12399" /><G39/><T6/><D6/><U91/><E91/><V112/><F112/><N who="3" m="43083" /><G36/><T33/><D69/><U99/><E99/><V74/><F74/><W133/><G133/><T44/><D94/><AGARI ba="0,0" hai="40,41,87,88,94" m="43083,12399,49771" machi="94" ten="30,2900,0" yaku="19,1,54,1" doraHai="49" who="3" fromWho="0" sc="255,-29,211,0,217,0,317,29" owari="226,2.6,211,-28.9,217,-18.3,346,44.6" /></mjloggm>