<mjloggm ver="2.3"><GO type="225" lobby="0"/><UN n0="%47%68%6F%73%74%55%30" n1="%72%69%6F%75%63%68%61%6E" n2="%E5%8F%AF%E5%85%90%E9%82%A3%E7%94%B1%E5%A4%9A" n3="%E9%B4%A8%4E%45%47%49" dan="16,16,16,16" rate="2135.74,2185.99,2094.74,2126.91" sx="M,M,F,M"/><TAIKYOKU oya="0"/><INIT seed="0,0,0,0,4,25" ten="250,250,250,250" oya="0" hai0="13,52,58,87,134,59,77,34,100,37,131,66,93" hai1="73,98,133,96,56,125,35,15,64,89,129,8,104" hai2="10,24,42,38,120,72,40,44,99,67,122,83,114" hai3="1,60,16,11,41,88,117,51,92,20,107,0,17"/><T97/><D37/><U105/><E73/><V7/><F114/><W21/><G107/><T57/><D131/><U27/><E129/><V4/><F42/><W79/><G79/><T28/><D134/><U75/><E75/><V78/><F4/><W124/><G117/><T95/><D66/><U127/><E133/><V109/><F109/><W36/><G36/><T74/><D74/><U6/><E35/><V123/><F67/><W33/><G33/><T126/><D126/><N who="1" m="48139" /><E27/><V49/><F49/><W121/><G124/><T46/><D13/><U47/><E47/><V116/><F116/><W29/><G29/><T82/><D46/><U63/><E96/><V102/><F24/><N who="3" m="14343" /><G1/><T86/><D34/><U26/><E26/><V128/><F128/><W80/><G0/><T55/><REACH who="0" step="1"/><D28/><REACH who="0" ten="240,250,250,250" step="2"/><U9/><E9/><V103/><REACH who="2" step="1"/><F99/><REACH who="2" ten="240,250,240,250" step="2"/><N who="3" m="57735" /><G121/><T69/><D69/><U84/><E98/><V18/><F18/><W130/><G130/><T43/><D43/><U23/><E23/><V19/><F19/><W94/><G41/><T113/><D113/><U81/><AGARI ba="0,2" hai="6,8,15,56,63,64,81,84,89,104,105" m="48139" machi="81" ten="30,1100,0" yaku="18,1" doraHai="25" who="1" fromWho="1" sc="240,-5,250,31,240,-3,250,-3" /><INIT seed="1,0,0,5,1,62" ten="235,281,237,247" oya="1" hai0="113,117,26,24,86,130,55,64,27,99,111,13,59" hai1="121,53,57,109,39,76,70,21,31,101,63,79,90" hai2="74,44,66,12,114,104,43,81,52,129,14,96,67" hai3="131,33,50,9,95,36,60,83,34,8,42,3,61"/><U123/><E109/><V124/><F124/><W58/><G34/><T91/><D113/><U32/><E32/><V107/><F114/><W132/><G33/><T108/><D117/><U17/><E39/><V128/><F74/><W69/><G95/><T47/><D130/><N who="2" m="50282" /><F81/><W46/><G83/><T106/><D13/><N who="2" m="5226" /><F52/><N who="3" m="32023" /><G3/><T18/><D47/><U77/><E101/><N who="2" m="62503" /><F107/><W78/><G131/><T29/><D106/><U6/><E6/><V19/><F19/><W87/><G87/><T0/><D18/><U119/><E119/><V28/><F28/><W120/><G78/><T68/><D0/><U7/><E7/><V89/><F89/><W49/><G9/><T11/><D11/><U127/><E31/><V1/><F1/><W88/><G8/><T134/><D29/><U94/><E127/><V98/><F98/><W45/><G88/><T56/><D99/><N who="1" m="57815" /><E123/><V38/><AGARI ba="0,0" hai="38,43,44,66,67" m="62503,5226,50282" machi="38" ten="30,4000,0" yaku="19,1,52,2" doraHai="62" who="2" fromWho="2" sc="235,-10,281,-20,237,40,247,-10" /><INIT seed="2,0,0,5,0,118" ten="225,261,277,237" oya="2" hai0="109,2,110,62,54,0,132,107,61,24,1,35,40" hai1="5,79,111,121,86,45,6,23,84,16,7,98,127" hai2="126,28,39,10,70,103,21,120,22,17,93,108,63" hai3="119,47,20,78,66,83,3,44,50,33,49,59,41"/><V13/><F39/><W51/><G33/><T71/><D132/><U94/><E111/><N who="0" m="42505" /><D107/><U77/><E121/><V101/><F108/><W128/><G128/><T90/><D40/><U115/><E127/><V97/><F126/><W19/><G3/><T8/><D54/><U52/><E115/><V131/><F131/><W74/><G119/><T99/><D8/><U122/><E122/><V15/><F120/><W56/><G66/><N who="0" m="41423" /><D62/><U100/><E79/><V130/><F130/><W27/><REACH who="3" step="1"/><G50/><REACH who="3" ten="225,261,277,227" step="2"/><T133/><D133/><U72/><E72/><V80/><F63/><W14/><G14/><T60/><D60/><U125/><E125/><V9/><F70/><W105/><G105/><T30/><D0/><U124/><E124/><V73/><F13/><W68/><G68/><T117/><D117/><U102/><BYE who="0" /><E102/><V34/><F103/><W67/><G67/><T82/><D82/><U26/><E77/><V129/><F34/><W4/><G4/><T112/><D112/><U114/><E114/><V43/><F129/><W95/><G95/><T37/><D37/><U18/><E18/><UN n0="%47%68%6F%73%74%55%30" /><V58/><F17/><W55/><AGARI ba="0,1" hai="19,20,27,41,44,47,49,51,55,56,59,74,78,83" machi="55" ten="20,5200,0" yaku="1,1,0,1,7,1,53,1" doraHai="118" doraHaiUra="12" who="3" fromWho="3" sc="225,-13,261,-13,277,-26,227,62" /><INIT seed="3,0,0,3,2,114" ten="212,248,251,289" oya="3" hai0="0,120,133,104,83,92,17,131,2,98,116,3,109" hai1="43,89,79,40,77,22,112,106,29,132,74,38,41" hai2="85,13,123,118,60,73,91,28,46,113,51,95,96" hai3="88,102,100,25,69,45,10,32,105,80,67,124,14"/><W5/><G124/><T110/><D120/><U129/><E112/><V33/><F113/><W93/><G105/><T117/><D133/><U26/><E129/><V103/><F73/><W6/><G6/><T48/><D104/><U61/><E132/><V86/><F123/><W108/><G108/><N who="0" m="41579" /><D131/><U64/><E106/><V107/><F13/><W71/><G45/><T121/><D121/><U82/><E79/><V20/><F33/><W36/><G80/><T15/><D48/><U47/><REACH who="1" step="1"/><E89/><REACH who="1" ten="212,238,251,289" step="2"/><V39/><F91/><W7/><G102/><N who="0" m="60743" /><D83/><U70/><AGARI ba="0,1" hai="22,26,29,38,40,41,43,47,61,64,70,74,77,82" machi="70" ten="20,5200,0" yaku="1,1,0,1,7,1,53,1" doraHai="114" doraHaiUra="62" who="1" fromWho="1" sc="212,-13,238,62,251,-13,289,-26" owari="199,-30.1,300,40.0,238,-16.2,263,6.3" /></mjloggm>