<mjloggm ver="2.3"><GO type="225" lobby="0"/><UN n0="%54%4F%52" n1="%E3%81%AA%E3%81%8C%E3%81%95%E3%82%8F%E3%81%BE%E3%81%95%E3%81%BF" n2="%E5%B8%86%E7%AB%8B%E5%A4%8F%E8%A1%A3" n3="%72%61%6B%33" dan="17,16,16,16" rate="2244.37,2115.53,2096.73,2181.05" sx="M,F,M,M"/><TAIKYOKU oya="0"/><INIT seed="0,0,0,4,5,87" ten="250,250,250,250" oya="0" hai0="73,104,89,46,59,106,92,38,90,43,113,111,119" hai1="135,18,37,51,72,27,21,4,81,7,61,120,110" hai2="78,97,29,20,50,44,49,53,128,109,100,3,98" hai3="99,107,6,82,69,57,0,124,22,133,76,52,8"/><T134/><D113/><U10/><E37/><V55/><F128/><W83/><G124/><T79/><D119/><U25/><E120/><V32/><F109/><W24/><G133/><T126/><D134/><U129/><E135/><V105/><F3/><W30/><G69/><T42/><D126/><U84/><E72/><V114/><F114/><W34/><G34/><T47/><D111/><U23/><E110/><V41/><F78/><W75/><G83/><T94/><D59/><U5/><E61/><V74/><F74/><W77/><G77/><T122/><D79/><U70/><E51/><V9/><F9/><W67/><G67/><T115/><D73/><U103/><E103/><V19/><F97/><W39/><G39/><T11/><D115/><U12/><E70/><V101/><F100/><W13/><G99/><T56/><D56/><U102/><E102/><V85/><F85/><W45/><G45/><T88/><D122/><U117/><E117/><V40/><F29/><W121/><G121/><T118/><D118/><U116/><E129/><V64/><F32/><W108/><G108/><T132/><D132/><U112/><E112/><V63/><F63/><W131/><G131/><T26/><D26/><U65/><E65/><V54/><F64/><W31/><G107/><T95/><REACH who="0" step="1"/><D11/><REACH who="0" ten="240,250,250,250" step="2"/><U15/><E116/><V130/><F130/><W33/><G57/><T35/><D35/><U71/><E71/><V86/><F44/><W96/><G33/><T58/><D58/><U123/><E123/><V14/><F86/><W16/><G75/><T1/><D1/><U68/><E10/><RYUUKYOKU ba="0,1" sc="240,15,250,-15,250,15,250,-15" hai0="38,42,43,46,47,88,89,90,92,94,95,104,106" hai2="14,19,20,40,41,49,50,53,54,55,98,101,105" /><INIT seed="0,1,1,4,5,25" ten="255,235,265,235" oya="0" hai0="86,93,6,7,128,71,81,21,26,64,108,13,90" hai1="134,87,118,61,45,53,14,51,70,44,84,1,82" hai2="116,92,73,69,121,68,124,12,49,32,127,91,66" hai3="76,46,48,18,80,16,65,62,34,50,63,107,78"/><T133/><D133/><U75/><E118/><V27/><F121/><W55/><G107/><T17/><D128/><U0/><E134/><V67/><F73/><W79/><G34/><T99/><D108/><U131/><E131/><V95/><F116/><W72/><G72/><T43/><D43/><U123/><E123/><V15/><F49/><W119/><G119/><T56/><D71/><U110/><E110/><V2/><F2/><W54/><G80/><T22/><D56/><U60/><E75/><V57/><F57/><N who="3" m="37071" /><G63/><T83/><D64/><U30/><E70/><V47/><F32/><W33/><G33/><T20/><D81/><U97/><E82/><V103/><F27/><W24/><G24/><T28/><REACH who="0" step="1"/><D21/><REACH who="0" ten="245,235,265,235" step="2"/><U122/><E122/><V126/><F69/><W115/><G115/><T42/><D42/><U31/><E53/><V38/><F68/><W112/><G112/><T101/><AGARI ba="1,2" hai="6,7,13,17,20,22,26,28,83,86,90,93,99,101" machi="101" ten="20,12000,1" yaku="1,1,0,1,7,1,8,1,52,1,53,0" doraHai="25" doraHaiUra="125" who="0" fromWho="0" sc="245,143,235,-41,265,-41,235,-41" /><INIT seed="0,2,0,3,5,79" ten="388,194,224,194" oya="0" hai0="92,26,55,94,3,6,80,82,63,128,126,65,45" hai1="35,107,40,66,89,135,93,20,96,105,87,9,24" hai2="72,98,17,127,120,108,101,91,50,7,83,4,129" hai3="1,124,88,15,118,41,44,78,85,37,58,119,90"/><T39/><D128/><U8/><E35/><V5/><F120/><W111/><G1/><T60/><D126/><U33/><E33/><V27/><F108/><W134/><G111/><T62/><D65/><U30/><E135/><V102/><F127/><W113/><G113/><T12/><D3/><U14/><E40/><V71/><F71/><W130/><G124/><T21/><D39/><U68/><E8/><V53/><F129/><W23/><G130/><T122/><D122/><U2/><E2/><V103/><F72/><W29/><G134/><T77/><D77/><U19/><E66/><V131/><F131/><W47/><G78/><T100/><D6/><U132/><E68/><V74/><F74/><W114/><G114/><T115/><D12/><U25/><E132/><V54/><F50/><W70/><G70/><T106/><D106/><U0/><E0/><V51/><F51/><W75/><G75/><T109/><D115/><U73/><E24/><V22/><REACH who="2" step="1"/><F98/><REACH who="2" ten="388,194,214,194" step="2"/><W48/><G48/><N who="0" m="29071" /><D109/><U67/><E73/><V16/><F16/><W95/><G95/><BYE who="3" /><N who="0" m="36395" /><D100/><U84/><E107/><V13/><F13/><W116/><G116/><T11/><D11/><U59/><E105/><V76/><F76/><W64/><G64/><T97/><D97/><U34/><E9/><V121/><F121/><W57/><G57/><T36/><D36/><U49/><E67/><V69/><F69/><W52/><G52/><T10/><D10/><U46/><E46/><V61/><F61/><W133/><G133/><T31/><AGARI ba="2,1" hai="21,26,31,60,62,63,80,82" m="36395,29071" machi="31" ten="30,6000,0" yaku="8,1,52,2" doraHai="79" who="0" fromWho="0" sc="388,76,194,-22,214,-22,194,-22" /><INIT seed="0,3,0,3,1,125" ten="464,172,192,172" oya="0" hai0="13,107,21,60,48,55,57,134,120,95,128,71,38" hai1="103,133,64,113,123,42,87,63,70,127,88,129,96" hai2="106,49,37,23,69,16,39,117,7,27,78,45,19" hai3="122,47,124,18,43,22,26,44,109,102,130,86,8"/><T119/><D107/><U114/><E123/><V89/><F117/><W68/><G68/><T10/><D119/><U100/><E127/><V85/><F69/><W36/><G36/><T34/><D120/><U24/><E133/><V75/><F106/><W126/><G126/><T101/><D34/><U46/><E129/><V115/><F115/><N who="1" m="44041" /><E24/><V6/><F39/><W3/><G3/><T1/><D134/><U50/><E96/><V98/><F37/><W20/><G20/><T67/><D128/><U56/><E70/><V32/><F19/><W30/><G30/><T25/><D1/><U121/><E121/><V72/><F32/><W14/><G14/><T135/><D135/><U110/><E110/><V132/><F132/><W59/><G59/><T111/><D111/><U104/><E104/><V41/><F75/><W91/><G91/><T83/><D83/><AGARI ba="3,0" hai="42,46,50,56,63,64,83,87,88,100,103" m="44041" machi="83" ten="30,2000,0" yaku="11,1,54,1" doraHai="125" who="1" fromWho="0" sc="464,-29,172,29,192,0,172,0" /><INIT seed="1,0,0,1,3,94" ten="435,201,192,172" oya="1" hai0="122,88,17,105,21,53,112,63,115,46,89,57,133" hai1="54,29,121,50,51,0,36,59,93,61,40,52,4" hai2="130,8,9,19,27,91,92,95,84,23,75,33,22" hai3="56,100,111,107,26,124,58,49,110,60,128,129,119"/><U77/><E121/><V120/><F130/><W43/><G43/><T123/><D133/><U109/><E109/><V47/><F120/><N who="0" m="46122" /><D105/><U86/><E0/><V30/><F75/><W18/><G18/><T114/><D46/><N who="1" m="25927" /><E4/><V73/><F73/><W2/><G2/><T66/><D66/><U65/><E36/><V48/><F33/><W87/><G87/><T16/><D17/><U3/><E3/><V70/><F95/><W14/><G14/><AGARI ba="0,0" hai="14,16,21,53,57,63,88,89,112,114,115" m="46122" machi="14" ten="40,5200,0" yaku="13,1,54,2" doraHai="94" who="0" fromWho="3" sc="435,52,201,0,192,0,172,-52" /><INIT seed="2,0,0,1,3,103" ten="487,201,192,120" oya="2" hai0="25,48,89,93,86,14,66,126,106,46,101,77,28" hai1="119,15,2,69,52,128,113,102,20,39,50,61,59" hai2="125,0,134,91,54,51,100,87,58,57,74,4,12" hai3="79,132,75,62,81,11,71,5,82,105,68,72,117"/><V21/><F125/><W99/><G99/><T118/><D126/><U38/><E113/><V32/><F134/><W45/><G45/><T123/><D123/><U129/><E2/><V31/><F74/><W3/><G3/><T114/><D114/><U90/><E119/><V13/><F32/><W98/><G98/><T96/><D118/><U92/><E102/><V63/><F100/><W23/><G23/><T36/><D36/><U116/><E116/><V115/><F115/><W49/><G49/><T42/><D66/><U83/><E83/><V53/><F0/><W34/><G34/><T1/><D1/><U88/><E90/><V40/><F40/><W122/><G122/><T78/><D14/><U8/><E20/><AGARI ba="0,0" hai="20,25,28,42,46,48,77,78,86,89,93,96,101,106" machi="20" ten="30,2000,0" yaku="7,1,52,1" doraHai="103" who="0" fromWho="1" sc="487,20,201,-20,192,0,120,0" /><INIT seed="3,0,0,3,0,130" ten="507,181,192,120" oya="3" hai0="119,114,71,112,109,76,23,51,72,125,29,1,82" hai1="50,92,96,100,26,28,59,49,65,11,88,3,133" hai2="135,69,14,91,105,62,60,52,74,104,4,107,41" hai3="115,106,75,10,34,13,48,132,46,56,20,67,80"/><W40/><G40/><T83/><D51/><U58/><E133/><V36/><F135/><W30/><G30/><T19/><D83/><U123/><E123/><V61/><F74/><W126/><G126/><T2/><D19/><U55/><E3/><V6/><F69/><W118/><G118/><T27/><D23/><N who="1" m="15455" /><E11/><V94/><F52/><W84/><G84/><T54/><D54/><N who="1" m="32079" /><E65/><V38/><F14/><W129/><G129/><T102/><D102/><AGARI ba="0,0" hai="50,55,59,88,92,96,100,102" m="32079,15455" machi="102" ten="30,2000,0" yaku="8,1,54,1" doraHai="130" who="1" fromWho="0" sc="507,-20,181,20,192,0,120,0" owari="487,58.7,201,0.1,192,-20.8,120,-38.0" /></mjloggm>