<mjloggm ver="2.3"><GO type="225" lobby="0"/><UN n0="%54%4F%52" n1="%E9%87%8E%E3%80%85%E5%AE%AE%E8%97%8D" n2="%E8%BE%9B%E5%8F%A3%E3%82%AB%E3%83%AC%E3%83%BC%E3%83%A9%E3%82%A4%E3%82%B9" n3="%E3%80%93%E3%81%97%E3%83%BC%E3%82%89%E3%80%93" dan="17,17,17,16" rate="2203.17,2176.62,2197.79,2071.39" sx="M,F,M,M"/><TAIKYOKU oya="0"/><INIT seed="0,0,0,5,5,118" ten="250,250,250,250" oya="0" hai0="47,43,58,103,98,104,70,37,18,12,16,99,32" hai1="82,1,86,90,97,34,45,40,72,115,30,123,83" hai2="134,33,59,19,39,52,9,119,15,96,74,94,17" hai3="95,63,110,31,14,68,60,26,53,111,20,128,122"/><T85/><D70/><U42/><E1/><V75/><F134/><W48/><G128/><T50/><D32/><U11/><E115/><V7/><F33/><W64/><G63/><T28/><D28/><U92/><E123/><V120/><F120/><W35/><G122/><T0/><D0/><U61/><E11/><V23/><F39/><W13/><G95/><T25/><D98/><U121/><E121/><V10/><F119/><W62/><G62/><T49/><D85/><U66/><E45/><V125/><F125/><W57/><REACH who="3" step="1"/><G35/><REACH who="3" ten="250,250,250,240" step="2"/><T113/><D113/><U135/><E135/><V102/><F10/><W55/><G55/><T93/><D104/><U3/><E61/><V78/><F78/><W56/><G56/><T127/><D127/><U107/><E107/><V126/><F126/><W114/><G114/><T51/><D58/><U108/><E66/><V29/><F59/><W105/><G105/><T36/><D36/><U76/><E34/><V109/><F52/><W129/><G129/><T117/><D117/><U65/><E65/><V131/><F131/><W79/><G79/><T88/><D103/><U84/><E76/><V89/><F102/><W41/><G41/><T130/><D130/><U24/><E42/><V44/><F44/><W71/><G71/><T77/><D77/><N who="1" m="44327" /><E40/><V4/><F94/><W132/><G132/><T80/><D80/><U116/><E116/><V8/><F8/><W112/><G112/><T54/><D54/><U46/><E46/><V91/><F9/><W6/><G6/><T27/><D37/><U21/><E83/><V100/><F4/><RYUUKYOKU ba="0,1" sc="250,-10,250,-10,250,-10,240,30" hai3="13,14,20,26,31,48,53,57,60,64,68,110,111" /><INIT seed="1,1,1,1,3,76" ten="240,240,240,270" oya="1" hai0="88,117,79,51,7,73,26,16,71,11,98,114,68" hai1="121,92,5,19,113,33,83,20,84,27,72,48,9" hai2="45,13,109,101,49,122,15,96,58,107,8,41,134" hai3="104,67,4,130,128,44,106,110,46,40,97,131,135"/><U31/><E113/><V53/><F122/><W119/><G110/><T123/><D114/><U18/><E121/><V17/><F109/><W90/><G135/><T99/><D123/><U66/><E66/><V34/><F134/><W124/><G124/><T112/><D112/><U85/><E48/><V38/><F15/><W62/><G119/><T14/><D117/><U36/><E36/><V102/><F102/><W52/><G4/><T59/><D79/><U127/><E127/><V70/><F34/><W87/><G97/><T1/><D73/><U2/><E19/><V57/><REACH who="2" step="1"/><F70/><REACH who="2" ten="240,240,230,270" step="2"/><W63/><G131/><T116/><D116/><U69/><E69/><V3/><F3/><W42/><G130/><T93/><D68/><U30/><E33/><V111/><F111/><W29/><G128/><T55/><D71/><U100/><E100/><V82/><F82/><W103/><G103/><T77/><D77/><U21/><E2/><V28/><F28/><W75/><G29/><T56/><D26/><N who="1" m="14615" /><E31/><V23/><F23/><W132/><G132/><T120/><D120/><U37/><E30/><V91/><F91/><W126/><G90/><T86/><D1/><U108/><E108/><V133/><F133/><W118/><G118/><T74/><D74/><U78/><E27/><V94/><F94/><W0/><G75/><T54/><D7/><U81/><E92/><V89/><F89/><W80/><G0/><T35/><D35/><U25/><E25/><V115/><F115/><W43/><G80/><T60/><AGARI ba="1,2" hai="11,14,16,51,54,55,56,59,60,86,88,93,98,99" machi="60" ten="20,8000,1" yaku="0,1,7,1,8,1,54,2" doraHai="76" who="0" fromWho="0" sc="240,103,240,-41,230,-21,270,-21" /><INIT seed="2,0,0,4,2,98" ten="343,199,209,249" oya="2" hai0="41,87,132,96,115,59,73,26,32,131,119,66,12" hai1="68,102,103,24,34,25,86,95,76,54,27,110,13" hai2="40,117,82,67,113,38,130,42,7,85,108,107,123" hai3="62,90,51,43,100,6,17,49,118,75,8,61,101"/><V70/><F113/><W71/><G75/><T92/><D73/><U94/><E68/><V2/><F117/><W1/><G118/><T124/><D115/><U104/><E34/><V133/><F123/><W36/><G36/><T84/><D119/><U78/><E110/><V47/><F130/><W111/><G111/><T135/><D41/><U116/><E104/><V52/><F108/><W58/><G71/><T22/><D32/><U10/><E54/><V19/><F107/><W4/><G62/><N who="0" m="38239" /><D12/><U63/><E63/><V126/><F133/><N who="0" m="51274" /><D124/><U21/><E21/><V15/><F40/><W53/><G6/><T69/><D69/><U106/><E106/><V72/><F72/><W129/><G129/><T99/><D99/><U37/><E37/><V120/><F120/><W45/><G51/><T64/><D64/><U89/><E116/><V112/><F112/><W77/><G77/><N who="1" m="29802" /><E95/><V0/><F67/><W80/><REACH who="3" step="1"/><G17/><AGARI ba="0,0" hai="10,13,17,24,25,27,86,89,94,102,103" m="29802" machi="17" ten="30,3900,0" yaku="8,1,52,2" doraHai="98" who="1" fromWho="3" sc="343,0,199,39,209,0,249,-39" /><INIT seed="3,0,0,3,1,118" ten="343,238,209,210" oya="3" hai0="46,23,34,96,16,79,70,56,66,26,89,22,10" hai1="55,113,64,114,132,49,20,112,102,101,29,32,109" hai2="119,3,35,131,91,7,125,44,42,74,41,107,50" hai3="65,43,117,2,75,5,123,19,14,61,6,17,27"/><W47/><G75/><T90/><D70/><U95/><E32/><V127/><F119/><W98/><G117/><T11/><D34/><U18/><E29/><V25/><F107/><W110/><G123/><T67/><D79/><U87/><E64/><V58/><F74/><W1/><G110/><T126/><D46/><U69/><E69/><V88/><F42/><W36/><G1/><T85/><D126/><N who="2" m="48138" /><F131/><W71/><G2/><T78/><D78/><U13/><E132/><V31/><F58/><W122/><G122/><T0/><D0/><U81/><E109/><V62/><F62/><W4/><G14/><T59/><D96/><U38/><E38/><V82/><F82/><W37/><G37/><T8/><D23/><U130/><E130/><V134/><F134/><W30/><REACH who="3" step="1"/><G98/><REACH who="3" ten="343,238,209,200" step="2"/><T57/><D85/><U73/><E73/><V135/><F135/><W40/><G40/><T39/><D39/><U54/><E114/><V68/><F68/><W93/><G93/><T94/><D94/><U80/><E113/><V15/><F3/><W103/><G103/><T104/><D104/><U72/><E112/><V120/><F120/><W45/><G45/><T60/><D60/><U86/><E72/><V83/><F83/><N who="1" m="31817" /><E95/><V116/><F116/><W129/><G129/><T121/><D121/><U28/><E102/><V24/><F24/><W21/><AGARI ba="0,1" hai="4,5,6,17,19,21,27,30,36,43,47,61,65,71" machi="21" ten="30,3000,0" yaku="1,1,0,1,53,0" doraHai="118" doraHaiUra="133" who="3" fromWho="3" sc="343,-10,238,-10,209,-10,200,40" /><INIT seed="3,1,0,5,5,1" ten="333,228,199,240" oya="3" hai0="57,16,5,101,129,2,40,44,123,84,18,32,78" hai1="93,106,80,64,122,96,102,74,70,90,35,20,30" hai2="107,47,34,48,132,10,11,110,38,117,63,88,60" hai3="68,100,23,25,42,24,62,133,99,69,3,135,14"/><W91/><G3/><T61/><D123/><U22/><E122/><V37/><F117/><W77/><G42/><T103/><D32/><U46/><E46/><V98/><F34/><W54/><G77/><T26/><D129/><U119/><E119/><V92/><F110/><W53/><G91/><T83/><D5/><U121/><E121/><V45/><F132/><N who="3" m="50763" /><G14/><T128/><D2/><U87/><E64/><V21/><F107/><N who="3" m="63903" /><G25/><T109/><D109/><U85/><E70/><N who="3" m="27242" /><G62/><T125/><D128/><U29/><E85/><V7/><F38/><W118/><G118/><T8/><D26/><N who="1" m="18871" /><E30/><AGARI ba="1,0" hai="23,24,30,53,54" m="27242,63903,50763" machi="30" ten="30,1500,0" yaku="20,1" doraHai="1" who="3" fromWho="1" sc="333,0,228,-18,199,0,240,18" /><INIT seed="3,2,0,5,2,41" ten="333,210,199,258" oya="3" hai0="112,72,44,63,108,117,86,13,23,110,55,42,132" hai1="8,3,49,68,97,46,88,67,10,81,39,94,7" hai2="103,80,104,19,17,66,32,106,131,75,58,65,134" hai3="51,28,118,96,69,21,113,15,100,127,5,48,6"/><W56/><G69/><T14/><D72/><U99/><E39/><V50/><F32/><W38/><G38/><T115/><D117/><U91/><E10/><V2/><F2/><W61/><G113/><N who="0" m="43595" /><D132/><U107/><E68/><V84/><F75/><W119/><G127/><T54/><D86/><U122/><E67/><N who="2" m="25611" /><F104/><W129/><G51/><N who="0" m="27031" /><D23/><U93/><E107/><V124/><F106/><W120/><G28/><T52/><D63/><U31/><E31/><V90/><F124/><W83/><G15/><AGARI ba="2,0" hai="13,14,15,52,54,55,108,110" m="27031,43595" machi="15" ten="40,5200,0" yaku="11,1,52,1,54,1" doraHai="41" who="0" fromWho="3" sc="333,58,210,0,199,0,258,-58" owari="391,49.1,210,1.0,199,-30.1,200,-20.0" /></mjloggm>