<mjloggm ver="2.3"><GO type="225" lobby="0"/><UN n0="%E3%81%8B%E3%82%8F%E3%81%A1%E3%82%83%E3%82%93%35%38" n1="%E3%81%99%E3%81%84%E3%81%BE%E3%81%9B%E3%83%BC%E3%82%93" n2="%E6%97%A5%E6%9B%9C%E6%97%A5%E3%82%88%E3%82%8A%E3%81%AE%E4%BD%BF%E8%80%85" n3="%2D%E8%B1%8A%E5%8F%A3%E3%82%81%E3%81%90%E3%81%BF%2D" dan="17,18,17,16" rate="2234.46,2206.63,2102.43,2144.87" sx="M,M,M,F"/><TAIKYOKU oya="0"/><INIT seed="0,0,0,0,4,93" ten="250,250,250,250" oya="0" hai0="54,119,47,43,11,50,59,33,13,38,95,131,118" hai1="115,46,134,104,117,62,4,103,125,65,57,68,23" hai2="121,109,61,36,48,78,113,100,32,18,101,12,29" hai3="52,56,135,102,87,51,49,28,75,63,126,22,107"/><T69/><D131/><U67/><E117/><V77/><F36/><W0/><G75/><T3/><D33/><U42/><E125/><V25/><F113/><W88/><G0/><T20/><D3/><U24/><E115/><V76/><F121/><W84/><G126/><T82/><D20/><U112/><E134/><V108/><F48/><W124/><G124/><T120/><D120/><U81/><E4/><V97/><F61/><W41/><G84/><T114/><D114/><U40/><E81/><V98/><F101/><W99/><G41/><T64/><D82/><U111/><E111/><N who="2" m="42571" /><F100/><W44/><G44/><T17/><REACH who="0" step="1"/><D95/><REACH who="0" ten="240,250,250,250" step="2"/><U122/><E122/><V128/><F128/><W26/><G135/><T129/><D129/><U45/><E112/><V130/><F130/><W6/><G6/><T73/><D73/><U16/><E23/><AGARI ba="0,1" hai="12,18,23,25,29,32,76,77,78,97,98" m="42571" machi="23" ten="30,3900,0" yaku="14,1,52,2" doraHai="93" who="2" fromWho="1" sc="240,0,250,-39,250,49,250,0" /><INIT seed="1,0,0,3,3,23" ten="240,211,299,250" oya="1" hai0="127,5,113,106,104,2,47,124,34,12,126,36,102" hai1="46,96,4,121,21,32,116,51,1,115,94,17,103" hai2="31,91,57,135,41,33,69,35,37,118,64,24,107" hai3="77,59,54,82,22,63,14,9,130,114,97,50,70"/><U11/><E115/><V95/><F118/><W110/><G114/><T120/><D113/><U18/><E116/><V78/><F135/><W128/><G110/><T20/><D120/><U88/><E32/><V134/><F134/><W60/><G97/><T99/><D34/><U55/><E121/><V66/><F107/><W117/><G22/><T119/><D119/><U89/><REACH who="1" step="1"/><E18/><REACH who="1" ten="240,201,299,250" step="2"/><V133/><F35/><W132/><G117/><T72/><D126/><U67/><E67/><V105/><F66/><W29/><G132/><T98/><D127/><U0/><E0/><V10/><F64/><W108/><G108/><T74/><D2/><U68/><E68/><V109/><F69/><W44/><G70/><T79/><D124/><U61/><E61/><V75/><F33/><W38/><G63/><T87/><D106/><U92/><E92/><V16/><F95/><W93/><G93/><T15/><D104/><U8/><E8/><V86/><F16/><W129/><G60/><T71/><D71/><U73/><E73/><V76/><F10/><W26/><G9/><T111/><D74/><U49/><E49/><V42/><F75/><W3/><G3/><T125/><D72/><U81/><E81/><N who="2" m="49615" /><F105/><W58/><G82/><T45/><D111/><U25/><AGARI ba="0,1" hai="1,4,11,17,21,25,46,51,55,88,89,94,96,103" machi="25" ten="20,18000,2" yaku="1,1,0,1,7,1,52,1,54,1,53,1" doraHai="23" doraHaiUra="90" who="1" fromWho="1" sc="240,-60,201,190,299,-60,250,-60" /><INIT seed="1,1,0,1,5,67" ten="180,391,239,190" oya="1" hai0="70,35,8,21,89,17,112,43,27,120,116,30,128" hai1="82,104,124,123,103,4,41,16,117,72,83,45,6" hai2="109,88,106,18,135,58,98,66,49,25,134,12,111" hai3="11,77,76,60,92,81,101,108,78,105,113,121,96"/><U118/><E123/><V5/><F5/><W20/><G113/><T110/><D112/><U24/><E124/><V39/><F39/><W57/><G108/><N who="2" m="41545" /><F25/><W40/><G121/><T73/><D110/><U80/><E72/><V85/><F98/><W2/><G40/><T102/><D120/><U48/><E4/><V38/><F38/><W51/><G51/><T69/><D73/><U79/><E6/><V29/><F29/><W13/><G2/><T7/><D116/><U65/><E79/><V107/><F49/><W59/><G105/><N who="2" m="39945" /><F58/><W47/><G47/><T36/><D102/><U31/><E31/><V115/><F66/><W33/><G33/><T37/><D128/><U94/><E65/><V42/><F42/><W23/><G57/><T93/><D37/><U50/><E104/><V90/><F115/><W74/><G74/><T34/><D34/><U28/><E28/><V10/><F90/><W15/><G15/><N who="0" m="9407" /><D43/><U86/><E50/><V68/><F68/><W114/><G114/><T71/><D36/><U32/><E32/><V122/><F122/><W132/><G59/><T126/><D126/><U56/><E56/><V97/><F97/><W14/><G60/><T63/><D63/><U87/><E118/><V22/><F22/><N who="3" m="8235" /><G13/><T9/><D7/><U54/><E117/><V19/><F19/><N who="3" m="8671" /><G132/><T99/><D8/><U64/><E41/><V119/><F119/><W131/><G131/><T1/><D9/><U129/><E129/><V127/><F127/><W44/><G44/><T26/><D26/><U84/><E45/><V61/><F61/><W91/><G101/><RYUUKYOKU ba="1,0" sc="180,10,391,-30,239,10,190,10" hai0="1,27,30,35,69,70,71,89,93,99" hai2="10,12,18,85,88,134,135" hai3="76,77,78,81,91,92,96" /><INIT seed="2,2,0,1,2,98" ten="190,361,249,200" oya="2" hai0="134,41,102,88,57,69,85,3,17,7,119,38,4" hai1="10,81,123,132,66,130,121,47,55,61,37,127,0" hai2="86,63,84,14,101,133,43,23,53,11,36,109,20" hai3="22,64,128,48,24,87,2,77,72,62,5,105,68"/><V54/><F36/><W92/><G105/><T33/><D69/><U32/><E32/><V94/><F43/><W126/><G126/><T103/><D33/><U60/><E127/><V131/><F131/><W116/><G116/><T108/><D3/><U80/><E130/><V97/><F133/><W129/><G72/><T74/><D74/><U31/><E31/><V25/><F109/><W46/><G5/><N who="0" m="2123" /><D38/><U67/><E132/><V113/><F113/><W82/><G92/><N who="0" m="54287" /><D134/><U16/><E0/><V26/><F11/><W39/><G39/><T93/><D108/><U110/><E110/><V114/><F14/><W6/><G6/><T95/><D119/><U76/><E37/><V15/><F15/><W18/><REACH who="3" step="1"/><G2/><REACH who="3" ten="190,361,249,190" step="2"/><T118/><D118/><U115/><E115/><V120/><F114/><W56/><G56/><T30/><D30/><U96/><E123/><V91/><F120/><W13/><G13/><T89/><D95/><U59/><E59/><V8/><F94/><W117/><G117/><T50/><D17/><U73/><E16/><V52/><F26/><W107/><G107/><T112/><D112/><U65/><E73/><V78/><F25/><W90/><G90/><T100/><D57/><U19/><E121/><V79/><F91/><W71/><G71/><T125/><D125/><U27/><E27/><V75/><F79/><W49/><G49/><T51/><D41/><AGARI ba="2,1" hai="18,22,24,41,46,48,62,64,68,77,82,87,128,129" machi="41" ten="40,1300,0" yaku="1,1,53,0" doraHai="98" doraHaiUra="111" who="3" fromWho="0" sc="190,-19,361,0,249,0,190,29" /><INIT seed="3,0,0,2,1,129" ten="171,361,249,219" oya="3" hai0="104,131,41,4,11,97,82,112,110,49,63,100,45" hai1="119,88,114,101,17,2,26,13,130,32,48,0,16" hai2="135,65,91,90,125,36,73,62,29,10,51,43,71" hai3="27,117,120,37,81,72,22,20,9,3,105,69,93"/><W47/><G93/><T6/><D110/><U18/><E101/><V19/><F73/><W96/><G117/><T92/><D131/><U115/><E88/><V60/><F36/><W124/><G120/><T107/><D112/><N who="1" m="43051" /><E48/><V78/><F125/><W21/><G69/><T79/><D63/><U106/><E106/><V59/><F29/><W42/><G124/><T123/><D4/><U31/><E119/><V44/><F78/><N who="3" m="44231" /><G96/><T53/><D53/><U15/><E130/><V67/><F71/><W84/><G84/><T40/><D40/><U33/><E33/><V5/><F91/><W127/><G105/><T24/><D24/><U58/><E58/><V55/><F90/><W61/><G61/><T89/><D89/><U8/><E17/><V74/><F60/><W77/><G77/><T128/><D128/><U80/><E80/><V126/><F19/><N who="3" m="12703" /><G127/><T83/><D123/><U54/><E54/><V122/><F122/><W56/><G56/><T86/><REACH who="0" step="1"/><D83/><REACH who="0" ten="161,361,249,219" step="2"/><U99/><E26/><V35/><F62/><W113/><G113/><T50/><D50/><U76/><E76/><V98/><F51/><W94/><G42/><T28/><D28/><U116/><E116/><V23/><F43/><W30/><G30/><T132/><D132/><U7/><E31/><V64/><F135/><W111/><G111/><T38/><D38/><U95/><E7/><V68/><F126/><W103/><G37/><T39/><D39/><U66/><E99/><V25/><F98/><W134/><G134/><T87/><D87/><U46/><E18/><V52/><F55/><W85/><G85/><RYUUKYOKU ba="0,1" sc="161,30,361,-10,249,-10,219,-10" hai0="6,11,41,45,49,79,82,86,92,97,100,104,107" owari="191,-30.9,361,46.1,239,3.9,209,-19.1" /></mjloggm>