<mjloggm ver="2.3"><GO type="225" lobby="0"/><UN n0="%E5%80%89%E6%A9%8B%EF%BC%A0%E4%BA%8B%E5%8B%99" n1="%6B%79%6F%6E%6B%6F%31%31" n2="%E3%81%95%E3%81%8D%E3%81%9F%E3%81%BE%E6%9E%97%E6%AA%8E" n3="%E3%83%B4%E3%83%A0%EF%BC%99%E3%81%A6" dan="16,17,16,17" rate="2045.86,2214.56,2084.54,2154.70" sx="M,M,M,M"/><TAIKYOKU oya="0"/><INIT seed="0,0,0,3,5,92" ten="250,250,250,250" oya="0" hai0="26,105,50,108,98,65,45,74,118,70,114,124,129" hai1="2,94,12,127,22,9,125,38,35,52,115,27,42" hai2="86,88,113,16,63,47,61,69,130,72,123,54,46" hai3="96,39,34,121,10,95,56,134,109,4,135,36,126"/><T131/><D114/><U133/><E115/><V112/><F123/><W71/><G71/><T7/><D118/><U102/><E133/><N who="3" m="50698" /><G34/><T120/><D120/><U32/><E42/><V25/><F130/><N who="0" m="49674" /><D74/><U51/><E38/><V8/><F72/><W23/><G121/><T19/><D7/><U79/><E79/><V128/><F128/><W67/><G109/><T84/><D124/><N who="1" m="47691" /><E2/><V89/><F89/><N who="3" m="55407" /><G23/><N who="0" m="13695" /><D84/><U40/><E40/><V33/><F33/><W14/><G126/><T132/><D132/><U55/><E35/><V57/><F113/><W111/><G111/><T0/><D0/><U48/><E32/><V73/><F73/><W24/><G24/><T66/><D108/><U78/><E78/><V80/><F112/><W77/><G77/><T20/><D20/><U31/><E48/><V122/><F122/><W81/><G81/><T68/><D68/><U53/><E51/><N who="2" m="30943" /><F69/><W11/><G11/><T1/><D1/><U41/><E41/><V107/><F25/><W87/><G87/><T104/><D70/><U91/><E9/><V21/><F8/><W93/><G93/><T17/><D17/><U3/><E3/><V64/><F16/><W106/><G106/><T97/><D105/><U101/><E12/><V62/><F107/><W82/><G82/><T99/><D104/><U110/><E110/><V59/><F21/><W116/><G116/><T15/><D15/><U60/><E60/><AGARI ba="0,0" hai="46,47,59,60,61,62,63,64,80,86,88" m="30943" machi="60" ten="30,2000,0" yaku="8,1,54,1" doraHai="92" who="2" fromWho="1" sc="250,0,250,-20,250,20,250,0" /><AGARI ba="0,0" hai="4,10,14,36,39,56,60,67" m="55407,50698" machi="60" ten="30,2000,0" yaku="20,1,52,1" doraHai="92" who="3" fromWho="1" sc="250,0,230,-20,270,0,250,20" /><INIT seed="1,0,0,5,4,16" ten="250,210,270,270" oya="1" hai0="54,106,37,45,47,110,62,9,55,33,59,129,74" hai1="112,107,118,26,91,50,104,61,124,40,19,48,46" hai2="123,17,99,102,131,12,90,98,1,63,4,85,94" hai3="81,88,73,51,31,25,80,11,53,7,75,18,70"/><U132/><E112/><V3/><F131/><W77/><G70/><T128/><D74/><U93/><E118/><V66/><F123/><W127/><G127/><T113/><D106/><U28/><E124/><V86/><F1/><W34/><G18/><T2/><D33/><U69/><E50/><V92/><F3/><W5/><G11/><T114/><D2/><U38/><E19/><V65/><F4/><W89/><G89/><T44/><D9/><U130/><E130/><N who="0" m="50281" /><D37/><U96/><E132/><V29/><F29/><W72/><G72/><T83/><D83/><U79/><E79/><V27/><F27/><W100/><G100/><T67/><D110/><U125/><E125/><V22/><REACH who="2" step="1"/><F66/><REACH who="2" ten="250,210,260,270" step="2"/><W71/><G5/><T76/><D76/><U116/><E116/><V111/><F111/><W52/><G7/><T24/><D24/><U57/><E38/><V8/><F8/><W122/><G25/><T101/><D101/><U13/><E13/><V68/><AGARI ba="0,1" hai="12,17,22,63,65,68,85,86,90,92,94,98,99,102" machi="68" ten="20,5200,0" yaku="1,1,0,1,7,1,52,1,53,0" doraHai="16" doraHaiUra="133" who="2" fromWho="2" sc="250,-13,210,-26,260,62,270,-13" /><INIT seed="2,0,0,4,1,54" ten="237,184,322,257" oya="2" hai0="93,17,132,28,4,32,107,31,13,39,63,23,36" hai1="42,113,35,49,44,127,12,128,124,58,33,43,30" hai2="41,79,76,46,62,3,98,69,134,122,55,125,15" hai3="74,20,92,45,104,19,110,84,40,59,73,123,85"/><V131/><F122/><W64/><G123/><T0/><D107/><U88/><E113/><V5/><F3/><W48/><G104/><T90/><D132/><U60/><E128/><V10/><F134/><W11/><G11/><T57/><D0/><U53/><E12/><V126/><F131/><W24/><G110/><T103/><D4/><U47/><E30/><V81/><F98/><W52/><G64/><T27/><D103/><U34/><REACH who="1" step="1"/><E88/><REACH who="1" ten="237,174,322,257" step="2"/><V68/><F15/><W14/><G14/><T9/><D31/><U82/><E82/><V101/><F81/><W71/><G71/><T29/><D28/><U119/><E119/><V120/><F69/><W66/><G66/><T117/><D117/><U67/><E67/><V99/><F68/><W108/><G108/><T106/><D32/><U75/><E75/><V102/><F120/><W118/><G118/><T111/><D111/><U96/><E96/><V80/><F80/><W94/><G73/><T89/><D90/><U72/><E72/><V135/><F99/><W86/><REACH who="3" step="1"/><G74/><REACH who="3" ten="237,174,322,247" step="2"/><T8/><D13/><U109/><E109/><V56/><F135/><W70/><G70/><T114/><D114/><U51/><AGARI ba="0,2" hai="33,34,35,42,43,44,47,49,51,53,58,60,124,127" machi="51" ten="40,12000,2" yaku="1,1,0,1,9,1,52,1,53,2" doraHai="54" doraHaiUra="38" who="1" fromWho="1" sc="237,-30,174,140,322,-60,247,-30" /><INIT seed="3,0,0,4,4,114" ten="207,314,262,217" oya="3" hai0="52,54,4,124,16,109,93,7,44,62,73,67,101" hai1="23,10,104,89,125,111,15,96,112,43,31,65,39" hai2="77,11,105,81,40,60,113,49,80,21,108,6,97" hai3="102,98,27,56,64,100,5,107,76,57,58,63,51"/><W36/><G36/><T119/><D73/><U122/><E122/><V70/><F108/><W53/><G76/><T47/><D109/><U123/><E123/><V13/><F113/><W33/><G100/><T128/><D119/><U20/><E104/><V50/><F81/><W130/><G130/><T0/><D128/><U48/><E39/><V55/><F105/><W121/><G5/><N who="0" m="2123" /><D0/><U12/><E65/><V61/><F97/><W26/><G121/><T82/><D124/><U91/><E10/><V46/><F70/><W38/><G38/><T120/><D120/><U90/><E112/><V35/><F35/><W135/><G135/><T106/><D106/><U3/><E3/><V117/><F117/><W116/><G116/><T103/><D82/><U30/><E96/><V131/><F21/><N who="1" m="8265" /><E111/><V83/><F83/><W78/><G78/><T95/><D16/><U79/><E79/><V19/><F19/><W132/><G132/><T24/><D24/><U69/><E69/><V28/><F28/><N who="1" m="10793" /><E125/><V129/><F131/><W18/><G33/><T14/><D14/><U110/><E110/><V37/><F37/><W45/><G18/><T68/><D68/><U126/><E126/><V94/><F129/><W72/><G72/><T133/><D133/><U8/><E8/><V75/><F94/><N who="0" m="35850" /><D67/><U2/><E2/><V127/><F127/><W29/><G29/><T134/><D134/><U71/><E71/><V22/><F22/><W86/><G86/><T17/><D17/><U59/><E12/><V87/><F75/><W99/><G98/><T42/><D42/><U115/><E43/><RYUUKYOKU ba="0,0" sc="207,-15,314,-15,262,15,217,15" hai2="6,11,13,40,46,49,50,55,60,61,77,80,87" hai3="26,27,45,51,53,56,57,58,63,64,99,102,107" /><INIT seed="3,1,0,2,1,27" ten="192,299,277,232" oya="3" hai0="34,47,42,80,8,113,5,97,46,128,32,121,99" hai1="74,86,115,69,66,68,78,26,79,3,37,12,123" hai2="54,82,119,105,7,120,89,124,20,59,98,39,84" hai3="33,130,87,43,0,44,55,70,38,14,29,111,28"/><W96/><G0/><T45/><D121/><U48/><E3/><V132/><F132/><W62/><G33/><T131/><D42/><U19/><E37/><V50/><F119/><W81/><G130/><N who="0" m="49707" /><D80/><U107/><E74/><V24/><F124/><W91/><G111/><T13/><D113/><U127/><E107/><V134/><F134/><W56/><G70/><T6/><D6/><U65/><E69/><V76/><F120/><W83/><G83/><T4/><D4/><U17/><E68/><V22/><F39/><W116/><G116/><T1/><D1/><U25/><E115/><V21/><F7/><W93/><REACH who="3" step="1"/><G14/><REACH who="3" ten="192,299,277,222" step="2"/><T71/><D71/><U36/><E12/><V85/><F105/><W53/><G53/><T75/><D75/><U118/><E118/><V114/><F114/><W40/><G40/><T67/><D67/><U100/><E66/><V64/><F64/><W117/><G117/><T135/><D135/><U126/><E123/><V109/><F109/><W35/><G35/><AGARI ba="1,1" hai="5,8,13,32,34,35,45,46,47,97,99" m="49707" machi="35" ten="40,1300,0" yaku="19,1" doraHai="27" who="0" fromWho="3" sc="192,26,299,0,277,0,222,-16" /><INIT seed="4,0,0,0,5,131" ten="218,299,277,206" oya="0" hai0="74,76,109,114,118,56,17,115,85,79,129,119,126" hai1="21,67,34,103,106,102,15,49,46,91,2,135,7" hai2="22,65,95,35,18,51,97,87,32,52,55,130,75" hai3="124,73,50,38,37,4,58,120,30,3,9,88,81"/><T113/><D17/><N who="1" m="10431" /><E135/><V26/><F75/><W98/><G124/><T99/><D56/><U19/><E34/><V68/><F68/><W101/><G120/><T28/><D28/><U90/><E106/><V100/><F130/><W14/><G30/><T72/><D129/><U41/><E2/><V47/><F65/><W16/><G50/><T121/><D126/><U96/><E7/><V92/><F55/><W42/><G58/><T39/><D39/><U48/><E67/><V89/><AGARI ba="0,0" hai="18,22,26,32,35,47,51,52,87,89,92,95,97,100" machi="89" ten="30,2000,0" yaku="0,1,54,1" doraHai="131" who="2" fromWho="2" sc="218,-10,299,-5,277,20,206,-5" /><INIT seed="5,0,0,3,4,34" ten="208,294,297,201" oya="1" hai0="121,43,77,60,99,109,21,132,107,90,113,84,111" hai1="11,133,31,97,52,78,58,0,32,22,126,59,48" hai2="85,81,88,66,125,25,49,9,71,19,55,40,57" hai3="96,47,7,116,41,13,94,5,67,89,91,75,2"/><U127/><E32/><V100/><F125/><N who="1" m="47625" /><E133/><V30/><F71/><W65/><G75/><T26/><D43/><U131/><E131/><V27/><F66/><N who="3" m="25099" /><G2/><T8/><D132/><U110/><E110/><V29/><F100/><N who="3" m="60439" /><G116/><T106/><D77/><U103/><E78/><V80/><F80/><W56/><G56/><T33/><D33/><U117/><E117/><V18/><F40/><W70/><G70/><T129/><D129/><U123/><E123/><V120/><F120/><W61/><G61/><T93/><D121/><U130/><E130/><V44/><F57/><W119/><G119/><T1/><D60/><U36/><E59/><V86/><F86/><W108/><G108/><T45/><D45/><U104/><E36/><V134/><F134/><W122/><G122/><T14/><D111/><U64/><E64/><V50/><F50/><N who="3" m="26991" /><G13/><T135/><D14/><U35/><E35/><V28/><F9/><W3/><G3/><T69/><D69/><U73/><E73/><V83/><F83/><W115/><G115/><T54/><D113/><U124/><E124/><V15/><F15/><W62/><G62/><T17/><D135/><U42/><E42/><V12/><F12/><W51/><G51/><T37/><D37/><U114/><E114/><V95/><F95/><W72/><G72/><T6/><D109/><U39/><E39/><V24/><AGARI ba="0,0" hai="18,19,24,25,27,28,29,30,44,49,55,81,85,88" machi="24" ten="30,4000,0" yaku="0,1,8,1,54,1" doraHai="34" who="2" fromWho="2" sc="208,-10,294,-20,297,40,201,-10" owari="198,-20.2,274,7.4,337,43.7,191,-30.9" /></mjloggm>