<mjloggm ver="2.3"><GO type="225" lobby="0"/><UN n0="%E9%80%9F%E6%B0%B4%E5%87%9B%E9%A6%99" n1="%E3%80%90%E8%92%BC%E7%90%89%E3%80%91" n2="%E3%81%86%E3%83%BC%E3%81%B1%E3%83%BC" n3="%E7%B4%94%E6%BD%94%E3%83%94%E3%83%A9%E3%83%8B%E3%82%A2" dan="16,16,16,18" rate="2096.81,2141.73,2181.29,2191.80" sx="F,F,F,M"/><TAIKYOKU oya="0"/><INIT seed="0,0,0,2,2,104" ten="250,250,250,250" oya="0" hai0="92,7,79,105,2,93,29,99,25,102,10,58,78" hai1="116,90,18,101,66,107,56,73,130,52,98,124,54" hai2="96,15,20,80,123,71,22,132,39,117,108,119,134" hai3="100,89,86,64,41,50,94,36,48,17,68,24,114"/><T8/><D8/><U43/><E116/><N who="2" m="44619" /><F39/><W27/><G114/><T59/><D59/><U21/><E130/><V135/><F71/><W11/><G36/><T19/><D19/><U118/><E118/><V111/><F96/><W115/><G115/><T67/><D67/><U49/><E124/><V31/><F80/><W61/><G100/><T4/><D4/><U87/><E73/><V13/><F123/><W53/><G41/><T33/><D58/><U26/><E43/><V127/><F127/><W82/><G50/><T42/><D42/><U103/><E101/><V44/><F44/><W6/><G17/><T91/><D93/><U45/><E66/><V40/><F40/><W70/><G68/><T38/><D38/><U106/><E107/><V5/><F5/><W110/><G94/><T85/><AGARI ba="0,0" hai="2,7,10,25,29,33,78,79,85,91,92,99,102,105" machi="85" ten="20,2100,0" yaku="0,1,7,1" doraHai="104" who="0" fromWho="0" sc="250,21,250,-7,250,-7,250,-7" /><INIT seed="0,1,0,1,3,63" ten="271,243,243,243" oya="0" hai0="97,25,122,89,116,9,106,20,128,95,71,125,91" hai1="22,29,115,114,14,13,53,129,76,0,60,16,48" hai2="82,41,67,132,26,39,4,37,118,52,44,24,83" hai3="55,33,69,130,31,61,84,87,126,40,62,92,36"/><T66/><D116/><U68/><E0/><V17/><F132/><W51/><G126/><T59/><D122/><U50/><E129/><V133/><F133/><W121/><G130/><T56/><D128/><U2/><E2/><V35/><F4/><W27/><G121/><T135/><D106/><U1/><E1/><V19/><F118/><W11/><G61/><T119/><D119/><U94/><E29/><V86/><F39/><W109/><G109/><T23/><D135/><U78/><E13/><V21/><F67/><W108/><G108/><T58/><D125/><U18/><E18/><V99/><F99/><W127/><G127/><T12/><D71/><U93/><E76/><V57/><F86/><W80/><G11/><T43/><D43/><U65/><E78/><V74/><F74/><W45/><G92/><N who="1" m="35434" /><E53/><V102/><F102/><W120/><G120/><T81/><D81/><U30/><E30/><V88/><F88/><W7/><G7/><N who="0" m="3135" /><D91/><U77/><E77/><V34/><F82/><W110/><G110/><T5/><D5/><U32/><E32/><V47/><F83/><W15/><G15/><T3/><D3/><U46/><E46/><V101/><F44/><W112/><G80/><T117/><D117/><U123/><E123/><V72/><F72/><W54/><G36/><T38/><D38/><U100/><E100/><V28/><F101/><W10/><G10/><T104/><D104/><U8/><E8/><V64/><F35/><W98/><G33/><T103/><D103/><U6/><E6/><V124/><F124/><W131/><G131/><T111/><D111/><RYUUKYOKU ba="1,0" sc="271,-10,243,30,243,-10,243,-10" hai1="14,16,22,48,50,60,65,68,114,115" /><INIT seed="1,2,0,2,2,71" ten="261,273,233,233" oya="1" hai0="101,6,128,31,92,117,112,1,88,133,69,80,62" hai1="35,84,121,30,135,79,105,47,127,89,19,24,91" hai2="73,44,27,2,22,34,64,39,11,41,57,59,38" hai3="85,87,120,4,134,21,66,81,20,50,104,65,68"/><U132/><E121/><V102/><F34/><W113/><G104/><T36/><D117/><U42/><E105/><V26/><F102/><W16/><G113/><T131/><D112/><U122/><E122/><V54/><F39/><W63/><G134/><N who="1" m="51242" /><E127/><V107/><F107/><W123/><G21/><T5/><D31/><U111/><E111/><V15/><F2/><W86/><G65/><N who="0" m="41143" /><D1/><U9/><E79/><V77/><F64/><W13/><G81/><T53/><D53/><U12/><E84/><V100/><F54/><W37/><G50/><AGARI ba="2,0" hai="9,12,19,24,30,35,42,47,50,89,91" m="51242" machi="50" ten="30,1500,0" yaku="20,1" doraHai="71" who="1" fromWho="3" sc="261,0,273,21,233,0,233,-21" /><INIT seed="1,3,0,0,0,82" ten="261,294,233,212" oya="1" hai0="128,57,121,10,111,13,130,55,48,92,115,58,116" hai1="129,9,6,3,54,47,24,5,99,94,83,29,124" hai2="42,69,125,126,110,53,1,118,100,52,18,73,80" hai3="84,31,38,81,27,25,36,30,106,122,44,109,123"/><U49/><E129/><N who="0" m="49769" /><D115/><U60/><E124/><V21/><F118/><W107/><G81/><T43/><D116/><U90/><E6/><V79/><F1/><W104/><G44/><T93/><D111/><U76/><E60/><V28/><F69/><W88/><G88/><T102/><D121/><U132/><E132/><V4/><F4/><W75/><G75/><T105/><D43/><U87/><E24/><N who="2" m="16399" /><F110/><W2/><G2/><T26/><D26/><U16/><E29/><V98/><F18/><W89/><G89/><T66/><D66/><U11/><E11/><V14/><F14/><W85/><G107/><T35/><D35/><U95/><E94/><N who="2" m="58455" /><F42/><W34/><REACH who="3" step="1"/><G109/><REACH who="3" ten="261,294,233,202" step="2"/><T15/><D105/><U8/><E3/><V19/><F73/><W68/><G68/><T70/><D70/><U112/><E112/><V131/><F131/><W22/><G22/><T77/><D93/><U20/><E5/><V32/><F32/><AGARI ba="3,1" hai="25,27,30,31,32,34,36,38,84,85,104,106,122,123" machi="32" ten="25,8000,1" yaku="1,1,22,2,52,2,53,0" doraHai="82" doraHaiUra="135" who="3" fromWho="2" sc="261,0,294,0,233,-89,202,99" /><INIT seed="2,0,0,5,1,103" ten="261,294,144,301" oya="2" hai0="24,110,84,87,92,90,36,108,10,9,15,43,132" hai1="37,60,7,121,68,40,101,48,28,35,29,14,122" hai2="25,111,71,124,5,75,113,112,123,6,74,100,47" hai3="83,109,120,2,116,99,13,62,127,82,107,32,70"/><V8/><F123/><W69/><G120/><T23/><D132/><U31/><E37/><V119/><F119/><W66/><G2/><T106/><D106/><U89/><E35/><V95/><F71/><W51/><G116/><T97/><D43/><U27/><E27/><V73/><F124/><W72/><G127/><T49/><D36/><U86/><E101/><V42/><F25/><W22/><G70/><T105/><D105/><U45/><E7/><V91/><F100/><W4/><G32/><T85/><D49/><U1/><E1/><V11/><F47/><W53/><G107/><T20/><D20/><U78/><E78/><V117/><F42/><W134/><G99/><T44/><D44/><U125/><E14/><V50/><F50/><W19/><G72/><T55/><D55/><U102/><E102/><V46/><F46/><W34/><G34/><T59/><D59/><U65/><REACH who="1" step="1"/><E125/><REACH who="1" ten="261,284,144,301" step="2"/><V3/><F117/><W77/><G77/><T30/><D15/><U76/><E76/><V135/><F135/><W80/><G4/><T63/><D9/><U131/><E131/><V88/><F111/><W58/><REACH who="3" step="1"/><G134/><REACH who="3" ten="261,284,144,291" step="2"/><T38/><D110/><AGARI ba="0,2" hai="13,19,22,51,53,58,62,66,69,80,82,83,109,110" machi="110" ten="40,5200,0" yaku="1,1,2,1,53,1" doraHai="103" doraHaiUra="61" who="3" fromWho="0" sc="261,-52,284,0,144,0,291,72" /><INIT seed="3,0,0,0,2,50" ten="209,284,144,363" oya="3" hai0="12,23,39,100,44,123,53,54,87,13,103,107,126" hai1="69,42,73,124,115,31,79,36,90,121,38,41,45" hai2="19,91,131,127,27,33,106,37,15,14,18,117,89" hai3="49,11,67,30,133,77,59,8,3,64,76,47,105"/><W97/><G133/><T110/><D123/><U99/><E69/><V120/><F37/><W116/><G116/><T34/><D34/><U10/><E31/><V88/><F117/><W84/><G30/><T111/><D107/><U17/><E115/><V20/><F106/><W46/><G105/><T22/><D39/><U129/><E17/><V74/><F74/><W104/><G104/><T82/><D44/><U118/><E129/><V83/><F33/><W6/><G47/><T48/><D48/><U112/><E112/><V16/><F120/><W71/><G71/><T132/><D87/><U95/><E10/><V28/><F131/><W29/><G29/><T68/><D68/><U102/><E124/><V98/><F127/><W26/><G26/><T43/><D43/><U78/><E41/><V101/><REACH who="2" step="1"/><F83/><REACH who="2" ten="209,284,134,363" step="2"/><W21/><G77/><T128/><D128/><U66/><E79/><V85/><F85/><W108/><G76/><T32/><D32/><U114/><E36/><V70/><F70/><W4/><G84/><T40/><D126/><U51/><E78/><V86/><F86/><W25/><G97/><T61/><D82/><U119/><E99/><V60/><F60/><W113/><G113/><T80/><D80/><U2/><E118/><V35/><F35/><W93/><G93/><T81/><D81/><U122/><E95/><V92/><AGARI ba="0,1" hai="14,15,16,18,19,20,27,28,88,89,91,92,98,101" machi="92" ten="30,8000,1" yaku="1,1,0,1,8,1,54,2,53,0" doraHai="50" doraHaiUra="135" who="2" fromWho="2" sc="209,-20,284,-20,134,90,363,-40" owari="189,-31.1,264,6.4,224,-17.6,323,42.3" /></mjloggm>