<mjloggm ver="2.3"><GO type="225" lobby="0"/><UN n0="%72%69%6F%75%63%68%61%6E" n1="%E3%81%BE%E3%81%A8%E3%81%9F" n2="%E5%A4%9C%E5%85%89%E5%A4%A9%E6%A5%BC" n3="%E3%82%A2%E3%83%8A%E3%83%BC%E3%81%8D%E3%83%BC" dan="16,16,17,16" rate="2244.46,2117.01,2111.86,2098.05" sx="M,M,M,M"/><TAIKYOKU oya="0"/><INIT seed="0,0,0,0,3,83" ten="250,250,250,250" oya="0" hai0="121,131,98,85,45,113,12,10,37,26,59,22,72" hai1="16,15,86,66,93,1,104,130,62,103,65,58,134" hai2="99,119,36,67,31,60,109,75,126,135,116,125,20" hai3="70,50,46,92,13,107,40,122,79,127,43,17,68"/><T87/><D113/><U35/><E1/><V102/><F75/><W61/><G107/><T63/><D121/><U105/><E35/><V44/><F109/><W27/><G122/><T18/><D72/><U128/><E134/><V53/><F135/><W8/><G127/><N who="2" m="48649" /><F31/><W33/><G40/><T78/><D78/><U115/><E66/><V21/><F36/><W117/><G117/><N who="2" m="45129" /><F44/><W90/><G79/><T49/><D131/><N who="1" m="50219" /><E103/><V111/><F53/><W30/><REACH who="3" step="1"/><G61/><REACH who="3" ten="250,250,250,240" step="2"/><T25/><D37/><U24/><E115/><V101/><F111/><W28/><G28/><N who="0" m="17463" /><D98/><AGARI ba="0,1" hai="8,13,17,27,30,33,43,46,50,68,70,90,92,98" machi="98" ten="30,3900,0" yaku="1,1,7,1,53,1" doraHai="83" doraHaiUra="47" who="3" fromWho="0" sc="250,-39,250,0,250,0,240,49" /><INIT seed="1,0,0,2,5,115" ten="211,250,250,289" oya="1" hai0="51,85,52,34,55,26,54,24,27,129,41,70,128" hai1="132,124,120,21,44,35,78,88,91,37,29,84,45" hai2="112,28,39,122,135,114,80,36,9,111,90,71,82" hai3="99,108,123,43,73,50,42,89,77,83,101,2,133"/><U127/><E120/><V5/><F122/><W47/><G123/><T12/><D70/><U63/><E35/><V79/><F71/><W67/><G2/><T4/><D34/><U109/><E132/><V60/><F28/><W6/><G6/><T110/><D110/><U7/><E7/><V131/><F111/><W0/><G0/><T95/><D95/><U56/><E78/><V113/><F131/><N who="0" m="50250" /><D85/><U20/><E91/><V81/><F135/><W66/><G108/><T98/><D98/><U87/><E87/><V96/><F60/><W100/><G133/><T103/><D103/><U49/><E37/><V102/><F90/><W76/><G76/><T25/><N who="0" m="6144" /><DORA hai="62" /><T134/><D134/><U18/><E109/><V38/><F79/><W119/><G119/><T48/><D41/><U13/><E29/><V74/><F74/><W23/><G42/><T117/><D117/><U130/><E130/><V58/><F96/><W31/><G89/><T75/><D75/><U65/><E88/><V92/><F92/><W64/><G31/><T46/><D46/><U10/><E45/><V57/><F102/><W116/><G116/><T118/><D118/><U1/><E84/><V30/><F30/><W94/><G101/><T17/><D4/><U11/><E44/><V86/><F86/><W68/><REACH who="3" step="1"/><G23/><AGARI ba="0,0" hai="12,17,23,48,51,52,54,55" m="6144,50250" machi="23" ten="50,3200,0" yaku="19,1,54,1" doraHai="115,62" who="0" fromWho="3" sc="211,32,250,0,250,0,289,-32" /><INIT seed="2,0,0,5,0,24" ten="243,250,250,257" oya="2" hai0="126,29,8,96,1,118,14,122,38,15,42,87,55" hai1="22,97,90,12,49,107,91,46,84,64,83,21,48" hai2="106,115,130,93,80,128,10,124,109,30,39,100,34" hai3="132,7,28,101,116,79,76,82,81,3,17,111,77"/><V13/><F115/><W92/><G116/><T35/><D122/><U112/><E112/><V9/><F39/><W63/><G111/><T40/><D118/><U98/><E64/><V0/><F0/><W95/><G132/><T103/><D126/><U71/><E71/><V102/><F124/><W27/><G17/><T23/><D35/><U19/><E107/><V37/><F37/><W78/><G63/><T135/><D135/><U104/><E104/><V86/><F106/><W99/><N who="3" m="19456" /><DORA hai="73" /><W59/><G59/><T62/><D87/><U60/><E60/><V6/><F10/><W56/><G56/><N who="0" m="35103" /><D1/><U4/><E4/><V66/><F80/><W26/><G92/><N who="0" m="58759" /><D38/><U31/><E91/><N who="2" m="53495" /><F66/><W123/><G123/><T52/><D52/><N who="1" m="29719" /><E49/><V57/><F57/><W16/><G16/><N who="0" m="10647" /><D29/><U110/><E110/><V88/><F109/><W75/><G75/><T43/><D42/><U121/><E121/><V11/><F11/><W67/><G67/><T68/><D68/><U117/><E117/><V74/><F74/><W85/><G3/><T65/><D65/><U114/><E114/><V129/><F88/><N who="3" m="55783" /><G7/><AGARI ba="0,0" hai="7,8,15,40,43" m="10647,58759,35103" machi="7" ten="30,2000,0" yaku="8,1,54,1" doraHai="24,73" who="0" fromWho="3" sc="243,20,250,0,250,0,257,-20" /><INIT seed="3,0,0,5,3,125" ten="263,250,250,237" oya="3" hai0="0,80,102,98,105,59,70,24,82,41,28,128,48" hai1="108,44,4,14,78,124,42,67,64,36,116,68,109" hai2="79,83,113,5,99,27,89,86,1,93,9,29,51" hai3="40,88,49,22,72,7,35,104,107,63,96,50,90"/><W126/><G72/><T60/><D128/><U131/><E78/><V38/><F113/><W115/><G35/><T76/><D0/><U62/><E124/><V43/><F43/><W19/><G126/><T87/><D70/><N who="1" m="42263" /><E14/><V130/><F51/><W134/><G115/><T10/><D10/><U118/><E4/><V39/><REACH who="2" step="1"/><F130/><REACH who="2" ten="263,250,240,237" step="2"/><W106/><G134/><T20/><D41/><U127/><E131/><V55/><F55/><W100/><G63/><T85/><D48/><U73/><E127/><V47/><F47/><W18/><G7/><T101/><D60/><N who="1" m="40039" /><E73/><V129/><F129/><W123/><G123/><T45/><D45/><U57/><E57/><V3/><F3/><W95/><G50/><T112/><D59/><U54/><E54/><V84/><F84/><W46/><REACH who="3" step="1"/><G18/><REACH who="3" ten="263,250,240,227" step="2"/><T77/><D112/><U74/><E74/><V61/><F61/><W94/><G94/><T135/><D135/><U2/><E2/><V75/><F75/><W122/><G122/><T111/><D105/><U37/><E37/><V56/><F56/><W69/><G69/><T11/><D82/><U103/><E36/><V81/><F81/><W132/><G132/><T12/><D80/><U110/><E110/><V23/><AGARI ba="0,2" hai="1,5,9,23,27,29,38,39,79,83,86,89,93,99" machi="23" ten="20,2700,0" yaku="1,1,0,1,7,1,53,0" doraHai="125" doraHaiUra="30" who="2" fromWho="2" sc="263,-7,250,-7,240,47,227,-13" /><INIT seed="4,0,0,4,0,93" ten="256,243,287,214" oya="0" hai0="91,53,92,79,125,115,30,18,52,111,106,17,67" hai1="80,104,81,94,129,4,103,6,50,123,127,55,39" hai2="120,72,2,75,84,26,37,64,59,71,88,51,131" hai3="99,32,24,48,65,27,20,28,23,113,73,9,25"/><T8/><D106/><U63/><E123/><V87/><F2/><W35/><G73/><T14/><D115/><U15/><E39/><V38/><F120/><W85/><G113/><T74/><D125/><U107/><E129/><V5/><F5/><W89/><G65/><T47/><D111/><U102/><E63/><V3/><F3/><W66/><G66/><T82/><D30/><U121/><E121/><V10/><F10/><W69/><G69/><T33/><D33/><U134/><E134/><V60/><F38/><W36/><G36/><T56/><D47/><U45/><E107/><V11/><F37/><W83/><G9/><T114/><D114/><U105/><E104/><V46/><F71/><W135/><G135/><T101/><D101/><U122/><E105/><V119/><F87/><W118/><G118/><T76/><D76/><U41/><E122/><V1/><F131/><W13/><G99/><N who="0" m="57759" /><D74/><U12/><E103/><V100/><F100/><W77/><G77/><T117/><D117/><U96/><E127/><V29/><F119/><W116/><G116/><T22/><D82/><U16/><E41/><N who="2" m="25039" /><F88/><W98/><G98/><T110/><D79/><U21/><E6/><N who="2" m="1487" /><F84/><W19/><REACH who="3" step="1"/><G48/><REACH who="3" ten="256,243,287,204" step="2"/><T61/><D110/><U86/><E86/><V95/><F75/><W31/><G31/><T7/><D7/><U130/><E130/><V109/><F72/><W42/><G42/><T78/><D78/><U132/><E132/><V57/><F109/><W128/><G128/><T97/><D97/><U43/><E43/><V40/><F40/><W124/><G124/><T126/><D126/><RYUUKYOKU ba="0,1" sc="256,10,243,10,287,-30,204,10" hai0="8,14,17,18,22,52,53,56,61,67" hai1="4,12,15,16,21,45,50,55,80,81,94,96,102" hai3="13,19,20,23,24,25,27,28,32,35,83,85,89" /><INIT seed="4,1,1,3,2,111" ten="266,253,257,214" oya="0" hai0="29,76,61,75,103,44,15,126,110,32,106,12,40" hai1="132,42,114,85,119,98,107,25,99,113,6,129,64" hai2="115,33,49,19,46,94,11,37,8,39,27,56,20" hai3="31,116,78,66,17,109,65,108,57,63,51,93,97"/><T96/><D110/><U38/><E119/><V67/><F115/><N who="1" m="44041" /><E132/><V1/><F33/><W83/><G116/><T35/><D126/><U13/><E129/><V30/><F39/><W128/><G128/><T55/><D76/><U73/><E73/><V68/><F1/><W105/><G105/><T10/><D29/><U88/><E64/><V54/><F94/><W118/><G118/><T21/><D75/><U3/><E3/><V84/><F84/><W77/><G66/><T101/><D101/><N who="1" m="62903" /><E25/><V86/><F67/><W26/><G17/><T72/><D72/><U124/><E99/><V87/><F19/><W43/><G109/><T28/><D96/><U92/><E124/><V52/><F68/><W41/><G108/><T74/><D74/><U112/><N who="1" m="44049" /><U95/><DORA hai="80" /><E95/><V60/><F86/><N who="3" m="48495" /><G78/><T104/><D104/><U48/><E38/><V82/><F37/><W81/><G81/><T134/><D134/><U122/><E122/><V45/><F82/><W131/><G131/><T7/><D106/><U4/><E13/><V50/><F87/><W5/><G5/><T22/><D15/><U2/><E2/><V100/><F100/><N who="3" m="60463" /><G51/><N who="0" m="27015" /><D103/><U18/><E18/><V69/><F69/><W14/><G14/><T59/><D28/><U47/><AGARI ba="1,1" hai="4,6,42,47,48,85,88,92" m="62903,44049" machi="47" ten="40,16000,3" yaku="15,1,11,1,52,5,54,1" doraHai="111,80" who="1" fromWho="1" sc="266,-81,253,173,257,-41,214,-41" owari="185,-21.5,426,52.6,216,1.6,173,-32.7" /></mjloggm>