<mjloggm ver="2.3"><GO type="225" lobby="0"/><UN n0="%E3%83%94%E3%83%B3%E3%82%B5%E3%83%AD%E5%BA%97%E5%93%A1" n1="%E5%B8%86%E7%AB%8B%E5%A4%8F%E8%A1%A3" n2="%E6%98%93%E5%88%A9%E8%96%A9%E4%BC%AF" n3="%E4%B8%89%E5%88%86%E5%B0%8F%E5%83%A7" dan="16,17,16,16" rate="2135.23,2161.81,2091.39,2093.34" sx="M,M,F,M"/><TAIKYOKU oya="0"/><INIT seed="0,0,0,3,5,123" ten="250,250,250,250" oya="0" hai0="118,26,74,96,66,55,67,110,91,87,71,7,4" hai1="58,18,59,95,120,47,61,27,9,104,38,78,14" hai2="115,53,76,79,99,52,64,82,98,54,81,5,132" hai3="127,51,65,20,17,72,22,23,0,124,97,33,117"/><T80/><D118/><U50/><E104/><V128/><F115/><W116/><G72/><T12/><D74/><U8/><E120/><V60/><F128/><W45/><G33/><T6/><D71/><U15/><E38/><V90/><F132/><W105/><G0/><T125/><D125/><N who="3" m="48201" /><G65/><T62/><D110/><U2/><E2/><V101/><F5/><W36/><G36/><T19/><D26/><U103/><E78/><N who="2" m="29739" /><F101/><N who="3" m="62639" /><G17/><T108/><D108/><U112/><E27/><V10/><F10/><W44/><G44/><T113/><D113/><U94/><E112/><V121/><F121/><W126/><N who="3" m="48209" /><W122/><DORA hai="73" /><G122/><T106/><D106/><U1/><E1/><V46/><F46/><W57/><G57/><N who="0" m="35135" /><D96/><N who="2" m="36906" /><F90/><W56/><G56/><AGARI ba="0,0" hai="52,53,54,56,60,64,81,82" m="36906,29739" machi="56" ten="30,8000,1" yaku="8,1,52,3,54,1" doraHai="123,73" who="2" fromWho="3" sc="250,0,250,0,250,80,250,-80" /><INIT seed="1,0,0,2,3,34" ten="250,250,330,170" oya="1" hai0="96,50,10,106,132,22,92,13,110,97,94,65,126" hai1="24,63,104,28,75,56,38,113,124,69,5,61,4" hai2="125,88,20,111,59,98,67,55,82,115,29,133,60" hai3="62,74,123,80,6,7,32,85,100,120,30,2,64"/><U47/><E75/><V102/><F111/><W48/><G74/><T103/><D110/><U0/><E113/><V116/><F116/><W49/><G100/><T77/><D132/><U87/><E124/><V95/><F133/><W52/><G30/><T86/><D126/><U18/><E18/><V122/><F125/><W107/><G32/><T109/><D109/><U117/><E117/><V39/><F39/><W118/><G107/><T68/><D22/><U71/><E104/><V99/><F115/><W37/><G37/><T33/><D33/><U14/><E14/><V134/><F134/><W135/><G118/><T130/><D130/><U11/><E5/><V81/><F55/><W70/><G135/><T25/><D25/><U41/><E87/><V3/><F3/><W40/><G40/><T19/><D50/><U114/><E114/><V73/><F73/><W17/><G17/><T78/><D86/><U105/><E105/><V79/><F79/><W26/><G26/><T129/><D129/><U76/><E76/><V12/><F122/><W90/><G49/><T83/><D83/><U128/><E128/><V51/><F51/><W43/><G43/><T31/><D31/><U15/><E15/><V112/><F112/><W1/><G7/><T16/><D19/><U127/><E127/><V131/><F131/><W42/><G42/><T66/><D106/><U91/><E91/><V57/><F12/><W44/><REACH who="3" step="1"/><G6/><REACH who="3" ten="250,250,330,160" step="2"/><T89/><D16/><U108/><E108/><V45/><F102/><W72/><G72/><T27/><D27/><U53/><E61/><V84/><F60/><RYUUKYOKU ba="0,1" sc="250,-15,250,15,330,-15,160,15" hai1="0,4,11,24,28,38,41,47,53,56,63,69,71" hai3="1,2,44,48,52,62,64,70,80,85,90,120,123" /><INIT seed="1,1,1,4,0,22" ten="235,265,315,175" oya="1" hai0="27,62,35,113,87,53,32,90,52,129,77,99,71" hai1="61,7,134,42,88,38,100,5,83,40,120,68,30" hai2="128,85,97,127,119,28,116,65,37,96,109,101,108" hai3="64,81,0,11,51,103,121,39,10,59,12,70,23"/><U56/><E120/><V41/><F65/><W73/><G39/><T80/><D113/><U33/><E134/><V50/><F37/><W76/><G121/><T130/><D71/><U89/><E68/><V36/><F36/><W4/><G103/><T3/><D3/><U78/><E100/><V124/><F41/><W93/><G93/><N who="0" m="56759" /><D62/><U86/><E40/><V123/><F50/><W44/><G23/><T118/><D118/><N who="2" m="45098" /><F123/><W98/><G98/><N who="2" m="37993" /><F28/><W14/><G70/><T115/><D115/><U110/><E110/><N who="2" m="42603" /><F101/><W47/><G0/><T69/><D69/><U8/><E42/><V122/><F122/><W31/><G31/><N who="0" m="19583" /><D35/><U91/><E38/><V58/><F58/><W25/><G64/><T34/><D34/><U24/><REACH who="1" step="1"/><E8/><REACH who="1" ten="235,255,315,175" step="2"/><V104/><F128/><AGARI ba="1,2" hai="52,53,77,80,87,128,129,130" m="19583,56759" machi="128" ten="30,3900,0" yaku="19,1,52,1,54,1" doraHai="22" who="0" fromWho="2" sc="235,62,255,0,315,-42,175,0" /><INIT seed="2,0,0,2,5,88" ten="297,255,273,175" oya="2" hai0="109,6,130,44,5,59,128,45,52,91,31,124,16" hai1="10,104,108,111,43,60,51,18,132,41,12,94,38" hai2="22,118,127,23,62,107,78,125,2,89,40,25,95" hai3="34,1,120,87,15,26,69,131,35,122,106,92,39"/><V77/><F118/><W24/><G106/><T11/><D109/><N who="1" m="42059" /><E104/><V79/><F107/><W27/><G69/><T113/><D113/><U17/><E132/><V55/><F2/><W70/><G70/><T47/><D124/><N who="2" m="47690" /><F40/><N who="1" m="15433" /><E38/><V63/><F55/><W97/><G39/><T14/><D31/><U4/><E51/><V48/><F48/><W32/><G87/><T67/><D67/><U21/><E60/><N who="2" m="23083" /><F25/><W110/><G110/><T42/><D42/><U86/><E21/><V116/><F116/><W85/><G85/><AGARI ba="0,0" hai="22,23,77,78,79,85,89,95" m="23083,47690" machi="85" ten="30,2900,0" yaku="18,1,52,1" doraHai="88" who="2" fromWho="3" sc="297,0,255,0,273,29,175,-29" /><INIT seed="2,1,0,2,5,134" ten="297,255,302,146" oya="2" hai0="94,89,11,90,81,112,24,17,5,9,59,52,28" hai1="123,130,119,77,129,22,31,41,57,40,95,21,13" hai2="35,34,16,39,36,61,20,48,125,4,67,106,117" hai3="53,82,65,131,96,85,63,66,93,98,3,64,42"/><V32/><F117/><W14/><G3/><T7/><D112/><U43/><E119/><V30/><F106/><W122/><G131/><N who="1" m="50186" /><E123/><V102/><F30/><W113/><G122/><T114/><D114/><U75/><E75/><V79/><F102/><W105/><G105/><T111/><D111/><U37/><E37/><V97/><F4/><N who="0" m="1610" /><D28/><U135/><E77/><V83/><F97/><W69/><G113/><T104/><D104/><U68/><E68/><V56/><F48/><W107/><G107/><T25/><D81/><U108/><E108/><V103/><F103/><W115/><G115/><T128/><D128/><U33/><E135/><V44/><F44/><W8/><G42/><T121/><D121/><U47/><E47/><V70/><F70/><W58/><G93/><T23/><D25/><N who="1" m="18671" /><E13/><V88/><F79/><W78/><REACH who="3" step="1"/><G69/><REACH who="3" ten="297,255,302,136" step="2"/><T87/><D90/><U60/><E95/><V19/><F88/><W120/><G120/><T46/><D46/><U71/><E71/><V62/><F39/><W110/><G110/><T109/><D109/><U86/><E86/><V100/><F36/><W2/><G2/><T6/><D6/><AGARI ba="1,1" hai="6,8,14,53,58,63,64,65,66,78,82,85,96,98" machi="6" ten="40,8000,1" yaku="1,1,8,1,53,2" doraHai="134" doraHaiUra="92" who="3" fromWho="0" sc="297,-83,255,0,302,0,136,93" /><INIT seed="3,0,0,4,0,86" ten="214,255,302,229" oya="3" hai0="1,116,46,63,109,48,25,0,17,76,14,26,130" hai1="53,32,44,108,11,119,35,83,135,39,3,70,29" hai2="6,62,43,100,31,99,40,47,8,101,69,59,129" hai3="90,19,134,56,55,95,122,75,118,4,120,20,77"/><W117/><G4/><T79/><D116/><U105/><E70/><V45/><F69/><W104/><G104/><T58/><D109/><U98/><E119/><V34/><F34/><W123/><G134/><T93/><D130/><U107/><E135/><V114/><F31/><W128/><G128/><T96/><D1/><U111/><E53/><V91/><F91/><W5/><G5/><T64/><D0/><U28/><E11/><V2/><F114/><W112/><G77/><T73/><D73/><U89/><E3/><V80/><F80/><W65/><G65/><T103/><D79/><U21/><E21/><V97/><F97/><W67/><G67/><T36/><D36/><U87/><E98/><V78/><F78/><W12/><G75/><T94/><D94/><U22/><E22/><V27/><F100/><W61/><REACH who="3" step="1"/><G112/><REACH who="3" ten="214,255,302,219" step="2"/><T131/><D76/><U42/><E105/><V88/><F6/><W84/><AGARI ba="0,1" hai="12,19,20,55,56,61,84,90,95,117,118,120,122,123" machi="84" ten="30,11700,0" yaku="1,1,2,1,0,1,52,1,53,0" doraHai="86" doraHaiUra="68" who="3" fromWho="3" sc="214,-39,255,-39,302,-39,219,127" owari="175,-32.5,216,-18.4,263,6.3,346,44.6" /></mjloggm>