<mjloggm ver="2.3"><GO type="225" lobby="0"/><UN n0="%E3%81%AA%E3%81%BE%E3%81%91%E8%80%85" n1="%E4%B8%89%E5%88%86%E5%B0%8F%E5%83%A7" n2="%E3%80%90%E8%92%BC%E7%90%89%E3%80%91" n3="%6D%75%75%73%61%6E%6D%75" dan="16,16,16,16" rate="2116.91,2086.67,2124.13,2142.59" sx="M,M,F,F"/><TAIKYOKU oya="0"/><INIT seed="0,0,0,1,1,43" ten="250,250,250,250" oya="0" hai0="33,62,40,34,19,56,117,26,64,101,15,29,124" hai1="116,24,66,109,41,32,3,110,16,36,52,126,57" hai2="5,2,30,73,28,69,18,79,75,6,53,94,78" hai3="80,87,35,8,9,38,25,133,97,95,99,77,93"/><T129/><D117/><U51/><E116/><V90/><F69/><W59/><G133/><T12/><D129/><U10/><E126/><V74/><F18/><W130/><G130/><T72/><D72/><U115/><E115/><V118/><F118/><W39/><G59/><T0/><D0/><U91/><E66/><V7/><F2/><W20/><G35/><T106/><D124/><U100/><E100/><V61/><F61/><W58/><G58/><T123/><D33/><U111/><E91/><V68/><F68/><W60/><G60/><T71/><D123/><U122/><E122/><V107/><F107/><W21/><G38/><T96/><D56/><U1/><E32/><V92/><F53/><W44/><G39/><T54/><D54/><U48/><E36/><V134/><F134/><W14/><G44/><T119/><D119/><U104/><E104/><V103/><F103/><N who="3" m="60847" /><G14/><T46/><D19/><U127/><E127/><V82/><F82/><W37/><G37/><AGARI ba="0,0" hai="12,15,26,29,34,37,40,46,62,64,71,96,101,106" machi="37" ten="30,11600,0" yaku="7,1,25,2,52,1" doraHai="43" who="0" fromWho="3" sc="250,116,250,0,250,0,250,-116" /><INIT seed="0,1,0,3,2,54" ten="366,250,250,134" oya="0" hai0="64,95,30,123,35,93,90,94,36,99,21,39,27" hai1="53,86,105,121,37,102,42,15,6,110,31,18,38" hai2="75,50,7,130,61,11,0,129,108,134,28,131,52" hai3="81,115,71,17,20,126,114,33,76,56,122,98,106"/><T100/><D123/><U4/><E121/><V112/><F112/><W104/><G122/><T58/><D35/><U107/><E31/><V8/><F108/><W85/><G71/><T32/><D32/><U45/><E110/><V16/><F75/><W46/><G33/><T109/><D109/><U91/><E38/><V68/><F28/><W40/><G126/><T34/><D94/><U77/><E77/><V117/><F134/><W88/><G114/><T67/><D67/><U41/><E41/><V111/><F111/><W19/><G115/><T1/><D1/><U79/><E79/><V92/><F92/><W59/><G104/><T73/><D73/><U10/><E53/><V26/><F117/><W70/><G70/><T87/><D34/><U2/><E102/><V12/><F26/><W3/><G3/><T49/><D49/><U72/><E72/><V78/><F78/><W25/><G17/><T82/><D93/><U135/><E135/><V47/><F61/><AGARI ba="1,0" hai="21,27,30,36,39,58,61,64,82,87,90,95,99,100" machi="61" ten="40,7700,0" yaku="25,2,52,1" doraHai="54" who="0" fromWho="2" sc="366,80,250,0,250,-80,134,0" /><INIT seed="0,2,0,1,5,2" ten="446,250,170,134" oya="0" hai0="129,7,88,72,20,60,10,41,58,94,0,128,5" hai1="132,71,26,92,111,4,21,54,105,29,49,113,85" hai2="11,45,118,48,35,93,34,8,23,84,98,75,112" hai3="100,106,104,102,107,13,63,15,62,51,122,108,103"/><T117/><D117/><U9/><E105/><V74/><F112/><W95/><G95/><T96/><D72/><U115/><E71/><V114/><F114/><N who="1" m="43529" /><E111/><V14/><F118/><W31/><G108/><T6/><D41/><U28/><E132/><V130/><F130/><N who="0" m="50282" /><D20/><U127/><E127/><V36/><F36/><W25/><G51/><T38/><D38/><U124/><E124/><V116/><F84/><W27/><G122/><T40/><D40/><U91/><E26/><N who="3" m="9738" /><G31/><T33/><D33/><U126/><E21/><V79/><F116/><W81/><G81/><T19/><D19/><U87/><E87/><V16/><F35/><W61/><AGARI ba="2,0" hai="13,15,61,62,63,100,102,103,104,106,107" m="9738" machi="61" ten="40,8000,1" yaku="29,2,28,2" doraHai="2" who="3" fromWho="3" sc="446,-42,250,-22,170,-22,134,86" /><INIT seed="1,0,0,1,0,85" ten="404,228,148,220" oya="1" hai0="9,5,56,83,62,95,18,126,87,41,12,64,50" hai1="94,122,61,129,15,124,20,28,93,105,125,34,69" hai2="103,130,109,100,99,57,59,113,24,84,119,67,131" hai3="6,52,79,13,132,116,88,86,96,35,39,8,82"/><U91/><E105/><V127/><F119/><W30/><G39/><T102/><D126/><N who="1" m="48747" /><E122/><V118/><F118/><W111/><G116/><T89/><D41/><U3/><E3/><V26/><F127/><W53/><G111/><T78/><D50/><U0/><E0/><V42/><F42/><W21/><G35/><T110/><D110/><U108/><E108/><V123/><F109/><W31/><G132/><T101/><REACH who="0" step="1"/><D5/><REACH who="0" ten="394,228,148,220" step="2"/><U44/><E129/><V112/><F123/><W19/><G30/><T1/><D1/><U14/><E44/><V128/><F128/><W133/><G31/><T98/><AGARI ba="0,1" hai="9,12,18,56,62,64,78,83,87,89,95,98,101,102" machi="98" ten="20,12000,2" yaku="1,1,0,1,7,1,8,1,52,1,53,1" doraHai="85" doraHaiUra="55" who="0" fromWho="0" sc="394,130,228,-60,148,-30,220,-30" /><INIT seed="2,0,0,1,1,128" ten="524,168,118,190" oya="2" hai0="130,55,7,28,63,32,115,112,127,48,75,107,61" hai1="81,51,90,66,11,41,52,85,38,122,110,96,31" hai2="77,3,8,14,106,89,23,12,26,94,4,40,108" hai3="50,71,34,69,15,117,135,131,42,35,0,109,99"/><V59/><F106/><W80/><G0/><T101/><D75/><U113/><E113/><V19/><F108/><W103/><G117/><T39/><D39/><U120/><E110/><V92/><F77/><W129/><G109/><T1/><D1/><U111/><E111/><V134/><F134/><W5/><G80/><T56/><D7/><U102/><E66/><V27/><F40/><W95/><G15/><T93/><D32/><N who="3" m="12329" /><G5/><T100/><D127/><U82/><E31/><V60/><F3/><W29/><G29/><T88/><D130/><N who="3" m="49673" /><G135/><T67/><D28/><U104/><E11/><V54/><REACH who="2" step="1"/><F94/><REACH who="2" ten="524,168,108,190" step="2"/><W6/><G6/><T47/><D107/><U74/><E41/><V37/><F37/><W97/><G97/><AGARI ba="0,1" hai="4,8,12,14,19,23,26,27,54,59,60,89,92,97" machi="97" ten="30,5800,0" yaku="1,1,7,1,8,1,53,0" doraHai="128" doraHaiUra="123" who="2" fromWho="3" sc="524,0,168,0,108,68,190,-58" /><INIT seed="2,1,0,1,2,74" ten="524,168,176,132" oya="2" hai0="93,127,98,17,134,131,104,39,26,55,48,43,40" hai1="50,46,30,84,49,87,33,67,88,7,107,37,123" hai2="101,71,69,85,119,22,41,72,76,102,73,118,64" hai3="45,111,92,97,3,29,112,68,66,21,130,54,47"/><V27/><F41/><W35/><G35/><T51/><D104/><U56/><E107/><V110/><F110/><W53/><G111/><T52/><D131/><U132/><E37/><V90/><F64/><W115/><G3/><T5/><D127/><U59/><E132/><V61/><F61/><W114/><G130/><T31/><D5/><U4/><E33/><V2/><F2/><W12/><G66/><T10/><D31/><U116/><E30/><V60/><F60/><W42/><G68/><T14/><D26/><U113/><E113/><V9/><F9/><W24/><G12/><T82/><D82/><N who="1" m="49175" /><E116/><V32/><F32/><W133/><G133/><T129/><D129/><U34/><E34/><V99/><F69/><W36/><REACH who="3" step="1"/><G45/><REACH who="3" ten="524,168,176,122" step="2"/><N who="0" m="27663" /><D134/><U70/><E70/><V11/><F71/><W81/><G81/><T15/><D15/><U19/><E123/><V18/><F118/><W103/><AGARI ba="1,1" hai="21,24,29,36,42,47,53,54,92,97,103,112,114,115" machi="103" ten="30,4000,0" yaku="1,1,0,1,11,1,53,0" doraHai="74" doraHaiUra="78" who="3" fromWho="3" sc="524,-11,168,-11,176,-21,122,53" /><INIT seed="3,0,0,2,3,102" ten="513,157,155,175" oya="3" hai0="55,77,106,32,96,125,129,126,12,24,78,76,36" hai1="86,134,52,59,124,92,35,11,113,61,82,122,127" hai2="37,14,43,88,114,16,115,66,27,111,80,47,131" hai3="128,26,13,58,119,73,51,120,85,23,20,4,34"/><W2/><G73/><T65/><D36/><U116/><E122/><V30/><F111/><W56/><G120/><T63/><D129/><U45/><E113/><V28/><F131/><W1/><G128/><T112/><D112/><U38/><E35/><V95/><F80/><W103/><G119/><T97/><D12/><U109/><E109/><V7/><F7/><W18/><G34/><T46/><D106/><U104/><E104/><V121/><F66/><W31/><G2/><T48/><D24/><U6/><E92/><V117/><F117/><W98/><G1/><T53/><D53/><U17/><E134/><V107/><F107/><W69/><G69/><T93/><D93/><U100/><E100/><V8/><F30/><W99/><G4/><T70/><D32/><U41/><E17/><V21/><F121/><W90/><G103/><T44/><D44/><U22/><E22/><V89/><F89/><W39/><G39/><T42/><D55/><U83/><E116/><V29/><F29/><W132/><G132/><T3/><D3/><N who="1" m="479" /><E86/><AGARI ba="0,0" hai="8,14,16,21,27,28,37,43,47,86,88,95,114,115" machi="86" ten="30,3900,0" yaku="7,1,54,2" doraHai="102" who="2" fromWho="1" sc="513,0,157,-39,155,39,175,0" owari="513,61.3,118,-38.2,194,-0.6,175,-22.5" /></mjloggm>