<mjloggm ver="2.3"><GO type="225" lobby="0"/><UN n0="%E5%84%AA%40%41%42%43" n1="%E3%81%A9%E3%82%8F%E3%82%93%E3%81%94" n2="%E3%81%AF%E3%82%88%E3%81%8A%E3%81%98%E3%81%95%E3%82%93" n3="%73%75%7A%75%6D%65%33" dan="17,16,16,16" rate="2218.32,2195.67,2129.84,2174.04" sx="M,M,M,M"/><TAIKYOKU oya="0"/><INIT seed="0,0,0,3,1,80" ten="250,250,250,250" oya="0" hai0="125,89,72,54,124,126,40,75,121,108,34,88,31" hai1="59,112,111,90,52,83,5,3,62,50,119,71,85" hai2="87,56,76,18,66,115,22,38,47,4,129,133,46" hai3="117,1,127,48,69,10,29,92,41,100,96,33,99"/><T104/><D40/><U103/><E119/><V114/><F4/><W39/><G117/><T81/><D34/><U79/><E111/><V105/><F105/><W93/><G127/><T0/><D0/><U82/><E112/><V65/><F129/><W12/><G69/><T30/><D121/><U28/><E28/><N who="0" m="10793" /><D104/><U15/><E3/><V94/><F133/><W128/><G128/><T77/><D108/><U44/><E103/><V55/><F38/><W120/><G1/><T107/><D107/><U101/><E101/><V2/><F2/><W42/><G39/><T58/><D75/><U135/><E71/><V37/><F37/><W6/><G120/><T109/><D109/><U27/><E27/><N who="2" m="14807" /><F115/><W26/><REACH who="3" step="1"/><G48/><AGARI ba="0,0" hai="48,54,58,72,77,81,88,89,124,125,126" m="10793" machi="48" ten="30,2900,0" yaku="18,1,54,1" doraHai="80" who="0" fromWho="3" sc="250,29,250,0,250,0,250,-29" /><INIT seed="0,1,0,1,5,114" ten="279,250,250,221" oya="0" hai0="53,42,132,135,45,46,56,91,88,17,122,104,97" hai1="126,54,77,38,49,22,18,115,20,124,33,75,8" hai2="43,48,76,3,110,121,1,74,120,59,83,106,87" hai3="100,109,73,81,79,68,105,111,85,14,51,31,84"/><T35/><D122/><U13/><E38/><V29/><F106/><W102/><G68/><T130/><D35/><U65/><E33/><V58/><F29/><W37/><G37/><T41/><D130/><U78/><E65/><V30/><F30/><W95/><G31/><T129/><D129/><U61/><E61/><V86/><F110/><N who="3" m="41995" /><G14/><T94/><D104/><U39/><E39/><V101/><F101/><N who="3" m="39019" /><G51/><N who="0" m="30783" /><D91/><U128/><E115/><V64/><F64/><W50/><G50/><T125/><D125/><N who="1" m="48235" /><E128/><V11/><F48/><W19/><G19/><T23/><D135/><U40/><E40/><N who="0" m="15465" /><D132/><U133/><E133/><V72/><F43/><W7/><G7/><T82/><D82/><N who="1" m="45375" /><E78/><V24/><F76/><W116/><G105/><T21/><D21/><U5/><E5/><V16/><F121/><W9/><G9/><T117/><D117/><U66/><E66/><V80/><F11/><W98/><G116/><T27/><AGARI ba="1,0" hai="17,23,27,45,46,88,94,97" m="15465,30783" machi="27" ten="30,3000,0" yaku="8,1,54,1" doraHai="114" who="0" fromWho="0" sc="279,33,250,-11,250,-11,221,-11" /><INIT seed="0,2,0,4,1,73" ten="312,239,239,210" oya="0" hai0="11,62,124,131,71,84,134,9,69,94,23,8,72" hai1="36,121,42,125,13,5,21,115,106,49,59,92,0" hai2="113,17,30,117,35,129,3,91,99,65,80,78,56" hai3="15,107,47,41,32,26,37,119,19,25,27,33,66"/><T67/><D72/><U48/><E121/><V40/><F113/><W57/><G119/><T1/><D134/><U70/><E106/><V54/><F3/><W39/><G107/><T127/><D131/><U44/><E70/><V110/><F129/><W95/><G37/><T28/><D71/><U133/><E115/><V87/><F117/><W90/><G66/><T18/><D28/><U7/><E0/><V105/><F110/><W101/><G57/><T2/><D94/><U61/><E125/><N who="0" m="48201" /><D84/><U126/><E126/><V24/><F40/><W29/><G101/><T102/><D102/><U51/><E133/><V31/><F65/><W38/><G38/><T14/><AGARI ba="2,0" hai="1,2,8,9,11,14,18,23,62,67,69" m="48201" machi="14" ten="30,1500,0" yaku="18,1" doraHai="73" who="0" fromWho="0" sc="312,21,239,-7,239,-7,210,-7" /><INIT seed="0,3,0,1,4,74" ten="333,232,232,203" oya="0" hai0="95,57,105,68,116,24,41,58,126,110,1,28,50" hai1="45,2,27,38,37,76,125,66,87,51,16,26,56" hai2="42,18,21,47,49,106,78,23,55,117,5,22,69" hai3="39,89,91,31,64,7,46,9,118,44,53,97,127"/><T79/><D105/><U75/><E75/><V0/><F106/><W94/><G118/><T104/><D104/><U54/><E2/><V3/><F69/><W25/><G127/><T112/><D68/><U34/><E125/><V32/><F32/><W84/><G64/><T90/><D112/><U29/><E66/><V36/><F117/><W72/><G72/><T6/><D116/><U133/><E133/><V48/><F18/><W12/><G53/><T128/><D128/><U30/><E45/><V123/><F123/><W10/><G10/><T122/><D6/><U132/><E132/><V73/><F55/><W121/><G39/><T40/><D1/><U130/><E130/><V99/><F99/><W103/><G121/><T70/><D70/><U102/><E102/><V100/><F100/><W13/><G13/><T14/><D14/><U43/><E43/><V93/><F93/><W114/><G114/><T19/><D19/><U60/><E60/><V63/><F63/><W96/><G96/><N who="0" m="57463" /><D57/><U113/><E113/><V107/><F107/><W131/><G131/><T109/><D122/><U111/><E16/><V83/><F0/><W20/><REACH who="3" step="1"/><G103/><REACH who="3" ten="333,232,232,193" step="2"/><T77/><D126/><U17/><E37/><V119/><F119/><W85/><G85/><T120/><D120/><U92/><E38/><V135/><F135/><W59/><G59/><T52/><D41/><U35/><E56/><V81/><F3/><W134/><G134/><T15/><D40/><U86/><E86/><N who="2" m="48439" /><F5/><W98/><G98/><T101/><D101/><U124/><E124/><V67/><F67/><W65/><G65/><RYUUKYOKU ba="3,1" sc="333,-15,232,-15,232,15,193,15" hai2="21,22,23,36,42,47,48,49,73,83" hai3="7,9,12,20,25,31,44,46,84,89,91,94,97" /><INIT seed="1,4,1,3,0,42" ten="318,217,247,208" oya="1" hai0="44,7,126,106,37,104,40,105,18,19,64,25,58" hai1="5,77,127,28,1,2,63,24,87,94,59,53,65" hai2="12,48,62,101,86,92,20,74,52,30,47,120,8" hai3="111,132,97,33,57,98,129,85,22,43,45,61,79"/><U55/><E127/><V124/><F74/><W122/><G33/><T107/><D126/><U49/><E5/><V46/><F120/><W133/><G122/><T67/><D7/><U9/><E9/><V69/><F124/><W14/><G111/><T73/><D73/><U91/><E77/><V70/><F70/><W99/><G129/><T119/><D119/><U96/><E87/><V115/><F115/><W75/><G75/><T95/><D107/><U72/><E55/><V84/><F69/><W112/><G112/><T35/><D95/><U135/><E135/><N who="3" m="51786" /><G85/><T23/><D35/><U93/><E93/><V36/><F62/><W11/><G22/><T26/><D58/><U60/><E60/><V118/><F118/><W32/><G32/><T17/><REACH who="0" step="1"/><D26/><REACH who="0" ten="308,217,247,208" step="2"/><U114/><E72/><V128/><F92/><W54/><G79/><T0/><D0/><U78/><E78/><V90/><F128/><W16/><G98/><T31/><AGARI ba="4,2" hai="17,18,19,23,25,31,37,40,44,64,67,104,105,106" machi="31" ten="40,5200,0" yaku="1,1,0,1,52,1,53,0" doraHai="42" doraHaiUra="110" who="0" fromWho="0" sc="308,84,217,-30,247,-17,208,-17" /><INIT seed="2,0,0,1,2,7" ten="392,187,230,191" oya="2" hai0="131,9,99,106,71,75,2,88,73,50,43,87,126" hai1="4,130,112,33,41,22,11,3,105,125,17,16,85" hai2="127,78,133,26,53,120,42,67,60,116,20,38,49" hai3="79,80,72,77,128,13,66,40,56,94,23,62,18"/><V81/><F120/><W86/><G128/><T129/><D71/><U58/><E112/><V6/><F116/><W115/><G115/><T44/><D126/><U95/><E105/><V64/><F127/><W102/><G40/><T90/><D9/><U89/><E33/><V39/><F133/><W91/><G102/><N who="0" m="62815" /><D2/><U118/><E130/><N who="0" m="49673" /><D90/><U132/><E132/><V28/><F6/><W104/><G104/><T119/><D119/><U31/><E125/><V68/><F64/><W55/><REACH who="3" step="1"/><G79/><REACH who="3" ten="392,187,230,181" step="2"/><T69/><D69/><U65/><E118/><V96/><F42/><W19/><G19/><T34/><D34/><U15/><E41/><V24/><F78/><W121/><G121/><T100/><D100/><U76/><E76/><V123/><F68/><W57/><G57/><T113/><D113/><U21/><E31/><V8/><F28/><W52/><AGARI ba="0,1" hai="13,18,23,52,55,56,62,66,72,77,80,86,91,94" machi="52" ten="30,4000,0" yaku="1,1,0,1,54,1,53,0" doraHai="7" doraHaiUra="117" who="3" fromWho="3" sc="392,-10,187,-10,230,-20,181,50" /><INIT seed="3,0,0,1,3,4" ten="382,177,210,231" oya="3" hai0="37,43,19,91,57,55,86,67,116,135,105,92,28" hai1="32,128,87,2,48,80,110,54,58,33,127,74,101" hai2="30,16,121,47,114,3,12,1,18,102,59,129,72" hai3="34,7,99,13,62,104,64,81,20,9,26,75,44"/><W71/><G44/><T14/><D105/><U60/><E110/><V68/><F68/><W50/><G50/><T51/><D116/><U11/><E128/><V100/><F114/><W42/><G42/><T107/><D107/><U15/><E127/><V106/><F72/><W122/><G122/><T117/><D135/><U27/><E2/><V93/><F106/><W0/><G75/><T109/><D109/><U95/><E74/><V45/><F129/><W77/><G77/><T83/><D28/><U123/><E123/><V108/><F108/><W111/><G81/><T66/><D117/><U82/><E27/><V49/><F121/><W130/><G130/><T6/><D6/><U56/><E33/><V120/><F120/><W132/><G132/><T23/><D83/><U61/><E32/><V85/><F30/><W125/><G125/><T5/><D5/><U131/><E131/><V22/><F18/><W134/><G134/><T24/><D24/><U76/><E82/><V90/><F59/><W73/><G73/><T88/><D91/><U126/><E126/><V63/><F63/><W78/><G78/><T29/><D29/><U53/><E48/><V89/><F89/><W79/><G79/><T94/><D94/><U8/><E15/><V41/><F45/><AGARI ba="0,0" hai="14,19,23,37,43,45,51,55,57,66,67,86,88,92" machi="45" ten="40,5200,0" yaku="25,2,54,1" doraHai="4" who="0" fromWho="2" sc="382,52,177,0,210,-52,231,0" owari="434,53.4,177,-22.3,158,-34.2,231,3.1" /></mjloggm>