<mjloggm ver="2.3"><GO type="225" lobby="0"/><UN n0="%33%74%72%65%65" n1="%E6%97%A5%E5%A5%88%E6%A3%AE%E3%81%82%E3%82%80" n2="%E3%81%BF%E3%81%BF%E3%81%9A" n3="%E3%81%99%E3%81%84%E3%81%BE%E3%81%9B%E3%83%BC%E3%82%93" dan="16,17,18,18" rate="2148.43,2129.56,2252.99,2209.34" sx="F,F,M,M"/><TAIKYOKU oya="0"/><INIT seed="0,0,0,1,0,95" ten="250,250,250,250" oya="0" hai0="55,30,135,113,101,54,121,106,52,69,81,25,24" hai1="102,1,10,83,15,7,36,127,57,31,120,47,20" hai2="114,45,90,131,122,0,13,116,98,9,39,65,128" hai3="42,35,21,64,117,107,41,4,76,125,19,87,126"/><T32/><D113/><U18/><E120/><V44/><F122/><W133/><G117/><T29/><D121/><U28/><E127/><N who="3" m="48650" /><G107/><T59/><D69/><U34/><E57/><V6/><F114/><W78/><G35/><T105/><D135/><U110/><E110/><V33/><F33/><W72/><G72/><T8/><D81/><U26/><E31/><V74/><F74/><W119/><G119/><T124/><D124/><U5/><E5/><V94/><F116/><W108/><G108/><T60/><D8/><U56/><E56/><V61/><F0/><W58/><G4/><T40/><D40/><N who="3" m="15465" /><G133/><T92/><D106/><U53/><E36/><V91/><F39/><W71/><G87/><T67/><D105/><U48/><E102/><V96/><F90/><W51/><G71/><T27/><D32/><U70/><E70/><N who="2" m="42287" /><F98/><AGARI ba="0,0" hai="24,25,27,29,30,52,54,55,59,60,67,92,98,101" machi="98" ten="40,7700,0" yaku="8,1,52,1,54,1" doraHai="95" who="0" fromWho="2" sc="250,77,250,0,250,-77,250,0" /><INIT seed="0,1,0,5,4,33" ten="327,250,173,250" oya="0" hai0="113,79,92,112,51,95,122,49,88,102,58,114,87" hai1="84,135,57,48,59,103,65,132,22,28,63,12,29" hai2="17,131,73,38,125,19,5,66,2,108,37,13,0" hai3="52,76,75,80,55,7,39,14,106,64,21,119,11"/><T15/><D122/><U71/><E103/><V115/><F115/><W60/><G119/><T56/><D79/><U41/><E84/><V30/><F73/><W70/><G39/><T85/><D15/><U27/><E29/><V74/><F74/><W32/><G32/><T94/><D102/><U124/><E124/><V116/><F30/><W42/><G42/><T101/><D101/><U118/><E118/><V23/><F116/><W4/><G106/><T91/><D95/><U3/><E3/><V81/><F81/><W6/><REACH who="3" step="1"/><G21/><REACH who="3" ten="327,250,173,240" step="2"/><T93/><D93/><U16/><E41/><V1/><F125/><W110/><G110/><T109/><D109/><U36/><E36/><V134/><F108/><W89/><G89/><T99/><D99/><U107/><E107/><V96/><F96/><W130/><G130/><T86/><D86/><U24/><E132/><V77/><F131/><W26/><G26/><T10/><D113/><U54/><E135/><V97/><F134/><W67/><G67/><T83/><D83/><U105/><E105/><V82/><F97/><W69/><G69/><T34/><D34/><U43/><E43/><V129/><F66/><W127/><G127/><T121/><D121/><U35/><REACH who="1" step="1"/><E27/><REACH who="1" ten="327,240,173,240" step="2"/><N who="2" m="14831" /><F129/><W62/><G62/><T111/><D111/><U68/><AGARI ba="1,2" hai="12,16,22,24,28,35,48,54,57,59,63,65,68,71" machi="68" ten="30,7900,0" yaku="1,1,0,1,54,1,53,1" doraHai="33" doraHaiUra="61" who="1" fromWho="1" sc="327,-40,240,102,173,-21,240,-21" /><INIT seed="1,0,0,0,1,37" ten="287,342,152,219" oya="1" hai0="11,92,46,64,57,111,130,0,41,2,114,12,74" hai1="43,103,99,19,85,65,10,23,94,38,129,14,91" hai2="90,18,26,22,13,15,77,56,126,75,134,78,58" hai3="71,21,79,66,30,27,63,20,69,117,88,48,16"/><U96/><E129/><V44/><F126/><W127/><G127/><T52/><D114/><U124/><E124/><V104/><F104/><W101/><G117/><T17/><D130/><U7/><E65/><V62/><F134/><W34/><G79/><T135/><D135/><U107/><E96/><V76/><F75/><W72/><G72/><T60/><D111/><U67/><E67/><V123/><F123/><W118/><G101/><T121/><D121/><U24/><REACH who="1" step="1"/><E38/><REACH who="1" ten="287,332,152,219" step="2"/><V3/><F3/><W112/><G118/><T119/><D119/><U47/><E47/><V80/><F44/><W73/><G66/><T89/><D64/><U6/><E6/><V106/><F106/><W120/><G71/><T53/><D0/><U35/><E35/><V84/><REACH who="2" step="1"/><F56/><REACH who="2" ten="287,332,142,219" step="2"/><W54/><G69/><T95/><D2/><U61/><E61/><V39/><F39/><W116/><G63/><T132/><D57/><U25/><E25/><V131/><F131/><W29/><G27/><T87/><D60/><U5/><E5/><V4/><F4/><W36/><G116/><T59/><D59/><U51/><E51/><V42/><F42/><AGARI ba="0,2" hai="7,10,14,19,23,24,42,43,85,91,94,99,103,107" machi="42" ten="40,12000,1" yaku="1,1,52,2,53,1" doraHai="37" doraHaiUra="9" who="1" fromWho="2" sc="287,0,332,140,142,-120,219,0" /><INIT seed="1,1,0,5,1,131" ten="287,472,22,219" oya="1" hai0="110,13,78,27,92,113,107,122,132,76,28,2,16" hai1="17,58,38,37,14,133,123,66,40,135,134,69,29" hai2="101,95,7,61,111,65,42,72,119,52,73,62,57" hai3="15,55,44,96,86,4,128,53,87,30,114,51,6"/><U121/><E29/><V105/><F119/><W89/><G114/><T103/><D2/><U106/><E69/><V21/><F105/><W22/><G128/><T50/><D113/><U48/><E106/><V80/><F111/><W90/><G96/><T59/><D107/><U19/><E66/><V41/><F7/><W125/><G125/><T109/><D122/><N who="1" m="46603" /><E19/><V24/><F80/><W5/><G55/><T116/><D132/><U127/><E127/><V81/><F81/><W77/><G30/><T26/><D28/><U56/><E48/><V34/><F34/><W115/><G51/><T108/><D50/><U3/><E3/><V71/><F72/><W98/><G4/><T31/><D16/><U36/><E40/><V74/><F73/><W126/><G5/><T25/><D31/><U33/><E33/><V75/><F74/><W99/><G6/><T46/><D109/><U88/><E88/><V68/><F75/><W112/><G126/><T47/><D110/><U97/><E97/><V93/><F68/><W11/><G99/><T60/><D108/><U23/><AGARI ba="1,0" hai="14,17,23,36,37,38,56,58,133,134,135" m="46603" machi="23" ten="50,12000,1" yaku="20,1,52,3" doraHai="131" who="1" fromWho="1" sc="287,-41,472,123,22,-41,219,-41" owari="246,4.6,595,69.5,-19,-51.9,178,-22.2" /></mjloggm>