<mjloggm ver="2.3"><GO type="225" lobby="0"/><UN n0="%E3%81%95%E3%81%8D%E3%81%9F%E3%81%BE%E6%9E%97%E6%AA%8E" n1="%E9%80%86%E9%80%A3%E5%B8%AF%E3%81%AE%E9%AC%BC" n2="%E4%B8%89%E5%86%A0%E7%8E%8B%E3%83%BB%E5%B1%B1%E7%94%B0%E5%93%B2%E4%BA%BA" n3="%E5%B8%86%E7%AB%8B%E5%A4%8F%E8%A1%A3" dan="16,16,16,17" rate="2176.52,2144.86,2126.72,2139.36" sx="M,M,M,M"/><TAIKYOKU oya="0"/><INIT seed="0,0,0,5,5,6" ten="250,250,250,250" oya="0" hai0="0,50,30,102,81,11,86,119,88,114,84,1,21" hai1="70,68,107,83,97,44,110,90,115,133,124,103,26" hai2="69,15,47,40,120,63,132,121,95,35,19,16,49" hai3="48,134,80,113,112,54,99,125,29,126,17,34,128"/><T93/><D114/><N who="3" m="44137" /><G99/><T76/><D119/><U82/><E115/><V135/><F35/><W108/><G80/><T109/><D109/><U100/><E110/><V67/><F19/><W66/><G108/><T60/><D102/><U77/><E133/><N who="2" m="51275" /><F95/><W118/><G134/><T104/><D104/><U75/><E124/><N who="3" m="47722" /><G118/><T39/><D39/><U79/><E103/><V53/><F40/><W37/><G37/><T31/><D60/><U61/><E90/><V33/><F33/><W130/><G66/><T106/><D106/><U59/><E26/><V45/><F45/><N who="3" m="27919" /><G17/><T116/><D116/><U20/><E44/><V96/><F96/><W43/><G43/><T41/><D41/><U13/><E83/><V14/><F14/><W46/><G46/><T4/><D1/><U58/><E82/><V87/><F87/><W27/><AGARI ba="0,0" hai="27,29,34,128,130" m="27919,47722,44137" machi="27" ten="40,1500,0" yaku="18,1" doraHai="6" who="3" fromWho="3" sc="250,-7,250,-4,250,-4,250,15" /><INIT seed="1,0,0,4,5,24" ten="243,246,246,265" oya="1" hai0="10,119,8,29,93,126,17,77,13,0,122,2,98" hai1="18,34,94,27,45,123,67,49,110,54,130,38,43" hai2="103,96,66,134,31,3,57,87,21,104,99,12,28" hai3="83,42,133,62,41,71,25,72,44,108,74,80,78"/><U132/><E123/><V56/><F3/><W105/><G108/><T53/><D119/><U100/><E132/><V128/><F134/><W89/><G133/><T33/><D126/><U6/><E130/><V95/><F128/><W117/><G117/><T101/><D122/><U37/><E110/><V35/><F87/><W65/><G89/><T23/><D77/><U11/><E67/><V85/><F85/><W81/><G74/><T70/><D70/><U4/><E18/><V106/><F35/><W61/><G105/><T40/><D40/><U69/><E69/><V47/><F47/><W51/><G42/><T19/><D10/><U116/><E116/><V129/><F129/><W102/><G102/><T109/><D109/><U26/><E4/><V82/><F82/><W22/><REACH who="3" step="1"/><G62/><REACH who="3" ten="243,246,246,255" step="2"/><T1/><D101/><U48/><E100/><V5/><F104/><W16/><AGARI ba="0,1" hai="16,22,25,41,44,51,61,65,71,72,78,80,81,83" machi="16" ten="20,8000,1" yaku="1,1,2,1,0,1,7,1,54,1,53,0" doraHai="24" doraHaiUra="131" who="3" fromWho="3" sc="243,-20,246,-40,246,-20,255,90" /><INIT seed="2,0,0,4,4,50" ten="223,206,226,345" oya="2" hai0="13,73,72,122,24,52,114,40,36,63,108,107,42" hai1="1,37,109,34,56,132,135,118,99,18,84,35,74" hai2="54,33,51,87,134,115,130,89,68,60,71,16,78" hai3="128,66,43,111,95,77,82,101,49,12,29,105,93"/><V14/><F115/><W6/><G111/><T131/><D108/><U47/><E74/><V11/><F78/><W27/><G128/><T121/><D114/><U25/><E109/><V17/><F130/><W129/><G129/><T44/><D131/><U61/><E1/><V94/><F134/><W20/><G66/><T19/><D40/><U41/><E118/><V88/><F33/><W28/><G28/><T38/><D38/><U23/><E99/><V80/><F60/><W81/><G105/><T70/><D107/><U127/><E127/><V3/><F3/><W67/><G67/><T69/><D24/><U26/><E84/><V90/><F17/><W76/><G76/><T97/><D97/><U119/><E119/><V102/><F102/><W53/><G43/><T104/><D104/><U116/><E116/><V98/><F89/><W92/><G101/><T65/><D70/><U8/><E8/><V46/><AGARI ba="0,0" hai="11,14,16,46,51,54,68,71,80,87,88,90,94,98" machi="46" ten="20,18000,2" yaku="0,1,7,1,25,2,52,1,54,2" doraHai="50" who="2" fromWho="2" sc="223,-60,206,-60,226,180,345,-60" /><INIT seed="2,1,0,2,4,110" ten="163,146,406,285" oya="2" hai0="125,33,120,105,40,81,116,73,97,77,20,54,38" hai1="82,7,83,90,98,12,30,100,52,62,119,86,0" hai2="13,66,127,6,50,4,16,109,134,114,15,51,42" hai3="43,121,9,133,27,93,124,39,129,68,47,19,79"/><V36/><F36/><W132/><G121/><T88/><D120/><U74/><E119/><V37/><F37/><W46/><G46/><T76/><D33/><U53/><E0/><V2/><F66/><W11/><G68/><T102/><D125/><U17/><E30/><V45/><F15/><W1/><G124/><T5/><D116/><U106/><E7/><V104/><F104/><W96/><G79/><T14/><D77/><U118/><E118/><V112/><F109/><W25/><G129/><T95/><D54/><U71/><E71/><V131/><F131/><W60/><G60/><T84/><D38/><U108/><E108/><V65/><F65/><W59/><G59/><T92/><D40/><U89/><E62/><V10/><F134/><N who="3" m="51819" /><G19/><N who="0" m="10359" /><D95/><U115/><E115/><V61/><F61/><W21/><G21/><T128/><D5/><U24/><E24/><N who="3" m="9290" /><G1/><T123/><D123/><U64/><E64/><V26/><F127/><W63/><G63/><T31/><D31/><U18/><E74/><V58/><F6/><W69/><G69/><T23/><D23/><U91/><E18/><V48/><F26/><W99/><G93/><T22/><D22/><U135/><E135/><V87/><F4/><W32/><G32/><T41/><D41/><U85/><E17/><V78/><F2/><W29/><G29/><T117/><D117/><U126/><E126/><V113/><F58/><W111/><G111/><T49/><D128/><U67/><E67/><V103/><F16/><W94/><G94/><T101/><D49/><U44/><E12/><V122/><F13/><W56/><G56/><RYUUKYOKU ba="1,0" sc="163,15,146,-15,406,-15,285,15" hai0="73,76,81,84,88,92,97,101,102,105" hai3="9,11,39,43,47,96,99" /><INIT seed="3,2,0,5,0,16" ten="178,131,391,300" oya="3" hai0="81,110,13,105,46,135,122,88,25,45,128,30,73" hai1="101,121,119,68,23,15,32,41,87,127,115,85,3" hai2="93,4,43,51,94,129,12,11,42,5,7,120,14" hai3="55,22,116,64,109,103,0,123,107,118,117,108,70"/><W111/><G0/><T114/><D110/><U102/><E115/><V78/><F129/><W20/><G123/><T132/><D128/><U83/><E32/><V125/><F120/><W21/><G55/><T27/><D122/><U133/><E3/><V59/><F125/><W40/><G40/><N who="2" m="15401" /><F78/><W91/><G91/><T92/><D105/><U72/><E68/><V52/><F14/><W80/><G80/><T99/><D13/><U61/><E121/><V49/><F49/><W86/><G86/><T79/><D25/><U48/><E127/><V89/><F94/><W33/><G33/><T19/><D19/><U50/><E119/><V124/><F124/><W60/><G103/><T9/><D9/><U39/><E133/><N who="0" m="51273" /><D114/><U131/><E131/><V67/><F67/><W106/><AGARI ba="2,0" hai="20,21,22,60,64,70,106,107,108,109,111,116,117,118" machi="106" ten="50,24000,3" yaku="0,1,29,2,14,1,10,1,52,3" doraHai="16" who="3" fromWho="3" sc="178,-82,131,-82,391,-82,300,246" owari="96,-30.4,49,-45.1,309,10.9,546,64.6" /></mjloggm>