<mjloggm ver="2.3"><GO type="225" lobby="0"/><UN n0="%E3%81%95%E3%81%8D%E3%81%9F%E3%81%BE%E6%9E%97%E6%AA%8E" n1="%E3%81%8F%E3%81%BE%E3%81%96%E3%82%8F" n2="%E7%BD%AA%E5%88%91%E6%B3%95%E5%AE%9A%E4%B8%BB%E7%BE%A9" n3="%E3%81%A1%E3%82%85%E3%81%86%E3%81%A9%E3%81%8F%E8%B1%A1%E3%81%95%E3%82%93" dan="16,16,16,17" rate="2169.16,2043.09,2143.06,2155.62" sx="M,M,M,M"/><TAIKYOKU oya="0"/><INIT seed="0,0,0,0,2,121" ten="250,250,250,250" oya="0" hai0="52,94,58,122,51,93,11,87,71,82,4,86,56" hai1="5,116,13,79,95,115,16,75,45,3,92,67,131" hai2="80,19,109,38,14,48,108,40,128,111,83,130,100" hai3="104,60,114,134,98,36,107,69,135,84,37,26,123"/><T127/><D122/><U1/><E116/><V89/><F38/><N who="3" m="14955" /><G84/><T35/><D127/><U133/><E75/><V39/><F39/><W59/><G123/><T124/><D124/><U117/><E79/><V120/><F120/><W17/><G17/><T73/><D73/><U54/><E67/><V32/><F32/><W63/><G59/><T62/><D71/><U22/><E117/><V21/><F100/><N who="3" m="62487" /><G107/><T61/><D35/><U55/><E55/><V47/><REACH who="2" step="1"/><F89/><REACH who="2" ten="250,250,240,250" step="2"/><W132/><G114/><T113/><D113/><U90/><E115/><V126/><F126/><W49/><G69/><T30/><D30/><U72/><E90/><V68/><F68/><W15/><G132/><T66/><D51/><U106/><E133/><V96/><F96/><W20/><G49/><T85/><REACH who="0" step="1"/><D82/><AGARI ba="0,1" hai="14,19,21,40,47,48,80,82,83,108,109,111,128,130" machi="82" ten="50,8000,1" yaku="1,1,14,1,52,3,53,0" doraHai="121" doraHaiUra="53" who="2" fromWho="0" sc="250,-80,250,0,240,90,250,0" /><INIT seed="1,0,0,2,4,87" ten="170,250,330,250" oya="1" hai0="82,39,99,119,56,124,89,61,110,79,11,130,50" hai1="133,109,53,16,1,19,51,71,52,81,32,121,127" hai2="126,15,8,103,3,129,59,95,85,30,28,17,38" hai3="73,5,27,65,92,76,36,64,114,125,66,106,7"/><U24/><E121/><V31/><F38/><W20/><G114/><T57/><D119/><U100/><E1/><V54/><F126/><W45/><G106/><T80/><D124/><U90/><E127/><V72/><F72/><W26/><G125/><T29/><D110/><U94/><E71/><V47/><F129/><W58/><G76/><T60/><D39/><U4/><E4/><V116/><F116/><W96/><G73/><T37/><D37/><U102/><E133/><V84/><F47/><W135/><G135/><T10/><D130/><U75/><E32/><V43/><F43/><W115/><G115/><T46/><D29/><U67/><E67/><V128/><F128/><W48/><G58/><N who="0" m="22635" /><D79/><U42/><E81/><N who="0" m="31337" /><D99/><U35/><E35/><V55/><F3/><W21/><G36/><T49/><D89/><U9/><E109/><V13/><F13/><W108/><G108/><T113/><D46/><N who="1" m="26071" /><E75/><V123/><F123/><W112/><G112/><T63/><D113/><U33/><E33/><V18/><F18/><N who="3" m="12567" /><G27/><T88/><D88/><U6/><E24/><V25/><F25/><W78/><G78/><T34/><D34/><U77/><E77/><V107/><F107/><W74/><G74/><T132/><D132/><U44/><E19/><V134/><F134/><W131/><G131/><T118/><D118/><U104/><E104/><V23/><F31/><W122/><G21/><T40/><D40/><U62/><E44/><V91/><F30/><W97/><G122/><T86/><D86/><U111/><E111/><V41/><F85/><W2/><G97/><T120/><D120/><RYUUKYOKU ba="0,0" sc="170,30,250,-10,330,-10,250,-10" hai0="10,11,49,50,60,61,63" /><INIT seed="2,1,0,4,5,55" ten="200,240,320,240" oya="2" hai0="134,39,3,65,99,48,40,124,114,108,26,115,116" hai1="70,125,24,34,46,129,64,25,8,135,89,43,59" hai2="36,100,63,61,87,38,131,50,79,35,128,42,118" hai3="130,107,93,94,121,98,0,19,66,23,84,86,85"/><V80/><F35/><W88/><G121/><T4/><D108/><U117/><E117/><V33/><F33/><W54/><G130/><N who="2" m="49705" /><F118/><W96/><G0/><T127/><D116/><U132/><E129/><V60/><F100/><W51/><G66/><T90/><D39/><U104/><E104/><V53/><F42/><W76/><G107/><T32/><D3/><U29/><E125/><V92/><F92/><W7/><G7/><T83/><D4/><U21/><E8/><V109/><F109/><W75/><G75/><T9/><D9/><U1/><E1/><V81/><F81/><W106/><G106/><T95/><D65/><U72/><E72/><V58/><AGARI ba="1,0" hai="36,38,50,53,58,60,61,63,79,80,87" m="49705" machi="58" ten="30,3000,0" yaku="19,1,52,1" doraHai="55" who="2" fromWho="2" sc="200,-11,240,-11,320,33,240,-11" /><INIT seed="2,2,0,0,2,80" ten="189,229,353,229" oya="2" hai0="133,123,112,129,107,23,108,5,11,2,66,132,50" hai1="16,63,56,73,41,65,84,78,124,51,88,17,93" hai2="33,87,26,113,7,128,116,91,27,61,85,75,82" hai3="114,104,81,92,6,62,45,72,25,105,97,10,119"/><V106/><F113/><W28/><G119/><T126/><D107/><U34/><E34/><V47/><F116/><W18/><G114/><T14/><D66/><U44/><E124/><V19/><F106/><W59/><G18/><N who="1" m="7274" /><E73/><V102/><F75/><W118/><G45/><T43/><D112/><U100/><E78/><V98/><F7/><W111/><G81/><T39/><D39/><U64/><E100/><V83/><F128/><W101/><G72/><T103/><D103/><U117/><E117/><V40/><F33/><W95/><G111/><T36/><D36/><U3/><E3/><V77/><F61/><W21/><G95/><T30/><D108/><U29/><E29/><V120/><F120/><W71/><G71/><T24/><D123/><U110/><E110/><V135/><F135/><N who="0" m="51786" /><D43/><U86/><E65/><V53/><F53/><W94/><G94/><T13/><D50/><U67/><E64/><V9/><F98/><AGARI ba="2,0" hai="41,44,51,56,63,67,84,86,88,93,98" m="7274" machi="98" ten="30,8000,1" yaku="8,1,52,2,54,2" doraHai="80" who="1" fromWho="2" sc="189,0,229,86,353,-86,229,0" /><INIT seed="3,0,0,5,2,107" ten="189,315,267,229" oya="3" hai0="54,14,115,79,106,16,2,44,13,57,63,3,25" hai1="88,97,111,4,104,125,116,108,72,121,38,47,11" hai2="36,51,29,60,66,45,58,28,119,134,114,53,130" hai3="17,75,52,32,135,40,35,99,49,21,101,86,1"/><W133/><G1/><T109/><D106/><U105/><E121/><V102/><F114/><W110/><G40/><T46/><D109/><N who="1" m="42059" /><E72/><V37/><F119/><W15/><G86/><T96/><D115/><U123/><E123/><V128/><F102/><W22/><G22/><T61/><D79/><U78/><E78/><V74/><F74/><W31/><G110/><T34/><D34/><U48/><E38/><N who="2" m="14955" /><F28/><W5/><G5/><T56/><D96/><U93/><E125/><V73/><F29/><W80/><G31/><T127/><D127/><U33/><E116/><V124/><F73/><W100/><G80/><T41/><D41/><N who="1" m="24687" /><E33/><V94/><F94/><N who="3" m="58487" /><G75/><T90/><D90/><U59/><E59/><N who="2" m="37151" /><F124/><W64/><G64/><T65/><D2/><AGARI ba="0,0" hai="2,4,11,88,93,97,104,105" m="24687,42059" machi="2" ten="30,2000,0" yaku="14,1,54,1" doraHai="107" who="1" fromWho="0" sc="189,-20,315,20,267,0,229,0" owari="169,-33.1,335,43.5,267,6.7,229,-17.1" /></mjloggm>