<mjloggm ver="2.3"><GO type="225" lobby="0"/><UN n0="%72%69%6F%75%63%68%61%6E" n1="%4D%50%43%32%38%30%30" n2="%E3%81%9F%E3%81%A3%E3%81%A1%E3%82%87" n3="%6D%75%75%6D%75%72%61" dan="17,16,16,17" rate="2229.18,2124.03,2120.17,2192.64" sx="M,M,M,F"/><TAIKYOKU oya="0"/><INIT seed="0,0,0,3,2,126" ten="250,250,250,250" oya="0" hai0="99,5,26,55,107,43,61,116,36,84,104,94,21" hai1="134,80,115,96,13,15,31,29,1,118,60,37,50" hai2="20,113,125,30,27,45,101,18,128,10,129,74,83" hai3="64,19,47,73,44,110,100,132,2,58,3,72,91"/><T41/><D116/><U122/><E37/><V106/><F113/><W65/><G110/><T92/><D5/><U7/><E50/><V102/><F125/><W38/><G132/><T66/><D55/><U111/><E60/><V103/><F106/><W120/><G100/><T17/><D84/><U33/><E80/><V53/><F74/><W75/><G120/><T56/><D92/><U90/><E90/><V67/><F67/><W23/><G91/><T49/><D36/><U89/><E89/><V40/><F53/><W79/><G79/><T71/><D71/><U6/><E96/><V105/><F105/><W32/><G32/><T119/><D119/><U82/><E82/><V12/><REACH who="2" step="1"/><F83/><REACH who="2" ten="250,250,240,250" step="2"/><W52/><G65/><T39/><D107/><U22/><E115/><V9/><F9/><W133/><G64/><T78/><D104/><U16/><E118/><V46/><F46/><W57/><G44/><T35/><D66/><U25/><E134/><V135/><F135/><W11/><G133/><T69/><D41/><U98/><E111/><V108/><F108/><W28/><G58/><T121/><D56/><U54/><E54/><V109/><F109/><W24/><G57/><T95/><D43/><U0/><E122/><V62/><F62/><W14/><REACH who="3" step="1"/><G52/><REACH who="3" ten="250,250,240,240" step="2"/><T127/><D121/><U42/><E42/><AGARI ba="0,2" hai="2,3,11,14,19,23,24,28,38,42,47,72,73,75" machi="42" ten="40,2600,0" yaku="1,1,2,1,53,0" doraHai="126" doraHaiUra="81" who="3" fromWho="1" sc="250,0,250,-26,240,0,240,46" /><INIT seed="1,0,0,4,3,107" ten="250,224,240,286" oya="1" hai0="50,78,65,96,11,40,132,16,61,8,126,108,91" hai1="6,10,82,93,117,115,1,87,2,125,43,22,38" hai2="92,81,0,85,77,79,122,51,98,129,67,30,26" hai3="24,3,118,102,28,59,104,110,123,103,133,74,13"/><U32/><E115/><V47/><F122/><W4/><G3/><T15/><D108/><U25/><E117/><V131/><F0/><W57/><G123/><T124/><D132/><U17/><E1/><V44/><F67/><W109/><G133/><T89/><D78/><U33/><E125/><N who="0" m="48233" /><D8/><U39/><E93/><V5/><F5/><W71/><G71/><N who="0" m="42415" /><D96/><U100/><E100/><V29/><F77/><W60/><G118/><T68/><D68/><U23/><E23/><V128/><F51/><W119/><G13/><T105/><D105/><U75/><E87/><V73/><F85/><W116/><G4/><T9/><D9/><U127/><E127/><V69/><F69/><W41/><G104/><T83/><D83/><U34/><E43/><V97/><F98/><W37/><G41/><T46/><AGARI ba="0,0" hai="11,15,16,40,46,50,89,91" m="42415,48233" machi="46" ten="30,2000,0" yaku="18,1,54,1" doraHai="107" who="0" fromWho="0" sc="250,20,224,-10,240,-5,286,-5" /><INIT seed="2,0,0,2,5,6" ten="270,214,235,281" oya="2" hai0="46,51,129,28,95,123,22,133,100,68,91,105,63" hai1="32,29,57,94,18,69,73,79,102,53,62,126,131" hai2="122,7,23,49,74,20,88,70,78,39,1,8,80" hai3="0,45,92,66,130,121,55,17,82,135,54,15,59"/><V101/><F122/><W98/><G121/><T125/><D123/><U114/><E114/><V60/><F101/><W36/><G0/><T124/><D129/><U83/><E131/><V103/><F103/><W34/><G130/><T44/><D133/><U37/><E37/><V75/><F75/><W90/><G34/><T3/><D3/><U58/><E126/><V134/><F134/><W64/><G135/><T4/><D4/><U104/><E104/><V48/><F39/><W117/><G117/><T111/><D111/><U65/><E32/><V76/><F76/><W84/><G36/><T108/><D108/><U128/><E128/><V112/><F112/><W41/><G45/><T97/><D63/><U86/><E29/><V93/><F48/><W10/><G41/><T71/><D44/><U16/><E69/><V42/><F42/><W89/><G54/><T40/><D28/><U9/><E9/><V109/><F49/><AGARI ba="0,0" hai="10,15,17,49,55,59,64,66,82,84,89,90,92,98" machi="49" ten="30,3900,0" yaku="7,1,8,1,52,1" doraHai="6" who="3" fromWho="2" sc="270,0,214,0,235,-39,281,39" /><INIT seed="3,0,0,3,0,102" ten="270,214,196,320" oya="3" hai0="12,92,75,64,56,3,77,66,127,26,100,76,57" hai1="9,43,40,97,114,84,41,83,11,98,120,129,28" hai2="49,15,61,69,103,89,113,105,21,86,126,17,116" hai3="31,0,85,19,128,7,50,39,93,110,27,24,79"/><W96/><G39/><T37/><D3/><U90/><E120/><V8/><F113/><W51/><G0/><T32/><D37/><U99/><E129/><V95/><F116/><W117/><G117/><T125/><D75/><U16/><E114/><V22/><F126/><N who="0" m="48138" /><D12/><U122/><E122/><V48/><F69/><W35/><G110/><T5/><D100/><U72/><E72/><V74/><F74/><W133/><G133/><T130/><D92/><U45/><E45/><V1/><F61/><W44/><G7/><T112/><D112/><U119/><E119/><V94/><F94/><W18/><G24/><T42/><D5/><U55/><E28/><V104/><F103/><W53/><G85/><T59/><D42/><U23/><REACH who="1" step="1"/><E55/><REACH who="1" ten="270,204,196,320" step="2"/><V46/><F46/><W87/><G44/><T70/><D130/><U106/><E106/><V68/><F104/><W88/><G31/><N who="0" m="19575" /><D66/><U82/><E82/><V33/><F105/><W111/><G128/><T91/><D91/><U25/><AGARI ba="0,1" hai="9,11,16,23,25,40,41,43,83,84,90,97,98,99" machi="25" ten="30,7900,0" yaku="1,1,0,1,8,1,54,1,53,0" doraHai="102" doraHaiUra="123" who="1" fromWho="1" sc="270,-20,204,89,196,-20,320,-39" /><INIT seed="4,0,0,2,5,17" ten="250,293,176,281" oya="0" hai0="122,92,8,24,93,128,75,66,82,86,72,46,126" hai1="88,94,135,115,60,81,34,63,129,91,83,3,47" hai2="109,57,67,107,29,25,112,103,6,64,65,62,20" hai3="13,119,0,15,9,78,127,114,105,12,43,69,23"/><T85/><D122/><U27/><E3/><V42/><F109/><W14/><G69/><T11/><D66/><U48/><E135/><V41/><F112/><W90/><G105/><T108/><D46/><U89/><E115/><V40/><F107/><W58/><G114/><T77/><D24/><U97/><E129/><V87/><F103/><W10/><G119/><T106/><D8/><N who="3" m="3177" /><G0/><T38/><D11/><U61/><E27/><V37/><F37/><W102/><G127/><T104/><D38/><U133/><E34/><V74/><F74/><N who="0" m="28202" /><D128/><U123/><E133/><V117/><F117/><W21/><G43/><N who="2" m="11009" /><V113/><DORA hai="98" /><F113/><W1/><G1/><T26/><D26/><U100/><E123/><V45/><F45/><W125/><G125/><T49/><D49/><U7/><E7/><V36/><F36/><W95/><G13/><T111/><D126/><U71/><E71/><V99/><F99/><N who="3" m="59775" /><G58/><T33/><D33/><U118/><E118/><V53/><F87/><N who="0" m="33290" /><D104/><U31/><E31/><V19/><F6/><W44/><G44/><T16/><D16/><AGARI ba="0,0" hai="16,19,20,25,29,53,57,62,64,65,67" m="11009" machi="16" ten="40,5200,0" yaku="8,1,52,1,54,1" doraHai="17,98" who="2" fromWho="0" sc="250,-52,293,0,176,52,281,0" /><INIT seed="5,0,0,0,0,98" ten="198,293,228,281" oya="1" hai0="34,125,64,71,70,80,33,119,96,18,7,101,115" hai1="2,75,82,121,88,135,59,58,35,6,1,69,32" hai2="95,117,24,74,123,11,23,118,87,26,92,47,21" hai3="134,50,20,56,85,94,128,79,93,22,0,13,108"/><U14/><E69/><V38/><F123/><W129/><G0/><T86/><D119/><U133/><E121/><V72/><F87/><W112/><G108/><T83/><D115/><U84/><E75/><V103/><F11/><W4/><G112/><T130/><D130/><U67/><E14/><V127/><F47/><W109/><G109/><T105/><D125/><U77/><E77/><V9/><F9/><W12/><G134/><N who="1" m="51210" /><E59/><V97/><F97/><W76/><G56/><T44/><D7/><U61/><E6/><V89/><F89/><W63/><G4/><T46/><D80/><U100/><E100/><V37/><F127/><W73/><G85/><T3/><D3/><AGARI ba="0,0" hai="1,2,3,32,35,58,61,67,82,84,88" m="51210" machi="3" ten="30,2900,0" yaku="20,1,54,1" doraHai="98" who="1" fromWho="0" sc="198,-29,293,29,228,0,281,0" owari="169,-33.1,322,42.2,228,-17.2,281,8.1" /></mjloggm>