<mjloggm ver="2.3"><GO type="225" lobby="0"/><UN n0="%E3%82%B2%E3%82%B9%E8%8C%82%E5%8B%9D" n1="%E5%A4%8F%E9%88%B4%E9%88%B4%E5%A4%8F" n2="%45%6C%79%73%69%75%6D" n3="%E3%81%A8%E3%82%93%E3%81%A8%E3%81%93%E3%81%A8%E3%82%93" dan="16,16,17,16" rate="2052.31,2146.89,2112.97,2151.56" sx="F,M,F,F"/><TAIKYOKU oya="0"/><INIT seed="0,0,0,2,5,98" ten="250,250,250,250" oya="0" hai0="21,10,133,39,96,52,65,61,20,62,53,91,129" hai1="28,3,132,7,127,94,4,0,80,87,59,55,114" hai2="16,116,118,51,102,37,18,104,71,69,113,88,40" hai3="9,134,70,107,8,5,19,50,44,26,100,6,33"/><T123/><D123/><U131/><E131/><V38/><F113/><W34/><G70/><T92/><D129/><U95/><E114/><V42/><F51/><W35/><G134/><T73/><D133/><U82/><E132/><V57/><F57/><W83/><G83/><T117/><D117/><U1/><E28/><V14/><F14/><W12/><G9/><T109/><D109/><U101/><E127/><V112/><F112/><W120/><G120/><T72/><D39/><U122/><E122/><V41/><F41/><W66/><G66/><T63/><D65/><U32/><E32/><V111/><F104/><W121/><G121/><T68/><D68/><U11/><E80/><V54/><F54/><W67/><G67/><T43/><D43/><U58/><E58/><V75/><F75/><W49/><G26/><T103/><D10/><U2/><E101/><V130/><F130/><W106/><G50/><T78/><D91/><U30/><E30/><V24/><F24/><W27/><G27/><T84/><D72/><U119/><E4/><N who="3" m="1642" /><G100/><T89/><D73/><U79/><REACH who="1" step="1"/><E119/><REACH who="1" ten="250,240,250,250" step="2"/><V56/><F56/><W60/><G35/><T23/><D103/><U15/><E15/><V29/><F102/><W86/><G33/><T115/><D115/><U81/><E81/><AGARI ba="0,1" hai="20,21,23,52,53,61,62,63,78,81,84,89,92,96" machi="81" ten="40,3900,0" yaku="8,1,54,1" doraHai="98" who="0" fromWho="1" sc="250,49,240,-39,250,0,250,0" /><INIT seed="0,1,0,4,0,45" ten="299,201,250,250" oya="0" hai0="15,14,42,1,39,64,98,36,3,77,74,10,100" hai1="31,109,52,37,54,58,19,120,59,0,65,34,21" hai2="131,95,104,16,72,134,87,56,107,33,12,68,112" hai3="135,73,41,88,105,133,29,57,11,84,28,66,40"/><T49/><D64/><U70/><E120/><V50/><F112/><W99/><G73/><T35/><D35/><U23/><E37/><V116/><F68/><W82/><G11/><T47/><D36/><U44/><E0/><V111/><F72/><W46/><G105/><T78/><D39/><U53/><E109/><V130/><F33/><W132/><G99/><T8/><D74/><U51/><E34/><V103/><F111/><W48/><G40/><T80/><D80/><U117/><E117/><V110/><F110/><W129/><G129/><N who="2" m="49161" /><F134/><W4/><G4/><T55/><D42/><N who="1" m="24983" /><E70/><V30/><F30/><W128/><G128/><T118/><D118/><U101/><E101/><V5/><F5/><W24/><G24/><T114/><D114/><U18/><E31/><V124/><F124/><W7/><G7/><T94/><D1/><U108/><E108/><V79/><F116/><W38/><G66/><T2/><D3/><U102/><E102/><V32/><F32/><W75/><G75/><T106/><D106/><U113/><E113/><V119/><F119/><W20/><G20/><N who="1" m="7754" /><E65/><V83/><F103/><W61/><REACH who="3" step="1"/><G61/><REACH who="3" ten="299,201,250,240" step="2"/><T62/><D62/><N who="1" m="36167" /><E53/><AGARI ba="1,1" hai="28,29,38,41,46,48,53,57,82,84,88,132,133,135" machi="53" ten="40,8000,1" yaku="1,1,20,1,52,1,54,1,53,0" doraHai="45" doraHaiUra="90" who="3" fromWho="1" sc="299,0,201,-83,250,0,240,93" /><INIT seed="1,0,0,2,1,123" ten="299,118,250,333" oya="1" hai0="125,44,83,33,24,35,122,110,120,97,109,130,38" hai1="111,0,82,34,49,67,53,113,45,54,11,85,43" hai2="14,19,107,15,27,60,51,134,46,76,80,72,57" hai3="56,117,21,52,118,13,20,86,127,92,61,99,32"/><U69/><E113/><V101/><F134/><W115/><G115/><T78/><D97/><U103/><E34/><N who="0" m="12809" /><D24/><U22/><E103/><V87/><F101/><W36/><G36/><T98/><D98/><U59/><E69/><V8/><F107/><W4/><G32/><T30/><D30/><U77/><E67/><V106/><F106/><W68/><G86/><N who="0" m="48503" /><D125/><U129/><E129/><V25/><F14/><W71/><G127/><T124/><D124/><U95/><E95/><V116/><F116/><N who="3" m="44651" /><G4/><T41/><D130/><U132/><E132/><V65/><REACH who="2" step="1"/><F72/><REACH who="2" ten="299,118,240,333" step="2"/><W26/><G13/><T17/><D17/><U50/><E111/><AGARI ba="0,1" hai="38,41,44,109,110,111,120,122" m="48503,12809" machi="111" ten="30,7700,0" yaku="14,1,52,3" doraHai="123" who="0" fromWho="1" sc="299,87,118,-77,240,0,333,0" /><BYE who="1" /><INIT seed="2,0,0,5,2,53" ten="386,41,240,333" oya="2" hai0="70,36,126,66,45,79,86,119,93,127,98,50,81" hai1="125,77,37,90,44,4,3,129,135,51,0,13,109" hai2="58,114,24,105,11,54,1,113,115,96,97,65,87" hai3="78,124,10,82,52,132,118,106,121,60,73,84,38"/><V110/><F65/><W101/><G118/><T48/><D119/><U5/><E5/><V71/><F71/><W17/><G121/><T14/><D14/><U19/><E19/><V63/><F110/><W30/><G38/><T72/><D72/><U41/><E41/><V39/><F39/><W33/><G124/><N who="0" m="47659" /><D66/><U99/><E99/><V92/><F24/><W104/><G132/><T103/><D70/><U9/><E9/><V100/><F87/><W43/><G43/><AGARI ba="0,0" hai="36,43,45,48,50,79,81,86,93,98,103" m="47659" machi="43" ten="30,1000,0" yaku="18,1" doraHai="53" who="0" fromWho="3" sc="386,10,41,0,240,0,333,-10" /><INIT seed="3,0,0,1,2,111" ten="396,41,240,323" oya="3" hai0="41,115,113,4,47,15,90,56,17,78,123,77,110" hai1="19,1,8,67,24,89,102,5,70,74,34,42,100" hai2="132,36,91,99,84,119,53,63,29,54,31,57,30" hai3="38,81,10,65,7,128,134,107,0,68,14,76,22"/><W129/><G38/><T73/><D123/><U51/><E51/><V127/><F119/><W95/><G107/><T49/><D110/><U121/><E121/><V83/><F36/><W86/><G134/><T75/><D4/><U130/><E130/><N who="3" m="50282" /><G95/><T66/><D90/><U101/><E101/><V80/><F132/><W12/><G22/><T6/><D6/><U35/><E35/><V60/><F127/><W52/><G52/><T25/><D25/><U135/><E135/><V21/><F99/><W32/><G32/><T120/><D120/><U88/><E88/><V125/><F125/><W69/><G65/><T48/><D75/><U96/><E96/><V131/><F131/><W40/><G40/><T9/><D73/><U28/><E28/><V97/><F97/><W64/><G64/><T114/><D49/><U118/><E118/><V87/><F21/><W16/><G0/><T93/><D93/><U117/><E117/><V116/><F116/><W23/><AGARI ba="0,0" hai="7,10,12,14,16,23,68,69,76,81,86" m="50282" machi="23" ten="30,3000,0" yaku="19,1,54,1" doraHai="111" who="3" fromWho="3" sc="396,-10,41,-10,240,-10,323,30" /><INIT seed="3,1,0,0,2,125" ten="386,31,230,353" oya="3" hai0="77,98,110,130,96,95,122,82,87,79,84,39,105" hai1="15,4,106,109,132,55,93,51,108,112,20,107,48" hai2="59,46,90,118,133,17,119,81,24,2,7,78,6" hai3="89,25,121,66,103,29,21,5,131,115,102,40,30"/><W50/><G121/><T28/><D39/><U61/><E61/><V64/><F133/><W116/><G115/><T31/><D122/><U36/><E36/><V56/><F90/><W92/><G116/><T71/><D71/><U11/><E11/><V67/><F24/><W22/><G66/><T126/><D126/><U80/><E80/><V9/><F17/><W44/><G5/><T54/><D110/><U135/><E135/><V72/><F6/><W43/><G43/><T3/><D3/><U104/><E104/><V57/><F64/><W100/><G131/><T101/><D130/><U134/><E134/><V123/><F67/><W94/><G89/><T76/><D54/><U75/><E75/><V97/><F97/><W27/><AGARI ba="1,0" hai="21,22,25,27,29,30,40,44,50,92,94,100,102,103" machi="27" ten="30,6000,0" yaku="0,1,9,1,8,1" doraHai="125" who="3" fromWho="3" sc="386,-21,31,-21,230,-21,353,63" owari="365,16.5,10,-49.0,209,-19.1,416,51.6" /></mjloggm>