<mjloggm ver="2.3"><GO type="225" lobby="0"/><UN n0="%E3%81%A9%E3%82%8F%E3%82%93%E3%81%94" n1="%28%EF%BF%A3%E2%96%BD%EF%BF%A3%29%CE%B4%E2%8C%92%E3%83%BB" n2="%E3%81%B5%E3%81%98%E3%81%8B%E3%81%A4" n3="%47%68%6F%73%74%55%30" dan="16,16,16,17" rate="2082.96,2107.11,2143.73,2128.61" sx="M,M,M,M"/><TAIKYOKU oya="0"/><INIT seed="0,0,0,1,5,45" ten="250,250,250,250" oya="0" hai0="67,36,100,53,17,96,124,39,118,117,35,40,83" hai1="121,66,3,22,33,114,43,89,102,108,32,134,24" hai2="19,116,48,6,74,69,41,56,12,90,93,78,60" hai3="13,133,63,120,94,62,2,29,109,130,75,34,54"/><T16/><D35/><U110/><E66/><V98/><F116/><W26/><G2/><T127/><D67/><U129/><E102/><V68/><F6/><W76/><G109/><N who="1" m="42090" /><E43/><V125/><F125/><N who="0" m="48202" /><D83/><U103/><E89/><V21/><F78/><W132/><G130/><T47/><D39/><U113/><E103/><V25/><F74/><W20/><G120/><T112/><D53/><U44/><E44/><N who="2" m="25615" /><F12/><W95/><G76/><T58/><D58/><U10/><E121/><V122/><F122/><W81/><G81/><T31/><D31/><N who="1" m="17815" /><E129/><V73/><F73/><W1/><G75/><T14/><D112/><N who="1" m="43115" /><E134/><V0/><F0/><W123/><G1/><T30/><D30/><U42/><E42/><V49/><F69/><W135/><G123/><T115/><D115/><U27/><E27/><V59/><F68/><W119/><G119/><N who="0" m="45579" /><D14/><U91/><E91/><V97/><F97/><W4/><G54/><T57/><D57/><N who="2" m="22090" /><F60/><W70/><G62/><T51/><D36/><U38/><E38/><V105/><F105/><AGARI ba="0,0" hai="16,17,40,47,51,96,100,105" m="45579,48202" machi="105" ten="30,5800,0" yaku="18,1,52,1,54,1" doraHai="45" who="0" fromWho="2" sc="250,58,250,0,250,-58,250,0" /><INIT seed="0,1,0,0,4,77" ten="308,250,192,250" oya="0" hai0="2,78,16,71,50,91,12,113,55,30,58,98,54" hai1="130,112,4,59,43,120,117,42,62,109,95,21,127" hai2="65,31,135,9,134,129,36,57,69,101,90,10,76" hai3="125,128,8,115,97,105,20,63,81,37,121,119,64"/><T86/><D113/><U27/><E117/><V49/><F129/><W132/><G115/><T15/><D71/><U92/><E120/><V6/><F36/><W56/><G119/><T89/><D2/><U68/><E68/><V3/><F31/><W13/><G37/><T52/><D30/><N who="1" m="17775" /><E130/><V5/><F101/><W72/><G128/><T85/><D98/><U118/><E118/><V74/><F90/><N who="0" m="34314" /><D15/><U108/><E4/><V131/><F131/><W70/><G121/><T51/><D78/><U94/><E127/><V44/><F57/><W46/><G125/><T33/><D33/><U29/><E29/><V14/><F65/><W28/><G132/><T126/><D126/><U79/><E79/><V24/><F24/><N who="3" m="16391" /><G105/><T116/><D116/><U66/><E112/><V83/><REACH who="2" step="1"/><F69/><REACH who="2" ten="308,250,182,250" step="2"/><W19/><G56/><N who="0" m="32791" /><D55/><AGARI ba="1,1" hai="3,5,6,9,10,14,44,49,55,74,76,83,134,135" machi="55" ten="40,5200,0" yaku="1,1,52,1,53,1" doraHai="77" doraHaiUra="32" who="2" fromWho="0" sc="308,-55,250,0,182,65,250,0" /><INIT seed="1,0,0,5,3,63" ten="253,250,247,250" oya="1" hai0="127,60,21,93,20,31,122,66,94,38,59,105,78" hai1="91,108,17,54,100,11,22,70,92,79,7,55,113" hai2="8,28,49,57,36,117,88,107,67,40,12,13,128" hai3="69,124,80,30,98,133,47,77,95,23,120,2,15"/><U72/><E113/><V96/><F117/><W39/><G120/><T82/><D122/><U37/><E37/><V65/><F36/><W119/><G2/><T32/><D105/><U53/><E100/><V73/><F73/><W45/><G119/><T114/><D38/><U16/><E70/><V71/><F71/><W135/><G69/><T4/><D114/><U5/><E108/><V68/><F68/><W35/><G35/><T126/><D4/><U14/><E79/><V18/><F107/><W101/><G124/><N who="0" m="47659" /><D32/><U76/><E76/><V64/><F128/><W75/><G15/><T86/><D21/><U84/><REACH who="1" step="1"/><E72/><REACH who="1" ten="253,240,247,250" step="2"/><V24/><F40/><W29/><G39/><T62/><D62/><U51/><E51/><V74/><F74/><W6/><G77/><T134/><D134/><U9/><E9/><V42/><F42/><W46/><G75/><T10/><D10/><U103/><E103/><V85/><F49/><W132/><G132/><T118/><D118/><U121/><E121/><V89/><F89/><W83/><G133/><T34/><D34/><U90/><E90/><V48/><F96/><W3/><G135/><T111/><D111/><U99/><E99/><V50/><F50/><W56/><G98/><T0/><D78/><U110/><E110/><V112/><F112/><W102/><G102/><T87/><D60/><U58/><E58/><V26/><F57/><W97/><G56/><T33/><D59/><U131/><E131/><V125/><F48/><W116/><G116/><T27/><D33/><U130/><E130/><V81/><F125/><W109/><G109/><RYUUKYOKU ba="0,1" sc="253,-10,240,30,247,-10,250,-10" hai1="5,7,11,14,16,17,22,53,54,55,84,91,92" /><INIT seed="1,1,1,4,0,46" ten="243,270,237,240" oya="1" hai0="0,106,88,97,130,67,61,120,83,9,38,43,17" hai1="78,81,90,22,30,101,18,35,39,82,64,117,26" hai2="129,87,102,109,37,14,84,95,11,104,27,128,68" hai3="57,33,111,105,45,23,21,131,36,24,119,69,41"/><U25/><E39/><V51/><F68/><W133/><G69/><T49/><D38/><U77/><E117/><V62/><F37/><W13/><G119/><T86/><D130/><N who="2" m="50282" /><F109/><W116/><G131/><T79/><D120/><U75/><E64/><V93/><F62/><W65/><G116/><T1/><D17/><U70/><E70/><V126/><F126/><W107/><G111/><T7/><D106/><U72/><REACH who="1" step="1"/><E90/><REACH who="1" ten="243,260,237,240" step="2"/><V94/><F102/><AGARI ba="1,2" hai="18,22,25,26,30,35,72,75,77,78,81,82,101,102" machi="102" ten="40,7700,0" yaku="1,1,2,1,9,1,53,0" doraHai="46" doraHaiUra="108" who="1" fromWho="2" sc="243,0,260,100,237,-80,240,0" /><INIT seed="1,2,0,2,5,100" ten="243,360,157,240" oya="1" hai0="32,24,20,77,17,19,52,82,49,86,105,113,22" hai1="51,62,57,50,135,36,4,42,61,58,40,71,66" hai2="97,41,8,134,127,73,98,120,5,69,2,39,35" hai3="115,1,129,6,27,45,78,89,117,128,29,92,72"/><U119/><E4/><V125/><F120/><W63/><G117/><T114/><D32/><U9/><E9/><V23/><F134/><W15/><G115/><T93/><D93/><U126/><E119/><V79/><F35/><W124/><G124/><N who="2" m="47689" /><F69/><W121/><G121/><T16/><D105/><U90/><E90/><V60/><F23/><W108/><G1/><T130/><D130/><N who="3" m="50281" /><G108/><T37/><D37/><U131/><E131/><V99/><F60/><W88/><G63/><T38/><D38/><U10/><E10/><V122/><F122/><W83/><G45/><T106/><D106/><U28/><E28/><V116/><F116/><W7/><G15/><T47/><REACH who="0" step="1"/><D19/><REACH who="0" ten="233,360,157,240" step="2"/><U67/><E126/><V91/><F39/><W68/><G92/><T13/><AGARI ba="2,1" hai="13,16,17,20,22,24,47,49,52,77,82,86,113,114" machi="13" ten="20,12000,2" yaku="1,1,2,1,0,1,7,1,54,2,53,0" doraHai="100" doraHaiUra="104" who="0" fromWho="0" sc="233,136,360,-62,157,-32,240,-32" /><INIT seed="2,0,0,2,2,119" ten="369,298,125,208" oya="2" hai0="24,135,25,65,50,76,44,73,84,93,0,117,88" hai1="110,52,66,1,74,53,122,9,94,28,83,134,97" hai2="129,104,34,20,68,16,12,38,80,3,5,2,100" hai3="31,10,105,55,18,40,21,42,108,51,62,106,121"/><V82/><F38/><W95/><G108/><T114/><D0/><U128/><E110/><V86/><F68/><W26/><G121/><T72/><D114/><U78/><E128/><V8/><F129/><W85/><G105/><T124/><D117/><U69/><E122/><V14/><F34/><W112/><G106/><T98/><D135/><U4/><E134/><V35/><F35/><W59/><G112/><T61/><D124/><U64/><E28/><V39/><F39/><W131/><G131/><T81/><D73/><U11/><E11/><V67/><F67/><W90/><G10/><T116/><D72/><U43/><E43/><V102/><F82/><W118/><G118/><T113/><D113/><U47/><E47/><V7/><F7/><W133/><G133/><T27/><D116/><U132/><E132/><V63/><F63/><W103/><G103/><T58/><D27/><U36/><E36/><V56/><F56/><W48/><G31/><T6/><D6/><U30/><E30/><V41/><F41/><AGARI ba="0,0" hai="18,21,26,40,41,42,48,51,55,59,62,85,90,95" machi="41" ten="40,1300,0" yaku="8,1" doraHai="119" who="3" fromWho="2" sc="369,0,298,0,125,-13,208,13" /><AGARI ba="0,0" hai="24,25,41,44,50,58,61,65,76,81,84,88,93,98" machi="41" ten="30,3900,0" yaku="7,1,8,1,54,1" doraHai="119" who="0" fromWho="2" sc="369,39,298,0,112,-39,221,0" /><INIT seed="3,0,0,5,5,93" ten="408,298,73,221" oya="3" hai0="124,58,98,32,20,65,28,135,116,88,48,29,68" hai1="101,64,108,31,33,133,131,99,104,63,3,10,103" hai2="111,34,47,94,43,92,27,21,126,38,2,54,123" hai3="40,73,77,30,80,13,109,18,39,15,35,23,59"/><W119/><G119/><T86/><D116/><U89/><E108/><V44/><F123/><W79/><G79/><T121/><D32/><U61/><E131/><V62/><F111/><W57/><G109/><T114/><D121/><U95/><E133/><V76/><F126/><W83/><G80/><T41/><D68/><U106/><E31/><V127/><F34/><W52/><G57/><T70/><D70/><U132/><E33/><V19/><F127/><W125/><G125/><T17/><D135/><U14/><E3/><V9/><F47/><W66/><G66/><T69/><D69/><U118/><E118/><V78/><F78/><W56/><G56/><T16/><D114/><U96/><E132/><V25/><F25/><W91/><G91/><T128/><D128/><U90/><E64/><V97/><F76/><W50/><G35/><T51/><D124/><U0/><E0/><V67/><F92/><W102/><G30/><T107/><D29/><U122/><E122/><V115/><F115/><W11/><G102/><T53/><D65/><U129/><E129/><V85/><F85/><W46/><REACH who="3" step="1"/><G11/><REACH who="3" ten="408,298,73,211" step="2"/><T6/><D28/><U117/><E117/><V112/><F112/><W75/><G75/><T8/><D58/><U49/><E90/><N who="2" m="55511" /><F67/><W134/><G134/><T130/><D88/><U105/><E105/><V26/><F9/><W42/><G42/><T81/><D107/><U82/><E82/><V71/><F71/><W1/><G1/><T74/><D81/><U36/><E89/><V7/><F2/><W72/><G72/><T110/><D74/><U100/><E106/><RYUUKYOKU ba="0,1" sc="408,-10,298,-10,73,-10,211,30" hai3="13,15,18,23,39,40,46,50,52,59,73,77,83" /><INIT seed="3,1,1,4,5,2" ten="398,288,63,241" oya="3" hai0="90,45,27,63,120,103,92,79,21,97,127,95,26" hai1="51,15,30,80,53,23,5,125,84,36,114,0,89" hai2="50,86,39,81,38,112,101,116,109,58,41,62,123" hai3="83,128,69,70,117,47,60,115,113,87,66,76,129"/><W11/><G117/><T98/><D120/><U17/><E36/><V48/><F101/><W124/><G124/><T40/><D127/><U29/><E125/><V108/><F86/><W82/><G47/><T35/><D35/><U4/><E114/><V130/><F81/><W55/><G55/><T59/><D79/><U107/><E107/><V74/><F74/><W93/><G69/><T61/><D61/><U10/><E5/><V12/><F12/><W132/><G132/><T119/><D119/><U134/><E134/><V57/><F116/><W122/><G122/><T3/><D3/><U37/><E37/><V118/><F118/><W94/><G11/><T56/><D56/><AGARI ba="1,1" hai="0,4,10,15,17,23,29,30,51,53,56,80,84,89" machi="56" ten="30,2000,0" yaku="7,1,52,1" doraHai="2" who="1" fromWho="0" sc="398,-23,288,33,63,0,241,0" owari="375,47.5,321,12.1,63,-43.7,241,-15.9" /></mjloggm>