<mjloggm ver="2.3"><GO type="225" lobby="0"/><UN n0="%4B%2E%32%2E%4B%2E" n1="%E5%8D%A0%E3%81%84%E5%B8%AB%E8%A3%8F%E3%81%AA%E3%81%84%E3%81%97" n2="%E9%B3%B3%E6%9D%B1%E3%81%AE%E3%81%86%E3%81%95%E3%81%8E%E3%81%95%E3%82%93" n3="%E4%BF%BA%E3%81%A8%E5%A6%96%E5%A4%A2" dan="17,17,17,16" rate="2203.10,2215.85,2239.85,2122.34" sx="M,M,M,F"/><TAIKYOKU oya="0"/><INIT seed="0,0,0,0,0,2" ten="250,250,250,250" oya="0" hai0="39,25,112,79,95,9,90,57,50,46,113,80,125" hai1="62,85,33,19,100,27,77,126,72,43,119,131,52" hai2="40,81,92,98,30,75,74,1,67,68,73,121,12" hai3="116,48,0,41,56,3,128,51,129,37,105,94,122"/><T71/><D71/><U91/><E119/><V135/><F121/><W70/><G116/><T23/><D125/><U55/><E126/><V65/><F1/><N who="3" m="587" /><G105/><T16/><D39/><U132/><E132/><V123/><F123/><W28/><G70/><T78/><D57/><U110/><E110/><V32/><F135/><W117/><G117/><T86/><D9/><U15/><E131/><N who="3" m="50250" /><G122/><T59/><D59/><U97/><E43/><V101/><F40/><W107/><G107/><T45/><D78/><U127/><E127/><V47/><F47/><N who="3" m="23983" /><G28/><T109/><D109/><U106/><E62/><V76/><F12/><W11/><G11/><T22/><D45/><U89/><E89/><V61/><REACH who="2" step="1"/><F67/><REACH who="2" ten="250,250,240,250" step="2"/><W8/><G8/><T83/><D112/><U38/><E15/><V82/><F82/><W53/><G94/><T5/><D113/><U6/><E106/><V18/><F18/><W111/><G111/><T36/><D83/><U10/><E19/><V102/><F102/><W69/><G69/><T60/><D16/><U29/><E100/><V49/><F49/><AGARI ba="0,1" hai="48,49,51,53,56" m="23983,50250,587" machi="49" ten="30,1000,0" yaku="19,1" doraHai="2" who="3" fromWho="2" sc="250,0,250,0,240,-10,250,20" /><INIT seed="1,0,0,1,4,74" ten="250,250,230,270" oya="1" hai0="3,127,17,46,11,120,87,44,84,19,33,10,35" hai1="111,37,51,125,130,126,47,36,41,7,95,85,113" hai2="14,122,21,98,29,115,82,18,117,86,38,64,73" hai3="40,43,135,99,2,128,105,59,89,80,49,25,109"/><U123/><E113/><V62/><F122/><W131/><G2/><T124/><REACH who="0" step="1"/><D3/><REACH who="0" ten="240,250,230,270" step="2"/><U23/><E123/><AGARI ba="0,1" hai="10,11,17,19,33,35,44,46,84,87,120,123,124,127" machi="123" ten="25,8000,1" yaku="21,2,2,1,22,2,53,0" doraHai="74" doraHaiUra="101" who="0" fromWho="1" sc="240,90,250,-80,230,0,270,0" /><INIT seed="2,0,0,4,5,83" ten="330,170,230,270" oya="2" hai0="85,64,119,51,58,1,66,22,59,104,122,78,127" hai1="2,54,114,27,102,120,96,103,101,84,16,21,41" hai2="17,117,124,113,0,37,18,69,5,25,111,99,61" hai3="6,39,33,7,20,29,36,19,130,109,55,30,86"/><V15/><F113/><W53/><G109/><T94/><D104/><U11/><E114/><V92/><F117/><W88/><G33/><T63/><D122/><U14/><E120/><V79/><F124/><W93/><G130/><T42/><D1/><U133/><E133/><V112/><F112/><W38/><G29/><T87/><D127/><U62/><E41/><V116/><F116/><W125/><G30/><T110/><D119/><U3/><E96/><V89/><F111/><W8/><G125/><T48/><D110/><U76/><E54/><V12/><F37/><W68/><G68/><T13/><D78/><U70/><E70/><V98/><F0/><W73/><G73/><T43/><D94/><U126/><E62/><V128/><F128/><W60/><G60/><N who="0" m="37911" /><D22/><U46/><E46/><V108/><F108/><W123/><G123/><T72/><D13/><N who="2" m="5194" /><F5/><W52/><REACH who="3" step="1"/><G8/><REACH who="3" ten="330,170,230,260" step="2"/><T67/><D72/><U118/><E126/><V115/><F115/><W105/><G105/><T50/><D67/><U121/><E121/><V10/><F69/><W44/><G44/><T9/><D9/><U34/><E34/><V82/><F10/><W56/><G56/><T23/><D23/><U75/><E75/><V32/><F61/><W134/><G134/><T40/><AGARI ba="0,1" hai="40,42,43,48,50,51,59,63,66,85,87" m="37911" machi="40" ten="30,4000,0" yaku="8,1,52,2" doraHai="83" who="0" fromWho="0" sc="330,50,170,-10,230,-20,260,-10" /><INIT seed="3,0,0,4,1,4" ten="380,160,210,250" oya="3" hai0="73,61,115,27,25,84,114,74,85,11,44,105,31" hai1="7,106,21,24,37,0,39,94,125,97,20,88,42" hai2="69,5,47,99,132,133,23,111,78,16,33,13,93" hai3="116,59,113,127,29,112,63,12,38,70,119,57,128"/><W60/><G12/><T3/><D105/><U17/><E125/><V122/><F69/><W72/><G29/><T55/><D11/><U18/><E106/><V2/><F111/><W54/><G70/><T30/><D3/><U102/><E102/><V58/><F122/><W121/><G72/><T34/><D44/><U134/><E134/><N who="2" m="51819" /><F33/><W40/><G121/><T98/><D98/><U81/><E42/><V96/><F78/><W26/><G26/><T120/><D55/><U62/><E81/><V108/><F108/><W35/><G35/><T32/><D61/><U91/><E91/><V126/><F126/><W89/><G89/><T79/><D79/><U107/><E107/><V41/><F58/><W10/><G10/><T64/><D64/><U100/><E100/><V129/><F129/><W48/><G127/><T14/><D14/><U66/><E7/><V130/><F130/><W56/><G128/><T65/><D65/><U6/><E6/><V76/><F76/><W49/><G59/><T92/><D92/><U15/><REACH who="1" step="1"/><E0/><REACH who="1" ten="380,150,210,250" step="2"/><V8/><F93/><W53/><G40/><T135/><D135/><U87/><E87/><V19/><F2/><W50/><G113/><T101/><D101/><U68/><AGARI ba="0,1" hai="15,17,18,20,21,24,37,39,62,66,68,88,94,97" machi="68" ten="20,5200,0" yaku="1,1,0,1,7,1,54,1,53,0" doraHai="4" doraHaiUra="43" who="1" fromWho="1" sc="380,-13,150,62,210,-13,250,-26" owari="367,46.7,212,-18.8,197,-30.3,224,2.4" /></mjloggm>