<mjloggm ver="2.3"><GO type="225" lobby="0"/><UN n0="%6D%75%75%73%61%6E%6D%75" n1="%E3%81%8C%E3%81%9F" n2="%E3%81%82%E3%82%86%E3%81%AE%E9%A2%A8" n3="%E3%82%B3%E3%83%90%E3%83%AC%E3%82%A4" dan="17,16,16,16" rate="2143.30,2112.40,2085.79,2118.70" sx="F,M,M,M"/><TAIKYOKU oya="0"/><INIT seed="0,0,0,1,3,99" ten="250,250,250,250" oya="0" hai0="5,48,40,92,114,44,123,34,12,132,27,7,43" hai1="131,76,68,51,126,119,105,104,117,101,81,67,128" hai2="89,103,1,135,122,31,121,134,78,106,9,22,100" hai3="98,97,49,6,20,83,17,16,74,54,102,62,96"/><T24/><D114/><U47/><E67/><V13/><F78/><W108/><G108/><T91/><D123/><N who="2" m="47114" /><F106/><N who="1" m="41065" /><E68/><V115/><F89/><W30/><G6/><N who="0" m="2059" /><D34/><U116/><E51/><V11/><F115/><W28/><G17/><T2/><D2/><U84/><E47/><V4/><F11/><W127/><G127/><T37/><D37/><U42/><E42/><N who="0" m="15913" /><D12/><U53/><E53/><V73/><F73/><W50/><G74/><T58/><D58/><U61/><E61/><V125/><F125/><W120/><G120/><T94/><D132/><N who="2" m="50730" /><F1/><W79/><G62/><T64/><D64/><U33/><E33/><V93/><F93/><N who="0" m="35946" /><D91/><U8/><E8/><V107/><F107/><W75/><G50/><T63/><D63/><U85/><E126/><V56/><F56/><W129/><G30/><T87/><D87/><N who="1" m="48551" /><E101/><V25/><AGARI ba="0,0" hai="4,9,13,22,25,31,100,103" m="50730,47114" machi="25" ten="40,5200,0" yaku="20,1,52,2" doraHai="99" who="2" fromWho="2" sc="250,-26,250,-13,250,52,250,-13" /><INIT seed="1,0,0,2,1,52" ten="224,237,302,237" oya="1" hai0="87,116,70,45,127,0,8,36,18,4,42,24,100" hai1="31,40,121,76,102,34,74,54,46,106,30,108,10" hai2="33,95,72,51,132,117,99,67,103,69,81,44,71" hai3="12,126,129,112,3,118,63,122,96,86,61,48,11"/><U97/><E121/><V64/><F117/><W93/><G122/><T91/><D116/><U35/><E54/><V14/><F132/><W26/><G3/><T119/><D119/><U107/><E107/><V80/><F33/><W101/><G118/><T55/><D127/><U58/><E58/><V104/><F104/><W15/><G126/><T13/><D70/><U79/><E108/><V57/><F72/><W29/><G112/><T123/><D123/><U6/><E34/><V110/><F110/><W82/><G129/><T22/><D100/><U89/><E89/><V1/><F1/><W78/><G15/><T47/><D55/><U124/><E124/><V84/><F14/><W83/><G83/><T134/><D134/><U133/><E133/><V130/><F130/><W85/><G86/><T2/><REACH who="0" step="1"/><D45/><REACH who="0" ten="214,237,302,237" step="2"/><U128/><E128/><V94/><F71/><W114/><G114/><T68/><D68/><U59/><E59/><V125/><F69/><W98/><G101/><T16/><D16/><U50/><E35/><V120/><F120/><W25/><G29/><T39/><D39/><U65/><E65/><V111/><F111/><W90/><G48/><T43/><D43/><U7/><E7/><V135/><F135/><W41/><G41/><T113/><D113/><U73/><E31/><V75/><F125/><W5/><G63/><T21/><D21/><U77/><REACH who="1" step="1"/><E30/><REACH who="1" ten="214,227,302,237" step="2"/><V20/><F67/><W109/><G109/><T32/><D32/><U19/><E19/><V131/><F64/><W62/><G62/><T37/><D37/><U66/><E66/><V49/><F131/><RYUUKYOKU ba="0,2" sc="214,15,227,15,302,-15,237,-15" hai0="0,2,4,8,13,18,22,24,36,42,47,87,91" hai1="6,10,40,46,50,73,74,76,77,79,97,102,106" /><INIT seed="1,1,2,1,2,23" ten="229,242,287,222" oya="1" hai0="33,59,68,27,39,65,106,95,35,71,67,73,108" hai1="103,114,21,38,40,3,123,83,43,49,60,14,48" hai2="13,63,1,116,31,30,105,88,76,18,92,120,132" hai3="121,80,69,117,51,134,11,19,7,50,41,24,37"/><U58/><E114/><V112/><F116/><W124/><G69/><T22/><D106/><U111/><E123/><V46/><F120/><W61/><G121/><T113/><D113/><U6/><E3/><V104/><F1/><W99/><G117/><T47/><D73/><U64/><E111/><V42/><F132/><W133/><G37/><T84/><D108/><U15/><E103/><V127/><F76/><W70/><G80/><T29/><D68/><U91/><E14/><V98/><F127/><W75/><G75/><T72/><D71/><U107/><E107/><V90/><F90/><W10/><G124/><T4/><D72/><U0/><E0/><V122/><F63/><W81/><G81/><T101/><D4/><U87/><E38/><V100/><F112/><W102/><G61/><T118/><D118/><U54/><E48/><N who="3" m="18474" /><G70/><T94/><D59/><U126/><E126/><V79/><F79/><W128/><G41/><T16/><D47/><N who="1" m="27967" /><E6/><V44/><F104/><W9/><G7/><T57/><D39/><U55/><E55/><V5/><F5/><W74/><G74/><T131/><D57/><U109/><E109/><V97/><F122/><W36/><G36/><T25/><D35/><U86/><E87/><V78/><F42/><W115/><G115/><T130/><D84/><U125/><E125/><V77/><F46/><W129/><G102/><T53/><D53/><U32/><E32/><V45/><F44/><W26/><G99/><N who="0" m="59639" /><D95/><U34/><E34/><V12/><F45/><W2/><G2/><T8/><D8/><N who="3" m="3177" /><G134/><T93/><D93/><U119/><E119/><RYUUKYOKU ba="1,2" sc="229,15,242,15,287,-15,222,-15" hai0="16,22,25,27,29,33,65,67,130,131" hai1="15,21,40,43,58,60,64,83,86,91" /><INIT seed="1,2,2,3,1,95" ten="244,257,272,207" oya="1" hai0="11,35,130,50,131,104,46,26,18,56,59,20,51" hai1="100,96,121,111,85,41,32,93,58,5,65,23,134" hai2="37,49,40,71,78,92,8,21,25,31,106,33,83" hai3="113,10,108,125,0,60,28,102,67,64,69,89,13"/><U1/><E121/><V44/><F106/><W122/><G122/><T6/><D104/><U7/><E32/><V119/><F71/><W79/><G0/><N who="0" m="455" /><D35/><U128/><E128/><N who="0" m="49193" /><D50/><U62/><E134/><V45/><F119/><W39/><G39/><T97/><D97/><U91/><E111/><V127/><F127/><W48/><G125/><T74/><D74/><U124/><E124/><V115/><F115/><W63/><G113/><T14/><D26/><U129/><E129/><V29/><F33/><W114/><G108/><T22/><D22/><U73/><E73/><V72/><F8/><W75/><G102/><T47/><D47/><U53/><E41/><AGARI ba="2,2" hai="14,18,20,41,46,51,56,59" m="49193,455" machi="41" ten="30,1000,0" yaku="19,1" doraHai="95" who="0" fromWho="1" sc="244,36,257,-16,272,0,207,0" /><INIT seed="2,0,0,4,2,19" ten="280,241,272,207" oya="2" hai0="55,8,85,57,113,5,65,2,59,116,112,31,47" hai1="101,72,109,95,7,40,27,21,97,10,15,17,64" hai2="18,33,60,41,62,53,106,32,45,43,102,39,42" hai3="22,20,114,88,58,70,4,135,120,50,71,133,129"/><V87/><F87/><W98/><G120/><T122/><D122/><U54/><E109/><V1/><F1/><W76/><G76/><T46/><D116/><U131/><E131/><V132/><F132/><N who="3" m="50763" /><G4/><T78/><D31/><U107/><E72/><V81/><F81/><W16/><G129/><T0/><D65/><U75/><E75/><V26/><F33/><W30/><G30/><T35/><D35/><U108/><E108/><V25/><F32/><W49/><G20/><T90/><D78/><U115/><E115/><V92/><F106/><W105/><G114/><T83/><D2/><U6/><E40/><V14/><F39/><W121/><G121/><T73/><D73/><U125/><E125/><V91/><F102/><N who="3" m="62679" /><G88/><T67/><D112/><U12/><E64/><V111/><F111/><W128/><G128/><T99/><D99/><U96/><E54/><V100/><F100/><W13/><G58/><T56/><D56/><U74/><E74/><V24/><F91/><W79/><G79/><T69/><D59/><U66/><E66/><V104/><F104/><W123/><G123/><T52/><D57/><U48/><E48/><AGARI ba="0,0" hai="13,16,22,48,49,50,70,71" m="62679,50763" machi="48" ten="30,3900,0" yaku="20,1,52,1,54,1" doraHai="19" who="3" fromWho="1" sc="280,0,241,-39,272,0,207,39" /><INIT seed="3,0,0,4,5,47" ten="280,202,272,246" oya="3" hai0="23,21,98,106,94,52,87,12,40,71,6,29,82" hai1="19,1,118,0,132,49,99,107,81,67,20,15,84" hai2="90,73,102,8,43,135,92,50,130,128,126,27,39" hai3="123,62,78,26,3,112,5,75,124,63,110,44,32"/><W127/><G123/><T11/><D106/><U30/><E132/><V125/><F73/><W79/><G112/><T122/><D71/><U77/><E118/><V86/><F39/><W113/><G113/><T34/><D122/><U131/><E131/><N who="2" m="50219" /><F27/><W101/><G101/><N who="0" m="60631" /><D34/><U68/><E30/><V65/><F65/><W97/><G97/><T35/><D35/><U57/><E68/><V64/><F64/><W115/><G115/><T105/><D40/><U51/><E107/><V80/><F8/><N who="3" m="2111" /><G110/><T45/><D105/><U70/><E70/><V31/><F31/><N who="3" m="19575" /><G44/><T66/><D66/><U95/><E1/><V17/><F135/><W48/><G48/><N who="1" m="18506" /><E0/><V56/><F17/><W55/><G75/><T89/><D29/><U114/><E114/><V46/><F56/><N who="3" m="35103" /><G63/><T18/><D18/><U37/><E37/><V4/><F4/><W54/><G54/><T116/><D116/><U100/><E67/><V74/><F102/><W36/><G36/><T58/><D45/><U59/><AGARI ba="0,0" hai="15,19,20,57,59,77,81,84,95,99,100" m="18506" machi="59" ten="30,7900,0" yaku="8,1,52,3" doraHai="47" who="1" fromWho="1" sc="280,-20,202,79,272,-20,246,-39" /><INIT seed="4,0,0,0,4,4" ten="260,281,252,207" oya="0" hai0="92,30,74,130,119,131,94,135,37,84,78,49,3" hai1="31,51,29,22,28,121,91,7,112,6,133,73,19" hai2="14,67,106,24,79,123,68,53,132,89,21,109,95" hai3="118,43,44,12,35,27,90,39,65,93,104,102,103"/><T25/><D37/><U122/><E73/><V71/><F109/><W114/><G118/><T33/><D119/><U17/><E51/><V54/><F123/><N who="1" m="47113" /><E91/><V8/><F106/><W61/><G114/><T1/><D74/><U70/><E70/><V117/><F132/><W100/><G104/><T18/><D135/><U85/><E85/><V134/><F79/><W80/><G12/><T64/><D64/><U38/><E38/><V66/><F117/><W34/><G80/><T120/><D120/><U9/><E112/><V88/><F134/><W50/><G39/><T26/><D78/><U96/><E96/><N who="2" m="57447" /><F89/><W125/><G27/><T110/><D110/><U13/><E133/><V116/><F116/><W107/><G107/><T46/><D92/><U127/><E127/><V55/><F68/><W128/><G125/><T41/><D84/><U10/><E22/><V108/><F108/><W15/><G15/><AGARI ba="0,0" hai="6,7,9,10,13,15,17,19,28,29,31" m="47113" machi="15" ten="30,7700,0" yaku="34,2,52,2" doraHai="4" who="1" fromWho="3" sc="260,0,281,77,252,0,207,-77" owari="260,6.0,358,45.8,252,-14.8,130,-37.0" /></mjloggm>