<mjloggm ver="2.3"><GO type="225" lobby="0"/><UN n0="%77%72%77%72%77%72%77%72" n1="%E9%B3%B3%E6%9D%B1%E3%81%AE%E3%81%86%E3%81%95%E3%81%8E%E3%81%95%E3%82%93" n2="%E3%81%BF%E3%81%BF%E3%81%9A" n3="%E3%81%B5%E3%81%98%E3%81%8B%E3%81%A4" dan="17,17,16,16" rate="2232.12,2264.95,2155.97,2202.85" sx="M,M,M,M"/><TAIKYOKU oya="0"/><INIT seed="0,0,0,0,3,12" ten="250,250,250,250" oya="0" hai0="65,114,20,17,129,31,1,128,9,101,109,98,107" hai1="56,110,50,103,52,44,53,23,76,27,32,22,18" hai2="28,58,115,90,67,49,104,82,127,122,106,113,38" hai3="83,69,111,48,4,19,30,14,40,71,93,34,96"/><T16/><D114/><U37/><E110/><V89/><F122/><W125/><G111/><T3/><D109/><U92/><E32/><V42/><F28/><W60/><G125/><T41/><D41/><U66/><E76/><V33/><F33/><W99/><G83/><T35/><D65/><U15/><E37/><V79/><F38/><W121/><G4/><T102/><D102/><U51/><E66/><V10/><F10/><W131/><G121/><T47/><D47/><U117/><E117/><V59/><F67/><W86/><G86/><T74/><D74/><U97/><E27/><V8/><F8/><AGARI ba="0,0" hai="8,15,18,22,23,44,50,51,52,53,56,92,97,103" machi="8" ten="30,7700,0" yaku="7,1,8,1,52,1,54,1" doraHai="12" who="1" fromWho="2" sc="250,0,250,77,250,-77,250,0" /><INIT seed="1,0,0,3,5,76" ten="250,327,173,250" oya="1" hai0="58,126,52,59,94,101,82,31,87,77,66,93,85" hai1="56,39,54,127,64,112,27,107,6,123,72,116,97" hai2="80,67,14,48,1,61,40,81,130,118,30,91,45" hai3="11,110,34,41,121,133,28,96,49,7,135,2,63"/><U120/><E112/><V25/><F1/><W5/><G121/><T84/><D126/><U73/><E116/><V88/><F118/><W128/><G63/><N who="0" m="38263" /><D31/><U134/><E39/><V106/><F106/><W124/><G96/><N who="0" m="59535" /><D94/><U74/><E134/><V50/><F130/><W18/><G49/><AGARI ba="0,0" hai="49,52,59,77,82,84,85,87" m="59535,38263" machi="49" ten="30,3900,0" yaku="8,1,52,1,54,1" doraHai="76" who="0" fromWho="3" sc="250,39,327,0,173,0,250,-39" /><INIT seed="2,0,0,0,1,72" ten="289,327,173,211" oya="2" hai0="112,83,123,88,11,99,37,89,117,54,33,130,40" hai1="134,12,75,97,94,4,74,105,82,66,132,8,90" hai2="111,24,80,84,7,87,5,103,135,70,21,2,41" hai3="64,20,15,13,120,96,55,122,59,102,31,0,76"/><V95/><F70/><W27/><G0/><T36/><D112/><U34/><E34/><V124/><F135/><N who="1" m="51753" /><E105/><V32/><F124/><W116/><G116/><T17/><D123/><U38/><E38/><V106/><F32/><W18/><G64/><T127/><D130/><U14/><E66/><V73/><F2/><W68/><G68/><T100/><D17/><N who="1" m="8327" /><E82/><V63/><F111/><W44/><G44/><T110/><D83/><U23/><E23/><V22/><F41/><W30/><G15/><T26/><D40/><U6/><E6/><V131/><F131/><W69/><G69/><T58/><D37/><U1/><E14/><V91/><F21/><W56/><G31/><T48/><D36/><U126/><E126/><V67/><F106/><W52/><G122/><T109/><D127/><U35/><E35/><V98/><F73/><W39/><G39/><T57/><D11/><AGARI ba="0,0" hai="1,4,11,74,75,90,94,97" m="8327,51753" machi="11" ten="30,1000,0" yaku="20,1" doraHai="72" who="1" fromWho="0" sc="289,-10,327,10,173,0,211,0" /><INIT seed="3,0,0,0,1,50" ten="279,337,173,211" oya="3" hai0="56,54,42,96,133,135,70,2,61,102,8,85,82" hai1="99,39,110,15,129,120,6,93,51,19,5,79,35" hai2="84,47,116,26,34,67,64,94,75,20,33,57,48" hai3="44,95,46,72,58,16,112,78,37,118,103,17,68"/><W11/><G68/><T108/><D42/><U111/><E39/><V76/><F116/><W113/><G118/><T12/><D2/><U32/><E79/><V114/><F114/><W21/><G72/><T98/><D70/><U123/><E51/><V105/><F105/><W13/><G78/><N who="0" m="46295" /><D102/><N who="1" m="60783" /><E5/><V63/><F75/><W89/><G103/><T0/><D0/><U69/><E6/><V1/><F1/><W7/><G17/><N who="0" m="8327" /><D108/><N who="1" m="41515" /><E129/><V73/><F73/><W119/><G119/><T90/><D90/><U62/><E62/><V122/><F122/><N who="1" m="46633" /><E69/><V130/><F130/><W65/><G37/><T109/><D109/><U29/><E29/><V107/><F107/><W10/><G113/><T125/><D125/><U80/><E80/><N who="2" m="47111" /><F34/><W81/><G81/><T25/><D25/><U87/><E87/><V71/><F33/><W31/><G31/><T88/><D98/><U132/><E132/><N who="0" m="50761" /><D96/><U83/><E83/><V45/><F94/><W24/><G112/><T41/><D41/><U27/><E27/><V49/><F67/><W121/><G121/><T100/><D100/><U66/><E66/><V91/><F91/><W18/><G7/><T53/><D88/><U23/><AGARI ba="0,0" hai="15,19,23,32,35" m="46633,41515,60783" machi="23" ten="30,1100,0" yaku="14,1" doraHai="50" who="1" fromWho="1" sc="279,-3,337,11,173,-3,211,-5" owari="276,7.6,348,44.8,170,-33.0,206,-19.4" /></mjloggm>