<mjloggm ver="2.3"><GO type="225" lobby="0"/><UN n0="%72%69%6F%75%63%68%61%6E" n1="%E5%8D%A0%E3%81%84%E5%B8%AB%E8%A3%8F%E3%81%AA%E3%81%84%E3%81%97" n2="%E4%B8%89%E5%88%86%E5%B0%8F%E5%83%A7" n3="%E3%83%A9%E3%82%A4%E3%83%B3%E3%81%AE%E8%99%8E" dan="16,17,16,16" rate="2199.56,2195.27,2090.89,2109.81" sx="M,M,M,M"/><TAIKYOKU oya="0"/><INIT seed="0,0,0,4,5,18" ten="250,250,250,250" oya="0" hai0="65,4,101,38,34,66,121,96,22,94,125,36,119" hai1="117,73,40,11,21,53,128,91,120,133,48,43,80" hai2="76,88,58,115,134,87,26,104,29,9,57,16,126" hai3="5,108,135,69,52,127,113,70,39,100,41,92,42"/><T8/><D119/><U111/><E117/><V55/><F115/><W110/><G113/><T31/><D121/><U50/><E120/><V7/><F126/><W78/><G78/><T17/><D125/><U32/><E32/><V79/><F104/><W99/><G127/><T109/><D109/><N who="3" m="42089" /><G135/><T103/><D103/><U97/><E111/><V62/><F134/><W33/><G33/><T12/><D36/><U124/><E133/><V3/><F58/><W102/><G5/><T90/><D38/><U56/><E128/><V112/><F112/><W63/><G102/><T24/><REACH who="0" step="1"/><D101/><REACH who="0" ten="240,250,250,250" step="2"/><U72/><E124/><V71/><F71/><W25/><G39/><T35/><D35/><U84/><E73/><V106/><F106/><W59/><G70/><T105/><D105/><U1/><E72/><V49/><F49/><W0/><G69/><T27/><AGARI ba="0,1" hai="4,8,12,17,22,24,27,31,34,65,66,90,94,96" machi="27" ten="20,12000,1" yaku="1,1,0,1,7,1,52,1,53,1" doraHai="18" doraHaiUra="93" who="0" fromWho="0" sc="240,130,250,-40,250,-40,250,-40" /><INIT seed="0,1,0,0,2,118" ten="370,210,210,210" oya="0" hai0="135,6,99,67,47,108,29,93,41,65,3,15,128" hai1="87,51,58,114,107,45,28,66,56,69,64,81,23" hai2="63,60,37,11,130,57,10,34,13,101,26,119,42" hai3="71,35,12,20,27,110,98,14,120,48,38,32,125"/><T1/><D128/><U78/><E107/><V8/><F130/><W115/><G38/><T88/><D135/><U80/><E114/><V77/><F119/><W22/><G71/><T0/><D108/><U31/><E69/><V40/><F77/><W102/><G115/><T84/><D29/><N who="1" m="11339" /><E23/><V18/><F34/><W19/><G110/><T96/><D6/><U33/><E81/><V68/><F68/><W117/><G117/><T95/><D15/><U83/><E80/><V55/><F26/><W30/><G125/><T134/><D134/><U74/><E74/><V94/><F63/><W113/><G113/><T133/><D133/><U4/><E4/><V121/><F121/><W21/><G48/><T62/><D62/><U106/><E106/><V111/><F111/><W132/><G132/><T2/><N who="0" m="0" /><DORA hai="79" /><T73/><D73/><U76/><E76/><V75/><F75/><W46/><G46/><T92/><D99/><U5/><E5/><V86/><F37/><W54/><G54/><T82/><REACH who="0" step="1"/><D96/><REACH who="0" ten="360,210,210,210" step="2"/><U127/><E127/><V59/><F60/><W85/><G35/><T49/><AGARI ba="1,1" hai="41,47,49,65,67,82,84,88,92,93,95" m="0" machi="49" ten="60,12000,1" yaku="1,1,2,1,0,1,52,1,54,1,53,0" doraHai="118,79" doraHaiUra="97,129" who="0" fromWho="0" sc="360,133,210,-41,210,-41,210,-41" /><INIT seed="0,2,0,3,1,114" ten="493,169,169,169" oya="0" hai0="62,109,65,25,37,60,64,108,117,131,28,32,6" hai1="100,69,118,123,130,83,16,89,48,120,98,52,70" hai2="57,99,4,11,124,53,121,36,101,112,72,34,46" hai3="50,10,128,21,93,88,33,75,35,20,103,76,92"/><T59/><D117/><U17/><E130/><V51/><F121/><W39/><G39/><T55/><D131/><U56/><E118/><V61/><F112/><W66/><G128/><T7/><D37/><U90/><E120/><V107/><F72/><W22/><G76/><T86/><D86/><U115/><E123/><V132/><F34/><W19/><G75/><T38/><D38/><U68/><E115/><V81/><F124/><W119/><G66/><T79/><D79/><U47/><E83/><V126/><F126/><W5/><G19/><T94/><D94/><U102/><E102/><V67/><F132/><W2/><G119/><T15/><D55/><U113/><E113/><V41/><F81/><W82/><G50/><T29/><D15/><U8/><E8/><V63/><REACH who="2" step="1"/><F67/><REACH who="2" ten="493,169,159,169" step="2"/><W26/><G82/><T110/><REACH who="0" step="1"/><D29/><REACH who="0" ten="483,169,159,169" step="2"/><U111/><E111/><V73/><F73/><W95/><G103/><T3/><D3/><AGARI ba="2,2" hai="3,4,11,36,41,46,51,53,57,61,63,99,101,107" machi="3" ten="30,2000,0" yaku="1,1,7,1,53,0" doraHai="114" doraHaiUra="129" who="2" fromWho="0" sc="483,-26,169,0,159,46,169,0" /><INIT seed="1,0,0,4,1,109" ten="457,169,205,169" oya="1" hai0="97,32,13,47,6,22,103,107,128,9,5,46,124" hai1="39,134,100,123,125,56,67,78,89,112,93,116,29" hai2="114,3,80,1,12,130,33,11,53,28,8,82,52" hai3="81,41,126,61,55,18,21,120,54,102,44,99,68"/><U132/><E116/><V98/><F33/><W101/><G120/><T131/><D32/><U106/><E123/><V37/><F28/><W49/><G126/><T40/><D124/><U17/><E125/><V43/><F37/><W108/><G108/><T135/><D135/><N who="1" m="51755" /><E39/><V51/><F43/><W7/><G7/><T92/><D107/><U95/><E29/><V88/><F130/><N who="0" m="49706" /><D22/><U30/><E30/><V69/><F69/><W14/><G81/><N who="2" m="31337" /><F1/><W26/><G26/><T84/><D84/><U74/><E74/><V110/><F114/><W87/><G87/><T36/><D46/><U129/><E78/><V45/><F3/><W57/><G68/><T85/><D85/><U25/><E129/><V111/><F111/><W48/><REACH who="3" step="1"/><G99/><REACH who="3" ten="457,169,205,159" step="2"/><T96/><D97/><N who="1" m="61711" /><E112/><V60/><F110/><W117/><G117/><T35/><D35/><U121/><E121/><V104/><F104/><W58/><AGARI ba="0,1" hai="14,18,21,41,44,48,49,54,55,57,58,61,101,102" machi="58" ten="20,5200,0" yaku="1,1,0,1,7,1,8,1,53,0" doraHai="109" doraHaiUra="115" who="3" fromWho="3" sc="457,-13,169,-26,205,-13,159,62" /><INIT seed="2,0,0,5,2,69" ten="444,143,192,221" oya="2" hai0="100,9,37,123,72,84,66,34,28,110,53,67,109" hai1="5,106,73,33,121,23,74,10,116,131,16,75,71" hai2="99,92,27,18,77,105,68,41,103,98,64,63,2" hai3="101,70,134,79,30,60,125,24,4,48,13,44,39"/><V15/><F2/><W32/><G125/><T46/><D72/><U120/><E116/><V91/><F77/><W88/><G134/><T12/><D123/><N who="1" m="47179" /><E71/><V38/><F27/><W40/><G101/><T135/><D135/><U130/><E33/><V1/><F1/><W6/><G79/><T49/><D100/><U111/><E106/><V35/><F35/><W102/><G102/><T57/><D84/><U108/><E10/><V83/><F83/><W93/><G13/><T112/><D112/><U113/><E5/><V50/><F50/><W8/><G8/><T124/><D124/><U78/><E78/><V45/><F15/><W82/><G82/><T115/><D115/><U61/><E61/><V90/><F18/><W85/><REACH who="3" step="1"/><G48/><REACH who="3" ten="444,143,192,211" step="2"/><N who="0" m="30887" /><D12/><N who="1" m="9607" /><E113/><V59/><F91/><W133/><G133/><T119/><D9/><U86/><E86/><V55/><REACH who="2" step="1"/><F68/><REACH who="2" ten="444,143,182,211" step="2"/><W22/><G22/><T7/><D49/><U43/><E43/><V104/><F104/><W17/><G17/><T54/><D7/><U81/><E81/><V129/><F129/><AGARI ba="0,2" hai="73,74,75,108,111,129,130,131" m="9607,47179" machi="129" ten="40,5200,0" yaku="19,1,13,1,54,1" doraHai="69" who="1" fromWho="2" sc="444,0,143,72,182,-52,211,0" /><INIT seed="3,0,0,3,3,16" ten="444,215,130,211" oya="3" hai0="61,94,45,95,79,42,55,22,80,76,37,52,29" hai1="81,99,20,106,129,116,36,82,98,88,77,11,66" hai2="9,87,13,31,69,38,65,28,74,47,109,73,0" hai3="51,2,32,130,124,83,14,123,10,41,75,46,102"/><W110/><G123/><T67/><D79/><U34/><E34/><V6/><F109/><W1/><G32/><T85/><D29/><U135/><E36/><V96/><F87/><W39/><G124/><T97/><D22/><U84/><E135/><V54/><F13/><W64/><G130/><T44/><D44/><U118/><E129/><V113/><F113/><W91/><G102/><T57/><D95/><U53/><E66/><V50/><F38/><W60/><G110/><T134/><D134/><U100/><E11/><V26/><F69/><W126/><G126/><T101/><AGARI ba="0,0" hai="37,42,45,52,55,57,61,67,76,80,85,94,97,101" machi="101" ten="20,2700,0" yaku="0,1,7,1,54,1" doraHai="16" who="0" fromWho="0" sc="444,27,215,-7,130,-7,211,-13" owari="471,57.1,208,0.8,123,-37.7,198,-20.2" /></mjloggm>