<mjloggm ver="2.3"><GO type="225" lobby="0"/><UN n0="%4D%50%43%32%38%30%30" n1="%E3%81%8C%E3%81%9F" n2="%E3%81%95%E3%81%8D%E3%81%9F%E3%81%BE%E6%9E%97%E6%AA%8E" n3="%E3%81%82%E3%83%BC%E3%81%97" dan="16,16,16,16" rate="2091.91,2052.91,2173.74,2094.58" sx="M,F,M,M"/><TAIKYOKU oya="0"/><INIT seed="0,0,0,0,0,111" ten="250,250,250,250" oya="0" hai0="68,26,45,115,135,15,130,110,8,54,90,113,60" hai1="20,22,95,126,29,38,6,119,132,49,133,78,109" hai2="118,100,7,127,105,50,120,72,3,65,131,70,88" hai3="48,123,4,101,30,59,32,36,61,84,24,134,122"/><T108/><D135/><N who="1" m="51787" /><E38/><V94/><F118/><W106/><G36/><T128/><D90/><U5/><E119/><V11/><F120/><N who="3" m="46123" /><G134/><T124/><D124/><U13/><E78/><V76/><F127/><W103/><G4/><N who="1" m="1642" /><E126/><V74/><F131/><N who="0" m="50218" /><D26/><N who="1" m="16583" /><E95/><V102/><F105/><W86/><G48/><N who="0" m="28943" /><D60/><U73/><E49/><V42/><F50/><W28/><G28/><T56/><D56/><U114/><E73/><V79/><F74/><W82/><G106/><T96/><D96/><U87/><E87/><N who="3" m="33322" /><G82/><T52/><D68/><U58/><E58/><V47/><F70/><W17/><G17/><N who="0" m="8423" /><D52/><AGARI ba="0,0" hai="24,30,32,52,59,61,101,103" m="33322,46123" machi="52" ten="30,2000,0" yaku="13,1,54,1" doraHai="111" who="3" fromWho="0" sc="250,-20,250,0,250,0,250,20" /><INIT seed="1,0,0,2,1,130" ten="230,250,250,270" oya="1" hai0="87,68,75,7,73,41,82,111,135,125,66,74,64" hai1="46,9,86,0,42,93,37,22,99,26,19,98,12" hai2="43,129,59,27,79,8,47,88,112,133,21,58,55" hai3="70,119,104,110,57,49,77,102,48,106,84,28,60"/><U45/><E0/><V24/><F133/><W83/><G70/><T78/><D111/><U52/><E86/><V117/><F129/><W132/><G110/><T44/><D125/><U11/><E11/><V118/><F112/><W122/><G122/><T94/><D135/><U65/><E65/><V29/><F79/><W4/><G132/><T25/><D68/><U35/><E35/><V63/><F8/><W53/><G119/><T131/><D131/><U31/><REACH who="1" step="1"/><E93/><REACH who="1" ten="230,240,250,270" step="2"/><V69/><F118/><W127/><G106/><T76/><D94/><U2/><E2/><V114/><F117/><W1/><G127/><T62/><D66/><U6/><E6/><V61/><F114/><W36/><G4/><T17/><D7/><U103/><E103/><V121/><F121/><W54/><G1/><T124/><D124/><U10/><E10/><V15/><F69/><W128/><G84/><T95/><D95/><U80/><E80/><V89/><F15/><W115/><G83/><T3/><D3/><U100/><E100/><V32/><F32/><W81/><G102/><T92/><D92/><U123/><E123/><V90/><F27/><W107/><G104/><T91/><D76/><U39/><E39/><V67/><F90/><W71/><G77/><T56/><D78/><U101/><E101/><V116/><F116/><W23/><G107/><T126/><D126/><U16/><E16/><V50/><AGARI ba="0,1" hai="21,24,29,43,47,50,55,58,59,61,63,67,88,89" machi="50" ten="20,5200,0" yaku="0,1,7,1,8,1,54,1" doraHai="130" who="2" fromWho="2" sc="230,-13,240,-26,250,62,270,-13" /><INIT seed="2,0,0,5,5,77" ten="217,214,312,257" oya="2" hai0="57,15,27,87,85,73,111,67,46,28,89,4,54" hai1="101,128,96,42,80,31,100,44,112,9,71,78,33" hai2="109,25,119,124,93,132,103,131,79,102,126,0,45" hai3="120,51,5,116,129,62,12,26,29,14,106,16,74"/><V56/><F119/><W130/><G106/><T88/><D73/><U65/><E112/><V135/><F0/><W61/><G116/><T122/><D122/><U37/><E128/><N who="3" m="49258" /><G74/><T97/><D111/><U70/><E9/><V127/><F131/><W18/><G51/><N who="0" m="29047" /><D4/><U2/><E2/><V52/><F109/><W108/><G108/><T19/><D28/><U82/><E65/><V6/><F45/><W32/><G120/><T30/><D27/><U48/><E37/><V69/><F69/><W68/><G5/><T117/><D30/><U47/><E47/><V133/><F6/><W3/><G3/><T20/><D117/><U125/><E125/><V98/><F25/><W123/><G123/><T134/><D134/><U58/><E58/><V40/><F40/><W22/><G68/><T36/><D36/><U1/><E1/><V41/><F41/><W76/><G76/><T81/><D97/><U92/><E70/><V104/><F79/><W11/><AGARI ba="0,0" hai="11,12,14,16,18,22,26,29,32,61,62" m="49258" machi="11" ten="30,2000,0" yaku="19,1,54,1" doraHai="77" who="3" fromWho="3" sc="217,-5,214,-5,312,-10,257,20" /><INIT seed="3,0,0,3,1,3" ten="212,209,302,277" oya="3" hai0="132,62,97,31,109,51,17,25,40,84,131,27,6" hai1="18,35,38,59,55,133,98,76,28,89,30,111,112" hai2="39,103,63,16,108,72,88,15,91,68,4,83,42" hai3="48,5,12,93,71,81,7,26,113,124,78,61,36"/><W24/><G36/><T23/><D109/><U60/><E112/><V117/><F117/><W105/><G113/><T8/><D132/><U87/><E38/><V119/><F119/><W82/><G105/><T94/><D131/><U126/><E111/><V123/><F108/><W127/><G12/><N who="0" m="5143" /><D62/><U86/><E133/><V53/><F103/><W121/><G121/><T90/><D31/><N who="1" m="11819" /><E35/><V80/><F4/><N who="3" m="1611" /><G48/><T134/><D134/><U128/><E128/><V0/><F0/><W67/><G93/><N who="0" m="54471" /><D51/><U20/><E126/><N who="3" m="48170" /><G82/><T95/><D95/><N who="1" m="56687" /><E76/><V129/><F83/><W79/><G79/><T92/><D94/><U110/><E110/><V102/><F80/><W73/><AGARI ba="0,0" hai="24,26,61,67,71,73,78,81" m="48170,1611" machi="73" ten="30,11700,0" yaku="18,1,52,3" doraHai="3" who="3" fromWho="3" sc="212,-39,209,-39,302,-39,277,117" owari="173,-22.7,170,-33.0,263,6.3,394,49.4" /></mjloggm>