<mjloggm ver="2.3"><GO type="225" lobby="0"/><UN n0="%E3%81%A0%E3%81%8A" n1="%E3%82%B7%E3%83%B3%E5%A4%AA%E6%9C%97" n2="%45%6C%79%73%69%75%6D" n3="%E3%81%82%E3%82%93%E3%81%AA%E3%81%A4" dan="16,16,17,16" rate="2022.78,2111.70,2128.15,2126.50" sx="M,M,F,M"/><TAIKYOKU oya="0"/><INIT seed="0,0,0,5,0,125" ten="250,250,250,250" oya="0" hai0="79,7,56,128,112,99,21,38,35,100,109,120,118" hai1="18,71,10,104,6,39,106,108,134,126,105,130,8" hai2="83,42,89,114,17,77,2,13,34,121,70,33,12" hai3="4,16,68,90,135,64,26,101,63,69,74,57,14"/><T23/><D112/><U111/><E126/><V55/><F114/><W117/><G117/><T60/><D118/><U94/><E134/><V3/><F70/><W51/><G74/><T107/><D120/><U37/><E71/><V52/><F121/><W19/><G135/><T131/><D35/><U24/><E94/><V124/><F124/><W20/><G4/><T73/><D38/><U11/><E6/><V29/><F89/><W96/><G51/><T53/><D7/><U40/><E40/><V62/><F42/><W50/><G50/><T75/><D109/><N who="1" m="42059" /><E130/><N who="0" m="49705" /><D79/><U119/><E119/><V15/><F33/><W115/><G90/><T97/><D97/><U86/><E86/><V78/><F78/><W5/><G5/><T46/><D46/><U32/><E32/><V85/><F34/><W30/><G115/><T48/><D48/><U65/><E37/><V43/><F77/><W110/><G110/><T129/><N who="0" m="49713" /><T133/><DORA hai="58" /><D133/><U93/><E39/><V98/><F98/><W123/><G123/><T61/><D61/><U1/><E1/><V76/><F76/><W72/><G72/><AGARI ba="0,0" hai="21,23,53,56,60,72,73,75,99,100,107" m="49713" machi="72" ten="40,18000,2" yaku="19,1,52,5" doraHai="125,58" who="0" fromWho="3" sc="250,180,250,0,250,0,250,-180" /><INIT seed="0,1,0,3,0,116" ten="430,250,250,70" oya="0" hai0="121,12,76,60,32,119,114,120,26,55,30,46,106" hai1="118,47,20,117,92,25,27,124,129,41,50,100,38" hai2="101,110,105,17,84,87,78,59,58,97,40,113,23" hai3="15,28,6,73,7,98,93,35,53,56,103,109,80"/><T10/><D114/><U130/><E124/><V132/><F113/><W72/><G109/><T62/><D119/><U29/><E38/><V44/><F110/><W49/><G73/><T45/><D106/><U107/><E107/><V11/><F11/><W39/><G39/><T9/><D76/><U34/><E100/><V66/><F132/><W77/><REACH who="3" step="1"/><G15/><REACH who="3" ten="430,250,250,60" step="2"/><T127/><D12/><U14/><E14/><V134/><F134/><W89/><G89/><T104/><D127/><U133/><E133/><V85/><F78/><W48/><G48/><T115/><D60/><U22/><E118/><V36/><REACH who="2" step="1"/><F66/><REACH who="2" ten="430,250,240,60" step="2"/><W125/><G125/><T13/><D115/><U54/><E117/><V88/><F88/><W128/><G128/><T74/><D62/><U3/><E130/><V135/><F135/><W42/><G42/><T18/><D13/><AGARI ba="1,2" hai="13,17,23,36,40,44,58,59,84,85,87,97,101,105" machi="13" ten="40,2600,0" yaku="1,1,53,1" doraHai="116" doraHaiUra="95" who="2" fromWho="0" sc="430,-29,250,0,240,49,60,0" /><INIT seed="1,0,0,4,0,16" ten="401,250,289,60" oya="1" hai0="38,135,69,21,98,27,65,30,44,89,103,107,76" hai1="25,125,117,49,18,118,6,132,23,106,8,86,92" hai2="33,61,80,11,84,126,73,99,31,62,58,34,83" hai3="14,13,133,94,22,32,115,129,71,88,112,10,50"/><U85/><E106/><V93/><F126/><W42/><G71/><T66/><D135/><U29/><E132/><V24/><F73/><W63/><G32/><T72/><D69/><U128/><E125/><V101/><F11/><W52/><G133/><T5/><D5/><U95/><E128/><V104/><F34/><W100/><G129/><T28/><D28/><U75/><E75/><V7/><F7/><W90/><G42/><T64/><D89/><U4/><E117/><V55/><F84/><N who="1" m="32361" /><E118/><V131/><F131/><W60/><G112/><T108/><D72/><U74/><E74/><V3/><F3/><W57/><G100/><T124/><D76/><U43/><E29/><V91/><F104/><W46/><G94/><N who="1" m="35882" /><E8/><V1/><F101/><W70/><G70/><T9/><D9/><U119/><E119/><V114/><F114/><W111/><G63/><T40/><D124/><U122/><E122/><V97/><F97/><W113/><G111/><T105/><D105/><U20/><E20/><V123/><F123/><W77/><G77/><T0/><D0/><U45/><AGARI ba="0,0" hai="4,6,18,23,25,43,45,49" m="35882,32361" machi="45" ten="30,3000,0" yaku="8,1,52,1" doraHai="16" who="1" fromWho="1" sc="401,-10,250,30,289,-10,60,-10" /><INIT seed="1,1,0,5,0,77" ten="391,280,279,50" oya="1" hai0="95,75,100,74,128,38,27,51,120,90,52,111,40" hai1="42,31,33,73,118,105,106,121,63,66,53,62,93" hai2="107,47,23,36,10,119,49,22,65,97,67,37,25" hai3="68,124,0,17,30,58,2,21,64,7,131,83,123"/><U115/><E118/><V132/><F119/><W60/><G123/><T79/><D111/><U3/><E121/><V57/><F132/><W32/><G131/><T61/><D120/><U4/><E73/><V76/><F10/><W129/><G129/><T24/><D100/><U114/><E4/><V69/><F22/><W126/><G68/><T56/><D38/><U116/><E3/><V108/><F69/><W54/><G64/><T98/><D128/><U18/><E116/><V125/><F108/><W34/><G0/><T84/><D75/><U48/><E42/><V99/><F125/><W103/><G103/><T113/><D74/><U35/><E18/><V15/><F15/><W127/><G30/><T41/><D113/><U5/><E5/><V13/><F13/><W133/><G133/><T71/><D71/><U87/><E31/><V101/><F97/><W134/><G134/><T135/><D135/><U72/><E72/><V112/><F76/><W92/><G92/><N who="0" m="54343" /><D79/><U29/><E29/><V91/><F91/><W46/><G46/><N who="0" m="26055" /><D41/><U122/><E122/><V45/><F112/><W11/><REACH who="3" step="1"/><G83/><REACH who="3" ten="391,280,279,40" step="2"/><T9/><D56/><U88/><E114/><V96/><F57/><W43/><G43/><T8/><D95/><U109/><E115/><V102/><F65/><W78/><G78/><T117/><D117/><U110/><E109/><V86/><F67/><W80/><G80/><T19/><D98/><U130/><E110/><V55/><F45/><W59/><G59/><N who="0" m="35047" /><D8/><U12/><E130/><V6/><F102/><W70/><G70/><T28/><D28/><U1/><E66/><RYUUKYOKU ba="1,1" sc="391,15,280,-15,279,-15,40,15" hai0="9,19,24,27" hai3="2,7,11,17,21,32,34,54,58,60,124,126,127" /><INIT seed="2,2,1,0,2,21" ten="406,265,264,55" oya="2" hai0="26,28,125,33,1,12,48,133,64,46,34,73,43" hai1="95,42,7,131,121,74,10,86,39,122,117,87,71" hai2="68,77,50,106,24,18,80,92,19,62,129,5,78" hai3="99,17,63,93,57,9,114,81,52,91,127,56,120"/><V30/><F106/><W100/><G127/><T135/><D1/><U134/><E74/><V75/><F129/><W45/><G120/><N who="1" m="46186" /><E117/><V102/><F77/><W35/><G35/><T40/><D73/><U123/><E131/><V107/><F92/><W65/><G114/><T16/><D125/><U58/><E71/><V32/><F50/><W132/><G132/><N who="0" m="50763" /><D64/><U84/><E134/><V51/><F51/><W44/><G81/><T97/><D97/><U54/><E123/><V70/><F5/><W103/><G103/><T31/><D31/><U118/><E118/><V25/><F25/><W90/><G45/><T128/><D128/><U82/><E95/><V96/><F70/><W110/><G44/><T119/><D119/><U49/><E42/><V126/><F126/><W94/><G94/><T112/><D112/><U0/><E39/><V4/><F4/><W59/><G110/><T55/><D33/><U113/><E113/><V76/><F76/><AGARI ba="2,1" hai="0,7,10,49,54,58,76,82,84,86,87" m="46186" machi="76" ten="30,1000,0" yaku="13,1" doraHai="21" who="1" fromWho="2" sc="406,0,265,26,264,-16,55,0" /><INIT seed="3,0,0,0,0,101" ten="406,291,248,55" oya="3" hai0="129,42,124,30,28,34,71,41,1,6,36,105,111" hai1="48,83,86,20,110,79,55,77,16,70,133,81,40" hai2="14,84,85,121,3,114,21,24,61,22,93,56,54" hai3="65,62,64,119,25,128,67,118,76,88,94,135,107"/><W27/><G135/><T125/><D71/><U12/><E133/><V132/><F3/><W102/><G128/><T44/><D105/><U39/><E110/><V92/><F132/><W112/><G112/><T51/><D111/><U38/><E70/><V49/><F114/><W115/><G115/><T66/><D66/><U72/><E40/><V106/><F106/><W9/><G62/><T122/><D122/><U8/><E20/><V11/><F121/><W75/><G9/><T117/><D117/><U120/><E120/><V100/><F49/><W29/><G29/><T43/><D129/><U99/><E99/><N who="2" m="59495" /><F93/><W7/><G7/><T15/><D1/><U26/><E26/><V60/><F60/><W23/><G23/><N who="2" m="8713" /><F24/><W123/><G123/><T33/><D33/><U127/><E127/><N who="0" m="48713" /><D34/><U19/><E19/><AGARI ba="0,0" hai="11,14,19,54,56,61,84,85" m="8713,59495" machi="19" ten="30,1000,0" yaku="8,1" doraHai="101" who="2" fromWho="1" sc="406,0,291,-10,248,10,55,0" owari="406,50.6,281,8.1,258,-14.2,55,-44.5" /></mjloggm>