<mjloggm ver="2.3"><GO type="225" lobby="0"/><UN n0="%E8%81%B7%E6%A5%AD%E3%80%81%E9%A2%A8%32" n1="%E3%81%9F%E3%81%A3%E3%81%A1%E3%82%87" n2="%48%61%61%61%6C%61%6E%64" n3="%E6%A1%9C%E8%8A%B1%E9%96%83%E3%80%85" dan="16,16,18,18" rate="2111.84,2059.94,2250.26,2281.46" sx="M,M,M,M"/><TAIKYOKU oya="0"/><INIT seed="0,0,0,2,2,42" ten="250,250,250,250" oya="0" hai0="114,87,18,125,28,3,71,126,59,32,41,67,112" hai1="56,117,88,133,66,5,50,93,120,118,85,49,124" hai2="12,107,17,52,14,101,51,84,75,113,9,79,68" hai3="7,106,72,25,97,121,4,38,94,34,81,129,39"/><T108/><D3/><U105/><E120/><V73/><F68/><W26/><G121/><T44/><D32/><U98/><E124/><N who="0" m="47721" /><D28/><U57/><E133/><V70/><F70/><W10/><G7/><T21/><D71/><U43/><E5/><V83/><F113/><W24/><G129/><T11/><D11/><U77/><E56/><V132/><F132/><W64/><G64/><T22/><D108/><U122/><E122/><V80/><F107/><W27/><G106/><T46/><D41/><U48/><E43/><V96/><F83/><W86/><G72/><T16/><D87/><U40/><E40/><V111/><F111/><W110/><G110/><T74/><D74/><U82/><REACH who="1" step="1"/><E105/><REACH who="1" ten="250,240,250,250" step="2"/><V6/><F6/><W127/><G127/><T130/><D130/><U36/><E36/><V63/><F73/><W0/><G34/><T54/><D67/><U60/><AGARI ba="0,1" hai="48,49,50,57,60,66,77,82,85,88,93,98,117,118" machi="60" ten="30,7900,0" yaku="1,1,0,1,54,1,53,1" doraHai="42" doraHaiUra="62" who="1" fromWho="1" sc="250,-39,240,89,250,-20,250,-20" /><INIT seed="1,0,0,5,0,17" ten="211,329,230,230" oya="1" hai0="33,76,120,75,15,111,28,98,72,58,110,87,64" hai1="108,63,65,50,39,67,130,51,23,46,9,77,42" hai2="43,69,3,115,132,129,40,57,82,96,32,24,89" hai3="70,73,100,52,45,6,134,79,104,60,41,44,85"/><U13/><E130/><V86/><F69/><W16/><G73/><T47/><D120/><U8/><E77/><V133/><F3/><W125/><G6/><T113/><D113/><U48/><E108/><N who="0" m="41513" /><D33/><U92/><E92/><V61/><F129/><W118/><G125/><T36/><D28/><U127/><E127/><V124/><F124/><W14/><G70/><T131/><D131/><U56/><REACH who="1" step="1"/><E67/><REACH who="1" ten="211,319,230,230" step="2"/><V90/><F82/><W34/><G79/><T20/><D76/><U12/><E12/><V35/><F115/><W26/><G14/><T91/><D64/><U37/><E37/><V59/><F90/><W7/><G100/><T119/><D36/><U29/><E29/><V95/><F89/><W122/><G122/><T101/><D91/><U38/><E38/><V71/><F95/><W117/><G117/><T116/><D15/><U30/><E30/><V135/><F133/><W84/><G118/><T123/><D123/><U19/><AGARI ba="0,1" hai="8,9,13,19,23,39,42,46,48,50,51,56,63,65" machi="19" ten="30,6000,0" yaku="1,1,0,1,52,1,53,0" doraHai="17" doraHaiUra="102" who="1" fromWho="1" sc="211,-20,319,70,230,-20,230,-20" /><INIT seed="1,1,0,4,4,22" ten="191,389,210,210" oya="1" hai0="46,111,63,45,67,41,96,105,7,71,15,28,132" hai1="122,133,74,25,64,128,33,3,77,117,79,16,69" hai2="35,13,104,123,60,116,57,6,56,5,55,101,81" hai3="99,17,89,27,110,50,83,39,1,11,127,100,126"/><U120/><E117/><V14/><F116/><W107/><G39/><T134/><D111/><U40/><E3/><V95/><F104/><W26/><G110/><T59/><D28/><U76/><E40/><V34/><F123/><W20/><G50/><T88/><D7/><N who="2" m="2570" /><F34/><W44/><G44/><T90/><D15/><N who="2" m="5642" /><F35/><W113/><G113/><T87/><D46/><U103/><E128/><V70/><F70/><W98/><G11/><T125/><D71/><U93/><E133/><N who="0" m="51305" /><D125/><N who="3" m="47625" /><G1/><T47/><D47/><U0/><E74/><V62/><F81/><W131/><G131/><T38/><D87/><U73/><E0/><V37/><F37/><W18/><G83/><T129/><D129/><U2/><E120/><V9/><F9/><W43/><G43/><T23/><D23/><U32/><E2/><V21/><F21/><N who="3" m="13615" /><G99/><T109/><D109/><U80/><E73/><V51/><F56/><W115/><G115/><T84/><D84/><U118/><E32/><V72/><F72/><W97/><G97/><AGARI ba="1,0" hai="51,55,57,60,62,95,97,101" m="5642,2570" machi="97" ten="30,1000,0" yaku="8,1" doraHai="22" who="2" fromWho="3" sc="191,0,389,0,210,13,210,-13" /><INIT seed="2,0,0,5,4,80" ten="191,389,223,197" oya="2" hai0="43,24,108,69,88,52,19,81,38,48,89,9,62" hai1="35,20,86,42,77,17,41,65,123,132,127,116,60" hai2="67,32,122,84,117,129,85,134,87,73,22,40,111" hai3="120,8,64,18,0,112,5,59,119,54,90,83,121"/><V31/><F117/><W30/><G119/><T27/><D108/><U107/><E116/><V25/><F122/><W7/><G64/><T118/><D118/><U82/><E35/><V105/><F111/><W76/><G112/><T74/><D38/><U91/><E107/><V14/><F73/><W94/><G30/><T34/><D34/><U47/><E123/><V66/><F129/><W106/><G106/><T75/><D74/><U110/><E110/><V72/><F72/><W44/><G44/><N who="0" m="25631" /><D69/><U128/><E127/><V2/><F134/><W46/><G46/><T55/><D75/><U39/><E42/><V126/><F126/><W102/><G102/><T56/><D55/><U28/><E128/><V114/><F114/><W113/><G113/><T49/><D49/><U124/><E124/><V57/><F2/><W78/><G7/><T99/><D89/><U103/><E103/><V1/><F1/><W63/><G18/><T130/><D130/><U70/><E28/><V50/><F105/><W13/><G0/><T26/><D99/><U115/><E132/><V109/><F109/><W71/><G71/><T92/><D92/><U68/><E115/><V93/><F93/><W133/><G133/><T45/><D45/><U104/><E104/><V95/><F95/><W135/><G135/><T61/><D61/><U3/><E3/><V97/><F97/><N who="3" m="57559" /><G78/><T125/><D125/><U98/><E98/><V58/><F40/><W51/><G63/><T12/><D27/><U53/><E70/><V131/><F131/><W16/><G5/><T21/><D9/><U23/><E68/><RYUUKYOKU ba="0,0" sc="191,15,389,-15,223,-15,197,15" hai0="12,19,21,24,26,52,56,62,81,88" hai3="8,13,16,51,54,59,76,83,120,121" /><INIT seed="3,1,0,4,0,126" ten="206,374,208,212" oya="3" hai0="0,37,21,70,14,77,102,108,80,22,97,52,32" hai1="50,64,34,49,71,89,29,122,82,59,110,135,39" hai2="90,109,79,78,60,45,56,47,27,44,20,31,111" hai3="58,24,120,74,7,54,10,55,100,68,76,95,2"/><W33/><G120/><T117/><D0/><U92/><E122/><V81/><F90/><W114/><G114/><T38/><D32/><U101/><E39/><V121/><F121/><W18/><G68/><T3/><D3/><U69/><E110/><N who="2" m="41995" /><F81/><W113/><G113/><T132/><D70/><U23/><E92/><V11/><F11/><W123/><G123/><T116/><D108/><U4/><E49/><V88/><F88/><W40/><G76/><T107/><D132/><U61/><E59/><V63/><F63/><W42/><G58/><T67/><D67/><AGARI ba="1,0" hai="20,27,31,44,45,47,56,60,67,78,79" m="41995" machi="67" ten="30,1000,0" yaku="14,1" doraHai="126" who="2" fromWho="0" sc="206,-13,374,0,208,13,212,0" owari="193,-30.7,374,47.4,221,2.1,212,-18.8" /></mjloggm>