<mjloggm ver="2.3"><GO type="225" lobby="0"/><UN n0="%E3%81%86%E3%83%BC%E3%81%B1%E3%83%BC" n1="%6E%69%63%6F%6E%74%6F" n2="%E4%BE%BF%E6%89%80" n3="%33%74%72%65%65" dan="16,17,16,16" rate="2129.64,2127.54,2077.20,2134.30" sx="F,M,M,F"/><TAIKYOKU oya="0"/><INIT seed="0,0,0,0,1,134" ten="250,250,250,250" oya="0" hai0="28,94,67,86,124,119,74,113,99,21,23,90,34" hai1="118,132,19,62,84,135,107,91,16,75,82,54,59" hai2="100,92,111,102,110,83,57,7,11,24,69,43,70" hai3="6,47,32,129,12,130,98,122,50,39,58,52,101"/><T36/><D113/><U46/><E118/><V38/><F57/><W81/><G32/><T127/><D119/><U66/><E107/><V29/><F83/><W26/><G122/><T15/><D74/><U42/><E75/><V2/><F43/><W116/><G116/><T0/><D0/><U1/><E1/><V22/><F38/><W3/><G3/><T106/><D36/><U41/><E41/><V79/><F79/><W25/><G81/><T109/><D109/><N who="2" m="41482" /><F92/><N who="3" m="58567" /><G58/><T18/><D34/><U60/><E135/><V9/><F9/><N who="3" m="4151" /><G39/><T56/><D106/><U68/><REACH who="1" step="1"/><E132/><REACH who="1" ten="250,240,250,250" step="2"/><V20/><F20/><W51/><G51/><AGARI ba="0,1" hai="16,19,42,46,51,54,59,60,62,66,68,82,84,91" machi="51" ten="30,8000,1" yaku="1,1,2,1,7,1,54,1,53,1" doraHai="134" doraHaiUra="85" who="1" fromWho="3" sc="250,0,240,90,250,0,250,-80" /><INIT seed="1,0,0,0,1,91" ten="250,330,250,170" oya="1" hai0="56,83,100,122,62,108,79,102,116,123,120,73,26" hai1="128,85,106,71,57,35,72,41,87,67,17,24,13" hai2="81,68,80,59,75,131,28,40,133,98,10,134,19" hai3="76,94,29,125,104,109,14,54,42,53,63,12,107"/><U23/><E106/><V92/><F68/><W21/><G76/><T124/><D116/><U33/><E72/><V89/><F131/><W4/><G42/><T18/><D108/><U114/><E114/><V37/><F28/><W70/><G109/><T45/><D124/><U47/><E128/><V88/><F59/><W31/><G70/><T49/><D26/><U38/><E71/><V5/><F19/><W112/><G63/><T55/><REACH who="0" step="1"/><D18/><REACH who="0" ten="240,330,250,170" step="2"/><U113/><E113/><V1/><F75/><W64/><G112/><T30/><D30/><U126/><E126/><V2/><F2/><W69/><G125/><T127/><D127/><U118/><E118/><V16/><F16/><W78/><G31/><T15/><D15/><U44/><E24/><V6/><F6/><W129/><G129/><T135/><D135/><N who="2" m="51722" /><F89/><W0/><G29/><T105/><D105/><U86/><E35/><V119/><F119/><W99/><G0/><T82/><D82/><U74/><E33/><V48/><F37/><W101/><G4/><T3/><D3/><U110/><E110/><V7/><F7/><W39/><G39/><T11/><D11/><U58/><E38/><V22/><F22/><W117/><G117/><T66/><AGARI ba="0,1" hai="45,49,55,56,62,66,73,79,83,100,102,120,122,123" machi="66" ten="30,4000,0" yaku="1,1,0,1,13,1,53,0" doraHai="91" doraHaiUra="121" who="0" fromWho="0" sc="240,50,330,-20,250,-10,170,-10" /><INIT seed="2,0,0,0,2,71" ten="290,310,240,160" oya="2" hai0="24,62,39,98,78,76,60,36,25,63,30,14,5" hai1="108,52,33,119,59,1,92,27,6,66,57,118,121" hai2="120,47,109,56,80,112,133,37,12,67,97,114,103" hai3="105,49,123,42,107,43,68,132,95,45,23,126,100"/><V53/><F120/><W81/><G123/><T40/><D40/><U7/><E121/><V18/><F133/><W65/><G132/><T96/><D14/><U101/><E108/><V10/><F109/><W64/><G126/><T106/><D5/><U130/><E130/><V131/><F131/><W50/><G81/><T128/><D128/><U51/><E66/><V117/><F117/><W90/><G23/><T2/><D2/><U34/><E59/><V22/><F80/><W99/><G68/><T83/><D83/><U115/><E115/><V111/><F111/><W31/><G31/><T29/><D63/><U8/><E7/><V70/><F70/><W93/><G105/><AGARI ba="0,0" hai="24,25,29,30,36,39,60,62,76,78,96,98,105,106" machi="105" ten="25,6400,0" yaku="22,2,52,2" doraHai="71" who="0" fromWho="3" sc="290,64,310,0,240,0,160,-64" /><INIT seed="3,0,0,0,5,102" ten="354,310,240,96" oya="3" hai0="44,133,37,120,54,13,129,72,45,74,64,70,10" hai1="60,99,48,50,29,32,80,134,27,115,113,28,103" hai2="16,77,24,66,11,87,51,52,101,56,25,123,19" hai3="112,104,94,76,57,88,69,92,0,130,128,135,68"/><W18/><G112/><T125/><D120/><U108/><E108/><V78/><F123/><W111/><G111/><T107/><D107/><U39/><E134/><V132/><F132/><W89/><G135/><T67/><D70/><N who="3" m="27241" /><G0/><T35/><D35/><U119/><E39/><V98/><F66/><W131/><G76/><N who="2" m="29289" /><F87/><N who="3" m="52255" /><G57/><T20/><D67/><U40/><E119/><V126/><F126/><W105/><G18/><N who="2" m="6697" /><F11/><W93/><G93/><AGARI ba="0,0" hai="24,25,51,52,56,93,98,101" m="6697,29289" machi="93" ten="30,3900,0" yaku="8,1,54,2" doraHai="102" who="2" fromWho="3" sc="354,0,310,0,240,39,96,-39" owari="354,45.4,310,11.0,279,-12.1,57,-44.3" /></mjloggm>