<mjloggm ver="2.3"><GO type="225" lobby="0"/><UN n0="%E3%83%B4%E3%83%A0%EF%BC%99%E3%81%A6" n1="%41%54%53%4D" n2="%E3%81%86%E3%81%A9%E3%82%93%E3%81%93" n3="%33%74%72%65%65" dan="17,16,16,17" rate="2201.47,2116.43,2146.30,2206.47" sx="M,M,M,F"/><TAIKYOKU oya="0"/><INIT seed="0,0,0,5,3,18" ten="250,250,250,250" oya="0" hai0="119,20,53,56,132,48,25,126,103,100,102,45,46" hai1="96,61,77,87,39,101,70,97,131,0,86,67,9" hai2="65,16,116,57,129,110,89,123,93,135,115,8,42" hai3="113,4,75,41,14,85,38,26,66,134,10,21,33"/><T124/><D132/><U83/><E39/><V128/><F115/><W59/><G134/><T109/><D119/><U47/><E131/><N who="2" m="50251" /><F135/><W52/><G75/><T40/><D109/><U29/><E47/><V11/><F123/><W125/><G113/><T5/><D5/><U19/><E29/><V82/><F82/><W117/><G117/><T63/><REACH who="0" step="1"/><D46/><REACH who="0" ten="240,250,250,250" step="2"/><U7/><E7/><V36/><F110/><W27/><G125/><T118/><D118/><U69/><E0/><V60/><F116/><W74/><G74/><T2/><D2/><U51/><E70/><V79/><F57/><W44/><G66/><T121/><D121/><U133/><E133/><V1/><F1/><W6/><G6/><T122/><D122/><U114/><E67/><V120/><F65/><W15/><G33/><T91/><D91/><U111/><E69/><V92/><F89/><W35/><G35/><T71/><D71/><U80/><E111/><V104/><F120/><W54/><G85/><T76/><D76/><U130/><E77/><V32/><F79/><W84/><G84/><T90/><D90/><U24/><E130/><V34/><F34/><W105/><G44/><T88/><D88/><U72/><E87/><V31/><F32/><W99/><G4/><T108/><D108/><U112/><E86/><V106/><F36/><W3/><G38/><T81/><D81/><U64/><E83/><V73/><F73/><W12/><G3/><T68/><D68/><U98/><E80/><V49/><F42/><W107/><G41/><T17/><AGARI ba="0,1" hai="17,20,25,40,45,48,53,56,63,100,102,103,124,126" machi="17" ten="30,6000,0" yaku="1,1,0,1,52,1,53,0" doraHai="18" doraHaiUra="127" who="0" fromWho="0" sc="240,70,250,-20,250,-20,250,-20" /><INIT seed="0,1,0,4,0,18" ten="310,230,230,230" oya="0" hai0="53,37,2,58,47,105,21,78,11,97,14,13,118" hai1="108,99,42,8,81,126,115,61,111,38,135,35,96" hai2="41,3,55,74,130,63,31,44,1,73,114,62,90" hai3="123,107,66,56,87,104,0,28,36,27,88,23,52"/><T65/><D118/><U22/><E35/><V19/><F114/><W86/><G123/><T16/><D78/><U60/><E115/><V117/><F130/><W71/><G36/><T34/><D34/><U25/><E135/><V57/><F117/><W134/><G0/><T100/><D65/><U80/><E126/><V95/><F63/><N who="1" m="24137" /><E8/><V85/><F31/><W48/><G71/><T83/><D83/><N who="1" m="31819" /><E42/><V93/><F1/><W133/><G66/><T45/><D37/><U51/><E51/><V20/><F93/><N who="3" m="54423" /><G87/><T109/><D2/><U49/><E49/><V129/><F129/><W24/><G24/><T68/><D68/><U82/><E38/><V89/><F89/><W72/><G72/><T7/><D109/><N who="1" m="42059" /><E82/><V32/><F32/><W30/><G30/><AGARI ba="1,0" hai="22,25,30,96,99" m="42059,31819,24137" machi="30" ten="30,2000,0" yaku="14,1,52,1" doraHai="18" who="1" fromWho="3" sc="310,0,230,23,230,0,230,-23" /><INIT seed="1,0,0,0,3,97" ten="310,253,230,207" oya="1" hai0="45,39,41,37,4,105,125,21,30,133,38,83,8" hai1="112,88,10,70,119,35,32,114,124,44,127,116,89" hai2="68,123,20,72,42,23,86,104,63,53,134,111,121" hai3="131,51,49,43,96,102,90,128,1,14,54,19,87"/><U135/><E70/><V22/><F72/><W129/><G1/><N who="0" m="15" /><D21/><U67/><E135/><V120/><F134/><W85/><G43/><T18/><D18/><U48/><E67/><V126/><F111/><W74/><G74/><T77/><D133/><U113/><E10/><V95/><F104/><W55/><G51/><T92/><D92/><U58/><E58/><V103/><F42/><W12/><G12/><T36/><D30/><U2/><E2/><V91/><F126/><N who="1" m="48169" /><E48/><V59/><REACH who="2" step="1"/><F68/><REACH who="2" ten="310,253,220,207" step="2"/><W132/><G132/><T73/><D125/><U84/><E119/><V78/><F78/><W65/><G129/><T117/><D117/><U28/><E116/><V108/><F108/><W46/><G131/><T80/><D105/><U50/><E114/><V7/><F7/><W110/><G128/><T5/><D5/><U57/><E113/><V40/><F40/><W107/><G110/><T6/><D6/><U26/><E112/><V118/><F118/><W11/><G65/><T109/><D109/><U34/><E57/><V31/><F31/><W0/><G0/><T60/><D36/><U33/><E84/><V17/><F17/><W106/><G85/><T15/><D37/><U82/><E82/><V3/><F3/><W25/><G106/><T93/><D38/><U61/><E61/><V130/><F130/><W94/><REACH who="3" step="1"/><G55/><AGARI ba="0,1" hai="26,28,32,33,34,35,44,50,55,88,89" m="48169" machi="55" ten="40,3900,0" yaku="18,1,54,1" doraHai="97" who="1" fromWho="3" sc="310,0,253,49,220,0,207,-39" /><INIT seed="1,1,0,0,1,76" ten="310,302,220,168" oya="1" hai0="125,59,60,80,29,9,0,11,20,10,26,71,102" hai1="17,96,127,75,22,44,40,38,66,111,23,98,88" hai2="122,4,130,78,57,81,70,110,6,54,129,3,118" hai3="58,79,94,131,105,21,51,117,97,53,120,90,13"/><U41/><E127/><V83/><F70/><W133/><G120/><T43/><D125/><U114/><E114/><V112/><F118/><W36/><G133/><T103/><D0/><U56/><E111/><V65/><F122/><W27/><G117/><T128/><D128/><N who="2" m="49258" /><F110/><W95/><G131/><T35/><D71/><U46/><E75/><V73/><F3/><W25/><G36/><T45/><D35/><U49/><E66/><V37/><F37/><W121/><G121/><T28/><D28/><U32/><E32/><V74/><F65/><W2/><G2/><T87/><D45/><U124/><E124/><V113/><F74/><W24/><G79/><N who="0" m="46495" /><D43/><U5/><E5/><N who="2" m="2155" /><F83/><W14/><G105/><T12/><D12/><U1/><E1/><V52/><F54/><AGARI ba="1,0" hai="9,10,11,20,26,29,54,59,60,102,103" m="46495" machi="54" ten="30,2000,0" yaku="8,1,52,1" doraHai="76" who="0" fromWho="2" sc="310,23,302,0,220,-23,168,0" /><INIT seed="2,0,0,4,3,39" ten="333,302,197,168" oya="2" hai0="134,29,7,48,85,37,92,86,60,58,36,20,127" hai1="72,68,46,111,110,126,11,59,43,26,114,124,55" hai2="61,89,98,108,120,73,80,50,106,54,100,63,32" hai3="97,41,66,10,4,23,131,99,93,31,112,34,88"/><V74/><F120/><W19/><G131/><T123/><D123/><U67/><E72/><V90/><F32/><W17/><G112/><T9/><D48/><N who="1" m="31207" /><E114/><V107/><F107/><W56/><G34/><T13/><D127/><N who="1" m="48683" /><E26/><V5/><F5/><W12/><G99/><T30/><D134/><U104/><E11/><V91/><F108/><W76/><G76/><T64/><D36/><N who="1" m="21863" /><E104/><V14/><F14/><W82/><G82/><T65/><D37/><U62/><AGARI ba="0,0" hai="62,67,68,110,111" m="21863,48683,31207" machi="62" ten="30,8000,1" yaku="24,1,18,1,34,2,52,1" doraHai="39" who="1" fromWho="1" sc="333,-20,302,80,197,-40,168,-20" /><INIT seed="3,0,0,4,2,13" ten="313,382,157,148" oya="3" hai0="73,8,30,42,104,68,127,33,51,54,1,128,109" hai1="34,107,126,39,61,18,105,29,123,35,80,135,71" hai2="121,4,133,52,66,48,32,113,49,19,118,50,114" hai3="82,112,90,72,98,3,23,41,129,40,9,130,131"/><W84/><G112/><T10/><D104/><U93/><E123/><V97/><F118/><W78/><G98/><T86/><D73/><U99/><E39/><V85/><F32/><W11/><G23/><T88/><D68/><U16/><E80/><V92/><F121/><W46/><G3/><T57/><D128/><U94/><E126/><V95/><F4/><W119/><G119/><T116/><D116/><U15/><E135/><V65/><F133/><W27/><G27/><T24/><D127/><U110/><E110/><V20/><F113/><W77/><G41/><T59/><D109/><U74/><E74/><V132/><F132/><W31/><G31/><T36/><D1/><U64/><E107/><V76/><F52/><W17/><G17/><N who="1" m="6762" /><E15/><V26/><F114/><W38/><REACH who="3" step="1"/><G78/><REACH who="3" ten="313,382,157,138" step="2"/><T87/><D24/><N who="1" m="18727" /><E35/><V111/><F111/><W134/><G134/><T106/><D33/><U56/><E99/><V22/><F22/><W44/><G44/><T100/><D30/><U63/><E105/><V5/><F5/><W115/><G115/><T62/><D106/><U125/><E125/><V14/><F26/><W6/><G6/><T103/><D42/><U81/><E71/><V2/><F2/><W45/><G45/><T47/><D47/><U122/><E122/><V21/><F21/><W25/><G25/><T102/><D8/><U67/><E56/><V7/><F7/><W89/><G89/><T96/><D10/><U124/><E124/><V0/><F0/><W79/><G79/><T12/><D59/><U55/><E67/><N who="2" m="25611" /><F97/><W60/><G60/><N who="0" m="35895" /><D96/><U91/><E64/><RYUUKYOKU ba="0,1" sc="313,-15,382,-15,157,15,138,15" hai2="14,19,20,48,49,50,76,85,92,95" hai3="9,11,38,40,46,72,77,82,84,90,129,130,131" /><INIT seed="3,1,1,5,1,82" ten="298,367,172,153" oya="3" hai0="66,68,134,6,69,1,19,85,119,105,84,26,57" hai1="61,34,80,117,97,15,114,65,38,41,47,83,123" hai2="71,5,95,89,133,113,77,43,9,51,53,127,60" hai3="11,10,24,121,107,98,12,132,63,76,88,42,94"/><W17/><G121/><T108/><D119/><U93/><E123/><V58/><F113/><W86/><G132/><T111/><D105/><U75/><E114/><V37/><F133/><W64/><G42/><T0/><D134/><U28/><E117/><V115/><F77/><W22/><G107/><T31/><D19/><U104/><E75/><V14/><F115/><W62/><G11/><T52/><D66/><U18/><E104/><V72/><F72/><W40/><G40/><T54/><D68/><U125/><E28/><V96/><F127/><W118/><G118/><T106/><D69/><U81/><E34/><V92/><F37/><W16/><G64/><T110/><D106/><U56/><E125/><V30/><F30/><W49/><G49/><N who="0" m="30863" /><D54/><U50/><E38/><V126/><F126/><W91/><G76/><T70/><D70/><U74/><E74/><V116/><F116/><W29/><G29/><T23/><D6/><U103/><E83/><AGARI ba="1,1" hai="10,12,16,17,22,24,62,63,83,86,88,91,94,98" machi="83" ten="30,12000,1" yaku="7,1,8,1,52,1,54,2" doraHai="82" who="3" fromWho="1" sc="298,0,367,-123,172,0,153,133" /><INIT seed="3,2,0,4,4,117" ten="298,244,172,286" oya="3" hai0="107,13,90,50,42,133,53,76,4,1,25,115,114" hai1="3,122,106,55,121,127,66,48,64,79,82,28,21" hai2="63,132,40,123,17,20,61,95,71,49,129,15,70" hai3="120,8,9,93,45,113,11,119,110,96,75,74,56"/><W72/><G120/><T32/><D1/><U18/><E106/><V24/><F129/><W27/><G119/><T68/><D68/><U23/><E3/><V41/><F132/><W31/><G113/><N who="0" m="43019" /><D107/><U111/><E111/><V83/><F123/><W34/><G110/><T118/><D118/><U84/><E127/><V36/><F36/><W91/><G56/><T26/><D133/><U103/><E103/><V109/><F109/><W125/><G45/><N who="0" m="25911" /><D32/><U101/><E101/><V98/><F83/><W135/><G135/><T99/><D76/><U7/><E7/><V116/><F116/><W105/><G105/><T80/><D53/><U14/><E121/><V86/><F86/><W5/><REACH who="3" step="1"/><G125/><REACH who="3" ten="298,244,172,276" step="2"/><T94/><D80/><U43/><E122/><V16/><F71/><W19/><G19/><T29/><D29/><U47/><E43/><N who="2" m="16459" /><F70/><W134/><G134/><T124/><D124/><U131/><E131/><V100/><F49/><W0/><AGARI ba="2,1" hai="0,5,8,9,11,27,31,34,72,74,75,91,93,96" machi="0" ten="30,3000,0" yaku="1,1,0,1,53,0" doraHai="117" doraHaiUra="44" who="3" fromWho="3" sc="298,-12,244,-12,172,-12,276,46" owari="286,8.6,232,-16.8,160,-34.0,322,42.2" /></mjloggm>