<mjloggm ver="2.3"><GO type="225" lobby="0"/><UN n0="%E8%B6%85%E7%B4%9A%E9%B3%B3%E5%87%B0" n1="%E3%81%BF%E3%81%BF%E3%81%9A" n2="%72%65%6E%6B%75%6E" n3="%E3%81%B5%E3%81%98%E3%81%8B%E3%81%A4" dan="16,18,17,16" rate="2147.16,2257.12,2233.10,2195.17" sx="F,M,M,M"/><TAIKYOKU oya="0"/><INIT seed="0,0,0,4,1,60" ten="250,250,250,250" oya="0" hai0="103,110,74,40,93,19,7,86,38,131,30,90,13" hai1="0,117,82,106,72,55,94,99,61,37,17,123,98" hai2="108,89,109,29,16,5,66,124,85,52,95,46,121" hai3="87,4,11,2,24,113,59,41,48,105,71,28,91"/><T51/><D74/><U119/><E117/><V50/><F121/><W27/><G113/><T76/><D131/><U132/><E37/><V67/><F124/><W115/><G105/><T47/><D110/><N who="2" m="42602" /><F29/><W69/><G115/><T125/><D125/><U8/><E119/><V88/><F5/><W81/><G27/><T63/><D30/><U92/><E123/><V57/><F16/><W107/><G107/><T102/><D7/><U128/><E132/><V118/><F118/><W21/><REACH who="3" step="1"/><G59/><REACH who="3" ten="250,250,250,240" step="2"/><T6/><D47/><AGARI ba="0,1" hai="2,4,11,21,24,28,41,47,48,69,71,81,87,91" machi="47" ten="40,2600,0" yaku="1,1,2,1,53,0" doraHai="60" doraHaiUra="114" who="3" fromWho="0" sc="250,-26,250,0,250,0,240,36" /><INIT seed="1,0,0,0,2,64" ten="224,250,250,276" oya="1" hai0="22,63,38,110,55,45,19,44,79,61,87,3,21" hai1="94,119,104,80,95,125,88,106,86,123,15,112,103" hai2="39,113,84,36,35,59,43,51,116,18,58,33,98" hai3="135,89,57,27,105,118,127,83,71,107,93,81,4"/><U108/><E112/><V130/><F116/><W12/><G118/><T42/><D3/><U122/><E119/><V128/><F113/><W109/><G71/><T46/><D110/><U62/><E62/><V97/><F84/><W92/><G109/><T114/><D114/><U54/><E54/><V5/><F18/><W24/><G57/><T101/><D101/><U75/><E15/><V49/><REACH who="2" step="1"/><F43/><REACH who="2" ten="224,250,240,276" step="2"/><W8/><G127/><T40/><D19/><U85/><E108/><V48/><F48/><W82/><G82/><T111/><D111/><U23/><E75/><V115/><F115/><W100/><G83/><T2/><D40/><U29/><E125/><V126/><F126/><W131/><G81/><T117/><D117/><U96/><E29/><V68/><F68/><W10/><G131/><T41/><D42/><U60/><E60/><V90/><F90/><W53/><G89/><T17/><D61/><U20/><E20/><V72/><F72/><W13/><G10/><T0/><D63/><U121/><E23/><V7/><AGARI ba="0,1" hai="5,7,33,35,36,39,49,51,58,59,97,98,128,130" machi="7" ten="25,6400,0" yaku="1,1,0,1,22,2,53,0" doraHai="64" doraHaiUra="129" who="2" fromWho="2" sc="224,-16,250,-32,240,74,276,-16" /><INIT seed="2,0,0,4,4,80" ten="208,218,314,260" oya="2" hai0="78,100,15,33,58,123,60,50,7,56,131,62,93" hai1="84,116,111,66,22,24,122,59,83,37,82,40,5" hai2="2,26,20,25,65,61,52,92,108,44,70,74,45" hai3="9,101,129,55,39,67,75,86,47,28,38,76,104"/><V85/><F74/><W35/><G129/><T97/><D123/><U103/><E116/><V87/><F2/><W3/><G55/><N who="0" m="31863" /><D33/><U120/><E5/><V49/><F108/><W125/><G67/><T51/><D131/><U72/><E111/><V113/><F113/><W114/><G114/><T126/><D126/><U106/><E72/><V63/><F63/><W10/><G10/><N who="0" m="4575" /><D78/><U46/><E82/><V54/><F92/><W69/><G125/><T91/><D91/><U17/><E103/><V48/><F26/><W81/><G69/><T27/><D27/><U14/><E106/><V132/><REACH who="2" step="1"/><F132/><REACH who="2" ten="208,218,304,260" step="2"/><W6/><G75/><T130/><D130/><U4/><E66/><V133/><F133/><W118/><G3/><T64/><D64/><U34/><E122/><V119/><F119/><W31/><G104/><T71/><D71/><U117/><E120/><V124/><F124/><W32/><G118/><T134/><D134/><U42/><E117/><V13/><F13/><W57/><G32/><T115/><D115/><U12/><E34/><V112/><F112/><W19/><G35/><T21/><D21/><U109/><E109/><V0/><F0/><W98/><G9/><T79/><D79/><N who="1" m="46207" /><E4/><V23/><F23/><W68/><G6/><T1/><D1/><U127/><E127/><V8/><F8/><W96/><G76/><T99/><D99/><U121/><E121/><V135/><F135/><W11/><G98/><T43/><D43/><U110/><E110/><V41/><F41/><W36/><G96/><T107/><D107/><U95/><E42/><V16/><AGARI ba="0,1" hai="16,20,25,44,45,48,49,52,54,61,65,70,85,87" machi="16" ten="20,24000,3" yaku="1,1,5,1,0,1,7,1,9,1,52,2,54,2,53,0" doraHai="80" doraHaiUra="90" who="2" fromWho="2" sc="208,-80,218,-80,304,250,260,-80" /><INIT seed="2,1,0,4,5,84" ten="128,138,554,180" oya="2" hai0="56,83,92,46,6,130,94,16,98,30,99,64,96" hai1="60,86,32,28,66,105,0,51,129,5,63,62,55" hai2="133,80,107,104,116,39,54,17,37,131,58,102,97" hai3="53,81,122,29,2,61,42,111,10,76,126,38,59"/><V12/><F116/><W33/><G122/><T110/><D110/><U18/><E105/><V35/><F35/><W4/><G111/><T34/><D130/><U67/><E129/><V114/><F114/><W45/><G126/><T73/><D6/><U1/><E32/><V70/><F70/><W90/><G33/><T117/><D117/><U93/><E28/><V109/><F131/><W127/><G127/><T31/><D46/><U71/><E5/><V21/><F109/><W72/><G29/><T118/><D118/><U26/><E71/><V69/><F69/><W113/><G113/><T48/><D73/><U82/><E93/><N who="0" m="35945" /><D34/><U22/><E0/><V75/><F107/><W25/><G25/><T85/><D16/><U7/><E7/><V3/><F3/><W125/><G125/><T78/><D48/><U123/><E1/><V119/><F119/><W121/><G121/><T43/><D43/><U77/><REACH who="1" step="1"/><E123/><REACH who="1" ten="128,128,554,180" step="2"/><V44/><F104/><W27/><G2/><T124/><D124/><U89/><E89/><V74/><F80/><W23/><G90/><T106/><D106/><U128/><E128/><V65/><F102/><W15/><G4/><T47/><D30/><U87/><E87/><V108/><F75/><W95/><G95/><T57/><D31/><U49/><E49/><V50/><F74/><W19/><G72/><T68/><D68/><U36/><E36/><V120/><F39/><W135/><G81/><T79/><D79/><U11/><E11/><V20/><F37/><W41/><G76/><T103/><D78/><U100/><E100/><V132/><F120/><RYUUKYOKU ba="1,1" sc="128,-10,128,30,554,-10,180,-10" hai1="18,22,26,51,55,60,62,63,66,67,77,82,86" /><INIT seed="3,2,1,0,1,23" ten="118,158,544,170" oya="3" hai0="130,78,22,28,40,55,53,46,27,73,133,26,47" hai1="84,115,113,88,9,116,42,64,52,109,48,31,100" hai2="63,20,13,76,37,71,90,83,19,70,2,108,16" hai3="35,33,60,8,69,80,10,38,12,21,67,86,127"/><W5/><G127/><T65/><D130/><U45/><E100/><V32/><F2/><W106/><G106/><T54/><D133/><U68/><E31/><V24/><F37/><W11/><G38/><T94/><D73/><U93/><E109/><V104/><F104/><W129/><G129/><T107/><D78/><U105/><E105/><V1/><F1/><W41/><G41/><T92/><D107/><U56/><E9/><V57/><F90/><W111/><G111/><T7/><D65/><U95/><E95/><N who="0" m="36393" /><D7/><U51/><REACH who="1" step="1"/><E116/><REACH who="1" ten="118,148,544,170" step="2"/><V117/><F108/><W58/><G11/><T89/><D89/><U112/><E112/><V30/><F117/><W44/><G10/><T74/><D74/><U110/><E110/><V3/><F3/><W114/><G114/><T91/><D91/><U82/><E82/><V4/><F4/><W87/><G80/><T43/><D26/><U36/><E36/><V17/><F32/><W0/><G5/><T131/><D131/><U6/><E6/><V118/><F118/><W77/><G8/><T126/><D126/><U132/><E132/><V134/><F134/><W121/><G121/><T85/><D85/><U15/><E15/><V50/><F13/><W97/><G86/><T120/><D120/><U61/><AGARI ba="2,2" hai="42,45,48,51,52,56,61,64,68,84,88,93,113,115" machi="61" ten="30,7900,0" yaku="1,1,0,1,54,2,53,0" doraHai="23" doraHaiUra="135" who="1" fromWho="1" sc="118,-22,148,105,544,-22,170,-41" owari="96,-40.4,253,5.3,522,62.2,129,-27.1" /></mjloggm>