<mjloggm ver="2.3"><GO type="225" lobby="0"/><UN n0="%E5%B8%86%E7%AB%8B%E5%A4%8F%E8%A1%A3" n1="%41%54%53%4D" n2="%E3%81%8F%E3%81%BE%E3%81%96%E3%82%8F" n3="%33%74%72%65%65" dan="17,16,16,17" rate="2152.08,2090.64,2047.40,2222.53" sx="M,M,M,F"/><TAIKYOKU oya="0"/><INIT seed="0,0,0,3,1,48" ten="250,250,250,250" oya="0" hai0="82,115,69,113,97,108,71,7,130,41,102,9,70" hai1="12,66,62,125,33,75,21,58,18,114,79,53,3" hai2="45,43,19,126,89,32,98,14,91,119,80,86,37" hai3="72,120,38,11,83,42,73,2,51,29,22,133,20"/><T112/><D130/><U39/><E3/><V129/><F126/><W88/><G133/><T1/><D108/><U54/><E39/><V34/><F129/><W132/><G132/><T13/><D41/><U109/><E33/><V85/><F98/><W23/><G38/><T64/><D82/><U99/><E109/><V65/><F65/><W4/><G29/><T5/><D5/><U63/><E125/><V92/><REACH who="2" step="1"/><F119/><REACH who="2" ten="250,250,240,250" step="2"/><W56/><G120/><T87/><D64/><U117/><E117/><V84/><F84/><W16/><G72/><T27/><D87/><U100/><E114/><V94/><F94/><W50/><G73/><T6/><D27/><U127/><E127/><V134/><F134/><W106/><G106/><T46/><D113/><U135/><E135/><V59/><F59/><W26/><G56/><T49/><D112/><U25/><E75/><V24/><F24/><W55/><G26/><T61/><D115/><U30/><E63/><V67/><F67/><W28/><G83/><T57/><D61/><U118/><E118/><V96/><F96/><W74/><G74/><T17/><D57/><U124/><E124/><V107/><F107/><W128/><G128/><T60/><D60/><U103/><E79/><V40/><F40/><W123/><G123/><T76/><D76/><U95/><REACH who="1" step="1"/><E103/><REACH who="1" ten="250,240,240,250" step="2"/><V52/><F52/><W78/><G55/><N who="0" m="30135" /><D1/><U35/><AGARI ba="0,2" hai="12,18,21,25,30,35,53,54,58,62,66,95,99,100" machi="35" ten="20,8000,1" yaku="1,1,0,1,7,1,52,2,53,0" doraHai="48" doraHaiUra="104" who="1" fromWho="1" sc="250,-40,240,100,240,-20,250,-20" /><INIT seed="1,0,0,3,1,89" ten="210,340,220,230" oya="1" hai0="6,80,71,110,134,111,3,90,94,22,113,133,128" hai1="76,101,10,41,43,78,63,62,15,68,11,8,4" hai2="103,35,84,99,107,64,82,21,95,67,85,52,92" hai3="69,104,119,109,46,122,25,100,24,96,117,18,72"/><U23/><E68/><V26/><F35/><W135/><G122/><T38/><D38/><U51/><E101/><V126/><F126/><W121/><G121/><T108/><D71/><U0/><E0/><V125/><F125/><W50/><G109/><T93/><D113/><U77/><E51/><V97/><F107/><W58/><G69/><T115/><D115/><U29/><E4/><V56/><F64/><W20/><G135/><N who="0" m="51723" /><D128/><U106/><E106/><V13/><F13/><W31/><G72/><T45/><D45/><U55/><E55/><V87/><F82/><W86/><G58/><T32/><D22/><U59/><E59/><V7/><F7/><W124/><G124/><T53/><D53/><U9/><N who="1" m="2048" /><DORA hai="34" /><U39/><E39/><V36/><F67/><W14/><G86/><N who="0" m="50503" /><D6/><U5/><E5/><V17/><F36/><W1/><G1/><T102/><D102/><U66/><E66/><V74/><F74/><W116/><REACH who="3" step="1"/><G31/><REACH who="3" ten="210,340,220,220" step="2"/><T127/><D127/><U47/><E29/><V129/><F129/><W54/><AGARI ba="0,1" hai="14,18,20,24,25,46,50,54,96,100,104,116,117,119" machi="54" ten="30,8000,1" yaku="1,1,2,1,0,1,12,1,53,1" doraHai="89,34" doraHaiUra="98,118" who="3" fromWho="3" sc="210,-20,340,-40,220,-20,220,90" /><INIT seed="2,0,0,1,1,87" ten="190,300,200,310" oya="2" hai0="18,122,84,72,36,29,11,125,118,68,80,63,43" hai1="12,93,30,114,26,99,113,22,103,28,10,131,34" hai2="82,86,95,20,134,105,65,53,15,56,33,57,44" hai3="25,51,124,101,49,115,35,78,102,133,23,111,92"/><V135/><F33/><W3/><G111/><T47/><D122/><U27/><REACH who="1" step="1"/><E131/><REACH who="1" ten="190,290,200,310" step="2"/><V66/><F134/><W32/><G133/><T38/><D38/><U39/><E39/><V76/><F135/><W109/><G109/><T112/><D36/><U71/><E71/><V96/><F105/><W61/><G115/><T64/><D68/><U69/><E69/><V24/><F65/><W46/><G124/><T50/><D64/><U5/><AGARI ba="0,1" hai="5,10,12,22,26,27,28,30,34,93,99,103,113,114" machi="5" ten="20,8000,1" yaku="21,2,0,1,7,1,53,1" doraHai="87" doraHaiUra="31" who="1" fromWho="1" sc="190,-20,290,90,200,-40,310,-20" /><INIT seed="3,0,0,3,0,33" ten="170,380,160,290" oya="3" hai0="67,105,8,50,114,78,11,102,123,85,43,134,16" hai1="124,38,26,68,135,30,119,120,3,121,28,47,76" hai2="4,44,46,88,51,100,27,13,70,66,104,73,32" hai3="17,110,90,122,75,101,61,106,126,115,7,125,2"/><W1/><G115/><T82/><D134/><U55/><E68/><V79/><F73/><W108/><G122/><T84/><D123/><U112/><E112/><V6/><F79/><W52/><G75/><T69/><D114/><U107/><E107/><V63/><F88/><W94/><G17/><T109/><D109/><N who="3" m="42089" /><G101/><T117/><D117/><U113/><E113/><V72/><F72/><W23/><G23/><T54/><D43/><U12/><E119/><V65/><F65/><W92/><G106/><T127/><D127/><N who="3" m="48649" /><G7/><T83/><D105/><U20/><E124/><V18/><F100/><W89/><G61/><T22/><D102/><U62/><E20/><V29/><F104/><W71/><G71/><T129/><D129/><U57/><E62/><V93/><F93/><N who="3" m="35947" /><G52/><T64/><D69/><U41/><E55/><V96/><F96/><W81/><G81/><T0/><D67/><U5/><E5/><V116/><F116/><W87/><G87/><T39/><D64/><U95/><E95/><V132/><F132/><W131/><G131/><T15/><D83/><U99/><E135/><V59/><F70/><W45/><G45/><N who="0" m="27983" /><D84/><U40/><E47/><V9/><F46/><W77/><G77/><T53/><D53/><AGARI ba="0,0" hai="4,6,9,13,18,27,29,32,44,51,53,59,63,66" machi="53" ten="30,1000,0" yaku="7,1" doraHai="33" who="2" fromWho="0" sc="170,-10,380,0,160,10,290,0" owari="160,-34.0,380,48.0,170,-23.0,290,9.0" /></mjloggm>