<mjloggm ver="2.3"><GO type="225" lobby="0"/><UN n0="%E3%81%8F%E3%81%BE%E3%81%96%E3%82%8F" n1="%74%61%6B%65%2D%79%6F%75" n2="%E3%82%82%E3%81%90%E3%82%89" n3="%45%6C%79%73%69%75%6D" dan="16,17,17,18" rate="2022.91,2147.50,2162.43,2187.05" sx="M,M,M,F"/><TAIKYOKU oya="0"/><INIT seed="0,0,0,0,1,28" ten="250,250,250,250" oya="0" hai0="94,71,13,20,132,133,55,134,36,10,66,42,24" hai1="9,54,5,35,112,131,40,76,116,37,45,113,96" hai2="73,90,31,129,85,125,3,102,123,8,91,21,18" hai3="29,75,119,98,135,93,47,70,95,88,33,39,114"/><T50/><D94/><U111/><E116/><V22/><F123/><W53/><G114/><N who="1" m="44138" /><E111/><V108/><F73/><W122/><G119/><T23/><D36/><U0/><E131/><V51/><F108/><W1/><G75/><T30/><D42/><U56/><E76/><V109/><F109/><W7/><G70/><T83/><D83/><U82/><E82/><V64/><F129/><W57/><G135/><T120/><D120/><U26/><E96/><V80/><F102/><W103/><G122/><T107/><D107/><U115/><N who="1" m="44146" /><U89/><DORA hai="59" /><E89/><V100/><F100/><W17/><G17/><N who="0" m="8375" /><D66/><U34/><E26/><V63/><F125/><W79/><G79/><T68/><D20/><U11/><E11/><V16/><F22/><W78/><G78/><T99/><D99/><U84/><E84/><V41/><F91/><W87/><G39/><T14/><D14/><U74/><E74/><V110/><F8/><W117/><G117/><T81/><D81/><U67/><E67/><V32/><F110/><W62/><G95/><T118/><D118/><U105/><E105/><V46/><F21/><W58/><G93/><T126/><D126/><U25/><E25/><V77/><F77/><W127/><G98/><T130/><D130/><U128/><E128/><V12/><F12/><W52/><G103/><T69/><D69/><U38/><E37/><V49/><F80/><W101/><G101/><T65/><D65/><U44/><E44/><AGARI ba="0,0" hai="23,24,30,44,50,55,68,71,132,133,134" m="8375" machi="44" ten="30,1500,0" yaku="20,1" doraHai="28,59" who="0" fromWho="1" sc="250,15,250,-15,250,0,250,0" /><INIT seed="0,1,0,5,1,129" ten="265,235,250,250" oya="0" hai0="79,11,31,42,1,26,105,28,61,94,25,115,70" hai1="67,39,62,103,118,119,29,30,83,34,89,111,78" hai2="113,0,73,16,132,134,133,85,92,40,91,53,48" hai3="135,3,17,52,32,99,44,8,37,14,112,55,117"/><T18/><D105/><U82/><E111/><V63/><F113/><W122/><G112/><T104/><D104/><U9/><E39/><V102/><F0/><W75/><G117/><T41/><D115/><U7/><E103/><V86/><F73/><W57/><G32/><T19/><D79/><U22/><E34/><V20/><F102/><W74/><G122/><T107/><D107/><U128/><E128/><V23/><F85/><W15/><G3/><T81/><D94/><U72/><E83/><V97/><F86/><W4/><G99/><T36/><D1/><U87/><E118/><V90/><F90/><W51/><G135/><T101/><D101/><U64/><E119/><V38/><F63/><W98/><G98/><T21/><D36/><U66/><E62/><V126/><F126/><W127/><G127/><T13/><D81/><U123/><E123/><V33/><F33/><W80/><G80/><T12/><D70/><U120/><E120/><V93/><F93/><W49/><REACH who="3" step="1"/><G37/><REACH who="3" ten="265,235,250,240" step="2"/><T71/><D71/><U35/><E35/><V59/><F16/><W24/><G24/><T50/><D26/><U114/><E114/><V68/><F68/><W88/><G88/><T58/><D25/><U95/><REACH who="1" step="1"/><E22/><AGARI ba="1,1" hai="4,8,14,15,17,22,44,49,51,52,55,57,74,75" machi="22" ten="30,3900,0" yaku="1,1,7,1,54,1,53,0" doraHai="129" doraHaiUra="56" who="3" fromWho="1" sc="265,0,235,-42,250,0,240,52" /><INIT seed="1,0,0,3,3,80" ten="265,193,250,292" oya="1" hai0="68,5,56,12,126,21,135,22,37,125,45,16,39" hai1="85,86,108,98,110,97,127,81,7,34,49,114,25" hai2="36,50,118,101,123,24,111,61,23,70,78,8,17" hai3="122,104,60,15,64,63,27,132,117,53,26,6,96"/><U75/><E7/><V106/><F36/><W1/><G122/><T82/><D68/><U11/><E11/><V69/><F123/><W84/><G1/><T131/><D135/><U88/><E114/><V14/><F118/><W0/><G0/><T29/><D131/><U93/><E49/><V130/><F130/><W95/><G117/><T52/><D5/><U121/><E121/><V94/><F111/><N who="1" m="42537" /><E75/><V51/><F78/><W128/><G104/><T42/><D37/><U87/><E127/><N who="0" m="48649" /><D82/><U92/><E25/><V67/><F106/><W112/><G26/><T79/><D79/><N who="1" m="46271" /><E34/><V44/><F70/><W33/><G27/><T66/><D29/><U77/><E77/><V90/><F44/><W103/><G33/><T116/><D116/><U40/><E40/><V115/><F115/><W91/><G112/><T41/><D41/><U62/><E62/><V4/><REACH who="2" step="1"/><F101/><AGARI ba="0,0" hai="86,87,88,92,93,97,98,101" m="46271,42537" machi="101" ten="30,24000,3" yaku="14,1,10,1,34,2,52,3,54,1" doraHai="80" who="1" fromWho="2" sc="265,0,193,240,250,-240,292,0" /><INIT seed="1,1,0,0,4,110" ten="265,433,10,292" oya="1" hai0="24,82,33,117,80,125,124,85,127,23,131,46,71" hai1="112,114,37,17,86,22,58,106,123,134,89,105,72" hai2="115,64,108,119,44,63,18,11,132,32,9,91,14" hai3="129,93,68,109,122,73,66,34,113,69,8,120,128"/><U5/><E123/><N who="3" m="47146" /><G93/><T81/><D117/><U10/><E72/><V39/><F119/><W102/><G102/><T1/><D131/><N who="3" m="50249" /><G73/><T40/><D71/><U36/><E134/><V121/><F32/><W99/><G113/><T38/><D1/><U29/><E29/><V78/><F132/><W13/><G99/><T133/><D33/><U28/><E28/><V79/><F121/><W74/><G74/><T27/><D133/><U6/><E58/><V97/><F108/><W41/><G34/><T57/><D57/><U103/><E103/><V2/><F115/><W92/><G92/><T135/><D135/><U87/><E89/><V130/><F91/><W84/><G84/><T55/><D55/><U107/><E107/><V30/><F30/><W96/><G96/><T126/><N who="0" m="31744" /><DORA hai="3" /><T70/><D70/><U60/><E105/><V12/><F2/><W35/><G66/><T67/><D67/><U98/><E98/><V104/><F97/><W75/><G75/><T56/><D85/><U95/><E106/><V100/><F100/><W77/><G68/><T83/><N who="0" m="20480" /><DORA hai="65" /><T50/><REACH who="0" step="1"/><D23/><REACH who="0" ten="255,433,10,292" step="2"/><U20/><E22/><V31/><F130/><W116/><G69/><T7/><D7/><U88/><E5/><N who="2" m="3119" /><F104/><W94/><G35/><T47/><D47/><U43/><E86/><V0/><F0/><W49/><G109/><T54/><AGARI ba="1,1" hai="24,27,38,40,46,50,54,56" m="20480,31744" machi="54" ten="80,8000,1" yaku="1,1,0,1,18,1,53,1" doraHai="110,3,65" doraHaiUra="25,26,48" who="0" fromWho="0" sc="255,93,433,-41,10,-21,292,-21" owari="348,14.8,392,49.2,-11,-51.1,271,-12.9" /></mjloggm>