<mjloggm ver="2.3"><GO type="225" lobby="0"/><UN n0="%E8%A8%88%E7%AE%97%E6%A9%9F%E8%87%AA%E7%84%B6" n1="%E3%80%90%E3%83%88%E3%83%AA%E3%83%A5%E3%83%95%E3%80%91" n2="%6C%61%6D%62" n3="%E7%B4%94%E6%BD%94%E3%83%94%E3%83%A9%E3%83%8B%E3%82%A2" dan="17,16,16,17" rate="2179.91,2103.76,2202.50,2150.26" sx="M,M,M,M"/><TAIKYOKU oya="0"/><INIT seed="0,0,0,5,0,78" ten="250,250,250,250" oya="0" hai0="56,43,69,24,85,113,70,103,67,135,42,46,4" hai1="79,68,101,91,100,115,120,94,7,2,132,93,124" hai2="126,32,83,33,54,8,130,64,6,10,15,44,117" hai3="125,66,39,9,122,47,5,74,23,76,59,118,131"/><T31/><D113/><U28/><E68/><V61/><F130/><W90/><G90/><T89/><D135/><U97/><E28/><V49/><F126/><W17/><G131/><T3/><D103/><N who="1" m="39499" /><E7/><V41/><F117/><W0/><G122/><T27/><D27/><U77/><E2/><V99/><F99/><W104/><G59/><T110/><D110/><U111/><E120/><V19/><F41/><N who="3" m="22975" /><G66/><T87/><D87/><N who="1" m="52479" /><E111/><V34/><F83/><N who="3" m="45463" /><G104/><T106/><D106/><U18/><E18/><V53/><F53/><W86/><G86/><T73/><D73/><U12/><E12/><V133/><F133/><W129/><G129/><T109/><D109/><U72/><E124/><V95/><F95/><W84/><G84/><T114/><D69/><U116/><E116/><V81/><F81/><W58/><G58/><T26/><D56/><U102/><E115/><V40/><F54/><W63/><G118/><T25/><D31/><U11/><E132/><V48/><F48/><W128/><G128/><T45/><D114/><U29/><E29/><V14/><REACH who="2" step="1"/><F32/><REACH who="2" ten="250,250,240,250" step="2"/><W55/><G55/><T123/><D43/><U22/><E72/><V107/><F107/><W108/><G108/><T65/><D42/><U121/><E121/><V92/><F92/><W134/><G134/><T88/><D123/><U30/><E94/><V37/><F37/><W75/><G75/><T98/><D98/><U21/><E97/><V51/><F51/><W20/><G125/><T62/><D89/><U112/><E102/><V38/><F38/><W50/><G50/><T80/><D67/><U52/><E112/><RYUUKYOKU ba="0,1" sc="250,15,250,-15,240,15,250,-15" hai0="3,4,24,25,26,45,46,62,65,70,80,85,88" hai2="6,8,10,14,15,19,33,34,40,44,49,61,64" /><INIT seed="0,1,1,5,0,94" ten="265,235,255,235" oya="0" hai0="97,135,77,6,49,78,38,33,51,36,106,116,95" hai1="54,114,131,13,120,48,26,39,10,4,5,8,107" hai2="1,104,133,88,81,86,70,37,109,112,115,113,125" hai3="123,58,91,27,46,65,119,62,101,67,30,20,3"/><T15/><D116/><U87/><E120/><V96/><F70/><W74/><G119/><T41/><D33/><U99/><E39/><V75/><F37/><W45/><G3/><T64/><D106/><U56/><E131/><V98/><F1/><W89/><G74/><T53/><D135/><U85/><E26/><V40/><F40/><W79/><G79/><T69/><D69/><U102/><REACH who="1" step="1"/><E114/><REACH who="1" ten="265,225,255,235" step="2"/><V61/><F113/><W92/><G123/><T124/><D36/><U25/><E25/><V100/><F112/><W68/><G68/><T132/><D38/><U31/><E31/><V19/><F115/><W72/><G72/><T90/><D132/><U14/><AGARI ba="1,2" hai="4,5,8,10,13,14,48,54,56,85,87,99,102,107" machi="14" ten="20,8000,1" yaku="1,1,0,1,7,1,9,1,52,1,53,0" doraHai="94" doraHaiUra="22" who="1" fromWho="1" sc="265,-41,225,103,255,-21,235,-21" /><INIT seed="1,0,0,1,0,26" ten="224,328,234,214" oya="1" hai0="99,11,52,62,98,69,82,47,33,42,89,87,72" hai1="56,24,109,112,7,74,77,16,86,85,118,35,100" hai2="9,6,126,70,71,88,36,123,68,101,10,22,58" hai3="2,115,127,129,29,55,61,20,105,48,124,31,45"/><U59/><E112/><V49/><F123/><W130/><G115/><T114/><D114/><U8/><E118/><V93/><F36/><W32/><G32/><T128/><D33/><U90/><E100/><V75/><F75/><W64/><G2/><T41/><D128/><N who="3" m="49257" /><G105/><T135/><D135/><U102/><E102/><V40/><F126/><N who="3" m="48171" /><G20/><T113/><D72/><U104/><E104/><V81/><F81/><W34/><G34/><T46/><D113/><U92/><E74/><V1/><F101/><W39/><G39/><T94/><D11/><U30/><E109/><V28/><F10/><W37/><G37/><T18/><D18/><U133/><E16/><V80/><F80/><W125/><N who="3" m="48179" /><W54/><DORA hai="43" /><G54/><T3/><D3/><U15/><REACH who="1" step="1"/><E133/><REACH who="1" ten="224,318,234,214" step="2"/><V83/><F6/><W51/><G51/><T57/><D69/><AGARI ba="0,1" hai="29,31,45,48,55,61,64,69" m="48179,49257" machi="69" ten="40,8000,1" yaku="19,1,18,1,52,3" doraHai="26,43" who="3" fromWho="0" sc="224,-80,318,0,234,0,214,90" /><INIT seed="2,0,0,2,4,68" ten="144,318,234,304" oya="2" hai0="112,101,107,53,81,26,61,125,0,48,47,109,37" hai1="121,6,90,18,60,126,32,62,20,46,43,50,56" hai2="102,35,118,63,92,7,59,24,19,91,129,93,64" hai3="2,10,133,108,130,124,74,132,45,114,122,95,115"/><V16/><F118/><W77/><G95/><T85/><D109/><U80/><E32/><V111/><F111/><W17/><G108/><T94/><D125/><U123/><E6/><V117/><F117/><W28/><G124/><T51/><D112/><N who="3" m="43049" /><G122/><N who="1" m="46602" /><E126/><V86/><F129/><W70/><G70/><T29/><D0/><U33/><E33/><V131/><F131/><W78/><G28/><T75/><D107/><U9/><E9/><V134/><F134/><N who="3" m="51819" /><G74/><T113/><D113/><U13/><E56/><V67/><F7/><N who="3" m="1399" /><G130/><T96/><D75/><U1/><E1/><V135/><F135/><W66/><G66/><T3/><D3/><U119/><E119/><V39/><F64/><W120/><G120/><T34/><D61/><U25/><E25/><V69/><F69/><W54/><G17/><T30/><D30/><U23/><E62/><V11/><F11/><W42/><G54/><T104/><D104/><U22/><E60/><V87/><F35/><W36/><AGARI ba="0,0" hai="36,42,45,77,78" m="1399,51819,43049" machi="36" ten="30,4000,0" yaku="11,1,20,1,52,1" doraHai="68" who="3" fromWho="3" sc="144,-10,318,-10,234,-20,304,40" /><INIT seed="3,0,0,2,4,33" ten="134,308,214,344" oya="3" hai0="4,18,59,63,70,90,38,21,133,126,81,32,25" hai1="91,46,115,55,37,50,86,31,57,83,68,104,100" hai2="120,65,16,34,109,17,132,99,45,51,26,61,85" hai3="49,62,107,3,134,80,96,128,13,108,131,73,41"/><W127/><G3/><T58/><D126/><U52/><E68/><V10/><F109/><W56/><G108/><T101/><D133/><U79/><E115/><V72/><F72/><W116/><G116/><T23/><D38/><U129/><E129/><N who="3" m="49738" /><G13/><T97/><D32/><U35/><E79/><V28/><F17/><W130/><G130/><T84/><D70/><U47/><E37/><V113/><F61/><W8/><G8/><T124/><D124/><U123/><E123/><V12/><F45/><N who="3" m="25775" /><G134/><T6/><D23/><U125/><E125/><V53/><F99/><W87/><G73/><T60/><D101/><U69/><E69/><V112/><F65/><W54/><G127/><T103/><D103/><U93/><E104/><V102/><F102/><N who="3" m="62919" /><G80/><T27/><D97/><N who="1" m="59439" /><E35/><V95/><F132/><W20/><G20/><T75/><D75/><U114/><E114/><V78/><F120/><W29/><G87/><T74/><D74/><U43/><E43/><V82/><F95/><W22/><G22/><T121/><D121/><U24/><E24/><V44/><AGARI ba="0,0" hai="10,12,16,26,28,34,44,51,53,78,82,85,112,113" machi="44" ten="20,2700,0" yaku="0,1,7,1,54,1" doraHai="33" who="2" fromWho="2" sc="134,-7,308,-7,214,27,344,-13" owari="127,-37.3,301,10.1,241,-15.9,331,43.1" /></mjloggm>