<mjloggm ver="2.3"><GO type="225" lobby="0"/><UN n0="%E3%81%B2%E3%81%AA%E3%81%AE%E3%82%8A%E3%81%8F" n1="%6D%75%75%73%61%6E%6D%75" n2="%61%6D%65%6B%69" n3="%E6%A1%9C%E8%8A%B1%E9%96%83%E3%80%85" dan="16,16,16,16" rate="2113.36,2110.97,2079.46,2218.72" sx="M,F,M,M"/><TAIKYOKU oya="0"/><INIT seed="0,0,0,5,5,104" ten="250,250,250,250" oya="0" hai0="39,57,58,69,60,99,79,97,55,5,3,42,76" hai1="59,132,20,21,95,84,48,9,118,8,12,62,114" hai2="2,40,16,18,19,74,36,64,1,63,91,135,133" hai3="53,130,7,51,70,73,14,96,105,106,27,90,52"/><T68/><D3/><U43/><E118/><V30/><F30/><W134/><G70/><T46/><D5/><U123/><E123/><V116/><F116/><W72/><G106/><T107/><D69/><U81/><E132/><N who="2" m="50763" /><F91/><W113/><G134/><T88/><D68/><U110/><E110/><V67/><F74/><W0/><G0/><N who="2" m="105" /><F63/><W129/><G27/><T108/><D108/><U4/><E95/><V65/><F40/><W32/><G32/><T71/><D71/><U75/><E9/><V93/><F93/><N who="3" m="56375" /><G105/><T23/><D107/><U109/><E114/><V66/><N who="2" m="16384" /><DORA hai="128" /><V26/><F26/><W22/><G113/><T33/><D88/><N who="1" m="51215" /><E75/><V102/><F36/><W50/><G73/><T28/><D28/><U111/><E111/><V80/><F80/><W10/><G72/><T101/><D39/><U77/><E109/><V13/><F102/><W131/><G51/><T34/><D101/><U124/><E48/><V103/><F103/><W117/><G117/><T49/><D60/><U15/><E62/><V89/><F89/><W38/><G38/><T41/><D49/><U17/><E43/><V6/><F6/><W98/><G98/><T125/><D99/><U56/><E4/><V11/><AGARI ba="0,0" hai="11,13,16,18,19" m="16384,105,50763" machi="11" ten="50,8000,1" yaku="20,1,52,3,54,1" doraHai="104,128" who="2" fromWho="2" sc="250,-40,250,-20,250,80,250,-20" /><INIT seed="1,0,0,2,5,8" ten="210,230,330,230" oya="1" hai0="49,97,58,23,88,70,96,109,64,34,16,80,46" hai1="12,20,85,118,28,47,133,77,73,87,128,44,43" hai2="24,94,93,3,11,53,104,119,55,84,5,56,95" hai3="37,52,33,120,41,83,54,76,67,19,39,50,68"/><U101/><E118/><V102/><F119/><W89/><G33/><T127/><D34/><U72/><E128/><V106/><F102/><W27/><G120/><T112/><D112/><U31/><E133/><V78/><F24/><W75/><G89/><T117/><D117/><U69/><E69/><V126/><F126/><W30/><G41/><T92/><D70/><U10/><E101/><V62/><REACH who="2" step="1"/><F55/><REACH who="2" ten="210,230,320,230" step="2"/><W32/><G54/><T17/><D127/><U15/><E43/><V36/><F36/><W98/><G39/><T38/><D38/><U108/><E108/><V42/><F42/><W1/><G37/><T81/><D109/><U66/><E66/><V86/><F86/><W125/><G125/><T0/><D64/><U22/><E77/><V113/><F113/><W114/><G114/><T45/><D97/><U116/><E116/><V110/><F110/><W135/><G98/><T82/><D96/><U107/><REACH who="1" step="1"/><E10/><REACH who="1" ten="210,220,320,230" step="2"/><V13/><F13/><W131/><G67/><T132/><D132/><U59/><E59/><V65/><F65/><W111/><G135/><T74/><D58/><U63/><E63/><V115/><F115/><W91/><G111/><T79/><D79/><U99/><E99/><V9/><F9/><W60/><G68/><T40/><D40/><U29/><E29/><V2/><F2/><W6/><G60/><T61/><D61/><U71/><E71/><V7/><F7/><W48/><G6/><T134/><D0/><U51/><E51/><V103/><F103/><W105/><G50/><T129/><D49/><U100/><E100/><V21/><F21/><RYUUKYOKU ba="0,2" sc="210,-15,220,15,320,15,230,-15" hai1="12,15,20,22,28,31,44,47,72,73,85,87,107" hai2="3,5,11,53,56,62,78,84,93,94,95,104,106" /><INIT seed="1,1,2,4,3,16" ten="195,235,335,215" oya="1" hai0="59,29,51,107,8,39,97,57,28,94,104,2,36" hai1="11,100,84,46,89,64,98,124,79,9,105,122,95" hai2="114,38,133,40,63,21,26,65,88,135,131,13,109" hai3="47,45,80,69,35,27,121,103,54,76,60,31,3"/><U85/><E122/><V68/><F109/><W110/><G121/><T132/><D132/><N who="2" m="50762" /><F131/><W72/><G110/><T42/><D51/><U34/><E124/><V5/><F114/><W118/><G3/><T6/><D107/><U130/><E130/><V67/><F67/><W70/><G118/><T12/><D2/><U113/><E113/><V81/><F40/><W99/><G54/><T75/><D75/><U83/><E34/><V119/><F38/><W24/><G24/><T52/><D104/><U66/><E46/><V50/><F50/><W96/><G96/><T77/><D77/><U116/><E116/><V17/><F119/><W73/><G73/><T7/><D7/><U90/><E66/><V127/><F127/><W0/><G0/><T125/><D125/><U10/><REACH who="1" step="1"/><E64/><REACH who="1" ten="195,225,335,215" step="2"/><V82/><F5/><W108/><G108/><T92/><D6/><U106/><E106/><V53/><F53/><W87/><G47/><T134/><D52/><U58/><E58/><V112/><F112/><W48/><G45/><T93/><D134/><U91/><AGARI ba="1,3" hai="9,10,11,79,83,84,85,89,90,91,95,98,100,105" machi="91" ten="30,3000,0" yaku="1,1,0,1,53,0" doraHai="16" doraHaiUra="18" who="1" fromWho="1" sc="195,-11,225,63,335,-11,215,-11" /><INIT seed="1,2,0,2,1,96" ten="184,288,324,204" oya="1" hai0="22,116,115,66,80,4,59,32,48,90,40,46,103" hai1="42,0,67,133,129,106,21,35,14,29,99,71,13" hai2="113,85,126,69,60,91,118,94,18,26,123,44,39" hai3="86,12,20,55,125,34,15,95,73,11,87,30,2"/><U131/><E0/><V82/><F118/><W81/><G125/><T117/><D32/><U37/><E37/><V1/><F1/><W3/><G73/><T17/><D115/><U78/><E42/><V97/><F123/><W112/><G112/><T54/><D4/><U122/><E78/><V74/><F74/><W45/><G34/><T76/><D66/><U50/><E50/><V8/><F113/><W33/><G33/><T77/><D90/><U51/><E51/><V92/><F126/><W7/><G55/><T98/><D80/><U119/><E119/><V41/><F69/><W56/><G56/><T134/><D134/><U57/><E57/><V121/><F121/><W43/><G95/><T114/><D117/><U84/><E84/><V107/><F60/><W108/><G108/><T105/><D114/><U128/><E133/><V38/><F38/><W63/><G63/><T132/><D132/><U68/><E122/><V120/><F120/><W6/><G86/><T102/><D102/><N who="1" m="62815" /><E35/><V27/><F94/><W109/><G109/><T62/><REACH who="0" step="1"/><D116/><REACH who="0" ten="174,288,324,204" step="2"/><U10/><E67/><V28/><F82/><W75/><G6/><T135/><D135/><U31/><E68/><V61/><F107/><W124/><G124/><T64/><D64/><U24/><E71/><V100/><F100/><W83/><G83/><T89/><D89/><U70/><E70/><V72/><F91/><N who="3" m="51695" /><G75/><T65/><D65/><U5/><E31/><V9/><F28/><W16/><G30/><T104/><D104/><U58/><E58/><V36/><F72/><W130/><G7/><T79/><D79/><RYUUKYOKU ba="2,1" sc="174,15,288,15,324,-15,204,-15" hai0="17,22,40,46,48,54,59,62,76,77,98,103,105" hai1="5,10,13,14,21,24,29,128,129,131" /><INIT seed="1,3,1,4,2,70" ten="189,303,309,189" oya="1" hai0="78,61,34,36,108,91,63,59,114,74,66,56,120" hai1="124,64,121,0,15,110,90,98,53,123,55,33,131" hai2="51,52,127,133,40,116,2,79,49,125,26,103,113" hai3="31,118,17,105,50,112,58,80,93,28,87,122,3"/><U39/><E0/><V109/><F2/><W32/><G122/><T95/><D114/><U10/><E33/><V38/><F116/><W68/><G68/><T132/><D120/><U81/><E131/><V104/><F113/><W30/><G105/><T86/><D108/><U111/><E124/><N who="2" m="47691" /><F109/><N who="1" m="41481" /><E64/><V134/><F79/><W57/><G112/><T11/><D132/><N who="2" m="50794" /><F26/><W107/><G3/><T45/><D34/><U7/><E123/><V106/><F103/><W99/><G107/><N who="2" m="41001" /><F52/><N who="3" m="31895" /><G32/><T84/><D11/><U129/><E121/><V126/><F126/><W67/><G118/><T101/><D101/><U18/><E53/><V92/><F92/><W115/><G115/><T25/><D25/><U76/><E55/><V37/><F40/><W6/><G67/><T65/><D78/><U100/><E90/><V46/><F46/><W62/><G93/><T72/><REACH who="0" step="1"/><D84/><REACH who="0" ten="179,303,309,189" step="2"/><U60/><E100/><V88/><F88/><N who="3" m="51303" /><G99/><T14/><D14/><U29/><E98/><V69/><F69/><W43/><G30/><T20/><D20/><U135/><E29/><V97/><F97/><W85/><G85/><T19/><D19/><U9/><E135/><V75/><F75/><W42/><G17/><T21/><D21/><U73/><E18/><V1/><F1/><W5/><G31/><T4/><D4/><U94/><E73/><V24/><F24/><W117/><G28/><T44/><D44/><U8/><E7/><V77/><F77/><W89/><G117/><T128/><D128/><U96/><E129/><V13/><F13/><W82/><G6/><T119/><D119/><U102/><E15/><RYUUKYOKU ba="3,2" sc="179,15,303,-15,309,15,189,-15" hai0="36,45,56,59,61,63,65,66,72,74,86,91,95" hai2="37,38,49,51" /><INIT seed="2,4,2,2,5,112" ten="194,288,324,174" oya="2" hai0="120,90,98,25,89,115,42,55,63,12,97,123,13" hai1="122,117,14,96,125,129,107,3,36,50,108,35,70" hai2="0,72,124,51,92,59,41,135,79,49,94,111,106" hai3="32,21,56,95,91,31,6,130,68,75,62,73,74"/><V119/><F119/><W100/><G130/><T87/><D115/><U39/><RYUUKYOKU type="yao9" ba="4,2" sc="194,0,288,0,324,0,174,0" hai1="3,14,35,36,39,50,70,96,107,108,117,122,125,129" /><INIT seed="2,5,2,5,4,42" ten="194,288,324,174" oya="2" hai0="76,39,45,52,94,69,102,1,87,99,49,16,71" hai1="89,116,17,47,36,106,68,88,53,103,135,37,43" hai2="44,25,70,82,40,107,79,65,28,124,92,130,8" hai3="105,81,132,126,93,118,96,38,60,10,67,95,32"/><V97/><F124/><W20/><G118/><T113/><D113/><U11/><E116/><V64/><F130/><W35/><G126/><T24/><D1/><U55/><E68/><V109/><F107/><W131/><G131/><T9/><D39/><U57/><E36/><V27/><F70/><W121/><G121/><T58/><D58/><U33/><E33/><V123/><F8/><W117/><G105/><T119/><D119/><U108/><E108/><V54/><F54/><W112/><G112/><T78/><D87/><U66/><E135/><V98/><F123/><W83/><G117/><T77/><REACH who="0" step="1"/><D24/><REACH who="0" ten="184,288,324,174" step="2"/><U115/><E115/><V3/><F3/><W125/><G38/><T34/><D34/><U51/><E37/><V0/><F0/><W129/><G35/><T63/><D63/><U46/><E57/><V13/><F27/><W26/><G32/><T84/><D84/><U22/><E51/><N who="2" m="27015" /><F13/><AGARI ba="5,3" hai="9,13,16,45,49,52,69,71,76,77,78,94,99,102" machi="13" ten="40,8000,1" yaku="1,1,52,1,54,2,53,0" doraHai="42" doraHaiUra="128" who="0" fromWho="2" sc="184,125,288,0,324,-95,174,0" /><INIT seed="3,0,0,1,4,68" ten="309,288,229,174" oya="3" hai0="64,130,55,94,116,97,50,88,14,29,13,25,83" hai1="67,58,125,91,60,113,40,101,41,32,79,51,23" hai2="131,9,8,84,119,102,27,12,33,111,72,104,6" hai3="3,73,74,53,132,5,77,16,48,44,129,107,105"/><W127/><G127/><T38/><D116/><U63/><E113/><V124/><F72/><W90/><G132/><T31/><D38/><U135/><E32/><V22/><F111/><W19/><G74/><T108/><D108/><U71/><E125/><V75/><F75/><W109/><G109/><T87/><D64/><U99/><E135/><V45/><F119/><W86/><G129/><T80/><D80/><U93/><E79/><V134/><F134/><W123/><G123/><T10/><D25/><U100/><E23/><V21/><F124/><W4/><G73/><T59/><D130/><U118/><E118/><V24/><F131/><W85/><G3/><T11/><D14/><U46/><REACH who="1" step="1"/><E40/><REACH who="1" ten="309,278,229,174" step="2"/><V110/><F33/><W0/><G0/><T133/><D133/><U76/><E76/><V98/><F110/><W78/><G90/><N who="0" m="51583" /><D10/><U89/><E89/><V17/><F9/><W56/><G44/><T112/><D112/><U54/><AGARI ba="0,1" hai="41,46,51,54,58,60,63,67,71,91,93,99,100,101" machi="54" ten="20,2700,0" yaku="1,1,0,1,7,1,53,0" doraHai="68" doraHaiUra="106" who="1" fromWho="1" sc="309,-7,278,37,229,-7,174,-13" owari="302,10.2,315,41.5,222,-17.8,161,-33.9" /></mjloggm>