<mjloggm ver="2.3"><GO type="225" lobby="0"/><UN n0="%E5%8D%A0%E3%81%84%E5%B8%AB%E8%A3%8F%E3%81%AA%E3%81%84%E3%81%97" n1="%6D%75%75%6D%75%72%61" n2="%E3%81%AA%E3%81%A1%30%39%32%37" n3="%E3%81%9D%E3%81%8A%E3%81%9D%E3%81%9D" dan="17,17,16,16" rate="2159.96,2174.55,2073.24,2076.20" sx="M,F,M,M"/><TAIKYOKU oya="0"/><INIT seed="0,0,0,0,0,126" ten="250,250,250,250" oya="0" hai0="115,96,66,101,120,31,63,135,105,74,129,0,121" hai1="30,73,110,130,124,125,11,12,33,29,14,68,37" hai2="38,104,45,108,128,44,50,10,80,100,60,81,102" hai3="36,113,112,99,131,46,72,9,53,35,90,78,7"/><T97/><D115/><U16/><E68/><V27/><F60/><W59/><G35/><T86/><D135/><U62/><E62/><V127/><F27/><W56/><G56/><T77/><D31/><N who="1" m="11787" /><E37/><V67/><F10/><W94/><G78/><T83/><D0/><U55/><E55/><V122/><F38/><W40/><G72/><T41/><D41/><U8/><E73/><V2/><F2/><W133/><G133/><T134/><D134/><U75/><E75/><V22/><F22/><W65/><G65/><T48/><D48/><U57/><E57/><V61/><F61/><W93/><G93/><T15/><D15/><U47/><E47/><V118/><F108/><W20/><G20/><T76/><D97/><U1/><E110/><V51/><F122/><N who="0" m="47210" /><D86/><U54/><E54/><V17/><F17/><W32/><G32/><T19/><D19/><N who="1" m="8583" /><E33/><V24/><F104/><W52/><G53/><T28/><D28/><U18/><E130/><V4/><F128/><W116/><G116/><T85/><D85/><U79/><E79/><V39/><F45/><W70/><G70/><N who="0" m="42335" /><D76/><U58/><E58/><V6/><F44/><W89/><G89/><T132/><D132/><U95/><E95/><V87/><F87/><W43/><G40/><T26/><D26/><U34/><E34/><V91/><F24/><W64/><G64/><T88/><D88/><U119/><E1/><V117/><F67/><W98/><G99/><T13/><D129/><U106/><E106/><V84/><F84/><W111/><G131/><T123/><D123/><U49/><E14/><V23/><F91/><RYUUKYOKU ba="0,0" sc="250,30,250,-10,250,-10,250,-10" hai0="13,74,77,83,96,101,105" /><INIT seed="0,1,0,4,2,126" ten="280,240,240,240" oya="0" hai0="81,117,108,77,38,86,52,70,94,16,24,22,71" hai1="64,65,25,15,48,28,42,72,9,102,60,62,19" hai2="125,57,97,10,120,132,41,127,88,98,63,2,100" hai3="49,118,29,0,75,59,89,122,66,27,33,80,115"/><T104/><D117/><U103/><E72/><V128/><F120/><W83/><G118/><T18/><D104/><U79/><E79/><V54/><F41/><W113/><G122/><T14/><D38/><U95/><E42/><V20/><F132/><W110/><G0/><T32/><D32/><U68/><E48/><V123/><F123/><W35/><G33/><T91/><D108/><U34/><REACH who="1" step="1"/><E95/><REACH who="1" ten="280,230,240,240" step="2"/><N who="2" m="56551" /><F2/><W36/><G49/><T78/><D94/><U131/><E131/><V26/><F128/><W109/><G75/><T6/><D70/><AGARI ba="1,1" hai="9,15,19,25,28,34,60,62,64,65,68,70,102,103" machi="70" ten="30,8000,1" yaku="1,1,7,1,9,1,53,2" doraHai="126" doraHaiUra="61" who="1" fromWho="0" sc="280,-83,230,93,240,0,240,0" /><INIT seed="1,0,0,4,2,52" ten="197,323,240,240" oya="1" hai0="79,36,49,70,65,71,5,83,105,124,126,80,22" hai1="24,127,27,84,78,13,31,109,3,67,101,41,60" hai2="116,95,91,82,29,0,18,110,23,131,16,54,40" hai3="100,55,94,111,72,30,76,37,93,12,39,118,53"/><U88/><E3/><V56/><F116/><W8/><G118/><T66/><D36/><U85/><E127/><N who="0" m="48681" /><D105/><U46/><E109/><V113/><F110/><W89/><G111/><T62/><D5/><U58/><E101/><V96/><F0/><W33/><G100/><T132/><D132/><U133/><E133/><V90/><F131/><W75/><G30/><T57/><D80/><U11/><E84/><N who="2" m="50455" /><F40/><W74/><G33/><T92/><D92/><U77/><E77/><V21/><F113/><W34/><G34/><T45/><D22/><N who="2" m="8202" /><F29/><W35/><G35/><T81/><D81/><N who="1" m="49199" /><E78/><V97/><F96/><W59/><G76/><T42/><D83/><U64/><E31/><V28/><F28/><W86/><G94/><T129/><D79/><U108/><E108/><V20/><N who="2" m="8210" /><V107/><DORA hai="26" /><F107/><W63/><REACH who="3" step="1"/><G55/><REACH who="3" ten="197,323,240,230" step="2"/><N who="0" m="34111" /><D129/><U44/><E24/><V19/><F19/><AGARI ba="0,1" hai="8,12,19,37,39,53,59,63,72,74,75,86,89,93" machi="19" ten="40,5200,0" yaku="1,1,52,1,53,1" doraHai="52,26" doraHaiUra="10,2" who="3" fromWho="2" sc="197,0,323,0,240,-52,230,62" /><INIT seed="2,0,0,2,0,35" ten="197,323,188,292" oya="2" hai0="88,119,106,97,83,99,93,34,116,0,51,120,102" hai1="40,131,47,64,60,55,59,36,66,79,81,42,11" hai2="109,92,19,31,5,86,33,9,123,67,78,115,122" hai3="134,68,30,43,135,2,95,61,56,53,110,82,105"/><V108/><F115/><W37/><G105/><T85/><D34/><U130/><E42/><V107/><F107/><W91/><G110/><N who="2" m="42601" /><F67/><W113/><G113/><T24/><D24/><U70/><E11/><V52/><F33/><W7/><G30/><T14/><D14/><U69/><E81/><N who="2" m="47415" /><F31/><W65/><G82/><T129/><D51/><N who="1" m="29183" /><E79/><V87/><F19/><W45/><G7/><T76/><D0/><U12/><E12/><N who="2" m="5167" /><F52/><W32/><G2/><T121/><REACH who="0" step="1"/><D129/><REACH who="0" ten="187,323,188,292" step="2"/><U41/><E130/><V104/><F104/><W72/><G32/><T6/><D6/><U26/><E131/><V133/><F133/><W71/><G135/><T20/><D20/><U54/><E26/><V46/><F46/><W29/><G45/><T84/><D84/><U8/><E8/><V73/><F73/><W124/><G72/><T48/><D48/><U98/><E36/><V132/><F132/><W13/><G37/><T125/><D125/><U58/><E40/><V22/><F22/><W128/><G43/><T21/><D21/><U80/><E41/><V3/><F3/><W103/><G128/><T16/><D16/><U94/><E54/><V114/><F114/><W28/><G53/><T39/><D39/><U1/><E1/><V112/><F112/><W38/><G134/><T44/><D44/><U10/><E10/><V23/><F23/><W63/><G38/><T90/><D90/><AGARI ba="0,1" hai="87,90,92,122,123" m="5167,47415,42601" machi="90" ten="30,2900,0" yaku="14,1,10,1" doraHai="35" who="2" fromWho="0" sc="187,-29,323,0,188,39,292,0" /><INIT seed="2,1,0,4,2,24" ten="158,323,227,292" oya="2" hai0="89,1,27,101,0,35,133,99,70,127,48,90,124" hai1="109,79,45,44,57,8,19,30,125,67,107,117,87" hai2="126,118,33,103,63,43,88,23,54,2,20,9,18" hai3="56,114,111,53,29,46,120,76,50,7,105,84,74"/><V38/><F118/><W11/><G120/><T106/><D133/><U123/><E117/><V6/><F126/><W47/><G74/><T130/><D130/><U55/><E107/><V69/><F103/><W135/><G105/><T4/><D70/><U34/><E125/><N who="0" m="48201" /><D48/><U52/><E123/><V116/><F116/><W82/><G135/><T83/><D83/><N who="1" m="47615" /><E34/><V14/><F33/><W128/><G128/><T59/><D59/><U134/><E30/><V71/><F43/><W26/><G111/><T42/><D42/><U39/><E39/><V73/><F73/><W64/><G64/><T131/><D131/><U112/><E112/><V61/><F38/><W78/><G76/><T28/><D4/><U49/><E109/><V66/><F88/><AGARI ba="1,0" hai="0,1,27,28,35,88,89,90,99,101,106" m="48201" machi="88" ten="30,3900,0" yaku="18,1,52,1,54,1" doraHai="24" who="0" fromWho="2" sc="158,42,323,0,227,-42,292,0" /><INIT seed="3,0,0,1,1,61" ten="200,323,185,292" oya="3" hai0="55,116,101,29,95,90,21,118,121,85,25,68,11" hai1="109,102,53,97,24,93,92,28,123,6,13,78,70" hai2="114,63,103,71,59,119,98,39,64,134,57,79,34" hai3="107,113,54,15,60,0,67,135,77,132,18,131,23"/><W12/><G0/><T99/><D121/><U26/><E123/><V100/><F114/><W52/><G113/><T1/><D68/><U106/><E109/><V111/><F119/><W81/><G15/><T44/><D1/><U88/><E70/><V124/><F39/><W47/><G107/><T73/><D73/><U117/><E106/><N who="2" m="63767" /><F103/><W4/><G4/><T16/><D11/><N who="1" m="4343" /><E117/><V125/><F111/><W8/><G8/><T96/><D96/><N who="1" m="57351" /><E78/><V80/><F134/><N who="3" m="51243" /><G47/><T74/><D44/><U69/><E69/><V7/><F7/><W82/><G131/><T2/><D2/><U76/><E76/><V58/><F34/><W40/><G40/><T65/><D118/><U126/><E126/><N who="2" m="48747" /><F71/><N who="3" m="42471" /><G82/><T72/><D116/><U22/><E26/><V94/><F94/><W5/><G5/><T38/><D38/><U120/><E120/><V84/><AGARI ba="0,0" hai="57,58,59,63,64,79,80,84" m="48747,63767" machi="84" ten="30,2000,0" yaku="18,1,52,1" doraHai="61" who="2" fromWho="2" sc="200,-5,323,-5,185,20,292,-10" owari="195,-30.5,318,41.8,205,-19.5,282,8.2" /></mjloggm>