<mjloggm ver="2.3"><GO type="225" lobby="0"/><UN n0="%E3%81%B2%E3%81%BE%E3%81%A4%E3%81%B6%E3%81%97" n1="%E7%99%BD%E6%97%A5%E9%9B%AA%E8%8F%9C" n2="%E3%83%88%E3%83%A9%E3%83%9E%E3%83%AB" n3="%E3%81%99%E3%81%84%E3%81%BE%E3%81%9B%E3%83%BC%E3%82%93" dan="16,16,16,17" rate="2184.92,2176.64,2074.10,2216.51" sx="M,M,M,M"/><TAIKYOKU oya="0"/><INIT seed="0,0,0,3,1,72" ten="250,250,250,250" oya="0" hai0="31,58,106,93,17,74,120,1,123,113,34,124,22" hai1="102,56,24,114,66,14,67,80,11,4,128,125,26" hai2="85,117,69,20,134,64,53,127,59,87,13,39,119" hai3="78,21,95,107,81,110,19,41,98,68,118,132,96"/><T112/><D106/><U108/><E108/><V94/><F39/><W135/><G118/><T37/><D37/><U122/><E122/><N who="0" m="46633" /><D74/><U99/><E128/><V131/><F131/><W126/><G68/><T10/><D93/><U100/><E125/><V83/><F127/><W35/><G35/><T30/><D58/><U79/><E114/><N who="0" m="44137" /><D34/><U129/><E102/><V92/><F64/><W0/><G126/><T49/><D49/><U116/><E116/><V75/><F75/><W38/><G110/><T52/><D52/><U121/><E121/><V44/><F53/><W29/><G107/><T6/><D124/><U46/><E46/><V111/><F59/><W27/><G38/><T62/><D62/><U86/><E129/><V97/><F97/><W51/><G96/><T8/><D10/><U9/><E9/><V12/><F83/><W57/><G57/><T3/><D1/><U73/><E73/><V71/><F44/><W91/><G0/><T90/><D90/><U105/><E56/><V63/><F63/><W7/><G51/><T28/><D31/><U89/><E89/><V23/><F111/><W133/><G29/><T130/><D130/><U2/><E2/><V55/><F55/><W84/><G41/><T18/><D18/><U48/><E48/><V50/><F50/><W70/><G70/><T40/><D40/><U42/><E42/><V82/><F82/><W115/><G115/><T103/><D103/><U5/><E100/><V101/><F101/><W77/><G77/><T25/><AGARI ba="0,0" hai="3,6,8,17,22,25,28,30" m="44137,46633" machi="25" ten="30,3000,0" yaku="34,2" doraHai="72" who="0" fromWho="0" sc="250,30,250,-10,250,-10,250,-10" /><INIT seed="0,1,0,0,3,111" ten="280,240,240,240" oya="0" hai0="117,34,10,21,79,15,86,6,51,58,89,120,77" hai1="72,102,104,35,38,87,93,8,3,33,14,27,12" hai2="88,55,112,95,67,113,100,59,71,17,54,96,114" hai3="29,109,30,31,69,62,99,49,52,63,24,0,42"/><T75/><D117/><U107/><E72/><V131/><F71/><W37/><G0/><T5/><D34/><U43/><E3/><V116/><F116/><W39/><G109/><T68/><D68/><U123/><E123/><V94/><F131/><W82/><G24/><T78/><D120/><U81/><E12/><V57/><F17/><W19/><G19/><T7/><D75/><U101/><E43/><V53/><REACH who="2" step="1"/><F67/><REACH who="2" ten="280,240,230,240" step="2"/><W98/><G69/><T2/><D2/><U97/><E107/><V126/><F126/><W65/><G65/><T66/><D66/><U13/><E104/><V36/><F36/><W105/><G39/><T119/><D119/><U108/><E38/><V73/><F73/><W74/><G105/><T129/><D129/><U135/><E108/><V83/><F83/><W127/><G127/><T132/><D132/><U56/><E81/><V44/><F44/><W23/><G82/><N who="0" m="49367" /><D21/><U130/><E135/><V122/><F122/><W28/><G74/><T40/><D6/><U106/><E130/><V1/><F1/><W32/><G23/><T50/><D5/><U125/><E125/><V4/><F4/><W134/><G134/><T22/><D22/><U16/><E106/><V85/><AGARI ba="1,1" hai="53,54,55,57,59,85,88,94,95,96,100,112,113,114" machi="85" ten="40,12000,2" yaku="1,1,0,1,52,3,54,1,53,0" doraHai="111" doraHaiUra="11" who="2" fromWho="2" sc="280,-61,240,-31,230,133,240,-31" /><INIT seed="1,0,0,2,4,132" ten="219,209,363,209" oya="1" hai0="91,39,29,79,9,34,109,5,11,73,67,111,89" hai1="95,49,84,94,93,117,88,13,82,56,4,123,16" hai2="24,99,78,7,131,33,77,110,40,3,65,10,68" hai3="98,121,103,59,42,20,52,60,69,21,36,12,54"/><U45/><E117/><V102/><F110/><N who="0" m="41994" /><D39/><U107/><E123/><V87/><F131/><W47/><G121/><T104/><D67/><U90/><E107/><V130/><F130/><W23/><G69/><T133/><D104/><U53/><E4/><V0/><F40/><W64/><REACH who="3" step="1"/><G12/><REACH who="3" ten="219,209,363,199" step="2"/><T55/><D133/><U120/><E120/><V25/><F3/><W27/><G27/><T63/><D34/><U92/><E56/><V115/><F25/><W43/><G43/><T126/><D126/><U30/><E30/><V118/><F24/><W14/><G14/><T35/><D29/><U57/><E57/><V38/><F33/><W41/><G41/><T134/><D35/><U28/><E28/><V100/><F0/><W122/><G122/><T58/><D134/><U75/><E75/><V113/><F68/><W125/><G125/><T112/><D112/><U61/><E61/><V106/><F115/><W83/><G83/><N who="0" m="45551" /><D9/><U66/><E66/><V101/><F10/><W26/><G26/><T74/><D74/><U22/><N who="1" m="23552" /><DORA hai="96" /><U62/><E62/><V135/><F65/><W124/><G124/><T1/><AGARI ba="0,1" hai="1,5,11,55,58,63,89,91" m="45551,41994" machi="1" ten="30,1100,0" yaku="14,1" doraHai="132,96" who="0" fromWho="0" sc="219,21,209,-5,363,-3,199,-3" /><INIT seed="2,0,0,3,5,1" ten="240,204,360,196" oya="2" hai0="88,90,84,98,82,108,74,105,72,86,63,79,52" hai1="94,78,40,100,0,55,109,49,20,91,59,18,10" hai2="65,17,85,21,64,56,3,67,69,24,119,12,16" hai3="11,29,58,123,26,41,4,95,80,8,44,68,114"/><V48/><F119/><W51/><G68/><T42/><D42/><U102/><E109/><V110/><F69/><W133/><G123/><T22/><D108/><U71/><E71/><V15/><F110/><W35/><G133/><T81/><D22/><U127/><E127/><V60/><F3/><W121/><G121/><T53/><D63/><U31/><E78/><V129/><F129/><W6/><G114/><T61/><D61/><U101/><E40/><V33/><F48/><W99/><G80/><T112/><D112/><U57/><E31/><V36/><F36/><W104/><G104/><T97/><D79/><U39/><E39/><V126/><F126/><W62/><G11/><T9/><D9/><U14/><E59/><V76/><F33/><W70/><G8/><T23/><D23/><U111/><E111/><V77/><F77/><W75/><G75/><T117/><D105/><U38/><E38/><V66/><F17/><W45/><G45/><T87/><D87/><N who="1" m="52607" /><E0/><V54/><N who="2" m="16384" /><DORA hai="93" /><V43/><F43/><W107/><G107/><T28/><D28/><U96/><E10/><V37/><F37/><W125/><G125/><T128/><D128/><U13/><E13/><V130/><F130/><W115/><G115/><T124/><D124/><U92/><AGARI ba="0,0" hai="14,18,20,49,55,57,92,96,100,101,102" m="52607" machi="92" ten="30,4000,0" yaku="25,1,8,1,52,1" doraHai="1,93" who="1" fromWho="1" sc="240,-10,204,40,360,-20,196,-10" /><INIT seed="3,0,0,5,1,54" ten="230,244,340,186" oya="3" hai0="114,53,82,101,120,3,102,92,65,24,5,131,106" hai1="50,43,33,122,71,95,127,34,78,119,87,10,28" hai2="36,126,41,19,44,70,23,130,26,100,129,64,4" hai3="31,86,123,48,124,1,99,49,76,104,73,85,37"/><W17/><G123/><T75/><D120/><U72/><E122/><V60/><F4/><W84/><G124/><T88/><D131/><N who="2" m="50186" /><F100/><W2/><G37/><T83/><D114/><U79/><E71/><V128/><F128/><W115/><G115/><T30/><D65/><U91/><E50/><N who="3" m="19562" /><G73/><T105/><D53/><U61/><E61/><V132/><F132/><W77/><G31/><T74/><D5/><U25/><E43/><V66/><F66/><W96/><G104/><N who="0" m="40043" /><D24/><U134/><E25/><V45/><F45/><W81/><G81/><N who="0" m="30731" /><D3/><N who="3" m="1033" /><G17/><T51/><D51/><U103/><E28/><V39/><F39/><W117/><G117/><T113/><D30/><U55/><E119/><V121/><F121/><W14/><G14/><T0/><D0/><U18/><E18/><V110/><F126/><W6/><G6/><T89/><D113/><U29/><E127/><V133/><F36/><W13/><G13/><T107/><D107/><U90/><E29/><V32/><F41/><W15/><G15/><T8/><D8/><U20/><E10/><V58/><F64/><W57/><G57/><T38/><D38/><U35/><E35/><V47/><F58/><W7/><G7/><T21/><D21/><U111/><E20/><V67/><F32/><W125/><G125/><T27/><D27/><U63/><E34/><V80/><F23/><W93/><G93/><T16/><D16/><U62/><E95/><V98/><F19/><W69/><G69/><T118/><D118/><U42/><E33/><V52/><F70/><W40/><G40/><T68/><D68/><U97/><E42/><RYUUKYOKU ba="0,0" sc="230,-10,244,-10,340,-10,186,30" hai3="76,77,84,85,86,96,99" /><INIT seed="3,1,0,5,0,124" ten="220,234,330,216" oya="3" hai0="65,71,57,72,56,29,75,101,105,89,122,3,47" hai1="95,10,68,120,42,44,28,23,130,129,135,36,14" hai2="79,35,40,107,8,96,118,134,30,86,55,85,7" hai3="98,106,131,77,133,33,117,116,27,26,50,52,25"/><W93/><G106/><T80/><D122/><U54/><E120/><V112/><F112/><W108/><G33/><T31/><D3/><U9/><E68/><V58/><F118/><W113/><G113/><T74/><D47/><U94/><E135/><V12/><F40/><W45/><G133/><T119/><D119/><U61/><E9/><V62/><F35/><W60/><G108/><T39/><D39/><U99/><E61/><V128/><F30/><W63/><G131/><N who="1" m="50186" /><E54/><V20/><F20/><W6/><G117/><T32/><D71/><U16/><E99/><V91/><F134/><W51/><G116/><T46/><D65/><U49/><E36/><V104/><F96/><W114/><G114/><T48/><D75/><U97/><E97/><V17/><F128/><W127/><G127/><T125/><D74/><U0/><E28/><V13/><F55/><N who="3" m="30159" /><G6/><AGARI ba="1,0" hai="0,6,10,14,16,23,42,44,49,94,95" m="50186" machi="6" ten="30,8000,1" yaku="19,1,52,3,54,1" doraHai="124" who="1" fromWho="3" sc="220,0,234,83,330,0,216,-83" owari="220,-18.0,317,11.7,330,43.0,133,-36.7" /></mjloggm>