<mjloggm ver="2.3"><GO type="225" lobby="0"/><UN n0="%73%69%72%6F%75%74" n1="%43%68%65" n2="%E8%A8%88%E7%AE%97%E6%A9%9F%E8%87%AA%E7%84%B6" n3="%E3%81%A0%E3%81%8A" dan="16,16,17,16" rate="2095.51,2139.02,2242.02,2036.30" sx="M,M,M,M"/><TAIKYOKU oya="0"/><INIT seed="0,0,0,3,2,11" ten="250,250,250,250" oya="0" hai0="21,41,39,19,46,97,80,85,66,70,106,13,107" hai1="86,105,29,31,96,55,37,81,91,76,49,100,127" hai2="99,2,22,126,1,50,77,79,9,114,48,62,23" hai3="28,111,33,133,124,123,52,109,130,7,16,45,83"/><T60/><REACH who="0" step="1"/><D97/><REACH who="0" ten="240,250,250,250" step="2"/><U54/><E127/><V44/><F99/><W82/><G124/><T110/><D110/><U8/><E37/><V30/><F126/><W17/><G111/><T64/><D64/><U67/><E67/><V120/><F1/><W90/><G109/><T53/><D53/><U87/><E55/><V112/><F2/><W75/><G52/><T101/><D101/><U115/><E115/><V57/><F112/><W98/><G98/><T131/><D131/><U93/><REACH who="1" step="1"/><E8/><REACH who="1" ten="240,240,250,250" step="2"/><V58/><F9/><W10/><G10/><T84/><D84/><U102/><E102/><V38/><F38/><W129/><G130/><T26/><D26/><U56/><AGARI ba="0,2" hai="29,31,49,54,56,76,81,86,87,91,93,96,100,105" machi="56" ten="20,2700,0" yaku="1,1,0,1,7,1,53,0" doraHai="11" doraHaiUra="36" who="1" fromWho="1" sc="240,-13,240,47,250,-7,250,-7" /><INIT seed="1,0,0,4,5,64" ten="227,287,243,243" oya="1" hai0="21,118,35,20,9,41,111,49,39,68,59,57,16" hai1="107,44,56,99,106,70,33,135,12,1,84,58,47" hai2="122,17,129,43,75,94,85,102,89,112,26,105,38" hai3="101,69,80,81,37,10,60,3,82,14,100,121,117"/><U114/><E1/><V6/><F122/><W5/><G121/><T123/><D123/><U74/><E74/><V62/><F129/><W92/><G37/><T22/><D35/><U66/><E33/><V11/><F112/><W127/><G127/><T53/><D118/><U83/><E114/><V132/><F132/><W50/><G117/><T67/><D111/><U27/><E27/><V87/><F75/><W86/><G3/><T128/><D128/><U104/><E99/><V110/><F110/><W98/><G50/><T36/><D59/><U61/><E135/><V88/><F105/><W34/><G34/><T116/><D116/><U23/><E58/><V119/><F102/><W91/><REACH who="3" step="1"/><G100/><REACH who="3" ten="227,287,243,233" step="2"/><T2/><D2/><U109/><E109/><V131/><F119/><W30/><G30/><T96/><D39/><U4/><E56/><V46/><F131/><W90/><G90/><T72/><D36/><U95/><E47/><V77/><F89/><W52/><G52/><T97/><D41/><U31/><E44/><V115/><F115/><W54/><G54/><T120/><D120/><U78/><E31/><V29/><F29/><W63/><G63/><T24/><D53/><U76/><E76/><V71/><F77/><W133/><G133/><T15/><D49/><U18/><E4/><V93/><F6/><W32/><G32/><T0/><D57/><U8/><REACH who="1" step="1"/><E95/><REACH who="1" ten="227,277,243,233" step="2"/><V108/><F94/><W7/><G7/><T126/><D0/><U55/><E55/><V13/><F108/><W45/><G45/><T19/><D19/><U124/><E124/><V134/><F134/><RYUUKYOKU ba="0,2" sc="227,-15,277,15,243,-15,233,15" hai1="8,12,18,23,61,66,70,78,83,84,104,106,107" hai3="5,10,14,60,69,80,81,82,86,91,92,98,101" /><INIT seed="1,1,2,4,1,84" ten="212,292,228,248" oya="1" hai0="42,134,63,28,69,116,19,62,59,101,115,16,78" hai1="107,130,22,39,124,47,86,128,108,118,71,61,43" hai2="36,106,21,11,4,58,123,55,79,73,94,31,27" hai3="6,90,75,12,25,70,91,76,133,126,132,121,20"/><U88/><E118/><V51/><F106/><W92/><G121/><T52/><D116/><U113/><E113/><V50/><F36/><W135/><G70/><T33/><D115/><U83/><E107/><V23/><F123/><W111/><G111/><T53/><D134/><U15/><E108/><V44/><F73/><W18/><G126/><T114/><D114/><U120/><E120/><V60/><F79/><W74/><G76/><T8/><D42/><U48/><E124/><V49/><F21/><N who="3" m="11463" /><G6/><T9/><D78/><U56/><E15/><N who="2" m="5607" /><F94/><W5/><G5/><T32/><D101/><U105/><E22/><V66/><AGARI ba="1,2" hai="23,27,31,44,49,50,51,55,58,60,66" m="5607" machi="66" ten="30,1100,0" yaku="8,1" doraHai="84" who="2" fromWho="2" sc="212,-4,292,-6,228,34,248,-4" /><INIT seed="2,0,0,5,0,72" ten="208,286,262,244" oya="2" hai0="127,107,96,116,42,18,48,17,31,102,13,53,86" hai1="100,95,63,99,112,67,114,7,2,44,51,129,109" hai2="56,94,39,93,38,124,89,87,14,47,61,22,58" hai3="1,11,25,73,81,21,32,76,70,30,40,132,77"/><V16/><F124/><W37/><G70/><T90/><D127/><U108/><E7/><V131/><F131/><W0/><G132/><T6/><D116/><U91/><E2/><V50/><F94/><W82/><G21/><T27/><D42/><U65/><E129/><V84/><F84/><W85/><REACH who="3" step="1"/><G11/><REACH who="3" ten="208,286,262,234" step="2"/><T88/><D31/><U19/><E109/><V123/><F123/><W4/><G4/><T33/><D6/><U75/><E108/><V29/><F29/><W103/><G103/><T134/><D134/><U35/><E100/><V46/><F56/><W110/><G110/><T60/><D33/><U97/><E35/><V43/><REACH who="2" step="1"/><F46/><AGARI ba="0,1" hai="0,1,25,30,32,37,40,46,73,76,77,81,82,85" machi="46" ten="40,5200,0" yaku="1,1,52,2,53,0" doraHai="72" doraHaiUra="10" who="3" fromWho="2" sc="208,0,286,0,262,-52,234,62" /><INIT seed="3,0,0,5,4,122" ten="208,286,210,296" oya="3" hai0="35,118,86,90,31,52,20,45,43,23,10,4,75" hai1="8,22,3,68,82,83,17,60,21,50,77,112,36" hai2="78,28,134,64,130,129,53,131,62,19,9,91,0" hai3="70,34,49,89,132,13,87,111,16,18,38,93,2"/><W114/><G38/><T95/><D75/><U61/><E112/><V125/><F125/><W65/><G114/><T40/><D118/><U81/><E36/><V123/><F123/><W120/><G120/><T5/><D35/><U48/><E77/><V135/><F78/><W24/><G132/><N who="2" m="50729" /><F28/><W72/><G72/><T47/><D47/><U69/><E3/><V104/><F104/><W55/><G2/><T92/><D92/><U88/><E88/><V71/><F53/><W74/><G74/><T124/><D124/><U56/><E8/><V102/><F102/><W127/><G127/><T33/><D33/><U99/><E99/><V14/><F91/><W76/><G76/><T29/><D29/><U115/><E115/><V27/><F0/><W63/><G111/><T94/><D95/><U57/><E82/><V119/><F27/><W37/><G37/><T32/><D32/><U46/><E46/><V100/><F100/><W109/><G109/><T128/><D128/><U6/><E17/><V113/><F113/><W97/><G13/><N who="0" m="5319" /><D5/><AGARI ba="0,0" hai="5,6,21,22,48,50,56,57,60,61,68,69,81,83" machi="5" ten="25,1600,0" yaku="22,2" doraHai="122" who="1" fromWho="0" sc="208,-16,286,16,210,0,296,0" owari="192,-30.8,302,40.2,210,-19.0,296,9.6" /></mjloggm>