<mjloggm ver="2.3"><GO type="225" lobby="0"/><UN n0="%E5%A4%9C%E3%81%AE%E3%82%AC%E3%82%B9%E3%83%91%E3%83%BC%E3%83%AB" n1="%6D%75%75%73%61%6E%6D%75" n2="%72%69%6F%75%63%68%61%6E" n3="%E3%81%A4%E3%81%A3%E3%81%B1%E3%82%8A%E3%83%9D%E3%83%BC%E3%83%AB" dan="16,17,16,17" rate="2119.24,2113.56,2169.76,2233.29" sx="M,F,M,M"/><TAIKYOKU oya="0"/><INIT seed="0,0,0,4,0,0" ten="250,250,250,250" oya="0" hai0="41,55,68,130,48,108,65,9,100,110,5,3,123" hai1="126,92,28,84,78,16,119,57,96,4,127,38,32" hai2="75,70,131,6,69,109,76,13,89,122,36,95,134" hai3="118,17,39,43,66,124,35,106,40,116,19,115,31"/><T54/><D123/><U22/><E119/><V71/><F122/><W46/><G115/><T121/><D121/><U133/><E38/><V90/><F36/><W52/><G106/><T111/><D130/><U135/><E32/><V79/><F131/><W26/><G124/><N who="1" m="47658" /><E28/><V49/><F109/><W64/><G43/><T58/><D100/><N who="1" m="60423" /><E57/><V128/><F128/><W81/><G81/><T83/><D68/><U30/><E30/><V98/><F134/><W61/><G66/><T51/><D65/><U63/><E63/><V37/><F37/><W15/><G52/><N who="0" m="32007" /><D83/><N who="1" m="47223" /><E4/><V129/><F129/><W44/><G44/><AGARI ba="0,0" hai="3,5,9,41,44,51,54,55,108,110,111" m="32007" machi="44" ten="30,11600,0" yaku="14,1,10,1,52,1,54,1" doraHai="0" who="0" fromWho="3" sc="250,116,250,0,250,0,250,-116" /><INIT seed="0,1,0,4,4,131" ten="366,250,250,134" oya="0" hai0="117,89,57,2,97,24,83,120,17,86,95,26,133" hai1="119,116,130,11,60,85,21,10,62,4,105,77,0" hai2="58,41,19,46,18,80,54,37,107,132,94,61,68" hai3="66,93,47,33,35,110,91,96,64,63,7,36,115"/><T134/><D120/><U70/><E105/><V75/><F132/><N who="0" m="50794" /><D117/><U114/><E130/><V82/><F107/><W111/><G115/><T27/><D2/><U59/><E114/><V23/><F75/><W14/><G35/><T8/><D57/><U74/><E74/><V25/><F18/><W103/><G33/><T42/><D42/><U87/><E59/><V127/><F127/><W81/><G36/><T55/><D55/><U32/><E32/><V29/><F94/><W1/><G1/><T15/><D27/><U76/><E0/><V34/><F68/><W16/><G7/><T38/><D38/><U40/><E40/><V113/><F113/><W45/><G64/><T56/><D56/><U6/><E70/><V72/><F72/><W44/><G81/><T30/><D30/><U106/><E106/><V49/><F37/><W84/><G63/><T88/><AGARI ba="1,0" hai="8,15,17,24,26,83,86,88,89,95,97" m="50794" machi="88" ten="30,12000,1" yaku="20,1,52,3,54,1" doraHai="131" who="0" fromWho="0" sc="366,123,250,-41,250,-41,134,-41" /><INIT seed="0,2,0,5,3,92" ten="489,209,209,93" oya="0" hai0="108,54,2,75,48,25,13,35,8,53,74,3,131" hai1="17,65,116,73,67,7,36,10,127,120,1,38,91" hai2="47,84,43,76,123,16,103,30,41,56,45,77,31" hai3="114,113,19,119,107,132,101,29,93,125,102,62,68"/><T111/><D131/><U90/><E116/><V126/><F123/><W94/><G119/><T52/><D48/><U72/><E120/><V49/><F126/><W4/><G4/><T70/><D70/><U40/><E127/><V55/><F103/><W135/><G29/><T37/><D37/><U61/><E17/><V110/><F110/><N who="0" m="42026" /><D25/><U80/><E67/><V105/><F105/><W87/><G19/><N who="0" m="8615" /><D35/><U124/><E124/><V130/><F130/><W11/><G11/><T63/><D63/><U57/><E36/><V115/><F115/><W133/><G125/><T121/><D121/><U20/><E20/><V34/><F34/><W44/><G44/><N who="2" m="16969" /><F16/><W97/><G62/><T112/><D112/><N who="3" m="43113" /><G68/><T39/><D39/><U104/><E38/><V24/><F30/><W95/><G102/><T5/><D5/><U27/><E7/><V86/><F31/><W50/><G50/><T15/><D15/><U100/><E27/><V64/><F24/><W96/><G96/><T82/><D82/><U118/><E100/><V79/><F41/><W89/><AGARI ba="2,0" hai="87,89,93,94,95,97,101,107,132,133,135" m="43113" machi="89" ten="40,8000,1" yaku="20,1,34,2,52,1" doraHai="92" who="3" fromWho="3" sc="489,-42,209,-22,209,-22,93,86" /><INIT seed="1,0,0,3,0,109" ten="447,187,187,179" oya="1" hai0="55,125,25,51,122,71,21,131,101,134,121,107,27" hai1="52,124,48,34,126,11,0,46,114,110,62,26,98" hai2="15,111,99,35,47,9,60,113,119,23,5,12,49" hai3="65,73,128,89,40,43,100,83,22,85,45,104,24"/><U97/><E114/><V66/><F119/><W18/><G128/><T63/><D125/><N who="1" m="48235" /><E110/><V54/><F111/><W42/><G65/><T69/><D134/><U68/><E68/><V93/><F35/><W28/><G73/><T129/><D27/><U50/><E62/><V38/><F38/><W118/><G118/><T2/><D2/><U86/><E86/><V3/><F113/><W17/><REACH who="3" step="1"/><G45/><REACH who="3" ten="447,187,187,169" step="2"/><N who="0" m="28143" /><D131/><U79/><E79/><V133/><F133/><W87/><G87/><T117/><D129/><U77/><E77/><V102/><REACH who="2" step="1"/><F23/><REACH who="2" ten="447,187,177,169" step="2"/><W106/><G106/><T67/><D117/><U58/><E34/><V80/><F80/><W132/><G132/><T127/><D127/><U91/><E46/><V116/><F116/><W112/><G112/><T57/><D107/><U37/><E37/><V59/><AGARI ba="0,2" hai="3,5,9,12,15,47,49,54,59,60,66,93,99,102" machi="59" ten="20,2700,0" yaku="1,1,0,1,7,1,53,0" doraHai="109" doraHaiUra="30" who="2" fromWho="2" sc="447,-7,187,-13,177,47,169,-7" /><INIT seed="2,0,0,3,4,96" ten="440,174,224,162" oya="2" hai0="105,58,64,99,83,70,3,13,87,18,75,110,92" hai1="73,9,128,51,44,125,123,52,30,57,69,121,108" hai2="17,7,60,15,95,116,6,98,41,59,72,48,117" hai3="37,0,112,91,76,89,132,4,134,84,36,104,102"/><V100/><F72/><W35/><G35/><T119/><D3/><U67/><E73/><V8/><F117/><W86/><G0/><T54/><D105/><U10/><E108/><V34/><F34/><W43/><G4/><T131/><D75/><U53/><E30/><V65/><F116/><W120/><G43/><T126/><D131/><U45/><E128/><V56/><F59/><W33/><G33/><T103/><D126/><U11/><E125/><V28/><F28/><W47/><G47/><AGARI ba="0,0" hai="6,7,8,15,17,41,47,48,56,60,65,95,98,100" machi="47" ten="40,3900,0" yaku="8,1,52,1" doraHai="96" who="2" fromWho="3" sc="440,0,174,0,224,39,162,-39" /><INIT seed="2,1,0,0,4,123" ten="440,174,263,123" oya="2" hai0="42,127,74,90,16,97,31,25,52,36,80,120,67" hai1="51,72,30,98,18,40,35,112,116,92,81,73,33" hai2="68,107,9,39,29,117,47,99,108,22,126,21,102" hai3="43,119,8,79,124,66,14,76,24,83,105,115,95"/><V49/><F108/><W0/><G105/><T58/><D120/><U19/><E112/><V20/><F117/><W28/><G119/><T77/><D127/><U7/><E116/><V93/><F126/><W59/><G124/><T26/><D67/><U55/><E40/><V104/><F68/><W53/><G0/><T86/><D42/><U63/><E7/><V38/><F29/><W113/><G43/><T122/><D36/><U118/><E118/><V128/><F128/><W23/><G66/><T103/><D31/><U111/><E63/><V45/><F9/><W32/><G32/><T87/><D16/><U78/><E73/><V131/><F131/><W57/><G57/><T4/><D4/><U70/><E70/><V61/><F61/><W101/><G83/><T129/><D129/><U50/><E50/><V64/><F64/><W132/><G132/><T75/><D75/><U6/><E6/><V85/><F85/><W54/><G115/><T46/><D46/><U12/><E19/><V17/><F17/><N who="3" m="8391" /><G113/><T5/><D5/><U135/><E30/><V96/><F107/><W62/><G54/><T89/><D122/><U65/><E65/><V3/><F3/><W2/><G2/><T125/><D125/><U69/><E69/><V121/><F121/><W44/><G44/><N who="2" m="16969" /><F49/><W41/><G41/><T114/><D114/><U10/><E135/><V11/><F11/><W48/><G48/><N who="0" m="30983" /><D74/><U106/><E106/><V100/><F38/><W130/><G130/><T15/><D86/><U88/><E111/><V82/><F39/><W94/><G94/><T71/><D71/><RYUUKYOKU ba="1,0" sc="440,-30,174,10,263,10,123,10" hai1="10,12,18,33,35,51,55,72,78,81,88,92,98" hai2="20,21,22,82,93,96,99,100,102,104" hai3="23,24,28,53,59,62,76,79,95,101" /><INIT seed="2,2,0,5,2,53" ten="410,184,273,133" oya="2" hai0="12,133,84,4,54,59,92,55,78,114,115,67,32" hai1="77,86,14,74,62,118,8,109,43,105,9,103,27" hai2="58,129,50,130,61,39,2,65,70,36,119,64,96" hai3="20,124,16,17,117,31,44,72,82,89,0,93,19"/><V42/><F2/><W38/><G117/><T3/><D32/><U22/><E118/><V18/><F18/><W97/><G0/><T24/><D3/><U48/><E74/><V121/><F119/><W107/><G124/><T60/><D133/><U30/><E109/><V76/><F76/><W11/><G107/><T45/><D24/><U135/><E135/><V26/><F26/><W28/><G11/><T13/><D114/><U94/><E105/><V57/><F96/><W7/><G7/><T95/><D115/><U47/><E14/><V128/><F121/><W123/><G123/><T126/><D126/><U33/><E33/><V79/><F79/><W49/><G38/><N who="2" m="14377" /><F64/><W51/><G51/><N who="0" m="29039" /><D67/><U111/><E111/><V35/><F35/><W134/><G134/><T113/><D113/><U100/><E62/><V52/><F42/><W29/><G72/><T90/><D78/><U91/><E77/><V116/><F116/><W104/><G104/><T23/><D4/><U1/><E1/><V75/><F75/><W87/><G20/><T98/><D23/><U102/><AGARI ba="2,0" hai="8,9,22,27,30,43,47,48,86,91,94,100,102,103" machi="102" ten="30,2000,0" yaku="0,1,8,1" doraHai="53" who="1" fromWho="1" sc="410,-7,184,26,273,-12,133,-7" /><INIT seed="3,0,0,0,2,65" ten="403,210,261,126" oya="3" hai0="59,54,128,111,35,28,84,19,97,3,77,46,33" hai1="60,92,122,67,57,68,125,11,51,10,21,129,16" hai2="62,85,42,133,108,109,73,119,102,78,45,39,41" hai3="40,38,76,55,72,131,134,5,52,70,95,14,27"/><W25/><G70/><T13/><D3/><U103/><E122/><V17/><F73/><W36/><G72/><T94/><D111/><N who="2" m="42570" /><F119/><W71/><G71/><T98/><D128/><U61/><E129/><V20/><F133/><W87/><G131/><T31/><D46/><U15/><E125/><V64/><F102/><W34/><G134/><T0/><D0/><U74/><E74/><V124/><F124/><W1/><G1/><T126/><D35/><U7/><E51/><V44/><F85/><W79/><G34/><T93/><D126/><U135/><E135/><V81/><F81/><W117/><G117/><T58/><D84/><U120/><E120/><V53/><F53/><N who="3" m="20555" /><G38/><T106/><D106/><U123/><E123/><V9/><F78/><N who="3" m="29739" /><G40/><N who="2" m="15465" /><F9/><N who="1" m="3081" /><E68/><N who="2" m="42007" /><F39/><W91/><G36/><T112/><D77/><U63/><E7/><V107/><F107/><W30/><G30/><T50/><D33/><U121/><E121/><V75/><F75/><W66/><G66/><T83/><D31/><U29/><E29/><V49/><F49/><W4/><G14/><AGARI ba="0,0" hai="14,17,20,44,45" m="42007,15465,42570" machi="14" ten="30,2000,0" yaku="14,1,52,1" doraHai="65" who="2" fromWho="3" sc="403,0,210,0,261,20,126,-20" owari="403,50.3,210,-19.0,281,8.1,106,-39.4" /></mjloggm>