<mjloggm ver="2.3"><GO type="225" lobby="0"/><UN n0="%E8%BE%9B%E5%8F%A3%E3%82%AB%E3%83%AC%E3%83%BC%E3%83%A9%E3%82%A4%E3%82%B9" n1="%E3%81%BF%E3%81%BF%E3%81%9A" n2="%E3%83%94%E3%83%B3%E3%82%B5%E3%83%AD%E5%BA%97%E5%93%A1" n3="%77%72%77%72%77%72%77%72" dan="17,17,16,17" rate="2251.39,2275.04,2186.51,2198.49" sx="M,M,M,M"/><TAIKYOKU oya="0"/><INIT seed="0,0,0,3,4,115" ten="250,250,250,250" oya="0" hai0="40,102,63,127,43,107,88,67,11,8,65,20,61" hai1="34,94,87,76,109,100,5,110,9,99,83,50,130" hai2="35,98,93,13,105,126,114,42,7,32,75,18,10" hai3="62,121,135,96,37,15,122,60,57,108,47,104,51"/><T49/><D127/><U26/><E130/><V28/><F114/><W23/><G37/><T38/><D38/><U70/><E70/><V129/><F75/><W74/><G74/><T106/><D102/><U46/><E34/><V86/><F129/><W30/><G108/><T0/><D49/><U77/><E26/><V31/><F126/><W134/><G104/><T89/><REACH who="0" step="1"/><D20/><REACH who="0" ten="240,250,250,250" step="2"/><U72/><E110/><V103/><F35/><W48/><G48/><T56/><D56/><U16/><E109/><V29/><F32/><W133/><G57/><T81/><D81/><U101/><E100/><V19/><F103/><W79/><G51/><T58/><D58/><U68/><E68/><V92/><F105/><W22/><G47/><T128/><D128/><U84/><E76/><V14/><F93/><W131/><G131/><T45/><D45/><U111/><E111/><V33/><F92/><W82/><G82/><T120/><D120/><U59/><E59/><V125/><F33/><W24/><G79/><T52/><D52/><U123/><E50/><V69/><F69/><W44/><G44/><T124/><D124/><U41/><E46/><V21/><F125/><W4/><G22/><T55/><D55/><U53/><E53/><V116/><F21/><W78/><G78/><T91/><D91/><U2/><E41/><V112/><F42/><W117/><G122/><T12/><D12/><N who="1" m="7183" /><E123/><V73/><F112/><W85/><G121/><T64/><D64/><U113/><E113/><V80/><F14/><W119/><G15/><T97/><D97/><U95/><E95/><V39/><F13/><RYUUKYOKU ba="0,1" sc="240,15,250,15,250,-15,250,-15" hai0="0,8,11,40,43,61,63,65,67,88,89,106,107" hai1="2,5,72,77,83,84,87,94,99,101" /><INIT seed="0,1,1,4,0,95" ten="255,265,235,235" oya="0" hai0="18,31,71,124,59,106,131,29,116,12,104,25,119" hai1="46,39,94,49,55,56,98,11,92,70,102,34,43" hai2="96,47,134,0,114,67,9,1,112,113,19,73,30" hai3="3,38,100,75,82,108,85,72,44,80,88,126,27"/><T120/><D120/><U87/><E34/><V101/><F73/><W35/><G108/><T129/><D71/><U132/><E132/><V107/><F134/><W62/><G3/><T64/><D64/><U14/><E70/><V86/><F30/><W89/><G126/><T97/><D59/><U63/><E87/><V53/><F67/><W74/><G62/><T6/><D6/><U32/><E32/><V79/><F19/><W22/><G35/><T66/><D66/><U7/><REACH who="1" step="1"/><E94/><REACH who="1" ten="255,255,235,235" step="2"/><V117/><F86/><W90/><G85/><T21/><D124/><U65/><E65/><V54/><F113/><W125/><G125/><T51/><D106/><U128/><E128/><V61/><F107/><W10/><G72/><T16/><D129/><U83/><E83/><V111/><F114/><W135/><G74/><T105/><D131/><U78/><E78/><V33/><F79/><W40/><G75/><T110/><D105/><U103/><E103/><V8/><F101/><W57/><G100/><T2/><D104/><U17/><E17/><V127/><F33/><W123/><G135/><T122/><D18/><U20/><E20/><V15/><F127/><W68/><G68/><T45/><D16/><U115/><E115/><V76/><F76/><W81/><G123/><T77/><D21/><U41/><E41/><V50/><F112/><W58/><G10/><T28/><D77/><U23/><E23/><V36/><F9/><W121/><G121/><T52/><D122/><U37/><AGARI ba="1,2" hai="7,11,14,37,39,43,46,49,55,56,63,92,98,102" machi="37" ten="30,8000,1" yaku="1,1,0,1,52,1,53,2" doraHai="95" doraHaiUra="69" who="1" fromWho="1" sc="255,-41,255,103,235,-21,235,-21" /><INIT seed="1,0,0,4,5,88" ten="214,358,214,214" oya="1" hai0="13,129,29,40,52,55,30,85,4,128,12,6,111" hai1="76,31,102,112,101,75,108,69,21,1,33,32,17" hai2="15,10,73,81,9,20,122,99,16,51,60,84,114" hai3="117,80,8,103,59,74,95,104,79,18,105,46,42"/><U19/><E112/><V43/><F122/><W23/><G117/><T71/><D40/><U86/><E69/><V78/><F114/><W90/><G8/><T25/><D85/><U67/><E67/><V36/><F36/><W107/><G59/><T2/><D71/><U109/><E1/><V38/><F38/><W26/><G103/><N who="1" m="39434" /><E75/><V54/><F99/><W7/><G7/><N who="0" m="2603" /><D2/><U0/><E31/><N who="0" m="11785" /><D25/><U106/><E106/><V49/><F73/><W62/><G62/><T110/><D55/><U58/><E58/><N who="2" m="33119" /><F60/><W50/><REACH who="3" step="1"/><G107/><REACH who="3" ten="214,358,214,204" step="2"/><T35/><D35/><U135/><E32/><V116/><F116/><W57/><G57/><T89/><D111/><U41/><E33/><V113/><F113/><W130/><G130/><T124/><D110/><U72/><E108/><V87/><F9/><W68/><G68/><T5/><D5/><U83/><E109/><V28/><F10/><W131/><G131/><T37/><D129/><U11/><E11/><V27/><F20/><W94/><G94/><T126/><D128/><U118/><E21/><V3/><F3/><W134/><G134/><T65/><D126/><U39/><E0/><V121/><F121/><W47/><G47/><T64/><D124/><U77/><E135/><V119/><F119/><W56/><G56/><T125/><D125/><U92/><E118/><V93/><F93/><W96/><AGARI ba="0,1" hai="18,23,26,42,46,50,74,79,80,90,95,96,104,105" machi="96" ten="20,5200,0" yaku="1,1,0,1,7,1,52,1,53,0" doraHai="88" doraHaiUra="53" who="3" fromWho="3" sc="214,-13,358,-26,214,-13,204,62" /><INIT seed="2,0,0,5,4,20" ten="201,332,201,266" oya="2" hai0="14,118,114,47,1,122,57,75,109,71,74,41,25" hai1="116,68,12,67,93,65,27,6,28,97,58,59,96" hai2="51,49,126,55,124,21,103,132,43,9,131,23,29" hai3="90,130,81,30,15,8,88,111,117,54,35,32,70"/><V44/><F131/><W52/><G117/><T125/><D1/><U110/><E110/><V83/><F132/><W133/><G70/><T112/><D122/><U2/><E2/><V3/><F103/><W91/><G111/><T120/><D109/><U102/><E116/><V38/><F83/><W104/><G104/><T10/><D120/><U94/><E68/><V7/><F38/><W105/><G105/><T69/><D118/><U60/><E12/><V115/><F115/><W86/><G130/><T17/><D125/><N who="2" m="48234" /><F29/><W72/><G72/><T61/><D71/><U85/><E6/><V76/><F76/><W134/><G32/><T84/><D69/><U64/><E85/><V33/><F33/><W100/><G100/><T128/><D128/><U48/><E48/><V0/><F0/><W95/><G30/><T123/><D123/><U13/><E13/><V11/><F11/><W24/><G35/><T108/><D108/><U127/><E127/><V45/><AGARI ba="0,0" hai="3,7,9,21,23,43,44,45,49,51,55" m="48234" machi="45" ten="30,1500,0" yaku="18,1" doraHai="20" who="2" fromWho="2" sc="201,-5,332,-5,201,15,266,-5" /><INIT seed="2,1,0,1,5,127" ten="196,327,216,261" oya="2" hai0="85,65,33,134,129,86,112,75,45,27,73,58,111" hai1="22,105,90,114,87,68,61,80,108,20,24,123,30" hai2="49,51,97,130,107,101,50,126,43,29,71,57,93" hai3="102,63,120,55,26,81,60,66,115,118,9,28,69"/><V59/><F71/><W15/><G118/><T104/><D112/><U113/><E108/><V14/><F126/><W19/><G120/><T110/><D104/><U132/><E123/><V11/><F43/><W46/><G115/><T21/><D33/><U125/><E125/><V1/><F1/><W32/><G81/><T8/><D45/><U100/><E132/><V44/><F44/><W128/><G128/><T117/><D134/><U72/><E72/><V116/><F116/><W35/><G102/><T36/><D36/><U48/><E48/><V18/><F130/><W79/><G79/><T109/><D117/><U16/><E100/><V0/><F0/><W53/><G35/><T77/><D8/><U62/><E105/><V31/><REACH who="2" step="1"/><F107/><REACH who="2" ten="196,327,206,261" step="2"/><W92/><G46/><T38/><D129/><U23/><E68/><V99/><F99/><W3/><G3/><T76/><D38/><U124/><E124/><V119/><F119/><W84/><G69/><T83/><D58/><AGARI ba="1,1" hai="11,14,18,29,31,49,50,51,57,58,59,93,97,101" machi="58" ten="40,7700,0" yaku="1,1,8,1,53,1" doraHai="127" doraHaiUra="4" who="2" fromWho="0" sc="196,-80,327,0,206,90,261,0" /><INIT seed="2,2,0,2,1,77" ten="116,327,296,261" oya="2" hai0="88,27,112,115,89,24,5,51,2,19,29,74,1" hai1="21,34,83,55,56,98,45,63,135,134,125,76,123" hai2="133,60,86,11,9,46,105,92,17,49,91,114,108" hai3="131,64,54,103,90,94,39,128,118,15,37,41,99"/><V87/><F114/><W78/><G118/><T16/><D51/><U80/><E34/><V36/><F36/><W58/><G64/><T124/><D74/><U20/><E125/><V121/><F121/><W120/><G120/><T53/><D53/><U47/><E98/><V93/><F105/><W72/><G90/><T107/><D107/><U44/><E123/><V10/><F133/><N who="1" m="50697" /><E83/><V12/><F108/><W13/><G78/><T30/><REACH who="0" step="1"/><D5/><REACH who="0" ten="106,327,296,261" step="2"/><U43/><E43/><N who="2" m="24799" /><F60/><W101/><G72/><AGARI ba="2,1" hai="20,21,44,45,47,55,56,63,72,76,80" m="50697" machi="72" ten="30,2000,0" yaku="20,1,52,1" doraHai="77" who="1" fromWho="3" sc="106,0,327,36,296,0,261,-26" /><INIT seed="3,0,0,4,0,97" ten="106,363,296,235" oya="3" hai0="63,75,51,129,113,67,71,16,41,111,38,19,74" hai1="4,112,122,116,25,9,54,8,104,83,69,127,110" hai2="109,121,27,100,22,57,131,94,65,56,70,77,85" hai3="92,52,13,18,125,84,48,90,40,7,31,134,32"/><W93/><G134/><T59/><D111/><U79/><E104/><V55/><F70/><W91/><G125/><T42/><D129/><U17/><E122/><V135/><F109/><W123/><G123/><T81/><D113/><U34/><E112/><V64/><F131/><W132/><G132/><T60/><D42/><U23/><E127/><V45/><F135/><W58/><G7/><T28/><D28/><U76/><E69/><V6/><F6/><W68/><G68/><T37/><D37/><U20/><E110/><V78/><F45/><W49/><G32/><T99/><D99/><U107/><E107/><V106/><F106/><W117/><G117/><T47/><D60/><U30/><E116/><V95/><F57/><W2/><G2/><T96/><D96/><U66/><E66/><N who="2" m="25707" /><F100/><W26/><G26/><T130/><D130/><U46/><E34/><V5/><F5/><W50/><G31/><T119/><D119/><U101/><E101/><V102/><F102/><W0/><G0/><T73/><REACH who="0" step="1"/><D81/><REACH who="0" ten="96,363,296,235" step="2"/><U29/><E29/><N who="2" m="17655" /><F121/><W35/><G40/><T53/><AGARI ba="0,1" hai="16,19,38,41,47,51,53,59,63,67,71,73,74,75" machi="53" ten="40,8000,1" yaku="1,1,0,1,24,2,54,1,53,0" doraHai="97" doraHaiUra="120" who="0" fromWho="0" sc="96,90,363,-20,296,-20,235,-40" owari="186,-31.4,343,44.3,276,7.6,195,-20.5" /></mjloggm>