<mjloggm ver="2.3"><GO type="225" lobby="0"/><UN n0="%E3%80%93%E3%81%97%E3%83%BC%E3%82%89%E3%80%93" n1="%E3%82%B3%E3%83%90%E3%83%AC%E3%82%A4" n2="%4C%4F%4C%49%54%41" n3="%E6%B4%BE%E9%81%A3%E3%81%AE%E3%82%B8%E3%83%A3%E3%83%83%E3%82%AF" dan="16,16,16,17" rate="2177.92,2076.72,2193.16,2208.73" sx="M,M,F,M"/><TAIKYOKU oya="0"/><INIT seed="0,0,0,5,1,42" ten="250,250,250,250" oya="0" hai0="56,60,66,104,102,81,107,52,79,41,33,18,87" hai1="62,16,31,121,37,90,63,132,99,46,68,109,2" hai2="54,125,24,72,34,32,58,67,43,89,76,105,113" hai3="103,119,49,100,112,106,36,19,96,97,95,126,122"/><T17/><D33/><U35/><E2/><V44/><F113/><W40/><G119/><T51/><D41/><U88/><E121/><V74/><F105/><W28/><G112/><T20/><D102/><U129/><E35/><V118/><F67/><W131/><G28/><T93/><D93/><U21/><E31/><V75/><F125/><W94/><G126/><T5/><D5/><U86/><E68/><V14/><F118/><W115/><G115/><T124/><D124/><U9/><E9/><V15/><F76/><W71/><G71/><T50/><D50/><U27/><E132/><V133/><F133/><W6/><G6/><T55/><D55/><U101/><E129/><V120/><F120/><W59/><G131/><T78/><D78/><U92/><E109/><V111/><F89/><W53/><G122/><T108/><D108/><U0/><E90/><V8/><F15/><W77/><G77/><T70/><REACH who="0" step="1"/><D17/><REACH who="0" ten="240,250,250,250" step="2"/><U12/><E0/><V85/><F111/><W64/><G19/><T22/><D22/><U134/><E134/><V30/><F32/><W10/><G106/><T39/><D39/><U84/><E37/><V29/><F34/><W80/><G64/><T61/><D61/><N who="1" m="23051" /><E101/><V7/><F7/><W91/><G36/><T26/><AGARI ba="0,1" hai="18,20,26,51,52,56,60,66,70,79,81,87,104,107" machi="26" ten="20,7800,0" yaku="1,1,0,1,7,1,54,1,53,0" doraHai="42" doraHaiUra="25" who="0" fromWho="0" sc="240,88,250,-26,250,-26,250,-26" /><INIT seed="0,1,0,3,2,55" ten="328,224,224,224" oya="0" hai0="3,109,71,23,114,42,89,58,76,133,32,61,5" hai1="72,21,86,117,10,115,111,22,130,110,45,73,79" hai2="93,28,0,84,90,128,24,62,48,49,30,66,53" hai3="132,125,68,38,1,65,15,87,122,18,94,36,91"/><T64/><D32/><U69/><E69/><V75/><F75/><W12/><G1/><T126/><D114/><U100/><E117/><V9/><F128/><W127/><G132/><T106/><D106/><U27/><E115/><V44/><F24/><W121/><G65/><T92/><D133/><U113/><E113/><V112/><F112/><W135/><G68/><T51/><D126/><N who="3" m="48137" /><G135/><T103/><D103/><U26/><E10/><V14/><F49/><W67/><G67/><T97/><D76/><U74/><E100/><V31/><F0/><W13/><G18/><T46/><D109/><N who="1" m="41483" /><E45/><V11/><REACH who="2" step="1"/><F14/><REACH who="2" ten="328,224,214,224" step="2"/><W19/><G19/><T50/><D51/><U33/><E130/><V60/><F60/><W102/><G102/><T63/><D3/><U8/><E74/><V2/><F2/><W105/><G105/><T134/><D134/><U59/><E73/><V108/><F108/><W85/><G85/><T101/><D5/><U104/><E86/><V39/><F39/><AGARI ba="1,1" hai="12,13,15,36,38,39,87,91,94,121,122" m="48137" machi="39" ten="40,1300,0" yaku="18,1" doraHai="55" who="3" fromWho="2" sc="328,0,224,0,214,-16,224,26" /><INIT seed="1,0,0,1,4,27" ten="328,224,198,250" oya="1" hai0="85,7,61,108,32,112,63,121,2,47,41,5,42" hai1="80,16,67,125,21,87,89,14,126,94,26,18,78" hai2="110,133,3,77,19,53,84,34,54,120,102,33,81" hai3="105,103,72,118,135,17,92,24,59,98,107,6,23"/><U101/><E67/><V134/><F120/><W57/><G72/><T13/><D2/><U25/><E101/><V10/><F110/><W50/><G135/><N who="2" m="51721" /><F102/><W124/><G124/><T8/><D32/><N who="2" m="12394" /><F19/><W55/><G118/><T20/><D108/><U97/><REACH who="1" step="1"/><E26/><REACH who="1" ten="328,214,198,250" step="2"/><V31/><F31/><W70/><G70/><T130/><D121/><U116/><E116/><V9/><F3/><W88/><G103/><T52/><D13/><U128/><E128/><V48/><F54/><W30/><G6/><T111/><D52/><U132/><E132/><V68/><F68/><W4/><G4/><T127/><D5/><U44/><E44/><AGARI ba="0,1" hai="9,10,44,48,53,77,81,84" m="12394,51721" machi="44" ten="30,1000,0" yaku="20,1" doraHai="27" who="2" fromWho="1" sc="328,0,214,-10,198,20,250,0" /><INIT seed="2,0,0,1,5,91" ten="328,204,218,250" oya="2" hai0="7,118,128,113,20,6,75,89,132,11,80,106,59" hai1="96,2,119,35,61,69,116,15,23,77,36,37,114" hai2="46,83,88,110,79,39,24,28,13,111,22,3,124" hai3="18,98,76,38,117,86,57,93,78,73,100,97,87"/><V17/><F3/><W99/><G38/><T60/><D106/><U101/><E2/><V43/><F124/><W133/><G57/><T40/><D113/><U19/><E35/><V0/><F0/><W81/><G18/><T33/><D33/><U66/><E114/><V32/><REACH who="2" step="1"/><F88/><REACH who="2" ten="328,204,208,250" step="2"/><N who="3" m="53407" /><G117/><T134/><D118/><U49/><E77/><V115/><F115/><W109/><G133/><T51/><D132/><U68/><E119/><V52/><F52/><W63/><G109/><T85/><D134/><U21/><E116/><V92/><F92/><N who="3" m="58407" /><G63/><T95/><D60/><U120/><E120/><V64/><F64/><W62/><G62/><T41/><D89/><U10/><E68/><V123/><F123/><W127/><G127/><T5/><D95/><U135/><E135/><V8/><F8/><W104/><G104/><T53/><D11/><U1/><E1/><V14/><F14/><W34/><G34/><T50/><D53/><U82/><E10/><V108/><F108/><W56/><G56/><T102/><D59/><U71/><E69/><V9/><F9/><W25/><G25/><T70/><D70/><U131/><E71/><V27/><F27/><W4/><G4/><T54/><D6/><U12/><E66/><V55/><F55/><W31/><G31/><T112/><D54/><U45/><E61/><V107/><F107/><W29/><G29/><T105/><D7/><U94/><E15/><V67/><F67/><W48/><G48/><T103/><D51/><U129/><E49/><V90/><F90/><W44/><G44/><T130/><D50/><U65/><E45/><RYUUKYOKU ba="0,1" sc="328,-15,204,-15,208,15,250,15" hai2="13,17,22,24,28,32,39,43,46,79,83,110,111" hai3="73,76,78,81,86,98,99" /><INIT seed="2,1,1,5,5,24" ten="313,189,223,265" oya="2" hai0="51,4,22,34,127,6,94,124,39,83,56,23,46" hai1="86,108,117,105,64,69,58,15,29,102,28,90,131" hai2="123,130,113,11,76,120,41,115,96,88,27,132,43" hai3="129,35,114,9,48,30,87,98,36,65,61,71,81"/><V33/><F76/><W12/><G36/><T7/><D34/><U73/><E73/><V60/><F130/><W72/><G72/><T17/><D39/><U50/><E117/><V119/><F119/><W104/><G129/><T89/><D83/><U18/><E131/><V3/><F132/><W133/><G133/><T78/><D78/><U62/><E108/><V10/><F60/><W44/><G114/><T68/><D56/><U38/><E38/><V20/><F33/><W66/><G66/><T95/><D68/><U2/><E2/><V121/><F96/><W100/><G81/><T93/><D89/><U92/><E102/><V109/><F88/><W128/><G87/><T112/><D112/><U49/><E105/><V32/><F109/><W107/><G107/><T57/><D57/><U135/><E135/><V75/><F75/><W82/><G82/><T5/><N who="0" m="1024" /><DORA hai="106" /><T52/><REACH who="0" step="1"/><D17/><REACH who="0" ten="303,189,223,265" step="2"/><U40/><E69/><V13/><F32/><W91/><G91/><T99/><D99/><U1/><E1/><V110/><F3/><W97/><G97/><T25/><D25/><U0/><E0/><V125/><F113/><W116/><G128/><T37/><D37/><U16/><E18/><N who="2" m="10319" /><F115/><W126/><G35/><T21/><AGARI ba="1,2" hai="21,22,23,46,51,52,93,94,95,124,127" m="1024" machi="21" ten="50,12000,2" yaku="1,1,0,1,29,2,54,1,53,1" doraHai="24,106" doraHaiUra="42,77" who="0" fromWho="0" sc="303,143,189,-31,223,-61,265,-31" /><INIT seed="3,0,0,4,2,39" ten="446,158,162,234" oya="3" hai0="16,6,8,65,43,23,117,25,58,85,124,59,73" hai1="104,31,3,115,15,92,56,119,125,29,36,77,102" hai2="96,69,99,126,7,106,64,38,123,94,131,79,114" hai3="53,130,116,98,72,112,66,109,110,20,67,48,121"/><W75/><G112/><T101/><D73/><U17/><E3/><V120/><F114/><W78/><G116/><T91/><D117/><U74/><E115/><V0/><F126/><W129/><G20/><T54/><D124/><U11/><E119/><V12/><F131/><N who="3" m="50187" /><G98/><T127/><D127/><U49/><E36/><V70/><F0/><W45/><G121/><N who="2" m="46665" /><F38/><W30/><G30/><N who="1" m="11274" /><E104/><V100/><F79/><W89/><G89/><T84/><D23/><U32/><E32/><V52/><F64/><N who="3" m="24619" /><G78/><T61/><D91/><U68/><E68/><V10/><F52/><W103/><G103/><AGARI ba="0,0" hai="7,10,12,69,70,94,96,99,100,103,106" m="46665" machi="103" ten="30,1000,0" yaku="13,1" doraHai="39" who="2" fromWho="3" sc="446,0,158,0,162,10,234,-10" owari="446,54.6,158,-34.2,172,-22.8,224,2.4" /></mjloggm>