<mjloggm ver="2.3"><GO type="225" lobby="0"/><UN n0="%E7%9A%AE%E3%80%85" n1="%E8%A8%88%E7%AE%97%E6%A9%9F%E8%87%AA%E7%84%B6" n2="%E5%B0%8F%E5%AE%AE%E3%81%9F%E3%81%9A%E3%81%8D" n3="%77%72%77%72%77%72%77%72" dan="16,17,16,17" rate="2079.45,2167.68,2156.94,2176.44" sx="F,M,F,M"/><TAIKYOKU oya="0"/><INIT seed="0,0,0,3,4,12" ten="250,250,250,250" oya="0" hai0="111,1,48,120,105,37,36,5,17,100,54,72,134" hai1="88,85,62,132,116,38,10,28,96,123,30,73,63" hai2="115,0,118,46,125,47,57,110,77,64,130,50,49" hai3="52,20,86,127,6,69,81,133,107,124,61,24,94"/><T25/><D120/><U76/><E123/><V87/><F0/><W84/><G107/><T102/><D72/><U15/><E116/><V34/><F34/><W9/><G133/><T83/><D134/><U44/><E132/><V41/><F115/><W43/><G43/><T59/><D83/><N who="1" m="47335" /><E38/><V8/><F118/><W32/><G32/><T67/><D67/><U70/><E70/><V65/><F110/><W117/><G117/><T21/><D111/><U3/><E3/><V114/><F114/><W97/><G69/><T51/><D51/><U16/><E44/><V98/><F57/><N who="3" m="34983" /><G9/><T119/><D119/><U75/><E75/><V79/><F98/><W31/><G6/><T71/><D71/><U95/><E73/><V122/><F122/><W74/><G74/><T99/><REACH who="0" step="1"/><D102/><REACH who="0" ten="240,250,250,250" step="2"/><U103/><E103/><V78/><F64/><W60/><G81/><T27/><D27/><U45/><E45/><V23/><F65/><W19/><G60/><AGARI ba="0,1" hai="10,15,16,28,30,60,62,63,88,95,96" m="47335" machi="60" ten="30,7700,0" yaku="8,1,52,1,54,2" doraHai="12" who="1" fromWho="3" sc="240,0,250,87,250,0,250,-77" /><INIT seed="1,0,0,3,5,99" ten="240,337,250,173" oya="1" hai0="93,20,44,31,96,25,27,87,97,107,84,61,42" hai1="47,2,74,111,4,11,22,129,64,51,32,120,79" hai2="38,6,121,124,112,71,60,66,30,56,35,18,14" hai3="53,17,94,77,24,135,9,39,7,116,46,37,69"/><U102/><E120/><V104/><F121/><W63/><G135/><T49/><D107/><U62/><E32/><V73/><F73/><W28/><G116/><T33/><D61/><U54/><E129/><V133/><F38/><W55/><G17/><T12/><D12/><U114/><E114/><V21/><F133/><W98/><G77/><T50/><D50/><U108/><E22/><V59/><F112/><W34/><G69/><T65/><D65/><U80/><REACH who="1" step="1"/><E102/><REACH who="1" ten="240,327,250,173" step="2"/><V16/><F35/><W91/><G37/><T23/><D33/><U86/><E86/><V90/><F21/><W95/><G39/><T15/><D97/><U131/><E131/><V70/><F124/><W101/><G46/><T19/><REACH who="0" step="1"/><D25/><REACH who="0" ten="230,327,250,173" step="2"/><U57/><AGARI ba="0,2" hai="2,4,11,47,51,54,57,62,64,74,79,80,108,111" machi="57" ten="30,6000,0" yaku="1,1,0,1,53,1" doraHai="99" doraHaiUra="3" who="1" fromWho="1" sc="230,-20,327,80,250,-20,173,-20" /><INIT seed="1,1,0,3,4,102" ten="210,407,230,153" oya="1" hai0="100,47,71,63,11,16,122,51,113,119,108,7,24" hai1="40,120,37,79,21,26,12,76,30,31,86,81,20" hai2="106,4,89,83,68,14,38,91,58,45,66,43,121" hai3="13,127,77,72,46,88,80,49,133,69,44,129,87"/><U53/><E120/><V105/><F68/><W5/><G129/><T103/><D113/><U130/><E130/><V18/><F4/><W94/><G133/><T101/><D119/><U75/><E37/><V29/><F121/><W78/><G127/><T110/><D122/><U23/><E40/><V48/><F29/><W131/><G131/><T3/><D63/><U74/><E76/><V36/><F36/><W125/><G125/><T8/><D71/><U109/><E109/><N who="0" m="42089" /><D11/><U34/><E31/><V96/><F83/><W28/><G69/><T19/><D24/><U55/><REACH who="1" step="1"/><E12/><REACH who="1" ten="210,397,230,153" step="2"/><V10/><F38/><W56/><G28/><T64/><D64/><U33/><E33/><V0/><F0/><W50/><G77/><T1/><D1/><U107/><E107/><V27/><F106/><W114/><G114/><T82/><D82/><U117/><E117/><V35/><F105/><W42/><G80/><T111/><D111/><U25/><E25/><V104/><F27/><W6/><G78/><T132/><D132/><U9/><E9/><V54/><F35/><W98/><G72/><AGARI ba="1,1" hai="20,21,23,26,30,34,53,55,72,74,75,79,81,86" machi="72" ten="40,2000,0" yaku="1,1,53,0" doraHai="102" doraHaiUra="2" who="1" fromWho="3" sc="210,0,397,33,230,0,153,-23" /><INIT seed="1,2,0,1,2,31" ten="210,430,230,130" oya="1" hai0="61,21,59,115,83,34,110,131,88,96,124,106,76" hai1="121,16,103,134,120,101,6,133,75,78,14,43,50" hai2="62,92,64,12,132,26,113,93,25,70,95,41,37" hai3="81,11,30,67,117,15,118,60,68,4,107,23,20"/><U44/><E6/><V65/><F132/><N who="1" m="50793" /><E78/><V58/><F113/><W122/><G122/><N who="1" m="47210" /><E75/><V46/><F65/><W3/><G107/><T10/><D115/><U63/><E63/><V112/><F112/><W119/><G30/><T56/><D61/><U97/><E97/><V17/><REACH who="2" step="1"/><F70/><REACH who="2" ten="210,430,220,130" step="2"/><W27/><G81/><T71/><D83/><U111/><E111/><V77/><F77/><W52/><G3/><T135/><D71/><U82/><E82/><V47/><F47/><W5/><G5/><T38/><D76/><U72/><E72/><V91/><F91/><W8/><G119/><T128/><D88/><U19/><E19/><V48/><F48/><W39/><G118/><T79/><D110/><U33/><E16/><V105/><F105/><W13/><G117/><T80/><D106/><U7/><E50/><V127/><F127/><W66/><G66/><T116/><D124/><U57/><E44/><V53/><F53/><W125/><G125/><T18/><D80/><U109/><E109/><V94/><N who="2" m="23552" /><DORA hai="102" /><V9/><AGARI ba="2,1" hai="9,12,17,25,26,37,41,46,58,62,64" m="23552" machi="9" ten="40,8000,1" yaku="1,1,4,1,0,1,53,1" doraHai="31,102" doraHaiUra="40,126" who="2" fromWho="2" sc="210,-22,430,-42,220,96,130,-22" /><INIT seed="2,0,0,0,4,94" ten="188,388,316,108" oya="2" hai0="59,10,122,37,35,11,80,51,100,86,40,108,27" hai1="109,130,57,115,52,8,46,77,13,111,24,30,9" hai2="112,2,104,99,128,65,101,116,49,21,102,68,25" hai3="129,132,44,14,119,42,110,72,91,28,19,127,107"/><V89/><F112/><W83/><G119/><T71/><D122/><U63/><E115/><V123/><F116/><W82/><G110/><N who="1" m="41994" /><E130/><V47/><F123/><W64/><G129/><T124/><D108/><U26/><E77/><V0/><F128/><W117/><G117/><T3/><D71/><U34/><E13/><V96/><F89/><W88/><G107/><T4/><D124/><U23/><E46/><V36/><F36/><W103/><G127/><T18/><D100/><U67/><E67/><V85/><F85/><W87/><G132/><T81/><D37/><U29/><AGARI ba="0,0" hai="8,9,23,24,26,29,30,34,52,57,63" m="41994" machi="29" ten="30,2000,0" yaku="14,1,54,1" doraHai="94" who="1" fromWho="1" sc="188,-5,388,20,316,-10,108,-5" /><INIT seed="3,0,0,4,3,11" ten="183,408,306,103" oya="3" hai0="107,112,127,48,96,43,2,90,99,37,62,28,44" hai1="16,34,70,30,74,38,100,124,17,92,32,33,59" hai2="10,56,39,133,29,53,113,129,24,26,89,121,114" hai3="42,51,101,3,78,73,86,120,20,123,61,31,95"/><W41/><G3/><T117/><D117/><U40/><E70/><V58/><F39/><W103/><G73/><T72/><D2/><U116/><E74/><V115/><F133/><W0/><G0/><T1/><D72/><U8/><E116/><V66/><F129/><W14/><G123/><T54/><D1/><U65/><E124/><V60/><F121/><W36/><G36/><T7/><D127/><U57/><E30/><V35/><F26/><N who="3" m="16839" /><G120/><T126/><D126/><U94/><E8/><V135/><F135/><W21/><G61/><T77/><D7/><U69/><E69/><V98/><F114/><W76/><G51/><T71/><D62/><U93/><E100/><N who="3" m="38474" /><G95/><T91/><D71/><U22/><E65/><V119/><F119/><W105/><G105/><T18/><D107/><U110/><E38/><V87/><F115/><W6/><G86/><T104/><D104/><U131/><E131/><V130/><F130/><W132/><G132/><T125/><D112/><U106/><E106/><V52/><F113/><W88/><G88/><T19/><D91/><U47/><E93/><V67/><F98/><W118/><G118/><T12/><D90/><U102/><E92/><V13/><F87/><W109/><G109/><T46/><D96/><N who="1" m="59671" /><E110/><V45/><F89/><W63/><G63/><T27/><D48/><U55/><E34/><V81/><F81/><W122/><G122/><T83/><D83/><U75/><E75/><V79/><F60/><W25/><G6/><T128/><D128/><U50/><E33/><V23/><F35/><W5/><G5/><T82/><D125/><RYUUKYOKU ba="0,0" sc="183,0,408,0,306,0,103,0" owari="183,-21.7,408,50.8,306,10.6,103,-39.7" /></mjloggm>