<mjloggm ver="2.3"><GO type="225" lobby="0"/><UN n0="%E3%81%A9%E3%82%8F%E3%82%93%E3%81%94" n1="%E3%81%95%E3%81%8D%E3%81%9F%E3%81%BE%E6%9E%97%E6%AA%8E" n2="%E3%81%9F%E3%81%93%E2%98%86%E7%84%BC%E3%81%8D" n3="%73%61%6E%64%69%72%69%73" dan="16,16,16,16" rate="2171.24,2090.54,2090.28,2123.47" sx="M,M,M,M"/><TAIKYOKU oya="0"/><INIT seed="0,0,0,5,3,73" ten="250,250,250,250" oya="0" hai0="32,110,90,100,29,61,36,54,69,79,51,10,4" hai1="37,35,25,78,0,13,17,9,76,60,132,3,127" hai2="88,28,14,98,108,96,12,7,56,38,53,118,45" hai3="2,42,107,48,58,111,124,106,122,27,22,115,43"/><T21/><D36/><U134/><E37/><V26/><F108/><W120/><G2/><N who="1" m="554" /><E60/><V87/><F118/><W105/><G115/><T86/><D32/><U55/><E55/><V94/><F45/><W131/><G111/><T99/><D110/><U64/><E64/><V39/><F38/><W31/><G124/><T5/><D61/><U77/><E127/><V71/><F71/><W126/><G126/><T125/><D69/><U133/><E25/><V46/><F46/><W123/><G131/><T129/><D129/><U41/><E41/><V102/><F98/><W101/><G101/><T20/><D125/><U65/><E65/><V30/><F7/><W72/><G72/><T63/><D63/><U52/><E52/><AGARI ba="0,0" hai="22,27,31,42,43,48,52,58,105,106,107,120,122,123" machi="52" ten="50,3200,0" yaku="13,1,54,1" doraHai="73" who="3" fromWho="1" sc="250,0,250,-32,250,0,250,32" /><INIT seed="1,0,0,4,2,59" ten="250,218,250,282" oya="1" hai0="89,107,83,62,31,13,98,117,112,25,58,125,33" hai1="74,80,84,37,47,110,108,92,67,88,94,3,60" hai2="51,11,130,96,34,87,1,132,121,52,77,82,16" hai3="30,68,126,90,134,93,69,128,72,119,104,14,43"/><U40/><E3/><V0/><F34/><W123/><G104/><T46/><D125/><U127/><E127/><V22/><F121/><W17/><G72/><T118/><D112/><U64/><E64/><V129/><F132/><W115/><G115/><T56/><D58/><N who="1" m="37271" /><E74/><V122/><F122/><W116/><G123/><T12/><D46/><U73/><E73/><V91/><F11/><W135/><G43/><T4/><D83/><U45/><E45/><N who="2" m="27759" /><F96/><W8/><G30/><T49/><D49/><U2/><E2/><V113/><F113/><W111/><G126/><T54/><D89/><U57/><E57/><V35/><F35/><W15/><G111/><AGARI ba="0,0" hai="37,40,47,80,84,88,92,94,108,110,111" m="37271" machi="111" ten="30,11600,0" yaku="14,1,10,1,52,1,54,1" doraHai="59" who="1" fromWho="3" sc="250,0,218,116,250,0,282,-116" /><INIT seed="1,1,0,1,3,32" ten="250,334,250,166" oya="1" hai0="14,65,97,121,87,17,48,117,43,21,0,98,29" hai1="50,134,70,80,28,84,44,90,22,88,128,5,39" hai2="6,53,62,40,63,46,107,101,89,135,60,126,115" hai3="131,41,91,95,35,114,67,25,1,119,68,64,108"/><U18/><E39/><V36/><F135/><W120/><G120/><T31/><D117/><U15/><E134/><V76/><F126/><W12/><G114/><T57/><D121/><U122/><E122/><V111/><F111/><W78/><G108/><T92/><D0/><U26/><E128/><V123/><F123/><W116/><G78/><T58/><D87/><U54/><E70/><V112/><F76/><W99/><G41/><T24/><D65/><U81/><E5/><V75/><F75/><W66/><G131/><T38/><D38/><U4/><E4/><V124/><F89/><W69/><G12/><T23/><D31/><U8/><REACH who="1" step="1"/><E90/><REACH who="1" ten="250,324,250,166" step="2"/><V106/><F6/><W94/><G69/><T59/><D92/><AGARI ba="1,1" hai="8,15,18,22,26,28,44,50,54,80,81,84,88,92" machi="92" ten="30,12000,1" yaku="1,1,2,1,7,1,8,1,54,1,53,0" doraHai="32" doraHaiUra="37" who="1" fromWho="0" sc="250,-123,324,133,250,0,166,0" /><INIT seed="1,2,0,3,2,127" ten="127,457,250,166" oya="1" hai0="21,20,97,84,5,52,82,36,29,128,48,31,26" hai1="86,71,107,1,80,22,129,7,2,92,18,13,110" hai2="126,94,62,23,70,120,55,3,0,90,25,91,121" hai3="124,49,105,78,74,115,131,57,130,125,96,101,59"/><U19/><E107/><V6/><F126/><N who="3" m="48747" /><G115/><T17/><D36/><U76/><E71/><V41/><F41/><W42/><G42/><T83/><D128/><N who="3" m="49193" /><G49/><T60/><D5/><U108/><E129/><V116/><F6/><W75/><G78/><T61/><D97/><U95/><E19/><V45/><F45/><W16/><G16/><T15/><D31/><U72/><E72/><AGARI ba="2,0" hai="57,59,72,74,75,96,101,105" m="49193,48747" machi="72" ten="40,8000,1" yaku="18,1,19,1,52,3" doraHai="127" who="3" fromWho="1" sc="127,0,457,-86,250,0,166,86" /><INIT seed="2,0,0,1,0,55" ten="127,371,250,252" oya="2" hai0="71,79,25,42,77,29,15,20,123,94,101,10,61" hai1="22,88,43,37,108,70,105,59,115,111,49,53,26" hai2="100,116,81,28,119,27,11,89,39,85,74,18,97" hai3="109,2,13,35,106,38,93,92,76,6,58,104,118"/><V44/><F74/><W67/><G118/><T110/><D110/><N who="1" m="42027" /><E115/><V57/><F44/><W96/><G35/><T121/><D42/><U95/><E105/><V40/><F40/><W78/><G38/><T129/><D129/><U54/><E70/><V75/><F75/><W8/><G109/><T51/><D123/><U87/><E37/><V31/><F28/><W36/><G36/><T16/><D121/><U132/><E132/><V0/><F39/><W24/><G24/><T9/><D9/><U56/><E43/><V33/><F57/><N who="1" m="22089" /><E49/><V23/><F11/><W124/><G106/><T52/><D61/><U86/><E86/><V62/><F62/><W103/><G104/><T131/><D71/><U73/><E73/><V14/><F0/><W65/><G2/><T66/><D66/><U91/><E91/><V126/><F126/><W34/><G124/><T80/><D80/><U127/><E127/><V4/><F4/><W128/><G6/><T107/><D107/><AGARI ba="0,0" hai="14,18,23,27,31,33,81,85,89,97,100,107,116,119" machi="107" ten="30,1500,0" yaku="7,1" doraHai="55" who="2" fromWho="0" sc="127,-15,371,0,250,15,252,0" /><INIT seed="2,1,0,0,3,5" ten="112,371,265,252" oya="2" hai0="116,89,78,17,101,45,106,130,83,29,19,79,33" hai1="86,115,15,65,18,113,21,117,75,26,110,57,118" hai2="9,53,91,90,135,48,50,63,35,52,126,97,94" hai3="111,100,129,96,134,46,30,93,22,80,6,8,72"/><V82/><F35/><W51/><G111/><T107/><D33/><U38/><E38/><V69/><F135/><W73/><G134/><T112/><D29/><U59/><E75/><V133/><F133/><W114/><G129/><T67/><D67/><U31/><E86/><N who="2" m="50519" /><F69/><W54/><G114/><N who="1" m="43530" /><E59/><N who="2" m="35303" /><F126/><W104/><G104/><T44/><D112/><U88/><E57/><V121/><F121/><W28/><G22/><T64/><D64/><U25/><E65/><V3/><F3/><W124/><G124/><T24/><D83/><U55/><E55/><V40/><F40/><W10/><G73/><T16/><D89/><U105/><E105/><V47/><F50/><W77/><REACH who="3" step="1"/><G10/><AGARI ba="1,0" hai="9,10,47,48,53,91,94,97" m="35303,50519" machi="10" ten="30,11600,0" yaku="8,1,52,2,54,1" doraHai="5" who="2" fromWho="3" sc="112,0,371,0,265,119,252,-119" /><INIT seed="2,2,0,3,5,85" ten="112,371,384,133" oya="2" hai0="31,36,16,114,130,4,14,122,59,5,91,117,132" hai1="54,42,79,28,80,112,83,64,100,24,113,61,22" hai2="52,129,12,27,41,104,124,96,2,97,111,55,63" hai3="21,53,110,62,73,118,67,94,48,26,89,13,32"/><V88/><F2/><W9/><G110/><T99/><D122/><U87/><E42/><V66/><F104/><W60/><G118/><T58/><D114/><U0/><E0/><V82/><F129/><W33/><G73/><T101/><D130/><U44/><E100/><V131/><F124/><W77/><G77/><T19/><D36/><U75/><E44/><V3/><F3/><W102/><G102/><T56/><D132/><U17/><E54/><V105/><F105/><W46/><G67/><T23/><D117/><U51/><E51/><V72/><F41/><W70/><G70/><T108/><D31/><U39/><E39/><V10/><F27/><W11/><G33/><T34/><D34/><U76/><REACH who="1" step="1"/><E28/><REACH who="1" ten="112,361,384,133" step="2"/><V92/><F131/><W107/><G53/><T95/><D108/><U49/><E49/><V125/><F125/><W29/><G48/><T68/><D68/><AGARI ba="2,1" hai="17,22,24,61,64,68,75,76,79,80,83,87,112,113" machi="68" ten="30,3900,0" yaku="1,1,7,1,53,1" doraHai="85" doraHaiUra="18" who="1" fromWho="0" sc="112,-45,361,55,384,0,133,0" /><INIT seed="3,0,0,5,1,66" ten="67,416,384,133" oya="3" hai0="0,108,81,5,22,125,77,103,26,24,118,111,119" hai1="73,47,122,101,110,51,33,87,68,32,123,67,116" hai2="3,79,58,100,43,53,120,52,135,82,90,104,113" hai3="115,74,86,38,84,59,128,134,9,63,10,85,20"/><W18/><G115/><T102/><D81/><U114/><E110/><V93/><F3/><W31/><G74/><T121/><D77/><U94/><E73/><V95/><F95/><W60/><G31/><T92/><D92/><U133/><E114/><V29/><F135/><W44/><G134/><T124/><D22/><U14/><E133/><V2/><F2/><W27/><G128/><T36/><D0/><U129/><E116/><V75/><F120/><W1/><G1/><T96/><D96/><U97/><E129/><V16/><F43/><W76/><G76/><T78/><D78/><U130/><E130/><V105/><F105/><W21/><G21/><T40/><D40/><U71/><E33/><V72/><F75/><W46/><G38/><T61/><D61/><U54/><E32/><V49/><F53/><N who="3" m="33903" /><G63/><T15/><D15/><U91/><E14/><V131/><F29/><W64/><G64/><T70/><D5/><U98/><E98/><N who="2" m="61463" /><F113/><W37/><G37/><T132/><D132/><U80/><REACH who="1" step="1"/><E67/><REACH who="1" ten="67,406,384,133" step="2"/><V45/><F131/><W106/><G27/><T12/><D12/><U4/><E4/><V11/><F11/><W23/><G9/><T30/><D36/><U39/><E39/><V57/><F16/><W112/><G18/><T8/><D8/><U41/><E41/><V35/><F35/><W99/><G10/><T126/><D126/><U19/><E19/><V62/><F62/><W117/><G99/><T50/><D30/><U107/><E107/><V65/><F65/><W127/><G127/><T88/><D125/><U42/><E42/><V109/><F109/><RYUUKYOKU ba="0,1" sc="67,-15,406,15,384,15,133,-15" hai1="47,51,54,68,71,80,87,91,94,97,101,122,123" hai2="45,49,52,57,58,72,79,82,90,93" owari="52,-44.8,431,53.1,399,19.9,118,-28.2" /></mjloggm>