<mjloggm ver="2.3"><GO type="225" lobby="0"/><UN n0="%6D%75%75%6D%75%72%61" n1="%72%61%6B%33" n2="%72%69%6F%75%63%68%61%6E" n3="%E3%81%8B%E3%82%8F%E3%81%A1%E3%82%83%E3%82%93%35%38" dan="16,16,17,17" rate="2115.57,2132.87,2189.92,2113.97" sx="F,M,M,M"/><TAIKYOKU oya="0"/><INIT seed="0,0,0,1,4,53" ten="250,250,250,250" oya="0" hai0="80,126,19,78,79,69,59,99,134,49,81,95,83" hai1="63,112,71,103,123,27,14,32,115,8,82,92,110" hai2="52,34,36,16,58,106,44,3,74,84,131,86,5" hai3="66,125,107,33,108,127,30,55,72,101,28,105,47"/><T56/><D69/><U57/><E123/><V75/><F34/><W77/><G108/><T64/><D126/><N who="3" m="48137" /><G66/><T120/><D120/><U124/><E110/><V89/><F106/><W97/><G105/><T50/><D134/><U91/><E124/><V48/><F131/><W18/><G18/><T98/><D19/><U23/><E32/><V37/><F86/><W94/><G107/><T45/><D64/><U130/><E82/><V129/><F129/><W7/><G7/><T96/><D95/><U2/><E2/><V10/><F16/><W67/><G67/><T65/><D65/><N who="1" m="39151" /><E71/><V42/><REACH who="2" step="1"/><F36/><REACH who="2" ten="250,250,240,250" step="2"/><W43/><G33/><T29/><D29/><N who="1" m="17663" /><E130/><V39/><F39/><W87/><G28/><T40/><D49/><U21/><E21/><V70/><F70/><W17/><G17/><T118/><D118/><U100/><E112/><V104/><F104/><W114/><G30/><T9/><D9/><U24/><E115/><V1/><F1/><W25/><G114/><T20/><D20/><U15/><E24/><V116/><F116/><W128/><G128/><T132/><D132/><U22/><E22/><V54/><F54/><W93/><G55/><T121/><D121/><U111/><E111/><V122/><F122/><W68/><G68/><T90/><D90/><U102/><E8/><V35/><F35/><W88/><G25/><T0/><D0/><U73/><E73/><V41/><F41/><W117/><G117/><T26/><D26/><U60/><E60/><V113/><F113/><W12/><G88/><T119/><D119/><U109/><E109/><V133/><F133/><RYUUKYOKU ba="0,1" sc="250,10,250,10,240,10,250,-30" hai0="40,45,50,56,59,78,79,80,81,83,96,98,99" hai1="14,15,91,92,100,102,103" hai2="3,5,10,37,42,44,48,52,58,74,75,84,89" /><INIT seed="0,1,1,1,4,70" ten="260,260,250,220" oya="0" hai0="32,53,19,80,41,0,29,1,56,18,31,133,114" hai1="82,6,24,98,74,88,66,91,13,100,62,61,126" hai2="101,109,122,34,79,63,49,92,134,12,108,77,36" hai3="103,50,45,60,33,107,2,44,47,106,39,43,113"/><T81/><D114/><U99/><E126/><V124/><F134/><W116/><G113/><T48/><D133/><U96/><E100/><V27/><F124/><W16/><G116/><T20/><D32/><U86/><E74/><V22/><F122/><W117/><G117/><T110/><D110/><N who="2" m="42602" /><F36/><W17/><G2/><T121/><D121/><U64/><E24/><V76/><F34/><W65/><G33/><T15/><D1/><U35/><E35/><V57/><F49/><W83/><G83/><N who="0" m="31819" /><D0/><U72/><E72/><V52/><F12/><W90/><G90/><T93/><D41/><U75/><E75/><V120/><F120/><W102/><G47/><T21/><D93/><U11/><E91/><V130/><F130/><W73/><G73/><T8/><D8/><U84/><E84/><V26/><F22/><W69/><G103/><T131/><D131/><U94/><E82/><V132/><F132/><W67/><G67/><AGARI ba="1,1" hai="6,11,13,61,62,64,66,67,86,88,94,96,98,99" machi="67" ten="40,2600,0" yaku="8,1,54,1" doraHai="70" who="1" fromWho="3" sc="260,0,260,39,250,0,220,-29" /><INIT seed="1,0,0,4,0,93" ten="260,299,250,191" oya="1" hai0="100,68,15,115,123,20,38,88,26,84,55,121,9" hai1="111,82,74,104,29,81,126,51,114,45,94,125,24" hai2="13,97,83,58,41,132,109,22,19,70,1,103,67" hai3="52,4,90,71,73,101,39,129,11,127,117,17,5"/><U87/><E114/><V99/><F70/><W110/><G71/><T80/><D115/><U118/><E104/><V128/><F1/><W35/><G39/><T28/><D68/><U0/><E0/><V27/><F109/><W107/><G35/><T76/><D38/><U57/><E118/><V23/><F128/><W54/><G73/><T3/><D3/><U37/><E37/><V25/><F132/><W69/><G69/><T120/><D55/><U112/><E57/><V14/><F41/><W64/><G64/><T91/><REACH who="0" step="1"/><D100/><REACH who="0" ten="250,299,250,191" step="2"/><U89/><E112/><V49/><F103/><W50/><G101/><T86/><D86/><U135/><E87/><V119/><F119/><W47/><G117/><T106/><D106/><U122/><E74/><V113/><F113/><W34/><G107/><T16/><AGARI ba="0,1" hai="9,15,16,20,26,28,76,80,84,88,91,120,121,123" machi="16" ten="30,8000,1" yaku="1,1,0,1,13,1,54,2,53,0" doraHai="93" doraHaiUra="102" who="0" fromWho="0" sc="250,90,299,-40,250,-20,191,-20" /><INIT seed="2,0,0,4,5,100" ten="340,259,230,171" oya="2" hai0="68,134,107,71,73,20,78,128,19,92,55,48,34" hai1="93,58,21,79,111,37,17,76,6,124,2,83,102" hai2="121,106,0,74,81,69,72,35,65,57,29,49,101" hai3="45,40,104,64,129,26,112,33,28,109,108,53,3"/><V118/><F118/><W114/><G104/><T77/><D34/><U14/><E37/><V46/><F121/><W116/><G53/><T88/><D107/><U44/><E111/><N who="3" m="42570" /><G45/><T122/><D122/><U25/><E124/><V91/><F0/><W75/><G40/><T10/><D128/><U11/><E44/><V90/><F57/><W85/><G85/><T56/><D134/><U131/><E131/><V16/><F72/><W8/><G64/><T38/><D10/><U87/><E58/><V117/><F117/><W23/><G75/><T133/><D38/><U52/><E52/><N who="2" m="29751" /><F74/><W115/><G129/><T36/><D36/><U135/><E135/><V42/><F81/><W95/><G95/><T130/><D130/><U110/><E110/><V86/><F86/><W4/><G116/><T123/><D123/><U125/><E125/><V9/><F42/><W30/><G30/><T1/><D133/><U132/><E132/><V47/><F47/><W39/><G39/><T80/><D77/><N who="1" m="46575" /><E2/><V120/><F120/><W50/><G50/><T99/><D1/><U13/><E79/><V32/><F29/><W7/><G7/><T43/><D43/><U94/><E76/><V126/><F126/><W54/><G54/><T61/><D48/><U5/><E94/><V15/><F65/><W62/><G62/><T51/><D51/><U59/><E59/><V60/><F60/><W67/><G67/><T96/><D96/><N who="1" m="59663" /><E5/><V82/><F69/><W97/><G97/><T24/><AGARI ba="0,0" hai="19,20,24,55,56,61,68,71,73,78,80,88,92,99" machi="24" ten="20,8000,1" yaku="0,1,7,1,25,2,54,1" doraHai="100" who="0" fromWho="0" sc="340,80,259,-20,230,-40,171,-20" /><INIT seed="3,0,0,4,3,79" ten="420,239,190,151" oya="3" hai0="119,29,60,132,12,91,24,72,58,48,62,93,86" hai1="22,42,122,39,99,114,41,105,45,47,97,121,23" hai2="78,28,96,19,14,131,30,2,130,57,89,110,101" hai3="81,95,84,49,107,55,135,126,26,3,129,73,46"/><W18/><G107/><T104/><D119/><U65/><E65/><V102/><F110/><W120/><G120/><T7/><D104/><U113/><E105/><V115/><F115/><W109/><G3/><T33/><D72/><U118/><E39/><V134/><F134/><W70/><G70/><T20/><D132/><U37/><E37/><V64/><F2/><W69/><G135/><T88/><D33/><U128/><E128/><N who="2" m="49195" /><F78/><W10/><G129/><T76/><D76/><U50/><E50/><V53/><F89/><N who="3" m="51343" /><G69/><T6/><D91/><U124/><E118/><V100/><F64/><W77/><G77/><T117/><D117/><U106/><E106/><V125/><F125/><AGARI ba="0,0" hai="22,23,41,42,45,47,97,99,113,114,121,122,124,125" machi="125" ten="25,1600,0" yaku="22,2" doraHai="79" who="1" fromWho="2" sc="420,0,239,16,190,-16,151,0" owari="420,52.0,255,5.5,174,-22.6,151,-34.9" /></mjloggm>