<mjloggm ver="2.3"><GO type="225" lobby="0"/><UN n0="%E5%B8%86%E7%AB%8B%E5%A4%8F%E8%A1%A3" n1="%E3%81%AA%E3%81%8C%E3%81%95%E3%82%8F%E3%81%BE%E3%81%95%E3%81%BF" n2="%E6%80%AA%E3%81%97%E3%81%99%E3%81%8E%E3%82%8B%E3%83%81%E3%83%BC" n3="%E6%A0%B9%E5%85%83%E3%81%8B%E3%82%89%E5%90%B9%E3%81%A3%E9%A3%9B%E3%81%B6" dan="17,16,16,16" rate="2171.13,2087.54,2104.49,2159.40" sx="M,F,M,F"/><TAIKYOKU oya="0"/><INIT seed="0,0,0,3,0,27" ten="250,250,250,250" oya="0" hai0="75,1,71,106,54,35,3,127,50,83,77,53,74" hai1="16,112,98,118,125,57,87,34,17,15,120,79,128" hai2="130,30,52,32,44,100,131,23,48,18,126,105,37" hai3="47,134,108,103,80,81,116,51,63,43,85,96,64"/><T25/><D127/><U24/><E118/><V11/><F126/><W12/><G116/><T109/><D109/><U8/><E125/><V124/><F124/><W123/><G108/><T78/><D106/><U84/><E120/><V2/><F37/><W117/><G134/><T69/><D25/><U33/><E128/><N who="2" m="49195" /><F100/><W5/><G123/><T46/><D35/><U107/><E112/><V39/><F39/><W9/><G117/><T58/><D3/><U115/><E115/><V59/><F105/><W19/><G19/><T72/><D1/><U94/><E107/><V73/><F73/><W4/><G4/><T89/><D89/><U29/><E34/><V88/><F88/><W38/><G38/><T119/><D119/><U92/><E92/><V122/><F44/><W121/><G121/><T91/><D91/><U65/><E79/><V56/><F56/><W70/><G85/><T97/><D97/><U60/><E17/><V0/><F11/><W111/><G111/><T36/><D36/><U90/><AGARI ba="0,0" hai="8,15,16,24,29,33,57,60,65,84,87,90,94,98" machi="90" ten="20,5200,0" yaku="0,1,7,1,52,1,54,1" doraHai="27" who="1" fromWho="1" sc="250,-26,250,52,250,-13,250,-13" /><INIT seed="1,0,0,1,1,112" ten="224,302,237,237" oya="1" hai0="65,3,120,81,70,80,128,25,7,20,78,19,50" hai1="113,23,26,132,76,95,106,63,90,42,116,129,86" hai2="62,58,68,17,54,134,32,5,127,6,73,92,22" hai3="55,8,21,35,131,107,24,10,83,39,118,94,77"/><U67/><E113/><V125/><F32/><W93/><G107/><T100/><D128/><U72/><E106/><V126/><F134/><W2/><G131/><T11/><D120/><U45/><E129/><V9/><F73/><W57/><G35/><T61/><D100/><U119/><E132/><V82/><F68/><W37/><G37/><T64/><D64/><U84/><E84/><V47/><F82/><W48/><G39/><T12/><D50/><U96/><E72/><V13/><F47/><W135/><G135/><T0/><REACH who="0" step="1"/><D81/><REACH who="0" ten="214,302,237,237" step="2"/><U91/><E67/><V97/><REACH who="2" step="1"/><F9/><REACH who="2" ten="214,302,227,237" step="2"/><W87/><G10/><T28/><D28/><U98/><E45/><V74/><F74/><AGARI ba="0,2" hai="0,3,7,11,12,19,20,25,61,65,70,74,78,80" machi="74" ten="30,2000,0" yaku="1,1,7,1,53,0" doraHai="112" doraHaiUra="30" who="0" fromWho="2" sc="214,40,302,0,227,-20,237,0" /><INIT seed="2,0,0,5,3,119" ten="254,302,207,237" oya="2" hai0="27,89,33,91,19,6,26,113,95,126,101,74,111" hai1="25,124,68,62,57,134,106,16,123,35,40,56,22" hai2="72,61,128,39,46,28,9,13,73,14,42,18,83" hai3="52,132,82,59,51,48,94,109,121,96,63,103,32"/><V24/><F128/><W114/><G32/><T1/><D113/><U115/><E115/><V75/><F61/><W99/><G114/><T31/><D74/><U34/><E106/><V97/><F97/><W110/><G132/><T29/><D111/><N who="3" m="42505" /><G82/><T80/><D126/><U98/><E124/><V127/><F127/><W125/><G125/><T133/><D133/><U108/><E134/><V130/><F130/><W107/><G121/><T5/><D19/><U85/><E108/><V21/><REACH who="2" step="1"/><F14/><REACH who="2" ten="254,302,197,237" step="2"/><W0/><G0/><T79/><D1/><U86/><E98/><V93/><F93/><W120/><G120/><T81/><D95/><U12/><E123/><V49/><F49/><W44/><G44/><T104/><D104/><U60/><E60/><V65/><F65/><W131/><G131/><T30/><D101/><AGARI ba="0,1" hai="48,51,52,59,63,94,96,99,101,103,107" m="42505" machi="101" ten="30,2000,0" yaku="14,1,54,1" doraHai="119" who="3" fromWho="0" sc="254,-20,302,0,197,0,237,30" /><INIT seed="3,0,0,2,5,8" ten="234,302,197,267" oya="3" hai0="135,79,75,131,116,40,69,72,1,62,25,101,50" hai1="98,16,30,94,20,133,115,132,42,0,14,54,26" hai2="91,44,32,3,28,59,29,88,34,66,103,124,6" hai3="83,96,87,80,114,104,109,118,123,76,37,106,73"/><W129/><G114/><T125/><D116/><U112/><E0/><V86/><F124/><W23/><G118/><T33/><D125/><U63/><E42/><V110/><F110/><W82/><G123/><T65/><D1/><U46/><E46/><V41/><F103/><W93/><G37/><T89/><D131/><U4/><E4/><V84/><F3/><W18/><G129/><T121/><D135/><N who="1" m="51787" /><E54/><V57/><F6/><W17/><G109/><T126/><D89/><N who="2" m="34378" /><F44/><W55/><G55/><T78/><D101/><N who="1" m="60631" /><E63/><V77/><F77/><W95/><G73/><T21/><D33/><AGARI ba="0,0" hai="14,16,20,26,30,33,112,115" m="60631,51787" machi="33" ten="30,3900,0" yaku="20,1,52,1,54,1" doraHai="8" who="1" fromWho="0" sc="234,-39,302,39,197,0,267,0" owari="195,-30.5,341,44.1,197,-20.3,267,6.7" /></mjloggm>