<mjloggm ver="2.3"><GO type="225" lobby="0"/><UN n0="%E5%91%A8%E6%9D%B1" n1="%E6%98%93%E5%88%A9%E8%96%A9%E4%BC%AF" n2="%2D%E6%84%9B%E5%AE%95%E7%B5%B9%E6%81%B5%2D" n3="%E3%81%A4%E3%81%A3%E3%81%B1%E3%82%8A%E3%83%9D%E3%83%BC%E3%83%AB" dan="17,16,16,16" rate="2131.30,2041.44,2091.84,2120.78" sx="M,F,M,M"/><TAIKYOKU oya="0"/><INIT seed="0,0,0,1,5,27" ten="250,250,250,250" oya="0" hai0="11,108,52,66,12,70,55,21,77,44,121,126,1" hai1="134,15,23,13,67,135,112,118,104,46,82,38,14" hai2="43,74,65,129,88,40,81,73,132,25,4,113,37" hai3="85,94,30,83,17,86,133,71,76,32,87,35,93"/><T91/><D121/><U58/><E104/><V47/><F113/><W89/><G133/><T42/><D126/><U28/><E118/><V33/><F132/><N who="1" m="50729" /><E112/><V98/><F129/><W61/><G17/><T68/><D108/><U110/><E110/><V117/><F117/><W24/><G35/><T120/><D120/><U124/><E124/><V22/><F33/><W49/><G49/><T2/><D77/><U36/><E82/><V26/><F65/><W84/><REACH who="3" step="1"/><G93/><REACH who="3" ten="250,250,250,240" step="2"/><T106/><D106/><U127/><E127/><V97/><F97/><W45/><BYE who="2" /><G45/><T109/><D109/><U54/><E46/><V99/><F99/><W5/><G5/><T105/><D105/><U6/><E6/><V18/><F18/><W101/><G101/><T29/><D44/><U63/><E38/><V48/><F48/><W69/><G69/><UN n2="%2D%E6%84%9B%E5%AE%95%E7%B5%B9%E6%81%B5%2D" /><T78/><D70/><U60/><E36/><V103/><F37/><W95/><G95/><T92/><D68/><N who="1" m="42087" /><E28/><N who="2" m="17463" /><F4/><W75/><G75/><T9/><D29/><U51/><E51/><V53/><F47/><W7/><G7/><T131/><D92/><U79/><E23/><V115/><F115/><W0/><G0/><T41/><D21/><U64/><E15/><V114/><F114/><W10/><G10/><T57/><D12/><U80/><E14/><V100/><F73/><W107/><G107/><T102/><D1/><U90/><E13/><V116/><F74/><W34/><G34/><T119/><D2/><U3/><E3/><V96/><F116/><W39/><G39/><T50/><D119/><U56/><E56/><V130/><F43/><RYUUKYOKU ba="0,1" sc="250,-10,250,-10,250,-10,240,30" hai3="24,30,32,61,71,76,83,84,85,86,87,89,94" /><INIT seed="1,1,1,3,4,75" ten="240,240,240,270" oya="1" hai0="111,115,56,5,9,57,106,132,14,55,11,35,126" hai1="33,3,18,22,84,36,71,26,93,89,118,29,2" hai2="105,83,67,15,42,114,46,13,87,25,81,124,134" hai3="21,108,53,7,17,65,68,131,85,110,116,91,119"/><U127/><E118/><N who="3" m="45098" /><G131/><T49/><D115/><U8/><E127/><V52/><F124/><W54/><G7/><T102/><D126/><U38/><E71/><V100/><F114/><W104/><G104/><T47/><D132/><U122/><E122/><V129/><F129/><W64/><G54/><T63/><D111/><N who="3" m="42537" /><G53/><T94/><D35/><U10/><E8/><V113/><F113/><W48/><G48/><T135/><D135/><U69/><E69/><V80/><F134/><W6/><G6/><T78/><D106/><U31/><E31/><V19/><F67/><W101/><G101/><T128/><D128/><U60/><E60/><V95/><F105/><W39/><G39/><T117/><D117/><U96/><E3/><V24/><F42/><W74/><G74/><T20/><D63/><U27/><E10/><V61/><F100/><W98/><G98/><N who="0" m="59735" /><D11/><U41/><E2/><V28/><F61/><W45/><G45/><T123/><D123/><U12/><E41/><V72/><F72/><W125/><G68/><T40/><D55/><U88/><REACH who="1" step="1"/><E12/><REACH who="1" ten="240,230,240,270" step="2"/><V30/><F13/><N who="3" m="9391" /><G125/><T90/><D40/><U70/><E70/><V121/><F121/><W23/><G23/><T0/><D20/><U37/><E37/><V50/><F28/><W62/><G62/><T99/><D0/><U82/><AGARI ba="1,2" hai="18,22,26,27,29,33,36,38,82,84,88,89,93,96" machi="82" ten="20,7800,0" yaku="1,1,0,1,7,1,54,1,53,0" doraHai="75" doraHaiUra="51" who="1" fromWho="1" sc="240,-27,230,101,240,-27,270,-27" /><INIT seed="1,2,0,4,1,59" ten="213,331,213,243" oya="1" hai0="119,90,43,52,3,22,84,21,101,30,10,115,91" hai1="95,112,132,128,89,94,134,113,83,11,111,100,53" hai2="62,68,19,24,27,64,109,44,102,96,32,23,116" hai3="77,9,37,69,35,85,13,66,121,65,58,117,54"/><U34/><E34/><V47/><F109/><W105/><G121/><T4/><D115/><N who="1" m="44107" /><E11/><V46/><F116/><W118/><G105/><T135/><D135/><N who="1" m="51755" /><E53/><V86/><F86/><W79/><G37/><T103/><D119/><N who="3" m="45577" /><G35/><T18/><D43/><U39/><E39/><V33/><REACH who="2" step="1"/><F24/><REACH who="2" ten="213,331,203,243" step="2"/><W110/><G85/><T88/><D84/><N who="1" m="50335" /><E111/><V106/><AGARI ba="2,1" hai="19,23,27,32,33,44,46,47,62,64,68,96,102,106" machi="106" ten="30,7900,0" yaku="1,1,0,1,52,1,53,1" doraHai="59" doraHaiUra="57" who="2" fromWho="2" sc="213,-22,331,-41,203,95,243,-22" /><INIT seed="2,0,0,4,1,54" ten="191,290,298,221" oya="2" hai0="67,37,68,32,133,57,122,112,89,60,77,93,51" hai1="39,33,88,86,0,126,83,75,113,123,92,78,9" hai2="26,81,70,82,84,124,111,80,71,125,15,20,36" hai3="95,6,100,44,25,110,13,4,91,127,79,12,19"/><V131/><F36/><W134/><G110/><T104/><D122/><U23/><E33/><V16/><F111/><W105/><G134/><T46/><D133/><U115/><E123/><V2/><F2/><W65/><G127/><N who="2" m="48713" /><F131/><W8/><G105/><T14/><D104/><U97/><E126/><V34/><F84/><W11/><G79/><T94/><D32/><U40/><E23/><N who="2" m="11679" /><F34/><W42/><G65/><T87/><D112/><U38/><E38/><V129/><F129/><W85/><G100/><T76/><D94/><U3/><E3/><V21/><F21/><W99/><G85/><T109/><D109/><U31/><E31/><AGARI ba="0,0" hai="20,26,31,70,71,80,81,82" m="11679,48713" machi="31" ten="30,2900,0" yaku="18,1,54,1" doraHai="54" who="2" fromWho="1" sc="191,0,290,-29,298,29,221,0" /><INIT seed="2,1,0,0,0,131" ten="191,261,327,221" oya="2" hai0="25,117,108,116,0,26,64,52,119,33,69,93,55" hai1="57,62,16,32,86,72,60,46,23,51,36,47,83" hai2="112,103,74,87,24,85,100,61,40,123,67,132,43" hai3="7,124,133,128,34,41,1,134,37,9,89,18,104"/><V77/><F112/><W21/><G128/><T109/><D0/><U11/><E32/><V31/><F123/><W88/><G104/><T107/><D107/><U95/><E11/><V35/><F74/><W45/><G34/><T10/><D10/><U94/><E72/><V44/><F43/><W66/><G66/><T59/><D93/><N who="1" m="35339" /><E36/><V111/><F111/><N who="0" m="42570" /><D69/><U118/><E118/><N who="0" m="30209" /><T8/><DORA hai="12" /><D8/><U63/><E57/><V49/><F132/><N who="3" m="50795" /><G124/><T75/><D75/><U76/><E51/><V65/><F65/><W71/><G71/><T90/><D90/><U48/><E48/><V110/><F110/><W13/><AGARI ba="1,0" hai="1,7,9,13,18,21,37,41,45,88,89" m="50795" machi="13" ten="30,12000,2" yaku="20,1,52,4,54,1" doraHai="131,12" who="3" fromWho="3" sc="191,-31,261,-31,327,-61,221,123" /><INIT seed="3,0,0,5,1,43" ten="160,230,266,344" oya="3" hai0="74,85,35,26,12,30,46,59,79,65,126,1,37" hai1="124,66,22,3,42,76,78,50,106,60,72,11,9" hai2="10,58,56,14,33,16,51,128,134,64,7,61,111" hai3="92,47,105,24,55,123,49,118,104,100,48,103,15"/><W107/><G118/><T82/><D126/><U57/><E106/><V93/><F111/><W31/><G123/><T44/><D1/><U109/><E109/><V77/><F134/><W87/><G15/><T39/><D12/><U19/><E124/><V2/><F128/><W8/><G8/><N who="1" m="3146" /><E72/><V89/><F33/><W135/><G87/><T23/><D35/><U101/><E101/><V122/><F122/><W62/><G62/><T32/><D32/><U112/><E112/><V114/><F114/><W86/><G86/><T102/><D102/><U29/><E29/><V94/><F77/><W41/><G92/><T4/><D4/><U75/><E75/><V80/><F2/><W90/><G90/><T115/><D115/><U108/><E108/><V117/><F117/><W116/><G135/><T20/><D20/><U17/><E17/><V6/><F80/><W127/><G116/><T88/><D37/><U119/><E119/><V132/><F132/><W84/><G127/><T121/><D39/><U99/><E99/><N who="2" m="57775" /><F94/><W67/><G107/><T133/><D121/><U34/><E34/><V73/><F73/><W81/><G105/><T52/><D133/><U25/><E3/><V13/><F13/><W69/><G104/><T131/><D131/><U38/><E38/><V5/><F5/><W70/><G103/><T27/><D27/><U110/><E110/><V54/><AGARI ba="0,0" hai="6,7,10,14,16,51,54,56,58,61,64" m="57775" machi="54" ten="30,2000,0" yaku="8,1,54,1" doraHai="43" who="2" fromWho="2" sc="160,-5,230,-5,266,20,344,-10" owari="155,-34.5,225,-17.5,286,8.6,334,43.4" /></mjloggm>