<mjloggm ver="2.3"><GO type="225" lobby="0"/><UN n0="%E9%B3%B3%E6%9D%B1%E3%81%AE%E3%81%86%E3%81%95%E3%81%8E%E3%81%95%E3%82%93" n1="%E3%81%8B%E3%82%8F%E3%81%A1%E3%82%83%E3%82%93%35%38" n2="%E6%80%AA%E3%81%97%E3%81%99%E3%81%8E%E3%82%8B%E3%83%81%E3%83%BC" n3="%E3%82%B7%E3%83%B3%E5%A4%AA%E6%9C%97" dan="16,16,16,16" rate="2113.67,2082.62,2080.52,2138.98" sx="M,M,M,M"/><TAIKYOKU oya="0"/><INIT seed="0,0,0,4,3,45" ten="250,250,250,250" oya="0" hai0="121,111,98,27,131,119,107,29,108,94,37,55,62" hai1="82,14,46,6,23,66,88,124,40,72,36,7,35" hai2="30,53,89,69,13,95,15,57,59,112,48,126,2" hai3="129,77,84,79,75,12,42,49,67,120,58,56,73"/><T104/><D119/><U1/><E35/><V114/><F2/><W87/><G120/><T132/><D121/><U60/><E1/><V81/><F69/><W43/><G12/><T122/><D37/><U4/><E124/><V8/><F126/><W31/><G31/><T101/><D122/><U44/><E44/><V127/><F30/><W33/><G67/><T90/><D131/><U18/><E72/><V100/><F127/><W97/><G97/><T83/><D132/><U39/><E39/><V91/><F57/><W105/><G105/><T21/><D83/><U106/><E106/><V19/><F15/><W11/><G11/><T17/><D29/><U20/><E20/><V61/><F61/><W52/><G33/><T71/><D101/><U110/><E110/><N who="0" m="42025" /><D71/><U70/><REACH who="1" step="1"/><E4/><REACH who="1" ten="250,240,250,250" step="2"/><V134/><F134/><W63/><G129/><T68/><D68/><U9/><E9/><V78/><F112/><W34/><G34/><T64/><D64/><U10/><E10/><V32/><F114/><W116/><G75/><T133/><D133/><U130/><E130/><V41/><F32/><W85/><G116/><T50/><D62/><U76/><E76/><N who="3" m="29258" /><G73/><T109/><N who="0" m="42033" /><T0/><DORA hai="16" /><D0/><U3/><E3/><V93/><F78/><W135/><G135/><T113/><D113/><U117/><E117/><V38/><F8/><W80/><G80/><T22/><D21/><U96/><E96/><V86/><F81/><W102/><G63/><T99/><D98/><U74/><E74/><V28/><F38/><W47/><G102/><T118/><D118/><U128/><E128/><RYUUKYOKU ba="0,1" sc="250,10,240,10,250,-30,250,10" hai0="17,22,27,50,55,90,94,99,104,107" hai1="6,7,14,18,23,36,40,46,60,66,70,82,88" hai3="42,43,47,49,52,56,58,84,85,87" /><INIT seed="0,1,1,4,5,19" ten="260,250,220,260" oya="0" hai0="42,38,54,81,25,91,119,69,0,100,106,114,20" hai1="2,126,52,128,60,131,73,70,121,67,6,120,35" hai2="59,8,46,84,26,72,71,77,89,109,9,94,33" hai3="43,17,115,80,96,23,135,4,39,21,92,10,68"/><T58/><D114/><U7/><E35/><V107/><F71/><W31/><G68/><T95/><D119/><U48/><E73/><V12/><F109/><W110/><G110/><T62/><D0/><U125/><E6/><V27/><F107/><W15/><G115/><T129/><D129/><N who="1" m="49739" /><E2/><V49/><F59/><W102/><G135/><T83/><D69/><U108/><E7/><V124/><F124/><N who="1" m="47721" /><E108/><V90/><F33/><W75/><G39/><T50/><D38/><U22/><E22/><N who="3" m="8202" /><G75/><T105/><D100/><U11/><E11/><N who="2" m="4171" /><F72/><W44/><G31/><N who="0" m="17831" /><D106/><U32/><E32/><V24/><F12/><N who="3" m="5191" /><G80/><T104/><D105/><U36/><E36/><V132/><F132/><W29/><G29/><T65/><D104/><U78/><E78/><V61/><F77/><W127/><G127/><T133/><D133/><U87/><E87/><V1/><F1/><W53/><G15/><T111/><D111/><U64/><E64/><V122/><F122/><W99/><G17/><T5/><D5/><U74/><E74/><V63/><F90/><W40/><G99/><N who="0" m="57855" /><D65/><U88/><E88/><V79/><F79/><W103/><G102/><T86/><D86/><U112/><E112/><V28/><F28/><W85/><G85/><T97/><D97/><U116/><E116/><V113/><F113/><W134/><G134/><T41/><D83/><U66/><E66/><V47/><F26/><W37/><G37/><T76/><D81/><U51/><E51/><AGARI ba="1,1" hai="40,43,44,51,53,92,96,103" m="5191,8202" machi="51" ten="30,7700,0" yaku="8,1,52,3" doraHai="19" who="3" fromWho="1" sc="260,0,250,-80,220,0,260,90" /><INIT seed="1,0,0,5,5,120" ten="260,170,220,350" oya="1" hai0="7,72,30,46,15,66,126,29,122,37,18,48,36" hai1="93,68,97,74,134,64,44,6,100,32,81,102,41" hai2="80,28,38,19,132,101,34,107,5,3,57,98,10" hai3="103,35,45,118,1,77,113,110,52,109,95,47,67"/><U92/><E134/><V90/><F132/><W4/><G118/><T73/><D66/><U11/><E32/><V96/><F38/><W82/><G113/><T12/><D122/><U123/><E123/><V56/><F19/><W88/><G35/><T58/><D58/><U39/><E64/><V119/><F119/><W94/><G67/><T40/><D37/><U31/><E31/><V85/><REACH who="2" step="1"/><F96/><REACH who="2" ten="260,170,210,350" step="2"/><W22/><G4/><T16/><D18/><U63/><E68/><V75/><F75/><W8/><G8/><T49/><D16/><U33/><E33/><V65/><F65/><W78/><G22/><T70/><D73/><U91/><E63/><V21/><F21/><W112/><G112/><T125/><D36/><U79/><REACH who="1" step="1"/><E93/><REACH who="1" ten="260,160,210,350" step="2"/><V76/><F76/><W127/><G95/><T61/><D61/><U84/><E84/><V71/><F71/><W42/><G94/><T121/><D70/><U55/><E55/><V2/><F2/><AGARI ba="0,2" hai="2,6,11,39,41,44,74,79,81,91,92,97,100,102" machi="2" ten="30,11600,0" yaku="1,1,7,1,25,2,53,0" doraHai="120" doraHaiUra="128" who="1" fromWho="2" sc="260,0,160,136,210,-116,350,0" /><INIT seed="1,1,0,2,4,77" ten="260,296,94,350" oya="1" hai0="33,128,122,130,34,109,126,51,118,62,35,83,85" hai1="76,79,64,72,91,68,75,105,57,107,24,124,78" hai2="46,61,1,69,106,131,104,67,5,11,45,47,29" hai3="3,110,97,134,9,114,28,101,25,27,100,38,26"/><U55/><E68/><V129/><REACH who="2" step="1"/><F29/><REACH who="2" ten="260,296,84,350" step="2"/><W96/><G28/><T10/><D130/><AGARI ba="1,1" hai="1,5,11,45,46,47,61,67,69,104,106,129,130,131" machi="130" ten="40,8000,1" yaku="21,2,2,1,19,1,53,0" doraHai="77" doraHaiUra="23" who="2" fromWho="0" sc="260,-83,296,0,84,93,350,0" /><INIT seed="2,0,0,5,5,74" ten="177,296,177,350" oya="2" hai0="51,4,57,35,135,100,52,120,58,43,22,17,85" hai1="69,15,113,38,32,24,83,50,124,103,8,67,106" hai2="48,81,87,132,82,49,96,94,14,76,89,60,109" hai3="59,56,112,33,44,93,102,55,125,47,19,129,31"/><V34/><F34/><W79/><G129/><T46/><D135/><U41/><E50/><V80/><F132/><W11/><G125/><T86/><D120/><U98/><E15/><V90/><F109/><W131/><G131/><T121/><D121/><U2/><E124/><V65/><F14/><W39/><G79/><T91/><D35/><U0/><E8/><V92/><REACH who="2" step="1"/><F76/><REACH who="2" ten="177,296,167,350" step="2"/><W118/><G112/><T10/><D100/><U73/><E113/><V95/><F95/><W104/><G93/><T97/><D4/><U88/><E32/><V7/><F7/><W72/><G102/><T105/><D10/><U122/><E103/><V110/><F110/><W75/><G33/><T36/><D105/><U66/><E106/><V116/><F116/><W25/><G11/><T71/><D71/><AGARI ba="0,1" hai="48,49,60,65,71,80,81,82,87,89,90,92,94,96" machi="71" ten="40,2000,0" yaku="1,1,53,0" doraHai="74" doraHaiUra="30" who="2" fromWho="0" sc="177,-20,296,0,167,30,350,0" /><INIT seed="2,1,0,0,3,23" ten="157,296,197,350" oya="2" hai0="87,132,51,65,94,127,123,17,119,12,86,108,97" hai1="18,31,112,60,71,85,44,22,24,82,69,113,30" hai2="56,109,36,103,114,88,42,45,90,80,95,118,2" hai3="26,129,8,126,133,19,130,105,134,83,10,73,59"/><V99/><F114/><W11/><G105/><T21/><D108/><U135/><E135/><N who="3" m="51722" /><G59/><T58/><D127/><U5/><E113/><V38/><F118/><W125/><G83/><T9/><D123/><U29/><E112/><V122/><F122/><W107/><G73/><T4/><D119/><U25/><E5/><V120/><F120/><W77/><G77/><T40/><D132/><U79/><E44/><V98/><F2/><W55/><G55/><T75/><D75/><U74/><E74/><V35/><F35/><W124/><G107/><T102/><D40/><U92/><E92/><V104/><F109/><W48/><G48/><T76/><D76/><U81/><E81/><V52/><F38/><W64/><G64/><T110/><D110/><U101/><E101/><V0/><F0/><W41/><G41/><T106/><D106/><U131/><E131/><N who="3" m="50186" /><G26/><N who="0" m="14639" /><D65/><U37/><E37/><V84/><F56/><W20/><G20/><T111/><D111/><U96/><E96/><V62/><F52/><AGARI ba="1,0" hai="4,9,12,51,52,58,86,87,94,97,102" m="14639" machi="52" ten="30,3900,0" yaku="8,1,52,1,54,1" doraHai="23" who="0" fromWho="2" sc="157,42,296,0,197,-42,350,0" /><INIT seed="3,0,0,5,0,48" ten="199,296,155,350" oya="3" hai0="86,65,118,26,47,77,57,21,69,62,95,43,19" hai1="76,81,116,29,99,78,111,27,67,87,42,132,74" hai2="10,79,49,54,61,110,3,46,45,37,107,53,71" hai3="30,113,68,33,134,93,92,108,22,11,13,12,56"/><W83/><G113/><T100/><D118/><U96/><E111/><V24/><F110/><W103/><G134/><T28/><D69/><U117/><E42/><V91/><F107/><W89/><G108/><T130/><D130/><U55/><E67/><V41/><F79/><N who="1" m="30249" /><E27/><V38/><F91/><W133/><G68/><T44/><D43/><U7/><E7/><V58/><F71/><W23/><G33/><T122/><D122/><U119/><E29/><V97/><F97/><N who="1" m="37449" /><E55/><V8/><F3/><W115/><G56/><T73/><D73/><U4/><E4/><V16/><REACH who="2" step="1"/><F37/><REACH who="2" ten="199,296,145,350" step="2"/><W128/><G128/><T82/><D100/><U35/><E35/><V106/><F106/><W2/><G103/><T20/><D95/><U90/><E74/><V36/><F36/><W60/><G93/><T15/><AGARI ba="0,1" hai="15,19,20,21,26,28,44,47,57,62,65,77,82,86" machi="15" ten="20,2700,0" yaku="0,1,7,1,8,1" doraHai="48" who="0" fromWho="0" sc="199,37,296,-7,145,-7,350,-13" owari="236,-16.4,289,8.9,138,-36.2,337,43.7" /></mjloggm>