<mjloggm ver="2.3"><GO type="225" lobby="0"/><UN n0="%E3%81%A1%E3%82%85%E3%81%86%E3%81%A9%E3%81%8F%E8%B1%A1%E3%81%95%E3%82%93" n1="%E7%B4%94%E6%BD%94%E3%83%94%E3%83%A9%E3%83%8B%E3%82%A2" n2="%E7%89%B9%E6%9D%B1%E3%81%AF%E4%B8%96%E7%95%8C%E3%82%92%E6%95%91%E3%81%86" n3="%E3%81%82%E3%82%93%E3%81%AA%E3%81%A4" dan="16,16,16,16" rate="2119.75,2095.88,2177.16,2131.25" sx="M,M,M,M"/><TAIKYOKU oya="0"/><INIT seed="0,0,0,2,5,78" ten="250,250,250,250" oya="0" hai0="41,97,26,105,129,101,23,122,67,86,8,128,52" hai1="79,48,116,42,123,17,94,50,73,134,7,119,77" hai2="10,120,13,18,82,107,25,92,99,39,27,132,34" hai3="69,74,106,83,90,118,96,20,49,32,127,12,6"/><T117/><D117/><U5/><E94/><V72/><F120/><W111/><G118/><T16/><D122/><U60/><E42/><V28/><F39/><W76/><G32/><T131/><D41/><U130/><E73/><V71/><F71/><W33/><G33/><T124/><D124/><U61/><E123/><V45/><F132/><W0/><G127/><T84/><D67/><U121/><E121/><V113/><F113/><W46/><G69/><T75/><D75/><U47/><E47/><V115/><F115/><W63/><G63/><T2/><REACH who="0" step="1"/><D52/><REACH who="0" ten="240,250,250,250" step="2"/><U66/><E66/><V15/><F45/><W37/><G74/><T81/><D81/><U110/><E134/><V104/><F72/><W14/><G83/><T57/><D57/><U30/><E119/><V54/><F82/><W24/><G46/><T109/><D109/><U36/><E110/><V112/><F112/><W31/><G111/><T93/><D93/><U21/><E116/><V135/><F135/><W56/><G56/><T4/><AGARI ba="0,1" hai="2,4,8,16,23,26,84,86,97,101,105,128,129,131" machi="4" ten="40,12000,1" yaku="1,1,0,1,19,1,54,1,53,0" doraHai="78" doraHaiUra="55" who="0" fromWho="0" sc="240,130,250,-40,250,-40,250,-40" /><INIT seed="0,1,0,4,5,60" ten="370,210,210,210" oya="0" hai0="5,46,41,74,6,123,61,125,10,55,121,20,49" hai1="23,2,98,22,110,102,87,128,101,43,133,34,115" hai2="0,30,104,88,58,132,112,21,1,129,90,100,48" hai3="131,116,106,33,14,73,40,38,18,95,68,94,108"/><T66/><D74/><U118/><E34/><V113/><F30/><W114/><RYUUKYOKU type="yao9" ba="1,0" sc="370,0,210,0,210,0,210,0" hai3="14,18,33,38,40,68,73,94,95,106,108,114,116,131" /><INIT seed="0,2,0,3,0,117" ten="370,210,210,210" oya="0" hai0="114,21,39,78,32,35,66,71,82,104,131,42,94" hai1="15,54,4,102,5,22,70,108,61,97,96,49,14" hai2="80,40,30,65,123,120,16,85,57,45,79,100,121" hai3="63,98,99,69,92,41,47,64,28,18,29,55,106"/><T89/><D104/><U7/><E108/><V52/><F30/><W81/><G106/><T103/><D114/><U122/><E122/><V6/><F65/><W112/><G112/><T67/><D103/><U10/><E70/><V130/><F130/><W11/><G55/><T68/><D131/><U60/><E22/><V118/><F118/><W2/><G81/><T132/><D132/><U17/><E15/><V31/><F31/><W115/><G99/><N who="1" m="37962" /><E102/><V50/><F100/><W8/><G115/><T91/><D21/><U116/><E116/><V105/><F105/><W86/><G86/><T90/><D94/><U62/><E49/><V134/><F134/><W58/><G69/><T27/><D71/><U24/><E24/><V36/><REACH who="2" step="1"/><F16/><REACH who="2" ten="370,210,200,210" step="2"/><W73/><G18/><T59/><D68/><U87/><E87/><V51/><F51/><N who="3" m="27119" /><G28/><T13/><D67/><U23/><E23/><V88/><F88/><N who="3" m="55559" /><G29/><T126/><D89/><U33/><E33/><V129/><F129/><W111/><G73/><T101/><D90/><U110/><E110/><V93/><F93/><W127/><G111/><T125/><D91/><U76/><E76/><V37/><F37/><W95/><G95/><T0/><D39/><U135/><E135/><V38/><F38/><W77/><G77/><T3/><D32/><U84/><E84/><V20/><F20/><W113/><G113/><T72/><D35/><U119/><E119/><V12/><F12/><W74/><G74/><T43/><D13/><U34/><E34/><V9/><F9/><N who="3" m="3659" /><G2/><T133/><D0/><U83/><E83/><V107/><F107/><RYUUKYOKU ba="2,1" sc="370,-30,210,10,200,10,210,10" hai1="4,5,7,10,14,17,54,60,61,62" hai2="6,36,40,45,50,52,57,79,80,85,120,121,123" hai3="58,63,64,127" /><INIT seed="1,3,1,3,1,115" ten="340,220,210,220" oya="1" hai0="17,130,11,119,133,23,59,19,57,106,52,29,123" hai1="35,0,70,67,15,91,72,40,88,64,48,26,31" hai2="45,82,53,78,18,16,62,41,51,87,13,93,60" hai3="129,122,8,103,104,96,69,113,98,84,9,90,95"/><U100/><E0/><V107/><F107/><W110/><G69/><T37/><D119/><U101/><E72/><V65/><F18/><W68/><G68/><T56/><D106/><U49/><E15/><V5/><F5/><W14/><G122/><T126/><D37/><U124/><E124/><V54/><F93/><W39/><G113/><T89/><D123/><U32/><E70/><V42/><F54/><W36/><G110/><T76/><D76/><U43/><REACH who="1" step="1"/><E31/><REACH who="1" ten="340,210,210,220" step="2"/><V121/><F121/><W97/><G14/><T10/><D29/><U120/><E120/><V12/><F13/><W33/><G129/><T24/><D126/><U102/><E102/><V105/><F105/><W108/><G103/><T118/><D130/><U21/><E21/><N who="2" m="11399" /><F65/><W131/><G104/><T71/><D23/><U112/><E112/><V92/><F92/><W58/><G131/><T47/><D71/><U27/><AGARI ba="3,2" hai="26,27,32,35,40,43,48,49,64,67,88,91,100,101" machi="27" ten="25,12000,1" yaku="1,1,0,1,22,2,54,1,53,0" doraHai="115" doraHaiUra="117" who="1" fromWho="1" sc="340,-43,210,149,210,-43,220,-43" /><INIT seed="1,4,0,3,0,86" ten="297,359,167,177" oya="1" hai0="69,79,50,51,111,102,21,62,82,4,63,65,55" hai1="85,57,92,28,100,19,83,89,77,120,7,25,24" hai2="23,27,73,61,39,47,15,5,118,133,40,29,17" hai3="18,91,99,72,80,11,53,20,43,107,128,112,52"/><U93/><E120/><V97/><F118/><W6/><G112/><T36/><D36/><U110/><E7/><V88/><F133/><W78/><G128/><T101/><D111/><U46/><E110/><V129/><F129/><W49/><G43/><T117/><D117/><U76/><E46/><V74/><F61/><W87/><G49/><T71/><D4/><U115/><E115/><V81/><F5/><W104/><G18/><T103/><D21/><U37/><E37/><V125/><F125/><W114/><G20/><T42/><D42/><U70/><E70/><V109/><F109/><W105/><G99/><T98/><D98/><N who="1" m="59463" /><E28/><V135/><F135/><W26/><G26/><N who="1" m="10346" /><E19/><V54/><F54/><W66/><G66/><T95/><D95/><U84/><E57/><V48/><F39/><W16/><G114/><T64/><REACH who="0" step="1"/><D55/><REACH who="0" ten="287,359,167,177" step="2"/><U59/><E59/><V119/><F119/><W34/><G34/><T67/><D67/><U108/><E108/><V90/><F40/><W134/><G134/><T45/><D45/><U13/><E13/><V12/><F12/><W32/><G32/><T30/><D30/><U0/><E0/><V127/><F47/><W124/><G6/><T132/><D132/><U113/><E113/><V44/><F44/><W31/><G31/><T9/><D9/><U22/><E22/><V8/><F8/><W41/><G41/><T130/><D130/><U106/><E106/><V122/><F29/><W68/><G68/><T60/><D60/><U38/><E38/><V116/><F116/><W121/><G105/><T131/><D131/><U56/><E56/><RYUUKYOKU ba="4,1" sc="287,15,359,15,167,-15,177,-15" hai0="50,51,62,63,64,65,69,71,79,82,101,102,103" hai1="76,77,83,84,85,89,93" /><INIT seed="1,5,1,4,0,34" ten="302,374,152,162" oya="1" hai0="116,88,118,63,127,27,26,12,41,31,56,122,47" hai1="133,9,36,0,25,29,132,111,17,54,46,100,80" hai2="102,37,90,8,60,93,61,98,20,52,64,3,78" hai3="13,75,19,71,123,95,113,115,112,4,103,125,68"/><U104/><BYE who="3" /><E104/><V5/><F37/><UN n3="%E3%81%82%E3%82%93%E3%81%AA%E3%81%A4" /><W48/><G123/><T124/><D12/><N who="1" m="7311" /><E100/><V18/><F78/><W69/><G75/><T72/><D72/><U70/><E70/><V35/><F35/><W129/><G129/><T67/><BYE who="3" /><D122/><UN n3="%E3%81%82%E3%82%93%E3%81%AA%E3%81%A4" /><U2/><E80/><V81/><F64/><W87/><G125/><N who="0" m="48203" /><D88/><U73/><E73/><V85/><REACH who="2" step="1"/><F52/><REACH who="2" ten="302,374,142,162" step="2"/><W1/><G113/><T30/><D118/><U40/><E54/><V43/><F43/><W108/><G115/><T120/><D116/><U119/><E119/><V135/><F135/><N who="1" m="51785" /><E111/><V55/><F55/><W131/><G108/><T28/><D120/><U86/><E86/><V11/><F11/><W49/><G87/><T38/><AGARI ba="5,2" hai="26,27,28,30,31,38,41,47,56,63,67" m="48203" machi="38" ten="30,1100,0" yaku="18,1" doraHai="34" who="0" fromWho="0" sc="302,46,374,-10,142,-8,162,-8" /><INIT seed="2,0,0,3,4,64" ten="348,364,134,154" oya="2" hai0="31,27,92,39,61,22,13,84,17,6,118,38,68" hai1="125,25,54,9,103,104,5,55,18,44,101,102,88" hai2="3,19,74,16,116,11,78,135,30,40,59,46,51" hai3="130,20,132,77,29,4,34,122,105,128,12,37,86"/><V93/><F116/><W87/><G37/><T127/><D118/><U95/><E104/><V41/><F135/><W69/><G122/><T107/><D107/><U0/><E125/><V115/><F115/><W53/><G105/><T48/><D127/><U124/><E124/><V58/><F30/><W106/><G106/><T110/><D110/><U114/><E114/><V126/><F126/><W120/><G120/><T42/><D6/><U79/><E79/><V62/><F41/><W75/><G53/><T49/><D49/><U56/><E44/><V76/><F74/><W45/><G45/><T71/><D61/><U82/><E82/><V33/><F33/><W99/><G99/><T1/><D1/><U32/><E56/><N who="2" m="21547" /><F3/><W15/><G69/><T117/><D117/><U80/><E80/><V83/><F62/><W113/><G113/><T24/><D48/><U129/><E129/><N who="3" m="49770" /><G34/><T119/><D119/><U111/><E111/><V43/><F43/><W96/><G96/><T112/><D112/><U8/><E32/><V94/><F83/><N who="3" m="45503" /><G132/><T81/><D39/><U67/><E67/><V60/><F60/><W133/><G133/><T109/><D109/><U65/><E65/><V98/><F94/><W47/><G47/><N who="0" m="24023" /><D92/><U36/><E36/><V91/><F11/><N who="3" m="4199" /><G29/><T63/><D63/><U21/><REACH who="1" step="1"/><E9/><REACH who="1" ten="348,354,134,154" step="2"/><V57/><N who="2" m="21555" /><V50/><DORA hai="85" /><F50/><W26/><G20/><N who="0" m="11311" /><D27/><U100/><N who="1" m="25600" /><DORA hai="52" /><U73/><E73/><V7/><F7/><W108/><G108/><T131/><D68/><U89/><E89/><V123/><F123/><W2/><G26/><T10/><D71/><RYUUKYOKU ba="0,1" sc="348,-15,354,15,134,15,154,-15" hai1="0,5,8,18,21,25,54,55,88,95" hai2="16,19,40,46,51,76,78,91,93,98" /><INIT seed="2,1,1,4,2,8" ten="333,369,149,139" oya="2" hai0="127,75,31,108,115,26,111,20,91,80,118,17,81" hai1="124,60,28,116,73,42,45,134,109,32,74,64,130" hai2="96,101,76,6,48,55,65,15,39,1,99,131,36" hai3="59,4,51,53,135,30,128,22,27,52,71,18,69"/><V82/><F1/><W70/><G135/><T54/><D115/><U77/><E116/><V50/><F131/><W72/><G128/><T120/><D118/><U89/><E130/><V93/><F65/><W0/><G72/><T35/><D120/><U3/><E3/><V107/><F6/><W114/><G114/><T57/><D127/><U43/><E43/><V40/><F40/><W24/><G53/><T7/><D7/><U61/><E61/><V58/><F50/><W46/><G4/><T37/><D37/><U98/><E77/><V25/><F25/><W87/><G87/><T125/><D125/><U103/><E89/><V104/><F15/><W47/><REACH who="3" step="1"/><G0/><REACH who="3" ten="333,369,149,129" step="2"/><T102/><D54/><U44/><E74/><V78/><F78/><W117/><G117/><T85/><D75/><U113/><E73/><V67/><F67/><W133/><G133/><T23/><D85/><U49/><E64/><V121/><F121/><W79/><G79/><T66/><D66/><U41/><E134/><V110/><F76/><W14/><G14/><T11/><D108/><U2/><E2/><V94/><F110/><W16/><G16/><T21/><D17/><U33/><E109/><V86/><F86/><W100/><G100/><T97/><D102/><U129/><E129/><V88/><REACH who="2" step="1"/><F82/><REACH who="2" ten="333,369,139,129" step="2"/><W29/><G29/><T119/><D81/><U126/><E113/><V63/><F63/><W106/><G106/><AGARI ba="1,3" hai="36,39,48,55,58,88,93,94,96,99,101,104,106,107" machi="106" ten="40,3900,0" yaku="1,1,54,1,53,0" doraHai="8" doraHaiUra="38" who="2" fromWho="3" sc="333,0,369,0,139,72,129,-42" /><INIT seed="2,2,0,0,4,62" ten="333,369,211,87" oya="2" hai0="49,127,83,36,59,90,64,108,24,38,56,10,114" hai1="130,107,16,55,67,123,75,106,14,58,79,61,95" hai2="17,74,3,23,120,72,54,33,47,70,30,28,22" hai3="31,77,43,9,101,25,37,42,0,94,86,102,65"/><V132/><F120/><W134/><G134/><T125/><D114/><U129/><E123/><V12/><F3/><W117/><G117/><T81/><D108/><U118/><E118/><V71/><F33/><W21/><G37/><N who="0" m="14443" /><D10/><U60/><E95/><V87/><F132/><W88/><G77/><T27/><D49/><U15/><E75/><V97/><F87/><W96/><G101/><T11/><D11/><U19/><E79/><V122/><F122/><W92/><REACH who="3" step="1"/><G65/><REACH who="3" ten="333,369,211,77" step="2"/><T80/><D64/><U115/><E67/><V18/><F74/><W119/><G119/><T116/><D116/><U78/><E78/><V121/><F72/><W4/><AGARI ba="2,1" hai="0,4,9,21,25,31,42,43,86,88,92,94,96,102" machi="4" ten="30,4000,0" yaku="1,1,0,1,54,1,53,0" doraHai="62" doraHaiUra="53" who="3" fromWho="3" sc="333,-12,369,-12,211,-22,77,56" /><INIT seed="3,0,0,2,0,67" ten="321,357,189,133" oya="3" hai0="81,79,75,16,85,123,74,71,124,116,109,55,131" hai1="126,60,23,17,91,41,44,33,87,135,42,43,96" hai2="1,134,72,84,125,29,46,111,9,121,53,101,113" hai3="54,93,82,51,65,89,57,48,18,68,94,128,62"/><W38/><G128/><T15/><D123/><U69/><E33/><V24/><F72/><W77/><G38/><T35/><D116/><U40/><E126/><V59/><F113/><W108/><G108/><T98/><D35/><U110/><E110/><V22/><F111/><W112/><G112/><T119/><D119/><U56/><E69/><V133/><F125/><W118/><G118/><T88/><D124/><U129/><E135/><N who="2" m="51723" /><F101/><W28/><G28/><T132/><D132/><U4/><E4/><N who="2" m="1167" /><F121/><W25/><G51/><T12/><D71/><U7/><E96/><V11/><F46/><W36/><G36/><T49/><D109/><U102/><E102/><V83/><F11/><W99/><G94/><T32/><D32/><U63/><E63/><N who="2" m="36335" /><F84/><W21/><REACH who="3" step="1"/><G77/><REACH who="3" ten="321,357,189,123" step="2"/><T97/><D131/><U39/><E129/><V103/><F103/><W64/><G64/><T127/><D49/><U122/><E122/><V58/><F83/><AGARI ba="0,1" hai="18,21,25,48,54,57,62,65,68,82,83,89,93,99" machi="83" ten="40,3900,0" yaku="1,1,52,1,53,0" doraHai="67" doraHaiUra="107" who="3" fromWho="2" sc="321,0,357,0,189,-39,123,49" /><INIT seed="3,1,0,2,4,107" ten="321,357,150,172" oya="3" hai0="33,89,129,42,5,101,98,44,30,77,111,85,97" hai1="116,31,130,119,125,64,93,12,27,16,123,23,29" hai2="26,45,25,34,43,8,3,38,82,20,65,92,1" hai3="59,28,63,86,4,72,118,17,61,41,15,124,66"/><W88/><G118/><N who="1" m="45098" /><E123/><V78/><F65/><W95/><G124/><T58/><D111/><U79/><E125/><V70/><F70/><W36/><G72/><T117/><D117/><U114/><E114/><V32/><F92/><W71/><G28/><T67/><D129/><U110/><E130/><V69/><F69/><W121/><G121/><T47/><D5/><U46/><E110/><V76/><F76/><W49/><G4/><T54/><D77/><U68/><E79/><V73/><F25/><W120/><G120/><T100/><D67/><U18/><E46/><V106/><F106/><W62/><G36/><T81/><D30/><U127/><E127/><V2/><REACH who="2" step="1"/><F8/><REACH who="2" ten="321,357,140,172" step="2"/><N who="3" m="6375" /><G71/><T108/><D108/><U56/><E68/><V91/><F91/><W40/><G66/><T90/><D33/><U57/><E64/><V9/><F9/><W13/><G13/><T21/><D21/><N who="1" m="11399" /><E93/><V83/><F83/><W35/><G35/><T109/><D109/><U0/><E29/><AGARI ba="1,1" hai="1,2,3,20,26,29,32,34,38,43,45,73,78,82" machi="29" ten="40,2600,0" yaku="1,1,52,1,53,0" doraHai="107" doraHaiUra="99" who="2" fromWho="1" sc="321,0,357,-29,140,39,172,0" owari="321,12.1,328,42.8,179,-22.1,172,-32.8" /></mjloggm>