<mjloggm ver="2.3"><GO type="225" lobby="0"/><UN n0="%E9%81%85%E5%88%BB%E3%81%AE%E3%83%97%E3%83%AA%E3%83%B3%E3%82%B9%E2%99%AA" n1="%E9%BB%92%E9%89%84%E7%8F%A0%E9%9B%AB" n2="%45%6C%79%73%69%75%6D" n3="%E6%9C%9D%E6%97%A5" dan="16,16,17,17" rate="2170.86,2187.28,2127.85,2178.17" sx="F,F,F,F"/><TAIKYOKU oya="0"/><INIT seed="0,0,0,0,2,86" ten="250,250,250,250" oya="0" hai0="81,11,59,121,129,128,37,113,7,93,36,134,6" hai1="106,52,112,5,62,118,123,126,44,61,90,114,31" hai2="85,23,1,28,108,76,8,130,79,105,21,91,77" hai3="20,133,15,66,132,99,41,83,16,89,34,30,38"/><T75/><D113/><N who="1" m="43627" /><E118/><V27/><F105/><W64/><G38/><N who="0" m="14955" /><D121/><U48/><E123/><V92/><F108/><W87/><G41/><T116/><D116/><U24/><E106/><V103/><F130/><N who="0" m="50282" /><D134/><N who="3" m="51817" /><G99/><T53/><D93/><U120/><E120/><V73/><F103/><W117/><G117/><T33/><D33/><N who="1" m="20711" /><E126/><V110/><F110/><W43/><G43/><T115/><D115/><U119/><E119/><V65/><F65/><N who="3" m="25195" /><G30/><T49/><D11/><U84/><E5/><V39/><F39/><W26/><G34/><T74/><D74/><U97/><E97/><V32/><REACH who="2" step="1"/><F73/><REACH who="2" ten="250,250,240,250" step="2"/><W10/><G10/><T122/><D122/><U80/><AGARI ba="0,1" hai="44,48,52,61,62,80,84,90" m="20711,43627" machi="80" ten="30,4000,0" yaku="11,1,52,1,54,1" doraHai="86" who="1" fromWho="1" sc="250,-20,250,50,240,-10,250,-10" /><INIT seed="1,0,0,0,3,72" ten="230,300,230,240" oya="1" hai0="50,57,99,48,116,133,100,13,41,22,45,33,111" hai1="112,101,105,97,78,15,83,52,4,106,103,70,75" hai2="91,51,76,31,95,129,108,46,93,59,54,11,56" hai3="69,35,36,10,82,102,61,114,49,107,34,27,38"/><U132/><E112/><V40/><F108/><W87/><G114/><T28/><D116/><U7/><E70/><V110/><F110/><W37/><G107/><T125/><D111/><U128/><E128/><V119/><F119/><W68/><G102/><T2/><D2/><U12/><E132/><V123/><F129/><W24/><G49/><T18/><D133/><U44/><E15/><V6/><F123/><W81/><G10/><T84/><D125/><U80/><E12/><V85/><F31/><W25/><G61/><T92/><D33/><N who="3" m="12297" /><G87/><T60/><D28/><U88/><E103/><V39/><F93/><W117/><G117/><T90/><D50/><U77/><E106/><V29/><F29/><W19/><G19/><T20/><D20/><U9/><E9/><V79/><REACH who="2" step="1"/><F59/><REACH who="2" ten="230,300,220,240" step="2"/><W67/><G67/><N who="0" m="39311" /><D100/><U118/><E118/><V121/><F121/><W131/><G131/><T17/><D17/><U23/><E101/><V3/><AGARI ba="0,1" hai="3,6,11,39,40,46,51,54,56,76,79,85,91,95" machi="3" ten="20,8000,1" yaku="1,1,0,1,7,1,52,2,53,0" doraHai="72" doraHaiUra="58" who="2" fromWho="2" sc="230,-20,300,-40,220,90,240,-20" /><INIT seed="2,0,0,0,1,2" ten="210,260,310,220" oya="2" hai0="104,118,66,121,47,30,7,27,124,57,6,29,131" hai1="46,24,117,73,28,109,94,76,48,85,20,120,53" hai2="67,130,100,0,54,51,80,16,114,89,31,106,123" hai3="5,84,11,77,95,68,110,87,127,12,86,111,10"/><V70/><F123/><W34/><G68/><T39/><D121/><U79/><E120/><V83/><F114/><W55/><G34/><T93/><D104/><U107/><E107/><V58/><F130/><W60/><G127/><T134/><D124/><U128/><E117/><V72/><F72/><W103/><G60/><N who="0" m="38159" /><D39/><U98/><E73/><V96/><F0/><W102/><G55/><T37/><D37/><U8/><E109/><N who="3" m="41482" /><G77/><T19/><D131/><U113/><E113/><V133/><F133/><W126/><G126/><T64/><D134/><U97/><E128/><V78/><F78/><W59/><G59/><T125/><D125/><U13/><E85/><V52/><F67/><W33/><G33/><T56/><D47/><U90/><REACH who="1" step="1"/><E98/><REACH who="1" ten="210,250,310,220" step="2"/><V49/><F96/><W42/><G95/><T17/><D93/><U105/><E105/><V88/><F106/><W116/><G116/><T50/><D118/><U71/><E71/><V22/><F70/><W1/><G42/><T132/><D132/><U43/><E43/><V41/><F41/><W135/><G135/><T4/><D64/><U25/><E25/><V38/><F54/><W32/><G32/><T35/><D35/><U44/><E44/><V81/><F52/><W9/><G9/><T99/><D99/><U15/><E15/><V91/><F80/><W82/><G82/><T112/><D112/><U14/><E14/><V75/><F81/><W92/><G92/><T69/><D69/><U63/><E63/><V129/><F83/><W36/><G36/><T101/><D27/><U119/><E119/><V40/><F129/><RYUUKYOKU ba="0,1" sc="210,-15,250,15,310,-15,220,15" hai1="8,13,20,24,28,46,48,53,76,79,90,94,97" hai3="1,5,10,11,12,84,86,87,102,103" /><INIT seed="3,1,1,3,5,59" ten="195,265,295,235" oya="3" hai0="1,46,103,87,31,34,40,43,35,19,105,86,131" hai1="108,16,102,124,62,15,97,25,112,76,132,53,65" hai2="129,120,24,9,8,4,27,71,42,12,99,104,91" hai3="2,68,128,11,116,74,41,121,21,118,6,70,79"/><W32/><G121/><T115/><D1/><U36/><E36/><V93/><F120/><W98/><G21/><T37/><D131/><U134/><E112/><V5/><F129/><W111/><G128/><T82/><D115/><U66/><E25/><V135/><F135/><N who="1" m="51753" /><E108/><V18/><F71/><N who="3" m="27179" /><G111/><T26/><D35/><U49/><E76/><V29/><F104/><W123/><G123/><T90/><D43/><U113/><E124/><V33/><F42/><W96/><G96/><T88/><D19/><U95/><E113/><V81/><F81/><N who="3" m="45303" /><G98/><T73/><D73/><U3/><E3/><V52/><F52/><W54/><G54/><T69/><D69/><U117/><E117/><N who="3" m="45162" /><G41/><T20/><D34/><AGARI ba="1,1" hai="2,6,11,32,34" m="45162,45303,27179" machi="34" ten="30,1500,0" yaku="23,1" doraHai="59" who="3" fromWho="0" sc="195,-18,265,0,295,0,235,28" /><INIT seed="3,2,0,4,3,51" ten="177,265,295,263" oya="3" hai0="14,54,33,50,64,19,120,68,110,27,44,100,43" hai1="11,39,111,40,78,129,16,23,83,55,53,46,45" hai2="122,113,2,7,112,61,124,85,99,20,117,91,60" hai3="105,28,8,116,57,74,97,75,62,118,81,106,70"/><W84/><G70/><T121/><D110/><U5/><E111/><V80/><F117/><N who="3" m="45163" /><G57/><T48/><D100/><U77/><E46/><V130/><F130/><W98/><G62/><T87/><D87/><U131/><E78/><V56/><F124/><W35/><G8/><T101/><D101/><U22/><E22/><V125/><F125/><W67/><G28/><T107/><D107/><N who="3" m="40969" /><G67/><T93/><D93/><U59/><E59/><V49/><F122/><W4/><G4/><T34/><D64/><U18/><E18/><V65/><F61/><W119/><N who="3" m="45171" /><W25/><DORA hai="17" /><G25/><T72/><D72/><N who="3" m="27689" /><G35/><T42/><D68/><U132/><E23/><V115/><F49/><W102/><G102/><T73/><D73/><N who="1" m="43439" /><E16/><V10/><F20/><W89/><AGARI ba="2,0" hai="81,84,89,97,98" m="27689,40969,45171" machi="89" ten="50,4800,0" yaku="34,2" doraHai="51,17" who="3" fromWho="3" sc="177,-18,265,-18,295,-18,263,54" owari="159,-34.1,247,-15.3,277,7.7,317,41.7" /></mjloggm>