<mjloggm ver="2.3"><GO type="225" lobby="0"/><UN n0="%E5%91%A8%E6%9D%B1" n1="%E5%B8%86%E7%AB%8B%E5%A4%8F%E8%A1%A3" n2="%E7%8D%A3%E8%87%AD%E3%81%84%E8%82%89%E7%90%83" n3="%E6%9D%B1%E9%A2%A8%E3%81%AE%E3%81%8D%E3%82%83%E3%81%B7%E3%81%95%E3%82%93" dan="17,17,16,16" rate="2176.52,2156.36,2122.97,2118.63" sx="M,M,M,M"/><TAIKYOKU oya="0"/><INIT seed="0,0,0,1,0,123" ten="250,250,250,250" oya="0" hai0="107,116,33,50,42,119,82,7,118,12,14,65,26" hai1="6,114,85,43,87,91,103,120,27,53,51,66,78" hai2="11,55,122,112,49,15,135,100,32,111,99,105,75" hai3="121,126,77,13,97,4,110,38,60,90,102,63,128"/><T19/><D107/><U88/><E120/><V25/><F122/><W54/><G38/><T35/><D65/><U41/><E114/><V44/><F112/><W84/><G77/><T92/><D82/><U47/><E78/><V131/><F75/><W73/><G128/><T29/><D92/><N who="1" m="54287" /><E66/><V52/><F131/><W23/><G126/><T125/><D42/><U36/><E36/><V31/><F135/><W79/><G121/><T108/><D50/><U127/><E103/><V3/><F3/><W17/><G54/><T71/><D71/><U83/><E6/><V61/><F61/><W0/><G4/><T30/><D125/><U64/><E127/><V98/><F98/><W67/><G0/><T22/><D108/><U34/><E34/><N who="0" m="12809" /><D7/><U95/><E64/><V89/><F89/><W21/><G110/><T24/><D19/><U10/><E83/><V28/><F28/><N who="0" m="10858" /><D22/><U5/><E43/><V113/><F113/><W8/><G79/><T132/><D132/><U76/><E41/><V115/><F115/><W94/><G73/><T59/><D59/><U39/><E76/><V70/><F70/><W57/><REACH who="3" step="1"/><G60/><REACH who="3" ten="250,250,250,240" step="2"/><T130/><D130/><U109/><E39/><V45/><F111/><W96/><G96/><T37/><D37/><U58/><E109/><V20/><F55/><W106/><AGARI ba="0,1" hai="8,13,17,21,23,57,63,67,84,90,94,97,102,106" machi="106" ten="20,5200,0" yaku="1,1,0,1,7,1,53,1" doraHai="123" doraHaiUra="80" who="3" fromWho="3" sc="250,-26,250,-13,250,-13,240,62" /><INIT seed="1,0,0,1,3,32" ten="224,237,237,302" oya="1" hai0="102,88,106,68,37,62,64,120,41,34,78,80,63" hai1="82,73,97,91,10,35,111,74,53,67,28,8,29" hai2="83,121,81,54,71,56,119,45,15,134,3,105,25" hai3="113,89,123,14,59,51,48,46,42,52,36,101,108"/><U90/><E67/><V55/><F121/><W30/><G123/><T0/><D120/><U116/><E116/><V86/><F119/><W131/><G113/><T76/><D0/><U133/><E133/><V57/><F71/><W27/><G108/><T95/><D34/><U5/><E111/><V60/><F134/><W2/><G131/><T128/><D128/><U115/><E115/><V107/><F3/><W21/><G2/><T65/><D41/><U16/><E35/><V96/><F45/><W12/><G101/><T33/><D37/><U85/><E74/><V58/><F58/><W40/><G40/><T99/><D33/><U93/><E73/><V117/><F25/><W110/><G110/><T109/><D80/><U61/><E5/><V92/><F15/><W125/><G125/><T103/><D109/><U26/><E10/><V114/><F81/><W44/><G89/><T18/><D18/><U69/><E69/><V24/><F24/><W7/><G7/><T23/><D23/><N who="1" m="13671" /><E8/><V43/><F43/><N who="3" m="24607" /><G36/><T19/><D19/><U94/><E82/><V38/><F38/><W124/><G124/><T70/><REACH who="0" step="1"/><D103/><REACH who="0" ten="214,237,237,302" step="2"/><U1/><E1/><V126/><F117/><W9/><G9/><T112/><D112/><U4/><E4/><V6/><F6/><W135/><G135/><T79/><D79/><U22/><E22/><V17/><F114/><W100/><G100/><T98/><AGARI ba="0,1" hai="62,63,64,65,68,70,76,78,88,95,98,99,102,106" machi="98" ten="20,8000,1" yaku="1,1,0,1,7,1,9,1,54,1,53,0" doraHai="32" doraHaiUra="11" who="0" fromWho="0" sc="214,90,237,-40,237,-20,302,-20" /><INIT seed="2,0,0,4,4,100" ten="304,197,217,282" oya="2" hai0="66,127,1,94,15,114,65,79,16,76,106,109,91" hai1="14,112,55,43,47,50,39,117,134,45,54,20,18" hai2="99,63,128,28,25,40,46,32,96,95,71,56,21" hai3="13,64,9,22,24,48,80,3,77,87,44,34,49"/><V19/><F71/><W78/><G34/><T101/><D114/><U81/><E112/><V75/><F75/><W27/><G64/><T10/><D109/><U122/><E117/><V58/><F128/><W115/><G115/><T4/><D127/><U110/><E110/><V37/><F95/><W84/><G3/><T125/><D125/><U69/><E134/><V92/><F92/><W36/><G36/><T67/><D101/><U103/><E122/><V130/><F130/><W26/><G22/><T86/><REACH who="0" step="1"/><D106/><REACH who="0" ten="294,197,217,282" step="2"/><U123/><E103/><V118/><F118/><W105/><G105/><T124/><D124/><U68/><E123/><V59/><REACH who="2" step="1"/><F63/><REACH who="2" ten="294,197,207,282" step="2"/><W6/><G44/><T119/><D119/><U23/><E69/><V30/><F30/><W88/><G77/><T31/><D31/><U52/><E68/><V129/><F129/><W29/><G29/><T120/><D120/><U70/><E70/><V108/><F108/><W42/><G78/><T60/><D60/><U133/><E133/><V93/><F93/><W33/><G33/><T90/><D90/><U11/><REACH who="1" step="1"/><E81/><REACH who="1" ten="294,187,207,282" step="2"/><V121/><F121/><W0/><G80/><T53/><D53/><AGARI ba="0,3" hai="11,14,18,20,23,39,43,45,47,50,52,53,54,55" machi="53" ten="40,8000,1" yaku="1,1,2,1,54,1,53,1" doraHai="100" doraHaiUra="7" who="1" fromWho="0" sc="294,-80,187,110,207,0,282,0" /><INIT seed="3,0,0,4,5,94" ten="214,297,207,282" oya="3" hai0="85,26,12,119,3,82,80,116,98,64,44,122,114" hai1="102,39,81,63,30,89,120,37,49,129,2,74,17" hai2="32,66,27,79,4,78,10,124,75,6,76,60,121" hai3="91,69,131,47,88,52,13,99,125,41,16,50,36"/><W101/><G69/><T110/><D3/><U126/><E120/><V96/><F121/><W20/><G131/><T62/><D122/><U11/><E102/><V59/><F124/><W109/><G125/><T100/><D114/><U46/><E30/><V8/><F75/><W118/><G109/><T65/><D110/><U15/><E126/><V24/><F32/><W111/><G118/><T18/><D44/><U22/><E129/><V127/><F127/><W61/><G111/><T132/><D26/><U25/><E2/><V73/><F73/><W86/><G86/><T123/><D123/><U0/><E63/><V7/><REACH who="2" step="1"/><F96/><REACH who="2" ten="214,297,197,282" step="2"/><W14/><G99/><T54/><D119/><U128/><E74/><V70/><F70/><W55/><G36/><T48/><D116/><U117/><E128/><V84/><F84/><W93/><G61/><T83/><D85/><N who="1" m="50351" /><E117/><V1/><F1/><W40/><G101/><T53/><D132/><U87/><E87/><V5/><N who="2" m="1024" /><DORA hai="72" /><V112/><F112/><W67/><G91/><T9/><D62/><U97/><E97/><V103/><F103/><W133/><G88/><T45/><REACH who="0" step="1"/><D54/><REACH who="0" ten="204,297,197,282" step="2"/><N who="1" m="30007" /><E0/><V77/><N who="2" m="19456" /><DORA hai="34" /><V33/><F33/><W42/><G55/><T105/><AGARI ba="0,2" hai="9,12,18,45,48,53,64,65,80,82,83,98,100,105" machi="105" ten="30,4000,0" yaku="1,1,0,1,52,1,53,0" doraHai="94,72,34" doraHaiUra="68,31,71" who="0" fromWho="0" sc="204,60,297,-10,197,-10,282,-20" /><INIT seed="4,0,0,2,5,131" ten="264,287,187,262" oya="0" hai0="42,105,100,37,75,86,111,69,25,15,12,68,35" hai1="34,112,82,10,130,59,38,113,129,116,56,95,128" hai2="127,90,39,6,66,13,110,97,45,101,109,77,8" hai3="43,89,2,60,65,30,20,9,106,27,92,50,115"/><T132/><D75/><U48/><E38/><V53/><F127/><W117/><G106/><T87/><D111/><U71/><E116/><V102/><F66/><W88/><G117/><T83/><D132/><U61/><E34/><V63/><F77/><W11/><G115/><N who="1" m="44106" /><E95/><V28/><F28/><W118/><G118/><T73/><D73/><U1/><E82/><V122/><F122/><W47/><G2/><T103/><D37/><U4/><E48/><V22/><F22/><W76/><G76/><T29/><D42/><U3/><E1/><V125/><F125/><W67/><G89/><T120/><D120/><U31/><E31/><V133/><F133/><W41/><G41/><T36/><D36/><U24/><E24/><V21/><F21/><W18/><G30/><T7/><D105/><U124/><E124/><V33/><F33/><W52/><G43/><T107/><D107/><U14/><E3/><V70/><F70/><W126/><G126/><T62/><D83/><U57/><E71/><V64/><F90/><W123/><G123/><T99/><D69/><U121/><E121/><V134/><F134/><W96/><G67/><AGARI ba="0,0" hai="4,10,14,56,57,59,61,67,128,129,130" m="44106" machi="67" ten="40,5200,0" yaku="19,1,15,1,11,1" doraHai="131" who="1" fromWho="3" sc="264,0,287,52,187,0,262,-52" owari="264,6.4,339,43.9,187,-31.3,210,-19.0" /></mjloggm>