<mjloggm ver="2.3"><GO type="225" lobby="0"/><UN n0="%E3%81%B2%E3%81%AA%E3%81%AE%E3%82%8A%E3%81%8F" n1="%4E%49%4A%49%49%52%4F" n2="%E3%81%AF%E3%82%88%E3%81%8A%E3%81%98%E3%81%95%E3%82%93" n3="%E3%81%82%E3%82%93%E3%81%AA%E3%81%A4" dan="17,16,16,16" rate="2182.98,2166.06,2179.90,2149.20" sx="M,M,M,M"/><TAIKYOKU oya="0"/><INIT seed="0,0,0,4,1,46" ten="250,250,250,250" oya="0" hai0="127,129,2,75,51,111,98,134,21,27,83,54,12" hai1="100,19,59,56,18,58,86,48,107,99,131,115,135" hai2="125,23,16,47,122,81,103,93,3,92,117,71,57" hai3="53,37,130,60,105,106,126,40,77,68,101,64,17"/><T112/><D112/><U33/><E115/><V32/><F71/><W108/><G108/><T79/><D2/><U94/><E131/><V113/><F32/><W96/><G130/><T25/><D129/><U8/><E33/><V119/><F113/><W63/><G126/><T11/><D134/><U123/><E123/><V24/><F122/><W0/><G0/><T7/><D127/><U109/><E109/><V49/><F125/><W5/><G5/><T28/><D111/><U39/><E39/><V6/><F57/><W26/><G77/><T31/><D98/><U4/><E135/><V14/><F3/><W88/><G105/><T80/><D80/><U9/><E107/><V35/><F81/><W41/><G37/><T120/><D120/><U102/><E102/><V38/><F38/><W116/><G116/><N who="2" m="44617" /><F103/><W55/><G101/><T95/><D95/><U82/><E48/><V89/><F89/><W118/><G88/><T70/><D70/><U50/><E50/><V69/><F69/><W42/><G106/><T44/><REACH who="0" step="1"/><D27/><REACH who="0" ten="240,250,250,250" step="2"/><U76/><REACH who="1" step="1"/><E4/><REACH who="1" ten="240,240,250,250" step="2"/><V73/><F6/><W91/><G118/><T78/><D78/><U10/><AGARI ba="0,2" hai="8,9,10,18,19,56,58,59,76,82,86,94,99,100" machi="10" ten="30,8000,1" yaku="1,1,2,1,0,1,8,1,53,1" doraHai="46" doraHaiUra="72" who="1" fromWho="1" sc="240,-40,240,100,250,-20,250,-20" /><INIT seed="1,0,0,5,5,129" ten="200,340,230,230" oya="1" hai0="63,50,106,123,33,10,21,23,91,119,96,128,100" hai1="118,87,34,4,58,29,19,22,59,117,3,105,62" hai2="56,32,81,104,18,113,94,26,35,52,61,125,133" hai3="55,124,68,30,1,36,66,97,134,86,107,44,77"/><U84/><E105/><V15/><F104/><W112/><G1/><T114/><D114/><U12/><E117/><V130/><F130/><W111/><G112/><T14/><D128/><U72/><E72/><V88/><F113/><W101/><G30/><T122/><D33/><U70/><E70/><V131/><F131/><W75/><G86/><T116/><D91/><U39/><E39/><V37/><F37/><W121/><G121/><T46/><D63/><U108/><E108/><V65/><F125/><W28/><G28/><T17/><D116/><U48/><E48/><V5/><F81/><N who="3" m="45247" /><G55/><T45/><D45/><U74/><E74/><V103/><F103/><W49/><G49/><T99/><D99/><U73/><E73/><V57/><F5/><W69/><G124/><T132/><D119/><U2/><E58/><V80/><F80/><W11/><G11/><T60/><D60/><U78/><E78/><V102/><F102/><W9/><G9/><T135/><D123/><U89/><E4/><V38/><F38/><W43/><G111/><T95/><D106/><U83/><E118/><V6/><F6/><W93/><G93/><T126/><D126/><U90/><E29/><V24/><F32/><W7/><G7/><T115/><D115/><U67/><REACH who="1" step="1"/><E34/><REACH who="1" ten="200,330,230,230" step="2"/><V127/><F35/><W13/><G69/><T109/><D122/><U79/><E79/><V41/><F127/><W85/><G68/><T0/><D109/><U40/><E40/><V98/><F41/><W20/><G43/><N who="0" m="24927" /><D0/><U16/><E16/><V47/><F18/><N who="3" m="10319" /><G107/><T25/><D23/><U92/><AGARI ba="0,1" hai="2,3,12,19,22,59,62,67,83,84,87,89,90,92" machi="92" ten="20,7800,0" yaku="1,1,5,1,0,1,7,1,53,0" doraHai="129" doraHaiUra="64" who="1" fromWho="1" sc="200,-26,330,88,230,-26,230,-26" /><INIT seed="1,1,0,3,1,110" ten="174,418,204,204" oya="1" hai0="35,108,64,122,14,132,46,135,62,26,49,112,30" hai1="82,119,59,113,61,77,117,100,16,39,48,111,5" hai2="55,38,45,73,15,68,34,91,43,95,104,32,4" hai3="44,53,19,101,17,51,107,70,36,37,90,94,129"/><U84/><E111/><V50/><F104/><W41/><G70/><T75/><D108/><U57/><E39/><V103/><F73/><W96/><G129/><T87/><D75/><U131/><E131/><V52/><F68/><W7/><G7/><T9/><D122/><U133/><E5/><V114/><F114/><W98/><REACH who="3" step="1"/><G37/><REACH who="3" ten="174,418,204,194" step="2"/><T2/><D132/><U85/><E133/><V125/><F4/><W106/><G106/><T116/><D135/><U102/><E119/><V76/><F38/><W74/><G74/><T69/><D116/><U56/><E117/><V123/><F123/><W0/><G0/><T88/><D2/><U18/><E113/><V99/><F125/><W105/><G105/><T78/><D112/><U21/><E61/><V130/><F130/><W60/><G60/><T126/><D126/><U47/><E48/><V118/><F118/><W79/><G79/><T12/><D78/><U25/><E77/><V120/><F120/><W23/><G23/><T124/><D124/><U121/><E21/><V13/><F76/><W28/><G28/><T11/><D11/><U115/><E115/><V109/><F109/><W20/><G20/><T33/><D33/><U80/><E121/><V67/><F32/><W42/><G42/><T1/><D1/><U127/><E127/><V66/><F34/><W40/><G40/><N who="0" m="24775" /><D9/><U81/><E18/><V65/><F91/><W29/><G29/><T22/><D35/><U31/><E16/><V58/><F43/><W86/><G86/><T71/><D71/><U10/><E31/><V92/><F95/><W93/><G93/><RYUUKYOKU ba="1,1" sc="174,10,418,-30,204,10,194,10" hai0="12,14,22,26,30,62,64,69,87,88" hai2="13,15,45,50,52,55,58,65,66,67,92,99,103" hai3="17,19,36,41,44,51,53,90,94,96,98,101,107" /><INIT seed="2,2,1,0,4,117" ten="184,388,214,204" oya="2" hai0="21,10,102,47,37,55,69,72,114,52,134,99,66" hai1="111,123,29,121,27,18,130,17,122,96,20,2,120" hai2="39,25,15,80,42,135,26,13,32,107,22,54,57" hai3="48,77,103,35,1,12,28,65,113,6,87,110,93"/><V81/><F107/><W58/><G1/><T131/><D114/><U8/><E123/><V33/><F135/><W104/><G104/><T64/><D72/><U101/><E130/><V109/><F109/><W3/><G3/><T45/><D134/><U74/><E74/><V85/><F39/><W16/><G6/><T11/><D131/><U118/><E111/><V78/><F42/><W71/><G110/><T86/><D86/><U63/><E118/><V4/><F32/><W40/><G71/><T95/><D69/><U83/><E83/><N who="2" m="47351" /><F33/><W91/><G35/><T49/><D21/><U19/><E63/><N who="2" m="36279" /><F25/><W94/><G113/><T84/><D84/><U76/><E76/><V14/><F4/><W92/><G40/><T126/><D126/><U70/><E70/><V125/><F125/><W23/><G77/><T132/><D132/><U62/><E62/><V88/><F88/><W127/><G127/><T24/><D24/><U50/><E50/><V98/><F98/><N who="3" m="59847" /><G48/><N who="0" m="28687" /><D37/><U36/><E36/><V51/><F51/><W124/><G124/><T61/><D61/><U133/><E133/><V38/><F38/><W79/><G79/><T53/><D53/><U128/><E128/><V43/><F43/><W73/><G73/><T0/><D0/><U56/><E2/><V59/><F59/><W30/><G94/><T89/><D89/><U75/><E56/><V115/><F115/><W105/><G105/><T5/><D5/><U82/><E75/><V119/><F119/><W60/><AGARI ba="2,1" hai="12,16,23,28,30,58,60,65,87,91,93" m="59847" machi="60" ten="30,2000,0" yaku="8,1,54,1" doraHai="117" who="3" fromWho="3" sc="184,-7,388,-7,214,-12,204,36" /><INIT seed="3,0,0,4,5,65" ten="177,381,202,240" oya="3" hai0="97,67,40,102,91,99,21,71,124,120,6,63,128" hai1="132,95,47,54,49,36,32,133,126,70,134,121,57" hai2="90,103,130,131,107,3,31,45,83,119,73,27,4" hai3="64,46,88,112,78,113,34,80,44,96,92,106,108"/><W7/><G34/><T55/><D120/><U23/><E121/><V117/><F45/><W11/><G108/><T58/><D128/><N who="2" m="49194" /><F103/><W52/><G106/><T89/><D124/><U66/><E23/><N who="2" m="15871" /><F107/><W81/><G64/><T22/><D40/><U50/><E32/><V28/><F28/><W33/><G33/><T68/><D6/><U76/><E126/><V8/><F90/><W82/><G78/><AGARI ba="0,0" hai="3,4,8,73,78,83,117,119" m="15871,49194" machi="78" ten="30,1000,0" yaku="19,1" doraHai="65" who="2" fromWho="3" sc="177,0,381,0,202,10,240,-10" owari="177,-32.3,381,48.1,212,-18.8,230,3.0" /></mjloggm>