<mjloggm ver="2.3"><GO type="225" lobby="0"/><UN n0="%72%69%6F%75%63%68%61%6E" n1="%E6%B8%A9%E2%98%85%E6%83%85%E2%98%85%E6%8E%AA%E2%98%85%E7%BD%AE" n2="%E3%81%82%E3%81%99%E3%81%AB%E3%82%83%E3%82%80" n3="%E3%81%BF%E3%81%BF%E3%81%9A" dan="16,18,16,17" rate="2174.42,2270.83,2122.73,2254.14" sx="M,M,F,M"/><TAIKYOKU oya="0"/><INIT seed="0,0,0,2,3,134" ten="250,250,250,250" oya="0" hai0="83,135,87,111,66,73,47,14,21,53,106,29,0" hai1="90,113,41,1,129,94,5,57,11,130,65,115,97" hai2="132,50,99,109,120,49,80,69,96,77,37,131,61" hai3="35,79,105,3,128,60,45,68,119,107,16,108,36"/><T133/><D0/><U15/><E41/><V28/><F132/><N who="0" m="50762" /><D106/><U89/><E1/><V71/><F109/><W23/><G119/><T38/><D73/><U4/><E4/><V125/><F37/><W92/><G35/><T114/><D114/><N who="1" m="43531" /><E90/><V8/><F8/><W20/><G108/><T58/><D111/><U13/><E13/><V32/><F61/><AGARI ba="0,0" hai="5,11,15,57,61,65,89,94,97,129,130" m="43531" machi="61" ten="30,1000,0" yaku="11,1" doraHai="134" who="1" fromWho="2" sc="250,0,250,10,250,-10,250,0" /><INIT seed="1,0,0,3,4,12" ten="250,260,240,250" oya="1" hai0="65,26,74,109,91,55,23,19,80,44,126,22,33" hai1="15,104,88,20,60,2,51,4,133,76,18,39,102" hai2="85,127,30,105,86,11,113,120,132,61,6,130,62" hai3="73,9,82,43,122,0,75,66,83,115,134,28,84"/><U42/><E39/><V116/><F116/><W32/><G122/><T3/><D3/><U81/><E133/><V63/><F120/><W25/><G115/><T17/><D109/><U89/><E60/><V107/><F132/><W31/><G134/><T92/><D126/><U34/><E34/><V125/><F113/><W99/><G43/><T45/><D33/><U87/><E104/><N who="2" m="40011" /><F30/><W50/><G31/><T21/><D65/><U106/><E106/><V56/><F56/><W35/><G35/><T96/><D22/><U69/><E102/><V38/><F38/><W97/><G50/><T95/><D74/><U71/><E2/><V128/><F11/><W16/><G66/><T112/><D80/><U124/><E124/><N who="2" m="47691" /><F6/><W41/><G41/><T14/><D112/><U27/><E71/><V49/><F49/><W47/><G47/><T114/><D114/><U78/><E78/><V118/><F118/><W8/><G75/><T131/><D131/><AGARI ba="0,0" hai="61,62,63,85,86,128,130,131" m="47691,40011" machi="131" ten="40,8000,1" yaku="28,2,19,1,18,1" doraHai="12" who="2" fromWho="0" sc="250,-80,260,0,240,80,250,0" /><INIT seed="2,0,0,4,5,27" ten="170,260,320,250" oya="2" hai0="106,66,29,68,73,30,26,56,135,43,25,113,49" hai1="47,52,102,1,87,58,83,98,78,7,84,61,44" hai2="128,91,59,81,53,3,33,101,17,89,35,46,36" hai3="10,119,77,127,93,69,11,0,129,70,19,18,96"/><V90/><F3/><W71/><G119/><T103/><D113/><U32/><E32/><V82/><F128/><W118/><G118/><T51/><D73/><U117/><E117/><V132/><F132/><W115/><G129/><T67/><D135/><U12/><E1/><V122/><F122/><W4/><G115/><T88/><D68/><U86/><E7/><V107/><F107/><W37/><G37/><T97/><D88/><U120/><E12/><V125/><F125/><W80/><G11/><T34/><D43/><U114/><E120/><V63/><F101/><W121/><G127/><T94/><D106/><U133/><E114/><V74/><F17/><W9/><G9/><T65/><REACH who="0" step="1"/><D56/><REACH who="0" ten="160,260,320,250" step="2"/><U126/><E133/><V14/><F74/><W123/><G121/><T105/><D105/><U50/><E126/><V54/><F36/><W41/><G123/><T75/><D75/><U57/><E57/><V55/><F89/><W110/><G41/><T24/><D24/><U22/><E47/><V23/><F46/><W38/><G38/><T116/><D116/><U42/><E102/><V79/><F91/><W13/><G70/><T95/><D95/><U131/><E131/><V28/><F90/><W130/><G69/><T6/><D6/><U48/><E98/><V108/><F59/><W104/><G71/><T124/><D124/><U60/><E60/><V21/><F63/><W76/><G104/><T62/><D62/><U109/><E61/><V16/><F79/><W99/><G77/><T39/><D39/><U8/><E58/><V45/><F45/><W31/><G99/><RYUUKYOKU ba="0,1" sc="160,30,260,-10,320,-10,250,-10" hai0="25,26,29,30,34,49,51,65,66,67,94,97,103" /><INIT seed="3,1,1,3,3,88" ten="190,250,310,240" oya="3" hai0="78,86,77,83,39,7,89,68,104,53,131,0,34" hai1="103,82,12,28,124,111,48,61,118,32,85,121,6" hai2="133,113,93,20,49,10,115,8,57,35,75,119,65" hai3="47,5,120,40,54,66,79,51,130,58,4,27,67"/><W107/><G120/><T76/><D34/><U98/><E121/><V21/><F35/><W3/><G107/><T13/><D39/><U23/><E32/><V15/><F119/><W129/><G79/><T24/><D68/><U123/><E123/><V92/><F75/><W84/><G27/><T81/><D0/><U105/><E118/><V19/><F133/><W96/><G84/><T63/><D104/><U46/><E61/><N who="2" m="38063" /><F115/><W2/><G96/><T50/><D131/><N who="3" m="50185" /><G2/><T116/><D116/><U33/><E23/><N who="2" m="8779" /><F113/><W25/><G25/><T11/><D24/><U60/><E85/><V29/><F29/><W100/><G100/><T91/><D63/><U114/><E60/><V108/><F108/><W117/><G117/><T102/><D102/><U55/><E103/><V9/><F49/><N who="3" m="26855" /><G3/><T69/><D69/><U43/><E111/><V22/><AGARI ba="1,1" hai="8,9,10,15,19,22,92,93" m="8779,38063" machi="22" ten="30,4000,0" yaku="8,1,52,2" doraHai="88" who="2" fromWho="2" sc="190,-11,250,-11,310,53,240,-21" owari="179,-32.1,239,3.9,363,46.3,219,-18.1" /></mjloggm>