<mjloggm ver="2.3"><GO type="225" lobby="0"/><UN n0="%E3%81%A1%E3%82%85%E3%81%86%E3%81%A9%E3%81%8F%E8%B1%A1%E3%81%95%E3%82%93" n1="%E9%80%9F%E6%B0%B4%E5%87%9B%E9%A6%99" n2="%E5%80%89%E6%A9%8B%EF%BC%A0%E4%BA%8B%E5%8B%99" n3="%45%6C%79%73%69%75%6D" dan="17,16,16,18" rate="2239.53,2103.37,2101.81,2150.22" sx="M,F,M,F"/><TAIKYOKU oya="0"/><INIT seed="0,0,0,4,1,78" ten="250,250,250,250" oya="0" hai0="123,107,6,58,41,54,66,10,65,115,85,15,38" hai1="80,82,117,30,72,32,7,27,21,98,37,134,22" hai2="50,96,16,105,75,124,101,81,39,70,44,121,91" hai3="71,19,102,11,90,108,4,116,93,135,40,0,47"/><T46/><D123/><U114/><E37/><V130/><F70/><W94/><G116/><T36/><D115/><U126/><E117/><V113/><F121/><W86/><G71/><T77/><D107/><U131/><E114/><V60/><F113/><W13/><G108/><T55/><D36/><U33/><E134/><V67/><F39/><W106/><G106/><T57/><D57/><U88/><E131/><V23/><F130/><W53/><G135/><T31/><D31/><U25/><E126/><V97/><F124/><W125/><G125/><T110/><D110/><U52/><E72/><V64/><F60/><W42/><G102/><T9/><D10/><U109/><E109/><V84/><F75/><W112/><G112/><T99/><D99/><U35/><E7/><V118/><F97/><W133/><G133/><T62/><REACH who="0" step="1"/><D65/><REACH who="0" ten="240,250,250,250" step="2"/><U122/><E122/><V2/><F118/><W87/><G47/><T111/><D111/><U76/><E76/><V68/><F68/><W59/><G11/><T1/><D1/><U129/><E129/><V120/><F2/><W29/><G29/><T3/><D3/><U119/><E119/><V26/><REACH who="2" step="1"/><F120/><REACH who="2" ten="240,250,240,250" step="2"/><W74/><G0/><T69/><D69/><U63/><E98/><V14/><F14/><W73/><G13/><T61/><D61/><U127/><E127/><V28/><F28/><W8/><G74/><T128/><D128/><U43/><E30/><V100/><F100/><W95/><G73/><T79/><D79/><U104/><E35/><V56/><F56/><W18/><G59/><T89/><D89/><U103/><E32/><RYUUKYOKU ba="0,2" sc="240,15,250,-15,240,15,250,-15" hai0="6,9,15,38,41,46,54,55,58,62,66,77,85" hai2="16,23,26,44,50,64,67,81,84,91,96,101,105" /><INIT seed="0,1,2,5,2,96" ten="255,235,255,235" oya="0" hai0="61,92,107,79,56,47,0,98,59,87,73,39,64" hai1="13,10,74,60,75,51,105,123,11,131,48,62,117" hai2="90,72,102,54,46,8,86,14,132,115,45,116,120" hai3="82,2,7,129,69,67,124,111,95,44,29,31,78"/><T89/><D0/><U20/><E123/><V15/><F72/><W33/><G95/><T126/><D126/><U125/><E117/><V94/><F120/><W32/><G124/><T50/><D39/><U28/><E105/><V9/><F115/><W34/><G129/><T77/><D56/><U97/><E125/><V119/><F132/><W100/><G111/><T57/><D57/><U112/><E131/><V101/><F54/><W43/><G67/><T133/><D133/><U3/><E3/><V24/><F24/><W16/><G69/><T110/><D110/><U128/><E112/><V118/><F14/><W104/><G29/><T1/><D1/><U88/><E128/><V12/><F15/><W108/><G108/><T58/><D58/><U135/><E135/><V71/><F71/><W134/><G134/><T36/><D36/><U121/><E121/><V25/><F25/><W55/><G55/><T49/><D73/><U26/><E75/><V85/><F85/><W65/><G65/><T40/><REACH who="0" step="1"/><D49/><REACH who="0" ten="245,235,255,235" step="2"/><U18/><E74/><V103/><F8/><W30/><G2/><T93/><D93/><N who="1" m="56487" /><E10/><V76/><F76/><W63/><G78/><T91/><D91/><U23/><E11/><V130/><F130/><W99/><G104/><T113/><D113/><U52/><E48/><V5/><AGARI ba="1,3" hai="5,9,12,45,46,86,90,94,101,102,103,116,118,119" machi="5" ten="40,8000,1" yaku="0,1,12,1,52,3" doraHai="96" who="2" fromWho="2" sc="245,-41,235,-21,255,113,235,-21" /><INIT seed="1,0,0,3,1,114" ten="204,214,368,214" oya="1" hai0="64,6,55,18,24,80,131,97,135,28,52,94,14" hai1="31,93,26,110,17,67,122,19,9,89,0,32,128" hai2="30,40,117,68,16,39,132,2,35,15,107,42,50" hai3="62,120,66,99,5,11,43,36,41,33,126,49,27"/><U38/><E122/><V112/><F39/><W130/><G120/><T71/><D131/><U82/><E38/><V87/><F2/><W83/><G130/><T76/><D6/><U53/><E128/><V12/><F68/><W98/><G126/><T63/><D135/><U116/><E67/><V47/><F107/><W119/><G119/><T125/><D125/><U124/><E124/><V133/><F117/><W69/><G83/><T118/><D118/><U91/><E116/><V10/><F112/><W111/><G111/><T106/><D106/><U103/><E110/><V127/><F127/><W77/><G77/><T123/><D123/><U86/><E103/><V95/><F40/><W79/><G79/><T45/><D45/><U121/><E121/><V70/><F70/><W102/><G49/><T44/><D44/><U108/><E108/><V90/><REACH who="2" step="1"/><F15/><REACH who="2" ten="204,214,358,214" step="2"/><W73/><G36/><T23/><D14/><U115/><E115/><V37/><F37/><W84/><G41/><T20/><D71/><U109/><E109/><V21/><F21/><W72/><G43/><T101/><D20/><U54/><E0/><V61/><F61/><W56/><G69/><T134/><D134/><U7/><E7/><V34/><F34/><W29/><G5/><T48/><D48/><U65/><E65/><V51/><F51/><W81/><G33/><N who="0" m="20615" /><D63/><U85/><E9/><V113/><F113/><W105/><G11/><T129/><D64/><U22/><E32/><V57/><F57/><W60/><G60/><T59/><D59/><U1/><E1/><V104/><F104/><W74/><G105/><RYUUKYOKU ba="0,1" sc="204,-15,214,15,358,15,214,-15" hai1="17,19,22,26,31,53,54,82,85,86,89,91,93" hai2="10,12,16,30,35,42,47,50,87,90,95,132,133" /><INIT seed="1,1,1,4,1,133" ten="189,229,373,199" oya="1" hai0="36,10,68,111,57,87,90,131,129,0,126,117,69" hai1="6,66,115,30,55,122,9,24,27,101,135,43,51" hai2="82,60,13,89,31,47,50,49,17,23,102,22,120" hai3="78,71,80,125,74,48,92,20,83,58,91,98,25"/><U94/><E115/><V38/><F120/><W72/><G71/><T16/><D117/><U5/><E122/><V18/><F31/><W28/><G125/><T113/><D113/><U103/><E135/><V132/><F132/><W8/><G8/><T32/><D32/><U121/><E121/><V12/><F102/><N who="1" m="38921" /><E66/><V134/><F134/><W19/><G80/><N who="0" m="49511" /><D36/><U42/><E94/><V106/><F106/><W54/><REACH who="3" step="1"/><G28/><REACH who="3" ten="189,229,373,189" step="2"/><T110/><D126/><U39/><E30/><V100/><F82/><W85/><AGARI ba="1,2" hai="19,20,25,48,54,58,72,74,78,83,85,91,92,98" machi="85" ten="20,5200,0" yaku="1,1,2,1,0,1,7,1,53,0" doraHai="133" doraHaiUra="3" who="3" fromWho="3" sc="189,-14,229,-27,373,-14,189,75" /><INIT seed="2,0,0,4,5,93" ten="175,202,359,264" oya="2" hai0="19,109,98,83,23,78,5,88,82,133,40,128,35" hai1="47,57,111,122,67,72,120,126,117,20,27,114,4" hai2="86,115,43,66,100,54,65,104,48,51,110,33,129" hai3="49,79,64,121,14,125,37,9,77,124,85,95,94"/><V108/><F33/><W22/><G37/><T53/><D35/><U12/><E72/><V134/><F104/><W90/><G121/><N who="1" m="46698" /><E117/><V24/><F86/><W131/><G131/><T16/><D128/><U58/><E114/><V41/><F24/><W32/><G32/><T42/><D109/><N who="2" m="42090" /><F100/><W80/><G22/><T75/><D133/><U25/><E111/><V10/><F10/><W39/><G39/><T38/><D5/><U69/><E126/><V0/><F0/><W84/><G64/><N who="2" m="24681" /><F129/><W56/><G124/><T130/><D38/><U36/><E27/><V132/><F115/><W17/><G125/><T118/><D118/><U97/><E12/><V81/><F81/><W1/><G1/><T11/><D130/><U3/><E4/><V91/><F91/><W15/><G15/><T8/><D8/><U76/><E3/><V101/><F101/><W44/><G84/><T18/><D11/><U112/><E112/><V52/><F134/><W31/><G31/><T123/><D23/><U30/><E76/><V68/><F68/><W105/><G105/><T46/><D123/><U92/><E92/><V71/><F71/><W103/><G94/><N who="0" m="56647" /><D82/><U21/><E21/><V119/><F119/><W13/><G9/><T89/><D89/><U7/><E7/><V29/><F132/><W50/><G80/><T116/><D116/><U106/><E106/><V96/><F29/><W28/><G28/><T6/><D6/><U45/><E30/><V99/><F41/><W2/><G2/><T127/><D127/><U113/><E113/><V73/><F73/><W87/><G79/><RYUUKYOKU ba="0,0" sc="175,30,202,-10,359,-10,264,-10" hai0="16,18,19,40,42,46,53,75,78,83" /><INIT seed="3,1,0,2,4,11" ten="205,192,349,254" oya="3" hai0="22,38,9,44,114,66,78,58,60,0,20,21,39" hai1="110,81,108,132,37,115,33,98,92,3,86,48,117" hai2="15,6,116,5,105,95,94,91,112,119,52,23,45" hai3="12,104,96,1,87,124,40,101,89,53,30,75,118"/><W46/><G1/><T8/><D114/><U74/><E33/><V130/><F105/><W122/><G124/><T35/><D35/><U97/><E3/><V32/><F32/><W121/><G118/><T100/><D0/><U70/><E37/><V125/><F112/><W42/><G75/><T123/><D123/><U103/><E70/><V129/><F125/><W68/><G68/><T49/><D100/><N who="1" m="60455" /><E115/><V69/><F69/><W57/><G30/><T10/><REACH who="0" step="1"/><D78/><REACH who="0" ten="195,192,349,254" step="2"/><N who="1" m="44247" /><E117/><V67/><F116/><W2/><G2/><T84/><D84/><U51/><E132/><V59/><F119/><W24/><G121/><T127/><D127/><U80/><E48/><V61/><F130/><W29/><G122/><T76/><D76/><N who="1" m="46343" /><E51/><V41/><F129/><W17/><G87/><T102/><D102/><U13/><E13/><V62/><F15/><W126/><G101/><T36/><D36/><U135/><E135/><V25/><F25/><W18/><G24/><T28/><D28/><U63/><E63/><V77/><F62/><W55/><G29/><T82/><D82/><U88/><E88/><V133/><F91/><W128/><G89/><T64/><D64/><U83/><E83/><V111/><F67/><W65/><G65/><T19/><D19/><U43/><E43/><AGARI ba="1,1" hai="8,9,10,20,21,22,38,39,43,44,49,58,60,66" machi="43" ten="40,1300,0" yaku="1,1,53,0" doraHai="11" doraHaiUra="99" who="0" fromWho="1" sc="195,26,192,-16,349,0,254,0" owari="221,-17.9,176,-32.4,349,44.9,254,5.4" /></mjloggm>