<mjloggm ver="2.3"><GO type="225" lobby="0"/><UN n0="%E3%81%99%E3%81%84%E3%81%BE%E3%81%9B%E3%83%BC%E3%82%93" n1="%6D%75%75%6D%75%72%61" n2="%E5%B0%8F%E9%B3%A5%E9%81%8A%E7%B7%B4%E7%84%A1%32%31%E6%AD%B3" n3="%E3%81%82%E3%81%99%E3%81%AB%E3%82%83%E3%82%80" dan="17,16,16,16" rate="2222.77,2135.04,2181.88,2112.30" sx="M,F,F,F"/><TAIKYOKU oya="0"/><INIT seed="0,0,0,1,3,114" ten="250,250,250,250" oya="0" hai0="20,66,27,51,77,74,35,43,128,13,34,130,82" hai1="49,1,47,2,36,135,48,106,87,89,41,96,24" hai2="98,16,112,52,54,71,8,81,116,76,73,50,56" hai3="38,25,111,31,90,10,11,120,127,86,4,57,19"/><T22/><D66/><U40/><E135/><V91/><F112/><W85/><G111/><T102/><D102/><U45/><E36/><V23/><F71/><W59/><G38/><T39/><D39/><U97/><E24/><V108/><F108/><W126/><G120/><T93/><D93/><U110/><E110/><V104/><F8/><W118/><G118/><T29/><D43/><U5/><E5/><V107/><F54/><W115/><G115/><T26/><D13/><U68/><E68/><V18/><F18/><W95/><G19/><T117/><D51/><U122/><E122/><V134/><F116/><W32/><G86/><T14/><D14/><U121/><E121/><V67/><F67/><W3/><REACH who="3" step="1"/><G11/><REACH who="3" ten="250,250,250,240" step="2"/><T72/><D117/><U99/><REACH who="1" step="1"/><E106/><REACH who="1" ten="250,240,250,240" step="2"/><V101/><F107/><W94/><G94/><AGARI ba="0,2" hai="1,2,40,41,45,47,48,49,87,89,94,96,97,99" machi="94" ten="40,5200,0" yaku="1,1,2,1,9,1,53,0" doraHai="114" doraHaiUra="9" who="1" fromWho="3" sc="250,0,240,72,250,0,240,-52" /><INIT seed="1,0,0,3,5,72" ten="250,312,250,188" oya="1" hai0="41,119,10,54,21,28,33,107,12,2,77,115,67" hai1="121,88,1,133,29,34,5,30,66,78,70,45,118" hai2="62,47,68,25,89,13,117,9,122,125,84,128,130" hai3="135,55,123,58,100,97,101,73,49,36,14,15,86"/><U82/><E118/><V56/><F117/><W94/><G73/><T92/><D107/><U80/><E121/><V116/><F116/><W131/><G123/><T114/><D119/><U4/><E133/><V113/><F68/><W103/><G36/><T57/><D67/><U64/><E45/><V20/><F122/><W38/><G38/><T22/><D41/><U83/><E78/><V46/><F125/><W6/><G131/><T108/><D108/><U31/><E34/><V39/><F39/><W24/><G135/><T61/><D2/><U109/><E109/><V3/><F3/><W37/><G37/><T112/><D77/><U23/><E23/><V42/><F42/><W93/><G24/><T129/><D129/><U105/><E105/><V90/><F90/><W52/><G55/><T17/><REACH who="0" step="1"/><D92/><REACH who="0" ten="240,312,250,188" step="2"/><U124/><E1/><V26/><F128/><W11/><G14/><T99/><D99/><U96/><E124/><V8/><F13/><W51/><REACH who="3" step="1"/><G49/><REACH who="3" ten="240,312,250,178" step="2"/><T76/><D76/><U71/><E71/><V44/><F130/><W104/><G104/><T106/><D106/><U95/><E70/><V16/><F25/><AGARI ba="0,2" hai="10,12,17,21,22,25,28,33,54,57,61,112,114,115" machi="25" ten="40,2600,0" yaku="1,1,53,1" doraHai="72" doraHaiUra="27" who="0" fromWho="2" sc="240,46,312,0,250,-26,178,0" /><INIT seed="2,0,0,2,2,49" ten="286,312,224,178" oya="2" hai0="135,119,125,52,21,56,103,22,55,73,37,129,58" hai1="79,20,78,105,41,95,93,124,81,48,12,97,57" hai2="70,45,117,7,121,60,6,109,24,36,100,91,74" hai3="51,50,65,104,31,75,44,131,61,102,62,132,71"/><V8/><F117/><W112/><G75/><T130/><D119/><U40/><E105/><V96/><F121/><W3/><G3/><T94/><D37/><U1/><E1/><V47/><F74/><W11/><G11/><T98/><D125/><U26/><E12/><V120/><F91/><W69/><G31/><T13/><D73/><U128/><E128/><N who="0" m="49257" /><D135/><U46/><E41/><V4/><F120/><W114/><G131/><T0/><D0/><U133/><E124/><V85/><F8/><W99/><G132/><T72/><D72/><U83/><E57/><N who="0" m="22121" /><D21/><U134/><E134/><V15/><F85/><W110/><G110/><T76/><D76/><N who="1" m="29227" /><E95/><V107/><F109/><W90/><G90/><T111/><D111/><U127/><E127/><V64/><F36/><W122/><G122/><T27/><D13/><U5/><E5/><V43/><F15/><W113/><REACH who="3" step="1"/><G44/><REACH who="3" ten="286,312,224,168" step="2"/><T34/><D34/><U108/><E133/><V63/><F45/><W126/><G126/><T29/><AGARI ba="0,1" hai="22,27,29,52,55,94,98,103" m="22121,49257" machi="29" ten="30,7900,0" yaku="19,1,52,2,54,1" doraHai="49" who="0" fromWho="0" sc="286,89,312,-20,224,-39,168,-20" /><INIT seed="3,0,0,1,4,51" ten="375,292,185,148" oya="3" hai0="41,12,30,22,114,88,24,99,120,96,1,56,32" hai1="118,133,15,83,124,115,121,52,4,17,3,2,92" hai2="134,97,106,119,29,112,116,66,49,130,0,19,47" hai3="93,100,131,107,65,33,103,21,39,70,16,101,117"/><W46/><G117/><T71/><D71/><U67/><E115/><V34/><F112/><W28/><G131/><T50/><D120/><U89/><E121/><V26/><F134/><W82/><G107/><T8/><D32/><U128/><E4/><V72/><F72/><W123/><G123/><T27/><D27/><U113/><E113/><V104/><F0/><W126/><G126/><T86/><D1/><U35/><E35/><V77/><F77/><W105/><G105/><T64/><D114/><U90/><E67/><V109/><F130/><W74/><G28/><T38/><D38/><U62/><E128/><V43/><F109/><W36/><G33/><T132/><D132/><U31/><E31/><V54/><F66/><W81/><G93/><T57/><D41/><U20/><E133/><V14/><F43/><W76/><G46/><T13/><D13/><U7/><E7/><V59/><F47/><W68/><G82/><N who="0" m="49239" /><D57/><U48/><E124/><V108/><F108/><W55/><G55/><N who="0" m="31863" /><D64/><U125/><E125/><V111/><F111/><W58/><G58/><T69/><D69/><U6/><E118/><V79/><F106/><W18/><G68/><T45/><D45/><N who="1" m="27663" /><E92/><V87/><F104/><W135/><G135/><T80/><D80/><U91/><E83/><V84/><F119/><W25/><REACH who="3" step="1"/><G18/><AGARI ba="0,0" hai="8,12,18,22,24,30,96,99" m="31863,49239" machi="18" ten="30,3900,0" yaku="8,1,52,1,54,1" doraHai="51" who="0" fromWho="3" sc="375,39,292,0,185,0,148,-39" owari="414,51.4,292,9.2,185,-21.5,109,-39.1" /></mjloggm>