<mjloggm ver="2.3"><GO type="225" lobby="0"/><UN n0="%E5%B8%86%E7%AB%8B%E5%A4%8F%E8%A1%A3" n1="%E3%81%8B%E3%82%8F%E3%81%A1%E3%82%83%E3%82%93%35%38" n2="%E3%83%97%E3%83%92" n3="%E3%81%B5%E3%81%98%E3%81%8B%E3%81%A4" dan="16,16,17,16" rate="2102.98,2172.64,2181.25,2102.60" sx="M,M,M,M"/><TAIKYOKU oya="0"/><INIT seed="0,0,0,5,5,71" ten="250,250,250,250" oya="0" hai0="58,90,12,131,96,123,94,103,2,108,16,26,74" hai1="9,135,92,1,59,122,0,32,41,60,76,115,106" hai2="6,64,80,73,132,98,8,35,109,27,95,79,44" hai3="50,72,51,18,4,3,124,29,107,17,118,89,49"/><T63/><D123/><U10/><E106/><V43/><F109/><W22/><G118/><T121/><D121/><U81/><E122/><V15/><F132/><W85/><G107/><T65/><D2/><U30/><E32/><V55/><F64/><W46/><G72/><T77/><D131/><U82/><E30/><V52/><F27/><W83/><G124/><T20/><D108/><U47/><E135/><V97/><F35/><W25/><G3/><T66/><D103/><U134/><E134/><V62/><F62/><W117/><G4/><T68/><D68/><U5/><E115/><V37/><REACH who="2" step="1"/><F98/><REACH who="2" ten="250,250,240,250" step="2"/><W40/><REACH who="3" step="1"/><G117/><REACH who="3" ten="250,250,240,240" step="2"/><T53/><REACH who="0" step="1"/><D12/><REACH who="0" ten="240,250,240,240" step="2"/><U24/><E0/><V129/><F129/><W127/><G127/><T56/><D56/><U14/><E1/><V38/><F38/><AGARI ba="0,3" hai="17,18,22,25,29,38,40,46,49,50,51,83,85,89" machi="38" ten="40,2600,0" yaku="1,1,52,1,53,0" doraHai="71" doraHaiUra="7" who="3" fromWho="2" sc="240,0,250,0,240,-26,240,56" /><INIT seed="1,0,0,5,0,29" ten="240,250,214,296" oya="1" hai0="55,127,123,3,8,76,82,84,134,18,34,2,95" hai1="86,100,20,115,48,17,31,64,79,90,109,119,129" hai2="116,87,125,121,40,65,106,111,101,28,22,70,73" hai3="57,135,24,41,97,117,105,61,16,96,77,62,122"/><U9/><E115/><V0/><F87/><W78/><G122/><T1/><D127/><U130/><E119/><V83/><F22/><N who="3" m="13383" /><G105/><T53/><D134/><U85/><E100/><V26/><F116/><W113/><G113/><T47/><D123/><U5/><E31/><V112/><F112/><W107/><G107/><T32/><D95/><U14/><E109/><V120/><F125/><W68/><G68/><T102/><D102/><U10/><E64/><V99/><F40/><W12/><G135/><T126/><D126/><U59/><E79/><N who="3" m="30218" /><G41/><T110/><D110/><U42/><E86/><V35/><F111/><W128/><G128/><N who="1" m="49258" /><E5/><V44/><F44/><W19/><G117/><T39/><D39/><U7/><E7/><V45/><F45/><W63/><G57/><T92/><D92/><N who="1" m="54351" /><E42/><V58/><F58/><W25/><G25/><T56/><D47/><U88/><E88/><V132/><F0/><W104/><G104/><T54/><REACH who="0" step="1"/><D56/><REACH who="0" ten="230,250,214,296" step="2"/><U131/><E131/><V124/><F124/><W6/><G6/><T133/><D133/><U23/><E59/><V51/><F132/><W93/><G93/><T52/><N who="0" m="13312" /><DORA hai="27" /><T89/><D89/><U103/><E103/><V46/><F46/><W80/><G80/><T21/><D21/><AGARI ba="0,1" hai="12,19,21,61,62,63,96,97" m="30218,13383" machi="21" ten="30,2000,0" yaku="8,1,54,1" doraHai="29,27" who="3" fromWho="0" sc="230,-20,250,0,214,0,296,30" /><INIT seed="2,0,0,2,4,122" ten="210,250,214,326" oya="2" hai0="13,40,24,127,49,51,20,83,94,99,69,45,39" hai1="37,42,35,84,26,14,86,116,4,76,102,70,89" hai2="66,121,3,97,96,25,56,125,135,124,0,27,65" hai3="117,120,91,18,88,36,28,5,50,68,98,12,44"/><V134/><REACH who="2" step="1"/><F56/><REACH who="2" ten="210,250,204,326" step="2"/><W92/><G120/><AGARI ba="0,1" hai="0,3,25,27,65,66,96,97,120,121,124,125,134,135" machi="120" ten="25,12000,1" yaku="21,2,2,1,22,2,53,0" doraHai="122" doraHaiUra="67" who="2" fromWho="3" sc="210,0,250,0,204,130,326,-120" /><INIT seed="2,1,0,2,2,22" ten="210,250,334,206" oya="2" hai0="24,92,86,72,128,103,1,43,8,7,5,46,19" hai1="91,20,11,35,52,123,127,63,14,96,132,39,90" hai2="49,131,34,115,104,2,56,88,70,10,45,82,81" hai3="48,97,130,62,40,37,23,29,69,57,3,6,101"/><V95/><F115/><W83/><G69/><T64/><D128/><U4/><E35/><V25/><F70/><W73/><G130/><T42/><D72/><U67/><E39/><V41/><F104/><W100/><G37/><T108/><D108/><U44/><E127/><V28/><F131/><W84/><G73/><T50/><D43/><U16/><E132/><V111/><F111/><W0/><G6/><T51/><D64/><U9/><E123/><V114/><F114/><W98/><G40/><T118/><D7/><U68/><E96/><V12/><F56/><W106/><G48/><T121/><D121/><U71/><E71/><V80/><F2/><W113/><G113/><T30/><D51/><U102/><E102/><V21/><F34/><W65/><G83/><T27/><D118/><U93/><E11/><V59/><F59/><W79/><G79/><T120/><D120/><U31/><E31/><V99/><F80/><W122/><G84/><T36/><D36/><U78/><E78/><V61/><F61/><W15/><G122/><T13/><D30/><U87/><E91/><V85/><F99/><W58/><G58/><T60/><D60/><U26/><REACH who="1" step="1"/><E52/><REACH who="1" ten="210,240,334,206" step="2"/><V133/><F133/><W74/><G74/><T126/><D126/><U107/><E107/><V112/><F112/><W18/><REACH who="3" step="1"/><G29/><REACH who="3" ten="210,240,334,196" step="2"/><T53/><D42/><U17/><E17/><AGARI ba="1,2" hai="10,12,17,21,25,28,41,45,49,81,82,85,88,95" machi="17" ten="30,11600,0" yaku="7,1,8,1,52,1,54,1" doraHai="22" who="2" fromWho="1" sc="210,0,240,-119,334,139,196,0" /><INIT seed="2,2,0,1,4,120" ten="210,121,473,196" oya="2" hai0="50,16,15,130,3,118,56,128,82,53,74,68,124" hai1="23,101,4,62,46,9,117,70,94,85,133,13,28" hai2="11,32,49,112,36,67,97,26,14,127,108,57,134" hai3="125,77,109,38,51,18,30,21,83,8,27,87,0"/><V69/><F112/><W110/><G38/><T59/><D68/><U111/><E117/><V31/><F36/><W1/><G125/><T89/><D124/><U126/><E126/><V71/><F127/><W61/><G61/><T81/><D3/><U52/><E133/><V131/><F131/><N who="0" m="50218" /><D118/><U91/><E70/><V43/><F97/><W63/><G63/><T104/><D104/><U35/><E35/><V7/><F67/><W93/><G93/><T42/><D42/><U6/><E101/><V41/><F134/><W34/><G51/><T100/><D100/><U58/><E46/><V44/><F43/><W10/><G10/><N who="0" m="6263" /><D74/><U113/><E113/><V76/><F57/><W95/><G95/><T115/><D115/><U12/><E111/><N who="3" m="42506" /><G8/><T19/><D59/><U25/><REACH who="1" step="1"/><E13/><AGARI ba="2,0" hai="0,1,13,18,21,27,30,34,77,83,87" m="42506" machi="13" ten="30,7700,0" yaku="14,1,52,3" doraHai="120" who="3" fromWho="1" sc="210,0,121,-83,473,0,196,83" /><INIT seed="3,0,0,4,3,49" ten="210,38,473,279" oya="3" hai0="0,20,51,128,76,131,120,112,124,63,133,100,89" hai1="47,12,23,64,107,68,33,18,96,113,116,32,11" hai2="98,62,95,88,77,104,125,67,78,132,73,102,17" hai3="71,110,50,43,38,6,134,59,65,1,127,53,39"/><W130/><G1/><T75/><D20/><U121/><E96/><V106/><F125/><W118/><G6/><T24/><D24/><U87/><E87/><V10/><F132/><W103/><G103/><T15/><D15/><U74/><E47/><V115/><F115/><W5/><G5/><T14/><D112/><U85/><E85/><V66/><F104/><W117/><G127/><T2/><D14/><U21/><E21/><V46/><F46/><N who="3" m="23935" /><G134/><T44/><D124/><U94/><E94/><V70/><F73/><W29/><G29/><T79/><D133/><U129/><E64/><V82/><F67/><W58/><G130/><T90/><D44/><U22/><E22/><V109/><F82/><W4/><G4/><T16/><D100/><U45/><E45/><V28/><F28/><W34/><G34/><T57/><D51/><U61/><E61/><V99/><F17/><W31/><G31/><T36/><D63/><U91/><E91/><V27/><F10/><W8/><G8/><T56/><D120/><U41/><E41/><V72/><F27/><W9/><G9/><T81/><D81/><U122/><E23/><V119/><F119/><N who="3" m="45579" /><G110/><T123/><D123/><U48/><E116/><V54/><F109/><W69/><G38/><T101/><D36/><U108/><E121/><V84/><F72/><W52/><G65/><T111/><D111/><U26/><E108/><V37/><F37/><W86/><G86/><T135/><D135/><U126/><E122/><V60/><F84/><W25/><G25/><T13/><D75/><U114/><E107/><V19/><F19/><RYUUKYOKU ba="0,0" sc="210,-15,38,-15,473,15,279,15" hai2="54,60,62,66,70,77,78,88,95,98,99,102,106" hai3="50,52,53,58,59,69,71" /><INIT seed="3,1,0,4,3,4" ten="195,23,488,294" oya="3" hai0="104,21,39,83,41,48,75,82,72,24,3,107,33" hai1="55,6,71,97,93,79,81,14,69,99,94,123,109" hai2="5,106,56,80,85,117,129,28,34,133,66,0,120" hai3="77,73,127,130,53,10,119,125,70,64,87,20,114"/><W108/><G119/><T31/><D48/><U57/><E57/><V29/><F106/><W98/><G114/><T100/><D21/><U90/><E6/><V89/><F117/><W67/><G73/><T105/><D83/><U36/><E14/><V84/><F129/><W26/><G130/><T43/><D43/><U46/><E46/><V111/><F34/><W62/><G108/><T68/><D68/><U8/><E55/><V65/><F120/><W23/><G98/><T52/><D52/><U42/><E42/><V35/><F35/><W18/><G67/><T122/><D122/><U19/><E19/><V38/><F38/><W50/><G87/><T11/><D100/><U27/><E27/><V128/><F133/><W13/><G77/><T134/><D134/><U47/><E47/><V45/><F128/><W92/><G92/><T61/><D61/><U124/><E36/><V103/><F103/><W101/><G101/><T76/><D75/><U74/><E109/><V1/><F111/><W86/><G86/><T9/><REACH who="0" step="1"/><D3/><REACH who="0" ten="185,23,488,294" step="2"/><U60/><E123/><V91/><F0/><W37/><G23/><T131/><D131/><U2/><E124/><V63/><F66/><W15/><G37/><T95/><D95/><U17/><E60/><V16/><F45/><W132/><G132/><T78/><D78/><U110/><E110/><V88/><F1/><W121/><G121/><T59/><D59/><U135/><E135/><V7/><F80/><W54/><G54/><T126/><D126/><U112/><E112/><V32/><F65/><N who="3" m="41271" /><G127/><T40/><D40/><U51/><E74/><RYUUKYOKU ba="1,1" sc="185,30,23,-10,488,-10,294,-10" hai0="9,11,24,31,33,39,41,72,76,82,104,105,107" owari="215,-18.5,13,-48.7,488,58.8,284,8.4" /></mjloggm>