<mjloggm ver="2.3"><GO type="225" lobby="0"/><UN n0="%E6%97%A5%E6%9B%9C%E6%97%A5%E3%82%88%E3%82%8A%E3%81%AE%E4%BD%BF%E8%80%85" n1="%72%65%6E%6B%75%6E" n2="%E3%82%B7%E3%83%B3%E5%A4%AA%E6%9C%97" n3="%E6%81%A5%E6%99%92%E3%81%97" dan="16,17,16,16" rate="2096.94,2274.43,2136.17,2135.99" sx="M,M,M,M"/><TAIKYOKU oya="0"/><INIT seed="0,0,0,4,4,62" ten="250,250,250,250" oya="0" hai0="27,80,71,112,60,15,12,53,1,94,58,38,82" hai1="45,42,92,87,90,49,104,34,30,24,124,50,36" hai2="19,37,75,133,59,10,127,47,52,132,119,41,130" hai3="103,26,121,134,69,8,43,76,102,129,39,11,31"/><T5/><D38/><U96/><REACH who="1" step="1"/><E124/><REACH who="1" ten="250,240,250,250" step="2"/><V54/><F127/><W117/><G117/><T115/><D115/><U131/><E131/><V98/><F119/><W99/><G129/><T21/><D112/><U73/><E73/><V20/><F130/><W109/><G109/><T135/><D135/><U46/><E46/><V113/><F75/><W63/><G134/><T70/><D1/><U48/><E48/><V72/><F72/><W74/><G39/><T13/><D5/><U126/><E126/><V51/><F113/><W111/><G111/><T61/><D94/><U40/><E40/><V22/><F132/><W79/><G43/><T7/><D7/><U123/><E123/><V89/><F133/><W97/><G74/><T14/><N who="0" m="3072" /><DORA hai="4" /><T77/><D77/><U32/><E32/><V18/><F37/><W128/><G128/><T0/><D0/><U68/><E68/><V23/><F51/><W125/><G125/><T85/><D71/><U55/><E55/><V118/><F52/><W91/><G121/><T56/><D70/><U122/><E122/><V78/><F54/><W67/><G79/><T25/><D56/><U83/><E83/><V17/><F78/><W84/><G76/><N who="0" m="46215" /><D82/><U88/><E88/><V44/><F118/><W3/><G3/><T107/><D53/><U100/><AGARI ba="0,1" hai="24,30,34,36,42,45,49,50,87,90,92,96,100,104" machi="100" ten="30,7900,0" yaku="21,2,0,1,53,1" doraHai="62,4" doraHaiUra="101,106" who="1" fromWho="1" sc="250,-39,240,89,250,-20,250,-20" /><INIT seed="1,0,0,2,2,27" ten="211,329,230,230" oya="1" hai0="91,4,131,105,42,52,92,69,119,122,24,56,22" hai1="121,108,6,109,84,80,117,45,12,94,0,39,113" hai2="112,46,11,3,30,127,110,66,23,53,62,70,64" hai3="77,98,78,99,124,10,21,89,37,13,18,25,61"/><U130/><E113/><V28/><F127/><W17/><G124/><T36/><D105/><U82/><E117/><V16/><F112/><W106/><G37/><T31/><D119/><U59/><E121/><V86/><F110/><N who="1" m="42601" /><E130/><V20/><F66/><W1/><G106/><T126/><D126/><U87/><E0/><V65/><F65/><W75/><G75/><T93/><D69/><U135/><E135/><V120/><F120/><W103/><G1/><T68/><D68/><U5/><E59/><V123/><F123/><W9/><G103/><T129/><D122/><U125/><E125/><V50/><F23/><W54/><G9/><T101/><D4/><N who="1" m="1643" /><E12/><V90/><F11/><W74/><G74/><T85/><D131/><U60/><E60/><V118/><F3/><W134/><G99/><T43/><D129/><U83/><E94/><V49/><F49/><W100/><G134/><T8/><D8/><U55/><E55/><V116/><F118/><W7/><G7/><T73/><D36/><U133/><E133/><V115/><F115/><W81/><G54/><T51/><D73/><U128/><E128/><V104/><F104/><W76/><G61/><T47/><D56/><U2/><E2/><V34/><F116/><W44/><G44/><T58/><D58/><U97/><E97/><AGARI ba="0,0" hai="22,24,31,42,43,47,51,52,85,91,92,93,97,101" machi="97" ten="40,5200,0" yaku="8,1,52,1,54,1" doraHai="27" who="0" fromWho="1" sc="211,52,329,-52,230,0,230,0" /><INIT seed="2,0,0,0,0,53" ten="263,277,230,230" oya="2" hai0="60,86,50,18,42,112,25,73,103,118,9,108,78" hai1="67,133,135,127,126,64,31,17,130,69,40,116,121" hai2="94,47,21,109,132,82,62,8,96,100,72,120,56" hai3="4,81,101,1,5,97,58,35,105,110,2,57,115"/><V37/><F132/><N who="1" m="50761" /><E116/><V3/><F120/><W89/><G35/><T55/><D112/><U0/><E0/><V49/><F109/><W75/><G110/><T128/><D108/><U54/><E121/><V22/><F37/><W99/><G115/><T83/><D128/><U39/><E31/><V28/><F72/><W33/><G33/><T124/><D124/><N who="1" m="47659" /><E17/><V102/><F102/><W85/><G99/><T92/><D103/><U114/><E114/><V32/><F32/><W19/><G19/><T51/><D18/><U26/><E26/><V117/><F117/><W14/><G14/><T12/><D25/><U106/><E106/><V71/><F71/><W52/><G75/><T46/><D73/><U76/><E76/><V129/><F129/><W125/><G125/><T36/><D12/><U45/><E130/><V41/><F28/><W131/><G131/><T70/><D118/><U30/><E30/><V7/><REACH who="2" step="1"/><F82/><REACH who="2" ten="263,277,220,230" step="2"/><W29/><G29/><T80/><D83/><U91/><E69/><V34/><F34/><W68/><G68/><T13/><D70/><U6/><E6/><V111/><F111/><W98/><G5/><T119/><D119/><U27/><E27/><V134/><F134/><W90/><G4/><N who="0" m="3239" /><D92/><U113/><E113/><V38/><F38/><W74/><G74/><T44/><D36/><U88/><E54/><AGARI ba="0,1" hai="3,7,8,21,22,41,47,49,54,56,62,94,96,100" machi="54" ten="30,5800,0" yaku="1,1,7,1,52,1,53,0" doraHai="53" doraHaiUra="79" who="2" fromWho="1" sc="263,0,277,-58,220,68,230,0" /><INIT seed="2,1,0,0,3,0" ten="263,219,288,230" oya="2" hai0="64,127,133,8,113,105,126,91,32,61,132,58,129" hai1="135,68,6,69,26,33,128,86,71,24,4,43,108" hai2="48,109,57,92,95,130,73,62,102,122,121,124,42" hai3="50,70,7,107,112,16,9,46,53,131,97,111,90"/><V120/><F73/><W82/><G111/><T80/><D32/><U38/><E108/><V114/><F109/><W72/><G70/><T30/><D105/><U3/><E3/><V17/><F114/><W60/><G112/><T14/><D30/><U76/><E128/><V118/><F118/><W100/><G131/><T52/><D113/><U23/><E33/><V93/><F130/><W83/><G60/><T123/><D129/><U74/><E74/><V36/><F36/><W55/><G72/><T20/><D20/><U75/><E75/><V125/><F102/><W65/><G65/><T101/><D101/><U10/><E10/><V106/><F106/><W35/><G35/><T78/><D91/><U40/><E135/><N who="0" m="51785" /><D123/><U119/><E119/><V59/><F17/><W89/><G55/><T84/><D64/><U81/><E26/><V47/><REACH who="2" step="1"/><F59/><REACH who="2" ten="263,219,278,230" step="2"/><W115/><G16/><AGARI ba="1,1" hai="8,14,16,52,58,61,78,80,84,126,127" m="51785" machi="16" ten="30,3900,0" yaku="20,1,54,2" doraHai="0" who="0" fromWho="3" sc="263,52,219,0,278,0,230,-42" /><INIT seed="3,0,0,3,0,119" ten="315,219,278,188" oya="3" hai0="76,130,95,41,68,102,6,3,127,58,65,63,18" hai1="128,45,96,21,89,79,114,134,121,105,34,10,88" hai2="38,20,104,131,9,85,75,126,15,43,47,33,71" hai3="28,86,22,100,55,19,107,111,2,17,57,51,108"/><W82/><G2/><T135/><D76/><U42/><E34/><V1/><F75/><W56/><G28/><T0/><D6/><U13/><E114/><V112/><F104/><W113/><G113/><T70/><D41/><U103/><E134/><V78/><F112/><W132/><G132/><T40/><D40/><U37/><E128/><V92/><F71/><W73/><G73/><T35/><D35/><U54/><E79/><V26/><F33/><W29/><G107/><T5/><D5/><U123/><E21/><V48/><F1/><W77/><G100/><T84/><D18/><U61/><E61/><V16/><F131/><W52/><G29/><T90/><D135/><U39/><E54/><V62/><F62/><W67/><G67/><T109/><D130/><U25/><E25/><V46/><F126/><W87/><G87/><T69/><D127/><U72/><E39/><V60/><F60/><N who="3" m="35847" /><G22/><T110/><D102/><U50/><E37/><V30/><F78/><W106/><G106/><T99/><D84/><U4/><REACH who="1" step="1"/><E72/><REACH who="1" ten="315,209,278,188" step="2"/><V49/><F46/><W97/><G97/><T117/><D99/><U64/><E64/><V93/><F85/><W115/><G115/><T14/><D65/><U12/><E12/><V129/><F129/><W98/><G98/><N who="0" m="57719" /><D14/><U8/><E8/><V24/><F24/><W120/><G120/><AGARI ba="0,1" hai="4,10,13,42,45,50,88,89,96,103,105,120,121,123" machi="120" ten="40,8000,1" yaku="1,1,52,3,54,1,53,0" doraHai="119" doraHaiUra="91" who="1" fromWho="3" sc="315,0,209,90,278,0,188,-80" owari="315,41.5,299,9.9,278,-12.2,108,-39.2" /></mjloggm>