<mjloggm ver="2.3"><GO type="225" lobby="0"/><UN n0="%E5%B8%86%E7%AB%8B%E5%A4%8F%E8%A1%A3" n1="%E3%81%86%E3%83%BC%E3%81%B1%E3%83%BC" n2="%E5%8D%A0%E3%81%84%E5%B8%AB%E8%A3%8F%E3%81%AA%E3%81%84%E3%81%97" n3="%6D%75%75%6D%75%72%61" dan="16,17,17,16" rate="2053.59,2177.34,2175.11,2147.80" sx="M,F,M,F"/><TAIKYOKU oya="0"/><INIT seed="0,0,0,1,4,24" ten="250,250,250,250" oya="0" hai0="75,0,57,109,113,106,115,129,58,114,40,79,27" hai1="7,48,125,127,122,94,62,63,103,116,98,85,50" hai2="102,34,18,67,6,15,17,69,123,12,9,112,43" hai3="130,59,71,22,31,23,76,95,107,100,5,97,11"/><T10/><D106/><U56/><E116/><V3/><F123/><W49/><G71/><T72/><D129/><U86/><E122/><V16/><F112/><W131/><G76/><T44/><D109/><U120/><E120/><V73/><F73/><W81/><G81/><T8/><D27/><U111/><E111/><V66/><F34/><W4/><G107/><T134/><D134/><U35/><E7/><V37/><F102/><W74/><G74/><T53/><D53/><N who="1" m="31783" /><E35/><V101/><F101/><W118/><G118/><T21/><D21/><U117/><E117/><V64/><F69/><W135/><G135/><T70/><D10/><U61/><E50/><V78/><F78/><W108/><G108/><T36/><D72/><U105/><E105/><V51/><F51/><W26/><G23/><T96/><D96/><U46/><E46/><V32/><F32/><W41/><G59/><T45/><D45/><U1/><E1/><V68/><F68/><W47/><REACH who="3" step="1"/><G5/><REACH who="3" ten="250,250,250,240" step="2"/><N who="0" m="1063" /><D70/><U83/><E83/><AGARI ba="0,1" hai="36,40,44,57,58,75,79,83,113,114,115" m="1063" machi="83" ten="30,1500,0" yaku="25,1" doraHai="24" who="0" fromWho="1" sc="250,25,250,-15,250,0,240,0" /><INIT seed="0,1,0,0,0,79" ten="275,235,250,240" oya="0" hai0="46,113,9,121,108,4,49,99,41,31,119,43,114" hai1="64,40,36,127,80,11,66,89,72,82,109,13,51" hai2="22,97,75,128,6,73,124,24,107,120,25,53,38" hai3="56,71,12,135,103,59,14,112,131,90,15,50,134"/><T65/><D119/><U116/><E116/><V81/><F120/><W23/><G71/><T110/><D121/><U69/><E72/><V102/><F124/><W21/><G112/><N who="0" m="43115" /><D31/><U30/><E36/><V129/><F38/><W130/><G103/><T33/><D99/><U28/><E109/><N who="0" m="42089" /><D33/><U98/><E69/><V132/><F6/><W117/><G90/><T2/><D65/><N who="1" m="25195" /><E127/><V94/><F132/><N who="3" m="50731" /><G117/><T29/><D29/><N who="1" m="11371" /><E40/><AGARI ba="1,0" hai="2,4,9,40,41,43,46,49" m="42089,43115" machi="40" ten="30,2900,0" yaku="14,1,10,1" doraHai="79" who="0" fromWho="1" sc="275,32,235,-32,250,0,240,0" /><INIT seed="0,2,0,0,2,95" ten="307,203,250,240" oya="0" hai0="16,28,105,78,51,21,17,42,109,7,123,100,111" hai1="2,88,82,75,117,121,45,60,56,54,58,4,112" hai2="47,120,36,59,11,124,49,72,37,114,38,85,101" hai3="48,6,20,99,39,32,62,30,31,83,15,29,1"/><T52/><D123/><U69/><E117/><V76/><F120/><W86/><G39/><T125/><D42/><U70/><E121/><V135/><F72/><W119/><G119/><T107/><D7/><U127/><E127/><V106/><F114/><W73/><G32/><T110/><D125/><U104/><E104/><N who="0" m="40009" /><D100/><U134/><E134/><V108/><F135/><W126/><G126/><T26/><D78/><U118/><E118/><V0/><F124/><W53/><G73/><T27/><D27/><U33/><E33/><V34/><F34/><W79/><G1/><T91/><D91/><U66/><E45/><AGARI ba="2,0" hai="16,17,21,26,28,45,51,52,109,110,111" m="40009" machi="45" ten="40,12000,1" yaku="14,1,10,1,54,2" doraHai="95" who="0" fromWho="1" sc="307,126,203,-126,250,0,240,0" /><INIT seed="0,3,0,0,5,131" ten="433,77,250,240" oya="0" hai0="94,133,14,134,89,92,74,65,90,79,56,125,28" hai1="49,25,120,114,35,111,72,69,77,98,10,128,61" hai2="104,30,105,64,39,100,44,1,127,118,110,60,119" hai3="88,66,129,97,57,17,78,0,20,24,34,76,116"/><T53/><D28/><U99/><E120/><V12/><F110/><W51/><G116/><T82/><D65/><U48/><E111/><V106/><F127/><W91/><G129/><T86/><D14/><U95/><E128/><V27/><F12/><W21/><G34/><T55/><D125/><U9/><E114/><V46/><F1/><W3/><G3/><T71/><D71/><U103/><E99/><V70/><F100/><W13/><G0/><T54/><D56/><U59/><E69/><V15/><F15/><W40/><G40/><T2/><D2/><U38/><E38/><V36/><F44/><W73/><G73/><T6/><D6/><U16/><E77/><N who="3" m="29802" /><G97/><T7/><D7/><U102/><E102/><V33/><REACH who="2" step="1"/><F46/><REACH who="2" ten="433,77,240,240" step="2"/><W108/><G108/><T132/><D74/><U101/><E103/><V52/><F52/><N who="3" m="31903" /><G66/><T29/><D29/><AGARI ba="3,1" hai="13,17,20,21,24,29,88,91" m="31903,29802" machi="29" ten="30,3900,0" yaku="8,1,54,2" doraHai="131" who="3" fromWho="0" sc="433,-48,77,0,240,0,240,58" /><INIT seed="1,0,0,1,3,5" ten="385,77,240,298" oya="1" hai0="120,68,101,116,12,115,117,60,14,66,113,63,107" hai1="128,94,53,3,122,74,40,130,15,31,110,41,119" hai2="33,0,58,16,29,127,93,77,104,96,4,126,49" hai3="78,134,20,55,28,48,133,25,38,24,105,79,11"/><U129/><E3/><V50/><F104/><W111/><G105/><T67/><D107/><U132/><E119/><N who="0" m="45641" /><D14/><U19/><E122/><V35/><F77/><W83/><G38/><T36/><D12/><U135/><E74/><V82/><F82/><W23/><G111/><T100/><D100/><U26/><E110/><V106/><F106/><W72/><G79/><T125/><D101/><U98/><E53/><V95/><F29/><W6/><G55/><T54/><D125/><N who="2" m="47626" /><F93/><W89/><G48/><T123/><D54/><U65/><E65/><V22/><F50/><W97/><G97/><T42/><D42/><N who="1" m="16491" /><E31/><V73/><F73/><W9/><G89/><T44/><D44/><U70/><E70/><V69/><F58/><W92/><G92/><T47/><D47/><U43/><N who="1" m="16499" /><U91/><DORA hai="45" /><E26/><N who="2" m="14663" /><F69/><W2/><G72/><T10/><D36/><U85/><E98/><V1/><F49/><W114/><G114/><N who="0" m="43531" /><D10/><AGARI ba="0,0" hai="10,15,19,85,91,94,128,129,130,132,135" m="16499" machi="10" ten="40,3900,0" yaku="19,1,52,1" doraHai="5,45" who="1" fromWho="0" sc="385,-39,77,39,240,0,298,0" /><INIT seed="1,1,0,4,1,92" ten="346,116,240,298" oya="1" hai0="95,60,88,48,58,74,65,77,42,59,61,36,34" hai1="21,133,51,85,2,66,109,14,18,84,13,75,64" hai2="103,54,91,53,81,25,17,37,16,50,24,130,123" hai3="55,94,83,93,90,115,28,23,86,111,110,114,6"/><U30/><E2/><V128/><F123/><W29/><G6/><T108/><D108/><N who="3" m="41513" /><G55/><N who="2" m="21001" /><F37/><W69/><G69/><T49/><D34/><U96/><E75/><V107/><F107/><W127/><G127/><T3/><D3/><U11/><E109/><V102/><F50/><N who="0" m="19562" /><D36/><U105/><E133/><V67/><F67/><N who="1" m="25641" /><E105/><V7/><F7/><W80/><G23/><T45/><D74/><U124/><E124/><V104/><F104/><W87/><G114/><T41/><D77/><U62/><E62/><N who="0" m="24169" /><D65/><U4/><E51/><V120/><F120/><W20/><G115/><T68/><D68/><U57/><E57/><N who="0" m="21513" /><D45/><U47/><E47/><V99/><F81/><W131/><G20/><T72/><D72/><U134/><E134/><V38/><F38/><W119/><G119/><T19/><D19/><N who="2" m="7242" /><F130/><W43/><G131/><T27/><D27/><N who="2" m="10314" /><F128/><W31/><G43/><T52/><D52/><U9/><E30/><V1/><F1/><W135/><G135/><T32/><D32/><U33/><E33/><V82/><F82/><W118/><G118/><T117/><D117/><U79/><E21/><V73/><F73/><W125/><G125/><T129/><D129/><U26/><E26/><V126/><F126/><W116/><G116/><T121/><D121/><U12/><E12/><V5/><F5/><W63/><G63/><T40/><D40/><U106/><E79/><AGARI ba="1,0" hai="28,29,31,79,80,83,86,87,90,93,94" m="41513" machi="79" ten="30,1000,0" yaku="14,1" doraHai="92" who="3" fromWho="1" sc="346,0,116,-13,240,0,298,13" /><INIT seed="2,0,0,4,0,43" ten="346,103,240,311" oya="2" hai0="31,45,102,64,130,57,70,40,62,13,16,107,35" hai1="26,94,82,65,25,53,36,49,71,22,33,104,52" hai2="60,3,134,111,0,110,39,96,73,63,122,47,74" hai3="32,20,79,124,72,121,131,46,19,103,105,51,14"/><V37/><F122/><W76/><G121/><T100/><D130/><U38/><E104/><V84/><F84/><W58/><G131/><T127/><D127/><U88/><E82/><V67/><F96/><W77/><G32/><T120/><D120/><U106/><E106/><V114/><F114/><W42/><G124/><T10/><D107/><U15/><E71/><V34/><F34/><W24/><G58/><T85/><D70/><U68/><E68/><V44/><REACH who="2" step="1"/><F67/><REACH who="2" ten="346,103,230,311" step="2"/><W117/><G117/><T11/><D85/><N who="1" m="52495" /><E38/><V17/><F17/><W135/><G135/><AGARI ba="0,1" hai="0,3,37,39,44,47,60,63,73,74,110,111,134,135" machi="135" ten="25,12000,1" yaku="1,1,22,2,52,2,53,0" doraHai="43" doraHaiUra="9" who="2" fromWho="3" sc="346,0,103,0,230,130,311,-120" /><INIT seed="2,1,0,5,5,54" ten="346,103,360,191" oya="2" hai0="93,64,75,81,66,97,118,58,27,43,134,109,31" hai1="114,69,33,62,52,20,39,22,17,90,6,36,1" hai2="5,74,76,107,78,103,56,0,70,24,32,121,3" hai3="41,57,29,2,117,45,95,47,82,100,101,126,92"/><V14/><F121/><W91/><G117/><T122/><D122/><U127/><E114/><V124/><F0/><W63/><G2/><T111/><D43/><U19/><E33/><V51/><F70/><W67/><G126/><T113/><D113/><U84/><E127/><V110/><F3/><W123/><G123/><T12/><D12/><U40/><E69/><V86/><F74/><W38/><G29/><T112/><D112/><U83/><E40/><V128/><F128/><W108/><G108/><N who="0" m="41547" /><D134/><U115/><E115/><V87/><F110/><W53/><G82/><T16/><D118/><U61/><E6/><V116/><F116/><W23/><G23/><N who="0" m="13799" /><D31/><U129/><E129/><V34/><F14/><W102/><G91/><N who="0" m="55487" /><D58/><N who="1" m="35015" /><E36/><V89/><F124/><W15/><G15/><T21/><D21/><N who="1" m="8299" /><E39/><V96/><F32/><W60/><G63/><T28/><D28/><U30/><E1/><V44/><F34/><W46/><G38/><T55/><D55/><U85/><E30/><V77/><F24/><W73/><G41/><T10/><D10/><U4/><E4/><V11/><F11/><W104/><G104/><T25/><D25/><U119/><E119/><V79/><F5/><W13/><G13/><T72/><D72/><U50/><E62/><V133/><F44/><N who="3" m="17003" /><G73/><T18/><D18/><N who="1" m="6667" /><E50/><AGARI ba="1,0" hai="47,50,53,57,60,67,92,95,100,101,102" m="17003" machi="50" ten="30,2000,0" yaku="8,1,52,1" doraHai="54" who="3" fromWho="1" sc="346,0,103,-23,360,0,191,23" /><INIT seed="3,0,0,2,4,67" ten="346,80,360,214" oya="3" hai0="10,96,123,63,125,44,14,58,101,111,65,118,41" hai1="9,110,7,43,84,68,130,66,3,82,114,18,64" hai2="20,132,46,94,83,8,52,35,119,105,13,120,27" hai3="91,92,51,109,42,104,81,31,21,32,73,4,122"/><W80/><G122/><T56/><D111/><U98/><E110/><V23/><F105/><W117/><G32/><T89/><D125/><U71/><E114/><V72/><F119/><W16/><G117/><T55/><D118/><U115/><E115/><V79/><F132/><W70/><G73/><T128/><D128/><U106/><E43/><V19/><F120/><W76/><G104/><T6/><D123/><U59/><E130/><V100/><F35/><W103/><G70/><T36/><D89/><U97/><E18/><V11/><F46/><N who="3" m="26071" /><G109/><T74/><D74/><U124/><E124/><V39/><F39/><W127/><G127/><T28/><D28/><U5/><E59/><V116/><F116/><W0/><G0/><T48/><D96/><U87/><E106/><V95/><F52/><W22/><G76/><T37/><REACH who="0" step="1"/><D101/><REACH who="0" ten="336,80,360,214" step="2"/><U12/><E12/><V50/><F50/><AGARI ba="0,1" hai="6,10,14,36,37,41,44,48,50,55,56,58,63,65" machi="50" ten="30,8000,1" yaku="1,1,2,1,7,1,53,2" doraHai="67" doraHaiUra="47" who="0" fromWho="2" sc="336,90,80,0,360,-80,214,0" owari="426,52.6,80,-42.0,280,8.0,214,-18.6" /></mjloggm>