<mjloggm ver="2.3"><GO type="225" lobby="0"/><UN n0="%E3%81%8A%E3%81%8B%E3%81%8F%E3%82%89" n1="%E8%A8%88%E7%AE%97%E6%A9%9F%E8%87%AA%E7%84%B6" n2="%E3%81%8F%E3%81%BE%E3%81%96%E3%82%8F" n3="%33%74%72%65%65" dan="16,17,16,17" rate="2104.84,2200.16,2053.86,2193.01" sx="M,M,M,F"/><TAIKYOKU oya="0"/><INIT seed="0,0,0,5,4,105" ten="250,250,250,250" oya="0" hai0="48,21,70,118,55,88,11,74,51,31,77,129,117" hai1="115,10,92,68,50,100,12,46,8,91,132,111,17" hai2="13,123,83,45,84,109,49,71,87,101,72,67,62" hai3="33,66,80,94,9,122,130,64,133,24,124,110,75"/><T107/><D70/><U114/><E68/><V61/><F123/><W58/><G110/><T59/><D107/><U90/><E111/><V65/><F109/><W36/><G133/><T121/><D121/><U47/><E132/><V82/><F101/><W98/><G130/><T99/><D129/><U35/><E35/><V78/><F13/><W44/><G124/><T23/><D11/><U53/><E100/><V79/><F72/><W28/><G58/><T106/><D48/><U93/><E46/><V97/><F97/><W43/><G9/><T125/><D125/><U40/><E40/><V120/><F120/><W3/><G3/><T57/><D57/><U63/><E63/><N who="2" m="24075" /><F71/><W14/><G14/><T7/><D7/><U1/><E92/><V112/><F112/><N who="1" m="43049" /><E93/><V18/><F18/><W0/><G0/><T32/><D32/><U102/><E102/><V41/><AGARI ba="0,0" hai="41,45,49,65,67,78,79,82,83,84,87" m="24075" machi="41" ten="30,1100,0" yaku="8,1" doraHai="105" who="2" fromWho="2" sc="250,-5,250,-3,250,11,250,-3" /><INIT seed="1,0,0,2,1,11" ten="245,247,261,247" oya="1" hai0="121,44,20,103,32,122,86,34,112,48,26,88,133" hai1="17,80,98,42,54,15,81,95,110,16,106,9,134" hai2="100,53,94,10,91,89,66,123,38,59,127,7,52" hai3="1,6,129,30,19,25,117,97,13,69,79,35,101"/><U14/><E106/><V78/><F38/><W2/><G129/><T61/><D112/><U77/><E134/><V43/><F43/><W31/><G117/><T102/><D61/><U40/><E110/><V99/><F123/><N who="0" m="47114" /><D32/><U118/><E118/><V93/><F78/><W50/><G69/><T65/><D65/><U63/><E54/><V116/><F127/><W5/><G79/><T132/><D34/><U39/><E63/><N who="2" m="38271" /><F116/><W82/><G82/><N who="1" m="31850" /><E39/><V27/><F27/><N who="3" m="18911" /><G97/><T55/><D133/><U130/><E130/><V105/><F105/><W113/><G101/><T125/><D125/><U3/><E3/><N who="3" m="1034" /><G50/><T70/><D70/><U104/><E104/><V49/><F49/><W51/><G51/><T41/><D55/><N who="2" m="21066" /><F93/><W22/><G113/><T108/><D132/><U114/><E77/><V131/><F131/><W128/><G128/><T75/><D75/><U18/><E114/><V28/><F28/><W72/><G72/><T62/><D62/><U21/><E17/><V60/><F60/><W92/><G92/><N who="0" m="54295" /><D108/><U83/><N who="1" m="31858" /><U37/><DORA hai="36" /><E37/><V85/><F85/><W124/><G124/><T126/><D126/><U84/><E84/><V109/><F109/><W111/><G111/><T96/><D96/><U120/><E120/><V67/><F67/><W0/><G0/><T8/><D103/><AGARI ba="0,0" hai="9,14,15,16,18,21,40,42,95,98,103" m="31858" machi="103" ten="30,18000,2" yaku="8,1,52,4,54,1" doraHai="11,36" who="1" fromWho="0" sc="245,-180,247,180,261,0,247,0" /><INIT seed="1,1,0,4,4,68" ten="65,427,261,247" oya="1" hai0="108,36,35,109,135,18,82,3,65,24,53,89,28" hai1="115,44,40,69,42,134,103,87,107,90,45,26,27" hai2="114,92,120,52,57,70,22,117,126,4,91,10,17" hai3="84,118,12,61,104,77,119,13,106,11,71,29,132"/><U67/><E115/><V33/><F126/><W102/><G132/><T8/><D65/><U95/><E134/><V133/><F133/><W31/><G71/><T63/><D135/><U83/><E107/><N who="3" m="41002" /><G102/><T15/><D63/><U50/><E69/><V55/><F114/><W16/><G61/><T6/><D53/><U110/><E110/><V64/><F33/><W62/><G62/><T21/><REACH who="0" step="1"/><D36/><REACH who="0" ten="55,427,261,247" step="2"/><U129/><E67/><V93/><F117/><N who="3" m="44555" /><G13/><T130/><D130/><U46/><E129/><V94/><F55/><W25/><G25/><N who="1" m="9226" /><E50/><V43/><F70/><W113/><G113/><T80/><D80/><AGARI ba="1,1" hai="11,12,16,29,31,77,80,84" m="44555,41002" machi="80" ten="30,2000,0" yaku="12,1,54,1" doraHai="68" who="3" fromWho="0" sc="55,-23,427,0,261,0,247,33" /><INIT seed="2,0,0,4,5,39" ten="32,427,261,280" oya="2" hai0="44,16,31,129,122,104,28,77,45,66,125,86,74" hai1="67,12,23,0,69,15,65,110,41,127,73,9,51" hai2="20,114,64,87,46,26,88,72,134,98,58,70,116" hai3="76,55,85,54,13,94,11,38,102,62,131,14,3"/><V99/><F114/><W24/><G131/><T115/><D66/><U79/><E110/><V59/><F72/><W34/><G3/><T25/><D104/><U40/><E127/><V47/><F70/><W35/><G38/><T106/><D106/><U68/><E0/><V4/><F4/><W63/><G76/><T84/><D74/><U91/><E91/><V1/><F1/><W17/><G14/><T93/><D77/><U103/><E103/><V101/><F134/><W133/><G133/><T71/><D25/><U128/><E23/><V108/><F108/><W89/><G102/><T90/><D90/><U109/><E128/><V33/><F33/><W6/><G35/><T100/><D129/><U61/><E109/><V82/><F116/><W30/><G6/><T36/><D36/><U8/><E79/><V96/><F101/><W43/><G43/><T95/><D100/><U2/><E2/><V107/><F107/><W81/><G94/><T132/><D132/><U56/><E73/><V113/><F113/><W97/><G97/><T112/><D122/><U19/><E51/><V7/><F7/><W92/><G92/><T126/><REACH who="0" step="1"/><D71/><REACH who="0" ten="22,427,261,280" step="2"/><U42/><E65/><V60/><REACH who="2" step="1"/><F59/><REACH who="2" ten="22,427,251,280" step="2"/><W5/><G5/><T119/><D119/><U130/><E130/><V48/><F48/><W57/><G57/><T21/><D21/><U18/><AGARI ba="0,2" hai="8,9,12,15,18,19,40,41,42,56,61,67,68,69" machi="18" ten="30,8000,1" yaku="0,1,9,1,52,3" doraHai="39" who="1" fromWho="1" sc="22,-20,427,100,251,-40,280,-20" /><INIT seed="3,0,0,0,3,72" ten="2,527,211,260" oya="3" hai0="75,33,78,54,135,40,9,105,87,63,49,62,97" hai1="94,85,46,39,99,29,21,126,16,103,7,110,96" hai2="59,41,108,86,90,124,88,101,53,109,43,115,52" hai3="23,79,64,129,111,134,36,24,98,47,70,27,91"/><W60/><G134/><T113/><D135/><U120/><E96/><V11/><F115/><W55/><G129/><T73/><D113/><U26/><E16/><V123/><F124/><W30/><G111/><N who="2" m="42569" /><F123/><W25/><G79/><T76/><D33/><U13/><E39/><V20/><F101/><W67/><G67/><T112/><D112/><U6/><E6/><V10/><F20/><W95/><REACH who="3" step="1"/><G55/><REACH who="3" ten="2,527,211,250" step="2"/><N who="2" m="21065" /><F59/><W61/><G61/><T37/><D54/><U2/><E110/><V4/><F90/><W132/><G132/><T32/><D62/><U34/><E126/><V131/><F131/><W102/><G102/><T35/><D63/><U122/><E103/><V45/><F45/><W22/><G22/><T15/><D32/><U56/><E46/><V121/><F121/><W130/><G130/><T0/><D35/><U133/><E133/><V50/><F50/><W5/><G5/><T1/><D49/><U74/><E7/><V77/><F77/><W65/><G65/><T81/><D73/><U80/><E74/><V119/><F119/><W8/><G8/><N who="2" m="3113" /><F4/><W107/><G107/><T100/><D75/><U92/><E122/><V19/><F19/><W17/><G17/><T104/><D104/><U18/><E120/><V42/><F42/><AGARI ba="0,1" hai="23,24,25,27,30,36,42,47,60,64,70,91,95,98" machi="42" ten="40,2000,0" yaku="1,1,53,0" doraHai="72" doraHaiUra="14" who="3" fromWho="2" sc="2,0,527,0,211,-20,250,30" /><INIT seed="3,1,0,5,2,102" ten="2,527,191,280" oya="3" hai0="45,71,40,54,12,17,100,53,4,19,13,121,39" hai1="107,110,117,95,58,11,28,6,83,55,109,112,108" hai2="114,65,70,105,89,80,64,79,7,56,62,76,43" hai3="129,77,50,31,25,69,16,60,106,63,52,86,46"/><W87/><G129/><T32/><D121/><U51/><E107/><V29/><F114/><W75/><G75/><T92/><D71/><U23/><E112/><V38/><F29/><W47/><G87/><T82/><D32/><U91/><E117/><V61/><F7/><W8/><G69/><T124/><D4/><U67/><E67/><V27/><F27/><W18/><G47/><T44/><D124/><U119/><E83/><V99/><F80/><N who="3" m="47375" /><G106/><T126/><D82/><U22/><E28/><V104/><F38/><W103/><G103/><T49/><D126/><U118/><E119/><V111/><F111/><W42/><G42/><T127/><D127/><U2/><E118/><V33/><F43/><W81/><G81/><T74/><D74/><U98/><AGARI ba="1,0" hai="2,6,11,22,23,51,55,58,91,95,98,108,109,110" machi="98" ten="30,2000,0" yaku="0,1,14,1" doraHai="102" who="1" fromWho="1" sc="2,-6,527,23,191,-6,280,-11" owari="-4,-50.4,550,65.0,185,-21.5,269,6.9" /></mjloggm>