<mjloggm ver="2.3"><GO type="225" lobby="0"/><UN n0="%37%2F%32%E3%81%AB%E7%94%9F%E3%81%BE%E3%82%8C%E3%81%A6" n1="%E6%97%A5%E6%9B%9C%E6%97%A5%E3%82%88%E3%82%8A%E3%81%AE%E4%BD%BF%E8%80%85" n2="%E3%83%AD%E3%83%83%E3%83%86%E9%9B%80%E7%90%83" n3="%48%61%61%61%6C%61%6E%64" dan="17,17,17,17" rate="2181.62,2210.58,2272.01,2230.17" sx="M,M,M,M"/><TAIKYOKU oya="0"/><INIT seed="0,0,0,4,5,42" ten="250,250,250,250" oya="0" hai0="113,74,1,129,93,13,73,35,29,103,46,101,99" hai1="87,2,76,7,88,92,56,132,52,51,110,134,81" hai2="6,66,128,97,122,59,36,30,123,95,105,22,18" hai3="78,82,17,106,114,24,4,27,109,40,107,96,131"/><T65/><D113/><U119/><E119/><V112/><F105/><W25/><G114/><T3/><D103/><U58/><E110/><V84/><F112/><W9/><G109/><T117/><D117/><U57/><E7/><V15/><F128/><W20/><G131/><T31/><D129/><U104/><E2/><V69/><F69/><W86/><G40/><T33/><D65/><U71/><E104/><V118/><F118/><W60/><G60/><T37/><D13/><U98/><REACH who="1" step="1"/><E71/><REACH who="1" ten="250,240,250,250" step="2"/><V8/><F6/><W100/><G106/><T16/><D1/><AGARI ba="0,1" hai="1,4,9,17,20,24,25,27,78,82,86,96,100,107" machi="1" ten="30,1000,0" yaku="7,1" doraHai="42" who="3" fromWho="0" sc="250,-10,240,0,250,0,250,20" /><INIT seed="1,0,0,5,2,81" ten="240,240,250,270" oya="1" hai0="46,33,6,43,7,58,99,76,100,97,123,88,62" hai1="19,105,67,112,60,102,119,107,41,98,65,131,21" hai2="36,57,84,26,20,79,93,16,28,86,121,17,47" hai3="101,34,87,127,129,106,3,56,114,8,38,83,10"/><U134/><E112/><V5/><F121/><W22/><G114/><T111/><D33/><U45/><E119/><V31/><F5/><W27/><G38/><T39/><D76/><U90/><E131/><V115/><F115/><W53/><G34/><T120/><D111/><U69/><E65/><V55/><F36/><W118/><G129/><T2/><D99/><U73/><E73/><V52/><F79/><W70/><G70/><T110/><D110/><U51/><E90/><N who="2" m="53447" /><F86/><W113/><G113/><T80/><D2/><U125/><E125/><V96/><F96/><W82/><G127/><T126/><D126/><U40/><E134/><V78/><F78/><W59/><G3/><T68/><D68/><U108/><E108/><V13/><F47/><W66/><G106/><T49/><D39/><U117/><E117/><V54/><F57/><W74/><G74/><T4/><D100/><U116/><E116/><V30/><F17/><N who="3" m="12751" /><G101/><T15/><D15/><AGARI ba="0,0" hai="13,15,16,20,26,28,30,31,52,54,55" m="53447" machi="15" ten="30,7700,0" yaku="8,1,52,1,54,2" doraHai="81" who="2" fromWho="0" sc="240,-77,240,0,250,77,270,0" /><INIT seed="2,0,0,5,5,101" ten="163,240,327,270" oya="2" hai0="89,9,87,22,39,119,66,26,41,76,100,36,56" hai1="77,115,125,131,51,74,86,11,53,107,73,72,0" hai2="29,68,113,122,102,127,132,50,10,78,6,3,112" hai3="82,109,81,32,97,116,134,133,5,33,52,16,123"/><V83/><F68/><W58/><G116/><T108/><D119/><U55/><E115/><V21/><F122/><W60/><G5/><T18/><D108/><U111/><E111/><V120/><F120/><W17/><G123/><T93/><D41/><U94/><E125/><V12/><F132/><N who="3" m="50795" /><G109/><T129/><D129/><U19/><E131/><V35/><F102/><W114/><G114/><T128/><D128/><U57/><E55/><V46/><F35/><N who="3" m="13387" /><G97/><T49/><D76/><U30/><E30/><V47/><F47/><W110/><G110/><T92/><D9/><U96/><E0/><V48/><F48/><W90/><G90/><T69/><D69/><U45/><E45/><V40/><F127/><W118/><G118/><T91/><D100/><U54/><E96/><V124/><F124/><W13/><G17/><T31/><D31/><U64/><E19/><V71/><F71/><W1/><G1/><T80/><D80/><U117/><E117/><V79/><F79/><W43/><G43/><T37/><D49/><U20/><E51/><V98/><F98/><W75/><G75/><T135/><D135/><U34/><E74/><V61/><F78/><W99/><G99/><T38/><N who="0" m="9216" /><DORA hai="85" /><T70/><D70/><U8/><E73/><V63/><F3/><W14/><G14/><T104/><D104/><U106/><E106/><V126/><F12/><W130/><G130/><T15/><D15/><U105/><E105/><V65/><F113/><W103/><G103/><T88/><REACH who="0" step="1"/><D87/><REACH who="0" ten="153,240,327,270" step="2"/><U44/><E107/><V2/><F112/><W62/><G62/><AGARI ba="0,1" hai="18,22,26,56,62,66,88,89,91,92,93" m="9216" machi="62" ten="70,12000,2" yaku="1,1,2,1,52,3,54,1,53,0" doraHai="101,85" doraHaiUra="28,67" who="0" fromWho="3" sc="153,130,240,0,327,0,270,-120" /><INIT seed="3,0,0,1,1,5" ten="283,240,327,150" oya="3" hai0="60,11,32,81,115,75,28,65,92,126,106,15,104" hai1="120,133,74,10,105,130,30,93,102,52,66,57,59" hai2="22,132,124,4,26,114,79,14,9,46,69,128,64" hai3="125,63,116,18,101,40,76,6,135,121,87,117,110"/><W91/><G121/><T112/><D126/><U44/><E120/><V95/><F114/><N who="0" m="43562" /><D92/><U109/><E74/><V123/><F132/><W129/><G125/><T98/><D98/><N who="1" m="59727" /><E105/><V1/><F128/><W77/><G135/><T24/><D81/><U42/><E133/><V7/><F79/><W0/><G129/><T56/><D75/><U43/><E130/><V49/><F95/><W45/><G101/><T67/><D67/><U3/><E3/><V25/><F1/><W83/><G110/><T131/><D131/><U29/><E109/><V61/><F64/><W53/><G76/><T39/><D39/><U118/><E118/><V70/><F70/><W20/><G77/><T88/><D88/><U127/><E127/><V72/><F69/><W86/><G86/><T8/><D15/><U19/><E66/><V21/><F14/><W111/><G111/><T33/><D32/><U54/><E30/><V27/><F72/><W80/><G80/><T34/><D33/><U2/><E29/><V41/><F123/><W71/><G71/><T90/><D90/><U108/><E108/><V58/><F22/><W68/><G68/><T96/><D96/><U50/><E2/><V103/><F21/><W48/><G0/><T62/><D60/><N who="1" m="35879" /><E59/><V78/><F58/><N who="3" m="35279" /><G6/><T16/><D16/><U85/><E85/><V134/><F78/><W35/><G35/><T94/><D94/><U84/><E84/><V100/><F124/><W73/><G73/><T31/><D28/><U47/><E47/><N who="2" m="25839" /><F134/><W119/><G117/><T97/><D106/><U23/><E23/><V38/><F103/><AGARI ba="0,0" hai="8,11,24,31,34,56,62,65,97,103,104" m="43562" machi="103" ten="30,7700,0" yaku="6,1,11,1,52,2" doraHai="5" who="0" fromWho="2" sc="283,77,240,0,327,-77,150,0" owari="360,46.0,240,-16.0,250,5.0,150,-35.0" /></mjloggm>