<mjloggm ver="2.3"><GO type="225" lobby="0"/><UN n0="%72%69%6F%75%63%68%61%6E" n1="%48%61%61%61%6C%61%6E%64" n2="%E3%81%B5%E3%81%98%E3%81%8B%E3%81%A4" n3="%E6%A0%B9%E5%85%83%E3%81%8B%E3%82%89%E5%90%B9%E3%81%A3%E9%A3%9B%E3%81%B6" dan="16,18,16,17" rate="2257.82,2197.02,2155.21,2150.76" sx="M,M,M,F"/><TAIKYOKU oya="0"/><INIT seed="0,0,0,1,1,35" ten="250,250,250,250" oya="0" hai0="34,89,69,83,4,36,101,9,94,1,30,13,10" hai1="60,23,104,21,33,105,75,24,3,124,76,42,127" hai2="87,68,53,39,6,12,128,25,129,40,113,108,93" hai3="28,46,78,38,50,133,22,20,62,85,132,99,86"/><T109/><D69/><U63/><E33/><V118/><F68/><W81/><G38/><T5/><D36/><U44/><E3/><V16/><F113/><W97/><G62/><N who="1" m="23594" /><E76/><V116/><F53/><W106/><G85/><T27/><D109/><U88/><E75/><V45/><F108/><W80/><G80/><T18/><D101/><U56/><E56/><V57/><F57/><W96/><G106/><N who="1" m="41066" /><E24/><V7/><F25/><W74/><G74/><T43/><D43/><U2/><E2/><V37/><F87/><W49/><G28/><T32/><D83/><U0/><E0/><V17/><F93/><W66/><G66/><T67/><D67/><U119/><E88/><V110/><F110/><W84/><G84/><T58/><D58/><U29/><E29/><V120/><F120/><W8/><G8/><N who="0" m="2063" /><D94/><U107/><E107/><V59/><F59/><W54/><REACH who="3" step="1"/><G50/><REACH who="3" ten="250,250,250,240" step="2"/><T31/><D31/><U64/><E64/><V41/><F12/><W114/><G114/><T91/><D32/><U117/><E117/><V79/><F79/><W14/><G14/><N who="0" m="5423" /><D10/><U111/><E111/><V112/><F112/><W98/><N who="3" m="24576" /><DORA hai="26" /><W82/><G82/><T51/><D51/><N who="1" m="27031" /><E119/><V71/><F71/><W103/><G103/><T52/><D91/><U134/><E21/><AGARI ba="0,1" hai="20,21,22,46,49,54,78,81,86,132,133" m="24576" machi="21" ten="50,1600,0" yaku="1,1,53,0" doraHai="35,26" doraHaiUra="100,125" who="3" fromWho="1" sc="250,0,250,-16,250,0,240,26" /><INIT seed="1,0,0,5,1,65" ten="250,234,250,266" oya="1" hai0="94,118,119,104,76,120,103,122,123,63,5,81,107" hai1="26,21,72,87,100,8,116,84,56,121,109,106,39" hai2="54,2,96,112,92,42,43,114,82,4,50,19,80" hai3="58,25,111,53,117,83,37,115,20,7,51,3,67"/><U126/><E116/><N who="0" m="44585" /><D63/><U46/><E121/><V124/><F124/><W130/><G115/><N who="2" m="44073" /><F19/><W132/><G111/><T125/><D5/><U17/><E126/><V85/><F4/><W97/><G130/><T1/><D1/><U73/><E109/><V41/><F2/><W135/><G37/><T90/><D103/><U48/><E8/><V71/><F71/><W79/><G97/><N who="0" m="57559" /><D125/><U47/><E100/><N who="2" m="60423" /><F85/><AGARI ba="0,0" hai="76,81,85,104,107,120,122,123" m="57559,44585" machi="85" ten="40,5200,0" yaku="13,1,34,2" doraHai="65" who="0" fromWho="2" sc="250,52,234,0,250,-52,266,0" /><INIT seed="2,0,0,1,4,52" ten="302,234,198,266" oya="2" hai0="38,47,74,45,1,98,93,42,63,58,21,50,99" hai1="119,27,31,97,71,44,4,79,130,82,116,64,61" hai2="16,23,129,14,7,41,103,118,77,121,123,69,62" hai3="112,102,35,56,18,24,113,55,70,87,135,39,48"/><V28/><F118/><W107/><G135/><T10/><D74/><U105/><E130/><V85/><F129/><W15/><G70/><T89/><D21/><U125/><E125/><V68/><F103/><W65/><G39/><T109/><D109/><U6/><E44/><V33/><F41/><W9/><G65/><T20/><D20/><U128/><E128/><V127/><F127/><W114/><G87/><T3/><D10/><U30/><E30/><V95/><F7/><W0/><G0/><T84/><D99/><U75/><E4/><V51/><F51/><W126/><G126/><T8/><D8/><U67/><E67/><V134/><F134/><W60/><G60/><T88/><D45/><U49/><E49/><V19/><F19/><W96/><G24/><T40/><D40/><U43/><E43/><V91/><F77/><W108/><G108/><T54/><D38/><U66/><E66/><V133/><F133/><W115/><N who="3" m="28672" /><DORA hai="57" /><W17/><REACH who="3" step="1"/><G18/><REACH who="3" ten="302,234,198,256" step="2"/><T120/><D120/><U76/><E116/><V132/><F132/><W59/><G59/><T101/><D89/><U124/><E119/><V80/><F62/><W26/><G26/><T131/><D131/><U78/><E124/><V36/><F36/><W111/><G111/><T22/><D22/><U110/><E110/><V29/><F29/><W117/><G117/><T83/><AGARI ba="0,1" hai="1,3,42,47,50,54,58,63,83,84,88,93,98,101" machi="83" ten="20,8000,1" yaku="0,1,7,1,52,2,54,1" doraHai="52,57" who="0" fromWho="0" sc="302,90,234,-20,198,-40,256,-20" /><INIT seed="3,0,0,3,5,110" ten="392,214,158,236" oya="3" hai0="104,90,69,119,120,93,64,16,75,17,42,41,47" hai1="57,65,123,2,5,20,25,115,45,33,29,135,85" hai2="125,56,37,121,24,60,94,103,10,13,100,48,79" hai3="61,9,0,76,101,134,107,71,116,4,22,3,34"/><W133/><G76/><T124/><D104/><U86/><E123/><V40/><F125/><W66/><G22/><T126/><D119/><U59/><E115/><V112/><F121/><W11/><G116/><T70/><D120/><U91/><E135/><V67/><F37/><W131/><G131/><T1/><D1/><U15/><E45/><V50/><F79/><W99/><G34/><T108/><D108/><U49/><E65/><V102/><F112/><W21/><G21/><T78/><D78/><U6/><E86/><V117/><F117/><W12/><G12/><T55/><D55/><N who="1" m="31983" /><E59/><V31/><F40/><N who="0" m="15466" /><D75/><U54/><E54/><V58/><F58/><W106/><G107/><T122/><D122/><U96/><E96/><V130/><F130/><W87/><G87/><T53/><D64/><U35/><E2/><V63/><F63/><W113/><G113/><T26/><D26/><U88/><E91/><V83/><F83/><W129/><G129/><T109/><D109/><U39/><E39/><V43/><F43/><W89/><G89/><T77/><D17/><N who="1" m="10303" /><E35/><V30/><F94/><AGARI ba="0,0" hai="5,6,25,29,33,85,88,94" m="10303,31983" machi="94" ten="30,2000,0" yaku="25,1,54,1" doraHai="110" who="1" fromWho="2" sc="392,0,214,20,158,-20,236,0" owari="392,49.2,234,-16.6,138,-36.2,236,3.6" /></mjloggm>