<mjloggm ver="2.3"><GO type="225" lobby="0"/><UN n0="%E3%81%82%E3%82%93%E3%81%AA%E3%81%A4" n1="%E3%83%9F%E3%83%AA%E3%83%80%E3%81%97%E3%82%88" n2="%E3%81%BE%E3%81%A8%E3%81%9F" n3="%E3%82%82%E3%81%90%E3%82%89" dan="16,16,16,17" rate="2117.18,2036.24,2174.65,2148.95" sx="M,M,M,M"/><TAIKYOKU oya="0"/><INIT seed="0,0,0,3,2,9" ten="250,250,250,250" oya="0" hai0="97,111,70,101,105,21,51,125,65,96,7,114,118" hai1="67,84,34,119,41,80,54,116,57,110,87,52,88" hai2="24,47,58,100,93,17,126,60,42,112,104,75,28" hai3="19,36,44,39,26,59,53,64,123,50,48,11,106"/><T10/><D114/><U94/><E34/><V77/><F104/><W71/><G106/><T29/><D118/><U32/><E32/><V117/><F112/><W91/><G91/><T23/><D125/><U72/><E110/><V133/><F117/><W130/><G26/><T103/><D111/><U20/><E72/><V16/><F126/><W120/><G19/><T76/><D76/><U66/><E41/><V31/><F77/><W13/><G13/><T135/><D135/><U49/><E119/><V127/><F75/><W79/><G11/><T1/><D29/><U30/><E54/><V15/><F127/><W35/><G35/><T73/><D73/><U12/><E116/><V86/><F24/><W62/><G79/><T134/><D134/><U61/><E61/><V81/><F17/><W78/><G78/><T18/><D51/><U109/><E109/><V128/><F128/><W131/><G36/><T113/><D113/><U4/><E4/><V63/><F63/><W108/><G108/><T115/><D18/><N who="1" m="10311" /><E30/><V95/><F133/><W43/><G48/><T122/><D115/><U40/><E40/><V14/><F28/><W38/><G38/><T121/><D21/><U107/><E107/><V2/><F31/><W3/><G3/><T46/><D23/><U69/><E69/><V99/><F2/><W68/><G68/><T90/><D70/><U8/><E8/><V25/><F42/><W98/><G98/><T27/><D97/><U82/><E82/><V124/><F81/><W0/><G0/><T85/><D1/><U45/><E45/><V92/><F124/><RYUUKYOKU ba="0,0" sc="250,-15,250,15,250,-15,250,15" hai1="49,52,57,66,67,80,84,87,88,94" hai3="39,43,44,50,53,59,62,64,71,120,123,130,131" /><INIT seed="1,1,0,0,0,34" ten="235,265,235,265" oya="1" hai0="22,113,62,115,124,25,112,12,91,57,0,16,20" hai1="40,6,118,19,94,89,65,67,83,45,37,95,58" hai2="121,53,15,11,39,7,111,133,80,79,105,29,122" hai3="87,84,106,44,51,77,128,4,50,23,110,10,36"/><U109/><E118/><V93/><F105/><W52/><G106/><T59/><D124/><U97/><E109/><V86/><F111/><W35/><G35/><T42/><D42/><U107/><E107/><V56/><F133/><W43/><G110/><T78/><D78/><U31/><E31/><V81/><F39/><W54/><G128/><T64/><D0/><U108/><E108/><V69/><F69/><W28/><G28/><T130/><D91/><U55/><E6/><V49/><F29/><W27/><G36/><T116/><D130/><U127/><E127/><V47/><F93/><W30/><G77/><T88/><D88/><U76/><E19/><V102/><F102/><W82/><G82/><T132/><D132/><U26/><E26/><V73/><REACH who="2" step="1"/><F56/><REACH who="2" ten="235,265,225,265" step="2"/><W1/><G43/><T8/><D116/><U119/><E95/><V135/><F135/><W21/><G21/><T32/><D59/><AGARI ba="1,1" hai="1,4,10,23,27,30,44,50,51,52,54,59,84,87" machi="59" ten="30,3900,0" yaku="7,1,52,1,54,1" doraHai="34" who="3" fromWho="0" sc="235,-42,265,0,225,0,265,52" /><INIT seed="2,0,0,2,0,106" ten="193,265,225,317" oya="2" hai0="116,66,84,97,104,96,33,123,134,128,32,85,80" hai1="19,7,114,93,77,90,16,6,31,0,103,68,34" hai2="21,27,88,121,130,70,129,120,23,82,18,89,1" hai3="108,133,110,62,65,44,92,46,5,59,131,73,30"/><V125/><F70/><W109/><G131/><N who="2" m="50185" /><F1/><W112/><G112/><T118/><D128/><U52/><E114/><V72/><F125/><W107/><G107/><T55/><D104/><U60/><E103/><V3/><F3/><W12/><G133/><T61/><D55/><U29/><E77/><N who="2" m="44327" /><F21/><W117/><G117/><N who="0" m="45163" /><D134/><U132/><E132/><V119/><F119/><W15/><G30/><N who="1" m="11274" /><E34/><N who="0" m="13417" /><D123/><AGARI ba="0,0" hai="18,23,27,88,89,120,121,123" m="44327,50185" machi="123" ten="30,5800,0" yaku="19,1,52,1,54,1" doraHai="106" who="2" fromWho="0" sc="193,-58,265,0,225,58,317,0" /><INIT seed="2,1,0,4,2,43" ten="135,265,283,317" oya="2" hai0="38,36,32,132,40,54,67,10,69,85,124,11,21" hai1="51,2,63,55,49,68,110,13,52,114,134,117,26" hai2="27,9,115,106,74,47,30,108,22,66,59,133,65" hai3="83,92,50,80,87,41,88,0,78,42,71,130,14"/><V31/><F106/><W34/><G0/><T99/><D124/><U25/><E2/><V56/><F74/><W112/><G34/><T61/><D32/><U90/><E117/><V91/><F115/><W121/><G121/><T45/><D132/><U120/><E114/><V94/><F133/><W89/><G112/><T77/><D38/><U19/><E134/><V18/><F47/><W102/><G71/><T95/><D21/><U53/><E110/><V17/><F17/><W64/><G64/><T1/><D1/><U105/><E105/><V81/><F81/><W15/><G130/><T48/><D85/><U79/><E79/><V7/><F65/><W33/><G33/><T103/><REACH who="0" step="1"/><D77/><REACH who="0" ten="125,265,283,317" step="2"/><U39/><E39/><V96/><F108/><W44/><G87/><T46/><AGARI ba="1,1" hai="10,11,36,40,45,46,48,54,61,67,69,95,99,103" machi="46" ten="20,12000,2" yaku="1,1,2,1,0,1,7,1,52,2,53,1" doraHai="43" doraHaiUra="70" who="0" fromWho="0" sc="125,133,265,-31,283,-61,317,-31" /><INIT seed="3,0,0,5,0,6" ten="258,234,222,286" oya="3" hai0="23,107,88,13,43,116,36,37,7,115,119,42,97" hai1="82,94,68,65,0,96,47,21,28,63,29,5,17" hai2="98,20,38,2,123,133,110,124,118,25,10,109,24" hai3="69,67,70,104,64,54,131,4,27,31,52,75,106"/><W93/><G75/><T81/><D115/><U105/><E105/><V120/><F118/><W79/><G79/><T56/><D107/><U61/><E82/><V90/><F124/><W50/><G106/><T114/><D114/><U125/><E125/><V9/><F38/><W78/><G104/><T73/><D56/><U87/><E87/><V89/><F2/><W77/><G70/><T12/><D73/><U111/><E111/><N who="2" m="42507" /><F133/><W46/><G69/><T71/><D71/><U39/><E63/><V128/><F128/><W66/><G131/><T62/><D62/><U129/><E129/><V80/><F24/><W49/><G4/><T112/><D7/><U126/><E126/><V135/><F135/><W74/><G74/><T92/><D81/><U19/><E17/><N who="2" m="12431" /><F90/><W99/><G27/><T102/><D88/><U16/><E19/><V51/><F51/><W59/><G31/><T100/><D112/><U134/><E134/><V121/><F98/><W41/><G41/><T26/><D97/><U33/><E33/><V30/><F30/><W40/><G40/><T86/><D26/><N who="1" m="14631" /><E5/><V45/><F45/><W130/><G130/><T57/><D116/><U103/><E0/><V101/><F101/><AGARI ba="0,0" hai="46,49,50,52,54,59,64,66,67,77,78,93,99,101" machi="101" ten="40,3900,0" yaku="8,1,54,1" doraHai="6" who="3" fromWho="2" sc="258,0,234,0,222,-39,286,39" owari="258,5.8,234,-16.6,183,-31.7,325,42.5" /></mjloggm>