<mjloggm ver="2.3"><GO type="225" lobby="0"/><UN n0="%E3%83%A9%E3%82%B9%E7%8E%87%EF%BC%93%E5%89%B2" n1="%33%74%72%65%65" n2="%E6%97%A5%E6%9B%9C%E6%97%A5%E3%82%88%E3%82%8A%E3%81%AE%E4%BD%BF%E8%80%85" n3="%E3%81%A1%E3%82%85%E3%81%86%E3%81%A9%E3%81%8F%E8%B1%A1%E3%81%95%E3%82%93" dan="16,17,17,16" rate="2108.82,2150.54,2202.34,2087.54" sx="F,F,M,M"/><TAIKYOKU oya="0"/><INIT seed="0,0,0,4,1,109" ten="250,250,250,250" oya="0" hai0="67,117,66,115,128,61,46,105,29,1,50,84,132" hai1="68,45,85,113,99,4,56,18,89,108,87,43,39" hai2="133,116,131,47,94,8,22,71,54,35,76,59,58" hai3="130,63,42,110,5,69,78,6,7,81,30,121,53"/><T120/><D105/><U40/><E68/><V103/><F35/><W51/><G30/><T15/><D1/><U52/><E108/><V88/><F71/><W73/><G110/><T60/><D29/><U28/><E43/><V114/><F114/><W20/><G130/><T11/><D120/><U112/><E28/><V24/><F131/><W48/><G20/><T79/><D128/><U104/><E4/><V36/><F133/><W86/><G121/><T2/><D2/><U106/><E85/><N who="2" m="52495" /><F36/><W32/><G32/><T111/><D117/><U91/><E18/><N who="2" m="12375" /><F116/><W49/><G73/><T123/><D123/><U26/><E26/><V92/><F76/><W27/><G27/><T98/><D115/><N who="1" m="44107" /><E99/><N who="2" m="59879" /><F8/><W127/><G127/><T65/><D111/><U38/><E38/><V57/><F47/><N who="3" m="25719" /><G69/><T129/><D129/><U122/><E122/><V23/><F23/><W101/><G101/><T21/><D21/><U134/><E134/><V34/><F34/><W135/><G135/><T37/><D37/><U95/><E91/><V62/><AGARI ba="0,0" hai="54,57,58,59,62" m="59879,12375,52495" machi="62" ten="30,2000,0" yaku="8,1,54,1" doraHai="109" who="2" fromWho="2" sc="250,-10,250,-5,250,20,250,-5" /><INIT seed="1,0,0,1,4,57" ten="240,245,270,245" oya="1" hai0="33,51,77,126,15,121,63,1,28,81,116,21,78" hai1="66,65,82,12,42,26,35,114,125,107,108,7,124" hai2="30,18,127,113,132,134,92,119,75,130,98,85,53" hai3="56,3,103,32,91,14,16,23,59,102,17,117,70"/><U6/><E114/><V118/><F30/><W135/><G3/><T2/><D116/><N who="2" m="44586" /><F18/><W67/><G32/><T73/><D121/><U19/><E107/><V49/><F49/><W80/><G117/><T52/><D126/><N who="1" m="48747" /><E42/><V84/><F127/><W8/><G70/><T58/><D33/><U61/><E66/><V97/><F53/><W11/><G135/><N who="2" m="51753" /><F113/><W29/><G29/><T123/><D123/><U101/><E35/><V100/><F130/><W45/><G45/><T95/><D78/><U64/><E64/><V111/><F111/><W90/><G80/><T104/><D104/><U128/><E82/><V43/><F43/><W112/><G67/><T115/><D115/><U36/><E36/><V88/><F75/><W110/><G112/><T89/><D51/><U99/><E128/><V129/><F129/><W69/><G110/><T60/><D60/><U62/><E108/><V47/><F47/><W44/><G44/><T25/><REACH who="0" step="1"/><D15/><REACH who="0" ten="230,245,270,245" step="2"/><U0/><E62/><V83/><F100/><W72/><G14/><T96/><AGARI ba="0,1" hai="1,2,21,25,28,52,58,63,73,77,81,89,95,96" machi="96" ten="20,12000,2" yaku="1,1,2,1,0,1,7,1,52,1,54,1,53,0" doraHai="57" doraHaiUra="120" who="0" fromWho="0" sc="230,130,245,-60,270,-30,245,-30" /><INIT seed="2,0,0,4,1,71" ten="360,185,240,215" oya="2" hai0="89,128,120,30,34,63,27,6,2,84,86,3,19" hai1="31,44,102,81,95,58,110,104,90,61,26,20,118" hai2="22,23,46,32,17,115,101,124,53,21,56,25,119" hai3="80,11,28,50,1,33,79,126,74,70,112,103,99"/><V41/><F115/><W73/><G70/><T116/><D120/><U59/><E118/><V35/><F119/><W88/><G112/><T67/><D116/><U75/><E110/><V122/><F122/><W54/><G126/><T135/><D128/><U113/><E113/><V57/><F124/><W36/><G36/><T52/><D135/><U91/><E104/><V45/><F101/><W40/><G40/><T38/><D38/><U111/><E111/><V60/><F35/><W130/><G130/><T133/><D133/><U14/><E59/><V8/><F32/><W82/><G28/><T0/><D19/><U107/><E107/><V18/><F56/><W94/><G33/><T16/><D16/><U13/><E44/><N who="2" m="17003" /><F41/><W9/><G1/><T15/><D89/><N who="1" m="33803" /><E81/><V66/><F66/><W93/><G80/><T10/><REACH who="0" step="1"/><D52/><REACH who="0" ten="350,185,240,215" step="2"/><N who="1" m="33991" /><E75/><V65/><F53/><W87/><G73/><T24/><D24/><U42/><E42/><V92/><F18/><W85/><G74/><T108/><D108/><U47/><E47/><AGARI ba="0,1" hai="9,11,47,50,54,79,82,85,87,88,93,94,99,103" machi="47" ten="30,3900,0" yaku="7,1,8,1,54,1" doraHai="71" who="3" fromWho="1" sc="350,0,185,-39,240,0,215,49" /><INIT seed="3,0,0,5,4,99" ten="350,146,240,264" oya="3" hai0="116,131,5,21,126,104,57,128,73,16,121,93,62" hai1="61,75,123,109,1,119,86,94,29,28,133,8,82" hai2="64,79,58,77,81,129,51,95,87,2,70,59,89" hai3="9,65,55,92,45,50,83,39,20,14,48,72,74"/><W10/><G39/><T125/><D104/><U108/><E123/><V78/><F2/><W113/><G113/><T54/><D121/><U33/><E133/><V60/><F129/><N who="0" m="49738" /><D116/><U37/><E119/><V91/><REACH who="2" step="1"/><F51/><REACH who="2" ten="350,146,230,264" step="2"/><W106/><G50/><N who="0" m="30935" /><D126/><U68/><E37/><V66/><F66/><W3/><G106/><T46/><D125/><U26/><E29/><V6/><F6/><W32/><G32/><T103/><D5/><U107/><E107/><V105/><F105/><W115/><G115/><T41/><D62/><U11/><E1/><V56/><F56/><W36/><G65/><T40/><D46/><U24/><E24/><V15/><F15/><W34/><G36/><T90/><D73/><U80/><E61/><V31/><F31/><W98/><G34/><T114/><D114/><U63/><E63/><V12/><F12/><W67/><G67/><T35/><D35/><U23/><E33/><V85/><AGARI ba="0,1" hai="58,59,60,64,70,77,78,79,81,85,87,89,91,95" machi="85" ten="30,2000,0" yaku="1,1,0,1,53,0" doraHai="99" doraHaiUra="19" who="2" fromWho="2" sc="350,-5,146,-5,230,30,264,-10" owari="345,44.5,141,-35.9,260,6.0,254,-14.6" /></mjloggm>