<mjloggm ver="2.3"><GO type="225" lobby="0"/><UN n0="%6D%75%75%6D%75%72%61" n1="%38%63%E3%81%AF%E3%81%A3%E3%81%97%E3%83%BC" n2="%E3%81%8B%E3%82%8F%E3%81%A1%E3%82%83%E3%82%93%35%38" n3="%4B%2E%32%2E%4B%2E" dan="16,16,16,17" rate="2146.14,2085.48,2142.82,2247.35" sx="F,M,M,M"/><TAIKYOKU oya="0"/><INIT seed="0,0,0,0,1,99" ten="250,250,250,250" oya="0" hai0="14,26,66,89,64,2,13,53,19,32,17,129,75" hai1="93,112,96,48,21,0,49,130,41,42,40,9,39" hai2="56,67,88,33,111,51,52,43,20,98,24,102,57" hai3="135,28,132,79,36,113,37,116,109,62,115,70,68"/><T60/><D129/><U100/><E130/><V54/><F111/><W44/><G79/><T76/><D2/><U7/><E39/><N who="3" m="14922" /><G28/><T125/><D125/><U81/><E112/><N who="3" m="43082" /><G109/><T23/><D89/><U134/><E134/><N who="3" m="51242" /><G116/><T10/><D32/><U73/><REACH who="1" step="1"/><E21/><REACH who="1" ten="250,240,250,250" step="2"/><V5/><F33/><W84/><G44/><T104/><D23/><U46/><E46/><V47/><F5/><W121/><G121/><T38/><D38/><U71/><E71/><N who="3" m="27178" /><G84/><T123/><D123/><U94/><E94/><N who="2" m="58711" /><F57/><W65/><G65/><T107/><D66/><U8/><E8/><V50/><F67/><W34/><G34/><T30/><D64/><U11/><E11/><V12/><F12/><W78/><G78/><AGARI ba="0,1" hai="0,7,9,40,41,42,48,49,73,78,81,93,96,100" machi="78" ten="40,2600,0" yaku="1,1,52,1,53,0" doraHai="99" doraHaiUra="124" who="1" fromWho="3" sc="250,0,240,36,250,0,250,-26" /><INIT seed="1,0,0,2,2,99" ten="250,276,250,224" oya="1" hai0="75,102,79,54,6,78,0,7,52,77,28,125,89" hai1="127,132,101,90,88,41,22,10,37,35,123,5,13" hai2="45,40,116,15,83,115,96,134,69,55,98,91,129" hai3="17,135,51,27,58,70,3,111,47,133,8,23,73"/><U131/><E123/><V97/><F116/><W59/><G70/><T118/><D118/><U30/><E131/><V81/><F69/><W43/><G73/><T84/><D125/><U82/><E35/><V9/><F129/><W57/><REACH who="3" step="1"/><G111/><REACH who="3" ten="250,276,250,214" step="2"/><T46/><D75/><U130/><E130/><V112/><F134/><W120/><G120/><T105/><D77/><U60/><E127/><V80/><F91/><W128/><G128/><T92/><D78/><U44/><E132/><V2/><F2/><W103/><G103/><T109/><D79/><U126/><E126/><V24/><F24/><W21/><G21/><T36/><D0/><U64/><E101/><V76/><F76/><W61/><G61/><T74/><D109/><U31/><E22/><V108/><F108/><W72/><G72/><T18/><D74/><U68/><REACH who="1" step="1"/><E90/><REACH who="1" ten="250,266,250,214" step="2"/><V42/><F115/><W49/><G49/><T38/><D102/><U33/><E33/><V100/><F112/><W107/><G107/><T87/><D105/><U71/><E71/><V25/><F100/><W34/><G34/><T32/><D89/><U114/><E114/><V11/><F25/><W63/><G63/><T119/><D32/><U121/><E121/><V65/><F9/><W95/><G95/><T62/><D92/><U39/><E39/><V122/><F122/><W20/><G20/><T67/><D62/><U56/><E56/><V14/><F11/><W104/><G104/><T19/><D36/><U85/><AGARI ba="0,2" hai="5,10,13,30,31,37,41,44,60,64,68,82,85,88" machi="85" ten="30,6000,0" yaku="1,1,0,1,54,1,53,0" doraHai="99" doraHaiUra="16" who="1" fromWho="1" sc="250,-20,266,80,250,-20,214,-20" /><INIT seed="1,1,0,5,5,60" ten="230,346,230,194" oya="1" hai0="86,58,38,22,46,26,116,103,107,94,80,119,64" hai1="104,91,66,71,21,118,98,68,27,113,115,96,95" hai2="3,63,56,102,117,120,78,135,85,76,32,77,106" hai3="13,122,112,79,132,128,127,87,97,52,57,109,29"/><U105/><E118/><V134/><F117/><W48/><G122/><T53/><D107/><U6/><E6/><V8/><F120/><W92/><G112/><T5/><D5/><U126/><E126/><V101/><F32/><W129/><G127/><T24/><D103/><N who="2" m="39434" /><F8/><W82/><G109/><T28/><D94/><U16/><E71/><V114/><F3/><W61/><G132/><N who="2" m="50729" /><F106/><W70/><G29/><T33/><D64/><U34/><E34/><V37/><F37/><W55/><G13/><T23/><D46/><U11/><E11/><V110/><F110/><W17/><G17/><T125/><D38/><U0/><E0/><V10/><F10/><W12/><G12/><T20/><D125/><U30/><E30/><V88/><F114/><W44/><REACH who="3" step="1"/><G70/><REACH who="3" ten="230,346,230,184" step="2"/><T31/><D116/><U25/><E115/><V47/><F47/><W99/><G99/><T41/><D119/><U90/><E113/><V111/><F111/><W75/><G75/><T93/><D33/><U74/><E74/><V133/><F133/><W9/><G9/><T1/><D1/><U130/><E25/><V7/><F7/><W123/><G123/><T69/><D69/><U4/><E68/><V18/><F18/><W89/><AGARI ba="1,1" hai="44,48,52,55,57,61,79,82,87,89,92,97,128,129" machi="89" ten="30,7900,0" yaku="1,1,0,1,54,1,53,1" doraHai="60" doraHaiUra="42" who="3" fromWho="3" sc="230,-21,346,-40,230,-21,184,92" /><INIT seed="2,0,0,5,0,59" ten="209,306,209,276" oya="2" hai0="24,122,10,115,132,87,1,117,129,60,31,99,108" hai1="61,113,103,121,39,17,15,33,73,105,48,130,131" hai2="109,76,14,80,36,68,23,30,67,51,85,116,56" hai3="19,133,65,125,128,9,22,120,46,32,41,104,78"/><V126/><F116/><W91/><G120/><T58/><D122/><U84/><E39/><V102/><F36/><W134/><G32/><T26/><D115/><U44/><E73/><V96/><F126/><W28/><G104/><T127/><D127/><U77/><E33/><V55/><F109/><W5/><G125/><T90/><D108/><U100/><E113/><V71/><F67/><W123/><G123/><T43/><D117/><U135/><E121/><V49/><F49/><W54/><G128/><N who="1" m="49194" /><E61/><V69/><F14/><W42/><G28/><T3/><D129/><U124/><E105/><V12/><F12/><N who="3" m="5167" /><G78/><T27/><D132/><N who="3" m="50793" /><G91/><T101/><D31/><U8/><E124/><V37/><F37/><W11/><G11/><T92/><D43/><N who="1" m="24607" /><E135/><V6/><F6/><W82/><G82/><AGARI ba="0,0" hai="8,15,17,77,82,84,100,103" m="24607,49194" machi="82" ten="30,1000,0" yaku="19,1" doraHai="59" who="1" fromWho="3" sc="209,0,306,10,209,0,276,-10" /><INIT seed="3,0,0,4,0,78" ten="209,316,209,266" oya="3" hai0="108,52,75,66,92,61,31,0,12,127,58,25,63" hai1="96,9,125,18,118,73,3,98,26,64,129,43,55" hai2="102,34,56,79,111,72,89,35,54,94,122,47,42" hai3="14,33,11,121,8,131,110,85,6,117,76,93,88"/><W80/><G117/><T84/><D0/><U16/><E118/><V124/><F102/><W97/><G121/><T30/><D75/><U59/><E73/><V23/><F122/><W69/><G131/><T114/><D108/><U10/><E64/><V95/><F95/><W1/><G110/><T24/><D127/><U22/><E43/><V68/><F68/><W13/><G33/><T106/><D106/><U37/><E37/><V36/><F111/><W19/><REACH who="3" step="1"/><G69/><REACH who="3" ten="209,316,209,256" step="2"/><T4/><D114/><U82/><E129/><V60/><F124/><W77/><G77/><T71/><D71/><U45/><E125/><V65/><F65/><W128/><G128/><T101/><D66/><U17/><E3/><AGARI ba="0,1" hai="1,3,6,8,11,13,14,19,76,80,85,88,93,97" machi="3" ten="40,7700,0" yaku="1,1,52,1,54,1,53,0" doraHai="78" doraHaiUra="38" who="3" fromWho="1" sc="209,0,316,-77,209,0,256,87" owari="209,-19.1,239,3.9,209,-29.1,343,44.3" /></mjloggm>