<mjloggm ver="2.3"><GO type="225" lobby="0"/><UN n0="%73%6C%69%63%6B%33%31%39" n1="%E9%80%9F%E6%B0%B4%E5%87%9B%E9%A6%99" n2="%33%74%72%65%65" n3="%E3%81%BE%E3%81%A8%E3%81%9F" dan="17,16,17,16" rate="2164.25,2107.05,2161.03,2115.06" sx="M,F,F,M"/><TAIKYOKU oya="0"/><INIT seed="0,0,0,1,1,82" ten="250,250,250,250" oya="0" hai0="132,60,34,19,115,127,73,116,0,6,22,92,61" hai1="42,17,40,13,53,107,44,94,18,11,130,67,29" hai2="87,31,71,133,20,76,70,7,98,84,101,77,68" hai3="128,118,21,113,30,55,99,5,119,81,26,49,4"/><T72/><D115/><U35/><E107/><V23/><F133/><W37/><G113/><T123/><D116/><U83/><E130/><V63/><F7/><W59/><G128/><T45/><D123/><U48/><E67/><V2/><F2/><W135/><G135/><T56/><D132/><U43/><E35/><V38/><F38/><W134/><G37/><T36/><D34/><U27/><E29/><V75/><F63/><W39/><G134/><T80/><D127/><U51/><E94/><V97/><F31/><W8/><G39/><T129/><D129/><U104/><E104/><V125/><F125/><W106/><G5/><T103/><D92/><U52/><E83/><V88/><F75/><W65/><G65/><T62/><D103/><U91/><E91/><V96/><F101/><W126/><G126/><T114/><D114/><U28/><E28/><V110/><F110/><W9/><G9/><T41/><D56/><U33/><E33/><V25/><F88/><W32/><G32/><T112/><D112/><U117/><E117/><V58/><F58/><W78/><G99/><T66/><D66/><U86/><E86/><N who="2" m="32811" /><F25/><W95/><G106/><T122/><D122/><U69/><E69/><V108/><F108/><W109/><G109/><T105/><D105/><U121/><E27/><V74/><F74/><N who="0" m="28778" /><D80/><U131/><E131/><V100/><F100/><W16/><G81/><T102/><D102/><U120/><REACH who="1" step="1"/><E17/><REACH who="1" ten="250,240,250,250" step="2"/><V15/><F15/><N who="3" m="5511" /><G118/><T79/><D19/><U1/><E1/><V50/><F50/><N who="3" m="31223" /><G16/><T57/><D0/><U64/><E64/><V124/><F124/><RYUUKYOKU ba="0,1" sc="250,-15,240,15,250,15,250,-15" hai1="11,13,18,40,42,43,44,48,51,52,53,120,121" hai2="20,23,68,70,71,76,77,96,97,98" /><INIT seed="1,1,1,5,0,29" ten="235,255,265,235" oya="1" hai0="55,9,7,124,23,69,12,95,98,79,33,43,63" hai1="99,93,20,42,1,133,71,65,78,87,115,13,21" hai2="113,58,60,116,16,112,91,18,135,32,59,86,17" hai3="49,30,119,72,26,25,36,106,52,6,47,22,110"/><U97/><E1/><V67/><F116/><W10/><G110/><T66/><D124/><U118/><E115/><N who="2" m="44107" /><F135/><W51/><G119/><T107/><D107/><U105/><E118/><V88/><F32/><W127/><G36/><T83/><D55/><U3/><E42/><V77/><F77/><W40/><G106/><T80/><D43/><U103/><E87/><V128/><F128/><W38/><G127/><T64/><D64/><U35/><E13/><V45/><F45/><W102/><G72/><T74/><D80/><U122/><E3/><V39/><F39/><W57/><G102/><T131/><D131/><U114/><E103/><V129/><F129/><W76/><G76/><T62/><D62/><U8/><E65/><V120/><F120/><W75/><G26/><T53/><D53/><U73/><E73/><V48/><F48/><W109/><G109/><T34/><REACH who="0" step="1"/><D23/><REACH who="0" ten="225,255,265,235" step="2"/><U70/><E105/><V125/><F125/><W84/><G38/><T27/><D27/><U54/><E54/><V90/><F59/><W31/><G25/><T130/><D130/><U11/><E114/><V5/><F5/><W100/><G22/><T37/><D37/><U104/><E104/><V89/><F18/><W61/><G6/><T94/><D94/><AGARI ba="1,2" hai="16,17,58,60,67,86,88,89,90,91,94" m="44107" machi="94" ten="30,3900,0" yaku="11,1,54,2" doraHai="29" who="2" fromWho="0" sc="225,-42,255,0,265,62,235,0" /><INIT seed="2,0,0,4,2,88" ten="183,255,327,235" oya="2" hai0="127,61,104,50,120,97,110,16,74,57,117,102,52" hai1="87,18,123,65,135,3,133,48,90,25,43,101,11" hai2="29,55,5,36,38,23,82,130,121,27,118,14,1" hai3="46,109,77,30,7,89,134,119,131,17,105,41,103"/><V26/><F118/><W73/><G119/><T20/><D120/><U33/><E65/><V62/><F121/><W78/><G109/><T15/><D117/><U4/><E101/><V37/><F130/><W49/><G131/><T35/><D110/><U9/><E123/><V128/><F128/><W129/><G134/><T66/><D127/><U28/><E48/><V72/><F1/><W24/><G73/><T2/><D2/><U112/><E43/><V95/><F27/><W81/><G7/><T116/><D116/><U59/><E59/><V85/><F72/><W86/><G129/><T67/><D74/><U96/><E96/><V0/><F0/><W70/><G70/><T69/><D67/><U58/><E58/><V42/><F55/><W63/><G17/><T114/><REACH who="0" step="1"/><D35/><REACH who="0" ten="173,255,327,235" step="2"/><U126/><E126/><V64/><F64/><W13/><G63/><T115/><AGARI ba="0,1" hai="15,16,20,50,52,57,61,66,69,97,102,104,114,115" machi="115" ten="30,8000,1" yaku="1,1,2,1,0,1,54,2,53,0" doraHai="88" doraHaiUra="91" who="0" fromWho="0" sc="173,90,255,-20,327,-40,235,-20" /><INIT seed="3,0,0,1,5,98" ten="263,235,287,215" oya="3" hai0="62,5,11,64,109,89,101,19,0,113,114,112,131" hai1="55,127,36,46,134,33,124,130,58,71,6,129,126" hai2="23,94,92,4,83,102,61,38,15,99,17,85,51" hai3="77,122,82,24,88,70,79,13,103,54,32,135,30"/><W57/><G122/><T20/><D109/><U105/><E6/><V74/><F38/><W3/><G3/><T100/><D89/><U35/><E105/><V8/><F74/><W50/><G135/><T96/><D131/><N who="1" m="50187" /><E71/><V42/><F61/><W106/><G70/><N who="0" m="42263" /><D96/><U76/><E76/><N who="2" m="46311" /><F92/><W81/><G13/><AGARI ba="0,0" hai="0,5,11,13,19,20,100,101,112,113,114" m="42263" machi="13" ten="30,3900,0" yaku="11,1,52,2" doraHai="98" who="0" fromWho="3" sc="263,39,235,0,287,0,215,-39" owari="302,40.2,235,-16.5,287,8.7,176,-32.4" /></mjloggm>