<mjloggm ver="2.3"><GO type="225" lobby="0"/><UN n0="%E7%89%B9%E6%9D%B1%E3%81%AF%E4%B8%96%E7%95%8C%E3%82%92%E6%95%91%E3%81%86" n1="%E9%B3%B3%E6%9D%B1%E3%81%AE%E3%81%86%E3%81%95%E3%81%8E%E3%81%95%E3%82%93" n2="%E4%B8%89%E5%86%A0%E7%8E%8B%E3%83%BB%E5%B1%B1%E7%94%B0%E5%93%B2%E4%BA%BA" n3="%E6%9C%AA%E6%9D%A5%E5%B0%91%E5%B9%B4" dan="16,16,16,16" rate="2092.10,2109.79,2186.59,2139.31" sx="M,M,M,M"/><TAIKYOKU oya="0"/><INIT seed="0,0,0,3,4,49" ten="250,250,250,250" oya="0" hai0="75,7,108,42,96,71,94,66,30,48,28,123,16" hai1="74,124,127,122,5,62,68,18,32,65,73,102,116" hai2="72,90,67,79,20,38,89,86,15,21,105,120,121" hai3="64,17,3,27,82,36,14,100,60,115,58,83,56"/><T104/><D123/><U45/><E122/><V26/><F38/><W132/><G115/><T85/><D75/><U128/><E116/><V57/><F105/><W1/><G36/><T6/><D104/><U130/><E32/><V52/><F67/><W43/><G132/><T84/><D71/><U98/><E18/><N who="2" m="10335" /><F72/><N who="1" m="27753" /><E5/><N who="0" m="1545" /><D66/><U4/><E4/><V19/><F121/><W97/><G43/><T47/><D108/><U131/><E45/><V29/><F120/><W117/><G27/><T54/><D42/><U46/><E46/><V80/><F19/><W87/><G56/><T41/><D41/><U134/><E134/><V113/><F113/><W81/><G87/><N who="0" m="33355" /><D16/><U110/><E110/><V34/><F34/><W0/><G117/><T112/><D112/><U101/><E98/><V93/><F93/><W9/><REACH who="3" step="1"/><G82/><REACH who="3" ten="250,250,250,240" step="2"/><T63/><D63/><AGARI ba="0,1" hai="21,26,29,52,57,63,79,80,86,89,90" m="10335" machi="63" ten="30,3900,0" yaku="8,1,52,1,54,1" doraHai="49" who="2" fromWho="0" sc="250,-39,250,0,250,49,240,0" /><INIT seed="1,0,0,1,0,40" ten="211,250,299,240" oya="1" hai0="18,26,31,110,57,61,70,135,52,38,123,68,106" hai1="112,6,119,2,82,117,66,134,29,81,13,49,132" hai2="56,8,27,94,41,124,15,104,3,115,44,129,12" hai3="60,86,92,46,125,107,128,127,65,36,17,87,16"/><U48/><E2/><V43/><F104/><W30/><G107/><T85/><D123/><U96/><E29/><V90/><F124/><N who="3" m="47691" /><G128/><T83/><D110/><U88/><E66/><V45/><F129/><W51/><G36/><T42/><D135/><N who="1" m="51755" /><E6/><V97/><F115/><W76/><G30/><T133/><D106/><U78/><E13/><V23/><F56/><N who="3" m="36999" /><G92/><T74/><D74/><N who="1" m="43223" /><E112/><V50/><F3/><W39/><G39/><T0/><D0/><U71/><E71/><V1/><F8/><W99/><G99/><T98/><D18/><N who="3" m="7273" /><G76/><T64/><D98/><U19/><E19/><N who="2" m="12799" /><F1/><W62/><G62/><T10/><D10/><U7/><E7/><V105/><F105/><W95/><G95/><T54/><D133/><U91/><E96/><V77/><F77/><W67/><G67/><T122/><D122/><U72/><E119/><V114/><F114/><W14/><G14/><T120/><D120/><U131/><E117/><V63/><F63/><W32/><G32/><N who="0" m="20599" /><D70/><U100/><E131/><V84/><F97/><W103/><G103/><T5/><D68/><U69/><E100/><V22/><F22/><W89/><G89/><N who="1" m="34378" /><E69/><V108/><F108/><W33/><G33/><T101/><D101/><U28/><E28/><V80/><F80/><W118/><G118/><T21/><D21/><U34/><E34/><V55/><F12/><W93/><G93/><T24/><D5/><U4/><E4/><V35/><F15/><W75/><G75/><T111/><D111/><U11/><E11/><V53/><F35/><W113/><G113/><T20/><D83/><U25/><E25/><RYUUKYOKU ba="0,0" sc="211,-30,250,10,299,10,240,10" hai1="48,49,72,82" hai2="41,43,44,45,50,53,55,84,90,94" hai3="46,51,86,87" /><INIT seed="1,1,0,4,4,14" ten="181,260,309,250" oya="1" hai0="16,50,46,84,28,103,125,111,52,53,24,127,77" hai1="69,55,131,71,27,108,116,49,70,121,65,40,9" hai2="115,21,7,82,57,8,120,83,129,92,58,67,99" hai3="11,122,3,110,89,30,75,2,133,132,23,101,25"/><U102/><E116/><V96/><F120/><W79/><G122/><T72/><D72/><U68/><E121/><V10/><F129/><W104/><G110/><T73/><D73/><U45/><E102/><V32/><F32/><W66/><G66/><T109/><D103/><U128/><E27/><V54/><F115/><W64/><G64/><T44/><D28/><U106/><E106/><V48/><F99/><N who="3" m="61503" /><G89/><T86/><D77/><U134/><E9/><V119/><F119/><W35/><G11/><T59/><D24/><U88/><E88/><N who="2" m="55303" /><F21/><W80/><G23/><T51/><D59/><N who="1" m="33263" /><E134/><AGARI ba="1,0" hai="2,3,25,30,35,75,79,80,132,133,134" m="61503" machi="134" ten="30,2000,0" yaku="20,1,23,1" doraHai="14" who="3" fromWho="1" sc="181,0,260,-23,309,0,250,23" /><INIT seed="2,0,0,0,0,67" ten="181,237,309,273" oya="2" hai0="91,133,124,86,134,102,73,132,54,5,128,19,56" hai1="103,71,55,65,16,2,28,35,129,131,61,38,23" hai2="113,82,60,81,31,8,70,10,99,52,105,30,32" hai3="13,57,111,49,50,9,37,92,68,40,107,76,74"/><V77/><F113/><W27/><G107/><T15/><D128/><N who="1" m="49227" /><E2/><V87/><F81/><W66/><G111/><T80/><D124/><U127/><E127/><V6/><F52/><W101/><G74/><T120/><D120/><U20/><E38/><V21/><F21/><W43/><G68/><T51/><D5/><U110/><E110/><V109/><F109/><W62/><G76/><T29/><D29/><U108/><E108/><V46/><F46/><W119/><G119/><T100/><REACH who="0" step="1"/><D73/><REACH who="0" ten="171,237,309,273" step="2"/><U39/><E28/><V79/><F6/><W59/><G37/><T115/><D115/><U130/><E39/><V121/><F30/><W18/><G18/><T85/><D85/><U106/><E130/><V97/><F87/><W0/><G0/><T89/><D89/><U14/><E35/><V4/><F121/><W45/><G101/><T33/><D33/><U93/><E103/><V94/><F4/><W123/><G123/><T98/><D98/><U75/><E75/><V17/><F97/><W125/><G125/><T48/><D48/><U126/><E126/><V1/><F99/><W41/><G49/><T7/><D7/><U11/><E16/><V58/><F32/><W112/><G50/><T118/><D118/><U90/><E90/><V25/><F31/><W95/><G112/><T24/><D24/><U3/><E3/><V114/><F17/><N who="3" m="8367" /><G27/><T88/><D88/><U34/><E34/><V104/><F114/><W84/><G84/><T135/><N who="0" m="33792" /><DORA hai="117" /><T53/><D53/><U63/><E55/><N who="2" m="33887" /><F1/><W69/><G45/><T26/><D26/><U12/><E12/><RYUUKYOKU ba="0,1" sc="171,15,237,-15,309,-15,273,15" hai0="15,19,51,54,56,80,86,91,100,102" hai3="40,41,43,57,59,62,66,69,92,95" /><INIT seed="3,1,1,3,4,30" ten="186,222,294,288" oya="3" hai0="129,6,40,21,45,77,71,59,106,26,37,94,99" hai1="32,51,38,131,3,65,116,15,73,8,13,18,44" hai2="121,75,29,31,113,78,14,53,34,133,117,35,16" hai3="22,89,0,90,127,66,47,17,86,69,80,128,27"/><W97/><G0/><T68/><D129/><U123/><E123/><V46/><F113/><W96/><G127/><T39/><D106/><U10/><E38/><V5/><F117/><W115/><G115/><T7/><D37/><U12/><E73/><V107/><F107/><W36/><G128/><T132/><D132/><U124/><E131/><V64/><F5/><W41/><REACH who="3" step="1"/><G90/><REACH who="3" ten="186,222,294,278" step="2"/><T19/><D77/><U61/><E124/><V74/><F78/><W112/><G112/><T11/><D59/><U114/><E3/><V1/><F1/><W119/><G119/><T108/><D108/><U87/><E116/><V79/><F79/><W63/><AGARI ba="1,2" hai="17,22,27,36,41,47,63,66,69,80,86,89,96,97" machi="63" ten="30,3000,0" yaku="1,1,0,1,53,0" doraHai="30" doraHaiUra="125" who="3" fromWho="3" sc="186,-11,222,-11,294,-11,278,53" owari="175,-32.5,211,-18.9,283,8.3,331,43.1" /></mjloggm>