<mjloggm ver="2.3"><GO type="225" lobby="0"/><UN n0="%E4%B8%AD%E5%B9%B4%E3%81%AE%E5%8D%B1%E6%A9%9F" n1="%E4%BF%BA%E3%81%A8%E5%A6%96%E5%A4%A2" n2="%6D%75%75%6D%75%72%61" n3="%E3%81%95%E3%81%8D%E3%81%9F%E3%81%BE%E6%9E%97%E6%AA%8E" dan="17,17,16,16" rate="2136.68,2204.30,2172.62,2065.32" sx="M,F,F,M"/><TAIKYOKU oya="0"/><INIT seed="0,0,0,3,5,108" ten="250,250,250,250" oya="0" hai0="77,126,106,111,1,82,8,115,57,26,109,22,70" hai1="76,116,75,118,61,6,129,49,85,12,128,23,103" hai2="13,52,112,122,16,102,30,55,74,107,5,63,19" hai3="96,67,100,47,124,38,73,99,95,113,114,33,9"/><T101/><D70/><U125/><E75/><V130/><F122/><W121/><G73/><T134/><D126/><U104/><E61/><V11/><F112/><W119/><G119/><T43/><D43/><U127/><E49/><V17/><F74/><W88/><G33/><T39/><D39/><U51/><E51/><V45/><F130/><N who="1" m="50281" /><E23/><V84/><F30/><W87/><G124/><N who="1" m="47690" /><E12/><V18/><F45/><W98/><G67/><T81/><D134/><U28/><E28/><V92/><F107/><W123/><G9/><T40/><D115/><N who="3" m="44041" /><G47/><T91/><D57/><U135/><E6/><V59/><N who="2" m="4096" /><DORA hai="133" /><V42/><F42/><W29/><G29/><T37/><D40/><U24/><E24/><V117/><F117/><N who="1" m="45161" /><E135/><V31/><F31/><W15/><G15/><T21/><D22/><U54/><E54/><V72/><F55/><W36/><G36/><T69/><D37/><U66/><E66/><V105/><F72/><W41/><G41/><T20/><D26/><U60/><E60/><V94/><F5/><W71/><G71/><T79/><D69/><U110/><E110/><V65/><F65/><W78/><G38/><T64/><D64/><U58/><E58/><V62/><F62/><W14/><G14/><T90/><D21/><U50/><E50/><V48/><F63/><W2/><G2/><T89/><D1/><U3/><E3/><V46/><F59/><W93/><G78/><N who="0" m="29707" /><D20/><U131/><N who="1" m="50289" /><U4/><DORA hai="0" /><E4/><V32/><F13/><W25/><G25/><T35/><D109/><U27/><E27/><V53/><F53/><W68/><G68/><RYUUKYOKU ba="0,0" sc="250,-10,250,-10,250,-10,250,30" hai3="87,88,93,95,96,98,99,100,121,123" /><INIT seed="1,1,0,4,0,68" ten="240,240,240,280" oya="1" hai0="72,107,51,64,105,95,69,2,32,9,79,121,65" hai1="117,48,122,34,1,73,3,111,88,29,42,35,114" hai2="62,33,52,115,13,17,100,128,135,126,60,102,94" hai3="110,93,71,58,7,46,109,132,76,40,87,118,70"/><U77/><E114/><V50/><F115/><W4/><G132/><T19/><D121/><U75/><E122/><V61/><F135/><W104/><G104/><T89/><D32/><U8/><E117/><V74/><F128/><W116/><G58/><T39/><D51/><U99/><E111/><N who="3" m="42506" /><G93/><T80/><D19/><U41/><E77/><V31/><F126/><W45/><G87/><T113/><D113/><U0/><E8/><V20/><F74/><N who="1" m="28169" /><E48/><V5/><F5/><N who="3" m="2123" /><G76/><T21/><D9/><U23/><E23/><V36/><F36/><N who="3" m="21639" /><G46/><T54/><D39/><U84/><E84/><V125/><F125/><W47/><G47/><T67/><D2/><U127/><E127/><V28/><F33/><N who="1" m="12297" /><E99/><N who="2" m="59511" /><F102/><W12/><G12/><T85/><D69/><AGARI ba="1,0" hai="69,70,71,116,118" m="21639,2123,42506" machi="69" ten="40,2600,0" yaku="14,1,52,1" doraHai="68" who="3" fromWho="0" sc="240,-29,240,0,240,0,280,29" /><INIT seed="2,0,0,2,2,72" ten="211,240,240,309" oya="2" hai0="102,84,92,134,96,21,112,107,10,86,87,44,55" hai1="27,9,108,33,17,80,6,53,3,4,5,50,83" hai2="46,121,116,16,7,18,75,133,43,15,37,71,88" hai3="104,81,49,0,70,42,41,128,126,24,61,105,109"/><V118/><F121/><W67/><G109/><T119/><D112/><U106/><E106/><V36/><F71/><W110/><G110/><T1/><D119/><U135/><E108/><V65/><F65/><W111/><G111/><T57/><D134/><U52/><E135/><V14/><F133/><W76/><G0/><T2/><D44/><U123/><E123/><V99/><F7/><W29/><G128/><T60/><D107/><U100/><E100/><V66/><F66/><W124/><G105/><T103/><D103/><U122/><E122/><V31/><F75/><W115/><G115/><T11/><D2/><U95/><E95/><V26/><F36/><W77/><G104/><T28/><REACH who="0" step="1"/><D1/><REACH who="0" ten="201,240,240,309" step="2"/><U64/><E3/><V58/><F118/><W63/><G126/><T97/><D97/><U23/><E33/><V12/><F116/><W48/><G124/><T47/><D47/><U39/><E39/><V40/><F46/><W59/><G42/><N who="2" m="15913" /><F37/><W69/><G41/><T32/><D32/><U19/><E64/><V94/><F58/><W120/><G59/><T125/><D125/><U98/><E98/><V13/><N who="2" m="3072" /><DORA hai="38" /><V54/><F54/><W62/><G67/><T127/><D127/><U74/><E53/><V117/><F117/><W131/><G70/><T35/><D35/><U20/><E52/><V132/><F132/><W68/><G68/><T114/><D114/><U101/><E4/><V89/><F99/><W34/><G69/><T56/><D56/><U78/><E5/><V85/><F26/><AGARI ba="0,1" hai="10,11,21,26,28,55,57,60,84,86,87,92,96,102" machi="26" ten="40,2600,0" yaku="1,1,8,1,53,0" doraHai="72,38" doraHaiUra="45,79" who="0" fromWho="2" sc="201,36,240,0,240,-26,309,0" /><INIT seed="3,0,0,2,5,3" ten="237,240,214,309" oya="3" hai0="112,28,104,37,131,0,41,124,56,69,88,46,35" hai1="18,45,85,78,43,8,80,55,47,73,92,12,26" hai2="106,16,25,71,57,101,76,134,91,126,31,4,67" hai3="53,129,107,9,20,52,99,40,122,17,50,51,11"/><W58/><G122/><T60/><D88/><U32/><E55/><V135/><F71/><W42/><G129/><T98/><D56/><U68/><E68/><V61/><F126/><W59/><G99/><T96/><D98/><U84/><E92/><V86/><F76/><W108/><G108/><T10/><D124/><U48/><E45/><V75/><F75/><W111/><G111/><T102/><D131/><U38/><E38/><V66/><F66/><W127/><G127/><T6/><D112/><U13/><E13/><V62/><F62/><W110/><G110/><T105/><D105/><U93/><E93/><V72/><F72/><W49/><G107/><T1/><D1/><U65/><E65/><V39/><F39/><W121/><G121/><T100/><D100/><U97/><E97/><V83/><F101/><W64/><G64/><N who="0" m="41095" /><D28/><U89/><E89/><V132/><F106/><W63/><G63/><T119/><D35/><U30/><AGARI ba="0,0" hai="8,12,18,26,30,32,43,47,48,73,78,80,84,85" machi="30" ten="30,1100,0" yaku="0,1" doraHai="3" who="1" fromWho="1" sc="237,-3,240,11,214,-3,309,-5" owari="234,-16.6,251,5.1,211,-28.9,304,40.4" /></mjloggm>