<mjloggm ver="2.3"><GO type="225" lobby="0"/><UN n0="%E3%81%A1%E3%82%85%E3%81%86%E3%81%A9%E3%81%8F%E8%B1%A1%E3%81%95%E3%82%93" n1="%53%63%61%6E%64%61%6C" n2="%E6%B5%81%E3%82%8C%EF%BC%9F%53%4F%41" n3="%E3%83%A9%E3%83%96%E3%83%AC%E3%83%BC" dan="17,16,16,18" rate="2236.90,2089.69,2114.42,2254.22" sx="M,M,M,M"/><TAIKYOKU oya="0"/><INIT seed="0,0,0,4,2,2" ten="250,250,250,250" oya="0" hai0="90,36,134,45,124,118,23,82,129,38,115,5,59" hai1="121,67,33,77,54,112,111,68,11,43,81,6,65" hai2="97,27,29,1,108,20,126,34,79,42,125,57,7" hai3="69,113,86,50,12,93,131,73,132,25,110,100,89"/><T96/><D115/><U119/><E121/><V85/><F42/><W13/><G69/><T66/><D118/><U22/><E112/><V102/><F108/><W109/><G73/><T123/><D123/><U127/><E119/><V40/><F40/><W46/><G113/><T44/><D23/><U18/><E127/><N who="2" m="48651" /><F57/><W56/><G132/><T133/><D124/><U75/><E33/><V80/><F34/><W30/><G100/><T55/><D129/><U28/><E28/><V117/><F117/><W92/><G93/><N who="0" m="56375" /><D82/><U26/><E111/><N who="3" m="42506" /><G56/><T32/><D32/><U105/><E105/><N who="2" m="63695" /><F1/><W60/><G60/><N who="0" m="38175" /><D5/><AGARI ba="0,0" hai="5,7,20,27,29,79,80,85" m="63695,48651" machi="5" ten="30,3900,0" yaku="18,1,52,2" doraHai="2" who="2" fromWho="0" sc="250,-39,250,0,250,39,250,0" /><INIT seed="1,0,0,3,3,27" ten="211,250,289,250" oya="1" hai0="91,116,114,119,2,92,96,57,59,54,99,87,15" hai1="128,45,69,51,66,115,5,130,127,14,121,55,109" hai2="67,102,83,17,3,37,11,62,104,58,1,35,86" hai3="84,81,22,6,105,95,112,47,24,32,50,90,134"/><U117/><E14/><V85/><F37/><W46/><G134/><T8/><D2/><U52/><E5/><V9/><F35/><W120/><G112/><T124/><D114/><U25/><E25/><V31/><F31/><W126/><G126/><T60/><D124/><U48/><E115/><V13/><F85/><W19/><G120/><T123/><D123/><U97/><E97/><V12/><F102/><W42/><G105/><T4/><D116/><U70/><E127/><V122/><F104/><W77/><G32/><T38/><D38/><U10/><E10/><V75/><F75/><W108/><G108/><T28/><D119/><U72/><E72/><V40/><F40/><W21/><G47/><T33/><REACH who="0" step="1"/><D59/><REACH who="0" ten="201,250,289,250" step="2"/><N who="1" m="33159" /><E117/><V135/><F122/><W23/><REACH who="3" step="1"/><G6/><REACH who="3" ten="201,250,289,240" step="2"/><T80/><D80/><U44/><E121/><V103/><F135/><W94/><G94/><T49/><D49/><N who="1" m="29095" /><E109/><V74/><F83/><W41/><G41/><T18/><D18/><U118/><E118/><V68/><F17/><W56/><G56/><T89/><D89/><U36/><E36/><V64/><F58/><W53/><G53/><T29/><D29/><U79/><E66/><V78/><F64/><W43/><G43/><T20/><D20/><U34/><E34/><V7/><F67/><W76/><G76/><T110/><D110/><U133/><E79/><V132/><F78/><W129/><G129/><N who="1" m="49770" /><E133/><V39/><F132/><W131/><G131/><T73/><D73/><AGARI ba="0,2" hai="19,21,22,23,24,42,46,50,73,77,81,84,90,95" machi="73" ten="30,3900,0" yaku="1,1,7,1,53,1" doraHai="27" doraHaiUra="88" who="3" fromWho="0" sc="201,-39,250,0,289,0,240,59" /><INIT seed="2,0,0,2,0,22" ten="162,250,289,299" oya="2" hai0="26,130,66,83,120,34,42,50,7,77,123,133,99" hai1="2,110,93,24,97,128,127,51,35,53,80,64,79" hai2="75,114,90,88,68,60,8,129,20,113,107,72,98" hai3="81,101,59,89,100,118,61,70,28,45,122,40,27"/><V39/><F39/><W43/><G122/><T78/><D133/><U85/><E110/><V67/><F129/><W108/><G108/><T82/><D130/><U119/><E119/><V135/><F135/><W49/><G70/><T69/><D7/><U87/><E128/><V9/><F107/><W92/><G81/><T10/><D10/><U1/><E127/><V94/><F90/><W33/><G43/><T11/><D11/><U41/><E64/><V29/><F9/><W16/><G16/><T106/><D50/><U91/><E41/><V63/><F63/><W134/><G134/><T0/><D42/><U15/><E15/><V121/><F121/><W23/><G33/><T102/><D0/><U25/><E35/><V37/><F37/><W74/><G74/><N who="0" m="43319" /><D83/><N who="1" m="47359" /><E1/><V96/><F8/><W36/><G36/><T103/><D103/><N who="1" m="60847" /><E2/><V131/><F131/><W112/><G118/><T124/><D78/><U17/><E17/><V125/><F75/><W52/><G112/><T104/><D104/><U116/><E116/><V48/><F72/><W32/><G32/><T109/><D109/><U18/><E18/><V4/><F113/><W13/><G13/><T58/><D124/><U56/><AGARI ba="0,0" hai="24,25,51,53,56,80,87,91" m="60847,47359" machi="56" ten="30,4000,0" yaku="8,1,52,2" doraHai="22" who="1" fromWho="1" sc="162,-10,250,40,289,-20,299,-10" /><INIT seed="3,0,0,5,4,10" ten="152,290,269,289" oya="3" hai0="107,55,52,60,83,127,79,96,124,115,45,72,34" hai1="71,104,90,66,73,118,26,126,135,21,28,112,63" hai2="100,2,92,11,80,35,3,88,33,59,129,85,20" hai3="132,119,133,57,39,56,22,114,58,5,19,125,37"/><W54/><G119/><T15/><D34/><U6/><E112/><V64/><F129/><W86/><G114/><T99/><D115/><U49/><E118/><V77/><F100/><W75/><G75/><T61/><D55/><U95/><E135/><N who="3" m="51786" /><G5/><T25/><D25/><U14/><E126/><N who="0" m="48169" /><D107/><U65/><E104/><V42/><F42/><W38/><G125/><T41/><D15/><U93/><E73/><V27/><F33/><W87/><G54/><T30/><D30/><U50/><E66/><V120/><F35/><W78/><G78/><T84/><D72/><U23/><E95/><V113/><F120/><W122/><G122/><T47/><D60/><U131/><E131/><V13/><F64/><W94/><G94/><T40/><D40/><U4/><E4/><V103/><F113/><W111/><G111/><T130/><D130/><U70/><E70/><V89/><F3/><W32/><G32/><T18/><D18/><U123/><E123/><V105/><F2/><W74/><G74/><T31/><D31/><U116/><E116/><V117/><F117/><W8/><G8/><T7/><D7/><U102/><E6/><N who="2" m="3319" /><F105/><W101/><G101/><T62/><D45/><U53/><E102/><V108/><F108/><W44/><G44/><T110/><D110/><U0/><E53/><V17/><F59/><W98/><G98/><AGARI ba="0,0" hai="17,20,27,77,80,85,88,89,92,98,103" m="3319" machi="98" ten="30,3900,0" yaku="8,1,52,1,54,1" doraHai="10" who="2" fromWho="3" sc="152,0,290,0,269,39,289,-39" owari="152,-34.8,290,9.0,308,40.8,250,-15.0" /></mjloggm>