<mjloggm ver="2.3"><GO type="225" lobby="0"/><UN n0="%E6%80%AA%E3%81%97%E3%81%99%E3%81%8E%E3%82%8B%E3%83%81%E3%83%BC" n1="%E7%AD%89%E3%80%85%E5%8A%9B%E5%8A%87%E5%A0%B4" n2="%4B%2E%32%2E%4B%2E" n3="%E9%B3%B3%E6%9D%B1%E3%81%AE%E3%81%86%E3%81%95%E3%81%8E%E3%81%95%E3%82%93" dan="16,16,16,17" rate="2115.99,2133.84,2078.86,2264.36" sx="M,M,M,M"/><TAIKYOKU oya="0"/><INIT seed="0,0,0,4,5,3" ten="250,250,250,250" oya="0" hai0="26,111,41,49,10,55,45,19,11,14,34,50,106" hai1="98,51,30,130,68,33,96,84,83,110,81,6,122" hai2="48,54,70,116,119,97,105,57,0,127,115,91,59" hai3="86,17,94,118,60,103,79,65,134,74,82,126,44"/><T107/><D111/><U73/><E68/><V133/><F0/><W101/><G118/><N who="2" m="45097" /><F105/><W42/><G134/><T52/><D11/><U123/><E33/><V85/><F133/><W77/><G126/><T43/><D106/><U114/><E30/><V113/><F127/><W18/><G77/><T64/><D64/><U38/><E38/><V9/><F70/><W69/><G74/><T12/><D12/><U1/><E130/><V62/><F9/><W129/><G129/><T99/><D34/><U88/><E110/><V40/><F97/><W71/><G71/><T112/><D112/><U53/><E114/><V72/><F72/><W4/><G4/><N who="0" m="3399" /><D99/><U117/><E98/><V125/><F125/><W35/><G35/><T67/><D67/><U109/><E96/><V89/><F115/><W56/><G69/><T92/><D92/><U104/><E104/><V128/><F128/><W13/><G94/><T25/><D107/><U37/><E117/><V36/><F85/><W63/><G17/><T16/><D19/><U27/><E6/><V102/><F102/><W95/><G95/><T78/><D78/><U15/><E84/><V23/><F23/><W61/><G103/><T7/><D7/><U121/><E73/><V76/><F76/><W47/><G101/><T131/><D131/><U75/><E75/><V66/><F113/><W90/><G79/><T8/><D8/><U2/><E123/><V32/><F32/><W87/><G87/><T24/><D16/><U58/><E122/><V100/><F100/><W22/><G42/><T28/><D28/><U120/><E121/><RYUUKYOKU ba="0,0" sc="250,10,250,-30,250,10,250,10" hai0="24,25,26,41,43,45,49,50,52,55" hai2="36,40,48,54,57,59,62,66,89,91" hai3="13,18,22,44,47,56,60,61,63,65,82,86,90" /><INIT seed="0,1,0,4,0,94" ten="260,220,260,260" oya="0" hai0="36,15,130,81,123,121,14,39,47,85,71,128,50" hai1="2,69,40,24,20,102,19,1,57,38,0,5,75" hai2="16,92,31,95,59,63,129,88,46,125,99,8,56" hai3="42,52,43,77,107,12,97,90,45,133,127,64,44"/><T60/><D60/><U104/><E69/><V32/><F125/><W111/><G127/><T9/><D71/><U10/><E75/><V6/><F129/><N who="0" m="49770" /><D36/><U135/><E135/><V101/><F46/><W76/><G64/><T70/><D70/><U119/><E119/><V93/><F63/><W131/><G133/><T67/><D67/><U120/><E120/><N who="0" m="46153" /><D39/><U103/><E103/><V49/><F49/><W83/><G131/><T110/><D9/><U7/><E57/><N who="2" m="22091" /><F6/><W100/><G44/><T87/><D110/><U134/><E134/><V112/><F112/><W37/><G111/><T25/><D25/><U68/><E68/><V105/><F105/><W26/><G26/><T98/><D98/><U116/><E24/><V80/><F32/><W108/><G107/><T18/><D18/><U27/><E19/><V17/><F31/><W65/><G108/><T118/><D118/><U51/><E116/><V126/><F126/><W33/><G45/><T82/><D82/><U34/><E104/><V48/><F48/><W109/><G83/><T3/><D3/><U61/><E0/><V132/><F132/><W21/><G37/><T91/><D87/><U86/><E86/><N who="2" m="50247" /><F17/><W79/><G109/><T89/><D91/><U22/><E51/><V113/><F113/><W54/><G90/><T4/><D4/><U11/><E61/><V55/><F55/><AGARI ba="1,0" hai="14,15,47,50,55,81,85,89" m="46153,49770" machi="55" ten="30,1500,0" yaku="19,1" doraHai="94" who="0" fromWho="2" sc="260,18,220,0,260,-18,260,0" /><INIT seed="0,2,0,0,2,112" ten="278,220,242,260" oya="0" hai0="103,61,132,127,47,126,130,120,19,42,93,18,125" hai1="117,63,13,115,6,91,67,44,90,51,96,64,36" hai2="60,41,110,34,79,40,83,38,133,69,3,81,25" hai3="12,22,2,119,134,116,31,113,102,29,8,68,35"/><T52/><D120/><U14/><E36/><V4/><F110/><W135/><G68/><T7/><D130/><U94/><E115/><V39/><F133/><N who="3" m="50699" /><G113/><T48/><D132/><U17/><E117/><N who="3" m="45130" /><G35/><T9/><D61/><U82/><E6/><V77/><F41/><W11/><G102/><T107/><D107/><U92/><E82/><V87/><F40/><W72/><G72/><T128/><D42/><U37/><E37/><V43/><F43/><W100/><G100/><T129/><D128/><U104/><E104/><V23/><F34/><W56/><G56/><T105/><D105/><U15/><E17/><V76/><F76/><W57/><G57/><T70/><D70/><U30/><E30/><N who="3" m="11274" /><G2/><N who="0" m="247" /><D129/><U54/><E63/><V88/><F39/><W50/><G50/><T124/><N who="0" m="31744" /><DORA hai="27" /><T5/><D5/><U131/><REACH who="1" step="1"/><E131/><REACH who="1" ten="278,210,242,260" step="2"/><V28/><F38/><W74/><G74/><T75/><D75/><U111/><E111/><V109/><F109/><W33/><G33/><T24/><D24/><U80/><E80/><V71/><F60/><W45/><G45/><T97/><AGARI ba="2,1" hai="18,19,47,48,52,93,97,103" m="31744,247" machi="97" ten="60,6000,0" yaku="18,1,54,1" doraHai="112,27" who="0" fromWho="0" sc="278,76,210,-22,242,-22,260,-22" /><INIT seed="0,3,0,1,3,53" ten="354,188,220,238" oya="0" hai0="107,133,28,130,106,91,14,46,52,44,36,85,102" hai1="1,79,20,58,123,18,80,96,75,122,70,92,124" hai2="56,10,104,55,22,24,93,49,114,48,88,82,118" hai3="30,13,31,38,86,26,51,62,128,6,113,132,64"/><T108/><D133/><U12/><E70/><V116/><F114/><W61/><G113/><T2/><D130/><U98/><E1/><V59/><F104/><W15/><G38/><T127/><D2/><U126/><E98/><V50/><F82/><W103/><G128/><T90/><D127/><U3/><E3/><V94/><F94/><W19/><G103/><T43/><D108/><U71/><E71/><V72/><F72/><W77/><G132/><T65/><D65/><U109/><E109/><V63/><F10/><N who="3" m="4311" /><G26/><T4/><D28/><N who="3" m="10793" /><G64/><T121/><D102/><U29/><E29/><N who="2" m="17559" /><F118/><W112/><G51/><T34/><D121/><U89/><REACH who="1" step="1"/><E58/><REACH who="1" ten="354,178,220,238" step="2"/><N who="2" m="35295" /><F116/><W81/><G112/><T125/><D34/><U40/><E40/><V115/><F115/><W60/><G60/><T117/><D43/><U134/><E134/><V57/><F56/><W131/><G131/><T129/><D129/><U8/><E8/><AGARI ba="3,1" hai="8,15,19,61,62,77,81,86" m="10793,4311" machi="8" ten="30,1000,0" yaku="8,1" doraHai="53" who="3" fromWho="1" sc="354,0,178,-19,220,0,238,29" /><INIT seed="1,0,0,3,4,66" ten="354,159,220,267" oya="1" hai0="123,69,15,103,53,116,10,78,93,50,45,94,95" hai1="87,56,20,75,126,128,17,129,108,131,18,120,29" hai2="112,64,47,104,72,91,63,14,22,99,54,36,27" hai3="83,117,33,74,35,49,61,107,28,80,51,41,58"/><U1/><E75/><V25/><F72/><W77/><G107/><T24/><D69/><U38/><E38/><V43/><F112/><W13/><G117/><T111/><D116/><U106/><E106/><V8/><F54/><W65/><G28/><T101/><D111/><U81/><E120/><V32/><F22/><W130/><G130/><T71/><D71/><U98/><E1/><V122/><F122/><W37/><G83/><T21/><D78/><U9/><E98/><V7/><F32/><W105/><G105/><T11/><D123/><U109/><E9/><N who="0" m="3081" /><D15/><U0/><E0/><V39/><F39/><W48/><REACH who="3" step="1"/><G13/><REACH who="3" ten="354,159,220,257" step="2"/><T135/><D135/><U110/><E126/><V79/><F104/><W82/><G82/><T12/><D12/><U60/><E29/><AGARI ba="0,1" hai="21,24,29,45,50,53,93,94,95,101,103" m="3081" machi="29" ten="30,1000,0" yaku="8,1" doraHai="66" who="0" fromWho="1" sc="354,20,159,-10,220,0,257,0" /><INIT seed="2,0,0,4,1,16" ten="374,149,220,257" oya="2" hai0="17,10,41,50,107,111,31,120,131,100,29,91,96" hai1="18,47,135,7,58,61,4,70,122,27,132,119,117" hai2="3,108,40,49,121,48,66,54,87,56,36,125,19" hai3="81,82,124,88,8,38,6,5,63,28,101,80,62"/><V98/><F121/><W14/><G38/><T109/><D120/><U83/><E122/><V55/><F3/><W12/><G124/><T9/><D131/><U57/><E70/><V69/><F125/><W53/><G101/><T60/><D60/><N who="3" m="23081" /><G28/><N who="0" m="10827" /><D91/><U104/><E104/><V44/><F108/><N who="0" m="41546" /><D17/><U32/><E32/><V93/><F69/><W26/><G26/><T114/><D114/><U23/><E83/><V129/><F66/><W105/><G105/><T86/><D86/><U77/><E77/><V97/><F129/><W113/><G113/><T46/><AGARI ba="0,0" hai="9,10,41,46,50,96,100,107" m="41546,10827" machi="46" ten="30,1100,0" yaku="14,1" doraHai="16" who="0" fromWho="0" sc="374,11,149,-3,220,-5,257,-3" /><INIT seed="3,0,0,0,5,73" ten="385,146,215,254" oya="3" hai0="87,103,4,130,97,11,132,56,104,68,24,15,88" hai1="21,43,82,135,29,55,53,72,33,3,2,99,96" hai2="27,39,80,111,70,115,26,48,52,12,49,1,16" hai3="114,40,32,110,92,8,36,131,34,127,60,124,126"/><W23/><G114/><T20/><D68/><U17/><E135/><V93/><F1/><W120/><G120/><T83/><D132/><U7/><E43/><V0/><F0/><W112/><G112/><T31/><REACH who="0" step="1"/><D56/><REACH who="0" ten="375,146,215,254" step="2"/><U85/><E72/><V74/><F70/><W65/><G127/><T61/><D61/><U59/><E33/><V109/><F115/><W58/><G60/><T18/><D18/><U35/><E35/><V14/><F16/><W94/><G58/><T28/><D28/><U125/><E125/><V37/><F109/><W47/><G110/><T91/><D91/><U54/><E29/><V106/><F111/><W105/><G32/><T66/><D66/><U121/><E121/><V9/><F37/><W10/><G65/><T89/><D89/><U117/><E117/><V134/><F39/><W133/><G36/><T46/><D46/><U13/><E2/><V51/><F134/><W71/><G47/><T22/><D22/><U119/><E119/><V90/><F90/><W42/><G23/><T108/><D108/><U6/><E59/><V25/><F48/><W84/><G126/><T129/><AGARI ba="0,1" hai="4,11,15,20,24,31,83,87,88,97,103,104,129,130" machi="129" ten="30,4000,0" yaku="1,1,0,1,54,1,53,0" doraHai="73" doraHaiUra="75" who="0" fromWho="0" sc="375,50,146,-10,215,-10,254,-20" owari="425,52.5,136,-36.4,205,-19.5,234,3.4" /></mjloggm>