<mjloggm ver="2.3"><GO type="225" lobby="0"/><UN n0="%E3%81%B5%E3%81%98%E3%81%8B%E3%81%A4" n1="%E4%BA%BA%E9%96%93%E3%83%81%E3%83%A3%E3%83%BC%E3%83%8F%E3%83%B3" n2="%28%EF%BF%A3%E2%96%BD%EF%BF%A3%29%CE%B4%E2%8C%92%E3%83%BB" n3="%E9%B3%B3%E6%9D%B1%E3%81%AE%E3%81%BF%E3%81%91%E3%81%AB%E3%82%83%E3%82%93" dan="16,16,16,17" rate="2176.20,2063.61,2156.72,2153.69" sx="M,M,M,F"/><TAIKYOKU oya="0"/><INIT seed="0,0,0,2,3,13" ten="250,250,250,250" oya="0" hai0="124,56,26,99,134,106,51,57,17,38,8,59,10" hai1="77,42,135,83,103,1,41,86,73,54,45,81,55" hai2="4,30,126,31,64,131,132,33,34,93,12,98,0" hai3="53,21,89,6,36,61,72,14,108,90,47,107,68"/><T28/><D124/><U2/><E135/><V127/><F64/><W35/><G72/><T39/><D134/><U52/><E103/><V25/><F93/><W96/><G35/><T43/><D106/><U19/><E19/><V125/><F98/><W123/><G108/><T5/><D99/><U48/><REACH who="1" step="1"/><E42/><REACH who="1" ten="250,240,250,250" step="2"/><V46/><F132/><W116/><G107/><T112/><D17/><U87/><E87/><V62/><F127/><W7/><G7/><T79/><D5/><U128/><E128/><V44/><F131/><W22/><G6/><T27/><D112/><U58/><E58/><V15/><F126/><W104/><G104/><T101/><D101/><U70/><E70/><V75/><F4/><W66/><G68/><T82/><D43/><U95/><E95/><V130/><F125/><W109/><G96/><T85/><D28/><U11/><E11/><V37/><F31/><W71/><G71/><T97/><D97/><U60/><E60/><V92/><F62/><W63/><G61/><T129/><D129/><U32/><E32/><V78/><F34/><W100/><G63/><T114/><D114/><U23/><E23/><V29/><F33/><W74/><G21/><T84/><D59/><U80/><E80/><V88/><F130/><W67/><G22/><T18/><D82/><U76/><AGARI ba="0,1" hai="1,2,41,45,48,52,54,55,73,76,77,81,83,86" machi="76" ten="30,4000,0" yaku="1,1,0,1,54,1,53,0" doraHai="13" doraHaiUra="120" who="1" fromWho="1" sc="250,-20,240,50,250,-10,250,-10" /><INIT seed="1,0,0,5,3,134" ten="230,290,240,240" oya="1" hai0="49,101,88,70,50,67,64,29,110,115,78,119,80" hai1="8,97,32,40,121,128,45,7,133,6,16,66,19" hai2="86,17,25,20,117,114,23,135,127,130,21,90,27" hai3="73,107,53,5,35,13,72,123,75,36,113,76,46"/><U118/><E118/><V38/><F38/><W26/><G123/><T93/><D119/><U69/><E121/><V62/><F117/><W100/><G113/><T99/><D115/><U91/><E32/><V124/><F114/><W120/><G120/><T42/><D110/><U125/><E133/><V112/><F112/><W34/><G76/><T81/><D29/><U68/><E128/><V92/><F135/><W54/><G36/><T57/><D70/><U11/><E91/><V103/><F130/><W1/><G1/><T122/><D122/><U105/><E97/><V106/><F106/><W132/><G132/><T59/><D101/><U95/><E95/><V71/><F103/><W77/><G77/><T10/><D10/><U96/><E96/><V65/><REACH who="2" step="1"/><F23/><REACH who="2" ten="230,290,230,240" step="2"/><W87/><G100/><T9/><D78/><U15/><E105/><V116/><F116/><W55/><G107/><T4/><D67/><U126/><E66/><V39/><F39/><W56/><G35/><T33/><D33/><U74/><E8/><V43/><F43/><W41/><G41/><T61/><D42/><U12/><E40/><V0/><F0/><W82/><G34/><T108/><D108/><U28/><E11/><V52/><F52/><W48/><G46/><T98/><D9/><U102/><E45/><V3/><F3/><W30/><G56/><T2/><D57/><U63/><E102/><V79/><F79/><N who="3" m="46559" /><G48/><N who="0" m="18539" /><D2/><U37/><E69/><V14/><F14/><W51/><G51/><T22/><D22/><U85/><E68/><V44/><F44/><W47/><G47/><T31/><D4/><RYUUKYOKU ba="0,1" sc="230,-10,290,-10,230,30,240,-10" hai2="17,20,21,25,27,62,65,71,86,90,92,124,127" /><INIT seed="2,1,1,3,1,111" ten="220,280,260,230" oya="2" hai0="96,1,34,102,60,101,88,5,27,22,121,25,47" hai1="118,23,107,62,128,127,90,17,44,64,109,116,2" hai2="77,46,78,100,103,28,98,31,20,0,66,63,97" hai3="130,92,30,68,7,108,10,14,57,123,18,112,55"/><V65/><F0/><W52/><G123/><T48/><D121/><U94/><E107/><V12/><F46/><W132/><G68/><T86/><D1/><U71/><E2/><V29/><F12/><W129/><G108/><T4/><D34/><U49/><E109/><V135/><F20/><W119/><G119/><T58/><D27/><U54/><E127/><V67/><F63/><W32/><G132/><T104/><D102/><N who="2" m="38954" /><F135/><W114/><G92/><N who="0" m="58503" /><D60/><U124/><E128/><N who="3" m="49258" /><G7/><T126/><D104/><U133/><E124/><V38/><F38/><W24/><G55/><N who="0" m="30111" /><D58/><U39/><E39/><V16/><F16/><W84/><G84/><T72/><D72/><U80/><E80/><V61/><F61/><AGARI ba="1,1" hai="10,14,18,24,30,32,52,57,61,112,114" m="49258" machi="61" ten="30,7700,0" yaku="19,1,52,2,54,1" doraHai="111" who="3" fromWho="2" sc="220,0,280,0,260,-80,230,90" /><INIT seed="3,0,0,2,2,46" ten="220,280,180,320" oya="3" hai0="126,77,64,58,7,56,99,24,78,106,121,82,22" hai1="28,101,84,42,133,31,120,16,14,39,60,13,74" hai2="63,47,98,5,45,71,108,80,62,10,52,38,85" hai3="132,43,2,15,105,81,57,79,32,88,44,110,117"/><W68/><G68/><T35/><D121/><U100/><E74/><V65/><F108/><W36/><G2/><T131/><D126/><U66/><E120/><V76/><F38/><W111/><G105/><T112/><D112/><U96/><E133/><V130/><F130/><W97/><G32/><T4/><D131/><U48/><E39/><V128/><F128/><W55/><G15/><T23/><D106/><U135/><E84/><V69/><F98/><W73/><G132/><T51/><D35/><U89/><E89/><V19/><F19/><W119/><G88/><T33/><D23/><N who="1" m="11663" /><E14/><V129/><F129/><W61/><G97/><T75/><D78/><U30/><E96/><V94/><F94/><W125/><REACH who="3" step="1"/><G125/><REACH who="3" ten="220,280,180,310" step="2"/><T53/><D33/><U25/><E135/><V0/><REACH who="2" step="1"/><F52/><REACH who="2" ten="220,280,170,310" step="2"/><W50/><G50/><T109/><D99/><U18/><E48/><V114/><F114/><W49/><G49/><T67/><D109/><AGARI ba="0,2" hai="36,43,44,55,57,61,73,79,81,109,110,111,117,119" machi="109" ten="40,7700,0" yaku="1,1,14,1,10,1,53,0" doraHai="46" doraHaiUra="86" who="3" fromWho="0" sc="220,-77,280,0,170,0,310,97" owari="143,-35.7,280,8.0,170,-23.0,407,50.7" /></mjloggm>