<mjloggm ver="2.3"><GO type="225" lobby="0"/><UN n0="%E5%80%89%E6%A9%8B%EF%BC%A0%E4%BA%8B%E5%8B%99" n1="%43%68%65" n2="%E8%91%89%E5%B1%B1%E9%99%BD%E5%92%8C" n3="%E6%80%AA%E3%81%97%E3%81%99%E3%81%8E%E3%82%8B%E3%83%81%E3%83%BC" dan="16,16,16,16" rate="2081.20,2124.39,2095.48,2139.49" sx="M,M,M,M"/><TAIKYOKU oya="0"/><INIT seed="0,0,0,4,0,88" ten="250,250,250,250" oya="0" hai0="27,116,113,108,29,39,41,35,95,63,109,125,91" hai1="128,117,124,120,105,7,123,135,57,65,20,49,14" hai2="102,22,42,126,134,19,13,118,46,78,80,101,47" hai3="53,38,68,94,129,3,66,10,130,28,127,70,30"/><T25/><D113/><U54/><E117/><V83/><F118/><W81/><G127/><T74/><D116/><U99/><E124/><V110/><F126/><W92/><G38/><T44/><D125/><U67/><E128/><N who="3" m="49258" /><G53/><T93/><D74/><U36/><E36/><V89/><F110/><N who="0" m="42602" /><D91/><U21/><E135/><V31/><F31/><N who="3" m="11819" /><G81/><T84/><D84/><U5/><E120/><V121/><F121/><W60/><G68/><T18/><D63/><U107/><E123/><V77/><F134/><W52/><G52/><T79/><D79/><U2/><E54/><V58/><F78/><W97/><G97/><T17/><D25/><U103/><E99/><V6/><F77/><W76/><G76/><T75/><D75/><U112/><E112/><V34/><F83/><W82/><G82/><T133/><D133/><U1/><E67/><V37/><F80/><W96/><G96/><T122/><D122/><U45/><E65/><V111/><F111/><W43/><G43/><T100/><D100/><U9/><E103/><V119/><F101/><W132/><G132/><T72/><D72/><U104/><E104/><V12/><F102/><W0/><G10/><T69/><D69/><U73/><E73/><V90/><F119/><W11/><G11/><T87/><D87/><U106/><E9/><N who="2" m="4151" /><F90/><W55/><G55/><T50/><D39/><U114/><E106/><V24/><F89/><W15/><G15/><T62/><D62/><U98/><E107/><V33/><F13/><W131/><G131/><T23/><D35/><N who="2" m="13322" /><F58/><W26/><G26/><T56/><D56/><U32/><E57/><RYUUKYOKU ba="0,0" sc="250,10,250,-30,250,10,250,10" hai0="17,18,23,27,29,41,44,50,93,95" hai2="19,22,24,37,42,46,47" hai3="0,3,60,66,70,92,94" /><INIT seed="0,1,0,3,0,89" ten="260,220,260,260" oya="0" hai0="126,34,107,129,127,121,82,62,65,97,77,105,117" hai1="38,133,72,109,0,69,16,1,36,79,22,9,20" hai2="103,85,43,102,64,56,25,120,122,49,76,84,12" hai3="111,15,52,23,78,37,61,42,5,60,58,66,74"/><T47/><D117/><U101/><E69/><V83/><F120/><W104/><G104/><T59/><D121/><U13/><E101/><V39/><F122/><W118/><G118/><T87/><D34/><U125/><E109/><V11/><F39/><W33/><G111/><T2/><D2/><U110/><E110/><V128/><F128/><W75/><G33/><T21/><D129/><U113/><E1/><V135/><F135/><W31/><G78/><T124/><D97/><U119/><E119/><V35/><F84/><W67/><G42/><T116/><D116/><U63/><E133/><V46/><F25/><W51/><G37/><T81/><D47/><U112/><E125/><V55/><F64/><N who="3" m="24619" /><G75/><T53/><D21/><N who="1" m="8299" /><E63/><N who="2" m="36255" /><F35/><W130/><G74/><T40/><D40/><U131/><E0/><V27/><F27/><N who="3" m="16895" /><G130/><T114/><D114/><N who="1" m="44139" /><E131/><V29/><F29/><W6/><G6/><AGARI ba="1,0" hai="6,11,12,43,46,49,76,83,85,102,103" m="36255" machi="6" ten="30,2000,0" yaku="25,1,8,1" doraHai="89" who="2" fromWho="3" sc="260,0,220,0,260,23,260,-23" /><INIT seed="1,0,0,3,3,134" ten="260,220,283,237" oya="1" hai0="18,9,16,30,102,17,108,127,130,73,24,10,100" hai1="63,84,120,69,48,125,118,55,122,64,124,88,98" hai2="92,104,31,33,97,34,8,50,38,39,47,49,128" hai3="57,37,123,62,40,13,117,89,99,44,115,53,19"/><U131/><E118/><V58/><F104/><W80/><G115/><T133/><D73/><U1/><E1/><V21/><F128/><W121/><G117/><T94/><D133/><U87/><E131/><V77/><F77/><W101/><G89/><T2/><D130/><U95/><E87/><V105/><F105/><W90/><G90/><T75/><D75/><U81/><E55/><N who="2" m="32111" /><F8/><W32/><G80/><T36/><D36/><U66/><E66/><V71/><F71/><W0/><G32/><T78/><D78/><N who="1" m="46135" /><E48/><V107/><F107/><W7/><G7/><T26/><D108/><U83/><E83/><V132/><F132/><W119/><G0/><T126/><D26/><U29/><E29/><V4/><F4/><W74/><G74/><T25/><D18/><U103/><E103/><N who="2" m="60839" /><F39/><W5/><G5/><T14/><D2/><U135/><E135/><V111/><F111/><W116/><G119/><T6/><D6/><U110/><E110/><V59/><F38/><W93/><REACH who="3" step="1"/><G116/><REACH who="3" ten="260,220,283,227" step="2"/><T86/><D86/><U46/><E46/><V67/><F47/><W70/><G70/><T79/><D79/><U11/><E11/><AGARI ba="0,1" hai="11,13,19,37,40,44,53,57,62,93,99,101,121,123" machi="11" ten="30,2000,0" yaku="1,1,7,1,53,0" doraHai="134" doraHaiUra="76" who="3" fromWho="1" sc="260,0,220,-20,283,0,227,30" /><INIT seed="2,0,0,5,0,129" ten="260,200,283,257" oya="2" hai0="93,41,44,23,53,47,116,19,22,86,108,71,94" hai1="11,119,97,14,115,60,105,45,122,73,95,17,3" hai2="90,20,64,110,63,27,33,72,37,62,113,0,39" hai3="52,40,123,2,88,1,16,114,56,102,91,35,74"/><V103/><F113/><W76/><G123/><T104/><D104/><U18/><E115/><V54/><F0/><W127/><G114/><T55/><D71/><U29/><E119/><V99/><F72/><W100/><G35/><T69/><D69/><U112/><E112/><V34/><F110/><W126/><G40/><T125/><D116/><U36/><E105/><V120/><F120/><W84/><G74/><T30/><D108/><U12/><E3/><N who="3" m="1034" /><G16/><T13/><D125/><N who="3" m="47625" /><G76/><T89/><D93/><U101/><E73/><V6/><F34/><W10/><G10/><T83/><D94/><U132/><E122/><V118/><F33/><W26/><G26/><N who="0" m="16727" /><D41/><U42/><E29/><V32/><F32/><W24/><G24/><T80/><D80/><U31/><E31/><V61/><F27/><W81/><G91/><T51/><D55/><U59/><E14/><V121/><F54/><W106/><G106/><T130/><D130/><U111/><E111/><V57/><F90/><W79/><G79/><T48/><D53/><U58/><E18/><V107/><F121/><W87/><G87/><T133/><D86/><U25/><E25/><V9/><F118/><W128/><G128/><T92/><D89/><U21/><E11/><V38/><F20/><W43/><G43/><T78/><D78/><U77/><E77/><V67/><F9/><W135/><G135/><T4/><D133/><U8/><E132/><V98/><F6/><W124/><N who="3" m="47633" /><W28/><DORA hai="131" /><G28/><T46/><D4/><U109/><E109/><V82/><F107/><W134/><G134/><T75/><D92/><RYUUKYOKU ba="0,0" sc="260,15,200,-15,283,-15,257,15" hai0="13,19,23,44,46,47,48,51,75,83" hai3="52,56,81,84,88,100,102" /><INIT seed="3,1,0,1,5,14" ten="275,185,268,272" oya="3" hai0="72,31,107,63,95,103,49,84,70,131,68,61,24" hai1="117,8,89,38,50,23,91,45,119,93,43,126,41" hai2="60,15,37,94,55,132,35,133,77,129,83,13,5" hai3="56,78,59,62,18,115,88,66,118,74,2,57,0"/><W104/><G115/><T6/><D72/><U58/><E126/><V34/><F37/><W113/><G113/><T65/><D131/><U100/><E8/><V26/><F129/><W1/><G118/><N who="1" m="45066" /><E100/><V127/><F94/><W110/><G104/><T108/><D108/><U99/><E58/><V125/><F60/><W135/><G110/><T105/><D6/><U53/><E38/><V111/><F55/><W112/><G112/><T29/><D49/><U123/><E123/><V47/><F47/><W80/><G135/><N who="2" m="51785" /><F111/><W51/><G51/><T75/><D75/><U71/><E71/><V3/><F3/><W9/><REACH who="3" step="1"/><G88/><REACH who="3" ten="275,185,268,262" step="2"/><T36/><D36/><U90/><E90/><V116/><F116/><W73/><G73/><T134/><D134/><U86/><E23/><V81/><F127/><W16/><G16/><T30/><D107/><U17/><E17/><V101/><F125/><W67/><G67/><N who="0" m="41071" /><D105/><U52/><E43/><V48/><F48/><W130/><G130/><T96/><D84/><U28/><E28/><V39/><F39/><W85/><G85/><T128/><D128/><U42/><E42/><V32/><F32/><W19/><G19/><T120/><D120/><U82/><AGARI ba="1,1" hai="41,45,50,52,53,82,86,89,91,93,99" m="45066" machi="82" ten="30,2000,0" yaku="12,1,54,1" doraHai="14" who="1" fromWho="1" sc="275,-6,185,33,268,-6,262,-11" /><INIT seed="4,0,0,5,4,19" ten="269,218,262,251" oya="0" hai0="43,82,72,27,132,57,12,81,47,94,105,122,114" hai1="118,96,99,78,64,36,135,24,13,18,35,59,129" hai2="17,45,5,123,58,50,109,10,80,131,121,7,16" hai3="68,112,133,28,83,104,21,52,60,46,37,116,97"/><T124/><D105/><U128/><E118/><V75/><F109/><W32/><G116/><T74/><D122/><U14/><E36/><V39/><F131/><N who="1" m="50249" /><E78/><N who="2" m="44127" /><F7/><W95/><G133/><T34/><D94/><U40/><E135/><V55/><F121/><W100/><G112/><T70/><D70/><U15/><E40/><N who="2" m="22687" /><F123/><W48/><G37/><T88/><D12/><N who="1" m="4715" /><E64/><V126/><F126/><W33/><G104/><T79/><D132/><U76/><E76/><V44/><F44/><W115/><G115/><T85/><D114/><U73/><E59/><V127/><F127/><W90/><G83/><T71/><D71/><U103/><E73/><V29/><F29/><W54/><G90/><T65/><D124/><U66/><E66/><V63/><F63/><W53/><G68/><T93/><D65/><U98/><E24/><V102/><F102/><W91/><G100/><T106/><D57/><U89/><E89/><V86/><F58/><W119/><G60/><T20/><D106/><N who="1" m="63847" /><E35/><V77/><F77/><W26/><REACH who="3" step="1"/><G119/><REACH who="3" ten="269,218,262,241" step="2"/><T1/><D74/><U6/><E6/><V134/><F134/><W11/><G11/><AGARI ba="0,1" hai="11,15,18,98,99" m="63847,4715,50249" machi="11" ten="30,1000,0" yaku="19,1" doraHai="19" who="1" fromWho="3" sc="269,0,218,20,262,0,241,-10" /><INIT seed="5,0,0,4,4,8" ten="269,238,262,231" oya="1" hai0="125,112,49,86,60,65,71,16,120,90,78,47,23" hai1="84,20,121,132,72,48,73,80,70,28,131,62,44" hai2="31,99,32,29,55,24,124,129,96,74,91,0,18" hai3="14,105,92,52,69,113,108,15,81,111,123,25,133"/><U64/><E121/><V106/><F124/><W43/><G105/><T26/><D125/><U7/><E131/><V57/><F129/><W107/><G107/><T36/><D112/><U5/><E132/><V98/><F0/><W50/><G123/><T128/><D128/><U89/><E28/><V102/><F74/><W34/><G69/><T4/><D120/><U76/><E20/><V19/><F31/><W54/><G113/><T97/><D4/><U79/><E73/><V42/><F42/><W103/><G133/><T17/><D36/><U13/><E76/><V101/><F91/><W35/><G81/><T100/><D78/><U88/><E72/><V63/><REACH who="2" step="1"/><F96/><REACH who="2" ten="269,238,252,231" step="2"/><W12/><G108/><T3/><D3/><U38/><E38/><V114/><F114/><W11/><G111/><T1/><D1/><U45/><E89/><V21/><F21/><W122/><G43/><T46/><D97/><U33/><E33/><V83/><F83/><W51/><G122/><T58/><D100/><U127/><E127/><V117/><F117/><W134/><G134/><T104/><D90/><U61/><E79/><V30/><F30/><N who="3" m="19791" /><G35/><T135/><D135/><U94/><E80/><V2/><F2/><W59/><G11/><T9/><D9/><U66/><E88/><V118/><F118/><W10/><G10/><T77/><D77/><U37/><E7/><V27/><F27/><W87/><G103/><T22/><D86/><U75/><E75/><V68/><F68/><W6/><G6/><T93/><D71/><U39/><E5/><V41/><F41/><W116/><G116/><RYUUKYOKU ba="0,1" sc="269,-10,238,-10,252,30,231,-10" hai2="18,19,24,29,32,55,57,63,98,99,101,102,106" /><INIT seed="6,1,1,0,0,57" ten="259,228,282,221" oya="2" hai0="104,51,94,134,122,109,89,24,32,78,79,27,12" hai1="59,132,95,114,16,62,29,40,72,113,26,20,36" hai2="42,101,44,55,135,66,67,116,83,58,64,65,119" hai3="38,110,128,31,28,21,43,120,97,98,54,34,118"/><V35/><F35/><W106/><G110/><T93/><D104/><U53/><E72/><V61/><F101/><W49/><G118/><N who="2" m="45097" /><F83/><W115/><G120/><T105/><D105/><U86/><E132/><V75/><F75/><W37/><G34/><T63/><D109/><U4/><E4/><V71/><F135/><W56/><G128/><T47/><D134/><U99/><E86/><V80/><F80/><W129/><G129/><T30/><D122/><U33/><E40/><V70/><N who="2" m="16384" /><DORA hai="46" /><V90/><F90/><W107/><G43/><T48/><D27/><U73/><E73/><V7/><F7/><W11/><G11/><T121/><D121/><U6/><E36/><AGARI ba="1,1" hai="36,42,44,55,58,61,70,71" m="16384,45097" machi="36" ten="40,7700,0" yaku="34,2,52,1" doraHai="57,46" who="2" fromWho="1" sc="259,0,228,-80,282,90,221,0" owari="259,5.9,148,-35.2,372,47.2,221,-17.9" /></mjloggm>