<mjloggm ver="2.3"><GO type="225" lobby="0"/><UN n0="%43%68%65" n1="%E3%81%B2%E3%81%AA%E3%81%AE%E3%82%8A%E3%81%8F" n2="%31%50%E3%81%9F%E3%81%9D" n3="%E3%81%BE%E3%81%A8%E3%81%9F" dan="16,17,16,16" rate="2169.36,2183.13,2143.10,2164.94" sx="M,M,F,M"/><TAIKYOKU oya="0"/><INIT seed="0,0,0,0,2,44" ten="250,250,250,250" oya="0" hai0="64,84,30,15,56,62,107,14,102,9,82,68,51" hai1="33,131,65,108,119,66,121,120,92,38,8,7,58" hai2="130,77,67,26,89,0,94,122,27,113,127,5,76" hai3="6,135,12,97,123,114,3,23,115,53,101,49,28"/><T61/><D30/><U17/><E33/><V40/><F113/><W86/><G123/><T90/><D107/><U111/><E119/><V48/><F122/><W93/><G135/><T74/><D102/><U99/><E38/><V46/><F127/><W126/><G126/><T43/><D74/><U18/><E131/><V63/><F130/><W78/><G3/><T55/><REACH who="0" step="1"/><D9/><REACH who="0" ten="240,250,250,250" step="2"/><U98/><E8/><V41/><F0/><W16/><G114/><T2/><D2/><U69/><E121/><V129/><F129/><W60/><G115/><T124/><D124/><U88/><E120/><V106/><F106/><W54/><G28/><T50/><D50/><U34/><E34/><V37/><F37/><W32/><G49/><T75/><D75/><U13/><E111/><V47/><F5/><W35/><G32/><T57/><D57/><U85/><E58/><N who="2" m="37367" /><F46/><AGARI ba="0,1" hai="14,15,43,46,51,55,56,61,62,64,68,82,84,90" machi="46" ten="40,7700,0" yaku="1,1,52,1,53,1" doraHai="44" doraHaiUra="87" who="0" fromWho="2" sc="240,87,250,0,250,-77,250,0" /><INIT seed="0,1,0,2,0,79" ten="327,250,173,250" oya="0" hai0="3,128,25,118,102,52,18,54,37,113,62,125,101" hai1="117,61,74,29,100,123,36,7,63,0,32,71,77" hai2="126,91,76,39,10,89,119,122,80,93,14,87,103" hai3="112,98,22,115,23,94,90,81,114,43,55,69,16"/><T64/><D113/><U78/><E100/><V33/><F33/><W86/><G69/><T131/><D118/><U97/><E97/><V104/><F39/><W2/><G2/><T26/><D37/><U27/><E36/><V20/><F122/><W53/><G43/><T107/><D3/><U1/><E71/><V130/><F119/><W42/><G42/><T11/><D125/><U83/><E123/><V132/><F126/><W85/><G85/><T96/><D102/><U68/><E117/><V41/><F41/><W8/><G8/><T70/><D11/><U92/><E92/><V5/><F132/><W109/><G109/><T75/><D75/><U133/><E133/><V95/><F130/><N who="0" m="49706" /><D18/><U24/><E74/><V9/><F103/><W116/><G116/><T6/><D6/><U13/><E68/><V127/><F104/><W108/><G108/><T12/><D12/><U65/><E13/><V46/><F127/><W40/><G40/><T35/><D26/><U34/><E7/><V59/><F10/><W38/><G38/><T110/><D110/><U45/><E45/><V121/><F46/><W4/><G4/><T111/><D111/><U17/><E17/><V84/><F121/><W47/><G16/><T105/><D107/><U73/><E73/><V56/><REACH who="2" step="1"/><F20/><REACH who="2" ten="327,250,163,250" step="2"/><N who="3" m="7723" /><G47/><T88/><D35/><U124/><E34/><V28/><F28/><W57/><G115/><T120/><D120/><U129/><E32/><V106/><F106/><W134/><G134/><T21/><D105/><U72/><E124/><V66/><F66/><W30/><G114/><T51/><D101/><RYUUKYOKU ba="1,1" sc="327,-10,250,-10,163,30,250,-10" hai2="5,9,14,56,59,76,80,84,87,89,91,93,95" /><INIT seed="1,2,1,4,1,51" ten="317,240,193,240" oya="1" hai0="131,39,92,76,20,98,107,114,68,53,36,41,47" hai1="45,1,37,29,49,85,35,89,113,64,88,24,34" hai2="80,120,38,54,82,4,65,94,106,125,78,83,2" hai3="5,18,129,79,115,119,102,130,7,10,132,87,61"/><U96/><E113/><V69/><F120/><W104/><G115/><T75/><D114/><U59/><E1/><V71/><F106/><W67/><G119/><T40/><D107/><U56/><E37/><V84/><F38/><W86/><G132/><T63/><D131/><N who="3" m="50185" /><G79/><T127/><D127/><U9/><E35/><V11/><F125/><W48/><G48/><T31/><D76/><U66/><E9/><V110/><F110/><W123/><G18/><T14/><D75/><U118/><E118/><V6/><F6/><N who="3" m="2059" /><G10/><T0/><D0/><U112/><E112/><V43/><F43/><W15/><G15/><T90/><D41/><U97/><E66/><V105/><F105/><W73/><G73/><T22/><D14/><U116/><E116/><V117/><F65/><W12/><G12/><T3/><D3/><U8/><E8/><V16/><F117/><W32/><G32/><T70/><D39/><U57/><E64/><V95/><F78/><W62/><G123/><T44/><D31/><U50/><E50/><V93/><F84/><N who="3" m="32299" /><G67/><T26/><D36/><U42/><REACH who="1" step="1"/><E89/><REACH who="1" ten="317,230,193,240" step="2"/><V55/><REACH who="2" step="1"/><F16/><REACH who="2" ten="317,230,183,240" step="2"/><W52/><G104/><T108/><D108/><U111/><E111/><V28/><F28/><W121/><G121/><T91/><D70/><AGARI ba="2,3" hai="2,4,11,54,55,69,70,71,80,82,83,93,94,95" machi="70" ten="50,6400,0" yaku="1,1,52,2,53,0" doraHai="51" doraHaiUra="128" who="2" fromWho="0" sc="317,-70,230,0,183,100,240,0" /><INIT seed="2,0,0,5,4,124" ten="247,230,283,240" oya="2" hai0="57,44,0,121,114,107,16,74,13,132,81,98,50" hai1="109,61,43,60,4,110,15,105,72,59,92,63,126" hai2="95,48,106,27,35,66,6,116,30,68,28,117,36" hai3="102,83,22,19,119,111,70,80,94,108,31,2,25"/><V49/><F36/><W23/><G119/><T51/><D0/><U1/><E105/><V104/><F6/><W77/><G70/><T97/><D114/><U14/><E126/><V41/><F41/><W11/><G2/><T89/><D121/><U47/><E72/><V18/><F95/><W75/><G11/><T8/><D132/><U7/><E59/><V120/><F66/><W99/><REACH who="3" step="1"/><G83/><REACH who="3" ten="247,230,283,230" step="2"/><T40/><D8/><U133/><E1/><V88/><F68/><W9/><G9/><T12/><D81/><U39/><E110/><V127/><F116/><W21/><G21/><T62/><D74/><U3/><E109/><V32/><F117/><W86/><G86/><T135/><D135/><U84/><E3/><V125/><F125/><W91/><G91/><T100/><D89/><U55/><E133/><V58/><F88/><W93/><G93/><T87/><D87/><U101/><E84/><V10/><F10/><W131/><G131/><T64/><D107/><U65/><E92/><V26/><F127/><W69/><G69/><T113/><D113/><U122/><E4/><V33/><F106/><W34/><G34/><T24/><D97/><U130/><E7/><V56/><F33/><W115/><G115/><T42/><D98/><U37/><E130/><V73/><F104/><W38/><G38/><T54/><D100/><U128/><E128/><V29/><F73/><W123/><G123/><T52/><D24/><AGARI ba="0,1" hai="19,22,23,24,25,31,75,77,80,94,99,102,108,111" machi="24" ten="40,1300,0" yaku="1,1,53,0" doraHai="124" doraHaiUra="46" who="3" fromWho="0" sc="247,-13,230,0,283,0,230,23" /><INIT seed="3,0,0,0,3,96" ten="234,230,283,253" oya="3" hai0="58,95,50,127,88,60,72,134,65,53,54,37,68" hai1="87,119,85,55,101,106,86,109,10,105,115,135,94" hai2="20,89,77,97,71,38,125,29,45,18,40,0,33" hai3="56,32,78,82,103,92,123,110,25,67,118,22,42"/><W124/><G118/><T113/><D37/><U70/><E70/><V61/><F0/><W15/><G123/><T19/><D72/><U6/><E119/><V3/><F3/><W75/><G32/><T129/><D127/><U83/><E115/><V79/><F125/><W116/><G116/><T8/><D113/><U121/><E121/><V49/><F29/><W9/><G42/><T98/><D129/><U64/><E64/><V59/><F33/><W57/><G124/><T108/><D108/><U14/><E109/><V132/><F132/><W69/><G69/><T31/><D31/><U128/><E128/><V51/><F38/><W111/><G67/><T122/><D134/><U120/><E120/><V80/><F49/><W23/><G23/><T28/><D28/><U73/><E135/><V39/><F39/><W112/><G112/><T74/><D74/><U66/><E66/><V100/><F89/><W131/><G131/><T1/><D122/><U130/><E130/><V62/><F80/><W5/><G111/><T107/><D107/><U76/><REACH who="1" step="1"/><E55/><REACH who="1" ten="234,220,283,253" step="2"/><N who="2" m="34047" /><F71/><W93/><G110/><T99/><D54/><U2/><E2/><V35/><F35/><W7/><G75/><T43/><D1/><U4/><E4/><V34/><F34/><W16/><G5/><T26/><D43/><U12/><E12/><N who="2" m="9287" /><F62/><W30/><G7/><T84/><D26/><U11/><E11/><V91/><F40/><W21/><G9/><T17/><D8/><U13/><E13/><V41/><F41/><W126/><G126/><T36/><D36/><U81/><E81/><V90/><F51/><RYUUKYOKU ba="0,1" sc="234,15,220,15,283,-15,253,-15" hai0="17,19,50,53,58,60,65,68,84,88,95,98,99" hai1="6,10,14,73,76,83,85,86,87,94,101,105,106" /><INIT seed="4,1,1,2,2,87" ten="249,235,268,238" oya="0" hai0="92,63,53,35,70,105,21,83,60,117,123,115,31" hai1="106,110,121,16,112,124,15,120,86,135,49,68,78" hai2="96,75,19,39,32,25,48,90,8,43,51,95,33" hai3="13,37,62,10,59,55,85,34,94,4,69,44,1"/><T45/><D105/><U6/><E110/><V11/><F75/><W131/><G69/><T27/><D117/><U3/><E68/><V42/><F39/><W66/><G34/><T122/><D115/><U91/><E106/><V113/><F113/><W65/><G131/><T7/><D83/><U38/><E38/><V130/><F130/><W84/><G1/><T125/><D125/><U0/><E112/><V72/><F72/><W109/><G109/><T9/><D35/><U52/><E78/><V129/><F129/><W88/><REACH who="3" step="1"/><G84/><REACH who="3" ten="249,235,268,228" step="2"/><T50/><D70/><U14/><E124/><V76/><F33/><W134/><G134/><T58/><D123/><U132/><E121/><V89/><F32/><W67/><G67/><T80/><D122/><U116/><E120/><V22/><F76/><W47/><G47/><T23/><D45/><N who="1" m="27695" /><E116/><V46/><F43/><AGARI ba="1,2" hai="4,10,13,37,43,44,55,59,62,65,66,85,88,94" machi="43" ten="40,8000,1" yaku="1,1,52,1,54,1,53,1" doraHai="87" doraHaiUra="36" who="3" fromWho="2" sc="249,0,235,0,268,-83,228,103" owari="249,4.9,235,-16.5,185,-31.5,331,43.1" /></mjloggm>