<mjloggm ver="2.3"><GO type="225" lobby="0"/><UN n0="%E7%82%8E%E3%83%8E%E6%9C%B1%E9%9B%80" n1="%E6%A1%9C%E8%8A%B1%E9%96%83%E3%80%85" n2="%6D%75%75%73%61%6E%6D%75" n3="%E3%81%A4%E3%81%A3%E3%81%B1%E3%82%8A%E3%83%9D%E3%83%BC%E3%83%AB" dan="16,16,16,17" rate="2158.05,2201.41,2128.34,2247.77" sx="M,M,F,M"/><TAIKYOKU oya="0"/><INIT seed="0,0,0,0,2,89" ten="250,250,250,250" oya="0" hai0="11,129,31,80,76,101,98,67,110,29,87,18,104" hai1="28,114,59,42,75,121,127,119,0,95,36,32,116" hai2="72,27,26,134,37,55,107,90,52,60,88,50,54" hai3="97,51,25,69,131,10,115,111,112,7,14,24,64"/><T23/><D129/><U48/><E28/><V126/><F37/><W9/><G131/><T122/><D122/><U34/><E95/><V47/><F107/><W63/><G111/><T5/><D110/><U130/><E59/><N who="2" m="34919" /><F72/><W74/><G74/><T132/><D67/><U21/><E21/><V120/><F120/><W92/><G51/><T94/><D132/><U30/><E30/><V62/><F126/><W124/><G124/><T56/><D56/><U96/><E96/><V22/><F134/><W113/><REACH who="3" step="1"/><G10/><REACH who="3" ten="250,250,250,240" step="2"/><T20/><D104/><U117/><E48/><N who="2" m="28959" /><F62/><W1/><G1/><T49/><D49/><U118/><E118/><V73/><F73/><W43/><G43/><T81/><D81/><U106/><E119/><V17/><F26/><W125/><G125/><T123/><D123/><U6/><E117/><V79/><F79/><W102/><AGARI ba="0,1" hai="7,9,14,24,25,63,64,69,92,97,102,112,113,115" machi="102" ten="30,4000,0" yaku="1,1,0,1,52,1,53,0" doraHai="89" doraHaiUra="19" who="3" fromWho="3" sc="250,-20,250,-10,250,-10,240,50" /><INIT seed="1,0,0,4,1,48" ten="230,240,240,290" oya="1" hai0="10,11,129,55,41,20,42,36,102,123,9,47,79" hai1="54,119,127,14,92,76,62,82,97,53,110,13,101" hai2="1,72,7,43,38,128,63,107,27,96,78,100,120" hai3="86,2,6,57,16,58,99,32,17,118,130,122,121"/><U80/><E119/><V59/><F120/><W44/><G32/><T132/><D123/><U68/><E127/><V23/><F128/><W84/><G2/><T66/><D129/><U24/><E110/><V65/><F72/><W34/><G6/><T90/><D132/><U103/><E68/><V134/><F78/><W73/><G34/><T56/><D79/><U89/><E24/><V131/><F134/><W46/><G99/><T39/><D102/><N who="1" m="38923" /><E62/><V70/><F131/><W51/><G130/><T30/><D66/><U19/><E13/><V4/><F1/><W3/><G51/><T40/><D90/><U112/><E112/><V74/><F74/><W15/><G15/><T50/><REACH who="0" step="1"/><D47/><REACH who="0" ten="220,240,240,290" step="2"/><U52/><E76/><V37/><F70/><W45/><G45/><T108/><D108/><U116/><E116/><V115/><F115/><W93/><G118/><T69/><D69/><U85/><E97/><V91/><F91/><W21/><G73/><T12/><D12/><U109/><E109/><V67/><F67/><W71/><G71/><T126/><D126/><U26/><E26/><AGARI ba="0,1" hai="9,10,11,20,26,30,36,39,40,41,42,50,55,56" machi="26" ten="40,2600,0" yaku="1,1,52,1,53,0" doraHai="48" doraHaiUra="125" who="0" fromWho="1" sc="220,36,240,-26,240,0,290,0" /><INIT seed="2,0,0,0,0,97" ten="256,214,240,290" oya="2" hai0="50,42,6,25,133,46,44,20,53,126,91,79,82" hai1="118,84,81,67,57,86,98,89,45,12,100,85,55" hai2="0,116,66,58,22,113,132,2,131,35,103,95,107" hai3="94,59,119,101,13,27,90,31,99,87,92,1,80"/><V19/><F113/><W33/><G119/><T29/><D126/><U54/><E118/><V128/><F116/><W135/><G135/><T64/><D133/><U60/><E12/><V9/><F132/><W78/><G1/><T48/><D64/><U52/><REACH who="1" step="1"/><E45/><REACH who="1" ten="256,204,240,290" step="2"/><V123/><F0/><W110/><G13/><T3/><D3/><U68/><E68/><V124/><F2/><W75/><G110/><T111/><D111/><U5/><E5/><V108/><F108/><W65/><G59/><T112/><D6/><U49/><E49/><V74/><F58/><W4/><G4/><T104/><D112/><U76/><E76/><V37/><F124/><W127/><G127/><T16/><D79/><U102/><E102/><V122/><F103/><W7/><G7/><T63/><D63/><U38/><E38/><V23/><F37/><W14/><G14/><T70/><D70/><U8/><E8/><V40/><F9/><W130/><G130/><T77/><D77/><U18/><E18/><V106/><F19/><W62/><G62/><T72/><D16/><U11/><E11/><V56/><F56/><W121/><G121/><T129/><D129/><U30/><E30/><V105/><F128/><W134/><G134/><T43/><D46/><U24/><E24/><V28/><F131/><W73/><G73/><T39/><D72/><U71/><E71/><V61/><F74/><W109/><G109/><T88/><D44/><U125/><E125/><V115/><F122/><W10/><G10/><T36/><D36/><U96/><E96/><V120/><F123/><W69/><G69/><RYUUKYOKU ba="0,1" sc="256,-15,204,15,240,-15,290,15" hai1="52,54,55,57,60,67,81,84,85,86,89,98,100" hai3="27,31,33,65,75,78,80,87,90,92,94,99,101" /><INIT seed="3,1,1,4,2,24" ten="241,219,225,305" oya="3" hai0="115,118,8,57,90,46,49,88,26,27,130,104,29" hai1="134,129,122,10,98,21,95,66,20,30,94,80,112" hai2="11,9,45,78,109,60,116,34,16,23,119,59,96" hai3="107,100,77,42,113,1,86,68,92,120,65,2,19"/><W70/><G113/><T53/><D118/><U114/><E122/><V101/><F34/><W22/><G120/><T50/><D115/><U73/><E114/><V31/><F78/><W102/><G107/><T125/><D104/><U35/><E112/><V40/><F109/><W135/><G135/><T87/><D130/><U121/><E121/><V124/><F124/><W47/><G2/><T44/><D125/><U108/><E108/><V41/><F116/><W83/><G1/><T32/><D8/><U126/><E126/><V72/><F72/><W84/><G65/><T76/><D26/><N who="1" m="18903" /><E129/><V128/><F31/><W91/><G70/><T63/><D76/><N who="1" m="44047" /><E66/><V33/><F33/><W38/><REACH who="3" step="1"/><G68/><REACH who="3" ten="241,219,225,295" step="2"/><T79/><D79/><U25/><E134/><V5/><F128/><W37/><G37/><T97/><D50/><U85/><E25/><AGARI ba="1,2" hai="19,22,25,38,42,47,77,83,84,86,91,92,100,102" machi="25" ten="30,2900,0" yaku="1,1,7,1,53,0" doraHai="24" doraHaiUra="0" who="3" fromWho="1" sc="241,0,219,-32,225,0,295,52" owari="241,4.1,187,-31.3,225,-17.5,347,44.7" /></mjloggm>