<mjloggm ver="2.3"><GO type="225" lobby="0"/><UN n0="%E3%81%82%E3%81%B9%E3%81%99%E3%81%91" n1="%E3%81%99%E3%81%84%E3%81%BE%E3%81%9B%E3%83%BC%E3%82%93" n2="%E3%81%82%E3%80%81%E8%B2%A0%E3%81%91%E3%81%BE%E3%81%97%E3%81%9F" n3="%6D%75%75%6D%75%72%61" dan="16,17,16,16" rate="2150.61,2250.95,2132.01,2074.15" sx="M,M,M,F"/><TAIKYOKU oya="0"/><INIT seed="0,0,0,5,3,123" ten="250,250,250,250" oya="0" hai0="68,102,70,135,114,103,0,131,97,84,112,128,96" hai1="107,54,4,28,25,30,26,116,133,3,80,82,11" hai2="69,35,27,117,71,19,65,41,36,86,101,39,50" hai3="110,13,132,120,111,130,134,100,38,81,18,8,85"/><T113/><D0/><U105/><E116/><V91/><F19/><W32/><G120/><T40/><D40/><U72/><E133/><N who="3" m="51306" /><G130/><N who="0" m="49707" /><D135/><U33/><E54/><V15/><F15/><W6/><G38/><T99/><D84/><U60/><E60/><V47/><F91/><N who="3" m="51631" /><G32/><T43/><D43/><U78/><REACH who="1" step="1"/><E82/><REACH who="1" ten="250,240,250,250" step="2"/><V2/><F117/><W24/><G100/><AGARI ba="0,1" hai="68,70,96,97,99,100,102,103,112,113,114" m="49707" machi="100" ten="40,7700,0" yaku="28,2,19,1" doraHai="123" who="0" fromWho="3" sc="250,87,240,0,250,0,250,-77" /><INIT seed="0,1,0,0,3,114" ten="337,240,250,173" oya="0" hai0="97,3,59,27,106,80,19,76,101,40,57,8,53" hai1="111,90,94,50,26,33,98,135,55,15,45,38,121" hai2="46,75,132,56,60,82,2,133,78,43,52,103,42" hai3="12,41,49,4,29,21,116,131,32,105,91,122,11"/><T44/><D27/><U30/><E121/><V72/><F72/><W108/><G32/><T5/><D19/><U62/><E135/><V18/><F103/><W129/><G122/><T14/><D53/><U28/><E111/><V63/><F42/><W109/><G105/><T69/><D69/><U107/><E107/><V88/><F2/><W113/><G113/><T16/><D3/><U34/><E38/><V96/><F60/><W58/><G91/><T61/><D61/><U95/><E15/><V123/><F123/><W13/><G116/><T66/><D66/><U85/><E62/><V20/><F46/><N who="3" m="25807" /><G58/><T87/><REACH who="0" step="1"/><D5/><REACH who="0" ten="327,240,250,173" step="2"/><U68/><E68/><V47/><F43/><W125/><G109/><T86/><D86/><U1/><E1/><V73/><F73/><W25/><G108/><T81/><D81/><U24/><E24/><N who="2" m="14359" /><F47/><W130/><G125/><T102/><D102/><U89/><E30/><V100/><F100/><W31/><G12/><T10/><D10/><U74/><E74/><V35/><F35/><AGARI ba="1,1" hai="26,28,33,34,35,45,50,55,85,89,90,94,95,98" machi="35" ten="30,1000,0" yaku="7,1" doraHai="114" who="1" fromWho="2" sc="327,0,240,23,250,-13,173,0" /><INIT seed="1,0,0,1,4,134" ten="327,263,237,173" oya="1" hai0="49,27,65,53,97,66,46,82,113,107,6,28,120" hai1="126,1,80,133,111,83,116,58,91,123,109,86,81" hai2="56,45,14,102,130,94,50,99,74,89,8,132,11" hai3="25,55,121,79,62,106,122,73,67,42,4,26,48"/><U71/><E71/><V54/><F130/><W19/><G106/><T114/><D120/><U77/><E1/><V105/><F132/><W88/><G42/><T117/><D117/><U24/><E133/><V36/><F74/><W3/><G79/><T40/><D6/><U124/><E116/><V72/><F72/><W20/><G73/><T22/><D82/><N who="1" m="31851" /><E24/><V95/><F105/><W0/><G26/><T63/><D66/><U17/><E17/><V23/><F45/><W16/><G19/><T2/><D2/><U7/><E58/><V104/><F104/><W41/><G41/><T101/><REACH who="0" step="1"/><D40/><REACH who="0" ten="317,263,237,173" step="2"/><U57/><E7/><V52/><F54/><W47/><G122/><T21/><D21/><U85/><E123/><V5/><F36/><W29/><G121/><T93/><D93/><N who="1" m="54511" /><E57/><AGARI ba="0,1" hai="22,27,28,46,49,53,57,63,65,97,101,107,113,114" machi="57" ten="30,2000,0" yaku="1,1,7,1,53,0" doraHai="134" doraHaiUra="33" who="0" fromWho="1" sc="317,30,263,-20,237,0,173,0" /><INIT seed="2,0,0,5,5,124" ten="347,243,237,173" oya="2" hai0="49,120,6,91,14,73,74,134,75,46,63,81,67" hai1="118,28,95,2,60,82,68,108,93,117,56,30,20" hai2="125,53,102,40,39,135,103,89,15,11,45,22,29" hai3="71,5,131,66,36,13,18,78,10,94,34,3,110"/><V9/><F125/><W128/><G34/><T90/><D120/><U47/><E68/><V24/><F135/><W114/><G36/><T126/><D134/><U122/><E2/><V25/><F53/><W77/><G110/><T116/><D116/><U76/><E108/><V57/><F57/><W37/><G37/><T97/><D97/><U70/><E70/><V85/><F24/><W112/><G94/><T61/><D81/><U129/><E122/><V41/><F41/><W16/><G66/><T69/><D63/><U52/><E129/><N who="3" m="49738" /><G71/><T31/><D31/><U64/><E30/><V105/><F105/><W104/><G104/><T12/><D6/><U50/><E118/><V79/><F79/><N who="3" m="30219" /><G18/><T7/><D67/><U99/><E117/><V38/><F38/><W121/><G121/><T84/><D69/><U27/><E99/><V80/><F11/><AGARI ba="0,0" hai="3,5,10,11,13,16,112,114" m="30219,49738" machi="11" ten="30,8000,1" yaku="19,1,52,3,54,1" doraHai="124" who="3" fromWho="2" sc="347,0,243,0,237,-80,173,80" /><INIT seed="3,0,0,5,5,119" ten="347,243,157,253" oya="3" hai0="46,110,66,59,76,19,30,120,86,8,35,48,45" hai1="89,67,84,83,91,37,12,130,29,134,43,81,5" hai2="72,20,108,69,77,104,116,57,123,94,129,0,99" hai3="135,51,114,93,95,13,124,65,6,62,131,112,56"/><W42/><G131/><T100/><D120/><U106/><E130/><V39/><RYUUKYOKU type="yao9" ba="0,0" sc="347,0,243,0,157,0,253,0" hai2="0,20,39,57,69,72,77,94,99,104,108,116,123,129" /><INIT seed="3,1,0,4,2,94" ten="347,243,157,253" oya="3" hai0="37,97,0,31,116,8,119,48,66,18,17,60,132" hai1="133,120,12,9,32,5,13,82,98,36,54,78,38" hai2="62,34,28,103,86,130,50,57,89,92,33,4,77" hai3="42,19,75,106,39,110,81,123,24,117,41,61,67"/><W72/><G117/><T114/><D37/><U16/><E120/><V3/><F130/><W59/><G123/><T129/><D129/><U47/><E32/><V125/><F125/><W111/><G106/><T7/><D132/><U124/><E133/><V2/><F33/><W21/><G81/><T80/><D31/><U113/><E113/><V100/><F34/><W11/><G11/><T63/><D63/><U1/><E1/><V40/><F28/><W26/><G26/><T85/><D97/><U58/><E98/><V20/><F77/><W23/><G23/><T30/><D30/><U55/><E47/><V64/><F3/><W108/><REACH who="3" step="1"/><G39/><REACH who="3" ten="347,243,157,243" step="2"/><T10/><D114/><U83/><E38/><V14/><F2/><W43/><AGARI ba="1,1" hai="19,21,24,41,42,43,59,61,67,72,75,108,110,111" machi="43" ten="40,12000,1" yaku="1,1,2,1,0,1,14,1,10,1,53,0" doraHai="94" doraHaiUra="131" who="3" fromWho="3" sc="347,-41,243,-41,157,-41,243,133" owari="306,10.6,202,-19.8,116,-38.4,376,47.6" /></mjloggm>