<mjloggm ver="2.3"><GO type="225" lobby="0"/><UN n0="%E6%A1%9C%E8%8A%B1%E9%96%83%E3%80%85" n1="%E3%81%99%E3%81%84%E3%81%BE%E3%81%9B%E3%83%BC%E3%82%93" n2="%E6%81%A5%E6%99%92%E3%81%97" n3="%4B%2E%32%2E%4B%2E" dan="16,18,16,16" rate="2207.45,2258.50,2103.51,2189.51" sx="M,M,M,M"/><TAIKYOKU oya="0"/><INIT seed="0,0,0,0,1,96" ten="250,250,250,250" oya="0" hai0="83,80,9,20,125,93,109,54,35,58,12,27,99" hai1="23,88,112,31,22,64,40,114,94,17,79,28,117" hai2="15,62,75,38,131,5,43,39,97,57,104,128,132" hai3="129,7,121,46,13,45,48,107,52,50,36,76,78"/><T30/><D125/><U6/><E117/><V105/><F75/><W60/><G60/><T10/><D35/><U41/><E6/><V56/><F132/><W110/><G110/><T21/><BYE who="3" /><D21/><U133/><E79/><V113/><F113/><N who="1" m="43625" /><E64/><V72/><F72/><W51/><G51/><N who="0" m="31071" /><D109/><U74/><E74/><UN n3="%4B%2E%32%2E%4B%2E" /><V14/><F5/><W71/><G121/><T33/><D33/><U100/><E100/><V8/><F8/><N who="0" m="3178" /><D12/><N who="2" m="4650" /><F43/><N who="1" m="16457" /><E133/><V116/><F116/><W98/><G71/><T122/><D122/><U34/><E34/><V89/><F89/><AGARI ba="0,0" hai="20,27,30,80,83,89,93,99" m="3178,31071" machi="89" ten="30,1500,0" yaku="8,1" doraHai="96" who="0" fromWho="2" sc="250,15,250,0,250,-15,250,0" /><INIT seed="0,1,0,4,1,14" ten="265,250,235,250" oya="0" hai0="116,12,100,129,36,74,13,98,134,127,20,44,64" hai1="32,75,128,37,110,119,68,5,24,71,111,99,29" hai2="39,59,53,10,115,85,101,42,54,48,102,87,38" hai3="81,107,26,47,106,72,35,11,31,73,55,57,49"/><T8/><D116/><U104/><E119/><V108/><F108/><N who="1" m="41513" /><E128/><V2/><F115/><W21/><G11/><T3/><D129/><U83/><E37/><V78/><F2/><W0/><G0/><T122/><D122/><U132/><E5/><V46/><F10/><W19/><G47/><T17/><D127/><U95/><E132/><V131/><F131/><W9/><G9/><T40/><D134/><U105/><E83/><V120/><F120/><W84/><G73/><T60/><D74/><U109/><E75/><V45/><F78/><W50/><G50/><T125/><D125/><U135/><E135/><V80/><F80/><W93/><G93/><T70/><D3/><U82/><E82/><V51/><REACH who="2" step="1"/><F59/><REACH who="2" ten="265,250,225,250" step="2"/><W67/><G72/><T15/><REACH who="0" step="1"/><D8/><REACH who="0" ten="255,250,225,250" step="2"/><U25/><E109/><V130/><F130/><W69/><G69/><T90/><D90/><N who="1" m="55799" /><E71/><V112/><F112/><W103/><G103/><T22/><D22/><N who="1" m="15511" /><E68/><V91/><F91/><W27/><REACH who="3" step="1"/><G67/><REACH who="3" ten="255,250,225,240" step="2"/><T92/><AGARI ba="1,3" hai="12,13,15,17,20,36,40,44,60,64,70,92,98,100" machi="92" ten="20,7800,0" yaku="1,1,0,1,7,1,52,1,53,0" doraHai="14" doraHaiUra="133" who="0" fromWho="0" sc="255,111,250,-27,225,-27,240,-27" /><INIT seed="0,2,0,1,0,49" ten="366,223,198,213" oya="0" hai0="114,18,124,24,63,3,65,81,134,31,94,93,57" hai1="42,83,4,37,52,21,16,118,56,105,53,129,80" hai2="77,44,109,98,121,35,39,84,88,5,33,26,15" hai3="106,58,79,89,82,128,20,8,115,17,23,74,99"/><T38/><D114/><U62/><E118/><V91/><F121/><W117/><G115/><T107/><D107/><U7/><E105/><V25/><F35/><W78/><G117/><T90/><D124/><U97/><E129/><V48/><F39/><W102/><G128/><T19/><D38/><U11/><E97/><V113/><F109/><W29/><G79/><T70/><D3/><U112/><E112/><V41/><F113/><W27/><G8/><T32/><D134/><U47/><E53/><N who="2" m="29831" /><F33/><W86/><G58/><T0/><D0/><U133/><E133/><V127/><F127/><W96/><G96/><T122/><D122/><U72/><E72/><V30/><F41/><W130/><G130/><T61/><D81/><U108/><E108/><V92/><F77/><W69/><G69/><T76/><D76/><U55/><E55/><V110/><F30/><W85/><REACH who="3" step="1"/><G89/><REACH who="3" ten="366,223,198,203" step="2"/><T111/><D111/><U45/><E45/><V6/><F110/><W34/><G34/><T131/><D131/><U36/><E36/><V22/><F5/><W104/><G104/><T87/><REACH who="0" step="1"/><D94/><REACH who="0" ten="356,223,198,203" step="2"/><U43/><E83/><N who="2" m="49183" /><F6/><W73/><G73/><T2/><D2/><U75/><E7/><V51/><F92/><W71/><G71/><T103/><D103/><U116/><E116/><V59/><F91/><W46/><G46/><T10/><D10/><U100/><E100/><V126/><F126/><W68/><G68/><T60/><D60/><U9/><E4/><V64/><F59/><W135/><G135/><T54/><AGARI ba="2,2" hai="18,19,24,31,32,54,57,61,63,65,70,87,90,93" machi="54" ten="20,7800,0" yaku="1,1,0,1,7,1,52,1,53,0" doraHai="49" doraHaiUra="123" who="0" fromWho="0" sc="356,104,223,-28,198,-28,203,-28" /><INIT seed="0,3,0,5,2,113" ten="460,195,170,175" oya="0" hai0="130,54,109,82,65,80,70,117,121,125,105,61,133" hai1="107,24,114,69,32,119,111,4,21,34,62,33,85" hai2="18,89,37,74,76,84,68,67,0,55,93,23,8" hai3="12,41,81,77,108,38,95,78,15,40,87,53,14"/><T103/><D121/><U35/><E114/><V104/><F68/><W99/><G108/><T97/><D130/><U44/><E111/><V100/><F67/><W135/><G135/><T56/><D109/><U73/><E73/><V20/><F37/><W90/><G38/><T31/><D133/><U49/><E107/><V110/><F110/><W11/><G53/><T1/><D1/><U127/><E127/><V59/><F0/><W101/><REACH who="3" step="1"/><G11/><REACH who="3" ten="460,195,170,165" step="2"/><T26/><D125/><U115/><E115/><V92/><F8/><W42/><AGARI ba="3,1" hai="12,14,15,40,41,42,77,78,81,87,90,95,99,101" machi="42" ten="30,7900,0" yaku="1,1,2,1,0,1,8,1,53,0" doraHai="113" doraHaiUra="29" who="3" fromWho="3" sc="460,-42,195,-23,170,-23,165,98" /><INIT seed="1,0,0,4,2,24" ten="418,172,147,263" oya="1" hai0="105,124,72,103,96,27,132,131,60,108,90,4,57" hai1="5,77,75,66,52,49,32,3,86,65,35,126,12" hai2="59,19,13,63,1,104,87,130,40,95,107,114,54" hai3="116,80,93,78,50,117,113,55,67,48,135,92,84"/><U89/><E3/><V121/><F121/><W46/><G113/><T73/><D108/><U28/><E126/><V83/><F1/><W42/><G135/><T36/><D124/><U82/><E5/><V134/><F134/><W97/><G67/><T74/><D132/><U115/><E115/><V6/><F130/><W129/><G129/><T109/><D109/><U39/><E39/><V71/><F6/><W118/><REACH who="3" step="1"/><G97/><REACH who="3" ten="418,172,147,253" step="2"/><T101/><D96/><U15/><E66/><V34/><F114/><W51/><G51/><T8/><D131/><U76/><E65/><V99/><F99/><W33/><G33/><T64/><D64/><U91/><E35/><V133/><F34/><W37/><G37/><T41/><D36/><U94/><E77/><V30/><F133/><W79/><G79/><T68/><D60/><U22/><E32/><V123/><F63/><W0/><G0/><T111/><D111/><U112/><E112/><V119/><F123/><W44/><AGARI ba="0,1" hai="42,44,46,48,50,55,78,80,84,92,93,116,117,118" machi="44" ten="40,5200,0" yaku="1,1,0,1,12,1,53,0" doraHai="24" doraHaiUra="122" who="3" fromWho="3" sc="418,-13,172,-26,147,-13,253,62" /><INIT seed="2,0,0,5,3,80" ten="405,146,134,315" oya="2" hai0="84,116,67,65,78,1,111,82,57,119,4,86,95" hai1="50,55,26,118,22,30,5,100,122,70,34,72,121" hai2="83,18,114,87,126,135,120,77,88,40,93,17,24" hai3="43,73,125,12,33,7,11,108,35,128,106,69,85"/><V81/><F120/><N who="1" m="46185" /><E72/><V59/><F114/><W38/><G73/><T124/><D111/><U113/><E113/><V115/><F115/><W58/><G69/><T90/><D124/><U134/><E118/><N who="0" m="45097" /><D57/><U42/><E70/><V98/><F126/><W36/><G125/><T54/><D54/><U52/><E134/><V92/><F135/><W46/><G128/><T48/><D48/><U2/><E100/><N who="2" m="60487" /><F40/><W133/><G133/><T8/><AGARI ba="0,0" hai="1,4,8,65,67,78,82,84,86,90,95" m="45097" machi="8" ten="30,4000,0" yaku="12,1,52,2" doraHai="80" who="0" fromWho="0" sc="405,40,146,-10,134,-20,315,-10" /><INIT seed="3,0,0,4,3,107" ten="445,136,114,305" oya="3" hai0="116,71,126,0,45,42,13,36,10,127,83,135,115" hai1="87,6,51,57,93,20,109,8,39,54,58,76,120" hai2="29,124,105,82,38,123,119,74,37,47,33,128,7" hai3="2,3,46,97,28,26,16,9,94,55,44,77,52"/><W78/><G3/><T89/><D116/><U91/><E120/><V130/><F119/><W12/><G2/><T53/><D0/><U30/><E109/><V43/><F123/><W122/><G44/><T96/><D115/><U100/><E39/><N who="2" m="22015" /><F124/><N who="0" m="47658" /><D135/><U14/><E100/><V132/><F132/><W102/><G122/><T72/><D71/><U31/><E76/><N who="2" m="44311" /><F105/><W27/><G27/><T15/><D53/><N who="1" m="31935" /><E20/><V110/><F110/><W68/><G68/><T5/><D72/><U21/><E21/><V64/><F64/><W23/><REACH who="3" step="1"/><G55/><REACH who="3" ten="445,136,114,295" step="2"/><T24/><D24/><U49/><AGARI ba="0,1" hai="6,8,14,30,31,49,54,58,87,91,93" m="31935" machi="49" ten="30,1100,0" yaku="8,1" doraHai="107" who="1" fromWho="1" sc="445,-3,136,21,114,-3,295,-5" owari="442,54.2,157,-24.3,111,-38.9,290,9.0" /></mjloggm>