<mjloggm ver="2.3"><GO type="225" lobby="0"/><UN n0="%E6%81%A5%E6%99%92%E3%81%97" n1="%E9%B3%B3%E6%9D%B1%E3%81%AE%E3%81%86%E3%81%95%E3%81%8E%E3%81%95%E3%82%93" n2="%E6%A1%9C%E8%8A%B1%E9%96%83%E3%80%85" n3="%E3%80%93%E3%81%97%E3%83%BC%E3%82%89%E3%80%93" dan="16,17,16,16" rate="2097.37,2225.75,2154.91,2145.85" sx="M,M,M,M"/><TAIKYOKU oya="0"/><INIT seed="0,0,0,1,5,45" ten="250,250,250,250" oya="0" hai0="11,57,65,52,89,22,80,58,135,68,96,125,78" hai1="14,110,108,2,62,134,40,21,55,73,4,88,82" hai2="38,132,61,83,127,116,101,87,28,102,50,53,56" hai3="79,47,64,12,117,49,16,33,98,48,59,43,100"/><T118/><D118/><U0/><E40/><V5/><F38/><W20/><G33/><T9/><D125/><U94/><E134/><V105/><F127/><W35/><G35/><T95/><D135/><U84/><E62/><V6/><F132/><W119/><G79/><T23/><D68/><U74/><E55/><V133/><F133/><W70/><G70/><T115/><D115/><U46/><E46/><V92/><F105/><W63/><REACH who="3" step="1"/><G49/><REACH who="3" ten="250,250,250,240" step="2"/><N who="0" m="30863" /><D23/><U36/><E36/><V85/><F116/><W124/><G124/><T67/><D22/><U42/><E21/><V122/><F61/><W77/><G77/><T60/><D67/><U54/><E110/><V129/><F122/><W81/><G81/><T19/><D19/><U15/><E82/><V39/><F39/><W34/><G34/><T3/><D3/><U91/><E0/><V97/><F28/><W69/><G69/><T104/><D104/><AGARI ba="0,1" hai="12,16,20,43,47,48,59,63,64,98,100,104,117,119" machi="104" ten="30,8000,1" yaku="1,1,7,1,52,1,54,1,53,1" doraHai="45" doraHaiUra="13" who="3" fromWho="0" sc="250,-80,250,0,250,0,240,90" /><INIT seed="1,0,0,5,5,9" ten="170,250,250,330" oya="1" hai0="51,83,20,35,19,123,133,12,32,29,94,21,49" hai1="18,64,66,117,107,80,8,82,15,50,14,109,90" hai2="11,95,37,128,76,84,119,38,88,100,126,124,33" hai3="86,111,26,127,118,81,63,62,30,57,53,42,60"/><U17/><E117/><V131/><F33/><W28/><G118/><T108/><D108/><U68/><E107/><V27/><F119/><W73/><G73/><T10/><D94/><U74/><E109/><V59/><F27/><W34/><G111/><T72/><D72/><U71/><E74/><V70/><F70/><W47/><G30/><T61/><D83/><N who="1" m="31787" /><E68/><V41/><F76/><W89/><REACH who="3" step="1"/><G127/><REACH who="3" ten="170,250,250,320" step="2"/><T85/><D29/><U43/><E71/><V93/><F126/><W4/><G4/><T135/><D133/><U104/><E104/><V102/><F124/><W44/><G44/><T39/><D135/><U58/><E90/><V105/><F88/><W101/><G101/><T56/><D32/><U97/><E97/><V31/><F102/><W1/><G1/><T69/><D35/><U96/><E96/><V75/><F100/><W6/><G6/><T5/><D5/><U129/><E129/><V122/><F75/><W52/><G52/><T67/><D67/><U22/><E43/><V77/><F41/><W46/><G46/><T55/><D55/><AGARI ba="0,1" hai="8,14,15,17,18,22,50,55,58,64,66" m="31787" machi="55" ten="30,5800,0" yaku="8,1,52,2" doraHai="9" who="1" fromWho="0" sc="170,-58,250,68,250,0,320,0" /><INIT seed="1,1,0,0,4,2" ten="112,318,250,320" oya="1" hai0="124,133,97,84,122,52,65,61,100,83,135,98,89" hai1="80,41,112,131,55,21,76,31,58,53,125,36,111" hai2="120,12,29,108,106,37,30,26,69,18,96,118,4" hai3="54,134,34,102,110,20,88,121,77,74,92,114,8"/><U105/><E112/><V57/><F69/><W5/><G34/><T68/><D124/><U59/><E125/><V28/><F37/><W0/><G114/><T60/><D122/><U49/><E105/><V38/><F38/><W7/><G121/><T35/><D35/><U70/><E131/><V22/><F120/><W47/><G102/><T27/><D27/><U9/><E70/><V126/><F126/><W95/><G92/><T90/><D90/><U50/><E111/><V132/><F106/><W43/><G54/><T71/><D100/><U115/><E115/><V39/><F39/><N who="3" m="22015" /><G20/><T128/><D128/><U19/><E31/><V63/><F108/><W94/><G134/><T129/><D129/><U91/><E91/><V45/><F118/><W64/><G64/><T14/><D14/><U51/><E36/><V75/><F75/><W40/><G40/><T73/><D73/><U24/><E9/><N who="2" m="4135" /><F45/><W6/><G95/><T23/><D23/><U15/><E41/><V117/><F117/><W78/><G78/><T56/><REACH who="0" step="1"/><D71/><REACH who="0" ten="102,318,250,320" step="2"/><U33/><E33/><V67/><F132/><AGARI ba="1,1" hai="52,56,60,61,65,68,83,84,89,97,98,132,133,135" machi="132" ten="40,8000,1" yaku="1,1,2,1,20,1,54,1,53,0" doraHai="2" doraHaiUra="109" who="0" fromWho="2" sc="102,93,318,0,250,-83,320,0" /><INIT seed="2,0,0,1,4,106" ten="195,318,167,320" oya="2" hai0="75,96,112,49,135,25,78,57,72,66,107,39,97" hai1="111,127,71,0,47,3,8,1,12,82,42,51,34" hai2="62,15,115,65,59,2,129,108,104,41,131,81,50" hai3="103,76,92,40,44,29,64,45,125,88,100,4,130"/><V54/><F2/><W120/><G125/><T37/><D112/><U110/><E127/><V93/><F104/><W58/><G130/><N who="2" m="49673" /><F93/><W60/><G120/><T7/><D7/><U14/><E71/><N who="2" m="42423" /><F15/><W133/><G133/><T38/><D135/><U121/><E121/><V31/><F31/><W105/><G45/><T36/><D78/><U9/><E34/><V124/><F124/><W90/><G90/><T87/><N who="0" m="9216" /><DORA hai="19" /><T122/><D122/><U118/><E118/><V61/><F81/><W17/><G29/><T94/><D25/><U53/><E82/><V74/><F74/><W101/><G76/><T117/><D117/><U63/><E14/><V35/><F35/><W128/><G4/><T68/><D107/><U73/><E73/><V27/><F27/><W48/><G128/><T52/><D87/><U69/><E12/><V80/><F80/><W84/><G105/><T85/><D85/><U30/><E30/><V109/><F115/><W46/><G46/><AGARI ba="0,0" hai="41,46,50,54,59,61,108,109" m="42423,49673" machi="46" ten="30,5800,0" yaku="19,1,34,2" doraHai="106,19" who="2" fromWho="3" sc="195,0,318,0,167,58,320,-58" /><INIT seed="2,1,0,0,5,122" ten="195,318,225,262" oya="2" hai0="2,29,61,70,11,51,43,88,63,24,57,102,84" hai1="89,77,111,10,44,134,39,53,56,123,65,6,121" hai2="55,28,118,4,83,87,92,73,119,112,116,68,37" hai3="50,13,71,69,129,132,22,14,113,110,25,67,64"/><V90/><F68/><W109/><G132/><T91/><D102/><U23/><E111/><N who="3" m="42506" /><G129/><T98/><D70/><N who="3" m="26633" /><G50/><T16/><D2/><U60/><E44/><V31/><F112/><W115/><G14/><N who="0" m="7263" /><D98/><U105/><E39/><V131/><F131/><W135/><G13/><T120/><D120/><U75/><E134/><V101/><F37/><W96/><G96/><T48/><D63/><U21/><E60/><V15/><F15/><W47/><G47/><N who="0" m="25727" /><D51/><U130/><E130/><V7/><F118/><W128/><G128/><T19/><D29/><U99/><E99/><N who="2" m="59623" /><F116/><W124/><G124/><T107/><D107/><U41/><E105/><V9/><F119/><W54/><G54/><N who="0" m="33975" /><D84/><U108/><E53/><V85/><F55/><W36/><G36/><T49/><D49/><U34/><E108/><V38/><F38/><W12/><G12/><T80/><D80/><U78/><E123/><V106/><F106/><W35/><G35/><T32/><D32/><U104/><E104/><V127/><F127/><W26/><G135/><T46/><D46/><U58/><E34/><V79/><F9/><W82/><G82/><T62/><D62/><U103/><E10/><V97/><F97/><W133/><G133/><T81/><D81/><U126/><E126/><V100/><F100/><W59/><G59/><T93/><D93/><U8/><E103/><V27/><F87/><W52/><G52/><T74/><D74/><U42/><E75/><V3/><F3/><W95/><G95/><T94/><D94/><U72/><E121/><V125/><F125/><W20/><G115/><T66/><D66/><RYUUKYOKU ba="1,0" sc="195,30,318,-10,225,-10,262,-10" hai0="19,24,88,91" /><INIT seed="3,2,0,2,3,96" ten="225,308,215,252" oya="3" hai0="7,35,41,17,131,81,113,56,6,92,30,126,57" hai1="121,42,99,13,83,20,70,5,133,80,50,101,86" hai2="135,34,27,125,127,75,120,26,84,90,55,112,103" hai3="40,10,19,104,67,43,28,134,115,9,66,130,54"/><W68/><G104/><T79/><D126/><N who="2" m="48138" /><F135/><W100/><G68/><T93/><D131/><U44/><E121/><V45/><F112/><W4/><G130/><T0/><D113/><U52/><E133/><V69/><F120/><W47/><G134/><T15/><D41/><N who="3" m="15945" /><G100/><T77/><D30/><U117/><E117/><V87/><F75/><W23/><G28/><T123/><D35/><U124/><E70/><V110/><F110/><W107/><G107/><T108/><D108/><U38/><E124/><V33/><F69/><W119/><G119/><T73/><D79/><U32/><E32/><N who="2" m="12395" /><F103/><W46/><G4/><T128/><D128/><U1/><E5/><V122/><F122/><W21/><G21/><N who="0" m="11455" /><D7/><U53/><E1/><V88/><F55/><W60/><G54/><T65/><D65/><U129/><E52/><V91/><F45/><W62/><G67/><T48/><D123/><U24/><E129/><V61/><F61/><N who="3" m="23659" /><G66/><T63/><D6/><U22/><E53/><V116/><F116/><W3/><G3/><T49/><D0/><U18/><E50/><N who="0" m="19561" /><D63/><U71/><E71/><V76/><F76/><W95/><G115/><T31/><D31/><U132/><E132/><V98/><F98/><W111/><G111/><T25/><D77/><U16/><E86/><AGARI ba="2,0" hai="26,27,84,86,87,88,90,91" m="12395,48138" machi="86" ten="40,8000,1" yaku="28,2,18,1,54,1" doraHai="96" who="2" fromWho="1" sc="225,0,308,-86,215,86,252,0" owari="225,-17.5,222,-27.8,301,40.1,252,5.2" /></mjloggm>