<mjloggm ver="2.3"><GO type="225" lobby="0"/><UN n0="%48%61%61%61%6C%61%6E%64" n1="%E3%82%A2%E3%82%A4%E3%82%B9%E3%83%86%E3%82%A3%E3%83%BC%E3%81%82%E3%81%B9" n2="%E3%82%BC%E3%83%AB%E3%83%80%E3%81%AE%E4%BC%9D%E8%AA%AC" n3="%E5%87%BA%E6%B0%B4" dan="18,16,17,16" rate="2226.88,2084.24,2242.63,2072.56" sx="M,M,M,F"/><TAIKYOKU oya="0"/><INIT seed="0,0,0,0,5,44" ten="250,250,250,250" oya="0" hai0="71,63,77,130,8,78,99,108,37,15,25,124,111" hai1="32,20,73,19,93,1,48,76,56,82,18,5,114" hai2="126,118,27,106,10,66,39,87,49,91,22,29,92" hai3="38,52,104,9,135,98,3,55,14,103,70,21,121"/><T133/><D37/><U101/><E32/><V97/><F39/><W100/><G135/><T50/><D133/><U81/><E114/><V31/><F126/><W79/><G121/><T26/><D124/><U12/><E1/><V64/><F118/><W75/><G3/><T90/><D130/><U36/><E36/><V127/><F127/><W112/><G112/><T42/><D99/><N who="1" m="59631" /><E73/><V65/><F106/><W51/><G38/><T62/><D90/><U53/><E76/><N who="0" m="29289" /><D71/><U57/><E5/><V117/><F117/><W7/><G70/><T4/><D111/><U89/><E57/><V45/><F10/><W88/><G55/><T84/><D84/><U107/><E107/><V86/><REACH who="2" step="1"/><F31/><REACH who="2" ten="250,250,240,250" step="2"/><W17/><G104/><T115/><D115/><U119/><E119/><V47/><F47/><N who="3" m="27775" /><G75/><T80/><D108/><U2/><E2/><V0/><F0/><W132/><G132/><T35/><D8/><N who="1" m="6407" /><E89/><V24/><F24/><AGARI ba="0,1" hai="19,20,24,48,53,56,81,82" m="6407,59631" machi="24" ten="30,2000,0" yaku="8,1,52,1" doraHai="44" who="1" fromWho="2" sc="250,0,250,30,240,-20,250,0" /><INIT seed="1,0,0,3,3,42" ten="250,280,220,250" oya="1" hai0="80,26,19,103,36,40,100,129,114,17,18,67,4" hai1="33,46,63,56,79,83,123,118,37,20,44,41,47" hai2="34,31,62,1,38,5,9,90,66,49,127,72,70" hai3="131,45,134,27,35,122,130,105,54,39,75,7,53"/><U71/><E123/><V6/><F127/><W99/><G122/><T15/><D114/><U61/><E33/><V29/><F6/><W86/><G75/><T57/><D129/><N who="3" m="49161" /><G134/><T0/><D0/><U14/><E118/><V97/><F38/><W116/><G116/><T30/><D80/><U102/><E102/><V119/><F119/><W3/><G86/><T101/><D36/><U132/><E132/><V68/><F72/><W85/><G85/><T110/><D40/><U125/><E125/><V50/><F70/><W48/><G39/><T88/><D88/><U24/><E14/><V64/><F64/><W106/><G99/><T84/><D84/><N who="1" m="48255" /><E37/><V43/><F34/><W124/><G124/><T32/><D110/><U96/><E71/><V113/><F113/><W73/><G73/><T111/><D111/><U135/><E96/><V10/><F97/><W2/><G54/><T58/><REACH who="0" step="1"/><D67/><REACH who="0" ten="240,280,220,250" step="2"/><N who="1" m="39335" /><E135/><V65/><F65/><W94/><G2/><T98/><D98/><U55/><E41/><V95/><F43/><W52/><G3/><T109/><D109/><U69/><E69/><V107/><F68/><W51/><G106/><T12/><D12/><U78/><E78/><V25/><F107/><W117/><G105/><T59/><D59/><N who="1" m="35327" /><E47/><V128/><F128/><W112/><G117/><T16/><N who="0" m="4096" /><DORA hai="22" /><T89/><D89/><U91/><E91/><V82/><F90/><W8/><G112/><T121/><D121/><U74/><E74/><V76/><F1/><W93/><G45/><T23/><D23/><U60/><E20/><V126/><F126/><W104/><G104/><RYUUKYOKU ba="0,1" sc="240,30,280,-10,220,-10,250,-10" hai0="4,15,26,30,32,57,58,100,101,103" /><INIT seed="2,1,1,5,1,83" ten="270,270,210,240" oya="2" hai0="133,45,80,101,110,100,125,60,74,123,50,55,13" hai1="111,29,87,49,134,91,116,25,127,30,18,70,99" hai2="33,6,68,58,10,124,67,81,42,9,26,61,35" hai3="109,102,126,112,114,72,59,21,131,4,64,130,24"/><V120/><F124/><W16/><G72/><T76/><D123/><U17/><E70/><V51/><F120/><W43/><G43/><T119/><D125/><U32/><E116/><V103/><F103/><W31/><G126/><T98/><D119/><U46/><E127/><V92/><F92/><W34/><G102/><T77/><D110/><U71/><E71/><V63/><F26/><N who="3" m="18807" /><G64/><T11/><D133/><U86/><E111/><V128/><F128/><N who="3" m="49195" /><G59/><T66/><D77/><U94/><E134/><V14/><F81/><W105/><G105/><T122/><D122/><U95/><E30/><V44/><REACH who="2" step="1"/><F10/><REACH who="2" ten="270,270,200,240" step="2"/><W132/><G109/><T106/><D101/><U73/><E73/><V15/><F15/><W19/><G132/><T52/><D13/><U39/><E95/><V28/><F28/><N who="3" m="17423" /><G4/><T107/><D107/><U129/><E94/><V89/><F89/><W5/><G5/><T108/><D108/><U47/><E91/><V40/><F40/><W56/><G56/><T41/><D11/><U8/><E8/><V12/><F12/><W113/><AGARI ba="1,2" hai="16,19,112,113,114" m="17423,49195,18807" machi="113" ten="40,8000,1" yaku="11,1,19,1,34,2,54,1" doraHai="83" who="3" fromWho="3" sc="270,-21,270,-21,200,-41,240,103" /><INIT seed="3,0,0,4,2,94" ten="249,249,159,343" oya="3" hai0="4,111,51,11,29,55,15,21,39,63,48,65,75" hai1="124,40,89,123,54,70,118,9,36,67,31,107,109" hai2="78,32,79,113,58,86,103,38,34,7,71,50,26" hai3="1,14,77,30,132,76,104,25,117,64,102,126,0"/><W120/><G117/><T95/><D39/><U112/><E109/><V80/><F113/><W41/><G120/><T17/><D75/><U127/><E112/><V133/><F133/><W68/><G41/><T52/><D111/><U22/><E123/><V45/><F71/><W101/><G126/><N who="1" m="48170" /><E107/><V106/><F79/><W128/><G128/><T62/><D29/><U5/><E118/><V134/><F134/><W105/><G14/><N who="0" m="9399" /><D65/><U49/><E36/><V3/><F26/><W98/><G30/><T44/><D95/><U8/><E40/><N who="2" m="22679" /><F86/><W82/><G25/><T88/><D88/><U61/><E89/><V92/><F58/><AGARI ba="0,0" hai="4,11,15,44,48,51,52,55,58,62,63" m="9399" machi="58" ten="30,2000,0" yaku="8,1,54,1" doraHai="94" who="0" fromWho="2" sc="249,20,249,0,159,-20,343,0" owari="269,6.9,249,-15.1,139,-36.1,343,44.3" /></mjloggm>