<mjloggm ver="2.3"><GO type="225" lobby="0"/><UN n0="%E6%A1%9C%E8%8A%B1%E9%96%83%E3%80%85" n1="%E3%81%BF%E3%81%BF%E3%81%9A" n2="%72%61%6B%33" n3="%E3%81%B5%E3%81%98%E3%81%8B%E3%81%A4" dan="16,16,16,16" rate="2096.62,2149.24,2061.17,2203.72" sx="M,M,M,M"/><TAIKYOKU oya="0"/><INIT seed="0,0,0,4,2,25" ten="250,250,250,250" oya="0" hai0="88,87,79,30,35,45,12,40,31,26,54,2,80" hai1="39,59,72,48,113,14,44,53,90,125,114,61,42" hai2="84,15,81,58,74,19,120,89,115,76,70,105,116" hai3="77,29,78,111,83,62,102,21,11,130,98,46,6"/><T75/><D2/><U50/><E72/><V33/><F115/><N who="1" m="44041" /><E14/><V43/><F70/><W69/><G130/><T93/><D54/><N who="1" m="32199" /><E90/><V55/><F120/><W13/><G111/><T94/><D12/><U104/><E104/><V16/><F116/><W129/><G129/><T3/><D3/><U103/><E103/><V0/><F0/><W41/><G69/><T27/><D93/><U100/><E100/><V36/><F33/><W112/><G62/><T65/><D65/><U20/><E20/><V110/><F110/><W119/><G119/><T4/><D4/><U86/><E86/><V18/><F105/><W134/><G134/><T132/><D132/><U68/><E125/><V128/><F128/><W91/><G91/><T97/><D75/><U131/><E131/><V10/><F43/><W99/><G112/><T51/><D35/><U17/><E17/><V64/><F64/><W56/><G56/><T118/><D118/><U32/><E32/><V5/><F36/><W85/><G78/><T37/><D37/><U47/><E61/><V95/><REACH who="2" step="1"/><F5/><REACH who="2" ten="250,250,240,250" step="2"/><W52/><G41/><T123/><D123/><U63/><E68/><V1/><F1/><W34/><G34/><T60/><D60/><AGARI ba="0,1" hai="10,15,16,18,19,55,58,60,74,76,81,84,89,95" machi="60" ten="30,3900,0" yaku="1,1,7,1,54,1,53,0" doraHai="25" doraHaiUra="135" who="2" fromWho="0" sc="250,-39,250,0,240,49,250,0" /><INIT seed="1,0,0,4,3,43" ten="211,250,289,250" oya="1" hai0="75,86,1,101,104,23,129,105,46,66,116,60,13" hai1="85,50,94,58,88,82,7,26,79,71,22,40,103" hai2="56,99,84,44,10,90,59,126,64,18,98,73,31" hai3="100,132,78,28,17,62,27,80,97,95,74,0,11"/><U107/><E71/><V21/><F73/><W111/><G111/><T72/><D116/><U25/><E7/><V93/><F126/><W67/><G132/><T128/><D1/><U115/><E115/><V49/><F10/><W48/><G48/><T70/><D86/><U16/><E107/><N who="0" m="41033" /><D101/><U118/><E118/><V96/><F31/><W9/><G17/><T109/><D13/><N who="1" m="9487" /><E103/><V3/><F64/><W53/><G53/><T57/><D23/><U87/><E40/><N who="2" m="24711" /><F3/><W131/><G131/><N who="0" m="50251" /><D57/><U34/><E34/><V121/><F121/><W120/><G120/><T14/><D14/><AGARI ba="0,0" hai="14,18,21,56,59,84,90,93,96,98,99" m="24711" machi="14" ten="30,2000,0" yaku="8,1,52,1" doraHai="43" who="2" fromWho="0" sc="211,-20,250,0,289,20,250,0" /><INIT seed="2,0,0,3,0,66" ten="191,250,309,250" oya="2" hai0="100,123,86,107,85,49,74,133,13,135,94,124,55" hai1="119,71,33,99,130,126,103,57,106,9,8,93,18" hai2="63,75,12,116,42,45,128,22,105,131,110,91,70" hai3="3,52,108,50,77,11,114,39,134,97,127,25,115"/><V96/><F75/><W14/><G39/><T19/><D123/><U68/><E119/><V83/><F116/><W109/><G77/><T26/><D124/><U20/><E33/><V15/><F110/><N who="3" m="42603" /><G127/><T21/><D74/><U5/><E126/><V53/><F83/><W32/><G134/><T54/><D107/><U41/><E130/><V60/><F60/><W88/><G3/><T81/><D133/><U10/><E5/><V17/><F15/><W46/><G25/><T23/><D135/><U82/><E41/><V7/><F7/><N who="3" m="3455" /><G32/><T43/><D43/><U37/><E37/><V90/><F105/><W92/><AGARI ba="0,0" hai="46,50,52,88,92,97,114,115" m="3455,42603" machi="92" ten="30,4000,0" yaku="14,1,54,2" doraHai="66" who="3" fromWho="3" sc="191,-10,250,-10,309,-20,250,40" /><INIT seed="3,0,0,4,0,5" ten="181,240,289,290" oya="3" hai0="132,16,10,15,52,4,115,40,108,129,79,72,66" hai1="54,119,70,39,131,26,30,127,53,29,43,38,47" hai2="7,45,118,109,1,107,76,126,98,133,11,24,37" hai3="100,69,104,125,48,113,62,36,27,74,135,90,80"/><W50/><G113/><T63/><D115/><U92/><E70/><V14/><F118/><W55/><G125/><T128/><D108/><U134/><E127/><V44/><F126/><W97/><G135/><T13/><D40/><U102/><E134/><V123/><F133/><W86/><G36/><T23/><D132/><U96/><E119/><V18/><F109/><W78/><G27/><T60/><D79/><U12/><E38/><V95/><F107/><W124/><G124/><T2/><D72/><U3/><E3/><V17/><F123/><W117/><G117/><T99/><D99/><U35/><E131/><N who="0" m="50249" /><D66/><U77/><E30/><V22/><F76/><W93/><G69/><T28/><D28/><U110/><E110/><V116/><F116/><W83/><G83/><T25/><D63/><U61/><E61/><V114/><F114/><W51/><G62/><T73/><D73/><U120/><E120/><V46/><F37/><W20/><G20/><T42/><D42/><U8/><REACH who="1" step="1"/><E77/><REACH who="1" ten="181,230,289,290" step="2"/><V56/><F1/><W84/><G74/><T88/><D88/><U59/><E59/><AGARI ba="0,1" hai="48,50,51,55,59,78,80,84,86,90,93,97,100,104" machi="59" ten="30,1500,0" yaku="7,1" doraHai="5" who="3" fromWho="1" sc="181,0,230,-15,289,0,290,25" /><AGARI ba="0,0" hai="2,4,10,13,15,16,23,25,52,59,60" m="50249" machi="59" ten="30,7700,0" yaku="19,1,52,1,54,2" doraHai="5" who="0" fromWho="1" sc="181,77,215,-77,289,0,315,0" owari="258,-14.2,138,-36.2,289,8.9,315,41.5" /></mjloggm>