<mjloggm ver="2.3"><GO type="225" lobby="0"/><UN n0="%72%69%6F%75%63%68%61%6E" n1="%E7%89%B9%E6%9D%B1%E3%81%AF%E4%B8%96%E7%95%8C%E3%82%92%E6%95%91%E3%81%86" n2="%E3%82%82%E3%81%90%E3%82%89" n3="%E9%80%9F%E6%B0%B4%E5%87%9B%E9%A6%99" dan="16,16,16,17" rate="2192.57,2088.41,2151.32,2168.42" sx="M,M,M,F"/><TAIKYOKU oya="0"/><INIT seed="0,0,0,5,3,25" ten="250,250,250,250" oya="0" hai0="131,64,41,65,37,109,49,82,20,100,66,116,118" hai1="23,60,43,15,91,21,6,99,59,47,92,45,44" hai2="63,86,10,129,75,22,127,62,133,0,38,2,89" hai3="3,4,69,105,42,78,72,70,110,119,94,117,134"/><T61/><D100/><U108/><E108/><V98/><F75/><W80/><G94/><T13/><D131/><U26/><E43/><V68/><F38/><W73/><G73/><T77/><D109/><U54/><REACH who="1" step="1"/><E26/><REACH who="1" ten="250,240,250,250" step="2"/><V1/><F129/><W40/><G110/><T93/><D41/><U76/><E76/><V90/><F127/><W95/><G40/><T5/><D118/><U121/><E121/><V123/><F123/><W74/><G42/><T71/><D116/><U84/><E84/><V125/><F86/><W122/><G72/><T101/><D37/><U67/><E67/><V31/><F125/><W104/><G122/><T135/><D64/><U32/><E32/><V24/><F24/><W50/><G74/><T34/><D34/><U112/><E112/><V132/><F132/><W7/><G78/><T113/><D66/><U19/><E19/><V9/><F133/><W35/><G134/><T83/><D77/><U96/><E96/><V28/><F98/><W27/><G35/><T85/><D85/><U55/><E55/><V81/><F0/><W33/><G33/><T14/><D113/><U36/><E36/><V51/><F1/><W124/><G3/><T58/><D135/><U16/><E16/><V128/><F2/><W79/><G124/><T29/><D5/><U53/><E53/><V46/><F128/><W56/><G4/><T114/><D114/><U30/><E30/><V120/><F120/><W107/><G7/><T52/><D29/><U48/><E48/><V18/><F18/><W88/><G119/><T115/><D115/><U111/><E111/><RYUUKYOKU ba="0,1" sc="250,-10,240,30,250,-10,250,-10" hai1="6,15,21,23,44,45,47,54,59,60,91,92,99" /><INIT seed="1,1,1,5,3,59" ten="240,270,240,240" oya="1" hai0="95,106,80,45,121,120,128,32,19,2,135,47,56" hai1="98,24,86,79,132,4,117,33,127,122,46,57,0" hai2="6,13,14,78,97,123,29,12,99,75,18,104,68" hai3="58,110,77,31,62,28,64,93,51,109,91,84,40"/><U43/><E117/><V119/><F119/><W26/><G77/><T102/><D106/><U70/><E70/><V82/><F123/><N who="0" m="47178" /><D2/><U100/><E122/><V90/><F68/><W22/><REACH who="3" step="1"/><G31/><REACH who="3" ten="240,270,240,230" step="2"/><T76/><D76/><U124/><E79/><V74/><F29/><W39/><G39/><T81/><D128/><U1/><E127/><V66/><F75/><W67/><G67/><T133/><D133/><U88/><E124/><V126/><F126/><W23/><G23/><T115/><D135/><U34/><E132/><V108/><F66/><W30/><G30/><T72/><D72/><U35/><E35/><V21/><F78/><W11/><G11/><T52/><D32/><U16/><E34/><V38/><F74/><W111/><G111/><T55/><D115/><U105/><E33/><V8/><F38/><W49/><G49/><N who="0" m="28719" /><D47/><AGARI ba="1,2" hai="22,26,28,40,47,51,58,62,64,84,91,93,109,110" machi="47" ten="40,5200,0" yaku="1,1,52,1,53,1" doraHai="59" doraHaiUra="25" who="3" fromWho="0" sc="240,-55,270,0,240,0,230,75" /><INIT seed="2,0,0,2,0,26" ten="185,270,240,305" oya="2" hai0="102,66,95,105,18,45,16,69,63,54,42,36,17" hai1="121,132,35,125,76,85,62,14,58,91,75,2,1" hai2="68,64,25,34,12,96,108,4,127,101,33,111,19" hai3="116,27,13,46,53,92,118,79,73,44,37,56,61"/><V93/><F127/><W119/><G73/><T60/><D105/><U71/><E71/><V104/><F4/><W89/><G79/><T8/><D63/><U40/><E35/><V114/><F114/><W15/><G37/><T55/><REACH who="0" step="1"/><D8/><REACH who="0" ten="175,270,240,305" step="2"/><U30/><E62/><V22/><F104/><W43/><G61/><T126/><D126/><U10/><E10/><N who="2" m="6551" /><F68/><W87/><G116/><T107/><D107/><U3/><E125/><V112/><F112/><W23/><G119/><T72/><D72/><U129/><E75/><V48/><F64/><W134/><G118/><T83/><D83/><U31/><E2/><V20/><F48/><W74/><G74/><T39/><D39/><U115/><E1/><V65/><F65/><W38/><G38/><T84/><D84/><U28/><E85/><V110/><F20/><W123/><G23/><T24/><D24/><U109/><E3/><V32/><F22/><W99/><G87/><T78/><D78/><U135/><E76/><V103/><F25/><W128/><G27/><T5/><D5/><U67/><E115/><V131/><F131/><W86/><G128/><T50/><D50/><U11/><E129/><V88/><AGARI ba="0,1" hai="32,33,34,88,93,96,101,103,108,110,111" m="6551" machi="88" ten="40,7800,0" yaku="14,1,10,1,54,1" doraHai="26" who="2" fromWho="2" sc="175,-26,270,-26,240,88,305,-26" /><INIT seed="2,1,0,4,2,60" ten="149,244,328,279" oya="2" hai0="123,133,132,53,71,0,4,135,95,37,112,38,40" hai1="43,41,78,122,102,109,74,124,82,119,21,46,125" hai2="130,80,113,25,115,111,47,5,91,35,86,65,94" hai3="63,3,27,31,114,88,68,87,77,116,92,18,59"/><V55/><F130/><W96/><G116/><T90/><D123/><U131/><E119/><V117/><F117/><W128/><G3/><T49/><D112/><U58/><E131/><V48/><F111/><W98/><G128/><T83/><D40/><U33/><E33/><V101/><F5/><W79/><G68/><T1/><D71/><U50/><E109/><V2/><F2/><W44/><G114/><T99/><D1/><U52/><E122/><V93/><F35/><W89/><G44/><T29/><D29/><U24/><E102/><V73/><F25/><W13/><G31/><T17/><D83/><U30/><REACH who="1" step="1"/><E41/><REACH who="1" ten="149,234,328,279" step="2"/><V15/><F101/><W12/><G79/><T26/><D26/><U70/><E70/><V75/><F115/><W11/><G77/><T67/><D67/><U105/><E105/><V42/><F42/><W72/><G27/><T108/><D108/><U76/><E76/><V9/><F113/><W134/><G134/><T23/><D0/><U56/><E56/><V84/><F75/><W106/><G72/><T127/><D127/><U20/><E20/><V121/><F73/><W85/><G106/><T7/><D38/><AGARI ba="1,1" hai="21,24,30,38,43,46,50,52,58,74,78,82,124,125" machi="38" ten="40,2600,0" yaku="1,1,54,1,53,0" doraHai="60" doraHaiUra="62" who="1" fromWho="0" sc="149,-29,234,39,328,0,279,0" /><INIT seed="3,0,0,2,1,50" ten="120,273,328,279" oya="3" hai0="133,2,11,55,135,56,65,7,105,70,18,96,103" hai1="52,19,61,4,130,15,88,131,38,24,81,109,39" hai2="53,85,13,22,102,80,59,23,71,82,93,20,36" hai3="64,120,106,58,99,14,110,119,78,68,48,92,29"/><W124/><G120/><T104/><D104/><U84/><E4/><V31/><F36/><W100/><G119/><T63/><D18/><U107/><E24/><N who="2" m="16775" /><F71/><W118/><G118/><T16/><D70/><U132/><E107/><V108/><F108/><W89/><G110/><T9/><D65/><U33/><E33/><V72/><F72/><W115/><G115/><T74/><REACH who="0" step="1"/><D74/><REACH who="0" ten="110,273,328,279" step="2"/><U116/><E116/><V34/><F34/><W91/><G106/><T42/><D42/><U27/><E109/><V49/><F23/><W127/><G68/><T86/><D86/><U94/><E19/><N who="2" m="10607" /><F85/><W30/><G64/><T114/><D114/><U98/><E84/><V134/><F134/><W76/><G30/><T129/><D129/><U40/><E132/><V122/><F122/><W0/><G29/><T47/><D47/><U8/><E131/><V79/><F79/><W35/><G76/><T121/><D121/><U125/><E130/><V43/><F43/><W75/><G78/><T46/><D46/><U51/><E40/><V97/><AGARI ba="0,1" hai="49,53,59,80,82,93,97,102" m="10607,16775" machi="97" ten="30,2000,0" yaku="8,1,52,1" doraHai="50" who="2" fromWho="2" sc="110,-5,273,-5,328,30,279,-10" owari="105,-39.5,268,-13.2,358,45.8,269,6.9" /></mjloggm>