<mjloggm ver="2.3"><GO type="225" lobby="0"/><UN n0="%73%6C%69%63%6B%33%31%39" n1="%72%69%6F%75%63%68%61%6E" n2="%E3%82%B2%E3%82%B9%E8%8C%82%E5%8B%9D" n3="%E3%81%BF%E3%81%BF%E3%81%9A" dan="16,16,16,16" rate="2078.17,2096.37,2074.83,2185.54" sx="M,M,F,M"/><TAIKYOKU oya="0"/><INIT seed="0,0,0,4,2,76" ten="250,250,250,250" oya="0" hai0="89,114,63,91,122,45,95,130,59,81,0,93,78" hai1="134,24,83,67,44,33,133,107,9,79,14,49,6" hai2="126,110,132,53,108,124,98,96,29,54,113,34,88" hai3="92,19,1,5,52,117,118,70,125,50,51,28,120"/><T7/><D114/><U25/><E107/><V60/><F113/><W61/><G28/><T46/><D122/><U115/><E115/><V36/><F36/><W94/><G120/><T87/><D130/><U62/><E33/><V20/><F34/><W18/><G125/><N who="2" m="48233" /><F132/><N who="1" m="50793" /><E67/><V26/><F98/><W97/><G92/><T84/><D7/><U102/><E102/><V112/><F112/><W135/><G50/><T41/><D0/><U16/><E62/><V123/><F123/><W55/><G135/><T48/><D45/><U2/><E2/><V58/><F53/><W85/><G1/><T21/><D21/><U109/><E6/><V100/><F100/><N who="3" m="60471" /><G5/><T38/><D38/><U86/><E109/><N who="2" m="42091" /><F96/><W131/><G131/><T12/><D12/><U82/><E82/><V103/><F103/><W17/><G55/><AGARI ba="0,0" hai="9,14,16,24,25,44,49,55,79,83,86" m="50793" machi="55" ten="30,3900,0" yaku="20,1,52,1,54,1" doraHai="76" who="1" fromWho="3" sc="250,0,250,39,250,0,250,-39" /><INIT seed="1,0,0,0,2,47" ten="250,289,250,211" oya="1" hai0="135,95,128,119,117,23,107,98,7,15,75,104,6" hai1="133,11,122,93,108,92,22,90,54,76,12,3,55" hai2="58,79,57,109,60,10,41,86,49,36,62,13,80" hai3="97,52,14,124,28,27,121,43,89,129,126,39,72"/><U24/><E122/><V61/><F109/><W20/><G121/><T46/><D75/><U65/><E108/><V111/><F111/><W51/><G72/><T113/><D113/><U19/><E133/><V9/><F36/><W5/><G39/><T106/><D135/><U31/><E76/><V91/><F91/><W56/><G43/><T40/><D128/><U73/><E73/><V63/><N who="2" m="15360" /><DORA hai="101" /><V115/><F115/><W44/><G129/><T125/><D125/><N who="3" m="48233" /><G44/><T84/><D84/><U25/><E65/><V21/><F21/><W68/><G68/><T34/><D34/><U120/><E120/><V29/><F29/><W132/><G132/><T64/><D64/><U123/><E123/><V74/><F74/><W45/><G45/><T87/><D87/><U38/><E38/><V50/><F41/><W112/><G112/><T110/><D110/><U4/><E24/><V59/><F9/><N who="3" m="4399" /><G97/><T70/><D70/><U16/><E19/><AGARI ba="0,0" hai="10,13,19,49,50,57,58,59,79,80,86" m="15360" machi="19" ten="50,6400,0" yaku="8,1,52,2" doraHai="47,101" who="2" fromWho="1" sc="250,0,289,-64,250,64,211,0" /><INIT seed="2,0,0,1,4,74" ten="250,225,314,211" oya="2" hai0="6,30,52,97,127,1,71,107,106,110,77,83,89" hai1="118,38,37,26,16,29,3,50,19,21,94,81,79" hai2="84,4,133,67,11,44,8,55,15,20,86,14,93" hai3="63,87,49,27,78,128,13,47,88,41,68,117,31"/><V22/><F133/><W72/><G117/><T64/><D30/><U116/><E3/><V135/><F135/><W25/><G128/><T40/><D71/><U56/><E37/><V28/><F67/><W57/><G68/><T33/><D33/><U82/><E38/><V2/><F2/><W126/><G126/><T124/><D64/><U61/><E50/><N who="2" m="29127" /><F28/><W134/><G134/><T109/><D40/><U32/><E94/><V101/><F101/><W54/><G31/><T113/><D52/><U36/><E36/><V105/><F105/><N who="0" m="39946" /><D6/><U76/><E118/><V80/><F93/><W42/><G42/><T120/><D1/><U132/><E116/><V24/><F24/><W100/><G100/><T85/><D113/><U122/><E122/><V34/><F34/><W73/><G73/><N who="0" m="43439" /><D97/><U119/><E119/><V70/><F70/><W46/><G46/><T39/><D39/><U130/><E130/><V129/><F129/><W53/><G41/><T121/><D121/><U111/><E132/><V102/><F102/><W9/><G72/><T96/><D96/><U7/><E32/><V115/><F115/><W95/><REACH who="3" step="1"/><G78/><REACH who="3" ten="250,225,314,201" step="2"/><N who="1" m="29738" /><E29/><V59/><F86/><W123/><G123/><T69/><D69/><U75/><E75/><V35/><F84/><W12/><G12/><T99/><D120/><U92/><E26/><V17/><F35/><W45/><G45/><T43/><D43/><U125/><E125/><N who="0" m="48201" /><D99/><U91/><E56/><V62/><F59/><W10/><G10/><T18/><D85/><U104/><E21/><V66/><F22/><W65/><G65/><T90/><D89/><RYUUKYOKU ba="0,1" sc="250,-10,225,-10,314,-10,201,30" hai3="9,13,25,27,47,49,53,54,57,63,87,88,95" /><INIT seed="3,1,1,5,1,40" ten="240,215,304,231" oya="3" hai0="129,1,94,20,73,47,74,3,134,83,131,57,48" hai1="50,18,59,29,41,9,58,88,34,30,113,23,78" hai2="77,14,95,17,25,51,42,124,63,85,119,0,21" hai3="116,56,6,7,15,82,5,39,109,72,108,67,122"/><W22/><G116/><T118/><D118/><U101/><E113/><V4/><F124/><W13/><G122/><T115/><D115/><U114/><E114/><V106/><F106/><W76/><G39/><T86/><D134/><U92/><E34/><V36/><F119/><W75/><G75/><N who="0" m="28683" /><D57/><N who="1" m="21515" /><E101/><V38/><F0/><W79/><G79/><N who="0" m="46463" /><D94/><U43/><E78/><V62/><F36/><W90/><G90/><T121/><D20/><U105/><E105/><V28/><F38/><W49/><G22/><T37/><D37/><U132/><E132/><V87/><F4/><W81/><G81/><T100/><D100/><U53/><E9/><N who="2" m="6351" /><F87/><W66/><G13/><T11/><D11/><U91/><E91/><N who="2" m="53743" /><F77/><W111/><G15/><T68/><D68/><U27/><E29/><V102/><F102/><W60/><REACH who="3" step="1"/><G49/><REACH who="3" ten="240,215,304,221" step="2"/><T65/><D48/><U55/><E30/><V70/><F70/><W127/><G127/><T61/><D121/><U89/><E89/><V117/><F117/><W107/><G107/><T126/><D126/><U128/><E128/><V133/><F133/><W96/><G96/><T71/><D1/><U44/><E43/><V110/><F42/><W46/><G46/><T54/><D3/><U103/><E103/><V45/><F45/><W97/><G97/><AGARI ba="1,2" hai="18,23,27,41,44,50,53,55,88,92,97" m="21515" machi="97" ten="30,3900,0" yaku="8,1,52,1,54,1" doraHai="40" who="1" fromWho="3" sc="240,0,215,62,304,0,221,-42" owari="240,-16.0,277,7.7,304,40.4,179,-32.1" /></mjloggm>