<mjloggm ver="2.3"><GO type="225" lobby="0"/><UN n0="%E3%83%81%E3%83%AF%E3%83%AF%E9%9A%8A%E9%95%B7" n1="%E3%81%A4%E3%81%A3%E3%81%B1%E3%82%8A%E3%83%9D%E3%83%BC%E3%83%AB" n2="%E5%A4%9C%E3%81%AE%E3%82%AC%E3%82%B9%E3%83%91%E3%83%BC%E3%83%AB" n3="%EF%BC%94%36" dan="17,16,17,16" rate="2225.74,2173.54,2181.67,2066.13" sx="M,M,M,M"/><TAIKYOKU oya="0"/><INIT seed="0,0,0,3,0,36" ten="250,250,250,250" oya="0" hai0="19,73,124,77,113,120,3,47,127,125,135,59,69" hai1="81,34,27,121,67,118,76,72,38,42,17,48,111" hai2="134,18,58,84,89,33,49,75,40,23,52,83,41" hai3="117,6,106,57,93,68,131,11,96,74,80,87,130"/><T99/><D69/><U46/><E118/><V61/><F33/><W109/><G68/><T128/><D113/><U24/><E121/><V26/><F134/><W10/><G117/><T88/><D120/><U2/><E111/><V132/><F132/><W123/><G123/><T92/><D135/><U15/><E2/><V56/><REACH who="2" step="1"/><F75/><REACH who="2" ten="250,250,240,250" step="2"/><W5/><G74/><T62/><D73/><U115/><E34/><V64/><AGARI ba="0,1" hai="18,23,26,40,41,49,52,56,58,61,64,83,84,89" machi="64" ten="20,16000,3" yaku="1,1,2,1,0,1,7,1,8,1,52,2,54,1,53,0" doraHai="36" doraHaiUra="29" who="2" fromWho="2" sc="250,-80,250,-40,240,170,250,-40" /><INIT seed="1,0,0,0,4,112" ten="170,210,410,210" oya="1" hai0="9,36,60,122,92,76,3,96,73,83,61,116,31" hai1="90,110,40,29,119,51,105,87,114,20,82,17,53" hai2="67,70,25,39,124,104,8,100,42,107,133,113,44" hai3="106,30,89,35,14,41,93,50,16,18,10,54,101"/><U121/><E121/><V79/><F124/><W46/><G106/><T78/><D122/><U62/><E114/><V26/><F113/><W34/><G101/><T63/><D76/><U32/><E105/><V88/><F133/><W128/><G128/><T66/><D36/><U123/><E123/><V0/><F79/><W48/><G30/><T77/><D77/><U38/><E119/><V109/><F109/><W59/><REACH who="3" step="1"/><G18/><REACH who="3" ten="170,210,410,200" step="2"/><T95/><D31/><U13/><E29/><V103/><F100/><W74/><G74/><T28/><D28/><U22/><E110/><V135/><F103/><W43/><G43/><T19/><D19/><U132/><E40/><V49/><F107/><W71/><G71/><T86/><D73/><U56/><E132/><V72/><F70/><W12/><G12/><T130/><D130/><U6/><E32/><V126/><F72/><W47/><G47/><T117/><D66/><N who="1" m="39239" /><E17/><V24/><F104/><W127/><G127/><T69/><D69/><U84/><E13/><V111/><F126/><W52/><G52/><T11/><D3/><U37/><E53/><V57/><F111/><W45/><G45/><T27/><D27/><U80/><E38/><V58/><F135/><W4/><G4/><T23/><D117/><U118/><E37/><V65/><F39/><W85/><AGARI ba="0,1" hai="10,14,16,34,35,41,46,48,50,54,59,85,89,93" machi="85" ten="20,8000,1" yaku="1,1,0,1,7,1,54,1,53,1" doraHai="112" doraHaiUra="5" who="3" fromWho="3" sc="170,-20,210,-40,410,-20,200,90" /><INIT seed="2,0,0,2,1,111" ten="150,170,390,290" oya="2" hai0="43,19,91,64,73,122,126,104,110,86,118,74,109" hai1="38,105,7,84,45,35,103,44,37,48,36,60,20" hai2="24,57,96,42,11,34,31,54,130,8,9,131,93" hai3="41,63,77,52,132,40,106,2,5,28,107,134,127"/><V3/><F42/><N who="3" m="16491" /><G77/><T13/><D122/><U112/><E35/><V135/><F3/><W108/><G108/><N who="0" m="41579" /><D104/><U21/><E7/><V39/><F39/><W81/><G28/><T79/><D118/><U90/><E112/><V121/><F135/><N who="3" m="51755" /><G81/><T116/><D116/><U133/><E60/><V92/><F121/><W61/><G127/><T69/><D126/><U98/><E133/><V23/><F34/><W125/><G125/><T26/><D79/><U58/><E58/><V62/><F96/><W66/><G5/><T76/><D76/><U83/><REACH who="1" step="1"/><E48/><REACH who="1" ten="150,160,390,290" step="2"/><V32/><F32/><W78/><G61/><T95/><D69/><U115/><E115/><V114/><F114/><W15/><G63/><T80/><D64/><U71/><E71/><V102/><F62/><W49/><G66/><T51/><D51/><U68/><E68/><V14/><F57/><W72/><G2/><T59/><D59/><U50/><E50/><V99/><F130/><W117/><G117/><T47/><D47/><AGARI ba="0,1" hai="20,21,36,37,38,44,45,47,83,84,90,98,103,105" machi="47" ten="40,2600,0" yaku="1,1,53,1" doraHai="111" doraHaiUra="97" who="1" fromWho="0" sc="150,-26,160,36,390,0,290,0" /><INIT seed="3,0,0,2,5,62" ten="124,196,390,290" oya="3" hai0="118,102,106,35,90,83,40,9,43,110,54,86,58" hai1="37,70,84,55,13,65,64,132,51,34,80,44,29" hai2="21,26,25,79,96,127,57,94,36,4,114,16,82" hai3="56,46,48,39,22,61,91,5,24,59,68,30,8"/><W38/><G68/><T122/><D118/><U103/><E132/><V67/><F127/><W63/><G91/><T115/><D122/><U104/><E70/><V81/><F36/><W47/><G47/><T31/><D115/><U49/><E37/><V1/><F114/><W28/><G28/><T50/><D110/><U11/><E104/><V78/><F1/><W73/><G73/><T18/><D106/><U14/><E103/><V72/><F4/><W19/><G30/><T52/><D102/><U97/><E97/><V71/><F71/><W129/><G129/><T113/><D113/><U69/><E69/><V99/><F26/><W60/><G39/><T15/><D35/><U17/><E29/><V20/><F20/><W120/><G38/><T101/><D101/><U92/><E92/><V45/><F45/><W93/><G93/><T130/><D130/><U42/><E14/><V3/><F3/><W2/><REACH who="3" step="1"/><G120/><REACH who="3" ten="124,196,390,280" step="2"/><T107/><D107/><U75/><E75/><V12/><F94/><W123/><G123/><T87/><D31/><U131/><E131/><V77/><F72/><W53/><AGARI ba="0,1" hai="2,5,8,19,22,24,46,48,53,56,59,60,61,63" machi="53" ten="30,3000,0" yaku="1,1,0,1,53,0" doraHai="62" doraHaiUra="121" who="3" fromWho="3" sc="124,-10,196,-10,390,-10,280,40" /><INIT seed="3,1,0,0,4,75" ten="114,186,380,320" oya="3" hai0="15,57,1,14,9,2,94,62,12,46,81,99,60" hai1="72,109,74,134,49,85,11,10,59,53,50,8,111" hai2="86,115,88,105,29,16,48,90,125,67,56,84,113" hai3="26,100,0,107,108,27,43,21,98,71,23,102,117"/><W96/><G0/><T54/><D1/><U135/><E85/><V34/><F105/><W28/><G71/><T32/><D32/><U65/><E65/><V45/><F125/><W58/><G117/><T114/><D114/><U93/><E93/><V126/><F126/><W17/><G108/><N who="1" m="41546" /><E50/><V19/><F29/><W51/><G58/><T89/><D2/><U76/><E76/><V101/><F101/><W69/><G69/><T110/><D110/><U77/><E77/><V92/><F34/><W124/><G124/><T7/><D62/><U120/><E120/><V121/><F121/><W130/><G130/><T78/><REACH who="0" step="1"/><D46/><REACH who="0" ten="104,186,380,320" step="2"/><U41/><E41/><V30/><F115/><W20/><G43/><T118/><D118/><U122/><E122/><V116/><F113/><W44/><G44/><T87/><AGARI ba="1,1" hai="7,9,12,14,15,54,57,60,78,81,87,89,94,99" machi="87" ten="20,8000,1" yaku="1,1,0,1,7,1,8,1,52,1,53,0" doraHai="75" doraHaiUra="104" who="0" fromWho="0" sc="104,93,186,-21,380,-21,320,-41" owari="197,-20.3,165,-33.5,359,45.9,279,7.9" /></mjloggm>