<mjloggm ver="2.3"><GO type="225" lobby="0"/><UN n0="%6D%75%75%73%61%6E%6D%75" n1="%E6%A1%9C%E8%8A%B1%E9%96%83%E3%80%85" n2="%E7%99%BD%E6%97%A5%E9%9B%AA%E8%8F%9C" n3="%E6%B0%B7%E5%B7%9D%E9%87%8C%E5%A5%88" dan="16,16,17,16" rate="2121.45,2195.87,2230.27,2095.14" sx="F,M,M,F"/><TAIKYOKU oya="0"/><INIT seed="0,0,0,1,2,44" ten="250,250,250,250" oya="0" hai0="126,12,93,108,7,43,111,72,36,34,131,129,121" hai1="40,52,48,53,59,33,130,3,45,102,112,58,23" hai2="67,89,11,18,117,69,60,125,99,110,4,92,27" hai3="55,100,2,21,22,85,128,97,107,16,13,46,5"/><T98/><D121/><U96/><E33/><V103/><F110/><N who="0" m="42026" /><D34/><U76/><E130/><N who="0" m="49673" /><D72/><U135/><E135/><V24/><F125/><W66/><G128/><T9/><D126/><U74/><E3/><V116/><F18/><W114/><G114/><T31/><D31/><U14/><E112/><V90/><F90/><W63/><G5/><T68/><D68/><U32/><E76/><V94/><F116/><W88/><G2/><T38/><D43/><U54/><E74/><V86/><F117/><W134/><G134/><T81/><D81/><U133/><E32/><V84/><F84/><W39/><G39/><T64/><D64/><U37/><E37/><V82/><F82/><W132/><G132/><T19/><D7/><U118/><E118/><V83/><F83/><W80/><G66/><T0/><D0/><AGARI ba="0,0" hai="0,4,11,24,27,60,67,69,86,89,92,94,99,103" machi="0" ten="30,1000,0" yaku="7,1" doraHai="44" who="2" fromWho="0" sc="250,-10,250,0,250,10,250,0" /><INIT seed="1,0,0,3,2,98" ten="240,250,260,250" oya="1" hai0="122,104,33,73,76,86,102,59,96,118,128,133,3" hai1="113,47,135,90,22,43,88,19,80,30,71,81,117" hai2="52,123,53,55,121,70,46,28,38,35,44,10,9" hai3="85,14,7,37,131,63,97,20,83,24,108,34,119"/><U126/><E117/><V41/><F70/><W23/><G119/><T103/><D118/><U67/><E113/><V72/><F72/><W48/><G37/><T95/><D33/><U93/><E126/><V107/><F107/><W27/><G108/><T69/><D69/><U12/><E135/><V100/><F100/><W39/><G39/><T40/><D3/><U114/><E114/><V57/><F44/><W31/><G131/><T132/><D40/><U130/><E130/><V115/><F115/><W61/><G34/><T17/><D128/><U64/><E30/><V66/><F66/><N who="1" m="25129" /><E71/><V120/><REACH who="2" step="1"/><F57/><REACH who="2" ten="240,250,250,250" step="2"/><W79/><G48/><T49/><D73/><U16/><E47/><V89/><F89/><N who="1" m="34409" /><E43/><V82/><F82/><W13/><G97/><T92/><D132/><U15/><E93/><V87/><F87/><W127/><G127/><T21/><D133/><U56/><E56/><V68/><F68/><W26/><G61/><T45/><D59/><U94/><E94/><V74/><F74/><W62/><G62/><T101/><D104/><U134/><E134/><V60/><F60/><W0/><G63/><T5/><D95/><U8/><AGARI ba="0,1" hai="8,12,15,16,19,22,80,81" m="34409,25129" machi="8" ten="30,6000,0" yaku="8,1,54,2" doraHai="98" who="1" fromWho="1" sc="240,-20,250,70,250,-20,250,-20" /><INIT seed="1,1,0,1,4,82" ten="220,320,230,230" oya="1" hai0="64,92,67,23,28,129,119,91,24,26,118,76,95" hai1="22,105,121,2,109,47,78,25,113,39,88,38,55" hai2="83,45,0,80,12,107,53,16,116,90,7,98,86" hai3="111,100,10,68,128,34,126,21,77,89,69,84,29"/><U54/><E113/><V1/><F116/><W108/><G34/><T52/><D129/><U4/><E121/><V36/><F7/><W15/><G128/><T115/><D76/><U99/><E78/><V35/><F35/><W131/><G131/><T127/><D115/><U17/><E109/><N who="3" m="42058" /><G126/><T19/><D127/><U125/><E125/><V43/><F80/><N who="3" m="49287" /><G100/><T44/><D95/><U42/><E39/><V46/><F107/><W61/><G61/><T102/><D102/><U59/><E105/><V30/><F30/><W122/><G77/><T87/><D118/><U81/><E59/><V48/><REACH who="2" step="1"/><F98/><REACH who="2" ten="220,320,220,230" step="2"/><W134/><G122/><T58/><D119/><U9/><REACH who="1" step="1"/><E99/><REACH who="1" ten="220,310,220,230" step="2"/><V120/><F120/><W114/><G114/><T56/><D56/><U104/><E104/><V32/><F32/><W40/><G69/><T101/><D58/><U57/><E57/><V27/><F27/><W65/><G68/><T133/><D26/><U93/><E93/><V117/><F117/><W37/><G65/><T96/><D67/><U94/><E94/><V20/><AGARI ba="1,2" hai="0,1,12,16,20,36,43,45,46,48,53,83,86,90" machi="20" ten="20,12000,2" yaku="1,1,0,1,7,1,52,1,54,1,53,1" doraHai="82" doraHaiUra="51" who="2" fromWho="2" sc="220,-31,310,-61,220,143,230,-31" /><INIT seed="2,0,0,0,0,126" ten="189,249,363,199" oya="2" hai0="92,86,63,94,110,56,109,9,113,79,131,83,49" hai1="84,108,13,70,10,102,96,73,42,53,35,87,91" hai2="67,81,29,120,17,133,16,68,47,107,116,75,0" hai3="76,121,3,129,69,115,134,98,31,48,39,135,103"/><V58/><F116/><W43/><G121/><T25/><D113/><U112/><E73/><V97/><F0/><W5/><G115/><T15/><D49/><U62/><E112/><V132/><F120/><W34/><G39/><T101/><D25/><U59/><E108/><N who="0" m="41577" /><D101/><U22/><E35/><V127/><F127/><W88/><G69/><T55/><D131/><U27/><E42/><V90/><F68/><W28/><G76/><T99/><D99/><U106/><E91/><V4/><F4/><AGARI ba="0,0" hai="4,9,15,55,56,63,79,83,86,92,94" m="41577" machi="4" ten="30,1000,0" yaku="14,1" doraHai="126" who="0" fromWho="2" sc="189,10,249,0,363,-10,199,0" /><INIT seed="3,0,0,5,0,122" ten="199,249,353,199" oya="3" hai0="44,107,90,26,80,97,96,123,32,84,87,55,7" hai1="64,34,56,5,86,45,69,115,37,39,92,77,78" hai2="111,65,30,91,61,126,106,79,112,121,54,131,43" hai3="89,38,120,41,110,36,129,19,88,21,82,133,25"/><W8/><G120/><T3/><D123/><U59/><E34/><V83/><F112/><W114/><G114/><T42/><D107/><U24/><E24/><V118/><F118/><W17/><G133/><T2/><D2/><U132/><E92/><V58/><F106/><W47/><G129/><T29/><D55/><U119/><E86/><V100/><F100/><W28/><G38/><T130/><D130/><U93/><E45/><V95/><F43/><W113/><G113/><T40/><D40/><U75/><E93/><V27/><F126/><W60/><G60/><T66/><D66/><U134/><E5/><V23/><F131/><W22/><G82/><T103/><D103/><U67/><E115/><V108/><F121/><W72/><G72/><T70/><D70/><U6/><E6/><V9/><F9/><W63/><G63/><T62/><D62/><U76/><E69/><V52/><F83/><W98/><G98/><T11/><D84/><U12/><E12/><V124/><F79/><W4/><G110/><N who="2" m="42025" /><F124/><W135/><G135/><N who="1" m="51754" /><E75/><V71/><F71/><W104/><G104/><T117/><D117/><U57/><E119/><V105/><F105/><W51/><G36/><AGARI ba="0,0" hai="3,7,11,26,29,32,36,42,44,80,87,90,96,97" machi="36" ten="30,1000,0" yaku="7,1" doraHai="122" who="0" fromWho="3" sc="199,10,249,0,353,0,199,-10" /><AGARI ba="0,0" hai="36,37,39,56,57,59,64,67,76,77,78" m="51754" machi="36" ten="40,5200,0" yaku="28,2,20,1" doraHai="122" who="1" fromWho="3" sc="209,0,249,52,353,0,189,-52" owari="209,-19.1,301,10.1,353,45.3,137,-36.3" /></mjloggm>