<mjloggm ver="2.3"><GO type="225" lobby="0"/><UN n0="%E3%81%95%E3%81%8D%E3%81%9F%E3%81%BE%E6%9E%97%E6%AA%8E" n1="%E9%80%9F%E6%B0%B4%E5%87%9B%E9%A6%99" n2="%E3%83%AB%E3%83%9B%E3%83%B3%E3%83%87%E3%82%A3%E3%82%A8" n3="%E3%81%8F%E3%82%8A%E3%83%94%E3%83%BC" dan="16,16,17,16" rate="2155.12,2179.83,2164.39,2114.41" sx="M,F,M,M"/><TAIKYOKU oya="0"/><INIT seed="0,0,0,1,3,46" ten="250,250,250,250" oya="0" hai0="64,49,24,47,88,83,91,116,129,62,101,65,113" hai1="3,17,41,8,133,15,12,5,93,2,6,99,18" hai2="86,4,135,68,27,121,56,9,50,16,85,108,117" hai3="48,109,94,61,34,122,35,44,20,69,23,26,114"/><T107/><D113/><U77/><E77/><V63/><F121/><W80/><G114/><T10/><D116/><U70/><E93/><V74/><F74/><W43/><G109/><T130/><D107/><U98/><E98/><V32/><F135/><W54/><G122/><T75/><D101/><U92/><E92/><V78/><F68/><W89/><G20/><T25/><D10/><N who="1" m="6295" /><E99/><V19/><F32/><W7/><G7/><N who="1" m="2570" /><E41/><V126/><F78/><W40/><G80/><T103/><D103/><U58/><E58/><V127/><F56/><N who="3" m="34967" /><G35/><T118/><D118/><U13/><E70/><V76/><F76/><W1/><G1/><N who="1" m="10" /><E133/><V22/><F117/><W120/><G34/><T11/><D11/><U97/><E97/><V30/><F63/><W38/><G38/><T95/><D75/><U72/><E72/><V14/><F108/><W57/><G57/><N who="0" m="36943" /><D65/><U60/><E60/><V36/><F36/><W105/><G105/><T131/><D83/><U110/><E110/><V104/><F104/><W128/><G69/><T71/><D71/><U81/><E81/><V84/><REACH who="2" step="1"/><F50/><REACH who="2" ten="250,250,240,250" step="2"/><W67/><G48/><T100/><D100/><U132/><E132/><V29/><F29/><W115/><G120/><T79/><D79/><U96/><E96/><V39/><F39/><W90/><G115/><T123/><D123/><U134/><E134/><V51/><F51/><W106/><G106/><T66/><D66/><U33/><E33/><V125/><AGARI ba="0,1" hai="4,9,14,16,19,22,27,30,84,85,86,125,126,127" machi="125" ten="40,12000,2" yaku="1,1,0,1,18,1,54,1,53,3" doraHai="46" doraHaiUra="82" who="2" fromWho="2" sc="250,-60,250,-30,240,130,250,-30" /><INIT seed="1,0,0,5,0,129" ten="190,220,370,220" oya="1" hai0="74,121,86,53,4,117,82,128,7,116,120,80,124" hai1="81,31,84,69,38,16,36,5,96,97,27,41,52" hai2="109,68,75,108,11,78,9,79,39,127,32,14,104" hai3="44,76,115,126,26,22,133,61,25,101,6,130,18"/><U70/><E36/><V13/><F68/><W35/><G115/><T58/><D128/><U90/><E38/><V110/><F39/><W111/><G130/><T95/><D95/><U106/><E106/><V100/><F32/><W10/><G111/><T103/><D103/><U56/><E41/><V87/><F127/><W51/><G126/><T40/><D40/><U73/><E73/><V66/><F66/><W63/><G101/><T119/><D124/><U122/><E122/><N who="0" m="47209" /><D74/><U92/><E5/><N who="0" m="2121" /><D86/><U12/><E69/><V114/><F87/><W135/><G76/><N who="2" m="29225" /><F75/><W20/><G35/><T98/><D98/><U15/><E70/><V47/><F47/><W89/><G89/><T2/><D2/><U0/><E0/><V55/><F55/><N who="3" m="30183" /><G10/><N who="2" m="3593" /><F114/><W132/><G6/><T88/><D88/><N who="1" m="55303" /><E31/><AGARI ba="0,0" hai="18,20,22,25,26,31,61,63,132,133,135" m="30183" machi="31" ten="30,7700,0" yaku="20,1,52,3" doraHai="129" who="3" fromWho="1" sc="190,0,220,-77,370,0,220,77" /><INIT seed="2,0,0,4,0,65" ten="190,143,370,297" oya="2" hai0="66,20,23,62,130,56,82,42,61,31,104,95,52" hai1="71,113,18,41,124,60,24,19,47,80,51,96,109" hai2="34,125,120,88,100,85,111,48,110,13,6,90,37" hai3="64,72,79,98,59,78,67,106,94,69,133,38,54"/><V32/><F37/><W30/><G106/><T44/><D104/><U135/><E113/><V3/><F3/><W97/><G38/><T12/><D130/><U114/><E114/><V134/><F120/><W11/><G72/><T28/><D82/><U14/><E109/><N who="2" m="41483" /><F100/><W91/><G69/><T57/><D95/><U7/><E135/><V4/><F134/><W8/><G30/><T35/><D35/><N who="2" m="13354" /><F125/><W103/><G133/><T132/><D132/><U101/><E124/><V118/><F118/><W128/><G128/><T116/><D116/><U76/><E24/><V75/><F75/><W117/><G117/><T73/><D73/><U1/><E1/><V26/><F26/><W58/><G103/><T25/><D42/><U99/><E99/><V121/><F121/><W40/><G40/><T46/><D12/><U53/><E96/><V33/><F33/><W87/><G98/><T89/><D89/><N who="2" m="34410" /><F85/><W22/><G87/><T107/><D107/><U131/><E101/><V55/><F13/><W112/><G97/><T9/><D9/><N who="1" m="4415" /><E131/><V10/><F10/><W92/><G8/><T15/><D15/><U21/><E21/><V108/><N who="2" m="41491" /><V115/><DORA hai="43" /><F115/><W74/><G11/><T123/><D123/><U102/><E102/><V70/><F70/><W86/><G22/><T39/><D39/><U27/><E27/><AGARI ba="0,0" hai="20,23,25,27,28,31,44,46,52,56,57,61,62,66" machi="27" ten="40,8000,1" yaku="9,1,8,1,52,2,54,1" doraHai="65,43" who="0" fromWho="1" sc="190,80,143,-80,370,0,297,0" /><INIT seed="3,0,0,0,3,39" ten="270,63,370,297" oya="3" hai0="73,40,21,2,117,55,118,6,106,45,11,25,98" hai1="128,111,1,74,59,54,65,133,68,52,127,38,89" hai2="28,29,35,108,114,12,24,66,57,119,99,19,69" hai3="41,85,90,135,86,77,64,67,37,33,100,78,87"/><W58/><G33/><T51/><D73/><U42/><E89/><V94/><F69/><W96/><G135/><T130/><D130/><U102/><E102/><V107/><F107/><W123/><G123/><T7/><D7/><U56/><E74/><V126/><F119/><W49/><G37/><T95/><D106/><U88/><E88/><V18/><F114/><W10/><G100/><T62/><D62/><U131/><E1/><V84/><F84/><N who="3" m="32363" /><G10/><T63/><D63/><U4/><E4/><V104/><F104/><W27/><G27/><T132/><D132/><U79/><E79/><N who="3" m="30218" /><G96/><T17/><REACH who="0" step="1"/><D55/><REACH who="0" ten="260,63,370,297" step="2"/><U53/><E133/><V34/><F66/><W82/><G67/><T101/><AGARI ba="0,1" hai="2,6,11,17,21,25,40,45,51,95,98,101,117,118" machi="101" ten="20,12000,2" yaku="1,1,2,1,0,1,7,1,52,1,53,1" doraHai="39" doraHaiUra="43" who="0" fromWho="0" sc="260,130,63,-30,370,-30,297,-60" owari="390,49.0,33,-46.7,340,14.0,237,-16.3" /></mjloggm>