<mjloggm ver="2.3"><GO type="225" lobby="0"/><UN n0="%72%69%6F%75%63%68%61%6E" n1="%63%68%78%62%64" n2="%6D%75%75%6D%75%72%61" n3="%E8%B6%85%E7%B4%9A%E9%B3%B3%E5%87%B0" dan="17,16,16,16" rate="2127.09,2143.85,2125.88,2144.95" sx="M,M,F,M"/><TAIKYOKU oya="0"/><INIT seed="0,0,0,3,1,128" ten="250,250,250,250" oya="0" hai0="134,40,98,107,123,102,67,57,110,60,29,7,50" hai1="23,12,24,44,45,25,13,1,82,14,130,63,124" hai2="92,83,72,103,39,118,117,90,33,96,81,4,76" hai3="119,64,11,28,79,111,70,109,8,99,86,69,65"/><T59/><D134/><U61/><E130/><V19/><F33/><W17/><G119/><N who="2" m="45577" /><F39/><W21/><G99/><T43/><D123/><U34/><E1/><V37/><F37/><W85/><G28/><T129/><D129/><U20/><E82/><N who="2" m="45319" /><F19/><W48/><G48/><T42/><D110/><U68/><E68/><V121/><F4/><W108/><G79/><T104/><D29/><U87/><E87/><N who="3" m="33290" /><G17/><T46/><D7/><U9/><E9/><N who="3" m="3658" /><G21/><N who="1" m="8266" /><E34/><V95/><F121/><W49/><G49/><T47/><REACH who="0" step="1"/><D104/><REACH who="0" ten="240,250,250,250" step="2"/><U16/><E16/><V77/><F77/><W101/><G108/><T6/><D6/><U31/><E31/><V113/><F113/><W62/><G109/><T53/><AGARI ba="0,1" hai="40,42,43,46,47,50,53,57,59,60,67,98,102,107" machi="53" ten="30,3000,0" yaku="1,1,0,1,53,0" doraHai="128" doraHaiUra="133" who="0" fromWho="0" sc="240,40,250,-10,250,-10,250,-10" /><INIT seed="0,1,0,5,1,130" ten="280,240,240,240" oya="0" hai0="55,81,52,29,83,101,96,103,45,132,135,50,134" hai1="124,82,58,112,44,116,53,133,26,85,102,34,38" hai2="3,33,67,98,62,37,100,9,106,109,128,22,51" hai3="121,70,31,126,111,123,6,57,54,35,7,78,94"/><T73/><D29/><U72/><E116/><V93/><F128/><W56/><G70/><T61/><D73/><U1/><E112/><V129/><F129/><W41/><G111/><T107/><D101/><U36/><E1/><V42/><F33/><W66/><G126/><T120/><D120/><N who="3" m="46153" /><G41/><T14/><D14/><U39/><E72/><V79/><F37/><W119/><G119/><T0/><D0/><U80/><E133/><V47/><F109/><W16/><G78/><T49/><D61/><U12/><E102/><V68/><F79/><W48/><G94/><T118/><D118/><U97/><E97/><V131/><F131/><W25/><G16/><T60/><D60/><AGARI ba="1,0" hai="6,7,25,31,35,48,54,56,57,60,66" m="46153" machi="60" ten="30,1000,0" yaku="13,1" doraHai="130" who="3" fromWho="0" sc="280,-13,240,0,240,0,240,13" /><INIT seed="1,0,0,2,4,49" ten="267,240,240,253" oya="1" hai0="79,134,90,116,122,29,51,66,44,18,89,58,121" hai1="35,105,77,55,61,42,127,108,112,46,12,0,65" hai2="119,91,102,129,128,74,113,67,93,83,133,17,80" hai3="45,130,32,68,40,85,3,21,25,131,94,120,132"/><U118/><E105/><V75/><F67/><W52/><G120/><N who="0" m="46187" /><D116/><U95/><E0/><V107/><F17/><W41/><G68/><T88/><D134/><U100/><E118/><V10/><F10/><W36/><G32/><T72/><D29/><U103/><E112/><V84/><F119/><W106/><G106/><T19/><D79/><U115/><E35/><V14/><F14/><W4/><G132/><T5/><D72/><N who="2" m="27690" /><F133/><W30/><G40/><N who="0" m="24967" /><D5/><U99/><E115/><V62/><F62/><AGARI ba="0,0" hai="18,19,58,62,66,88,89,90" m="24967,46187" machi="62" ten="30,2000,0" yaku="13,1,54,1" doraHai="49" who="0" fromWho="2" sc="267,20,240,0,240,-20,253,0" /><INIT seed="2,0,0,1,2,59" ten="287,240,220,253" oya="2" hai0="17,32,9,130,77,122,76,99,119,16,102,93,23" hai1="72,61,47,50,87,35,134,15,52,75,128,133,109" hai2="66,116,81,74,1,95,101,112,28,45,71,69,62" hai3="89,44,2,33,40,31,11,29,115,88,37,10,79"/><V25/><F112/><W94/><G115/><T58/><D122/><U86/><E35/><V48/><F116/><W124/><G124/><T42/><D32/><U53/><E109/><V57/><F1/><W135/><G135/><N who="1" m="51722" /><E15/><V14/><F14/><W103/><G79/><T98/><D130/><U63/><E128/><V70/><F81/><W34/><G103/><T85/><D119/><U20/><E20/><V18/><F18/><W4/><G10/><T67/><D42/><U125/><E125/><V13/><F13/><W110/><G110/><T117/><D117/><U54/><E50/><V39/><F39/><W113/><G113/><T107/><D9/><U56/><E47/><V64/><F74/><N who="1" m="28201" /><E56/><V22/><F66/><W82/><G82/><T30/><D30/><U106/><E106/><V129/><F129/><W27/><REACH who="3" step="1"/><G94/><REACH who="3" ten="287,240,220,243" step="2"/><T8/><D8/><U90/><E87/><V96/><REACH who="2" step="1"/><F71/><REACH who="2" ten="287,240,210,243" step="2"/><W12/><G12/><T123/><D76/><U43/><E43/><AGARI ba="0,2" hai="22,25,28,43,45,48,57,62,64,69,70,95,96,101" machi="43" ten="30,18000,2" yaku="1,1,2,1,7,1,25,2,52,1,53,0" doraHai="59" doraHaiUra="100" who="2" fromWho="1" sc="287,0,240,-180,210,200,243,0" /><INIT seed="2,1,0,0,2,115" ten="287,60,410,243" oya="2" hai0="74,36,135,23,87,54,21,82,101,113,47,5,73" hai1="108,104,111,35,129,117,34,37,120,31,70,25,114" hai2="75,124,118,1,80,71,93,26,15,126,60,63,92" hai3="10,119,107,68,40,94,38,32,90,39,12,49,121"/><V55/><F1/><W132/><G121/><T19/><D113/><U2/><E25/><V91/><F118/><W6/><G107/><T14/><D135/><U4/><E4/><V72/><F26/><W96/><G32/><T0/><D101/><U128/><E31/><V99/><F15/><W9/><G68/><T116/><D116/><U30/><E30/><V61/><F71/><W11/><G119/><T69/><D69/><U123/><E35/><V45/><F92/><W78/><G132/><T43/><D21/><U97/><E97/><V48/><REACH who="2" step="1"/><F80/><REACH who="2" ten="287,60,400,243" step="2"/><W84/><G12/><T59/><D0/><U85/><E120/><V105/><F105/><W42/><G94/><T130/><D5/><U53/><E128/><V51/><F51/><W125/><G6/><T13/><D14/><U3/><E3/><V57/><F57/><W66/><G49/><T89/><REACH who="0" step="1"/><D130/><REACH who="0" ten="277,60,400,243" step="2"/><U102/><E102/><V67/><F67/><W112/><G66/><T86/><D86/><U18/><E129/><V103/><F103/><W17/><G84/><T134/><D134/><U52/><E85/><V56/><F56/><W22/><G112/><T122/><D122/><U88/><E70/><V64/><F64/><W28/><G9/><T7/><D7/><U20/><E114/><V76/><F76/><W83/><G10/><T8/><D8/><U98/><E2/><V81/><F81/><W29/><G11/><T27/><D27/><U16/><E117/><V127/><AGARI ba="1,2" hai="45,48,55,60,61,63,72,75,91,93,99,124,126,127" machi="127" ten="40,7800,0" yaku="1,1,0,1,18,1,53,0" doraHai="115" doraHaiUra="24" who="2" fromWho="2" sc="277,-27,60,-27,400,101,243,-27" /><INIT seed="2,2,0,4,4,9" ten="250,33,501,216" oya="2" hai0="4,65,131,45,7,62,26,51,27,25,115,17,84" hai1="105,29,6,54,68,96,5,13,110,12,111,3,10" hai2="130,48,1,43,24,133,19,77,82,90,44,40,100" hai3="76,112,46,93,107,95,124,67,23,109,88,0,36"/><V103/><F1/><W94/><G107/><T91/><D131/><U125/><E68/><V81/><F133/><W106/><G106/><T32/><D115/><U79/><E79/><V61/><F43/><W22/><G0/><T101/><D32/><U33/><E54/><V119/><F119/><W71/><G112/><T28/><D101/><U39/><E39/><V113/><F103/><W135/><G135/><T55/><D28/><U98/><E98/><V102/><F90/><W122/><G122/><T64/><D17/><U73/><E73/><V87/><F19/><W118/><G118/><T50/><D50/><U117/><E96/><V83/><F83/><W126/><G109/><N who="1" m="41482" /><E117/><V21/><F77/><W86/><G76/><T75/><D75/><U16/><E105/><V72/><F102/><W11/><G11/><T99/><D99/><U41/><E41/><V30/><F40/><N who="3" m="22791" /><G71/><T49/><D49/><U52/><E52/><V120/><F48/><W38/><G67/><N who="0" m="25675" /><D62/><U57/><E57/><V114/><F61/><W15/><G38/><T123/><D123/><U132/><E132/><V78/><F100/><W18/><G23/><T134/><D134/><U121/><E121/><V2/><F120/><W104/><G104/><T108/><D108/><U63/><E63/><V89/><F114/><W127/><AGARI ba="2,0" hai="15,18,22,86,88,93,94,95,124,126,127" m="22791" machi="127" ten="30,4000,0" yaku="18,1,52,1,54,1" doraHai="9" who="3" fromWho="3" sc="250,-12,33,-12,501,-22,216,46" /><INIT seed="3,0,0,5,0,25" ten="238,21,479,262" oya="3" hai0="101,93,55,102,133,41,94,124,83,99,122,30,108" hai1="84,119,85,11,87,52,46,86,96,74,14,104,35" hai2="121,45,29,66,92,54,62,75,37,82,43,23,114" hai3="59,60,33,105,127,53,67,24,47,77,129,12,34"/><W95/><G105/><T58/><D108/><U113/><E35/><V20/><F54/><W76/><G129/><T123/><D124/><U5/><E74/><V56/><F92/><W31/><G127/><T71/><D133/><U110/><E113/><V2/><F2/><W19/><G33/><T10/><D71/><U78/><E110/><V111/><F121/><W89/><G47/><T107/><D41/><U91/><E119/><V13/><F75/><W106/><G67/><T97/><D30/><U57/><E104/><V126/><F126/><W120/><G106/><T39/><D39/><U1/><E1/><V70/><F70/><W109/><G109/><T40/><D40/><U63/><E78/><V90/><F66/><W44/><G44/><T80/><D107/><U28/><E28/><V7/><F45/><W6/><G6/><T116/><D116/><U88/><N who="1" m="21504" /><DORA hai="65" /><U115/><E115/><V4/><F4/><W81/><G81/><T131/><D131/><U16/><E96/><V42/><F37/><W134/><G134/><T17/><D123/><U100/><E100/><V50/><F111/><W9/><G120/><T32/><D32/><U15/><REACH who="1" step="1"/><E46/><REACH who="1" ten="238,11,479,262" step="2"/><V125/><F114/><W38/><G38/><T69/><D122/><U103/><E103/><V3/><F125/><W49/><G76/><T61/><D80/><U68/><E68/><V98/><F82/><W128/><G77/><T117/><D83/><U26/><E26/><V64/><F3/><W22/><G34/><T8/><D117/><U73/><E73/><V0/><F0/><W51/><G31/><RYUUKYOKU ba="0,1" sc="238,-10,11,30,479,-10,262,-10" hai1="5,11,14,15,16,52,57,63,88,91" owari="228,-17.2,41,-45.9,479,57.9,252,5.2" /></mjloggm>