<mjloggm ver="2.3"><GO type="225" lobby="0"/><UN n0="%E7%AC%B9%E9%A4%85" n1="%72%69%6F%75%63%68%61%6E" n2="%E3%82%A2%E3%83%9E%E3%83%9D%EF%BD%9E%EF%BD%9E%E3%83%A9" n3="%E3%82%82%E3%81%90%E3%82%89" dan="16,16,17,16" rate="2143.38,2219.37,2195.16,2213.71" sx="M,M,M,M"/><TAIKYOKU oya="0"/><INIT seed="0,0,0,1,1,12" ten="250,250,250,250" oya="0" hai0="93,96,15,108,109,120,126,0,14,27,9,69,110" hai1="118,41,53,112,84,116,95,71,23,18,124,98,113" hai2="131,127,90,92,91,51,77,66,20,133,134,59,33" hai3="10,99,30,94,11,39,2,62,105,54,25,67,38"/><T125/><D69/><U75/><E124/><N who="0" m="47721" /><D120/><U115/><E75/><V74/><F33/><W89/><G105/><T44/><D44/><U58/><E71/><V42/><F77/><W57/><G67/><T82/><D82/><U103/><E41/><V129/><F74/><W61/><G61/><T26/><D0/><U64/><E84/><V55/><F127/><W56/><G56/><T79/><D79/><U34/><E34/><V31/><F66/><W135/><G2/><T22/><D22/><U73/><E73/><V32/><F32/><W101/><G39/><T106/><D106/><U81/><E81/><V52/><F55/><W111/><G38/><T86/><D86/><U21/><E21/><V28/><F42/><W80/><G54/><T114/><D114/><U130/><E130/><N who="2" m="49675" /><F90/><W29/><G89/><N who="0" m="55343" /><D15/><N who="1" m="9695" /><E64/><V117/><F117/><W8/><G62/><AGARI ba="0,0" hai="53,58,62,95,98,103,112,113,115,116,118" m="9695" machi="62" ten="30,2000,0" yaku="11,1,52,1" doraHai="12" who="1" fromWho="3" sc="250,0,250,20,250,0,250,-20" /><INIT seed="1,0,0,0,1,9" ten="250,270,250,230" oya="1" hai0="73,7,97,80,46,14,77,95,121,99,55,86,21" hai1="103,61,64,40,31,49,115,53,76,78,135,54,71" hai2="105,92,27,0,62,10,101,51,114,60,26,39,38" hai3="98,18,12,109,82,68,19,94,52,44,5,25,113"/><U8/><E115/><V130/><F105/><W66/><G113/><T128/><D128/><U48/><E135/><V2/><F10/><N who="3" m="4175" /><G68/><T83/><D121/><U126/><E126/><V57/><F51/><N who="3" m="28775" /><G109/><T123/><D123/><U63/><E31/><V79/><F79/><W28/><G66/><T127/><D127/><U30/><E30/><V122/><F57/><W47/><G82/><T11/><D21/><U81/><E103/><V91/><F101/><N who="3" m="60631" /><G47/><T3/><D3/><U111/><E111/><V131/><F114/><W67/><G67/><T59/><D46/><U70/><E81/><V89/><F92/><W85/><G85/><T119/><D95/><U74/><E64/><V35/><F122/><W116/><G116/><T102/><D102/><U22/><E74/><V132/><F132/><W112/><G112/><T29/><D119/><U32/><E32/><AGARI ba="0,0" hai="0,2,26,27,32,35,38,39,60,62,89,91,130,131" machi="32" ten="25,1600,0" yaku="22,2" doraHai="9" who="2" fromWho="1" sc="250,0,270,-16,250,16,230,0" /><INIT seed="2,0,0,1,4,82" ten="250,254,266,230" oya="2" hai0="8,80,36,49,59,37,87,85,93,1,111,15,131" hai1="63,92,130,117,94,6,103,69,22,52,110,14,54" hai2="76,129,114,100,66,50,62,24,124,17,113,35,135" hai3="3,84,16,28,127,53,61,29,105,58,91,51,41"/><V79/><F124/><W26/><G3/><T11/><D111/><U73/><E117/><V121/><F121/><W5/><G5/><T97/><D131/><U56/><E73/><V7/><F7/><W48/><G105/><T45/><D59/><U19/><E110/><V118/><F118/><W116/><G127/><T40/><D1/><U33/><E33/><V34/><F100/><W42/><G116/><T65/><D65/><U72/><E72/><V89/><F135/><W132/><G132/><T77/><D11/><U32/><E32/><V31/><F35/><W78/><G78/><T23/><D23/><U57/><E69/><V123/><F129/><W107/><G107/><T108/><D108/><U95/><E130/><V119/><F123/><W46/><G51/><T64/><D64/><U126/><E126/><V83/><F50/><W109/><G42/><T55/><D55/><U101/><REACH who="1" step="1"/><E6/><REACH who="1" ten="250,244,266,230" step="2"/><V20/><F119/><W12/><G109/><T125/><D125/><U4/><E4/><V115/><F114/><W70/><G70/><T13/><D13/><U106/><E106/><V133/><F115/><W81/><G26/><T96/><D37/><U128/><E128/><V10/><F24/><W18/><G18/><N who="0" m="8551" /><D36/><U9/><E9/><AGARI ba="0,1" hai="9,12,16,28,29,41,46,48,53,58,61,81,84,91" machi="9" ten="30,7700,0" yaku="7,1,8,1,52,1,54,1" doraHai="82" who="3" fromWho="1" sc="250,0,244,-77,266,0,230,87" /><INIT seed="3,0,0,5,3,5" ten="250,167,266,317" oya="3" hai0="64,21,81,74,106,126,134,79,104,103,4,125,114" hai1="39,132,127,98,118,53,42,50,45,48,54,135,78" hai2="25,87,107,34,44,37,90,67,49,69,63,110,15" hai3="72,105,65,124,83,17,24,0,29,40,100,52,91"/><W93/><G0/><T108/><D64/><U113/><E78/><V84/><F110/><W9/><G40/><T11/><D108/><U85/><E85/><V75/><F75/><W27/><G65/><T117/><D117/><U122/><E98/><V43/><F107/><W68/><G68/><T112/><D21/><U19/><E122/><V66/><F66/><W3/><G105/><N who="0" m="40555" /><D103/><U1/><E1/><V121/><F121/><W51/><G124/><N who="0" m="47723" /><D134/><N who="1" m="51243" /><E127/><V76/><F76/><W80/><G100/><T7/><D7/><U88/><E19/><V30/><F15/><AGARI ba="0,0" hai="4,11,15,74,79,81,112,114" m="47723,40555" machi="15" ten="30,2000,0" yaku="18,1,52,1" doraHai="5" who="0" fromWho="2" sc="250,20,167,0,266,-20,317,0" owari="270,7.0,167,-33.3,246,-15.4,317,41.7" /></mjloggm>