<mjloggm ver="2.3"><GO type="225" lobby="0"/><UN n0="%E3%81%86%E3%82%8C%E3%81%9F%E3%82%93%E6%9E%95" n1="%43%68%65" n2="%E3%81%99%E3%81%84%E3%81%BE%E3%81%9B%E3%83%BC%E3%82%93" n3="%E5%84%AA%40%41%42%43" dan="16,16,16,17" rate="2127.05,2138.09,2113.73,2215.56" sx="F,M,M,M"/><TAIKYOKU oya="0"/><INIT seed="0,0,0,1,2,9" ten="250,250,250,250" oya="0" hai0="119,87,65,91,128,32,88,15,78,14,33,92,36" hai1="101,106,27,29,82,132,110,51,74,28,37,126,46" hai2="97,31,90,62,1,133,42,45,116,61,16,124,54" hai3="68,111,113,50,38,57,120,67,73,13,12,80,131"/><T102/><D119/><U19/><E110/><V4/><F116/><W22/><G113/><T53/><D36/><U122/><E37/><V8/><F124/><W77/><G38/><T23/><D128/><U108/><E108/><V76/><F133/><W48/><G111/><T49/><D65/><U129/><E122/><V30/><F76/><W100/><G131/><T104/><D78/><U134/><E126/><V75/><F75/><W95/><G120/><T34/><D23/><N who="1" m="13823" /><E74/><V6/><F42/><W69/><G69/><T121/><D121/><U63/><E82/><V5/><F1/><W135/><G135/><N who="1" m="51754" /><E63/><N who="2" m="24075" /><F54/><W40/><G68/><T56/><REACH who="0" step="1"/><D91/><REACH who="0" ten="240,250,250,250" step="2"/><U39/><E39/><V60/><F90/><W11/><G67/><T59/><D59/><U89/><E89/><V43/><F45/><W52/><G22/><T44/><D44/><U127/><E129/><V2/><F31/><W41/><G11/><T118/><D118/><U21/><E127/><V85/><F30/><W3/><G77/><T93/><D93/><U58/><E58/><V112/><F8/><W125/><G125/><T47/><D47/><U66/><E21/><V24/><F24/><W98/><G80/><T26/><D26/><U72/><E66/><V20/><F20/><W99/><G95/><T25/><D25/><U117/><E117/><V103/><F112/><W35/><G57/><T7/><D7/><U105/><E105/><V107/><F6/><W18/><G35/><T114/><D114/><U94/><E106/><V55/><F107/><W96/><G18/><T70/><D70/><U130/><E130/><RYUUKYOKU ba="0,1" sc="240,30,250,-10,250,-10,250,-10" hai0="14,15,32,33,34,49,53,56,87,88,92,102,104" /><INIT seed="0,1,1,4,3,37" ten="270,240,240,240" oya="0" hai0="79,61,78,92,84,133,27,120,3,60,39,123,48" hai1="81,26,52,38,58,28,11,16,91,14,50,20,75" hai2="128,59,45,93,63,109,117,35,114,73,67,1,34" hai3="101,82,105,113,9,42,41,125,8,33,124,131,83"/><T22/><D3/><U106/><E106/><V2/><F114/><W103/><G113/><T15/><D39/><U53/><E38/><V108/><F128/><W0/><G33/><N who="2" m="12297" /><F73/><W126/><G131/><T76/><D133/><U95/><E53/><V71/><F117/><W116/><G116/><T69/><D15/><U110/><E110/><N who="2" m="42603" /><F45/><W121/><G121/><T43/><D69/><U19/><E75/><V74/><F74/><W25/><G25/><T98/><D84/><N who="1" m="52711" /><E81/><N who="3" m="30730" /><G105/><T72/><D72/><U94/><E94/><V6/><F6/><AGARI ba="1,1" hai="6,11,14,16,19,20,26,28,50,52,58" m="52711" machi="6" ten="30,3900,0" yaku="8,1,54,2" doraHai="37" who="1" fromWho="2" sc="270,0,240,52,240,-42,240,0" /><INIT seed="1,0,0,3,4,37" ten="270,292,198,240" oya="1" hai0="40,0,61,128,20,15,106,129,116,5,29,101,60" hai1="95,14,62,89,102,34,7,30,41,1,65,118,99" hai2="32,112,55,114,115,26,117,68,94,122,36,45,79" hai3="105,80,121,13,48,77,72,66,103,63,91,33,109"/><U4/><E118/><V78/><F117/><W110/><G121/><T57/><D116/><U124/><E1/><V127/><F122/><W28/><G13/><T84/><D84/><U23/><E124/><V107/><F107/><W10/><G10/><N who="0" m="4559" /><D0/><U8/><E34/><V93/><F68/><N who="3" m="42079" /><G91/><T135/><D40/><U24/><E41/><N who="2" m="22695" /><F55/><W56/><G56/><T92/><D135/><U18/><REACH who="1" step="1"/><E89/><REACH who="1" ten="270,282,198,240" step="2"/><V54/><F127/><W49/><G110/><T119/><D119/><U27/><E27/><V123/><F123/><W42/><G109/><T58/><D129/><U25/><E25/><V50/><F26/><N who="3" m="18583" /><G42/><T76/><D128/><U3/><E3/><V134/><F32/><W31/><G31/><T69/><D29/><U96/><E96/><AGARI ba="0,1" hai="48,49,72,77,80,96,103,105" m="18583,42079" machi="96" ten="30,1000,0" yaku="25,1" doraHai="37" who="3" fromWho="1" sc="270,0,282,-10,198,0,240,20" /><INIT seed="2,0,0,5,4,133" ten="270,272,198,260" oya="2" hai0="79,96,52,95,19,43,59,17,50,70,125,111,62" hai1="104,102,56,107,88,11,6,32,121,123,29,76,128" hai2="0,46,97,15,132,84,65,3,135,81,40,124,94" hai3="99,28,117,41,31,55,61,129,42,126,22,25,72"/><V39/><F65/><W33/><G117/><T58/><D125/><U66/><E76/><V35/><F35/><W34/><G72/><T119/><D111/><U112/><E112/><V60/><F60/><W68/><G129/><T82/><D119/><U69/><E128/><V12/><F124/><W89/><G126/><T101/><D70/><U131/><E69/><V18/><F84/><W100/><G33/><T114/><D114/><U127/><E131/><V27/><F81/><W87/><G31/><T71/><D71/><U51/><E88/><N who="2" m="55495" /><F27/><W49/><G22/><T37/><D37/><U63/><E102/><V130/><F15/><W7/><G7/><T78/><D43/><U73/><E73/><V20/><F130/><W38/><G38/><T113/><D113/><U5/><E5/><V1/><F1/><W10/><G10/><T57/><D57/><U2/><E51/><V105/><F105/><N who="3" m="63647" /><G89/><T21/><D82/><U86/><E86/><V8/><F8/><W80/><G87/><T75/><D75/><U23/><E32/><V48/><F39/><W93/><G93/><T24/><D17/><U83/><E83/><V53/><F40/><W92/><G92/><T30/><D19/><U4/><E4/><V45/><F46/><N who="3" m="28087" /><G80/><T85/><D85/><U110/><E127/><V103/><F103/><W122/><G122/><N who="1" m="46602" /><E110/><V74/><F74/><W9/><G9/><T77/><D77/><U26/><AGARI ba="0,0" hai="2,6,11,23,26,29,56,63,66,104,107" m="46602" machi="26" ten="30,1100,0" yaku="13,1" doraHai="133" who="1" fromWho="1" sc="270,-3,272,11,198,-5,260,-3" /><INIT seed="3,0,0,2,5,77" ten="267,283,193,257" oya="3" hai0="89,121,116,105,126,6,85,117,45,16,53,78,111" hai1="107,33,101,54,128,100,18,35,92,82,72,115,27" hai2="79,55,43,59,11,0,28,23,104,122,73,124,3" hai3="75,50,51,70,102,83,97,56,123,84,64,19,120"/><W63/><G75/><T94/><D121/><U46/><E107/><V5/><F104/><W67/><G50/><N who="0" m="28879" /><D105/><U22/><E115/><V17/><F122/><W80/><G80/><N who="0" m="47255" /><D111/><U29/><E128/><V44/><F124/><W26/><G64/><T12/><D117/><U58/><E46/><V41/><F28/><W37/><G37/><T49/><D116/><U30/><E35/><V57/><F0/><W74/><G74/><T133/><D133/><U38/><E38/><V134/><F134/><W127/><G127/><T42/><D6/><U69/><E69/><V76/><F43/><W21/><G51/><T113/><D113/><U106/><E106/><V10/><F10/><W60/><G67/><T125/><D125/><U118/><E118/><V86/><F73/><W31/><G19/><T119/><D119/><U91/><E82/><V9/><F9/><W90/><G70/><T95/><D126/><U135/><E72/><V1/><F1/><W129/><G129/><T24/><D24/><U108/><E108/><V7/><F7/><W25/><G25/><T112/><D112/><U47/><E47/><V87/><F79/><W130/><G130/><T96/><D42/><U39/><E39/><N who="2" m="21567" /><F76/><W65/><G63/><T52/><D95/><AGARI ba="0,0" hai="21,26,31,56,60,65,83,84,90,95,97,102,120,123" machi="95" ten="30,11600,0" yaku="7,1,25,2,52,1" doraHai="77" who="3" fromWho="0" sc="267,-116,283,0,193,0,257,116" owari="151,-34.9,283,8.3,193,-20.7,373,47.3" /></mjloggm>