<mjloggm ver="2.3"><GO type="225" lobby="0"/><UN n0="%E3%83%AD%E3%83%BC%E3%83%89%E3%82%AB%E3%83%8A%E3%83%AD%E3%82%A2" n1="%E3%82%B7%E3%83%B3%E5%A4%AA%E6%9C%97" n2="%47%68%6F%73%74%55%30" n3="%72%69%6F%75%63%68%61%6E" dan="16,16,17,17" rate="2108.85,2189.52,2137.15,2139.38" sx="M,M,M,M"/><TAIKYOKU oya="0"/><INIT seed="0,0,0,5,4,101" ten="250,250,250,250" oya="0" hai0="47,67,26,84,81,127,114,119,61,63,19,86,21" hai1="128,93,121,15,59,53,123,87,95,91,9,108,14" hai2="70,44,130,92,0,57,65,2,106,55,17,69,132" hai3="34,107,31,68,131,82,12,48,88,52,46,134,124"/><T3/><D114/><U94/><E108/><V89/><F130/><W126/><G134/><T18/><D119/><U103/><E128/><V32/><F32/><W98/><G131/><T79/><D127/><N who="3" m="48681" /><G68/><T80/><D3/><U111/><E111/><V64/><F132/><W120/><G120/><T78/><D47/><U116/><E116/><V115/><F115/><W104/><G12/><T110/><D110/><U41/><E41/><V33/><F33/><W83/><G82/><T7/><D7/><U29/><E29/><V28/><F28/><W24/><G98/><T133/><D133/><U20/><E103/><V45/><F17/><W40/><G40/><T51/><D51/><U73/><E73/><V11/><F11/><W118/><G118/><T85/><D85/><AGARI ba="0,0" hai="24,31,34,46,48,52,83,85,88,104,107" m="48681" machi="85" ten="30,8000,1" yaku="18,1,52,2,54,2" doraHai="101" who="3" fromWho="0" sc="250,-80,250,0,250,0,250,80" /><INIT seed="1,0,0,5,2,68" ten="170,250,250,330" oya="1" hai0="97,76,113,46,96,8,11,33,117,131,57,81,19" hai1="29,13,10,119,25,107,129,112,56,75,74,41,54" hai2="104,42,106,72,135,53,31,28,34,108,40,5,130" hai3="14,15,69,86,4,0,101,77,91,95,32,110,73"/><U92/><E119/><V120/><F120/><W105/><G110/><T44/><D113/><U60/><E112/><V38/><F108/><W111/><G111/><T128/><D117/><U35/><E107/><V71/><F72/><W22/><G32/><T61/><D33/><U116/><E116/><V65/><F130/><W133/><G133/><T83/><D57/><U50/><E129/><V93/><F93/><W48/><G69/><T6/><D6/><U90/><E41/><V82/><F53/><W52/><G22/><T55/><D55/><U43/><E43/><V30/><F34/><W85/><G85/><T21/><D21/><U94/><E60/><V64/><F5/><W37/><G37/><T23/><D23/><U62/><E62/><V122/><F122/><W124/><G124/><T24/><D61/><U132/><E132/><V66/><F135/><W9/><G73/><T39/><D76/><U115/><E115/><V89/><F71/><W63/><G77/><T100/><D100/><U58/><E58/><V88/><F82/><W87/><G86/><T118/><D118/><U70/><E94/><V99/><F40/><W114/><G63/><T3/><D19/><U36/><E36/><V51/><F38/><W20/><G20/><T121/><D39/><U45/><E56/><V79/><F79/><W18/><G18/><T2/><REACH who="0" step="1"/><D121/><REACH who="0" ten="160,250,250,330" step="2"/><U12/><E70/><V126/><F65/><W26/><G114/><T98/><D98/><N who="1" m="57623" /><E10/><V27/><F64/><W7/><G9/><T59/><D59/><U47/><E45/><N who="2" m="26039" /><F66/><W103/><G101/><T67/><D67/><RYUUKYOKU ba="0,1" sc="160,15,250,15,250,-15,330,-15" hai0="2,3,8,11,24,44,46,81,83,96,97,128,131" hai1="12,13,25,29,35,47,50,54,74,75" /><INIT seed="1,1,1,5,4,20" ten="175,265,235,315" oya="1" hai0="7,97,117,63,118,87,120,19,37,111,131,8,135" hai1="79,93,45,72,114,41,83,46,73,48,15,82,28" hai2="10,134,42,109,62,103,104,6,35,67,91,68,66" hai3="71,96,32,14,81,54,107,43,115,127,86,61,128"/><U75/><E114/><V122/><F122/><W13/><G115/><T94/><D37/><U52/><E28/><V64/><F109/><W51/><G127/><T76/><D111/><U123/><E123/><V80/><F35/><W116/><G128/><T23/><D120/><U89/><E15/><V65/><F134/><W18/><G116/><T74/><D74/><U26/><E26/><V31/><F31/><W16/><G32/><T2/><D135/><U53/><E83/><V85/><F42/><W57/><G107/><T108/><D108/><U95/><E95/><V92/><F104/><W70/><G96/><T119/><D131/><U49/><REACH who="1" step="1"/><E41/><REACH who="1" ten="175,255,235,315" step="2"/><V0/><F80/><W50/><G43/><T27/><D117/><U129/><E129/><V1/><REACH who="2" step="1"/><F103/><REACH who="2" ten="175,255,225,315" step="2"/><W125/><G81/><T101/><D118/><U133/><E133/><V60/><F60/><W113/><G61/><T126/><D119/><U21/><E21/><V39/><F39/><W3/><G113/><T69/><D126/><U100/><E100/><V105/><F105/><W102/><G102/><T59/><D69/><U12/><E12/><AGARI ba="1,3" hai="0,1,6,10,12,62,64,65,66,67,68,85,91,92" machi="12" ten="40,5200,0" yaku="1,1,53,2" doraHai="20" doraHaiUra="33" who="2" fromWho="1" sc="175,0,255,-55,225,85,315,0" /><INIT seed="2,0,0,0,4,117" ten="175,200,310,315" oya="2" hai0="81,6,10,82,41,52,1,83,122,130,114,7,91" hai1="98,64,110,8,127,4,3,43,54,77,75,109,129" hai2="59,53,11,50,15,31,44,57,60,25,5,70,108" hai3="40,17,38,63,28,125,33,32,78,20,49,27,79"/><V21/><REACH who="2" step="1"/><F108/><REACH who="2" ten="175,200,300,315" step="2"/><W37/><G125/><T29/><D114/><U62/><E127/><V103/><F103/><W65/><G33/><T113/><D113/><U45/><E109/><V84/><F84/><W100/><G100/><T115/><D115/><U67/><E110/><V112/><F112/><W88/><G37/><T58/><D130/><U102/><E102/><V73/><F73/><W118/><G38/><T95/><D122/><U36/><E129/><V0/><F0/><W16/><G118/><T124/><D124/><U134/><E36/><V86/><F86/><W24/><G17/><T94/><D29/><U101/><E3/><V71/><F71/><W107/><G107/><T97/><D7/><U61/><E101/><V80/><F80/><W90/><G79/><T56/><D95/><U30/><E77/><V47/><F47/><W135/><G78/><T23/><D58/><U42/><E75/><V18/><F18/><W96/><G96/><T51/><D82/><U69/><E45/><V132/><F132/><W104/><G104/><T26/><D81/><U121/><E98/><V116/><F116/><W76/><G76/><T99/><D83/><U9/><E121/><V55/><F55/><W128/><G128/><T35/><D41/><N who="1" m="15371" /><E54/><V126/><F126/><W85/><G85/><T111/><D111/><U105/><E105/><V22/><F22/><N who="3" m="13383" /><G32/><T120/><D120/><U123/><E123/><V131/><F131/><W48/><G135/><T19/><D35/><U12/><E134/><V72/><F72/><W133/><G133/><T39/><D39/><U93/><E69/><RYUUKYOKU ba="0,1" sc="175,15,200,-15,300,15,315,-15" hai0="1,6,10,19,23,26,51,52,56,91,94,97,99" hai2="5,11,15,21,25,31,44,50,53,57,59,60,70" /><INIT seed="2,1,1,5,1,113" ten="190,185,315,300" oya="2" hai0="9,24,104,49,119,128,55,3,126,53,1,111,75" hai1="91,48,46,101,47,38,51,21,31,54,62,23,134" hai2="58,95,102,27,2,86,39,66,18,10,81,84,37" hai3="74,79,57,59,36,99,35,94,65,106,133,44,117"/><V30/><F66/><W114/><G117/><T108/><D104/><U34/><E134/><V60/><F2/><N who="0" m="522" /><D128/><U80/><E38/><V7/><F7/><W4/><G133/><T78/><D126/><U22/><E101/><V92/><F10/><W42/><G114/><T73/><D9/><U26/><E62/><V70/><F70/><W52/><G35/><T40/><D78/><U64/><E64/><V85/><F18/><W68/><G106/><T67/><D67/><U123/><E123/><V105/><F105/><W33/><G33/><T89/><D89/><U130/><E130/><V11/><F11/><W6/><G59/><T72/><D24/><U120/><E120/><V32/><F81/><W5/><G74/><T98/><D98/><U13/><E13/><V96/><F95/><W61/><G79/><T124/><D124/><U131/><E131/><V41/><F41/><W0/><G0/><T16/><D16/><U107/><E107/><V115/><F115/><W29/><G29/><T100/><D100/><U122/><E122/><V69/><F69/><W20/><G20/><T121/><D121/><U83/><REACH who="1" step="1"/><E91/><REACH who="1" ten="190,175,315,300" step="2"/><V19/><F37/><W125/><G125/><T56/><D119/><U97/><E97/><V14/><F39/><W45/><G36/><T43/><D55/><AGARI ba="1,2" hai="21,22,23,26,31,34,46,47,48,51,54,55,80,83" machi="55" ten="40,2600,0" yaku="1,1,9,1,53,0" doraHai="113" doraHaiUra="132" who="1" fromWho="0" sc="190,-29,175,49,315,0,300,0" /><INIT seed="3,0,0,0,0,13" ten="161,224,315,300" oya="3" hai0="121,50,116,80,98,24,79,31,90,92,133,69,3" hai1="102,129,85,108,47,67,55,132,120,99,124,97,36" hai2="63,28,5,1,65,19,130,84,46,15,117,103,74" hai3="110,49,4,51,119,54,57,89,52,66,58,128,68"/><W100/><G119/><T12/><D116/><U127/><E120/><V125/><F74/><W87/><G128/><T91/><D121/><U126/><E129/><V33/><F117/><W118/><G118/><T73/><D133/><U81/><E108/><V109/><F130/><W37/><G37/><T70/><D3/><U20/><E132/><V14/><F103/><W41/><G110/><T48/><D69/><U113/><E113/><V40/><F109/><W38/><G100/><T11/><D70/><U2/><E2/><V30/><F125/><W39/><G4/><T131/><D131/><U76/><E67/><V56/><F33/><W96/><G96/><T7/><D7/><U107/><E99/><V26/><F1/><W82/><G41/><T105/><D105/><U6/><E6/><V29/><F84/><W88/><G89/><T77/><D77/><U53/><E20/><N who="2" m="13599" /><F5/><W93/><G82/><T95/><D24/><U43/><AGARI ba="0,0" hai="36,43,47,53,55,76,81,85,97,102,107,124,126,127" machi="43" ten="40,2700,0" yaku="0,1,18,1" doraHai="13" who="1" fromWho="1" sc="161,-7,224,27,315,-7,300,-13" owari="154,-34.6,251,-14.9,308,40.8,287,8.7" /></mjloggm>