<mjloggm ver="2.3"><GO type="225" lobby="0"/><UN n0="%E3%81%8B%E3%82%8F%E3%81%A1%E3%82%83%E3%82%93%35%38" n1="%E5%A4%9C%E3%81%AE%E3%82%AC%E3%82%B9%E3%83%91%E3%83%BC%E3%83%AB" n2="%E3%83%97%E3%83%92" n3="%E3%81%86%E3%81%A9%E3%82%93%E3%81%93" dan="16,16,17,16" rate="2170.40,2128.96,2198.06,2131.25" sx="M,M,M,M"/><TAIKYOKU oya="0"/><INIT seed="0,0,0,5,1,6" ten="250,250,250,250" oya="0" hai0="21,13,39,70,23,22,63,3,119,52,114,57,30" hai1="38,45,109,89,101,62,135,126,86,87,128,94,112" hai2="29,80,118,0,7,85,1,83,50,93,35,26,129" hai3="130,12,20,15,110,78,123,9,40,18,113,56,82"/><T32/><D3/><U54/><E109/><V44/><F129/><W131/><G113/><T5/><D114/><U60/><E112/><V117/><F93/><W2/><G110/><T47/><D119/><N who="2" m="45578" /><F7/><W61/><G40/><T36/><D70/><U95/><E126/><V96/><F96/><W41/><G41/><T134/><D134/><U81/><E128/><N who="3" m="49194" /><G2/><N who="2" m="1129" /><F85/><N who="3" m="48343" /><G123/><T46/><D39/><U19/><E135/><V76/><F76/><W133/><G133/><T31/><D36/><U100/><E38/><V97/><F97/><W91/><G91/><T125/><D125/><U106/><E89/><V121/><F121/><W27/><G9/><N who="0" m="4271" /><D32/><U49/><E106/><V48/><F48/><W17/><G18/><T111/><D111/><U103/><E19/><V99/><F99/><W8/><G8/><T66/><D66/><AGARI ba="0,0" hai="12,15,17,20,27,56,61,66" m="48343,49194" machi="66" ten="30,1000,0" yaku="19,1" doraHai="6" who="3" fromWho="0" sc="250,-10,250,0,250,0,250,10" /><INIT seed="1,0,0,3,4,125" ten="240,250,250,260" oya="1" hai0="30,101,99,117,43,8,40,9,111,71,1,39,100" hai1="38,62,90,113,120,29,124,31,11,122,36,69,52" hai2="104,126,0,98,80,3,42,107,4,32,26,88,53" hai3="23,96,94,24,51,108,135,46,20,74,115,105,44"/><U92/><E113/><V73/><F126/><W128/><G115/><T56/><D71/><U5/><E124/><V60/><F42/><N who="0" m="15914" /><D1/><U64/><E31/><V45/><F73/><W87/><G74/><T17/><D39/><U54/><E29/><V16/><F4/><W14/><G108/><T84/><D30/><U2/><E38/><V67/><F32/><W102/><G135/><T93/><D117/><U114/><E36/><V77/><F104/><W83/><G105/><T47/><D47/><U134/><E134/><V6/><F6/><W21/><G14/><N who="0" m="7367" /><D9/><U37/><E37/><V12/><F26/><W82/><G24/><T59/><D111/><U79/><E79/><V119/><F119/><W86/><G51/><T127/><D127/><U89/><E114/><V110/><F110/><W76/><REACH who="3" step="1"/><G128/><REACH who="3" ten="240,250,250,250" step="2"/><T131/><D131/><U61/><E120/><V18/><F107/><W34/><G34/><T48/><D48/><U13/><E122/><V15/><F12/><W22/><N who="3" m="5120" /><DORA hai="50" /><W118/><G118/><T81/><D101/><U91/><E13/><V130/><F130/><W33/><G33/><T95/><D95/><U109/><E109/><V66/><F15/><W27/><G27/><T72/><D72/><U103/><REACH who="1" step="1"/><E62/><REACH who="1" ten="240,240,250,250" step="2"/><V116/><F60/><W132/><G132/><T58/><D81/><U7/><E7/><V75/><F116/><W10/><G10/><T123/><D123/><U63/><E63/><V41/><F0/><W28/><G28/><T49/><D49/><U19/><E19/><N who="2" m="7211" /><F3/><W57/><G57/><T25/><D25/><U35/><E35/><RYUUKYOKU ba="0,2" sc="240,10,240,10,250,-30,250,10" hai0="56,58,59,84,93,99,100" hai1="2,5,11,52,54,61,64,69,89,90,91,92,103" hai3="44,46,76,82,83,86,87,94,96,102" /><INIT seed="1,1,2,0,0,51" ten="250,250,220,260" oya="1" hai0="12,107,34,35,132,97,17,0,23,64,45,46,25" hai1="62,129,113,77,73,70,81,94,30,95,9,26,57" hai2="124,11,48,59,31,108,80,117,99,71,41,38,98" hai3="60,54,93,58,21,44,8,116,66,105,32,125,128"/><U104/><E113/><V112/><F112/><W79/><G105/><T33/><D0/><U63/><E104/><V13/><F117/><W55/><G32/><T27/><D64/><U109/><E129/><V122/><F71/><W87/><G116/><T15/><D132/><U100/><E109/><V20/><F38/><W1/><G128/><T37/><D12/><U114/><E114/><V82/><F122/><W67/><G125/><T53/><D53/><N who="3" m="19977" /><G1/><T92/><D107/><U120/><E120/><V102/><F124/><W121/><G121/><T2/><D2/><U91/><E70/><V50/><F59/><N who="3" m="37151" /><G8/><T19/><D37/><U78/><E9/><V88/><F48/><W103/><G21/><T7/><D7/><U118/><E118/><V111/><F102/><W86/><G44/><T131/><D131/><U5/><E73/><V134/><F134/><W96/><G79/><T126/><D126/><U61/><E78/><V43/><F111/><W130/><G130/><T28/><D34/><U18/><E77/><V42/><F50/><W68/><G68/><T36/><D36/><U56/><E56/><V83/><F108/><W133/><G133/><T135/><D135/><U47/><E47/><V22/><F22/><W84/><G87/><T3/><D3/><U10/><E57/><V69/><F69/><W123/><G123/><T90/><D35/><U119/><E119/><V127/><F127/><W29/><G29/><T101/><D45/><U75/><E30/><V14/><F31/><W40/><G40/><T52/><D46/><U49/><E75/><V106/><F106/><RYUUKYOKU ba="1,2" sc="250,-10,250,-10,220,-10,260,30" hai3="58,67,84,86,93,96,103" /><INIT seed="2,2,2,5,5,110" ten="240,240,210,290" oya="2" hai0="104,128,37,51,77,130,95,21,46,58,81,79,56" hai1="78,65,42,14,43,62,102,89,99,26,8,3,120" hai2="47,55,108,74,107,106,25,109,111,35,123,24,101" hai3="105,72,69,68,85,17,90,116,66,32,9,48,119"/><V23/><F123/><W133/><G72/><T41/><D104/><U60/><E3/><V93/><F74/><W113/><G32/><T131/><D37/><U44/><E120/><V5/><F5/><W54/><G105/><N who="2" m="39945" /><F35/><W63/><G68/><T31/><D95/><N who="1" m="58751" /><E78/><N who="0" m="29705" /><D81/><U64/><E26/><AGARI ba="2,2" hai="21,26,31,41,46,51,56,58,128,130,131" m="29705" machi="26" ten="40,1300,0" yaku="19,1" doraHai="110" who="0" fromWho="1" sc="240,39,240,-19,210,0,290,0" /><INIT seed="3,0,0,2,0,11" ten="279,221,210,290" oya="3" hai0="101,57,41,135,88,1,79,86,62,66,56,4,84" hai1="93,96,43,70,92,9,125,31,111,77,75,0,118" hai2="81,100,29,89,3,102,13,127,76,39,30,61,74" hai3="54,98,14,24,44,130,128,91,50,42,116,23,27"/><W99/><G116/><T110/><D1/><U21/><E70/><V134/><F3/><W119/><G119/><T120/><D120/><U90/><E118/><V73/><F39/><W35/><G14/><T71/><D4/><U106/><E111/><V12/><F127/><W2/><G2/><T122/><D122/><U34/><E34/><V103/><F73/><W94/><G98/><T58/><D101/><U17/><E106/><V63/><F89/><W15/><G15/><N who="2" m="5705" /><F74/><W32/><G54/><T48/><D110/><U52/><E125/><V10/><F10/><W28/><REACH who="3" step="1"/><G35/><REACH who="3" ten="279,221,210,280" step="2"/><T22/><D22/><U8/><E96/><V107/><F107/><W114/><G114/><T105/><D105/><U53/><E0/><V132/><F76/><W115/><G115/><T38/><D79/><U124/><E124/><V133/><F81/><W121/><G121/><T7/><D7/><U60/><E77/><V80/><F80/><W37/><G37/><T108/><D38/><U5/><E9/><V46/><F46/><W45/><G45/><T83/><D108/><U85/><E5/><V49/><F49/><W16/><AGARI ba="0,1" hai="16,23,24,27,28,32,42,44,50,91,94,99,128,130" machi="16" ten="30,6000,0" yaku="1,1,0,1,54,1,53,0" doraHai="11" doraHaiUra="112" who="3" fromWho="3" sc="279,-20,221,-20,210,-20,280,70" owari="259,5.9,201,-19.9,190,-31.0,350,45.0" /></mjloggm>