<mjloggm ver="2.3"><GO type="225" lobby="0"/><UN n0="%E6%A1%9C%E8%8A%B1%E9%96%83%E3%80%85" n1="%E6%A0%B9%E5%85%83%E3%81%8B%E3%82%89%E5%90%B9%E3%81%A3%E9%A3%9B%E3%81%B6" n2="%73%75%7A%75%6D%65%33" n3="%45%6C%79%73%69%75%6D" dan="16,17,18,17" rate="2063.72,2216.51,2260.56,2089.16" sx="M,F,M,F"/><TAIKYOKU oya="0"/><INIT seed="0,0,0,2,3,63" ten="250,250,250,250" oya="0" hai0="123,131,133,119,87,102,17,50,128,25,112,74,44" hai1="105,37,21,34,96,52,88,19,56,0,55,116,95" hai2="84,129,108,48,4,61,51,2,58,94,46,89,24" hai3="104,82,60,65,11,10,18,98,41,57,117,35,3"/><T134/><D74/><U28/><E116/><V54/><F108/><W78/><G35/><T132/><D102/><U16/><E37/><V31/><F129/><N who="0" m="49738" /><D87/><U113/><E0/><V40/><F2/><W118/><G41/><N who="0" m="24847" /><D17/><N who="1" m="6731" /><E34/><V36/><REACH who="2" step="1"/><F4/><REACH who="2" ten="250,250,240,250" step="2"/><W126/><G118/><T22/><D119/><U107/><E113/><V26/><F26/><W27/><G117/><T76/><D112/><U23/><E105/><V32/><AGARI ba="0,1" hai="24,31,32,36,40,46,48,51,54,58,61,84,89,94" machi="32" ten="20,2700,0" yaku="1,1,0,1,7,1,53,0" doraHai="63" doraHaiUra="127" who="2" fromWho="2" sc="250,-13,250,-7,240,37,250,-7" /><INIT seed="1,0,0,2,0,83" ten="237,243,277,243" oya="1" hai0="119,104,111,73,97,59,86,1,62,28,57,99,5" hai1="23,87,77,34,105,126,117,22,107,125,116,42,129" hai2="130,82,110,49,60,2,108,128,71,16,68,8,27" hai3="115,113,10,76,38,79,109,94,89,45,54,123,0"/><U92/><E34/><V124/><F124/><N who="1" m="47721" /><E42/><V80/><F49/><W61/><G123/><T15/><D73/><U4/><E4/><N who="2" m="1047" /><F82/><W64/><G109/><N who="2" m="42089" /><F80/><W91/><G38/><T21/><D1/><U78/><E129/><N who="2" m="49771" /><F60/><W88/><G61/><T98/><D104/><N who="1" m="40011" /><E22/><AGARI ba="0,0" hai="16,22,27,68,71" m="49771,42089,1047" machi="22" ten="30,3900,0" yaku="14,1,19,1,54,1" doraHai="83" who="2" fromWho="1" sc="237,0,243,-39,277,39,243,0" /><INIT seed="2,0,0,5,4,47" ten="237,204,316,243" oya="2" hai0="59,22,49,46,105,67,69,4,78,28,51,29,19" hai1="8,125,24,27,61,5,15,50,122,100,83,33,45" hai2="26,106,130,94,119,116,101,42,11,75,98,123,102" hai3="115,131,32,20,53,93,127,1,77,17,14,35,134"/><V126/><F123/><W103/><G1/><T39/><D105/><U38/><E125/><V81/><F42/><W68/><G68/><T18/><D69/><U79/><E122/><V40/><F40/><W111/><G111/><T41/><D4/><U88/><E38/><V89/><F11/><W91/><G127/><T104/><D104/><U82/><E100/><V56/><F56/><W25/><G103/><T72/><D72/><U133/><E133/><V48/><F26/><N who="1" m="9769" /><E33/><V55/><F126/><W120/><G120/><T117/><D117/><U12/><E61/><V96/><F130/><W124/><G131/><T31/><D78/><U37/><E37/><V132/><F132/><W107/><G77/><T30/><N who="0" m="7168" /><DORA hai="16" /><T66/><D18/><U57/><E57/><V3/><F3/><W97/><G107/><T85/><D85/><N who="1" m="50231" /><E83/><V6/><F102/><W71/><G71/><T86/><D39/><U87/><E15/><V76/><F6/><W63/><G124/><T10/><D59/><U113/><E113/><V110/><F110/><W121/><G115/><T118/><D118/><U2/><E2/><V9/><F119/><W73/><G134/><T54/><D46/><U60/><E60/><V13/><F116/><W135/><G135/><T114/><D114/><U44/><E50/><V7/><F48/><W43/><G121/><T64/><D49/><U90/><E79/><V52/><AGARI ba="0,0" hai="7,9,13,52,55,75,76,81,89,94,96,98,101,106" machi="52" ten="30,3000,0" yaku="0,1,54,1" doraHai="47,16" who="2" fromWho="2" sc="237,-10,204,-10,316,30,243,-10" /><INIT seed="2,1,0,1,1,115" ten="227,194,346,233" oya="2" hai0="100,65,8,86,132,106,93,75,13,45,90,112,88" hai1="59,4,44,67,5,66,81,47,114,109,92,41,6" hai2="46,125,0,110,27,111,37,68,98,28,54,127,51" hai3="40,71,26,15,128,79,23,30,99,2,63,36,62"/><V78/><F0/><W107/><G2/><T64/><D112/><U123/><E109/><N who="2" m="41483" /><F78/><W9/><G128/><T83/><D132/><U7/><N who="1" m="1024" /><DORA hai="77" /><U17/><E123/><V134/><F134/><W121/><G79/><N who="0" m="44543" /><D90/><U101/><E114/><V126/><F98/><W18/><G121/><T24/><D24/><U80/><E17/><V11/><F11/><W108/><G108/><T31/><D31/><U34/><E34/><N who="2" m="20767" /><F68/><W119/><G71/><T133/><D133/><U55/><E41/><V104/><F37/><W35/><G36/><T16/><D45/><N who="1" m="17483" /><E92/><V20/><F20/><W96/><G23/><T52/><D93/><U29/><E101/><V94/><F94/><W85/><G35/><T103/><D100/><U131/><E131/><V39/><F39/><W102/><G102/><T69/><D69/><U129/><E29/><V74/><F74/><W48/><G30/><T42/><D42/><U82/><E129/><V91/><F104/><W76/><G107/><T89/><D103/><U120/><E120/><V12/><F12/><W124/><G15/><T58/><D106/><U117/><E117/><V53/><F53/><W3/><G119/><T21/><D8/><U32/><E32/><V1/><F1/><W43/><G3/><T49/><D86/><U33/><E33/><V70/><F70/><W116/><G85/><T57/><D65/><U56/><E55/><V72/><F72/><W135/><G40/><T95/><D95/><U14/><E14/><V105/><F105/><W97/><G43/><T130/><D130/><U19/><E19/><V10/><F10/><RYUUKYOKU ba="1,0" sc="227,10,194,10,346,10,233,-30" hai0="13,16,21,49,52,57,58,64,88,89" hai1="56,59,66,67,80,81,82" hai2="46,51,54,91,125,126,127" /><INIT seed="2,2,0,0,1,101" ten="237,204,356,203" oya="2" hai0="60,12,108,23,118,25,78,53,109,41,131,64,16" hai1="43,31,128,100,61,51,24,115,46,103,127,132,130" hai2="33,57,71,58,82,0,129,7,120,17,52,124,79" hai3="98,83,37,66,22,15,104,69,8,32,123,11,42"/><V59/><F71/><W86/><G32/><T97/><D131/><N who="1" m="50219" /><E115/><V49/><F120/><W10/><G123/><T110/><D118/><U88/><E127/><V99/><F129/><W50/><G37/><T29/><D41/><U68/><E132/><V84/><F33/><W90/><G22/><T94/><D78/><U2/><E2/><V38/><F38/><W62/><G98/><T134/><D53/><U1/><E1/><V5/><F124/><W75/><G75/><T47/><D47/><U55/><E88/><V122/><F122/><W125/><G125/><T126/><D126/><U9/><E9/><V121/><F121/><W27/><G27/><T21/><D134/><U114/><E114/><V48/><F0/><W73/><G73/><T67/><REACH who="0" step="1"/><D60/><REACH who="0" ten="227,204,356,203" step="2"/><U3/><E43/><V19/><F52/><W102/><G42/><T96/><D96/><U39/><E61/><V107/><F99/><W91/><G50/><T77/><D77/><U111/><E39/><V76/><F49/><W85/><G62/><T14/><D14/><U28/><E3/><V113/><F48/><W80/><G15/><T13/><D13/><U30/><E24/><V92/><F76/><W20/><G85/><T4/><D4/><U35/><E46/><V44/><F44/><W81/><G86/><T112/><D112/><U65/><E55/><V93/><F113/><W135/><G135/><T70/><D70/><U34/><E51/><V117/><F117/><W26/><G69/><T116/><D116/><U133/><E133/><V45/><F45/><W54/><G54/><T89/><AGARI ba="2,1" hai="12,16,21,23,25,29,64,67,89,94,97,108,109,110" machi="89" ten="30,8000,1" yaku="1,1,5,1,0,1,14,1,54,1,53,0" doraHai="101" doraHaiUra="119" who="0" fromWho="0" sc="227,96,204,-22,356,-42,203,-22" /><INIT seed="3,0,0,2,4,115" ten="323,182,314,181" oya="3" hai0="78,66,26,123,82,94,2,4,58,0,134,29,54" hai1="63,124,41,96,67,11,38,90,132,133,86,101,100" hai2="36,13,83,105,6,46,110,129,130,70,25,117,48" hai3="69,47,55,7,104,14,73,17,34,45,120,72,62"/><W74/><G120/><T21/><D123/><U27/><E124/><V75/><F117/><W80/><G104/><T126/><D126/><U52/><E11/><N who="2" m="4343" /><F70/><W32/><G7/><T9/><D134/><N who="1" m="51819" /><E52/><N who="2" m="29719" /><F105/><W91/><G69/><T49/><D94/><N who="1" m="56407" /><E27/><V28/><F36/><W1/><G1/><T79/><D66/><U23/><E23/><V68/><F68/><W99/><G32/><T24/><D0/><U31/><E31/><V128/><F110/><W56/><G34/><T127/><D127/><U3/><E3/><V118/><F118/><W131/><G131/><T77/><D26/><U19/><E19/><V87/><F75/><AGARI ba="0,0" hai="2,4,9,21,24,29,49,54,58,75,77,78,79,82" machi="75" ten="30,1000,0" yaku="7,1" doraHai="115" who="0" fromWho="2" sc="323,10,182,0,314,-10,181,0" owari="333,43.3,182,-21.8,304,10.4,181,-31.9" /></mjloggm>