<mjloggm ver="2.3"><GO type="225" lobby="0"/><UN n0="%E8%81%B7%E6%A5%AD%E3%80%81%E9%A2%A8%32" n1="%73%7A%2E%64%31" n2="%E4%B8%89%E5%86%A0%E7%8E%8B%E3%83%BB%E5%B1%B1%E7%94%B0%E5%93%B2%E4%BA%BA" n3="%6C%61%6D%62" dan="16,16,16,16" rate="2083.73,2119.27,2124.47,2156.19" sx="M,M,M,M"/><TAIKYOKU oya="0"/><INIT seed="0,0,0,5,1,71" ten="250,250,250,250" oya="0" hai0="8,1,31,114,48,14,115,23,43,57,12,22,134" hai1="55,40,83,116,70,29,80,81,47,129,16,24,33" hai2="108,59,101,75,99,113,93,26,13,121,45,94,89" hai3="88,118,58,119,100,92,106,105,131,65,72,98,37"/><T90/><D134/><U6/><E116/><N who="3" m="44586" /><G58/><T25/><D90/><U86/><E129/><V10/><F121/><W123/><G37/><T130/><D130/><U36/><E70/><V32/><F113/><N who="0" m="43018" /><D57/><U39/><E39/><V111/><F75/><W62/><G62/><T84/><D84/><U96/><E96/><V54/><F45/><W4/><G4/><N who="0" m="1039" /><D48/><U0/><E55/><V127/><F127/><W44/><G44/><T77/><D77/><U104/><E104/><N who="3" m="40042" /><G65/><T17/><D43/><U20/><E6/><V126/><F26/><AGARI ba="0,0" hai="12,14,17,22,23,25,26,31" m="1039,43018" machi="26" ten="30,2900,0" yaku="34,2" doraHai="71" who="0" fromWho="2" sc="250,29,250,0,250,-29,250,0" /><INIT seed="0,1,0,3,3,49" ten="279,250,221,250" oya="0" hai0="69,16,77,72,62,52,101,86,105,24,98,41,73" hai1="17,1,53,67,56,46,132,61,126,32,100,74,78" hai2="40,54,11,80,117,64,48,120,7,122,96,37,31" hai3="19,68,2,87,83,5,36,134,130,42,58,118,114"/><T35/><D41/><U43/><E132/><V89/><F117/><W91/><G68/><T79/><D73/><U38/><E32/><V93/><F64/><W22/><G118/><T103/><D72/><U107/><E1/><V21/><F37/><W3/><G114/><T116/><D116/><U33/><E126/><V95/><F40/><W127/><G134/><T123/><D123/><U102/><E33/><V8/><F80/><W27/><G127/><T10/><D35/><U26/><E107/><V129/><F129/><W99/><G130/><T70/><D69/><U50/><E26/><N who="2" m="16847" /><F122/><W115/><G115/><T110/><D70/><U28/><E28/><V111/><F111/><W75/><G5/><T18/><D110/><U106/><E106/><V65/><F65/><W12/><G75/><T0/><D0/><U55/><E17/><V92/><F120/><W97/><G3/><T29/><D29/><U113/><E113/><V57/><F11/><W9/><G2/><T76/><D86/><U88/><E74/><V59/><F59/><W25/><G42/><T15/><D103/><N who="1" m="39467" /><E78/><V85/><F85/><W128/><G36/><T20/><REACH who="0" step="1"/><D79/><REACH who="0" ten="269,250,221,250" step="2"/><U109/><E38/><V135/><F135/><W108/><G128/><T13/><D13/><AGARI ba="1,1" hai="7,8,13,48,54,57,89,92,93,95,96" m="16847" machi="13" ten="30,2000,0" yaku="8,1,52,1" doraHai="49" who="2" fromWho="0" sc="269,-23,250,0,221,33,250,0" /><INIT seed="1,0,0,1,4,15" ten="246,250,254,250" oya="1" hai0="118,125,31,104,53,99,32,55,54,131,133,113,44" hai1="21,82,128,121,77,90,36,69,43,8,97,114,92" hai2="4,78,100,80,122,106,62,63,124,23,56,52,7" hai3="10,132,103,17,33,75,96,45,60,11,117,58,84"/><U66/><E121/><V3/><F122/><W89/><G75/><T91/><D113/><U50/><E114/><V38/><F38/><W94/><G33/><T130/><D118/><U71/><E128/><N who="0" m="49193" /><D125/><U88/><E36/><V25/><F124/><W95/><G117/><T74/><D74/><U72/><E66/><V5/><F106/><W37/><G132/><T28/><D133/><U98/><E8/><V9/><F100/><W123/><G123/><T40/><D32/><U57/><E21/><V119/><F63/><W68/><G68/><T29/><D104/><U102/><E90/><V22/><F22/><W49/><G17/><T48/><D99/><U76/><E77/><V41/><F41/><N who="3" m="24751" /><G37/><N who="0" m="21519" /><D91/><U26/><E26/><V30/><REACH who="2" step="1"/><F119/><REACH who="2" ten="246,250,244,250" step="2"/><W87/><G87/><AGARI ba="0,1" hai="3,4,5,7,9,23,25,30,52,56,62,78,80,87" machi="87" ten="30,7700,0" yaku="1,1,2,1,7,1,54,1,53,0" doraHai="15" doraHaiUra="67" who="2" fromWho="3" sc="246,0,250,0,244,87,250,-77" /><INIT seed="2,0,0,1,5,4" ten="246,250,331,173" oya="2" hai0="49,27,117,79,66,106,14,134,59,71,19,36,34" hai1="52,15,70,76,119,110,93,135,43,67,17,118,91" hai2="77,50,51,113,46,92,89,101,125,111,121,24,28" hai3="74,29,99,102,9,96,13,61,54,32,108,42,65"/><V1/><F1/><W122/><G122/><T126/><D106/><U120/><E120/><V133/><F113/><W55/><G74/><T26/><D36/><U131/><E131/><V100/><F77/><W132/><G108/><T62/><D134/><U20/><E110/><V81/><F81/><W75/><G75/><T83/><D126/><U72/><E135/><V129/><F133/><W56/><G132/><T104/><D104/><U112/><E112/><V31/><F31/><W107/><G42/><T40/><D34/><U48/><E43/><V22/><F121/><W30/><G96/><T123/><D117/><U58/><E67/><V41/><F111/><W68/><G32/><T86/><D123/><U47/><E47/><N who="2" m="25967" /><F125/><W94/><G107/><T128/><D128/><U103/><E103/><V21/><F21/><W124/><G124/><T6/><D6/><U88/><E70/><V87/><F129/><W127/><G127/><T114/><D114/><U57/><E91/><V78/><F78/><W3/><G3/><T105/><D105/><U109/><E109/><V35/><F35/><W8/><G13/><T12/><D14/><U82/><REACH who="1" step="1"/><E58/><REACH who="1" ten="246,240,331,173" step="2"/><V116/><F116/><W37/><G37/><T39/><D39/><U63/><E63/><V53/><AGARI ba="0,1" hai="22,24,28,46,51,53,87,89,92,100,101" m="25967" machi="53" ten="30,1500,0" yaku="8,1" doraHai="4" who="2" fromWho="2" sc="246,-5,240,-5,331,25,173,-5" /><INIT seed="2,1,0,2,0,47" ten="241,235,356,168" oya="2" hai0="34,2,32,118,112,22,63,81,11,60,75,71,95" hai1="33,70,135,74,68,99,116,30,19,31,46,114,3" hai2="38,87,96,105,66,53,133,121,115,5,82,13,16" hai3="17,77,59,7,90,108,55,134,54,80,65,40,97"/><V79/><F38/><W84/><G108/><T132/><D112/><U35/><E74/><V128/><F5/><W119/><G119/><T24/><D95/><U1/><E99/><V58/><F121/><W42/><G134/><T0/><D81/><U28/><E116/><V6/><F6/><W109/><G109/><T85/><D85/><U44/><E19/><V64/><F128/><W93/><G7/><T50/><D75/><U37/><E37/><V89/><F115/><W15/><G65/><T122/><D11/><U127/><E114/><V26/><F26/><W106/><G106/><T76/><D76/><U125/><REACH who="1" step="1"/><E30/><REACH who="1" ten="241,225,356,168" step="2"/><V18/><F18/><W8/><REACH who="3" step="1"/><G55/><REACH who="3" ten="241,225,356,158" step="2"/><T83/><D118/><U23/><E23/><N who="2" m="11663" /><F53/><W10/><G10/><T86/><D22/><U72/><E72/><V101/><F66/><W124/><G124/><T98/><D32/><U62/><E62/><AGARI ba="1,2" hai="8,15,17,40,42,54,59,62,77,80,84,90,93,97" machi="62" ten="30,7700,0" yaku="1,1,7,1,8,1,53,1" doraHai="47" doraHaiUra="12" who="3" fromWho="1" sc="241,0,225,-80,356,0,158,100" /><INIT seed="3,0,0,2,0,44" ten="241,145,356,258" oya="3" hai0="70,11,16,48,101,91,37,50,117,62,99,103,76" hai1="120,61,10,35,51,31,126,80,82,1,84,7,0" hai2="65,125,59,135,17,87,14,54,79,121,123,47,88" hai3="124,111,32,24,105,38,116,60,130,6,29,13,20"/><W55/><G116/><T69/><D37/><U104/><E104/><V102/><F79/><W30/><G105/><T52/><D117/><U64/><E126/><V134/><F65/><W27/><G38/><T19/><D70/><U3/><E120/><N who="2" m="46155" /><F47/><W12/><G124/><T68/><D69/><U75/><E75/><V28/><F28/><W40/><G40/><T21/><D68/><U63/><E35/><V46/><F46/><W4/><G60/><T98/><D76/><U56/><E31/><V26/><F26/><W81/><G81/><T2/><D2/><U86/><E63/><N who="2" m="36343" /><F102/><N who="0" m="38922" /><D11/><U114/><E114/><V72/><F72/><W93/><G93/><N who="0" m="56639" /><D99/><U109/><E109/><V78/><F78/><W23/><G55/><T8/><D8/><U107/><E107/><V41/><F41/><W127/><G127/><T112/><D19/><U108/><E108/><V122/><F125/><W15/><G130/><T119/><D119/><U118/><E118/><V92/><F122/><W74/><G74/><T43/><D43/><U133/><E133/><V100/><F100/><W25/><G111/><T132/><D132/><U129/><E129/><V96/><F96/><W97/><G97/><T36/><D36/><U131/><E131/><V89/><F89/><W77/><G77/><T71/><D71/><U106/><E106/><V9/><AGARI ba="0,0" hai="9,14,17,87,88,92,134,135" m="36343,46155" machi="9" ten="30,2000,0" yaku="13,1,54,1" doraHai="44" who="2" fromWho="2" sc="241,-5,145,-5,356,20,258,-10" owari="236,-16.4,140,-36.0,376,47.6,248,4.8" /></mjloggm>