<mjloggm ver="2.3"><GO type="225" lobby="0"/><UN n0="%E9%89%A2%E5%B7%BB%E3%82%AC%E3%83%96" n1="%E6%A1%9C%E8%8A%B1%E9%96%83%E3%80%85" n2="%E6%80%AA%E3%81%97%E3%81%99%E3%81%8E%E3%82%8B%E3%83%81%E3%83%BC" n3="%E3%83%AD%E3%83%83%E3%83%86%E9%9B%80%E7%90%83" dan="16,18,16,17" rate="2068.19,2283.88,2108.70,2245.63" sx="M,M,M,M"/><TAIKYOKU oya="0"/><INIT seed="0,0,0,5,5,105" ten="250,250,250,250" oya="0" hai0="7,116,86,117,53,0,16,104,8,19,97,79,5" hai1="10,90,36,75,24,122,81,87,17,59,28,135,20" hai2="94,100,32,30,77,68,109,27,45,2,26,11,129" hai3="119,95,13,58,78,67,113,31,39,82,70,38,66"/><T80/><D7/><U47/><E122/><V92/><F68/><W121/><G113/><T63/><D116/><U131/><E131/><V130/><F109/><W55/><G119/><T83/><D117/><U35/><E135/><V127/><F127/><W44/><G121/><T123/><D123/><U72/><E59/><V112/><F112/><W41/><G39/><T126/><D126/><U107/><E107/><V62/><F77/><W71/><G31/><T124/><D124/><U93/><E10/><V134/><F134/><W76/><G71/><T108/><D108/><U114/><E114/><V57/><F45/><W4/><G70/><T96/><D53/><U52/><E81/><V101/><F27/><W48/><G78/><T91/><D63/><U21/><E35/><V29/><F29/><W125/><G95/><N who="2" m="36393" /><F11/><N who="3" m="4327" /><G125/><T111/><D111/><U102/><E102/><V99/><F99/><W106/><G106/><T6/><D6/><U103/><E103/><V50/><F2/><W25/><G25/><T64/><D64/><U15/><REACH who="1" step="1"/><E36/><REACH who="1" ten="250,240,250,250" step="2"/><V73/><F100/><W65/><G38/><T12/><D104/><U51/><AGARI ba="0,1" hai="15,17,20,21,24,28,47,51,52,72,75,87,90,93" machi="51" ten="30,12000,2" yaku="1,1,2,1,0,1,52,2,54,1,53,0" doraHai="105" doraHaiUra="34" who="1" fromWho="1" sc="250,-60,240,130,250,-30,250,-30" /><INIT seed="1,0,0,1,3,116" ten="190,370,220,220" oya="1" hai0="18,16,48,54,2,33,43,89,58,35,132,50,106" hai1="25,63,134,111,19,130,3,65,57,13,92,112,68" hai2="131,95,15,91,28,94,21,107,1,44,66,47,87" hai3="32,72,38,100,37,90,74,135,96,29,73,93,120"/><U7/><E112/><V84/><F107/><W62/><G135/><T53/><D106/><U104/><E104/><V51/><F1/><W27/><G120/><T42/><D2/><U113/><E113/><V88/><F131/><W105/><REACH who="3" step="1"/><G62/><REACH who="3" ten="190,370,220,210" step="2"/><T127/><D132/><U108/><E134/><V102/><F66/><W31/><G31/><T117/><D117/><U101/><E130/><V34/><F102/><W109/><G109/><T81/><D127/><U6/><E108/><V115/><F115/><W56/><G56/><T98/><D58/><U125/><E111/><V5/><F34/><W99/><AGARI ba="0,1" hai="27,29,32,37,38,72,73,74,90,93,96,99,100,105" machi="99" ten="40,2700,0" yaku="1,1,0,1,53,0" doraHai="116" doraHaiUra="126" who="3" fromWho="3" sc="190,-7,370,-13,220,-7,210,37" /><INIT seed="2,0,0,3,2,86" ten="183,357,213,247" oya="2" hai0="124,61,62,47,2,133,115,40,56,125,121,105,110" hai1="123,0,128,108,42,27,64,1,6,7,104,88,44" hai2="109,8,130,99,28,51,91,5,37,19,76,20,13" hai3="22,117,74,39,131,33,96,83,71,18,65,15,31"/><V49/><F37/><W14/><G117/><T97/><D2/><U134/><E104/><V46/><F130/><W12/><G39/><T58/><D105/><U87/><E128/><V82/><F109/><W90/><G131/><T79/><D79/><U11/><E108/><V55/><F28/><W122/><G122/><T111/><D97/><U60/><E134/><V119/><F119/><W70/><G33/><T23/><D23/><U101/><E101/><V73/><F49/><W21/><G31/><T43/><D47/><U103/><E103/><V116/><F116/><W10/><G22/><T68/><D68/><U53/><E53/><V85/><F99/><W48/><G48/><T84/><D84/><U67/><E27/><V38/><F38/><W69/><G65/><T72/><D72/><U25/><E25/><N who="2" m="14495" /><F73/><W80/><G74/><T78/><D78/><AGARI ba="0,0" hai="5,8,13,46,51,55,76,78,82,85,91" m="14495" machi="78" ten="30,2900,0" yaku="8,1,52,1" doraHai="86" who="2" fromWho="0" sc="183,-29,357,0,213,29,247,0" /><INIT seed="2,1,0,0,0,27" ten="154,357,242,247" oya="2" hai0="100,63,119,122,21,56,71,64,81,91,132,37,8" hai1="49,78,0,31,83,65,127,1,45,38,15,125,9" hai2="114,51,95,57,68,34,106,47,43,70,55,42,121" hai3="117,18,133,128,101,82,53,98,89,109,23,46,33"/><V99/><F34/><W93/><G117/><T74/><D122/><U5/><E38/><V110/><F106/><W103/><G109/><T26/><D132/><U75/><E65/><V102/><F121/><W54/><G128/><T24/><D119/><U67/><E67/><V90/><F114/><W29/><G133/><T92/><D37/><U16/><E31/><V12/><F110/><W14/><G46/><T77/><D71/><U36/><E36/><V126/><F126/><N who="1" m="48137" /><E5/><V59/><F102/><N who="3" m="38923" /><G33/><T60/><D60/><U129/><E129/><V120/><F120/><W20/><G82/><T48/><D48/><U32/><E32/><V79/><F79/><W2/><G2/><T72/><D8/><U13/><E13/><V112/><F112/><W40/><G40/><AGARI ba="1,0" hai="0,1,9,15,16,40,45,49,75,78,83" m="48137" machi="40" ten="30,2000,0" yaku="18,1,54,1" doraHai="27" who="1" fromWho="3" sc="154,0,357,23,242,0,247,-23" /><INIT seed="3,0,0,5,5,123" ten="154,380,242,224" oya="3" hai0="51,70,63,54,83,93,57,58,18,6,73,34,53" hai1="4,33,15,91,125,11,71,52,29,44,45,41,40" hai2="105,129,116,128,132,8,23,49,1,131,43,112,89" hai3="32,35,27,74,130,114,115,90,75,2,50,96,13"/><W82/><G50/><T46/><D34/><U76/><E71/><V80/><F112/><W107/><G13/><T84/><D6/><U28/><E125/><V111/><F111/><W56/><G56/><T124/><D124/><U69/><E76/><V94/><F105/><W17/><G17/><T106/><D106/><U88/><E52/><V10/><F132/><W14/><G14/><T87/><D70/><U109/><E109/><V67/><F80/><W19/><G19/><T3/><D3/><U42/><E69/><V121/><F116/><W103/><G130/><T59/><D73/><U135/><E135/><V30/><F121/><W118/><G118/><T47/><D93/><U86/><E91/><V25/><F67/><W113/><G2/><T16/><D46/><N who="1" m="18027" /><E33/><V0/><F49/><W98/><G27/><T38/><D38/><U12/><E15/><V104/><F43/><W39/><G39/><T60/><D58/><U95/><AGARI ba="0,0" hai="4,11,12,28,29,40,41,42,86,88,95" m="18027" machi="95" ten="30,2000,0" yaku="8,1,54,1" doraHai="123" who="1" fromWho="1" sc="154,-5,380,20,242,-5,224,-10" owari="149,-35.1,400,50.0,237,3.7,214,-18.6" /></mjloggm>