<mjloggm ver="2.3"><GO type="225" lobby="0"/><UN n0="%72%65%6E%6B%75%6E" n1="%E3%81%BF%E3%81%BF%E3%81%9A" n2="%E3%83%AB%E3%83%9B%E3%83%B3%E3%83%87%E3%82%A3%E3%82%A8" n3="%E9%97%98%E5%B0%86%E3%81%A0%E3%82%93%E3%81%A7%E3%81%83" dan="17,17,17,16" rate="2208.86,2309.87,2187.64,2141.80" sx="M,M,M,M"/><TAIKYOKU oya="0"/><INIT seed="0,0,0,3,5,107" ten="250,250,250,250" oya="0" hai0="90,91,1,79,119,83,102,0,55,108,106,93,96" hai1="2,118,33,72,112,56,3,80,65,16,127,95,58" hai2="126,129,59,67,39,89,46,110,37,99,28,7,86" hai3="41,18,122,23,128,133,123,26,40,81,52,42,32"/><T60/><D119/><U53/><E118/><V12/><F110/><W68/><G128/><T29/><D29/><U48/><E33/><V94/><F129/><W45/><G133/><T120/><D120/><N who="3" m="46121" /><G68/><T77/><D108/><U113/><E95/><V82/><F126/><W38/><G32/><T121/><D121/><U105/><E105/><V19/><F28/><W97/><G97/><T6/><D77/><N who="1" m="44071" /><E127/><V25/><F25/><W31/><G31/><T134/><D134/><U87/><E87/><V13/><F7/><W111/><G111/><T100/><D100/><U57/><E16/><V17/><F46/><N who="3" m="23831" /><G81/><T36/><D36/><U92/><E92/><V78/><F39/><W49/><AGARI ba="0,0" hai="18,23,26,41,42,45,49,52" m="23831,46121" machi="49" ten="30,2000,0" yaku="13,1,54,1" doraHai="107" who="3" fromWho="3" sc="250,-10,250,-5,250,-5,250,20" /><INIT seed="1,0,0,4,4,119" ten="240,245,245,270" oya="1" hai0="120,48,91,43,38,33,37,93,107,68,28,97,35" hai1="60,7,31,8,81,64,18,34,89,132,30,17,100" hai2="11,118,113,95,88,67,76,39,104,108,52,10,80" hai3="103,47,74,129,112,69,84,130,61,14,24,92,75"/><U128/><E100/><V27/><F104/><W125/><G112/><T59/><D68/><U13/><E128/><N who="3" m="49258" /><G125/><T134/><D107/><U41/><E41/><V1/><F39/><W85/><G14/><T56/><D134/><U9/><E132/><V36/><F36/><W2/><G2/><T63/><D120/><U73/><E34/><V109/><F118/><W32/><G47/><T16/><D33/><U65/><E73/><N who="3" m="27658" /><G92/><T42/><D35/><U122/><E122/><V29/><F1/><W77/><G77/><T105/><D28/><U131/><E131/><V71/><F113/><W45/><G45/><T124/><D105/><U115/><E115/><V0/><F76/><W46/><G46/><T123/><D124/><U94/><E81/><V114/><F80/><W53/><G53/><N who="0" m="31783" /><D38/><U102/><E102/><V23/><F114/><W55/><G55/><N who="0" m="34303" /><D37/><U121/><E121/><V5/><F52/><W83/><G103/><T20/><D123/><U50/><E50/><V4/><F0/><W49/><G49/><T127/><D127/><U90/><E94/><V12/><F67/><N who="1" m="25673" /><E60/><V86/><F71/><W62/><G83/><T106/><D106/><U135/><E135/><V110/><F11/><N who="1" m="4169" /><E7/><AGARI ba="0,0" hai="4,5,7,10,12,23,27,29,86,88,95,108,109,110" machi="7" ten="40,2600,0" yaku="14,1,54,1" doraHai="119" who="2" fromWho="1" sc="240,0,245,-26,245,26,270,0" /><INIT seed="2,0,0,3,4,79" ten="240,219,271,270" oya="2" hai0="113,134,120,116,84,22,38,103,2,24,77,71,49" hai1="5,93,115,131,35,57,62,117,102,106,21,61,56" hai2="59,54,124,108,48,64,112,82,65,89,91,135,63" hai3="100,33,1,88,15,109,97,50,80,96,40,12,30"/><V0/><F0/><W104/><G1/><T44/><D2/><U126/><E115/><V68/><F112/><W111/><G33/><T27/><D71/><U34/><E117/><V122/><F122/><W41/><G30/><T76/><D38/><U114/><E106/><V67/><F135/><W42/><G50/><T43/><D113/><U4/><E114/><V118/><F118/><W127/><G127/><T26/><D120/><U47/><E126/><V119/><F119/><W39/><G39/><T25/><D134/><U29/><E47/><V132/><F124/><W8/><G96/><T53/><D116/><U13/><E131/><V130/><F132/><W16/><REACH who="3" step="1"/><G15/><REACH who="3" ten="240,219,271,260" step="2"/><T87/><D43/><U123/><E123/><V74/><F130/><W99/><G99/><T94/><D84/><AGARI ba="0,1" hai="8,12,16,40,41,42,80,84,88,97,100,104,109,111" machi="84" ten="40,8000,1" yaku="1,1,52,1,54,2,53,1" doraHai="79" doraHaiUra="86" who="3" fromWho="0" sc="240,-80,219,0,271,0,260,90" /><INIT seed="3,0,0,3,4,61" ten="160,219,271,350" oya="3" hai0="96,2,125,72,35,128,124,65,8,133,105,118,102" hai1="85,41,84,129,43,4,69,98,89,101,30,21,0" hai2="16,126,37,95,62,70,58,13,87,3,131,134,28" hai3="59,80,49,74,64,54,17,29,38,55,75,83,14"/><W48/><G38/><T123/><RYUUKYOKU type="yao9" ba="0,0" sc="160,0,219,0,271,0,350,0" hai0="2,8,35,65,72,96,102,105,118,123,124,125,128,133" /><INIT seed="3,1,0,0,4,66" ten="160,219,271,350" oya="3" hai0="13,55,93,124,97,40,126,3,68,25,71,109,116" hai1="132,34,111,91,56,42,84,82,39,1,48,41,65" hai2="18,74,103,122,49,7,50,96,43,92,46,53,6" hai3="83,64,47,36,29,123,58,130,62,78,27,14,67"/><W19/><G123/><T37/><D3/><U99/><E111/><V23/><F74/><W69/><G130/><T134/><D109/><U80/><E132/><V79/><F79/><W2/><G2/><T15/><D134/><U38/><E1/><V21/><F21/><W30/><G67/><T0/><D0/><U33/><E99/><V85/><F85/><W86/><G69/><N who="0" m="26699" /><D116/><U5/><E65/><V107/><F107/><W54/><G27/><T127/><D55/><U105/><E105/><V102/><F102/><W51/><G36/><T100/><D25/><U9/><E56/><N who="2" m="32815" /><F122/><W89/><G78/><T120/><D120/><U24/><E5/><V98/><F98/><W101/><G101/><T61/><D61/><U32/><E24/><AGARI ba="1,0" hai="6,7,18,23,24,43,46,50,92,96,103" m="32815" machi="24" ten="30,1000,0" yaku="8,1" doraHai="66" who="2" fromWho="1" sc="160,0,219,-13,271,13,350,0" owari="160,-34.0,206,-19.4,284,8.4,350,45.0" /></mjloggm>