<mjloggm ver="2.3"><GO type="225" lobby="0"/><UN n0="%E6%A1%9C%E8%8A%B1%E9%96%83%E3%80%85" n1="%E5%AF%82%E5%AF%9E%E3%82%AE%E3%83%8D%E3%82%B9%E3%83%93%E3%83%BC%E3%83%AB" n2="%73%6C%69%63%6B%33%31%39" n3="%E5%B0%8F%E9%B3%A5%E9%81%8A%E7%B7%B4%E7%84%A1%32%31%E6%AD%B3" dan="18,16,16,16" rate="2218.26,2133.71,2181.41,2107.15" sx="M,M,M,F"/><TAIKYOKU oya="0"/><INIT seed="0,0,0,0,5,119" ten="250,250,250,250" oya="0" hai0="98,65,121,37,77,14,114,75,32,87,83,29,23" hai1="16,116,79,49,89,66,128,135,70,96,10,127,2" hai2="8,52,31,81,88,132,45,33,50,115,108,43,5" hai3="95,21,112,117,35,73,133,68,59,15,6,64,76"/><T1/><D114/><U84/><E116/><V94/><F115/><W44/><G35/><T62/><D1/><U102/><E127/><V0/><F108/><W34/><G117/><T53/><D37/><U99/><E128/><V90/><F132/><W22/><G34/><T12/><D32/><U107/><E135/><V69/><F69/><W123/><G68/><T67/><D75/><U30/><E30/><V28/><F33/><W27/><G112/><T46/><D98/><U78/><E96/><V11/><F11/><W109/><G109/><T72/><D72/><U118/><E118/><V126/><F126/><W113/><G113/><T19/><D29/><U41/><E66/><N who="0" m="25097" /><D121/><U47/><E70/><V93/><F81/><N who="3" m="45199" /><G95/><T58/><D46/><U97/><E97/><V122/><F122/><W111/><G44/><T18/><D18/><U61/><E61/><V54/><F31/><W100/><G111/><T51/><D62/><U82/><REACH who="1" step="1"/><E2/><REACH who="1" ten="250,240,250,250" step="2"/><V130/><F28/><W131/><G133/><T86/><D86/><U3/><E3/><V39/><F130/><W26/><G131/><T57/><D57/><U7/><E7/><V71/><F71/><W92/><G6/><T36/><D36/><U110/><E110/><V120/><F120/><W103/><G59/><T38/><D38/><U42/><E42/><V129/><F129/><W4/><G123/><T24/><AGARI ba="0,1" hai="12,14,19,23,24,51,53,58,77,83,87" m="25097" machi="24" ten="30,1500,0" yaku="8,1" doraHai="119" who="0" fromWho="0" sc="250,25,240,-5,250,-5,250,-5" /><INIT seed="0,1,0,0,5,97" ten="275,235,245,245" oya="0" hai0="51,91,119,50,46,121,117,29,14,120,32,73,72" hai1="127,27,95,110,118,89,62,126,105,40,16,5,114" hai2="26,10,47,112,59,3,1,123,42,55,58,33,125" hai3="39,69,94,28,64,38,4,2,85,93,67,71,131"/><T129/><D91/><U11/><E118/><N who="0" m="45065" /><D14/><U130/><E105/><V44/><F123/><N who="0" m="47178" /><D46/><U0/><E114/><V65/><F112/><W87/><G28/><T15/><D15/><U104/><E104/><V54/><F10/><W111/><G4/><T21/><D21/><U22/><E130/><V84/><F26/><W83/><G83/><T24/><D51/><U124/><E40/><V70/><F42/><W113/><G113/><T36/><D50/><U133/><E62/><V31/><F47/><W107/><G107/><T61/><D129/><U8/><E8/><V77/><F44/><W48/><G48/><T74/><D61/><U13/><E133/><V80/><F1/><W108/><G131/><T132/><D132/><U122/><E122/><V66/><F3/><AGARI ba="1,0" hai="2,3,38,39,64,67,69,71,85,87,93,94,108,111" machi="3" ten="25,1600,0" yaku="22,2" doraHai="97" who="3" fromWho="2" sc="275,0,235,0,245,-19,245,19" /><INIT seed="1,0,0,0,4,122" ten="275,235,226,264" oya="1" hai0="108,51,58,93,36,20,35,81,80,37,99,130,13" hai1="31,23,41,84,10,71,60,50,34,48,43,68,90" hai2="66,123,33,75,117,49,44,11,42,0,9,127,135" hai3="73,47,121,76,38,45,24,100,113,62,98,27,120"/><U86/><E34/><V105/><F117/><W17/><G113/><T87/><D35/><U78/><E10/><V134/><F123/><W14/><G62/><T63/><D130/><U95/><E60/><V109/><F105/><W67/><G67/><T65/><D81/><U124/><E124/><V30/><F75/><W28/><G120/><T6/><D51/><U15/><E68/><V133/><F127/><W128/><G128/><T1/><D1/><U3/><E71/><V2/><F66/><W116/><G116/><T112/><D112/><U56/><E3/><N who="2" m="1067" /><F109/><W40/><G45/><T54/><D54/><N who="1" m="31815" /><E50/><V77/><F77/><W89/><G89/><T106/><D106/><U92/><E31/><V57/><F57/><W29/><G121/><T5/><D108/><U129/><E129/><V110/><F110/><W79/><G73/><T25/><D13/><U125/><E125/><V126/><F126/><W7/><G7/><T132/><D132/><U53/><E53/><V39/><F39/><W88/><G29/><N who="0" m="17575" /><D37/><U16/><E92/><V4/><F4/><W72/><G72/><T102/><D36/><U61/><E61/><V21/><F33/><W107/><G28/><T96/><D96/><U22/><E22/><V55/><F55/><W119/><G119/><T69/><D69/><U32/><E32/><V111/><F111/><W74/><G74/><T12/><D12/><U101/><E101/><V46/><F46/><W52/><G100/><T131/><D131/><U70/><E70/><V83/><F83/><AGARI ba="0,0" hai="15,16,23,41,43,78,83,84,86,90,95" m="31815" machi="83" ten="30,5800,0" yaku="25,1,8,1,54,1" doraHai="122" who="1" fromWho="2" sc="275,0,235,58,226,-58,264,0" /><INIT seed="1,1,0,2,2,37" ten="275,293,168,264" oya="1" hai0="62,38,135,94,114,134,81,16,12,103,49,48,65" hai1="98,108,106,39,73,57,84,7,24,42,116,117,102" hai2="41,75,78,14,82,20,27,70,59,23,40,96,28" hai3="22,100,93,34,80,85,118,86,11,21,124,56,33"/><U61/><E73/><V4/><F70/><W115/><G118/><T99/><D114/><U119/><E108/><V47/><F47/><W31/><G115/><T130/><D38/><U64/><E7/><V112/><F112/><W19/><G124/><T6/><D6/><U52/><E84/><V91/><F59/><W63/><G11/><T50/><D130/><U68/><E24/><V0/><F0/><W90/><G100/><T129/><D81/><U60/><REACH who="1" step="1"/><E39/><REACH who="1" ten="275,283,168,264" step="2"/><V18/><REACH who="2" step="1"/><F4/><REACH who="2" ten="275,283,158,264" step="2"/><W46/><G85/><T113/><D113/><U97/><E97/><V29/><F29/><W9/><G31/><T87/><D87/><U105/><E105/><V55/><F55/><W77/><G86/><T10/><REACH who="0" step="1"/><D129/><REACH who="0" ten="265,283,158,264" step="2"/><U30/><E30/><V109/><F109/><W92/><G33/><T88/><D88/><U121/><E121/><V131/><F131/><W133/><G90/><T132/><D132/><U36/><E36/><V53/><F53/><W95/><G34/><T79/><D79/><U101/><E101/><V71/><F71/><AGARI ba="1,3" hai="10,12,16,48,49,50,62,65,71,94,99,103,134,135" machi="71" ten="40,2600,0" yaku="1,1,54,1,53,0" doraHai="37" doraHaiUra="76" who="0" fromWho="2" sc="265,59,283,0,158,-29,264,0" /><INIT seed="2,0,0,3,5,114" ten="324,283,129,264" oya="2" hai0="40,59,57,77,47,113,103,61,13,19,93,36,92" hai1="120,97,116,32,91,42,76,99,2,53,3,48,4" hai2="98,90,31,26,89,108,16,18,11,130,119,39,49" hai3="56,131,29,95,117,14,84,78,41,94,12,75,58"/><V123/><F123/><W6/><G117/><T24/><D113/><U37/><E32/><V129/><F39/><W102/><G131/><N who="2" m="50185" /><F108/><W25/><G75/><T28/><D77/><U8/><E116/><V17/><F119/><W107/><G41/><T126/><D126/><U80/><E2/><V46/><F11/><W106/><G6/><T65/><D59/><N who="1" m="33191" /><E91/><N who="2" m="34827" /><F98/><W127/><G127/><T111/><D103/><U34/><E120/><V71/><F71/><W38/><G38/><T105/><D105/><U1/><E1/><V125/><F125/><W83/><G107/><T82/><D82/><U0/><E34/><N who="2" m="20855" /><F17/><W27/><G106/><T20/><REACH who="0" step="1"/><D111/><REACH who="0" ten="314,283,129,264" step="2"/><U72/><E0/><V52/><AGARI ba="0,1" hai="16,18,46,49,52" m="20855,34827,50185" machi="52" ten="30,6000,0" yaku="19,1,54,2" doraHai="114" who="2" fromWho="2" sc="314,-20,283,-20,129,70,264,-20" /><INIT seed="2,1,0,1,0,31" ten="294,263,199,244" oya="2" hai0="79,94,64,10,72,95,75,26,121,38,134,117,116" hai1="126,11,66,70,106,118,127,43,71,88,29,77,39" hai2="128,5,100,54,21,46,51,52,99,13,98,59,25" hai3="30,23,9,133,35,82,34,24,107,90,27,50,74"/><V37/><F128/><W132/><G107/><T89/><D121/><U22/><E118/><V49/><F37/><W125/><G125/><T19/><D38/><U81/><E106/><V92/><F99/><W67/><G67/><T2/><D134/><N who="3" m="51817" /><G9/><T12/><D2/><U68/><E66/><V112/><F112/><W28/><G50/><T1/><D1/><U86/><E11/><V44/><F5/><W115/><G115/><T4/><D64/><U84/><E43/><V17/><F59/><W55/><G55/><T36/><D36/><U18/><E29/><V120/><F120/><W16/><G90/><T53/><D53/><U8/><E8/><V42/><F42/><W32/><G30/><T102/><D89/><U91/><E39/><V83/><REACH who="2" step="1"/><F83/><REACH who="2" ten="294,263,189,244" step="2"/><W129/><G129/><T93/><D4/><U78/><E127/><V33/><F33/><N who="3" m="12907" /><G82/><T61/><D117/><U76/><E126/><V110/><F110/><W122/><G122/><T113/><D116/><U109/><E109/><V3/><F3/><W96/><G96/><T41/><D113/><U45/><E81/><V130/><F130/><W69/><G69/><T73/><D41/><U108/><E108/><V14/><AGARI ba="1,1" hai="13,14,17,21,25,44,46,49,51,52,54,92,98,100" machi="14" ten="30,12000,1" yaku="1,1,0,1,9,1,8,1,54,1,53,0" doraHai="31" doraHaiUra="104" who="2" fromWho="2" sc="294,-41,263,-41,189,133,244,-41" /><INIT seed="2,2,0,2,5,97" ten="253,222,322,203" oya="2" hai0="64,3,71,0,104,107,124,57,108,53,81,65,59" hai1="103,102,52,46,121,83,31,37,89,15,110,5,50" hai2="116,2,82,33,78,92,12,17,67,76,123,114,100" hai3="14,133,99,72,115,25,62,134,77,56,61,60,127"/><V126/><F2/><W43/><G115/><T48/><D71/><U79/><E37/><V86/><F33/><W130/><G43/><T117/><D108/><U125/><E110/><V29/><F116/><W34/><G127/><T94/><D124/><U49/><E125/><V21/><F123/><W135/><G130/><T84/><D94/><U118/><E118/><V95/><F114/><W10/><G99/><T74/><D74/><U63/><E63/><V44/><F67/><W85/><G72/><T4/><D4/><U58/><E31/><V27/><F100/><N who="1" m="38441" /><E89/><V90/><F44/><W38/><G38/><T109/><D109/><U16/><E5/><V32/><F126/><W24/><G56/><T105/><D117/><U20/><E121/><V19/><F19/><W87/><G34/><T13/><D0/><U93/><E93/><N who="2" m="35915" /><F32/><W28/><G77/><N who="2" m="29801" /><F29/><W36/><G28/><T68/><D3/><U35/><E35/><V1/><F1/><W91/><G36/><T22/><D68/><U8/><E8/><V119/><F119/><W70/><G70/><T11/><D11/><U7/><E7/><V113/><F113/><W112/><G112/><T131/><D105/><U88/><E79/><V73/><F73/><W30/><G30/><T129/><D107/><U45/><E50/><V54/><F90/><W122/><G91/><N who="0" m="51599" /><D104/><U40/><E40/><V128/><F128/><W69/><G69/><T51/><D131/><U111/><E111/><V6/><F6/><W132/><G134/><T41/><D129/><U80/><E88/><N who="2" m="51287" /><F54/><W96/><G132/><T120/><D120/><RYUUKYOKU ba="2,0" sc="253,-15,222,15,322,15,203,-15" hai1="15,16,20,45,46,49,52,58,80,83" hai2="12,17,21,27" /><INIT seed="2,3,0,1,2,25" ten="238,237,337,188" oya="2" hai0="54,97,1,63,110,79,70,106,112,56,111,55,80" hai1="75,72,58,135,36,18,17,128,62,95,116,59,65" hai2="73,129,67,9,51,0,66,21,2,5,29,84,44" hai3="32,120,88,37,11,50,7,40,27,30,23,33,96"/><V10/><F73/><W43/><G37/><T85/><D112/><U20/><E116/><V100/><F129/><W123/><G120/><T24/><D1/><U78/><E36/><V121/><F121/><W68/><G68/><T46/><D70/><U13/><E128/><V131/><F131/><W61/><G61/><T53/><D24/><U94/><E135/><V12/><F100/><W81/><G123/><T4/><D4/><U102/><E78/><V113/><F113/><W124/><G124/><T42/><D97/><U22/><E58/><V107/><F107/><W41/><G50/><N who="0" m="26967" /><D106/><U64/><E64/><V127/><F127/><W133/><G133/><T38/><D38/><U117/><E117/><V16/><F84/><W34/><G81/><T69/><D69/><U91/><E102/><V92/><F92/><W122/><G122/><T125/><D125/><U71/><E95/><V82/><F82/><W49/><G49/><T14/><D14/><U103/><E103/><V118/><F118/><W45/><G45/><T126/><D126/><U90/><E71/><V108/><F108/><AGARI ba="3,0" hai="53,54,55,56,63,79,80,85,108,110,111" m="26967" machi="108" ten="30,1000,0" yaku="14,1" doraHai="25" who="0" fromWho="2" sc="238,19,237,0,337,-19,188,0" /><INIT seed="3,0,0,2,5,61" ten="257,237,318,188" oya="3" hai0="81,6,135,124,59,62,34,9,106,109,11,93,12" hai1="78,65,57,4,127,126,47,35,79,58,42,20,100" hai2="95,67,2,87,52,51,63,41,116,69,14,108,27" hai3="48,83,110,16,29,28,49,85,72,75,102,134,44"/><W97/><G134/><T133/><D106/><U39/><E35/><V117/><F2/><W36/><G36/><T55/><D109/><U92/><E4/><V21/><F41/><W80/><G110/><T5/><D34/><U23/><E100/><V122/><F122/><W115/><G115/><T8/><D124/><N who="1" m="47659" /><E92/><V24/><F108/><W64/><G64/><T130/><D130/><U132/><E132/><N who="0" m="50761" /><D93/><U98/><E98/><V10/><F27/><W111/><G111/><T112/><D112/><U96/><E96/><V68/><F69/><W86/><G44/><T60/><D81/><U131/><E131/><V17/><F87/><W30/><G97/><T88/><D88/><U0/><E0/><V15/><F95/><W13/><G102/><T40/><D40/><U22/><E58/><V128/><F128/><W119/><G119/><T32/><D32/><U121/><E121/><V90/><F90/><W84/><G75/><T18/><D60/><AGARI ba="0,0" hai="20,22,23,39,42,47,57,60,65,78,79" m="47659" machi="60" ten="30,2000,0" yaku="18,1,52,1" doraHai="61" who="1" fromWho="0" sc="257,-20,237,20,318,0,188,0" owari="237,-16.3,257,5.7,318,41.8,188,-31.2" /></mjloggm>