<mjloggm ver="2.3"><GO type="225" lobby="0"/><UN n0="%E8%81%B7%E6%A5%AD%E3%80%81%E9%A2%A8%32" n1="%E3%82%A2%E3%83%9E%E3%83%9D%EF%BD%9E%EF%BD%9E%E3%83%A9" n2="%E8%A8%88%E7%AE%97%E6%A9%9F%E8%87%AA%E7%84%B6" n3="%E3%82%BC%E3%83%AB%E3%83%80%E3%81%AE%E4%BC%9D%E8%AA%AC" dan="16,17,17,16" rate="2126.30,2186.19,2243.55,2145.56" sx="M,M,M,M"/><TAIKYOKU oya="0"/><INIT seed="0,0,0,1,4,96" ten="250,250,250,250" oya="0" hai0="122,82,2,104,130,41,57,23,84,52,7,105,19" hai1="64,26,125,118,1,61,77,72,65,106,91,48,51" hai2="76,113,102,15,24,100,35,85,55,75,133,60,22" hai3="59,80,36,44,42,11,62,89,37,54,49,25,3"/><T123/><D130/><U69/><E118/><V39/><F113/><W124/><G124/><T98/><D41/><U28/><E1/><V12/><F75/><W119/><G119/><T110/><D110/><U116/><E125/><V70/><F39/><W56/><G25/><T94/><D104/><U38/><E38/><N who="3" m="14954" /><G89/><T87/><D105/><U120/><E120/><V95/><F133/><W27/><G27/><T121/><D7/><U67/><E106/><V31/><F70/><W18/><G80/><T111/><D2/><U86/><E77/><V10/><F35/><W135/><G18/><T74/><D111/><U53/><E51/><V132/><F132/><W126/><G11/><T5/><D5/><U47/><E72/><V93/><F76/><W21/><G21/><T13/><D82/><U66/><E116/><V50/><F60/><N who="3" m="35863" /><G3/><T6/><D6/><U58/><E69/><V103/><F85/><W32/><G32/><T79/><D79/><U108/><E108/><V107/><F107/><W43/><G126/><T92/><D74/><U40/><N who="1" m="16384" /><DORA hai="34" /><U29/><REACH who="1" step="1"/><E26/><REACH who="1" ten="250,240,250,250" step="2"/><V45/><F12/><W33/><G135/><T8/><D121/><U115/><E115/><V90/><F90/><W73/><G73/><T99/><D122/><U14/><E14/><V128/><F128/><W63/><G63/><N who="0" m="36263" /><D123/><U131/><E131/><V71/><F71/><W114/><G114/><T30/><D8/><U78/><E78/><V88/><F88/><W129/><G129/><T134/><D134/><U117/><E117/><V46/><F10/><W109/><G109/><T81/><D13/><RYUUKYOKU ba="0,1" sc="250,-10,240,30,250,-10,250,-10" hai1="28,29,40,47,48,53,58,61,86,91" /><INIT seed="1,1,1,3,4,27" ten="240,270,240,240" oya="1" hai0="100,135,32,54,37,122,62,68,14,120,89,31,111" hai1="21,97,13,47,5,4,35,126,133,53,102,104,95" hai2="38,129,72,108,20,43,121,49,116,9,45,117,130" hai3="44,123,12,115,8,113,1,71,17,94,33,76,83"/><U22/><E35/><V56/><F72/><W79/><G123/><N who="0" m="47147" /><D111/><U110/><E126/><V25/><F121/><W23/><G71/><T98/><D37/><U78/><E133/><V124/><F108/><W109/><G109/><T103/><D135/><U51/><E110/><V58/><F9/><W107/><G107/><N who="0" m="63895" /><D103/><U134/><E104/><V41/><F124/><W125/><G125/><T88/><D14/><U15/><E78/><V60/><F41/><W93/><G79/><T92/><D54/><U6/><E134/><V50/><F38/><W74/><G113/><T69/><D62/><U81/><E81/><V99/><F99/><W128/><G128/><N who="2" m="49257" /><F49/><W16/><G115/><T34/><D34/><U132/><E132/><V28/><F58/><W18/><G33/><T19/><D19/><U55/><E53/><AGARI ba="1,1" hai="20,25,28,43,45,50,53,56,60,116,117" m="49257" machi="53" ten="30,2000,0" yaku="19,1,52,1" doraHai="27" who="2" fromWho="1" sc="240,0,270,-23,240,33,240,0" /><INIT seed="2,0,0,0,5,77" ten="240,247,273,240" oya="2" hai0="29,76,109,12,134,33,101,54,68,52,124,26,45" hai1="60,5,81,0,95,17,132,103,121,96,71,125,107" hai2="9,21,30,84,1,55,91,53,129,73,18,112,130" hai3="61,126,115,127,89,116,65,46,28,87,113,98,92"/><V82/><F112/><N who="3" m="43083" /><G28/><T83/><D109/><U38/><E38/><V7/><F30/><W117/><G46/><T97/><D68/><U22/><E125/><N who="3" m="47626" /><G61/><T40/><D124/><U35/><E35/><V88/><F73/><W15/><G15/><T4/><D134/><U135/><E121/><V3/><F3/><W8/><G8/><T49/><D12/><U16/><E5/><V69/><F69/><W72/><G65/><T78/><D4/><U50/><E50/><V39/><F39/><W63/><G63/><T79/><REACH who="0" step="1"/><D83/><REACH who="0" ten="230,247,273,240" step="2"/><U133/><E81/><V41/><F82/><N who="3" m="49399" /><G72/><T2/><D2/><U102/><E0/><V110/><F1/><W108/><G108/><T31/><D31/><U90/><E133/><V32/><F110/><W14/><G14/><T128/><D128/><U56/><E135/><V106/><F130/><W13/><G13/><T34/><D34/><U59/><E132/><V62/><F129/><W37/><G37/><T51/><D51/><U123/><E71/><V23/><F32/><W36/><G36/><T6/><D6/><U75/><E17/><V105/><F7/><W42/><G42/><T122/><D122/><U25/><E123/><V120/><F120/><W86/><G86/><T27/><D27/><U64/><E75/><V48/><F84/><W70/><G70/><T47/><D47/><U10/><E16/><V118/><F48/><W43/><G43/><T94/><AGARI ba="0,1" hai="26,29,33,40,45,49,52,54,76,78,79,94,97,101" machi="94" ten="30,4000,0" yaku="1,1,0,1,54,1,53,0" doraHai="77" doraHaiUra="100" who="0" fromWho="0" sc="230,50,247,-10,273,-20,240,-10" /><INIT seed="3,0,0,0,1,94" ten="280,237,253,230" oya="3" hai0="73,108,27,76,124,125,58,22,110,116,4,41,98" hai1="5,23,15,12,72,78,48,38,16,1,122,31,11" hai2="66,53,33,39,21,112,7,135,83,92,129,19,68" hai3="128,43,127,86,3,117,34,93,42,30,130,60,77"/><W49/><G117/><T14/><D116/><U99/><E38/><V61/><F33/><W20/><G127/><N who="0" m="48715" /><D41/><U131/><E122/><V118/><F7/><W102/><G3/><T24/><D73/><U113/><E113/><V70/><F70/><W26/><G34/><T100/><D76/><U47/><E131/><N who="3" m="50218" /><G60/><T29/><D27/><N who="1" m="16895" /><E72/><V114/><F129/><W17/><G30/><T45/><D45/><U126/><E78/><V46/><F118/><W71/><G71/><T44/><D44/><U2/><E2/><V123/><F123/><W9/><G9/><N who="0" m="4391" /><D58/><U121/><E1/><V36/><F112/><W91/><G77/><T96/><D96/><U132/><E99/><V67/><F114/><W84/><G84/><T13/><D13/><U18/><E121/><V81/><F68/><W85/><G85/><T107/><AGARI ba="0,0" hai="22,24,29,98,100,107,108,110" m="4391,48715" machi="107" ten="30,2000,0" yaku="18,1,52,1" doraHai="94" who="0" fromWho="0" sc="280,20,237,-5,253,-5,230,-10" owari="300,40.0,232,-16.8,248,4.8,220,-28.0" /></mjloggm>