<mjloggm ver="2.3"><GO type="225" lobby="0"/><UN n0="%E3%83%B4%E3%82%A3%E3%83%AF%E3%82%B3%E3%82%B0%E3%83%8B" n1="%E7%AB%8B%E7%9B%B4%E5%A5%BD%E6%A3%92%40%E5%BF%98" n2="%28%EF%BF%A3%E2%96%BD%EF%BF%A3%29%CE%B4%E2%8C%92%E3%83%BB" n3="%E3%83%B4%E3%83%A0%EF%BC%99%E3%81%A6" dan="16,17,17,16" rate="2209.62,2121.66,2262.09,2124.94" sx="M,M,M,M"/><TAIKYOKU oya="0"/><INIT seed="0,0,0,5,5,91" ten="250,250,250,250" oya="0" hai0="124,71,85,117,104,79,12,134,28,47,90,67,21" hai1="82,81,54,76,24,18,35,115,49,29,13,43,7" hai2="92,133,125,14,26,33,39,60,40,10,119,57,72" hai3="80,1,64,112,127,110,70,19,93,41,65,77,84"/><T36/><D117/><U48/><E115/><V75/><F119/><W118/><G112/><T129/><D134/><U99/><E7/><V50/><F39/><W32/><G118/><T15/><D104/><U106/><E43/><V25/><F125/><W97/><G127/><T87/><D124/><U45/><E49/><V128/><F128/><W31/><G1/><T62/><D129/><U53/><E53/><V98/><F133/><W5/><G5/><T95/><D36/><U88/><E76/><V37/><F37/><W122/><G41/><T11/><D47/><U42/><E42/><V8/><F75/><W30/><G110/><T58/><D71/><U44/><E44/><N who="2" m="25863" /><F72/><W34/><G122/><T126/><D126/><U120/><E120/><V103/><F33/><W38/><G38/><T78/><D85/><U17/><E17/><N who="2" m="8391" /><F10/><W73/><G73/><T123/><D123/><U0/><E0/><V69/><F69/><W121/><G121/><T68/><D68/><U108/><E108/><V2/><F2/><W20/><G32/><T74/><D74/><U131/><E131/><V46/><F46/><W56/><G34/><T55/><D55/><AGARI ba="0,0" hai="25,26,55,57,60,92,98,103" m="8391,25863" machi="55" ten="30,2000,0" yaku="8,1,52,1" doraHai="91" who="2" fromWho="0" sc="250,-20,250,0,250,20,250,0" /><INIT seed="1,0,0,0,5,74" ten="230,250,270,250" oya="1" hai0="34,111,2,31,35,49,97,52,93,14,61,43,71" hai1="55,101,88,0,13,106,80,47,38,44,102,16,76" hai2="56,3,65,85,23,63,105,51,25,36,132,62,112" hai3="86,64,108,45,37,96,115,87,18,58,81,66,27"/><U30/><E0/><V42/><F3/><W67/><G115/><T91/><D2/><U7/><E7/><V40/><F105/><W125/><G108/><T54/><D111/><U114/><E114/><V116/><F36/><W89/><G125/><T95/><D31/><U15/><E106/><V84/><F132/><W118/><G118/><T128/><D128/><U126/><E126/><V73/><F73/><W117/><G117/><T12/><D43/><U10/><E30/><V26/><F116/><W122/><G122/><T121/><D121/><U1/><E1/><V83/><F85/><W70/><G70/><T4/><D93/><U119/><E119/><V90/><F26/><W113/><G113/><T98/><D97/><U6/><E38/><V107/><F107/><W75/><G96/><T68/><D14/><U103/><E55/><N who="2" m="31871" /><F65/><W48/><G37/><T123/><D123/><U17/><E6/><V53/><F53/><N who="3" m="29839" /><G86/><T129/><D129/><U50/><E50/><V8/><F8/><W100/><G75/><T21/><D54/><U59/><E59/><V9/><F9/><W46/><G46/><N who="0" m="27703" /><D61/><N who="2" m="23050" /><F112/><W19/><G58/><T22/><D68/><U131/><E131/><V94/><F94/><W11/><G11/><N who="0" m="4199" /><D71/><U39/><E39/><V82/><F82/><W72/><G72/><T78/><D35/><U79/><E47/><V33/><F33/><W135/><G135/><T130/><D130/><U104/><E44/><V28/><AGARI ba="0,0" hai="23,25,28,40,42,83,84,90" m="23050,31871" machi="28" ten="30,1100,0" yaku="8,1" doraHai="74" who="2" fromWho="2" sc="230,-3,250,-5,270,11,250,-3" /><INIT seed="2,0,0,1,0,111" ten="227,245,281,247" oya="2" hai0="32,110,5,42,90,97,96,100,55,76,77,68,59" hai1="40,45,65,60,121,127,114,57,14,62,102,128,122" hai2="133,101,69,132,99,118,22,33,85,91,4,70,25" hai3="51,64,18,47,78,89,1,124,113,105,116,129,66"/><V106/><F33/><W9/><G116/><T71/><D110/><U11/><E102/><V15/><F118/><W58/><G105/><T23/><D32/><U3/><E3/><V7/><F70/><W54/><G124/><T20/><D71/><U80/><E80/><N who="2" m="49575" /><F15/><W82/><G129/><T44/><D68/><U123/><E127/><V16/><F69/><W63/><G89/><T125/><D125/><U135/><E135/><AGARI ba="0,0" hai="4,7,16,22,25,99,101,106,132,133,135" m="49575" machi="135" ten="30,2900,0" yaku="20,1,54,1" doraHai="111" who="2" fromWho="1" sc="227,0,245,-29,281,29,247,0" /><INIT seed="2,1,0,5,4,72" ten="227,216,310,247" oya="2" hai0="53,90,93,1,39,18,117,70,60,25,73,27,124" hai1="98,45,44,59,102,48,57,94,125,69,132,105,126" hai2="67,113,81,111,29,68,75,49,8,76,110,63,118" hai3="50,54,21,122,116,30,10,101,46,89,129,20,123"/><V13/><F113/><W86/><G116/><T66/><D124/><N who="1" m="47723" /><E69/><V114/><F114/><W134/><G129/><T77/><D1/><U38/><E38/><V12/><F118/><W74/><G74/><T58/><D117/><U119/><E119/><V64/><F64/><W2/><G134/><T100/><D100/><U135/><E105/><V4/><F29/><W7/><G101/><T106/><D106/><U34/><E34/><V15/><REACH who="2" step="1"/><F49/><REACH who="2" ten="227,216,300,247" step="2"/><W33/><G123/><T80/><D39/><U31/><E31/><V22/><F22/><W65/><G122/><T6/><D6/><U61/><E48/><V23/><F23/><W3/><G65/><T92/><D18/><U112/><E112/><V103/><F103/><W79/><G33/><T24/><REACH who="0" step="1"/><D90/><REACH who="0" ten="217,216,300,247" step="2"/><U88/><E102/><V19/><F19/><W26/><G89/><T78/><D78/><U42/><E135/><V109/><AGARI ba="1,2" hai="4,8,12,13,15,63,67,68,75,76,81,109,110,111" machi="109" ten="30,12000,1" yaku="1,1,0,1,14,1,10,1,52,1,53,0" doraHai="72" doraHaiUra="91" who="2" fromWho="2" sc="217,-41,216,-41,300,143,247,-41" /><INIT seed="2,2,0,4,1,120" ten="176,175,443,206" oya="2" hai0="89,75,20,25,78,36,18,4,54,68,10,130,67" hai1="83,32,81,26,128,84,5,14,110,71,51,31,87" hai2="95,52,50,124,102,9,22,123,57,104,64,12,91" hai3="60,27,3,58,17,23,93,65,74,24,63,0,119"/><V41/><F123/><W106/><G106/><T46/><D130/><U34/><E71/><V77/><F124/><W56/><G119/><T39/><D68/><U129/><E51/><V126/><F126/><W1/><G74/><T55/><D67/><U40/><E40/><V112/><F112/><W111/><G93/><T53/><D89/><N who="1" m="51343" /><E5/><V133/><F133/><W115/><G115/><T61/><D61/><U90/><E14/><V114/><F114/><W118/><G118/><T99/><D46/><U2/><E2/><V85/><F77/><W82/><G82/><T127/><D127/><U109/><E32/><V117/><F117/><W79/><G79/><T116/><D116/><U42/><E42/><V132/><F132/><W59/><G59/><T72/><D78/><U49/><E49/><V94/><F64/><W13/><REACH who="3" step="1"/><G111/><AGARI ba="2,0" hai="26,31,34,83,87,90,109,110,111,128,129" m="51343" machi="111" ten="30,7700,0" yaku="14,1,52,3" doraHai="120" who="1" fromWho="3" sc="176,0,175,83,443,0,206,-83" /><INIT seed="3,0,0,0,4,36" ten="176,258,443,123" oya="3" hai0="83,124,109,119,6,79,10,53,123,44,97,7,121" hai1="85,135,87,106,81,132,117,104,78,38,24,134,56" hai2="52,35,1,3,113,39,131,91,31,118,37,112,70" hai3="93,94,13,49,40,114,120,126,29,19,16,30,11"/><W17/><G114/><T100/><D119/><U4/><E38/><V27/><F39/><W2/><G2/><T64/><D109/><U33/><E117/><V69/><F37/><W125/><G120/><T23/><D124/><N who="3" m="47721" /><G94/><T34/><D34/><U46/><E4/><V105/><F1/><W57/><G93/><T67/><D121/><U96/><E46/><V110/><F3/><W15/><G57/><T62/><D123/><U108/><E108/><V88/><F110/><W47/><G15/><T5/><D97/><U9/><E9/><V14/><F14/><W72/><G72/><T26/><D10/><U101/><E56/><V130/><F113/><W42/><G40/><T65/><D100/><U115/><E115/><V73/><F73/><W28/><AGARI ba="0,0" hai="11,13,16,17,19,28,29,30,42,47,49" m="47721" machi="28" ten="30,6000,0" yaku="18,1,52,1,54,1" doraHai="36" who="3" fromWho="3" sc="176,-20,258,-20,443,-20,123,60" /><INIT seed="3,1,0,3,3,28" ten="156,238,423,183" oya="3" hai0="133,0,97,11,84,112,30,123,85,33,62,131,70" hai1="87,95,74,48,65,15,4,104,86,35,21,100,47" hai2="40,91,102,55,129,114,56,103,76,16,135,14,51" hai3="68,8,9,127,108,22,34,59,23,50,38,109,7"/><W88/><G68/><T125/><D123/><U130/><E35/><V77/><F114/><W72/><G38/><T67/><D133/><U79/><E104/><V31/><F135/><W26/><G72/><T6/><D131/><U37/><E37/><V41/><F31/><N who="3" m="19831" /><G59/><T20/><D112/><U44/><E74/><V75/><F129/><W80/><G50/><T36/><D36/><U105/><E105/><V126/><F126/><W73/><G127/><T83/><D125/><U106/><E106/><V17/><F75/><W116/><G116/><T101/><D20/><N who="3" m="7721" /><G73/><T81/><D81/><N who="1" m="47423" /><E65/><V120/><F91/><W98/><G98/><T90/><D84/><U29/><E48/><V58/><F51/><W110/><G7/><T52/><D52/><U119/><E119/><V93/><F55/><W3/><G3/><T24/><REACH who="0" step="1"/><D97/><REACH who="0" ten="146,238,423,183" step="2"/><U118/><E130/><V113/><F58/><W69/><G69/><T53/><D53/><U115/><E115/><V94/><F56/><W42/><G42/><T63/><D63/><U134/><E134/><V99/><F113/><W61/><G61/><T57/><D57/><U18/><E87/><AGARI ba="1,1" hai="8,9,80,87,88,108,109,110" m="7721,19831" machi="87" ten="40,12000,1" yaku="14,1,10,1,52,1,54,1" doraHai="28" who="3" fromWho="1" sc="146,0,238,-123,423,0,183,133" /><INIT seed="3,2,0,0,1,13" ten="146,115,423,316" oya="3" hai0="53,6,99,44,108,21,12,104,114,42,29,50,62" hai1="11,45,61,18,48,8,37,121,85,135,26,93,95" hai2="68,34,33,25,67,35,125,27,52,63,1,22,77" hai3="74,23,19,128,7,92,10,86,110,0,123,84,101"/><W106/><G123/><T75/><D75/><U117/><E37/><V71/><F1/><W105/><G74/><T51/><D108/><U5/><E121/><V15/><F125/><W17/><G110/><T40/><D114/><U47/><E135/><V60/><F77/><W72/><G72/><T55/><D62/><U24/><E117/><V20/><F52/><W133/><G133/><T100/><D29/><U80/><E61/><V58/><F15/><W46/><G128/><T122/><D122/><U89/><E5/><V16/><REACH who="2" step="1"/><F63/><REACH who="2" ten="146,115,413,316" step="2"/><W109/><G109/><T54/><D54/><N who="1" m="29967" /><E47/><V73/><F73/><W97/><G46/><T87/><D53/><U112/><E112/><V76/><F76/><W31/><G31/><AGARI ba="2,1" hai="16,20,22,25,27,31,33,34,35,58,60,67,68,71" machi="31" ten="40,8000,1" yaku="1,1,52,1,54,1,53,1" doraHai="13" doraHaiUra="56" who="2" fromWho="3" sc="146,0,115,0,413,96,316,-86" owari="146,-25.4,115,-38.5,509,60.9,230,3.0" /></mjloggm>