<mjloggm ver="2.3"><GO type="225" lobby="0"/><UN n0="%72%69%6F%75%63%68%61%6E" n1="%4B%2E%32%2E%4B%2E" n2="%E3%81%A4%E3%81%A3%E3%81%B1%E3%82%8A%E3%83%9D%E3%83%BC%E3%83%AB" n3="%4D%6F%6E%61%6E%61" dan="16,16,17,16" rate="2158.74,2148.83,2219.83,2077.28" sx="M,M,M,F"/><TAIKYOKU oya="0"/><INIT seed="0,0,0,4,1,52" ten="250,250,250,250" oya="0" hai0="100,49,5,30,6,0,41,106,119,81,85,105,82" hai1="13,7,8,94,70,101,76,63,75,77,114,58,61" hai2="31,21,14,2,36,56,125,65,34,62,33,90,46" hai3="10,47,32,103,64,118,35,51,54,95,80,45,113"/><T120/><D119/><U116/><E116/><V83/><F125/><W20/><G118/><T109/><D120/><U69/><E114/><V132/><F132/><W15/><G113/><T66/><D109/><U108/><E108/><V107/><F107/><W44/><G64/><T29/><D0/><U9/><E75/><V110/><F2/><W71/><G80/><N who="0" m="30827" /><D100/><U48/><E70/><V24/><F110/><W26/><G71/><T74/><D66/><U38/><E38/><V40/><REACH who="2" step="1"/><F14/><REACH who="2" ten="250,250,240,250" step="2"/><W133/><G133/><T121/><D121/><U124/><E13/><V18/><F18/><W11/><G35/><T72/><D106/><U19/><E19/><V57/><F57/><N who="3" m="32991" /><G32/><T89/><D105/><U128/><E124/><V42/><F42/><W78/><G15/><T86/><D72/><U96/><E69/><V98/><F98/><N who="3" m="59871" /><G78/><T134/><D74/><U59/><E77/><V123/><F123/><W104/><G104/><T27/><D134/><U135/><E135/><V67/><F67/><W4/><G4/><N who="0" m="1643" /><D86/><AGARI ba="0,1" hai="21,24,31,33,34,36,40,46,56,62,65,83,86,90" machi="86" ten="40,5200,0" yaku="1,1,52,1,53,1" doraHai="52" doraHaiUra="17" who="2" fromWho="0" sc="250,-52,250,0,240,62,250,0" /><INIT seed="1,0,0,4,4,106" ten="198,250,302,250" oya="1" hai0="42,4,128,29,54,36,104,95,135,129,51,26,77" hai1="3,45,33,121,112,21,99,56,35,126,14,15,113" hai2="34,49,16,127,43,59,27,10,58,65,61,125,47" hai3="63,6,1,70,7,5,41,78,94,131,24,31,69"/><U92/><E121/><V71/><F34/><W46/><G131/><N who="0" m="50251" /><D104/><U96/><E3/><V28/><F28/><W60/><G1/><T68/><D68/><U114/><E126/><N who="2" m="48139" /><F10/><W98/><G78/><T74/><D135/><U93/><E56/><N who="2" m="21547" /><F27/><W25/><G70/><T116/><D116/><U62/><E62/><V81/><F81/><W89/><G69/><T66/><D66/><U18/><E45/><V30/><F30/><W86/><G98/><T79/><D4/><U9/><E99/><V52/><F16/><W109/><G109/><T132/><D132/><U108/><E108/><V57/><F71/><W118/><G118/><T124/><D124/><U11/><E21/><V123/><F123/><W87/><G87/><T115/><D115/><U67/><E96/><V23/><F23/><N who="3" m="15775" /><G25/><T39/><D26/><U50/><E18/><V17/><F17/><W120/><G120/><T37/><D29/><U44/><E112/><V83/><F83/><W13/><G13/><T100/><D79/><U97/><E113/><V12/><F12/><W117/><G117/><T73/><D77/><U8/><E114/><V88/><F88/><W122/><G122/><T103/><D42/><AGARI ba="0,0" hai="42,43,47,49,52,57,61,65" m="21547,48139" machi="42" ten="30,7700,0" yaku="18,1,34,2,54,1" doraHai="106" who="2" fromWho="0" sc="198,-77,250,0,302,77,250,0" /><INIT seed="2,0,0,3,2,86" ten="121,250,379,250" oya="2" hai0="88,72,80,132,56,120,123,135,99,13,54,61,105" hai1="55,47,119,129,32,3,102,10,110,76,53,2,31" hai2="49,35,74,43,7,52,84,15,33,12,122,67,71" hai3="130,128,107,96,5,60,16,79,93,95,109,101,116"/><V51/><F74/><W85/><G5/><T82/><D13/><U70/><E119/><V97/><F122/><W131/><G60/><T21/><D21/><U50/><E110/><V100/><F51/><W9/><G116/><T46/><D46/><U118/><E129/><V59/><F43/><W48/><G48/><T124/><D124/><U18/><E70/><V69/><F84/><W25/><G109/><T87/><D105/><U57/><E102/><V81/><F81/><N who="3" m="47295" /><G9/><T112/><D112/><U22/><E76/><V89/><F71/><W126/><G126/><T127/><D127/><U125/><E10/><V58/><F69/><W24/><G24/><T91/><D72/><U111/><E111/><V121/><F7/><W77/><G77/><T11/><D11/><U14/><E118/><V68/><F68/><W113/><G113/><T103/><D103/><U42/><E55/><V94/><F121/><W133/><G133/><N who="0" m="51275" /><D80/><U117/><E117/><V98/><F35/><W90/><G90/><T34/><D34/><U65/><E125/><V19/><F33/><W40/><G40/><T1/><D1/><U114/><E114/><V83/><F83/><W8/><G8/><T27/><D27/><U63/><E42/><V38/><F12/><W6/><G6/><T28/><D28/><U36/><E36/><V104/><F38/><W64/><G64/><T20/><D20/><AGARI ba="0,0" hai="16,20,25,93,95,96,101,107,128,130,131" m="47295" machi="20" ten="30,2000,0" yaku="19,1,54,1" doraHai="86" who="3" fromWho="0" sc="121,-20,250,0,379,0,250,20" /><INIT seed="3,0,0,4,4,3" ten="101,250,379,270" oya="3" hai0="49,65,77,63,89,24,119,102,68,100,113,62,96" hai1="71,84,57,73,42,94,114,127,105,18,83,27,69" hai2="110,75,52,82,125,98,132,129,126,106,115,13,20" hai3="40,95,47,134,59,61,31,58,124,78,133,16,60"/><W17/><G124/><N who="2" m="47721" /><F115/><W112/><G112/><T55/><D119/><U36/><E105/><V30/><F110/><W12/><G78/><T72/><D113/><U29/><E127/><V6/><F129/><W93/><G31/><T53/><D24/><U79/><E114/><V33/><F132/><N who="3" m="50795" /><G59/><T90/><D77/><U67/><E36/><V39/><F39/><N who="3" m="21919" /><G12/><T14/><D14/><U76/><E18/><N who="3" m="7274" /><G60/><T131/><D131/><U86/><E79/><V8/><F30/><W45/><G45/><T9/><D72/><U41/><E71/><V54/><F75/><W4/><G4/><T87/><D9/><U32/><E69/><V25/><F33/><W10/><G10/><T123/><D68/><U104/><E73/><V56/><F56/><W21/><G21/><T120/><D49/><U44/><E44/><V64/><F20/><W99/><G99/><T74/><D74/><U5/><E5/><V2/><F13/><W35/><G35/><T81/><D96/><U50/><E67/><AGARI ba="0,0" hai="58,61,67,93,95" m="7274,21919,50795" machi="67" ten="30,2900,0" yaku="20,1,54,1" doraHai="3" who="3" fromWho="1" sc="101,0,250,-29,379,0,270,29" /><INIT seed="3,1,0,1,0,103" ten="101,221,379,299" oya="3" hai0="31,43,0,132,112,118,135,52,114,25,57,28,107" hai1="60,55,115,10,64,119,66,80,7,126,95,109,89" hai2="19,32,14,61,90,20,130,116,12,27,6,99,123" hai3="34,71,41,8,76,105,15,91,121,74,86,106,92"/><W83/><G121/><T48/><D0/><U58/><E115/><N who="0" m="44073" /><D118/><U39/><E39/><V40/><F130/><W45/><G71/><T98/><D43/><U127/><E109/><V53/><F116/><W33/><G33/><T85/><D85/><U75/><E119/><V4/><F40/><W79/><G79/><T21/><D21/><U125/><E80/><V122/><F32/><W133/><G34/><T70/><D70/><U18/><E18/><V67/><F53/><W78/><G78/><T49/><D49/><U131/><E131/><V42/><F42/><W120/><G120/><N who="2" m="46121" /><F90/><W26/><G26/><T73/><D25/><U62/><E62/><V16/><F99/><W36/><REACH who="3" step="1"/><G133/><REACH who="3" ten="101,221,379,289" step="2"/><N who="0" m="51275" /><D73/><U101/><E75/><V128/><F128/><W97/><G97/><T94/><D94/><U46/><E127/><V111/><F27/><W84/><G84/><T13/><D13/><U3/><E125/><V108/><F108/><W102/><G102/><T51/><D51/><U96/><E126/><V81/><F111/><W29/><G29/><T35/><D35/><U93/><E93/><V129/><F129/><W11/><G11/><T69/><D69/><U87/><E87/><V30/><F30/><W117/><G117/><T44/><D44/><U63/><E46/><V22/><F81/><W113/><G113/><T100/><D28/><U5/><E95/><V17/><F14/><W82/><G82/><T2/><D31/><U104/><E3/><V56/><F12/><W9/><G9/><T110/><D2/><U54/><E10/><V23/><AGARI ba="1,1" hai="4,6,16,17,19,20,22,23,56,61,67" m="46121" machi="23" ten="40,2700,0" yaku="13,1,54,1" doraHai="103" who="2" fromWho="2" sc="101,-8,221,-8,379,40,289,-14" owari="93,-40.7,213,-18.7,419,51.9,275,7.5" /></mjloggm>