<mjloggm ver="2.3"><GO type="225" lobby="0"/><UN n0="%E3%83%97%E3%83%AC%E3%83%B4%E3%82%A1%E3%83%86%E3%82%A3" n1="%E8%A3%8F%E3%81%AE%E4%B8%BB%E5%B0%86" n2="%E3%82%BF%E3%83%BC%E3%83%90%E3%83%B3%E9%87%8E%E5%8F%A3" n3="%E3%82%BC%E3%83%AB%E3%83%80%E3%81%AE%E4%BC%9D%E8%AA%AC" dan="16,16,16,17" rate="2094.26,2044.69,2120.56,2156.10" sx="F,M,M,M"/><TAIKYOKU oya="0"/><INIT seed="0,0,0,1,3,54" ten="250,250,250,250" oya="0" hai0="81,89,69,27,29,36,131,62,90,7,118,1,120" hai1="47,61,116,74,91,64,119,85,128,83,92,45,22" hai2="13,48,67,100,102,134,125,79,28,68,103,108,105" hai3="42,20,114,109,2,84,117,73,41,78,71,88,132"/><T19/><D120/><U4/><E128/><V57/><F79/><W52/><G114/><T65/><D118/><U43/><E4/><V75/><F75/><W5/><G117/><T122/><D122/><U38/><E45/><V93/><F105/><W17/><G71/><T104/><D36/><U53/><E53/><V9/><F134/><W60/><G132/><T39/><D39/><U21/><E74/><V3/><F3/><W127/><G109/><T77/><D131/><U87/><E119/><V107/><F107/><W40/><G127/><T80/><D19/><U76/><REACH who="1" step="1"/><E116/><REACH who="1" ten="250,240,250,250" step="2"/><V111/><F108/><W58/><G5/><T30/><D7/><U56/><AGARI ba="0,1" hai="21,22,38,43,47,56,61,64,76,83,85,87,91,92" machi="56" ten="20,8000,1" yaku="1,1,2,1,0,1,7,1,52,1,53,0" doraHai="54" doraHaiUra="14" who="1" fromWho="1" sc="250,-40,240,90,250,-20,250,-20" /><INIT seed="1,0,0,0,2,76" ten="210,330,230,230" oya="1" hai0="130,34,4,83,21,36,15,120,117,59,1,38,11" hai1="114,69,116,134,6,92,48,107,68,102,105,29,5" hai2="44,30,41,42,57,122,0,78,123,13,121,91,125" hai3="10,115,127,50,81,40,62,97,119,39,100,54,67"/><U49/><E114/><V17/><F0/><W9/><G115/><T87/><D117/><U37/><E37/><V79/><F125/><W73/><G127/><T75/><D130/><U128/><E116/><V23/><F30/><W71/><G119/><T103/><D120/><U14/><E134/><V113/><F113/><W101/><G101/><T126/><D126/><U26/><E128/><V18/><F57/><N who="3" m="32983" /><G73/><T85/><D34/><U94/><E14/><V35/><F35/><W93/><G81/><T28/><D103/><U61/><E61/><V33/><F33/><W84/><G84/><T55/><D75/><U72/><E26/><V65/><F65/><W16/><G16/><T80/><D36/><U74/><E102/><V129/><F129/><W2/><G2/><T135/><D38/><U77/><E77/><V88/><F18/><W47/><AGARI ba="0,0" hai="9,10,39,40,47,62,67,71,93,97,100" m="32983" machi="47" ten="30,1100,0" yaku="24,1" doraHai="76" who="3" fromWho="3" sc="210,-3,330,-5,230,-3,230,11" /><INIT seed="2,0,0,2,5,52" ten="207,325,227,241" oya="2" hai0="119,117,33,77,82,48,70,123,14,61,90,97,133" hai1="56,27,83,121,131,18,3,132,15,42,6,127,37" hai2="54,26,39,19,128,113,23,0,5,36,44,99,49" hai3="108,43,135,64,115,60,66,129,75,29,109,46,62"/><V51/><F113/><W126/><G75/><T134/><D33/><U92/><E127/><V13/><F128/><W89/><G29/><T124/><D14/><U25/><E132/><N who="0" m="50793" /><D48/><U84/><E131/><V63/><F63/><N who="3" m="24107" /><G135/><T86/><D61/><U28/><E92/><V94/><F0/><W72/><G129/><T38/><D38/><U98/><E98/><V71/><F71/><W47/><G72/><T17/><D17/><U45/><E121/><V10/><REACH who="2" step="1"/><F49/><REACH who="2" ten="207,325,217,241" step="2"/><W110/><G115/><T88/><D70/><U4/><E3/><V103/><AGARI ba="0,1" hai="5,10,13,19,23,26,36,39,44,51,54,94,99,103" machi="103" ten="20,12000,1" yaku="1,1,2,1,0,1,7,1,53,1" doraHai="52" doraHaiUra="40" who="2" fromWho="2" sc="207,-40,325,-40,217,130,241,-40" /><INIT seed="2,1,0,5,4,1" ten="167,285,347,201" oya="2" hai0="64,46,50,62,87,29,57,77,100,6,124,128,9" hai1="14,72,86,66,19,103,0,32,38,133,91,65,4" hai2="135,35,95,47,131,81,130,80,120,79,54,61,28" hai3="55,132,48,16,56,126,119,97,26,13,94,15,134"/><V125/><F120/><W53/><G119/><T92/><D124/><U106/><E72/><V118/><F118/><W33/><G126/><T123/><D123/><U51/><E38/><V88/><F125/><W40/><G40/><T68/><D128/><N who="2" m="49194" /><F135/><N who="3" m="51755" /><G55/><T63/><D29/><U85/><E32/><V99/><F79/><W129/><G129/><T12/><D100/><U116/><E116/><V112/><F112/><W117/><G117/><T73/><D73/><U5/><E0/><V101/><F101/><N who="3" m="60599" /><G33/><T98/><D98/><U58/><E133/><V31/><F35/><W52/><G53/><T60/><D68/><U82/><E106/><V121/><F121/><W17/><G17/><T10/><D10/><N who="1" m="6615" /><E103/><V11/><F11/><W36/><G36/><T115/><D115/><U25/><E25/><V90/><F28/><W44/><G44/><T107/><D107/><U108/><E108/><V89/><F31/><W43/><G43/><N who="0" m="24927" /><D92/><N who="1" m="54383" /><E51/><N who="2" m="29055" /><F61/><W74/><G74/><T110/><D110/><U114/><E114/><V122/><F122/><W102/><G102/><T45/><D45/><U37/><E37/><V109/><F109/><W30/><G30/><T84/><D84/><U41/><E41/><V20/><F99/><W105/><G105/><T49/><D49/><U71/><E71/><V78/><F95/><W111/><G111/><T27/><D27/><U18/><E18/><V7/><F81/><AGARI ba="1,0" hai="6,9,12,57,60,62,63,64,77,81,87" m="24927" machi="81" ten="30,3900,0" yaku="25,1,8,1,52,1" doraHai="1" who="0" fromWho="2" sc="167,42,285,0,347,-42,201,0" /><INIT seed="3,0,0,0,4,30" ten="209,285,305,201" oya="3" hai0="130,1,26,65,58,106,67,5,76,124,128,18,59" hai1="41,27,112,110,131,72,32,96,9,98,91,45,2" hai2="99,108,12,50,77,53,81,113,25,74,116,57,38" hai3="70,101,34,43,100,88,7,64,37,4,126,120,134"/><W40/><G120/><T16/><D106/><U105/><E72/><V55/><F116/><W86/><G34/><T54/><D76/><U90/><E112/><V49/><F113/><W19/><G37/><T97/><D97/><U132/><E110/><V125/><F38/><W10/><G126/><T6/><D26/><U119/><E132/><V75/><F108/><W62/><G134/><T80/><D80/><U61/><E61/><V31/><F12/><W51/><G19/><N who="0" m="7211" /><D54/><U103/><E131/><N who="0" m="50217" /><D1/><U94/><E119/><V68/><F99/><W92/><G4/><N who="0" m="1643" /><D124/><U114/><E114/><V60/><F125/><W48/><G43/><T39/><D39/><U22/><E2/><V118/><F118/><W102/><REACH who="3" step="1"/><G40/><REACH who="3" ten="209,285,305,191" step="2"/><T23/><D23/><U85/><E32/><V115/><F115/><W28/><G28/><T69/><D69/><U17/><E9/><V127/><F68/><W20/><G20/><T29/><D29/><U46/><E41/><V133/><F127/><W21/><G21/><T11/><D11/><U123/><E123/><V24/><F133/><W15/><AGARI ba="0,1" hai="7,10,15,48,51,62,64,70,86,88,92,100,101,102" machi="15" ten="30,11700,0" yaku="1,1,0,1,54,1,53,1" doraHai="30" doraHaiUra="3" who="3" fromWho="3" sc="209,-39,285,-39,305,-39,191,127" owari="170,-33.0,246,-15.4,266,6.6,318,41.8" /></mjloggm>