<mjloggm ver="2.3"><GO type="225" lobby="0"/><UN n0="%4C%4F%4C%49%54%41" n1="%E3%81%A0%E3%81%8A" n2="%E5%AD%90%E4%BE%9B%E4%BC%9A%E5%93%A1" n3="%E6%97%A5%E6%9B%9C%E6%97%A5%E3%82%88%E3%82%8A%E3%81%AE%E4%BD%BF%E8%80%85" dan="16,16,17,16" rate="2192.84,2037.33,2142.96,2095.47" sx="F,M,M,M"/><TAIKYOKU oya="0"/><INIT seed="0,0,0,5,4,61" ten="250,250,250,250" oya="0" hai0="80,113,112,134,73,127,117,67,37,66,24,87,120" hai1="23,93,7,69,100,78,40,59,64,11,74,5,135" hai2="60,92,47,34,15,105,8,65,1,4,72,129,76" hai3="107,111,50,124,0,19,90,116,130,82,101,14,133"/><T18/><D117/><U28/><E69/><V10/><F105/><W121/><G50/><T9/><D120/><U118/><E118/><V30/><F129/><W104/><G14/><T126/><D37/><U46/><E135/><V119/><F119/><W39/><G19/><T123/><D73/><U55/><E74/><V77/><F72/><W3/><G3/><T48/><D123/><U98/><E78/><V95/><F47/><W53/><G53/><T31/><D134/><U22/><E28/><V79/><F34/><W114/><G90/><T42/><D9/><U17/><E17/><V6/><REACH who="2" step="1"/><F30/><REACH who="2" ten="250,250,240,250" step="2"/><W125/><G107/><T85/><D31/><U27/><E46/><V97/><F97/><W36/><G104/><T32/><D32/><U71/><E98/><V26/><F26/><W102/><G130/><T49/><D112/><U122/><E27/><V131/><F131/><W54/><G116/><T21/><D113/><U12/><E122/><V20/><F20/><W75/><G75/><T44/><D85/><U81/><E22/><V56/><AGARI ba="0,1" hai="1,4,6,8,10,15,56,60,65,76,77,79,92,95" machi="56" ten="30,7900,0" yaku="1,1,0,1,52,1,53,1" doraHai="61" doraHaiUra="63" who="2" fromWho="2" sc="250,-39,250,-20,240,89,250,-20" /><INIT seed="1,0,0,0,2,16" ten="211,230,329,230" oya="1" hai0="94,38,74,28,39,40,0,118,83,63,62,15,113" hai1="11,14,31,59,123,29,85,33,42,60,119,88,18" hai2="10,125,90,117,47,21,34,3,57,56,121,4,43" hai3="1,95,72,50,8,26,114,112,92,12,19,93,7"/><U84/><E119/><V22/><F117/><W25/><G72/><T86/><D118/><U46/><E123/><V78/><F34/><W120/><G50/><T89/><D113/><U55/><E33/><V127/><F121/><W100/><G100/><T73/><D0/><U68/><E68/><V105/><F105/><W107/><G107/><T67/><D28/><U98/><E98/><V104/><F104/><W110/><G120/><T49/><D63/><U13/><E13/><V5/><F5/><W6/><G110/><T131/><D131/><U71/><E71/><V35/><F35/><W115/><REACH who="3" step="1"/><G7/><REACH who="3" ten="211,230,329,220" step="2"/><T124/><D49/><N who="1" m="26839" /><E84/><V30/><F4/><W70/><G70/><T128/><D74/><U2/><E2/><V41/><F3/><W64/><G64/><T96/><D73/><U65/><E65/><V27/><F43/><W54/><G54/><T45/><D39/><U129/><E129/><V87/><F41/><W44/><G44/><T116/><D128/><U75/><E75/><V133/><F47/><W97/><G97/><T77/><D116/><U122/><E122/><V51/><F51/><W81/><G81/><AGARI ba="0,1" hai="11,14,18,29,31,55,59,60,81,85,88" m="26839" machi="81" ten="30,2900,0" yaku="8,1,54,1" doraHai="16" who="1" fromWho="3" sc="211,0,230,39,329,0,220,-29" /><INIT seed="1,1,0,2,3,74" ten="211,269,329,191" oya="1" hai0="35,61,46,88,124,14,53,6,130,99,117,126,42" hai1="58,96,72,13,132,103,1,43,68,64,41,118,32" hai2="122,49,38,133,94,123,78,0,17,111,116,85,3" hai3="69,66,80,19,92,107,83,110,34,51,75,105,82"/><U45/><E1/><V73/><F38/><W4/><G34/><T62/><D117/><U115/><E115/><V101/><F116/><W10/><G19/><T50/><D35/><U95/><E118/><V57/><F73/><W52/><G110/><T70/><D130/><U112/><E112/><V86/><F78/><W63/><G92/><N who="0" m="56711" /><D70/><U104/><E32/><V21/><F133/><W81/><N who="3" m="20480" /><DORA hai="12" /><W59/><REACH who="3" step="1"/><G75/><REACH who="3" ten="211,269,329,181" step="2"/><T90/><D124/><U97/><E72/><V44/><F17/><W120/><G120/><T23/><D126/><U113/><E95/><V33/><F94/><W39/><G39/><T7/><D90/><U135/><E104/><V60/><F111/><W20/><G20/><T93/><D93/><U31/><E132/><V87/><F21/><W114/><G114/><T79/><D79/><U77/><E135/><V30/><F33/><W24/><G24/><T27/><D27/><U108/><E113/><V25/><F25/><W16/><G16/><N who="0" m="10647" /><D42/><U98/><E43/><V121/><F123/><W128/><G128/><T26/><D26/><U65/><E41/><V36/><F36/><W47/><G47/><T54/><D54/><U100/><E45/><V37/><F37/><W109/><G109/><T18/><D18/><U9/><E77/><V134/><F134/><W2/><AGARI ba="1,1" hai="2,4,10,51,52,59,63,66,69,105,107" m="20480" machi="2" ten="40,8000,1" yaku="1,1,0,1,54,1,53,2" doraHai="74,12" doraHaiUra="67,55" who="3" fromWho="3" sc="211,-21,269,-41,329,-21,181,93" /><INIT seed="2,0,0,5,1,119" ten="190,228,308,274" oya="2" hai0="31,103,108,35,79,60,26,41,59,74,11,63,39" hai1="21,46,0,48,75,40,129,18,2,12,16,107,77" hai2="128,96,93,102,37,27,50,44,36,125,4,52,76" hai3="120,43,127,109,89,113,88,122,15,117,45,62,111"/><V6/><F128/><W80/><G117/><T81/><D108/><N who="3" m="41545" /><G127/><T9/><D103/><U20/><E107/><V38/><F125/><W135/><G135/><T86/><D60/><U85/><E129/><V42/><F76/><W114/><G62/><T90/><D41/><U25/><REACH who="1" step="1"/><E75/><REACH who="1" ten="190,218,308,274" step="2"/><V118/><F118/><W112/><G15/><T70/><D70/><U71/><E71/><V66/><F66/><W51/><G80/><AGARI ba="0,1" hai="0,2,12,16,18,20,21,25,40,46,48,77,80,85" machi="80" ten="40,2600,0" yaku="1,1,54,1,53,0" doraHai="119" doraHaiUra="67" who="1" fromWho="3" sc="190,0,218,36,308,0,274,-26" /><INIT seed="3,0,0,0,1,18" ten="190,254,308,248" oya="3" hai0="49,42,1,94,31,10,81,54,38,111,116,91,51" hai1="92,95,25,104,33,124,30,97,37,39,79,0,53" hai2="71,73,12,100,27,107,23,108,64,83,57,43,85" hai3="24,84,56,118,19,102,86,62,105,87,65,75,74"/><W130/><G118/><T123/><D116/><U21/><E0/><V122/><F73/><W52/><G130/><T117/><D117/><U76/><E124/><V127/><F71/><W17/><G102/><T72/><D123/><U40/><E104/><V48/><F108/><W101/><G101/><T98/><D111/><U15/><E53/><V9/><F107/><W119/><G105/><T45/><D31/><U44/><E39/><V135/><F100/><W68/><G119/><T132/><D54/><U59/><E59/><V13/><F135/><W60/><REACH who="3" step="1"/><G17/><REACH who="3" ten="190,254,308,238" step="2"/><T47/><D132/><U67/><E67/><V89/><F64/><W113/><G113/><T8/><D1/><U134/><E134/><V11/><F122/><W115/><G115/><T26/><D26/><U50/><E25/><V121/><F27/><W99/><G99/><T32/><D32/><U61/><E97/><V7/><F121/><W126/><G126/><T63/><D63/><U35/><E33/><V114/><F127/><W70/><G70/><T96/><D98/><U28/><E61/><V46/><F114/><W41/><G41/><T103/><D103/><U55/><E40/><V109/><F109/><W34/><G34/><T4/><D96/><U14/><E35/><V93/><F43/><W88/><G88/><T129/><D42/><U2/><E2/><V78/><F89/><W106/><G106/><T58/><D91/><U36/><E36/><V29/><F29/><W6/><G6/><T3/><D38/><U80/><E37/><V69/><F7/><W110/><G110/><T133/><D4/><RYUUKYOKU ba="0,1" sc="190,-10,254,-10,308,-10,238,30" hai3="19,24,52,56,60,62,65,68,74,75,84,86,87" /><INIT seed="3,1,1,4,0,57" ten="180,244,298,268" oya="3" hai0="34,86,131,8,94,132,118,80,6,9,49,13,88" hai1="42,19,90,134,119,25,130,135,66,48,121,99,44" hai2="127,102,122,97,56,77,75,82,39,67,46,91,111" hai3="37,15,109,4,96,17,103,29,27,28,85,0,20"/><W63/><G37/><T81/><D118/><U105/><E121/><V64/><F111/><W92/><G109/><T126/><D34/><U123/><E123/><V72/><F72/><W83/><G0/><T69/><D69/><U5/><E119/><V36/><F122/><W12/><G63/><T98/><D131/><U125/><E130/><V65/><F127/><W24/><G4/><T71/><D71/><U117/><E117/><V104/><F46/><W18/><G27/><T54/><D132/><N who="1" m="50731" /><E125/><V128/><F128/><W31/><REACH who="3" step="1"/><G18/><REACH who="3" ten="180,244,298,258" step="2"/><T124/><D9/><U45/><E5/><V93/><F36/><W129/><G129/><T133/><D133/><U106/><E19/><V100/><F39/><W53/><G53/><T51/><D51/><U7/><E7/><V114/><F67/><W95/><G95/><T84/><D80/><U59/><E25/><V112/><F65/><W120/><G120/><T101/><REACH who="0" step="1"/><D86/><REACH who="0" ten="170,244,298,258" step="2"/><U2/><E48/><V62/><F82/><W50/><G50/><T47/><AGARI ba="1,3" hai="6,8,13,47,49,54,81,84,88,94,98,101,124,126" machi="47" ten="30,8000,1" yaku="1,1,2,1,0,1,54,1,53,1" doraHai="57" doraHaiUra="11" who="0" fromWho="0" sc="170,113,244,-21,298,-21,258,-41" /><INIT seed="4,0,0,2,5,84" ten="283,223,277,217" oya="0" hai0="77,127,129,70,45,34,101,126,79,11,133,111,106" hai1="13,96,100,85,32,23,60,54,57,17,108,24,33" hai2="91,90,28,107,39,8,132,99,22,115,73,80,98" hai3="49,93,135,94,26,18,46,63,112,128,52,62,122"/><T74/><D34/><U66/><E108/><V43/><F39/><W44/><G112/><T30/><D30/><U50/><E85/><N who="2" m="50471" /><F73/><W48/><G128/><T78/><D111/><U14/><E32/><V3/><F3/><W86/><G135/><T81/><D129/><U103/><E33/><V37/><F37/><W15/><G26/><T83/><D70/><U130/><E130/><V10/><F107/><W75/><G75/><N who="0" m="43199" /><D45/><U20/><E20/><V7/><F115/><W56/><G122/><T82/><D11/><N who="2" m="4138" /><F7/><W72/><G72/><N who="0" m="43335" /><D133/><U95/><REACH who="1" step="1"/><E103/><REACH who="1" ten="283,213,277,217" step="2"/><V31/><F132/><W47/><G86/><T16/><D101/><U2/><E2/><V4/><F22/><N who="3" m="11615" /><G63/><T67/><D74/><U125/><E125/><V116/><F99/><W123/><G123/><T36/><D126/><U114/><E114/><V118/><F98/><W64/><G64/><T134/><D67/><U0/><E0/><V35/><F35/><W121/><G121/><T120/><D127/><U9/><E9/><V110/><F110/><W119/><G119/><T25/><D120/><U61/><E61/><V42/><F118/><W97/><G97/><T109/><D109/><U40/><E40/><V102/><F43/><W131/><G131/><T69/><D134/><U27/><E27/><V55/><F42/><W71/><G71/><AGARI ba="0,1" hai="13,14,17,23,24,50,54,57,60,66,71,95,96,100" machi="71" ten="30,2000,0" yaku="1,1,7,1,53,0" doraHai="84" doraHaiUra="87" who="1" fromWho="3" sc="283,0,213,30,277,0,217,-20" /><INIT seed="5,0,0,3,5,86" ten="283,243,277,197" oya="1" hai0="114,61,124,101,56,97,63,4,19,83,33,1,59" hai1="11,42,73,92,89,104,18,43,78,67,13,76,130" hai2="66,22,109,62,119,111,37,8,12,60,102,34,95" hai3="10,72,2,112,116,98,133,99,105,9,79,103,31"/><U113/><E104/><V17/><F119/><W35/><G116/><T90/><D33/><U5/><E113/><V41/><F34/><W53/><G112/><T118/><D114/><U45/><E130/><V44/><F62/><W50/><G133/><T110/><D110/><U54/><E67/><V100/><F8/><W58/><G2/><T87/><D124/><U32/><E32/><V88/><F111/><W48/><G98/><T115/><D4/><U16/><E73/><V135/><F135/><W38/><G38/><T71/><D1/><U40/><E54/><V49/><F37/><W52/><G79/><N who="1" m="30250" /><E45/><V134/><F134/><W46/><REACH who="3" step="1"/><G72/><REACH who="3" ten="283,243,277,187" step="2"/><T3/><D118/><U30/><E30/><V122/><F109/><W96/><G96/><AGARI ba="0,1" hai="5,11,13,16,18,40,42,43,89,92,96" m="30250" machi="96" ten="30,5800,0" yaku="8,1,52,1,54,1" doraHai="86" who="1" fromWho="3" sc="283,0,243,68,277,0,187,-58" owari="283,8.3,311,41.1,277,-12.3,129,-37.1" /></mjloggm>