<mjloggm ver="2.3"><GO type="225" lobby="0"/><UN n0="%E3%83%81%E3%83%AF%E3%83%AF%E9%9A%8A%E9%95%B7" n1="%E6%A1%9C%E8%8A%B1%E9%96%83%E3%80%85" n2="%E3%81%B5%E3%81%98%E3%81%8B%E3%81%A4" n3="%E6%B8%A9%E2%98%85%E6%83%85%E2%98%85%E6%8E%AA%E2%98%85%E7%BD%AE" dan="16,16,17,18" rate="2079.91,2205.30,2203.39,2179.25" sx="M,M,M,M"/><TAIKYOKU oya="0"/><INIT seed="0,0,0,2,1,78" ten="250,250,250,250" oya="0" hai0="55,44,93,56,96,111,84,35,69,130,114,87,104" hai1="132,94,51,26,129,2,46,47,97,101,64,38,23" hai2="85,125,6,119,107,113,109,117,17,118,98,70,108" hai3="95,40,1,116,86,31,79,61,115,9,106,123,14"/><T13/><D35/><U60/><E132/><V71/><F6/><W54/><G116/><T112/><D69/><N who="2" m="26122" /><F85/><W133/><G106/><T48/><D130/><U135/><E135/><V105/><F17/><W122/><G115/><T34/><D34/><U110/><E110/><N who="2" m="42603" /><F113/><W66/><G40/><T7/><D111/><U36/><E47/><V22/><F22/><W92/><G54/><T5/><D104/><N who="2" m="40010" /><F98/><W73/><G86/><T120/><D114/><U121/><E2/><V12/><F12/><W50/><G1/><T42/><D112/><U15/><E15/><V53/><F53/><W76/><G14/><T75/><D5/><U11/><E11/><V134/><F125/><W52/><G9/><T39/><D7/><U3/><E3/><V24/><F24/><W21/><G133/><AGARI ba="0,0" hai="117,118,119,133,134" m="40010,42603,26122" machi="133" ten="50,12000,2" yaku="28,2,12,1,14,1,31,2" doraHai="78" who="2" fromWho="3" sc="250,0,250,0,250,120,250,-120" /><INIT seed="1,0,0,4,1,67" ten="250,250,370,130" oya="1" hai0="43,4,41,7,47,20,76,46,64,99,96,101,125" hai1="38,31,97,72,50,94,49,36,6,33,82,74,90" hai2="87,9,29,93,55,35,60,5,132,54,10,16,28" hai3="37,23,12,120,39,124,26,85,75,61,45,134,109"/><U14/><E38/><V98/><F132/><W73/><G120/><T123/><D123/><U22/><E36/><V40/><F40/><W13/><G134/><T17/><D125/><U119/><E119/><V105/><F105/><W113/><G113/><T88/><D76/><U52/><E33/><V3/><F87/><W126/><G85/><T19/><D64/><U71/><E49/><V59/><F35/><W62/><G23/><T114/><D114/><U51/><E51/><V129/><F129/><W66/><G66/><T18/><D20/><U2/><E2/><V25/><F54/><W65/><G65/><T27/><D27/><U89/><E71/><V57/><F57/><W131/><G26/><T48/><D101/><U130/><E130/><V100/><F25/><W103/><G103/><T70/><D70/><U0/><E0/><V108/><F108/><W110/><REACH who="3" step="1"/><G131/><REACH who="3" ten="250,250,370,120" step="2"/><T11/><D99/><U127/><E22/><V24/><F24/><W44/><AGARI ba="0,1" hai="12,13,37,39,44,45,61,62,73,75,109,110,124,126" machi="44" ten="25,12000,2" yaku="1,1,2,1,0,1,22,2,53,2" doraHai="67" doraHaiUra="56" who="3" fromWho="3" sc="250,-30,250,-60,370,-30,120,130" /><INIT seed="2,0,0,5,0,86" ten="220,190,340,250" oya="2" hai0="65,83,47,102,116,125,84,118,53,54,115,85,33" hai1="39,45,32,71,122,8,130,20,22,56,13,105,133" hai2="92,58,2,38,121,110,79,100,31,90,16,95,41" hai3="131,69,14,114,94,70,128,123,26,97,6,101,43"/><V40/><F121/><W23/><G123/><T46/><D115/><U36/><E71/><V3/><F31/><N who="3" m="17887" /><G43/><T134/><D33/><U88/><E32/><V66/><F79/><W63/><G63/><T44/><D125/><U60/><E122/><V124/><F124/><W48/><G48/><T87/><D134/><U96/><E133/><V49/><F110/><W81/><G81/><T135/><D135/><U93/><E105/><V104/><F104/><W107/><G114/><T57/><D83/><U61/><E130/><N who="3" m="49706" /><G107/><T77/><D77/><U7/><E61/><V132/><F132/><W98/><G98/><T120/><D120/><U112/><E112/><V75/><F38/><W117/><G117/><N who="0" m="45163" /><D102/><U82/><E39/><V126/><F100/><W74/><G74/><T113/><D113/><U127/><E127/><V17/><F75/><W37/><G37/><T51/><D65/><U76/><E45/><V0/><F66/><W72/><G72/><T59/><D51/><U4/><E36/><V103/><F49/><W111/><G111/><T119/><N who="0" m="45171" /><T9/><DORA hai="25" /><D9/><AGARI ba="0,0" hai="6,9,14,69,70,94,97,101" m="49706,17887" machi="9" ten="30,2000,0" yaku="19,1,52,1" doraHai="86,25" who="3" fromWho="0" sc="220,-20,190,0,340,0,250,20" /><INIT seed="3,0,0,4,1,40" ten="200,190,340,270" oya="3" hai0="113,5,81,127,61,115,97,59,78,11,14,99,123" hai1="122,4,25,106,20,55,67,42,132,88,10,32,111" hai2="107,45,77,125,54,135,80,3,134,73,92,83,68" hai3="53,30,1,52,8,63,121,51,105,60,15,84,79"/><W0/><G105/><T93/><D123/><U72/><E122/><V35/><F125/><W109/><G121/><T91/><D127/><U31/><E111/><V12/><F107/><W90/><G79/><T101/><D99/><U130/><E130/><V16/><F68/><W110/><G30/><T65/><REACH who="0" step="1"/><D101/><REACH who="0" ten="190,190,340,270" step="2"/><U46/><E132/><V128/><F134/><W118/><G110/><T2/><D2/><U33/><E106/><V27/><F3/><W49/><G0/><T64/><D64/><U120/><E120/><V62/><F135/><W50/><G1/><T104/><D104/><U36/><E72/><AGARI ba="0,1" hai="5,11,14,59,61,65,72,78,81,91,93,97,113,115" machi="72" ten="40,1300,0" yaku="1,1,53,0" doraHai="40" doraHaiUra="48" who="0" fromWho="1" sc="190,23,190,-13,340,0,270,0" owari="213,-18.7,177,-32.3,340,44.0,270,7.0" /></mjloggm>