<mjloggm ver="2.3"><GO type="225" lobby="0"/><UN n0="%74%2E%6F%2E%6F%2E%73" n1="%E6%98%BC%E4%B8%8B%E3%81%8C%E3%82%8A%E3%81%AE%E5%9B%A3%E5%9C%B0%E5%A6%BB" n2="%28%EF%BF%A3%E2%96%BD%EF%BF%A3%29%CE%B4%E2%8C%92%E3%83%BB" n3="%6D%75%75%73%61%6E%6D%75" dan="17,16,17,17" rate="2105.86,2143.54,2261.93,2163.45" sx="M,F,M,F"/><TAIKYOKU oya="0"/><INIT seed="0,0,0,3,0,115" ten="250,250,250,250" oya="0" hai0="24,75,50,51,45,72,15,32,134,107,99,124,96" hai1="85,46,117,76,5,67,36,47,9,97,40,42,131" hai2="53,88,111,6,82,81,95,29,71,104,1,43,12" hai3="87,33,130,55,105,78,86,126,132,39,121,62,18"/><T2/><D2/><U89/><E131/><V8/><F104/><W30/><G39/><T100/><D124/><U28/><E67/><V66/><F111/><W21/><G105/><T58/><D134/><U123/><E28/><V102/><F102/><W118/><G132/><T52/><D96/><U125/><E125/><V80/><F43/><W37/><G37/><T44/><D58/><U17/><E17/><V14/><F29/><W34/><G126/><T83/><D83/><U59/><E59/><V56/><F66/><W22/><G130/><T10/><D24/><U26/><E26/><V13/><F71/><W109/><G109/><T54/><REACH who="0" step="1"/><D32/><REACH who="0" ten="240,250,250,250" step="2"/><U128/><E128/><V49/><F1/><W69/><G33/><T90/><D90/><U106/><E97/><AGARI ba="0,1" hai="6,8,12,13,14,49,53,56,80,81,82,88,95,97" machi="97" ten="40,2600,0" yaku="8,1,54,1" doraHai="115" who="2" fromWho="1" sc="240,0,250,-26,250,36,250,0" /><INIT seed="1,0,0,5,4,55" ten="240,224,286,250" oya="1" hai0="30,68,116,121,87,59,27,36,60,56,51,119,96" hai1="67,64,125,111,26,18,11,99,80,39,114,22,46" hai2="103,106,122,13,43,48,42,126,32,124,93,76,33" hai3="92,69,57,31,61,45,24,7,73,78,14,109,20"/><U10/><E114/><V134/><F106/><W35/><G109/><T131/><D36/><U77/><E111/><V15/><F122/><W98/><G69/><T82/><D131/><U75/><E125/><N who="2" m="48235" /><F134/><W104/><G104/><T52/><D121/><U129/><E129/><V66/><F76/><W101/><G78/><T0/><D0/><U108/><E108/><V107/><F107/><W72/><G45/><T115/><D68/><U85/><E99/><N who="2" m="59887" /><F66/><W97/><G97/><T83/><D115/><U17/><E75/><V91/><F91/><W50/><G50/><T37/><D37/><U53/><E39/><V5/><F48/><W19/><REACH who="3" step="1"/><G7/><REACH who="3" ten="240,224,286,240" step="2"/><T132/><D96/><U123/><E123/><V6/><F6/><W62/><G62/><T25/><D132/><U102/><E46/><V110/><F110/><W16/><G16/><T49/><D60/><U118/><E17/><V100/><F5/><W88/><G88/><T40/><D40/><U54/><E102/><V28/><F100/><W2/><G2/><T120/><D120/><U44/><E44/><V95/><F43/><W117/><G117/><T38/><D38/><U71/><E118/><V130/><F42/><W4/><G4/><T128/><D128/><U135/><E135/><V74/><F130/><W34/><G34/><T105/><D105/><U29/><E71/><V3/><F33/><W79/><G79/><T86/><D30/><U41/><E41/><V70/><F70/><W81/><G81/><T113/><D113/><U89/><E29/><V63/><F28/><W112/><G112/><T12/><D116/><RYUUKYOKU ba="0,1" sc="240,-10,224,-10,286,-10,240,30" hai3="14,19,20,24,31,35,57,61,72,73,92,98,101" /><INIT seed="2,1,1,5,4,87" ten="230,214,276,270" oya="2" hai0="46,83,118,135,91,113,58,131,126,102,53,67,1" hai1="39,77,17,72,48,54,47,117,16,19,92,9,42" hai2="8,14,23,11,70,97,109,40,60,34,78,6,0" hai3="110,66,61,35,134,29,123,43,114,49,69,105,56"/><V51/><F34/><W80/><G105/><T121/><D121/><U82/><E117/><V75/><F109/><W122/><G110/><T12/><D113/><U57/><REACH who="1" step="1"/><E92/><REACH who="1" ten="230,204,276,270" step="2"/><V22/><F0/><W52/><G122/><T4/><D1/><U101/><E101/><V45/><F75/><W100/><G123/><T88/><D102/><U116/><E116/><V79/><F70/><W28/><G100/><T27/><D118/><U86/><E86/><V124/><F97/><W76/><G114/><T108/><D108/><U71/><E71/><V10/><F124/><W81/><G134/><T93/><D93/><U26/><E26/><V24/><F24/><W125/><G125/><T106/><D27/><U7/><E7/><V85/><F85/><W112/><G112/><T128/><D135/><U98/><E98/><V13/><F6/><W33/><G69/><T103/><D126/><U94/><E94/><V132/><F132/><W37/><G35/><T50/><D103/><U62/><E62/><V18/><F60/><W59/><G37/><T115/><D115/><U32/><E32/><V41/><F79/><W63/><G33/><T25/><D25/><U119/><E119/><V95/><F78/><W96/><G76/><T65/><D106/><U20/><E20/><V89/><F23/><W31/><G96/><T130/><D83/><U55/><E55/><N who="2" m="30191" /><F14/><AGARI ba="1,2" hai="9,14,16,17,19,39,42,47,48,54,57,72,77,82" machi="14" ten="40,5200,0" yaku="1,1,54,1,53,1" doraHai="87" doraHaiUra="74" who="1" fromWho="2" sc="230,0,204,75,276,-55,270,0" /><INIT seed="3,0,0,2,3,60" ten="230,279,221,270" oya="3" hai0="34,7,88,27,91,112,58,66,57,30,117,79,73" hai1="81,19,108,124,99,56,0,48,93,22,31,103,105" hai2="135,95,69,35,44,9,67,42,40,119,54,39,111" hai3="25,12,113,2,36,89,74,55,114,37,6,38,64"/><W102/><G2/><T63/><D117/><U127/><E0/><V51/><F35/><W129/><G74/><T104/><D104/><U90/><E31/><V101/><F119/><W1/><G1/><T70/><D112/><U78/><E108/><V52/><F111/><W61/><G129/><T68/><D7/><U62/><E48/><V43/><F9/><W16/><G102/><T26/><D26/><U53/><E105/><V121/><F101/><W107/><G107/><T82/><REACH who="0" step="1"/><D57/><REACH who="0" ten="220,279,221,270" step="2"/><U130/><E130/><V75/><F121/><W20/><G113/><T46/><D46/><U29/><E56/><V72/><F135/><W11/><G114/><T106/><D106/><U76/><E124/><V84/><F39/><W18/><G37/><T96/><D96/><U10/><E99/><V115/><F115/><W100/><G38/><T109/><D109/><U45/><E127/><V47/><F69/><AGARI ba="0,1" hai="27,30,34,58,63,66,68,69,70,73,79,82,88,91" machi="69" ten="40,8000,1" yaku="1,1,52,1,54,1,53,1" doraHai="60" doraHaiUra="28" who="0" fromWho="2" sc="220,90,279,0,221,-80,270,0" owari="310,41.0,279,7.9,141,-35.9,270,-13.0" /></mjloggm>