<mjloggm ver="2.3"><GO type="225" lobby="0"/><UN n0="%E3%81%A0%E3%81%8A" n1="%E5%AF%82%E5%AF%9E%E3%82%AE%E3%83%8D%E3%82%B9%E3%83%93%E3%83%BC%E3%83%AB" n2="%E3%81%AF%E3%82%88%E3%81%8A%E3%81%98%E3%81%95%E3%82%93" n3="%E9%81%85%E5%88%BB%E3%81%AE%E3%83%97%E3%83%AA%E3%83%B3%E3%82%B9%E2%99%AA" dan="16,16,16,16" rate="2017.46,2159.44,2189.09,2184.57" sx="M,M,M,F"/><TAIKYOKU oya="0"/><INIT seed="0,0,0,1,4,121" ten="250,250,250,250" oya="0" hai0="127,104,101,86,35,23,27,130,2,110,85,26,28" hai1="61,60,133,106,70,1,8,47,103,129,75,49,134" hai2="46,97,98,79,57,123,105,62,12,81,19,29,67" hai3="45,119,84,55,122,126,53,125,74,83,124,77,132"/><T109/><D2/><U7/><E75/><V72/><F123/><W13/><G122/><T38/><D38/><U17/><E129/><V58/><F29/><W92/><G119/><T56/><D130/><U135/><E70/><V44/><F57/><W36/><G132/><T87/><D127/><U107/><E17/><V52/><F105/><N who="1" m="39945" /><E103/><V73/><F72/><W15/><G36/><T5/><D5/><U20/><E20/><V18/><F18/><W96/><G74/><T59/><D104/><U102/><E102/><V94/><F67/><W80/><G80/><T82/><D82/><U14/><E1/><V39/><F39/><W115/><G115/><T63/><D101/><U33/><E33/><V37/><F37/><W120/><G120/><T69/><D69/><U50/><E50/><V3/><F3/><W114/><G114/><T88/><D88/><U10/><E10/><V48/><F94/><W21/><G21/><T113/><D113/><U116/><E116/><V0/><F0/><W91/><REACH who="3" step="1"/><G45/><REACH who="3" ten="250,250,250,240" step="2"/><T68/><D68/><U100/><E100/><V66/><REACH who="2" step="1"/><F44/><REACH who="2" ten="250,250,240,240" step="2"/><W4/><G4/><T90/><D35/><U25/><E133/><V11/><AGARI ba="0,2" hai="11,12,19,46,48,52,58,62,66,73,79,81,97,98" machi="11" ten="20,12000,2" yaku="1,1,2,1,0,1,7,1,54,1,53,1" doraHai="121" doraHaiUra="78" who="2" fromWho="2" sc="250,-60,250,-30,240,140,240,-30" /><INIT seed="1,0,0,5,5,87" ten="190,220,380,210" oya="1" hai0="31,21,45,48,72,77,124,61,37,74,84,85,92" hai1="63,113,114,110,131,49,40,58,98,22,15,29,128" hai2="32,101,0,56,17,41,23,78,126,105,44,10,51" hai3="135,121,108,103,30,95,4,89,99,90,8,125,82"/><U115/><E98/><V123/><F32/><W130/><G121/><T14/><D37/><U86/><E86/><V106/><F123/><W46/><G108/><T26/><D124/><U68/><E29/><V2/><F126/><W20/><G125/><T13/><D72/><U35/><E22/><V91/><F78/><W1/><G130/><N who="1" m="49706" /><E15/><V42/><F42/><W76/><G135/><T70/><D70/><U34/><E35/><V122/><F122/><W129/><G129/><T71/><D71/><U6/><E6/><V39/><F101/><W118/><G118/><T28/><D28/><U65/><E34/><V7/><F0/><W9/><G9/><T66/><D77/><U62/><E110/><V57/><F91/><W116/><G116/><T80/><D74/><U104/><E104/><V55/><F57/><W25/><REACH who="3" step="1"/><G46/><REACH who="3" ten="190,220,380,200" step="2"/><T112/><D45/><N who="1" m="25767" /><E115/><V133/><F133/><W117/><G117/><T111/><D112/><U81/><E81/><V94/><F10/><W43/><G43/><T54/><D80/><U19/><E19/><V47/><F17/><W73/><AGARI ba="0,1" hai="1,4,8,20,25,30,73,76,82,89,90,95,99,103" machi="73" ten="20,12000,2" yaku="1,1,0,1,7,1,52,2,53,1" doraHai="87" doraHaiUra="79" who="3" fromWho="3" sc="190,-30,220,-60,380,-30,200,130" /><INIT seed="2,0,0,2,5,43" ten="160,160,350,330" oya="2" hai0="102,81,109,4,18,30,38,2,7,127,100,12,52" hai1="97,68,93,28,122,129,33,72,120,76,9,56,75" hai2="24,26,13,116,88,63,86,47,21,34,22,39,110" hai3="133,67,101,99,103,35,23,5,89,54,71,130,10"/><V45/><F116/><W8/><G35/><T115/><D115/><U25/><E129/><V19/><F39/><W104/><G130/><T78/><D38/><U40/><E68/><V131/><F131/><W132/><G103/><T92/><D109/><U119/><E119/><V69/><F110/><W106/><G106/><T42/><D42/><U107/><E107/><V55/><F34/><W16/><G54/><T112/><D2/><U117/><E117/><V121/><F121/><N who="1" m="46697" /><E76/><V125/><F125/><W98/><G67/><T20/><D127/><U74/><E40/><V84/><F84/><W1/><G71/><T79/><D79/><U82/><E82/><N who="2" m="49239" /><F69/><W128/><G128/><T0/><D0/><U113/><E56/><N who="2" m="35231" /><F13/><W118/><G118/><T32/><D112/><U87/><E87/><V95/><F95/><W60/><G60/><T62/><D62/><U37/><E37/><V85/><F85/><W59/><G59/><T15/><D92/><U83/><E113/><V73/><F73/><W51/><G51/><T48/><D48/><U57/><E57/><V29/><AGARI ba="0,0" hai="19,21,22,24,26,29,45,47" m="35231,49239" machi="29" ten="30,11700,0" yaku="8,1,52,2,54,1" doraHai="43" who="2" fromWho="2" sc="160,-39,160,-39,350,117,330,-39" /><INIT seed="2,1,0,5,3,23" ten="121,121,467,291" oya="2" hai0="8,11,70,47,3,95,84,118,93,117,15,90,73" hai1="76,86,42,54,98,28,51,96,18,45,132,124,29" hai2="122,25,19,127,77,67,100,1,27,105,114,80,135" hai3="121,9,60,48,13,88,55,78,119,102,22,31,125"/><V58/><F114/><W56/><G119/><N who="0" m="45579" /><D73/><U94/><E132/><V74/><F122/><W71/><G121/><T61/><D3/><U21/><E124/><V72/><F1/><W113/><G125/><T120/><D120/><U101/><E98/><V82/><F127/><W68/><G113/><T75/><D75/><U12/><REACH who="1" step="1"/><E42/><REACH who="1" ten="121,111,467,291" step="2"/><V14/><F135/><W32/><G102/><T43/><D95/><U123/><E123/><V129/><F100/><W85/><G71/><T46/><D43/><U57/><E57/><V112/><F58/><W65/><G32/><T20/><D70/><U87/><E87/><V33/><F33/><W16/><G78/><T130/><D130/><U30/><E30/><V44/><F77/><W10/><REACH who="3" step="1"/><G31/><REACH who="3" ten="121,111,467,281" step="2"/><T53/><D84/><U126/><E126/><V2/><F112/><W41/><G41/><T39/><D39/><U128/><E128/><V66/><F129/><W17/><G17/><T0/><D90/><U79/><E79/><V64/><F19/><W59/><G59/><T133/><D133/><U62/><E62/><V110/><F74/><W134/><G134/><T40/><D61/><U4/><E4/><V104/><F72/><W50/><G50/><T111/><D40/><U81/><AGARI ba="1,2" hai="12,18,21,28,29,45,51,54,76,81,86,94,96,101" machi="81" ten="30,7900,0" yaku="1,1,0,1,8,1,53,1" doraHai="23" doraHaiUra="49" who="1" fromWho="1" sc="121,-21,111,102,467,-40,281,-21" /><INIT seed="3,0,0,4,2,13" ten="100,213,427,260" oya="3" hai0="112,15,19,86,69,9,24,50,72,48,42,74,102" hai1="95,121,16,36,81,53,94,127,126,17,117,60,128" hai2="103,57,88,8,134,106,67,41,135,115,26,92,99" hai3="132,54,89,12,75,98,122,44,5,93,10,58,29"/><W47/><G122/><T62/><D112/><U59/><E121/><V131/><F115/><W119/><G119/><T80/><D102/><U4/><E117/><V101/><F131/><W31/><G75/><T28/><D69/><U35/><E128/><V64/><F41/><W43/><G132/><N who="2" m="50729" /><F57/><W78/><G78/><T73/><D62/><U79/><E35/><V118/><F118/><W123/><G123/><T82/><D82/><U38/><E4/><V85/><F103/><W111/><G111/><T3/><D3/><U6/><E6/><V55/><F55/><W130/><G130/><T107/><D107/><U1/><E1/><V63/><F63/><W2/><G2/><T68/><D42/><U52/><E53/><V76/><F76/><W32/><G32/><T30/><D30/><N who="3" m="11273" /><G43/><T96/><D96/><U84/><E38/><V113/><F113/><W37/><G37/><T124/><D68/><U104/><E36/><V7/><F26/><W133/><G133/><T18/><D124/><N who="1" m="47659" /><E104/><V51/><F51/><AGARI ba="0,0" hai="5,10,12,44,47,51,54,58,89,93,98" m="11273" machi="51" ten="30,1500,0" yaku="8,1" doraHai="13" who="3" fromWho="2" sc="100,0,213,0,427,-15,260,15" /><INIT seed="3,1,0,4,4,79" ten="100,213,412,275" oya="3" hai0="134,91,81,14,77,43,111,113,33,73,21,40,92" hai1="58,64,87,5,126,65,27,11,106,9,96,47,52" hai2="60,50,85,13,63,62,118,98,22,10,71,4,120" hai3="123,41,117,112,39,18,57,17,99,0,83,68,25"/><W133/><G117/><T34/><D111/><U54/><E126/><V19/><F118/><W93/><G123/><T45/><D134/><U122/><E122/><V101/><F120/><W107/><G68/><T75/><D113/><U23/><E106/><V119/><F119/><W88/><G0/><T67/><D67/><U130/><E96/><V121/><F71/><W116/><G116/><T105/><D105/><U127/><E130/><V84/><F121/><W129/><G112/><T95/><D95/><U76/><E47/><V53/><F98/><W104/><G129/><T69/><D69/><U51/><E54/><V61/><F61/><W37/><G133/><T55/><D75/><U80/><E127/><V103/><F101/><W24/><G104/><T30/><D33/><U114/><E114/><V31/><F31/><W29/><G107/><T89/><D34/><U42/><E42/><V108/><F103/><W115/><G115/><T82/><D92/><U56/><E56/><N who="2" m="32823" /><F108/><W44/><G39/><T135/><D135/><U2/><REACH who="1" step="1"/><E11/><REACH who="1" ten="100,203,412,275" step="2"/><V128/><F128/><W132/><G132/><T124/><D124/><U35/><E35/><V32/><F32/><W125/><G125/><T131/><D131/><U12/><E12/><AGARI ba="1,1" hai="4,10,12,13,19,22,60,62,63,84,85" m="32823" machi="12" ten="30,1000,0" yaku="8,1" doraHai="79" who="2" fromWho="1" sc="100,0,203,-13,412,23,275,0" owari="100,-40.0,190,-21.0,435,53.5,275,7.5" /></mjloggm>