<mjloggm ver="2.3"><GO type="225" lobby="0"/><UN n0="%72%69%6F%75%63%68%61%6E" n1="%E3%81%B7%E3%82%8A%E3%82%93%E8%81%96%E4%BA%BA" n2="%E3%81%BE%E3%81%A8%E3%81%9F" n3="%E5%AE%AE%E4%BF%9D%E9%B6%8F%E8%82%89" dan="17,16,16,16" rate="2259.38,2148.97,2159.13,2128.58" sx="M,M,M,M"/><TAIKYOKU oya="0"/><INIT seed="0,0,0,3,3,91" ten="250,250,250,250" oya="0" hai0="133,67,36,41,115,84,38,105,73,15,99,86,110" hai1="49,101,117,34,93,43,19,131,77,103,97,81,76" hai2="55,126,68,94,113,72,35,20,87,21,71,128,123" hai3="125,5,13,120,39,53,78,121,50,85,114,30,28"/><T23/><D115/><U26/><E117/><V48/><F123/><N who="3" m="47179" /><G114/><T130/><D73/><U8/><E34/><V29/><F113/><W112/><G39/><T95/><D130/><U37/><E37/><V122/><F122/><W27/><G112/><T61/><D133/><U0/><E0/><V132/><F72/><W42/><G42/><T69/><D110/><U104/><E104/><V33/><F126/><W74/><G74/><T83/><D105/><U10/><E101/><V1/><F1/><W118/><G118/><T80/><D86/><U17/><E76/><V135/><F128/><W9/><G125/><T90/><D41/><U14/><E26/><V82/><F35/><W16/><G5/><T92/><D80/><U18/><E10/><V79/><F33/><W11/><G11/><T22/><D22/><U47/><E131/><V66/><F20/><W89/><G27/><T116/><D116/><U3/><E3/><V119/><F119/><W100/><G100/><T4/><D4/><U96/><E97/><V7/><F7/><W56/><G78/><T111/><D111/><U54/><E54/><V88/><F21/><W44/><G56/><T6/><D6/><U46/><E46/><N who="2" m="28055" /><F29/><W32/><G32/><T59/><D69/><U129/><E129/><V57/><F57/><W40/><G40/><T65/><D65/><U107/><E107/><V51/><F66/><W106/><G106/><T63/><D67/><U62/><E62/><N who="0" m="23561" /><D59/><U52/><E43/><V60/><F60/><W127/><G127/><T70/><D70/><N who="2" m="26666" /><F51/><W109/><G109/><T45/><D36/><RYUUKYOKU ba="0,0" sc="250,-30,250,10,250,10,250,10" hai1="8,14,17,18,19,47,49,52,77,81,93,96,103" hai2="79,82,87,88,94,132,135" hai3="9,13,16,28,30,44,50,53,85,89" /><INIT seed="1,1,0,0,1,108" ten="220,260,260,260" oya="1" hai0="85,101,45,60,35,27,112,96,16,68,95,34,135" hai1="7,61,18,28,52,38,128,75,122,56,107,6,118" hai2="94,29,80,97,30,79,102,120,40,15,109,106,50" hai3="104,133,76,43,117,24,55,82,77,130,126,73,4"/><U17/><E75/><V93/><F120/><W59/><G104/><T36/><D135/><U21/><E107/><V33/><F109/><W72/><G133/><T63/><D112/><U32/><E32/><V113/><F15/><W44/><G4/><T90/><D68/><U47/><E122/><V99/><F113/><W3/><G3/><T12/><D36/><U14/><E28/><V42/><F33/><W8/><G8/><T66/><D45/><U69/><E118/><V64/><F64/><W13/><G13/><T37/><D37/><U92/><E69/><V86/><F106/><W48/><G24/><T2/><D2/><U74/><E74/><V5/><F5/><W115/><G115/><T39/><D39/><U25/><E128/><V26/><F50/><W100/><G100/><T58/><D60/><U132/><E132/><V121/><F121/><W114/><G114/><T20/><REACH who="0" step="1"/><D27/><REACH who="0" ten="210,260,260,260" step="2"/><U9/><E38/><V19/><F26/><W23/><G44/><T123/><D123/><U54/><E92/><AGARI ba="1,1" hai="12,16,20,34,35,58,63,66,85,90,92,95,96,101" machi="92" ten="30,3900,0" yaku="1,1,7,1,54,1,53,0" doraHai="108" doraHaiUra="105" who="0" fromWho="1" sc="210,52,260,-42,260,0,260,0" /><INIT seed="2,0,0,3,3,89" ten="262,218,260,260" oya="2" hai0="44,107,23,56,95,116,53,5,94,3,35,2,48" hai1="8,113,80,115,79,47,132,13,120,77,61,28,14" hai2="20,41,127,73,87,36,108,31,70,133,122,78,75" hai3="126,85,15,62,9,27,32,26,69,101,57,52,71"/><V58/><F122/><W135/><G135/><T49/><D35/><U76/><E120/><V11/><F70/><W83/><G126/><T40/><D107/><U74/><E28/><V16/><F127/><W4/><G101/><T42/><D116/><U90/><E132/><V81/><F108/><W96/><G96/><T37/><D23/><U106/><E106/><V0/><F31/><W34/><G34/><T91/><D5/><U103/><E103/><V25/><F133/><W45/><G45/><T72/><D72/><U112/><E47/><V10/><F73/><W54/><G54/><T99/><D40/><U124/><E124/><V1/><F41/><W67/><G32/><T65/><D48/><U98/><E61/><V117/><F36/><W63/><REACH who="3" step="1"/><G69/><REACH who="3" ten="262,218,260,250" step="2"/><T119/><D119/><U123/><E123/><V66/><F117/><W22/><G22/><T12/><D42/><U30/><E98/><V33/><F33/><W109/><G109/><T104/><D99/><U82/><E112/><V68/><F68/><W110/><G110/><T125/><D125/><U92/><E113/><V38/><F38/><W24/><G24/><T130/><D37/><U121/><E115/><V102/><F102/><W18/><G18/><T29/><D44/><U128/><E128/><V84/><F58/><W43/><G43/><T100/><D56/><U134/><E134/><V60/><F25/><W7/><G7/><T114/><D130/><U50/><E121/><V97/><F16/><W118/><G118/><T19/><D114/><U6/><E6/><N who="2" m="1351" /><F97/><W39/><G39/><T93/><D19/><RYUUKYOKU ba="0,1" sc="262,-10,218,-10,260,-10,250,30" hai3="4,9,15,26,27,52,57,62,63,67,71,83,85" /><INIT seed="3,1,1,1,1,77" ten="252,208,250,280" oya="3" hai0="42,93,76,100,90,7,91,88,38,79,106,129,63" hai1="55,24,120,3,86,117,73,113,28,54,94,89,22" hai2="103,128,78,36,16,132,96,44,27,125,112,67,109" hai3="25,46,30,18,87,33,29,65,116,0,9,48,108"/><W119/><G30/><T8/><D129/><U98/><E120/><V1/><F112/><W49/><G108/><T5/><D106/><U41/><E113/><V10/><F109/><W72/><G72/><T31/><D31/><U12/><E3/><V13/><F125/><W57/><G87/><T70/><D38/><U114/><E114/><V135/><F128/><W60/><G49/><T62/><D42/><U21/><E73/><V59/><F1/><W84/><G84/><T115/><D115/><U85/><E41/><V43/><F78/><N who="0" m="29738" /><D70/><U4/><E117/><V121/><F121/><W71/><G71/><T118/><D118/><U37/><E37/><V26/><F59/><W68/><G68/><T101/><D93/><U95/><E85/><V47/><F47/><W69/><G69/><T64/><D64/><U102/><E4/><N who="0" m="1609" /><D8/><U53/><REACH who="1" step="1"/><E12/><REACH who="1" ten="252,198,250,280" step="2"/><V15/><F15/><W122/><G122/><T133/><D133/><N who="2" m="51274" /><F67/><W66/><G65/><T105/><D105/><AGARI ba="1,2" hai="10,13,16,26,27,36,43,44,96,103,105" m="51274" machi="105" ten="30,2000,0" yaku="20,1,54,1" doraHai="77" who="2" fromWho="0" sc="252,-23,198,0,250,43,280,0" /><INIT seed="4,0,0,5,1,89" ten="229,198,293,280" oya="0" hai0="66,131,95,8,56,28,74,54,125,102,5,69,134" hai1="132,41,58,104,37,98,96,133,87,70,25,60,55" hai2="91,72,6,115,36,27,108,39,2,53,107,128,116" hai3="31,122,82,1,118,14,135,48,97,44,126,90,93"/><T71/><D74/><U65/><E87/><V112/><F108/><W24/><G1/><T88/><D102/><U49/><E25/><V119/><F128/><W17/><G118/><N who="2" m="45097" /><F107/><W62/><G126/><T51/><D131/><U121/><E104/><V80/><F27/><W9/><G135/><N who="1" m="51786" /><E121/><V77/><F91/><W109/><G122/><T129/><D129/><U20/><E20/><V23/><F23/><W34/><G62/><T101/><D125/><U86/><E86/><V22/><F22/><W18/><G82/><T120/><D134/><U26/><E26/><V117/><F53/><W45/><G109/><T11/><D120/><U29/><E29/><V33/><F33/><W76/><G76/><T100/><D28/><U13/><E13/><V92/><F92/><W99/><G99/><N who="1" m="37930" /><E41/><V47/><F117/><W103/><G90/><T67/><D11/><U79/><E37/><N who="2" m="14411" /><F47/><W78/><G78/><AGARI ba="0,0" hai="49,55,58,60,65,70,78,79" m="37930,51786" machi="78" ten="30,1000,0" yaku="20,1" doraHai="89" who="1" fromWho="3" sc="229,0,198,10,293,0,280,-10" /><INIT seed="5,0,0,5,2,17" ten="229,208,293,270" oya="1" hai0="118,24,117,91,1,124,57,30,15,11,53,134,126" hai1="114,28,80,120,123,99,56,19,100,22,110,40,42" hai2="70,74,5,122,67,119,92,60,52,84,47,121,13" hai3="2,18,45,78,59,7,61,130,96,64,106,135,73"/><U132/><E28/><V85/><F74/><W77/><G2/><T34/><D91/><U36/><E110/><V87/><F119/><N who="0" m="45578" /><D53/><U58/><E114/><V9/><REACH who="2" step="1"/><F92/><REACH who="2" ten="229,208,283,270" step="2"/><W41/><G73/><T90/><D124/><U25/><E120/><V50/><AGARI ba="0,1" hai="5,9,13,47,50,52,60,67,70,84,85,87,121,122" machi="50" ten="30,8000,1" yaku="1,1,2,1,0,1,54,1,53,1" doraHai="17" doraHaiUra="46" who="2" fromWho="2" sc="229,-20,208,-40,283,90,270,-20" owari="209,-19.1,168,-33.2,373,47.3,250,5.0" /></mjloggm>