<mjloggm ver="2.3"><GO type="225" lobby="0"/><UN n0="%4E%49%4A%49%49%52%4F" n1="%E3%81%88%E3%81%8C%E3%82%8F%E3%82%8A%E3%81%8A" n2="%E3%82%82%E3%81%90%E3%82%89" n3="%72%69%6F%75%63%68%61%6E" dan="16,16,16,16" rate="2177.99,2105.45,2151.71,2187.88" sx="M,M,M,M"/><TAIKYOKU oya="0"/><INIT seed="0,0,0,5,2,79" ten="250,250,250,250" oya="0" hai0="71,7,28,48,47,73,24,81,82,58,32,96,36" hai1="89,93,122,112,76,44,128,88,31,62,51,119,16" hai2="83,61,39,65,67,19,37,46,130,22,57,86,59" hai3="105,100,109,127,85,25,13,70,92,117,125,113,12"/><T66/><D73/><U78/><E119/><V6/><F6/><W103/><G109/><T101/><D7/><U102/><E122/><V77/><F130/><W53/><G113/><T20/><D32/><U94/><E128/><V33/><F33/><W126/><G117/><T5/><D5/><U64/><E31/><V108/><F108/><W98/><G70/><T74/><D71/><U63/><E102/><V133/><F133/><W38/><G38/><T9/><D9/><U17/><E51/><V129/><F129/><W27/><G53/><T18/><D74/><U43/><E44/><V49/><F59/><W106/><G85/><T69/><D69/><U52/><E52/><V111/><F67/><W34/><G34/><T87/><D87/><U45/><E45/><V54/><REACH who="2" step="1"/><F111/><REACH who="2" ten="250,250,240,250" step="2"/><W75/><G127/><T15/><D66/><U11/><E64/><V8/><F8/><W107/><G126/><T29/><D58/><U68/><E68/><V116/><F116/><W121/><G125/><T131/><D131/><U50/><E11/><V104/><F104/><W14/><G121/><T135/><D135/><U56/><E56/><V4/><F4/><W115/><G115/><T84/><D36/><U3/><E112/><V80/><F80/><N who="0" m="30826" /><D84/><U134/><E134/><V30/><F30/><W123/><G75/><T1/><D1/><U0/><E0/><V26/><AGARI ba="0,1" hai="19,22,26,37,39,46,49,54,57,61,65,77,83,86" machi="26" ten="20,8000,1" yaku="1,1,0,1,7,1,52,1,53,1" doraHai="79" doraHaiUra="72" who="2" fromWho="2" sc="250,-40,250,-20,240,90,250,-20" /><INIT seed="1,0,0,2,1,121" ten="210,230,330,230" oya="1" hai0="54,45,65,77,102,9,109,37,25,71,6,44,4" hai1="55,70,56,94,89,112,38,127,134,79,22,123,72" hai2="135,81,17,35,8,0,3,14,23,130,78,105,40" hai3="1,21,63,32,61,31,99,50,120,62,75,85,30"/><U67/><E123/><V48/><F105/><W124/><G120/><T114/><D114/><U103/><E112/><V125/><F35/><W28/><G124/><T73/><D102/><U107/><E127/><V76/><F125/><W53/><G75/><T47/><D25/><U41/><E134/><V88/><F135/><W115/><G115/><T26/><D26/><U43/><E22/><V97/><F130/><W82/><G1/><T116/><D116/><U84/><E67/><V108/><F108/><W100/><G32/><T83/><D109/><U93/><E93/><N who="2" m="56487" /><F0/><W18/><G50/><T110/><D110/><U104/><E70/><V74/><F3/><W98/><G53/><T113/><D113/><U86/><E86/><V96/><F74/><W66/><G66/><T36/><D54/><U29/><E29/><V106/><F106/><W131/><G131/><T132/><D132/><U27/><E27/><N who="2" m="14831" /><F96/><W59/><G100/><T5/><REACH who="0" step="1"/><D9/><REACH who="0" ten="200,230,330,230" step="2"/><U92/><E103/><V111/><F111/><W101/><G101/><T52/><D52/><U69/><E55/><V57/><F8/><W15/><REACH who="3" step="1"/><G59/><REACH who="3" ten="200,230,330,220" step="2"/><T68/><D68/><U133/><E56/><V7/><F57/><W24/><G24/><T51/><D51/><U118/><E69/><V95/><F48/><W60/><N who="3" m="15360" /><DORA hai="16" /><W87/><G87/><T39/><D39/><U58/><E58/><V91/><F40/><W42/><G42/><N who="1" m="15882" /><E38/><V128/><F128/><W122/><G122/><T13/><D13/><U119/><E133/><V12/><F12/><W49/><G49/><T2/><D2/><U90/><E84/><RYUUKYOKU ba="0,2" sc="200,15,230,-15,330,-15,220,15" hai0="4,5,6,36,37,44,45,47,65,71,73,77,83" hai3="15,18,21,28,30,31,82,85,98,99" /><INIT seed="2,1,2,3,5,131" ten="215,215,315,235" oya="2" hai0="93,35,77,25,72,32,82,38,99,95,37,20,76" hai1="123,97,65,1,59,71,90,74,48,39,112,92,128" hai2="133,33,117,47,83,84,3,125,30,78,66,56,31" hai3="111,2,27,105,96,126,80,15,28,102,7,18,119"/><V106/><F117/><W14/><G119/><T44/><D77/><U69/><E112/><V41/><F106/><W91/><G111/><T64/><D64/><U46/><E74/><V68/><F33/><W75/><G126/><T10/><D10/><U57/><E1/><V55/><F3/><W122/><G122/><T87/><D72/><U8/><E128/><V12/><F125/><W19/><G2/><T98/><D98/><U103/><E123/><V60/><F12/><W61/><G61/><T104/><D104/><U52/><E8/><V107/><F107/><W26/><G7/><T129/><D129/><U24/><E24/><V86/><F86/><W13/><G27/><T135/><D135/><U5/><E5/><V36/><F133/><W94/><G80/><T132/><D132/><U54/><E65/><V23/><F23/><W51/><G51/><AGARI ba="1,2" hai="30,31,36,41,47,51,55,56,60,66,68,78,83,84" machi="51" ten="30,5800,0" yaku="7,1,24,2" doraHai="131" who="2" fromWho="3" sc="215,0,215,0,315,81,235,-61" /><INIT seed="2,2,0,2,4,44" ten="215,215,396,174" oya="2" hai0="3,54,130,121,126,14,32,35,87,58,53,46,104" hai1="100,118,51,50,102,120,37,19,16,67,42,2,49" hai2="57,128,84,62,85,1,123,38,9,106,78,20,103" hai3="40,119,125,116,55,45,72,71,107,88,98,36,29"/><V21/><F123/><W117/><G72/><T89/><D3/><U108/><E118/><V59/><F38/><W31/><G125/><T56/><D121/><U23/><E120/><V124/><F124/><W86/><G71/><T134/><D104/><U18/><E2/><V96/><F128/><W90/><G55/><T127/><D130/><U110/><E67/><V97/><F59/><W133/><G133/><T129/><D46/><N who="1" m="23887" /><E23/><V101/><F9/><W105/><G90/><T24/><D129/><U131/><E131/><V91/><F78/><W61/><G61/><T63/><D134/><U39/><E39/><V12/><F1/><W135/><G135/><T8/><D24/><U34/><E34/><V22/><F12/><W6/><G6/><T11/><D127/><U15/><E15/><V27/><F27/><W10/><G10/><T26/><D26/><U70/><E70/><V17/><F17/><W41/><G41/><T68/><D68/><U95/><E95/><V99/><F91/><W13/><G13/><T48/><D126/><U74/><E74/><V75/><F75/><W94/><REACH who="3" step="1"/><G107/><REACH who="3" ten="215,215,396,164" step="2"/><T81/><D8/><U0/><E0/><V33/><F106/><W112/><G112/><T65/><D54/><U114/><E114/><V80/><F62/><W113/><G113/><T82/><D81/><U7/><E7/><AGARI ba="2,1" hai="7,11,14,32,35,48,53,56,58,63,65,82,87,89" machi="7" ten="30,2000,0" yaku="7,1,52,1" doraHai="44" who="0" fromWho="1" sc="215,36,215,-26,396,0,164,0" /><INIT seed="3,0,0,1,4,118" ten="251,189,396,164" oya="3" hai0="22,96,64,82,19,130,13,76,113,73,78,74,14" hai1="66,104,108,126,40,15,133,32,83,37,56,35,49" hai2="23,71,26,31,89,9,92,39,8,7,5,18,24" hai3="102,124,3,53,43,57,85,93,28,122,36,20,105"/><W72/><G72/><T134/><D134/><U91/><E104/><V79/><F39/><W128/><G3/><T112/><D130/><U55/><E133/><V117/><F71/><W75/><G75/><T94/><D64/><U100/><E100/><V68/><F68/><W107/><G128/><T95/><D95/><U125/><E108/><V84/><F117/><W81/><G122/><T2/><D2/><U30/><E66/><V61/><F79/><W58/><G124/><N who="1" m="47722" /><E15/><V17/><F61/><W131/><G131/><T54/><D54/><U62/><E37/><V0/><F26/><N who="3" m="16455" /><G36/><T77/><D13/><AGARI ba="0,0" hai="0,5,7,8,9,13,17,18,23,24,31,84,89,92" machi="13" ten="30,1000,0" yaku="7,1" doraHai="118" who="2" fromWho="0" sc="251,-10,189,0,396,10,164,0" owari="241,4.1,189,-21.1,406,50.6,164,-33.6" /></mjloggm>