<mjloggm ver="2.3"><GO type="225" lobby="0"/><UN n0="%48%61%61%61%6C%61%6E%64" n1="%66%67%67%68%68%64%66" n2="%E3%81%B5%E3%81%98%E3%81%8B%E3%81%A4" n3="%72%61%6B%33" dan="18,16,16,16" rate="2294.52,2088.12,2222.73,2078.64" sx="M,M,M,M"/><TAIKYOKU oya="0"/><INIT seed="0,0,0,0,4,32" ten="250,250,250,250" oya="0" hai0="29,46,108,34,122,118,126,37,50,85,25,2,103" hai1="18,33,123,107,57,63,60,104,49,124,15,11,99" hai2="121,41,132,91,102,59,21,38,78,115,66,71,64" hai3="86,69,96,135,22,45,110,67,36,40,54,119,73"/><T92/><D118/><U13/><E123/><V94/><F121/><W48/><G73/><T68/><D122/><U0/><E33/><V24/><F115/><W30/><G86/><T53/><D68/><U3/><E124/><V88/><F78/><W42/><G96/><T52/><D126/><U72/><E72/><V51/><F132/><W56/><G22/><T130/><D130/><U16/><E49/><V105/><F105/><W100/><G30/><T79/><D37/><U10/><E99/><N who="2" m="59767" /><F38/><W106/><G100/><T81/><D108/><U125/><E125/><V26/><F71/><W5/><G5/><T131/><D131/><U14/><E14/><V80/><F80/><W116/><G106/><T58/><D2/><U117/><E57/><V23/><F41/><N who="3" m="22695" /><G135/><T127/><D127/><U8/><REACH who="1" step="1"/><E10/><REACH who="1" ten="250,240,250,250" step="2"/><V113/><F113/><W90/><G110/><T7/><D58/><U6/><E6/><V76/><F51/><W28/><G48/><T35/><D7/><U75/><E75/><V9/><F9/><W112/><G112/><T114/><D114/><U20/><E20/><N who="2" m="7755" /><F59/><W129/><G56/><T93/><D35/><U31/><E31/><V4/><F4/><W70/><G70/><T77/><D34/><U134/><E134/><V74/><F66/><W43/><G69/><T133/><D133/><U27/><E27/><N who="2" m="10283" /><F64/><W65/><G67/><T128/><D25/><U82/><E82/><V95/><F95/><N who="0" m="36426" /><D29/><U89/><E89/><N who="2" m="34379" /><F74/><W111/><G65/><T55/><D128/><U120/><E120/><V98/><F98/><W87/><G129/><T19/><D81/><RYUUKYOKU ba="0,1" sc="250,-15,240,15,250,15,250,-15" hai1="0,3,8,11,13,15,16,18,60,63,104,107,117" hai2="76" /><INIT seed="1,1,1,3,5,130" ten="235,255,265,235" oya="1" hai0="92,35,131,105,120,127,69,103,0,67,58,28,74" hai1="36,84,77,111,104,42,47,99,81,49,10,85,65" hai2="78,12,34,125,72,86,97,61,113,64,33,6,123" hai3="87,22,119,11,17,31,73,129,62,124,70,48,44"/><U39/><E111/><V112/><F123/><W100/><G73/><T5/><D58/><U132/><E132/><V16/><F6/><W114/><G114/><N who="2" m="44137" /><F72/><W7/><G124/><T75/><D92/><U76/><E65/><V60/><F97/><W52/><G129/><T63/><D127/><U30/><E30/><V56/><F78/><W116/><G100/><T53/><D53/><U79/><E10/><N who="2" m="6167" /><F86/><W41/><G31/><T107/><D120/><U115/><E115/><V108/><F108/><W82/><G7/><T59/><D131/><U18/><E18/><V15/><F15/><W66/><G11/><N who="0" m="2471" /><D59/><U83/><REACH who="1" step="1"/><E77/><REACH who="1" ten="235,245,265,235" step="2"/><V32/><F125/><W135/><G135/><T109/><D109/><U9/><E9/><V126/><F126/><W118/><G41/><T20/><D28/><U8/><E8/><V95/><F34/><W19/><REACH who="3" step="1"/><G22/><REACH who="3" ten="235,245,265,225" step="2"/><T54/><D20/><U21/><E21/><V57/><F33/><W43/><G43/><T96/><D35/><U40/><E40/><V51/><F32/><W68/><G68/><T55/><D69/><U122/><E122/><V133/><F133/><W80/><G80/><T38/><D74/><U27/><E27/><V106/><F64/><W4/><G4/><T102/><D75/><U14/><E14/><V23/><F23/><W1/><G1/><T101/><D67/><U134/><E134/><V25/><F25/><W45/><G45/><T93/><D54/><U50/><E50/><V24/><F51/><W91/><AGARI ba="1,3" hai="17,19,44,48,52,62,66,70,82,87,91,116,118,119" machi="91" ten="30,7900,0" yaku="1,1,0,1,12,1,54,1,53,0" doraHai="130" doraHaiUra="128" who="3" fromWho="3" sc="235,-21,245,-40,265,-21,225,112" /><INIT seed="2,0,0,4,2,55" ten="214,205,244,337" oya="2" hai0="103,47,33,49,104,13,15,21,90,43,94,81,56" hai1="76,86,72,75,87,34,80,74,70,22,14,30,105" hai2="3,8,84,35,58,116,122,67,107,66,6,68,7" hai3="54,44,126,131,111,16,77,124,119,129,42,106,1"/><V28/><F107/><W20/><G119/><T32/><D104/><U31/><E105/><V5/><F122/><W11/><G111/><T93/><D32/><U46/><E70/><V40/><F40/><W59/><G77/><T92/><D33/><U79/><E34/><V73/><F73/><W130/><G106/><T108/><D108/><U10/><E46/><V39/><F39/><N who="3" m="21599" /><G11/><T65/><D103/><U41/><E41/><V61/><F116/><W133/><G1/><T45/><D45/><U120/><E22/><V117/><F117/><W9/><G9/><T51/><D21/><U50/><E50/><V95/><F67/><W60/><G133/><T19/><D19/><U98/><E98/><V27/><REACH who="2" step="1"/><F68/><REACH who="2" ten="214,205,234,337" step="2"/><W4/><G4/><T38/><D38/><U63/><E120/><V26/><F26/><AGARI ba="0,1" hai="16,20,26,54,59,60,124,126,129,130,131" m="21599" machi="26" ten="30,3900,0" yaku="19,1,52,1,54,1" doraHai="55" who="3" fromWho="2" sc="214,0,205,0,234,-39,337,49" /><INIT seed="3,0,0,4,4,35" ten="214,205,195,386" oya="3" hai0="119,96,78,116,74,129,30,44,75,110,113,132,71" hai1="53,76,77,118,49,90,97,33,80,107,64,38,41" hai2="36,16,105,134,7,6,114,69,61,10,37,40,0" hai3="2,24,52,22,17,55,18,128,98,79,91,85,106"/><W23/><G2/><T50/><D71/><U102/><E33/><V57/><F114/><W93/><G128/><T15/><D129/><U32/><E32/><V115/><F115/><W5/><G5/><T45/><D113/><U104/><E104/><V126/><F105/><W81/><G106/><T65/><D30/><U95/><E64/><V89/><F69/><W127/><G127/><T70/><D110/><U14/><E118/><V43/><F126/><W19/><G19/><T42/><D132/><U72/><E76/><V120/><F134/><W86/><G86/><T34/><D34/><U47/><E14/><AGARI ba="0,0" hai="14,17,18,22,23,24,52,55,79,81,85,91,93,98" machi="14" ten="30,5800,0" yaku="7,1,8,1,54,1" doraHai="35" who="3" fromWho="1" sc="214,0,205,-58,195,0,386,58" owari="214,1.4,147,-35.3,195,-20.5,444,54.4" /></mjloggm>