<mjloggm ver="2.3"><GO type="225" lobby="0"/><UN n0="%E5%8D%A0%E3%81%84%E5%B8%AB%E8%A3%8F%E3%81%AA%E3%81%84%E3%81%97" n1="%65%2D%73%65%70%65%6E%3B" n2="%E3%81%99%E3%81%84%E3%81%BE%E3%81%9B%E3%83%BC%E3%82%93" n3="%73%6C%69%63%6B%33%31%39" dan="16,16,17,16" rate="2163.48,2139.69,2257.65,2116.21" sx="M,M,M,M"/><TAIKYOKU oya="0"/><INIT seed="0,0,0,3,1,55" ten="250,250,250,250" oya="0" hai0="54,103,31,84,36,25,56,57,66,42,51,16,90" hai1="0,59,82,15,4,41,7,30,71,49,83,62,10" hai2="63,92,78,134,75,18,70,132,65,67,68,124,3" hai3="48,29,118,81,117,119,133,111,113,116,9,73,101"/><T110/><D36/><U52/><E30/><V107/><F107/><W104/><N who="3" m="29696" /><DORA hai="20" /><W129/><G113/><T126/><D126/><U100/><E100/><V130/><F3/><W47/><G111/><T14/><D110/><U12/><E71/><V13/><F124/><W64/><G133/><N who="2" m="51305" /><F130/><W37/><G37/><T61/><D103/><U5/><E0/><V6/><F6/><W98/><G9/><T125/><D125/><U72/><E72/><V95/><F67/><W112/><G112/><T39/><D39/><U46/><E15/><V69/><F95/><W43/><G129/><T120/><D42/><U94/><REACH who="1" step="1"/><E94/><REACH who="1" ten="250,240,250,250" step="2"/><V76/><F92/><W105/><G105/><T35/><D120/><U127/><E127/><V122/><F122/><W21/><G73/><T89/><REACH who="0" step="1"/><D84/><REACH who="0" ten="240,240,250,250" step="2"/><U96/><E96/><V23/><F75/><W135/><G98/><T108/><D108/><U121/><E121/><V50/><F70/><W1/><G135/><T44/><D44/><U2/><E2/><V93/><F69/><W88/><G47/><T109/><D109/><U34/><E34/><V97/><F68/><W45/><G45/><T24/><D24/><U26/><E26/><V102/><F97/><W77/><G1/><T38/><D38/><U128/><E128/><V85/><F102/><W8/><G101/><T22/><AGARI ba="0,2" hai="14,16,22,25,31,35,51,54,56,57,61,66,89,90" machi="22" ten="20,24000,3" yaku="1,1,0,1,7,1,52,3,54,1,53,2" doraHai="55,20" doraHaiUra="19,11" who="0" fromWho="0" sc="240,260,240,-80,250,-80,250,-80" /><INIT seed="0,1,0,3,2,67" ten="500,160,170,170" oya="0" hai0="49,109,101,72,2,85,133,66,111,119,110,41,29" hai1="17,19,5,3,102,79,21,103,90,76,56,73,63" hai2="55,131,15,80,92,35,107,68,9,58,62,100,13" hai3="16,69,74,122,135,128,40,11,87,117,38,54,59"/><T23/><D119/><U105/><E105/><V98/><F131/><W99/><G74/><T94/><D72/><U34/><E34/><V22/><F35/><W89/><G117/><T77/><D2/><U24/><E3/><V30/><F68/><W114/><G114/><T97/><D133/><U6/><E73/><V115/><F115/><W81/><G128/><T45/><D66/><N who="1" m="39271" /><E90/><V28/><F107/><W112/><G112/><T70/><D70/><U26/><E26/><V47/><F80/><W36/><G69/><T104/><D104/><U106/><E106/><V1/><F47/><W43/><G135/><T10/><D10/><U83/><E19/><N who="2" m="10607" /><F1/><W4/><G122/><T127/><D127/><U134/><E134/><V86/><F86/><W44/><G38/><T53/><D85/><N who="1" m="48359" /><E79/><V48/><F62/><W125/><G125/><T18/><D77/><U91/><E91/><V37/><F37/><W78/><G4/><AGARI ba="1,0" hai="4,5,6,17,21,24,102,103" m="48359,39271" machi="4" ten="30,1000,0" yaku="8,1" doraHai="67" who="1" fromWho="3" sc="500,0,160,13,170,0,170,-13" /><AGARI ba="1,0" hai="4,9,15,28,30,48,55,58,92,98,100" m="10607" machi="4" ten="30,1000,0" yaku="8,1" doraHai="67" who="2" fromWho="3" sc="500,0,173,0,170,10,157,-10" /><INIT seed="1,0,0,4,0,52" ten="500,173,180,147" oya="1" hai0="68,94,38,19,77,123,15,8,117,72,59,61,100" hai1="125,50,82,39,29,110,69,22,28,21,104,20,43" hai2="2,90,57,53,33,106,26,88,78,111,121,48,127" hai3="35,93,23,75,17,83,116,67,10,1,44,70,87"/><U24/><E39/><V16/><F121/><W108/><G35/><T13/><D117/><U102/><E69/><V89/><F111/><W60/><G108/><T5/><D38/><U112/><E110/><V62/><F127/><W11/><G116/><T45/><D68/><U47/><E112/><V135/><F135/><W79/><G1/><T134/><D134/><U80/><E125/><V128/><F2/><W0/><G0/><T46/><D77/><U49/><E104/><V36/><F36/><W7/><G7/><T3/><D72/><U34/><E102/><V27/><F106/><W107/><G107/><T55/><D3/><U133/><E133/><V76/><F128/><W14/><REACH who="3" step="1"/><G44/><REACH who="3" ten="500,173,180,137" step="2"/><T92/><D123/><U51/><E34/><V64/><F33/><W86/><G86/><T115/><D115/><U32/><E32/><V84/><F84/><W71/><G71/><T113/><D113/><U65/><E29/><V41/><F41/><W105/><G105/><T126/><D126/><U37/><E28/><V74/><F74/><W118/><G118/><T114/><D114/><U63/><REACH who="1" step="1"/><E24/><REACH who="1" ten="500,163,180,137" step="2"/><N who="2" m="9259" /><F16/><W132/><G132/><T31/><D31/><U18/><E18/><V131/><F131/><W129/><G129/><T40/><D19/><U119/><E119/><V54/><F48/><W58/><G58/><T101/><D59/><U103/><E103/><V4/><F4/><W130/><G130/><T85/><D5/><U99/><E99/><V96/><F96/><W122/><G122/><T66/><D101/><U95/><E95/><V6/><F6/><W12/><G12/><RYUUKYOKU ba="0,2" sc="500,-30,163,10,180,10,137,10" hai1="20,21,22,37,43,47,49,50,51,63,65,80,82" hai2="53,54,57,62,64,76,78,88,89,90" hai3="10,11,14,17,23,60,67,70,75,79,83,87,93" /><INIT seed="1,1,2,4,1,29" ten="470,173,190,147" oya="1" hai0="17,71,90,52,38,118,85,7,86,120,60,59,119" hai1="49,48,113,27,13,68,65,126,45,37,104,83,133" hai2="78,75,99,81,61,33,42,10,70,9,88,134,77" hai3="54,106,100,125,35,91,0,43,32,130,57,105,3"/><U84/><E113/><V124/><F33/><N who="3" m="12875" /><G91/><T31/><D31/><U30/><E104/><N who="3" m="40042" /><G100/><T34/><D34/><U108/><E37/><V47/><F124/><W102/><G102/><T87/><D38/><U131/><E126/><V76/><F134/><W93/><G93/><T63/><D120/><U73/><E133/><V103/><F75/><W67/><G125/><T69/><D7/><U22/><E73/><V55/><F103/><W24/><G24/><T19/><D85/><U121/><E121/><V72/><F72/><W92/><G92/><T2/><D90/><U40/><E65/><V20/><F20/><W14/><G14/><T6/><D6/><U128/><E68/><V56/><F70/><W96/><G96/><T122/><D122/><U53/><E13/><V23/><F23/><W28/><G28/><T26/><D26/><U21/><E21/><V50/><F99/><W132/><G132/><T95/><D95/><U97/><E97/><V16/><F16/><W4/><G67/><T111/><D19/><U112/><E112/><V127/><F127/><W62/><G130/><N who="1" m="49706" /><E84/><AGARI ba="1,2" hai="9,10,42,47,50,55,56,61,76,77,78,81,84,88" machi="84" ten="40,2600,0" yaku="8,1,54,1" doraHai="29" who="2" fromWho="1" sc="470,0,173,-29,190,49,147,0" /><INIT seed="2,0,0,0,1,18" ten="470,144,239,147" oya="2" hai0="72,3,87,8,77,71,101,26,88,43,5,50,69" hai1="120,86,51,60,40,83,56,14,0,46,59,64,34" hai2="52,2,38,73,117,29,134,42,19,95,116,94,74" hai3="129,53,118,91,4,126,28,25,107,65,12,57,114"/><V111/><F2/><W47/><G107/><T45/><D101/><U37/><E0/><V48/><F134/><W9/><G118/><T123/><D123/><U85/><E34/><V31/><F38/><W128/><G126/><T109/><D109/><U75/><E120/><V22/><F42/><W92/><G114/><T100/><D100/><U23/><E75/><V82/><F111/><W84/><G47/><T122/><D122/><U105/><E105/><V24/><F74/><W119/><G119/><T124/><D124/><U79/><E85/><V15/><F73/><W127/><G127/><T115/><D115/><U131/><E131/><V63/><F63/><W39/><G39/><N who="0" m="21759" /><D26/><U11/><E23/><N who="2" m="11775" /><F117/><W68/><G68/><T30/><D30/><N who="2" m="11274" /><F82/><W93/><G65/><T113/><D113/><U17/><REACH who="1" step="1"/><E37/><REACH who="1" ten="470,134,239,147" step="2"/><V130/><F130/><W121/><G121/><T81/><D50/><U135/><E135/><V16/><F116/><W58/><G129/><T36/><D36/><U98/><E98/><V1/><F1/><W96/><G128/><T99/><D99/><U6/><E6/><V90/><F90/><W106/><G106/><T49/><D49/><U70/><AGARI ba="0,1" hai="11,14,17,40,46,51,56,59,60,64,70,79,83,86" machi="70" ten="20,5200,0" yaku="1,1,0,1,7,1,53,1" doraHai="18" doraHaiUra="13" who="1" fromWho="1" sc="470,-13,134,62,239,-26,147,-13" /><INIT seed="3,0,0,1,4,87" ten="457,196,213,134" oya="3" hai0="101,81,86,128,77,28,70,121,23,30,8,107,72" hai1="117,83,3,22,115,29,49,108,26,82,67,11,56" hai2="2,5,79,51,31,109,93,34,133,61,9,36,41" hai3="55,18,129,84,114,53,78,44,112,85,118,120,7"/><W52/><G118/><T132/><D121/><U35/><E115/><V125/><F36/><W123/><G44/><T127/><D70/><U13/><E117/><V10/><F125/><W66/><G66/><T135/><D127/><U69/><E69/><V71/><F133/><N who="0" m="51274" /><D128/><U98/><E108/><V46/><F109/><W122/><G7/><T89/><D8/><U59/><E3/><V57/><F71/><W131/><G18/><T32/><D32/><U104/><E35/><V80/><F10/><W88/><G78/><T63/><D63/><N who="1" m="38375" /><E104/><V113/><F113/><N who="3" m="43627" /><G88/><T24/><D89/><U100/><E100/><V62/><F93/><W38/><G38/><T91/><D91/><U43/><E98/><V64/><F62/><W130/><AGARI ba="0,0" hai="52,53,55,84,85,120,122,123,129,130,131" m="43627" machi="130" ten="50,18000,2" yaku="29,2,28,2,19,1,54,1" doraHai="87" who="3" fromWho="3" sc="457,-60,196,-60,213,-60,134,180" /><INIT seed="3,1,0,3,2,58" ten="397,136,153,314" oya="3" hai0="101,31,38,45,35,60,81,110,127,129,29,111,130" hai1="71,125,104,19,3,14,65,24,120,88,114,107,124" hai2="96,52,8,97,126,85,54,133,11,69,41,66,119" hai3="72,67,77,36,87,135,64,86,121,50,0,109,82"/><W113/><G113/><T39/><D127/><N who="1" m="48715" /><E120/><V30/><F119/><W92/><G121/><T118/><D118/><U22/><E114/><V56/><F126/><W103/><G36/><N who="0" m="13867" /><D45/><U106/><E3/><V122/><F122/><W84/><G0/><T99/><D60/><N who="1" m="40359" /><E88/><V90/><F133/><W73/><G135/><T42/><D42/><U33/><E33/><V12/><F41/><W134/><G134/><T108/><D81/><U98/><E24/><V132/><F132/><W83/><G50/><T94/><D35/><U91/><E91/><V46/><F69/><W112/><G112/><T40/><D40/><U47/><E47/><V10/><F12/><W25/><G25/><T70/><D70/><U49/><E49/><N who="2" m="28727" /><F66/><W59/><G59/><T34/><D34/><U15/><E15/><V16/><F30/><AGARI ba="1,0" hai="29,30,31,94,99,101,108,110,111,129,130" m="13867" machi="30" ten="40,1300,0" yaku="14,1" doraHai="58" who="0" fromWho="2" sc="397,16,136,0,153,-16,314,0" owari="413,51.3,136,-36.4,137,-26.3,314,11.4" /></mjloggm>