<mjloggm ver="2.3"><GO type="225" lobby="0"/><UN n0="%48%61%61%61%6C%61%6E%64" n1="%E6%A1%9C%E8%8A%B1%E9%96%83%E3%80%85" n2="%4D%50%43%32%38%30%30" n3="%73%75%7A%75%6D%65%33" dan="17,18,16,16" rate="2266.76,2236.76,2196.95,2178.86" sx="M,M,M,M"/><TAIKYOKU oya="0"/><INIT seed="0,0,0,3,3,74" ten="250,250,250,250" oya="0" hai0="120,129,70,34,36,83,42,102,11,39,110,134,127" hai1="24,68,125,58,126,26,93,4,118,105,124,40,25" hai2="16,100,133,31,2,114,59,87,22,6,101,1,67" hai3="72,135,18,88,80,106,65,98,63,61,77,28,30"/><T62/><D120/><U49/><E118/><V51/><F114/><W95/><G135/><T122/><D122/><U8/><E105/><V35/><F133/><W5/><G5/><T78/><D134/><U121/><E121/><V73/><F73/><W47/><G106/><T94/><D34/><U90/><E68/><V37/><F37/><W38/><G61/><T86/><D127/><U19/><E19/><V32/><F35/><W85/><G18/><T115/><D115/><U76/><E40/><V111/><F111/><W79/><G38/><T10/><D129/><U96/><E76/><N who="3" m="29258" /><G72/><T55/><D110/><U66/><E49/><V23/><F6/><W56/><G47/><T12/><D39/><U117/><E117/><V45/><F2/><W7/><G7/><T92/><D62/><N who="1" m="38231" /><E24/><N who="2" m="16791" /><F1/><AGARI ba="0,0" hai="1,4,8,25,26,90,93,96,124,125,126" m="38231" machi="1" ten="30,1000,0" yaku="18,1" doraHai="74" who="1" fromWho="2" sc="250,0,250,10,250,-10,250,0" /><INIT seed="1,0,0,2,0,36" ten="250,260,240,250" oya="1" hai0="19,23,125,121,112,0,26,22,68,1,32,7,77" hai1="62,3,11,130,39,4,116,75,101,72,81,29,30" hai2="133,38,18,55,78,120,99,17,117,28,113,33,31" hai3="134,45,47,135,27,59,12,122,73,70,109,48,53"/><U64/><E116/><V93/><F117/><W15/><G122/><T61/><D112/><U25/><E130/><V16/><F120/><W14/><G70/><T127/><D121/><U105/><E39/><V96/><F113/><W44/><G73/><T56/><D68/><N who="1" m="42007" /><E30/><N who="2" m="11307" /><F38/><W50/><G27/><T37/><D32/><N who="1" m="20527" /><E81/><V107/><F107/><W71/><G71/><T43/><D23/><U69/><E69/><V126/><F126/><N who="0" m="48138" /><D77/><U76/><E76/><V60/><F133/><N who="3" m="50699" /><G109/><T58/><D7/><U97/><AGARI ba="0,0" hai="3,4,11,72,75,97,101,105" m="20527,42007" machi="97" ten="30,6000,0" yaku="25,1,33,2" doraHai="36" who="1" fromWho="1" sc="250,-20,260,60,240,-20,250,-20" /><INIT seed="1,1,0,0,2,88" ten="230,320,220,230" oya="1" hai0="3,80,31,17,128,62,78,97,1,46,98,29,133" hai1="69,66,32,47,116,123,33,107,11,73,38,111,124" hai2="56,74,58,15,76,117,125,106,28,26,92,51,68" hai3="49,77,30,37,85,72,102,57,120,67,103,101,61"/><U0/><E47/><V2/><F2/><W119/><G120/><T132/><D128/><U135/><E11/><V84/><F68/><W5/><G37/><T95/><D17/><U14/><E14/><V22/><F117/><W63/><G72/><T23/><D46/><U91/><E91/><V44/><F106/><W99/><G119/><T121/><D121/><U104/><E66/><V48/><F125/><W100/><G5/><T64/><D1/><U53/><E53/><V6/><F74/><W89/><G77/><T19/><D3/><U43/><E43/><N who="2" m="24607" /><F51/><W112/><G112/><T82/><D29/><U40/><E40/><V126/><F126/><W60/><G30/><T54/><D31/><U81/><E81/><N who="2" m="47143" /><F92/><N who="3" m="58471" /><G49/><T114/><D114/><U87/><E87/><V7/><F7/><W13/><G13/><T109/><D78/><U75/><E33/><V24/><F24/><W4/><G4/><T71/><D80/><AGARI ba="1,0" hai="57,60,61,63,67,80,85,89,101,102,103" m="58471" machi="80" ten="30,2000,0" yaku="8,1,52,1" doraHai="88" who="3" fromWho="0" sc="230,-23,320,0,220,0,230,23" /><INIT seed="2,0,0,1,2,135" ten="207,320,220,253" oya="2" hai0="39,113,75,15,78,11,125,63,104,42,46,32,76" hai1="57,27,19,69,105,7,66,61,92,52,17,38,124" hai2="1,116,58,29,95,30,18,96,9,127,81,55,28" hai3="10,91,20,22,72,129,47,83,107,40,133,123,5"/><V34/><F116/><W2/><G123/><T65/><D113/><U110/><E124/><V23/><F34/><W4/><G133/><T111/><D111/><U128/><E105/><V56/><F127/><W100/><G129/><T24/><D104/><U79/><E110/><V49/><F81/><W119/><G5/><T132/><D132/><U21/><E128/><V86/><F86/><W80/><G80/><T94/><D75/><U74/><E38/><V44/><F9/><W3/><G3/><T101/><D125/><U77/><E7/><V73/><F1/><W88/><G119/><T59/><D101/><U84/><E17/><V54/><F73/><W131/><G131/><T37/><D94/><U48/><E74/><V6/><F6/><W85/><G91/><T118/><D39/><U121/><E121/><V16/><F18/><W31/><G31/><T126/><D118/><U120/><E120/><V50/><F44/><W106/><G72/><T51/><D37/><U36/><E36/><V41/><F41/><W115/><G115/><T93/><D93/><U108/><E108/><V33/><F33/><W89/><G89/><T70/><D70/><U35/><E35/><V114/><F114/><W8/><G8/><T12/><D126/><U109/><E109/><V112/><F112/><W45/><G107/><T60/><D11/><U82/><E92/><V14/><F30/><W43/><G43/><T13/><REACH who="0" step="1"/><D63/><REACH who="0" ten="197,320,220,253" step="2"/><U90/><AGARI ba="0,1" hai="19,21,27,48,52,57,61,66,69,77,79,82,84,90" machi="90" ten="20,2700,0" yaku="0,1,7,1,54,1" doraHai="135" who="1" fromWho="1" sc="197,-7,320,37,220,-13,253,-7" /><INIT seed="3,0,0,2,1,76" ten="190,357,207,246" oya="3" hai0="15,17,11,55,62,129,30,24,9,71,54,85,81" hai1="49,25,90,42,130,121,77,127,61,95,20,46,8" hai2="107,44,28,110,21,5,2,19,102,94,78,40,106" hai3="83,7,98,39,59,26,114,34,53,99,70,22,50"/><W69/><G114/><T16/><D129/><U68/><E121/><V38/><F28/><W82/><G39/><T89/><D71/><U113/><E130/><V31/><F31/><W117/><G34/><T128/><D128/><U126/><E77/><V118/><F110/><W67/><G117/><T80/><D62/><U1/><E113/><V132/><F118/><W63/><G69/><T109/><D109/><U105/><E105/><V96/><F132/><W36/><G7/><T37/><D37/><U123/><E8/><V41/><F41/><W119/><G119/><T120/><D120/><U60/><E1/><V48/><F38/><W88/><G36/><T35/><D81/><N who="3" m="30729" /><G70/><T10/><D10/><U29/><E123/><V51/><F78/><W134/><G134/><T108/><D108/><U73/><E73/><V116/><F5/><W33/><G33/><T112/><D112/><U75/><E75/><V27/><F2/><W103/><G88/><T86/><D86/><N who="1" m="52695" /><E68/><V92/><F116/><W12/><G12/><AGARI ba="0,0" hai="9,11,12,15,16,17,24,30,35,54,55,80,85,89" machi="12" ten="40,5200,0" yaku="9,1,52,1,54,1" doraHai="76" who="0" fromWho="3" sc="190,52,357,0,207,0,246,-52" owari="242,4.2,357,45.7,207,-19.3,194,-30.6" /></mjloggm>