<mjloggm ver="2.3"><GO type="225" lobby="0"/><UN n0="%6B%75%7A%75%6E" n1="%E3%81%95%E3%81%8D%E3%81%9F%E3%81%BE%E6%9E%97%E6%AA%8E" n2="%E3%82%A2%E3%83%A1%E3%82%A2%E3%83%A9%E3%83%AC" n3="%E7%B4%94%E6%BD%94%E3%83%94%E3%83%A9%E3%83%8B%E3%82%A2" dan="17,16,16,16" rate="2174.00,2048.71,2157.41,2131.93" sx="M,M,M,M"/><TAIKYOKU oya="0"/><INIT seed="0,0,0,4,1,70" ten="250,250,250,250" oya="0" hai0="13,77,92,81,115,91,88,119,30,37,72,53,52" hai1="117,22,44,101,112,124,116,42,3,132,19,46,63" hai2="43,55,20,50,33,24,8,73,133,134,57,21,38" hai3="40,61,34,11,49,103,84,69,6,58,113,25,90"/><T110/><D115/><U83/><E3/><V96/><F73/><W66/><G103/><T118/><D30/><U47/><E132/><N who="2" m="50795" /><F8/><W80/><G113/><T120/><D120/><U36/><E124/><V23/><F96/><W10/><G10/><T26/><D26/><U89/><E112/><V97/><F97/><W12/><G25/><T2/><D2/><U62/><E101/><V128/><F128/><W31/><G34/><T45/><D110/><U71/><E89/><V108/><F108/><W54/><G40/><T51/><D91/><U35/><E35/><V109/><F109/><W93/><REACH who="3" step="1"/><G31/><REACH who="3" ten="250,250,250,240" step="2"/><T27/><D27/><U7/><E42/><V5/><F33/><W82/><AGARI ba="0,1" hai="6,11,12,49,54,58,61,66,69,80,82,84,90,93" machi="82" ten="30,4000,0" yaku="1,1,2,1,0,1,53,0" doraHai="70" doraHaiUra="18" who="3" fromWho="3" sc="250,-20,250,-10,250,-10,240,50" /><INIT seed="1,0,0,3,4,74" ten="230,240,240,290" oya="1" hai0="72,48,118,85,123,66,89,109,95,13,40,93,105" hai1="69,70,122,125,82,134,80,99,12,98,54,111,17" hai2="29,60,128,47,78,25,127,64,19,112,90,51,73" hai3="88,53,7,126,63,115,117,1,110,131,36,108,45"/><U67/><E122/><V129/><F127/><W2/><G115/><T39/><D118/><U65/><E125/><V6/><F112/><W46/><G126/><T9/><D109/><N who="3" m="42089" /><G117/><T49/><D105/><U23/><E111/><V28/><F6/><W106/><G106/><T92/><D72/><U37/><E37/><V3/><F3/><N who="3" m="1035" /><G7/><T86/><D123/><U18/><E134/><V113/><F90/><W114/><G36/><T57/><D39/><U10/><E70/><V4/><F4/><W31/><G31/><T32/><D32/><U121/><E69/><V14/><F29/><W50/><G63/><T87/><D40/><U104/><E104/><V26/><F113/><W102/><G102/><T107/><D107/><U124/><E124/><V97/><F28/><W27/><G27/><T8/><D89/><U132/><E132/><V68/><F26/><W75/><G75/><T35/><D35/><U76/><E121/><V34/><F25/><W58/><G131/><T96/><D96/><N who="1" m="36907" /><E54/><V56/><F97/><W133/><G133/><T61/><REACH who="0" step="1"/><D13/><REACH who="0" ten="220,240,240,290" step="2"/><N who="1" m="7351" /><E82/><V62/><F34/><W55/><G114/><T38/><D38/><U81/><E80/><N who="2" m="45135" /><F128/><W33/><G33/><T43/><D43/><U103/><E103/><V52/><F129/><W30/><G30/><T16/><D16/><U21/><E21/><V11/><F19/><W20/><G20/><T15/><D15/><U44/><E12/><V83/><F14/><W100/><G100/><T101/><D101/><U77/><E81/><V24/><F83/><W119/><G119/><T22/><D22/><U116/><E23/><RYUUKYOKU ba="0,1" sc="220,30,240,-10,240,-10,290,-10" hai0="8,9,48,49,57,61,66,85,86,87,92,93,95" /><INIT seed="2,1,1,3,5,1" ten="250,230,230,280" oya="2" hai0="44,92,57,59,124,84,25,19,70,109,106,47,4" hai1="101,53,40,119,91,85,89,131,99,65,49,93,29" hai2="7,112,107,67,130,22,14,81,50,21,77,30,134" hai3="117,11,58,52,83,2,129,64,35,42,48,37,133"/><V28/><F112/><W62/><G117/><T32/><D106/><U127/><E119/><V33/><F107/><W5/><G35/><T54/><D70/><U41/><E131/><V17/><F134/><W51/><G129/><T88/><D109/><U12/><E127/><V113/><F113/><W100/><G100/><T55/><D124/><U9/><E65/><V75/><F33/><W18/><G133/><T132/><D132/><U43/><E29/><V104/><F104/><W108/><G108/><T38/><D38/><U90/><E85/><V120/><F120/><W26/><G26/><T6/><D32/><U135/><E135/><V56/><F130/><W97/><G97/><T0/><D0/><U31/><E31/><V61/><F7/><N who="0" m="2602" /><D57/><U71/><E71/><V79/><F79/><W66/><G18/><T118/><D118/><U116/><E116/><V69/><REACH who="2" step="1"/><F22/><REACH who="2" ten="250,230,220,280" step="2"/><W45/><G5/><T46/><D59/><N who="1" m="33199" /><E9/><V16/><F16/><W95/><G11/><T125/><D125/><U39/><E39/><V110/><F110/><W82/><G2/><T111/><D111/><U73/><E73/><V36/><F36/><W72/><G72/><T76/><D76/><U122/><E122/><V8/><F8/><W103/><G37/><T94/><D92/><U128/><E128/><V10/><F10/><W86/><G95/><T15/><D15/><AGARI ba="1,2" hai="12,15,40,41,43,89,90,91,93,99,101" m="33199" machi="15" ten="30,1000,0" yaku="8,1" doraHai="1" who="1" fromWho="0" sc="250,-13,230,33,220,0,280,0" /><INIT seed="3,0,0,4,1,31" ten="237,263,220,280" oya="3" hai0="102,67,49,28,20,115,60,104,61,95,128,84,96" hai1="129,88,83,53,23,0,43,118,89,131,76,47,91" hai2="99,25,116,44,8,7,110,70,2,15,17,29,107" hai3="72,37,125,132,63,112,30,103,26,123,114,1,92"/><W45/><G123/><T124/><D124/><U11/><E118/><V100/><F110/><W14/><G125/><T113/><D128/><N who="1" m="49227" /><E53/><V73/><F116/><W90/><G1/><T65/><D49/><N who="1" m="26879" /><E23/><V119/><F119/><W9/><G72/><T109/><D109/><U40/><E40/><V97/><F73/><W38/><G103/><T3/><D3/><U33/><E11/><V64/><F44/><W130/><G63/><T133/><D104/><U34/><E0/><V87/><F99/><W126/><G132/><T46/><D46/><U4/><E4/><V27/><F87/><AGARI ba="0,0" hai="33,34,76,83,87,88,89,91" m="26879,49227" machi="87" ten="30,7700,0" yaku="19,1,52,2,54,1" doraHai="31" who="1" fromWho="2" sc="237,0,263,77,220,-77,280,0" owari="237,-16.3,340,44.0,143,-35.7,280,8.0" /></mjloggm>