<mjloggm ver="2.3"><GO type="225" lobby="0"/><UN n0="%E3%81%BF%E3%81%BF%E3%81%9A" n1="%E7%BD%AA%E5%88%91%E6%B3%95%E5%AE%9A%E4%B8%BB%E7%BE%A9" n2="%E6%AB%BB%E4%BA%95%E5%A5%8F" n3="%E6%B4%BE%E9%81%A3%E3%81%AE%E3%82%B8%E3%83%A3%E3%83%83%E3%82%AF" dan="17,16,17,17" rate="2191.92,2170.11,2198.27,2244.37" sx="M,M,M,M"/><TAIKYOKU oya="0"/><INIT seed="0,0,0,3,4,92" ten="250,250,250,250" oya="0" hai0="99,60,78,94,116,2,18,55,131,96,41,66,69" hai1="128,37,11,62,89,13,68,133,80,44,52,19,31" hai2="24,82,104,103,85,51,86,10,58,59,9,16,65" hai3="132,45,50,63,64,113,0,46,14,130,74,17,124"/><T76/><D116/><U121/><E121/><V21/><F85/><W114/><G0/><T126/><D126/><U88/><E133/><V127/><F127/><W106/><G74/><T101/><D2/><U105/><E105/><V87/><F86/><W77/><G77/><T38/><D131/><U22/><E128/><V57/><F65/><W6/><G6/><T36/><D18/><U95/><E37/><V111/><F111/><W49/><G124/><T75/><D75/><U109/><E109/><V4/><F104/><W23/><G106/><T119/><D119/><U33/><E33/><V115/><F103/><W48/><G132/><T81/><D81/><U73/><E73/><V134/><F115/><W39/><G130/><T54/><D99/><U112/><E112/><V15/><F134/><W90/><G46/><T122/><D122/><U100/><E68/><V72/><F72/><W110/><G110/><T70/><D70/><U20/><E31/><V79/><F9/><W1/><G1/><T93/><D93/><U25/><E25/><V43/><F58/><N who="3" m="36983" /><G114/><T34/><D34/><U26/><E26/><V53/><F53/><N who="0" m="19978" /><D36/><U102/><E80/><V7/><REACH who="2" step="1"/><F4/><REACH who="2" ten="250,250,240,250" step="2"/><W117/><G113/><T32/><D78/><U71/><E71/><V42/><F42/><N who="3" m="22751" /><G117/><T35/><D76/><U47/><E102/><V123/><F123/><W83/><G90/><N who="1" m="34922" /><E47/><AGARI ba="0,1" hai="7,10,15,16,21,24,43,47,51,57,59,79,82,87" machi="47" ten="40,8000,1" yaku="1,1,25,2,8,1,54,1,53,0" doraHai="92" doraHaiUra="97" who="2" fromWho="1" sc="250,0,250,-80,240,90,250,0" /><INIT seed="1,0,0,2,1,94" ten="250,170,330,250" oya="1" hai0="101,24,69,44,93,51,13,40,62,81,67,107,15" hai1="8,33,31,88,134,19,99,85,16,76,60,21,63" hai2="55,79,116,29,3,27,121,23,39,103,112,1,17" hai3="5,123,0,46,115,38,90,110,36,66,58,82,49"/><U78/><E134/><V100/><F116/><W37/><G123/><T127/><D127/><U43/><E33/><V61/><F39/><W25/><G115/><T45/><D107/><U95/><E43/><V133/><F121/><W109/><G25/><T125/><D125/><U87/><E31/><V105/><F133/><W128/><G128/><T80/><D24/><N who="1" m="14375" /><E8/><V114/><F79/><N who="1" m="30249" /><E19/><V77/><F77/><W73/><G5/><T10/><D15/><U131/><E131/><V84/><F29/><W26/><G26/><T53/><D101/><N who="1" m="60671" /><E87/><V6/><F84/><N who="3" m="50455" /><G73/><T14/><D93/><AGARI ba="0,0" hai="60,63,85,88,93" m="60671,30249,14375" machi="93" ten="30,11600,0" yaku="8,1,52,1,54,2" doraHai="94" who="1" fromWho="0" sc="250,-116,170,116,330,0,250,0" /><INIT seed="1,1,0,0,5,39" ten="134,286,330,250" oya="1" hai0="25,90,111,50,81,105,110,75,128,1,70,122,11" hai1="32,31,79,96,42,107,102,127,104,48,5,20,84" hai2="19,80,26,60,94,120,89,126,16,97,23,24,37" hai3="100,73,9,116,82,43,12,51,71,93,119,65,54"/><U132/><E132/><V4/><F37/><W130/><G130/><T88/><D70/><U27/><E127/><V15/><F126/><W62/><G100/><T34/><D128/><U36/><E36/><V99/><F120/><W61/><G93/><T95/><D105/><U106/><E5/><V123/><F123/><W28/><G28/><N who="0" m="19727" /><D122/><U38/><E38/><V125/><F125/><W44/><G82/><T92/><D50/><U86/><E32/><V114/><F114/><W85/><G85/><N who="0" m="50223" /><D75/><U77/><E86/><V76/><F4/><W49/><G73/><T108/><D90/><U109/><E109/><N who="0" m="27905" /><T55/><DORA hai="117" /><D55/><U0/><E0/><V47/><F60/><W66/><G12/><T33/><D33/><U124/><E124/><V118/><F118/><N who="3" m="45099" /><G9/><T72/><D72/><U135/><E135/><V133/><F133/><W10/><G10/><T134/><D134/><U64/><E64/><N who="3" m="24682" /><G71/><T78/><D78/><U18/><E79/><V2/><F76/><W35/><G35/><T57/><D57/><AGARI ba="1,0" hai="43,44,49,51,54,57,61,62" m="24682,45099" machi="57" ten="30,7700,0" yaku="12,1,34,2,52,1" doraHai="39,117" who="3" fromWho="0" sc="134,-80,286,0,330,0,250,80" /><INIT seed="2,0,0,1,3,53" ten="54,286,330,330" oya="2" hai0="64,72,83,101,9,6,134,73,42,78,135,30,51" hai1="12,38,1,56,117,92,124,20,19,115,33,35,17" hai2="58,84,68,94,44,24,4,13,7,103,80,96,50" hai3="21,75,102,97,113,69,15,105,3,127,85,121,100"/><V71/><F24/><W23/><G3/><T18/><D101/><U95/><E115/><V48/><F68/><W40/><G69/><T126/><D30/><U125/><E38/><V81/><F71/><W46/><G75/><T16/><D64/><U65/><E1/><V89/><F81/><W120/><G127/><N who="1" m="48714" /><E117/><V63/><F13/><W118/><G118/><T28/><D28/><U109/><E109/><V107/><F107/><W119/><G119/><T11/><D126/><U110/><E110/><V5/><REACH who="2" step="1"/><F44/><REACH who="2" ten="54,286,320,330" step="2"/><W111/><G15/><N who="0" m="5559" /><D72/><U0/><E0/><V129/><F129/><W45/><G105/><T104/><D104/><U26/><E95/><V43/><F43/><W55/><G40/><T123/><D123/><U32/><E92/><V2/><F2/><W116/><G116/><T79/><D79/><U39/><E39/><V52/><AGARI ba="0,1" hai="4,5,7,48,50,52,58,63,80,84,89,94,96,103" machi="52" ten="30,12000,1" yaku="1,1,0,1,8,1,52,1,54,1,53,0" doraHai="53" doraHaiUra="36" who="2" fromWho="2" sc="54,-40,286,-40,320,130,330,-40" /><INIT seed="2,1,0,4,5,77" ten="14,246,450,290" oya="2" hai0="59,127,58,12,118,26,102,89,35,21,93,85,82" hai1="115,74,76,13,34,1,54,9,94,123,8,98,27" hai2="83,124,78,126,75,22,131,15,49,2,24,19,80" hai3="4,67,71,10,36,117,128,70,66,84,135,55,96"/><V79/><F2/><W103/><G36/><T97/><D127/><N who="2" m="48682" /><F131/><W104/><G117/><T5/><D118/><U113/><E123/><V106/><F106/><W73/><G73/><T43/><D35/><U44/><E1/><V108/><F108/><W133/><G128/><T111/><D111/><U3/><E3/><V41/><F41/><W53/><G84/><T48/><D5/><U63/><E9/><V86/><F49/><W134/><G67/><T45/><REACH who="0" step="1"/><D12/><AGARI ba="1,0" hai="12,15,19,22,24,75,78,79,80,83,86" m="48682" machi="12" ten="30,5800,0" yaku="18,1,52,2" doraHai="77" who="2" fromWho="0" sc="14,-61,246,0,450,61,290,0" owari="-47,-54.7,246,-15.4,511,61.1,290,9.0" /></mjloggm>