<mjloggm ver="2.3"><GO type="225" lobby="0"/><UN n0="%43%68%65" n1="%E3%81%82%E3%82%93%E3%81%AA%E3%81%A4" n2="%33%74%72%65%65" n3="%45%6C%79%73%69%75%6D" dan="16,16,17,17" rate="2165.28,2122.62,2152.80,2118.47" sx="M,M,F,F"/><TAIKYOKU oya="0"/><INIT seed="0,0,0,2,3,68" ten="250,250,250,250" oya="0" hai0="19,131,49,42,37,78,116,107,135,88,22,66,58" hai1="39,21,52,99,108,70,44,18,73,121,128,117,67" hai2="113,56,34,13,83,124,86,127,80,40,105,123,11" hai3="133,90,103,57,129,61,115,35,50,45,82,134,110"/><T30/><D116/><U112/><E117/><V132/><F123/><W51/><G115/><T24/><D107/><U10/><E121/><V9/><F113/><W31/><G129/><T120/><D120/><U4/><E73/><V64/><F34/><W130/><G130/><T119/><D119/><U59/><E128/><V32/><F32/><W111/><G103/><T79/><D131/><U38/><E112/><V87/><F105/><W0/><G0/><T53/><D135/><N who="3" m="51721" /><G31/><T95/><D66/><U26/><E99/><V2/><F2/><W71/><G35/><T85/><REACH who="0" step="1"/><D30/><REACH who="0" ten="240,250,250,250" step="2"/><U122/><E122/><V25/><F132/><W76/><G110/><T63/><D63/><U27/><E108/><V28/><F28/><W84/><G111/><T17/><D17/><U7/><E67/><V69/><F64/><W102/><G61/><T74/><D74/><U14/><E70/><V5/><F69/><W55/><G71/><T41/><D41/><U48/><E4/><V46/><F40/><N who="3" m="24871" /><G102/><T91/><D91/><AGARI ba="0,1" hai="51,55,57,76,82,84,90,91" m="24871,51721" machi="91" ten="30,1000,0" yaku="20,1" doraHai="68" who="3" fromWho="0" sc="240,-10,250,0,250,0,250,20" /><INIT seed="1,0,0,3,1,48" ten="230,250,250,270" oya="1" hai0="32,127,131,54,106,100,20,71,26,96,58,98,7" hai1="25,34,74,105,15,38,30,44,39,120,10,52,17" hai2="79,62,86,109,103,1,134,90,82,135,14,31,41" hai3="27,102,6,36,99,24,132,70,59,45,56,46,11"/><U9/><E120/><V29/><F1/><W67/><G132/><N who="2" m="50729" /><F109/><W87/><G87/><T40/><D71/><U12/><E74/><V37/><F103/><W88/><G70/><T115/><D115/><U28/><E105/><V68/><F14/><W61/><G56/><T112/><D112/><U119/><E30/><V125/><F125/><W72/><G72/><T81/><D32/><U113/><E119/><V5/><F5/><W95/><G102/><T122/><D122/><U91/><E91/><V85/><F41/><W117/><G117/><T13/><D40/><U124/><E124/><V121/><F37/><W111/><G111/><T23/><D131/><U133/><E133/><V118/><F118/><W18/><G36/><T84/><D127/><U73/><E73/><V22/><F22/><W126/><G126/><T16/><D100/><U128/><E128/><V2/><F2/><W107/><G107/><T110/><D106/><U116/><E116/><V33/><F33/><W63/><G63/><N who="0" m="36311" /><D110/><U65/><E113/><V66/><F121/><W3/><REACH who="3" step="1"/><G18/><REACH who="3" ten="230,250,250,260" step="2"/><N who="0" m="12567" /><D7/><N who="1" m="3135" /><E38/><V47/><F47/><AGARI ba="0,1" hai="3,6,11,24,27,45,46,47,59,61,67,88,95,99" machi="47" ten="40,5200,0" yaku="1,1,54,1,53,1" doraHai="48" doraHaiUra="4" who="3" fromWho="2" sc="230,0,250,0,250,-52,260,62" /><INIT seed="2,0,0,2,0,13" ten="230,250,198,322" oya="2" hai0="0,112,16,14,131,17,8,108,102,79,121,37,86" hai1="70,45,134,40,38,107,114,39,7,100,46,82,22" hai2="25,76,26,128,48,113,95,56,50,28,10,3,118" hai3="52,87,132,98,24,104,122,58,125,78,68,73,123"/><V43/><F113/><W81/><G68/><T127/><D112/><U92/><E114/><V67/><F118/><W1/><G1/><T115/><D115/><U27/><E134/><V34/><F128/><W91/><G132/><T120/><D0/><U105/><E70/><V49/><F76/><W94/><G24/><T62/><D37/><U15/><E82/><V97/><F26/><W101/><G125/><T35/><D35/><U109/><E109/><V65/><F43/><W60/><AGARI ba="0,0" hai="52,58,60,73,78,81,87,91,94,98,101,104,122,123" machi="60" ten="20,8000,1" yaku="0,1,7,1,24,2,54,1" doraHai="13" who="3" fromWho="3" sc="230,-20,250,-20,198,-40,322,80" /><INIT seed="3,0,0,1,4,36" ten="210,230,158,402" oya="3" hai0="3,37,129,61,64,130,72,42,121,17,32,134,10" hai1="100,33,53,26,24,55,7,62,102,69,28,99,38" hai2="98,29,75,131,73,48,8,0,95,83,96,77,22" hai3="81,65,58,86,122,31,127,133,18,123,104,116,108"/><W11/><G18/><T70/><D121/><U45/><E7/><V94/><F131/><N who="0" m="50186" /><D134/><U113/><E24/><V56/><F73/><W97/><G58/><T19/><D32/><U107/><E102/><V63/><F0/><W12/><G86/><T90/><D72/><U135/><E113/><V15/><F98/><W84/><G31/><T101/><D101/><U92/><E92/><V118/><F118/><W4/><G12/><T85/><D3/><U43/><E135/><V44/><F96/><W50/><G97/><T46/><D10/><U6/><E6/><V71/><F71/><W74/><G65/><AGARI ba="0,0" hai="26,28,33,38,43,45,53,55,62,65,69,99,100,107" machi="65" ten="40,5200,0" yaku="25,2,52,1" doraHai="36" who="1" fromWho="3" sc="210,0,230,52,158,0,402,-52" owari="210,-19.0,282,8.2,158,-34.2,350,45.0" /></mjloggm>