<mjloggm ver="2.3"><GO type="225" lobby="0"/><UN n0="%E5%B8%86%E7%AB%8B%E5%A4%8F%E8%A1%A3" n1="%E3%83%8F%E3%82%AC%E3%82%BF%E3%82%AB%E3%81%AE%E3%81%88%E3%81%98%E3%81%8D" n2="%E5%8D%A0%E3%81%84%E5%B8%AB%E8%A3%8F%E3%81%AA%E3%81%84%E3%81%97" n3="%6D%75%75%73%61%6E%6D%75" dan="16,17,17,17" rate="2192.65,2168.57,2238.75,2149.87" sx="M,M,M,F"/><TAIKYOKU oya="0"/><INIT seed="0,0,0,2,4,105" ten="250,250,250,250" oya="0" hai0="2,36,93,97,116,48,43,131,95,23,78,74,127" hai1="22,120,5,46,9,28,126,122,56,132,61,67,26" hai2="51,29,64,104,124,71,11,90,112,60,94,121,66" hai3="125,99,84,82,81,69,134,54,49,77,44,8,38"/><T88/><D116/><U53/><E126/><V129/><F121/><W45/><G125/><T12/><D127/><U98/><E132/><V50/><F104/><W100/><G134/><T70/><D70/><U123/><E98/><V13/><F124/><W16/><G69/><T37/><D2/><U114/><E114/><V24/><F129/><W118/><G118/><T18/><D131/><U135/><E135/><V41/><F66/><W47/><G38/><T89/><D48/><U103/><E103/><V1/><F41/><W108/><G81/><T87/><REACH who="0" step="1"/><D43/><REACH who="0" ten="240,250,250,250" step="2"/><U110/><E110/><V25/><F1/><W86/><G108/><T106/><D106/><U63/><E46/><V3/><F3/><W42/><G42/><T109/><D109/><U96/><E122/><V14/><F50/><W17/><G47/><T20/><D20/><U73/><E120/><V57/><F51/><W76/><G45/><T111/><D111/><U72/><E123/><V133/><F71/><W85/><G8/><T75/><D75/><U79/><E72/><V7/><F133/><W130/><G130/><T65/><D65/><U52/><E67/><V40/><F40/><W34/><G34/><T59/><D59/><U0/><E61/><V39/><F57/><W101/><G44/><T115/><D115/><U33/><E53/><V128/><F64/><W32/><G32/><T102/><D102/><U92/><E33/><V19/><F128/><W113/><G101/><T119/><D119/><U58/><E58/><V117/><F112/><W15/><G113/><T83/><AGARI ba="0,1" hai="12,18,23,36,37,74,78,83,87,88,89,93,95,97" machi="83" ten="30,11700,0" yaku="1,1,0,1,52,1,54,1,53,0" doraHai="105" doraHaiUra="21" who="0" fromWho="0" sc="240,127,250,-39,250,-39,250,-39" /><INIT seed="0,1,0,5,5,71" ten="367,211,211,211" oya="0" hai0="121,22,40,9,117,41,60,32,59,42,82,68,8" hai1="98,10,51,90,110,21,104,61,108,49,55,19,122" hai2="105,89,92,128,67,116,45,27,91,48,106,20,47" hai3="131,123,5,103,39,14,24,84,43,81,34,44,102"/><T30/><D117/><U100/><E122/><V77/><F116/><W17/><G123/><T111/><D121/><U29/><E29/><V127/><F128/><W37/><G131/><T133/><D32/><U1/><E90/><V115/><F115/><W23/><G39/><T88/><D68/><U56/><E1/><V78/><F127/><W13/><G34/><T62/><D133/><U63/><E10/><N who="0" m="4201" /><D111/><N who="1" m="42539" /><E63/><N who="0" m="24105" /><D59/><U86/><E86/><V125/><F125/><W53/><G53/><T112/><D112/><U50/><E61/><V132/><F132/><W69/><G69/><T73/><D73/><U38/><E38/><V4/><F48/><W75/><G75/><T97/><D82/><U83/><E83/><V65/><F20/><W74/><G74/><T33/><D33/><U35/><E35/><V36/><F36/><W58/><G58/><T130/><D130/><U52/><E56/><V95/><F4/><W135/><G135/><T124/><D124/><U7/><E7/><V54/><F54/><W96/><G5/><T120/><D120/><U76/><E76/><V93/><F92/><W99/><G99/><T28/><D22/><U101/><E101/><V15/><F15/><AGARI ba="1,0" hai="15,19,21,49,50,51,52,55,98,100,104" m="42539" machi="15" ten="30,2000,0" yaku="14,1,54,1" doraHai="71" who="1" fromWho="2" sc="367,0,211,23,211,-23,211,0" /><INIT seed="1,0,0,5,0,106" ten="367,234,188,211" oya="1" hai0="24,9,115,57,130,58,65,96,95,119,77,74,118" hai1="127,13,79,56,43,38,32,41,49,59,45,110,55" hai2="34,33,22,98,88,28,78,2,87,44,104,14,113" hai3="125,89,92,101,72,42,108,122,15,82,109,131,47"/><U85/><E32/><V25/><F2/><W116/><G122/><T99/><D115/><U117/><E117/><V50/><F113/><W120/><G120/><T40/><D40/><U31/><E31/><V103/><F14/><W5/><G116/><T66/><D95/><U61/><E127/><V10/><F10/><W135/><G125/><T114/><D77/><U71/><E13/><V124/><F78/><W86/><G131/><T97/><D97/><U133/><E85/><V60/><F60/><W90/><G135/><T35/><D35/><U54/><E79/><V83/><REACH who="2" step="1"/><F124/><REACH who="2" ten="367,234,178,211" step="2"/><W123/><G15/><T121/><D9/><U129/><E133/><V29/><F29/><W93/><G5/><T19/><D114/><U134/><E134/><V8/><F8/><W51/><G123/><T3/><D121/><U69/><E129/><V7/><F7/><W11/><G11/><T63/><D130/><U52/><E110/><V102/><F102/><W17/><G101/><T75/><D3/><U80/><E61/><V73/><F73/><W94/><G72/><T21/><D63/><U4/><E4/><V76/><F76/><N who="3" m="46407" /><G17/><T100/><D100/><U12/><E12/><V112/><F112/><W1/><G1/><T37/><D19/><U84/><E71/><V70/><F70/><W67/><G67/><T105/><D24/><U48/><E69/><V46/><F46/><W91/><G108/><T132/><D132/><U53/><E38/><V68/><F68/><W30/><G109/><T6/><D6/><U39/><E39/><V27/><F27/><W0/><G0/><RYUUKYOKU ba="0,1" sc="367,-15,234,-15,178,15,211,15" hai2="22,25,28,33,34,44,50,83,87,88,98,103,104" hai3="30,42,47,51,89,90,91,92,93,94" /><INIT seed="2,1,1,3,4,34" ten="352,219,193,226" oya="2" hai0="127,118,54,108,135,17,58,125,69,116,41,62,102" hai1="96,117,63,83,30,38,93,120,119,92,22,57,91" hai2="72,33,49,84,61,64,94,39,95,8,51,82,25" hai3="11,126,56,113,132,130,129,66,45,99,75,128,89"/><V26/><F39/><W14/><G75/><T123/><D108/><U0/><E38/><V103/><F72/><W50/><G126/><N who="0" m="48139" /><D123/><U133/><E120/><V9/><F33/><W67/><G132/><T79/><D135/><U44/><E133/><V111/><F111/><W43/><G113/><T18/><D79/><U77/><E44/><V21/><F26/><W100/><G89/><T6/><D6/><U29/><E0/><V101/><F94/><W121/><G56/><T134/><D134/><U31/><E93/><V86/><F49/><W131/><G121/><T28/><D28/><U36/><E36/><V90/><F51/><W60/><N who="3" m="32768" /><DORA hai="47" /><W3/><G60/><N who="0" m="35927" /><D102/><N who="2" m="38922" /><F61/><W76/><G76/><T15/><D41/><U55/><REACH who="1" step="1"/><E22/><REACH who="1" ten="352,209,193,226" step="2"/><V85/><F64/><W37/><G3/><T104/><D104/><U105/><E105/><V81/><F95/><N who="3" m="58495" /><G37/><T68/><D118/><U71/><E71/><V124/><F124/><W27/><G27/><T1/><D116/><U106/><E106/><V53/><F53/><W107/><G107/><T13/><D1/><U20/><E20/><V5/><F81/><W59/><G59/><T97/><D69/><U73/><AGARI ba="1,2" hai="29,30,31,55,57,63,73,77,83,91,92,96,117,119" machi="73" ten="30,8000,1" yaku="1,1,0,1,53,3" doraHai="34,47" doraHaiUra="24,16" who="1" fromWho="1" sc="352,-21,209,103,193,-41,226,-21" /><INIT seed="3,0,0,2,4,135" ten="331,312,152,205" oya="3" hai0="35,106,118,18,73,54,69,49,115,40,112,84,3" hai1="23,94,12,127,7,16,28,93,65,55,60,10,133" hai2="11,78,61,9,86,68,107,104,5,62,125,67,121" hai3="50,101,96,131,76,59,2,48,109,72,36,53,33"/><W1/><G36/><T24/><D69/><U14/><E133/><V43/><F121/><W25/><G131/><T91/><D73/><U4/><E127/><V95/><F125/><W47/><G72/><T74/><D74/><U20/><E65/><V98/><F11/><W71/><G76/><T129/><D106/><U119/><E119/><V52/><F43/><W79/><G79/><T122/><D3/><U134/><E134/><V26/><F26/><W30/><G71/><T66/><D66/><U116/><E116/><V70/><F86/><W85/><G85/><T34/><D118/><U63/><E7/><V51/><F78/><W37/><G37/><T124/><D124/><U102/><E102/><V15/><F62/><N who="1" m="23593" /><E55/><V88/><REACH who="2" step="1"/><F68/><REACH who="2" ten="331,312,142,205" step="2"/><W56/><G25/><AGARI ba="0,1" hai="4,10,12,14,16,20,23,25,28,93,94" m="23593" machi="25" ten="30,2000,0" yaku="8,1,54,1" doraHai="135" who="1" fromWho="3" sc="331,0,312,30,142,0,205,-20" owari="331,13.1,342,44.2,142,-35.8,185,-21.5" /></mjloggm>