<mjloggm ver="2.3"><GO type="225" lobby="0"/><UN n0="%E7%B4%94%E6%BD%94%E3%83%94%E3%83%A9%E3%83%8B%E3%82%A2" n1="%E9%B3%B3%E6%9D%B1%E3%81%AE%E3%81%86%E3%81%95%E3%81%8E%E3%81%95%E3%82%93" n2="%6E%69%63%6B%6C%6F%77" n3="%E3%81%82%E3%81%99%E3%81%AB%E3%82%83%E3%82%80" dan="17,17,16,16" rate="2252.71,2260.89,2124.27,2084.30" sx="M,M,M,F"/><TAIKYOKU oya="0"/><INIT seed="0,0,0,2,2,31" ten="250,250,250,250" oya="0" hai0="57,59,75,95,111,106,42,102,99,72,103,108,54" hai1="68,110,119,15,36,92,25,116,62,93,115,134,19" hai2="61,16,135,129,21,1,124,130,5,70,17,105,133" hai3="52,118,46,20,79,125,6,128,90,85,82,66,13"/><T43/><D106/><U10/><E36/><V74/><F61/><W109/><G118/><T34/><D54/><U56/><E68/><V39/><F74/><W27/><G109/><N who="0" m="42059" /><D102/><U30/><E110/><V7/><F39/><W64/><G128/><N who="2" m="49257" /><F70/><W49/><G125/><T60/><D72/><U84/><E134/><N who="2" m="51211" /><F105/><W2/><G2/><T113/><D113/><U126/><E126/><V51/><F51/><W55/><G55/><N who="0" m="33855" /><D59/><U58/><E115/><V63/><F63/><W104/><G104/><T122/><D122/><U44/><E44/><V53/><F53/><W120/><G120/><T123/><D75/><U96/><E58/><V35/><F124/><W77/><G66/><T67/><D67/><U23/><E56/><V71/><F71/><W101/><G101/><T40/><D123/><U11/><E62/><V114/><F114/><W0/><G0/><T94/><D94/><U24/><E92/><V41/><F41/><W9/><REACH who="3" step="1"/><G64/><REACH who="3" ten="250,250,250,240" step="2"/><T131/><D131/><U88/><E119/><V48/><F1/><W12/><G12/><T127/><D127/><U86/><E116/><V33/><F48/><W3/><G3/><T73/><D73/><U18/><REACH who="1" step="1"/><E10/><REACH who="1" ten="250,240,250,240" step="2"/><V132/><F132/><W91/><G91/><T50/><D50/><U22/><AGARI ba="0,2" hai="11,15,18,19,22,23,24,25,30,84,86,88,93,96" machi="22" ten="20,12000,2" yaku="1,1,2,1,0,1,7,1,8,1,54,1,53,0" doraHai="31" doraHaiUra="98" who="1" fromWho="1" sc="250,-60,240,140,250,-30,240,-30" /><INIT seed="1,0,0,5,1,47" ten="190,380,220,210" oya="1" hai0="1,10,110,127,64,95,21,103,22,0,72,48,118" hai1="6,88,45,34,109,94,98,99,71,70,90,59,128" hai2="55,5,119,111,83,124,131,117,12,38,75,15,93" hai3="82,68,92,112,40,73,27,17,116,134,114,76,87"/><U42/><E128/><V9/><F111/><W101/><G68/><T33/><D72/><U39/><E34/><V96/><F124/><W74/><G40/><T81/><D81/><U129/><E129/><V105/><F38/><W11/><G27/><T89/><D103/><U29/><E29/><V37/><F37/><W97/><G17/><T86/><D33/><U54/><E6/><V126/><F105/><W80/><G11/><T14/><D64/><U132/><E132/><V120/><F120/><W123/><G123/><T43/><D110/><U18/><E109/><V30/><F126/><W121/><G121/><T56/><D118/><U57/><E18/><V122/><F122/><W115/><G134/><T4/><D127/><U16/><E16/><V58/><F131/><W7/><G7/><T50/><D43/><U36/><E57/><V19/><F30/><W23/><G23/><N who="0" m="8715" /><D1/><U85/><E36/><V79/><F15/><W107/><G116/><T44/><D44/><U65/><E65/><V62/><REACH who="2" step="1"/><F19/><REACH who="2" ten="190,380,210,210" step="2"/><W130/><G130/><T46/><D0/><U26/><E26/><V69/><F69/><W61/><G61/><T41/><D50/><U52/><E70/><V60/><F60/><W25/><G25/><T77/><D77/><U67/><E71/><V20/><F20/><W3/><G3/><T78/><D78/><U100/><E39/><V108/><F108/><W28/><G28/><T106/><D106/><U24/><E24/><V133/><F133/><W8/><G115/><T113/><D113/><U53/><E59/><AGARI ba="0,1" hai="4,10,14,41,46,48,56,59,86,89,95" m="8715" machi="59" ten="30,2000,0" yaku="8,1,52,1" doraHai="47" who="0" fromWho="1" sc="190,30,380,-20,210,0,210,0" /><INIT seed="2,0,0,5,5,15" ten="220,360,210,210" oya="2" hai0="41,52,91,51,33,59,64,44,101,123,94,12,46" hai1="100,89,5,21,107,126,28,4,81,16,88,70,72" hai2="17,45,35,58,9,27,76,115,79,1,130,29,103" hai3="32,62,75,36,69,19,114,22,7,24,135,61,74"/><V132/><F115/><W11/><G114/><T10/><D33/><U97/><E70/><V87/><F130/><W37/><G135/><T125/><D123/><U104/><E104/><V42/><F132/><W67/><G36/><T85/><D125/><U106/><E106/><V39/><F103/><W120/><G37/><T95/><D64/><U34/><E126/><V73/><F87/><W82/><G120/><T56/><D101/><U84/><E89/><V31/><F31/><W90/><G32/><T128/><D128/><U18/><E18/><V63/><F73/><W71/><G71/><T93/><D56/><U68/><E68/><V121/><F121/><W60/><G60/><N who="0" m="35943" /><D44/><U83/><E28/><V134/><F134/><W116/><G116/><T3/><D3/><U110/><E110/><V65/><REACH who="2" step="1"/><F17/><AGARI ba="0,0" hai="10,12,17,41,46,51,85,91,93,94,95" m="35943" machi="17" ten="30,3900,0" yaku="8,1,52,1,54,1" doraHai="15" who="0" fromWho="2" sc="220,39,360,0,210,-39,210,0" /><INIT seed="3,0,0,0,0,104" ten="259,360,171,210" oya="3" hai0="33,105,118,70,119,120,107,32,128,131,38,7,74" hai1="109,2,124,11,90,6,75,28,36,133,132,72,77" hai2="127,129,37,91,101,9,96,21,116,79,126,26,113" hai3="56,122,71,58,17,1,86,24,29,3,20,135,110"/><W44/><G71/><T111/><D7/><U51/><E109/><V123/><F37/><W59/><G122/><T134/><D105/><U92/><E36/><V114/><F9/><W67/><G135/><N who="1" m="51786" /><E77/><V23/><F23/><W65/><G110/><T82/><D82/><U78/><E78/><V5/><F5/><W46/><G86/><T64/><D64/><U73/><E124/><N who="2" m="47659" /><F21/><W8/><G8/><T106/><D33/><U14/><E28/><V12/><F12/><W63/><G29/><T25/><D107/><U47/><E14/><V60/><F60/><W52/><G1/><T50/><D50/><U98/><E72/><V68/><F26/><W102/><G102/><T89/><D25/><U55/><AGARI ba="0,0" hai="2,6,11,47,51,55,73,75,90,92,98" m="51786" machi="55" ten="30,4000,0" yaku="20,1,52,2" doraHai="104" who="1" fromWho="1" sc="259,-10,360,40,171,-10,210,-20" owari="249,4.9,400,50.0,161,-33.9,190,-21.0" /></mjloggm>