<mjloggm ver="2.3"><GO type="225" lobby="0"/><UN n0="%E3%81%86%E3%82%8C%E3%81%9F%E3%82%93%E6%9E%95" n1="%E3%83%AD%E3%83%83%E3%83%86%E9%9B%80%E7%90%83" n2="%43%68%65" n3="%4E%49%4A%49%49%52%4F" dan="16,17,16,16" rate="2128.93,2132.66,2168.61,2179.07" sx="F,M,M,M"/><TAIKYOKU oya="0"/><INIT seed="0,0,0,2,3,99" ten="250,250,250,250" oya="0" hai0="109,70,74,118,1,111,90,121,120,12,130,38,24" hai1="69,81,134,44,5,36,87,31,100,91,43,122,57" hai2="10,78,128,129,48,20,47,32,86,4,34,64,106" hai3="13,30,27,105,79,52,63,53,54,59,76,46,19"/><T124/><RYUUKYOKU type="yao9" ba="0,0" sc="250,0,250,0,250,0,250,0" hai0="1,12,24,38,70,74,90,109,111,118,120,121,124,130" /><INIT seed="0,1,0,1,5,3" ten="250,250,250,250" oya="0" hai0="2,83,71,59,93,105,97,132,23,117,7,108,123" hai1="90,48,84,135,54,131,126,91,109,63,79,40,62" hai2="22,89,8,103,20,9,44,94,129,34,88,104,49" hai3="96,98,18,39,65,32,127,76,99,118,69,134,46"/><T77/><D117/><U128/><E109/><V35/><F129/><N who="1" m="49737" /><E126/><V1/><F104/><W125/><G118/><T28/><D123/><U38/><E135/><V115/><F115/><W114/><G114/><T73/><D132/><U29/><E29/><V130/><F130/><W72/><G134/><T111/><D71/><U121/><E121/><V51/><F103/><W57/><G32/><T110/><D105/><U11/><E40/><V41/><F94/><W64/><G69/><T116/><D116/><U85/><E38/><V75/><F41/><W95/><G95/><T68/><D68/><U133/><E11/><V14/><F14/><W27/><G57/><T19/><D59/><U12/><E12/><V82/><F1/><W66/><G46/><T107/><D107/><U74/><E74/><V120/><F44/><W106/><G39/><T17/><D28/><U52/><E79/><V13/><F13/><W56/><G56/><T26/><D2/><U60/><E133/><V92/><F92/><W10/><G106/><T33/><D33/><U112/><E112/><V81/><F75/><W15/><REACH who="3" step="1"/><G27/><REACH who="3" ten="250,250,250,240" step="2"/><T0/><D26/><U119/><E119/><V122/><AGARI ba="1,1" hai="8,9,20,22,34,35,49,51,81,82,88,89,120,122" machi="122" ten="25,6400,0" yaku="0,1,22,2,54,1" doraHai="3" who="2" fromWho="2" sc="250,-33,250,-17,250,77,240,-17" /><INIT seed="1,0,0,5,1,115" ten="217,233,327,223" oya="1" hai0="57,29,88,37,83,65,34,49,96,62,118,31,24" hai1="90,66,129,2,68,116,23,113,41,82,19,47,125" hai2="112,1,91,80,36,46,56,103,54,99,120,42,127" hai3="111,134,87,123,85,130,30,26,122,110,16,50,102"/><U64/><E113/><V121/><F112/><W70/><G70/><T48/><D37/><U76/><E2/><V22/><F1/><W86/><G134/><T17/><D118/><U25/><E125/><V71/><F71/><W63/><G130/><T32/><D17/><U61/><E129/><V15/><F127/><W126/><G126/><T44/><D44/><U5/><E5/><V21/><F21/><N who="3" m="13607" /><G102/><T52/><D31/><U74/><E66/><V18/><F91/><W55/><G30/><T0/><D0/><U38/><REACH who="1" step="1"/><E90/><REACH who="1" ten="217,223,327,223" step="2"/><V39/><F121/><W107/><G123/><T109/><D109/><N who="3" m="41481" /><G122/><T81/><D34/><U69/><E69/><V13/><F120/><W6/><G6/><T106/><D65/><U58/><E58/><V75/><F56/><N who="3" m="32887" /><G63/><T10/><D62/><U14/><E14/><V35/><F15/><W108/><G108/><T45/><D45/><U131/><E131/><V43/><F46/><W53/><G53/><T101/><D52/><U133/><E133/><V124/><F54/><W97/><G107/><T117/><D57/><U77/><E77/><V67/><F67/><W11/><G11/><T95/><D10/><U135/><E135/><V3/><F124/><W51/><G51/><T114/><D114/><U104/><E104/><N who="2" m="63615" /><F3/><W12/><G12/><T20/><D32/><U100/><E100/><V94/><F35/><W8/><G8/><T60/><D60/><U33/><E33/><V119/><F13/><W78/><G78/><T28/><D48/><U73/><E73/><V92/><F75/><W40/><G40/><T128/><D49/><RYUUKYOKU ba="0,1" sc="217,-15,223,15,327,-15,223,15" hai1="19,23,25,38,41,47,61,64,68,74,76,82,116" hai3="85,86,87,97" /><INIT seed="1,1,1,3,1,48" ten="202,238,312,238" oya="1" hai0="21,97,37,92,15,49,129,50,33,69,6,83,23" hai1="30,94,11,107,59,101,5,0,99,68,128,70,24" hai2="132,55,51,16,104,122,43,56,109,73,102,29,77" hai3="117,133,90,116,120,124,61,13,25,123,88,66,44"/><U36/><E128/><V62/><F122/><W18/><G133/><T1/><D129/><U10/><E36/><V35/><F132/><W42/><G25/><T85/><D69/><U7/><E94/><V103/><F109/><W14/><G124/><T119/><D37/><U52/><E24/><V38/><F38/><N who="3" m="21591" /><G14/><T113/><D33/><U84/><E84/><V32/><F29/><W75/><G75/><T26/><D119/><N who="3" m="45641" /><G123/><T131/><D113/><U91/><E91/><V76/><F35/><W45/><G45/><T108/><D108/><U80/><E80/><V46/><F32/><W8/><G120/><T98/><D131/><U63/><E30/><V125/><F73/><W93/><G93/><T2/><D2/><AGARI ba="1,1" hai="0,2,5,7,10,11,52,59,63,68,70,99,101,107" machi="2" ten="30,11600,0" yaku="7,1,9,1,52,1,54,1" doraHai="48" who="1" fromWho="0" sc="202,-119,238,129,312,0,238,0" /><INIT seed="1,2,0,2,0,84" ten="83,367,312,238" oya="1" hai0="37,46,128,116,90,28,63,25,89,127,47,97,113" hai1="82,0,99,11,72,104,31,50,93,135,124,76,13" hai2="29,6,70,12,118,1,92,36,26,96,121,80,48" hai3="39,45,88,53,58,14,67,24,71,38,34,40,130"/><U107/><E0/><V77/><F118/><W81/><G130/><T129/><D116/><U57/><E124/><V94/><F121/><W106/><G106/><T75/><D127/><U95/><E135/><V105/><F70/><W27/><G38/><T69/><D113/><U74/><E74/><V43/><F105/><W61/><G34/><T35/><D75/><U30/><E95/><V103/><F36/><W83/><G14/><T10/><D10/><U133/><E133/><V122/><F1/><W68/><G68/><T19/><D19/><U117/><E117/><V87/><F122/><W55/><G55/><T41/><D47/><U60/><E50/><V65/><F65/><W3/><G83/><T18/><D18/><U16/><E107/><V59/><F94/><W110/><G3/><T114/><D97/><U49/><E49/><V15/><F6/><W132/><G110/><T119/><D114/><U54/><REACH who="1" step="1"/><E104/><REACH who="1" ten="83,357,312,238" step="2"/><V85/><F48/><N who="3" m="31015" /><G132/><T98/><D119/><U131/><E131/><N who="0" m="50249" /><D98/><U125/><E125/><V32/><F96/><W79/><G39/><T21/><D35/><U91/><AGARI ba="2,1" hai="11,13,16,30,31,54,57,60,72,76,82,91,93,99" machi="91" ten="20,18000,2" yaku="1,1,0,1,7,1,52,1,54,1,53,1" doraHai="84" doraHaiUra="52" who="1" fromWho="1" sc="83,-62,357,196,312,-62,238,-62" /><INIT seed="1,3,0,2,5,76" ten="21,553,250,176" oya="1" hai0="67,2,112,14,0,120,28,27,11,41,40,135,12" hai1="115,119,62,82,89,63,116,108,48,34,133,88,102" hai2="70,75,93,71,4,13,16,43,56,17,6,58,42" hai3="126,104,78,113,96,84,92,85,50,94,124,66,87"/><U101/><E115/><V25/><F75/><W5/><G5/><T33/><D112/><U110/><E34/><V74/><F74/><W45/><G66/><T64/><D120/><U61/><E133/><V118/><F93/><W83/><G113/><T53/><D135/><U80/><E62/><V55/><F55/><BYE who="2" /><W31/><G31/><T103/><D103/><U68/><E48/><V81/><F81/><W15/><G15/><T99/><D99/><U105/><E68/><V107/><F107/><AGARI ba="3,0" hai="61,63,80,82,88,89,101,102,105,107,108,110,116,119" machi="107" ten="25,12000,1" yaku="22,2,52,2,54,1" doraHai="76" who="1" fromWho="2" sc="21,0,553,129,250,-129,176,0" /><UN n2="%43%68%65" /><INIT seed="1,4,0,5,4,26" ten="21,682,121,176" oya="1" hai0="69,110,106,109,18,0,33,89,123,30,59,135,57" hai1="81,7,118,22,95,29,122,72,87,13,105,102,124" hai2="37,75,66,44,71,88,21,116,70,65,104,6,23" hai3="10,31,14,126,38,62,45,84,17,43,49,8,20"/><U54/><E118/><V76/><F116/><W28/><G126/><T99/><D135/><U94/><E122/><V93/><F104/><W115/><G115/><T40/><D123/><U101/><E72/><V111/><F6/><W16/><G38/><T107/><D69/><U15/><E124/><V78/><F93/><W34/><G34/><T11/><D40/><U96/><E54/><V125/><F125/><W67/><G84/><T97/><D11/><U1/><E1/><V74/><F88/><W98/><G98/><T27/><D18/><U64/><E64/><V127/><F127/><W121/><G121/><T51/><D0/><U63/><E63/><V36/><F111/><W9/><REACH who="3" step="1"/><G17/><REACH who="3" ten="21,682,121,166" step="2"/><T103/><D107/><U39/><E87/><V77/><F77/><W3/><BYE who="2" /><G3/><T58/><REACH who="0" step="1"/><D51/><REACH who="0" ten="11,682,121,166" step="2"/><U56/><E105/><V82/><F82/><W129/><G129/><T52/><D52/><U46/><E81/><V24/><F24/><W79/><G79/><UN n2="%43%68%65" /><T92/><AGARI ba="4,2" hai="27,30,33,57,58,59,89,92,97,99,103,106,109,110" machi="92" ten="30,4000,0" yaku="1,1,0,1,52,1,53,0" doraHai="26" doraHaiUra="73" who="0" fromWho="0" sc="11,72,682,-24,121,-14,166,-14" /><INIT seed="2,0,0,1,0,18" ten="83,658,107,152" oya="2" hai0="135,44,65,7,5,43,21,69,118,102,90,87,92" hai1="14,1,16,26,25,100,64,76,60,72,97,49,68" hai2="77,39,123,30,91,12,42,40,82,115,13,111,98" hai3="113,9,31,94,116,104,23,3,67,133,112,6,27"/><V117/><F115/><N who="3" m="44107" /><G116/><T75/><D135/><U106/><E1/><V83/><F117/><W24/><G133/><T38/><D118/><U51/><E76/><V107/><F123/><W47/><G104/><T119/><D75/><U0/><E0/><V132/><F132/><W79/><G79/><T127/><D119/><U85/><E72/><V81/><F77/><W4/><G4/><T28/><D102/><U37/><E37/><V105/><F30/><W125/><G125/><T53/><D127/><U55/><E85/><V114/><F114/><W96/><G67/><T20/><D53/><U74/><E51/><V59/><F39/><W80/><G80/><T122/><D122/><U35/><E35/><V8/><F107/><W52/><G27/><T99/><D99/><U10/><E74/><V110/><F105/><W19/><G31/><T46/><D46/><AGARI ba="0,0" hai="10,14,16,25,26,46,49,55,60,64,68,97,100,106" machi="46" ten="30,2000,0" yaku="7,1,54,1" doraHai="18" who="1" fromWho="0" sc="83,-20,658,20,107,0,152,0" /><INIT seed="3,0,0,0,2,26" ten="63,678,107,152" oya="3" hai0="67,68,54,100,18,107,131,15,48,12,104,36,1" hai1="124,20,57,59,60,121,65,106,11,88,47,30,62" hai2="43,114,130,58,132,24,10,86,0,35,79,126,94" hai3="105,17,46,109,72,95,75,117,16,127,82,111,99"/><W9/><G95/><T44/><D131/><U98/><E121/><V33/><F114/><W2/><G9/><T3/><D36/><U122/><E122/><V73/><F130/><W28/><G46/><T19/><D67/><U93/><E124/><V53/><F126/><W66/><G82/><T134/><D68/><U87/><E11/><V71/><F71/><W97/><G66/><T50/><D134/><U76/><E47/><V84/><F132/><W92/><G92/><T113/><D113/><U32/><E32/><V81/><F43/><W120/><G2/><T52/><REACH who="0" step="1"/><D44/><REACH who="0" ten="53,678,107,152" step="2"/><U77/><E106/><V6/><F35/><W70/><G105/><T25/><D25/><N who="1" m="16679" /><E98/><V135/><F135/><W21/><G97/><T56/><D56/><U128/><E128/><V119/><F119/><W29/><G99/><T37/><D37/><U8/><E8/><V13/><F24/><W51/><G117/><T41/><D41/><U115/><E115/><V49/><F33/><W31/><G127/><T89/><D89/><U39/><E39/><V101/><F0/><W108/><G70/><T85/><D85/><U118/><E118/><V133/><F133/><W38/><G38/><T123/><D123/><U63/><E63/><V103/><F73/><W34/><G120/><T4/><D4/><U112/><E112/><V40/><F40/><W45/><G45/><T42/><D42/><U102/><E102/><AGARI ba="0,1" hai="1,3,12,15,18,19,48,50,52,54,100,102,104,107" machi="102" ten="25,6400,0" yaku="1,1,22,2,54,1,53,0" doraHai="26" doraHaiUra="83" who="0" fromWho="1" sc="53,74,678,-64,107,0,152,0" owari="127,-27.3,614,71.4,107,-39.3,152,-4.8" /></mjloggm>