<mjloggm ver="2.3"><GO type="225" lobby="0"/><UN n0="%E5%B8%86%E7%AB%8B%E5%A4%8F%E8%A1%A3" n1="%E3%82%B5%E3%83%AB%E3%82%B7%E3%83%B3" n2="%E6%A1%9C%E8%8A%B1%E9%96%83%E3%80%85" n3="%E9%80%9F%E6%B0%B4%E5%87%9B%E9%A6%99" dan="17,16,16,16" rate="2153.77,2123.83,2167.08,2160.90" sx="M,M,M,F"/><TAIKYOKU oya="0"/><INIT seed="0,0,0,4,1,91" ten="250,250,250,250" oya="0" hai0="36,113,27,122,49,24,103,29,16,106,88,95,61" hai1="37,48,40,51,75,86,119,1,50,76,92,70,9" hai2="79,101,87,99,116,64,135,0,28,46,120,45,97" hai3="115,41,127,17,114,63,134,105,132,58,89,42,69"/><T60/><D113/><N who="3" m="43017" /><G89/><T32/><D122/><U59/><E70/><V125/><F125/><W83/><G83/><T52/><D36/><U2/><E119/><V107/><F135/><N who="3" m="51755" /><G105/><T72/><D72/><U53/><E37/><V66/><F0/><W111/><G17/><T78/><D78/><U129/><E75/><V100/><F120/><W131/><G127/><T104/><D104/><U21/><E76/><V6/><F6/><W7/><G7/><T68/><D68/><U10/><E2/><V31/><F116/><W54/><G111/><T110/><D110/><U96/><E1/><V23/><F23/><W25/><G25/><N who="0" m="9803" /><D32/><U34/><E21/><V14/><F14/><W65/><G131/><T30/><D106/><U5/><E34/><V133/><F133/><W8/><G8/><T22/><D103/><N who="1" m="60807" /><E129/><V43/><F107/><W71/><G71/><T82/><D82/><U77/><E5/><V57/><F79/><W118/><G118/><T3/><D3/><U13/><E13/><V85/><F100/><W81/><G81/><T38/><D38/><U84/><E9/><V123/><F101/><W67/><G69/><T18/><D30/><U128/><E10/><V62/><F28/><W98/><G98/><N who="0" m="57703" /><D29/><U26/><E128/><V112/><F31/><W121/><G121/><T117/><D117/><U74/><E74/><V39/><F123/><W102/><G102/><T35/><D35/><U94/><E77/><V4/><F112/><W109/><G109/><T12/><D18/><U90/><E84/><V73/><F73/><W130/><G130/><T80/><D80/><RYUUKYOKU ba="0,0" sc="250,15,250,-15,250,-15,250,15" hai0="12,16,22,49,52,60,61" hai3="41,42,54,58,63,65,67" /><INIT seed="0,1,0,1,4,84" ten="265,235,235,265" oya="0" hai0="27,18,39,101,77,132,114,78,69,75,1,8,36" hai1="111,23,73,10,53,43,66,110,26,56,33,20,48" hai2="85,96,104,115,3,2,25,57,17,135,82,65,107" hai3="12,125,21,126,90,60,15,98,49,41,7,95,51"/><T89/><D114/><U130/><E73/><V92/><F115/><W4/><G60/><T24/><D69/><U70/><E130/><V112/><F112/><W127/><G41/><T35/><D132/><U64/><E10/><V44/><F44/><W108/><G108/><N who="1" m="41514" /><E43/><V129/><F129/><W103/><G21/><N who="1" m="8266" /><E70/><V97/><F17/><W54/><G49/><T14/><D1/><U118/><E118/><V19/><F19/><W40/><G40/><T116/><D116/><U113/><E113/><V74/><F74/><W29/><G29/><AGARI ba="1,0" hai="26,29,33,48,53,56,64,66" m="8266,41514" machi="29" ten="30,1000,0" yaku="14,1" doraHai="84" who="1" fromWho="3" sc="265,0,235,13,235,0,265,-13" /><INIT seed="1,0,0,2,2,92" ten="265,248,235,252" oya="1" hai0="6,109,63,70,121,8,90,119,13,32,29,18,81" hai1="135,126,130,46,108,21,95,11,71,128,127,120,51" hai2="106,57,91,103,74,116,99,53,56,36,22,54,19" hai3="73,62,79,23,50,132,24,45,83,84,59,37,48"/><U125/><E120/><V27/><F116/><W38/><G132/><T2/><D109/><U28/><E71/><V35/><F36/><W15/><G73/><T64/><D121/><U17/><E108/><V87/><F74/><W101/><G101/><T77/><D119/><U97/><E28/><V80/><REACH who="2" step="1"/><F35/><REACH who="2" ten="265,248,225,252" step="2"/><W105/><G38/><T7/><D32/><U3/><E135/><V44/><F44/><W98/><G37/><T110/><D110/><U47/><E47/><V14/><F14/><W55/><G45/><T10/><D13/><N who="1" m="9391" /><E46/><V118/><F118/><W104/><G15/><T72/><D72/><U52/><E3/><V65/><F65/><W41/><G41/><T67/><D2/><U43/><E43/><V94/><F94/><W49/><G105/><T115/><D67/><U75/><E75/><V76/><F76/><W111/><G111/><T82/><D77/><U26/><E26/><V78/><F78/><W113/><G113/><T58/><D64/><U122/><E122/><V117/><F117/><W133/><G133/><T25/><D25/><U85/><E127/><V129/><F129/><N who="1" m="49769" /><E126/><V5/><F5/><W39/><G39/><T100/><D6/><U34/><E34/><V96/><F96/><W112/><G112/><T68/><D7/><U40/><E40/><V16/><F16/><N who="3" m="12391" /><G104/><T134/><D115/><U12/><E125/><V60/><F60/><W93/><G93/><T30/><D134/><U86/><E12/><V89/><F89/><W102/><G98/><T9/><D18/><U123/><E123/><V31/><F31/><W88/><G79/><RYUUKYOKU ba="0,1" sc="265,-15,248,-15,225,15,252,15" hai2="19,22,27,53,54,56,57,80,87,91,99,103,106" hai3="48,49,50,55,59,62,83,84,88,102" /><INIT seed="2,1,1,0,4,93" ten="250,233,240,267" oya="2" hai0="105,15,98,52,43,68,22,121,119,1,106,28,27" hai1="97,134,2,65,40,16,21,102,82,104,13,133,74" hai2="90,94,130,108,26,112,48,132,58,35,80,53,107" hai3="76,51,116,32,85,110,44,8,12,100,115,88,31"/><V36/><F112/><W3/><G116/><T10/><D121/><U17/><E2/><V124/><F107/><W83/><G3/><T0/><D119/><U61/><E40/><V129/><F124/><W72/><G110/><T39/><D68/><U126/><E126/><V87/><F132/><N who="1" m="50793" /><E17/><V33/><F36/><W50/><G115/><T120/><D120/><U11/><E82/><V123/><F123/><W75/><G100/><T9/><D43/><U89/><E74/><V84/><F108/><W30/><G51/><T54/><D39/><U96/><E89/><V127/><F127/><W79/><G32/><T14/><D28/><N who="3" m="10793" /><G72/><T113/><D113/><U111/><E111/><V7/><F7/><N who="3" m="3103" /><G75/><T118/><D118/><U67/><E67/><V18/><F18/><W92/><G83/><T95/><D1/><U63/><E63/><V103/><F26/><W73/><G73/><T24/><D0/><U128/><E128/><N who="2" m="49259" /><F103/><W131/><G131/><T69/><D27/><U41/><E41/><AGARI ba="1,1" hai="41,44,50,76,79,85,88,92" m="3103,10793" machi="41" ten="30,2000,0" yaku="8,1,54,1" doraHai="93" who="3" fromWho="1" sc="250,0,233,-23,240,0,267,33" /><INIT seed="3,0,0,1,3,28" ten="250,210,240,300" oya="3" hai0="135,129,70,94,82,47,90,41,33,18,71,42,46" hai1="79,40,20,31,95,45,10,64,122,102,109,27,4" hai2="115,101,25,39,116,63,103,59,54,57,127,97,68" hai3="21,113,91,114,14,66,52,85,96,65,86,6,16"/><W130/><G130/><T8/><D129/><U93/><E122/><V75/><F116/><W74/><G74/><T61/><D33/><U37/><E109/><V77/><F115/><W15/><G114/><T2/><D135/><U44/><E102/><V73/><F68/><W84/><G113/><T125/><D125/><U9/><E79/><V117/><F117/><W99/><G91/><T133/><D133/><U123/><E123/><V26/><F39/><W104/><G104/><T19/><D2/><U112/><E112/><V134/><F134/><W62/><G52/><T36/><D82/><U17/><E64/><N who="3" m="24682" /><G62/><T121/><D61/><U55/><E45/><V50/><F103/><W124/><G124/><T111/><D111/><U98/><E55/><V58/><F127/><W24/><G6/><T3/><D3/><U126/><E126/><V81/><F73/><W5/><G5/><T92/><D121/><U0/><REACH who="1" step="1"/><E98/><AGARI ba="0,0" hai="14,15,16,21,24,84,85,86,96,98,99" m="24682" machi="98" ten="30,2900,0" yaku="8,1,54,1" doraHai="28" who="3" fromWho="1" sc="250,0,210,-29,240,0,300,29" owari="250,5.0,181,-31.9,240,-16.0,329,42.9" /></mjloggm>