<mjloggm ver="2.3"><GO type="225" lobby="0"/><UN n0="%6D%75%75%6D%75%72%61" n1="%E3%81%A1%E3%82%85%E3%81%86%E3%81%A9%E3%81%8F%E8%B1%A1%E3%81%95%E3%82%93" n2="%E3%81%8B%E3%82%8F%E3%81%A1%E3%82%83%E3%82%93%35%38" n3="%E3%81%BF%E3%81%BF%E3%81%9A" dan="16,17,16,17" rate="2130.77,2203.03,2111.00,2222.30" sx="F,M,M,M"/><TAIKYOKU oya="0"/><INIT seed="0,0,0,3,4,40" ten="250,250,250,250" oya="0" hai0="45,92,60,76,6,89,34,128,70,65,5,59,43" hai1="66,111,0,90,17,73,19,103,69,3,102,11,57" hai2="112,132,120,84,117,96,106,27,22,7,16,9,28" hai3="101,20,81,50,53,87,114,122,108,82,71,78,8"/><T48/><D128/><U116/><E116/><V85/><F120/><W80/><G114/><T119/><D119/><U10/><E73/><V88/><F112/><W63/><G122/><T2/><D34/><U1/><E111/><V58/><F117/><W133/><G108/><T113/><D113/><U46/><E57/><V129/><F129/><W35/><G35/><T75/><D2/><U109/><E109/><V52/><F132/><W94/><G133/><T62/><D76/><U93/><E66/><V95/><F28/><W130/><G130/><T56/><D75/><U31/><E31/><V135/><F106/><W55/><G8/><T49/><D49/><U98/><E69/><V33/><F33/><W115/><G115/><T14/><D14/><U124/><E124/><V74/><F74/><W72/><G71/><T13/><D13/><U21/><E46/><V38/><F38/><W79/><G63/><T30/><D30/><U107/><E17/><V131/><F131/><W36/><G81/><T104/><D104/><U44/><E44/><V24/><F24/><W83/><G83/><T127/><D127/><U121/><E121/><V41/><F41/><W97/><G36/><T67/><D70/><U39/><E39/><V123/><F123/><W125/><G125/><T99/><AGARI ba="0,0" hai="5,6,43,45,48,56,59,60,62,65,67,89,92,99" machi="99" ten="20,12000,1" yaku="0,1,7,1,9,1,8,1,52,1" doraHai="40" who="0" fromWho="0" sc="250,120,250,-40,250,-40,250,-40" /><INIT seed="0,1,0,3,0,90" ten="370,210,210,210" oya="0" hai0="22,29,66,45,60,75,20,52,10,34,5,118,2" hai1="49,94,3,80,97,30,102,57,96,32,101,53,43" hai2="128,63,70,7,47,12,27,85,21,81,40,68,135" hai3="8,92,15,117,0,61,95,1,11,115,91,76,39"/><T112/><D112/><U18/><E3/><V23/><F135/><W134/><G115/><T89/><D118/><U65/><E80/><V79/><F128/><W133/><G117/><T121/><D121/><U58/><E43/><V110/><F110/><W26/><G76/><T124/><D124/><U88/><E32/><V56/><F68/><W4/><G39/><T62/><D75/><U126/><E126/><V107/><F107/><W36/><G36/><T119/><D119/><U84/><E30/><V55/><F70/><W125/><G125/><T86/><D34/><U67/><E18/><V48/><F27/><W72/><G72/><T82/><D29/><U31/><E31/><V69/><F69/><W19/><G26/><T129/><D129/><U87/><E57/><V13/><F13/><W25/><G25/><T123/><D123/><U46/><E58/><V37/><F37/><W77/><G77/><T42/><D42/><U24/><E24/><V100/><F100/><N who="1" m="38505" /><E84/><V33/><F33/><W131/><G131/><T6/><D6/><U104/><E104/><V122/><F122/><W16/><G61/><T98/><D98/><AGARI ba="1,0" hai="46,49,53,65,67,87,88,94,96,97,98" m="38505" machi="98" ten="30,3900,0" yaku="8,1,52,1,54,1" doraHai="90" who="1" fromWho="0" sc="370,-42,210,42,210,0,210,0" /><INIT seed="1,0,0,3,2,111" ten="328,252,210,210" oya="1" hai0="130,83,118,13,110,16,95,24,20,107,55,73,47" hai1="36,86,46,116,8,115,60,43,31,68,127,88,100" hai2="11,54,75,6,52,37,12,21,1,51,17,78,134" hai3="58,26,65,79,80,112,99,121,92,124,39,76,120"/><U3/><E116/><V94/><F134/><W125/><G39/><T101/><D118/><U117/><E117/><V14/><F37/><W63/><G26/><T131/><D110/><U35/><E100/><V96/><F75/><W53/><G65/><T104/><D95/><U61/><E127/><N who="3" m="48714" /><G112/><T105/><D101/><U22/><E35/><V18/><F78/><N who="3" m="29739" /><G80/><T128/><D83/><U81/><E68/><V32/><F32/><W103/><AGARI ba="0,0" hai="53,58,63,92,99,103,120,121" m="29739,48714" machi="103" ten="30,1100,0" yaku="18,1" doraHai="111" who="3" fromWho="3" sc="328,-3,252,-5,210,-3,210,11" /><INIT seed="2,0,0,4,0,135" ten="325,247,207,221" oya="2" hai0="101,119,6,20,70,93,30,81,58,84,54,89,112" hai1="7,11,116,121,125,62,15,99,17,105,98,38,87" hai2="131,111,22,114,44,72,103,37,80,23,122,21,48" hai3="109,46,118,12,31,47,91,39,113,115,28,95,88"/><V27/><F114/><N who="3" m="43531" /><G118/><T128/><D112/><U29/><E38/><V56/><F122/><W102/><G109/><T1/><D119/><U13/><E29/><N who="3" m="11338" /><G12/><T41/><D128/><U106/><E87/><V82/><F37/><W52/><G39/><T127/><D70/><U107/><E116/><V79/><F131/><W129/><G129/><T64/><D41/><U74/><E74/><V0/><F0/><W59/><G102/><T10/><D64/><U123/><E62/><V100/><F111/><W69/><G69/><T35/><D35/><U133/><E133/><V63/><F27/><W60/><G91/><T126/><D101/><N who="2" m="38986" /><F79/><W32/><G32/><T2/><D2/><U67/><E67/><N who="2" m="39399" /><F72/><W94/><G94/><T18/><D93/><U25/><E25/><V19/><F19/><W3/><G3/><T120/><D30/><U49/><E17/><V68/><F68/><W40/><G40/><AGARI ba="0,0" hai="21,22,23,40,44,48,80,82" m="39399,38986" machi="40" ten="30,1500,0" yaku="8,1" doraHai="135" who="2" fromWho="3" sc="325,0,247,0,207,15,221,-15" /><INIT seed="2,1,0,0,5,69" ten="325,247,222,206" oya="2" hai0="32,60,67,40,83,101,123,37,27,73,3,119,106" hai1="122,100,111,47,41,13,90,22,51,88,72,129,79" hai2="97,10,96,126,46,66,52,89,65,48,63,116,19" hai3="28,26,1,4,109,64,15,21,127,5,104,36,39"/><V112/><F112/><W71/><G104/><T11/><D123/><U7/><E122/><V75/><F116/><W86/><G5/><N who="0" m="1471" /><D119/><U56/><E111/><V134/><F75/><W16/><G109/><T102/><D102/><U132/><E132/><V12/><F126/><W99/><G99/><N who="2" m="37961" /><F134/><W85/><G127/><T53/><D53/><U59/><E100/><V57/><F89/><W24/><G24/><T50/><D50/><U45/><E129/><V135/><F135/><W133/><G133/><T92/><D92/><U55/><E79/><V38/><F38/><N who="3" m="14379" /><G64/><AGARI ba="1,0" hai="10,12,19,46,48,52,57,63,64,65,66" m="37961" machi="64" ten="30,2900,0" yaku="8,1,54,1" doraHai="69" who="2" fromWho="3" sc="325,0,247,0,222,32,206,-32" /><INIT seed="2,2,0,1,4,134" ten="325,247,254,174" oya="2" hai0="54,104,72,135,127,95,93,3,99,118,35,13,70" hai1="116,79,28,25,5,16,26,21,69,14,76,43,23" hai2="20,114,81,96,66,75,82,117,40,112,60,86,11" hai3="50,110,22,15,9,38,109,57,115,84,58,111,63"/><V131/><F117/><W10/><G38/><T42/><D3/><U39/><E116/><V6/><F131/><W91/><G115/><T61/><D118/><U130/><E130/><V49/><F75/><W36/><G36/><T24/><D104/><U29/><E69/><V90/><F82/><W105/><G105/><T89/><D135/><U92/><E5/><V78/><F20/><W103/><G103/><T128/><D72/><U71/><E71/><V97/><F97/><W33/><G33/><T126/><D128/><U56/><E56/><V113/><F49/><W133/><G133/><T37/><D13/><U125/><E92/><V108/><F40/><W17/><G57/><N who="0" m="34999" /><D95/><U132/><E132/><V77/><F96/><W46/><G46/><T67/><D37/><U27/><E27/><V32/><F32/><W87/><G50/><T106/><D106/><U8/><REACH who="1" step="1"/><E125/><REACH who="1" ten="325,237,254,174" step="2"/><V52/><F113/><W73/><G73/><T53/><D70/><U122/><E122/><V19/><F114/><W7/><G7/><T47/><D93/><U94/><E94/><V101/><F6/><W18/><G91/><T45/><D24/><U102/><E102/><V51/><F101/><W64/><REACH who="3" step="1"/><G18/><REACH who="3" ten="325,237,254,164" step="2"/><T129/><D129/><U85/><E85/><AGARI ba="2,2" hai="9,10,15,17,22,58,63,64,84,85,87,109,110,111" machi="85" ten="40,5200,0" yaku="1,1,2,1,14,1,53,0" doraHai="134" doraHaiUra="107" who="3" fromWho="1" sc="325,0,237,-58,254,0,164,78" /><INIT seed="3,0,0,2,2,42" ten="325,179,254,242" oya="3" hai0="128,120,81,108,57,113,60,6,75,39,13,26,4" hai1="33,14,1,9,44,123,21,121,52,65,20,0,70" hai2="63,72,18,10,71,74,95,55,109,80,58,126,99" hai3="107,64,91,19,36,41,5,130,11,106,30,82,56"/><W132/><G30/><T101/><D120/><U34/><E121/><V100/><F71/><W61/><G19/><T32/><D108/><U28/><E123/><V127/><F109/><W43/><G43/><T47/><D128/><U59/><E70/><V69/><F69/><W115/><G115/><T2/><D2/><U97/><E97/><V68/><F68/><W110/><G130/><T73/><D101/><U125/><E125/><N who="2" m="47627" /><F80/><W76/><G91/><T135/><D135/><U16/><E65/><V131/><F131/><W117/><G117/><T124/><D75/><U88/><E88/><V46/><F46/><N who="3" m="23847" /><G132/><T35/><D35/><N who="1" m="13323" /><E59/><V48/><F48/><W122/><G122/><T84/><D32/><U78/><E78/><V53/><F53/><W23/><G23/><N who="1" m="8778" /><E52/><V83/><F83/><W66/><G66/><T15/><D81/><U119/><E44/><V86/><F86/><W89/><G89/><T111/><D84/><U129/><E119/><V103/><F103/><W25/><G110/><T118/><D111/><U79/><E79/><V62/><F62/><W133/><G107/><T104/><D104/><U8/><E129/><V77/><F77/><W98/><G98/><T105/><D105/><U45/><E45/><V40/><F40/><W22/><G106/><T24/><D118/><U38/><E38/><V96/><F96/><W87/><G56/><T29/><D57/><U3/><E28/><V102/><F102/><W90/><G64/><T27/><D124/><U94/><E94/><V51/><F63/><W54/><G61/><T50/><D60/><U31/><E31/><RYUUKYOKU ba="0,0" sc="325,-15,179,15,254,15,242,-15" hai1="0,1,3,8,9,14,16" hai2="10,18,51,55,58,72,74,95,99,100" owari="310,41.0,194,-30.6,269,6.9,227,-17.3" /></mjloggm>