<mjloggm ver="2.3"><GO type="225" lobby="0"/><UN n0="%E5%AF%82%E5%AF%9E%E3%82%AE%E3%83%8D%E3%82%B9%E3%83%93%E3%83%BC%E3%83%AB" n1="%E3%83%A9%E3%83%BC%E3%83%A1%E3%83%B3%E4%BA%94%E9%83%8E" n2="%E3%81%82%E3%82%93%E3%81%AA%E3%81%A4" n3="%72%69%6F%75%63%68%61%6E" dan="16,16,16,17" rate="2179.19,2081.39,2151.57,2237.98" sx="M,M,M,M"/><TAIKYOKU oya="0"/><INIT seed="0,0,0,1,2,75" ten="250,250,250,250" oya="0" hai0="76,18,58,87,113,43,125,126,123,133,84,119,117" hai1="63,6,0,3,31,111,48,130,59,17,88,39,71" hai2="94,85,112,60,2,23,12,30,8,95,83,81,108" hai3="68,33,40,29,96,21,73,49,118,52,70,13,54"/><T120/><D43/><U38/><E111/><V11/><F108/><W14/><G118/><N who="0" m="45067" /><D18/><U106/><E106/><V19/><F112/><W99/><G73/><T32/><D32/><U20/><E130/><V55/><F2/><W44/><G33/><T46/><D46/><U34/><E6/><V5/><F30/><W80/><G80/><N who="0" m="47111" /><D58/><U93/><E71/><V10/><F83/><W15/><G68/><T79/><D113/><U66/><E48/><V64/><F5/><W47/><G70/><T41/><D41/><U50/><E50/><V78/><F64/><W105/><G105/><T22/><D22/><U121/><E121/><N who="0" m="46665" /><D133/><U98/><E31/><V57/><AGARI ba="0,0" hai="8,10,11,12,19,23,55,57,60,78,81,85,94,95" machi="57" ten="30,4000,0" yaku="0,1,8,1,52,1" doraHai="75" who="2" fromWho="2" sc="250,-20,250,-10,250,40,250,-10" /><INIT seed="1,0,0,1,2,5" ten="230,240,290,240" oya="1" hai0="112,103,101,118,52,28,31,104,133,73,116,20,10" hai1="41,79,77,74,81,107,124,51,85,94,78,92,4" hai2="63,108,33,2,93,125,14,25,82,88,76,12,100" hai3="26,59,106,96,84,131,115,37,126,95,71,58,6"/><U121/><E51/><V1/><F108/><W9/><G115/><T55/><D73/><N who="1" m="43183" /><E41/><V17/><F100/><W44/><G126/><T120/><D112/><U7/><E7/><V57/><F125/><W123/><G131/><T102/><D104/><U50/><E50/><V83/><F33/><W70/><G123/><T80/><D120/><U29/><E29/><V13/><F1/><W72/><G72/><T90/><D133/><U98/><E4/><V122/><F2/><W91/><G26/><N who="0" m="16455" /><D118/><U34/><E34/><V87/><F122/><W32/><G32/><T99/><D116/><U40/><E40/><V27/><F17/><W110/><G110/><T11/><D31/><U53/><E53/><N who="0" m="20553" /><D99/><U134/><E134/><V39/><F39/><W47/><G37/><T42/><D42/><U64/><E64/><N who="2" m="39023" /><F82/><W129/><G129/><T135/><D135/><U105/><E124/><V46/><F46/><N who="3" m="17451" /><G106/><N who="1" m="40458" /><E121/><V113/><F113/><W49/><G70/><T48/><D48/><U66/><E66/><V86/><AGARI ba="0,0" hai="12,13,14,25,27,76,83,86,87,88,93" m="39023" machi="86" ten="30,2000,0" yaku="8,1,54,1" doraHai="5" who="2" fromWho="2" sc="230,-5,240,-10,290,20,240,-5" /><INIT seed="2,0,0,2,2,24" ten="225,230,310,235" oya="2" hai0="48,84,20,30,128,91,96,61,74,87,51,108,115" hai1="59,76,56,1,124,122,93,64,107,73,25,36,46" hai2="44,42,7,100,75,92,125,58,102,10,98,129,118" hai3="103,101,134,45,28,32,77,14,18,33,79,63,99"/><V21/><F118/><W126/><G126/><T72/><D115/><U78/><E107/><V82/><F125/><W29/><G134/><T34/><D34/><U38/><E124/><V114/><F114/><W110/><G110/><T37/><D37/><U132/><E1/><V131/><F100/><N who="3" m="38475" /><G33/><T95/><D108/><U9/><E132/><V15/><F58/><W50/><G32/><T69/><D128/><U105/><E105/><V67/><F67/><W39/><G99/><T85/><D61/><U81/><E122/><V3/><F21/><N who="3" m="11479" /><G39/><T97/><D69/><U116/><E116/><V35/><F15/><W111/><G63/><T106/><D97/><U113/><E113/><V130/><F35/><W12/><G111/><T66/><D66/><U54/><E64/><V57/><F57/><W11/><G77/><T109/><D106/><U49/><E73/><V41/><F44/><W88/><G88/><T121/><D121/><U13/><E36/><V68/><F68/><W6/><G79/><AGARI ba="0,0" hai="3,7,10,41,42,75,79,82,92,98,102,129,130,131" machi="79" ten="40,2000,0" yaku="19,1" doraHai="24" who="2" fromWho="3" sc="225,0,230,0,310,20,235,-20" /><INIT seed="2,1,0,5,0,66" ten="225,230,330,215" oya="2" hai0="62,126,100,95,20,63,42,120,104,117,31,3,83" hai1="105,135,57,14,98,23,85,121,46,64,11,72,65" hai2="49,132,81,71,103,127,12,2,26,43,33,77,113" hai3="30,25,18,110,1,48,9,134,115,56,60,5,69"/><V89/><F2/><W27/><G110/><T106/><D120/><U55/><E72/><V102/><F113/><W38/><G38/><T51/><D3/><U88/><E121/><V79/><F89/><W54/><G134/><T40/><D126/><U41/><E135/><V118/><F118/><W80/><G115/><T130/><D130/><U93/><E23/><V107/><F107/><W94/><G80/><T84/><D117/><U36/><E98/><V109/><F79/><W7/><G7/><T75/><D75/><U50/><REACH who="1" step="1"/><E105/><REACH who="1" ten="225,220,330,215" step="2"/><V97/><F97/><W68/><G30/><T19/><D106/><U28/><E28/><V0/><F132/><W125/><G125/><T45/><D104/><U52/><E52/><V6/><F127/><W70/><G18/><AGARI ba="1,1" hai="11,14,18,36,41,46,50,55,57,64,65,85,88,93" machi="18" ten="30,3900,0" yaku="1,1,7,1,54,1,53,0" doraHai="66" doraHaiUra="21" who="1" fromWho="3" sc="225,0,220,52,330,0,215,-42" /><INIT seed="3,0,0,3,3,49" ten="225,272,330,173" oya="3" hai0="112,51,39,123,77,75,12,117,132,40,16,18,45" hai1="128,25,71,74,44,3,96,105,8,59,97,73,120" hai2="121,38,134,60,2,135,0,130,52,62,78,29,110" hai3="67,87,95,94,17,91,129,14,24,98,50,34,104"/><W131/><G104/><T43/><D132/><N who="2" m="50730" /><F38/><W69/><G69/><T106/><D123/><U84/><E59/><V37/><F37/><W115/><G115/><T116/><D106/><U28/><E84/><V53/><F121/><W113/><G113/><T127/><D112/><U30/><E25/><V107/><F110/><W46/><G67/><T126/><D77/><U47/><E8/><V66/><F62/><W6/><G6/><T10/><D75/><U21/><E105/><V1/><F130/><N who="3" m="49675" /><G34/><T108/><D18/><U61/><E21/><V5/><F5/><W82/><G24/><T114/><D108/><U35/><E71/><N who="2" m="42439" /><F107/><W83/><G95/><T58/><D114/><U103/><E35/><V119/><F119/><W80/><G14/><T54/><D40/><U4/><E3/><V7/><F7/><W31/><G31/><T72/><D72/><U101/><E4/><V90/><F29/><W42/><G17/><T99/><D99/><AGARI ba="0,0" hai="42,46,50,80,82,83,87,91,94,98,99" m="49675" machi="99" ten="30,1500,0" yaku="19,1" doraHai="49" who="3" fromWho="0" sc="225,-15,272,0,330,0,173,15" /><INIT seed="3,1,0,1,3,128" ten="210,272,330,188" oya="3" hai0="131,36,61,73,125,80,9,110,79,3,119,78,97" hai1="72,65,74,52,46,102,87,5,48,8,114,22,31" hai2="70,18,85,2,112,24,105,16,81,109,122,132,55" hai3="116,29,23,40,44,86,117,38,51,96,71,123,135"/><W56/><G123/><T17/><D119/><N who="3" m="45641" /><G29/><T92/><D131/><U113/><E72/><V63/><F2/><W68/><G23/><T133/><D78/><U20/><E74/><V0/><F0/><W104/><G86/><T89/><D61/><U25/><E102/><V67/><F85/><W69/><G104/><T91/><D17/><U30/><E65/><V83/><F105/><W13/><G13/><T53/><D9/><U77/><E77/><V1/><F1/><W43/><G96/><T121/><D97/><U103/><E103/><V19/><F24/><W49/><G40/><T127/><D3/><U42/><E42/><V129/><F129/><W21/><G21/><T90/><D121/><U64/><E87/><V7/><F122/><W60/><G135/><T45/><D133/><U126/><E8/><V120/><F132/><W106/><G106/><T54/><D92/><U33/><E5/><V98/><F98/><W37/><G37/><T134/><D134/><U11/><E11/><V47/><F120/><W35/><G35/><T32/><D32/><U108/><E33/><V84/><F84/><W111/><G111/><T12/><D12/><U95/><E108/><V66/><F109/><W76/><G76/><T4/><D110/><U88/><E30/><V62/><F83/><W26/><G26/><T15/><D15/><U59/><E20/><V82/><F82/><W57/><G57/><T50/><D4/><U94/><E59/><N who="2" m="37215" /><F7/><W118/><N who="3" m="45649" /><W41/><DORA hai="58" /><G41/><T75/><D36/><U99/><E31/><V27/><F81/><W34/><G34/><RYUUKYOKU ba="1,0" sc="210,-10,272,-10,330,-10,188,30" hai3="38,43,44,49,51,56,60,68,69,71" /><INIT seed="3,2,0,0,0,56" ten="200,262,320,218" oya="3" hai0="114,95,27,134,88,92,7,97,19,66,120,38,58" hai1="78,123,1,124,130,77,75,70,14,57,30,13,113" hai2="122,117,94,9,45,54,76,105,101,53,71,100,5" hai3="80,51,107,42,109,91,119,116,3,103,18,93,36"/><W128/><G36/><T98/><D120/><U129/><E124/><V115/><F115/><W69/><G3/><T21/><D38/><U111/><E111/><V43/><F105/><W87/><G69/><T12/><D134/><U64/><E123/><V72/><F71/><W108/><G128/><N who="1" m="49258" /><E113/><V63/><F117/><N who="3" m="45131" /><G18/><T83/><D114/><U11/><E70/><V126/><F5/><W121/><G42/><T31/><D7/><N who="1" m="1519" /><E30/><V28/><F43/><W37/><G51/><T99/><D83/><N who="1" m="45503" /><E78/><V62/><F28/><W0/><G121/><T35/><REACH who="0" step="1"/><D95/><REACH who="0" ten="190,262,320,218" step="2"/><U104/><E104/><V23/><F94/><W79/><G37/><T86/><D86/><U135/><E135/><V16/><F122/><W40/><G0/><T106/><D106/><U50/><E50/><V49/><F49/><W8/><G40/><T47/><D47/><U2/><E2/><V112/><F45/><W52/><G107/><T102/><D102/><U132/><E132/><V10/><F101/><W131/><G103/><T26/><D26/><U110/><E110/><N who="3" m="42602" /><G131/><T44/><D44/><U127/><E13/><V74/><F100/><W67/><G8/><T17/><D17/><U24/><E14/><V96/><F16/><W82/><G79/><T85/><D85/><U68/><E24/><V34/><F76/><W81/><G52/><T48/><D48/><U133/><E133/><V125/><F54/><W84/><G87/><T65/><D65/><AGARI ba="2,1" hai="65,67,80,81,82,84,91,93" m="42602,45131" machi="65" ten="40,3900,0" yaku="14,1,10,1" doraHai="56" who="3" fromWho="0" sc="190,-45,262,0,320,0,218,55" /><INIT seed="3,3,0,2,1,108" ten="145,262,320,273" oya="3" hai0="116,89,78,62,90,91,93,122,37,35,123,48,9" hai1="113,69,84,131,4,100,70,83,127,88,20,75,2" hai2="3,66,38,43,128,56,76,6,17,22,16,10,0" hai3="58,124,63,11,129,67,121,106,49,36,73,54,21"/><W60/><G121/><T103/><D37/><U12/><E75/><V13/><F128/><W97/><G73/><T119/><D35/><U130/><E127/><V32/><F76/><W64/><G124/><T51/><D62/><U39/><E39/><V114/><F114/><W50/><G129/><N who="1" m="49162" /><E100/><V87/><F87/><W126/><G126/><T25/><D25/><U118/><E118/><N who="0" m="45097" /><D9/><N who="1" m="2199" /><E113/><V96/><F32/><W135/><G36/><T112/><D51/><U72/><E72/><V65/><F0/><W117/><G117/><T29/><D29/><U46/><E46/><V86/><F86/><W40/><G11/><T95/><D48/><U109/><E109/><V5/><F5/><W80/><G21/><T92/><D78/><U30/><E30/><V52/><F3/><W77/><G49/><T1/><D1/><U107/><E107/><V7/><F7/><W110/><G110/><T33/><D33/><U15/><E20/><V133/><F22/><W61/><G40/><T85/><D103/><U14/><AGARI ba="3,0" hai="12,14,15,69,70,83,84,88" m="2199,49162" machi="14" ten="30,2000,0" yaku="19,1,54,1" doraHai="108" who="1" fromWho="1" sc="145,-8,262,29,320,-8,273,-13" owari="137,-36.3,291,9.1,312,41.2,260,-14.0" /></mjloggm>