<mjloggm ver="2.3"><GO type="225" lobby="0"/><UN n0="%E3%82%A2%E3%82%A4%E3%82%B9%E3%83%86%E3%82%A3%E3%83%BC%E3%81%82%E3%81%B9" n1="%72%61%6B%33" n2="%E7%AD%89%E3%80%85%E5%8A%9B%E5%8A%87%E5%A0%B4" n3="%E3%81%AF%E3%82%88%E3%81%8A%E3%81%98%E3%81%95%E3%82%93" dan="16,17,16,17" rate="2092.59,2136.12,2056.01,2182.44" sx="M,M,M,M"/><TAIKYOKU oya="0"/><INIT seed="0,0,0,4,0,28" ten="250,250,250,250" oya="0" hai0="131,48,132,128,111,67,44,133,24,2,15,62,70" hai1="69,71,10,60,0,45,9,75,78,135,21,61,36" hai2="89,33,37,108,55,97,94,93,8,22,34,27,86" hai3="63,103,119,107,25,59,1,99,4,82,26,116,14"/><T81/><D2/><U122/><E122/><V124/><F108/><W19/><G1/><T52/><D15/><U40/><E135/><N who="0" m="51785" /><D24/><U104/><E104/><V74/><F74/><W112/><G112/><T100/><D100/><U23/><E10/><V123/><F123/><W88/><G4/><T113/><D81/><N who="1" m="45279" /><E61/><V92/><F124/><W77/><G25/><T66/><D113/><U90/><E90/><V101/><F37/><W115/><G26/><T49/><D111/><U50/><E50/><V68/><F68/><N who="1" m="26185" /><E60/><V17/><F55/><W105/><G107/><T11/><D11/><U18/><E18/><V129/><F129/><N who="0" m="49738" /><D49/><U118/><E118/><V80/><REACH who="2" step="1"/><F8/><REACH who="2" ten="250,250,240,250" step="2"/><W91/><G115/><T96/><D96/><U109/><E109/><V84/><F84/><W46/><G119/><T54/><D67/><U12/><E12/><V85/><F85/><W117/><G116/><T134/><D134/><U51/><E51/><V38/><F38/><W16/><G14/><T102/><D102/><U43/><E43/><AGARI ba="0,1" hai="43,44,48,52,54,62,66,70" m="49738,51785" machi="43" ten="30,12000,1" yaku="20,1,19,1,34,2,54,1" doraHai="28" who="0" fromWho="1" sc="250,130,250,-120,240,0,250,0" /><INIT seed="0,1,0,0,4,99" ten="380,130,240,250" oya="0" hai0="22,67,40,130,53,108,41,96,66,101,82,29,71" hai1="123,58,81,19,21,105,112,15,119,127,126,86,110" hai2="55,44,6,93,14,107,20,83,73,5,131,95,103" hai3="54,69,30,43,9,129,62,94,39,23,80,12,26"/><T64/><D71/><U38/><E119/><V114/><F114/><W132/><G129/><T90/><D130/><U118/><E118/><V77/><F131/><W36/><G132/><T13/><D108/><U124/><E123/><V3/><F3/><W87/><G94/><T45/><D53/><U89/><E110/><V97/><F95/><W4/><G43/><T18/><D29/><U128/><E128/><V57/><F44/><W37/><G69/><T133/><D133/><U106/><E112/><V59/><F59/><W60/><REACH who="3" step="1"/><G54/><REACH who="3" ten="380,130,240,240" step="2"/><T100/><D96/><U35/><E38/><V76/><F97/><W117/><G117/><T122/><D122/><U10/><E35/><V49/><F93/><W51/><G51/><N who="0" m="27047" /><D41/><U33/><E33/><V102/><F55/><W63/><G63/><T28/><D28/><U27/><REACH who="1" step="1"/><E58/><REACH who="1" ten="380,120,240,240" step="2"/><V109/><F57/><W56/><G56/><T17/><D67/><U91/><E91/><AGARI ba="1,2" hai="4,9,12,23,26,30,36,37,39,60,62,80,87,91" machi="91" ten="40,1300,0" yaku="1,1,53,0" doraHai="99" doraHaiUra="61" who="3" fromWho="1" sc="380,0,120,-16,240,0,240,36" /><INIT seed="1,0,0,0,5,37" ten="380,104,240,276" oya="1" hai0="35,99,24,117,123,77,71,134,132,1,113,130,129" hai1="8,20,12,49,65,76,17,56,90,112,3,84,103" hai2="108,106,94,86,88,110,7,122,60,14,102,42,31" hai3="69,67,43,25,72,92,107,101,0,11,121,115,126"/><U105/><E112/><V21/><F122/><W18/><G72/><T23/><D77/><U32/><E32/><V80/><F106/><W29/><G121/><T38/><D38/><U68/><E68/><V46/><F60/><W52/><G115/><T91/><D71/><U47/><E76/><V125/><F125/><W89/><G126/><T51/><D35/><U59/><E65/><V64/><F64/><W100/><G107/><T97/><D1/><U119/><E119/><V57/><F57/><W128/><G128/><N who="0" m="49259" /><D113/><U28/><E103/><V111/><F7/><W120/><G100/><T124/><D117/><U4/><E28/><V98/><F31/><W30/><G29/><N who="0" m="17567" /><D123/><U82/><REACH who="1" step="1"/><E105/><REACH who="1" ten="380,94,240,276" step="2"/><V58/><F111/><W26/><G67/><T133/><D124/><U34/><E34/><V118/><F118/><W114/><G101/><T135/><D132/><U75/><E75/><V104/><F110/><W74/><G30/><T85/><D51/><U127/><E127/><V5/><F108/><W22/><G74/><T33/><D33/><U61/><E61/><V66/><F104/><W95/><G69/><T6/><D135/><U54/><AGARI ba="0,1" hai="3,4,8,12,17,20,47,49,54,56,59,82,84,90" machi="54" ten="20,12000,1" yaku="1,1,0,1,7,1,53,2" doraHai="37" doraHaiUra="53" who="1" fromWho="1" sc="380,-40,94,130,240,-40,276,-40" /><INIT seed="1,1,0,5,0,78" ten="340,224,200,236" oya="1" hai0="16,49,43,115,15,59,95,80,41,101,111,52,88" hai1="26,55,50,126,69,54,5,132,98,17,131,6,68" hai2="120,89,71,79,21,12,67,121,31,117,36,19,65" hai3="119,86,94,105,35,74,11,97,110,24,3,107,135"/><U72/><E72/><V84/><F117/><W44/><G74/><T125/><D111/><U60/><E126/><V106/><F106/><W39/><G110/><T70/><D70/><U18/><E132/><V102/><F36/><W27/><G135/><T113/><D125/><U129/><E98/><V64/><F102/><W92/><G119/><T0/><D0/><U90/><E60/><V133/><F133/><W7/><G92/><T128/><D128/><U99/><E99/><V93/><F71/><N who="1" m="27209" /><E90/><V77/><REACH who="2" step="1"/><F31/><REACH who="2" ten="340,224,190,236" step="2"/><W109/><G105/><T91/><D115/><U108/><E108/><V83/><F83/><W42/><G109/><T57/><D113/><U73/><E131/><V76/><AGARI ba="1,1" hai="12,19,21,64,65,67,76,77,79,84,89,93,120,121" machi="76" ten="30,4000,0" yaku="1,1,0,1,53,1" doraHai="78" doraHaiUra="14" who="2" fromWho="2" sc="340,-11,224,-21,190,53,236,-11" /><INIT seed="2,0,0,1,2,119" ten="329,203,243,225" oya="2" hai0="52,11,105,84,21,77,55,6,43,132,64,29,51" hai1="15,50,76,133,118,130,2,19,46,134,24,25,53" hai2="17,41,120,59,79,96,65,26,103,102,16,58,40" hai3="117,73,126,42,115,86,10,49,125,107,32,68,110"/><V67/><F79/><W47/><G117/><T99/><D64/><U44/><E118/><V128/><F96/><W8/><G73/><T48/><D105/><U101/><E2/><V95/><F95/><W57/><G68/><T121/><D99/><U18/><E130/><V1/><F26/><W9/><G32/><T30/><D121/><U31/><E76/><V93/><F93/><W23/><G107/><T13/><D43/><U72/><E72/><V60/><F1/><W97/><G110/><T81/><D132/><U92/><E46/><V71/><F60/><W87/><G115/><T12/><D13/><U3/><E3/><V108/><F71/><W63/><G97/><T112/><D112/><U122/><E122/><V88/><F88/><W39/><G39/><T78/><D77/><U36/><E36/><V20/><F20/><W114/><G114/><T45/><D21/><U0/><E0/><V75/><F75/><W98/><G98/><T5/><D6/><U109/><E109/><V123/><F108/><W37/><G23/><T100/><D100/><U28/><E92/><V7/><F7/><W135/><G135/><N who="1" m="51722" /><E101/><V62/><F62/><W83/><G37/><T106/><D106/><U22/><E25/><V129/><AGARI ba="0,0" hai="16,17,40,41,58,59,65,67,102,103,120,123,128,129" machi="129" ten="25,18000,2" yaku="0,1,22,2,52,2,54,1" doraHai="119" who="2" fromWho="2" sc="329,-60,203,-60,243,180,225,-60" /><INIT seed="2,1,0,4,2,102" ten="269,143,423,165" oya="2" hai0="73,110,130,78,38,20,43,30,86,106,113,115,23" hai1="107,37,7,127,100,53,36,25,59,120,69,15,22" hai2="47,10,104,134,129,114,124,67,51,40,70,82,39" hai3="116,13,49,66,64,27,55,83,131,132,87,42,112"/><V85/><F114/><W71/><G116/><T61/><D110/><U122/><E69/><V99/><F134/><W52/><G132/><T92/><D73/><U17/><E127/><V128/><F124/><W48/><G112/><T103/><D130/><N who="2" m="50282" /><F67/><W31/><G131/><T0/><D0/><U109/><E109/><V81/><F70/><W121/><G121/><T75/><D61/><U96/><E7/><V65/><F65/><N who="3" m="25195" /><G71/><T95/><D43/><U4/><E4/><V119/><F119/><W6/><G27/><T108/><D38/><U111/><E111/><V123/><F123/><N who="1" m="47145" /><E25/><V45/><F10/><N who="3" m="4311" /><G31/><T118/><D30/><U74/><E74/><V57/><F57/><W93/><G93/><T94/><D75/><U50/><AGARI ba="1,0" hai="15,17,22,36,37,50,53,59,96,100,107" m="47145" machi="50" ten="30,2000,0" yaku="13,1,52,1" doraHai="102" who="1" fromWho="1" sc="269,-6,143,23,423,-11,165,-6" /><INIT seed="3,0,0,3,1,21" ten="263,166,412,159" oya="3" hai0="71,42,104,107,4,11,69,119,66,47,120,101,122" hai1="123,26,20,73,130,12,36,80,61,78,106,114,89" hai2="55,131,59,91,16,17,29,116,54,132,60,118,45" hai3="58,129,74,103,31,35,7,115,49,121,34,43,127"/><W68/><G115/><T8/><D119/><U117/><E123/><V33/><F132/><W51/><G121/><T75/><D75/><U13/><E114/><V110/><F110/><W41/><G68/><T79/><D79/><U44/><E106/><V5/><F131/><W126/><G74/><T77/><D77/><U124/><E130/><V98/><F5/><W67/><G129/><T9/><D4/><U14/><E124/><N who="3" m="47658" /><G7/><T1/><D11/><U23/><E23/><V64/><F118/><W96/><G67/><T93/><D93/><U125/><E125/><V10/><F64/><W84/><G84/><T112/><D66/><U18/><E117/><V72/><F72/><W70/><G70/><T87/><D87/><U56/><E89/><V76/><F76/><W90/><G90/><T38/><D101/><U105/><E105/><V57/><F116/><W113/><G113/><T82/><D112/><U81/><E81/><V53/><F91/><W24/><G34/><T86/><D71/><U2/><E2/><V0/><F0/><W83/><G83/><T102/><D69/><U100/><E100/><V88/><F88/><W25/><G25/><T46/><D1/><U6/><E6/><V94/><F33/><W48/><G58/><T37/><D86/><U40/><E13/><V128/><F59/><W108/><G108/><T95/><D82/><U134/><E134/><V15/><F57/><W32/><G35/><T135/><D135/><U19/><E19/><V133/><F133/><W85/><G85/><T27/><D122/><U97/><E97/><V65/><F98/><RYUUKYOKU ba="0,0" sc="263,-15,166,15,412,-15,159,15" hai1="12,14,18,20,26,36,40,44,56,61,73,78,80" hai3="24,31,32,41,43,48,49,51,96,103" /><INIT seed="3,1,0,5,2,64" ten="248,181,397,174" oya="3" hai0="86,57,38,43,111,132,126,41,56,127,1,67,122" hai1="106,34,12,6,32,76,124,4,120,103,80,117,0" hai2="63,3,94,91,21,114,53,10,133,118,18,121,107" hai3="101,125,49,109,19,52,66,14,30,113,44,112,22"/><W13/><G125/><T55/><D1/><U81/><E120/><V35/><F114/><W72/><G72/><T48/><D122/><U11/><E124/><N who="0" m="47657" /><D111/><U75/><E117/><V24/><F107/><W46/><G109/><T31/><D38/><U110/><E110/><V9/><F118/><W104/><G66/><T59/><D31/><U23/><E23/><V17/><F133/><W29/><G46/><N who="0" m="28055" /><D132/><U134/><E134/><V119/><F119/><W39/><G39/><T105/><D105/><U51/><E51/><V79/><F121/><W100/><G13/><T40/><D86/><U47/><E12/><V54/><F24/><W33/><G104/><T68/><D59/><U116/><E47/><V65/><F3/><W27/><REACH who="3" step="1"/><G29/><REACH who="3" ten="248,181,397,164" step="2"/><T108/><D108/><U97/><E116/><V58/><F65/><W7/><G7/><T135/><D135/><U115/><E6/><V73/><F73/><W45/><G45/><T130/><D130/><U26/><E115/><AGARI ba="1,1" hai="14,19,22,27,30,33,44,49,52,100,101,112,113,115" machi="115" ten="40,3900,0" yaku="1,1,54,1,53,0" doraHai="64" doraHaiUra="74" who="3" fromWho="1" sc="248,0,181,-42,397,0,164,52" /><INIT seed="3,2,0,1,0,62" ten="248,139,397,216" oya="3" hai0="1,92,54,135,129,29,132,14,93,69,48,133,128" hai1="43,72,109,70,55,36,20,124,61,85,67,104,5" hai2="121,42,32,120,127,98,7,91,11,16,116,21,105" hai3="90,88,119,39,130,17,131,34,68,94,65,81,26"/><W51/><G119/><T100/><D1/><U28/><E72/><V44/><F32/><W108/><G39/><T74/><D74/><U89/><E104/><V12/><F116/><W10/><G108/><T73/><D73/><U78/><E109/><V84/><F127/><W101/><G51/><T83/><D83/><U23/><E124/><V37/><F98/><W8/><G101/><T66/><D29/><U30/><E78/><V125/><F105/><W122/><G122/><T13/><D69/><U49/><E5/><V33/><F33/><W18/><G81/><T102/><D48/><U97/><E97/><V19/><F125/><W86/><G90/><T9/><D54/><U3/><E3/><V24/><REACH who="2" step="1"/><F7/><REACH who="2" ten="248,139,387,216" step="2"/><W59/><G34/><T110/><D110/><U113/><E113/><V52/><F52/><W117/><G117/><T35/><D35/><U60/><E60/><V103/><F103/><W6/><G6/><T40/><D102/><U41/><E28/><V107/><F107/><W15/><G17/><T31/><D100/><U75/><E75/><V46/><F46/><W82/><G18/><T71/><D31/><U118/><E118/><V115/><F115/><W106/><G106/><T77/><D135/><U57/><E30/><V64/><F64/><W47/><G65/><T2/><D66/><U58/><E58/><V96/><F96/><W0/><G59/><T25/><D133/><U38/><E41/><V63/><F63/><W76/><G68/><T95/><D40/><U134/><E134/><V50/><F50/><W123/><G47/><T87/><D132/><RYUUKYOKU ba="2,1" sc="248,-10,139,-10,387,30,216,-10" hai2="11,12,16,19,21,24,37,42,44,84,91,120,121" owari="238,3.8,129,-37.1,427,52.7,206,-19.4" /></mjloggm>