<mjloggm ver="2.3"><GO type="225" lobby="0"/><UN n0="%E3%81%82%E3%82%93%E3%81%AA%E3%81%A4" n1="%4C%4F%4C%49%54%41" n2="%E3%81%9F%E3%81%A3%E3%81%A1%E3%82%87" n3="%E3%82%A2%E3%83%BC%E3%83%A2%E3%83%AD%E3%83%BC%E3%83%B4%E3%82%A1" dan="16,16,16,16" rate="2137.01,2187.68,2039.25,2135.87" sx="M,F,M,M"/><TAIKYOKU oya="0"/><INIT seed="0,0,0,3,3,72" ten="250,250,250,250" oya="0" hai0="74,25,129,30,47,106,11,14,130,5,78,33,64" hai1="86,81,75,92,16,45,97,32,51,89,77,0,128" hai2="87,105,113,125,50,58,23,15,90,34,1,91,104" hai3="12,9,21,69,7,88,39,59,124,6,13,65,55"/><T70/><D106/><U38/><E0/><V119/><F113/><W110/><G39/><T118/><D118/><U27/><E128/><V84/><F125/><W123/><G124/><T28/><D28/><U66/><E38/><V126/><F126/><W131/><G131/><N who="0" m="50187" /><D47/><U114/><E114/><V53/><F1/><W117/><G117/><T94/><D94/><U54/><E66/><V36/><F36/><W18/><G110/><T67/><D70/><U57/><E32/><V79/><F34/><W109/><G109/><T127/><D127/><U42/><E75/><V112/><F112/><W82/><G123/><T4/><D4/><U61/><E27/><V115/><F104/><W85/><G69/><T35/><D33/><U8/><E8/><V22/><F105/><W73/><G6/><T19/><D5/><U103/><REACH who="1" step="1"/><E16/><REACH who="1" ten="250,240,250,250" step="2"/><N who="2" m="10527" /><F115/><W63/><REACH who="3" step="1"/><G73/><REACH who="3" ten="250,240,250,240" step="2"/><T62/><D74/><U10/><E10/><V37/><F119/><W31/><G31/><T26/><D30/><U71/><E71/><V48/><F37/><W41/><G41/><T121/><D121/><U134/><E134/><V40/><F40/><W98/><G98/><T122/><D122/><U46/><E46/><V133/><F133/><W3/><G3/><T56/><D19/><U83/><E83/><V108/><F108/><W76/><G76/><AGARI ba="0,2" hai="42,45,51,54,57,61,76,77,81,86,89,92,97,103" machi="76" ten="40,8000,1" yaku="1,1,8,1,52,2,53,1" doraHai="72" doraHaiUra="95" who="1" fromWho="3" sc="250,0,240,100,250,0,240,-80" /><INIT seed="1,0,0,3,5,117" ten="250,340,250,160" oya="1" hai0="39,38,86,90,33,27,50,112,71,5,88,52,29" hai1="47,134,68,82,95,60,34,105,133,45,118,42,3" hai2="0,32,58,77,26,11,40,131,37,83,61,10,65" hai3="103,84,130,109,62,100,14,125,28,98,55,2,70"/><U23/><E105/><V92/><F92/><W129/><G2/><T7/><D71/><U91/><E34/><V8/><F131/><N who="3" m="50187" /><G109/><T46/><D112/><U132/><E118/><V81/><F81/><W48/><G125/><T44/><D90/><U80/><E3/><V110/><F110/><W94/><G28/><T69/><D69/><U51/><E23/><V64/><F64/><N who="3" m="41239" /><G14/><T85/><D85/><U18/><E18/><V121/><F26/><W128/><N who="3" m="50195" /><W78/><DORA hai="30" /><G84/><T76/><D76/><U53/><E68/><V119/><F32/><W57/><G78/><T63/><D63/><U72/><E72/><V106/><F119/><W13/><G13/><T99/><D99/><N who="1" m="57855" /><E60/><V75/><F8/><W96/><G96/><T123/><D5/><U104/><E104/><V15/><F106/><W126/><G126/><T73/><D7/><U25/><E25/><V114/><F10/><W107/><G107/><T79/><D73/><U24/><E24/><V97/><F97/><W66/><G66/><T49/><D79/><U16/><E16/><V36/><F15/><W87/><G87/><T35/><D33/><U115/><E115/><V4/><F114/><W22/><G22/><T1/><D1/><U20/><E20/><V89/><F11/><W102/><AGARI ba="0,0" hai="48,55,57,94,98,100,102,103" m="41239,50195" machi="102" ten="40,1500,0" yaku="19,1" doraHai="117,30" who="3" fromWho="3" sc="250,-4,340,-7,250,-4,160,15" /><INIT seed="2,0,0,5,5,57" ten="246,333,246,175" oya="2" hai0="56,22,58,89,48,11,71,73,45,105,25,98,52" hai1="63,72,18,16,61,79,130,3,5,27,124,118,134" hai2="85,92,34,8,113,90,4,39,107,117,65,126,14" hai3="112,30,108,91,15,66,1,37,50,135,33,40,9"/><V36/><F113/><W70/><G112/><T100/><D73/><U0/><E118/><V133/><F117/><W93/><G108/><T6/><D71/><U76/><E72/><V12/><F126/><W13/><G135/><T83/><D89/><U94/><E5/><V84/><F133/><W17/><G37/><T80/><D58/><U28/><E134/><V46/><F107/><W29/><G1/><T74/><D45/><U116/><E116/><V127/><F127/><W86/><G33/><T41/><D41/><U32/><E124/><V121/><F121/><W82/><G93/><T53/><D53/><U97/><E130/><V101/><F101/><W106/><G106/><T102/><D74/><U23/><E3/><V43/><F34/><W99/><G99/><T60/><D48/><U67/><E0/><V10/><F65/><W88/><G91/><T20/><D20/><N who="1" m="15463" /><E67/><V119/><F119/><W24/><G24/><T62/><D62/><N who="1" m="23563" /><E32/><V96/><F36/><W132/><G132/><T103/><D105/><U31/><E31/><V120/><F120/><W95/><G70/><T109/><D109/><U44/><E44/><V123/><F123/><W81/><G66/><T104/><D104/><U35/><E35/><V26/><F26/><W131/><G131/><T87/><D87/><U77/><E23/><V111/><F111/><W42/><G30/><N who="0" m="17719" /><D98/><U19/><E77/><V2/><F2/><W75/><G75/><T110/><D110/><U64/><E64/><V69/><F69/><W122/><G122/><T21/><D21/><U68/><E68/><V49/><F39/><RYUUKYOKU ba="0,0" sc="246,10,333,10,246,10,175,-30" hai0="6,11,52,56,60,80,83,100,102,103" hai1="16,18,19,76,79,94,97" hai2="4,8,10,12,14,43,46,49,84,85,90,92,96" /><INIT seed="2,1,0,2,0,104" ten="256,343,256,145" oya="2" hai0="26,101,73,13,33,108,22,111,58,130,115,65,121" hai1="117,15,16,56,102,70,49,118,107,129,89,36,55" hai2="57,84,19,126,125,29,48,81,98,6,43,124,75" hai3="3,11,0,31,10,113,80,74,53,47,133,50,94"/><V34/><F6/><W76/><G133/><T132/><D121/><U51/><E36/><V7/><F7/><W83/><G113/><T54/><D115/><U77/><E70/><V103/><F19/><W119/><G119/><T97/><D130/><U25/><E129/><V64/><F64/><W5/><G31/><T45/><D45/><U9/><E77/><N who="2" m="44223" /><F84/><W44/><G94/><T30/><D65/><U67/><E67/><V2/><F2/><W66/><G66/><T79/><D132/><U39/><E39/><V52/><F43/><W122/><G122/><T86/><D86/><U69/><E69/><V42/><F42/><W128/><G128/><T12/><D79/><U17/><E49/><V110/><F110/><N who="0" m="42026" /><D73/><U127/><E17/><V20/><F34/><W62/><G76/><T61/><D33/><U114/><E114/><V96/><F103/><W109/><G109/><T37/><D37/><U40/><E40/><V24/><AGARI ba="1,0" hai="20,24,29,48,52,57,96,98,124,125,126" m="44223" machi="24" ten="40,7800,0" yaku="18,1,52,1,54,1" doraHai="104" who="2" fromWho="2" sc="256,-27,343,-27,256,81,145,-27" /><INIT seed="2,2,0,2,1,101" ten="229,316,337,118" oya="2" hai0="133,118,106,11,56,109,10,96,108,58,81,63,121" hai1="104,64,132,62,75,105,1,23,115,7,54,34,70" hai2="120,76,31,51,46,20,12,88,36,86,97,19,73" hai3="3,48,100,15,24,30,72,122,112,66,119,33,45"/><V84/><F120/><W90/><G122/><T129/><D121/><U9/><E115/><V2/><F2/><W21/><G119/><T25/><D118/><U124/><E124/><V89/><F36/><W128/><G112/><T93/><D133/><U82/><E132/><V22/><F73/><W74/><G128/><T17/><D129/><U114/><E114/><V28/><F76/><W126/><G126/><T127/><D81/><U116/><E116/><V60/><F60/><W83/><G66/><T125/><D58/><U98/><E98/><V71/><F71/><W113/><G113/><T55/><D10/><U53/><E23/><V42/><F97/><W47/><G47/><T16/><D17/><U43/><E43/><V39/><F39/><W4/><G100/><N who="0" m="62727" /><D93/><U130/><E130/><V13/><F13/><W99/><G83/><T135/><D135/><U6/><E6/><V69/><F69/><W0/><G90/><N who="2" m="34921" /><F22/><W65/><G99/><T38/><D38/><U134/><E134/><V67/><F67/><W50/><G65/><T14/><D25/><U52/><REACH who="1" step="1"/><E34/><REACH who="1" ten="229,306,337,118" step="2"/><V91/><F84/><W95/><G33/><T102/><D102/><U111/><E111/><AGARI ba="2,1" hai="11,14,16,55,56,63,108,109,111,125,127" m="62727" machi="111" ten="30,3900,0" yaku="14,1,52,1,54,1" doraHai="101" who="0" fromWho="1" sc="229,55,306,-45,337,0,118,0" /><INIT seed="3,0,0,2,5,88" ten="284,261,337,118" oya="3" hai0="66,44,76,24,35,19,47,115,106,135,58,30,9" hai1="5,51,116,46,89,17,107,63,102,22,104,83,75" hai2="41,100,42,55,54,21,94,87,103,82,62,122,59" hai3="71,113,16,110,3,118,101,70,61,2,27,43,90"/><W6/><G113/><T32/><D115/><U126/><E126/><V68/><F68/><W112/><G112/><T121/><D121/><U123/><E123/><V98/><F103/><W120/><G120/><T117/><D117/><U14/><E116/><V133/><F133/><W26/><G118/><T36/><D106/><U38/><E38/><V50/><F21/><W84/><G43/><T80/><D35/><U77/><E102/><V78/><F122/><W74/><G74/><T85/><D36/><U91/><E5/><V40/><F40/><W34/><G101/><T45/><D135/><U81/><E91/><V129/><F129/><W33/><G110/><T10/><D19/><U11/><E63/><V52/><F54/><W53/><G53/><T4/><D4/><U105/><E83/><V29/><F29/><W31/><G6/><T56/><D66/><U39/><E89/><V132/><F132/><W86/><G61/><T69/><D69/><U12/><E39/><V111/><F111/><W15/><G70/><T79/><D79/><U72/><E72/><V93/><F93/><N who="3" m="54471" /><G86/><T125/><D125/><U73/><E73/><V23/><F41/><W130/><G130/><T1/><D1/><U99/><E99/><V127/><F42/><W60/><G33/><T65/><D65/><U67/><E67/><V92/><F87/><W37/><G37/><T28/><D28/><U109/><E109/><V13/><F127/><W7/><G7/><T49/><D49/><U57/><E105/><N who="2" m="63639" /><F50/><W48/><G48/><T8/><AGARI ba="0,0" hai="8,9,10,24,30,32,44,45,47,56,58,76,80,85" machi="8" ten="30,1100,0" yaku="0,1" doraHai="88" who="0" fromWho="0" sc="284,11,261,-3,337,-3,118,-5" owari="295,9.5,258,-14.2,334,43.4,113,-38.7" /></mjloggm>