<mjloggm ver="2.3"><GO type="225" lobby="0"/><UN n0="%E3%83%97%E3%83%92" n1="%E3%82%A2%E3%83%BC%E3%83%A2%E3%83%AD%E3%83%BC%E3%83%B4%E3%82%A1" n2="%48%61%61%61%6C%61%6E%64" n3="%E7%A6%8F%E5%8E%9F%E9%81%A5%E3%81%A8%E7%B5%90%E5%A9%9A%E3%81%99%E3%82%8B" dan="17,16,18,17" rate="2195.86,2153.63,2231.95,2129.25" sx="M,M,M,M"/><TAIKYOKU oya="0"/><INIT seed="0,0,0,3,0,118" ten="250,250,250,250" oya="0" hai0="62,47,89,39,131,73,6,86,123,57,56,24,68" hai1="103,41,67,23,88,11,95,43,29,125,113,120,98" hai2="2,27,87,106,22,83,134,26,110,25,92,15,81" hai3="97,128,71,46,16,3,91,59,4,132,12,51,93"/><T77/><D131/><U49/><E125/><V14/><F2/><W55/><G71/><T94/><D6/><U33/><E33/><V107/><F110/><W5/><G128/><T50/><D39/><U31/><E120/><V116/><F116/><W36/><G132/><T100/><D100/><U130/><E130/><V66/><F134/><W104/><G104/><T109/><D109/><U84/><E113/><V53/><F66/><W126/><G3/><T9/><D9/><U32/><E32/><V48/><F106/><W117/><G126/><T37/><D37/><U105/><E67/><V74/><F107/><W121/><G117/><T0/><D0/><U90/><E11/><V70/><F70/><W72/><G72/><T133/><D133/><U8/><E8/><V35/><F35/><W124/><G121/><T38/><D38/><U108/><E108/><V135/><F135/><W7/><G124/><T63/><D123/><U76/><E76/><V101/><F74/><W82/><G82/><N who="2" m="31241" /><F22/><N who="3" m="11527" /><G36/><T10/><D73/><U78/><E78/><V79/><F79/><W80/><G80/><N who="0" m="47375" /><D10/><U69/><E69/><V1/><F1/><W54/><G7/><T102/><D102/><U65/><E65/><V18/><F101/><W21/><G21/><T112/><D112/><U17/><E90/><N who="2" m="53343" /><F18/><W13/><G13/><T42/><D24/><N who="1" m="14447" /><E41/><V28/><F28/><W45/><G5/><T122/><D122/><U58/><E43/><V119/><F119/><W96/><G4/><T115/><D115/><U60/><E49/><V114/><F114/><W85/><G55/><T64/><D62/><RYUUKYOKU ba="0,0" sc="250,0,250,0,250,0,250,0" hai0="42,47,50,56,57,63,64,68,89,94" hai1="29,31,58,60,84,88,95,98,103,105" hai2="14,15,25,26,27,48,53" hai3="45,46,51,54,59,85,91,93,96,97" /><INIT seed="0,1,0,1,0,47" ten="250,250,250,250" oya="0" hai0="107,127,99,37,54,72,1,66,135,87,63,64,13" hai1="19,46,130,51,84,82,123,89,118,128,29,69,60" hai2="73,134,70,18,26,59,78,34,126,120,62,122,92" hai3="94,102,56,116,50,132,8,77,67,80,3,76,32"/><T2/><D72/><U21/><E118/><V104/><F104/><W103/><G32/><T23/><D37/><U131/><E123/><V74/><F70/><W41/><G116/><T11/><D135/><U9/><E9/><V71/><F71/><W117/><G117/><T49/><D127/><U124/><E124/><V119/><F119/><W24/><G132/><T81/><D23/><U58/><E29/><V101/><F134/><W0/><G24/><T65/><D63/><U10/><E10/><V4/><F4/><W15/><G3/><T30/><D30/><U93/><E69/><V111/><F126/><W35/><G0/><T112/><D107/><U88/><E60/><V75/><F78/><W105/><G105/><T91/><D99/><U25/><E58/><V129/><F129/><W45/><G35/><T108/><D112/><U121/><E121/><V85/><F34/><W57/><G67/><T83/><D83/><U40/><E93/><V17/><F120/><W27/><G27/><T96/><D96/><U28/><E28/><V125/><F26/><W90/><G77/><AGARI ba="1,0" hai="19,21,25,40,46,51,77,82,84,88,89,128,130,131" machi="77" ten="40,5200,0" yaku="19,1,52,1,54,1" doraHai="47" who="1" fromWho="3" sc="250,0,250,55,250,0,250,-55" /><INIT seed="1,0,0,5,1,14" ten="250,305,250,195" oya="1" hai0="97,37,39,56,113,36,116,52,67,110,108,126,70" hai1="90,47,46,79,7,12,81,62,18,35,78,22,75" hai2="10,40,94,89,68,85,125,117,63,48,135,43,72" hai3="42,45,91,30,54,41,25,76,3,104,53,120,123"/><U80/><E35/><V111/><F117/><W92/><G104/><T121/><D97/><U93/><E62/><V119/><F119/><W5/><G76/><T96/><D116/><U74/><REACH who="1" step="1"/><E7/><REACH who="1" ten="250,295,250,195" step="2"/><V8/><F63/><W15/><G5/><T32/><D32/><U0/><E0/><V29/><F68/><W44/><G3/><T64/><D70/><U65/><E65/><V61/><F61/><W82/><G120/><T59/><D121/><U71/><E71/><V49/><F125/><W105/><G123/><T57/><D126/><U26/><E26/><V103/><F135/><W109/><G25/><T102/><D113/><U73/><E73/><V129/><F72/><W6/><G6/><T112/><D112/><U128/><E128/><V133/><F129/><W21/><G109/><N who="0" m="42091" /><D67/><U86/><AGARI ba="0,1" hai="12,18,22,46,47,74,75,78,79,80,81,86,90,93" machi="86" ten="20,18000,2" yaku="1,1,0,1,7,1,9,1,52,1,53,1" doraHai="14" doraHaiUra="19" who="1" fromWho="1" sc="250,-60,295,190,250,-60,195,-60" /><INIT seed="1,1,0,1,4,75" ten="190,485,190,135" oya="1" hai0="102,77,12,112,22,130,56,103,90,119,52,59,61" hai1="133,99,111,96,13,6,91,121,18,105,40,89,107" hai2="94,67,95,8,115,85,132,117,32,38,23,101,74" hai3="42,46,131,20,64,84,50,48,29,134,108,92,126"/><U63/><E121/><V51/><F32/><W44/><G108/><T39/><D112/><U3/><E40/><V33/><F33/><W82/><G131/><T5/><D39/><U19/><E3/><V24/><F38/><W104/><G104/><T37/><D37/><U66/><E6/><V116/><F74/><W106/><G106/><T128/><D119/><U35/><E133/><V17/><F132/><W68/><G134/><T60/><D90/><U70/><E111/><V86/><F115/><W81/><G126/><T10/><D22/><U16/><E13/><N who="2" m="7335" /><F117/><W73/><G73/><T57/><D57/><U21/><E21/><V88/><F67/><W11/><G11/><T83/><D128/><U71/><E35/><V80/><F116/><W36/><G36/><T129/><D129/><U28/><E28/><N who="2" m="17439" /><F101/><W9/><G9/><T1/><D1/><U7/><E7/><V0/><F0/><W98/><G64/><T49/><D130/><U69/><E105/><V124/><F124/><W31/><G68/><T109/><D109/><U30/><E30/><N who="3" m="11274" /><G20/><T87/><D49/><U122/><E122/><V113/><F113/><W110/><G110/><T47/><D47/><U41/><E107/><V93/><F51/><W27/><G27/><T127/><D127/><U135/><E135/><V118/><F118/><W120/><G120/><T53/><AGARI ba="1,0" hai="5,10,12,52,53,56,59,60,61,77,83,87,102,103" machi="53" ten="20,12000,2" yaku="0,1,7,1,9,1,8,1,52,1,54,1" doraHai="75" who="0" fromWho="0" sc="190,123,485,-61,190,-31,135,-31" /><INIT seed="2,0,0,0,1,29" ten="313,424,159,104" oya="2" hai0="97,106,103,85,124,54,46,30,61,104,1,92,42" hai1="131,82,122,52,27,43,86,132,99,134,108,51,60" hai2="74,73,113,129,114,21,19,48,101,90,0,62,77" hai3="87,109,11,75,56,80,39,31,28,5,63,126,32"/><V64/><F0/><W41/><G109/><T66/><D1/><U58/><E108/><V2/><F2/><W125/><G75/><T105/><D124/><N who="3" m="47721" /><G41/><T24/><D54/><U76/><E131/><V96/><F129/><W35/><G39/><T68/><D85/><U26/><E122/><V130/><F130/><W10/><G5/><T84/><D84/><U88/><E99/><V36/><F36/><W100/><G100/><T118/><D118/><U95/><E43/><V57/><F90/><N who="3" m="51559" /><G31/><T55/><D55/><U38/><E38/><V116/><F116/><W7/><G28/><T50/><REACH who="0" step="1"/><D92/><REACH who="0" ten="303,424,159,104" step="2"/><U121/><E121/><V16/><F74/><W34/><G7/><T111/><D111/><U6/><E6/><V13/><F73/><W9/><G9/><T91/><D91/><U17/><E95/><V107/><F77/><W120/><G120/><T72/><D72/><U79/><E79/><V69/><F113/><W37/><G37/><T110/><D110/><U14/><E76/><V135/><F114/><W22/><G22/><AGARI ba="0,1" hai="22,24,30,42,46,50,61,66,68,97,103,104,105,106" machi="22" ten="30,3900,0" yaku="1,1,7,1,53,1" doraHai="29" doraHaiUra="93" who="0" fromWho="3" sc="303,49,424,0,159,0,104,-39" /><INIT seed="3,0,0,3,5,30" ten="352,424,159,65" oya="3" hai0="40,88,126,111,54,47,122,61,100,3,79,134,72" hai1="39,64,86,9,27,90,50,98,105,55,96,121,91" hai2="73,132,75,115,102,10,21,31,29,60,85,2,33" hai3="49,51,80,1,87,19,25,38,130,0,4,109,106"/><W99/><G38/><T70/><D122/><U82/><E121/><V103/><F115/><W14/><G130/><T117/><D117/><U20/><E39/><V97/><F132/><W127/><G127/><T120/><D120/><U44/><E105/><V56/><F85/><W68/><G68/><T62/><D100/><U112/><E112/><V76/><F103/><W15/><G106/><T6/><D134/><U81/><E64/><V74/><F76/><W35/><G99/><N who="1" m="37930" /><E9/><V17/><F33/><W8/><G109/><T59/><D126/><U46/><E46/><V124/><F124/><W57/><G57/><T37/><D111/><U42/><E55/><V41/><F41/><W123/><G123/><T93/><D6/><U128/><E128/><V7/><F97/><W110/><G110/><T101/><D3/><U65/><E65/><V116/><F116/><W107/><G107/><T48/><D101/><U118/><E118/><V108/><F102/><W34/><G1/><T92/><D62/><U23/><E27/><V113/><F113/><W78/><G15/><T32/><D88/><N who="1" m="33835" /><E86/><V63/><F108/><W5/><G5/><T69/><D69/><U129/><E129/><V67/><REACH who="2" step="1"/><F63/><REACH who="2" ten="352,424,149,65" step="2"/><W45/><G45/><T58/><D79/><U84/><E84/><V16/><F16/><W13/><G34/><T52/><D72/><U11/><E11/><V77/><F77/><W135/><G135/><T18/><D18/><U94/><E94/><N who="0" m="36457" /><D70/><U22/><AGARI ba="0,1" hai="20,22,23,42,44,50,81,82" m="33835,37930" machi="22" ten="30,2000,0" yaku="8,1,54,1" doraHai="30" who="1" fromWho="1" sc="352,-5,424,30,149,-5,65,-10" owari="347,14.7,454,55.4,144,-25.6,55,-44.5" /></mjloggm>