<mjloggm ver="2.3"><GO type="225" lobby="0"/><UN n0="%E3%81%BE%E3%81%A8%E3%81%9F" n1="%E3%82%B8%E3%83%A3%E3%83%9E%E3%83%BC%E3%83%AB%E3%83%9E%E3%83%AC%E3%83%BC" n2="%65%6B%61%72%75%74%65" n3="%E6%97%A5%E6%9B%9C%E6%97%A5%E3%82%88%E3%82%8A%E3%81%AE%E4%BD%BF%E8%80%85" dan="16,17,16,18" rate="2168.71,2204.05,2135.32,2162.32" sx="M,M,M,M"/><TAIKYOKU oya="0"/><INIT seed="0,0,0,0,0,69" ten="250,250,250,250" oya="0" hai0="14,24,36,27,118,117,44,77,7,124,65,2,30" hai1="43,90,50,126,135,131,12,15,68,114,76,115,123" hai2="84,88,92,26,82,64,83,40,20,48,35,73,105" hai3="101,18,33,112,61,49,19,51,41,102,108,8,32"/><T23/><D65/><U21/><E123/><V95/><F35/><W67/><G112/><N who="1" m="43050" /><E68/><V89/><F105/><W63/><G8/><N who="0" m="2167" /><D77/><U97/><E126/><V116/><F64/><W128/><G67/><T60/><D60/><U91/><E131/><V94/><F116/><N who="0" m="44650" /><D44/><N who="1" m="25887" /><E135/><V75/><F73/><W62/><G41/><T121/><D121/><U22/><E76/><V31/><F75/><W93/><G62/><T25/><D36/><U122/><E122/><V46/><REACH who="2" step="1"/><F83/><REACH who="2" ten="250,250,240,250" step="2"/><W104/><G104/><T13/><D124/><U110/><E110/><V45/><F45/><W37/><G108/><T79/><D79/><AGARI ba="0,1" hai="20,26,31,40,46,48,79,82,84,88,89,92,94,95" machi="79" ten="40,5200,0" yaku="1,1,8,1,54,1,53,0" doraHai="69" doraHaiUra="57" who="2" fromWho="0" sc="250,-52,250,0,240,62,250,0" /><INIT seed="1,0,0,4,1,44" ten="198,250,302,250" oya="1" hai0="90,77,17,6,56,28,102,89,0,82,1,87,92" hai1="23,120,125,16,74,55,124,122,42,18,8,121,3" hai2="71,98,62,135,19,25,128,111,27,50,12,29,60" hai3="15,7,64,67,33,49,30,112,129,59,104,95,51"/><U101/><E74/><V43/><F111/><W36/><G36/><T107/><D28/><U123/><N who="1" m="30720" /><DORA hai="11" /><U81/><E101/><V53/><F128/><W109/><G104/><T85/><D17/><N who="1" m="6763" /><E42/><V57/><F135/><W46/><G30/><T134/><D134/><U54/><E81/><V38/><F71/><W130/><G33/><T26/><D26/><U20/><E55/><V91/><F38/><W70/><G109/><T108/><D108/><U110/><E54/><V35/><F27/><W45/><G95/><T78/><D6/><N who="1" m="1119" /><E110/><V96/><F43/><N who="3" m="24767" /><G70/><T100/><D56/><U73/><E73/><V5/><F96/><W66/><G59/><T65/><D65/><U24/><E24/><V105/><F105/><W106/><G106/><T37/><D37/><U2/><E2/><V52/><F53/><N who="3" m="29943" /><G67/><T72/><D0/><U103/><E103/><N who="0" m="39465" /><D1/><U68/><E68/><V94/><REACH who="2" step="1"/><F5/><REACH who="2" ten="198,250,292,250" step="2"/><W75/><G130/><T32/><D107/><U93/><E93/><V41/><F41/><W116/><G129/><T14/><D92/><U31/><E31/><V48/><F48/><W113/><G66/><T99/><D99/><U76/><E76/><V97/><F97/><W13/><G64/><T127/><D77/><U117/><E117/><V80/><F80/><W47/><G47/><T84/><D82/><U88/><E88/><V10/><AGARI ba="0,1" hai="10,12,19,25,29,35,50,52,57,60,62,91,94,98" machi="10" ten="20,12000,2" yaku="1,1,0,1,7,1,52,2,54,1,53,0" doraHai="44,11" doraHaiUra="83,61" who="2" fromWho="2" sc="198,-30,250,-60,292,130,250,-30" /><INIT seed="2,0,0,2,2,78" ten="168,190,422,220" oya="2" hai0="87,82,10,15,129,95,96,112,0,111,100,74,27" hai1="5,67,80,40,11,47,70,49,135,83,48,38,113" hai2="107,62,84,133,54,33,79,53,63,4,120,52,9" hai3="81,43,34,122,59,125,46,30,17,7,24,36,41"/><V16/><F120/><W119/><G122/><T23/><D112/><U101/><E113/><V25/><F107/><W128/><G119/><T32/><D129/><U58/><E135/><V18/><F133/><W39/><G128/><T14/><D74/><U75/><E101/><V19/><F33/><W132/><G132/><T131/><D111/><U118/><E118/><V2/><REACH who="2" step="1"/><F25/><REACH who="2" ten="168,190,412,220" step="2"/><W90/><G34/><T64/><D32/><U109/><E109/><V55/><N who="2" m="13312" /><DORA hai="97" /><V77/><F77/><W99/><G24/><T124/><D131/><U121/><E121/><V68/><F68/><W134/><G134/><T103/><D27/><U45/><E70/><V21/><F21/><W35/><G35/><T8/><D23/><U93/><E47/><V94/><F94/><W106/><G46/><T28/><D95/><U26/><E93/><V56/><F56/><W98/><G59/><T110/><D110/><U50/><E26/><V126/><F126/><W31/><G125/><T114/><D124/><U91/><E58/><V3/><F3/><W92/><G92/><T42/><D0/><U66/><E45/><V85/><F85/><W89/><G106/><T29/><D114/><U127/><E127/><V76/><F76/><W102/><G98/><T130/><D96/><U1/><E75/><V88/><F88/><W65/><G90/><T57/><D130/><U20/><E20/><V117/><F117/><W73/><G73/><T61/><D87/><N who="1" m="50663" /><E83/><AGARI ba="0,1" hai="2,4,9,16,18,19,62,63,79,83,84" m="13312" machi="83" ten="60,36000,4" yaku="1,1,52,1,54,2,53,7" doraHai="78,97" doraHaiUra="13,51" who="2" fromWho="1" sc="168,0,190,-360,412,370,220,0" owari="168,-23.2,-170,-67.0,782,88.2,220,2.0" /></mjloggm>