<mjloggm ver="2.3"><GO type="225" lobby="0"/><UN n0="%E6%A1%9C%E8%8A%B1%E9%96%83%E3%80%85" n1="%E6%80%AA%E3%81%97%E3%81%99%E3%81%8E%E3%82%8B%E3%83%81%E3%83%BC" n2="%E8%A8%88%E7%AE%97%E6%A9%9F%E8%87%AA%E7%84%B6" n3="%E3%82%A2%E3%83%BC%E3%83%A2%E3%83%AD%E3%83%BC%E3%83%B4%E3%82%A1" dan="18,16,17,16" rate="2238.97,2123.26,2228.19,2164.00" sx="M,M,M,M"/><TAIKYOKU oya="0"/><INIT seed="0,0,0,5,2,65" ten="250,250,250,250" oya="0" hai0="67,94,101,6,97,120,126,5,123,131,111,0,78" hai1="102,13,93,134,34,71,59,22,8,19,27,76,70" hai2="21,24,64,89,42,20,128,96,4,3,104,106,12" hai3="83,40,43,7,118,62,45,68,100,46,91,51,117"/><T122/><D126/><U30/><E134/><V49/><F3/><W77/><G100/><T26/><D131/><U16/><E76/><V11/><F128/><W82/><G7/><T80/><D111/><U58/><E102/><V47/><F20/><W38/><G91/><T23/><D67/><U53/><E93/><V72/><F72/><W99/><G99/><T116/><D116/><U86/><E86/><V92/><REACH who="2" step="1"/><F64/><REACH who="2" ten="250,250,240,250" step="2"/><W73/><G117/><T74/><REACH who="0" step="1"/><D0/><REACH who="0" ten="240,250,240,250" step="2"/><U63/><REACH who="1" step="1"/><E59/><REACH who="1" ten="240,240,240,250" step="2"/><V57/><F57/><W60/><G118/><T15/><D15/><AGARI ba="0,3" hai="8,13,15,16,19,22,27,30,34,53,58,63,70,71" machi="15" ten="30,12000,2" yaku="1,1,2,1,7,1,52,2,54,1,53,1" doraHai="65" doraHaiUra="18" who="1" fromWho="0" sc="240,-120,240,150,240,0,250,0" /><INIT seed="1,0,0,4,4,38" ten="120,390,240,250" oya="1" hai0="30,85,68,105,123,135,134,73,91,71,22,35,81" hai1="18,10,13,33,126,66,122,21,60,59,96,41,63" hai2="67,8,2,39,40,34,97,116,103,27,11,9,93" hai3="101,113,115,45,29,112,54,62,114,42,50,48,46"/><U98/><E122/><V5/><F116/><W44/><N who="3" m="28672" /><DORA hai="102" /><W79/><G79/><T20/><D123/><U89/><E33/><V1/><F67/><W7/><G7/><T133/><D73/><U82/><E126/><V88/><F5/><W120/><G120/><T55/><D55/><U131/><E131/><V70/><F70/><W74/><G74/><T28/><D35/><U99/><E63/><V121/><F121/><W26/><G101/><T43/><D43/><U75/><E41/><V83/><F27/><W80/><G80/><T25/><REACH who="0" step="1"/><D105/><REACH who="0" ten="110,390,240,250" step="2"/><U65/><E75/><V47/><REACH who="2" step="1"/><F34/><REACH who="2" ten="110,390,230,250" step="2"/><W78/><G42/><T127/><D127/><U57/><E66/><V132/><F132/><W107/><G54/><T72/><D72/><U16/><E65/><V64/><F64/><W110/><G44/><T58/><D58/><U23/><E59/><V24/><F24/><AGARI ba="0,2" hai="20,22,24,25,28,30,68,71,81,85,91,133,134,135" machi="24" ten="40,5200,0" yaku="1,1,9,1,20,1,53,0" doraHai="38,102" doraHaiUra="61,92" who="0" fromWho="2" sc="110,72,390,0,230,-52,250,0" /><INIT seed="2,0,0,2,1,59" ten="182,390,178,250" oya="2" hai0="44,53,26,5,0,77,19,126,105,30,119,25,115" hai1="124,1,16,28,42,90,63,106,80,37,103,70,46" hai2="91,52,55,4,7,92,34,47,93,10,12,68,15" hai3="67,39,43,95,88,48,11,21,113,135,114,38,120"/><V56/><F68/><W89/><G120/><T99/><D115/><N who="3" m="44041" /><G135/><T32/><D126/><U132/><E1/><V79/><F34/><W6/><G67/><T35/><D77/><U60/><E124/><V9/><F79/><W116/><G21/><T130/><D19/><U20/><E132/><V41/><F91/><N who="3" m="34891" /><G95/><T78/><D78/><U83/><E70/><V50/><REACH who="2" step="1"/><F55/><REACH who="2" ten="182,390,168,250" step="2"/><W131/><G116/><T127/><D53/><U134/><E90/><V94/><F94/><W69/><G69/><T17/><D35/><U76/><E134/><V14/><F14/><N who="3" m="5495" /><G131/><T8/><D130/><U13/><E83/><V111/><F111/><W107/><G107/><T112/><D127/><U74/><E106/><V36/><AGARI ba="0,1" hai="4,7,9,10,12,15,36,41,47,50,52,56,92,93" machi="36" ten="20,12000,1" yaku="1,1,0,1,7,1,9,1,54,1,53,0" doraHai="59" doraHaiUra="96" who="2" fromWho="2" sc="182,-40,390,-40,168,130,250,-40" /><INIT seed="2,1,0,2,1,46" ten="142,350,298,210" oya="2" hai0="122,135,82,91,110,18,56,31,109,45,38,114,14" hai1="17,84,73,34,72,25,68,3,116,119,85,70,76" hai2="23,39,75,94,47,28,97,71,8,107,126,115,64" hai3="69,89,41,106,2,55,58,100,53,15,62,5,48"/><V11/><F75/><W21/><G69/><T83/><D122/><U26/><E17/><V32/><F115/><W127/><G127/><T4/><D114/><U124/><E76/><V59/><F32/><W79/><G79/><T131/><D4/><U95/><E95/><V134/><F71/><W20/><G2/><T96/><D31/><U57/><E57/><V129/><F107/><W61/><G41/><T1/><D1/><U108/><E3/><V49/><F129/><W130/><G130/><T65/><D131/><U111/><E34/><V50/><F134/><W105/><G89/><T30/><D30/><U52/><E52/><N who="2" m="32143" /><F39/><W87/><G87/><N who="0" m="50679" /><D96/><U27/><E27/><N who="2" m="16511" /><F64/><W63/><G55/><T99/><D65/><U36/><E36/><V12/><F12/><W35/><G35/><T117/><D38/><U132/><E124/><V125/><F126/><W101/><G105/><T90/><D117/><U77/><E77/><V128/><F128/><W102/><G106/><T104/><D135/><AGARI ba="1,0" hai="25,26,68,70,72,73,84,85,108,111,116,119,132,135" machi="135" ten="25,1600,0" yaku="22,2" doraHai="46" who="1" fromWho="0" sc="142,-19,350,19,298,0,210,0" /><INIT seed="3,0,0,4,3,103" ten="123,369,298,210" oya="3" hai0="85,4,78,27,118,66,18,115,120,122,36,83,100" hai1="22,71,44,108,81,107,47,117,10,62,84,76,56" hai2="119,30,110,77,54,127,7,20,50,24,86,41,34" hai3="99,109,13,55,35,9,101,37,114,58,94,5,126"/><W26/><G114/><T95/><D118/><U0/><E107/><V14/><F119/><W49/><G126/><T29/><D115/><U102/><E71/><V133/><F110/><W65/><G37/><T39/><D4/><U33/><E33/><V98/><F133/><W68/><G109/><T113/><D113/><U134/><E102/><V1/><F98/><W79/><G79/><T104/><D18/><U67/><E134/><V69/><F69/><W131/><G131/><T80/><D66/><U28/><E108/><V16/><F41/><W116/><G116/><T19/><D19/><U105/><E105/><V46/><F127/><W121/><G121/><T70/><D70/><U125/><E125/><V129/><F129/><W73/><G73/><T64/><D64/><U51/><E51/><V74/><F86/><W61/><G35/><T23/><D95/><U38/><E38/><V87/><F87/><W89/><G101/><T96/><D120/><U53/><E67/><V52/><F54/><W82/><G26/><T91/><REACH who="0" step="1"/><D122/><REACH who="0" ten="113,369,298,210" step="2"/><U17/><E117/><V128/><F128/><W3/><REACH who="3" step="1"/><G82/><REACH who="3" ten="113,369,298,200" step="2"/><T57/><D57/><U32/><E56/><V59/><F77/><W43/><G43/><T60/><D60/><U97/><E76/><V48/><F74/><AGARI ba="0,2" hai="23,27,29,36,39,74,78,80,83,85,91,96,100,104" machi="74" ten="30,3900,0" yaku="1,1,7,1,52,1,53,0" doraHai="103" doraHaiUra="15" who="0" fromWho="2" sc="113,59,369,0,298,-39,200,0" owari="172,-32.8,369,46.9,259,5.9,200,-20.0" /></mjloggm>