<mjloggm ver="2.3"><GO type="225" lobby="0"/><UN n0="%E3%81%82%E3%81%84%E3%81%82%E3%81%8A%E3%81%84" n1="%E6%9D%BE%E6%9C%AC%E5%81%A5%E7%94%B7" n2="%E3%83%B4%E3%82%A3%E3%83%AF%E3%82%B3%E3%82%B0%E3%83%8B" n3="%E6%80%AA%E3%81%97%E3%81%99%E3%81%8E%E3%82%8B%E3%83%81%E3%83%BC" dan="18,16,16,16" rate="2217.55,2157.01,2145.45,2085.95" sx="M,M,M,M"/><TAIKYOKU oya="0"/><INIT seed="0,0,0,2,3,73" ten="250,250,250,250" oya="0" hai0="10,20,107,118,97,134,0,14,30,71,42,72,23" hai1="16,1,87,86,112,62,7,124,58,77,65,29,35" hai2="110,128,119,130,68,61,67,109,123,45,48,54,21" hai3="99,74,40,113,31,127,103,129,22,46,52,78,11"/><T82/><D118/><U9/><E124/><V63/><F119/><W105/><G113/><T79/><D71/><U115/><E29/><V100/><F100/><W75/><G127/><T126/><D126/><U25/><E35/><V37/><F21/><W26/><G129/><N who="2" m="49769" /><F37/><W70/><G70/><T8/><D134/><U104/><E104/><V80/><F80/><W84/><G11/><T24/><D42/><U4/><E4/><V121/><F61/><W33/><G33/><T92/><D107/><U5/><E5/><V102/><F102/><W55/><G75/><T76/><D0/><U125/><E125/><V122/><AGARI ba="0,0" hai="45,48,54,63,67,68,109,110,121,122,123" m="49769" machi="122" ten="40,5200,0" yaku="19,1,34,2" doraHai="73" who="2" fromWho="2" sc="250,-26,250,-13,250,52,250,-13" /><INIT seed="1,0,0,2,0,78" ten="224,237,302,237" oya="1" hai0="70,7,48,20,27,133,3,68,42,103,19,116,81" hai1="39,88,130,113,34,32,25,114,59,93,122,33,96" hai2="106,126,5,85,18,60,76,83,74,61,97,62,100" hai3="64,71,41,90,37,56,16,95,12,77,45,104,6"/><U40/><E122/><V119/><F119/><W115/><G104/><T53/><D116/><U134/><E134/><V30/><F126/><W4/><G115/><T51/><D133/><U112/><E130/><V84/><F5/><W63/><G77/><T8/><D103/><U22/><E40/><V127/><F127/><W99/><REACH who="3" step="1"/><G71/><REACH who="3" ten="224,237,302,227" step="2"/><T58/><D68/><U23/><E39/><V120/><F120/><W80/><G80/><T135/><D70/><U107/><E107/><V132/><F132/><W129/><G129/><T86/><D135/><U57/><REACH who="1" step="1"/><E22/><AGARI ba="0,1" hai="4,6,12,16,22,37,41,45,56,63,64,90,95,99" machi="22" ten="30,3900,0" yaku="1,1,7,1,54,1,53,0" doraHai="78" doraHaiUra="105" who="3" fromWho="1" sc="224,0,237,-39,302,0,227,49" /><INIT seed="2,0,0,1,3,29" ten="224,198,302,276" oya="2" hai0="80,126,81,32,25,69,90,87,23,16,100,131,135" hai1="63,105,83,39,40,103,58,26,77,106,45,31,98" hai2="53,24,60,125,55,92,4,114,33,30,97,129,82" hai3="0,134,42,70,14,112,18,15,107,41,47,109,19"/><V91/><F114/><W44/><G0/><T66/><D126/><U17/><E17/><N who="3" m="6154" /><G70/><T133/><D131/><U5/><E5/><V121/><F121/><W99/><G107/><T68/><D100/><U10/><E10/><V46/><F129/><W71/><G71/><T128/><D128/><U12/><E12/><N who="3" m="4650" /><G109/><T20/><D20/><U119/><E119/><V8/><F125/><W78/><G78/><T74/><D32/><U22/><E105/><V94/><F60/><W79/><G79/><N who="0" m="44151" /><D66/><U67/><E83/><V88/><F46/><N who="3" m="17451" /><G134/><AGARI ba="0,0" hai="16,23,25,68,69,81,87,90,133,134,135" m="44151" machi="134" ten="30,2000,0" yaku="20,1,54,1" doraHai="29" who="0" fromWho="3" sc="224,20,198,0,302,0,276,-20" /><INIT seed="3,0,0,4,2,68" ten="244,198,302,256" oya="3" hai0="87,117,61,35,56,105,99,2,104,20,112,73,84" hai1="119,108,58,97,25,27,24,130,96,95,72,124,10" hai2="57,16,29,92,49,66,91,48,125,60,11,106,110" hai3="89,9,63,93,74,18,100,120,131,28,109,118,107"/><W34/><G118/><T135/><D35/><U59/><E119/><V129/><F106/><W133/><G120/><T39/><D73/><U62/><E108/><V13/><F110/><W78/><G109/><T14/><D2/><U21/><E124/><V83/><F125/><W4/><G133/><T55/><D117/><U51/><E130/><V46/><F129/><W15/><G131/><T8/><D39/><U86/><E72/><V114/><F114/><W102/><G107/><T76/><D135/><U82/><E10/><V103/><F29/><W5/><G63/><T31/><D112/><U41/><E21/><V64/><F64/><W53/><G53/><T88/><D76/><U123/><E123/><V7/><F83/><W17/><G78/><T52/><D55/><U44/><E62/><V26/><F103/><N who="3" m="39467" /><G28/><T81/><D87/><U65/><E95/><V67/><F67/><W101/><G101/><T94/><D99/><U115/><E115/><V54/><F48/><W128/><G74/><T42/><D42/><U38/><E38/><V134/><F134/><W132/><G34/><T3/><D3/><U22/><E65/><V37/><F37/><W33/><G33/><T113/><D113/><U111/><E111/><V98/><F26/><W19/><G132/><T23/><D94/><U79/><REACH who="1" step="1"/><E22/><REACH who="1" ten="244,188,302,256" step="2"/><V77/><F7/><N who="3" m="3519" /><G128/><T36/><D36/><U1/><E1/><V75/><F75/><W121/><G121/><T80/><D23/><U126/><E126/><V70/><F70/><W47/><G5/><N who="0" m="3343" /><D81/><U122/><E122/><V12/><F12/><W90/><G4/><RYUUKYOKU ba="0,1" sc="244,10,188,10,302,10,256,-30" hai0="20,31,52,56,61,80,84,88,104,105" hai1="24,25,27,41,44,51,58,59,79,82,86,96,97" hai2="11,13,16,46,49,54,57,60,66,77,91,92,98" owari="254,5.4,198,-30.2,322,42.2,226,-17.4" /></mjloggm>