<mjloggm ver="2.3"><GO type="225" lobby="0"/><UN n0="%37%2F%32%E3%81%AB%E7%94%9F%E3%81%BE%E3%82%8C%E3%81%A6" n1="%72%61%6B%33" n2="%E8%90%BD%E6%97%A5" n3="%E7%AC%B9%E9%A4%85" dan="17,17,18,16" rate="2214.77,2291.16,2186.81,2154.55" sx="M,M,F,M"/><TAIKYOKU oya="0"/><INIT seed="0,0,0,2,1,39" ten="250,250,250,250" oya="0" hai0="4,132,134,2,41,106,10,133,101,7,105,5,50" hai1="21,52,67,22,0,60,58,72,76,130,54,25,114" hai2="37,34,57,26,83,81,108,79,89,44,99,77,131" hai3="122,55,78,20,92,18,104,93,84,74,51,32,102"/><T98/><REACH who="0" step="1"/><D106/><REACH who="0" ten="240,250,250,250" step="2"/><U43/><E114/><V112/><F112/><W53/><G104/><T109/><D109/><U9/><E130/><V111/><F131/><W15/><G122/><T56/><D56/><U46/><E21/><V103/><F111/><W80/><G32/><T6/><D6/><U42/><E72/><V11/><F108/><W100/><G74/><T95/><D95/><N who="3" m="36425" /><G53/><T66/><D66/><U129/><E129/><V45/><F57/><AGARI ba="0,1" hai="15,18,20,51,55,57,78,80,84,100,102" m="36425" machi="57" ten="30,1000,0" yaku="8,1" doraHai="39" who="3" fromWho="2" sc="240,0,250,0,250,-10,250,20" /><INIT seed="1,0,0,1,4,105" ten="240,250,240,270" oya="1" hai0="79,59,73,103,94,75,128,99,35,67,101,17,68" hai1="19,134,127,78,93,49,121,42,80,48,44,76,53" hai2="0,51,10,63,50,39,129,86,25,77,65,16,70" hai3="72,118,114,123,24,55,96,60,124,62,32,5,117"/><U13/><E127/><V97/><F129/><W112/><G124/><T18/><D68/><U133/><E121/><V132/><F39/><W11/><G123/><T7/><D35/><U122/><E122/><V69/><F132/><W108/><G108/><T104/><D128/><U34/><E34/><V27/><F70/><W2/><G96/><T61/><D7/><U26/><E26/><V47/><F51/><W74/><G55/><T85/><D103/><U15/><E93/><V43/><F97/><W14/><G14/><T57/><D59/><U20/><E13/><V120/><F120/><W83/><G62/><T71/><D71/><U45/><REACH who="1" step="1"/><E78/><REACH who="1" ten="240,240,240,270" step="2"/><V29/><F29/><W91/><G24/><T4/><D4/><U106/><E106/><V131/><F131/><W56/><G32/><T89/><REACH who="0" step="1"/><D79/><REACH who="0" ten="230,240,240,270" step="2"/><U22/><E22/><V125/><F125/><W6/><G6/><T9/><D9/><U31/><E31/><V30/><F30/><W1/><G5/><T88/><D88/><U58/><E58/><V8/><F0/><W23/><G11/><T87/><D87/><AGARI ba="0,2" hai="15,19,20,42,44,45,48,49,53,76,80,87,133,134" machi="87" ten="40,2000,0" yaku="1,1,53,0" doraHai="105" doraHaiUra="119" who="1" fromWho="0" sc="230,-20,240,40,240,0,270,0" /><INIT seed="1,1,0,1,2,8" ten="210,280,240,270" oya="1" hai0="93,110,29,40,54,33,107,103,1,70,32,97,100" hai1="128,55,18,0,53,96,24,120,20,39,7,130,78" hai2="74,12,45,104,62,9,41,102,109,52,94,4,124" hai3="105,56,23,73,79,99,26,123,117,132,16,85,61"/><U127/><E120/><V43/><F109/><W64/><G123/><T38/><D110/><U76/><E39/><V34/><F34/><W84/><G132/><T36/><D54/><U122/><E122/><V25/><F74/><W119/><G73/><T126/><D93/><U125/><E96/><N who="2" m="59671" /><F104/><W116/><REACH who="3" step="1"/><G79/><REACH who="3" ten="210,280,240,260" step="2"/><T67/><D126/><U121/><E78/><V95/><F124/><N who="1" m="47689" /><E76/><V101/><F25/><W114/><G114/><T83/><D107/><U72/><E72/><V59/><F45/><W111/><G111/><T51/><D33/><U68/><E121/><V118/><F118/><W10/><G10/><T112/><D32/><U31/><E24/><V75/><F75/><W49/><G49/><T63/><D51/><U28/><E130/><V133/><F133/><W90/><G90/><T44/><D38/><U5/><E128/><V57/><F57/><W106/><G106/><T82/><D112/><U131/><E131/><V115/><F115/><W6/><G6/><T77/><D77/><U98/><E5/><V81/><F81/><W17/><G17/><T69/><D83/><U27/><E7/><V11/><F11/><W65/><G65/><T134/><D82/><U46/><E18/><V66/><F66/><W89/><G89/><T71/><D134/><U92/><E68/><V135/><F135/><W37/><G37/><T113/><D113/><U88/><E88/><V22/><F22/><W48/><G48/><T2/><D71/><U87/><E20/><V21/><F21/><W35/><G35/><T13/><D70/><U58/><E58/><V129/><F129/><RYUUKYOKU ba="1,1" sc="210,-15,280,-15,240,15,260,15" hai2="4,9,12,41,43,52,59,62,95,101" hai3="16,23,26,56,61,64,84,85,99,105,116,117,119" /><INIT seed="2,2,1,5,4,131" ten="195,265,255,275" oya="2" hai0="51,69,20,79,57,63,89,72,64,48,29,88,86" hai1="35,31,30,112,6,100,7,38,135,108,115,98,58" hai2="55,73,24,26,125,22,104,77,117,91,132,62,114" hai3="27,16,96,49,32,92,47,52,18,118,70,13,60"/><V111/><F114/><W93/><G118/><T12/><D72/><U34/><E58/><N who="2" m="35167" /><F104/><W78/><G78/><T110/><D110/><U134/><E38/><V123/><F123/><W19/><G32/><N who="1" m="12330" /><E108/><V97/><F111/><W127/><G127/><T25/><D12/><U75/><E75/><V14/><F117/><W109/><G109/><T33/><D33/><U74/><E74/><V122/><F122/><W87/><G27/><T103/><D103/><U71/><E71/><V42/><F42/><W46/><G46/><T85/><D79/><U84/><E84/><V50/><F50/><W121/><G121/><T11/><D11/><U126/><E126/><V28/><F125/><W44/><G44/><T107/><D107/><U90/><E90/><V120/><F120/><W80/><G60/><T54/><D69/><U8/><E98/><V113/><F26/><W10/><G70/><T4/><D4/><N who="1" m="1579" /><E100/><V105/><F113/><N who="1" m="43593" /><E8/><V59/><F59/><W65/><G65/><T81/><REACH who="0" step="1"/><D64/><REACH who="0" ten="185,265,255,275" step="2"/><U40/><E40/><V1/><F77/><N who="3" m="46479" /><G93/><AGARI ba="2,2" hai="20,25,29,48,51,54,57,63,81,85,86,88,89,93" machi="93" ten="30,8000,1" yaku="1,1,7,1,8,1,54,1,53,1" doraHai="131" doraHaiUra="23" who="0" fromWho="3" sc="185,106,265,0,255,0,275,-86" /><INIT seed="3,0,0,0,4,53" ten="291,265,255,189" oya="3" hai0="117,13,125,130,27,5,120,81,75,44,104,59,29" hai1="126,51,48,17,61,112,43,99,124,123,55,9,66" hai2="95,106,103,2,90,25,42,47,50,133,132,100,71" hai3="18,0,16,116,87,101,26,32,64,70,114,3,108"/><W52/><G114/><T118/><D104/><U86/><E112/><V109/><F109/><W40/><G116/><T6/><D120/><U94/><E123/><V134/><F106/><W85/><G40/><T67/><D44/><U20/><E9/><V115/><F115/><W36/><G36/><T92/><D125/><U49/><E43/><V57/><F71/><W83/><G108/><T82/><D130/><U88/><E86/><V97/><F2/><W91/><G101/><N who="2" m="38985" /><F25/><W135/><G135/><N who="2" m="34561" /><V96/><DORA hai="113" /><F96/><W77/><G64/><T19/><D92/><U105/><E105/><V128/><F128/><W122/><G70/><T54/><D67/><U38/><E38/><V30/><F30/><W65/><G65/><T4/><D75/><U69/><REACH who="1" step="1"/><E55/><REACH who="1" ten="291,255,255,189" step="2"/><V111/><F111/><W78/><G122/><T63/><D118/><U60/><E60/><V11/><F11/><W12/><G52/><T14/><D117/><U127/><E127/><V15/><F42/><W34/><G91/><T110/><D110/><U68/><E68/><V89/><F89/><W98/><G98/><T102/><D102/><U24/><AGARI ba="0,1" hai="17,20,24,48,49,51,61,66,69,88,94,99,124,126" machi="24" ten="30,7900,0" yaku="1,1,0,1,54,1,53,1" doraHai="53,113" doraHaiUra="56,1" who="1" fromWho="1" sc="291,-20,255,89,255,-20,189,-39" owari="271,7.1,344,44.4,235,-16.5,150,-35.0" /></mjloggm>