<mjloggm ver="2.3"><GO type="225" lobby="0"/><UN n0="%E5%B8%86%E7%AB%8B%E5%A4%8F%E8%A1%A3" n1="%43%68%65" n2="%E3%83%B4%E3%82%A3%E3%83%AF%E3%82%B3%E3%82%B0%E3%83%8B" n3="%4C%4F%4C%49%54%41" dan="17,16,16,16" rate="2182.24,2075.93,2166.36,2134.64" sx="M,M,M,F"/><TAIKYOKU oya="0"/><INIT seed="0,0,0,4,2,108" ten="250,250,250,250" oya="0" hai0="127,18,87,115,128,9,4,122,101,65,59,61,85" hai1="46,99,70,60,49,119,58,3,11,73,110,39,37" hai2="126,68,10,129,133,64,94,88,98,6,91,36,23" hai3="44,2,103,111,104,7,51,17,113,105,80,120,118"/><T0/><D127/><U96/><E73/><V89/><F36/><W26/><G118/><T123/><D128/><U77/><E77/><V21/><F129/><W22/><G111/><T72/><D72/><U14/><E3/><V130/><F130/><W33/><G120/><T93/><D115/><U95/><E119/><V74/><F126/><W29/><G113/><T41/><D41/><U57/><E57/><V50/><F133/><W12/><G80/><T5/><D5/><U45/><E45/><V43/><F64/><W124/><G103/><T34/><D34/><U31/><E31/><V24/><F68/><W90/><G90/><T48/><D123/><U79/><E79/><V25/><F50/><W66/><G66/><T55/><D18/><U71/><E71/><V84/><F43/><W109/><G109/><T52/><D55/><N who="1" m="32111" /><E39/><V1/><F74/><W131/><G124/><T135/><D135/><U97/><E110/><V38/><F38/><W16/><G17/><T86/><D122/><U132/><E132/><V69/><F69/><W114/><G114/><T100/><REACH who="0" step="1"/><D93/><REACH who="0" ten="240,250,250,250" step="2"/><U30/><E95/><V13/><F1/><W83/><G131/><T116/><D116/><U63/><E30/><N who="2" m="17679" /><F98/><W106/><G105/><T82/><D82/><U92/><E92/><V78/><F78/><W27/><G83/><T56/><AGARI ba="0,1" hai="0,4,9,48,52,56,59,61,65,85,86,87,100,101" machi="56" ten="30,18000,2" yaku="1,1,0,1,54,1,53,3" doraHai="108" doraHaiUra="81" who="0" fromWho="0" sc="240,190,250,-60,250,-60,250,-60" /><INIT seed="0,1,0,4,4,28" ten="430,190,190,190" oya="0" hai0="31,76,8,15,129,121,83,50,11,55,115,135,93" hai1="100,77,51,98,21,54,23,64,88,95,56,90,122" hai2="4,114,19,38,20,1,7,10,68,40,12,57,41" hai3="59,110,133,82,91,65,94,52,89,99,72,25,119"/><T75/><D115/><U107/><E122/><V44/><F114/><W13/><G119/><T60/><D121/><U80/><E64/><V96/><F68/><W124/><G110/><T66/><D129/><U134/><E134/><V108/><F108/><W34/><G133/><T105/><D105/><U130/><E130/><V26/><F40/><W22/><G124/><T3/><D135/><U14/><E14/><V9/><F57/><W69/><G34/><T0/><D11/><U78/><E78/><V126/><REACH who="2" step="1"/><F96/><REACH who="2" ten="430,190,180,190" step="2"/><W101/><G69/><T127/><D127/><AGARI ba="1,1" hai="1,4,7,9,10,12,19,20,26,38,41,44,126,127" machi="127" ten="40,2600,0" yaku="1,1,2,1,53,0" doraHai="28" doraHaiUra="104" who="2" fromWho="0" sc="430,-29,190,0,180,39,190,0" /><INIT seed="1,0,0,3,5,113" ten="401,190,219,190" oya="1" hai0="94,40,77,26,70,31,64,44,14,5,131,74,65" hai1="28,2,30,46,17,72,15,9,112,23,48,3,134" hai2="50,53,105,60,75,108,13,133,90,99,16,98,128" hai3="39,51,78,115,27,122,121,69,52,6,114,4,19"/><U107/><E107/><V80/><F108/><W104/><G39/><T100/><D131/><U106/><E106/><V61/><F128/><W11/><G69/><T129/><D129/><U117/><E72/><V118/><F133/><W25/><G104/><T29/><D74/><U76/><E112/><V34/><F34/><W22/><G114/><T119/><D119/><U92/><E134/><V85/><F118/><W125/><G115/><T0/><D77/><U59/><E117/><V95/><F75/><W20/><G125/><T83/><D83/><U35/><E76/><V18/><F99/><W7/><G11/><T120/><D70/><U102/><E59/><N who="2" m="33207" /><F105/><W89/><G89/><T42/><D0/><U45/><E45/><V79/><F18/><W127/><G78/><T67/><D120/><U33/><E92/><V86/><F86/><W24/><G127/><T123/><D123/><U55/><E102/><V43/><F43/><N who="0" m="16426" /><D44/><U21/><E35/><V82/><F82/><W88/><G88/><T130/><D130/><U10/><E33/><V126/><F126/><W56/><REACH who="3" step="1"/><G25/><REACH who="3" ten="401,190,219,180" step="2"/><T62/><D26/><U73/><E73/><V12/><F12/><W57/><G57/><N who="0" m="36943" /><D100/><U124/><E124/><V36/><F36/><W41/><G41/><T91/><D94/><U96/><E96/><V1/><F1/><W49/><G49/><T135/><D135/><U84/><E84/><V63/><F63/><W37/><G37/><T71/><D91/><U93/><E93/><V47/><F47/><W8/><G8/><AGARI ba="0,1" hai="8,13,16,60,61,79,80,85,90,95,98" m="33207" machi="8" ten="30,2000,0" yaku="8,1,54,1" doraHai="113" who="2" fromWho="3" sc="401,0,190,0,219,30,180,-20" /><INIT seed="2,0,0,2,5,99" ten="401,190,249,160" oya="2" hai0="121,64,16,118,127,74,6,113,92,11,95,82,4" hai1="9,47,71,52,27,132,120,107,14,23,43,29,61" hai2="44,41,114,13,93,72,19,102,105,125,36,55,28" hai3="79,89,87,48,91,56,20,73,123,122,1,39,75"/><V0/><F114/><W103/><G39/><T53/><D113/><U3/><E3/><V77/><F105/><W60/><G1/><T26/><D121/><U68/><E120/><V34/><F0/><W128/><G128/><T51/><D127/><U115/><E115/><V70/><F70/><W116/><G116/><T94/><D118/><U50/><E132/><V85/><F72/><W63/><G79/><T135/><D135/><U134/><E134/><V33/><F28/><W81/><G48/><T110/><D110/><U12/><E107/><V80/><F125/><W133/><G133/><T7/><D64/><U88/><E14/><V15/><F55/><W112/><G112/><T40/><D40/><U45/><E88/><V57/><F57/><W96/><G20/><N who="0" m="13575" /><D82/><U58/><REACH who="1" step="1"/><E47/><REACH who="1" ten="401,180,249,160" step="2"/><V5/><F13/><W111/><G122/><T42/><D42/><U24/><E24/><V106/><F106/><W2/><G2/><T32/><D32/><U17/><AGARI ba="0,1" hai="9,12,17,23,27,29,43,45,50,52,58,61,68,71" machi="17" ten="20,12000,2" yaku="1,1,0,1,7,1,54,1,53,2" doraHai="99" doraHaiUra="65" who="1" fromWho="1" sc="401,-30,180,130,249,-60,160,-30" /><INIT seed="3,0,0,0,0,83" ten="371,310,189,130" oya="3" hai0="135,91,126,52,121,108,115,30,110,45,104,87,80" hai1="20,123,23,88,86,100,132,69,62,59,55,81,92" hai2="90,43,14,119,77,111,128,99,120,105,40,54,58" hai3="38,134,124,28,53,37,113,131,65,64,39,79,71"/><W24/><G113/><T7/><D121/><U11/><E123/><V127/><F120/><W68/><G79/><T5/><D115/><U130/><E132/><V94/><F119/><W6/><G6/><T101/><D135/><U41/><E130/><V8/><F111/><N who="0" m="42538" /><D126/><U32/><E32/><V74/><F105/><W17/><G134/><T48/><D30/><U97/><E69/><N who="3" m="26698" /><G17/><T51/><D51/><U19/><E41/><V76/><F74/><W82/><G82/><T50/><D50/><U4/><REACH who="1" step="1"/><E19/><REACH who="1" ten="371,300,189,130" step="2"/><V34/><F34/><W0/><G28/><T78/><D78/><U60/><E60/><V129/><F76/><W15/><G0/><AGARI ba="0,1" hai="0,4,11,20,23,55,59,62,81,86,88,92,97,100" machi="0" ten="30,8000,1" yaku="1,1,7,1,52,1,54,1,53,1" doraHai="83" doraHaiUra="3" who="1" fromWho="3" sc="371,0,300,90,189,0,130,-80" owari="371,17.1,390,49.0,189,-21.1,50,-45.0" /></mjloggm>