<mjloggm ver="2.3"><GO type="225" lobby="0"/><UN n0="%E3%81%BE%E3%81%A8%E3%81%9F" n1="%43%68%65" n2="%66%67%67%68%68%64%66" n3="%E3%81%B7%E3%82%8A%E3%82%93%E8%81%96%E4%BA%BA" dan="16,16,16,16" rate="2152.29,2145.62,2061.97,2126.70" sx="M,M,M,M"/><TAIKYOKU oya="0"/><INIT seed="0,0,0,2,2,40" ten="250,250,250,250" oya="0" hai0="109,71,50,117,31,92,36,103,110,113,14,75,126" hai1="22,100,94,30,133,132,118,20,38,21,128,91,114" hai2="78,86,82,69,58,88,47,29,66,32,115,108,25" hai3="70,134,12,8,56,83,57,76,87,61,81,53,112"/><T11/><D113/><U19/><E118/><V54/><F108/><N who="0" m="41578" /><D117/><U37/><E100/><V124/><F115/><W4/><G112/><T93/><D36/><N who="1" m="13931" /><E30/><V120/><F124/><W5/><G70/><T129/><D75/><U13/><E114/><V72/><F120/><W106/><G106/><T77/><D77/><U51/><E51/><V44/><F66/><W63/><G81/><T135/><D71/><U52/><E52/><V6/><F6/><W35/><G35/><T24/><D126/><U1/><E1/><V34/><F34/><W74/><G74/><T68/><D68/><U116/><E116/><V26/><F26/><W17/><REACH who="3" step="1"/><G134/><REACH who="3" ten="250,250,250,240" step="2"/><N who="1" m="51818" /><E128/><V89/><F69/><W16/><G16/><N who="0" m="8287" /><D129/><U95/><E95/><N who="0" m="36425" /><D135/><U60/><E19/><V121/><F72/><W18/><G18/><T46/><D103/><U104/><E94/><V101/><F101/><W59/><G59/><T41/><D31/><U2/><E104/><V84/><F121/><W127/><G127/><T67/><D67/><AGARI ba="0,1" hai="4,5,8,12,17,53,56,57,61,63,67,76,83,87" machi="67" ten="30,3900,0" yaku="1,1,7,1,8,1,53,0" doraHai="40" doraHaiUra="45" who="3" fromWho="0" sc="250,-39,250,0,250,0,240,49" /><INIT seed="1,0,0,5,5,36" ten="211,250,250,289" oya="1" hai0="32,27,86,2,48,56,65,50,64,63,30,113,47" hai1="93,68,75,41,102,83,52,100,127,43,81,35,29" hai2="116,107,57,90,92,74,89,109,97,112,125,12,118" hai3="66,132,11,80,34,94,15,120,62,16,79,18,7"/><U111/><E68/><V124/><F57/><W131/><G34/><T115/><D2/><U123/><E123/><V59/><F59/><N who="3" m="37215" /><G120/><T53/><D65/><U49/><E127/><N who="2" m="48715" /><F12/><W106/><G106/><T1/><D1/><U5/><E111/><V119/><F109/><W33/><G33/><T44/><REACH who="0" step="1"/><D86/><REACH who="0" ten="201,250,250,289" step="2"/><U88/><E75/><V95/><F74/><W98/><G131/><T84/><D84/><N who="1" m="52359" /><E35/><V46/><F112/><W42/><G132/><T6/><D6/><U104/><E5/><V114/><F114/><W126/><G126/><T72/><D72/><U71/><E71/><V22/><F119/><W134/><G134/><T60/><D60/><U67/><E67/><V77/><F118/><W91/><G79/><T51/><D51/><U8/><E104/><V37/><F107/><W103/><G80/><N who="1" m="30794" /><E29/><V14/><F116/><W26/><G7/><T85/><D85/><U117/><E117/><V110/><F110/><W96/><G96/><T133/><D133/><U78/><E78/><V13/><F77/><W87/><G87/><T58/><D58/><N who="1" m="33039" /><E8/><V20/><F97/><W135/><G135/><T55/><AGARI ba="0,1" hai="27,30,32,44,47,48,50,53,55,56,63,64,113,115" machi="55" ten="20,5200,0" yaku="1,1,0,1,7,1,9,1,53,0" doraHai="36" doraHaiUra="73" who="0" fromWho="0" sc="201,62,250,-26,250,-13,289,-13" /><INIT seed="2,0,0,2,2,12" ten="263,224,237,276" oya="2" hai0="31,106,35,0,9,110,62,89,32,81,107,25,86" hai1="84,69,72,21,125,13,128,42,97,129,130,34,127" hai2="37,8,104,60,66,54,75,82,11,98,5,64,101" hai3="91,7,51,50,18,79,23,46,58,102,80,85,118"/><V40/><F54/><N who="3" m="32087" /><G118/><T15/><D110/><U47/><E72/><V22/><F22/><W124/><G7/><T10/><D35/><U83/><E34/><V94/><F94/><W135/><G135/><T87/><D0/><U30/><E69/><V19/><F19/><W114/><G114/><T17/><D9/><U24/><E13/><V113/><F113/><W70/><G70/><T119/><D119/><U6/><E97/><V65/><F60/><W73/><G73/><T92/><REACH who="0" step="1"/><D62/><REACH who="0" ten="253,224,237,276" step="2"/><U59/><E6/><V49/><F5/><W55/><G124/><T27/><D27/><U57/><E127/><V74/><F8/><W1/><G1/><T63/><D63/><U95/><E125/><V134/><F11/><W77/><G102/><T109/><D109/><U38/><REACH who="1" step="1"/><E95/><REACH who="1" ten="253,214,237,276" step="2"/><V28/><F134/><W123/><G123/><T78/><AGARI ba="0,2" hai="10,15,17,25,31,32,78,81,86,87,89,92,106,107" machi="78" ten="20,8000,1" yaku="1,1,0,1,7,1,52,1,53,1" doraHai="12" doraHaiUra="26" who="0" fromWho="0" sc="253,100,214,-20,237,-40,276,-20" /><INIT seed="3,0,0,5,5,36" ten="353,194,197,256" oya="3" hai0="98,131,15,29,56,95,90,132,125,38,51,60,22" hai1="10,80,53,75,105,34,46,103,123,25,8,116,19" hai2="45,86,122,17,94,115,110,14,21,13,32,104,89" hai3="49,16,5,18,31,44,133,107,27,12,41,119,88"/><W1/><G107/><T43/><D38/><U134/><E123/><V40/><F115/><W108/><G119/><T35/><D35/><U124/><E116/><V78/><F32/><W79/><G79/><T102/><D125/><U92/><E105/><V112/><F112/><W65/><G65/><T59/><D131/><U4/><E124/><V50/><F122/><W30/><G1/><T83/><D60/><U72/><E72/><V70/><F110/><W120/><G120/><T97/><D83/><U6/><E134/><V66/><F104/><W69/><G69/><T101/><D90/><U20/><E34/><V113/><F113/><W74/><G74/><T96/><D96/><N who="1" m="59783" /><E80/><N who="2" m="47383" /><F70/><W9/><G133/><T76/><D59/><U111/><E75/><V85/><F66/><W57/><G57/><T7/><D15/><AGARI ba="0,0" hai="13,14,15,17,21,40,45,50,85,89,94" m="47383" machi="15" ten="30,2000,0" yaku="8,1,52,1" doraHai="36" who="2" fromWho="0" sc="353,-20,194,0,197,20,256,0" owari="333,43.3,194,-30.6,217,-18.3,256,5.6" /></mjloggm>