<mjloggm ver="2.3"><GO type="225" lobby="0"/><UN n0="%E3%81%B7%E3%82%8A%E3%82%93%E8%81%96%E4%BA%BA" n1="%E8%91%89%E5%B1%B1%E9%99%BD%E5%92%8C" n2="%E9%80%9F%E6%B0%B4%E5%87%9B%E9%A6%99" n3="%E6%80%AA%E3%81%97%E3%81%99%E3%81%8E%E3%82%8B%E3%83%81%E3%83%BC" dan="16,16,16,16" rate="2103.84,2107.30,2074.05,2139.84" sx="M,M,F,M"/><TAIKYOKU oya="0"/><INIT seed="0,0,0,0,3,124" ten="250,250,250,250" oya="0" hai0="70,106,125,134,93,39,78,24,31,91,58,42,8" hai1="67,76,69,54,1,15,30,28,60,20,13,98,99" hai2="35,29,75,121,59,33,77,64,103,27,66,82,131" hai3="89,72,4,49,80,50,92,120,62,71,2,25,94"/><T0/><D106/><U107/><E1/><V97/><F121/><W126/><G120/><T74/><D70/><U34/><E76/><V6/><F6/><W119/><G126/><T110/><D125/><U47/><E20/><V57/><F33/><W132/><G119/><T87/><D134/><U111/><E111/><V128/><F59/><W23/><G132/><T105/><D39/><U11/><E34/><V18/><F18/><W95/><G71/><T61/><D42/><U5/><E15/><V81/><F81/><W127/><G62/><T135/><D135/><U88/><E107/><V19/><F19/><W101/><G101/><T123/><D123/><U86/><E54/><V26/><F26/><W43/><G43/><T73/><D105/><U21/><E47/><V117/><F117/><W48/><G127/><T38/><D38/><U84/><E84/><V109/><F57/><W32/><G32/><T63/><D63/><U100/><E100/><V115/><F115/><W108/><G108/><T85/><D85/><U112/><E112/><V46/><F46/><W12/><G2/><T79/><D74/><U102/><E102/><V17/><F17/><N who="3" m="12527" /><G72/><T90/><D73/><U52/><E52/><V114/><F114/><W53/><G53/><N who="0" m="33999" /><D91/><U41/><E41/><V44/><F44/><W37/><G37/><T104/><D104/><U36/><E36/><V96/><F109/><W55/><G55/><T56/><D56/><U133/><E133/><V10/><F10/><N who="3" m="4167" /><G89/><T40/><D40/><U129/><E69/><V9/><F9/><W22/><G22/><N who="0" m="15767" /><D110/><U118/><E118/><RYUUKYOKU ba="0,0" sc="250,15,250,-15,250,-15,250,15" hai0="0,8,78,79,87,90,93" hai3="48,49,50,80,92,94,95" /><INIT seed="0,1,0,5,2,99" ten="265,235,235,265" oya="0" hai0="56,110,16,62,111,92,104,117,91,30,46,74,76" hai1="26,14,80,78,94,63,64,32,135,71,81,40,4" hai2="24,34,49,97,129,121,77,51,11,108,96,132,55" hai3="61,84,58,126,120,25,83,88,66,22,86,1,123"/><T31/><D117/><U130/><E130/><V75/><F121/><N who="3" m="46667" /><G126/><T73/><D104/><U95/><E135/><V36/><F36/><W2/><G86/><T10/><D46/><U52/><E40/><V82/><F108/><N who="0" m="41514" /><D76/><U127/><E127/><V119/><F132/><W23/><G23/><T15/><D74/><U47/><E26/><V124/><F129/><W38/><G38/><T105/><D73/><U113/><E32/><V12/><F124/><W35/><G35/><T122/><D105/><U69/><E113/><V59/><F119/><W29/><AGARI ba="1,0" hai="1,2,22,25,29,58,61,66,83,84,88" m="46667" machi="29" ten="30,2000,0" yaku="13,1,54,1" doraHai="99" who="3" fromWho="3" sc="265,-11,235,-6,235,-6,265,23" /><INIT seed="1,0,0,4,5,21" ten="254,229,229,288" oya="1" hai0="59,27,109,98,54,124,18,66,105,40,14,3,119" hai1="117,87,69,114,78,10,16,24,110,88,13,63,12" hai2="0,134,130,60,20,120,58,132,89,86,73,31,99" hai3="8,41,123,44,80,47,103,107,56,64,129,17,52"/><U127/><E114/><V68/><F73/><W67/><G123/><T93/><D3/><U36/><E117/><V122/><F0/><W104/><G129/><T100/><D119/><U2/><E36/><V28/><F99/><W25/><G80/><T35/><D40/><U126/><E78/><V32/><F68/><W48/><G103/><T121/><D121/><U94/><E110/><V77/><F77/><W118/><G118/><T4/><D4/><U34/><E2/><V81/><F32/><W22/><G44/><T15/><D109/><U65/><REACH who="1" step="1"/><E13/><REACH who="1" ten="254,219,229,288" step="2"/><V90/><F122/><W57/><G104/><T11/><D15/><U133/><E133/><N who="2" m="51307" /><F120/><W101/><G107/><T5/><D105/><U83/><E83/><V62/><F130/><W7/><G101/><T92/><D92/><U106/><E106/><V79/><F79/><W97/><G97/><T74/><D74/><U128/><E128/><V115/><F115/><W116/><G116/><T111/><D111/><U96/><E96/><V112/><F112/><W71/><G71/><T53/><D124/><U125/><E125/><V91/><F91/><W46/><G64/><T39/><D39/><U43/><E43/><V55/><F89/><W61/><G41/><T84/><D84/><U26/><E26/><N who="2" m="16455" /><F31/><AGARI ba="0,1" hai="10,12,16,24,31,34,63,65,69,87,88,94,126,127" machi="31" ten="40,12000,1" yaku="1,1,52,1,54,2,53,0" doraHai="21" doraHaiUra="19" who="1" fromWho="2" sc="254,0,219,130,229,-120,288,0" /><INIT seed="1,1,0,0,4,98" ten="254,349,109,288" oya="1" hai0="114,46,30,40,89,13,58,116,29,85,134,124,15" hai1="54,80,129,64,78,76,99,6,67,53,52,72,24" hai2="34,81,60,130,19,5,84,101,105,43,63,135,61" hai3="2,55,12,33,38,96,82,125,90,37,68,132,88"/><U26/><E129/><V100/><F105/><W18/><G2/><T111/><D114/><U94/><E6/><V32/><F130/><W49/><G68/><T95/><D116/><U127/><E127/><V8/><F19/><W97/><G33/><T65/><D124/><U17/><E78/><V73/><F73/><W22/><G132/><T83/><D134/><U28/><E17/><V104/><F104/><W93/><G125/><T122/><D122/><U41/><E41/><V120/><F120/><W10/><G22/><T57/><D15/><U102/><REACH who="1" step="1"/><E26/><REACH who="1" ten="254,339,109,288" step="2"/><V113/><F113/><W42/><G42/><T112/><D112/><U39/><E39/><V115/><F115/><W35/><G37/><T133/><D133/><U123/><E123/><V126/><F135/><W1/><G38/><T77/><D30/><U44/><E44/><V106/><F126/><W48/><G18/><T36/><D29/><U118/><E118/><V50/><F43/><W11/><G11/><T27/><D27/><U91/><E91/><V51/><F8/><W9/><G90/><T23/><D36/><U69/><E69/><V66/><F5/><W79/><G88/><T45/><D40/><U56/><E56/><V119/><F119/><W117/><G10/><T16/><D58/><U62/><E62/><V47/><F47/><W59/><G9/><T70/><D70/><U75/><E75/><V71/><F71/><W109/><G59/><T87/><D111/><U7/><E7/><V20/><F60/><AGARI ba="1,1" hai="13,16,23,45,46,57,60,65,77,83,85,87,89,95" machi="60" ten="40,2600,0" yaku="8,1,54,1" doraHai="98" who="0" fromWho="2" sc="254,39,339,0,109,-29,288,0" /><INIT seed="2,0,0,1,0,30" ten="293,339,80,288" oya="2" hai0="69,25,93,126,124,87,43,10,32,11,106,108,18" hai1="38,26,37,130,81,14,34,63,49,90,105,39,111" hai2="50,75,94,13,68,102,55,45,116,66,2,24,4" hai3="56,57,77,89,110,42,58,79,3,83,70,73,23"/><V51/><F75/><W112/><G70/><T78/><D106/><U64/><E111/><V121/><F116/><W9/><G110/><T74/><D74/><U48/><E130/><V98/><F121/><W119/><G119/><T21/><D69/><N who="1" m="42143" /><E14/><V20/><F2/><W100/><G79/><T8/><D108/><U129/><E90/><V19/><F68/><W80/><G100/><T29/><D43/><U40/><E81/><V41/><F66/><W120/><G120/><T125/><D78/><U33/><E33/><V96/><F96/><W15/><G112/><T6/><D93/><U91/><E91/><V22/><F4/><W53/><G42/><T72/><D87/><U95/><E95/><V5/><F5/><W85/><G23/><T97/><D97/><U17/><E129/><V12/><REACH who="2" step="1"/><F20/><REACH who="2" ten="293,339,70,288" step="2"/><W131/><G3/><N who="0" m="95" /><D72/><U61/><E105/><V28/><F28/><W107/><G107/><T52/><D52/><U118/><E118/><V88/><F88/><W54/><G131/><T113/><D113/><U71/><E71/><V31/><F31/><W135/><G53/><T46/><D46/><AGARI ba="0,1" hai="12,13,19,22,24,41,45,46,50,51,55,94,98,102" machi="46" ten="30,5800,0" yaku="1,1,7,1,8,1,53,0" doraHai="30" doraHaiUra="127" who="2" fromWho="0" sc="293,-58,339,0,70,68,288,0" /><INIT seed="2,1,0,3,3,39" ten="235,339,138,288" oya="2" hai0="97,71,5,114,2,110,11,6,102,21,28,130,72" hai1="42,0,13,24,104,99,127,80,83,103,34,86,8" hai2="106,108,36,118,60,92,58,121,16,120,90,95,10" hai3="135,30,49,26,82,126,87,38,76,77,40,117,52"/><V17/><F106/><W7/><G117/><T64/><D72/><U55/><E0/><V4/><F118/><W56/><G126/><T81/><D6/><U132/><E127/><V31/><F36/><W47/><G135/><T96/><D96/><U59/><E132/><V93/><F31/><W91/><REACH who="3" step="1"/><G7/><REACH who="3" ten="235,339,138,278" step="2"/><T25/><D110/><U65/><E83/><V43/><F108/><W133/><G133/><T109/><D109/><U122/><E80/><V111/><F111/><W113/><G113/><T69/><D81/><U29/><E122/><V45/><F121/><W94/><G94/><T125/><D114/><U67/><E104/><V79/><F120/><W98/><G98/><T35/><D125/><U112/><E99/><V74/><F74/><W44/><G44/><T51/><D97/><U73/><E112/><V32/><F79/><W12/><G12/><T105/><D105/><U46/><E13/><N who="2" m="5319" /><F90/><W134/><G134/><T57/><D102/><U88/><E103/><V75/><F75/><W101/><G101/><T3/><D3/><U66/><E73/><V107/><F107/><W61/><G61/><T23/><D2/><U119/><E119/><V116/><F116/><W27/><G27/><T14/><D5/><U54/><E88/><V115/><F115/><W124/><G124/><T33/><D25/><U53/><E24/><V50/><F32/><AGARI ba="1,1" hai="26,30,32,38,40,47,49,52,56,76,77,82,87,91" machi="32" ten="30,7700,0" yaku="1,1,7,1,52,1,54,1,53,0" doraHai="39" doraHaiUra="89" who="3" fromWho="2" sc="235,0,339,0,138,-80,278,90" /><INIT seed="3,0,0,3,5,24" ten="235,339,58,368" oya="3" hai0="61,128,34,132,82,72,126,48,35,41,117,130,65" hai1="133,104,13,113,86,107,62,7,53,63,60,2,89" hai2="93,68,39,92,6,9,10,45,1,74,23,59,12" hai3="111,81,78,32,105,22,50,80,109,37,8,0,127"/><W4/><G127/><T33/><D117/><U90/><E113/><V88/><F68/><W21/><G32/><T101/><D101/><U77/><E2/><V131/><F74/><W38/><G105/><T15/><D72/><U54/><E133/><V14/><F131/><W57/><G81/><T70/><D82/><N who="1" m="47439" /><E107/><V36/><F23/><N who="3" m="8715" /><G50/><T19/><D132/><U67/><E67/><V30/><F59/><W44/><G57/><T69/><D126/><U97/><E104/><V18/><F1/><W91/><G91/><N who="1" m="34826" /><E97/><V28/><F88/><W114/><G44/><T100/><D100/><U134/><E134/><V119/><F45/><W46/><G46/><T116/><D116/><U73/><E73/><V20/><F20/><W103/><G103/><T3/><D3/><U108/><E108/><N who="3" m="41546" /><G114/><T135/><D48/><U52/><E62/><V123/><F123/><W120/><G120/><T56/><D135/><U16/><E7/><V58/><F58/><W110/><G110/><T76/><D41/><U26/><E26/><V99/><F99/><W75/><AGARI ba="0,0" hai="0,4,8,37,38,75,78,80" m="41546,8715" machi="75" ten="30,3000,0" yaku="14,1,10,1" doraHai="24" who="3" fromWho="3" sc="235,-10,339,-10,58,-10,368,30" owari="225,-17.5,329,12.9,48,-45.2,398,49.8" /></mjloggm>