<mjloggm ver="2.3"><GO type="225" lobby="0"/><UN n0="%E6%81%A5%E6%99%92%E3%81%97" n1="%E3%81%95%E3%81%8D%E3%81%9F%E3%81%BE%E6%9E%97%E6%AA%8E" n2="%E7%B4%94%E6%BD%94%E3%83%94%E3%83%A9%E3%83%8B%E3%82%A2" n3="%4D%6F%6E%61%6E%61" dan="16,16,16,16" rate="2135.76,2054.13,2141.54,2113.55" sx="M,M,M,F"/><TAIKYOKU oya="0"/><INIT seed="0,0,0,1,1,59" ten="250,250,250,250" oya="0" hai0="123,22,133,95,14,131,83,77,34,23,32,30,43" hai1="29,18,120,46,13,122,38,87,127,17,64,97,132" hai2="118,121,135,2,130,8,105,63,5,31,28,73,79" hai3="51,126,3,76,125,60,35,57,68,116,0,49,103"/><T72/><D123/><U67/><E132/><V81/><F118/><W109/><G35/><T4/><D131/><U27/><E127/><N who="3" m="48650" /><G109/><T50/><D133/><U11/><E97/><V24/><F130/><W41/><G116/><T119/><D119/><U108/><E108/><V7/><F121/><W65/><G103/><T36/><D95/><U40/><E18/><V56/><F5/><W12/><G76/><T26/><D36/><U89/><E122/><V45/><F105/><W85/><G85/><N who="0" m="48367" /><D23/><U33/><REACH who="1" step="1"/><E120/><REACH who="1" ten="250,240,250,250" step="2"/><V110/><F110/><W96/><G96/><T21/><D34/><U104/><E104/><V88/><F135/><W134/><G134/><T71/><D32/><U16/><E16/><V74/><F28/><W75/><G75/><T58/><D72/><U80/><AGARI ba="0,1" hai="11,13,17,27,29,33,38,40,46,64,67,80,87,89" machi="80" ten="20,5200,0" yaku="1,1,0,1,7,1,53,1" doraHai="59" doraHaiUra="15" who="1" fromWho="1" sc="250,-26,240,62,250,-13,250,-13" /><INIT seed="1,0,0,2,5,17" ten="224,302,237,237" oya="1" hai0="5,109,72,39,112,79,31,76,117,40,47,46,33" hai1="129,133,35,101,24,99,28,20,38,6,56,105,30" hai2="119,43,41,108,88,94,114,42,53,1,75,0,65" hai3="111,71,10,84,120,74,13,127,93,110,58,90,36"/><U95/><E38/><V15/><F114/><W22/><G120/><T125/><D112/><U68/><E68/><V19/><F119/><W106/><G127/><T128/><D117/><U115/><E115/><V89/><F75/><W51/><G106/><T29/><D109/><N who="3" m="41481" /><G74/><T64/><D128/><U3/><E129/><V52/><F65/><W135/><G135/><T96/><D125/><U50/><E133/><V86/><F108/><W132/><G132/><T62/><D96/><U123/><E123/><V8/><REACH who="2" step="1"/><F89/><REACH who="2" ten="224,302,227,237" step="2"/><W54/><G71/><T98/><D72/><U78/><E105/><V122/><F122/><W57/><G36/><T118/><D39/><U100/><E100/><V70/><F70/><W104/><G104/><T85/><D79/><U55/><E78/><V102/><F102/><W113/><G113/><T26/><D76/><U34/><REACH who="1" step="1"/><E30/><REACH who="1" ten="224,292,227,237" step="2"/><V92/><F92/><W48/><G93/><T87/><D31/><U63/><E63/><V59/><F59/><W61/><G58/><T18/><D62/><U21/><E21/><V67/><F67/><W2/><G22/><T97/><D64/><U121/><E121/><V25/><F25/><W14/><G61/><T9/><D29/><U11/><AGARI ba="0,2" hai="3,6,11,20,24,28,34,35,50,55,56,95,99,101" machi="11" ten="30,6000,0" yaku="1,1,0,1,52,1,53,0" doraHai="17" doraHaiUra="134" who="1" fromWho="1" sc="224,-20,292,80,227,-20,237,-20" /><INIT seed="1,1,0,5,0,1" ten="204,372,207,217" oya="1" hai0="37,75,113,99,116,85,2,73,9,121,17,126,52" hai1="40,107,74,104,35,5,135,19,56,122,69,21,64" hai2="28,112,44,66,125,98,71,8,72,105,7,79,31" hai3="58,102,103,12,101,27,30,111,39,78,77,84,10"/><U127/><E122/><V42/><F125/><W55/><G111/><T41/><D113/><U89/><E35/><V3/><F112/><W100/><G39/><T114/><D116/><U34/><E34/><V94/><F105/><W95/><G95/><T82/><D114/><U65/><E74/><V119/><F119/><W54/><G84/><T117/><D117/><U50/><E69/><V43/><F43/><W14/><G14/><N who="0" m="7375" /><D126/><U96/><E135/><V93/><F93/><W131/><G131/><T46/><D121/><U23/><E127/><V32/><F32/><W87/><G87/><T38/><D38/><U124/><E124/><V25/><F25/><W109/><G109/><T90/><D99/><U134/><E134/><V29/><F66/><W16/><N who="3" m="25600" /><DORA hai="133" /><W68/><G68/><T57/><D57/><U49/><E23/><V53/><F53/><N who="3" m="19979" /><G58/><T26/><D2/><U76/><E56/><V120/><F71/><W20/><AGARI ba="1,0" hai="10,12,16,20,27,30,77,78" m="19979,25600" machi="20" ten="40,2700,0" yaku="8,1,54,1" doraHai="1,133" who="3" fromWho="3" sc="204,-8,372,-14,207,-8,217,30" /><INIT seed="2,0,0,2,0,118" ten="196,358,199,247" oya="2" hai0="119,32,0,110,48,85,29,54,69,125,5,89,14" hai1="70,44,47,134,107,4,26,106,62,15,120,66,86" hai2="90,39,34,65,122,68,96,16,42,19,56,46,6" hai3="55,43,75,23,84,53,25,91,102,49,50,97,94"/><V93/><F34/><W28/><G75/><T1/><D69/><U126/><E126/><V36/><F36/><W128/><G128/><T78/><D125/><U63/><E134/><V109/><F122/><W99/><G99/><T92/><D110/><U9/><E26/><V88/><F109/><W127/><G127/><T82/><D119/><U37/><E37/><V10/><F68/><W40/><G50/><T13/><D32/><U117/><E117/><V35/><F35/><W51/><G49/><T8/><D29/><U129/><E129/><V21/><F21/><W22/><G22/><T71/><D71/><U101/><E86/><V74/><F74/><W95/><REACH who="3" step="1"/><G53/><REACH who="3" ten="196,358,199,237" step="2"/><T113/><D113/><U123/><E107/><V132/><F132/><W31/><G31/><T131/><D131/><U45/><E63/><V98/><F96/><W112/><G112/><T103/><D103/><U77/><E101/><V111/><F111/><W130/><G130/><T81/><D54/><U20/><E106/><V2/><REACH who="2" step="1"/><F90/><REACH who="2" ten="196,358,189,237" step="2"/><W135/><G135/><T87/><D89/><U115/><E115/><V121/><F121/><W72/><G72/><T18/><D87/><U108/><E108/><V3/><F3/><W58/><AGARI ba="0,2" hai="23,25,28,40,43,51,55,58,84,91,94,95,97,102" machi="58" ten="20,5200,0" yaku="1,1,0,1,7,1,8,1,53,0" doraHai="118" doraHaiUra="57" who="3" fromWho="3" sc="196,-13,358,-13,189,-26,237,72" /><INIT seed="3,0,0,0,2,132" ten="183,345,163,309" oya="3" hai0="109,21,5,71,126,114,30,22,127,108,17,85,60" hai1="14,122,67,133,39,57,44,41,100,88,68,7,61" hai2="110,15,55,82,16,104,81,47,43,48,94,107,31" hai3="64,59,62,28,123,20,45,24,51,46,63,119,78"/><W18/><G119/><T54/><D114/><U11/><E133/><V4/><F110/><N who="0" m="42602" /><D5/><U77/><E122/><V8/><F31/><W113/><G113/><T6/><D6/><U53/><E100/><V95/><F107/><W96/><G123/><T115/><D115/><U128/><E128/><V66/><F104/><W117/><G117/><T102/><D102/><U27/><E77/><V40/><F66/><W89/><G78/><T87/><D30/><U91/><E27/><V93/><F4/><W56/><G51/><AGARI ba="0,0" hai="7,11,14,39,41,44,51,53,57,61,67,68,88,91" machi="51" ten="30,7700,0" yaku="7,1,24,2,54,1" doraHai="132" who="1" fromWho="3" sc="183,0,345,77,163,0,309,-77" owari="183,-21.7,422,52.2,163,-33.7,232,3.2" /></mjloggm>