<mjloggm ver="2.3"><GO type="225" lobby="0"/><UN n0="%E3%82%B7%E3%83%B3%E5%A4%AA%E6%9C%97" n1="%E3%81%8B%E3%82%8F%E3%81%A1%E3%82%83%E3%82%93%35%38" n2="%E6%81%A5%E6%99%92%E3%81%97" n3="%61%6D%65%6B%69" dan="16,16,16,16" rate="2150.67,2137.52,2084.85,2081.83" sx="M,M,M,M"/><TAIKYOKU oya="0"/><INIT seed="0,0,0,2,5,84" ten="250,250,250,250" oya="0" hai0="24,23,14,119,51,95,27,83,41,79,101,69,47" hai1="35,53,61,120,31,57,130,72,118,123,111,65,67" hai2="70,77,48,52,11,100,20,68,25,133,122,126,99" hai3="82,26,128,90,129,109,21,13,91,7,50,116,66"/><T104/><D119/><U18/><E72/><V115/><F122/><N who="1" m="46633" /><E18/><V81/><F115/><W106/><G106/><T131/><D69/><U117/><E31/><V4/><F126/><W63/><G116/><N who="1" m="44650" /><E35/><V76/><F133/><W89/><G109/><T44/><D131/><N who="3" m="50249" /><G50/><T8/><D104/><U33/><E33/><V43/><F43/><W98/><G13/><T73/><D23/><U9/><E9/><V87/><F68/><N who="3" m="42079" /><G7/><T46/><D46/><U88/><E88/><N who="2" m="51311" /><F70/><W59/><G59/><T36/><D95/><U108/><E130/><V135/><F135/><W80/><G98/><T54/><REACH who="0" step="1"/><D101/><REACH who="0" ten="240,250,250,250" step="2"/><U78/><E78/><V92/><F11/><W32/><G32/><T102/><D102/><U28/><E28/><AGARI ba="0,1" hai="21,26,28,80,82,89,90,91" m="42079,50249" machi="28" ten="30,7700,0" yaku="19,1,52,3" doraHai="84" who="3" fromWho="1" sc="240,0,250,-77,250,0,250,87" /><INIT seed="1,0,0,1,5,57" ten="240,173,250,337" oya="1" hai0="63,60,118,23,116,61,29,2,21,126,14,44,109" hai1="98,128,46,134,71,115,101,18,0,28,74,121,31" hai2="132,8,47,36,27,93,3,15,86,66,111,120,26" hai3="4,1,11,91,39,76,20,6,107,19,122,129,34"/><U85/><E115/><V54/><F120/><W95/><G122/><T25/><D2/><U49/><E121/><V100/><F111/><W59/><G34/><T104/><D104/><U65/><E74/><V103/><F132/><W78/><G107/><T32/><D109/><U112/><E112/><V114/><F114/><W10/><G39/><T94/><D126/><U42/><E134/><V99/><F3/><W125/><G129/><T52/><D94/><U45/><E128/><V83/><F103/><W43/><G43/><T62/><N who="0" m="15360" /><DORA hai="16" /><T130/><D130/><U108/><E108/><V17/><F66/><W131/><G59/><T73/><D73/><U51/><E65/><V105/><F105/><W80/><G80/><T124/><D124/><U50/><E71/><V35/><F35/><W7/><G1/><T5/><D32/><U84/><E0/><V81/><F81/><W117/><G117/><T88/><D88/><U64/><E64/><V22/><F8/><N who="3" m="3115" /><G125/><T40/><D52/><U106/><E18/><V97/><F99/><N who="3" m="57855" /><G131/><T41/><D5/><U55/><REACH who="1" step="1"/><E50/><REACH who="1" ten="240,163,250,337" step="2"/><N who="2" m="29023" /><F36/><W92/><G92/><T68/><D68/><U123/><E123/><V113/><F113/><W24/><AGARI ba="0,1" hai="4,6,7,19,20,24,76,78" m="57855,3115" machi="24" ten="30,2000,0" yaku="8,1,52,1" doraHai="57,16" who="3" fromWho="3" sc="240,-5,163,-10,250,-5,337,30" /><INIT seed="2,0,0,1,3,11" ten="235,153,245,367" oya="2" hai0="24,118,25,46,105,108,38,3,113,1,95,44,84" hai1="114,102,53,34,75,15,112,37,129,20,35,125,96" hai2="111,76,79,122,80,48,5,134,97,54,29,64,19" hai3="126,116,130,45,106,109,13,2,100,62,28,124,43"/><V88/><F122/><W92/><G106/><T117/><D105/><U23/><E75/><V91/><F134/><W39/><G2/><N who="0" m="523" /><D113/><U107/><E37/><V27/><F5/><W52/><G116/><N who="0" m="44651" /><D108/><U69/><E69/><V98/><F64/><W41/><G41/><N who="0" m="22583" /><D46/><U31/><E107/><V133/><F133/><W70/><G109/><T104/><D104/><U63/><E53/><V17/><F111/><W32/><G130/><T58/><D58/><U85/><E63/><V115/><F79/><W36/><G36/><T99/><D84/><U55/><E85/><N who="2" m="48263" /><F115/><W4/><G28/><T121/><D121/><U128/><E31/><V50/><F29/><W40/><G40/><T65/><D65/><U9/><E55/><V49/><F54/><W0/><G0/><T68/><D68/><U82/><E114/><V22/><F19/><W135/><G32/><T132/><D132/><U73/><E112/><V8/><F8/><N who="3" m="4231" /><G70/><T10/><D10/><U127/><E35/><V12/><F27/><W71/><G71/><T33/><D33/><U18/><E34/><V81/><F81/><W77/><G135/><T74/><D74/><U66/><E66/><V61/><F61/><W67/><G67/><T57/><D57/><U86/><E73/><V90/><AGARI ba="0,0" hai="12,17,22,48,49,50,88,90,91,97,98" m="48263" machi="90" ten="30,6000,0" yaku="8,1,52,1,54,1" doraHai="11" who="2" fromWho="2" sc="235,-20,153,-20,245,60,367,-20" /><INIT seed="2,1,0,0,4,56" ten="215,133,305,347" oya="2" hai0="122,72,132,130,29,45,30,128,81,126,9,23,25" hai1="78,49,104,133,5,26,12,19,48,125,35,50,32" hai2="11,20,118,100,135,88,2,16,36,124,119,106,102" hai3="134,3,47,96,113,90,108,71,7,13,97,93,66"/><V46/><F119/><W117/><G117/><T10/><D45/><U127/><E104/><V61/><F118/><W33/><G33/><N who="1" m="12874" /><E78/><V21/><F124/><N who="1" m="47689" /><E26/><V110/><F135/><W57/><G134/><T14/><D132/><U121/><E133/><V18/><F110/><W43/><G71/><T114/><D126/><U98/><E98/><V55/><F36/><W17/><G108/><T31/><D122/><U6/><E121/><V60/><F11/><W52/><G66/><T112/><D81/><U0/><E0/><V103/><F2/><W4/><G3/><T44/><D44/><U69/><E69/><V111/><F111/><W79/><G97/><T94/><D94/><U37/><E37/><V68/><F68/><W65/><G65/><T89/><D89/><U123/><E123/><V73/><F88/><W115/><G79/><T53/><D72/><U1/><E1/><V58/><F73/><W82/><G82/><T83/><D83/><U129/><E129/><N who="0" m="49769" /><D53/><U41/><E41/><V27/><F106/><W42/><G42/><T109/><D109/><U91/><E91/><V22/><F27/><W34/><G34/><T85/><D85/><U77/><E77/><V28/><F28/><N who="0" m="10858" /><D14/><U67/><E67/><N who="2" m="39319" /><F46/><W39/><G39/><T62/><D112/><N who="3" m="43081" /><G47/><T86/><D114/><U105/><E105/><V131/><F131/><W38/><G43/><T84/><D84/><U59/><E59/><AGARI ba="1,0" hai="16,18,20,21,22,55,59,61,100,102,103" m="39319" machi="59" ten="30,11600,0" yaku="8,1,52,2,54,1" doraHai="56" who="2" fromWho="1" sc="215,0,133,-119,305,119,347,0" /><INIT seed="2,2,0,0,2,109" ten="215,14,424,347" oya="2" hai0="133,72,30,92,134,104,50,14,74,6,10,35,91" hai1="88,17,45,7,93,11,84,41,101,78,115,47,110" hai2="58,127,81,97,82,68,36,80,64,22,21,31,114" hai3="42,77,67,3,86,111,119,54,59,13,38,61,12"/><V122/><F114/><W103/><G3/><T70/><D104/><U100/><E110/><V65/><F122/><W44/><G111/><T28/><D70/><U16/><E115/><V118/><F36/><W121/><G121/><T53/><D74/><U130/><E130/><V129/><F118/><W57/><G119/><T39/><D72/><U85/><E45/><V60/><F129/><W98/><G86/><T62/><D62/><U15/><E100/><V8/><F127/><W95/><G77/><T87/><D39/><U79/><E101/><V102/><F68/><W75/><G75/><T32/><D32/><U107/><E107/><V83/><F31/><W128/><G128/><T106/><D106/><U48/><REACH who="1" step="1"/><E78/><REACH who="1" ten="215,4,424,347" step="2"/><V0/><F102/><W63/><G103/><T135/><D35/><U29/><E29/><V108/><F108/><W27/><G44/><AGARI ba="2,1" hai="6,10,14,28,30,44,50,53,87,91,92,133,134,135" machi="44" ten="40,1300,0" yaku="20,1" doraHai="109" who="0" fromWho="3" sc="215,29,4,0,424,0,347,-19" /><INIT seed="3,0,0,1,1,93" ten="244,4,424,328" oya="3" hai0="113,130,66,63,104,103,91,94,120,25,49,2,101" hai1="78,69,20,73,64,60,117,100,134,71,86,65,112" hai2="70,54,1,14,13,6,19,110,44,58,40,27,107" hai3="61,98,90,21,35,124,33,12,31,46,74,11,132"/><W41/><G74/><T76/><D130/><U68/><E86/><V80/><F107/><W82/><G124/><T22/><D120/><U36/><E78/><V115/><F70/><W114/><G114/><T96/><D2/><U17/><E17/><V50/><F110/><W43/><G132/><T5/><D5/><U32/><E20/><N who="2" m="13727" /><F6/><W88/><G35/><T7/><D7/><U29/><E29/><V85/><F1/><W34/><G33/><T105/><D113/><U119/><E100/><V133/><F133/><W111/><G34/><T121/><D76/><U109/><E60/><V128/><F128/><W89/><G111/><T87/><D49/><U92/><E92/><V106/><F106/><W75/><G75/><T45/><D45/><U10/><E10/><V79/><F115/><W129/><G129/><T37/><D37/><U9/><E9/><V77/><F79/><W72/><G72/><T131/><D121/><U42/><E42/><N who="3" m="15882" /><G61/><AGARI ba="0,0" hai="13,14,40,44,50,54,58,61,77,80,85" m="13727" machi="61" ten="30,1000,0" yaku="8,1" doraHai="93" who="2" fromWho="3" sc="244,0,4,0,424,10,328,-10" owari="244,-15.6,4,-49.6,434,53.4,318,11.8" /></mjloggm>