<mjloggm ver="2.3"><GO type="225" lobby="0"/><UN n0="%6D%75%75%73%61%6E%6D%75" n1="%E3%80%90%E3%83%88%E3%83%AA%E3%83%A5%E3%83%95%E3%80%91" n2="%E3%83%81%E3%83%AF%E3%83%AF%E9%9A%8A%E9%95%B7" n3="%E3%82%B2%E3%82%B9%E8%8C%82%E5%8B%9D" dan="17,16,16,16" rate="2176.94,2061.89,2113.92,2118.03" sx="F,F,M,F"/><TAIKYOKU oya="0"/><INIT seed="0,0,0,2,1,128" ten="250,250,250,250" oya="0" hai0="86,116,60,64,95,77,69,17,46,96,68,107,34" hai1="126,103,91,25,129,104,98,114,87,59,130,117,102" hai2="105,8,30,92,35,44,90,2,81,4,132,82,111" hai3="43,110,78,28,71,99,7,26,85,6,39,27,72"/><T29/><D116/><U12/><E12/><V20/><F105/><W100/><G110/><T0/><D0/><U50/><E103/><V84/><F111/><W124/><G124/><T94/><D69/><U19/><E117/><V37/><F35/><W123/><G123/><T131/><D131/><N who="1" m="50187" /><E126/><V106/><F106/><W135/><G71/><T51/><D77/><U15/><E25/><V55/><F37/><W45/><G72/><T61/><D86/><U21/><E50/><V134/><F30/><W127/><G127/><T109/><D61/><U41/><E41/><V22/><F44/><W63/><G63/><T75/><D75/><U36/><E59/><V133/><F55/><W52/><G52/><N who="0" m="29815" /><D17/><U24/><E114/><V11/><F11/><W49/><G39/><T23/><D23/><AGARI ba="0,0" hai="2,4,8,20,22,23,81,82,84,90,92,132,133,134" machi="23" ten="40,8000,1" yaku="20,1,52,3" doraHai="128" who="2" fromWho="0" sc="250,-80,250,0,250,80,250,0" /><INIT seed="1,0,0,4,0,79" ten="170,250,330,250" oya="1" hai0="96,30,59,132,44,53,32,104,40,31,125,119,82" hai1="94,87,134,89,105,21,11,114,43,99,60,103,55" hai2="36,8,72,122,34,23,70,35,71,116,2,126,12" hai3="62,81,129,52,64,24,67,91,10,128,101,56,66"/><U74/><E114/><V54/><F116/><W50/><G101/><T120/><D119/><U92/><E134/><V57/><F122/><W63/><G10/><T95/><D120/><U0/><E74/><V22/><F36/><W100/><G100/><T61/><D132/><U115/><E115/><V127/><F2/><W112/><G24/><T75/><D104/><U102/><E43/><V37/><F37/><W42/><G112/><T25/><D125/><N who="2" m="47626" /><F72/><W7/><G7/><T6/><D6/><U118/><E11/><V109/><F109/><W51/><G81/><T9/><D9/><U47/><E0/><V98/><F98/><W46/><G91/><T3/><D3/><U106/><E21/><N who="2" m="7691" /><F54/><W29/><G29/><T123/><D123/><U39/><E118/><V20/><F57/><W58/><REACH who="3" step="1"/><G50/><REACH who="3" ten="170,250,330,240" step="2"/><T117/><D117/><U135/><E135/><V77/><F77/><W80/><G80/><T1/><D1/><U124/><E124/><V38/><F38/><W49/><G49/><T97/><D31/><U18/><E105/><V76/><F76/><W83/><G83/><T108/><D108/><U14/><E106/><V26/><F8/><W5/><G5/><T133/><D133/><U93/><E39/><V121/><F121/><W107/><G107/><T4/><D4/><U130/><E103/><V16/><F26/><W68/><G68/><AGARI ba="0,1" hai="12,16,20,34,35,68,70,71" m="7691,47626" machi="68" ten="30,2000,0" yaku="18,1,54,1" doraHai="79" who="2" fromWho="3" sc="170,0,250,0,330,30,240,-20" /><INIT seed="2,0,0,3,2,84" ten="170,250,360,220" oya="2" hai0="111,98,11,115,27,40,53,62,23,32,45,80,3" hai1="59,21,52,83,39,88,112,13,118,75,43,61,15" hai2="4,0,38,22,50,24,64,30,103,95,94,14,47" hai3="51,35,114,68,28,132,116,120,72,107,97,128,10"/><V16/><F38/><W20/><RYUUKYOKU type="yao9" ba="0,0" sc="170,0,250,0,360,0,220,0" hai3="10,20,28,35,51,68,72,97,107,114,116,120,128,132" /><INIT seed="2,1,0,4,1,63" ten="170,250,360,220" oya="2" hai0="1,2,20,108,11,12,102,75,88,83,9,82,94" hai1="4,32,114,35,57,49,66,123,112,81,117,52,110" hai2="99,127,106,116,33,84,61,92,23,69,97,54,50" hai3="51,89,30,5,96,98,85,56,48,78,135,62,15"/><V47/><F33/><W80/><G135/><T64/><D108/><U103/><E110/><V34/><F34/><W0/><G0/><T38/><D38/><U42/><E117/><V134/><F116/><W115/><G115/><T22/><D75/><U95/><E123/><V104/><F134/><W58/><G30/><T13/><D102/><U133/><E133/><V77/><F127/><W28/><G28/><T45/><D45/><U107/><E107/><V44/><F97/><N who="3" m="37483" /><G78/><T16/><D2/><U21/><E32/><V46/><F106/><W72/><G72/><T111/><D1/><U41/><E35/><V37/><F104/><W73/><G73/><T27/><D111/><U76/><E4/><V126/><F126/><W67/><G56/><T86/><D64/><U18/><E66/><V65/><F37/><W29/><G29/><T79/><D79/><U60/><E112/><V129/><F129/><W10/><AGARI ba="1,0" hai="5,10,15,48,51,58,62,67,80,85,89" m="37483" machi="10" ten="30,2000,0" yaku="8,1,52,1" doraHai="63" who="3" fromWho="3" sc="170,-6,250,-6,360,-11,220,23" /><INIT seed="3,0,0,2,1,89" ten="164,244,349,243" oya="3" hai0="108,17,77,111,116,135,113,92,128,83,66,2,93" hai1="16,124,129,112,41,40,3,125,109,88,44,134,99" hai2="95,76,85,57,105,90,26,65,62,97,43,131,114" hai3="23,91,72,130,63,28,33,121,110,127,32,52,51"/><W12/><G121/><T24/><D116/><U55/><E112/><V31/><F114/><W5/><G127/><N who="1" m="48714" /><E3/><V39/><F131/><W6/><G130/><T15/><D113/><U14/><E109/><N who="0" m="42057" /><D128/><U123/><E123/><V36/><F43/><W38/><G38/><T45/><D2/><U29/><E29/><V10/><F10/><W102/><G72/><N who="0" m="43431" /><D135/><U117/><E134/><V122/><F122/><W0/><G0/><T54/><D66/><U96/><E129/><V107/><F107/><W73/><G73/><T126/><D126/><U80/><E55/><V81/><F105/><W101/><G63/><T58/><D24/><U86/><E117/><V64/><F64/><W71/><G71/><T30/><D30/><U67/><E67/><V53/><F65/><W120/><G120/><T84/><D84/><U119/><E119/><V34/><AGARI ba="0,0" hai="26,31,34,36,39,53,57,62,76,81,85,90,95,97" machi="34" ten="20,2700,0" yaku="0,1,7,1,52,1" doraHai="89" who="2" fromWho="2" sc="164,-7,244,-7,349,27,243,-13" owari="157,-34.3,237,3.7,376,47.6,230,-17.0" /></mjloggm>