<mjloggm ver="2.3"><GO type="225" lobby="0"/><UN n0="%E6%80%AA%E3%81%97%E3%81%99%E3%81%8E%E3%82%8B%E3%83%81%E3%83%BC" n1="%E3%81%B8%E3%82%80%E3%81%B8%E3%82%80%EF%BC%92%E5%8F%B7" n2="%E5%84%AA%40%41%42%43" n3="%E3%81%A1%E3%82%85%E3%81%86%E3%81%A9%E3%81%8F%E8%B1%A1%E3%81%95%E3%82%93" dan="17,17,17,16" rate="2146.63,2170.99,2225.89,2073.97" sx="M,M,M,M"/><TAIKYOKU oya="0"/><INIT seed="0,0,0,1,4,44" ten="250,250,250,250" oya="0" hai0="33,39,84,70,116,20,115,12,97,37,119,0,52" hai1="109,41,11,75,23,85,35,25,24,132,57,28,9" hai2="87,101,34,88,94,18,30,106,54,86,131,78,29" hai3="89,36,113,99,58,59,81,63,42,66,104,108,83"/><T67/><D67/><U130/><E75/><V22/><F131/><W117/><G117/><T51/><D115/><U64/><E130/><V95/><F34/><W40/><G113/><T90/><D33/><U77/><E109/><V60/><F106/><W31/><G108/><T135/><D0/><U17/><E132/><V74/><F74/><W10/><G31/><T62/><D62/><U73/><E73/><V127/><F127/><W71/><G10/><T72/><D97/><U38/><E38/><N who="0" m="14345" /><D70/><U3/><E41/><V47/><F101/><W92/><G104/><T133/><D72/><U129/><E129/><V125/><F125/><W8/><G8/><T107/><D107/><U27/><E27/><V16/><F18/><W43/><REACH who="3" step="1"/><G36/><REACH who="3" ten="250,250,250,240" step="2"/><T32/><D32/><U26/><E3/><V46/><F30/><W82/><AGARI ba="0,1" hai="40,42,43,58,59,63,66,71,81,82,83,89,92,99" machi="82" ten="30,7900,0" yaku="1,1,2,1,0,1,53,1" doraHai="44" doraHaiUra="91" who="3" fromWho="3" sc="250,-39,250,-20,250,-20,240,89" /><INIT seed="1,0,0,0,0,110" ten="211,230,230,329" oya="1" hai0="101,26,44,131,4,40,50,69,74,62,32,14,24" hai1="46,120,5,75,95,88,43,33,108,121,19,42,65" hai2="56,135,92,37,9,52,114,15,55,105,112,99,53" hai3="76,97,67,117,58,72,89,63,1,86,134,90,21"/><U35/><E75/><V119/><F119/><W80/><G1/><T98/><D131/><U47/><E108/><V29/><F135/><W41/><G134/><T73/><D26/><U0/><E19/><N who="2" m="8687" /><F37/><W81/><G117/><T78/><D78/><U93/><E65/><V87/><F105/><W132/><G132/><T100/><D100/><U12/><E12/><V17/><F29/><W31/><G41/><T79/><D79/><U20/><E20/><V129/><F87/><W49/><G49/><T96/><D96/><U126/><E5/><V70/><F70/><W25/><G97/><T18/><D4/><U23/><E23/><V34/><F17/><W127/><REACH who="3" step="1"/><G89/><REACH who="3" ten="211,230,230,319" step="2"/><T83/><D50/><U27/><E0/><V133/><F133/><W111/><G111/><T106/><D40/><U59/><E88/><N who="2" m="55687" /><F129/><W8/><G8/><T107/><D98/><U103/><E103/><V45/><F34/><W82/><G82/><T39/><D83/><U85/><E35/><V124/><F45/><W51/><G51/><T38/><D101/><U94/><E33/><V11/><F11/><W68/><G68/><T22/><D44/><U10/><E47/><V84/><F84/><W118/><G118/><T77/><D106/><U122/><E85/><V13/><F56/><W57/><G57/><T113/><D107/><U123/><E59/><V28/><F114/><W64/><G64/><N who="0" m="41111" /><D113/><U36/><E120/><V116/><F116/><W109/><G109/><T30/><D74/><U66/><E122/><V130/><F112/><W54/><G54/><N who="2" m="20489" /><F130/><W2/><G2/><T3/><D3/><RYUUKYOKU ba="0,1" sc="211,15,230,-15,230,-15,319,15" hai0="14,18,22,24,30,32,38,39,73,77" hai3="21,25,31,58,63,67,72,76,80,81,86,90,127" /><INIT seed="2,1,1,2,0,56" ten="226,215,215,334" oya="2" hai0="93,15,99,86,44,7,124,134,39,6,68,53,85" hai1="54,45,112,123,26,66,94,12,64,10,106,22,30" hai2="29,13,38,40,37,117,71,36,67,82,65,35,84" hai3="18,125,104,51,23,132,41,122,73,108,105,74,129"/><V135/><F117/><W16/><G122/><T127/><D134/><U24/><E106/><V4/><F135/><W43/><G132/><T95/><D68/><U61/><E112/><V116/><F116/><W3/><G3/><T96/><D53/><U88/><E26/><V27/><F40/><W128/><G23/><T109/><D15/><U28/><E30/><V55/><F55/><W77/><G51/><T48/><D48/><N who="1" m="28943" /><E123/><V72/><F72/><W90/><G90/><N who="0" m="55351" /><D109/><U62/><E64/><V0/><F0/><W107/><G107/><T101/><D44/><U20/><E20/><V121/><F121/><W79/><G125/><N who="0" m="48203" /><D39/><U69/><E69/><V102/><F102/><W52/><G52/><T80/><D86/><N who="1" m="52503" /><E66/><V70/><F71/><W89/><G89/><AGARI ba="1,1" hai="6,7,80,85,89,95,99,101" m="48203,55351" machi="89" ten="30,1000,0" yaku="18,1" doraHai="56" who="0" fromWho="3" sc="226,23,215,0,215,0,334,-13" /><INIT seed="3,0,0,3,5,62" ten="249,215,215,321" oya="3" hai0="99,72,123,81,63,69,125,134,117,60,43,31,67" hai1="1,109,119,14,77,51,40,9,66,127,21,107,44" hai2="100,108,83,41,129,89,86,85,38,98,45,57,6" hai3="76,104,3,79,54,97,2,46,33,20,84,91,102"/><W17/><G33/><T80/><D117/><U0/><E119/><V120/><F108/><W106/><G106/><T113/><D123/><U131/><E107/><V126/><F120/><W23/><G23/><T95/><D125/><U112/><E112/><V71/><F71/><W133/><G133/><T135/><D113/><U5/><E109/><V27/><F126/><W22/><G22/><T130/><D130/><U73/><E127/><V111/><F111/><W96/><G96/><T28/><D43/><U47/><E66/><V132/><F129/><W25/><G79/><N who="0" m="44135" /><D60/><U82/><E131/><V58/><F132/><N who="0" m="50730" /><D81/><U110/><E110/><V15/><F27/><W87/><G76/><T50/><D50/><U19/><E47/><V70/><F70/><W101/><G101/><AGARI ba="0,0" hai="28,31,63,67,69,95,99,101" m="50730,44135" machi="101" ten="30,2000,0" yaku="20,1,52,1" doraHai="62" who="0" fromWho="3" sc="249,20,215,0,215,0,321,-20" owari="269,6.9,215,-18.5,215,-28.5,301,40.1" /></mjloggm>