<mjloggm ver="2.3"><GO type="225" lobby="0"/><UN n0="%E3%81%8B%E3%82%8F%E3%81%A1%E3%82%83%E3%82%93%35%38" n1="%E5%B0%8F%E9%B3%A5%E9%81%8A%E7%B7%B4%E7%84%A1%32%31%E6%AD%B3" n2="%E5%8F%AF%E5%85%90%E9%82%A3%E7%94%B1%E5%A4%9A" n3="%E6%98%93%E5%88%A9%E8%96%A9%E4%BC%AF" dan="16,16,17,16" rate="2188.24,2151.52,2152.74,2042.41" sx="M,F,F,F"/><TAIKYOKU oya="0"/><INIT seed="0,0,0,3,5,118" ten="250,250,250,250" oya="0" hai0="121,14,104,74,6,125,92,34,5,62,29,3,77" hai1="79,96,37,10,81,54,106,19,11,15,114,20,61" hai2="112,17,8,41,64,102,56,71,120,133,7,90,60" hai3="135,49,113,128,134,101,39,119,13,59,98,45,26"/><T48/><D104/><U63/><E37/><V44/><F112/><W75/><G113/><T110/><D74/><U58/><E63/><V27/><F133/><W108/><G119/><T31/><D77/><U86/><E114/><V78/><F102/><W80/><G108/><T126/><D92/><U47/><E106/><V129/><F129/><W1/><G1/><T35/><D48/><U38/><E38/><V57/><F78/><W85/><G75/><T131/><D62/><U122/><E122/><V0/><F120/><W127/><G127/><T66/><D66/><U100/><E47/><V83/><F17/><W43/><G26/><T130/><D14/><U105/><AGARI ba="0,0" hai="10,11,15,19,20,54,58,61,79,81,86,96,100,105" machi="105" ten="20,1500,0" yaku="0,1,7,1" doraHai="118" who="1" fromWho="1" sc="250,-7,250,15,250,-4,250,-4" /><INIT seed="1,0,0,4,5,103" ten="243,265,246,246" oya="1" hai0="126,90,75,57,62,135,77,38,26,79,115,82,66" hai1="18,12,118,116,37,51,14,132,98,5,111,30,0" hai2="80,44,41,58,72,99,125,71,29,67,40,86,27" hai3="22,42,31,64,105,84,104,74,109,121,17,10,53"/><U47/><E37/><V35/><F125/><W124/><G74/><T21/><D115/><U114/><E114/><V65/><F72/><W48/><G121/><T68/><D38/><U7/><E30/><V134/><F134/><W11/><G42/><T1/><D1/><U100/><E132/><V9/><F71/><W78/><G64/><T69/><D135/><U28/><E28/><V56/><F9/><W102/><G31/><T76/><D126/><U25/><E0/><V85/><F99/><W106/><G102/><T39/><D39/><U123/><E123/><V63/><F44/><W120/><G120/><T92/><D69/><U89/><E89/><V50/><F86/><W91/><G78/><T117/><D68/><U13/><E111/><V127/><F127/><W36/><G36/><T81/><D117/><U112/><E112/><V15/><F15/><N who="3" m="9535" /><G109/><T55/><D66/><U32/><E118/><V54/><REACH who="2" step="1"/><F67/><REACH who="2" ten="243,265,236,246" step="2"/><W19/><G124/><T46/><D46/><U4/><E116/><V34/><F34/><W70/><G70/><T45/><D45/><U49/><E32/><V88/><AGARI ba="0,1" hai="27,29,35,40,41,50,54,56,58,63,65,80,85,88" machi="88" ten="20,5200,0" yaku="1,1,0,1,7,1,54,1,53,0" doraHai="103" doraHaiUra="16" who="2" fromWho="2" sc="243,-13,265,-26,236,62,246,-13" /><INIT seed="2,0,0,4,0,98" ten="230,239,298,233" oya="2" hai0="70,47,49,26,78,42,75,62,100,90,53,25,24" hai1="123,99,21,89,54,30,81,64,112,83,128,92,133" hai2="17,109,126,93,39,40,22,35,2,11,59,13,61" hai3="41,87,46,56,18,20,74,36,127,88,16,6,27"/><V12/><F35/><W119/><G119/><T4/><D4/><U108/><E112/><V0/><F126/><W132/><G132/><T117/><D117/><U34/><E34/><V131/><F131/><W5/><G74/><T57/><D75/><U72/><E128/><V86/><F109/><W115/><G115/><T84/><D70/><U33/><E33/><V48/><F39/><W82/><G127/><T94/><D78/><U121/><E64/><V111/><F111/><W80/><G80/><N who="1" m="30794" /><E54/><V1/><F40/><W45/><G45/><T106/><D106/><U10/><E10/><V44/><F44/><W67/><REACH who="3" step="1"/><G18/><REACH who="3" ten="230,239,298,223" step="2"/><T7/><D7/><U122/><E133/><V38/><F17/><W14/><G14/><T102/><AGARI ba="0,1" hai="24,25,26,42,47,49,53,57,62,84,90,94,100,102" machi="102" ten="30,7900,0" yaku="0,1,8,1,52,2" doraHai="98" who="0" fromWho="0" sc="230,89,239,-20,298,-39,223,-20" /><INIT seed="3,0,0,4,4,9" ten="319,219,259,203" oya="3" hai0="86,118,63,135,39,124,31,10,90,21,52,111,117" hai1="101,114,4,43,5,79,133,27,50,134,72,48,71" hai2="45,83,105,84,67,92,65,120,34,46,115,97,107" hai3="87,93,98,89,38,6,41,91,11,53,126,73,123"/><W25/><G126/><T100/><D39/><U113/><E71/><V8/><F34/><W119/><G119/><T129/><D100/><U33/><E101/><N who="2" m="60583" /><F105/><W70/><G123/><T36/><D36/><U18/><E79/><V76/><F107/><W24/><G73/><T56/><D10/><U23/><E72/><V81/><F115/><N who="1" m="44041" /><E43/><V59/><F81/><W94/><G70/><T69/><D69/><U60/><E60/><N who="2" m="38047" /><F120/><W35/><G35/><T28/><D135/><N who="1" m="51723" /><E33/><V51/><F67/><W95/><G95/><T75/><D75/><U58/><E58/><V64/><F64/><W110/><G110/><T74/><D74/><U82/><E82/><V32/><F32/><W106/><G106/><T112/><D111/><U88/><E50/><V2/><F2/><W1/><REACH who="3" step="1"/><G53/><REACH who="3" ten="319,219,259,193" step="2"/><T127/><D112/><U55/><E55/><V49/><F83/><W30/><G30/><T122/><D31/><U61/><E61/><V22/><F51/><W109/><G109/><T26/><D122/><U78/><E48/><V108/><F49/><W3/><G3/><T66/><D52/><U19/><E19/><V121/><F108/><W130/><G130/><T40/><D129/><U0/><E0/><V44/><F121/><W47/><AGARI ba="0,1" hai="1,6,11,24,25,38,41,47,87,89,91,93,94,98" machi="47" ten="30,3000,0" yaku="1,1,0,1,53,0" doraHai="9" doraHaiUra="77" who="3" fromWho="3" sc="319,-10,219,-10,259,-10,193,40" /><INIT seed="3,1,0,1,2,82" ten="309,209,249,233" oya="3" hai0="79,40,45,14,22,32,70,53,134,20,106,55,66" hai1="4,25,60,104,69,12,121,111,76,63,28,119,47" hai2="123,100,91,16,75,41,126,68,83,77,87,19,50" hai3="58,81,132,95,116,122,9,13,114,21,36,42,101"/><W38/><G114/><T85/><D32/><U62/><E121/><V80/><F68/><W93/><G116/><T72/><D106/><U127/><E111/><V17/><F126/><W109/><G122/><T54/><D72/><U115/><E115/><V110/><F123/><W1/><G109/><T15/><D70/><U65/><E127/><V2/><F2/><W117/><G132/><T34/><D34/><U108/><E108/><V67/><F110/><W49/><G117/><T64/><D85/><U129/><E129/><V23/><F67/><N who="0" m="25642" /><D79/><U10/><E119/><V30/><F100/><W86/><G1/><T35/><D35/><U78/><E104/><V74/><F74/><W102/><G21/><N who="0" m="8299" /><D134/><U89/><E47/><N who="2" m="25967" /><F75/><W11/><G38/><T90/><D90/><U124/><E124/><V94/><F77/><N who="3" m="46383" /><G11/><T92/><D92/><N who="3" m="35401" /><G36/><T118/><D118/><U71/><E69/><V98/><F98/><W24/><BYE who="0" /><G24/><AGARI ba="1,0" hai="16,17,19,23,24,30,80,83,87,91,94" m="25967" machi="24" ten="30,3900,0" yaku="8,1,52,1,54,1" doraHai="82" who="2" fromWho="3" sc="309,0,209,0,249,42,233,-42" owari="309,40.9,209,-19.1,291,9.1,191,-30.9" /></mjloggm>