<mjloggm ver="2.3"><GO type="225" lobby="0"/><UN n0="%E4%B8%8B%E6%AE%B5%E3%83%81%E3%82%A7%E3%83%AA%E3%83%BC" n1="%72%69%6F%75%63%68%61%6E" n2="%E3%82%A2%E3%83%BC%E3%83%A2%E3%83%AD%E3%83%BC%E3%83%B4%E3%82%A1" n3="%33%74%72%65%65" dan="16,17,16,17" rate="2145.19,2257.96,2110.93,2136.49" sx="M,M,M,F"/><TAIKYOKU oya="0"/><INIT seed="0,0,0,0,0,60" ten="250,250,250,250" oya="0" hai0="96,127,13,27,31,135,34,101,52,75,22,116,44" hai1="84,11,50,8,93,123,107,117,79,64,109,37,65" hai2="32,55,61,72,58,83,51,53,120,41,85,86,2" hai3="15,26,38,30,92,128,105,42,20,14,54,99,71"/><T125/><D75/><U111/><E117/><V78/><F120/><W80/><G128/><T126/><D116/><U46/><E123/><V45/><F2/><W133/><G133/><T69/><D69/><U63/><E107/><V67/><F32/><W47/><G105/><T17/><D135/><U12/><E37/><V3/><F3/><W4/><G4/><T43/><D52/><N who="1" m="29783" /><E63/><V0/><F0/><W112/><G112/><T95/><REACH who="0" step="1"/><D43/><REACH who="0" ten="240,250,250,250" step="2"/><U87/><E109/><V76/><F72/><W89/><G71/><T91/><D91/><N who="1" m="53479" /><E111/><V7/><F7/><W113/><G113/><T108/><D108/><U97/><E97/><V1/><F1/><W21/><G54/><T36/><D36/><U62/><E62/><V106/><F106/><W73/><G73/><T10/><D10/><N who="1" m="3627" /><E12/><V131/><F131/><W5/><G15/><T100/><D100/><U102/><E102/><V39/><F39/><W28/><G38/><T90/><D90/><U18/><E18/><V132/><F132/><W129/><G129/><T81/><D81/><AGARI ba="0,1" hai="64,65,79,81,87" m="3627,53479,29783" machi="81" ten="30,7700,0" yaku="8,1,52,2,54,1" doraHai="60" who="1" fromWho="0" sc="240,-77,250,87,250,0,250,0" /><AGARI ba="0,0" hai="41,45,51,53,55,58,61,67,76,78,81,83,85,86" machi="81" ten="40,5200,0" yaku="9,1,8,1,52,1" doraHai="60" who="2" fromWho="0" sc="163,-52,337,0,250,52,250,0" /><INIT seed="1,0,0,1,1,89" ten="111,337,302,250" oya="1" hai0="25,132,123,129,99,41,36,19,33,27,102,88,133" hai1="78,30,0,20,43,103,10,72,2,98,81,5,52" hai2="104,12,15,92,1,76,128,68,113,47,14,60,58" hai3="83,66,29,55,40,106,11,134,116,71,23,51,24"/><U7/><E43/><V17/><F104/><W8/><G134/><T80/><D123/><U73/><E30/><V26/><F68/><W126/><G126/><T13/><D129/><U118/><E118/><V117/><F117/><W35/><G116/><T111/><D111/><U38/><E20/><V45/><F1/><W49/><G106/><T121/><D121/><U46/><E52/><N who="2" m="33863" /><F128/><W61/><G35/><T101/><D41/><N who="1" m="22839" /><E72/><V94/><F76/><W50/><G40/><T135/><D36/><U79/><E79/><V108/><F108/><W112/><G112/><T107/><D101/><U86/><E86/><V64/><F64/><W48/><REACH who="3" step="1"/><G83/><REACH who="3" ten="111,337,302,240" step="2"/><T6/><D33/><U105/><E5/><V74/><F113/><W3/><G3/><AGARI ba="0,1" hai="0,2,3,7,10,73,78,81,98,103,105" m="22839" machi="3" ten="30,5800,0" yaku="25,1,33,2" doraHai="89" who="1" fromWho="3" sc="111,0,337,68,302,0,240,-58" /><INIT seed="1,1,0,2,2,52" ten="111,405,302,182" oya="1" hai0="18,123,101,63,71,100,75,13,2,60,53,4,114" hai1="95,65,22,96,79,115,21,91,12,7,77,55,58" hai2="17,69,51,93,106,19,135,39,33,47,132,48,130" hai3="94,28,14,62,56,1,89,45,119,134,111,99,105"/><U20/><E115/><V68/><F106/><W54/><G1/><T108/><D114/><U36/><E36/><V118/><F33/><W67/><G111/><T83/><D108/><U11/><REACH who="1" step="1"/><E65/><REACH who="1" ten="111,395,302,182" step="2"/><V78/><F39/><W25/><G67/><T72/><D123/><U121/><E121/><V120/><F120/><W10/><G119/><T0/><D71/><U35/><E35/><V87/><F118/><W103/><G134/><T43/><D75/><U29/><E29/><V86/><F69/><W112/><G112/><T3/><D72/><U30/><E30/><V97/><F68/><W26/><G28/><T46/><D0/><U73/><E73/><V8/><F132/><W80/><G80/><T44/><D2/><U49/><AGARI ba="1,1" hai="7,11,12,20,21,22,49,55,58,77,79,91,95,96" machi="49" ten="30,11700,0" yaku="1,1,0,1,8,1,52,1,53,0" doraHai="52" doraHaiUra="24" who="1" fromWho="1" sc="111,-40,395,130,302,-40,182,-40" /><INIT seed="1,2,0,4,2,89" ten="71,525,262,142" oya="1" hai0="52,35,57,9,13,62,128,110,63,65,123,84,96" hai1="121,41,50,53,67,94,40,17,113,76,44,130,60" hai2="14,102,2,37,124,46,129,117,82,19,64,54,86" hai3="11,45,112,131,81,114,16,29,69,68,77,132,118"/><U106/><E113/><V10/><F129/><W109/><G131/><T135/><D128/><U75/><E130/><V125/><F117/><W72/><G118/><T95/><D35/><U91/><E121/><V90/><F64/><W1/><G109/><T15/><D123/><U42/><E106/><V27/><F2/><W74/><G132/><T70/><D135/><U88/><E75/><V87/><F102/><W59/><G72/><T105/><D110/><U83/><E17/><V100/><F100/><W119/><G119/><T120/><D120/><U43/><N who="1" m="10240" /><DORA hai="22" /><U56/><REACH who="1" step="1"/><E94/><REACH who="1" ten="71,515,262,142" step="2"/><V8/><F19/><W24/><G16/><T30/><D30/><U33/><E33/><V4/><F124/><W47/><G74/><T25/><D105/><U26/><E26/><V6/><F27/><W12/><G24/><T5/><D25/><U34/><E34/><V55/><F125/><W115/><G29/><T71/><D84/><U48/><E48/><V104/><F86/><W79/><G114/><T93/><D71/><U80/><E80/><V28/><F104/><W73/><G68/><T134/><D134/><U108/><E108/><V39/><F28/><W58/><G69/><T0/><REACH who="0" step="1"/><D93/><REACH who="0" ten="61,515,262,142" step="2"/><U111/><E111/><V122/><F122/><W61/><G115/><T99/><D99/><U133/><E133/><V32/><F32/><W127/><G112/><T36/><D36/><U101/><E101/><AGARI ba="2,2" hai="0,5,9,13,15,52,57,62,63,65,70,95,96,101" machi="101" ten="30,12000,2" yaku="1,1,7,1,52,1,54,1,53,2" doraHai="89,22" doraHaiUra="92,66" who="0" fromWho="1" sc="61,146,515,-126,262,0,142,0" /><INIT seed="2,0,0,1,0,102" ten="207,389,262,142" oya="2" hai0="82,34,77,91,24,53,80,28,76,0,117,116,29" hai1="68,42,119,89,107,69,52,75,87,57,50,41,92" hai2="3,111,6,78,8,127,118,132,72,25,106,131,11" hai3="99,26,59,66,18,121,129,95,62,19,56,15,43"/><V70/><RYUUKYOKU type="yao9" ba="0,0" sc="207,0,389,0,262,0,142,0" hai2="3,6,8,11,25,70,72,78,106,111,118,127,131,132" /><INIT seed="2,1,0,4,0,104" ten="207,389,262,142" oya="2" hai0="28,100,133,119,134,62,48,84,31,116,13,8,80" hai1="55,43,29,125,40,87,52,99,41,23,45,90,110" hai2="2,72,51,96,15,105,25,61,22,71,126,47,93" hai3="78,20,1,67,102,16,66,117,33,98,21,6,74"/><V115/><F115/><W120/><G117/><N who="0" m="45131" /><D100/><U114/><E110/><V89/><F2/><W60/><G120/><T59/><D48/><U92/><E125/><V26/><F126/><W97/><G33/><T111/><D111/><U58/><E114/><V44/><F105/><W56/><G67/><N who="0" m="39391" /><D80/><N who="1" m="49511" /><E45/><V42/><F44/><W73/><G78/><T39/><D84/><U131/><E131/><V106/><F106/><W70/><G70/><T101/><D101/><N who="1" m="60647" /><E58/><V91/><F91/><W79/><G79/><T85/><D85/><U7/><E7/><V129/><F129/><W103/><G103/><T46/><D46/><U124/><E124/><V118/><F118/><W107/><G98/><T5/><D39/><U65/><E65/><V27/><F71/><W128/><G128/><T69/><D69/><U132/><E132/><AGARI ba="1,0" hai="5,8,13,28,31,132,133,134" m="39391,45131" machi="132" ten="30,2000,0" yaku="20,1,12,1" doraHai="104" who="0" fromWho="1" sc="207,23,389,-23,262,0,142,0" /><INIT seed="3,0,0,5,0,111" ten="230,366,262,142" oya="3" hai0="72,34,80,68,17,43,81,7,57,82,3,31,108" hai1="21,89,83,77,39,62,33,4,128,117,126,45,79" hai2="96,104,99,103,92,101,75,61,91,56,109,23,10" hai3="64,55,38,24,51,132,22,27,5,86,130,25,26"/><W119/><G119/><T0/><D68/><U107/><E33/><V78/><F109/><W35/><G132/><T118/><D108/><U87/><E107/><V70/><F70/><W100/><G130/><T102/><D118/><U14/><E117/><V30/><F10/><W60/><G38/><T12/><D102/><U115/><E115/><V53/><F101/><W13/><G100/><T122/><D122/><U121/><E121/><V9/><F9/><W106/><G106/><T74/><D43/><U32/><E32/><V71/><F71/><W59/><G35/><T125/><D57/><U112/><E112/><V124/><F124/><W47/><G5/><T73/><D125/><U54/><E126/><V20/><F30/><W123/><G123/><T134/><D134/><U44/><E128/><V76/><F76/><N who="1" m="29257" /><E39/><V105/><F105/><W2/><G2/><T131/><D131/><U65/><E65/><V36/><F36/><W8/><G86/><T116/><D17/><N who="1" m="10423" /><E4/><V63/><F61/><W84/><G84/><T29/><D82/><U67/><E67/><V16/><F16/><N who="3" m="8231" /><G27/><T88/><D116/><U46/><E62/><V98/><F98/><W114/><G114/><T94/><D0/><U120/><E120/><V52/><F20/><W6/><G6/><T135/><D3/><U97/><E97/><V85/><F23/><AGARI ba="0,0" hai="22,23,24,25,26,47,51,55,59,60,64" m="8231" machi="23" ten="30,2900,0" yaku="8,1,54,1" doraHai="111" who="3" fromWho="2" sc="230,0,366,0,262,-29,142,29" /><INIT seed="3,1,0,4,3,68" ten="230,366,233,171" oya="3" hai0="64,66,21,35,130,105,98,133,108,88,56,20,48" hai1="38,2,90,11,19,60,103,94,42,125,14,51,81" hai2="91,77,113,5,50,123,69,13,49,7,43,85,107" hai3="83,23,79,111,119,15,86,120,110,45,129,63,117"/><W32/><G120/><T61/><D35/><U31/><E38/><V115/><F107/><W104/><G104/><T6/><D133/><U102/><E125/><V27/><F69/><W4/><G32/><T75/><D75/><U95/><E2/><V101/><F101/><N who="1" m="38409" /><E31/><V37/><F37/><W30/><G129/><T46/><D105/><U106/><E106/><V84/><F27/><N who="3" m="16767" /><G63/><T8/><D48/><U40/><E60/><V54/><F123/><W29/><G29/><T80/><D20/><U16/><E19/><V100/><F113/><W92/><G45/><T62/><D80/><U44/><E40/><V17/><F43/><W134/><G134/><T12/><D46/><U67/><E67/><V59/><F49/><W73/><G73/><T26/><D98/><U65/><E65/><V99/><F115/><W9/><G92/><T76/><D76/><U0/><E0/><V97/><F77/><W128/><G128/><T47/><D47/><U109/><E109/><AGARI ba="1,0" hai="4,9,15,79,83,86,109,110,111,117,119" m="16767" machi="109" ten="30,2900,0" yaku="14,1,10,1" doraHai="68" who="3" fromWho="1" sc="230,0,366,-32,233,0,171,32" /><INIT seed="3,2,0,3,5,25" ten="230,334,233,203" oya="3" hai0="9,84,36,91,109,43,83,95,90,93,118,46,50" hai1="61,132,130,4,52,67,6,127,32,39,104,20,65" hai2="135,7,27,89,5,133,73,78,77,94,18,86,74" hai3="99,82,71,76,120,55,125,54,97,111,12,108,116"/><W47/><G116/><T60/><D118/><U17/><E32/><V75/><F18/><W59/><G120/><T85/><D109/><N who="3" m="42057" /><G71/><T124/><D124/><U38/><E104/><V56/><F27/><W79/><G125/><T26/><D36/><U22/><E130/><V88/><F56/><W105/><G105/><T23/><D9/><U131/><E131/><V15/><F15/><W106/><G106/><T57/><D83/><U121/><E121/><V107/><F107/><W33/><G33/><T101/><D101/><U129/><E129/><V64/><F64/><W58/><G12/><T92/><D92/><U24/><E67/><V80/><F7/><W48/><G47/><T63/><D57/><U134/><E65/><V119/><F5/><W0/><G0/><T19/><AGARI ba="2,0" hai="19,23,26,43,46,50,60,63,84,85,90,91,93,95" machi="19" ten="20,5200,0" yaku="0,1,7,1,9,1,8,1" doraHai="25" who="0" fromWho="0" sc="230,58,334,-15,233,-15,203,-28" owari="288,8.8,319,41.9,218,-18.2,175,-32.5" /></mjloggm>