<mjloggm ver="2.3"><GO type="225" lobby="0"/><UN n0="%E3%81%9F%E3%81%8C%E3%82%84%E3%81%99" n1="%47%48%4F%53%54" n2="%E3%81%AF%E3%82%88%E3%81%8A%E3%81%98%E3%81%95%E3%82%93" n3="%72%61%6B%33" dan="16,17,16,17" rate="2168.82,2224.85,2186.52,2255.28" sx="M,M,M,M"/><TAIKYOKU oya="0"/><INIT seed="0,0,0,3,5,36" ten="250,250,250,250" oya="0" hai0="112,21,55,64,1,62,71,43,125,127,104,30,117" hai1="76,25,4,102,40,58,95,48,130,61,70,7,14" hai2="0,111,132,116,78,90,120,96,105,83,67,66,77" hai3="35,69,119,49,79,59,52,135,97,73,47,134,5"/><T53/><D104/><U22/><E130/><V88/><F0/><W122/><G35/><T80/><D1/><U12/><E70/><V68/><F68/><W131/><G119/><T91/><D117/><U24/><E76/><V65/><F116/><W31/><G31/><T84/><D112/><U87/><E25/><V94/><F120/><W133/><G131/><T29/><D21/><U60/><E48/><V114/><F114/><W46/><G122/><T72/><D72/><U38/><E40/><V123/><F123/><W63/><G5/><N who="1" m="2122" /><E38/><V42/><F105/><W41/><G97/><T74/><D74/><U33/><E33/><V23/><F111/><W15/><G15/><N who="1" m="5674" /><E58/><V100/><F132/><W86/><G73/><T93/><D43/><U110/><E110/><V37/><F23/><W107/><G107/><T57/><D55/><U26/><E26/><V19/><F19/><W108/><G108/><T129/><D129/><U99/><E87/><V75/><REACH who="2" step="1"/><F77/><REACH who="2" ten="250,250,240,250" step="2"/><W27/><G69/><T2/><D2/><U128/><E128/><V109/><F109/><W118/><G118/><T98/><D29/><AGARI ba="0,1" hai="22,24,29,60,61,95,99,102" m="5674,2122" machi="29" ten="30,1000,0" yaku="8,1" doraHai="36" who="1" fromWho="0" sc="250,-10,250,20,240,0,250,0" /><INIT seed="1,0,0,0,0,13" ten="240,270,240,250" oya="1" hai0="51,4,77,19,134,57,74,100,36,132,23,87,9" hai1="93,95,53,33,12,105,10,25,81,16,39,58,52" hai2="8,17,68,85,46,47,6,135,115,45,126,65,31" hai3="91,43,3,71,130,128,22,67,73,129,106,32,66"/><U49/><E105/><V122/><F122/><W60/><G32/><T38/><D74/><U84/><E39/><V5/><F126/><W2/><G73/><T121/><D100/><U110/><E110/><V21/><F135/><N who="0" m="51754" /><D121/><U76/><E33/><V82/><F115/><W89/><G106/><T18/><D51/><N who="1" m="31007" /><E25/><N who="2" m="16815" /><F65/><W63/><G43/><T97/><D57/><AGARI ba="0,0" hai="10,12,16,49,53,57,76,81,84,93,95" m="31007" machi="57" ten="30,11600,0" yaku="8,1,52,1,54,2" doraHai="13" who="1" fromWho="0" sc="240,-116,270,116,240,0,250,0" /><INIT seed="1,1,0,0,4,112" ten="124,386,240,250" oya="1" hai0="64,45,16,11,56,105,28,47,52,54,85,128,26" hai1="0,120,50,33,40,106,62,87,78,82,51,37,89" hai2="73,80,66,29,116,6,74,104,39,103,98,122,9" hai3="12,88,86,59,20,32,132,114,1,65,75,100,119"/><U22/><E33/><V123/><F39/><W79/><G1/><T125/><D105/><U133/><E120/><V4/><F4/><W109/><G109/><T127/><D64/><U31/><E133/><V63/><F29/><W15/><G32/><T68/><D68/><U48/><E0/><N who="2" m="199" /><F116/><W5/><G114/><T41/><D128/><U129/><E106/><V21/><F21/><W97/><G132/><T72/><D72/><N who="2" m="27754" /><F80/><W95/><G119/><T107/><D107/><U61/><E129/><V115/><F115/><W57/><G65/><T99/><D99/><U58/><E37/><V108/><F108/><W25/><G79/><T94/><D85/><U49/><E78/><V110/><F110/><W13/><G5/><T126/><D94/><U81/><E81/><V90/><F90/><W3/><G3/><T35/><D56/><U43/><E61/><V19/><F19/><W130/><G75/><T70/><D70/><AGARI ba="1,0" hai="63,66,70,98,103,104,122,123" m="27754,199" machi="70" ten="30,1000,0" yaku="23,1" doraHai="112" who="2" fromWho="0" sc="124,-13,386,0,240,13,250,0" /><INIT seed="2,0,0,2,5,111" ten="111,386,253,250" oya="2" hai0="58,59,117,20,121,73,88,45,109,52,83,36,99" hai1="41,42,126,108,46,122,118,74,124,28,32,78,75" hai2="8,113,12,48,100,47,105,17,33,76,29,68,91" hai3="57,69,26,63,5,3,92,66,4,34,103,130,95"/><V84/><F68/><W14/><G130/><T72/><D59/><U89/><E108/><V6/><F76/><W128/><G128/><T56/><D109/><U71/><E118/><V90/><F100/><W49/><G3/><T43/><D121/><U114/><E122/><V9/><F105/><W77/><G77/><T10/><D117/><U61/><E114/><V22/><F113/><W67/><G14/><T62/><D10/><U13/><E13/><V23/><F33/><W115/><G115/><T123/><D123/><U50/><E89/><V102/><F102/><W80/><G80/><T0/><D0/><U1/><E42/><V112/><F112/><W25/><G49/><T131/><D131/><U27/><E1/><V54/><F90/><W107/><G57/><T7/><D7/><U97/><E97/><V40/><F40/><W21/><G21/><T81/><D20/><U94/><E94/><V60/><F60/><W119/><G119/><T85/><D99/><U79/><E79/><V31/><F22/><W104/><G63/><T2/><D2/><U64/><E78/><V129/><F129/><W87/><G103/><T132/><D132/><U110/><E110/><V98/><F98/><W101/><G101/><T120/><D120/><U51/><E51/><V125/><F125/><AGARI ba="0,0" hai="27,28,32,41,46,50,61,64,71,74,75,124,125,126" machi="125" ten="40,1300,0" yaku="18,1" doraHai="111" who="1" fromWho="2" sc="111,0,386,13,253,-13,250,0" /><INIT seed="3,0,0,3,3,26" ten="111,399,240,250" oya="3" hai0="108,48,73,88,50,112,6,63,114,94,16,37,24" hai1="91,82,4,59,86,76,99,116,28,127,18,93,74" hai2="51,118,49,130,69,62,97,84,35,124,33,105,72" hai3="46,55,115,80,106,14,135,110,25,0,5,52,107"/><W133/><G115/><N who="0" m="44075" /><D37/><U43/><E127/><V41/><F72/><W100/><G110/><T104/><D104/><U47/><E116/><V90/><F118/><W117/><G117/><T60/><D73/><U111/><E28/><V77/><F124/><W22/><G0/><T42/><D42/><U30/><E30/><V113/><F113/><W126/><G126/><T85/><D6/><U23/><E111/><V83/><F130/><W102/><G80/><T32/><D108/><U132/><E132/><V79/><F41/><W71/><G71/><T15/><D63/><U109/><E59/><V61/><F62/><W13/><G5/><T8/><D60/><U64/><E64/><V19/><F61/><W122/><G46/><T56/><D56/><U81/><E4/><V39/><F39/><W121/><G25/><T87/><D85/><U45/><E43/><V70/><F84/><W21/><AGARI ba="0,0" hai="13,14,21,22,52,55,100,102,106,107,121,122,133,135" machi="21" ten="25,9600,0" yaku="0,1,22,2,54,1" doraHai="26" who="3" fromWho="3" sc="111,-32,399,-32,240,-32,250,96" /><INIT seed="3,1,0,3,0,47" ten="79,367,208,346" oya="3" hai0="68,124,107,20,48,25,15,131,4,129,82,134,40" hai1="55,105,119,2,52,60,62,111,42,54,98,10,35" hai2="76,59,87,85,5,17,28,9,16,75,128,61,93" hai3="7,38,108,114,43,90,56,120,29,106,109,70,112"/><W92/><G70/><T22/><D107/><U67/><E35/><V12/><F75/><W101/><G120/><T77/><D68/><U132/><E111/><N who="3" m="42570" /><G7/><T34/><D34/><U78/><E78/><V49/><F128/><W83/><G83/><T95/><D134/><U80/><E132/><V6/><F28/><W69/><G69/><T125/><D95/><U23/><E119/><V74/><F74/><W72/><G72/><T27/><D82/><U24/><E42/><V126/><F126/><W118/><G118/><T45/><D77/><U97/><E80/><N who="2" m="47239" /><F5/><W121/><G121/><T100/><D100/><U103/><E98/><V33/><F33/><W81/><G81/><T99/><D99/><U37/><E37/><V63/><F63/><W102/><G29/><T115/><D115/><N who="3" m="44073" /><G106/><T41/><D4/><U91/><E91/><N who="2" m="53503" /><F49/><W53/><G43/><T135/><D135/><U86/><E86/><V64/><AGARI ba="1,0" hai="6,9,12,16,17,59,61,64" m="53503,47239" machi="64" ten="30,2000,0" yaku="8,1,54,1" doraHai="47" who="2" fromWho="2" sc="79,-6,367,-6,208,23,346,-11" owari="73,-42.7,361,46.1,231,-16.9,335,13.5" /></mjloggm>