<mjloggm ver="2.3"><GO type="225" lobby="0"/><UN n0="%E3%81%BE%E3%81%A8%E3%81%9F" n1="%E3%81%86%E3%81%A9%E3%82%93%E3%81%93" n2="%E7%99%BD%E9%9B%AA%E4%B9%83%E6%84%9B" n3="%E3%81%99%E3%81%84%E3%81%BE%E3%81%9B%E3%83%BC%E3%82%93" dan="16,16,16,17" rate="2105.33,2158.15,2074.02,2227.46" sx="M,M,F,M"/><TAIKYOKU oya="0"/><INIT seed="0,0,0,4,4,5" ten="250,250,250,250" oya="0" hai0="11,49,131,18,38,73,24,118,23,27,88,34,30" hai1="19,25,69,8,92,51,28,56,78,130,87,59,101" hai2="76,16,121,39,113,47,21,44,93,133,106,64,68" hai3="82,128,52,91,72,110,96,46,61,107,117,29,135"/><T99/><D118/><U12/><E130/><V86/><F121/><W84/><G117/><T17/><D38/><U43/><E69/><V22/><F113/><W33/><G128/><T58/><D73/><U54/><E43/><V75/><F106/><W124/><G124/><T26/><D131/><U116/><E116/><V109/><F109/><W67/><G110/><T134/><D134/><U127/><E127/><V132/><F75/><W4/><G135/><T63/><D49/><U120/><E120/><V115/><F115/><W71/><G72/><T48/><D48/><U7/><E7/><V35/><F35/><W94/><G107/><T3/><D3/><U125/><E125/><V36/><F64/><W74/><G4/><T32/><D11/><U70/><E70/><V62/><F62/><W104/><G104/><T66/><D34/><U10/><E56/><V95/><F68/><W85/><G33/><T97/><REACH who="0" step="1"/><D88/><REACH who="0" ten="240,250,250,250" step="2"/><N who="1" m="53279" /><E78/><V100/><F76/><W114/><G85/><T77/><D77/><U13/><E101/><V1/><F86/><W79/><G74/><T50/><D50/><U57/><E51/><V129/><F129/><W105/><G79/><T65/><D65/><U89/><E89/><V20/><F100/><W111/><G91/><T41/><D41/><U9/><E54/><V42/><F42/><W126/><G52/><T119/><D119/><U0/><E0/><V112/><F1/><W60/><G126/><T98/><D98/><U40/><E40/><V90/><F90/><W55/><G96/><T45/><D45/><U31/><E8/><V108/><F133/><RYUUKYOKU ba="0,1" sc="240,30,250,-10,250,-10,250,-10" hai0="17,18,23,24,26,27,30,32,58,63,66,97,99" /><INIT seed="0,1,1,1,3,80" ten="270,240,240,240" oya="0" hai0="29,131,135,120,23,31,20,85,12,100,26,77,109" hai1="134,116,115,118,1,89,92,123,16,74,3,47,63" hai2="75,51,96,22,99,8,76,68,32,64,71,105,78" hai3="28,17,7,4,126,101,72,45,104,5,102,57,82"/><T13/><D120/><U84/><E123/><V125/><F32/><W79/><G126/><T91/><D131/><U128/><E74/><V130/><F125/><W11/><G104/><T113/><D113/><U46/><E128/><V2/><F130/><W33/><G45/><T133/><D109/><U93/><E134/><N who="0" m="51209" /><D100/><U65/><E115/><V50/><F8/><W21/><G11/><T117/><D77/><U111/><E111/><V62/><F2/><W66/><G28/><N who="0" m="10827" /><D117/><U81/><E1/><V121/><F121/><W42/><G33/><T110/><D110/><U119/><E3/><V36/><F36/><W112/><G112/><T43/><D43/><U129/><E129/><V86/><F71/><W44/><G57/><T114/><D114/><U69/><E93/><V37/><F37/><W107/><G107/><T106/><D106/><U24/><REACH who="1" step="1"/><E92/><REACH who="1" ten="270,230,240,240" step="2"/><V14/><F105/><W49/><REACH who="3" step="1"/><G66/><REACH who="3" ten="270,230,240,230" step="2"/><T60/><D23/><AGARI ba="1,3" hai="16,23,24,46,47,63,65,69,81,84,89,116,118,119" machi="23" ten="40,8000,1" yaku="1,1,2,1,52,1,54,1,53,1" doraHai="80" doraHaiUra="83" who="1" fromWho="0" sc="270,-83,230,113,240,0,230,0" /><INIT seed="1,0,0,0,0,26" ten="187,343,240,230" oya="1" hai0="56,72,24,25,74,69,45,113,102,93,50,53,7" hai1="80,96,15,128,88,2,81,59,47,40,121,33,32" hai2="90,94,1,132,117,23,29,110,30,49,77,46,48" hai3="123,17,37,84,35,63,131,106,55,9,57,78,91"/><U4/><E121/><V100/><F117/><W118/><G123/><T129/><D69/><U8/><E128/><V98/><F1/><W43/><G106/><T120/><D113/><U67/><E2/><V133/><F110/><W114/><G114/><T39/><D129/><U85/><E81/><V19/><F77/><W14/><G131/><T60/><D39/><U101/><E59/><V20/><F100/><W62/><G35/><T83/><D120/><U12/><E12/><V124/><F124/><W104/><G104/><T105/><D105/><U6/><E67/><V127/><F127/><W97/><G118/><T73/><D83/><U86/><E86/><V89/><F89/><W61/><G43/><T134/><D134/><N who="2" m="51818" /><F23/><W11/><G37/><T70/><D70/><U92/><REACH who="1" step="1"/><E4/><REACH who="1" ten="187,333,240,230" step="2"/><V54/><F48/><AGARI ba="0,1" hai="6,8,15,32,33,40,47,48,80,85,88,92,96,101" machi="48" ten="30,12000,1" yaku="1,1,2,1,7,1,54,1,53,1" doraHai="26" doraHaiUra="3" who="1" fromWho="2" sc="187,0,333,130,240,-120,230,0" /><INIT seed="1,1,0,1,1,118" ten="187,463,120,230" oya="1" hai0="96,1,35,67,115,64,91,119,121,46,7,54,8" hai1="47,68,26,24,100,18,117,108,134,83,36,10,70" hai2="15,16,57,39,129,77,82,58,45,120,75,66,52" hai3="22,9,132,0,93,53,130,72,110,12,5,29,99"/><U34/><E117/><V80/><F129/><W104/><G130/><T50/><D115/><U102/><E134/><V131/><F131/><W51/><G72/><T124/><D119/><U87/><E108/><V113/><F113/><W33/><G104/><T126/><D35/><U103/><E36/><V76/><F66/><W30/><G132/><T85/><D96/><U84/><E84/><V89/><F89/><W81/><G81/><N who="0" m="49583" /><D121/><U123/><E123/><V20/><F120/><W40/><G40/><T92/><D92/><U37/><E47/><V73/><F39/><W11/><G33/><T122/><D122/><U111/><E37/><V63/><F58/><W65/><G65/><T55/><D55/><U60/><E111/><V106/><F45/><W27/><G110/><T42/><D54/><U105/><E105/><V90/><F90/><N who="3" m="55735" /><G0/><T88/><D88/><U14/><E60/><V17/><F17/><N who="3" m="12751" /><G11/><T2/><D2/><U112/><E112/><V49/><REACH who="2" step="1"/><F106/><REACH who="2" ten="187,463,110,230" step="2"/><W25/><G25/><T94/><D94/><U109/><E109/><V116/><F116/><W78/><G78/><T125/><AGARI ba="1,1" hai="1,7,8,42,46,50,64,67,124,125,126" m="49583" machi="125" ten="30,1100,0" yaku="18,1" doraHai="118" who="0" fromWho="0" sc="187,24,463,-6,110,-4,230,-4" /><INIT seed="2,0,0,5,0,65" ten="211,457,106,226" oya="2" hai0="62,91,64,14,66,86,128,26,117,132,131,97,83" hai1="55,87,99,45,12,70,123,41,42,121,6,24,112" hai2="127,7,81,92,1,78,69,119,40,95,51,27,58" hai3="68,4,50,15,118,36,125,20,72,25,30,54,53"/><V16/><F119/><W98/><G118/><T22/><D132/><U94/><E70/><V56/><F127/><W8/><G36/><T61/><D14/><U39/><E112/><V19/><F69/><W79/><G68/><T108/><D108/><U10/><E87/><V109/><F109/><W93/><G125/><T84/><D97/><U106/><E106/><V21/><F1/><W46/><G72/><T5/><D5/><U126/><E126/><V67/><F7/><W34/><G79/><T38/><D38/><U100/><E24/><V88/><F19/><W13/><G34/><T73/><D73/><U110/><E110/><V103/><F103/><N who="3" m="60879" /><G15/><T63/><D117/><U44/><E55/><AGARI ba="0,0" hai="4,8,13,20,25,30,46,50,53,54,55" m="60879" machi="55" ten="30,1000,0" yaku="8,1" doraHai="65" who="3" fromWho="1" sc="211,0,457,-10,106,0,226,10" /><INIT seed="3,0,0,3,1,123" ten="211,447,106,236" oya="3" hai0="23,108,115,105,6,75,69,43,71,103,128,96,80" hai1="125,118,88,4,68,98,62,109,32,59,33,3,117" hai2="74,104,93,85,16,26,47,86,77,72,126,87,48" hai3="24,34,82,134,1,133,95,12,101,28,37,89,31"/><W61/><G1/><T111/><D128/><U56/><E109/><N who="0" m="42057" /><D115/><U39/><E39/><V41/><F126/><W124/><G37/><T116/><D116/><N who="1" m="44651" /><E125/><V65/><F104/><W129/><G129/><T64/><D43/><U21/><E21/><V84/><N who="2" m="21504" /><DORA hai="35" /><V121/><F121/><W50/><G34/><N who="1" m="13418" /><E3/><V131/><F131/><W79/><G134/><T110/><N who="0" m="42065" /><T38/><DORA hai="63" /><D38/><U30/><E4/><V7/><F7/><W36/><G36/><T2/><D23/><U57/><E30/><V46/><F77/><W22/><G31/><T107/><D64/><N who="1" m="40983" /><E98/><V97/><F47/><W10/><G22/><T55/><D107/><U0/><E88/><V25/><F25/><W122/><G122/><T90/><D55/><U11/><E0/><V58/><F26/><W120/><G24/><T100/><D100/><U106/><E106/><V94/><F16/><W99/><G28/><T8/><D90/><U18/><E18/><V119/><F119/><W40/><G89/><T60/><D60/><U5/><E5/><V127/><F127/><W73/><G61/><T27/><D27/><U130/><E130/><V9/><F9/><AGARI ba="0,0" hai="9,11,56,57,59" m="40983,13418,44651" machi="9" ten="40,2600,0" yaku="12,1,52,1" doraHai="123,35,63" who="1" fromWho="2" sc="211,0,447,26,106,-26,236,0" owari="211,-18.9,473,57.3,80,-42.0,236,3.6" /></mjloggm>