<mjloggm ver="2.3"><GO type="225" lobby="0"/><UN n0="%E3%81%A8%E3%82%93%E3%81%A8%E3%81%93%E3%81%A8%E3%82%93" n1="%72%61%6B%33" n2="%E3%81%8B%E3%82%8F%E3%81%A1%E3%82%83%E3%82%93%35%38" n3="%E3%82%BF%E3%83%BC%E3%83%90%E3%83%B3%E9%87%8E%E5%8F%A3" dan="16,16,16,16" rate="2175.21,2076.55,2138.46,2137.65" sx="F,M,M,M"/><TAIKYOKU oya="0"/><INIT seed="0,0,0,5,4,124" ten="250,250,250,250" oya="0" hai0="125,65,113,130,23,44,35,80,49,81,6,46,50" hai1="118,20,61,71,55,108,106,64,34,97,73,41,126" hai2="52,9,54,79,60,101,110,69,67,116,121,95,90" hai3="3,96,112,135,18,109,22,92,59,27,77,72,102"/><T86/><D35/><U56/><E118/><V0/><F121/><W14/><G109/><T2/><D113/><U1/><E108/><V76/><F110/><W120/><G135/><T16/><D125/><U114/><E126/><V10/><F101/><W57/><G120/><T24/><D65/><U134/><E134/><V131/><F116/><W48/><G3/><T63/><D63/><U89/><E1/><V21/><F21/><W53/><G112/><T91/><D130/><U30/><E73/><V122/><F122/><W51/><G77/><T37/><D37/><U33/><E41/><V42/><F42/><W5/><G72/><T19/><D2/><U12/><E114/><V66/><F131/><W93/><G93/><T94/><D6/><U62/><E89/><V45/><F45/><W99/><G99/><T123/><D123/><U11/><E20/><V78/><F67/><W100/><G100/><T128/><D128/><U132/><E132/><V68/><F68/><W119/><G119/><T105/><D105/><U47/><E47/><N who="0" m="17961" /><D19/><U29/><E33/><V40/><F40/><W39/><G39/><T74/><D74/><U4/><E34/><V83/><F83/><AGARI ba="0,0" hai="16,23,24,49,50,80,81,83,86,91,94" m="17961" machi="83" ten="30,2900,0" yaku="8,1,54,1" doraHai="124" who="0" fromWho="2" sc="250,29,250,0,250,-29,250,0" /><INIT seed="0,1,0,3,0,93" ten="279,250,221,250" oya="0" hai0="108,76,83,19,31,85,16,124,86,69,53,74,46" hai1="20,62,91,96,43,94,79,98,126,9,112,99,133" hai2="68,47,33,102,66,87,22,59,78,29,44,0,105" hai3="82,109,115,67,38,101,84,1,119,10,49,13,92"/><T63/><D124/><U35/><E35/><V103/><F103/><W116/><G38/><T21/><D31/><U118/><E118/><V26/><F0/><W57/><G115/><T135/><D135/><U34/><E34/><V48/><F22/><W122/><G1/><T36/><D19/><U51/><E133/><V95/><F59/><W123/><G109/><T73/><D73/><U18/><E126/><V121/><F121/><N who="3" m="46091" /><G92/><T106/><D106/><U70/><E112/><V128/><F128/><W89/><G101/><T42/><D108/><U111/><E111/><V65/><F65/><W41/><G41/><T3/><D3/><U32/><E32/><V58/><F58/><W14/><G14/><T39/><D36/><U55/><E79/><V60/><F48/><W6/><G49/><T27/><REACH who="0" step="1"/><D53/><REACH who="0" ten="269,250,221,250" step="2"/><U64/><E43/><V90/><REACH who="2" step="1"/><F78/><REACH who="2" ten="269,250,211,250" step="2"/><W2/><G2/><T5/><D5/><U45/><REACH who="1" step="1"/><E9/><REACH who="1" ten="269,240,211,250" step="2"/><V97/><AGARI ba="1,3" hai="26,29,33,44,47,60,66,68,87,90,95,97,102,105" machi="97" ten="30,12000,2" yaku="1,1,2,1,0,1,25,2,52,1,53,0" doraHai="93" doraHaiUra="134" who="2" fromWho="2" sc="269,-61,240,-31,211,153,250,-31" /><INIT seed="1,0,0,1,2,32" ten="208,209,364,219" oya="1" hai0="34,122,60,39,66,67,64,74,61,110,123,21,3" hai1="22,70,17,96,23,2,119,56,37,125,54,33,14" hai2="107,103,55,68,92,129,29,57,134,47,82,78,62" hai3="52,49,63,25,43,27,19,59,44,20,69,30,72"/><U9/><E119/><V31/><F107/><W1/><G72/><T48/><D34/><U40/><E70/><V97/><F68/><W104/><G104/><T131/><D74/><U7/><E125/><V111/><F111/><W51/><G69/><T130/><D21/><U85/><E33/><V98/><F134/><W11/><G11/><T6/><D39/><U84/><E96/><V28/><F129/><N who="0" m="49162" /><D110/><U87/><E22/><V18/><F18/><W113/><G113/><T50/><D6/><U112/><E112/><V79/><F97/><W42/><G1/><T106/><D3/><U109/><E109/><V120/><F120/><N who="0" m="46122" /><D106/><U121/><E121/><V77/><REACH who="2" step="1"/><F47/><REACH who="2" ten="208,209,354,219" step="2"/><W81/><G44/><T108/><D108/><U45/><REACH who="1" step="1"/><E87/><AGARI ba="0,1" hai="28,29,31,55,57,62,77,78,79,82,87,92,98,103" machi="87" ten="40,5200,0" yaku="1,1,2,1,8,1,53,0" doraHai="32" doraHaiUra="105" who="2" fromWho="1" sc="208,0,209,-52,354,62,219,0" /><INIT seed="2,0,0,2,5,10" ten="208,157,416,219" oya="2" hai0="130,55,106,45,54,72,25,132,121,115,105,98,59" hai1="83,27,39,85,26,127,114,78,73,65,44,2,1" hai2="123,92,8,58,95,69,38,43,134,96,32,116,60" hai3="52,40,104,93,11,48,107,118,22,129,119,81,42"/><V97/><F69/><W17/><G129/><T41/><D121/><U90/><E114/><V63/><F32/><W86/><G93/><T82/><D115/><U77/><E127/><V46/><F116/><W101/><G11/><T117/><D132/><U102/><E65/><V13/><F123/><W33/><G33/><T112/><D112/><U9/><E78/><V109/><F109/><W111/><G111/><T113/><D113/><U30/><E102/><V57/><F134/><W5/><G5/><T15/><D130/><U91/><E1/><V68/><F68/><W67/><G67/><T21/><D72/><U47/><E47/><V70/><F70/><W135/><G135/><T108/><D82/><U18/><E85/><V3/><F3/><W79/><G40/><T100/><D106/><U126/><E126/><V94/><F58/><N who="3" m="33031" /><G42/><T61/><D117/><U28/><E28/><V51/><F38/><W20/><G20/><T87/><D108/><U71/><E71/><V125/><F125/><W23/><G23/><T89/><D41/><U66/><E66/><N who="2" m="39183" /><F63/><W75/><G75/><T128/><D128/><U133/><E133/><V4/><F4/><W37/><G37/><T49/><D61/><U6/><E39/><V0/><F0/><W124/><G124/><T29/><D55/><U35/><E44/><V14/><F8/><W19/><G19/><T131/><D131/><U62/><E62/><V12/><AGARI ba="0,0" hai="12,13,14,43,46,51,92,94,95,96,97" m="39183" machi="12" ten="30,11700,0" yaku="8,1,52,3" doraHai="10" who="2" fromWho="2" sc="208,-39,157,-39,416,117,219,-39" /><INIT seed="2,1,0,2,4,68" ten="169,118,533,180" oya="2" hai0="7,46,25,77,70,8,84,83,41,73,105,44,2" hai1="1,16,11,92,50,109,113,29,124,75,103,122,67" hai2="55,33,96,9,37,19,126,4,63,102,101,89,6" hai3="131,22,108,31,76,93,62,45,36,99,72,64,35"/><V100/><F33/><W79/><G108/><T58/><D70/><U120/><E113/><V91/><F96/><W85/><G131/><T128/><D105/><U134/><E75/><V121/><F9/><W104/><G72/><T81/><D128/><U26/><E109/><V59/><F59/><W61/><G85/><T112/><D112/><U13/><E124/><V125/><F63/><W52/><G35/><T69/><D69/><U114/><E114/><V107/><F107/><W119/><G104/><T27/><D58/><U135/><E67/><V39/><F19/><W28/><G36/><N who="2" m="13897" /><F55/><W87/><G61/><T18/><D18/><U116/><E116/><V82/><F82/><W32/><G32/><T57/><D57/><U14/><E50/><V53/><F53/><W80/><G62/><T42/><D42/><U5/><E92/><V86/><F86/><W56/><G56/><T90/><D46/><U48/><E48/><AGARI ba="1,0" hai="2,7,8,25,27,41,44,48,73,77,81,83,84,90" machi="48" ten="30,1000,0" yaku="7,1" doraHai="68" who="0" fromWho="1" sc="169,13,118,-13,533,0,180,0" /><INIT seed="3,0,0,5,5,12" ten="182,105,533,180" oya="3" hai0="63,25,11,78,39,70,114,121,1,109,32,110,116" hai1="37,106,76,60,101,126,2,50,57,72,83,24,0" hai2="5,81,44,13,40,9,88,6,86,135,105,66,34" hai3="30,33,14,127,89,21,98,15,91,41,87,129,69"/><W27/><G69/><T22/><D22/><U48/><E126/><V100/><F34/><W117/><G117/><T4/><D121/><U7/><E37/><V55/><F66/><W96/><G127/><T84/><D84/><U73/><E73/><V35/><F35/><W52/><G129/><T43/><D78/><U128/><E128/><V56/><F100/><W17/><G41/><T45/><D114/><U112/><E112/><V122/><F105/><W49/><G14/><T59/><D116/><U20/><E48/><N who="2" m="26631" /><F135/><W134/><G134/><T47/><D59/><U79/><E79/><V10/><F122/><W90/><REACH who="3" step="1"/><G87/><REACH who="3" ten="182,105,533,170" step="2"/><T108/><D109/><U124/><E124/><V75/><F75/><W74/><G74/><T95/><D108/><U62/><E0/><V53/><F9/><W36/><G36/><T28/><D110/><U93/><E72/><V54/><F5/><W115/><G115/><T102/><D43/><U3/><E7/><V120/><F120/><W132/><G132/><T85/><D39/><U94/><E2/><V65/><F65/><W68/><G68/><T92/><D85/><U97/><E3/><V16/><F6/><W31/><G31/><T26/><D70/><U23/><E24/><V80/><F80/><W113/><G113/><T8/><D25/><U64/><E83/><V29/><F29/><W77/><G77/><T119/><D28/><U133/><E133/><V58/><AGARI ba="0,1" hai="10,13,16,53,54,55,56,58,81,86,88" m="26631" machi="58" ten="30,7900,0" yaku="8,1,52,1,54,2" doraHai="12" who="2" fromWho="2" sc="182,-20,105,-20,533,89,170,-39" owari="162,-3.8,85,-41.5,622,72.2,131,-26.9" /></mjloggm>