<mjloggm ver="2.3"><GO type="225" lobby="0"/><UN n0="%E4%B8%AD%E5%B9%B4%E3%81%AE%E5%8D%B1%E6%A9%9F" n1="%E3%81%A9%E3%82%8F%E3%82%93%E3%81%94" n2="%E4%B8%89%E5%86%A0%E7%8E%8B%E3%83%BB%E5%B1%B1%E7%94%B0%E5%93%B2%E4%BA%BA" n3="%E3%81%9F%E3%81%93%E2%98%86%E7%84%BC%E3%81%8D" dan="17,16,16,16" rate="2127.81,2228.20,2151.40,2085.86" sx="M,M,M,M"/><TAIKYOKU oya="0"/><INIT seed="0,0,0,4,1,106" ten="250,250,250,250" oya="0" hai0="114,116,46,62,102,86,89,39,65,63,58,12,22" hai1="100,19,61,20,1,33,21,107,57,117,36,60,4" hai2="84,99,122,104,49,52,14,81,110,25,75,134,0" hai3="15,123,64,2,48,45,17,103,69,82,34,56,70"/><T29/><D116/><U92/><E117/><V37/><F0/><W126/><G2/><T68/><D114/><U83/><E33/><V38/><F122/><W7/><G7/><T74/><D102/><U40/><E107/><V111/><F134/><W129/><G129/><T42/><D74/><U35/><E35/><V91/><F25/><W135/><G34/><T79/><D79/><U28/><E40/><V94/><F104/><W109/><G109/><N who="2" m="41481" /><F14/><W66/><G126/><T90/><D86/><U98/><E36/><V54/><F54/><W95/><G135/><T120/><D120/><U76/><E28/><V9/><F9/><W53/><G82/><T8/><D22/><U108/><E108/><V88/><F75/><W124/><G124/><T43/><D29/><U23/><E19/><V131/><F131/><W10/><G123/><T112/><D43/><U27/><E27/><V32/><F32/><W113/><G113/><T55/><REACH who="0" step="1"/><D112/><REACH who="0" ten="240,250,250,250" step="2"/><U72/><E23/><V47/><AGARI ba="0,1" hai="37,38,47,49,52,81,84,88,91,94,99" m="41481" machi="47" ten="30,4000,0" yaku="14,1,54,2" doraHai="106" who="2" fromWho="2" sc="240,-20,250,-10,250,50,250,-10" /><INIT seed="1,0,0,3,1,112" ten="220,240,300,240" oya="1" hai0="123,114,75,17,54,13,87,37,117,3,62,67,65" hai1="60,100,10,118,84,81,111,129,57,79,121,96,39" hai2="99,59,22,47,52,36,106,42,127,86,46,72,90" hai3="50,15,97,28,29,5,58,92,132,24,126,9,104"/><U11/><E121/><V51/><F127/><W33/><G104/><T16/><D3/><U73/><E39/><V93/><F72/><W105/><G105/><T31/><D75/><U122/><E122/><V1/><F1/><W63/><G132/><T4/><D114/><U91/><E129/><V108/><F108/><W98/><G126/><T116/><D37/><U135/><E111/><V68/><F68/><W71/><G28/><T40/><D123/><U88/><E135/><V38/><F22/><W56/><G98/><T83/><D40/><U30/><E118/><V103/><F47/><W113/><G113/><T134/><D134/><U45/><E30/><V2/><F2/><W35/><G71/><T21/><D116/><U25/><E25/><V69/><F69/><W55/><G58/><N who="0" m="35159" /><D4/><U74/><E45/><V8/><F8/><N who="1" m="3113" /><E73/><V131/><REACH who="2" step="1"/><F131/><REACH who="2" ten="220,240,290,240" step="2"/><W125/><G125/><T44/><D44/><U120/><E74/><V82/><F82/><W27/><G33/><T128/><D128/><U119/><E120/><V23/><F23/><W85/><G35/><T76/><D117/><U19/><E119/><V109/><F109/><W64/><G9/><N who="0" m="6191" /><D31/><U49/><E19/><V53/><F53/><W115/><G29/><T101/><D101/><U66/><E100/><V7/><F7/><W78/><G5/><T61/><D67/><U6/><E6/><V48/><AGARI ba="0,1" hai="36,38,42,46,48,51,52,59,86,90,93,99,103,106" machi="48" ten="20,5200,0" yaku="1,1,0,1,7,1,54,1,53,0" doraHai="112" doraHaiUra="130" who="2" fromWho="2" sc="220,-13,240,-26,290,62,240,-13" /><INIT seed="2,0,0,3,2,121" ten="207,214,352,227" oya="2" hai0="104,44,98,54,72,120,9,39,17,85,74,51,58" hai1="62,133,82,49,134,52,32,16,93,96,69,68,23" hai2="77,61,113,88,22,112,48,6,0,114,94,3,66" hai3="110,64,56,12,86,106,34,119,26,87,117,11,43"/><V83/><F6/><W45/><G106/><T13/><D120/><U95/><E32/><V30/><F48/><W40/><G40/><T84/><D74/><U79/><E62/><V29/><F29/><W36/><G87/><T63/><D72/><U31/><E31/><V91/><F22/><W46/><G46/><T15/><D39/><U97/><E82/><V71/><F30/><W33/><G26/><T75/><D75/><U59/><E79/><V35/><F35/><W5/><G86/><T28/><D28/><U108/><E108/><V115/><F115/><W76/><G110/><T8/><D104/><U128/><E128/><V37/><F37/><W55/><G76/><T111/><D98/><N who="1" m="37995" /><E93/><V125/><F94/><W4/><G64/><T25/><D25/><N who="1" m="14567" /><E95/><V27/><F66/><W130/><G130/><T99/><D99/><U10/><E10/><V103/><F77/><W38/><G38/><T19/><REACH who="0" step="1"/><D111/><REACH who="0" ten="197,214,352,227" step="2"/><U70/><E70/><V60/><F71/><W73/><G73/><T7/><D7/><U109/><E109/><V107/><F107/><W102/><G4/><T78/><D78/><U124/><E69/><V21/><F113/><W42/><G33/><T92/><D92/><U81/><E68/><V1/><F114/><W14/><G34/><T118/><D118/><U57/><E81/><V53/><F83/><W67/><G119/><T116/><D116/><U131/><E131/><V122/><F122/><W105/><G105/><T90/><D90/><U101/><E101/><V100/><F112/><W129/><G117/><T80/><D80/><U18/><E18/><RYUUKYOKU ba="0,1" sc="197,30,214,-10,352,-10,227,-10" hai0="8,9,13,15,17,19,44,51,54,58,63,84,85" /><INIT seed="3,1,1,1,1,123" ten="227,204,342,217" oya="3" hai0="121,28,43,109,84,55,69,35,60,11,36,46,93" hai1="13,98,68,104,3,38,25,125,6,0,70,48,88" hai2="53,62,76,58,90,87,21,117,12,31,89,103,80" hai3="127,131,54,29,50,105,108,4,39,120,14,61,1"/><W101/><G39/><T10/><D109/><U66/><E38/><V45/><F117/><W47/><G120/><T42/><D121/><U112/><E112/><V57/><F103/><W79/><G1/><T59/><D35/><U85/><E125/><V51/><F58/><W5/><G127/><T82/><D28/><U19/><E0/><V30/><F12/><W132/><G131/><T49/><D93/><U92/><E3/><V122/><F122/><W27/><G79/><N who="0" m="46175" /><D43/><U115/><E115/><V73/><F21/><W107/><G132/><T134/><D134/><U63/><E25/><V64/><F90/><W9/><G108/><T78/><D78/><U124/><E6/><V106/><F106/><W81/><G81/><AGARI ba="1,1" hai="30,31,45,51,53,57,62,64,73,76,80,81,87,89" machi="81" ten="30,1000,0" yaku="7,1" doraHai="123" who="2" fromWho="3" sc="227,0,204,0,342,23,217,-13" owari="227,2.7,204,-19.6,365,46.5,204,-29.6" /></mjloggm>