<mjloggm ver="2.3"><GO type="225" lobby="0"/><UN n0="%E3%81%AF%E3%82%88%E3%81%8A%E3%81%98%E3%81%95%E3%82%93" n1="%E6%80%AA%E3%81%97%E3%81%99%E3%81%8E%E3%82%8B%E3%83%81%E3%83%BC" n2="%E8%81%B7%E6%A5%AD%E3%80%81%E9%A2%A8%32" n3="%E6%81%AC%E6%B7%A1%E5%AF%82%E5%AF%9E" dan="16,17,16,16" rate="2163.22,2183.52,2109.61,2123.63" sx="M,M,M,M"/><TAIKYOKU oya="0"/><INIT seed="0,0,0,2,2,107" ten="250,250,250,250" oya="0" hai0="21,135,127,121,109,55,89,125,110,117,39,108,29" hai1="47,112,40,20,113,69,114,34,26,101,53,76,58" hai2="27,133,52,44,42,18,104,71,7,102,120,95,56" hai3="16,64,90,48,131,123,116,63,87,66,61,91,19"/><T30/><D117/><U93/><E69/><V57/><F71/><W74/><G48/><T124/><D121/><U67/><E34/><V72/><F120/><W78/><G78/><T37/><D135/><U100/><E67/><V24/><F133/><W134/><G134/><T25/><D29/><N who="1" m="17607" /><E76/><V65/><F72/><W84/><G123/><T17/><D89/><U122/><E93/><V35/><F104/><W92/><G74/><T5/><D5/><U10/><E10/><V118/><F118/><W0/><G0/><T77/><D77/><U98/><E98/><N who="2" m="59743" /><F35/><W88/><G116/><T43/><D43/><U50/><E122/><V99/><F7/><W81/><G131/><T126/><N who="0" m="31744" /><DORA hai="13" /><T73/><D73/><U45/><E45/><V85/><F99/><W119/><G119/><T32/><D55/><U59/><E59/><N who="2" m="22603" /><F65/><N who="3" m="25195" /><G91/><T36/><D30/><U51/><AGARI ba="0,0" hai="40,47,50,51,53,58,100,101,112,113,114" m="17607" machi="51" ten="30,1100,0" yaku="11,1" doraHai="107,13" who="1" fromWho="1" sc="250,-5,250,11,250,-3,250,-3" /><INIT seed="1,0,0,5,3,16" ten="245,261,247,247" oya="1" hai0="52,60,129,106,74,117,46,77,50,126,66,113,128" hai1="55,43,84,107,45,39,90,21,116,35,61,76,102" hai2="80,33,71,67,53,97,124,31,38,49,133,4,28" hai3="122,19,108,29,59,132,68,65,86,44,85,42,127"/><U48/><E116/><V134/><F38/><W30/><G122/><T32/><D32/><U0/><E35/><V17/><F124/><W56/><G68/><T101/><D117/><U18/><E0/><V78/><F4/><W130/><G127/><T109/><D126/><U37/><E76/><V12/><F33/><W22/><G130/><N who="0" m="50283" /><D113/><U62/><E102/><V27/><F27/><W6/><G6/><T114/><D114/><U96/><E96/><V120/><F67/><W11/><G11/><T70/><D109/><U20/><E107/><V63/><F63/><N who="3" m="38119" /><G59/><T104/><D101/><U89/><E37/><V9/><F71/><W131/><G131/><T92/><D92/><U26/><E21/><V135/><F97/><W125/><G108/><T54/><D54/><U115/><E89/><V7/><F7/><W34/><G34/><T2/><D2/><U83/><REACH who="1" step="1"/><E115/><REACH who="1" ten="245,251,247,247" step="2"/><V64/><F120/><W99/><G125/><T25/><D25/><U87/><E87/><N who="3" m="33290" /><G99/><T118/><D118/><U36/><E36/><V40/><F78/><W91/><G91/><T24/><D24/><U57/><AGARI ba="0,1" hai="18,20,26,39,43,45,48,55,57,61,62,83,84,90" machi="57" ten="20,12000,1" yaku="1,1,0,1,7,1,52,1,53,1" doraHai="16" doraHaiUra="79" who="1" fromWho="1" sc="245,-40,251,130,247,-40,247,-40" /><INIT seed="1,1,0,4,1,55" ten="205,381,207,207" oya="1" hai0="86,121,123,13,35,66,115,26,128,56,111,49,63" hai1="104,47,106,2,9,96,83,22,54,24,4,82,101" hai2="8,33,58,130,7,72,109,89,118,107,18,67,10" hai3="92,44,70,116,71,20,131,97,5,37,12,69,75"/><U117/><E117/><V126/><F107/><W30/><G75/><T46/><D115/><U31/><E104/><V95/><F72/><W119/><G131/><T14/><D128/><U90/><E90/><V65/><F118/><N who="3" m="45099" /><G30/><N who="0" m="19927" /><D86/><U129/><E129/><V61/><F109/><W6/><G37/><T42/><D111/><U34/><E47/><V91/><F33/><W39/><G39/><T41/><D41/><U1/><E1/><V57/><F130/><W124/><G44/><T23/><D23/><U17/><REACH who="1" step="1"/><E54/><REACH who="1" ten="205,371,207,207" step="2"/><V28/><F91/><N who="3" m="55455" /><G124/><T125/><D125/><U87/><E87/><V50/><F126/><W135/><G135/><T68/><D68/><U103/><E103/><V36/><F89/><W134/><G134/><T51/><D46/><U73/><E73/><V120/><F120/><N who="0" m="46154" /><D42/><U11/><E11/><V78/><F10/><W84/><G84/><T127/><D127/><U79/><E79/><V60/><F8/><W27/><G69/><T102/><D102/><U132/><E132/><V32/><F78/><W114/><G70/><T122/><D122/><U110/><E110/><V81/><F58/><W100/><G71/><T93/><D93/><U59/><E59/><V64/><F57/><W77/><G100/><T133/><D133/><U108/><E108/><V38/><F95/><W40/><G77/><T52/><D52/><U94/><E94/><V105/><F105/><W74/><G40/><T21/><D51/><U19/><E19/><V88/><F50/><W25/><G74/><T3/><D49/><U62/><E62/><V113/><F61/><W99/><G99/><RYUUKYOKU ba="1,1" sc="205,-10,371,30,207,-10,207,-10" hai1="2,4,9,17,22,24,31,34,82,83,96,101,106" /><INIT seed="1,2,1,2,2,15" ten="195,401,197,197" oya="1" hai0="87,120,127,41,26,34,58,100,117,49,76,68,65" hai1="45,7,4,57,56,95,78,124,46,8,13,52,108" hai2="92,66,9,55,5,109,59,51,24,12,93,11,60" hai3="25,106,110,118,63,96,131,6,130,91,64,134,83"/><U77/><E124/><V122/><F109/><W129/><G110/><T23/><D117/><U20/><E108/><V37/><F37/><W30/><G6/><T102/><D34/><U98/><E4/><V89/><F122/><W48/><G48/><T38/><D127/><U115/><E20/><V44/><F11/><W121/><G121/><T1/><D1/><U79/><E115/><V67/><F24/><W54/><G54/><T42/><D120/><U126/><E126/><V73/><F73/><W36/><G36/><T104/><D68/><U90/><REACH who="1" step="1"/><E57/><REACH who="1" ten="195,391,197,197" step="2"/><V50/><F67/><W29/><G118/><T18/><D58/><U53/><E53/><N who="2" m="29895" /><F89/><W99/><G91/><T128/><D65/><U19/><E19/><V35/><F35/><W70/><G64/><T62/><D18/><U132/><E132/><V125/><F125/><W71/><G134/><T10/><D23/><U97/><E97/><V16/><F5/><W28/><G96/><T39/><D10/><U80/><E80/><V88/><F88/><W105/><G83/><T116/><D116/><U69/><E69/><N who="3" m="26122" /><G99/><T113/><D113/><U33/><E33/><V112/><F112/><W114/><G114/><T22/><D22/><U43/><E43/><V135/><F135/><W14/><G129/><T3/><D128/><U32/><E32/><V72/><F66/><W31/><G130/><T101/><D41/><U40/><E40/><V17/><F55/><W119/><G131/><T103/><D42/><U86/><E86/><V47/><F59/><W0/><G119/><T94/><N who="0" m="25600" /><DORA hai="81" /><T74/><D87/><RYUUKYOKU ba="2,2" sc="195,-10,391,30,197,-10,197,-10" hai1="7,8,13,45,46,52,56,77,78,79,90,95,98" /><INIT seed="1,3,2,0,1,130" ten="185,421,187,187" oya="1" hai0="88,27,94,50,90,123,53,38,29,77,36,135,66" hai1="54,5,45,104,67,91,76,112,23,58,59,61,70" hai2="37,118,7,93,25,65,1,79,121,2,55,68,100" hai3="52,103,132,22,51,4,6,30,116,96,133,10,82"/><U72/><E112/><V95/><F121/><W97/><G116/><T48/><D123/><U28/><E104/><V102/><F118/><W101/><G82/><T80/><D135/><N who="3" m="51785" /><G30/><T115/><D66/><U71/><E5/><N who="3" m="2154" /><G10/><T131/><D131/><U33/><E72/><V106/><F79/><W120/><G22/><T125/><D125/><U60/><E23/><V44/><F25/><W18/><G18/><T26/><D115/><U98/><E76/><V122/><F7/><W39/><G39/><T114/><D114/><U12/><E28/><V40/><F2/><W56/><G120/><T78/><D80/><U31/><E31/><V57/><F122/><W134/><N who="3" m="51793" /><W127/><DORA hai="126" /><G127/><T13/><D29/><U110/><E12/><V21/><F1/><W3/><G3/><T62/><D13/><U128/><E128/><V47/><F21/><W64/><G64/><T109/><D36/><U99/><E67/><V105/><F65/><W85/><G85/><T124/><D38/><U15/><E15/><V14/><F14/><W0/><G0/><T75/><D124/><U92/><E71/><V11/><F68/><W49/><G49/><T73/><D62/><U42/><E61/><V83/><F11/><W129/><G129/><T46/><D75/><U8/><E70/><V84/><F37/><W20/><G20/><T32/><D73/><U35/><E60/><V117/><F84/><W41/><G41/><T81/><D81/><U34/><E42/><V17/><F83/><W74/><G74/><T69/><D69/><U86/><E8/><V113/><F40/><RYUUKYOKU ba="3,2" sc="185,-10,421,-10,187,-10,187,30" hai3="51,52,56,96,97,101,103" /><INIT seed="2,4,2,4,3,54" ten="175,411,177,217" oya="2" hai0="29,75,10,56,45,129,86,36,130,90,83,100,80" hai1="119,95,103,6,33,116,8,21,15,135,27,48,107" hai2="78,87,51,125,105,122,94,64,133,132,120,31,0" hai3="91,41,55,102,3,34,49,114,18,106,1,17,19"/><V79/><F0/><W44/><G34/><T118/><D118/><U108/><E107/><V9/><F105/><W43/><G91/><T84/><D75/><U96/><E33/><V25/><F9/><W4/><G114/><T134/><D134/><N who="2" m="51818" /><F125/><W109/><G109/><T88/><D100/><U117/><E108/><V85/><F64/><W59/><G4/><T50/><D29/><U22/><E135/><V67/><F67/><W2/><REACH who="3" step="1"/><G44/><REACH who="3" ten="175,411,177,207" step="2"/><T77/><D90/><U123/><E116/><V126/><F126/><W52/><G52/><T39/><D45/><U99/><E117/><V61/><F79/><W73/><G73/><T89/><D77/><U26/><E119/><V42/><F78/><W63/><G63/><T32/><D32/><U112/><E112/><V93/><F61/><W58/><G58/><T7/><D56/><U127/><E127/><V35/><F120/><W53/><G53/><T28/><D7/><U74/><E123/><V128/><F122/><W97/><AGARI ba="4,3" hai="1,2,3,17,18,19,41,43,49,55,59,97,102,106" machi="97" ten="40,5200,0" yaku="1,1,0,1,52,1,53,0" doraHai="54" doraHaiUra="121" who="3" fromWho="3" sc="175,-17,411,-17,177,-30,207,94" /><INIT seed="3,0,0,4,1,98" ten="158,394,147,301" oya="3" hai0="110,129,85,77,92,94,9,65,41,26,45,97,93" hai1="15,100,114,42,126,80,89,34,134,16,64,96,19" hai2="95,20,84,25,63,112,82,125,106,91,44,83,72" hai3="113,49,10,122,118,78,133,32,102,14,0,36,4"/><W74/><G122/><T59/><D110/><U130/><E34/><V54/><F112/><W5/><G118/><T38/><D129/><U22/><E114/><V101/><F125/><W68/><G113/><T17/><D38/><U76/><E134/><V56/><F72/><W43/><G133/><T40/><D97/><U121/><E126/><V13/><F106/><W131/><G131/><T70/><D70/><U124/><E124/><V123/><F123/><W86/><G86/><T104/><D104/><U46/><E64/><V69/><F69/><W18/><G49/><T8/><D59/><U24/><E89/><V23/><F101/><W99/><G68/><T87/><D65/><U7/><E7/><V71/><F71/><W6/><G32/><T1/><D1/><U11/><E130/><V55/><F13/><W3/><G43/><N who="0" m="16459" /><D45/><U119/><E119/><V107/><F107/><W81/><REACH who="3" step="1"/><G36/><REACH who="3" ten="158,394,147,291" step="2"/><T51/><D51/><N who="1" m="27095" /><E121/><V88/><F44/><W12/><G12/><T73/><D85/><N who="1" m="48263" /><E96/><N who="2" m="57447" /><F82/><W127/><G127/><T33/><D33/><U53/><E100/><V39/><F39/><W57/><G57/><T21/><D73/><U66/><E15/><V75/><F75/><W111/><G111/><T67/><D87/><U120/><E120/><V58/><F25/><W31/><G31/><T52/><D26/><U105/><E24/><V35/><F35/><W135/><G135/><T29/><D29/><U62/><E62/><AGARI ba="0,1" hai="20,23,54,55,56,58,62,63,83,84,91" m="57447" machi="62" ten="30,2000,0" yaku="8,1,54,1" doraHai="98" who="2" fromWho="1" sc="158,0,394,-20,147,30,291,0" owari="158,-34.2,374,47.4,177,-22.3,291,9.1" /></mjloggm>