<mjloggm ver="2.3"><GO type="225" lobby="0"/><UN n0="%E3%80%93%E3%81%97%E3%83%BC%E3%82%89%E3%80%93" n1="%79%75%72%69%6D%6F%67" n2="%E3%81%86%E3%81%A9%E3%82%93%E3%81%93" n3="%E6%81%A5%E6%99%92%E3%81%97" dan="17,16,16,16" rate="2144.10,2151.34,2131.28,2139.52" sx="M,F,M,M"/><TAIKYOKU oya="0"/><INIT seed="0,0,0,0,3,20" ten="250,250,250,250" oya="0" hai0="121,87,39,103,34,68,45,51,115,92,98,43,21" hai1="71,73,125,118,80,50,56,97,124,49,86,81,120" hai2="65,122,109,14,133,31,37,18,12,93,59,75,9" hai3="62,54,48,60,30,96,84,110,134,23,52,40,63"/><T47/><D34/><U1/><E71/><V28/><F122/><W131/><G110/><T123/><D68/><U91/><E1/><V6/><F37/><W15/><G131/><T112/><D87/><U104/><E56/><V32/><F75/><W69/><G134/><T61/><D61/><U33/><E33/><V90/><F133/><W74/><G74/><T77/><D77/><N who="1" m="44079" /><E50/><V27/><F109/><W130/><G130/><T25/><D123/><U35/><E49/><V55/><F65/><W72/><G72/><T117/><D117/><U3/><E3/><V111/><F111/><W26/><G96/><T66/><D66/><U129/><E35/><V95/><F31/><W4/><G84/><T38/><D121/><U70/><E70/><V119/><F119/><W10/><REACH who="3" step="1"/><G69/><REACH who="3" ten="250,250,250,240" step="2"/><T114/><REACH who="0" step="1"/><D47/><AGARI ba="0,1" hai="4,10,15,23,26,30,40,47,48,52,54,60,62,63" machi="47" ten="40,12000,2" yaku="1,1,2,1,8,1,52,1,54,1,53,1" doraHai="20" doraHaiUra="0" who="3" fromWho="0" sc="250,-120,250,0,250,0,240,130" /><INIT seed="1,0,0,1,3,49" ten="130,250,250,370" oya="1" hai0="106,116,67,76,78,8,10,9,73,90,124,113,109" hai1="119,135,21,121,133,122,51,110,19,18,102,79,38" hai2="35,93,46,1,11,6,14,12,108,92,88,58,117" hai3="75,48,74,70,100,28,56,118,71,68,22,125,115"/><U42/><E119/><V69/><F69/><W129/><G115/><T128/><D116/><U57/><E38/><V96/><F117/><W104/><G118/><T107/><D113/><U47/><E79/><V3/><F108/><W54/><G125/><T99/><D124/><U103/><E110/><V33/><F46/><W5/><G129/><T64/><D109/><U15/><E57/><V111/><F111/><W41/><G5/><T97/><D128/><U112/><E19/><V62/><F92/><W105/><G41/><T30/><D30/><U59/><E59/><V120/><F120/><W82/><G82/><T53/><D9/><U43/><E43/><V114/><F114/><W17/><G28/><T52/><REACH who="0" step="1"/><D90/><REACH who="0" ten="120,250,250,370" step="2"/><U80/><E112/><V0/><REACH who="2" step="1"/><F12/><REACH who="2" ten="120,250,240,370" step="2"/><N who="3" m="9511" /><G71/><T134/><D134/><U130/><E121/><V123/><F123/><W4/><G70/><T27/><D27/><U60/><E122/><V13/><F13/><W63/><G68/><T40/><D40/><U77/><E130/><V45/><F45/><W66/><G104/><T81/><D81/><U87/><E133/><V131/><F131/><W2/><G105/><T29/><D29/><U83/><E135/><V61/><F61/><W23/><G63/><T84/><D84/><U16/><E60/><V86/><F86/><W44/><G44/><T91/><D91/><U89/><E83/><V20/><F20/><W72/><G23/><T132/><D132/><U101/><E89/><V31/><F31/><W85/><G85/><T32/><D32/><U36/><E36/><V65/><AGARI ba="0,2" hai="0,1,3,6,11,14,33,35,58,62,65,88,93,96" machi="65" ten="30,4000,0" yaku="1,1,0,1,54,1,53,0" doraHai="49" doraHaiUra="127" who="2" fromWho="2" sc="120,-10,250,-20,240,60,370,-10" /><INIT seed="2,0,0,5,5,11" ten="110,230,300,360" oya="2" hai0="32,113,96,97,22,3,47,90,55,8,52,132,95" hai1="23,57,62,18,80,1,125,126,105,93,82,5,37" hai2="86,72,59,34,27,29,0,87,67,73,100,81,28" hai3="31,21,69,35,111,134,45,66,79,70,39,124,38"/><V40/><F0/><W15/><G111/><T119/><D32/><U133/><E105/><V116/><F116/><W36/><G124/><T78/><D119/><U83/><E37/><V30/><F40/><N who="3" m="22663" /><G15/><T42/><D113/><U2/><E133/><V110/><F110/><W14/><G14/><T65/><D132/><U115/><E115/><V54/><F67/><W135/><G21/><T17/><D65/><U56/><E93/><V99/><F72/><W51/><G51/><T112/><D112/><U108/><E108/><V130/><F73/><W64/><G79/><T98/><D78/><U6/><E6/><V103/><F130/><W48/><G48/><N who="0" m="26743" /><D8/><U118/><E118/><V114/><F86/><W4/><G4/><T104/><D3/><U91/><E91/><V109/><F114/><W88/><G88/><N who="0" m="55399" /><D104/><U128/><E128/><V117/><F117/><W122/><G122/><T76/><D76/><U9/><E2/><V33/><F33/><W107/><G107/><T12/><D98/><U89/><E89/><N who="2" m="51439" /><F109/><W61/><G134/><T63/><D63/><U94/><E94/><AGARI ba="0,0" hai="12,17,22,52,55,90,94,97" m="55399,26743" machi="94" ten="30,7700,0" yaku="8,1,52,1,54,2" doraHai="11" who="0" fromWho="1" sc="110,77,230,-77,300,0,360,0" /><INIT seed="3,0,0,5,0,77" ten="187,153,300,360" oya="3" hai0="42,52,53,98,6,15,110,50,127,24,115,63,108" hai1="48,72,34,62,114,133,68,28,88,12,47,112,129" hai2="76,8,73,101,130,37,7,18,120,84,59,128,14" hai3="35,4,78,93,1,81,83,126,57,27,17,87,121"/><W82/><G126/><T89/><D127/><U100/><E129/><V117/><F117/><W20/><G121/><T30/><D115/><U39/><E133/><V85/><F120/><W86/><G35/><T94/><D63/><U22/><E34/><V41/><F101/><W23/><G4/><T38/><D38/><U99/><E39/><V113/><F113/><W75/><G1/><T49/><D15/><U26/><E72/><V60/><F73/><W46/><G46/><N who="0" m="25815" /><D50/><U119/><E12/><V67/><F18/><N who="3" m="12695" /><G75/><T21/><D6/><U66/><E119/><V104/><F104/><W80/><G57/><T97/><D97/><U56/><E68/><V90/><F41/><W10/><G10/><T13/><D13/><U91/><E114/><V125/><F37/><W106/><G93/><T9/><D9/><U43/><REACH who="1" step="1"/><E112/><REACH who="1" ten="187,143,300,360" step="2"/><V64/><F125/><W16/><G23/><T19/><D30/><U131/><E131/><V45/><F128/><W25/><G25/><T29/><D29/><U71/><E71/><V32/><F130/><W79/><G106/><AGARI ba="0,1" hai="22,26,28,43,47,48,56,62,66,88,91,99,100,106" machi="106" ten="30,3900,0" yaku="1,1,7,1,54,1,53,0" doraHai="77" doraHaiUra="69" who="1" fromWho="3" sc="187,0,143,49,300,0,360,-39" owari="187,-31.3,192,-20.8,300,10.0,321,42.1" /></mjloggm>