<mjloggm ver="2.3"><GO type="225" lobby="0"/><UN n0="%E3%81%B1%E3%83%BC%E3%81%9B%E3%82%93%E3%81%A8%E4%BE%8D" n1="%43%68%65" n2="%E5%BA%83%E7%80%AC%E5%BA%B7%E4%B8%80" n3="%6B%73%77%72%74" dan="17,16,16,17" rate="2210.91,2096.20,2118.75,2193.35" sx="M,M,M,M"/><TAIKYOKU oya="0"/><INIT seed="0,0,0,2,4,74" ten="250,250,250,250" oya="0" hai0="112,29,26,87,116,50,37,69,64,61,66,54,24" hai1="41,131,88,97,12,23,106,34,55,76,68,10,98" hai2="129,71,18,100,17,117,3,46,59,52,125,28,27" hai3="122,32,86,8,47,73,75,119,42,77,53,90,62"/><T19/><D112/><U99/><E34/><V40/><F71/><W82/><G119/><T108/><D116/><U56/><E68/><V30/><F117/><W81/><G32/><T101/><D37/><U124/><E124/><V103/><F3/><W120/><G75/><T78/><D66/><U45/><E131/><V127/><F129/><W49/><G62/><T95/><D108/><U11/><E106/><V133/><F133/><W132/><G132/><T0/><D0/><U105/><E105/><V107/><F107/><W22/><G8/><T60/><D60/><U38/><E76/><V134/><F134/><W72/><G72/><T102/><D19/><U1/><E1/><V35/><F30/><W67/><G67/><T43/><D43/><U65/><E65/><V113/><F113/><W83/><G83/><T20/><D24/><U31/><E88/><V80/><F80/><W96/><G96/><T57/><REACH who="0" step="1"/><D78/><REACH who="0" ten="240,250,250,250" step="2"/><U5/><E38/><N who="2" m="21783" /><F18/><W7/><G7/><T44/><D44/><U115/><E45/><V9/><F17/><W2/><G2/><T91/><AGARI ba="0,1" hai="20,26,29,50,54,57,61,64,69,87,91,95,101,102" machi="91" ten="30,3000,0" yaku="1,1,0,1,53,0" doraHai="74" doraHaiUra="130" who="0" fromWho="0" sc="240,40,250,-10,250,-10,250,-10" /><INIT seed="0,1,0,5,4,119" ten="280,240,240,240" oya="0" hai0="93,105,21,92,36,30,68,37,67,2,46,83,113" hai1="97,25,11,130,8,98,107,95,34,32,82,1,61" hai2="54,56,18,13,6,134,121,87,78,120,5,31,51" hai3="112,22,118,3,50,28,91,109,128,122,24,89,101"/><T133/><D113/><U108/><E108/><V127/><F127/><W42/><G118/><T132/><D105/><U20/><E130/><V19/><F31/><W38/><G38/><T75/><D2/><U23/><E107/><V124/><F124/><W27/><G112/><T47/><D67/><U88/><E98/><V114/><F114/><W110/><G3/><T44/><D68/><U55/><E23/><V71/><F71/><W60/><G128/><T126/><D126/><U94/><E94/><N who="0" m="36457" /><D30/><U115/><E82/><V35/><F35/><W111/><G101/><T7/><D7/><U58/><E115/><V9/><F134/><N who="0" m="51818" /><D21/><U14/><E1/><V90/><F78/><AGARI ba="1,0" hai="36,37,44,46,47,75,78,83" m="51818,36457" machi="78" ten="40,2000,0" yaku="20,1" doraHai="119" who="0" fromWho="2" sc="280,23,240,0,240,-23,240,0" /><INIT seed="0,2,0,5,3,53" ten="303,240,217,240" oya="0" hai0="43,97,15,55,90,29,5,59,19,41,94,69,49" hai1="92,104,1,127,130,68,101,25,66,47,99,82,26" hai2="63,106,80,95,34,107,134,135,23,117,33,111,22" hai3="11,7,88,31,98,84,46,62,45,131,16,72,77"/><T57/><D69/><U60/><E1/><V120/><F120/><W73/><G131/><T28/><D5/><U87/><E130/><V35/><F95/><W38/><G31/><T129/><D129/><U124/><E47/><V67/><F80/><W10/><G77/><T100/><D100/><U64/><E64/><V0/><F0/><W20/><G98/><T109/><D109/><U91/><REACH who="1" step="1"/><E104/><REACH who="1" ten="303,230,217,240" step="2"/><V71/><F111/><W37/><G46/><T85/><D43/><U79/><E79/><V13/><F107/><W14/><G45/><T110/><D41/><U113/><E113/><V21/><F106/><W93/><G38/><T17/><D110/><U48/><E48/><V30/><F117/><W42/><G42/><T119/><D119/><U83/><E83/><V96/><F13/><W58/><G37/><T133/><D15/><U132/><E132/><N who="2" m="50731" /><F96/><W2/><G11/><T3/><D3/><U39/><E39/><V103/><F103/><W9/><G10/><T24/><D133/><U36/><E36/><V65/><F67/><AGARI ba="2,1" hai="2,7,9,14,16,20,58,62,67,72,73,84,88,93" machi="67" ten="30,7700,0" yaku="7,1,52,1,54,2" doraHai="53" who="3" fromWho="2" sc="303,0,230,0,217,-83,240,93" /><INIT seed="1,0,0,0,1,118" ten="303,230,134,333" oya="1" hai0="127,31,81,10,20,80,129,29,66,55,68,46,64" hai1="33,113,88,103,56,1,41,15,23,133,83,13,37" hai2="36,39,121,85,106,75,38,104,27,14,51,79,109" hai3="58,43,74,47,95,116,86,16,72,26,59,89,32"/><U108/><E113/><V122/><F109/><W4/><G116/><T76/><D129/><U77/><E33/><V18/><F75/><W42/><G4/><T123/><D127/><U28/><E1/><V5/><F27/><W9/><G32/><T93/><D10/><U17/><E28/><V7/><F51/><W135/><G135/><T40/><D55/><U120/><E103/><V69/><F69/><W117/><G117/><T111/><D111/><U82/><E108/><V54/><F54/><W22/><G9/><T11/><D11/><U107/><E107/><V112/><F112/><W98/><G42/><T73/><D68/><U62/><E133/><V0/><F106/><W115/><G115/><T60/><D93/><U94/><E120/><V35/><F104/><W119/><G119/><T102/><D102/><U57/><E57/><N who="3" m="21514" /><G74/><T34/><D123/><U100/><E100/><V12/><F0/><W96/><G72/><T50/><D34/><U131/><E131/><V3/><F3/><W2/><G2/><T63/><D20/><U105/><E105/><V53/><F35/><W128/><G128/><T30/><D80/><N who="1" m="30763" /><E77/><V130/><F79/><W48/><AGARI ba="0,0" hai="16,22,26,43,47,48,86,89,95,96,98" m="21514" machi="48" ten="30,2000,0" yaku="8,1,54,1" doraHai="118" who="3" fromWho="3" sc="303,-5,230,-10,134,-5,333,20" /><INIT seed="2,0,0,1,5,69" ten="298,220,129,353" oya="2" hai0="80,134,22,45,53,118,119,94,17,75,57,78,135" hai1="60,7,52,55,49,82,110,1,51,128,113,132,86" hai2="32,92,126,0,129,14,65,105,99,54,100,15,97" hai3="117,124,85,76,3,9,44,67,34,18,71,104,96"/><V91/><F0/><W50/><G117/><N who="0" m="44555" /><D94/><U13/><E1/><V2/><F2/><W37/><G34/><T66/><D66/><U16/><E7/><V131/><F32/><W30/><G30/><T58/><D45/><U90/><E113/><V116/><F116/><W130/><G130/><N who="2" m="49673" /><F126/><W107/><G124/><T40/><D40/><U24/><E128/><V95/><F65/><W63/><G3/><T31/><D31/><U36/><E110/><V123/><F123/><W42/><G50/><N who="0" m="30903" /><D58/><N who="1" m="34887" /><E36/><V68/><F68/><W35/><G35/><T77/><D77/><U125/><E132/><V41/><F41/><W64/><G67/><T29/><D29/><U109/><E109/><V23/><F54/><W88/><G76/><T27/><AGARI ba="0,0" hai="17,22,27,75,78,80,134,135" m="30903,44555" machi="27" ten="30,1100,0" yaku="12,1" doraHai="69" who="0" fromWho="0" sc="298,11,220,-3,129,-5,353,-3" /><INIT seed="3,0,0,1,1,115" ten="309,217,124,350" oya="3" hai0="48,47,75,108,32,125,133,93,40,90,117,135,122" hai1="42,85,72,119,21,107,14,97,63,33,29,110,45" hai2="76,92,8,55,95,105,112,73,78,1,89,132,38" hai3="31,9,54,121,81,52,3,106,41,124,99,65,123"/><W27/><G41/><T15/><D122/><U57/><E72/><V98/><F38/><W59/><G124/><T23/><D32/><U77/><E110/><V91/><F55/><W129/><G65/><T62/><D75/><U69/><E69/><V36/><F36/><W134/><G54/><T118/><D125/><U102/><E33/><V24/><F24/><W127/><G134/><N who="0" m="51211" /><D108/><U84/><E77/><N who="2" m="29803" /><F132/><W12/><G3/><T60/><D23/><U16/><E29/><V34/><F8/><W6/><G9/><T87/><D15/><U50/><E119/><AGARI ba="0,0" hai="40,47,48,60,62,87,90,93,117,118,119" m="51211" machi="119" ten="30,7700,0" yaku="20,1,52,3" doraHai="115" who="0" fromWho="1" sc="309,77,217,-77,124,0,350,0" owari="386,48.6,140,-26.0,124,-37.6,350,15.0" /></mjloggm>