<mjloggm ver="2.3"><GO type="225" lobby="0"/><UN n0="%E8%BE%9B%E5%8F%A3%E3%82%AB%E3%83%AC%E3%83%BC%E3%83%A9%E3%82%A4%E3%82%B9" n1="%E4%B8%89%E5%88%86%E5%B0%8F%E5%83%A7" n2="%E3%80%90%E3%83%88%E3%83%AA%E3%83%A5%E3%83%95%E3%80%91" n3="%6D%75%75%73%61%6E%6D%75" dan="17,16,16,17" rate="2228.34,2099.89,2085.83,2166.57" sx="M,M,M,F"/><TAIKYOKU oya="0"/><INIT seed="0,0,0,1,4,65" ten="250,250,250,250" oya="0" hai0="50,45,71,26,73,55,80,119,133,48,118,27,33" hai1="79,60,32,90,25,101,124,5,134,24,66,102,74" hai2="126,67,14,2,125,38,89,34,84,31,94,6,81" hai3="86,58,98,129,78,35,92,99,10,23,59,93,53"/><T95/><D133/><U100/><E124/><V56/><F38/><W40/><G35/><T37/><D37/><U63/><E134/><V107/><F107/><W135/><G135/><T54/><D95/><U18/><E5/><V46/><F2/><W70/><G129/><T69/><D80/><U116/><E116/><V39/><F31/><W41/><G10/><T105/><D105/><U103/><N who="1" m="25600" /><DORA hai="62" /><U104/><E104/><V127/><F34/><W82/><G70/><T117/><D73/><U121/><E121/><V21/><F94/><N who="3" m="36459" /><G23/><T20/><D33/><U112/><E112/><V3/><F3/><W9/><G59/><T130/><D130/><U106/><E106/><V1/><F1/><W64/><G9/><T19/><REACH who="0" step="1"/><D27/><REACH who="0" ten="240,250,250,250" step="2"/><U13/><E32/><V128/><F128/><W68/><G98/><T42/><D42/><U113/><E113/><V72/><F72/><W76/><G41/><T17/><D17/><U110/><E25/><V111/><F39/><W61/><G40/><T7/><D7/><U30/><E24/><V87/><F6/><W11/><G99/><T131/><D131/><U15/><E18/><V22/><F14/><W96/><G96/><T83/><D83/><U97/><E13/><V52/><F127/><W88/><G11/><T91/><D91/><U16/><E90/><V75/><F75/><W122/><G122/><T51/><D51/><U28/><E16/><V85/><F126/><W77/><G68/><T36/><D36/><U132/><E74/><V44/><F125/><W47/><G47/><AGARI ba="0,1" hai="19,20,26,45,47,48,50,54,55,69,71,117,118,119" machi="47" ten="40,12000,1" yaku="1,1,9,1,52,2,53,0" doraHai="65,62" doraHaiUra="123,4" who="0" fromWho="3" sc="240,130,250,0,250,0,250,-120" /><INIT seed="0,1,0,1,3,29" ten="370,250,250,130" oya="0" hai0="88,47,6,97,85,111,79,30,132,94,45,101,78" hai1="92,39,46,16,56,9,25,115,113,65,130,28,129" hai2="38,75,91,13,0,58,87,64,133,121,1,105,11" hai3="27,119,19,116,61,17,14,134,63,3,32,100,21"/><T107/><D132/><U89/><E65/><V117/><F121/><W118/><G134/><T93/><D111/><U60/><E39/><V40/><F75/><W82/><G3/><T108/><D108/><U95/><E46/><V123/><F123/><W102/><G82/><T41/><D6/><U15/><E56/><V67/><F105/><W36/><G36/><T12/><D47/><U106/><E60/><V122/><F122/><W74/><G74/><T48/><D12/><U125/><E106/><V86/><F117/><W112/><G112/><N who="1" m="43082" /><E125/><V20/><F20/><W99/><G19/><T62/><D30/><U81/><E81/><V34/><F40/><W44/><G44/><T35/><D35/><N who="1" m="20879" /><E89/><V55/><F38/><W110/><G110/><T114/><D114/><U98/><E98/><V54/><F54/><W73/><G99/><T52/><D107/><U69/><E69/><V90/><F34/><W128/><G61/><T10/><D10/><U57/><E57/><AGARI ba="1,0" hai="41,45,48,52,57,62,78,79,85,88,93,94,97,101" machi="57" ten="40,7700,0" yaku="8,1,54,2" doraHai="29" who="0" fromWho="1" sc="370,80,250,-80,250,0,130,0" /><INIT seed="0,2,0,4,2,13" ten="450,170,250,130" oya="0" hai0="79,130,114,71,38,70,132,25,7,104,50,33,88" hai1="65,20,48,0,6,81,60,3,111,36,42,4,110" hai2="121,43,87,28,15,106,18,12,124,98,52,11,1" hai3="83,134,126,108,64,119,78,131,56,32,37,93,89"/><T35/><D114/><U67/><E36/><V10/><F121/><W30/><G37/><T59/><D104/><U49/><E81/><V76/><F1/><W62/><G119/><T116/><D116/><U105/><E20/><V51/><F28/><W27/><G108/><T118/><D118/><U82/><E82/><N who="2" m="47559" /><F106/><W57/><G126/><T120/><D79/><U127/><E105/><V24/><F24/><W41/><G131/><T101/><D101/><U84/><E84/><V100/><F124/><W47/><G134/><T74/><D74/><U9/><E127/><V55/><F98/><W54/><G41/><T99/><D99/><U69/><E42/><V97/><F97/><W19/><G93/><T135/><D71/><U125/><E125/><V112/><F112/><W85/><G47/><T75/><D70/><U109/><REACH who="1" step="1"/><E67/><REACH who="1" ten="450,160,250,130" step="2"/><V102/><F43/><W44/><G78/><T129/><D38/><U58/><E58/><N who="2" m="33055" /><F55/><W113/><G113/><T2/><D132/><U128/><E128/><V115/><F115/><W21/><G44/><T26/><D135/><U123/><E123/><V17/><AGARI ba="2,1" hai="10,11,12,15,17,18,100,102" m="33055,47559" machi="17" ten="30,7900,0" yaku="8,1,52,2,54,1" doraHai="13" who="2" fromWho="2" sc="450,-41,160,-22,250,95,130,-22" /><INIT seed="1,0,0,3,1,48" ten="409,138,345,108" oya="1" hai0="134,23,91,131,37,16,60,61,86,74,108,14,40" hai1="81,106,111,69,124,6,65,17,58,103,31,63,51" hai2="24,72,105,21,89,123,90,7,27,3,19,71,99" hai3="11,28,82,114,84,59,30,109,4,39,95,127,36"/><U12/><E124/><V96/><F123/><W29/><G114/><T73/><D108/><U33/><E6/><V78/><F71/><W49/><G109/><T70/><D134/><U5/><E5/><V80/><F27/><W119/><G127/><T122/><D122/><U110/><E81/><V64/><F64/><W129/><G129/><T77/><D77/><U125/><E125/><V120/><F120/><W54/><G95/><T76/><D76/><U102/><E31/><V18/><F105/><W32/><G32/><T10/><D131/><U42/><E33/><V68/><F68/><W128/><G119/><T75/><D70/><U67/><E67/><V62/><F62/><W118/><G118/><T47/><REACH who="0" step="1"/><D10/><REACH who="0" ten="399,138,345,108" step="2"/><U57/><E69/><V101/><F78/><W1/><REACH who="3" step="1"/><G128/><REACH who="3" ten="399,138,345,98" step="2"/><T13/><D13/><U98/><E110/><V94/><F3/><W45/><G45/><T56/><D56/><U92/><E111/><V52/><F72/><W87/><G87/><T2/><D2/><U35/><E58/><V107/><F99/><W79/><AGARI ba="0,2" hai="1,4,11,28,29,30,36,39,49,54,59,79,82,84" machi="79" ten="30,4000,0" yaku="1,1,0,1,52,1,53,0" doraHai="48" doraHaiUra="15" who="3" fromWho="3" sc="399,-10,138,-20,345,-10,98,60" /><INIT seed="2,0,0,0,2,81" ten="389,118,335,158" oya="2" hai0="111,97,69,116,99,113,86,74,76,48,1,51,117" hai1="36,43,75,110,24,28,23,54,91,38,118,125,104" hai2="33,8,79,68,95,120,35,3,18,4,13,93,50" hai3="14,132,96,135,107,123,78,82,124,60,131,122,37"/><V53/><F120/><N who="3" m="46123" /><G37/><T109/><D113/><U5/><E118/><N who="0" m="45673" /><D69/><U6/><E110/><N who="0" m="41993" /><D1/><U31/><E125/><V58/><F68/><W0/><G0/><T11/><D11/><U39/><E43/><V129/><F79/><W29/><G14/><T112/><D74/><U114/><E114/><V98/><F129/><W16/><G60/><T55/><D112/><U42/><E75/><V12/><F12/><W126/><G29/><T84/><D48/><U106/><E42/><V77/><F77/><W87/><G16/><T83/><D84/><U72/><E72/><V49/><F49/><W46/><G131/><T108/><D108/><U26/><E54/><V19/><F19/><W88/><G46/><AGARI ba="0,0" hai="46,51,55,76,83,86,97,99" m="41993,45673" machi="46" ten="30,3900,0" yaku="12,1,14,1,52,1" doraHai="81" who="0" fromWho="3" sc="389,39,118,0,335,0,158,-39" /><INIT seed="3,0,0,2,5,85" ten="428,118,335,119" oya="3" hai0="124,17,54,2,52,5,100,110,1,97,19,59,15" hai1="94,3,99,83,77,66,34,73,39,87,69,43,126" hai2="47,135,134,123,119,10,62,120,64,31,26,80,21" hai3="74,4,89,63,68,108,84,50,90,91,75,16,132"/><W33/><G33/><T130/><D110/><U28/><E3/><V49/><F119/><W42/><G108/><T46/><D124/><U58/><E69/><V127/><F80/><W37/><G37/><T131/><D46/><U102/><E126/><V24/><F127/><W82/><G132/><N who="2" m="50729" /><F10/><W45/><G4/><T122/><D122/><U79/><E39/><V36/><F36/><W86/><G16/><N who="0" m="6219" /><D15/><U30/><E43/><N who="2" m="24831" /><F26/><W104/><G104/><N who="0" m="63503" /><D5/><U129/><E129/><N who="0" m="49161" /><D54/><U105/><E105/><V121/><F121/><W13/><G13/><T27/><D27/><U88/><E34/><V48/><F48/><AGARI ba="0,0" hai="1,2,48,52,59" m="49161,63503,6219" machi="48" ten="30,3900,0" yaku="19,1,54,2" doraHai="85" who="0" fromWho="2" sc="428,39,118,0,335,-39,119,0" owari="467,56.7,118,-38.2,296,9.6,119,-28.1" /></mjloggm>