<mjloggm ver="2.3"><GO type="225" lobby="0"/><UN n0="%E3%83%A9%E3%83%BC%E3%83%A1%E3%83%B3%E4%BA%94%E9%83%8E" n1="%6B%69%72%61%64%6F%6B%69" n2="%E7%99%BD%E6%97%A5%E9%9B%AA%E8%8F%9C" n3="%40%79%75%6B%69%73" dan="16,16,17,16" rate="2027.26,2065.97,2232.17,2202.39" sx="M,M,M,M"/><TAIKYOKU oya="0"/><INIT seed="0,0,0,5,1,15" ten="250,250,250,250" oya="0" hai0="70,124,79,103,2,37,8,40,17,13,101,131,87" hai1="19,50,114,69,22,78,12,49,18,80,118,3,32" hai2="48,82,92,53,72,4,67,57,11,128,127,31,41" hai3="25,122,110,34,89,7,108,55,91,61,75,16,97"/><T113/><D113/><U83/><E118/><V29/><F127/><W116/><G116/><T10/><D70/><U115/><E69/><V81/><F128/><W56/><G75/><T102/><D124/><U120/><E120/><V20/><F72/><W85/><G122/><T100/><D131/><U42/><E3/><V90/><F67/><W62/><G7/><T129/><D129/><U94/><E32/><V105/><F105/><W135/><G62/><T111/><N who="0" m="25600" /><DORA hai="132" /><T117/><D117/><U99/><E42/><V28/><F41/><W130/><G34/><T38/><D111/><N who="3" m="42537" /><G130/><T45/><D38/><U46/><E46/><V24/><F11/><W84/><G135/><T134/><D134/><U1/><E1/><V68/><F4/><W35/><G35/><T104/><D104/><U33/><E33/><V51/><F68/><W21/><G91/><T44/><D44/><U109/><E109/><V123/><F123/><W5/><G5/><T60/><D60/><U107/><E107/><V0/><F0/><W43/><G43/><T64/><D64/><U47/><E47/><V14/><F48/><N who="1" m="18537" /><E78/><V74/><F74/><W96/><G85/><T26/><D2/><U93/><E114/><V126/><F126/><W58/><G58/><T76/><D87/><U119/><E119/><V125/><F125/><W86/><G86/><T54/><D54/><U65/><E65/><V133/><F133/><W106/><G106/><T63/><D63/><U23/><E115/><V77/><F53/><W66/><G66/><T59/><D40/><U6/><E6/><V73/><F73/><RYUUKYOKU ba="0,0" sc="250,-10,250,-10,250,-10,250,30" hai3="16,21,25,55,56,61,84,89,96,97" /><INIT seed="1,1,0,0,0,40" ten="240,240,240,280" oya="1" hai0="37,120,44,112,1,92,55,56,36,14,88,30,78" hai1="57,43,16,132,105,106,127,59,64,86,9,15,117" hai2="35,101,33,90,68,46,39,102,19,96,12,48,122" hai3="42,108,32,87,70,61,131,77,116,17,99,100,7"/><U54/><E117/><V75/><F122/><W121/><G7/><T118/><D112/><U62/><E127/><V65/><F75/><W83/><G121/><T81/><D118/><U115/><E115/><V10/><F39/><W134/><G116/><T66/><D1/><U123/><E123/><V3/><F3/><W22/><G32/><T84/><D120/><U89/><E132/><V31/><F90/><W95/><G134/><T125/><D125/><U26/><E43/><V5/><F5/><W119/><G108/><T129/><D129/><U4/><E26/><V8/><F10/><W69/><G131/><T51/><D30/><U25/><E25/><V23/><F8/><W104/><G119/><T107/><D107/><U0/><E0/><V71/><F31/><W18/><G18/><T21/><D21/><U58/><E4/><V2/><F2/><W103/><G61/><N who="0" m="38183" /><D36/><U29/><E29/><V80/><F35/><W27/><G42/><T41/><D37/><U133/><E133/><V85/><F33/><W135/><G135/><T94/><D41/><U24/><E24/><V53/><F65/><W60/><G60/><T67/><D67/><U45/><E105/><V113/><F113/><W28/><G28/><T93/><D14/><U91/><E106/><V13/><F12/><W111/><G111/><T63/><D63/><U128/><E128/><V72/><F72/><W114/><G114/><T126/><D126/><U52/><E64/><V130/><F130/><W49/><G49/><T38/><D38/><U20/><E62/><V76/><F102/><N who="3" m="60799" /><G104/><AGARI ba="1,0" hai="13,19,23,46,48,53,68,71,76,80,85,96,101,104" machi="104" ten="30,2000,0" yaku="7,1,52,1" doraHai="40" who="2" fromWho="3" sc="240,0,240,0,240,23,280,-23" /><INIT seed="2,0,0,5,2,63" ten="240,240,263,257" oya="2" hai0="106,40,51,72,14,29,85,92,45,12,32,54,110" hai1="83,41,122,2,35,112,64,126,25,39,69,17,48" hai2="121,43,59,56,4,135,87,80,36,33,50,77,99" hai3="16,21,71,123,60,62,114,49,107,70,8,46,10"/><V52/><F121/><W108/><G107/><T104/><D72/><U30/><E112/><V38/><F33/><W73/><G73/><T129/><D110/><U109/><E109/><V91/><F135/><W65/><G123/><T31/><D129/><U26/><E122/><V82/><F4/><W23/><G114/><T84/><D104/><U27/><E39/><V74/><F43/><W22/><G108/><T57/><D106/><U96/><E2/><V103/><REACH who="2" step="1"/><F59/><REACH who="2" ten="240,240,253,257" step="2"/><W61/><G71/><T94/><D32/><U55/><E41/><V1/><F1/><W134/><G134/><T113/><D113/><U133/><E133/><V6/><F6/><W117/><G117/><T18/><D57/><U132/><E132/><V101/><F101/><W37/><G70/><T118/><D40/><U81/><E35/><V86/><F86/><W58/><G37/><T130/><D118/><U119/><E119/><V89/><F89/><W66/><G58/><T44/><D84/><U115/><E115/><V15/><F15/><W7/><G7/><T100/><D12/><U68/><E69/><V95/><AGARI ba="0,1" hai="36,38,50,52,56,74,77,80,82,87,91,95,99,103" machi="95" ten="20,7800,0" yaku="1,1,0,1,7,1,54,1,53,0" doraHai="63" doraHaiUra="3" who="2" fromWho="2" sc="240,-26,240,-26,253,88,257,-26" /><INIT seed="2,1,0,5,5,40" ten="214,214,341,231" oya="2" hai0="88,31,52,77,13,56,85,14,10,35,42,64,47" hai1="120,29,1,82,132,68,46,107,20,33,36,124,125" hai2="86,113,50,81,34,89,6,130,43,109,45,129,4" hai3="106,123,16,114,0,41,79,102,9,87,22,76,19"/><V93/><F113/><W30/><G123/><T108/><D108/><U80/><E120/><V49/><F34/><W118/><G118/><T122/><D122/><U83/><E107/><V126/><F126/><N who="1" m="48745" /><E132/><V101/><F109/><W25/><G114/><T63/><D77/><U66/><E1/><V3/><F3/><W98/><G41/><T54/><D35/><U18/><E33/><V104/><F104/><W134/><G134/><T133/><D31/><U48/><E48/><V58/><F101/><W37/><G37/><T27/><D27/><N who="1" m="14743" /><E29/><V67/><F93/><W92/><G106/><T94/><D133/><U11/><E11/><V95/><F95/><W26/><G26/><T12/><REACH who="0" step="1"/><D10/><REACH who="0" ten="204,214,341,231" step="2"/><U74/><E74/><V59/><F130/><W21/><G21/><T71/><D71/><U99/><E99/><V131/><F131/><W57/><G9/><T115/><D115/><U61/><E36/><AGARI ba="1,1" hai="12,13,14,36,42,47,52,54,56,63,64,85,88,94" machi="36" ten="40,8000,1" yaku="1,1,52,1,54,2,53,0" doraHai="40" doraHaiUra="2" who="0" fromWho="1" sc="204,93,214,-83,341,0,231,0" /><INIT seed="3,0,0,1,0,50" ten="297,131,341,231" oya="3" hai0="125,71,135,4,28,32,36,53,24,128,54,15,132" hai1="9,96,52,64,35,73,17,19,3,121,40,47,95" hai2="93,39,66,22,2,14,112,6,37,79,75,51,0" hai3="11,89,8,88,76,109,68,21,84,18,7,110,25"/><W27/><G68/><T94/><D125/><U102/><E73/><V23/><F112/><W69/><G69/><T118/><D118/><U72/><E121/><V131/><F66/><W119/><G119/><T124/><D124/><U117/><E117/><V105/><F105/><W101/><G101/><T113/><D113/><U16/><E72/><V44/><F131/><W106/><G106/><T48/><D36/><U31/><E64/><V133/><F133/><N who="0" m="51274" /><D128/><U78/><E78/><V29/><F93/><W63/><G63/><T98/><D71/><U61/><E31/><V130/><F130/><W13/><G27/><T20/><D48/><U115/><E115/><V70/><F70/><W67/><G67/><T111/><D111/><N who="3" m="42505" /><G8/><N who="0" m="4487" /><D32/><U127/><E35/><V120/><F120/><W80/><AGARI ba="0,0" hai="7,11,13,18,21,25,76,80,84,88,89" m="42505" machi="80" ten="30,6000,0" yaku="14,1,10,1,54,1" doraHai="50" who="3" fromWho="3" sc="297,-20,131,-20,341,-20,231,60" /><INIT seed="3,1,0,5,3,134" ten="277,111,321,291" oya="3" hai0="60,57,3,12,129,23,114,119,25,21,30,76,53" hai1="32,68,15,43,80,126,5,102,22,128,75,122,90" hai2="79,132,48,70,16,109,31,92,117,14,74,99,19" hai3="0,52,110,26,65,27,124,106,105,18,96,11,51"/><W8/><G65/><T49/><D119/><U59/><E59/><V34/><F117/><W39/><G39/><T61/><D129/><U120/><E43/><V62/><F132/><W112/><G112/><T1/><D114/><U87/><E68/><V45/><F109/><W91/><G110/><T67/><D76/><U13/><E32/><V84/><F74/><W42/><G42/><T28/><D60/><U125/><E5/><V113/><F34/><W33/><G0/><T20/><D12/><U115/><E115/><V54/><F31/><W101/><G106/><T66/><D66/><U73/><E22/><V93/><F113/><W9/><G91/><T97/><D97/><U82/><E13/><V130/><F130/><W36/><G36/><T37/><D37/><U47/><E47/><V78/><F62/><W86/><G86/><T107/><D107/><U83/><E15/><V63/><F63/><W10/><G10/><T127/><D127/><N who="1" m="48651" /><E128/><V116/><F70/><W103/><G124/><T69/><D21/><U56/><E56/><V44/><F116/><W29/><G26/><AGARI ba="1,0" hai="1,3,20,23,25,26,28,30,49,53,57,61,67,69" machi="26" ten="40,1300,0" yaku="9,1" doraHai="134" who="0" fromWho="3" sc="277,16,111,0,321,0,291,-16" owari="293,9.3,111,-38.9,321,42.1,275,-12.5" /></mjloggm>