<mjloggm ver="2.3"><GO type="225" lobby="0"/><UN n0="%E3%81%AF%E3%82%88%E3%81%8A%E3%81%98%E3%81%95%E3%82%93" n1="%E3%81%86%E3%82%8C%E3%81%9F%E3%82%93%E6%9E%95" n2="%E3%81%B5%E3%81%98%E3%81%8B%E3%81%A4" n3="%E3%83%A9%E3%83%BC%E3%83%A1%E3%83%B3%E4%BA%94%E9%83%8E" dan="17,16,16,16" rate="2166.06,2090.06,2192.81,2082.56" sx="M,F,M,M"/><TAIKYOKU oya="0"/><INIT seed="0,0,0,3,4,114" ten="250,250,250,250" oya="0" hai0="39,74,124,20,97,129,125,5,133,37,81,126,15" hai1="75,31,82,88,28,132,109,34,86,19,101,26,120" hai2="77,40,50,25,60,17,116,102,52,44,43,10,130" hai3="78,91,87,21,48,90,7,8,33,96,13,83,12"/><T85/><D74/><U49/><E120/><V42/><F130/><W76/><G33/><T113/><D113/><U106/><E109/><V128/><F128/><W46/><G96/><T45/><D129/><U24/><E132/><V56/><F77/><W66/><G66/><T0/><D133/><U98/><E75/><V84/><F102/><W57/><G57/><T47/><D0/><U108/><E108/><V135/><F135/><W29/><G76/><T112/><D112/><U70/><E49/><V41/><F84/><W3/><G3/><T61/><D61/><U95/><E70/><V100/><F100/><W51/><G51/><T6/><D97/><U9/><E9/><V118/><F10/><W73/><G73/><T93/><D93/><U63/><E63/><N who="2" m="36231" /><F17/><N who="3" m="10415" /><G29/><T111/><D111/><U121/><E19/><V71/><F25/><W22/><G22/><T27/><D15/><U107/><REACH who="1" step="1"/><E121/><REACH who="1" ten="250,240,250,250" step="2"/><V134/><F134/><W55/><AGARI ba="0,1" hai="7,8,12,46,48,55,78,83,87,90,91" m="10415" machi="55" ten="30,1100,0" yaku="8,1" doraHai="114" who="3" fromWho="3" sc="250,-5,240,-3,250,-3,250,21" /><INIT seed="1,0,0,2,1,53" ten="245,237,247,271" oya="1" hai0="35,81,103,126,50,71,46,9,94,109,10,117,93" hai1="61,116,63,29,84,74,3,96,85,13,121,70,24" hai2="12,57,113,65,41,134,8,1,49,111,88,56,80" hai3="78,86,110,97,16,91,31,48,115,7,45,34,100"/><U43/><E116/><V38/><F1/><W39/><G115/><T11/><D117/><U98/><E121/><V33/><F113/><W62/><G39/><T5/><D35/><U21/><E3/><V133/><F33/><W124/><G110/><T83/><D71/><U75/><E43/><V42/><F111/><W72/><G124/><T89/><D109/><U60/><E70/><V4/><F38/><W6/><G78/><T77/><D126/><U25/><E13/><V18/><F4/><W51/><G72/><T135/><D135/><N who="2" m="51722" /><F65/><W22/><G31/><T15/><D103/><U79/><E79/><V44/><F42/><W82/><G34/><T131/><D131/><U112/><E112/><V47/><F44/><W130/><G130/><T120/><D120/><U106/><E106/><V119/><F119/><W0/><G0/><T102/><D102/><U132/><E132/><V125/><F125/><W67/><G6/><T40/><D93/><U55/><E55/><V118/><F118/><W69/><G7/><T20/><D20/><U76/><E76/><V128/><F128/><W87/><G45/><T127/><D127/><U101/><E101/><V99/><F99/><N who="1" m="37929" /><E25/><V58/><F88/><W14/><REACH who="3" step="1"/><G86/><REACH who="3" ten="245,237,247,261" step="2"/><N who="1" m="33386" /><E75/><V73/><F73/><W107/><AGARI ba="0,1" hai="14,16,22,48,51,62,67,69,82,87,91,97,100,107" machi="107" ten="20,5200,0" yaku="1,1,0,1,7,1,54,1,53,0" doraHai="53" doraHaiUra="26" who="3" fromWho="3" sc="245,-13,237,-26,247,-13,261,62" /><INIT seed="2,0,0,4,5,1" ten="232,211,234,323" oya="2" hai0="35,40,58,99,31,89,69,62,57,43,71,87,28" hai1="105,117,22,75,83,4,116,76,135,42,50,53,81" hai2="32,49,127,48,101,19,93,25,114,33,24,66,92" hai3="14,132,27,122,103,46,54,84,67,119,47,5,7"/><V118/><F114/><W88/><G119/><T9/><D99/><U55/><E135/><V36/><F118/><W102/><G122/><T80/><D58/><U64/><E105/><V20/><F127/><W30/><G132/><T128/><D128/><U112/><E112/><V129/><F36/><W78/><G78/><T98/><D98/><U72/><E64/><V111/><F129/><W61/><G67/><T65/><D71/><U37/><E37/><V39/><F39/><W108/><G108/><T34/><D69/><U15/><E42/><N who="0" m="15913" /><D34/><U91/><E55/><V70/><F70/><W18/><G27/><T100/><D35/><U51/><E51/><V97/><F66/><W121/><G30/><N who="0" m="11307" /><D9/><U59/><E22/><N who="2" m="13407" /><F33/><W107/><G107/><T23/><D23/><U16/><E16/><N who="2" m="12423" /><F32/><W63/><G121/><T110/><D110/><U8/><REACH who="1" step="1"/><E75/><REACH who="1" ten="232,201,234,323" step="2"/><V68/><F111/><W133/><G133/><T0/><D65/><U94/><E94/><N who="2" m="58551" /><F68/><W79/><G54/><T134/><D134/><U2/><E2/><V38/><F38/><W44/><G61/><T29/><D0/><U90/><E90/><V85/><F92/><N who="3" m="54279" /><G63/><T26/><D29/><U17/><E17/><V73/><F73/><W104/><G104/><T113/><D26/><U126/><E126/><V96/><F96/><W12/><G18/><T124/><D124/><U11/><E11/><V130/><F130/><W109/><G109/><T131/><D131/><U41/><E41/><V115/><F115/><W95/><G103/><T120/><D100/><U60/><E60/><V123/><F123/><W13/><G79/><RYUUKYOKU ba="0,1" sc="232,-30,201,10,234,10,323,10" hai1="4,8,15,50,53,59,72,76,81,83,91,116,117" hai2="48,49,85,93" hai3="5,7,12,13,14,44,46,47,95,102" /><INIT seed="2,1,1,0,1,130" ten="202,211,244,333" oya="2" hai0="119,13,26,118,126,40,34,7,52,9,2,59,86" hai1="57,70,105,73,112,38,21,89,60,30,35,133,117" hai2="50,25,127,29,51,135,64,23,88,93,76,36,110" hai3="18,106,87,84,33,95,98,27,19,63,58,43,6"/><V69/><F127/><W92/><G106/><T121/><D121/><U123/><RYUUKYOKU type="yao9" ba="1,1" sc="202,0,211,0,244,0,333,0" hai1="21,30,35,38,57,60,70,73,89,105,112,117,123,133" /><INIT seed="2,2,1,1,2,23" ten="202,211,244,333" oya="2" hai0="45,117,41,106,44,56,114,125,78,52,68,0,8" hai1="51,3,34,92,47,42,81,88,46,108,27,85,19" hai2="77,2,94,61,82,131,12,13,59,60,43,36,134" hai3="86,120,115,116,127,133,123,53,17,32,80,71,97"/><V58/><F134/><W70/><G116/><T100/><D114/><U87/><E3/><V57/><F2/><W74/><G133/><T10/><D68/><U95/><E108/><V79/><F131/><W64/><G74/><T105/><D117/><U111/><E111/><V98/><F36/><W40/><G32/><T67/><D67/><U54/><E87/><N who="2" m="48591" /><F43/><W99/><G40/><T29/><D125/><U110/><E110/><V16/><F79/><W6/><G6/><T35/><D78/><U73/><E73/><V107/><F107/><W75/><G75/><T132/><D132/><U76/><E76/><V101/><F12/><W55/><G64/><T102/><D29/><U113/><E113/><V118/><F118/><W66/><G66/><T38/><D44/><U93/><E34/><V96/><F96/><W15/><G70/><T39/><D38/><U65/><E65/><V30/><F30/><W33/><G71/><T104/><D35/><U4/><E4/><V14/><F14/><W37/><G33/><T83/><D83/><U24/><REACH who="1" step="1"/><E19/><REACH who="1" ten="202,201,244,333" step="2"/><V103/><F16/><W135/><G17/><T126/><D126/><U62/><E62/><V121/><F61/><W69/><G127/><T25/><D0/><U31/><E31/><V50/><F60/><W21/><G115/><T130/><D130/><U11/><E11/><N who="0" m="4137" /><D25/><U20/><E20/><V129/><F129/><W91/><G21/><T28/><D28/><U112/><E112/><V63/><F63/><W84/><G135/><T122/><D122/><U119/><E119/><V89/><F121/><W26/><G120/><RYUUKYOKU ba="2,2" sc="202,15,201,15,244,-15,333,-15" hai0="39,41,45,52,56,100,102,104,105,106" hai1="24,27,42,46,47,51,54,81,85,88,92,93,95" /><INIT seed="3,3,2,4,5,111" ten="217,216,229,318" oya="3" hai0="106,115,135,54,55,34,50,123,19,9,77,56,120" hai1="8,109,112,70,103,27,33,92,101,133,125,59,113" hai2="91,17,90,116,98,102,75,16,119,45,117,128,58" hai3="61,127,79,62,26,5,0,74,93,3,2,68,47"/><W67/><G93/><T31/><D106/><U12/><E70/><V71/><F128/><W49/><G127/><T78/><D135/><U95/><E109/><V11/><F71/><N who="3" m="42479" /><G49/><T15/><D115/><U97/><E133/><V46/><F75/><W96/><G26/><T32/><D54/><U85/><E125/><V57/><F11/><N who="3" m="2471" /><G47/><T10/><D9/><U104/><E103/><V22/><F102/><W66/><G96/><T24/><REACH who="0" step="1"/><D32/><REACH who="0" ten="207,216,229,318" step="2"/><U23/><E33/><V73/><F117/><W48/><G48/><T25/><D25/><U86/><E112/><V29/><F119/><W121/><G121/><AGARI ba="3,3" hai="10,15,19,24,31,34,50,55,56,77,78,120,121,123" machi="121" ten="40,1300,0" yaku="1,1,53,0" doraHai="111" doraHaiUra="126" who="0" fromWho="3" sc="207,52,216,0,229,0,318,-22" /><INIT seed="4,0,0,1,4,64" ten="259,216,229,296" oya="0" hai0="23,42,122,33,126,106,18,92,47,116,61,90,111" hai1="119,128,87,79,103,25,83,84,66,4,17,19,54" hai2="65,97,77,110,93,2,80,12,94,118,60,71,49" hai3="55,11,115,114,21,75,102,27,129,56,63,35,5"/><T22/><D116/><U29/><E119/><V81/><F110/><W40/><G129/><T133/><D33/><U51/><E128/><V101/><F2/><N who="3" m="439" /><G75/><T134/><D122/><U24/><E4/><V131/><F131/><W132/><G132/><T107/><D61/><U41/><E103/><V36/><F36/><W58/><G35/><T7/><D7/><U6/><E6/><V86/><F118/><W105/><G40/><T67/><D67/><U91/><E66/><V52/><F81/><W30/><G58/><T31/><D31/><U98/><E98/><V112/><F112/><N who="3" m="43051" /><G102/><T3/><D3/><U13/><E41/><V130/><F130/><W70/><G105/><T26/><D22/><N who="1" m="15511" /><E25/><V32/><F32/><W96/><G96/><N who="0" m="57367" /><D126/><U44/><E13/><V78/><F12/><W69/><AGARI ba="0,0" hai="21,27,30,55,56,63,69,70" m="43051,439" machi="69" ten="30,4000,0" yaku="15,1,52,2" doraHai="64" who="3" fromWho="3" sc="259,-20,216,-10,229,-10,296,40" owari="239,3.9,206,-29.4,219,-18.1,336,43.6" /></mjloggm>