<mjloggm ver="2.3"><GO type="225" lobby="0"/><UN n0="%6D%75%75%6D%75%72%61" n1="%E3%81%9F%E3%81%93%E2%98%86%E7%84%BC%E3%81%8D" n2="%E3%81%8C%E3%81%9F" n3="%E3%81%95%E3%81%8D%E3%81%9F%E3%81%BE%E6%9E%97%E6%AA%8E" dan="16,16,16,16" rate="2159.71,2117.94,2075.62,2065.32" sx="F,M,F,M"/><TAIKYOKU oya="0"/><INIT seed="0,0,0,3,2,123" ten="250,250,250,250" oya="0" hai0="124,14,28,94,110,3,106,130,51,17,100,53,27" hai1="81,78,89,4,84,99,129,54,67,76,101,59,36" hai2="66,112,39,131,98,80,69,95,7,43,9,103,41" hai3="97,102,33,6,49,91,34,18,44,121,133,52,72"/><T74/><D130/><U62/><E36/><V109/><F112/><W50/><G133/><T29/><D3/><U16/><E129/><V24/><F131/><W126/><G126/><T132/><D124/><U87/><E4/><V60/><F39/><W111/><G111/><T75/><D132/><U96/><E76/><V23/><F80/><W85/><G121/><T61/><D106/><U114/><E114/><V13/><REACH who="2" step="1"/><F109/><REACH who="2" ten="250,250,240,250" step="2"/><W135/><G135/><T104/><D110/><U113/><E113/><V86/><F86/><W56/><G72/><T128/><D128/><U127/><E127/><V21/><F21/><W47/><G34/><T38/><D38/><U70/><E87/><V73/><F73/><W11/><G33/><T77/><D75/><U82/><E81/><V58/><F58/><W1/><G56/><T8/><D74/><U45/><E99/><V46/><F46/><W57/><G57/><T88/><D77/><U42/><E70/><V118/><F118/><W12/><G47/><T92/><D61/><U93/><E45/><V79/><F79/><W37/><G37/><T0/><D51/><U15/><E78/><V48/><F48/><W35/><G50/><T122/><D122/><U119/><E119/><V116/><F116/><W10/><G35/><T30/><D30/><AGARI ba="0,1" hai="7,9,13,23,24,30,41,43,60,66,69,95,98,103" machi="30" ten="30,2000,0" yaku="1,1,7,1,53,0" doraHai="123" doraHaiUra="125" who="2" fromWho="0" sc="250,-20,250,0,240,30,250,0" /><INIT seed="1,0,0,2,3,74" ten="230,250,270,250" oya="1" hai0="12,90,125,123,86,76,87,129,72,34,33,104,79" hai1="64,44,75,117,30,65,85,105,28,102,4,9,108" hai2="45,118,100,40,10,15,88,71,52,133,35,59,56" hai3="16,107,114,53,131,70,42,113,51,95,6,97,121"/><U126/><E75/><V58/><F118/><W69/><G121/><T116/><D72/><U112/><E112/><V83/><F71/><W57/><G107/><T47/><D116/><U11/><E126/><V89/><F35/><W21/><G131/><T77/><D129/><U119/><E102/><V109/><F109/><W49/><G6/><T36/><D104/><U128/><E105/><V5/><F133/><W127/><G127/><T134/><D125/><U78/><E85/><V132/><F132/><W7/><G7/><T17/><D87/><U63/><E63/><V48/><F100/><W68/><G49/><T60/><D60/><U32/><E44/><V13/><F83/><W41/><G42/><T84/><D84/><U98/><E98/><V54/><F15/><W96/><G41/><T0/><D0/><U31/><E31/><V37/><REACH who="2" step="1"/><F58/><REACH who="2" ten="230,250,260,250" step="2"/><W38/><G70/><T80/><D134/><U135/><E32/><V50/><AGARI ba="0,1" hai="5,10,13,37,40,45,48,50,52,54,56,59,88,89" machi="50" ten="20,12000,2" yaku="1,1,2,1,0,1,7,1,9,1,54,2,53,0" doraHai="74" doraHaiUra="66" who="2" fromWho="2" sc="230,-30,250,-60,260,130,250,-30" /><INIT seed="2,0,0,1,3,87" ten="200,190,390,220" oya="2" hai0="48,19,53,58,32,44,8,119,135,57,112,55,71" hai1="89,16,60,28,108,116,120,13,17,107,66,100,124" hai2="46,93,15,75,12,130,105,45,62,22,70,106,101" hai3="118,94,34,40,78,76,128,126,125,88,27,38,21"/><V129/><F75/><W24/><G118/><T91/><D112/><U68/><E108/><V35/><F35/><W29/><G38/><T127/><D71/><U82/><E124/><N who="3" m="47722" /><G40/><T56/><D127/><U117/><E28/><V99/><F70/><W110/><G110/><T31/><D135/><U25/><E25/><V80/><F62/><W90/><G128/><N who="2" m="49257" /><F80/><W59/><G59/><T50/><D119/><U69/><E17/><N who="2" m="10535" /><F15/><W14/><G14/><T7/><D19/><U122/><E68/><V95/><F95/><W47/><G47/><AGARI ba="0,0" hai="45,46,47,93,99,101,105,106" m="10535,49257" machi="47" ten="30,1500,0" yaku="19,1" doraHai="87" who="2" fromWho="3" sc="200,0,190,0,390,15,220,-15" /><INIT seed="2,1,0,0,3,17" ten="200,190,405,205" oya="2" hai0="43,127,98,63,109,8,15,34,55,36,39,124,60" hai1="23,126,81,103,135,67,92,44,62,38,128,53,45" hai2="89,18,118,3,94,7,86,71,30,40,49,24,113" hai3="96,121,132,21,64,83,68,51,88,101,84,11,33"/><V42/><F113/><W119/><G33/><T82/><D109/><U10/><E10/><V31/><F118/><W16/><G119/><T61/><D34/><U122/><E38/><V66/><F71/><W97/><G121/><T104/><D55/><U27/><E128/><V12/><F3/><W134/><G11/><T90/><D82/><U70/><E135/><N who="3" m="51754" /><G51/><T48/><D48/><U69/><E81/><V46/><F66/><W57/><G68/><T129/><D129/><U14/><E53/><V52/><F7/><W32/><G32/><T9/><D9/><U131/><E70/><V56/><F24/><N who="3" m="14375" /><G101/><N who="0" m="62519" /><D90/><U35/><E35/><V6/><F6/><W78/><G78/><T50/><D50/><U93/><E103/><V58/><F58/><W28/><G28/><N who="2" m="10793" /><F56/><W19/><G19/><N who="0" m="8679" /><D43/><U26/><E131/><V123/><F123/><W59/><G59/><T110/><D110/><U87/><E122/><V106/><F106/><W76/><G76/><T54/><D54/><U116/><E116/><V13/><F18/><W1/><G1/><T74/><D74/><U22/><E69/><V72/><F72/><W125/><G125/><AGARI ba="1,0" hai="36,39,60,61,63,124,125,127" m="8679,62519" machi="125" ten="30,1000,0" yaku="18,1" doraHai="17" who="0" fromWho="3" sc="200,13,190,0,405,0,205,-13" /><INIT seed="3,0,0,0,2,64" ten="213,190,405,192" oya="3" hai0="17,115,38,97,75,58,125,0,88,60,67,73,63" hai1="62,27,91,113,127,24,49,25,112,95,89,20,93" hai2="59,117,15,41,123,26,79,4,10,68,57,103,65" hai3="119,85,72,7,81,90,53,114,36,132,128,105,19"/><W87/><G114/><T118/><D118/><U48/><E20/><V102/><F117/><W14/><G119/><T6/><D38/><U122/><E62/><V32/><F79/><W61/><G36/><T52/><D125/><U56/><E56/><V80/><F80/><W47/><G105/><T9/><D115/><U3/><E3/><V134/><F134/><W42/><G72/><T129/><D17/><U104/><E27/><V98/><F41/><W94/><G132/><T34/><D34/><U1/><E1/><V18/><F103/><W126/><G126/><T84/><D97/><U86/><E127/><V82/><F82/><W74/><G74/><T108/><D108/><U69/><E104/><V76/><F76/><N who="3" m="46247" /><G128/><T55/><D129/><U107/><E107/><V120/><F32/><W116/><G116/><T12/><D0/><U28/><E28/><V111/><F111/><W99/><G7/><T133/><D133/><U45/><E45/><V77/><F4/><W135/><G135/><T11/><D55/><U131/><E131/><V23/><F120/><W39/><G53/><T50/><D63/><U29/><E29/><V44/><F123/><W31/><G31/><T2/><D2/><U70/><E86/><V71/><F71/><W5/><G5/><T30/><D30/><U8/><E122/><V124/><F68/><W83/><G61/><T101/><D9/><AGARI ba="0,0" hai="8,9,24,25,48,49,69,70,89,91,93,95,112,113" machi="9" ten="25,6400,0" yaku="22,2,52,2" doraHai="64" who="1" fromWho="0" sc="213,-64,190,64,405,0,192,0" owari="149,-35.1,254,5.4,405,50.5,192,-20.8" /></mjloggm>