<mjloggm ver="2.3"><GO type="225" lobby="0"/><UN n0="%E3%82%82%E3%81%90%E3%82%89" n1="%E3%81%A9%E3%82%8F%E3%82%93%E3%81%94" n2="%E3%81%A1%E3%82%85%E3%81%86%E3%81%A9%E3%81%8F%E8%B1%A1%E3%81%95%E3%82%93" n3="%70%68%65%6E%6F%6D%65" dan="17,16,16,16" rate="2173.32,2159.26,2083.01,2148.29" sx="M,M,M,M"/><TAIKYOKU oya="0"/><INIT seed="0,0,0,0,3,16" ten="250,250,250,250" oya="0" hai0="61,2,36,12,89,101,69,120,11,3,90,98,15" hai1="74,42,68,118,13,95,125,64,105,72,113,132,62" hai2="35,46,94,33,116,99,86,50,7,117,130,48,17" hai3="56,23,83,30,110,10,123,79,37,124,77,22,25"/><T19/><D120/><U82/><E118/><N who="2" m="45675" /><F130/><W31/><G123/><T97/><D36/><U71/><E105/><V67/><F7/><W45/><G110/><T78/><D78/><U28/><E132/><V14/><F86/><W131/><G131/><T51/><D51/><N who="2" m="19498" /><F46/><W43/><G124/><T81/><D81/><U70/><E82/><V91/><F67/><W6/><G56/><T103/><D11/><AGARI ba="0,0" hai="11,14,17,33,35,91,94,99" m="19498,45675" machi="11" ten="30,1000,0" yaku="12,1" doraHai="16" who="2" fromWho="0" sc="250,-10,250,0,250,10,250,0" /><INIT seed="1,0,0,1,4,63" ten="240,250,260,250" oya="1" hai0="27,77,53,99,7,69,113,54,52,127,101,46,29" hai1="97,93,50,121,125,114,43,86,58,107,118,71,23" hai2="5,72,134,120,44,95,4,65,75,60,62,70,103" hai3="42,128,96,85,56,108,22,0,11,9,126,19,90"/><U112/><E121/><V6/><F120/><W12/><G108/><T15/><D113/><U18/><E118/><V31/><F134/><W34/><G126/><T104/><D127/><U57/><E71/><V20/><F44/><W37/><G128/><T132/><D132/><U110/><E107/><V122/><F60/><W48/><G37/><T68/><D77/><U102/><E125/><V41/><F41/><W13/><G34/><T105/><D105/><U115/><E110/><V83/><F122/><W130/><G130/><T2/><D2/><U36/><E36/><V131/><F131/><W45/><G0/><T28/><D46/><U106/><E43/><V3/><F3/><W67/><G96/><T81/><D81/><U32/><E32/><V61/><F61/><N who="3" m="38311" /><G13/><T91/><D91/><U66/><E66/><V89/><F103/><W47/><G47/><T59/><D59/><U49/><E58/><V94/><F75/><W33/><G33/><T88/><D88/><U135/><E57/><V133/><F133/><W16/><G19/><T79/><D79/><U116/><E116/><V109/><F109/><W1/><G1/><T40/><D40/><U21/><E135/><V55/><F55/><W10/><G10/><N who="0" m="4575" /><D28/><U51/><E18/><V100/><F100/><W92/><AGARI ba="0,0" hai="9,11,12,16,22,42,45,48,85,90,92" m="38311" machi="92" ten="30,4000,0" yaku="8,1,52,1,54,1" doraHai="63" who="3" fromWho="3" sc="240,-10,250,-20,260,-10,250,40" /><INIT seed="2,0,0,4,1,117" ten="230,230,250,290" oya="2" hai0="25,35,14,114,54,8,130,96,122,67,11,66,56" hai1="113,59,93,105,73,90,3,132,26,82,52,78,47" hai2="69,38,91,41,87,65,135,5,50,49,120,51,13" hai3="32,34,72,70,125,95,12,64,79,16,80,99,7"/><V75/><F75/><W46/><G125/><T106/><D114/><U97/><E132/><V36/><F135/><W107/><G107/><T108/><D130/><U27/><E113/><V28/><F28/><W110/><G110/><T83/><D108/><U43/><E3/><V48/><F120/><W134/><G134/><T111/><D111/><U33/><E33/><V62/><F48/><W55/><G7/><T133/><D122/><U94/><E94/><V126/><F126/><W86/><G72/><T129/><D129/><U84/><E47/><V116/><F116/><W30/><G30/><T118/><D118/><U109/><E43/><V124/><F124/><W77/><G77/><T15/><D83/><U81/><E109/><V112/><F112/><W4/><G4/><T85/><D85/><U101/><E82/><V57/><F69/><W115/><G64/><T123/><D25/><U21/><E21/><V31/><F31/><W9/><G70/><T19/><D35/><U88/><E90/><V29/><F29/><W40/><G55/><T127/><D123/><U23/><E23/><V76/><F76/><W10/><G9/><T17/><D133/><U1/><E1/><V37/><F41/><W121/><G115/><T131/><D131/><U44/><E44/><V103/><F103/><N who="3" m="60927" /><G121/><T60/><D127/><U71/><E71/><V22/><F5/><W63/><G63/><AGARI ba="0,0" hai="26,27,52,59,63,73,78,81,84,88,93,97,101,105" machi="63" ten="30,8000,1" yaku="7,1,24,2,54,2" doraHai="117" who="1" fromWho="3" sc="230,0,230,80,250,0,290,-80" /><INIT seed="3,0,0,3,1,102" ten="230,310,250,210" oya="3" hai0="129,48,7,66,107,105,46,30,4,110,60,83,93" hai1="96,91,65,54,118,90,40,5,47,59,80,70,79" hai2="98,3,31,75,125,109,23,56,9,8,99,22,78" hai3="115,41,127,73,82,19,18,74,34,113,11,122,135"/><W117/><G117/><T25/><D110/><U77/><E118/><V61/><F109/><W95/><G122/><T97/><D129/><U62/><E5/><V14/><F125/><W130/><G127/><T116/><D116/><U100/><E65/><V0/><F78/><W72/><G130/><T26/><D83/><U27/><E70/><V2/><F75/><W119/><G119/><T131/><D131/><U43/><E27/><V42/><F42/><N who="1" m="15913" /><E47/><V24/><F23/><W1/><G135/><T68/><D7/><U89/><E80/><V67/><REACH who="2" step="1"/><F8/><REACH who="2" ten="230,310,240,210" step="2"/><W16/><G34/><T29/><D30/><U17/><E77/><V108/><F108/><W123/><G123/><T33/><D29/><U69/><E79/><V15/><F15/><W81/><G41/><T92/><D33/><U128/><E128/><V84/><F84/><W12/><G1/><T76/><D76/><U36/><E36/><V101/><F101/><W104/><G104/><T120/><D105/><U85/><E85/><V51/><F51/><W114/><G95/><T20/><D93/><N who="1" m="58383" /><E69/><V86/><F86/><W21/><G21/><T132/><D107/><U111/><E111/><V106/><F106/><W39/><G39/><T6/><D120/><U87/><E87/><V57/><F57/><W58/><G58/><T35/><D26/><U28/><E28/><V37/><F37/><W112/><N who="3" m="28672" /><DORA hai="64" /><W10/><G10/><T38/><D38/><U13/><E13/><V63/><F63/><W45/><G45/><T126/><D35/><U52/><E62/><V103/><F103/><W55/><G55/><RYUUKYOKU ba="0,1" sc="230,-15,310,-15,240,15,210,15" hai2="0,2,3,9,14,22,24,31,56,61,67,98,99" hai3="11,12,16,18,19,72,73,74,81,82" /><INIT seed="3,1,1,0,4,94" ten="215,295,255,225" oya="3" hai0="71,27,37,53,91,127,40,66,46,59,119,122,48" hai1="84,17,83,49,34,62,124,118,56,95,20,55,7" hai2="39,92,75,45,97,15,86,120,117,130,111,67,131" hai3="68,88,31,0,82,109,28,4,80,79,51,98,5"/><W108/><G68/><T18/><D122/><U99/><E124/><V58/><F117/><W54/><G31/><T60/><D119/><U47/><E34/><V8/><F75/><W135/><G28/><T110/><D127/><U26/><E118/><V21/><F21/><W74/><G135/><T24/><D110/><N who="3" m="42601" /><G0/><T85/><REACH who="0" step="1"/><D18/><REACH who="0" ten="205,295,255,225" step="2"/><U129/><E129/><V76/><F111/><W14/><G14/><T70/><D70/><U125/><E125/><V38/><F120/><W105/><G105/><T77/><D77/><N who="1" m="46191" /><E7/><V104/><F104/><W115/><G115/><T42/><D42/><U13/><E26/><V10/><F130/><W128/><G128/><T103/><D103/><N who="1" m="60927" /><E62/><V29/><F131/><W57/><G80/><AGARI ba="1,2" hai="24,27,37,40,46,48,53,59,60,66,71,80,85,91" machi="80" ten="30,7700,0" yaku="1,1,7,1,24,2,53,0" doraHai="94" doraHaiUra="9" who="0" fromWho="3" sc="205,100,295,0,255,0,225,-80" owari="305,40.5,295,9.5,255,-14.5,145,-35.5" /></mjloggm>