<mjloggm ver="2.3"><GO type="225" lobby="0"/><UN n0="%E6%98%93%E5%88%A9%E8%96%A9%E4%BC%AF" n1="%E3%83%B4%E3%83%A0%EF%BC%99%E3%81%A6" n2="%E7%AB%8B%E8%8A%B1%E9%9F%BF" n3="%E6%B8%A9%E2%98%85%E6%83%85%E2%98%85%E6%8E%AA%E2%98%85%E7%BD%AE" dan="16,16,17,17" rate="2084.35,2117.75,2185.70,2152.58" sx="F,M,F,M"/><TAIKYOKU oya="0"/><INIT seed="0,0,0,3,0,38" ten="250,250,250,250" oya="0" hai0="44,105,37,14,39,122,88,21,29,66,127,30,43" hai1="7,106,20,89,126,47,82,119,123,56,57,117,51" hai2="15,113,81,8,134,41,109,69,13,91,48,104,125" hai3="67,85,62,50,101,124,102,58,114,59,92,49,45"/><T68/><D105/><U64/><E123/><V135/><F113/><W87/><G114/><T100/><D122/><U97/><E126/><V103/><F69/><W11/><G124/><T2/><D2/><U94/><E7/><V128/><F125/><W61/><G11/><T53/><D100/><U93/><E106/><V90/><F109/><W133/><G133/><N who="2" m="50697" /><F128/><W70/><G70/><T75/><D75/><U24/><E82/><V6/><F15/><W83/><G92/><T19/><D39/><U108/><E108/><V121/><F81/><W31/><G31/><T130/><D130/><U110/><E110/><V112/><F112/><W22/><G22/><T116/><D116/><U10/><E10/><V26/><F26/><W46/><G83/><T84/><D53/><U65/><E93/><V60/><F60/><W5/><REACH who="3" step="1"/><G5/><REACH who="3" ten="250,250,250,240" step="2"/><T74/><D127/><U9/><E9/><V120/><F120/><W115/><G115/><T32/><D32/><U55/><E117/><V23/><F23/><W77/><G77/><T28/><D74/><U3/><E119/><V111/><F111/><W78/><G78/><T80/><REACH who="0" step="1"/><D30/><REACH who="0" ten="240,250,250,240" step="2"/><N who="1" m="17671" /><E3/><V16/><F121/><W99/><G99/><T36/><D36/><U0/><E0/><V132/><F132/><W18/><G18/><T52/><D52/><U40/><E55/><V42/><F6/><W118/><G118/><T12/><D12/><U33/><E33/><V95/><F104/><W17/><G17/><T131/><D131/><U86/><E97/><V71/><F103/><W73/><G73/><T129/><D129/><U54/><E54/><RYUUKYOKU ba="0,2" sc="240,10,250,10,250,-30,240,10" hai0="14,19,21,28,29,37,43,44,66,68,80,84,88" hai1="40,47,51,56,57,64,65,86,89,94" hai3="45,46,49,50,58,59,61,62,67,85,87,101,102" /><INIT seed="0,1,2,3,2,115" ten="250,260,220,250" oya="0" hai0="126,26,122,68,60,75,57,41,2,6,62,123,7" hai1="94,20,4,79,95,64,48,59,127,5,117,107,44" hai2="91,35,49,17,99,11,61,33,101,43,105,25,133" hai3="42,103,24,77,104,34,131,85,27,70,134,65,86"/><T111/><D75/><U82/><E107/><V3/><F133/><W71/><G134/><T40/><D126/><U10/><E127/><V13/><F3/><W67/><G42/><T78/><D78/><U21/><E117/><V125/><F125/><W38/><G38/><T80/><D80/><U110/><E110/><V45/><F91/><W132/><G132/><T72/><D72/><U18/><E59/><V1/><F1/><W100/><G77/><T124/><D124/><U54/><E64/><V69/><REACH who="2" step="1"/><F25/><REACH who="2" ten="250,260,210,250" step="2"/><W87/><G131/><T128/><D2/><U121/><E121/><V63/><F63/><W46/><G103/><T53/><D128/><U50/><E79/><V83/><F83/><W76/><G27/><T15/><D26/><U92/><E82/><V106/><F106/><W97/><G76/><T112/><D62/><U84/><E94/><V19/><F19/><W29/><REACH who="3" step="1"/><G46/><REACH who="3" ten="250,260,210,240" step="2"/><T56/><D122/><U113/><E44/><V93/><F93/><W39/><G39/><T102/><D123/><U9/><E92/><V14/><F14/><W52/><G52/><T114/><D53/><U12/><E54/><V108/><F108/><W89/><G89/><T116/><D15/><U119/><E12/><V47/><F47/><W23/><G23/><T129/><D111/><U36/><E20/><V30/><F30/><W118/><G118/><T81/><D116/><U88/><E21/><V74/><F74/><W90/><G90/><T109/><D109/><U37/><E88/><V16/><F16/><W66/><AGARI ba="1,4" hai="24,29,34,65,66,67,70,71,85,86,87,97,100,104" machi="66" ten="30,2000,0" yaku="1,1,0,1,53,0" doraHai="115" doraHaiUra="130" who="3" fromWho="3" sc="250,-11,260,-6,210,-6,240,63" /><INIT seed="1,0,0,0,2,97" ten="239,254,204,303" oya="1" hai0="67,107,15,54,73,39,63,128,123,6,92,94,23" hai1="43,110,113,46,134,124,87,85,16,114,20,47,25" hai2="74,49,76,88,132,75,130,4,78,98,3,112,68" hai3="105,18,103,64,93,28,5,102,99,26,40,81,12"/><U9/><E124/><V19/><F68/><W95/><G5/><T11/><D107/><U84/><E134/><V125/><F49/><W96/><G40/><T111/><D73/><N who="2" m="27658" /><F19/><W44/><G44/><T8/><D39/><U2/><E110/><V79/><F4/><W37/><G37/><T17/><D128/><U71/><E71/><V7/><F7/><W91/><G105/><T61/><D123/><U56/><E46/><V65/><F65/><W108/><G108/><T52/><D111/><U69/><E69/><V35/><F35/><W48/><G48/><T60/><D67/><U135/><E135/><V106/><F3/><W83/><G91/><T62/><D11/><U41/><E41/><V119/><F132/><W53/><G53/><T118/><D118/><U58/><E2/><V86/><F119/><W30/><G64/><T57/><REACH who="0" step="1"/><D54/><REACH who="0" ten="229,254,204,303" step="2"/><U14/><E114/><V55/><F55/><W24/><G18/><T104/><D104/><U10/><E10/><V51/><F130/><W42/><G42/><T82/><D82/><U31/><REACH who="1" step="1"/><E113/><REACH who="1" ten="229,244,204,303" step="2"/><V66/><F112/><W129/><G129/><T126/><D126/><U80/><E80/><V133/><F125/><W34/><G83/><T101/><D101/><U32/><E32/><V0/><F133/><W127/><G81/><T121/><D121/><U77/><E77/><V36/><F79/><W70/><G127/><T50/><D50/><AGARI ba="0,2" hai="9,14,16,20,25,31,43,47,50,56,58,84,85,87" machi="50" ten="40,12000,1" yaku="1,1,8,1,54,1,53,1" doraHai="97" doraHaiUra="22" who="1" fromWho="0" sc="229,-120,244,140,204,0,303,0" /><INIT seed="1,1,0,5,4,45" ten="109,384,204,303" oya="1" hai0="107,8,126,54,127,123,117,7,112,116,23,87,91" hai1="57,30,133,97,39,88,51,114,80,22,120,130,21" hai2="122,19,37,17,103,76,42,99,5,43,73,31,102" hai3="58,67,14,125,4,135,27,41,124,9,40,131,105"/><U101/><E114/><V24/><F122/><W64/><G105/><T2/><D112/><U49/><E120/><V92/><F5/><W129/><G27/><T34/><D123/><U61/><E39/><V104/><F76/><W55/><G135/><T32/><D107/><U38/><E38/><V72/><F104/><W96/><G96/><T68/><D68/><U52/><E133/><V115/><F115/><W47/><G67/><T36/><D36/><U118/><E118/><V20/><F103/><W25/><G25/><T84/><D84/><N who="1" m="50183" /><E130/><N who="3" m="49674" /><G64/><T113/><D113/><U18/><E30/><V56/><F72/><W0/><G47/><T83/><D23/><N who="1" m="8715" /><E18/><V111/><F73/><W63/><G0/><T1/><D1/><U15/><E15/><V106/><F106/><W65/><G65/><T85/><D117/><U11/><E11/><V90/><F37/><W59/><G59/><T66/><D66/><U132/><E132/><V108/><F56/><W71/><G71/><T93/><D116/><U46/><E46/><V98/><F31/><W82/><G125/><T44/><D34/><U50/><E97/><V75/><F75/><W77/><G124/><T48/><REACH who="0" step="1"/><D32/><REACH who="0" ten="99,384,204,303" step="2"/><U119/><E119/><V74/><F74/><W28/><G28/><T53/><D53/><U109/><E109/><V69/><F69/><W35/><G35/><T70/><D70/><U60/><E101/><V100/><F111/><W16/><G55/><T13/><D13/><U86/><E86/><V3/><F108/><W110/><G110/><T81/><D81/><U62/><AGARI ba="1,1" hai="49,50,51,52,57,60,61,62" m="8715,50183" machi="62" ten="30,18000,2" yaku="8,1,52,3,54,2" doraHai="45" who="1" fromWho="1" sc="99,-61,384,193,204,-61,303,-61" /><INIT seed="1,2,0,5,1,69" ten="38,577,143,242" oya="1" hai0="71,59,70,99,78,45,110,90,112,19,122,133,30" hai1="114,82,46,56,50,47,79,57,109,61,94,97,44" hai2="42,37,76,33,9,89,55,58,73,86,1,100,125" hai3="27,63,84,130,5,117,124,8,74,108,22,34,25"/><U113/><E109/><V127/><F33/><W48/><G74/><T12/><D112/><U62/><E50/><V81/><F100/><W24/><G108/><T102/><D110/><U106/><E106/><V3/><F42/><W7/><G34/><T26/><D133/><U49/><E49/><V23/><F23/><W135/><G135/><T31/><D78/><U120/><E120/><V95/><F37/><W80/><G130/><T21/><D90/><U60/><E113/><V0/><REACH who="2" step="1"/><F9/><REACH who="2" ten="38,577,133,242" step="2"/><W123/><G8/><T4/><D122/><U72/><E114/><V87/><F87/><W54/><G22/><T105/><D21/><U32/><E32/><V98/><F98/><W41/><G41/><T107/><D99/><U18/><E97/><V20/><F20/><W119/><G123/><T28/><D102/><U101/><E101/><V128/><F128/><W13/><G84/><T11/><D26/><U93/><E72/><V39/><F39/><W36/><G36/><T115/><D115/><U126/><E126/><V64/><F64/><W121/><G27/><T134/><D134/><U17/><E61/><AGARI ba="2,1" hai="0,1,3,55,58,61,73,76,81,86,89,95,125,127" machi="61" ten="40,1300,0" yaku="1,1,53,0" doraHai="69" doraHaiUra="66" who="2" fromWho="1" sc="38,0,577,-19,133,29,242,0" /><INIT seed="2,0,0,5,5,26" ten="38,558,162,242" oya="2" hai0="101,54,67,76,133,108,49,45,24,23,107,88,102" hai1="5,78,47,33,41,72,29,40,28,56,53,39,116" hai2="122,109,73,103,34,135,80,93,85,11,64,91,105" hai3="20,119,10,83,37,48,12,71,32,44,6,42,43"/><V9/><F122/><W87/><G119/><T75/><D108/><U35/><E116/><V51/><F109/><W100/><G32/><T3/><D133/><U18/><E5/><V121/><F121/><W123/><G71/><T99/><D3/><U50/><E40/><V70/><F34/><W118/><G123/><T65/><D101/><U120/><E120/><V134/><F51/><W90/><G118/><T130/><D130/><U114/><E114/><V94/><F94/><W55/><G37/><T112/><D112/><U132/><E132/><N who="2" m="50731" /><F64/><W17/><G100/><T117/><D117/><U36/><E36/><V98/><F70/><W125/><REACH who="3" step="1"/><G125/><REACH who="3" ten="38,558,162,232" step="2"/><T84/><D75/><U0/><E33/><V111/><F111/><W21/><G21/><T63/><D63/><U31/><E35/><V25/><F73/><W110/><G110/><T129/><D129/><U4/><E39/><V59/><F105/><W92/><G92/><T46/><D46/><U15/><E47/><V127/><F127/><W115/><G115/><T106/><D106/><U82/><E72/><V27/><F59/><W14/><AGARI ba="0,1" hai="6,10,12,14,17,20,42,43,44,48,55,83,87,90" machi="14" ten="20,5200,0" yaku="1,1,0,1,7,1,8,1,53,0" doraHai="26" doraHaiUra="95" who="3" fromWho="3" sc="38,-13,558,-13,162,-26,232,62" /><INIT seed="3,0,0,1,2,8" ten="25,545,136,294" oya="3" hai0="125,69,46,130,36,118,110,38,85,77,133,99,44" hai1="17,134,92,117,113,105,15,0,91,73,88,47,104" hai2="26,111,66,7,62,52,102,49,20,74,11,53,101" hai3="95,41,109,5,64,123,128,55,24,16,45,72,121"/><W71/><G72/><T18/><D99/><U103/><E0/><V114/><F74/><W112/><G112/><T115/><D85/><U34/><E34/><V126/><F111/><W19/><G5/><T132/><D18/><U31/><E31/><V22/><F126/><W27/><G64/><T94/><D94/><U37/><E113/><V68/><F53/><W107/><G55/><T135/><D77/><U56/><E134/><V93/><F93/><W79/><G71/><T3/><D3/><U12/><E56/><V116/><F116/><W129/><G95/><T6/><D6/><U42/><E117/><V50/><F50/><W90/><G45/><T76/><D76/><U2/><E2/><V67/><F67/><W40/><G79/><T86/><D86/><U98/><E73/><V59/><F22/><W54/><G54/><T29/><D29/><U83/><E83/><V65/><F65/><W89/><REACH who="3" step="1"/><G107/><REACH who="3" ten="25,545,136,284" step="2"/><T4/><D4/><U9/><E104/><V23/><F114/><W10/><G10/><T32/><D115/><U75/><E105/><V127/><F52/><W100/><G100/><T78/><D78/><U14/><E75/><V30/><F101/><W1/><G1/><T58/><D118/><U28/><E103/><V97/><F66/><W119/><G119/><T124/><D69/><U43/><E47/><N who="0" m="17961" /><D110/><AGARI ba="0,1" hai="16,19,24,27,40,41,89,90,109,110,121,123,128,129" machi="110" ten="25,9600,0" yaku="1,1,22,2,54,1,53,0" doraHai="8" doraHaiUra="82" who="3" fromWho="0" sc="25,-96,545,0,136,0,284,106" owari="-71,-57.1,545,64.5,136,-26.4,390,19.0" /></mjloggm>