<mjloggm ver="2.3"><GO type="225" lobby="0"/><UN n0="%E3%81%A8%E3%82%89%E3%81%84%E3%81%A1" n1="%E6%A1%9C%E8%8A%B1%E9%96%83%E3%80%85" n2="%E3%81%8D%E3%82%83%E3%83%BC%E3%82%8D%E3%82%93" n3="%E3%82%A2%E3%83%A1%E3%82%A2%E3%83%A9%E3%83%AC" dan="16,16,16,16" rate="2146.20,2183.24,2141.04,2151.66" sx="M,M,M,M"/><TAIKYOKU oya="0"/><INIT seed="0,0,0,5,3,4" ten="250,250,250,250" oya="0" hai0="54,77,67,22,65,111,74,127,83,75,99,35,33" hai1="85,14,94,98,132,13,108,73,51,52,5,92,68" hai2="44,120,101,105,48,17,53,124,64,110,123,11,100" hai3="103,90,28,80,23,89,18,121,104,0,76,95,56"/><T45/><D127/><U126/><E73/><V71/><F124/><W38/><G121/><T57/><D75/><U63/><E126/><V119/><F110/><W34/><G38/><T82/><D111/><U30/><E108/><V66/><F119/><W62/><G0/><T49/><D83/><U27/><E132/><V25/><F71/><W107/><G103/><N who="2" m="39497" /><F105/><W8/><G34/><T69/><D99/><U37/><E37/><V1/><F1/><W3/><G28/><T43/><D22/><U79/><E63/><V131/><F131/><W12/><G104/><T55/><D55/><U24/><E68/><V61/><F120/><W72/><G107/><T58/><D58/><N who="1" m="33055" /><E13/><N who="2" m="7359" /><F123/><W59/><G62/><N who="0" m="40119" /><D67/><N who="2" m="25642" /><F25/><N who="1" m="9801" /><E30/><V15/><F15/><W134/><G134/><T128/><D128/><U91/><E79/><V97/><F61/><W6/><REACH who="3" step="1"/><G89/><REACH who="3" ten="250,250,250,240" step="2"/><T42/><D33/><U113/><E113/><V118/><F118/><W122/><G122/><T78/><D35/><U129/><E129/><V26/><F26/><W88/><G88/><T84/><D78/><U46/><E14/><V2/><F2/><W21/><G21/><T93/><D77/><U41/><E94/><V19/><F19/><W29/><G29/><T130/><D93/><U60/><E5/><V47/><F97/><AGARI ba="0,1" hai="3,6,8,12,18,23,56,59,72,76,80,90,95,97" machi="97" ten="30,3900,0" yaku="1,1,7,1,52,1,53,0" doraHai="4" doraHaiUra="96" who="3" fromWho="2" sc="250,0,250,0,250,-39,240,49" /><INIT seed="1,0,0,0,2,74" ten="250,250,211,289" oya="1" hai0="92,105,5,0,117,86,40,21,126,54,68,58,95" hai1="115,13,37,44,9,87,130,12,78,69,19,82,20" hai2="55,103,128,111,3,51,73,110,18,127,80,45,84" hai3="94,83,116,29,46,1,64,101,56,48,129,57,32"/><U88/><E115/><V15/><F3/><W81/><G129/><T63/><D105/><U118/><E118/><V106/><F128/><W99/><G1/><T16/><D117/><U10/><E69/><V107/><F73/><W124/><G124/><T49/><D126/><U42/><E130/><V30/><F30/><W38/><G38/><T133/><D133/><U108/><E108/><N who="2" m="41515" /><F103/><W60/><G116/><T4/><D0/><U8/><REACH who="1" step="1"/><E78/><REACH who="1" ten="250,240,211,289" step="2"/><N who="2" m="46103" /><F127/><W112/><G112/><T24/><D68/><U66/><E66/><V75/><F75/><W123/><G64/><T71/><D71/><U7/><AGARI ba="0,1" hai="7,8,9,10,12,13,19,20,37,42,44,82,87,88" machi="7" ten="20,7800,0" yaku="1,1,0,1,7,1,54,1,53,0" doraHai="74" doraHaiUra="52" who="1" fromWho="1" sc="250,-26,240,88,211,-26,289,-26" /><INIT seed="1,1,0,3,5,51" ten="224,328,185,263" oya="1" hai0="71,106,86,35,78,24,67,7,37,34,132,99,117" hai1="83,76,107,49,95,79,69,13,119,90,27,65,75" hai2="66,62,40,131,38,73,31,72,118,126,87,25,50" hai3="59,39,111,42,47,98,45,17,53,3,104,54,85"/><U26/><E119/><V19/><F118/><W121/><G3/><T110/><D117/><U58/><E107/><V20/><F38/><W129/><G121/><T100/><D110/><U84/><E69/><V128/><F126/><W48/><G111/><T23/><D37/><U63/><E79/><V29/><F87/><W70/><G70/><T123/><D123/><U115/><E115/><V61/><F40/><W112/><G112/><T80/><D132/><U28/><E28/><V81/><F50/><W33/><G33/><T22/><D7/><U60/><E60/><V0/><F0/><W5/><G5/><T10/><D10/><U56/><REACH who="1" step="1"/><E13/><REACH who="1" ten="224,318,185,263" step="2"/><V92/><F31/><W52/><G104/><T102/><D71/><U116/><E116/><V91/><F29/><W130/><G130/><N who="2" m="49705" /><F62/><W14/><G129/><T9/><D106/><U44/><E44/><V8/><F61/><W15/><G47/><T32/><D78/><U135/><E135/><V108/><F108/><W103/><G103/><T4/><D100/><U74/><E74/><V30/><F73/><W2/><G14/><T94/><D102/><U18/><E18/><V41/><F30/><W11/><G2/><T68/><D68/><U125/><E125/><V113/><F19/><W101/><G101/><N who="0" m="60663" /><D34/><U36/><E36/><V88/><F72/><W16/><G39/><T1/><D35/><U105/><E105/><V6/><F113/><W124/><G124/><T97/><D32/><U109/><E109/><V64/><F6/><W12/><G12/><T96/><D4/><U134/><E134/><V82/><F91/><RYUUKYOKU ba="1,1" sc="224,-10,318,30,185,-10,263,-10" hai1="26,27,49,56,58,63,65,75,76,83,84,90,95" /><INIT seed="1,2,1,3,5,122" ten="214,348,175,253" oya="1" hai0="17,90,64,94,6,24,38,9,129,21,10,50,31" hai1="121,73,45,44,81,120,53,4,113,84,118,41,55" hai2="72,36,49,102,23,43,62,67,134,18,0,124,117" hai3="128,132,48,26,93,87,74,56,29,126,51,27,125"/><U52/><E73/><V88/><F117/><W135/><G74/><T12/><D38/><U60/><E118/><V3/><F36/><W39/><G39/><T63/><D129/><U77/><E113/><V47/><F72/><W54/><G48/><T131/><D131/><U107/><E107/><V104/><F124/><N who="3" m="47723" /><G128/><T112/><D50/><U123/><E4/><V115/><F115/><W105/><G105/><T101/><D101/><U111/><E111/><V37/><F134/><N who="3" m="51243" /><G29/><T20/><D112/><U99/><E41/><V35/><F37/><W61/><G87/><T32/><D32/><U22/><E99/><V85/><F35/><W130/><G93/><T114/><D114/><U59/><REACH who="1" step="1"/><E22/><REACH who="1" ten="214,338,175,253" step="2"/><V28/><F104/><W96/><G96/><N who="0" m="57431" /><D6/><U65/><AGARI ba="2,2" hai="44,45,52,53,55,59,60,65,77,81,84,120,121,123" machi="65" ten="40,7800,0" yaku="1,1,0,1,54,1,53,0" doraHai="122" doraHaiUra="1" who="1" fromWho="1" sc="214,-28,338,104,175,-28,253,-28" /><INIT seed="1,3,0,0,2,122" ten="186,442,147,225" oya="1" hai0="98,16,121,63,4,87,79,58,82,7,39,30,13" hai1="78,102,36,128,100,114,112,117,35,124,77,42,21" hai2="27,31,107,134,132,24,130,41,101,18,73,62,32" hai3="75,119,95,22,51,111,3,106,76,61,110,126,38"/><U48/><E35/><V68/><F73/><W57/><G106/><T120/><D39/><U49/><E36/><V71/><F41/><W12/><G38/><T85/><D30/><U105/><E21/><V70/><F130/><W19/><G3/><T33/><D33/><U17/><E17/><V59/><F24/><W56/><G126/><T64/><D87/><U89/><E42/><V72/><F18/><W109/><G119/><T60/><D60/><U20/><E20/><V65/><F59/><W83/><G51/><T45/><D98/><U40/><E40/><V113/><F72/><W86/><G61/><T14/><D14/><U50/><E117/><V46/><F46/><W90/><AGARI ba="3,0" hai="12,19,22,56,57,75,76,83,86,90,95,109,110,111" machi="90" ten="40,8000,1" yaku="0,1,14,1,52,3" doraHai="122" who="3" fromWho="3" sc="186,-23,442,-43,147,-23,225,89" /><INIT seed="2,0,0,5,2,85" ten="163,399,124,314" oya="2" hai0="72,9,66,63,107,94,97,123,57,69,115,2,7" hai1="124,83,3,135,60,81,134,104,8,121,122,86,71" hai2="25,105,42,126,28,120,88,22,110,76,119,102,52" hai3="32,5,10,43,130,37,27,65,73,109,15,13,1"/><V80/><F119/><W128/><G73/><T4/><D123/><N who="1" m="47115" /><E104/><V30/><F120/><W125/><G65/><T53/><D115/><U31/><E31/><V44/><F126/><W12/><G43/><T51/><D4/><N who="1" m="1055" /><E124/><V35/><F110/><W0/><G37/><T11/><D11/><U92/><E92/><V38/><F105/><W17/><G125/><T68/><D72/><U132/><E86/><V54/><F102/><W129/><G0/><T29/><D29/><U18/><E18/><V14/><F14/><W82/><G82/><N who="1" m="31242" /><E60/><V127/><F127/><W90/><G90/><T49/><D107/><U20/><E20/><V101/><F101/><W55/><G55/><T6/><D6/><U41/><E41/><V118/><F118/><W98/><G98/><T95/><D95/><U33/><E71/><V59/><F88/><W131/><G131/><T103/><D68/><U117/><E117/><V67/><F30/><N who="3" m="19551" /><G109/><T62/><AGARI ba="0,0" hai="2,7,9,49,51,53,57,62,63,66,69,94,97,103" machi="62" ten="20,1500,0" yaku="0,1,7,1" doraHai="85" who="0" fromWho="0" sc="163,15,399,-4,124,-7,314,-4" /><INIT seed="3,0,0,1,1,122" ten="178,395,117,310" oya="3" hai0="17,27,128,37,96,103,115,64,5,26,50,88,24" hai1="99,40,112,20,63,80,8,41,71,130,123,30,106" hai2="104,59,55,76,15,78,74,134,92,22,118,44,66" hai3="129,94,113,33,69,23,60,13,10,101,29,52,21"/><W38/><G113/><T12/><D37/><U46/><E123/><V125/><F118/><W116/><G38/><T42/><D115/><U3/><E112/><V110/><F104/><W49/><G33/><T62/><D128/><U82/><E40/><V14/><F125/><W48/><G116/><T109/><D5/><U91/><E130/><V58/><F134/><W4/><G129/><T51/><D42/><U98/><E8/><V61/><F74/><W120/><G120/><T107/><D88/><U57/><E71/><V31/><F44/><W35/><G35/><T70/><REACH who="0" step="1"/><D109/><REACH who="0" ten="168,395,117,310" step="2"/><U47/><E91/><V19/><F110/><W117/><G117/><T36/><D36/><U65/><E20/><AGARI ba="0,1" hai="12,17,20,24,26,27,50,51,62,64,70,96,103,107" machi="20" ten="40,1300,0" yaku="1,1,53,0" doraHai="122" doraHaiUra="132" who="0" fromWho="1" sc="168,23,395,-13,117,0,310,0" owari="191,-20.9,382,48.2,117,-38.3,310,11.0" /></mjloggm>