<mjloggm ver="2.3"><GO type="225" lobby="0"/><UN n0="%E4%BF%BA%E3%81%A8%E5%A6%96%E5%A4%A2" n1="%33%74%72%65%65" n2="%E3%83%B4%E3%83%A0%EF%BC%99%E3%81%A6" n3="%E3%81%BF%E3%81%BF%E3%81%9A" dan="17,16,16,18" rate="2158.46,2116.22,2111.77,2252.82" sx="F,F,M,M"/><TAIKYOKU oya="0"/><INIT seed="0,0,0,1,1,45" ten="250,250,250,250" oya="0" hai0="126,104,72,31,79,54,123,88,29,129,76,15,82" hai1="30,127,18,7,119,57,83,11,28,70,3,41,44" hai2="25,95,4,96,86,69,93,91,64,33,46,103,80" hai3="117,128,120,32,130,81,38,13,134,67,8,0,61"/><T24/><D123/><U97/><E119/><V27/><F4/><W101/><G117/><T37/><D37/><U65/><E70/><V52/><F69/><W110/><G120/><T106/><D129/><N who="3" m="49769" /><G134/><T23/><D126/><U35/><E127/><V112/><F112/><W2/><G110/><T5/><D31/><U10/><E35/><V133/><F133/><W85/><G101/><T1/><D1/><U48/><E97/><V102/><F64/><W53/><G53/><T118/><D118/><U113/><E113/><V19/><F33/><W111/><G38/><T125/><D125/><U73/><E65/><V62/><F19/><N who="3" m="8615" /><G111/><T47/><D76/><U115/><E115/><V60/><F102/><W87/><G32/><T90/><D5/><U92/><E92/><V105/><F105/><W20/><G20/><T59/><D15/><U108/><E108/><V89/><F25/><W26/><G26/><T107/><REACH who="0" step="1"/><D47/><REACH who="0" ten="240,250,250,250" step="2"/><U84/><E44/><V9/><F27/><W116/><G116/><T12/><D12/><U40/><E3/><N who="3" m="1066" /><G81/><T16/><D16/><U114/><E83/><V99/><F9/><W98/><G98/><T109/><D109/><U135/><E18/><V39/><F39/><W94/><G87/><T14/><D14/><U22/><E84/><V17/><F17/><W34/><G85/><T121/><D121/><U51/><E10/><V132/><F132/><W124/><G124/><T42/><D42/><U75/><E11/><V36/><F36/><W43/><G43/><T131/><D131/><U49/><E41/><V122/><F122/><W63/><G34/><RYUUKYOKU ba="0,1" sc="240,15,250,-15,250,15,250,-15" hai0="23,24,29,54,59,72,79,82,88,90,104,106,107" hai2="46,52,60,62,80,86,89,91,93,95,96,99,103" /><INIT seed="0,1,1,1,1,60" ten="255,235,265,235" oya="0" hai0="87,64,65,14,57,91,127,103,133,76,115,11,34" hai1="99,111,105,125,25,46,22,114,134,123,28,16,18" hai2="118,71,38,97,93,47,101,58,68,26,32,39,27" hai3="52,110,126,5,10,54,24,36,66,17,2,45,4"/><T59/><D115/><U7/><E123/><V41/><F118/><W113/><G113/><T37/><D37/><U63/><E114/><V83/><F39/><W124/><G110/><T121/><D121/><U96/><E111/><V81/><F58/><N who="0" m="22026" /><D34/><U82/><E125/><N who="3" m="48234" /><G5/><N who="0" m="3439" /><D127/><U49/><E134/><V119/><F119/><W75/><G75/><T102/><D76/><U31/><E63/><V85/><F81/><W23/><G66/><N who="0" m="25707" /><D133/><U88/><E105/><V55/><F32/><W92/><G92/><AGARI ba="1,1" hai="87,91,92,102,103" m="25707,3439,22026" machi="92" ten="30,11600,0" yaku="8,1,52,3" doraHai="60" who="0" fromWho="3" sc="255,129,235,0,265,0,235,-119" /><INIT seed="0,2,0,0,4,83" ten="384,235,265,116" oya="0" hai0="77,45,53,124,8,40,97,115,122,12,3,46,44" hai1="90,7,91,39,50,54,9,78,75,89,22,51,107" hai2="60,79,13,49,95,73,25,61,125,66,84,109,103" hai3="11,0,20,135,67,28,72,104,101,65,108,113,70"/><T2/><D115/><U41/><E107/><V55/><F109/><W62/><G113/><T85/><D122/><U52/><E22/><V129/><F129/><W100/><G72/><T35/><D35/><U18/><E18/><V86/><F125/><W82/><G108/><T19/><D124/><U42/><E39/><V112/><F112/><W29/><G135/><T117/><D117/><U98/><E98/><N who="2" m="59871" /><F73/><W133/><G133/><T123/><D123/><U30/><E30/><V56/><F79/><W119/><G119/><T33/><D33/><U43/><E75/><V17/><F25/><W114/><G114/><T99/><D3/><U59/><E78/><V10/><F60/><W128/><G128/><T88/><D77/><U68/><E68/><V110/><F110/><W57/><G82/><N who="0" m="49207" /><D2/><U31/><E31/><V106/><F106/><W96/><G101/><T16/><D19/><U127/><E127/><V118/><F118/><W126/><G126/><T69/><D69/><U26/><E26/><V111/><F111/><W21/><G28/><T47/><D40/><U14/><REACH who="1" step="1"/><E42/><REACH who="1" ten="384,225,265,116" step="2"/><V34/><F34/><W80/><G29/><T6/><D6/><U71/><E71/><V1/><F1/><W38/><G38/><T4/><D4/><U132/><E132/><V130/><F130/><W76/><G0/><T63/><N who="0" m="11264" /><DORA hai="32" /><T81/><D81/><U102/><E102/><V74/><F74/><N who="3" m="43031" /><G70/><T121/><D121/><U58/><AGARI ba="2,1" hai="7,9,14,41,43,50,51,52,54,58,59,89,90,91" machi="58" ten="30,16000,3" yaku="1,1,0,1,9,1,8,1,54,1,53,5" doraHai="83,32" doraHaiUra="87,48" who="1" fromWho="1" sc="384,-82,225,176,265,-42,116,-42" /><INIT seed="1,0,0,2,1,115" ten="302,401,223,74" oya="1" hai0="124,95,21,13,91,1,70,82,26,72,97,106,94" hai1="69,36,12,127,135,59,42,99,0,53,37,5,29" hai2="22,63,102,30,17,76,126,33,46,85,66,134,87" hai3="73,125,123,114,122,2,133,104,86,40,67,92,77"/><U65/><E135/><V14/><F134/><W38/><G67/><T100/><D1/><U64/><E127/><V34/><F126/><W24/><G24/><T103/><D70/><U32/><E0/><V61/><F102/><W15/><G15/><T96/><D124/><U88/><E69/><V31/><F76/><W75/><G40/><T131/><D131/><U105/><E105/><V78/><F78/><W35/><G77/><N who="0" m="44327" /><D13/><U113/><E37/><V52/><F33/><W116/><G86/><N who="2" m="32777" /><F34/><W41/><G92/><N who="0" m="56351" /><D21/><U93/><E113/><V16/><F17/><W83/><G41/><T108/><D26/><U28/><E32/><V18/><F18/><W44/><G83/><T79/><D108/><U55/><E42/><V119/><F119/><W90/><G44/><T110/><D110/><U48/><E36/><V68/><F68/><W112/><G90/><T39/><D39/><U23/><E23/><V51/><F66/><W43/><G43/><T8/><D8/><N who="1" m="4111" /><E64/><V60/><AGARI ba="0,0" hai="14,16,22,30,31,46,51,52,60,61,63" m="32777" machi="60" ten="30,4000,0" yaku="8,1,54,2" doraHai="115" who="2" fromWho="2" sc="302,-10,401,-20,223,40,74,-10" /><INIT seed="2,0,0,4,0,133" ten="292,381,263,64" oya="2" hai0="25,44,8,38,134,131,21,122,118,79,124,9,96" hai1="94,55,59,40,63,128,16,105,67,120,71,109,116" hai2="53,123,66,26,107,70,22,51,52,119,14,7,73" hai3="45,27,6,57,76,46,81,18,84,99,23,39,13"/><V34/><F119/><W41/><G57/><T33/><D122/><U90/><E116/><V77/><F123/><W102/><G39/><T98/><D118/><U30/><E105/><V24/><F107/><W20/><G41/><T78/><D33/><U0/><E120/><V130/><F130/><W121/><G121/><T91/><D131/><U93/><E0/><V110/><F110/><W127/><G127/><T15/><D124/><U37/><E128/><V72/><F34/><W89/><G76/><T83/><D134/><U104/><E104/><V54/><F51/><W106/><REACH who="3" step="1"/><G6/><REACH who="3" ten="292,381,263,54" step="2"/><T112/><D78/><U2/><E40/><V74/><F77/><W49/><G49/><T31/><D79/><U1/><E59/><V68/><F68/><W87/><G87/><T12/><D38/><U50/><E37/><V17/><REACH who="2" step="1"/><F7/><REACH who="2" ten="292,381,253,54" step="2"/><W4/><G4/><T61/><D112/><U32/><E50/><V65/><F65/><W75/><G75/><T103/><D61/><AGARI ba="0,2" hai="14,17,22,24,26,52,53,54,61,66,70,72,73,74" machi="61" ten="50,4800,0" yaku="1,1,54,1,53,0" doraHai="133" doraHaiUra="80" who="2" fromWho="0" sc="292,-48,381,0,253,68,54,0" /><INIT seed="2,1,0,3,3,59" ten="244,381,321,54" oya="2" hai0="61,64,109,134,93,66,37,124,6,88,126,108,31" hai1="36,27,51,52,103,14,72,62,125,38,78,68,34" hai2="54,12,9,46,94,45,87,121,123,0,83,49,24" hai3="114,33,96,67,133,35,90,53,63,28,132,18,47"/><V5/><F94/><N who="3" m="56407" /><G28/><T113/><D113/><U56/><E125/><N who="0" m="48233" /><D37/><U32/><E103/><V57/><F0/><W107/><G107/><T120/><D120/><U80/><E14/><V60/><F24/><W118/><G118/><T106/><D106/><U122/><E122/><V85/><F46/><W15/><G53/><T97/><D134/><N who="3" m="51817" /><G47/><T135/><D135/><U129/><E129/><V102/><F102/><W50/><G50/><T26/><D6/><U7/><E7/><V111/><F111/><N who="0" m="42570" /><D61/><U1/><E36/><V100/><F100/><W58/><G114/><T22/><AGARI ba="1,0" hai="22,26,31,64,66,88,93,97" m="42570,48233" machi="22" ten="30,4000,0" yaku="18,1,14,1,54,1" doraHai="59" who="0" fromWho="0" sc="244,43,381,-11,321,-21,54,-11" /><INIT seed="3,0,0,1,0,7" ten="287,370,300,43" oya="3" hai0="126,134,98,93,97,44,60,96,109,41,118,33,39" hai1="24,105,49,43,102,95,104,50,107,90,110,22,127" hai2="20,65,62,86,15,34,116,32,100,4,57,35,40" hai3="30,17,115,51,135,88,106,31,132,6,112,120,74"/><W123/><G106/><T3/><D118/><U91/><E110/><V122/><F116/><W133/><G74/><T13/><D109/><U75/><E75/><V73/><F73/><W113/><G51/><T71/><D3/><U70/><E70/><V101/><F122/><N who="3" m="46635" /><G88/><T0/><D0/><U83/><E127/><V56/><F40/><W28/><G6/><T8/><D33/><U121/><E121/><V108/><F108/><W82/><G17/><T2/><D2/><U131/><E131/><V77/><F56/><W61/><G61/><T48/><D126/><U38/><E38/><V125/><F125/><W85/><G85/><T59/><D134/><U54/><E49/><V25/><F86/><W27/><G82/><T63/><D71/><U36/><E83/><V92/><F92/><W66/><G66/><T84/><D39/><U72/><E72/><V10/><REACH who="2" step="1"/><F77/><REACH who="2" ten="287,370,290,43" step="2"/><W46/><G46/><T1/><D1/><U94/><E95/><V5/><F5/><W81/><G81/><T67/><D60/><U80/><E94/><V103/><F103/><W76/><G76/><T47/><D47/><U117/><E105/><V19/><AGARI ba="0,1" hai="4,10,15,19,20,25,32,34,35,57,62,65,100,101" machi="19" ten="30,4000,0" yaku="1,1,0,1,52,1,53,0" doraHai="7" doraHaiUra="26" who="2" fromWho="2" sc="287,-10,370,-10,290,50,43,-20" owari="277,-12.3,360,46.0,340,14.0,23,-47.7" /></mjloggm>