<mjloggm ver="2.3"><GO type="225" lobby="0"/><UN n0="%72%65%6E%6B%75%6E" n1="%E3%81%BF%E3%81%BF%E3%81%9A" n2="%E6%9D%B1%E9%A2%A8%E3%81%AE%E3%81%8D%E3%82%83%E3%81%B7%E3%81%95%E3%82%93" n3="%E6%B8%A9%E2%98%85%E6%83%85%E2%98%85%E6%8E%AA%E2%98%85%E7%BD%AE" dan="17,17,17,18" rate="2214.51,2258.72,2248.89,2254.25" sx="M,M,M,M"/><TAIKYOKU oya="0"/><INIT seed="0,0,0,0,3,9" ten="250,250,250,250" oya="0" hai0="12,7,104,93,57,112,25,81,114,38,56,72,135" hai1="21,1,134,133,95,80,43,18,6,76,99,31,39" hai2="77,90,20,49,75,119,91,26,132,44,78,5,11" hai3="33,84,62,2,17,86,113,67,58,71,32,59,116"/><T103/><D38/><U97/><E31/><V89/><F132/><N who="1" m="50793" /><E6/><V106/><F106/><W37/><G113/><T79/><D104/><U117/><E1/><V124/><F124/><W87/><G116/><T121/><D121/><U127/><E127/><V47/><F119/><W30/><G37/><T24/><D135/><U115/><E117/><V29/><F75/><W10/><G30/><T48/><D114/><U122/><E122/><V40/><REACH who="2" step="1"/><F44/><REACH who="2" ten="250,250,240,250" step="2"/><W68/><G68/><T100/><D112/><U64/><E115/><V35/><F35/><W123/><G123/><T69/><D69/><U70/><E39/><V45/><F45/><W23/><G33/><T50/><D57/><U85/><E43/><V88/><N who="2" m="22528" /><DORA hai="54" /><V34/><F34/><W129/><G32/><T14/><D56/><U126/><E126/><V83/><F83/><W102/><G59/><T96/><D103/><U63/><E95/><V60/><F60/><W130/><G102/><T98/><D98/><U4/><E99/><V41/><F41/><W52/><G71/><T27/><REACH who="0" step="1"/><D7/><REACH who="0" ten="240,250,240,250" step="2"/><U19/><E97/><V53/><F53/><W105/><G105/><T13/><AGARI ba="0,2" hai="12,13,14,24,25,27,48,50,72,79,81,93,96,100" machi="13" ten="30,18000,2" yaku="1,1,2,1,0,1,52,3,53,0" doraHai="9,54" doraHaiUra="109,108" who="0" fromWho="0" sc="240,200,250,-60,240,-60,250,-60" /><INIT seed="0,1,0,4,5,69" ten="440,190,180,190" oya="0" hai0="61,50,123,56,29,125,63,10,34,77,126,20,92" hai1="52,96,106,42,16,22,49,113,112,76,33,11,115" hai2="2,75,130,59,102,71,111,43,80,97,119,30,15" hai3="73,36,6,28,124,60,133,89,19,37,5,7,120"/><T68/><D123/><U134/><E33/><V54/><F71/><W51/><G73/><T4/><D34/><U45/><E134/><V90/><F2/><W64/><G133/><T99/><D77/><U17/><E76/><V1/><F1/><W131/><G28/><T135/><D135/><U27/><E106/><V104/><F30/><W105/><G105/><T117/><D68/><U82/><E96/><V39/><F15/><W12/><G120/><T46/><D29/><U32/><E82/><V87/><F130/><W122/><G122/><T8/><D20/><U21/><E11/><N who="0" m="4137" /><D56/><U14/><E32/><V118/><F75/><W110/><G131/><T79/><D79/><U70/><E70/><V67/><F67/><W103/><G64/><T129/><D4/><U31/><E31/><V72/><F72/><W3/><G7/><T114/><D114/><U35/><E35/><V23/><F23/><W65/><G6/><T107/><D107/><U74/><E74/><V93/><F104/><W41/><G5/><T101/><D117/><N who="2" m="44554" /><F111/><W25/><G110/><T116/><D116/><U53/><AGARI ba="1,0" hai="14,16,17,21,22,27,42,45,49,52,53,112,113,115" machi="53" ten="40,8000,1" yaku="0,1,11,1,54,2" doraHai="69" who="1" fromWho="1" sc="440,-41,190,83,180,-21,190,-21" /><INIT seed="1,0,0,0,4,94" ten="399,273,159,169" oya="1" hai0="15,29,66,21,72,50,128,52,98,33,122,16,22" hai1="8,40,47,95,71,85,74,108,116,1,101,17,124" hai2="133,83,117,25,45,82,53,73,69,35,109,39,91" hai3="2,57,58,115,113,62,27,38,96,26,13,5,105"/><U30/><E116/><V106/><F109/><W119/><G2/><T110/><D72/><U84/><E74/><V0/><F133/><W51/><G38/><T87/><D110/><U43/><E108/><V125/><F117/><W23/><G119/><T129/><D122/><U54/><E71/><V3/><F106/><W41/><G105/><T123/><D123/><U80/><E124/><V121/><F69/><W75/><G75/><T102/><D87/><U18/><E30/><V132/><F132/><W89/><G115/><T37/><D37/><U34/><E34/><V32/><F32/><W134/><G113/><T92/><D66/><U97/><E1/><V28/><F125/><W14/><G134/><T12/><D33/><U56/><E47/><V67/><F121/><W36/><G36/><T103/><D103/><U114/><E85/><V44/><F39/><W68/><G5/><T135/><D135/><U100/><E101/><V19/><F73/><W20/><G68/><T70/><D70/><U64/><E64/><V81/><F67/><N who="3" m="39375" /><G58/><T63/><D63/><N who="1" m="36247" /><E114/><V6/><F0/><W42/><G51/><T90/><D102/><U59/><E59/><V88/><F3/><W9/><G42/><N who="1" m="15914" /><E8/><V120/><F120/><W112/><G41/><T24/><REACH who="0" step="1"/><D15/><REACH who="0" ten="389,273,159,169" step="2"/><U11/><E11/><V99/><F35/><W55/><G14/><T104/><D104/><U77/><AGARI ba="0,1" hai="17,18,77,80,84,95,97,100" m="15914,36247" machi="77" ten="30,3000,0" yaku="8,1,52,1" doraHai="94" who="1" fromWho="1" sc="389,-10,273,40,159,-10,169,-10" /><INIT seed="1,1,0,0,1,67" ten="379,313,149,159" oya="1" hai0="90,44,7,89,65,68,107,104,15,10,122,126,39" hai1="20,118,119,85,72,69,80,1,99,28,30,115,29" hai2="62,51,77,94,102,129,11,70,34,59,133,76,105" hai3="9,84,73,2,14,82,3,5,53,74,106,75,18"/><U135/><E115/><V127/><F34/><W8/><G106/><T42/><D126/><U88/><E1/><V27/><F105/><W114/><G114/><T95/><D122/><U117/><E135/><V31/><F70/><W48/><G3/><T103/><D103/><U57/><E69/><V71/><F71/><W130/><G130/><T93/><D93/><U46/><E57/><V132/><F127/><W134/><G134/><N who="2" m="51817" /><F51/><W43/><G43/><T55/><D55/><U120/><E120/><V54/><F11/><W36/><G36/><T110/><D90/><U83/><E99/><N who="2" m="59767" /><F129/><W111/><G111/><T56/><D56/><U128/><E128/><V13/><F13/><W49/><REACH who="3" step="1"/><G53/><REACH who="3" ten="379,313,149,149" step="2"/><T131/><D110/><U16/><E118/><V45/><F45/><W124/><G124/><T35/><D131/><U22/><E46/><V25/><F31/><W41/><G41/><T92/><D107/><U81/><E117/><V78/><AGARI ba="1,1" hai="25,27,54,59,62,76,77,78" m="59767,51817" machi="78" ten="30,1100,0" yaku="20,1" doraHai="67" who="2" fromWho="2" sc="379,-4,313,-6,149,24,149,-4" /><INIT seed="2,0,0,2,5,117" ten="375,307,173,145" oya="2" hai0="110,58,98,23,124,102,52,96,113,43,47,95,115" hai1="28,72,94,101,7,133,73,75,45,109,17,77,118" hai2="67,14,104,125,16,85,12,123,60,122,97,0,8" hai3="62,105,130,4,34,61,66,35,68,63,53,78,27"/><V59/><F0/><W71/><G130/><T127/><D110/><U6/><E118/><V54/><F125/><N who="0" m="48202" /><D23/><U39/><E28/><V3/><F3/><W2/><G105/><T1/><D1/><U76/><E17/><V19/><F85/><W56/><G78/><T22/><D22/><U106/><E109/><V135/><F135/><W44/><G44/><T90/><D47/><U100/><E133/><V107/><F67/><W20/><G71/><T49/><D43/><U108/><E108/><V116/><F116/><W83/><G63/><T120/><D120/><U48/><E39/><V25/><F25/><W29/><REACH who="3" step="1"/><G83/><REACH who="3" ten="375,307,173,135" step="2"/><T92/><AGARI ba="0,1" hai="49,52,58,90,92,95,96,98,102,113,115" m="48202" machi="92" ten="30,2000,0" yaku="18,1,54,1" doraHai="117" who="0" fromWho="0" sc="375,30,307,-5,173,-10,135,-5" /><INIT seed="3,0,0,2,2,14" ten="405,302,163,130" oya="3" hai0="87,49,102,25,112,5,133,99,82,134,75,132,108" hai1="62,85,6,42,2,36,128,118,32,8,54,113,116" hai2="15,66,34,76,50,19,91,126,101,111,21,98,27" hai3="58,11,0,81,125,63,24,88,78,94,122,59,69"/><W10/><G122/><T96/><D108/><U13/><E113/><V16/><F126/><W9/><G125/><T80/><D112/><U64/><E32/><V90/><F111/><W52/><G69/><T12/><D75/><U18/><E54/><V23/><F34/><W28/><G0/><T7/><D25/><U61/><E128/><V109/><F109/><W39/><G39/><T127/><D127/><U31/><E31/><V121/><F121/><W37/><G37/><T38/><D38/><U68/><E85/><V41/><F76/><W124/><G124/><T135/><D135/><U40/><E62/><V83/><F66/><W26/><G59/><T97/><D102/><U123/><E123/><V30/><F30/><W55/><G55/><T89/><D49/><U86/><E86/><V107/><REACH who="2" step="1"/><F83/><REACH who="2" ten="405,302,153,130" step="2"/><N who="0" m="31786" /><D12/><U71/><E68/><V74/><F74/><W105/><G105/><T84/><D84/><U103/><E71/><V4/><F4/><W29/><G29/><T115/><D115/><U57/><E6/><V92/><F92/><AGARI ba="0,1" hai="5,7,87,89,92,96,97,99,132,133,134" m="31786" machi="92" ten="40,1300,0" yaku="20,1" doraHai="14" who="0" fromWho="2" sc="405,23,302,0,153,-13,130,0" owari="428,52.8,302,10.2,140,-26.0,130,-37.0" /></mjloggm>