<mjloggm ver="2.3"><GO type="225" lobby="0"/><UN n0="%E3%81%8F%E3%82%89%E3%81%92%E3%81%AD%E3%81%93" n1="%E3%81%99%E3%81%84%E3%81%BE%E3%81%9B%E3%83%BC%E3%82%93" n2="%E3%83%AD%E3%83%83%E3%83%86%E9%9B%80%E7%90%83" n3="%E3%81%AF%E3%82%88%E3%81%8A%E3%81%98%E3%81%95%E3%82%93" dan="16,16,17,16" rate="2084.54,2136.47,2115.71,2131.58" sx="M,M,M,M"/><TAIKYOKU oya="0"/><INIT seed="0,0,0,0,3,53" ten="250,250,250,250" oya="0" hai0="113,58,59,130,101,10,43,1,20,6,131,61,111" hai1="77,66,119,107,106,24,54,104,117,91,128,12,74" hai2="46,98,67,35,23,52,92,14,122,82,133,115,76" hai3="60,84,0,109,88,38,97,73,123,78,41,90,18"/><T62/><D113/><U11/><E128/><N who="0" m="49193" /><D43/><U47/><E66/><V72/><F133/><W110/><G0/><T29/><D111/><N who="3" m="42505" /><G123/><T64/><D101/><U19/><E91/><V96/><F35/><W17/><G73/><T134/><D134/><U121/><E121/><V120/><F67/><W34/><G34/><T93/><D93/><U33/><E33/><V36/><F36/><W30/><G30/><T70/><D62/><U9/><E107/><V2/><F98/><W83/><G60/><T4/><D4/><U56/><E119/><V27/><F14/><W49/><G38/><T85/><D85/><U25/><E74/><V57/><F46/><N who="3" m="25807" /><G90/><T7/><D7/><U129/><E117/><V26/><F2/><W21/><G21/><T124/><D124/><U87/><E129/><V63/><F27/><AGARI ba="0,0" hai="1,6,10,20,27,29,58,59,61,64,70" m="49193" machi="27" ten="30,5800,0" yaku="19,1,52,2" doraHai="53" who="0" fromWho="2" sc="250,58,250,0,250,-58,250,0" /><INIT seed="0,1,0,3,1,6" ten="308,250,192,250" oya="0" hai0="20,65,76,4,88,68,48,55,40,132,120,24,27" hai1="52,30,8,84,58,109,69,106,17,61,35,73,100" hai2="101,49,50,10,9,0,72,94,124,123,74,12,18" hai3="66,75,104,110,99,34,16,108,59,39,105,37,57"/><T131/><D120/><U113/><E73/><V121/><F124/><W53/><G75/><T60/><D132/><U89/><E109/><N who="3" m="42090" /><G34/><T126/><D131/><U80/><E113/><V81/><F101/><N who="3" m="62527" /><G105/><T70/><D76/><U133/><E133/><V31/><F31/><W103/><G103/><T43/><D27/><U71/><E30/><V125/><F94/><W26/><G66/><T95/><D4/><U92/><E35/><V7/><F125/><W3/><G3/><T47/><D70/><U14/><REACH who="1" step="1"/><E106/><REACH who="1" ten="308,240,192,250" step="2"/><V33/><F33/><W51/><G59/><T83/><D126/><U77/><E77/><V42/><F74/><W93/><G93/><T13/><D95/><U29/><E29/><V118/><F118/><W96/><G96/><AGARI ba="1,1" hai="8,14,17,52,58,61,69,71,80,84,89,92,96,100" machi="96" ten="40,8000,1" yaku="1,1,52,1,54,1,53,2" doraHai="6" doraHaiUra="64" who="1" fromWho="3" sc="308,0,240,93,192,0,250,-83" /><INIT seed="1,0,0,0,4,129" ten="308,333,192,167" oya="1" hai0="83,16,65,123,60,4,68,85,124,33,49,10,54" hai1="23,119,25,135,58,37,69,128,100,46,22,36,113" hai2="90,19,26,44,125,67,86,35,29,17,62,51,52" hai3="84,8,47,81,57,72,99,13,92,43,64,11,59"/><U126/><E69/><V56/><REACH who="2" step="1"/><F125/><REACH who="2" ten="308,333,182,167" step="2"/><W91/><G72/><T15/><D124/><U122/><E126/><V48/><F48/><N who="3" m="26751" /><G64/><T14/><D123/><U118/><E122/><V66/><F66/><W105/><G105/><T70/><D70/><U95/><E37/><V3/><F3/><W18/><G11/><T132/><D68/><U80/><E36/><V78/><F78/><AGARI ba="0,1" hai="8,13,18,57,59,78,81,84,91,92,99" m="26751" machi="78" ten="30,1000,0" yaku="8,1" doraHai="129" who="3" fromWho="2" sc="308,0,333,0,182,-10,167,20" /><INIT seed="2,0,0,5,2,115" ten="308,333,172,187" oya="2" hai0="12,103,50,35,19,57,80,77,64,102,121,21,22" hai1="86,110,40,127,52,109,37,6,30,24,72,81,128" hai2="124,17,9,99,125,117,87,4,44,104,59,65,75" hai3="38,113,106,47,58,119,118,10,85,123,16,14,13"/><V26/><F75/><W29/><G123/><T3/><D121/><U83/><E127/><N who="2" m="48715" /><F87/><W82/><G106/><T60/><D35/><U90/><E128/><V32/><F44/><W49/><G113/><T108/><D108/><N who="1" m="41579" /><E6/><V78/><F78/><W120/><G120/><T28/><D3/><U132/><E132/><V73/><F73/><W105/><G105/><T76/><D50/><U5/><E5/><V15/><F65/><W7/><G29/><T96/><D96/><U43/><E37/><V129/><F59/><W126/><G38/><T42/><D42/><U97/><E97/><V31/><F129/><W46/><G126/><T135/><D135/><U66/><E66/><V33/><F4/><W20/><G58/><T34/><D77/><N who="1" m="44199" /><E52/><V55/><F55/><W36/><G36/><T62/><D64/><U92/><E83/><V54/><F54/><W98/><G98/><T18/><D80/><U53/><E53/><V71/><F71/><W79/><G47/><T70/><D76/><U68/><E68/><V112/><F112/><W56/><G56/><T88/><D70/><U116/><E116/><V89/><F117/><W91/><G79/><T134/><D57/><U130/><E130/><V111/><F111/><W84/><G85/><T69/><D69/><U0/><E0/><V23/><F104/><W11/><G10/><T107/><D107/><U95/><E86/><V94/><AGARI ba="0,0" hai="9,15,17,23,26,31,32,33,89,94,99" m="48715" machi="94" ten="30,1500,0" yaku="18,1" doraHai="115" who="2" fromWho="2" sc="308,-5,333,-5,172,15,187,-5" /><INIT seed="2,1,0,3,2,115" ten="303,328,187,182" oya="2" hai0="22,120,41,72,81,99,59,131,108,29,107,78,62" hai1="118,14,109,30,69,132,8,4,74,25,124,128,79" hai2="32,34,87,114,92,96,19,116,55,117,121,134,20" hai3="54,89,84,61,113,48,102,11,12,119,85,49,60"/><V64/><F114/><W104/><G113/><T97/><D120/><U71/><E118/><N who="2" m="45675" /><F64/><W36/><G36/><T76/><D107/><U91/><E91/><N who="2" m="55327" /><F87/><W46/><G119/><T103/><D41/><U125/><E69/><V44/><F44/><N who="3" m="27911" /><G104/><T33/><D33/><U112/><E71/><V77/><F77/><W53/><G102/><T24/><D78/><U10/><E112/><V86/><F86/><N who="3" m="33387" /><G89/><T17/><D103/><U38/><E38/><V70/><F70/><W7/><AGARI ba="1,0" hai="7,11,12,46,49,53,60,61" m="33387,27911" machi="7" ten="30,1100,0" yaku="8,1" doraHai="115" who="3" fromWho="3" sc="303,-4,328,-4,187,-6,182,14" /><INIT seed="3,0,0,4,5,0" ten="299,324,181,196" oya="3" hai0="9,122,22,31,26,78,113,84,86,23,126,49,54" hai1="87,115,7,135,75,50,28,129,79,70,33,34,90" hai2="25,118,36,20,6,117,104,40,100,106,110,44,66" hai3="52,116,93,48,29,19,2,132,83,35,76,1,121"/><W30/><G121/><T92/><D126/><U15/><E115/><V88/><F110/><W94/><G116/><T95/><D122/><U53/><E28/><N who="3" m="10858" /><G1/><T71/><D71/><U119/><E70/><V89/><F66/><W43/><G2/><T60/><D23/><U59/><E34/><V81/><F6/><W109/><G35/><T120/><D113/><U58/><E33/><V24/><F24/><W111/><G43/><T13/><D60/><U27/><E27/><V55/><F55/><W105/><G105/><T42/><D42/><U125/><E125/><V85/><F89/><W108/><G132/><T112/><D112/><U91/><E135/><V46/><F46/><N who="3" m="27671" /><G19/><T38/><D38/><U68/><E68/><V73/><F73/><AGARI ba="0,0" hai="73,76,83,93,94,108,109,111" m="27671,10858" machi="73" ten="30,5800,0" yaku="14,1,10,1,54,1" doraHai="0" who="3" fromWho="2" sc="299,0,324,0,181,-58,196,58" /><INIT seed="3,1,0,0,4,117" ten="299,324,123,254" oya="3" hai0="83,46,33,79,99,34,22,43,29,51,13,42,133" hai1="12,94,30,87,9,11,55,124,5,102,95,52,24" hai2="84,56,32,6,91,67,64,132,107,36,125,90,8" hai3="45,101,92,3,61,129,49,28,109,18,72,63,105"/><W47/><G72/><T7/><D133/><U108/><E108/><V122/><F36/><W10/><G105/><T31/><D43/><U39/><E39/><V16/><F32/><W53/><G129/><T89/><D33/><U86/><E124/><V14/><F125/><W23/><G109/><T111/><D34/><U121/><E121/><V0/><F132/><W59/><G3/><T135/><D111/><U65/><E65/><V126/><F107/><W27/><G101/><T97/><D135/><U19/><E30/><N who="0" m="11273" /><D79/><U54/><E24/><V60/><F126/><W110/><G110/><T127/><D127/><U1/><E95/><V134/><F134/><W115/><G115/><T100/><D100/><U38/><E38/><V21/><F67/><W68/><G92/><T50/><D50/><U20/><E20/><V104/><F104/><W70/><G70/><T113/><D113/><U88/><E102/><V40/><F40/><W71/><G71/><T78/><D78/><U57/><E87/><V17/><F17/><W81/><G81/><T120/><D120/><U103/><E103/><V98/><F98/><W62/><G68/><T119/><D119/><U75/><E75/><V123/><REACH who="2" step="1"/><F91/><REACH who="2" ten="299,324,113,254" step="2"/><W74/><G18/><N who="0" m="10575" /><D7/><U80/><E94/><AGARI ba="1,1" hai="0,6,8,14,16,21,56,60,64,84,90,94,122,123" machi="94" ten="40,8000,1" yaku="1,1,52,2,54,1,53,1" doraHai="117" doraHaiUra="85" who="2" fromWho="1" sc="299,0,324,-83,113,93,254,0" /><INIT seed="4,0,0,5,0,61" ten="299,241,206,254" oya="0" hai0="80,58,34,117,124,37,113,62,46,86,110,35,8" hai1="60,116,93,105,112,91,96,123,78,99,5,115,130" hai2="122,38,67,27,29,135,107,53,127,111,69,17,11" hai3="118,72,52,50,88,68,103,22,2,70,125,25,92"/><T128/><D117/><U77/><E5/><V24/><F111/><W51/><G118/><T32/><D110/><U19/><E116/><V75/><F122/><W20/><G72/><T87/><D113/><N who="1" m="43595" /><E123/><V39/><F75/><W114/><G2/><T129/><D124/><U28/><E28/><V94/><F107/><W1/><G1/><T0/><D0/><U100/><E19/><V55/><F135/><W13/><G114/><T63/><D63/><U30/><E30/><V59/><F94/><W101/><G51/><T7/><D7/><U4/><E4/><V3/><F69/><W21/><G125/><T65/><D8/><U134/><E134/><V81/><F81/><W120/><G120/><T66/><D66/><U44/><E44/><V18/><F3/><W133/><G133/><T121/><D121/><U106/><E60/><N who="2" m="38303" /><F39/><W41/><G41/><N who="0" m="22831" /><D80/><U71/><E71/><V57/><F38/><W43/><G43/><T76/><D76/><N who="1" m="29291" /><E106/><V31/><F127/><W73/><G70/><T12/><D12/><U49/><E49/><N who="2" m="30895" /><F55/><W74/><G68/><T108/><D108/><U64/><E64/><V85/><F31/><N who="3" m="17831" /><G73/><T33/><D33/><U90/><E130/><AGARI ba="0,0" hai="32,34,35,58,62,65,86,87,128,129,130" m="22831" machi="130" ten="40,3900,0" yaku="19,1,52,1" doraHai="61" who="0" fromWho="1" sc="299,39,241,-39,206,0,254,0" owari="338,43.8,202,-29.8,206,-19.4,254,5.4" /></mjloggm>