<mjloggm ver="2.3"><GO type="225" lobby="0"/><UN n0="%72%69%6F%75%63%68%61%6E" n1="%6D%75%75%6D%75%72%61" n2="%E6%A1%9C%E8%8A%B1%E9%96%83%E3%80%85" n3="%E3%83%AC%E3%82%A4%E3%83%88%E3%83%B3%E5%87%86%E6%95%99%E6%8E%88" dan="16,16,16,19" rate="2127.61,2056.76,2044.99,2304.75" sx="M,F,M,M"/><TAIKYOKU oya="0"/><INIT seed="0,0,0,3,4,94" ten="250,250,250,250" oya="0" hai0="46,62,39,128,1,124,50,0,35,29,99,93,75" hai1="120,113,106,125,18,116,63,95,28,71,110,130,56" hai2="135,69,88,101,87,121,79,4,78,86,23,51,16" hai3="105,74,98,111,37,129,83,57,52,65,34,85,13"/><T107/><D124/><U30/><E116/><V76/><F121/><W60/><G74/><T40/><D128/><U10/><E120/><V58/><F135/><W43/><G129/><T131/><D131/><U91/><E130/><V7/><F69/><W92/><G105/><T17/><D75/><U55/><E106/><V36/><F36/><W44/><G34/><T31/><D107/><U66/><E110/><V108/><F101/><W42/><G111/><T25/><D29/><U103/><E103/><V126/><F86/><W64/><G13/><T8/><D62/><U102/><E102/><V26/><F126/><W15/><G15/><T61/><D17/><U45/><E113/><V73/><F73/><W90/><REACH who="3" step="1"/><G42/><REACH who="3" ten="250,250,250,240" step="2"/><T47/><D8/><U109/><E109/><V122/><F108/><W2/><G2/><T48/><D0/><U20/><E10/><V54/><REACH who="2" step="1"/><F122/><REACH who="2" ten="250,250,240,240" step="2"/><W119/><G119/><T100/><D1/><U5/><E125/><V68/><F68/><W127/><G127/><T89/><D100/><AGARI ba="0,2" hai="37,43,44,52,57,60,64,65,83,85,90,92,98,100" machi="100" ten="30,8000,1" yaku="1,1,7,1,52,1,54,1,53,1" doraHai="94" doraHaiUra="53" who="3" fromWho="0" sc="250,-80,250,0,240,0,240,100" /><INIT seed="1,0,0,3,0,73" ten="170,250,240,340" oya="1" hai0="65,134,57,72,20,89,12,86,42,117,85,108,29" hai1="80,21,122,78,60,17,36,83,99,39,55,32,119" hai2="35,109,59,48,56,100,10,82,67,115,71,88,13" hai3="90,130,33,4,49,81,131,98,45,96,103,125,112"/><U5/><E119/><V1/><F1/><W0/><G112/><T118/><D108/><U14/><E122/><V95/><F109/><W51/><G33/><T26/><D134/><U52/><E32/><V27/><F115/><W30/><G30/><T91/><D72/><U74/><E80/><V41/><F71/><W11/><G125/><T107/><D107/><U38/><E60/><V101/><F82/><W135/><G135/><T22/><D42/><U66/><E66/><V23/><F35/><W76/><G90/><T87/><D118/><U8/><REACH who="1" step="1"/><E99/><REACH who="1" ten="170,240,240,340" step="2"/><N who="2" m="57831" /><F67/><W70/><G98/><T24/><D117/><U2/><AGARI ba="0,1" hai="2,5,8,14,17,21,36,38,39,52,55,74,78,83" machi="2" ten="30,11700,0" yaku="1,1,0,1,52,1,54,1,53,0" doraHai="73" doraHaiUra="128" who="1" fromWho="1" sc="170,-39,240,127,240,-39,340,-39" /><INIT seed="1,1,0,4,2,48" ten="131,367,201,301" oya="1" hai0="122,49,58,97,112,117,76,85,92,91,10,70,13" hai1="19,64,1,40,41,6,59,43,71,39,127,100,0" hai2="125,33,57,53,18,38,72,69,82,35,63,37,110" hai3="111,123,86,78,29,135,3,95,68,93,103,116,54"/><U83/><E71/><V32/><F110/><W131/><G123/><T47/><D112/><U34/><E34/><V109/><F109/><W22/><G111/><T88/><D117/><U56/><E39/><V108/><F108/><W90/><G116/><T119/><D119/><U113/><E113/><V96/><F125/><W132/><G68/><T50/><D70/><U94/><E127/><V44/><F69/><W79/><G3/><T74/><D122/><U51/><E83/><V133/><F133/><N who="3" m="51275" /><G131/><T28/><D28/><U15/><E6/><V45/><F96/><N who="3" m="59807" /><G54/><N who="0" m="32079" /><D74/><U73/><E73/><V65/><F18/><W101/><G101/><N who="0" m="60583" /><D76/><U11/><E1/><V4/><F4/><W129/><G129/><T14/><D85/><U134/><E0/><V84/><F72/><W102/><G102/><T60/><D60/><U98/><E134/><V9/><F37/><W12/><G29/><T77/><D77/><U2/><E2/><V62/><F38/><W61/><G61/><T126/><D126/><U120/><E120/><V20/><F63/><W5/><G79/><T115/><D115/><U52/><E64/><V67/><F67/><W8/><G78/><T89/><D10/><U55/><E40/><AGARI ba="1,0" hai="13,14,40,47,50,88,89,91" m="60583,32079" machi="40" ten="30,3900,0" yaku="8,1,52,1,54,1" doraHai="48" who="0" fromWho="1" sc="131,42,367,-42,201,0,301,0" /><INIT seed="2,0,0,4,0,46" ten="173,325,201,301" oya="2" hai0="4,103,3,70,82,72,32,109,0,67,17,22,130" hai1="111,13,61,23,132,102,78,9,29,52,96,86,38" hai2="126,11,63,124,104,87,83,107,99,27,45,34,81" hai3="35,15,135,30,118,93,80,2,89,16,21,36,117"/><V91/><F11/><W20/><G36/><T79/><D32/><U108/><E38/><V51/><F63/><W120/><G80/><T92/><D109/><U76/><E132/><V47/><F83/><W127/><G135/><T125/><D125/><N who="2" m="48234" /><F99/><W74/><G127/><T68/><D130/><U14/><E86/><V97/><F97/><W94/><G2/><T121/><D121/><U56/><E78/><V134/><F134/><W10/><G120/><T122/><D122/><U33/><E76/><V98/><F98/><W65/><G65/><T116/><D116/><U43/><E9/><V5/><F5/><W49/><G10/><T7/><D103/><U55/><E102/><V73/><F73/><W44/><G74/><T101/><D101/><U112/><E112/><V75/><F75/><W129/><G117/><T123/><D92/><U128/><E128/><V37/><F37/><W54/><G94/><T39/><D39/><U50/><E96/><V64/><F64/><W58/><G129/><T28/><D123/><U53/><E61/><V133/><F133/><W24/><G93/><T40/><D67/><U48/><E108/><V59/><F59/><W12/><G118/><T106/><D106/><N who="2" m="40490" /><F51/><W26/><G58/><T6/><D28/><AGARI ba="0,0" hai="27,28,34,45,47,81,87,91" m="40490,48234" machi="28" ten="30,1500,0" yaku="18,1" doraHai="46" who="2" fromWho="0" sc="173,-15,325,0,201,15,301,0" /><INIT seed="2,1,0,3,5,19" ten="158,325,216,301" oya="2" hai0="126,75,130,87,81,102,116,115,79,26,131,13,86" hai1="67,6,45,101,105,11,61,25,97,123,48,34,117" hai2="32,85,70,73,53,120,68,52,24,60,83,56,38" hai3="88,14,40,12,111,2,10,54,77,89,122,110,43"/><V103/><F120/><W8/><G2/><T57/><D115/><U65/><E123/><V96/><F73/><W132/><G122/><T51/><D126/><U46/><E117/><V82/><F38/><W17/><G77/><T20/><D116/><U119/><E67/><V55/><F82/><W4/><G132/><T78/><D102/><U121/><E48/><V108/><F108/><N who="3" m="41515" /><G54/><N who="0" m="31967" /><D13/><N who="1" m="5367" /><E121/><V98/><F98/><W135/><G135/><T63/><D63/><U99/><E99/><V30/><F70/><W9/><G9/><T69/><D69/><N who="1" m="42159" /><E119/><V106/><REACH who="2" step="1"/><F68/><REACH who="2" ten="158,325,206,301" step="2"/><W133/><G133/><T125/><D125/><U128/><E128/><N who="0" m="49193" /><D79/><AGARI ba="1,1" hai="24,30,32,52,53,55,56,60,79,83,85,96,103,106" machi="79" ten="30,5800,0" yaku="1,1,7,1,54,1,53,0" doraHai="19" doraHaiUra="1" who="2" fromWho="0" sc="158,-61,325,0,206,71,301,0" /><INIT seed="2,2,0,2,3,56" ten="97,325,277,301" oya="2" hai0="38,129,18,114,101,111,10,54,117,28,105,24,106" hai1="82,68,107,11,115,45,14,55,77,75,71,22,37" hai2="59,23,35,27,123,126,110,39,2,96,29,134,73" hai3="32,6,87,46,0,84,40,86,104,65,121,93,44"/><V127/><F73/><W67/><G104/><T76/><D111/><U70/><E115/><V61/><F123/><W60/><G121/><T78/><D129/><U109/><E109/><V130/><F110/><W124/><G32/><T100/><D114/><U122/><E122/><V89/><F39/><W69/><G124/><N who="2" m="47657" /><F134/><W41/><G67/><T20/><D117/><U30/><E107/><V135/><F135/><W47/><REACH who="3" step="1"/><G93/><REACH who="3" ten="97,325,277,291" step="2"/><T92/><D106/><U19/><E71/><V49/><F130/><W118/><G118/><T91/><D105/><U12/><E70/><V132/><F132/><W88/><G88/><T42/><D101/><U7/><E68/><V50/><F35/><W4/><G4/><T99/><D100/><U66/><E66/><N who="2" m="39231" /><F2/><W43/><G43/><T113/><D113/><U64/><E64/><V63/><F63/><W13/><G13/><N who="0" m="7479" /><D42/><U58/><E12/><V80/><F80/><W8/><AGARI ba="2,1" hai="0,6,8,40,41,44,46,47,60,65,69,84,86,87" machi="8" ten="40,5200,0" yaku="1,1,0,1,52,1,53,0" doraHai="56" doraHaiUra="72" who="3" fromWho="3" sc="97,-15,325,-15,277,-28,291,68" /><INIT seed="3,0,0,0,4,20" ten="82,310,249,359" oya="3" hai0="100,116,123,1,64,24,101,96,75,120,37,81,56" hai1="18,89,130,88,98,72,48,39,105,22,38,66,134" hai2="111,118,93,117,13,65,36,16,103,21,70,44,71" hai3="41,113,119,132,55,91,68,51,125,69,135,63,112"/><W7/><G7/><T107/><D1/><U6/><E72/><V28/><F111/><W17/><G119/><T2/><D116/><U60/><E130/><V133/><F133/><N who="3" m="51275" /><G125/><T73/><D2/><U23/><E6/><V57/><F117/><W59/><G17/><T53/><D37/><U3/><E23/><V9/><F118/><W124/><G124/><T49/><D64/><U114/><E114/><N who="3" m="44138" /><G91/><T26/><D75/><U25/><E48/><V82/><F82/><W109/><G109/><T61/><D101/><U58/><E3/><V45/><F70/><W0/><G0/><T33/><D33/><U92/><E105/><V94/><F71/><W8/><G8/><T110/><D110/><U50/><E134/><V84/><F36/><W40/><G69/><T79/><REACH who="0" step="1"/><D49/><REACH who="0" ten="72,310,249,359" step="2"/><U46/><E38/><V67/><F67/><AGARI ba="0,1" hai="40,41,51,55,59,63,67,68" m="44138,51275" machi="67" ten="30,5800,0" yaku="20,1,34,2" doraHai="20" who="3" fromWho="2" sc="72,0,310,0,249,-58,359,68" owari="72,-42.8,310,11.0,191,-20.9,427,52.7" /></mjloggm>