<mjloggm ver="2.3"><GO type="225" lobby="0"/><UN n0="%E9%8A%80%E3%81%B0%E3%81%95%E3%81%BF" n1="%6D%75%75%6D%75%72%61" n2="%E3%81%B8%E3%82%80%E3%81%B8%E3%82%80%EF%BC%92%E5%8F%B7" n3="%73%6C%69%63%6B%33%31%39" dan="17,16,17,16" rate="2231.03,2101.65,2194.36,2182.78" sx="M,F,M,M"/><TAIKYOKU oya="0"/><INIT seed="0,0,0,3,2,87" ten="250,250,250,250" oya="0" hai0="93,132,118,64,5,54,97,40,60,105,1,36,50" hai1="66,18,32,124,68,12,44,58,10,63,31,13,130" hai2="73,76,78,45,26,8,14,17,134,37,71,106,16" hai3="23,79,104,25,99,95,113,7,15,52,28,20,83"/><T74/><D118/><U88/><E130/><V129/><F106/><W62/><G113/><T116/><D116/><U85/><E124/><V61/><F134/><W41/><G104/><T112/><D132/><U43/><E68/><V103/><F129/><W133/><G133/><T67/><D74/><U120/><E120/><V126/><F103/><W42/><G7/><T75/><D75/><U125/><E125/><V56/><F71/><W33/><G33/><T119/><D119/><U3/><E3/><V131/><F131/><W51/><G62/><T24/><D105/><U115/><E115/><V9/><F73/><W84/><G20/><T22/><D112/><U35/><E13/><N who="2" m="7207" /><F37/><W19/><G25/><T123/><D123/><U77/><E77/><V48/><F26/><W114/><G28/><T94/><D1/><U101/><E101/><V55/><F126/><W108/><G114/><T70/><D5/><U122/><E31/><V86/><F86/><W82/><G82/><T65/><D36/><U107/><E107/><V121/><F121/><W11/><G23/><T46/><D40/><AGARI ba="0,0" hai="9,14,17,40,45,48,55,56,61,76,78" m="7207" machi="40" ten="30,2000,0" yaku="8,1,54,1" doraHai="87" who="2" fromWho="0" sc="250,-20,250,0,250,20,250,0" /><INIT seed="1,0,0,2,3,71" ten="230,250,270,250" oya="1" hai0="111,135,86,96,25,78,100,36,46,14,67,94,69" hai1="119,130,28,15,107,60,121,68,89,0,37,106,76" hai2="127,27,105,43,41,95,93,38,53,85,75,2,109" hai3="124,126,1,133,3,6,39,51,91,122,65,114,48"/><U120/><E119/><V32/><F75/><W92/><G122/><T19/><D111/><U35/><E0/><N who="3" m="74" /><G6/><T87/><D135/><U88/><E76/><V34/><F2/><W44/><G114/><T64/><D25/><U24/><E130/><V112/><F105/><W108/><G65/><T20/><D69/><U99/><E15/><V55/><F112/><W23/><G23/><T98/><D98/><U79/><E79/><V129/><F129/><W134/><G108/><T9/><D20/><U61/><E37/><V31/><F109/><W110/><G110/><T29/><D29/><U22/><E22/><V45/><F127/><N who="3" m="48683" /><G39/><T17/><D17/><U81/><E81/><V54/><F32/><W47/><G92/><T66/><REACH who="0" step="1"/><D78/><REACH who="0" ten="220,250,270,250" step="2"/><U115/><E115/><V97/><F31/><W56/><G91/><T132/><D132/><N who="3" m="50793" /><G56/><T52/><D52/><U84/><E89/><V63/><F53/><W72/><G72/><T103/><D103/><U58/><E58/><V116/><F54/><W8/><G8/><T62/><D62/><U83/><E60/><V102/><F55/><W12/><G12/><T73/><D73/><U125/><E125/><V49/><F63/><W118/><G118/><T5/><D5/><U70/><E70/><V33/><F116/><W74/><G74/><T30/><D30/><U21/><E21/><V117/><F117/><W131/><G131/><T50/><D50/><AGARI ba="0,1" hai="44,47,48,50,51" m="50793,48683,74" machi="50" ten="40,8000,1" yaku="28,2,18,1,20,1" doraHai="71" who="3" fromWho="0" sc="220,-80,250,0,270,0,250,90" /><INIT seed="2,0,0,0,1,68" ten="140,250,270,340" oya="2" hai0="4,30,57,7,96,133,86,72,0,130,111,46,78" hai1="2,107,11,122,15,74,76,9,64,16,89,20,116" hai2="99,35,119,49,29,43,61,81,91,132,79,124,121" hai3="97,62,13,95,28,117,70,52,69,75,131,58,127"/><V115/><F115/><W56/><G117/><T23/><D72/><U59/><E116/><V110/><F119/><W66/><G75/><T55/><D111/><U27/><E122/><V126/><F121/><W40/><G131/><T51/><D130/><U3/><E107/><V123/><F123/><W125/><G28/><T129/><D129/><U103/><E103/><V80/><F110/><W67/><G13/><T17/><D133/><U102/><E102/><V82/><F79/><W36/><G40/><T106/><D30/><U8/><E89/><V44/><F61/><N who="3" m="38183" /><G36/><T39/><D0/><N who="1" m="43" /><E59/><V14/><F132/><W114/><G114/><T10/><D10/><N who="1" m="4203" /><E76/><V118/><F118/><W84/><G84/><T60/><D106/><U26/><E64/><V42/><F42/><W1/><G1/><T18/><D39/><U90/><E90/><V63/><F91/><W73/><G73/><T71/><D71/><U94/><E94/><V109/><F99/><W83/><G83/><T135/><D96/><U87/><E87/><V54/><F81/><W12/><G12/><T104/><D104/><U31/><E74/><V77/><F80/><W93/><G97/><T19/><D135/><U48/><E48/><V22/><F109/><W25/><G93/><T34/><D86/><U112/><E112/><V113/><F113/><W24/><G95/><T38/><D78/><U53/><E53/><V33/><F54/><W120/><G120/><T98/><D98/><U5/><E27/><N who="3" m="10314" /><G67/><T65/><D38/><U92/><E92/><V101/><F49/><N who="3" m="30991" /><G69/><T50/><D65/><U100/><E31/><RYUUKYOKU ba="0,0" sc="140,-15,250,15,270,-15,340,15" hai1="5,11,15,16,20,26,100" hai3="62,70,125,127" /><INIT seed="3,1,0,4,3,78" ten="125,265,255,355" oya="3" hai0="98,111,34,60,14,80,91,56,66,42,134,110,0" hai1="22,17,97,23,41,16,61,92,70,76,47,63,12" hai2="52,114,67,88,75,29,95,7,104,86,18,38,19" hai3="20,119,44,28,8,89,26,39,3,51,62,107,25"/><W13/><G119/><T32/><D0/><U83/><E70/><V9/><F104/><W57/><G39/><T131/><D131/><U105/><E105/><V77/><F38/><W65/><G107/><T93/><D134/><U2/><E2/><V45/><F67/><W103/><G3/><T35/><D42/><U10/><E47/><V94/><F29/><W64/><G103/><T132/><D132/><U123/><E41/><V31/><F31/><W79/><G79/><T122/><D14/><U27/><E23/><V120/><F114/><W74/><G74/><T43/><D43/><U37/><E37/><V72/><F95/><W87/><G26/><T40/><D40/><U100/><E123/><V121/><F121/><W129/><G51/><T118/><D122/><U4/><REACH who="1" step="1"/><E17/><REACH who="1" ten="125,255,255,355" step="2"/><N who="2" m="6155" /><F75/><AGARI ba="1,1" hai="4,10,12,16,22,27,61,63,75,76,83,92,97,100" machi="75" ten="30,7700,0" yaku="1,1,7,1,52,1,54,1,53,0" doraHai="78" doraHaiUra="53" who="1" fromWho="2" sc="125,0,255,90,255,-80,355,0" owari="125,-37.5,345,14.5,175,-22.5,355,45.5" /></mjloggm>