<mjloggm ver="2.3"><GO type="225" lobby="0"/><UN n0="%E3%81%99%E3%81%84%E3%81%BE%E3%81%9B%E3%83%BC%E3%82%93" n1="%E3%81%AA%E3%81%A1%30%39%32%37" n2="%E3%81%A8%E3%82%93%E3%81%A8%E3%81%93%E3%81%A8%E3%82%93" n3="%E3%82%BC%E3%83%AB%E3%83%80%E3%81%AE%E4%BC%9D%E8%AA%AC" dan="16,16,16,17" rate="2218.76,2105.76,2116.63,2211.45" sx="M,M,M,M"/><TAIKYOKU oya="0"/><INIT seed="0,0,0,1,1,15" ten="250,250,250,250" oya="0" hai0="110,113,88,71,37,10,77,38,98,134,119,73,91" hai1="32,131,0,80,106,50,64,39,20,25,56,103,100" hai2="128,97,121,68,104,96,126,11,16,75,105,117,51" hai3="111,19,133,28,46,72,18,59,76,87,22,61,83"/><T86/><D113/><U31/><E39/><V26/><F121/><W52/><G111/><T135/><D119/><U69/><E0/><V57/><F68/><W130/><G133/><N who="0" m="50699" /><D71/><U21/><E131/><V92/><F75/><W85/><G130/><T41/><D110/><U102/><E80/><V53/><F128/><W9/><G72/><T70/><D70/><U1/><E1/><V112/><F112/><W79/><G9/><T14/><D73/><U45/><E56/><V23/><F126/><W107/><G107/><T12/><D12/><U54/><REACH who="1" step="1"/><E106/><REACH who="1" ten="250,240,250,250" step="2"/><V17/><F117/><W34/><G46/><N who="0" m="23855" /><D38/><U67/><E67/><V127/><F127/><W115/><G115/><T124/><D124/><U95/><E95/><V129/><F129/><W29/><G34/><T2/><D2/><U8/><E8/><V33/><F104/><W108/><G108/><T55/><D98/><U122/><E122/><V82/><F105/><W109/><G109/><T101/><D101/><U6/><E6/><V36/><F36/><W4/><G4/><T63/><D77/><U65/><E65/><V78/><F92/><W90/><G79/><T47/><D47/><U42/><E42/><V44/><F44/><W35/><G35/><T40/><D40/><U48/><E48/><V60/><F51/><W94/><G22/><T123/><D123/><U7/><E7/><V114/><F114/><W118/><G118/><T89/><D86/><U24/><E24/><V132/><F132/><W116/><G116/><T99/><D99/><U84/><E84/><N who="2" m="48215" /><F33/><W58/><G58/><N who="0" m="35295" /><D10/><U81/><E81/><RYUUKYOKU ba="0,1" sc="250,0,240,0,250,0,250,0" hai0="14,88,89,91" hai1="20,21,25,31,32,45,50,54,64,69,100,102,103" hai2="11,16,17,23,26,53,57,60,96,97" hai3="18,19,28,29,52,59,61,76,83,85,87,90,94" /><INIT seed="0,1,1,2,3,73" ten="250,240,250,250" oya="0" hai0="85,71,111,10,18,12,21,47,6,115,94,98,80" hai1="4,43,34,81,110,38,33,51,119,31,124,27,15" hai2="11,32,58,91,102,118,14,26,135,48,52,129,126" hai3="42,120,123,46,41,78,125,74,20,104,79,96,44"/><T101/><D115/><U64/><E119/><V65/><F118/><W122/><G125/><T69/><D111/><U8/><E124/><V54/><F126/><W112/><G112/><T66/><D47/><N who="3" m="17961" /><G20/><T72/><D72/><U121/><E121/><V13/><F129/><W68/><G68/><T59/><D59/><U0/><E110/><V88/><F135/><W83/><G79/><T67/><D69/><U39/><E51/><V53/><F102/><AGARI ba="1,1" hai="41,42,74,78,83,96,102,104,120,122,123" m="17961" machi="102" ten="40,2600,0" yaku="13,1,52,1" doraHai="73" who="3" fromWho="2" sc="250,0,240,0,250,-29,250,39" /><INIT seed="1,0,0,2,0,6" ten="250,240,221,289" oya="1" hai0="50,41,91,131,37,42,64,68,53,87,77,51,90" hai1="67,86,34,100,38,75,110,58,104,121,123,59,61" hai2="84,26,57,128,80,79,63,101,114,2,32,55,124" hai3="21,43,103,94,92,96,7,106,99,46,132,10,88"/><U116/><E116/><V85/><F2/><W13/><G132/><T47/><D131/><U18/><E75/><V93/><F128/><W19/><G106/><T14/><D68/><U44/><E34/><V134/><F134/><W76/><G76/><T62/><D42/><U31/><E31/><V117/><F117/><W69/><G69/><T29/><D29/><U49/><E38/><V112/><F124/><W122/><G122/><T102/><D102/><U111/><E59/><V74/><F101/><W89/><G103/><T0/><D0/><U81/><E18/><V71/><F71/><W11/><G7/><T107/><D107/><U65/><E65/><V4/><F4/><W126/><G126/><T1/><D1/><U56/><E56/><V105/><F105/><W119/><G119/><T127/><D127/><U118/><E118/><V5/><F5/><W113/><G113/><N who="2" m="43625" /><F93/><W9/><G21/><T52/><D64/><U23/><E23/><V48/><F63/><W135/><G135/><T16/><D62/><U15/><E100/><V125/><F125/><W8/><G8/><N who="0" m="6215" /><D37/><AGARI ba="0,0" hai="9,10,11,13,19,37,43,46,88,89,92,94,96,99" machi="37" ten="30,12000,2" yaku="7,1,9,1,52,3,54,1" doraHai="6" who="3" fromWho="0" sc="250,-120,240,0,221,0,289,120" /><INIT seed="2,0,0,1,3,23" ten="130,240,221,409" oya="2" hai0="134,73,135,95,15,17,125,87,64,32,130,34,116" hai1="3,124,13,6,35,12,8,38,107,133,60,28,68" hai2="62,24,114,51,115,102,46,106,75,122,89,55,27" hai3="103,72,16,19,36,77,14,100,45,126,1,53,22"/><V88/><F75/><W99/><G1/><T25/><D73/><U71/><E38/><V5/><F122/><W91/><G126/><T41/><D41/><U105/><E13/><V78/><F78/><W98/><G72/><T52/><D64/><N who="1" m="40967" /><E124/><V70/><F5/><W113/><G113/><T59/><D125/><U31/><E31/><V50/><F70/><W7/><G7/><T56/><D116/><U40/><E40/><V83/><F62/><W43/><G77/><T90/><D59/><U33/><E71/><V66/><F66/><W112/><G112/><T2/><D2/><U131/><E12/><V84/><F102/><W4/><G4/><T121/><D121/><U11/><E11/><V127/><F106/><N who="1" m="40457" /><E28/><V86/><F127/><W80/><G53/><T58/><D58/><U79/><E79/><V81/><F55/><W44/><G44/><AGARI ba="0,0" hai="24,27,44,46,50,51,81,83,84,86,88,89,114,115" machi="44" ten="25,12000,1" yaku="22,2,52,2,54,1" doraHai="23" who="2" fromWho="3" sc="130,0,240,0,221,120,409,-120" /><INIT seed="2,1,0,0,0,6" ten="130,240,341,289" oya="2" hai0="40,123,26,98,129,55,113,78,71,86,100,11,44" hai1="21,38,5,115,65,128,121,24,114,53,70,109,75" hai2="110,51,49,35,89,9,28,99,39,67,79,69,3" hai3="97,90,58,124,16,36,59,46,25,96,80,27,19"/><V54/><F39/><W31/><G124/><T101/><D123/><U43/><E75/><V104/><F79/><W20/><G36/><T63/><D113/><U64/><E5/><N who="2" m="1215" /><F89/><W82/><G46/><T60/><D129/><U57/><E21/><V73/><F54/><W81/><G90/><T131/><D131/><U56/><E24/><N who="3" m="9290" /><G31/><T62/><D71/><U88/><E88/><V45/><F45/><W130/><G130/><T0/><D26/><U125/><E128/><V22/><F73/><W34/><G34/><T4/><D55/><U8/><E8/><V94/><F22/><W32/><G32/><T23/><D23/><U12/><E53/><V133/><F28/><W33/><G33/><T76/><D86/><U77/><E77/><V72/><F35/><W85/><G85/><T117/><D117/><U103/><E103/><N who="2" m="60919" /><F72/><W74/><G74/><T111/><D111/><U41/><E12/><V13/><F13/><N who="3" m="9231" /><G19/><T29/><D29/><U84/><E84/><V42/><F104/><W50/><G50/><T15/><D0/><U14/><E14/><V118/><F118/><W68/><G68/><T52/><D101/><U93/><E70/><V119/><F119/><W61/><G58/><T126/><D126/><U106/><E125/><V7/><F110/><W30/><G30/><T37/><REACH who="0" step="1"/><D52/><AGARI ba="1,0" hai="52,59,61,80,81,82,96,97" m="9231,9290" machi="52" ten="30,3900,0" yaku="8,1,54,2" doraHai="6" who="3" fromWho="0" sc="130,-42,240,0,341,0,289,42" /><INIT seed="3,0,0,3,3,75" ten="88,240,341,331" oya="3" hai0="57,108,120,85,99,60,41,87,62,9,30,114,79" hai1="1,132,113,54,123,17,76,89,45,134,84,42,119" hai2="47,82,128,5,51,52,43,70,80,56,125,61,117" hai3="63,103,66,28,78,91,27,101,67,106,14,92,130"/><W118/><G118/><T12/><D120/><U11/><E113/><V37/><F117/><W26/><G130/><T35/><D114/><U122/><E119/><V83/><F128/><W6/><G78/><T40/><D108/><U100/><E100/><N who="3" m="38474" /><G106/><T16/><D35/><U4/><E54/><V48/><F125/><W71/><G71/><T21/><D99/><U116/><E17/><V111/><F111/><W10/><G63/><T44/><D87/><U104/><E104/><V33/><F33/><W34/><G34/><T109/><D109/><U32/><E89/><V64/><REACH who="2" step="1"/><F5/><REACH who="2" ten="88,240,331,331" step="2"/><W77/><G77/><T102/><D102/><U68/><E32/><V73/><F73/><W65/><G28/><T98/><D98/><AGARI ba="0,1" hai="6,10,14,26,27,65,66,67,91,92,98" m="38474" machi="98" ten="30,1500,0" yaku="8,1" doraHai="75" who="3" fromWho="0" sc="88,-15,240,0,331,0,331,25" owari="73,-42.7,240,-16.0,331,13.1,356,45.6" /></mjloggm>