<mjloggm ver="2.3"><GO type="225" lobby="0"/><UN n0="%E3%81%88%E3%81%8C%E3%82%8F%E3%82%8A%E3%81%8A" n1="%E3%81%86%E3%81%86%E3%82%84%61%62" n2="%E5%B9%BB%E5%BD%B1%E3%81%AE%E9%9F%B3" n3="%72%69%6F%75%63%68%61%6E" dan="16,16,17,17" rate="2096.91,2047.86,2210.24,2171.81" sx="M,M,F,M"/><TAIKYOKU oya="0"/><INIT seed="0,0,0,2,1,5" ten="250,250,250,250" oya="0" hai0="67,20,12,116,114,125,79,7,89,36,16,25,83" hai1="87,32,1,13,26,66,17,107,121,133,78,129,46" hai2="90,49,104,81,31,27,38,80,71,61,14,85,60" hai3="50,65,37,23,74,34,112,91,28,56,2,102,99"/><T30/><D114/><U76/><E107/><V97/><F38/><W98/><G112/><T109/><D116/><U96/><E121/><V82/><F49/><W92/><G37/><T69/><D36/><U130/><E1/><V122/><F122/><W15/><G2/><T88/><D125/><U103/><E66/><V86/><F14/><W123/><G123/><T11/><D109/><U124/><E124/><V77/><F81/><W8/><G74/><T132/><D132/><U118/><E87/><V4/><F4/><W3/><G34/><T18/><D18/><U19/><E133/><V10/><F71/><W94/><G3/><N who="0" m="511" /><D67/><U127/><E46/><V43/><F43/><W113/><G113/><T120/><D69/><U105/><E127/><V54/><F54/><W51/><G28/><T35/><D120/><U110/><E118/><V45/><F45/><W111/><G111/><T131/><D131/><N who="1" m="50187" /><E110/><V59/><F59/><W9/><G23/><T115/><D115/><U52/><E19/><V117/><F117/><W29/><G29/><T72/><AGARI ba="0,0" hai="12,16,20,25,30,35,72,79,83,88,89" m="511" machi="72" ten="30,11700,0" yaku="24,1,52,1,54,2" doraHai="5" who="0" fromWho="0" sc="250,117,250,-39,250,-39,250,-39" /><INIT seed="0,1,0,0,4,87" ten="367,211,211,211" oya="0" hai0="102,33,50,60,3,8,64,42,133,30,7,90,71" hai1="128,96,125,52,31,32,84,86,117,118,0,54,109" hai2="79,20,121,45,13,4,46,14,124,19,97,76,119" hai3="48,85,43,112,41,15,123,35,111,38,68,82,95"/><T27/><D133/><U73/><E73/><V83/><F124/><W74/><G111/><T127/><D127/><U101/><E125/><V81/><F121/><W57/><G112/><T92/><D102/><U115/><E0/><V129/><F129/><W21/><G123/><T67/><D67/><U65/><E65/><V34/><F34/><W100/><G68/><T107/><D107/><U23/><E32/><V75/><F119/><W99/><G35/><T131/><D131/><U59/><E128/><V89/><F4/><W5/><G74/><T93/><D93/><U98/><E109/><V106/><F13/><W134/><G134/><T105/><D105/><U103/><E23/><V10/><F10/><N who="3" m="4559" /><G38/><T9/><D9/><U11/><E11/><V63/><F63/><W22/><G57/><T104/><D104/><U114/><E59/><V69/><F69/><W132/><G132/><T70/><D70/><U78/><E78/><V120/><F120/><W29/><G29/><AGARI ba="1,0" hai="29,31,52,54,84,86,96,98,101,103,114,115,117,118" machi="29" ten="25,3200,0" yaku="22,2,54,1" doraHai="87" who="1" fromWho="3" sc="367,0,211,35,211,0,211,-35" /><INIT seed="1,0,0,4,2,86" ten="367,246,211,176" oya="1" hai0="53,80,134,69,131,42,118,122,70,91,19,22,47" hai1="125,116,82,95,59,78,96,108,107,71,88,97,40" hai2="25,39,111,55,30,26,28,45,33,65,103,73,81" hai3="37,66,76,8,46,48,7,60,61,29,41,27,90"/><U14/><E71/><V84/><F73/><W112/><G112/><T94/><D118/><U89/><E116/><V92/><F111/><W127/><G127/><T101/><D134/><U121/><E121/><V9/><F65/><W13/><G76/><T67/><D131/><U113/><E113/><V50/><F39/><W44/><G66/><T10/><D53/><U115/><E115/><V57/><F9/><W58/><G58/><T63/><D10/><U64/><E125/><V31/><F57/><W110/><G110/><T100/><D80/><U54/><E64/><V32/><F31/><W119/><G119/><T79/><D79/><U126/><E126/><V5/><F5/><W2/><G2/><T36/><D70/><U12/><E40/><V133/><F133/><W120/><G120/><T68/><D69/><U99/><E108/><V105/><F105/><W123/><G123/><T43/><D43/><U77/><E107/><V85/><F81/><W20/><REACH who="3" step="1"/><G90/><REACH who="3" ten="367,246,211,166" step="2"/><T128/><D122/><U49/><E89/><V51/><F51/><W23/><G23/><T24/><D128/><U98/><REACH who="1" step="1"/><E77/><REACH who="1" ten="367,236,211,166" step="2"/><V34/><F34/><W0/><G0/><T15/><D91/><U114/><E114/><V72/><F33/><W135/><G135/><T117/><D117/><U35/><E35/><V87/><F32/><W83/><G83/><T75/><D67/><U62/><E62/><V56/><F103/><W52/><AGARI ba="0,2" hai="7,8,13,20,27,29,37,41,44,46,48,52,60,61" machi="52" ten="20,5200,0" yaku="1,1,0,1,7,1,54,1,53,0" doraHai="86" doraHaiUra="124" who="3" fromWho="3" sc="367,-13,236,-26,211,-13,166,72" /><INIT seed="2,0,0,1,4,94" ten="354,210,198,238" oya="2" hai0="79,49,91,92,42,67,16,17,11,85,123,30,25" hai1="38,31,8,33,36,45,122,126,115,132,22,57,111" hai2="41,23,13,0,9,63,95,28,69,84,54,43,46" hai3="108,39,6,51,34,102,88,131,20,37,32,15,7"/><V100/><F0/><W58/><G108/><T56/><D123/><U113/><E33/><V120/><F120/><W86/><G131/><T135/><D135/><U29/><E8/><V61/><F69/><W89/><G102/><T103/><D79/><U117/><E122/><V125/><F125/><W68/><G68/><T47/><D11/><U65/><E22/><V118/><F118/><W83/><G34/><T134/><D134/><U109/><E132/><V19/><F54/><W52/><G32/><T64/><D103/><U10/><E10/><V101/><F101/><W40/><G89/><T66/><REACH who="0" step="1"/><D56/><REACH who="0" ten="344,210,198,238" step="2"/><U112/><E112/><V12/><F100/><W14/><G6/><T5/><D5/><U74/><E57/><V106/><F9/><W128/><G7/><T129/><D129/><U71/><E113/><V53/><F46/><N who="3" m="26055" /><G128/><T24/><D24/><U72/><E45/><V35/><F12/><W114/><G114/><T2/><D2/><U81/><E115/><V70/><F13/><W3/><G3/><T78/><D78/><U1/><E1/><V130/><F130/><W87/><G15/><T124/><D124/><U107/><E71/><V97/><F70/><W110/><G110/><T73/><D73/><U98/><E126/><V44/><F44/><W50/><G14/><T4/><D4/><U55/><E74/><V90/><F90/><W127/><G127/><T105/><D105/><U77/><E72/><V60/><F106/><W99/><G88/><T26/><D26/><U27/><E107/><V116/><F116/><W21/><G58/><T80/><D80/><RYUUKYOKU ba="0,1" sc="344,30,210,-10,198,-10,238,-10" hai0="16,17,25,30,42,47,49,64,66,67,85,91,92" /><INIT seed="3,1,1,0,4,125" ten="374,200,188,228" oya="3" hai0="84,116,70,41,133,105,113,106,104,57,33,48,87" hai1="39,132,32,130,44,109,52,85,99,95,40,90,79" hai2="18,36,51,45,115,78,24,100,20,120,34,7,114" hai3="63,49,17,62,25,5,108,134,96,92,112,82,93"/><W38/><G112/><T129/><D116/><U119/><E32/><V11/><F36/><W47/><G38/><T12/><D33/><U58/><E119/><V102/><F78/><W61/><G134/><T27/><D70/><U0/><E0/><V68/><F68/><W135/><G135/><T76/><D129/><U31/><E132/><V101/><F34/><W14/><G108/><T56/><D113/><U28/><E130/><V13/><REACH who="2" step="1"/><F120/><REACH who="2" ten="374,200,178,228" step="2"/><W43/><G82/><T42/><D76/><U16/><E109/><V80/><F80/><W127/><G127/><T71/><D71/><U124/><E79/><V89/><F89/><W107/><G107/><T74/><D106/><U1/><E124/><V122/><F122/><W69/><G69/><T94/><D105/><U21/><E1/><V67/><F67/><W19/><G93/><T118/><D94/><U54/><E99/><V121/><F121/><W128/><G128/><T72/><D104/><U3/><E3/><V46/><F46/><W26/><G92/><T86/><D118/><U73/><E73/><V4/><F4/><W103/><G5/><T64/><D72/><U35/><E35/><V59/><F59/><W10/><G96/><T117/><D74/><U123/><E123/><V60/><F60/><W55/><G63/><T131/><D117/><U15/><E58/><V53/><AGARI ba="1,2" hai="7,11,13,18,20,24,45,51,53,100,101,102,114,115" machi="53" ten="30,4000,0" yaku="1,1,0,1,53,1" doraHai="125" doraHaiUra="2" who="2" fromWho="2" sc="374,-11,200,-11,178,63,228,-21" owari="363,46.3,189,-31.1,241,4.1,207,-19.3" /></mjloggm>