<mjloggm ver="2.3"><GO type="225" lobby="0"/><UN n0="%E3%83%A9%E3%83%BC%E3%83%A1%E3%83%B3%E4%BA%94%E9%83%8E" n1="%E3%83%87%E3%83%A9%E3%82%B3%E3%83%83%E3%82%B3" n2="%E3%81%B5%E3%81%98%E3%81%8B%E3%81%A4" n3="%E3%83%89%E3%83%A9%E3%81%8F%E3%82%8C" dan="16,16,17,16" rate="2082.23,2135.38,2219.28,2216.24" sx="M,M,M,M"/><TAIKYOKU oya="0"/><INIT seed="0,0,0,5,0,105" ten="250,250,250,250" oya="0" hai0="102,117,48,11,94,92,54,24,39,29,126,6,69" hai1="132,135,77,131,112,65,106,52,21,47,37,32,55" hai2="107,91,66,97,115,74,122,133,19,50,59,26,127" hai3="86,82,14,60,61,40,17,110,25,83,16,81,84"/><T7/><D117/><U87/><E32/><V63/><F122/><W44/><G110/><T134/><D69/><U113/><E106/><V2/><F115/><N who="1" m="44105" /><E21/><V67/><F2/><W36/><G25/><T9/><D39/><U98/><E98/><V64/><F127/><W90/><G17/><T124/><D134/><N who="1" m="51243" /><E87/><V35/><F133/><W70/><G70/><T45/><D11/><U34/><E34/><V8/><F50/><W28/><G28/><T58/><D102/><U73/><E65/><V130/><F107/><W118/><G118/><T109/><D109/><U4/><E4/><N who="0" m="1577" /><D9/><U20/><E20/><N who="2" m="13599" /><F35/><W100/><G100/><T41/><D24/><U18/><E18/><V101/><F8/><W111/><G111/><T119/><D29/><U72/><E131/><V49/><F130/><W13/><G13/><T1/><D1/><U38/><E38/><V125/><F101/><W85/><REACH who="3" step="1"/><G90/><REACH who="3" ten="250,250,250,240" step="2"/><T76/><D119/><U62/><E62/><V43/><F63/><W5/><G5/><T56/><D124/><U57/><E57/><V75/><F125/><W93/><G93/><T95/><D126/><U79/><E79/><V120/><F59/><N who="0" m="22570" /><D76/><U53/><E77/><V3/><F3/><W31/><G31/><T96/><D96/><U23/><E23/><AGARI ba="0,1" hai="14,16,23,36,40,44,60,61,81,82,83,84,85,86" machi="23" ten="40,5200,0" yaku="1,1,54,1,53,1" doraHai="105" doraHaiUra="71" who="3" fromWho="1" sc="250,0,250,-52,250,0,240,62" /><INIT seed="1,0,0,3,5,105" ten="250,198,250,302" oya="1" hai0="90,83,3,129,124,54,56,44,26,2,68,11,113" hai1="13,115,76,37,41,79,23,34,77,70,101,33,30" hai2="92,7,74,35,110,117,106,29,19,39,69,5,25" hai3="58,114,100,121,127,102,125,20,73,17,78,43,116"/><U59/><E70/><V94/><F117/><W98/><G121/><T89/><D113/><U81/><E115/><V22/><F106/><W46/><G116/><T109/><D68/><U24/><E101/><V97/><F69/><W87/><G114/><T10/><D109/><U86/><E59/><V61/><F39/><W40/><G73/><T107/><D107/><U36/><E36/><V63/><F74/><W12/><G58/><T103/><D103/><U108/><E108/><V18/><F110/><W66/><G66/><T1/><D129/><U15/><E15/><V67/><F94/><W50/><G40/><T47/><D124/><N who="3" m="47689" /><G98/><T21/><D44/><U75/><E13/><V123/><F123/><W71/><G71/><T82/><D47/><U104/><E104/><V60/><F67/><W93/><G93/><T62/><D82/><AGARI ba="0,0" hai="12,17,20,43,46,50,78,82,87,100,102" m="47689" machi="82" ten="30,1000,0" yaku="18,1" doraHai="105" who="3" fromWho="0" sc="250,-10,198,0,250,0,302,10" /><INIT seed="2,0,0,1,1,49" ten="240,198,250,312" oya="2" hai0="102,55,112,75,43,118,3,115,57,68,11,5,56" hai1="67,124,25,123,82,73,20,38,121,87,66,36,125" hai2="64,126,92,58,85,110,65,37,117,60,16,27,2" hai3="50,34,80,131,51,53,103,26,71,17,22,95,96"/><V10/><F117/><W48/><G71/><T97/><D75/><U94/><E20/><N who="2" m="13703" /><F37/><N who="1" m="14441" /><E25/><V46/><F126/><N who="1" m="48745" /><E94/><V15/><F110/><W116/><G131/><T77/><D118/><U99/><E99/><V23/><F46/><W54/><G116/><T120/><D77/><U101/><E101/><V79/><F23/><W32/><REACH who="3" step="1"/><G80/><REACH who="3" ten="240,198,250,302" step="2"/><T109/><D112/><U84/><E82/><N who="2" m="47327" /><F92/><W13/><G13/><T9/><D115/><U83/><E83/><V127/><F2/><W40/><G40/><T89/><D43/><U72/><E72/><V135/><F127/><W42/><G42/><T119/><D119/><U52/><E73/><V41/><F41/><W70/><G70/><T8/><D68/><U31/><E31/><V62/><F135/><W105/><G105/><T30/><D30/><U28/><E28/><V108/><F108/><W6/><G6/><T111/><D111/><U107/><E107/><V98/><F15/><W81/><G81/><T113/><D109/><U69/><E69/><V45/><F45/><W129/><G129/><T76/><D113/><U74/><E74/><V21/><F58/><W18/><G18/><T1/><D57/><U29/><E29/><V130/><F130/><W44/><G44/><T100/><D1/><U47/><E123/><V12/><F12/><W19/><G19/><T91/><D3/><U35/><E121/><V86/><F65/><N who="1" m="24585" /><E35/><AGARI ba="0,1" hai="17,22,26,32,34,35,48,50,51,53,54,95,96,103" machi="35" ten="40,5200,0" yaku="1,1,52,2,53,0" doraHai="49" doraHaiUra="39" who="3" fromWho="1" sc="240,0,198,-52,250,0,302,62" /><INIT seed="3,0,0,2,5,63" ten="240,146,250,364" oya="3" hai0="47,78,27,109,99,110,51,62,26,69,66,53,92" hai1="43,16,71,100,61,115,80,97,18,77,118,65,111" hai2="39,42,135,91,114,124,131,68,72,0,24,93,75" hai3="30,25,133,87,84,52,32,83,40,33,50,1,82"/><W105/><G105/><T14/><D14/><U11/><E111/><N who="0" m="42505" /><D78/><U129/><E115/><V45/><F114/><W35/><G133/><T102/><AGARI ba="0,0" hai="26,27,47,51,53,62,66,69,92,99,102" m="42505" machi="102" ten="30,2000,0" yaku="14,1,52,1" doraHai="63" who="0" fromWho="0" sc="240,20,146,-5,250,-5,364,-10" owari="260,6.0,141,-35.9,245,-15.5,354,45.4" /></mjloggm>