<mjloggm ver="2.3"><GO type="225" lobby="0"/><UN n0="%43%68%65" n1="%6D%75%75%6D%75%72%61" n2="%E6%80%AA%E3%81%97%E3%81%99%E3%81%8E%E3%82%8B%E3%83%81%E3%83%BC" n3="%E4%B8%AD%E5%B9%B4%E3%81%AE%E5%8D%B1%E6%A9%9F" dan="16,16,16,16" rate="2181.86,2113.79,2124.61,2140.07" sx="M,F,M,M"/><TAIKYOKU oya="0"/><INIT seed="0,0,0,0,3,39" ten="250,250,250,250" oya="0" hai0="82,84,126,107,17,81,128,92,96,66,11,55,43" hai1="112,12,6,70,21,99,98,113,24,122,100,109,89" hai2="42,25,123,57,41,72,83,67,93,7,87,103,20" hai3="16,19,52,110,120,0,94,127,77,10,23,15,34"/><T88/><D126/><U105/><E122/><V102/><F72/><W76/><G127/><T119/><D119/><U32/><E70/><V37/><F37/><W53/><G34/><T28/><D128/><U50/><E109/><V61/><F123/><W114/><G110/><T36/><D28/><U30/><E98/><N who="2" m="59727" /><F103/><W13/><G120/><T63/><D55/><N who="3" m="21065" /><G0/><T108/><D108/><U22/><E50/><V51/><F51/><W133/><G114/><N who="1" m="44138" /><E89/><N who="2" m="51455" /><F7/><W1/><G1/><T132/><D132/><U54/><E54/><V106/><F106/><W9/><G133/><T18/><D107/><U124/><E124/><V2/><F2/><W31/><G94/><T47/><D11/><AGARI ba="0,0" hai="6,11,12,21,22,24,30,32,99,100,105" m="44138" machi="11" ten="30,1000,0" yaku="11,1" doraHai="39" who="1" fromWho="0" sc="250,-10,250,10,250,0,250,0" /><INIT seed="1,0,0,0,0,83" ten="240,260,250,250" oya="1" hai0="125,11,29,3,61,119,135,111,35,85,56,128,134" hai1="18,115,20,90,109,36,54,72,126,104,103,58,110" hai2="99,44,129,94,70,68,6,28,127,51,133,0,59" hai3="25,52,82,74,132,41,53,4,65,116,7,5,24"/><U57/><E115/><V91/><F129/><W108/><G108/><N who="1" m="41578" /><E72/><V117/><F117/><W78/><G116/><T106/><D119/><U98/><E36/><V8/><F127/><W80/><G132/><T34/><D106/><U45/><E126/><V112/><F133/><N who="0" m="50698" /><D125/><U15/><E90/><V71/><F112/><W50/><G65/><T62/><D128/><U66/><E66/><V48/><F28/><W101/><G101/><T75/><D75/><U120/><E120/><V121/><F121/><W10/><G10/><T67/><D111/><U93/><E104/><V113/><F113/><W9/><G9/><T21/><D21/><U22/><E22/><V84/><F59/><W38/><G38/><T77/><D29/><U16/><E18/><V87/><REACH who="2" step="1"/><F48/><AGARI ba="0,0" hai="15,16,20,45,48,54,57,58,93,98,103" m="41578" machi="48" ten="30,5800,0" yaku="14,1,10,1,54,1" doraHai="83" who="1" fromWho="2" sc="240,0,260,58,250,-58,250,0" /><INIT seed="1,1,0,0,5,11" ten="240,318,192,250" oya="1" hai0="6,98,99,19,38,27,16,124,5,74,83,26,0" hai1="52,91,106,90,64,115,110,20,71,33,89,87,82" hai2="96,69,94,63,2,84,75,13,50,79,125,73,101" hai3="30,85,93,81,67,114,37,97,78,126,132,135,39"/><U10/><E115/><V113/><F2/><W32/><G114/><T100/><D38/><U47/><E33/><V127/><F113/><W134/><G126/><N who="2" m="48137" /><F50/><W60/><G30/><T119/><D119/><U42/><E106/><V1/><F1/><W57/><REACH who="3" step="1"/><G32/><REACH who="3" ten="240,318,192,240" step="2"/><T7/><D124/><U58/><E110/><V15/><F84/><W48/><G48/><T29/><D29/><U122/><E122/><V77/><F77/><W105/><G105/><T40/><D74/><N who="2" m="28170" /><F79/><W88/><AGARI ba="1,1" hai="37,39,57,60,67,78,81,85,88,93,97,132,134,135" machi="88" ten="30,7900,0" yaku="1,1,0,1,20,1,54,1,53,0" doraHai="11" doraHaiUra="12" who="3" fromWho="3" sc="240,-21,318,-40,192,-21,240,92" /><INIT seed="2,0,0,5,3,17" ten="219,278,171,332" oya="2" hai0="5,76,29,97,135,75,81,93,11,126,58,41,82" hai1="68,70,94,78,19,30,73,62,27,63,59,44,101" hai2="57,46,13,9,60,31,0,112,21,77,20,92,88" hai3="86,18,74,109,32,110,129,95,54,102,127,84,121"/><V42/><F0/><W64/><G121/><T61/><D126/><U12/><E44/><V47/><F112/><W132/><G32/><T117/><D135/><U53/><E73/><V51/><F77/><W89/><G74/><T10/><D117/><U16/><E78/><V8/><F31/><W71/><G127/><T55/><D82/><U3/><E3/><V45/><F51/><W107/><G132/><T48/><D29/><U22/><E63/><V50/><F50/><W104/><G54/><T125/><D125/><U67/><E53/><N who="2" m="33839" /><F42/><W111/><G64/><T133/><D133/><U80/><E80/><V23/><F13/><W33/><G33/><T34/><D34/><U123/><E123/><V79/><F79/><W99/><G71/><N who="1" m="27178" /><E12/><V43/><F43/><W39/><G39/><T37/><D37/><U69/><E69/><V98/><AGARI ba="0,0" hai="8,9,20,21,23,45,46,47,88,92,98" m="33839" machi="98" ten="30,12000,1" yaku="8,1,52,3,54,1" doraHai="17" who="2" fromWho="2" sc="219,-40,278,-40,171,120,332,-40" /><INIT seed="2,1,0,2,4,124" ten="179,238,291,292" oya="2" hai0="128,4,76,130,84,23,79,53,82,28,48,73,123" hai1="27,90,121,13,54,6,107,110,17,106,39,71,83" hai2="16,93,41,26,114,11,51,126,95,47,67,74,66" hai3="30,108,21,42,63,132,31,49,33,60,119,68,77"/><V117/><F126/><W125/><G119/><T105/><D123/><U57/><E71/><V24/><F117/><W91/><G33/><T56/><D105/><U38/><E121/><V15/><F74/><W72/><G125/><T111/><D111/><U5/><E110/><V80/><F114/><W9/><G108/><T103/><D103/><U87/><E27/><N who="2" m="10283" /><F80/><W7/><G21/><T52/><D4/><U127/><E127/><V81/><F81/><W131/><G72/><T86/><D28/><U3/><E107/><V96/><F95/><W1/><G77/><T50/><D23/><U20/><E106/><V32/><F32/><W120/><G120/><T118/><D118/><U10/><REACH who="1" step="1"/><E5/><REACH who="1" ten="179,228,291,292" step="2"/><V70/><F70/><W46/><G68/><T113/><D113/><U25/><E25/><V44/><F44/><W55/><G30/><T122/><D122/><U12/><E12/><V40/><F40/><W19/><G31/><T129/><D79/><U102/><E102/><AGARI ba="1,1" hai="11,15,16,41,47,51,66,67,93,96,102" m="10283" machi="102" ten="30,2900,0" yaku="8,1,54,1" doraHai="124" who="2" fromWho="1" sc="179,0,228,-32,291,42,292,0" /><INIT seed="2,2,0,2,4,134" ten="179,196,333,292" oya="2" hai0="47,17,84,122,125,42,109,59,0,101,82,55,91" hai1="53,23,124,94,77,76,66,19,64,15,129,89,105" hai2="126,92,16,69,118,108,13,81,87,26,133,39,115" hai3="127,10,57,120,54,98,49,4,102,24,27,75,18"/><V78/><F126/><W73/><G127/><T28/><D125/><U44/><E124/><V5/><F39/><W32/><G120/><T45/><D122/><U110/><E105/><V12/><F69/><W41/><G41/><T107/><D109/><U71/><E110/><V52/><F115/><W7/><G7/><T3/><D28/><U132/><E129/><V51/><F118/><W70/><G70/><T114/><D114/><U36/><E132/><V22/><F108/><W31/><G24/><T90/><D90/><U21/><E71/><V80/><F133/><W43/><G18/><T2/><D42/><U1/><E1/><V46/><F5/><W86/><G86/><T97/><REACH who="0" step="1"/><D17/><REACH who="0" ten="169,196,333,292" step="2"/><N who="1" m="10431" /><E76/><V96/><F81/><W79/><G43/><T123/><D123/><U111/><E77/><V106/><F106/><W93/><REACH who="3" step="1"/><G79/><REACH who="3" ten="169,196,333,282" step="2"/><T58/><D58/><U61/><E111/><V99/><F99/><W50/><G50/><AGARI ba="2,2" hai="0,2,3,45,47,50,55,59,82,84,91,97,101,107" machi="50" ten="40,1300,0" yaku="1,1,53,0" doraHai="134" doraHaiUra="20" who="0" fromWho="3" sc="169,39,196,0,333,0,282,-19" /><INIT seed="3,0,0,4,3,112" ten="208,196,333,263" oya="3" hai0="120,39,116,109,49,46,17,71,90,55,86,1,54" hai1="56,38,127,101,94,52,48,8,135,104,134,119,33" hai2="11,113,67,69,91,73,14,30,16,121,7,87,18" hai3="126,32,124,21,102,93,59,95,5,68,61,133,3"/><W123/><G32/><T74/><D120/><U26/><E104/><V96/><F73/><W108/><G68/><T50/><D116/><U129/><E119/><V37/><F37/><W81/><G123/><T106/><D74/><U110/><E110/><V82/><F113/><W114/><G114/><T80/><D39/><U128/><E38/><V64/><F30/><W97/><G108/><T76/><D109/><U83/><E127/><N who="3" m="48682" /><G81/><T66/><D106/><U25/><E83/><V118/><F118/><W0/><G133/><N who="1" m="50698" /><E8/><V43/><F43/><W57/><G5/><T117/><D117/><U2/><E2/><N who="3" m="554" /><G21/><T115/><D1/><U12/><E12/><V65/><F69/><W15/><G15/><T58/><D71/><U89/><E101/><V47/><F121/><W79/><G79/><T28/><D115/><U75/><E75/><V105/><F105/><N who="3" m="63695" /><G57/><T88/><D76/><U36/><E36/><V63/><F96/><W10/><G10/><T27/><D90/><U19/><E33/><V42/><F7/><W98/><G98/><T70/><D70/><U78/><E78/><V22/><F22/><W45/><G45/><T40/><D46/><U99/><E19/><V51/><F18/><W41/><G41/><T125/><D17/><U9/><E9/><V20/><F11/><W72/><G72/><T24/><D125/><U13/><E13/><V6/><F6/><W84/><G84/><T53/><D27/><AGARI ba="0,0" hai="25,26,27,48,52,56,89,94,99,128,129" m="50698" machi="27" ten="30,2000,0" yaku="20,1,54,1" doraHai="112" who="1" fromWho="0" sc="208,-20,196,20,333,0,263,0" owari="188,-31.2,216,-18.4,333,43.3,263,6.3" /></mjloggm>