<mjloggm ver="2.3"><GO type="225" lobby="0"/><UN n0="%E3%82%A2%E3%83%BC%E3%83%A2%E3%83%AD%E3%83%BC%E3%83%B4%E3%82%A1" n1="%E6%9A%87%E4%BA%BA%EF%BC%A0%E9%85%8D%E4%BF%A1%E5%9E%A2" n2="%E7%AB%8B%E8%8A%B1%E9%9F%BF" n3="%E3%83%9D%E3%83%B3%E3%83%9D%E3%82%B3%E5%95%86%E4%BA%8B" dan="16,17,17,16" rate="2169.95,2205.40,2139.20,2129.81" sx="M,M,F,M"/><TAIKYOKU oya="0"/><INIT seed="0,0,0,1,3,122" ten="250,250,250,250" oya="0" hai0="34,39,113,33,135,5,101,111,109,40,77,91,102" hai1="19,79,92,127,55,121,59,69,14,78,85,95,49" hai2="52,100,116,27,22,94,26,48,21,83,50,35,133" hai3="72,131,13,0,88,32,7,130,23,8,70,75,118"/><T54/><D113/><U80/><E121/><V9/><F133/><W90/><G70/><T3/><D135/><U16/><E69/><V25/><F116/><W129/><G32/><N who="0" m="12395" /><D91/><N who="3" m="34857" /><G118/><T51/><D77/><U43/><E127/><V6/><F35/><W99/><G99/><T2/><D40/><U82/><E43/><V103/><F83/><W31/><G31/><T64/><D64/><U126/><E126/><V56/><F50/><W84/><G84/><T123/><D39/><U1/><E1/><N who="0" m="9" /><D5/><U115/><E115/><V45/><F45/><W97/><G97/><T119/><D119/><U12/><E12/><N who="2" m="5175" /><F103/><N who="0" m="39434" /><D123/><U110/><E19/><AGARI ba="0,0" hai="0,7,8,13,19,23,72,75,129,130,131" m="34857" machi="19" ten="40,2600,0" yaku="19,1,54,1" doraHai="122" who="3" fromWho="1" sc="250,0,250,-26,250,0,250,26" /><INIT seed="1,0,0,1,4,23" ten="250,224,250,276" oya="1" hai0="112,123,3,96,114,131,77,105,102,73,28,0,66" hai1="12,62,48,78,84,72,68,111,33,57,8,30,67" hai2="83,86,35,116,94,99,89,127,51,27,24,49,19" hai3="47,93,11,46,10,26,106,22,42,61,82,4,95"/><U31/><E72/><V129/><F116/><W38/><G106/><T118/><D118/><U70/><E111/><V124/><F129/><W63/><G82/><N who="0" m="45359" /><D131/><U88/><E78/><V134/><F134/><W53/><G11/><T29/><D29/><U109/><E109/><V128/><F128/><W104/><G104/><T98/><D98/><U20/><E33/><V91/><F35/><W119/><G119/><T103/><D103/><U25/><E31/><V120/><F120/><W16/><G63/><T81/><D81/><U130/><E48/><N who="2" m="18507" /><F19/><W71/><G47/><T36/><D123/><U41/><E41/><V58/><F58/><W135/><G135/><T32/><D66/><U110/><E110/><V37/><F37/><W14/><REACH who="3" step="1"/><G53/><REACH who="3" ten="250,224,250,266" step="2"/><T75/><D75/><U133/><E133/><V80/><F83/><W34/><G34/><T97/><D32/><U43/><E130/><V54/><F54/><W45/><G45/><T101/><D105/><U15/><E43/><V65/><F65/><AGARI ba="0,1" hai="4,10,14,16,22,26,38,42,46,61,65,71,93,95" machi="65" ten="40,8000,1" yaku="1,1,52,1,54,1,53,1" doraHai="23" doraHaiUra="18" who="3" fromWho="2" sc="250,0,224,0,250,-80,266,90" /><INIT seed="2,0,0,1,5,45" ten="250,224,170,356" oya="2" hai0="110,38,55,132,119,14,29,121,109,37,103,123,135" hai1="105,11,114,52,49,95,33,79,25,92,69,102,133" hai2="17,68,125,2,96,76,78,75,42,124,117,134,21" hai3="19,127,126,82,22,99,108,1,98,18,47,5,86"/><V112/><F112/><W54/><G108/><N who="0" m="41579" /><D103/><U58/><E114/><V36/><F117/><W48/><G1/><T100/><D100/><U30/><E133/><N who="0" m="51273" /><D29/><U88/><E79/><V10/><F68/><W70/><G5/><T80/><D119/><U128/><E128/><V84/><F84/><W34/><G34/><T89/><D14/><U87/><E69/><V101/><F134/><W53/><G70/><T12/><D12/><U59/><E11/><V8/><F36/><N who="0" m="13930" /><D89/><U39/><E39/><V4/><F42/><W28/><G28/><T120/><D80/><U6/><E6/><V46/><F46/><W63/><G19/><T64/><D55/><U44/><REACH who="1" step="1"/><E105/><REACH who="1" ten="250,214,170,356" step="2"/><V40/><F10/><W32/><G126/><N who="2" m="48745" /><F75/><W131/><G127/><T93/><D93/><U9/><E9/><V83/><F83/><W118/><G82/><T35/><D35/><U51/><E51/><V15/><F40/><W90/><G48/><T13/><D13/><U61/><E61/><V7/><F7/><W129/><G63/><T67/><AGARI ba="0,1" hai="64,67,120,121,123" m="13930,51273,41579" machi="67" ten="50,12000,2" yaku="28,2,14,1,20,1,34,2" doraHai="45" who="0" fromWho="0" sc="250,130,214,-30,170,-60,356,-30" /><INIT seed="3,0,0,3,4,10" ten="380,184,110,326" oya="3" hai0="57,94,72,121,129,90,49,58,100,62,23,109,93" hai1="67,30,123,82,60,115,104,107,48,92,96,1,3" hai2="119,75,106,39,14,25,17,55,120,66,47,135,80" hai3="35,103,108,63,99,43,38,2,70,13,89,59,110"/><W124/><G2/><T22/><D121/><U68/><E123/><V133/><F119/><W77/><G70/><T83/><D109/><N who="3" m="42089" /><G35/><T18/><D129/><U7/><E115/><V50/><F120/><W134/><G124/><T28/><D72/><U84/><E30/><V21/><F106/><N who="3" m="63871" /><G134/><T130/><D130/><U12/><E1/><V122/><F122/><W53/><G77/><T33/><D33/><U95/><E3/><V65/><F39/><W113/><G113/><T81/><D100/><U40/><E107/><V118/><F118/><W45/><G89/><T8/><D8/><N who="1" m="4127" /><E104/><V34/><F75/><W76/><G76/><T42/><D94/><U87/><E87/><V73/><F80/><N who="0" m="30794" /><D28/><U46/><E96/><V111/><F73/><W11/><G11/><T29/><D29/><U91/><E95/><V15/><F111/><W31/><G31/><T69/><D69/><U128/><E128/><V52/><F55/><W105/><G105/><T117/><D117/><U51/><E92/><V54/><F54/><W131/><G131/><T127/><D127/><U71/><E71/><V101/><F101/><W26/><G26/><N who="0" m="14679" /><D23/><U61/><E68/><V9/><F34/><W74/><G74/><T125/><D125/><U5/><E82/><V4/><REACH who="2" step="1"/><F25/><REACH who="2" ten="380,184,100,326" step="2"/><W126/><G126/><T88/><D93/><N who="1" m="54503" /><E40/><V114/><F114/><W36/><G36/><T16/><D42/><U41/><E41/><V112/><F112/><W116/><G116/><T85/><D90/><U24/><E24/><V98/><F98/><W78/><G78/><T44/><D88/><U37/><E37/><RYUUKYOKU ba="0,1" sc="380,-15,184,-15,100,15,326,15" hai2="4,9,14,15,17,21,47,50,52,65,66,133,135" hai3="13,38,43,45,53,59,63" /><INIT seed="3,1,1,0,0,69" ten="365,169,115,341" oya="3" hai0="70,3,40,89,109,17,87,133,131,94,81,102,117" hai1="6,121,103,23,105,67,32,21,59,71,20,114,43" hai2="115,85,116,92,132,41,51,124,57,65,0,125,112" hai3="97,123,129,108,1,127,78,19,95,128,54,113,7"/><W45/><G113/><N who="2" m="43593" /><F0/><W48/><G123/><T135/><D117/><U96/><E121/><V16/><F92/><W36/><G127/><N who="2" m="48713" /><F85/><W49/><G108/><T68/><D131/><N who="3" m="50249" /><G78/><T56/><D109/><U90/><E114/><V52/><F116/><W29/><G29/><T73/><D3/><U110/><E110/><V62/><F16/><W82/><G82/><T22/><D40/><U39/><E32/><V98/><F98/><W101/><G19/><T11/><D11/><U31/><E31/><V44/><F132/><N who="0" m="50762" /><D56/><U66/><E6/><V30/><F30/><W83/><G83/><T24/><D102/><U88/><E103/><V15/><F15/><W63/><G63/><T107/><D107/><U130/><E105/><V104/><F104/><W27/><G27/><T79/><AGARI ba="1,1" hai="17,22,24,68,70,73,79,81,87,89,94" m="50762" machi="79" ten="30,1100,0" yaku="20,1" doraHai="69" who="0" fromWho="0" sc="365,24,169,-4,115,-4,341,-6" owari="389,48.9,165,-23.5,111,-38.9,335,13.5" /></mjloggm>