<mjloggm ver="2.3"><GO type="225" lobby="0"/><UN n0="%E9%A6%AC%E4%BA%86%E9%9A%94%E5%A3%81" n1="%E3%80%93%E3%81%97%E3%83%BC%E3%82%89%E3%80%93" n2="%E3%83%9F%E3%83%83%E3%82%AD%E3%83%BC%E8%9B%87%E5%B1%B1" n3="%72%69%6F%75%63%68%61%6E" dan="18,16,16,16" rate="2212.14,2132.36,2031.77,2159.66" sx="M,M,M,M"/><TAIKYOKU oya="0"/><INIT seed="0,0,0,3,5,6" ten="250,250,250,250" oya="0" hai0="83,100,51,88,8,72,52,87,40,127,123,116,44" hai1="12,119,90,113,97,57,108,82,33,133,120,29,61" hai2="35,60,124,98,86,73,55,4,21,56,130,121,5" hai3="109,81,132,99,30,112,27,15,59,95,131,76,49"/><T114/><D114/><U53/><E113/><V7/><F121/><W78/><G109/><T10/><D116/><U41/><E120/><V70/><F35/><W50/><G112/><T25/><D123/><U74/><E119/><V18/><F73/><W39/><G39/><T23/><D127/><U96/><E108/><V117/><F124/><W92/><G132/><T89/><D72/><U80/><E133/><V104/><F130/><W1/><G1/><T84/><D100/><U75/><E41/><V101/><F117/><W94/><G131/><T68/><D40/><U38/><E38/><V65/><F86/><W16/><G99/><T126/><D68/><U111/><E111/><V122/><F122/><W26/><G59/><T24/><D126/><U31/><E33/><V106/><F106/><W32/><G27/><N who="0" m="10315" /><D23/><U129/><E129/><V91/><F91/><W46/><G46/><T93/><AGARI ba="0,0" hai="8,10,44,51,52,83,84,87,88,89,93" m="10315" machi="93" ten="30,12000,1" yaku="8,1,52,2,54,2" doraHai="6" who="0" fromWho="0" sc="250,120,250,-40,250,-40,250,-40" /><INIT seed="0,1,0,1,5,20" ten="370,210,210,210" oya="0" hai0="54,126,33,94,25,74,37,105,132,60,128,10,28" hai1="70,97,58,124,14,123,57,95,4,127,36,91,85" hai2="5,61,112,101,117,115,102,32,104,50,41,73,133" hai3="38,1,39,100,113,107,89,45,51,29,84,111,77"/><T121/><D121/><U92/><E70/><V130/><F73/><W125/><G113/><T3/><D105/><U26/><E36/><V93/><F104/><W98/><G1/><T46/><D74/><U2/><E2/><V42/><F32/><W9/><G111/><T86/><D128/><U11/><E123/><V19/><F130/><W99/><G125/><N who="1" m="48202" /><E26/><V55/><F5/><W131/><G131/><T116/><D126/><U52/><E52/><V16/><F133/><W56/><G56/><T53/><D116/><U43/><E43/><V8/><F61/><W18/><G29/><T62/><D132/><U6/><E6/><V118/><F41/><W69/><G69/><T22/><D33/><U63/><E63/><N who="0" m="24105" /><D37/><U108/><E108/><V96/><F42/><W7/><G7/><T76/><D3/><U103/><AGARI ba="1,0" hai="4,11,14,57,58,85,91,92,95,97,103" m="48202" machi="103" ten="30,1100,0" yaku="18,1" doraHai="20" who="1" fromWho="1" sc="370,-6,210,14,210,-4,210,-4" /><INIT seed="1,0,0,4,4,29" ten="364,224,206,206" oya="1" hai0="63,72,131,13,119,55,109,37,66,7,31,118,53" hai1="50,11,101,77,127,73,85,116,54,96,3,88,51" hai2="90,2,68,24,91,89,5,43,44,21,67,76,106" hai3="128,36,23,4,49,48,38,27,1,19,114,12,47"/><U99/><E116/><V123/><F123/><W108/><G114/><T58/><D72/><U40/><E127/><V35/><F106/><W41/><G108/><T56/><D31/><U102/><E73/><V6/><F76/><W10/><G128/><T117/><D109/><U8/><E77/><V32/><F67/><W126/><G126/><T111/><D111/><U103/><E40/><V69/><F69/><W39/><REACH who="3" step="1"/><G48/><REACH who="3" ten="364,224,206,196" step="2"/><N who="0" m="30759" /><D131/><U20/><E51/><V80/><F68/><W100/><G100/><T33/><D37/><U60/><E50/><V26/><F80/><W79/><G79/><T46/><D118/><U71/><E71/><V9/><F5/><W70/><G70/><T115/><D115/><U113/><E113/><V82/><F82/><W112/><G112/><T62/><D119/><U86/><E102/><V65/><F43/><W94/><G94/><T84/><D7/><U75/><E103/><V16/><F44/><W0/><AGARI ba="0,1" hai="0,1,4,10,12,19,23,27,36,38,39,41,47,49" machi="0" ten="40,2700,0" yaku="1,1,0,1,53,0" doraHai="29" doraHaiUra="129" who="3" fromWho="3" sc="364,-7,224,-13,206,-7,196,37" /><INIT seed="2,0,0,2,3,61" ten="357,211,199,233" oya="2" hai0="48,105,46,62,27,17,96,31,50,103,32,112,66" hai1="54,59,87,20,80,23,133,75,134,36,92,19,1" hai2="129,72,128,115,14,30,73,81,102,113,86,118,13" hai3="90,78,29,68,71,107,122,3,89,37,56,108,47"/><V9/><F30/><W49/><G122/><T44/><D112/><N who="2" m="43082" /><F118/><W94/><G108/><T2/><D2/><U131/><E36/><V70/><F70/><W63/><G107/><T26/><D26/><U111/><E111/><V95/><F14/><W117/><G117/><T55/><D17/><U83/><E1/><V42/><F42/><W85/><G3/><T120/><D120/><U76/><E131/><N who="2" m="50251" /><F102/><W123/><G123/><T53/><D62/><N who="1" m="36215" /><E19/><N who="2" m="8623" /><F95/><W77/><G37/><T99/><D96/><U65/><E92/><V126/><F126/><W64/><G29/><T5/><D5/><U127/><E127/><V39/><F39/><W110/><G110/><T38/><D38/><U51/><E20/><V10/><F10/><W104/><G104/><T4/><D4/><U106/><E23/><V28/><F28/><W57/><G68/><T7/><D7/><U100/><E106/><V124/><F124/><W67/><G71/><T52/><D53/><U25/><E100/><V45/><F45/><W40/><G57/><T121/><D121/><U74/><E25/><V18/><F18/><W41/><G40/><T58/><D58/><U6/><E6/><V101/><F101/><W24/><G24/><T33/><D33/><U116/><E116/><V135/><F135/><N who="1" m="51721" /><E83/><V84/><F84/><N who="3" m="52519" /><G64/><AGARI ba="0,0" hai="27,31,32,44,46,48,50,52,55,64,66,99,103,105" machi="64" ten="40,8000,1" yaku="9,1,52,2,54,1" doraHai="61" who="0" fromWho="3" sc="357,80,211,0,199,0,233,-80" /><INIT seed="3,0,0,1,2,80" ten="437,211,199,153" oya="3" hai0="71,79,35,4,94,12,1,134,99,126,31,7,119" hai1="44,67,81,95,2,39,110,5,101,6,60,16,34" hai2="128,52,130,19,77,131,40,106,69,59,22,135,84" hai3="96,54,28,51,13,129,86,33,124,87,112,32,121"/><W27/><G112/><T61/><D119/><U18/><E34/><V113/><F113/><W37/><G121/><T122/><D1/><U104/><E104/><V20/><F106/><W38/><G33/><T93/><D122/><U50/><E39/><V123/><F123/><W15/><G124/><T48/><D134/><U58/><E81/><N who="2" m="47151" /><F69/><W25/><G129/><T132/><D79/><U74/><E74/><V30/><F40/><W100/><G27/><T9/><D132/><U111/><E95/><V92/><F92/><W14/><G37/><T103/><D48/><U45/><E101/><V55/><F135/><W125/><G38/><T11/><D126/><U82/><E82/><V17/><F55/><W53/><G125/><T88/><D61/><U83/><E83/><V76/><F76/><W89/><G89/><T10/><D71/><U85/><E85/><V116/><F116/><W120/><G120/><T42/><D42/><N who="1" m="24855" /><E45/><V63/><F22/><W68/><G68/><T26/><D7/><N who="1" m="2571" /><E2/><V3/><F3/><W73/><G73/><T66/><D66/><U41/><E41/><V117/><F117/><W97/><G54/><T24/><D24/><AGARI ba="0,0" hai="17,19,20,24,30,52,59,63,128,130,131" m="47151" machi="24" ten="30,3900,0" yaku="19,1,52,1,54,1" doraHai="80" who="2" fromWho="0" sc="437,-39,211,0,199,39,153,0" owari="398,49.8,211,-18.9,238,3.8,153,-34.7" /></mjloggm>