<mjloggm ver="2.3"><GO type="225" lobby="0"/><UN n0="%77%72%77%72%77%72%77%72" n1="%E7%89%B9%E6%9D%B1%E3%81%AF%E4%B8%96%E7%95%8C%E3%82%92%E6%95%91%E3%81%86" n2="%E3%81%BF%E3%81%BF%E3%81%9A" n3="%E5%BA%97%E9%95%B7%4D" dan="17,16,18,16" rate="2160.92,2158.34,2244.40,2113.35" sx="M,M,M,M"/><TAIKYOKU oya="0"/><INIT seed="0,0,0,5,2,23" ten="250,250,250,250" oya="0" hai0="33,9,4,107,84,120,108,15,68,18,59,24,60" hai1="121,119,61,53,51,74,91,41,56,12,43,123,0" hai2="132,70,85,95,109,122,135,42,54,50,128,104,27" hai3="66,28,124,118,45,71,105,64,32,25,26,99,20"/><T116/><D116/><U129/><E0/><V90/><F122/><N who="1" m="46601" /><E91/><V57/><F109/><W86/><G118/><T130/><D120/><U114/><E12/><V1/><F128/><W93/><G124/><T2/><D130/><U81/><E81/><V22/><F1/><W63/><G66/><T97/><D108/><U79/><E79/><V134/><F104/><W58/><G45/><T8/><D68/><U21/><E21/><V112/><F70/><W113/><G113/><T39/><D39/><U19/><E19/><N who="2" m="12767" /><F42/><W75/><G75/><T88/><D107/><U100/><E100/><V6/><F6/><W44/><G44/><T102/><D102/><U49/><E74/><V115/><AGARI ba="0,0" hai="50,54,57,85,90,95,112,115,132,134,135" m="12767" machi="115" ten="40,2700,0" yaku="20,1,52,1" doraHai="23" who="2" fromWho="2" sc="250,-13,250,-7,250,27,250,-7" /><INIT seed="1,0,0,0,0,48" ten="237,243,277,243" oya="1" hai0="94,27,106,87,11,14,20,15,24,122,43,50,41" hai1="69,4,42,49,30,60,8,115,130,91,17,63,111" hai2="56,118,132,95,99,133,135,108,10,120,129,28,18" hai3="96,124,55,47,65,90,3,25,2,12,114,128,38"/><U67/><E115/><V1/><F118/><W83/><G114/><T31/><D106/><U45/><E130/><V125/><F120/><W62/><G124/><T52/><D122/><U16/><E111/><V5/><F108/><W93/><G128/><T19/><D15/><U68/><E30/><V61/><F129/><W76/><G12/><T112/><D112/><U44/><E91/><V64/><F125/><W32/><G25/><T33/><D94/><U46/><E46/><V107/><F18/><W26/><G26/><T51/><D51/><U123/><E123/><V121/><F121/><W82/><G82/><T73/><D87/><U13/><REACH who="1" step="1"/><E44/><REACH who="1" ten="237,233,277,243" step="2"/><V66/><F28/><W36/><G32/><T79/><D79/><U102/><E102/><V23/><F133/><W110/><G110/><T86/><D73/><U71/><E71/><V39/><F132/><W37/><G47/><T72/><D72/><U127/><E127/><V29/><F135/><W80/><G80/><T104/><D86/><U6/><E6/><V131/><F131/><W92/><G83/><T105/><D43/><U70/><E70/><V0/><F29/><W103/><G76/><T57/><D41/><U40/><E40/><V84/><F5/><AGARI ba="0,1" hai="5,11,14,19,20,24,27,31,33,50,52,57,104,105" machi="5" ten="30,3900,0" yaku="7,1,52,1,54,1" doraHai="48" who="0" fromWho="2" sc="237,49,233,0,277,-39,243,0" /><INIT seed="2,0,0,2,4,63" ten="286,233,238,243" oya="2" hai0="24,25,46,0,118,93,107,23,37,112,73,32,109" hai1="125,29,59,13,84,54,48,81,89,96,45,121,68" hai2="114,9,103,10,5,80,7,100,64,83,50,88,4" hai3="90,115,40,57,35,135,43,67,18,133,21,61,123"/><V42/><F114/><W2/><G35/><T128/><RYUUKYOKU type="yao9" ba="0,0" sc="286,0,233,0,238,0,243,0" hai0="0,23,24,25,32,37,46,73,93,107,109,112,118,128" /><INIT seed="2,1,0,4,4,76" ten="286,233,238,243" oya="2" hai0="131,73,135,30,49,103,57,35,124,4,75,119,85" hai1="112,110,88,74,21,130,99,126,32,116,19,36,3" hai2="52,38,66,2,6,72,64,113,13,27,63,106,24" hai3="86,23,115,105,8,39,50,29,134,1,51,59,0"/><V5/><F113/><W56/><G39/><T83/><D131/><U133/><E88/><V127/><F72/><W84/><G105/><T117/><D135/><U55/><E55/><V94/><F106/><W62/><G134/><T92/><D124/><U18/><E18/><V69/><F38/><W96/><G115/><T91/><D4/><N who="2" m="1642" /><F69/><W20/><G96/><N who="0" m="59783" /><D30/><U15/><E15/><V43/><F2/><W41/><G29/><T70/><D35/><U71/><E21/><V102/><F43/><W61/><G41/><T120/><D70/><U44/><E44/><V78/><F78/><W80/><REACH who="3" step="1"/><G8/><REACH who="3" ten="286,233,238,233" step="2"/><T65/><D120/><U12/><E112/><V48/><F127/><W109/><G109/><T128/><D119/><U26/><E110/><V34/><F34/><W37/><G37/><T114/><D117/><U40/><E36/><V87/><F102/><W11/><G11/><T95/><D114/><U47/><E116/><V82/><F13/><W89/><G89/><T79/><D128/><U122/><E12/><V77/><F94/><W104/><G104/><T68/><D95/><U97/><E32/><V46/><F63/><W129/><G129/><T7/><D91/><U25/><E130/><V107/><F107/><W100/><G100/><T90/><D90/><U10/><E126/><V93/><F93/><W58/><G58/><T101/><D101/><U118/><E118/><V22/><F24/><W54/><G54/><T123/><D123/><U45/><E122/><V31/><AGARI ba="1,1" hai="22,27,31,46,48,52,64,66,77,82,87" m="1642" machi="31" ten="30,6000,0" yaku="8,1,52,1,54,1" doraHai="76" who="2" fromWho="2" sc="286,-21,233,-21,238,73,233,-21" /><INIT seed="2,2,0,1,4,91" ten="265,212,311,212" oya="2" hai0="113,74,65,52,106,16,121,79,29,23,8,135,39" hai1="84,134,76,41,69,27,10,34,47,104,98,133,45" hai2="90,21,60,50,48,131,125,82,112,132,63,28,72" hai3="70,105,108,18,11,1,102,42,54,83,51,89,33"/><V81/><F112/><W32/><G70/><T100/><D113/><U127/><E69/><V62/><F125/><W103/><G108/><T126/><D121/><U3/><E127/><V20/><F131/><W118/><G118/><T5/><D126/><U36/><E47/><V49/><F132/><N who="1" m="50793" /><E76/><V111/><F111/><W6/><G42/><T31/><D39/><U59/><E84/><V56/><F56/><W24/><G18/><T12/><D65/><U4/><E59/><V40/><F40/><W44/><G105/><T88/><D135/><U78/><E78/><V75/><F90/><W110/><G110/><T68/><D68/><U97/><E104/><V19/><F28/><AGARI ba="2,0" hai="3,4,10,27,28,34,36,41,45,97,98" m="50793" machi="28" ten="30,1000,0" yaku="20,1" doraHai="91" who="1" fromWho="2" sc="265,0,212,16,311,-16,212,0" /><INIT seed="3,0,0,3,0,28" ten="265,228,295,212" oya="3" hai0="17,78,121,70,6,98,60,105,29,68,4,113,1" hai1="56,87,43,59,133,32,101,23,102,71,120,99,67" hai2="88,89,114,27,55,53,85,25,110,58,119,132,94" hai3="62,126,21,80,57,54,5,3,129,79,18,96,81"/><W118/><G118/><T122/><D78/><U107/><E120/><V112/><F119/><W52/><G126/><T45/><D113/><U65/><E133/><V46/><F132/><W61/><G129/><T77/><D77/><U95/><E43/><V106/><F106/><W20/><G3/><T66/><D68/><U51/><E23/><V74/><F74/><W84/><G5/><T15/><D45/><U75/><E75/><V33/><F110/><W40/><G40/><T109/><D109/><U42/><E102/><V16/><F33/><W7/><G7/><T10/><D29/><U115/><E115/><V124/><F124/><W130/><G130/><T41/><D41/><U38/><E38/><V48/><F112/><W97/><G81/><T35/><D35/><U63/><E65/><V13/><F89/><W19/><G61/><T0/><D6/><U73/><E73/><V72/><F72/><W90/><G54/><T39/><D39/><U82/><E95/><V34/><F34/><W49/><G62/><T108/><D108/><U93/><E93/><V30/><F30/><W86/><G84/><T69/><D69/><U12/><E12/><V64/><F64/><W111/><G111/><T36/><D36/><U127/><E32/><V103/><F103/><W11/><G11/><N who="0" m="6399" /><D0/><U14/><E127/><V91/><F91/><W116/><G116/><T117/><D117/><U100/><E100/><V2/><F2/><W9/><G9/><T123/><D123/><U8/><E42/><N who="2" m="24663" /><F114/><W22/><G79/><T134/><D134/><U50/><E71/><V26/><F58/><RYUUKYOKU ba="0,0" sc="265,10,228,-30,295,10,212,10" hai0="1,4,10,60,66,70,98,105,121,122" hai2="13,16,25,26,27,53,55,85,88,94" hai3="18,19,20,21,22,49,52,57,80,86,90,96,97" /><INIT seed="3,1,0,3,0,28" ten="275,198,305,222" oya="3" hai0="43,5,1,125,107,81,22,77,108,120,93,60,31" hai1="74,73,13,12,117,100,62,121,63,42,130,2,76" hai2="51,105,53,34,102,95,29,17,72,127,94,23,91" hai3="113,27,47,109,103,36,45,64,70,10,57,14,21"/><W65/><G113/><T85/><D120/><U128/><E121/><V35/><F72/><N who="1" m="27753" /><E2/><V115/><F115/><W119/><G70/><T97/><D108/><U135/><E100/><V11/><F11/><W0/><G0/><T50/><D107/><U59/><E42/><V37/><F37/><W55/><G119/><T129/><D129/><N who="1" m="49771" /><E76/><V18/><F29/><N who="3" m="17647" /><G103/><T126/><D60/><N who="1" m="23083" /><E59/><V52/><F105/><W24/><G24/><T112/><D112/><U7/><E7/><V54/><F102/><W123/><G123/><T46/><D5/><U19/><E19/><V30/><F30/><W48/><G109/><T16/><D31/><U89/><E89/><V101/><F101/><W114/><G114/><T44/><D1/><U66/><E66/><N who="3" m="25706" /><G36/><T39/><D39/><U6/><E6/><AGARI ba="1,0" hai="6,10,14,45,47,48,55,57" m="25706,17647" machi="6" ten="30,1500,0" yaku="8,1" doraHai="28" who="3" fromWho="1" sc="275,0,198,-18,305,0,222,18" /><INIT seed="3,2,0,4,0,65" ten="275,180,305,240" oya="3" hai0="8,27,78,134,69,85,97,118,16,86,55,84,6" hai1="135,96,18,58,70,120,12,24,93,112,30,79,124" hai2="110,83,107,101,103,49,11,72,21,28,56,0,5" hai3="131,63,33,114,75,113,15,66,64,52,102,14,34"/><W88/><G75/><T13/><D69/><U22/><E135/><V2/><F110/><W9/><G102/><T29/><D118/><U94/><E124/><V132/><F132/><W82/><G131/><T47/><D134/><U20/><E120/><V44/><F107/><W90/><G82/><T51/><D97/><U104/><E112/><N who="3" m="43114" /><G34/><T1/><D78/><U106/><E79/><V87/><F0/><W77/><G33/><T67/><D67/><N who="3" m="25641" /><G77/><T23/><D84/><U119/><E119/><V128/><F56/><W89/><G9/><AGARI ba="2,0" hai="1,6,8,9,13,16,23,27,29,47,51,55,85,86" machi="9" ten="30,2000,0" yaku="7,1,54,1" doraHai="65" who="0" fromWho="3" sc="275,26,180,0,305,0,240,-26" owari="301,10.1,180,-32.0,305,40.5,214,-18.6" /></mjloggm>