<mjloggm ver="2.3"><GO type="225" lobby="0"/><UN n0="%6D%75%75%6D%75%72%61" n1="%E7%BD%AA%E5%88%91%E6%B3%95%E5%AE%9A%E4%B8%BB%E7%BE%A9" n2="%E3%81%AF%E3%82%88%E3%81%8A%E3%81%98%E3%81%95%E3%82%93" n3="%E3%81%8C%E3%81%9F" dan="16,16,17,17" rate="2170.53,2138.92,2218.39,2200.77" sx="F,M,M,F"/><TAIKYOKU oya="0"/><INIT seed="0,0,0,5,1,84" ten="250,250,250,250" oya="0" hai0="131,115,132,31,79,126,63,38,118,91,51,19,113" hai1="2,105,98,103,65,70,16,26,3,45,120,114,112" hai2="61,81,69,77,42,107,39,108,125,40,121,82,20" hai3="90,122,104,97,6,17,49,11,46,95,83,44,57"/><T1/><D118/><U119/><E119/><V101/><F121/><W134/><G122/><T66/><D38/><U9/><E120/><V123/><F123/><W106/><G134/><T41/><D132/><U116/><E116/><V96/><F108/><W18/><G83/><T130/><D1/><U133/><E133/><V29/><F125/><W47/><G104/><T111/><D79/><U56/><E70/><V50/><F39/><W94/><G106/><T64/><D126/><U62/><E45/><V35/><F20/><W76/><G76/><T67/><D31/><U55/><E65/><N who="0" m="25193" /><D19/><N who="3" m="7177" /><G95/><T23/><D23/><N who="1" m="13671" /><E9/><V92/><F107/><W7/><G11/><T48/><D111/><U78/><E78/><V30/><F82/><W74/><G74/><T53/><D91/><U33/><E33/><V86/><F35/><W60/><G49/><N who="0" m="19019" /><D53/><AGARI ba="0,0" hai="6,7,44,46,47,53,57,60,90,94,97" m="7177" machi="53" ten="30,2000,0" yaku="8,1,52,1" doraHai="84" who="3" fromWho="0" sc="250,-20,250,0,250,0,250,20" /><INIT seed="1,0,0,0,1,2" ten="230,250,250,270" oya="1" hai0="29,99,42,27,16,121,24,98,119,21,53,104,82" hai1="105,68,48,111,10,113,31,123,70,5,73,35,134" hai2="38,51,62,14,87,65,37,6,9,116,95,44,72" hai3="128,26,96,126,115,85,50,49,131,11,76,135,101"/><U125/><RYUUKYOKU type="yao9" ba="0,0" sc="230,0,250,0,250,0,270,0" hai1="5,10,31,35,48,68,70,73,105,111,113,123,125,134" /><INIT seed="1,1,0,1,5,43" ten="230,250,250,270" oya="1" hai0="96,131,80,111,50,134,28,106,35,89,65,4,71" hai1="95,2,11,121,58,120,55,0,36,117,67,29,109" hai2="14,12,62,44,52,69,92,30,33,76,42,74,77" hai3="101,107,34,61,98,97,82,24,79,86,32,93,57"/><U100/><E117/><V81/><F76/><W21/><G97/><T49/><D111/><U122/><E36/><V9/><F92/><W113/><G107/><T70/><D131/><U39/><E39/><V84/><F74/><W5/><G5/><T23/><D134/><U3/><E109/><V88/><F77/><W8/><G8/><T18/><D4/><U90/><E100/><V47/><F69/><W46/><G46/><T56/><D80/><U19/><E29/><V110/><F110/><W115/><G115/><T17/><D35/><U105/><E105/><V135/><F135/><W116/><G113/><T59/><D106/><U7/><E67/><V31/><F14/><W108/><G116/><T48/><D28/><N who="2" m="10794" /><F42/><W130/><G130/><T102/><D102/><U99/><REACH who="1" step="1"/><E19/><REACH who="1" ten="230,240,250,270" step="2"/><N who="2" m="8591" /><F33/><W27/><G108/><T112/><D112/><U83/><E83/><V87/><F87/><W133/><G133/><T78/><D96/><U40/><E40/><V66/><F66/><N who="3" m="39215" /><G32/><T91/><D65/><U118/><E118/><V103/><F103/><W124/><G34/><T114/><D114/><U64/><E64/><V41/><F41/><W45/><G101/><T132/><D132/><U38/><E38/><V75/><F75/><W73/><G73/><T63/><D71/><U119/><E119/><V37/><F37/><W85/><G82/><T72/><D70/><U104/><E104/><V6/><F6/><W68/><G68/><T25/><D72/><U54/><E54/><V26/><F26/><W94/><G24/><T1/><D25/><U22/><E22/><V16/><F16/><RYUUKYOKU ba="1,1" sc="230,-15,240,15,250,15,270,-15" hai1="0,2,3,7,11,55,58,90,95,99,120,121,122" hai2="44,47,52,62,81,84,88" /><INIT seed="1,2,1,1,5,60" ten="215,255,265,255" oya="1" hai0="112,39,3,107,81,72,92,75,71,49,74,108,33" hai1="68,117,42,46,38,125,19,89,27,31,119,109,116" hai2="34,40,110,67,25,70,83,118,50,8,73,86,132" hai3="114,15,76,133,94,87,41,7,93,113,47,79,56"/><U16/><E68/><V97/><F118/><W13/><G133/><T22/><D107/><U115/><E115/><V28/><F132/><W35/><G35/><T131/><D33/><U51/><E125/><V2/><F110/><W126/><G126/><T78/><D112/><U88/><E109/><V102/><F73/><W124/><G124/><T91/><D108/><U134/><E134/><V9/><F2/><W82/><G113/><T0/><D39/><U98/><E38/><V104/><F50/><N who="3" m="26991" /><G114/><T6/><D131/><U122/><E122/><V128/><F40/><W54/><G79/><T44/><D71/><U85/><E98/><V96/><F97/><W20/><G20/><T77/><D22/><U65/><E65/><V99/><F96/><W84/><G84/><T32/><D32/><U29/><E89/><V48/><F48/><N who="3" m="30791" /><G13/><T63/><D63/><U57/><E57/><V4/><F128/><W135/><G135/><T64/><D64/><U111/><E111/><V43/><F43/><W69/><G69/><T14/><D0/><U59/><E59/><V10/><F70/><W123/><G123/><T21/><D3/><U66/><E66/><V101/><F102/><W11/><AGARI ba="2,1" hai="7,11,15,76,82,87,93,94" m="30791,26991" machi="11" ten="30,2000,0" yaku="25,1,8,1" doraHai="60" who="3" fromWho="3" sc="215,-7,255,-12,265,-7,255,36" /><INIT seed="2,0,0,5,5,99" ten="208,243,258,291" oya="2" hai0="53,37,13,105,93,29,134,75,7,16,36,48,96" hai1="116,26,52,109,9,125,81,94,55,50,132,112,43" hai2="46,95,4,110,24,74,117,70,27,91,133,108,127" hai3="34,3,59,31,97,135,121,42,17,78,30,21,68"/><V103/><F117/><W22/><G121/><T45/><D134/><U10/><E116/><V104/><F70/><W0/><G68/><T40/><D75/><U88/><E112/><V33/><F74/><W15/><G78/><T76/><D76/><U41/><E132/><V124/><F4/><W51/><G135/><T90/><D105/><U115/><E115/><V5/><F5/><W83/><G83/><T77/><D77/><U54/><E109/><N who="2" m="42091" /><F133/><W85/><G85/><T6/><D29/><U128/><E125/><N who="2" m="48203" /><F46/><W119/><G119/><T64/><D64/><U106/><E106/><V14/><F14/><W65/><G15/><T126/><D126/><U73/><E128/><V71/><F71/><W2/><G2/><T114/><D114/><U35/><E35/><V47/><F47/><W113/><G34/><T20/><REACH who="0" step="1"/><D36/><REACH who="0" ten="198,243,258,291" step="2"/><U57/><E73/><V19/><F33/><W111/><G113/><T123/><D123/><U49/><E81/><V129/><F129/><W63/><G111/><T89/><D89/><U25/><E88/><V12/><F104/><W1/><G30/><T44/><AGARI ba="0,1" hai="6,7,13,16,20,37,40,44,45,48,53,90,93,96" machi="44" ten="20,8000,1" yaku="1,1,0,1,7,1,54,1,53,1" doraHai="99" doraHaiUra="39" who="0" fromWho="0" sc="198,90,243,-20,258,-40,291,-20" /><INIT seed="3,0,0,4,2,38" ten="288,223,218,271" oya="3" hai0="19,46,98,0,105,36,89,99,47,73,51,83,31" hai1="54,30,126,29,39,42,53,96,9,103,58,135,24" hai2="27,113,21,12,4,111,20,79,25,65,77,34,68" hai3="88,110,55,5,84,128,91,92,52,61,132,48,33"/><W50/><G33/><T134/><D0/><U133/><E9/><N who="2" m="4135" /><F113/><W114/><G114/><T115/><D115/><U11/><E11/><V7/><F68/><W26/><G128/><T112/><D112/><U76/><E76/><N who="2" m="29259" /><F34/><W60/><G132/><N who="1" m="50762" /><E126/><V87/><F111/><W106/><G106/><T129/><D105/><N who="1" m="63719" /><E58/><V117/><F117/><W17/><G110/><T43/><D129/><U124/><E124/><V101/><F101/><W80/><G5/><T2/><D2/><U131/><E131/><V95/><F7/><W6/><G6/><T71/><D71/><U1/><E1/><V102/><F65/><W82/><G17/><T63/><D19/><U13/><E13/><V100/><F100/><W104/><G26/><N who="2" m="9737" /><F87/><N who="3" m="52255" /><G104/><T86/><D134/><U41/><E39/><V75/><F75/><W56/><G82/><T119/><D73/><U125/><E125/><V14/><F14/><W85/><G85/><T127/><D119/><U120/><E29/><V121/><F121/><W40/><G40/><N who="1" m="15466" /><E120/><V35/><F35/><AGARI ba="0,0" hai="24,30,35,53,54" m="15466,63719,50762" machi="35" ten="30,7700,0" yaku="20,1,52,3" doraHai="38" who="1" fromWho="2" sc="288,0,223,77,218,-77,271,0" owari="288,8.8,300,40.0,141,-35.9,271,-12.9" /></mjloggm>