<mjloggm ver="2.3"><GO type="225" lobby="0"/><UN n0="%33%74%72%65%65" n1="%E3%81%99%E3%81%84%E3%81%BE%E3%81%9B%E3%83%BC%E3%82%93" n2="%E3%81%B5%E3%81%98%E3%81%8B%E3%81%A4" n3="%E6%B0%B7%E5%B7%9D%E9%87%8C%E5%A5%88" dan="16,18,16,16" rate="2077.37,2192.92,2165.03,2073.52" sx="F,M,M,F"/><TAIKYOKU oya="0"/><INIT seed="0,0,0,1,1,14" ten="250,250,250,250" oya="0" hai0="86,60,7,5,88,24,126,111,102,33,99,9,73" hai1="100,92,108,45,119,130,75,104,12,81,94,28,37" hai2="30,21,15,41,57,34,123,66,1,65,25,47,58" hai3="61,120,55,132,113,93,129,23,106,82,103,121,116"/><T32/><D73/><U40/><E119/><V83/><F123/><N who="3" m="47179" /><G116/><T31/><D126/><U3/><E3/><V76/><F1/><W95/><G113/><T17/><D111/><U70/><E108/><V117/><F117/><W44/><G129/><T19/><D32/><U78/><E130/><V49/><F58/><N who="3" m="35039" /><G132/><T89/><D60/><U11/><E70/><V101/><F101/><W96/><G82/><T42/><D42/><U62/><E62/><V50/><F50/><W29/><G44/><T110/><D110/><U0/><E28/><V4/><F57/><W10/><G10/><T68/><D68/><U90/><E90/><V128/><F128/><W79/><G79/><T67/><D67/><U107/><E0/><V13/><F13/><W18/><G29/><T80/><D89/><U114/><E114/><V8/><REACH who="2" step="1"/><F34/><REACH who="2" ten="250,250,240,250" step="2"/><W63/><G63/><T54/><D54/><U87/><E100/><V36/><F36/><W26/><AGARI ba="0,1" hai="18,23,26,93,95,96,103,106" m="35039,47179" machi="26" ten="30,2000,0" yaku="13,1,52,1" doraHai="14" who="3" fromWho="3" sc="250,-10,250,-5,240,-5,250,30" /><INIT seed="1,0,0,1,2,65" ten="240,245,235,280" oya="1" hai0="14,7,29,10,84,127,64,45,55,134,110,95,68" hai1="99,66,18,79,103,104,89,43,82,128,50,67,87" hai2="111,98,106,94,24,47,131,112,38,12,117,41,2" hai3="22,49,119,0,32,46,17,37,62,19,48,53,129"/><U3/><E128/><V30/><F117/><W96/><G32/><T105/><D110/><U135/><E135/><V81/><F131/><W6/><G129/><T88/><D134/><U123/><E123/><V25/><F111/><W93/><G119/><T4/><D127/><U116/><E116/><V33/><F2/><W61/><G37/><T57/><D105/><U59/><E3/><V125/><F106/><W20/><G6/><T8/><D29/><U23/><E79/><V11/><F125/><W91/><G0/><T71/><D45/><U124/><E124/><V58/><F58/><W26/><REACH who="3" step="1"/><G49/><REACH who="3" ten="240,245,235,270" step="2"/><T126/><D126/><U34/><E34/><V54/><F112/><W40/><G40/><T44/><D44/><U109/><E109/><V102/><F33/><W122/><G122/><T85/><D7/><U5/><E5/><V76/><F38/><W21/><G21/><T108/><D108/><U36/><E36/><V100/><F41/><W73/><G73/><T13/><D4/><U97/><E43/><V74/><F47/><W77/><G77/><T1/><D1/><U120/><E120/><V60/><F76/><W63/><G63/><T52/><D8/><U16/><E23/><N who="2" m="15647" /><F60/><W121/><G121/><T35/><D35/><U83/><E50/><V92/><F74/><W80/><G80/><T113/><D113/><U75/><E75/><V31/><F81/><W90/><G90/><T78/><D78/><N who="1" m="46551" /><E83/><V70/><F11/><W15/><AGARI ba="0,1" hai="15,17,19,20,22,26,46,48,53,61,62,91,93,96" machi="15" ten="20,5200,0" yaku="1,1,0,1,7,1,8,1,53,0" doraHai="65" doraHaiUra="72" who="3" fromWho="3" sc="240,-13,245,-26,235,-13,270,62" /><INIT seed="2,0,0,1,0,133" ten="227,219,222,332" oya="2" hai0="71,29,52,121,87,69,26,90,104,88,45,129,51" hai1="5,135,86,92,6,94,35,101,31,19,49,134,8" hai2="77,24,85,44,112,63,113,80,100,55,28,22,122" hai3="41,117,116,67,10,111,46,98,11,1,56,96,123"/><V93/><F122/><W103/><G123/><T32/><D129/><U34/><E101/><V132/><F132/><N who="1" m="50729" /><E49/><V14/><F14/><W130/><G111/><T125/><D121/><U61/><E61/><V83/><F83/><W33/><G33/><N who="1" m="12298" /><E31/><V13/><F13/><W110/><G110/><T81/><D104/><U9/><E19/><V50/><REACH who="2" step="1"/><F63/><REACH who="2" ten="227,219,212,332" step="2"/><W107/><G130/><T23/><D125/><U27/><E27/><V99/><AGARI ba="0,1" hai="22,24,28,44,50,55,77,80,85,93,99,100,112,113" machi="99" ten="30,11700,0" yaku="1,1,2,1,0,1,53,1" doraHai="133" doraHaiUra="76" who="2" fromWho="2" sc="227,-39,219,-39,212,127,332,-39" /><INIT seed="2,1,0,3,4,19" ten="188,180,339,293" oya="2" hai0="53,84,94,4,39,10,61,95,100,62,72,80,131" hai1="14,60,135,83,133,42,46,9,55,118,20,97,33" hai2="128,73,96,13,11,114,67,21,56,32,47,0,112" hai3="113,78,17,15,92,59,2,86,105,50,6,51,108"/><V44/><F32/><W41/><G105/><T7/><D131/><U35/><E118/><V52/><F128/><W23/><G108/><T24/><D72/><U115/><E115/><V119/><F73/><W81/><G113/><T68/><D39/><U130/><E130/><V18/><F119/><W8/><G41/><T65/><D24/><U22/><E83/><V38/><F67/><W93/><G93/><T63/><D4/><U31/><E97/><V99/><F114/><W75/><G75/><T117/><D117/><U16/><E55/><V85/><F0/><W64/><REACH who="3" step="1"/><G92/><REACH who="3" ten="188,180,339,283" step="2"/><T87/><D94/><U34/><E60/><AGARI ba="1,1" hai="2,6,8,15,17,23,50,51,59,60,64,78,81,86" machi="60" ten="40,5200,0" yaku="1,1,2,1,52,1,53,0" doraHai="19" doraHaiUra="132" who="3" fromWho="1" sc="188,0,180,-55,339,0,283,65" /><INIT seed="3,0,0,2,1,51" ten="188,125,339,348" oya="3" hai0="118,46,4,38,132,122,83,87,102,56,100,0,57" hai1="39,86,18,119,108,11,20,52,98,25,33,103,17" hai2="128,107,58,13,89,117,85,15,7,93,77,95,43" hai3="110,127,67,2,31,76,6,35,42,99,27,23,91"/><W10/><G127/><T22/><D118/><U96/><E39/><V49/><F117/><W134/><G76/><T120/><D132/><U32/><E119/><V130/><F107/><W71/><G134/><T109/><D109/><U104/><E108/><V65/><F77/><W36/><G110/><T121/><D0/><U92/><E86/><V48/><F7/><W40/><G36/><T19/><D4/><U30/><E11/><V60/><F95/><W116/><G116/><T50/><D38/><U111/><E111/><V62/><F62/><W72/><G72/><T135/><D100/><U94/><E104/><V129/><F49/><W82/><G67/><T24/><D102/><U55/><E33/><V5/><F5/><W9/><G71/><T97/><D97/><U101/><E17/><V61/><F61/><W90/><G10/><T34/><D34/><U80/><E80/><V124/><F124/><W29/><G29/><T69/><D69/><U26/><AGARI ba="0,0" hai="18,20,25,26,30,32,52,55,92,94,96,98,101,103" machi="26" ten="20,12000,2" yaku="0,1,7,1,9,1,52,2,54,1" doraHai="51" who="1" fromWho="1" sc="188,-30,125,120,339,-30,348,-60" owari="158,-34.2,245,-15.5,309,40.9,288,8.8" /></mjloggm>