<mjloggm ver="2.3"><GO type="225" lobby="0"/><UN n0="%28%EF%BF%A3%E2%96%BD%EF%BF%A3%29%CE%B4%E2%8C%92%E3%83%BB" n1="%77%72%77%72%77%72%77%72" n2="%E3%81%A4%E3%81%A3%E3%81%B1%E3%82%8A%E3%83%9D%E3%83%BC%E3%83%AB" n3="%E3%82%BD%E3%83%AB%E3%83%88%E3%82%AF%E3%83%AA%E3%83%BC%E3%82%AF" dan="16,17,16,16" rate="2207.06,2211.12,2137.22,2105.67" sx="M,M,M,M"/><TAIKYOKU oya="0"/><INIT seed="0,0,0,1,2,2" ten="250,250,250,250" oya="0" hai0="111,122,86,47,131,118,33,103,3,129,108,60,127" hai1="11,75,80,29,18,119,59,74,34,134,113,79,117" hai2="37,76,45,81,121,27,128,32,6,40,36,100,8" hai3="16,61,104,99,17,56,91,109,95,85,25,22,67"/><T46/><D33/><U105/><E74/><N who="2" m="43159" /><F100/><W21/><G109/><N who="0" m="42059" /><D118/><U71/><E71/><V20/><F121/><W88/><G104/><T26/><D122/><U4/><E134/><V23/><F37/><W12/><G85/><T102/><D3/><U49/><E113/><V87/><F87/><W82/><G82/><T112/><D26/><U135/><E135/><V1/><F128/><N who="0" m="49226" /><D112/><U126/><E126/><V69/><F69/><W101/><AGARI ba="0,0" hai="12,16,17,21,22,25,56,61,67,88,91,95,99,101" machi="101" ten="20,8000,1" yaku="0,1,7,1,8,1,54,2" doraHai="2" who="3" fromWho="3" sc="250,-40,250,-20,250,-20,250,80" /><INIT seed="1,0,0,3,4,3" ten="210,230,230,330" oya="1" hai0="69,101,115,74,94,18,9,63,116,32,122,77,20" hai1="41,73,90,133,120,97,62,104,88,102,56,91,14" hai2="21,37,23,57,82,30,42,55,16,47,75,43,58" hai3="48,96,84,0,24,38,8,124,129,117,26,123,87"/><U19/><E120/><V99/><F43/><W71/><G38/><T1/><D32/><U110/><E133/><V13/><F99/><W45/><G71/><T36/><D36/><U135/><E135/><V83/><F75/><W111/><G123/><T17/><D122/><U105/><E73/><V81/><REACH who="2" step="1"/><F55/><REACH who="2" ten="210,230,220,330" step="2"/><W12/><G96/><T25/><D74/><U107/><E41/><V70/><F70/><W92/><G87/><T53/><D69/><U78/><E110/><V68/><F68/><W7/><G84/><T98/><D53/><U131/><E131/><V65/><F65/><W121/><G129/><T4/><D98/><U29/><E97/><V119/><F119/><W130/><G117/><T33/><D116/><U22/><E102/><V118/><F118/><W15/><G111/><T61/><D101/><U35/><E107/><V46/><F46/><W31/><G45/><T76/><D115/><U27/><REACH who="1" step="1"/><E78/><REACH who="1" ten="210,220,220,330" step="2"/><V2/><F2/><W132/><G0/><T106/><D1/><U112/><E112/><V51/><F51/><W125/><G48/><T66/><D77/><U134/><E134/><V95/><F95/><W44/><G92/><T64/><D94/><U89/><N who="1" m="22528" /><DORA hai="80" /><U5/><E5/><V52/><F52/><AGARI ba="0,2" hai="14,19,22,27,29,35,52,56,62,104,105" m="22528" machi="52" ten="50,9600,0" yaku="1,1,54,2,53,0" doraHai="3,80" doraHaiUra="126,93" who="1" fromWho="2" sc="210,0,220,116,220,-96,330,0" /><INIT seed="1,1,0,4,5,30" ten="210,336,124,330" oya="1" hai0="25,78,122,20,52,124,47,34,44,119,39,15,56" hai1="98,26,114,61,130,131,132,96,14,4,45,17,16" hai2="1,111,12,127,113,64,118,102,86,21,69,54,49" hai3="9,2,36,32,75,104,71,31,103,46,63,3,112"/><U38/><E114/><V37/><F1/><W94/><G94/><T129/><D119/><U135/><E61/><V83/><F37/><W88/><G88/><T110/><D122/><U107/><E4/><V89/><F118/><W85/><G85/><T92/><D110/><U101/><E96/><V128/><F111/><W57/><G57/><T59/><D129/><N who="1" m="49163" /><E26/><V77/><F128/><W10/><G10/><T126/><D78/><U109/><E109/><V80/><F113/><W90/><G90/><T6/><D92/><U19/><E14/><V106/><F127/><N who="0" m="48682" /><D59/><U27/><E27/><V123/><F123/><W51/><G51/><N who="0" m="30751" /><D39/><U93/><E93/><V5/><F106/><W62/><G103/><T28/><D6/><U60/><E60/><V70/><F102/><W72/><G63/><T41/><D41/><AGARI ba="1,0" hai="16,17,19,38,41,45,98,101,107,132,135" m="49163" machi="41" ten="40,3900,0" yaku="19,1,54,1" doraHai="30" who="1" fromWho="0" sc="210,-42,336,42,124,0,330,0" /><INIT seed="1,2,0,4,4,96" ten="168,378,124,330" oya="1" hai0="3,101,98,130,31,34,85,116,112,129,50,102,81" hai1="47,27,21,66,52,131,72,77,13,104,58,71,106" hai2="8,16,4,20,32,36,94,28,103,133,100,110,79" hai3="48,132,127,111,49,119,6,109,26,25,113,135,105"/><U128/><E47/><V46/><F79/><W11/><G105/><T122/><D3/><U29/><E13/><N who="2" m="9231" /><F110/><N who="3" m="41995" /><G113/><T23/><D34/><U40/><E40/><N who="2" m="22791" /><F94/><W63/><G63/><T114/><D116/><U19/><E19/><V99/><F99/><W69/><G69/><T37/><D37/><U12/><E12/><V38/><F38/><W53/><G127/><T35/><D35/><U70/><E77/><V62/><F62/><W75/><G75/><T7/><D7/><U117/><E72/><V59/><F59/><N who="3" m="33191" /><G49/><T73/><D73/><U108/><E108/><V86/><F86/><W83/><G83/><T125/><D125/><U22/><E117/><V80/><F80/><W45/><G45/><T39/><D39/><U33/><E106/><V0/><F133/><N who="3" m="51275" /><G119/><T123/><D50/><N who="1" m="30999" /><E104/><V9/><F9/><W10/><G10/><T126/><D126/><U82/><E82/><V67/><F67/><W74/><G74/><T121/><D98/><U64/><E64/><V42/><F42/><W54/><G54/><T1/><D1/><AGARI ba="2,0" hai="1,6,11,25,26" m="51275,33191,41995" machi="1" ten="30,2000,0" yaku="14,1,20,1" doraHai="96" who="3" fromWho="0" sc="168,-26,378,0,124,0,330,26" /><INIT seed="2,0,0,5,3,127" ten="142,378,124,356" oya="2" hai0="86,130,84,108,65,57,118,22,38,97,17,25,40" hai1="73,67,119,15,46,10,20,104,43,62,71,91,3" hai2="80,76,53,75,21,44,27,88,45,106,51,68,58" hai3="49,133,29,41,66,2,95,103,11,129,111,26,59"/><V63/><F106/><W42/><G133/><T35/><D35/><U82/><E119/><V8/><F8/><W69/><G69/><T13/><D118/><U0/><E20/><V83/><F68/><W50/><G2/><T36/><D108/><U107/><E91/><V77/><F51/><W131/><G11/><T98/><D40/><N who="3" m="15465" /><G95/><T9/><D38/><N who="1" m="21879" /><E15/><V85/><REACH who="2" step="1"/><F77/><REACH who="2" ten="142,378,114,356" step="2"/><W12/><G50/><T31/><D36/><U121/><E10/><V79/><F79/><W64/><G49/><T105/><D105/><N who="1" m="40523" /><E121/><V78/><F78/><AGARI ba="0,1" hai="0,3,62,67,71,73,78,82" m="40523,21879" machi="78" ten="30,2000,0" yaku="33,2" doraHai="127" who="1" fromWho="2" sc="142,0,378,30,114,-20,356,0" /><INIT seed="3,0,0,4,4,133" ten="142,408,94,356" oya="3" hai0="31,39,65,124,114,59,22,106,50,57,1,3,82" hai1="41,89,55,66,110,36,74,24,115,84,77,116,125" hai2="42,13,12,71,40,20,92,14,105,132,111,80,7" hai3="134,122,10,44,8,5,45,61,95,16,104,6,98"/><W64/><G122/><T118/><D39/><U72/><E115/><V73/><F105/><W131/><G104/><T81/><D118/><U113/><E113/><V51/><F132/><W29/><G29/><T56/><D65/><U121/><E121/><V107/><F107/><W32/><G32/><T21/><D31/><U53/><E66/><V34/><F34/><W76/><G76/><T90/><D106/><U79/><E116/><V4/><F71/><W102/><G134/><T86/><D50/><U38/><E24/><V17/><F111/><W120/><G131/><T49/><D49/><U18/><E18/><V27/><F73/><W96/><G96/><T25/><D25/><U83/><E110/><V62/><F62/><W117/><G117/><T30/><D59/><U68/><E68/><V63/><F80/><W9/><G120/><T46/><D82/><U88/><E84/><V108/><F108/><W75/><G75/><T128/><D90/><U70/><E70/><V129/><F129/><W35/><G35/><T97/><D22/><U23/><E23/><V93/><F63/><W60/><G16/><T85/><D3/><U123/><E123/><V2/><F2/><W127/><G127/><T0/><D124/><U19/><E19/><V69/><F69/><N who="3" m="42119" /><G61/><T112/><D128/><U87/><E125/><V48/><F48/><W52/><G45/><T126/><D46/><U91/><E79/><V101/><F101/><W26/><G26/><T109/><D126/><U28/><E28/><V54/><F54/><N who="1" m="20489" /><E41/><N who="2" m="15979" /><F51/><W103/><G103/><T15/><D114/><U47/><E47/><RYUUKYOKU ba="0,0" sc="142,-30,408,10,94,10,356,10" hai1="36,38,72,74,77,83,87,88,89,91" hai2="4,7,12,13,14,17,20,27,92,93" hai3="5,6,8,9,10,44,52,95,98,102" /><INIT seed="3,1,0,2,0,80" ten="112,418,104,366" oya="3" hai0="9,6,131,52,8,75,121,37,67,108,47,28,38" hai1="98,99,112,88,32,43,82,5,36,78,84,34,77" hai2="60,0,125,65,51,20,24,17,106,39,89,105,114" hai3="18,87,53,59,73,135,68,49,79,127,128,91,86"/><W31/><G68/><T76/><D121/><U66/><E112/><V96/><F39/><W26/><G73/><T15/><D108/><U45/><E66/><V27/><F114/><W4/><G4/><T102/><D131/><U21/><E5/><V72/><F72/><W19/><G128/><T93/><D67/><U85/><E21/><V81/><F0/><W63/><G127/><T111/><D111/><U116/><E116/><V16/><F125/><W48/><G135/><T126/><D126/><U58/><E58/><N who="2" m="37015" /><F106/><W22/><G79/><T40/><D28/><U123/><E123/><V134/><F105/><W118/><G118/><T97/><D9/><U113/><E113/><V71/><F71/><W109/><G109/><T14/><D52/><U13/><E13/><N who="2" m="9231" /><F134/><W92/><G87/><T46/><D46/><U103/><E77/><V61/><F61/><W122/><G122/><T110/><D110/><U55/><E55/><V54/><F17/><AGARI ba="1,0" hai="17,18,19,22,26,31,48,49,53,59,63,86,91,92" machi="17" ten="40,3900,0" yaku="8,1,52,1" doraHai="80" who="3" fromWho="2" sc="112,0,418,0,104,-42,366,42" /><INIT seed="3,2,0,4,5,24" ten="112,418,62,408" oya="3" hai0="35,15,101,76,74,82,11,135,130,114,103,84,6" hai1="5,7,50,18,1,118,0,33,98,55,128,66,58" hai2="122,117,3,40,120,52,93,25,133,113,9,83,89" hai3="72,36,63,4,13,27,73,95,87,81,109,105,22"/><W49/><G105/><T131/><D135/><U46/><E33/><V59/><F113/><W12/><G36/><T126/><D114/><U119/><E128/><N who="0" m="49193" /><D126/><U115/><E115/><V65/><F117/><N who="1" m="44553" /><E98/><V91/><F133/><W116/><G116/><T121/><D121/><N who="2" m="46698" /><F40/><W100/><G73/><T48/><D35/><U38/><E18/><V30/><F65/><W47/><G72/><T71/><D71/><U125/><E125/><V134/><F83/><W123/><G63/><T61/><D61/><N who="1" m="38199" /><E38/><V110/><F134/><W57/><G57/><T88/><D48/><U69/><E69/><V132/><F132/><W104/><G104/><T94/><AGARI ba="2,0" hai="6,11,15,74,76,82,84,88,94,101,103" m="49193" machi="94" ten="30,2000,0" yaku="19,1,54,1" doraHai="24" who="0" fromWho="0" sc="112,26,418,-7,62,-7,408,-12" owari="138,-26.2,411,51.1,55,-44.5,396,19.6" /></mjloggm>