<mjloggm ver="2.3"><GO type="225" lobby="0"/><UN n0="%E5%A4%9C%E3%81%AE%E3%82%AC%E3%82%B9%E3%83%91%E3%83%BC%E3%83%AB" n1="%E6%9D%B1%E9%A2%A8%E3%81%AE%E3%81%8D%E3%82%83%E3%81%B7%E3%81%95%E3%82%93" n2="%E3%82%BC%E3%83%AB%E3%83%80%E3%81%AE%E4%BC%9D%E8%AA%AC" n3="%72%69%6F%75%63%68%61%6E" dan="16,17,17,16" rate="2178.07,2196.58,2225.12,2225.97" sx="M,M,M,M"/><TAIKYOKU oya="0"/><INIT seed="0,0,0,1,3,82" ten="250,250,250,250" oya="0" hai0="54,46,37,61,24,92,85,108,25,70,84,16,77" hai1="47,58,34,111,126,42,88,115,31,135,32,102,59" hai2="112,35,98,62,40,1,44,93,11,133,48,76,125" hai3="89,19,38,131,9,121,66,103,29,113,123,119,116"/><T83/><D108/><U99/><E115/><V63/><F112/><W12/><G38/><T5/><D5/><U67/><E111/><V26/><F125/><W105/><G66/><T55/><D70/><U22/><E135/><V90/><F133/><W49/><G103/><T95/><D37/><U53/><E126/><V132/><F132/><W120/><G105/><T109/><D109/><U21/><E102/><V17/><F76/><W107/><G107/><T94/><D61/><U104/><E104/><V97/><F97/><W110/><G110/><T2/><D2/><U39/><E67/><V4/><REACH who="2" step="1"/><F17/><REACH who="2" ten="250,250,240,250" step="2"/><N who="3" m="8335" /><G113/><T78/><D16/><U23/><E31/><AGARI ba="0,1" hai="1,4,11,26,31,35,40,44,48,62,63,90,93,98" machi="31" ten="40,1300,0" yaku="1,1,53,0" doraHai="82" doraHaiUra="134" who="2" fromWho="1" sc="250,0,250,-13,240,23,250,0" /><INIT seed="1,0,0,4,0,76" ten="250,237,263,250" oya="1" hai0="50,14,40,32,112,105,11,124,133,10,37,54,43" hai1="87,82,71,74,129,15,24,88,79,73,21,78,28" hai2="62,2,92,135,3,122,104,83,8,16,17,60,103" hai3="66,125,107,108,134,114,121,90,20,55,30,34,29"/><U35/><E129/><V89/><F122/><W59/><G121/><T47/><D112/><U131/><E131/><V25/><F135/><W70/><G114/><T39/><D105/><U64/><E64/><V44/><F104/><W126/><G108/><T26/><D133/><U13/><E71/><V61/><F44/><W58/><G107/><T65/><D124/><N who="3" m="47721" /><G34/><T52/><D65/><U80/><E35/><V72/><F103/><W132/><G70/><T1/><D1/><U38/><E38/><V4/><F2/><W111/><G111/><T33/><D14/><U9/><E9/><V7/><F7/><W63/><G29/><T69/><D69/><U130/><E130/><V75/><F25/><N who="3" m="16679" /><G90/><T123/><D123/><U49/><E49/><AGARI ba="0,0" hai="49,55,58,59,63,66,132,134" m="16679,47721" machi="49" ten="30,1000,0" yaku="18,1" doraHai="76" who="3" fromWho="1" sc="250,0,237,-10,263,0,250,10" /><INIT seed="2,0,0,4,5,7" ten="250,227,263,260" oya="2" hai0="54,98,115,6,108,27,135,37,34,3,46,124,16" hai1="10,97,1,23,91,83,20,80,26,63,56,38,8" hai2="5,109,64,50,121,70,95,42,55,132,107,62,110" hai3="105,125,9,44,40,35,87,71,92,88,32,31,116"/><V100/><F121/><W76/><G116/><T85/><D115/><U130/><E130/><V127/><F127/><W60/><G105/><T128/><D124/><U36/><E1/><V57/><F107/><W106/><G106/><T2/><D2/><U52/><E38/><V29/><F132/><W28/><G125/><T61/><D128/><U81/><E36/><V19/><F29/><W33/><G76/><T68/><D108/><N who="2" m="41578" /><F5/><W43/><G43/><T48/><D135/><U122/><E122/><V120/><F120/><W30/><G71/><T131/><D131/><U101/><E101/><V104/><F104/><W74/><G60/><T102/><D37/><U47/><E47/><N who="2" m="25975" /><F19/><W17/><G74/><T14/><D6/><U66/><E66/><V45/><F95/><W96/><G40/><T114/><D3/><U24/><E97/><V89/><F89/><W22/><G44/><T82/><D114/><U39/><E91/><V84/><F84/><W13/><REACH who="3" step="1"/><G87/><REACH who="3" ten="250,227,263,250" step="2"/><T118/><D85/><U67/><E39/><V41/><F41/><W94/><G94/><T78/><D78/><U53/><E53/><V133/><F133/><W86/><G86/><T12/><D54/><U79/><E79/><V51/><F100/><W117/><G117/><T72/><D118/><U73/><E73/><V15/><F45/><W49/><G49/><T4/><D102/><U126/><E126/><V65/><F65/><W99/><G99/><T0/><D98/><U59/><E67/><V18/><F70/><W134/><G134/><T75/><D75/><U113/><E113/><V103/><F64/><RYUUKYOKU ba="0,1" sc="250,-10,227,-10,263,-10,250,30" hai3="9,13,17,22,28,30,31,32,33,35,88,92,96" /><INIT seed="3,1,1,4,4,18" ten="240,217,253,280" oya="3" hai0="95,40,23,24,20,11,114,81,5,88,75,10,57" hai1="61,104,25,119,134,118,115,107,64,130,132,63,128" hai2="83,59,43,123,94,37,93,69,68,15,96,42,54" hai3="52,51,67,0,87,126,34,56,76,8,80,17,65"/><W99/><G34/><T72/><D114/><U84/><E84/><V60/><F123/><W100/><G126/><T108/><D108/><U109/><E25/><V91/><F83/><W127/><G127/><T106/><D106/><N who="1" m="40491" /><E115/><V39/><F15/><N who="3" m="7399" /><G0/><T86/><D40/><U53/><E53/><V98/><F43/><W45/><G56/><T122/><D122/><U44/><E44/><V9/><F9/><N who="0" m="3082" /><D75/><U78/><E78/><V36/><REACH who="2" step="1"/><F42/><REACH who="2" ten="240,217,243,280" step="2"/><W50/><G50/><T47/><D72/><U31/><E109/><V16/><F16/><W29/><G29/><T27/><D5/><U103/><E31/><V58/><F58/><W89/><G76/><N who="0" m="46375" /><D57/><U49/><E49/><V26/><F26/><N who="0" m="9770" /><D47/><U2/><E2/><V97/><F97/><AGARI ba="1,2" hai="20,23,88,95,97" m="9770,46375,3082" machi="97" ten="30,7700,0" yaku="8,1,52,2,54,1" doraHai="18" who="0" fromWho="2" sc="240,100,217,0,243,-80,280,0" owari="340,44.0,217,-18.3,163,-33.7,280,8.0" /></mjloggm>