<mjloggm ver="2.3"><GO type="225" lobby="0"/><UN n0="%37%2F%32%E3%81%AB%E7%94%9F%E3%81%BE%E3%82%8C%E3%81%A6" n1="%77%72%77%72%77%72%77%72" n2="%E3%81%BE%E3%81%A8%E3%81%9F" n3="%E3%82%BC%E3%83%AB%E3%83%80%E3%81%AE%E4%BC%9D%E8%AA%AC" dan="17,16,16,16" rate="2207.80,2106.48,2170.38,2101.46" sx="M,M,M,M"/><TAIKYOKU oya="0"/><INIT seed="0,0,0,4,3,46" ten="250,250,250,250" oya="0" hai0="24,83,41,79,101,35,85,5,39,127,93,67,9" hai1="103,45,131,3,106,25,31,63,58,56,57,87,132" hai2="42,95,12,1,110,126,109,36,32,88,8,18,120" hai3="99,23,38,113,47,48,108,54,129,78,84,98,50"/><T97/><D127/><U91/><E131/><V33/><F120/><W119/><G113/><T104/><D67/><U29/><E132/><V6/><F126/><W30/><G119/><T135/><D135/><U116/><E116/><V128/><F42/><W65/><G38/><T76/><D76/><U90/><E3/><V115/><F36/><W107/><G108/><N who="2" m="41577" /><F115/><W94/><G107/><T74/><D41/><U111/><E111/><V125/><F125/><W61/><G129/><T123/><D39/><U27/><E106/><V82/><F82/><N who="3" m="47191" /><G94/><T10/><D123/><U28/><E103/><V133/><F133/><W124/><G124/><T92/><D10/><U37/><E37/><V102/><F102/><W86/><G86/><T15/><REACH who="0" step="1"/><D74/><REACH who="0" ten="240,250,250,250" step="2"/><U19/><E63/><V71/><F128/><W53/><G65/><T75/><D75/><U14/><E31/><AGARI ba="0,1" hai="5,9,15,24,31,35,79,83,85,92,93,97,101,104" machi="31" ten="40,3900,0" yaku="1,1,53,1" doraHai="46" doraHaiUra="7" who="0" fromWho="1" sc="240,49,250,-39,250,0,250,0" /><INIT seed="0,1,0,4,4,70" ten="289,211,250,250" oya="0" hai0="54,7,80,26,132,129,108,81,69,66,31,46,83" hai1="57,47,86,128,127,120,134,9,67,23,105,28,8" hai2="55,35,12,117,126,99,40,72,22,13,93,37,73" hai3="95,29,96,10,65,53,122,19,58,74,20,131,21"/><T130/><D132/><U3/><E120/><V71/><F35/><W111/><G111/><T64/><D108/><U87/><E105/><V45/><F71/><W48/><G131/><N who="0" m="50187" /><D69/><U59/><E128/><V91/><F126/><W36/><G74/><T92/><D92/><U27/><E127/><V98/><F117/><W41/><G122/><T51/><D7/><U112/><E134/><V78/><F98/><W94/><G65/><T56/><D56/><N who="1" m="21579" /><E3/><V5/><F55/><W113/><G113/><T30/><D30/><U79/><E112/><V97/><F78/><W88/><G29/><T77/><D77/><U102/><E79/><V100/><F12/><N who="3" m="7575" /><G36/><T76/><D76/><U50/><E102/><V124/><F124/><W106/><G106/><T18/><D18/><U34/><E34/><AGARI ba="1,0" hai="26,31,34,46,51,54,64,66,80,81,83" m="50187" machi="34" ten="30,1500,0" yaku="19,1" doraHai="70" who="0" fromWho="1" sc="289,18,211,-18,250,0,250,0" /><INIT seed="0,2,0,0,0,133" ten="307,193,250,250" oya="0" hai0="93,45,15,38,54,83,0,67,124,96,92,95,25" hai1="23,84,131,75,17,110,112,129,30,7,32,39,87" hai2="134,11,65,78,52,90,18,81,113,64,48,127,19" hai3="2,21,5,117,99,56,88,123,126,109,89,4,37"/><T29/><D0/><U73/><E39/><V104/><F113/><W40/><G117/><T122/><D122/><U46/><E112/><V128/><F104/><W120/><G109/><T60/><D83/><U72/><E110/><V43/><F128/><N who="1" m="49225" /><E7/><V108/><F108/><W57/><G21/><T51/><D124/><U13/><E46/><V9/><F43/><W33/><G99/><T24/><D38/><U85/><E30/><V68/><F68/><W70/><G37/><T66/><D15/><U98/><E98/><V82/><F134/><W97/><G97/><T74/><D74/><N who="1" m="18947" /><U36/><DORA hai="125" /><E36/><V102/><F127/><W101/><G126/><T41/><D24/><U118/><E32/><V71/><F71/><W63/><G70/><T79/><D96/><U20/><E118/><V91/><F102/><W114/><G101/><T28/><D28/><U100/><E100/><V76/><F48/><W49/><G49/><T26/><D26/><U42/><E42/><V62/><REACH who="2" step="1"/><F62/><REACH who="2" ten="307,193,240,250" step="2"/><W115/><G63/><T12/><D60/><U105/><E105/><V27/><F27/><W58/><G40/><T44/><D44/><U132/><E132/><V121/><F121/><W80/><G120/><T16/><D41/><U59/><E59/><V69/><F69/><W3/><G58/><T106/><D106/><U53/><E53/><AGARI ba="2,1" hai="9,11,18,19,52,53,64,65,76,78,81,82,90,91" machi="53" ten="25,12000,2" yaku="1,1,22,2,8,1,54,1,53,2" doraHai="133,125" doraHaiUra="6,34" who="2" fromWho="1" sc="307,0,193,-126,240,136,250,0" /><INIT seed="1,0,0,4,0,135" ten="307,67,376,250" oya="1" hai0="92,47,19,14,104,33,106,24,111,65,7,11,45" hai1="32,62,48,78,60,23,120,82,13,122,74,54,75" hai2="132,4,116,96,87,80,59,21,22,108,99,30,49" hai3="67,31,128,15,79,37,77,57,16,126,123,70,129"/><U25/><E32/><V98/><F116/><W6/><G123/><T121/><D111/><U110/><E75/><V113/><F108/><W90/><G37/><T125/><D121/><U53/><E110/><V12/><F132/><W56/><G31/><T39/><D65/><U89/><E13/><V103/><F103/><W124/><G6/><T27/><D39/><U36/><E36/><V55/><F113/><W51/><G70/><T114/><D114/><U68/><E89/><N who="2" m="51431" /><F30/><W35/><G35/><T3/><D106/><U81/><E81/><V43/><F43/><W50/><G90/><T9/><D104/><U64/><E60/><V69/><F69/><W85/><G85/><T18/><D92/><U44/><REACH who="1" step="1"/><E54/><REACH who="1" ten="307,57,376,250" step="2"/><V131/><F131/><W1/><G1/><T130/><D130/><U93/><E93/><V28/><F12/><W88/><G88/><T119/><D33/><U63/><E63/><V100/><F100/><W86/><G15/><T84/><D14/><U91/><E91/><V118/><F118/><W17/><G86/><T97/><D3/><U61/><E61/><V41/><F55/><W42/><G42/><T2/><D84/><U10/><E10/><V134/><F41/><W83/><G83/><T117/><D2/><U71/><E71/><V133/><F134/><W46/><G128/><T58/><D119/><U20/><E20/><V34/><F22/><W52/><G129/><T94/><D117/><U5/><E5/><V38/><F133/><W0/><G0/><T29/><D94/><U102/><E102/><V112/><F34/><W26/><G52/><RYUUKYOKU ba="0,1" sc="307,-10,57,30,376,-10,250,-10" hai1="23,25,44,48,53,62,64,68,74,78,82,120,122" /><INIT seed="1,1,1,0,2,36" ten="297,87,366,240" oya="1" hai0="118,83,58,59,37,9,50,100,76,96,29,35,67" hai1="79,111,108,32,99,65,119,68,120,14,12,45,84" hai2="109,69,81,97,60,0,72,63,80,4,114,56,121" hai3="127,117,15,62,94,46,102,17,112,82,128,23,33"/><U122/><E119/><V6/><F121/><W85/><G112/><T3/><D37/><U51/><E32/><V74/><F114/><W91/><G33/><T1/><D118/><U66/><E99/><V39/><F39/><W13/><G117/><T132/><D132/><U131/><E79/><V130/><F69/><W18/><G127/><T103/><D35/><U64/><E84/><V10/><F109/><N who="1" m="42057" /><E68/><V87/><F97/><N who="3" m="59703" /><G128/><T8/><D96/><U19/><E131/><V55/><F87/><W53/><G46/><T116/><D83/><U73/><E73/><V101/><F81/><W21/><G53/><T78/><D116/><U106/><E106/><V61/><F80/><W28/><G62/><T40/><D78/><U20/><E12/><V2/><F130/><W124/><G124/><T16/><D76/><U93/><E93/><V113/><F113/><W88/><G91/><T54/><D1/><U92/><E92/><V75/><F101/><W107/><G107/><T7/><D3/><U31/><E31/><AGARI ba="1,1" hai="13,15,17,18,21,23,28,31,82,85,88" m="59703" machi="31" ten="30,2000,0" yaku="8,1,54,1" doraHai="36" who="3" fromWho="1" sc="297,0,87,-23,366,0,240,33" /><INIT seed="2,0,0,5,1,41" ten="297,64,366,273" oya="2" hai0="16,64,86,93,32,90,37,78,104,24,25,123,108" hai1="107,112,115,73,15,135,71,29,94,99,100,9,38" hai2="79,113,10,114,4,85,102,82,87,121,19,96,56" hai3="103,52,81,12,120,45,36,84,17,125,40,47,60"/><V53/><F121/><W49/><G120/><T66/><D123/><U51/><E29/><V22/><F87/><W91/><G125/><T117/><D104/><U89/><E38/><V33/><F33/><W31/><G31/><T128/><D108/><U133/><E71/><V70/><F70/><W1/><G60/><T63/><D128/><U105/><E51/><V0/><F53/><W106/><G1/><T97/><D37/><U126/><E15/><V14/><REACH who="2" step="1"/><F56/><REACH who="2" ten="297,64,356,273" step="2"/><W124/><G124/><T111/><D86/><N who="1" m="52535" /><E9/><V57/><F57/><W35/><G35/><T18/><D32/><U58/><E58/><V20/><F20/><W98/><G12/><T74/><D66/><U44/><E44/><V34/><F34/><W59/><REACH who="3" step="1"/><G17/><REACH who="3" ten="297,64,356,263" step="2"/><T11/><D16/><U110/><E126/><V130/><F130/><W23/><G23/><T6/><D18/><U119/><E110/><V127/><F127/><W54/><G54/><T48/><D111/><U134/><E119/><V67/><F67/><W8/><G8/><T46/><D117/><U50/><E135/><V95/><AGARI ba="0,2" hai="0,4,10,14,19,22,79,82,85,95,96,102,113,114" machi="95" ten="20,3900,0" yaku="1,1,0,1,7,1,53,0" doraHai="41" doraHaiUra="28" who="2" fromWho="2" sc="297,-13,64,-13,356,59,263,-13" /><INIT seed="2,1,0,4,5,121" ten="284,51,415,250" oya="2" hai0="3,81,84,0,60,75,126,7,113,102,107,73,12" hai1="2,109,116,106,40,35,6,85,108,76,13,72,83" hai2="44,133,41,11,47,82,86,94,33,45,8,117,52" hai3="68,46,29,89,14,39,119,34,10,16,57,115,26"/><V59/><F117/><W95/><G119/><T23/><D113/><U125/><E116/><V71/><F33/><W92/><G68/><T80/><D126/><U18/><E125/><V42/><F71/><W31/><G115/><T135/><D135/><U97/><E35/><V32/><F94/><W110/><G110/><N who="1" m="42602" /><E40/><N who="2" m="15467" /><F32/><W49/><G39/><T48/><D48/><U78/><E2/><V101/><F101/><W56/><G29/><T37/><D102/><N who="1" m="62799" /><E6/><V61/><F133/><W70/><G70/><T62/><D37/><U55/><E55/><V123/><F123/><W91/><G49/><T43/><D43/><U30/><E30/><V88/><AGARI ba="1,0" hai="8,11,44,45,47,52,59,61,82,86,88" m="15467" machi="88" ten="30,6000,0" yaku="8,1,54,2" doraHai="121" who="2" fromWho="2" sc="284,-21,51,-21,415,63,250,-21" /><INIT seed="2,2,0,1,4,114" ten="263,30,478,229" oya="2" hai0="100,102,89,56,105,88,85,79,31,50,1,109,38" hai1="49,27,81,92,22,131,122,25,74,116,32,57,43" hai2="125,99,115,112,128,80,29,42,127,36,134,106,21" hai3="101,13,9,111,10,94,12,96,34,91,2,64,107"/><V18/><F29/><W90/><G111/><T37/><D109/><U8/><E131/><V72/><F128/><W84/><G34/><T59/><D1/><U130/><E130/><V33/><F33/><W103/><G2/><T113/><D31/><U104/><E104/><V26/><F42/><W123/><G123/><T44/><D79/><U11/><E122/><V28/><F36/><W124/><G124/><N who="2" m="47689" /><F134/><W119/><G119/><T23/><D105/><U93/><E32/><V86/><F72/><W19/><G64/><T61/><D23/><U58/><E22/><V118/><F118/><W46/><G46/><T67/><D113/><U54/><E43/><V5/><F5/><W4/><REACH who="3" step="1"/><G107/><REACH who="3" ten="263,30,478,219" step="2"/><T7/><D44/><U77/><E116/><V47/><F47/><W108/><G108/><T78/><D67/><U120/><E120/><V70/><F106/><W126/><G126/><T75/><D38/><U98/><E57/><V60/><F115/><W15/><G15/><T129/><D37/><U53/><E53/><V110/><F110/><W20/><G20/><T69/><D59/><U66/><E66/><V62/><F112/><W55/><G55/><T95/><D56/><U35/><E35/><V82/><F21/><W17/><G17/><T6/><D129/><U117/><E117/><V65/><F18/><W24/><G24/><N who="1" m="9290" /><E93/><AGARI ba="2,1" hai="4,9,10,12,13,19,84,90,91,93,94,96,101,103" machi="93" ten="30,7700,0" yaku="1,1,7,1,8,1,53,1" doraHai="114" doraHaiUra="83" who="3" fromWho="1" sc="263,0,30,-83,478,0,219,93" owari="263,-13.7,-53,-55.3,478,57.8,312,11.2" /></mjloggm>