<mjloggm ver="2.3"><GO type="225" lobby="0"/><UN n0="%E3%81%8B%E3%82%8F%E3%81%A1%E3%82%83%E3%82%93%35%38" n1="%E4%BF%BA%E3%81%A8%E5%A6%96%E5%A4%A2" n2="%4B%2E%32%2E%4B%2E" n3="%72%69%6F%75%63%68%61%6E" dan="17,17,16,16" rate="2210.58,2191.01,2125.72,2209.62" sx="M,F,M,M"/><TAIKYOKU oya="0"/><INIT seed="0,0,0,2,3,78" ten="250,250,250,250" oya="0" hai0="25,89,65,38,69,0,41,104,1,73,91,44,63" hai1="50,10,68,98,113,87,134,18,5,60,46,24,124" hai2="83,103,105,118,130,86,93,117,31,90,42,115,132" hai3="43,84,81,129,7,34,100,14,49,82,8,57,80"/><T106/><D91/><U110/><E110/><V92/><F42/><W61/><G34/><T26/><D26/><U114/><E134/><V119/><F31/><W96/><G129/><T19/><D19/><U29/><E124/><V123/><F130/><W77/><G43/><T71/><D89/><U125/><E125/><V20/><F20/><W56/><G49/><T17/><D17/><U2/><E98/><N who="2" m="61687" /><F132/><W107/><G56/><T47/><D47/><U30/><E30/><V55/><F55/><AGARI ba="0,0" hai="7,8,14,55,57,61,77,80,81,82,84,96,100,107" machi="55" ten="30,7700,0" yaku="7,1,52,3" doraHai="78" who="3" fromWho="2" sc="250,0,250,0,250,-77,250,77" /><INIT seed="1,0,0,3,0,60" ten="250,250,173,327" oya="1" hai0="124,104,45,30,48,88,53,52,79,82,65,91,109" hai1="4,106,118,21,22,12,98,15,99,59,77,97,8" hai2="70,11,110,131,123,13,36,23,89,56,127,134,33" hai3="133,69,57,34,105,41,90,40,121,74,94,120,16"/><U93/><E118/><V102/><F70/><W135/><G69/><T117/><D117/><U14/><E106/><V61/><F110/><W100/><G34/><T113/><D113/><U129/><E129/><V103/><F127/><W101/><G74/><T95/><D104/><U68/><E68/><V107/><F134/><N who="3" m="51211" /><G57/><T119/><D119/><U67/><E77/><V108/><F33/><W51/><G105/><T64/><D30/><U43/><E43/><N who="3" m="16458" /><G51/><N who="0" m="28783" /><D109/><U2/><E93/><V132/><F107/><W29/><G29/><T81/><D91/><U37/><E37/><V111/><F36/><W96/><G16/><T3/><D3/><U24/><E24/><V17/><F132/><W122/><AGARI ba="0,0" hai="90,94,96,100,101,120,121,122" m="16458,51211" machi="122" ten="40,1500,0" yaku="20,1" doraHai="60" who="3" fromWho="3" sc="250,-4,250,-7,173,-4,327,15" /><INIT seed="2,0,0,1,3,80" ten="246,243,169,342" oya="2" hai0="103,0,83,45,36,87,116,23,115,39,22,101,46" hai1="124,120,28,109,8,63,12,41,51,27,100,82,4" hai2="97,57,20,38,78,104,118,6,19,105,71,123,86" hai3="33,108,54,90,44,76,69,79,75,130,111,110,121"/><V92/><F118/><W91/><G130/><T21/><D115/><U29/><E109/><V77/><F123/><W14/><G121/><T68/><D68/><U62/><E120/><V59/><F71/><W47/><G33/><T49/><D0/><U96/><E124/><V60/><F38/><W67/><G14/><T32/><D32/><U134/><E134/><V9/><F104/><W89/><G75/><T65/><D65/><U117/><E117/><V74/><F74/><W13/><G13/><T25/><D116/><U43/><E82/><V48/><F105/><W127/><G127/><T72/><D72/><U132/><E132/><V106/><F106/><W112/><G112/><T85/><D25/><U1/><E1/><V53/><F9/><W3/><G3/><T56/><D83/><U15/><E15/><V125/><F6/><W95/><G95/><T81/><D81/><U102/><E51/><V16/><F125/><W7/><G7/><T99/><D99/><U42/><E96/><V10/><F10/><W52/><G67/><T122/><D122/><U64/><E62/><V61/><F48/><W34/><G34/><T35/><D35/><U11/><E11/><V84/><F78/><N who="3" m="29739" /><G69/><T55/><D39/><U31/><REACH who="1" step="1"/><E27/><REACH who="1" ten="246,233,169,342" step="2"/><N who="2" m="14727" /><F77/><W37/><G37/><T50/><D36/><U70/><AGARI ba="0,1" hai="4,8,12,28,29,31,41,42,43,63,64,70,100,102" machi="70" ten="30,4000,0" yaku="1,1,0,1,53,1" doraHai="80" doraHaiUra="58" who="1" fromWho="1" sc="246,-10,233,50,169,-20,342,-10" /><INIT seed="3,0,0,3,1,113" ten="236,283,149,332" oya="3" hai0="20,76,48,19,100,85,4,84,125,40,78,7,96" hai1="60,2,86,81,80,18,67,132,23,6,36,93,112" hai2="28,70,0,13,110,62,42,56,135,46,97,129,99" hai3="5,68,108,73,21,47,127,122,61,91,27,133,82"/><W88/><G122/><T79/><D125/><U11/><E112/><V3/><F110/><W22/><G5/><T45/><D84/><U107/><E107/><V121/><F129/><W102/><G102/><T98/><D85/><U103/><E36/><V29/><F135/><W116/><G116/><T26/><REACH who="0" step="1"/><D96/><REACH who="0" ten="226,283,149,332" step="2"/><U17/><E132/><V35/><F121/><W74/><G133/><T49/><D49/><U87/><E80/><V14/><F70/><W24/><G68/><T37/><D37/><U117/><E117/><V33/><F62/><W57/><G82/><T101/><D101/><U95/><E103/><V106/><F56/><W43/><G57/><T53/><D53/><U64/><E87/><V126/><F46/><W72/><G127/><T30/><D30/><U41/><E81/><V104/><REACH who="2" step="1"/><F126/><REACH who="2" ten="226,283,139,332" step="2"/><W105/><G61/><T25/><D25/><U120/><E60/><V94/><F94/><AGARI ba="0,2" hai="4,7,19,20,26,40,45,48,76,78,79,94,98,100" machi="94" ten="40,2600,0" yaku="1,1,8,1,53,0" doraHai="113" doraHaiUra="130" who="0" fromWho="2" sc="226,46,283,0,139,-26,332,0" owari="272,-12.8,283,8.3,113,-38.7,332,43.2" /></mjloggm>