<mjloggm ver="2.3"><GO type="225" lobby="0"/><UN n0="%E3%81%95%E3%81%8D%E3%81%9F%E3%81%BE%E6%9E%97%E6%AA%8E" n1="%E7%9C%9F%E4%B8%80" n2="%E4%B8%89%E5%86%A0%E7%8E%8B%E3%83%BB%E5%B1%B1%E7%94%B0%E5%93%B2%E4%BA%BA" n3="%6D%75%75%6D%75%72%61" dan="16,16,16,16" rate="2157.81,2163.71,2134.89,2200.58" sx="M,M,M,F"/><TAIKYOKU oya="0"/><INIT seed="0,0,0,0,0,31" ten="250,250,250,250" oya="0" hai0="34,105,95,61,50,108,97,94,54,36,114,4,12" hai1="67,102,85,130,125,109,27,40,110,100,113,58,15" hai2="81,135,126,112,60,101,46,18,21,90,2,117,96" hai3="0,24,129,116,33,11,91,77,59,62,119,1,79"/><T131/><D114/><U132/><E113/><V123/><F112/><W93/><G129/><T103/><D131/><U70/><E130/><V49/><F2/><W45/><G45/><T80/><D36/><U133/><E70/><V23/><F123/><W111/><G111/><N who="1" m="42506" /><E40/><V83/><F135/><N who="1" m="51785" /><E125/><V43/><F117/><W13/><G0/><T127/><D127/><U128/><E128/><V115/><F115/><W48/><G48/><T122/><D61/><N who="1" m="38327" /><E15/><V55/><F126/><W22/><G1/><T69/><D69/><U121/><E121/><V68/><F68/><W26/><G13/><T30/><D122/><U7/><E7/><V99/><F60/><W88/><G62/><T78/><D108/><U8/><E8/><V66/><F43/><W73/><G11/><T14/><D14/><U124/><E124/><V32/><F66/><W28/><G116/><T44/><D12/><U82/><E27/><V29/><F49/><W118/><G118/><T76/><D4/><U107/><E107/><V17/><F55/><W41/><G41/><T75/><REACH who="0" step="1"/><D78/><AGARI ba="0,0" hai="78,82,85,100,102" m="38327,51785,42506" machi="78" ten="30,2000,0" yaku="14,1,20,1" doraHai="31" who="1" fromWho="0" sc="250,-20,250,20,250,0,250,0" /><INIT seed="1,0,0,4,1,22" ten="230,270,250,250" oya="1" hai0="24,63,94,134,55,67,41,129,108,105,127,128,121" hai1="120,50,16,115,133,30,117,37,76,51,52,88,38" hai2="73,23,119,126,93,44,77,10,40,112,89,106,45" hai3="135,60,43,124,58,132,82,18,99,100,86,92,48"/><U83/><E120/><V131/><F119/><W25/><G124/><T39/><D108/><U19/><E117/><V111/><F126/><W66/><G43/><T96/><D127/><U61/><E115/><V56/><F111/><W107/><G48/><T3/><D3/><U125/><E125/><V35/><F35/><W68/><G68/><T75/><D75/><U72/><E133/><N who="3" m="51274" /><G18/><T32/><D121/><U6/><E6/><V11/><F56/><W8/><G8/><T65/><D134/><U7/><E7/><V34/><F45/><W13/><G13/><T101/><D94/><U36/><E30/><V42/><F93/><W85/><G107/><T2/><D2/><U15/><E19/><V59/><F44/><W114/><G114/><T103/><D103/><U46/><E88/><V71/><F89/><N who="3" m="51383" /><G86/><T118/><D118/><U130/><E51/><V9/><F112/><W104/><G104/><T29/><D55/><U21/><REACH who="1" step="1"/><E61/><REACH who="1" ten="230,260,250,250" step="2"/><V57/><F9/><W64/><G60/><T122/><D122/><U26/><E26/><V113/><F10/><W102/><G25/><T95/><D63/><U1/><E1/><V79/><F11/><W28/><G28/><T0/><D0/><U84/><E84/><V110/><F113/><W47/><G102/><T70/><D24/><U17/><E17/><V53/><F110/><W123/><G123/><T14/><D101/><U49/><E49/><V69/><F73/><W62/><G66/><T33/><D65/><U87/><E87/><V27/><F27/><W81/><G81/><T4/><D67/><U109/><E109/><RYUUKYOKU ba="0,1" sc="230,-15,260,15,250,-15,250,15" hai1="15,16,21,36,37,38,46,50,52,72,76,83,130" hai3="47,58,62,64,92,99,100" /><INIT seed="1,1,1,0,2,104" ten="215,275,235,265" oya="1" hai0="82,22,117,70,14,48,10,103,1,61,80,77,38" hai1="101,122,40,79,7,111,49,36,57,85,106,51,66" hai2="20,45,2,105,124,65,89,87,15,30,73,115,37" hai3="26,119,129,128,118,47,0,41,96,84,98,71,55"/><U23/><E122/><V120/><F2/><W67/><G0/><T54/><D117/><N who="3" m="44553" /><G84/><T63/><D38/><U59/><E7/><V108/><F105/><W74/><G55/><T134/><D134/><U52/><E106/><V90/><F120/><W9/><G9/><T97/><D1/><U130/><E101/><V86/><F65/><W95/><G26/><T35/><D35/><U110/><E23/><V24/><F87/><W100/><G96/><T133/><D133/><U31/><E31/><V58/><F86/><W102/><G102/><T83/><D22/><U60/><E130/><N who="3" m="50282" /><G67/><T34/><D34/><U8/><E8/><V11/><F24/><W68/><G74/><T33/><D33/><U112/><E112/><V25/><F73/><W114/><G114/><T12/><D12/><U53/><E85/><V72/><F72/><W93/><G93/><N who="0" m="58799" /><D77/><U135/><E79/><V46/><F115/><W123/><G123/><T81/><D81/><U16/><E135/><V42/><F15/><W126/><G126/><T29/><D29/><U125/><E125/><V107/><F124/><W4/><G4/><N who="0" m="3399" /><D70/><N who="1" m="42311" /><E16/><V21/><F11/><W121/><G121/><T56/><AGARI ba="1,1" hai="48,54,56,61,63,80,82,83" m="3399,58799" machi="56" ten="30,1100,0" yaku="8,1" doraHai="104" who="0" fromWho="0" sc="215,24,275,-6,235,-4,265,-4" /><INIT seed="2,0,0,2,5,64" ten="239,269,231,261" oya="2" hai0="75,133,8,55,96,48,131,85,56,73,46,38,0" hai1="128,112,86,99,31,16,67,62,121,54,114,47,13" hai2="51,78,7,125,44,45,87,134,12,91,115,19,42" hai3="37,61,1,26,71,93,101,108,69,70,111,81,104"/><V5/><F115/><W11/><G37/><T21/><D133/><U100/><E128/><V74/><F134/><W82/><G104/><T83/><D131/><U53/><E31/><V94/><F125/><W10/><G61/><T43/><D21/><U102/><E121/><V27/><F27/><W65/><G65/><T135/><D135/><U59/><E114/><V109/><F109/><N who="3" m="42059" /><G26/><T124/><D124/><U58/><E112/><V126/><F126/><W17/><G17/><T77/><D96/><U57/><E47/><V129/><F129/><W118/><G118/><T63/><D0/><U88/><E99/><V107/><F107/><W95/><G101/><T79/><D79/><U92/><E67/><V15/><F15/><W41/><G41/><T24/><D24/><U9/><E59/><V98/><F74/><W117/><G117/><T39/><D39/><U49/><AGARI ba="0,0" hai="9,13,16,49,53,54,57,58,62,86,88,92,100,102" machi="49" ten="20,8000,1" yaku="0,1,7,1,8,1,54,2" doraHai="64" who="1" fromWho="1" sc="239,-20,269,80,231,-40,261,-20" /><INIT seed="3,0,0,1,0,103" ten="219,349,191,241" oya="3" hai0="100,47,65,66,127,38,101,77,106,58,114,116,1" hai1="40,83,99,76,133,73,36,51,135,5,111,60,131" hai2="19,4,84,33,74,91,26,126,87,98,59,30,14" hai3="105,24,69,130,56,117,18,45,92,54,115,128,16"/><W129/><G115/><T96/><D116/><U102/><E111/><V79/><F126/><W88/><G117/><T120/><D120/><U21/><E131/><V108/><F108/><W85/><G69/><T0/><D77/><U50/><E5/><V31/><F31/><W6/><G6/><T53/><D127/><U112/><E112/><V94/><F4/><W95/><G95/><T82/><D114/><U90/><E90/><V89/><F74/><W72/><G72/><T61/><D82/><U132/><E60/><V17/><F79/><W29/><G45/><T52/><D101/><U42/><E21/><V107/><F59/><W34/><G105/><T97/><D97/><U11/><E11/><V28/><F28/><W68/><G68/><T3/><REACH who="0" step="1"/><D66/><REACH who="0" ten="209,349,191,241" step="2"/><U104/><E99/><V7/><F7/><W20/><G34/><T27/><D27/><U71/><E102/><V35/><F35/><W113/><G113/><T80/><D80/><U124/><E83/><V134/><F134/><W44/><G44/><T43/><AGARI ba="0,1" hai="0,1,3,38,43,47,52,53,58,61,65,96,100,106" machi="43" ten="40,8000,1" yaku="1,1,0,1,52,1,54,1,53,1" doraHai="103" doraHaiUra="63" who="0" fromWho="0" sc="209,90,349,-20,191,-20,241,-40" owari="299,9.9,329,42.9,171,-32.9,201,-19.9" /></mjloggm>