<mjloggm ver="2.3"><GO type="225" lobby="0"/><UN n0="%E3%81%AF%E3%82%88%E3%81%8A%E3%81%98%E3%81%95%E3%82%93" n1="%E9%80%9F%E6%B0%B4%E5%87%9B%E9%A6%99" n2="%E3%81%95%E3%81%8D%E3%81%9F%E3%81%BE%E6%9E%97%E6%AA%8E" n3="%E3%81%A1%E3%82%85%E3%81%86%E3%81%A9%E3%81%8F%E8%B1%A1%E3%81%95%E3%82%93" dan="16,16,16,17" rate="2124.24,2167.46,2156.80,2182.10" sx="M,F,M,M"/><TAIKYOKU oya="0"/><INIT seed="0,0,0,2,4,119" ten="250,250,250,250" oya="0" hai0="23,127,90,46,41,132,123,17,102,105,16,82,72" hai1="113,120,66,4,15,98,77,21,51,34,22,57,106" hai2="79,11,109,78,49,96,80,5,7,115,85,30,8" hai3="128,92,14,52,86,117,67,107,76,126,122,114,74"/><T0/><D0/><U36/><E34/><V1/><F109/><W91/><G117/><T54/><D127/><U48/><E36/><V131/><F131/><W93/><G67/><T99/><D132/><U31/><E113/><V68/><F68/><W63/><G114/><T35/><D35/><U53/><E66/><V3/><F115/><W62/><G107/><T116/><D116/><U19/><E77/><V88/><F30/><W18/><G126/><T55/><D123/><U33/><E33/><V9/><F9/><W83/><G128/><T110/><D110/><U47/><E120/><V87/><F96/><W44/><G122/><T58/><D58/><U39/><E39/><V97/><F97/><W20/><REACH who="3" step="1"/><G92/><REACH who="3" ten="250,250,250,240" step="2"/><T60/><D105/><U84/><E106/><V50/><F79/><W130/><G130/><T104/><D104/><U61/><E98/><V95/><AGARI ba="0,1" hai="1,3,5,7,8,11,49,50,78,80,85,87,88,95" machi="95" ten="20,5200,0" yaku="0,1,7,1,9,1,54,1" doraHai="119" who="2" fromWho="2" sc="250,-26,250,-13,250,62,240,-13" /><INIT seed="1,0,0,1,2,76" ten="224,237,312,227" oya="1" hai0="68,47,12,55,44,100,33,122,77,40,51,80,42" hai1="104,53,71,61,37,110,106,58,114,70,2,91,7" hai2="20,94,22,93,13,45,97,5,75,50,85,108,96" hai3="30,126,133,115,101,49,34,113,59,31,98,25,131"/><U3/><E114/><V26/><F108/><W9/><G133/><T132/><D68/><U56/><E37/><V134/><F134/><W82/><G131/><T120/><D132/><U86/><E110/><V69/><F69/><W15/><G126/><T16/><D33/><U123/><E123/><N who="0" m="47145" /><D100/><U67/><E71/><V119/><F119/><W27/><G59/><T39/><D47/><U105/><E7/><V112/><F112/><W54/><G54/><T21/><D39/><U11/><E11/><V62/><F75/><AGARI ba="0,0" hai="12,16,21,40,42,44,51,55,75,77,80" m="47145" machi="75" ten="30,3900,0" yaku="13,1,52,1,54,1" doraHai="76" who="0" fromWho="2" sc="224,39,237,0,312,-39,227,0" /><INIT seed="2,0,0,2,2,59" ten="263,237,273,227" oya="2" hai0="92,131,26,113,30,105,74,42,56,66,33,19,3" hai1="15,7,127,89,43,25,27,117,83,37,24,134,55" hai2="109,51,128,100,16,8,17,71,126,76,38,116,119" hai3="0,14,29,73,68,129,49,18,6,94,20,84,46"/><V34/><F38/><W69/><G73/><T110/><D113/><U81/><E117/><V80/><F126/><W75/><G75/><T54/><D105/><U64/><E64/><V91/><F100/><W88/><G129/><T118/><D74/><U97/><E127/><V79/><F34/><W65/><G65/><T63/><D131/><U130/><E130/><V58/><F71/><W121/><G121/><T22/><D110/><U99/><E43/><V87/><F128/><W40/><REACH who="3" step="1"/><G29/><REACH who="3" ten="263,237,273,217" step="2"/><T31/><D30/><U44/><E134/><V47/><F119/><W111/><G111/><T82/><D31/><U101/><E37/><V70/><F116/><W108/><G108/><T5/><D66/><U133/><E133/><V125/><F109/><W41/><G41/><T104/><D42/><U90/><E55/><V114/><F114/><W112/><G112/><T35/><D54/><U120/><E120/><V107/><F125/><W62/><G62/><T32/><D63/><U12/><E44/><V36/><F36/><W52/><G52/><T86/><D118/><U45/><E45/><V95/><F47/><W123/><G123/><T135/><D135/><U103/><E25/><V93/><F51/><W11/><AGARI ba="0,1" hai="0,6,11,14,18,20,40,46,49,68,69,84,88,94" machi="11" ten="30,4000,0" yaku="1,1,0,1,54,1,53,0" doraHai="59" doraHaiUra="57" who="3" fromWho="3" sc="263,-10,237,-10,273,-20,217,50" /><INIT seed="3,0,0,3,5,97" ten="253,227,253,267" oya="3" hai0="0,8,135,1,99,62,58,110,59,11,14,85,75" hai1="82,20,128,28,87,78,131,22,2,108,66,7,41" hai2="36,16,4,95,111,101,60,51,114,6,123,46,129" hai3="43,40,27,29,32,70,119,91,77,53,19,94,103"/><W130/><G70/><T69/><D75/><U5/><E66/><V30/><F111/><W65/><G119/><T73/><D73/><U120/><E120/><V23/><F114/><W54/><G65/><T107/><D110/><U96/><E108/><V88/><F129/><N who="1" m="49737" /><E41/><N who="3" m="15946" /><G130/><T98/><D69/><U37/><E37/><V31/><F36/><W47/><G32/><T44/><D44/><U118/><E118/><V117/><F117/><W72/><G72/><T106/><D85/><U116/><E116/><V57/><F123/><W89/><G77/><T48/><D14/><U105/><E2/><V86/><F46/><W90/><G29/><N who="2" m="10761" /><F51/><N who="3" m="28927" /><G54/><T50/><REACH who="0" step="1"/><D62/><REACH who="0" ten="243,227,253,267" step="2"/><U112/><E112/><V33/><F33/><W10/><G27/><T17/><D17/><U68/><E68/><V84/><F84/><W52/><G19/><T42/><D42/><U67/><E28/><V83/><F6/><N who="1" m="2057" /><E67/><N who="2" m="39311" /><F4/><W18/><G18/><T9/><D9/><U71/><E71/><V63/><F63/><W26/><G10/><T12/><D12/><U133/><E133/><AGARI ba="0,1" hai="0,1,8,11,48,50,58,59,98,99,106,107,133,135" machi="133" ten="25,3200,0" yaku="1,1,22,2,53,0" doraHai="97" doraHaiUra="25" who="0" fromWho="1" sc="243,42,227,-32,253,0,267,0" /><INIT seed="4,0,0,3,5,58" ten="285,195,253,267" oya="0" hai0="80,19,98,108,118,43,35,119,68,46,135,128,91" hai1="104,49,28,111,2,96,24,25,9,101,71,20,41" hai2="93,38,36,117,131,122,78,56,54,79,59,109,81" hai3="8,134,129,123,64,132,97,39,1,10,66,4,75"/><T34/><D68/><U90/><E111/><V92/><F109/><W6/><G39/><T50/><D108/><U99/><E71/><V3/><F122/><W60/><G75/><T17/><D128/><U124/><E124/><V70/><F70/><N who="3" m="42247" /><G66/><T57/><D135/><N who="3" m="51753" /><G129/><T84/><D98/><U121/><E121/><V115/><F131/><W110/><G123/><T7/><D7/><U44/><E9/><V77/><F3/><N who="3" m="31" /><G110/><T73/><D73/><U30/><E2/><V65/><F117/><W61/><G97/><T125/><D125/><U105/><E90/><V23/><F38/><W86/><G86/><T120/><D120/><U52/><E41/><V15/><F36/><W62/><AGARI ba="0,0" hai="1,6,10,61,62" m="31,51753,42247" machi="62" ten="30,7900,0" yaku="20,1,52,3" doraHai="58" who="3" fromWho="3" sc="285,-39,195,-20,253,-20,267,79" owari="246,4.6,175,-32.5,233,-16.7,346,44.6" /></mjloggm>