<mjloggm ver="2.3"><GO type="225" lobby="0"/><UN n0="%E9%B3%B3%E6%9D%B1%E3%81%AE%E3%81%86%E3%81%95%E3%81%8E%E3%81%95%E3%82%93" n1="%74%61%6B%75%61%6B%61" n2="%70%68%65%6E%6F%6D%65" n3="%E5%B8%86%E7%AB%8B%E5%A4%8F%E8%A1%A3" dan="16,17,17,17" rate="2151.04,2187.77,2198.98,2129.83" sx="M,M,M,M"/><TAIKYOKU oya="0"/><INIT seed="0,0,0,3,2,105" ten="250,250,250,250" oya="0" hai0="118,18,128,45,63,40,10,97,52,120,19,74,37" hai1="48,83,33,77,98,60,5,75,70,26,24,89,123" hai2="122,12,29,82,91,85,53,9,50,108,25,57,87" hai3="55,119,51,134,1,56,88,28,22,102,17,127,38"/><T43/><D118/><U71/><E123/><V58/><F122/><W30/><G119/><T7/><D120/><U42/><E5/><V114/><F108/><W116/><G116/><T129/><D40/><U35/><E35/><V90/><F114/><W131/><G131/><N who="0" m="50251" /><D97/><U47/><E33/><V31/><F57/><W61/><G127/><T34/><D34/><U80/><E80/><V54/><F53/><W135/><G38/><T36/><D36/><U69/><REACH who="1" step="1"/><E60/><REACH who="1" ten="250,240,250,250" step="2"/><V14/><F25/><W64/><G61/><T6/><D6/><U81/><E81/><N who="2" m="49455" /><F14/><W8/><G1/><N who="0" m="367" /><D74/><U21/><E21/><V32/><F32/><W112/><G22/><T106/><D106/><U86/><E86/><V0/><F0/><W101/><G112/><T111/><D111/><U84/><E84/><V44/><F12/><W125/><G8/><T59/><AGARI ba="0,1" hai="18,19,37,43,45,52,59,63" m="367,50251" machi="59" ten="30,3000,0" yaku="19,1,54,1" doraHai="105" who="0" fromWho="0" sc="250,40,240,-10,250,-10,250,-10" /><INIT seed="0,1,0,0,5,31" ten="290,230,240,240" oya="0" hai0="18,95,51,16,37,99,123,135,116,133,58,33,126" hai1="75,35,98,122,38,23,115,128,97,65,68,48,47" hai2="12,72,2,43,89,129,78,19,85,79,24,13,108" hai3="124,86,53,22,81,66,107,56,0,127,69,96,131"/><T91/><D116/><U27/><E122/><V76/><F72/><W132/><G0/><T112/><D112/><U87/><E75/><V36/><F2/><W64/><G132/><N who="0" m="50763" /><D123/><U73/><E73/><V61/><F108/><W80/><G131/><T26/><D37/><U82/><E38/><V88/><F129/><W21/><G69/><T109/><D109/><U6/><E35/><V130/><F130/><W4/><G4/><T7/><D7/><U17/><E115/><V3/><F3/><W9/><G9/><T46/><D58/><U62/><E6/><V71/><F43/><W121/><G121/><T34/><D126/><N who="3" m="48169" /><G66/><T52/><D26/><U1/><E1/><V70/><F36/><W11/><G64/><T84/><D99/><U117/><E117/><V50/><F70/><W111/><G11/><T102/><D102/><U5/><E5/><V57/><F71/><W74/><G111/><T77/><D77/><U20/><E20/><N who="2" m="13343" /><F50/><N who="3" m="30775" /><G74/><T106/><D106/><U8/><E8/><V83/><F89/><W105/><G105/><T40/><D40/><U90/><REACH who="1" step="1"/><E128/><REACH who="1" ten="290,220,240,240" step="2"/><V14/><F78/><W15/><G22/><T63/><D34/><U113/><E113/><V101/><F101/><N who="3" m="62887" /><G86/><T93/><D33/><U10/><E10/><V119/><F119/><W120/><G120/><T94/><D84/><U41/><AGARI ba="1,1" hai="17,23,27,41,47,48,62,65,68,82,87,90,97,98" machi="41" ten="20,2700,0" yaku="1,1,0,1,7,1,53,0" doraHai="31" doraHaiUra="100" who="1" fromWho="1" sc="290,-14,220,40,240,-8,240,-8" /><INIT seed="1,0,0,3,4,109" ten="276,260,232,232" oya="1" hai0="72,44,74,14,38,115,122,34,105,82,116,62,22" hai1="46,129,101,41,87,97,13,68,25,78,23,113,27" hai2="7,30,54,66,11,133,125,81,120,94,90,50,1" hai3="127,67,86,103,0,15,42,58,84,96,24,20,3"/><U51/><E129/><V83/><F120/><W4/><G127/><T130/><D116/><U19/><E68/><V63/><F125/><W93/><G42/><T104/><D34/><U108/><E108/><V118/><F118/><W55/><G67/><T112/><D22/><U9/><E113/><N who="0" m="43593" /><D14/><U98/><E27/><V56/><F30/><W73/><G73/><N who="0" m="28267" /><D62/><U40/><E40/><V45/><REACH who="2" step="1"/><F133/><REACH who="2" ten="276,260,222,232" step="2"/><W131/><G131/><T134/><D130/><U121/><E121/><V76/><F76/><W49/><G3/><T17/><D134/><U77/><E77/><V102/><F102/><W37/><G0/><T80/><D122/><U111/><E101/><V75/><F75/><W52/><G103/><T32/><D32/><U85/><E111/><V70/><F70/><W53/><G37/><T64/><D38/><U106/><E106/><V60/><F60/><W100/><G49/><T10/><D105/><U33/><E33/><V18/><F18/><N who="3" m="12311" /><G58/><T59/><D59/><U71/><E71/><V48/><F48/><W119/><G119/><T135/><D135/><U92/><E78/><V88/><F88/><W132/><G132/><T28/><D104/><U35/><E35/><V61/><F61/><W21/><G4/><T36/><D36/><U95/><E51/><V128/><F128/><W79/><G79/><T91/><D91/><U2/><E19/><AGARI ba="0,1" hai="15,19,21,52,53,55,84,86,93,96,100" m="12311" machi="19" ten="30,2000,0" yaku="8,1,54,1" doraHai="109" who="3" fromWho="1" sc="276,0,260,-20,222,0,232,30" /><INIT seed="2,0,0,1,0,72" ten="276,240,222,262" oya="2" hai0="44,92,50,75,76,64,86,9,87,91,18,61,104" hai1="39,40,5,12,33,30,32,133,69,8,125,123,53" hai2="34,105,62,134,85,58,38,74,49,19,122,108,60" hai3="28,25,112,89,110,23,119,22,100,73,124,1,54"/><V107/><F74/><W29/><G73/><T24/><D104/><U42/><E69/><V0/><F38/><W3/><G89/><T63/><D75/><U80/><E125/><V47/><F122/><W90/><G90/><T59/><D63/><U99/><E123/><V7/><F34/><W57/><G124/><T131/><D131/><U4/><E4/><V17/><F134/><W81/><G81/><N who="0" m="47399" /><D24/><U79/><E133/><V65/><F108/><W35/><G54/><N who="0" m="30023" /><D18/><U103/><E53/><V98/><F7/><W114/><G35/><T26/><D26/><U68/><E68/><V51/><F0/><W56/><G25/><T83/><D9/><U48/><E39/><V31/><F31/><W43/><G110/><T128/><D128/><U20/><E30/><V102/><F105/><W126/><G126/><T132/><D132/><U21/><E33/><V41/><F51/><W10/><G10/><T109/><D109/><U55/><E32/><V71/><REACH who="2" step="1"/><F85/><REACH who="2" ten="276,240,212,262" step="2"/><W135/><G135/><T111/><D111/><U130/><E130/><V67/><AGARI ba="0,1" hai="17,19,41,47,49,58,60,62,65,67,71,98,102,107" machi="67" ten="20,7800,0" yaku="1,1,2,1,0,1,7,1,53,0" doraHai="72" doraHaiUra="129" who="2" fromWho="2" sc="276,-26,240,-26,212,88,262,-26" /><INIT seed="2,1,0,0,1,102" ten="250,214,300,236" oya="2" hai0="74,87,111,58,130,49,56,22,77,86,7,23,103" hai1="15,19,60,123,52,83,132,28,20,96,66,16,125" hai2="42,108,68,79,134,6,25,30,21,47,29,124,112" hai3="2,38,81,11,37,34,90,64,51,89,100,32,78"/><V24/><F112/><W85/><G38/><T70/><D70/><U61/><E125/><V48/><F124/><W46/><G37/><T12/><D111/><U57/><E132/><V126/><F126/><W110/><G110/><T80/><D130/><U122/><E28/><V41/><F108/><W72/><G64/><T129/><D129/><U17/><E83/><V116/><F134/><W98/><G2/><T82/><D103/><U105/><E105/><V113/><F113/><W67/><G67/><T4/><D74/><U50/><E96/><V109/><F109/><W75/><G90/><T44/><D56/><N who="1" m="37159" /><E60/><V106/><F106/><N who="3" m="63767" /><G11/><N who="0" m="4199" /><D7/><U35/><E35/><V120/><F116/><W88/><G89/><N who="0" m="51399" /><D58/><U18/><E122/><V121/><F68/><W31/><G75/><T65/><D65/><U91/><E123/><V39/><F6/><W114/><G114/><T33/><D33/><U63/><E91/><V73/><F73/><W3/><G3/><T71/><D71/><U119/><E119/><V53/><F79/><W27/><G34/><T62/><D62/><U1/><E1/><V133/><F133/><W117/><G117/><T107/><D107/><U69/><E69/><V128/><F128/><W135/><G135/><T92/><D92/><U54/><E63/><V5/><F5/><W97/><G97/><T84/><D84/><U26/><E26/><V127/><F127/><W115/><G115/><T95/><D95/><U14/><E14/><V94/><F94/><N who="3" m="54543" /><G51/><T101/><D101/><U0/><E0/><V118/><F118/><W43/><G46/><T59/><D44/><RYUUKYOKU ba="1,0" sc="250,10,214,10,300,-30,236,10" hai0="22,23,49,59,77,82,87" hai1="15,16,17,18,19,20,50,52,54,57" hai3="27,31,32,43,72,78,81" /><INIT seed="3,2,0,0,0,25" ten="260,224,270,246" oya="3" hai0="37,108,93,103,68,52,33,81,41,32,70,122,85" hai1="22,57,39,119,43,118,124,110,0,125,44,112,42" hai2="26,92,80,96,107,47,72,74,4,27,71,31,9" hai3="90,82,120,95,59,11,28,65,106,60,53,62,127"/><W100/><G120/><T36/><D122/><U135/><E0/><V131/><F71/><W48/><G127/><N who="1" m="48714" /><E112/><V13/><F107/><W133/><G133/><T18/><D108/><U75/><E75/><V89/><F131/><W2/><G106/><T76/><D68/><U104/><E104/><V116/><F116/><N who="1" m="44585" /><E22/><V113/><F113/><W78/><G100/><T126/><D70/><U19/><E19/><V56/><F47/><W61/><G2/><T134/><D18/><U83/><E83/><V51/><F27/><W21/><G11/><T102/><D32/><U14/><E14/><V101/><F80/><W77/><G82/><T86/><D33/><U20/><E20/><N who="2" m="15815" /><F72/><W98/><G21/><T114/><D114/><U105/><E105/><V35/><F74/><W50/><G28/><T111/><D126/><U45/><E110/><V66/><F35/><W84/><G65/><T117/><D111/><U3/><E3/><V55/><F66/><W12/><G12/><T49/><D117/><U87/><E87/><V128/><F128/><W115/><G115/><T38/><D134/><U29/><E29/><V30/><F30/><W129/><G129/><T91/><REACH who="0" step="1"/><D41/><REACH who="0" ten="250,224,270,246" step="2"/><U58/><E135/><V73/><F73/><W23/><G23/><T1/><D1/><U132/><E132/><V99/><F99/><W46/><G98/><T88/><D88/><AGARI ba="2,1" hai="4,9,13,51,55,56,88,89,92,96,101" m="15815" machi="88" ten="30,3900,0" yaku="8,1,52,1,54,1" doraHai="25" who="2" fromWho="0" sc="250,-45,224,0,270,55,246,0" owari="205,-29.5,224,-17.6,325,42.5,246,4.6" /></mjloggm>