<mjloggm ver="2.3"><GO type="225" lobby="0"/><UN n0="%E3%83%AB%E3%83%9B%E3%83%B3%E3%83%87%E3%82%A3%E3%82%A8" n1="%E6%B4%BE%E9%81%A3%E3%81%AE%E3%82%B8%E3%83%A3%E3%83%83%E3%82%AF" n2="%E3%81%82%E3%81%99%E3%81%AB%E3%82%83%E3%82%80" n3="%E6%A1%9C%E8%8A%B1%E9%96%83%E3%80%85" dan="17,17,16,16" rate="2191.75,2194.37,2110.06,2153.63" sx="M,M,F,M"/><TAIKYOKU oya="0"/><INIT seed="0,0,0,3,1,123" ten="250,250,250,250" oya="0" hai0="100,84,0,129,68,79,76,69,35,132,63,117,51" hai1="24,110,28,8,53,71,91,111,27,118,92,122,60" hai2="113,45,44,120,26,116,61,55,85,23,22,125,112" hai3="59,32,70,99,31,47,101,11,104,29,18,17,20"/><T48/><D0/><U2/><E118/><V95/><F120/><W14/><G70/><T37/><D35/><U114/><E122/><V135/><F116/><W94/><G32/><T105/><D37/><U66/><E114/><V124/><F135/><W108/><G104/><T36/><D36/><U12/><E2/><V72/><F72/><W107/><G107/><T88/><D117/><U74/><E53/><V10/><F10/><W38/><G108/><N who="1" m="41514" /><E28/><V89/><F22/><W46/><G59/><T15/><D132/><U98/><E74/><V131/><F131/><W106/><G47/><T90/><D129/><U75/><E75/><V21/><F21/><W130/><G130/><T6/><D63/><U102/><E102/><V78/><F45/><W82/><G46/><T13/><D100/><U34/><E34/><V115/><F44/><W67/><G38/><T19/><D105/><U43/><E43/><V1/><F1/><W39/><G106/><T121/><D121/><U50/><E50/><V16/><F55/><W127/><G39/><T62/><D62/><U81/><E81/><V96/><F61/><W86/><G82/><T9/><D51/><U52/><E52/><V33/><F33/><W93/><G31/><T109/><D48/><U73/><E73/><V41/><F41/><W57/><G29/><T4/><D109/><U128/><E128/><V40/><F40/><W77/><G101/><T97/><D90/><U64/><E64/><V58/><F58/><W119/><G57/><T54/><D88/><U56/><E56/><V134/><F134/><W3/><G119/><RYUUKYOKU ba="0,0" sc="250,-15,250,15,250,15,250,-15" hai1="8,12,24,27,60,66,71,91,92,98" hai2="16,23,26,78,85,89,95,96,112,113,115,124,125" /><INIT seed="1,1,0,3,1,5" ten="235,265,265,235" oya="1" hai0="31,84,132,30,78,21,26,133,88,97,87,85,77" hai1="54,73,96,24,126,29,118,49,111,115,100,11,55" hai2="112,59,68,80,79,71,72,27,93,89,75,109,39" hai3="81,2,120,42,83,82,38,18,37,102,25,90,14"/><U99/><E115/><V7/><F39/><W4/><G120/><T60/><D31/><U23/><E118/><V67/><F109/><W9/><G102/><T76/><D60/><U98/><E73/><V34/><F75/><W113/><G113/><T0/><D0/><U32/><E111/><V92/><F92/><W44/><G38/><T57/><D57/><U3/><E126/><V52/><F67/><W107/><G107/><T69/><D69/><U86/><E86/><V134/><F134/><N who="0" m="51818" /><D97/><U40/><E32/><V119/><F119/><W124/><G124/><T63/><D63/><U114/><E114/><V61/><F7/><W17/><G25/><T12/><D12/><U41/><E100/><V91/><F91/><AGARI ba="1,0" hai="21,26,30,76,77,78,84,85,87,88,91" m="51818" machi="91" ten="40,2600,0" yaku="20,1,54,1" doraHai="5" who="0" fromWho="2" sc="235,29,265,0,265,-29,235,0" /><INIT seed="2,0,0,2,4,29" ten="264,265,236,235" oya="2" hai0="111,126,2,19,107,127,36,7,4,44,52,59,128" hai1="96,103,117,31,76,121,95,86,58,116,85,46,133" hai2="41,69,60,14,134,132,63,87,77,56,123,32,104" hai3="118,13,110,26,30,113,68,101,84,120,97,9,45"/><V70/><F104/><W24/><G110/><T10/><D107/><U0/><E0/><V98/><F123/><W71/><G120/><T94/><D111/><U119/><E121/><V112/><F112/><W124/><G118/><T28/><D128/><U22/><E133/><N who="2" m="51307" /><F98/><W91/><G124/><N who="0" m="47659" /><D94/><U12/><E46/><V20/><F41/><W125/><G45/><T114/><D114/><U79/><E58/><V108/><F108/><W90/><G26/><T25/><D19/><U106/><E12/><V129/><F129/><W72/><G72/><T75/><D75/><U99/><E22/><V81/><F32/><W35/><G125/><T62/><D7/><U8/><E8/><V23/><F60/><W47/><G47/><T135/><D135/><U40/><E31/><V80/><F80/><W93/><G113/><T53/><D44/><U109/><E40/><V42/><F42/><W39/><G39/><T82/><D82/><U33/><E33/><V102/><F102/><W50/><G50/><T88/><D36/><U5/><E5/><V48/><F48/><W66/><G101/><T131/><D131/><U61/><E61/><V73/><F73/><W1/><G1/><T67/><D88/><N who="1" m="55399" /><E109/><V78/><F78/><AGARI ba="0,0" hai="76,78,79,85,86,99,103,106,116,117,119" m="55399" machi="78" ten="30,3900,0" yaku="34,2,54,1" doraHai="29" who="1" fromWho="2" sc="264,0,265,39,236,-39,235,0" /><INIT seed="3,0,0,4,2,100" ten="264,304,197,235" oya="3" hai0="2,4,59,74,15,31,116,83,104,132,46,130,57" hai1="52,66,134,13,94,26,11,118,99,19,18,20,96" hai2="95,60,70,82,86,75,54,32,109,62,80,23,21" hai3="97,30,98,12,84,111,67,65,10,25,51,22,61"/><W9/><G111/><T28/><D104/><U35/><E35/><V120/><F32/><W78/><G51/><T44/><D2/><U33/><E33/><V47/><F109/><W126/><G126/><T69/><D69/><U7/><E134/><V135/><F135/><W93/><G10/><N who="0" m="4551" /><D116/><U128/><E128/><V36/><F120/><W121/><G121/><T58/><D74/><U1/><E66/><N who="3" m="25098" /><G61/><T37/><D37/><U114/><E114/><V91/><F70/><W108/><G108/><T103/><D103/><U115/><E115/><V85/><F75/><W38/><G38/><T39/><D39/><U105/><E105/><V131/><F131/><W125/><G125/><T5/><D5/><U112/><E112/><V14/><F95/><W76/><G84/><T107/><D107/><U68/><E68/><V106/><F106/><W0/><G0/><T127/><D127/><U133/><E133/><V117/><F117/><W64/><N who="3" m="25106" /><W113/><DORA hai="8" /><G113/><T41/><D41/><U77/><E118/><V43/><F54/><W110/><G110/><T6/><D6/><U119/><E52/><V79/><REACH who="2" step="1"/><F23/><REACH who="2" ten="264,304,187,235" step="2"/><W40/><G40/><T50/><D132/><U92/><E119/><V129/><F129/><W27/><G93/><T29/><D130/><U102/><E92/><V63/><F63/><W3/><G22/><T122/><D122/><U16/><E96/><V89/><F89/><W123/><G123/><T45/><D83/><U34/><E34/><V72/><F72/><W101/><G98/><T124/><D124/><U71/><E71/><V53/><F53/><RYUUKYOKU ba="0,1" sc="264,15,304,-15,187,15,235,-15" hai0="28,29,31,44,45,46,50,57,58,59" hai2="14,21,36,43,47,60,62,79,80,82,85,86,91" /><INIT seed="4,1,1,5,3,34" ten="279,289,202,220" oya="0" hai0="31,103,25,79,96,87,128,38,131,42,112,24,122" hai1="21,65,67,97,75,50,110,106,133,58,68,81,74" hai2="98,7,4,12,114,95,6,117,130,47,89,9,93" hai3="119,10,66,129,125,69,48,124,52,43,37,72,3"/><T111/><D122/><U63/><E110/><V102/><F130/><N who="0" m="49706" /><D112/><U59/><E133/><V120/><F114/><W62/><G72/><T61/><D38/><U94/><E106/><V70/><F70/><W123/><G129/><T104/><D42/><U91/><E81/><V23/><F120/><W60/><G123/><T26/><D111/><U35/><E35/><V15/><F117/><W73/><G73/><T51/><D51/><U115/><E115/><V45/><F23/><W88/><G88/><T55/><D55/><U132/><E132/><V109/><F109/><W108/><G62/><T113/><D113/><U18/><E68/><V116/><F116/><W32/><G32/><N who="0" m="20583" /><D61/><U57/><E65/><V49/><F45/><N who="3" m="23791" /><G108/><T99/><D99/><U56/><REACH who="1" step="1"/><E50/><REACH who="1" ten="279,279,202,220" step="2"/><V82/><F82/><AGARI ba="1,2" hai="25,26,79,82,87,96,103,104" m="20583,49706" machi="82" ten="30,1500,0" yaku="19,1" doraHai="34" who="0" fromWho="2" sc="279,38,279,0,202,-18,220,0" owari="317,41.7,279,7.9,184,-31.6,220,-18.0" /></mjloggm>