<mjloggm ver="2.3"><GO type="225" lobby="0"/><UN n0="%E9%80%9F%E6%B0%B4%E5%87%9B%E9%A6%99" n1="%E5%B8%86%E7%AB%8B%E5%A4%8F%E8%A1%A3" n2="%E4%B8%89%E5%86%A0%E7%8E%8B%E3%83%BB%E5%B1%B1%E7%94%B0%E5%93%B2%E4%BA%BA" n3="%E3%81%8C%E3%81%9F" dan="16,17,16,16" rate="2158.75,2173.31,2115.29,2050.54" sx="F,M,M,F"/><TAIKYOKU oya="0"/><INIT seed="0,0,0,0,0,117" ten="250,250,250,250" oya="0" hai0="53,134,27,76,46,91,36,135,14,82,45,107,74" hai1="87,105,11,114,86,21,133,71,2,54,77,96,98" hai2="113,123,119,39,28,37,110,51,80,130,52,59,69" hai3="78,18,63,5,4,33,73,22,40,19,103,104,61"/><T1/><D107/><U29/><E133/><N who="0" m="50697" /><D1/><U99/><E114/><V118/><F28/><W129/><G33/><T116/><D116/><N who="2" m="44586" /><F80/><W44/><G129/><T94/><D36/><N who="2" m="13898" /><F113/><W121/><G121/><T58/><D14/><U102/><E71/><V60/><F110/><W128/><G128/><T109/><D27/><N who="1" m="16623" /><E2/><V16/><F16/><W81/><G19/><T70/><D70/><U43/><E105/><V31/><F31/><W42/><G104/><T50/><D109/><U47/><E102/><V97/><F97/><AGARI ba="0,0" hai="45,46,50,53,58,74,76,82,91,94,97" m="50697" machi="97" ten="30,1500,0" yaku="20,1" doraHai="117" who="0" fromWho="2" sc="250,15,250,0,250,-15,250,0" /><INIT seed="0,1,0,2,2,72" ten="265,250,235,250" oya="0" hai0="39,31,110,43,33,75,20,91,49,123,115,94,19" hai1="63,79,47,55,102,58,46,74,119,21,81,97,90" hai2="64,22,38,101,113,132,128,73,23,30,61,53,95" hai3="68,104,92,26,4,11,13,41,44,71,48,116,45"/><T105/><D123/><U93/><E119/><V109/><F113/><W112/><G116/><T42/><D105/><U135/><E135/><V69/><F38/><W134/><G104/><T25/><D115/><U8/><E8/><V108/><F132/><W6/><G134/><T107/><D107/><U15/><E102/><V70/><F128/><W114/><G6/><T129/><D39/><U52/><REACH who="1" step="1"/><E55/><REACH who="1" ten="265,240,235,250" step="2"/><V125/><F53/><W35/><G112/><T127/><D129/><U77/><E77/><V0/><F101/><W37/><G114/><T18/><D127/><U106/><E106/><V122/><F125/><W36/><G92/><T111/><D94/><U65/><E65/><V82/><F95/><W121/><G121/><T24/><D91/><U17/><AGARI ba="1,1" hai="15,17,21,46,47,52,58,63,74,79,81,90,93,97" machi="17" ten="30,8000,1" yaku="1,1,0,1,52,1,54,1,53,1" doraHai="72" doraHaiUra="51" who="1" fromWho="1" sc="265,-41,240,93,235,-21,250,-21" /><INIT seed="1,0,0,1,0,3" ten="224,333,214,229" oya="1" hai0="51,73,4,91,107,63,43,83,24,2,128,67,93" hai1="26,109,35,79,131,47,64,95,52,126,60,129,86" hai2="103,50,118,115,15,36,98,6,57,23,75,44,16" hai3="105,120,130,13,28,38,117,101,27,21,33,87,18"/><U55/><E126/><V49/><F118/><W84/><G120/><T106/><D107/><U70/><E109/><V82/><F115/><W12/><G38/><T53/><D43/><U56/><E35/><V34/><F34/><W32/><G117/><T97/><D128/><N who="1" m="49227" /><E26/><V90/><F57/><W112/><G112/><T11/><D106/><U72/><E72/><V102/><F6/><W132/><G33/><T74/><D24/><U30/><E30/><V113/><F113/><W7/><G130/><T89/><D89/><N who="1" m="53687" /><E79/><V61/><F75/><W45/><G132/><T135/><D83/><U40/><E70/><V22/><F103/><W62/><G101/><T78/><D78/><U119/><E119/><V124/><F124/><W111/><G111/><T133/><D133/><U41/><E41/><V54/><F102/><W71/><G105/><T17/><D17/><U31/><E31/><V104/><F104/><W65/><REACH who="3" step="1"/><G45/><REACH who="3" ten="224,333,214,219" step="2"/><T10/><D135/><U108/><E108/><V76/><F44/><W127/><G127/><T77/><D77/><U80/><E80/><V39/><F76/><W114/><G114/><T59/><REACH who="0" step="1"/><D10/><AGARI ba="0,1" hai="7,10,12,13,18,21,27,28,32,62,65,71,84,87" machi="10" ten="40,5200,0" yaku="1,1,52,1,53,1" doraHai="3" doraHaiUra="20" who="3" fromWho="0" sc="224,-52,333,0,214,0,219,62" /><INIT seed="2,0,0,3,2,64" ten="172,333,214,281" oya="2" hai0="45,91,57,101,133,63,53,44,96,10,18,0,87" hai1="88,4,24,23,41,51,135,82,80,21,40,70,68" hai2="110,98,112,95,79,127,102,118,30,92,32,52,55" hai3="47,2,27,58,89,72,67,7,114,97,29,59,73"/><V37/><F112/><W56/><G114/><T85/><D133/><U77/><E135/><V22/><F118/><W106/><G47/><T83/><D87/><N who="1" m="48527" /><E70/><V125/><F110/><W14/><G2/><T124/><D124/><N who="2" m="47690" /><F32/><W60/><G14/><T20/><D0/><U128/><E68/><V104/><F37/><W123/><G7/><T108/><D108/><U34/><E34/><V131/><F79/><W117/><G123/><T111/><D111/><U130/><E4/><V120/><F120/><W93/><G106/><T12/><REACH who="0" step="1"/><D10/><REACH who="0" ten="162,333,214,281" step="2"/><U66/><E130/><V48/><F131/><W16/><G117/><T115/><D115/><U8/><E128/><V31/><F55/><W119/><G119/><T35/><D35/><U94/><E8/><V99/><F22/><N who="3" m="15607" /><G73/><T42/><D42/><U103/><E21/><V76/><F76/><W33/><G72/><T9/><D9/><U126/><E126/><V113/><F113/><W26/><G33/><T100/><D100/><U65/><E103/><N who="2" m="60871" /><F104/><AGARI ba="0,1" hai="12,18,20,44,45,53,57,63,83,85,91,96,101,104" machi="104" ten="30,3900,0" yaku="1,1,7,1,53,1" doraHai="64" doraHaiUra="11" who="0" fromWho="2" sc="162,49,333,0,214,-39,281,0" /><INIT seed="3,0,0,4,3,65" ten="211,333,175,281" oya="3" hai0="38,116,15,93,51,89,95,62,123,130,107,122,112" hai1="8,67,124,79,55,50,11,4,117,75,43,30,20" hai2="86,90,82,19,71,120,25,60,37,63,100,76,125" hai3="40,69,64,44,70,18,109,36,49,113,134,66,91"/><W105/><G105/><T17/><D38/><U81/><E117/><V61/><F37/><W3/><G3/><T101/><D107/><U1/><E124/><V45/><F125/><W77/><G77/><T0/><D0/><U127/><E127/><V78/><F120/><W115/><G91/><T108/><D116/><U132/><E132/><V47/><F100/><W32/><G18/><T68/><D108/><U96/><E67/><N who="3" m="25642" /><G32/><T10/><D130/><U121/><E121/><V129/><F129/><W97/><G97/><T119/><D119/><U87/><E96/><V118/><F118/><W104/><G104/><T34/><D62/><U33/><E11/><V52/><F71/><N who="3" m="27147" /><G109/><T27/><D68/><U57/><E33/><V39/><F39/><W2/><G2/><T83/><D101/><U94/><E94/><V22/><REACH who="2" step="1"/><F45/><REACH who="2" ten="211,333,165,281" step="2"/><N who="3" m="23687" /><G134/><T128/><D128/><U73/><E30/><V114/><F114/><W13/><G13/><T102/><D112/><U21/><E75/><V106/><F106/><W46/><G46/><T131/><D102/><U54/><E73/><V12/><F12/><W74/><G74/><T135/><D131/><U16/><E21/><V59/><F59/><W41/><AGARI ba="0,1" hai="41,44,49,113,115" m="23687,27147,25642" machi="41" ten="30,12000,1" yaku="34,2,52,3" doraHai="65" who="3" fromWho="3" sc="211,-40,333,-40,165,-40,281,130" owari="171,-22.9,293,9.3,125,-37.5,411,51.1" /></mjloggm>