<mjloggm ver="2.3"><GO type="225" lobby="0"/><UN n0="%E5%8D%A0%E3%81%84%E5%B8%AB%E8%A3%8F%E3%81%AA%E3%81%84%E3%81%97" n1="%E3%80%93%E3%81%97%E3%83%BC%E3%82%89%E3%80%93" n2="%E9%97%98%E5%B0%86%E3%81%A0%E3%82%93%E3%81%A7%E3%81%83" n3="%E6%9D%B1%E9%A2%A8%E3%81%AE%E3%81%8D%E3%82%83%E3%81%B7%E3%81%95%E3%82%93" dan="17,16,16,17" rate="2222.00,2165.13,2136.68,2208.37" sx="M,M,M,M"/><TAIKYOKU oya="0"/><INIT seed="0,0,0,3,5,125" ten="250,250,250,250" oya="0" hai0="95,48,80,51,123,101,59,73,36,87,60,16,127" hai1="9,11,46,86,25,1,2,8,27,104,97,17,122" hai2="120,74,23,39,5,119,83,18,56,4,6,21,31" hai3="37,68,88,30,50,98,22,41,121,134,66,89,130"/><T100/><D123/><U115/><E46/><V128/><F39/><W117/><G37/><T14/><D36/><U76/><E76/><V62/><F120/><W109/><G117/><T45/><D73/><U10/><E86/><V110/><F110/><W106/><G109/><T35/><D35/><U112/><E97/><V93/><F119/><W124/><G134/><T90/><D127/><U58/><E58/><V55/><F128/><W32/><G22/><T91/><D48/><U43/><E43/><V34/><F34/><W53/><G121/><T103/><D59/><U64/><E64/><V57/><F31/><W26/><G41/><T13/><D60/><U82/><E82/><V133/><F133/><W7/><G7/><T12/><D91/><U99/><E99/><V40/><F40/><W70/><G124/><T85/><D85/><U114/><E104/><V108/><F108/><W107/><G107/><T79/><D79/><U15/><E122/><V75/><F23/><W44/><G70/><T71/><D71/><U63/><E63/><V77/><F93/><W135/><G135/><T94/><REACH who="0" step="1"/><D16/><REACH who="0" ten="240,250,250,250" step="2"/><U132/><E132/><V78/><F57/><W129/><G89/><T20/><D20/><U33/><E33/><V19/><F21/><W69/><G69/><T38/><D38/><U118/><E118/><V54/><F54/><AGARI ba="0,1" hai="12,13,14,45,51,54,80,87,90,94,95,100,101,103" machi="54" ten="40,3900,0" yaku="1,1,8,1,53,0" doraHai="125" doraHaiUra="28" who="0" fromWho="2" sc="240,49,250,0,250,-39,250,0" /><INIT seed="0,1,0,0,5,10" ten="289,250,211,250" oya="0" hai0="76,96,5,71,108,55,91,38,120,119,50,99,80" hai1="31,94,19,107,16,126,133,92,118,100,34,68,102" hai2="79,2,22,36,74,3,93,29,87,35,129,65,123" hai3="89,115,111,114,26,130,117,33,109,47,1,88,13"/><T121/><D38/><U15/><E118/><V11/><F123/><W90/><G1/><T103/><D71/><U37/><E37/><V14/><F36/><W57/><G117/><T27/><D119/><U128/><E68/><V83/><F35/><W18/><G130/><T42/><D42/><U113/><E128/><V51/><F129/><W62/><G47/><T110/><D5/><U61/><E107/><V17/><F65/><W116/><G116/><T98/><D27/><N who="1" m="18815" /><E61/><V84/><F74/><W66/><G26/><T70/><D70/><U24/><E24/><V28/><F3/><W122/><G33/><T134/><D134/><U0/><E19/><V104/><F104/><W132/><G132/><T8/><D8/><N who="1" m="6247" /><E0/><V127/><F29/><W25/><G25/><T21/><D21/><U75/><E75/><V85/><F22/><N who="3" m="11599" /><G122/><T63/><D63/><U45/><E45/><V58/><F28/><W54/><G66/><T124/><D120/><U82/><E82/><V69/><F69/><W131/><G131/><T106/><D121/><U53/><E53/><N who="2" m="32063" /><F2/><W95/><G95/><N who="1" m="36394" /><E133/><V59/><F59/><W72/><G72/><T67/><D67/><U112/><E126/><V4/><F127/><W43/><G43/><T9/><D124/><U60/><E60/><V86/><N who="2" m="21504" /><DORA hai="23" /><V52/><F93/><W30/><G30/><T20/><D106/><U56/><E56/><V135/><F135/><W73/><G73/><T39/><D98/><U105/><E105/><V64/><F64/><W97/><G97/><T125/><D96/><U81/><E81/><V40/><F40/><RYUUKYOKU ba="1,0" sc="289,-15,250,15,211,-15,250,15" hai1="100,102,112,113" hai3="54,57,62,88,89,90,109,111,114,115" /><INIT seed="1,2,0,3,0,17" ten="274,265,196,265" oya="1" hai0="101,65,123,127,10,26,36,15,124,55,92,77,131" hai1="98,53,126,54,72,128,132,96,133,19,2,9,90" hai2="29,112,69,51,64,35,6,13,45,50,25,4,78" hai3="3,61,40,43,79,129,94,103,74,22,116,95,8"/><U34/><E72/><V120/><F120/><W115/><G115/><T21/><D123/><U73/><E73/><V75/><F112/><W62/><G116/><T56/><D36/><U31/><E126/><N who="0" m="48169" /><D131/><U70/><E70/><V85/><F75/><W99/><G129/><T7/><D77/><U86/><E128/><V28/><F28/><W37/><G79/><T27/><D65/><U121/><E121/><V14/><F51/><W71/><G74/><T108/><D108/><U134/><E31/><V82/><F6/><W5/><G94/><T39/><D39/><U30/><E30/><V24/><F24/><N who="0" m="9258" /><D92/><N who="1" m="54359" /><E34/><V130/><F130/><W32/><G32/><T100/><D21/><U67/><E67/><V44/><F64/><W52/><G22/><T135/><D135/><U76/><E76/><V18/><F69/><W1/><G71/><T63/><AGARI ba="2,0" hai="7,10,15,55,56,63,100,101" m="9258,48169" machi="63" ten="30,1100,0" yaku="18,1" doraHai="17" who="0" fromWho="0" sc="274,17,265,-7,196,-5,265,-5" /><INIT seed="2,0,0,5,4,61" ten="291,258,191,260" oya="2" hai0="135,129,106,23,22,87,122,108,17,55,53,0,42" hai1="3,1,20,31,46,10,103,81,74,38,13,83,51" hai2="69,124,120,102,98,64,128,43,2,90,96,109,116" hai3="72,132,21,50,89,15,126,76,113,119,16,33,47"/><V27/><F116/><W48/><G33/><T127/><D122/><U25/><E38/><V131/><F120/><W86/><G132/><T123/><D123/><U112/><E112/><V28/><F2/><W95/><G126/><T5/><D127/><U93/><E74/><V75/><F124/><W58/><G113/><T71/><D135/><U99/><E1/><V91/><F75/><W105/><G105/><T114/><D106/><U104/><E104/><N who="2" m="63559" /><F43/><W45/><G119/><T107/><D42/><N who="1" m="25047" /><E3/><V133/><F133/><W121/><G121/><T67/><D0/><U97/><E97/><V85/><F98/><W24/><G72/><T39/><D107/><U66/><E66/><V9/><F9/><W94/><G76/><T12/><D67/><U26/><E26/><V73/><F73/><W70/><G70/><T52/><D71/><U84/><E84/><V34/><F109/><W111/><G111/><T68/><D108/><U30/><E30/><V37/><F37/><W11/><G95/><T7/><D39/><U32/><E32/><V80/><F90/><W92/><G92/><T57/><D114/><U59/><E59/><V77/><F91/><W35/><G35/><T54/><D68/><U79/><E79/><V134/><F134/><W78/><G78/><T4/><D57/><U6/><AGARI ba="0,0" hai="6,10,13,20,25,31,81,83,93,99,103" m="25047" machi="6" ten="30,1100,0" yaku="8,1" doraHai="61" who="1" fromWho="1" sc="291,-3,258,11,191,-5,260,-3" /><INIT seed="3,0,0,5,2,117" ten="288,269,186,257" oya="3" hai0="51,107,43,56,94,24,2,52,62,78,58,8,90" hai1="65,57,61,19,53,134,71,49,127,128,96,105,85" hai2="97,41,80,10,88,103,84,25,55,99,122,86,118" hai3="21,45,133,95,39,68,59,32,116,131,112,102,92"/><W126/><G68/><T42/><D107/><U48/><E127/><V124/><F118/><W114/><G32/><T14/><D24/><U120/><E120/><V83/><F124/><W30/><G116/><T6/><D78/><U113/><E113/><V132/><F132/><W121/><G126/><T5/><D5/><U31/><E85/><V100/><F41/><N who="0" m="15370" /><D2/><U130/><E19/><V33/><F10/><W70/><G121/><T104/><D104/><U93/><E134/><V115/><F115/><W36/><G70/><T38/><D38/><U40/><E105/><V13/><F13/><W74/><G74/><T66/><D90/><U29/><E49/><V50/><F122/><W72/><G72/><T34/><D34/><U109/><E40/><V82/><F82/><W7/><G133/><T67/><D94/><U18/><E18/><V98/><F25/><W69/><G69/><T47/><D47/><U76/><E76/><N who="2" m="46087" /><F33/><W75/><G75/><T81/><D81/><U16/><E16/><V101/><F101/><W20/><G114/><T3/><D3/><U63/><E48/><V4/><F4/><W15/><G112/><T91/><D91/><N who="1" m="55359" /><E109/><V129/><F129/><AGARI ba="0,0" hai="29,31,53,57,61,63,65,71,128,129,130" m="55359" machi="129" ten="30,1000,0" yaku="19,1" doraHai="117" who="1" fromWho="2" sc="288,0,269,10,186,-10,257,0" /><INIT seed="4,0,0,5,5,128" ten="288,279,176,257" oya="0" hai0="67,66,21,95,88,58,7,64,73,133,94,34,30" hai1="43,120,61,110,127,2,75,125,121,53,90,79,87" hai2="112,93,101,27,12,17,49,45,38,114,83,89,18" hai3="62,31,78,40,25,134,3,28,86,131,123,106,39"/><T1/><D34/><U102/><E2/><V103/><F38/><W119/><G106/><T57/><D73/><U80/><E43/><V41/><F83/><W6/><G119/><T47/><D133/><U104/><E53/><V105/><F105/><W59/><G123/><N who="1" m="47178" /><E61/><V15/><F112/><W16/><G131/><T9/><D47/><U126/><E110/><V56/><F114/><W96/><G134/><T71/><D71/><U98/><E75/><V35/><F56/><W22/><G39/><T54/><D54/><U19/><E19/><V52/><F41/><W11/><G40/><T92/><D30/><U37/><E37/><V48/><F48/><W5/><G5/><T50/><D21/><U36/><E36/><V70/><F70/><W8/><G8/><T118/><D118/><U84/><E84/><N who="2" m="52391" /><F35/><W42/><G42/><T77/><D50/><U115/><E115/><V72/><F72/><W13/><G96/><T0/><D0/><U4/><E4/><V14/><F18/><W81/><REACH who="3" step="1"/><G3/><REACH who="3" ten="288,279,176,247" step="2"/><T10/><D1/><U24/><E24/><V51/><F51/><W132/><G132/><T130/><D130/><U82/><E79/><V109/><F109/><W113/><G113/><T26/><D77/><U23/><E23/><AGARI ba="0,1" hai="12,14,15,17,23,27,45,49,52,101,103" m="52391" machi="23" ten="30,2000,0" yaku="8,1,54,1" doraHai="128" who="2" fromWho="1" sc="288,0,279,-20,176,30,247,0" /><INIT seed="5,0,0,0,1,73" ten="288,259,206,247" oya="1" hai0="63,123,55,30,7,17,26,19,50,89,133,41,40" hai1="118,86,135,117,48,52,56,94,20,29,130,81,38" hai2="92,31,68,120,58,76,28,62,134,105,95,106,25" hai3="4,1,113,44,78,79,125,42,64,51,32,77,53"/><U24/><E38/><V109/><F109/><W116/><G32/><T82/><D133/><U127/><E135/><V3/><F134/><W43/><G125/><T46/><D123/><U67/><E127/><V72/><F120/><W70/><G116/><T122/><D122/><U87/><E130/><V97/><F31/><W27/><G113/><T71/><D7/><U74/><E74/><V108/><F108/><W107/><G107/><T47/><D71/><U14/><E67/><N who="2" m="41079" /><F3/><W85/><G70/><T102/><D102/><U23/><E87/><V9/><F58/><W6/><G1/><T119/><D63/><U10/><E94/><V65/><F65/><W22/><G64/><T66/><D66/><U84/><E84/><V98/><F9/><W91/><G4/><T21/><D119/><U61/><E23/><V131/><F97/><W124/><G6/><T5/><D5/><N who="1" m="3407" /><E118/><V129/><F105/><W36/><G36/><T121/><D121/><U18/><E117/><V101/><F95/><N who="3" m="54767" /><G124/><T34/><D34/><U110/><E110/><V93/><F93/><W8/><G8/><T111/><D111/><U57/><E29/><AGARI ba="0,0" hai="22,27,29,42,43,44,51,53,77,78,79" m="54767" machi="29" ten="30,7700,0" yaku="8,1,52,3" doraHai="73" who="3" fromWho="1" sc="288,0,259,-77,206,0,247,77" owari="288,8.8,182,-31.8,206,-19.4,324,42.4" /></mjloggm>