<mjloggm ver="2.3"><GO type="225" lobby="0"/><UN n0="%73%61%6E%64%69%72%69%73" n1="%72%69%6F%75%63%68%61%6E" n2="%E8%81%B7%E6%A5%AD%E3%80%81%E9%A2%A8%32" n3="%E5%84%AA%40%41%42%43" dan="16,17,16,17" rate="2170.89,2218.72,2112.36,2251.98" sx="M,M,M,M"/><TAIKYOKU oya="0"/><INIT seed="0,0,0,3,5,51" ten="250,250,250,250" oya="0" hai0="91,19,100,90,4,23,114,17,27,45,84,39,88" hai1="42,99,74,119,41,107,25,133,118,66,124,75,1" hai2="129,68,123,5,125,97,103,106,131,47,12,58,77" hai3="31,130,9,76,37,81,63,43,53,83,34,104,29"/><T113/><D4/><U128/><E1/><V22/><F68/><W3/><G104/><T86/><D100/><N who="1" m="62879" /><E66/><V117/><F123/><W111/><G111/><T54/><D39/><U21/><E41/><V64/><F125/><W105/><G105/><T6/><D6/><U40/><E42/><V96/><F117/><N who="1" m="44553" /><E40/><V98/><F77/><W79/><G130/><N who="2" m="49673" /><F47/><N who="3" m="24047" /><G34/><T24/><D113/><U110/><E128/><V36/><F36/><W82/><G82/><T55/><D114/><U109/><E124/><V16/><F5/><N who="3" m="1215" /><G83/><N who="0" m="49183" /><D45/><U7/><E7/><V89/><F89/><N who="0" m="33802" /><D86/><U121/><E121/><V33/><F33/><W102/><G79/><T28/><D28/><U134/><E21/><AGARI ba="0,0" hai="17,19,21,23,24,27,54,55" m="33802,49183" machi="21" ten="30,11600,0" yaku="8,1,52,2,54,1" doraHai="51" who="0" fromWho="1" sc="250,116,250,-116,250,0,250,0" /><INIT seed="0,1,0,5,2,61" ten="366,134,250,250" oya="0" hai0="70,28,9,26,13,135,21,106,97,78,58,56,125" hai1="50,93,77,35,110,116,39,5,57,25,126,85,124" hai2="117,74,91,69,18,49,96,129,81,65,113,71,7" hai3="32,87,37,42,64,94,46,10,73,19,53,127,122"/><T23/><D135/><U43/><E116/><V112/><F117/><W16/><G32/><T80/><D125/><U107/><E110/><V86/><F129/><W3/><G73/><T95/><D70/><U11/><E107/><V92/><F74/><W134/><G134/><T132/><D106/><U8/><E39/><V66/><F7/><W67/><G127/><N who="1" m="48682" /><E5/><V119/><F119/><W76/><G122/><T118/><D132/><U84/><E93/><V2/><F2/><W24/><G53/><T98/><D23/><U105/><E105/><V27/><F49/><N who="3" m="26839" /><G3/><T121/><D121/><U14/><E43/><V4/><F4/><W83/><G37/><T22/><D22/><U34/><E77/><V30/><F18/><N who="3" m="6699" /><G10/><N who="1" m="3626" /><E14/><V111/><F111/><W72/><G72/><T40/><D40/><U82/><E25/><V45/><F113/><W133/><G133/><T12/><D118/><U131/><E131/><V6/><F112/><W115/><G115/><T29/><D13/><U89/><E85/><V68/><F6/><W99/><G24/><T90/><D12/><U52/><AGARI ba="1,0" hai="34,35,50,52,57,82,84,89" m="3626,48682" machi="52" ten="30,2000,0" yaku="18,1,54,1" doraHai="61" who="1" fromWho="1" sc="366,-11,134,23,250,-6,250,-6" /><INIT seed="1,0,0,5,1,30" ten="355,157,244,244" oya="1" hai0="45,134,101,7,121,116,32,9,20,66,89,69,97" hai1="127,87,18,80,27,42,111,58,99,11,70,103,60" hai2="36,16,68,67,106,129,74,37,40,86,24,85,10" hai3="0,84,130,95,47,122,135,131,33,1,83,25,104"/><U128/><E127/><V56/><F74/><W109/><G104/><T61/><D116/><U119/><E119/><V96/><F129/><N who="3" m="49163" /><G122/><T52/><D121/><U57/><E128/><V98/><F68/><W132/><G109/><T8/><D134/><N who="3" m="51241" /><G47/><T117/><D117/><U108/><E42/><V102/><F40/><W126/><G95/><T65/><D45/><U78/><E70/><V34/><F98/><W13/><G13/><T46/><D46/><U73/><E73/><V23/><F34/><W105/><G105/><T90/><D32/><U133/><E133/><V82/><F86/><W51/><G51/><T113/><D97/><U31/><E60/><V22/><F10/><W72/><G72/><T107/><D9/><U124/><E124/><V35/><F35/><W17/><G126/><T4/><D8/><U123/><E123/><V5/><F5/><W21/><G33/><T26/><D4/><U115/><E115/><V92/><F106/><W75/><G75/><T39/><D7/><U125/><E125/><V49/><F23/><W48/><G48/><T63/><D20/><N who="1" m="15847" /><E111/><V79/><REACH who="2" step="1"/><F49/><REACH who="2" ten="355,157,234,244" step="2"/><W38/><G38/><T88/><D39/><U112/><E108/><V120/><F120/><W77/><AGARI ba="0,1" hai="0,1,17,21,25,77,83,84" m="51241,49163" machi="77" ten="30,2000,0" yaku="19,1,20,1" doraHai="30" who="3" fromWho="3" sc="355,-5,157,-10,234,-5,244,30" /><INIT seed="2,0,0,0,5,81" ten="350,147,229,274" oya="2" hai0="10,131,83,2,19,26,95,22,17,66,29,40,32" hai1="118,33,41,115,37,111,8,114,110,133,34,69,27" hai2="123,68,99,72,13,119,42,59,104,7,65,98,6" hai3="70,63,51,86,135,54,53,0,4,116,79,12,52"/><V58/><F119/><W80/><G116/><T102/><D131/><U47/><E69/><V9/><F72/><W90/><G0/><T106/><D106/><U84/><E118/><V28/><F123/><W78/><G135/><T108/><D108/><N who="1" m="41515" /><E133/><V121/><F121/><W71/><G71/><T92/><D40/><U77/><E8/><V43/><F68/><W45/><G70/><T112/><D66/><U48/><E37/><V18/><F104/><W107/><G107/><T109/><D83/><N who="1" m="47215" /><E27/><V82/><F28/><W127/><G127/><T113/><D109/><U130/><E130/><V50/><F65/><W128/><G128/><T11/><D11/><U39/><E39/><V96/><F82/><W97/><G97/><T74/><D10/><U44/><E47/><N who="2" m="25975" /><F43/><N who="3" m="25023" /><G63/><T36/><D36/><U94/><E94/><V14/><F7/><W100/><G100/><T132/><D102/><U64/><E64/><V126/><F126/><W56/><G56/><T93/><D132/><U103/><E103/><V61/><F61/><W16/><G4/><T23/><D2/><U91/><E91/><V117/><F117/><W15/><G12/><N who="0" m="9511" /><D74/><U87/><E87/><V20/><AGARI ba="0,0" hai="6,9,13,14,18,20,58,59,96,98,99" m="25975" machi="20" ten="30,1500,0" yaku="8,1" doraHai="81" who="2" fromWho="2" sc="350,-5,147,-5,229,15,274,-5" /><INIT seed="2,1,0,2,5,66" ten="345,142,244,269" oya="2" hai0="53,42,107,92,99,13,71,25,45,75,55,37,65" hai1="128,86,74,62,135,111,15,105,97,14,0,61,21" hai2="52,4,34,104,122,7,40,9,2,83,24,31,116" hai3="54,76,17,98,130,44,48,63,78,132,124,8,6"/><V79/><F116/><W73/><G132/><T47/><D75/><U110/><E135/><V51/><F104/><W28/><G130/><T109/><D109/><U58/><E128/><V39/><F7/><W119/><G119/><T10/><D107/><U126/><E74/><V5/><F5/><W18/><G124/><T64/><D25/><U125/><E0/><V84/><F122/><W67/><G28/><T108/><D108/><N who="1" m="41515" /><E105/><V49/><F39/><W35/><G35/><T20/><D71/><U88/><E97/><V114/><F114/><W23/><G98/><T87/><D20/><U29/><E29/><V85/><F49/><W117/><G73/><T11/><D87/><U129/><E129/><V89/><F40/><W134/><G18/><T41/><D11/><U19/><E14/><V57/><REACH who="2" step="1"/><F85/><REACH who="2" ten="345,142,234,269" step="2"/><W106/><G106/><T101/><D42/><U46/><E46/><V90/><AGARI ba="1,1" hai="2,4,9,24,31,34,51,52,57,79,83,84,89,90" machi="90" ten="30,12000,1" yaku="1,1,2,1,0,1,54,1,53,1" doraHai="66" doraHaiUra="81" who="2" fromWho="2" sc="345,-41,142,-41,234,133,269,-41" /><INIT seed="2,2,0,2,1,10" ten="304,101,367,228" oya="2" hai0="69,135,112,73,109,24,14,84,82,44,49,115,116" hai1="130,55,72,80,70,120,22,3,92,66,64,90,95" hai2="65,38,132,31,48,27,89,127,79,134,103,45,62" hai3="117,15,67,75,105,11,50,61,6,121,53,86,110"/><V93/><F127/><W104/><G75/><T58/><D69/><U35/><E130/><V97/><F38/><W99/><G117/><T122/><D122/><U20/><E35/><V111/><F79/><W17/><G121/><T131/><D73/><U5/><E120/><V88/><F111/><W94/><G86/><T63/><D135/><N who="2" m="51754" /><F48/><W60/><G110/><T68/><D68/><U13/><E3/><V21/><F45/><W125/><G125/><T42/><D24/><U46/><E20/><V133/><F133/><W128/><G128/><T124/><D116/><U0/><E0/><V119/><F119/><W123/><G123/><T118/><D131/><U28/><E70/><AGARI ba="2,0" hai="21,27,31,62,65,70,88,89,93,97,103" m="51754" machi="70" ten="30,2900,0" yaku="20,1,54,1" doraHai="10" who="2" fromWho="1" sc="304,0,101,-35,367,35,228,0" /><INIT seed="2,3,0,0,3,112" ten="304,66,402,228" oya="2" hai0="52,41,5,79,21,118,17,125,35,78,10,30,70" hai1="69,49,108,92,107,51,14,121,54,120,50,130,97" hai2="62,25,34,99,114,84,98,128,24,16,103,87,32" hai3="44,60,11,56,18,47,67,12,133,127,61,7,64"/><V38/><F38/><W68/><G133/><T77/><D70/><U31/><E107/><V6/><F114/><W135/><G135/><T83/><D125/><U36/><E31/><V28/><F128/><W110/><G110/><T3/><D41/><U59/><E108/><V4/><F62/><W109/><G127/><T85/><D118/><U65/><E130/><V102/><F16/><W93/><G109/><T53/><D35/><U66/><E36/><V13/><REACH who="2" step="1"/><F13/><REACH who="2" ten="304,66,392,228" step="2"/><W119/><G119/><T74/><D30/><AGARI ba="3,1" hai="4,6,24,25,28,30,32,34,84,87,98,99,102,103" machi="30" ten="25,9600,0" yaku="1,1,2,1,22,2,53,0" doraHai="112" doraHaiUra="101" who="2" fromWho="0" sc="304,-105,66,0,392,115,228,0" /><INIT seed="2,4,0,0,0,46" ten="199,66,507,228" oya="2" hai0="99,60,71,92,8,57,131,96,106,84,39,124,80" hai1="81,102,130,0,65,126,82,29,120,27,90,121,1" hai2="118,95,47,75,20,38,70,112,3,127,116,69,91" hai3="22,83,133,85,110,28,74,134,34,36,88,135,9"/><V41/><F75/><W94/><G110/><T21/><D39/><U72/><E65/><V113/><F3/><W5/><G36/><T66/><D131/><U77/><E130/><V63/><F20/><W4/><G34/><T37/><D37/><U52/><E102/><V10/><F10/><W26/><G9/><T31/><D124/><U61/><E126/><V50/><F127/><W86/><G74/><T109/><D109/><U44/><E82/><V79/><F79/><AGARI ba="4,0" hai="4,5,22,26,28,79,83,85,86,88,94,133,134,135" machi="79" ten="40,2600,0" yaku="20,1,54,1" doraHai="46" who="3" fromWho="2" sc="199,0,66,0,507,-38,228,38" /><INIT seed="3,0,0,1,3,3" ten="199,66,469,266" oya="3" hai0="65,9,92,77,46,47,114,91,116,40,63,123,112" hai1="25,130,24,115,26,121,29,118,126,93,69,120,124" hai2="49,105,44,107,15,127,74,19,36,64,96,66,21" hai3="57,39,42,100,32,61,11,132,106,2,1,48,54"/><W110/><G32/><T45/><D77/><U16/><E93/><V133/><F74/><W95/><G106/><T27/><D27/><U5/><E69/><V129/><F36/><W8/><G132/><T58/><D9/><U79/><E79/><V97/><F133/><W89/><G100/><T82/><D82/><U12/><E115/><N who="0" m="44073" /><D91/><U4/><E130/><V67/><F129/><W81/><G81/><T59/><D92/><U99/><E99/><V125/><F97/><W87/><G2/><T51/><D116/><U109/><E109/><V73/><F73/><W103/><G110/><T113/><N who="0" m="44081" /><T98/><DORA hai="13" /><D98/><U33/><E118/><V50/><F50/><W38/><G1/><T31/><D31/><U111/><E111/><V108/><F108/><W23/><G8/><T43/><D123/><N who="1" m="47179" /><E33/><V52/><F96/><W20/><G103/><T56/><D51/><U135/><E29/><V94/><F94/><W88/><G39/><T71/><AGARI ba="0,0" hai="40,43,45,46,47,56,58,59,63,65,71" m="44081" machi="71" ten="50,6400,0" yaku="11,1,34,2" doraHai="3,13" who="0" fromWho="0" sc="199,64,66,-16,469,-16,266,-32" owari="263,6.3,50,-45.0,453,55.3,234,-16.6" /></mjloggm>