<mjloggm ver="2.3"><GO type="225" lobby="0"/><UN n0="%E3%81%9F%E3%81%8B%E3%80%82" n1="%E6%A1%9C%E8%8A%B1%E9%96%83%E3%80%85" n2="%6D%75%75%73%61%6E%6D%75" n3="%E5%A4%96%E5%B7%9D%E7%AB%9C%E6%88%90" dan="16,16,16,16" rate="2101.91,2162.73,2156.01,2106.14" sx="M,M,F,M"/><TAIKYOKU oya="0"/><INIT seed="0,0,0,5,0,37" ten="250,250,250,250" oya="0" hai0="10,40,118,70,100,44,94,76,56,52,23,91,74" hai1="110,104,101,32,132,33,117,90,24,6,124,39,63" hai2="5,96,123,130,20,19,9,46,82,4,13,67,89" hai3="22,108,97,119,126,92,30,47,38,31,55,87,28"/><T113/><D118/><U43/><E117/><V49/><F123/><W17/><G119/><T66/><D113/><U128/><E110/><V34/><F130/><W16/><G108/><T84/><D100/><U131/><E124/><V41/><F34/><W109/><G109/><T18/><D10/><U78/><E90/><V125/><F125/><W7/><G126/><T112/><D112/><U3/><E78/><V25/><F67/><W134/><G134/><T59/><D70/><U120/><E63/><V48/><F48/><W86/><G7/><T102/><D102/><U8/><E120/><V129/><F129/><N who="1" m="49737" /><E24/><V85/><REACH who="2" step="1"/><F96/><REACH who="2" ten="250,250,240,250" step="2"/><W105/><G38/><T106/><D66/><U64/><E64/><V12/><F12/><W26/><G97/><T81/><D106/><U103/><E132/><V83/><F83/><W114/><G114/><T11/><D11/><U111/><E111/><V42/><F42/><W75/><G55/><T61/><D52/><U21/><E104/><V93/><F93/><W80/><G80/><T72/><D61/><U57/><E33/><V29/><AGARI ba="0,1" hai="4,5,9,13,19,20,25,29,41,46,49,82,85,89" machi="29" ten="20,12000,2" yaku="1,1,0,1,7,1,8,1,52,1,53,1" doraHai="37" doraHaiUra="27" who="2" fromWho="2" sc="250,-60,250,-30,240,130,250,-30" /><INIT seed="1,0,0,0,3,0" ten="190,220,370,220" oya="1" hai0="73,15,126,120,97,81,18,129,26,44,41,51,117" hai1="64,50,30,82,80,11,125,61,42,63,106,101,12" hai2="2,69,123,37,130,67,27,8,43,1,70,85,110" hai3="88,94,52,36,7,89,96,79,17,10,13,35,122"/><U113/><E113/><V135/><F123/><W131/><G131/><T56/><D117/><U95/><E106/><V93/><F130/><W25/><G122/><T65/><D120/><U91/><E125/><V59/><F37/><W86/><G36/><T76/><D126/><U49/><E101/><V134/><F43/><W107/><G107/><T5/><D129/><U66/><E30/><V72/><F72/><W75/><G75/><T24/><D97/><N who="1" m="57599" /><E63/><N who="2" m="38399" /><F110/><W115/><G115/><T34/><D34/><U3/><E3/><V32/><F32/><W14/><G79/><T20/><D65/><N who="1" m="25195" /><E61/><V108/><F108/><W47/><G35/><T121/><D56/><U39/><E39/><V6/><F2/><W58/><G47/><T90/><D121/><U102/><E102/><V99/><F70/><W112/><G112/><T100/><D100/><U16/><E42/><V103/><F69/><W54/><G58/><T78/><D78/><U132/><E132/><V92/><F103/><W109/><G109/><T128/><D128/><U84/><E80/><V55/><F55/><W22/><REACH who="3" step="1"/><G25/><REACH who="3" ten="190,220,370,210" step="2"/><T38/><D38/><U21/><E21/><V71/><F27/><W28/><G28/><T53/><D41/><U62/><E62/><V133/><F71/><W48/><G48/><T111/><D111/><U77/><AGARI ba="0,1" hai="11,12,16,49,50,77,82,84" m="25195,57599" machi="77" ten="30,3000,0" yaku="8,1,54,1" doraHai="0" who="1" fromWho="1" sc="190,-10,220,40,370,-10,210,-10" /><INIT seed="1,1,0,2,5,133" ten="180,260,360,200" oya="1" hai0="3,135,102,22,78,97,61,94,42,115,1,36,64" hai1="60,13,32,66,131,49,33,12,98,113,50,57,120" hai2="45,0,59,119,63,4,69,20,65,71,83,118,88" hai3="43,7,96,110,100,44,123,54,55,82,67,99,117"/><U103/><E113/><V130/><F130/><W18/><G123/><T11/><D115/><U91/><E120/><V87/><F45/><W106/><G110/><T116/><D116/><U10/><E131/><V70/><REACH who="2" step="1"/><F20/><REACH who="2" ten="180,260,350,200" step="2"/><W112/><G112/><T125/><D135/><U21/><E33/><V9/><AGARI ba="1,1" hai="0,4,9,59,63,65,69,70,71,83,87,88,118,119" machi="9" ten="40,12000,2" yaku="1,1,2,1,0,1,54,1,53,2" doraHai="133" doraHaiUra="114" who="2" fromWho="2" sc="180,-31,260,-61,350,133,200,-31" /><INIT seed="2,0,0,4,0,20" ten="149,199,483,169" oya="2" hai0="1,52,58,85,26,74,17,54,70,83,16,77,88" hai1="2,128,93,91,10,73,3,60,18,29,115,72,23" hai2="22,37,33,12,46,119,135,24,126,100,117,38,32" hai3="82,56,134,99,131,42,84,71,98,76,35,47,109"/><V43/><F126/><W68/><G35/><T124/><D1/><U0/><E115/><V53/><F135/><W110/><G131/><T57/><D70/><N who="3" m="26665" /><G56/><T87/><D124/><U105/><E105/><V25/><F100/><W78/><G78/><T21/><D17/><U19/><E128/><V69/><F69/><W94/><G94/><N who="0" m="54543" /><D74/><U11/><E60/><V34/><F53/><AGARI ba="0,0" hai="16,21,26,52,53,54,57,58,77,83,87" m="54543" machi="53" ten="30,8000,1" yaku="8,1,52,1,54,3" doraHai="20" who="0" fromWho="2" sc="149,80,199,0,483,-80,169,0" /><INIT seed="3,0,0,0,3,120" ten="229,199,403,169" oya="3" hai0="13,63,42,88,82,80,96,61,94,129,134,67,17" hai1="89,103,74,36,75,97,55,41,121,31,95,119,90" hai2="115,86,29,66,99,111,4,45,81,52,40,46,87" hai3="124,76,2,32,93,130,79,73,21,38,48,69,125"/><W98/><G38/><T84/><D129/><U57/><E121/><V0/><F115/><W37/><G37/><T72/><D72/><U24/><E119/><V65/><F0/><W22/><G130/><T109/><D109/><U60/><E36/><V15/><F111/><W68/><G2/><T104/><D104/><U43/><E75/><V28/><F99/><W126/><G32/><T117/><D42/><N who="1" m="15883" /><E74/><V23/><F40/><W64/><G48/><T62/><D134/><U50/><E50/><N who="2" m="28751" /><F46/><W112/><G112/><T33/><D33/><U1/><E1/><V9/><F87/><W106/><G106/><T102/><D117/><U47/><E47/><V128/><F128/><W5/><G5/><T83/><D67/><N who="2" m="25610" /><F23/><AGARI ba="0,0" hai="13,17,23,61,62,63,80,82,83,84,88,94,96,102" machi="23" ten="40,2600,0" yaku="8,1,54,1" doraHai="120" who="0" fromWho="2" sc="229,26,199,0,403,-26,169,0" /><AGARI ba="0,0" hai="23,24,31,55,57,60,89,90,95,97,103" m="15883" machi="23" ten="30,1000,0" yaku="8,1" doraHai="120" who="1" fromWho="2" sc="255,0,199,10,377,-10,169,0" owari="255,5.5,209,-19.1,367,46.7,169,-33.1" /></mjloggm>