<mjloggm ver="2.3"><GO type="225" lobby="0"/><UN n0="%43%68%65" n1="%6D%75%75%6D%75%72%61" n2="%E5%84%AA%40%41%42%43" n3="%33%74%72%65%65" dan="16,17,17,17" rate="2140.15,2129.11,2218.77,2146.01" sx="M,F,M,F"/><TAIKYOKU oya="0"/><INIT seed="0,0,0,3,1,1" ten="250,250,250,250" oya="0" hai0="62,120,20,4,86,96,12,70,44,65,38,61,43" hai1="121,53,75,87,52,72,127,50,41,19,40,59,17" hai2="28,2,6,130,98,13,103,97,85,18,95,15,94" hai3="83,91,125,31,64,114,109,124,115,63,82,105,27"/><T36/><D120/><U25/><E121/><V9/><F130/><W81/><G105/><T22/><D38/><U69/><E127/><N who="3" m="48714" /><G91/><T107/><D62/><U79/><E69/><V132/><F132/><W33/><G109/><T60/><D60/><U123/><E123/><V30/><F85/><W84/><G84/><T55/><D86/><U45/><E87/><V46/><F46/><W23/><G33/><T110/><D110/><U3/><E3/><V67/><F67/><W99/><G99/><T134/><D55/><U117/><E117/><V122/><F2/><W7/><G7/><T93/><D107/><U56/><E25/><V39/><F39/><W42/><G42/><T128/><D128/><U90/><E90/><V131/><F131/><W113/><G82/><T16/><D134/><U126/><E126/><V100/><F122/><W116/><G116/><T73/><D73/><U77/><E45/><V58/><F58/><AGARI ba="0,0" hai="23,27,31,58,63,64,81,83,113,114,115" m="48714" machi="58" ten="40,1300,0" yaku="18,1" doraHai="1" who="3" fromWho="2" sc="250,0,250,0,250,-13,250,13" /><INIT seed="1,0,0,1,3,118" ten="250,250,237,263" oya="1" hai0="77,115,127,108,48,97,134,75,101,128,90,50,66" hai1="16,95,62,119,54,45,47,96,63,105,8,104,84" hai2="121,86,9,35,56,120,98,68,29,80,65,99,114" hai3="64,74,123,87,5,81,76,111,83,100,73,34,93"/><U49/><E119/><V31/><F68/><W1/><G34/><T42/><D115/><U69/><E84/><V21/><F35/><W112/><G64/><T6/><D66/><U3/><E3/><V44/><F114/><W103/><G5/><T78/><D90/><U20/><E8/><V132/><F132/><W17/><G17/><T26/><D134/><U117/><E117/><V124/><F124/><W38/><G38/><T61/><D127/><U88/><E47/><V122/><F44/><W32/><G32/><T102/><D102/><N who="3" m="38953" /><G1/><T43/><D101/><U18/><E18/><V89/><F9/><W67/><G67/><T14/><D6/><U0/><E0/><V41/><F41/><W7/><G7/><T15/><D97/><U23/><E23/><V24/><REACH who="2" step="1"/><F29/><REACH who="2" ten="250,250,227,263" step="2"/><W11/><G11/><T33/><D43/><U37/><E69/><V133/><F133/><W22/><G112/><T55/><D42/><U135/><E135/><V30/><F30/><W13/><G22/><T4/><D33/><U94/><E37/><V129/><F129/><W40/><G40/><T71/><D128/><U36/><E36/><V39/><F39/><W85/><G111/><T92/><D108/><U51/><E20/><V82/><F82/><W130/><G83/><T72/><D71/><U19/><E45/><V58/><F58/><W70/><G81/><T113/><D113/><U107/><E107/><V109/><F109/><W59/><G130/><T126/><D126/><U116/><E116/><V27/><F27/><W60/><G70/><T2/><D26/><U10/><E105/><RYUUKYOKU ba="0,1" sc="250,-10,250,-10,227,30,263,-10" hai2="21,24,31,56,65,80,86,89,98,99,120,121,122" /><INIT seed="2,1,1,2,0,128" ten="240,240,257,253" oya="2" hai0="98,95,78,89,69,26,111,62,87,50,21,90,38" hai1="41,0,114,14,123,20,37,56,25,42,35,17,127" hai2="68,54,5,105,81,7,124,67,85,75,113,79,135" hai3="1,104,96,27,45,107,88,117,24,119,32,65,133"/><V28/><F113/><W112/><G1/><T19/><D111/><U2/><E114/><V8/><F124/><W10/><G112/><T58/><D38/><U118/><E118/><V134/><F105/><W15/><G65/><T116/><D116/><U30/><E127/><V34/><F54/><W131/><G45/><T72/><D69/><U44/><E123/><V122/><F122/><W103/><G131/><T59/><D72/><U55/><REACH who="1" step="1"/><E41/><REACH who="1" ten="240,230,257,253" step="2"/><V13/><F5/><W16/><G117/><T93/><D78/><U66/><E66/><V100/><F67/><W3/><G119/><T48/><D59/><U74/><E74/><V83/><F68/><W99/><G3/><T57/><D58/><U9/><E9/><V11/><F8/><W49/><G10/><T43/><D43/><U132/><E132/><N who="2" m="50731" /><F100/><W120/><G103/><T80/><D80/><U92/><E92/><V61/><F61/><AGARI ba="1,2" hai="0,2,14,17,20,25,30,35,37,42,44,55,56,61" machi="61" ten="30,2000,0" yaku="1,1,7,1,53,0" doraHai="128" doraHaiUra="77" who="1" fromWho="2" sc="240,0,230,43,257,-23,253,0" /><INIT seed="3,0,0,4,0,74" ten="240,273,234,253" oya="3" hai0="84,102,53,112,118,49,64,105,75,36,68,113,91" hai1="126,9,61,89,40,71,127,26,98,57,56,82,69" hai2="122,108,3,101,92,58,81,31,37,19,76,18,86" hai3="124,35,117,90,14,60,115,107,10,99,46,78,39"/><W104/><G115/><N who="0" m="44107" /><D36/><U28/><E40/><V125/><F37/><W2/><G117/><T128/><D75/><U111/><E9/><V96/><F3/><W135/><G2/><T110/><D118/><U16/><E111/><V45/><F108/><W21/><G35/><T109/><D128/><U121/><E28/><V65/><F125/><W94/><G124/><N who="1" m="47658" /><E82/><V27/><F45/><W97/><G21/><T106/><D64/><N who="1" m="38951" /><E57/><V11/><F11/><W131/><G10/><T119/><D68/><U0/><E0/><V32/><F122/><W63/><G131/><T77/><D119/><U23/><E121/><V30/><F30/><W24/><G39/><T8/><D8/><U41/><E41/><V66/><F66/><W48/><G135/><T70/><D70/><U34/><E34/><V7/><F7/><W20/><G46/><T79/><D110/><U95/><AGARI ba="0,0" hai="16,23,26,69,71,89,95,98" m="38951,47658" machi="95" ten="30,2000,0" yaku="18,1,54,1" doraHai="74" who="1" fromWho="1" sc="240,-5,273,20,234,-5,253,-10" /><INIT seed="4,0,0,3,0,118" ten="235,293,229,243" oya="0" hai0="76,114,120,105,56,101,134,124,32,95,60,44,115" hai1="75,37,45,15,67,133,64,11,29,58,39,63,30" hai2="113,130,14,88,100,74,31,68,47,86,69,122,66" hai3="125,10,23,61,33,51,40,65,84,72,117,102,129"/><T4/><D105/><U27/><E75/><V13/><F74/><W34/><G72/><T126/><D32/><U19/><E133/><V53/><F122/><W46/><G129/><T73/><D4/><U18/><E67/><V116/><F130/><W25/><G125/><N who="0" m="48235" /><D44/><U106/><E106/><V83/><F100/><W98/><G84/><T110/><D134/><U48/><E19/><V36/><F31/><W107/><G10/><T5/><D5/><U96/><E96/><V24/><F24/><W42/><G42/><T43/><D43/><U79/><E79/><V7/><F113/><N who="0" m="43018" /><D110/><U41/><E30/><V52/><F116/><W62/><G33/><AGARI ba="0,0" hai="11,15,18,27,29,33,37,39,41,45,48,58,63,64" machi="33" ten="30,1000,0" yaku="7,1" doraHai="118" who="1" fromWho="3" sc="235,0,293,10,229,0,243,-10" owari="235,3.5,303,40.3,229,-27.1,233,-16.7" /></mjloggm>