<mjloggm ver="2.3"><GO type="225" lobby="0"/><UN n0="%E6%A1%9C%E8%8A%B1%E9%96%83%E3%80%85" n1="%E3%81%9F%E3%81%A3%E3%81%A1%E3%82%87" n2="%E3%83%AD%E3%83%83%E3%83%86%E9%9B%80%E7%90%83" n3="%E3%81%B7%E3%82%8A%E3%82%93%E8%81%96%E4%BA%BA" dan="18,16,17,16" rate="2273.93,2063.34,2266.67,2081.39" sx="M,M,M,M"/><TAIKYOKU oya="0"/><INIT seed="0,0,0,4,3,51" ten="250,250,250,250" oya="0" hai0="23,12,111,39,49,40,119,108,31,48,85,132,63" hai1="1,9,13,61,78,16,54,128,25,18,44,60,107" hai2="68,87,109,0,29,66,126,27,28,65,99,131,26" hai3="46,130,11,53,3,96,101,98,7,124,86,19,110"/><T58/><D85/><U22/><E107/><V106/><F109/><N who="0" m="42058" /><D119/><U36/><E128/><V37/><F126/><W35/><G130/><T79/><D79/><U115/><E115/><V34/><F87/><W15/><G124/><T69/><D69/><U133/><E133/><V100/><F131/><W71/><G71/><T5/><D132/><U121/><E121/><V80/><F80/><W10/><G35/><T125/><D125/><U90/><E1/><V95/><F0/><W38/><G38/><T45/><D5/><U47/><E78/><V70/><F37/><W84/><G96/><T56/><D56/><N who="1" m="34839" /><E36/><V102/><F106/><W24/><G24/><N who="0" m="16799" /><D12/><U113/><E113/><V74/><F99/><W21/><G10/><T33/><D33/><U123/><E123/><V83/><F83/><W93/><REACH who="3" step="1"/><G110/><REACH who="3" ten="250,250,250,240" step="2"/><T116/><D116/><U2/><E2/><V127/><F34/><W52/><G52/><AGARI ba="0,1" hai="39,40,45,48,49,52,58,63" m="16799,42058" machi="52" ten="30,11600,0" yaku="14,1,10,1,52,1,54,1" doraHai="51" who="0" fromWho="3" sc="250,126,250,0,250,0,240,-116" /><INIT seed="0,1,0,1,1,102" ten="376,250,250,124" oya="0" hai0="89,106,17,63,119,117,104,105,26,132,97,48,82" hai1="56,123,101,99,90,128,86,72,41,135,39,45,38" hai2="122,81,70,57,10,32,74,9,47,12,6,37,94" hai3="46,20,73,18,23,43,83,55,111,34,91,4,65"/><T77/><D48/><U62/><E123/><V76/><F70/><W110/><G34/><T25/><D63/><U51/><E128/><V118/><F122/><W35/><G35/><T21/><D132/><U0/><E72/><V131/><F32/><W75/><G65/><T33/><D89/><U130/><E130/><V67/><F131/><W80/><G4/><T88/><D88/><U36/><E0/><N who="2" m="199" /><F94/><W15/><G55/><T40/><D97/><U129/><E129/><V71/><F57/><W114/><G114/><T87/><REACH who="0" step="1"/><D40/><REACH who="0" ten="366,250,250,124" step="2"/><U27/><E135/><V44/><F118/><W58/><G91/><T61/><D61/><U16/><E62/><V30/><F76/><W66/><G66/><T54/><D54/><U69/><E51/><V28/><F67/><W100/><G58/><T115/><D115/><U52/><E99/><V98/><F98/><W24/><G100/><T49/><D49/><U107/><E101/><V7/><F71/><W92/><G92/><T79/><D79/><U22/><E90/><V96/><F96/><W85/><G43/><T103/><D103/><U108/><E69/><V112/><F112/><W8/><G46/><T31/><AGARI ba="1,1" hai="17,21,25,26,31,33,77,82,87,104,105,106,117,119" machi="31" ten="40,18000,2" yaku="1,1,0,1,52,3,53,1" doraHai="102" doraHaiUra="19" who="0" fromWho="0" sc="366,193,250,-61,250,-61,124,-61" /><INIT seed="0,2,0,5,0,77" ten="559,189,189,63" oya="0" hai0="110,74,46,119,101,41,1,131,106,15,20,100,128" hai1="6,65,12,113,97,78,87,8,32,129,64,18,126" hai2="38,55,24,69,112,25,34,7,30,27,70,91,29" hai3="2,58,42,35,11,85,73,44,40,133,48,102,60"/><T54/><D1/><U95/><E129/><N who="0" m="49737" /><D119/><U39/><E32/><V51/><F112/><W72/><G35/><T76/><D54/><U36/><E126/><V105/><F38/><W62/><G40/><T94/><D106/><U23/><E113/><V86/><F7/><W115/><G115/><T92/><D20/><U99/><E36/><V22/><F25/><W53/><G62/><T26/><D15/><N who="1" m="5527" /><E39/><V4/><F4/><W80/><G133/><T10/><D10/><U28/><E28/><V79/><F79/><W88/><REACH who="3" step="1"/><G102/><REACH who="3" ten="559,189,189,53" step="2"/><T43/><D43/><U0/><E64/><V13/><F34/><W130/><G130/><T37/><D110/><U117/><E65/><V82/><F70/><W33/><G33/><T3/><D3/><U132/><E0/><V75/><F69/><W116/><G116/><T93/><D26/><U66/><E66/><V56/><F27/><W31/><G31/><T81/><AGARI ba="2,1" hai="37,41,46,74,76,81,92,93,94,100,101" m="49737" machi="81" ten="40,3900,0" yaku="19,1,52,1" doraHai="77" who="0" fromWho="0" sc="559,55,189,-15,189,-15,53,-15" /><INIT seed="0,3,0,0,2,80" ten="614,174,174,38" oya="0" hai0="57,8,127,7,10,12,132,126,114,21,128,110,18" hai1="92,67,46,77,119,76,0,52,14,121,33,68,89" hai2="23,44,109,32,62,111,103,28,84,134,36,112,42" hai3="124,35,120,86,94,83,6,20,22,69,1,37,24"/><T19/><D57/><U30/><E119/><V115/><F32/><W15/><G69/><T39/><D39/><U90/><E121/><V3/><F3/><W130/><G37/><T105/><D105/><U74/><E0/><V95/><F134/><W81/><G120/><T123/><D123/><U40/><E90/><N who="2" m="53703" /><F103/><W4/><G1/><N who="0" m="111" /><D114/><U96/><E14/><V63/><F28/><N who="3" m="17415" /><G35/><T65/><D65/><U60/><E74/><V122/><F23/><W16/><G124/><N who="0" m="47659" /><D132/><U26/><REACH who="1" step="1"/><E52/><REACH who="1" ten="614,164,174,38" step="2"/><V49/><F122/><W51/><G130/><T11/><D128/><U88/><E88/><V91/><F91/><N who="3" m="53623" /><G51/><AGARI ba="3,1" hai="26,30,33,40,46,51,60,67,68,76,77,89,92,96" machi="51" ten="30,2000,0" yaku="1,1,7,1,53,0" doraHai="80" doraHaiUra="113" who="1" fromWho="3" sc="614,0,164,39,174,0,38,-29" /><INIT seed="1,0,0,2,2,122" ten="614,203,174,9" oya="1" hai0="89,70,104,42,65,117,37,102,9,4,66,128,29" hai1="35,13,59,113,7,21,115,80,81,64,62,95,118" hai2="98,26,72,17,30,112,92,40,11,63,87,99,114" hai3="45,15,71,119,31,27,48,52,57,24,39,134,47"/><U105/><E118/><V116/><F116/><W6/><G119/><T106/><D89/><U109/><E105/><V97/><F72/><W61/><G134/><T74/><D29/><U123/><E123/><V55/><F40/><W130/><G130/><T8/><D8/><N who="1" m="4255" /><E35/><V69/><F17/><W96/><G71/><T67/><D66/><N who="1" m="39263" /><E115/><N who="2" m="44075" /><F11/><N who="3" m="4599" /><G39/><T2/><D9/><U5/><E113/><V85/><F92/><W129/><G129/><T14/><D14/><U94/><E5/><V34/><F55/><N who="3" m="33983" /><G31/><T121/><D42/><U33/><E64/><AGARI ba="0,0" hai="26,30,34,63,64,69,85,87,97,98,99" m="44075" machi="64" ten="30,1000,0" yaku="11,1" doraHai="122" who="2" fromWho="1" sc="614,0,203,-10,174,10,9,0" /><INIT seed="2,0,0,0,5,66" ten="614,193,184,9" oya="2" hai0="111,64,86,28,12,93,18,125,101,54,62,90,133" hai1="116,79,21,70,4,82,68,87,65,34,97,48,47" hai2="83,120,127,77,94,122,95,75,63,80,72,26,105" hai3="46,76,91,110,55,3,109,129,73,17,89,128,51"/><V85/><F26/><W108/><G3/><T103/><D111/><U61/><E34/><V1/><F1/><W6/><G6/><T96/><D125/><U112/><E112/><V53/><F53/><W8/><G73/><N who="2" m="28233" /><F63/><W49/><G76/><T134/><D54/><U115/><E115/><V33/><F33/><W60/><G60/><T2/><D28/><U57/><E116/><V130/><F127/><W118/><G118/><T81/><D103/><U132/><E132/><V131/><F105/><W35/><G35/><T104/><D104/><U102/><E4/><V24/><F24/><W50/><G17/><T58/><D2/><U30/><E21/><V39/><F39/><W74/><G8/><T37/><D37/><U22/><E30/><V5/><F5/><W25/><G25/><T9/><AGARI ba="0,0" hai="9,12,18,58,62,64,81,86,90,93,96,101,133,134" machi="9" ten="30,1100,0" yaku="0,1" doraHai="66" who="0" fromWho="0" sc="614,11,193,-3,184,-5,9,-3" /><INIT seed="3,0,0,0,2,132" ten="625,190,179,6" oya="3" hai0="1,72,57,20,16,109,3,81,127,6,60,123,30" hai1="73,58,22,97,35,25,87,88,29,82,44,120,105" hai2="28,106,125,68,27,46,51,34,133,11,78,124,83" hai3="2,121,116,79,76,56,115,21,63,42,135,86,110"/><W91/><G2/><T7/><D30/><U55/><E120/><V80/><F133/><W102/><G116/><T96/><D96/><U122/><E122/><V14/><F68/><W118/><G118/><T66/><D16/><N who="1" m="12487" /><E73/><V107/><F107/><W54/><G121/><T111/><D57/><U12/><E29/><V53/><F106/><W32/><G32/><T71/><D60/><N who="1" m="35935" /><E35/><V37/><F37/><W99/><G115/><T98/><D98/><U69/><E69/><V9/><F83/><N who="3" m="49631" /><G135/><T17/><D81/><U33/><E33/><V70/><F70/><W24/><G110/><T23/><D17/><U15/><E105/><V103/><F103/><W112/><G112/><T95/><D95/><N who="1" m="56551" /><E44/><V0/><F0/><W5/><G5/><T45/><D66/><U90/><AGARI ba="0,0" hai="12,15,82,87,90" m="56551,35935,12487" machi="90" ten="30,7900,0" yaku="25,1,8,1,54,2" doraHai="132" who="1" fromWho="1" sc="625,-20,190,79,179,-20,6,-39" owari="605,70.5,269,6.9,159,-24.1,-33,-53.3" /></mjloggm>