<mjloggm ver="2.3"><GO type="225" lobby="0"/><UN n0="%E3%82%BC%E3%83%AB%E3%83%80%E3%81%AE%E4%BC%9D%E8%AA%AC" n1="%E3%82%A2%E3%83%A1%E3%82%A2%E3%83%A9%E3%83%AC" n2="%4B%2E%32%2E%4B%2E" n3="%4C%4F%4C%49%54%41" dan="18,16,16,16" rate="2198.66,2077.44,2122.94,2193.45" sx="M,M,M,F"/><TAIKYOKU oya="0"/><INIT seed="0,0,0,1,3,35" ten="250,250,250,250" oya="0" hai0="0,76,43,22,112,131,111,25,17,110,77,123,3" hai1="48,68,90,86,87,54,7,74,52,96,46,40,103" hai2="105,58,63,27,47,84,119,16,23,92,125,134,101" hai3="75,53,70,102,39,130,56,122,1,100,51,99,120"/><T127/><D112/><U33/><E74/><V104/><F125/><W83/><G39/><T95/><D123/><N who="3" m="47145" /><G70/><T5/><D127/><U72/><E72/><V69/><F69/><W2/><G130/><T62/><D131/><U44/><E68/><V71/><F71/><W4/><G4/><T55/><D43/><U42/><E33/><V8/><F134/><W28/><G28/><T66/><D66/><U88/><E7/><V106/><F119/><W94/><G102/><T85/><D95/><N who="1" m="58783" /><E44/><V109/><F109/><N who="0" m="41482" /><D5/><U129/><E40/><V61/><F47/><W117/><G117/><T91/><D91/><N who="1" m="34859" /><E129/><V9/><F58/><W13/><G13/><T60/><D55/><AGARI ba="0,0" hai="42,46,48,52,54,55,86,87" m="34859,58783" machi="55" ten="30,3900,0" yaku="8,1,54,2" doraHai="35" who="1" fromWho="0" sc="250,-39,250,39,250,0,250,0" /><INIT seed="1,0,0,0,1,71" ten="211,289,250,250" oya="1" hai0="40,22,56,28,96,18,87,66,129,120,32,27,60" hai1="44,104,15,124,59,117,8,78,93,81,70,105,43" hai2="49,73,122,134,9,54,107,17,1,135,99,118,5" hai3="111,4,108,11,114,100,63,61,94,16,91,90,37"/><U82/><E117/><V132/><F122/><W119/><G114/><T125/><D120/><U30/><E70/><V33/><F118/><W126/><G119/><T106/><D125/><U3/><E124/><V130/><F130/><W131/><G126/><T77/><D129/><U86/><E3/><V121/><F121/><W80/><G131/><T35/><D40/><U50/><E30/><V115/><F115/><W89/><G37/><T112/><D112/><U21/><E21/><V57/><F73/><W58/><G80/><T41/><D41/><U127/><E127/><V101/><REACH who="2" step="1"/><F17/><REACH who="2" ten="211,289,240,250" step="2"/><W65/><G16/><T39/><D18/><U85/><E93/><V0/><F0/><W29/><G94/><T6/><D106/><U79/><E59/><V26/><F26/><W7/><G58/><T10/><D27/><U19/><AGARI ba="0,1" hai="8,15,19,43,44,50,78,79,81,82,85,86,104,105" machi="19" ten="20,3900,0" yaku="0,1,7,1,9,1" doraHai="71" who="1" fromWho="1" sc="211,-13,289,49,240,-13,250,-13" /><INIT seed="1,1,0,4,5,92" ten="198,338,227,237" oya="1" hai0="79,58,17,63,40,15,52,50,49,86,48,39,74" hai1="100,120,46,0,7,56,77,19,18,131,67,71,76" hai2="82,83,59,25,64,44,121,42,133,95,12,13,5" hai3="72,127,24,28,60,125,41,99,90,33,115,107,65"/><U2/><E120/><V117/><F121/><W16/><G115/><T34/><D34/><U8/><E0/><V61/><F117/><W84/><G72/><T37/><D74/><U31/><E131/><V23/><F133/><W101/><G41/><T1/><D1/><U38/><E71/><V91/><F5/><W4/><G16/><T27/><D27/><U96/><E31/><V68/><F68/><W22/><G22/><T129/><D129/><U80/><E38/><V122/><F13/><W70/><REACH who="3" step="1"/><G4/><REACH who="3" ten="198,338,227,227" step="2"/><T35/><D35/><U93/><E19/><V75/><F75/><W36/><G36/><T108/><D108/><U111/><E18/><V106/><F23/><W128/><G128/><T14/><D40/><U30/><E7/><V69/><F42/><W85/><G85/><T73/><D73/><U116/><E111/><V54/><F25/><W51/><G51/><T130/><D130/><U57/><E116/><V6/><F6/><W47/><G47/><T118/><D118/><U26/><E46/><V103/><F44/><W11/><G11/><T3/><D39/><U109/><E8/><V10/><F10/><W43/><G43/><T32/><D37/><U87/><E87/><V89/><F122/><W55/><G55/><T110/><D110/><U53/><E53/><V98/><F54/><W45/><G45/><T112/><D112/><U135/><E109/><V132/><F132/><W124/><G124/><T62/><D32/><U29/><E135/><V134/><F134/><W126/><G126/><T104/><D17/><U123/><E123/><V114/><F114/><RYUUKYOKU ba="1,1" sc="198,-10,338,-10,227,-10,227,30" hai3="24,28,33,60,65,70,84,90,99,101,107,125,127" /><INIT seed="2,2,1,0,5,93" ten="188,328,217,257" oya="2" hai0="57,38,0,21,32,20,6,40,66,33,99,49,84" hai1="107,63,44,12,119,4,97,125,18,114,135,111,55" hai2="29,50,115,95,41,7,100,61,103,129,10,106,42" hai3="52,47,117,131,118,2,73,83,82,122,88,76,78"/><V11/><F106/><W17/><G2/><T86/><D0/><U30/><E114/><V24/><F115/><W64/><G122/><T58/><D6/><U87/><E111/><V109/><F109/><W69/><G131/><T94/><D33/><U112/><E119/><V79/><F129/><W60/><G17/><T27/><D38/><U120/><E135/><V36/><F36/><W124/><G124/><T128/><D128/><U91/><E125/><V126/><F79/><W74/><G88/><N who="0" m="55751" /><D32/><U68/><E30/><V113/><F113/><W53/><G47/><N who="0" m="25831" /><D20/><U90/><E4/><V130/><F7/><W62/><G53/><T121/><D121/><U35/><E55/><V26/><F126/><W72/><G72/><T5/><D5/><U16/><E35/><V8/><F130/><W48/><G48/><T22/><D22/><U102/><E120/><V116/><F50/><W13/><G62/><N who="0" m="38223" /><D58/><U96/><E112/><V45/><F61/><W123/><G123/><T3/><D3/><U108/><E63/><V51/><F42/><W127/><G127/><T98/><D98/><U85/><E108/><V133/><F51/><W89/><G52/><T92/><D92/><U54/><E107/><V15/><F95/><W56/><G69/><T23/><D23/><U132/><E68/><V80/><F41/><W77/><G117/><T31/><AGARI ba="2,1" hai="21,27,31,84,86" m="38223,25831,55751" machi="31" ten="30,4000,0" yaku="8,1,52,1,54,1" doraHai="93" who="0" fromWho="0" sc="188,56,328,-12,217,-22,257,-12" /><INIT seed="3,0,0,0,2,108" ten="244,316,195,245" oya="3" hai0="61,0,5,22,44,40,123,114,45,57,132,84,23" hai1="6,98,91,31,59,120,26,109,32,10,133,118,47" hai2="77,126,100,12,24,35,16,102,63,38,72,42,51" hai3="15,93,135,97,29,49,27,9,8,74,76,3,20"/><W90/><G135/><T127/><D123/><U69/><E109/><V134/><F38/><W55/><G3/><T56/><D132/><U129/><E69/><V116/><F116/><W50/><G74/><T86/><D127/><U58/><E120/><V53/><F134/><W64/><G76/><T73/><D73/><U52/><E129/><V124/><F72/><W85/><G64/><T79/><D0/><U92/><E118/><V106/><F77/><W48/><G97/><T46/><D114/><U11/><E11/><V82/><F82/><W7/><REACH who="3" step="1"/><G9/><REACH who="3" ten="244,316,195,235" step="2"/><T113/><D79/><U78/><E78/><V43/><F124/><W17/><G17/><T103/><D113/><U83/><E133/><V110/><F110/><W36/><G36/><T37/><D37/><U65/><E65/><V1/><F1/><W14/><G14/><T87/><D5/><U39/><E39/><V70/><F126/><W131/><G131/><T95/><D84/><U125/><E125/><V71/><F12/><W30/><G30/><T96/><D86/><U2/><E10/><V66/><F66/><W13/><G13/><T89/><D87/><U68/><E2/><V80/><F71/><W33/><G33/><T62/><D22/><U54/><E68/><V101/><F35/><W107/><G107/><T88/><D23/><U121/><E32/><V111/><F111/><W21/><G21/><T81/><D96/><U60/><E31/><V41/><F106/><W130/><G130/><T19/><D19/><U25/><E98/><V34/><F34/><W122/><G122/><T18/><D18/><RYUUKYOKU ba="0,1" sc="244,-10,316,-10,195,-10,235,30" hai3="7,8,15,20,27,29,48,49,50,55,85,90,93" /><INIT seed="3,1,1,1,5,91" ten="234,306,185,265" oya="3" hai0="110,68,0,37,13,31,24,44,90,22,113,85,26" hai1="104,63,133,17,9,72,23,134,82,132,52,99,38" hai2="125,76,64,102,49,122,1,45,94,54,100,92,69" hai3="124,84,34,40,3,4,62,93,98,112,108,11,89"/><W42/><G112/><T19/><D68/><U97/><E38/><V129/><F1/><W78/><G34/><T96/><D0/><U107/><E9/><V25/><F76/><W16/><G124/><T21/><D113/><U33/><E33/><V12/><F69/><W56/><G108/><T106/><D110/><U79/><E52/><N who="2" m="29743" /><F64/><W71/><G16/><N who="0" m="12327" /><D37/><U57/><E57/><V128/><F54/><W114/><G114/><T115/><D106/><N who="1" m="40491" /><E63/><V8/><F125/><W41/><G71/><T118/><D118/><U77/><E79/><V14/><F14/><AGARI ba="1,1" hai="14,17,23,72,77,82,97,99,132,133,134" m="40491" machi="14" ten="40,1300,0" yaku="20,1" doraHai="91" who="1" fromWho="2" sc="234,0,306,26,185,-16,265,0" owari="234,-16.6,332,43.2,169,-33.1,265,6.5" /></mjloggm>