<mjloggm ver="2.3"><GO type="225" lobby="0"/><UN n0="%E3%81%AF%E3%82%88%E3%81%8A%E3%81%98%E3%81%95%E3%82%93" n1="%E5%B8%86%E7%AB%8B%E5%A4%8F%E8%A1%A3" n2="%E6%97%A5%E6%9B%9C%E6%97%A5%E3%82%88%E3%82%8A%E3%81%AE%E4%BD%BF%E8%80%85" n3="%E7%BD%AA%E5%88%91%E6%B3%95%E5%AE%9A%E4%B8%BB%E7%BE%A9" dan="16,17,17,16" rate="2166.70,2149.09,2158.40,2164.67" sx="M,M,M,M"/><TAIKYOKU oya="0"/><INIT seed="0,0,0,4,3,54" ten="250,250,250,250" oya="0" hai0="119,26,12,118,74,123,5,18,0,83,135,60,34" hai1="10,20,113,125,107,65,63,61,72,69,6,38,48" hai2="79,17,108,32,104,30,130,37,67,21,35,25,97" hai3="8,51,4,11,75,45,33,100,112,96,40,111,133"/><T29/><D123/><U23/><E125/><V115/><F115/><W44/><G112/><T92/><D135/><U50/><E113/><V24/><F37/><W68/><G33/><T128/><D128/><U66/><E72/><V36/><F36/><W105/><G68/><T76/><D92/><U52/><E107/><V47/><F130/><W14/><G133/><T101/><D101/><U85/><E38/><V131/><F131/><W117/><G75/><T15/><D15/><U122/><E85/><V103/><F108/><W102/><G111/><T88/><D88/><U49/><E122/><V120/><F120/><W41/><G117/><T7/><D7/><U57/><REACH who="1" step="1"/><E65/><REACH who="1" ten="250,240,250,250" step="2"/><V3/><F67/><W127/><G127/><T124/><D124/><U99/><E99/><V110/><F97/><W132/><G132/><T116/><D119/><U114/><E114/><V27/><F104/><W58/><G96/><T126/><D126/><U84/><E84/><V81/><F110/><W95/><G105/><T59/><D116/><U19/><E19/><V77/><F17/><W98/><G98/><T86/><D118/><U64/><E64/><V56/><F103/><W73/><G73/><T90/><D74/><U78/><E78/><V46/><F79/><W106/><G106/><T62/><D76/><U43/><E43/><V16/><F77/><W87/><G102/><T94/><D18/><U82/><E82/><V109/><F81/><W31/><G100/><T39/><D83/><U22/><E22/><N who="2" m="15639" /><F109/><W89/><G87/><T53/><D86/><U129/><E129/><V93/><F21/><RYUUKYOKU ba="0,1" sc="250,-10,240,30,250,-10,250,-10" hai1="6,10,20,23,48,49,50,52,57,61,63,66,69" /><INIT seed="1,1,1,1,5,60" ten="240,270,240,240" oya="1" hai0="81,118,66,88,30,35,2,62,63,4,12,22,0" hai1="44,101,69,135,99,55,49,104,25,80,11,123,102" hai2="132,119,120,87,122,94,61,78,13,15,106,10,98" hai3="37,57,18,75,92,53,127,43,38,31,3,39,96"/><U125/><E135/><V105/><F119/><W109/><G3/><T9/><D118/><U112/><E125/><V17/><F132/><W24/><G127/><T64/><D0/><U5/><E112/><V54/><F106/><W34/><G75/><T29/><D35/><U59/><E123/><V27/><F105/><W71/><G71/><T36/><D36/><U46/><E69/><V85/><F27/><W48/><G109/><T129/><D129/><U89/><E101/><N who="2" m="60631" /><F78/><W90/><REACH who="3" step="1"/><G18/><REACH who="3" ten="240,270,240,230" step="2"/><T84/><D2/><U116/><E116/><V86/><F122/><W93/><G93/><T72/><D72/><U100/><E104/><V91/><F120/><W83/><G83/><T95/><D81/><U113/><E80/><N who="2" m="49575" /><F13/><W7/><G7/><T50/><D4/><U111/><E5/><V82/><F82/><W33/><G33/><T67/><D12/><U51/><E111/><V16/><F17/><W45/><AGARI ba="1,2" hai="24,31,34,37,38,39,43,45,48,53,57,90,92,96" machi="45" ten="30,2000,0" yaku="1,1,0,1,53,0" doraHai="60" doraHaiUra="56" who="3" fromWho="3" sc="240,-6,270,-11,240,-6,230,43" /><INIT seed="2,0,0,2,2,99" ten="234,259,234,273" oya="2" hai0="56,11,102,107,112,84,130,88,86,75,65,108,81" hai1="98,90,10,80,12,36,57,113,96,26,34,68,63" hai2="0,6,122,37,111,22,116,110,62,133,58,64,105" hai3="76,131,109,97,79,41,135,103,54,53,7,83,3"/><V59/><F116/><W127/><G109/><N who="2" m="41481" /><F122/><W126/><G41/><T42/><D108/><U25/><E113/><V31/><F133/><W20/><G135/><T85/><D112/><U82/><E36/><V14/><F105/><W47/><G131/><T23/><D130/><U16/><E68/><N who="2" m="42007" /><F37/><W115/><G115/><T49/><D75/><U55/><E34/><V100/><F0/><W74/><G79/><T33/><D33/><U119/><E119/><V2/><F2/><W30/><G7/><T60/><D11/><U4/><E26/><N who="2" m="16855" /><F100/><W9/><G3/><T61/><D107/><U43/><E43/><V87/><F87/><W46/><G9/><AGARI ba="0,0" hai="6,9,14,58,59" m="16855,42007,41481" machi="9" ten="30,2900,0" yaku="14,1,10,1" doraHai="99" who="2" fromWho="3" sc="234,0,259,0,234,29,273,-29" /><INIT seed="2,1,0,3,5,7" ten="234,259,263,244" oya="2" hai0="56,30,52,79,57,93,66,1,76,77,113,40,126" hai1="69,49,134,110,118,105,0,21,83,98,133,55,6" hai2="73,19,12,116,101,82,72,24,94,115,43,87,62" hai3="39,85,15,11,48,2,128,70,26,36,89,8,22"/><V42/><F115/><W84/><G70/><T47/><D113/><U131/><E118/><V37/><F116/><W32/><G32/><T31/><D1/><U104/><E69/><V125/><F125/><W80/><G2/><T120/><D120/><U51/><E110/><V95/><F37/><W13/><G128/><T29/><D126/><U3/><E131/><V117/><F117/><W53/><G39/><T106/><D106/><U64/><E64/><V46/><F72/><W50/><G36/><T103/><D40/><U4/><E21/><N who="2" m="13375" /><F73/><W86/><G15/><T33/><D33/><U61/><E83/><V25/><F25/><W38/><G38/><T20/><D66/><U67/><E67/><V10/><F62/><W45/><G50/><N who="0" m="28767" /><D20/><U92/><E61/><V75/><F75/><W99/><G99/><AGARI ba="1,0" hai="29,30,31,56,57,76,77,79,93,99,103" m="28767" machi="99" ten="30,2000,0" yaku="8,1,54,1" doraHai="7" who="0" fromWho="3" sc="234,23,259,0,263,0,244,-23" /><INIT seed="3,0,0,1,5,31" ten="257,259,263,221" oya="3" hai0="64,69,52,112,54,122,88,121,11,41,34,25,19" hai1="53,1,102,110,0,115,15,21,128,70,63,87,61" hai2="30,126,60,86,46,55,24,45,84,13,114,48,113" hai3="43,3,27,23,118,116,130,72,96,22,78,20,66"/><W58/><G3/><T97/><D41/><U44/><E115/><V42/><F126/><W39/><G130/><T104/><D112/><U18/><E110/><V131/><F131/><W80/><G27/><T79/><D79/><U12/><E128/><V16/><F114/><W10/><G10/><T117/><D117/><U93/><E1/><V105/><F105/><W33/><G33/><T119/><D119/><U90/><E0/><V71/><F113/><W133/><G133/><T62/><D11/><U67/><E102/><V123/><F71/><W68/><G68/><T81/><D81/><U28/><E28/><V7/><F7/><W95/><G43/><T2/><D2/><U89/><E89/><V14/><F14/><W82/><G82/><T37/><D37/><U129/><E129/><V109/><F109/><W76/><G76/><T135/><D135/><U91/><E91/><V26/><F123/><N who="0" m="47114" /><D88/><U125/><E125/><V56/><F46/><W40/><G40/><T51/><D51/><U83/><E15/><V100/><F100/><W92/><G39/><T99/><D19/><U17/><E18/><V74/><F74/><W107/><G118/><T6/><D6/><U77/><E44/><V57/><F57/><W75/><G75/><T36/><D36/><U98/><E63/><V120/><F120/><W59/><G116/><T101/><D99/><U8/><E8/><N who="2" m="6183" /><F30/><AGARI ba="0,0" hai="25,30,34,52,54,62,64,69,97,101,104" m="47114" machi="30" ten="30,3900,0" yaku="25,1,52,1,54,1" doraHai="31" who="0" fromWho="2" sc="257,39,259,0,263,-39,221,0" /><INIT seed="4,0,0,1,5,99" ten="296,259,224,221" oya="0" hai0="55,116,130,81,31,90,69,8,131,71,100,58,67" hai1="10,135,84,89,97,45,118,30,112,107,43,101,35" hai2="117,68,52,115,65,39,93,102,25,9,7,126,109" hai3="21,48,28,87,62,111,17,4,121,36,18,13,127"/><T88/><D116/><U12/><E135/><V91/><F109/><W53/><G36/><T23/><D100/><U77/><E118/><V108/><F108/><W82/><G111/><T125/><D125/><U46/><E77/><V70/><F39/><W20/><G127/><T83/><D8/><U79/><E79/><V54/><F126/><W33/><G4/><T1/><D1/><U60/><E112/><V15/><F117/><W104/><G104/><T74/><D74/><U96/><E96/><N who="2" m="59663" /><F70/><N who="0" m="26634" /><D67/><U6/><E60/><V37/><F37/><W59/><G121/><T85/><D23/><U32/><E30/><V27/><F68/><W26/><G33/><T5/><D5/><U86/><E35/><V92/><F65/><W120/><G120/><T41/><D41/><U132/><E43/><V44/><F115/><W128/><G128/><N who="0" m="49195" /><D31/><U38/><E32/><V95/><F7/><W29/><REACH who="3" step="1"/><G62/><REACH who="3" ten="296,259,224,211" step="2"/><N who="0" m="36191" /><D90/><AGARI ba="0,1" hai="13,17,18,20,21,26,28,29,48,53,59,82,87,90" machi="90" ten="30,3900,0" yaku="1,1,7,1,8,1,53,0" doraHai="99" doraHaiUra="75" who="3" fromWho="0" sc="296,-39,259,0,224,0,211,49" /><INIT seed="5,0,0,5,5,81" ten="257,259,224,260" oya="1" hai0="133,119,105,67,91,6,64,113,130,76,16,33,85" hai1="10,50,99,45,121,126,40,100,84,72,25,78,123" hai2="32,22,63,71,66,56,34,5,75,87,51,122,97" hai3="52,128,118,7,115,41,94,77,69,28,31,135,61"/><U108/><E126/><V114/><F75/><W49/><G115/><T89/><D119/><U124/><E124/><V35/><F122/><W102/><G118/><T65/><D33/><U83/><E108/><V38/><F38/><W55/><G128/><T54/><D105/><U12/><E25/><V3/><F114/><W68/><G77/><T46/><D113/><U120/><E72/><V11/><F97/><W13/><G135/><T92/><D133/><U111/><E111/><V129/><F129/><W24/><G69/><T95/><D6/><N who="1" m="3159" /><E123/><V57/><F51/><W98/><G41/><T101/><D76/><U48/><E48/><V125/><F125/><W1/><G1/><T47/><D101/><U2/><E2/><V70/><F70/><W59/><G24/><T42/><D54/><U18/><E18/><V132/><F132/><W134/><G134/><T80/><D130/><U14/><E14/><V86/><REACH who="2" step="1"/><F22/><REACH who="2" ten="257,259,214,260" step="2"/><W79/><G68/><T116/><D116/><U117/><E117/><V58/><AGARI ba="0,1" hai="3,5,11,32,34,35,56,57,58,63,66,71,86,87" machi="58" ten="40,8000,1" yaku="1,1,2,1,0,1,52,2,53,0" doraHai="81" doraHaiUra="106" who="2" fromWho="2" sc="257,-20,259,-40,214,90,260,-20" owari="237,-16.3,219,-28.1,304,40.4,240,4.0" /></mjloggm>