<mjloggm ver="2.3"><GO type="225" lobby="0"/><UN n0="%E9%A2%A8%E3%81%A7%E9%B3%B4%E3%81%8F" n1="%E6%B8%A9%E2%98%85%E6%83%85%E2%98%85%E6%8E%AA%E2%98%85%E7%BD%AE" n2="%E6%B0%B7%E5%B7%9D%E9%87%8C%E5%A5%88" n3="%E5%8D%A0%E3%81%84%E5%B8%AB%E8%A3%8F%E3%81%AA%E3%81%84%E3%81%97" dan="16,16,16,17" rate="2152.86,2170.82,2117.84,2143.27" sx="M,M,F,M"/><TAIKYOKU oya="0"/><INIT seed="0,0,0,3,0,96" ten="250,250,250,250" oya="0" hai0="94,100,31,85,99,111,132,7,30,78,62,11,65" hai1="48,134,122,14,53,17,56,114,64,117,36,126,129" hai2="103,69,119,80,40,20,90,49,91,41,104,75,8" hai3="112,0,24,115,21,70,120,47,44,10,1,46,102"/><T83/><D111/><U15/><E117/><V84/><F119/><W95/><G70/><T72/><D132/><U19/><E122/><V50/><F69/><W6/><G0/><T101/><D101/><U107/><E107/><V66/><F66/><W123/><G95/><T3/><REACH who="0" step="1"/><D72/><REACH who="0" ten="240,250,250,250" step="2"/><U82/><E134/><V45/><F75/><W124/><G102/><T5/><D5/><U51/><E114/><V32/><F103/><W128/><G128/><T71/><AGARI ba="0,1" hai="3,7,11,30,31,62,65,71,78,83,85,94,99,100" machi="71" ten="20,12000,1" yaku="1,1,0,1,7,1,52,1,53,1" doraHai="96" doraHaiUra="63" who="0" fromWho="0" sc="240,130,250,-40,250,-40,250,-40" /><INIT seed="0,1,0,3,4,42" ten="370,210,210,210" oya="0" hai0="33,8,7,0,19,103,38,70,109,40,5,122,12" hai1="83,46,17,126,24,55,80,25,81,132,26,94,114" hai2="104,11,45,65,64,107,91,57,41,9,61,16,118" hai3="119,14,32,34,111,127,95,99,1,31,87,47,120"/><T105/><D122/><U44/><E132/><V100/><F118/><W123/><G119/><T75/><D75/><U48/><E126/><V10/><F65/><W102/><G1/><T116/><D116/><U93/><E114/><V29/><F29/><W35/><G111/><T63/><D109/><U121/><E121/><N who="3" m="46666" /><G127/><T89/><D33/><U117/><E117/><V82/><F100/><W72/><G72/><T88/><D7/><U90/><E17/><V15/><F82/><W59/><G59/><T131/><D131/><U86/><REACH who="1" step="1"/><E94/><REACH who="1" ten="370,200,210,210" step="2"/><V39/><REACH who="2" step="1"/><F91/><REACH who="2" ten="370,200,200,210" step="2"/><W69/><G31/><T43/><D88/><U53/><E53/><V112/><F112/><W71/><G102/><T74/><D89/><U13/><E13/><V84/><F84/><W135/><G87/><T30/><D74/><U56/><AGARI ba="1,2" hai="24,25,26,44,46,48,55,56,80,81,83,86,90,93" machi="56" ten="30,12000,2" yaku="1,1,0,1,8,1,52,2,53,1" doraHai="42" doraHaiUra="52" who="1" fromWho="1" sc="370,-61,200,143,200,-31,210,-31" /><INIT seed="1,0,0,0,3,35" ten="309,343,169,179" oya="1" hai0="22,10,21,8,90,117,31,81,80,41,56,100,115" hai1="111,13,93,76,60,2,23,64,97,125,52,58,48" hai2="27,131,109,88,119,17,134,5,49,43,72,38,9" hai3="62,29,45,14,18,71,50,36,92,15,4,94,85"/><U86/><E125/><V11/><F119/><W32/><G36/><T118/><D115/><U110/><E2/><V104/><F38/><W114/><G114/><T66/><D41/><U113/><E113/><V126/><F72/><W98/><G32/><T124/><D124/><U20/><E13/><V26/><F126/><W116/><G29/><T101/><D56/><U132/><E132/><V37/><F37/><W107/><G107/><T84/><D66/><U82/><E110/><V12/><F104/><W78/><G4/><T74/><D74/><U102/><REACH who="1" step="1"/><E111/><REACH who="1" ten="309,333,169,179" step="2"/><V73/><F109/><W53/><G15/><T40/><D118/><U77/><E77/><V89/><F134/><W112/><G78/><T67/><D117/><U44/><AGARI ba="0,1" hai="20,23,44,48,52,58,60,64,76,82,86,93,97,102" machi="44" ten="20,18000,2" yaku="1,1,0,1,7,1,8,1,54,1,53,1" doraHai="35" doraHaiUra="59" who="1" fromWho="1" sc="309,-60,333,190,169,-60,179,-60" /><INIT seed="1,1,0,3,3,48" ten="249,523,109,119" oya="1" hai0="104,82,125,79,122,41,118,53,46,45,99,129,32" hai1="62,128,90,105,117,21,73,101,20,109,58,106,37" hai2="30,34,113,94,74,63,85,75,123,15,27,55,108" hai3="119,56,71,39,80,28,22,97,65,121,14,42,130"/><U31/><E117/><V7/><F123/><W84/><G121/><T3/><D32/><U67/><E37/><V83/><F108/><W111/><G71/><T132/><D3/><U10/><E109/><V127/><F127/><W12/><G111/><T66/><D66/><U8/><E73/><V120/><F120/><W43/><G130/><T50/><D122/><U4/><E128/><V95/><F113/><W116/><G97/><T78/><D129/><U69/><E69/><V103/><F75/><W52/><G65/><T68/><D68/><U86/><E101/><V87/><F74/><W81/><G28/><T54/><D118/><N who="3" m="45097" /><G81/><T100/><D125/><U98/><E98/><V13/><F103/><W133/><G133/><T35/><D35/><U70/><E70/><V107/><F107/><W114/><G114/><T102/><D102/><U88/><E90/><V17/><F87/><W115/><G115/><T60/><D82/><U131/><E31/><V110/><F110/><W47/><G22/><N who="1" m="8810" /><E106/><V23/><F34/><W76/><G42/><T0/><D0/><U26/><E105/><V38/><F38/><W124/><G124/><T6/><D6/><U72/><E72/><V1/><F1/><W126/><G126/><T134/><D79/><U112/><E4/><V2/><F2/><W92/><G92/><N who="2" m="35369" /><F7/><W93/><G93/><T40/><D78/><U18/><E112/><V24/><F24/><W5/><G5/><T91/><D91/><U33/><E131/><V96/><F30/><W59/><G59/><N who="0" m="34927" /><D40/><U57/><E33/><V16/><F96/><W9/><G9/><RYUUKYOKU ba="1,0" sc="249,15,523,-15,109,-15,119,15" hai0="41,45,46,50,54,99,100,104,132,134" hai3="12,14,39,43,47,52,56,76,80,84" /><INIT seed="2,2,0,3,2,73" ten="264,508,94,134" oya="2" hai0="71,120,130,103,70,2,111,96,134,99,3,38,26" hai1="105,37,119,79,50,58,64,49,61,106,107,94,30" hai2="53,109,77,135,1,76,132,27,116,31,102,78,19" hai3="14,33,117,84,98,66,131,95,124,43,93,128,46"/><V11/><F116/><W13/><G33/><T34/><D111/><U12/><E37/><V92/><F109/><W15/><G117/><T4/><D120/><U41/><E119/><V115/><F115/><W56/><G124/><T45/><D130/><N who="3" m="49705" /><G84/><T122/><D96/><U101/><E30/><V112/><F112/><W88/><G93/><T114/><D134/><N who="2" m="51242" /><F53/><W23/><G56/><T10/><D2/><U81/><E41/><V17/><F102/><W47/><G66/><T59/><D59/><U22/><E101/><V57/><F57/><W48/><G46/><T63/><D63/><U55/><E55/><V62/><F62/><W80/><G80/><T25/><D25/><U118/><E118/><V121/><F92/><W129/><N who="3" m="49713" /><W60/><DORA hai="18" /><G60/><T72/><D72/><U54/><E94/><V35/><F121/><W16/><AGARI ba="2,0" hai="13,14,15,16,23,43,47,48,88,95,98" m="49713" machi="16" ten="40,8000,1" yaku="19,1,52,1,54,2" doraHai="73,18" who="3" fromWho="3" sc="264,-22,508,-22,94,-42,134,86" /><INIT seed="3,0,0,1,0,4" ten="242,486,52,220" oya="3" hai0="19,10,89,83,13,42,112,59,68,46,35,87,62" hai1="81,50,105,23,54,111,32,104,63,0,73,134,26" hai2="17,29,43,80,3,47,70,1,22,69,74,124,93" hai3="65,57,101,41,14,79,34,116,45,75,85,2,113"/><W103/><G113/><T117/><D112/><U82/><E32/><V25/><F124/><W78/><G2/><T52/><D35/><U96/><E0/><V18/><F93/><W120/><G75/><T121/><D121/><U108/><E134/><V94/><F94/><W100/><G34/><T130/><D130/><U126/><E63/><V7/><F29/><W95/><G120/><T15/><D15/><U5/><E5/><V131/><F131/><W67/><G116/><T40/><D117/><U66/><E66/><N who="3" m="25098" /><G57/><T58/><D68/><U49/><E49/><V92/><F92/><W102/><G14/><T72/><D72/><U71/><E96/><V9/><F18/><W53/><G41/><N who="0" m="15979" /><D62/><U77/><E82/><V28/><F17/><W36/><G36/><T91/><D91/><U86/><E126/><V106/><F106/><W88/><G102/><T128/><D128/><U27/><E71/><V123/><F123/><W8/><G8/><T122/><D122/><U31/><E27/><V135/><F135/><W132/><G132/><T21/><D21/><U51/><E51/><AGARI ba="0,0" hai="45,51,53,78,79,85,88,95,100,101,103" m="25098" machi="51" ten="30,2900,0" yaku="8,1,54,1" doraHai="4" who="3" fromWho="1" sc="242,0,486,-29,52,0,220,29" /><AGARI ba="0,0" hai="10,13,19,46,51,52,58,59,83,87,89" m="15979" machi="51" ten="30,7700,0" yaku="25,1,8,1,52,1,54,1" doraHai="4" who="0" fromWho="1" sc="242,77,457,-77,52,0,249,0" /><INIT seed="3,1,0,1,3,36" ten="319,380,52,249" oya="3" hai0="107,46,98,51,114,115,33,19,96,118,83,72,135" hai1="42,91,77,14,7,1,44,75,70,132,9,120,129" hai2="20,57,11,34,15,56,61,89,3,48,87,62,122" hai3="81,130,25,134,10,106,105,63,93,58,53,94,100"/><W66/><G130/><T29/><D118/><U116/><E120/><V24/><F122/><W119/><G119/><T41/><D135/><U121/><E121/><V102/><F34/><W2/><G134/><T80/><D19/><U40/><E70/><V39/><F39/><W28/><G81/><T69/><D69/><U133/><E116/><V60/><F3/><W76/><G76/><T85/><D29/><U5/><E129/><V73/><F73/><W117/><G117/><T52/><D33/><U79/><E42/><V127/><F127/><W74/><G74/><T111/><D111/><U17/><E7/><V67/><F102/><W6/><G53/><T59/><D72/><U112/><E112/><N who="0" m="43049" /><D107/><U125/><E125/><V82/><F57/><W0/><G0/><T30/><D30/><U50/><E91/><V35/><F35/><W101/><G101/><T99/><D85/><U54/><E75/><V13/><F13/><W45/><G45/><T103/><D103/><U37/><E133/><V18/><F24/><W32/><REACH who="3" step="1"/><G100/><REACH who="3" ten="319,380,52,239" step="2"/><T31/><D31/><U84/><E132/><V65/><F20/><W90/><G90/><T92/><D92/><AGARI ba="1,1" hai="2,6,10,25,28,32,58,63,66,92,93,94,105,106" machi="92" ten="40,2000,0" yaku="1,1,53,0" doraHai="36" doraHaiUra="110" who="3" fromWho="0" sc="319,-23,380,0,52,0,239,33" /><INIT seed="3,2,0,1,5,58" ten="296,380,52,272" oya="3" hai0="91,62,101,0,127,116,59,120,85,77,121,28,3" hai1="78,83,44,11,123,100,18,99,128,52,114,110,29" hai2="25,36,48,7,30,43,60,54,24,2,8,61,65" hai3="13,38,84,22,119,76,74,135,132,106,81,26,107"/><W72/><G38/><T125/><D77/><U15/><E114/><V27/><F30/><W92/><G13/><T39/><D39/><U108/><E123/><N who="0" m="47177" /><D101/><U133/><E133/><N who="3" m="51274" /><G119/><T21/><D21/><U49/><E29/><V55/><F2/><W46/><G46/><T73/><D73/><N who="3" m="28265" /><G22/><T86/><D28/><U80/><E128/><V51/><F36/><W33/><G26/><T66/><D86/><U115/><E115/><V82/><F82/><W1/><G1/><T34/><D34/><U12/><E12/><V88/><F8/><W53/><G53/><N who="2" m="19977" /><F65/><W122/><G33/><T35/><D35/><U71/><E71/><V118/><F118/><W98/><G122/><T10/><D10/><U20/><E11/><V131/><F131/><W4/><G4/><T104/><D104/><N who="1" m="63519" /><E78/><V75/><F75/><W23/><G23/><T69/><D116/><U9/><E9/><V117/><F117/><W87/><G87/><T50/><D50/><N who="2" m="18986" /><F43/><W124/><G107/><T42/><D42/><U56/><E44/><V109/><F109/><AGARI ba="2,0" hai="15,18,20,49,52,56,80,83,108,109,110" m="63519" machi="109" ten="30,2000,0" yaku="14,1,54,1" doraHai="58" who="1" fromWho="2" sc="296,0,380,26,52,-26,272,0" owari="296,9.6,406,50.6,26,-47.4,272,-12.8" /></mjloggm>