<mjloggm ver="2.3"><GO type="225" lobby="0"/><UN n0="%E5%B8%86%E7%AB%8B%E5%A4%8F%E8%A1%A3" n1="%73%7A%2E%64%31" n2="%E3%83%B4%E3%82%A3%E3%83%AF%E3%82%B3%E3%82%B0%E3%83%8B" n3="%E3%81%AF%E3%82%88%E3%81%8A%E3%81%98%E3%81%95%E3%82%93" dan="17,16,16,16" rate="2160.77,2076.13,2159.72,2180.73" sx="M,M,M,M"/><TAIKYOKU oya="0"/><INIT seed="0,0,0,4,3,114" ten="250,250,250,250" oya="0" hai0="29,115,99,7,28,113,22,30,111,9,66,116,20" hai1="59,117,14,15,89,92,107,69,2,110,80,67,13" hai2="121,44,54,25,12,84,79,88,124,93,62,105,87" hai3="45,68,10,126,91,42,3,40,57,26,17,31,102"/><T0/><D66/><U77/><E117/><V112/><F112/><N who="0" m="43082" /><D99/><U109/><E107/><V95/><F124/><W127/><G68/><T60/><D60/><U5/><E69/><V97/><F121/><W38/><G40/><T108/><D116/><U8/><E59/><V47/><F105/><W24/><G102/><T74/><D74/><U52/><E67/><V4/><F25/><W16/><G57/><T21/><AGARI ba="0,0" hai="0,7,9,20,21,22,28,29,30,108,111" m="43082" machi="21" ten="40,3900,0" yaku="34,2" doraHai="114" who="0" fromWho="0" sc="250,39,250,-13,250,-13,250,-13" /><INIT seed="0,1,0,0,4,23" ten="289,237,237,237" oya="0" hai0="115,65,11,119,60,114,81,109,101,6,66,117,42" hai1="132,52,130,79,36,108,20,68,31,89,131,48,80" hai2="71,15,1,110,3,83,43,107,55,14,98,30,57" hai3="64,2,93,54,123,112,103,85,86,7,70,38,28"/><T88/><D101/><U19/><E68/><V92/><F71/><W82/><G112/><T74/><D66/><U116/><E36/><V17/><F107/><W69/><G38/><T128/><D65/><U32/><E108/><V126/><F126/><W59/><G123/><T13/><D60/><U134/><E89/><V125/><F125/><W99/><G64/><T46/><D109/><U0/><E116/><V37/><F110/><W39/><G39/><T16/><D128/><N who="1" m="49195" /><E0/><V4/><F30/><W18/><G85/><T120/><D120/><U121/><E31/><V21/><F83/><W106/><G106/><T94/><D115/><U87/><E32/><V51/><F14/><W27/><G18/><T100/><D114/><U113/><E121/><V10/><F37/><W45/><G45/><T34/><D34/><U102/><E102/><V96/><F43/><W63/><G7/><T40/><D40/><U24/><E113/><V56/><F1/><W61/><G63/><T33/><D33/><U47/><AGARI ba="1,0" hai="19,20,24,47,48,52,79,80,87,132,134" m="49195" machi="47" ten="30,4000,0" yaku="19,1,52,1,54,1" doraHai="23" who="1" fromWho="1" sc="289,-21,237,43,237,-11,237,-11" /><INIT seed="1,0,0,4,0,51" ten="268,280,226,226" oya="1" hai0="115,117,28,109,90,82,83,47,85,99,66,113,110" hai1="87,106,42,5,69,89,27,56,86,55,59,29,130" hai2="24,72,97,13,120,61,25,44,124,79,35,30,0" hai3="58,54,3,68,23,80,104,77,132,70,88,119,8"/><U133/><E106/><V105/><F120/><W122/><G122/><T64/><D28/><U107/><E107/><V12/><F0/><W73/><G104/><T95/><D66/><U2/><E69/><V20/><F124/><W18/><G132/><T43/><D64/><U22/><E133/><V16/><F61/><W34/><G34/><T53/><D43/><U67/><E130/><V39/><F72/><W45/><G45/><T118/><D53/><U74/><E74/><V32/><F79/><W92/><G119/><N who="0" m="45579" /><D47/><U21/><E42/><V4/><F35/><W60/><G8/><T15/><D15/><U126/><E126/><V46/><F39/><W75/><G73/><T9/><D9/><U19/><E5/><V62/><F12/><W40/><G40/><T65/><D65/><U102/><E102/><V33/><F4/><W101/><G101/><N who="0" m="60671" /><D82/><U121/><E2/><V125/><F125/><W76/><G77/><T128/><D128/><U98/><E121/><V26/><F32/><W14/><REACH who="3" step="1"/><G3/><REACH who="3" ten="268,280,226,216" step="2"/><T50/><D115/><U84/><E89/><V134/><F134/><W57/><G57/><T135/><D135/><U1/><E56/><V17/><F44/><W116/><G116/><T37/><D113/><U114/><E1/><V111/><F46/><W48/><G48/><T108/><D37/><U49/><E114/><V71/><F33/><W36/><G36/><T91/><D50/><U52/><E67/><V129/><F129/><W112/><G112/><T131/><D131/><U31/><E49/><V78/><F78/><AGARI ba="0,1" hai="78,83,85,90,91,108,109,110" m="60671,45579" machi="78" ten="40,5200,0" yaku="14,1,34,2" doraHai="51" who="0" fromWho="2" sc="268,62,280,0,226,-52,216,0" /><INIT seed="2,0,0,0,3,87" ten="330,280,174,216" oya="2" hai0="9,115,72,66,44,76,77,52,85,112,121,43,123" hai1="48,132,107,105,22,84,49,29,1,111,27,99,28" hai2="127,106,109,63,55,53,125,73,3,7,47,126,133" hai3="51,98,102,4,12,24,79,54,38,69,46,96,122"/><V15/><F133/><W116/><G69/><T117/><D66/><U32/><E132/><V39/><F109/><W81/><G116/><T119/><D52/><U101/><E111/><V23/><F73/><W62/><G122/><N who="0" m="46603" /><D85/><U131/><E131/><V94/><F106/><W90/><G38/><N who="0" m="21623" /><D77/><U134/><E1/><V68/><F3/><W61/><G24/><T14/><D14/><U11/><E11/><N who="2" m="4607" /><F23/><W74/><G96/><T110/><D9/><U75/><E75/><V57/><F68/><W56/><G12/><T34/><D34/><U128/><E134/><V16/><F16/><W30/><G30/><T50/><D110/><U91/><E107/><V108/><F108/><W124/><G4/><T120/><D120/><U25/><REACH who="1" step="1"/><E128/><REACH who="1" ten="330,270,174,216" step="2"/><V65/><F94/><AGARI ba="0,1" hai="22,25,27,28,29,32,48,49,84,91,94,99,101,105" machi="94" ten="30,7700,0" yaku="1,1,2,1,7,1,52,1,53,0" doraHai="87" doraHaiUra="33" who="1" fromWho="2" sc="330,0,270,87,174,-77,216,0" /><INIT seed="3,0,0,1,5,28" ten="330,357,97,216" oya="3" hai0="32,50,84,34,88,41,5,65,4,90,82,128,78" hai1="122,124,45,63,24,68,118,36,10,44,59,77,53" hai2="11,30,40,105,98,110,31,132,9,102,46,29,119" hai3="51,133,66,39,16,112,56,97,81,13,76,96,106"/><W109/><G39/><T22/><D128/><U69/><E122/><V58/><F119/><W18/><G112/><T80/><D65/><U103/><E118/><V55/><F110/><W27/><G109/><T43/><D22/><U20/><E124/><V123/><F132/><W64/><G133/><T21/><D21/><U129/><E129/><V6/><F123/><W52/><G27/><T95/><D50/><U127/><E127/><V126/><F126/><W0/><G0/><T113/><D113/><U99/><E77/><V26/><F26/><W115/><G115/><T62/><D62/><U121/><E121/><V61/><REACH who="2" step="1"/><F6/><REACH who="2" ten="330,357,87,216" step="2"/><W75/><G18/><T117/><D117/><U38/><E24/><V135/><F135/><W12/><G16/><T111/><D111/><U86/><E36/><V57/><F57/><W131/><G131/><T120/><D120/><U49/><E38/><V134/><F134/><W91/><G56/><T15/><D15/><U35/><E44/><V114/><F114/><W3/><G12/><T94/><D78/><U37/><E37/><V33/><F33/><W17/><G13/><T60/><D60/><U67/><E35/><V85/><F85/><AGARI ba="0,1" hai="4,5,32,34,41,43,80,82,84,85,88,90,94,95" machi="85" ten="25,8000,1" yaku="22,2,52,2,54,1" doraHai="28" who="0" fromWho="2" sc="330,90,357,0,87,-80,216,0" owari="420,52.0,357,15.7,7,-49.3,216,-18.4" /></mjloggm>