<mjloggm ver="2.3"><GO type="225" lobby="0"/><UN n0="%E3%81%BF%E3%81%BF%E3%81%9A" n1="%E3%83%89%E3%83%A9%E3%81%8F%E3%82%8C" n2="%E3%81%B5%E3%81%98%E3%81%8B%E3%81%A4" n3="%E6%B0%B7%E5%B7%9D%E9%87%8C%E5%A5%88" dan="17,16,16,16" rate="2283.22,2165.15,2188.83,2068.78" sx="M,M,M,F"/><TAIKYOKU oya="0"/><INIT seed="0,0,0,2,5,83" ten="250,250,250,250" oya="0" hai0="40,106,84,130,30,82,64,120,98,107,67,26,8" hai1="62,97,37,45,75,79,70,90,94,58,6,10,19" hai2="9,60,51,21,43,28,117,127,111,49,92,135,109" hai3="125,104,29,53,41,7,74,34,131,89,88,86,73"/><T54/><D120/><U76/><E70/><V44/><F127/><W27/><G104/><T93/><D40/><U52/><E75/><V48/><F135/><W25/><G125/><T1/><D130/><U56/><E56/><V128/><F9/><W35/><G131/><T65/><D54/><U38/><E37/><N who="2" m="21615" /><F28/><W17/><G41/><T87/><D1/><U119/><E119/><V61/><F21/><W69/><G69/><T91/><D8/><U124/><E124/><V71/><F92/><W115/><G115/><T126/><D126/><U101/><E38/><V13/><F13/><W123/><G123/><T110/><D110/><N who="2" m="41994" /><F128/><W57/><G7/><T33/><REACH who="0" step="1"/><D87/><REACH who="0" ten="240,250,250,250" step="2"/><U122/><E122/><V102/><F117/><W78/><G73/><T4/><D4/><U81/><E45/><V11/><F11/><W85/><G74/><T133/><D133/><U15/><E6/><V18/><F102/><AGARI ba="0,1" hai="26,30,33,64,65,67,82,84,91,93,98,102,106,107" machi="102" ten="40,7700,0" yaku="1,1,52,1,53,1" doraHai="83" doraHaiUra="96" who="0" fromWho="2" sc="240,87,250,0,250,-77,250,0" /><INIT seed="0,1,0,1,1,2" ten="327,250,173,250" oya="0" hai0="96,111,123,0,87,50,88,65,47,53,84,42,40" hai1="105,6,35,128,82,97,100,49,64,34,41,32,13" hai2="20,109,91,79,1,67,101,8,135,94,36,38,33" hai3="134,70,3,115,122,60,74,104,14,31,131,52,10"/><T29/><D123/><U4/><E64/><V57/><F135/><W71/><G115/><T132/><D0/><U44/><E128/><V22/><F109/><W19/><G74/><T12/><D132/><U92/><E13/><V63/><F33/><W127/><G134/><T125/><D125/><U86/><REACH who="1" step="1"/><E105/><REACH who="1" ten="327,240,173,250" step="2"/><V77/><F38/><W21/><G131/><T121/><D65/><U118/><E118/><V112/><F36/><W62/><G104/><T73/><D121/><U9/><E9/><V129/><F112/><W43/><G127/><T37/><D12/><U23/><E23/><V25/><F129/><W15/><G122/><T95/><D111/><U80/><E80/><V30/><F22/><W117/><G117/><T69/><D37/><U89/><AGARI ba="1,1" hai="4,6,32,34,35,41,44,49,82,86,89,92,97,100" machi="89" ten="30,7900,0" yaku="1,1,0,1,52,2,53,0" doraHai="2" doraHaiUra="54" who="1" fromWho="1" sc="327,-40,240,92,173,-21,250,-21" /><INIT seed="1,0,0,2,0,100" ten="287,332,152,229" oya="1" hai0="33,63,51,40,119,66,95,46,60,74,38,96,133" hai1="115,65,101,34,123,36,29,128,12,81,54,108,92" hai2="57,64,28,122,117,118,13,32,132,87,109,69,121" hai3="24,113,104,9,135,2,4,106,130,70,76,105,110"/><U53/><E123/><V3/><F3/><W39/><G113/><T21/><D119/><U82/><E115/><V56/><F32/><W43/><G70/><T120/><D33/><U52/><E36/><V7/><F28/><W79/><G110/><T88/><D133/><U19/><E108/><V55/><F7/><W42/><G135/><T47/><D120/><N who="2" m="46186" /><F13/><W99/><G130/><T93/><D74/><U94/><E65/><V8/><F8/><W77/><G39/><T125/><D125/><U50/><E128/><V102/><F102/><W83/><G83/><N who="1" m="31754" /><E34/><V44/><F132/><W129/><G129/><T67/><D21/><N who="1" m="11495" /><E29/><V11/><F11/><W30/><REACH who="3" step="1"/><G99/><REACH who="3" ten="287,332,152,219" step="2"/><N who="0" m="57767" /><D38/><U90/><E101/><V17/><F109/><W84/><G84/><T14/><D96/><N who="1" m="57367" /><E94/><V20/><F87/><W5/><G5/><T48/><D95/><U25/><E25/><V41/><F118/><W111/><G111/><T45/><D14/><U116/><E116/><V98/><F98/><W16/><G16/><T18/><D18/><U86/><E86/><V26/><F117/><W27/><G27/><T127/><D127/><U103/><E103/><V37/><F69/><W23/><AGARI ba="0,1" hai="2,4,9,23,24,30,42,43,76,77,79,104,105,106" machi="23" ten="40,12000,2" yaku="1,1,0,1,52,3,53,1" doraHai="100" doraHaiUra="35" who="3" fromWho="3" sc="287,-30,332,-60,152,-30,219,130" /><INIT seed="2,0,0,1,5,77" ten="257,272,122,349" oya="2" hai0="51,35,83,127,26,9,17,98,67,8,30,89,42" hai1="109,123,107,38,13,15,75,119,69,121,61,11,66" hai2="45,122,2,82,92,57,5,94,130,46,3,20,117" hai3="101,41,110,1,114,70,87,79,32,27,31,39,68"/><V28/><F117/><W14/><G1/><T53/><D127/><U111/><E107/><V93/><F122/><N who="1" m="46601" /><E75/><V100/><F130/><W64/><G101/><T23/><D67/><U97/><E97/><V128/><F128/><W34/><G34/><T96/><D42/><U18/><E119/><V112/><F112/><W36/><G110/><N who="1" m="41994" /><E15/><V40/><F100/><W115/><G14/><N who="0" m="7367" /><D35/><U12/><E12/><V25/><F57/><W7/><G7/><T47/><D9/><U84/><E84/><AGARI ba="0,0" hai="23,26,30,47,51,53,83,84,89,96,98" m="7367" machi="84" ten="30,3900,0" yaku="25,1,8,1,52,1" doraHai="77" who="0" fromWho="1" sc="257,39,272,-39,122,0,349,0" /><INIT seed="3,0,0,2,5,64" ten="296,233,122,349" oya="3" hai0="111,112,9,22,16,106,28,100,132,91,107,66,103" hai1="13,49,42,19,61,72,65,88,41,109,117,10,84" hai2="80,34,130,104,29,11,98,58,68,45,95,48,44" hai3="90,54,119,60,7,26,50,123,124,38,1,12,46"/><W43/><G119/><T24/><D111/><U74/><E109/><V113/><F104/><W92/><G123/><T134/><D112/><U31/><E117/><V0/><F113/><W101/><G1/><T67/><D91/><U99/><E31/><V62/><F130/><W47/><G124/><T35/><D9/><U5/><E99/><V87/><F0/><W63/><G101/><N who="0" m="38987" /><D67/><U82/><E74/><V110/><F110/><W32/><G32/><T133/><D66/><U21/><E49/><V81/><F34/><W27/><G27/><AGARI ba="0,0" hai="16,22,24,27,28,35,106,107,132,133,134" m="38987" machi="27" ten="40,2600,0" yaku="20,1,54,1" doraHai="64" who="0" fromWho="3" sc="296,26,233,0,122,0,349,-26" owari="322,12.2,233,-16.7,122,-37.8,323,42.3" /></mjloggm>