<mjloggm ver="2.3"><GO type="225" lobby="0"/><UN n0="%E7%B4%94%E6%BD%94%E3%83%94%E3%83%A9%E3%83%8B%E3%82%A2" n1="%77%72%77%72%77%72%77%72" n2="%73%6C%69%63%6B%33%31%39" n3="%E3%81%99%E3%81%84%E3%81%BE%E3%81%9B%E3%83%BC%E3%82%93" dan="16,16,16,17" rate="2158.35,2265.50,2104.64,2239.46" sx="M,M,M,M"/><TAIKYOKU oya="0"/><INIT seed="0,0,0,0,5,43" ten="250,250,250,250" oya="0" hai0="89,130,57,118,72,127,46,79,63,35,47,112,40" hai1="9,82,5,50,110,77,6,125,7,0,68,29,20" hai2="28,25,51,56,69,104,1,26,55,65,12,84,83" hai3="2,62,19,114,97,132,78,45,109,66,31,71,18"/><T22/><D112/><U119/><E119/><V64/><F1/><W70/><G114/><T11/><D118/><U95/><E68/><V36/><F104/><W75/><G109/><T128/><D35/><U103/><E110/><V30/><F36/><W54/><G132/><T4/><D127/><U3/><E125/><V13/><F69/><W67/><G2/><T33/><D33/><U100/><E50/><V92/><F92/><W126/><G126/><T80/><D89/><U81/><E95/><V60/><F26/><W91/><G31/><N who="2" m="11817" /><F25/><W129/><G129/><N who="0" m="49771" /><D22/><U23/><E7/><V122/><F122/><W17/><G78/><T48/><D48/><U116/><E29/><V120/><F120/><W105/><G105/><T52/><D40/><U135/><E116/><V133/><F133/><W124/><G124/><T21/><D21/><U74/><E135/><V73/><F73/><W93/><G75/><T117/><D117/><U76/><REACH who="1" step="1"/><E74/><REACH who="1" ten="250,240,250,250" step="2"/><V88/><F51/><N who="3" m="29039" /><G71/><T96/><D96/><U32/><E32/><V123/><F123/><W8/><G70/><T113/><D113/><U49/><E49/><V115/><F115/><W61/><G61/><T90/><D90/><U42/><E42/><V44/><F44/><W102/><G91/><T24/><D24/><U15/><E15/><AGARI ba="0,1" hai="12,13,15,55,56,60,64,65,83,84,88" m="11817" machi="15" ten="30,2000,0" yaku="8,1,54,1" doraHai="43" who="2" fromWho="1" sc="250,0,240,-20,250,30,250,0" /><AGARI ba="0,0" hai="4,11,15,46,47,52,57,63,72,79,80" m="49771" machi="15" ten="30,11600,0" yaku="19,1,52,2,54,1" doraHai="43" who="0" fromWho="1" sc="250,116,220,-116,280,0,250,0" /><INIT seed="0,1,0,4,3,11" ten="366,104,280,250" oya="0" hai0="27,106,45,39,44,103,130,65,12,76,113,88,86" hai1="14,118,56,7,82,78,51,98,54,124,63,80,96" hai2="60,93,110,107,75,95,77,16,5,42,21,131,43" hai3="112,84,134,133,92,46,50,70,101,89,123,74,20"/><T57/><D113/><U116/><E124/><V6/><F107/><W85/><G112/><T99/><D39/><U104/><E82/><V8/><F110/><W115/><G115/><T128/><D27/><U72/><E63/><V40/><F131/><N who="0" m="50218" /><D76/><U35/><E35/><V108/><F108/><W34/><G74/><T125/><D125/><U58/><E58/><V49/><F75/><W32/><G70/><T68/><D68/><U19/><E7/><V59/><F77/><W126/><G126/><T90/><D90/><U55/><E55/><N who="2" m="33919" /><F49/><W47/><G123/><T119/><D119/><U135/><E135/><V109/><F109/><W66/><G101/><T91/><D91/><U81/><E81/><V36/><F36/><W83/><G83/><N who="0" m="49247" /><D57/><U3/><E118/><V117/><F117/><W121/><G89/><T31/><D31/><U61/><E116/><V111/><F111/><W102/><G134/><T69/><D65/><U29/><E29/><V41/><F41/><W25/><G66/><T132/><D69/><U64/><E64/><V79/><F79/><W127/><G133/><T15/><D132/><U26/><E51/><V67/><F67/><W114/><G50/><T97/><D99/><N who="1" m="37931" /><E104/><V52/><F52/><W30/><G127/><T100/><D100/><U129/><E129/><V105/><F105/><W73/><G102/><T33/><D33/><U10/><E3/><N who="2" m="63" /><F95/><W87/><G92/><T62/><D62/><U23/><E26/><N who="2" m="14631" /><F93/><W24/><G34/><T4/><D4/><U122/><E122/><V9/><F42/><W71/><G121/><T38/><D38/><RYUUKYOKU ba="1,0" sc="366,10,104,10,280,10,250,-30" hai0="12,15,44,45,97,103,106" hai1="10,14,19,23,54,56,61,72,78,80" hai2="6,9,40,43" /><INIT seed="0,2,0,4,4,118" ten="376,114,290,220" oya="0" hai0="100,73,76,131,91,31,29,13,88,70,69,122,68" hai1="89,14,17,130,37,8,112,66,25,62,106,10,121" hai2="90,11,2,134,111,104,63,87,20,114,32,101,52" hai3="119,64,5,45,124,65,98,86,67,75,94,79,72"/><T109/><D100/><U125/><E106/><V3/><F114/><W12/><G119/><T128/><D13/><U33/><E37/><V41/><F32/><W40/><G124/><T56/><D56/><U110/><E125/><V19/><F41/><W43/><G43/><T123/><D76/><U71/><E112/><V97/><F111/><W36/><G86/><T35/><D35/><U53/><E110/><V7/><F134/><W51/><G36/><T117/><D117/><U113/><E113/><V9/><F9/><W15/><G79/><T102/><D102/><U30/><E130/><N who="0" m="49705" /><D73/><U83/><E53/><V127/><F2/><W1/><G1/><T50/><D50/><U96/><E8/><V80/><F127/><W82/><G15/><T47/><D47/><U120/><REACH who="1" step="1"/><E96/><REACH who="1" ten="376,104,290,220" step="2"/><V132/><F132/><W74/><G98/><T93/><D109/><U107/><E107/><V57/><F104/><W95/><G40/><T6/><D6/><U116/><E116/><V46/><F7/><W129/><G129/><T49/><D49/><U115/><E115/><V48/><F48/><W4/><G4/><T59/><D93/><U22/><E22/><V21/><F20/><W16/><G5/><T42/><D42/><U27/><E27/><V133/><F3/><W58/><G95/><T39/><D39/><U77/><E77/><V105/><F21/><W61/><G94/><T81/><D81/><U24/><E24/><V60/><F80/><W78/><G82/><T108/><D108/><U54/><E54/><V135/><F105/><W34/><G34/><T18/><D123/><RYUUKYOKU ba="2,1" sc="376,-10,104,30,290,-10,220,-10" hai1="10,14,17,25,30,33,62,66,71,83,89,120,121" /><INIT seed="1,3,1,4,4,9" ten="366,134,280,210" oya="1" hai0="126,134,10,102,69,80,41,96,87,94,63,74,113" hai1="116,84,30,4,31,120,18,34,53,104,3,44,47" hai2="11,51,0,132,15,65,127,106,90,114,133,115,108" hai3="58,131,29,25,7,119,111,117,17,24,60,1,75"/><U112/><E112/><N who="2" m="43051" /><F106/><W32/><G111/><T105/><D113/><U93/><E116/><N who="3" m="44618" /><G75/><T121/><D41/><U50/><E120/><V38/><F38/><W27/><G131/><T85/><D121/><U43/><E104/><V82/><F108/><W22/><G7/><T103/><D10/><U13/><E4/><N who="2" m="3559" /><F0/><W57/><G1/><T89/><D63/><U88/><E34/><V28/><F28/><N who="3" m="19463" /><G60/><T23/><D23/><AGARI ba="3,1" hai="17,22,23,25,27,29,57,58" m="19463,44618" machi="23" ten="30,1000,0" yaku="12,1" doraHai="9" who="3" fromWho="0" sc="366,-19,134,0,280,0,210,29" /><INIT seed="2,0,0,0,4,128" ten="347,134,280,239" oya="2" hai0="22,53,127,20,76,108,134,45,115,72,113,52,65" hai1="119,60,21,74,40,81,7,36,105,9,130,61,44" hai2="63,49,77,34,121,24,90,100,31,67,37,83,23" hai3="123,124,48,85,111,8,18,98,50,56,10,122,69"/><V51/><F121/><W126/><G69/><T43/><D108/><U33/><E130/><V78/><F37/><W30/><G111/><T102/><D102/><U71/><E119/><V64/><F100/><W80/><G30/><T114/><D127/><N who="3" m="48681" /><G98/><T19/><D65/><N who="2" m="25162" /><F34/><W39/><G39/><T118/><D118/><U110/><E105/><V86/><F63/><W42/><G56/><T35/><D35/><U95/><E95/><V11/><F11/><N who="3" m="4139" /><G18/><T4/><D4/><U96/><E96/><V12/><F12/><W103/><G103/><T116/><D116/><U75/><E110/><V16/><F31/><W13/><G13/><T29/><D29/><U135/><E71/><V97/><F97/><W66/><G66/><T58/><D19/><U1/><E33/><V3/><F3/><W133/><G123/><T89/><D113/><U2/><E2/><V92/><F92/><W91/><G80/><T27/><D27/><U54/><E21/><V70/><F70/><W131/><G131/><T17/><D17/><U107/><E107/><V132/><F132/><W104/><G133/><T82/><D134/><U62/><E135/><V106/><F106/><W101/><G122/><T25/><D25/><U26/><E26/><V0/><F0/><W73/><G101/><T5/><D5/><U93/><E93/><V109/><F109/><W87/><G104/><T129/><D129/><U15/><E15/><V79/><AGARI ba="0,0" hai="16,23,24,49,51,77,78,79,83,86,90" m="25162" machi="79" ten="30,3000,0" yaku="8,1,54,1" doraHai="128" who="2" fromWho="2" sc="347,-10,134,-10,280,30,239,-10" /><INIT seed="2,1,0,3,3,29" ten="337,124,310,229" oya="2" hai0="17,83,122,49,91,107,50,45,129,118,125,74,95" hai1="70,14,130,127,5,67,115,96,75,128,84,34,20" hai2="26,87,131,36,33,110,28,102,39,6,81,77,135" hai3="43,55,31,100,119,114,41,73,1,66,79,108,27"/><V133/><F131/><W132/><G119/><T4/><D118/><U109/><E115/><V99/><F6/><W48/><G1/><T98/><D122/><U82/><E75/><V89/><F89/><W92/><G108/><T116/><D116/><U124/><E109/><V111/><F110/><W47/><G132/><N who="2" m="50761" /><F111/><W85/><G73/><T105/><D4/><U80/><E67/><V71/><F71/><W117/><G66/><T30/><D50/><U64/><E64/><V44/><F44/><W69/><G69/><T19/><D30/><U113/><E113/><V126/><F126/><N who="1" m="48169" /><E96/><V46/><F46/><W38/><G117/><T97/><D129/><N who="1" m="49771" /><E70/><V21/><F21/><W68/><G68/><T101/><D107/><AGARI ba="1,0" hai="26,28,33,36,39,77,81,87,99,102,107" m="50761" machi="107" ten="30,2900,0" yaku="20,1,52,1" doraHai="29" who="2" fromWho="0" sc="337,-32,124,0,310,32,229,0" /><INIT seed="2,2,0,0,0,122" ten="305,124,342,229" oya="2" hai0="33,80,63,45,11,98,107,87,62,52,110,5,120" hai1="108,91,125,134,54,131,121,18,84,65,135,114,32" hai2="42,127,75,3,24,103,101,16,78,25,64,111,31" hai3="88,57,86,30,79,69,93,92,123,34,94,2,20"/><V61/><F3/><W59/><G123/><T21/><D120/><U38/><E121/><V82/><F127/><W1/><G69/><T90/><D33/><U6/><E114/><V116/><F116/><W39/><G39/><T41/><D21/><U15/><E125/><V85/><F75/><W124/><G34/><T4/><D110/><U96/><E38/><V76/><F76/><W83/><G124/><T126/><D126/><U102/><E32/><V106/><F42/><W118/><G118/><T48/><D5/><U115/><E115/><V26/><F111/><W70/><G70/><T133/><D133/><N who="1" m="50699" /><E65/><V112/><F31/><W43/><G43/><T23/><D23/><U89/><E6/><V7/><F7/><W49/><G1/><T12/><REACH who="0" step="1"/><D41/><REACH who="0" ten="295,124,342,229" step="2"/><U51/><E108/><V117/><F112/><W97/><G2/><T55/><D55/><U36/><E131/><V60/><F117/><W40/><G40/><T81/><D81/><U119/><E119/><V113/><F113/><W71/><G20/><T37/><D37/><U27/><E36/><V95/><F82/><W77/><G83/><T105/><D105/><N who="1" m="63687" /><E27/><V99/><F25/><W8/><G79/><T100/><AGARI ba="2,1" hai="4,11,12,45,48,52,62,63,80,87,90,98,100,107" machi="100" ten="30,7900,0" yaku="1,1,0,1,54,1,53,1" doraHai="122" doraHaiUra="10" who="0" fromWho="0" sc="295,95,124,-22,342,-41,229,-22" /><INIT seed="3,0,0,1,5,15" ten="390,102,301,207" oya="3" hai0="12,40,131,135,107,33,65,123,98,22,10,29,41" hai1="25,51,109,69,124,85,57,5,59,115,129,58,91" hai2="113,52,53,79,13,42,63,126,23,95,121,4,75" hai3="6,36,1,34,101,74,68,88,110,130,11,93,37"/><W122/><G122/><T32/><D123/><U80/><E115/><V24/><F121/><W19/><G68/><T84/><D33/><U94/><E109/><V54/><F113/><W39/><G74/><T21/><D32/><U89/><E129/><V132/><F132/><W90/><G34/><T16/><D131/><U118/><E124/><V119/><F119/><W70/><G70/><T78/><D135/><U66/><E118/><V8/><F126/><W114/><G114/><T46/><D65/><U20/><E5/><V128/><F128/><W103/><G110/><T50/><D107/><U67/><E69/><V134/><F134/><W18/><G130/><T35/><D35/><U48/><E66/><V127/><F127/><W45/><G45/><T49/><D98/><U116/><E67/><V3/><F42/><N who="0" m="16490" /><D29/><U104/><E104/><V105/><F105/><W71/><G71/><T82/><D49/><U72/><E72/><V73/><F63/><W111/><G111/><T9/><D10/><U47/><E47/><V14/><F75/><W83/><G6/><T117/><D117/><U2/><E2/><V81/><REACH who="2" step="1"/><F95/><REACH who="2" ten="390,102,291,207" step="2"/><W43/><G93/><T44/><D44/><U125/><E125/><V27/><F27/><W26/><G26/><T76/><D46/><U31/><REACH who="1" step="1"/><E116/><REACH who="1" ten="390,92,291,207" step="2"/><V17/><AGARI ba="0,2" hai="3,4,8,13,14,17,23,24,52,53,54,73,79,81" machi="17" ten="30,7900,0" yaku="1,1,0,1,52,1,54,1,53,0" doraHai="15" doraHaiUra="96" who="2" fromWho="2" sc="390,-20,92,-20,291,99,207,-39" owari="370,17.0,72,-42.8,390,49.0,168,-23.2" /></mjloggm>