<mjloggm ver="2.3"><GO type="225" lobby="0"/><UN n0="%E3%82%B2%E3%82%B9%E8%8C%82%E5%8B%9D" n1="%E3%82%A2%E3%82%A4%E3%82%B9%E3%83%86%E3%82%A3%E3%83%BC%E3%81%82%E3%81%B9" n2="%E5%B5%90%E9%9B%B2%E3%81%AE%E3%82%AB%E3%83%A9%E3%82%B9" n3="%E5%8D%A0%E3%81%84%E5%B8%AB%E8%A3%8F%E3%81%AA%E3%81%84%E3%81%97" dan="16,16,16,16" rate="2096.42,2099.43,2080.66,2181.72" sx="F,M,F,M"/><TAIKYOKU oya="0"/><INIT seed="0,0,0,3,2,90" ten="250,250,250,250" oya="0" hai0="109,133,106,60,123,84,93,94,102,112,16,24,44" hai1="116,14,91,6,124,48,98,40,71,15,51,26,32" hai2="3,10,85,87,114,2,108,72,86,62,50,74,34" hai3="19,57,89,4,13,126,79,1,42,111,35,117,61"/><T115/><D123/><U28/><E116/><V122/><F114/><W132/><G117/><T27/><D133/><U11/><E124/><V131/><F34/><W37/><G111/><T82/><D60/><U65/><E40/><V66/><F108/><W22/><G132/><T80/><D109/><U38/><E38/><V20/><F122/><W39/><G79/><T96/><D44/><U49/><E65/><V68/><F131/><W121/><G42/><T99/><D106/><U30/><E71/><V69/><F69/><W18/><G126/><T118/><D118/><U53/><E30/><V128/><F128/><W45/><G45/><T97/><D97/><U95/><REACH who="1" step="1"/><E15/><REACH who="1" ten="250,240,250,250" step="2"/><V88/><F2/><W103/><G1/><T33/><D33/><U17/><E17/><V21/><F3/><W134/><G19/><T107/><D16/><U36/><E36/><V81/><F66/><W59/><G18/><T12/><D12/><U104/><E104/><V120/><F68/><W9/><G35/><T7/><D107/><U92/><E92/><V105/><F105/><W70/><G70/><T83/><D7/><U46/><AGARI ba="0,1" hai="6,11,14,26,28,32,46,48,49,51,53,91,95,98" machi="46" ten="20,5200,0" yaku="1,1,0,1,7,1,52,1,53,0" doraHai="90" doraHaiUra="77" who="1" fromWho="1" sc="250,-26,240,62,250,-13,250,-13" /><INIT seed="1,0,0,5,4,24" ten="224,302,237,237" oya="1" hai0="21,66,33,9,86,91,51,5,13,87,23,117,134" hai1="1,104,52,57,116,20,78,46,55,11,107,40,110" hai2="75,119,22,115,93,128,48,94,103,0,26,130,44" hai3="35,65,27,45,58,53,42,98,25,89,135,67,16"/><U62/><E116/><V10/><F115/><W114/><G114/><T60/><D134/><U12/><E1/><V76/><F119/><W4/><G4/><T2/><D117/><U34/><E34/><V131/><F76/><W81/><G135/><T112/><D112/><U7/><E110/><V120/><F75/><W71/><G71/><T84/><D33/><U101/><E101/><V54/><F120/><W125/><G125/><T28/><D51/><U122/><E122/><V82/><F82/><W17/><G65/><T83/><D21/><U32/><E32/><V77/><F77/><W85/><G67/><T18/><D28/><U70/><E70/><AGARI ba="0,0" hai="2,5,9,13,18,23,60,66,70,83,84,86,87,91" machi="70" ten="30,1000,0" yaku="7,1" doraHai="24" who="0" fromWho="1" sc="224,10,302,-10,237,0,237,0" /><INIT seed="2,0,0,3,3,46" ten="234,292,237,237" oya="2" hai0="122,29,117,12,18,85,68,101,21,125,129,109,48" hai1="73,126,115,45,49,133,41,93,111,35,53,23,30" hai2="58,97,60,82,38,20,66,6,9,40,98,88,83" hai3="28,57,116,90,131,15,5,77,124,86,127,94,74"/><V89/><F38/><W104/><G116/><T63/><D109/><U0/><E111/><V67/><F40/><W118/><G118/><T92/><D129/><U54/><E115/><V37/><F37/><W69/><G69/><T11/><D125/><N who="3" m="48201" /><G131/><T107/><D122/><U7/><E126/><V114/><F114/><W22/><G104/><T103/><D117/><U110/><E35/><V14/><F67/><W99/><G28/><T47/><D107/><U132/><E73/><V72/><F72/><W16/><G5/><T130/><D130/><U121/><E121/><V112/><F112/><W55/><G74/><T87/><D63/><U50/><E110/><V13/><F20/><W79/><G99/><N who="2" m="37897" /><F14/><W3/><G3/><T102/><D68/><U25/><E93/><V26/><F26/><W106/><G106/><T10/><D92/><U36/><E7/><V81/><AGARI ba="0,0" hai="6,9,13,58,60,66,81,82,83,88,89" m="37897" machi="81" ten="30,3000,0" yaku="8,1,54,1" doraHai="46" who="2" fromWho="2" sc="234,-10,292,-10,237,30,237,-10" /><INIT seed="2,1,0,2,3,8" ten="224,282,267,227" oya="2" hai0="133,6,82,21,126,68,53,76,19,69,20,131,70" hai1="10,14,15,121,103,2,93,108,59,13,29,122,38" hai2="86,34,73,39,25,79,41,129,27,88,5,107,17" hai3="33,7,87,83,48,49,98,84,106,40,114,31,130"/><V30/><F107/><W119/><G119/><T81/><D126/><U90/><E38/><V124/><F124/><W23/><G33/><T71/><D131/><U135/><E135/><V95/><F129/><W45/><G130/><T28/><D133/><U117/><E117/><V43/><F5/><W60/><G114/><T54/><D6/><U118/><E118/><V57/><F39/><W55/><G60/><T64/><D64/><U123/><E108/><V44/><F44/><W35/><G35/><T50/><D28/><U77/><E29/><V105/><F105/><W62/><G62/><T97/><D97/><U99/><E77/><V127/><F127/><W91/><G7/><T85/><N who="0" m="17408" /><DORA hai="46" /><T65/><D65/><U51/><E2/><V116/><F57/><N who="3" m="32999" /><G106/><T115/><D115/><U52/><E103/><V78/><F116/><W61/><G61/><T42/><D81/><U110/><E110/><V113/><F113/><W112/><G112/><T94/><D94/><U67/><E67/><V3/><F3/><W56/><G56/><T0/><D0/><U134/><E134/><V92/><F92/><N who="3" m="56607" /><G83/><T32/><D32/><U75/><E75/><V18/><F73/><W132/><G132/><T80/><D82/><U4/><AGARI ba="1,0" hai="4,10,13,14,15,51,52,59,90,93,99,121,122,123" machi="4" ten="30,12000,2" yaku="0,1,13,1,52,4,54,1" doraHai="8,46" who="1" fromWho="1" sc="224,-31,282,123,267,-61,227,-31" /><INIT seed="3,0,0,3,4,111" ten="193,405,206,196" oya="3" hai0="44,70,38,78,39,4,40,59,28,94,105,52,23" hai1="51,110,18,55,15,2,41,82,47,69,60,45,42" hai2="97,1,25,46,84,128,88,49,57,81,104,73,67" hai3="119,89,129,101,131,98,12,6,74,72,125,61,53"/><W30/><G119/><T86/><D70/><U0/><E110/><V117/><F1/><W36/><G36/><T134/><D105/><U62/><E82/><V112/><F117/><W107/><G30/><T75/><D134/><U80/><E80/><V79/><F112/><W27/><G125/><T50/><D75/><U126/><E126/><V13/><F25/><W24/><G24/><T96/><D4/><U58/><E69/><V114/><F114/><W100/><G100/><T35/><D35/><U5/><E5/><V93/><F13/><W127/><G127/><T108/><D108/><U8/><E62/><V10/><F10/><N who="3" m="4183" /><G89/><T31/><D23/><U29/><E29/><V109/><F109/><W132/><G27/><T16/><D16/><U92/><E92/><V33/><F33/><W65/><G53/><T115/><D115/><U9/><E9/><V7/><F7/><W26/><G26/><T21/><D21/><U130/><E130/><N who="3" m="49674" /><G132/><T63/><D78/><U120/><E120/><V14/><F14/><W34/><G34/><T17/><D17/><U64/><E55/><N who="2" m="30135" /><F128/><W124/><G124/><T106/><D106/><U118/><E118/><V135/><F135/><W32/><G32/><T66/><D38/><AGARI ba="0,0" hai="0,2,8,15,18,38,41,42,45,47,51,58,60,64" machi="38" ten="30,1000,0" yaku="7,1" doraHai="111" who="1" fromWho="0" sc="193,-10,405,10,206,0,196,0" owari="183,-31.7,415,51.5,206,0.6,196,-20.4" /></mjloggm>