<mjloggm ver="2.3"><GO type="225" lobby="0"/><UN n0="%45%6C%79%73%69%75%6D" n1="%E3%81%B2%E3%81%BE%E3%81%A4%E3%81%B6%E3%81%97" n2="%E7%99%BD%E5%92%B2%E8%8A%B1%E3%81%A1%E3%82%83%E3%82%93" n3="%48%61%61%61%6C%61%6E%64" dan="17,17,16,18" rate="2126.22,2168.47,2100.97,2158.56" sx="F,M,F,M"/><TAIKYOKU oya="0"/><INIT seed="0,0,0,5,2,89" ten="250,250,250,250" oya="0" hai0="42,59,88,83,123,30,124,69,68,131,27,67,35" hai1="118,98,12,54,49,66,17,51,70,135,15,10,37" hai2="76,38,25,97,109,24,90,77,119,101,87,85,41" hai3="116,63,34,29,126,102,0,64,103,9,11,57,125"/><T107/><D123/><U72/><E118/><V14/><F119/><W73/><G116/><T26/><D131/><U75/><E135/><V44/><F109/><W61/><G73/><T47/><D124/><N who="3" m="47721" /><G29/><T95/><D107/><U18/><E37/><V81/><F14/><W6/><G34/><T62/><D83/><U1/><E1/><V127/><F127/><W115/><G115/><T36/><REACH who="0" step="1"/><D27/><REACH who="0" ten="240,250,250,250" step="2"/><U132/><E132/><V94/><REACH who="2" step="1"/><F76/><REACH who="2" ten="240,250,240,250" step="2"/><W13/><G61/><T120/><D120/><U16/><E15/><V5/><F5/><AGARI ba="0,2" hai="0,5,6,9,11,13,57,63,64,102,103" m="47721" machi="5" ten="30,1000,0" yaku="18,1" doraHai="89" who="3" fromWho="2" sc="240,0,250,0,240,-10,250,30" /><INIT seed="1,0,0,1,3,25" ten="240,250,230,280" oya="1" hai0="115,35,107,95,62,104,106,61,9,76,40,101,13" hai1="43,81,36,53,5,19,85,48,67,120,89,16,10" hai2="15,80,133,97,44,72,60,0,129,94,119,4,64" hai3="105,73,103,86,59,49,32,77,33,134,131,130,12"/><U132/><E120/><V24/><F119/><W135/><G73/><T100/><D35/><N who="3" m="13385" /><G12/><T28/><D28/><U98/><E132/><N who="3" m="50730" /><G103/><T78/><D115/><U1/><E67/><V116/><F72/><W39/><G39/><T29/><D40/><U90/><E36/><V125/><F15/><W56/><G105/><T109/><D109/><U20/><E43/><V83/><F133/><W118/><G118/><T79/><D29/><U121/><E121/><V69/><F116/><W68/><G68/><T38/><D38/><U114/><E114/><V58/><F69/><W52/><G56/><T63/><REACH who="0" step="1"/><D95/><REACH who="0" ten="230,250,230,280" step="2"/><U27/><E19/><AGARI ba="0,1" hai="9,13,19,61,62,63,76,78,79,100,101,104,106,107" machi="19" ten="50,8000,1" yaku="1,1,2,1,29,2,53,0" doraHai="25" doraHaiUra="91" who="0" fromWho="1" sc="230,90,250,-80,230,0,280,0" /><INIT seed="2,0,0,0,0,25" ten="320,170,230,280" oya="2" hai0="41,15,118,2,57,133,46,21,129,34,44,121,62" hai1="69,59,87,14,115,12,123,70,76,40,85,61,135" hai2="26,122,108,7,134,60,109,18,96,130,91,92,74" hai3="79,120,54,101,43,31,106,66,51,22,55,52,84"/><V98/><F122/><W131/><G120/><T8/><D34/><U113/><E123/><V56/><F134/><W71/><G131/><T11/><D121/><U116/><E135/><V36/><F130/><W110/><G110/><N who="2" m="42601" /><F36/><W6/><G6/><T114/><D129/><U81/><E116/><V75/><F7/><W89/><G79/><T0/><D133/><U95/><E40/><V30/><F18/><W64/><G71/><T13/><D114/><U94/><E115/><V42/><F98/><W132/><G132/><T39/><D21/><U49/><E113/><V68/><F42/><W5/><G5/><T10/><D118/><U77/><E49/><V107/><F107/><W127/><G106/><T29/><D44/><U33/><E70/><V117/><F68/><W82/><G101/><T126/><D126/><U124/><E69/><V102/><F91/><W65/><G127/><T53/><REACH who="0" step="1"/><D29/><REACH who="0" ten="310,170,230,280" step="2"/><U35/><E124/><V88/><F117/><W32/><G32/><T16/><D16/><U111/><E111/><V104/><F30/><W63/><G31/><T27/><D27/><U119/><E119/><V45/><F26/><W67/><G22/><T125/><D125/><U80/><REACH who="1" step="1"/><E59/><REACH who="1" ten="310,160,230,280" step="2"/><V4/><F56/><N who="3" m="36967" /><G43/><T38/><D38/><U90/><E90/><V93/><F88/><W97/><G97/><T19/><D19/><U100/><E100/><V20/><F102/><W99/><G99/><T58/><D58/><AGARI ba="0,2" hai="51,52,54,55,58,65,66,67,82,84,89" m="36967" machi="58" ten="30,2000,0" yaku="8,1,54,1" doraHai="25" who="3" fromWho="0" sc="310,-20,160,0,230,0,280,40" /><INIT seed="3,0,0,1,3,128" ten="290,160,230,320" oya="3" hai0="63,18,58,84,95,90,62,70,134,120,117,9,129" hai1="71,0,131,85,88,41,37,103,113,23,94,40,24" hai2="31,3,79,115,72,66,114,10,127,38,13,135,77" hai3="82,33,122,130,44,50,7,125,97,46,54,25,74"/><W49/><G122/><T87/><D120/><U55/><E113/><V124/><F38/><W67/><G130/><T98/><D117/><U15/><E131/><V123/><F66/><W68/><G7/><T91/><D129/><U56/><E71/><V69/><F69/><W51/><G125/><N who="2" m="48201" /><F123/><W73/><G82/><T17/><D70/><U26/><E0/><V14/><F72/><W11/><G11/><T19/><D134/><U22/><E103/><V105/><F105/><W116/><G97/><T133/><D133/><U107/><E107/><V101/><F101/><W61/><G50/><T12/><D98/><U83/><E83/><V52/><F135/><W36/><G36/><T76/><D76/><N who="2" m="29258" /><F52/><W126/><G126/><T45/><D45/><U29/><E37/><V99/><F99/><W35/><G74/><T118/><D118/><U78/><E78/><V109/><F31/><W34/><G73/><T92/><D63/><U102/><E102/><V16/><F109/><W60/><G60/><T42/><D42/><U43/><E15/><N who="2" m="5643" /><F3/><W104/><G104/><T121/><D121/><U100/><E100/><V81/><F81/><W8/><G116/><T2/><D2/><U89/><E89/><V1/><F16/><W47/><G68/><T6/><D18/><U21/><REACH who="1" step="1"/><E29/><REACH who="1" ten="290,150,230,320" step="2"/><V59/><F115/><W93/><G93/><T28/><D28/><U57/><E57/><V112/><F59/><W64/><G44/><T32/><D58/><U48/><AGARI ba="0,1" hai="21,22,23,24,26,40,41,43,48,55,56,85,88,94" machi="48" ten="30,7900,0" yaku="1,1,0,1,8,1,54,1,53,0" doraHai="128" doraHaiUra="75" who="1" fromWho="1" sc="290,-20,150,89,230,-20,320,-39" /><INIT seed="4,0,0,3,5,107" ten="270,239,210,281" oya="0" hai0="57,33,44,23,84,123,78,22,117,71,133,124,80" hai1="52,64,106,40,131,4,45,77,38,125,108,129,36" hai2="70,43,35,19,12,16,121,46,97,127,85,88,86" hai3="104,82,109,56,116,101,58,61,8,89,81,26,94"/><T39/><D123/><U115/><E108/><V55/><F127/><W91/><G109/><T49/><D117/><U76/><E125/><V100/><F121/><W0/><G116/><T18/><D71/><U72/><E106/><V5/><F35/><W65/><G104/><T15/><D33/><U96/><E96/><V122/><F122/><W25/><G0/><T134/><D124/><U37/><E64/><V93/><F70/><W1/><G1/><T34/><D34/><U3/><E52/><V14/><F55/><W83/><G8/><T30/><D57/><U11/><E115/><V66/><F66/><N who="3" m="39207" /><G101/><T24/><D39/><U98/><E98/><V67/><F67/><W54/><G65/><T20/><D20/><U69/><E69/><V41/><F85/><N who="3" m="52527" /><G91/><T114/><D114/><U68/><E68/><V60/><F60/><AGARI ba="0,0" hai="25,26,54,58,60,81,82,83" m="52527,39207" machi="60" ten="30,1000,0" yaku="8,1" doraHai="107" who="3" fromWho="2" sc="270,0,239,0,210,-10,281,10" /><INIT seed="5,0,0,3,4,16" ten="270,239,200,291" oya="1" hai0="67,60,80,116,3,123,90,113,71,93,36,25,56" hai1="106,86,134,35,22,131,30,77,4,8,12,111,34" hai2="130,28,54,132,78,73,62,50,96,33,5,104,83" hai3="40,102,14,44,51,100,47,37,69,55,13,76,26"/><U97/><E131/><V43/><F130/><W1/><G1/><T11/><D116/><U41/><E41/><V91/><F132/><W92/><G69/><T7/><D36/><U45/><E45/><V61/><F43/><W23/><G76/><T129/><D129/><U87/><E134/><V114/><F114/><W117/><G117/><T70/><D113/><U84/><E111/><V121/><F121/><W53/><G53/><T48/><D80/><U107/><E77/><V52/><F5/><W57/><G44/><T82/><D82/><U135/><E135/><V39/><F39/><W9/><G92/><T59/><D123/><U128/><E128/><V31/><F54/><W133/><G133/><T103/><D48/><U65/><E65/><V125/><F125/><W112/><G112/><T6/><D6/><U17/><E30/><V10/><F10/><W0/><G0/><T85/><D70/><U15/><REACH who="1" step="1"/><E97/><REACH who="1" ten="270,229,200,291" step="2"/><V126/><F126/><W115/><G115/><T2/><D67/><U24/><E24/><V29/><F33/><AGARI ba="0,1" hai="4,8,12,15,17,22,33,34,35,84,86,87,106,107" machi="33" ten="40,3900,0" yaku="1,1,52,1,53,0" doraHai="16" doraHaiUra="109" who="1" fromWho="2" sc="270,0,229,49,200,-39,291,0" /><INIT seed="5,1,0,5,2,115" ten="270,278,161,291" oya="1" hai0="17,56,70,94,133,54,74,110,68,114,49,111,96" hai1="19,67,25,83,63,86,28,135,30,13,32,34,98" hai2="106,0,50,90,123,2,89,72,130,88,129,20,71" hai3="109,55,7,31,35,6,16,1,126,118,64,58,14"/><U8/><E135/><V75/><F123/><W45/><G109/><T104/><D74/><N who="2" m="28202" /><F50/><N who="3" m="29135" /><G35/><T22/><D133/><U60/><E98/><V57/><F57/><W12/><G1/><N who="2" m="617" /><F20/><N who="3" m="11271" /><G118/><T81/><D104/><U120/><E120/><V9/><F9/><W100/><G126/><T61/><D114/><U52/><E67/><V65/><F106/><W18/><G31/><T122/><D122/><U92/><E92/><V15/><F15/><W21/><G100/><T117/><D117/><U99/><E99/><V101/><F65/><W43/><G43/><T116/><D116/><U53/><E30/><V121/><F121/><W107/><G107/><T66/><D81/><U41/><E41/><V91/><N who="2" m="22528" /><DORA hai="95" /><V48/><F48/><W78/><G78/><T10/><D10/><U4/><E34/><V128/><F101/><W77/><G77/><T59/><D110/><U40/><E40/><V62/><F62/><AGARI ba="1,0" hai="6,7,14,18,21,58,62,64" m="11271,29135" machi="62" ten="30,2000,0" yaku="8,1,54,1" doraHai="115,95" who="3" fromWho="2" sc="270,0,278,0,161,-23,291,23" owari="270,-13.0,278,7.8,138,-36.2,314,41.4" /></mjloggm>