<mjloggm ver="2.3"><GO type="225" lobby="0"/><UN n0="%E7%99%BD%E6%97%A5%E9%9B%AA%E8%8F%9C" n1="%E6%A1%9C%E8%8A%B1%E9%96%83%E3%80%85" n2="%E8%90%BD%E6%97%A5" n3="%E3%81%B5%E3%81%98%E3%81%8B%E3%81%A4" dan="17,16,16,16" rate="2238.26,2093.51,2102.06,2144.37" sx="M,M,F,M"/><TAIKYOKU oya="0"/><INIT seed="0,0,0,1,5,120" ten="250,250,250,250" oya="0" hai0="49,93,112,80,79,39,94,55,103,54,75,21,135" hai1="60,10,81,43,128,5,133,72,110,131,18,64,104" hai2="97,130,31,32,126,57,30,70,113,2,13,117,59" hai3="108,65,118,100,82,125,109,22,9,40,124,15,52"/><T127/><D112/><U121/><E121/><V26/><F2/><W14/><G118/><T28/><D39/><U90/><E133/><V62/><F113/><W17/><G65/><T63/><D135/><U29/><E104/><V115/><F115/><W78/><G40/><T101/><D127/><N who="3" m="48713" /><G100/><T50/><D63/><U38/><E29/><V123/><F31/><W4/><G52/><T34/><D34/><U56/><E18/><V76/><F123/><W19/><G82/><T23/><D28/><U68/><E56/><V61/><F130/><W73/><G78/><T48/><D75/><U36/><E110/><N who="3" m="42602" /><G73/><T3/><D80/><U44/><E38/><V45/><F117/><W92/><G92/><N who="0" m="35435" /><D79/><N who="1" m="44263" /><E90/><V66/><F126/><W134/><G134/><T89/><D89/><U85/><E43/><V47/><F76/><W20/><G4/><T69/><D55/><U111/><E111/><V86/><F86/><W58/><G58/><T129/><D54/><U116/><E85/><V114/><F114/><W37/><G37/><T74/><D74/><U99/><E116/><V16/><F97/><W35/><G35/><T1/><D103/><U132/><E99/><V8/><F70/><W71/><G71/><T41/><D101/><U88/><E132/><V27/><F59/><W24/><G9/><T51/><D69/><U84/><E36/><V7/><F62/><W53/><G53/><T102/><D102/><U107/><E68/><V33/><F33/><W119/><G119/><T77/><D77/><U105/><E5/><V95/><F95/><W67/><G67/><T91/><D41/><RYUUKYOKU ba="0,0" sc="250,-15,250,-15,250,15,250,15" hai2="7,8,13,16,26,27,30,32,45,47,57,61,66" hai3="14,15,17,19,20,22,24" /><INIT seed="1,1,0,0,2,105" ten="235,235,265,265" oya="1" hai0="71,70,77,131,97,50,41,112,57,75,68,119,69" hai1="51,18,1,7,118,19,90,26,23,13,94,67,79" hai2="116,38,86,22,87,48,113,110,107,62,85,129,103" hai3="15,104,64,9,108,127,4,30,72,91,52,128,101"/><U117/><E67/><V8/><F38/><W34/><G108/><T20/><D112/><U89/><E1/><V76/><F116/><W27/><G127/><T46/><D119/><U33/><E7/><V92/><F110/><W42/><G128/><T59/><N who="0" m="17408" /><DORA hai="55" /><T37/><D131/><U109/><E109/><V56/><F129/><W25/><G25/><T5/><D5/><U11/><E33/><V12/><F107/><W83/><G64/><T35/><D35/><U121/><E121/><V10/><F113/><W100/><G42/><T29/><D37/><U36/><E36/><V2/><F48/><W73/><G52/><T58/><D97/><U132/><E132/><V6/><F22/><W81/><G104/><T78/><REACH who="0" step="1"/><D75/><REACH who="0" ten="225,235,265,265" step="2"/><U28/><E117/><V122/><F122/><W47/><G73/><T124/><D124/><U54/><E118/><V134/><F134/><W24/><G34/><T60/><D60/><U123/><E123/><V0/><F6/><W63/><G63/><T39/><D39/><U61/><E61/><V3/><F62/><W44/><G72/><T120/><D120/><U43/><E51/><V130/><F130/><W114/><G114/><T98/><D98/><U49/><E49/><V53/><F0/><W45/><G4/><T84/><D84/><U31/><E31/><V111/><F2/><W106/><G30/><T96/><D96/><U88/><E28/><V66/><F85/><W133/><G133/><T17/><D17/><U126/><E19/><V14/><F3/><W65/><G65/><T74/><D74/><U115/><E126/><RYUUKYOKU ba="1,1" sc="225,30,235,-10,265,-10,265,-10" hai0="20,29,41,46,50,57,58,59,77,78" /><INIT seed="2,2,1,1,4,109" ten="255,225,255,255" oya="2" hai0="89,103,91,97,114,73,85,7,58,125,53,33,92" hai1="59,116,71,107,98,55,101,60,18,42,134,25,117" hai2="27,13,84,28,38,127,48,87,115,37,50,135,10" hai3="129,26,51,94,123,12,47,22,96,108,14,62,4"/><V20/><F127/><W63/><G108/><T80/><D33/><U16/><E134/><V77/><F135/><W72/><G123/><T0/><D125/><U39/><E71/><V131/><F131/><W31/><G129/><T106/><D114/><U23/><REACH who="1" step="1"/><E18/><REACH who="1" ten="255,215,255,255" step="2"/><V81/><F115/><W130/><G130/><T34/><D34/><U17/><E17/><V64/><F64/><W128/><G128/><T112/><D112/><U41/><E41/><V5/><F38/><W3/><G4/><T68/><D68/><U2/><E2/><V30/><F37/><W93/><G3/><T122/><D122/><U121/><E121/><V105/><F30/><W124/><G124/><T49/><D0/><U113/><E113/><V70/><F70/><W67/><G67/><T88/><D7/><U45/><AGARI ba="2,2" hai="16,23,25,39,42,45,55,59,60,98,101,107,116,117" machi="45" ten="30,7900,0" yaku="1,1,0,1,54,1,53,1" doraHai="109" doraHaiUra="15" who="1" fromWho="1" sc="255,-22,215,105,255,-41,255,-22" /><INIT seed="3,0,0,3,5,5" ten="233,320,214,233" oya="3" hai0="61,132,60,42,26,89,17,108,121,48,11,81,88" hai1="107,103,91,49,31,56,97,90,79,85,1,59,30" hai2="69,135,16,35,106,122,40,113,64,12,36,45,71" hai3="117,58,78,86,20,41,114,27,50,24,6,54,15"/><W104/><G114/><T55/><D121/><U44/><E1/><V124/><F113/><W67/><G104/><T63/><D108/><U98/><E79/><V70/><F106/><W38/><G117/><T32/><D32/><U52/><E91/><N who="0" m="34889" /><D81/><N who="1" m="49455" /><E107/><V76/><F122/><W95/><G38/><T115/><D132/><U133/><E133/><V4/><F135/><W109/><G109/><T3/><D3/><U112/><E112/><V126/><F35/><W94/><G67/><T125/><D125/><N who="2" m="48234" /><F76/><W37/><G37/><T21/><D115/><U118/><E118/><V51/><F4/><W53/><G6/><T99/><D99/><N who="1" m="37899" /><E103/><V23/><F36/><W7/><G78/><T93/><D93/><U100/><E100/><V130/><F130/><W110/><G95/><T62/><D42/><N who="1" m="24727" /><E59/><V101/><F101/><W120/><G120/><T68/><D68/><U8/><E8/><V92/><F92/><W9/><G94/><T46/><D11/><U75/><E75/><V123/><F123/><W28/><G110/><T111/><D111/><U14/><E14/><V82/><F82/><W80/><G80/><T19/><N who="0" m="15360" /><DORA hai="105" /><T33/><D33/><U39/><E39/><V84/><F84/><W102/><G86/><T128/><D128/><U2/><E2/><V119/><F119/><W83/><G83/><T66/><D66/><AGARI ba="0,0" hai="12,16,23,40,45,51,64,66,69,70,71" m="48234" machi="66" ten="40,2600,0" yaku="18,1,54,1" doraHai="5,105" who="2" fromWho="0" sc="233,-26,320,0,214,26,233,0" owari="207,-29.3,320,42.0,240,4.0,233,-16.7" /></mjloggm>