<mjloggm ver="2.3"><GO type="225" lobby="0"/><UN n0="%43%68%65" n1="%E8%81%B7%E6%A5%AD%E3%80%81%E9%A2%A8%32" n2="%E8%A8%88%E7%AE%97%E6%A9%9F%E8%87%AA%E7%84%B6" n3="%72%69%6F%75%63%68%61%6E" dan="16,16,17,17" rate="2175.28,2075.16,2242.40,2247.63" sx="M,M,M,M"/><TAIKYOKU oya="0"/><INIT seed="0,0,0,3,1,33" ten="250,250,250,250" oya="0" hai0="38,88,87,107,39,99,10,85,51,17,75,96,26" hai1="105,3,83,11,113,130,63,50,36,94,12,100,97" hai2="64,61,53,56,48,111,120,93,4,126,16,106,90" hai3="89,30,18,71,103,47,98,57,65,73,28,55,66"/><T127/><D75/><U79/><E113/><V122/><F106/><W95/><G73/><T27/><D127/><U133/><E130/><V41/><F126/><W67/><G71/><T81/><D107/><U14/><E133/><V132/><F132/><W131/><G131/><T32/><D32/><U123/><E123/><V135/><F135/><W104/><G47/><T23/><D39/><U76/><E36/><V2/><F41/><W102/><G18/><T60/><D38/><U43/><E63/><V134/><F111/><W42/><G42/><T116/><D116/><U92/><E14/><V35/><F35/><W59/><G59/><T68/><D27/><U31/><E31/><N who="3" m="11818" /><G104/><T84/><D10/><U74/><E79/><V15/><F4/><W86/><G86/><T82/><D85/><U80/><E80/><V44/><F134/><W110/><G110/><T109/><D109/><U29/><E29/><V54/><F64/><W70/><G70/><T1/><D1/><U21/><E3/><V19/><F2/><W25/><G25/><T128/><D128/><U119/><E21/><V77/><F19/><W112/><G112/><T114/><D114/><U7/><REACH who="1" step="1"/><E119/><REACH who="1" ten="250,240,250,250" step="2"/><V34/><F34/><W8/><G8/><T69/><D60/><AGARI ba="0,1" hai="55,57,60,65,66,67,89,95,98,102,103" m="11818" machi="60" ten="30,1000,0" yaku="8,1" doraHai="33" who="3" fromWho="0" sc="250,-10,240,0,250,0,250,20" /><INIT seed="1,0,0,0,5,25" ten="240,240,250,270" oya="1" hai0="109,66,74,13,79,82,46,70,36,81,73,41,69" hai1="2,84,37,22,102,77,29,83,116,14,42,21,89" hai2="43,67,61,76,59,11,17,126,87,95,127,96,53" hai3="56,12,131,65,27,49,88,23,4,35,75,62,130"/><U32/><E116/><V106/><F43/><W16/><G75/><T71/><D13/><U58/><E2/><V100/><F17/><W107/><G107/><T124/><D109/><U10/><E102/><V38/><F38/><W78/><G78/><N who="0" m="44239" /><D66/><U19/><E37/><V57/><F11/><W104/><G104/><T33/><D124/><N who="2" m="47658" /><F76/><W34/><G49/><T125/><D125/><U30/><E32/><AGARI ba="0,0" hai="32,33,36,41,46,69,70,71,74,79,82" m="44239" machi="32" ten="30,2000,0" yaku="33,2" doraHai="25" who="0" fromWho="1" sc="240,20,240,-20,250,0,270,0" /><INIT seed="2,0,0,3,0,124" ten="260,220,250,270" oya="2" hai0="74,21,68,92,67,12,107,58,127,93,130,106,19" hai1="105,99,73,82,53,129,72,112,51,27,126,78,41" hai2="66,132,28,98,49,10,116,65,85,46,15,1,128" hai3="117,17,84,63,14,3,119,123,118,109,61,122,6"/><V13/><F116/><W50/><G50/><T54/><D74/><U95/><E112/><V83/><F132/><W31/><G84/><T100/><D127/><U33/><E126/><V79/><F1/><W40/><G40/><T56/><D68/><U120/><E41/><V43/><F128/><W30/><G61/><T113/><D113/><U32/><E105/><V25/><F98/><W125/><G63/><T55/><D67/><U110/><E73/><V134/><F13/><W70/><G70/><T16/><D12/><U64/><E120/><N who="3" m="46122" /><G125/><T77/><D21/><U80/><E64/><V135/><F134/><W22/><G109/><T89/><D89/><U97/><E110/><V88/><F79/><W4/><G4/><T26/><D77/><U108/><E99/><V35/><REACH who="2" step="1"/><F135/><REACH who="2" ten="260,220,240,270" step="2"/><W9/><AGARI ba="0,1" hai="3,6,9,14,17,22,30,31,117,118,119" m="46122" machi="9" ten="40,2700,0" yaku="34,2" doraHai="124" who="3" fromWho="3" sc="260,-7,220,-7,240,-13,270,37" /><INIT seed="3,0,0,2,0,50" ten="253,213,227,307" oya="3" hai0="111,90,9,89,115,81,118,123,35,56,87,82,38" hai1="51,14,28,17,106,108,131,78,80,29,19,72,129" hai2="41,36,135,120,100,42,71,11,49,83,60,10,112" hai3="84,113,13,116,48,62,46,47,22,26,23,27,8"/><W3/><G113/><T133/><D123/><U31/><E106/><V105/><F112/><W91/><G116/><T53/><D115/><U102/><E102/><V30/><F120/><W85/><G3/><T2/><D35/><U79/><E108/><V58/><F30/><N who="3" m="17751" /><G62/><T37/><D118/><U103/><E103/><V16/><F83/><N who="3" m="49567" /><G85/><T86/><D133/><U21/><E79/><V117/><F135/><W0/><G0/><T52/><D111/><U45/><REACH who="1" step="1"/><E19/><REACH who="1" ten="253,203,227,307" step="2"/><V88/><F16/><N who="3" m="12775" /><G48/><T97/><D90/><U1/><E1/><V96/><F49/><W101/><G101/><T65/><D89/><U134/><E134/><V68/><F88/><W34/><G34/><T126/><D2/><U127/><E127/><V122/><F117/><W40/><G40/><T59/><D126/><U75/><E75/><V125/><F125/><W109/><G109/><T54/><D97/><U63/><E63/><V130/><F41/><W119/><G119/><T64/><D87/><U7/><E7/><AGARI ba="0,1" hai="7,8,13,46,47" m="12775,49567,17751" machi="7" ten="30,2900,0" yaku="8,1,54,1" doraHai="50" who="3" fromWho="1" sc="253,0,203,-29,227,0,307,39" owari="253,5.3,174,-32.6,227,-17.3,346,44.6" /></mjloggm>