<mjloggm ver="2.3"><GO type="225" lobby="0"/><UN n0="%6A%79%75%6E%6F%68" n1="%E7%89%B9%E6%9D%B1%E3%81%AF%E4%B8%96%E7%95%8C%E3%82%92%E6%95%91%E3%81%86" n2="%E7%9C%9F%E4%B8%80" n3="%43%68%65" dan="16,16,17,16" rate="2135.99,2165.30,2235.85,2158.74" sx="M,M,M,M"/><TAIKYOKU oya="0"/><INIT seed="0,0,0,2,1,80" ten="250,250,250,250" oya="0" hai0="102,64,115,87,23,18,48,62,119,60,81,125,25" hai1="53,28,109,110,8,121,135,97,69,85,1,112,32" hai2="55,123,61,71,133,124,31,14,63,114,89,38,40" hai3="84,130,113,98,128,27,118,0,96,74,75,46,44"/><T10/><D115/><U49/><E121/><V131/><F114/><W24/><G113/><T33/><D119/><U3/><E112/><V66/><F123/><W45/><G0/><T35/><D125/><U132/><E69/><V43/><F31/><W103/><G103/><T126/><D126/><U106/><E106/><V29/><F29/><W76/><G76/><T57/><D102/><U83/><E97/><N who="3" m="37482" /><G118/><T11/><D48/><U120/><E120/><V51/><F124/><W99/><G84/><T94/><D94/><U129/><E28/><V108/><F89/><W56/><G56/><T91/><REACH who="0" step="1"/><D62/><REACH who="0" ten="240,250,250,250" step="2"/><U58/><E49/><V9/><F63/><W6/><G130/><T34/><AGARI ba="0,1" hai="10,11,18,23,25,33,34,35,57,60,64,81,87,91" machi="34" ten="30,11700,0" yaku="1,1,2,1,0,1,52,1,53,0" doraHai="80" doraHaiUra="2" who="0" fromWho="0" sc="240,127,250,-39,250,-39,250,-39" /><INIT seed="0,1,0,2,4,97" ten="367,211,211,211" oya="0" hai0="58,95,99,27,98,37,2,104,134,122,70,119,75" hai1="52,115,106,64,12,100,68,91,56,102,31,10,57" hai2="21,89,46,34,126,55,130,92,9,108,45,19,51" hai3="60,120,41,61,135,24,118,23,117,8,25,93,124"/><T33/><RYUUKYOKU type="yao9" ba="1,0" sc="367,0,211,0,211,0,211,0" hai0="2,27,33,37,58,70,75,95,98,99,104,119,122,134" /><INIT seed="0,2,0,4,4,77" ten="367,211,211,211" oya="0" hai0="109,88,86,13,126,106,17,76,50,135,3,122,64" hai1="6,102,51,24,37,90,95,97,129,119,71,9,54" hai2="15,60,23,132,124,21,44,2,1,43,41,52,14" hai3="28,133,84,47,114,35,75,49,34,94,27,85,67"/><T55/><D122/><U79/><E119/><V25/><F132/><W69/><G75/><T92/><D135/><U74/><E37/><V108/><F108/><W40/><G133/><T32/><D3/><U48/><E129/><V53/><F60/><W96/><G35/><T113/><D113/><U7/><E71/><V91/><F91/><W89/><G114/><T31/><D126/><U111/><E111/><V116/><F25/><W98/><G69/><T16/><D106/><U5/><E24/><V62/><F62/><W107/><G67/><T100/><D100/><U61/><E9/><V63/><F63/><W12/><G12/><T45/><D64/><U66/><E54/><V18/><F44/><W78/><REACH who="3" step="1"/><G107/><REACH who="3" ten="367,211,211,201" step="2"/><T125/><D109/><U10/><E74/><V118/><REACH who="2" step="1"/><F18/><REACH who="2" ten="367,211,201,201" step="2"/><W105/><G105/><T26/><D17/><U104/><E104/><V83/><F83/><AGARI ba="2,2" hai="27,28,34,40,47,49,78,83,84,85,89,94,96,98" machi="83" ten="40,2600,0" yaku="1,1,52,1,53,0" doraHai="77" doraHaiUra="0" who="3" fromWho="2" sc="367,0,211,0,201,-32,201,52" /><INIT seed="1,0,0,2,1,18" ten="367,211,169,253" oya="1" hai0="28,60,62,135,48,23,61,100,8,92,36,83,39" hai1="63,90,102,77,70,107,25,126,128,64,122,85,127" hai2="32,14,54,46,24,41,109,57,13,53,80,120,5" hai3="131,106,22,97,123,76,132,45,94,75,71,52,99"/><U26/><E122/><V19/><F120/><W55/><G123/><T96/><D135/><U17/><E77/><V87/><F109/><W68/><G132/><T21/><D36/><U133/><E133/><V11/><F32/><W27/><G131/><T38/><D38/><U12/><E128/><V2/><F24/><W31/><G106/><T50/><D39/><U101/><E25/><V65/><F65/><W110/><G99/><T66/><D66/><U84/><E26/><V88/><F57/><W3/><G3/><T108/><D108/><U89/><E107/><V121/><F121/><W103/><G110/><T10/><D83/><U105/><E84/><V130/><F130/><W67/><G45/><T114/><D114/><U0/><E0/><V81/><F2/><W59/><G76/><T113/><D28/><U42/><E42/><V49/><REACH who="2" step="1"/><F80/><REACH who="2" ten="367,211,159,253" step="2"/><W73/><G71/><T112/><D112/><U33/><E33/><V129/><F129/><W119/><G68/><T58/><D113/><U124/><E105/><V9/><AGARI ba="0,1" hai="5,9,11,13,14,19,41,46,49,53,54,81,87,88" machi="9" ten="20,8000,1" yaku="1,1,0,1,7,1,8,1,54,1,53,0" doraHai="18" doraHaiUra="20" who="2" fromWho="2" sc="367,-20,211,-40,159,90,253,-20" /><INIT seed="2,0,0,5,4,30" ten="347,171,249,233" oya="2" hai0="33,4,11,135,117,24,75,14,78,2,107,128,48" hai1="103,44,123,0,22,106,116,81,38,85,109,12,23" hai2="114,67,74,131,6,100,7,16,54,29,42,39,95" hai3="50,60,80,73,62,99,35,61,126,58,108,101,120"/><V104/><F114/><W65/><G120/><T68/><D107/><U96/><E116/><V28/><F74/><W21/><G108/><T94/><D68/><U43/><E0/><V86/><F104/><W66/><G126/><T69/><D69/><U125/><E109/><V76/><F131/><W113/><G35/><T51/><D128/><U63/><E125/><V32/><F67/><W127/><G127/><T45/><D135/><U83/><E123/><V59/><F39/><W25/><G113/><T111/><D111/><U70/><E12/><V8/><F42/><W47/><G80/><T72/><D51/><U118/><E83/><N who="2" m="47463" /><F32/><W18/><G73/><T82/><D117/><U71/><E71/><V130/><F130/><W13/><G13/><T129/><D94/><U26/><E118/><V34/><F34/><W17/><G17/><T36/><D36/><U133/><E133/><V56/><F56/><W89/><G89/><T115/><D115/><U37/><E37/><V93/><F29/><W79/><G79/><T112/><D112/><U88/><REACH who="1" step="1"/><E26/><REACH who="1" ten="347,161,249,233" step="2"/><V27/><F27/><W31/><G25/><T40/><D129/><U102/><E102/><V122/><F100/><W9/><G101/><T53/><D2/><U91/><E91/><V49/><F122/><W87/><G66/><AGARI ba="0,1" hai="22,23,38,43,44,63,66,70,81,85,88,96,103,106" machi="66" ten="40,2600,0" yaku="1,1,54,1,53,0" doraHai="30" doraHaiUra="90" who="1" fromWho="3" sc="347,0,161,36,249,0,233,-26" /><INIT seed="3,0,0,5,0,111" ten="347,197,249,207" oya="3" hai0="23,7,17,126,36,20,52,124,29,98,89,91,12" hai1="121,18,40,95,16,92,116,8,75,109,135,30,122" hai2="80,9,74,58,37,118,14,73,78,10,54,90,53" hai3="47,77,125,2,103,45,44,32,42,101,104,38,114"/><W69/><G114/><T131/><D36/><U123/><E75/><V15/><F37/><W110/><G69/><T76/><D131/><U94/><E109/><V130/><F118/><W59/><G110/><T133/><D76/><U107/><E107/><V67/><F130/><W19/><G2/><T1/><D133/><U56/><E116/><V108/><F74/><W31/><G125/><T87/><D52/><U71/><E71/><V48/><F108/><W106/><G77/><T60/><D60/><U62/><E135/><V21/><F67/><W39/><G19/><T120/><D98/><U35/><E40/><V134/><F134/><W83/><G83/><T100/><D100/><N who="3" m="38473" /><G59/><T0/><D0/><U61/><E8/><V86/><F54/><W88/><G88/><T11/><D91/><U129/><E129/><V70/><F70/><W127/><G127/><T49/><D120/><U81/><E81/><V68/><F68/><W6/><G6/><T22/><D7/><U43/><E43/><V97/><F97/><W25/><G42/><T28/><D1/><U79/><E79/><V117/><F117/><W4/><G4/><T63/><D126/><U55/><REACH who="1" step="1"/><E61/><REACH who="1" ten="347,187,249,207" step="2"/><V5/><F78/><W84/><G84/><T82/><D63/><U26/><AGARI ba="0,1" hai="16,18,26,30,35,55,56,62,92,94,95,121,122,123" machi="26" ten="40,8000,1" yaku="1,1,2,1,0,1,54,1,53,1" doraHai="111" doraHaiUra="24" who="1" fromWho="1" sc="347,-20,187,90,249,-20,207,-40" owari="327,42.7,277,7.7,229,-17.1,167,-33.3" /></mjloggm>