<mjloggm ver="2.3"><GO type="225" lobby="0"/><UN n0="%E9%A2%A8%E3%81%A7%E9%B3%B4%E3%81%8F" n1="%6D%61%74%69%67%75%73%61" n2="%E3%81%8B%E3%82%8F%E3%81%A1%E3%82%83%E3%82%93%35%38" n3="%E3%81%BF%E3%81%BF%E3%81%9A" dan="16,17,16,16" rate="2185.01,2187.71,2174.79,2140.28" sx="M,M,M,M"/><TAIKYOKU oya="0"/><INIT seed="0,0,0,2,5,0" ten="250,250,250,250" oya="0" hai0="18,74,72,113,29,2,65,60,134,62,100,4,39" hai1="24,56,77,38,129,59,122,112,70,80,35,66,118" hai2="9,84,106,32,93,115,86,37,123,101,81,87,133" hai3="92,127,121,125,51,57,50,104,5,79,14,61,7"/><T78/><D78/><U124/><BYE who="0" /><E118/><UN n0="%E9%A2%A8%E3%81%A7%E9%B3%B4%E3%81%8F" /><V64/><F32/><W53/><G104/><T42/><D113/><U131/><E122/><V95/><F37/><W83/><G121/><T116/><D62/><U27/><E38/><V23/><F64/><W108/><G108/><T3/><D18/><U15/><E70/><V30/><F30/><W58/><G92/><N who="2" m="35401" /><F23/><W117/><G14/><T28/><D28/><U48/><E124/><N who="3" m="47690" /><G117/><T11/><D116/><U16/><E112/><V111/><F9/><W135/><G135/><T44/><D134/><U85/><E35/><V19/><F19/><W33/><G33/><T109/><D109/><U82/><E82/><V132/><F115/><W126/><N who="3" m="47698" /><W71/><DORA hai="67" /><G71/><N who="0" m="42407" /><D29/><U105/><E105/><V17/><F17/><W75/><G50/><T119/><D119/><U76/><E76/><N who="2" m="46119" /><F123/><W97/><G97/><T1/><D100/><U68/><E48/><V46/><F111/><W25/><G25/><T36/><D39/><U40/><E24/><V26/><F26/><W10/><G10/><N who="0" m="2319" /><D2/><U89/><E27/><V91/><F133/><W31/><G31/><T114/><D114/><U102/><E15/><V13/><F13/><W8/><G8/><T96/><D96/><U54/><E16/><V130/><F132/><W47/><G58/><T98/><D98/><U63/><E59/><V128/><F46/><W22/><G22/><T69/><D69/><U41/><E68/><V45/><F45/><W103/><G103/><T94/><D94/><N who="1" m="54575" /><E102/><V88/><F101/><W73/><G75/><T120/><D120/><U12/><E12/><RYUUKYOKU ba="0,0" sc="250,15,250,-15,250,-15,250,15" hai0="3,11,36,42,44,72,74" hai3="5,7,47,51,53,57,61,73,79,83" /><INIT seed="0,1,0,1,3,0" ten="265,235,235,265" oya="0" hai0="96,40,65,17,70,30,133,114,105,78,72,82,19" hai1="90,26,50,131,93,18,132,61,48,109,53,123,87" hai2="99,73,129,55,69,83,66,62,14,8,45,13,56" hai3="102,122,127,47,35,95,112,126,71,100,74,41,29"/><T91/><BYE who="3" /><D114/><U31/><E123/><UN n3="%E3%81%BF%E3%81%BF%E3%81%9A" /><V77/><F129/><W46/><G122/><T128/><D128/><U42/><E131/><V12/><F99/><W58/><G71/><T118/><D118/><U16/><E109/><V108/><F108/><W92/><G74/><T38/><D133/><U86/><E132/><V49/><REACH who="2" step="1"/><F69/><REACH who="2" ten="265,235,225,265" step="2"/><W52/><G112/><T130/><D130/><U76/><E87/><V98/><F98/><W89/><G102/><T116/><D116/><U97/><E97/><V6/><AGARI ba="1,1" hai="6,8,12,13,14,45,49,55,56,62,66,73,77,83" machi="6" ten="20,8000,1" yaku="1,1,0,1,7,1,52,1,53,1" doraHai="0" doraHaiUra="2" who="2" fromWho="2" sc="265,-41,235,-21,225,93,265,-21" /><INIT seed="1,0,0,1,4,35" ten="224,214,318,244" oya="1" hai0="21,87,28,69,98,1,6,15,11,0,135,60,96" hai1="36,85,79,42,25,111,84,123,26,41,63,59,102" hai2="8,45,113,33,10,70,122,93,20,7,114,58,67" hai3="34,74,128,107,125,104,106,120,132,88,61,53,54"/><U47/><E123/><V133/><F33/><W76/><G120/><T99/><D135/><U62/><E111/><V131/><F122/><W83/><G132/><T119/><D119/><U101/><E59/><V130/><F70/><W18/><G34/><T46/><D46/><U124/><E47/><V52/><F133/><W9/><G128/><N who="2" m="49193" /><F67/><W23/><G125/><T68/><D68/><U117/><E79/><V115/><F45/><W38/><G38/><T2/><D87/><U92/><E92/><V110/><F110/><W118/><G118/><T100/><D28/><U86/><E117/><V97/><F20/><W14/><G61/><N who="1" m="23050" /><E36/><V55/><F58/><W3/><REACH who="3" step="1"/><G88/><REACH who="3" ten="224,214,318,234" step="2"/><T103/><REACH who="0" step="1"/><D21/><REACH who="0" ten="214,214,318,234" step="2"/><U24/><E124/><V108/><F108/><W57/><G57/><T89/><D89/><U13/><E13/><N who="2" m="5279" /><F10/><W121/><G121/><T81/><D81/><U29/><E29/><V43/><F43/><AGARI ba="0,2" hai="24,25,26,41,42,43,84,85,86,101,102" m="23050" machi="43" ten="40,7700,0" yaku="28,2,8,1" doraHai="35" who="1" fromWho="2" sc="214,0,214,97,318,-77,234,0" /><INIT seed="1,1,0,4,4,75" ten="214,311,241,234" oya="1" hai0="39,73,114,69,118,58,34,121,68,16,41,29,84" hai1="88,52,113,24,57,5,93,82,6,94,111,131,48" hai2="72,95,4,11,13,59,104,79,30,83,35,130,28" hai3="100,2,67,133,125,106,70,38,19,90,55,76,78"/><U43/><E113/><V1/><F104/><W50/><G2/><T47/><D73/><U61/><E131/><V112/><F112/><W44/><G125/><T0/><D0/><U64/><E43/><V101/><F130/><W115/><G115/><T123/><D114/><U89/><E111/><V135/><F135/><W99/><G133/><T129/><D118/><U119/><E82/><V60/><F35/><W92/><G38/><T91/><D129/><U97/><E24/><V7/><F1/><W62/><REACH who="3" step="1"/><G19/><REACH who="3" ten="214,311,241,224" step="2"/><T86/><D16/><U31/><E119/><V22/><F4/><W108/><G108/><T3/><D3/><U77/><E31/><V80/><F28/><W134/><G134/><T10/><D29/><U51/><E5/><V21/><F30/><W37/><G37/><T96/><D34/><U110/><E6/><V49/><F7/><W71/><G71/><T65/><D69/><U25/><E110/><V26/><F21/><W128/><G128/><T105/><D68/><U107/><E25/><V109/><F22/><W27/><G27/><T45/><D10/><U23/><E23/><V9/><F26/><W42/><G42/><T12/><D41/><U132/><E132/><V120/><F109/><W124/><G124/><T33/><D39/><U102/><E107/><V36/><F36/><W87/><AGARI ba="1,1" hai="44,50,55,62,67,70,76,78,87,90,92,99,100,106" machi="87" ten="20,8000,1" yaku="1,1,0,1,7,1,52,2,53,0" doraHai="75" doraHaiUra="54" who="3" fromWho="3" sc="214,-21,311,-41,241,-21,224,93" /><INIT seed="2,0,0,2,0,109" ten="193,270,220,317" oya="2" hai0="123,108,118,57,14,90,130,111,58,61,69,53,106" hai1="59,55,64,16,82,48,98,101,19,15,11,91,46" hai2="114,0,77,38,116,79,86,34,62,44,47,70,128" hai3="31,107,122,103,39,73,21,131,135,22,4,54,84"/><V134/><F116/><W1/><G122/><T35/><D106/><U43/><E64/><V132/><F0/><W99/><G73/><T89/><D35/><U93/><E82/><V68/><F34/><W119/><G119/><T23/><D123/><U41/><E101/><V75/><F75/><W2/><G39/><T3/><D3/><U9/><E46/><N who="2" m="17451" /><F86/><W126/><G126/><T27/><D69/><N who="2" m="26730" /><F62/><W112/><G84/><T133/><D118/><U80/><E80/><V29/><F29/><W67/><G31/><T104/><D104/><U17/><REACH who="1" step="1"/><E11/><REACH who="1" ten="193,260,220,317" step="2"/><V87/><F79/><W5/><G103/><T8/><D108/><U78/><E78/><V32/><F77/><W83/><G83/><T120/><D111/><U105/><E105/><V50/><F134/><W125/><G107/><T81/><D133/><U40/><AGARI ba="0,1" hai="9,15,16,17,19,40,41,43,48,55,59,91,93,98" machi="40" ten="30,8000,1" yaku="1,1,0,1,8,1,54,1,53,1" doraHai="109" doraHaiUra="49" who="1" fromWho="1" sc="193,-20,260,90,220,-40,317,-20" /><INIT seed="3,0,0,4,2,60" ten="173,350,180,297" oya="3" hai0="24,69,71,61,65,115,27,120,44,95,135,19,6" hai1="34,49,73,64,20,11,90,53,75,4,57,124,132" hai2="55,81,13,82,91,98,42,105,47,130,62,1,119" hai3="63,106,29,7,8,70,5,16,101,89,38,121,72"/><W100/><G121/><T93/><D120/><U87/><E34/><V76/><F1/><W40/><G72/><T85/><D71/><U83/><E132/><V86/><F119/><W17/><G29/><T45/><D135/><U2/><E124/><V127/><F127/><W84/><G38/><T3/><D3/><U107/><E107/><V43/><F130/><W113/><G113/><T96/><D115/><U58/><E20/><V14/><F105/><W94/><G40/><T78/><D6/><N who="3" m="2057" /><G106/><T77/><D19/><N who="3" m="7241" /><G70/><T22/><D22/><U108/><E75/><V54/><F43/><W51/><G8/><T114/><D114/><U37/><E73/><V0/><F0/><W32/><G32/><T109/><D109/><U59/><E37/><V111/><F111/><W35/><G35/><T79/><D85/><U46/><REACH who="1" step="1"/><E108/><REACH who="1" ten="173,340,180,297" step="2"/><V36/><F36/><W110/><G110/><T10/><D10/><U30/><E30/><V33/><F33/><W23/><G63/><AGARI ba="0,1" hai="2,4,11,46,49,53,57,58,59,63,64,83,87,90" machi="63" ten="40,2600,0" yaku="1,1,52,1,53,0" doraHai="60" doraHaiUra="74" who="1" fromWho="3" sc="173,0,340,36,180,0,297,-26" owari="173,-32.7,376,47.6,180,-22.0,271,7.1" /></mjloggm>