<mjloggm ver="2.3"><GO type="225" lobby="0"/><UN n0="%E3%81%B5%E3%81%98%E3%81%8B%E3%81%A4" n1="%E5%A4%9C%E5%85%89%E5%A4%A9%E6%A5%BC" n2="%E3%80%93%E3%81%97%E3%83%BC%E3%82%89%E3%80%93" n3="%E3%81%8C%E3%81%9F" dan="17,16,16,16" rate="2224.12,2069.90,2106.33,2097.94" sx="M,F,M,M"/><TAIKYOKU oya="0"/><INIT seed="0,0,0,3,2,133" ten="250,250,250,250" oya="0" hai0="86,121,46,80,41,93,20,33,59,111,128,125,39" hai1="55,49,0,25,97,11,118,9,100,82,32,90,66" hai2="98,70,114,63,6,48,58,3,89,104,124,92,56" hai3="34,134,69,16,52,27,15,44,14,110,127,18,43"/><T28/><D121/><U24/><E118/><V78/><F114/><W113/><G113/><T60/><D128/><U37/><E37/><V106/><F70/><W29/><G69/><T99/><D111/><U72/><E66/><V36/><F36/><W76/><G134/><T105/><D105/><U75/><E75/><V65/><F78/><W21/><G110/><T122/><D122/><U83/><E72/><V61/><F48/><W5/><G127/><T71/><D71/><U77/><E77/><V81/><F81/><N who="1" m="30729" /><E100/><V1/><F124/><W79/><G5/><T87/><D125/><U13/><E32/><V130/><F130/><W108/><G108/><T17/><D33/><U38/><E0/><V26/><F26/><N who="1" m="10345" /><E13/><V117/><F117/><W132/><G132/><T126/><D28/><U35/><E38/><V112/><F112/><W95/><G95/><T109/><D109/><U73/><E73/><V22/><F22/><W107/><G107/><T54/><D80/><U96/><E90/><V57/><F1/><W131/><G131/><T19/><D126/><U53/><E35/><V91/><F91/><W119/><G119/><T64/><D64/><U8/><E49/><V101/><F65/><W30/><G30/><T102/><REACH who="0" step="1"/><D19/><REACH who="0" ten="240,250,250,250" step="2"/><U51/><E51/><V42/><F106/><W45/><G34/><T2/><D2/><U85/><E85/><N who="2" m="52271" /><F42/><W10/><G43/><T129/><D129/><U7/><E7/><V4/><F3/><W74/><G74/><T103/><D103/><U84/><E84/><V120/><F120/><W116/><G116/><T68/><D68/><RYUUKYOKU ba="0,1" sc="240,10,250,10,250,10,250,-30" hai0="17,20,39,41,46,54,59,60,86,87,93,99,102" hai1="8,9,11,53,55,96,97" hai2="4,6,56,57,58,61,63,98,101,104" /><INIT seed="0,1,1,3,2,64" ten="250,260,260,220" oya="0" hai0="130,108,71,52,94,121,115,39,119,84,57,18,65" hai1="61,72,9,78,11,23,59,46,75,13,89,63,131" hai2="0,100,33,43,29,134,133,74,104,79,67,93,110" hai3="44,91,20,117,4,87,40,96,86,30,77,109,114"/><T101/><D119/><U92/><E131/><V51/><F0/><W25/><G117/><T47/><D121/><U54/><E78/><V56/><F110/><W45/><G114/><T32/><D115/><U58/><E46/><V26/><F43/><W80/><G109/><T15/><D32/><U81/><E81/><V76/><F74/><W10/><G96/><T128/><D108/><U99/><E23/><V12/><F12/><W90/><G87/><T53/><D101/><U3/><E3/><V68/><F93/><W7/><G45/><T1/><D1/><U62/><E62/><N who="2" m="40055" /><F56/><W111/><G111/><T60/><D94/><U31/><E31/><V83/><F51/><W103/><G103/><T113/><D84/><U88/><E89/><V41/><F41/><W14/><REACH who="3" step="1"/><G7/><REACH who="3" ten="250,260,260,210" step="2"/><T118/><D118/><U98/><E98/><N who="2" m="61463" /><F83/><W132/><G132/><AGARI ba="1,2" hai="26,29,33,76,79,132,133,134" m="61463,40055" machi="132" ten="30,3900,0" yaku="25,1,20,1,52,1" doraHai="64" who="2" fromWho="3" sc="250,0,260,0,260,62,210,-42" /><INIT seed="1,0,0,1,3,8" ten="250,260,322,168" oya="1" hai0="66,115,109,91,10,4,89,2,47,117,97,64,33" hai1="111,114,70,126,106,3,84,122,118,7,31,39,43" hai2="34,92,67,37,86,85,17,90,12,53,25,44,108" hai3="16,78,11,125,124,77,5,35,72,132,42,21,76"/><U23/><RYUUKYOKU type="yao9" ba="0,0" sc="250,0,260,0,322,0,168,0" hai1="3,7,23,31,39,43,70,84,106,111,114,118,122,126" /><INIT seed="1,1,0,4,2,41" ten="250,260,322,168" oya="1" hai0="49,128,96,4,103,27,120,35,38,32,76,65,114" hai1="20,60,130,112,54,124,97,67,6,80,53,28,10" hai2="0,110,79,13,74,85,117,16,102,123,100,90,109" hai3="91,121,83,77,18,24,126,22,106,131,31,36,40"/><U127/><E112/><V56/><F0/><W11/><G121/><T25/><D114/><U111/><E130/><V30/><F123/><W134/><G106/><T1/><D120/><U99/><E80/><V133/><F117/><W2/><G131/><T47/><D38/><U62/><E111/><N who="2" m="42507" /><F30/><W73/><G126/><N who="1" m="48170" /><E28/><V135/><F79/><W75/><G134/><N who="2" m="51209" /><F56/><W42/><G75/><T50/><D76/><U71/><E20/><N who="2" m="11279" /><F74/><W107/><G2/><T88/><D1/><N who="1" m="335" /><E62/><V86/><F86/><W23/><G73/><T43/><D128/><U64/><E67/><V125/><F125/><W26/><G77/><T55/><D65/><U119/><E119/><V37/><F37/><W94/><G36/><T46/><D35/><U92/><E99/><V132/><N who="2" m="51217" /><V116/><DORA hai="81" /><F116/><W19/><G83/><AGARI ba="1,0" hai="83,85,90,100,102" m="11279,51217,42507" machi="83" ten="40,8000,1" yaku="14,1,20,1,52,1,54,1" doraHai="41,81" who="2" fromWho="3" sc="250,0,260,0,322,83,168,-83" /><INIT seed="2,0,0,3,1,111" ten="250,260,405,85" oya="2" hai0="131,31,124,92,20,99,55,117,110,73,126,78,58" hai1="106,43,25,47,70,7,24,13,61,89,101,123,108" hai2="16,2,18,71,8,46,86,109,135,6,0,36,63" hai3="129,14,56,23,130,133,98,82,39,88,10,54,120"/><V96/><F135/><W52/><G120/><T107/><D110/><U42/><E108/><V38/><F2/><W1/><G39/><T112/><D117/><U40/><E123/><V22/><F18/><W97/><G133/><T72/><D107/><U80/><E70/><V127/><F109/><W49/><G1/><T79/><D31/><U132/><E132/><V5/><F5/><W113/><G23/><T75/><D20/><U128/><E128/><N who="3" m="49258" /><G54/><T15/><D15/><U94/><E61/><V102/><F38/><W122/><G122/><T103/><D112/><U33/><E33/><V44/><F36/><W100/><G100/><T114/><D114/><U12/><E47/><V34/><F34/><W51/><G51/><T93/><D131/><U87/><E106/><V4/><F0/><W60/><G49/><T62/><REACH who="0" step="1"/><D93/><REACH who="0" ten="240,260,405,85" step="2"/><U35/><E13/><N who="2" m="7207" /><F22/><W19/><G113/><T30/><D30/><U121/><E121/><V68/><F4/><W26/><G26/><T118/><D118/><U3/><E35/><V74/><F6/><W105/><G105/><T11/><D11/><N who="1" m="4223" /><E3/><V69/><F69/><W9/><G9/><T27/><D27/><U67/><E25/><V134/><F71/><W17/><G17/><T95/><D95/><U50/><E24/><V119/><F68/><W53/><G53/><T48/><D48/><U83/><E50/><V29/><F119/><W91/><G82/><T64/><D64/><U37/><E37/><V28/><F134/><W41/><G41/><T45/><D45/><U125/><E67/><V66/><F46/><W116/><G116/><RYUUKYOKU ba="0,1" sc="240,15,260,-15,405,-15,85,15" hai0="55,58,62,72,73,75,78,79,92,99,103,124,126" hai3="10,14,19,52,56,60,88,91,97,98" /><INIT seed="3,1,1,4,1,62" ten="255,245,390,100" oya="3" hai0="21,101,37,70,0,24,8,19,107,54,110,40,49" hai1="10,106,86,134,72,57,127,104,55,28,59,123,17" hai2="93,2,71,73,78,115,112,122,131,52,113,126,20" hai3="22,5,48,82,132,103,38,85,100,25,27,108,125"/><W135/><G38/><T114/><D110/><U35/><E123/><V32/><F71/><W129/><G129/><T4/><D70/><U69/><E72/><V67/><F32/><W13/><G125/><T6/><D6/><U43/><E69/><V64/><F2/><W61/><G108/><T50/><D114/><U95/><E43/><V63/><F126/><W39/><G39/><T15/><D37/><U84/><E127/><V58/><F131/><W91/><G48/><T74/><D74/><U41/><E41/><V80/><F122/><W81/><G81/><T34/><D40/><U30/><E134/><N who="3" m="51242" /><G61/><T87/><D87/><N who="1" m="33323" /><E104/><V16/><REACH who="2" step="1"/><F93/><REACH who="2" ten="255,245,380,100" step="2"/><W76/><G76/><T116/><D34/><U46/><E35/><V75/><F75/><W14/><G25/><AGARI ba="1,2" hai="16,20,25,52,58,63,64,67,73,78,80,112,113,115" machi="25" ten="40,8000,1" yaku="1,1,52,2,54,2,53,0" doraHai="62" doraHaiUra="128" who="2" fromWho="3" sc="255,0,245,0,380,103,100,-83" owari="255,5.5,245,-15.5,483,58.3,17,-48.3" /></mjloggm>