<mjloggm ver="2.3"><GO type="225" lobby="0"/><UN n0="%E6%B4%BE%E9%81%A3%E3%81%AE%E3%82%B8%E3%83%A3%E3%83%83%E3%82%AF" n1="%6E%69%63%6B%6C%6F%77" n2="%E7%AD%89%E3%80%85%E5%8A%9B%E5%8A%87%E5%A0%B4" n3="%72%69%6F%75%63%68%61%6E" dan="16,16,16,17" rate="2142.00,2118.67,2130.97,2202.23" sx="M,F,M,M"/><TAIKYOKU oya="0"/><INIT seed="0,0,0,4,3,133" ten="250,250,250,250" oya="0" hai0="122,10,92,83,67,35,21,15,17,19,63,81,89" hai1="48,52,76,68,25,84,34,12,22,46,64,3,99" hai2="45,23,54,74,31,104,131,4,80,5,32,75,40" hai3="124,116,121,135,97,53,130,127,16,79,102,2,0"/><T86/><D122/><U44/><E3/><V42/><F104/><W27/><G116/><T9/><D35/><U85/><E34/><V55/><F32/><W105/><G135/><T26/><REACH who="0" step="1"/><D10/><REACH who="0" ten="240,250,250,250" step="2"/><U28/><E68/><AGARI ba="0,1" hai="9,15,17,19,21,26,63,67,68,81,83,86,89,92" machi="68" ten="30,11600,0" yaku="1,1,2,1,7,1,53,1" doraHai="133" doraHaiUra="8" who="0" fromWho="1" sc="240,126,250,-116,250,0,250,0" /><INIT seed="0,1,0,4,5,55" ten="366,134,250,250" oya="0" hai0="101,21,59,23,27,25,106,103,54,38,26,96,22" hai1="132,95,61,98,92,10,117,57,131,19,114,109,46" hai2="41,122,124,108,130,120,88,53,50,73,28,102,66" hai3="129,16,85,40,97,44,52,48,67,31,80,84,62"/><T7/><D38/><U60/><E117/><V127/><F73/><W112/><G112/><T125/><D125/><N who="2" m="48202" /><F102/><W126/><G126/><T100/><REACH who="0" step="1"/><D7/><REACH who="0" ten="356,134,250,250" step="2"/><U32/><E114/><V123/><F123/><W3/><G129/><T29/><D29/><U30/><E131/><V93/><F130/><W89/><G31/><T99/><D99/><U14/><E30/><V107/><F28/><W78/><G97/><T75/><D75/><U81/><E32/><V110/><F122/><W15/><G3/><T63/><AGARI ba="1,1" hai="21,22,23,25,26,27,54,59,63,96,100,101,103,106" machi="63" ten="30,6000,0" yaku="1,1,0,1,52,1,53,0" doraHai="55" doraHaiUra="69" who="0" fromWho="0" sc="356,73,134,-21,250,-21,250,-21" /><INIT seed="0,2,0,4,3,24" ten="429,113,229,229" oya="0" hai0="3,109,131,134,53,4,59,98,14,52,17,68,10" hai1="112,69,111,123,34,106,103,38,116,29,18,128,8" hai2="26,86,127,83,90,2,62,56,115,126,102,39,118" hai3="41,130,42,30,81,76,22,84,36,46,16,0,79"/><T104/><D68/><U58/><RYUUKYOKU type="yao9" ba="2,0" sc="429,0,113,0,229,0,229,0" hai1="8,18,29,34,38,58,69,103,106,111,112,116,123,128" /><INIT seed="0,3,0,5,3,5" ten="429,113,229,229" oya="0" hai0="59,14,80,109,60,108,70,64,78,15,120,97,122" hai1="91,90,24,129,71,18,47,110,33,3,54,74,32" hai2="103,100,6,48,63,34,76,126,123,57,35,101,128" hai3="117,106,43,104,132,25,85,53,23,65,13,49,22"/><T118/><D97/><U2/><E74/><V134/><F123/><W4/><G132/><T133/><D118/><U39/><E71/><V46/><F126/><W135/><G135/><T28/><D28/><U83/><E39/><V45/><F134/><W105/><G117/><T0/><D0/><U1/><E47/><V87/><F128/><W52/><G65/><T121/><D70/><U11/><E54/><V93/><F35/><N who="1" m="13385" /><E91/><V98/><F34/><W72/><G72/><T50/><D50/><U8/><E90/><N who="2" m="55607" /><F6/><W107/><N who="3" m="26624" /><DORA hai="86" /><W42/><G85/><N who="0" m="48279" /><D133/><U102/><E83/><N who="2" m="47591" /><F48/><W55/><G49/><T68/><D68/><U66/><E66/><AGARI ba="3,0" hai="45,46,57,63,66,100,101,103" m="47591,55607" machi="66" ten="30,2000,0" yaku="8,1,52,1" doraHai="5,86" who="2" fromWho="1" sc="429,0,113,-29,229,29,229,0" /><INIT seed="1,0,0,4,2,29" ten="429,84,258,229" oya="1" hai0="99,134,64,105,28,130,38,19,78,109,79,135,36" hai1="48,40,26,88,106,94,3,52,101,95,66,131,117" hai2="74,13,1,0,128,127,18,6,107,103,60,123,12" hai3="124,102,31,16,129,54,35,118,58,96,10,81,90"/><U75/><E117/><V5/><F74/><W30/><G118/><T113/><D109/><U108/><E106/><V41/><F123/><W132/><G129/><T115/><D64/><U73/><E3/><V53/><F41/><W62/><G124/><T104/><D19/><U111/><E40/><V11/><F103/><W86/><G132/><N who="0" m="50731" /><D28/><U39/><E66/><V63/><F107/><N who="0" m="41034" /><D99/><N who="1" m="59639" /><E39/><N who="0" m="14889" /><D130/><U100/><E100/><V91/><F128/><W47/><G30/><T25/><D25/><U77/><E77/><AGARI ba="0,0" hai="77,78,79,113,115" m="14889,41034,50731" machi="77" ten="40,5200,0" yaku="28,2,20,1" doraHai="29" who="0" fromWho="1" sc="429,52,84,-52,258,0,229,0" /><INIT seed="2,0,0,0,3,65" ten="481,32,258,229" oya="2" hai0="22,86,63,116,91,41,51,55,127,100,32,95,60" hai1="11,73,70,56,126,1,31,43,35,23,97,82,18" hai2="103,27,36,87,54,107,5,84,42,102,59,106,83" hai3="94,72,49,118,47,130,129,8,17,14,135,29,75"/><V109/><F5/><W10/><G135/><T78/><D32/><U37/><E126/><V9/><F9/><W123/><G118/><T20/><D127/><U12/><E56/><V121/><F121/><W16/><G123/><T7/><D7/><U46/><E97/><V133/><F36/><W50/><G29/><T110/><D110/><U128/><E128/><N who="3" m="49258" /><G94/><T57/><D116/><U89/><E89/><V4/><F4/><W39/><G39/><T104/><D78/><U111/><E111/><V58/><F109/><W96/><G96/><N who="0" m="59423" /><D104/><U6/><E31/><V15/><F133/><W120/><G120/><T44/><D63/><U74/><E35/><V24/><F83/><AGARI ba="0,0" hai="20,22,41,44,51,55,57,60,83,86,91" m="59423" machi="83" ten="30,1000,0" yaku="8,1" doraHai="65" who="0" fromWho="2" sc="481,10,32,0,258,-10,229,0" /><INIT seed="3,0,0,2,4,52" ten="491,32,248,229" oya="3" hai0="98,54,34,78,45,120,118,23,8,11,41,79,42" hai1="60,48,2,65,21,106,100,93,63,50,114,71,69" hai2="103,107,117,104,55,1,14,30,53,40,89,56,18" hai3="38,113,62,90,131,61,97,128,59,124,44,72,75"/><W33/><G113/><T86/><D34/><U28/><E93/><V84/><F1/><W132/><G33/><T17/><D120/><U68/><E21/><V24/><F117/><W19/><G124/><T134/><D134/><U70/><E100/><V31/><F40/><N who="3" m="22551" /><G132/><T58/><D98/><U6/><E6/><V91/><F103/><W9/><G62/><N who="1" m="23594" /><E28/><V99/><F99/><W3/><G19/><T109/><D118/><U101/><E2/><V49/><F24/><W10/><G90/><T15/><D45/><U73/><E73/><N who="3" m="28234" /><G97/><T135/><D135/><U47/><E101/><V35/><F91/><W20/><G20/><T66/><D66/><U37/><E106/><V25/><F31/><W94/><G94/><T12/><D54/><U39/><E114/><V26/><F26/><W80/><G80/><T22/><D17/><U16/><N who="1" m="17408" /><DORA hai="102" /><U127/><E16/><V13/><F55/><N who="3" m="34047" /><G3/><T121/><D121/><U92/><E92/><N who="2" m="54311" /><F13/><W83/><G83/><T108/><D86/><U126/><E65/><V32/><F35/><W74/><N who="3" m="28242" /><W4/><DORA hai="81" /><G4/><T36/><D36/><N who="1" m="13899" /><E127/><V64/><F64/><W96/><G96/><T29/><D29/><U125/><E126/><V115/><F115/><W85/><G85/><T67/><D67/><U27/><E125/><V129/><F14/><W88/><G88/><T51/><D51/><N who="1" m="19499" /><E27/><V46/><F18/><W43/><G9/><T0/><D0/><U119/><E119/><V105/><F107/><W76/><G10/><T5/><D5/><U77/><E77/><V82/><F82/><W57/><G76/><RYUUKYOKU ba="0,0" sc="491,15,32,15,248,-15,229,-15" hai0="8,11,12,15,22,23,41,42,58,78,79,108,109" hai1="47" owari="506,60.6,47,-45.3,233,3.3,214,-18.6" /></mjloggm>