<mjloggm ver="2.3"><GO type="225" lobby="0"/><UN n0="%E3%81%BE%E3%81%A8%E3%81%9F" n1="%E7%99%BD%E6%97%A5%E9%9B%AA%E8%8F%9C" n2="%47%48%4F%53%54" n3="%E6%B0%B7%E5%B7%9D%E9%87%8C%E5%A5%88" dan="16,16,17,16" rate="2080.41,2136.12,2234.70,2105.34" sx="M,M,M,F"/><TAIKYOKU oya="0"/><INIT seed="0,0,0,5,4,94" ten="250,250,250,250" oya="0" hai0="6,96,16,105,10,2,3,104,115,5,80,8,4" hai1="20,100,52,15,34,110,45,37,65,83,77,81,66" hai2="106,1,25,43,14,79,24,26,109,87,91,75,99" hai3="19,130,82,86,64,129,123,68,73,121,108,61,128"/><T84/><D115/><U113/><E34/><V54/><F1/><W97/><G73/><T56/><D56/><U60/><E113/><V21/><F109/><W12/><G108/><T114/><D114/><U36/><E110/><V70/><F70/><W40/><G40/><T62/><D62/><U124/><E124/><V49/><F43/><W122/><G97/><T29/><D29/><U13/><E100/><V120/><F120/><W53/><G53/><T119/><D119/><U72/><E20/><V0/><F0/><W57/><G68/><T107/><D6/><U39/><E83/><N who="2" m="47615" /><F106/><W27/><G27/><T98/><D16/><U38/><E38/><V125/><F75/><W67/><G67/><T18/><D18/><U126/><E126/><V32/><F32/><W9/><REACH who="3" step="1"/><G123/><REACH who="3" ten="250,250,250,240" step="2"/><T44/><REACH who="0" step="1"/><D44/><REACH who="0" ten="240,250,250,240" step="2"/><U135/><E45/><V33/><F125/><W17/><G17/><T30/><D30/><U112/><E66/><V127/><F127/><W111/><G111/><T48/><D48/><U103/><E65/><V101/><F49/><W71/><G71/><T85/><D85/><U95/><E39/><V46/><F99/><W131/><N who="3" m="32768" /><DORA hai="118" /><W134/><G134/><T55/><D55/><U7/><E37/><V41/><F54/><W22/><G22/><T133/><D133/><U47/><E135/><V23/><F21/><W102/><G102/><T90/><AGARI ba="0,2" hai="2,3,4,5,8,10,80,84,90,96,98,104,105,107" machi="90" ten="30,12000,1" yaku="1,1,0,1,9,1,52,2,53,0" doraHai="94,118" doraHaiUra="11,88" who="0" fromWho="0" sc="240,140,250,-40,250,-40,240,-40" /><INIT seed="0,1,0,2,4,36" ten="380,210,210,200" oya="0" hai0="94,91,78,101,61,121,5,98,29,92,72,44,77" hai1="48,28,97,34,125,99,10,14,109,23,26,85,73" hai2="87,47,52,75,60,95,89,93,128,130,24,79,39" hai3="134,42,84,20,27,67,18,105,124,0,131,43,53"/><T104/><D121/><U63/><E73/><V106/><F106/><W9/><G105/><T122/><D122/><U132/><E109/><V59/><F24/><W7/><G134/><T6/><D94/><U127/><E132/><V13/><F13/><W55/><G124/><N who="1" m="47690" /><E48/><V45/><F93/><W12/><G131/><N who="2" m="50217" /><F39/><W65/><G84/><T11/><D92/><U37/><E37/><V74/><F74/><W15/><G0/><T100/><D72/><U129/><E129/><V83/><AGARI ba="1,0" hai="45,47,52,59,60,75,79,83,87,89,95" m="50217" machi="83" ten="30,2000,0" yaku="19,1,54,1" doraHai="36" who="2" fromWho="2" sc="380,-11,210,-6,210,23,200,-6" /><INIT seed="1,0,0,0,0,30" ten="369,204,233,194" oya="1" hai0="34,49,71,134,110,53,3,58,5,105,73,23,46" hai1="9,38,31,124,8,67,80,43,32,98,33,95,96" hai2="26,2,7,45,50,61,120,17,121,85,78,117,18" hai3="28,106,100,75,68,0,88,25,54,107,52,93,55"/><U123/><E123/><V36/><F36/><W64/><G75/><T133/><D71/><U109/><E67/><V118/><F78/><W42/><G0/><T115/><D34/><U41/><E124/><V131/><F61/><W10/><G42/><T56/><D73/><U65/><E65/><V94/><F85/><W16/><G100/><T59/><D115/><U91/><E80/><V84/><F94/><W87/><G64/><T108/><D105/><U103/><E109/><N who="0" m="42089" /><D23/><U24/><E33/><V6/><F84/><W77/><G77/><T1/><D5/><N who="2" m="1546" /><F50/><W81/><G81/><T15/><D15/><U39/><E43/><V114/><F45/><W135/><G135/><AGARI ba="0,0" hai="1,3,46,49,53,56,58,59,133,134,135" m="42089" machi="135" ten="40,2600,0" yaku="20,1,14,1" doraHai="30" who="0" fromWho="3" sc="369,26,204,0,233,0,194,-26" /><INIT seed="2,0,0,3,1,79" ten="395,204,233,168" oya="2" hai0="134,114,96,103,61,36,133,50,69,62,11,46,116" hai1="108,100,123,92,87,33,21,110,30,129,66,85,32" hai2="71,47,2,54,63,97,23,59,67,73,76,130,111" hai3="58,7,125,75,68,24,8,93,5,14,40,128,52"/><V90/><F2/><W115/><G128/><T72/><D36/><U119/><E119/><V70/><F130/><W124/><G115/><T127/><D72/><U132/><E129/><V126/><F126/><W39/><G68/><T88/><D127/><U120/><E132/><V107/><F111/><N who="1" m="42537" /><E66/><V101/><F90/><W1/><G7/><T49/><D69/><U10/><E10/><V51/><REACH who="2" step="1"/><F23/><REACH who="2" ten="395,204,223,168" step="2"/><W105/><G1/><T48/><D116/><U28/><E21/><V42/><F42/><W64/><G125/><T16/><D114/><U45/><E33/><V37/><F37/><W117/><G124/><T19/><D133/><U84/><E32/><V9/><F9/><W122/><G117/><T104/><D11/><U17/><E120/><V25/><F25/><W80/><G24/><T94/><D134/><U34/><E123/><V91/><F91/><W22/><G122/><T83/><D88/><U41/><E34/><V31/><F31/><W81/><G22/><T27/><D27/><U78/><E30/><V38/><F38/><W118/><G118/><T44/><D103/><U18/><E28/><V0/><F0/><W13/><G40/><T4/><D44/><U57/><E45/><V86/><F86/><W112/><BYE who="1" /><G39/><T135/><D46/><U82/><E82/><AGARI ba="0,1" hai="47,51,54,59,63,67,70,71,73,76,82,97,101,107" machi="82" ten="40,3900,0" yaku="1,1,52,1,53,0" doraHai="79" doraHaiUra="89" who="2" fromWho="1" sc="395,0,204,-39,223,49,168,0" /><UN n1="%E7%99%BD%E6%97%A5%E9%9B%AA%E8%8F%9C" /><INIT seed="2,1,0,4,0,131" ten="395,165,272,168" oya="2" hai0="4,70,2,93,49,6,129,25,3,109,87,113,15" hai1="64,77,128,7,19,55,82,60,78,10,29,88,45" hai2="58,48,34,17,96,116,112,123,72,111,67,120,135" hai3="46,39,11,85,107,74,37,121,126,62,102,84,63"/><V20/><F72/><W13/><G121/><T73/><D70/><U38/><E128/><V54/><F116/><W90/><G74/><T95/><D73/><U106/><E106/><V134/><F112/><W86/><G126/><T76/><D25/><U12/><E29/><V16/><F111/><W18/><G90/><T79/><D129/><U91/><E7/><V51/><F34/><W66/><G46/><T27/><D27/><U68/><E77/><V104/><F67/><W110/><G110/><T52/><D15/><U14/><E14/><V33/><F33/><W81/><G81/><T99/><D113/><U42/><REACH who="1" step="1"/><E55/><REACH who="1" ten="395,155,272,168" step="2"/><V8/><F54/><W103/><G107/><T22/><D4/><U36/><E36/><V132/><F123/><W105/><G105/><T53/><D6/><U101/><E101/><V117/><F120/><W21/><G39/><T57/><D53/><U40/><E40/><V127/><F104/><W125/><G37/><T31/><D109/><U115/><E115/><V133/><F132/><W118/><G118/><T1/><D79/><U47/><E47/><V43/><F43/><W35/><G125/><T94/><D76/><U119/><E119/><V56/><F117/><W24/><G103/><T114/><D114/><U30/><E30/><V44/><F133/><W0/><G102/><T50/><D31/><U98/><E98/><V28/><F127/><W80/><G0/><T100/><D1/><U75/><AGARI ba="1,1" hai="10,12,19,38,42,45,60,64,68,75,78,82,88,91" machi="75" ten="20,8000,1" yaku="1,1,0,1,7,1,54,1,53,1" doraHai="131" doraHaiUra="5" who="1" fromWho="1" sc="395,-21,155,93,272,-41,168,-21" /><INIT seed="3,0,0,2,1,60" ten="374,248,231,147" oya="3" hai0="58,75,21,93,55,44,85,134,59,10,103,111,20" hai1="63,64,19,61,62,118,26,42,82,65,34,90,117" hai2="87,114,113,37,45,128,56,28,88,9,4,1,129" hai3="3,54,119,68,95,39,132,16,83,38,115,79,81"/><W74/><G115/><T102/><D75/><U99/><E42/><N who="2" m="22735" /><F56/><W96/><G119/><N who="1" m="45578" /><E19/><V8/><F8/><W107/><G107/><T23/><D111/><U126/><E126/><V48/><F48/><W51/><G132/><T135/><D10/><U22/><E34/><V97/><F97/><W15/><G3/><T84/><D23/><U27/><E22/><V35/><F28/><W91/><G83/><T105/><D105/><U66/><E99/><V5/><F5/><W130/><G130/><N who="2" m="50281" /><F35/><W17/><G68/><T123/><D134/><U30/><E30/><V121/><F121/><W133/><G133/><T70/><D135/><U69/><E69/><V43/><F43/><W49/><G49/><T122/><D70/><U125/><E125/><V18/><F18/><W14/><G14/><T33/><D33/><U11/><E11/><V41/><F41/><W46/><REACH who="3" step="1"/><G17/><REACH who="3" ten="374,248,231,137" step="2"/><T98/><D122/><U2/><E2/><V120/><F120/><W40/><G40/><T89/><D123/><U67/><N who="1" m="16384" /><DORA hai="25" /><U94/><E82/><AGARI ba="0,1" hai="1,4,9,82,87,88,113,114" m="50281,22735" machi="82" ten="30,2000,0" yaku="19,1,54,1" doraHai="60,25" who="2" fromWho="1" sc="374,0,248,-20,231,30,137,0" owari="374,47.4,228,-17.2,261,6.1,137,-36.3" /></mjloggm>