<mjloggm ver="2.3"><GO type="225" lobby="0"/><UN n0="%E5%A4%9C%E3%81%AE%E3%82%AC%E3%82%B9%E3%83%91%E3%83%BC%E3%83%AB" n1="%E6%A1%9C%E8%8A%B1%E9%96%83%E3%80%85" n2="%33%74%72%65%65" n3="%E6%81%A5%E6%99%92%E3%81%97" dan="17,16,16,16" rate="2179.80,2139.87,2111.70,2111.99" sx="M,M,F,M"/><TAIKYOKU oya="0"/><INIT seed="0,0,0,1,0,113" ten="250,250,250,250" oya="0" hai0="6,9,34,46,88,133,1,90,82,67,99,70,119" hai1="94,51,65,15,126,16,39,10,96,60,91,92,78" hai2="115,7,36,23,45,129,80,112,19,134,75,5,103" hai3="48,64,108,28,0,89,120,40,3,26,76,100,44"/><T63/><D34/><U105/><E126/><V69/><F69/><W102/><G108/><T106/><D133/><U83/><E39/><V87/><F75/><W66/><G120/><T122/><D122/><U57/><E105/><V21/><F134/><W2/><G76/><T47/><D119/><U58/><E94/><V131/><F103/><W56/><G89/><T84/><REACH who="0" step="1"/><D90/><REACH who="0" ten="240,250,250,250" step="2"/><U114/><E114/><V93/><F112/><W18/><G0/><T27/><D27/><U54/><E78/><V62/><F115/><W41/><G2/><T38/><D38/><U123/><E123/><V73/><F36/><W53/><G3/><T127/><D127/><U61/><E83/><V101/><F80/><W71/><G26/><T43/><D43/><U4/><REACH who="1" step="1"/><E61/><REACH who="1" ten="240,240,250,250" step="2"/><V11/><F62/><W8/><G100/><AGARI ba="0,2" hai="1,6,9,46,47,63,67,70,82,84,88,99,100,106" machi="100" ten="40,3900,0" yaku="1,1,54,1,53,0" doraHai="113" doraHaiUra="107" who="0" fromWho="3" sc="240,59,240,0,250,0,250,-39" /><INIT seed="0,1,0,5,5,10" ten="299,240,250,211" oya="0" hai0="127,15,130,60,93,84,21,44,56,122,120,99,46" hai1="57,47,42,77,76,91,17,33,66,100,32,95,106" hai2="98,133,70,81,61,49,103,104,28,71,43,45,97" hai3="40,90,121,128,41,11,59,50,14,74,111,8,54"/><T116/><D116/><U89/><E106/><V117/><F117/><W109/><G74/><T113/><D113/><U38/><E100/><V34/><F133/><W101/><G128/><T83/><D130/><U108/><E108/><N who="3" m="41546" /><G101/><N who="0" m="60655" /><D122/><U9/><E89/><V62/><F98/><W82/><G121/><T20/><D20/><U6/><E17/><V118/><F118/><W110/><N who="3" m="41554" /><W134/><DORA hai="94" /><G134/><T135/><D127/><U65/><E33/><V124/><F124/><W73/><G8/><T105/><D120/><U92/><E92/><V3/><F3/><W36/><G36/><T48/><D105/><U13/><E32/><V112/><F112/><W35/><G35/><T72/><D72/><U132/><E132/><V18/><F18/><N who="3" m="8543" /><G73/><T2/><D2/><U78/><REACH who="1" step="1"/><E57/><REACH who="1" ten="299,230,250,211" step="2"/><V29/><F34/><W24/><G24/><T26/><D26/><U16/><E16/><V27/><F27/><W55/><G90/><T96/><D135/><U52/><E52/><V80/><F29/><W114/><G114/><T31/><D56/><U58/><E58/><V75/><F28/><W102/><G102/><T86/><D31/><U125/><E125/><V64/><F103/><W68/><G68/><T37/><D83/><U131/><E131/><V115/><F81/><W87/><G55/><T30/><D30/><U19/><E19/><V7/><F71/><W126/><G126/><T23/><D23/><U63/><E63/><V51/><F70/><W79/><AGARI ba="1,1" hai="40,41,50,54,59,79,82,87" m="8543,41554" machi="79" ten="40,2700,0" yaku="14,1,52,1" doraHai="10,94" who="3" fromWho="3" sc="299,-14,230,-8,250,-8,211,40" /><INIT seed="1,0,0,3,0,40" ten="285,222,242,251" oya="1" hai0="36,103,131,90,85,128,107,8,53,135,37,99,91" hai1="109,113,78,116,100,34,2,6,32,28,7,84,114" hai2="38,108,73,89,70,3,15,52,97,5,120,115,68" hai3="106,118,93,98,95,33,58,83,20,127,64,75,16"/><U44/><E100/><V63/><F120/><W102/><G33/><N who="1" m="12906" /><E84/><V4/><F3/><W66/><G127/><T71/><D71/><U27/><E78/><V22/><F73/><W43/><G118/><T96/><D135/><U1/><E44/><V45/><F38/><W132/><G132/><T51/><D96/><U125/><E116/><V19/><F115/><N who="1" m="44041" /><E125/><V30/><F108/><W47/><G106/><T129/><D8/><U92/><E92/><N who="2" m="56463" /><F70/><W49/><G95/><N who="0" m="54735" /><D91/><U14/><E109/><V55/><F68/><W35/><G35/><T72/><D72/><U41/><E41/><V10/><F63/><W79/><REACH who="3" step="1"/><G58/><AGARI ba="0,0" hai="36,37,51,53,58,99,103,107,128,129,131" m="54735" machi="58" ten="30,1000,0" yaku="19,1" doraHai="40" who="0" fromWho="3" sc="285,10,222,0,242,0,251,-10" /><INIT seed="2,0,0,4,0,131" ten="295,222,242,241" oya="2" hai0="75,52,5,88,77,40,114,45,68,34,24,108,116" hai1="28,16,97,86,25,47,0,102,42,39,104,74,14" hai2="84,127,91,118,73,65,100,59,94,122,134,132,36" hai3="130,113,43,115,78,17,70,135,101,72,26,111,33"/><V76/><F118/><W2/><G130/><T48/><D114/><N who="3" m="43529" /><G111/><T119/><D68/><U38/><E74/><V56/><F122/><W87/><G70/><T20/><D108/><U121/><E121/><V53/><F127/><W41/><G2/><T37/><D34/><U81/><E0/><V92/><F36/><W57/><G72/><T31/><D5/><U103/><E103/><V128/><F128/><W64/><G101/><T123/><D123/><U54/><E54/><V7/><F7/><W124/><G124/><T23/><D75/><U18/><E14/><V66/><F73/><W62/><G135/><N who="2" m="51753" /><F76/><W105/><G105/><T12/><D77/><U1/><E39/><V3/><F3/><W125/><G125/><T27/><D116/><U46/><E46/><V120/><F120/><W9/><G9/><T93/><D119/><U8/><E8/><V30/><F30/><N who="3" m="19671" /><G17/><T69/><D31/><U61/><E1/><V95/><F100/><W50/><G50/><T79/><D79/><U83/><E61/><N who="2" m="35983" /><F59/><W109/><G109/><T112/><D69/><U10/><E10/><V67/><AGARI ba="0,0" hai="65,66,67,84,91,92,94,95" m="35983,51753" machi="67" ten="30,11700,0" yaku="20,1,52,3" doraHai="131" who="2" fromWho="2" sc="295,-39,222,-39,242,117,241,-39" /><INIT seed="2,1,0,1,5,114" ten="256,183,359,202" oya="2" hai0="90,39,50,121,2,123,36,94,21,118,23,45,134" hai1="117,26,0,31,20,115,43,100,58,46,30,124,111" hai2="105,15,48,62,60,19,106,63,95,70,98,85,75" hai3="76,52,49,133,9,66,89,67,110,24,53,80,7"/><V17/><F75/><W1/><G110/><T112/><D112/><U83/><E115/><V61/><F106/><W27/><G133/><T40/><D2/><U103/><E111/><V42/><F105/><W22/><G89/><T97/><D134/><U101/><E124/><V99/><F70/><W122/><G122/><T104/><D104/><U4/><E117/><V109/><F61/><W108/><G108/><T47/><D118/><U29/><E58/><V107/><F107/><W71/><G71/><T86/><D97/><U73/><E4/><V72/><F72/><W128/><G128/><T88/><D90/><U119/><E0/><V116/><F116/><W6/><G6/><T81/><D81/><U79/><REACH who="1" step="1"/><E119/><REACH who="1" ten="256,173,359,202" step="2"/><V10/><F109/><W78/><G1/><T33/><D121/><U64/><E64/><V16/><F15/><N who="3" m="5567" /><G66/><T87/><D123/><U74/><E74/><V82/><F10/><W18/><G67/><T96/><D47/><U34/><E34/><V59/><F59/><N who="3" m="33167" /><G53/><T77/><D33/><U132/><E132/><V91/><F82/><W25/><G80/><T51/><D45/><AGARI ba="1,1" hai="16,17,19,42,45,48,60,62,63,85,91,95,98,99" machi="45" ten="40,3900,0" yaku="8,1,54,1" doraHai="114" who="2" fromWho="0" sc="256,-42,173,0,359,52,202,0" /><INIT seed="2,2,0,5,1,56" ten="214,173,411,202" oya="2" hai0="128,57,76,69,5,29,122,46,107,111,8,89,67" hai1="92,22,100,53,0,14,49,133,124,31,3,109,104" hai2="60,21,44,37,40,9,61,71,135,38,62,119,80" hai3="33,101,106,123,78,51,34,1,25,48,50,112,97"/><V70/><F119/><W65/><G123/><T91/><D122/><U43/><E104/><V2/><F38/><W7/><G112/><T10/><D69/><U98/><E109/><V113/><F113/><W129/><G129/><T110/><D107/><U84/><E133/><V116/><F116/><W121/><G121/><T87/><D128/><U58/><E124/><V41/><F41/><W99/><G78/><T15/><D29/><U127/><E127/><V26/><F80/><W54/><G97/><T66/><D76/><U134/><E134/><V59/><F59/><W35/><G7/><T24/><D24/><U90/><E43/><V20/><F20/><W72/><G1/><T63/><D67/><U132/><E132/><V13/><F2/><W73/><G54/><T75/><D75/><U19/><REACH who="1" step="1"/><E31/><REACH who="1" ten="214,163,411,202" step="2"/><V126/><F126/><W39/><G39/><T27/><D110/><U85/><E85/><V74/><F135/><W131/><G131/><T102/><D111/><U93/><AGARI ba="2,1" hai="0,3,14,19,22,49,53,58,84,90,92,93,98,100" machi="93" ten="20,8000,1" yaku="1,1,0,1,7,1,25,2,53,0" doraHai="56" doraHaiUra="115" who="1" fromWho="1" sc="214,-22,163,96,411,-42,202,-22" /><INIT seed="3,0,0,3,1,30" ten="192,259,369,180" oya="3" hai0="90,101,124,49,128,10,120,123,78,66,129,62,21" hai1="29,1,6,74,99,122,69,107,14,35,83,18,65" hai2="135,102,70,44,98,93,20,59,94,114,87,42,131" hai3="104,109,100,130,80,8,25,134,56,52,118,89,40"/><W126/><G118/><T108/><D108/><U71/><E122/><V54/><F70/><W23/><G109/><T117/><D117/><U39/><E39/><V51/><F135/><W64/><G134/><T61/><D124/><U4/><E18/><V36/><F131/><N who="0" m="50250" /><D101/><N who="1" m="62911" /><E14/><V92/><F114/><W5/><G130/><T75/><D10/><N who="1" m="2319" /><E6/><V45/><F87/><N who="3" m="50407" /><G126/><T48/><D90/><U110/><E65/><V24/><F44/><W81/><G104/><T43/><D21/><U46/><E46/><V86/><F86/><W27/><G100/><T103/><D103/><U67/><E67/><V72/><F72/><W95/><G64/><T82/><D43/><U97/><E97/><V115/><F115/><W125/><G125/><T77/><D77/><N who="1" m="44471" /><E110/><V113/><F113/><W11/><G95/><T85/><D85/><U50/><E50/><N who="0" m="19561" /><D66/><U26/><AGARI ba="0,0" hai="26,29,35,69,71" m="44471,2319,62911" machi="26" ten="30,4000,0" yaku="33,2,52,1" doraHai="30" who="1" fromWho="1" sc="192,-10,259,40,369,-10,180,-20" owari="182,-21.8,299,9.9,359,45.9,160,-34.0" /></mjloggm>