<mjloggm ver="2.3"><GO type="225" lobby="0"/><UN n0="%E3%81%8F%E3%82%89%E3%82%89" n1="%E3%81%82%E3%81%99%E3%81%AB%E3%82%83%E3%82%80" n2="%E7%89%B9%E6%9D%B1%E3%81%AF%E4%B8%96%E7%95%8C%E3%82%92%E6%95%91%E3%81%86" n3="%6D%75%75%73%61%6E%6D%75" dan="16,16,16,16" rate="2177.51,2210.84,2129.48,2099.63" sx="M,F,M,F"/><TAIKYOKU oya="0"/><INIT seed="0,0,0,4,1,134" ten="250,250,250,250" oya="0" hai0="4,6,42,101,87,116,122,68,119,124,33,39,64" hai1="12,91,109,11,7,76,8,32,22,114,73,70,120" hai2="49,23,2,47,93,96,103,43,118,10,83,90,115" hai3="59,106,34,19,25,5,52,110,37,36,60,41,18"/><T98/><D122/><U16/><E70/><V77/><F115/><W45/><G106/><T121/><D121/><U92/><E120/><V127/><F118/><W86/><G110/><T100/><D33/><U99/><E109/><V108/><F108/><W30/><G37/><T61/><D101/><U57/><E114/><V31/><F2/><W105/><G105/><T15/><D87/><U48/><E32/><V81/><F10/><W38/><G38/><T125/><D42/><U14/><E73/><V97/><F127/><N who="0" m="48714" /><D39/><U89/><E76/><V131/><F131/><W1/><G86/><T112/><D112/><U29/><E29/><V88/><F96/><W35/><G34/><T40/><D40/><U26/><E91/><N who="2" m="34859" /><F77/><W117/><G117/><N who="0" m="45131" /><D15/><U130/><E130/><V50/><F81/><W53/><G36/><T123/><D123/><U85/><E85/><V95/><F83/><W44/><G41/><T113/><D113/><U62/><E12/><V54/><F103/><W63/><G35/><T56/><D68/><U51/><REACH who="1" step="1"/><E8/><REACH who="1" ten="250,240,250,250" step="2"/><V78/><F78/><W128/><G128/><T71/><D71/><U102/><E102/><V66/><F97/><W132/><G1/><T65/><D64/><AGARI ba="0,1" hai="7,11,14,16,22,26,48,51,57,62,64,89,92,99" machi="64" ten="30,7700,0" yaku="1,1,7,1,8,1,54,1,53,0" doraHai="134" doraHaiUra="27" who="1" fromWho="0" sc="250,-77,240,87,250,0,250,0" /><INIT seed="1,0,0,2,0,28" ten="173,327,250,250" oya="1" hai0="58,107,79,82,83,111,1,134,24,16,93,116,126" hai1="76,92,20,81,127,90,110,123,44,21,56,100,29" hai2="125,99,41,38,35,50,124,13,115,112,40,52,74" hai3="37,75,42,65,53,96,86,78,10,48,63,57,59"/><U94/><E123/><V14/><F74/><W9/><G75/><T87/><D116/><U62/><E127/><N who="2" m="48715" /><F99/><W43/><G96/><T80/><D126/><U66/><E110/><V55/><F35/><W33/><G33/><T135/><D1/><U104/><E104/><V102/><F102/><W34/><G34/><T95/><D107/><U120/><E120/><V19/><F38/><W17/><G37/><T18/><D111/><U105/><E105/><V49/><F14/><N who="3" m="7375" /><G10/><T60/><D79/><U2/><E2/><V39/><F39/><W67/><G67/><T84/><D24/><U25/><E100/><V36/><F36/><W77/><G77/><T70/><D70/><U114/><E114/><N who="2" m="43563" /><F13/><W108/><G108/><T132/><D60/><U97/><E94/><N who="0" m="35849" /><D58/><U0/><E0/><V88/><F19/><AGARI ba="0,0" hai="16,18,19,80,82,83,84,87,132,134,135" m="35849" machi="19" ten="40,8000,1" yaku="28,2,20,1,54,1" doraHai="28" who="0" fromWho="2" sc="173,80,327,0,250,-80,250,0" /><INIT seed="2,0,0,0,3,68" ten="253,327,170,250" oya="2" hai0="88,45,59,86,55,51,52,7,5,101,21,70,15" hai1="61,125,102,20,6,103,11,83,114,99,74,87,39" hai2="44,8,13,49,2,85,37,92,46,53,3,60,19" hai3="100,50,95,117,14,76,132,32,118,22,113,82,17"/><V109/><F109/><W127/><G132/><T26/><D70/><U48/><E114/><V135/><F135/><W28/><G113/><T65/><D65/><U69/><E39/><V112/><F112/><W16/><G127/><T0/><D0/><U77/><E125/><V25/><F60/><W54/><G32/><T107/><D101/><U58/><E20/><V33/><F92/><W29/><G117/><T4/><D107/><U38/><E38/><V128/><F128/><W93/><G17/><N who="0" m="10431" /><D26/><U124/><E124/><V62/><F62/><W84/><G118/><T79/><D79/><U18/><E18/><V104/><F85/><W122/><G122/><T40/><D59/><U71/><E74/><V121/><F104/><W30/><REACH who="3" step="1"/><G100/><REACH who="3" ten="253,327,170,240" step="2"/><T91/><D91/><U64/><E103/><V126/><F126/><W111/><G111/><T12/><D12/><U27/><E27/><V119/><F119/><W31/><N who="3" m="7168" /><DORA hai="56" /><W78/><G78/><T81/><AGARI ba="0,1" hai="4,5,7,40,45,51,52,55,81,86,88" m="10431" machi="81" ten="30,4000,0" yaku="8,1,54,2" doraHai="68,56" who="0" fromWho="0" sc="253,50,327,-10,170,-20,240,-10" /><INIT seed="3,0,0,2,0,116" ten="303,317,150,230" oya="3" hai0="5,18,102,105,114,35,46,87,13,113,108,52,11" hai1="100,23,133,9,66,121,33,72,28,120,111,3,58" hai2="6,34,99,27,117,56,82,110,54,96,74,77,37" hai3="65,15,126,41,17,40,36,119,49,84,19,62,69"/><W123/><G119/><T88/><D108/><U94/><E111/><V73/><F110/><W103/><G36/><T20/><D35/><U115/><E33/><V75/><F117/><W90/><G126/><T89/><D102/><U24/><E72/><V43/><F6/><W70/><G70/><T130/><D105/><U59/><E59/><V107/><F43/><W12/><G103/><T45/><D130/><U1/><E115/><N who="0" m="44041" /><D52/><U81/><E81/><V91/><F37/><W135/><G135/><T0/><D89/><U129/><E129/><V125/><F125/><W112/><G112/><T122/><D122/><N who="1" m="47211" /><E9/><V31/><F99/><W109/><G109/><T95/><AGARI ba="0,0" hai="0,5,11,13,18,20,45,46,87,88,95" m="44041" machi="95" ten="30,2000,0" yaku="11,1,54,1" doraHai="116" who="0" fromWho="0" sc="303,20,317,-5,150,-5,230,-10" owari="323,42.3,312,11.2,145,-35.5,220,-18.0" /></mjloggm>