<mjloggm ver="2.3"><GO type="225" lobby="0"/><UN n0="%E3%81%A1%E3%82%85%E3%81%86%E3%81%A9%E3%81%8F%E8%B1%A1%E3%81%95%E3%82%93" n1="%E7%89%B9%E6%9D%B1%E3%81%AF%E4%B8%96%E7%95%8C%E3%82%92%E6%95%91%E3%81%86" n2="%E5%A4%96%E5%B7%9D%E7%AB%9C%E6%88%90" n3="%E3%81%A9%E3%82%8F%E3%82%93%E3%81%94" dan="17,16,16,16" rate="2147.34,2170.49,2135.54,2212.39" sx="M,M,M,M"/><TAIKYOKU oya="0"/><INIT seed="0,0,0,4,5,77" ten="250,250,250,250" oya="0" hai0="40,14,115,109,57,7,41,28,89,45,107,42,126" hai1="48,55,51,37,1,111,54,33,16,61,20,113,88" hai2="69,116,112,36,30,103,63,85,93,101,58,125,26" hai3="25,66,62,133,38,67,0,27,99,110,24,74,76"/><T46/><D115/><U56/><E37/><V128/><F112/><W64/><G0/><T119/><D119/><U120/><E113/><V108/><F69/><W100/><G38/><T114/><D114/><U8/><E33/><V129/><F36/><W70/><G110/><T2/><D107/><U92/><E111/><V5/><F5/><W104/><REACH who="3" step="1"/><G133/><REACH who="3" ten="250,250,250,240" step="2"/><T78/><D109/><U29/><E120/><V60/><F108/><W79/><G79/><T9/><D78/><U53/><E29/><V117/><F30/><W106/><G106/><T130/><D28/><U65/><E1/><V87/><F117/><W105/><G105/><T15/><D126/><U134/><E134/><V71/><F125/><W68/><G68/><T6/><D130/><U95/><E8/><V72/><F71/><W75/><G75/><T22/><D2/><U132/><E132/><V91/><F72/><W59/><G59/><T32/><D57/><U98/><REACH who="1" step="1"/><E95/><REACH who="1" ten="250,240,250,240" step="2"/><V3/><F3/><W11/><G11/><T123/><D123/><U13/><AGARI ba="0,2" hai="13,16,20,48,51,53,54,55,56,61,65,88,92,98" machi="13" ten="30,12000,2" yaku="1,1,2,1,0,1,8,1,54,2,53,1" doraHai="77" doraHaiUra="90" who="1" fromWho="1" sc="250,-60,240,140,250,-30,240,-30" /><INIT seed="1,0,0,4,2,50" ten="190,380,220,210" oya="1" hai0="36,35,71,60,34,101,57,29,89,84,39,98,45" hai1="108,59,38,127,95,43,75,110,120,54,33,92,0" hai2="18,12,22,11,132,111,113,31,99,80,62,85,4" hai3="96,52,14,78,119,67,10,117,47,41,87,21,129"/><U70/><E120/><V134/><F111/><N who="1" m="42537" /><E70/><V100/><F62/><W102/><G129/><T7/><D71/><U121/><E121/><V58/><F58/><W25/><G67/><T16/><D7/><U65/><E65/><V82/><F31/><W55/><G78/><T42/><D36/><U9/><E33/><V76/><F80/><W128/><G87/><T13/><D29/><U79/><E127/><V122/><F113/><W88/><G128/><T6/><D6/><N who="1" m="1223" /><E79/><V63/><F63/><W135/><G88/><T30/><D30/><U126/><E75/><V68/><F68/><W125/><G125/><T44/><D44/><N who="1" m="23671" /><E126/><V83/><F122/><W130/><G130/><T5/><D5/><U86/><E86/><V81/><F81/><W53/><G135/><T3/><D3/><U106/><E106/><V26/><REACH who="2" step="1"/><F83/><REACH who="2" ten="190,380,210,210" step="2"/><W104/><G47/><T94/><D57/><U107/><E107/><AGARI ba="0,1" hai="4,11,12,18,22,26,76,82,85,99,100,107,132,134" machi="107" ten="40,8000,1" yaku="1,1,2,1,53,2" doraHai="50" doraHaiUra="131" who="2" fromWho="1" sc="190,0,380,-80,210,90,210,0" /><INIT seed="2,0,0,2,0,0" ten="190,300,300,210" oya="2" hai0="61,80,59,104,123,43,3,13,79,114,71,131,130" hai1="28,128,106,78,7,14,116,53,17,32,10,4,57" hai2="108,96,124,38,21,42,6,107,40,84,113,65,99" hai3="89,119,35,63,85,100,83,25,82,129,91,22,77"/><V94/><F113/><W69/><G129/><N who="0" m="49163" /><D114/><U29/><E128/><V102/><F124/><W92/><G119/><T86/><D123/><U5/><E116/><V44/><F42/><W109/><G109/><T112/><D112/><U49/><E106/><V70/><F84/><W122/><G35/><T60/><D3/><U73/><REACH who="1" step="1"/><E32/><REACH who="1" ten="190,290,300,210" step="2"/><V33/><F33/><W46/><G122/><T16/><D104/><U41/><E41/><V55/><F107/><W52/><G83/><AGARI ba="0,1" hai="4,5,7,10,14,17,28,29,49,53,57,73,78,83" machi="83" ten="40,8000,1" yaku="1,1,52,3,53,0" doraHai="0" doraHaiUra="126" who="1" fromWho="3" sc="190,0,290,90,300,0,210,-80" /><INIT seed="3,0,0,1,2,135" ten="190,380,300,130" oya="3" hai0="22,111,46,110,113,49,56,58,9,81,23,84,24" hai1="97,61,105,89,74,50,2,19,28,120,66,112,90" hai2="78,45,100,4,70,12,34,103,79,71,126,27,116" hai3="130,121,52,122,41,107,69,3,43,42,53,98,48"/><W109/><G3/><T94/><D113/><U80/><E112/><V67/><F67/><W38/><G107/><T54/><D94/><U101/><E2/><V32/><F45/><N who="3" m="23735" /><G98/><T132/><D132/><U16/><E120/><N who="3" m="46186" /><G130/><T125/><D125/><U0/><E0/><V5/><F126/><W10/><G10/><T76/><D9/><U108/><E28/><V47/><F27/><W26/><G26/><T133/><D133/><U86/><E74/><V114/><F12/><W40/><G109/><N who="0" m="41483" /><D22/><U30/><E108/><V11/><F11/><W33/><G33/><T72/><D72/><U18/><E30/><AGARI ba="0,0" hai="23,24,30,46,49,54,56,58,76,81,84" m="41483" machi="30" ten="30,1000,0" yaku="14,1" doraHai="135" who="0" fromWho="1" sc="190,10,380,-10,300,0,130,0" owari="200,-20.0,370,47.0,300,10.0,130,-37.0" /></mjloggm>