<mjloggm ver="2.3"><GO type="225" lobby="0"/><UN n0="%28%EF%BF%A3%E2%96%BD%EF%BF%A3%29%CE%B4%E2%8C%92%E3%83%BB" n1="%E8%A8%88%E7%AE%97%E6%A9%9F%E8%87%AA%E7%84%B6" n2="%6D%75%75%73%61%6E%6D%75" n3="%E7%B4%94%E6%BD%94%E3%83%94%E3%83%A9%E3%83%8B%E3%82%A2" dan="17,17,16,17" rate="2259.24,2185.52,2098.97,2224.11" sx="M,M,F,M"/><TAIKYOKU oya="0"/><INIT seed="0,0,0,4,2,43" ten="250,250,250,250" oya="0" hai0="13,92,12,42,26,64,15,48,129,22,69,112,93" hai1="65,38,36,80,49,55,118,17,108,56,29,51,98" hai2="32,23,128,58,44,19,78,116,89,25,127,102,109" hai3="104,6,61,75,114,113,117,101,99,86,132,10,122"/><T39/><D39/><U79/><E118/><V5/><F116/><W97/><G75/><T34/><D34/><U41/><E108/><V7/><F109/><W94/><G132/><T50/><D112/><U72/><E29/><V119/><F119/><W73/><G73/><T77/><D129/><U1/><E1/><V124/><F128/><W85/><G122/><T95/><D77/><U0/><E0/><V133/><F78/><W53/><G117/><T57/><D69/><U103/><E65/><V33/><F102/><W60/><G86/><T27/><D42/><U123/><E123/><V52/><F89/><W71/><G85/><T135/><D135/><U59/><E17/><V40/><F133/><W120/><G120/><T68/><D68/><U4/><E4/><V2/><F32/><W66/><G53/><T105/><D105/><U9/><E9/><V76/><F33/><W82/><G61/><N who="0" m="37935" /><D27/><U70/><E70/><V45/><F76/><W88/><REACH who="3" step="1"/><G82/><REACH who="3" ten="250,250,250,240" step="2"/><T121/><D121/><U67/><E67/><V84/><F40/><W35/><G35/><T115/><D115/><U24/><E41/><V14/><F84/><W21/><G21/><T90/><D90/><U31/><E36/><V125/><F2/><AGARI ba="0,1" hai="2,6,10,60,66,71,88,94,97,99,101,104,113,114" machi="2" ten="30,3900,0" yaku="1,1,7,1,54,1,53,0" doraHai="43" doraHaiUra="47" who="3" fromWho="2" sc="250,0,250,0,250,-39,240,49" /><INIT seed="1,0,0,1,3,77" ten="250,250,211,289" oya="1" hai0="56,38,39,43,28,91,133,6,108,76,100,24,106" hai1="40,18,110,21,90,72,63,16,34,128,105,87,84" hai2="9,51,79,53,46,127,14,11,101,5,78,129,17" hai3="22,45,10,98,70,52,117,118,29,37,74,60,96"/><U75/><E34/><V61/><F129/><W62/><G74/><T120/><D133/><U31/><E105/><V132/><F127/><W0/><G29/><T71/><D108/><U119/><E119/><N who="3" m="45578" /><G22/><T103/><D71/><U112/><E112/><V116/><F132/><W107/><G107/><T8/><D120/><U15/><E31/><V123/><F116/><W135/><G135/><T19/><D19/><U36/><E128/><V92/><F123/><W131/><G131/><T13/><D91/><U65/><E87/><V33/><F33/><W49/><G37/><T81/><D56/><U67/><E110/><V80/><F61/><N who="3" m="23659" /><G70/><T111/><D111/><U2/><E65/><V7/><F79/><W48/><G49/><T68/><D68/><U126/><E126/><V35/><F35/><W1/><G10/><T69/><D69/><U64/><E64/><V12/><F92/><W20/><G20/><T59/><D59/><U4/><E63/><V85/><F101/><W82/><G82/><T41/><D39/><U115/><E67/><V47/><F46/><W25/><G25/><T130/><D130/><U104/><E104/><V121/><F121/><W23/><G23/><N who="0" m="15391" /><D38/><U58/><E58/><V122/><F122/><W99/><AGARI ba="0,0" hai="0,1,45,48,52,96,98,99" m="23659,45578" machi="99" ten="40,2700,0" yaku="12,1,54,1" doraHai="77" who="3" fromWho="3" sc="250,-7,250,-13,211,-7,289,27" /><INIT seed="2,0,0,3,0,9" ten="243,237,204,316" oya="2" hai0="106,120,15,81,100,64,3,122,124,36,99,87,82" hai1="11,4,105,84,77,70,121,104,112,21,67,117,111" hai2="90,126,26,12,30,110,48,41,1,10,76,97,29" hai3="128,60,32,98,103,20,127,28,92,119,19,134,27"/><V74/><F1/><W49/><G134/><T46/><D3/><U13/><E112/><V31/><F126/><W125/><G128/><T5/><D124/><N who="3" m="47689" /><G49/><T43/><D64/><U17/><E117/><V108/><F74/><W116/><G60/><T69/><D69/><U61/><E111/><N who="2" m="42539" /><F76/><W38/><G38/><T113/><D113/><U115/><E115/><V59/><F90/><W54/><G54/><T95/><D106/><U135/><E135/><V23/><F97/><W2/><G2/><T73/><D73/><U34/><E34/><V86/><F86/><W62/><G62/><T8/><REACH who="0" step="1"/><D82/><REACH who="0" ten="233,237,204,316" step="2"/><U129/><E129/><V114/><F114/><W132/><G132/><T24/><D24/><AGARI ba="0,1" hai="19,20,24,27,28,32,92,98,103,116,119" m="47689" machi="24" ten="30,1000,0" yaku="18,1" doraHai="9" who="3" fromWho="0" sc="233,-10,237,0,204,0,316,20" /><INIT seed="3,0,0,1,4,122" ten="223,237,204,336" oya="3" hai0="11,39,93,12,112,60,132,26,110,76,119,40,65" hai1="115,111,83,113,135,51,57,33,0,4,77,29,106" hai2="97,43,133,89,1,128,99,56,114,78,23,7,41" hai3="123,42,124,48,18,90,84,34,134,125,130,105,129"/><W74/><G74/><T69/><D119/><U87/><E106/><V96/><F114/><W102/><G34/><T45/><D112/><U107/><E107/><V21/><F128/><N who="3" m="49259" /><G134/><T58/><D132/><U94/><E0/><V64/><F133/><W52/><G42/><N who="2" m="15881" /><F1/><W3/><G3/><T22/><D76/><U10/><E10/><V46/><F78/><W47/><G18/><T75/><D75/><U25/><E4/><V55/><F7/><W28/><G28/><T14/><D110/><U70/><E70/><V68/><F68/><W86/><G86/><T35/><D35/><U37/><E37/><V66/><F89/><W95/><G123/><T24/><D69/><U27/><E135/><V38/><F38/><W13/><G13/><T8/><D8/><U36/><E36/><V116/><F116/><W50/><G50/><T127/><D127/><U100/><E115/><V81/><F81/><W126/><G126/><T2/><D2/><U44/><E113/><V72/><F72/><W104/><G104/><T109/><D109/><U32/><E111/><V62/><F46/><W120/><G120/><T117/><D117/><U118/><E44/><V79/><F79/><W121/><G121/><T101/><D11/><U61/><E118/><V30/><F30/><W88/><G90/><T54/><D26/><N who="1" m="9739" /><E29/><V71/><F71/><W15/><G105/><T63/><D101/><U92/><E100/><V17/><F17/><W16/><G102/><T6/><D6/><U53/><E32/><V31/><F31/><W59/><G125/><T82/><D82/><U73/><E83/><RYUUKYOKU ba="0,0" sc="223,-10,237,-10,204,30,336,-10" hai2="21,23,55,56,62,64,66,96,97,99" owari="213,-28.7,227,-17.3,234,3.4,326,42.6" /></mjloggm>