<mjloggm ver="2.3"><GO type="225" lobby="0"/><UN n0="%6A%70%74%77%61%32" n1="%E9%9B%80%E6%A5%B5%E3%81%AE%E3%81%B8" n2="%E3%82%82%E3%81%90%E3%82%89" n3="%61%67%65%48%61" dan="16,16,17,16" rate="2055.34,2107.17,2202.74,2064.74" sx="M,M,M,M"/><TAIKYOKU oya="0"/><INIT seed="0,0,0,0,2,134" ten="250,250,250,250" oya="0" hai0="85,39,46,93,18,21,80,77,96,83,57,51,8" hai1="28,56,66,81,63,82,115,108,79,24,42,73,118" hai2="59,75,126,6,90,131,109,124,64,84,130,52,133" hai3="127,2,12,1,95,62,125,78,19,65,68,123,113"/><T36/><D8/><U135/><E108/><V128/><F75/><W102/><G113/><T92/><D57/><U48/><E135/><V55/><F109/><W13/><G123/><T37/><D80/><U121/><E121/><V4/><F133/><W132/><G132/><T60/><D60/><U44/><E115/><V11/><F11/><W27/><G27/><T110/><D110/><U29/><E118/><V38/><F38/><W120/><G120/><T45/><D96/><U41/><E41/><V50/><F55/><W61/><G61/><T129/><D129/><U25/><E25/><V112/><F64/><W91/><G78/><T35/><D35/><U0/><E0/><V100/><F100/><W111/><G102/><T106/><D106/><U104/><E104/><V94/><F112/><W98/><G12/><T114/><D114/><U10/><E10/><V17/><F17/><W105/><G105/><T71/><D71/><U26/><E26/><V107/><F107/><W3/><REACH who="3" step="1"/><G111/><REACH who="3" ten="250,250,250,240" step="2"/><T31/><D31/><U103/><E103/><V76/><F76/><W7/><G7/><AGARI ba="0,1" hai="4,6,7,50,52,59,84,90,94,124,126,128,130,131" machi="7" ten="50,8000,1" yaku="19,1,52,2,54,1" doraHai="134" who="2" fromWho="3" sc="250,0,250,0,250,90,240,-80" /><INIT seed="1,0,0,1,4,16" ten="250,250,340,160" oya="1" hai0="86,103,7,92,35,125,25,87,41,61,84,42,91" hai1="88,62,99,63,31,102,0,101,36,112,38,117,12" hai2="89,9,50,133,6,104,58,71,110,13,8,94,48" hai3="74,46,65,127,120,54,14,33,52,39,20,11,3"/><U80/><E0/><V24/><F71/><W79/><G33/><T90/><D125/><U57/><E112/><V135/><F104/><W114/><G114/><T56/><D7/><U73/><E117/><V96/><F110/><W19/><G120/><T18/><D103/><U66/><E31/><V95/><F24/><W116/><G116/><T76/><D76/><U97/><E73/><V72/><F72/><W2/><G65/><T40/><D90/><U68/><E12/><V37/><F37/><W44/><G127/><T122/><D122/><U45/><E45/><V32/><F32/><W118/><G118/><T10/><D35/><U124/><E124/><V123/><F123/><W21/><G2/><T30/><D30/><U67/><E80/><V78/><F78/><W82/><G46/><T26/><D10/><U93/><REACH who="1" step="1"/><E102/><REACH who="1" ten="250,240,340,160" step="2"/><V49/><F133/><W55/><REACH who="3" step="1"/><G3/><REACH who="3" ten="250,240,340,150" step="2"/><T83/><D83/><U47/><E47/><V119/><F119/><W60/><G60/><T69/><D25/><U17/><E17/><V105/><F13/><W4/><G4/><T59/><D26/><U77/><E77/><V29/><F6/><W111/><G111/><T134/><D18/><U81/><E81/><V70/><F29/><W27/><G27/><T132/><D134/><U51/><E51/><V75/><F135/><W121/><G121/><T126/><D132/><U107/><AGARI ba="0,2" hai="36,38,57,62,63,66,67,68,88,93,97,99,101,107" machi="107" ten="20,7800,0" yaku="1,1,0,1,7,1,54,1,53,0" doraHai="16" doraHaiUra="43" who="1" fromWho="1" sc="250,-26,240,98,340,-26,150,-26" /><INIT seed="1,1,0,3,5,87" ten="224,338,314,124" oya="1" hai0="108,36,120,45,79,49,68,104,66,123,128,12,89" hai1="63,1,135,64,34,60,21,105,51,46,24,110,23" hai2="82,100,47,106,75,67,22,88,6,90,126,132,31" hai3="127,30,20,44,102,16,83,117,28,97,25,81,19"/><U111/><E1/><V94/><F126/><W54/><G127/><T71/><D108/><N who="1" m="41515" /><E105/><V11/><F132/><W26/><G117/><T85/><D128/><U73/><E73/><V40/><F67/><W17/><G44/><T96/><D36/><U15/><E135/><V3/><F106/><W99/><G54/><T121/><D79/><U107/><E107/><V77/><F100/><W92/><REACH who="3" step="1"/><G97/><REACH who="3" ten="224,338,314,114" step="2"/><T43/><D66/><U76/><E64/><V98/><F98/><W53/><G53/><T86/><D12/><U2/><E46/><V80/><F47/><W37/><G37/><T42/><D42/><U59/><E15/><V38/><F38/><W118/><G118/><T131/><D131/><U32/><E2/><V93/><F40/><W7/><G7/><T84/><D104/><U58/><E24/><V48/><F6/><W50/><G50/><T72/><D72/><U113/><E51/><V91/><F3/><W78/><G78/><T109/><D109/><U69/><E113/><V114/><F77/><W52/><G52/><T95/><AGARI ba="1,1" hai="43,45,49,68,71,84,85,86,89,95,96,120,121,123" machi="95" ten="40,5200,0" yaku="0,1,13,1,52,1" doraHai="87" who="0" fromWho="0" sc="224,65,338,-27,314,-14,114,-14" /><INIT seed="2,0,0,2,2,71" ten="289,311,300,100" oya="2" hai0="96,1,89,50,45,128,133,121,39,73,16,59,57" hai1="108,19,42,35,7,119,78,4,84,120,36,130,126" hai2="30,12,74,99,10,92,53,95,15,66,116,105,123" hai3="22,60,104,82,85,27,54,91,52,0,17,20,33"/><V41/><F123/><W40/><G104/><T5/><D121/><U58/><E120/><V29/><F116/><W2/><G33/><T28/><D133/><U3/><E119/><V47/><F74/><W97/><G40/><T65/><D128/><U81/><E130/><V38/><F66/><W129/><G129/><T75/><D28/><U32/><E126/><V83/><F83/><W63/><G97/><T9/><D39/><U6/><E108/><V102/><F53/><W44/><G44/><T131/><D131/><U90/><E3/><V26/><F29/><W69/><G69/><T109/><D109/><U93/><E19/><V112/><F112/><W49/><G0/><T122/><D122/><U132/><E58/><V21/><REACH who="2" step="1"/><F15/><REACH who="2" ten="289,311,290,100" step="2"/><W25/><G2/><T62/><D75/><U48/><E132/><V103/><F103/><W34/><G34/><T23/><D73/><U117/><E117/><V37/><F37/><W107/><G54/><T87/><D65/><U13/><E36/><V68/><F68/><W88/><G91/><T134/><D134/><U94/><E13/><V118/><F118/><W11/><G11/><T111/><D111/><U61/><E90/><V72/><F72/><W113/><G113/><T110/><D110/><U64/><E32/><V115/><F115/><W106/><G106/><T8/><D8/><U86/><E35/><V51/><F51/><W67/><G107/><T56/><D89/><N who="1" m="53415" /><E48/><V125/><F125/><W79/><G67/><T114/><D50/><U24/><E64/><V76/><F76/><W100/><G79/><T127/><D114/><RYUUKYOKU ba="0,1" sc="289,-10,311,-10,290,30,100,-10" hai2="10,12,21,26,30,38,41,47,92,95,99,102,105" /><INIT seed="2,1,1,3,1,122" ten="279,301,320,90" oya="2" hai0="41,121,79,21,0,104,34,64,29,19,106,59,107" hai1="134,36,49,83,135,132,124,45,67,85,115,22,70" hai2="8,112,52,100,90,60,91,62,55,57,108,82,25" hai3="111,80,14,13,75,98,110,89,47,50,5,43,30"/><V15/><F112/><W84/><G75/><T86/><D121/><U56/><E115/><V12/><F100/><W53/><G5/><T7/><D29/><U69/><E36/><V6/><F108/><N who="3" m="41515" /><G30/><T39/><D34/><U37/><E37/><V17/><F25/><W126/><G126/><T117/><D117/><U81/><E22/><N who="2" m="11559" /><F82/><W78/><G43/><T2/><D41/><N who="1" m="24751" /><E124/><V35/><F35/><W38/><G38/><T11/><D39/><U87/><E81/><V130/><F130/><W18/><G18/><T4/><D79/><N who="1" m="46335" /><E87/><V119/><F119/><W103/><G78/><T48/><D86/><U66/><E56/><AGARI ba="1,1" hai="6,8,15,52,55,56,57,60,62,90,91" m="11559" machi="56" ten="30,2900,0" yaku="8,1,54,1" doraHai="122" who="2" fromWho="1" sc="279,0,301,-32,320,42,90,0" /><INIT seed="2,2,0,0,0,66" ten="279,269,362,90" oya="2" hai0="100,82,38,98,18,94,27,13,68,46,32,0,72" hai1="65,96,90,76,107,67,10,132,16,126,35,49,79" hai2="128,1,60,87,21,85,39,25,106,50,105,37,54" hai3="9,33,52,112,111,92,41,56,57,113,14,114,121"/><V95/><F1/><W71/><G121/><T30/><D0/><U24/><E126/><V131/><F60/><W91/><G33/><T22/><D68/><U102/><E132/><V20/><F50/><W134/><G41/><T133/><D133/><U12/><E90/><V7/><F7/><W101/><G134/><T64/><D64/><U86/><E49/><V124/><F95/><W4/><G111/><T78/><REACH who="0" step="1"/><D46/><REACH who="0" ten="269,269,362,90" step="2"/><U115/><E65/><V74/><F124/><W17/><G71/><T23/><D23/><U55/><E67/><V130/><F20/><W5/><G101/><T135/><D135/><U104/><E102/><V122/><F21/><W84/><REACH who="3" step="1"/><G56/><REACH who="3" ten="269,269,362,80" step="2"/><T70/><D70/><U88/><E115/><V93/><F128/><W40/><G40/><T61/><D61/><AGARI ba="2,2" hai="4,5,9,14,17,52,57,61,84,91,92,112,113,114" machi="61" ten="40,5200,0" yaku="1,1,11,1,54,1,53,0" doraHai="66" doraHaiUra="29" who="3" fromWho="0" sc="269,-58,269,0,362,0,80,78" /><INIT seed="3,0,0,2,1,80" ten="211,269,362,158" oya="3" hai0="3,0,56,71,33,41,69,53,87,2,61,48,118" hai1="88,86,75,39,17,112,26,93,107,84,12,62,77" hai2="8,133,59,115,43,117,73,52,109,82,110,58,76" hai3="94,30,79,123,13,100,36,119,104,55,44,29,63"/><W129/><G119/><T65/><D118/><U42/><E112/><V78/><F115/><W67/><G123/><T7/><D33/><U98/><E107/><V121/><F117/><W16/><G104/><T130/><D130/><U68/><E75/><V106/><F106/><W113/><G113/><T108/><D108/><N who="2" m="41578" /><F121/><W120/><G120/><T19/><D19/><U15/><E39/><V5/><F133/><W124/><G124/><T91/><D41/><U114/><E42/><V111/><F111/><W45/><G79/><T9/><REACH who="0" step="1"/><D71/><REACH who="0" ten="201,269,362,158" step="2"/><U134/><E68/><V127/><F43/><W22/><G129/><T96/><D96/><U46/><E98/><V50/><F127/><W66/><G36/><T32/><D32/><U25/><E17/><V47/><F76/><W10/><G13/><AGARI ba="0,1" hai="5,8,13,47,50,52,58,59,73,78,82" m="41578" machi="13" ten="30,2000,0" yaku="14,1,54,1" doraHai="80" who="2" fromWho="3" sc="201,0,269,0,362,30,158,-20" owari="201,-19.9,269,6.9,392,49.2,138,-36.2" /></mjloggm>