<mjloggm ver="2.3"><GO type="225" lobby="0"/><UN n0="%E6%80%AA%E3%81%97%E3%81%99%E3%81%8E%E3%82%8B%E3%83%81%E3%83%BC" n1="%E9%80%9F%E6%B0%B4%E5%87%9B%E9%A6%99" n2="%E3%83%9E%E3%82%AB%E3%83%92%E3%82%AD" n3="%E3%81%9F%E3%81%93%E2%98%86%E7%84%BC%E3%81%8D" dan="16,16,16,16" rate="2063.48,2139.22,2111.65,2078.60" sx="M,F,M,M"/><TAIKYOKU oya="0"/><INIT seed="0,0,0,3,3,88" ten="250,250,250,250" oya="0" hai0="104,36,57,132,14,92,52,100,6,105,63,28,11" hai1="129,67,55,53,106,135,119,45,73,58,79,29,21" hai2="1,91,74,42,111,120,107,121,85,110,32,9,116" hai3="0,76,125,20,127,95,62,61,99,19,86,126,87"/><T72/><D72/><U15/><E106/><V94/><F42/><W10/><G0/><T77/><D132/><U83/><E119/><V49/><F32/><W40/><G10/><T133/><D133/><U131/><E135/><V8/><F49/><W109/><G40/><T130/><D130/><U68/><E68/><V113/><F9/><W96/><G96/><T17/><D77/><U118/><E118/><V33/><F33/><W124/><G109/><N who="2" m="41481" /><F8/><W30/><G30/><T34/><D36/><U43/><E67/><V123/><F1/><W122/><G122/><T60/><D60/><N who="3" m="23145" /><G76/><T7/><D104/><U39/><E58/><V66/><F66/><W112/><G112/><T80/><D80/><U98/><E98/><V64/><F64/><W103/><N who="3" m="31744" /><DORA hai="93" /><W90/><G90/><T23/><D105/><U59/><E59/><V48/><F48/><W25/><AGARI ba="0,0" hai="19,20,25,86,87,95,99,103" m="31744,23145" machi="25" ten="60,7900,0" yaku="18,1,52,2" doraHai="88,93" who="3" fromWho="3" sc="250,-39,250,-20,250,-20,250,79" /><INIT seed="1,0,0,3,5,45" ten="211,230,230,329" oya="1" hai0="7,27,78,38,30,61,108,16,104,29,86,4,85" hai1="18,116,56,3,62,14,66,90,113,11,51,72,114" hai2="79,92,57,63,46,53,31,103,74,120,6,36,23" hai3="96,41,131,70,84,110,89,87,80,21,5,17,134"/><U48/><E72/><V101/><F120/><W112/><G70/><T40/><D104/><U123/><E116/><V100/><F6/><N who="0" m="2090" /><D38/><U109/><E3/><V44/><F74/><W91/><G5/><T69/><D69/><U37/><E37/><V97/><F79/><W117/><G110/><T34/><D34/><U39/><E39/><V111/><F111/><W76/><G41/><T124/><D108/><U126/><E123/><V35/><F35/><W77/><G131/><T73/><D73/><U55/><E109/><V24/><REACH who="2" step="1"/><F36/><REACH who="2" ten="211,230,220,329" step="2"/><W93/><G134/><T106/><D78/><U130/><E114/><V43/><F43/><W67/><G67/><T95/><D40/><U42/><E113/><V107/><F107/><W133/><G117/><T32/><D106/><U12/><E130/><V125/><F125/><W65/><G65/><T26/><D32/><U15/><E126/><V54/><F54/><W68/><G133/><T1/><D124/><U52/><E42/><V33/><F33/><W122/><G68/><T82/><D1/><U81/><E66/><V118/><F118/><W83/><G122/><T58/><D29/><U59/><E62/><V99/><F99/><W75/><G112/><T9/><D30/><U10/><E18/><V22/><F22/><W119/><G119/><T115/><D115/><U2/><E2/><V50/><F50/><W135/><G135/><T64/><D86/><AGARI ba="0,1" hai="10,11,12,14,15,48,51,52,55,56,59,81,86,90" machi="86" ten="40,12000,1" yaku="9,1,8,1,52,2,54,1" doraHai="45" who="1" fromWho="0" sc="211,-120,230,130,220,0,329,0" /><INIT seed="1,1,0,5,3,2" ten="91,360,220,329" oya="1" hai0="105,113,134,69,109,26,15,48,40,122,42,1,21" hai1="36,23,22,39,27,101,107,111,9,106,14,71,24" hai2="82,85,118,116,20,55,31,79,129,110,64,45,73" hai3="78,83,51,5,103,35,12,108,13,28,63,6,117"/><U99/><E71/><V10/><F110/><W95/><G35/><T59/><D1/><U4/><E107/><V18/><F129/><W80/><G28/><T46/><D113/><U90/><E111/><V88/><F64/><W112/><G112/><T66/><D69/><U133/><E133/><V41/><F31/><W61/><G51/><T119/><D105/><U65/><E65/><V130/><F130/><W128/><G128/><T84/><D119/><U86/><E23/><V60/><F60/><N who="3" m="23115" /><G117/><T67/><D109/><U56/><E56/><V11/><F55/><W102/><G95/><T33/><D33/><U81/><REACH who="1" step="1"/><E27/><REACH who="1" ten="91,350,220,329" step="2"/><V0/><F118/><W127/><G108/><T77/><D134/><U34/><E34/><V96/><F116/><W68/><G68/><T72/><D59/><U47/><E47/><V54/><F45/><W44/><G44/><T115/><D67/><U91/><E91/><V38/><F20/><W97/><G78/><T98/><D66/><U121/><E121/><V43/><F88/><W17/><G103/><T125/><D122/><U104/><E104/><V120/><F79/><W29/><G102/><T50/><D26/><U75/><E75/><V135/><F73/><W57/><G57/><T89/><D115/><U3/><E3/><V32/><F135/><W132/><G132/><T92/><D72/><U7/><E7/><V62/><F0/><W37/><G5/><T53/><D77/><U30/><AGARI ba="1,1" hai="4,9,14,22,24,30,36,39,81,86,90,99,101,106" machi="30" ten="20,12000,1" yaku="1,1,0,1,7,1,52,1,53,1" doraHai="2" doraHaiUra="93" who="1" fromWho="1" sc="91,-41,350,133,220,-41,329,-41" /><INIT seed="1,2,0,2,2,63" ten="50,483,179,288" oya="1" hai0="0,14,37,133,65,108,8,112,59,19,25,121,3" hai1="46,20,29,129,128,11,107,92,55,123,15,99,60" hai2="126,114,24,68,22,80,5,106,102,30,122,72,31" hai3="21,61,64,91,33,28,115,56,82,104,116,58,42"/><U45/><E123/><V67/><F126/><W77/><G104/><T79/><D112/><U96/><E107/><V71/><F122/><W62/><G33/><T34/><D121/><U95/><E29/><V124/><F124/><W101/><G101/><T39/><D108/><U109/><E20/><V81/><F5/><W57/><G115/><T85/><D133/><U86/><E86/><V7/><F7/><W73/><G42/><T132/><D132/><U117/><E117/><V49/><F49/><W23/><G28/><T2/><D34/><U54/><E60/><V12/><F12/><W26/><G26/><T118/><D25/><U83/><E83/><V111/><F31/><W105/><G105/><T40/><D40/><U90/><E109/><V4/><F4/><W38/><G38/><T120/><D118/><U125/><E15/><V98/><F111/><W52/><G116/><T130/><D130/><U93/><E11/><V89/><F114/><W131/><G131/><N who="1" m="50250" /><E90/><V18/><F89/><W27/><G27/><T50/><D120/><U66/><E66/><V75/><F67/><W135/><G91/><T16/><D19/><U17/><E17/><V134/><F134/><W10/><G10/><T74/><D74/><N who="2" m="28202" /><F30/><W43/><G43/><T1/><N who="0" m="0" /><DORA hai="103" /><T113/><D113/><U110/><E110/><V9/><F9/><W119/><G119/><T78/><D65/><U87/><E125/><V44/><F81/><W69/><G135/><T94/><D79/><U48/><E87/><V97/><F80/><W84/><G73/><T70/><D85/><U76/><E76/><RYUUKYOKU ba="2,0" sc="50,-15,483,15,179,-15,288,15" hai1="45,46,48,54,55,92,93,95,96,99" hai3="21,23,52,56,57,58,61,62,64,69,77,82,84" /><INIT seed="1,3,0,3,0,94" ten="35,498,164,303" oya="1" hai0="45,13,18,135,81,59,64,133,17,78,33,62,51" hai1="99,27,24,30,92,54,61,134,74,58,75,12,66" hai2="39,90,88,76,113,127,122,123,107,56,4,118,63" hai3="106,126,67,40,52,35,114,119,21,83,2,120,100"/><U23/><E134/><N who="0" m="51209" /><D33/><U37/><E37/><V85/><F39/><W3/><G40/><N who="0" m="24999" /><D13/><U28/><E12/><V93/><F118/><W55/><G67/><T112/><D112/><U69/><E69/><V9/><F107/><W7/><G120/><T125/><D125/><U116/><E116/><V115/><F127/><W98/><G35/><T38/><D38/><U50/><E50/><V103/><F103/><W111/><G111/><T41/><D41/><U16/><E66/><V109/><F109/><W70/><G70/><T43/><D43/><U26/><E26/><V22/><F22/><W48/><G55/><T14/><D14/><U110/><E110/><V89/><F76/><W15/><G114/><N who="2" m="43529" /><F123/><W124/><G119/><T60/><D60/><U117/><E117/><V96/><F85/><AGARI ba="3,0" hai="17,18,59,62,64,78,81,85" m="24999,51209" machi="85" ten="30,1000,0" yaku="20,1" doraHai="94" who="0" fromWho="2" sc="35,19,498,0,164,-19,303,0" /><INIT seed="2,0,0,2,4,41" ten="54,498,145,303" oya="2" hai0="98,38,69,119,4,20,104,15,86,129,66,46,103" hai1="108,53,67,94,125,5,8,32,1,109,113,118,40" hai2="19,107,112,101,116,57,89,7,71,110,50,27,90" hai3="58,122,133,63,39,14,43,52,134,29,48,44,128"/><V51/><F112/><W64/><G29/><T62/><D129/><U100/><E118/><V114/><F114/><W68/><G14/><T81/><D119/><U117/><E32/><V30/><F71/><W37/><G128/><T84/><D81/><U124/><E67/><V121/><F121/><W60/><G122/><T13/><D13/><U72/><E72/><V35/><F7/><W55/><G63/><T26/><D15/><U36/><E53/><V31/><F116/><W42/><G55/><T33/><D4/><U82/><E82/><V97/><F110/><W22/><G22/><T18/><REACH who="0" step="1"/><D33/><REACH who="0" ten="44,498,145,303" step="2"/><U11/><E5/><V25/><F19/><W96/><G134/><T47/><D47/><U79/><E117/><V115/><F115/><W132/><G96/><T77/><D77/><U28/><E79/><V92/><F57/><W120/><G120/><T95/><D95/><U61/><E94/><V6/><F6/><W12/><G12/><T49/><D49/><U73/><E113/><V10/><F10/><W70/><G70/><T21/><D21/><U0/><E11/><V59/><F59/><W17/><G17/><T131/><D131/><U85/><E8/><V56/><F56/><W106/><G106/><T126/><D126/><U87/><E124/><V135/><F135/><W123/><G123/><T105/><D105/><U91/><E125/><V9/><F9/><W24/><G24/><T88/><D88/><N who="2" m="33898" /><F107/><W130/><G130/><T102/><D102/><U75/><E100/><V16/><F16/><W74/><G74/><T54/><D54/><U45/><E73/><RYUUKYOKU ba="0,1" sc="44,10,498,-30,145,10,303,10" hai0="18,20,26,38,46,62,66,69,84,86,98,103,104" hai2="25,27,30,31,35,50,51,92,97,101" hai3="37,39,42,43,44,48,52,58,60,64,68,132,133" /><INIT seed="2,1,1,3,5,121" ten="54,468,155,313" oya="2" hai0="37,30,58,13,75,43,128,60,133,98,129,111,86" hai1="63,61,4,47,126,122,15,22,101,134,120,6,103" hai2="66,96,2,124,89,82,36,35,54,16,125,25,33" hai3="99,53,39,46,132,87,70,112,29,48,77,27,24"/><V95/><F2/><W71/><G132/><T118/><D75/><U50/><E134/><V34/><F36/><W80/><G112/><T11/><D133/><U10/><E126/><N who="2" m="48747" /><F66/><W9/><G27/><T59/><D59/><U88/><E4/><V94/><F54/><W92/><G9/><T51/><D51/><U56/><BYE who="0" /><E122/><V135/><F135/><W85/><G87/><T93/><D93/><U69/><E69/><V102/><F82/><W108/><G108/><T42/><D42/><U14/><E120/><V1/><F1/><W106/><G106/><T7/><D7/><U130/><E56/><V8/><BYE who="1" /><F8/><W28/><G28/><UN n1="%E9%80%9F%E6%B0%B4%E5%87%9B%E9%A6%99" /><T73/><D73/><U127/><E127/><V81/><F81/><W113/><G113/><T32/><D32/><U31/><E10/><V45/><F45/><W119/><G119/><T104/><D104/><U97/><E47/><V68/><F68/><W115/><G39/><T57/><D57/><U12/><E6/><V55/><F55/><W100/><G115/><T40/><D40/><U18/><E22/><AGARI ba="1,1" hai="22,24,29,46,48,53,70,71,77,80,85,92,99,100" machi="22" ten="30,1000,0" yaku="7,1" doraHai="121" who="3" fromWho="1" sc="54,0,468,-13,155,0,313,23" /><INIT seed="3,0,0,1,4,118" ten="54,455,155,336" oya="3" hai0="7,78,89,61,0,63,36,70,83,60,52,42,17" hai1="6,93,92,43,41,48,31,67,72,59,86,79,111" hai2="45,108,97,68,30,98,44,107,135,101,25,5,115" hai3="133,28,106,116,27,103,40,53,129,127,114,15,113"/><W14/><G40/><N who="1" m="15434" /><E72/><UN n0="%E6%80%AA%E3%81%97%E3%81%99%E3%81%8E%E3%82%8B%E3%83%81%E3%83%BC" /><V35/><F108/><W82/><G116/><T105/><D105/><U80/><E111/><V73/><F115/><W39/><G39/><T2/><D70/><U84/><E6/><V18/><F135/><W22/><G133/><T121/><D121/><U16/><E31/><V66/><F73/><W56/><G129/><T64/><D64/><U12/><E86/><V20/><F5/><W117/><G117/><T109/><D109/><U54/><E67/><V104/><F98/><W74/><G127/><T32/><D32/><U55/><E55/><V34/><F107/><W122/><G122/><T125/><D125/><U95/><E95/><V94/><F94/><W62/><G114/><T81/><D42/><U58/><E58/><V49/><F49/><W131/><G131/><T11/><D36/><U76/><E76/><V65/><F65/><W4/><G4/><T100/><D2/><U37/><E37/><V88/><F88/><W71/><G71/><T57/><D89/><U69/><E69/><V90/><F90/><W10/><G10/><AGARI ba="0,0" hai="10,12,16,48,54,59,79,80,84,92,93" m="15434" machi="10" ten="30,2000,0" yaku="8,1,54,1" doraHai="118" who="1" fromWho="3" sc="54,0,455,20,155,0,336,-20" owari="54,-44.6,475,57.5,155,-24.5,316,11.6" /></mjloggm>