<mjloggm ver="2.3"><GO type="225" lobby="0"/><UN n0="%E6%98%93%E5%88%A9%E8%96%A9%E4%BC%AF" n1="%E6%A1%9C%E8%8A%B1%E9%96%83%E3%80%85" n2="%E7%B4%94%E6%BD%94%E3%83%94%E3%83%A9%E3%83%8B%E3%82%A2" n3="%E5%8D%A0%E3%81%84%E5%B8%AB%E8%A3%8F%E3%81%AA%E3%81%84%E3%81%97" dan="16,16,16,17" rate="2065.32,2144.77,2122.37,2166.33" sx="F,M,M,M"/><TAIKYOKU oya="0"/><INIT seed="0,0,0,4,5,69" ten="250,250,250,250" oya="0" hai0="95,104,3,118,105,18,47,23,24,129,38,39,43" hai1="124,58,26,77,46,14,61,36,107,32,79,17,53" hai2="84,128,51,64,28,91,27,123,35,106,96,100,125" hai3="87,131,132,11,74,88,121,110,12,82,68,7,81"/><T63/><D118/><U92/><E107/><V102/><F123/><W31/><G110/><T37/><D129/><U19/><E124/><V120/><F125/><W72/><G131/><T55/><D3/><U114/><E114/><V122/><F128/><W98/><G132/><T41/><D95/><U70/><E70/><V48/><F102/><W111/><G111/><T57/><REACH who="0" step="1"/><D43/><REACH who="0" ten="240,250,250,250" step="2"/><U50/><E92/><V22/><F120/><W21/><G121/><T56/><D56/><U66/><E32/><V78/><F122/><W85/><G68/><T71/><D71/><U4/><E4/><V119/><F119/><W44/><G44/><T25/><D25/><U117/><E117/><V83/><F35/><W0/><G98/><T60/><D60/><U54/><E26/><V115/><F115/><W33/><G33/><T127/><D127/><U94/><E94/><V112/><F112/><W5/><G7/><T59/><D59/><U10/><E58/><V42/><F42/><W134/><G134/><T133/><D133/><U34/><E46/><V15/><F15/><W1/><G1/><T135/><D135/><U40/><E40/><V103/><F103/><W52/><G0/><T20/><D20/><U2/><E34/><V29/><F64/><W8/><G8/><T16/><D16/><N who="1" m="6219" /><E2/><V76/><F29/><W101/><G101/><T13/><D13/><U97/><E66/><V109/><F109/><W6/><G6/><T65/><D65/><U49/><E14/><V45/><F45/><W130/><G130/><T30/><D30/><U99/><E10/><V75/><F27/><RYUUKYOKU ba="0,1" sc="240,30,250,-10,250,-10,250,-10" hai0="18,23,24,37,38,39,41,47,55,57,63,104,105" /><INIT seed="0,1,1,5,5,100" ten="270,240,240,240" oya="0" hai0="10,107,117,77,15,5,71,85,32,19,75,129,131" hai1="63,9,86,4,92,1,111,120,28,74,132,33,78" hai2="103,46,82,57,88,133,30,53,59,54,125,56,112" hai3="16,105,38,110,116,29,23,60,76,72,102,122,115"/><T99/><D71/><U12/><E120/><V36/><F112/><W58/><G115/><T65/><D65/><U31/><E111/><V64/><F125/><W35/><G116/><T83/><D32/><U68/><E132/><V109/><F133/><W101/><G110/><T34/><D34/><U98/><E74/><V43/><F109/><W95/><G38/><T14/><D117/><U87/><E1/><V47/><F30/><N who="1" m="11305" /><E68/><V130/><F130/><W40/><G40/><T0/><D75/><U7/><E33/><V55/><F103/><W126/><G126/><T25/><D99/><U26/><E26/><V22/><F22/><W20/><G35/><T80/><D80/><N who="1" m="47383" /><E63/><N who="2" m="37991" /><F88/><W44/><G105/><T6/><D107/><U90/><E98/><V134/><F82/><W135/><G135/><T121/><D121/><U13/><E13/><V118/><F118/><W79/><G122/><T96/><D96/><U11/><E11/><V41/><F134/><W2/><G2/><T42/><D6/><AGARI ba="1,1" hai="4,6,7,9,12,87,90,92" m="47383,11305" machi="6" ten="30,1000,0" yaku="8,1" doraHai="100" who="1" fromWho="0" sc="270,-13,240,23,240,0,240,0" /><INIT seed="1,0,0,4,1,47" ten="257,263,240,240" oya="1" hai0="93,46,70,6,83,7,52,10,105,31,87,85,27" hai1="126,134,81,2,101,39,8,74,88,97,3,48,80" hai2="25,71,19,106,132,107,51,4,133,121,57,14,125" hai3="33,24,65,42,12,9,90,73,122,1,63,49,54"/><U72/><E39/><V103/><F71/><W17/><G73/><T112/><D105/><U67/><E67/><V41/><F121/><W120/><G42/><T26/><D70/><U109/><E126/><V95/><F125/><W113/><G113/><T124/><D112/><U100/><E134/><N who="2" m="51819" /><F25/><W110/><G110/><T38/><D38/><U29/><E29/><V131/><F4/><W76/><G76/><T94/><D124/><U84/><E109/><V36/><F36/><W56/><G1/><T118/><D87/><U92/><E2/><V89/><F103/><N who="1" m="39497" /><E8/><N who="2" m="6599" /><F131/><W32/><G32/><T82/><D82/><N who="1" m="31851" /><E3/><V77/><F77/><W23/><G33/><T115/><D115/><U11/><E48/><V40/><F40/><W61/><G90/><T0/><D7/><U21/><E21/><V18/><F18/><W78/><G78/><T66/><D66/><U130/><E11/><V13/><F13/><W135/><G135/><T123/><D27/><U60/><E60/><V16/><F16/><W35/><G35/><T62/><D123/><U64/><E64/><V30/><F30/><W86/><G63/><T108/><D108/><U44/><E130/><V114/><F114/><W128/><G128/><T91/><D62/><U104/><E44/><N who="2" m="25999" /><F57/><W116/><G116/><T127/><D127/><U22/><E22/><V129/><F129/><W5/><REACH who="3" step="1"/><G86/><AGARI ba="0,0" hai="86,89,95,106,107" m="25999,6599,51819" machi="86" ten="30,2000,0" yaku="20,1,52,1" doraHai="47" who="2" fromWho="3" sc="257,0,263,0,240,20,240,-20" /><INIT seed="2,0,0,5,2,16" ten="257,263,260,220" oya="2" hai0="15,120,11,81,116,103,121,41,63,109,30,48,37" hai1="25,126,93,135,0,85,28,115,64,61,50,36,75" hai2="80,31,60,114,73,84,105,12,18,72,82,6,112" hai3="79,19,58,45,118,13,70,122,35,52,104,92,51"/><V66/><F105/><W26/><G118/><T46/><D116/><U34/><E115/><V111/><F31/><W94/><G70/><T133/><D109/><U95/><E36/><V88/><F6/><W97/><G122/><T54/><D133/><U127/><E75/><V129/><F129/><W3/><G3/><T101/><D63/><U14/><E0/><V102/><F102/><W32/><G79/><T29/><D120/><U17/><E50/><V128/><F128/><W44/><G104/><T42/><D121/><U7/><E7/><V65/><F111/><W87/><G26/><T10/><D81/><U77/><E77/><V59/><F65/><W68/><G68/><T43/><D37/><U69/><E135/><V123/><F123/><W1/><G1/><T2/><D2/><U83/><E83/><V125/><F125/><N who="1" m="47625" /><E85/><V108/><F108/><W47/><G87/><T100/><REACH who="0" step="1"/><D11/><AGARI ba="0,0" hai="11,14,17,25,28,34,61,64,69,93,95" m="47625" machi="11" ten="30,1000,0" yaku="18,1" doraHai="16" who="1" fromWho="0" sc="257,-10,263,10,260,0,220,0" /><INIT seed="3,0,0,2,5,67" ten="247,273,260,220" oya="3" hai0="20,102,2,12,96,48,93,9,115,101,60,23,108" hai1="32,125,55,5,34,88,41,37,36,83,131,6,57" hai2="59,105,38,18,112,11,73,86,45,114,56,46,39" hai3="90,95,53,65,33,110,19,133,64,97,63,61,25"/><W134/><G110/><T87/><D2/><U16/><E125/><V82/><F18/><W28/><G19/><T80/><D115/><N who="2" m="44074" /><F11/><W42/><G53/><T85/><D108/><U117/><E131/><V69/><F86/><W3/><G3/><T26/><D102/><U77/><E117/><V43/><F82/><W50/><G50/><T94/><D60/><N who="1" m="35903" /><E36/><V100/><F100/><W122/><G42/><T81/><D93/><U24/><E41/><N who="2" m="22711" /><F105/><W76/><G76/><N who="0" m="46215" /><D48/><U92/><E34/><V78/><F78/><W124/><G122/><T51/><D51/><U107/><E32/><V52/><F73/><W8/><G8/><T79/><D26/><U7/><E107/><V132/><F132/><N who="3" m="50795" /><G124/><T113/><D113/><U111/><E37/><V0/><F0/><W27/><G27/><T21/><D21/><N who="1" m="13351" /><E111/><V10/><F10/><W75/><G75/><T120/><D120/><U72/><E5/><AGARI ba="0,0" hai="5,9,12,20,23,79,81,87,94,96,101" m="46215" machi="5" ten="30,1000,0" yaku="8,1" doraHai="67" who="0" fromWho="1" sc="247,10,273,-10,260,0,220,0" /><INIT seed="4,0,0,3,4,41" ten="257,263,260,220" oya="0" hai0="18,133,129,118,61,39,126,132,96,109,9,64,17" hai1="25,10,75,84,91,22,124,99,101,127,105,89,117" hai2="102,107,42,90,80,23,74,15,48,113,76,40,123" hai3="114,87,60,104,81,58,98,121,56,112,3,86,131"/><T7/><D118/><U5/><E75/><V115/><F123/><W13/><G3/><T120/><D120/><U6/><E117/><V26/><F15/><W29/><G121/><T93/><D129/><U65/><E65/><V130/><F90/><N who="1" m="34313" /><E84/><V52/><F130/><W19/><G131/><T38/><D126/><N who="1" m="48171" /><E10/><V33/><F33/><W31/><G98/><T63/><D109/><U53/><E53/><V111/><F102/><W69/><G69/><T103/><D39/><U116/><E116/><V50/><F50/><W73/><G73/><T20/><D38/><U128/><E128/><V72/><F107/><W8/><G104/><T12/><D18/><AGARI ba="0,0" hai="5,6,18,22,25,99,101,105" m="48171,34313" machi="18" ten="30,1000,0" yaku="18,1" doraHai="41" who="1" fromWho="0" sc="257,-10,263,10,260,0,220,0" /><INIT seed="5,0,0,2,4,69" ten="247,273,260,220" oya="1" hai0="82,26,73,15,88,7,66,65,123,17,0,124,57" hai1="24,44,105,58,87,72,21,23,49,98,108,45,14" hai2="9,116,41,16,47,61,85,107,86,117,120,68,38" hai3="51,2,92,8,96,103,118,28,67,46,20,27,64"/><U50/><E72/><V52/><F107/><W114/><G114/><T25/><D124/><U94/><E105/><V112/><F120/><W11/><G118/><T121/><D73/><U122/><E122/><N who="0" m="46601" /><D0/><U5/><E87/><V99/><F99/><W43/><REACH who="3" step="1"/><G2/><REACH who="3" ten="247,273,260,210" step="2"/><T90/><D7/><U48/><E108/><V111/><F111/><W42/><G42/><T93/><D82/><U3/><E3/><V60/><F112/><W74/><G74/><T6/><D6/><U80/><E80/><V101/><F116/><W18/><G18/><T39/><D17/><N who="1" m="10423" /><E5/><V19/><F19/><W95/><G95/><T135/><D93/><U56/><E94/><V132/><F117/><W29/><G29/><T63/><D135/><U84/><E98/><V106/><F106/><W54/><G54/><T13/><D66/><AGARI ba="0,1" hai="8,11,20,27,28,43,46,51,64,66,67,92,96,103" machi="66" ten="40,2600,0" yaku="1,1,8,1,53,0" doraHai="69" doraHaiUra="59" who="3" fromWho="0" sc="247,-26,273,0,260,0,210,36" /><INIT seed="6,0,0,4,5,81" ten="221,273,260,246" oya="2" hai0="14,5,60,129,23,110,67,36,61,87,72,34,104" hai1="113,43,86,52,37,2,85,73,103,10,83,21,112" hai2="38,55,109,1,11,9,48,111,13,45,44,66,80" hai3="54,124,68,30,33,59,47,28,119,107,29,95,94"/><V123/><F123/><W130/><G119/><T116/><D110/><N who="2" m="41994" /><F66/><W41/><G68/><T88/><D72/><U40/><E103/><V4/><F80/><W63/><G107/><T97/><D34/><U76/><E52/><N who="2" m="29703" /><F38/><W90/><G130/><T71/><D129/><U89/><E37/><V82/><F82/><W18/><G41/><T24/><D36/><U20/><E43/><V17/><F55/><W39/><G39/><T75/><D75/><U108/><E40/><V101/><F101/><W32/><G54/><T115/><D116/><U57/><E57/><V132/><F132/><W98/><G59/><T121/><D121/><U77/><E108/><V70/><F70/><W19/><G47/><AGARI ba="0,0" hai="1,4,9,11,13,17,45,47" m="29703,41994" machi="47" ten="30,2900,0" yaku="10,1,54,1" doraHai="81" who="2" fromWho="3" sc="221,0,273,0,260,29,246,-29" /><INIT seed="6,1,0,3,5,75" ten="221,273,289,217" oya="2" hai0="7,81,47,95,29,109,65,56,48,83,64,113,28" hai1="4,51,87,31,93,23,16,62,123,121,133,67,105" hai2="74,49,88,46,86,122,104,12,101,15,18,85,61" hai3="19,72,25,24,57,37,8,102,71,27,17,70,32"/><V135/><F122/><N who="1" m="46601" /><E105/><V13/><F74/><W35/><G37/><T63/><D109/><U52/><E133/><V130/><F135/><W119/><G72/><T54/><D7/><U120/><E120/><V59/><F130/><W100/><G57/><T124/><D113/><U39/><E31/><N who="0" m="11849" /><D124/><U34/><E4/><V41/><F104/><W91/><G91/><T43/><D95/><U127/><E34/><N who="3" m="12842" /><G8/><T10/><D10/><U115/><E115/><V44/><F44/><W40/><G40/><T22/><D22/><U0/><E39/><V107/><F107/><W110/><G110/><T77/><D83/><U3/><E93/><N who="2" m="54415" /><F86/><AGARI ba="1,0" hai="43,47,48,54,56,63,64,65,77,81,86" m="11849" machi="86" ten="30,2000,0" yaku="8,1,52,1" doraHai="75" who="0" fromWho="2" sc="221,23,273,0,289,-23,217,0" /><INIT seed="7,0,0,3,1,80" ten="244,273,266,217" oya="3" hai0="114,62,32,70,60,33,111,115,63,103,43,100,18" hai1="25,109,6,17,120,98,52,108,0,31,132,85,69" hai2="124,101,135,14,1,19,82,90,40,53,126,68,65" hai3="58,122,61,11,93,5,83,116,7,128,10,125,94"/><W4/><G116/><T22/><D70/><U57/><E69/><V75/><F1/><W102/><G122/><T44/><D111/><U46/><E120/><V119/><F119/><W67/><G128/><T117/><D117/><U91/><E98/><V39/><F101/><W23/><G125/><N who="2" m="48233" /><F135/><W71/><G71/><T76/><D76/><U64/><E64/><V50/><F39/><W95/><G102/><T86/><D86/><U96/><E96/><V59/><F40/><W49/><G49/><N who="0" m="26783" /><D103/><U112/><E46/><V20/><F90/><W16/><REACH who="3" step="1"/><G83/><REACH who="3" ten="244,273,266,207" step="2"/><T121/><D121/><U38/><E109/><V123/><F123/><W54/><G54/><T24/><D100/><U45/><E52/><V2/><F68/><W21/><G21/><T107/><D107/><U131/><E108/><V51/><F65/><W110/><G110/><T106/><D106/><U48/><E131/><V56/><F51/><W8/><G8/><T66/><D66/><U99/><E48/><V3/><F59/><W42/><G42/><T130/><D130/><U97/><E57/><V36/><F36/><W92/><N who="3" m="23552" /><DORA hai="47" /><W41/><G41/><T127/><D127/><U27/><E38/><V104/><F104/><W37/><G37/><T113/><AGARI ba="0,1" hai="18,22,24,32,33,60,62,63,113,114,115" m="26783" machi="113" ten="40,5200,0" yaku="15,1,11,1,52,1" doraHai="80,47" who="0" fromWho="0" sc="244,62,273,-13,266,-13,207,-26" owari="306,40.6,260,6.0,253,-14.7,181,-31.9" /></mjloggm>