<mjloggm ver="2.3"><GO type="225" lobby="0"/><UN n0="%E3%81%A1%E3%82%85%E3%81%86%E3%81%A9%E3%81%8F%E8%B1%A1%E3%81%95%E3%82%93" n1="%E4%B8%8B%E6%AE%B5%E3%83%81%E3%82%A7%E3%83%AA%E3%83%BC" n2="%E9%80%9F%E6%B0%B4%E5%87%9B%E9%A6%99" n3="%E3%81%9F%E3%81%93%E2%98%86%E7%84%BC%E3%81%8D" dan="17,16,16,16" rate="2208.51,2141.81,2139.89,2126.85" sx="M,M,F,M"/><TAIKYOKU oya="0"/><INIT seed="0,0,0,0,1,133" ten="250,250,250,250" oya="0" hai0="85,44,15,23,38,47,106,42,115,126,75,100,35" hai1="62,31,56,19,36,48,7,24,86,2,32,1,58" hai2="111,10,116,53,77,3,109,12,92,89,113,79,118" hai3="135,39,127,61,87,129,74,83,55,88,8,28,78"/><T119/><D115/><U33/><E36/><V98/><F53/><W26/><G39/><T95/><D119/><N who="2" m="45610" /><F3/><W52/><G135/><T65/><D75/><U27/><E7/><V108/><F113/><W54/><G129/><T97/><D35/><U103/><E103/><V30/><F30/><W123/><G123/><T45/><D65/><U9/><E9/><V18/><AGARI ba="0,0" hai="10,12,18,77,79,89,92,98,108,109,111" m="45610" machi="18" ten="40,2700,0" yaku="14,1,12,1" doraHai="133" who="2" fromWho="2" sc="250,-13,250,-7,250,27,250,-7" /><INIT seed="1,0,0,1,3,87" ten="237,243,277,243" oya="1" hai0="132,41,37,45,40,16,91,63,50,90,100,97,118" hai1="49,85,23,56,129,0,106,77,80,24,53,95,93" hai2="124,74,47,134,38,131,54,123,71,67,31,60,112" hai3="42,35,108,94,75,44,61,70,69,135,92,102,32"/><U125/><E106/><V18/><F31/><W52/><G75/><T115/><D118/><U119/><E119/><V130/><F18/><W120/><G102/><T39/><D115/><U98/><E0/><V126/><F74/><W3/><G3/><T55/><D132/><U26/><E125/><N who="2" m="48235" /><F123/><W21/><G21/><T111/><D111/><U66/><E129/><N who="2" m="49163" /><F112/><W11/><G11/><T133/><D133/><U99/><E66/><V48/><F38/><W105/><G108/><T107/><D63/><U20/><E20/><V96/><F96/><N who="1" m="36905" /><E26/><V43/><F43/><W12/><G42/><T72/><D72/><U34/><E34/><V5/><F5/><W13/><G105/><T62/><D41/><U59/><E59/><V1/><F1/><W17/><G120/><T14/><D62/><U81/><E81/><V83/><F83/><W7/><G61/><T36/><REACH who="0" step="1"/><D40/><REACH who="0" ten="227,243,277,243" step="2"/><U84/><E84/><V88/><F134/><W57/><G135/><T101/><D101/><U109/><E109/><V121/><F121/><W33/><G70/><T2/><D2/><U10/><E10/><AGARI ba="0,1" hai="10,14,16,36,37,39,45,50,55,90,91,97,100,107" machi="10" ten="40,12000,2" yaku="1,1,52,2,54,1,53,2" doraHai="87" doraHaiUra="86" who="0" fromWho="1" sc="227,130,243,-120,277,0,243,0" /><INIT seed="2,0,0,1,1,43" ten="357,123,277,243" oya="2" hai0="53,52,82,75,51,98,129,32,5,97,4,39,34" hai1="116,71,110,125,105,118,16,94,23,40,61,126,106" hai2="55,100,135,84,9,99,12,91,86,19,42,20,27" hai3="104,35,131,134,81,3,37,28,21,11,60,128,88"/><V111/><F135/><W8/><G104/><T26/><D39/><U117/><E110/><V73/><F73/><W72/><G35/><T10/><D129/><N who="3" m="49737" /><G37/><T77/><D4/><U85/><E85/><V69/><F69/><W17/><G28/><T29/><D32/><U64/><E94/><V59/><F42/><W50/><G3/><T103/><D103/><U74/><E74/><V90/><F111/><W67/><G50/><T115/><D115/><U46/><E106/><V47/><F86/><N who="3" m="50255" /><G72/><T107/><D107/><U0/><E0/><V22/><F22/><W2/><G2/><T15/><D53/><U62/><E62/><V130/><F130/><W89/><G89/><T80/><D82/><U108/><E105/><V1/><F1/><W58/><G134/><T101/><D101/><U122/><E122/><V31/><F84/><W33/><G33/><T18/><D5/><U113/><E113/><V49/><F59/><AGARI ba="0,0" hai="10,15,18,26,29,34,51,52,59,75,77,80,97,98" machi="59" ten="30,2000,0" yaku="7,1,54,1" doraHai="43" who="0" fromWho="2" sc="357,20,123,0,277,-20,243,0" /><INIT seed="3,0,0,3,4,34" ten="377,123,257,243" oya="3" hai0="112,63,10,74,53,40,30,17,130,134,92,120,104" hai1="47,57,15,2,23,113,60,19,48,44,6,79,129" hai2="115,65,89,28,127,116,22,80,106,43,7,39,12" hai3="5,41,9,109,86,70,50,125,68,24,27,100,61"/><W16/><G125/><T11/><D104/><U3/><E113/><V110/><F106/><W76/><G100/><T26/><D120/><U108/><E129/><V0/><F115/><W107/><G107/><T51/><D112/><U83/><E108/><V45/><F65/><W69/><G61/><T14/><D74/><U29/><E29/><V94/><F116/><W93/><G109/><T72/><D72/><U99/><E99/><V121/><F110/><W58/><G58/><T98/><D134/><U71/><E71/><V20/><F127/><W56/><G24/><T66/><D40/><U103/><E103/><V67/><F67/><W25/><G25/><T8/><D130/><U42/><E47/><V46/><F46/><W77/><G41/><T96/><D96/><U37/><E37/><V81/><F28/><W124/><G124/><T87/><D87/><U114/><E114/><V1/><F45/><W38/><G38/><T13/><D63/><U18/><E18/><V118/><F43/><W62/><G50/><T73/><D73/><U132/><E132/><V82/><F39/><W55/><G93/><T119/><D66/><U105/><E105/><V78/><F78/><W54/><G86/><T133/><D133/><U32/><E32/><V91/><F118/><W31/><G55/><T123/><D123/><U64/><REACH who="1" step="1"/><E6/><REACH who="1" ten="377,113,257,243" step="2"/><V101/><F7/><W126/><G126/><T33/><D98/><U21/><E21/><V49/><F22/><N who="3" m="13767" /><G31/><T52/><D30/><U4/><E4/><V122/><F122/><W90/><G5/><T135/><D33/><U97/><E97/><RYUUKYOKU ba="0,1" sc="377,-10,113,30,257,-10,243,-10" hai1="2,3,15,19,23,42,44,48,57,60,64,79,83" owari="377,47.7,143,-35.7,247,4.7,233,-16.7" /></mjloggm>