<mjloggm ver="2.3"><GO type="225" lobby="0"/><UN n0="%E3%81%A8%E3%82%93%E3%81%A8%E3%81%93%E3%81%A8%E3%82%93" n1="%E3%82%BC%E3%83%AB%E3%83%80%E3%81%AE%E4%BC%9D%E8%AA%AC" n2="%E3%81%BF%E3%81%BF%E3%81%9A" n3="%E3%83%97%E3%83%AC%E3%83%B4%E3%82%A1%E3%83%86%E3%82%A3" dan="16,17,17,16" rate="2120.12,2264.87,2181.41,2077.45" sx="M,M,M,F"/><TAIKYOKU oya="0"/><INIT seed="0,0,0,0,1,24" ten="250,250,250,250" oya="0" hai0="104,69,87,117,125,120,80,99,89,96,6,116,41" hai1="115,86,34,25,107,26,31,19,109,102,52,48,16" hai2="101,91,93,94,110,2,5,28,124,134,97,127,14" hai3="55,68,119,112,27,77,114,0,88,39,13,3,81"/><T100/><D69/><U123/><E123/><V4/><F110/><W17/><G68/><T7/><D120/><U108/><E115/><V64/><F2/><W129/><G39/><T83/><D41/><U65/><E65/><V128/><F128/><W84/><G129/><T63/><D63/><U45/><E86/><V72/><F72/><W60/><G119/><T76/><D6/><U47/><E47/><V67/><F134/><W133/><G133/><T37/><D7/><N who="2" m="2634" /><F14/><W130/><G130/><T71/><D37/><U103/><E103/><V70/><F28/><W51/><G60/><T131/><D71/><U79/><E79/><V36/><F36/><W46/><G27/><T53/><D53/><U61/><E61/><V92/><F70/><W74/><G112/><T122/><D122/><U29/><E102/><V1/><F1/><W15/><G15/><T8/><D8/><U62/><E107/><V135/><F135/><W75/><G114/><T18/><D18/><U58/><E109/><V43/><F43/><W10/><REACH who="3" step="1"/><G74/><REACH who="3" ten="250,250,250,240" step="2"/><N who="0" m="43031" /><D131/><U11/><E108/><V113/><F113/><W21/><G21/><T66/><D66/><U40/><E11/><V9/><F9/><W54/><G54/><T23/><D23/><AGARI ba="0,1" hai="16,19,23,25,26,29,31,34,40,45,48,52,58,62" machi="23" ten="30,8000,1" yaku="7,1,52,2,54,2" doraHai="24" who="1" fromWho="0" sc="250,-80,250,90,250,0,240,0" /><INIT seed="1,0,0,4,0,45" ten="170,340,250,240" oya="1" hai0="47,104,52,116,3,134,32,50,14,23,123,113,0" hai1="56,115,61,110,12,46,54,55,53,76,107,114,43" hai2="70,68,16,1,93,25,99,31,8,127,105,41,37" hai3="91,98,2,118,4,22,87,77,63,117,13,18,79"/><U89/><E107/><V27/><F105/><W64/><G98/><T131/><D113/><U29/><E76/><V59/><F127/><W128/><G128/><T94/><D116/><N who="3" m="44649" /><G4/><T119/><D104/><U34/><E34/><V51/><F37/><W67/><G2/><T121/><D119/><U39/><E29/><V132/><F132/><W36/><G36/><T20/><D32/><U26/><E26/><V6/><F25/><W71/><G67/><T83/><D131/><U30/><E30/><V109/><F109/><W78/><G78/><T126/><D126/><U21/><E89/><V101/><F16/><W74/><G74/><T19/><D134/><U95/><E95/><AGARI ba="0,0" hai="13,18,22,63,64,71,77,79,87,91,95" m="44649" machi="95" ten="30,1000,0" yaku="12,1" doraHai="45" who="3" fromWho="1" sc="170,0,340,-10,250,0,240,10" /><INIT seed="2,0,0,4,0,34" ten="170,330,250,250" oya="2" hai0="49,80,5,12,129,66,133,20,65,18,94,134,56" hai1="7,79,118,64,13,47,35,51,103,6,82,2,99" hai2="96,63,89,113,41,74,130,4,124,57,62,42,116" hai3="112,22,21,105,102,120,77,15,29,104,76,67,75"/><V17/><F113/><W106/><G112/><T126/><D126/><U98/><E118/><V93/><F116/><W11/><G120/><T109/><D109/><U14/><E35/><V72/><F124/><W24/><G75/><T43/><D129/><U45/><E64/><V28/><F130/><W19/><G102/><T78/><D94/><U86/><E2/><V111/><F28/><W38/><G38/><T91/><D91/><U32/><E32/><V119/><F119/><W135/><G135/><T71/><D71/><U87/><E87/><V58/><F111/><W69/><G69/><T0/><D66/><U84/><E51/><V115/><F115/><W132/><G67/><T68/><D68/><U128/><E128/><V50/><F74/><W25/><REACH who="3" step="1"/><G132/><REACH who="3" ten="170,330,250,240" step="2"/><T125/><D125/><U8/><E103/><V70/><F72/><W1/><G1/><T114/><D114/><U55/><E79/><V121/><F70/><W107/><N who="3" m="26624" /><DORA hai="36" /><W60/><G60/><T85/><D65/><U92/><E82/><V90/><F121/><W30/><AGARI ba="0,1" hai="11,15,19,21,22,24,25,29,30,76,77" m="26624" machi="30" ten="60,8000,1" yaku="1,1,0,1,9,1,53,2" doraHai="34,36" doraHaiUra="81,26" who="3" fromWho="3" sc="170,-20,330,-20,250,-40,240,90" /><INIT seed="3,0,0,5,5,49" ten="150,310,210,330" oya="3" hai0="38,16,125,111,58,113,25,13,46,66,118,96,79" hai1="135,45,32,6,71,89,37,82,129,11,56,14,17" hai2="26,117,57,84,41,29,94,69,7,91,105,114,95" hai3="76,115,27,22,48,60,100,65,131,133,20,21,123"/><W10/><G115/><T9/><D118/><U2/><E71/><V90/><F69/><W119/><G119/><T70/><D70/><U81/><E32/><V75/><F105/><W15/><G123/><T112/><D111/><U59/><E135/><V61/><F75/><W85/><G133/><T12/><D125/><U122/><E122/><V108/><F114/><W101/><G131/><T134/><D134/><U116/><E116/><V35/><F117/><W51/><G27/><T1/><D1/><U87/><E129/><V40/><F7/><N who="3" m="3551" /><G60/><T43/><D25/><U54/><E81/><V106/><F106/><W28/><G65/><T50/><D79/><U83/><E83/><V42/><F108/><W102/><G28/><T126/><D126/><U39/><E59/><V97/><F41/><W64/><G64/><AGARI ba="0,0" hai="26,29,35,40,42,57,61,64,84,90,91,94,95,97" machi="64" ten="30,1000,0" yaku="7,1" doraHai="49" who="2" fromWho="3" sc="150,0,310,0,210,10,330,-10" owari="150,-35.0,310,11.0,220,-18.0,320,42.0" /></mjloggm>