<mjloggm ver="2.3"><GO type="225" lobby="0"/><UN n0="%E5%8F%AF%E5%85%90%E9%82%A3%E7%94%B1%E5%A4%9A" n1="%4B%2E%32%2E%4B%2E" n2="%4C%4F%4C%49%54%41" n3="%E3%81%82%E3%81%99%E3%81%AB%E3%82%83%E3%82%80" dan="17,17,16,16" rate="2251.51,2176.45,2175.93,2096.52" sx="F,M,F,F"/><TAIKYOKU oya="0"/><INIT seed="0,0,0,2,1,73" ten="250,250,250,250" oya="0" hai0="76,1,93,85,129,40,43,128,13,9,130,28,11" hai1="110,34,119,35,16,19,101,49,123,31,135,77,70" hai2="6,37,55,22,124,120,112,80,111,65,88,96,78" hai3="21,90,107,74,91,61,125,4,52,23,26,95,56"/><T58/><D28/><U3/><E119/><V2/><F120/><W87/><G107/><T133/><D133/><U25/><E123/><V127/><F112/><W122/><G74/><T20/><D1/><U46/><E70/><V103/><F37/><W27/><G122/><T83/><D58/><U109/><E35/><V36/><F36/><W63/><G4/><T32/><D32/><U89/><E101/><V24/><F111/><N who="1" m="42505" /><E3/><V51/><F65/><W17/><G91/><T45/><D93/><U113/><E135/><V10/><F103/><W12/><G125/><T64/><D64/><U53/><E113/><V44/><F96/><W8/><G63/><T79/><D79/><U99/><E77/><V42/><F42/><N who="0" m="15914" /><D45/><U98/><E89/><V132/><F88/><W105/><G105/><T102/><D102/><U67/><E67/><V92/><F92/><W118/><G118/><T15/><D20/><AGARI ba="0,0" hai="8,12,17,20,21,23,26,27,52,56,61,87,90,95" machi="20" ten="40,2600,0" yaku="8,1,54,1" doraHai="73" who="3" fromWho="0" sc="250,-26,250,0,250,0,250,26" /><INIT seed="1,0,0,0,3,9" ten="224,250,250,276" oya="1" hai0="11,91,24,129,81,8,7,116,51,29,132,5,47" hai1="72,16,92,131,21,23,20,106,6,33,31,10,88" hai2="110,43,73,26,36,126,125,2,96,22,45,17,14" hai3="79,61,107,77,99,15,67,123,87,18,122,38,127"/><U55/><E106/><V135/><F73/><W35/><G38/><T133/><D116/><U76/><E131/><V27/><F2/><W58/><G35/><T108/><D129/><U97/><E33/><V44/><F110/><W130/><G130/><T66/><D108/><U102/><E31/><V71/><F71/><W12/><G127/><N who="2" m="48649" /><F135/><N who="0" m="51786" /><D66/><U104/><E55/><V1/><F1/><W57/><G107/><T62/><D62/><U109/><E109/><V82/><F82/><W53/><G99/><T69/><D69/><U13/><E72/><V84/><F84/><W95/><G122/><T50/><D81/><U117/><E76/><N who="3" m="29258" /><G18/><T78/><D78/><U124/><E117/><V64/><F64/><W32/><G32/><N who="0" m="20519" /><D91/><U25/><E124/><V34/><F34/><W85/><G123/><T134/><N who="0" m="51794" /><T86/><DORA hai="37" /><D86/><AGARI ba="0,0" hai="6,10,13,16,20,21,23,25,86,88,92,97,102,104" machi="86" ten="30,11600,0" yaku="7,1,52,1,54,2" doraHai="9,37" who="1" fromWho="0" sc="224,-116,250,116,250,0,276,0" /><INIT seed="1,1,0,1,4,99" ten="108,366,250,276" oya="1" hai0="123,79,131,122,40,41,100,89,94,4,56,102,14" hai1="71,87,124,0,9,46,18,22,88,28,45,113,111" hai2="36,67,51,129,61,133,64,50,1,38,10,34,106" hai3="83,112,70,125,118,53,3,128,13,85,95,93,101"/><U104/><E113/><V72/><F34/><W6/><G112/><T58/><D131/><U48/><E71/><V110/><F72/><W80/><G128/><T23/><D79/><U12/><E124/><V32/><F32/><W126/><G70/><T60/><D123/><U30/><E104/><V8/><F106/><W52/><G3/><T63/><D122/><U116/><E116/><V31/><F129/><W29/><G29/><T68/><D68/><U73/><E73/><V103/><F31/><W27/><G27/><T25/><D4/><U26/><E111/><V19/><F19/><W49/><G118/><T59/><D14/><U82/><E30/><V78/><F78/><W132/><G132/><T115/><D115/><U15/><E0/><V17/><F17/><W77/><G80/><T16/><D60/><U5/><REACH who="1" step="1"/><E48/><REACH who="1" ten="108,356,250,276" step="2"/><V39/><F1/><W35/><G49/><T98/><REACH who="0" step="1"/><D63/><REACH who="0" ten="98,356,250,276" step="2"/><U81/><E81/><V134/><F61/><W54/><G125/><T47/><D47/><U2/><E2/><V105/><F133/><W75/><G126/><T33/><D33/><AGARI ba="1,2" hai="5,9,12,15,18,22,26,28,33,45,46,82,87,88" machi="33" ten="30,5800,0" yaku="1,1,7,1,54,1,53,0" doraHai="99" doraHaiUra="91" who="1" fromWho="0" sc="98,-61,356,81,250,0,276,0" /><INIT seed="1,2,0,1,1,0" ten="37,437,250,276" oya="1" hai0="15,11,7,104,80,6,55,78,66,32,85,36,57" hai1="19,113,95,121,132,74,45,99,103,119,81,79,12" hai2="23,135,61,107,17,68,87,82,86,76,125,108,39" hai3="69,70,20,42,123,73,75,35,13,94,59,83,116"/><U65/><E132/><V114/><F39/><W90/><G35/><T93/><D104/><U21/><E119/><V60/><F107/><W9/><G123/><T67/><D32/><U3/><E121/><V98/><F108/><W133/><G20/><T29/><D29/><U50/><E113/><V52/><F125/><W38/><G133/><T72/><D36/><U115/><E115/><V131/><F131/><W106/><G106/><T25/><D25/><U53/><E3/><V37/><F37/><W92/><G92/><T84/><D72/><U128/><REACH who="1" step="1"/><E65/><REACH who="1" ten="37,427,250,276" step="2"/><V34/><F114/><W33/><G116/><T111/><D111/><U62/><E62/><V24/><F60/><W129/><G129/><AGARI ba="2,1" hai="12,19,21,45,50,53,74,79,81,95,99,103,128,129" machi="129" ten="40,2000,0" yaku="1,1,53,0" doraHai="0" doraHaiUra="1" who="1" fromWho="3" sc="37,0,427,36,250,0,276,-26" /><INIT seed="1,3,0,0,4,93" ten="37,463,250,250" oya="1" hai0="67,57,122,38,53,69,111,127,130,113,74,79,61" hai1="51,87,86,25,94,70,99,77,104,43,100,98,60" hai2="58,83,72,106,123,121,135,133,89,14,73,92,80" hai3="4,128,30,116,12,19,97,41,91,44,50,105,27"/><U96/><E25/><V5/><F5/><W103/><G128/><T118/><RYUUKYOKU type="yao9" ba="3,0" sc="37,0,463,0,250,0,250,0" hai0="38,53,57,61,67,69,74,79,111,113,118,122,127,130" /><INIT seed="1,4,0,4,1,110" ten="37,463,250,250" oya="1" hai0="83,15,22,57,18,49,125,76,96,17,114,88,98" hai1="102,70,12,31,124,51,132,32,75,8,41,112,77" hai2="130,113,120,95,23,27,66,94,79,115,100,60,135" hai3="122,111,134,67,65,37,82,5,73,118,20,55,105"/><U58/><E70/><V93/><F120/><W90/><G111/><T2/><D2/><U62/><E102/><V29/><F130/><W10/><G122/><T106/><D125/><U11/><E124/><V3/><F3/><W4/><G134/><T25/><D106/><U85/><E75/><V131/><F131/><W39/><G105/><T89/><D114/><N who="2" m="43530" /><F79/><W108/><G108/><T46/><D57/><U9/><E77/><V1/><F1/><W13/><G5/><T119/><D119/><U104/><E104/><V126/><F126/><W59/><G118/><T116/><D116/><U68/><E68/><N who="2" m="42055" /><F135/><W74/><G74/><T63/><D63/><U123/><E123/><V48/><F48/><W0/><G39/><T47/><D47/><U56/><E51/><V127/><F127/><W121/><G37/><T103/><D103/><AGARI ba="4,0" hai="23,27,29,93,94,95,100,103" m="42055,43530" machi="103" ten="30,7700,0" yaku="11,1,52,3" doraHai="110" who="2" fromWho="0" sc="37,-89,463,0,250,89,250,0" owari="-52,-55.2,463,56.3,339,13.9,250,-15.0" /></mjloggm>