<mjloggm ver="2.3"><GO type="225" lobby="0"/><UN n0="%6E%69%63%6B%6C%6F%77" n1="%E3%81%86%E3%83%BC%E3%81%B1%E3%83%BC" n2="%73%6C%69%63%6B%33%31%39" n3="%E3%81%82%E3%81%99%E3%81%AB%E3%82%83%E3%82%80" dan="16,16,16,16" rate="2087.94,2136.85,2162.51,2197.64" sx="F,M,M,F"/><TAIKYOKU oya="0"/><INIT seed="0,0,0,0,3,82" ten="250,250,250,250" oya="0" hai0="52,43,72,42,4,45,64,92,76,135,87,119,69" hai1="89,67,105,121,133,75,80,44,90,102,62,81,21" hai2="47,53,36,28,84,54,107,37,109,9,100,127,93" hai3="14,88,78,24,12,5,68,106,39,40,134,34,1"/><T71/><D119/><U130/><E121/><V19/><F107/><W132/><G106/><T48/><D72/><U18/><E133/><N who="3" m="51306" /><G78/><T123/><D135/><U13/><E130/><V33/><F109/><W91/><G68/><T29/><D123/><U22/><E105/><V60/><F33/><W70/><G70/><T58/><D71/><U103/><E44/><V112/><F112/><W35/><G40/><N who="0" m="15403" /><D69/><U97/><E22/><V111/><F28/><N who="3" m="19719" /><G35/><T49/><D29/><U16/><E18/><V32/><F19/><W3/><G39/><T10/><D64/><U38/><E38/><V99/><F32/><W66/><G66/><T128/><D128/><U11/><E21/><V96/><F37/><W125/><G125/><T17/><D17/><U77/><E97/><V83/><F99/><W86/><G91/><N who="0" m="53375" /><D76/><U79/><E89/><V95/><F127/><W85/><G88/><T23/><D23/><U98/><E90/><V63/><F36/><W116/><G116/><T59/><D48/><U94/><E103/><V115/><F100/><W41/><G41/><T124/><D124/><U8/><E8/><V122/><F115/><W55/><G55/><T50/><D49/><U114/><E114/><V51/><F9/><N who="3" m="2223" /><G3/><T56/><D45/><U110/><E67/><V108/><F122/><W74/><G74/><T0/><D0/><U7/><E62/><N who="2" m="23595" /><F53/><W57/><G57/><N who="0" m="32919" /><D10/><U65/><E65/><V26/><F47/><W20/><G20/><T131/><D131/><U30/><E7/><AGARI ba="0,0" hai="4,7,56,58,59" m="32919,53375,15403" machi="7" ten="30,5800,0" yaku="8,1,52,1,54,1" doraHai="82" who="0" fromWho="1" sc="250,58,250,-58,250,0,250,0" /><INIT seed="0,1,0,0,0,109" ten="308,192,250,250" oya="0" hai0="53,123,9,131,42,45,79,76,35,54,69,88,7" hai1="27,1,41,5,83,70,32,18,60,16,126,94,46" hai2="14,90,30,51,124,48,112,100,8,105,74,10,116" hai3="39,132,82,110,43,101,34,37,33,89,47,125,86"/><T59/><D123/><U118/><E118/><V71/><F71/><W73/><G110/><T128/><D35/><U106/><E106/><V87/><F116/><W36/><G132/><T93/><D69/><U117/><E117/><V81/><F30/><W114/><G125/><T91/><D79/><U72/><E126/><V26/><F124/><W24/><G73/><T78/><D76/><U103/><E83/><V58/><F26/><W99/><G34/><T104/><D104/><U2/><E72/><V77/><F112/><W107/><REACH who="3" step="1"/><G114/><REACH who="3" ten="308,192,250,240" step="2"/><T19/><D131/><U92/><E32/><V25/><F74/><W49/><G49/><N who="0" m="26807" /><D128/><U64/><E1/><V38/><F48/><W15/><G15/><N who="0" m="5567" /><D78/><U120/><E2/><V133/><F77/><W115/><G115/><T61/><D19/><U0/><E0/><V108/><F133/><W98/><G98/><N who="0" m="57639" /><D91/><U95/><E18/><V21/><F108/><W40/><G40/><T22/><D22/><U56/><E16/><V44/><F21/><W102/><G102/><T135/><D135/><U65/><E103/><V4/><F100/><W13/><G13/><T68/><D68/><U80/><E70/><V17/><F17/><W31/><AGARI ba="1,1" hai="24,31,33,36,37,39,43,47,82,86,89,99,101,107" machi="31" ten="30,2000,0" yaku="1,1,0,1,53,0" doraHai="109" doraHaiUra="63" who="3" fromWho="3" sc="308,-11,192,-6,250,-6,240,33" /><INIT seed="1,0,0,5,2,70" ten="297,186,244,273" oya="1" hai0="80,38,77,64,13,51,18,126,135,88,124,26,99" hai1="30,20,58,94,132,112,109,42,133,6,110,49,16" hai2="5,100,107,62,19,57,123,73,102,32,113,27,2" hai3="4,89,35,76,71,90,28,122,117,10,68,17,1"/><U78/><E112/><V48/><F123/><W67/><G122/><T128/><D26/><U97/><E6/><V54/><F73/><W45/><G117/><T98/><D64/><U43/><E78/><V82/><F113/><W115/><G115/><T87/><D51/><U31/><E30/><V39/><F39/><W125/><G125/><N who="0" m="48235" /><D38/><U0/><E0/><V22/><F82/><W59/><G76/><T63/><D63/><U101/><E31/><V95/><F107/><W121/><G121/><T96/><D128/><U106/><E106/><V52/><F32/><W61/><G17/><T56/><D56/><U55/><E43/><V47/><REACH who="2" step="1"/><F95/><REACH who="2" ten="297,186,234,273" step="2"/><W114/><G114/><T103/><D135/><N who="1" m="51787" /><E42/><V93/><F93/><W40/><G40/><T41/><D41/><U83/><E83/><V81/><F81/><W118/><G35/><T111/><D111/><U23/><E23/><V116/><F116/><W91/><G118/><T129/><D129/><U50/><E50/><V120/><F120/><W119/><G119/><T85/><D103/><U84/><E84/><V130/><F130/><W69/><G10/><AGARI ba="0,1" hai="2,5,10,19,22,27,47,48,52,54,57,62,100,102" machi="10" ten="40,5200,0" yaku="1,1,54,1,53,1" doraHai="70" doraHaiUra="15" who="2" fromWho="3" sc="297,0,186,0,234,62,273,-52" /><INIT seed="2,0,0,4,0,38" ten="297,186,296,221" oya="2" hai0="23,48,114,32,72,71,135,93,101,81,66,62,40" hai1="19,35,25,77,64,67,58,97,132,46,1,98,129" hai2="65,8,74,89,21,9,41,6,18,17,11,52,4" hai3="119,34,51,75,5,125,99,10,28,42,3,118,106"/><V0/><F74/><W96/><G96/><T14/><D32/><U84/><E1/><V122/><F65/><W55/><G125/><T116/><D114/><U88/><E129/><V30/><F122/><W27/><G55/><T70/><D70/><U49/><E132/><V56/><F41/><W117/><G51/><T91/><D135/><U45/><E35/><V76/><F76/><W60/><G60/><T22/><D116/><U79/><E77/><V115/><F115/><W104/><G42/><T100/><D72/><U36/><E79/><V39/><F39/><W87/><G87/><T134/><D81/><U37/><E37/><V12/><F89/><W13/><G75/><T43/><D134/><U69/><E36/><V86/><F86/><W90/><G90/><T57/><D71/><U16/><E46/><V53/><F30/><W63/><G63/><T107/><D107/><U123/><E123/><V130/><F130/><W24/><G27/><T112/><D23/><N who="1" m="13543" /><E19/><V121/><F121/><W108/><G108/><T7/><D22/><U44/><E44/><V94/><F94/><W68/><G68/><T2/><D2/><U111/><E111/><V110/><F110/><W26/><G26/><T50/><D112/><U127/><E127/><V59/><F0/><W109/><G109/><T82/><D82/><N who="1" m="49175" /><E69/><V31/><F31/><W61/><G3/><T78/><D78/><U95/><E95/><V120/><F120/><W85/><G117/><T103/><D40/><N who="1" m="24743" /><E67/><V133/><F133/><W131/><G118/><T80/><D43/><U29/><E29/><V105/><F105/><RYUUKYOKU ba="0,0" sc="297,-10,186,30,296,-10,221,-10" hai1="58,64,97,98" /><INIT seed="3,1,0,3,2,131" ten="287,216,286,211" oya="3" hai0="125,100,38,77,67,82,114,123,128,129,62,52,96" hai1="48,51,37,54,56,71,44,105,133,103,50,78,68" hai2="102,99,15,115,79,80,11,110,70,33,47,27,119" hai3="46,35,134,84,23,94,86,107,120,26,20,88,17"/><W5/><G107/><T49/><D123/><U81/><E103/><V87/><F115/><W104/><G104/><T31/><D114/><U132/><E105/><V45/><F119/><W113/><G120/><T85/><D38/><U41/><E81/><V16/><F70/><N who="1" m="26665" /><E78/><V32/><F110/><W64/><G113/><T83/><D125/><U1/><E1/><V117/><F117/><W116/><G116/><T40/><D40/><U60/><AGARI ba="1,0" hai="37,41,44,48,50,51,54,56,60,132,133" m="26665" machi="60" ten="40,8000,1" yaku="34,2,52,2" doraHai="131" who="1" fromWho="1" sc="287,-21,216,83,286,-21,211,-41" /><INIT seed="4,0,0,1,0,85" ten="266,299,265,170" oya="0" hai0="27,83,58,17,121,5,77,13,6,96,108,103,126" hai1="1,100,107,110,114,66,35,81,51,125,31,80,112" hai2="93,119,19,104,54,89,129,43,115,21,62,0,132" hai3="55,111,10,41,53,26,57,9,44,56,91,69,71"/><T30/><D121/><U28/><E110/><V42/><F115/><N who="1" m="44073" /><E125/><V135/><F104/><W2/><G111/><T16/><D126/><U116/><E116/><V46/><F0/><W133/><G26/><T8/><D108/><U68/><E1/><V118/><F129/><W130/><G2/><T79/><D58/><N who="3" m="22633" /><G9/><T49/><D49/><U20/><E35/><V105/><F105/><W92/><G10/><T25/><D17/><U33/><E33/><V87/><F54/><N who="3" m="20491" /><G91/><T98/><D98/><N who="1" m="61847" /><E51/><V65/><F118/><W4/><G92/><N who="0" m="58759" /><D83/><N who="1" m="31819" /><E20/><V47/><F119/><W106/><G106/><T45/><D45/><U124/><E124/><V84/><F46/><W75/><G75/><T113/><D113/><U22/><E22/><V40/><F47/><W39/><G4/><N who="0" m="1643" /><D30/><U11/><E11/><V99/><F21/><W36/><G130/><T101/><D101/><U102/><E102/><V7/><F19/><W109/><G109/><T127/><D127/><U76/><E76/><AGARI ba="0,0" hai="8,13,16,25,27,76,77,79" m="1643,58759" machi="76" ten="30,2900,0" yaku="8,1,54,1" doraHai="85" who="0" fromWho="1" sc="266,29,299,-29,265,0,170,0" /><INIT seed="4,1,0,3,3,49" ten="295,270,265,170" oya="0" hai0="6,57,86,65,83,40,84,51,9,64,25,16,0" hai1="41,128,122,116,50,99,71,20,42,112,79,53,130" hai2="93,36,131,98,18,97,103,66,13,1,121,30,48" hai3="95,26,5,60,45,113,62,114,46,67,102,126,105"/><T108/><D108/><U52/><E122/><V63/><F36/><W88/><G5/><T100/><D100/><U76/><E116/><V27/><F1/><W32/><G126/><T61/><D65/><U119/><E119/><V43/><F131/><N who="1" m="50217" /><E112/><N who="3" m="43114" /><G102/><T73/><D73/><U104/><E71/><V37/><F37/><W70/><G60/><T81/><D86/><U56/><E20/><N who="2" m="15719" /><F98/><N who="3" m="57703" /><G105/><T125/><D125/><U54/><E56/><N who="2" m="37223" /><F121/><W72/><G72/><T129/><D129/><U39/><E39/><V115/><F115/><W132/><G132/><T55/><D40/><N who="1" m="15467" /><E50/><V106/><F106/><W23/><G32/><T17/><D25/><U33/><E33/><V14/><F43/><W31/><AGARI ba="1,0" hai="23,26,31,45,46,62,67,70" m="57703,43114" machi="31" ten="30,2000,0" yaku="15,1,54,1" doraHai="49" who="3" fromWho="3" sc="295,-11,270,-6,265,-6,170,23" /><INIT seed="5,0,0,1,3,2" ten="284,264,259,193" oya="1" hai0="48,81,91,78,104,130,14,42,113,64,70,97,32" hai1="49,72,90,120,134,26,7,124,84,43,39,123,4" hai2="118,133,68,34,9,92,83,1,116,33,17,128,119" hai3="3,114,57,11,28,41,135,85,19,107,105,31,132"/><U55/><E72/><V24/><F68/><W22/><G41/><T115/><D32/><N who="2" m="12394" /><F92/><W96/><G85/><T13/><D70/><U52/><E39/><V112/><F83/><W58/><G114/><N who="0" m="43531" /><D64/><U66/><E66/><V46/><F46/><W131/><G131/><T75/><D130/><U79/><E79/><V27/><F128/><W98/><G19/><T95/><D42/><U56/><E43/><V8/><F112/><W5/><G22/><T10/><D48/><N who="1" m="30727" /><E123/><V122/><F122/><W12/><G12/><T47/><D47/><N who="1" m="28095" /><E120/><V109/><F109/><W30/><G105/><T63/><D63/><U35/><E35/><V15/><F133/><N who="3" m="51275" /><G107/><T108/><D108/><U29/><E134/><V102/><F102/><W23/><G23/><T62/><D62/><U125/><E29/><N who="3" m="7426" /><W117/><DORA hai="20" /><G117/><T73/><D73/><U110/><E110/><V38/><F38/><W80/><G80/><T53/><D53/><U74/><E74/><V25/><F1/><W126/><G126/><N who="1" m="48746" /><E26/><V93/><F93/><AGARI ba="0,0" hai="4,7,84,90,93" m="48746,28095,30727" machi="93" ten="30,11600,0" yaku="18,1,52,2,54,1" doraHai="2,20" who="1" fromWho="2" sc="284,0,264,116,259,-116,193,0" owari="284,8.4,380,48.0,143,-35.7,193,-20.7" /></mjloggm>