<mjloggm ver="2.3"><GO type="225" lobby="0"/><UN n0="%E5%8F%AF%E5%85%90%E9%82%A3%E7%94%B1%E5%A4%9A" n1="%E3%81%A8%E3%82%93%E3%81%A8%E3%81%93%E3%81%A8%E3%82%93" n2="%E9%B3%B3%E6%9D%B1%E3%81%AE%E3%81%86%E3%81%95%E3%81%8E%E3%81%95%E3%82%93" n3="%E3%81%82%E3%81%99%E3%81%AB%E3%82%83%E3%82%80" dan="17,16,17,16" rate="2207.56,2114.58,2230.27,2107.92" sx="F,F,M,F"/><TAIKYOKU oya="0"/><INIT seed="0,0,0,1,4,74" ten="250,250,250,250" oya="0" hai0="131,77,63,94,64,102,3,106,22,48,57,4,40" hai1="99,86,108,14,8,10,41,71,114,90,130,0,110" hai2="59,92,33,96,129,116,103,135,104,105,36,7,32" hai3="107,69,17,117,38,28,50,128,68,70,76,15,44"/><T124/><D124/><U46/><E71/><V2/><F129/><W62/><G117/><T42/><D131/><U115/><E0/><V49/><F36/><W51/><G128/><T132/><D132/><U20/><E99/><V89/><F135/><W45/><G107/><T113/><D113/><N who="1" m="43019" /><E20/><V123/><F123/><W34/><G38/><T111/><D106/><U101/><E101/><V109/><F109/><N who="1" m="42089" /><E14/><V98/><F105/><W75/><G62/><T58/><D111/><U88/><E130/><V78/><F116/><W80/><G34/><T12/><D3/><U93/><E90/><V127/><F127/><W52/><G28/><T35/><D35/><U125/><E125/><V30/><F30/><W25/><G25/><T84/><D102/><U100/><E100/><V5/><F2/><W97/><G97/><T83/><D22/><U37/><AGARI ba="0,0" hai="8,10,37,41,46,86,88,93" m="42089,43019" machi="37" ten="30,4000,0" yaku="11,1,14,1,54,1" doraHai="74" who="1" fromWho="1" sc="250,-20,250,40,250,-10,250,-10" /><INIT seed="1,0,0,3,3,76" ten="230,290,240,240" oya="1" hai0="127,116,31,68,78,74,36,79,71,2,98,34,94" hai1="132,15,42,92,101,12,122,130,128,29,28,119,81" hai2="30,103,19,37,66,38,135,80,21,111,90,27,54" hai3="99,97,93,96,73,58,56,114,9,26,57,23,45"/><U60/><E119/><V108/><F135/><W131/><G114/><T133/><D116/><U115/><E122/><V55/><F103/><W44/><G73/><T88/><D133/><U8/><E115/><V123/><F123/><W100/><G131/><N who="1" m="50218" /><E132/><V87/><F66/><W53/><G9/><T43/><D2/><U50/><E60/><V25/><F54/><W1/><G1/><T118/><D118/><U65/><E65/><V112/><F55/><W22/><G53/><T62/><D127/><U126/><E126/><V10/><F112/><W110/><G110/><N who="2" m="42025" /><F10/><W95/><G100/><T113/><D113/><U67/><E67/><V72/><F72/><W13/><G13/><T105/><D62/><U104/><E104/><V4/><F4/><W6/><G6/><T64/><D64/><U106/><E106/><V3/><F3/><W63/><G63/><T77/><D105/><U48/><E15/><V51/><F51/><N who="1" m="19497" /><E42/><V11/><F11/><W39/><G39/><T7/><D74/><U61/><E61/><V33/><AGARI ba="0,0" hai="19,21,25,27,30,33,37,38,80,87,90" m="42025" machi="33" ten="30,2000,0" yaku="14,1,52,1" doraHai="76" who="2" fromWho="2" sc="230,-5,290,-10,240,20,240,-5" /><INIT seed="2,0,0,0,0,90" ten="225,280,260,235" oya="2" hai0="112,129,8,111,7,20,126,92,76,127,128,135,6" hai1="73,104,26,59,66,64,39,45,95,18,51,0,110" hai2="31,80,101,82,38,56,32,87,93,75,81,14,42" hai3="79,60,63,13,98,67,120,53,83,52,17,91,3"/><V86/><F75/><W5/><G120/><T85/><D112/><U23/><E104/><V57/><F38/><W9/><G63/><T43/><D111/><U24/><E0/><V74/><F74/><W134/><G134/><T19/><D43/><U37/><E73/><V44/><F32/><W62/><G62/><T11/><D76/><U35/><E110/><V50/><F31/><W28/><G79/><T130/><D92/><U133/><E133/><V49/><F14/><W97/><G28/><T106/><D85/><N who="2" m="32266" /><F49/><W77/><G77/><T113/><D106/><U70/><E70/><V55/><F42/><W118/><G118/><T116/><D113/><U25/><E37/><V65/><F65/><W22/><G83/><T68/><D68/><U10/><E39/><V125/><F125/><N who="0" m="47626" /><D135/><U108/><E35/><V27/><F27/><W117/><G117/><T12/><D116/><U105/><E105/><V54/><F55/><W132/><G132/><T88/><D88/><U122/><E26/><V78/><F78/><W34/><G34/><T84/><D84/><U109/><E25/><V96/><AGARI ba="0,0" hai="44,50,54,56,57,80,81,82,93,96,101" m="32266" machi="96" ten="30,3000,0" yaku="8,1,52,1" doraHai="90" who="2" fromWho="2" sc="225,-10,280,-10,260,30,235,-10" /><INIT seed="2,1,0,0,3,37" ten="215,270,290,225" oya="2" hai0="1,134,131,108,128,36,119,24,125,13,79,8,19" hai1="40,67,94,56,38,71,22,99,72,42,17,18,91" hai2="100,77,58,106,9,44,50,65,117,135,96,89,53" hai3="124,90,76,87,46,66,82,70,41,109,97,122,85"/><V15/><F117/><W116/><G109/><T121/><D79/><U126/><E38/><V81/><F135/><W98/><G116/><T7/><D36/><U120/><E71/><V88/><F65/><W84/><G122/><T114/><D119/><U60/><E72/><V52/><F53/><W129/><G129/><N who="0" m="49739" /><D121/><U45/><E120/><V3/><F3/><W27/><G124/><T107/><D107/><U4/><E126/><V11/><F58/><W101/><G27/><T55/><D55/><U78/><E78/><V43/><F52/><W93/><G66/><T130/><N who="0" m="49747" /><T61/><DORA hai="25" /><D61/><U64/><E64/><V118/><F9/><W47/><G47/><T95/><D125/><U83/><E4/><N who="2" m="3559" /><F118/><W31/><G70/><T10/><D114/><U104/><E104/><V34/><F34/><W5/><G5/><N who="0" m="1071" /><D95/><U74/><E45/><V105/><F105/><W112/><G112/><T54/><D54/><U26/><E74/><V20/><F20/><W33/><G33/><T23/><D108/><U32/><E32/><V69/><F69/><W103/><G46/><T86/><D86/><AGARI ba="1,0" hai="43,44,50,77,81,86,88,89,96,100,106" m="3559" machi="86" ten="30,5800,0" yaku="25,1,52,1,54,1" doraHai="37,25" who="2" fromWho="0" sc="215,-61,270,0,290,61,225,0" /><INIT seed="2,2,0,4,2,82" ten="154,270,351,225" oya="2" hai0="68,91,71,24,61,131,84,45,121,130,86,60,83" hai1="47,89,134,43,10,116,44,112,22,128,42,127,85" hai2="18,117,20,2,75,110,25,119,70,14,48,125,13" hai3="11,81,106,16,124,21,80,51,35,1,40,94,96"/><V3/><F75/><W29/><G106/><T132/><D121/><U41/><E112/><V33/><F70/><W100/><G124/><T118/><D132/><U17/><E116/><N who="2" m="44619" /><F48/><W111/><G111/><T28/><D118/><U5/><E128/><N who="0" m="49193" /><D45/><U120/><E134/><V67/><F67/><W79/><G79/><T90/><D68/><U27/><E127/><V101/><F101/><W105/><G105/><T135/><D71/><U34/><E34/><V113/><F125/><W95/><G95/><N who="0" m="54727" /><D135/><U123/><E120/><V0/><F113/><W49/><G40/><T8/><D8/><U77/><E123/><V37/><F37/><W87/><G51/><T30/><D30/><U63/><E63/><V108/><F33/><AGARI ba="2,0" hai="24,28,33,60,61,83,86,91" m="54727,49193" machi="33" ten="30,3900,0" yaku="19,1,52,2" doraHai="82" who="0" fromWho="2" sc="154,45,270,0,351,-45,225,0" /><INIT seed="3,0,0,5,2,44" ten="199,270,306,225" oya="3" hai0="70,7,52,51,1,15,16,126,25,81,9,66,98" hai1="99,21,47,131,86,42,95,123,106,125,90,5,60" hai2="79,62,129,17,64,84,4,103,89,2,72,87,105" hai3="6,80,124,133,41,110,38,117,29,108,113,91,76"/><W107/><G113/><T115/><D115/><U49/><E123/><V32/><F72/><W56/><G117/><T67/><D126/><U33/><E33/><V93/><F2/><W101/><G124/><T109/><D109/><N who="3" m="42089" /><G133/><T120/><D120/><U63/><E125/><V92/><F4/><W128/><G128/><T36/><D36/><U73/><E73/><V12/><F32/><W22/><G6/><T74/><D70/><U59/><E131/><V122/><F122/><W31/><G91/><T94/><D74/><U23/><E5/><V35/><F35/><W134/><G134/><T3/><D81/><N who="1" m="49487" /><E106/><V75/><F105/><W46/><G22/><N who="1" m="8202" /><E59/><V116/><F75/><N who="3" m="43039" /><G56/><N who="0" m="32799" /><D3/><U82/><E82/><V69/><F116/><W13/><G13/><T78/><D1/><U26/><E26/><V58/><F12/><W127/><G127/><T37/><D37/><U19/><E19/><V65/><F17/><W11/><G11/><T55/><D78/><U102/><AGARI ba="0,0" hai="42,47,49,60,63,95,99,102" m="8202,49487" machi="102" ten="30,2000,0" yaku="8,1,52,1" doraHai="44" who="1" fromWho="1" sc="199,-5,270,20,306,-5,225,-10" owari="194,-30.6,290,9.0,301,40.1,215,-18.5" /></mjloggm>