<mjloggm ver="2.3"><GO type="225" lobby="0"/><UN n0="%28%EF%BF%A3%E2%96%BD%EF%BF%A3%29%CE%B4%E2%8C%92%E3%83%BB" n1="%E3%81%B5%E3%81%98%E3%81%8B%E3%81%A4" n2="%77%72%77%72%77%72%77%72" n3="%E3%83%8F%E3%83%B3%E3%83%89%E3%83%A9%E3%83%BC%E3%83%BB%E3%83%AF%E3%83%B3" dan="16,16,17,17" rate="2161.92,2159.52,2193.55,2259.45" sx="M,M,M,M"/><TAIKYOKU oya="0"/><INIT seed="0,0,0,1,5,66" ten="250,250,250,250" oya="0" hai0="68,21,31,120,72,28,15,41,118,50,129,47,95" hai1="55,78,70,9,82,61,12,117,134,110,108,18,74" hai2="37,1,51,25,40,86,135,115,64,8,85,23,14" hai3="19,84,103,4,59,99,104,127,109,11,125,38,20"/><T130/><D72/><U2/><E117/><V80/><F115/><W102/><G38/><T36/><D118/><U124/><E124/><V67/><F135/><W107/><G109/><N who="1" m="42090" /><E134/><V7/><F1/><W43/><G43/><T44/><D120/><U123/><E2/><V0/><F37/><W101/><G84/><T45/><D95/><U26/><E26/><V17/><F0/><W65/><G65/><T22/><D15/><U48/><E123/><V133/><F86/><W56/><G11/><T88/><D88/><U46/><E61/><V62/><F62/><W63/><G4/><T75/><D75/><U35/><E35/><V122/><F133/><W3/><G3/><T106/><D106/><U6/><E6/><V10/><F10/><W54/><G59/><T105/><D105/><U42/><E42/><V71/><F71/><AGARI ba="0,0" hai="9,12,18,46,48,55,70,71,74,78,82" m="42090" machi="71" ten="30,3900,0" yaku="14,1,52,2" doraHai="66" who="1" fromWho="2" sc="250,0,250,39,250,-39,250,0" /><INIT seed="1,0,0,1,0,60" ten="250,289,211,250" oya="1" hai0="11,118,66,93,113,107,28,61,131,128,114,117,25" hai1="67,83,97,95,84,132,2,77,24,19,82,23,31" hai2="30,64,68,112,91,20,57,33,38,4,72,121,101" hai3="70,56,49,9,50,16,126,73,7,106,39,27,105"/><U86/><E132/><V130/><F121/><W43/><G70/><N who="0" m="42319" /><D93/><U45/><E2/><V47/><F72/><W90/><G73/><T41/><D107/><U119/><E119/><N who="0" m="45577" /><D11/><U48/><E67/><V120/><F120/><W100/><G126/><T75/><D75/><U87/><E31/><V124/><F68/><W98/><G106/><T8/><D8/><U32/><E32/><V15/><F33/><W71/><G71/><T63/><D63/><U14/><E24/><V35/><F35/><W52/><G90/><T102/><D102/><U13/><E13/><V42/><F91/><W44/><G39/><T109/><D109/><U88/><REACH who="1" step="1"/><E83/><REACH who="1" ten="250,279,211,250" step="2"/><V81/><F81/><W76/><G27/><T111/><D25/><U17/><E17/><V1/><F15/><W21/><G16/><T94/><D28/><U6/><E6/><V22/><F4/><W133/><G133/><T46/><D111/><U5/><E5/><V96/><F1/><W92/><G7/><T3/><D3/><U29/><E29/><V54/><F30/><W85/><G9/><T108/><D108/><U127/><E127/><V135/><F124/><W10/><G10/><T53/><D114/><U37/><E37/><V125/><F112/><W129/><G21/><N who="2" m="8297" /><F125/><W62/><G129/><T99/><D113/><U36/><E36/><V55/><F130/><W74/><G74/><T18/><D131/><U122/><E122/><V104/><F135/><W40/><G40/><AGARI ba="0,1" hai="14,19,23,40,45,48,77,82,84,86,87,88,95,97" machi="40" ten="30,11600,0" yaku="1,1,7,1,8,1,54,1,53,0" doraHai="60" doraHaiUra="51" who="1" fromWho="3" sc="250,0,279,126,211,0,250,-116" /><INIT seed="1,1,0,0,0,123" ten="250,405,211,134" oya="1" hai0="124,36,15,39,63,115,119,18,94,8,75,1,67" hai1="0,118,13,96,54,99,129,81,74,98,134,30,100" hai2="97,77,14,126,85,27,50,23,91,117,66,17,25" hai3="32,135,101,35,9,58,107,128,49,22,11,38,33"/><U12/><E118/><V47/><F117/><W95/><G38/><T130/><D119/><U20/><E134/><V111/><F111/><W43/><G135/><T127/><D75/><U62/><E129/><V5/><F126/><N who="0" m="48170" /><D130/><U103/><E0/><V10/><F66/><W113/><G113/><T53/><D115/><U76/><E54/><V106/><F106/><W52/><G128/><T105/><D105/><U65/><E12/><V120/><F120/><W87/><G43/><T57/><D1/><U55/><E55/><V104/><F104/><W41/><G41/><T109/><D94/><U60/><E60/><V37/><F37/><N who="0" m="14410" /><D53/><U90/><E90/><V34/><F97/><W16/><G107/><T45/><D45/><U19/><REACH who="1" step="1"/><E30/><REACH who="1" ten="250,395,211,134" step="2"/><V80/><F91/><N who="3" m="53759" /><G101/><T112/><D112/><U83/><E83/><V3/><F80/><W73/><G73/><T121/><D121/><U61/><E61/><V4/><F3/><W42/><G42/><T92/><D92/><U68/><AGARI ba="1,1" hai="13,19,20,62,65,68,74,76,81,96,98,99,100,103" machi="68" ten="30,6000,0" yaku="1,1,0,1,53,1" doraHai="123" doraHaiUra="64" who="1" fromWho="1" sc="250,-21,395,73,211,-21,134,-21" /><INIT seed="1,2,0,0,3,128" ten="229,468,190,113" oya="1" hai0="61,120,27,5,32,49,43,83,29,10,26,123,99" hai1="110,116,45,39,134,133,8,91,80,87,56,82,42" hai2="2,4,1,46,63,12,98,90,44,97,28,126,117" hai3="17,25,129,7,37,70,103,72,85,65,15,67,92"/><U53/><E116/><V112/><F117/><W131/><G72/><T48/><D61/><U69/><E69/><V109/><F109/><W125/><G37/><T135/><D99/><U57/><E110/><V81/><F126/><W77/><G125/><T14/><D27/><U71/><E71/><V35/><F112/><W111/><G111/><T60/><D60/><U55/><E8/><N who="2" m="4103" /><F35/><W13/><G25/><T89/><D43/><U106/><E106/><V16/><F28/><W118/><G118/><T62/><D62/><U33/><E33/><V76/><F1/><W66/><G70/><T102/><D102/><U94/><E82/><V3/><F3/><W0/><G0/><T88/><D135/><N who="1" m="51723" /><E80/><V73/><F2/><W114/><G114/><T132/><D132/><U18/><E18/><V52/><F16/><W23/><G77/><T47/><D83/><U19/><E19/><V122/><F76/><W79/><G79/><T51/><REACH who="0" step="1"/><D47/><REACH who="0" ten="219,468,190,113" step="2"/><U96/><E96/><V104/><F44/><W64/><G131/><T95/><D95/><U34/><E34/><V58/><F46/><W31/><G92/><T74/><D74/><U54/><AGARI ba="2,1" hai="39,42,45,53,54,55,56,57,87,91,94" m="51723" machi="54" ten="30,11700,0" yaku="20,1,52,3" doraHai="128" who="1" fromWho="1" sc="219,-41,468,133,190,-41,113,-41" /><INIT seed="1,3,0,1,3,103" ten="178,601,149,72" oya="1" hai0="52,33,8,122,101,17,92,15,59,0,39,82,112" hai1="133,106,88,48,1,21,98,47,20,32,86,97,108" hai2="76,131,84,31,50,78,38,16,128,75,118,96,11" hai3="5,41,2,56,60,10,23,69,80,115,74,6,42"/><U116/><E116/><V89/><F38/><W107/><G115/><T9/><D33/><U90/><E32/><V24/><F118/><W29/><G69/><T135/><D39/><U3/><E133/><V63/><F96/><W132/><G132/><T99/><D135/><U117/><E117/><V102/><F102/><W35/><G35/><T57/><D112/><U87/><E48/><V68/><F50/><W7/><G107/><T79/><D122/><U71/><E47/><V58/><F68/><W111/><G111/><T70/><D70/><U22/><E71/><V77/><F75/><W105/><G105/><T25/><D25/><U72/><E72/><V46/><F46/><W66/><G29/><T44/><D8/><U104/><E21/><N who="2" m="15759" /><F131/><W27/><G27/><T124/><D0/><U30/><E30/><V73/><F73/><W55/><G23/><T61/><D124/><U83/><E83/><V129/><F129/><W110/><G110/><AGARI ba="3,0" hai="1,3,20,22,86,87,88,90,97,98,104,106,108,110" machi="110" ten="25,12000,1" yaku="22,2,52,2,54,1" doraHai="103" who="1" fromWho="3" sc="178,0,601,129,149,0,72,-129" owari="178,-2.2,730,83.0,149,-25.1,-57,-55.7" /></mjloggm>