<mjloggm ver="2.3"><GO type="225" lobby="0"/><UN n0="%E5%80%89%E6%A9%8B%EF%BC%A0%E4%BA%8B%E5%8B%99" n1="%E3%81%BE%E3%81%A8%E3%81%9F" n2="%E3%81%AF%E3%82%88%E3%81%8A%E3%81%98%E3%81%95%E3%82%93" n3="%E3%83%B4%E3%83%A0%EF%BC%99%E3%81%A6" dan="16,16,16,17" rate="2129.28,2153.38,2159.00,2171.85" sx="M,M,M,M"/><TAIKYOKU oya="0"/><INIT seed="0,0,0,2,1,20" ten="250,250,250,250" oya="0" hai0="126,117,58,0,107,32,84,79,115,6,70,23,80" hai1="57,81,27,109,129,83,124,72,41,78,3,18,36" hai2="97,89,52,85,95,37,128,135,1,61,64,7,111" hai3="102,104,123,12,87,40,10,106,56,76,94,60,105"/><T120/><D70/><U39/><E109/><V100/><F111/><W22/><G123/><T59/><D32/><U66/><E129/><V51/><F128/><W26/><G40/><T19/><D120/><U50/><E3/><V65/><F135/><W5/><G76/><T38/><D38/><U108/><E108/><V77/><F37/><W2/><G2/><T133/><D107/><U75/><E124/><V47/><F77/><W127/><G127/><T8/><D115/><U93/><E93/><V9/><REACH who="2" step="1"/><F61/><REACH who="2" ten="250,250,240,250" step="2"/><W112/><G112/><T17/><D133/><U132/><E132/><V71/><F71/><W92/><G102/><T110/><D110/><U90/><E78/><V121/><F121/><W53/><REACH who="3" step="1"/><G87/><REACH who="3" ten="250,250,240,240" step="2"/><T45/><D126/><U99/><E39/><V63/><F63/><W44/><G44/><T31/><D45/><U74/><E75/><V101/><F101/><W91/><G91/><T122/><D122/><U88/><E90/><V114/><F114/><W43/><G43/><T13/><D117/><U113/><E88/><V49/><F49/><W62/><G62/><T119/><D119/><U42/><E74/><V55/><F55/><W30/><AGARI ba="0,2" hai="5,10,12,22,26,30,53,56,60,92,94,104,105,106" machi="30" ten="30,4000,0" yaku="1,1,0,1,52,1,53,0" doraHai="20" doraHaiUra="96" who="3" fromWho="3" sc="250,-20,250,-10,240,-10,240,60" /><INIT seed="1,0,0,4,4,28" ten="230,240,230,300" oya="1" hai0="124,94,59,68,57,49,21,19,13,109,32,46,14" hai1="62,111,8,52,42,118,64,58,3,20,87,91,69" hai2="83,72,71,33,108,31,17,60,102,66,128,25,26" hai3="61,132,15,10,134,40,97,12,90,129,76,11,18"/><U115/><E115/><V55/><F108/><W30/><G76/><T41/><D68/><U65/><E118/><V43/><F128/><W47/><G129/><T37/><D109/><U36/><E111/><V38/><F102/><W84/><G97/><T117/><D117/><U119/><E119/><V126/><F126/><W82/><G61/><T63/><D124/><U116/><E116/><V123/><F123/><W4/><REACH who="3" step="1"/><G30/><REACH who="3" ten="230,240,230,290" step="2"/><T48/><D63/><U0/><E69/><V34/><F31/><W96/><G96/><T67/><D37/><AGARI ba="0,1" hai="4,10,11,12,15,18,37,40,47,82,84,90,132,134" machi="37" ten="40,1300,0" yaku="1,1,53,0" doraHai="28" doraHaiUra="107" who="3" fromWho="0" sc="230,-13,240,0,230,0,290,23" /><INIT seed="2,0,0,0,2,128" ten="217,240,230,313" oya="2" hai0="42,28,66,88,29,86,110,92,8,52,21,122,108" hai1="77,3,7,58,79,112,99,93,33,38,48,23,82" hai2="120,17,113,131,134,1,106,61,75,85,105,57,6" hai3="89,109,55,73,34,40,83,51,27,74,9,10,43"/><V5/><F120/><W116/><G116/><T26/><D122/><U114/><E33/><V14/><F75/><W41/><G109/><N who="0" m="42091" /><D42/><U47/><E38/><V91/><F113/><W25/><G73/><T59/><D8/><N who="3" m="3177" /><G34/><T0/><D0/><U101/><E7/><N who="2" m="2571" /><F1/><W126/><G74/><T35/><D66/><U111/><E3/><V60/><F131/><W54/><G126/><T37/><D37/><U46/><E111/><V64/><F60/><W121/><G121/><T129/><D129/><U36/><E36/><V132/><F17/><W2/><G2/><T104/><D104/><U30/><E112/><V62/><F14/><W123/><G123/><T4/><D4/><U50/><E114/><V76/><F76/><W81/><G55/><T97/><D35/><U18/><E77/><V133/><F61/><W11/><G11/><T24/><D86/><U84/><E30/><N who="0" m="11881" /><D21/><U53/><REACH who="1" step="1"/><E50/><AGARI ba="0,0" hai="24,26,50,52,59,88,92,97" m="11881,42091" machi="50" ten="30,3900,0" yaku="14,1,54,2" doraHai="128" who="0" fromWho="1" sc="217,39,240,-39,230,0,313,0" /><INIT seed="3,0,0,2,5,54" ten="256,201,230,313" oya="3" hai0="79,133,29,86,21,99,47,10,8,96,75,57,88" hai1="127,23,65,53,87,1,128,123,2,102,72,7,50" hai2="34,9,19,27,122,39,103,59,107,52,105,100,83" hai3="61,38,117,106,115,4,119,85,113,125,51,129,40"/><W109/><G106/><T118/><D118/><N who="3" m="45065" /><G85/><T42/><D75/><U92/><E72/><V37/><F122/><W77/><G77/><T43/><D79/><U63/><E123/><V0/><F83/><W104/><G104/><T32/><D32/><U95/><E127/><V116/><F116/><W26/><G125/><T11/><D133/><U62/><E128/><V124/><F124/><W108/><G129/><T17/><D29/><U16/><E7/><N who="2" m="1255" /><F107/><W93/><G93/><T135/><D135/><U82/><E2/><V12/><F27/><W121/><G121/><T68/><D68/><U14/><E1/><V6/><F34/><W114/><G4/><T15/><D43/><U5/><E5/><V81/><F81/><W33/><G51/><N who="0" m="27127" /><D57/><N who="1" m="37071" /><E63/><N who="2" m="36327" /><F6/><W76/><G61/><T74/><D74/><U78/><E102/><N who="2" m="38955" /><F105/><W70/><G76/><T44/><D44/><AGARI ba="0,0" hai="14,16,23,44,50,53,78,82,87,92,95" m="37071" machi="44" ten="30,3900,0" yaku="8,1,52,1,54,1" doraHai="54" who="1" fromWho="0" sc="256,-39,201,39,230,0,313,0" owari="217,-28.3,240,4.0,230,-17.0,313,41.3" /></mjloggm>