<mjloggm ver="2.3"><GO type="225" lobby="0"/><UN n0="%E3%83%AD%E3%83%83%E3%83%86%E9%9B%80%E7%90%83" n1="%48%61%61%61%6C%61%6E%64" n2="%72%69%6F%75%63%68%61%6E" n3="%E3%83%89%E3%83%A9%E3%81%8F%E3%82%8C" dan="16,18,17,17" rate="2190.53,2195.61,2247.33,2216.47" sx="M,M,M,M"/><TAIKYOKU oya="0"/><INIT seed="0,0,0,1,3,28" ten="250,250,250,250" oya="0" hai0="21,99,81,124,129,102,125,64,131,23,37,72,56" hai1="9,62,41,126,39,49,54,78,134,43,82,33,31" hai2="83,130,109,20,108,117,80,119,133,45,110,69,48" hai3="71,70,3,42,128,27,67,47,15,121,22,53,2"/><T8/><D37/><U57/><E126/><N who="0" m="48745" /><D8/><U111/><E111/><V76/><F130/><N who="0" m="49674" /><D64/><U26/><E134/><V7/><F133/><W96/><G121/><T19/><D56/><U16/><E39/><V98/><F69/><W94/><G128/><T65/><D65/><U85/><REACH who="1" step="1"/><E62/><REACH who="1" ten="250,240,250,250" step="2"/><V100/><F119/><W6/><G71/><T18/><D72/><U88/><E88/><V25/><F76/><W50/><G70/><T97/><D81/><U52/><E52/><N who="2" m="29711" /><F117/><W40/><G53/><T92/><D99/><U17/><E17/><AGARI ba="0,1" hai="17,18,19,21,23,92,97,102" m="49674,48745" machi="17" ten="30,2900,0" yaku="18,1,19,1" doraHai="28" who="0" fromWho="1" sc="250,39,240,-29,250,0,250,0" /><INIT seed="0,1,0,5,3,37" ten="289,211,250,250" oya="0" hai0="116,66,58,22,52,124,0,115,109,95,19,69,90" hai1="82,62,55,38,112,8,10,15,65,83,133,93,73" hai2="106,26,49,7,9,11,68,91,12,114,129,113,84" hai3="75,125,46,57,96,3,56,29,89,67,14,30,16"/><T25/><D115/><U24/><E112/><V64/><F129/><W45/><G3/><T99/><D116/><U63/><E133/><V78/><F106/><W118/><G75/><T127/><D0/><U70/><E38/><V61/><F78/><W41/><G118/><T87/><D69/><U54/><E93/><V13/><F26/><W47/><G125/><T2/><D2/><U1/><E24/><V98/><F98/><W28/><G67/><T105/><D66/><U34/><E34/><V44/><F91/><W80/><G41/><T85/><D109/><U42/><E42/><V132/><F84/><N who="3" m="50311" /><G96/><T117/><D117/><U51/><E1/><V130/><F130/><W104/><G104/><T20/><D20/><AGARI ba="1,0" hai="14,16,20,28,29,30,45,46,47,56,57" m="50311" machi="20" ten="30,2000,0" yaku="8,1,54,1" doraHai="37" who="3" fromWho="0" sc="289,-23,211,0,250,0,250,23" /><INIT seed="1,0,0,3,5,86" ten="266,211,250,273" oya="1" hai0="60,94,75,103,105,31,81,70,133,106,8,114,67" hai1="76,131,72,1,14,11,77,69,25,66,20,43,9" hai2="102,52,89,134,83,123,85,118,0,107,116,122,130" hai3="16,19,10,62,100,44,108,128,68,126,96,33,40"/><U54/><E131/><V35/><F35/><W39/><G128/><T117/><D114/><U64/><E43/><V27/><F0/><W87/><G126/><T91/><D117/><N who="2" m="45162" /><F52/><W23/><G33/><T90/><D133/><U24/><E72/><V32/><F27/><N who="1" m="10313" /><E1/><V125/><F32/><W92/><G108/><T101/><D31/><U36/><E36/><V88/><F130/><W22/><G68/><T3/><D106/><U13/><E20/><V98/><F125/><W99/><G62/><T7/><D105/><U61/><E69/><V50/><F50/><W124/><G124/><T2/><D2/><U104/><E104/><V34/><F34/><W12/><G19/><T29/><D29/><U95/><E54/><V110/><F110/><W59/><G59/><T47/><D47/><U5/><E95/><N who="2" m="56679" /><F134/><W45/><G45/><T21/><D21/><U111/><E111/><V73/><F73/><W46/><G46/><T18/><D75/><U84/><E61/><V56/><F56/><W79/><G23/><T135/><D135/><U17/><E64/><V82/><F83/><N who="3" m="47615" /><G22/><T26/><D26/><U65/><E65/><V113/><F113/><W127/><G127/><T129/><D129/><U57/><E66/><V93/><F107/><W112/><G112/><T49/><D49/><U132/><E132/><V109/><F109/><W51/><G39/><T42/><D42/><U4/><E57/><V71/><F71/><W120/><G120/><T38/><D38/><U6/><E17/><V74/><F74/><W115/><G115/><T41/><D70/><U121/><E121/><RYUUKYOKU ba="0,0" sc="266,-15,211,-15,250,15,273,15" hai2="82,85,89,93,102,122,123" hai3="10,12,16,40,44,51,92,96,99,100" /><INIT seed="2,1,0,1,4,22" ten="251,196,265,288" oya="2" hai0="68,119,67,80,28,4,109,134,16,83,113,39,103" hai1="64,63,46,25,101,111,116,85,91,92,74,56,94" hai2="48,65,95,26,45,13,55,125,17,126,42,18,87" hai3="75,89,71,60,50,24,35,99,70,0,78,43,120"/><V34/><F65/><W121/><G0/><T124/><D113/><U105/><E111/><V88/><F42/><W5/><G5/><T6/><D39/><U100/><E116/><V41/><F41/><W82/><G89/><T19/><D109/><U131/><E131/><V72/><F72/><W20/><G35/><T79/><D124/><N who="2" m="47722" /><F13/><W106/><G70/><T104/><D134/><U32/><E74/><V44/><F44/><W115/><G115/><T135/><D28/><AGARI ba="1,0" hai="17,18,26,28,34,45,48,55,87,88,95" m="47722" machi="28" ten="30,5800,0" yaku="18,1,52,1,54,1" doraHai="22" who="2" fromWho="0" sc="251,-61,196,0,265,61,288,0" /><INIT seed="2,2,0,2,0,121" ten="190,196,326,288" oya="2" hai0="129,64,35,94,90,14,22,54,102,131,87,82,74" hai1="59,24,128,97,56,29,95,18,79,124,19,76,100" hai2="44,48,34,72,27,53,32,99,73,55,12,70,38" hai3="133,111,13,41,86,31,26,62,15,10,69,42,108"/><V93/><F70/><W20/><G133/><T2/><D2/><U126/><E128/><N who="0" m="49225" /><D35/><U103/><E95/><V80/><F38/><W92/><G69/><T91/><D64/><U119/><E97/><V63/><F12/><W127/><G62/><T39/><D39/><U67/><E29/><V105/><F105/><W110/><G127/><N who="1" m="48682" /><E119/><V112/><F112/><W23/><G23/><T60/><D74/><U49/><E49/><V61/><F63/><W71/><G71/><T0/><D0/><U5/><E5/><V21/><F80/><W84/><G15/><T96/><D14/><U51/><E51/><V113/><F113/><W45/><G92/><N who="0" m="58631" /><D22/><N who="1" m="13399" /><E19/><V30/><F32/><W40/><REACH who="3" step="1"/><G45/><REACH who="3" ten="190,196,326,278" step="2"/><T135/><D135/><U50/><E59/><N who="2" m="35055" /><F34/><W77/><G77/><N who="0" m="46543" /><D94/><U57/><E57/><AGARI ba="2,1" hai="54,57,60,90,91" m="46543,58631,49225" machi="57" ten="30,1000,0" yaku="19,1" doraHai="121" who="0" fromWho="1" sc="190,26,196,-16,326,0,278,0" /><INIT seed="3,0,0,1,1,70" ten="216,180,326,278" oya="3" hai0="60,115,26,40,123,58,100,81,90,111,108,62,13" hai1="76,118,79,92,55,86,59,134,109,31,56,2,64" hai2="119,102,50,5,96,38,128,17,95,84,34,19,83" hai3="8,104,43,113,85,57,74,114,4,124,42,66,52"/><W7/><G74/><T69/><D123/><U10/><E109/><N who="0" m="42057" /><D115/><U67/><E134/><V91/><F38/><W93/><G104/><T112/><D112/><U28/><E118/><V63/><F119/><W73/><G73/><T41/><D100/><U117/><E117/><V121/><F34/><W126/><G66/><N who="0" m="41175" /><D13/><U6/><E67/><V80/><F128/><W39/><G93/><T88/><D26/><U89/><E59/><V15/><F121/><W1/><G85/><N who="0" m="50223" /><D90/><U106/><E64/><AGARI ba="0,0" hai="40,41,58,60,64" m="50223,41175,42057" machi="64" ten="30,2000,0" yaku="14,1,54,1" doraHai="70" who="0" fromWho="1" sc="216,20,180,-20,326,0,278,0" owari="236,-16.4,160,-34.0,326,42.6,278,7.8" /></mjloggm>