<mjloggm ver="2.3"><GO type="225" lobby="0"/><UN n0="%E8%81%B7%E6%A5%AD%E3%80%81%E9%A2%A8%32" n1="%6E%69%63%6F%6E%74%6F" n2="%33%74%72%65%65" n3="%E3%81%A1%E3%82%85%E3%81%86%E3%81%A9%E3%81%8F%E8%B1%A1%E3%81%95%E3%82%93" dan="16,17,17,16" rate="2092.03,2146.63,2138.51,2108.91" sx="M,M,F,M"/><TAIKYOKU oya="0"/><INIT seed="0,0,0,0,3,62" ten="250,250,250,250" oya="0" hai0="43,50,101,37,39,14,126,36,20,32,1,57,117" hai1="16,81,85,10,61,115,64,118,60,27,129,54,55" hai2="6,68,89,75,73,5,70,46,86,17,0,18,123" hai3="95,119,114,11,79,56,108,134,35,51,41,122,102"/><T22/><D117/><U25/><E129/><V128/><F46/><W44/><G119/><T69/><D69/><U9/><E118/><V111/><F128/><W48/><G114/><T91/><D32/><U19/><E115/><V96/><F96/><W98/><G35/><T21/><D1/><U120/><E120/><V107/><F107/><W49/><G122/><T135/><D101/><U15/><E85/><V132/><F86/><W8/><G108/><T40/><D135/><U113/><E113/><V2/><F89/><W93/><G134/><T23/><D126/><U125/><E81/><V71/><F71/><W105/><G79/><T97/><D14/><U74/><E15/><V63/><F63/><W82/><G82/><T124/><D124/><U100/><E100/><V80/><F80/><W131/><G131/><T29/><D29/><U66/><REACH who="1" step="1"/><E125/><REACH who="1" ten="250,240,250,250" step="2"/><V76/><F123/><W87/><G87/><T103/><D103/><U121/><E121/><V130/><F130/><W28/><G102/><T24/><D97/><U133/><E133/><V4/><F132/><W58/><G98/><T78/><D24/><U106/><E106/><V3/><F111/><W99/><G105/><T83/><D91/><U30/><E30/><V88/><F0/><W92/><G28/><T7/><D7/><U53/><E53/><V67/><F2/><W45/><G99/><T104/><D104/><U112/><E112/><V31/><F3/><W116/><G116/><T38/><N who="0" m="5120" /><DORA hai="12" /><T59/><N who="0" m="9216" /><DORA hai="52" /><T34/><D34/><U47/><E47/><N who="3" m="17994" /><G41/><N who="0" m="15947" /><D50/><U127/><E127/><V65/><F31/><RYUUKYOKU ba="0,1" sc="250,10,240,10,250,-30,250,10" hai0="57,59,78,83" hai1="9,10,16,19,25,27,54,55,60,61,64,66,74" hai3="8,11,48,49,51,56,58,92,93,95" /><INIT seed="0,1,1,0,5,55" ten="260,250,220,260" oya="0" hai0="88,81,18,3,131,29,62,85,14,74,104,43,63" hai1="120,34,86,24,123,130,94,47,65,102,107,100,93" hai2="13,11,1,91,99,51,22,111,2,89,87,52,20" hai3="73,37,12,56,78,36,108,17,39,64,50,58,114"/><T105/><D131/><U25/><E130/><V134/><F111/><W68/><G114/><T90/><D3/><U96/><E47/><V76/><F134/><W109/><G78/><T126/><D126/><U60/><E86/><V125/><F125/><W28/><G73/><T110/><D110/><N who="3" m="42601" /><G28/><T117/><D117/><U31/><E25/><V77/><F1/><W32/><G32/><T127/><D127/><U115/><E115/><V53/><F2/><W116/><G116/><T4/><D74/><U6/><E6/><N who="2" m="3319" /><F99/><W113/><G113/><T70/><D4/><U67/><E67/><V98/><F98/><W26/><G26/><T97/><D29/><U112/><E112/><V121/><F121/><N who="1" m="46665" /><E102/><V46/><F89/><W54/><G68/><AGARI ba="1,1" hai="24,31,34,60,65,68,93,94,96,100,107" m="46665" machi="68" ten="30,1000,0" yaku="25,1" doraHai="55" who="1" fromWho="3" sc="260,0,250,23,220,0,260,-13" /><INIT seed="1,0,0,2,4,108" ten="260,273,220,247" oya="1" hai0="60,45,62,109,75,24,7,67,43,51,31,59,13" hai1="11,86,129,119,77,21,99,68,48,71,96,81,65" hai2="82,3,23,10,112,118,127,83,107,80,16,63,130" hai3="30,85,100,122,8,97,93,39,64,17,89,52,91"/><U44/><E129/><V56/><F118/><W69/><G122/><T87/><D75/><U120/><E120/><V54/><F130/><W29/><G39/><T12/><D109/><U46/><E119/><V111/><F111/><W95/><G69/><T28/><D28/><U14/><E21/><V4/><F107/><W18/><G64/><T125/><D125/><U0/><E0/><V57/><F127/><W133/><G133/><T72/><D72/><U79/><E79/><V22/><F112/><W42/><G42/><T110/><D110/><U116/><E116/><V66/><REACH who="2" step="1"/><F16/><REACH who="2" ten="260,273,210,247" step="2"/><N who="3" m="6251" /><G8/><T135/><D135/><U33/><E11/><V34/><F34/><W19/><G19/><T49/><D13/><U105/><E33/><V35/><F35/><W121/><G121/><T20/><D12/><U55/><E14/><V58/><F58/><W113/><G113/><T98/><D7/><U37/><E105/><V9/><F9/><W117/><G117/><T88/><D59/><U134/><E71/><V61/><AGARI ba="0,1" hai="3,4,10,22,23,54,56,57,61,63,66,80,82,83" machi="61" ten="30,2000,0" yaku="1,1,0,1,53,0" doraHai="108" doraHaiUra="70" who="2" fromWho="2" sc="260,-5,273,-10,210,30,247,-5" /><INIT seed="2,0,0,1,5,25" ten="255,263,240,242" oya="2" hai0="9,101,106,35,113,88,55,102,90,62,85,31,114" hai1="51,67,45,72,17,29,95,78,5,105,6,26,98" hai2="64,134,53,120,66,129,2,73,4,46,108,103,117" hai3="87,63,1,7,82,38,115,57,22,37,56,123,65"/><V119/><F73/><W33/><G123/><T81/><D9/><U125/><E125/><V126/><F103/><W42/><G33/><T89/><D62/><U27/><E105/><V23/><F120/><W124/><G124/><T77/><D55/><U40/><E72/><V111/><F126/><W10/><G115/><N who="0" m="44043" /><D31/><U21/><E78/><V100/><F100/><N who="0" m="38506" /><D35/><U84/><E84/><V128/><F23/><W76/><G42/><T107/><AGARI ba="0,0" hai="77,81,85,88,89,90,106,107" m="38506,44043" machi="107" ten="40,5200,0" yaku="34,2,54,1" doraHai="25" who="0" fromWho="0" sc="255,52,263,-13,240,-26,242,-13" /><INIT seed="3,0,0,1,4,93" ten="307,250,214,229" oya="3" hai0="71,64,11,123,51,23,8,14,74,90,34,127,62" hai1="1,82,35,21,95,76,10,17,88,52,38,24,53" hai2="78,133,59,83,80,109,70,18,25,28,72,85,48" hai3="135,132,104,20,45,97,37,33,111,30,12,6,56"/><W44/><G111/><T79/><D123/><U19/><E38/><V94/><F109/><W29/><G33/><T99/><D34/><U102/><E102/><V50/><F70/><W66/><G37/><T7/><D127/><U101/><E101/><V67/><F133/><N who="3" m="51275" /><G104/><T113/><D113/><U16/><E35/><V84/><F72/><W130/><G130/><T105/><D51/><U112/><E112/><V86/><F18/><N who="1" m="7273" /><E10/><V2/><F2/><W87/><G87/><T81/><D23/><U107/><E1/><V63/><F94/><W46/><G97/><T103/><D11/><U15/><E15/><V73/><REACH who="2" step="1"/><F83/><REACH who="2" ten="307,250,204,229" step="2"/><W110/><G110/><T9/><D74/><U31/><E107/><V117/><F117/><W69/><G69/><T108/><D108/><U3/><E3/><V49/><F49/><W43/><G43/><T55/><D105/><U57/><E19/><V5/><F5/><W128/><G128/><T60/><D71/><U121/><E121/><V118/><F118/><W98/><G20/><AGARI ba="0,1" hai="20,25,28,48,50,59,63,67,73,78,80,84,85,86" machi="20" ten="40,1300,0" yaku="1,1,53,0" doraHai="93" doraHaiUra="114" who="2" fromWho="3" sc="307,0,250,0,204,23,229,-13" owari="307,40.7,250,5.0,227,-17.3,216,-28.4" /></mjloggm>