<mjloggm ver="2.3"><GO type="225" lobby="0"/><UN n0="%6D%75%75%6D%75%72%61" n1="%E3%81%9D%E3%81%8A%E3%81%9D%E3%81%9D" n2="%E7%89%B9%E6%9D%B1%E3%81%AF%E4%B8%96%E7%95%8C%E3%82%92%E6%95%91%E3%81%86" n3="%E3%82%BC%E3%83%AB%E3%83%80%E3%81%AE%E4%BC%9D%E8%AA%AC" dan="17,16,16,17" rate="2190.55,2068.10,2129.25,2258.67" sx="F,M,M,M"/><TAIKYOKU oya="0"/><INIT seed="0,0,0,5,3,116" ten="250,250,250,250" oya="0" hai0="27,135,19,26,78,28,45,81,86,66,131,10,17" hai1="93,57,121,104,53,103,59,128,113,115,124,110,37" hai2="74,50,58,79,21,82,70,9,34,61,52,67,68" hai3="133,11,49,100,7,92,91,31,75,39,36,20,72"/><T120/><D131/><U29/><E104/><V47/><F34/><W109/><G100/><T134/><D120/><U101/><E128/><V95/><F21/><W38/><G109/><T85/><D66/><U73/><E73/><V94/><F70/><W3/><G133/><N who="0" m="50699" /><D10/><U106/><E106/><V0/><REACH who="2" step="1"/><F68/><REACH who="2" ten="250,250,240,250" step="2"/><W123/><G123/><T12/><D28/><U14/><E29/><V40/><F40/><W105/><G20/><T71/><D71/><U77/><E113/><V62/><F62/><W107/><G31/><T69/><D69/><U4/><E115/><V33/><F33/><W32/><G32/><T46/><D27/><U99/><E121/><V56/><F56/><W65/><G11/><T8/><D26/><U18/><E57/><V114/><F114/><W80/><G36/><T16/><D86/><U102/><E59/><V96/><F96/><W112/><G38/><T35/><D35/><U126/><E37/><V84/><F84/><W89/><G39/><T83/><D83/><U44/><E99/><V43/><F43/><W41/><G41/><T55/><D55/><U125/><E53/><V88/><F88/><W6/><G112/><T13/><D8/><U63/><E63/><V122/><F122/><W60/><G80/><T130/><D130/><U119/><E126/><V23/><F23/><W117/><G75/><T42/><D42/><U108/><E124/><V24/><F24/><W97/><G72/><T5/><D12/><U30/><E14/><V98/><F98/><W87/><G97/><T1/><D13/><U132/><E125/><V118/><F118/><RYUUKYOKU ba="0,1" sc="250,15,250,-15,240,15,250,-15" hai0="1,5,16,17,19,45,46,78,81,85" hai2="0,9,47,50,52,58,61,67,74,79,82,94,95" /><INIT seed="0,1,1,3,2,75" ten="265,235,255,235" oya="0" hai0="7,111,124,40,107,38,121,6,52,74,72,117,30" hai1="70,99,54,67,68,96,81,78,88,10,44,73,26" hai2="87,12,104,103,21,71,61,64,1,56,79,42,106" hai3="46,22,33,31,11,114,95,86,101,36,131,24,135"/><T57/><D121/><U93/><E67/><V116/><F1/><W62/><G114/><T9/><D117/><U94/><E26/><V134/><F116/><W102/><G135/><T118/><D118/><U39/><E10/><V100/><F134/><W132/><G132/><T47/><D124/><U27/><E27/><V90/><F42/><W113/><G113/><T35/><D111/><U119/><E119/><V97/><F71/><W48/><G131/><T17/><D107/><U34/><E34/><V60/><F60/><W3/><G36/><T115/><D115/><U18/><E18/><V55/><F64/><W77/><G33/><T83/><D35/><U29/><E29/><V110/><F110/><W85/><G62/><T80/><D30/><U92/><E94/><N who="2" m="56535" /><F106/><W19/><G3/><T127/><D127/><U109/><E109/><V133/><F104/><W76/><G11/><T69/><D69/><U125/><E125/><V50/><F50/><W51/><G31/><T98/><D17/><U23/><E23/><V59/><F59/><W123/><G123/><T91/><D98/><U20/><E20/><V63/><F63/><W82/><G51/><T28/><D28/><U43/><REACH who="1" step="1"/><E54/><REACH who="1" ten="265,225,255,235" step="2"/><V14/><F133/><W25/><G24/><T0/><D9/><U49/><E49/><V122/><F122/><W8/><G8/><T41/><D7/><U4/><E4/><V84/><F21/><W130/><G95/><T129/><D6/><U13/><E13/><V58/><F14/><W65/><G65/><T108/><D108/><U112/><E112/><V120/><F120/><RYUUKYOKU ba="1,2" sc="265,-10,225,30,255,-10,235,-10" hai1="39,43,44,68,70,73,78,81,88,92,93,96,99" /><INIT seed="1,2,2,1,3,19" ten="255,255,245,225" oya="1" hai0="64,46,86,85,12,41,51,0,127,77,112,123,40" hai1="17,24,60,48,95,5,108,87,4,92,56,132,20" hai2="96,14,63,1,11,45,70,65,27,99,84,54,89" hai3="135,44,52,39,109,9,122,59,37,93,30,26,71"/><U34/><E34/><V134/><F1/><W83/><G122/><T72/><D112/><U121/><E121/><V49/><F134/><W74/><G71/><T104/><D0/><U81/><E132/><V35/><F35/><W50/><G135/><T114/><D114/><U2/><E48/><V80/><REACH who="2" step="1"/><F27/><REACH who="2" ten="255,255,235,225" step="2"/><W78/><G109/><T53/><D123/><U111/><E108/><V115/><F115/><W36/><G9/><T67/><D12/><U100/><E111/><V119/><F119/><W82/><G82/><T3/><D3/><U47/><E2/><V55/><F55/><W21/><REACH who="3" step="1"/><G93/><REACH who="3" ten="255,255,235,215" step="2"/><T16/><D104/><U38/><E92/><V25/><F25/><W125/><G125/><T101/><D127/><U133/><E95/><V118/><F118/><W23/><G23/><T105/><D105/><U73/><E20/><V88/><F88/><W57/><AGARI ba="2,4" hai="21,26,30,36,37,39,44,50,52,57,59,74,78,83" machi="57" ten="40,8000,1" yaku="1,1,0,1,52,1,54,1,53,1" doraHai="19" doraHaiUra="18" who="3" fromWho="3" sc="255,-22,255,-42,235,-22,215,126" /><INIT seed="2,0,0,0,0,99" ten="233,213,213,341" oya="2" hai0="98,129,113,93,71,84,0,54,109,70,135,7,25" hai1="69,85,94,53,133,2,74,17,63,13,6,30,41" hai2="11,119,131,127,37,96,16,72,80,62,82,5,60" hai3="95,116,58,15,29,3,48,115,21,90,79,50,22"/><V23/><F119/><W47/><G3/><T40/><D113/><U107/><E107/><V123/><F123/><W44/><G116/><T18/><D109/><U111/><E74/><V92/><F37/><W9/><G79/><T121/><D121/><U39/><E111/><V102/><F131/><W118/><G115/><T31/><D129/><U67/><E30/><V101/><F127/><W77/><G77/><T12/><D135/><U120/><E120/><V26/><F101/><W14/><G118/><T76/><D40/><U45/><E133/><V49/><F49/><W46/><G15/><T65/><D0/><U114/><E114/><V43/><F43/><W83/><G83/><N who="2" m="31785" /><F72/><W86/><G29/><T122/><D122/><U4/><E2/><V100/><F100/><W64/><G48/><T73/><D73/><U28/><E28/><V108/><F108/><W56/><G56/><T1/><D1/><U126/><E126/><V27/><F27/><W19/><G50/><T52/><D71/><U124/><E124/><V105/><F105/><W134/><G134/><T78/><D78/><U125/><E125/><V55/><F55/><W20/><G58/><T87/><D76/><U32/><E32/><V104/><F104/><W88/><G90/><N who="0" m="55607" /><D70/><U61/><E53/><N who="0" m="20585" /><D31/><U10/><REACH who="1" step="1"/><E61/><REACH who="1" ten="233,203,213,341" step="2"/><V91/><F91/><AGARI ba="0,1" hai="4,6,10,13,17,39,41,45,63,67,69,85,91,94" machi="91" ten="40,2600,0" yaku="1,1,2,1,53,0" doraHai="99" doraHaiUra="117" who="1" fromWho="2" sc="233,0,203,36,213,-26,341,0" /><INIT seed="3,0,0,2,5,38" ten="233,239,187,341" oya="3" hai0="95,33,119,124,24,93,86,90,46,19,126,108,106" hai1="102,85,82,27,37,36,69,103,11,15,67,54,105" hai2="1,97,71,8,132,23,120,100,129,3,10,61,122" hai3="32,128,51,79,78,83,64,80,21,121,110,20,113"/><W65/><G51/><T30/><D119/><U96/><E103/><V84/><F84/><W66/><G32/><T123/><D123/><N who="2" m="47146" /><F97/><W68/><G64/><T39/><D106/><U73/><E73/><V98/><F98/><W114/><G121/><T14/><D108/><U56/><E27/><V77/><F77/><W63/><G63/><T76/><D76/><U28/><E28/><V6/><F100/><W74/><G128/><T101/><D101/><U25/><E67/><V41/><F41/><W62/><G110/><T7/><D7/><U53/><E25/><V2/><F61/><W45/><G45/><T0/><D0/><N who="2" m="106" /><F71/><W44/><G44/><T57/><D57/><U58/><E58/><V135/><F129/><W125/><G62/><T131/><D131/><U118/><E69/><V94/><F94/><W70/><G74/><T55/><D55/><U134/><E54/><V43/><F43/><W52/><G52/><T13/><D46/><U109/><E53/><V88/><F88/><W81/><G81/><T29/><D39/><U112/><E82/><V91/><F91/><W50/><G50/><T117/><D95/><U87/><E56/><V75/><F75/><W116/><G79/><T99/><D99/><U89/><E96/><V111/><F111/><W17/><G78/><T47/><D47/><U107/><E102/><V104/><F104/><W59/><G59/><T42/><D42/><U5/><E107/><V9/><F23/><W115/><G70/><T4/><D93/><U26/><E105/><V12/><F12/><W127/><G68/><T72/><D90/><RYUUKYOKU ba="0,0" sc="233,-10,239,-10,187,30,341,-10" hai2="3,6,8,9,10,132,135" owari="223,-17.7,229,2.9,217,-28.3,331,43.1" /></mjloggm>