<mjloggm ver="2.3"><GO type="225" lobby="0"/><UN n0="%E3%82%B2%E3%82%B9%E8%8C%82%E5%8B%9D" n1="%E6%98%93%E5%88%A9%E8%96%A9%E4%BC%AF" n2="%E3%80%90%E3%83%88%E3%83%AA%E3%83%A5%E3%83%95%E3%80%91" n3="%E4%B8%89%E5%88%86%E5%B0%8F%E5%83%A7" dan="16,16,16,16" rate="2110.52,2094.07,2064.69,2094.36" sx="F,F,M,M"/><TAIKYOKU oya="0"/><INIT seed="0,0,0,0,3,81" ten="250,250,250,250" oya="0" hai0="113,92,67,114,93,38,74,33,59,68,132,45,130" hai1="110,3,76,97,16,128,87,123,11,13,1,127,82" hai2="66,34,42,51,91,124,54,10,29,58,94,102,52" hai3="109,47,69,117,75,135,12,95,134,89,72,17,23"/><T0/><D0/><U65/><E123/><V43/><F124/><W2/><G2/><T50/><D33/><U31/><E127/><V46/><F66/><W104/><G104/><T24/><D24/><U4/><E110/><V115/><F102/><W78/><G109/><T90/><D68/><U56/><E128/><V108/><F115/><W99/><G117/><T88/><D38/><U35/><E97/><V73/><F73/><W103/><G69/><T119/><D74/><U85/><E85/><V70/><F70/><W28/><G28/><T37/><D37/><U48/><E4/><V120/><F120/><W61/><G61/><T49/><D119/><U26/><REACH who="1" step="1"/><E48/><REACH who="1" ten="250,240,250,250" step="2"/><V9/><F108/><W15/><G75/><T8/><D130/><U36/><E36/><V79/><F79/><W84/><G72/><T40/><D49/><U32/><E32/><V98/><F34/><W83/><G78/><T63/><D132/><N who="3" m="50729" /><G47/><T62/><D63/><AGARI ba="0,1" hai="1,3,11,13,16,26,31,35,56,63,65,76,82,87" machi="63" ten="40,8000,1" yaku="1,1,52,1,54,1,53,1" doraHai="81" doraHaiUra="53" who="1" fromWho="0" sc="250,-80,240,90,250,0,250,0" /><INIT seed="1,0,0,3,4,82" ten="170,330,250,250" oya="1" hai0="1,26,52,30,0,21,98,66,104,9,18,42,97" hai1="75,81,128,36,121,84,96,55,90,20,76,49,12" hai2="113,116,14,64,119,71,79,95,4,56,13,51,77" hai3="86,117,47,5,24,15,135,100,109,17,124,53,45"/><U16/><E121/><V31/><F71/><W11/><G109/><T127/><D127/><U65/><E128/><V28/><F95/><W32/><G135/><T89/><D42/><U35/><E35/><V59/><F51/><W99/><G124/><T133/><D133/><U44/><E36/><V126/><F126/><W120/><G120/><T39/><D39/><U92/><REACH who="1" step="1"/><E65/><REACH who="1" ten="170,320,250,250" step="2"/><V57/><F64/><W73/><G32/><T106/><D66/><U22/><E22/><V72/><F113/><W103/><G117/><T94/><D9/><U93/><E93/><V131/><F131/><W115/><G115/><T7/><D104/><U105/><E105/><V2/><F119/><W34/><G34/><T40/><D106/><U41/><E41/><V83/><F116/><W68/><G11/><T110/><D40/><U27/><E27/><V63/><F83/><W38/><G24/><T23/><D110/><U114/><E114/><V33/><F33/><W61/><G38/><T91/><D52/><U43/><E43/><V58/><F63/><W74/><G61/><T70/><D94/><U78/><E78/><V88/><F79/><W112/><G53/><T134/><D134/><U129/><E129/><V80/><F80/><W69/><G112/><T3/><D21/><U67/><E67/><V6/><F77/><W107/><G107/><T60/><D70/><U54/><E54/><V111/><F111/><W48/><G69/><T8/><D60/><U62/><E62/><V132/><N who="2" m="14336" /><DORA hai="102" /><V10/><F132/><W108/><G68/><T50/><D26/><U37/><E37/><RYUUKYOKU ba="0,1" sc="170,-10,320,30,250,-10,250,-10" hai1="12,16,20,44,49,55,75,76,81,84,90,92,96" /><INIT seed="1,1,1,5,5,72" ten="160,350,240,240" oya="1" hai0="132,31,59,80,79,8,46,26,25,107,115,93,28" hai1="118,43,103,126,44,73,1,34,84,123,17,89,62" hai2="101,23,88,108,128,90,9,71,10,48,102,98,94" hai3="127,70,120,122,16,112,95,55,24,19,56,60,35"/><U47/><E118/><V0/><F71/><W27/><G112/><T40/><D132/><U78/><E123/><V83/><F108/><W130/><G127/><T66/><D115/><U52/><E34/><V7/><F128/><W97/><G130/><T129/><D107/><U38/><E1/><V54/><F23/><W53/><G70/><T76/><D129/><U99/><E126/><V42/><F42/><W58/><G122/><T18/><D93/><U109/><E109/><V41/><F41/><W36/><G36/><T82/><D66/><U121/><E121/><V86/><REACH who="2" step="1"/><F10/><REACH who="2" ten="160,350,230,240" step="2"/><W30/><G120/><T33/><D8/><U117/><E43/><V3/><F3/><W119/><G119/><T21/><D31/><U133/><E117/><V116/><F116/><W68/><G68/><T2/><D2/><U100/><E38/><V64/><F64/><W49/><REACH who="3" step="1"/><G27/><REACH who="3" ten="160,350,230,230" step="2"/><T67/><D26/><U51/><E133/><V50/><F50/><W11/><G11/><T106/><D28/><U20/><E51/><V77/><F77/><N who="0" m="29770" /><D33/><U105/><E78/><V4/><F4/><W92/><G92/><T134/><D134/><U65/><E105/><V12/><F12/><W13/><G13/><T113/><D113/><U81/><E20/><V57/><AGARI ba="1,3" hai="0,7,9,48,54,57,83,86,88,90,94,98,101,102" machi="57" ten="20,5200,0" yaku="1,1,0,1,7,1,54,1,53,0" doraHai="72" doraHaiUra="111" who="2" fromWho="2" sc="160,-14,350,-27,230,85,230,-14" /><INIT seed="2,0,0,0,5,20" ten="146,323,315,216" oya="2" hai0="117,44,24,29,130,128,100,86,52,14,127,7,51" hai1="103,45,77,31,40,18,84,80,28,38,46,122,48" hai2="58,116,57,10,30,106,133,104,9,50,81,124,37" hai3="118,16,2,123,12,105,36,98,126,41,54,111,73"/><V32/><F116/><W15/><G118/><T82/><D127/><U94/><E122/><V87/><F124/><W129/><G123/><T78/><D117/><U115/><E115/><V49/><F37/><W85/><G73/><T67/><D67/><U121/><E121/><V88/><F133/><W27/><G2/><T56/><D100/><U112/><E112/><V22/><F32/><W11/><G126/><T97/><D97/><U109/><E109/><V26/><F106/><W132/><G111/><T96/><D96/><U39/><E39/><V74/><F104/><W102/><G132/><T1/><D1/><U62/><E62/><V131/><F131/><N who="0" m="50218" /><D14/><U6/><E6/><V75/><F75/><W61/><G129/><T13/><D13/><U55/><E18/><V3/><F74/><W110/><G110/><T76/><D7/><U70/><E70/><V35/><F35/><W71/><G85/><T19/><D19/><U23/><E23/><V59/><F3/><W33/><G41/><T95/><D95/><U91/><E103/><V119/><F119/><W93/><G36/><T108/><D108/><U83/><E83/><V120/><F120/><W72/><G72/><AGARI ba="0,0" hai="28,31,38,40,45,46,48,55,72,77,80,84,91,94" machi="72" ten="30,1000,0" yaku="7,1" doraHai="20" who="1" fromWho="3" sc="146,0,323,10,315,0,216,-10" /><INIT seed="3,0,0,4,1,48" ten="146,333,315,206" oya="3" hai0="52,113,45,82,13,88,90,15,44,129,119,33,99" hai1="109,37,111,10,43,122,97,75,103,32,2,7,102" hai2="24,126,94,19,62,134,96,83,131,112,23,21,106" hai3="118,133,36,65,14,80,29,108,79,105,92,28,124"/><W56/><G118/><T66/><D119/><U46/><E122/><V55/><F112/><W77/><G105/><T130/><D33/><U125/><E125/><V67/><F126/><W81/><G124/><T12/><D66/><U59/><E32/><V61/><F131/><N who="0" m="50186" /><D113/><U25/><E25/><N who="2" m="14527" /><F134/><W91/><G36/><T120/><D120/><U84/><E75/><V73/><F106/><W16/><G133/><T5/><D5/><U39/><E39/><V68/><F83/><N who="3" m="31819" /><G108/><N who="1" m="41546" /><E84/><V89/><F73/><W71/><G71/><T47/><D82/><U63/><E97/><V6/><F68/><W42/><G42/><T50/><D99/><U20/><E20/><V72/><F72/><W31/><G65/><AGARI ba="0,0" hai="2,7,10,37,43,46,59,63,65,102,103" m="41546" machi="65" ten="30,1000,0" yaku="14,1" doraHai="48" who="1" fromWho="3" sc="146,0,333,10,315,0,206,-10" owari="146,-35.4,343,44.3,315,11.5,196,-20.4" /></mjloggm>