<mjloggm ver="2.3"><GO type="225" lobby="0"/><UN n0="%E9%80%9F%E6%B0%B4%E5%87%9B%E9%A6%99" n1="%6D%75%75%6D%75%72%61" n2="%74%61%6B%75%61%6B%61" n3="%E3%81%95%E3%81%8D%E3%81%9F%E3%81%BE%E6%9E%97%E6%AA%8E" dan="16,16,17,16" rate="2130.03,2152.55,2216.36,2061.42" sx="F,F,M,M"/><TAIKYOKU oya="0"/><INIT seed="0,0,0,2,4,11" ten="250,250,250,250" oya="0" hai0="21,82,127,110,76,84,132,103,39,46,28,58,40" hai1="85,2,111,114,66,30,56,94,83,86,119,65,36" hai2="89,74,107,48,81,63,61,113,97,128,20,5,135" hai3="120,80,93,69,3,41,17,101,9,79,99,0,12"/><T129/><D129/><U4/><E119/><V133/><F113/><W77/><G120/><T10/><D132/><N who="2" m="50762" /><F128/><W78/><G69/><T72/><D127/><U8/><E111/><V100/><F5/><W60/><G60/><N who="2" m="23113" /><F48/><W109/><G109/><T55/><D110/><U45/><E114/><V42/><F42/><W62/><G62/><T31/><D103/><U124/><E124/><V115/><F115/><W50/><REACH who="3" step="1"/><G80/><REACH who="3" ten="250,250,250,240" step="2"/><T104/><D82/><U7/><E83/><V90/><F20/><W125/><G125/><T126/><D21/><U14/><E66/><V122/><F122/><W44/><AGARI ba="0,1" hai="0,3,9,12,17,41,44,50,77,78,79,93,99,101" machi="44" ten="30,7900,0" yaku="1,1,0,1,52,1,53,1" doraHai="11" doraHaiUra="38" who="3" fromWho="3" sc="250,-39,250,-20,250,-20,240,89" /><INIT seed="1,0,0,5,1,43" ten="211,230,230,329" oya="1" hai0="97,78,48,134,103,10,74,9,101,30,28,38,114" hai1="58,128,4,133,37,131,8,46,124,32,86,72,34" hai2="24,117,21,88,129,7,82,60,67,15,126,40,39" hai3="16,79,68,95,99,121,108,122,85,66,17,59,33"/><U102/><E72/><V107/><F117/><W118/><G108/><T2/><D38/><U42/><E133/><V45/><F126/><W123/><G68/><T110/><D114/><U55/><E124/><V83/><F129/><N who="1" m="49737" /><E102/><V77/><F107/><W5/><G5/><T47/><D110/><U23/><E23/><V106/><F106/><W3/><G3/><T19/><D2/><N who="1" m="23" /><E86/><V1/><F1/><W109/><G109/><T53/><D134/><U132/><E132/><V113/><F113/><W71/><G71/><T13/><D9/><U104/><E104/><V63/><F7/><W41/><G33/><T61/><D101/><U84/><E84/><V6/><F6/><W116/><G85/><T89/><D89/><U52/><E55/><V127/><F127/><W98/><G98/><T70/><D78/><U57/><E57/><V44/><F77/><W20/><G79/><T11/><D11/><U49/><AGARI ba="0,0" hai="32,34,37,42,46,49,52,58" m="23,49737" machi="49" ten="30,6000,0" yaku="19,1,52,1,54,1" doraHai="43" who="1" fromWho="1" sc="211,-20,230,60,230,-20,329,-20" /><INIT seed="1,1,0,0,0,4" ten="191,290,210,309" oya="1" hai0="1,24,80,125,122,13,61,59,100,68,19,2,112" hai1="40,126,102,124,21,75,46,106,69,123,6,56,30" hai2="17,120,108,95,131,111,55,27,92,98,9,79,83" hai3="53,23,58,128,114,3,96,76,42,38,94,43,52"/><U78/><E123/><V121/><F55/><W127/><G114/><T101/><D112/><U41/><E69/><V82/><F27/><W119/><G3/><T64/><D122/><N who="2" m="47210" /><F17/><W70/><G70/><T107/><D125/><U20/><E20/><V54/><F54/><W15/><G127/><T72/><D24/><U67/><E30/><V0/><F0/><W118/><G128/><T129/><D129/><U37/><E41/><V81/><F9/><W89/><G76/><T77/><D68/><U109/><E21/><V116/><F131/><W31/><G53/><T91/><D101/><U130/><E56/><V11/><F11/><W88/><G89/><T45/><D45/><U25/><E25/><V28/><F28/><W51/><G38/><T44/><D44/><U117/><E67/><V26/><F26/><N who="3" m="16863" /><G15/><T97/><REACH who="0" step="1"/><D91/><REACH who="0" ten="181,290,210,309" step="2"/><U99/><E126/><V49/><F116/><AGARI ba="1,1" hai="42,43,51,52,58,88,94,96,116,118,119" m="16863" machi="116" ten="30,3900,0" yaku="12,1,54,2" doraHai="4" who="3" fromWho="2" sc="181,0,290,0,210,-42,309,52" /><INIT seed="2,0,0,4,5,44" ten="181,290,168,361" oya="2" hai0="6,119,133,45,66,132,25,55,56,89,104,85,80" hai1="15,99,36,52,65,112,90,72,86,12,118,129,74" hai2="53,32,107,131,91,120,78,19,84,0,124,18,103" hai3="81,16,27,61,31,111,54,73,7,40,8,102,117"/><V92/><F120/><W34/><G111/><T60/><D104/><U1/><E118/><V3/><F124/><W29/><G117/><T21/><D119/><U94/><E112/><V48/><F32/><W23/><G102/><T127/><D6/><U33/><E1/><V97/><F131/><W4/><G4/><T93/><D127/><U70/><E36/><V30/><F30/><W38/><G61/><T50/><REACH who="0" step="1"/><D93/><REACH who="0" ten="171,290,168,361" step="2"/><U101/><E94/><V39/><F39/><W17/><G7/><T13/><D13/><U71/><E15/><V10/><F10/><W87/><G27/><T58/><D58/><U2/><E12/><V113/><F113/><W5/><G5/><T105/><D105/><U96/><E2/><V42/><F0/><W62/><G8/><T83/><D83/><U26/><E26/><V47/><F3/><W126/><G81/><T49/><D49/><U63/><E71/><V35/><F35/><W68/><G34/><T121/><D121/><U116/><E70/><V75/><F42/><W77/><G40/><T69/><D69/><U110/><E33/><V79/><F79/><W43/><G68/><T22/><D22/><U20/><E20/><V130/><F130/><W98/><G23/><T128/><D128/><U28/><E116/><V46/><F46/><W57/><G77/><T14/><D14/><U114/><E129/><V9/><F9/><W100/><G38/><T125/><D125/><U106/><E114/><V134/><F134/><W109/><G126/><T122/><D122/><U24/><E24/><V115/><F115/><W95/><G43/><RYUUKYOKU ba="0,1" sc="171,15,290,-15,168,15,361,-15" hai0="21,25,45,50,55,56,60,66,80,85,89,132,133" hai2="18,19,47,48,53,75,78,84,91,92,97,103,107" /><INIT seed="2,1,1,1,3,36" ten="186,275,183,346" oya="2" hai0="107,63,64,129,125,117,112,93,89,71,83,91,130" hai1="55,124,74,35,134,70,114,7,30,29,87,62,38" hai2="46,135,127,121,40,113,100,92,110,122,75,41,90" hai3="81,23,45,33,22,16,51,49,32,43,116,61,88"/><V123/><F113/><W80/><G116/><T50/><D107/><U34/><E74/><V133/><F127/><W96/><G33/><T108/><D112/><U128/><E38/><V44/><F75/><W79/><G32/><T103/><D125/><U104/><E104/><V28/><F100/><W15/><G61/><T109/><D117/><U126/><E128/><N who="0" m="49257" /><D83/><U58/><E134/><N who="2" m="51211" /><F28/><W95/><G51/><T8/><D8/><U65/><E114/><V20/><F20/><W131/><G131/><T98/><D50/><U6/><E34/><V26/><F26/><W76/><G23/><T68/><D68/><U21/><E35/><V99/><F110/><AGARI ba="1,1" hai="63,64,71,89,91,93,98,103,108,109,110" m="49257" machi="110" ten="30,2000,0" yaku="14,1,19,1" doraHai="36" who="0" fromWho="2" sc="186,33,275,0,183,-23,346,0" /><INIT seed="3,0,0,4,4,65" ten="219,275,160,346" oya="3" hai0="17,26,8,16,121,115,27,42,81,13,71,19,117" hai1="94,77,130,33,24,103,52,1,22,100,44,12,36" hai2="92,75,45,134,46,7,107,6,90,72,122,5,106" hai3="86,99,69,96,10,126,105,21,60,111,79,55,113"/><W114/><G126/><T93/><D121/><U67/><E1/><V101/><F101/><W64/><G96/><T98/><D117/><U41/><E33/><V74/><F122/><W76/><G86/><T87/><D42/><U49/><E130/><V80/><F80/><W37/><G55/><T59/><D71/><U28/><E77/><V58/><F58/><W3/><G21/><T119/><D119/><U124/><E124/><V57/><F57/><W39/><G79/><N who="0" m="46527" /><D115/><U109/><E109/><V34/><F34/><W38/><G76/><T97/><D59/><U131/><E131/><V78/><F78/><W20/><G20/><T62/><D62/><U56/><E67/><V91/><F134/><W35/><G35/><T89/><D98/><U83/><E83/><V50/><F50/><W40/><G40/><T127/><D127/><U0/><E0/><V53/><F53/><W118/><G111/><T70/><D70/><U129/><E129/><V25/><F25/><AGARI ba="0,0" hai="8,13,16,17,19,25,26,27,89,93,97" m="46527" machi="25" ten="30,2000,0" yaku="8,1,54,1" doraHai="65" who="0" fromWho="2" sc="219,20,275,0,160,-20,346,0" owari="239,-16.1,275,7.5,140,-36.0,346,44.6" /></mjloggm>