<mjloggm ver="2.3"><GO type="225" lobby="0"/><UN n0="%E3%82%8C%E3%81%99%E3%81%93" n1="%E6%98%93%E5%88%A9%E8%96%A9%E4%BC%AF" n2="%E5%AF%82%E5%AF%9E%E3%82%AE%E3%83%8D%E3%82%B9%E3%83%93%E3%83%BC%E3%83%AB" n3="%E8%A8%88%E7%AE%97%E6%A9%9F%E8%87%AA%E7%84%B6" dan="17,16,16,17" rate="2177.36,2164.15,2125.53,2192.66" sx="F,F,M,M"/><TAIKYOKU oya="0"/><INIT seed="0,0,0,2,5,43" ten="250,250,250,250" oya="0" hai0="69,25,109,120,8,96,108,97,65,36,14,35,32" hai1="99,21,127,66,38,7,13,75,62,101,84,9,76" hai2="58,0,79,17,92,56,125,10,105,48,45,132,124" hai3="110,86,71,37,26,53,119,42,59,34,102,122,133"/><T93/><D120/><U30/><E127/><N who="2" m="48715" /><F105/><W98/><G119/><T57/><D69/><U88/><E38/><V90/><F79/><W80/><G110/><N who="0" m="42603" /><D36/><U16/><E30/><V111/><F132/><W135/><G71/><T11/><D25/><U131/><E131/><V85/><F111/><W4/><G4/><N who="0" m="3335" /><D11/><U52/><E75/><V39/><F39/><W126/><G122/><T27/><D27/><U87/><E76/><V114/><F114/><W55/><G26/><T128/><D128/><U106/><E88/><V63/><F63/><W117/><G34/><N who="0" m="12843" /><D93/><U74/><E74/><V44/><F17/><W94/><G126/><T22/><D22/><U49/><E21/><V3/><F10/><W100/><G117/><T83/><D83/><U15/><E15/><V31/><F31/><W29/><G29/><T18/><D18/><U33/><E7/><V72/><F0/><W134/><G102/><T113/><D113/><U70/><REACH who="1" step="1"/><E33/><REACH who="1" ten="250,240,250,250" step="2"/><V116/><F116/><W12/><G12/><T50/><D50/><U77/><E77/><V130/><F130/><W123/><G123/><T67/><D67/><U6/><E6/><V47/><F48/><N who="3" m="31143" /><G80/><T89/><D89/><U95/><E95/><V129/><F129/><W78/><G78/><T1/><D1/><U2/><E2/><V46/><F3/><W64/><G64/><T28/><D28/><U82/><E82/><V51/><F72/><W41/><G37/><T40/><D40/><AGARI ba="0,1" hai="40,44,45,46,47,51,56,58,85,90,92" m="48715" machi="40" ten="30,8000,1" yaku="18,1,52,4" doraHai="43" who="2" fromWho="0" sc="250,-80,240,0,250,90,250,0" /><INIT seed="1,0,0,2,5,54" ten="170,240,340,250" oya="1" hai0="130,68,20,57,30,23,94,86,70,102,11,118,87" hai1="14,3,75,97,48,104,36,35,100,26,69,124,115" hai2="103,66,120,85,111,80,107,45,33,88,42,32,12" hai3="112,98,62,8,101,44,91,105,29,79,18,110,28"/><U43/><E48/><V7/><F120/><W52/><G112/><T133/><D118/><U93/><E14/><V46/><F111/><W22/><G110/><T92/><D133/><U119/><E115/><V21/><F66/><W128/><G128/><T96/><D130/><U122/><E122/><V58/><F107/><W65/><G79/><T73/><D73/><U49/><E49/><V37/><F103/><W24/><G91/><T129/><D129/><U121/><E93/><V34/><F46/><W38/><G8/><T125/><D11/><U113/><E113/><V39/><F7/><W17/><G28/><T15/><D125/><U4/><E121/><V9/><F9/><W1/><G1/><T40/><D40/><U6/><E6/><V77/><F39/><W67/><G67/><T53/><D23/><U109/><E124/><V16/><REACH who="2" step="1"/><F58/><REACH who="2" ten="170,240,330,250" step="2"/><W50/><REACH who="3" step="1"/><G38/><REACH who="3" ten="170,240,330,240" step="2"/><T135/><D102/><U72/><E109/><V126/><F126/><W2/><G2/><T63/><D135/><U41/><E36/><V0/><F0/><W84/><G84/><T59/><D87/><U78/><E3/><V27/><F27/><W89/><G89/><AGARI ba="0,2" hai="12,16,21,32,33,34,37,42,45,77,80,85,88,89" machi="89" ten="40,8000,1" yaku="1,1,54,2,53,1" doraHai="54" doraHaiUra="76" who="2" fromWho="3" sc="170,0,240,0,330,100,240,-80" /><INIT seed="2,0,0,0,2,19" ten="170,240,430,160" oya="2" hai0="118,125,112,128,90,53,72,74,6,59,86,77,66" hai1="51,27,15,109,116,58,1,61,117,103,130,29,25" hai2="131,39,82,134,65,97,110,114,91,84,45,32,133" hai3="3,94,92,83,81,18,48,26,107,9,52,79,100"/><V28/><F114/><W93/><G107/><T49/><D112/><U5/><E1/><V30/><F131/><W96/><G3/><T20/><D128/><U89/><E109/><V104/><F65/><W10/><G9/><T68/><D125/><U12/><E103/><V34/><F110/><W113/><G113/><T35/><D35/><U62/><E51/><V37/><F34/><W13/><G26/><T98/><D118/><U43/><E43/><V44/><F97/><W126/><G126/><T22/><D6/><U42/><E42/><V2/><F104/><W135/><G135/><T127/><D127/><U76/><E76/><V31/><F2/><W87/><REACH who="3" step="1"/><G81/><REACH who="3" ten="170,240,430,150" step="2"/><N who="0" m="47407" /><D72/><U60/><E27/><V85/><F134/><W63/><G63/><N who="0" m="38271" /><D74/><U17/><E25/><V115/><F133/><W38/><G38/><T24/><D68/><U47/><E130/><V73/><F39/><W78/><G78/><T14/><D24/><U16/><E62/><V23/><F37/><W11/><G11/><T120/><D120/><U121/><E61/><V8/><F8/><W41/><G41/><T122/><D122/><U4/><E60/><V129/><F115/><W105/><G105/><T124/><D124/><U21/><E121/><V0/><F129/><W99/><G99/><T56/><D14/><U54/><E15/><V132/><F132/><W40/><G40/><T111/><D111/><U70/><E12/><V46/><F0/><W123/><G123/><T50/><D49/><U95/><E70/><V119/><F32/><W80/><G80/><T101/><D101/><U64/><E64/><RYUUKYOKU ba="0,1" sc="170,15,240,-15,430,-15,150,15" hai0="20,22,50,53,56,90,98" hai3="10,13,18,48,52,79,83,87,92,93,94,96,100" /><INIT seed="3,1,1,1,2,43" ten="185,225,415,165" oya="3" hai0="131,96,129,15,7,104,19,83,106,20,74,100,66" hai1="16,55,9,132,27,37,24,76,65,59,38,48,61" hai2="6,49,110,127,89,52,26,73,21,30,32,85,87" hai3="99,107,18,119,1,114,120,17,46,63,10,29,62"/><W40/><G114/><T102/><D66/><U109/><E109/><V47/><F73/><W53/><G119/><T71/><D71/><U3/><E76/><V75/><F75/><W79/><G120/><T35/><D35/><U97/><E97/><V93/><F127/><W121/><G121/><T14/><D100/><U133/><E3/><V124/><F124/><W70/><G79/><N who="0" m="44535" /><D7/><U128/><E128/><N who="0" m="49225" /><D14/><N who="1" m="7247" /><E27/><V117/><F110/><W23/><G29/><T113/><D113/><U94/><E94/><AGARI ba="1,1" hai="15,19,20,94,96,102,104,106" m="49225,44535" machi="94" ten="30,1000,0" yaku="19,1" doraHai="43" who="0" fromWho="1" sc="185,23,225,-13,415,0,165,0" owari="208,-19.2,212,1.2,415,51.5,165,-33.5" /></mjloggm>