<mjloggm ver="2.3"><GO type="225" lobby="0"/><UN n0="%E5%86%B7%E5%87%8D%E3%82%AE%E3%83%A7%E3%83%BC%E3%82%B6" n1="%E7%AD%89%E3%80%85%E5%8A%9B%E5%8A%87%E5%A0%B4" n2="%E5%AE%AE%E4%BF%9D%E9%B6%8F%E8%82%89" n3="%E5%AF%82%E5%AF%9E%E3%82%AE%E3%83%8D%E3%82%B9%E3%83%93%E3%83%BC%E3%83%AB" dan="16,16,16,16" rate="2108.75,2145.16,2128.71,2117.84" sx="M,M,M,M"/><TAIKYOKU oya="0"/><INIT seed="0,0,0,1,5,74" ten="250,250,250,250" oya="0" hai0="94,106,96,98,80,14,109,77,17,103,39,105,53" hai1="99,55,78,67,112,127,37,86,22,121,90,54,13" hai2="52,57,43,100,56,71,2,81,84,107,20,83,59" hai3="6,120,61,111,47,4,130,27,76,16,44,72,18"/><T64/><D39/><U82/><E121/><V62/><F2/><W70/><G120/><T129/><D129/><U46/><E127/><V40/><F71/><W132/><G130/><T0/><D0/><U66/><E112/><V3/><F3/><W128/><G128/><T134/><D134/><U9/><E22/><V115/><F115/><W91/><G132/><T41/><D41/><N who="2" m="15946" /><F107/><W104/><G104/><T92/><D53/><N who="1" m="19979" /><E37/><V63/><F100/><W8/><G111/><T110/><D64/><N who="1" m="24619" /><E46/><V114/><F114/><W101/><G61/><N who="2" m="23049" /><F20/><W32/><G70/><T125/><D125/><U88/><E99/><V42/><N who="2" m="15954" /><V29/><DORA hai="7" /><F29/><W30/><G47/><T48/><D48/><U36/><E36/><V116/><F116/><W35/><G44/><T28/><D28/><U60/><E60/><N who="2" m="35847" /><F81/><W10/><G30/><T95/><D110/><U97/><E97/><V118/><F118/><W68/><G68/><T108/><D109/><U11/><E11/><V126/><F126/><W23/><G23/><T85/><D108/><U131/><E131/><V34/><F34/><W58/><G35/><T124/><D124/><U119/><E119/><V12/><F12/><W135/><G32/><T133/><D133/><U93/><E93/><V49/><F49/><W51/><G51/><T50/><D50/><U113/><E113/><V15/><F15/><W117/><G135/><T45/><D45/><U33/><E33/><V73/><F73/><W102/><G72/><T79/><D94/><U31/><E31/><V26/><F26/><W69/><G117/><T122/><D106/><RYUUKYOKU ba="0,0" sc="250,-15,250,15,250,15,250,-15" hai1="9,13,78,82,86,88,90" hai2="57,59,83,84" /><INIT seed="1,1,0,4,2,20" ten="235,265,265,235" oya="1" hai0="29,111,38,107,14,94,132,105,9,129,74,131,89" hai1="75,84,54,4,31,47,123,25,61,19,98,70,0" hai2="93,88,78,43,57,110,55,130,10,109,69,101,8" hai3="125,119,113,77,118,2,100,33,68,37,23,86,52"/><U103/><E75/><V32/><F69/><W82/><G113/><T106/><D111/><N who="2" m="42506" /><F130/><N who="0" m="49674" /><D74/><U48/><E123/><V85/><F32/><W34/><G125/><T90/><D38/><U58/><E70/><V17/><F43/><W11/><G37/><T124/><D132/><U95/><E0/><V7/><F78/><W50/><G100/><T51/><D124/><U108/><E108/><V35/><F35/><W79/><G79/><T49/><D29/><U65/><E4/><V56/><F101/><W116/><G68/><T5/><D89/><U76/><E76/><V127/><F127/><W91/><G77/><T112/><D112/><U59/><E84/><AGARI ba="1,0" hai="5,9,14,49,51,84,90,94,105,106,107" m="49674" machi="84" ten="40,1300,0" yaku="19,1" doraHai="20" who="0" fromWho="1" sc="235,16,265,-16,265,0,235,0" /><INIT seed="2,0,0,1,2,68" ten="251,249,265,235" oya="2" hai0="36,108,19,11,105,26,6,47,0,95,66,104,93" hai1="94,106,112,100,90,48,79,37,55,32,117,15,62" hai2="96,7,115,61,87,116,42,12,119,120,52,21,46" hai3="35,30,128,2,99,101,80,76,16,89,40,67,83"/><V134/><F115/><W8/><G128/><T1/><D1/><U25/><E117/><V29/><F120/><W28/><G67/><T102/><D66/><U113/><E37/><V39/><F134/><W126/><G126/><T118/><D108/><U92/><E106/><V5/><F96/><W98/><G35/><T121/><D121/><U114/><E79/><V84/><F84/><N who="3" m="48135" /><G2/><T86/><D95/><U17/><E62/><V85/><F85/><N who="3" m="50367" /><G40/><T41/><D118/><U132/><E132/><V31/><F87/><W4/><G4/><T123/><D123/><U81/><E100/><V64/><F5/><W60/><G60/><T127/><D127/><U109/><E109/><V58/><F64/><W82/><G82/><T97/><D86/><U110/><E81/><V111/><F111/><W34/><G34/><T44/><REACH who="0" step="1"/><D47/><REACH who="0" ten="241,249,265,235" step="2"/><U91/><E110/><V63/><F119/><W18/><G99/><T33/><D33/><U135/><E135/><V71/><F116/><W45/><G45/><T107/><D107/><U27/><E94/><V78/><F78/><W74/><G74/><T75/><D75/><U125/><E125/><V10/><F71/><W56/><G98/><T20/><AGARI ba="0,1" hai="0,6,11,19,20,26,36,41,44,93,97,102,104,105" machi="20" ten="30,7900,0" yaku="1,1,0,1,52,1,53,1" doraHai="68" doraHaiUra="13" who="0" fromWho="0" sc="241,89,249,-20,265,-39,235,-20" /><INIT seed="3,0,0,4,5,97" ten="330,229,226,215" oya="3" hai0="117,96,5,30,71,41,90,26,85,21,9,133,132" hai1="47,101,119,14,3,122,76,79,39,52,110,75,17" hai2="56,50,36,13,72,37,29,23,109,57,25,108,128" hai3="22,20,28,55,63,114,38,111,106,89,99,10,54"/><W24/><G114/><T121/><D117/><U130/><E3/><V125/><F72/><W107/><G38/><N who="2" m="14953" /><F125/><W80/><G111/><N who="2" m="42569" /><F128/><W134/><G134/><T0/><D71/><U4/><E4/><V70/><F70/><W64/><G10/><T45/><D96/><U74/><E122/><V82/><F82/><W78/><G20/><T131/><D121/><U34/><E34/><N who="2" m="20783" /><F50/><W115/><G115/><T18/><D131/><U16/><E39/><V98/><F98/><W53/><G89/><T33/><D45/><U88/><E47/><V27/><F13/><W61/><G99/><T86/><D41/><U118/><E14/><V11/><F11/><W6/><G6/><T112/><D112/><U49/><E75/><V19/><AGARI ba="0,0" hai="19,23,27,56,57" m="20783,42569,14953" machi="19" ten="30,1100,0" yaku="14,1" doraHai="97" who="2" fromWho="2" sc="330,-3,229,-3,226,11,215,-5" owari="327,42.7,226,-17.4,237,3.7,210,-29.0" /></mjloggm>