<mjloggm ver="2.3"><GO type="225" lobby="0"/><UN n0="%E3%83%97%E3%83%92" n1="%E5%B0%8F%E6%B1%A0%E7%BE%8E%E6%B3%A2%E2%8A%BF" n2="%E6%B8%A9%E2%98%85%E6%83%85%E2%98%85%E6%8E%AA%E2%98%85%E7%BD%AE" n3="%E3%81%A9%E3%82%8F%E3%82%93%E3%81%94" dan="16,17,17,16" rate="2142.39,2202.14,2220.83,2048.37" sx="M,M,M,M"/><TAIKYOKU oya="0"/><INIT seed="0,0,0,2,2,67" ten="250,250,250,250" oya="0" hai0="35,21,99,42,102,78,18,128,120,31,8,76,37" hai1="100,19,87,56,134,4,74,16,28,129,105,70,53" hai2="26,50,89,88,66,85,62,73,25,47,116,95,40" hai3="124,80,118,82,44,104,17,12,79,22,90,71,106"/><T122/><D128/><U29/><E74/><V132/><F132/><W2/><G118/><T57/><D35/><U38/><E38/><V27/><F73/><W109/><G2/><T41/><D31/><N who="1" m="11851" /><E70/><V81/><F116/><W0/><G0/><T101/><D8/><U65/><E105/><V55/><F40/><W39/><G109/><T24/><D102/><U113/><E134/><V34/><F34/><W59/><G71/><T123/><D57/><U51/><E129/><V121/><F121/><W119/><G119/><T7/><D7/><U72/><E72/><V64/><REACH who="2" step="1"/><F62/><REACH who="2" ten="250,250,240,250" step="2"/><W127/><G124/><T14/><D42/><U68/><E113/><V94/><F94/><W32/><G32/><T98/><D41/><U117/><E117/><V46/><F46/><W125/><G127/><T93/><D37/><U20/><E51/><V110/><F110/><W45/><G125/><T63/><D63/><U92/><E92/><V103/><F103/><W49/><G39/><T133/><D133/><U126/><E126/><V112/><F112/><W23/><G106/><T1/><D93/><U77/><E100/><V3/><F3/><W58/><G104/><N who="0" m="63543" /><D1/><U130/><E130/><V84/><AGARI ba="0,1" hai="25,26,27,47,50,55,64,66,81,84,85,88,89,95" machi="84" ten="30,8000,1" yaku="1,1,0,1,8,1,54,1,53,1" doraHai="67" doraHaiUra="43" who="2" fromWho="2" sc="250,-40,250,-20,240,90,250,-20" /><INIT seed="1,0,0,4,1,63" ten="210,230,330,230" oya="1" hai0="124,27,44,68,110,82,5,117,42,89,132,61,46" hai1="55,131,120,70,54,41,37,62,81,32,39,60,87" hai2="7,94,66,10,116,119,130,96,98,75,17,20,73" hai3="24,50,28,58,29,59,92,103,33,104,123,36,95"/><U3/><E3/><V84/><F130/><W8/><G123/><T38/><D117/><U125/><E32/><V56/><F84/><W21/><G36/><N who="1" m="13898" /><E87/><V6/><F75/><W112/><G112/><T49/><D5/><U14/><E14/><V64/><F73/><W4/><G104/><T1/><D1/><U0/><E81/><V97/><F116/><W99/><G95/><T80/><D89/><U86/><E86/><V57/><F94/><W9/><G9/><T12/><D12/><U31/><E31/><V79/><F79/><W30/><G33/><T78/><D78/><U76/><E76/><V122/><F122/><W109/><G109/><T113/><D110/><U105/><E0/><V121/><F121/><W15/><G50/><T93/><D113/><U13/><E13/><N who="2" m="5343" /><F6/><W133/><G133/><T107/><D107/><U135/><E105/><V102/><F102/><W65/><G59/><N who="2" m="22601" /><F119/><W134/><G134/><T11/><D132/><U126/><E120/><V43/><F43/><W51/><G51/><T100/><D11/><U90/><E135/><V19/><F19/><W18/><G18/><T83/><D27/><AGARI ba="0,0" hai="17,20,27,64,66,96,97,98" m="22601,5343" machi="27" ten="30,3900,0" yaku="8,1,52,2" doraHai="63" who="2" fromWho="0" sc="210,-39,230,0,330,39,230,0" /><INIT seed="2,0,0,3,4,24" ten="171,230,369,230" oya="2" hai0="66,79,7,131,121,102,76,29,49,11,40,21,112" hai1="115,17,128,4,134,6,53,110,82,20,69,13,129" hai2="95,127,22,28,15,130,96,37,47,93,114,25,117" hai3="33,101,64,109,105,116,8,23,77,50,74,122,18"/><V57/><F114/><W0/><G122/><T9/><D121/><U132/><E69/><V51/><F117/><W32/><G116/><T99/><D112/><U111/><E115/><V34/><F130/><N who="1" m="50281" /><E82/><V19/><F127/><W12/><G64/><T113/><D113/><U124/><E53/><V71/><F71/><W54/><G77/><T38/><D38/><U1/><E124/><V135/><F135/><N who="1" m="51753" /><E1/><V31/><F31/><W78/><G78/><T68/><D131/><U107/><E107/><V45/><F37/><W72/><G0/><T61/><D49/><U59/><E59/><V65/><F95/><W81/><G105/><T56/><D40/><U73/><E73/><V90/><F51/><W98/><G74/><T126/><D126/><U106/><E106/><V94/><F94/><W5/><G72/><T75/><D75/><U92/><E92/><V67/><F67/><W123/><G81/><T2/><D68/><U62/><E62/><V120/><F120/><W118/><G123/><T14/><D102/><U39/><E39/><V119/><F119/><W91/><G118/><T44/><D44/><U16/><E17/><V103/><F103/><W43/><G101/><T83/><D99/><U86/><E86/><V26/><F65/><W104/><G104/><T46/><D46/><U87/><E87/><V41/><F57/><W42/><G98/><T63/><D63/><U27/><E13/><V100/><F100/><W30/><G43/><T60/><D60/><U48/><E48/><N who="2" m="26671" /><F47/><W133/><G42/><T85/><D76/><U125/><E125/><V35/><F15/><RYUUKYOKU ba="0,0" sc="171,-15,230,15,369,15,230,-15" hai1="4,6,16,20,27,110,111" hai2="19,22,25,26,28,34,35,90,93,96" /><INIT seed="2,1,0,3,0,42" ten="156,245,384,215" oya="2" hai0="9,46,80,43,110,52,10,30,128,21,48,0,51" hai1="118,72,120,107,78,13,27,99,47,41,68,65,8" hai2="54,39,56,18,135,125,76,60,1,90,53,64,116" hai3="89,109,82,17,67,105,123,44,119,86,121,31,7"/><V69/><F1/><W3/><G119/><T35/><D35/><U55/><E118/><V112/><F116/><W96/><G67/><T22/><D110/><U81/><E120/><V70/><F76/><W32/><G109/><T66/><D128/><U19/><E55/><N who="2" m="21003" /><F90/><W114/><G7/><T34/><D34/><U2/><E2/><V127/><F18/><W91/><G3/><T15/><D66/><U84/><E27/><V108/><F108/><W6/><G6/><T63/><D63/><U98/><E107/><V49/><F39/><W11/><G31/><T74/><D0/><U71/><E72/><V45/><F112/><W50/><G32/><T130/><D130/><U92/><E65/><V25/><F25/><W24/><G114/><T113/><D113/><U126/><E126/><N who="2" m="48139" /><F135/><W29/><G123/><T101/><D101/><U28/><E28/><V37/><F37/><W93/><G105/><T59/><D30/><U131/><E131/><V97/><F97/><W40/><G29/><T62/><D9/><U129/><E129/><V124/><F124/><W132/><G132/><T16/><REACH who="0" step="1"/><D51/><REACH who="0" ten="146,245,384,215" step="2"/><U87/><E68/><V115/><F115/><W100/><G121/><T104/><D104/><U88/><E71/><V103/><F103/><W134/><G134/><T94/><D94/><U111/><E111/><V133/><F133/><W106/><G106/><T33/><D33/><U95/><E92/><V122/><F122/><W12/><G100/><T20/><D20/><U5/><E19/><V36/><F36/><AGARI ba="1,1" hai="5,8,13,36,41,47,78,81,84,87,88,95,98,99" machi="36" ten="30,3900,0" yaku="7,1,52,1,54,1" doraHai="42" who="1" fromWho="2" sc="146,0,245,52,384,-42,215,0" /><INIT seed="3,0,0,1,1,68" ten="146,297,342,215" oya="3" hai0="91,36,46,125,73,30,84,34,108,90,75,129,71" hai1="85,63,102,13,65,127,19,110,52,60,6,64,128" hai2="66,8,120,7,135,132,22,47,11,27,0,32,92" hai3="70,94,83,45,93,54,69,67,78,115,51,28,57"/><W134/><G115/><T72/><D108/><U98/><E110/><V114/><F114/><W24/><G134/><N who="2" m="51241" /><F120/><W124/><G124/><T9/><D125/><U74/><E74/><V61/><F92/><W3/><G3/><T122/><D122/><U126/><E128/><V18/><F47/><W109/><G109/><T81/><D129/><U131/><E131/><V50/><F50/><W121/><G121/><T16/><D71/><U35/><E35/><V4/><F32/><W77/><G77/><T12/><D34/><U133/><E133/><V10/><F7/><W5/><G5/><T53/><D30/><U29/><E29/><V101/><F101/><W107/><G107/><T100/><D100/><U97/><E6/><V55/><F55/><W130/><G69/><AGARI ba="0,0" hai="0,4,8,10,11,18,22,27,61,66,69" m="51241" machi="69" ten="30,1000,0" yaku="20,1" doraHai="68" who="2" fromWho="3" sc="146,0,297,0,342,10,215,-10" owari="146,-35.4,297,9.7,352,45.2,205,-19.5" /></mjloggm>