<mjloggm ver="2.3"><GO type="225" lobby="0"/><UN n0="%4B%2E%32%2E%4B%2E" n1="%E3%82%BC%E3%83%AB%E3%83%80%E3%81%AE%E4%BC%9D%E8%AA%AC" n2="%E6%80%AA%E3%81%97%E3%81%99%E3%81%8E%E3%82%8B%E3%83%81%E3%83%BC" n3="%6E%69%63%6B%6C%6F%77" dan="16,16,16,16" rate="2054.96,2144.65,2137.80,2105.33" sx="M,M,M,F"/><TAIKYOKU oya="0"/><INIT seed="0,0,0,2,1,34" ten="250,250,250,250" oya="0" hai0="1,31,111,109,36,19,82,50,54,67,108,81,128" hai1="131,70,13,76,65,90,87,110,66,77,24,3,84" hai2="91,133,38,93,96,2,130,5,112,107,61,8,100" hai3="63,121,114,47,16,64,25,134,15,88,4,125,7"/><T56/><D128/><U71/><E131/><V74/><F130/><W60/><G114/><T72/><D36/><U20/><E13/><V52/><F112/><W41/><G125/><T86/><D72/><U80/><E110/><V0/><F133/><W51/><G134/><T78/><D31/><U103/><E103/><V75/><F38/><W127/><G127/><T83/><D1/><U45/><E45/><V69/><F2/><W22/><G121/><T46/><REACH who="0" step="1"/><D19/><REACH who="0" ten="240,250,250,250" step="2"/><U117/><E3/><V101/><F75/><W124/><G124/><T12/><D12/><U59/><E117/><V57/><F74/><W27/><G25/><T10/><D10/><U106/><E24/><V97/><F69/><W28/><G60/><AGARI ba="0,1" hai="46,50,54,56,60,67,78,81,82,83,86,108,109,111" machi="60" ten="40,18000,2" yaku="1,1,14,1,10,1,53,3" doraHai="34" doraHaiUra="122" who="0" fromWho="3" sc="240,190,250,0,250,0,250,-180" /><INIT seed="0,1,0,4,5,37" ten="430,250,250,70" oya="0" hai0="85,59,56,76,133,121,58,80,31,22,15,88,11" hai1="47,105,78,127,92,40,74,90,21,30,50,68,93" hai2="46,42,54,116,95,104,25,62,49,7,17,38,44" hai3="60,69,52,91,6,117,5,32,84,64,124,55,87"/><T12/><D121/><U89/><E105/><V118/><F104/><W8/><G124/><T13/><D133/><U79/><E68/><V111/><F111/><W48/><G117/><N who="2" m="45161" /><F7/><W70/><G32/><T96/><D31/><U102/><E127/><V94/><F62/><W125/><G70/><T66/><D22/><AGARI ba="1,0" hai="17,22,25,38,42,44,46,49,54,94,95" m="45161" machi="22" ten="30,2000,0" yaku="12,1,52,1" doraHai="37" who="2" fromWho="0" sc="430,-23,250,0,250,23,70,0" /><INIT seed="1,0,0,0,5,83" ten="407,250,273,70" oya="1" hai0="49,75,19,78,2,82,40,115,117,66,97,50,108" hai1="120,68,114,60,130,56,79,69,44,103,26,90,35" hai2="104,42,34,62,67,15,22,101,58,20,102,128,13" hai3="36,39,43,109,12,107,47,33,105,85,9,77,91"/><U127/><E114/><V30/><F128/><W92/><G36/><T94/><D115/><U86/><E120/><V38/><F104/><W129/><G33/><T53/><D117/><U7/><E130/><V52/><F34/><W4/><G129/><T3/><D108/><U61/><E127/><V41/><F38/><W25/><G109/><T54/><D66/><U96/><E79/><V65/><F22/><W100/><G100/><N who="2" m="38505" /><F67/><W51/><G39/><T121/><D121/><U116/><E116/><V125/><F65/><W123/><G123/><T63/><D63/><U95/><E7/><V87/><F87/><W17/><G107/><T119/><D119/><U80/><E44/><V45/><F45/><W81/><G105/><T112/><D112/><U29/><REACH who="1" step="1"/><E61/><REACH who="1" ten="407,240,273,70" step="2"/><V88/><F125/><W111/><G111/><T48/><D78/><U18/><E18/><V110/><F110/><W57/><G57/><T1/><D19/><U135/><E135/><V113/><F113/><W126/><G126/><T74/><D74/><U31/><E31/><V106/><F62/><W89/><REACH who="3" step="1"/><G92/><REACH who="3" ten="407,240,273,60" step="2"/><T21/><D94/><U76/><E76/><V132/><F58/><W134/><G134/><T55/><D40/><U131/><E131/><V84/><F132/><W24/><G24/><T93/><D93/><U27/><E27/><N who="2" m="16743" /><F106/><W99/><G99/><T71/><D97/><U122/><E122/><V5/><F41/><W124/><G124/><T64/><D71/><U98/><E98/><V14/><F42/><W0/><G0/><T133/><D133/><U72/><E72/><V23/><F5/><RYUUKYOKU ba="0,2" sc="407,-15,240,15,273,-15,60,15" hai1="26,29,35,56,60,68,69,80,86,90,95,96,103" hai3="4,9,12,17,25,43,47,51,77,81,85,89,91" /><INIT seed="1,1,2,5,4,72" ten="392,255,258,75" oya="1" hai0="127,2,120,118,61,71,83,121,103,14,93,70,41" hai1="30,76,109,36,67,74,1,21,98,130,106,89,92" hai2="15,19,58,49,32,77,52,107,102,37,113,26,55" hai3="47,27,122,39,31,46,6,101,135,56,38,79,42"/><U22/><E36/><V7/><F37/><W124/><G122/><N who="0" m="47211" /><D2/><U81/><E1/><V73/><F113/><W75/><G124/><T48/><D127/><U53/><E130/><V25/><F7/><W69/><G69/><T116/><D83/><U115/><E115/><V123/><F123/><W44/><G135/><T128/><D128/><U133/><E133/><V131/><F32/><W60/><G6/><T100/><D14/><U59/><E109/><V111/><F111/><W105/><G101/><N who="0" m="38987" /><D93/><U63/><E106/><V90/><F131/><W4/><G4/><T84/><D84/><U91/><E30/><V57/><F90/><W9/><G9/><T117/><D61/><U112/><E112/><V99/><F77/><W94/><G94/><T66/><D66/><U104/><E104/><V65/><F65/><W134/><G134/><T85/><D85/><U43/><E91/><V51/><REACH who="2" step="1"/><F73/><REACH who="2" ten="392,255,248,75" step="2"/><W0/><G0/><T5/><D5/><U119/><E67/><V125/><F125/><W45/><G105/><T13/><D118/><U35/><E119/><V97/><F97/><W126/><G126/><T12/><D117/><U62/><E35/><V50/><F50/><W132/><G132/><T108/><D116/><U54/><E43/><V28/><F28/><W23/><N who="3" m="11264" /><DORA hai="40" /><W88/><G88/><T68/><D108/><U95/><E95/><V18/><F18/><W80/><REACH who="3" step="1"/><G42/><REACH who="3" ten="392,255,248,65" step="2"/><T24/><D41/><U82/><E82/><V10/><AGARI ba="1,4" hai="10,15,19,25,26,49,51,52,55,57,58,99,102,107" machi="10" ten="20,12000,2" yaku="1,1,0,1,7,1,9,1,54,1,53,1" doraHai="72,40" doraHaiUra="8,17" who="2" fromWho="2" sc="392,-31,255,-61,248,163,65,-31" /><INIT seed="2,0,0,1,3,120" ten="361,194,411,34" oya="2" hai0="93,131,14,56,3,50,61,47,26,48,86,8,44" hai1="118,40,36,107,42,134,57,4,114,52,133,17,123" hai2="121,11,117,9,122,66,83,28,127,6,76,126,125" hai3="19,128,67,69,2,53,132,58,20,88,13,22,70"/><V55/><F117/><W18/><G128/><T32/><D3/><U102/><E114/><V112/><F112/><W92/><G132/><N who="1" m="50794" /><E118/><V45/><F66/><W7/><G2/><T116/><D116/><U94/><E123/><N who="2" m="47115" /><F28/><W79/><G67/><T87/><D131/><U37/><E107/><V119/><F6/><W135/><G135/><T51/><D26/><U81/><E4/><V41/><F55/><W111/><G7/><N who="0" m="3359" /><D32/><U35/><E35/><V98/><F98/><W68/><G111/><T90/><D86/><U15/><E81/><V49/><F119/><W78/><G19/><T77/><D77/><U115/><E115/><V129/><F129/><W46/><G46/><T5/><D5/><U96/><E37/><V104/><F104/><W30/><G22/><T64/><AGARI ba="0,0" hai="44,47,48,50,51,56,61,64,87,90,93" m="3359" machi="64" ten="30,1100,0" yaku="8,1" doraHai="120" who="0" fromWho="0" sc="361,11,194,-3,411,-5,34,-3" /><INIT seed="3,0,0,1,2,34" ten="372,191,406,31" oya="3" hai0="37,25,52,20,28,115,31,45,84,5,68,86,120" hai1="64,55,13,74,116,100,130,10,26,70,127,67,129" hai2="126,75,59,65,128,134,131,87,9,122,125,3,43" hai3="83,54,93,57,66,94,89,35,90,91,111,14,46"/><W53/><G35/><T97/><D120/><U133/><E74/><V72/><F122/><W17/><G111/><T32/><D68/><U112/><E112/><V61/><F134/><W118/><G118/><T119/><D119/><U77/><E116/><V21/><F43/><W98/><G66/><T99/><D115/><U69/><E77/><V88/><F21/><W12/><G12/><T113/><D113/><U42/><E42/><V92/><F3/><W78/><G78/><T85/><D37/><U8/><E100/><V40/><F9/><W16/><G17/><T24/><REACH who="0" step="1"/><D5/><REACH who="0" ten="362,191,406,31" step="2"/><U58/><E70/><V132/><F132/><W4/><G4/><T109/><D109/><U103/><E103/><V96/><F40/><W48/><G83/><T76/><D76/><U82/><E55/><V15/><F15/><W11/><REACH who="3" step="1"/><G98/><REACH who="3" ten="362,191,406,21" step="2"/><T41/><D41/><U50/><E13/><V29/><F96/><W18/><G18/><T80/><D80/><U71/><E82/><V47/><F29/><W107/><G107/><T56/><D56/><U30/><E58/><V19/><F19/><W124/><G124/><N who="2" m="47721" /><F47/><W23/><G23/><T6/><D6/><U81/><E81/><V123/><F123/><W60/><AGARI ba="0,2" hai="11,14,16,46,48,53,54,57,60,89,90,91,93,94" machi="60" ten="30,11700,0" yaku="1,1,0,1,8,1,54,1,53,0" doraHai="34" doraHaiUra="1" who="3" fromWho="3" sc="362,-39,191,-39,406,-39,21,137" /><INIT seed="3,1,0,3,3,112" ten="323,152,367,158" oya="3" hai0="2,115,81,37,118,123,10,63,121,70,41,71,128" hai1="35,89,8,102,30,9,39,43,33,61,62,17,131" hai2="101,31,28,11,113,14,94,75,32,68,87,58,59" hai3="12,119,64,25,46,134,106,124,56,85,54,93,130"/><W47/><G106/><T79/><D2/><U72/><E72/><V100/><F68/><N who="0" m="26154" /><D10/><U51/><E39/><V80/><F32/><W53/><G119/><T57/><D79/><U48/><E131/><V127/><F127/><W135/><G124/><T21/><D21/><U26/><E102/><N who="2" m="39531" /><F94/><W38/><G25/><T84/><D84/><U74/><E74/><V116/><F116/><W50/><G130/><T110/><D81/><U22/><E35/><V91/><F75/><W4/><G4/><T122/><D118/><U44/><E51/><V42/><F42/><N who="3" m="22871" /><G12/><T1/><D1/><U86/><E33/><V109/><F109/><W34/><G93/><T105/><D105/><U15/><E8/><V7/><F113/><W55/><G85/><T117/><D115/><U69/><E69/><V97/><F97/><W52/><G34/><T24/><D117/><U49/><E49/><V76/><F91/><W103/><G103/><T132/><D24/><U90/><E90/><V129/><F129/><W20/><G20/><T29/><D29/><AGARI ba="1,0" hai="7,11,14,28,29,31,58,59,76,80,87" m="39531" machi="29" ten="30,1000,0" yaku="8,1" doraHai="112" who="2" fromWho="0" sc="323,-13,152,0,367,13,158,0" owari="310,11.0,152,-34.8,380,48.0,158,-24.2" /></mjloggm>