<mjloggm ver="2.3"><GO type="225" lobby="0"/><UN n0="%E3%83%89%E3%83%A9%E3%81%8F%E3%82%8C" n1="%E4%BF%BA%E3%81%A8%E5%A6%96%E5%A4%A2" n2="%E3%81%99%E3%81%84%E3%81%BE%E3%81%9B%E3%83%BC%E3%82%93" n3="%E3%81%B5%E3%81%98%E3%81%8B%E3%81%A4" dan="17,17,18,16" rate="2194.67,2192.98,2210.13,2132.04" sx="M,F,M,M"/><TAIKYOKU oya="0"/><INIT seed="0,0,0,0,1,25" ten="250,250,250,250" oya="0" hai0="112,32,135,98,7,0,114,33,92,79,62,24,19" hai1="15,104,111,27,77,130,102,134,50,72,18,46,122" hai2="126,13,30,40,8,36,106,115,78,74,63,1,85" hai3="58,37,133,97,64,127,29,65,94,90,99,6,131"/><T56/><D135/><U121/><E134/><V91/><F115/><W55/><G133/><T84/><D0/><U71/><E71/><V39/><F106/><W2/><G127/><T57/><D7/><U11/><E111/><V119/><F1/><W61/><G131/><T17/><D79/><U10/><E130/><V35/><F126/><W101/><G37/><T21/><D84/><U3/><E77/><V9/><F9/><W68/><G6/><T16/><D114/><U20/><E72/><V52/><F78/><W38/><G38/><T93/><D112/><U96/><E10/><V49/><F63/><W12/><G2/><T103/><D93/><U73/><E73/><V83/><F40/><W48/><G12/><T100/><D100/><U5/><REACH who="1" step="1"/><E3/><REACH who="1" ten="250,240,250,250" step="2"/><V95/><F74/><W45/><G68/><T88/><D103/><U76/><E76/><V124/><F124/><W4/><G4/><T116/><D116/><U69/><E69/><V125/><F125/><W67/><REACH who="3" step="1"/><G29/><REACH who="3" ten="250,240,250,240" step="2"/><T41/><D41/><AGARI ba="0,2" hai="5,11,15,18,20,27,41,46,50,96,102,104,121,122" machi="41" ten="30,3900,0" yaku="1,1,7,1,53,1" doraHai="25" doraHaiUra="22" who="1" fromWho="0" sc="250,-39,240,59,250,0,240,0" /><INIT seed="1,0,0,4,5,124" ten="211,299,250,240" oya="1" hai0="56,123,126,103,86,115,47,20,88,29,122,2,34" hai1="95,87,116,43,4,101,84,22,67,35,48,21,100" hai2="64,51,12,129,83,128,30,15,132,113,75,121,63" hai3="111,33,109,105,69,82,44,19,3,23,31,50,96"/><U97/><E116/><V110/><F121/><N who="0" m="46090" /><D2/><U104/><E35/><V61/><F110/><N who="3" m="41995" /><G69/><T25/><D126/><U120/><E120/><V28/><F132/><W127/><G127/><T131/><D115/><U102/><E67/><V68/><F113/><W119/><G3/><T98/><D47/><N who="1" m="25727" /><E104/><V112/><F112/><W39/><G39/><T89/><D56/><U36/><E4/><V78/><F51/><W53/><G82/><N who="0" m="49239" /><D89/><N who="1" m="55535" /><E36/><V6/><F61/><W79/><G79/><T38/><D38/><U8/><E8/><N who="2" m="4119" /><F15/><N who="3" m="9727" /><G119/><T16/><D34/><U93/><E93/><V90/><F90/><W24/><G105/><N who="0" m="63735" /><D29/><U57/><E57/><V85/><F28/><W5/><G5/><T0/><D0/><U52/><E21/><V58/><F30/><W41/><G96/><T77/><D77/><U60/><E22/><V17/><F68/><W134/><G134/><T26/><D26/><U59/><AGARI ba="0,0" hai="52,59,60,84,87,100,101,102" m="55535,25727" machi="59" ten="30,3000,0" yaku="8,1,54,1" doraHai="124" who="1" fromWho="1" sc="211,-10,299,30,250,-10,240,-10" /><INIT seed="1,1,0,0,0,83" ten="201,329,240,230" oya="1" hai0="15,0,27,13,55,60,53,44,86,1,88,122,26" hai1="116,59,39,50,52,96,97,107,114,64,104,100,119" hai2="40,91,42,99,3,49,16,121,41,82,56,112,111" hai3="109,30,87,92,66,89,117,80,17,106,76,74,79"/><U126/><E114/><V19/><F121/><W113/><G113/><T22/><D122/><U11/><E39/><V62/><F111/><W51/><G30/><T105/><D105/><U98/><E126/><V34/><F34/><W130/><G66/><T12/><D60/><U133/><E133/><V78/><F3/><W8/><G109/><T70/><D70/><U24/><E64/><V90/><F49/><W93/><G106/><T110/><D110/><U46/><E107/><V6/><F6/><W120/><G120/><T14/><N who="0" m="3072" /><DORA hai="69" /><T132/><D132/><U31/><E11/><V5/><F5/><W28/><G28/><T65/><D65/><U57/><E104/><V7/><F7/><W77/><G8/><T118/><D118/><U101/><E116/><V10/><F10/><W25/><G117/><T23/><D1/><U84/><E84/><N who="2" m="48215" /><F112/><W21/><G74/><T43/><D0/><U33/><REACH who="1" step="1"/><E119/><REACH who="1" ten="201,319,240,230" step="2"/><V123/><F123/><W20/><G130/><T108/><D108/><U61/><E61/><V75/><F75/><W45/><REACH who="3" step="1"/><G21/><REACH who="3" ten="201,319,240,220" step="2"/><T32/><D23/><U134/><E134/><V37/><F37/><W9/><G9/><T103/><D22/><U115/><E115/><V71/><F71/><W58/><G58/><AGARI ba="1,2" hai="24,31,33,46,50,52,57,58,59,96,97,98,100,101" machi="58" ten="40,12000,1" yaku="1,1,54,1,53,3" doraHai="83,69" doraHaiUra="73,94" who="1" fromWho="3" sc="201,0,319,143,240,0,220,-123" /><INIT seed="1,2,0,0,3,72" ten="201,462,240,97" oya="1" hai0="20,105,69,74,4,128,36,79,48,32,90,133,97" hai1="42,76,67,38,88,11,63,29,16,113,127,35,86" hai2="112,25,61,37,131,54,110,70,102,56,41,121,101" hai3="49,91,19,83,123,81,85,31,59,15,60,3,58"/><U118/><E113/><V77/><F121/><W14/><G123/><T108/><D48/><U24/><E118/><V9/><F110/><W26/><G3/><T87/><D20/><U104/><E104/><V89/><F131/><W80/><G49/><T92/><D4/><U99/><E127/><V135/><F135/><W28/><G58/><T132/><D32/><U51/><E38/><V10/><F70/><W34/><G31/><T33/><D33/><U2/><E2/><V119/><F119/><W109/><G109/><T50/><D50/><U78/><E99/><V93/><F25/><W21/><REACH who="3" step="1"/><G15/><REACH who="3" ten="201,462,240,87" step="2"/><T40/><D108/><U117/><E117/><V66/><F56/><W1/><G1/><T126/><D132/><U96/><E51/><V94/><F37/><W68/><G68/><T130/><D69/><U98/><E42/><V106/><F41/><W6/><G6/><T84/><D133/><U23/><E29/><V129/><F61/><W30/><G30/><T53/><D36/><U5/><E35/><V75/><F112/><W18/><G18/><T125/><D40/><U65/><E63/><V82/><F129/><W124/><G124/><T7/><D7/><U114/><E114/><V116/><F116/><W17/><G17/><T103/><D130/><U44/><E44/><V62/><F62/><W27/><G27/><T47/><D128/><U100/><E24/><V111/><F111/><W8/><G8/><T13/><D126/><U122/><E122/><V39/><F9/><W55/><AGARI ba="2,1" hai="14,19,21,26,28,34,55,59,60,80,81,83,85,91" machi="55" ten="20,5200,0" yaku="1,1,0,1,7,1,53,1" doraHai="72" doraHaiUra="52" who="3" fromWho="3" sc="201,-15,462,-28,240,-15,87,68" /><INIT seed="2,0,0,1,3,0" ten="186,434,225,155" oya="2" hai0="108,11,24,103,51,44,127,17,71,22,131,41,31" hai1="130,37,75,125,112,87,63,122,86,88,58,115,16" hai2="15,12,128,6,39,101,110,97,48,55,81,96,36" hai3="49,72,33,46,50,18,126,7,114,100,25,68,74"/><V2/><F128/><W124/><G68/><T90/><D108/><U98/><E75/><V62/><F110/><W84/><G100/><T95/><D131/><U123/><E37/><V99/><F101/><W82/><G114/><T56/><D127/><N who="3" m="48681" /><G7/><T53/><D71/><U20/><E130/><V21/><F62/><W1/><G1/><T65/><D103/><U61/><E98/><V134/><F134/><W104/><G104/><T45/><D65/><U66/><E63/><V117/><F117/><W76/><G50/><T38/><D45/><U28/><E28/><V89/><F2/><W119/><G119/><T78/><D78/><U92/><E86/><N who="2" m="50383" /><F39/><W105/><G105/><T26/><D11/><U120/><E125/><V5/><F36/><W83/><G83/><T13/><REACH who="0" step="1"/><D31/><REACH who="0" ten="176,434,225,155" step="2"/><U132/><E132/><V27/><F15/><AGARI ba="0,1" hai="15,16,20,58,61,66,87,88,92,112,115,120,122,123" machi="15" ten="40,5200,0" yaku="13,1,54,2" doraHai="0" who="1" fromWho="2" sc="176,0,434,62,225,-52,155,0" /><INIT seed="3,0,0,2,0,130" ten="176,496,173,155" oya="3" hai0="5,69,95,120,123,31,17,113,41,9,115,19,29" hai1="93,126,78,127,16,104,132,6,122,114,101,34,4" hai2="32,100,43,60,86,131,110,99,54,72,62,7,74" hai3="68,38,22,18,111,79,24,97,67,49,1,51,81"/><W85/><G1/><N who="0" m="175" /><D69/><U77/><E122/><N who="0" m="46633" /><D41/><U80/><E104/><V33/><F110/><W20/><G38/><T91/><D91/><U40/><E34/><V14/><F43/><W28/><G111/><T30/><D95/><U37/><E114/><AGARI ba="0,0" hai="17,19,29,30,31,113,114,115" m="46633,175" machi="114" ten="40,5200,0" yaku="11,1,34,2" doraHai="130" who="0" fromWho="1" sc="176,52,496,-52,173,0,155,0" owari="228,2.8,444,54.4,173,-22.7,155,-34.5" /></mjloggm>