<mjloggm ver="2.3"><GO type="225" lobby="0"/><UN n0="%E3%81%99%E3%81%84%E3%81%BE%E3%81%9B%E3%83%BC%E3%82%93" n1="%70%68%65%6E%6F%6D%65" n2="%E6%A0%B9%E5%85%83%E3%81%8B%E3%82%89%E5%90%B9%E3%81%A3%E9%A3%9B%E3%81%B6" n3="%E8%80%81%E6%A5%BD" dan="17,16,17,16" rate="2242.39,2100.58,2137.61,2102.39" sx="M,M,F,M"/><TAIKYOKU oya="0"/><INIT seed="0,0,0,2,3,22" ten="250,250,250,250" oya="0" hai0="105,130,26,31,47,111,113,32,55,131,66,125,81" hai1="5,40,133,4,23,118,49,85,69,15,27,67,63" hai2="70,53,33,72,96,1,48,14,25,99,12,109,30" hai3="7,128,42,2,107,65,9,39,100,120,101,34,102"/><T135/><D113/><U91/><E118/><V129/><F109/><W35/><G107/><T58/><D105/><U57/><E133/><V122/><F122/><W79/><G120/><T104/><D104/><U29/><E15/><V86/><F72/><W87/><G65/><T116/><D116/><U77/><E77/><V90/><F1/><W6/><G6/><T18/><D135/><U89/><E89/><V41/><F70/><W121/><G128/><N who="0" m="49195" /><D125/><U8/><E8/><V10/><F41/><W126/><G126/><T132/><D132/><U52/><REACH who="1" step="1"/><E40/><REACH who="1" ten="250,240,250,250" step="2"/><V46/><F14/><W108/><G121/><T38/><D111/><U36/><E36/><V115/><F129/><W44/><REACH who="3" step="1"/><G108/><REACH who="3" ten="250,240,250,240" step="2"/><T56/><D38/><U74/><E74/><V51/><F115/><W124/><G124/><T106/><D106/><U11/><E11/><V97/><F10/><W117/><G117/><T60/><D66/><U59/><E59/><V127/><F127/><W43/><G43/><T73/><D58/><U110/><E110/><V13/><REACH who="2" step="1"/><F51/><REACH who="2" ten="250,240,240,240" step="2"/><W93/><G93/><AGARI ba="0,3" hai="4,5,23,27,29,49,52,57,63,67,69,85,91,93" machi="93" ten="30,7700,0" yaku="1,1,7,1,52,1,54,1,53,0" doraHai="22" doraHaiUra="95" who="1" fromWho="3" sc="250,0,240,107,240,0,240,-77" /><AGARI ba="0,0" hai="12,13,25,30,33,46,48,53,86,90,93,96,97,99" machi="93" ten="40,12000,2" yaku="1,1,2,1,52,1,53,3" doraHai="22" doraHaiUra="95" who="2" fromWho="3" sc="250,0,347,0,240,120,163,-120" /><INIT seed="1,0,0,4,4,125" ten="250,347,360,43" oya="1" hai0="134,9,94,25,85,8,57,117,28,69,132,55,66" hai1="71,39,18,36,126,124,101,75,118,43,51,87,21" hai2="70,17,60,105,130,35,44,54,16,120,128,89,11" hai3="109,38,131,133,93,77,92,115,103,61,4,64,22"/><U46/><E75/><V67/><F120/><W80/><G115/><T107/><D107/><U20/><E118/><V47/><F35/><W98/><G38/><T114/><D114/><U49/><E71/><V27/><F105/><W86/><G109/><T135/><D117/><U76/><E101/><V19/><F27/><W127/><G127/><N who="1" m="48682" /><E39/><V99/><F11/><W12/><G133/><T48/><D66/><U123/><E123/><V53/><F89/><W129/><G93/><T95/><D69/><U58/><E58/><V0/><F99/><W78/><G78/><T50/><D50/><N who="1" m="18955" /><E18/><V24/><F24/><W65/><G22/><T32/><D95/><U1/><E1/><V59/><F0/><W96/><G96/><T90/><AGARI ba="0,0" hai="8,9,25,28,32,48,55,57,85,90,94,132,134,135" machi="90" ten="40,2700,0" yaku="0,1,20,1" doraHai="125" who="0" fromWho="0" sc="250,27,347,-13,360,-7,43,-7" /><INIT seed="2,0,0,2,3,41" ten="277,334,353,36" oya="2" hai0="122,28,110,76,86,116,124,16,5,57,132,131,3" hai1="88,71,115,91,102,29,59,55,56,94,105,74,111" hai2="44,120,83,135,4,35,77,128,10,70,45,8,123" hai3="130,125,78,24,67,63,26,106,9,43,65,23,64"/><V50/><F70/><W48/><G106/><T90/><D122/><U38/><E71/><V60/><F35/><W54/><G125/><T93/><D124/><U68/><E68/><V96/><F60/><W20/><G130/><T107/><D107/><U15/><E115/><V97/><F128/><W72/><G72/><T98/><D131/><U12/><E111/><V61/><F61/><W92/><G78/><T121/><D121/><U84/><E38/><V89/><F135/><W37/><G37/><T99/><D28/><U85/><E74/><V36/><F36/><W52/><G43/><T66/><D110/><U0/><E0/><V11/><F4/><W19/><G63/><T129/><D5/><U126/><E126/><V21/><F21/><W95/><G9/><T25/><D3/><U101/><E29/><V114/><F114/><W82/><G82/><T49/><D132/><U112/><E112/><V2/><F2/><W17/><REACH who="3" step="1"/><G54/><REACH who="3" ten="277,334,353,26" step="2"/><N who="0" m="31951" /><D76/><U7/><E105/><V33/><F77/><W30/><G30/><T69/><D129/><U62/><E62/><V46/><F123/><W14/><G14/><T18/><D69/><U39/><E39/><V53/><F120/><W119/><G119/><T113/><D116/><U109/><E109/><V40/><F40/><W6/><G6/><T87/><D113/><U32/><E7/><V117/><F117/><W79/><G79/><T1/><D1/><U108/><E108/><V51/><F51/><W118/><G118/><T27/><D27/><U100/><E55/><V47/><F53/><W42/><G42/><T75/><D75/><RYUUKYOKU ba="0,1" sc="277,-10,334,-10,353,-10,26,30" hai3="17,19,20,23,24,26,48,52,64,65,67,92,95" /><INIT seed="3,1,1,3,2,132" ten="267,324,343,56" oya="3" hai0="74,118,27,94,119,15,89,109,1,102,61,133,33" hai1="68,28,12,64,106,115,57,60,53,58,86,5,56" hai2="129,14,37,59,99,0,17,83,22,65,29,101,45" hai3="75,121,95,26,108,30,51,130,54,100,97,77,20"/><W21/><G121/><T127/><D1/><U46/><E106/><V19/><F0/><W34/><G130/><T105/><D74/><U63/><E28/><V52/><F83/><W134/><G134/><T32/><D27/><U70/><E86/><V85/><F85/><W36/><G36/><T41/><D61/><N who="1" m="37927" /><E5/><V123/><F29/><W80/><REACH who="3" step="1"/><G108/><REACH who="3" ten="267,324,343,46" step="2"/><T43/><D133/><U10/><E115/><V3/><F129/><W9/><G9/><T49/><D109/><U7/><E70/><V103/><F37/><W72/><G72/><T2/><D118/><U116/><E68/><V66/><F123/><W107/><G107/><T62/><D105/><U98/><E116/><V110/><F110/><W78/><G78/><T35/><D119/><U24/><E24/><V18/><F66/><W73/><G73/><T125/><D35/><U84/><E84/><V90/><F65/><W25/><G25/><T114/><D33/><U122/><E122/><V4/><F22/><W112/><G112/><T16/><D32/><U31/><E31/><V104/><F104/><W47/><AGARI ba="1,2" hai="20,21,26,30,34,47,51,54,75,77,80,95,97,100" machi="47" ten="20,7800,0" yaku="1,1,0,1,7,1,53,1" doraHai="132" doraHaiUra="88" who="3" fromWho="3" sc="267,-27,324,-27,343,-27,46,101" /><INIT seed="3,2,0,1,1,47" ten="240,297,316,147" oya="3" hai0="20,100,91,49,32,51,29,71,10,43,111,57,30" hai1="101,33,130,88,104,112,135,54,62,84,131,78,81" hai2="121,41,94,28,17,93,63,126,105,14,65,86,108" hai3="53,102,120,45,61,125,77,0,85,99,8,116,132"/><W87/><G120/><T79/><D71/><U35/><E112/><V124/><F105/><W24/><G116/><T16/><D111/><U95/><E135/><V114/><F108/><W40/><G132/><T127/><D32/><U69/><E101/><V75/><F75/><W70/><G125/><T6/><D127/><N who="2" m="48682" /><F28/><N who="0" m="10858" /><D79/><U19/><E104/><V12/><F41/><W25/><G0/><T110/><D100/><U5/><E5/><V31/><F31/><W96/><G8/><T117/><D117/><U56/><E69/><V122/><F14/><W74/><G74/><T134/><D134/><U1/><E1/><V76/><F114/><W119/><G119/><T27/><D43/><U73/><REACH who="1" step="1"/><E19/><REACH who="1" ten="240,287,316,147" step="2"/><V44/><F122/><W82/><G87/><T22/><D110/><U7/><E7/><V3/><F17/><W103/><G103/><T72/><D72/><U80/><E80/><V109/><F3/><W37/><G70/><T18/><D57/><U58/><E58/><V55/><F109/><W68/><G68/><T113/><D113/><U107/><E107/><V123/><F123/><W11/><G11/><T118/><D118/><U38/><E38/><V115/><F115/><W39/><G39/><T48/><D91/><U66/><E66/><V52/><F65/><W83/><G83/><T23/><D6/><U15/><E15/><AGARI ba="2,1" hai="10,15,16,18,20,22,23,27,48,49,51" m="10858" machi="15" ten="30,8000,1" yaku="8,1,52,3,54,1" doraHai="47" who="0" fromWho="1" sc="240,96,287,-86,316,0,147,0" owari="336,43.6,201,-19.9,316,11.6,147,-35.3" /></mjloggm>