<mjloggm ver="2.3"><GO type="225" lobby="0"/><UN n0="%E5%B0%8F%E9%B3%A5%E9%81%8A%E7%B7%B4%E7%84%A1%32%31%E6%AD%B3" n1="%73%6C%69%63%6B%33%31%39" n2="%72%69%6F%75%63%68%61%6E" n3="%6D%75%75%6D%75%72%61" dan="16,16,16,16" rate="2187.16,2113.15,2210.99,2141.80" sx="F,M,M,F"/><TAIKYOKU oya="0"/><INIT seed="0,0,0,2,3,79" ten="250,250,250,250" oya="0" hai0="121,40,55,78,87,103,135,116,102,15,94,67,93" hai1="39,29,56,107,9,62,42,98,96,18,41,28,83" hai2="37,59,63,58,19,50,47,74,69,129,105,86,126" hai3="7,20,60,53,85,70,36,112,128,1,114,26,65"/><T95/><D116/><U124/><E124/><V117/><F129/><W0/><G128/><T54/><D121/><U45/><E41/><V131/><F131/><W51/><G36/><T104/><D40/><U10/><E28/><V4/><F126/><W89/><G112/><T88/><D67/><U101/><E29/><V106/><F74/><W24/><G114/><T17/><D104/><U23/><E96/><V46/><F117/><W91/><G91/><T32/><D78/><U99/><E99/><V82/><F4/><W111/><G111/><T14/><D32/><U90/><E90/><V6/><F6/><W75/><G75/><T120/><D120/><U16/><E83/><V133/><F133/><W119/><G119/><T43/><D43/><U57/><E18/><V66/><F37/><W52/><G53/><N who="0" m="19979" /><D135/><U132/><E132/><V12/><F106/><W44/><G7/><T109/><D109/><U38/><E38/><V13/><F105/><W125/><G125/><T22/><D14/><U25/><REACH who="1" step="1"/><E56/><REACH who="1" ten="250,240,250,250" step="2"/><V115/><F115/><W76/><G76/><T113/><D113/><U100/><E100/><AGARI ba="0,1" hai="15,17,22,87,88,93,94,95,100,102,103" m="19979" machi="100" ten="30,2900,0" yaku="8,1,54,1" doraHai="79" who="0" fromWho="1" sc="250,39,240,-29,250,0,250,0" /><INIT seed="0,1,0,2,0,132" ten="289,211,250,250" oya="0" hai0="32,69,116,7,66,51,102,18,2,5,41,46,127" hai1="113,36,60,82,12,44,114,95,61,20,79,42,39" hai2="57,99,115,98,86,111,48,80,54,14,37,34,58" hai3="85,35,64,13,38,84,108,30,92,104,97,96,120"/><T91/><D32/><U130/><E95/><V128/><F111/><W133/><G108/><T59/><D116/><U17/><E130/><V24/><F128/><W52/><G133/><T19/><D102/><U89/><E89/><V11/><F115/><N who="1" m="44041" /><E39/><V56/><F37/><W90/><G38/><T49/><D69/><U106/><E106/><V110/><F110/><W134/><G134/><T4/><D2/><U43/><E43/><V107/><F24/><W68/><G120/><T27/><D91/><U62/><E62/><V1/><F34/><W123/><G123/><T53/><D66/><U40/><E40/><V78/><F1/><W70/><G52/><T81/><D81/><U25/><E12/><V8/><F8/><W3/><G3/><T125/><D27/><U6/><E6/><V63/><F107/><W75/><G13/><T31/><D31/><U122/><E122/><V131/><F131/><W73/><G104/><T65/><D65/><U45/><E45/><V135/><F135/><W109/><G109/><T0/><REACH who="0" step="1"/><D0/><REACH who="0" ten="279,211,250,250" step="2"/><U121/><E121/><V105/><F105/><W93/><G64/><T119/><D119/><U22/><E22/><V94/><F94/><W124/><G35/><T88/><D88/><U101/><E101/><V74/><F80/><W103/><G103/><T23/><D23/><U71/><E71/><V21/><F21/><W72/><G90/><T10/><D10/><U83/><E83/><V33/><F11/><W47/><G68/><T26/><D26/><U87/><AGARI ba="1,1" hai="17,20,25,36,42,44,60,61,79,82,87" m="44041" machi="87" ten="30,1100,0" yaku="11,1" doraHai="132" who="1" fromWho="1" sc="279,-6,211,24,250,-4,250,-4" /><INIT seed="1,0,0,2,3,3" ten="273,235,246,246" oya="1" hai0="116,51,68,114,20,78,44,112,83,84,60,55,1" hai1="76,6,54,28,11,130,103,123,113,19,82,87,27" hai2="12,56,117,73,9,132,89,99,77,63,4,126,98" hai3="30,41,124,119,80,111,13,67,93,105,122,70,22"/><U57/><E113/><V128/><F126/><W72/><G105/><T129/><D116/><U8/><E123/><V58/><F132/><W16/><G122/><T15/><D1/><U43/><E130/><V65/><F128/><W120/><G120/><T110/><D110/><U46/><E103/><V2/><F117/><W0/><G124/><T42/><D55/><U108/><E108/><V39/><F39/><W53/><G119/><T104/><D104/><U17/><E57/><V64/><F2/><W40/><G0/><T107/><D107/><U106/><E54/><V92/><F99/><W96/><G111/><T91/><D91/><U29/><E106/><V79/><REACH who="2" step="1"/><F73/><REACH who="2" ten="273,235,236,246" step="2"/><W74/><G74/><T102/><D129/><U85/><E85/><V34/><F34/><W135/><G72/><T88/><D112/><U36/><E36/><V66/><F66/><W45/><G67/><T26/><D114/><U71/><E87/><V25/><F25/><W69/><G96/><T118/><D118/><U50/><E27/><V125/><F125/><W81/><G135/><T115/><D115/><U31/><E71/><V121/><F121/><W133/><G70/><T134/><D68/><U7/><E82/><N who="3" m="31850" /><G69/><T18/><D134/><U109/><E109/><V90/><F90/><W35/><G133/><T33/><D88/><U32/><E32/><V86/><F86/><W21/><G35/><T38/><D33/><U95/><E76/><V14/><F14/><W47/><G13/><T49/><D15/><N who="1" m="5527" /><E95/><V59/><F59/><W97/><G93/><T23/><D84/><U94/><E94/><RYUUKYOKU ba="0,1" sc="273,-15,235,15,236,15,246,-15" hai1="7,11,17,19,28,29,31,43,46,50" hai2="4,9,12,56,58,63,64,65,77,79,89,92,98" /><INIT seed="1,1,1,2,2,55" ten="258,250,251,231" oya="1" hai0="29,94,103,38,133,118,14,121,84,44,115,43,21" hai1="63,124,69,98,96,106,93,9,49,6,81,20,110" hai2="10,57,31,68,114,46,7,73,54,62,100,77,135" hai3="40,30,123,126,108,91,88,60,130,89,61,111,119"/><U8/><E124/><V75/><F135/><W113/><G126/><T127/><D118/><U97/><E106/><V53/><F114/><W117/><G113/><T87/><D115/><U112/><E112/><V34/><F68/><W16/><G123/><T65/><D133/><U116/><E116/><N who="3" m="44618" /><G130/><T86/><D127/><U48/><E110/><N who="3" m="42026" /><G30/><T109/><D109/><U37/><E37/><V12/><F100/><W79/><G79/><T13/><D65/><U56/><E69/><V74/><F77/><W11/><G40/><T32/><D32/><U67/><E81/><V82/><F82/><W24/><G11/><T17/><D29/><U36/><E9/><V25/><F46/><W71/><G71/><T131/><D131/><U5/><E8/><V18/><REACH who="2" step="1"/><F53/><REACH who="2" ten="258,250,241,231" step="2"/><W64/><G64/><T19/><D121/><U23/><E67/><V39/><F39/><W125/><G125/><T52/><D52/><U50/><E36/><V80/><F80/><W26/><G16/><AGARI ba="1,2" hai="7,10,12,16,18,25,31,34,54,57,62,73,74,75" machi="16" ten="40,12000,2" yaku="1,1,52,1,54,1,53,3" doraHai="55" doraHaiUra="105" who="2" fromWho="3" sc="258,0,250,0,241,143,231,-123" /><INIT seed="2,0,0,3,0,130" ten="258,250,384,108" oya="2" hai0="54,86,84,92,51,122,1,110,40,133,5,13,53" hai1="113,108,55,94,37,83,77,50,24,101,82,76,131" hai2="56,4,23,27,90,0,60,71,47,9,128,43,132" hai3="6,38,19,111,97,87,115,80,41,129,105,102,14"/><V73/><F132/><W98/><G129/><T127/><D1/><U124/><E113/><V100/><F128/><W107/><G115/><T44/><D122/><U121/><E131/><V104/><F73/><W16/><G111/><T67/><D133/><U69/><E37/><V106/><F71/><W20/><G38/><T29/><D67/><U96/><E69/><V91/><F106/><W116/><G116/><T30/><D110/><U125/><E108/><V25/><F100/><W88/><G41/><T119/><D127/><N who="1" m="48715" /><E24/><V135/><F135/><W99/><G105/><T48/><D40/><U2/><E2/><V17/><F104/><W74/><G6/><T52/><D119/><U61/><E61/><V59/><F25/><W46/><G46/><T114/><D114/><U36/><E36/><V85/><F85/><N who="0" m="32874" /><D92/><U95/><E95/><V22/><F22/><W18/><G18/><T45/><D54/><U75/><E121/><V58/><REACH who="2" step="1"/><F60/><REACH who="2" ten="258,250,374,108" step="2"/><W89/><G74/><T33/><D33/><U8/><E75/><V78/><F78/><N who="1" m="30313" /><E8/><AGARI ba="0,1" hai="5,8,13,29,30,44,45,48,51,52,53" m="32874" machi="8" ten="30,2000,0" yaku="8,1,54,1" doraHai="130" who="0" fromWho="1" sc="258,30,250,-20,374,0,108,0" /><INIT seed="3,0,0,3,4,25" ten="288,230,374,108" oya="3" hai0="113,117,7,130,48,0,59,37,125,111,75,14,54" hai1="45,18,124,79,23,86,110,50,22,132,53,85,108" hai2="4,102,12,11,63,77,60,116,78,101,92,62,5" hai3="33,73,35,28,134,49,36,131,40,135,43,76,69"/><W70/><G36/><T55/><D0/><U71/><E124/><V65/><F116/><W93/><G131/><T27/><D37/><U24/><E132/><N who="3" m="50730" /><G93/><T61/><D75/><U99/><E71/><N who="3" m="27146" /><G49/><T51/><D117/><U32/><E32/><N who="3" m="12362" /><G28/><T106/><D130/><U115/><E115/><V67/><F4/><W100/><G100/><N who="2" m="38505" /><F92/><W6/><G6/><T41/><D7/><U112/><E99/><V66/><AGARI ba="0,0" hai="5,11,12,60,62,63,65,66,67,77,78" m="38505" machi="66" ten="40,1500,0" yaku="8,1" doraHai="25" who="2" fromWho="2" sc="288,-4,230,-4,374,15,108,-7" owari="284,8.4,226,-17.4,389,48.9,101,-39.9" /></mjloggm>