<mjloggm ver="2.3"><GO type="225" lobby="0"/><UN n0="%E5%84%AA%40%41%42%43" n1="%72%61%6B%33" n2="%70%68%65%6E%6F%6D%65" n3="%E6%A1%9C%E8%8A%B1%E9%96%83%E3%80%85" dan="17,16,17,17" rate="2230.03,2207.68,2175.77,2217.96" sx="M,M,M,M"/><TAIKYOKU oya="0"/><INIT seed="0,0,0,3,2,110" ten="250,250,250,250" oya="0" hai0="62,28,95,27,121,101,12,134,54,53,37,114,55" hai1="0,79,127,68,113,106,107,64,75,9,49,58,19" hai2="20,73,14,22,2,98,51,126,23,91,6,85,16" hai3="119,63,96,92,78,36,81,47,21,112,102,8,123"/><T70/><D121/><U83/><E127/><V32/><F73/><W88/><G119/><T41/><D134/><U118/><E118/><V128/><F126/><W52/><G123/><T30/><D114/><U103/><E68/><V46/><F32/><W42/><G112/><T124/><D124/><U108/><E108/><V3/><F128/><W87/><G21/><T90/><D101/><U84/><E113/><V66/><F66/><W89/><REACH who="3" step="1"/><G8/><REACH who="3" ten="250,250,250,240" step="2"/><T61/><D61/><U105/><E9/><N who="2" m="4407" /><F2/><W80/><G80/><T116/><D116/><U100/><E0/><V48/><F3/><W18/><G18/><T72/><D30/><U25/><E19/><V11/><F11/><W38/><G38/><T71/><D62/><U69/><E83/><N who="2" m="49599" /><F48/><W130/><G130/><T33/><D33/><U17/><E49/><V24/><F98/><W40/><G40/><AGARI ba="0,1" hai="16,20,22,23,24,40,46,51" m="49599,4407" machi="40" ten="30,2000,0" yaku="8,1,54,1" doraHai="110" who="2" fromWho="3" sc="250,0,250,0,250,30,240,-20" /><INIT seed="1,0,0,1,2,99" ten="250,250,280,220" oya="1" hai0="98,23,16,105,12,85,66,114,121,72,88,77,79" hai1="97,55,25,11,30,26,82,22,68,0,122,91,51" hai2="31,118,65,95,27,86,133,45,100,47,49,57,36" hai3="21,90,115,58,67,70,125,96,120,103,61,1,111"/><U126/><E122/><V19/><F118/><W37/><G120/><T108/><D121/><U80/><E126/><V4/><F133/><W128/><G115/><T8/><D114/><U83/><E68/><V15/><F4/><W44/><G125/><T35/><D108/><U34/><E0/><V14/><F36/><W24/><G111/><T6/><D35/><U130/><E130/><V112/><F112/><W2/><G128/><T5/><D72/><U7/><E7/><V119/><F119/><W117/><G90/><T50/><D66/><U33/><E11/><V69/><F69/><W9/><G9/><T92/><D5/><U110/><E110/><V75/><F75/><W43/><G70/><T39/><D39/><U42/><E42/><V60/><F19/><W94/><REACH who="3" step="1"/><G117/><REACH who="3" ten="250,250,280,210" step="2"/><T106/><D77/><U63/><E91/><N who="2" m="53751" /><F100/><W53/><G53/><T18/><D79/><U104/><E55/><N who="2" m="30127" /><F47/><W107/><G107/><T29/><D106/><U46/><E104/><V59/><F57/><W123/><G123/><T93/><D105/><U78/><E46/><V48/><F48/><W89/><G89/><N who="0" m="53295" /><D50/><U40/><E51/><V84/><F59/><W116/><G116/><T52/><D52/><U73/><E78/><V113/><F113/><W74/><G74/><T10/><D8/><U38/><E73/><V134/><F134/><W101/><G101/><T109/><D109/><U41/><E38/><V132/><F132/><W32/><G32/><T129/><D129/><U28/><E33/><N who="2" m="20735" /><F84/><W102/><G102/><T3/><D3/><U20/><E34/><V124/><F124/><RYUUKYOKU ba="0,1" sc="250,10,250,-30,280,10,210,10" hai0="6,10,12,16,18,23,29,88,93,98" hai2="14,15,60,65" hai3="1,2,21,24,37,43,44,58,61,67,94,96,103" /><INIT seed="2,1,1,5,1,38" ten="260,220,290,220" oya="2" hai0="108,25,131,121,34,100,56,53,50,36,104,62,82" hai1="35,23,87,76,102,61,69,81,113,115,96,11,14" hai2="54,119,48,120,114,47,44,129,75,133,90,93,22" hai3="24,9,2,65,79,89,15,7,135,132,95,51,126"/><V117/><F114/><W71/><G79/><T72/><D121/><U94/><E35/><V97/><F120/><W0/><G126/><T128/><D36/><U42/><E23/><V109/><F75/><W37/><G37/><T49/><D108/><U112/><E69/><V84/><F109/><W74/><G74/><T77/><D104/><U88/><E61/><V105/><F129/><N who="0" m="49738" /><D100/><U31/><E31/><AGARI ba="1,1" hai="25,31,34,49,50,53,56,62,72,77,82" m="49738" machi="31" ten="30,1000,0" yaku="19,1" doraHai="38" who="0" fromWho="1" sc="260,23,220,-13,290,0,220,0" /><INIT seed="3,0,0,4,4,125" ten="283,207,290,220" oya="3" hai0="121,110,100,21,61,17,74,132,135,24,4,58,131" hai1="30,33,22,89,38,128,97,123,41,82,122,48,55" hai2="133,3,7,95,107,81,99,126,67,15,59,129,6" hai3="72,71,83,92,11,134,19,109,90,2,76,20,10"/><W116/><G116/><T73/><D121/><U105/><E33/><V46/><F129/><W25/><G134/><N who="0" m="51243" /><D110/><U31/><E128/><V50/><F107/><W93/><G109/><T69/><D69/><U47/><E82/><V57/><F133/><W120/><G120/><T43/><D43/><U114/><E114/><V77/><F3/><W26/><G71/><T66/><D131/><U113/><E113/><V80/><F126/><W13/><G92/><T62/><D62/><U53/><E53/><V29/><F29/><W115/><G115/><T130/><D130/><U86/><E30/><V118/><F118/><W39/><G39/><T52/><D66/><U51/><E38/><V36/><F36/><W14/><G2/><T49/><D49/><U44/><E105/><V5/><F15/><W64/><G64/><T54/><D54/><U23/><E23/><V60/><F59/><W103/><G103/><T106/><D4/><U70/><E70/><V28/><F28/><W75/><G75/><T91/><D91/><U94/><REACH who="1" step="1"/><E86/><REACH who="1" ten="283,197,290,220" step="2"/><V111/><F111/><W96/><REACH who="3" step="1"/><G20/><REACH who="3" ten="283,197,290,210" step="2"/><T87/><D87/><U63/><E63/><V35/><F60/><W16/><AGARI ba="0,2" hai="10,11,13,14,16,19,25,26,72,76,83,90,93,96" machi="16" ten="20,18000,2" yaku="1,1,2,1,0,1,7,1,9,1,54,1,53,1" doraHai="125" doraHaiUra="79" who="3" fromWho="3" sc="283,-60,197,-60,290,-60,210,200" owari="223,-17.7,137,-36.3,230,3.0,410,51.0" /></mjloggm>