<mjloggm ver="2.3"><GO type="225" lobby="0"/><UN n0="%E3%83%81%E3%83%AF%E3%83%AF%E9%9A%8A%E9%95%B7" n1="%E3%83%B4%E3%83%A0%EF%BC%99%E3%81%A6" n2="%E3%81%B5%E3%81%98%E3%81%8B%E3%81%A4" n3="%E3%82%B2%E3%82%B9%E8%8C%82%E5%8B%9D" dan="16,16,16,16" rate="2158.76,2098.87,2172.20,2084.35" sx="M,M,M,F"/><TAIKYOKU oya="0"/><INIT seed="0,0,0,0,3,123" ten="250,250,250,250" oya="0" hai0="56,69,98,41,84,45,116,61,95,128,35,105,63" hai1="18,83,79,119,77,17,88,47,91,34,42,99,20" hai2="23,111,7,85,71,44,80,131,76,133,40,38,97" hai3="9,11,70,107,50,124,59,19,127,14,78,82,101"/><T93/><D116/><U120/><E34/><V60/><F133/><W46/><G70/><T125/><D35/><U5/><E119/><V81/><F131/><W121/><G121/><T54/><D128/><U134/><E120/><V65/><F7/><W10/><G59/><T100/><D125/><N who="3" m="48201" /><G101/><T103/><D103/><U129/><E129/><V90/><F97/><W22/><G107/><T31/><D31/><U92/><E134/><V58/><F23/><W102/><G102/><T94/><D84/><U106/><E106/><V51/><F51/><W132/><G132/><T24/><D24/><U135/><E5/><V12/><F12/><W104/><G104/><T86/><D86/><N who="1" m="50655" /><E17/><V27/><F27/><W48/><G46/><T89/><D89/><U30/><E30/><V118/><F118/><W32/><G32/><T29/><D29/><U64/><E64/><V33/><F33/><W117/><G117/><T55/><D69/><U8/><E135/><V110/><REACH who="2" step="1"/><F71/><REACH who="2" ten="250,250,240,250" step="2"/><W37/><G37/><T96/><D96/><U28/><E28/><V130/><F130/><W53/><G22/><T16/><D98/><U52/><E8/><V74/><AGARI ba="0,1" hai="38,40,44,58,60,65,74,76,80,81,85,90,110,111" machi="74" ten="30,7900,0" yaku="1,1,0,1,52,2,53,0" doraHai="123" doraHaiUra="114" who="2" fromWho="2" sc="250,-39,250,-20,240,89,250,-20" /><INIT seed="1,0,0,3,5,107" ten="211,230,329,230" oya="1" hai0="32,100,80,130,22,118,60,102,65,12,63,34,119" hai1="9,69,54,73,103,81,85,94,38,28,37,117,0" hai2="84,104,121,45,68,10,2,62,42,21,78,23,61" hai3="113,128,11,44,83,19,64,1,86,67,57,41,31"/><U50/><E117/><V115/><F121/><W93/><G128/><T134/><D130/><U91/><E69/><V87/><F104/><W99/><G113/><T13/><D134/><U17/><E28/><V8/><F115/><W76/><G31/><T49/><D49/><U4/><E17/><V109/><F109/><W89/><G57/><T98/><D80/><U101/><E101/><V75/><F68/><W36/><REACH who="3" step="1"/><G19/><REACH who="3" ten="211,230,329,220" step="2"/><T135/><D119/><U110/><E110/><V16/><F16/><W51/><G51/><T127/><D118/><U26/><E26/><V18/><F18/><W52/><G52/><T79/><D135/><U30/><E30/><V123/><F123/><W126/><G126/><T47/><D127/><U35/><E35/><V74/><F62/><W112/><G112/><T7/><D32/><U24/><E24/><V53/><F53/><W114/><G114/><T77/><D34/><U120/><E120/><V46/><F61/><W25/><G25/><T116/><D116/><U124/><E124/><V125/><F125/><W5/><AGARI ba="0,1" hai="1,5,11,36,41,44,64,67,76,83,86,89,93,99" machi="5" ten="30,4000,0" yaku="1,1,0,1,53,1" doraHai="107" doraHaiUra="71" who="3" fromWho="3" sc="211,-10,230,-20,329,-10,220,50" /><INIT seed="2,0,0,0,1,10" ten="201,210,319,270" oya="2" hai0="4,55,5,77,13,123,108,14,40,85,57,32,81" hai1="101,19,63,135,115,22,46,89,1,43,122,114,98" hai2="134,36,90,44,24,69,2,70,7,80,132,88,65" hai3="103,21,15,61,92,71,128,83,33,52,3,116,23"/><V50/><F24/><W133/><G128/><T31/><D123/><U53/><E1/><V99/><F2/><W27/><G133/><N who="2" m="51305" /><F36/><W75/><G3/><T86/><D108/><U28/><E122/><V35/><F7/><N who="0" m="2634" /><D32/><U58/><E28/><V54/><F35/><W109/><G109/><T126/><D126/><U112/><E135/><V120/><F65/><W94/><G33/><T39/><D39/><U59/><E59/><V91/><F120/><W110/><G110/><T66/><D31/><U74/><E74/><V96/><F80/><W82/><G116/><T100/><D40/><U119/><E119/><V73/><F73/><W62/><G75/><T84/><D100/><U67/><E67/><V130/><F130/><W25/><G103/><T76/><D66/><U113/><E113/><V11/><F11/><W87/><G87/><N who="0" m="33355" /><D76/><U125/><E125/><V41/><F41/><W118/><G118/><T60/><AGARI ba="0,0" hai="13,14,55,57,60,77,81,86" m="33355,2634" machi="60" ten="30,4000,0" yaku="8,1,52,2" doraHai="10" who="0" fromWho="0" sc="201,40,210,-10,319,-20,270,-10" /><INIT seed="3,0,0,1,4,50" ten="241,200,299,260" oya="3" hai0="37,95,134,101,25,126,92,117,13,69,28,12,22" hai1="24,122,67,39,97,14,56,124,9,51,106,34,131" hai2="135,107,108,68,96,26,115,35,33,128,90,5,29" hai3="79,94,23,121,83,103,60,6,1,32,63,114,71"/><W55/><G114/><T48/><D37/><U61/><E122/><V88/><F115/><W66/><G121/><T20/><D117/><U85/><E39/><V93/><F135/><W132/><G132/><T98/><D134/><U54/><E124/><V31/><F108/><W16/><G32/><T42/><D69/><U84/><E131/><V76/><F128/><W45/><G1/><T19/><D126/><U7/><E106/><V91/><F107/><W130/><G130/><T102/><D12/><U82/><E97/><V104/><F76/><W30/><G30/><T75/><D75/><U113/><E113/><V4/><F68/><W44/><G6/><T111/><D111/><U118/><E118/><V41/><F41/><W57/><G94/><T65/><D65/><U8/><E8/><V38/><F38/><W86/><G103/><T40/><REACH who="0" step="1"/><D48/><REACH who="0" ten="231,200,299,260" step="2"/><U59/><REACH who="1" step="1"/><E82/><REACH who="1" ten="231,190,299,260" step="2"/><V62/><F104/><W70/><G71/><T2/><D2/><U0/><E0/><V109/><F109/><W53/><G70/><T125/><D125/><U110/><E110/><V72/><F96/><AGARI ba="0,2" hai="13,19,20,22,25,28,40,42,92,95,96,98,101,102" machi="96" ten="40,5200,0" yaku="1,1,9,1,8,1,53,0" doraHai="50" doraHaiUra="49" who="0" fromWho="2" sc="231,72,190,0,299,-52,260,0" owari="303,40.3,190,-31.0,247,-15.3,260,6.0" /></mjloggm>