<mjloggm ver="2.3"><GO type="225" lobby="0"/><UN n0="%72%61%6B%33" n1="%38%63%E3%81%AF%E3%81%A3%E3%81%97%E3%83%BC" n2="%E5%8F%AF%E5%85%90%E9%82%A3%E7%94%B1%E5%A4%9A" n3="%E6%B4%BE%E9%81%A3%E3%81%AE%E3%82%B8%E3%83%A3%E3%83%83%E3%82%AF" dan="17,16,16,16" rate="2223.72,2118.56,2199.80,2170.74" sx="M,M,F,M"/><TAIKYOKU oya="0"/><INIT seed="0,0,0,4,1,4" ten="250,250,250,250" oya="0" hai0="112,11,20,50,40,132,2,1,36,53,28,25,127" hai1="95,80,8,102,7,118,46,105,56,73,78,64,43" hai2="15,0,97,26,125,55,108,24,49,13,103,76,12" hai3="121,122,10,58,81,67,47,94,131,120,27,114,51"/><T116/><D112/><U123/><E105/><V109/><F0/><W29/><G114/><T32/><D116/><U126/><E118/><V68/><F68/><W71/><G71/><T39/><D127/><U35/><E35/><V104/><F125/><W124/><G124/><T84/><D132/><U111/><E126/><V3/><F3/><W86/><G131/><T134/><D134/><U14/><E123/><V115/><F76/><W19/><G94/><T59/><D84/><U17/><E111/><N who="2" m="42571" /><F115/><W106/><G106/><T60/><D32/><U22/><E64/><V48/><F48/><W128/><G128/><T100/><D100/><U34/><E56/><AGARI ba="0,0" hai="12,13,15,24,26,49,55,56,97,103,104" m="42571" machi="56" ten="30,1000,0" yaku="14,1" doraHai="4" who="2" fromWho="1" sc="250,0,250,-10,250,10,250,0" /><INIT seed="1,0,0,2,1,87" ten="250,240,260,250" oya="1" hai0="95,23,62,52,96,125,106,86,30,54,131,122,8" hai1="83,75,64,40,105,31,16,128,57,78,127,104,38" hai2="74,72,118,48,80,112,66,119,116,24,14,129,91" hai3="70,25,126,90,7,46,65,84,33,82,32,34,55"/><U69/><E69/><V88/><F66/><W130/><G130/><T49/><D131/><U120/><E120/><V20/><F129/><W29/><G126/><T12/><D125/><U53/><E64/><V124/><F124/><W81/><G7/><T61/><D106/><U41/><E31/><V50/><F112/><W134/><G134/><T43/><D43/><U45/><E40/><V26/><F14/><W18/><G18/><T79/><D122/><U13/><E127/><V27/><F20/><W67/><G81/><N who="0" m="47423" /><D23/><U117/><E117/><V101/><F101/><W6/><G6/><N who="0" m="3095" /><D30/><U60/><REACH who="1" step="1"/><E128/><REACH who="1" ten="250,230,260,250" step="2"/><V113/><F113/><W35/><G70/><T111/><D111/><U99/><E99/><V94/><F80/><W76/><G76/><T10/><D54/><U51/><E51/><N who="2" m="19499" /><F94/><W1/><G55/><T2/><D52/><U114/><E114/><V123/><F123/><W103/><G65/><T22/><D95/><U73/><E73/><AGARI ba="0,1" hai="24,26,27,72,73,74,88,91,116,118,119" m="19499" machi="73" ten="40,8000,1" yaku="28,2,52,2,54,1" doraHai="87" who="2" fromWho="1" sc="250,0,230,-80,260,90,250,0" /><INIT seed="2,0,0,5,5,87" ten="250,150,350,250" oya="2" hai0="80,104,18,13,23,73,64,22,33,65,15,77,127" hai1="29,72,47,51,66,10,95,31,79,42,126,86,121" hai2="117,49,54,69,84,122,96,34,20,109,94,43,19" hai3="8,134,30,124,83,71,45,35,68,1,27,56,70"/><V129/><F117/><W108/><G108/><T128/><D127/><U46/><E126/><V103/><F122/><W32/><G124/><T130/><D104/><U120/><E72/><V11/><F34/><W41/><G134/><T17/><REACH who="0" step="1"/><D33/><REACH who="0" ten="240,150,350,250" step="2"/><U58/><E121/><V88/><F109/><W125/><G35/><T28/><D28/><U98/><E120/><V74/><F129/><AGARI ba="0,1" hai="13,15,17,18,22,23,64,65,73,77,80,128,129,130" machi="129" ten="40,8000,1" yaku="1,1,9,1,19,1,53,1" doraHai="87" doraHaiUra="75" who="0" fromWho="2" sc="240,90,150,0,350,-80,250,0" /><INIT seed="3,0,0,0,4,31" ten="330,150,270,250" oya="3" hai0="111,56,50,26,61,121,13,106,49,81,88,87,76" hai1="84,120,97,58,34,129,122,5,10,113,107,2,24" hai2="22,109,54,36,132,42,90,112,20,74,82,57,123" hai3="3,23,124,102,37,18,43,100,47,25,128,133,77"/><W73/><G124/><T70/><D121/><U115/><E84/><V40/><F112/><W114/><G114/><T32/><D106/><U0/><E58/><V89/><F123/><W7/><G128/><T44/><D70/><U117/><E97/><V80/><F109/><W60/><G133/><T79/><D111/><U6/><E107/><V99/><F132/><W104/><G60/><T131/><D131/><U101/><E101/><V103/><F36/><W62/><G62/><T98/><D13/><U28/><E129/><V59/><F74/><W110/><G110/><T95/><D79/><U65/><E65/><V16/><F103/><W116/><G116/><T15/><D15/><U127/><E117/><V12/><F99/><W17/><G17/><T30/><D44/><U63/><E63/><V72/><F72/><W69/><G69/><T96/><D96/><U71/><E71/><V134/><F134/><W53/><G53/><AGARI ba="0,0" hai="26,30,32,49,50,53,56,61,76,81,87,88,95,98" machi="53" ten="30,3900,0" yaku="7,1,52,1,54,1" doraHai="31" who="0" fromWho="3" sc="330,39,150,0,270,0,250,-39" owari="369,46.9,150,-35.0,270,7.0,211,-18.9" /></mjloggm>