<mjloggm ver="2.3"><GO type="225" lobby="0"/><UN n0="%E4%BA%BA%E9%96%93%E3%83%81%E3%83%A3%E3%83%BC%E3%83%8F%E3%83%B3" n1="%E3%82%BC%E3%83%AB%E3%83%80%E3%81%AE%E4%BC%9D%E8%AA%AC" n2="%72%69%6F%75%63%68%61%6E" n3="%E3%81%8B%E3%82%8F%E3%81%A1%E3%82%83%E3%82%93%35%38" dan="16,17,16,17" rate="2092.67,2240.60,2221.81,2213.64" sx="M,M,M,M"/><TAIKYOKU oya="0"/><INIT seed="0,0,0,5,0,70" ten="250,250,250,250" oya="0" hai0="128,133,107,33,134,16,59,10,14,43,24,0,80" hai1="39,122,41,34,125,123,100,3,13,83,25,77,104" hai2="57,112,131,32,54,35,127,51,63,4,106,93,20" hai3="22,86,66,18,108,119,11,65,98,92,130,71,46"/><T6/><D107/><U84/><E125/><V7/><F112/><W101/><G119/><T36/><D128/><U89/><E3/><V53/><F106/><W9/><G130/><T95/><D95/><U19/><E25/><V60/><F131/><W8/><G71/><T110/><D110/><U91/><E34/><V31/><F127/><W132/><G108/><T21/><D59/><U56/><E56/><N who="2" m="34831" /><F32/><W15/><G132/><N who="0" m="50795" /><D80/><U58/><E58/><N who="2" m="33119" /><F35/><W67/><G86/><T27/><D33/><U109/><E109/><V116/><F116/><W113/><G113/><T72/><D72/><U73/><E122/><V90/><F20/><W69/><G69/><T105/><D105/><U74/><E123/><V55/><F31/><W88/><REACH who="3" step="1"/><G46/><AGARI ba="0,0" hai="0,6,10,14,16,21,24,27,36,43,46" m="50795" machi="46" ten="30,5800,0" yaku="20,1,52,1,54,1" doraHai="70" who="0" fromWho="3" sc="250,58,250,0,250,0,250,-58" /><INIT seed="0,1,0,4,0,67" ten="308,250,250,192" oya="0" hai0="96,57,126,4,70,118,75,5,100,71,27,91,50" hai1="29,62,3,73,14,28,77,38,68,69,83,89,35" hai2="92,119,122,64,124,16,87,18,112,65,23,113,21" hai3="135,109,6,39,47,2,11,24,56,125,104,44,19"/><T105/><D118/><U80/><E3/><V49/><F122/><W131/><G104/><T95/><D75/><U53/><E38/><V63/><F119/><W46/><G39/><T116/><D116/><U117/><E117/><V15/><F124/><W48/><G125/><T32/><D126/><U106/><E106/><V9/><F65/><W42/><G109/><T93/><D5/><U134/><E134/><V59/><F9/><W79/><G135/><T97/><D4/><U60/><E14/><V114/><F49/><W40/><G131/><T102/><D32/><U78/><E89/><V7/><F7/><W127/><G127/><T72/><D72/><U132/><E132/><V22/><REACH who="2" step="1"/><F15/><REACH who="2" ten="308,250,240,192" step="2"/><W43/><G48/><T36/><D36/><U111/><E111/><V85/><F85/><W84/><G6/><T45/><D57/><U115/><E115/><V108/><F108/><W98/><G56/><T0/><D0/><U99/><E73/><V20/><N who="2" m="5120" /><DORA hai="41" /><V33/><F33/><W101/><G2/><T94/><D27/><U61/><E35/><V8/><F8/><W55/><G11/><T13/><D13/><U51/><E51/><V90/><AGARI ba="1,1" hai="16,18,59,63,64,87,90,92,112,113,114" m="5120" machi="90" ten="50,6400,0" yaku="1,1,0,1,54,1,53,0" doraHai="67,41" doraHaiUra="31,103" who="2" fromWho="2" sc="308,-33,250,-17,240,77,192,-17" /><INIT seed="1,0,0,3,0,46" ten="275,233,317,175" oya="1" hai0="36,57,42,70,76,9,32,126,78,50,72,0,52" hai1="11,105,61,2,122,4,104,41,131,120,49,31,101" hai2="110,79,134,68,112,93,19,29,66,69,133,92,1" hai3="106,67,33,56,127,113,119,84,115,21,97,62,99"/><U40/><E131/><V7/><F110/><W94/><G33/><T82/><D32/><U39/><E31/><V47/><F112/><W58/><G127/><T116/><D116/><U23/><E23/><V64/><F29/><W83/><G119/><T77/><D70/><N who="2" m="27242" /><F79/><W73/><G73/><T109/><D109/><U3/><E39/><V13/><F7/><W71/><G106/><T80/><D126/><U125/><E125/><V55/><F1/><W6/><G99/><T124/><D124/><U89/><E61/><V74/><F74/><W8/><G21/><T135/><D135/><N who="2" m="51722" /><F55/><W100/><G115/><T24/><D24/><U25/><E25/><V81/><F81/><W121/><G121/><T37/><D80/><U91/><E4/><V35/><F47/><W43/><G43/><T51/><D82/><U114/><E114/><V88/><F35/><W95/><G95/><N who="2" m="36425" /><F88/><W17/><G17/><T130/><D72/><U10/><E101/><V38/><F38/><W102/><G102/><T44/><REACH who="0" step="1"/><D130/><REACH who="0" ten="265,233,317,175" step="2"/><U20/><E120/><V27/><F27/><W54/><G113/><T65/><D65/><U111/><E122/><V107/><F107/><W60/><G71/><T118/><D118/><U16/><E111/><V59/><F64/><W63/><G67/><T90/><D90/><U96/><E89/><V128/><F66/><W15/><REACH who="3" step="1"/><G58/><REACH who="3" ten="265,233,317,165" step="2"/><T48/><D48/><U87/><E49/><V12/><F59/><W108/><G108/><T22/><D22/><U132/><E20/><N who="2" m="11367" /><F128/><W26/><G26/><T98/><D98/><U28/><E96/><V75/><F75/><RYUUKYOKU ba="0,2" sc="265,10,233,-30,317,10,165,10" hai0="0,9,36,37,42,44,50,51,52,57,76,77,78" hai2="13" hai3="6,8,15,54,56,60,62,63,83,84,94,97,100" /><INIT seed="2,1,2,2,5,56" ten="275,203,327,175" oya="2" hai0="126,127,13,119,128,68,11,16,135,91,43,92,48" hai1="65,7,32,26,42,84,115,4,89,131,93,85,34" hai2="108,96,116,28,101,86,66,12,105,81,70,14,102" hai3="53,1,122,99,3,63,130,104,129,120,87,123,40"/><V61/><F116/><W88/><G40/><T72/><D119/><U52/><E115/><V29/><F108/><W90/><G53/><T94/><D68/><U134/><E134/><V117/><F117/><W20/><G20/><T58/><D72/><U38/><E65/><V39/><F39/><W98/><G63/><T121/><D121/><U71/><E71/><V114/><F114/><W74/><G74/><T103/><D128/><N who="3" m="49257" /><G90/><T133/><D103/><U23/><E131/><V78/><REACH who="2" step="1"/><F101/><REACH who="2" ten="275,203,317,175" step="2"/><N who="3" m="62519" /><G99/><T25/><D133/><U82/><E38/><V22/><F22/><W45/><G45/><T112/><D135/><U44/><E23/><V2/><F2/><W111/><G111/><T6/><D112/><U100/><E44/><V110/><F110/><W95/><AGARI ba="1,3" hai="1,3,87,88,95,120,122,123" m="62519,49257" machi="95" ten="40,2700,0" yaku="19,1,54,1" doraHai="56" who="3" fromWho="3" sc="275,-8,203,-8,317,-14,175,60" /><INIT seed="3,0,0,1,3,120" ten="267,195,303,235" oya="3" hai0="81,118,72,99,42,66,16,101,21,35,61,128,82" hai1="135,25,3,30,14,56,65,109,62,41,110,67,29" hai2="70,19,96,5,94,10,127,15,63,23,1,122,103" hai3="74,97,69,38,119,59,129,104,22,90,115,89,37"/><W53/><G115/><T68/><D118/><U100/><E3/><V0/><F127/><W40/><G119/><T112/><D35/><U113/><E113/><V93/><F122/><W102/><G129/><T24/><D112/><U92/><E135/><V46/><F46/><W7/><G69/><T36/><D128/><U105/><E105/><V12/><REACH who="2" step="1"/><F93/><REACH who="2" ten="267,195,293,235" step="2"/><W78/><G104/><T125/><D125/><U88/><E41/><V91/><F91/><W58/><G40/><T111/><D42/><U11/><E100/><V64/><AGARI ba="0,1" hai="0,1,5,10,12,15,19,23,63,64,70,94,96,103" machi="64" ten="30,2000,0" yaku="1,1,0,1,53,0" doraHai="120" doraHaiUra="114" who="2" fromWho="2" sc="267,-5,195,-5,293,30,235,-10" owari="262,6.2,190,-31.0,323,42.3,225,-17.5" /></mjloggm>