<mjloggm ver="2.3"><GO type="225" lobby="0"/><UN n0="%E6%B8%A9%E2%98%85%E6%83%85%E2%98%85%E6%8E%AA%E2%98%85%E7%BD%AE" n1="%E3%81%A8%E3%82%93%E3%81%A8%E3%81%93%E3%81%A8%E3%82%93" n2="%73%75%7A%75%6D%65%33" n3="%E3%83%A9%E3%82%B9%E7%8E%87%EF%BC%93%E5%89%B2" dan="16,16,18,16" rate="2178.32,2081.64,2272.75,2189.42" sx="M,M,M,F"/><TAIKYOKU oya="0"/><INIT seed="0,0,0,5,2,71" ten="250,250,250,250" oya="0" hai0="111,94,124,73,20,47,25,125,42,35,61,41,83" hai1="91,68,88,12,36,16,44,48,100,74,98,107,82" hai2="26,128,122,113,56,14,43,27,63,58,96,53,133" hai3="66,23,121,8,76,3,21,39,50,132,75,118,92"/><T109/><D35/><U51/><E68/><V103/><F113/><W17/><G118/><T95/><D61/><U134/><E134/><V127/><F133/><W15/><G132/><T5/><D5/><U33/><E33/><V84/><F122/><W119/><G119/><T130/><D130/><U126/><E126/><N who="0" m="48745" /><D73/><U62/><E62/><V54/><F128/><W93/><G66/><T104/><D104/><U64/><E64/><V55/><F127/><W11/><G75/><T86/><D42/><U52/><E51/><V102/><F43/><W28/><G50/><N who="0" m="26991" /><D83/><U97/><E36/><V105/><F102/><W114/><G39/><T81/><D81/><U38/><E38/><V89/><F14/><W59/><G3/><T120/><D120/><U10/><REACH who="1" step="1"/><E97/><REACH who="1" ten="250,240,250,250" step="2"/><V19/><F63/><W78/><G121/><T60/><D60/><U65/><E65/><V135/><F135/><W72/><G114/><T101/><D101/><U57/><E57/><V7/><F58/><W2/><G59/><T87/><D111/><U31/><E31/><V110/><F56/><W131/><G28/><N who="0" m="17447" /><D109/><U80/><E80/><V67/><F110/><W37/><G37/><T90/><D95/><U40/><E40/><V32/><F32/><W70/><G70/><T116/><D116/><U6/><E6/><V77/><F7/><W1/><G131/><T108/><D108/><U69/><E69/><V129/><F67/><W85/><G93/><T49/><D49/><U112/><E112/><V0/><F129/><W13/><G92/><T9/><D86/><U4/><E4/><V79/><F84/><RYUUKYOKU ba="0,1" sc="250,15,240,15,250,-15,250,-15" hai0="9,87,90,94" hai1="10,12,16,44,48,52,74,82,88,91,98,100,107" /><INIT seed="0,1,1,5,1,78" ten="265,255,235,235" oya="0" hai0="53,103,59,132,89,91,96,93,88,113,76,13,21" hai1="34,46,131,79,39,51,83,126,43,8,45,16,24" hai2="60,114,0,134,68,77,27,49,32,71,101,105,94" hai3="64,40,33,66,129,44,2,7,37,117,86,35,56"/><T82/><D113/><U127/><E131/><V84/><F114/><W106/><G117/><T75/><D132/><U85/><E34/><V28/><F134/><W98/><G129/><T4/><D21/><U111/><E111/><V124/><F0/><W1/><G33/><T3/><D3/><U121/><E121/><V109/><F109/><W11/><G35/><T47/><D47/><U12/><REACH who="1" step="1"/><E24/><REACH who="1" ten="265,245,235,235" step="2"/><V122/><F122/><W110/><G110/><T116/><D116/><U70/><E70/><V73/><F68/><W5/><G2/><T69/><D69/><U18/><E18/><V58/><F71/><W20/><G7/><T115/><D115/><U62/><E62/><V36/><F60/><W120/><G120/><T108/><D108/><U112/><E112/><V90/><F27/><W133/><G133/><T74/><D4/><U104/><E104/><V42/><F105/><W67/><G106/><T102/><D13/><U25/><E25/><V95/><F32/><W23/><G1/><T65/><D65/><U123/><E123/><V61/><F61/><W19/><G5/><T125/><D125/><U97/><E97/><V130/><F124/><W72/><G98/><T30/><D30/><U80/><E80/><V22/><F130/><W119/><G119/><T100/><REACH who="0" step="1"/><D75/><REACH who="0" ten="255,245,235,235" step="2"/><U15/><E15/><V81/><F28/><W50/><G72/><T17/><D17/><U135/><E135/><V38/><F73/><W52/><G19/><T26/><D26/><U92/><E92/><V128/><F95/><W99/><G66/><T41/><D41/><AGARI ba="1,3" hai="8,12,16,39,41,43,45,46,51,79,83,85,126,127" machi="41" ten="40,5200,0" yaku="1,1,52,1,54,1,53,0" doraHai="78" doraHaiUra="57" who="1" fromWho="0" sc="255,-55,245,85,235,0,235,0" /><INIT seed="1,0,0,1,5,119" ten="200,330,235,235" oya="1" hai0="16,50,64,93,117,122,14,88,48,13,52,6,31" hai1="126,82,100,86,24,89,103,81,121,36,53,23,9" hai2="109,62,34,12,78,58,45,15,80,124,39,57,104" hai3="18,85,51,25,35,115,43,129,128,3,87,72,4"/><U10/><E36/><V95/><F104/><W91/><G72/><T133/><D117/><U40/><E126/><V30/><F124/><W42/><G115/><T94/><D133/><U79/><E40/><N who="3" m="15402" /><G51/><T21/><D122/><U125/><E125/><V73/><F109/><W99/><G4/><T27/><D64/><U69/><E69/><V75/><F39/><W97/><G3/><T67/><D67/><U105/><E53/><V127/><F127/><W70/><G87/><T38/><D38/><U101/><E105/><V102/><F45/><W46/><G46/><T0/><D94/><U130/><E130/><N who="3" m="50282" /><G70/><T22/><D50/><U68/><E68/><V77/><F75/><W90/><G90/><T37/><D37/><U2/><E2/><V20/><F73/><W49/><G49/><T60/><D0/><U59/><E59/><V66/><F58/><W120/><G120/><T7/><D60/><U123/><E89/><V32/><F57/><W26/><G18/><T96/><D14/><U108/><E108/><V1/><F1/><W116/><G116/><T11/><D11/><U28/><E10/><V131/><F131/><W112/><G112/><T17/><D17/><U29/><E9/><V110/><F62/><W132/><G132/><T92/><D92/><U118/><E118/><V107/><F95/><N who="3" m="54767" /><G35/><N who="2" m="13353" /><F110/><W47/><G47/><AGARI ba="0,0" hai="6,7,13,16,21,22,27,31,47,48,52,88,93,96" machi="47" ten="30,8000,1" yaku="7,1,8,1,54,3" doraHai="119" who="0" fromWho="3" sc="200,80,330,0,235,0,235,-80" /><INIT seed="2,0,0,1,0,0" ten="280,330,235,155" oya="2" hai0="131,72,12,64,20,44,86,107,16,87,50,6,8" hai1="108,97,25,2,106,40,23,49,104,76,91,19,34" hai2="95,125,1,109,90,46,105,7,128,36,38,84,80" hai3="124,48,62,63,103,21,33,22,10,111,28,122,116"/><V81/><F105/><W18/><G116/><T26/><D131/><U14/><E2/><V118/><F118/><W77/><G122/><T58/><D107/><U110/><E76/><V101/><F128/><W61/><G111/><N who="1" m="42538" /><E40/><V54/><F109/><W134/><G134/><T24/><D72/><U45/><E91/><V113/><F113/><W120/><G120/><T42/><D26/><U96/><E49/><V5/><F125/><W79/><G124/><T9/><D9/><N who="1" m="6607" /><E45/><V73/><F1/><W117/><G103/><T133/><D133/><U13/><E104/><V27/><F38/><W41/><G117/><T126/><D126/><U94/><E94/><V112/><F112/><W30/><G33/><T85/><D86/><U98/><E106/><V82/><F73/><W123/><G123/><T55/><REACH who="0" step="1"/><D64/><REACH who="0" ten="270,330,235,155" step="2"/><U69/><E25/><V71/><F27/><W35/><G35/><T89/><D89/><U121/><E34/><V51/><F36/><AGARI ba="0,1" hai="6,8,12,16,20,24,36,42,44,50,55,58,85,87" machi="36" ten="30,8000,1" yaku="1,1,7,1,52,1,54,1,53,1" doraHai="0" doraHaiUra="3" who="0" fromWho="2" sc="270,90,330,0,235,-80,155,0" /><INIT seed="3,0,0,1,5,31" ten="360,330,155,155" oya="3" hai0="54,49,0,132,40,3,112,70,20,57,102,56,48" hai1="39,101,16,120,116,67,52,24,78,25,75,88,45" hai2="91,110,69,76,61,7,115,44,123,125,13,129,80" hai3="41,27,131,130,126,114,15,28,89,85,60,84,42"/><W122/><G114/><T18/><D70/><U121/><E116/><V81/><F115/><W124/><G122/><T30/><D112/><U68/><E101/><V90/><F123/><W97/><G15/><T73/><D73/><U37/><E68/><V51/><F129/><N who="3" m="49163" /><G60/><T19/><D132/><U55/><E67/><V106/><F110/><W119/><G97/><T59/><D102/><U93/><E75/><V96/><F125/><N who="3" m="48235" /><G119/><T109/><D109/><U34/><E120/><V98/><F106/><W9/><G9/><T99/><D99/><N who="2" m="37930" /><F69/><W86/><G89/><N who="2" m="33801" /><F61/><W117/><G117/><T100/><D100/><U135/><E121/><V74/><F74/><W43/><G86/><T2/><D2/><U103/><E103/><V46/><F76/><W77/><G77/><T134/><D0/><U65/><E78/><V38/><F38/><W11/><G11/><T92/><D3/><U17/><E39/><V58/><F13/><W62/><G62/><T113/><D113/><U128/><E128/><V72/><F72/><W10/><G10/><T8/><D8/><U94/><E37/><V133/><F7/><W1/><G1/><T23/><D49/><U127/><E127/><V83/><F133/><W22/><AGARI ba="0,0" hai="22,27,28,41,42,43,84,85" m="48235,49163" machi="22" ten="40,3900,0" yaku="19,1,18,1" doraHai="31" who="3" fromWho="3" sc="360,-13,330,-13,155,-13,155,39" /><INIT seed="3,1,0,1,2,120" ten="347,317,142,194" oya="3" hai0="10,76,82,83,40,20,116,55,95,26,63,31,57" hai1="135,45,79,84,108,22,96,94,9,70,19,18,91" hai2="73,50,100,112,102,12,77,109,107,2,115,60,87" hai3="129,0,118,43,127,121,90,119,110,131,44,130,25"/><W65/><G0/><T16/><D116/><N who="3" m="44585" /><G121/><T66/><D40/><U47/><E70/><V46/><F2/><W67/><G90/><T105/><D105/><U111/><E135/><V38/><F38/><N who="3" m="21623" /><G25/><T97/><D76/><U93/><E9/><V42/><F73/><W106/><G106/><T61/><D10/><U134/><E134/><V114/><F12/><W85/><G85/><T75/><D31/><U58/><E58/><V132/><F132/><W41/><G41/><T24/><D24/><N who="1" m="14423" /><E19/><V59/><F107/><W124/><G110/><N who="1" m="42026" /><E79/><V52/><REACH who="2" step="1"/><F109/><REACH who="2" ten="347,317,132,194" step="2"/><W53/><G53/><T122/><D75/><U74/><E74/><V117/><F117/><W69/><G69/><T34/><D122/><U13/><E13/><V3/><F3/><W56/><G56/><N who="0" m="37223" /><D34/><U71/><E71/><V78/><F78/><W4/><G4/><T7/><D7/><U128/><E128/><V133/><F133/><W23/><G23/><T33/><D33/><U21/><E21/><V35/><F35/><W8/><G8/><T98/><D20/><U36/><E36/><V104/><F104/><W17/><G17/><T86/><D16/><U99/><E84/><V6/><F6/><W32/><G32/><T64/><D26/><U80/><E80/><AGARI ba="1,1" hai="42,46,50,52,59,60,77,80,87,100,102,112,114,115" machi="80" ten="40,2600,0" yaku="1,1,54,1,53,0" doraHai="120" doraHaiUra="92" who="2" fromWho="1" sc="347,0,317,-29,132,39,194,0" owari="347,44.7,288,8.8,171,-32.9,194,-20.6" /></mjloggm>