<mjloggm ver="2.3"><GO type="225" lobby="0"/><UN n0="%E8%83%83%E3%81%A8%E8%85%B8" n1="%E6%B4%BE%E9%81%A3%E3%81%AE%E3%82%B8%E3%83%A3%E3%83%83%E3%82%AF" n2="%74%61%6B%75%61%6B%61" n3="%72%69%6F%75%63%68%61%6E" dan="17,17,16,16" rate="2181.89,2206.50,2081.34,2206.37" sx="M,M,M,M"/><TAIKYOKU oya="0"/><INIT seed="0,0,0,2,2,83" ten="250,250,250,250" oya="0" hai0="39,34,0,7,27,47,125,56,16,62,66,32,30" hai1="113,115,128,65,82,84,23,17,127,85,55,2,97" hai2="91,68,18,117,53,79,54,35,58,41,5,3,105" hai3="108,52,94,118,90,22,109,37,69,104,15,61,100"/><T86/><D125/><U119/><E2/><V26/><F68/><W29/><G118/><T28/><D7/><U89/><E119/><V124/><F105/><W132/><G132/><T121/><D0/><U14/><E127/><V67/><F79/><W43/><G104/><T63/><D121/><U20/><E128/><V77/><F77/><W59/><G100/><T112/><D112/><N who="1" m="43083" /><E65/><V88/><F41/><W46/><G69/><T120/><D120/><U87/><E97/><V40/><F40/><W45/><G46/><T131/><D131/><U133/><E133/><V98/><F124/><W36/><G36/><T101/><D101/><U75/><E55/><V64/><F53/><W25/><REACH who="3" step="1"/><G15/><REACH who="3" ten="250,250,250,240" step="2"/><T78/><D39/><U130/><E130/><V95/><F117/><W99/><AGARI ba="0,1" hai="22,25,29,37,43,45,52,59,61,90,94,99,108,109" machi="99" ten="30,7900,0" yaku="1,1,2,1,0,1,54,1,53,0" doraHai="83" doraHaiUra="8" who="3" fromWho="3" sc="250,-39,250,-20,250,-20,240,89" /><INIT seed="1,0,0,1,5,15" ten="211,230,230,329" oya="1" hai0="79,112,8,3,65,11,123,12,47,29,118,117,49" hai1="134,84,85,30,88,93,42,22,57,41,100,130,52" hai2="82,133,28,127,101,95,68,73,108,80,45,37,62" hai3="106,33,71,104,55,115,54,19,86,120,51,129,102"/><U31/><E130/><V76/><F108/><W121/><G115/><T43/><D112/><U56/><E134/><V89/><F127/><W44/><G33/><T87/><D123/><U26/><E100/><V7/><F133/><W35/><G35/><T67/><D29/><N who="1" m="10763" /><E57/><V75/><F101/><W107/><G71/><T36/><D36/><U114/><E84/><V20/><F7/><W53/><G102/><T32/><D32/><U18/><E114/><V14/><F28/><W91/><G129/><T81/><D3/><U61/><AGARI ba="0,0" hai="18,22,26,41,42,52,56,61,85,88,93" m="10763" machi="61" ten="30,11700,0" yaku="8,1,52,1,54,2" doraHai="15" who="1" fromWho="1" sc="211,-39,230,117,230,-39,329,-39" /><INIT seed="1,1,0,1,0,66" ten="172,347,191,290" oya="1" hai0="54,16,49,23,83,28,35,4,13,74,31,57,22" hai1="94,45,132,75,10,99,73,115,43,114,72,98,107" hai2="63,120,14,39,44,121,38,131,113,40,134,17,1" hai3="124,51,100,135,33,50,119,69,21,58,11,91,90"/><U109/><E10/><V56/><F1/><W86/><G33/><T9/><D35/><U116/><E116/><V59/><F131/><W68/><G100/><T105/><D105/><U61/><E61/><V88/><F134/><W67/><G135/><T78/><REACH who="0" step="1"/><D22/><REACH who="0" ten="162,347,191,290" step="2"/><U84/><E132/><V110/><F120/><W123/><G21/><T79/><D79/><U118/><E107/><V117/><F121/><W25/><G123/><T112/><D112/><U106/><E106/><V93/><F113/><W3/><G119/><T89/><D89/><U85/><E118/><V19/><F117/><W42/><G91/><T41/><D41/><U82/><E43/><V62/><F40/><W128/><G42/><T15/><AGARI ba="1,1" hai="4,9,13,15,16,23,28,31,49,54,57,74,78,83" machi="15" ten="20,8000,1" yaku="1,1,0,1,7,1,54,1,53,1" doraHai="66" doraHaiUra="5" who="0" fromWho="0" sc="162,93,347,-41,191,-21,290,-21" /><INIT seed="2,0,0,4,5,63" ten="255,306,170,269" oya="2" hai0="108,28,40,10,99,33,112,41,128,9,101,118,31" hai1="14,15,124,123,79,18,55,4,115,0,50,53,68" hai2="132,56,104,94,120,57,59,72,114,21,30,60,103" hai3="26,35,83,78,127,106,44,102,88,61,125,82,46"/><V87/><F120/><W130/><G130/><T62/><D112/><U5/><E115/><V92/><F114/><W75/><G61/><T37/><D128/><U126/><E0/><V95/><F72/><W49/><G102/><T97/><D108/><U71/><E79/><V122/><F122/><W134/><G106/><T32/><D62/><U17/><E50/><V23/><F132/><W52/><G134/><T29/><D101/><U66/><E123/><V2/><F2/><W70/><G70/><T58/><D58/><U47/><E47/><V81/><F60/><W121/><G121/><T7/><D7/><U1/><E1/><V76/><REACH who="2" step="1"/><F30/><REACH who="2" ten="255,306,160,269" step="2"/><W48/><G127/><T6/><D29/><U129/><E129/><V54/><F54/><W85/><G125/><T100/><D28/><U13/><E13/><V111/><F111/><W64/><G26/><T105/><D31/><U25/><E25/><V73/><F73/><W20/><G35/><T113/><D113/><U11/><E53/><V86/><F86/><N who="3" m="50263" /><G75/><T74/><D74/><U8/><E55/><V27/><F27/><W24/><G24/><T34/><D34/><U80/><E126/><V67/><F67/><W91/><G64/><T22/><D32/><U117/><E124/><V77/><F77/><W98/><G78/><T84/><D33/><U90/><E66/><V51/><F51/><W45/><G48/><T96/><D84/><U109/><E109/><V42/><F42/><W116/><G49/><T65/><D65/><U89/><E117/><V16/><F16/><W36/><G116/><T110/><D118/><RYUUKYOKU ba="0,1" sc="255,-15,306,15,160,15,269,-15" hai1="4,5,8,11,14,15,17,18,68,71,80,89,90" hai2="21,23,56,57,59,76,81,87,92,94,95,103,104" /><INIT seed="2,1,1,4,5,24" ten="240,321,175,254" oya="2" hai0="57,78,49,85,69,16,135,53,21,4,98,88,83" hai1="82,1,114,31,50,97,103,113,67,42,59,62,28" hai2="0,27,94,131,105,130,18,101,39,116,37,119,60" hai3="61,32,8,128,22,47,112,66,89,55,44,71,121"/><V129/><F0/><W81/><G121/><T63/><D135/><U26/><E1/><V14/><F105/><W34/><G128/><N who="2" m="32769" /><V46/><DORA hai="6" /><F27/><W99/><G112/><T77/><D4/><U117/><E117/><N who="2" m="45131" /><F60/><W86/><G22/><T122/><D122/><U96/><E82/><V106/><F106/><W125/><G125/><T107/><D69/><U102/><E26/><V115/><F115/><W2/><G99/><N who="1" m="37962" /><E114/><V123/><F123/><W33/><REACH who="3" step="1"/><G55/><REACH who="3" ten="240,321,175,244" step="2"/><N who="0" m="34239" /><D98/><U93/><E113/><V11/><F101/><W52/><G52/><T120/><D120/><U80/><E102/><V73/><F73/><W15/><G15/><N who="0" m="9375" /><D107/><U45/><E103/><V43/><F94/><W17/><G17/><T76/><D76/><U74/><E93/><V25/><F25/><W5/><AGARI ba="1,2" hai="2,5,8,32,33,34,44,47,61,66,71,81,86,89" machi="5" ten="40,8000,1" yaku="1,1,0,1,52,1,53,1" doraHai="24,6" doraHaiUra="72,35" who="3" fromWho="3" sc="240,-21,321,-21,175,-41,244,103" /><INIT seed="3,0,0,2,2,130" ten="219,300,134,347" oya="3" hai0="52,73,116,62,56,111,14,36,43,37,83,85,49" hai1="80,87,20,5,95,108,125,10,112,89,74,120,47" hai2="115,61,99,81,88,54,101,12,9,122,40,3,66" hai3="106,84,13,24,50,117,133,86,107,7,19,15,35"/><W104/><G133/><T17/><D116/><U31/><E112/><V68/><F115/><W129/><G117/><T77/><D111/><U97/><E120/><V1/><F122/><W96/><G129/><T109/><D109/><U71/><E71/><V64/><F40/><W118/><G118/><T21/><D73/><U55/><E125/><V60/><F54/><W53/><G96/><T33/><D33/><U90/><E74/><V63/><F63/><W134/><G134/><T11/><D36/><U128/><E128/><V79/><F12/><W59/><G7/><T93/><D37/><U42/><E108/><V30/><F30/><W51/><G51/><T92/><D21/><U22/><E31/><V28/><F28/><W70/><G70/><T57/><REACH who="0" step="1"/><D43/><REACH who="0" ten="209,300,134,347" step="2"/><U58/><E42/><V38/><F38/><W16/><G35/><T98/><D98/><U67/><E22/><V34/><F34/><W110/><G84/><T18/><D18/><U48/><E20/><V4/><F1/><W65/><G19/><T78/><D78/><U75/><E75/><V132/><F132/><W29/><G16/><T91/><D91/><U124/><E124/><V6/><F6/><W100/><G86/><T131/><D131/><U26/><E5/><V135/><F135/><W69/><G110/><T76/><D76/><U41/><E41/><V39/><F39/><W126/><G126/><T25/><D25/><U102/><E26/><V23/><F23/><W123/><G24/><T114/><D114/><U72/><E72/><V32/><F32/><W27/><G27/><T113/><D113/><RYUUKYOKU ba="0,1" sc="209,30,300,-10,134,-10,347,-10" hai0="11,14,17,49,52,56,57,62,77,83,85,92,93" owari="239,-16.1,290,9.0,124,-37.6,347,44.7" /></mjloggm>