<mjloggm ver="2.3"><GO type="225" lobby="0"/><UN n0="%6D%75%75%73%61%6E%6D%75" n1="%E6%A1%9C%E8%8A%B1%E9%96%83%E3%80%85" n2="%E3%80%93%E3%81%97%E3%83%BC%E3%82%89%E3%80%93" n3="%E5%84%AA%40%41%42%43" dan="16,16,16,17" rate="2075.48,2216.43,2108.49,2151.42" sx="F,M,M,M"/><TAIKYOKU oya="0"/><INIT seed="0,0,0,5,4,128" ten="250,250,250,250" oya="0" hai0="116,33,16,57,123,85,80,63,73,49,122,90,65" hai1="117,61,19,68,50,34,104,36,75,125,25,81,2" hai2="69,119,37,28,83,42,4,55,126,129,77,32,52" hai3="8,95,30,24,6,5,44,12,113,35,3,58,22"/><T108/><D116/><U74/><E117/><V7/><F119/><W106/><G106/><T98/><D33/><U87/><E36/><V130/><F69/><W94/><G113/><T27/><D108/><U43/><E2/><V127/><F42/><W79/><G79/><T1/><D1/><U135/><E125/><N who="2" m="47627" /><F37/><W23/><G58/><T41/><D73/><U59/><E104/><V134/><F28/><W121/><G44/><T10/><D98/><U47/><E68/><V17/><F17/><N who="3" m="10535" /><G94/><T0/><D0/><U118/><E118/><V114/><F32/><W112/><G95/><T14/><REACH who="0" step="1"/><D27/><REACH who="0" ten="240,250,250,250" step="2"/><U105/><E75/><N who="2" m="43455" /><F114/><W110/><G112/><T18/><D18/><U9/><E74/><V92/><F4/><N who="3" m="1055" /><G110/><T70/><D70/><U29/><E34/><V91/><F7/><N who="3" m="2571" /><G121/><T115/><D115/><U132/><E87/><N who="2" m="52351" /><F134/><W99/><G99/><T131/><D131/><AGARI ba="0,1" hai="52,55,129,130,131" m="52351,43455,47627" machi="131" ten="30,3900,0" yaku="19,1,18,1,54,1" doraHai="128" who="2" fromWho="0" sc="240,-39,250,0,250,49,250,0" /><INIT seed="1,0,0,1,0,27" ten="201,250,299,250" oya="1" hai0="130,100,41,53,70,77,46,111,132,124,112,12,47" hai1="128,25,49,89,60,98,79,129,92,95,29,67,24" hai2="135,54,35,91,93,28,51,4,31,0,16,71,9" hai3="125,102,21,40,62,108,8,121,68,7,116,59,45"/><U64/><E79/><V101/><F71/><W85/><G121/><T66/><D112/><U15/><E15/><N who="2" m="7279" /><F35/><W69/><G108/><T104/><D77/><U127/><E127/><V109/><F0/><W18/><G125/><T14/><D124/><U1/><E1/><V86/><F109/><W5/><G102/><T65/><D111/><U30/><E49/><V97/><F4/><W114/><G116/><T57/><D130/><N who="1" m="50283" /><E95/><N who="2" m="58559" /><F135/><W48/><G114/><T78/><D132/><U20/><E60/><V34/><F34/><AGARI ba="0,0" hai="20,24,25,29,30,34,64,67,89,92,98" m="50283" machi="34" ten="30,5800,0" yaku="19,1,52,2" doraHai="27" who="1" fromWho="2" sc="201,0,250,58,299,-58,250,0" /><INIT seed="1,1,0,4,0,84" ten="201,308,241,250" oya="1" hai0="104,66,11,63,132,75,19,100,9,42,99,60,65" hai1="86,51,67,98,25,5,114,116,105,7,124,37,31" hai2="126,119,55,43,102,73,15,133,13,74,108,27,14" hai3="49,85,113,112,62,8,21,70,59,18,88,23,128"/><U29/><E114/><V130/><F119/><W97/><G70/><T22/><D75/><U129/><E37/><V79/><F126/><W54/><G128/><T61/><D42/><U96/><E116/><V93/><F130/><W2/><G97/><N who="1" m="37482" /><E105/><V111/><F102/><W16/><G2/><T107/><D107/><U34/><E34/><V103/><F103/><W69/><G69/><T72/><D72/><N who="2" m="27754" /><F93/><N who="3" m="54415" /><G8/><T131/><D132/><U39/><E39/><V87/><F133/><W77/><G77/><T120/><D120/><U1/><E1/><V81/><F43/><W71/><G71/><T76/><D76/><U52/><E124/><V32/><F55/><W45/><G112/><T20/><D131/><U40/><E40/><V57/><F57/><W46/><G113/><T12/><REACH who="0" step="1"/><D9/><REACH who="0" ten="191,308,241,250" step="2"/><U106/><E106/><V92/><F79/><W50/><G45/><T0/><D0/><U83/><E129/><V4/><F111/><W118/><G118/><T58/><D58/><N who="1" m="33055" /><E67/><AGARI ba="1,1" hai="11,12,19,20,22,60,61,63,65,66,67,99,100,104" machi="67" ten="40,2600,0" yaku="1,1,53,1" doraHai="84" doraHaiUra="94" who="0" fromWho="1" sc="191,39,308,-29,241,0,250,0" /><INIT seed="2,0,0,0,5,45" ten="230,279,241,250" oya="2" hai0="101,34,131,71,66,24,75,10,59,96,60,32,100" hai1="25,90,70,87,41,126,40,23,18,8,61,135,39" hai2="113,21,92,51,57,106,117,55,80,20,37,46,69" hai3="54,102,128,65,7,133,14,110,129,94,121,64,108"/><V4/><F106/><W53/><G7/><T74/><D131/><N who="3" m="50249" /><G14/><T72/><D101/><U56/><E70/><V134/><F117/><W107/><G107/><T95/><D24/><U36/><E126/><V63/><F113/><W22/><G22/><N who="2" m="8809" /><F69/><W98/><G121/><T42/><D10/><U6/><E135/><V93/><F37/><W130/><N who="3" m="50257" /><W5/><DORA hai="48" /><G5/><T19/><D19/><U2/><E39/><V52/><F134/><W84/><G84/><T50/><REACH who="0" step="1"/><D71/><REACH who="0" ten="220,279,241,250" step="2"/><U11/><E11/><V12/><F80/><W114/><G133/><T28/><D28/><U31/><E18/><V79/><F79/><W78/><G78/><T89/><D89/><U44/><E90/><V99/><F99/><W103/><G102/><T124/><D124/><U1/><E31/><V35/><F35/><W33/><G33/><T58/><D58/><U104/><E56/><V47/><F47/><AGARI ba="0,1" hai="32,34,42,47,50,59,60,66,72,74,75,95,96,100" machi="47" ten="40,2600,0" yaku="1,1,52,1,53,0" doraHai="45,48" doraHaiUra="26,9" who="0" fromWho="2" sc="220,36,279,0,241,-26,250,0" /><INIT seed="3,0,0,2,2,77" ten="256,279,215,250" oya="3" hai0="84,75,27,110,55,15,126,3,16,90,95,24,62" hai1="26,70,118,7,19,30,107,91,29,132,22,119,2" hai2="98,87,43,106,10,32,44,33,37,13,34,18,31" hai3="71,67,123,46,120,82,73,11,79,94,115,47,25"/><W6/><G115/><T58/><D110/><U39/><E39/><V125/><F125/><W129/><G129/><T69/><D126/><U28/><E70/><V36/><F36/><W113/><G113/><T38/><D3/><U35/><E107/><V17/><F106/><W101/><G46/><T8/><D38/><U122/><E91/><V102/><F102/><W116/><G116/><N who="1" m="44586" /><E132/><V105/><F105/><W111/><G47/><T66/><REACH who="0" step="1"/><D75/><REACH who="0" ten="246,279,215,250" step="2"/><U60/><E122/><V74/><F74/><W14/><G111/><T92/><D92/><U23/><E35/><V59/><F34/><W97/><G120/><T133/><D133/><U78/><E60/><AGARI ba="0,1" hai="8,15,16,24,27,55,58,60,62,66,69,84,90,95" machi="60" ten="30,7700,0" yaku="1,1,7,1,54,1,53,1" doraHai="77" doraHaiUra="85" who="0" fromWho="1" sc="246,87,279,-77,215,0,250,0" owari="333,43.3,202,-29.8,215,-18.5,250,5.0" /></mjloggm>