<mjloggm ver="2.3"><GO type="225" lobby="0"/><UN n0="%E3%82%A2%E3%83%A1%E3%82%A2%E3%83%A9%E3%83%AC" n1="%E5%8D%A0%E3%81%84%E5%B8%AB%E8%A3%8F%E3%81%AA%E3%81%84%E3%81%97" n2="%E5%A4%96%E5%B7%9D%E7%AB%9C%E6%88%90" n3="%E6%9D%B1%E9%A2%A8%E3%81%AE%E3%81%8D%E3%82%83%E3%81%B7%E3%81%95%E3%82%93" dan="16,17,16,17" rate="2102.21,2172.92,2063.35,2222.43" sx="M,M,M,M"/><TAIKYOKU oya="0"/><INIT seed="0,0,0,1,5,60" ten="250,250,250,250" oya="0" hai0="91,131,81,122,107,2,5,57,27,86,133,38,39" hai1="54,9,35,52,40,82,128,78,58,6,112,98,114" hai2="61,4,19,3,65,59,72,123,100,116,64,92,118" hai3="115,77,63,53,0,135,11,132,8,10,130,75,127"/><T36/><D122/><U7/><E35/><V48/><F123/><W30/><G115/><N who="1" m="44074" /><E128/><V117/><F72/><W87/><G127/><T120/><D120/><U12/><E40/><V51/><F19/><W26/><G75/><T113/><D113/><U14/><E98/><N who="2" m="59463" /><F4/><N who="1" m="1577" /><E9/><V45/><F3/><W125/><G130/><T47/><D133/><N who="3" m="51273" /><G125/><T46/><D107/><U68/><E68/><V55/><F51/><W15/><G0/><T95/><D131/><U17/><E17/><V1/><F1/><W103/><G63/><T109/><D5/><U99/><E99/><V111/><F111/><W41/><G41/><AGARI ba="0,0" hai="41,45,48,55,59,61,64,65,116,117,118" m="59463" machi="41" ten="30,3900,0" yaku="12,1,52,2" doraHai="60" who="2" fromWho="3" sc="250,0,250,0,250,39,250,-39" /><INIT seed="1,0,0,0,2,28" ten="250,250,289,211" oya="1" hai0="2,63,25,8,94,15,58,87,6,45,66,70,62" hai1="101,10,41,68,125,93,126,77,118,44,11,112,61" hai2="83,12,84,111,71,110,75,60,54,24,129,91,95" hai3="103,69,14,128,20,30,48,106,117,52,74,31,19"/><U82/><E112/><V85/><F75/><W22/><G74/><T86/><D45/><U67/><E118/><V35/><F12/><W59/><G117/><T130/><D130/><U76/><E101/><V115/><F129/><W108/><G128/><T116/><D116/><U113/><E113/><V96/><F115/><W107/><G69/><T120/><D120/><U100/><E100/><V72/><F72/><W121/><G121/><T3/><D25/><U90/><E82/><V51/><F60/><W123/><G123/><T49/><D49/><U27/><E27/><V29/><F71/><W114/><G114/><T5/><D94/><U109/><E109/><V18/><F18/><W17/><G108/><T0/><REACH who="0" step="1"/><D5/><REACH who="0" ten="240,250,289,211" step="2"/><U56/><E125/><V131/><F131/><W122/><G122/><T124/><D124/><U9/><E126/><V133/><F133/><W97/><REACH who="3" step="1"/><G106/><REACH who="3" ten="240,250,289,201" step="2"/><T79/><D79/><U65/><E76/><V37/><F111/><W1/><G1/><T105/><D105/><U104/><E77/><V32/><F110/><W127/><G127/><T33/><D33/><U7/><E104/><V78/><F35/><W55/><G55/><AGARI ba="0,2" hai="0,2,3,6,8,15,55,58,62,63,66,70,86,87" machi="55" ten="40,1300,0" yaku="1,1,53,0" doraHai="28" doraHaiUra="119" who="0" fromWho="3" sc="240,33,250,0,289,0,201,-13" /><INIT seed="2,0,0,2,3,98" ten="273,250,289,188" oya="2" hai0="5,0,8,44,107,42,21,127,124,108,69,35,40" hai1="88,43,134,85,36,110,94,58,28,91,55,47,59" hai2="72,74,18,4,10,46,37,41,93,64,2,95,97" hai3="70,96,82,51,50,105,33,117,32,120,61,15,7"/><V30/><F95/><W125/><G125/><N who="0" m="48203" /><D35/><U83/><E110/><V76/><F18/><W113/><G120/><T60/><D108/><U31/><E134/><V126/><F126/><W112/><G117/><T119/><D119/><U100/><E59/><V23/><F64/><N who="3" m="41231" /><G15/><T84/><D107/><U103/><E28/><V89/><REACH who="2" step="1"/><F76/><REACH who="2" ten="273,250,279,188" step="2"/><W135/><G105/><T65/><D65/><U48/><REACH who="1" step="1"/><E31/><REACH who="1" ten="273,240,279,188" step="2"/><V14/><F14/><W87/><G113/><T118/><D118/><U9/><E9/><V25/><AGARI ba="0,2" hai="2,4,10,23,25,30,37,41,46,72,74,89,93,97" machi="25" ten="30,3000,0" yaku="1,1,0,1,53,0" doraHai="98" doraHaiUra="11" who="2" fromWho="2" sc="273,-10,240,-10,279,50,188,-10" /><INIT seed="2,1,0,3,5,39" ten="263,230,329,178" oya="2" hai0="33,102,40,98,19,29,112,88,134,113,57,83,132" hai1="43,135,24,119,73,131,61,2,42,59,13,96,74" hai2="114,105,76,94,90,70,60,95,85,44,108,103,28" hai3="49,93,82,87,0,38,100,117,101,53,115,67,7"/><V126/><F114/><W80/><G115/><T21/><D57/><U36/><E2/><V123/><F123/><W79/><G117/><T99/><D29/><U92/><E36/><V118/><F118/><W106/><G38/><T17/><D33/><U6/><E119/><V107/><F28/><W86/><G67/><T124/><D124/><U9/><E135/><N who="0" m="51753" /><D40/><N who="1" m="15403" /><E74/><V48/><F60/><W84/><G0/><T78/><D19/><U34/><E73/><V5/><F5/><W30/><G7/><T69/><D69/><U104/><E104/><V56/><F56/><W3/><G30/><T8/><D8/><U22/><E34/><V122/><F76/><W10/><G10/><T129/><D129/><U133/><E131/><V120/><F70/><W35/><G35/><T46/><D46/><U65/><E133/><V31/><F44/><W37/><G37/><T72/><D17/><N who="1" m="12367" /><E92/><V50/><F95/><W14/><G3/><T62/><D21/><U26/><E96/><V41/><F94/><W111/><G106/><N who="0" m="63831" /><D99/><U23/><E23/><V130/><F105/><W58/><G93/><T51/><D72/><U128/><E128/><V32/><F107/><W25/><G25/><AGARI ba="1,0" hai="6,9,13,25,26,59,61,65" m="12367,15403" machi="25" ten="30,7700,0" yaku="8,1,52,3" doraHai="39" who="1" fromWho="3" sc="263,0,230,80,329,0,178,-80" /><INIT seed="3,0,0,5,3,64" ten="263,310,329,98" oya="3" hai0="18,51,74,97,127,101,120,41,43,61,76,92,135" hai1="4,11,44,40,94,19,8,1,116,126,87,33,66" hai2="53,71,82,67,63,104,113,58,69,73,99,90,119" hai3="2,12,95,56,130,24,70,84,15,110,79,17,121"/><W31/><G121/><T85/><D120/><U62/><E33/><V111/><F119/><W134/><G2/><T105/><D135/><U108/><E108/><V14/><F113/><W114/><G134/><T38/><D127/><U0/><E126/><V35/><F111/><W77/><G114/><T32/><D38/><U28/><E28/><V22/><F35/><W132/><G110/><T42/><D32/><U100/><E116/><V123/><F123/><W124/><G132/><T68/><D18/><U39/><E19/><V131/><F131/><W50/><G124/><T109/><D109/><U6/><E87/><V81/><F22/><W47/><G130/><T89/><D51/><U106/><E94/><V133/><F14/><W78/><G70/><T112/><D112/><U37/><E37/><V103/><F133/><W122/><G122/><T86/><D86/><U117/><E117/><V16/><F16/><W26/><G56/><T75/><D75/><U45/><E45/><V13/><F13/><N who="3" m="5195" /><G17/><T46/><D46/><U98/><E62/><V59/><F82/><W128/><G128/><T80/><D61/><U72/><E66/><V93/><F81/><W49/><G31/><T96/><D96/><U23/><E23/><V30/><F30/><W52/><G49/><T118/><D118/><U55/><E72/><V125/><F125/><W83/><G95/><T60/><D60/><U20/><E20/><V48/><F73/><W54/><G54/><T9/><D68/><U36/><E36/><V5/><F5/><W25/><AGARI ba="0,0" hai="24,25,26,47,50,52,77,78,79,83,84" m="5195" machi="25" ten="30,3000,0" yaku="8,1,54,1" doraHai="64" who="3" fromWho="3" sc="263,-10,310,-10,329,-10,98,30" /><INIT seed="3,1,0,1,1,32" ten="253,300,319,128" oya="3" hai0="74,82,95,109,58,69,9,2,94,6,35,97,7" hai1="31,20,99,26,42,88,34,16,119,29,62,126,117" hai2="55,76,46,43,106,50,129,38,24,60,123,39,25" hai3="65,91,61,40,54,30,87,56,107,70,11,93,3"/><W102/><G30/><T118/><D109/><U112/><E112/><V130/><F106/><W131/><G40/><T128/><D69/><U0/><E0/><V48/><F123/><W51/><G131/><N who="2" m="50185" /><F76/><W132/><G132/><T33/><D118/><N who="1" m="45067" /><E126/><V134/><F134/><W14/><G3/><T15/><D128/><U52/><E42/><N who="2" m="24663" /><F60/><W125/><G125/><T1/><D58/><N who="1" m="35143" /><E34/><V108/><F108/><W44/><G107/><T127/><D127/><U63/><E63/><V115/><F115/><W111/><G111/><T103/><D15/><U67/><E67/><V64/><F64/><W4/><REACH who="3" step="1"/><G102/><REACH who="3" ten="253,300,319,118" step="2"/><T78/><D94/><AGARI ba="1,1" hai="16,20,26,29,31,88,94,99" m="35143,45067" machi="94" ten="30,8000,1" yaku="25,1,12,1,54,3" doraHai="32" who="1" fromWho="0" sc="253,-83,300,93,319,0,118,0" owari="170,-23.0,393,49.3,319,11.9,118,-38.2" /></mjloggm>