<mjloggm ver="2.3"><GO type="225" lobby="0"/><UN n0="%72%69%6F%75%63%68%61%6E" n1="%E6%97%A5%E6%9B%9C%E6%97%A5%E3%82%88%E3%82%8A%E3%81%AE%E4%BD%BF%E8%80%85" n2="%E3%83%81%E3%83%AF%E3%83%AF%E9%9A%8A%E9%95%B7" n3="%E3%81%B5%E3%81%98%E3%81%8B%E3%81%A4" dan="16,17,16,17" rate="2201.92,2119.59,2114.28,2201.29" sx="M,M,M,M"/><TAIKYOKU oya="0"/><INIT seed="0,0,0,1,0,76" ten="250,250,250,250" oya="0" hai0="64,125,50,57,89,110,81,127,27,45,20,21,10" hai1="16,112,102,84,59,108,75,55,88,128,100,131,133" hai2="71,46,98,24,121,120,4,28,36,19,80,96,3" hai3="87,54,83,66,23,107,14,60,35,106,12,77,73"/><T132/><D132/><U37/><E75/><V126/><F71/><W103/><G35/><T26/><D110/><U58/><E37/><V13/><F126/><N who="0" m="48138" /><D10/><U122/><E122/><V41/><F121/><W8/><G54/><T109/><D109/><U52/><E108/><V82/><F120/><W91/><G23/><N who="0" m="8779" /><D57/><N who="1" m="21515" /><E133/><V97/><F4/><W79/><G79/><T47/><D64/><U85/><E85/><V90/><F90/><W111/><G111/><T135/><D135/><U40/><E40/><V56/><F3/><W123/><G123/><T134/><D134/><U6/><E6/><V124/><F124/><W114/><G114/><T130/><D130/><N who="1" m="49707" /><E112/><V38/><F38/><W30/><G30/><T48/><D45/><U129/><E129/><V65/><F65/><W104/><G103/><N who="1" m="39466" /><E16/><V118/><F56/><W61/><G8/><T42/><D48/><U1/><E1/><V29/><F29/><W95/><REACH who="3" step="1"/><G61/><REACH who="3" ten="250,250,250,240" step="2"/><T99/><D99/><U33/><E33/><V25/><F96/><W63/><G63/><T86/><AGARI ba="0,1" hai="26,27,42,47,50,81,86,89" m="8779,48138" machi="86" ten="30,3000,0" yaku="18,1,52,1" doraHai="76" who="0" fromWho="0" sc="250,40,250,-10,250,-10,240,-10" /><INIT seed="0,1,0,3,3,80" ten="290,240,240,230" oya="0" hai0="133,127,117,87,61,11,128,73,47,28,105,106,122" hai1="29,131,12,64,123,103,90,36,116,18,93,38,107" hai2="118,86,121,15,63,1,108,42,88,7,48,101,74" hai3="60,92,65,57,66,5,130,70,81,129,10,120,16"/><T46/><D117/><U100/><E107/><V13/><F74/><W135/><G135/><T68/><D122/><U49/><E116/><V97/><F121/><W55/><G120/><T110/><D73/><U53/><E38/><V4/><F118/><W39/><G92/><T79/><D133/><U34/><E36/><V91/><F108/><W82/><G39/><T9/><D110/><U43/><E43/><V125/><F125/><W115/><G115/><T67/><D127/><U33/><E33/><V84/><F1/><W2/><G16/><T3/><D128/><N who="3" m="49257" /><G66/><T0/><D28/><U94/><E29/><V31/><F31/><W95/><G95/><T40/><D9/><U69/><E64/><V45/><F63/><AGARI ba="1,0" hai="2,5,10,55,57,60,63,65,70,81,82" m="49257" machi="63" ten="30,1000,0" yaku="19,1" doraHai="80" who="3" fromWho="2" sc="290,0,240,0,240,-13,230,13" /><INIT seed="1,0,0,5,4,64" ten="290,240,227,243" oya="1" hai0="22,86,126,96,117,11,71,85,50,112,68,2,69" hai1="67,115,39,33,62,56,72,128,51,106,44,121,132" hai2="87,48,73,83,113,90,88,101,1,3,34,29,63" hai3="6,32,28,36,24,123,120,127,41,13,23,19,79"/><U31/><E106/><V107/><F113/><W94/><G79/><T77/><D112/><U5/><E72/><V16/><F73/><W84/><G127/><T15/><D117/><U53/><E5/><V42/><F90/><W99/><G84/><T78/><D126/><U97/><E97/><V103/><F63/><W45/><REACH who="3" step="1"/><G6/><REACH who="3" ten="290,240,227,233" step="2"/><T80/><D86/><U122/><E122/><V125/><F125/><W70/><G70/><T12/><D77/><U7/><E7/><V109/><F87/><W60/><G60/><T25/><D96/><U89/><E121/><V0/><F0/><W47/><G47/><T108/><D2/><U93/><E115/><V20/><F1/><W30/><G30/><T130/><D85/><U124/><E124/><V114/><F3/><W58/><G58/><T134/><D78/><U91/><E31/><V111/><F114/><W102/><AGARI ba="0,1" hai="13,19,23,24,28,32,36,41,45,94,99,102,120,123" machi="102" ten="20,5200,0" yaku="1,1,0,1,7,1,53,1" doraHai="64" doraHaiUra="17" who="3" fromWho="3" sc="290,-13,240,-26,227,-13,233,62" /><INIT seed="2,0,0,5,0,44" ten="277,214,214,295" oya="2" hai0="26,58,19,95,86,62,134,10,2,35,30,60,135" hai1="124,54,125,120,72,131,20,16,5,40,76,127,132" hai2="11,88,110,28,115,13,78,36,81,106,41,45,1" hai3="48,12,64,109,51,38,129,123,43,100,7,46,90"/><V73/><F106/><W111/><G123/><T102/><D62/><U61/><E120/><V59/><F115/><W47/><G100/><T8/><D2/><U37/><E5/><N who="2" m="1455" /><F110/><N who="3" m="41995" /><G129/><T96/><D86/><U113/><E113/><V101/><F101/><W3/><G3/><T55/><REACH who="0" step="1"/><D19/><REACH who="0" ten="267,214,214,295" step="2"/><U52/><E61/><V53/><F73/><W83/><G7/><T70/><D70/><U25/><E131/><V65/><F65/><W49/><G64/><T6/><D6/><U39/><E132/><AGARI ba="0,1" hai="8,10,26,30,35,55,58,60,95,96,102,132,134,135" machi="132" ten="40,8000,1" yaku="1,1,20,1,53,3" doraHai="44" doraHaiUra="130" who="0" fromWho="1" sc="267,90,214,-80,214,0,295,0" /><INIT seed="3,0,0,0,2,63" ten="357,134,214,295" oya="3" hai0="86,23,103,122,45,77,27,93,98,46,48,96,40" hai1="65,91,71,26,19,49,131,76,59,80,126,28,57" hai2="116,12,128,58,18,39,64,100,79,60,125,75,51" hai3="69,106,5,62,13,29,50,102,121,11,54,101,15"/><W105/><G121/><T117/><D117/><U47/><E126/><V104/><F39/><W132/><G29/><T87/><D122/><U44/><E131/><V133/><F116/><W22/><G132/><T61/><D61/><U72/><E19/><V129/><F133/><W14/><G106/><T130/><D130/><N who="2" m="50282" /><F125/><W55/><G105/><T92/><D45/><U42/><E91/><V31/><F31/><W16/><G15/><T70/><D70/><U115/><E115/><V114/><F114/><W33/><G33/><T127/><D127/><U35/><REACH who="1" step="1"/><E47/><REACH who="1" ten="357,124,214,295" step="2"/><V74/><F79/><W88/><G88/><N who="0" m="55303" /><D77/><U36/><E36/><V84/><F18/><AGARI ba="0,1" hai="18,23,27,40,46,48,86,87,93,98,103" m="55303" machi="18" ten="30,2000,0" yaku="8,1,54,1" doraHai="63" who="0" fromWho="2" sc="357,30,124,0,214,-20,295,0" owari="387,48.7,124,-37.6,194,-20.6,295,9.5" /></mjloggm>