<mjloggm ver="2.3"><GO type="225" lobby="0"/><UN n0="%E3%81%99%E3%81%84%E3%81%BE%E3%81%9B%E3%83%BC%E3%82%93" n1="%E6%B0%B7%E5%B7%9D%E9%87%8C%E5%A5%88" n2="%E5%8F%AF%E5%85%90%E9%82%A3%E7%94%B1%E5%A4%9A" n3="%E8%83%83%E3%81%A8%E8%85%B8" dan="16,16,16,16" rate="2219.53,2129.34,2243.12,2163.90" sx="M,F,F,M"/><TAIKYOKU oya="0"/><INIT seed="0,0,0,0,5,25" ten="250,250,250,250" oya="0" hai0="64,95,13,92,109,49,8,79,83,58,87,134,7" hai1="45,38,113,82,116,23,54,46,127,52,81,117,44" hai2="118,3,77,126,59,18,48,66,102,133,129,4,74" hai3="5,105,30,14,124,110,43,56,68,28,60,91,97"/><T85/><D134/><U69/><E38/><V35/><F133/><W119/><G68/><T103/><D109/><U40/><E40/><V11/><F35/><W121/><G119/><T31/><D103/><U132/><E132/><V108/><F108/><W50/><G110/><T62/><D31/><N who="3" m="11817" /><G105/><T98/><D98/><U88/><E69/><V24/><F129/><W22/><G124/><T39/><D39/><U29/><E127/><V20/><F126/><W73/><G73/><T93/><REACH who="0" step="1"/><D49/><REACH who="0" ten="240,250,250,250" step="2"/><U75/><E117/><V36/><F36/><W9/><G121/><T0/><D0/><U65/><E116/><V99/><F118/><W80/><G97/><T37/><D37/><U27/><E113/><V16/><F48/><W130/><G130/><T33/><D33/><U26/><E26/><V131/><F131/><W17/><G50/><T89/><AGARI ba="0,1" hai="7,8,13,58,62,64,79,83,85,87,89,92,93,95" machi="89" ten="30,11700,0" yaku="1,1,0,1,8,1,53,1" doraHai="25" doraHaiUra="2" who="0" fromWho="0" sc="240,127,250,-39,250,-39,250,-39" /><INIT seed="0,1,0,2,0,130" ten="367,211,211,211" oya="0" hai0="44,72,113,8,108,53,56,96,5,123,42,32,76" hai1="55,116,84,33,43,63,48,121,40,107,58,91,87" hai2="128,49,78,118,18,59,81,41,71,85,75,47,30" hai3="52,103,97,62,10,50,3,67,80,37,105,39,112"/><T1/><D113/><U16/><E116/><V46/><F71/><W36/><G112/><T12/><D123/><U115/><E115/><V83/><F128/><W0/><G80/><T133/><D32/><U93/><E121/><V19/><F118/><W27/><G27/><T135/><D108/><U125/><E107/><V95/><F30/><W7/><G3/><T98/><D12/><U90/><E33/><V34/><F34/><W70/><REACH who="3" step="1"/><G36/><REACH who="3" ten="367,211,211,201" step="2"/><N who="0" m="21575" /><D96/><U15/><E125/><V57/><F81/><W119/><G119/><T114/><D98/><U60/><E43/><V134/><F41/><W99/><G99/><T106/><D114/><U82/><REACH who="1" step="1"/><E40/><REACH who="1" ten="367,201,211,201" step="2"/><V129/><F129/><W117/><G117/><T74/><D106/><U61/><E61/><V122/><F122/><W102/><G102/><T104/><D104/><U2/><E2/><V100/><F100/><W22/><G22/><AGARI ba="1,2" hai="15,16,22,48,55,58,60,63,82,84,87,90,91,93" machi="22" ten="30,12000,2" yaku="1,1,7,1,25,2,8,1,54,1,53,1" doraHai="130" doraHaiUra="77" who="1" fromWho="3" sc="367,0,201,143,211,0,201,-123" /><INIT seed="1,0,0,5,1,84" ten="367,344,211,78" oya="1" hai0="35,127,72,110,55,103,56,66,118,79,77,89,76" hai1="61,101,11,63,4,59,6,60,17,69,100,46,44" hai2="25,132,75,95,19,50,74,71,58,128,5,67,27" hai3="49,48,40,134,135,126,129,24,123,104,43,37,122"/><U130/><E130/><V114/><F5/><W94/><G94/><T91/><D118/><U20/><E69/><V107/><F107/><W68/><G104/><T115/><D115/><U14/><E59/><V23/><F128/><W41/><G24/><T13/><D35/><U2/><REACH who="1" step="1"/><E4/><REACH who="1" ten="367,334,211,78" step="2"/><V28/><F71/><W97/><G129/><T36/><D56/><U57/><E57/><V96/><F114/><W121/><G68/><T85/><D127/><U106/><E106/><V52/><F67/><W7/><G7/><T10/><D66/><U73/><E73/><V131/><F131/><W81/><G126/><T31/><D72/><U92/><E92/><V12/><F132/><N who="3" m="50731" /><G81/><T47/><D47/><AGARI ba="0,1" hai="2,6,11,14,17,20,44,46,47,60,61,63,100,101" machi="47" ten="40,3900,0" yaku="1,1,53,1" doraHai="84" doraHaiUra="3" who="1" fromWho="0" sc="367,-39,334,49,211,0,78,0" /><INIT seed="1,1,0,1,2,135" ten="328,383,211,78" oya="1" hai0="109,72,53,48,34,42,88,97,120,1,55,60,113" hai1="103,43,56,39,57,24,107,54,44,93,17,74,82" hai2="62,6,102,98,35,84,69,96,8,22,36,61,33" hai3="117,25,63,116,65,75,106,50,122,9,59,20,58"/><U129/><E107/><V112/><F36/><W86/><G75/><T5/><D113/><U124/><E129/><V30/><F112/><W125/><G122/><T89/><D34/><U118/><E118/><N who="3" m="45674" /><G106/><T16/><D72/><U111/><E111/><V92/><F22/><W14/><G86/><T49/><D109/><U114/><E114/><V67/><F30/><N who="3" m="17703" /><G50/><T41/><D120/><U51/><E74/><V26/><F84/><W131/><G58/><T31/><D31/><U115/><E115/><V80/><F80/><W10/><G131/><T3/><D5/><U127/><E57/><V128/><F128/><W0/><G0/><T45/><D60/><U46/><E56/><V101/><F62/><W40/><G40/><T7/><D7/><U68/><E68/><V18/><F96/><W4/><G10/><T78/><D78/><U119/><E82/><V133/><F98/><W21/><G21/><T12/><D97/><U23/><E119/><V2/><F69/><W100/><G100/><T81/><D81/><U28/><E93/><V76/><F92/><W95/><G95/><T108/><D108/><U123/><E103/><V29/><F101/><W47/><G47/><N who="0" m="27807" /><D1/><U90/><E90/><N who="0" m="34921" /><D3/><U91/><E91/><V38/><F2/><W87/><G87/><T85/><D85/><U77/><E77/><V70/><F76/><W134/><G134/><T130/><D130/><U121/><E28/><V66/><F133/><W11/><G11/><AGARI ba="1,0" hai="11,12,16,41,42,45,49,55" m="34921,27807" machi="11" ten="30,3900,0" yaku="8,1,54,2" doraHai="135" who="0" fromWho="3" sc="328,42,383,0,211,0,78,-42" /><INIT seed="2,0,0,1,5,67" ten="370,383,211,36" oya="2" hai0="95,2,6,27,12,72,47,38,43,42,29,8,36" hai1="66,50,103,102,79,123,69,10,80,127,131,1,129" hai2="77,30,60,83,88,57,32,4,96,89,46,121,25" hai3="122,68,53,71,19,113,54,132,37,62,119,49,22"/><V118/><F118/><W52/><G119/><T13/><D72/><U45/><E127/><V97/><F121/><W82/><G122/><T133/><D133/><U35/><E35/><V110/><F110/><W107/><G107/><T48/><D95/><U100/><E123/><V17/><F4/><W70/><G132/><T3/><D13/><U75/><E69/><N who="3" m="26730" /><G22/><T120/><D120/><U101/><E66/><V76/><F46/><W41/><G19/><T126/><D126/><U40/><E102/><V55/><F17/><W81/><G81/><T115/><D115/><U9/><E1/><V105/><F77/><W111/><G82/><T86/><D86/><U26/><E26/><V0/><F0/><W59/><G111/><T65/><D65/><U39/><E39/><V91/><REACH who="2" step="1"/><F105/><REACH who="2" ten="370,383,201,36" step="2"/><W31/><G113/><T16/><D2/><U92/><E45/><V134/><F134/><W33/><G31/><T112/><D112/><U24/><E79/><V73/><AGARI ba="0,1" hai="25,30,32,55,57,60,73,76,83,88,89,91,96,97" machi="73" ten="30,6000,0" yaku="1,1,0,1,54,1,53,0" doraHai="67" doraHaiUra="130" who="2" fromWho="2" sc="370,-20,383,-20,201,70,36,-20" /><INIT seed="2,1,0,0,2,71" ten="350,363,271,16" oya="2" hai0="56,39,115,63,89,10,90,44,68,110,28,79,34" hai1="15,73,111,87,58,13,37,17,109,51,99,46,2" hai2="102,62,55,36,106,125,38,130,104,25,12,81,33" hai3="75,133,121,82,57,1,94,103,30,23,124,47,42"/><V27/><F125/><W45/><G121/><T21/><D115/><U96/><E73/><V78/><F130/><W127/><G1/><T107/><D110/><N who="1" m="41995" /><E2/><V134/><F134/><W123/><G123/><T126/><D34/><U7/><E7/><V59/><F12/><N who="1" m="4681" /><E17/><V85/><F25/><N who="3" m="16703" /><G133/><T41/><D107/><U24/><E24/><V11/><F11/><W20/><G20/><T119/><D119/><U69/><E69/><V14/><F14/><W91/><G75/><T100/><D68/><U18/><E18/><V54/><F54/><W29/><G29/><T98/><D126/><U4/><E4/><V101/><F106/><W49/><G127/><T52/><D10/><U120/><E120/><V65/><F55/><N who="3" m="31983" /><G124/><T77/><D28/><U70/><E70/><V53/><F53/><W112/><G112/><T108/><D21/><U135/><E135/><V129/><F104/><W5/><G5/><T95/><REACH who="0" step="1"/><D108/><REACH who="0" ten="340,363,271,16" step="2"/><U105/><E105/><V131/><F33/><W117/><G117/><T97/><D97/><U3/><E3/><V74/><F129/><W43/><G43/><T76/><AGARI ba="1,1" hai="39,41,44,52,56,63,76,77,79,89,90,95,98,100" machi="76" ten="30,8000,1" yaku="1,1,0,1,52,1,54,1,53,1" doraHai="71" doraHaiUra="48" who="0" fromWho="0" sc="340,93,363,-21,271,-41,16,-21" owari="433,53.3,342,14.2,230,-17.0,-5,-50.5" /></mjloggm>