<mjloggm ver="2.3"><GO type="225" lobby="0"/><UN n0="%E7%B4%94%E6%BD%94%E3%83%94%E3%83%A9%E3%83%8B%E3%82%A2" n1="%43%68%65" n2="%6D%75%75%6D%75%72%61" n3="%E5%A4%96%E5%B7%9D%E7%AB%9C%E6%88%90" dan="18,16,16,16" rate="2234.68,2131.05,2180.68,2228.75" sx="M,M,F,M"/><TAIKYOKU oya="0"/><INIT seed="0,0,0,0,1,118" ten="250,250,250,250" oya="0" hai0="102,10,135,117,19,67,16,46,22,104,120,103,128" hai1="37,87,13,1,30,86,36,114,69,8,84,27,101" hai2="134,109,98,133,59,126,35,18,49,80,96,9,58" hai3="61,24,79,17,43,2,70,6,52,51,131,15,54"/><T97/><D117/><U56/><E69/><V83/><F35/><W26/><G131/><T29/><D128/><U119/><E119/><V121/><F126/><W74/><G2/><T71/><D135/><N who="2" m="51722" /><F109/><W0/><G0/><T107/><D71/><U75/><E75/><V77/><F121/><W93/><G6/><T91/><D67/><U38/><E1/><V105/><F105/><W33/><G93/><T28/><D91/><U65/><E101/><V129/><F129/><W31/><G26/><T81/><D81/><N who="2" m="31306" /><F77/><W7/><G7/><T111/><D46/><U112/><E56/><N who="2" m="21547" /><F49/><W90/><G79/><T25/><D111/><U130/><E65/><V99/><F18/><W125/><G17/><T94/><D120/><U110/><E110/><V34/><F34/><W100/><G33/><T53/><D53/><U57/><E57/><V4/><F4/><W66/><G54/><T39/><D39/><U89/><E89/><V47/><F47/><W60/><G90/><T73/><D73/><U113/><E130/><V132/><F132/><W50/><G74/><T55/><D55/><U127/><E127/><V78/><F78/><W11/><G125/><T92/><D107/><U116/><E116/><V41/><F9/><W82/><G11/><T45/><D45/><U64/><E64/><V115/><F115/><W42/><G66/><T21/><D10/><U40/><E40/><AGARI ba="0,0" hai="40,41,96,98,99" m="21547,31306,51722" machi="40" ten="40,5200,0" yaku="28,2,20,1" doraHai="118" who="2" fromWho="1" sc="250,0,250,-52,250,52,250,0" /><INIT seed="1,0,0,2,2,111" ten="250,198,302,250" oya="1" hai0="37,75,4,109,70,49,112,91,95,50,85,59,104" hai1="53,72,86,62,118,6,76,126,67,16,25,30,18" hai2="48,84,7,97,17,40,83,69,61,122,38,79,125" hai3="90,106,28,12,24,66,102,124,110,52,119,21,11"/><U9/><E118/><V29/><F122/><W58/><G119/><T1/><D109/><U2/><E72/><V114/><F38/><W27/><G110/><T87/><D75/><U3/><E3/><V10/><F125/><W82/><G124/><T46/><D70/><U100/><E126/><V5/><F29/><W8/><G106/><T31/><D104/><U135/><E135/><V51/><F97/><W34/><G102/><T103/><D103/><U80/><E53/><V120/><F120/><W129/><G66/><T81/><D31/><U127/><E100/><V39/><F39/><W26/><G129/><T45/><D112/><U88/><E76/><V105/><F105/><W64/><G64/><T113/><D113/><U32/><REACH who="1" step="1"/><E127/><REACH who="1" ten="250,188,302,250" step="2"/><V134/><F134/><W73/><G73/><T131/><D1/><U121/><E121/><V101/><F101/><W0/><G0/><T133/><D133/><U20/><E20/><V63/><F79/><W117/><G117/><T94/><D131/><U78/><E78/><V22/><F22/><W77/><G77/><T132/><D132/><U71/><AGARI ba="0,1" hai="2,6,9,16,18,25,30,32,62,67,71,80,86,88" machi="71" ten="20,18000,2" yaku="1,1,0,1,7,1,54,2,53,1" doraHai="111" doraHaiUra="35" who="1" fromWho="1" sc="250,-60,188,190,302,-60,250,-60" /><INIT seed="1,1,0,5,5,110" ten="190,378,242,190" oya="1" hai0="93,122,126,9,40,43,58,83,31,3,52,17,50" hai1="32,116,131,124,46,14,11,85,109,123,119,97,2" hai2="88,21,103,25,62,37,100,12,15,57,39,35,60" hai3="128,73,114,51,94,65,99,68,107,113,1,71,45"/><U87/><E123/><V22/><F35/><W108/><G107/><T49/><D122/><U89/><E89/><V20/><BYE who="1" /><F25/><W75/><G1/><T121/><D121/><UN n1="%43%68%65" /><U8/><E32/><V6/><F6/><W66/><G108/><T64/><D126/><U19/><E109/><V95/><F37/><W117/><G128/><T104/><D104/><U42/><E131/><V134/><F39/><W16/><G117/><T74/><D31/><U34/><E34/><V127/><F134/><W30/><G30/><T129/><D129/><U59/><E124/><V112/><F127/><W26/><G66/><T79/><D50/><U7/><E97/><V0/><F0/><W86/><G86/><T56/><D93/><U18/><E59/><V53/><F62/><W4/><G4/><T125/><D125/><U84/><REACH who="1" step="1"/><E19/><REACH who="1" ten="190,368,242,190" step="2"/><V72/><F88/><W48/><G99/><T118/><D17/><U102/><E102/><V55/><F100/><W61/><G16/><T135/><D135/><U91/><E91/><V23/><F103/><W98/><G71/><T44/><D58/><U76/><E76/><V27/><F57/><W69/><G68/><T82/><D82/><U41/><E41/><V133/><F133/><W47/><G98/><T106/><D118/><U13/><E13/><V78/><F12/><W24/><G69/><T92/><D43/><U90/><E90/><V28/><F15/><W38/><G114/><T67/><D40/><U115/><E115/><V132/><F112/><W96/><G113/><T33/><D56/><U70/><E70/><V10/><F132/><RYUUKYOKU ba="1,1" sc="190,-10,368,30,242,-10,190,-10" hai1="2,7,8,11,14,18,42,46,84,85,87,116,119" /><INIT seed="1,2,1,1,2,32" ten="180,398,232,180" oya="1" hai0="72,128,52,115,116,42,75,5,50,73,97,51,131" hai1="69,11,17,68,114,63,130,123,16,29,18,101,23" hai2="84,28,6,24,133,98,74,30,129,4,38,99,117" hai3="33,43,45,20,2,95,126,44,54,87,14,48,8"/><U19/><E114/><V110/><F74/><W121/><G121/><T83/><D115/><U76/><E123/><V60/><F117/><W61/><G33/><T125/><D116/><U81/><E101/><V102/><F38/><W132/><G132/><T27/><D125/><U21/><E130/><N who="0" m="49705" /><D27/><U118/><E118/><V55/><F129/><W56/><G126/><T135/><D135/><U12/><E29/><V71/><F133/><W80/><G95/><T41/><D51/><U13/><E63/><V107/><F110/><W66/><G2/><T134/><D134/><U82/><E82/><V93/><F84/><W47/><G20/><T65/><D65/><U104/><E104/><V85/><F85/><W86/><G86/><T31/><D31/><U36/><E36/><V0/><F30/><W22/><G22/><T109/><D109/><U35/><E35/><N who="2" m="20871" /><F55/><W15/><G43/><N who="0" m="16395" /><D5/><U127/><E127/><V100/><F0/><W62/><G62/><T10/><D10/><U94/><E94/><V111/><F111/><W89/><REACH who="3" step="1"/><G15/><REACH who="3" ten="180,398,232,170" step="2"/><T113/><D113/><U58/><E13/><V91/><F60/><W49/><G49/><T59/><D97/><U78/><E12/><V1/><F1/><W105/><G105/><T120/><D120/><U88/><E81/><AGARI ba="2,2" hai="50,52,59,72,73,75,81,83" m="16395,49705" machi="81" ten="40,2600,0" yaku="19,1,54,1" doraHai="32" who="0" fromWho="1" sc="180,52,398,-32,232,0,170,0" /><INIT seed="2,0,0,5,1,104" ten="232,366,232,170" oya="2" hai0="56,122,58,132,9,115,28,135,16,119,14,7,86" hai1="84,81,88,39,130,66,107,22,10,108,20,25,129" hai2="11,53,60,85,26,99,24,133,93,44,18,120,62" hai3="111,114,75,71,77,118,31,49,32,83,79,1,36"/><V134/><F120/><W131/><RYUUKYOKU type="yao9" ba="0,0" sc="232,0,366,0,232,0,170,0" hai3="1,31,32,36,49,71,75,77,79,83,111,114,118,131" /><INIT seed="2,1,0,1,5,130" ten="232,366,232,170" oya="2" hai0="99,116,108,40,74,4,8,31,65,125,105,13,107" hai1="54,35,9,109,110,71,51,33,15,102,75,32,2" hai2="112,95,17,115,22,66,6,85,76,100,127,60,30" hai3="21,114,23,123,83,106,97,37,59,128,29,113,117"/><V20/><F127/><W7/><G117/><T58/><D74/><U67/><E75/><V48/><F6/><W44/><G123/><T1/><D116/><U122/><E122/><V5/><F5/><W16/><G128/><T25/><D125/><U93/><E2/><V119/><F119/><W38/><G7/><T134/><D1/><U89/><E102/><V103/><F48/><W57/><G83/><T36/><D108/><N who="1" m="41579" /><E67/><V0/><F0/><W64/><G64/><T111/><D36/><N who="3" m="13929" /><G44/><T129/><D40/><U121/><E71/><V87/><F76/><W81/><G81/><T39/><D39/><U120/><E15/><V73/><F66/><W84/><G84/><T88/><D129/><U104/><E9/><V133/><F73/><W34/><G34/><T72/><D72/><U41/><E41/><V19/><F95/><W124/><G124/><T118/><D105/><U26/><E26/><V77/><F77/><W90/><G106/><T18/><D107/><U98/><E104/><V56/><F56/><AGARI ba="1,0" hai="32,33,35,51,54,56,89,93,98,120,121" m="41579" machi="56" ten="40,1300,0" yaku="14,1" doraHai="130" who="1" fromWho="2" sc="232,0,366,16,232,-16,170,0" /><INIT seed="3,0,0,1,5,71" ten="232,382,216,170" oya="3" hai0="35,66,60,39,112,88,98,80,85,37,28,86,116" hai1="126,27,94,52,0,110,4,106,50,29,109,49,118" hai2="78,100,10,69,8,82,128,122,87,7,90,113,12" hai3="117,73,47,32,20,93,36,26,1,22,67,64,120"/><W102/><G117/><T14/><D116/><U25/><E106/><V54/><F113/><W68/><G120/><T96/><D112/><U123/><E118/><V89/><F69/><W131/><G131/><T75/><D75/><U130/><E123/><V34/><F34/><W48/><G73/><T17/><D85/><U107/><E107/><V65/><F128/><W115/><G115/><T124/><D124/><U15/><E0/><V99/><F65/><N who="3" m="25163" /><G1/><T3/><D3/><U13/><E126/><V43/><F122/><W59/><G68/><T92/><D28/><U101/><E50/><V79/><F43/><N who="3" m="24703" /><G36/><T97/><D35/><U125/><E125/><V72/><F72/><W31/><G32/><T2/><D2/><U16/><E4/><N who="2" m="3079" /><F78/><W77/><G77/><T45/><D45/><U57/><E130/><V23/><F54/><W46/><G46/><T103/><D97/><N who="1" m="59575" /><E15/><N who="2" m="5599" /><F23/><N who="3" m="15839" /><G59/><T133/><D133/><U58/><E58/><V30/><F30/><W81/><G81/><T63/><D39/><U11/><E29/><V84/><F84/><W5/><G5/><T134/><D37/><U70/><E70/><V95/><AGARI ba="0,0" hai="79,82,87,89,90,95,99,100" m="5599,3079" machi="95" ten="30,1100,0" yaku="8,1" doraHai="71" who="2" fromWho="2" sc="232,-3,382,-3,216,11,170,-5" owari="229,2.9,379,47.9,227,-17.3,165,-33.5" /></mjloggm>