<mjloggm ver="2.3"><GO type="225" lobby="0"/><UN n0="%E5%B8%86%E7%AB%8B%E5%A4%8F%E8%A1%A3" n1="%E6%B4%BE%E9%81%A3%E3%81%AE%E3%82%B8%E3%83%A3%E3%83%83%E3%82%AF" n2="%E7%99%BD%E6%97%A5%E9%9B%AA%E8%8F%9C" n3="%E3%81%A8%E3%82%93%E3%81%A8%E3%81%93%E3%81%A8%E3%82%93" dan="16,17,16,16" rate="2105.42,2174.07,2134.10,2136.63" sx="M,M,M,F"/><TAIKYOKU oya="0"/><INIT seed="0,0,0,2,5,122" ten="250,250,250,250" oya="0" hai0="51,23,60,133,93,18,111,126,105,6,130,27,115" hai1="50,86,85,11,21,38,15,33,70,103,8,56,20" hai2="13,35,77,9,1,34,19,65,87,29,73,113,128" hai3="45,5,120,79,134,22,30,125,31,116,92,101,68"/><T0/><D105/><U99/><E70/><V104/><F113/><W61/><G116/><T91/><D115/><U36/><E33/><V121/><F121/><W106/><G106/><T102/><D126/><U2/><E2/><V84/><F104/><W109/><G120/><T118/><D118/><U42/><E42/><V129/><F65/><W59/><G68/><T88/><D130/><N who="2" m="50282" /><F1/><W76/><G134/><T57/><D133/><U4/><E56/><V10/><F10/><W24/><G125/><T32/><D32/><N who="2" m="12330" /><F29/><W124/><G124/><T7/><D51/><U108/><E50/><V41/><F41/><W49/><G31/><T53/><D0/><U119/><E119/><V40/><F40/><N who="3" m="24743" /><G5/><N who="0" m="1547" /><D111/><U28/><E108/><V12/><F12/><W75/><G75/><T62/><D62/><U83/><E11/><V80/><AGARI ba="0,0" hai="9,13,19,73,77,80,84,87" m="12330,50282" machi="80" ten="40,1500,0" yaku="19,1" doraHai="122" who="2" fromWho="2" sc="250,-7,250,-4,250,15,250,-4" /><INIT seed="1,0,0,1,4,63" ten="243,246,265,246" oya="1" hai0="108,21,111,20,45,1,116,104,16,18,26,81,27" hai1="70,8,65,41,67,129,122,29,76,4,90,101,126" hai2="127,105,12,32,118,84,130,79,121,33,46,98,78" hai3="96,124,112,99,2,100,44,72,51,55,93,15,71"/><U53/><E122/><V117/><F121/><W123/><G2/><T94/><D104/><U36/><E101/><V135/><F135/><W102/><G112/><T40/><D1/><U83/><E70/><V19/><F130/><W9/><G123/><T11/><D116/><U3/><E29/><V23/><F127/><W128/><G128/><T39/><D94/><U97/><E129/><V13/><F46/><W73/><G71/><T132/><D132/><U57/><E126/><V131/><F131/><W58/><G58/><T74/><D11/><U77/><E77/><AGARI ba="0,0" hai="16,18,20,21,26,27,39,40,45,74,77,81,108,111" machi="77" ten="40,2600,0" yaku="9,1,54,1" doraHai="63" who="0" fromWho="1" sc="243,26,246,-26,265,0,246,0" /><INIT seed="2,0,0,2,3,101" ten="269,220,265,246" oya="2" hai0="49,97,10,31,85,16,68,108,95,54,92,94,62" hai1="123,46,98,13,32,104,20,64,74,135,30,15,79" hai2="40,60,115,51,109,105,67,88,48,21,100,83,128" hai3="124,69,53,37,77,25,0,11,111,6,14,99,102"/><V61/><F115/><W107/><G111/><T56/><D108/><U29/><E135/><V117/><F109/><W134/><G134/><T81/><D31/><U8/><E123/><V12/><F117/><W43/><G69/><T33/><D33/><U71/><E32/><V87/><F128/><W4/><G124/><T65/><D10/><U17/><E46/><V106/><F61/><W126/><G126/><T122/><D122/><U114/><E114/><V93/><F40/><W125/><G125/><T22/><D81/><U78/><E64/><V120/><F120/><W103/><G77/><T63/><D63/><U110/><E71/><V86/><F21/><W58/><G25/><T9/><D9/><U76/><E74/><V19/><F100/><W90/><G90/><T66/><D66/><U119/><E119/><V2/><F2/><W131/><G103/><T7/><D7/><U91/><E110/><V1/><F1/><W133/><G131/><T72/><D72/><U23/><E104/><V38/><F38/><W57/><G133/><T45/><D85/><U34/><E34/><V47/><F51/><W132/><G132/><T39/><D39/><U52/><E52/><N who="2" m="29727" /><F60/><W36/><G43/><T28/><D68/><U96/><E23/><V118/><F67/><W18/><G37/><T129/><D129/><U75/><E75/><V35/><F35/><W44/><G0/><T121/><D121/><U24/><E30/><V70/><F70/><W130/><G130/><T42/><D28/><U50/><E50/><V84/><F118/><W80/><G36/><T55/><D97/><RYUUKYOKU ba="0,0" sc="269,30,220,-10,265,-10,246,-10" hai0="16,22,42,45,49,54,55,56,62,65,92,94,95" /><INIT seed="3,1,0,4,1,32" ten="299,210,255,236" oya="3" hai0="40,122,1,28,59,72,45,9,118,44,6,53,90" hai1="82,57,111,24,124,93,128,15,133,17,78,66,98" hai2="4,87,18,60,14,31,91,89,70,43,71,86,30" hai3="65,68,123,73,106,96,25,126,37,27,107,38,10"/><W92/><G73/><T39/><D118/><U88/><E111/><V97/><F4/><W104/><G123/><T11/><D122/><U77/><E124/><V80/><F97/><W48/><G126/><T13/><D28/><U16/><E133/><V52/><F43/><W102/><G48/><T95/><D45/><U116/><E128/><V99/><F99/><W127/><G10/><T131/><D72/><U34/><E116/><V121/><F121/><W54/><G54/><T125/><D125/><U20/><E82/><V108/><F108/><W63/><REACH who="3" step="1"/><G127/><REACH who="3" ten="299,210,255,226" step="2"/><T134/><D53/><U56/><E34/><V51/><F51/><W3/><G3/><T61/><D1/><U81/><E66/><V67/><F52/><W100/><G100/><T49/><D49/><U113/><E113/><V117/><F117/><W130/><G130/><T2/><D131/><U79/><REACH who="1" step="1"/><E81/><REACH who="1" ten="299,200,255,226" step="2"/><V101/><F67/><W64/><G64/><T120/><D120/><U50/><E50/><V41/><F80/><W69/><G69/><T42/><D42/><U109/><E109/><V47/><F41/><W58/><G58/><T110/><D59/><U84/><E84/><V22/><F71/><W33/><G33/><T74/><D110/><U7/><E7/><V129/><F70/><W29/><G29/><T85/><D74/><U105/><E105/><V0/><F31/><W135/><G135/><T119/><D134/><U35/><E35/><V103/><F30/><W19/><G19/><N who="0" m="8623" /><D119/><U8/><AGARI ba="1,2" hai="8,15,16,17,20,24,56,57,77,78,79,88,93,98" machi="8" ten="30,12000,2" yaku="1,1,0,1,8,1,54,2,53,1" doraHai="32" doraHaiUra="94" who="1" fromWho="1" sc="299,-31,200,143,255,-31,226,-61" owari="268,6.8,343,44.3,224,-17.6,165,-33.5" /></mjloggm>