<mjloggm ver="2.3"><GO type="225" lobby="0"/><UN n0="%E6%98%93%E5%88%A9%E8%96%A9%E4%BC%AF" n1="%E3%82%B2%E3%82%B9%E8%8C%82%E5%8B%9D" n2="%E5%8D%A0%E3%81%84%E5%B8%AB%E8%A3%8F%E3%81%AA%E3%81%84%E3%81%97" n3="%E3%81%B2%E3%81%BE%E3%81%A4%E3%81%B6%E3%81%97" dan="16,16,16,17" rate="2052.14,2085.96,2128.45,2184.60" sx="F,F,M,M"/><TAIKYOKU oya="0"/><INIT seed="0,0,0,5,3,91" ten="250,250,250,250" oya="0" hai0="71,69,77,27,124,41,35,82,26,42,9,100,84" hai1="44,85,113,73,23,130,29,57,34,70,54,131,102" hai2="36,75,63,17,64,135,22,58,92,126,106,120,95" hai3="119,86,49,98,129,104,103,128,40,52,8,19,83"/><T114/><D114/><U43/><E73/><V4/><F120/><W18/><G40/><T93/><D124/><U97/><E70/><V99/><F75/><W117/><G117/><T21/><D9/><U134/><E134/><V50/><F126/><W30/><G30/><T115/><D115/><U12/><E113/><V7/><F36/><W25/><G25/><T122/><D122/><U76/><E34/><V28/><F28/><W79/><G119/><T110/><D35/><U55/><E85/><V118/><F135/><W11/><G11/><T66/><D27/><U14/><E76/><V56/><F106/><W51/><G51/><T68/><D66/><U111/><E111/><V89/><F118/><W109/><G109/><T39/><D39/><U123/><E123/><V94/><F56/><W1/><G1/><T105/><D105/><U13/><E23/><V72/><F50/><W46/><REACH who="3" step="1"/><G8/><REACH who="3" ten="250,250,250,240" step="2"/><T65/><D110/><U20/><E29/><V31/><F31/><W74/><G74/><T78/><D42/><U45/><E20/><V108/><F72/><W90/><G90/><T80/><D41/><U0/><E0/><V24/><F108/><W53/><G53/><T67/><D26/><U60/><E54/><V121/><F121/><W61/><G61/><T6/><D21/><U10/><E10/><V37/><F37/><W48/><G48/><T87/><REACH who="0" step="1"/><D6/><AGARI ba="0,1" hai="4,6,7,17,22,24,58,63,64,89,92,94,95,99" machi="6" ten="40,8000,1" yaku="8,1,52,3" doraHai="91" who="2" fromWho="0" sc="250,-80,250,0,250,90,240,0" /><INIT seed="1,0,0,1,1,40" ten="170,250,340,240" oya="1" hai0="11,27,84,57,99,119,25,16,132,67,98,22,13" hai1="100,126,90,29,39,118,3,56,34,135,134,113,8" hai2="91,77,9,38,80,50,85,103,4,72,51,55,106" hai3="97,5,89,24,21,18,125,76,7,36,133,111,60"/><U74/><E118/><V117/><F117/><W121/><G121/><T49/><D119/><U45/><E126/><V124/><F38/><W130/><G125/><T114/><D132/><U14/><E3/><V95/><F124/><W47/><G133/><T46/><D114/><U94/><E100/><V30/><F30/><W120/><G120/><T102/><D84/><U48/><E74/><V88/><F91/><W15/><G76/><T127/><D127/><U93/><E56/><V104/><F50/><W109/><G130/><T122/><D122/><U110/><E39/><V105/><F103/><W82/><G60/><T41/><D102/><U115/><E110/><N who="3" m="41994" /><G24/><T69/><D69/><U10/><E29/><V96/><F72/><W20/><G21/><T64/><D27/><U53/><E34/><V33/><F33/><W6/><G97/><T31/><REACH who="0" step="1"/><D57/><REACH who="0" ten="160,250,340,240" step="2"/><U123/><E123/><V70/><F70/><W37/><G82/><T59/><D59/><U17/><E115/><V58/><F105/><W66/><G89/><T65/><AGARI ba="0,1" hai="11,13,16,22,25,31,41,46,49,64,65,67,98,99" machi="65" ten="30,8000,1" yaku="1,1,0,1,8,1,52,1,54,1,53,0" doraHai="40" doraHaiUra="32" who="0" fromWho="0" sc="160,90,250,-40,340,-20,240,-20" /><INIT seed="2,0,0,0,1,109" ten="250,210,320,220" oya="2" hai0="51,79,127,134,53,101,81,80,93,65,130,62,112" hai1="67,97,83,94,59,92,23,95,86,15,91,54,122" hai2="12,133,39,126,78,76,29,64,77,5,45,40,55" hai3="0,131,56,41,102,117,43,48,44,7,100,27,58"/><V13/><F126/><W8/><G117/><T121/><D121/><U72/><E122/><V90/><F133/><W4/><G131/><T63/><D130/><U2/><E2/><V115/><F64/><W125/><G125/><T9/><D127/><U114/><E72/><V42/><F115/><W69/><G69/><T49/><D112/><U6/><E67/><V66/><F66/><W24/><G7/><T129/><D81/><U73/><E73/><V70/><F70/><W33/><G41/><T96/><D134/><U105/><E105/><V30/><F5/><W19/><G27/><T128/><D51/><U10/><E23/><V35/><F35/><W107/><G107/><T82/><D82/><U17/><E114/><V98/><F40/><W132/><G132/><T99/><D9/><U22/><E6/><V118/><F55/><W110/><G110/><T106/><D65/><U123/><E123/><V61/><F61/><W60/><G58/><T104/><D104/><U87/><E10/><V103/><F90/><W85/><G85/><T38/><D38/><U108/><E108/><V113/><F118/><W46/><G44/><T36/><D36/><U124/><E124/><V111/><F111/><W34/><G34/><T88/><D129/><U50/><REACH who="1" step="1"/><E86/><REACH who="1" ten="250,200,320,220" step="2"/><V21/><F21/><N who="3" m="13375" /><G33/><T16/><D128/><U119/><E119/><V28/><F113/><W26/><G26/><T25/><D25/><U68/><E68/><V135/><F135/><W71/><G71/><T32/><D32/><U31/><E31/><V84/><F84/><W120/><G120/><T47/><D16/><RYUUKYOKU ba="0,1" sc="250,0,200,0,320,0,220,0" hai0="47,49,53,62,63,79,80,88,93,96,99,101,106" hai1="15,17,22,50,54,59,83,87,91,92,94,95,97" hai2="12,13,28,29,30,39,42,45,76,77,78,98,103" hai3="0,4,8,43,46,48,56,60,100,102" /><INIT seed="2,1,1,3,3,62" ten="250,200,320,220" oya="2" hai0="94,127,70,73,123,10,4,37,129,100,126,66,39" hai1="41,91,53,112,19,47,77,87,58,104,25,86,84" hai2="20,17,102,79,72,56,68,101,78,93,36,54,125" hai3="59,109,34,43,124,97,117,130,35,31,69,135,11"/><V22/><F68/><W92/><G117/><T134/><D123/><U42/><E112/><V107/><F107/><W64/><G109/><T15/><D134/><U128/><E128/><V103/><F36/><W50/><G135/><T18/><D73/><U85/><E104/><V81/><F125/><N who="0" m="47626" /><D129/><U28/><E19/><V57/><F78/><W106/><G124/><T8/><D100/><U2/><E2/><V60/><F93/><W67/><G69/><T21/><D94/><U61/><E77/><V12/><F56/><W119/><G106/><T108/><D108/><U115/><E47/><V99/><F99/><W98/><G98/><T52/><D52/><U48/><E61/><V121/><REACH who="2" step="1"/><F20/><REACH who="2" ten="250,200,310,220" step="2"/><W122/><G122/><AGARI ba="1,2" hai="12,17,22,54,57,60,72,79,81,101,102,103,121,122" machi="122" ten="40,3900,0" yaku="1,1,2,1,53,0" doraHai="62" doraHaiUra="23" who="2" fromWho="3" sc="250,0,200,0,310,62,220,-42" /><INIT seed="2,2,0,0,0,35" ten="250,200,372,178" oya="2" hai0="88,110,52,114,101,45,90,84,108,29,102,86,53" hai1="11,107,121,24,64,120,12,117,62,75,42,20,22" hai2="103,17,61,37,97,39,4,44,132,80,99,122,30" hai3="47,92,50,51,8,14,28,36,18,56,94,0,60"/><V135/><F122/><N who="1" m="47209" /><E117/><V10/><F30/><W128/><G128/><T32/><D29/><U130/><E75/><V105/><F97/><W7/><G36/><T113/><REACH who="0" step="1"/><D45/><REACH who="0" ten="240,200,372,178" step="2"/><U67/><E130/><V82/><F44/><W16/><G28/><T5/><D5/><U93/><E42/><V57/><F17/><N who="3" m="6763" /><G0/><T49/><D49/><N who="3" m="18441" /><G47/><T15/><D15/><U85/><E12/><V63/><F37/><W81/><G81/><T26/><D26/><U54/><E24/><V72/><F39/><W34/><G34/><AGARI ba="2,1" hai="32,34,52,53,84,86,88,90,101,102,108,110,113,114" machi="34" ten="25,8000,1" yaku="1,1,22,2,54,2,53,0" doraHai="35" doraHaiUra="27" who="0" fromWho="3" sc="240,96,200,0,372,0,178,-86" /><INIT seed="3,0,0,1,4,99" ten="336,200,372,92" oya="3" hai0="98,17,25,107,29,125,65,46,120,108,58,31,81" hai1="45,6,122,104,106,38,52,116,93,127,4,2,118" hai2="26,77,30,121,32,13,97,36,18,68,55,63,59" hai3="62,40,27,49,130,123,3,70,119,54,8,87,132"/><W47/><G119/><N who="1" m="45610" /><E122/><V129/><F121/><W23/><G123/><T57/><D120/><U11/><E127/><V135/><F36/><W90/><G132/><T110/><D125/><U92/><E4/><V19/><F135/><W74/><G74/><T37/><D17/><U109/><E109/><N who="0" m="42089" /><D81/><U48/><E38/><V105/><F129/><W94/><G130/><T35/><D31/><U91/><E93/><V100/><F77/><W128/><G128/><T56/><D65/><U5/><E5/><V39/><F39/><W22/><G3/><T24/><D24/><U69/><E69/><V28/><F28/><W50/><G8/><T88/><D88/><U79/><E79/><V101/><F101/><W33/><G33/><T76/><D76/><U124/><E124/><V53/><F53/><W111/><G111/><T114/><D114/><U66/><E66/><N who="2" m="41055" /><F13/><W61/><G70/><T44/><D37/><U14/><E2/><V43/><F43/><W34/><G34/><T20/><D20/><N who="3" m="7721" /><G27/><T75/><D75/><U102/><E102/><AGARI ba="0,0" hai="25,29,35,44,46,56,57,58,98,102,107" m="42089" machi="102" ten="30,2000,0" yaku="14,1,52,1" doraHai="99" who="0" fromWho="1" sc="336,20,200,-20,372,0,92,0" owari="356,15.6,180,-22.0,372,47.2,92,-40.8" /></mjloggm>