<mjloggm ver="2.3"><GO type="225" lobby="0"/><UN n0="%77%72%77%72%77%72%77%72" n1="%E3%83%97%E3%83%AC%E3%83%B4%E3%82%A1%E3%83%86%E3%82%A3" n2="%4B%2E%32%2E%4B%2E" n3="%E7%99%BD%E6%97%A5%E9%9B%AA%E8%8F%9C" dan="16,16,17,16" rate="2117.41,2121.60,2187.28,2134.14" sx="M,F,M,M"/><TAIKYOKU oya="0"/><INIT seed="0,0,0,1,5,56" ten="250,250,250,250" oya="0" hai0="130,18,14,96,59,121,42,87,48,38,81,64,17" hai1="34,51,92,6,72,107,58,39,78,55,133,16,63" hai2="20,36,50,80,77,24,29,102,84,69,106,35,12" hai3="1,127,97,37,45,76,95,94,85,105,128,93,100"/><T134/><D121/><U119/><E107/><V44/><F36/><W108/><G1/><T99/><D130/><U132/><E119/><V98/><F69/><W129/><G45/><T124/><D134/><N who="1" m="51819" /><E34/><V110/><F110/><W75/><G37/><T4/><D124/><U49/><E39/><V82/><F82/><N who="3" m="45343" /><G108/><T7/><D38/><U66/><E6/><N who="0" m="2089" /><D18/><U112/><E112/><V90/><F12/><W126/><G85/><T9/><D42/><U31/><E31/><V114/><F114/><W65/><G65/><T79/><D48/><U86/><E72/><V15/><F15/><W10/><G10/><T89/><D79/><U70/><E78/><V32/><REACH who="2" step="1"/><F77/><REACH who="2" ten="250,250,240,250" step="2"/><W57/><G57/><T3/><D3/><U61/><E16/><V104/><F104/><W111/><G111/><T8/><D8/><U19/><E19/><V123/><F123/><W83/><G83/><T2/><D2/><U62/><E49/><V52/><AGARI ba="0,1" hai="20,24,29,32,35,44,50,52,80,84,90,98,102,106" machi="52" ten="20,5200,0" yaku="1,1,0,1,7,1,54,1,53,0" doraHai="56" doraHaiUra="73" who="2" fromWho="2" sc="250,-26,250,-13,240,62,250,-13" /><INIT seed="1,0,0,4,0,56" ten="224,237,302,237" oya="1" hai0="40,22,104,95,44,49,78,33,114,57,72,15,113" hai1="124,74,119,30,83,12,43,118,107,84,24,29,63" hai2="75,96,60,45,0,120,89,133,21,65,11,28,97" hai3="68,17,134,4,88,1,6,101,91,128,41,90,67"/><U26/><E107/><V87/><F120/><W31/><G134/><T130/><D33/><U32/><E74/><V18/><F75/><W132/><G132/><T100/><D104/><U129/><E129/><V116/><F116/><W64/><G128/><T92/><D130/><U54/><E43/><V73/><F73/><W99/><G31/><T25/><D15/><U135/><E135/><V94/><F45/><W125/><G125/><T70/><D70/><U51/><E124/><V55/><F55/><W81/><G81/><T98/><D95/><U39/><E12/><V14/><F133/><W53/><G41/><T62/><D78/><U111/><E39/><V117/><F117/><W16/><G53/><T66/><REACH who="0" step="1"/><D72/><REACH who="0" ten="214,237,302,237" step="2"/><U2/><E2/><V109/><F109/><W8/><G6/><T46/><D46/><U71/><E111/><V131/><F131/><W59/><G68/><T102/><D102/><U61/><E71/><V36/><F0/><W19/><REACH who="3" step="1"/><G59/><REACH who="3" ten="214,237,302,227" step="2"/><T86/><D86/><U103/><E119/><V37/><F87/><W112/><G112/><T80/><D80/><U13/><E118/><V123/><F123/><W126/><G126/><T34/><D34/><U27/><E32/><V58/><F97/><W5/><G5/><T50/><D50/><U52/><E51/><V76/><F76/><W110/><G110/><T115/><D115/><U121/><E121/><V106/><F37/><W35/><G35/><T7/><D7/><U47/><E83/><V108/><F108/><W93/><AGARI ba="0,2" hai="1,4,8,16,17,19,64,67,88,90,91,93,99,101" machi="93" ten="30,7900,0" yaku="1,1,0,1,54,2,53,0" doraHai="56" doraHaiUra="9" who="3" fromWho="3" sc="214,-20,237,-39,302,-20,227,99" /><INIT seed="2,0,0,3,2,32" ten="194,198,282,326" oya="2" hai0="12,114,14,46,6,63,49,44,95,99,79,62,78" hai1="57,69,2,110,121,84,21,8,89,43,98,93,83" hai2="124,120,9,53,36,132,104,54,50,106,76,34,31" hai3="90,51,97,113,60,75,86,68,40,119,38,118,30"/><V22/><F36/><W103/><G75/><T52/><D114/><U64/><E69/><V0/><F34/><W101/><G38/><T26/><D26/><U29/><E110/><V117/><F117/><W100/><G113/><T111/><D111/><U129/><E129/><V128/><F120/><W109/><G109/><T28/><D28/><U82/><E121/><V65/><F128/><W47/><G30/><T27/><D27/><U87/><E43/><V92/><F76/><N who="0" m="29226" /><D44/><U105/><E29/><V81/><F65/><W123/><G123/><T58/><D6/><U33/><E21/><V45/><F81/><W42/><G42/><N who="0" m="24791" /><D62/><U56/><E33/><V91/><F132/><W66/><REACH who="3" step="1"/><G97/><REACH who="3" ten="194,198,282,316" step="2"/><T134/><D134/><U80/><E64/><V116/><F116/><W4/><G4/><T108/><D108/><U7/><REACH who="1" step="1"/><E84/><REACH who="1" ten="194,188,282,316" step="2"/><V15/><F31/><W19/><G19/><T1/><D99/><U112/><E112/><V67/><F67/><W131/><G131/><T35/><D35/><U70/><E70/><V18/><F124/><W96/><G96/><T85/><D85/><U115/><E115/><V17/><F54/><W102/><N who="3" m="25600" /><DORA hai="94" /><W25/><G25/><T73/><D52/><U24/><E24/><V41/><F53/><W5/><G5/><T55/><D55/><U77/><E77/><V135/><F135/><W16/><G16/><T10/><D73/><U125/><E125/><V59/><F17/><W13/><G13/><T20/><D14/><U127/><E127/><V130/><F130/><W126/><G126/><T122/><D12/><U11/><E11/><RYUUKYOKU ba="0,2" sc="194,-15,188,15,282,-15,316,15" hai1="2,7,8,56,57,80,82,83,87,89,93,98,105" hai3="40,47,51,60,66,68,86,90,118,119" /><INIT seed="3,1,2,4,3,35" ten="179,203,267,331" oya="3" hai0="7,32,40,87,4,47,129,84,5,28,109,29,64" hai1="17,50,75,110,27,13,10,86,85,22,124,63,2" hai2="91,48,118,117,20,105,53,123,71,65,83,74,33" hai3="55,26,90,128,81,60,98,3,95,46,99,12,39"/><W8/><G3/><T133/><D109/><U38/><E110/><V135/><F33/><W121/><G121/><T52/><D129/><U49/><E75/><V120/><F20/><W114/><G114/><T59/><D133/><U134/><E38/><V72/><F105/><W88/><G128/><T56/><D32/><U45/><E134/><V43/><F135/><W92/><G26/><T9/><D9/><U15/><E124/><V21/><F21/><W19/><G81/><T89/><D64/><U113/><E113/><V104/><F104/><W70/><G70/><T68/><D68/><U1/><E63/><N who="2" m="40383" /><F91/><W127/><G127/><T102/><D102/><U101/><E101/><V80/><F80/><W131/><G131/><T61/><D59/><U25/><E22/><V11/><F11/><W97/><G39/><T107/><D107/><U103/><E103/><V112/><F83/><W58/><G46/><T14/><D14/><U119/><E10/><V130/><F74/><W41/><G41/><T51/><D87/><AGARI ba="1,2" hai="8,12,19,55,58,60,87,88,90,92,95,97,98,99" machi="87" ten="30,5800,0" yaku="7,1,8,1,54,1" doraHai="35" who="3" fromWho="0" sc="179,-61,203,0,267,0,331,81" owari="118,-38.2,203,-19.7,267,6.7,412,51.2" /></mjloggm>