<mjloggm ver="2.3"><GO type="225" lobby="0"/><UN n0="%E4%BF%BA%E3%81%A8%E5%A6%96%E5%A4%A2" n1="%E6%B4%BE%E9%81%A3%E3%81%AE%E3%82%B8%E3%83%A3%E3%83%83%E3%82%AF" n2="%E3%83%AD%E3%83%83%E3%83%86%E9%9B%80%E7%90%83" n3="%72%69%6F%75%63%68%61%6E" dan="17,17,16,17" rate="2186.56,2220.60,2178.87,2261.86" sx="F,M,M,M"/><TAIKYOKU oya="0"/><INIT seed="0,0,0,2,4,96" ten="250,250,250,250" oya="0" hai0="81,33,122,87,89,44,67,134,36,0,82,78,105" hai1="64,75,115,28,132,11,59,92,109,37,69,17,112" hai2="110,120,53,22,4,76,1,29,95,47,68,118,91" hai3="111,23,86,7,21,24,25,88,119,9,39,16,125"/><T42/><D122/><U49/><E37/><V40/><F68/><W101/><G119/><T80/><D33/><U52/><E75/><V14/><F120/><W70/><G70/><T71/><D134/><U74/><E74/><V18/><F110/><W85/><G111/><T45/><D0/><U35/><E109/><V19/><F29/><W66/><G125/><T48/><D105/><U126/><E126/><V107/><F107/><W103/><G39/><T8/><D8/><U41/><E41/><V104/><F104/><W5/><G66/><T133/><D133/><U106/><E106/><V77/><F53/><W54/><G54/><T128/><D128/><U56/><E69/><V127/><F118/><W117/><G117/><T72/><D67/><U90/><E132/><V129/><F129/><W63/><G63/><T20/><D71/><U93/><E28/><V61/><F61/><W123/><G123/><T102/><D102/><N who="3" m="38921" /><G9/><T13/><D44/><U98/><E35/><V99/><F127/><W43/><G43/><T62/><D62/><U3/><E3/><V46/><F46/><W10/><G10/><T26/><D36/><U79/><E64/><V114/><F114/><N who="1" m="43561" /><E59/><V38/><F1/><W83/><G86/><T121/><D121/><U50/><E50/><V131/><F131/><W12/><G25/><T58/><D58/><U32/><E32/><V84/><F84/><W135/><G135/><T73/><D73/><U108/><E108/><V124/><F124/><W51/><G51/><T34/><D34/><U60/><E60/><V27/><F4/><W6/><G5/><RYUUKYOKU ba="0,0" sc="250,-15,250,-15,250,15,250,15" hai2="14,18,19,22,27,38,40,47,76,77,91,95,99" hai3="6,7,12,16,21,23,24,83,85,88" /><INIT seed="1,1,0,4,4,27" ten="235,235,265,265" oya="1" hai0="23,85,127,11,73,28,49,117,3,91,7,76,9" hai1="131,47,52,20,116,40,14,108,1,126,35,87,67" hai2="114,82,70,54,38,111,83,32,100,81,58,68,125" hai3="90,25,42,130,43,75,121,115,44,109,69,118,65"/><U101/><E116/><V119/><F119/><W12/><G118/><T66/><D117/><RYUUKYOKU type="kaze4" ba="1,0" sc="235,0,235,0,265,0,265,0" /><INIT seed="1,2,0,2,2,91" ten="235,235,265,265" oya="1" hai0="101,51,71,55,37,133,108,28,80,14,64,75,56" hai1="129,97,69,20,2,27,72,120,17,118,86,5,38" hai2="3,11,40,4,110,123,116,102,62,30,130,84,76" hai3="31,88,82,60,9,115,63,74,44,34,85,78,59"/><U58/><E69/><V131/><F116/><W10/><G115/><T77/><D108/><U132/><E72/><V25/><F123/><W8/><G44/><T57/><D133/><U39/><E118/><V89/><F110/><W125/><G125/><T29/><D71/><U6/><E120/><V12/><F76/><W61/><G31/><T117/><D117/><U46/><E132/><V81/><F102/><W16/><G34/><T112/><D112/><U52/><E129/><V94/><F40/><W43/><G43/><T21/><D37/><U100/><E86/><V48/><F48/><W50/><G50/><T49/><D101/><U98/><E98/><V73/><F62/><W47/><G47/><T65/><D29/><U106/><E46/><V23/><F73/><W126/><G126/><T26/><REACH who="0" step="1"/><D14/><REACH who="0" ten="225,235,265,265" step="2"/><U13/><E13/><V119/><F119/><W1/><G1/><T32/><D32/><U35/><E35/><V114/><F114/><W93/><REACH who="3" step="1"/><G16/><REACH who="3" ten="225,235,265,255" step="2"/><T127/><D127/><U42/><E2/><V22/><F3/><W68/><G68/><T45/><D45/><N who="1" m="23775" /><E38/><V87/><F131/><W107/><G107/><T95/><D95/><U24/><E5/><V105/><F105/><W19/><G19/><T99/><D99/><U109/><E6/><V67/><F130/><W134/><G134/><T66/><D66/><AGARI ba="2,2" hai="8,9,10,59,60,61,63,66,74,78,82,85,88,93" machi="66" ten="40,5200,0" yaku="1,1,52,1,54,1,53,0" doraHai="91" doraHaiUra="70" who="3" fromWho="0" sc="225,-58,235,0,265,0,255,78" /><INIT seed="2,0,0,1,3,11" ten="167,235,265,333" oya="2" hai0="83,19,111,115,8,43,81,1,74,25,132,52,2" hai1="88,98,30,85,47,50,107,39,87,55,62,35,37" hai2="86,46,53,126,124,109,26,44,34,92,94,48,79" hai3="9,27,114,133,40,56,90,101,100,80,131,28,73"/><V29/><F46/><W0/><G131/><T64/><D115/><U24/><E62/><V106/><F106/><W78/><G114/><T49/><D111/><U71/><E71/><V23/><F109/><W91/><G133/><T116/><D132/><U6/><E6/><V110/><F110/><W38/><G56/><T89/><D116/><U121/><E121/><V135/><F135/><W127/><G127/><N who="2" m="48681" /><F34/><W51/><G51/><T103/><D43/><U33/><E33/><V95/><F79/><W3/><G3/><T112/><D112/><U15/><E15/><V123/><F123/><W57/><G57/><T99/><D64/><U10/><E10/><V31/><F31/><W134/><G134/><T96/><D81/><U93/><REACH who="1" step="1"/><E107/><REACH who="1" ten="167,225,265,333" step="2"/><V60/><F60/><W18/><G9/><T72/><D1/><U97/><E97/><V108/><F108/><W130/><G0/><T13/><D2/><U4/><E4/><V17/><F29/><W125/><G125/><T14/><D14/><U122/><E122/><V58/><F58/><W5/><G28/><T16/><D96/><U113/><E113/><V54/><F54/><W65/><G65/><T7/><D7/><U129/><E129/><V45/><F44/><N who="3" m="23575" /><G5/><T102/><D19/><U66/><E66/><V59/><F45/><W77/><G130/><T12/><D12/><U68/><E68/><V41/><F41/><W67/><G67/><T70/><D70/><U118/><E118/><V63/><F63/><W84/><G18/><T22/><D16/><U120/><E120/><V20/><F20/><W32/><G32/><RYUUKYOKU ba="0,1" sc="167,-15,225,15,265,15,333,-15" hai1="24,30,35,37,39,47,50,55,85,87,88,93,98" hai2="17,23,26,48,53,59,86,92,94,95" /><INIT seed="2,1,1,1,5,133" ten="152,240,280,318" oya="2" hai0="18,28,91,2,85,104,88,75,123,45,90,100,69" hai1="72,32,52,35,126,10,110,7,26,122,23,13,129" hai2="5,64,31,15,3,80,46,54,113,106,14,58,107" hai3="86,93,95,42,92,47,116,118,17,121,39,68,114"/><V96/><F113/><W94/><G121/><T112/><D123/><U59/><E72/><V66/><F3/><W51/><G114/><T0/><D112/><U109/><E122/><V125/><F125/><W19/><G68/><T44/><D75/><U6/><E129/><V9/><F31/><W4/><G4/><T102/><D69/><U11/><E126/><V97/><F46/><W38/><G17/><T82/><D28/><U40/><E40/><V57/><F80/><W87/><G19/><T63/><D63/><U34/><E52/><V56/><F54/><W130/><G130/><T89/><D18/><N who="1" m="12663" /><E59/><V22/><F22/><W79/><N who="3" m="23552" /><DORA hai="16" /><W120/><G120/><T103/><REACH who="0" step="1"/><D104/><REACH who="0" ten="142,240,280,318" step="2"/><U115/><E115/><V41/><F107/><W108/><G108/><N who="1" m="41578" /><E34/><V25/><F106/><W131/><G131/><T49/><D49/><U98/><E98/><V20/><F97/><W53/><G38/><T12/><D12/><AGARI ba="1,2" hai="6,7,10,11,12,13,32,35" m="41578,12663" machi="12" ten="30,7700,0" yaku="14,1,34,2,52,1" doraHai="133,16" who="1" fromWho="0" sc="142,-80,240,100,280,0,318,0" /><INIT seed="3,0,0,0,2,89" ten="62,340,280,318" oya="3" hai0="68,17,82,93,55,124,112,19,37,44,0,5,130" hai1="113,33,131,47,81,27,34,20,2,73,72,16,71" hai2="3,84,119,22,77,36,26,80,50,62,86,90,52" hai3="58,8,54,61,66,108,24,59,110,87,118,107,128"/><W29/><G118/><T41/><D130/><U99/><E113/><V115/><F119/><W106/><G128/><T56/><D112/><U111/><E131/><V75/><F115/><W30/><G8/><T15/><D124/><U31/><E71/><V11/><F36/><W40/><G40/><T1/><D68/><U45/><E2/><V79/><F75/><W76/><G87/><T6/><D82/><U96/><E111/><N who="3" m="42538" /><G76/><T122/><D122/><U123/><E123/><V9/><F62/><N who="3" m="38231" /><G29/><T39/><D39/><U102/><E72/><V23/><F3/><W127/><G127/><T4/><D0/><U121/><E121/><V60/><F60/><W104/><G106/><T134/><D1/><U116/><E116/><V32/><F32/><AGARI ba="0,0" hai="24,30,32,54,59,61,104,107" m="38231,42538" machi="32" ten="30,2900,0" yaku="14,1,10,1" doraHai="89" who="3" fromWho="2" sc="62,0,340,0,280,-29,318,29" owari="62,-43.8,340,14.0,251,-14.9,347,44.7" /></mjloggm>