<mjloggm ver="2.3"><GO type="225" lobby="0"/><UN n0="%E7%B4%94%E6%BD%94%E3%83%94%E3%83%A9%E3%83%8B%E3%82%A2" n1="%6D%75%75%6D%75%72%61" n2="%E5%B8%86%E7%AB%8B%E5%A4%8F%E8%A1%A3" n3="%E8%81%B7%E6%A5%AD%E3%80%81%E9%A2%A8%32" dan="16,16,16,16" rate="2152.01,2147.66,2065.98,2138.89" sx="M,F,M,M"/><TAIKYOKU oya="0"/><INIT seed="0,0,0,5,5,31" ten="250,250,250,250" oya="0" hai0="134,91,129,130,1,62,101,81,135,131,7,5,56" hai1="119,92,6,97,2,86,85,90,43,83,67,111,74" hai2="46,0,57,115,84,49,133,50,26,80,116,34,110" hai3="47,118,53,63,60,112,105,54,58,12,76,4,98"/><T40/><D101/><U117/><E43/><V89/><F115/><W13/><G112/><T68/><D68/><U79/><E67/><V109/><F0/><W104/><G118/><N who="1" m="45066" /><E6/><N who="0" m="2057" /><D40/><U94/><E2/><V8/><F116/><W3/><G3/><T23/><D23/><U123/><E123/><V59/><F8/><W69/><G76/><T42/><D42/><U95/><E111/><N who="2" m="42507" /><F133/><N who="0" m="50698" /><D1/><U132/><E132/><V38/><F38/><W73/><G73/><T39/><D39/><U52/><E52/><N who="2" m="29751" /><F50/><W70/><G4/><T36/><D36/><U33/><E33/><V113/><F113/><W18/><G98/><T41/><D41/><U77/><E77/><V65/><F65/><W32/><G32/><T55/><D81/><U64/><E64/><V114/><F114/><W10/><G10/><T78/><D91/><U72/><E72/><V48/><F48/><W16/><REACH who="3" step="1"/><G58/><REACH who="3" ten="250,250,250,240" step="2"/><T107/><D78/><U28/><E74/><V66/><F66/><W120/><G120/><T35/><D107/><U128/><E97/><V25/><F34/><AGARI ba="0,1" hai="34,35,55,56,62,129,130,131" m="50698,2057" machi="34" ten="40,12000,1" yaku="19,1,20,1,52,2" doraHai="31" who="0" fromWho="2" sc="250,130,250,0,250,-120,240,0" /><INIT seed="0,1,0,1,5,63" ten="380,250,130,240" oya="0" hai0="12,88,36,76,53,79,73,40,5,128,22,74,3" hai1="31,43,104,42,112,77,96,100,46,14,30,56,69" hai2="15,13,2,84,0,47,131,44,83,97,122,72,118" hai3="25,37,117,55,101,21,103,105,75,9,80,94,64"/><T111/><D128/><U33/><E69/><V109/><F118/><W49/><G37/><T41/><D3/><U6/><E112/><V7/><F131/><W119/><G105/><T65/><D53/><U8/><E77/><V39/><F109/><W24/><G9/><T81/><D111/><U60/><E33/><V26/><F122/><W67/><G75/><T4/><D88/><U134/><E134/><V34/><F97/><N who="3" m="59575" /><G117/><T68/><D68/><U129/><E129/><V93/><F93/><W54/><G119/><T18/><D65/><N who="3" m="25161" /><G103/><T59/><D59/><U116/><E116/><V10/><F0/><W115/><G115/><T120/><D120/><U48/><E42/><V16/><F39/><W108/><G108/><T126/><D36/><U132/><E132/><V102/><F102/><W57/><G80/><T87/><D81/><U32/><E32/><V92/><F92/><W70/><G70/><T61/><D73/><U66/><AGARI ba="1,0" hai="6,8,14,30,31,43,46,48,56,60,66,96,100,104" machi="66" ten="20,2700,0" yaku="0,1,7,1,52,1" doraHai="63" who="1" fromWho="1" sc="380,-14,250,30,130,-8,240,-8" /><INIT seed="1,0,0,5,4,69" ten="366,280,122,232" oya="1" hai0="41,106,52,103,15,50,86,11,42,81,55,17,4" hai1="71,97,62,56,7,16,116,102,109,105,112,121,35" hai2="84,75,67,51,131,23,83,57,111,124,20,104,3" hai3="29,48,128,132,1,87,5,72,70,27,78,53,9"/><U74/><E112/><V2/><F124/><W92/><G128/><T79/><D106/><U34/><E116/><V58/><F131/><W134/><G70/><T123/><D123/><U0/><E121/><V120/><F104/><W13/><G72/><T47/><D103/><U59/><E71/><V76/><F120/><W44/><G78/><T18/><D42/><U64/><E74/><V14/><F75/><W85/><G1/><T129/><D129/><U101/><E101/><V30/><F111/><W88/><REACH who="3" step="1"/><G87/><REACH who="3" ten="366,280,122,222" step="2"/><T110/><D110/><U126/><E109/><V60/><F3/><W90/><G90/><T39/><D55/><U114/><E114/><V12/><F2/><W45/><G45/><AGARI ba="0,1" hai="4,11,15,17,18,39,41,45,47,50,52,79,81,86" machi="45" ten="30,3900,0" yaku="7,1,52,1,54,1" doraHai="69" who="0" fromWho="3" sc="366,49,280,0,122,0,222,-39" /><INIT seed="2,0,0,2,5,123" ten="415,280,122,183" oya="2" hai0="78,30,57,103,46,64,32,29,36,37,86,84,38" hai1="83,15,6,74,98,99,41,71,39,80,20,135,67" hai2="49,82,7,42,55,58,81,126,33,104,26,12,121" hai3="11,51,17,50,109,128,134,56,120,9,22,61,108"/><V119/><F121/><W116/><G128/><T2/><D2/><U45/><E135/><V23/><F119/><W68/><G116/><T102/><D46/><U25/><E71/><V131/><F131/><W113/><G68/><T118/><D118/><U19/><E67/><V62/><F104/><W52/><G120/><T100/><D78/><U69/><E69/><V48/><F126/><W110/><G134/><T53/><D64/><U16/><E6/><V8/><F33/><W92/><G92/><T10/><D10/><N who="3" m="3593" /><G113/><T4/><D4/><U97/><REACH who="1" step="1"/><E74/><REACH who="1" ten="415,270,122,183" step="2"/><V65/><F42/><W112/><G112/><T89/><D32/><U63/><E63/><V0/><F0/><W91/><G91/><T70/><D70/><U31/><E31/><V79/><F79/><W117/><G117/><T18/><D89/><U87/><E87/><V66/><F66/><W95/><G95/><T101/><D101/><U93/><E93/><V72/><F72/><W44/><G44/><T27/><D86/><U73/><E73/><V90/><F90/><W24/><AGARI ba="0,1" hai="17,22,24,50,51,52,56,61,108,109,110" m="3593" machi="24" ten="40,8000,1" yaku="14,1,52,3,54,1" doraHai="123" who="3" fromWho="3" sc="415,-20,270,-20,122,-40,183,90" /><INIT seed="3,0,0,3,1,60" ten="395,250,82,273" oya="3" hai0="13,48,0,122,124,119,98,75,37,34,114,23,9" hai1="113,67,41,86,80,85,111,17,49,51,20,29,107" hai2="57,84,53,90,120,92,88,22,61,97,130,117,121" hai3="70,54,79,101,10,95,45,66,46,128,32,71,68"/><W21/><G128/><T8/><D8/><U39/><E113/><V38/><F130/><W105/><G32/><T25/><D48/><U89/><E107/><V40/><F117/><W62/><G105/><T2/><D98/><U44/><E111/><V63/><F121/><W19/><G79/><T58/><D58/><U26/><E39/><V91/><F120/><W6/><G95/><T64/><D23/><U15/><E85/><V76/><F38/><W18/><G101/><T12/><D12/><U52/><E67/><V106/><F106/><W65/><G54/><T78/><D64/><U69/><E69/><V87/><F40/><W103/><G103/><T47/><D13/><U127/><E127/><V126/><F126/><W30/><G30/><T11/><D11/><U129/><E129/><V99/><F76/><W94/><G94/><T135/><D78/><U115/><E115/><V4/><F4/><W50/><G62/><T43/><D43/><U16/><E15/><V59/><F22/><W5/><G68/><T81/><D81/><U24/><E24/><V56/><F56/><AGARI ba="0,0" hai="16,17,20,26,29,41,44,49,51,52,56,80,86,89" machi="56" ten="30,7700,0" yaku="7,1,8,1,54,2" doraHai="60" who="1" fromWho="2" sc="395,0,250,77,82,-77,273,0" owari="395,49.5,327,12.7,5,-49.5,273,-12.7" /></mjloggm>