<mjloggm ver="2.3"><GO type="225" lobby="0"/><UN n0="%E6%97%A5%E6%9B%9C%E6%97%A5%E3%82%88%E3%82%8A%E3%81%AE%E4%BD%BF%E8%80%85" n1="%72%65%6E%6B%75%6E" n2="%74%61%6B%65%2D%79%6F%75" n3="%74%61%6B%75%61%6B%61" dan="17,17,17,16" rate="2152.64,2318.59,2144.51,2172.38" sx="M,M,M,M"/><TAIKYOKU oya="0"/><INIT seed="0,0,0,4,0,71" ten="250,250,250,250" oya="0" hai0="135,97,47,43,11,64,129,14,33,7,95,4,121" hai1="103,29,92,63,5,60,3,108,133,112,80,38,0" hai2="12,30,17,89,87,62,28,107,73,110,24,65,27" hai3="78,20,31,127,48,117,128,44,84,132,23,57,22"/><T54/><D121/><U79/><E29/><V88/><F73/><W35/><G117/><T106/><D33/><U96/><E108/><V59/><F107/><W67/><G127/><T91/><D129/><U100/><E133/><V75/><F75/><W134/><G128/><T50/><D135/><N who="3" m="51753" /><G35/><T25/><D106/><U83/><E112/><V1/><F1/><W18/><G31/><N who="2" m="11817" /><F110/><W104/><G104/><T113/><D113/><U82/><E79/><V111/><F111/><W58/><G18/><T2/><D64/><U131/><E131/><V74/><F74/><W85/><G67/><T120/><D120/><U70/><E38/><V21/><F89/><W49/><G78/><T105/><D105/><U81/><N who="1" m="20480" /><DORA hai="116" /><U39/><E39/><V34/><F34/><W98/><G98/><T45/><D25/><U26/><E70/><V99/><F87/><N who="3" m="33355" /><G44/><T94/><D94/><AGARI ba="0,0" hai="12,17,21,24,27,59,62,65,88,94,99" m="11817" machi="94" ten="30,2000,0" yaku="8,1,54,1" doraHai="71,116" who="2" fromWho="0" sc="250,-20,250,0,250,20,250,0" /><INIT seed="1,0,0,3,0,25" ten="230,250,270,250" oya="1" hai0="114,53,65,42,66,1,117,126,111,32,29,134,102" hai1="39,75,115,76,116,5,82,120,106,37,110,19,101" hai2="93,67,47,40,78,131,91,22,113,23,24,79,45" hai3="14,125,83,2,90,124,44,56,50,18,112,72,89"/><U41/><E115/><V86/><F113/><W108/><G2/><T21/><D114/><U58/><E116/><V127/><F131/><W88/><G108/><T132/><D32/><U38/><E120/><V46/><F127/><N who="3" m="48715" /><G112/><T98/><D126/><U7/><E41/><V8/><F67/><W92/><G56/><T20/><D1/><U57/><E110/><V129/><F129/><W135/><G135/><N who="0" m="51755" /><D111/><U36/><N who="1" m="9216" /><DORA hai="81" /><U48/><E19/><V77/><F40/><N who="3" m="24839" /><G83/><T128/><D128/><U99/><REACH who="1" step="1"/><E48/><REACH who="1" ten="230,240,270,250" step="2"/><V17/><REACH who="2" step="1"/><F24/><REACH who="2" ten="230,240,260,250" step="2"/><W119/><G119/><T0/><D42/><U94/><E94/><V96/><F96/><N who="3" m="57351" /><G72/><T55/><D117/><U26/><E26/><V71/><F71/><W130/><G130/><T28/><D98/><U100/><E100/><V13/><AGARI ba="0,2" hai="8,13,17,22,23,45,46,47,77,78,79,86,91,93" machi="13" ten="40,12000,2" yaku="1,1,0,1,8,1,52,1,53,3" doraHai="25,81" doraHaiUra="34,43" who="2" fromWho="2" sc="230,-30,240,-60,260,140,250,-30" /><INIT seed="2,0,0,3,4,78" ten="200,180,400,220" oya="2" hai0="106,33,56,6,53,61,77,96,123,49,131,97,0" hai1="12,102,128,70,66,39,89,9,22,80,51,68,113" hai2="7,1,48,108,101,115,45,25,76,31,20,100,116" hai3="107,65,133,35,129,41,84,110,4,30,16,81,64"/><V15/><F116/><W134/><G107/><T122/><D33/><U82/><E113/><V14/><F115/><W32/><G110/><T18/><D131/><U79/><E39/><V124/><F108/><W55/><G129/><T59/><D77/><U85/><E128/><V74/><F124/><W95/><G4/><T130/><D130/><U93/><E22/><V98/><F1/><W21/><G41/><T62/><D6/><U52/><E102/><V75/><F100/><W112/><G95/><T13/><D0/><U120/><E120/><V43/><F7/><W40/><G40/><T37/><D37/><U19/><E66/><N who="3" m="25706" /><G30/><T44/><D106/><U125/><E125/><V27/><F31/><W57/><G112/><T90/><D44/><N who="1" m="27751" /><E93/><V87/><F75/><AGARI ba="0,0" hai="9,12,19,68,70,75,79,80,82,85,89" m="27751" machi="75" ten="30,7700,0" yaku="25,1,52,2,54,1" doraHai="78" who="1" fromWho="2" sc="200,0,180,77,400,-77,220,0" /><INIT seed="3,0,0,3,5,94" ten="200,257,323,220" oya="3" hai0="58,74,80,118,76,60,87,85,6,42,23,135,107" hai1="93,104,8,25,78,120,33,46,122,75,108,37,72" hai2="47,5,71,53,7,88,27,79,89,59,81,132,22" hai3="28,99,49,67,124,30,64,116,111,77,70,4,66"/><W38/><G116/><T34/><D118/><U3/><E93/><V43/><F71/><W61/><G38/><T14/><D34/><U31/><E108/><V127/><F132/><W112/><G112/><T119/><D119/><U126/><E104/><V82/><F127/><W125/><G4/><N who="2" m="1609" /><F47/><W9/><G9/><T45/><D107/><U41/><E8/><V69/><F43/><W73/><G111/><T44/><D135/><U19/><E19/><N who="2" m="12767" /><F69/><W68/><G49/><N who="0" m="26775" /><D74/><N who="1" m="28203" /><E78/><V11/><F11/><W133/><G133/><T51/><D87/><U115/><E126/><N who="3" m="48746" /><G73/><T10/><D23/><U102/><E102/><V2/><F2/><W39/><G39/><T26/><D26/><U131/><E131/><V90/><F79/><W15/><G77/><T130/><D130/><U134/><E134/><V117/><F117/><W113/><G113/><T92/><D92/><U84/><E84/><V0/><F0/><W35/><G15/><T98/><D98/><U100/><E3/><V40/><F40/><W95/><G68/><T52/><D45/><U109/><E109/><V86/><F86/><W121/><G121/><N who="1" m="46698" /><E115/><V128/><F128/><W36/><G36/><T32/><D32/><U56/><E56/><V129/><F129/><W13/><G13/><T50/><AGARI ba="0,0" hai="6,10,14,50,51,52,58,60,76,80,85" m="26775" machi="50" ten="30,4000,0" yaku="25,1,8,1,54,1" doraHai="94" who="0" fromWho="0" sc="200,40,257,-10,323,-10,220,-20" owari="240,-16.0,247,4.7,313,41.3,200,-30.0" /></mjloggm>