<mjloggm ver="2.3"><GO type="225" lobby="0"/><UN n0="%E3%83%AB%E3%83%9B%E3%83%B3%E3%83%87%E3%82%A3%E3%82%A8" n1="%E6%9D%B1%E9%A2%A8%E3%81%AE%E3%81%8D%E3%82%83%E3%81%B7%E3%81%95%E3%82%93" n2="%E5%8D%A0%E3%81%84%E5%B8%AB%E8%A3%8F%E3%81%AA%E3%81%84%E3%81%97" n3="%E4%BA%95%E5%B8%AF" dan="17,17,16,16" rate="2183.75,2251.58,2165.77,2063.65" sx="M,M,M,M"/><TAIKYOKU oya="0"/><INIT seed="0,0,0,0,5,83" ten="250,250,250,250" oya="0" hai0="61,14,2,73,119,59,62,49,118,57,74,60,97" hai1="99,105,13,112,64,95,42,20,134,81,50,19,48" hai2="34,135,9,26,102,54,113,15,78,55,132,117,43" hai3="133,101,108,67,6,130,40,131,79,72,53,128,75"/><T39/><D2/><U94/><E105/><V115/><F117/><W89/><G108/><T10/><D73/><U92/><E64/><V125/><F43/><W123/><G67/><T82/><D39/><U87/><E134/><N who="2" m="51243" /><F125/><W41/><G133/><T121/><D121/><U37/><E112/><N who="2" m="43083" /><F102/><W88/><G101/><T32/><D32/><U103/><E37/><V3/><F3/><W58/><G6/><T96/><D118/><U66/><E66/><V11/><F78/><W65/><G123/><T127/><D127/><U84/><E42/><N who="3" m="16490" /><G79/><T124/><D124/><U38/><E38/><V21/><F34/><W24/><G65/><T52/><D119/><U110/><E110/><V116/><F116/><W12/><G75/><T104/><D104/><U28/><E28/><N who="2" m="17487" /><F9/><W129/><G72/><T98/><D74/><U8/><E8/><V120/><F120/><W122/><G130/><T106/><D106/><U17/><E17/><AGARI ba="0,0" hai="11,15,17,54,55" m="17487,43083,51243" machi="17" ten="30,1000,0" yaku="20,1" doraHai="83" who="2" fromWho="1" sc="250,0,250,-10,250,10,250,0" /><INIT seed="1,0,0,3,1,55" ten="250,240,260,250" oya="1" hai0="131,4,0,41,100,127,14,72,6,75,28,54,19" hai1="61,105,116,102,128,7,9,57,97,118,13,62,79" hai2="85,114,29,73,124,108,2,15,90,77,63,69,123" hai3="121,17,20,122,60,22,58,30,59,34,10,109,56"/><U8/><E128/><V92/><F123/><W74/><G74/><T113/><D113/><U43/><E43/><V130/><F2/><W86/><G109/><T45/><D100/><U78/><E61/><V50/><F108/><W70/><G10/><T126/><D72/><U23/><E23/><V91/><F124/><N who="0" m="47658" /><D75/><U76/><REACH who="1" step="1"/><E9/><REACH who="1" ten="250,230,260,250" step="2"/><V120/><F63/><W129/><G129/><T51/><D131/><U52/><AGARI ba="0,1" hai="7,8,13,52,57,62,76,78,79,97,102,105,116,118" machi="52" ten="30,12000,1" yaku="1,1,2,1,0,1,52,1,54,1,53,0" doraHai="55" doraHaiUra="31" who="1" fromWho="1" sc="250,-40,230,130,260,-40,250,-40" /><INIT seed="1,1,0,0,5,2" ten="210,360,220,210" oya="1" hai0="102,30,50,71,113,7,97,62,73,57,93,1,41" hai1="45,121,109,20,0,37,16,123,87,64,9,66,6" hai2="12,103,68,4,120,60,114,128,32,78,56,39,38" hai3="55,96,82,101,26,13,95,99,74,112,122,47,98"/><U19/><E19/><V29/><F120/><W18/><G122/><T86/><D73/><U75/><E87/><V106/><F128/><W52/><G112/><T69/><D113/><U117/><E117/><V107/><F114/><W36/><G26/><T24/><D86/><U92/><E92/><V126/><F78/><W22/><G74/><T81/><D81/><U80/><E109/><V76/><F76/><W70/><G70/><T100/><D100/><U31/><E31/><V34/><F126/><W116/><G116/><T53/><D41/><N who="1" m="22703" /><E123/><V63/><F68/><W11/><G82/><T43/><D43/><U58/><E58/><V25/><F56/><W127/><G127/><T72/><D72/><U91/><E91/><V83/><F83/><W132/><G99/><T105/><D105/><U125/><E125/><V84/><F84/><W89/><G22/><T23/><D50/><U79/><E121/><V28/><F25/><AGARI ba="1,0" hai="0,6,9,16,20,25,64,66,75,79,80" m="22703" machi="25" ten="30,5800,0" yaku="25,1,52,1,54,1" doraHai="2" who="1" fromWho="2" sc="210,0,360,61,220,-61,210,0" /><INIT seed="1,2,0,5,2,108" ten="210,421,159,210" oya="1" hai0="119,68,121,128,124,89,118,79,65,94,92,91,55" hai1="10,106,16,7,5,63,107,15,85,75,40,56,99" hai2="2,123,64,60,120,87,25,77,96,41,114,67,46" hai3="115,110,126,51,58,135,13,88,62,81,134,18,21"/><U14/><E75/><V20/><F2/><W0/><G0/><T82/><D68/><U131/><E131/><V47/><F64/><W37/><G37/><T74/><D55/><U27/><E40/><V36/><F47/><W117/><G110/><T6/><D6/><U33/><E85/><V71/><F114/><W26/><G51/><T17/><D17/><U109/><E109/><V54/><F96/><W9/><G126/><T39/><D65/><U97/><E107/><V19/><F77/><W69/><G69/><T101/><D39/><U86/><E86/><V93/><F87/><N who="3" m="50287" /><G117/><T35/><D35/><U43/><E43/><V32/><F93/><W52/><G115/><T72/><D121/><U34/><E34/><V102/><F102/><W95/><G95/><T133/><D133/><N who="3" m="50697" /><G26/><T24/><D24/><U30/><E106/><V103/><F103/><W38/><G38/><T66/><D128/><U42/><E42/><V59/><REACH who="2" step="1"/><F32/><REACH who="2" ten="210,421,149,210" step="2"/><W122/><G122/><T53/><D101/><U1/><E1/><V28/><F28/><W29/><G29/><T57/><D119/><U22/><REACH who="1" step="1"/><E5/><REACH who="1" ten="210,411,149,210" step="2"/><V80/><F80/><W104/><G104/><T116/><D82/><U12/><E12/><V132/><F132/><W111/><G111/><T70/><D116/><U3/><E3/><V23/><F23/><AGARI ba="2,2" hai="9,13,18,21,23,52,58,62" m="50697,50287" machi="23" ten="30,3900,0" yaku="20,1,54,2" doraHai="108" who="3" fromWho="2" sc="210,0,411,0,149,-45,210,65" /><INIT seed="2,0,0,0,0,22" ten="210,411,104,275" oya="2" hai0="7,62,79,70,15,133,115,94,93,2,14,113,31" hai1="38,64,101,78,122,18,49,88,39,117,71,103,89" hai2="77,37,106,8,131,111,126,24,43,127,55,32,23" hai3="73,34,100,46,72,116,104,42,110,13,58,4,120"/><V99/><F32/><W112/><G120/><T45/><D70/><U59/><E78/><V119/><F119/><W129/><G34/><T40/><D62/><U16/><E71/><V109/><F77/><W81/><G81/><T92/><D133/><U96/><E49/><V75/><F75/><W48/><G58/><T60/><D60/><U135/><E59/><V65/><F65/><W25/><G100/><T125/><D125/><N who="2" m="47626" /><F131/><W9/><G104/><T80/><D31/><U69/><E64/><V30/><F55/><W91/><G42/><T41/><D15/><U102/><E69/><V10/><F43/><W132/><G73/><N who="0" m="43119" /><D14/><U108/><E96/><V67/><F37/><W56/><G72/><T90/><D90/><U52/><E52/><V66/><F66/><W82/><G91/><T130/><D41/><U36/><E117/><V121/><F121/><W47/><G116/><T0/><D0/><U20/><E122/><V6/><F67/><W76/><G76/><T74/><D74/><U124/><E124/><V44/><F44/><W97/><G47/><T35/><D35/><U50/><E38/><V98/><F8/><W1/><G9/><N who="0" m="2295" /><D130/><U95/><E39/><AGARI ba="0,0" hai="39,40,45,92,93,94,113,115" m="2295,43119" machi="39" ten="30,1000,0" yaku="25,1" doraHai="22" who="0" fromWho="1" sc="210,10,411,-10,104,0,275,0" /><INIT seed="3,0,0,5,5,109" ten="220,401,104,275" oya="3" hai0="135,51,25,58,78,114,53,61,119,124,16,18,33" hai1="56,93,49,11,1,15,62,81,73,90,95,28,23" hai2="108,125,70,37,83,41,92,19,35,22,77,69,120" hai3="27,5,36,21,107,17,126,118,6,75,76,45,113"/><W3/><G107/><T72/><D119/><U29/><E1/><V115/><F108/><W32/><G118/><T31/><D124/><U132/><E132/><V9/><F35/><W99/><G99/><T98/><D135/><U64/><E73/><V80/><F125/><W39/><G39/><T116/><D116/><U85/><E49/><V86/><F120/><W123/><G123/><T0/><D0/><U110/><E110/><V84/><F9/><W71/><G71/><T40/><D72/><U68/><E68/><V94/><F37/><W101/><G101/><T128/><D78/><U134/><E134/><V97/><F41/><W102/><G102/><T89/><D128/><U106/><E106/><V79/><F97/><W74/><G74/><T48/><D114/><U13/><E13/><V46/><F46/><W117/><G32/><T47/><D89/><U111/><E111/><V52/><F52/><W44/><G44/><T66/><D98/><U103/><E103/><V88/><F88/><W130/><G45/><AGARI ba="0,0" hai="16,18,25,31,33,40,45,47,48,51,53,58,61,66" machi="45" ten="30,2000,0" yaku="7,1,54,1" doraHai="109" who="0" fromWho="3" sc="220,20,401,0,104,0,275,-20" owari="240,-16.0,401,50.1,104,-39.6,255,5.5" /></mjloggm>