<mjloggm ver="2.3"><GO type="225" lobby="0"/><UN n0="%E7%89%B9%E6%9D%B1%E3%81%AF%E4%B8%96%E7%95%8C%E3%82%92%E6%95%91%E3%81%86" n1="%E3%81%B5%E3%81%98%E3%81%8B%E3%81%A4" n2="%E3%81%AA%E3%82%81%E3%81%93%E9%9B%80%E5%A3%AB" n3="%77%72%77%72%77%72%77%72" dan="16,16,16,17" rate="2164.13,2165.57,2093.99,2195.75" sx="M,M,M,M"/><TAIKYOKU oya="0"/><INIT seed="0,0,0,5,0,54" ten="250,250,250,250" oya="0" hai0="90,11,65,52,14,121,122,38,44,76,18,108,21" hai1="110,10,8,47,33,15,6,82,135,51,81,41,35" hai2="75,105,93,62,53,12,126,78,83,56,109,95,39" hai3="102,89,36,87,49,117,43,96,55,116,71,123,25"/><T4/><D108/><U112/><E110/><V3/><F3/><W0/><G0/><T119/><D119/><U118/><E118/><V74/><F74/><W106/><G71/><T69/><D76/><U77/><E135/><V61/><F109/><W34/><G123/><T100/><D100/><U133/><E133/><V24/><F39/><W97/><G97/><T63/><D90/><U131/><E131/><V16/><F105/><W45/><G25/><T129/><D129/><U28/><E112/><V5/><F126/><W30/><G30/><T48/><REACH who="0" step="1"/><D38/><REACH who="0" ten="240,250,250,250" step="2"/><U86/><E82/><V59/><F24/><AGARI ba="0,1" hai="4,11,14,18,21,24,44,48,52,63,65,69,121,122" machi="24" ten="30,11600,0" yaku="1,1,2,1,7,1,54,1,53,0" doraHai="54" doraHaiUra="70" who="0" fromWho="2" sc="240,126,250,0,250,-116,250,0" /><INIT seed="0,1,0,3,4,90" ten="366,250,134,250" oya="0" hai0="58,85,76,121,66,128,75,91,46,64,74,25,68" hai1="70,95,26,134,0,9,119,84,40,120,50,7,8" hai2="31,69,59,16,87,54,83,22,108,24,21,117,102" hai3="29,35,19,106,129,112,79,103,89,15,10,51,57"/><T56/><D121/><U48/><E120/><V47/><F69/><W11/><G112/><T30/><D68/><U133/><E119/><V38/><F108/><W2/><G129/><T92/><D128/><U127/><E70/><V42/><F117/><W60/><G79/><T94/><D46/><U45/><E127/><V65/><F65/><W6/><G51/><T77/><D91/><N who="1" m="53735" /><E26/><V63/><F102/><W116/><G116/><T135/><D25/><U17/><E9/><V123/><F123/><W97/><G89/><T82/><D85/><U20/><E20/><V27/><F38/><W39/><G39/><T53/><D53/><U96/><E96/><V104/><F47/><W14/><G2/><T86/><D86/><U130/><E130/><V28/><F104/><W122/><G122/><T126/><D82/><U44/><E17/><V71/><F71/><W5/><G29/><T18/><D18/><U43/><E134/><V23/><F42/><W73/><G73/><T80/><D80/><U93/><E93/><V81/><F87/><W125/><G35/><T37/><D37/><U61/><E61/><V62/><F63/><W109/><G125/><T110/><D30/><U98/><E98/><V55/><F54/><N who="3" m="33847" /><G19/><T32/><D126/><U67/><E67/><V115/><F115/><W34/><G34/><T124/><D124/><U41/><E41/><V132/><F132/><W3/><G3/><T88/><D32/><U36/><E36/><V101/><F101/><W105/><G105/><T114/><D114/><U52/><E133/><V49/><F49/><W118/><G118/><RYUUKYOKU ba="1,0" sc="366,-30,250,10,134,10,250,10" hai1="0,7,8,40,43,44,45,48,50,52" hai2="16,21,22,23,24,27,28,31,55,59,62,81,83" hai3="5,6,10,11,14,15,97,103,106,109" /><INIT seed="1,2,0,2,5,46" ten="336,260,144,260" oya="1" hai0="129,34,93,125,18,8,60,32,111,6,73,114,27" hai1="45,54,84,56,14,76,23,87,29,35,43,120,42" hai2="66,41,102,119,115,97,122,105,61,4,25,30,2" hai3="107,99,128,65,113,11,78,68,98,75,19,0,72"/><U126/><E120/><V90/><F122/><W74/><G113/><T118/><D73/><U92/><E126/><V59/><F115/><W58/><G58/><T3/><D114/><U86/><E35/><V134/><F134/><W83/><G19/><T103/><D118/><U80/><E92/><V77/><F119/><W15/><G15/><T55/><D111/><U48/><E42/><V104/><F41/><W95/><G95/><T70/><D129/><U28/><E14/><V13/><F77/><W79/><G79/><T53/><D53/><U121/><E121/><V9/><F90/><W31/><G99/><T116/><D125/><U101/><E101/><V37/><F37/><W39/><G31/><N who="1" m="11850" /><E23/><V26/><F25/><W36/><G128/><T40/><D34/><U130/><E130/><V52/><F13/><W131/><G131/><T94/><D94/><U62/><AGARI ba="2,0" hai="43,45,48,54,56,62,76,80,84,86,87" m="11850" machi="62" ten="30,3000,0" yaku="8,1,52,1" doraHai="46" who="1" fromWho="1" sc="336,-12,260,36,144,-12,260,-12" /><INIT seed="1,3,0,0,1,122" ten="324,296,132,248" oya="1" hai0="27,16,81,98,67,2,116,31,6,112,132,64,118" hai1="73,88,14,55,128,113,92,61,117,123,35,93,75" hai2="74,69,26,51,76,127,39,63,77,83,126,85,12" hai3="114,105,48,41,25,20,33,5,107,84,59,23,22"/><U119/><E123/><V102/><F39/><W8/><G114/><T87/><D112/><U106/><E35/><V49/><F102/><W120/><G120/><T9/><D132/><U19/><E106/><V40/><F26/><W104/><G33/><T91/><D98/><U58/><E93/><V72/><F12/><W131/><G131/><T71/><D16/><U89/><E113/><V133/><F133/><W70/><G70/><T97/><D97/><U34/><E34/><V121/><F121/><W7/><G84/><T29/><D29/><U65/><E89/><V10/><F10/><W86/><G86/><T115/><D115/><U38/><E38/><V54/><F40/><W18/><G5/><T90/><D90/><U37/><E37/><V15/><F15/><W79/><G79/><T4/><D4/><U66/><E128/><V52/><F85/><W21/><G59/><T13/><D2/><U62/><E75/><V47/><F63/><W135/><G135/><T99/><D99/><N who="1" m="57735" /><E73/><V95/><F95/><W17/><G25/><T3/><D3/><U110/><E119/><V50/><F69/><W80/><G80/><T82/><D82/><U24/><E24/><V125/><F47/><W109/><G107/><T129/><D129/><U96/><E117/><N who="0" m="45161" /><D71/><N who="1" m="42415" /><E66/><V103/><F103/><W44/><G105/><T68/><D68/><U101/><E101/><V32/><F32/><W11/><G104/><T30/><D30/><U43/><E96/><V56/><F56/><W60/><G8/><T134/><D134/><U45/><E58/><V57/><F57/><W130/><G130/><RYUUKYOKU ba="3,0" sc="324,15,296,-15,132,15,248,-15" hai0="6,9,13,27,31,64,67,81,87,91" hai2="49,50,51,52,54,72,74,76,77,83,125,126,127" /><INIT seed="2,4,0,3,0,4" ten="339,281,147,233" oya="2" hai0="102,76,134,91,79,98,95,115,125,111,86,46,39" hai1="99,31,64,108,107,116,97,104,52,74,67,105,71" hai2="77,13,109,49,35,73,87,62,75,9,81,61,58" hai3="78,118,1,21,45,50,0,128,124,135,29,38,3"/><V10/><F35/><W132/><G118/><T129/><D39/><U63/><E116/><V72/><F109/><W126/><G38/><T44/><D115/><U56/><E74/><V14/><F49/><W27/><G78/><T42/><D111/><U123/><E108/><V106/><F106/><W18/><G50/><T101/><D129/><U5/><E5/><V53/><REACH who="2" step="1"/><F62/><REACH who="2" ten="339,281,137,233" step="2"/><W121/><G45/><T130/><D46/><U93/><E107/><V119/><F119/><W28/><G128/><T11/><D130/><U88/><E105/><V59/><F59/><W15/><G121/><T33/><D33/><U112/><E123/><V60/><F60/><W92/><G29/><T25/><D44/><U43/><E31/><V20/><F20/><N who="3" m="11359" /><G92/><T133/><D95/><N who="1" m="56551" /><E71/><V30/><F30/><W23/><G21/><T122/><D122/><U113/><E112/><V94/><F94/><W12/><G23/><T70/><D70/><U48/><E104/><V26/><F26/><W8/><G27/><T84/><D25/><U36/><E36/><V7/><F7/><N who="3" m="3103" /><G28/><T57/><D57/><U34/><E34/><V103/><F103/><W80/><G80/><T66/><D102/><N who="1" m="60783" /><E113/><V17/><F17/><W117/><G117/><T2/><D101/><U90/><E56/><V19/><F19/><W114/><G114/><T51/><D51/><U100/><E48/><V65/><F65/><W82/><G82/><T37/><D66/><N who="1" m="25131" /><E100/><V96/><F96/><W40/><G40/><T89/><D98/><U47/><E43/><V24/><F24/><W55/><G55/><T83/><D42/><RYUUKYOKU ba="4,1" sc="339,-15,281,-15,137,15,233,15" hai2="9,10,13,14,53,58,61,72,73,75,77,81,87" hai3="0,1,3,124,126,132,135" /><INIT seed="2,5,1,4,5,109" ten="324,266,152,248" oya="2" hai0="75,8,31,48,119,35,117,129,101,78,52,6,32" hai1="69,26,80,16,128,107,61,97,1,64,14,127,86" hai2="45,9,115,58,98,11,70,66,77,21,103,3,46" hai3="33,12,23,126,124,112,55,74,120,28,39,73,65"/><V133/><F70/><W68/><G120/><T62/><D129/><U89/><E128/><V20/><F133/><W104/><G104/><T96/><D62/><U37/><E37/><V87/><F3/><W10/><G39/><T82/><D31/><U0/><E127/><N who="3" m="48682" /><G33/><T81/><D82/><U44/><E26/><V7/><F115/><W56/><G65/><T22/><D22/><N who="2" m="8810" /><F7/><N who="3" m="3167" /><G68/><T113/><D113/><U17/><E17/><V60/><F9/><W76/><G76/><T121/><D121/><U67/><E67/><V135/><F135/><W24/><G112/><T47/><D35/><U15/><E69/><V93/><F11/><W71/><G71/><T94/><REACH who="0" step="1"/><D32/><REACH who="0" ten="314,266,152,248" step="2"/><U83/><E64/><V30/><F30/><W13/><G74/><T18/><D18/><U102/><E16/><V108/><F108/><W122/><G73/><T84/><D84/><U59/><E86/><V114/><F114/><W110/><G122/><T106/><D106/><U50/><E0/><AGARI ba="5,2" hai="0,6,8,47,48,52,75,78,81,94,96,101,117,119" machi="0" ten="40,5200,0" yaku="1,1,54,1,53,1" doraHai="109" doraHaiUra="49" who="0" fromWho="1" sc="314,87,266,-67,152,0,248,0" /><INIT seed="3,0,0,3,0,25" ten="401,199,152,248" oya="3" hai0="6,32,111,128,104,0,44,92,81,113,115,62,39" hai1="23,69,117,40,70,114,47,108,13,42,98,106,35" hai2="124,51,41,48,15,16,7,131,84,4,9,127,28" hai3="89,126,83,119,2,105,107,97,74,19,130,54,78"/><W109/><G2/><T24/><D104/><U88/><E117/><V112/><F112/><W71/><G71/><T18/><D111/><U100/><E114/><V12/><F131/><W52/><G119/><T21/><D32/><U5/><E35/><V123/><F123/><W67/><G67/><T80/><D80/><U30/><E108/><V82/><F7/><W45/><G109/><T87/><D128/><U75/><E75/><V8/><F28/><W96/><G126/><T43/><D92/><U135/><E42/><V57/><F57/><W66/><G66/><T95/><D95/><U99/><E23/><V118/><F118/><W14/><G96/><T20/><D20/><U56/><E30/><V72/><F72/><W46/><G89/><T93/><D93/><U102/><E88/><V90/><REACH who="2" step="1"/><F41/><REACH who="2" ten="401,199,142,248" step="2"/><W65/><G74/><T129/><D129/><U36/><E56/><V49/><AGARI ba="0,1" hai="4,8,9,12,15,16,48,49,51,82,84,90,124,127" machi="49" ten="30,12000,2" yaku="1,1,2,1,0,1,54,1,53,2" doraHai="25" doraHaiUra="10" who="2" fromWho="2" sc="401,-30,199,-30,142,130,248,-60" owari="371,47.1,169,-33.1,272,7.2,188,-21.2" /></mjloggm>