<mjloggm ver="2.3"><GO type="225" lobby="0"/><UN n0="%E3%81%8B%E3%82%8F%E3%81%A1%E3%82%83%E3%82%93%35%38" n1="%E3%81%95%E3%81%8D%E3%81%9F%E3%81%BE%E6%9E%97%E6%AA%8E" n2="%E9%B3%B3%E6%9D%B1%E3%81%AE%E3%81%86%E3%81%95%E3%81%8E%E3%81%95%E3%82%93" n3="%72%61%6B%33" dan="16,16,16,16" rate="2083.85,2133.24,2112.72,2196.59" sx="M,M,M,M"/><TAIKYOKU oya="0"/><INIT seed="0,0,0,2,2,115" ten="250,250,250,250" oya="0" hai0="118,63,71,0,57,55,116,15,6,42,127,29,70" hai1="83,121,33,109,13,96,79,120,126,99,81,43,89" hai2="66,9,122,34,93,58,47,11,1,86,103,28,133" hai3="113,94,26,18,24,106,45,4,74,123,60,61,135"/><T78/><D0/><U87/><E33/><V38/><F122/><N who="1" m="47209" /><E13/><V50/><F133/><W48/><G113/><T67/><D78/><U69/><E69/><N who="0" m="26121" /><D15/><U20/><E20/><V68/><F34/><W73/><G106/><T100/><D100/><U102/><E43/><N who="2" m="23031" /><F28/><W37/><G123/><T14/><D14/><U82/><E109/><V85/><F103/><W134/><G94/><T107/><D107/><N who="1" m="63943" /><E126/><V51/><F93/><AGARI ba="0,0" hai="79,81,82,83,87,89,93,99" m="63943,47209" machi="93" ten="30,2000,0" yaku="34,2" doraHai="115" who="1" fromWho="2" sc="250,0,250,20,250,-20,250,0" /><INIT seed="1,0,0,3,2,116" ten="250,270,230,250" oya="1" hai0="95,135,104,39,88,133,79,50,4,114,113,131,99" hai1="22,48,15,12,111,67,3,28,71,93,90,41,112" hai2="74,130,32,121,60,11,35,52,18,7,78,100,91" hai3="66,118,82,10,6,51,20,16,54,37,109,21,85"/><U56/><E112/><N who="0" m="43113" /><D39/><U63/><E3/><V134/><F100/><W58/><G109/><T101/><D4/><U30/><E111/><V1/><F121/><W106/><G118/><T46/><D50/><U84/><E71/><V119/><F119/><W2/><G37/><T70/><D46/><N who="1" m="25679" /><E15/><V124/><F130/><W8/><G106/><T61/><D61/><U115/><E115/><V87/><F134/><N who="0" m="51210" /><D70/><U45/><E45/><V77/><F124/><W69/><G69/><T103/><D131/><U31/><E12/><V19/><F74/><W5/><G66/><T55/><D55/><U97/><E97/><V17/><F32/><W128/><G128/><T62/><D62/><U43/><E43/><V132/><F35/><W89/><REACH who="3" step="1"/><G16/><REACH who="3" ten="250,270,230,240" step="2"/><T75/><D104/><U42/><E42/><V98/><F132/><W107/><G107/><T64/><D64/><U122/><E122/><V96/><F19/><W33/><G33/><T0/><D0/><AGARI ba="0,1" hai="0,2,5,6,8,10,20,21,51,54,58,82,85,89" machi="0" ten="30,3900,0" yaku="1,1,7,1,9,1,53,0" doraHai="116" doraHaiUra="94" who="3" fromWho="0" sc="250,-39,270,0,230,0,240,49" /><INIT seed="2,0,0,1,1,89" ten="211,270,230,289" oya="2" hai0="36,13,10,46,68,4,127,12,26,58,52,130,16" hai1="129,2,73,97,15,95,78,37,23,55,65,76,27" hai2="39,108,8,34,19,99,113,50,120,35,133,132,5" hai3="66,96,53,134,114,84,94,85,75,41,128,72,81"/><V86/><F39/><W17/><G66/><T106/><D68/><U105/><E105/><V92/><F113/><W56/><G41/><T54/><D106/><U3/><E37/><V63/><F120/><W40/><G40/><T101/><D130/><U135/><E135/><N who="2" m="51787" /><F50/><W24/><G134/><T104/><D127/><U123/><E129/><V57/><F86/><W7/><G7/><T122/><D122/><U32/><E32/><V121/><F19/><W117/><G85/><T48/><D26/><U59/><E65/><N who="2" m="39151" /><F121/><W18/><G117/><T21/><D36/><U124/><E124/><V20/><F20/><W49/><G114/><T29/><D29/><U1/><E73/><V109/><F34/><W107/><G128/><T25/><D25/><U116/><E116/><V74/><F74/><W47/><G72/><T126/><D126/><U98/><E123/><V33/><F35/><W67/><G75/><T88/><D88/><N who="1" m="55527" /><E98/><V100/><F33/><W111/><G96/><T70/><D70/><U42/><E42/><V6/><F6/><W44/><G84/><T38/><D104/><U112/><E112/><V71/><F71/><W60/><G107/><T62/><D38/><U28/><E78/><V87/><F87/><W90/><G81/><T30/><D30/><U82/><E76/><V9/><F5/><W22/><G44/><T80/><D80/><U64/><E82/><V102/><F102/><AGARI ba="0,0" hai="4,10,12,13,16,21,46,48,52,54,58,62,101,102" machi="102" ten="40,5200,0" yaku="8,1,54,2" doraHai="89" who="0" fromWho="2" sc="211,52,270,0,230,-52,289,0" /><INIT seed="3,0,0,0,5,61" ten="263,270,178,289" oya="3" hai0="104,17,20,115,135,132,120,10,25,91,54,88,64" hai1="97,0,2,49,84,75,69,80,102,98,58,128,7" hai2="11,14,65,106,111,94,125,41,3,110,105,114,60" hai3="38,96,5,30,79,90,57,81,13,28,127,31,67"/><W50/><G38/><T72/><D120/><U133/><E69/><V131/><F114/><W33/><G33/><T122/><D122/><U124/><E75/><V109/><F131/><W26/><G127/><T92/><D104/><U89/><E128/><V66/><F125/><W44/><G96/><T1/><D72/><U56/><E124/><V27/><F3/><W73/><G90/><T40/><D115/><U95/><E133/><N who="0" m="51273" /><D40/><U112/><E112/><V123/><F123/><W62/><G13/><T23/><D54/><U83/><E83/><V9/><F41/><W108/><G108/><N who="2" m="27649" /><V121/><DORA hai="32" /><F121/><W76/><G76/><T116/><D116/><U19/><E19/><N who="2" m="8655" /><F11/><W59/><G5/><N who="0" m="1327" /><D92/><U74/><E7/><V43/><F43/><W93/><G93/><T37/><D37/><U46/><E97/><V117/><F117/><W48/><G26/><N who="0" m="14607" /><D64/><N who="2" m="24682" /><F60/><W130/><G130/><T126/><D126/><U101/><E2/><V35/><F94/><W29/><G62/><T39/><D39/><U45/><E0/><V100/><F100/><W24/><G67/><T107/><D107/><U34/><E101/><V47/><F47/><W63/><G63/><T68/><D68/><U8/><E46/><V21/><F35/><N who="3" m="20871" /><G44/><T22/><D22/><U6/><E34/><V55/><F55/><W78/><G57/><T118/><D118/><U15/><E58/><V119/><F119/><W18/><G59/><T99/><D99/><U86/><E56/><V85/><F85/><W87/><G87/><T129/><D129/><U52/><E84/><V12/><F27/><W71/><G73/><RYUUKYOKU ba="0,0" sc="263,10,270,10,178,10,289,-30" hai0="23,25,88,91" hai1="6,8,15,45,49,52,74,80,86,89,95,98,102" hai2="12,21,105,106" /><INIT seed="4,1,0,2,2,57" ten="273,280,188,259" oya="0" hai0="118,12,24,105,6,64,72,79,96,100,22,94,19" hai1="47,126,36,46,128,106,8,28,45,121,76,2,50" hai2="54,107,91,132,115,33,31,60,88,134,40,117,74" hai3="55,70,98,1,15,82,101,69,48,114,99,131,86"/><T78/><D118/><U108/><E108/><V14/><F117/><W5/><G1/><T0/><D72/><U71/><E121/><V7/><F107/><W56/><G114/><T112/><D112/><U49/><E106/><V68/><F115/><W81/><G131/><T133/><D133/><N who="2" m="51306" /><F74/><W124/><G124/><T41/><D105/><U116/><E116/><V77/><F77/><W89/><G81/><T34/><D41/><U11/><E36/><V53/><F40/><W125/><G125/><T29/><D64/><U95/><E126/><V103/><F103/><W30/><G30/><T42/><D42/><U3/><E71/><V104/><F104/><W10/><REACH who="3" step="1"/><G101/><REACH who="3" ten="273,280,188,249" step="2"/><T102/><D102/><U13/><E28/><V25/><F91/><W51/><G51/><T58/><D58/><U109/><E128/><V65/><F88/><W73/><G73/><T92/><D92/><U113/><E113/><V87/><F87/><W129/><G129/><T111/><D111/><U80/><E50/><V135/><N who="2" m="51314" /><V63/><DORA hai="43" /><F63/><W17/><G17/><T110/><D110/><U38/><E49/><V21/><F7/><W20/><G20/><T26/><D0/><U23/><E3/><V62/><F60/><W37/><G37/><T32/><D6/><U97/><E2/><V75/><F75/><W83/><G83/><T59/><D59/><U9/><E38/><V66/><F66/><W127/><G127/><T120/><D120/><U123/><E123/><V90/><F90/><W93/><G93/><T27/><D29/><U67/><E95/><V16/><AGARI ba="1,1" hai="14,16,21,25,31,33,53,54,62,65,68" m="51314" machi="16" ten="40,8000,1" yaku="5,1,20,1,52,1,54,1" doraHai="57,43" who="2" fromWho="2" sc="273,-41,280,-21,188,93,249,-21" /><INIT seed="5,0,0,2,5,131" ten="232,259,281,228" oya="1" hai0="94,16,42,109,12,128,103,80,107,14,71,37,55" hai1="9,102,129,108,8,119,76,127,105,117,62,100,110" hai2="124,34,133,113,81,68,44,29,11,125,67,118,32" hai3="122,77,101,123,82,13,43,59,27,5,120,116,46"/><U104/><E62/><N who="2" m="40055" /><F133/><W84/><G27/><T112/><D71/><U40/><E40/><V56/><F118/><N who="1" m="45065" /><E76/><V69/><F69/><W2/><G116/><T18/><D109/><N who="1" m="42091" /><E127/><V28/><F81/><W121/><N who="3" m="30720" /><DORA hai="83" /><W3/><G59/><T54/><D80/><U79/><E129/><V22/><F44/><W24/><G24/><T126/><D128/><U106/><E79/><V130/><F56/><W25/><G25/><T4/><D126/><U21/><E21/><V6/><F22/><W72/><G101/><AGARI ba="0,0" hai="8,9,100,101,102,104,105,106" m="42091,45065" machi="101" ten="40,7700,0" yaku="28,2,10,1" doraHai="131,83" who="1" fromWho="3" sc="232,0,259,77,281,0,228,-77" owari="232,-16.8,336,43.6,281,8.1,151,-34.9" /></mjloggm>