<mjloggm ver="2.3"><GO type="225" lobby="0"/><UN n0="%54%4F%52" n1="%E8%83%83%E3%81%A8%E8%85%B8" n2="%E5%86%B7%E5%87%8D%E3%82%AE%E3%83%A7%E3%83%BC%E3%82%B6" n3="%E3%81%A8%E3%82%93%E3%81%A8%E3%81%93%E3%81%A8%E3%82%93" dan="17,16,16,16" rate="2228.41,2189.72,2108.01,2089.10" sx="M,M,M,M"/><TAIKYOKU oya="0"/><INIT seed="0,0,0,0,0,94" ten="250,250,250,250" oya="0" hai0="78,85,64,43,63,12,61,116,70,45,37,71,92" hai1="49,20,53,9,129,22,32,90,19,18,68,74,56" hai2="10,76,134,25,44,122,111,59,75,7,115,38,73" hai3="80,127,84,131,46,114,58,98,106,62,133,72,2"/><T51/><D116/><U110/><E32/><V8/><F122/><W79/><G114/><T118/><D118/><U26/><E110/><V82/><F111/><W3/><G127/><T52/><D12/><U102/><E129/><V55/><F115/><W117/><G117/><T91/><D78/><U11/><E68/><V50/><F134/><W36/><G131/><T105/><D105/><U5/><E74/><V27/><F75/><W15/><G133/><T33/><D33/><U42/><E102/><V24/><REACH who="2" step="1"/><F7/><REACH who="2" ten="250,250,240,250" step="2"/><W108/><G72/><T103/><D103/><U81/><E5/><V21/><F21/><W29/><G108/><T6/><D6/><U40/><E11/><V66/><F66/><W88/><G2/><T119/><D119/><U1/><E9/><V100/><F100/><W34/><G3/><T101/><D101/><U89/><E1/><V86/><F86/><W48/><G106/><T87/><D87/><N who="1" m="50415" /><E90/><V112/><F112/><W13/><G88/><T132/><D132/><U77/><E77/><V47/><F47/><W16/><G46/><T120/><D120/><U35/><E35/><V95/><F95/><W128/><G34/><T97/><D85/><U41/><E20/><V54/><F54/><W17/><G79/><T123/><D123/><U67/><E67/><V135/><F135/><W39/><G84/><T31/><D64/><U83/><E83/><V23/><F23/><W96/><G80/><T93/><D93/><U99/><E19/><V109/><F109/><W121/><G16/><T107/><D107/><U0/><E0/><V60/><F60/><RYUUKYOKU ba="0,1" sc="250,-15,250,15,240,15,250,-15" hai1="18,22,26,40,41,42,49,53,56,99" hai2="8,10,24,25,27,38,44,50,55,59,73,76,82" /><INIT seed="1,1,1,1,2,71" ten="235,265,255,235" oya="1" hai0="125,52,2,65,97,128,118,103,135,6,101,117,7" hai1="94,121,33,114,72,26,115,68,77,90,18,9,46" hai2="84,19,24,109,91,25,123,35,75,59,41,45,15" hai3="124,31,89,86,122,8,43,100,102,95,73,27,120"/><U56/><E68/><V74/><F123/><W16/><G73/><T53/><D135/><U105/><E121/><V130/><F109/><W87/><G124/><T32/><D32/><U104/><E56/><V42/><F130/><W78/><G120/><T85/><D128/><U17/><E33/><V14/><F59/><W13/><G122/><T40/><D125/><U112/><E46/><V37/><F42/><W106/><G106/><T28/><D28/><U83/><E17/><V49/><F49/><W119/><G43/><T48/><D65/><U76/><E76/><V131/><F131/><W20/><G119/><T133/><D133/><U64/><E64/><V93/><F93/><W21/><G8/><T80/><D40/><U22/><REACH who="1" step="1"/><E9/><REACH who="1" ten="235,255,255,235" step="2"/><V67/><F67/><W132/><G132/><T126/><D126/><U38/><E38/><V29/><F35/><W30/><G31/><T1/><D118/><U129/><E129/><V66/><F66/><W57/><G57/><T107/><D117/><U111/><E111/><V79/><F29/><W0/><G0/><T134/><D134/><U10/><E10/><V44/><F19/><W81/><AGARI ba="1,2" hai="13,16,20,21,27,30,78,81,86,87,89,95,100,102" machi="81" ten="30,4000,0" yaku="0,1,8,1,54,1" doraHai="71" who="3" fromWho="3" sc="235,-11,255,-21,255,-11,235,63" /><INIT seed="2,0,0,0,1,85" ten="224,234,244,298" oya="2" hai0="2,40,54,97,133,11,120,115,36,51,45,130,74" hai1="12,44,17,75,23,70,78,18,30,50,34,121,9" hai2="6,58,77,76,111,100,43,83,90,135,113,60,38" hai3="49,91,73,26,56,79,3,122,28,42,20,102,116"/><V62/><F113/><W25/><G116/><T27/><D115/><U67/><E121/><V64/><F135/><W71/><G71/><T52/><D120/><U10/><E34/><V124/><F124/><W87/><G122/><T1/><D133/><U24/><E75/><V61/><F100/><W103/><G3/><T92/><D74/><U55/><E70/><V53/><F111/><W125/><G125/><T131/><D27/><U7/><E67/><V86/><F6/><W39/><G39/><T69/><D69/><U101/><E78/><V117/><F117/><W48/><G73/><T72/><D72/><U35/><E101/><V119/><F119/><W47/><G79/><N who="2" m="30281" /><F38/><W114/><G114/><T37/><D37/><U127/><E127/><V21/><F43/><W57/><G26/><T22/><D22/><U96/><E96/><V63/><F21/><W68/><G68/><T5/><D1/><U15/><REACH who="1" step="1"/><E35/><REACH who="1" ten="224,224,244,298" step="2"/><V14/><F14/><W81/><G103/><T16/><D130/><U112/><E112/><V126/><F126/><W93/><G49/><T104/><D131/><U0/><E0/><V95/><F64/><W109/><G109/><T46/><D104/><U98/><E98/><AGARI ba="0,1" hai="20,25,28,42,47,48,56,57,81,87,91,93,98,102" machi="98" ten="40,2600,0" yaku="8,1,52,1" doraHai="85" who="3" fromWho="1" sc="224,0,224,-26,244,0,298,36" /><INIT seed="3,0,0,4,3,127" ten="224,198,244,334" oya="3" hai0="67,132,122,13,91,17,8,99,85,46,109,76,20" hai1="110,87,72,133,43,115,93,45,33,25,124,92,29" hai2="117,39,75,0,3,80,128,60,55,77,131,78,14" hai3="42,89,79,125,32,96,11,35,44,59,61,68,103"/><W88/><G68/><T97/><D122/><U16/><E72/><V86/><F39/><W126/><G79/><T101/><D109/><U118/><E115/><V63/><F117/><W38/><G11/><T81/><D132/><U121/><E121/><V130/><F14/><W1/><G1/><N who="2" m="585" /><F55/><W71/><G71/><T135/><D135/><U50/><E133/><V2/><N who="2" m="593" /><V49/><DORA hai="12" /><F49/><W58/><G32/><T31/><D67/><U102/><E124/><N who="3" m="47722" /><G35/><T104/><D97/><U108/><E118/><V62/><F77/><W6/><G6/><T90/><REACH who="0" step="1"/><D46/><REACH who="0" ten="214,198,244,334" step="2"/><U22/><E102/><V98/><F98/><W119/><G119/><T114/><D114/><U10/><E10/><V34/><F34/><W95/><G58/><T111/><D111/><N who="1" m="42539" /><E87/><AGARI ba="0,1" hai="60,62,63,75,78,80,86,87,128,130,131" m="593" machi="87" ten="50,8000,1" yaku="19,1,52,3" doraHai="127,12" who="2" fromWho="1" sc="214,0,198,-80,244,90,334,0" owari="214,-18.6,118,-38.2,334,43.4,334,13.4" /></mjloggm>