<mjloggm ver="2.3"><GO type="225" lobby="0"/><UN n0="%E3%81%A8%E3%82%93%E3%81%A8%E3%81%93%E3%81%A8%E3%82%93" n1="%E5%82%8D%E8%8B%A5%E7%84%A1%E4%BA%BA%35%31" n2="%E7%99%BD%E9%9B%AA%E4%B9%83%E6%84%9B" n3="%E3%81%86%E3%83%BC%E3%81%B1%E3%83%BC" dan="16,16,16,17" rate="2085.86,2096.50,2105.36,2226.53" sx="M,M,F,F"/><TAIKYOKU oya="0"/><INIT seed="0,0,0,0,2,104" ten="250,250,250,250" oya="0" hai0="81,129,69,68,100,4,84,27,115,35,16,73,76" hai1="72,125,102,30,3,5,37,32,108,10,109,134,6" hai2="42,87,43,111,106,92,60,94,98,1,49,40,0" hai3="39,105,128,88,50,121,114,90,44,45,25,56,132"/><T15/><D115/><U29/><E37/><V71/><F111/><N who="1" m="42569" /><E102/><V28/><F28/><N who="1" m="10857" /><E72/><V66/><F49/><W127/><G50/><T135/><D135/><U70/><E70/><V120/><F120/><W99/><G121/><T93/><D4/><N who="1" m="1311" /><E134/><V89/><REACH who="2" step="1"/><F106/><REACH who="2" ten="250,250,240,250" step="2"/><W63/><G105/><T118/><D118/><U14/><E32/><V57/><F57/><W48/><G56/><T122/><D122/><U59/><E59/><V117/><F117/><W83/><G132/><T112/><D112/><U18/><E125/><V113/><F113/><W107/><G127/><T55/><D69/><U119/><E119/><V51/><F51/><W46/><G48/><T62/><D68/><U91/><E91/><AGARI ba="0,1" hai="0,1,40,42,43,60,66,71,87,89,91,92,94,98" machi="91" ten="40,2600,0" yaku="1,1,53,1" doraHai="104" doraHaiUra="64" who="2" fromWho="1" sc="250,0,250,-26,240,36,250,0" /><INIT seed="1,0,0,1,2,81" ten="250,224,276,250" oya="1" hai0="17,56,76,52,11,22,111,82,135,53,126,16,69" hai1="15,0,98,72,19,63,47,89,109,50,32,100,112" hai2="119,125,27,120,39,79,117,31,134,48,23,7,2" hai3="123,133,86,59,121,113,118,5,61,106,55,8,114"/><U102/><E112/><V14/><F39/><W93/><G106/><T94/><D69/><U108/><E0/><V1/><F79/><W28/><G133/><T70/><D70/><U46/><E32/><V45/><F120/><W6/><G118/><T35/><D35/><U115/><E115/><V77/><F134/><W37/><G37/><T13/><D135/><U10/><E72/><V21/><F125/><W51/><G28/><T132/><D132/><U66/><E89/><V65/><F65/><W26/><G26/><T75/><D111/><N who="1" m="42571" /><E98/><V73/><F1/><W12/><G5/><T64/><D126/><U58/><E47/><V67/><F2/><W99/><G99/><T95/><D64/><U90/><E90/><V42/><F67/><W3/><G3/><T36/><D36/><U128/><E128/><V29/><F73/><W38/><G38/><T20/><D53/><AGARI ba="0,0" hai="10,15,19,46,50,53,58,63,66,100,102" m="42571" machi="53" ten="30,2900,0" yaku="14,1,10,1" doraHai="81" who="1" fromWho="0" sc="250,-29,224,29,276,0,250,0" /><INIT seed="1,1,0,3,1,56" ten="221,253,276,250" oya="1" hai0="37,122,98,65,75,89,118,6,79,95,48,109,33" hai1="78,58,124,35,90,40,76,135,125,8,59,47,85" hai2="107,10,70,4,61,30,92,115,127,14,113,72,63" hai3="57,96,121,126,77,103,105,97,67,44,129,80,25"/><U34/><E135/><V38/><F107/><W91/><G121/><T86/><D37/><U53/><E8/><V29/><F72/><W104/><G126/><N who="1" m="48746" /><E59/><V68/><F38/><W112/><G129/><T2/><D33/><N who="1" m="12299" /><E47/><V84/><F127/><W100/><G44/><T62/><D118/><U5/><E5/><V45/><F45/><W134/><G134/><T116/><D116/><U73/><E73/><V22/><F68/><W81/><G112/><N who="2" m="43081" /><F70/><W131/><G131/><T43/><D122/><U108/><E40/><V119/><F119/><W128/><G128/><T94/><D75/><U132/><E132/><V7/><F7/><W11/><G11/><T99/><D43/><U87/><E108/><V0/><F0/><W71/><G57/><T32/><D109/><U18/><E18/><V55/><F55/><W54/><G54/><T26/><D6/><U123/><E123/><V21/><F21/><W41/><G71/><T102/><D2/><U50/><E87/><V31/><F22/><W52/><G41/><T60/><D32/><U16/><E16/><V64/><F64/><W88/><G67/><T101/><D65/><U13/><E13/><V69/><F69/><W74/><G52/><T42/><D86/><U120/><E120/><V15/><F15/><W83/><G25/><T19/><D26/><U1/><E1/><V93/><F84/><W23/><G23/><T130/><D42/><U46/><E46/><V20/><F20/><W133/><G133/><T114/><D130/><U27/><E27/><V28/><F28/><W24/><G24/><T36/><D114/><RYUUKYOKU ba="1,0" sc="221,-30,253,10,276,10,250,10" hai1="50,53,58,76,78,85,90" hai2="4,10,14,29,30,31,61,63,92,93" hai3="74,77,80,81,83,88,91,96,97,100,103,104,105" /><INIT seed="1,2,0,2,4,22" ten="191,263,286,260" oya="1" hai0="46,113,41,9,20,98,48,40,61,15,1,57,108" hai1="135,45,105,55,130,54,100,68,104,35,114,103,29" hai2="90,87,4,32,78,107,24,131,74,102,16,50,49" hai3="122,101,38,111,13,27,42,84,18,8,120,67,60"/><U81/><E114/><V52/><F4/><W59/><G111/><T58/><D113/><U33/><E68/><V56/><F131/><W88/><G101/><T124/><D108/><U47/><E81/><V39/><F39/><W44/><REACH who="3" step="1"/><G27/><REACH who="3" ten="191,263,286,250" step="2"/><T28/><D124/><U11/><E130/><V72/><F102/><W123/><G123/><T133/><D133/><U106/><E135/><V63/><F107/><W91/><G91/><T94/><D1/><U37/><E103/><V115/><F115/><W66/><G66/><T96/><D40/><U34/><E100/><V126/><F126/><W85/><G85/><T70/><D70/><U21/><E11/><V86/><F74/><W97/><G97/><T65/><D94/><AGARI ba="2,1" hai="8,13,18,38,42,44,59,60,67,84,88,94,120,122" machi="94" ten="30,3900,0" yaku="1,1,7,1,54,1,53,0" doraHai="22" doraHaiUra="30" who="3" fromWho="0" sc="191,-45,263,0,286,0,250,55" /><INIT seed="2,0,0,4,0,14" ten="146,263,286,305" oya="2" hai0="91,135,126,58,101,86,128,127,28,47,74,67,69" hai1="125,115,9,42,43,122,39,123,104,90,103,77,35" hai2="110,108,7,71,40,38,78,99,89,87,64,116,96" hai3="31,88,20,46,30,113,25,37,27,107,102,117,55"/><V70/><F116/><W105/><G117/><T114/><D28/><U98/><E115/><V121/><F121/><N who="1" m="46089" /><E35/><V111/><F78/><W129/><G129/><T120/><D120/><U124/><E77/><V29/><F7/><W73/><G113/><T112/><D69/><N who="2" m="26122" /><F64/><W132/><G73/><T49/><D74/><U94/><E9/><V131/><F29/><W72/><G72/><T36/><D101/><U21/><E21/><V4/><F4/><W3/><G3/><T65/><D36/><U19/><E19/><V10/><F10/><W56/><G88/><T12/><D12/><U66/><E66/><V15/><F15/><W62/><G102/><T92/><D135/><U1/><E1/><V2/><F131/><W81/><G81/><T17/><D128/><U48/><E39/><V32/><F32/><W23/><G132/><T63/><D67/><U33/><E33/><V97/><F2/><W8/><G8/><T13/><D126/><N who="1" m="48747" /><E48/><V93/><F38/><W95/><G37/><T44/><D127/><U22/><E22/><V119/><F119/><W84/><G20/><T24/><D24/><U134/><E134/><V34/><F34/><W76/><G27/><T118/><D118/><U6/><E6/><V68/><F68/><W51/><G31/><T11/><REACH who="0" step="1"/><D47/><REACH who="0" ten="136,263,286,305" step="2"/><U83/><E104/><V54/><F111/><W16/><G30/><T100/><D100/><U130/><E130/><V85/><F110/><W61/><G46/><T75/><D75/><U26/><E26/><V53/><F108/><W5/><G105/><T133/><D133/><U80/><E103/><RYUUKYOKU ba="0,1" sc="136,15,263,15,286,-15,305,-15" hai0="11,13,17,44,49,58,63,65,86,91,92,112,114" hai1="42,43,80,83,90,94,98" /><INIT seed="3,1,1,1,1,85" ten="151,278,271,290" oya="3" hai0="39,78,48,25,83,129,122,89,72,115,16,63,58" hai1="33,1,68,6,15,66,59,71,110,124,88,24,51" hai2="93,126,104,70,103,9,101,65,45,46,95,8,44" hai3="29,37,11,127,69,121,73,17,28,12,23,86,131"/><W128/><G73/><T120/><D39/><U21/><E110/><V98/><F126/><W118/><G121/><T42/><D129/><N who="3" m="49737" /><G127/><T130/><D130/><U19/><E124/><V119/><F119/><W96/><G118/><T57/><D115/><U90/><E51/><V114/><F114/><W100/><G69/><N who="1" m="26698" /><E59/><V91/><F104/><N who="3" m="63495" /><G37/><T49/><D120/><U107/><E66/><V7/><F95/><W60/><G60/><T34/><D122/><U132/><E132/><V135/><F135/><W5/><G86/><T106/><D106/><U32/><E32/><V76/><F76/><W125/><G125/><T133/><D133/><U10/><E107/><V0/><REACH who="2" step="1"/><F9/><REACH who="2" ten="151,278,261,290" step="2"/><W109/><G109/><T31/><D42/><U82/><E82/><V97/><F97/><W13/><AGARI ba="1,2" hai="5,11,12,13,17,23,28,29" m="63495,49737" machi="13" ten="30,1500,0" yaku="19,1" doraHai="85" who="3" fromWho="3" sc="151,-6,278,-6,261,-6,290,38" owari="145,-35.5,272,7.2,255,-14.5,328,42.8" /></mjloggm>