<mjloggm ver="2.3"><GO type="225" lobby="0"/><UN n0="%E3%81%92%E3%81%A3%E3%81%A1" n1="%E3%83%A9%E3%83%96%E3%83%AC%E3%83%BC" n2="%6D%75%75%73%61%6E%6D%75" n3="%E3%81%BF%E3%81%BF%E3%81%9A" dan="17,16,16,18" rate="2232.88,2078.26,2084.87,2303.43" sx="M,M,F,M"/><TAIKYOKU oya="0"/><INIT seed="0,0,0,0,1,73" ten="250,250,250,250" oya="0" hai0="95,128,102,21,24,60,29,124,79,68,20,47,54" hai1="82,65,78,120,31,41,2,105,90,94,121,76,44" hai2="103,51,135,66,32,5,16,96,84,64,89,26,13" hai3="99,55,28,85,117,25,113,125,108,67,46,33,130"/><T3/><D3/><U111/><E105/><V91/><F135/><W104/><G113/><T57/><D128/><U12/><E2/><V61/><F5/><W109/><G117/><T106/><D106/><U119/><E119/><V39/><F39/><W49/><G130/><T133/><D133/><U131/><E31/><V77/><F51/><W75/><G75/><T63/><D124/><U101/><E101/><V88/><F32/><W8/><G125/><T72/><D47/><U10/><E65/><V50/><F26/><W17/><G67/><T48/><D68/><U1/><E1/><V71/><F50/><W6/><G17/><T69/><D69/><U93/><E93/><V70/><F66/><W4/><G85/><T118/><D118/><U116/><E116/><V23/><F71/><W58/><G46/><T126/><D126/><U53/><E53/><V45/><F45/><W97/><G4/><T62/><D21/><U37/><E131/><V114/><F114/><W43/><G43/><T132/><D132/><U87/><E111/><N who="3" m="42570" /><G104/><T27/><D27/><U81/><E81/><V40/><F40/><W35/><G33/><T83/><REACH who="0" step="1"/><D95/><REACH who="0" ten="240,250,250,250" step="2"/><U56/><E94/><V122/><F70/><W22/><G35/><T112/><D112/><U0/><E0/><AGARI ba="0,1" hai="0,6,8,22,25,28,49,55,58,97,99" m="42570" machi="0" ten="30,1000,0" yaku="14,1" doraHai="73" who="3" fromWho="1" sc="240,0,250,-10,250,0,250,20" /><INIT seed="1,0,0,1,0,92" ten="240,240,250,270" oya="1" hai0="128,48,72,103,99,127,94,112,20,124,81,40,73" hai1="1,130,38,126,26,58,135,129,2,121,69,28,51" hai2="118,24,57,33,30,12,29,80,95,53,22,107,134" hai3="123,56,27,98,78,16,0,114,5,34,47,87,116"/><U106/><E69/><V31/><F107/><W133/><G123/><T52/><D112/><U91/><E38/><V109/><F118/><W83/><G114/><T44/><D128/><N who="1" m="49259" /><E121/><V117/><F117/><W7/><G116/><T8/><D8/><U101/><E91/><V77/><F109/><W42/><G133/><T11/><D11/><U115/><E115/><V74/><F134/><W43/><G0/><N who="1" m="106" /><E135/><V49/><F33/><W19/><G34/><T55/><D20/><N who="1" m="15431" /><E126/><N who="0" m="48169" /><D81/><U68/><E68/><V132/><F132/><W46/><G83/><T97/><D97/><N who="1" m="61743" /><E51/><V85/><F12/><W100/><G78/><T104/><D104/><U119/><E58/><V10/><F10/><W9/><G9/><T62/><D62/><U39/><E39/><V120/><F120/><W18/><G56/><T131/><D131/><U64/><E119/><V17/><REACH who="2" step="1"/><F95/><REACH who="2" ten="240,240,240,270" step="2"/><N who="3" m="58463" /><G27/><T79/><D79/><U88/><E88/><V105/><F105/><W102/><G102/><T32/><D32/><U4/><E4/><N who="3" m="1610" /><G87/><AGARI ba="0,1" hai="17,22,24,29,30,31,49,53,57,74,77,80,85,87" machi="87" ten="40,1300,0" yaku="1,1,53,0" doraHai="92" doraHaiUra="108" who="2" fromWho="3" sc="240,0,240,0,240,23,270,-13" /><INIT seed="2,0,0,3,0,91" ten="240,240,263,257" oya="2" hai0="73,36,111,60,80,10,65,32,48,125,26,28,63" hai1="44,101,46,124,78,57,12,1,133,39,52,121,104" hai2="35,56,2,29,38,19,74,128,34,4,120,42,21" hai3="116,20,33,126,82,3,64,89,16,130,72,115,62"/><V40/><F120/><W67/><G116/><T18/><D36/><U77/><E1/><V22/><F74/><W17/><G33/><T15/><D111/><U94/><E104/><V86/><F128/><W61/><G3/><T69/><D125/><U45/><E124/><V84/><F35/><W7/><G126/><T68/><D48/><U25/><E39/><V127/><F22/><W105/><G105/><T9/><D9/><U132/><E25/><N who="2" m="18735" /><F56/><W27/><G7/><T112/><D112/><U71/><E71/><V75/><F75/><W103/><G130/><T96/><D96/><N who="1" m="59543" /><E12/><N who="2" m="9447" /><F127/><W11/><G103/><T135/><D135/><N who="1" m="51787" /><E121/><V5/><F5/><W109/><G115/><T107/><D107/><U13/><E13/><V53/><F53/><W37/><G109/><T0/><D0/><U92/><E92/><V6/><F6/><W83/><G72/><T59/><REACH who="0" step="1"/><D63/><AGARI ba="0,0" hai="44,45,46,52,57,63,77,78" m="51787,59543" machi="63" ten="30,3900,0" yaku="20,1,52,1,54,1" doraHai="91" who="1" fromWho="0" sc="240,-39,240,39,263,0,257,0" /><INIT seed="3,0,0,2,4,21" ten="201,279,263,257" oya="3" hai0="15,38,73,51,4,33,29,2,41,70,7,75,32" hai1="9,46,50,40,67,76,128,6,69,127,0,94,135" hai2="126,48,3,62,63,112,37,58,93,24,86,109,113" hai3="77,39,110,43,26,133,57,91,68,83,23,106,30"/><W28/><G68/><T123/><D123/><U102/><E127/><V1/><F37/><W90/><G106/><T22/><D70/><U5/><E5/><V130/><F126/><W97/><G133/><T132/><D38/><U96/><E135/><V108/><F130/><W92/><G110/><N who="2" m="42601" /><F93/><W134/><G134/><T12/><D132/><U124/><E124/><V98/><F98/><W10/><G10/><N who="0" m="2327" /><D51/><U111/><E111/><V107/><F107/><W131/><G131/><T44/><D44/><U11/><E11/><V85/><F48/><W114/><G114/><N who="2" m="44137" /><F58/><W121/><G121/><T16/><D41/><U87/><E128/><V78/><F78/><W45/><G57/><T72/><D72/><U64/><E69/><V47/><F24/><W84/><REACH who="3" step="1"/><G30/><REACH who="3" ten="201,279,263,247" step="2"/><T36/><D29/><U18/><E9/><V8/><F8/><W101/><AGARI ba="0,1" hai="23,26,28,39,43,45,77,83,84,90,91,92,97,101" machi="101" ten="20,12000,1" yaku="1,1,2,1,0,1,7,1,52,1,53,0" doraHai="21" doraHaiUra="115" who="3" fromWho="3" sc="201,-40,279,-40,263,-40,247,130" owari="161,-33.9,239,3.9,223,-17.7,377,47.7" /></mjloggm>