<mjloggm ver="2.3"><GO type="225" lobby="0"/><UN n0="%E5%A4%9C%E3%81%AE%E3%82%AC%E3%82%B9%E3%83%91%E3%83%BC%E3%83%AB" n1="%73%6C%69%63%6B%33%31%39" n2="%E3%81%A0%E3%81%8A" n3="%E3%81%A9%E3%82%8F%E3%82%93%E3%81%94" dan="16,16,16,16" rate="2113.32,2063.98,2041.86,2055.34" sx="M,M,M,M"/><TAIKYOKU oya="0"/><INIT seed="0,0,0,2,2,17" ten="250,250,250,250" oya="0" hai0="122,5,32,109,130,53,66,60,0,65,105,128,101" hai1="24,93,22,131,134,70,71,45,115,12,52,127,95" hai2="18,124,9,82,6,33,98,99,89,31,34,76,79" hai3="26,69,51,114,135,74,41,100,73,88,77,87,55"/><T7/><D122/><U16/><E131/><N who="0" m="50217" /><D109/><U20/><E134/><V85/><F124/><W13/><G114/><T83/><D32/><U112/><E127/><V57/><F18/><W107/><G69/><N who="0" m="42151" /><D66/><U72/><E72/><V94/><F33/><W40/><G77/><T118/><D118/><U86/><E70/><V132/><F132/><W59/><G74/><T19/><D0/><U120/><E71/><V111/><F111/><W29/><G13/><T8/><D83/><U28/><E120/><V116/><F34/><W10/><G10/><T67/><D67/><U90/><REACH who="1" step="1"/><E93/><REACH who="1" ten="250,240,250,250" step="2"/><V106/><F94/><W103/><G135/><T44/><D105/><U48/><AGARI ba="0,1" hai="12,16,20,22,24,28,45,48,52,86,90,95,112,115" machi="48" ten="30,16000,3" yaku="1,1,2,1,0,1,52,2,54,2,53,1" doraHai="17" doraHaiUra="49" who="1" fromWho="1" sc="250,-80,240,170,250,-40,250,-40" /><INIT seed="1,0,0,2,0,127" ten="170,410,210,210" oya="1" hai0="52,25,10,60,46,135,65,37,34,99,45,88,134" hai1="44,86,55,125,85,21,105,83,56,50,90,100,94" hai2="129,23,39,115,78,123,6,93,104,49,54,120,81" hai3="74,107,67,33,124,70,95,35,108,76,5,92,0"/><U30/><E125/><V43/><F104/><W62/><G124/><T118/><D118/><U51/><E105/><V87/><F115/><W16/><G108/><T32/><D10/><U97/><E30/><V77/><F6/><W4/><G107/><T59/><D65/><U47/><E21/><V102/><F129/><W98/><G95/><N who="0" m="56807" /><D25/><U112/><E112/><V24/><F78/><W2/><G35/><N who="0" m="13355" /><D37/><U75/><E75/><V14/><F14/><W68/><G33/><T36/><D36/><U73/><E73/><V29/><F43/><W26/><G70/><T80/><D80/><U41/><REACH who="1" step="1"/><E85/><REACH who="1" ten="170,400,210,210" step="2"/><V11/><F87/><W1/><G74/><T72/><D72/><U48/><E48/><V9/><F49/><W22/><REACH who="3" step="1"/><G76/><REACH who="3" ten="170,400,210,200" step="2"/><T122/><D122/><U7/><E7/><V79/><F77/><W117/><G117/><T82/><D82/><U8/><E8/><V109/><F9/><W121/><G121/><T28/><D28/><U116/><E116/><V113/><F11/><W18/><G18/><T101/><D135/><U17/><E17/><V40/><F79/><W128/><G128/><T84/><D134/><U38/><E38/><V64/><F39/><W106/><G106/><T96/><D96/><U103/><E103/><AGARI ba="0,2" hai="0,1,2,4,5,16,22,26,62,67,68,92,98,103" machi="103" ten="40,5200,0" yaku="1,1,54,1,53,1" doraHai="127" doraHaiUra="66" who="3" fromWho="1" sc="170,0,400,-52,210,0,200,72" /><INIT seed="2,0,0,0,1,12" ten="170,348,210,272" oya="2" hai0="124,70,36,58,5,119,76,86,93,89,7,132,25" hai1="26,11,47,54,88,24,127,49,60,95,69,19,114" hai2="57,92,82,20,16,133,50,59,22,63,122,110,44" hai3="45,37,113,97,18,135,56,51,52,80,104,123,48"/><V39/><F122/><W67/><G123/><T14/><D70/><U109/><E114/><V94/><F133/><W98/><G135/><T17/><D132/><U42/><E109/><V125/><F125/><W9/><G113/><T79/><D36/><U90/><E127/><V53/><F110/><W41/><G104/><T111/><D124/><U8/><E69/><V10/><F10/><N who="1" m="3625" /><E19/><V101/><F39/><W118/><G118/><T78/><D111/><U62/><E90/><V21/><F82/><W74/><G67/><T115/><D115/><U32/><E32/><V84/><F59/><W29/><G29/><T1/><D1/><U34/><E34/><V126/><F126/><W75/><G37/><T27/><D119/><U120/><E120/><V65/><F84/><W31/><G31/><T2/><D58/><N who="1" m="34903" /><E62/><V33/><F33/><W77/><G75/><T3/><D3/><U103/><E103/><V100/><F101/><W128/><G128/><T6/><REACH who="0" step="1"/><D2/><REACH who="0" ten="160,348,210,272" step="2"/><U46/><E46/><V107/><F107/><W112/><G112/><T102/><D102/><U105/><E105/><V85/><F100/><W0/><G0/><T96/><D96/><AGARI ba="0,1" hai="24,26,42,47,49,88,95,96" m="34903,3625" machi="96" ten="30,2000,0" yaku="8,1,54,1" doraHai="12" who="1" fromWho="0" sc="160,-20,348,30,210,0,272,0" /><INIT seed="3,0,0,3,3,113" ten="140,378,210,272" oya="3" hai0="25,39,127,71,37,126,5,29,7,72,41,121,61" hai1="70,6,11,80,14,21,22,90,45,44,27,42,36" hai2="100,99,9,133,132,49,23,63,32,60,64,93,77" hai3="130,104,40,54,65,68,66,69,106,83,18,48,119"/><W67/><G83/><T84/><D121/><U95/><E70/><V105/><F32/><W102/><G18/><T74/><D84/><N who="1" m="50439" /><E36/><V109/><F109/><W46/><G130/><T50/><D50/><U8/><E42/><V94/><F77/><W78/><G78/><T86/><D86/><U58/><E8/><V125/><F125/><W13/><G13/><T24/><D41/><U0/><E0/><V20/><F9/><W53/><G102/><T26/><D26/><U2/><E2/><V115/><F49/><N who="3" m="26823" /><G106/><T79/><D79/><U75/><E75/><V76/><F76/><W88/><G88/><T55/><D71/><N who="3" m="27209" /><G104/><T56/><D61/><U91/><E58/><V96/><F63/><W81/><G81/><T92/><D56/><U111/><E111/><V1/><F105/><W73/><G73/><T108/><D108/><U17/><E21/><V116/><F23/><W33/><G33/><T62/><D62/><U128/><E128/><V10/><F20/><W85/><G85/><AGARI ba="0,0" hai="6,11,14,17,22,27,44,45,85,91,95" m="50439" machi="85" ten="30,1000,0" yaku="8,1" doraHai="113" who="1" fromWho="3" sc="140,0,378,10,210,0,272,-10" owari="140,-36.0,388,48.8,210,-19.0,262,6.2" /></mjloggm>