<mjloggm ver="2.3"><GO type="225" lobby="0"/><UN n0="%E3%81%BF%E3%81%BF%E3%81%9A" n1="%E5%84%AA%40%41%42%43" n2="%E3%81%82%E3%81%99%E3%81%AB%E3%82%83%E3%82%80" n3="%E3%82%A2%E3%83%BC%E3%83%A2%E3%83%AD%E3%83%BC%E3%83%B4%E3%82%A1" dan="17,17,16,16" rate="2174.91,2248.30,2048.05,2162.01" sx="M,M,F,M"/><TAIKYOKU oya="0"/><INIT seed="0,0,0,1,4,61" ten="250,250,250,250" oya="0" hai0="71,121,83,99,104,135,101,110,11,97,119,49,0" hai1="92,21,74,95,15,79,64,94,30,70,14,17,76" hai2="122,134,115,29,113,37,84,103,51,16,109,100,67" hai3="8,23,87,52,65,129,46,54,114,68,111,24,31"/><T58/><D119/><U57/><E70/><V77/><F37/><W80/><G114/><T133/><D71/><U2/><E2/><V82/><F122/><W86/><G111/><T5/><D121/><U59/><E74/><V127/><F109/><W120/><G120/><T63/><D110/><U47/><E30/><V34/><F134/><N who="0" m="51210" /><D49/><U41/><E15/><V35/><F127/><W131/><G8/><T60/><D58/><N who="1" m="22027" /><E64/><V9/><F67/><W89/><G86/><T39/><D39/><U7/><E7/><V116/><F116/><W48/><REACH who="3" step="1"/><G54/><REACH who="3" ten="250,250,250,240" step="2"/><T88/><D97/><U42/><E42/><V130/><F113/><W117/><G117/><T40/><D40/><U43/><E41/><V93/><F115/><W28/><G28/><T90/><D83/><U10/><E10/><V45/><F9/><W73/><G73/><T118/><D118/><U78/><E43/><V27/><F82/><W22/><G22/><T126/><D126/><U20/><E21/><V53/><F34/><W1/><G1/><T132/><D132/><U72/><E72/><V96/><F35/><W91/><G91/><AGARI ba="0,1" hai="0,5,11,60,63,88,90,91,99,101,104" m="51210" machi="91" ten="30,2900,0" yaku="20,1,54,1" doraHai="61" who="0" fromWho="3" sc="250,39,250,0,250,0,240,-29" /><INIT seed="0,1,0,4,5,48" ten="289,250,250,211" oya="0" hai0="95,34,9,99,39,25,135,120,59,54,104,3,102" hai1="118,125,4,62,0,88,89,37,73,13,72,129,122" hai2="103,93,94,64,108,86,49,57,68,47,134,22,19" hai3="124,2,109,77,30,14,23,114,101,112,15,84,67"/><T7/><D135/><U71/><E4/><V87/><F108/><W90/><G109/><T33/><D120/><U35/><E13/><V17/><F68/><W80/><G124/><T131/><D131/><U1/><E62/><N who="2" m="37967" /><F134/><W132/><G132/><T46/><D25/><U40/><E40/><N who="2" m="24807" /><F17/><W69/><G2/><T58/><D58/><U98/><E98/><N who="2" m="59855" /><F94/><W105/><G105/><T44/><D104/><U56/><E56/><V32/><F32/><W29/><G101/><T79/><D79/><U97/><E97/><V5/><F5/><W21/><G77/><T92/><D95/><U36/><E35/><V100/><F100/><W24/><G69/><T76/><D76/><U55/><E71/><V81/><F81/><W50/><G67/><T74/><D44/><U51/><E122/><V127/><F127/><W130/><G130/><T119/><D74/><U61/><E125/><V123/><F123/><W70/><G70/><T96/><D99/><U10/><E129/><V110/><F110/><W20/><G112/><T121/><D121/><U12/><E37/><V75/><F75/><W113/><G114/><T60/><REACH who="0" step="1"/><D119/><REACH who="0" ten="279,250,250,211" step="2"/><U91/><E118/><V117/><F117/><W38/><G113/><T107/><D107/><U115/><E115/><V111/><F111/><W18/><G80/><T43/><AGARI ba="1,1" hai="3,7,9,33,34,39,43,46,54,59,60,92,96,102" machi="43" ten="30,11700,0" yaku="1,1,0,1,52,1,53,1" doraHai="48" doraHaiUra="6" who="0" fromWho="0" sc="279,130,250,-40,250,-40,211,-40" /><INIT seed="0,2,0,3,1,110" ten="409,210,210,171" oya="0" hai0="4,90,37,55,56,13,10,130,65,5,23,126,35" hai1="63,89,0,43,53,39,66,135,45,132,57,71,16" hai2="106,131,95,47,92,22,70,97,134,14,8,3,44" hai3="62,48,93,85,28,82,60,11,9,100,91,101,114"/><T54/><D35/><U103/><E0/><V27/><F3/><W50/><G28/><T115/><D37/><U33/><E33/><V49/><F70/><W81/><G93/><T12/><D130/><U19/><E103/><V30/><F134/><N who="1" m="51241" /><E89/><V6/><F131/><W129/><G129/><T87/><D115/><U104/><E104/><V1/><F1/><W75/><G85/><T124/><D65/><U127/><E127/><N who="0" m="48681" /><D56/><U40/><E40/><V41/><REACH who="2" step="1"/><F47/><REACH who="2" ten="409,210,200,171" step="2"/><W17/><G75/><T125/><D125/><U52/><E53/><V26/><F26/><W123/><G123/><T59/><D59/><U83/><E83/><V34/><F34/><W72/><G72/><T46/><D46/><U31/><E31/><V118/><F118/><W74/><G74/><T24/><D55/><U109/><E109/><V105/><F105/><W98/><G82/><T21/><D54/><U122/><E122/><V79/><F79/><W61/><G81/><N who="0" m="49519" /><D24/><U94/><E94/><V113/><F113/><W77/><G114/><T58/><D58/><U69/><E69/><V121/><F121/><W108/><G108/><T102/><D102/><AGARI ba="2,1" hai="6,8,14,22,27,30,41,44,49,92,95,97,102,106" machi="102" ten="40,1300,0" yaku="1,1,53,0" doraHai="110" doraHaiUra="133" who="2" fromWho="0" sc="409,-19,210,0,200,29,171,0" /><INIT seed="1,0,0,2,0,6" ten="390,210,229,171" oya="1" hai0="11,83,50,28,84,76,0,48,67,89,109,64,32" hai1="72,43,17,68,77,105,42,4,63,1,41,132,53" hai2="40,39,75,35,69,61,78,102,27,65,13,31,47" hai3="37,119,73,52,103,87,123,15,9,104,88,16,120"/><U49/><E105/><V113/><F113/><W92/><G37/><T96/><D109/><U95/><E132/><V23/><F102/><W108/><G108/><T46/><D32/><U93/><E72/><V125/><F23/><W117/><G73/><T71/><D28/><U14/><E77/><V59/><F13/><W110/><G110/><T12/><D0/><U7/><E68/><V10/><F10/><W34/><G34/><T107/><D71/><U81/><E81/><V97/><F97/><W70/><G70/><T118/><D118/><N who="3" m="45065" /><G52/><N who="0" m="29719" /><D50/><U135/><E63/><V128/><F59/><W79/><G79/><T66/><D107/><U133/><E1/><V124/><REACH who="2" step="1"/><F128/><REACH who="2" ten="390,210,219,171" step="2"/><W74/><G74/><T94/><D66/><U122/><E4/><AGARI ba="0,1" hai="4,11,12,64,67,76,83,84,89,94,96" m="29719" machi="4" ten="30,3900,0" yaku="8,1,52,1,54,1" doraHai="6" who="0" fromWho="1" sc="390,49,210,-39,219,0,171,0" /><INIT seed="2,0,0,1,5,6" ten="439,171,219,171" oya="2" hai0="0,90,65,81,63,3,86,97,7,36,25,28,30" hai1="43,11,85,95,24,82,131,26,108,45,31,88,109" hai2="5,105,37,60,110,118,120,17,68,35,23,58,129" hai3="64,49,133,19,80,40,101,20,119,47,83,134,121"/><V73/><RYUUKYOKU type="yao9" ba="0,0" sc="439,0,171,0,219,0,171,0" hai2="5,17,23,35,37,58,60,68,73,105,110,118,120,129" /><INIT seed="2,1,0,1,2,88" ten="439,171,219,171" oya="2" hai0="16,73,121,130,37,0,72,127,3,105,107,133,11" hai1="104,7,63,67,23,113,87,60,74,84,98,95,53" hai2="91,9,52,89,111,26,108,34,114,21,65,5,62" hai3="82,123,39,79,13,25,56,126,83,59,58,128,2"/><V1/><F34/><W36/><G123/><T93/><D93/><U40/><E113/><V22/><F114/><W31/><G2/><T27/><D16/><U92/><E74/><V125/><F125/><W101/><G126/><T122/><D27/><U102/><E7/><V29/><F22/><W69/><G69/><T35/><D127/><U6/><E40/><V18/><F18/><W86/><G128/><T10/><D37/><U41/><E41/><V112/><F112/><W70/><G70/><T46/><D46/><U61/><E67/><V42/><F42/><W118/><G118/><T8/><D133/><U129/><E129/><V103/><F103/><W81/><G13/><T19/><D19/><U64/><E64/><V120/><F120/><N who="0" m="46186" /><D130/><U109/><E6/><V100/><F100/><W15/><G15/><T99/><D99/><N who="1" m="59751" /><E104/><N who="0" m="40009" /><D35/><U50/><E23/><V43/><F43/><W115/><G115/><T20/><D20/><U117/><E117/><V51/><F65/><W80/><REACH who="3" step="1"/><G101/><REACH who="3" ten="439,171,219,161" step="2"/><T68/><D68/><U4/><E109/><V45/><F108/><W110/><G110/><T78/><D78/><U119/><E119/><V96/><F111/><W97/><G97/><T75/><AGARI ba="1,1" hai="0,3,8,10,11,72,73,75" m="40009,46186" machi="75" ten="50,3200,0" yaku="28,2" doraHai="88" who="0" fromWho="0" sc="439,45,171,-9,219,-17,161,-9" /><INIT seed="3,0,0,3,0,84" ten="484,162,202,152" oya="3" hai0="14,64,73,114,134,10,112,39,65,33,0,16,120" hai1="128,56,13,135,99,122,107,66,8,101,74,81,57" hai2="96,77,113,35,21,6,76,38,44,12,111,133,47" hai3="25,93,11,36,50,82,55,69,26,100,98,115,91"/><W83/><G115/><N who="0" m="44075" /><D134/><U34/><E122/><V7/><F21/><W52/><G36/><T53/><D120/><U32/><E135/><V121/><F96/><W94/><G69/><T87/><D73/><U86/><E74/><V3/><F111/><W45/><G11/><T117/><D117/><U20/><E128/><V75/><F12/><W23/><G55/><T18/><D33/><U30/><E32/><V78/><F75/><W109/><G109/><T89/><D39/><U22/><E34/><V130/><F78/><W116/><G116/><T118/><D118/><U43/><E43/><V127/><F38/><W28/><G26/><T129/><D129/><U2/><E2/><V60/><F3/><W132/><G132/><T54/><D18/><U49/><E22/><V37/><F35/><W104/><G104/><T58/><D0/><U103/><E20/><V42/><F37/><W70/><G70/><T105/><D105/><U90/><E30/><V131/><F133/><W67/><G67/><N who="0" m="25675" /><D58/><U15/><E57/><V51/><F113/><W17/><G28/><T1/><D1/><U95/><E66/><V119/><F119/><W63/><G63/><T106/><D106/><U4/><E107/><V102/><F60/><W85/><AGARI ba="0,0" hai="17,23,25,45,50,52,82,83,85,91,93,94,98,100" machi="85" ten="20,12000,1" yaku="0,1,7,1,8,1,52,1,54,1" doraHai="84" who="3" fromWho="3" sc="484,-40,162,-40,202,-40,152,120" /><INIT seed="3,1,0,1,4,49" ten="444,122,162,272" oya="3" hai0="63,43,37,32,135,19,97,23,115,60,116,69,26" hai1="9,29,121,99,4,18,131,51,74,8,124,106,48" hai2="111,58,44,82,102,3,42,81,100,62,76,94,122" hai3="95,110,72,47,105,104,120,24,50,132,118,21,64"/><W112/><G112/><T103/><D116/><U133/><E121/><V125/><F111/><W11/><G120/><T65/><D115/><U92/><E74/><V34/><F34/><W5/><G118/><T7/><D135/><U16/><E106/><V127/><F3/><W85/><G72/><T59/><D7/><U89/><E133/><V88/><F122/><W20/><G64/><T123/><D123/><U36/><E36/><V46/><F58/><W119/><G119/><T75/><D75/><U108/><E108/><V17/><F17/><N who="1" m="6761" /><E131/><V2/><F2/><W66/><G66/><T25/><D43/><U68/><E68/><V31/><F31/><W84/><G105/><T77/><D77/><U107/><E107/><V128/><F62/><W101/><G104/><T71/><D63/><U41/><E124/><N who="2" m="47691" /><F128/><W33/><G33/><T22/><D37/><U0/><E0/><V38/><F46/><W57/><G57/><T67/><D32/><U109/><E109/><V86/><F81/><W73/><G132/><T93/><D67/><U130/><E130/><V54/><F54/><W113/><G47/><T39/><D39/><U28/><E4/><V27/><F27/><W30/><G24/><T78/><D78/><U134/><E134/><V70/><F70/><W40/><G5/><T98/><D98/><AGARI ba="1,0" hai="38,42,44,76,82,86,88,94,98,100,102" m="47691" machi="98" ten="30,2000,0" yaku="18,1,54,1" doraHai="49" who="2" fromWho="0" sc="444,-23,122,0,162,23,272,0" owari="421,52.1,122,-37.8,185,-21.5,272,7.2" /></mjloggm>