<mjloggm ver="2.3"><GO type="225" lobby="0"/><UN n0="%E6%BC%A3%E5%A4%8F" n1="%E5%8D%A0%E3%81%84%E5%B8%AB%E8%A3%8F%E3%81%AA%E3%81%84%E3%81%97" n2="%E5%B8%86%E7%AB%8B%E5%A4%8F%E8%A1%A3" n3="%E3%81%A9%E3%82%8F%E3%82%93%E3%81%94" dan="16,16,16,16" rate="2055.77,2147.30,2090.08,2082.71" sx="M,M,M,M"/><TAIKYOKU oya="0"/><INIT seed="0,0,0,1,1,79" ten="250,250,250,250" oya="0" hai0="46,125,86,116,106,57,27,104,89,108,10,25,45" hai1="67,26,97,77,21,65,135,62,95,41,78,38,103" hai2="11,68,132,113,72,14,44,81,17,69,73,43,88" hai3="71,32,22,53,0,56,76,7,35,131,3,39,58"/><T85/><D116/><U2/><E2/><V109/><F109/><W128/><G71/><T82/><D108/><U134/><E41/><V66/><F113/><W110/><G39/><T133/><D133/><N who="1" m="50699" /><E38/><V99/><F132/><W15/><G110/><T87/><D125/><U4/><E4/><V100/><F66/><N who="1" m="25097" /><E62/><V107/><F73/><W124/><G124/><T51/><D106/><U127/><E127/><V90/><F90/><W50/><G7/><T52/><D104/><U37/><E37/><V84/><REACH who="2" step="1"/><F72/><REACH who="2" ten="250,250,240,250" step="2"/><W19/><G131/><T28/><D89/><U5/><E5/><V30/><F30/><AGARI ba="0,1" hai="21,26,30,77,78,95,97,103" m="25097,50699" machi="30" ten="30,1000,0" yaku="20,1" doraHai="79" who="1" fromWho="2" sc="250,0,250,20,240,-10,250,0" /><INIT seed="1,0,0,2,3,124" ten="250,270,230,250" oya="1" hai0="33,64,131,88,4,18,109,120,3,129,106,25,70" hai1="32,78,96,127,20,44,99,66,116,93,122,104,102" hai2="5,65,115,7,75,68,85,12,126,112,39,133,89" hai3="79,54,101,49,105,42,2,69,125,80,61,30,114"/><U57/><E116/><V117/><F117/><W24/><G125/><T118/><D118/><U67/><E32/><V82/><F126/><W36/><G114/><N who="2" m="43561" /><F39/><W46/><G2/><T119/><D119/><U35/><E35/><V16/><F133/><W13/><G13/><T86/><D106/><U62/><E122/><V121/><F121/><W98/><G54/><T76/><D76/><U135/><E135/><V110/><F110/><W108/><G49/><T45/><D45/><U55/><E127/><V8/><F75/><W63/><G108/><T97/><D97/><U113/><E78/><V95/><F82/><W103/><G103/><T0/><D4/><N who="2" m="1610" /><F65/><W9/><G9/><T60/><D120/><U56/><E113/><V58/><F58/><W130/><G69/><AGARI ba="0,0" hai="8,12,16,68,69,85,89,95" m="1610,43561" machi="69" ten="30,2000,0" yaku="11,1,54,1" doraHai="124" who="2" fromWho="3" sc="250,0,270,0,230,20,250,-20" /><INIT seed="2,0,0,3,5,105" ten="250,270,250,230" oya="2" hai0="129,52,121,29,36,5,124,108,15,60,122,4,55" hai1="85,111,123,63,20,110,79,64,135,125,114,84,9" hai2="23,26,12,131,86,41,38,47,17,42,18,10,7" hai3="2,54,1,102,115,21,117,59,66,65,77,14,50"/><V133/><F133/><W112/><G117/><T89/><D108/><N who="1" m="41515" /><E114/><N who="3" m="43562" /><G102/><T39/><D129/><U22/><E135/><V61/><F131/><W33/><G33/><T45/><D124/><U75/><E125/><V91/><F42/><W119/><G119/><T16/><D29/><U25/><E9/><V6/><REACH who="2" step="1"/><F61/><REACH who="2" ten="250,270,240,230" step="2"/><W113/><G113/><T19/><D60/><U0/><E63/><V57/><F57/><W78/><G66/><T106/><D45/><U90/><E64/><V24/><F24/><W103/><G65/><T118/><D118/><U49/><E25/><V132/><F132/><W46/><G59/><T104/><D122/><U34/><E123/><V8/><F8/><W43/><G43/><T120/><D121/><U28/><E49/><V88/><F88/><W83/><G103/><T107/><D120/><U74/><E90/><V116/><F116/><W11/><G78/><T130/><D130/><U109/><E79/><V82/><AGARI ba="0,1" hai="6,7,10,12,17,18,23,26,38,41,47,82,86,91" machi="82" ten="20,3900,0" yaku="1,1,0,1,7,1,53,0" doraHai="105" doraHaiUra="92" who="2" fromWho="2" sc="250,-13,270,-13,240,49,230,-13" /><INIT seed="2,1,0,1,4,70" ten="237,257,289,217" oya="2" hai0="14,87,2,97,116,37,27,90,75,32,77,29,78" hai1="40,85,33,118,83,106,24,13,128,28,84,86,107" hai2="72,105,66,26,16,94,76,104,122,7,9,125,74" hai3="119,20,71,89,79,36,12,99,56,130,23,10,50"/><V96/><F122/><W67/><G130/><T109/><D109/><U59/><E118/><V6/><F66/><W39/><G119/><T49/><D2/><U3/><E3/><V133/><F133/><W88/><G79/><T38/><D116/><U62/><E40/><V58/><F125/><W43/><G71/><T31/><D31/><U134/><E134/><V92/><F58/><W42/><G67/><T46/><D97/><U117/><E117/><V113/><F113/><W53/><G42/><T30/><D30/><U121/><E121/><V95/><F76/><W19/><G43/><T126/><D77/><U108/><E108/><V102/><F104/><W8/><G23/><T57/><D57/><U120/><E120/><V114/><F114/><W15/><G10/><T55/><D55/><U45/><E45/><V112/><F112/><W93/><G89/><T61/><D61/><U60/><E60/><V11/><F11/><W35/><G35/><T54/><D126/><U44/><E44/><V63/><F63/><W129/><G129/><T1/><D1/><U98/><E128/><V124/><F124/><W110/><G110/><T48/><D48/><U21/><E98/><V18/><F6/><AGARI ba="1,0" hai="6,8,12,15,19,20,36,39,50,53,56,88,93,99" machi="6" ten="30,7700,0" yaku="7,1,52,2,54,1" doraHai="70" who="3" fromWho="2" sc="237,0,257,0,289,-80,217,80" /><INIT seed="3,0,0,0,2,30" ten="237,257,209,297" oya="3" hai0="66,8,101,62,15,80,108,32,67,133,103,54,98" hai1="46,130,24,122,94,41,97,22,96,119,121,72,55" hai2="127,44,23,120,56,16,39,116,128,14,6,110,9" hai3="117,104,75,49,111,91,28,74,37,59,123,93,87"/><W106/><G123/><T88/><D108/><U73/><E130/><V58/><F116/><W45/><G37/><T3/><D3/><U20/><E119/><V1/><F110/><W113/><G117/><T89/><D133/><U124/><E124/><V100/><F127/><W61/><G113/><T85/><D32/><U131/><E131/><V78/><F128/><W10/><G111/><T60/><D89/><U114/><E55/><V126/><F126/><W4/><G28/><T69/><D54/><U11/><E11/><V99/><F120/><W112/><G112/><T35/><D35/><U34/><E34/><V86/><F86/><W84/><G84/><T83/><D83/><U31/><E20/><V5/><F5/><W79/><G75/><T50/><D50/><U2/><E2/><V68/><F68/><W135/><G135/><T125/><D125/><U36/><E114/><V77/><F77/><W65/><G79/><T29/><D29/><U26/><E97/><V47/><F78/><W107/><G74/><N who="1" m="28778" /><E24/><V134/><F134/><W19/><G19/><N who="0" m="8679" /><D98/><U118/><E118/><V18/><F18/><W38/><G38/><T90/><D90/><N who="1" m="55383" /><E122/><V115/><F115/><W33/><G33/><T76/><D76/><U70/><E70/><V40/><REACH who="2" step="1"/><F47/><REACH who="2" ten="237,257,199,297" step="2"/><W81/><G4/><T132/><D132/><U71/><E71/><V27/><F27/><W109/><G109/><T43/><D43/><U105/><E121/><V21/><F21/><W53/><G81/><T17/><D17/><U51/><E41/><V57/><F57/><N who="3" m="37039" /><G45/><T48/><D48/><U13/><E51/><RYUUKYOKU ba="0,1" sc="237,10,257,-30,199,10,297,10" hai0="60,62,66,67,69,80,85,88,101,103" hai2="1,6,9,14,16,23,39,40,44,56,58,99,100" hai3="10,49,53,59,87,91,93,104,106,107" owari="247,4.7,227,-17.3,209,-29.1,317,41.7" /></mjloggm>