<mjloggm ver="2.3"><GO type="225" lobby="0"/><UN n0="%73%6C%69%63%6B%33%31%39" n1="%E3%81%B2%E3%81%AA%E3%81%AE%E3%82%8A%E3%81%8F" n2="%E5%B7%9D%E7%80%AC%E6%99%BA%E5%AD%90" n3="%E7%AD%89%E3%80%85%E5%8A%9B%E5%8A%87%E5%A0%B4" dan="16,17,16,16" rate="2111.45,2205.31,2026.72,2159.35" sx="M,M,M,M"/><TAIKYOKU oya="0"/><INIT seed="0,0,0,5,3,102" ten="250,250,250,250" oya="0" hai0="74,29,28,125,65,134,108,34,110,92,70,77,39" hai1="19,94,76,133,57,62,124,100,84,15,55,56,113" hai2="128,73,17,43,93,13,46,81,8,38,61,116,25" hai3="12,11,64,123,72,42,83,26,119,45,52,78,7"/><T115/><D115/><U71/><E113/><V88/><F128/><W60/><G123/><T121/><D121/><U41/><E133/><V96/><F116/><W48/><G119/><T95/><D39/><U132/><E132/><V37/><F37/><W126/><G126/><T53/><D134/><U69/><E41/><V32/><F61/><W49/><G26/><T109/><D125/><U91/><E124/><V21/><F32/><W86/><G72/><T31/><D34/><U27/><E27/><V3/><F3/><W18/><G49/><T98/><D53/><U6/><E6/><V16/><F81/><W107/><G107/><T5/><D5/><U66/><E100/><V54/><F54/><W112/><G112/><T117/><D117/><U63/><E76/><V1/><F73/><W51/><G51/><T105/><D65/><U135/><E135/><V79/><F79/><W120/><G120/><T14/><D14/><U10/><AGARI ba="0,0" hai="10,15,19,55,56,57,62,63,66,69,71,84,91,94" machi="10" ten="20,1500,0" yaku="0,1,7,1" doraHai="102" who="1" fromWho="1" sc="250,-7,250,15,250,-4,250,-4" /><INIT seed="1,0,0,5,4,39" ten="243,265,246,246" oya="1" hai0="68,8,126,106,102,62,114,63,55,0,65,32,28" hai1="104,129,103,15,40,51,46,36,78,48,115,109,113" hai2="38,41,127,52,30,24,82,88,93,76,87,99,95" hai3="117,33,20,118,70,134,86,77,6,97,11,80,92"/><U12/><E129/><V94/><F127/><W42/><G33/><T37/><D114/><U25/><E78/><V98/><F52/><W35/><G35/><T61/><D126/><U10/><E109/><V19/><F19/><W111/><G70/><T49/><D37/><U31/><E15/><V100/><F38/><W119/><G134/><T71/><D71/><U58/><E103/><V112/><F112/><W72/><G111/><T23/><D23/><U47/><E104/><V96/><F41/><W2/><G20/><T7/><D102/><U60/><E25/><V108/><F108/><W75/><REACH who="3" step="1"/><G42/><REACH who="3" ten="243,265,246,236" step="2"/><T67/><D68/><U74/><E113/><V90/><F30/><W66/><G66/><T16/><D28/><U3/><E31/><V50/><F24/><W4/><G4/><T81/><D32/><U79/><E115/><V116/><F50/><W122/><G122/><T59/><D67/><U128/><E36/><V133/><F133/><W1/><G1/><T5/><D65/><U9/><E3/><V83/><F116/><W14/><G14/><N who="0" m="7239" /><D0/><U57/><E40/><V124/><F124/><W120/><G120/><T121/><D121/><U53/><E12/><V17/><F17/><W85/><G85/><T132/><D132/><U69/><E69/><V110/><F110/><W123/><G123/><T64/><D64/><U29/><E29/><V22/><F22/><W45/><G45/><T130/><D5/><U89/><E47/><V105/><F82/><W73/><G73/><T135/><D135/><U26/><E46/><V125/><F125/><W34/><G34/><RYUUKYOKU ba="0,1" sc="243,-15,265,-15,246,15,236,15" hai2="76,83,87,88,90,93,94,95,96,98,99,100,105" hai3="2,6,11,72,75,77,80,86,92,97,117,118,119" /><INIT seed="2,1,1,5,1,76" ten="228,250,261,251" oya="2" hai0="35,68,2,83,25,97,115,110,79,67,65,27,133" hai1="93,126,85,82,109,73,0,96,101,132,41,119,122" hai2="56,14,53,17,81,125,74,108,99,66,4,62,107" hai3="29,11,60,134,64,105,72,21,129,46,36,118,87"/><V78/><F125/><W114/><G72/><T28/><D115/><U128/><E0/><V20/><F108/><W30/><G105/><T95/><D2/><U86/><E41/><V47/><F4/><W42/><G118/><T117/><D110/><U88/><E109/><V37/><F107/><W50/><G134/><T94/><D133/><U75/><E119/><V69/><F99/><W52/><G129/><T40/><D117/><U15/><E15/><V23/><F37/><W111/><G111/><T38/><D68/><U98/><E132/><V51/><REACH who="2" step="1"/><F20/><REACH who="2" ten="228,250,251,251" step="2"/><W26/><G36/><T103/><D38/><U130/><E126/><V80/><F80/><W91/><G114/><T19/><D94/><N who="1" m="54551" /><E122/><V90/><F90/><W63/><G91/><T22/><REACH who="0" step="1"/><D40/><REACH who="0" ten="218,250,251,251" step="2"/><U61/><E128/><V18/><F18/><W104/><G42/><T113/><D113/><U131/><E131/><V59/><AGARI ba="1,3" hai="14,17,23,47,51,53,56,59,62,66,69,74,78,81" machi="59" ten="30,12000,1" yaku="1,1,0,1,52,1,53,2" doraHai="76" doraHaiUra="54" who="2" fromWho="2" sc="218,-41,250,-41,251,153,251,-41" /><INIT seed="2,2,0,2,0,103" ten="177,209,404,210" oya="2" hai0="110,50,7,49,125,24,126,123,124,118,95,101,78" hai1="10,44,27,81,127,111,107,68,6,30,1,58,76" hai2="88,62,94,51,42,25,129,64,60,12,52,32,73" hai3="65,98,9,39,59,72,34,117,0,3,40,131,47"/><V29/><F73/><W19/><G117/><T86/><D7/><U105/><E68/><V43/><F129/><W11/><G34/><T33/><D123/><U87/><E111/><V120/><F12/><W70/><G72/><T63/><D110/><U17/><E127/><N who="0" m="32513" /><T100/><DORA hai="8" /><D118/><U53/><E17/><V135/><F135/><W23/><G70/><T97/><D101/><U134/><E44/><V5/><F5/><W14/><G131/><T26/><D63/><U89/><E76/><V66/><F60/><W99/><G11/><T31/><D24/><U133/><E133/><V2/><F2/><W28/><G0/><T93/><D78/><U4/><E4/><V20/><F32/><W69/><G69/><T21/><D33/><U121/><E121/><V48/><F48/><N who="0" m="18538" /><D86/><U13/><E1/><V61/><F61/><W85/><G3/><T96/><D96/><U106/><E134/><V104/><F120/><W35/><G35/><T16/><D31/><U82/><E82/><V83/><F83/><W115/><G85/><T18/><D18/><U38/><E30/><V56/><F66/><W55/><G65/><T128/><D128/><U41/><E27/><V54/><F64/><W15/><G28/><T132/><D132/><U116/><E116/><V71/><F71/><W79/><G79/><T113/><D113/><U45/><E105/><AGARI ba="2,0" hai="16,21,26,93,95,97,100,105" m="18538,32513" machi="105" ten="40,5200,0" yaku="18,1,52,1,54,1" doraHai="103,8" who="0" fromWho="1" sc="177,58,209,-58,404,0,210,0" /><INIT seed="3,0,0,3,2,71" ten="235,151,404,210" oya="3" hai0="30,116,11,10,31,97,115,133,92,24,5,121,77" hai1="86,110,32,129,34,48,60,28,63,7,75,14,120" hai2="100,124,19,82,53,12,70,2,66,68,20,18,128" hai3="39,90,25,127,55,81,40,9,44,108,79,101,64"/><W57/><G127/><T35/><D116/><U13/><E120/><V112/><F2/><W27/><G108/><T99/><D121/><U134/><E110/><V107/><F107/><W74/><G64/><T130/><D77/><U119/><E119/><V54/><F100/><W125/><G125/><T78/><D78/><U36/><E75/><V4/><F4/><W126/><G126/><T80/><D80/><U105/><E105/><V104/><F104/><W106/><G90/><T88/><D30/><U135/><E129/><V41/><F41/><W8/><G8/><T21/><D10/><U84/><E48/><V47/><F112/><W114/><G114/><T87/><D115/><U0/><E28/><V49/><F66/><W61/><REACH who="3" step="1"/><G9/><REACH who="3" ten="235,151,404,200" step="2"/><T72/><D88/><U73/><E73/><V43/><F124/><W6/><G6/><T76/><D11/><U117/><E7/><V96/><F128/><W51/><G51/><T113/><D5/><U3/><E117/><V16/><F49/><W45/><G45/><T93/><D72/><U95/><E95/><V22/><F47/><W85/><G85/><T69/><D87/><U59/><E59/><V62/><F68/><W46/><G46/><T23/><D69/><U89/><E89/><V83/><F70/><W103/><G103/><T50/><D50/><U17/><E17/><V33/><F19/><W94/><G94/><T123/><D113/><U42/><E42/><V52/><F43/><W98/><AGARI ba="0,1" hai="25,27,39,40,44,55,57,61,74,79,81,98,101,106" machi="98" ten="30,11700,0" yaku="1,1,0,1,52,1,53,1" doraHai="71" doraHaiUra="38" who="3" fromWho="3" sc="235,-39,151,-39,404,-39,200,127" /><INIT seed="3,1,0,0,5,7" ten="196,112,365,327" oya="3" hai0="49,133,82,126,24,5,85,132,105,67,52,60,123" hai1="47,118,98,90,17,69,86,119,135,48,6,124,22" hai2="50,19,81,10,62,115,55,28,4,78,76,109,110" hai3="3,21,116,34,57,100,97,102,9,84,72,58,121"/><W92/><G72/><T20/><D105/><U16/><E69/><V74/><F115/><W91/><G34/><T63/><D5/><U134/><E6/><V36/><F36/><W46/><G116/><T114/><D123/><U108/><E98/><V68/><F28/><W27/><G121/><T15/><D15/><U23/><E124/><V44/><F19/><W125/><G125/><T94/><D94/><U71/><E71/><V95/><F76/><W0/><G102/><T103/><D103/><U73/><E73/><V39/><F95/><W8/><G0/><T43/><D43/><U12/><E108/><N who="2" m="41579" /><F39/><W64/><G46/><N who="0" m="27703" /><D67/><U129/><E129/><V40/><F68/><W13/><G3/><T51/><D51/><U117/><E90/><V83/><F62/><N who="3" m="37967" /><G13/><T26/><D26/><U112/><E112/><V53/><F83/><N who="3" m="49567" /><G58/><T131/><D131/><U33/><E33/><V66/><F66/><W70/><G70/><T14/><D14/><AGARI ba="1,0" hai="4,10,14,40,44,50,53,55,74,78,81" m="41579" machi="14" ten="30,2000,0" yaku="14,1,52,1" doraHai="7" who="2" fromWho="0" sc="196,-23,112,0,365,23,327,0" owari="173,-22.7,112,-38.8,388,48.8,327,12.7" /></mjloggm>