<mjloggm ver="2.3"><GO type="225" lobby="0"/><UN n0="%6D%75%75%6D%75%72%61" n1="%E6%B8%A9%E2%98%85%E6%83%85%E2%98%85%E6%8E%AA%E2%98%85%E7%BD%AE" n2="%E3%83%8F%E3%82%AC%E3%82%BF%E3%82%AB%E3%81%AE%E3%81%88%E3%81%98%E3%81%8D" n3="%72%61%6B%33" dan="16,16,16,18" rate="2124.08,2130.61,2182.09,2238.35" sx="F,M,M,M"/><TAIKYOKU oya="0"/><INIT seed="0,0,0,1,4,73" ten="250,250,250,250" oya="0" hai0="2,100,112,125,114,87,51,84,42,28,40,70,45" hai1="121,106,35,95,44,53,32,58,61,41,108,133,99" hai2="118,103,52,76,67,66,37,104,115,134,72,49,29" hai3="30,7,130,1,26,54,22,127,128,105,13,69,92"/><T75/><D75/><U9/><E121/><V110/><F115/><W107/><G69/><T39/><D2/><U64/><E108/><V83/><F37/><W60/><G127/><T86/><D125/><U81/><E133/><V15/><F110/><W122/><G122/><T98/><D70/><U34/><E106/><V91/><F134/><W12/><G1/><T31/><D39/><U124/><E124/><V88/><F29/><W117/><G117/><T119/><D42/><U3/><E81/><V82/><F15/><W4/><G92/><T90/><D119/><U63/><E41/><V48/><F48/><W20/><G60/><T116/><D116/><U78/><E78/><V8/><F8/><W17/><G54/><T59/><D90/><U23/><E23/><V0/><F0/><W43/><G43/><T47/><D47/><U68/><E44/><V24/><F24/><W93/><G93/><T38/><D112/><U14/><E3/><V71/><F118/><W56/><G56/><T21/><D114/><U27/><E27/><V97/><F71/><W131/><REACH who="3" step="1"/><G13/><REACH who="3" ten="250,250,250,240" step="2"/><T10/><D59/><U101/><REACH who="1" step="1"/><E35/><REACH who="1" ten="250,240,250,240" step="2"/><V96/><F83/><W109/><G109/><T18/><D40/><U50/><E50/><V126/><F126/><W16/><G16/><AGARI ba="0,2" hai="9,14,16,32,34,53,58,61,63,64,68,95,99,101" machi="16" ten="30,3900,0" yaku="1,1,7,1,54,1,53,0" doraHai="73" doraHaiUra="129" who="1" fromWho="3" sc="250,0,240,59,250,0,240,-39" /><INIT seed="1,0,0,3,2,17" ten="250,299,250,201" oya="1" hai0="9,60,135,10,108,101,70,72,5,34,112,39,107" hai1="134,82,37,50,55,96,113,78,31,58,115,7,54" hai2="64,42,130,79,22,114,87,84,126,123,36,48,128" hai3="21,76,62,77,129,73,40,1,52,20,59,29,32"/><U99/><E37/><V27/><F123/><W65/><G1/><T89/><D112/><N who="1" m="43083" /><E134/><V18/><F114/><W11/><G129/><N who="2" m="49769" /><F36/><W119/><G119/><T57/><D135/><U74/><E7/><V127/><F64/><W38/><G11/><T110/><D70/><U19/><E31/><V33/><F33/><W23/><G73/><T121/><D121/><U24/><E55/><V56/><F79/><W46/><REACH who="3" step="1"/><G65/><REACH who="3" ten="250,299,250,191" step="2"/><T132/><D10/><U111/><E74/><V66/><F66/><W26/><AGARI ba="0,1" hai="20,21,23,26,29,32,38,40,46,52,59,62,76,77" machi="26" ten="30,12000,2" yaku="1,1,2,1,0,1,52,3,54,1,53,0" doraHai="17" doraHaiUra="85" who="3" fromWho="3" sc="250,-30,299,-60,250,-30,191,130" /><INIT seed="2,0,0,0,0,40" ten="220,239,220,321" oya="2" hai0="112,129,5,31,64,86,74,10,101,33,58,24,2" hai1="125,88,9,73,119,46,77,7,59,0,8,18,94" hai2="93,132,91,65,87,99,100,133,71,12,131,84,15" hai3="16,3,128,23,20,53,25,106,32,97,108,110,1"/><V95/><F131/><W62/><G128/><T118/><D129/><U63/><E119/><V13/><F71/><W107/><G32/><T22/><D118/><U4/><E125/><V85/><REACH who="2" step="1"/><F65/><REACH who="2" ten="220,239,210,321" step="2"/><W120/><G120/><T124/><D64/><U57/><E73/><V116/><F116/><W49/><G110/><T60/><D74/><U111/><E111/><V113/><F113/><W37/><G108/><T66/><D112/><U61/><E0/><V45/><F45/><W134/><G1/><T103/><D124/><U78/><E46/><V28/><F28/><W89/><G3/><T115/><D115/><U109/><E109/><V121/><F121/><W6/><G134/><AGARI ba="0,1" hai="12,13,15,84,85,87,91,93,95,99,100,132,133,134" machi="134" ten="40,3900,0" yaku="1,1,20,1,53,0" doraHai="40" doraHaiUra="69" who="2" fromWho="3" sc="220,0,239,0,210,49,321,-39" /><INIT seed="2,1,0,5,1,32" ten="220,239,259,282" oya="2" hai0="31,96,71,37,86,8,120,38,80,90,73,128,119" hai1="48,43,134,46,59,88,129,121,132,9,40,36,17" hai2="125,49,130,84,76,54,18,45,12,74,64,55,82" hai3="51,126,118,63,26,33,56,22,25,87,19,70,79"/><V67/><F125/><W99/><G118/><T24/><D120/><U106/><E106/><V50/><F130/><W16/><G126/><T60/><D128/><U131/><E121/><V75/><F75/><W23/><G33/><T100/><D119/><U13/><E43/><V44/><REACH who="2" step="1"/><F74/><REACH who="2" ten="220,239,249,282" step="2"/><W110/><G110/><T107/><D73/><U21/><E131/><V111/><F111/><W3/><G70/><T117/><D117/><U114/><E129/><V102/><F102/><W61/><G3/><T65/><REACH who="0" step="1"/><D8/><AGARI ba="1,1" hai="8,12,18,44,45,49,50,54,55,64,67,76,82,84" machi="8" ten="30,11600,0" yaku="1,1,7,1,9,1,8,1,53,0" doraHai="32" doraHaiUra="98" who="2" fromWho="0" sc="220,-119,239,0,249,129,282,0" /><INIT seed="2,2,0,1,0,130" ten="101,239,378,282" oya="2" hai0="128,85,103,11,71,91,62,116,51,94,67,76,107" hai1="66,44,69,84,95,110,98,40,101,52,47,121,78" hai2="68,8,4,65,73,24,72,9,23,70,106,63,113" hai3="125,57,117,126,7,15,1,55,14,87,56,38,49"/><V83/><F113/><W75/><G75/><T16/><D128/><U53/><E110/><V35/><F106/><W2/><G38/><T132/><D116/><U123/><E66/><V112/><F112/><W74/><G74/><T45/><D76/><U33/><E33/><V133/><F35/><W17/><G117/><T34/><D34/><U120/><E69/><V134/><F68/><W104/><G104/><T90/><D107/><U42/><E78/><V92/><F92/><W109/><G109/><T79/><D132/><N who="2" m="50794" /><F83/><W25/><G1/><T115/><D115/><U122/><E84/><V108/><F108/><W100/><G2/><T135/><D135/><U28/><E28/><N who="2" m="17439" /><F9/><W111/><G87/><T89/><D79/><U39/><REACH who="1" step="1"/><E122/><REACH who="1" ten="101,229,378,282" step="2"/><V5/><F73/><W48/><G111/><T29/><D29/><U36/><AGARI ba="2,1" hai="36,39,40,42,44,47,52,53,95,98,101,120,121,123" machi="36" ten="30,16000,3" yaku="1,1,2,1,0,1,9,1,13,1,54,1,53,2" doraHai="130" doraHaiUra="50" who="1" fromWho="1" sc="101,-42,229,176,378,-82,282,-42" /><INIT seed="3,0,0,0,5,36" ten="59,405,296,240" oya="3" hai0="50,49,132,34,98,46,71,57,37,0,112,3,129" hai1="52,21,93,60,81,59,4,127,33,101,106,51,115" hai2="6,10,62,43,130,128,26,77,24,1,35,5,100" hai3="76,124,25,38,13,133,107,89,66,16,84,111,23"/><W48/><G38/><T91/><D129/><N who="2" m="49770" /><F100/><W82/><G124/><T110/><D110/><U17/><E33/><V29/><F77/><W68/><G133/><T53/><D132/><U87/><E106/><V78/><F78/><W135/><G135/><T31/><D71/><U72/><E115/><V96/><F96/><W9/><G107/><T102/><D37/><U56/><E72/><V63/><F43/><W116/><G111/><T90/><D112/><U27/><E4/><V97/><F97/><W108/><G108/><T120/><D120/><U131/><E131/><V92/><F92/><W85/><G116/><T114/><D114/><U15/><E27/><V42/><F42/><W12/><G48/><T134/><D134/><U75/><E75/><V11/><F26/><W113/><G113/><T44/><D34/><U7/><E93/><V103/><F103/><W8/><G68/><T122/><D122/><U28/><E101/><V2/><AGARI ba="0,0" hai="1,2,5,6,10,11,24,29,35,62,63" m="49770" machi="2" ten="30,1100,0" yaku="19,1" doraHai="36" who="2" fromWho="2" sc="59,-3,405,-3,296,11,240,-5" owari="56,-44.4,402,50.2,307,10.7,235,-16.5" /></mjloggm>