<mjloggm ver="2.3"><GO type="225" lobby="0"/><UN n0="%E6%9D%B1%E9%A2%A8%E3%81%AE%E3%81%8D%E3%82%83%E3%81%B7%E3%81%95%E3%82%93" n1="%E9%B3%B3%E6%9D%B1%E3%81%AE%E3%81%86%E3%81%95%E3%81%8E%E3%81%95%E3%82%93" n2="%E4%BA%95%E5%B8%AF" n3="%4C%4F%4C%49%54%41" dan="17,17,16,16" rate="2231.97,2268.31,2067.58,2134.60" sx="M,M,M,F"/><TAIKYOKU oya="0"/><INIT seed="0,0,0,3,1,92" ten="250,250,250,250" oya="0" hai0="130,60,8,116,57,132,77,50,120,108,135,20,39" hai1="40,114,2,12,63,80,78,67,94,35,98,65,13" hai2="19,10,4,25,30,11,74,109,86,21,32,58,95" hai3="62,0,119,88,100,76,53,126,127,66,41,70,107"/><T61/><D77/><U106/><E106/><V97/><F74/><W6/><G119/><T43/><D8/><U18/><E2/><V82/><F109/><W22/><G76/><T85/><D85/><N who="1" m="48279" /><E35/><V51/><F51/><W46/><G53/><N who="0" m="31927" /><D20/><N who="1" m="11335" /><E114/><V83/><F58/><W124/><G22/><T64/><D120/><U101/><E40/><V49/><F49/><W29/><G29/><T123/><D123/><U96/><E63/><N who="0" m="24137" /><D64/><N who="1" m="24651" /><E13/><V129/><F32/><W99/><G0/><T71/><D116/><U128/><E128/><V3/><F129/><W24/><G6/><T122/><D122/><U44/><E44/><V38/><F4/><W105/><G105/><T104/><D104/><U17/><E17/><V112/><F19/><W1/><G1/><T134/><D71/><U91/><E101/><V117/><F3/><W89/><REACH who="3" step="1"/><G24/><REACH who="3" ten="250,250,250,240" step="2"/><T26/><D26/><U73/><E73/><V111/><F25/><W131/><G131/><T34/><D34/><U121/><E121/><V110/><F117/><W52/><G52/><T31/><D130/><U59/><E59/><V45/><F21/><W72/><G72/><T9/><D31/><U47/><E47/><V75/><F45/><W33/><G33/><T36/><D108/><U55/><E55/><V115/><F75/><W16/><G16/><T5/><D43/><U68/><E68/><V113/><F111/><W28/><G28/><T125/><D125/><U90/><E90/><N who="2" m="55543" /><F110/><W133/><G133/><T102/><D102/><U93/><E91/><N who="2" m="51671" /><F30/><W81/><G81/><T69/><D69/><U87/><E87/><V15/><F115/><RYUUKYOKU ba="0,1" sc="250,10,250,10,250,-30,240,10" hai0="5,9,36,39,132,134,135" hai1="93,94,96,98" hai3="41,46,62,66,70,88,89,99,100,107,124,126,127" /><INIT seed="0,1,1,3,3,63" ten="260,260,220,250" oya="0" hai0="129,31,52,130,34,135,90,16,55,39,50,109,66" hai1="20,1,44,122,86,21,72,80,40,83,134,14,93" hai2="91,30,6,23,41,8,0,110,118,96,45,28,77" hai3="92,98,82,37,106,126,115,87,101,29,81,26,103"/><T123/><D39/><U51/><E122/><V17/><F110/><W95/><G37/><T33/><D123/><U127/><E1/><V54/><F118/><W79/><G26/><T121/><D121/><U131/><E131/><N who="0" m="50185" /><D31/><U67/><E134/><V19/><F77/><N who="3" m="46511" /><G29/><T100/><D100/><U22/><E127/><V7/><F7/><W61/><G61/><T117/><D117/><U76/><E93/><N who="3" m="35914" /><G115/><T84/><D135/><U56/><E56/><V89/><F54/><N who="0" m="20522" /><D50/><U60/><E14/><V88/><F30/><W10/><G126/><T69/><D109/><U13/><E13/><V24/><REACH who="2" step="1"/><F96/><REACH who="2" ten="260,260,210,250" step="2"/><W85/><G98/><T78/><D78/><U64/><REACH who="1" step="1"/><E60/><REACH who="1" ten="260,250,210,250" step="2"/><V32/><F32/><W104/><G106/><T125/><D125/><U108/><E108/><V9/><F9/><W46/><G10/><T116/><D116/><U53/><E53/><V70/><F70/><W4/><G104/><T120/><D120/><U111/><E111/><V74/><F74/><W12/><G4/><T75/><D75/><U18/><E18/><V43/><F43/><W27/><G27/><T68/><D16/><U113/><E113/><V128/><F128/><W102/><G12/><T58/><D68/><U36/><E36/><AGARI ba="1,3" hai="0,6,8,17,19,23,24,28,36,41,45,88,89,91" machi="36" ten="40,2600,0" yaku="1,1,54,1,53,0" doraHai="63" doraHaiUra="48" who="2" fromWho="1" sc="260,0,250,-29,210,59,250,0" /><INIT seed="1,0,0,2,5,29" ten="260,221,269,250" oya="1" hai0="81,55,133,89,58,57,24,67,109,17,42,85,72" hai1="77,43,20,60,37,100,78,44,38,6,99,127,8" hai2="3,11,63,104,90,102,39,108,27,12,126,76,115" hai3="97,98,74,22,49,31,95,110,62,19,40,84,88"/><U87/><E127/><V4/><F39/><W92/><G74/><T48/><D72/><U123/><E123/><V9/><F76/><W34/><G110/><T119/><D109/><U61/><E38/><V5/><F115/><W82/><G62/><T18/><D133/><U130/><E130/><V53/><F126/><W15/><G34/><T41/><D119/><U28/><E28/><V68/><F90/><W120/><G31/><T33/><D33/><U65/><E20/><V135/><F27/><W79/><G120/><T21/><D17/><U70/><E87/><V111/><F135/><W56/><G56/><T73/><D73/><U96/><E61/><AGARI ba="0,0" hai="18,21,24,41,42,48,55,57,58,61,67,81,85,89" machi="61" ten="40,1300,0" yaku="8,1" doraHai="29" who="0" fromWho="1" sc="260,13,221,-13,269,0,250,0" /><INIT seed="2,0,0,3,5,119" ten="273,208,269,250" oya="2" hai0="40,116,102,135,51,83,61,127,64,17,108,55,50" hai1="113,86,109,21,54,124,62,0,46,44,39,10,106" hai2="70,9,79,80,6,76,37,130,53,4,90,128,110" hai3="69,5,81,23,49,85,30,42,14,84,111,56,16"/><V95/><F70/><W2/><G69/><T115/><D116/><U24/><E113/><V34/><F37/><W74/><G111/><T121/><D108/><U126/><E109/><V132/><F34/><W52/><G30/><T8/><D121/><U11/><E106/><V38/><F38/><W20/><G20/><T129/><D135/><U131/><E131/><N who="2" m="50219" /><F132/><W117/><G117/><T26/><D127/><N who="1" m="48683" /><E86/><N who="2" m="52695" /><F110/><W82/><G42/><T36/><D129/><U78/><E78/><N who="2" m="29739" /><F80/><N who="3" m="30827" /><G74/><T71/><D115/><U93/><E39/><V122/><F122/><W105/><G105/><T66/><D36/><U58/><E93/><V91/><F91/><W28/><G2/><T59/><D83/><U63/><E0/><V57/><F9/><N who="1" m="3081" /><E63/><AGARI ba="0,0" hai="4,6,53,57,63" m="29739,52695,50219" machi="63" ten="30,1500,0" yaku="19,1" doraHai="119" who="2" fromWho="1" sc="273,0,208,-15,269,15,250,0" /><INIT seed="2,1,0,3,4,63" ten="273,193,284,250" oya="2" hai0="16,44,1,54,73,27,36,51,66,8,21,57,58" hai1="48,56,129,24,43,90,40,78,69,94,111,104,31" hai2="49,80,17,0,87,100,98,25,12,88,121,116,59" hai3="35,120,37,132,15,130,108,34,127,11,107,28,75"/><V62/><F121/><W68/><G28/><T135/><D135/><U117/><E117/><V134/><F0/><W7/><G15/><T38/><D73/><U52/><E111/><V93/><F134/><W46/><G11/><T96/><D96/><U133/><E104/><V76/><F116/><W33/><G33/><T18/><D58/><U30/><E133/><V64/><F25/><W50/><G50/><T5/><REACH who="0" step="1"/><D18/><REACH who="0" ten="263,193,284,250" step="2"/><U55/><E69/><V4/><F4/><W109/><G109/><T79/><D79/><U45/><E78/><V119/><F119/><W84/><G75/><T92/><D92/><U9/><E129/><V113/><F113/><W60/><G108/><T72/><D72/><U67/><E94/><V41/><F76/><W70/><G130/><T112/><D112/><U26/><E90/><V86/><F86/><W14/><G84/><T6/><D6/><U128/><E128/><V61/><F59/><W65/><G7/><T53/><D53/><N who="1" m="20555" /><E43/><V115/><F41/><W47/><G132/><T105/><D105/><U19/><E30/><V22/><F88/><W125/><G107/><T89/><D89/><U106/><E106/><V10/><F87/><W114/><G114/><T122/><D122/><U123/><E123/><V110/><F115/><W103/><G120/><T91/><D91/><U82/><E31/><V118/><F110/><W131/><G131/><T99/><D99/><U39/><E82/><V85/><F80/><W77/><G77/><T101/><D101/><U124/><E56/><N who="2" m="36903" /><F118/><W102/><G102/><T42/><D42/><U97/><E40/><RYUUKYOKU ba="1,1" sc="263,30,193,-10,284,-10,250,-10" hai0="1,5,8,16,21,27,36,38,44,51,54,57,66" /><INIT seed="3,2,1,2,5,126" ten="293,183,274,240" oya="3" hai0="75,26,64,16,87,108,88,99,13,1,73,117,85" hai1="132,97,130,92,115,120,19,81,125,111,41,0,35" hai2="102,45,74,3,79,90,80,2,20,65,70,104,50" hai3="134,116,72,63,82,121,61,5,66,69,103,23,43"/><W113/><G113/><T51/><D1/><U42/><E120/><V15/><F70/><W91/><G116/><T100/><D117/><U131/><E115/><V24/><F65/><W31/><G121/><T38/><D38/><U54/><E125/><V49/><F49/><W21/><G103/><T10/><D108/><U56/><E111/><V105/><F105/><W110/><G134/><T14/><D64/><U17/><E35/><V52/><F15/><W84/><G5/><T94/><D26/><U107/><E107/><V101/><F90/><W32/><G43/><N who="1" m="16394" /><E81/><V55/><F55/><W129/><G61/><T36/><D36/><U57/><E0/><V128/><F128/><N who="1" m="49193" /><E132/><V122/><F122/><W48/><G110/><T59/><D14/><U18/><E54/><V9/><F104/><W71/><G82/><T29/><D29/><U109/><E109/><V27/><F3/><W8/><G32/><T95/><REACH who="0" step="1"/><D85/><REACH who="0" ten="283,183,274,240" step="2"/><U25/><E25/><V135/><F27/><W11/><G84/><T53/><AGARI ba="2,2" hai="10,13,16,51,53,59,73,75,87,88,94,95,99,100" machi="53" ten="30,12000,2" yaku="1,1,2,1,0,1,54,2,53,2" doraHai="126" doraHaiUra="89" who="0" fromWho="0" sc="283,146,183,-32,274,-32,240,-62" owari="429,52.9,151,-34.9,242,4.2,178,-22.2" /></mjloggm>