<mjloggm ver="2.3"><GO type="225" lobby="0"/><UN n0="%6D%75%75%6D%75%72%61" n1="%E6%98%A5%E3%81%AE%E3%81%8B%E3%81%91%E3%82%89" n2="%72%69%6F%75%63%68%61%6E" n3="%E3%82%B7%E3%83%B3%E5%A4%AA%E6%9C%97" dan="16,16,17,16" rate="2130.24,2081.43,2144.91,2144.95" sx="F,F,M,M"/><TAIKYOKU oya="0"/><INIT seed="0,0,0,2,1,93" ten="250,250,250,250" oya="0" hai0="106,96,80,53,43,72,4,47,118,95,91,49,101" hai1="86,18,129,112,69,10,21,12,40,126,127,36,65" hai2="11,92,31,30,73,45,68,74,59,25,67,55,79" hai3="27,57,9,132,41,35,6,70,99,87,20,125,120"/><T134/><D118/><U1/><E129/><V34/><F79/><W44/><G70/><T135/><D4/><U103/><E112/><V54/><F31/><W13/><G132/><T102/><D102/><U119/><E119/><V131/><F131/><W39/><G125/><N who="1" m="47626" /><E103/><V123/><F123/><W107/><G35/><T14/><D14/><U110/><E110/><V133/><F133/><W90/><G57/><T89/><D43/><U75/><E75/><V85/><F68/><W113/><G113/><T61/><D61/><N who="1" m="40111" /><E86/><V76/><F67/><W115/><G115/><T33/><D33/><U77/><E77/><V24/><F24/><W124/><G124/><T71/><D71/><U66/><E66/><V0/><F45/><W3/><G120/><T84/><D91/><U29/><E29/><V5/><F54/><W22/><G3/><T32/><D32/><U114/><E114/><V64/><F64/><W128/><G128/><T46/><D47/><N who="1" m="23943" /><E1/><V130/><F130/><W63/><G107/><T7/><D7/><U82/><E82/><V58/><F58/><W98/><G63/><T88/><REACH who="0" step="1"/><D72/><REACH who="0" ten="240,250,250,250" step="2"/><U117/><E117/><V78/><F74/><W111/><G6/><T81/><D81/><U104/><E104/><V122/><F73/><W50/><G44/><T17/><D17/><U52/><E10/><V16/><F16/><W116/><G9/><T105/><D105/><U42/><E42/><V97/><F122/><W60/><G41/><T48/><D48/><U100/><E100/><V108/><F0/><W28/><G50/><T19/><D19/><U94/><E94/><RYUUKYOKU ba="0,1" sc="240,15,250,15,250,-15,250,-15" hai0="46,49,53,80,84,88,89,95,96,101,106,134,135" hai1="12,18,21,52" /><INIT seed="0,1,1,3,0,97" ten="255,265,235,235" oya="0" hai0="84,62,111,88,74,20,3,17,42,2,13,71,25" hai1="93,127,135,94,118,95,33,46,70,5,28,90,72" hai2="73,38,63,112,54,96,91,55,124,59,44,69,18" hai3="40,64,43,0,37,109,115,7,107,47,16,103,92"/><T31/><D74/><U123/><E118/><V29/><F112/><W132/><G115/><T119/><D119/><U134/><E123/><V36/><F124/><W65/><G132/><N who="1" m="50730" /><E127/><V105/><F73/><W27/><G40/><T85/><D85/><U106/><E106/><V116/><F116/><W34/><G107/><T75/><D75/><U86/><E70/><V128/><F128/><W122/><G122/><T67/><D42/><U21/><E72/><V30/><F69/><W41/><G41/><T26/><D26/><N who="1" m="18583" /><E5/><V51/><F18/><W23/><G109/><T110/><D110/><U58/><E46/><V77/><F77/><W125/><G125/><T108/><D108/><U6/><E6/><V130/><F130/><W56/><G56/><T15/><D15/><U50/><E21/><V89/><F38/><W99/><REACH who="3" step="1"/><G34/><REACH who="3" ten="255,265,235,225" step="2"/><T35/><REACH who="0" step="1"/><D111/><REACH who="0" ten="245,265,235,225" step="2"/><U9/><E9/><AGARI ba="1,3" hai="0,7,9,16,23,27,37,43,47,64,65,92,99,103" machi="9" ten="40,8000,1" yaku="1,1,2,1,52,1,54,1,53,0" doraHai="97" doraHaiUra="79" who="3" fromWho="1" sc="245,0,265,-83,235,0,225,113" /><INIT seed="1,0,0,5,0,121" ten="245,182,235,338" oya="1" hai0="35,70,15,8,47,37,83,123,55,97,5,0,14" hai1="132,125,11,50,115,108,3,109,67,116,25,53,42" hai2="96,114,75,2,9,134,10,80,48,29,21,81,63" hai3="105,93,41,111,74,68,112,19,45,36,16,110,24"/><U119/><E115/><V28/><F114/><W59/><G105/><T38/><D70/><U6/><E132/><V43/><F134/><W85/><G74/><T113/><D113/><U54/><E125/><V77/><F2/><W1/><G68/><T12/><D35/><U20/><E42/><V61/><F96/><W17/><G1/><T27/><D27/><U69/><E67/><V126/><F126/><W73/><G73/><T79/><D123/><U18/><E69/><V60/><F81/><W130/><G130/><T133/><D133/><U94/><E94/><V87/><F75/><W120/><G120/><T13/><N who="0" m="3072" /><DORA hai="72" /><T34/><D34/><U64/><E64/><V30/><REACH who="2" step="1"/><F21/><REACH who="2" ten="245,182,225,338" step="2"/><W7/><G112/><T127/><D97/><U103/><E103/><V88/><F88/><W95/><G85/><T62/><D127/><U129/><E129/><V82/><F82/><W65/><G95/><T128/><D128/><U23/><E20/><V46/><AGARI ba="0,1" hai="9,10,28,29,30,43,46,48,60,61,63,77,80,87" machi="46" ten="40,8000,1" yaku="1,1,0,1,8,1,52,1,53,0" doraHai="121,72" doraHaiUra="66,100" who="2" fromWho="2" sc="245,-20,182,-40,225,90,338,-20" /><INIT seed="2,0,0,0,3,24" ten="225,142,315,318" oya="2" hai0="19,103,63,45,119,115,12,125,97,26,50,126,88" hai1="130,27,80,57,38,77,47,0,30,76,70,105,10" hai2="3,85,5,92,71,1,123,53,72,17,31,28,101" hai3="117,86,109,36,111,18,14,2,9,102,66,94,64"/><V128/><F123/><W131/><G36/><T11/><D115/><U4/><E130/><V75/><F71/><W93/><G117/><T43/><D119/><U74/><E70/><V96/><F128/><W129/><G2/><T61/><D88/><U16/><E105/><V34/><F34/><W132/><G132/><T52/><D26/><U23/><E57/><V20/><F3/><W32/><G32/><T60/><REACH who="0" step="1"/><D43/><REACH who="0" ten="215,142,315,318" step="2"/><N who="1" m="23031" /><E77/><V6/><F1/><W35/><G129/><T56/><D56/><U108/><E108/><V68/><F68/><W89/><G131/><T13/><D13/><U22/><E22/><V79/><F79/><W100/><G35/><T7/><D7/><U62/><E62/><V98/><F6/><W87/><G111/><T121/><D121/><U55/><E55/><V39/><F5/><W51/><G109/><T69/><D69/><U65/><E65/><V116/><F53/><W40/><G64/><T15/><D15/><U21/><E21/><V49/><F116/><W48/><G66/><T58/><D58/><U134/><E134/><V84/><F20/><W124/><G40/><T37/><D37/><U107/><E107/><AGARI ba="0,1" hai="11,12,19,45,50,52,60,61,63,97,103,107,125,126" machi="107" ten="40,2600,0" yaku="1,1,54,1,53,0" doraHai="24" doraHaiUra="25" who="0" fromWho="1" sc="215,36,142,-26,315,0,318,0" /><INIT seed="3,0,0,2,1,104" ten="251,116,315,318" oya="3" hai0="114,101,6,41,130,103,95,122,58,42,16,61,19" hai1="31,27,70,117,24,10,2,110,11,53,118,50,44" hai2="77,108,62,75,37,86,88,56,60,65,4,81,89" hai3="66,18,46,131,63,90,0,71,79,78,124,83,135"/><W45/><G0/><T107/><D122/><U113/><E113/><V115/><F115/><W7/><G7/><T111/><D114/><U1/><E70/><V3/><F37/><W105/><G105/><T128/><D111/><U40/><E40/><V55/><F108/><W96/><G124/><T72/><D107/><U26/><E110/><V92/><F89/><W120/><G120/><T76/><D6/><U123/><E123/><V126/><F126/><W98/><G135/><T22/><D42/><U12/><E31/><V13/><F3/><W125/><G125/><T129/><D41/><U36/><E36/><V25/><F25/><W102/><G131/><T29/><D29/><U57/><E44/><V121/><F121/><W134/><G134/><T39/><D39/><U17/><REACH who="1" step="1"/><E11/><REACH who="1" ten="251,106,315,318" step="2"/><V51/><REACH who="2" step="1"/><F65/><REACH who="2" ten="251,106,305,318" step="2"/><W112/><G66/><N who="0" m="39223" /><D22/><U133/><E133/><V91/><F91/><W34/><G90/><T119/><D101/><U97/><E97/><V23/><F23/><W93/><G98/><N who="0" m="59871" /><D119/><AGARI ba="0,2" hai="1,2,10,12,17,24,26,27,50,53,57,117,118,119" machi="119" ten="40,8000,1" yaku="1,1,12,1,53,3" doraHai="104" doraHaiUra="21" who="1" fromWho="0" sc="251,-80,106,100,305,0,318,0" owari="171,-32.9,206,-19.4,305,10.5,318,41.8" /></mjloggm>