<mjloggm ver="2.3"><GO type="225" lobby="0"/><UN n0="%E5%A4%96%E5%B7%9D%E7%AB%9C%E6%88%90" n1="%E3%81%8B%E3%82%8F%E3%81%A1%E3%82%83%E3%82%93%35%38" n2="%E3%81%82%E3%81%99%E3%81%AB%E3%82%83%E3%82%80" n3="%6D%75%75%6D%75%72%61" dan="16,16,16,16" rate="2232.62,2093.37,2158.09,2161.16" sx="M,M,F,F"/><TAIKYOKU oya="0"/><INIT seed="0,0,0,3,4,57" ten="250,250,250,250" oya="0" hai0="81,66,25,120,73,34,30,12,114,1,111,29,62" hai1="89,58,59,78,48,103,53,133,129,11,118,87,75" hai2="86,20,128,23,10,115,72,106,54,40,21,68,74" hai3="108,80,4,5,84,134,116,44,96,88,8,91,69"/><T49/><BYE who="1" /><D114/><U31/><E31/><V98/><F115/><W26/><G116/><T112/><D120/><UN n1="%E3%81%8B%E3%82%8F%E3%81%A1%E3%82%83%E3%82%93%35%38" /><U14/><E129/><V2/><F128/><W105/><G69/><T83/><D112/><U47/><E118/><V0/><F40/><W85/><G108/><T50/><D1/><U79/><E103/><V13/><F68/><W37/><G134/><T130/><D130/><U65/><E133/><V119/><F119/><W18/><G37/><T61/><D30/><U124/><E124/><V27/><F27/><W60/><G44/><T33/><D33/><U70/><E75/><V127/><F127/><W107/><G60/><T101/><D111/><U41/><E65/><V95/><F106/><W110/><G110/><T17/><D101/><U35/><E35/><V16/><F86/><W77/><G77/><N who="1" m="29194" /><E41/><V76/><F54/><W63/><G105/><T94/><D94/><N who="1" m="54591" /><E70/><V82/><REACH who="2" step="1"/><F72/><REACH who="2" ten="250,250,240,250" step="2"/><W121/><G107/><T56/><D73/><U45/><E45/><V102/><AGARI ba="0,1" hai="0,2,10,13,16,20,21,23,74,76,82,95,98,102" machi="102" ten="30,8000,1" yaku="1,1,2,1,0,1,54,1,53,1" doraHai="57" doraHaiUra="9" who="2" fromWho="2" sc="250,-40,250,-20,240,90,250,-20" /><BYE who="3" /><INIT seed="1,0,0,1,2,94" ten="210,230,330,230" oya="1" hai0="54,53,75,116,6,37,92,78,48,43,118,68,81" hai1="97,28,104,59,83,66,101,3,110,123,29,58,72" hai2="96,2,26,70,41,85,77,93,16,99,45,60,114" hai3="87,67,71,63,133,91,9,32,39,0,122,105,35"/><U40/><E123/><UN n3="%6D%75%75%6D%75%72%61" /><V126/><F2/><W132/><G122/><T115/><D115/><U74/><E3/><V14/><F26/><W113/><G113/><T12/><D68/><U24/><E110/><V4/><F4/><N who="3" m="1159" /><G39/><T80/><D80/><U20/><E40/><V76/><F114/><W31/><G31/><T108/><D108/><U8/><E8/><V69/><F126/><W17/><G17/><T64/><D64/><U46/><E46/><V98/><F69/><W42/><G42/><T112/><D112/><U89/><E29/><V23/><F70/><W120/><G120/><T65/><D65/><U134/><E134/><N who="3" m="51818" /><G105/><T7/><D37/><U100/><E100/><V124/><F124/><W13/><G13/><T25/><D12/><U21/><E21/><V15/><F15/><W36/><G36/><T90/><D25/><U84/><REACH who="1" step="1"/><E66/><REACH who="1" ten="210,220,330,230" step="2"/><V44/><F45/><W11/><G11/><T19/><D43/><U10/><E10/><V125/><F125/><W55/><G55/><T107/><D54/><U82/><E82/><AGARI ba="0,1" hai="32,35,63,67,71,82,87,91" m="51818,1159" machi="82" ten="30,1000,0" yaku="20,1" doraHai="94" who="3" fromWho="1" sc="210,0,220,-10,330,0,230,20" /><INIT seed="2,0,0,0,3,53" ten="210,210,330,250" oya="2" hai0="18,115,97,89,43,117,104,123,15,67,130,0,85" hai1="52,26,28,8,98,20,125,102,60,5,49,112,131" hai2="13,95,83,47,114,22,82,116,105,44,134,11,41" hai3="40,65,19,101,93,69,68,21,51,25,90,128,59"/><V106/><F114/><W135/><G135/><T84/><D115/><U80/><E112/><V16/><F116/><W81/><G128/><T10/><D123/><U120/><E131/><V33/><F33/><W50/><G101/><T86/><D130/><U12/><E125/><V62/><F134/><W36/><G36/><T56/><D117/><U23/><E120/><V100/><F105/><W64/><G81/><N who="2" m="30729" /><F106/><W75/><G75/><T132/><D132/><U71/><E80/><V38/><F38/><W4/><G4/><T110/><D110/><U54/><E23/><V126/><F41/><W9/><G69/><T1/><D43/><U7/><E7/><V74/><F74/><W94/><G68/><T111/><D111/><U127/><E127/><V2/><F2/><W42/><G9/><T45/><D45/><U31/><E31/><V77/><F77/><W61/><G65/><T103/><REACH who="0" step="1"/><D89/><REACH who="0" ten="200,210,330,250" step="2"/><U78/><E78/><V96/><F44/><N who="3" m="25863" /><G90/><T121/><D121/><U24/><E24/><V6/><F47/><AGARI ba="0,1" hai="19,21,25,42,47,51,59,61,64,93,94" m="25863" machi="47" ten="30,2000,0" yaku="8,1,52,1" doraHai="53" who="3" fromWho="2" sc="200,0,210,0,330,-20,250,30" /><INIT seed="3,0,0,1,1,58" ten="200,210,310,280" oya="3" hai0="41,109,30,11,104,61,56,84,119,32,115,79,95" hai1="108,93,105,69,63,20,33,89,122,80,107,39,3" hai2="52,36,92,77,43,82,125,27,120,23,67,113,15" hai3="10,42,133,132,135,17,116,16,73,128,6,100,1"/><W28/><G116/><T54/><D119/><U70/><E122/><V121/><F113/><W55/><G73/><T72/><D115/><U114/><E114/><V47/><F125/><W13/><G128/><T65/><D104/><U37/><E3/><V2/><F2/><W14/><G42/><T53/><D109/><U129/><E80/><V59/><F67/><W75/><G75/><T51/><D72/><U101/><E101/><V76/><F15/><N who="3" m="5643" /><G100/><T124/><D124/><U117/><E117/><V118/><F92/><W74/><G74/><T78/><D32/><U8/><E8/><V90/><F90/><W25/><G55/><N who="0" m="21003" /><D30/><U131/><E20/><AGARI ba="0,0" hai="1,6,10,16,17,20,25,28,132,133,135" m="5643" machi="20" ten="30,11600,0" yaku="20,1,34,2,54,1" doraHai="58" who="3" fromWho="1" sc="200,0,210,-116,310,0,280,116" owari="200,-20.0,94,-40.6,310,11.0,396,49.6" /></mjloggm>