<mjloggm ver="2.3"><GO type="225" lobby="0"/><UN n0="%E4%BF%BA%E3%81%A8%E5%A6%96%E5%A4%A2" n1="%4C%4F%4C%49%54%41" n2="%33%74%72%65%65" n3="%E3%82%A2%E3%83%A1%E3%82%A2%E3%83%A9%E3%83%AC" dan="17,16,16,16" rate="2188.98,2199.72,2115.41,2071.74" sx="F,F,F,M"/><TAIKYOKU oya="0"/><INIT seed="0,0,0,5,3,125" ten="250,250,250,250" oya="0" hai0="52,121,82,113,63,45,59,32,127,91,87,109,133" hai1="69,74,50,129,2,37,86,62,94,41,4,6,135" hai2="66,56,54,72,108,98,70,68,21,73,104,17,49" hai3="58,23,122,99,14,25,112,90,1,134,126,132,39"/><T5/><D113/><U9/><E74/><V0/><F0/><W115/><G1/><T64/><D121/><U128/><E135/><N who="3" m="51754" /><G39/><T47/><D133/><U75/><E75/><V38/><F38/><W53/><G126/><T51/><D127/><U118/><E118/><V65/><F108/><W114/><G14/><T119/><D119/><U85/><E37/><V34/><F34/><W83/><G122/><T124/><D124/><U10/><E41/><V22/><F104/><W100/><G83/><T111/><D32/><U26/><E50/><V20/><F17/><N who="3" m="12527" /><G90/><T61/><D5/><U96/><E26/><V101/><F73/><W40/><G40/><T8/><D8/><U110/><E110/><N who="0" m="41993" /><D61/><U97/><E62/><V76/><F76/><W92/><G115/><T55/><D55/><U81/><E69/><AGARI ba="0,0" hai="45,47,51,52,59,63,64,69,82,87,91" m="41993" machi="69" ten="30,5800,0" yaku="14,1,10,1,54,1" doraHai="125" who="0" fromWho="1" sc="250,58,250,-58,250,0,250,0" /><INIT seed="0,1,0,1,4,43" ten="308,192,250,250" oya="0" hai0="86,108,48,21,8,19,6,0,31,124,30,120,15" hai1="56,57,45,58,23,107,82,52,118,2,130,98,95" hai2="50,110,94,25,28,134,114,117,26,112,135,53,113" hai3="115,84,125,1,87,121,37,34,62,66,111,14,132"/><T78/><D120/><U60/><E118/><V128/><F110/><W76/><G115/><T42/><D108/><U97/><E2/><V85/><F128/><W24/><G111/><T22/><D124/><U122/><E122/><V89/><F117/><W11/><G1/><T126/><D21/><U83/><E130/><V5/><F5/><W49/><G37/><T33/><D126/><U27/><E107/><V44/><REACH who="2" step="1"/><F26/><REACH who="2" ten="308,192,240,250" step="2"/><W103/><G24/><T16/><D33/><AGARI ba="1,1" hai="25,28,33,44,50,53,85,89,94,112,113,114,134,135" machi="33" ten="40,5200,0" yaku="1,1,2,1,52,1,53,0" doraHai="43" doraHaiUra="75" who="2" fromWho="0" sc="308,-55,192,0,240,65,250,0" /><INIT seed="1,0,0,2,4,121" ten="253,192,305,250" oya="1" hai0="49,125,130,72,50,128,114,87,75,113,8,60,43" hai1="132,134,21,2,112,91,62,36,124,37,93,65,80" hai2="61,32,16,76,100,34,15,7,22,71,70,78,26" hai3="39,63,10,31,9,67,95,53,131,74,109,41,44"/><U18/><E112/><N who="0" m="43113" /><D87/><U14/><E2/><V119/><F119/><W33/><G131/><N who="0" m="50219" /><D125/><U42/><E124/><V46/><F100/><W135/><G135/><N who="1" m="51754" /><E42/><V105/><F105/><W98/><G74/><N who="0" m="28203" /><D43/><U97/><E80/><V111/><F78/><W89/><G53/><T94/><D94/><U48/><E48/><N who="0" m="18537" /><D8/><U0/><E0/><V102/><F76/><W38/><G10/><T68/><D60/><U17/><E17/><V66/><F102/><W69/><G9/><T118/><D68/><AGARI ba="0,0" hai="14,18,21,36,37,62,65,68,91,93,97" m="51754" machi="68" ten="30,1500,0" yaku="20,1" doraHai="121" who="1" fromWho="0" sc="253,-15,192,15,305,0,250,0" /><INIT seed="1,1,0,4,5,6" ten="238,207,305,250" oya="1" hai0="90,93,91,116,61,74,20,98,42,75,80,63,53" hai1="114,26,38,30,110,81,124,50,70,16,56,15,76" hai2="88,66,59,69,121,123,12,129,83,96,125,109,23" hai3="51,95,9,64,37,19,34,131,4,55,94,82,5"/><U126/><E114/><V87/><F109/><W11/><G37/><T62/><D116/><U71/><E38/><V85/><F129/><W108/><G34/><T18/><D42/><U44/><E56/><V47/><F125/><N who="1" m="48233" /><E110/><V113/><F113/><W92/><G131/><T117/><D117/><U29/><E26/><V132/><F132/><W122/><G122/><T119/><D119/><U2/><E2/><V111/><F111/><W105/><G105/><T89/><D74/><N who="1" m="43159" /><E30/><V100/><F59/><N who="3" m="33279" /><G108/><T103/><D75/><U135/><E29/><V106/><F123/><W49/><G82/><T68/><D68/><U25/><E25/><V99/><F83/><W60/><G19/><T27/><D80/><U17/><E135/><V72/><F69/><N who="1" m="26121" /><E15/><V133/><F12/><W115/><G115/><T112/><D112/><U48/><E48/><V57/><F133/><W45/><G60/><T67/><D67/><U120/><E120/><V101/><F66/><W31/><G31/><T7/><D7/><N who="3" m="2633" /><G64/><T28/><D28/><U8/><E8/><V77/><F121/><W58/><G58/><AGARI ba="1,0" hai="18,20,27,53,58,61,62,63,89,90,91,93,98,103" machi="58" ten="40,1300,0" yaku="8,1" doraHai="6" who="0" fromWho="3" sc="238,16,207,0,305,0,250,-16" /><INIT seed="2,0,0,1,1,79" ten="254,207,305,234" oya="2" hai0="0,42,32,125,130,50,75,123,87,47,56,3,96" hai1="30,131,115,65,58,53,39,99,9,112,82,71,20" hai2="62,119,27,102,81,111,70,57,135,55,116,73,48" hai3="54,133,40,132,63,101,36,100,19,18,31,109,43"/><V61/><F135/><N who="3" m="51787" /><G109/><T7/><D123/><U84/><E39/><V11/><F111/><W74/><G74/><T94/><D75/><U122/><E131/><V77/><F102/><N who="3" m="39531" /><G31/><T78/><D32/><U76/><E122/><V97/><F97/><W22/><G36/><T34/><D34/><U5/><E99/><V80/><F27/><N who="3" m="14807" /><G19/><T17/><D17/><U91/><E30/><V24/><F24/><W88/><G88/><T89/><D96/><U86/><E20/><V107/><F107/><W93/><G93/><T25/><D25/><U38/><E38/><V108/><F108/><W113/><G113/><T8/><D78/><U28/><E28/><V44/><F11/><W95/><G95/><T1/><D130/><U134/><E134/><V128/><F128/><W121/><G121/><T29/><D29/><U59/><E9/><V35/><F35/><W106/><G106/><T69/><D8/><U90/><E5/><V98/><F98/><W6/><G6/><T67/><D7/><U129/><E129/><V104/><F104/><W117/><G117/><T105/><D105/><U46/><E76/><V45/><F119/><W26/><G26/><T13/><D13/><U85/><E112/><V21/><F116/><W15/><G15/><T23/><D23/><U72/><E115/><V16/><F73/><W14/><G14/><T12/><D12/><U114/><E114/><V10/><F21/><W120/><G120/><T126/><D69/><U103/><E72/><V41/><F10/><W118/><G118/><T68/><D68/><U110/><E71/><V64/><F70/><RYUUKYOKU ba="0,0" sc="254,15,207,-15,305,-15,234,15" hai0="0,1,3,42,47,50,56,67,87,89,94,125,126" hai3="40,43,54,63" /><INIT seed="3,1,0,0,0,67" ten="269,192,290,249" oya="3" hai0="100,8,79,16,15,21,73,63,94,24,91,76,41" hai1="32,115,66,6,103,62,22,77,74,48,93,5,1" hai2="95,110,19,47,102,3,89,87,65,36,37,43,18" hai3="111,2,44,17,128,26,29,51,71,28,107,60,38"/><W129/><G107/><T97/><D73/><U33/><E115/><V27/><F110/><W0/><G38/><T121/><D121/><U119/><E119/><V68/><F3/><W109/><G17/><T57/><D41/><U64/><E74/><V117/><F117/><W81/><G81/><T11/><D100/><U132/><E77/><N who="0" m="29769" /><D15/><U10/><E132/><V52/><F36/><W25/><G51/><T92/><D92/><U46/><E5/><V82/><F27/><W13/><G13/><T84/><D84/><U88/><E22/><V90/><F102/><W23/><G44/><T69/><D69/><U34/><E103/><V131/><F131/><N who="3" m="50251" /><G60/><T30/><D30/><U9/><E9/><V50/><F37/><W49/><G49/><T78/><D78/><U4/><E4/><V56/><F43/><W120/><G71/><T96/><D96/><U45/><E62/><N who="2" m="38087" /><F68/><W133/><G133/><T114/><D114/><U118/><E118/><V134/><F134/><W127/><G127/><T55/><AGARI ba="1,0" hai="8,11,16,21,24,55,57,63,91,94,97" m="29769" machi="55" ten="30,4000,0" yaku="25,1,8,1,54,1" doraHai="67" who="0" fromWho="0" sc="269,43,192,-11,290,-11,249,-21" owari="312,41.2,181,-31.9,279,7.9,228,-17.2" /></mjloggm>