<mjloggm ver="2.3"><GO type="225" lobby="0"/><UN n0="%E3%81%95%E3%81%8D%E3%81%9F%E3%81%BE%E6%9E%97%E6%AA%8E" n1="%41%54%53%4D" n2="%E9%80%9F%E6%B0%B4%E5%87%9B%E9%A6%99" n3="%48%61%61%61%6C%61%6E%64" dan="16,16,16,17" rate="2135.93,2122.38,2117.01,2166.54" sx="M,M,F,M"/><TAIKYOKU oya="0"/><INIT seed="0,0,0,4,3,99" ten="250,250,250,250" oya="0" hai0="84,126,23,100,71,24,25,98,134,50,38,87,56" hai1="34,102,135,13,0,55,37,129,7,35,17,72,49" hai2="92,33,81,32,132,68,43,57,28,61,19,114,78" hai3="46,93,18,26,83,3,88,79,106,36,21,118,31"/><T103/><D71/><U80/><E37/><V47/><F114/><W14/><G106/><T96/><D38/><U5/><E135/><V122/><F68/><W95/><G3/><T42/><D134/><U127/><E129/><V2/><F2/><W86/><G118/><T108/><D126/><U59/><E127/><V22/><F122/><W101/><G101/><N who="0" m="38987" /><D108/><U66/><E102/><V29/><F92/><W39/><G46/><N who="0" m="25943" /><D56/><U10/><E66/><V125/><F125/><W75/><REACH who="3" step="1"/><G95/><REACH who="3" ten="250,250,250,240" step="2"/><T113/><D113/><U44/><E44/><V116/><F116/><W94/><G94/><T9/><D9/><AGARI ba="0,1" hai="9,14,18,21,26,31,36,39,75,79,83,86,88,93" machi="9" ten="30,3900,0" yaku="1,1,7,1,54,1,53,0" doraHai="99" doraHaiUra="112" who="3" fromWho="0" sc="250,-39,250,0,250,0,240,49" /><INIT seed="1,0,0,0,0,134" ten="211,250,250,289" oya="1" hai0="10,75,118,28,104,21,16,113,96,8,60,55,71" hai1="3,131,116,97,48,54,56,37,51,64,123,79,24" hai2="126,73,106,50,27,87,114,19,112,13,108,45,124" hai3="80,0,9,89,35,72,69,41,33,76,17,70,42"/><U61/><E116/><V107/><F73/><W82/><G17/><T67/><D113/><N who="2" m="43626" /><F27/><W34/><G89/><T5/><D118/><U110/><E123/><V68/><F68/><W92/><G92/><T84/><D75/><U2/><E37/><V119/><F87/><W74/><G41/><T6/><D28/><U93/><E131/><V135/><F119/><W59/><G59/><T20/><D55/><U101/><E110/><V1/><F1/><W95/><G95/><T109/><D109/><U91/><E79/><V86/><F86/><W85/><G42/><T4/><D84/><U52/><E24/><V22/><F135/><W63/><G63/><T127/><D127/><N who="2" m="48682" /><F108/><W11/><G85/><T128/><D128/><U105/><E2/><V122/><F122/><W99/><G0/><T40/><D40/><AGARI ba="0,0" hai="13,19,22,40,45,50,106,107" m="48682,43626" machi="40" ten="30,8000,1" yaku="11,1,18,1,52,3" doraHai="134" who="2" fromWho="0" sc="211,-80,250,0,250,80,289,0" /><INIT seed="2,0,0,1,0,31" ten="131,250,330,289" oya="2" hai0="111,17,76,72,82,4,33,22,3,20,89,63,54" hai1="49,131,45,78,51,88,12,79,8,126,39,6,44" hai2="122,123,109,98,91,120,71,40,23,107,64,87,32" hai3="133,104,100,118,58,84,66,80,106,47,99,113,25"/><V127/><F40/><W38/><G118/><T10/><D111/><U73/><E126/><V74/><F74/><W125/><G125/><T119/><D119/><U92/><E131/><V24/><F127/><W57/><G133/><T30/><D89/><U46/><E39/><V36/><F36/><W117/><G117/><T70/><D17/><U94/><E94/><V121/><F121/><W128/><G128/><T77/><D77/><N who="1" m="29195" /><E73/><V108/><F64/><W110/><G110/><N who="2" m="42601" /><F71/><W28/><G106/><T124/><D124/><U0/><E0/><V86/><F32/><W102/><G102/><T7/><D7/><U116/><E116/><V9/><F9/><W34/><G113/><T43/><D43/><U11/><E11/><V69/><F69/><W2/><G2/><T61/><D61/><U52/><E51/><V27/><F27/><W48/><G38/><T35/><D70/><U59/><E46/><V13/><F13/><W85/><G47/><T62/><D62/><U97/><AGARI ba="0,0" hai="6,8,12,44,45,49,52,59,88,92,97" m="29195" machi="97" ten="30,4000,0" yaku="8,1,54,2" doraHai="31" who="1" fromWho="1" sc="131,-10,250,40,330,-20,289,-10" /><INIT seed="3,0,0,1,4,30" ten="121,290,310,279" oya="3" hai0="106,39,135,44,93,14,10,42,100,52,98,108,6" hai1="59,119,31,92,114,83,34,107,76,56,2,95,0" hai2="32,126,131,16,133,19,91,113,94,71,29,18,70" hai3="33,110,75,60,23,101,116,97,88,24,9,132,66"/><W63/><G116/><T72/><D108/><U11/><E107/><V4/><F113/><W129/><G110/><T1/><D135/><U127/><E114/><V90/><F133/><W43/><G132/><T3/><D72/><U84/><E119/><V80/><F4/><W25/><G129/><T27/><D106/><U35/><E127/><V125/><F131/><W130/><G130/><T38/><D38/><U102/><E31/><V45/><F45/><W99/><G43/><T96/><D96/><U77/><E84/><V81/><F29/><W50/><G33/><N who="1" m="12298" /><E83/><N who="2" m="31819" /><F32/><W86/><G75/><T67/><D67/><U8/><E102/><V78/><F78/><N who="1" m="30313" /><E59/><V57/><F57/><N who="3" m="37135" /><G63/><T26/><D3/><N who="1" m="1067" /><E56/><V17/><N who="2" m="4096" /><DORA hai="41" /><V12/><F12/><W118/><G118/><T109/><D1/><U20/><E20/><V82/><N who="2" m="31827" /><V79/><DORA hai="48" /><F79/><W69/><G23/><T49/><REACH who="0" step="1"/><D109/><REACH who="0" ten="111,290,310,279" step="2"/><U112/><E112/><V124/><F124/><W117/><G97/><T115/><D115/><U53/><E53/><V37/><F37/><W74/><G74/><T54/><D54/><U68/><E68/><V85/><F70/><W121/><G69/><T46/><AGARI ba="0,1" hai="6,10,14,26,27,39,42,44,46,49,52,93,98,100" machi="46" ten="20,16000,3" yaku="1,1,0,1,7,1,52,3,54,1,53,1" doraHai="30,41,48" doraHaiUra="134,61,89" who="0" fromWho="0" sc="111,170,290,-40,310,-40,279,-80" /><INIT seed="4,0,0,3,1,126" ten="281,250,270,199" oya="0" hai0="38,28,116,57,130,131,122,68,33,113,89,102,67" hai1="18,14,120,12,123,49,65,86,94,128,20,98,91" hai2="45,125,118,100,4,111,29,30,87,63,106,52,134" hai3="135,92,42,31,121,79,50,133,9,84,107,124,15"/><T93/><D113/><U22/><E128/><N who="0" m="49193" /><D116/><U76/><E65/><V59/><F4/><W58/><G107/><T53/><D122/><U6/><E49/><V54/><F111/><W13/><G121/><T82/><D38/><U26/><E14/><V80/><F125/><W11/><G124/><T85/><D33/><U51/><E51/><V66/><F134/><N who="3" m="51211" /><G31/><T112/><D112/><U88/><E76/><V99/><F118/><W127/><G127/><T55/><D28/><U110/><E110/><V10/><F10/><N who="3" m="3595" /><G79/><N who="0" m="46303" /><D68/><U3/><E3/><V81/><F81/><W16/><G16/><T71/><D71/><U74/><E6/><V5/><F5/><W23/><G23/><T43/><D43/><U32/><E32/><V119/><F119/><W7/><G7/><T61/><D102/><U64/><E120/><V47/><F29/><W19/><G19/><T105/><D105/><U108/><E123/><V60/><F30/><W78/><G78/><T36/><D36/><U72/><E108/><V132/><F132/><W104/><G104/><T129/><D129/><U27/><E22/><V103/><F103/><W0/><G0/><T2/><D2/><U69/><E69/><V101/><F101/><W40/><G40/><T8/><D8/><U1/><E1/><V24/><F100/><W117/><G117/><T56/><D57/><U34/><E34/><V25/><F106/><W115/><G115/><T95/><D89/><U75/><E91/><V73/><F45/><N who="3" m="25911" /><G58/><T35/><D35/><U39/><E39/><V97/><F47/><W41/><G41/><T37/><D37/><RYUUKYOKU ba="0,0" sc="281,15,250,-15,270,-15,199,15" hai0="53,55,56,61,67,93,95" hai3="13,15,84,92" /><INIT seed="4,1,0,5,3,132" ten="296,235,255,214" oya="0" hai0="32,44,45,31,76,53,8,70,72,104,25,60,124" hai1="88,89,96,110,101,79,56,27,118,113,125,86,24" hai2="52,98,40,81,114,103,131,69,109,94,92,67,66" hai3="95,97,34,38,77,3,100,122,84,4,26,123,62"/><T83/><D124/><U87/><E118/><V0/><F0/><W2/><G38/><T68/><D104/><U111/><E125/><V36/><F109/><W28/><G62/><T102/><D102/><U115/><E56/><V7/><F7/><W12/><G12/><T29/><D29/><U134/><E134/><V135/><F135/><W120/><REACH who="3" step="1"/><G4/><REACH who="3" ten="296,235,255,204" step="2"/><T119/><D60/><U127/><E127/><V41/><F36/><W59/><G59/><T73/><D70/><U20/><E111/><V22/><F69/><W91/><G91/><T99/><D68/><U43/><E110/><V121/><F121/><W105/><G105/><T14/><D14/><U85/><E79/><V9/><F114/><N who="1" m="43529" /><E43/><V57/><F40/><W78/><G78/><T82/><D76/><U50/><E50/><V13/><F41/><W58/><G58/><T46/><D45/><U61/><E61/><V35/><F57/><W51/><G51/><T19/><D46/><U63/><E63/><V107/><F107/><W39/><G39/><T10/><D44/><U65/><E65/><V37/><F67/><W11/><G11/><T21/><D10/><U54/><E54/><V17/><F66/><W64/><G64/><T80/><D8/><U1/><E1/><V49/><F52/><W30/><G30/><T128/><D31/><N who="1" m="17799" /><E27/><V129/><F9/><W130/><G130/><T18/><D25/><U42/><E42/><V93/><F131/><W47/><G47/><T23/><D53/><U16/><E16/><N who="2" m="10511" /><F129/><W48/><G48/><T116/><D128/><U126/><E126/><V5/><F17/><RYUUKYOKU ba="1,1" sc="296,-15,235,15,255,-15,204,15" hai1="85,86,87,88,89,96,101" hai3="2,3,26,28,34,77,84,95,97,100,120,122,123" /><INIT seed="5,2,1,0,5,106" ten="281,250,240,219" oya="1" hai0="133,53,29,114,37,83,76,89,90,105,14,56,1" hai1="22,74,88,77,72,9,69,80,39,123,62,47,8" hai2="32,98,119,95,71,86,51,116,96,68,87,134,12" hai3="92,30,91,109,113,16,41,33,35,54,31,21,7"/><U70/><E123/><V129/><F32/><W5/><G109/><T28/><D1/><U73/><E88/><N who="0" m="33897" /><D37/><U118/><E118/><V26/><F51/><W131/><G113/><T58/><D105/><U2/><E22/><V94/><F12/><N who="3" m="9351" /><G33/><T44/><D133/><U6/><E9/><V43/><F43/><W126/><G35/><T99/><D99/><U107/><E107/><V46/><F46/><W81/><G126/><T125/><D125/><U25/><E25/><V60/><F26/><W59/><G41/><T127/><D127/><U78/><E78/><V120/><F120/><W85/><G81/><T79/><D114/><U45/><E45/><V108/><F108/><W42/><G42/><T124/><D124/><U135/><E135/><V40/><F40/><W75/><G75/><N who="1" m="28746" /><E47/><V112/><F112/><W115/><G115/><T121/><D121/><U100/><E100/><V132/><F60/><N who="3" m="35959" /><G131/><AGARI ba="2,1" hai="68,71,86,87,94,95,96,98,116,119,129,131,132,134" machi="131" ten="25,1600,0" yaku="22,2" doraHai="106" who="2" fromWho="3" sc="281,0,250,0,240,32,219,-22" /><INIT seed="6,0,0,2,1,92" ten="281,250,272,197" oya="2" hai0="40,60,79,3,88,134,124,51,80,65,49,17,5" hai1="68,129,96,116,119,33,125,55,131,29,45,24,18" hai2="111,90,115,53,78,89,120,121,62,95,7,94,56" hai3="82,72,25,50,93,81,20,130,46,133,48,44,128"/><V57/><F115/><W12/><G133/><T109/><D109/><U38/><E68/><V73/><F73/><W27/><G93/><T113/><D113/><U86/><E125/><V42/><F42/><W37/><G12/><T105/><D105/><U1/><E1/><V26/><F78/><W122/><G37/><T30/><D30/><U31/><E31/><V15/><F111/><W0/><G0/><T108/><D108/><U28/><E28/><V14/><F26/><W123/><G20/><T41/><D79/><U101/><E86/><N who="2" m="52535" /><F7/><W91/><REACH who="3" step="1"/><G91/><REACH who="3" ten="281,250,272,187" step="2"/><T13/><D3/><U126/><E38/><V114/><F114/><W84/><G84/><T99/><D88/><U106/><E119/><V35/><F121/><W22/><G22/><T10/><D134/><U23/><E116/><V102/><F120/><W52/><G52/><T61/><D13/><U74/><E74/><AGARI ba="0,1" hai="25,27,44,46,48,50,72,74,81,82,122,123,128,130" machi="74" ten="25,3200,0" yaku="1,1,22,2,53,0" doraHai="92" doraHaiUra="16" who="3" fromWho="1" sc="281,0,250,-32,272,0,187,42" /><INIT seed="7,0,0,5,4,34" ten="281,218,272,229" oya="3" hai0="105,83,59,113,7,13,73,72,94,97,23,14,120" hai1="62,88,128,66,53,119,79,89,6,84,37,109,124" hai2="102,11,90,42,58,133,114,12,99,63,46,123,52" hai3="78,117,4,69,71,33,0,131,111,70,98,21,8"/><W49/><G117/><T60/><D120/><U43/><E109/><V39/><F114/><W116/><G116/><T75/><D105/><U130/><E119/><V45/><F123/><W10/><G33/><T86/><D7/><U32/><E32/><V115/><F115/><W132/><G111/><T134/><D113/><U9/><E53/><V5/><F133/><W20/><G132/><T55/><D134/><U93/><E124/><V107/><F90/><W125/><G125/><T25/><D86/><U2/><E79/><V35/><F35/><W80/><G131/><N who="1" m="50218" /><E89/><V101/><F101/><W64/><G64/><T48/><D83/><U24/><E24/><V16/><F45/><W121/><G121/><T95/><D95/><U3/><E43/><V29/><F29/><W81/><G81/><T27/><D27/><U61/><E37/><V41/><F41/><W126/><G126/><T31/><REACH who="0" step="1"/><D60/><REACH who="0" ten="271,218,272,229" step="2"/><N who="1" m="23147" /><E66/><V91/><REACH who="2" step="1"/><F91/><AGARI ba="0,1" hai="13,14,23,25,31,48,55,59,72,73,75,91,94,97" machi="91" ten="40,2600,0" yaku="1,1,53,1" doraHai="34" doraHaiUra="50" who="0" fromWho="2" sc="271,36,218,0,272,-26,229,0" owari="307,40.7,218,-28.2,246,4.6,229,-17.1" /></mjloggm>