<mjloggm ver="2.3"><GO type="225" lobby="0"/><UN n0="%4D%50%43%32%38%30%30" n1="%E7%9C%9F%E4%B8%80" n2="%E3%81%A1%E3%82%85%E3%81%86%E3%81%A9%E3%81%8F%E8%B1%A1%E3%81%95%E3%82%93" n3="%E7%BD%AA%E5%88%91%E6%B3%95%E5%AE%9A%E4%B8%BB%E7%BE%A9" dan="16,17,16,16" rate="2190.49,2244.77,2130.80,2170.70" sx="M,M,M,M"/><TAIKYOKU oya="0"/><INIT seed="0,0,0,1,3,99" ten="250,250,250,250" oya="0" hai0="10,48,124,44,66,65,46,35,81,19,78,133,42" hai1="113,75,36,69,105,34,76,95,9,13,80,109,68" hai2="67,116,122,50,45,59,107,85,73,41,111,119,72" hai3="135,89,53,55,60,104,96,90,18,97,84,15,32"/><T3/><D133/><U62/><E105/><V110/><F122/><W102/><G135/><T37/><D35/><U28/><E36/><V125/><F107/><W94/><G32/><T88/><D124/><U87/><E109/><N who="2" m="41483" /><F125/><W40/><G40/><T77/><D77/><U2/><E2/><V47/><F85/><W31/><G31/><T21/><D3/><U112/><E34/><V1/><F1/><W131/><G60/><T129/><D129/><U56/><E28/><V127/><F127/><W26/><G26/><T134/><D134/><U5/><E75/><N who="2" m="28747" /><F45/><W121/><G131/><T20/><D20/><U108/><E95/><V14/><F14/><W126/><G121/><T83/><D83/><U63/><E108/><V27/><F27/><W91/><G126/><T17/><D78/><U61/><REACH who="1" step="1"/><E56/><REACH who="1" ten="250,240,250,250" step="2"/><V92/><F92/><W118/><G118/><T23/><D37/><U123/><E123/><V93/><F93/><W57/><G57/><T130/><D130/><U8/><E8/><V70/><F59/><W49/><G104/><T120/><D120/><U103/><E103/><V117/><F70/><AGARI ba="0,1" hai="5,9,13,61,62,63,68,69,70,76,80,87,112,113" machi="70" ten="40,1300,0" yaku="1,1,53,0" doraHai="99" doraHaiUra="52" who="1" fromWho="2" sc="250,0,240,23,250,-13,250,0" /><INIT seed="1,0,0,4,5,75" ten="250,263,237,250" oya="1" hai0="64,52,124,23,22,115,30,51,103,1,116,110,83" hai1="127,53,119,108,35,71,24,8,77,86,102,25,69" hai2="26,85,9,106,98,114,70,100,131,45,87,58,111" hai3="130,20,99,44,82,72,121,12,21,128,28,120,49"/><U104/><E119/><V68/><F114/><W94/><G28/><T123/><D115/><U54/><E127/><V78/><F111/><W79/><G12/><T59/><D116/><U50/><E108/><V55/><F131/><N who="3" m="50219" /><G20/><T34/><D110/><U135/><E135/><V33/><F45/><W10/><G21/><T0/><D124/><U129/><E129/><V56/><F9/><W92/><G10/><T57/><D23/><U3/><E104/><V6/><F6/><W65/><G65/><T105/><D34/><U14/><E102/><V48/><F56/><W76/><G76/><T126/><D126/><U109/><E3/><V133/><F133/><W19/><G19/><T31/><D123/><N who="3" m="47177" /><G99/><T4/><D4/><U67/><E109/><V122/><F122/><W15/><G15/><T61/><D31/><U88/><E77/><V16/><F33/><W91/><G91/><T62/><D62/><N who="1" m="40183" /><E71/><V125/><F125/><W40/><AGARI ba="0,0" hai="40,44,49,72,79,82,92,94" m="47177,50219" machi="40" ten="30,2000,0" yaku="19,1,52,1" doraHai="75" who="3" fromWho="3" sc="250,-5,263,-10,237,-5,250,20" /><INIT seed="2,0,0,0,3,19" ten="245,253,232,270" oya="2" hai0="16,64,61,104,108,32,67,130,8,49,128,134,105" hai1="119,135,31,77,24,35,106,113,44,42,11,110,45" hai2="116,88,101,118,117,70,96,17,37,1,81,127,0" hai3="123,132,4,102,78,47,74,133,75,26,112,99,114"/><V89/><F37/><W52/><G4/><T68/><D32/><U97/><E119/><V34/><F70/><W131/><G26/><T100/><D108/><U23/><E113/><N who="3" m="43626" /><G123/><T6/><D134/><N who="3" m="51817" /><G78/><T43/><D67/><U122/><E110/><V86/><F34/><W30/><G30/><T98/><D105/><U14/><E122/><V5/><F127/><W120/><G120/><T76/><D76/><U3/><E3/><V85/><F5/><W41/><G52/><T28/><D28/><U54/><E135/><V80/><REACH who="2" step="1"/><F17/><REACH who="2" ten="245,253,222,270" step="2"/><W39/><G131/><T29/><D16/><U92/><E35/><V51/><F51/><W109/><G109/><T18/><D18/><U59/><E42/><V121/><F121/><W50/><G50/><T40/><D29/><U10/><E77/><V38/><F38/><W129/><G129/><N who="0" m="49771" /><D49/><U60/><E10/><V21/><F21/><W93/><AGARI ba="0,1" hai="39,41,47,74,75,93,99,102" m="51817,43626" machi="93" ten="30,2000,0" yaku="11,1,20,1" doraHai="19" who="3" fromWho="3" sc="245,-5,253,-5,222,-10,270,30" /><INIT seed="3,0,0,4,1,128" ten="240,248,212,300" oya="3" hai0="105,106,101,124,48,53,1,25,52,0,76,64,14" hai1="21,119,95,59,73,114,39,57,129,11,50,12,98" hai2="103,42,22,15,5,121,10,37,19,27,74,77,104" hai3="32,17,96,85,16,2,83,117,46,31,43,102,4"/><W88/><G117/><T89/><D124/><U9/><E39/><V94/><F121/><W78/><G78/><T54/><D48/><U109/><E129/><V110/><F110/><W113/><G113/><T51/><D51/><U72/><E114/><V6/><F104/><W20/><G32/><T87/><D76/><U97/><E109/><V122/><F122/><W99/><G2/><T62/><D14/><U67/><E119/><V23/><F74/><W29/><G4/><T82/><D25/><U111/><E111/><V132/><F77/><W28/><G20/><T68/><REACH who="0" step="1"/><D101/><REACH who="0" ten="230,248,212,300" step="2"/><U133/><E50/><V115/><F115/><W120/><G120/><T8/><D8/><U84/><E12/><V112/><F112/><W55/><G102/><T61/><D61/><U66/><E21/><V131/><F131/><W18/><REACH who="3" step="1"/><G55/><REACH who="3" ten="230,248,212,290" step="2"/><T92/><D92/><U134/><E95/><V80/><F94/><W125/><G125/><T75/><D75/><U36/><E73/><V135/><F103/><W47/><G47/><T63/><D63/><U33/><E36/><AGARI ba="0,2" hai="16,17,18,28,29,31,36,43,46,83,85,88,96,99" machi="36" ten="40,7700,0" yaku="1,1,54,2,53,0" doraHai="128" doraHaiUra="118" who="3" fromWho="1" sc="230,0,248,-77,212,0,290,97" owari="230,3.0,171,-32.9,212,-18.8,387,48.7" /></mjloggm>