<mjloggm ver="2.3"><GO type="225" lobby="0"/><UN n0="%72%69%6F%75%63%68%61%6E" n1="%E3%81%BF%E3%81%BF%E3%81%9A" n2="%6D%75%75%6D%75%72%61" n3="%E3%81%A8%E3%82%93%E3%81%A8%E3%81%93%E3%81%A8%E3%82%93" dan="17,16,17,16" rate="2146.94,2142.23,2199.89,2113.95" sx="M,M,F,F"/><TAIKYOKU oya="0"/><INIT seed="0,0,0,0,1,36" ten="250,250,250,250" oya="0" hai0="135,113,123,16,30,43,107,40,39,115,83,128,122" hai1="8,26,64,45,127,101,61,24,100,76,118,98,53" hai2="4,92,79,69,97,12,62,120,0,48,37,55,74" hai3="125,13,18,108,41,96,72,59,66,49,21,117,102"/><T10/><D107/><U57/><E118/><V67/><F0/><W27/><G117/><T126/><D39/><U65/><E127/><V106/><F120/><W131/><G72/><T75/><D30/><U73/><E73/><V17/><F37/><W42/><G125/><T91/><D126/><U129/><E129/><V80/><F106/><W31/><G108/><T7/><D123/><U133/><E133/><V124/><F4/><W105/><G131/><T89/><D122/><U112/><E112/><V82/><F124/><W2/><G2/><T93/><D128/><U130/><E76/><V87/><F80/><W90/><G90/><T78/><D91/><U104/><E130/><V29/><F29/><W47/><G66/><T44/><D135/><U77/><E77/><V71/><F74/><W38/><G59/><T14/><D7/><U51/><E101/><V111/><F111/><W63/><G63/><T116/><D116/><U34/><E34/><V134/><F71/><W84/><G84/><T99/><REACH who="0" step="1"/><D44/><REACH who="0" ten="240,250,250,250" step="2"/><U9/><E65/><V95/><F134/><W54/><G38/><T1/><D1/><U114/><E114/><AGARI ba="0,1" hai="10,14,16,40,43,75,78,83,89,93,99,113,114,115" machi="114" ten="40,12000,1" yaku="1,1,52,2,54,1,53,0" doraHai="36" doraHaiUra="35" who="0" fromWho="1" sc="240,130,250,-120,250,0,250,0" /><INIT seed="0,1,0,4,5,66" ten="370,130,250,250" oya="0" hai0="130,30,110,115,114,20,37,65,88,83,53,48,8" hai1="59,85,97,33,84,81,91,119,0,5,51,58,3" hai2="76,124,64,52,92,132,71,125,57,135,94,106,113" hai3="24,116,1,112,40,7,63,26,78,128,41,56,134"/><T18/><D37/><U46/><E119/><V19/><F106/><W32/><G112/><T69/><D30/><U34/><E97/><V87/><F113/><W21/><G116/><T49/><D49/><U17/><E17/><V23/><F76/><W89/><G78/><T47/><D130/><U77/><E5/><V93/><F87/><W126/><G126/><N who="2" m="48745" /><F64/><W95/><G32/><T38/><D38/><U79/><E51/><N who="2" m="30879" /><F71/><W99/><G134/><N who="2" m="51241" /><F94/><W133/><G133/><T73/><D110/><U4/><E4/><V15/><AGARI ba="1,0" hai="15,19,23,92,93" m="51241,30879,48745" machi="15" ten="30,4000,0" yaku="18,1,20,1,54,1" doraHai="66" who="2" fromWho="2" sc="370,-21,130,-11,250,43,250,-11" /><INIT seed="1,0,0,5,5,113" ten="349,119,293,239" oya="1" hai0="89,76,28,62,60,97,49,19,107,1,81,75,4" hai1="123,96,86,71,57,94,85,58,21,2,120,6,67" hai2="16,33,69,26,18,115,74,98,114,61,112,12,25" hai3="29,108,34,10,24,40,91,118,111,119,9,92,88"/><U105/><E71/><V41/><F74/><W13/><G40/><T52/><D28/><U17/><E105/><V56/><F69/><W14/><G14/><T77/><D77/><U35/><E35/><V129/><F129/><W37/><G37/><T51/><D51/><U30/><E30/><V22/><F33/><W48/><G48/><T104/><D4/><U15/><E2/><V63/><F41/><W59/><G59/><N who="1" m="22538" /><E67/><V127/><F127/><W124/><G124/><T106/><D1/><U38/><E38/><V42/><F42/><W116/><G9/><T36/><D36/><U100/><E120/><V11/><F98/><N who="3" m="57607" /><G91/><T50/><D50/><U47/><E123/><V121/><F121/><W99/><G99/><T83/><D19/><AGARI ba="0,0" hai="10,13,19,24,29,34,108,111,116,118,119" m="57607" machi="19" ten="30,8000,1" yaku="12,1,52,3,54,1" doraHai="113" who="3" fromWho="0" sc="349,-80,119,0,293,0,239,80" /><INIT seed="2,0,0,1,5,70" ten="269,119,293,319" oya="2" hai0="26,46,47,49,48,24,29,99,38,10,126,117,78" hai1="32,1,0,129,90,119,62,104,21,7,94,93,39" hai2="31,101,20,42,134,59,124,37,27,122,65,3,135" hai3="97,55,121,67,132,14,56,105,76,61,58,83,11"/><V66/><F122/><W127/><G121/><T9/><D126/><U114/><E114/><V103/><F124/><W54/><G127/><T109/><D109/><U98/><E119/><V2/><F101/><W85/><G132/><N who="2" m="50729" /><F103/><W115/><G115/><T110/><D110/><U19/><E32/><N who="2" m="20607" /><F59/><N who="3" m="37311" /><G105/><T51/><D117/><U82/><E104/><V25/><F42/><W71/><G71/><T17/><D78/><U128/><E82/><V95/><F95/><W100/><G100/><T120/><D120/><U88/><E62/><V8/><F37/><W118/><G97/><T44/><D99/><U13/><E39/><V91/><F91/><W81/><G83/><T40/><D26/><U106/><E106/><V30/><F8/><W6/><G118/><T73/><D73/><U96/><REACH who="1" step="1"/><E7/><REACH who="1" ten="269,109,293,319" step="2"/><V12/><F66/><W72/><G72/><T45/><REACH who="0" step="1"/><D17/><REACH who="0" ten="259,109,293,319" step="2"/><U84/><E84/><V123/><F123/><W60/><G60/><T36/><D36/><U92/><E92/><V28/><F28/><W43/><G85/><T16/><D16/><U111/><E111/><V77/><F30/><W107/><G107/><T53/><D53/><U131/><AGARI ba="0,2" hai="0,1,13,19,21,88,90,93,94,96,98,128,129,131" machi="131" ten="30,12000,2" yaku="1,1,0,1,9,1,19,1,54,1,53,2" doraHai="70" doraHaiUra="34" who="1" fromWho="1" sc="259,-30,109,140,293,-60,319,-30" /><INIT seed="3,0,0,1,5,133" ten="229,249,233,289" oya="3" hai0="86,94,42,119,48,101,96,43,1,56,75,97,28" hai1="114,73,66,9,25,102,117,76,26,111,128,60,78" hai2="106,15,113,118,46,135,45,85,23,79,39,35,62" hai3="51,110,7,11,65,74,0,52,38,124,84,89,130"/><W104/><G38/><T68/><D119/><U112/><E117/><V109/><F106/><W127/><G74/><T4/><D68/><U24/><E102/><V131/><F113/><W57/><G104/><T30/><D75/><U121/><E121/><V3/><F3/><W33/><G33/><T13/><D1/><U63/><E111/><V107/><F35/><W20/><G130/><T70/><D70/><U103/><E103/><V59/><F107/><W80/><G110/><T21/><D86/><U40/><E128/><V87/><F39/><W67/><REACH who="3" step="1"/><G20/><REACH who="3" ten="229,249,233,279" step="2"/><T19/><D4/><U100/><E73/><V69/><F23/><W88/><G88/><T134/><D134/><U108/><E108/><V125/><F135/><W27/><G27/><T12/><D12/><U99/><E114/><V18/><F15/><W105/><G105/><T82/><D82/><U71/><E112/><V8/><F109/><W31/><G31/><N who="0" m="11819" /><D96/><U77/><E25/><V22/><F131/><W29/><G29/><T32/><D32/><U92/><E26/><V55/><F22/><W72/><G72/><T53/><AGARI ba="0,1" hai="13,19,21,42,43,48,53,56,94,97,101" m="11819" machi="53" ten="30,1100,0" yaku="8,1" doraHai="133" who="0" fromWho="0" sc="229,21,249,-3,233,-3,279,-5" /><INIT seed="4,0,0,3,5,106" ten="250,246,230,274" oya="0" hai0="16,54,58,6,42,121,31,92,47,44,45,73,37" hai1="122,128,68,38,86,56,124,64,83,85,82,40,9" hai2="57,60,76,80,94,51,95,126,117,59,4,17,127" hai3="112,90,24,48,129,104,36,0,123,46,35,111,13"/><T89/><D121/><U96/><E122/><V72/><F117/><W10/><G111/><T53/><D73/><U97/><E68/><V71/><F71/><W74/><G104/><T70/><D70/><U29/><E128/><V98/><F4/><W102/><G36/><T75/><D75/><U67/><E29/><V78/><F78/><W26/><G0/><T62/><D31/><U105/><E124/><N who="2" m="47659" /><F17/><W116/><G35/><T131/><D131/><U39/><E9/><V87/><F87/><W19/><G74/><T130/><D130/><U41/><E105/><V50/><F95/><W109/><G109/><T43/><D6/><U113/><REACH who="1" step="1"/><E56/><REACH who="1" ten="250,236,230,274" step="2"/><N who="2" m="21579" /><F60/><W32/><G123/><T12/><D58/><U135/><E135/><V132/><F132/><W25/><G129/><T20/><D62/><U99/><E99/><V66/><F66/><W88/><G116/><T3/><D3/><U11/><E11/><V115/><F115/><AGARI ba="0,1" hai="38,39,40,41,64,67,82,83,85,86,96,97,113,115" machi="115" ten="25,3200,0" yaku="1,1,22,2,53,0" doraHai="106" doraHaiUra="7" who="1" fromWho="2" sc="250,0,236,42,230,-32,274,0" /><INIT seed="5,0,0,4,1,116" ten="250,278,198,274" oya="1" hai0="134,57,55,54,76,40,105,126,8,30,119,106,74" hai1="131,109,81,52,93,64,44,10,69,121,104,85,27" hai2="96,79,3,39,23,58,32,24,15,122,82,33,118" hai3="97,91,129,87,101,125,6,28,38,16,95,72,84"/><U68/><E121/><V21/><F3/><W103/><G38/><T92/><D119/><U18/><E104/><V135/><F118/><W62/><G72/><T59/><D40/><U117/><E117/><V60/><F135/><W73/><G73/><T90/><D134/><U5/><E64/><V110/><F110/><W63/><G6/><T112/><D30/><U7/><E109/><V36/><F122/><W0/><G0/><T46/><D46/><U133/><E133/><V67/><F96/><W45/><G28/><T2/><D112/><U25/><E93/><V50/><F50/><W107/><G45/><T88/><D126/><U115/><E131/><V100/><F100/><W14/><G125/><T13/><D2/><U80/><E69/><V43/><F43/><W1/><G1/><T31/><D31/><U65/><E65/><V48/><F48/><W66/><G129/><T29/><D29/><U77/><E68/><V61/><F24/><N who="1" m="9289" /><E81/><V102/><F102/><N who="3" m="38923" /><G107/><T99/><D74/><U75/><E115/><V42/><F42/><W98/><G66/><T132/><D132/><U78/><E78/><V35/><F61/><N who="3" m="23051" /><G98/><T70/><D70/><U51/><E75/><V120/><F120/><W124/><G124/><T17/><D76/><U34/><E34/><V53/><F67/><W37/><G37/><N who="2" m="14409" /><F15/><AGARI ba="0,0" hai="5,7,10,15,18,44,51,52,77,80,85" m="9289" machi="15" ten="30,2900,0" yaku="8,1,54,1" doraHai="116" who="1" fromWho="2" sc="250,0,278,29,198,-29,274,0" owari="250,-15.0,307,40.7,169,-33.1,274,7.4" /></mjloggm>