<mjloggm ver="2.3"><GO type="225" lobby="0"/><UN n0="%63%68%78%62%64" n1="%E3%81%AF%E3%82%88%E3%81%8A%E3%81%98%E3%81%95%E3%82%93" n2="%E8%B6%85%E7%B4%9A%E9%B3%B3%E5%87%B0" n3="%E3%81%A8%E3%82%93%E3%81%A8%E3%81%93%E3%81%A8%E3%82%93" dan="16,17,16,16" rate="2143.83,2200.30,2152.60,2141.23" sx="M,M,M,F"/><TAIKYOKU oya="0"/><INIT seed="0,0,0,2,2,133" ten="250,250,250,250" oya="0" hai0="76,69,82,74,121,46,77,6,11,43,73,72,17" hai1="49,67,105,59,2,60,25,131,39,98,7,34,28" hai2="125,134,68,3,26,40,21,108,122,64,20,102,15" hai3="45,128,85,117,8,19,35,1,30,18,83,57,9"/><T36/><D121/><U99/><E39/><V93/><F122/><W71/><G71/><T90/><D17/><U14/><E131/><V48/><F3/><W101/><G101/><T92/><D69/><U120/><E120/><V130/><F130/><W62/><G117/><T123/><D123/><U52/><E2/><V16/><F134/><W44/><G35/><T106/><D106/><U56/><REACH who="1" step="1"/><E105/><REACH who="1" ten="250,240,250,250" step="2"/><V5/><F108/><W112/><G1/><N who="0" m="463" /><D77/><U24/><E24/><V47/><F26/><W51/><G128/><T107/><D107/><U124/><E124/><V87/><F125/><W104/><G104/><T29/><D29/><U84/><E84/><AGARI ba="0,1" hai="36,43,46,72,73,74,76,82,84,90,92" m="463" machi="84" ten="30,1500,0" yaku="25,1" doraHai="133" who="0" fromWho="1" sc="250,25,240,-15,250,0,250,0" /><INIT seed="0,1,0,1,2,36" ten="275,225,250,250" oya="0" hai0="117,2,64,39,99,75,7,26,74,123,1,100,51" hai1="28,91,80,14,135,42,35,13,19,22,92,105,3" hai2="0,5,129,112,79,122,58,66,34,9,70,107,30" hai3="78,15,4,18,132,133,48,24,27,38,63,118,97"/><T40/><D117/><U59/><E105/><V111/><F122/><W41/><G38/><T16/><D51/><U128/><E3/><V76/><F112/><W50/><G118/><T32/><D123/><U81/><E128/><V89/><F70/><W96/><G4/><T90/><D90/><U55/><E135/><V54/><F107/><W25/><G78/><T46/><D64/><U84/><E13/><V11/><F129/><W98/><G63/><T130/><D130/><U124/><E124/><V68/><F111/><W6/><G6/><T110/><D110/><U29/><E42/><V65/><F89/><W23/><REACH who="3" step="1"/><G41/><REACH who="3" ten="275,225,250,240" step="2"/><T88/><D7/><U45/><E45/><V94/><F79/><W49/><AGARI ba="1,1" hai="15,18,23,24,25,27,48,49,50,96,97,98,132,133" machi="49" ten="40,8000,1" yaku="1,1,2,1,0,1,29,2,53,0" doraHai="36" doraHaiUra="106" who="3" fromWho="3" sc="275,-41,225,-21,250,-21,240,93" /><INIT seed="1,0,0,2,1,124" ten="234,204,229,333" oya="1" hai0="84,86,42,116,13,51,47,31,135,23,78,99,37" hai1="29,69,108,26,112,106,97,94,46,72,6,90,88" hai2="104,62,20,2,48,60,55,9,45,131,81,39,41" hai3="59,127,92,128,22,113,117,58,132,102,114,14,43"/><U100/><E112/><V98/><F20/><W33/><G33/><T0/><D116/><U19/><E69/><V66/><F81/><W95/><G127/><T34/><D0/><U35/><E72/><V71/><F62/><W103/><G43/><T7/><D34/><U121/><E121/><V74/><F74/><W64/><G132/><T130/><D135/><U32/><E32/><V109/><F109/><W12/><G22/><T21/><D130/><U105/><E108/><V122/><F122/><W57/><G64/><T5/><D37/><U107/><E19/><V24/><F24/><W65/><G65/><T27/><D99/><U123/><E123/><V56/><F131/><W133/><G133/><T63/><D63/><U38/><REACH who="1" step="1"/><E6/><REACH who="1" ten="234,194,229,333" step="2"/><V68/><F68/><W73/><G73/><T61/><D5/><U40/><AGARI ba="0,1" hai="26,29,35,38,40,46,88,90,94,97,100,105,106,107" machi="40" ten="40,12000,1" yaku="1,1,2,1,0,1,54,1,53,0" doraHai="124" doraHaiUra="54" who="1" fromWho="1" sc="234,-40,194,130,229,-40,333,-40" /><INIT seed="1,1,0,3,4,50" ten="194,324,189,293" oya="1" hai0="13,132,78,59,87,106,99,66,24,45,60,39,85" hai1="94,35,20,26,117,7,37,32,53,18,118,54,121" hai2="133,34,123,130,10,79,31,21,17,110,104,128,49" hai3="51,82,46,69,68,74,41,14,48,9,52,73,3"/><U105/><E105/><V16/><F123/><W111/><G111/><T100/><D132/><U114/><E121/><V44/><F104/><W80/><G3/><T70/><D24/><U96/><E114/><V72/><F110/><W0/><G0/><T40/><D13/><U47/><E7/><V62/><F133/><W101/><G101/><T108/><D108/><U107/><E107/><V58/><F34/><W6/><G82/><T11/><D11/><U131/><E131/><N who="2" m="50219" /><F10/><W113/><G113/><T23/><D23/><U97/><E97/><V67/><F31/><W88/><G73/><T90/><D78/><U83/><E83/><N who="2" m="45543" /><F21/><W42/><G42/><AGARI ba="1,0" hai="16,17,42,44,49,58,62,67" m="45543,50219" machi="42" ten="30,2000,0" yaku="19,1,54,1" doraHai="50" who="2" fromWho="3" sc="194,0,324,0,189,23,293,-23" /><INIT seed="2,0,0,0,5,114" ten="194,324,212,270" oya="2" hai0="122,13,100,56,53,62,132,30,103,98,127,25,111" hai1="87,36,10,70,68,37,1,109,85,35,26,121,99" hai2="119,31,133,57,69,33,102,104,91,124,2,80,117" hai3="112,110,82,55,8,61,46,90,51,123,21,88,27"/><V71/><F2/><W38/><G123/><T17/><D122/><U129/><E121/><V24/><F124/><W75/><G110/><T40/><D127/><U41/><E109/><V106/><F133/><W9/><G38/><T73/><D111/><U34/><E99/><V74/><F57/><W7/><G112/><T28/><D132/><U128/><E1/><V14/><F14/><W126/><G126/><T125/><D73/><U84/><E10/><V76/><F91/><W65/><G75/><T115/><D125/><U135/><E135/><V52/><F52/><W64/><G64/><T72/><D72/><U118/><E118/><N who="2" m="45067" /><F102/><N who="0" m="38954" /><D40/><U60/><E41/><V101/><F101/><W5/><G90/><T107/><D107/><AGARI ba="0,0" hai="24,31,33,69,71,74,76,80,104,106,107" m="45067" machi="107" ten="30,11600,0" yaku="23,1,52,3" doraHai="114" who="2" fromWho="0" sc="194,-116,324,0,212,116,270,0" /><INIT seed="2,1,0,3,5,66" ten="78,324,328,270" oya="2" hai0="78,47,6,27,42,32,44,135,61,133,124,85,11" hai1="129,126,81,33,72,14,26,82,13,43,62,10,109" hai2="119,56,16,46,0,102,125,51,25,121,19,23,92" hai3="95,29,114,63,5,71,89,101,39,110,122,115,123"/><V79/><F119/><W54/><G39/><T127/><D85/><U8/><E109/><V116/><F116/><W20/><G101/><T64/><D78/><U73/><E62/><V31/><F121/><W93/><G5/><T53/><D27/><U97/><E26/><V41/><F0/><W67/><G110/><T75/><D75/><U80/><E43/><V18/><F79/><W50/><G29/><T88/><D88/><U65/><E65/><V120/><F120/><W34/><G34/><T90/><D90/><U60/><E60/><V131/><F125/><N who="0" m="48202" /><D32/><U22/><E126/><V55/><F131/><W117/><G20/><T2/><D11/><U3/><E22/><V84/><F84/><W38/><G117/><T112/><D6/><U132/><E33/><V30/><F30/><W57/><G95/><T58/><D2/><U128/><E3/><V37/><REACH who="2" step="1"/><F31/><REACH who="2" ten="78,324,318,270" step="2"/><W83/><G122/><T40/><D112/><U28/><E28/><V52/><F52/><W99/><G123/><T100/><D100/><U70/><E129/><V1/><F1/><W21/><G114/><T94/><D94/><U69/><E128/><V103/><F103/><W24/><G115/><T105/><D105/><U45/><E73/><V87/><F87/><W12/><G93/><T91/><D91/><U104/><E72/><V74/><F74/><W108/><G89/><T76/><D76/><U134/><E104/><V48/><F48/><W59/><G50/><N who="0" m="26887" /><D53/><U15/><E82/><V4/><F4/><W35/><G54/><T107/><D107/><U113/><E81/><V77/><F77/><RYUUKYOKU ba="1,1" sc="78,15,324,-15,318,15,270,-15" hai0="42,47,58,61,64,133,135" hai2="16,18,19,23,25,37,41,46,51,55,56,92,102" /><INIT seed="2,2,1,0,4,51" ten="93,309,333,255" oya="2" hai0="17,0,67,113,39,1,134,95,40,11,60,92,85" hai1="99,127,122,25,98,47,89,48,103,129,61,44,130" hai2="56,26,94,24,68,72,7,32,49,19,73,15,112" hai3="106,37,21,93,124,132,110,8,45,28,31,76,33"/><V121/><F112/><W14/><G106/><T88/><D113/><U36/><E127/><V30/><F121/><W13/><G33/><T114/><D114/><U91/><E122/><V46/><F68/><W5/><G110/><T71/><D134/><U34/><E61/><V55/><F7/><W2/><G76/><T69/><D69/><U84/><E36/><V52/><F26/><W29/><G93/><T79/><D79/><U6/><E6/><V50/><F94/><W16/><G37/><T58/><D71/><U115/><E115/><V117/><F117/><W131/><G45/><T53/><D67/><U12/><E12/><V81/><F81/><W104/><G104/><T87/><D40/><U9/><E9/><AGARI ba="2,1" hai="9,15,19,24,30,32,46,49,50,52,55,56,72,73" machi="9" ten="30,11600,0" yaku="7,1,52,2,54,1" doraHai="51" who="2" fromWho="1" sc="93,0,309,-122,333,132,255,0" /><INIT seed="2,3,0,4,0,72" ten="93,187,465,255" oya="2" hai0="77,22,25,13,82,85,29,119,100,39,74,3,40" hai1="129,9,11,86,98,55,26,81,117,89,31,80,105" hai2="17,84,115,108,2,16,46,60,99,71,7,56,23" hai3="42,34,21,67,97,132,63,110,103,38,131,76,127"/><V78/><F115/><W116/><G116/><T4/><D119/><U70/><E117/><V27/><F108/><W62/><G110/><T45/><D100/><U68/><E129/><V109/><F109/><W52/><G131/><T61/><D61/><U94/><E105/><V5/><F71/><W30/><G34/><T134/><D134/><U135/><E135/><V101/><F46/><W47/><G127/><T69/><D69/><U24/><E68/><V120/><F120/><W14/><G132/><T37/><D37/><U122/><E70/><V112/><F112/><W128/><G67/><T36/><D36/><U92/><E122/><V1/><F17/><W10/><G76/><T35/><D85/><U123/><E123/><V104/><F5/><W12/><G52/><T51/><D51/><U28/><E55/><V57/><F7/><W88/><G88/><T8/><REACH who="0" step="1"/><D13/><REACH who="0" ten="83,187,465,255" step="2"/><U93/><E98/><V32/><F60/><W50/><G38/><T65/><D65/><U43/><E43/><V66/><F66/><W118/><G118/><T87/><D87/><U49/><E49/><V130/><F130/><W6/><G128/><T125/><D125/><U15/><E15/><V113/><F113/><W83/><G14/><T58/><D58/><U102/><E102/><V59/><F84/><W91/><G103/><T54/><D54/><U126/><E126/><V41/><F41/><W48/><G42/><T96/><D96/><U19/><E86/><V133/><F133/><W75/><G97/><T124/><D124/><U114/><E114/><V44/><F101/><W18/><G62/><RYUUKYOKU ba="3,1" sc="83,30,187,-10,465,-10,255,-10" hai0="3,4,8,22,25,29,35,39,40,45,74,77,82" /><INIT seed="3,4,1,3,5,70" ten="113,177,455,245" oya="3" hai0="93,120,110,31,23,8,54,51,5,113,30,57,2" hai1="83,61,104,82,128,125,101,114,60,65,121,111,39" hai2="127,134,81,45,96,20,129,25,75,126,35,37,46" hai3="42,53,14,27,19,112,56,97,80,94,4,48,124"/><W62/><G112/><T59/><D120/><U29/><E114/><V68/><F68/><W122/><G124/><N who="2" m="47657" /><F129/><W40/><G122/><T108/><D113/><U87/><E82/><V74/><F134/><W100/><G80/><T69/><D69/><U106/><E60/><V21/><F96/><W109/><G109/><T92/><D57/><U28/><E28/><N who="2" m="19855" /><F81/><W67/><G27/><T95/><REACH who="0" step="1"/><D23/><REACH who="0" ten="103,177,455,245" step="2"/><N who="2" m="8778" /><F37/><W58/><G4/><T33/><D33/><U32/><E39/><V116/><F116/><W7/><G7/><T119/><D119/><U44/><E32/><V98/><F98/><W131/><G131/><T105/><D105/><U17/><E65/><V89/><F89/><W103/><G103/><T15/><D15/><U12/><E12/><V38/><F38/><W91/><G100/><T76/><D76/><U133/><E101/><V132/><F132/><W64/><G64/><T43/><D43/><U36/><E36/><V22/><F22/><AGARI ba="4,2" hai="14,19,22,40,42,48,53,56,58,62,67,91,94,97" machi="22" ten="30,2900,0" yaku="7,1,8,1" doraHai="70" who="3" fromWho="2" sc="103,0,177,0,455,-41,245,61" /><INIT seed="3,5,0,5,0,118" ten="103,177,414,306" oya="3" hai0="130,56,47,82,99,41,2,38,73,117,112,71,69" hai1="81,48,32,80,58,70,75,131,105,9,55,87,89" hai2="106,110,123,86,36,79,45,25,127,97,46,53,49" hai3="17,61,92,0,44,135,34,22,90,52,37,15,14"/><W74/><G0/><T95/><D117/><U93/><E70/><V3/><F3/><W8/><G34/><T66/><D130/><U30/><E105/><V24/><F110/><W124/><G74/><T1/><D112/><U77/><E131/><V76/><F127/><W12/><G135/><T128/><D128/><U39/><E39/><V19/><F123/><W119/><G119/><T133/><D133/><U40/><E40/><V26/><F19/><W60/><G124/><T68/><D56/><U78/><E9/><V94/><F106/><W96/><G14/><T121/><D121/><U23/><E32/><V98/><F36/><W116/><G116/><T29/><D66/><U84/><E23/><V13/><F13/><W7/><REACH who="3" step="1"/><G37/><REACH who="3" ten="103,177,414,296" step="2"/><T62/><D62/><U111/><E75/><V102/><F49/><AGARI ba="5,1" hai="7,8,12,15,17,22,44,49,52,60,61,90,92,96" machi="49" ten="40,18000,2" yaku="1,1,2,1,8,1,54,1,53,2" doraHai="118" doraHaiUra="10" who="3" fromWho="2" sc="103,0,177,0,414,-195,296,205" owari="103,-39.7,177,-22.3,219,1.9,501,60.1" /></mjloggm>