<mjloggm ver="2.3"><GO type="225" lobby="0"/><UN n0="%6D%75%75%6D%75%72%61" n1="%E8%81%B7%E6%A5%AD%E3%80%81%E9%A2%A8%32" n2="%E6%97%A5%E6%9B%9C%E6%97%A5%E3%82%88%E3%82%8A%E3%81%AE%E4%BD%BF%E8%80%85" n3="%E8%A8%88%E7%AE%97%E6%A9%9F%E8%87%AA%E7%84%B6" dan="16,16,17,17" rate="2139.62,2146.49,2161.79,2214.95" sx="F,M,M,M"/><TAIKYOKU oya="0"/><INIT seed="0,0,0,3,4,68" ten="250,250,250,250" oya="0" hai0="31,38,43,63,87,98,52,19,101,36,129,62,74" hai1="44,7,22,126,45,14,71,128,17,78,114,61,51" hai2="12,53,23,64,11,16,26,119,54,20,39,57,106" hai3="84,73,123,3,60,132,96,6,30,135,76,127,13"/><T105/><D74/><U49/><E126/><V75/><F106/><W99/><G3/><T88/><D129/><U18/><E128/><V89/><F75/><W27/><G73/><T1/><D1/><U50/><E114/><V67/><F119/><W70/><G127/><T66/><D31/><U5/><E71/><V77/><F39/><W102/><G123/><T47/><D19/><U42/><E78/><V110/><F110/><W97/><G6/><N who="1" m="2058" /><E61/><V55/><F77/><W108/><G13/><T9/><D9/><N who="1" m="6351" /><E42/><V24/><F89/><W80/><G108/><T0/><D0/><U86/><E86/><V34/><F34/><W103/><G60/><T28/><D28/><U10/><E10/><V116/><F116/><W48/><G48/><T94/><D36/><U35/><E35/><V29/><REACH who="2" step="1"/><F57/><REACH who="2" ten="250,250,240,250" step="2"/><W134/><REACH who="3" step="1"/><G70/><REACH who="3" ten="250,250,240,240" step="2"/><T46/><REACH who="0" step="1"/><D66/><REACH who="0" ten="240,250,240,240" step="2"/><U58/><E58/><V69/><F69/><W2/><G2/><T72/><D72/><U104/><E45/><V122/><F122/><W90/><G90/><T59/><D59/><U107/><E44/><V124/><F124/><W95/><G95/><T25/><D25/><U83/><E107/><V79/><F79/><W32/><AGARI ba="0,3" hai="27,30,32,76,80,84,96,97,99,102,103,132,134,135" machi="32" ten="40,5200,0" yaku="1,1,0,1,20,1,53,0" doraHai="68" doraHaiUra="115" who="3" fromWho="3" sc="240,-26,250,-13,240,-13,240,82" /><INIT seed="1,0,0,5,1,36" ten="214,237,227,322" oya="1" hai0="112,23,79,68,96,24,66,93,37,20,39,19,65" hai1="100,115,135,56,116,13,111,74,133,31,7,77,49" hai2="8,70,94,53,121,16,98,91,14,44,15,27,108" hai3="130,107,26,82,113,30,43,58,92,21,52,119,87"/><U114/><E116/><V48/><F121/><W12/><G107/><T127/><D112/><U5/><E100/><V63/><F108/><W132/><G113/><N who="1" m="43018" /><E77/><V131/><F131/><W46/><G132/><N who="1" m="50762" /><E74/><V59/><F70/><W40/><G130/><T81/><D127/><U38/><E38/><V84/><F84/><W33/><G119/><T101/><D37/><U110/><E56/><V45/><F27/><W85/><G46/><T67/><D39/><U118/><E49/><V54/><F15/><W1/><G1/><T103/><D103/><U97/><E97/><V120/><F120/><W88/><G12/><T99/><D99/><U123/><E118/><V69/><F69/><W10/><G10/><T129/><D129/><U76/><E76/><V125/><F125/><W32/><G33/><T25/><D68/><U95/><E95/><V55/><REACH who="2" step="1"/><F45/><REACH who="2" ten="214,237,217,322" step="2"/><W102/><G32/><T117/><D117/><U78/><E123/><V35/><F35/><W89/><G102/><T50/><D50/><AGARI ba="0,1" hai="21,26,30,40,43,50,52,58,82,85,87,88,89,92" machi="50" ten="30,12000,2" yaku="7,1,8,1,52,2,54,2" doraHai="36" who="3" fromWho="0" sc="214,-120,237,0,217,0,322,130" /><INIT seed="2,0,0,0,2,124" ten="94,237,217,452" oya="2" hai0="117,16,25,135,29,12,40,96,23,122,35,51,101" hai1="71,36,95,6,33,50,104,98,91,72,20,83,39" hai2="110,120,2,1,24,42,89,100,99,14,54,130,114" hai3="22,133,68,115,15,45,11,18,61,102,37,58,48"/><V111/><F114/><W46/><G133/><T60/><D135/><U63/><E33/><V92/><F120/><W116/><G116/><T8/><D122/><U19/><E71/><V3/><F42/><W88/><G102/><T131/><D117/><U90/><E63/><V79/><F79/><W17/><G37/><T134/><D134/><U106/><E6/><V67/><F67/><N who="3" m="39351" /><G68/><T121/><D121/><U126/><E126/><V52/><F130/><W41/><G45/><T73/><D73/><U27/><E39/><V31/><F14/><N who="3" m="7391" /><G115/><T75/><D75/><U0/><E36/><V119/><F119/><W127/><G127/><T105/><D60/><U87/><E0/><V47/><F100/><W76/><G88/><T94/><D131/><U109/><E109/><N who="2" m="41483" /><F47/><W113/><G113/><T80/><D80/><U49/><E72/><V70/><F70/><W65/><G76/><T118/><D118/><U44/><E50/><V86/><F99/><W4/><G4/><T85/><D51/><U93/><E83/><V55/><F1/><W103/><G103/><T128/><D128/><U28/><E28/><V21/><AGARI ba="0,0" hai="2,3,21,24,31,52,54,55,86,89,92" m="41483" machi="21" ten="30,6000,0" yaku="14,1,10,1,54,1" doraHai="124" who="2" fromWho="2" sc="94,-20,237,-20,217,60,452,-20" /><INIT seed="2,1,0,4,3,113" ten="74,217,277,432" oya="2" hai0="99,129,21,128,124,95,61,5,26,120,45,10,108" hai1="82,23,18,100,110,102,3,104,16,101,85,127,125" hai2="119,49,37,105,64,89,42,107,25,131,14,1,28" hai3="63,24,50,77,117,15,132,70,133,57,48,111,90"/><V30/><F1/><W83/><G117/><T33/><D120/><U12/><E110/><V130/><F37/><W51/><G111/><T39/><D108/><U52/><E3/><V84/><F64/><N who="3" m="41247" /><G90/><T59/><D33/><U4/><E4/><V13/><F49/><W106/><G106/><N who="2" m="40457" /><F42/><W115/><G24/><T58/><D124/><N who="1" m="47691" /><E104/><V60/><F60/><W67/><G15/><N who="2" m="5641" /><F25/><W53/><G115/><T27/><D39/><U121/><E121/><V79/><F79/><W112/><G112/><T35/><D35/><U2/><E2/><V103/><F103/><W94/><G67/><T38/><D38/><U74/><E74/><V40/><F40/><W7/><G7/><T73/><D73/><U80/><E18/><V92/><F119/><W76/><G76/><T19/><D5/><U55/><E82/><V97/><F97/><W91/><G83/><T11/><D19/><U87/><E85/><V75/><F75/><W6/><G77/><AGARI ba="1,0" hai="12,16,23,52,55,77,80,87,100,101,102" m="47691" machi="77" ten="30,3900,0" yaku="18,1,54,2" doraHai="113" who="1" fromWho="3" sc="74,0,217,42,277,0,432,-42" /><INIT seed="3,0,0,4,5,110" ten="74,259,277,390" oya="3" hai0="120,32,131,47,96,107,118,113,29,4,117,15,80" hai1="38,91,35,26,63,100,67,116,81,8,103,78,40" hai2="59,108,105,84,92,83,23,22,14,106,41,93,28" hai3="10,39,17,6,11,3,61,68,62,128,60,126,123"/><W104/><G104/><T19/><D107/><U56/><E116/><V46/><F106/><W72/><G39/><T130/><D96/><U73/><E35/><V69/><F105/><W75/><G68/><T57/><D80/><U7/><E26/><N who="2" m="16471" /><F69/><W101/><G101/><T51/><D57/><U48/><E48/><N who="2" m="26703" /><F59/><W45/><G126/><T24/><D51/><U65/><E65/><V121/><F121/><W34/><G128/><T135/><D47/><U127/><E127/><V125/><F125/><W119/><G123/><T76/><D76/><U122/><E122/><V124/><F108/><W55/><G119/><T33/><D120/><U109/><E91/><N who="2" m="51615" /><F124/><W52/><G10/><T85/><D85/><U111/><E109/><V50/><F50/><W54/><G6/><T79/><D79/><U2/><E111/><V1/><F1/><W89/><G89/><T58/><D58/><U21/><REACH who="1" step="1"/><E21/><REACH who="1" ten="74,249,277,390" step="2"/><V133/><F133/><W0/><G34/><T95/><D95/><U30/><E30/><V87/><F87/><W115/><G60/><T42/><D42/><U16/><E16/><AGARI ba="0,1" hai="14,16,23,92,93" m="51615,26703,16471" machi="16" ten="30,2000,0" yaku="8,1,54,1" doraHai="110" who="2" fromWho="1" sc="74,0,249,-20,277,30,390,0" owari="74,-42.6,229,-17.1,307,10.7,390,49.0" /></mjloggm>