<mjloggm ver="2.3"><GO type="225" lobby="0"/><UN n0="%52%61%69%61%6E%2E" n1="%E3%82%BC%E3%83%AB%E3%83%80%E3%81%AE%E4%BC%9D%E8%AA%AC" n2="%E3%83%9E%E3%83%AB%E3%83%9E%E3%83%AB%E3%81%A1%E3%82%83%E3%82%93" n3="%33%74%72%65%65" dan="16,18,16,16" rate="2041.70,2213.16,2105.31,2115.10" sx="M,M,M,F"/><TAIKYOKU oya="0"/><INIT seed="0,0,0,3,1,47" ten="250,250,250,250" oya="0" hai0="63,70,14,80,111,92,35,106,109,42,105,26,110" hai1="104,133,117,95,23,29,37,8,129,61,67,58,60" hai2="107,41,68,112,21,28,64,2,6,101,97,13,20" hai3="114,98,12,99,17,34,43,128,25,87,118,127,51"/><T76/><D14/><U62/><E117/><V65/><F112/><W56/><G114/><T55/><D42/><U18/><E104/><V10/><F68/><W46/><G118/><T135/><D92/><U66/><E37/><V81/><F41/><W52/><G127/><T15/><D15/><N who="1" m="7527" /><E133/><V72/><F21/><N who="3" m="13487" /><G128/><T90/><D90/><U79/><E129/><V69/><F69/><W83/><G12/><T124/><D124/><U121/><E121/><V88/><F72/><W116/><G34/><T96/><D96/><U53/><E79/><V75/><F75/><W102/><G102/><T59/><D70/><U85/><E85/><V22/><F22/><W130/><G116/><T40/><D135/><U0/><E0/><V3/><F3/><W84/><G84/><N who="0" m="48135" /><D40/><U4/><E4/><V36/><F36/><W71/><G71/><T131/><D131/><U9/><E9/><V126/><F126/><W89/><G130/><T57/><D59/><U50/><E95/><V123/><F123/><W11/><G11/><T45/><D45/><U77/><E77/><V113/><F113/><W115/><G115/><T48/><D63/><AGARI ba="0,0" hai="43,46,51,52,56,63,83,87,89,98,99" m="13487" machi="63" ten="30,3900,0" yaku="8,1,52,1,54,1" doraHai="47" who="3" fromWho="0" sc="250,-39,250,0,250,0,250,39" /><INIT seed="1,0,0,3,0,96" ten="211,250,250,289" oya="1" hai0="23,88,14,113,22,65,97,1,89,95,91,31,124" hai1="55,84,118,71,4,18,3,28,78,122,12,135,43" hai2="51,13,52,98,74,10,54,83,75,79,56,130,110" hai3="134,49,63,81,80,85,15,40,123,72,69,19,62"/><U58/><E118/><V9/><F110/><W21/><G123/><T77/><D113/><U114/><E122/><V128/><F75/><W70/><G134/><T101/><D1/><U73/><E114/><V87/><F74/><W30/><G72/><T99/><D124/><U29/><E71/><V39/><F39/><W37/><G37/><T102/><D65/><U111/><E73/><V6/><F10/><W103/><G103/><T90/><D77/><U50/><E135/><V76/><F76/><W100/><G100/><N who="0" m="38507" /><D31/><U46/><E4/><V32/><F98/><N who="0" m="37386" /><D14/><U109/><E3/><V132/><F132/><W64/><G30/><T119/><D119/><U121/><E121/><V68/><F68/><W27/><G15/><T120/><D120/><U2/><E2/><V36/><F36/><W57/><G69/><T45/><D45/><U104/><E104/><V60/><REACH who="2" step="1"/><F32/><REACH who="2" ten="211,250,240,289" step="2"/><W24/><G70/><T5/><D5/><U17/><E111/><V125/><F125/><W53/><G64/><T44/><D44/><AGARI ba="0,1" hai="6,9,13,44,51,52,54,56,60,79,83,87,128,130" machi="44" ten="40,2600,0" yaku="1,1,54,1,53,0" doraHai="96" doraHaiUra="116" who="2" fromWho="0" sc="211,-26,250,0,240,36,289,0" /><INIT seed="2,0,0,2,5,106" ten="185,250,276,289" oya="2" hai0="120,119,103,108,12,87,84,28,19,3,102,94,70" hai1="64,36,71,116,32,104,99,83,97,111,118,91,100" hai2="50,42,56,92,17,9,59,7,58,22,11,45,8" hai3="76,1,89,5,65,24,80,123,62,88,85,57,60"/><V82/><F92/><W13/><G123/><T18/><D120/><U117/><E36/><V90/><F90/><W126/><G126/><T46/><D3/><U113/><E32/><V33/><F33/><W55/><G1/><T135/><D70/><U27/><E27/><V98/><F98/><W21/><G13/><T20/><D108/><U14/><E14/><V127/><F127/><W115/><G5/><T121/><D121/><U34/><E34/><V61/><F82/><W109/><G109/><T78/><D135/><U93/><E64/><V125/><F125/><W2/><G2/><T105/><D105/><U41/><E41/><V40/><F40/><W107/><G107/><T63/><D119/><U72/><E71/><V130/><F130/><W129/><G115/><T134/><D28/><U49/><E49/><V132/><F132/><W4/><G4/><T131/><D131/><U114/><E111/><V6/><REACH who="2" step="1"/><F61/><REACH who="2" ten="185,250,266,289" step="2"/><W68/><REACH who="3" step="1"/><G129/><REACH who="3" ten="185,250,266,279" step="2"/><T16/><D134/><U39/><E104/><V133/><F133/><W69/><G69/><T77/><D94/><U48/><E116/><V51/><F51/><W96/><G96/><T43/><D63/><U31/><E48/><V67/><F67/><W44/><G44/><T25/><D46/><U66/><E66/><V122/><F122/><W38/><G38/><T15/><D43/><U54/><E39/><V79/><F79/><W86/><G86/><T47/><D47/><U10/><E117/><V74/><F74/><W35/><G35/><T101/><D77/><N who="1" m="44455" /><E118/><V75/><F75/><W37/><G37/><T0/><D78/><RYUUKYOKU ba="0,2" sc="185,-15,250,-15,266,15,279,15" hai2="6,7,8,9,11,17,22,42,45,50,56,58,59" hai3="21,24,55,57,60,62,65,68,76,80,85,88,89" /><INIT seed="2,1,2,1,1,4" ten="170,235,281,294" oya="2" hai0="66,21,81,72,97,7,51,127,3,43,16,27,79" hai1="26,115,116,124,123,125,10,17,8,47,75,55,5" hai2="56,23,12,110,113,35,104,96,84,108,102,18,37" hai3="69,94,87,90,134,70,78,20,62,6,121,126,40"/><V14/><F113/><W132/><G121/><T53/><D127/><N who="1" m="48715" /><E116/><V95/><F35/><W74/><G126/><T67/><D43/><U80/><E115/><V119/><F119/><W83/><G40/><T71/><D71/><U45/><E123/><V49/><F37/><W129/><G129/><T122/><D122/><U114/><E114/><V58/><F14/><W76/><G76/><T1/><D97/><U59/><E75/><V82/><F104/><W36/><G36/><T112/><D112/><U109/><E80/><V130/><F130/><W60/><G20/><T46/><REACH who="0" step="1"/><D3/><REACH who="0" ten="160,235,281,294" step="2"/><N who="1" m="63" /><E109/><N who="2" m="42091" /><F49/><W118/><G118/><T0/><D0/><U52/><E55/><V30/><F30/><W117/><G117/><T73/><D73/><U32/><E32/><V19/><F19/><W33/><G74/><T42/><D42/><U68/><E68/><V128/><F128/><W77/><G69/><T39/><D39/><U89/><E52/><V93/><F93/><W38/><G94/><T99/><D99/><U65/><E17/><V31/><F31/><W34/><G38/><T28/><D28/><U50/><E50/><V24/><F24/><W131/><G131/><T100/><D100/><U98/><E26/><V111/><F111/><W2/><G2/><T135/><D135/><U85/><E98/><V106/><F106/><W103/><G134/><T41/><D41/><U9/><E65/><V92/><F92/><W86/><G132/><T105/><D105/><U88/><E85/><V11/><F23/><W44/><G34/><T29/><D29/><U22/><E22/><V13/><F13/><RYUUKYOKU ba="1,3" sc="160,15,235,-15,281,15,294,-15" hai0="1,7,16,21,27,46,51,53,66,67,72,79,81" hai2="11,12,18,56,58,82,84,95,96,102" /><INIT seed="2,2,3,1,3,8" ten="175,220,296,279" oya="2" hai0="44,132,51,39,35,130,92,34,9,61,69,118,29" hai1="12,18,89,121,97,100,66,112,135,59,53,114,23" hai2="103,24,125,94,54,19,47,84,41,96,129,95,86" hai3="123,46,48,99,32,50,14,7,128,126,56,52,82"/><V26/><F125/><W85/><G123/><T1/><D130/><U49/><E121/><V127/><F127/><W3/><G126/><T43/><D132/><U68/><E135/><V90/><F129/><W31/><G128/><T6/><D118/><U105/><E68/><V102/><F54/><W93/><G3/><T55/><D29/><U30/><E66/><V60/><F60/><W87/><G32/><T38/><D92/><U80/><E30/><V45/><F19/><W116/><G31/><T76/><D76/><U106/><E106/><V28/><F28/><W63/><G116/><T122/><D122/><U15/><E80/><V37/><F45/><W71/><G71/><T13/><D1/><U110/><E110/><V131/><F131/><W108/><G108/><T57/><REACH who="0" step="1"/><D38/><REACH who="0" ten="165,220,296,279" step="2"/><U10/><REACH who="1" step="1"/><E89/><REACH who="1" ten="165,210,296,279" step="2"/><V109/><F109/><W5/><G82/><T124/><D124/><U104/><E104/><V65/><F90/><W27/><G93/><T98/><D98/><U36/><E36/><V107/><F107/><W134/><G99/><T11/><D11/><U81/><E81/><V74/><F96/><W79/><G134/><T22/><D22/><U62/><E62/><V21/><F95/><W75/><G63/><T77/><D77/><U25/><E25/><V101/><F94/><W16/><G27/><T91/><D91/><U0/><E0/><V42/><F26/><W4/><G79/><T17/><D17/><AGARI ba="2,5" hai="10,12,15,17,18,23,49,53,59,97,100,105,112,114" machi="17" ten="30,7700,0" yaku="1,1,7,1,52,2,53,0" doraHai="8" doraHaiUra="78" who="1" fromWho="0" sc="165,-83,210,133,296,0,279,0" /><INIT seed="3,0,0,1,3,67" ten="82,343,296,279" oya="3" hai0="13,135,102,128,133,31,130,60,43,3,37,34,111" hai1="97,96,16,48,17,30,95,68,99,2,26,15,61" hai2="0,129,80,25,81,76,55,113,54,78,27,10,119" hai3="45,4,98,123,49,72,114,6,104,20,118,62,39"/><W53/><G114/><T66/><D102/><U108/><E2/><V103/><F119/><W33/><G123/><T87/><D3/><U109/><E48/><V107/><F113/><W1/><G118/><T50/><D13/><U74/><E74/><V7/><F129/><N who="0" m="49770" /><D87/><U21/><E61/><V12/><F0/><W71/><G33/><T11/><D11/><N who="1" m="6271" /><E68/><V93/><F107/><W36/><G72/><T18/><D18/><U106/><E106/><V79/><F93/><W41/><G20/><T23/><D23/><N who="1" m="15711" /><E109/><V32/><F103/><W94/><G104/><T121/><D31/><U91/><E108/><V69/><F69/><W70/><G1/><T124/><D34/><U44/><E44/><V112/><F112/><W42/><G4/><T47/><D111/><U64/><E64/><V115/><F115/><W90/><G6/><T92/><D92/><U5/><E5/><V57/><F32/><W120/><G120/><T125/><D121/><U8/><E8/><V134/><F10/><W100/><G100/><T9/><D9/><U82/><E82/><V83/><F7/><W122/><G122/><T52/><D37/><U86/><E99/><V59/><F12/><AGARI ba="0,0" hai="12,17,21,86,91,95,96,97" m="15711,6271" machi="12" ten="30,2000,0" yaku="8,1,54,1" doraHai="67" who="1" fromWho="2" sc="82,0,343,20,296,-20,279,0" owari="82,-41.8,363,46.3,276,-12.4,279,7.9" /></mjloggm>