<mjloggm ver="2.3"><GO type="225" lobby="0"/><UN n0="%E3%80%90%E3%83%88%E3%83%AA%E3%83%A5%E3%83%95%E3%80%91" n1="%E8%BE%9B%E5%8F%A3%E3%82%AB%E3%83%AC%E3%83%BC%E3%83%A9%E3%82%A4%E3%82%B9" n2="%72%69%6F%75%63%68%61%6E" n3="%6D%75%75%73%61%6E%6D%75" dan="16,17,16,17" rate="2104.43,2208.84,2201.53,2138.76" sx="M,M,M,F"/><TAIKYOKU oya="0"/><INIT seed="0,0,0,1,4,94" ten="250,250,250,250" oya="0" hai0="25,88,2,81,123,120,112,114,44,10,75,110,65" hai1="61,98,66,64,103,129,13,116,1,121,76,24,6" hai2="36,93,79,4,122,40,12,99,43,100,46,33,7" hai3="113,47,119,55,125,86,78,70,128,84,50,56,31"/><T127/><D65/><U49/><E116/><V73/><F122/><N who="0" m="46634" /><D44/><U71/><E121/><V27/><F40/><W135/><G70/><T15/><D25/><U17/><E129/><V132/><F132/><W101/><G135/><T62/><D62/><U126/><E126/><V108/><F108/><W45/><G125/><T90/><D2/><U91/><E66/><V0/><F0/><W9/><G128/><T38/><D38/><U96/><E76/><V29/><REACH who="2" step="1"/><F12/><REACH who="2" ten="250,250,240,250" step="2"/><W69/><G119/><T48/><D15/><U92/><E1/><V87/><F87/><W104/><G86/><N who="0" m="50255" /><D127/><U51/><E6/><V118/><F118/><W105/><G84/><T39/><D75/><U59/><E24/><V107/><F107/><W54/><G105/><T18/><D110/><U74/><E74/><V97/><F97/><W21/><G104/><T95/><D114/><U115/><E115/><V124/><F124/><W82/><G113/><T42/><D42/><U34/><E13/><V68/><F68/><W77/><G69/><T89/><D112/><U8/><E71/><V23/><F23/><W16/><G21/><T37/><D10/><U22/><E8/><V41/><F41/><W130/><G130/><T134/><D134/><U133/><E133/><V83/><AGARI ba="0,1" hai="4,7,27,29,33,36,43,46,73,79,83,93,99,100" machi="83" ten="30,7900,0" yaku="1,1,0,1,52,1,53,1" doraHai="94" doraHaiUra="26" who="2" fromWho="2" sc="250,-39,250,-20,240,89,250,-20" /><INIT seed="1,0,0,1,1,12" ten="211,230,329,230" oya="1" hai0="108,28,119,86,17,75,3,45,67,110,76,121,70" hai1="37,131,36,53,118,5,80,133,14,52,59,125,103" hai2="111,126,89,68,30,97,128,94,92,9,100,33,22" hai3="32,81,2,77,61,72,57,127,62,19,71,4,113"/><U78/><E118/><V98/><F111/><N who="0" m="42538" /><D3/><U91/><E131/><V16/><F126/><W114/><G127/><T107/><D119/><U64/><E125/><V104/><F128/><W10/><G32/><T23/><D107/><U60/><E133/><V130/><F130/><W63/><G71/><T96/><D75/><U122/><E122/><V109/><F109/><W88/><G57/><T50/><D28/><U39/><E103/><V24/><F68/><W1/><G1/><T85/><D96/><U124/><E91/><V44/><F44/><W6/><G6/><T27/><D76/><U65/><E65/><V120/><F9/><W105/><G105/><T101/><D101/><U102/><E102/><V93/><REACH who="2" step="1"/><F120/><REACH who="2" ten="211,230,319,230" step="2"/><W47/><G47/><T79/><D121/><U66/><E124/><V106/><F106/><W87/><REACH who="3" step="1"/><G19/><REACH who="3" ten="211,230,319,220" step="2"/><T84/><D45/><U95/><E5/><V11/><F11/><W74/><G74/><T83/><D70/><U20/><E37/><V40/><F40/><W90/><G90/><T129/><D129/><U7/><E39/><V135/><F135/><W8/><G8/><T49/><D79/><U58/><E36/><V13/><AGARI ba="0,2" hai="13,16,22,24,30,33,89,92,93,94,97,98,100,104" machi="13" ten="20,8000,1" yaku="1,1,0,1,7,1,52,1,54,1,53,0" doraHai="12" doraHaiUra="0" who="2" fromWho="2" sc="211,-20,230,-40,319,100,220,-20" /><INIT seed="2,0,0,1,5,110" ten="191,190,419,200" oya="2" hai0="51,124,7,0,52,83,19,121,39,11,6,14,73" hai1="59,2,98,29,44,25,69,75,128,65,103,40,95" hai2="94,64,8,47,125,57,104,96,66,9,90,32,20" hai3="102,68,86,93,37,28,53,127,99,72,23,123,129"/><V118/><F125/><W84/><G123/><T45/><D124/><U126/><E126/><V62/><F32/><W80/><G127/><T55/><D121/><U54/><E75/><V41/><F118/><W48/><G37/><T115/><D39/><U50/><E2/><V111/><F111/><W18/><G68/><T109/><D109/><U16/><E128/><V26/><F66/><W21/><G129/><T35/><D35/><U119/><E119/><V77/><F77/><W12/><G72/><T120/><D120/><U100/><E69/><V105/><F105/><W1/><G1/><T134/><D134/><U49/><E65/><V24/><F104/><W38/><G38/><T22/><D7/><U131/><E131/><V30/><REACH who="2" step="1"/><F24/><REACH who="2" ten="191,190,409,200" step="2"/><N who="3" m="16399" /><G80/><T113/><REACH who="0" step="1"/><D55/><REACH who="0" ten="181,190,409,200" step="2"/><U132/><E54/><V91/><F91/><W56/><AGARI ba="0,2" hai="12,18,23,48,53,56,84,86,93,99,102" m="16399" machi="56" ten="30,1100,0" yaku="8,1" doraHai="110" who="3" fromWho="3" sc="181,-3,190,-3,409,-5,200,31" /><INIT seed="3,0,0,2,2,21" ten="178,187,404,231" oya="3" hai0="123,85,95,55,43,14,64,98,66,119,53,76,70" hai1="54,131,39,11,93,61,82,118,78,126,132,113,50" hai2="124,115,99,22,71,89,77,24,112,1,60,13,0" hai3="94,40,17,121,12,4,29,100,101,59,35,127,129"/><W110/><G121/><T111/><D123/><U130/><E113/><V96/><F77/><W122/><G122/><T10/><D119/><U57/><E39/><V45/><F13/><W116/><G116/><T68/><D43/><U58/><E118/><V27/><F45/><W69/><G69/><T52/><D111/><U75/><E126/><V134/><F89/><W65/><G129/><N who="1" m="49162" /><E132/><V49/><F49/><W41/><G4/><N who="0" m="3399" /><D68/><U25/><E11/><V15/><F15/><W72/><G12/><T109/><D109/><U117/><E117/><V114/><F124/><W32/><G110/><T74/><D74/><U92/><E25/><N who="2" m="9803" /><F22/><W26/><G72/><T19/><D19/><U91/><E91/><V34/><F134/><W2/><G35/><T107/><D107/><U135/><E135/><V46/><F46/><W102/><G40/><T83/><D70/><U81/><E81/><V23/><F23/><W20/><G41/><T87/><D87/><U8/><E8/><V42/><F42/><W84/><G32/><T97/><D97/><N who="2" m="37450" /><F34/><W86/><G127/><T31/><D31/><U37/><E37/><V5/><F5/><W105/><G29/><T62/><D62/><U16/><E16/><V38/><F38/><W79/><G17/><T108/><D108/><U120/><E120/><V47/><F47/><W103/><G105/><T36/><D36/><U128/><N who="1" m="49170" /><U88/><DORA hai="18" /><E88/><AGARI ba="0,0" hai="52,53,55,64,66,76,83,85,88,95,98" m="3399" machi="88" ten="30,3900,0" yaku="8,1,54,2" doraHai="21,18" who="0" fromWho="1" sc="178,39,187,-39,404,0,231,0" owari="217,-18.3,148,-35.2,404,50.4,231,3.1" /></mjloggm>