<mjloggm ver="2.3"><GO type="225" lobby="0"/><UN n0="%6D%75%75%73%61%6E%6D%75" n1="%E3%81%99%E3%81%84%E3%81%BE%E3%81%9B%E3%83%BC%E3%82%93" n2="%E6%81%A5%E6%99%92%E3%81%97" n3="%E6%A1%9C%E8%8A%B1%E9%96%83%E3%80%85" dan="16,18,16,16" rate="2148.85,2298.10,2076.80,2181.37" sx="F,M,M,M"/><TAIKYOKU oya="0"/><INIT seed="0,0,0,1,3,129" ten="250,250,250,250" oya="0" hai0="96,132,123,0,115,30,92,41,62,12,44,69,26" hai1="134,11,14,9,109,56,102,50,66,127,16,48,111" hai2="29,42,71,58,82,22,18,40,59,6,65,3,74" hai3="125,35,87,126,39,78,95,101,79,20,60,84,81"/><T45/><D115/><U80/><E127/><N who="3" m="48650" /><G35/><T34/><D123/><U10/><E134/><V4/><F29/><W130/><G39/><T110/><D0/><U21/><E102/><V53/><F71/><W75/><G20/><T23/><D110/><N who="1" m="41995" /><E80/><V85/><F74/><W116/><G60/><AGARI ba="0,0" hai="9,10,11,14,16,21,48,50,56,60,66" m="41995" machi="60" ten="30,2000,0" yaku="14,1,54,1" doraHai="129" who="1" fromWho="3" sc="250,0,250,20,250,0,250,-20" /><INIT seed="1,0,0,2,5,50" ten="250,270,250,230" oya="1" hai0="107,93,34,49,132,2,122,98,33,106,135,133,113" hai1="82,127,37,130,103,68,74,129,9,73,108,102,48" hai2="44,60,28,7,118,76,115,83,88,62,66,45,77" hai3="35,31,15,24,89,91,17,104,58,70,63,47,29"/><U0/><E37/><V101/><F118/><W75/><G70/><T23/><D113/><U69/><E127/><V39/><F115/><W95/><G104/><N who="0" m="39979" /><D122/><U134/><E134/><V123/><F101/><N who="1" m="38409" /><E82/><V40/><F123/><W78/><G75/><N who="1" m="28682" /><E48/><V90/><F28/><W120/><G78/><T61/><D2/><U57/><E57/><V112/><F7/><W38/><G31/><T124/><D124/><U119/><E119/><V22/><F112/><W8/><G120/><T72/><D72/><U86/><E86/><V100/><F100/><W10/><G95/><T65/><D23/><U80/><E80/><V128/><F22/><W21/><G38/><T4/><D4/><U81/><E81/><V14/><F83/><W64/><G47/><T121/><D121/><U51/><E51/><V87/><F87/><W5/><REACH who="3" step="1"/><G8/><REACH who="3" ten="250,270,250,220" step="2"/><T110/><D93/><U25/><E9/><V97/><F77/><W6/><G6/><T125/><D125/><U13/><E69/><V16/><F76/><W43/><G43/><T11/><D11/><U54/><E68/><V53/><F45/><W84/><G84/><T46/><D98/><U109/><E0/><AGARI ba="0,1" hai="0,5,10,15,17,21,24,29,35,58,63,64,89,91" machi="0" ten="30,8000,1" yaku="1,1,7,1,24,2,53,1" doraHai="50" doraHaiUra="27" who="3" fromWho="1" sc="250,0,270,-80,250,0,220,90" /><INIT seed="2,0,0,2,2,71" ten="250,190,250,310" oya="2" hai0="105,134,19,117,5,113,21,55,20,106,121,45,37" hai1="64,116,8,65,96,98,70,95,77,53,33,82,62" hai2="104,34,17,99,52,119,24,23,130,88,94,54,41" hai3="60,74,61,101,125,50,2,36,63,11,15,56,22"/><V80/><F130/><W93/><G74/><T132/><D121/><U112/><E112/><V57/><F119/><W4/><G125/><T44/><D113/><U122/><E116/><V68/><F68/><W120/><G120/><T28/><D117/><U29/><E122/><V27/><F104/><W114/><G114/><T46/><D5/><U85/><E65/><V69/><F69/><W3/><G36/><T90/><D28/><U66/><E66/><V38/><F80/><W91/><G101/><T6/><D6/><U131/><E131/><V118/><F118/><W126/><G126/><T78/><D78/><U127/><E127/><V111/><F111/><W128/><G128/><T25/><D20/><U108/><E108/><V89/><F89/><W31/><G50/><T86/><D55/><U110/><E110/><V67/><F67/><N who="3" m="39303" /><G3/><T47/><N who="0" m="11264" /><DORA hai="48" /><T1/><D1/><U32/><E64/><V9/><F9/><W75/><G75/><T109/><D109/><U59/><E70/><V115/><F115/><W14/><G2/><T83/><REACH who="0" step="1"/><D37/><REACH who="0" ten="240,190,250,310" step="2"/><U49/><E8/><V0/><F0/><W73/><G31/><T10/><D10/><U72/><E29/><N who="2" m="19751" /><F38/><W12/><G22/><T135/><AGARI ba="0,1" hai="19,21,25,83,86,90,105,106,132,134,135" m="11264" machi="135" ten="50,8000,1" yaku="1,1,0,1,20,1,53,1" doraHai="71,48" doraHaiUra="92,13" who="0" fromWho="0" sc="240,90,190,-20,250,-40,310,-20" /><INIT seed="3,0,0,0,4,129" ten="330,170,210,290" oya="3" hai0="75,103,125,113,22,84,133,82,25,105,46,95,20" hai1="17,4,80,77,41,8,109,54,49,97,48,50,15" hai2="40,27,45,101,19,61,123,66,6,119,56,64,37" hai3="127,55,93,132,31,23,76,47,59,13,10,63,91"/><W121/><G121/><T33/><D105/><U5/><E109/><V18/><F119/><W128/><G128/><T90/><D33/><U58/><E97/><V124/><F124/><W114/><G114/><T34/><D34/><U122/><E122/><V99/><F123/><W131/><G131/><T44/><D133/><U60/><REACH who="1" step="1"/><E41/><REACH who="1" ten="330,160,210,290" step="2"/><V89/><F40/><W28/><G127/><T79/><D125/><U73/><AGARI ba="0,1" hai="4,5,8,15,17,48,49,50,54,58,60,73,77,80" machi="73" ten="30,4000,0" yaku="1,1,2,1,0,1,53,0" doraHai="129" doraHaiUra="35" who="1" fromWho="1" sc="330,-10,160,50,210,-10,290,-20" owari="320,42.0,210,-19.0,200,-30.0,270,7.0" /></mjloggm>