<mjloggm ver="2.3"><GO type="225" lobby="0"/><UN n0="%E3%81%86%E3%81%A9%E3%82%93%E3%81%93" n1="%4B%2E%32%2E%4B%2E" n2="%6A%70%74%77%61%32" n3="%E4%B8%AD%E5%B9%B4%E3%81%AE%E5%8D%B1%E6%A9%9F" dan="16,16,16,17" rate="2140.57,2098.48,2046.94,2212.30" sx="M,M,M,M"/><TAIKYOKU oya="0"/><INIT seed="0,0,0,1,1,110" ten="250,250,250,250" oya="0" hai0="86,116,64,43,118,39,33,36,97,27,124,12,71" hai1="72,73,128,106,49,8,84,17,10,21,57,87,37" hai2="62,131,96,24,78,46,14,120,95,67,52,134,48" hai3="133,29,58,65,129,59,25,32,31,20,22,90,19"/><T115/><BYE who="3" /><D124/><U30/><E37/><V114/><F120/><W130/><G130/><T104/><D115/><U89/><E106/><V68/><F114/><W28/><G28/><N who="0" m="19615" /><D86/><U5/><E128/><V111/><F111/><W76/><G76/><T35/><D12/><U74/><E30/><V79/><F131/><W127/><G127/><T123/><D123/><U47/><E57/><V54/><F134/><W3/><G3/><T50/><D50/><U56/><E56/><V121/><F121/><W26/><G26/><T100/><D35/><U7/><E10/><V18/><F24/><W40/><G40/><T63/><D43/><U99/><E99/><V98/><F54/><W34/><G34/><T69/><D69/><U119/><E119/><AGARI ba="0,0" hai="36,39,63,64,71,97,100,104,116,118,119" m="19615" machi="119" ten="30,2900,0" yaku="25,1,23,1" doraHai="110" who="0" fromWho="1" sc="250,29,250,-29,250,0,250,0" /><INIT seed="0,1,0,0,4,87" ten="279,221,250,250" oya="0" hai0="8,110,37,108,126,21,59,22,121,80,18,89,64" hai1="32,48,26,118,71,35,9,109,66,82,36,51,122" hai2="39,72,99,78,102,117,52,34,27,1,79,33,42" hai3="60,14,105,76,17,86,70,115,85,111,134,104,49"/><T2/><D121/><U116/><E36/><V29/><F117/><W75/><G75/><T6/><D37/><U130/><E109/><N who="0" m="42089" /><D126/><U127/><E122/><V97/><F1/><W62/><G62/><N who="0" m="37983" /><D18/><U7/><E127/><V25/><F72/><W4/><G4/><T90/><D80/><U114/><E130/><V63/><F97/><W30/><G30/><T67/><D67/><U45/><E66/><V129/><F129/><UN n3="%E4%B8%AD%E5%B9%B4%E3%81%AE%E5%8D%B1%E6%A9%9F" /><W50/><G115/><T101/><D101/><U103/><E114/><V112/><F112/><W44/><G111/><T84/><D84/><U28/><E71/><V91/><F34/><W13/><G70/><T56/><D56/><U133/><E35/><V74/><F25/><W100/><G17/><T20/><AGARI ba="1,0" hai="2,6,8,20,21,22,89,90" m="37983,42089" machi="20" ten="30,11700,0" yaku="14,1,10,1,52,2" doraHai="87" who="0" fromWho="0" sc="279,120,221,-40,250,-40,250,-40" /><INIT seed="0,2,0,5,5,118" ten="399,181,210,210" oya="0" hai0="93,16,101,98,21,62,11,125,86,49,58,83,119" hai1="104,85,44,77,57,60,8,24,73,14,84,5,79" hai2="116,56,96,76,20,109,33,75,82,121,40,124,47" hai3="134,23,31,7,37,97,110,95,32,52,25,103,126"/><T19/><D125/><U9/><E104/><V29/><F109/><W18/><G110/><T100/><D119/><U133/><E133/><V92/><F124/><W127/><G134/><T61/><D100/><U71/><E71/><V113/><F113/><W3/><G37/><T66/><D11/><U12/><E73/><V80/><F116/><W30/><G30/><T70/><D49/><U54/><E24/><V39/><F33/><W42/><G42/><T120/><D120/><U135/><E135/><V46/><F82/><W15/><REACH who="3" step="1"/><G52/><REACH who="3" ten="399,181,210,200" step="2"/><T4/><D62/><U26/><E44/><V112/><F47/><W38/><G38/><T36/><D61/><U1/><E1/><V128/><F39/><W106/><G106/><T87/><D36/><U90/><E54/><V34/><F40/><W69/><G69/><T55/><D55/><U89/><E60/><V13/><F46/><W114/><G114/><T123/><D70/><U17/><E57/><V117/><F56/><W53/><G53/><T35/><D66/><U51/><E51/><V129/><F29/><W81/><G81/><T131/><D83/><N who="1" m="49311" /><E26/><V63/><F112/><W105/><G105/><T107/><D58/><U122/><E122/><V2/><F63/><W67/><G67/><T43/><D123/><U48/><E48/><V45/><F121/><W65/><G65/><T74/><D43/><U64/><E64/><V78/><F80/><AGARI ba="2,1" hai="5,8,9,12,14,17,77,79,80,85,90" m="49311" machi="80" ten="30,1000,0" yaku="8,1" doraHai="118" who="1" fromWho="2" sc="399,0,181,26,210,-16,200,0" /><INIT seed="1,0,0,2,1,132" ten="399,207,194,200" oya="1" hai0="63,5,93,61,133,42,34,38,52,73,115,43,37" hai1="2,75,56,32,28,45,119,49,125,31,129,101,79" hai2="64,44,76,24,39,86,97,80,82,123,106,8,4" hai3="126,23,26,95,25,35,19,131,57,12,10,102,46"/><U22/><E119/><V29/><F123/><W3/><G131/><T21/><D34/><U66/><E32/><V13/><F64/><W51/><G126/><T78/><D115/><U90/><E2/><V18/><F82/><W111/><G111/><T87/><D73/><U48/><E129/><V53/><F18/><W117/><G117/><T33/><D33/><U16/><E101/><V128/><F128/><W54/><G35/><T50/><D5/><U84/><E79/><V9/><F9/><W103/><G3/><T135/><D21/><U60/><E125/><V118/><F118/><W104/><G104/><T113/><D113/><U112/><E75/><V1/><F1/><W81/><G81/><N who="0" m="47543" /><D93/><N who="1" m="54471" /><E112/><V127/><F127/><W122/><G122/><T74/><D74/><U59/><E59/><V0/><F0/><W58/><G26/><T14/><D14/><N who="1" m="9495" /><E49/><N who="2" m="28839" /><F39/><W71/><G71/><T110/><D37/><U65/><E66/><V47/><F106/><W69/><G69/><T62/><D38/><U55/><AGARI ba="0,0" hai="28,31,45,48,55,56,60,65" m="9495,54471" machi="55" ten="30,3000,0" yaku="8,1,54,1" doraHai="132" who="1" fromWho="1" sc="399,-10,207,30,194,-10,200,-10" /><INIT seed="1,1,0,4,2,115" ten="389,237,184,190" oya="1" hai0="47,41,38,24,116,125,15,17,103,7,63,120,77" hai1="43,52,29,44,135,23,101,78,90,19,104,18,35" hai2="53,9,66,33,92,133,79,94,48,64,89,73,95" hai3="122,134,56,81,50,30,100,8,61,69,46,80,74"/><U21/><E135/><V51/><F133/><W12/><G134/><T54/><D125/><U124/><E124/><V109/><F109/><W37/><G122/><T112/><D112/><U11/><E78/><V97/><F33/><W129/><G129/><T67/><D120/><U71/><E71/><V123/><F123/><W1/><G1/><T36/><D36/><U131/><E35/><V42/><F9/><W110/><G110/><T84/><D103/><U102/><E29/><V70/><F70/><W87/><G37/><T108/><D108/><U57/><E11/><V26/><F26/><W118/><G69/><T117/><D7/><U127/><E90/><V126/><F126/><W49/><G30/><T2/><D54/><U99/><E102/><V86/><F42/><W83/><G74/><T132/><D132/><U58/><E131/><V59/><F48/><N who="3" m="18539" /><G46/><T76/><D24/><U31/><E31/><V32/><F32/><W55/><G100/><T114/><D2/><U6/><E6/><V88/><REACH who="2" step="1"/><F94/><REACH who="2" ten="389,237,174,190" step="2"/><W85/><G118/><T13/><D114/><U10/><E10/><V113/><F113/><W5/><AGARI ba="1,1" hai="5,8,12,55,56,61,80,81,83,85,87" m="18539" machi="5" ten="30,1100,0" yaku="8,1" doraHai="115" who="3" fromWho="3" sc="389,-4,237,-6,174,-4,190,24" /><INIT seed="2,0,0,1,3,88" ten="385,231,170,214" oya="2" hai0="108,9,116,17,27,75,20,57,104,30,14,46,96" hai1="95,82,120,78,7,83,38,76,81,37,105,35,61" hai2="79,2,60,118,39,48,4,11,106,16,12,91,26" hai3="36,44,56,101,114,53,31,43,54,19,98,74,63"/><V22/><F39/><W100/><G74/><T130/><D75/><U41/><E105/><V117/><F106/><W93/><G114/><T42/><D108/><U6/><E35/><V67/><F79/><W62/><G31/><T135/><D130/><U90/><E120/><V69/><F48/><W121/><G121/><T68/><D68/><U3/><E61/><V72/><F72/><W10/><G101/><T71/><D71/><U34/><E34/><V23/><REACH who="2" step="1"/><F91/><REACH who="2" ten="385,231,160,214" step="2"/><W70/><G70/><T59/><D116/><U50/><E37/><V86/><F86/><W94/><G36/><T55/><D104/><U64/><E38/><V25/><F25/><W92/><G43/><T58/><D96/><U66/><E78/><V85/><F85/><W40/><G40/><T89/><D89/><U87/><E76/><V111/><F111/><W129/><G129/><T0/><D135/><U126/><E50/><V80/><F80/><W125/><G125/><T52/><D0/><U49/><E126/><V24/><F24/><W51/><G63/><T131/><D131/><U133/><E133/><V18/><AGARI ba="0,1" hai="2,4,11,12,16,18,22,23,26,60,67,69,117,118" machi="18" ten="20,18000,2" yaku="1,1,0,1,7,1,54,1,53,2" doraHai="88" doraHaiUra="15" who="2" fromWho="2" sc="385,-60,231,-60,160,190,214,-60" /><INIT seed="2,1,0,3,1,37" ten="325,171,350,154" oya="2" hai0="38,113,56,23,54,5,96,40,78,68,98,21,22" hai1="86,119,109,39,66,53,131,121,59,57,6,32,26" hai2="35,55,93,45,85,110,77,25,29,20,43,99,33" hai3="91,13,132,81,89,1,12,11,28,73,58,118,8"/><V117/><F117/><W83/><G118/><T95/><D68/><U63/><E119/><V94/><F110/><W84/><G132/><T17/><D113/><U104/><E39/><V79/><F55/><W61/><G28/><T75/><D5/><U46/><E104/><V87/><F87/><W69/><G69/><T0/><D0/><U120/><E109/><V127/><F127/><W65/><G73/><T9/><D78/><U97/><E131/><V3/><F3/><W27/><G27/><T130/><D75/><U123/><E6/><V101/><F77/><W112/><G112/><T125/><D130/><U105/><E86/><V10/><F10/><N who="3" m="3627" /><G1/><T100/><D96/><U31/><E46/><V4/><F4/><W107/><G107/><T42/><D38/><U128/><E128/><V133/><F133/><W16/><G16/><T74/><D74/><U102/><E59/><V135/><F135/><W70/><G70/><T19/><D125/><U122/><N who="1" m="30720" /><DORA hai="36" /><U116/><E116/><V124/><F124/><W111/><G111/><T14/><D19/><U34/><E34/><V115/><F115/><W82/><G89/><T64/><D64/><AGARI ba="1,0" hai="26,31,32,53,57,63,64,66,97,102,105" m="30720" machi="64" ten="70,2300,0" yaku="13,1" doraHai="37,36" who="1" fromWho="0" sc="325,-26,171,26,350,0,154,0" /><INIT seed="3,0,0,0,2,74" ten="299,197,350,154" oya="3" hai0="30,15,125,7,133,68,115,100,21,131,5,4,98" hai1="9,27,47,23,102,112,63,78,91,77,106,14,108" hai2="113,124,86,11,93,120,128,1,0,43,33,54,16" hai3="117,69,87,109,107,79,118,45,119,130,82,62,32"/><W121/><G32/><T111/><D68/><U80/><E112/><V81/><F33/><W3/><G3/><T40/><D115/><U101/><E108/><V28/><F28/><W39/><G107/><T73/><D111/><U44/><E63/><V34/><F34/><W52/><G109/><T60/><D73/><U50/><E106/><V57/><F43/><W92/><G121/><T84/><D40/><U135/><E135/><V126/><F128/><W10/><G10/><T83/><D133/><U31/><E91/><V37/><F93/><W105/><G105/><T49/><D131/><U103/><E80/><V67/><F67/><W99/><G130/><T22/><D49/><U59/><E59/><V55/><F37/><W114/><G114/><T104/><D125/><N who="2" m="48234" /><F54/><W20/><G20/><T94/><D104/><U97/><E97/><V96/><F96/><W26/><G26/><T88/><D30/><U129/><E129/><V89/><F120/><W17/><G17/><T56/><REACH who="0" step="1"/><D15/><REACH who="0" ten="289,197,350,154" step="2"/><U90/><E50/><N who="2" m="30967" /><F113/><W51/><G39/><T6/><N who="0" m="1024" /><DORA hai="38" /><T116/><D116/><U58/><E31/><V36/><F36/><W24/><G24/><T134/><D134/><U76/><E27/><V19/><F0/><W75/><G75/><T35/><D35/><U41/><E41/><V48/><F48/><W95/><REACH who="3" step="1"/><G99/><REACH who="3" ten="289,197,350,144" step="2"/><T29/><D29/><U46/><E14/><V65/><F1/><W2/><G2/><T18/><D18/><U85/><E85/><V12/><F19/><W61/><G61/><T132/><D132/><U13/><E13/><V8/><F8/><RYUUKYOKU ba="0,2" sc="289,10,197,-30,350,10,144,10" hai0="21,22,56,60,83,84,88,94,98,100" hai2="11,12,16,65,81,86,89" hai3="45,51,52,62,69,79,82,87,92,95,117,118,119" /><INIT seed="3,1,2,2,1,103" ten="299,167,360,154" oya="3" hai0="35,81,53,49,80,90,94,86,22,92,117,128,19" hai1="132,20,14,77,16,91,88,110,76,6,70,45,72" hai2="56,97,37,93,32,31,89,82,113,115,27,96,11" hai3="7,2,75,58,95,40,43,101,4,42,111,107,23"/><W64/><G75/><T46/><D128/><U44/><E70/><V52/><F37/><W129/><G2/><T112/><D117/><U104/><E104/><V121/><F121/><W73/><G73/><T59/><D35/><U38/><E110/><V25/><F11/><W69/><G69/><T50/><D94/><U10/><E132/><V116/><F116/><W8/><G107/><T17/><D112/><U47/><E38/><V29/><F82/><W62/><G129/><T109/><D109/><U119/><E119/><V48/><F97/><N who="3" m="59583" /><G111/><T118/><D118/><U122/><E122/><V54/><F54/><W102/><G102/><T84/><D84/><U3/><REACH who="1" step="1"/><E72/><REACH who="1" ten="299,157,360,154" step="2"/><V135/><F135/><W131/><G131/><T24/><D19/><U99/><E99/><V63/><F96/><W71/><G71/><T98/><REACH who="0" step="1"/><D98/><REACH who="0" ten="289,157,360,154" step="2"/><U60/><E60/><V108/><F63/><W114/><G114/><T123/><D123/><U120/><E120/><V65/><F108/><W83/><G83/><T13/><D13/><U68/><E68/><V125/><F113/><W9/><G7/><T57/><D57/><U105/><E105/><V127/><F56/><W21/><G4/><T15/><D15/><U26/><E26/><V100/><F25/><W0/><G0/><T106/><D106/><U28/><E28/><V30/><F27/><W74/><G74/><T5/><D5/><U66/><E66/><V67/><F65/><W87/><G87/><T39/><D39/><U33/><E33/><V34/><F34/><W124/><G124/><T61/><D61/><U85/><E85/><RYUUKYOKU ba="1,4" sc="289,10,157,10,360,-30,154,10" hai0="17,22,24,46,49,50,53,59,80,81,86,90,92" hai1="3,6,10,14,16,20,44,45,47,76,77,88,91" hai3="8,9,21,23,40,42,43,58,62,64" /><INIT seed="3,2,4,1,1,118" ten="299,167,330,164" oya="3" hai0="37,73,49,107,53,102,120,86,77,121,122,99,26" hai1="135,83,43,51,117,17,101,78,40,82,58,13,11" hai2="76,89,108,69,38,81,74,56,32,7,20,70,22" hai3="98,123,23,1,45,94,91,3,72,62,55,116,127"/><W115/><G116/><T119/><D119/><U124/><E117/><V57/><F32/><W59/><G115/><T134/><D37/><U46/><E124/><V21/><F38/><W14/><G127/><T95/><D134/><U16/><E135/><V8/><F108/><W84/><G72/><T28/><D73/><U9/><E101/><V130/><F130/><W133/><G133/><T131/><D131/><U61/><E40/><V15/><REACH who="2" step="1"/><F89/><REACH who="2" ten="299,167,320,164" step="2"/><W97/><G123/><T113/><D113/><U41/><E78/><V129/><F129/><W60/><G3/><T10/><D10/><U30/><E9/><V111/><F111/><W35/><G1/><T12/><D12/><U103/><E11/><V64/><F64/><W71/><G35/><T66/><D66/><U47/><E13/><V92/><F92/><W85/><G71/><AGARI ba="2,5" hai="7,8,15,20,21,22,56,57,69,70,71,74,76,81" machi="71" ten="40,1300,0" yaku="1,1,53,0" doraHai="118" doraHaiUra="36" who="2" fromWho="3" sc="299,0,167,0,320,69,164,-19" owari="299,9.9,167,-23.3,389,48.9,145,-35.5" /></mjloggm>