<mjloggm ver="2.3"><GO type="225" lobby="0"/><UN n0="%45%6C%79%73%69%75%6D" n1="%E3%81%B2%E3%81%AA%E3%81%AE%E3%82%8A%E3%81%8F" n2="%E3%82%B2%E3%82%B9%E8%8C%82%E5%8B%9D" n3="%E3%81%86%E3%81%A9%E3%82%93%E3%81%93" dan="17,17,16,16" rate="2114.10,2133.63,2065.28,2171.31" sx="F,M,F,M"/><TAIKYOKU oya="0"/><INIT seed="0,0,0,3,3,114" ten="250,250,250,250" oya="0" hai0="84,26,2,120,116,52,61,128,55,87,12,80,43" hai1="74,0,65,9,76,101,70,48,79,77,22,92,102" hai2="3,129,93,96,68,40,122,103,78,17,118,32,135" hai3="75,91,89,64,16,90,38,27,8,18,21,5,23"/><T20/><D120/><U42/><E74/><V123/><F123/><W73/><G38/><T57/><D2/><U106/><E106/><V112/><F112/><W134/><BYE who="2" /><G134/><T28/><D128/><U1/><E70/><V83/><F83/><W97/><G97/><T59/><D116/><U115/><E65/><V121/><F121/><W54/><G64/><T44/><D12/><U133/><E115/><V124/><F124/><W94/><G94/><T31/><D31/><U117/><E133/><V95/><F95/><W11/><G54/><T10/><D10/><U13/><E92/><V56/><F56/><W86/><G27/><T25/><D25/><U29/><E117/><V85/><F85/><W99/><G99/><T4/><D4/><U19/><E1/><V7/><F7/><W50/><G90/><T46/><D43/><U51/><E0/><V63/><F63/><W39/><G50/><N who="1" m="18986" /><E42/><V58/><F58/><W111/><G5/><T81/><D81/><U107/><E107/><V130/><F130/><W100/><G39/><T82/><D82/><U110/><E110/><V71/><F71/><W105/><G105/><T36/><D36/><U69/><E69/><V88/><F88/><W131/><G131/><T132/><D132/><U72/><E72/><V125/><F125/><W67/><G67/><T30/><D30/><U62/><E62/><V15/><F15/><W47/><G111/><T126/><D126/><U33/><E33/><V41/><F41/><W109/><G109/><T53/><D80/><U6/><E6/><V60/><F60/><W45/><G86/><RYUUKYOKU ba="0,0" sc="250,-15,250,15,250,-15,250,15" hai1="9,13,19,22,29,76,77,79,101,102" hai3="8,11,16,18,21,23,45,47,73,75,89,91,100" /><INIT seed="1,1,0,0,5,76" ten="235,265,235,265" oya="1" hai0="95,26,19,134,18,63,75,125,9,118,105,100,44" hai1="104,81,67,72,16,126,124,90,42,123,64,130,49" hai2="91,119,57,88,43,14,71,22,73,89,87,50,54" hai3="20,101,117,51,41,34,111,11,2,86,35,121,56"/><U27/><E123/><V6/><F6/><W84/><G121/><T116/><D105/><U120/><E120/><V135/><F135/><W59/><G111/><T55/><D134/><U65/><E104/><V79/><F79/><W94/><G117/><T12/><D125/><N who="1" m="48235" /><E130/><V74/><F74/><W97/><G35/><T106/><D106/><U10/><E72/><V46/><F46/><N who="3" m="26063" /><G34/><T15/><D26/><U102/><E102/><V39/><F39/><W25/><G11/><T110/><D75/><U1/><E1/><V78/><F78/><W69/><G69/><T132/><D132/><U128/><E128/><V23/><F23/><W0/><G0/><T93/><D110/><U3/><E42/><V47/><F47/><W21/><G2/><T77/><D77/><U112/><E49/><V96/><F96/><W38/><G20/><T13/><D9/><U129/><E129/><V99/><F99/><W32/><G32/><T28/><D116/><U5/><E112/><V17/><F17/><N who="3" m="12463" /><G38/><T60/><D118/><U85/><E27/><V113/><F113/><W7/><G7/><T115/><D115/><U70/><E16/><V83/><F83/><W48/><G48/><T61/><D18/><U4/><E4/><V66/><F66/><W80/><G86/><T36/><D19/><U53/><E53/><V109/><F109/><W122/><G122/><T107/><D28/><U8/><E8/><V103/><F103/><W33/><G33/><T133/><D133/><U92/><E70/><V24/><F24/><W62/><G62/><T108/><D108/><U29/><E29/><RYUUKYOKU ba="1,0" sc="235,-15,265,15,235,-15,265,15" hai1="3,5,10,64,65,67,81,85,90,92" hai3="56,59,80,84,94,97,101" /><INIT seed="1,2,0,5,2,108" ten="220,280,220,280" oya="1" hai0="135,75,39,123,51,76,67,74,132,131,61,84,12" hai1="46,10,118,33,92,63,15,126,36,16,83,130,125" hai2="5,59,72,101,73,128,42,80,17,68,112,38,107" hai3="45,89,116,58,54,79,48,57,43,110,19,27,49"/><U60/><E118/><V81/><F81/><W129/><G110/><T115/><D115/><U113/><E113/><V30/><F30/><W21/><G129/><T24/><D39/><U105/><E105/><V26/><F26/><W7/><G116/><T56/><D131/><U13/><E130/><V114/><F114/><W133/><G133/><N who="0" m="51275" /><D123/><U70/><E33/><V98/><F98/><W37/><G79/><T14/><D24/><U99/><E83/><V52/><F52/><W40/><G7/><T111/><D111/><U55/><E15/><N who="0" m="5673" /><D51/><N who="1" m="29175" /><E70/><V6/><F6/><W121/><G121/><T95/><D76/><U88/><E36/><V97/><F97/><W41/><G37/><T104/><D104/><U44/><E44/><V78/><F78/><W4/><G4/><T117/><D117/><U53/><E53/><V94/><F94/><W127/><G49/><T102/><D102/><U34/><E34/><V90/><F90/><AGARI ba="2,0" hai="56,61,67,74,75,84,90,95" m="5673,51275" machi="90" ten="30,1000,0" yaku="20,1" doraHai="108" who="0" fromWho="2" sc="220,16,280,0,220,-16,280,0" /><INIT seed="2,0,0,3,1,8" ten="236,280,204,280" oya="2" hai0="93,49,98,38,42,1,29,25,79,88,58,60,125" hai1="11,101,130,59,107,14,46,33,53,17,71,73,105" hai2="24,121,34,10,113,111,92,51,123,80,31,15,70" hai3="36,100,108,132,68,4,67,89,97,62,129,63,48"/><V126/><F126/><W94/><G36/><T26/><D125/><U120/><E71/><V7/><F7/><W57/><G108/><T40/><D1/><U56/><E73/><V86/><F86/><W133/><G129/><T30/><D38/><U2/><E33/><V21/><F21/><W74/><G74/><T45/><D79/><U6/><E130/><V110/><F110/><W13/><G48/><T47/><D47/><U28/><E28/><N who="0" m="10857" /><D40/><U75/><E75/><V122/><F122/><W69/><G69/><T5/><D5/><U128/><E128/><V55/><F55/><AGARI ba="0,0" hai="25,26,42,45,49,55,58,60,88,93,98" m="10857" machi="55" ten="30,2000,0" yaku="8,1,54,1" doraHai="8" who="0" fromWho="2" sc="236,20,280,0,204,-20,280,0" /><INIT seed="3,0,0,4,3,79" ten="256,280,184,280" oya="3" hai0="135,10,103,17,24,128,43,57,107,74,7,120,27" hai1="34,115,129,65,104,21,67,97,23,47,112,78,55" hai2="35,61,121,94,124,99,84,25,86,0,91,40,81" hai3="106,119,101,113,30,111,69,39,51,89,63,131,49"/><W56/><G113/><T45/><D120/><U71/><E34/><V125/><F125/><W54/><G119/><T14/><D74/><U62/><E67/><V75/><F75/><W93/><G39/><T118/><D118/><U108/><E108/><V76/><F76/><W8/><G111/><T134/><D128/><U98/><E129/><V50/><F50/><W105/><G131/><T41/><D57/><U20/><E78/><V102/><F102/><W80/><G30/><T130/><D130/><U26/><E26/><V15/><F15/><W18/><G80/><T95/><D107/><U4/><E4/><V92/><F92/><W90/><G69/><T100/><D41/><U12/><E12/><V60/><F60/><W16/><G106/><T52/><D7/><U64/><E64/><V33/><F33/><W126/><G105/><T117/><D117/><U29/><E29/><V68/><F68/><W133/><G133/><N who="0" m="50699" /><D103/><U72/><E72/><V38/><F38/><W3/><G3/><T122/><D122/><U82/><E104/><V31/><F31/><W42/><G126/><T2/><D2/><U83/><E112/><V85/><F85/><N who="3" m="52399" /><G101/><T77/><D77/><U46/><E115/><V70/><F70/><W5/><G90/><T73/><D73/><U32/><E32/><V66/><F66/><W123/><G123/><T53/><D100/><U96/><REACH who="1" step="1"/><E55/><REACH who="1" ten="256,270,184,280" step="2"/><N who="0" m="21065" /><D24/><U11/><E11/><V13/><F13/><N who="3" m="5263" /><G42/><T19/><D27/><U87/><E87/><V114/><F114/><W1/><G1/><T88/><D14/><U6/><E6/><V9/><F9/><RYUUKYOKU ba="0,1" sc="256,-15,270,15,184,-15,280,15" hai1="20,21,23,46,47,62,65,71,82,83,96,97,98" hai3="16,18,49,51,54,56,63" /><INIT seed="3,1,1,5,3,9" ten="241,285,169,295" oya="3" hai0="76,13,48,39,130,8,0,71,121,53,66,64,26" hai1="112,55,129,18,80,41,2,65,131,91,33,90,117" hai2="51,50,111,100,110,70,88,82,126,59,128,4,60" hai3="107,92,28,108,114,103,98,46,83,17,74,1,34"/><W35/><G114/><T113/><D121/><U15/><E112/><V120/><F120/><W81/><G1/><T115/><D39/><U85/><E2/><V52/><F52/><W135/><G135/><T67/><D0/><U119/><E33/><V11/><F11/><W87/><G108/><T29/><D130/><N who="1" m="49675" /><E65/><V106/><F106/><W97/><G74/><T27/><D71/><U133/><E133/><V99/><F99/><W54/><G17/><T24/><D76/><N who="1" m="46215" /><E41/><V84/><F84/><W3/><G3/><T124/><D29/><U43/><E43/><V73/><F73/><W123/><G123/><T6/><REACH who="0" step="1"/><D124/><REACH who="0" ten="231,285,169,295" step="2"/><U22/><E55/><V72/><F72/><W58/><G28/><T125/><D125/><U20/><E20/><V69/><F69/><W109/><G109/><T19/><D19/><U23/><E23/><V63/><F63/><W31/><G31/><T79/><D79/><U10/><E10/><V105/><F105/><W49/><G34/><T7/><D7/><U12/><E12/><V118/><F118/><AGARI ba="1,2" hai="15,18,22,90,91,117,118,119" m="46215,49675" machi="118" ten="30,3900,0" yaku="12,1,19,1,52,1" doraHai="9" who="1" fromWho="2" sc="231,0,285,62,169,-42,295,0" owari="231,-16.9,347,44.7,127,-37.3,295,9.5" /></mjloggm>