<mjloggm ver="2.3"><GO type="225" lobby="0"/><UN n0="%E7%B4%94%E6%BD%94%E3%83%94%E3%83%A9%E3%83%8B%E3%82%A2" n1="%E3%81%8B%E3%82%8F%E3%81%A1%E3%82%83%E3%82%93%35%38" n2="%72%69%6F%75%63%68%61%6E" n3="%72%61%6B%33" dan="17,16,16,17" rate="2196.76,2163.26,2201.25,2214.62" sx="M,M,M,M"/><TAIKYOKU oya="0"/><INIT seed="0,0,0,5,4,92" ten="250,250,250,250" oya="0" hai0="105,73,68,128,121,126,66,109,29,45,84,24,56" hai1="65,48,99,96,70,118,55,71,52,31,106,47,18" hai2="38,80,91,36,13,107,58,35,85,89,120,50,54" hai3="32,43,134,132,15,95,28,8,125,57,74,20,2"/><T113/><D84/><U111/><E118/><V64/><F120/><W25/><G74/><T27/><D56/><U5/><E106/><V30/><F107/><W69/><G69/><T104/><D45/><U119/><E119/><V42/><F42/><W17/><G43/><T44/><D44/><N who="1" m="27655" /><E70/><V10/><F64/><W79/><G79/><T108/><D66/><U114/><E71/><V102/><F102/><W78/><G78/><T40/><D40/><U53/><E111/><V34/><F91/><W122/><G122/><T103/><D29/><U26/><E114/><V135/><F135/><N who="3" m="51755" /><G95/><T72/><D68/><U97/><E5/><V86/><F86/><W37/><G57/><T21/><D121/><U100/><E65/><V87/><F87/><W115/><G37/><T63/><D113/><U83/><E100/><V110/><F110/><W61/><G61/><T3/><D63/><U4/><E4/><V116/><F116/><W0/><G115/><T117/><D117/><U23/><E83/><V90/><F89/><W51/><G51/><T129/><D103/><U46/><E31/><V7/><REACH who="2" step="1"/><F30/><REACH who="2" ten="250,250,240,250" step="2"/><N who="3" m="19535" /><G125/><T60/><D126/><U82/><E82/><V93/><F93/><W130/><G130/><T127/><D127/><U11/><E53/><V123/><F123/><W16/><G28/><T14/><D109/><U77/><E77/><V19/><F19/><W94/><G94/><T112/><D108/><U67/><E67/><V59/><F59/><W22/><G17/><T9/><D112/><U133/><E133/><V62/><F62/><W41/><G41/><T6/><D105/><RYUUKYOKU ba="0,1" sc="250,-15,250,-15,240,15,250,15" hai2="7,10,13,34,35,36,38,50,54,58,80,85,90" hai3="0,2,8,15,16,20,22" /><INIT seed="1,1,1,1,3,62" ten="235,235,255,265" oya="1" hai0="73,95,20,66,110,119,83,54,81,8,36,127,91" hai1="5,90,18,85,59,107,94,55,51,122,47,105,65" hai2="118,86,72,52,103,2,46,126,125,98,111,31,10" hai3="133,1,79,84,38,30,89,104,60,124,14,78,135"/><U129/><E122/><V42/><F111/><W113/><G1/><T57/><D36/><U109/><E129/><V12/><F118/><W27/><G113/><T121/><D121/><U108/><E5/><V64/><F72/><W102/><G38/><T25/><D127/><N who="2" m="48650" /><F2/><W16/><G124/><T115/><D115/><U114/><E114/><V40/><F31/><W3/><G3/><T13/><D73/><U101/><E18/><N who="2" m="8471" /><F86/><W58/><G102/><T53/><D110/><N who="1" m="42603" /><E101/><V132/><F132/><W128/><G104/><N who="1" m="40010" /><E65/><V96/><F64/><W45/><G128/><T0/><D66/><U71/><E71/><V106/><F98/><W24/><G135/><T23/><D0/><U69/><E69/><V49/><AGARI ba="1,1" hai="40,42,46,49,52,96,103,106" m="8471,48650" machi="49" ten="30,2000,0" yaku="18,1,54,1" doraHai="62" who="2" fromWho="2" sc="235,-6,235,-11,255,33,265,-6" /><INIT seed="2,0,0,4,2,1" ten="229,224,288,259" oya="2" hai0="130,120,125,66,104,62,95,26,107,63,82,109,47" hai1="34,99,40,52,41,122,3,92,15,124,102,48,97" hai2="94,84,55,89,106,135,77,75,79,13,27,127,108" hai3="49,57,5,2,96,69,126,17,28,42,50,112,90"/><V46/><F127/><W44/><G69/><T37/><D120/><U39/><E3/><V83/><F135/><W31/><G126/><T54/><D125/><U7/><E124/><V132/><F132/><W36/><G112/><T30/><D109/><U134/><E134/><V8/><F108/><W131/><G131/><T6/><D130/><U133/><E133/><V100/><F77/><W128/><G128/><T70/><D95/><N who="1" m="58687" /><E34/><V116/><F116/><W53/><G36/><T121/><D121/><U115/><E39/><V29/><F55/><W123/><G123/><T45/><D82/><U14/><E115/><V33/><F46/><W80/><G17/><T86/><D86/><U74/><E74/><V91/><F91/><W21/><G21/><T73/><D73/><U67/><E67/><V98/><F13/><N who="1" m="4617" /><E122/><V58/><REACH who="2" step="1"/><F58/><REACH who="2" ten="229,224,278,259" step="2"/><W9/><G90/><T110/><D110/><U114/><E114/><V20/><F20/><W32/><G32/><T111/><D111/><U4/><E41/><V10/><AGARI ba="0,1" hai="8,10,27,29,33,75,79,83,84,89,94,98,100,106" machi="10" ten="30,12000,1" yaku="1,1,0,1,24,2,53,1" doraHai="1" doraHaiUra="103" who="2" fromWho="2" sc="229,-40,224,-40,278,130,259,-40" /><INIT seed="2,1,0,2,0,66" ten="189,184,408,219" oya="2" hai0="5,88,133,13,64,103,7,52,114,18,16,73,51" hai1="109,74,27,85,26,111,1,45,31,91,35,126,122" hai2="19,29,17,3,98,58,28,67,34,30,56,75,12" hai3="55,123,32,87,106,42,86,62,116,25,120,60,99"/><V80/><F3/><W63/><G116/><T43/><D73/><U129/><E74/><V6/><F34/><W68/><G42/><T115/><D103/><U22/><E1/><V70/><F6/><W24/><G55/><T76/><D76/><U2/><E2/><V118/><F118/><W104/><G99/><T20/><D43/><U117/><E117/><V57/><F98/><W69/><G62/><T21/><D64/><U77/><E77/><V10/><F19/><W39/><REACH who="3" step="1"/><G32/><REACH who="3" ten="189,184,408,209" step="2"/><T59/><D133/><U100/><E35/><V33/><F33/><W49/><G49/><T92/><D115/><U4/><E111/><V78/><REACH who="2" step="1"/><F67/><REACH who="2" ten="189,184,398,209" step="2"/><W9/><G9/><T130/><D114/><U53/><E109/><V128/><F128/><W65/><G65/><T14/><REACH who="0" step="1"/><D130/><REACH who="0" ten="179,184,398,209" step="2"/><U105/><E129/><V113/><F113/><W124/><G124/><T108/><D108/><U47/><E126/><V101/><F101/><W95/><G95/><T131/><D131/><U112/><E100/><V81/><F81/><W71/><G71/><AGARI ba="1,3" hai="10,12,17,28,29,30,56,57,58,70,71,75,78,80" machi="71" ten="40,12000,1" yaku="1,1,52,2,53,1" doraHai="66" doraHaiUra="107" who="2" fromWho="3" sc="179,0,184,0,398,153,209,-123" /><INIT seed="2,2,0,2,0,86" ten="179,184,551,86" oya="2" hai0="25,63,113,106,23,41,78,39,132,35,92,120,60" hai1="134,70,83,98,84,42,67,15,101,112,47,32,77" hai2="27,97,55,62,73,110,29,12,40,57,18,117,107" hai3="129,93,36,2,102,16,46,0,105,91,66,99,88"/><V124/><F124/><W33/><G33/><T68/><D106/><U122/><E112/><V133/><F133/><W79/><G66/><T44/><D35/><U121/><E32/><V72/><F117/><W75/><G129/><T7/><D120/><N who="1" m="46187" /><E134/><V17/><F110/><W50/><G36/><T3/><D113/><U8/><E67/><V53/><F40/><W100/><G0/><T19/><D78/><U127/><E70/><V31/><F107/><W37/><G2/><T108/><D68/><U116/><E127/><V11/><F97/><W89/><G37/><T94/><D108/><U5/><E116/><V130/><F130/><W20/><G102/><T123/><D123/><U56/><E56/><V38/><F38/><W125/><G125/><T104/><D104/><N who="1" m="63543" /><E47/><V61/><F18/><W34/><G34/><T28/><D19/><U14/><E42/><V81/><F31/><W9/><G9/><T49/><D39/><U85/><E14/><V96/><F12/><W118/><G118/><T10/><REACH who="0" step="1"/><D132/><REACH who="0" ten="169,184,551,86" step="2"/><U24/><E24/><V71/><F27/><N who="3" m="14727" /><G105/><T22/><D22/><U52/><E15/><V6/><F71/><W82/><G75/><T80/><D80/><U64/><E83/><V119/><F81/><W30/><G30/><T26/><D26/><U54/><E77/><V115/><F29/><W13/><G13/><T51/><D51/><U43/><E5/><V65/><F73/><W48/><G46/><T131/><D131/><U126/><E126/><V90/><F6/><W114/><G114/><T4/><D4/><U74/><E74/><V135/><F72/><RYUUKYOKU ba="2,1" sc="169,15,184,-15,551,-15,86,15" hai0="3,7,10,23,25,28,41,44,49,60,63,92,94" hai3="48,50,79,82,88,89,91,93,99,100" /><INIT seed="3,3,1,3,4,29" ten="184,169,536,101" oya="3" hai0="124,94,95,13,111,90,70,68,24,109,40,74,119" hai1="46,37,15,57,38,135,123,78,51,130,80,6,19" hai2="104,81,12,83,120,84,63,110,86,41,62,88,126" hai3="45,14,85,122,99,102,65,2,113,61,8,64,54"/><W91/><G122/><T107/><D107/><U42/><E123/><V1/><F1/><W56/><G113/><T67/><D119/><U25/><E135/><V58/><F120/><W92/><G2/><T3/><D3/><U20/><E130/><V131/><F104/><W7/><REACH who="3" step="1"/><G45/><REACH who="3" ten="184,169,536,91" step="2"/><T0/><D0/><U101/><E101/><V82/><F131/><W34/><G34/><T44/><D111/><U128/><E128/><V32/><F32/><W47/><G47/><T134/><D109/><U76/><E76/><V129/><F129/><W11/><G11/><T60/><D44/><U16/><E57/><V100/><F110/><W48/><G48/><T93/><D68/><U77/><E77/><V105/><F58/><W89/><G89/><T87/><D90/><U127/><E127/><V55/><F126/><W114/><G114/><T72/><D124/><U66/><E66/><V50/><F88/><W117/><G117/><T97/><D70/><U43/><E43/><V79/><F41/><W75/><G75/><T71/><D40/><U133/><E133/><V125/><F50/><W28/><G28/><T22/><D134/><U33/><E33/><V27/><F125/><W26/><G26/><T132/><D132/><U30/><E51/><V49/><F49/><W115/><G115/><T106/><D74/><N who="1" m="43095" /><E38/><V17/><F27/><W21/><G21/><T59/><D72/><U116/><E116/><V31/><F31/><W5/><G5/><T9/><D71/><U53/><E53/><V18/><F55/><W98/><G98/><T96/><D67/><U10/><AGARI ba="3,2" hai="6,10,15,16,19,20,25,30,37,42,46" m="43095" machi="10" ten="30,2000,0" yaku="5,1,54,1" doraHai="29" who="1" fromWho="1" sc="184,-8,169,49,536,-8,91,-13" owari="176,-22.4,218,1.8,528,62.8,78,-42.2" /></mjloggm>