<mjloggm ver="2.3"><GO type="225" lobby="0"/><UN n0="%E8%B6%85%E7%B4%9A%E9%B3%B3%E5%87%B0" n1="%E7%89%B9%E6%9D%B1%E3%81%AF%E4%B8%96%E7%95%8C%E3%82%92%E6%95%91%E3%81%86" n2="%E3%81%B5%E3%81%98%E3%81%8B%E3%81%A4" n3="%33%74%72%65%65" dan="17,16,16,16" rate="2184.57,2148.94,2189.85,2129.75" sx="F,M,M,F"/><TAIKYOKU oya="0"/><INIT seed="0,0,0,2,0,21" ten="250,250,250,250" oya="0" hai0="12,79,107,93,44,78,121,106,43,74,112,63,99" hai1="118,47,129,34,48,23,95,31,77,25,119,86,5" hai2="84,6,64,131,27,9,46,69,29,49,108,54,22" hai3="120,105,100,17,15,13,88,16,90,39,134,41,35"/><T85/><D112/><U97/><E129/><V71/><F131/><W55/><G134/><T72/><D121/><U104/><E5/><V114/><F114/><W110/><G120/><T42/><D12/><N who="3" m="4681" /><G35/><T38/><D63/><U24/><E104/><V8/><F108/><W32/><G32/><T102/><D43/><U126/><E126/><V76/><F64/><W125/><G125/><T40/><D42/><U94/><E77/><N who="0" m="29193" /><D44/><U50/><E86/><V61/><F61/><W51/><G105/><N who="0" m="39947" /><D40/><U0/><E94/><V80/><REACH who="2" step="1"/><F9/><REACH who="2" ten="250,250,240,250" step="2"/><W66/><G110/><T73/><D38/><U98/><E119/><V30/><F30/><W92/><G66/><T19/><D19/><N who="3" m="7241" /><G39/><T124/><D124/><U52/><E118/><V130/><F130/><W58/><G41/><T62/><D62/><U132/><E31/><V67/><F67/><W128/><G128/><T37/><D37/><U53/><E53/><V101/><F101/><W36/><G36/><T33/><D33/><U14/><E52/><V87/><F87/><AGARI ba="0,1" hai="72,73,74,85,87,93,99,102" m="39947,29193" machi="87" ten="40,12000,1" yaku="35,5" doraHai="21" who="0" fromWho="2" sc="250,130,250,0,240,-120,250,0" /><INIT seed="0,1,0,1,3,21" ten="380,250,120,250" oya="0" hai0="30,51,75,19,84,121,32,111,125,80,5,9,115" hai1="87,74,78,135,79,55,97,112,60,96,38,108,109" hai2="58,131,103,25,124,133,57,95,42,59,77,48,73" hai3="43,1,134,72,90,12,2,16,119,35,82,28,99"/><T33/><D115/><U67/><E112/><V114/><F114/><W53/><G119/><T46/><D75/><U50/><E38/><V47/><F124/><W102/><G134/><T116/><D116/><U7/><E74/><V29/><F133/><W14/><G43/><T92/><D92/><U13/><E7/><V37/><F131/><W107/><G12/><T120/><D19/><U126/><E13/><V64/><F64/><W0/><G53/><T66/><D66/><U113/><E126/><V26/><F37/><W20/><G72/><T15/><D125/><U41/><E41/><V52/><F77/><W45/><G45/><T54/><D32/><U62/><E67/><V127/><F29/><W118/><G118/><T106/><D106/><U63/><E135/><V132/><F73/><W76/><G76/><N who="1" m="29226" /><E87/><V94/><F127/><W4/><G90/><T85/><D85/><U36/><E36/><V34/><F34/><W22/><G82/><T117/><D117/><U130/><E130/><V17/><F17/><W68/><G68/><T18/><D5/><U81/><E81/><V110/><F110/><N who="1" m="42601" /><E113/><V27/><F132/><W49/><G4/><T98/><D98/><U101/><E101/><V44/><F103/><W39/><G39/><T23/><D111/><U8/><E8/><V91/><F91/><W105/><G105/><T86/><D86/><U6/><E6/><V24/><N who="2" m="6144" /><DORA hai="69" /><V71/><F71/><W40/><G35/><T104/><D33/><U31/><E31/><V100/><F100/><W129/><G129/><T10/><D30/><U89/><E89/><RYUUKYOKU ba="1,0" sc="380,-15,250,15,120,15,250,-15" hai1="50,55,60,62,63,96,97" hai2="42,44,47,48,52,57,58,59,94,95" /><INIT seed="1,2,0,2,0,52" ten="365,265,135,235" oya="1" hai0="109,17,58,116,9,0,74,78,6,12,94,83,54" hai1="85,71,40,96,19,107,87,111,66,21,34,14,8" hai2="81,64,91,112,99,125,51,20,7,69,50,72,24" hai3="129,92,77,103,28,113,73,63,33,127,55,30,44"/><U53/><E34/><V104/><F125/><W115/><G127/><T84/><D116/><U101/><E40/><V124/><F124/><W75/><G129/><T97/><D109/><U4/><E111/><V98/><F112/><W102/><G44/><T29/><D29/><U131/><E131/><V118/><F118/><W15/><G15/><T106/><D106/><U61/><REACH who="1" step="1"/><E53/><REACH who="1" ten="365,255,135,235" step="2"/><V37/><F37/><W68/><G55/><T10/><D54/><U134/><E134/><V2/><F64/><W82/><G33/><T39/><D39/><U132/><E132/><V43/><F43/><W27/><G115/><T48/><D48/><U76/><E76/><V117/><F50/><W105/><G77/><T95/><D78/><U89/><E89/><V16/><F51/><W133/><G113/><T88/><D88/><U100/><E100/><V11/><F117/><W126/><G102/><T47/><D47/><U70/><E70/><V1/><F91/><W122/><G103/><T86/><D58/><U26/><AGARI ba="2,1" hai="4,8,14,19,21,26,61,66,71,85,87,96,101,107" machi="26" ten="20,12000,1" yaku="1,1,0,1,7,1,53,2" doraHai="52" doraHaiUra="80" who="1" fromWho="1" sc="365,-42,255,136,135,-42,235,-42" /><INIT seed="1,3,0,3,1,99" ten="323,391,93,193" oya="1" hai0="13,23,29,19,116,48,104,37,8,101,130,80,69" hai1="72,53,21,59,90,38,30,65,118,71,16,122,66" hai2="46,83,32,95,36,55,7,123,108,28,135,11,22" hai3="106,60,57,121,64,27,74,82,40,3,110,25,86"/><U34/><E118/><V44/><F123/><W134/><G121/><T54/><D116/><U124/><E122/><V47/><F135/><W10/><G134/><T126/><D37/><U76/><E38/><V5/><F108/><W96/><G110/><T97/><D69/><U75/><E124/><V77/><F32/><W50/><G74/><T89/><D126/><U49/><E34/><V41/><F55/><W107/><G3/><T26/><D80/><U42/><E30/><V88/><F7/><W67/><G67/><T109/><D109/><U14/><E42/><V62/><F62/><W70/><G10/><T58/><REACH who="0" step="1"/><D89/><REACH who="0" ten="313,391,93,193" step="2"/><U115/><E71/><V92/><F36/><W17/><G82/><T128/><AGARI ba="3,1" hai="8,13,19,23,26,29,48,54,58,97,101,104,128,130" machi="128" ten="30,7900,0" yaku="1,1,2,1,0,1,52,1,53,0" doraHai="99" doraHaiUra="84" who="0" fromWho="0" sc="313,98,391,-42,93,-23,193,-23" /><INIT seed="2,0,0,4,3,47" ten="411,349,70,170" oya="2" hai0="126,39,114,84,30,38,66,8,65,98,46,107,6" hai1="31,36,125,72,62,123,75,128,81,129,121,64,60" hai2="67,83,51,4,63,44,56,109,9,115,13,87,24" hai3="79,103,34,93,23,132,52,71,70,96,134,35,58"/><V61/><F115/><W113/><G79/><T68/><D114/><U74/><E36/><V28/><F109/><W73/><G73/><T22/><D126/><U29/><E81/><V112/><F112/><W7/><G7/><T40/><D39/><U120/><E125/><V19/><F63/><N who="1" m="24105" /><E64/><V37/><F37/><W50/><G113/><T2/><D68/><N who="3" m="26153" /><G23/><T26/><REACH who="0" step="1"/><D84/><REACH who="0" ten="401,349,70,170" step="2"/><U95/><E95/><V99/><F99/><W5/><G96/><T85/><D85/><U122/><E122/><V0/><F87/><W124/><G124/><T131/><D131/><AGARI ba="0,1" hai="29,31,72,74,75,120,121,123,128,129,131" m="24105" machi="131" ten="50,8000,1" yaku="28,2,13,1,19,1" doraHai="47" who="1" fromWho="0" sc="401,-80,349,90,70,0,170,0" /><INIT seed="3,0,0,5,4,87" ten="321,439,70,170" oya="3" hai0="73,88,132,68,30,105,34,93,128,125,81,29,54" hai1="74,129,103,130,7,133,56,61,23,4,97,32,64" hai2="111,109,57,102,21,77,104,6,135,85,112,92,118" hai3="52,66,17,3,25,78,76,0,123,48,108,37,69"/><W60/><G123/><T75/><D105/><U124/><E32/><V121/><F6/><W26/><G37/><T42/><D68/><U101/><E133/><V46/><F46/><W71/><G71/><T19/><D128/><N who="1" m="49259" /><E124/><V51/><F51/><W114/><G114/><T47/><D125/><U40/><E74/><V33/><F33/><W82/><G108/><N who="2" m="41545" /><F57/><W50/><G50/><T59/><D132/><U55/><E40/><V58/><F58/><W84/><G76/><T91/><D19/><U134/><E134/><V100/><F21/><W67/><G67/><T27/><D29/><U9/><E23/><V113/><F135/><W53/><G53/><T83/><D75/><U96/><E64/><V11/><F11/><W5/><G17/><T99/><D73/><U120/><E120/><V2/><F2/><W72/><G72/><T31/><D31/><U117/><E117/><V86/><F121/><W122/><G122/><T65/><D65/><U127/><E127/><V45/><F45/><W106/><G3/><T35/><D35/><U94/><E9/><V16/><F16/><W80/><G0/><T13/><D13/><U131/><E131/><V12/><F12/><W1/><G48/><T116/><D116/><U63/><E63/><V22/><F22/><W20/><G20/><T38/><REACH who="0" step="1"/><D91/><REACH who="0" ten="311,439,70,170" step="2"/><U44/><E7/><V24/><F118/><W43/><G5/><T36/><D36/><U49/><E4/><V107/><F24/><W10/><G26/><T28/><D28/><U70/><E70/><V126/><F126/><W89/><G25/><T95/><D95/><RYUUKYOKU ba="0,1" sc="311,30,439,-10,70,-10,170,-10" hai0="27,30,34,38,42,47,54,59,81,83,88,93,99" owari="341,14.1,439,53.9,60,-44.0,160,-24.0" /></mjloggm>