<mjloggm ver="2.3"><GO type="225" lobby="0"/><UN n0="%E6%81%A5%E6%99%92%E3%81%97" n1="%E3%83%B4%E3%83%A0%EF%BC%99%E3%81%A6" n2="%E5%8D%A0%E3%81%84%E5%B8%AB%E8%A3%8F%E3%81%AA%E3%81%84%E3%81%97" n3="%E4%BF%BA%E3%81%A8%E5%A6%96%E5%A4%A2" dan="16,16,17,17" rate="2120.50,2109.76,2189.07,2201.25" sx="M,M,M,F"/><TAIKYOKU oya="0"/><INIT seed="0,0,0,2,2,60" ten="250,250,250,250" oya="0" hai0="101,91,102,8,99,36,40,58,135,97,110,79,77" hai1="48,83,100,73,53,42,31,130,115,30,6,43,57" hai2="13,37,107,75,45,0,54,89,39,1,14,17,4" hai3="51,82,128,11,76,50,78,104,61,103,67,119,49"/><T24/><D135/><U125/><E125/><V69/><F107/><W133/><G119/><T22/><D110/><U134/><E134/><V28/><F28/><W16/><G133/><T93/><D36/><U35/><E130/><V63/><F75/><W23/><G128/><T20/><D40/><U123/><E123/><V26/><F39/><W44/><G104/><T62/><D8/><U92/><E115/><V55/><F4/><W113/><G103/><T18/><D22/><U72/><E6/><V38/><F89/><W10/><G113/><T32/><D32/><U120/><E120/><V25/><F63/><W56/><G44/><T105/><REACH who="0" step="1"/><D102/><REACH who="0" ten="240,250,250,250" step="2"/><U108/><E108/><V84/><F38/><W46/><G46/><T112/><D112/><U80/><E35/><V121/><F37/><W15/><REACH who="3" step="1"/><G76/><REACH who="3" ten="240,250,250,240" step="2"/><T127/><D127/><U124/><E124/><V64/><F45/><W59/><G59/><T47/><D47/><U81/><E57/><V116/><F69/><W27/><G27/><T109/><D109/><U2/><E100/><V118/><F25/><W94/><G94/><T106/><D106/><U129/><E92/><V85/><F26/><W122/><G122/><T70/><D70/><U66/><E129/><V19/><F121/><W96/><G96/><T87/><D87/><AGARI ba="0,2" hai="10,11,15,16,23,49,50,51,56,61,67,78,82,87" machi="87" ten="40,8000,1" yaku="1,1,8,1,52,1,54,1,53,0" doraHai="60" doraHaiUra="95" who="3" fromWho="0" sc="240,-80,250,0,250,0,240,100" /><INIT seed="1,0,0,4,1,66" ten="160,250,250,340" oya="1" hai0="117,78,45,48,100,17,123,127,41,90,64,36,23" hai1="120,39,49,73,69,11,43,46,56,76,40,82,20" hai2="94,61,72,88,21,126,33,62,29,92,104,9,14" hai3="18,54,115,37,116,114,128,134,84,6,31,42,122"/><U119/><E119/><V30/><F104/><W85/><G18/><T99/><D127/><U132/><E120/><V47/><F33/><W70/><G31/><T68/><D117/><U96/><E132/><V8/><F72/><W38/><G6/><T44/><D123/><U135/><E135/><V3/><F126/><W5/><G5/><T57/><D78/><U75/><E75/><V80/><F3/><W124/><G124/><T81/><D45/><U55/><E40/><V125/><F125/><W58/><G122/><T86/><D17/><U13/><E96/><V109/><F109/><W77/><G134/><T7/><D7/><U34/><E34/><V0/><F0/><W65/><G77/><T10/><D23/><U97/><E97/><V63/><F47/><W91/><G91/><T118/><D10/><N who="2" m="4202" /><F14/><W133/><G133/><T103/><D99/><U110/><E20/><V83/><F21/><W16/><G16/><T130/><D130/><U4/><REACH who="1" step="1"/><E110/><REACH who="1" ten="160,240,250,340" step="2"/><V71/><F29/><W12/><G116/><T27/><D118/><U24/><E24/><V111/><F30/><W67/><G128/><T105/><D27/><U1/><E1/><V131/><F111/><W112/><G112/><T59/><D105/><U22/><E22/><V32/><F32/><W15/><G115/><T108/><D108/><U35/><E35/><V89/><F131/><W93/><G114/><T53/><REACH who="0" step="1"/><D57/><REACH who="0" ten="150,240,250,340" step="2"/><U25/><E25/><V74/><F74/><W102/><G58/><T2/><D2/><U129/><E129/><V51/><F89/><W101/><G101/><T107/><D107/><RYUUKYOKU ba="0,2" sc="150,15,240,15,250,-15,340,-15" hai0="36,41,44,48,53,59,64,68,81,86,90,100,103" hai1="4,11,13,39,43,46,49,55,56,69,73,76,82" /><INIT seed="1,1,2,0,4,17" ten="165,255,235,325" oya="1" hai0="76,92,0,94,14,83,98,60,1,12,121,110,112" hai1="52,72,122,67,71,130,129,28,109,5,31,132,117" hai2="103,77,107,61,123,18,8,11,101,89,115,27,118" hai3="64,70,135,47,24,79,50,86,120,42,30,29,10"/><U25/><E117/><V73/><F118/><W7/><G120/><T41/><D112/><U21/><E122/><V87/><F123/><W68/><G135/><T34/><D34/><U36/><E132/><V55/><F115/><W88/><G79/><T40/><D121/><U32/><E36/><V63/><F73/><W75/><G75/><T45/><D60/><N who="2" m="23114" /><F77/><W19/><G19/><T113/><D113/><U58/><E72/><V126/><F126/><W9/><G64/><T114/><D114/><U38/><E38/><V54/><F107/><W78/><G29/><T81/><D76/><U93/><E67/><V100/><F8/><W39/><G39/><T102/><D45/><U35/><E71/><V105/><F105/><W4/><G4/><T62/><D62/><N who="1" m="36167" /><E5/><V111/><F111/><W49/><G49/><T13/><D110/><U108/><E93/><N who="2" m="54463" /><F11/><W33/><G9/><T3/><REACH who="0" step="1"/><D94/><REACH who="0" ten="155,255,235,325" step="2"/><U44/><E35/><V127/><F127/><W96/><G70/><T133/><D133/><U119/><E119/><V48/><F48/><W131/><G68/><T23/><D23/><AGARI ba="1,3" hai="18,23,27,54,55,100,101,103" m="54463,23114" machi="23" ten="30,2000,0" yaku="8,1,52,1" doraHai="17" who="2" fromWho="0" sc="155,-23,255,0,235,53,325,0" /><INIT seed="2,0,0,5,5,130" ten="132,255,288,325" oya="2" hai0="123,66,97,32,54,63,101,73,39,114,125,88,3" hai1="80,116,35,84,43,21,70,71,34,44,65,28,30" hai2="87,69,10,112,53,51,103,124,119,76,50,48,67" hai3="122,20,46,33,98,104,52,29,59,86,72,82,102"/><V19/><F112/><W4/><G122/><T75/><D123/><U23/><E116/><V109/><F119/><W100/><G33/><T7/><D114/><U111/><E111/><V61/><F109/><W55/><G100/><T110/><D110/><U1/><E1/><V95/><F124/><W38/><G72/><T134/><D125/><U118/><E118/><V36/><F36/><W96/><G96/><T42/><D32/><U57/><E57/><V5/><F103/><W108/><G4/><T91/><D75/><U127/><E127/><V90/><F90/><BYE who="2" /><W79/><G108/><T24/><D54/><UN n2="%E5%8D%A0%E3%81%84%E5%B8%AB%E8%A3%8F%E3%81%AA%E3%81%84%E3%81%97" /><U47/><E84/><V94/><F19/><W113/><G113/><T115/><D73/><U6/><E65/><V117/><F117/><W83/><G83/><T105/><D115/><U126/><E126/><V128/><F53/><W62/><G55/><T8/><D24/><U14/><E14/><V25/><F25/><W49/><G38/><T17/><D17/><U11/><E43/><V120/><F128/><W107/><G107/><T64/><D134/><U74/><E74/><V58/><F69/><W41/><G20/><T26/><D26/><U22/><E22/><V129/><F129/><W2/><G29/><T31/><D31/><U131/><E131/><V27/><F27/><W12/><G12/><T60/><D42/><U85/><E6/><V13/><F120/><W133/><G2/><T89/><D39/><U78/><E34/><V135/><F135/><W92/><G133/><T68/><D91/><U121/><E121/><V37/><F37/><W81/><G79/><RYUUKYOKU ba="0,0" sc="132,10,255,-30,288,10,325,10" hai0="3,7,8,60,63,64,66,68,88,89,97,101,105" hai2="5,10,13,48,50,51,58,61,67,76,87,94,95" hai3="41,46,49,52,59,62,81,82,86,92,98,102,104" /><INIT seed="2,1,0,0,4,99" ten="142,225,298,335" oya="2" hai0="75,23,131,129,66,3,28,60,44,49,101,79,106" hai1="110,64,17,118,116,16,43,52,22,72,47,73,36" hai2="13,27,56,135,119,8,48,7,69,35,46,26,120" hai3="10,124,9,115,132,51,57,128,40,37,108,127,0"/><V59/><F119/><W54/><G108/><T58/><D3/><U114/><E114/><V6/><F120/><W25/><G115/><T70/><D70/><U34/><E34/><V24/><F69/><W112/><G112/><T50/><D79/><U117/><E110/><V84/><F135/><W89/><G132/><T68/><D75/><U88/><E64/><V130/><F35/><W63/><G128/><T104/><D104/><U111/><E111/><V122/><F130/><W33/><G37/><T100/><D106/><U4/><E4/><V102/><F122/><W62/><G89/><T80/><D129/><U82/><E52/><N who="2" m="29719" /><F6/><W12/><G0/><T55/><D131/><U41/><E41/><V18/><F84/><W98/><G98/><T19/><D80/><U30/><E30/><V134/><F134/><W71/><G40/><T90/><D90/><U92/><E82/><V76/><F76/><W1/><G1/><T113/><D28/><U103/><E17/><V45/><F45/><W2/><G2/><T125/><D125/><U123/><E123/><V97/><F18/><W85/><G85/><T77/><D77/><U96/><E73/><V74/><F74/><W126/><G71/><T83/><D83/><U21/><E72/><V94/><AGARI ba="1,0" hai="7,8,13,24,26,27,56,59,94,97,102" m="29719" machi="94" ten="30,6000,0" yaku="8,1,52,1,54,1" doraHai="99" who="2" fromWho="2" sc="142,-21,225,-21,298,63,335,-21" /><INIT seed="2,2,0,3,3,112" ten="121,204,361,314" oya="2" hai0="126,47,92,127,76,20,87,21,5,51,119,43,59" hai1="77,22,106,100,124,52,118,125,62,34,56,130,6" hai2="133,48,116,111,114,128,24,13,3,49,81,97,108" hai3="91,29,25,54,23,103,134,16,88,38,61,40,69"/><V19/><F114/><W50/><G134/><T44/><D126/><N who="1" m="48747" /><E34/><V14/><F133/><W105/><G105/><T17/><D127/><U80/><E130/><V90/><F3/><W33/><G103/><T120/><D120/><U104/><E6/><V37/><F37/><W45/><G69/><T72/><D72/><N who="1" m="43047" /><E100/><V99/><F128/><W67/><G67/><T42/><D59/><U28/><E118/><V36/><F36/><W123/><G61/><T129/><D129/><U1/><E1/><V30/><F81/><W9/><G9/><T132/><D132/><U101/><E101/><V86/><F86/><W41/><G123/><T115/><D115/><U122/><E122/><V63/><F63/><W57/><REACH who="3" step="1"/><G40/><REACH who="3" ten="121,204,361,304" step="2"/><T83/><D119/><U39/><E39/><V35/><F116/><W107/><G107/><T32/><D5/><U66/><E66/><V65/><F65/><W109/><G109/><T55/><D55/><U74/><E74/><V113/><F113/><W82/><G82/><T117/><D117/><U0/><E0/><V73/><F73/><W121/><G121/><T98/><D32/><U18/><E104/><V60/><F60/><W64/><G64/><T89/><REACH who="0" step="1"/><D17/><REACH who="0" ten="111,204,361,304" step="2"/><U96/><E18/><V27/><F19/><W93/><G93/><T78/><D78/><U4/><E4/><V84/><F35/><W46/><G46/><T26/><D26/><AGARI ba="2,2" hai="16,23,25,26,29,33,38,41,45,50,54,57,88,91" machi="26" ten="30,7700,0" yaku="1,1,7,1,54,2,53,0" doraHai="112" doraHaiUra="110" who="3" fromWho="0" sc="111,-83,204,0,361,0,304,103" /><INIT seed="3,0,0,2,4,49" ten="28,204,361,407" oya="3" hai0="5,67,89,92,93,104,13,40,38,15,100,59,1" hai1="18,135,24,4,45,114,64,134,22,55,107,112,6" hai2="27,51,111,87,34,25,133,76,26,81,7,23,72" hai3="108,53,9,41,84,19,0,113,66,103,129,69,97"/><W11/><G113/><N who="1" m="43626" /><E64/><V28/><F111/><W75/><G108/><T88/><D1/><U90/><E107/><V39/><F133/><N who="1" m="50697" /><E90/><V98/><F39/><W31/><G84/><T37/><D104/><U44/><E55/><V36/><F36/><W48/><G31/><T68/><D100/><U47/><AGARI ba="0,0" hai="4,6,18,22,24,44,45,47" m="50697,43626" machi="47" ten="40,1500,0" yaku="20,1" doraHai="49" who="1" fromWho="1" sc="28,-4,204,15,361,-4,407,-7" owari="24,-47.6,219,-18.1,357,15.7,400,50.0" /></mjloggm>