<mjloggm ver="2.3"><GO type="225" lobby="0"/><UN n0="%E3%82%BC%E3%83%AB%E3%83%80%E3%81%AE%E4%BC%9D%E8%AA%AC" n1="%E7%8D%A3%E8%87%AD%E3%81%84%E8%82%89%E7%90%83" n2="%74%2E%6F%2E%6F%2E%73" n3="%E3%82%8C%E3%81%99%E3%81%93" dan="17,16,17,17" rate="2182.11,2135.83,2084.90,2258.68" sx="M,M,M,F"/><TAIKYOKU oya="0"/><INIT seed="0,0,0,4,5,78" ten="250,250,250,250" oya="0" hai0="135,26,106,111,34,8,16,126,71,5,22,18,86" hai1="133,85,112,28,60,20,14,90,84,73,11,76,36" hai2="56,123,79,130,64,10,17,89,91,107,120,13,65" hai3="100,101,127,35,42,63,118,54,32,51,104,128,98"/><T109/><D71/><U33/><E36/><V117/><F107/><W39/><G118/><T125/><D106/><U88/><E133/><V132/><F132/><W113/><G113/><T49/><D135/><U55/><E33/><V93/><F130/><W9/><G128/><T66/><D66/><U69/><E112/><V94/><F117/><W23/><G127/><N who="0" m="48651" /><D49/><U134/><E134/><V116/><F116/><W122/><G122/><T67/><D67/><U115/><E73/><V68/><F68/><W12/><G101/><T52/><D86/><N who="1" m="33387" /><E69/><V110/><F65/><W99/><G99/><T27/><D52/><U124/><E76/><V81/><F120/><W3/><G3/><N who="0" m="63" /><D18/><N who="1" m="8543" /><E115/><V82/><F123/><W31/><G39/><T80/><D80/><N who="2" m="30826" /><F79/><W58/><G42/><T87/><D87/><U1/><E1/><V53/><F64/><W0/><G0/><T92/><D92/><N who="2" m="35434" /><F110/><N who="0" m="41994" /><D34/><U61/><E124/><V4/><F4/><N who="3" m="3111" /><G35/><T105/><D105/><U48/><E61/><AGARI ba="0,0" hai="10,13,17,53,56,61,89,91" m="35434,30826" machi="61" ten="30,7700,0" yaku="8,1,52,3" doraHai="78" who="2" fromWho="1" sc="250,0,250,-77,250,77,250,0" /><INIT seed="1,0,0,0,1,93" ten="250,173,327,250" oya="1" hai0="59,43,5,20,104,27,94,8,69,82,57,112,34" hai1="78,29,60,96,71,26,64,2,61,80,31,7,15" hai2="102,134,115,130,17,40,109,72,19,52,68,73,25" hai3="103,74,108,83,1,13,23,12,37,123,4,85,105"/><U90/><E2/><V100/><F68/><W129/><G123/><T86/><D104/><U16/><E7/><V84/><F40/><W35/><G35/><T46/><D69/><U66/><E26/><V32/><F84/><W54/><G108/><T39/><D34/><U122/><E122/><V0/><F0/><W107/><G74/><T110/><D110/><U79/><E79/><V135/><F109/><W114/><G114/><T91/><D112/><U75/><E90/><V24/><F115/><W120/><G120/><T77/><D20/><U6/><E6/><V9/><F32/><W53/><G37/><T28/><D27/><U22/><REACH who="1" step="1"/><E96/><REACH who="1" ten="250,163,327,250" step="2"/><V113/><F113/><W18/><G1/><T70/><D28/><U88/><E88/><V55/><F24/><W87/><G4/><T38/><D77/><U92/><E92/><V111/><F25/><W89/><G107/><T101/><D94/><U33/><E33/><V45/><F111/><W131/><G12/><T42/><D5/><U81/><E81/><V76/><F76/><W21/><G105/><T117/><D91/><U126/><E126/><V124/><F124/><W121/><G121/><T127/><D127/><U65/><E65/><V95/><F95/><W41/><G89/><T58/><D82/><U56/><AGARI ba="0,1" hai="15,16,22,29,31,56,60,61,64,66,71,75,78,80" machi="56" ten="20,7800,0" yaku="1,1,0,1,7,1,54,1,53,0" doraHai="93" doraHaiUra="36" who="1" fromWho="1" sc="250,-26,163,88,327,-26,250,-26" /><INIT seed="1,1,0,2,5,78" ten="224,251,301,224" oya="1" hai0="38,51,134,109,126,26,129,105,39,63,48,55,27" hai1="89,69,45,123,10,97,94,9,84,80,79,130,74" hai2="96,71,86,100,115,50,4,104,117,6,44,66,110" hai3="81,111,32,125,73,87,131,113,127,56,18,65,0"/><U99/><E123/><V42/><F117/><W93/><G113/><T23/><D105/><U108/><E130/><V88/><F110/><W72/><G111/><T67/><D109/><U58/><E69/><V91/><F115/><W133/><G131/><T2/><D2/><U47/><E108/><V83/><REACH who="2" step="1"/><F91/><REACH who="2" ten="224,251,291,224" step="2"/><W75/><G127/><T37/><D129/><U49/><E58/><V20/><F20/><W52/><G125/><T77/><D23/><U59/><E59/><V1/><F1/><W132/><G0/><T85/><D126/><U16/><E47/><V25/><F25/><W102/><G32/><T61/><D26/><U122/><E122/><V76/><F76/><W82/><G56/><T29/><D77/><U121/><E121/><V28/><F28/><W41/><G133/><T62/><D134/><U36/><E36/><V43/><F43/><W17/><G41/><T40/><D27/><U14/><E9/><V68/><F68/><W64/><G132/><T35/><D29/><U119/><E119/><V103/><F103/><W92/><G102/><T5/><D35/><U34/><E34/><V95/><F95/><W107/><G93/><T33/><D33/><U120/><E120/><V101/><F101/><W116/><G92/><T135/><D135/><U8/><E10/><V24/><F24/><W112/><G116/><T60/><D40/><AGARI ba="1,1" hai="8,14,16,40,45,49,74,79,80,84,89,94,97,99" machi="40" ten="30,5800,0" yaku="7,1,52,1,54,1" doraHai="78" who="1" fromWho="0" sc="224,-61,251,71,291,0,224,0" /><INIT seed="1,2,0,4,0,52" ten="163,322,291,224" oya="1" hai0="16,129,48,25,106,113,108,135,86,112,42,87,49" hai1="34,71,118,12,121,119,51,2,41,124,57,94,53" hai2="96,83,79,65,114,116,62,32,66,126,72,4,125" hai3="111,27,95,104,40,133,120,98,45,43,55,20,18"/><U54/><E121/><V127/><F116/><W102/><G120/><T38/><D106/><U17/><E2/><V88/><F114/><W26/><G111/><T76/><D108/><U99/><E71/><V100/><F32/><W60/><G133/><T50/><D135/><U63/><E41/><V8/><F62/><W80/><G104/><T130/><D42/><U33/><E124/><V75/><F75/><W31/><G80/><N who="0" m="47367" /><D87/><U9/><E119/><V69/><F69/><W132/><G132/><T46/><D46/><U74/><E74/><V24/><F24/><W13/><G27/><T73/><D38/><U23/><E9/><V61/><F61/><W0/><G0/><T6/><D6/><U21/><E21/><V44/><F44/><W78/><G78/><T22/><D73/><U115/><E115/><V10/><F88/><W123/><G123/><T77/><D77/><U117/><E117/><V70/><F70/><W19/><G19/><T92/><D92/><U39/><E39/><V109/><F109/><W1/><G1/><T84/><D84/><U81/><E81/><V105/><REACH who="2" step="1"/><F10/><REACH who="2" ten="163,322,281,224" step="2"/><N who="3" m="6455" /><G45/><T85/><D85/><U131/><E118/><V93/><F93/><W91/><G91/><T110/><D110/><U30/><E34/><V14/><AGARI ba="2,1" hai="4,8,14,65,66,72,79,83,96,100,105,125,126,127" machi="14" ten="30,4000,0" yaku="1,1,0,1,18,1,53,0" doraHai="52" doraHaiUra="67" who="2" fromWho="2" sc="163,-12,322,-22,281,56,224,-12" /><INIT seed="2,0,0,0,3,95" ten="151,300,337,212" oya="2" hai0="42,106,28,16,129,10,76,62,72,63,27,122,65" hai1="8,105,61,40,64,13,56,135,96,21,80,130,68" hai2="101,123,17,69,31,18,70,125,83,71,116,84,119" hai3="33,110,22,38,48,55,9,118,57,99,19,86,112"/><V81/><F123/><W97/><G118/><T3/><D122/><U89/><E135/><V131/><F131/><W94/><G38/><T108/><D108/><U37/><E130/><V47/><F125/><W82/><G33/><T44/><D129/><U49/><E21/><V109/><F31/><W113/><G9/><T23/><D106/><U32/><E32/><V103/><F47/><W41/><G41/><T121/><D121/><U1/><E1/><V52/><F109/><W20/><G110/><T11/><D65/><U79/><E37/><V15/><F52/><W35/><G35/><T30/><D30/><U127/><E127/><V2/><F2/><W58/><G58/><T54/><D54/><U132/><E132/><V67/><F67/><W24/><G22/><T117/><D117/><U100/><E89/><V26/><F71/><W126/><G126/><T73/><D10/><U128/><E128/><V114/><F15/><W102/><REACH who="3" step="1"/><G99/><REACH who="3" ten="151,300,337,202" step="2"/><T25/><D25/><U111/><E111/><V115/><F26/><W104/><G104/><T14/><D3/><U29/><E40/><V88/><F116/><W87/><G87/><T92/><D73/><U134/><E134/><V53/><F119/><W90/><AGARI ba="0,1" hai="19,20,24,48,55,57,82,86,90,94,97,102,112,113" machi="90" ten="30,4000,0" yaku="1,1,0,1,52,1,53,0" doraHai="95" doraHaiUra="36" who="3" fromWho="3" sc="151,-10,300,-10,337,-20,202,50" /><INIT seed="3,0,0,1,3,34" ten="141,290,317,252" oya="3" hai0="0,117,128,33,72,107,49,10,86,75,67,89,19" hai1="100,110,30,5,21,37,3,98,108,134,12,4,73" hai2="92,53,80,27,130,32,119,121,88,125,105,62,41" hai3="78,42,16,1,126,15,94,55,25,106,109,87,29"/><W70/><G106/><T79/><D128/><U95/><E37/><V65/><F105/><W71/><G1/><T52/><D117/><U59/><E73/><V20/><F119/><W14/><G126/><T131/><D131/><U113/><E113/><V28/><F130/><W96/><G109/><N who="1" m="42090" /><E134/><V46/><F125/><W6/><G6/><N who="1" m="2666" /><E59/><V115/><F115/><W132/><G132/><T133/><D133/><U123/><E123/><V31/><F80/><W112/><G112/><T36/><D36/><U44/><E44/><V104/><F104/><W22/><G42/><T57/><D107/><U66/><E66/><V83/><F83/><W61/><G87/><T116/><D116/><U135/><E135/><V54/><F121/><W40/><G40/><T47/><D33/><U127/><E127/><V101/><F101/><W43/><G43/><T124/><D124/><U58/><E58/><N who="2" m="37079" /><F32/><W7/><G7/><T82/><D0/><U64/><E64/><V102/><F102/><W13/><G78/><T93/><D75/><U48/><E48/><N who="2" m="26703" /><F31/><W85/><G85/><AGARI ba="0,0" hai="20,27,28,53,54,85,88,92" m="26703,37079" machi="85" ten="30,2000,0" yaku="8,1,54,1" doraHai="34" who="2" fromWho="3" sc="141,0,290,0,317,20,252,-20" owari="141,-35.9,290,9.0,337,43.7,232,-16.8" /></mjloggm>