<mjloggm ver="2.3"><GO type="225" lobby="0"/><UN n0="%E3%83%8F%E3%82%AC%E3%82%BF%E3%82%AB%E3%81%AE%E3%81%88%E3%81%98%E3%81%8D" n1="%E5%84%AA%40%41%42%43" n2="%E6%80%AA%E3%81%97%E3%81%99%E3%81%8E%E3%82%8B%E3%83%81%E3%83%BC" n3="%73%6C%69%63%6B%33%31%39" dan="16,18,16,16" rate="2153.57,2249.91,2167.41,2159.89" sx="M,M,M,M"/><TAIKYOKU oya="0"/><INIT seed="0,0,0,0,4,37" ten="250,250,250,250" oya="0" hai0="25,12,129,56,22,131,96,70,125,54,8,89,119" hai1="103,66,5,38,57,45,4,135,9,111,11,91,19" hai2="122,10,85,82,112,109,123,48,23,13,27,55,100" hai3="6,127,74,53,3,36,51,17,29,114,60,80,124"/><T113/><D113/><U61/><E111/><V35/><F112/><W120/><G114/><T93/><D119/><U76/><E135/><V78/><F35/><W50/><G36/><T102/><D70/><U97/><E76/><V92/><F109/><W69/><G120/><T49/><D125/><N who="3" m="48201" /><G29/><T94/><D25/><U105/><E91/><V88/><F100/><W26/><G6/><T7/><REACH who="0" step="1"/><D22/><REACH who="0" ten="240,250,250,250" step="2"/><U15/><REACH who="1" step="1"/><E11/><REACH who="1" ten="240,240,250,250" step="2"/><V108/><F108/><W128/><G128/><T134/><D134/><U21/><E21/><V34/><F23/><W33/><G33/><T98/><AGARI ba="0,2" hai="7,8,12,49,54,56,89,93,94,96,98,102,129,131" machi="98" ten="30,6000,0" yaku="1,1,0,1,53,1" doraHai="37" doraHaiUra="2" who="0" fromWho="0" sc="240,80,240,-20,250,-20,250,-20" /><INIT seed="0,1,0,4,5,31" ten="320,220,230,230" oya="0" hai0="73,111,56,18,65,50,39,10,98,129,1,79,28" hai1="35,27,17,130,59,30,75,0,82,80,3,48,51" hai2="121,66,23,25,76,13,118,53,133,42,117,89,20" hai3="120,60,22,114,46,85,103,104,7,128,64,97,24"/><T67/><D39/><U32/><E130/><V57/><F121/><W101/><G114/><T72/><D129/><U49/><E75/><V69/><F133/><W55/><G128/><T41/><D111/><U44/><E44/><V113/><F113/><W83/><G120/><T12/><D1/><U52/><E17/><N who="2" m="10287" /><F42/><W125/><G125/><T68/><D68/><U29/><E59/><V77/><F89/><W93/><G7/><T34/><D98/><U2/><E52/><V116/><F66/><W108/><G108/><T119/><D119/><U102/><E102/><V100/><F100/><W106/><G101/><T36/><D36/><U58/><E58/><V70/><F70/><W109/><G55/><T43/><D79/><U4/><E4/><V96/><F96/><W115/><G46/><T95/><D95/><U105/><E105/><V62/><F69/><W54/><G54/><T134/><D72/><U92/><E92/><V78/><F76/><W135/><G115/><T131/><D65/><U63/><E63/><V110/><F110/><W107/><G60/><T11/><D131/><U37/><E37/><V71/><F71/><W74/><G64/><T61/><D43/><U88/><E88/><V21/><F21/><W40/><G40/><T47/><D41/><U14/><E14/><V86/><F86/><W87/><G109/><T99/><D12/><U8/><E8/><V45/><F45/><W126/><G85/><T123/><D47/><U15/><E15/><V81/><F81/><W33/><G74/><T16/><D73/><U127/><E127/><V91/><F91/><RYUUKYOKU ba="1,0" sc="320,-15,220,15,230,15,230,-15" hai1="0,2,3,27,29,30,32,35,48,49,51,80,82" hai2="23,25,53,57,62,77,78,116,117,118" /><INIT seed="1,2,0,1,3,101" ten="305,235,245,215" oya="1" hai0="23,112,41,133,64,113,114,28,107,39,111,44,24" hai1="85,77,25,49,65,70,60,56,96,68,58,45,102" hai2="105,119,50,4,48,108,18,110,100,16,79,69,132" hai3="126,31,103,74,99,63,26,37,34,1,115,84,46"/><U106/><E70/><V40/><F119/><W0/><G115/><T10/><D111/><N who="2" m="42538" /><F69/><W129/><G84/><T81/><D133/><U95/><E25/><V9/><F132/><W38/><G74/><T59/><D10/><U13/><E13/><N who="2" m="5287" /><F79/><W135/><G135/><T116/><D116/><U43/><REACH who="1" step="1"/><E95/><REACH who="1" ten="305,225,245,215" step="2"/><V35/><F35/><W75/><G34/><T104/><D81/><AGARI ba="2,1" hai="43,45,49,56,58,60,65,68,77,81,85,96,102,106" machi="81" ten="40,7700,0" yaku="1,1,2,1,52,1,53,0" doraHai="101" doraHaiUra="117" who="1" fromWho="0" sc="305,-83,225,93,245,0,215,0" /><INIT seed="1,3,0,1,3,112" ten="222,318,245,215" oya="1" hai0="46,42,101,59,130,2,93,63,43,51,108,67,50" hai1="76,7,116,111,97,23,117,27,35,71,68,83,13" hai2="98,56,55,106,12,75,10,80,64,92,39,37,132" hai3="91,96,25,29,126,20,22,54,131,57,47,133,36"/><U6/><E35/><V86/><F132/><W14/><G133/><T114/><D2/><U105/><E13/><V18/><F64/><W72/><G72/><T45/><D114/><U65/><E7/><V21/><F106/><W119/><G131/><T88/><D130/><U95/><E6/><V85/><F10/><W115/><G115/><T4/><D4/><U28/><E111/><V100/><F75/><W125/><G119/><N who="1" m="45642" /><E23/><V87/><REACH who="2" step="1"/><F80/><REACH who="2" ten="222,318,235,215" step="2"/><W8/><G8/><T122/><D108/><U113/><E105/><V60/><AGARI ba="3,1" hai="12,18,21,37,39,55,56,60,85,86,87,92,98,100" machi="60" ten="30,7900,0" yaku="1,1,2,1,0,1,53,1" doraHai="112" doraHaiUra="53" who="2" fromWho="2" sc="222,-23,318,-42,235,98,215,-23" /><INIT seed="2,0,0,3,4,17" ten="199,276,333,192" oya="2" hai0="106,132,54,13,124,119,62,131,33,75,11,70,112" hai1="93,19,31,55,98,86,8,60,0,129,87,10,81" hai2="64,115,47,78,43,113,101,74,69,22,118,88,135" hai3="83,48,40,4,103,1,12,59,102,91,68,114,49"/><V51/><F118/><W92/><G68/><T9/><RYUUKYOKU type="yao9" ba="0,0" sc="199,0,276,0,333,0,192,0" hai0="9,11,13,33,54,62,70,75,106,112,119,124,131,132" /><INIT seed="2,1,0,5,0,54" ten="199,276,333,192" oya="2" hai0="50,73,27,52,75,108,36,74,88,98,35,42,84" hai1="33,109,116,81,53,105,119,19,70,0,48,103,132" hai2="91,87,47,23,62,111,129,82,8,67,63,58,24" hai3="122,92,39,3,16,43,10,28,85,17,118,56,107"/><V15/><F129/><W117/><G122/><T57/><D108/><U102/><E70/><V131/><F131/><W13/><G107/><T11/><D98/><U71/><E71/><V123/><F123/><W68/><G68/><T21/><D35/><U66/><E66/><V89/><F111/><W101/><G3/><T25/><D21/><U4/><E33/><V30/><F62/><W94/><G28/><T49/><D36/><U46/><E109/><V79/><REACH who="2" step="1"/><F47/><REACH who="2" ten="199,276,323,192" step="2"/><W18/><G117/><T7/><D42/><U1/><E46/><V95/><F95/><W22/><G118/><T72/><N who="0" m="18432" /><DORA hai="121" /><T55/><D55/><U125/><E53/><V90/><F90/><W128/><G94/><T114/><D114/><U80/><E105/><V38/><F38/><W40/><G128/><T5/><D50/><U9/><E48/><V20/><F20/><W2/><G39/><T65/><D65/><U76/><E119/><V69/><F69/><W45/><G45/><T31/><D31/><U99/><E76/><V34/><F34/><W83/><G43/><T110/><D110/><U32/><E32/><V124/><F124/><W37/><G40/><T127/><D127/><U41/><E41/><V64/><F64/><W97/><G37/><T26/><REACH who="0" step="1"/><D11/><REACH who="0" ten="189,276,323,192" step="2"/><N who="1" m="2439" /><E116/><V86/><F86/><W14/><G22/><T134/><D134/><U126/><E9/><V77/><F77/><N who="3" m="46319" /><G10/><T133/><D133/><U106/><E132/><V93/><F93/><AGARI ba="1,2" hai="5,7,25,26,27,49,52,57,84,88,93" m="18432" machi="93" ten="70,8000,1" yaku="1,1,52,1,54,2,53,0" doraHai="54,121" doraHaiUra="6,135" who="0" fromWho="2" sc="189,103,276,0,323,-83,192,0" /><INIT seed="3,0,0,0,4,127" ten="292,276,240,192" oya="3" hai0="95,36,128,90,135,12,79,28,35,10,9,69,131" hai1="101,71,44,15,77,108,25,26,81,109,72,33,105" hai2="107,37,27,4,41,32,70,129,20,48,123,47,7" hai3="122,119,57,85,56,92,13,78,0,45,103,82,38"/><W126/><G119/><T6/><D69/><U91/><E71/><V1/><F32/><W89/><G122/><T50/><D36/><U29/><E15/><V49/><F123/><W5/><G0/><T11/><D79/><U60/><E60/><V110/><F110/><N who="1" m="42601" /><E25/><V106/><F129/><N who="0" m="49738" /><D95/><U96/><E44/><V58/><F70/><W114/><G114/><T66/><D66/><U63/><E63/><V68/><F1/><W102/><G126/><T73/><D73/><N who="1" m="43183" /><E91/><V76/><F68/><W87/><G38/><T97/><D135/><U18/><E18/><V59/><F37/><W34/><G34/><T53/><D90/><U113/><E113/><V43/><F76/><W62/><G45/><N who="0" m="27855" /><D97/><N who="1" m="61615" /><E72/><V42/><F47/><W31/><G31/><T39/><D39/><U88/><E88/><V23/><F41/><W94/><G94/><T99/><D99/><AGARI ba="0,0" hai="26,29,33,96,99" m="61615,43183,42601" machi="99" ten="30,1000,0" yaku="14,1" doraHai="127" who="1" fromWho="0" sc="292,-10,276,10,240,0,192,0" /><INIT seed="4,0,0,3,3,82" ten="282,286,240,192" oya="0" hai0="78,118,123,29,49,8,47,34,133,119,51,90,39" hai1="117,35,7,38,101,60,80,132,76,9,85,15,26" hai2="19,91,20,121,3,116,100,68,84,14,106,12,99" hai3="53,21,120,70,86,32,41,28,46,108,73,124,55"/><T102/><D123/><U61/><E117/><V87/><F121/><W113/><G108/><T33/><D133/><U42/><E132/><V10/><F116/><W40/><G73/><T63/><D102/><U114/><E114/><V25/><F68/><W57/><G70/><T71/><D78/><U109/><E109/><V45/><F3/><W6/><G120/><T115/><D115/><U95/><E38/><V1/><F1/><W43/><G113/><T69/><D90/><U79/><E42/><V110/><F110/><W56/><G32/><T4/><D39/><U66/><E79/><V134/><F134/><W67/><G6/><T64/><D69/><U75/><E75/><V104/><F104/><W65/><G124/><T103/><D103/><U125/><E125/><V135/><F135/><W5/><G5/><T11/><D51/><U93/><E101/><V27/><F45/><W48/><G86/><T122/><D11/><U77/><E77/><V50/><F50/><N who="3" m="30775" /><G21/><T16/><D4/><U22/><E35/><N who="0" m="13321" /><D29/><N who="1" m="17623" /><E66/><N who="3" m="25098" /><G28/><T96/><D96/><U59/><E59/><AGARI ba="0,0" hai="40,41,43,46,48,55,57,59" m="25098,30775" machi="59" ten="30,12000,2" yaku="8,1,35,5" doraHai="82" who="3" fromWho="1" sc="282,0,286,-120,240,0,192,120" owari="282,8.2,166,-33.4,240,-16.0,312,41.2" /></mjloggm>