<mjloggm ver="2.3"><GO type="225" lobby="0"/><UN n0="%E3%81%99%E3%81%84%E3%81%BE%E3%81%9B%E3%83%BC%E3%82%93" n1="%E3%83%97%E3%83%AC%E3%83%B4%E3%82%A1%E3%83%86%E3%82%A3" n2="%E8%83%83%E3%81%A8%E8%85%B8" n3="%E8%B6%85%E7%B4%9A%E9%B3%B3%E5%87%B0" dan="17,16,17,16" rate="2177.31,2160.11,2233.12,2159.92" sx="M,F,M,M"/><TAIKYOKU oya="0"/><INIT seed="0,0,0,4,1,124" ten="250,250,250,250" oya="0" hai0="44,17,50,129,36,1,45,87,92,99,120,52,6" hai1="133,27,113,132,0,125,65,128,119,111,58,55,30" hai2="80,15,75,123,23,90,112,13,62,126,69,46,39" hai3="51,71,18,95,96,42,9,66,84,76,59,86,56"/><T10/><D120/><U12/><E0/><V48/><F123/><W57/><G71/><T63/><D129/><U28/><E119/><V38/><F112/><W88/><G66/><T24/><D87/><U109/><E113/><V107/><F126/><W70/><G70/><T68/><D24/><U20/><E125/><V34/><F34/><W104/><G104/><T100/><D17/><U103/><E65/><V26/><F107/><W32/><G32/><T22/><D22/><U101/><E28/><V122/><F122/><W72/><G72/><T82/><D82/><U25/><E25/><V53/><F38/><W130/><G130/><T105/><D105/><U61/><E128/><V40/><F75/><W73/><G73/><T5/><D5/><U117/><E117/><V74/><F74/><W135/><G135/><N who="1" m="51786" /><E12/><V78/><F78/><W94/><G76/><T14/><D1/><U121/><E121/><V60/><F69/><W64/><G64/><T31/><D31/><U97/><E97/><V114/><F114/><W43/><G51/><T102/><D102/><AGARI ba="0,0" hai="20,27,30,55,58,61,101,102,103,109,111" m="51786" machi="102" ten="30,1000,0" yaku="20,1" doraHai="124" who="1" fromWho="0" sc="250,-10,250,10,250,0,250,0" /><INIT seed="1,0,0,0,5,129" ten="240,260,250,250" oya="1" hai0="97,68,8,95,15,65,66,48,118,121,11,79,44" hai1="6,22,64,33,114,98,26,123,53,43,92,89,124" hai2="119,19,54,99,80,131,90,86,39,63,46,37,52" hai3="28,67,0,125,32,93,74,50,75,104,82,115,55"/><U1/><E123/><V120/><F120/><W2/><G115/><T126/><D118/><U72/><E114/><V20/><F119/><W88/><G104/><T77/><D121/><U31/><E72/><V23/><F131/><W45/><G125/><T100/><D126/><U30/><E124/><V40/><F37/><W91/><G67/><N who="0" m="25611" /><D68/><U133/><E64/><V81/><F63/><W130/><G130/><T73/><D73/><U71/><E71/><V69/><F69/><W107/><G107/><T4/><D8/><U84/><E43/><AGARI ba="0,0" hai="4,11,15,43,44,48,77,79,95,97,100" m="25611" machi="43" ten="30,1000,0" yaku="8,1" doraHai="129" who="0" fromWho="1" sc="240,10,260,-10,250,0,250,0" /><INIT seed="2,0,0,5,4,21" ten="250,250,250,250" oya="2" hai0="59,16,17,124,131,2,84,68,31,35,119,82,38" hai1="22,123,0,20,36,93,89,9,4,43,45,113,52" hai2="51,121,86,114,60,46,135,98,75,99,34,95,3" hai3="76,94,70,55,24,102,87,14,91,56,108,67,132"/><V71/><F75/><W57/><G108/><T125/><D68/><U74/><E113/><V83/><F114/><W111/><G111/><T42/><D131/><U47/><E123/><V118/><F121/><W41/><G132/><T25/><D2/><U101/><E101/><V64/><F118/><W62/><G41/><T29/><D119/><U122/><E122/><V126/><F135/><W48/><G102/><T65/><D31/><U40/><E74/><V28/><F3/><W11/><G76/><T90/><D42/><U63/><E63/><V112/><F112/><W130/><G130/><T27/><D38/><U7/><E7/><V26/><F95/><W109/><G109/><T18/><REACH who="0" step="1"/><D27/><REACH who="0" ten="240,250,250,250" step="2"/><U97/><REACH who="1" step="1"/><E52/><REACH who="1" ten="240,240,250,250" step="2"/><V69/><F69/><W37/><G37/><AGARI ba="0,2" hai="0,4,9,20,22,36,37,40,43,45,47,89,93,97" machi="37" ten="30,7700,0" yaku="1,1,2,1,7,1,9,1,53,0" doraHai="21" doraHaiUra="44" who="1" fromWho="3" sc="240,0,240,97,250,0,250,-77" /><INIT seed="3,0,0,2,1,62" ten="240,337,250,173" oya="3" hai0="116,68,39,98,23,91,132,100,101,53,48,4,1" hai1="109,37,60,122,47,17,43,130,117,104,0,112,121" hai2="25,27,45,52,87,124,81,110,84,126,15,115,103" hai3="94,66,51,29,42,38,30,18,34,64,131,96,111"/><W105/><G131/><T40/><D116/><U133/><RYUUKYOKU type="yao9" ba="0,0" sc="240,0,337,0,250,0,173,0" hai1="0,17,37,43,47,60,104,109,112,117,121,122,130,133" /><INIT seed="3,1,0,3,2,101" ten="240,337,250,173" oya="3" hai0="95,52,42,70,50,94,133,54,72,119,63,57,8" hai1="44,79,65,103,82,1,71,3,18,89,84,93,117" hai2="81,4,43,102,98,13,49,29,124,121,73,60,35" hai3="99,41,12,80,34,106,122,115,125,36,45,53,90"/><W130/><G115/><T58/><D119/><U128/><E117/><V111/><F111/><W32/><G122/><T38/><D72/><U46/><E128/><V21/><F121/><W75/><G130/><T113/><D133/><U61/><E103/><V15/><F124/><W55/><G125/><T0/><D113/><U92/><E92/><N who="2" m="58695" /><F35/><W68/><G68/><T22/><D70/><U69/><E69/><V110/><F73/><W131/><G131/><T66/><D66/><U48/><E18/><V85/><F110/><W108/><G108/><T47/><REACH who="0" step="1"/><D22/><REACH who="0" ten="230,337,250,173" step="2"/><U88/><E89/><N who="2" m="51375" /><F21/><W64/><G64/><T105/><D105/><U132/><E132/><V17/><F29/><W109/><G109/><T97/><D97/><U39/><E39/><V100/><F100/><N who="3" m="62751" /><G90/><T126/><D126/><U14/><E88/><V62/><F4/><AGARI ba="1,1" hai="0,4,8,38,42,47,50,52,54,57,58,63,94,95" machi="4" ten="40,2600,0" yaku="1,1,54,1,53,0" doraHai="101" doraHaiUra="118" who="0" fromWho="2" sc="230,39,337,0,250,-29,173,0" owari="269,6.9,337,43.7,221,-17.9,173,-32.7" /></mjloggm>