<mjloggm ver="2.3"><GO type="225" lobby="0"/><UN n0="%E7%89%B9%E6%9D%B1%E3%81%AF%E4%B8%96%E7%95%8C%E3%82%92%E6%95%91%E3%81%86" n1="%E3%81%B5%E3%81%98%E3%81%8B%E3%81%A4" n2="%E3%83%8F%E3%83%B3%E3%83%89%E3%83%A9%E3%83%BC%E3%83%BB%E3%83%AF%E3%83%B3" n3="%E6%A1%9C%E8%8A%B1%E9%96%83%E3%80%85" dan="16,16,17,16" rate="2049.59,2135.06,2169.68,2180.85" sx="M,M,M,M"/><TAIKYOKU oya="0"/><INIT seed="0,0,0,4,5,38" ten="250,250,250,250" oya="0" hai0="24,47,13,33,12,113,21,107,44,48,46,41,92" hai1="121,16,32,89,133,0,114,119,105,5,130,79,64" hai2="129,120,128,30,67,22,45,63,103,54,40,102,72" hai3="132,20,126,122,112,115,70,83,93,78,51,118,69"/><T101/><D113/><U108/><RYUUKYOKU type="yao9" ba="0,0" sc="250,0,250,0,250,0,250,0" hai1="0,5,16,32,64,79,89,105,108,114,119,121,130,133" /><INIT seed="0,1,0,3,5,41" ten="250,250,250,250" oya="0" hai0="97,85,108,49,133,110,87,72,51,65,35,52,71" hai1="37,3,78,96,70,122,28,103,69,105,40,43,109" hai2="1,132,61,53,10,98,86,2,32,102,116,67,24" hai3="14,123,88,126,42,44,39,115,74,124,50,23,120"/><T73/><D35/><U4/><E122/><N who="3" m="46634" /><G74/><N who="0" m="28779" /><D65/><U9/><E43/><V135/><F86/><N who="0" m="32778" /><D71/><U16/><E78/><V68/><F53/><W131/><G131/><T107/><D133/><N who="2" m="51274" /><F10/><W64/><G115/><T114/><D114/><U134/><E134/><V31/><F116/><W119/><G119/><T117/><D117/><U54/><E54/><V60/><F60/><W58/><G39/><T94/><D107/><AGARI ba="1,0" hai="1,2,24,31,32,61,67,68,98,102,107" m="51274" machi="107" ten="30,3900,0" yaku="25,1,20,1,23,1" doraHai="41" who="2" fromWho="0" sc="250,-42,250,0,250,42,250,0" /><INIT seed="1,0,0,3,5,56" ten="208,250,292,250" oya="1" hai0="28,35,13,47,121,14,99,30,7,65,93,67,16" hai1="12,91,8,84,72,60,39,29,132,106,36,130,80" hai2="102,97,104,5,82,58,6,57,87,41,68,110,69" hai3="18,54,45,48,125,21,131,109,70,40,66,95,124"/><U19/><E132/><V26/><F110/><W73/><G73/><T101/><D121/><U119/><E130/><V129/><F129/><W11/><G131/><T92/><D13/><U112/><E112/><V128/><F128/><W88/><G109/><T98/><D7/><U33/><E119/><V94/><F41/><W44/><G11/><T135/><D135/><U10/><E106/><V115/><F115/><W4/><G4/><N who="2" m="1641" /><F69/><W77/><G77/><T81/><D81/><U50/><E72/><V116/><F68/><W23/><G66/><N who="0" m="25099" /><D47/><U2/><E50/><V51/><F104/><W32/><G32/><T9/><D35/><U17/><E2/><V105/><F105/><W1/><G70/><T34/><D34/><U3/><E3/><V71/><F71/><W46/><G1/><T107/><D107/><U85/><E33/><V49/><F26/><W108/><G108/><T75/><D75/><U27/><E36/><V38/><F38/><W52/><G40/><T113/><D113/><U43/><E43/><V22/><F22/><W15/><G23/><T20/><D20/><N who="1" m="15591" /><E39/><V122/><F116/><W25/><G15/><T133/><D133/><U103/><E10/><V79/><F122/><W126/><G48/><AGARI ba="0,0" hai="48,49,51,57,58,79,82,87,94,97,102" m="1641" machi="48" ten="30,1000,0" yaku="8,1" doraHai="56" who="2" fromWho="3" sc="208,0,250,0,292,10,250,-10" /><INIT seed="2,0,0,5,3,51" ten="208,250,302,240" oya="2" hai0="24,132,63,0,15,117,126,93,44,127,35,71,56" hai1="64,66,26,58,96,4,121,50,41,12,111,134,131" hai2="100,113,81,59,135,30,20,109,2,38,114,123,70" hai3="103,122,91,84,23,18,31,53,47,125,120,106,98"/><V37/><F70/><W65/><G31/><T129/><D0/><U95/><E111/><V69/><F69/><W97/><G65/><T57/><D129/><U32/><E32/><V110/><F123/><W28/><G28/><N who="0" m="19847" /><D132/><U5/><E131/><V107/><F2/><W9/><G9/><T36/><D93/><U101/><E134/><V10/><F10/><W130/><G130/><T61/><D15/><U6/><E121/><V83/><F135/><W39/><G98/><T82/><D82/><U62/><E66/><V60/><F100/><W46/><G46/><T7/><D7/><U102/><E102/><V118/><F107/><W87/><G87/><T49/><D36/><U3/><E3/><V119/><F30/><W79/><G79/><T16/><D16/><U72/><E72/><V22/><F59/><N who="0" m="22602" /><D71/><U45/><REACH who="1" step="1"/><E26/><REACH who="1" ten="208,240,302,240" step="2"/><V85/><F109/><W92/><G122/><T77/><D117/><U11/><AGARI ba="0,1" hai="4,5,6,11,12,41,45,50,58,62,64,95,96,101" machi="11" ten="30,8000,1" yaku="1,1,2,1,0,1,8,1,53,1" doraHai="51" doraHaiUra="99" who="1" fromWho="1" sc="208,-20,240,90,302,-40,240,-20" /><INIT seed="3,0,0,4,3,14" ten="188,330,262,220" oya="3" hai0="45,78,8,132,59,112,134,88,131,67,89,47,49" hai1="48,15,64,56,103,82,87,80,35,135,72,99,22" hai2="68,62,76,16,116,120,117,12,90,34,85,19,71" hai3="43,75,130,40,96,124,121,7,50,61,33,129,108"/><W53/><G75/><T21/><D78/><U94/><E35/><V83/><F34/><W65/><G33/><T37/><D37/><U11/><E135/><N who="0" m="51753" /><D8/><U109/><E109/><V122/><F76/><W98/><G7/><T125/><D67/><U84/><E22/><V58/><F71/><N who="3" m="42415" /><G121/><N who="2" m="46697" /><F68/><W32/><G32/><T97/><D59/><U9/><E72/><V77/><F77/><W100/><G108/><T38/><D38/><U3/><E3/><V6/><F6/><W41/><G100/><T128/><D112/><U1/><E1/><V95/><F83/><W5/><G5/><T4/><D4/><U126/><E82/><V81/><F81/><W52/><G124/><T31/><D125/><U105/><E126/><V60/><F60/><W110/><G110/><T54/><D47/><U26/><E80/><V91/><F91/><N who="0" m="34890" /><D97/><N who="3" m="37481" /><G50/><T115/><D115/><U70/><E48/><V114/><F114/><W102/><G102/><T28/><D21/><U44/><E70/><V27/><F116/><W51/><G51/><T29/><AGARI ba="0,0" hai="28,29,31,45,49,54,128,131" m="34890,51753" machi="29" ten="40,2700,0" yaku="20,1,54,1" doraHai="14" who="0" fromWho="0" sc="188,27,330,-7,262,-7,220,-13" owari="215,-18.5,323,42.3,255,5.5,207,-29.3" /></mjloggm>