<mjloggm ver="2.3"><GO type="225" lobby="0"/><UN n0="%E3%81%B5%E3%81%98%E3%81%8B%E3%81%A4" n1="%E9%B3%B3%E6%9D%B1%E3%81%AE%E3%81%BF%E3%81%91%E3%81%AB%E3%82%83%E3%82%93" n2="%33%74%72%65%65" n3="%E3%82%BC%E3%83%AB%E3%83%80%E3%81%AE%E4%BC%9D%E8%AA%AC" dan="17,17,16,17" rate="2217.95,2156.54,2168.58,2225.23" sx="M,F,F,M"/><TAIKYOKU oya="0"/><INIT seed="0,0,0,4,1,36" ten="250,250,250,250" oya="0" hai0="112,106,56,104,22,60,135,43,93,16,128,115,48" hai1="58,17,35,28,25,37,59,131,6,120,23,121,39" hai2="4,84,54,31,14,85,10,83,74,1,63,125,8" hai3="97,0,130,111,95,122,91,124,52,13,99,98,3"/><T86/><D135/><U32/><E131/><V15/><F125/><W20/><G124/><T81/><D128/><U82/><E6/><V133/><F133/><W55/><G130/><T62/><D93/><U70/><E70/><V126/><F126/><W114/><G114/><T18/><D18/><U90/><E39/><V7/><F1/><W71/><G71/><T64/><D60/><U38/><E38/><V21/><F74/><W116/><G116/><T46/><D115/><U49/><E37/><V89/><F84/><W77/><G111/><T118/><D118/><U123/><E49/><V12/><F12/><W110/><G110/><T69/><D69/><U117/><E117/><V87/><F87/><N who="3" m="52735" /><G0/><T132/><D132/><U75/><E90/><V79/><F79/><W102/><G3/><T65/><D65/><U66/><E66/><V80/><F80/><W76/><G102/><T129/><D129/><U9/><E9/><V68/><F68/><W72/><G72/><T100/><D100/><U33/><REACH who="1" step="1"/><E28/><REACH who="1" ten="250,240,250,250" step="2"/><V53/><F63/><W108/><G108/><T78/><REACH who="0" step="1"/><D112/><REACH who="0" ten="240,240,250,250" step="2"/><U127/><E127/><V50/><REACH who="2" step="1"/><F50/><REACH who="2" ten="240,240,240,250" step="2"/><W40/><G122/><T109/><D109/><U94/><E94/><V61/><F61/><W2/><G77/><AGARI ba="0,3" hai="17,23,25,32,33,35,58,59,75,77,82,120,121,123" machi="77" ten="50,3200,0" yaku="1,1,53,1" doraHai="36" doraHaiUra="105" who="1" fromWho="3" sc="240,0,240,62,240,0,250,-32" /><INIT seed="1,0,0,3,2,63" ten="240,302,240,218" oya="1" hai0="1,76,101,71,87,88,73,83,135,12,130,20,45" hai1="43,69,50,112,22,93,19,24,41,4,57,8,29" hai2="100,106,7,34,62,103,126,90,25,37,104,80,49" hai3="67,65,97,33,68,102,120,55,127,15,99,26,78"/><U64/><E112/><V31/><F37/><W32/><G120/><T105/><D1/><U79/><E69/><V6/><F126/><W91/><G78/><T121/><D121/><U27/><E79/><V5/><F49/><W122/><G122/><T85/><D135/><U36/><E36/><V28/><F28/><W47/><G127/><T61/><D130/><U3/><E93/><V111/><F111/><W115/><G115/><T59/><D71/><U75/><E75/><V14/><F14/><W133/><G133/><T60/><D45/><U129/><E129/><V66/><F80/><W95/><G15/><T89/><D85/><U117/><E117/><V17/><F17/><W9/><G9/><T10/><D20/><U54/><REACH who="1" step="1"/><E64/><REACH who="1" ten="240,292,240,218" step="2"/><V48/><F104/><W98/><G68/><T124/><D73/><U52/><E52/><V56/><F106/><W35/><G102/><T110/><D101/><U94/><E94/><V84/><F103/><W108/><G108/><T42/><D105/><U86/><E86/><V96/><F100/><W2/><G65/><N who="0" m="39071" /><D110/><U70/><E70/><V77/><F77/><W30/><G67/><T74/><D124/><U114/><E114/><V116/><F116/><W44/><G55/><T72/><D72/><U109/><E109/><V53/><F96/><W82/><G95/><N who="0" m="54687" /><D42/><U16/><E16/><V107/><F107/><W134/><G134/><T128/><D128/><U46/><E46/><N who="2" m="27799" /><F84/><N who="3" m="50583" /><G44/><T92/><D92/><U118/><E118/><V38/><F38/><W40/><G47/><T119/><D119/><U21/><AGARI ba="0,1" hai="3,4,8,19,21,22,24,27,29,41,43,50,54,57" machi="21" ten="20,3900,0" yaku="1,1,0,1,7,1,53,0" doraHai="63" doraHaiUra="123" who="1" fromWho="1" sc="240,-13,292,49,240,-13,218,-13" /><INIT seed="1,1,0,1,5,114" ten="227,341,227,205" oya="1" hai0="134,14,53,70,131,48,130,89,101,35,47,36,59" hai1="17,4,31,10,45,93,96,98,24,106,125,102,105" hai2="66,87,122,29,56,115,67,118,44,65,109,22,58" hai3="38,88,129,82,108,103,49,46,64,121,85,94,20"/><U92/><E125/><V68/><F122/><W133/><G121/><T69/><D35/><U95/><E45/><V32/><F32/><W39/><G108/><T124/><D101/><U51/><E51/><V26/><F118/><W21/><G133/><T97/><D89/><U81/><E81/><V60/><F109/><W1/><G1/><T80/><D80/><U132/><E17/><V52/><F115/><W18/><G129/><N who="0" m="49163" /><D97/><U83/><E83/><V116/><F116/><W6/><G6/><T100/><D14/><U74/><E74/><V50/><F68/><N who="0" m="26218" /><D100/><U71/><E71/><V25/><F87/><W77/><G64/><T62/><D134/><U110/><E110/><V55/><REACH who="2" step="1"/><F26/><REACH who="2" ten="227,341,217,205" step="2"/><W13/><G103/><T2/><D124/><U84/><E84/><V33/><F33/><W135/><G135/><T79/><D79/><U123/><E24/><V120/><F120/><W113/><G113/><T16/><D2/><U119/><E102/><V127/><F127/><W91/><G77/><T107/><D107/><U57/><E105/><V3/><F3/><W30/><G91/><T76/><D76/><U126/><E106/><V40/><F40/><W99/><G85/><T63/><D16/><U73/><E126/><V112/><F112/><W104/><G104/><T8/><D8/><U78/><E10/><V117/><F117/><W5/><G82/><T23/><D23/><U128/><E119/><V34/><F34/><W28/><G20/><T86/><D86/><U11/><E11/><V54/><F54/><N who="3" m="30007" /><G5/><T0/><D0/><U27/><E132/><V61/><AGARI ba="1,1" hai="22,25,29,44,50,52,55,56,58,60,61,65,66,67" machi="61" ten="20,12000,2" yaku="1,1,5,1,0,1,7,1,8,1,54,1,53,0" doraHai="114" doraHaiUra="72" who="2" fromWho="2" sc="227,-31,341,-61,217,133,205,-31" /><INIT seed="2,0,0,4,3,68" ten="196,280,350,174" oya="2" hai0="10,55,125,85,23,45,73,112,3,42,30,92,41" hai1="13,21,56,133,106,120,27,84,0,75,53,135,124" hai2="2,87,1,129,122,72,38,31,110,5,83,93,8" hai3="102,123,128,119,104,111,43,118,15,58,39,74,113"/><V20/><F122/><W90/><G123/><T12/><D112/><U88/><E75/><V86/><F2/><W63/><G74/><T29/><D73/><U79/><E79/><N who="2" m="44519" /><F93/><W101/><G113/><T17/><D125/><U116/><E0/><V89/><F89/><W67/><G111/><T44/><D3/><U40/><E106/><V19/><F31/><N who="0" m="11786" /><D55/><U24/><E116/><V130/><F110/><W121/><G128/><N who="2" m="49257" /><F38/><W62/><G121/><T14/><D45/><U82/><E40/><V105/><F105/><W47/><G90/><N who="0" m="53327" /><D44/><U6/><E124/><V65/><F65/><W91/><G91/><T127/><D127/><U126/><E126/><V64/><F64/><W80/><G104/><T60/><D60/><U97/><E120/><V9/><F9/><W54/><G118/><T109/><D109/><U100/><E100/><V96/><F96/><W107/><G119/><T32/><D32/><U81/><E97/><V99/><F99/><W134/><G107/><T36/><D36/><U117/><E117/><V71/><F71/><W76/><G101/><T95/><D95/><U51/><E82/><V78/><F78/><W94/><G94/><T46/><D46/><U33/><E33/><V114/><F114/><W131/><G102/><T115/><D115/><U26/><E21/><V16/><F20/><W57/><G131/><T66/><D66/><U59/><E59/><V22/><F22/><W7/><G80/><T52/><D52/><U25/><N who="1" m="6144" /><DORA hai="132" /><U49/><E49/><V69/><F69/><W11/><G76/><T108/><D108/><U48/><E48/><RYUUKYOKU ba="0,0" sc="196,0,280,0,350,0,174,0" hai0="10,12,14,17,23,41,42" hai1="6,13,51,53,56,81,84,88,133,135" hai2="1,5,8,16,19,86,87" hai3="7,11,15,39,43,47,54,57,58,62,63,67,134" /><INIT seed="2,1,0,1,3,103" ten="196,280,350,174" oya="2" hai0="31,43,96,81,66,92,109,77,71,134,47,60,55" hai1="58,116,33,19,25,86,106,101,38,118,70,100,28" hai2="79,121,80,48,87,14,20,83,15,49,104,53,22" hai3="5,89,37,113,84,26,131,112,46,114,56,85,30"/><V45/><F121/><W17/><G131/><T78/><D134/><U36/><E70/><V52/><F104/><W6/><G17/><T75/><D78/><U129/><E129/><V39/><F39/><W3/><G56/><T98/><D109/><U82/><E19/><V7/><F83/><N who="3" m="49311" /><G3/><T4/><D4/><U69/><E69/><V107/><F107/><W93/><G93/><T122/><D122/><U34/><E34/><V105/><F105/><W111/><G85/><T128/><D128/><U127/><E127/><V88/><F79/><W1/><G1/><T29/><D55/><U63/><E38/><V9/><F15/><W95/><G95/><T102/><REACH who="0" step="1"/><D98/><REACH who="0" ten="186,280,350,174" step="2"/><U97/><E116/><V40/><F53/><W16/><G111/><T32/><D32/><U72/><E118/><V23/><F52/><W64/><G64/><T51/><AGARI ba="1,1" hai="29,31,43,47,51,60,66,71,75,77,81,92,96,102" machi="51" ten="20,2700,0" yaku="1,1,0,1,7,1,53,0" doraHai="103" doraHaiUra="0" who="0" fromWho="0" sc="186,40,280,-8,350,-14,174,-8" /><INIT seed="3,0,0,0,0,39" ten="226,272,336,166" oya="3" hai0="44,106,47,81,0,60,66,93,19,95,9,105,34" hai1="74,79,107,62,23,53,54,114,6,77,30,13,8" hai2="134,21,133,72,22,112,90,87,65,135,80,7,52" hai3="97,75,51,25,38,3,32,84,14,5,48,61,27"/><W26/><G75/><T20/><D34/><U78/><E114/><V40/><F112/><W64/><G38/><T41/><D47/><U126/><E107/><V121/><F121/><W108/><G3/><T123/><D123/><U89/><E74/><V101/><F65/><W17/><G32/><T63/><D63/><U125/><E89/><V2/><F40/><W102/><G84/><T111/><D111/><U110/><E110/><V117/><F117/><W11/><G5/><T49/><D81/><U37/><E37/><V119/><F119/><W55/><G55/><T70/><D105/><U57/><E54/><V12/><F101/><W129/><G129/><T92/><D106/><U104/><E104/><V128/><F128/><W71/><REACH who="3" step="1"/><G108/><REACH who="3" ten="226,272,336,156" step="2"/><T50/><D0/><U91/><E53/><V122/><F2/><W94/><AGARI ba="0,1" hai="11,14,17,25,26,27,48,51,61,64,71,94,97,102" machi="94" ten="30,6000,0" yaku="1,1,2,1,0,1,53,0" doraHai="39" doraHaiUra="76" who="3" fromWho="3" sc="226,-20,272,-20,336,-20,156,70" /><INIT seed="3,1,0,4,4,45" ten="206,252,316,226" oya="3" hai0="14,86,87,16,25,1,39,30,43,116,105,63,78" hai1="12,83,6,132,68,8,88,50,61,47,89,26,122" hai2="67,23,35,91,40,114,124,109,41,28,42,73,129" hai3="90,10,118,135,93,37,100,96,18,95,119,101,84"/><W4/><G37/><T24/><D105/><U0/><E122/><V123/><F114/><W70/><G70/><T112/><D116/><U62/><E132/><V57/><F35/><W52/><G135/><T56/><D1/><U58/><E0/><V111/><F123/><W11/><G100/><T38/><D112/><U7/><E7/><V97/><F73/><W72/><G72/><T74/><D74/><U27/><E68/><V106/><F129/><W107/><G107/><T131/><D131/><U75/><E75/><V133/><F133/><W81/><G81/><N who="0" m="47415" /><D39/><U31/><E83/><V34/><F34/><W117/><G4/><T59/><D38/><U29/><E61/><N who="2" m="38319" /><F124/><W98/><G84/><T3/><D3/><U13/><E13/><V36/><F36/><W49/><REACH who="3" step="1"/><G18/><REACH who="3" ten="206,252,316,216" step="2"/><T99/><D87/><U103/><E103/><V85/><F106/><W48/><G48/><T60/><D99/><U32/><E50/><V51/><F51/><W65/><G65/><N who="0" m="39047" /><D30/><U71/><E71/><V46/><F97/><W69/><G69/><T79/><D79/><U9/><E31/><V15/><F28/><W130/><G130/><T76/><D76/><U55/><E29/><V54/><F85/><W17/><G17/><T120/><D120/><U53/><E32/><V127/><F127/><W121/><G121/><T110/><D110/><U44/><E6/><V126/><F126/><W21/><G21/><N who="0" m="11415" /><D43/><U113/><E55/><AGARI ba="1,1" hai="24,25,55,59,63" m="11415,39047,47415" machi="55" ten="30,2000,0" yaku="8,1,54,1" doraHai="45" who="0" fromWho="1" sc="206,33,252,-23,316,0,216,0" owari="239,3.9,229,-17.1,316,41.6,216,-28.4" /></mjloggm>