<mjloggm ver="2.3"><GO type="225" lobby="0"/><UN n0="%33%74%72%65%65" n1="%73%61%6E%64%69%72%69%73" n2="%E3%81%A1%E3%82%85%E3%81%86%E3%81%A9%E3%81%8F%E8%B1%A1%E3%81%95%E3%82%93" n3="%E3%81%95%E3%81%8D%E3%81%9F%E3%81%BE%E6%9E%97%E6%AA%8E" dan="17,16,17,16" rate="2180.84,2136.92,2156.23,2097.12" sx="F,M,M,M"/><TAIKYOKU oya="0"/><INIT seed="0,0,0,0,3,135" ten="250,250,250,250" oya="0" hai0="121,47,73,19,101,98,23,1,133,71,48,113,86" hai1="43,41,27,11,91,102,32,90,52,122,106,87,88" hai2="97,16,20,84,15,126,13,60,124,81,118,21,70" hai3="26,38,37,116,107,119,42,83,9,125,80,74,127"/><T66/><D113/><U50/><E122/><V67/><F118/><N who="3" m="45099" /><G26/><T29/><D121/><U46/><E106/><V33/><F33/><W92/><G107/><T58/><D73/><U10/><E102/><V2/><F2/><W77/><G92/><T111/><D133/><U120/><E120/><V128/><F97/><W22/><G22/><T99/><D71/><U5/><E11/><V56/><F70/><W31/><G31/><T63/><D1/><U93/><E27/><V76/><F128/><W54/><G54/><N who="0" m="29983" /><D111/><U115/><E115/><V3/><F3/><W34/><G34/><T7/><D7/><U36/><E32/><V131/><F131/><W18/><G18/><AGARI ba="0,0" hai="13,15,16,18,20,21,56,60,67,76,81,84,124,126" machi="18" ten="40,8000,1" yaku="9,1,52,2,54,1" doraHai="135" who="2" fromWho="3" sc="250,0,250,0,250,80,250,-80" /><INIT seed="1,0,0,5,4,133" ten="250,250,330,170" oya="1" hai0="70,71,50,30,105,58,79,31,74,5,23,11,120" hai1="7,111,34,67,18,115,76,12,17,24,116,108,87" hai2="2,22,64,28,16,25,118,66,106,77,63,39,81" hai3="69,83,88,42,107,48,125,134,33,49,96,36,0"/><U102/><E102/><V135/><F118/><W4/><G125/><T112/><D112/><U29/><E67/><V95/><F106/><W46/><G134/><T32/><D32/><U52/><E115/><V37/><F2/><W93/><G69/><T75/><D105/><U41/><E41/><V6/><F6/><W109/><G109/><N who="1" m="42058" /><E76/><V72/><F135/><W15/><G0/><T94/><D79/><U103/><E103/><V100/><F66/><W119/><G119/><T59/><D70/><U91/><E116/><V45/><F45/><W114/><G107/><T47/><D71/><U57/><E7/><V126/><F126/><W90/><G114/><T97/><D120/><U128/><E128/><V130/><F130/><W8/><REACH who="3" step="1"/><G33/><REACH who="3" ten="250,250,330,160" step="2"/><T9/><D75/><U44/><E44/><V55/><F37/><W82/><G82/><T132/><D74/><U62/><E12/><V68/><F39/><W27/><G27/><T113/><D47/><U117/><E117/><V73/><F81/><AGARI ba="0,1" hai="17,18,24,29,34,52,57,62,81,87,91" m="42058" machi="81" ten="30,5800,0" yaku="14,1,10,1,54,1" doraHai="133" who="1" fromWho="2" sc="250,0,250,68,330,-58,160,0" /><INIT seed="1,1,0,1,0,132" ten="250,318,272,160" oya="1" hai0="29,89,76,13,124,82,52,72,11,58,44,116,117" hai1="126,9,93,59,35,37,28,40,109,10,78,87,32" hai2="75,3,73,79,88,57,39,92,123,53,131,115,120" hai3="42,97,84,94,99,62,64,108,81,19,112,71,63"/><U65/><E37/><V60/><F39/><W107/><G108/><T125/><D29/><U43/><E109/><V98/><F3/><W23/><G112/><T14/><D44/><U105/><E105/><V66/><F115/><W69/><G107/><T17/><D89/><U51/><E28/><V25/><F131/><W61/><G42/><T46/><D46/><U114/><E114/><V54/><F25/><W20/><G20/><T103/><D103/><U36/><E36/><V41/><F41/><W15/><G71/><T2/><D2/><U130/><E130/><V90/><F90/><W5/><G5/><T12/><D17/><U101/><E35/><V24/><F24/><W68/><G68/><T135/><D11/><U111/><E111/><V77/><F77/><W106/><G106/><T8/><D8/><U70/><E70/><V34/><F34/><W113/><G113/><T47/><D47/><U18/><E18/><V7/><F7/><W129/><G129/><T102/><D102/><U55/><E32/><V4/><F4/><W1/><G1/><T50/><REACH who="0" step="1"/><D135/><REACH who="0" ten="240,318,272,160" step="2"/><U33/><E101/><V30/><F30/><W134/><G134/><T26/><D26/><U86/><E43/><V67/><F79/><N who="3" m="46143" /><G69/><T49/><D49/><U121/><E51/><V45/><F88/><N who="3" m="55495" /><G64/><T21/><D21/><U100/><E65/><V127/><F67/><W110/><G110/><T128/><D128/><U74/><E40/><V96/><F66/><W38/><G38/><T0/><D0/><U6/><E100/><V22/><F22/><W95/><G63/><T80/><D80/><RYUUKYOKU ba="1,1" sc="240,15,318,-15,272,-15,160,15" hai0="12,13,14,50,52,58,72,76,82,116,117,124,125" hai3="15,19,23,61,62,95,99" /><INIT seed="2,2,1,1,5,54" ten="255,303,257,175" oya="2" hai0="30,69,67,78,66,92,8,26,81,97,99,102,106" hai1="132,90,12,52,1,122,23,93,47,53,48,11,33" hai2="111,3,50,9,105,17,117,114,16,31,49,135,64" hai3="71,86,85,28,95,58,68,25,41,21,77,40,96"/><V4/><F114/><W57/><G71/><T19/><D69/><U91/><E33/><V37/><F117/><W74/><G74/><T124/><D124/><U18/><E132/><V60/><F37/><W120/><G68/><T89/><D8/><U112/><E112/><V44/><F135/><W75/><G75/><T123/><D19/><U62/><E122/><V103/><F111/><W13/><G120/><T2/><D2/><U61/><E1/><V36/><F31/><W100/><G13/><T119/><D119/><U128/><E128/><V110/><F110/><W115/><G115/><T94/><D106/><U65/><E65/><V0/><F0/><W129/><G129/><T24/><D123/><U84/><E53/><V131/><F131/><W70/><G70/><T29/><D29/><U134/><E134/><V83/><F83/><N who="3" m="47343" /><G86/><T42/><D42/><AGARI ba="2,1" hai="21,25,28,40,41,42,57,58,95,96,100" m="47343" machi="42" ten="30,3900,0" yaku="8,1,52,2" doraHai="54" who="3" fromWho="0" sc="255,-45,303,0,257,0,175,55" /><INIT seed="3,0,0,0,4,129" ten="210,303,257,230" oya="3" hai0="135,86,62,126,109,56,60,106,4,43,14,28,20" hai1="13,15,63,64,33,11,37,100,132,12,6,8,95" hai2="41,58,54,131,75,69,90,96,130,119,82,88,110" hai3="53,70,7,124,108,115,125,22,57,16,19,116,73"/><W77/><G115/><T3/><D109/><U49/><E37/><V81/><F119/><W80/><G116/><T120/><D120/><U35/><E132/><V38/><F69/><W127/><G70/><T72/><D72/><U24/><E24/><V68/><F68/><W59/><G7/><T44/><D126/><U104/><E104/><V36/><F110/><W91/><G108/><T66/><D106/><U40/><E100/><V92/><F90/><W123/><G123/><T10/><D135/><U61/><E95/><V93/><F93/><W48/><G91/><T102/><D102/><U99/><E99/><V9/><F9/><W65/><G22/><T71/><D86/><U17/><E15/><V83/><F75/><W105/><G105/><T107/><D107/><U32/><E64/><V45/><REACH who="2" step="1"/><F36/><REACH who="2" ten="210,303,247,230" step="2"/><W121/><G121/><T74/><D74/><U29/><E11/><V111/><F111/><W113/><G113/><T34/><D34/><U0/><E8/><V98/><F98/><W79/><G79/><T76/><D76/><U112/><E112/><V26/><F26/><W52/><G65/><T97/><D97/><U42/><E35/><V5/><F5/><W50/><AGARI ba="0,1" hai="16,19,48,50,52,53,57,59,73,77,80,124,125,127" machi="50" ten="30,12000,1" yaku="0,1,9,1,18,1,54,2" doraHai="129" who="3" fromWho="3" sc="210,-40,303,-40,247,-40,230,130" owari="170,-33.0,263,6.3,207,-19.3,360,46.0" /></mjloggm>