<mjloggm ver="2.3"><GO type="225" lobby="0"/><UN n0="%E9%81%85%E5%88%BB%E3%81%AE%E3%83%97%E3%83%AA%E3%83%B3%E3%82%B9%E2%99%AA" n1="%E8%A8%88%E7%AE%97%E6%A9%9F%E8%87%AA%E7%84%B6" n2="%E3%81%B2%E3%81%AA%E3%81%AE%E3%82%8A%E3%81%8F" n3="%E6%A1%9C%E8%8A%B1%E9%96%83%E3%80%85" dan="16,17,17,18" rate="2174.04,2229.83,2199.57,2234.80" sx="F,M,M,M"/><TAIKYOKU oya="0"/><INIT seed="0,0,0,3,2,7" ten="250,250,250,250" oya="0" hai0="89,52,37,83,18,112,82,49,51,46,107,68,56" hai1="123,15,92,117,19,22,35,38,44,4,53,84,100" hai2="74,40,75,80,111,59,54,66,86,34,36,39,42" hai3="88,50,102,9,130,109,76,105,97,17,28,16,55"/><T60/><D112/><U58/><E117/><V131/><F34/><W8/><G109/><T23/><D107/><U134/><E123/><V64/><F111/><W20/><G130/><T31/><D31/><U63/><E134/><V45/><F131/><W133/><G76/><T90/><D68/><U26/><E35/><V126/><F126/><W47/><G133/><T104/><D104/><U103/><E38/><V115/><F115/><W27/><REACH who="3" step="1"/><G88/><REACH who="3" ten="250,250,250,240" step="2"/><N who="0" m="33899" /><D37/><U61/><E84/><V12/><F75/><W43/><G43/><N who="0" m="24799" /><D51/><U70/><E100/><V5/><F74/><W1/><G1/><T41/><D41/><U32/><E103/><V120/><F42/><W113/><G113/><T96/><D96/><U78/><E78/><V73/><F73/><W72/><G72/><T116/><D116/><U14/><E92/><V25/><F39/><W67/><G67/><T110/><D110/><U3/><E3/><V85/><F85/><W118/><G118/><T33/><D33/><U79/><E79/><V132/><F132/><W122/><G122/><T125/><D125/><U29/><E32/><V108/><F108/><W6/><G6/><T101/><D101/><U48/><E4/><V95/><F120/><W93/><G93/><T71/><D71/><U106/><E106/><V11/><F95/><W30/><G30/><T2/><D2/><U0/><E0/><V69/><F69/><W10/><AGARI ba="0,1" hai="8,9,10,16,17,20,27,28,47,50,55,97,102,105" machi="10" ten="30,12000,2" yaku="1,1,0,1,52,3,54,1,53,0" doraHai="7" doraHaiUra="77" who="3" fromWho="3" sc="250,-60,250,-30,250,-30,240,130" /><INIT seed="1,0,0,2,3,58" ten="190,220,220,370" oya="1" hai0="91,81,50,18,109,22,31,95,87,52,45,77,26" hai1="74,80,4,119,19,23,53,114,96,69,21,57,14" hai2="106,121,92,40,132,115,0,42,104,13,61,85,38" hai3="98,10,44,9,63,122,25,86,89,34,51,65,30"/><U24/><E114/><V12/><F121/><W15/><G98/><T56/><D109/><U134/><E119/><V17/><F0/><W111/><G111/><T97/><REACH who="0" step="1"/><D45/><REACH who="0" ten="180,220,220,370" step="2"/><U117/><E117/><V75/><F115/><W41/><G122/><T8/><D8/><U27/><E134/><V49/><F132/><W2/><G2/><T3/><D3/><U68/><E96/><V105/><F105/><W28/><G10/><T1/><D1/><U67/><E4/><V11/><F11/><W116/><G116/><T123/><D123/><U54/><E67/><V120/><F106/><W88/><G9/><T43/><D43/><U48/><E53/><V84/><F42/><W129/><G44/><T133/><D133/><U130/><E130/><V5/><F104/><W128/><G65/><T118/><D118/><U70/><REACH who="1" step="1"/><E21/><REACH who="1" ten="180,210,220,370" step="2"/><V131/><F120/><W83/><G129/><T79/><D79/><AGARI ba="0,2" hai="14,19,23,24,27,48,54,57,68,69,70,74,79,80" machi="79" ten="40,12000,1" yaku="1,1,2,1,53,2" doraHai="58" doraHaiUra="20" who="1" fromWho="0" sc="180,-120,210,140,220,0,370,0" /><INIT seed="1,1,0,0,1,127" ten="60,350,220,370" oya="1" hai0="27,133,84,6,30,83,21,77,68,125,94,1,43" hai1="32,100,9,92,72,93,81,40,15,8,110,5,126" hai2="13,118,48,57,73,19,135,71,129,20,101,39,26" hai3="33,7,69,111,37,87,116,132,82,46,65,78,51"/><U63/><E32/><V28/><F39/><W25/><G37/><T128/><D68/><U22/><E126/><V112/><F73/><W24/><G111/><T96/><D125/><U62/><E110/><V103/><F118/><W60/><G116/><T97/><D133/><U61/><E40/><V121/><F121/><W38/><G38/><T130/><D43/><U34/><E34/><V107/><F71/><W42/><G132/><T89/><D1/><U74/><E22/><V134/><F112/><W64/><G64/><T14/><D6/><U17/><E100/><V16/><F19/><W58/><G33/><T2/><D2/><U23/><E8/><V36/><F36/><W86/><G69/><T79/><D14/><U10/><E9/><V11/><F103/><W67/><G67/><T29/><D79/><U122/><E122/><V12/><F12/><W114/><G114/><T98/><REACH who="0" step="1"/><D30/><REACH who="0" ten="50,350,220,370" step="2"/><U70/><E70/><V54/><F134/><W119/><G119/><T123/><D123/><U108/><E108/><V113/><F113/><W18/><G7/><T0/><D0/><U49/><E5/><V95/><F28/><W53/><G42/><T44/><D44/><U59/><E10/><V91/><F11/><W124/><G124/><T35/><D35/><U50/><E59/><V120/><F57/><W45/><G45/><T52/><D52/><U117/><E117/><V104/><F54/><W106/><G53/><T115/><D115/><U4/><E4/><V66/><F135/><W102/><G58/><T76/><D76/><N who="1" m="44167" /><E74/><AGARI ba="1,1" hai="21,27,29,74,77,83,84,89,94,96,97,98,128,130" machi="74" ten="40,5200,0" yaku="1,1,52,2,53,0" doraHai="127" doraHaiUra="41" who="0" fromWho="1" sc="50,65,350,-55,220,0,370,0" /><INIT seed="2,0,0,1,4,14" ten="115,295,220,370" oya="2" hai0="42,134,98,5,26,24,62,12,67,76,105,22,59" hai1="78,58,52,117,114,38,32,102,41,131,28,33,87" hai2="29,2,40,55,92,124,48,89,27,4,104,82,113" hai3="119,90,1,13,43,108,7,130,47,111,10,39,128"/><V125/><F104/><W50/><G119/><T97/><D134/><U91/><E117/><V77/><F40/><W53/><G90/><T9/><D105/><U64/><E114/><V101/><F101/><W37/><G1/><T66/><D76/><U129/><E64/><V3/><F4/><W122/><G122/><T61/><D42/><U84/><E102/><V74/><F113/><W36/><REACH who="3" step="1"/><G43/><REACH who="3" ten="115,295,220,360" step="2"/><T99/><REACH who="0" step="1"/><D22/><REACH who="0" ten="105,295,220,360" step="2"/><U65/><E41/><V34/><F124/><W19/><G19/><T120/><D120/><U110/><E78/><V63/><F125/><W16/><G16/><T135/><D135/><U57/><E32/><V35/><F34/><W49/><G49/><T30/><D30/><U81/><E28/><V83/><F48/><W118/><G118/><T109/><D109/><AGARI ba="0,2" hai="7,10,13,36,37,39,47,50,53,108,109,111,128,130" machi="109" ten="50,6400,0" yaku="1,1,14,1,53,1" doraHai="14" doraHaiUra="46" who="3" fromWho="0" sc="105,-64,295,0,220,0,360,84" /><INIT seed="3,0,0,2,3,105" ten="41,295,220,444" oya="3" hai0="81,27,95,60,36,68,99,129,80,79,77,121,115" hai1="20,88,34,25,46,124,2,126,10,21,122,72,73" hai2="63,130,65,9,69,91,61,78,50,85,71,110,66" hai3="104,67,1,82,54,42,4,0,128,131,70,89,114"/><W55/><G42/><T43/><D60/><U83/><E122/><V31/><F110/><W98/><G114/><T38/><D43/><U84/><E34/><V49/><F31/><W56/><G70/><T127/><D68/><U29/><E20/><V76/><F130/><W111/><G67/><T41/><D41/><U23/><E46/><V44/><F9/><W93/><G104/><T26/><D129/><N who="3" m="49737" /><G111/><T11/><D11/><U53/><E53/><N who="3" m="19978" /><G56/><T86/><D115/><U119/><E21/><V90/><F85/><N who="3" m="50359" /><G4/><T39/><D121/><U133/><E133/><V52/><F52/><W108/><G108/><T102/><D127/><N who="1" m="48683" /><E119/><V75/><REACH who="2" step="1"/><F44/><REACH who="2" ten="41,295,210,444" step="2"/><W33/><G33/><T47/><REACH who="0" step="1"/><D47/><REACH who="0" ten="31,295,210,444" step="2"/><U123/><E123/><V7/><F7/><AGARI ba="0,2" hai="2,7,10,23,25,29,72,73,83,84,88" m="48683" machi="7" ten="30,7700,0" yaku="18,1,52,2,54,1" doraHai="105" who="1" fromWho="2" sc="31,0,295,97,210,-77,444,0" owari="31,-46.9,392,19.2,133,-26.7,444,54.4" /></mjloggm>