<mjloggm ver="2.3"><GO type="225" lobby="0"/><UN n0="%E3%82%B7%E3%83%B3%E5%A4%AA%E6%9C%97" n1="%E3%82%82%E3%81%90%E3%82%89" n2="%E9%B3%B3%E6%9D%B1%E3%81%AE%E3%81%86%E3%81%95%E3%81%8E%E3%81%95%E3%82%93" n3="%6D%75%75%6D%75%72%61" dan="16,16,16,16" rate="2146.98,2192.95,2095.94,2124.16" sx="M,M,M,F"/><TAIKYOKU oya="0"/><INIT seed="0,0,0,5,2,22" ten="250,250,250,250" oya="0" hai0="88,56,52,40,0,87,127,69,84,120,100,45,119" hai1="39,33,86,60,24,44,5,135,58,10,19,78,79" hai2="91,4,98,95,107,38,31,101,71,30,27,21,48" hai3="63,131,34,20,51,108,116,8,75,72,43,124,81"/><T99/><D119/><U42/><E135/><V83/><F38/><W126/><G116/><T130/><D120/><U113/><E113/><V28/><F71/><W134/><G34/><T17/><D127/><U93/><E93/><V32/><F4/><W7/><G134/><T102/><D69/><U6/><E86/><V67/><F67/><W53/><G108/><T82/><D0/><U15/><E5/><V73/><F48/><W104/><G104/><T122/><D122/><U114/><E114/><V125/><F125/><W26/><G131/><T49/><D130/><U106/><E106/><V59/><F59/><W12/><G63/><T76/><D17/><U2/><E2/><V90/><F32/><W11/><G43/><T37/><REACH who="0" step="1"/><D99/><REACH who="0" ten="240,250,250,250" step="2"/><U74/><E6/><V23/><F98/><W117/><G117/><T132/><D132/><U50/><E74/><V118/><F73/><W66/><G75/><T1/><D1/><U14/><E19/><V25/><F118/><W55/><G124/><T41/><D41/><U128/><E42/><V47/><F31/><W13/><G126/><T29/><D29/><U9/><E128/><V18/><F18/><W77/><G7/><T61/><D61/><U35/><E60/><V133/><F133/><W94/><G72/><T97/><D97/><U54/><E39/><V65/><F28/><W85/><G51/><T89/><D89/><U62/><E62/><V64/><F90/><W111/><G77/><T46/><D46/><U105/><E44/><V115/><F30/><W109/><G109/><T103/><D103/><U36/><E36/><RYUUKYOKU ba="0,1" sc="240,30,250,-10,250,-10,250,-10" hai0="37,40,45,49,52,56,76,82,84,87,88,100,102" /><INIT seed="0,1,1,5,1,105" ten="270,240,240,240" oya="0" hai0="109,62,74,57,86,61,55,101,54,93,90,50,34" hai1="94,134,59,125,0,13,130,1,108,29,8,6,47" hai2="26,60,99,40,119,124,27,35,70,46,5,14,45" hai3="17,23,83,82,89,115,131,69,36,37,19,103,24"/><T75/><D34/><U56/><E108/><V135/><F135/><W104/><G115/><T22/><D109/><U96/><E134/><V48/><F124/><W7/><G69/><T53/><D101/><U117/><E117/><V66/><F119/><W9/><G131/><T2/><D2/><U111/><E111/><V65/><F35/><W52/><G17/><T11/><D11/><U126/><E130/><V80/><F66/><W114/><G114/><T87/><D87/><U73/><E29/><V16/><F5/><W132/><G132/><T64/><D50/><U31/><E31/><V77/><F46/><W91/><G91/><T106/><D106/><U10/><E47/><V112/><F99/><W110/><G110/><T43/><D43/><U12/><E73/><V84/><REACH who="2" step="1"/><F112/><REACH who="2" ten="270,240,230,240" step="2"/><W44/><G44/><T133/><D133/><U85/><E96/><V76/><F76/><W32/><G7/><T72/><REACH who="0" step="1"/><D22/><AGARI ba="1,2" hai="14,16,22,26,27,40,45,48,60,65,70,77,80,84" machi="22" ten="30,3900,0" yaku="1,1,7,1,54,1,53,0" doraHai="105" doraHaiUra="107" who="2" fromWho="0" sc="270,-42,240,0,230,62,240,0" /><INIT seed="1,0,0,4,5,10" ten="228,240,292,240" oya="1" hai0="132,46,6,23,134,126,85,21,109,14,20,30,73" hai1="51,1,7,19,96,58,41,26,71,135,9,43,49" hai2="31,3,25,94,106,68,11,118,52,47,28,48,27" hai3="29,120,81,42,98,107,83,123,130,108,15,62,59"/><U60/><E71/><V18/><F118/><W110/><G42/><N who="1" m="15882" /><E1/><V115/><F106/><W125/><G29/><T121/><D73/><U105/><E105/><V37/><F37/><W128/><G125/><T64/><D64/><N who="1" m="38935" /><E135/><N who="0" m="51753" /><D46/><U129/><E129/><N who="3" m="49770" /><G59/><T54/><D54/><U12/><E96/><V40/><F115/><W2/><G15/><T97/><D109/><N who="3" m="42089" /><G62/><T32/><D126/><U13/><E26/><V75/><F25/><W93/><G2/><T70/><D70/><U101/><E101/><V112/><F27/><W16/><G16/><N who="0" m="10263" /><D97/><U122/><E122/><N who="3" m="46634" /><G107/><T91/><D121/><U90/><E90/><AGARI ba="0,0" hai="81,83,90,93,98" m="46634,42089,49770" machi="90" ten="40,8000,1" yaku="19,1,14,1,34,2" doraHai="10" who="3" fromWho="1" sc="228,0,240,-80,292,0,240,80" /><INIT seed="2,0,0,0,3,41" ten="228,160,292,320" oya="2" hai0="107,59,86,60,55,115,110,100,69,9,93,35,53" hai1="111,30,43,54,24,131,102,20,34,67,8,61,75" hai2="130,27,108,50,10,79,120,96,32,117,112,36,104" hai3="13,133,17,45,81,22,2,73,21,128,72,70,51"/><V58/><F112/><W94/><G2/><T103/><D35/><U80/><E111/><V14/><F117/><W33/><G33/><T39/><D39/><U95/><E131/><V15/><F120/><W76/><G128/><T129/><D129/><U113/><E113/><V48/><F130/><W11/><G70/><T127/><D115/><U23/><E8/><V63/><F36/><W88/><G73/><T47/><D127/><U62/><E54/><V65/><F108/><W121/><G133/><T125/><D107/><U66/><E43/><V83/><F104/><W118/><G118/><T124/><D69/><U25/><E75/><V56/><F96/><W1/><G1/><T92/><D9/><U19/><E80/><V116/><F58/><W29/><G29/><T74/><D74/><U5/><E5/><V4/><F14/><W106/><G106/><T37/><D110/><U68/><E34/><V12/><F15/><W40/><G121/><T26/><D26/><U7/><E7/><V135/><F135/><W109/><G109/><T42/><D55/><U18/><E30/><V57/><F57/><W49/><G51/><T31/><D31/><U77/><E77/><V38/><F38/><W3/><G3/><T132/><D132/><U16/><E18/><V99/><F116/><W97/><AGARI ba="0,0" hai="11,13,17,21,22,40,45,49,72,76,81,88,94,97" machi="97" ten="20,5200,0" yaku="0,1,7,1,52,1,54,1" doraHai="41" who="3" fromWho="3" sc="228,-13,160,-13,292,-26,320,52" /><INIT seed="3,0,0,0,4,125" ten="215,147,266,372" oya="3" hai0="40,89,4,20,62,22,11,88,100,49,59,77,14" hai1="18,66,42,25,96,94,83,0,16,2,126,114,113" hai2="8,69,132,21,34,3,43,109,79,92,19,57,51" hai3="33,50,75,127,90,122,45,38,30,27,5,108,36"/><W26/><G122/><T124/><D124/><U133/><E126/><V101/><F69/><W86/><G75/><T116/><D116/><U58/><E133/><V97/><F34/><W91/><G108/><T52/><D100/><U63/><E42/><V121/><F109/><W29/><G5/><T9/><D77/><U35/><E35/><V13/><F132/><W47/><G91/><N who="0" m="34891" /><D11/><U87/><E0/><V17/><F121/><W78/><G47/><AGARI ba="0,0" hai="4,9,14,20,22,40,47,49,52,59,62" m="34891" machi="47" ten="30,3900,0" yaku="8,1,54,2" doraHai="125" who="0" fromWho="3" sc="215,39,147,0,266,0,372,-39" owari="254,-14.6,147,-35.3,266,6.6,333,43.3" /></mjloggm>