<mjloggm ver="2.3"><GO type="225" lobby="0"/><UN n0="%E3%83%97%E3%83%AC%E3%83%B4%E3%82%A1%E3%83%86%E3%82%A3" n1="%E6%9D%B1%E9%A2%A8%E3%81%AE%E3%81%8D%E3%82%83%E3%81%B7%E3%81%95%E3%82%93" n2="%E3%81%86%E3%81%9A%E3%82%89%E5%8D%B5%E3%83%95%E3%83%A9%E3%82%A4" n3="%E3%82%A2%E3%82%A4%E3%82%B9%E3%83%86%E3%82%A3%E3%83%BC%E3%81%82%E3%81%B9" dan="16,16,16,16" rate="2134.74,2109.09,2097.16,2134.30" sx="F,M,M,M"/><TAIKYOKU oya="0"/><INIT seed="0,0,0,5,4,21" ten="250,250,250,250" oya="0" hai0="12,101,78,83,54,121,111,93,53,15,6,24,130" hai1="52,77,134,94,43,114,38,102,60,100,110,69,57" hai2="132,123,64,10,67,26,42,59,25,16,118,115,37" hai3="73,39,91,104,1,82,58,68,34,44,89,106,23"/><T2/><D121/><U105/><E105/><V119/><F123/><W51/><G34/><T63/><D130/><U32/><E32/><V13/><F115/><W126/><G68/><T71/><D111/><U45/><E77/><V20/><F132/><W95/><G1/><T96/><D2/><U131/><E134/><V48/><F37/><W107/><G39/><T75/><D6/><U80/><E80/><V22/><F42/><W116/><G58/><T27/><D71/><U36/><E36/><V49/><F49/><W97/><G116/><N who="2" m="44585" /><F48/><W79/><G23/><N who="2" m="8745" /><F59/><W98/><G126/><T35/><D35/><U40/><E40/><V133/><F133/><W92/><G51/><T11/><D63/><U129/><E114/><V33/><F33/><W0/><G0/><T7/><REACH who="0" step="1"/><D12/><REACH who="0" ten="240,250,250,250" step="2"/><U125/><E69/><V72/><F72/><N who="3" m="43367" /><G44/><T85/><D85/><U29/><E110/><V99/><F99/><N who="3" m="57743" /><G73/><T124/><D124/><U30/><E125/><V41/><F41/><W127/><G127/><T109/><D109/><U135/><E135/><V87/><F87/><AGARI ba="0,1" hai="87,91,95,97,98,104,106,107" m="57743,43367" machi="87" ten="30,8000,1" yaku="35,5" doraHai="21" who="3" fromWho="2" sc="240,0,250,0,250,-80,250,90" /><INIT seed="1,0,0,5,2,73" ten="240,250,170,340" oya="1" hai0="82,132,96,78,63,31,89,28,15,35,62,67,74" hai1="111,12,99,97,110,4,41,102,29,48,114,45,124" hai2="84,81,3,44,129,13,103,72,61,106,104,88,119" hai3="95,38,11,91,49,130,121,85,34,47,37,90,117"/><U42/><E29/><V75/><F3/><W32/><G121/><T10/><D132/><U27/><E27/><V127/><F119/><W108/><G108/><N who="1" m="41514" /><E114/><V9/><F129/><W66/><G117/><T56/><D35/><U39/><E124/><V70/><F127/><W1/><G66/><T101/><D89/><U65/><E65/><V58/><F70/><W6/><G130/><T17/><REACH who="0" step="1"/><D62/><REACH who="0" ten="230,250,170,340" step="2"/><U93/><E99/><V21/><F61/><W64/><G34/><T131/><D131/><U5/><E39/><V76/><F88/><W86/><G32/><T69/><D69/><U26/><E26/><V120/><F120/><W125/><G125/><T8/><D8/><N who="1" m="4103" /><E5/><V30/><F30/><W25/><G25/><T59/><D59/><U92/><E41/><V109/><F58/><W128/><G128/><T115/><D115/><U7/><E7/><V50/><F109/><W60/><G60/><T51/><D51/><U55/><E42/><V87/><F50/><W16/><G49/><T113/><D113/><U112/><E112/><V19/><F9/><W118/><G118/><T22/><D22/><U46/><E46/><V100/><F44/><W23/><G47/><T53/><D53/><U33/><E33/><V54/><F54/><W79/><G64/><T77/><D77/><U133/><E133/><V71/><F71/><W122/><G79/><T80/><D80/><U43/><E43/><V116/><F116/><W135/><G135/><T94/><AGARI ba="0,1" hai="10,15,17,28,31,56,63,67,74,78,82,94,96,101" machi="94" ten="20,8000,1" yaku="1,1,0,1,7,1,52,1,53,1" doraHai="73" doraHaiUra="52" who="0" fromWho="0" sc="230,90,250,-40,170,-20,340,-20" /><INIT seed="2,0,0,3,5,110" ten="320,210,150,320" oya="2" hai0="57,27,31,54,106,93,53,34,26,12,119,132,135" hai1="124,32,121,103,79,61,67,0,123,104,109,92,62" hai2="10,40,113,5,63,47,48,83,97,16,128,89,70" hai3="50,17,4,19,99,58,59,116,105,88,115,71,81"/><V73/><F128/><W51/><G71/><T131/><D106/><U29/><E0/><V2/><F113/><W87/><G116/><T72/><D72/><U77/><E92/><V46/><F70/><W24/><G4/><T7/><D131/><U11/><E11/><V78/><F63/><W55/><G115/><T45/><D119/><U44/><E44/><V127/><F127/><W117/><G117/><T36/><D27/><N who="1" m="18495" /><E124/><V9/><F97/><W3/><G3/><T69/><D69/><N who="1" m="42223" /><E62/><V68/><F68/><W111/><G111/><T84/><D93/><U133/><E109/><V35/><F35/><W22/><G105/><T20/><D84/><U41/><E41/><V30/><F30/><N who="3" m="17687" /><G99/><T65/><D65/><U114/><E114/><V96/><F96/><W49/><G51/><T33/><D33/><U28/><E28/><V118/><F118/><W18/><G50/><N who="0" m="28879" /><D36/><U1/><E1/><V56/><F89/><W52/><G55/><T130/><D130/><U129/><E129/><V90/><F90/><W23/><G59/><T64/><D64/><U60/><E133/><N who="0" m="51273" /><D7/><U120/><E60/><V101/><F40/><W38/><G38/><T91/><D91/><U108/><E108/><V112/><F112/><W43/><G43/><T100/><D100/><U8/><E8/><V39/><F101/><W107/><G107/><T80/><D80/><U75/><E75/><V74/><F74/><W37/><G37/><T102/><D102/><U122/><N who="1" m="30720" /><DORA hai="42" /><U66/><E66/><V126/><F126/><W95/><G81/><T76/><D34/><U94/><E104/><RYUUKYOKU ba="0,0" sc="320,-15,210,15,150,-15,320,15" hai1="77,79,94,103" hai3="17,18,19,23,49,52,58,87,88,95" /><INIT seed="3,1,0,4,1,84" ten="305,225,135,335" oya="3" hai0="47,127,11,108,57,22,10,27,124,133,113,77,54" hai1="26,39,45,55,43,14,21,72,86,62,130,60,32" hai2="81,78,9,91,98,3,99,110,52,65,128,129,95" hai3="35,114,15,122,82,4,132,88,71,73,80,40,100"/><W2/><G122/><T120/><D120/><U25/><E72/><V119/><F119/><W28/><G114/><T34/><D34/><U102/><E130/><V106/><F65/><W74/><G2/><T56/><D113/><U12/><E102/><N who="2" m="62807" /><F52/><W97/><G71/><T83/><D108/><U89/><E32/><V121/><F9/><W16/><G4/><T49/><D133/><U48/><E39/><V94/><F3/><W66/><G66/><T92/><D92/><N who="1" m="54327" /><E26/><V93/><F110/><W105/><G40/><T51/><D127/><U112/><E112/><V75/><F121/><W116/><G82/><T1/><D124/><U50/><E62/><V5/><F5/><W8/><G132/><T42/><D1/><U117/><E117/><V30/><F30/><W59/><G59/><T126/><D57/><N who="1" m="32999" /><E60/><V44/><F44/><W19/><G19/><AGARI ba="1,0" hai="12,14,19,21,25,43,45,50" m="32999,54327" machi="19" ten="30,2000,0" yaku="8,1,52,1" doraHai="84" who="1" fromWho="3" sc="305,0,225,23,135,0,335,-23" owari="305,10.5,248,-15.2,135,-36.5,312,41.2" /></mjloggm>