<mjloggm ver="2.3"><GO type="225" lobby="0"/><UN n0="%E7%AD%89%E3%80%85%E5%8A%9B%E5%8A%87%E5%A0%B4" n1="%E9%B3%B3%E6%9D%B1%E3%81%AE%E3%81%86%E3%81%95%E3%81%8E%E3%81%95%E3%82%93" n2="%E9%80%9F%E6%B0%B4%E5%87%9B%E9%A6%99" n3="%E3%81%A1%E3%82%85%E3%81%86%E3%81%A9%E3%81%8F%E8%B1%A1%E3%81%95%E3%82%93" dan="16,16,16,17" rate="2054.22,2155.21,2161.95,2169.56" sx="M,M,F,M"/><TAIKYOKU oya="0"/><INIT seed="0,0,0,1,5,105" ten="250,250,250,250" oya="0" hai0="86,69,120,56,50,53,33,16,51,114,104,82,131" hai1="37,10,66,43,60,41,15,103,119,70,81,102,83" hai2="24,62,36,78,112,27,130,59,22,2,14,87,40" hai3="75,99,76,89,13,18,97,109,5,39,135,61,118"/><T46/><D114/><U20/><E119/><V68/><F2/><W17/><G118/><T21/><D120/><U117/><E117/><V79/><F112/><W96/><G39/><T107/><D33/><U84/><E83/><V71/><F130/><W108/><G135/><T8/><D69/><U52/><E20/><V63/><F36/><W92/><G61/><T42/><D131/><U90/><E41/><V93/><F40/><W124/><G124/><T30/><D30/><U34/><E34/><V44/><F44/><W106/><G5/><T0/><D8/><U88/><E90/><N who="2" m="53471" /><F63/><W111/><G106/><T74/><D0/><U29/><E29/><V80/><F68/><W116/><G116/><T123/><D123/><U98/><E98/><N who="3" m="37994" /><G13/><T1/><D1/><U3/><E3/><V121/><F121/><W129/><G129/><T72/><D107/><U26/><E26/><V6/><F80/><AGARI ba="0,0" hai="17,18,75,76,80,89,92,99,108,109,111" m="37994" machi="80" ten="40,2600,0" yaku="14,1,52,1" doraHai="105" who="3" fromWho="2" sc="250,0,250,0,250,-26,250,26" /><INIT seed="1,0,0,0,5,0" ten="250,250,224,276" oya="1" hai0="53,72,68,114,109,113,52,37,56,106,131,67,76" hai1="133,118,80,9,36,107,32,78,121,17,134,40,47" hai2="97,104,44,63,5,100,123,110,70,87,132,92,126" hai3="120,108,130,51,127,124,128,71,22,88,125,10,14"/><U50/><E118/><V90/><F123/><W54/><G120/><T3/><D106/><U42/><E121/><V103/><F110/><W79/><G71/><T1/><D37/><U122/><E122/><V33/><F33/><W77/><G108/><T69/><D109/><U38/><E107/><V84/><F132/><N who="1" m="50793" /><E32/><V82/><F126/><W112/><G22/><T86/><D72/><N who="1" m="43079" /><E40/><V64/><F44/><N who="3" m="28007" /><G88/><T96/><D76/><N who="3" m="29257" /><G112/><T15/><D114/><U116/><E116/><V83/><F104/><W115/><G115/><T55/><D113/><U16/><E9/><V75/><F75/><W95/><G95/><T57/><D69/><U12/><E12/><V89/><F103/><W81/><G81/><T119/><D15/><U46/><E46/><V65/><F65/><W73/><G73/><T18/><D67/><U43/><E43/><V117/><F117/><W26/><G26/><T74/><D68/><U98/><E98/><V58/><F70/><W20/><G20/><T135/><D96/><U101/><E101/><V6/><AGARI ba="0,0" hai="5,6,58,63,64,82,83,84,87,89,90,92,97,100" machi="6" ten="30,8000,1" yaku="0,1,9,1,8,1,52,2" doraHai="0" who="2" fromWho="2" sc="250,-20,250,-40,224,80,276,-20" /><INIT seed="2,0,0,5,0,57" ten="230,210,304,256" oya="2" hai0="132,124,66,32,52,8,22,17,106,79,1,27,15" hai1="78,101,62,75,117,4,69,72,42,74,76,18,37" hai2="46,11,45,59,56,84,118,20,99,90,89,39,26" hai3="108,100,71,68,35,51,107,121,23,81,29,60,111"/><V41/><F118/><W110/><G121/><T53/><D106/><U3/><E117/><V112/><F112/><W82/><G23/><T58/><D132/><U73/><E101/><V123/><F123/><W70/><G51/><T88/><D124/><U61/><E18/><V6/><F99/><N who="3" m="61855" /><G60/><N who="0" m="38167" /><D1/><U83/><E76/><V126/><F126/><W113/><G113/><T19/><D32/><U93/><E93/><V103/><F103/><W77/><G77/><T31/><D79/><U114/><E69/><V116/><F90/><W122/><G122/><T34/><D34/><U135/><E135/><V85/><F85/><W33/><G33/><T43/><D43/><U28/><E28/><V119/><F119/><W12/><G12/><T133/><D133/><U105/><E105/><V2/><F116/><W14/><G14/><T10/><D10/><N who="1" m="2335" /><E114/><V5/><F5/><W48/><G48/><T86/><D31/><U55/><E55/><V130/><F41/><W30/><G30/><T63/><D63/><N who="1" m="24075" /><E74/><V47/><F2/><W87/><G87/><T129/><D129/><U91/><E91/><V96/><F130/><W16/><G16/><T65/><D65/><U120/><E120/><V44/><F84/><W104/><G104/><T25/><D25/><AGARI ba="0,0" hai="25,29,35,68,70,71,81,82,108,110,111" m="61855" machi="25" ten="40,1300,0" yaku="14,1" doraHai="57" who="3" fromWho="0" sc="230,-13,210,0,304,0,256,13" /><INIT seed="3,0,0,0,2,37" ten="217,210,304,269" oya="3" hai0="114,83,106,17,130,57,40,111,128,58,123,116,56" hai1="76,16,97,94,71,36,67,23,20,89,25,6,78" hai2="118,44,100,29,61,2,93,19,70,30,72,64,3" hai3="127,4,87,65,110,43,34,122,68,121,7,119,50"/><W31/><G119/><T1/><D116/><U39/><E39/><V11/><F72/><W53/><G65/><T131/><D123/><U91/><E36/><V109/><F109/><W96/><G68/><T95/><D106/><U5/><E71/><V24/><F118/><W63/><G63/><T47/><D1/><U88/><E67/><V8/><F44/><W48/><G31/><T62/><D111/><U112/><E112/><V108/><F108/><W59/><G87/><T14/><D114/><U133/><E133/><V0/><F19/><W41/><G34/><T49/><D95/><U113/><E113/><V129/><F129/><W134/><G96/><T55/><D83/><U103/><E23/><AGARI ba="0,0" hai="14,17,23,40,47,49,55,56,57,58,62,128,130,131" machi="23" ten="40,2600,0" yaku="19,1,52,1" doraHai="37" who="0" fromWho="1" sc="217,26,210,-26,304,0,269,0" owari="243,-15.7,184,-31.6,304,40.4,269,6.9" /></mjloggm>