<mjloggm ver="2.3"><GO type="225" lobby="0"/><UN n0="%E5%A4%96%E5%B7%9D%E7%AB%9C%E6%88%90" n1="%E8%81%B7%E6%A5%AD%E3%80%81%E9%A2%A8%32" n2="%E6%A1%9C%E8%8A%B1%E9%96%83%E3%80%85" n3="%E3%82%B5%E3%83%AB%E3%82%B7%E3%83%B3" dan="16,16,17,16" rate="2149.28,2107.66,2181.21,2102.12" sx="M,M,M,F"/><TAIKYOKU oya="0"/><INIT seed="0,0,0,3,4,54" ten="250,250,250,250" oya="0" hai0="65,42,106,110,8,55,46,80,82,63,125,62,127" hai1="58,118,72,81,2,32,84,129,30,39,28,64,38" hai2="11,70,34,133,100,97,94,112,101,75,0,26,109" hai3="104,61,16,14,85,50,43,102,33,130,90,6,105"/><T96/><D110/><U91/><E2/><V49/><F112/><W134/><G33/><T56/><D8/><U107/><E118/><V83/><F109/><W76/><G130/><T51/><D106/><U10/><E107/><V23/><F70/><W79/><G6/><T111/><D111/><U93/><E10/><V88/><F34/><W21/><G134/><T44/><D96/><U124/><E124/><N who="0" m="47689" /><D82/><U18/><E129/><V17/><F133/><W7/><G7/><T135/><D80/><U115/><E115/><V77/><REACH who="2" step="1"/><F49/><REACH who="2" ten="250,250,240,250" step="2"/><W128/><G50/><N who="0" m="26903" /><D135/><U19/><E32/><V4/><AGARI ba="0,1" hai="0,4,11,17,23,26,75,77,83,88,94,97,100,101" machi="4" ten="30,4000,0" yaku="1,1,0,1,54,1,53,0" doraHai="54" doraHaiUra="24" who="2" fromWho="2" sc="250,-20,250,-10,240,50,250,-10" /><INIT seed="1,0,0,2,1,43" ten="230,240,290,240" oya="1" hai0="69,106,76,114,28,1,113,93,83,88,27,23,133" hai1="42,56,62,121,130,61,109,51,55,79,33,85,36" hai2="50,129,37,65,59,48,45,14,12,127,82,126,115" hai3="47,54,2,89,63,70,52,34,78,110,134,91,97"/><U125/><E121/><V112/><F82/><W13/><G2/><T26/><D106/><U64/><E33/><V71/><F71/><W111/><G34/><T5/><D69/><U40/><E125/><N who="2" m="47627" /><F129/><W102/><G78/><T105/><D105/><U96/><E130/><V31/><F31/><W6/><G134/><T104/><D104/><U16/><E109/><N who="3" m="41482" /><G70/><T46/><D133/><U86/><E36/><V84/><F84/><N who="1" m="32361" /><E79/><V107/><F107/><N who="3" m="63951" /><G63/><N who="1" m="24074" /><E64/><V98/><F98/><W72/><G54/><T131/><D131/><U9/><E96/><V57/><F65/><W19/><G6/><T92/><D1/><U87/><E87/><V24/><F24/><W58/><G58/><N who="2" m="22025" /><F12/><AGARI ba="0,0" hai="9,12,16,40,42,51,55,56" m="24074,32361" machi="12" ten="30,2900,0" yaku="8,1,54,1" doraHai="43" who="1" fromWho="2" sc="230,0,240,29,290,-29,240,0" /><INIT seed="1,1,0,5,0,59" ten="230,269,261,240" oya="1" hai0="105,70,57,84,125,18,52,46,27,20,35,48,54" hai1="110,49,1,120,69,64,38,34,62,29,106,4,104" hai2="79,45,101,82,37,80,39,21,122,8,71,6,15" hai3="134,102,100,60,7,47,128,53,114,23,9,130,124"/><U97/><E120/><V22/><F122/><W123/><G114/><T24/><D125/><U113/><E113/><V56/><F71/><W86/><G124/><T55/><D70/><U41/><E49/><V132/><F132/><W36/><G123/><T51/><D105/><U119/><E119/><V93/><F39/><W121/><G121/><T111/><D111/><U28/><E28/><V109/><F109/><W65/><G134/><T19/><D35/><U112/><E112/><V31/><F82/><W25/><G86/><T90/><D55/><U2/><E110/><V50/><F56/><W33/><G33/><T3/><D3/><U115/><E115/><V68/><F68/><W96/><G53/><T77/><D77/><U72/><E72/><V44/><F37/><W67/><G47/><T95/><REACH who="0" step="1"/><D18/><REACH who="0" ten="220,269,261,240" step="2"/><U16/><E16/><V91/><F79/><W75/><G67/><T99/><D99/><U108/><E108/><V58/><F31/><N who="3" m="17855" /><G96/><T103/><D103/><N who="1" m="62575" /><E106/><V92/><F101/><W32/><G32/><T11/><D11/><U73/><E29/><V13/><F8/><W76/><G102/><T107/><D107/><U42/><E34/><V81/><F22/><W98/><G98/><T118/><D118/><U94/><E1/><V0/><F21/><W127/><G100/><T63/><D63/><U88/><E2/><V85/><F0/><N who="3" m="231" /><G127/><T129/><D129/><U83/><E69/><V126/><F126/><W74/><G76/><T14/><AGARI ba="1,1" hai="14,19,20,24,27,46,48,51,52,54,57,84,90,95" machi="14" ten="20,16000,3" yaku="1,1,0,1,7,1,25,2,8,1,54,1,53,1" doraHai="59" doraHaiUra="89" who="0" fromWho="0" sc="220,173,269,-81,261,-41,240,-41" /><INIT seed="2,0,0,4,4,52" ten="393,188,220,199" oya="2" hai0="79,117,1,76,15,14,68,16,63,114,55,13,27" hai1="74,40,102,64,20,53,106,126,34,85,37,115,57" hai2="83,7,121,122,103,107,82,17,99,26,32,80,69" hai3="41,66,36,108,124,92,90,29,61,25,65,44,88"/><V123/><F7/><W59/><G108/><T95/><D1/><U42/><E34/><V130/><F130/><W94/><G124/><T84/><D114/><U112/><E74/><V131/><F131/><W9/><G9/><T78/><D117/><U134/><E126/><V22/><F32/><W35/><REACH who="3" step="1"/><G66/><REACH who="3" ten="393,188,220,189" step="2"/><T120/><D120/><U91/><E64/><V45/><F69/><W133/><G133/><T2/><D2/><U77/><E134/><V129/><F129/><W31/><G31/><T127/><D127/><U93/><E115/><V81/><N who="2" m="20480" /><DORA hai="96" /><V30/><REACH who="2" step="1"/><F45/><REACH who="2" ten="393,188,210,189" step="2"/><W46/><G46/><T39/><D78/><U12/><E77/><V8/><F8/><W73/><G73/><T135/><D76/><U109/><E112/><V119/><F119/><W23/><G23/><T47/><D79/><U118/><E118/><V50/><F50/><W5/><G5/><T100/><D47/><U97/><E20/><V111/><F111/><W54/><G54/><T67/><D55/><U24/><E109/><V60/><F60/><W70/><G70/><T3/><D63/><U51/><E51/><V4/><F4/><W98/><G98/><T28/><D68/><U125/><E125/><V48/><F48/><W104/><G104/><T110/><D110/><U86/><E106/><V71/><F71/><W43/><G43/><T38/><D135/><U72/><E42/><V62/><F62/><W132/><G132/><T6/><D6/><U101/><E40/><V75/><F75/><W56/><G56/><T49/><D49/><U11/><E72/><V87/><F87/><RYUUKYOKU ba="0,2" sc="393,-15,188,-15,210,15,189,15" hai2="17,22,26,30,99,103,107,121,122,123" hai3="25,29,35,36,41,44,59,61,65,88,90,92,94" /><INIT seed="2,1,2,1,4,104" ten="378,173,225,204" oya="2" hai0="24,7,74,9,70,5,96,131,101,120,116,17,56" hai1="49,34,63,57,51,85,53,55,119,35,110,80,105" hai2="94,31,135,10,14,30,46,87,108,3,21,1,16" hai3="42,93,124,71,117,37,65,72,66,73,2,38,126"/><V115/><F115/><W19/><G2/><N who="2" m="521" /><F46/><W78/><G78/><T83/><D70/><U77/><E105/><V113/><F94/><W81/><G81/><T90/><D17/><U54/><E119/><V60/><F60/><W45/><G117/><T100/><D9/><U48/><REACH who="1" step="1"/><E110/><REACH who="1" ten="378,163,225,204" step="2"/><V102/><F113/><W23/><G124/><T59/><D116/><U22/><E22/><V62/><F108/><W79/><G126/><T95/><D120/><U0/><E0/><V27/><F135/><W130/><G23/><T118/><D118/><U76/><E76/><V15/><F102/><W88/><G79/><T40/><D101/><U98/><E98/><V28/><F87/><W75/><G75/><T32/><D96/><U103/><E103/><V69/><F69/><W41/><G73/><T18/><D100/><U13/><E13/><N who="2" m="7223" /><F62/><W134/><G72/><T26/><D74/><U20/><E20/><V67/><F67/><AGARI ba="1,3" hai="34,35,48,49,51,53,54,55,57,63,67,77,80,85" machi="67" ten="40,8000,1" yaku="1,1,53,3" doraHai="104" doraHaiUra="44" who="1" fromWho="2" sc="378,0,163,113,225,-83,204,0" /><INIT seed="3,0,0,2,4,45" ten="378,276,142,204" oya="3" hai0="96,42,124,83,95,113,131,4,0,77,1,107,58" hai1="50,104,115,34,126,2,103,89,106,22,118,21,65" hai2="134,105,61,82,62,85,12,31,98,101,8,54,123" hai3="39,32,68,56,91,11,33,78,40,94,72,52,132"/><W74/><G68/><T53/><D107/><U99/><E34/><V133/><F31/><W38/><G132/><T112/><D124/><U43/><E126/><V71/><F123/><W18/><G33/><T27/><D42/><U60/><E2/><V28/><F61/><W109/><G32/><T29/><D4/><U49/><E115/><N who="0" m="44105" /><D58/><U128/><E128/><V17/><F28/><W81/><G74/><N who="0" m="43447" /><D53/><U41/><E118/><V121/><F121/><W10/><G109/><T55/><D55/><U79/><E79/><V35/><F71/><W3/><G11/><T44/><D44/><U92/><E106/><V86/><F35/><W130/><G130/><T26/><D29/><U129/><E129/><V119/><F119/><W117/><G40/><T14/><D14/><U100/><E43/><V110/><F110/><W7/><G18/><T70/><D70/><U111/><E41/><V24/><F24/><N who="0" m="9258" /><D131/><U66/><E111/><V108/><F108/><W57/><G57/><T47/><D47/><U97/><E103/><AGARI ba="0,0" hai="0,1,95,96,103" m="9258,43447,44105" machi="103" ten="30,1000,0" yaku="11,1" doraHai="45" who="0" fromWho="1" sc="378,10,276,-10,142,0,204,0" owari="388,48.8,266,6.6,142,-35.8,204,-19.6" /></mjloggm>