<mjloggm ver="2.3"><GO type="225" lobby="0"/><UN n0="%E3%81%99%E3%81%84%E3%81%BE%E3%81%9B%E3%83%BC%E3%82%93" n1="%E9%80%86%E9%80%A3%E5%B8%AF%E3%81%AE%E9%AC%BC" n2="%E5%8F%AF%E5%85%90%E9%82%A3%E7%94%B1%E5%A4%9A" n3="%E8%AB%B8%E8%91%9B%E4%BA%AE" dan="17,16,17,16" rate="2261.26,2096.29,2201.35,2127.26" sx="M,M,F,M"/><TAIKYOKU oya="0"/><INIT seed="0,0,0,5,0,41" ten="250,250,250,250" oya="0" hai0="101,103,122,16,5,80,89,64,44,47,46,10,45" hai1="109,66,59,51,35,28,87,50,20,88,14,127,106" hai2="13,96,48,54,119,52,114,2,93,105,30,22,21" hai3="1,112,49,15,25,124,132,33,79,78,39,4,12"/><T29/><D122/><U102/><E127/><V6/><F114/><W23/><G39/><T135/><D135/><U70/><E109/><V55/><F105/><W113/><G49/><T17/><D29/><U100/><E35/><V130/><F2/><W117/><G117/><T42/><D64/><U134/><E134/><V56/><F130/><W34/><G79/><T58/><D58/><U57/><E70/><V69/><F69/><W82/><G82/><T83/><D5/><U3/><E3/><V128/><F128/><W19/><G78/><T24/><D24/><U91/><E106/><V84/><F84/><W53/><G53/><N who="2" m="20585" /><F119/><W81/><G81/><N who="0" m="31307" /><D89/><U11/><E66/><V125/><F125/><W0/><G132/><T62/><D62/><U85/><E28/><V131/><F30/><N who="3" m="19663" /><G124/><T129/><D129/><U92/><E20/><V32/><F32/><W8/><G34/><T90/><D90/><U116/><E116/><V43/><F131/><W68/><G68/><T98/><D98/><U67/><E67/><V26/><F26/><W31/><G31/><T123/><D123/><U86/><E86/><V36/><F96/><W95/><G95/><T75/><D75/><U126/><E126/><V72/><F93/><W37/><G37/><T73/><D73/><U111/><E92/><V18/><F72/><W74/><G74/><T107/><D107/><U71/><E71/><V97/><F97/><W118/><G118/><T121/><D121/><U77/><E77/><V120/><F120/><W133/><G133/><T27/><D42/><U76/><E76/><V38/><F43/><RYUUKYOKU ba="0,0" sc="250,-10,250,-10,250,-10,250,30" hai3="0,1,4,8,12,15,19,23,112,113" /><INIT seed="1,1,0,4,2,25" ten="240,240,240,280" oya="1" hai0="75,135,134,28,115,109,8,70,0,60,127,77,125" hai1="105,62,46,112,89,76,95,88,45,93,104,19,5" hai2="42,85,110,9,118,117,86,2,6,72,63,107,35" hai3="23,59,61,124,57,21,98,91,51,26,33,80,34"/><U36/><E112/><V103/><F72/><W81/><G124/><N who="0" m="47691" /><D115/><U106/><E76/><V96/><F110/><W129/><G129/><T43/><D43/><U54/><E5/><V50/><F35/><W120/><G120/><T20/><D109/><U16/><E36/><V52/><F42/><W18/><G21/><T39/><D39/><U111/><E111/><V102/><F102/><W133/><G133/><N who="0" m="50699" /><D60/><U27/><E62/><V128/><F63/><W65/><G34/><T119/><D70/><U30/><E95/><V15/><F128/><W56/><G33/><T99/><D99/><U4/><E4/><V121/><F121/><W41/><G98/><T3/><D8/><U11/><E11/><V67/><F67/><W123/><G123/><T22/><D119/><U101/><E101/><V1/><F117/><W48/><G41/><T74/><D22/><U114/><E114/><V83/><F118/><W108/><G108/><T31/><D20/><U17/><E54/><V132/><F132/><W38/><G38/><T53/><D53/><U29/><E27/><V84/><REACH who="2" step="1"/><F83/><REACH who="2" ten="240,240,230,280" step="2"/><W94/><G81/><N who="0" m="45239" /><D75/><U131/><E131/><V7/><F7/><W130/><G130/><T97/><D97/><U14/><E93/><V92/><F92/><W10/><G80/><T44/><D44/><AGARI ba="1,1" hai="1,2,6,9,15,44,50,52,84,85,86,96,103,107" machi="44" ten="40,2600,0" yaku="1,1,54,1,53,0" doraHai="25" doraHaiUra="73" who="2" fromWho="0" sc="240,-29,240,0,230,39,280,0" /><INIT seed="2,0,0,2,4,56" ten="211,240,269,280" oya="2" hai0="134,30,67,104,125,8,53,106,39,88,49,58,94" hai1="45,120,90,122,40,70,121,66,107,20,135,119,128" hai2="105,89,95,7,101,100,92,114,123,50,118,99,11" hai3="97,57,23,51,43,112,64,46,10,116,28,13,78"/><V75/><F114/><W19/><G116/><T85/><D39/><U59/><E119/><V72/><F118/><W1/><G78/><T83/><D125/><U68/><E107/><V42/><F123/><W91/><G1/><T74/><D134/><U81/><E135/><V73/><F105/><W18/><G28/><T21/><D67/><U55/><E128/><V37/><F50/><W96/><G91/><T63/><D49/><U22/><E81/><V129/><F129/><W133/><G112/><T9/><D106/><U93/><E66/><V29/><F29/><W15/><G133/><T31/><D104/><U5/><E5/><V131/><F131/><W132/><G132/><T0/><D0/><U27/><E45/><V25/><F25/><W3/><G3/><T124/><D124/><U71/><E40/><V17/><F17/><W86/><G86/><N who="0" m="52503" /><D74/><U36/><E36/><V24/><F24/><W61/><AGARI ba="0,0" hai="10,13,15,18,19,23,43,46,51,57,61,64,96,97" machi="61" ten="30,4000,0" yaku="0,1,8,1,52,1" doraHai="56" who="3" fromWho="3" sc="211,-10,240,-10,269,-20,280,40" /><INIT seed="3,0,0,3,2,62" ten="201,230,249,320" oya="3" hai0="41,101,3,1,22,46,12,87,67,51,15,92,126" hai1="17,39,98,40,79,44,119,11,121,16,85,59,128" hai2="76,45,78,83,115,81,43,89,116,36,35,86,120" hai3="72,48,102,54,90,75,23,21,38,6,71,68,74"/><W108/><G38/><T133/><D133/><U80/><E128/><V73/><F115/><W113/><G102/><T124/><D1/><U56/><E121/><V27/><F116/><W53/><G6/><T127/><D3/><U63/><E119/><V20/><F35/><W24/><G90/><N who="0" m="53343" /><D101/><U112/><E112/><V111/><F111/><W91/><G91/><T18/><D12/><U99/><E59/><V33/><F33/><W122/><G108/><T29/><D29/><U131/><E131/><V30/><F120/><W88/><G88/><T96/><D96/><U64/><REACH who="1" step="1"/><E11/><REACH who="1" ten="201,220,249,320" step="2"/><V8/><F8/><W0/><G113/><T34/><D34/><U70/><E70/><V93/><F78/><W110/><G122/><T7/><D7/><U114/><E114/><V9/><F9/><W97/><G71/><T65/><AGARI ba="0,1" hai="15,18,22,41,46,51,65,67,124,126,127" m="53343" machi="65" ten="40,5200,0" yaku="18,1,52,2" doraHai="62" who="0" fromWho="0" sc="201,62,220,-13,249,-13,320,-26" /><INIT seed="4,0,0,4,2,132" ten="263,207,236,294" oya="0" hai0="61,26,33,113,39,70,37,115,59,71,108,22,28" hai1="118,114,126,98,81,55,73,125,66,105,116,63,0" hai2="110,99,7,67,84,131,101,21,104,48,13,79,30" hai3="80,4,130,6,74,23,129,27,29,9,25,31,10"/><T82/><D108/><U90/><E0/><V124/><F110/><W106/><G106/><T135/><D135/><U38/><E38/><V62/><F131/><N who="3" m="50187" /><G80/><T11/><D33/><U34/><E34/><V19/><F7/><N who="3" m="2603" /><G74/><T16/><D82/><U36/><E36/><V43/><F30/><W68/><G68/><T8/><D39/><U69/><E114/><N who="0" m="43529" /><D37/><U56/><E105/><V53/><F43/><W75/><G75/><T49/><D49/><U41/><E41/><V35/><F35/><AGARI ba="0,0" hai="9,10,23,25,27,29,31,35" m="2603,50187" machi="35" ten="30,3900,0" yaku="19,1,34,2" doraHai="132" who="3" fromWho="2" sc="263,0,207,0,236,-39,294,39" owari="263,6.3,207,-19.3,197,-30.3,333,43.3" /></mjloggm>