<mjloggm ver="2.3"><GO type="225" lobby="0"/><UN n0="%E3%83%97%E3%83%92" n1="%E3%81%82%E3%81%B9%E3%81%99%E3%81%91" n2="%4C%4F%4C%49%54%41" n3="%47%68%6F%73%74%55%30" dan="17,16,16,17" rate="2196.29,2084.59,2159.63,2173.90" sx="M,M,F,M"/><TAIKYOKU oya="0"/><INIT seed="0,0,0,1,4,42" ten="250,250,250,250" oya="0" hai0="12,99,103,77,108,74,23,131,53,33,116,101,123" hai1="85,133,76,120,94,46,58,34,52,117,106,43,91" hai2="80,30,48,20,25,66,16,115,110,39,41,83,5" hai3="107,11,44,50,13,60,22,79,129,67,36,59,27"/><T128/><D116/><U98/><E117/><V97/><F115/><W17/><G129/><N who="0" m="49739" /><D123/><U89/><E120/><V57/><F39/><W125/><G125/><T26/><D33/><U21/><E34/><V19/><F110/><W55/><G107/><N who="0" m="63935" /><D103/><U51/><E133/><V70/><F70/><W7/><G36/><T93/><D93/><U71/><E71/><V132/><F132/><W121/><G121/><T18/><D108/><U35/><E35/><V4/><F97/><W135/><G135/><T88/><D53/><U15/><E106/><V78/><F66/><W124/><G124/><T95/><D77/><AGARI ba="0,0" hai="7,11,13,17,22,27,44,50,55,59,60,67,77,79" machi="77" ten="40,2600,0" yaku="8,1,52,1" doraHai="42" who="3" fromWho="0" sc="250,-26,250,0,250,0,250,26" /><INIT seed="1,0,0,2,5,27" ten="224,250,250,276" oya="1" hai0="54,28,123,4,68,75,29,19,60,71,127,21,26" hai1="5,55,104,51,45,115,25,3,83,64,96,112,94" hai2="113,13,87,134,59,126,121,10,18,24,47,12,78" hai3="63,106,122,52,57,34,92,97,91,79,81,86,69"/><U14/><E104/><V44/><F121/><W73/><G122/><T85/><D123/><U76/><E3/><V107/><F107/><W99/><G34/><T31/><D75/><U132/><E132/><V50/><F126/><W80/><G69/><T100/><D127/><U61/><E25/><V53/><F134/><W89/><REACH who="3" step="1"/><G106/><REACH who="3" ten="224,250,250,266" step="2"/><T90/><D100/><U0/><E115/><V72/><F113/><W40/><G40/><T98/><D98/><AGARI ba="0,1" hai="52,57,63,73,79,80,81,86,89,91,92,97,98,99" machi="98" ten="30,12000,2" yaku="1,1,7,1,54,1,53,3" doraHai="27" doraHaiUra="93" who="3" fromWho="0" sc="224,-120,250,0,250,0,266,130" /><INIT seed="2,0,0,0,4,41" ten="104,250,250,396" oya="2" hai0="89,45,47,60,38,0,107,129,44,131,10,95,8" hai1="127,82,104,99,57,81,32,26,86,91,110,77,18" hai2="62,13,72,96,42,3,14,111,74,7,109,66,97" hai3="15,85,23,126,51,125,113,117,70,130,92,120,73"/><V101/><F3/><W94/><G73/><T83/><D107/><U103/><E32/><V115/><F115/><W114/><G70/><T76/><D38/><U43/><E43/><V88/><F42/><W4/><G117/><T16/><D60/><U106/><E57/><V78/><F97/><W67/><G67/><T24/><D0/><U19/><E26/><V64/><F64/><W119/><G119/><T58/><D58/><U102/><E110/><N who="2" m="41995" /><F78/><W105/><G105/><N who="1" m="40554" /><E19/><V2/><F101/><N who="1" m="38409" /><E18/><V50/><F50/><W75/><G51/><T122/><D122/><U28/><E28/><V56/><F2/><W59/><G120/><T5/><D5/><U54/><E54/><V20/><F20/><W9/><G23/><N who="0" m="13415" /><D83/><N who="1" m="47471" /><E127/><V34/><F34/><W36/><G125/><T134/><D76/><U118/><E118/><V69/><F69/><W52/><G126/><T98/><D134/><U55/><E55/><V108/><N who="2" m="42003" /><V49/><DORA hai="79" /><F49/><W46/><G52/><T40/><D40/><U61/><E61/><V65/><F66/><W6/><G36/><T68/><D68/><U22/><E22/><V135/><F135/><W116/><G116/><T90/><D90/><U11/><E11/><N who="2" m="4351" /><F14/><W48/><G48/><T123/><D123/><U39/><E39/><V1/><F1/><W63/><G15/><T100/><D89/><U25/><E25/><V27/><F27/><W84/><G113/><T31/><D31/><U30/><E30/><V132/><F132/><W29/><G114/><T53/><D53/><U35/><E35/><V12/><F12/><W87/><G29/><RYUUKYOKU ba="0,0" sc="104,10,250,10,250,10,396,-30" hai0="8,10,44,45,47,95,98,100,129,131" hai1="81,82,91,99" hai2="56,62,65,72,74,88,96" /><INIT seed="2,1,0,0,0,53" ten="114,260,260,366" oya="2" hai0="75,74,71,32,49,105,135,9,6,43,85,132,106" hai1="35,134,73,116,111,131,127,33,107,44,20,95,61" hai2="96,100,46,58,66,91,31,80,64,65,99,126,114" hai3="24,41,130,128,98,51,113,84,2,38,0,60,97"/><V62/><F114/><W40/><G113/><T45/><D32/><U15/><E61/><V122/><F122/><W11/><G38/><T8/><D71/><U52/><E20/><V57/><F126/><W110/><G110/><T88/><D106/><U50/><E73/><V86/><F31/><W4/><G84/><T3/><D105/><U118/><E107/><V1/><F1/><W54/><G2/><T12/><D132/><U115/><E115/><V117/><F117/><W5/><G4/><T101/><D101/><U78/><E78/><V94/><F46/><W34/><G60/><T129/><D129/><N who="3" m="49769" /><G40/><T39/><D39/><U23/><E127/><V83/><F83/><W108/><G41/><T14/><D135/><U16/><E134/><V28/><F28/><N who="3" m="19719" /><G108/><T121/><D121/><U112/><E111/><V124/><F124/><W92/><G92/><T81/><REACH who="0" step="1"/><D3/><REACH who="0" ten="104,260,260,366" step="2"/><U36/><E131/><V13/><F100/><W72/><G0/><T10/><D10/><U119/><E36/><V79/><F65/><W26/><G11/><T133/><D133/><U93/><E112/><V125/><F125/><W7/><G72/><T82/><D82/><U90/><E35/><V55/><F66/><W29/><G29/><T47/><D47/><U69/><E33/><V42/><F80/><W103/><G103/><T56/><D56/><U68/><E95/><V109/><F109/><W17/><G5/><AGARI ba="1,1" hai="5,6,8,9,12,14,43,45,49,74,75,81,85,88" machi="5" ten="30,7700,0" yaku="1,1,7,1,9,1,54,1,53,0" doraHai="53" doraHaiUra="120" who="0" fromWho="3" sc="104,90,260,0,260,0,366,-80" /><INIT seed="3,0,0,1,0,129" ten="194,260,260,286" oya="3" hai0="116,77,7,135,127,105,57,109,86,31,130,60,4" hai1="104,90,21,128,46,85,68,33,37,98,42,50,22" hai2="72,58,51,69,34,45,99,125,67,106,115,20,23" hai3="100,112,96,63,70,126,89,13,110,41,75,113,82"/><W59/><G70/><T39/><D116/><U134/><E33/><V30/><F115/><W118/><G118/><T29/><D105/><U122/><E122/><V87/><F72/><W17/><G41/><T131/><D39/><U95/><E68/><V12/><F125/><W10/><G126/><T8/><D127/><U108/><E108/><V80/><F58/><W16/><G110/><T102/><D102/><U117/><E128/><N who="0" m="49193" /><D109/><U78/><E117/><V43/><F12/><W54/><G17/><T91/><D77/><U47/><E104/><V38/><F38/><W25/><G25/><T114/><D114/><U65/><E78/><V14/><F14/><W26/><G26/><T84/><D86/><U48/><E85/><V94/><F106/><W97/><G75/><T103/><D103/><U24/><E37/><V81/><F87/><N who="3" m="50423" /><G112/><T83/><D4/><U93/><E24/><V64/><F99/><N who="3" m="37963" /><G113/><T76/><D76/><U133/><E98/><V123/><F123/><W73/><G73/><T62/><D62/><U1/><E95/><V9/><F94/><W28/><G100/><T36/><D36/><U111/><E93/><V121/><F121/><W6/><G6/><T2/><D135/><U120/><E134/><V40/><F81/><W119/><G119/><T53/><AGARI ba="0,0" hai="2,7,8,29,31,53,57,60,83,84,91" m="49193" machi="53" ten="30,1100,0" yaku="19,1" doraHai="129" who="0" fromWho="0" sc="194,11,260,-3,260,-3,286,-5" /><INIT seed="4,0,0,2,2,115" ten="205,257,257,281" oya="0" hai0="107,48,132,112,131,28,69,42,111,54,12,123,90" hai1="23,44,89,8,73,22,36,126,10,32,37,72,119" hai2="77,74,16,39,20,127,80,1,50,70,81,30,46" hai3="129,106,33,118,13,26,124,116,114,35,4,61,101"/><T135/><D123/><U0/><E89/><V128/><F70/><W71/><G114/><T38/><D112/><U85/><E85/><V3/><F39/><W113/><G113/><T133/><D107/><U63/><E63/><V6/><F127/><W27/><G124/><T82/><D28/><U15/><E15/><V66/><F66/><N who="3" m="41423" /><G27/><T94/><D69/><U130/><E44/><V92/><F128/><W121/><G33/><T52/><D131/><U47/><E47/><V57/><F57/><W58/><G58/><T62/><D38/><U2/><E32/><V51/><F6/><W7/><G129/><T87/><D111/><U110/><E130/><V88/><F80/><W45/><G45/><N who="0" m="25655" /><D62/><U79/><E126/><V29/><F1/><W19/><G121/><T76/><D12/><U53/><E110/><V97/><F3/><W14/><G14/><T24/><D24/><U100/><E2/><V49/><REACH who="2" step="1"/><F46/><REACH who="2" ten="205,257,247,281" step="2"/><W11/><G4/><T93/><D93/><U9/><E0/><V122/><F122/><W103/><G7/><T125/><D125/><U40/><E37/><V59/><F59/><W108/><G108/><T109/><D109/><U96/><E36/><V25/><AGARI ba="0,1" hai="16,20,25,29,30,49,50,51,74,77,81,88,92,97" machi="25" ten="30,8000,1" yaku="1,1,0,1,54,2,53,1" doraHai="115" doraHaiUra="95" who="2" fromWho="2" sc="205,-40,257,-20,247,90,281,-20" owari="165,-33.5,237,-16.3,337,43.7,261,6.1" /></mjloggm>