<mjloggm ver="2.3"><GO type="225" lobby="0"/><UN n0="%E6%B4%BE%E9%81%A3%E3%81%AE%E3%82%B8%E3%83%A3%E3%83%83%E3%82%AF" n1="%28%EF%BF%A3%E2%96%BD%EF%BF%A3%29%CE%B4%E2%8C%92%E3%83%BB" n2="%72%61%6B%33" n3="%E3%81%86%E3%83%BC%E3%81%B1%E3%83%BC" dan="16,16,17,17" rate="2207.37,2159.65,2151.89,2137.98" sx="M,M,M,F"/><TAIKYOKU oya="0"/><INIT seed="0,0,0,0,3,118" ten="250,250,250,250" oya="0" hai0="100,125,101,83,111,73,108,113,27,79,117,23,134" hai1="62,26,116,90,7,72,68,39,66,48,1,80,88" hai2="2,127,35,121,96,55,126,130,115,22,131,20,85" hai3="3,78,120,99,4,71,15,128,82,74,64,14,6"/><T95/><D117/><U33/><E39/><V42/><F115/><W38/><G128/><T135/><D113/><U129/><E116/><V59/><F35/><W61/><G120/><T70/><D70/><U41/><E129/><N who="2" m="49163" /><F2/><W57/><G38/><T97/><D125/><U17/><E7/><V12/><F42/><W13/><G3/><T110/><REACH who="0" step="1"/><D101/><REACH who="0" ten="240,250,250,250" step="2"/><U5/><E68/><V58/><F127/><W54/><REACH who="3" step="1"/><G99/><REACH who="3" ten="240,250,250,240" step="2"/><T16/><AGARI ba="0,2" hai="16,23,27,73,79,83,95,97,100,108,110,111,134,135" machi="16" ten="40,18000,2" yaku="1,1,2,1,0,1,14,1,10,1,54,1,53,1" doraHai="118" doraHaiUra="19" who="0" fromWho="0" sc="240,200,250,-60,250,-60,240,-60" /><INIT seed="0,1,0,0,1,11" ten="440,190,190,180" oya="0" hai0="98,106,35,2,51,83,16,18,115,79,65,7,69" hai1="97,43,4,58,37,67,60,42,104,95,78,20,93" hai2="26,119,124,120,96,62,21,38,30,132,80,17,72" hai3="22,102,122,28,121,19,53,36,66,75,3,68,24"/><T46/><D115/><U47/><E43/><V6/><F120/><N who="3" m="46187" /><G36/><T59/><D35/><U85/><E4/><V99/><F124/><W100/><G3/><T15/><D2/><U63/><E20/><V81/><F132/><W57/><G75/><T117/><D69/><U109/><E109/><V45/><F119/><W56/><G68/><T55/><D117/><U13/><E13/><V8/><F62/><N who="3" m="38215" /><G28/><T110/><D110/><U61/><E104/><V125/><F30/><W50/><AGARI ba="1,0" hai="19,22,24,50,53,57,100,102" m="38215,46187" machi="50" ten="30,1100,0" yaku="13,1" doraHai="11" who="3" fromWho="3" sc="440,-6,190,-4,190,-4,180,14" /><INIT seed="1,0,0,4,3,32" ten="434,186,186,194" oya="1" hai0="43,96,55,131,76,84,126,81,47,10,91,75,62" hai1="134,93,123,121,18,101,51,115,79,65,102,83,14" hai2="59,94,49,57,82,53,119,116,99,20,24,36,9" hai3="5,78,87,130,98,106,86,61,100,16,129,125,6"/><U66/><E115/><V69/><F69/><W37/><G37/><T19/><D126/><U22/><E134/><V58/><F36/><W29/><G125/><T45/><D131/><N who="3" m="50185" /><G29/><T103/><D62/><U39/><E39/><V0/><F82/><N who="3" m="47447" /><G87/><T128/><D55/><U107/><E107/><V122/><F122/><W108/><G108/><T74/><D128/><U105/><E105/><V67/><F58/><W92/><G61/><T1/><D74/><U30/><E30/><V46/><F59/><W3/><G106/><T85/><D85/><U4/><E121/><V120/><F120/><W95/><G95/><T112/><D112/><U111/><E111/><V56/><F56/><W41/><G41/><T63/><D43/><U48/><E123/><V88/><F67/><W127/><G127/><T13/><D63/><U70/><E70/><V64/><F64/><N who="1" m="24681" /><E93/><V8/><F57/><W28/><G28/><T40/><D40/><U114/><E114/><V117/><REACH who="2" step="1"/><F0/><REACH who="2" ten="434,186,176,194" step="2"/><W97/><G3/><T15/><D1/><U72/><E51/><V35/><F35/><W109/><G109/><T113/><D113/><U11/><E48/><V71/><F71/><W12/><G98/><T135/><D96/><U26/><E102/><V38/><F38/><W44/><G44/><N who="0" m="16971" /><D103/><U124/><E101/><V7/><F7/><W21/><AGARI ba="0,1" hai="5,6,12,16,21,92,97,100" m="47447,50185" machi="21" ten="30,2000,0" yaku="19,1,54,1" doraHai="32" who="3" fromWho="3" sc="434,-5,186,-10,176,-5,194,30" /><INIT seed="2,0,0,1,3,1" ten="429,176,171,224" oya="2" hai0="62,56,109,68,130,95,120,43,47,46,131,84,66" hai1="2,16,94,104,128,82,90,111,13,0,96,91,29" hai2="21,132,108,78,77,80,63,121,61,97,40,122,35" hai3="110,19,99,18,115,31,72,52,93,83,57,41,33"/><V15/><F35/><W100/><G110/><T34/><D109/><U105/><E111/><V71/><F108/><W58/><G115/><T28/><D120/><U88/><E128/><V36/><F132/><W125/><G125/><T39/><D47/><U3/><E29/><V30/><F97/><W73/><G41/><T37/><D37/><U118/><E118/><V6/><F78/><W102/><G83/><T113/><D113/><U65/><E65/><V59/><F71/><W129/><G129/><T23/><D23/><U9/><REACH who="1" step="1"/><E82/><REACH who="1" ten="429,166,171,224" step="2"/><V70/><F30/><W51/><G31/><T135/><D28/><U116/><E116/><V81/><F80/><W123/><G33/><T69/><D34/><U4/><E4/><V14/><F6/><W10/><G123/><T76/><D66/><U45/><E45/><V5/><F5/><W127/><G127/><T103/><D46/><U85/><E85/><V124/><F124/><W117/><G117/><T32/><D84/><U22/><E22/><V54/><F21/><W44/><G73/><T8/><D32/><U114/><E114/><V119/><F119/><W75/><G72/><T20/><D20/><U50/><E50/><V49/><F122/><W24/><G75/><T79/><D130/><U133/><E133/><V55/><F121/><W89/><G18/><T53/><D135/><U27/><E27/><V48/><F48/><W64/><G24/><T11/><D131/><U92/><E92/><V101/><F81/><W106/><G64/><T7/><D7/><U26/><E26/><V126/><F126/><W107/><G51/><RYUUKYOKU ba="0,1" sc="429,-10,166,30,171,-10,224,-10" hai1="0,2,3,9,13,16,88,90,91,94,96,104,105" /><INIT seed="3,1,1,4,4,37" ten="419,196,161,214" oya="3" hai0="81,6,65,30,58,95,0,101,129,99,87,103,80" hai1="110,31,9,119,70,102,128,55,60,83,135,14,82" hai2="104,118,25,121,76,131,79,48,125,50,57,18,117" hai3="120,22,107,23,39,40,38,78,116,24,11,56,19"/><W3/><G116/><N who="2" m="44649" /><F57/><W35/><G120/><T112/><D129/><U51/><E128/><V74/><F131/><W34/><G107/><T49/><D112/><U8/><E119/><V47/><F104/><W113/><G113/><T53/><D30/><U111/><E102/><V32/><F74/><W29/><G78/><N who="2" m="29737" /><F47/><W13/><G56/><T106/><D0/><U124/><E31/><V63/><F63/><W12/><G40/><T20/><D6/><U85/><E60/><V15/><F25/><N who="3" m="14559" /><G39/><T4/><D4/><U127/><E70/><V64/><F64/><W27/><G38/><T16/><D65/><U59/><E85/><V21/><F32/><N who="3" m="12331" /><G24/><T77/><D106/><U2/><E59/><V5/><F121/><W69/><G69/><T61/><D81/><U132/><E51/><V123/><F123/><W100/><G100/><N who="0" m="60543" /><D49/><U134/><E135/><V115/><F115/><W114/><G114/><T10/><D103/><U94/><E132/><V71/><F71/><W122/><G122/><T46/><D101/><U7/><E134/><V62/><F62/><W75/><G75/><T66/><D66/><U41/><E83/><V126/><F5/><AGARI ba="1,1" hai="3,5,11,12,13,23,27,29" m="12331,14559" machi="5" ten="30,12000,1" yaku="35,5" doraHai="37" who="3" fromWho="2" sc="419,0,196,0,161,-123,214,133" /><INIT seed="3,2,0,3,1,119" ten="419,196,38,347" oya="3" hai0="1,104,68,97,117,25,32,26,30,13,64,58,120" hai1="95,33,20,100,78,35,123,71,91,81,113,88,114" hai2="96,94,45,102,42,87,92,108,47,106,60,57,128" hai3="56,115,63,16,73,98,50,18,2,27,76,126,31"/><W51/><G115/><T17/><D117/><U122/><E71/><V131/><F108/><W53/><G2/><T10/><D58/><U93/><E20/><V29/><F106/><W90/><G126/><T11/><D120/><N who="1" m="46123" /><E33/><V69/><F69/><W110/><G110/><T8/><D26/><U84/><E35/><V85/><F131/><W70/><G73/><T89/><D89/><N who="1" m="34379" /><E100/><V28/><F128/><W7/><G7/><T105/><D1/><U86/><E86/><V55/><F47/><W62/><G76/><T9/><D64/><U61/><E61/><V80/><F94/><AGARI ba="2,0" hai="78,81,84,93,94,95,113,114" m="34379,46123" machi="94" ten="30,12000,2" yaku="34,2,52,3,54,1" doraHai="119" who="1" fromWho="2" sc="419,0,196,126,38,-126,347,0" owari="419,51.9,322,-7.8,-88,-58.8,347,14.7" /></mjloggm>