<mjloggm ver="2.3"><GO type="225" lobby="0"/><UN n0="%48%61%61%61%6C%61%6E%64" n1="%E3%81%B7%E3%82%8A%E3%82%93%E8%81%96%E4%BA%BA" n2="%E3%81%AF%E3%82%88%E3%81%8A%E3%81%98%E3%81%95%E3%82%93" n3="%E3%82%BC%E3%83%AB%E3%83%80%E3%81%AE%E4%BC%9D%E8%AA%AC" dan="17,16,16,16" rate="2248.44,2116.02,2205.17,2117.61" sx="M,M,M,M"/><TAIKYOKU oya="0"/><INIT seed="0,0,0,4,0,128" ten="250,250,250,250" oya="0" hai0="37,47,70,95,72,133,126,130,28,36,86,55,121" hai1="111,17,131,71,98,118,125,21,58,122,134,124,14" hai2="27,74,3,53,5,2,13,107,10,20,99,56,22" hai3="75,79,112,109,67,69,30,123,135,88,26,116,39"/><T6/><D121/><U76/><E71/><V96/><F74/><W24/><G88/><T51/><D130/><U78/><E122/><V63/><F20/><W97/><G26/><T114/><D114/><U31/><E118/><V87/><F87/><W42/><G97/><T68/><D72/><U15/><E131/><V11/><F107/><W104/><G79/><T35/><D6/><U115/><E115/><V33/><F33/><W77/><G77/><T7/><D7/><U19/><E31/><V94/><F10/><W82/><G82/><T62/><D126/><U64/><E98/><V38/><F96/><W59/><G59/><T132/><D37/><U103/><E103/><V23/><F23/><W119/><G104/><T110/><D36/><U90/><E90/><V1/><F38/><W9/><G9/><T25/><D110/><U18/><E111/><V34/><F34/><N who="3" m="20807" /><G123/><T8/><D8/><U100/><E100/><V73/><F73/><W113/><G75/><T89/><REACH who="0" step="1"/><D68/><REACH who="0" ten="240,250,250,250" step="2"/><U32/><E124/><V91/><REACH who="2" step="1"/><F1/><REACH who="2" ten="240,250,240,250" step="2"/><W80/><G39/><T65/><AGARI ba="0,2" hai="25,28,35,47,51,55,62,65,70,86,89,95,132,133" machi="65" ten="30,12000,1" yaku="1,1,2,1,0,1,52,2,53,0" doraHai="128" doraHaiUra="117" who="0" fromWho="0" sc="240,140,250,-40,240,-40,250,-40" /><INIT seed="0,1,0,2,2,124" ten="380,210,200,210" oya="0" hai0="17,99,52,105,8,89,81,37,12,53,84,76,134" hai1="31,0,35,111,126,117,32,10,25,128,102,20,63" hai2="56,127,87,38,91,43,27,6,83,130,125,55,65" hai3="69,80,34,21,112,110,109,98,15,9,57,40,78"/><T115/><D115/><U26/><E102/><V86/><F65/><W36/><G112/><T74/><D37/><U67/><E117/><V49/><F6/><W118/><G118/><T107/><D134/><U50/><E126/><N who="2" m="48139" /><F27/><W93/><G69/><T92/><D107/><U42/><E35/><V19/><F19/><W3/><G34/><T132/><D132/><U70/><E111/><N who="3" m="42506" /><G57/><T82/><REACH who="0" step="1"/><D105/><REACH who="0" ten="370,210,200,210" step="2"/><U79/><E0/><V45/><F87/><W39/><G3/><T29/><D29/><U120/><E31/><V13/><F13/><W72/><G36/><T61/><D61/><U96/><E63/><V60/><F130/><W66/><G15/><T121/><D121/><U71/><E128/><V106/><F106/><W101/><G39/><AGARI ba="1,1" hai="38,39,43,45,49,55,56,60,83,86,91" m="48139" machi="39" ten="30,1000,0" yaku="18,1" doraHai="124" who="2" fromWho="3" sc="370,0,210,0,200,23,210,-13" /><INIT seed="1,0,0,2,4,8" ten="370,210,223,197" oya="1" hai0="99,86,117,131,26,37,74,17,129,67,134,45,48" hai1="38,101,49,118,135,123,98,36,88,71,124,105,56" hai2="5,25,108,68,43,126,66,102,127,41,42,89,14" hai3="28,16,40,103,62,65,73,50,33,91,95,31,70"/><U39/><E118/><V72/><F108/><W1/><G1/><T80/><D117/><U120/><E71/><V85/><F72/><W109/><G109/><T106/><D74/><U100/><E135/><V81/><F102/><W3/><G3/><T57/><D134/><U87/><E101/><V0/><F0/><W55/><G73/><T79/><D37/><U82/><E124/><N who="2" m="47659" /><F25/><W21/><G40/><T10/><D106/><U29/><E29/><V110/><F110/><W53/><G103/><T97/><D57/><U132/><E132/><V78/><F89/><W122/><G122/><T54/><D67/><U130/><E130/><N who="0" m="49673" /><D10/><U125/><REACH who="1" step="1"/><E125/><REACH who="1" ten="370,200,223,197" step="2"/><V94/><F68/><W114/><G114/><T46/><D46/><U24/><E24/><V76/><F66/><W75/><G65/><T20/><AGARI ba="0,1" hai="17,20,26,45,48,54,79,80,86,97,99" m="49673" machi="20" ten="30,1100,0" yaku="19,1" doraHai="8" who="0" fromWho="0" sc="370,21,200,-5,223,-3,197,-3" /><INIT seed="2,0,0,3,0,134" ten="391,195,220,194" oya="2" hai0="32,35,14,94,25,45,15,96,101,84,66,127,57" hai1="19,83,72,75,106,99,74,10,97,11,63,123,110" hai2="108,86,105,111,48,126,55,130,60,3,90,91,114" hai3="117,58,41,23,53,7,70,77,16,31,40,85,5"/><V89/><F114/><W44/><G70/><T80/><D127/><U81/><E110/><N who="2" m="42027" /><F3/><W103/><G117/><T98/><D45/><U93/><E123/><V56/><F105/><W28/><G103/><T82/><D98/><U65/><E106/><V68/><F130/><W30/><G77/><T61/><D82/><U79/><E81/><N who="2" m="49359" /><F126/><W8/><G85/><T34/><REACH who="0" step="1"/><D25/><REACH who="0" ten="381,195,220,194" step="2"/><U36/><E97/><V122/><F122/><W39/><G41/><T87/><D87/><U4/><E75/><V100/><F100/><W12/><REACH who="3" step="1"/><G8/><REACH who="3" ten="381,195,220,184" step="2"/><T22/><D22/><U76/><E74/><V17/><F91/><AGARI ba="0,2" hai="14,15,32,34,35,57,61,66,80,84,91,94,96,101" machi="91" ten="40,1300,0" yaku="1,1,53,0" doraHai="134" doraHaiUra="20" who="0" fromWho="2" sc="381,33,195,0,220,-13,184,0" /><INIT seed="3,0,0,3,5,35" ten="414,195,207,184" oya="3" hai0="14,106,22,113,108,1,103,55,15,64,91,75,63" hai1="77,48,125,101,49,78,3,133,110,50,89,20,115" hai2="74,95,122,130,94,66,8,29,68,9,126,0,53" hai3="84,33,16,76,88,132,42,67,4,98,69,124,56"/><W120/><G120/><T54/><D108/><U80/><E115/><V2/><F74/><W97/><G33/><T7/><D75/><U104/><E3/><V92/><F29/><W31/><G69/><T12/><D22/><U70/><E70/><V114/><F114/><W93/><G124/><T90/><D103/><U28/><E28/><V5/><F126/><W17/><G132/><T83/><D106/><U25/><E125/><V118/><F118/><W57/><G31/><T37/><D37/><U13/><E133/><V105/><F105/><W32/><G32/><T58/><D113/><U119/><E119/><V51/><F130/><W21/><G4/><T109/><D109/><U11/><E101/><V34/><F34/><W41/><G17/><T131/><D131/><U10/><E104/><V19/><F122/><W71/><G71/><T6/><D1/><U52/><E11/><V102/><F102/><W111/><G111/><T99/><D91/><U38/><E20/><V39/><F39/><W79/><G98/><T86/><D99/><U81/><E25/><V46/><F19/><W61/><G57/><T112/><D112/><U116/><E116/><V117/><F117/><W30/><G30/><T127/><D127/><U134/><E134/><V123/><F123/><W45/><G97/><T23/><D23/><U85/><E38/><V65/><F68/><W40/><G45/><T100/><D100/><U73/><E110/><V128/><F128/><W18/><G18/><T82/><D6/><AGARI ba="0,0" hai="0,2,5,6,8,9,46,51,53,65,66,92,94,95" machi="6" ten="40,5200,0" yaku="9,1,52,2" doraHai="35" who="2" fromWho="0" sc="414,-52,195,0,207,52,184,0" owari="362,46.2,195,-20.5,259,5.9,184,-31.6" /></mjloggm>