<mjloggm ver="2.3"><GO type="225" lobby="0"/><UN n0="%E5%B8%86%E7%AB%8B%E5%A4%8F%E8%A1%A3" n1="%E2%91%A3%E9%81%BF%E9%81%8A%E6%88%AF%E3%80%90%E6%9D%B1%E5%8D%97%E3%80%91" n2="%E9%80%9F%E6%B0%B4%E5%87%9B%E9%A6%99" n3="%E3%81%95%E3%81%8D%E3%81%9F%E3%81%BE%E6%9E%97%E6%AA%8E" dan="17,16,16,16" rate="2148.97,2101.88,2139.87,2123.46" sx="M,M,F,M"/><TAIKYOKU oya="0"/><INIT seed="0,0,0,5,4,11" ten="250,250,250,250" oya="0" hai0="84,66,73,100,79,17,22,53,65,40,39,1,2" hai1="130,105,77,125,78,23,45,135,14,103,44,9,114" hai2="95,116,119,109,98,102,21,41,31,71,13,94,112" hai3="52,131,128,123,42,20,26,55,85,5,90,36,92"/><T124/><D124/><U37/><E125/><V133/><F71/><W111/><G111/><T117/><D117/><N who="2" m="45130" /><F112/><W64/><G123/><T106/><D53/><U18/><E114/><V88/><F133/><W86/><G64/><T3/><D73/><U110/><E135/><V74/><F74/><W134/><G134/><T113/><D113/><U19/><E110/><V68/><F68/><W4/><G86/><T8/><D8/><U43/><E130/><N who="3" m="49706" /><G42/><T89/><D79/><U108/><E108/><V24/><F41/><W93/><G93/><T12/><D100/><U107/><E45/><V81/><F81/><W59/><G36/><T75/><D106/><U62/><E62/><V7/><F109/><W82/><G82/><T63/><D75/><U0/><E107/><V58/><F58/><W120/><G120/><T129/><D129/><U51/><E37/><V99/><F7/><N who="3" m="2635" /><G59/><T101/><D101/><U87/><E0/><V28/><F28/><AGARI ba="0,0" hai="20,26,28,52,55,85,90,92" m="2635,49706" machi="28" ten="30,2000,0" yaku="19,1,54,1" doraHai="11" who="3" fromWho="2" sc="250,0,250,0,250,-20,250,20" /><INIT seed="1,0,0,4,1,93" ten="250,250,230,270" oya="1" hai0="19,44,53,0,113,133,110,128,74,75,7,22,35" hai1="130,126,68,77,56,27,125,90,18,25,105,135,46" hai2="12,71,29,38,109,39,28,59,9,124,23,41,31" hai3="82,89,98,106,15,30,49,86,5,76,83,36,108"/><U16/><E68/><V102/><F71/><W95/><G36/><T62/><D113/><U43/><E56/><V50/><F109/><W17/><G5/><T115/><D115/><U119/><E119/><V85/><F124/><N who="1" m="47721" /><E77/><V57/><F23/><W87/><G108/><T52/><D110/><U42/><E42/><V101/><F39/><W26/><G106/><T61/><D35/><U54/><E54/><V63/><F38/><W107/><G107/><T121/><D53/><U92/><E105/><V116/><F116/><W111/><G111/><T72/><D52/><U96/><E135/><V117/><F117/><W4/><G4/><T100/><D133/><U2/><E2/><V48/><F41/><W131/><G131/><T66/><D128/><U79/><E79/><V8/><F8/><W20/><G49/><N who="2" m="19049" /><F85/><N who="3" m="48327" /><G83/><T120/><D74/><U45/><E130/><V64/><F57/><W94/><G95/><T40/><D72/><U55/><E55/><V65/><F65/><W104/><G104/><T81/><D75/><U78/><E78/><V80/><F80/><W24/><G24/><N who="1" m="9290" /><E43/><V112/><F112/><W132/><G132/><T3/><D40/><U70/><E70/><V21/><F21/><AGARI ba="0,0" hai="15,17,20,21,26,30,86,87,89,94,98" m="48327" machi="21" ten="30,2000,0" yaku="8,1,52,1" doraHai="93" who="3" fromWho="2" sc="250,0,250,0,230,-20,270,20" /><INIT seed="2,0,0,3,5,126" ten="250,250,210,290" oya="2" hai0="28,56,40,121,113,21,31,55,42,115,80,117,82" hai1="120,124,111,90,76,59,35,96,114,81,53,74,100" hai2="118,61,102,7,131,63,86,108,125,94,71,34,89" hai3="51,18,69,107,32,2,9,93,73,37,106,103,68"/><V104/><F118/><W85/><G37/><T88/><D121/><U65/><E124/><V4/><F34/><W20/><G73/><T84/><D117/><U26/><E120/><V99/><F125/><W109/><G32/><T78/><D115/><U45/><E114/><V91/><F108/><W77/><G77/><T52/><D113/><U128/><E111/><V97/><F131/><W64/><G109/><T98/><D55/><U0/><E128/><V75/><F75/><W16/><G51/><N who="0" m="30751" /><D21/><U58/><E0/><V105/><F71/><W44/><G44/><T41/><D82/><U17/><E65/><V29/><F29/><N who="0" m="11338" /><D98/><U127/><E127/><V95/><REACH who="2" step="1"/><F105/><REACH who="2" ten="250,250,200,290" step="2"/><W39/><G69/><T60/><D60/><AGARI ba="0,1" hai="4,7,60,61,63,86,89,91,94,95,97,99,102,104" machi="60" ten="40,3900,0" yaku="1,1,2,1,53,0" doraHai="126" doraHaiUra="19" who="2" fromWho="0" sc="250,-39,250,0,200,49,290,0" /><INIT seed="2,1,0,3,5,77" ten="211,250,249,290" oya="2" hai0="76,128,134,125,97,103,111,3,124,75,133,59,98" hai1="64,48,106,96,118,45,82,129,4,101,100,14,2" hai2="37,34,32,74,85,16,35,89,87,8,20,78,80" hai3="56,66,53,54,11,86,39,95,90,107,110,9,60"/><V68/><F68/><W29/><G110/><T84/><D3/><U5/><E118/><V41/><F8/><N who="3" m="3147" /><G107/><N who="0" m="63983" /><D111/><U21/><E129/><V112/><F112/><W31/><G39/><T55/><D128/><U6/><E2/><V93/><F37/><W114/><G114/><T72/><D98/><U38/><E38/><V24/><REACH who="2" step="1"/><F41/><REACH who="2" ten="211,250,239,290" step="2"/><W115/><G115/><T43/><D43/><N who="1" m="24639" /><E106/><V1/><F1/><W65/><G65/><T105/><D105/><U33/><E64/><V131/><F131/><W10/><G10/><T122/><D122/><U22/><E4/><V30/><F30/><AGARI ba="1,1" hai="29,30,31,53,54,56,60,66,86,90,95" m="3147" machi="30" ten="30,1000,0" yaku="8,1" doraHai="77" who="3" fromWho="2" sc="211,0,250,0,239,-13,290,23" /><INIT seed="3,0,0,5,5,120" ten="211,250,226,313" oya="3" hai0="116,34,12,71,97,103,98,77,105,83,11,64,121" hai1="84,114,82,6,67,51,41,33,95,47,73,46,96" hai2="100,30,25,86,99,112,49,88,106,39,0,45,24" hai3="19,59,43,44,48,132,54,18,81,113,10,31,28"/><W118/><G113/><T37/><D121/><U26/><E114/><V107/><F112/><W53/><G118/><T108/><D116/><U20/><E73/><V13/><F0/><W68/><G68/><T32/><D37/><U57/><E33/><V119/><F39/><W110/><G132/><T134/><D134/><U56/><E6/><V38/><F38/><W5/><G5/><T62/><D98/><U50/><E67/><V61/><F119/><W21/><G81/><T125/><D125/><U123/><E123/><V3/><F3/><W127/><G127/><T75/><REACH who="0" step="1"/><D108/><REACH who="0" ten="201,250,226,313" step="2"/><U60/><E96/><V42/><F107/><W133/><G110/><T63/><D63/><U101/><E60/><V15/><F61/><W17/><G133/><T94/><D94/><U87/><E95/><V78/><F78/><W40/><G10/><T122/><D122/><U130/><E130/><V66/><F66/><W35/><G48/><T29/><D29/><N who="1" m="17607" /><E101/><V135/><F135/><W93/><G93/><T7/><AGARI ba="0,1" hai="7,11,12,32,34,62,64,71,75,77,83,97,103,105" machi="7" ten="20,5200,0" yaku="1,1,0,1,7,1,53,1" doraHai="120" doraHaiUra="72" who="0" fromWho="0" sc="201,62,250,-13,226,-13,313,-26" /><INIT seed="4,0,0,0,1,50" ten="263,237,213,287" oya="0" hai0="58,51,68,77,82,38,102,127,60,132,54,126,133" hai1="2,56,86,44,128,49,36,39,42,103,129,66,78" hai2="98,88,62,111,90,107,61,11,48,19,8,104,32" hai3="112,99,100,119,3,1,83,57,76,25,97,55,96"/><T106/><D102/><U87/><E2/><V23/><F32/><W124/><G119/><T95/><D95/><U27/><E27/><V80/><F111/><W52/><G3/><T31/><D31/><U63/><E103/><V0/><F0/><W131/><G1/><T59/><D38/><N who="1" m="14379" /><E78/><V16/><F48/><W115/><G100/><T9/><D9/><N who="2" m="3658" /><F80/><W18/><G131/><AGARI ba="0,0" hai="42,44,49,56,63,66,86,87,128,129,131" m="14379" machi="131" ten="30,1000,0" yaku="19,1" doraHai="50" who="1" fromWho="3" sc="263,0,237,10,213,0,287,-10" /><INIT seed="5,0,0,5,1,79" ten="263,247,213,277" oya="1" hai0="105,25,21,93,116,82,49,22,122,40,111,96,9" hai1="84,114,19,91,0,132,46,85,20,109,88,3,64" hai2="126,98,8,117,17,113,13,135,133,50,78,107,1" hai3="123,110,115,37,128,130,119,69,63,90,120,112,2"/><U108/><E114/><N who="3" m="43562" /><G2/><N who="1" m="554" /><E64/><V12/><F113/><W28/><G28/><T97/><D111/><N who="1" m="42571" /><E46/><V75/><F117/><W101/><G110/><T66/><D122/><N who="3" m="46633" /><G101/><T5/><D116/><U103/><E132/><N who="2" m="50763" /><F126/><W41/><G90/><N who="1" m="34346" /><E103/><N who="2" m="62967" /><F1/><W47/><G119/><T35/><D66/><AGARI ba="0,0" hai="37,41,47,63,66,69,128,130" m="46633,43562" machi="66" ten="40,8000,1" yaku="15,1,23,1,34,2" doraHai="79" who="3" fromWho="0" sc="263,-80,247,0,213,0,277,80" owari="183,-31.7,247,4.7,213,-18.7,357,45.7" /></mjloggm>