<mjloggm ver="2.3"><GO type="225" lobby="0"/><UN n0="%E5%B0%8F%E9%B3%A5%E9%81%8A%E7%B7%B4%E7%84%A1%32%31%E6%AD%B3" n1="%77%72%77%72%77%72%77%72" n2="%E3%81%AF%E3%82%88%E3%81%8A%E3%81%98%E3%81%95%E3%82%93" n3="%73%6C%69%63%6B%33%31%39" dan="16,16,17,16" rate="2173.06,2176.23,2227.04,2059.89" sx="F,M,M,M"/><TAIKYOKU oya="0"/><INIT seed="0,0,0,4,5,120" ten="250,250,250,250" oya="0" hai0="106,102,57,101,25,75,85,94,15,13,108,133,135" hai1="103,16,87,130,127,70,123,6,113,122,115,71,69" hai2="22,119,66,36,74,58,23,52,129,33,29,19,68" hai3="97,60,41,132,107,28,51,54,63,118,64,67,1"/><T79/><D75/><U2/><E103/><N who="0" m="39433" /><D106/><U56/><E87/><V12/><F74/><W35/><G97/><T105/><D25/><U30/><E30/><V93/><F36/><W31/><G107/><T18/><D105/><U0/><E6/><V77/><F77/><W49/><G1/><N who="1" m="618" /><E56/><V131/><F33/><W88/><G118/><T40/><D57/><U89/><E89/><V9/><F119/><W81/><G132/><N who="0" m="50763" /><D40/><U109/><E130/><N who="2" m="49675" /><F29/><N who="3" m="11339" /><G35/><T38/><D38/><U46/><E46/><V90/><F66/><N who="3" m="25131" /><G41/><T47/><D47/><U7/><E7/><V42/><F68/><W48/><G54/><T95/><D13/><U43/><E43/><V55/><F42/><W114/><G114/><N who="1" m="43530" /><E122/><V117/><F117/><W4/><G4/><T134/><D79/><U99/><E123/><V50/><F55/><W45/><G45/><T100/><D134/><U98/><E71/><V3/><F3/><W24/><G24/><T10/><D100/><U83/><E70/><V8/><F50/><W78/><G78/><T112/><D112/><U82/><E69/><V96/><F52/><W121/><G121/><T53/><D53/><U21/><E127/><V44/><F44/><W124/><G124/><T92/><D85/><AGARI ba="0,0" hai="48,49,51,60,63,81,85,88" m="25131,11339" machi="85" ten="30,2000,0" yaku="8,1,54,1" doraHai="120" who="3" fromWho="0" sc="250,-20,250,0,250,0,250,20" /><INIT seed="1,0,0,0,3,72" ten="230,250,250,270" oya="1" hai0="3,47,71,36,69,43,110,27,64,14,133,56,125" hai1="63,58,87,40,59,28,16,75,80,65,92,118,30" hai2="35,12,67,15,49,127,8,39,52,90,66,107,25" hai3="115,112,86,123,101,7,117,122,21,84,82,50,83"/><U114/><E114/><N who="3" m="43562" /><G21/><T23/><D3/><U46/><E118/><V18/><F39/><W9/><G50/><T74/><D74/><U34/><E75/><V132/><F107/><W62/><G62/><N who="0" m="37959" /><D14/><U79/><E34/><V81/><F127/><W73/><G9/><T116/><D23/><U57/><E92/><V60/><F132/><W54/><G54/><T130/><D27/><U99/><E99/><V109/><F109/><W120/><G7/><T45/><D125/><U17/><E63/><V78/><F90/><N who="3" m="51479" /><G73/><T33/><D116/><U121/><E65/><V113/><F113/><W102/><G117/><T41/><D130/><U119/><E119/><V31/><F15/><W111/><G111/><T85/><D85/><U70/><E70/><N who="0" m="26633" /><D33/><U24/><E121/><N who="3" m="30978" /><W126/><DORA hai="48" /><G126/><T95/><D110/><U37/><REACH who="1" step="1"/><E24/><REACH who="1" ten="230,240,250,270" step="2"/><V2/><F60/><W76/><AGARI ba="0,1" hai="76,83,86,101,102" m="30978,51479,43562" machi="76" ten="50,6400,0" yaku="34,2,52,1" doraHai="72,48" who="3" fromWho="3" sc="230,-16,240,-32,250,-16,270,74" /><INIT seed="2,0,0,0,0,101" ten="214,208,234,344" oya="2" hai0="83,99,94,126,77,115,24,57,74,97,22,3,133" hai1="65,47,45,63,123,128,44,75,0,87,78,116,51" hai2="66,8,18,13,84,112,54,42,81,71,93,62,82" hai3="10,15,98,67,28,52,20,39,134,118,131,25,43"/><V7/><F112/><W125/><G118/><T37/><D115/><U14/><E116/><V31/><F31/><W121/><G121/><T38/><D3/><U23/><E75/><V132/><F132/><W2/><G67/><T120/><D126/><U61/><E0/><V6/><F42/><W64/><G64/><T46/><D133/><U27/><E128/><V90/><F54/><W16/><G134/><T53/><D120/><U102/><E102/><V12/><REACH who="2" step="1"/><F6/><REACH who="2" ten="214,208,224,344" step="2"/><W32/><G52/><T109/><D53/><U103/><E123/><V107/><F107/><W50/><G131/><T68/><D37/><U117/><E117/><V17/><F17/><W40/><G39/><T124/><D38/><U135/><E135/><V122/><F122/><W59/><G125/><T85/><D124/><U35/><E65/><V4/><F4/><W21/><G43/><T111/><D111/><U80/><E51/><V100/><F100/><W88/><G40/><T33/><D109/><U110/><E103/><V106/><F106/><W127/><G127/><T41/><D41/><U29/><REACH who="1" step="1"/><E110/><REACH who="1" ten="214,198,224,344" step="2"/><V56/><F56/><W79/><G50/><T114/><D57/><U92/><E92/><V9/><AGARI ba="0,2" hai="7,8,9,12,13,18,62,66,71,81,82,84,90,93" machi="9" ten="20,7800,0" yaku="1,1,0,1,7,1,53,1" doraHai="101" doraHaiUra="86" who="2" fromWho="2" sc="214,-26,198,-26,224,98,344,-26" /><INIT seed="2,1,0,3,2,90" ten="188,172,322,318" oya="2" hai0="120,68,13,105,130,87,25,17,94,58,54,55,37" hai1="44,8,98,10,70,14,107,6,53,36,99,60,38" hai2="26,129,124,97,71,19,50,119,75,80,69,84,76" hai3="95,77,7,86,128,96,33,59,126,66,81,35,116"/><V5/><F119/><W24/><G116/><T123/><D105/><U73/><E73/><V65/><F124/><W106/><G126/><T39/><D68/><U23/><E23/><V28/><F129/><W47/><G128/><T15/><D130/><U82/><E82/><V79/><F5/><W16/><G7/><T46/><D25/><U21/><E21/><V131/><F131/><W1/><G1/><T110/><D110/><U102/><E98/><V42/><F65/><W22/><G106/><T4/><D4/><U31/><E31/><V112/><F112/><W9/><G9/><T72/><D72/><U49/><REACH who="1" step="1"/><E10/><REACH who="1" ten="188,162,322,318" step="2"/><V63/><F97/><W74/><G74/><T11/><D11/><U41/><E41/><V32/><F42/><W103/><G33/><T67/><D87/><U125/><E125/><V0/><F84/><W18/><G35/><T117/><D117/><U51/><E51/><V78/><F50/><W88/><G22/><T45/><D17/><U56/><E56/><V48/><F19/><W91/><G24/><T104/><D58/><U113/><E113/><V92/><F48/><W111/><G18/><T20/><D20/><U118/><E118/><V127/><F127/><W132/><G16/><T29/><D29/><U2/><E2/><V57/><F0/><W114/><G114/><T27/><D27/><U30/><E30/><V134/><F75/><W52/><G59/><T121/><D121/><U83/><E83/><V64/><F80/><W133/><G86/><T62/><D37/><U109/><E109/><V135/><F32/><W89/><G111/><RYUUKYOKU ba="1,1" sc="188,-10,162,30,322,-10,318,-10" hai1="6,8,14,36,38,44,49,53,60,70,99,102,107" /><INIT seed="3,2,1,4,1,99" ten="178,192,312,308" oya="3" hai0="1,31,90,108,74,81,25,91,80,102,35,127,121" hai1="3,129,134,11,123,12,85,16,125,27,10,112,120" hai2="133,128,114,67,38,8,76,0,103,100,37,87,30" hai3="82,54,34,64,93,83,119,122,18,48,58,22,75"/><W19/><G122/><N who="1" m="46634" /><E85/><V15/><F114/><W126/><G119/><T14/><D121/><U36/><E36/><V32/><F0/><W21/><G34/><T71/><D1/><U2/><E112/><V86/><F67/><W28/><G126/><T39/><D39/><U92/><E92/><V132/><F128/><W66/><G28/><T59/><D71/><U104/><E104/><V46/><F30/><W110/><G110/><T4/><D108/><U61/><E61/><V52/><F32/><W116/><G116/><T95/><D127/><U45/><E45/><V57/><F37/><W40/><G40/><T97/><D59/><U42/><E42/><V65/><F65/><N who="3" m="25195" /><G93/><T33/><D33/><U84/><E125/><V49/><F38/><W113/><G75/><T9/><REACH who="0" step="1"/><D74/><REACH who="0" ten="168,192,312,308" step="2"/><U101/><E129/><V109/><F109/><W94/><G113/><T89/><AGARI ba="2,2" hai="4,9,14,25,31,35,80,81,89,90,91,95,97,102" machi="89" ten="30,7900,0" yaku="1,1,2,1,0,1,52,1,53,0" doraHai="99" doraHaiUra="135" who="0" fromWho="0" sc="168,105,192,-22,312,-22,308,-41" /><INIT seed="4,0,0,2,5,122" ten="273,170,290,267" oya="0" hai0="3,20,19,85,121,34,108,126,36,24,117,14,100" hai1="7,93,135,15,129,95,67,68,69,131,77,109,35" hai2="23,87,21,48,119,55,60,123,1,73,124,66,37" hai3="2,0,52,57,6,75,41,81,25,49,51,101,106"/><T120/><D117/><U104/><E104/><V80/><F73/><W33/><G106/><T10/><D36/><U50/><E35/><V107/><F37/><W64/><G101/><T13/><D100/><U47/><E135/><V112/><F1/><W4/><G64/><T89/><D126/><U61/><E69/><V111/><F111/><W78/><G0/><T17/><D3/><U9/><E77/><V42/><F123/><N who="0" m="47178" /><D89/><U26/><E26/><V39/><F107/><W16/><G2/><T54/><D54/><U65/><E65/><V71/><F112/><W38/><G38/><T45/><D85/><U86/><E109/><V43/><F124/><W133/><G133/><T12/><D45/><U127/><E127/><V99/><F99/><W11/><G33/><T62/><D62/><U90/><REACH who="1" step="1"/><E95/><REACH who="1" ten="273,160,290,267" step="2"/><V110/><F110/><W113/><G25/><N who="0" m="14479" /><D108/><U84/><E84/><V96/><F87/><N who="3" m="48567" /><G113/><T97/><D97/><U58/><E58/><V63/><F96/><W32/><G32/><T5/><D34/><U103/><E103/><V53/><F66/><W118/><G75/><T56/><D56/><U40/><AGARI ba="0,1" hai="7,9,15,40,47,50,61,67,68,86,90,93,129,131" machi="40" ten="30,4000,0" yaku="1,1,0,1,53,1" doraHai="122" doraHaiUra="44" who="1" fromWho="1" sc="273,-20,160,50,290,-10,267,-10" /><INIT seed="5,0,0,3,3,87" ten="253,210,280,257" oya="1" hai0="78,69,135,120,86,0,59,62,19,39,36,100,13" hai1="20,134,113,90,83,21,57,122,85,54,124,58,24" hai2="70,29,35,40,56,15,5,129,26,108,80,52,119" hai3="117,104,14,49,34,45,82,30,126,74,72,101,50"/><U63/><E122/><V114/><F108/><W97/><G126/><T118/><D0/><U12/><E124/><V31/><F119/><W23/><G34/><T131/><D118/><U3/><E3/><V25/><F70/><W116/><G117/><T88/><D69/><U77/><E113/><V41/><F114/><W73/><G116/><T11/><D131/><U68/><E68/><V10/><F80/><W99/><G99/><T37/><D135/><U127/><E134/><V66/><F66/><W123/><G123/><T55/><D100/><U8/><E127/><V132/><F129/><W105/><G105/><T64/><D78/><U103/><E103/><V91/><F91/><W107/><G107/><T33/><D33/><U79/><E57/><V130/><F130/><W133/><G133/><T106/><D106/><U27/><E27/><N who="2" m="10251" /><F35/><W17/><G30/><N who="2" m="11273" /><F132/><W46/><G82/><T22/><D120/><U121/><E121/><V7/><F5/><W42/><REACH who="3" step="1"/><G73/><REACH who="3" ten="253,210,280,247" step="2"/><T128/><D128/><U60/><E60/><AGARI ba="0,1" hai="7,10,15,40,41,52,56,60" m="11273,10251" machi="60" ten="30,2000,0" yaku="8,1,54,1" doraHai="87" who="2" fromWho="1" sc="253,0,210,-20,280,30,247,0" owari="253,5.3,190,-31.0,310,41.0,247,-15.3" /></mjloggm>