<mjloggm ver="2.3"><GO type="225" lobby="0"/><UN n0="%E5%B5%90%E9%9B%B2%E3%81%AE%E3%82%AB%E3%83%A9%E3%82%B9" n1="%4B%2E%32%2E%4B%2E" n2="%E3%82%A2%E3%83%8A%E3%83%BC%E3%81%8D%E3%83%BC" n3="%E3%81%BE%E3%81%A8%E3%81%9F" dan="16,16,16,16" rate="2056.31,2229.92,2090.67,2159.37" sx="F,M,M,M"/><TAIKYOKU oya="0"/><INIT seed="0,0,0,5,0,103" ten="250,250,250,250" oya="0" hai0="27,130,124,0,36,94,1,41,90,24,17,91,52" hai1="101,26,98,48,118,46,15,108,116,40,4,7,3" hai2="121,19,42,86,37,49,14,45,13,18,47,117,119" hai3="8,54,2,9,61,115,102,110,132,125,23,105,62"/><T10/><D130/><U122/><E122/><V80/><F121/><W11/><G115/><T71/><D71/><U64/><E3/><V97/><F97/><W93/><G132/><T89/><D124/><U75/><E75/><V96/><F96/><W65/><G93/><T135/><D135/><U83/><E108/><V44/><F14/><W95/><G95/><T43/><D94/><U114/><E114/><V88/><F47/><W56/><G110/><T87/><D87/><U92/><E83/><V16/><REACH who="2" step="1"/><F13/><REACH who="2" ten="250,250,240,250" step="2"/><W129/><G125/><T60/><D0/><U32/><E15/><V67/><F67/><W107/><G2/><T39/><D1/><U57/><E64/><V55/><AGARI ba="0,1" hai="16,18,19,37,42,44,45,49,55,80,86,88,117,119" machi="55" ten="30,7900,0" yaku="1,1,0,1,54,2,53,0" doraHai="103" doraHaiUra="59" who="2" fromWho="2" sc="250,-39,250,-20,240,89,250,-20" /><INIT seed="1,0,0,5,1,33" ten="211,230,329,230" oya="1" hai0="44,76,108,119,21,75,40,81,8,89,87,17,63" hai1="5,52,29,114,88,43,97,3,111,12,110,26,92" hai2="90,65,6,66,60,20,70,101,2,39,56,46,104" hai3="129,23,36,10,93,123,54,79,41,45,31,4,109"/><U112/><E43/><V85/><F66/><W37/><G123/><T99/><D108/><N who="1" m="41515" /><E12/><V127/><F20/><W34/><G34/><T96/><D119/><U107/><E107/><V24/><F90/><W86/><G109/><T62/><D8/><N who="1" m="2111" /><E52/><V80/><F60/><W84/><G129/><T68/><D68/><U15/><E15/><V113/><F70/><W135/><G54/><T58/><D58/><U77/><E77/><V78/><F56/><W51/><G79/><T95/><D62/><U19/><E19/><V91/><F78/><W49/><G41/><T132/><D132/><U134/><E134/><V98/><F104/><W106/><G106/><T16/><D63/><U131/><E131/><V50/><F113/><W121/><G45/><T1/><D1/><U82/><E82/><V122/><F46/><W73/><G135/><T9/><D9/><U133/><E133/><V13/><F80/><W124/><G10/><T115/><D17/><U22/><AGARI ba="0,0" hai="22,26,29,88,92,97,112,114" m="2111,41515" machi="22" ten="30,11700,0" yaku="14,1,10,1,52,1,54,1" doraHai="33" who="1" fromWho="1" sc="211,-39,230,117,329,-39,230,-39" /><INIT seed="1,1,0,2,1,35" ten="172,347,290,191" oya="1" hai0="84,106,91,94,96,74,97,103,73,131,15,7,76" hai1="104,53,37,112,1,92,121,101,56,17,110,77,66" hai2="30,129,89,58,116,49,88,114,3,117,130,18,118" hai3="21,105,0,79,93,8,124,70,109,78,132,100,71"/><U64/><E112/><V19/><F114/><W44/><G109/><T46/><D7/><U63/><E121/><V2/><F30/><W32/><G132/><T119/><D15/><U75/><E104/><V23/><F58/><W50/><G32/><T39/><D46/><U4/><E37/><V107/><F49/><W135/><G105/><T102/><D39/><U14/><E77/><V34/><F34/><W99/><G124/><T134/><D119/><U36/><E75/><N who="0" m="28681" /><D134/><U11/><E110/><V111/><F107/><W29/><G71/><T69/><D69/><U6/><E36/><V10/><F111/><W60/><G135/><T5/><D5/><N who="1" m="2155" /><E1/><N who="2" m="11" /><F10/><W115/><G8/><T85/><D131/><N who="2" m="50186" /><F19/><W12/><G0/><T55/><D55/><U128/><E128/><V82/><F82/><W24/><G115/><T90/><D76/><U47/><E47/><V40/><F40/><W51/><G44/><T68/><D68/><U16/><E17/><V120/><F120/><W22/><G78/><T126/><D126/><U41/><E41/><V123/><F123/><W125/><G79/><T54/><D54/><U95/><E53/><V33/><F33/><W80/><G125/><T127/><D127/><U57/><E57/><V86/><F86/><AGARI ba="1,0" hai="84,85,86,90,91,94,96,97,102,103,106" m="28681" machi="86" ten="30,8000,1" yaku="35,5" doraHai="35" who="0" fromWho="2" sc="172,83,347,0,290,-83,191,0" /><INIT seed="2,0,0,5,5,86" ten="255,347,207,191" oya="2" hai0="89,39,35,14,101,97,20,106,117,26,31,91,37" hai1="18,33,68,125,64,131,124,87,61,56,112,129,118" hai2="30,116,75,111,41,108,57,51,6,74,127,59,93" hai3="94,28,82,78,114,65,52,48,107,60,13,16,43"/><V4/><F116/><W17/><G114/><T70/><D70/><U73/><E73/><N who="2" m="27659" /><F30/><W40/><G107/><T95/><D117/><U104/><E118/><V50/><F127/><N who="1" m="48713" /><E104/><V84/><F84/><W96/><G28/><T132/><D132/><U46/><E112/><V71/><F93/><W79/><G43/><T135/><D135/><U58/><E33/><V9/><F71/><W83/><G40/><T25/><D14/><U126/><E126/><V19/><F19/><W113/><G113/><T55/><D55/><U7/><E7/><N who="2" m="2603" /><F9/><W134/><G134/><T121/><D121/><U49/><E87/><V76/><F76/><W130/><G79/><T42/><D42/><N who="1" m="24791" /><E18/><V128/><F128/><AGARI ba="0,0" hai="56,58,61,64,68,128,129,131" m="24791,48713" machi="128" ten="30,7700,0" yaku="19,1,18,1,34,2" doraHai="86" who="1" fromWho="2" sc="255,0,347,77,207,-77,191,0" /><INIT seed="3,0,0,4,1,25" ten="255,424,130,191" oya="3" hai0="78,65,133,54,47,71,42,131,15,61,55,11,119" hai1="89,110,120,39,132,115,10,101,124,49,22,56,122" hai2="19,109,62,1,80,70,59,103,46,31,87,106,77" hai3="44,28,72,96,86,79,99,64,21,73,67,3,63"/><W113/><G3/><T8/><D119/><U94/><E39/><V116/><F1/><W26/><G113/><T125/><D125/><U118/><E115/><V0/><F116/><W130/><G130/><T40/><D133/><U91/><E118/><V107/><F0/><W41/><G86/><T20/><D78/><U134/><E124/><V75/><F109/><W4/><G4/><T17/><D131/><U74/><E74/><V111/><F111/><W52/><G67/><T29/><D40/><U69/><E69/><V2/><F2/><W76/><G73/><T6/><D29/><U16/><E10/><V108/><F108/><W50/><G41/><T104/><D11/><U13/><E101/><V60/><F46/><W24/><G76/><T51/><D104/><U105/><E91/><V36/><F36/><W88/><G88/><T9/><D9/><U45/><E56/><V5/><F5/><W121/><G121/><T33/><D33/><U27/><E27/><AGARI ba="0,0" hai="6,8,15,17,20,27,42,47,51,54,55,61,65,71" machi="27" ten="30,1000,0" yaku="7,1" doraHai="25" who="0" fromWho="1" sc="255,10,424,-10,130,0,191,0" owari="265,6.5,414,51.4,130,-37.0,191,-20.9" /></mjloggm>