<mjloggm ver="2.3"><GO type="225" lobby="0"/><UN n0="%E7%87%90%2E%2E" n1="%E8%9B%87%E3%81%AE%E8%A1%80" n2="%E5%B8%86%E7%AB%8B%E5%A4%8F%E8%A1%A3" n3="%E5%8F%AF%E5%85%90%E9%82%A3%E7%94%B1%E5%A4%9A" dan="16,16,17,16" rate="2134.67,2161.73,2172.74,2105.30" sx="M,M,M,F"/><TAIKYOKU oya="0"/><INIT seed="0,0,0,0,3,37" ten="250,250,250,250" oya="0" hai0="62,133,45,24,29,115,118,130,5,84,65,51,83" hai1="126,27,69,113,16,82,63,131,7,47,101,0,99" hai2="18,135,35,4,117,93,48,95,81,1,92,46,134" hai3="59,102,10,98,32,108,94,53,28,12,77,106,40"/><T111/><D118/><U121/><E121/><V78/><F35/><W89/><G108/><T50/><D115/><U129/><E113/><V122/><F122/><W54/><G77/><T23/><D130/><N who="1" m="49675" /><E126/><V21/><F117/><W119/><G119/><T114/><D114/><U31/><E82/><V56/><F56/><W66/><G32/><T60/><D133/><N who="2" m="50698" /><F4/><W76/><G28/><T72/><D72/><U39/><E0/><V91/><F1/><W64/><G76/><T86/><D111/><U87/><E7/><V80/><F91/><W75/><G75/><T20/><D5/><U52/><E87/><N who="2" m="48535" /><F81/><W38/><G59/><T61/><D65/><N who="1" m="41151" /><E31/><V68/><F68/><W128/><G128/><T90/><D20/><N who="1" m="13703" /><E39/><V13/><F95/><W43/><G64/><T123/><D123/><U96/><E101/><V127/><F127/><W55/><G66/><T19/><D29/><U73/><E73/><V116/><F116/><W124/><G38/><T104/><D104/><U30/><E30/><V9/><F21/><W85/><REACH who="3" step="1"/><G124/><REACH who="3" ten="250,250,250,240" step="2"/><T67/><D67/><U3/><E3/><V44/><F44/><W26/><G26/><T100/><D45/><U57/><E47/><V42/><AGARI ba="0,1" hai="9,13,18,42,46,48,92,93" m="48535,50698" machi="42" ten="30,2000,0" yaku="20,1,52,1" doraHai="37" who="2" fromWho="2" sc="250,-10,250,-5,250,30,240,-5" /><INIT seed="1,0,0,4,4,64" ten="240,245,280,235" oya="1" hai0="14,109,110,28,50,127,5,52,84,68,19,99,56" hai1="54,95,55,129,133,10,33,80,90,51,53,44,134" hai2="23,107,2,85,69,31,132,75,61,41,21,118,128" hai3="82,91,117,16,11,46,87,124,15,57,94,102,77"/><U65/><E33/><V29/><F75/><W108/><G108/><T113/><D113/><U74/><E10/><V42/><F107/><W8/><G124/><T17/><D127/><U39/><E80/><V71/><F85/><W22/><G117/><T43/><D28/><U6/><E6/><V67/><F67/><W66/><G102/><T27/><D43/><N who="1" m="22655" /><E74/><V78/><F61/><W38/><G38/><T114/><D114/><U25/><E25/><V48/><F48/><W81/><G81/><T104/><D5/><U59/><E95/><V120/><F118/><W89/><G46/><T7/><D7/><U119/><E90/><V88/><F88/><N who="3" m="33867" /><G94/><T86/><D27/><U135/><E119/><V92/><F92/><W79/><G79/><T93/><D104/><U73/><E73/><V125/><F125/><W70/><G70/><T96/><D93/><U130/><E65/><V105/><F105/><W60/><AGARI ba="0,0" hai="8,11,15,16,22,57,60,66,77,82,87" m="33867" machi="60" ten="30,4000,0" yaku="8,1,54,2" doraHai="64" who="3" fromWho="3" sc="240,-10,245,-20,280,-10,235,40" /><INIT seed="2,0,0,3,1,41" ten="230,225,270,275" oya="2" hai0="118,8,106,34,78,120,26,123,21,117,66,98,124" hai1="32,111,39,5,101,58,90,13,128,3,97,77,64" hai2="71,29,17,15,91,89,67,87,36,65,18,12,112" hai3="88,82,62,24,92,93,52,75,96,59,61,2,130"/><V116/><F36/><W126/><G2/><T55/><D66/><U54/><E32/><V7/><F116/><N who="0" m="44650" /><D34/><U110/><E3/><V48/><F112/><W81/><G126/><T51/><D124/><U105/><E39/><V33/><F33/><W9/><G130/><T0/><D78/><U53/><E77/><V44/><F29/><W74/><G9/><T4/><D98/><U25/><E25/><V94/><F7/><W127/><G127/><T56/><D106/><U102/><E102/><V108/><F71/><W14/><G14/><T119/><N who="0" m="44658" /><T104/><DORA hai="63" /><D104/><U95/><E128/><V121/><F91/><W31/><G93/><T79/><D79/><U129/><E129/><V134/><F121/><W132/><G132/><T135/><D135/><U38/><E38/><V73/><F73/><W16/><G31/><AGARI ba="0,0" hai="0,4,8,21,26,31,51,55,56,120,123" m="44658" machi="31" ten="40,1300,0" yaku="12,1" doraHai="41,63" who="0" fromWho="3" sc="230,13,225,0,270,0,275,-13" /><INIT seed="3,0,0,0,2,46" ten="243,225,270,262" oya="3" hai0="33,58,135,43,92,106,88,13,41,99,119,95,12" hai1="90,75,78,15,85,129,115,11,125,122,27,130,82" hai2="60,104,53,6,55,123,49,56,87,61,52,5,51" hai3="96,121,100,34,102,9,50,64,126,45,134,25,18"/><W108/><G121/><T67/><D119/><U79/><E27/><V24/><F104/><W7/><G134/><T71/><D71/><U68/><E68/><V73/><F73/><W69/><G126/><T70/><D70/><U59/><E59/><N who="2" m="34919" /><F123/><W39/><G39/><T1/><D1/><U4/><E122/><V84/><F24/><W21/><G34/><T86/><D33/><U117/><E115/><V48/><F55/><W36/><G36/><T65/><D106/><U66/><E66/><N who="0" m="25097" /><D58/><U124/><E117/><V131/><F131/><N who="1" m="50185" /><E75/><V38/><F38/><W42/><G108/><T54/><D54/><U29/><E29/><V20/><F20/><W98/><G64/><T2/><D2/><U83/><E83/><V97/><F97/><N who="3" m="37483" /><G69/><T28/><D28/><U63/><E63/><V105/><F105/><W120/><G120/><T57/><D57/><U16/><E4/><AGARI ba="0,0" hai="4,5,6,48,49,51,53,56,61,84,87" m="34919" machi="4" ten="30,8000,1" yaku="8,1,52,3,54,1" doraHai="46" who="2" fromWho="1" sc="243,0,225,-80,270,80,262,0" owari="243,-15.7,145,-35.5,350,45.0,262,6.2" /></mjloggm>