<mjloggm ver="2.3"><GO type="225" lobby="0"/><UN n0="%E6%A1%9C%E8%8A%B1%E9%96%83%E3%80%85" n1="%E7%99%BD%E6%97%A5%E9%9B%AA%E8%8F%9C" n2="%E7%B4%94%E6%BD%94%E3%83%94%E3%83%A9%E3%83%8B%E3%82%A2" n3="%E6%9D%B1%E9%A2%A8%E3%81%AE%E3%81%8D%E3%82%83%E3%81%B7%E3%81%95%E3%82%93" dan="16,16,16,16" rate="2038.57,2139.43,2154.50,2150.72" sx="M,M,M,M"/><TAIKYOKU oya="0"/><INIT seed="0,0,0,2,4,33" ten="250,250,250,250" oya="0" hai0="3,72,106,11,86,73,89,135,134,100,71,50,43" hai1="7,57,95,40,2,44,41,120,53,37,10,101,119" hai2="122,55,80,20,22,62,32,88,38,129,75,17,67" hai3="42,56,13,131,15,64,12,127,132,25,68,94,14"/><T52/><D71/><U24/><E119/><V26/><F32/><W47/><G68/><T1/><D43/><U79/><E120/><V23/><F122/><W107/><G107/><T61/><D61/><U21/><E40/><V69/><F38/><W58/><G132/><N who="0" m="50731" /><D100/><U125/><E125/><V4/><F129/><W46/><G127/><T76/><D76/><U70/><E70/><V112/><F112/><W85/><G131/><T27/><D27/><U108/><E79/><V99/><F4/><W18/><G25/><T31/><D31/><U114/><E114/><V66/><F66/><W74/><G74/><N who="0" m="28779" /><D11/><U84/><E101/><V105/><F105/><W51/><G46/><N who="0" m="27735" /><D106/><U126/><E126/><V77/><REACH who="2" step="1"/><F55/><REACH who="2" ten="250,250,240,250" step="2"/><W123/><G64/><T16/><D16/><U65/><E53/><V109/><F109/><W78/><G123/><T87/><D87/><U130/><E108/><V115/><F115/><W5/><G85/><T60/><D60/><U83/><E84/><V116/><F116/><W36/><G36/><T59/><D59/><U48/><E57/><V133/><F133/><W121/><G58/><T82/><AGARI ba="0,1" hai="1,3,82,86,89" m="27735,28779,50731" machi="82" ten="30,11700,0" yaku="20,1,52,2,54,1" doraHai="33" who="0" fromWho="0" sc="250,127,250,-39,240,-39,250,-39" /><INIT seed="0,1,0,2,0,79" ten="377,211,201,211" oya="0" hai0="126,12,104,80,87,59,27,113,129,124,36,33,8" hai1="52,112,88,38,93,29,75,70,67,53,64,6,37" hai2="123,23,94,115,73,40,133,132,134,42,3,14,130" hai3="119,63,62,34,122,125,107,78,109,108,28,18,2"/><T127/><D113/><U65/><E70/><V89/><F115/><W50/><G50/><T58/><D104/><U103/><E112/><V41/><F123/><W49/><G49/><T25/><D36/><U110/><E75/><V17/><F73/><W16/><G78/><N who="0" m="46487" /><D129/><U98/><E110/><V105/><F105/><W97/><G2/><T114/><D114/><U15/><E29/><V30/><F30/><W5/><G5/><N who="0" m="3087" /><D33/><U1/><E1/><V7/><F7/><W69/><G69/><T92/><D92/><N who="1" m="58823" /><E38/><V86/><REACH who="2" step="1"/><F3/><REACH who="2" ten="377,211,191,211" step="2"/><W4/><G122/><T71/><D71/><U84/><E37/><V21/><F21/><W60/><G4/><T116/><D116/><U83/><E93/><V31/><F31/><W57/><G28/><T54/><D59/><U91/><E91/><V77/><F77/><W96/><G34/><T0/><D0/><U39/><E39/><V121/><F121/><W128/><G107/><T48/><AGARI ba="1,1" hai="25,27,48,54,58,124,126,127" m="3087,46487" machi="48" ten="30,3000,0" yaku="18,1,52,1" doraHai="79" who="0" fromWho="0" sc="377,43,211,-11,191,-11,211,-11" /><INIT seed="0,2,0,5,0,20" ten="420,200,180,200" oya="0" hai0="81,88,94,41,71,87,36,42,100,19,96,82,2" hai1="86,29,92,57,54,99,107,79,93,44,131,48,72" hai2="130,50,124,70,63,60,47,16,116,75,97,27,132" hai3="101,59,28,18,23,5,103,12,58,21,74,11,3"/><T0/><D71/><U24/><E131/><V117/><F130/><W17/><G74/><T83/><D19/><U66/><E72/><V134/><F75/><W39/><G39/><T37/><D37/><U33/><E107/><V77/><F77/><W125/><G28/><T85/><D36/><U30/><E29/><V95/><F124/><W89/><G89/><T6/><D6/><U121/><E121/><V127/><F127/><W25/><G125/><T90/><REACH who="0" step="1"/><D82/><REACH who="0" ten="410,200,180,200" step="2"/><U38/><E38/><V118/><F70/><W43/><G17/><T76/><D76/><U8/><E79/><V119/><F119/><W108/><G18/><T73/><D73/><U4/><E4/><V91/><F132/><W122/><G5/><T67/><D67/><U129/><E66/><V102/><F134/><W14/><G122/><T34/><D34/><U22/><E33/><V49/><F118/><W110/><G3/><AGARI ba="2,1" hai="0,2,3,41,42,81,83,85,87,88,90,94,96,100" machi="3" ten="40,12000,1" yaku="1,1,9,1,54,1,53,2" doraHai="20" doraHaiUra="84" who="0" fromWho="3" sc="410,136,200,0,180,0,200,-126" /><INIT seed="0,3,0,2,5,121" ten="546,200,180,74" oya="0" hai0="127,59,34,6,111,128,67,11,53,110,36,126,95" hai1="37,27,115,78,64,10,15,74,70,61,112,86,1" hai2="123,2,29,129,55,96,135,4,62,48,108,82,72" hai3="9,23,92,116,33,81,122,101,90,26,51,52,114"/><T0/><D128/><U28/><E37/><V54/><F123/><W24/><G122/><T85/><D34/><N who="1" m="20767" /><E86/><V84/><F29/><W45/><G116/><T66/><D36/><U25/><E25/><V102/><F72/><W46/><G114/><T100/><D100/><U31/><E31/><V18/><F18/><W75/><G33/><T49/><D95/><U107/><E107/><V103/><F103/><W71/><G71/><T125/><D85/><U97/><E97/><V16/><F2/><W68/><G68/><T69/><D69/><U56/><E56/><V42/><F4/><W118/><G118/><T130/><D130/><U98/><E98/><V117/><F117/><W93/><G9/><T105/><D105/><U20/><E20/><V99/><F99/><N who="3" m="59623" /><G75/><T22/><D22/><U13/><E13/><V76/><F135/><W19/><G81/><T79/><D79/><U133/><E15/><V109/><F129/><W8/><G26/><T80/><D80/><N who="1" m="45143" /><E133/><V17/><F17/><W77/><G77/><T41/><D41/><U104/><E104/><V39/><F16/><N who="3" m="12391" /><G8/><T57/><D67/><U65/><E64/><V131/><F131/><W124/><G19/><T113/><D113/><U50/><E50/><V38/><F39/><W60/><G60/><AGARI ba="3,0" hai="0,6,11,49,53,57,59,60,66,110,111,125,126,127" machi="60" ten="50,9600,0" yaku="18,1,52,2" doraHai="121" who="0" fromWho="3" sc="546,105,200,0,180,0,74,-105" owari="651,75.1,200,0.0,180,-22.0,-31,-53.1" /></mjloggm>