<mjloggm ver="2.3"><GO type="225" lobby="0"/><UN n0="%6E%69%63%6B%6C%6F%77" n1="%65%6B%61%72%75%74%65" n2="%E6%A1%9C%E8%8A%B1%E9%96%83%E3%80%85" n3="%72%69%6F%75%63%68%61%6E" dan="16,16,18,17" rate="2096.87,2141.76,2211.45,2185.27" sx="M,M,M,M"/><TAIKYOKU oya="0"/><INIT seed="0,0,0,5,1,50" ten="250,250,250,250" oya="0" hai0="19,27,64,73,94,78,2,26,68,16,95,31,120" hai1="8,61,76,10,85,101,130,40,14,36,9,63,22" hai2="60,91,11,42,21,74,59,30,134,32,114,69,53" hai3="62,55,15,0,75,111,82,24,119,132,84,29,122"/><T110/><D120/><U47/><E130/><V133/><F114/><W80/><G119/><T46/><D2/><U41/><E101/><V58/><F32/><W125/><G111/><T117/><D117/><U23/><E41/><V96/><F74/><W35/><G0/><T13/><D110/><U135/><E135/><N who="2" m="51723" /><F42/><W37/><G132/><T118/><D118/><U49/><E36/><V87/><F69/><W116/><G116/><T93/><D46/><U98/><E98/><V112/><F112/><W126/><G122/><T113/><D113/><U7/><E23/><V115/><F115/><W43/><G75/><T89/><D73/><U33/><E33/><V3/><F96/><W54/><G15/><T1/><D78/><U105/><E105/><V51/><F30/><W81/><G84/><T121/><D1/><U71/><E22/><V34/><F21/><W52/><REACH who="3" step="1"/><G62/><REACH who="3" ten="250,250,250,240" step="2"/><N who="1" m="23562" /><E71/><V6/><F60/><W106/><G106/><T17/><D121/><U88/><E76/><V129/><F129/><W67/><G67/><T100/><D68/><U38/><E38/><V83/><F34/><W77/><G77/><T108/><D64/><U128/><E128/><V5/><F3/><W123/><G123/><T107/><D108/><U28/><E28/><V104/><F104/><W18/><G18/><N who="0" m="6667" /><D31/><U109/><E109/><V86/><F86/><W127/><G127/><T79/><D27/><U124/><E124/><V48/><F11/><W4/><G4/><T56/><D26/><U97/><E97/><V39/><F39/><W45/><AGARI ba="0,1" hai="24,29,35,37,43,45,52,54,55,80,81,82,125,126" machi="45" ten="40,12000,2" yaku="1,1,0,1,52,3,54,1,53,0" doraHai="50" doraHaiUra="102" who="3" fromWho="3" sc="250,-60,250,-30,250,-30,240,130" /><INIT seed="1,0,0,0,3,78" ten="190,220,220,370" oya="1" hai0="44,76,94,43,16,62,22,125,51,54,26,123,30" hai1="14,64,91,106,57,49,130,0,27,9,35,96,128" hai2="55,68,45,103,126,135,1,53,23,65,71,115,31" hai3="98,41,87,37,66,8,80,74,32,15,36,4,6"/><U89/><E0/><V86/><F1/><W75/><G32/><T48/><D125/><U33/><E106/><V122/><F122/><W97/><G66/><T56/><D123/><U28/><E35/><V34/><F34/><W117/><G117/><T13/><D76/><U100/><E100/><V58/><F126/><W133/><G133/><T127/><D127/><U111/><E111/><V77/><F135/><W110/><G110/><T112/><D112/><U72/><E72/><V82/><F103/><W50/><G4/><T93/><REACH who="0" step="1"/><D51/><REACH who="0" ten="180,220,220,370" step="2"/><U81/><E49/><V104/><F115/><W52/><G37/><T105/><D105/><U121/><E121/><V95/><F104/><W25/><G36/><T10/><AGARI ba="0,1" hai="10,13,16,22,26,30,43,44,48,54,56,62,93,94" machi="10" ten="20,8000,1" yaku="1,1,0,1,7,1,8,1,54,1,53,0" doraHai="78" doraHaiUra="73" who="0" fromWho="0" sc="180,90,220,-40,220,-20,370,-20" /><INIT seed="2,0,0,5,5,6" ten="270,180,200,350" oya="2" hai0="125,30,88,41,62,91,38,18,93,133,68,12,74" hai1="105,57,109,126,120,130,47,135,43,55,31,124,10" hai2="95,61,23,96,70,98,113,75,48,7,134,11,65" hai3="110,54,33,1,102,28,37,53,8,78,72,14,36"/><V26/><F134/><W86/><G72/><T76/><D133/><U19/><E135/><V67/><F113/><W132/><G132/><T117/><D30/><U0/><E105/><V114/><F114/><W103/><G1/><T45/><D125/><N who="1" m="48235" /><E109/><V35/><F35/><W59/><G110/><T64/><D117/><U39/><E130/><V22/><F75/><W69/><G69/><T5/><D5/><N who="1" m="1319" /><E120/><V99/><F67/><W123/><G123/><T63/><D63/><N who="1" m="36287" /><E19/><V4/><F4/><W94/><G86/><T104/><D104/><U16/><E16/><V83/><F83/><W58/><G94/><T101/><D74/><U84/><E84/><V71/><F71/><W100/><G103/><T87/><D101/><U13/><E13/><V32/><F48/><W121/><G78/><T73/><D73/><U119/><E31/><V42/><F42/><W80/><G33/><T52/><D52/><N who="3" m="20073" /><G37/><T50/><D38/><U17/><E17/><V107/><F107/><W116/><G80/><T24/><D24/><U27/><E27/><V3/><REACH who="2" step="1"/><F95/><REACH who="2" ten="270,180,190,350" step="2"/><W77/><G36/><T44/><D44/><U85/><E85/><V129/><F129/><W128/><G128/><T108/><D108/><U79/><E79/><V20/><F20/><W51/><G77/><T89/><D76/><U40/><E43/><V34/><F34/><W131/><G131/><T97/><D87/><U15/><E119/><V46/><F46/><W106/><G116/><T49/><D50/><U82/><E82/><V81/><F81/><W111/><G51/><T112/><D112/><U9/><E9/><AGARI ba="0,1" hai="9,12,18,41,45,49,62,64,68,88,89,91,93,97" machi="9" ten="30,7700,0" yaku="6,1,7,1,52,1,54,1" doraHai="6" who="0" fromWho="1" sc="270,87,180,-77,190,0,350,0" /><INIT seed="3,0,0,2,5,35" ten="357,103,190,350" oya="3" hai0="122,104,37,19,4,54,27,106,74,99,13,39,66" hai1="103,85,119,116,33,45,69,114,102,67,28,130,18" hai2="92,34,73,131,75,26,53,64,95,65,125,49,9" hai3="98,72,87,32,68,56,38,121,40,17,3,5,43"/><W120/><G72/><T100/><D122/><U8/><E130/><V108/><F131/><W105/><G68/><T80/><D106/><U46/><E114/><V128/><F128/><W29/><G17/><T88/><D66/><U126/><E126/><V96/><F92/><W133/><G87/><T81/><D81/><U84/><E33/><V123/><F108/><W36/><G56/><T10/><D27/><U41/><E18/><V93/><F93/><W94/><G94/><T30/><D30/><U1/><E28/><V129/><F129/><W7/><G133/><T44/><D4/><U135/><E8/><V2/><F123/><N who="3" m="47179" /><G7/><T63/><D63/><U70/><E41/><V21/><F34/><W59/><G59/><T107/><D107/><U23/><E23/><V57/><F65/><W113/><G40/><T83/><D83/><U24/><E67/><V51/><F51/><W111/><G113/><T115/><D115/><U55/><E24/><V20/><F64/><W97/><G111/><T91/><D74/><N who="2" m="28170" /><F21/><W76/><G76/><T110/><D110/><U58/><E58/><V50/><F50/><W48/><G48/><N who="0" m="28935" /><D91/><U132/><E55/><V82/><F82/><W79/><G79/><T78/><D78/><U124/><E124/><V112/><F20/><W22/><G32/><T77/><D77/><U14/><E14/><V90/><F96/><N who="3" m="36971" /><G105/><T118/><D118/><U61/><E61/><V16/><F16/><W60/><G60/><T47/><D47/><U71/><E70/><V6/><F6/><W62/><G62/><T86/><AGARI ba="0,0" hai="10,13,19,37,39,80,86,88,99,100,104" m="28935" machi="86" ten="30,2000,0" yaku="25,1,54,1" doraHai="35" who="0" fromWho="0" sc="357,20,103,-5,190,-5,350,-10" owari="377,47.7,98,-40.2,185,-21.5,340,14.0" /></mjloggm>