<mjloggm ver="2.3"><GO type="225" lobby="0"/><UN n0="%E3%81%AF%E3%82%88%E3%81%8A%E3%81%98%E3%81%95%E3%82%93" n1="%E5%AE%AE%E4%BF%9D%E9%B6%8F%E8%82%89" n2="%E6%A1%9C%E8%8A%B1%E9%96%83%E3%80%85" n3="%E6%98%93%E5%88%A9%E8%96%A9%E4%BC%AF" dan="16,16,17,16" rate="2168.18,2096.12,2235.19,2131.51" sx="M,M,M,F"/><TAIKYOKU oya="0"/><INIT seed="0,0,0,5,1,44" ten="250,250,250,250" oya="0" hai0="73,86,131,52,0,55,63,81,85,105,100,1,49" hai1="111,37,39,83,13,56,26,23,24,16,47,51,101" hai2="50,119,82,9,106,68,42,61,84,33,40,69,92" hai3="108,25,102,29,12,8,107,30,18,114,118,32,113"/><T48/><D73/><U94/><E111/><V93/><F106/><W57/><G118/><T62/><D105/><U22/><E39/><V15/><F33/><W98/><G108/><T130/><D81/><U35/><E35/><V11/><F119/><W99/><G30/><T128/><D130/><U58/><E37/><V88/><F9/><W10/><G99/><T90/><D90/><U31/><E83/><V134/><F134/><W133/><G133/><T71/><D71/><U4/><E4/><V6/><F69/><W67/><G10/><T96/><D96/><N who="1" m="59543" /><E26/><V28/><F28/><W104/><G104/><T115/><D100/><U70/><E70/><V87/><F50/><W41/><G41/><AGARI ba="0,0" hai="13,16,22,23,24,31,41,47,51,56,58" m="59543" machi="41" ten="30,3900,0" yaku="8,1,52,1,54,1" doraHai="44" who="1" fromWho="3" sc="250,0,250,39,250,0,250,-39" /><INIT seed="1,0,0,1,2,53" ten="250,289,250,211" oya="1" hai0="2,79,63,33,61,6,87,28,74,52,99,93,128" hai1="22,100,8,29,83,45,96,1,37,42,84,26,49" hai2="56,114,23,105,44,38,11,36,3,30,112,13,48" hai3="77,62,54,20,82,39,106,116,18,78,131,50,24"/><U7/><E37/><V76/><F105/><W97/><G39/><T40/><D74/><U135/><E135/><V15/><F76/><W120/><G120/><T80/><D128/><U31/><E31/><V110/><F110/><W94/><G106/><T17/><D40/><U64/><E64/><V103/><F103/><W104/><G104/><T70/><D70/><U5/><E5/><N who="2" m="3311" /><F3/><W86/><G131/><T21/><D33/><U118/><E118/><V109/><F109/><W89/><G116/><T92/><D28/><U85/><REACH who="1" step="1"/><E83/><REACH who="1" ten="250,279,250,211" step="2"/><V66/><F30/><W130/><G130/><T121/><D6/><U35/><E35/><V124/><F66/><W75/><G75/><T88/><D121/><U9/><E9/><V12/><F38/><W0/><G0/><T57/><D2/><U132/><E132/><V34/><F34/><W58/><REACH who="3" step="1"/><G50/><REACH who="3" ten="250,279,250,201" step="2"/><N who="0" m="30871" /><D92/><AGARI ba="0,2" hai="1,7,8,22,26,29,42,45,49,84,85,92,96,100" machi="92" ten="30,5800,0" yaku="1,1,7,1,53,1" doraHai="53" doraHaiUra="47" who="1" fromWho="0" sc="250,-58,279,78,250,0,201,0" /><INIT seed="1,1,0,0,2,11" ten="192,357,250,201" oya="1" hai0="88,109,89,46,82,7,75,106,58,26,73,21,45" hai1="116,50,123,57,91,118,112,113,127,115,59,104,41" hai2="16,83,79,111,114,47,93,36,64,27,124,17,110" hai3="107,42,97,84,25,31,44,0,20,131,117,32,4"/><U76/><E104/><V71/><F124/><W38/><G131/><T19/><D106/><U86/><E76/><V51/><F36/><W8/><G84/><T133/><D109/><N who="2" m="41482" /><F114/><W40/><G40/><T23/><D133/><U65/><E127/><V55/><F93/><W96/><G117/><N who="1" m="45162" /><E91/><V56/><F71/><W119/><G119/><T92/><D7/><U14/><E14/><V77/><F27/><W126/><G126/><T103/><D73/><U62/><E86/><N who="2" m="48495" /><F79/><W135/><G135/><T99/><D75/><U66/><E123/><V48/><F64/><N who="1" m="24681" /><E62/><V121/><F121/><W108/><G108/><T3/><D3/><U81/><E81/><V18/><F18/><W125/><G125/><T63/><D82/><U69/><E69/><V52/><AGARI ba="1,0" hai="16,17,47,48,51,52,55,56" m="48495,41482" machi="52" ten="30,4000,0" yaku="14,1,54,2" doraHai="11" who="2" fromWho="2" sc="192,-11,357,-21,250,43,201,-11" /><INIT seed="2,0,0,3,5,33" ten="181,336,293,190" oya="2" hai0="10,102,5,56,89,11,15,105,26,7,54,70,53" hai1="29,6,91,123,27,98,134,128,16,18,114,76,52" hai2="14,36,43,126,42,22,31,72,28,41,35,80,129" hai3="9,74,112,8,84,58,95,49,133,121,77,24,39"/><V83/><F35/><W34/><G121/><T118/><D70/><U88/><E114/><V60/><F36/><W1/><G39/><T45/><D118/><U51/><E123/><V64/><F126/><W100/><G133/><T3/><D45/><U2/><E134/><V113/><F113/><W62/><G49/><T55/><D89/><U30/><E76/><V75/><F129/><W17/><G74/><T47/><D47/><U63/><E63/><V0/><F0/><W12/><G112/><T19/><D26/><U38/><E38/><V59/><F75/><W65/><G77/><T131/><D131/><U119/><E2/><V37/><F37/><W116/><G116/><T130/><D130/><U92/><E6/><V99/><F99/><W57/><G57/><T122/><D122/><U109/><E109/><V25/><F72/><W135/><G135/><T82/><D82/><N who="2" m="31274" /><F14/><W96/><G84/><T87/><D87/><N who="1" m="52255" /><E119/><V104/><F104/><W32/><REACH who="3" step="1"/><G24/><REACH who="3" ten="181,336,293,180" step="2"/><T66/><D56/><N who="1" m="32799" /><E128/><V21/><F25/><W108/><G108/><T46/><D46/><U111/><E111/><V50/><F50/><W125/><G125/><T71/><D71/><U67/><E27/><V115/><F115/><W85/><G85/><T78/><D78/><U132/><E132/><V120/><F120/><W44/><G44/><T101/><D66/><U93/><E67/><V81/><F64/><W68/><G68/><T124/><D124/><U73/><E73/><V94/><F42/><W20/><G20/><T86/><D86/><U4/><E29/><N who="2" m="11339" /><F43/><W13/><G13/><N who="0" m="5327" /><D105/><U110/><E30/><RYUUKYOKU ba="0,1" sc="181,15,336,-15,293,-15,180,15" hai0="3,7,11,15,19,53,54,55,101,102" hai3="1,8,9,12,17,32,34,58,62,65,95,96,100" /><INIT seed="3,1,1,4,0,104" ten="196,321,278,195" oya="3" hai0="126,38,88,33,7,35,17,5,91,24,66,72,63" hai1="103,44,45,34,124,127,67,51,82,69,93,71,6" hai2="97,113,53,79,14,55,43,102,49,48,32,2,46" hai3="57,74,106,9,85,29,21,98,62,122,20,84,115"/><W77/><G115/><T8/><D72/><U117/><E34/><V92/><F113/><W125/><G122/><T36/><D126/><N who="1" m="48171" /><E117/><V65/><F2/><W28/><G125/><T118/><D118/><U87/><E6/><V60/><F32/><W132/><G132/><T78/><D78/><N who="1" m="46551" /><E67/><V25/><F25/><W50/><G50/><T110/><D110/><U26/><E26/><V31/><F31/><N who="3" m="11851" /><G106/><T0/><D5/><U107/><E107/><V61/><F79/><W120/><G120/><T130/><D130/><U40/><E44/><V23/><F65/><N who="3" m="39119" /><G74/><T12/><D24/><U76/><E76/><V101/><F101/><W111/><G111/><T95/><D33/><U116/><E116/><V54/><REACH who="2" step="1"/><F49/><REACH who="2" ten="196,321,268,195" step="2"/><W94/><G9/><T15/><D8/><U4/><E4/><V129/><F129/><W90/><G85/><T10/><D10/><U80/><E103/><V59/><F59/><W123/><G123/><T131/><D35/><U109/><E109/><V16/><AGARI ba="1,2" hai="14,16,23,43,46,48,53,54,55,60,61,92,97,102" machi="16" ten="30,7900,0" yaku="1,1,0,1,8,1,54,1,53,0" doraHai="104" doraHaiUra="112" who="2" fromWho="2" sc="196,-21,321,-21,268,102,195,-40" owari="175,-22.5,300,10.0,370,47.0,155,-34.5" /></mjloggm>