<mjloggm ver="2.3"><GO type="225" lobby="0"/><UN n0="%E3%81%B2%E3%81%AA%E3%81%AE%E3%82%8A%E3%81%8F" n1="%E8%BE%9B%E5%8F%A3%E3%82%AB%E3%83%AC%E3%83%BC%E3%83%A9%E3%82%A4%E3%82%B9" n2="%E6%97%A5%E6%9B%9C%E6%97%A5%E3%82%88%E3%82%8A%E3%81%AE%E4%BD%BF%E8%80%85" n3="%6A%70%74%77%61%32" dan="17,16,17,16" rate="2174.17,2179.34,2164.85,2043.60" sx="M,M,M,M"/><TAIKYOKU oya="0"/><INIT seed="0,0,0,4,0,7" ten="250,250,250,250" oya="0" hai0="41,69,109,28,127,19,73,67,78,40,49,53,6" hai1="37,95,13,43,24,93,15,66,90,57,42,116,48" hai2="11,77,96,92,12,135,134,70,31,59,108,83,105" hai3="29,68,51,126,20,34,36,122,79,87,100,81,1"/><T120/><D120/><U46/><E116/><V132/><F70/><W113/><G36/><T30/><D127/><U0/><E0/><V3/><F108/><W80/><G113/><T107/><D107/><U2/><E2/><V128/><F128/><W8/><G122/><T124/><D124/><U89/><E24/><V26/><F3/><W54/><G34/><T86/><D73/><U133/><E133/><V64/><F105/><W104/><G68/><T39/><D6/><U117/><E117/><V72/><F59/><W88/><G126/><T25/><D19/><U61/><E42/><V94/><F64/><W56/><G1/><T82/><D30/><U111/><E37/><V114/><F96/><W125/><G125/><T63/><D39/><U99/><REACH who="1" step="1"/><E111/><REACH who="1" ten="250,240,250,250" step="2"/><V5/><REACH who="2" step="1"/><F114/><REACH who="2" ten="250,240,240,250" step="2"/><W55/><G104/><T16/><D109/><U102/><E102/><V38/><F38/><W112/><G100/><T22/><REACH who="0" step="1"/><D28/><REACH who="0" ten="240,240,240,250" step="2"/><U123/><E123/><V118/><F118/><W130/><G29/><T103/><D103/><U18/><E18/><V44/><F44/><AGARI ba="0,3" hai="16,22,25,40,41,44,49,53,63,67,69,78,82,86" machi="44" ten="30,5800,0" yaku="1,1,7,1,54,1,53,0" doraHai="7" doraHaiUra="110" who="0" fromWho="2" sc="240,88,240,0,240,-58,250,0" /><INIT seed="0,1,0,4,4,19" ten="328,240,182,250" oya="0" hai0="44,110,23,45,39,73,84,112,120,22,37,72,89" hai1="101,121,8,97,106,13,56,18,113,65,114,60,4" hai2="76,35,103,28,92,132,128,116,86,80,68,100,21" hai3="50,127,62,96,78,17,81,95,30,15,27,9,122"/><T104/><D112/><U51/><E121/><V133/><F35/><W40/><G122/><T124/><D120/><U49/><REACH who="1" step="1"/><E4/><REACH who="1" ten="328,230,182,250" step="2"/><V24/><F116/><W6/><G6/><T131/><D39/><U107/><E107/><V117/><F117/><W79/><G127/><T33/><D37/><U52/><E52/><V54/><F128/><W134/><G134/><T29/><D104/><U25/><E25/><V36/><F36/><W31/><G62/><T88/><D131/><U111/><E111/><V87/><F54/><W126/><G126/><T0/><D110/><U42/><E42/><V109/><F109/><W2/><G2/><T71/><D0/><U48/><AGARI ba="1,1" hai="8,13,18,48,49,51,56,60,65,97,101,106,113,114" machi="48" ten="30,2000,0" yaku="1,1,0,1,53,0" doraHai="19" doraHaiUra="118" who="1" fromWho="1" sc="328,-11,230,33,182,-6,250,-6" /><INIT seed="1,0,0,3,0,114" ten="317,263,176,244" oya="1" hai0="52,126,128,46,20,103,108,57,133,11,49,80,131" hai1="64,89,86,45,65,124,109,6,61,93,15,35,92" hai2="135,102,34,27,119,21,0,75,74,76,60,16,129" hai3="90,105,122,67,96,19,73,123,84,66,83,38,68"/><U36/><E124/><V50/><F0/><W112/><G38/><T29/><D126/><U40/><E35/><V13/><F129/><N who="0" m="49738" /><D108/><U62/><E109/><V30/><F135/><W106/><G112/><T9/><D103/><U98/><E6/><V56/><F119/><W94/><G19/><T14/><D133/><U26/><E26/><V101/><F50/><W116/><G68/><T81/><D29/><U104/><E104/><N who="3" m="40042" /><G66/><T23/><D9/><U127/><E127/><V118/><F118/><W37/><G67/><T71/><D71/><U113/><E113/><V95/><F76/><N who="3" m="44431" /><G37/><T39/><D23/><U4/><E64/><V44/><F44/><W91/><G116/><T28/><D20/><U85/><E93/><AGARI ba="0,0" hai="84,90,91,93,94,96,122,123" m="44431,40042" machi="93" ten="30,2000,0" yaku="34,2" doraHai="114" who="3" fromWho="1" sc="317,0,263,-20,176,0,244,20" /><INIT seed="2,0,0,0,5,60" ten="317,243,176,264" oya="2" hai0="14,25,70,38,69,5,81,131,62,34,129,123,110" hai1="113,26,117,17,3,99,39,77,48,0,107,83,124" hai2="135,46,35,32,52,43,18,13,41,6,8,96,66" hai3="119,111,1,4,63,72,56,49,64,30,100,12,42"/><V53/><F135/><W121/><G119/><T82/><D123/><U109/><E117/><V79/><F79/><W45/><G121/><T16/><D38/><U19/><E113/><V115/><F115/><W130/><G111/><T20/><D110/><U37/><E109/><V15/><F35/><W122/><G1/><T126/><D126/><U86/><E124/><V33/><F33/><W114/><G122/><T67/><D70/><U54/><E39/><V125/><F32/><W103/><G130/><N who="0" m="49675" /><D5/><U21/><E37/><V118/><F118/><W7/><G114/><T71/><D71/><U9/><E107/><V97/><F125/><W58/><G72/><T59/><D69/><U128/><E128/><V2/><F2/><W84/><G30/><AGARI ba="0,0" hai="14,16,20,25,30,34,59,62,67,81,82" m="49675" machi="30" ten="30,3900,0" yaku="19,1,52,1,54,1" doraHai="60" who="0" fromWho="3" sc="317,39,243,0,176,0,264,-39" /><INIT seed="3,0,0,3,4,95" ten="356,243,176,225" oya="3" hai0="50,59,131,91,98,126,132,129,34,47,9,70,7" hai1="61,118,10,80,125,83,22,90,109,67,71,73,36" hai2="85,48,111,122,77,26,25,60,120,68,133,112,103" hai3="127,66,21,87,44,76,35,4,124,93,13,123,105"/><W31/><G123/><T58/><D34/><U6/><E109/><V42/><F112/><W78/><G105/><T79/><D70/><U102/><E73/><V100/><F111/><W108/><G108/><T11/><D79/><U57/><E36/><V33/><F133/><W86/><G35/><T106/><D11/><U0/><E125/><N who="3" m="48202" /><G66/><T38/><D38/><U49/><E118/><V81/><F68/><W5/><G44/><T65/><D126/><U104/><E90/><V45/><F60/><W62/><G62/><T115/><D115/><U27/><E102/><V74/><F74/><W30/><G93/><N who="0" m="56639" /><D65/><U37/><E37/><V52/><F42/><W110/><G110/><T19/><D106/><U32/><E32/><V43/><F43/><W82/><G13/><T134/><D134/><U24/><E24/><V84/><F84/><N who="3" m="32299" /><G21/><T97/><D132/><U3/><E3/><V64/><F64/><W130/><G130/><T128/><D47/><U113/><E104/><V12/><F12/><W14/><G14/><T28/><D128/><U107/><E107/><V40/><F40/><W117/><G117/><T2/><D2/><U54/><E113/><V17/><F26/><W116/><G116/><T89/><D129/><U69/><E69/><V51/><F51/><W75/><G76/><T94/><D50/><U99/><E99/><V16/><F33/><W29/><AGARI ba="0,0" hai="4,5,29,30,31,75,78,82" m="32299,48202" machi="29" ten="40,2100,0" yaku="18,1" doraHai="95" who="3" fromWho="3" sc="356,-7,243,-7,176,-7,225,21" /><INIT seed="3,1,0,0,2,106" ten="349,236,169,246" oya="3" hai0="2,15,8,92,131,90,9,23,93,62,116,135,52" hai1="58,80,112,26,107,98,115,65,11,96,81,79,17" hai2="33,114,109,55,51,89,130,64,117,124,72,21,0" hai3="39,129,24,111,12,4,37,77,97,42,74,1,83"/><W47/><G129/><T48/><D116/><U25/><E107/><V6/><F117/><W40/><G111/><T59/><D2/><U84/><E112/><V22/><F114/><W134/><G134/><T38/><D38/><U82/><E115/><V113/><F113/><W91/><G12/><T57/><D135/><U35/><E79/><V69/><F33/><W85/><G97/><N who="1" m="37482" /><E35/><V104/><F104/><W110/><G110/><T122/><D122/><U60/><E84/><V44/><F109/><W71/><G71/><T34/><D34/><U19/><E11/><N who="0" m="4169" /><D90/><U70/><E70/><V125/><F130/><W28/><G4/><T127/><D127/><U123/><E123/><V118/><F118/><W121/><G1/><T86/><D86/><U50/><E50/><V103/><F72/><W119/><G119/><T67/><D131/><U27/><AGARI ba="1,0" hai="17,19,25,26,27,58,60,65,80,81,82" m="37482" machi="27" ten="40,1500,0" yaku="8,1" doraHai="106" who="1" fromWho="1" sc="349,-5,236,18,169,-5,246,-8" owari="344,44.4,254,5.4,164,-33.6,238,-16.2" /></mjloggm>