<mjloggm ver="2.3"><GO type="225" lobby="0"/><UN n0="%E3%81%B5%E3%81%98%E3%81%8B%E3%81%A4" n1="%47%48%4F%53%54" n2="%E9%B3%B3%E6%9D%B1%E3%81%AE%E3%81%86%E3%81%95%E3%81%8E%E3%81%95%E3%82%93" n3="%E3%81%BF%E3%81%BF%E3%81%9A" dan="16,18,17,17" rate="2218.56,2243.26,2266.52,2215.81" sx="M,M,M,M"/><TAIKYOKU oya="0"/><INIT seed="0,0,0,5,5,124" ten="250,250,250,250" oya="0" hai0="92,15,31,64,98,6,12,54,25,49,130,43,0" hai1="9,62,129,3,114,134,69,47,106,73,94,75,14" hai2="60,88,70,39,38,21,37,100,2,104,42,82,87" hai3="96,91,10,78,5,65,123,33,101,119,50,29,58"/><T103/><D130/><U55/><E129/><V41/><F2/><W7/><G119/><T81/><D64/><U83/><E106/><V22/><F70/><W89/><G78/><T36/><D36/><U26/><E3/><V125/><F125/><W34/><G5/><T63/><D43/><U27/><E134/><V120/><F120/><W11/><G11/><T57/><D0/><U20/><E75/><V56/><F104/><W84/><G91/><T109/><D6/><U51/><E114/><V117/><F100/><W68/><G50/><T107/><D107/><U23/><E69/><V97/><F97/><W66/><G58/><T93/><D81/><U135/><E62/><V86/><F86/><W44/><G44/><T40/><D109/><U131/><E131/><V116/><F41/><W132/><G123/><T110/><D110/><U61/><E61/><V18/><F42/><W52/><G52/><N who="0" m="34215" /><D92/><U35/><E135/><V16/><F21/><N who="1" m="8265" /><E35/><V112/><F112/><W90/><G132/><T113/><D40/><U127/><E127/><V28/><F28/><W8/><G68/><T122/><D122/><U67/><E67/><N who="3" m="25610" /><G29/><T71/><D71/><U118/><E118/><N who="2" m="45675" /><F22/><W53/><G33/><N who="0" m="20719" /><D113/><U128/><E128/><V95/><F82/><N who="3" m="49303" /><G34/><T45/><D15/><U1/><E1/><V30/><F30/><W77/><G53/><AGARI ba="0,0" hai="16,18,37,38,39,53,56,60,87,88,95" m="45675" machi="53" ten="40,5200,0" yaku="12,1,54,2" doraHai="124" who="2" fromWho="3" sc="250,0,250,0,250,52,250,-52" /><INIT seed="1,0,0,2,2,105" ten="250,250,302,198" oya="1" hai0="46,85,64,77,17,82,54,35,48,43,22,0,69" hai1="92,2,33,104,15,86,55,118,52,49,134,87,78" hai2="116,72,130,36,59,18,51,125,89,110,115,74,114" hai3="32,57,108,111,10,7,8,63,90,81,4,14,26"/><U30/><E118/><V75/><F36/><W41/><G41/><T135/><D135/><U84/><E134/><V98/><F116/><W126/><G126/><T112/><D112/><N who="2" m="43050" /><F110/><W124/><G124/><T106/><D106/><U67/><E2/><V128/><F125/><W6/><G32/><T80/><D35/><U102/><E104/><V21/><F98/><W44/><G26/><T23/><D0/><U122/><E122/><V28/><F28/><W25/><G25/><T47/><D69/><U38/><E38/><V16/><F89/><W20/><G44/><T95/><D95/><U5/><E33/><V123/><F123/><W13/><G20/><T101/><D101/><U27/><E67/><V109/><F109/><W129/><G129/><N who="2" m="49769" /><F21/><W73/><G4/><T45/><D23/><N who="1" m="15743" /><E78/><V11/><F11/><W12/><G12/><T1/><D1/><U60/><E102/><V91/><F91/><W132/><G132/><T66/><D43/><U42/><E5/><V65/><F51/><W56/><G90/><T3/><D3/><U83/><E92/><V127/><F127/><W103/><G103/><T40/><D40/><U68/><E15/><V131/><F131/><W53/><REACH who="3" step="1"/><G57/><REACH who="3" ten="250,250,302,188" step="2"/><N who="0" m="32967" /><D82/><U61/><E42/><V99/><F99/><W19/><G19/><T133/><D133/><U79/><E68/><V37/><F37/><W31/><G31/><T113/><D113/><U9/><E9/><V117/><F117/><W34/><G34/><T88/><D88/><U62/><E55/><V50/><F18/><W121/><G121/><T29/><D17/><U70/><E70/><RYUUKYOKU ba="0,1" sc="250,10,250,10,302,-30,188,10" hai0="22,29,45,46,47,64,66,77,80,85" hai1="49,52,60,61,62,79,83,84,86,87" hai3="6,7,8,10,13,14,53,56,63,73,81,108,111" /><INIT seed="1,1,1,4,1,93" ten="260,260,272,198" oya="1" hai0="72,13,83,42,123,115,78,34,98,59,60,43,68" hai1="79,103,28,86,122,127,30,55,65,119,70,67,10" hai2="31,88,46,96,5,32,29,91,49,97,52,6,63" hai3="57,116,105,95,130,16,100,51,112,37,27,61,40"/><U12/><E119/><V111/><F111/><W1/><G112/><T104/><D115/><U84/><E122/><V25/><F63/><W45/><G1/><T80/><D123/><U108/><E108/><V114/><F114/><W102/><G105/><T3/><D68/><U7/><E127/><V56/><F56/><W39/><G116/><T9/><D34/><U48/><E103/><V90/><REACH who="2" step="1"/><F29/><REACH who="2" ten="260,260,262,198" step="2"/><N who="1" m="11369" /><E70/><V87/><F87/><N who="1" m="33321" /><E79/><V2/><F2/><W76/><G130/><T110/><D3/><U44/><AGARI ba="1,2" hai="7,10,12,44,48,55,65,67" m="33321,11369" machi="44" ten="30,1500,0" yaku="8,1" doraHai="93" who="1" fromWho="1" sc="260,-6,260,38,262,-6,198,-6" /><INIT seed="1,2,0,4,1,81" ten="254,298,256,192" oya="1" hai0="113,25,117,0,72,111,46,58,45,132,85,114,66" hai1="23,79,49,37,48,60,21,109,43,34,86,131,107" hai2="100,95,55,30,119,20,125,115,108,112,74,88,47" hai3="122,42,39,80,71,135,22,98,97,12,16,99,128"/><U87/><E107/><V129/><F119/><W57/><G122/><T35/><D117/><U63/><E34/><V82/><F108/><W24/><G71/><T123/><D72/><U67/><E109/><V33/><F33/><W91/><G128/><T121/><D0/><U40/><E131/><V124/><F129/><W126/><G126/><N who="2" m="48745" /><F100/><W15/><G135/><T96/><D96/><U10/><E79/><N who="2" m="44407" /><F30/><W65/><G42/><T64/><D35/><U13/><E67/><N who="0" m="25641" /><D25/><U26/><E26/><V73/><F20/><W8/><G39/><T1/><D1/><U134/><E37/><V53/><F73/><W110/><G110/><T116/><D116/><U17/><E134/><V77/><F77/><W133/><G133/><T36/><D132/><U18/><E13/><V70/><F70/><W89/><G12/><T56/><D111/><U103/><E103/><V104/><F104/><W90/><G57/><N who="0" m="22123" /><D36/><U38/><E38/><V61/><F61/><W41/><G65/><T29/><D29/><U31/><E31/><V11/><F11/><AGARI ba="2,0" hai="10,11,17,18,21,23,40,43,48,49,60,63,86,87" machi="11" ten="25,12000,1" yaku="22,2,8,1,52,2" doraHai="81" who="1" fromWho="2" sc="254,0,298,126,256,-126,192,0" /><INIT seed="1,3,0,2,1,97" ten="254,424,130,192" oya="1" hai0="14,98,31,5,52,83,84,49,76,11,44,35,37" hai1="54,45,80,28,106,86,59,43,17,135,40,107,119" hai2="34,0,120,68,110,30,100,73,29,55,22,103,77" hai3="15,38,78,122,99,24,105,127,61,85,18,124,130"/><U108/><E119/><V134/><F120/><W2/><G122/><T23/><D35/><U42/><E135/><V125/><F0/><W33/><G38/><T118/><D118/><U27/><E108/><V26/><F68/><W133/><G2/><T10/><D37/><U81/><E17/><V114/><F134/><W74/><G133/><T104/><D11/><U93/><E45/><V66/><F66/><W90/><G78/><T65/><D65/><U112/><E112/><V69/><F69/><W70/><G74/><T50/><D50/><U56/><E93/><V123/><F123/><W116/><G116/><T57/><D31/><U71/><E71/><V117/><F117/><W109/><G130/><T6/><D23/><U4/><E4/><V79/><F110/><W87/><G109/><T111/><D111/><U64/><E64/><V20/><F114/><W95/><G61/><T60/><D98/><U8/><E8/><V131/><F131/><W9/><G70/><T128/><D104/><U75/><E75/><V72/><F55/><W1/><G1/><T41/><D128/><U91/><E81/><V62/><F62/><W94/><G105/><T132/><D132/><U92/><E59/><V51/><F51/><W12/><G12/><T101/><D101/><U47/><E47/><V121/><F121/><W96/><G124/><T58/><D57/><U63/><REACH who="1" step="1"/><E80/><REACH who="1" ten="254,414,130,192" step="2"/><V21/><F125/><W126/><G127/><T39/><D39/><U88/><E88/><V129/><F129/><W82/><G126/><T36/><D36/><U32/><AGARI ba="3,1" hai="27,28,32,40,42,43,54,56,63,86,91,92,106,107" machi="32" ten="30,3000,0" yaku="1,1,0,1,53,0" doraHai="97" doraHaiUra="19" who="1" fromWho="1" sc="254,-13,414,49,130,-13,192,-13" /><INIT seed="1,4,0,1,1,93" ten="241,463,117,179" oya="1" hai0="118,86,34,17,115,112,124,64,60,82,88,4,46" hai1="131,95,105,123,71,7,69,80,44,49,47,110,25" hai2="130,15,104,67,11,66,89,78,9,77,106,87,42" hai3="28,62,41,128,37,23,76,10,57,85,91,100,94"/><U116/><E105/><V35/><F130/><W120/><G120/><T3/><D118/><U56/><E80/><V38/><F35/><W52/><G128/><T20/><D34/><U5/><E95/><V16/><F106/><W27/><G76/><T96/><D124/><U99/><E99/><V122/><F122/><W108/><G108/><T133/><D133/><U109/><E25/><V84/><F104/><W43/><G37/><T55/><D3/><U24/><E24/><V26/><F38/><W33/><G33/><T29/><D4/><U1/><E1/><V98/><F42/><W36/><G36/><T12/><D29/><U22/><E22/><V97/><F26/><W53/><G10/><T107/><D55/><N who="3" m="21065" /><G100/><T50/><D50/><U18/><E123/><V81/><F9/><W119/><G119/><T32/><D46/><U72/><E72/><V127/><F127/><W113/><G113/><T59/><D32/><U79/><E116/><V0/><F0/><W30/><G30/><T8/><D8/><U58/><E49/><V68/><F77/><W63/><G63/><T121/><D121/><U125/><E125/><V134/><F134/><W111/><G111/><T114/><D114/><U102/><E102/><V73/><F73/><W129/><G129/><T2/><D2/><U45/><E79/><V103/><F103/><W135/><G135/><T13/><D13/><U39/><E131/><V90/><F78/><W83/><G83/><T31/><D31/><U70/><E39/><V74/><F74/><W54/><AGARI ba="4,0" hai="23,27,28,41,43,54,57,62,85,91,94" m="21065" machi="54" ten="30,2000,0" yaku="8,1,54,1" doraHai="93" who="3" fromWho="3" sc="241,-9,463,-14,117,-9,179,32" /><INIT seed="2,0,0,5,0,34" ten="232,449,108,211" oya="2" hai0="118,120,127,64,126,21,82,135,77,1,88,0,3" hai1="54,86,35,23,104,96,6,47,122,2,123,41,81" hai2="97,20,100,19,18,14,44,4,109,50,89,49,84" hai3="17,85,36,51,129,57,59,30,53,134,95,105,99"/><V42/><F109/><W69/><G69/><T25/><D120/><N who="1" m="46123" /><E35/><V75/><F75/><W32/><G36/><T31/><D118/><U48/><E2/><V28/><F49/><W106/><G129/><T98/><D64/><U13/><E104/><V103/><F28/><W133/><G17/><T61/><D61/><U116/><E96/><V76/><F4/><W58/><G85/><T121/><D121/><U60/><E116/><V73/><F73/><W37/><G37/><T26/><D135/><N who="3" m="51721" /><G32/><T132/><D132/><U130/><E130/><V80/><REACH who="2" step="1"/><F18/><REACH who="2" ten="232,449,98,211" step="2"/><W16/><G30/><T110/><D110/><U38/><E6/><V94/><AGARI ba="0,1" hai="14,19,20,42,44,50,76,80,84,89,94,97,100,103" machi="94" ten="30,12000,1" yaku="1,1,2,1,0,1,8,1,53,1" doraHai="34" doraHaiUra="11" who="2" fromWho="2" sc="232,-40,449,-40,98,130,211,-40" /><INIT seed="2,1,0,3,0,81" ten="192,409,228,171" oya="2" hai0="59,29,96,34,28,60,121,99,48,82,131,70,135" hai1="108,1,80,9,10,74,26,27,68,128,118,44,101" hai2="52,123,22,84,113,130,116,54,134,53,41,102,98" hai3="37,5,100,103,88,85,83,109,114,51,127,66,117"/><V94/><F113/><W33/><G117/><T75/><D121/><U126/><E118/><V87/><F116/><W104/><G37/><T35/><D70/><U132/><E101/><N who="3" m="38986" /><G33/><T65/><D135/><U86/><E68/><V58/><F123/><W7/><G104/><T55/><D131/><U12/><E44/><V19/><F130/><W3/><G3/><T20/><D35/><U17/><E74/><V129/><F129/><W46/><G114/><T4/><D34/><U97/><E97/><N who="0" m="37449" /><D75/><U77/><E132/><V24/><F134/><W57/><G109/><T69/><D69/><U90/><E108/><V36/><REACH who="2" step="1"/><F58/><REACH who="2" ten="192,409,218,171" step="2"/><W23/><G127/><T105/><D105/><U111/><E126/><V120/><F120/><W11/><G11/><T133/><D133/><U6/><E128/><V14/><F14/><W78/><G23/><T115/><D20/><U45/><E111/><V64/><F64/><W13/><G13/><T79/><D115/><U92/><E45/><AGARI ba="1,1" hai="19,22,24,36,41,45,52,53,54,84,87,94,98,102" machi="45" ten="40,12000,1" yaku="1,1,52,2,54,1,53,1" doraHai="81" doraHaiUra="95" who="2" fromWho="1" sc="192,0,409,-123,218,133,171,0" /><INIT seed="2,2,0,2,0,82" ten="192,286,351,171" oya="2" hai0="11,131,123,54,89,106,19,39,120,125,91,130,36" hai1="84,108,23,132,126,78,4,111,47,90,133,73,112" hai2="50,66,121,69,30,49,100,60,104,119,116,67,7" hai3="52,34,43,75,99,41,129,97,101,12,37,42,96"/><V27/><F7/><W74/><G34/><T93/><D106/><U122/><E4/><V80/><F121/><N who="0" m="46666" /><D125/><U9/><E9/><V64/><F80/><W109/><G37/><N who="0" m="14411" /><D54/><U72/><E23/><V134/><F134/><N who="1" m="51817" /><E47/><V45/><F100/><W85/><G101/><T2/><D19/><U87/><E126/><V32/><F104/><W107/><G107/><T51/><D51/><U3/><E3/><V6/><F6/><W127/><G127/><T63/><D63/><U17/><E17/><V79/><F79/><W113/><G109/><N who="1" m="42058" /><E122/><V110/><F110/><W31/><G129/><N who="0" m="49163" /><D93/><N who="1" m="54471" /><E112/><V57/><F49/><W35/><G113/><T105/><D105/><U92/><E78/><V20/><F20/><W77/><G52/><T83/><D2/><U26/><E26/><V29/><F29/><W76/><G12/><T65/><D11/><U0/><E0/><V14/><F14/><W128/><G128/><T10/><D10/><U62/><E62/><V68/><F64/><W117/><G117/><T8/><D8/><U71/><E71/><V114/><F114/><W24/><REACH who="3" step="1"/><G76/><REACH who="3" ten="192,286,351,161" step="2"/><T59/><D65/><U1/><E1/><V103/><F67/><W28/><G28/><T15/><D15/><U38/><E38/><V118/><F68/><W25/><G25/><T46/><D46/><U58/><E58/><V56/><F57/><W44/><G44/><T95/><D59/><U88/><AGARI ba="2,1" hai="72,73,87,88,92" m="54471,42058,51817" machi="88" ten="40,12000,2" yaku="20,1,14,1,34,2,52,2,54,1" doraHai="82" who="1" fromWho="1" sc="192,-32,286,136,351,-62,161,-32" /><INIT seed="3,0,0,5,4,28" ten="160,422,289,129" oya="3" hai0="32,5,72,100,132,14,124,81,126,61,56,112,106" hai1="51,18,1,94,110,65,111,4,101,102,71,31,15" hai2="134,76,70,9,41,20,117,26,40,129,75,99,48" hai3="78,135,103,11,33,35,44,13,38,80,47,24,19"/><W82/><G135/><T53/><D132/><U127/><E127/><N who="0" m="48681" /><D32/><U12/><E31/><V90/><F134/><W17/><G103/><T16/><D112/><U108/><E1/><V21/><F117/><W52/><G38/><T74/><D5/><U6/><E51/><V92/><F70/><W46/><G52/><T96/><D81/><U49/><E49/><V120/><F120/><W123/><G123/><T86/><D86/><U121/><E121/><V64/><F64/><W63/><G63/><T93/><D106/><U89/><E65/><V25/><F129/><W43/><G43/><T118/><D118/><U39/><E71/><V85/><F9/><AGARI ba="0,0" hai="9,14,16,53,56,61,72,74,93,96,100" m="48681" machi="9" ten="30,2000,0" yaku="18,1,54,1" doraHai="28" who="0" fromWho="2" sc="160,20,422,0,289,-20,129,0" owari="180,-22.0,422,52.2,269,6.9,129,-37.1" /></mjloggm>