<mjloggm ver="2.3"><GO type="225" lobby="0"/><UN n0="%E3%81%A8%E3%82%93%E3%81%A8%E3%81%93%E3%81%A8%E3%82%93" n1="%E5%B0%8F%E9%B3%A5%E9%81%8A%E7%B7%B4%E7%84%A1%32%31%E6%AD%B3" n2="%E3%82%B2%E3%82%B9%E8%8C%82%E5%8B%9D" n3="%E5%8F%AF%E5%85%90%E9%82%A3%E7%94%B1%E5%A4%9A" dan="16,16,16,17" rate="2137.49,2168.20,2037.05,2243.60" sx="M,F,F,F"/><TAIKYOKU oya="0"/><INIT seed="0,0,0,4,5,114" ten="250,250,250,250" oya="0" hai0="106,11,35,129,66,42,124,27,37,53,2,17,112" hai1="93,109,118,45,25,15,117,133,29,108,113,96,134" hai2="98,103,130,7,131,62,63,36,30,105,10,31,135" hai3="34,85,119,24,52,82,121,47,92,39,26,60,46"/><T73/><D112/><U120/><E45/><V33/><F36/><W18/><G121/><T84/><D66/><U71/><E71/><V43/><F43/><W101/><G119/><N who="1" m="45578" /><E113/><V128/><F135/><N who="1" m="51721" /><E120/><V75/><F75/><W38/><G46/><T90/><D73/><U28/><E15/><V20/><F20/><W115/><G34/><T40/><D35/><N who="1" m="20879" /><E29/><N who="2" m="10763" /><F33/><W22/><G47/><T89/><D2/><AGARI ba="0,0" hai="2,7,10,62,63,98,103,105,128,130,131" m="10763" machi="2" ten="30,1000,0" yaku="19,1" doraHai="114" who="2" fromWho="0" sc="250,-10,250,0,250,10,250,0" /><INIT seed="1,0,0,5,4,42" ten="240,250,260,250" oya="1" hai0="99,108,50,55,24,45,78,65,75,104,22,68,11" hai1="71,3,16,70,18,92,58,17,69,126,51,34,112" hai2="41,32,72,35,48,4,39,66,121,36,12,133,135" hai3="38,9,76,14,60,89,102,63,79,97,87,106,131"/><U1/><E34/><N who="2" m="12843" /><F121/><W15/><G131/><T74/><D108/><U132/><E112/><V23/><F66/><W123/><G123/><T33/><D78/><U127/><E92/><V91/><F72/><W124/><G124/><N who="1" m="47658" /><E132/><N who="2" m="50763" /><F91/><W118/><G118/><T8/><D74/><U86/><E86/><V82/><F82/><W103/><G76/><T6/><D75/><U80/><E80/><V53/><F41/><W84/><G102/><N who="0" m="62559" /><D22/><U122/><E122/><V5/><F23/><W125/><G125/><T7/><D33/><U105/><E105/><V49/><F49/><W107/><G107/><T114/><D65/><U44/><E58/><N who="2" m="33063" /><F12/><W90/><G79/><T98/><D68/><N who="1" m="17411" /><U46/><DORA hai="29" /><E51/><V115/><F115/><W101/><G106/><T100/><D50/><U47/><AGARI ba="0,0" hai="1,3,16,17,18,44,46,47" m="17411,47658" machi="47" ten="50,18000,2" yaku="28,2,18,1,52,3,54,1" doraHai="42,29" who="1" fromWho="1" sc="240,-60,250,180,260,-60,250,-60" /><INIT seed="1,1,0,5,0,47" ten="180,430,200,190" oya="1" hai0="58,119,99,1,65,75,69,25,108,4,128,17,104" hai1="93,57,122,67,29,43,39,95,56,77,74,96,92" hai2="15,20,88,87,98,34,9,54,61,38,124,80,133" hai3="30,28,16,18,48,91,0,13,115,103,51,35,110"/><U52/><E122/><V2/><F124/><W118/><G115/><T8/><D58/><U109/><E67/><V82/><F133/><W14/><G0/><T7/><D17/><N who="3" m="6761" /><G35/><T100/><D7/><U68/><E68/><V135/><F135/><W101/><G110/><T26/><D119/><U132/><E132/><V111/><F111/><W73/><G73/><T31/><D108/><U76/><E109/><V19/><F38/><W33/><G33/><N who="0" m="20719" /><D26/><U59/><E96/><V64/><F34/><W86/><G118/><T45/><D45/><U49/><E29/><N who="3" m="11370" /><G103/><T66/><D66/><U42/><E74/><V62/><F98/><W117/><G101/><T21/><D21/><U116/><E39/><V102/><F102/><W85/><G117/><T5/><D5/><U89/><E89/><V50/><F80/><N who="3" m="49575" /><G86/><T90/><D90/><U60/><E116/><V78/><F78/><N who="1" m="30313" /><E60/><V134/><F134/><W105/><G105/><T131/><D75/><U23/><E23/><V106/><F106/><W130/><G130/><T83/><D83/><U40/><AGARI ba="1,0" hai="40,42,43,49,52,56,57,59,92,93,95" m="30313" machi="40" ten="40,7800,0" yaku="8,1,52,1,54,1" doraHai="47" who="1" fromWho="1" sc="180,-27,430,81,200,-27,190,-27" /><INIT seed="1,2,0,3,3,42" ten="153,511,173,163" oya="1" hai0="29,95,131,102,59,135,8,107,20,15,100,134,117" hai1="30,94,10,106,3,9,90,104,6,88,28,23,85" hai2="75,61,68,49,45,65,16,86,99,63,92,103,5" hai3="13,43,116,48,89,74,54,52,132,40,66,14,67"/><U118/><E118/><V56/><F75/><W22/><G74/><T18/><D117/><U69/><E69/><V46/><F5/><W81/><G116/><T114/><D114/><U71/><E71/><V11/><F49/><W122/><G122/><T36/><D131/><U17/><E9/><V112/><F112/><W21/><G132/><N who="0" m="50731" /><D36/><U39/><E39/><V121/><F121/><W25/><G81/><T128/><D128/><U77/><E77/><V2/><F86/><W19/><G89/><T87/><D107/><U24/><REACH who="1" step="1"/><E90/><REACH who="1" ten="153,501,173,163" step="2"/><V0/><F2/><W125/><G125/><T129/><D129/><U79/><E79/><V50/><F0/><W26/><G48/><T97/><D8/><U115/><E115/><V7/><F50/><W108/><G108/><T38/><D38/><U78/><E78/><V98/><F7/><W41/><G41/><T91/><D102/><U35/><E35/><V83/><F68/><W82/><G82/><N who="0" m="49655" /><D29/><AGARI ba="2,1" hai="3,6,10,17,23,24,28,29,30,85,88,94,104,106" machi="29" ten="40,3900,0" yaku="1,1,54,1,53,0" doraHai="42" doraHaiUra="53" who="1" fromWho="0" sc="153,-45,501,55,173,0,163,0" /><INIT seed="1,3,0,3,2,70" ten="108,556,173,163" oya="1" hai0="35,122,104,82,59,132,124,63,7,67,25,96,37" hai1="64,129,30,100,98,75,51,60,49,107,89,121,19" hai2="120,84,86,61,94,117,105,135,13,9,109,53,108" hai3="22,54,79,0,32,130,11,39,78,83,93,80,69"/><U18/><E121/><V123/><F117/><W128/><G32/><T44/><D122/><N who="2" m="46634" /><F105/><W99/><G69/><T50/><D124/><U111/><E75/><V125/><F61/><W110/><G22/><T119/><D119/><U31/><E129/><N who="3" m="49770" /><G54/><T52/><D132/><U90/><E111/><N who="2" m="42571" /><F53/><W56/><G56/><T114/><D114/><U62/><E98/><V91/><F135/><W95/><G110/><T68/><D7/><U85/><E85/><N who="2" m="52591" /><F125/><W92/><G0/><T127/><D127/><U88/><E100/><V113/><F113/><W33/><G33/><T1/><D1/><U20/><E107/><V42/><F42/><W106/><G11/><T3/><D3/><U10/><E10/><V115/><F115/><W5/><G5/><AGARI ba="3,0" hai="5,9,13,84,86" m="52591,42571,46634" machi="5" ten="30,1000,0" yaku="14,1" doraHai="70" who="2" fromWho="3" sc="108,0,556,0,173,19,163,-19" /><INIT seed="2,0,0,3,0,10" ten="108,556,192,144" oya="2" hai0="124,91,38,90,82,25,55,34,100,19,79,18,126" hai1="113,21,54,81,103,45,58,134,88,27,33,30,17" hai2="75,66,65,48,4,14,73,102,133,61,20,57,69" hai3="47,98,22,31,62,12,118,92,51,53,123,24,6"/><V104/><F133/><W117/><G123/><T1/><D38/><U130/><E113/><V26/><F102/><W84/><G84/><N who="0" m="48223" /><D1/><U29/><E134/><V111/><F104/><W41/><G62/><T121/><D34/><U93/><E130/><V68/><F111/><W9/><REACH who="3" step="1"/><G41/><REACH who="3" ten="108,556,192,134" step="2"/><T42/><D121/><U87/><E33/><V46/><F73/><W72/><G72/><T86/><D42/><U95/><E45/><V16/><F75/><W11/><G11/><T96/><D86/><U60/><E103/><AGARI ba="0,1" hai="6,9,12,22,24,31,47,51,53,92,98,103,117,118" machi="103" ten="30,3900,0" yaku="1,1,7,1,52,1,53,0" doraHai="10" doraHaiUra="119" who="3" fromWho="1" sc="108,0,556,-39,192,0,134,49" /><INIT seed="3,0,0,2,1,28" ten="108,517,192,183" oya="3" hai0="14,84,42,69,85,62,96,25,107,102,55,9,32" hai1="123,7,80,97,33,41,63,104,115,49,11,125,77" hai2="129,45,105,18,17,54,21,20,126,89,70,3,108" hai3="94,78,66,73,37,64,79,44,71,59,74,113,98"/><W67/><G113/><T16/><D42/><U31/><E115/><V38/><F105/><W86/><G71/><T117/><D117/><U0/><E123/><V109/><F70/><W19/><G59/><T68/><D55/><U122/><E49/><N who="2" m="28975" /><F38/><W15/><G37/><T61/><D69/><U95/><E41/><V65/><F65/><W119/><G44/><T128/><D128/><U82/><E82/><V106/><F106/><W12/><G119/><T2/><D2/><U131/><E131/><V118/><F118/><W26/><G26/><T91/><D68/><U90/><E63/><V36/><F36/><W127/><G127/><T112/><D112/><U76/><E122/><V52/><F3/><W51/><G51/><T10/><D10/><U116/><E116/><V22/><F126/><W13/><G19/><T48/><D48/><U87/><E104/><V5/><F5/><W133/><G133/><T110/><D110/><N who="2" m="42602" /><F129/><W100/><REACH who="3" step="1"/><G86/><REACH who="3" ten="108,517,192,173" step="2"/><T114/><D114/><U43/><E125/><V34/><F18/><W124/><G124/><T75/><D75/><AGARI ba="0,1" hai="12,13,15,64,66,67,73,74,75,78,79,94,98,100" machi="75" ten="50,12000,1" yaku="1,1,53,3" doraHai="28" doraHaiUra="60" who="3" fromWho="0" sc="108,-120,517,0,192,0,173,130" owari="-12,-51.2,517,61.7,192,-20.8,303,10.3" /></mjloggm>