<mjloggm ver="2.3"><GO type="225" lobby="0"/><UN n0="%E6%A1%9C%E8%8A%B1%E9%96%83%E3%80%85" n1="%E3%81%86%E3%83%BC%E3%81%B1%E3%83%BC" n2="%E7%AD%89%E3%80%85%E5%8A%9B%E5%8A%87%E5%A0%B4" n3="%6D%75%75%6D%75%72%61" dan="16,17,17,16" rate="2095.68,2223.32,2146.60,2148.56" sx="M,F,M,F"/><TAIKYOKU oya="0"/><INIT seed="0,0,0,0,2,15" ten="250,250,250,250" oya="0" hai0="17,66,49,107,134,20,105,23,16,64,22,52,19" hai1="99,84,123,92,41,94,34,54,93,86,11,1,78" hai2="10,104,131,113,90,46,70,58,57,100,26,102,60" hai3="61,39,75,2,21,56,96,13,50,40,130,35,106"/><T68/><D134/><U88/><E123/><V118/><F113/><W37/><G35/><T30/><D30/><U0/><E34/><V80/><F131/><W8/><G75/><T114/><D114/><U135/><E135/><V109/><F109/><W116/><G116/><T108/><D108/><U44/><E78/><V29/><F70/><W28/><G130/><T55/><D68/><U81/><E86/><V33/><F118/><W122/><G122/><T14/><D14/><U111/><E111/><V25/><F104/><N who="0" m="40010" /><D49/><N who="1" m="28967" /><E41/><V119/><F119/><W91/><G2/><T38/><D38/><U125/><E125/><V73/><F33/><W32/><G32/><T103/><D103/><U95/><E0/><V7/><F102/><W71/><G71/><T128/><D128/><U24/><E1/><V85/><F100/><W31/><G106/><T3/><D3/><U117/><E117/><V59/><F60/><W132/><G132/><T45/><D45/><U127/><E127/><V115/><F46/><N who="3" m="25927" /><G39/><T36/><D36/><U74/><E74/><V112/><F73/><W4/><G37/><T47/><D47/><U129/><E129/><V133/><F133/><W69/><G69/><T51/><D51/><U121/><E121/><V5/><F115/><W72/><G72/><T43/><D43/><U42/><E42/><V27/><F112/><W12/><G91/><T67/><AGARI ba="0,0" hai="16,17,19,20,22,23,52,55,64,66,67" m="40010" machi="67" ten="40,24000,3" yaku="29,2,28,2,52,3,54,2" doraHai="15" who="0" fromWho="0" sc="250,240,250,-80,250,-80,250,-80" /><INIT seed="0,1,0,1,2,82" ten="490,170,170,170" oya="0" hai0="11,81,87,4,1,2,15,45,9,24,77,20,114" hai1="47,85,37,124,19,110,135,103,71,66,12,128,104" hai2="127,18,62,84,107,68,5,122,131,93,17,129,76" hai3="99,58,50,36,40,86,54,46,69,30,92,25,51"/><T119/><D114/><U111/><E128/><N who="2" m="49227" /><F107/><W39/><G69/><T105/><D119/><U8/><E135/><V74/><F122/><W130/><G130/><T83/><D105/><U63/><E124/><V56/><F68/><W10/><G10/><T6/><D45/><U32/><E32/><V61/><F74/><W89/><REACH who="3" step="1"/><G99/><REACH who="3" ten="490,170,170,160" step="2"/><T109/><D109/><U14/><E71/><V123/><F123/><W21/><AGARI ba="1,1" hai="21,25,30,36,39,40,46,50,51,54,58,86,89,92" machi="21" ten="20,12000,2" yaku="1,1,2,1,0,1,7,1,52,1,53,1" doraHai="82" doraHaiUra="38" who="3" fromWho="3" sc="490,-61,170,-31,170,-31,160,133" /><INIT seed="1,0,0,3,5,57" ten="429,139,139,293" oya="1" hai0="100,13,76,23,68,6,74,88,38,73,113,132,16" hai1="43,32,75,28,121,65,94,92,50,25,93,56,110" hai2="112,135,4,63,67,34,8,91,87,3,80,21,79" hai3="41,125,49,15,109,27,133,106,83,33,128,123,11"/><U129/><E121/><V29/><F135/><W115/><G123/><T9/><D113/><U24/><E75/><V96/><F112/><W2/><G115/><T117/><D117/><U108/><E129/><V99/><F34/><W103/><G133/><T26/><D132/><U12/><E12/><V59/><REACH who="2" step="1"/><F79/><REACH who="2" ten="429,139,129,293" step="2"/><W47/><G33/><T84/><D76/><U120/><E120/><V127/><F127/><W17/><G125/><T52/><D73/><U44/><REACH who="1" step="1"/><E25/><AGARI ba="0,1" hai="3,4,8,21,25,29,59,63,67,80,87,91,96,99" machi="25" ten="40,2600,0" yaku="1,1,52,1,53,0" doraHai="57" doraHaiUra="36" who="2" fromWho="1" sc="429,0,139,-26,129,36,293,0" /><INIT seed="2,0,0,2,3,122" ten="429,113,165,293" oya="2" hai0="106,39,64,114,93,72,84,36,49,85,130,79,98" hai1="100,81,51,116,105,68,24,107,97,82,61,108,53" hai2="35,92,96,134,52,62,126,124,71,125,10,66,26" hai3="120,21,69,109,1,118,27,115,23,43,46,30,6"/><V12/><F134/><W110/><G120/><T42/><D64/><U59/><E116/><V89/><F26/><W8/><G118/><T70/><D70/><U113/><E113/><V7/><F35/><N who="3" m="20959" /><G69/><T5/><D5/><U37/><E37/><V99/><F52/><W0/><G0/><T13/><D13/><U121/><E121/><V104/><F104/><W102/><G102/><T86/><D86/><AGARI ba="0,0" hai="7,10,12,62,66,71,86,89,92,96,99,124,125,126" machi="86" ten="40,2000,0" yaku="18,1" doraHai="122" who="2" fromWho="0" sc="429,-20,113,0,165,20,293,0" /><INIT seed="2,1,0,5,4,99" ten="409,113,185,293" oya="2" hai0="126,5,17,106,104,91,31,81,32,6,132,108,49" hai1="35,33,42,80,50,60,115,64,55,85,43,15,73" hai2="105,117,9,113,135,121,65,41,34,94,29,70,97" hai3="24,89,20,116,30,46,21,79,102,134,7,62,82"/><V93/><F121/><W13/><G116/><T110/><D126/><U4/><E35/><V90/><F113/><W22/><G134/><T131/><D131/><U25/><E73/><V129/><F117/><W16/><G7/><T77/><D91/><U92/><E92/><V120/><F120/><W125/><G125/><T23/><D31/><U54/><E25/><V128/><F105/><W101/><G89/><T59/><D32/><U123/><E33/><V96/><F41/><W112/><G112/><T40/><D6/><U0/><E0/><V53/><F135/><W118/><G118/><T133/><D5/><U28/><E28/><V66/><F9/><N who="3" m="6191" /><G46/><N who="0" m="25799" /><D59/><N who="1" m="36895" /><E123/><V1/><F1/><W48/><G48/><T19/><D106/><U103/><E103/><N who="3" m="39434" /><G62/><T67/><D104/><U37/><E37/><V109/><F34/><W10/><G10/><T63/><D63/><U83/><E115/><V95/><F129/><W26/><G26/><T27/><D27/><U124/><E124/><V39/><F39/><W84/><AGARI ba="1,0" hai="20,21,22,24,30,79,82,84" m="39434,6191" machi="84" ten="30,8000,1" yaku="8,1,52,3,54,1" doraHai="99" who="3" fromWho="3" sc="409,-21,113,-21,185,-41,293,83" /><INIT seed="3,0,0,5,1,29" ten="388,92,144,376" oya="3" hai0="54,11,126,78,52,1,109,124,84,60,32,94,114" hai1="15,33,128,91,19,131,77,58,129,106,132,95,130" hai2="122,72,10,51,24,119,3,20,48,35,41,44,110" hai3="16,5,38,88,65,103,27,47,100,43,23,12,67"/><W71/><G88/><N who="0" m="53511" /><D32/><U108/><N who="1" m="32768" /><DORA hai="98" /><U26/><E108/><V53/><F119/><W28/><G5/><N who="0" m="1455" /><D78/><U59/><E77/><V18/><F35/><W63/><G67/><T125/><D109/><U111/><E111/><V46/><F72/><W101/><G101/><T55/><D114/><U118/><E106/><V14/><F110/><W69/><G69/><T75/><D75/><U120/><E118/><V17/><F3/><W34/><AGARI ba="0,0" hai="12,16,23,27,28,34,38,43,47,63,65,71,100,103" machi="34" ten="20,18000,2" yaku="0,1,7,1,52,3,54,1" doraHai="29,98" who="3" fromWho="3" sc="388,-60,92,-60,144,-60,376,180" owari="328,12.8,32,-46.8,84,-31.6,556,65.6" /></mjloggm>