<mjloggm ver="2.3"><GO type="225" lobby="0"/><UN n0="%E3%82%B7%E3%83%B3%E5%A4%AA%E6%9C%97" n1="%E7%99%BD%E6%97%A5%E9%9B%AA%E8%8F%9C" n2="%4C%4F%4C%49%54%41" n3="%E6%A0%B9%E5%85%83%E3%81%8B%E3%82%89%E5%90%B9%E3%81%A3%E9%A3%9B%E3%81%B6" dan="16,16,16,17" rate="2167.04,2182.49,2165.23,2145.53" sx="M,M,F,F"/><TAIKYOKU oya="0"/><INIT seed="0,0,0,0,3,125" ten="250,250,250,250" oya="0" hai0="7,110,88,22,17,76,64,85,66,101,26,4,54" hai1="5,44,41,47,31,40,13,6,106,48,3,58,111" hai2="28,60,61,100,90,127,57,109,62,32,115,16,42" hai3="97,93,91,82,133,71,8,132,50,134,19,119,45"/><T104/><D110/><U10/><E106/><V121/><F121/><W124/><G119/><T59/><D76/><U92/><E111/><V2/><F109/><W65/><G124/><T79/><D79/><U25/><E58/><V98/><F127/><W107/><G107/><T83/><D101/><U30/><E92/><V34/><F2/><W35/><G35/><T15/><D104/><U103/><E103/><V38/><F115/><W46/><G82/><T9/><REACH who="0" step="1"/><D4/><REACH who="0" ten="240,250,250,250" step="2"/><U130/><E5/><V105/><F100/><W108/><G108/><T21/><D21/><U68/><E6/><V12/><F105/><W123/><G133/><T14/><D14/><U99/><E13/><V84/><F12/><W37/><G134/><T73/><D73/><U63/><E3/><V39/><F32/><W52/><G132/><T96/><D96/><U89/><E99/><V86/><F98/><W135/><G97/><T55/><D55/><U81/><E89/><V128/><F90/><W122/><G52/><T114/><D114/><U80/><E41/><V74/><F42/><W36/><G91/><T126/><D126/><U29/><E40/><V118/><F34/><W0/><G135/><T112/><D112/><U51/><E25/><V87/><F74/><W20/><G0/><T11/><D11/><U24/><E10/><V120/><F86/><W75/><G8/><T117/><D117/><U116/><E24/><V53/><F84/><W95/><G20/><T18/><D18/><U131/><E116/><V67/><F118/><W69/><G75/><T33/><D33/><U129/><E129/><RYUUKYOKU ba="0,1" sc="240,30,250,-10,250,-10,250,-10" hai0="7,9,15,17,22,26,54,59,64,66,83,85,88" /><BYE who="1" /><INIT seed="0,1,1,3,0,20" ten="270,240,240,240" oya="0" hai0="55,41,77,31,25,127,88,118,17,46,72,65,10" hai1="98,56,82,116,53,14,59,35,69,120,50,117,70" hai2="63,114,33,48,115,19,119,124,66,134,4,86,104" hai3="43,62,87,101,2,60,108,135,97,133,3,28,51"/><T96/><D118/><UN n1="%E7%99%BD%E6%97%A5%E9%9B%AA%E8%8F%9C" /><U7/><E120/><V34/><F104/><W91/><G108/><T22/><D127/><U132/><E35/><V71/><F134/><N who="3" m="51211" /><G28/><T13/><D65/><U121/><E121/><V84/><F124/><W78/><G78/><T68/><D68/><U123/><E123/><V61/><F4/><W44/><G87/><T52/><D77/><U128/><E132/><V11/><F48/><W83/><G83/><T102/><D72/><U58/><E128/><V110/><F110/><W106/><G91/><T131/><D131/><U27/><E82/><V76/><F76/><W18/><G18/><T40/><D40/><U113/><E113/><V8/><F66/><W79/><G79/><T99/><D99/><U42/><E42/><V85/><F84/><W23/><G23/><T95/><D102/><U32/><E98/><V73/><F19/><W1/><AGARI ba="1,1" hai="1,2,3,43,44,51,60,62,97,101,106" m="51211" machi="1" ten="40,1500,0" yaku="20,1" doraHai="20" who="3" fromWho="3" sc="270,-8,240,-5,240,-5,240,28" /><INIT seed="1,0,0,5,1,91" ten="262,235,235,268" oya="1" hai0="3,2,30,1,25,39,53,98,129,65,23,10,80" hai1="20,16,61,118,56,35,103,85,71,125,122,96,28" hai2="60,76,121,26,47,38,46,102,51,93,123,124,32" hai3="43,84,22,57,36,108,44,37,58,68,64,83,33"/><U82/><E118/><V126/><F76/><W7/><G33/><T49/><D129/><U115/><E115/><V100/><F60/><W130/><G7/><T63/><D39/><U128/><E122/><V89/><F38/><W101/><G37/><T95/><D80/><U106/><E128/><V14/><F14/><W78/><G108/><T27/><D10/><U72/><E125/><N who="2" m="48235" /><F26/><W75/><G68/><T79/><D79/><U12/><E71/><V90/><F90/><W116/><G64/><T133/><D133/><U52/><E72/><V132/><F32/><W29/><G75/><T34/><D53/><U17/><E35/><V97/><F97/><W0/><BYE who="2" /><G116/><T67/><D49/><U120/><E120/><V114/><F114/><W41/><G101/><T69/><D65/><U117/><E117/><V24/><F24/><W99/><G43/><T135/><D135/><U18/><E28/><V40/><F40/><W74/><G0/><T105/><D105/><U134/><E134/><V15/><F15/><W45/><G45/><T19/><REACH who="0" step="1"/><D1/><REACH who="0" ten="252,235,235,268" step="2"/><U62/><E61/><V107/><F107/><W11/><G83/><UN n2="%4C%4F%4C%49%54%41" /><T42/><D42/><U131/><E131/><V119/><F132/><W81/><G78/><AGARI ba="0,1" hai="12,16,17,18,20,52,56,62,78,82,85,96,103,106" machi="78" ten="30,5800,0" yaku="7,1,54,2" doraHai="91" who="1" fromWho="3" sc="252,0,235,68,235,0,268,-58" /><INIT seed="1,1,0,5,5,13" ten="252,303,235,210" oya="1" hai0="60,125,84,129,24,66,10,68,72,11,78,120,117" hai1="75,56,31,95,100,40,113,6,4,81,123,91,93" hai2="41,47,90,71,107,48,37,98,58,28,86,12,55" hai3="70,128,109,36,9,118,96,25,87,20,102,33,99"/><U135/><E113/><V131/><F131/><W18/><G109/><T38/><D129/><U73/><E123/><V133/><F133/><W105/><G128/><T51/><D117/><U65/><E135/><V97/><F28/><W42/><G118/><T21/><D120/><U115/><E115/><V134/><F134/><W5/><G70/><T67/><D38/><U112/><E112/><V62/><F107/><W17/><G33/><T3/><D72/><U54/><E65/><V101/><F101/><W30/><G36/><T29/><D125/><U50/><E31/><V45/><F45/><W130/><BYE who="2" /><G42/><T0/><D67/><UN n2="%4C%4F%4C%49%54%41" /><U35/><E35/><V63/><F63/><W14/><G130/><T52/><D10/><U23/><E23/><V46/><F12/><W126/><G126/><T132/><D132/><U61/><E100/><V76/><F76/><W7/><G96/><T64/><D64/><U39/><E39/><V53/><REACH who="2" step="1"/><F71/><REACH who="2" ten="252,303,225,210" step="2"/><W77/><REACH who="3" step="1"/><G30/><REACH who="3" ten="252,303,225,200" step="2"/><T79/><D29/><U89/><E75/><V44/><F44/><W114/><G114/><T80/><D68/><U49/><E73/><V34/><F34/><W127/><G127/><T83/><D0/><U106/><E56/><V32/><F32/><W2/><G2/><T94/><D3/><U27/><E106/><V15/><F15/><W16/><G16/><T121/><D121/><U103/><E6/><V104/><F104/><W8/><G8/><T116/><D11/><U22/><E4/><V122/><F122/><W74/><G74/><T92/><D116/><U69/><E69/><V43/><F43/><RYUUKYOKU ba="1,2" sc="252,-15,303,-15,225,15,200,15" hai2="37,41,46,47,48,53,55,58,62,86,90,97,98" hai3="5,7,9,14,17,18,20,25,77,87,99,102,105" /><INIT seed="2,2,2,3,4,102" ten="237,288,240,215" oya="2" hai0="121,126,43,127,116,106,36,38,118,30,15,125,54" hai1="79,49,11,69,70,86,115,1,133,93,112,16,88" hai2="25,100,33,111,51,135,31,98,34,0,101,35,114" hai3="66,4,3,113,8,19,97,134,26,80,55,120,72"/><V39/><F39/><N who="0" m="14890" /><D30/><U124/><E124/><V87/><F114/><W2/><G120/><T81/><D81/><U7/><E133/><V122/><F122/><W89/><G113/><T41/><D15/><U90/><E79/><V82/><F0/><W22/><G134/><T94/><D94/><U84/><E49/><V109/><F51/><W67/><G2/><T83/><D83/><U56/><E56/><V63/><F63/><W47/><G97/><T128/><D121/><U28/><E28/><V48/><F48/><W13/><G47/><T29/><D29/><U9/><E112/><V17/><F17/><W61/><G3/><T21/><D21/><U6/><E115/><V77/><F135/><W10/><G10/><T20/><D20/><U65/><E16/><V131/><F131/><W40/><G40/><N who="0" m="15435" /><D106/><U103/><E103/><V99/><F101/><W129/><G129/><T62/><D128/><U104/><E104/><N who="2" m="63511" /><F99/><W108/><G108/><AGARI ba="2,2" hai="25,31,33,34,35,77,82,87,108,109,111" m="63511" machi="108" ten="30,5800,0" yaku="14,1,10,1,52,1" doraHai="102" who="2" fromWho="3" sc="237,0,288,0,240,84,215,-64" /><INIT seed="2,3,0,0,2,101" ten="237,288,324,151" oya="2" hai0="44,88,66,77,25,109,72,70,117,2,82,56,31" hai1="21,106,69,17,16,89,63,12,37,23,0,78,45" hai2="79,32,3,111,42,83,18,48,119,65,34,52,58" hai3="84,7,40,13,61,124,125,74,93,94,53,122,107"/><V15/><F119/><W134/><G122/><T108/><D117/><U29/><E0/><V19/><F3/><W114/><G74/><T121/><D121/><U41/><E78/><V92/><F111/><N who="0" m="42570" /><D2/><U28/><E106/><V50/><F65/><W1/><G134/><T105/><D105/><U128/><E128/><V103/><F103/><W75/><G75/><T24/><D70/><U90/><E69/><V22/><F92/><W4/><G114/><T62/><D31/><U132/><E132/><V135/><F135/><W10/><G107/><T57/><D57/><U33/><E63/><V98/><F98/><W26/><G40/><T80/><D44/><U43/><E43/><V99/><F99/><W116/><G116/><T76/><D88/><U68/><E68/><V59/><F19/><W104/><G104/><T36/><D36/><U110/><E110/><V39/><F39/><W8/><G94/><T35/><D35/><U60/><E60/><V55/><REACH who="2" step="1"/><F42/><REACH who="2" ten="237,288,314,151" step="2"/><W85/><G93/><T47/><D47/><U71/><E71/><V49/><F49/><W5/><G61/><T87/><AGARI ba="3,1" hai="24,25,56,62,66,72,76,77,80,82,87" m="42570" machi="87" ten="30,1100,0" yaku="14,1" doraHai="101" who="0" fromWho="0" sc="237,30,288,-6,314,-8,151,-6" /><INIT seed="3,0,0,3,2,72" ten="267,282,306,145" oya="3" hai0="16,84,49,50,88,67,53,74,54,78,44,8,113" hai1="101,115,46,66,87,56,10,117,114,92,71,14,100" hai2="126,20,29,131,24,90,58,27,108,107,31,17,37" hai3="0,118,22,60,121,80,9,86,1,85,7,79,133"/><W127/><G118/><T134/><D134/><U81/><E71/><V120/><F37/><W36/><G121/><T119/><D119/><U11/><E117/><V25/><F107/><W32/><G32/><T28/><D113/><U40/><E114/><V23/><F108/><W55/><G133/><T38/><D38/><U109/><E109/><V111/><F111/><W94/><G36/><T68/><D28/><U99/><E101/><V26/><F131/><W45/><G127/><T5/><D68/><U2/><E2/><V95/><F126/><W13/><G22/><T93/><D67/><U91/><E115/><V122/><F58/><W132/><G132/><T57/><D16/><N who="1" m="8279" /><E11/><V102/><F102/><W128/><G128/><T59/><D44/><U75/><E75/><V130/><F130/><W51/><REACH who="3" step="1"/><G60/><REACH who="3" ten="267,282,306,135" step="2"/><T70/><D70/><U82/><E66/><V76/><F122/><W35/><G35/><T97/><D74/><U63/><E63/><V116/><F116/><W98/><G98/><T124/><D124/><U65/><E65/><V96/><F120/><W129/><G129/><T69/><D69/><U33/><E33/><V62/><F62/><W15/><G15/><N who="0" m="5519" /><D97/><U12/><E12/><N who="2" m="9255" /><F29/><W6/><G6/><T125/><D125/><U52/><E99/><V47/><F31/><W135/><G135/><T104/><D104/><U39/><E39/><V19/><F23/><W30/><G30/><T43/><D43/><U105/><E105/><V77/><F96/><W83/><G83/><T41/><D41/><U64/><E64/><V73/><N who="2" m="6144" /><DORA hai="18" /><V110/><F110/><RYUUKYOKU ba="0,1" sc="267,15,282,-15,306,-15,135,15" hai0="49,50,53,54,57,59,78,84,88,93" hai3="0,1,7,9,13,45,51,55,79,80,85,86,94" /><INIT seed="3,1,1,5,4,61" ten="282,267,291,150" oya="3" hai0="33,20,3,82,47,9,125,26,112,107,13,10,64" hai1="32,50,62,65,57,126,38,77,34,42,23,96,92" hai2="95,54,117,127,4,52,83,21,29,97,22,2,119" hai3="88,67,40,116,118,68,71,123,17,31,99,135,5"/><W94/><G123/><T14/><D107/><U91/><E126/><V106/><F106/><W122/><G122/><T16/><D33/><U130/><E130/><V24/><F127/><W133/><G40/><T87/><D125/><U69/><E77/><V48/><F83/><W80/><G5/><T79/><D3/><U28/><E38/><V70/><F70/><W55/><G31/><T103/><D112/><U113/><E113/><V78/><F78/><W101/><G55/><T128/><D128/><U81/><E81/><V63/><F2/><W131/><G131/><T0/><D0/><U115/><E115/><V7/><F22/><W86/><G17/><N who="0" m="8367" /><D103/><U45/><REACH who="1" step="1"/><E69/><REACH who="1" ten="282,257,291,150" step="2"/><N who="3" m="26698" /><G67/><T120/><D120/><U132/><E132/><AGARI ba="1,2" hai="80,86,88,94,99,101,116,118,132,133,135" m="26698" machi="132" ten="30,2900,0" yaku="20,1,54,1" doraHai="61" who="3" fromWho="1" sc="282,0,257,-32,291,0,150,52" /><INIT seed="3,2,0,3,4,72" ten="282,225,291,202" oya="3" hai0="100,90,53,129,25,114,57,78,115,34,4,59,3" hai1="29,20,62,16,8,104,123,83,87,26,126,65,98" hai2="10,77,45,94,106,54,73,118,9,108,47,133,92" hai3="49,43,81,27,86,97,88,41,120,0,66,21,113"/><W1/><G113/><N who="0" m="43019" /><D129/><U71/><E123/><V60/><F118/><W93/><G120/><T109/><D109/><U89/><E126/><V95/><F106/><W7/><G66/><T48/><D100/><U5/><E29/><V17/><F108/><W22/><G7/><T84/><D3/><U85/><E87/><V76/><F133/><W40/><G49/><T119/><D119/><U35/><E35/><V82/><F73/><W42/><N who="3" m="10240" /><DORA hai="103" /><W111/><G111/><T75/><D4/><U11/><REACH who="1" step="1"/><E5/><REACH who="1" ten="282,215,291,202" step="2"/><V61/><F17/><W67/><G67/><T101/><D34/><U130/><E130/><V33/><F33/><W58/><G58/><T96/><D59/><U50/><E50/><V68/><F45/><W64/><G64/><T28/><D75/><U23/><E23/><V122/><F122/><W131/><G131/><T44/><D57/><U116/><E116/><V112/><F112/><W24/><G21/><T105/><D28/><U69/><E69/><V36/><F68/><W2/><REACH who="3" step="1"/><G22/><REACH who="3" ten="282,215,291,192" step="2"/><T52/><D48/><U38/><E38/><V102/><F36/><W12/><G12/><T63/><D44/><U13/><E13/><V132/><F47/><W46/><G46/><T37/><D37/><U128/><E128/><V80/><F60/><W107/><G107/><T55/><D105/><U39/><E39/><V15/><F15/><W127/><G127/><T134/><D63/><U6/><E6/><V51/><F61/><W70/><G70/><T91/><D25/><U110/><E110/><V79/><F51/><W18/><G18/><T31/><D31/><RYUUKYOKU ba="2,2" sc="282,-15,215,15,291,-15,192,15" hai1="8,11,16,20,26,62,65,71,83,85,89,98,104" hai3="0,1,2,24,27,81,86,88,93,97" /><INIT seed="3,3,2,4,0,14" ten="267,230,276,207" oya="3" hai0="59,86,83,89,121,100,111,87,50,27,72,108,123" hai1="90,103,61,105,17,122,55,102,49,43,9,130,5" hai2="7,134,109,52,74,47,115,26,114,71,96,117,124" hai3="84,75,23,10,25,16,67,8,79,39,44,125,51"/><W1/><G125/><T60/><D50/><U46/><E122/><N who="0" m="46601" /><D27/><U94/><E130/><V91/><F117/><W82/><G39/><T65/><D72/><U20/><E105/><V80/><F71/><W118/><G118/><T93/><D59/><N who="1" m="35071" /><E9/><N who="3" m="3690" /><G75/><T29/><D29/><U78/><E5/><V104/><F7/><W3/><G3/><T127/><D60/><U35/><E78/><N who="2" m="44119" /><F26/><W13/><G1/><T21/><D21/><U88/><E35/><V101/><F124/><W37/><G37/><T66/><D127/><U6/><E6/><V0/><F0/><W77/><G13/><T128/><D128/><U132/><E132/><V33/><F33/><W57/><G77/><N who="0" m="46447" /><D100/><N who="1" m="38443" /><E94/><V12/><F134/><W68/><G68/><T32/><D32/><U45/><E46/><V120/><F120/><W107/><G107/><T54/><D54/><U129/><E129/><V15/><F52/><N who="3" m="31903" /><G44/><T22/><D66/><AGARI ba="3,2" hai="16,23,25,66,67,79,82,84" m="31903,3690" machi="66" ten="30,11600,0" yaku="8,1,52,1,54,2" doraHai="14" who="3" fromWho="0" sc="267,-125,230,0,276,0,207,145" owari="142,-35.8,230,-17.0,276,7.6,352,45.2" /></mjloggm>