<mjloggm ver="2.3"><GO type="225" lobby="0"/><UN n0="%6D%75%75%6D%75%72%61" n1="%E3%83%A1%E3%82%AC%E3%83%87%E3%82%B8" n2="%E3%81%BE%E3%81%A8%E3%81%9F" n3="%E5%A4%96%E5%B7%9D%E7%AB%9C%E6%88%90" dan="16,16,16,16" rate="2208.97,2096.47,2175.64,2229.66" sx="F,F,M,M"/><TAIKYOKU oya="0"/><INIT seed="0,0,0,5,0,93" ten="250,250,250,250" oya="0" hai0="125,58,121,65,77,103,79,123,24,11,97,101,135" hai1="32,89,112,26,16,71,66,84,9,114,46,39,70" hai2="30,109,68,74,122,75,88,124,118,72,21,62,20" hai3="10,69,90,64,132,42,110,17,51,25,111,50,100"/><T98/><D125/><U44/><E32/><V116/><F122/><W92/><G132/><T73/><D135/><U87/><E87/><V81/><F109/><N who="3" m="41483" /><G100/><N who="0" m="38475" /><D73/><U12/><E26/><V8/><F124/><W126/><G42/><T104/><D104/><U61/><E71/><V113/><F113/><N who="1" m="43625" /><E39/><V49/><F30/><W45/><G45/><T7/><D24/><U78/><E78/><N who="0" m="29705" /><D123/><U28/><E28/><V4/><F49/><W129/><G129/><T13/><D121/><U34/><E34/><V48/><F48/><W3/><G126/><T29/><D29/><U107/><E107/><V1/><F62/><AGARI ba="0,0" hai="7,11,13,58,62,65,97,98" m="29705,38475" machi="62" ten="30,5800,0" yaku="8,1,52,2" doraHai="93" who="0" fromWho="2" sc="250,58,250,0,250,-58,250,0" /><INIT seed="0,1,0,5,1,134" ten="308,250,192,250" oya="0" hai0="16,122,118,113,49,42,97,63,123,66,48,31,13" hai1="43,90,92,3,104,45,64,67,6,132,37,58,77" hai2="124,74,35,87,54,105,76,119,26,38,86,78,94" hai3="101,117,79,88,25,21,10,59,80,133,68,107,23"/><T22/><D113/><U51/><E104/><V99/><F38/><W12/><G117/><T14/><D118/><U125/><E132/><V34/><F119/><W106/><G68/><T95/><D31/><U114/><E114/><V9/><F105/><W8/><G133/><T100/><D14/><U111/><E77/><V135/><F135/><W41/><G41/><T70/><REACH who="0" step="1"/><D42/><REACH who="0" ten="298,250,192,250" step="2"/><U131/><E43/><V24/><F74/><W30/><G12/><T75/><D75/><U20/><E3/><V39/><F26/><W116/><G30/><T102/><D102/><U128/><E128/><V55/><F24/><W108/><G101/><T109/><D109/><U73/><E111/><V32/><F32/><W89/><G25/><T72/><D72/><U11/><E73/><V46/><F35/><W120/><G108/><T19/><D19/><U121/><E131/><V7/><F34/><W52/><G116/><T1/><D1/><U83/><E121/><AGARI ba="1,1" hai="13,16,22,48,49,63,66,70,95,97,100,121,122,123" machi="121" ten="40,3900,0" yaku="1,1,54,1,53,0" doraHai="134" doraHaiUra="84" who="0" fromWho="1" sc="298,52,250,-42,192,0,250,0" /><INIT seed="0,2,0,5,0,5" ten="350,208,192,250" oya="0" hai0="97,2,118,56,44,1,68,59,66,48,50,125,84" hai1="109,116,91,112,94,25,0,122,39,86,107,23,21" hai2="10,38,132,101,53,3,24,42,73,7,13,19,26" hai3="102,37,96,88,79,77,71,45,119,92,8,67,58"/><T63/><D118/><U36/><E116/><V61/><F132/><W52/><G119/><T69/><D125/><U90/><E122/><V64/><F101/><W95/><G71/><T17/><D97/><U117/><E117/><V82/><F53/><W16/><G37/><T40/><D84/><U110/><E107/><V133/><F42/><W9/><G67/><T60/><D17/><U135/><E135/><V62/><F38/><W108/><G45/><N who="0" m="25639" /><D2/><U70/><E70/><N who="0" m="27241" /><D1/><U104/><E104/><V14/><F3/><W103/><G108/><T80/><D80/><U46/><E0/><V11/><F133/><W15/><G8/><T43/><D66/><U54/><E86/><V47/><F64/><W72/><G72/><T134/><D134/><U89/><E94/><V98/><F98/><N who="3" m="59719" /><G103/><T30/><D30/><U99/><E99/><V74/><F74/><W87/><G87/><T34/><D34/><U126/><E110/><V113/><F73/><W105/><G105/><T106/><D106/><U75/><E126/><V33/><F33/><W121/><G121/><T4/><D4/><U78/><E109/><V55/><F82/><W93/><G93/><T100/><D100/><U18/><E75/><V127/><F127/><W115/><G115/><T65/><D65/><U20/><E91/><V76/><F113/><W130/><G130/><T124/><D124/><U83/><E90/><V51/><F76/><W114/><G114/><T27/><D27/><AGARI ba="2,0" hai="7,10,11,13,14,19,24,26,27,47,51,55,61,62" machi="27" ten="40,5200,0" yaku="8,1,52,2" doraHai="5" who="2" fromWho="0" sc="350,-58,208,0,192,58,250,0" /><INIT seed="1,0,0,0,5,28" ten="292,208,250,250" oya="1" hai0="111,19,77,116,135,130,70,14,129,65,105,60,30" hai1="132,113,18,20,118,66,52,62,114,93,86,48,127" hai2="109,58,76,23,123,15,134,87,126,38,94,10,125" hai3="37,43,124,120,51,47,84,6,16,112,50,131,79"/><U68/><E132/><V85/><F123/><W73/><G120/><T81/><D116/><U89/><E127/><V2/><F38/><W12/><G112/><T83/><D135/><U3/><E3/><V53/><F134/><W64/><G124/><N who="2" m="47721" /><F76/><W97/><G131/><N who="0" m="50187" /><D111/><U88/><E89/><V61/><F94/><W4/><G73/><T0/><D0/><U25/><REACH who="1" step="1"/><E118/><REACH who="1" ten="292,198,250,250" step="2"/><V103/><F109/><W96/><G79/><T35/><D77/><U22/><E22/><V31/><F2/><W21/><G21/><N who="0" m="11511" /><D105/><U45/><AGARI ba="0,1" hai="18,20,25,45,48,52,62,66,68,86,88,93,113,114" machi="45" ten="20,12000,1" yaku="1,1,0,1,7,1,54,2,53,0" doraHai="28" doraHaiUra="29" who="1" fromWho="1" sc="292,-40,198,130,250,-40,250,-40" /><INIT seed="1,1,0,1,4,116" ten="252,328,210,210" oya="1" hai0="135,110,96,109,1,71,117,29,134,66,21,121,18" hai1="52,41,79,113,108,43,94,97,95,2,105,56,15" hai2="17,125,70,115,132,77,33,87,32,31,93,76,25" hai3="46,84,89,49,83,112,28,104,45,62,61,122,19"/><U74/><E2/><V47/><F125/><W60/><G112/><T13/><D117/><U38/><E113/><V58/><F70/><W48/><G104/><T131/><D71/><U23/><E105/><V81/><F132/><N who="0" m="50730" /><D66/><U34/><E34/><V53/><F115/><W24/><G19/><T123/><D131/><U73/><E95/><V88/><F33/><W63/><N who="3" m="15360" /><DORA hai="40" /><W64/><G64/><T118/><D118/><U6/><E108/><N who="0" m="41577" /><D1/><U50/><E79/><V67/><F67/><W69/><G69/><T65/><D65/><U51/><E38/><V42/><F53/><W4/><G4/><T82/><D82/><U37/><E37/><V100/><F58/><W55/><G122/><N who="0" m="46603" /><D96/><U114/><E6/><V124/><F124/><W103/><G103/><T59/><D29/><U91/><E97/><V86/><F100/><W90/><G90/><T111/><N who="0" m="41585" /><T99/><DORA hai="57" /><D99/><U102/><E91/><V54/><F88/><W130/><G130/><T10/><D59/><U72/><E56/><V126/><F81/><W8/><G8/><AGARI ba="1,0" hai="8,10,13,18,21" m="46603,41585,50730" machi="8" ten="50,16000,3" yaku="20,1,14,1,13,1,34,2,52,3" doraHai="116,40,57" who="0" fromWho="3" sc="252,163,328,0,210,0,210,-163" /><INIT seed="2,0,0,1,2,84" ten="415,328,210,47" oya="2" hai0="125,128,108,126,119,56,105,123,21,4,12,131,89" hai1="47,54,66,51,1,59,58,48,83,16,8,104,15" hai2="77,38,60,98,97,110,93,129,99,50,2,117,9" hai3="24,82,90,65,94,71,64,96,11,63,55,31,3"/><V133/><F117/><W80/><G65/><T86/><D123/><U109/><E109/><V85/><F129/><N who="0" m="49738" /><D119/><U36/><E104/><V106/><F106/><W10/><G55/><T75/><D105/><U91/><E36/><V111/><F38/><W29/><G29/><T37/><D108/><N who="2" m="41514" /><F133/><W33/><REACH who="3" step="1"/><G11/><REACH who="3" ten="415,328,210,37" step="2"/><N who="0" m="4199" /><D56/><U114/><E66/><V103/><F9/><W73/><G73/><T120/><D75/><U88/><E114/><V130/><F130/><W20/><G20/><T7/><D120/><U79/><E1/><V113/><F2/><W23/><G23/><T95/><D21/><U81/><E59/><V87/><F113/><W122/><G122/><T13/><D37/><U40/><E81/><N who="2" m="47279" /><F50/><W76/><G76/><T118/><D118/><U22/><E8/><AGARI ba="0,1" hai="7,8,13,86,89,95,125,126" m="4199,49738" machi="8" ten="30,2000,0" yaku="19,1,52,1" doraHai="84" who="0" fromWho="1" sc="415,30,328,-20,210,0,37,0" /><INIT seed="3,0,0,5,5,66" ten="445,308,210,37" oya="3" hai0="92,15,69,98,62,134,7,59,26,133,90,108,123" hai1="41,74,104,68,71,75,51,122,72,111,83,87,119" hai2="101,88,57,23,112,20,116,64,109,61,4,53,42" hai3="105,103,14,32,106,50,2,77,99,55,114,115,100"/><W24/><G2/><T91/><D123/><U8/><E122/><V73/><F112/><W118/><G118/><T13/><D108/><U76/><E111/><V82/><F116/><W44/><G77/><T12/><D69/><U121/><E121/><V80/><F101/><W79/><G79/><T67/><D91/><U96/><E119/><V131/><F131/><W31/><REACH who="3" step="1"/><G14/><REACH who="3" ten="445,308,210,27" step="2"/><T107/><D15/><U128/><E76/><V10/><F109/><W63/><G63/><T19/><D13/><U56/><E74/><V40/><F61/><W18/><G18/><T135/><D7/><U33/><E75/><V129/><F73/><W102/><G102/><T48/><D12/><U126/><E72/><V86/><F4/><W58/><G58/><T17/><D19/><U3/><E56/><V35/><F57/><W60/><G60/><T125/><D17/><U97/><E3/><V46/><F129/><W21/><G21/><T16/><D16/><U47/><E128/><V95/><F23/><W27/><G27/><T132/><D132/><U65/><E8/><V78/><F20/><W45/><G45/><T36/><D26/><U9/><E47/><V37/><F78/><W130/><G130/><T38/><D62/><U29/><E9/><V5/><F10/><W93/><G93/><T39/><D67/><U11/><E65/><V28/><F64/><W117/><G117/><T84/><D59/><U110/><E110/><V127/><F5/><W94/><G94/><T49/><D125/><U25/><E126/><V85/><F127/><W113/><G113/><T34/><D34/><RYUUKYOKU ba="0,1" sc="445,15,308,-15,210,-15,27,15" hai0="36,38,39,48,49,84,90,92,98,107,133,134,135" hai3="24,31,32,44,50,55,99,100,103,105,106,114,115" /><INIT seed="3,1,1,4,4,0" ten="460,293,195,42" oya="3" hai0="122,69,104,17,123,2,83,4,113,106,76,55,82" hai1="8,6,19,28,105,75,37,18,135,84,93,70,39" hai2="11,38,24,134,121,1,88,51,131,95,14,54,85" hai3="27,108,59,128,96,112,12,80,45,97,62,13,91"/><W22/><G112/><T63/><D113/><U78/><E105/><V116/><F116/><W89/><G128/><T35/><D35/><U118/><E70/><V86/><F134/><W107/><G108/><T7/><D17/><U25/><E75/><V53/><F131/><W44/><G107/><T20/><D20/><U109/><E109/><V66/><F38/><W111/><G111/><T40/><D40/><U60/><E135/><V26/><F1/><W94/><G44/><T90/><D2/><U127/><E127/><V56/><F66/><W23/><G45/><T74/><D55/><U129/><E118/><V130/><F121/><W15/><G27/><T73/><D90/><N who="1" m="53447" /><E78/><V87/><F54/><N who="3" m="34167" /><G97/><T42/><D63/><U117/><E39/><V81/><F130/><W67/><G67/><T33/><D42/><U101/><E37/><V124/><F124/><W52/><G52/><T64/><D64/><U72/><E60/><V57/><F57/><W98/><G98/><T43/><D43/><U46/><E46/><V49/><F49/><W21/><G80/><T34/><D69/><U77/><E117/><V30/><F81/><W119/><G119/><T48/><D76/><U114/><E77/><V5/><REACH who="2" step="1"/><F26/><REACH who="2" ten="460,293,185,42" step="2"/><W10/><G91/><T92/><D92/><U115/><E129/><V71/><F71/><W61/><G61/><T79/><D79/><U99/><E115/><V68/><F68/><W29/><G29/><T9/><D48/><U41/><E114/><V125/><F125/><W36/><G36/><T65/><D65/><U132/><E28/><V3/><F3/><RYUUKYOKU ba="1,2" sc="460,10,293,-30,185,10,42,10" hai0="4,7,9,33,34,73,74,82,83,104,106,122,123" hai2="5,11,14,24,30,51,53,56,85,86,87,88,95" hai3="10,12,13,15,21,22,23,89,94,96" /><INIT seed="3,2,2,0,2,53" ten="470,263,195,52" oya="3" hai0="51,30,123,71,119,42,37,4,57,92,17,115,0" hai1="112,109,89,116,35,86,60,128,52,127,23,5,34" hai2="101,105,81,69,100,85,75,21,88,13,120,108,18" hai3="10,72,91,99,134,27,36,82,93,94,62,113,2"/><W114/><G134/><T68/><D119/><U132/><E112/><V84/><F69/><W90/><G36/><T43/><D123/><U66/><E132/><V15/><F120/><W98/><G27/><T3/><D115/><U96/><E109/><V12/><F108/><W110/><G110/><T48/><D30/><U73/><E73/><V106/><F75/><W56/><G2/><T59/><D17/><U83/><E127/><V74/><F74/><W49/><G49/><T95/><D4/><U16/><E5/><V29/><F29/><W8/><G114/><T28/><D28/><U50/><E96/><V20/><F18/><W135/><G135/><T117/><D117/><U45/><E128/><V46/><F46/><W22/><G22/><T97/><D97/><U24/><E116/><V70/><F70/><AGARI ba="2,2" hai="16,23,24,34,35,45,50,52,60,66,70,83,86,89" machi="70" ten="30,3900,0" yaku="7,1,54,2" doraHai="53" who="1" fromWho="2" sc="470,0,263,65,195,-45,52,0" owari="470,57.0,328,12.8,150,-25.0,52,-44.8" /></mjloggm>