<mjloggm ver="2.3"><GO type="225" lobby="0"/><UN n0="%E9%B3%B3%E6%9D%B1%E3%81%AE%E3%81%86%E3%81%95%E3%81%8E%E3%81%95%E3%82%93" n1="%E7%BD%AA%E5%88%91%E6%B3%95%E5%AE%9A%E4%B8%BB%E7%BE%A9" n2="%E3%81%BF%E3%81%BF%E3%81%9A" n3="%E3%81%82%E3%81%B9%E3%81%99%E3%81%91" dan="17,16,16,16" rate="2237.60,2138.66,2143.49,2074.48" sx="M,M,M,M"/><TAIKYOKU oya="0"/><INIT seed="0,0,0,4,5,103" ten="250,250,250,250" oya="0" hai0="16,13,48,88,65,131,38,32,4,46,22,56,68" hai1="123,75,74,116,1,90,97,91,89,58,86,43,33" hai2="53,115,63,84,96,27,67,128,110,37,81,26,18" hai3="42,132,11,98,76,7,93,117,55,36,17,102,8"/><T85/><D32/><U106/><E116/><V59/><F115/><W61/><G117/><T21/><D131/><U47/><E33/><V133/><F128/><W70/><G132/><T15/><D68/><U78/><E1/><V92/><F133/><W62/><G76/><T12/><D38/><U135/><E135/><V23/><F37/><W108/><G108/><T51/><D4/><U111/><E123/><V118/><F118/><W129/><G42/><N who="0" m="24663" /><D21/><U9/><E111/><V5/><F110/><W130/><G70/><T83/><D51/><U121/><E121/><V79/><F5/><W112/><G7/><T44/><D44/><U3/><E86/><V41/><F41/><W14/><G36/><T104/><D104/><U28/><E28/><V126/><F126/><W87/><G87/><T124/><D124/><U35/><E35/><V107/><F107/><W34/><G34/><T6/><D6/><U52/><E78/><V25/><REACH who="2" step="1"/><F67/><REACH who="2" ten="250,250,240,250" step="2"/><W40/><G112/><T100/><D100/><AGARI ba="0,1" hai="18,23,25,26,27,53,59,63,79,81,84,92,96,100" machi="100" ten="30,8000,1" yaku="1,1,2,1,7,1,8,1,53,1" doraHai="103" doraHaiUra="94" who="2" fromWho="0" sc="250,-80,250,0,240,90,250,0" /><INIT seed="1,0,0,0,1,71" ten="170,250,330,250" oya="1" hai0="69,130,22,74,121,132,72,54,30,6,99,20,87" hai1="65,21,38,100,119,113,77,103,46,128,105,107,63" hai2="13,10,117,111,67,24,129,115,98,36,32,76,104" hai3="84,4,79,39,47,124,58,86,15,12,68,59,126"/><U55/><E113/><V114/><F117/><W18/><G68/><T23/><D130/><U2/><E119/><V49/><F76/><W28/><G28/><T34/><D132/><U131/><E2/><V109/><F129/><N who="1" m="49737" /><E77/><V94/><F104/><N who="1" m="40009" /><E21/><V5/><F36/><W42/><G4/><T89/><D99/><U125/><E125/><N who="3" m="48234" /><G79/><T91/><D69/><N who="1" m="42175" /><E55/><V61/><F49/><W97/><G97/><T1/><D54/><U35/><E35/><V78/><F78/><W116/><G116/><T0/><D34/><U40/><AGARI ba="0,0" hai="38,40,46,100,103" m="42175,40009,49737" machi="40" ten="40,3900,0" yaku="19,1,52,1" doraHai="71" who="1" fromWho="1" sc="170,-13,250,39,330,-13,250,-13" /><INIT seed="1,1,0,1,3,16" ten="157,289,317,237" oya="1" hai0="24,132,18,95,54,97,115,21,12,122,26,127,28" hai1="86,23,20,98,79,2,13,32,92,9,30,129,27" hai2="68,19,78,104,89,109,88,118,73,120,36,114,125" hai3="47,107,66,126,102,131,55,105,3,64,43,39,112"/><U134/><E129/><V62/><F118/><W6/><G112/><T10/><D132/><U121/><E121/><V85/><F120/><W48/><G131/><T80/><D127/><U135/><E2/><V117/><F117/><W113/><G113/><T106/><D122/><U58/><E58/><V96/><F36/><W17/><G126/><T111/><D111/><U100/><E135/><V116/><F125/><W51/><G39/><T59/><D106/><U49/><E134/><V103/><F109/><W41/><G41/><T8/><D115/><U124/><E124/><V35/><F114/><W52/><G43/><T0/><D80/><U25/><E49/><V130/><F130/><W14/><G6/><T46/><D46/><U108/><E108/><V29/><F116/><W84/><G84/><T74/><D74/><U22/><E32/><V69/><F19/><W70/><G102/><T50/><D0/><U71/><E71/><V110/><F110/><W61/><G66/><T37/><D24/><U60/><E60/><V77/><F73/><W7/><G7/><T133/><D133/><U31/><E79/><N who="2" m="30219" /><F85/><W76/><G76/><T128/><D128/><U40/><E40/><V44/><F44/><N who="3" m="27655" /><G3/><T53/><D37/><U1/><E1/><V82/><F82/><W83/><G83/><T45/><D45/><U57/><E86/><V33/><F33/><W87/><G87/><T75/><D75/><U67/><E67/><N who="2" m="41079" /><F69/><W65/><G65/><T5/><D54/><U90/><E57/><V93/><F104/><W42/><G42/><T63/><D59/><U101/><E101/><RYUUKYOKU ba="1,0" sc="157,-15,289,-15,317,15,237,15" hai2="29,35,88,89,93,96,103" hai3="14,17,47,51,55,61,64,70,105,107" /><INIT seed="2,2,0,4,1,125" ten="142,274,332,252" oya="2" hai0="96,120,45,14,9,112,59,102,127,56,107,93,74" hai1="37,121,10,85,27,25,99,133,67,58,124,134,100" hai2="80,68,126,119,18,72,104,26,79,61,22,82,81" hai3="49,98,42,63,89,92,11,75,35,7,32,38,129"/><V78/><F126/><W132/><G38/><T86/><D120/><U17/><E37/><V13/><F119/><W77/><G132/><N who="1" m="50794" /><E124/><V6/><F104/><W94/><G129/><T114/><D127/><U105/><E121/><V29/><F6/><W108/><G108/><T109/><D109/><U70/><E70/><V54/><F79/><W122/><G122/><T31/><D31/><U130/><E130/><V76/><F76/><W55/><G94/><T66/><D74/><U60/><E85/><V48/><F61/><W135/><G42/><T0/><D0/><U115/><E115/><V1/><F1/><W4/><G63/><T103/><D114/><U116/><E116/><V8/><REACH who="2" step="1"/><F68/><REACH who="2" ten="142,274,322,252" step="2"/><W71/><G71/><T20/><D112/><U3/><E3/><V52/><F52/><W16/><G55/><T28/><D107/><U53/><E53/><V90/><F90/><W19/><G89/><T123/><D123/><U15/><AGARI ba="2,1" hai="10,15,17,25,27,58,60,67,99,100,105" m="50794" machi="15" ten="30,1100,0" yaku="20,1" doraHai="125" who="1" fromWho="1" sc="142,-5,274,27,322,-7,252,-5" /><INIT seed="3,0,0,5,3,16" ten="137,301,315,247" oya="3" hai0="129,102,72,90,40,108,96,24,95,18,46,135,128" hai1="116,39,45,29,114,37,42,61,97,92,73,19,98" hai2="4,10,130,105,109,113,64,38,115,14,17,83,63" hai3="118,30,59,41,70,25,60,106,27,8,67,31,23"/><W51/><G118/><T53/><D135/><U66/><E114/><V124/><F105/><W68/><G106/><T21/><D108/><U47/><E73/><V34/><F109/><W22/><G8/><T65/><D72/><U33/><E116/><V119/><F119/><W85/><G85/><T75/><D75/><U94/><E19/><V120/><F120/><W126/><G126/><T11/><D65/><U127/><E127/><V57/><F38/><W55/><G41/><T15/><D128/><U123/><E123/><V54/><F124/><W9/><G9/><T93/><D129/><U13/><E13/><V117/><F117/><W125/><G125/><T56/><D46/><AGARI ba="0,0" hai="22,23,25,27,30,31,46,51,55,59,60,67,68,70" machi="46" ten="30,11600,0" yaku="7,1,9,1,52,2" doraHai="16" who="3" fromWho="0" sc="137,-116,301,0,315,0,247,116" owari="21,-47.9,301,-9.9,315,11.5,363,46.3" /></mjloggm>