<mjloggm ver="2.3"><GO type="225" lobby="0"/><UN n0="%E5%84%AA%40%41%42%43" n1="%E7%B4%94%E6%BD%94%E3%83%94%E3%83%A9%E3%83%8B%E3%82%A2" n2="%E5%B0%8F%E9%B3%A5%E9%81%8A%E7%B7%B4%E7%84%A1%32%31%E6%AD%B3" n3="%E3%81%BD%E3%81%A1%E3%81%9F%E3%81%93%E3%82%84" dan="18,17,16,17" rate="2234.50,2285.46,2124.06,2191.84" sx="M,M,F,M"/><TAIKYOKU oya="0"/><INIT seed="0,0,0,5,1,125" ten="250,250,250,250" oya="0" hai0="41,102,68,62,129,65,61,121,55,42,3,93,103" hai1="128,47,18,63,39,58,108,49,24,15,29,74,135" hai2="37,76,126,101,35,112,123,5,97,59,79,131,122" hai3="72,32,109,50,13,113,96,110,120,8,17,27,1"/><T9/><D121/><U73/><E39/><V106/><F37/><W45/><G72/><T43/><D129/><U54/><E108/><N who="3" m="41578" /><G113/><T56/><REACH who="0" step="1"/><D93/><REACH who="0" ten="240,250,250,250" step="2"/><U66/><E128/><V57/><F131/><W30/><G120/><T91/><D91/><U90/><E90/><V34/><F123/><W118/><G118/><T10/><D10/><U21/><REACH who="1" step="1"/><E135/><REACH who="1" ten="240,240,250,250" step="2"/><V87/><F122/><W2/><G96/><T25/><D25/><U124/><E124/><V70/><F97/><W111/><G111/><T36/><D36/><U130/><E130/><V81/><F126/><W117/><G117/><T67/><D67/><U16/><E16/><V69/><F112/><W14/><G13/><T99/><D99/><U107/><E107/><V88/><F106/><W104/><G104/><T22/><D22/><AGARI ba="0,2" hai="15,18,21,22,24,29,47,49,54,58,63,66,73,74" machi="22" ten="30,2000,0" yaku="1,1,7,1,53,0" doraHai="125" doraHaiUra="0" who="1" fromWho="0" sc="240,-20,240,40,250,0,250,0" /><INIT seed="1,0,0,0,2,24" ten="220,280,250,250" oya="1" hai0="25,115,21,22,29,16,8,17,68,114,15,19,56" hai1="104,120,121,81,52,61,51,6,26,42,111,75,119" hai2="131,62,2,35,64,46,36,66,14,31,80,133,109" hai3="1,102,95,38,72,117,123,113,59,125,12,108,5"/><U110/><E104/><V7/><F133/><W34/><RYUUKYOKU type="yao9" ba="0,0" sc="220,0,280,0,250,0,250,0" hai3="1,5,12,34,38,59,72,95,102,108,113,117,123,125" /><INIT seed="1,1,0,4,0,34" ten="220,280,250,250" oya="1" hai0="124,1,116,113,88,38,35,84,73,42,109,119,89" hai1="70,23,58,78,110,22,40,25,44,2,63,96,3" hai2="33,85,121,86,5,31,117,112,131,9,65,80,68" hai3="102,51,126,37,45,125,99,59,104,52,105,76,10"/><U16/><E70/><V21/><F117/><W95/><G76/><T81/><D113/><U49/><E110/><V39/><F121/><W100/><G100/><T115/><D115/><U128/><E128/><V91/><F39/><W106/><G37/><T43/><D35/><U64/><E78/><V66/><F131/><W4/><REACH who="3" step="1"/><G45/><REACH who="3" ten="220,280,250,240" step="2"/><T14/><D38/><U107/><REACH who="1" step="1"/><E22/><REACH who="1" ten="220,270,250,240" step="2"/><V19/><F21/><W93/><G93/><T48/><D116/><U90/><E90/><V118/><F91/><W92/><G92/><T75/><D119/><U98/><E98/><V108/><F118/><W83/><G83/><T8/><D81/><U13/><E13/><AGARI ba="1,2" hai="4,10,13,51,52,59,95,99,102,104,105,106,125,126" machi="13" ten="40,2600,0" yaku="1,1,54,1,53,0" doraHai="34" doraHaiUra="127" who="3" fromWho="1" sc="220,0,270,-29,250,0,240,49" /><INIT seed="2,0,0,2,1,66" ten="220,241,250,289" oya="2" hai0="8,78,23,47,35,94,104,84,36,106,83,13,29" hai1="121,22,72,90,41,20,97,122,54,60,119,101,50" hai2="18,117,9,39,25,91,65,26,7,86,10,62,76" hai3="56,58,109,135,103,49,100,33,127,77,81,64,19"/><V111/><F39/><W3/><G3/><T28/><D35/><U110/><E119/><V69/><F117/><W116/><G33/><T0/><D0/><U114/><E114/><V24/><F76/><W128/><G64/><T92/><D106/><U130/><E72/><V75/><F75/><W99/><G19/><T129/><D104/><U87/><E110/><V48/><F111/><W31/><G31/><T30/><D129/><U45/><E130/><V115/><F115/><W11/><G11/><T113/><D113/><U88/><E41/><V79/><F79/><W17/><G17/><T61/><D36/><U46/><E60/><V82/><F18/><W1/><G49/><T96/><D47/><U132/><E46/><V42/><F7/><W89/><G58/><T32/><D61/><U59/><E45/><V102/><F102/><W80/><G56/><T34/><D94/><N who="1" m="58551" /><E90/><V16/><F42/><W105/><G1/><T15/><D15/><U43/><E43/><V4/><F48/><W70/><G70/><T2/><D2/><U51/><E50/><V12/><REACH who="2" step="1"/><F4/><REACH who="2" ten="220,241,240,289" step="2"/><W68/><G103/><N who="0" m="60807" /><D34/><U118/><E118/><V107/><F107/><W98/><G105/><T108/><D32/><U27/><E122/><V134/><F134/><W63/><G135/><T53/><D108/><U112/><E121/><V93/><F93/><W14/><G109/><T74/><D74/><U57/><E132/><V120/><F120/><W73/><G73/><T5/><D23/><AGARI ba="0,1" hai="9,10,12,16,23,24,25,26,62,65,69,82,86,91" machi="23" ten="40,7700,0" yaku="1,1,52,1,54,1,53,0" doraHai="66" doraHaiUra="40" who="2" fromWho="0" sc="220,-77,241,0,240,87,289,0" /><INIT seed="2,1,0,5,5,116" ten="143,241,327,289" oya="2" hai0="96,105,11,66,27,7,86,8,13,34,112,125,48" hai1="30,100,1,122,108,33,45,87,35,20,98,32,80" hai2="65,14,78,132,68,110,91,64,60,25,18,41,131" hai3="22,130,94,117,79,26,113,4,104,84,71,95,51"/><V109/><F131/><W19/><G117/><T6/><D112/><U99/><E108/><N who="2" m="41579" /><F132/><W2/><G104/><T62/><D125/><U50/><E1/><V103/><F103/><W5/><G71/><T61/><D48/><U123/><E20/><V53/><F41/><W9/><G5/><T97/><D86/><U47/><E30/><V111/><F78/><W42/><G113/><T17/><D62/><U3/><E3/><V59/><N who="2" m="41587" /><V49/><DORA hai="76" /><F25/><W134/><G130/><T0/><D105/><U118/><E118/><V31/><F31/><W128/><G134/><T129/><D129/><U115/><E115/><V24/><F24/><W29/><G29/><N who="0" m="19775" /><D61/><U114/><E114/><V81/><F65/><W12/><G128/><T124/><D66/><U74/><E74/><V70/><F70/><W55/><G42/><T85/><D85/><U44/><E50/><V56/><F68/><W127/><G127/><T88/><D88/><N who="1" m="51303" /><E100/><V90/><F81/><N who="3" m="47167" /><G2/><N who="0" m="87" /><D124/><U106/><E106/><V36/><F36/><W10/><G51/><T52/><D52/><U72/><E72/><V77/><F77/><W28/><G55/><T37/><D37/><U89/><E89/><V23/><AGARI ba="1,0" hai="14,18,23,49,53,56,59,60,64,90,91" m="41587" machi="23" ten="40,3900,0" yaku="14,1,10,1" doraHai="116,76" who="2" fromWho="2" sc="143,-14,241,-14,327,42,289,-14" /><INIT seed="2,2,0,1,3,7" ten="129,227,369,275" oya="2" hai0="4,124,106,69,50,72,16,74,73,32,12,92,1" hai1="96,88,108,56,13,113,116,49,26,14,43,97,128" hai2="110,100,82,8,75,59,30,89,70,66,20,11,109" hai3="48,131,93,80,101,47,127,51,61,135,9,41,132"/><V17/><F30/><W118/><G118/><T44/><D106/><U90/><E116/><V94/><F70/><W63/><G80/><T102/><D124/><U107/><E113/><V57/><F100/><W34/><G34/><T67/><D32/><U28/><E108/><N who="2" m="41579" /><F82/><W22/><G22/><T19/><D1/><U42/><E128/><V21/><F75/><W62/><G131/><T105/><D105/><U119/><E119/><V3/><F21/><W81/><G81/><T64/><D4/><U122/><E122/><V45/><F45/><N who="3" m="25647" /><G101/><T78/><D19/><U125/><E125/><V120/><F3/><W24/><G93/><T27/><D27/><U95/><E26/><N who="2" m="14607" /><F120/><W65/><G24/><T6/><D69/><U18/><E28/><V52/><F66/><W85/><G127/><T77/><D64/><U36/><E36/><V39/><F39/><W86/><G65/><T60/><D102/><U38/><E38/><V133/><F133/><N who="3" m="51275" /><G9/><N who="2" m="3657" /><F52/><AGARI ba="2,0" hai="47,51,52,61,62,63,85,86" m="51275,25647" machi="52" ten="30,2000,0" yaku="20,1,54,1" doraHai="7" who="3" fromWho="2" sc="129,0,227,0,369,-26,275,26" /><INIT seed="3,0,0,0,0,107" ten="129,227,343,301" oya="3" hai0="18,99,128,60,44,78,2,73,131,57,8,65,41" hai1="134,112,22,91,85,55,95,126,80,124,50,40,51" hai2="45,46,74,113,13,25,86,104,87,15,14,132,72" hai3="76,64,59,3,62,77,38,119,0,36,94,71,123"/><W68/><G119/><T103/><D18/><U67/><E112/><V1/><F113/><W130/><G123/><T89/><D89/><U84/><E134/><V129/><F132/><W17/><G130/><T26/><D26/><U35/><E35/><V100/><F1/><W31/><G17/><T111/><D111/><U37/><E67/><V82/><F25/><W97/><G31/><T96/><D96/><U24/><E37/><V102/><F82/><W98/><G64/><T88/><D88/><N who="1" m="53639" /><E40/><V7/><F104/><W118/><G94/><T127/><D127/><N who="1" m="48683" /><E55/><V110/><F110/><W109/><G109/><T58/><D58/><U81/><E81/><V27/><F27/><W106/><G59/><T105/><D2/><U133/><E133/><V108/><F108/><W54/><G54/><T61/><D60/><U47/><E47/><N who="2" m="17931" /><F7/><W117/><G62/><T19/><D19/><AGARI ba="0,0" hai="19,22,24,50,51,80,85,91" m="48683,53639" machi="19" ten="30,2000,0" yaku="18,1,54,1" doraHai="107" who="1" fromWho="0" sc="129,-20,227,20,343,0,301,0" owari="109,-39.1,247,-15.3,343,44.3,301,10.1" /></mjloggm>