<mjloggm ver="2.3"><GO type="225" lobby="0"/><UN n0="%4E%49%4A%49%49%52%4F" n1="%E7%89%B9%E6%9D%B1%E3%81%AF%E4%B8%96%E7%95%8C%E3%82%92%E6%95%91%E3%81%86" n2="%73%69%72%6F%75%74" n3="%E3%81%8A%E3%81%8B%E3%81%8F%E3%82%89" dan="16,16,16,16" rate="2175.98,2176.50,2140.96,2091.97" sx="M,M,M,M"/><TAIKYOKU oya="0"/><INIT seed="0,0,0,3,2,131" ten="250,250,250,250" oya="0" hai0="28,81,17,132,71,83,64,59,46,53,32,62,127" hai1="92,111,96,26,133,15,108,115,122,124,27,99,128" hai2="80,82,35,60,126,112,87,121,44,49,102,113,48" hai3="84,114,110,25,29,74,21,101,63,118,34,91,72"/><T40/><D132/><U4/><E122/><V24/><F121/><W18/><G114/><T116/><D127/><U50/><E115/><V70/><F126/><W134/><G110/><T22/><D116/><U12/><E124/><V125/><F125/><W77/><G77/><T98/><D28/><U31/><E128/><V89/><F102/><W5/><G101/><T88/><D32/><U20/><E133/><V1/><F1/><W33/><G33/><T93/><D71/><U75/><E75/><V65/><F48/><W85/><G85/><T57/><D57/><U3/><E3/><V107/><F107/><W109/><G109/><T130/><D64/><U41/><E27/><V106/><F106/><W52/><G5/><T103/><D103/><N who="1" m="60807" /><E99/><V90/><F90/><W135/><G118/><T68/><D68/><U38/><E12/><V11/><F82/><W14/><G72/><T69/><D69/><U86/><E50/><V95/><F95/><W120/><G74/><T30/><D30/><U8/><E86/><V104/><F104/><W94/><REACH who="3" step="1"/><G120/><REACH who="3" ten="250,250,250,240" step="2"/><T73/><D73/><U79/><E79/><V129/><F113/><W43/><G43/><T9/><D130/><U16/><E4/><V47/><F112/><W19/><G19/><T66/><D40/><U56/><E41/><V6/><F129/><W7/><G7/><T55/><D17/><U123/><E123/><V13/><F35/><W100/><G100/><T42/><D42/><U2/><E38/><V67/><F6/><W45/><G45/><T97/><D46/><U76/><E111/><V61/><F44/><RYUUKYOKU ba="0,1" sc="250,-10,250,-10,250,-10,240,30" hai3="14,18,21,25,29,34,52,63,84,91,94,134,135" /><INIT seed="1,1,1,2,1,57" ten="240,240,240,270" oya="1" hai0="7,117,127,103,21,20,31,51,40,63,131,12,30" hai1="4,26,66,47,110,65,89,44,74,90,61,8,41" hai2="81,23,42,115,1,50,48,96,67,78,107,113,133" hai3="34,43,102,32,100,24,38,49,9,53,27,18,97"/><U99/><E74/><V83/><F1/><W119/><G119/><T55/><D117/><U130/><E130/><V6/><F6/><W88/><G38/><T22/><D127/><U95/><E110/><V114/><F133/><W39/><G39/><T69/><D131/><U118/><E118/><V19/><F67/><W11/><G43/><T125/><D125/><U68/><E66/><V3/><F3/><W121/><G121/><T111/><D111/><U28/><E41/><V33/><F33/><W120/><G120/><T92/><D40/><U128/><E128/><V132/><F132/><W82/><G32/><T14/><D69/><U17/><E17/><V85/><F42/><W60/><G60/><T77/><D77/><U116/><E116/><V129/><F129/><W94/><G34/><T35/><D35/><U46/><E26/><N who="3" m="9770" /><G82/><T0/><D0/><U126/><E28/><N who="0" m="10793" /><D63/><U84/><E126/><V112/><F83/><W10/><G18/><T91/><D103/><U25/><E25/><N who="2" m="14591" /><F115/><W54/><G54/><T76/><D76/><U106/><E106/><V105/><F107/><W98/><G98/><N who="0" m="57631" /><D7/><U73/><E73/><V75/><F75/><W124/><G124/><T52/><D55/><U101/><REACH who="1" step="1"/><E84/><REACH who="1" ten="240,230,240,270" step="2"/><V58/><F105/><W87/><G87/><T13/><D13/><AGARI ba="1,2" hai="4,8,13,44,46,47,61,65,68,89,90,95,99,101" machi="13" ten="40,7700,0" yaku="1,1,2,1,52,1,53,0" doraHai="57" doraHaiUra="80" who="1" fromWho="0" sc="240,-80,230,100,240,0,270,0" /><INIT seed="1,2,0,4,5,22" ten="160,330,240,270" oya="1" hai0="82,74,1,89,6,134,26,8,14,18,36,60,56" hai1="112,23,13,64,39,2,79,21,77,84,108,123,33" hai2="107,54,80,5,101,131,35,78,118,49,75,117,116" hai3="25,93,113,71,65,99,61,20,15,4,87,94,7"/><U34/><E112/><V83/><F131/><W63/><G113/><T92/><D134/><U69/><E123/><V114/><F114/><W109/><G109/><T102/><D36/><U127/><E39/><V52/><F5/><W11/><G61/><T42/><D42/><U12/><E2/><V129/><F129/><W105/><G87/><T135/><D135/><U10/><E84/><V17/><F35/><W115/><G115/><T57/><D102/><U132/><E132/><V32/><F32/><W53/><G53/><T104/><D104/><U119/><E10/><V62/><F83/><W98/><G4/><T44/><D44/><U66/><E127/><V30/><F30/><W95/><REACH who="3" step="1"/><G105/><REACH who="3" ten="160,330,240,260" step="2"/><T0/><D74/><U31/><E108/><V72/><F72/><W125/><G125/><T45/><D60/><U24/><E64/><V70/><F62/><W37/><G37/><T50/><D6/><U97/><E66/><V91/><F54/><W51/><G51/><T90/><D0/><U59/><E69/><V111/><F70/><W86/><G86/><N who="0" m="50391" /><D1/><U73/><E73/><V128/><F128/><W3/><G3/><T48/><D48/><U121/><E121/><V19/><F111/><W68/><G68/><T110/><D110/><U133/><E133/><V103/><F107/><W16/><AGARI ba="2,1" hai="7,11,15,16,20,25,63,65,71,93,94,95,98,99" machi="16" ten="30,7900,0" yaku="1,1,0,1,52,1,54,1,53,0" doraHai="22" doraHaiUra="85" who="3" fromWho="3" sc="160,-22,330,-41,240,-22,260,95" /><INIT seed="2,0,0,3,1,16" ten="138,289,218,355" oya="2" hai0="103,62,18,4,56,87,23,111,29,6,72,48,52" hai1="63,113,55,112,106,20,100,47,128,82,96,35,107" hai2="129,74,61,75,117,86,34,9,131,42,14,105,21" hai3="19,102,135,77,59,43,22,124,46,85,81,73,53"/><V115/><F105/><W97/><G124/><T94/><D72/><U101/><E35/><V11/><F34/><W15/><G135/><T108/><D29/><U64/><E128/><N who="2" m="49227" /><F115/><W31/><G31/><T95/><D95/><U25/><E82/><V3/><F42/><W24/><G73/><T0/><D0/><U49/><E100/><V80/><F117/><W36/><G53/><T65/><D111/><U126/><E107/><V12/><F61/><W109/><G59/><T133/><D133/><U130/><E126/><V118/><F21/><W5/><G5/><T88/><D103/><U79/><E130/><V1/><F118/><W123/><G109/><T7/><D108/><U2/><E2/><N who="2" m="523" /><F12/><W60/><G60/><T125/><D125/><U90/><E79/><N who="2" m="46367" /><F9/><W78/><G78/><T40/><D40/><U26/><E90/><V120/><F120/><W67/><G123/><T32/><D32/><U45/><E45/><V92/><F92/><W134/><G134/><T51/><D65/><U57/><REACH who="1" step="1"/><E26/><AGARI ba="0,0" hai="4,6,7,18,23,26,48,51,52,56,62,87,88,94" machi="26" ten="40,8000,1" yaku="8,1,52,1,54,2" doraHai="16" who="0" fromWho="1" sc="138,80,289,-80,218,0,355,0" /><INIT seed="3,0,0,3,5,129" ten="218,209,218,355" oya="3" hai0="119,8,74,19,134,45,81,30,112,49,55,75,113" hai1="133,61,118,93,104,127,96,65,111,68,78,132,130" hai2="2,50,25,41,128,24,94,123,12,46,80,135,105" hai3="114,29,99,122,126,77,103,42,95,109,26,92,117"/><W84/><G114/><N who="0" m="44139" /><D134/><N who="1" m="51819" /><E111/><V32/><F2/><W10/><G92/><T90/><D119/><U82/><E127/><V115/><F105/><W89/><G84/><N who="0" m="50447" /><D30/><U37/><E37/><V0/><F0/><W5/><G89/><T64/><D64/><U85/><E130/><V7/><F115/><W98/><G10/><T14/><AGARI ba="0,0" hai="8,14,19,45,49,55,74,75" m="50447,44139" machi="14" ten="30,2000,0" yaku="25,1,11,1" doraHai="129" who="0" fromWho="0" sc="218,20,209,-5,218,-5,355,-10" owari="238,3.8,204,-29.6,213,-18.7,345,44.5" /></mjloggm>