<mjloggm ver="2.3"><GO type="225" lobby="0"/><UN n0="%E3%81%A1%E3%81%AA%E3%81%A4" n1="%E3%80%93%E3%81%97%E3%83%BC%E3%82%89%E3%80%93" n2="%61%67%65%48%61" n3="%E3%83%81%E3%83%AF%E3%83%AF%E9%9A%8A%E9%95%B7" dan="16,16,16,17" rate="2097.92,2172.66,2103.47,2191.41" sx="M,M,M,M"/><TAIKYOKU oya="0"/><INIT seed="0,0,0,5,0,10" ten="250,250,250,250" oya="0" hai0="77,126,82,23,116,67,29,53,63,100,58,98,32" hai1="129,99,96,105,93,130,18,101,24,17,70,47,54" hai2="133,41,109,22,49,71,3,81,68,46,21,57,48" hai3="134,40,75,120,26,84,64,69,11,121,88,115,114"/><T66/><D116/><U9/><E70/><V78/><F3/><W1/><G75/><T43/><D32/><U14/><E24/><V97/><F109/><W7/><G134/><T2/><D2/><U103/><E18/><V113/><F113/><W117/><G117/><T123/><D123/><N who="3" m="47177" /><G40/><T13/><D43/><U72/><E72/><V89/><F133/><W6/><G6/><T56/><D126/><U25/><E25/><V51/><F97/><W119/><G119/><T34/><D34/><U33/><E33/><V36/><F89/><W106/><G106/><T20/><D29/><U55/><REACH who="1" step="1"/><E47/><REACH who="1" ten="250,240,250,250" step="2"/><V90/><F57/><W61/><G26/><T15/><D56/><U87/><E87/><V107/><F68/><W95/><AGARI ba="0,1" hai="1,7,11,61,64,69,84,88,95,114,115" m="47177" machi="95" ten="30,2000,0" yaku="13,1,54,1" doraHai="10" who="3" fromWho="3" sc="250,-10,240,-5,250,-5,250,30" /><INIT seed="1,0,0,5,3,26" ten="240,235,245,280" oya="1" hai0="5,80,116,40,76,131,28,24,1,43,2,81,97" hai1="90,113,66,65,85,75,8,41,118,105,132,36,19" hai2="109,12,23,59,86,121,82,129,38,6,77,7,49" hai3="107,106,21,45,33,110,17,10,37,125,83,47,130"/><U14/><E75/><V67/><F38/><W128/><G33/><T127/><D116/><U96/><E118/><V32/><F32/><W51/><G110/><T56/><D131/><N who="3" m="50217" /><G125/><T99/><D127/><U61/><E113/><V52/><F129/><W0/><G37/><T3/><D5/><U57/><E132/><V11/><F121/><W112/><G45/><T4/><D4/><U111/><E111/><V124/><F124/><W13/><G112/><T22/><D80/><U50/><E36/><V72/><F109/><W55/><G0/><T95/><D56/><U30/><E30/><V42/><F72/><W60/><G21/><T91/><REACH who="0" step="1"/><D99/><REACH who="0" ten="230,235,245,280" step="2"/><U84/><E96/><V64/><F6/><W88/><G60/><T87/><AGARI ba="0,1" hai="1,2,3,22,24,28,40,43,76,81,87,91,95,97" machi="87" ten="30,7900,0" yaku="1,1,2,1,0,1,52,1,53,0" doraHai="26" doraHaiUra="104" who="0" fromWho="0" sc="230,89,235,-39,245,-20,280,-20" /><INIT seed="2,0,0,2,5,81" ten="319,196,225,260" oya="2" hai0="77,74,53,118,85,1,75,0,79,103,57,116,129" hai1="66,130,7,65,94,80,111,117,62,40,52,78,115" hai2="114,13,122,32,133,37,128,26,64,96,58,135,102" hai3="30,16,42,109,82,48,36,106,90,6,12,43,110"/><V4/><F114/><W72/><G106/><T38/><D38/><U68/><E115/><V88/><F122/><W124/><G36/><T60/><D129/><U91/><E130/><V27/><F128/><W59/><G124/><T107/><D103/><U47/><E117/><N who="0" m="45161" /><D107/><U83/><E111/><N who="3" m="42506" /><G30/><T131/><D131/><U56/><E7/><V29/><F37/><W24/><G6/><T44/><D44/><U69/><E69/><V105/><F26/><W5/><G5/><T67/><D67/><U86/><E68/><V15/><F4/><W50/><G24/><T97/><D97/><U35/><E35/><V41/><F41/><N who="3" m="15371" /><G59/><T45/><D45/><U21/><E21/><V17/><F13/><W20/><G72/><N who="0" m="27691" /><D85/><AGARI ba="0,0" hai="12,16,20,48,50,82,85,90" m="15371,42506" machi="85" ten="30,3900,0" yaku="14,1,52,1,54,1" doraHai="81" who="3" fromWho="0" sc="319,-39,196,0,225,0,260,39" /><INIT seed="3,0,0,5,2,70" ten="280,196,225,299" oya="3" hai0="31,52,62,121,80,11,49,67,40,60,10,111,2" hai1="45,27,126,39,87,131,63,101,76,132,99,127,65" hai2="103,120,88,117,72,64,92,122,21,30,82,68,44" hai3="7,107,56,41,96,79,12,18,15,61,69,75,28"/><W24/><G69/><T71/><D121/><N who="2" m="46698" /><F117/><W23/><G41/><T86/><D111/><U19/><E131/><V48/><F68/><W73/><G79/><T104/><D104/><U59/><E132/><V113/><F64/><W97/><G7/><T134/><D134/><U90/><E76/><N who="2" m="44295" /><F103/><W33/><G12/><T78/><D62/><U55/><E27/><V125/><F113/><W35/><G35/><T57/><D2/><U114/><E19/><V0/><F0/><W36/><G107/><T116/><D116/><U14/><E14/><V93/><F125/><N who="1" m="47625" /><E114/><V110/><F110/><W42/><G75/><T53/><D53/><U8/><E8/><V6/><F6/><W37/><G73/><T118/><D118/><U66/><E101/><V17/><F30/><W135/><G135/><T94/><D31/><U13/><E99/><V3/><F3/><W81/><G97/><T22/><D22/><U129/><E13/><N who="2" m="9391" /><F88/><W74/><G96/><T108/><D108/><U20/><E20/><V43/><AGARI ba="0,0" hai="43,44,48,92,93" m="9391,44295,46698" machi="43" ten="30,1100,0" yaku="13,1" doraHai="70" who="2" fromWho="2" sc="280,-3,196,-3,225,11,299,-5" /><INIT seed="4,0,0,2,0,4" ten="277,193,236,294" oya="0" hai0="87,20,93,73,30,7,78,79,46,33,9,27,112" hai1="38,60,40,122,32,5,95,97,77,70,127,84,98" hai2="54,132,0,65,83,62,92,8,55,76,74,58,15" hai3="36,119,26,75,6,44,47,10,72,133,99,105,31"/><T125/><D73/><U108/><E32/><V111/><F111/><W85/><G119/><T113/><D125/><U25/><E108/><V118/><F118/><W102/><G133/><T67/><D67/><U37/><E127/><V23/><F132/><W16/><G85/><T39/><D33/><U120/><E25/><V81/><F0/><W134/><G134/><T94/><D39/><U124/><E124/><V28/><F92/><N who="0" m="35434" /><D87/><U14/><E84/><V43/><F43/><W1/><G31/><T89/><D89/><U53/><E77/><V80/><F74/><W12/><G26/><T109/><D46/><U51/><E98/><V135/><F135/><W11/><REACH who="3" step="1"/><G44/><REACH who="3" ten="277,193,236,284" step="2"/><T41/><D109/><U100/><E120/><V115/><F76/><W71/><G71/><T2/><D41/><AGARI ba="0,1" hai="1,6,10,11,12,16,36,41,47,72,75,99,102,105" machi="41" ten="40,8000,1" yaku="1,1,52,2,54,1,53,0" doraHai="4" doraHaiUra="123" who="3" fromWho="0" sc="277,-80,193,0,236,0,284,90" owari="197,-20.3,193,-30.7,236,3.6,374,47.4" /></mjloggm>