<mjloggm ver="2.3"><GO type="225" lobby="0"/><UN n0="%E3%81%AF%E3%82%88%E3%81%8A%E3%81%98%E3%81%95%E3%82%93" n1="%E6%B0%B7%E5%B7%9D%E9%87%8C%E5%A5%88" n2="%E6%B4%BE%E9%81%A3%E3%81%AE%E3%82%B8%E3%83%A3%E3%83%83%E3%82%AF" n3="%E5%8F%AF%E5%85%90%E9%82%A3%E7%94%B1%E5%A4%9A" dan="17,16,17,17" rate="2166.03,2123.78,2173.92,2222.52" sx="M,F,M,F"/><TAIKYOKU oya="0"/><INIT seed="0,0,0,1,3,12" ten="250,250,250,250" oya="0" hai0="135,101,36,49,134,79,21,13,0,115,65,28,1" hai1="97,6,121,118,110,66,125,59,75,113,8,109,78" hai2="77,58,5,71,105,89,32,3,80,64,23,52,100" hai3="15,102,112,41,61,130,27,98,127,107,10,104,38"/><T30/><D36/><U132/><E118/><V67/><F32/><W95/><G112/><T90/><D79/><U91/><E121/><V68/><F89/><W29/><G127/><T108/><D101/><U128/><E125/><V122/><F122/><W42/><G130/><T26/><D65/><U17/><E128/><V54/><F5/><W83/><G83/><T7/><D49/><U74/><E132/><N who="0" m="50729" /><D90/><U114/><E6/><V39/><F3/><N who="0" m="1098" /><D115/><N who="1" m="44043" /><E59/><V120/><F39/><W25/><G61/><T87/><D87/><U81/><E66/><V63/><F120/><W70/><G70/><T48/><D48/><U34/><E34/><V20/><F100/><W123/><G123/><T124/><D124/><U86/><E97/><V84/><F68/><W24/><G38/><T18/><D108/><N who="1" m="41579" /><E91/><V11/><F71/><W51/><G51/><T31/><D7/><U73/><E73/><V117/><F67/><W92/><G107/><T111/><D111/><U76/><E76/><V55/><F105/><W60/><G104/><T126/><D126/><U43/><E43/><V46/><F46/><W82/><G60/><T22/><AGARI ba="0,0" hai="13,18,21,22,26,28,30,31" m="1098,50729" machi="22" ten="30,11700,0" yaku="20,1,34,2,52,1" doraHai="12" who="0" fromWho="0" sc="250,117,250,-39,250,-39,250,-39" /><INIT seed="0,1,0,5,1,78" ten="367,211,211,211" oya="0" hai0="129,7,73,47,77,76,3,69,45,96,108,94,90" hai1="80,133,127,86,58,36,135,97,124,11,130,17,23" hai2="33,93,105,89,12,84,64,18,2,32,120,122,92" hai3="52,101,82,31,13,117,104,53,29,55,25,21,8"/><T98/><D69/><U4/><E36/><V112/><F105/><W19/><G117/><T22/><D129/><U41/><E41/><V16/><F2/><W9/><G104/><T67/><D67/><U60/><E97/><V71/><F112/><W42/><G101/><T48/><D108/><U111/><E111/><V35/><F92/><W126/><G126/><N who="1" m="48170" /><E58/><V106/><F106/><W59/><G42/><T14/><D3/><N who="1" m="415" /><E60/><V103/><F103/><W134/><G134/><N who="1" m="51210" /><E86/><V20/><F64/><W56/><G29/><T131/><D96/><U107/><E107/><V123/><F71/><W72/><REACH who="3" step="1"/><G9/><REACH who="3" ten="367,211,211,201" step="2"/><T51/><D73/><U68/><E68/><V0/><F120/><W113/><G113/><T110/><D110/><U114/><E114/><V79/><F122/><W102/><G102/><T95/><D98/><U85/><E130/><V100/><F100/><W40/><G40/><T121/><D131/><U63/><E63/><V83/><F123/><W109/><G109/><T62/><D62/><U116/><E116/><V65/><F65/><W1/><G1/><T46/><D51/><U54/><E54/><V81/><F0/><W34/><G34/><T26/><D48/><U28/><E28/><V27/><REACH who="2" step="1"/><F79/><AGARI ba="1,1" hai="8,13,19,21,25,31,52,53,55,56,59,72,79,82" machi="79" ten="40,5200,0" yaku="1,1,52,1,54,1,53,0" doraHai="78" doraHaiUra="118" who="3" fromWho="2" sc="367,0,211,0,211,-55,201,65" /><INIT seed="1,0,0,2,1,101" ten="367,211,156,266" oya="1" hai0="31,39,52,17,9,33,118,119,128,53,108,68,75" hai1="13,107,40,116,95,83,110,106,78,70,20,21,37" hai2="131,103,88,79,30,34,97,25,11,93,86,41,55" hai3="59,80,104,8,36,99,91,49,10,111,0,51,122"/><U127/><E116/><V32/><F131/><W24/><G36/><T2/><D75/><U126/><E70/><V94/><F41/><W38/><G38/><T84/><D39/><U115/><E115/><V29/><F79/><W6/><G122/><T48/><D68/><U50/><E37/><V134/><F134/><W64/><G111/><T35/><D108/><U82/><E95/><V102/><F11/><W27/><G10/><T77/><D128/><U43/><E110/><V57/><F102/><W18/><G18/><T72/><D72/><U135/><E13/><V112/><F112/><W19/><G19/><T60/><D60/><U114/><E114/><V63/><REACH who="2" step="1"/><F30/><REACH who="2" ten="367,211,146,266" step="2"/><W132/><G132/><T7/><D31/><U117/><E135/><V66/><F66/><W89/><G64/><T46/><D77/><U58/><E78/><V3/><F3/><W15/><G0/><T23/><D9/><U130/><E130/><V92/><F92/><W54/><G8/><T120/><D2/><U81/><E117/><V109/><F109/><W42/><G42/><T61/><D118/><U85/><E40/><V56/><F56/><W22/><G59/><N who="0" m="35055" /><D119/><U73/><E43/><V4/><F4/><W65/><G6/><T5/><D7/><U113/><E113/><V62/><F62/><W133/><G65/><T1/><D5/><U98/><E58/><V71/><F71/><W87/><G133/><T105/><D1/><U125/><E125/><V96/><F96/><W47/><G99/><T69/><D69/><U16/><E98/><V45/><F45/><W124/><G47/><RYUUKYOKU ba="0,1" sc="367,-10,211,-10,146,30,266,-10" hai2="25,29,32,34,55,57,63,86,88,93,94,97,103" /><INIT seed="2,1,1,1,4,101" ten="357,201,176,256" oya="2" hai0="79,41,43,87,106,81,90,46,77,40,2,121,27" hai1="75,48,70,76,134,63,38,66,9,95,47,71,122" hai2="30,31,25,3,1,83,18,56,84,69,7,102,91" hai3="10,94,53,26,123,62,132,68,19,126,54,49,105"/><V58/><F69/><W16/><G123/><T125/><D121/><U130/><E122/><V15/><F3/><W112/><G132/><T107/><D2/><U4/><E134/><V135/><F135/><W23/><G126/><T21/><D125/><U127/><E127/><V29/><F102/><W96/><G112/><T117/><D117/><U11/><E130/><V35/><F31/><W86/><G105/><T97/><D46/><U92/><E38/><V82/><F30/><W80/><G68/><T128/><D128/><U111/><E111/><V103/><F82/><W5/><G62/><T39/><D39/><U17/><E71/><V59/><F103/><N who="3" m="60823" /><G5/><T115/><D115/><U65/><E65/><V114/><F114/><W60/><G60/><T72/><D97/><U44/><E44/><V22/><REACH who="2" step="1"/><F58/><REACH who="2" ten="357,201,166,256" step="2"/><W12/><G49/><T104/><REACH who="0" step="1"/><D72/><REACH who="0" ten="347,201,166,256" step="2"/><U51/><E75/><V24/><F24/><W52/><G26/><T67/><D67/><U99/><E66/><V28/><F28/><AGARI ba="1,3" hai="21,27,28,40,41,43,77,79,81,87,90,104,106,107" machi="28" ten="50,8000,1" yaku="1,1,52,3,53,0" doraHai="101" doraHaiUra="33" who="0" fromWho="2" sc="347,113,201,0,166,-83,256,0" /><INIT seed="3,0,0,0,5,64" ten="460,201,83,256" oya="3" hai0="79,78,75,72,127,7,70,101,89,93,18,42,107" hai1="115,118,98,80,126,29,128,51,26,37,131,62,133" hai2="61,3,1,60,116,81,110,76,59,0,44,94,66" hai3="125,58,25,117,47,96,68,88,15,109,8,129,48"/><W95/><G117/><T39/><D70/><U100/><E37/><V34/><F116/><W14/><G125/><T113/><D127/><U73/><E126/><V17/><F34/><W71/><G129/><N who="1" m="49738" /><E118/><V119/><F119/><W2/><G2/><T6/><D18/><U104/><E133/><V106/><F106/><W87/><G109/><T35/><D93/><U33/><E115/><V86/><F110/><W67/><G25/><T130/><D101/><U32/><E51/><V46/><F94/><W13/><G8/><T132/><D89/><U84/><E62/><V11/><F60/><W55/><G67/><T90/><D79/><N who="1" m="46111" /><E73/><V9/><F17/><W65/><G65/><T99/><D99/><U92/><E104/><V121/><F121/><W24/><G58/><T83/><D90/><U105/><E105/><V27/><F27/><W43/><G43/><T45/><D83/><U20/><AGARI ba="0,0" hai="20,26,29,32,33,92,98,100" m="46111,49738" machi="20" ten="30,1100,0" yaku="19,1" doraHai="64" who="1" fromWho="1" sc="460,-3,201,11,83,-3,256,-5" owari="457,55.7,212,-18.8,80,-42.0,251,5.1" /></mjloggm>