<mjloggm ver="2.3"><GO type="225" lobby="0"/><UN n0="%6D%75%75%6D%75%72%61" n1="%E5%8F%AF%E5%85%90%E9%82%A3%E7%94%B1%E5%A4%9A" n2="%61%69%73%79%6F" n3="%E5%B8%86%E7%AB%8B%E5%A4%8F%E8%A1%A3" dan="16,16,17,16" rate="2180.20,2191.22,2244.44,2047.54" sx="F,F,M,M"/><TAIKYOKU oya="0"/><INIT seed="0,0,0,1,3,7" ten="250,250,250,250" oya="0" hai0="122,93,80,32,96,92,30,116,0,128,37,61,82" hai1="18,132,36,73,23,78,63,74,35,81,54,56,22" hai2="41,103,109,75,45,19,49,135,120,21,67,33,121" hai3="71,31,66,59,24,95,39,65,72,100,3,111,58"/><T52/><D116/><U46/><E35/><V108/><F33/><W101/><G111/><N who="2" m="42569" /><F75/><W44/><G72/><T27/><D122/><U112/><E132/><V62/><F103/><W110/><G110/><T87/><D37/><U83/><E112/><V85/><F85/><W131/><G131/><T11/><D128/><U77/><REACH who="1" step="1"/><E18/><REACH who="1" ten="250,240,250,250" step="2"/><V79/><F135/><W16/><G16/><T25/><D32/><U86/><E86/><V113/><F113/><W15/><G15/><T123/><D123/><U20/><E20/><V130/><F130/><W2/><G2/><T57/><D87/><U13/><E13/><N who="2" m="9455" /><F79/><W84/><G84/><T42/><D30/><U60/><E60/><V99/><F99/><W70/><G3/><T134/><D134/><U43/><AGARI ba="0,1" hai="22,23,36,43,46,54,56,63,73,74,77,78,81,83" machi="43" ten="30,4000,0" yaku="1,1,0,1,9,1,53,0" doraHai="7" doraHaiUra="119" who="1" fromWho="1" sc="250,-20,240,50,250,-10,250,-10" /><INIT seed="1,0,0,5,0,92" ten="230,290,240,240" oya="1" hai0="2,56,119,120,28,43,80,47,107,26,5,115,98" hai1="61,123,97,94,104,91,103,45,101,102,108,14,57" hai2="60,51,8,66,87,10,109,17,38,122,73,93,69" hai3="31,86,63,65,78,11,34,41,124,24,62,50,129"/><U7/><E123/><V49/><F122/><W29/><G124/><T89/><D120/><U42/><E108/><V128/><F38/><W74/><G129/><T21/><D115/><U30/><E30/><V15/><F73/><W33/><G74/><T4/><D119/><U37/><E7/><V18/><F109/><W106/><G106/><T99/><D107/><U55/><REACH who="1" step="1"/><E14/><REACH who="1" ten="230,280,240,240" step="2"/><V3/><F3/><W46/><G31/><T117/><D117/><U52/><E52/><V39/><F128/><W134/><G29/><T96/><D2/><U72/><E72/><V125/><F125/><W13/><G13/><T116/><D116/><U126/><E126/><V113/><F113/><W81/><G33/><T79/><D5/><U12/><E12/><V121/><F121/><W83/><G34/><T22/><D4/><U90/><E90/><V35/><F35/><W88/><G24/><T23/><D89/><U130/><E130/><V82/><F15/><W114/><G114/><T75/><REACH who="0" step="1"/><D56/><REACH who="0" ten="220,280,240,240" step="2"/><U118/><E118/><V85/><F8/><W131/><G131/><T0/><D0/><U9/><E9/><V112/><F10/><W58/><G11/><T68/><D68/><U133/><E133/><V44/><F112/><W127/><G134/><T84/><D84/><AGARI ba="0,2" hai="37,42,45,55,57,61,84,91,94,97,101,102,103,104" machi="84" ten="30,5800,0" yaku="1,1,7,1,52,1,53,0" doraHai="92" doraHaiUra="111" who="1" fromWho="0" sc="220,-58,280,78,240,0,240,0" /><INIT seed="1,1,0,3,5,70" ten="162,358,240,240" oya="1" hai0="9,95,124,12,45,24,84,101,109,22,127,2,37" hai1="8,98,64,100,41,65,121,72,50,19,117,33,32" hai2="17,129,43,102,5,54,63,30,119,131,42,34,85" hai3="83,93,59,110,116,89,28,94,27,81,88,21,46"/><U3/><E117/><V39/><F119/><W118/><G110/><T31/><D109/><U105/><E121/><V1/><F17/><W29/><G118/><T36/><D2/><U91/><E72/><V61/><F102/><W112/><G116/><T80/><D101/><U73/><E73/><V106/><F106/><W125/><G125/><N who="0" m="48203" /><D95/><U108/><E108/><V114/><F114/><W13/><G112/><T97/><D97/><U62/><E91/><V47/><F42/><W56/><G13/><T120/><D45/><U87/><E87/><V23/><F34/><W123/><G123/><T26/><D26/><U128/><E128/><N who="2" m="49227" /><F54/><W130/><G130/><T55/><D55/><U133/><E133/><V66/><F85/><W69/><G46/><T134/><D134/><U111/><E111/><V10/><F66/><W104/><G104/><T96/><D96/><U115/><E65/><V135/><F135/><W58/><G27/><AGARI ba="1,0" hai="1,5,10,23,27,30,39,43,47,61,63" m="49227" machi="27" ten="30,2000,0" yaku="19,1,52,1" doraHai="70" who="2" fromWho="3" sc="162,0,358,0,240,23,240,-23" /><INIT seed="2,0,0,1,5,123" ten="162,358,263,217" oya="2" hai0="119,100,40,115,36,126,130,12,63,85,14,86,101" hai1="26,80,83,109,103,22,120,98,84,41,67,19,52" hai2="7,68,8,62,107,59,28,74,5,75,88,24,102" hai3="128,0,90,124,4,87,57,125,55,110,39,70,132"/><V64/><F5/><W135/><G4/><T94/><D115/><U51/><E120/><V3/><F59/><W30/><G30/><T60/><D130/><U1/><E1/><V93/><F93/><W65/><G0/><T56/><D126/><N who="3" m="48745" /><G128/><T58/><D94/><N who="1" m="58839" /><E109/><V108/><F88/><W116/><G116/><T46/><D119/><U95/><E67/><V105/><F108/><W114/><G114/><T122/><D122/><U72/><E72/><V106/><REACH who="2" step="1"/><F102/><REACH who="2" ten="162,358,253,217" step="2"/><W25/><G110/><T44/><REACH who="0" step="1"/><D36/><REACH who="0" ten="152,358,253,217" step="2"/><U104/><E95/><V45/><F45/><W6/><G39/><T78/><D78/><U13/><E83/><V92/><F92/><W73/><G90/><T54/><D54/><U17/><E52/><V134/><F134/><W117/><G135/><T37/><D37/><U2/><E80/><V69/><F69/><W121/><G132/><T61/><D61/><U89/><E89/><V34/><AGARI ba="0,2" hai="3,7,8,24,28,34,62,64,68,74,75,105,106,107" machi="34" ten="30,12000,1" yaku="1,1,0,1,33,3,53,0" doraHai="123" doraHaiUra="49" who="2" fromWho="2" sc="152,-40,358,-40,253,140,217,-40" /><INIT seed="2,1,0,2,3,106" ten="112,318,393,177" oya="2" hai0="14,126,61,115,111,105,96,17,31,54,55,19,63" hai1="7,9,4,39,122,48,12,78,59,16,77,49,114" hai2="121,88,80,32,108,41,37,29,24,58,69,13,131" hai3="90,57,95,102,93,46,21,97,34,100,107,53,128"/><V5/><F121/><W75/><G34/><T87/><D115/><U72/><E114/><V23/><F69/><W67/><G128/><T130/><D130/><U20/><E39/><V104/><F104/><W40/><G67/><T82/><D111/><U70/><E70/><V1/><F108/><W74/><G21/><T27/><D126/><U35/><E35/><V125/><F125/><W92/><G102/><T98/><D105/><U84/><E122/><V47/><F58/><W18/><G18/><T124/><D124/><U135/><E135/><V117/><F117/><W118/><G90/><T8/><D31/><U22/><E72/><V68/><F68/><W10/><G10/><T85/><D8/><U129/><E129/><V52/><F52/><W81/><G81/><T120/><D120/><U79/><E22/><V25/><F1/><W6/><G6/><T38/><D38/><U109/><E109/><V30/><F131/><W71/><G71/><T0/><D0/><U62/><E84/><V76/><F88/><W66/><G66/><T15/><REACH who="0" step="1"/><D82/><REACH who="0" ten="102,318,393,177" step="2"/><U110/><E110/><V123/><F123/><W89/><G118/><T33/><D33/><U91/><E7/><V51/><F5/><W36/><REACH who="3" step="1"/><G89/><REACH who="3" ten="102,318,393,167" step="2"/><T2/><D2/><U112/><E91/><V132/><F32/><W56/><G56/><T134/><D134/><U113/><E113/><V99/><F132/><W43/><G43/><T3/><D3/><U42/><E42/><N who="2" m="25079" /><F30/><W103/><G103/><T133/><D133/><U127/><E112/><V44/><F29/><W50/><AGARI ba="1,2" hai="36,40,46,50,53,57,74,75,92,93,95,97,100,107" machi="50" ten="30,7900,0" yaku="1,1,0,1,52,2,53,0" doraHai="106" doraHaiUra="26" who="3" fromWho="3" sc="102,-21,318,-21,393,-40,167,102" /><INIT seed="3,0,0,3,3,113" ten="81,297,353,269" oya="3" hai0="88,120,21,28,42,83,7,109,55,80,36,64,2" hai1="103,4,37,130,107,33,27,10,85,73,20,101,51" hai2="89,16,56,47,6,45,129,62,31,3,112,78,52" hai3="25,22,40,9,108,59,69,50,46,123,91,11,38"/><W17/><G123/><T39/><D120/><U99/><E73/><V128/><F112/><W95/><G69/><T110/><D64/><U60/><E37/><V68/><F31/><W116/><G108/><T15/><D2/><U74/><E74/><V24/><F3/><W71/><G71/><T14/><D55/><U49/><E33/><V132/><F6/><W135/><G135/><T82/><D42/><U93/><E130/><V92/><F78/><W66/><G116/><T26/><D7/><U122/><E122/><V118/><F118/><W97/><REACH who="3" step="1"/><G38/><REACH who="3" ten="81,297,353,259" step="2"/><T72/><D72/><U87/><E60/><AGARI ba="0,1" hai="9,11,17,22,25,40,46,50,59,60,66,91,95,97" machi="60" ten="40,7700,0" yaku="1,1,2,1,8,1,53,0" doraHai="113" doraHaiUra="115" who="3" fromWho="1" sc="81,0,297,-77,353,0,259,87" /><INIT seed="3,1,0,1,2,113" ten="81,220,353,346" oya="3" hai0="51,14,67,3,19,30,78,41,32,75,29,117,45" hai1="92,8,121,9,20,46,47,104,15,63,1,131,108" hai2="66,107,129,37,101,124,23,112,42,24,10,83,73" hai3="105,33,82,126,135,59,18,71,5,55,26,96,68"/><W99/><G126/><T35/><D117/><U118/><E121/><V39/><F112/><W79/><G135/><T77/><D3/><U120/><E120/><V4/><F66/><W114/><G114/><T123/><D123/><U2/><E104/><V7/><F7/><W17/><G5/><T128/><D128/><U13/><E131/><V134/><F134/><W27/><G71/><T72/><D67/><U61/><E92/><V31/><F124/><W50/><G68/><T57/><D57/><U95/><E95/><V81/><F129/><W11/><G33/><T74/><D35/><U36/><E20/><V85/><F81/><W49/><G49/><T133/><D133/><U130/><E130/><V43/><F73/><W115/><G115/><T56/><D32/><U125/><E125/><V64/><F64/><W89/><G105/><T100/><D100/><U109/><E36/><V86/><F86/><N who="3" m="50391" /><G79/><T65/><D77/><U62/><E62/><V87/><F87/><W48/><G50/><T84/><D78/><U102/><E102/><V25/><F101/><W69/><G69/><T132/><D132/><U38/><E38/><V119/><F107/><W70/><G70/><T94/><D84/><U122/><E122/><V88/><F119/><AGARI ba="1,0" hai="1,2,8,9,13,15,46,47,61,63,108,109,118,119" machi="119" ten="25,6400,0" yaku="22,2,52,2" doraHai="113" who="1" fromWho="2" sc="81,0,220,67,353,-67,346,0" owari="81,-41.9,287,8.7,286,-11.4,346,44.6" /></mjloggm>