<mjloggm ver="2.3"><GO type="225" lobby="0"/><UN n0="%E3%83%AB%E3%83%9B%E3%83%B3%E3%83%87%E3%82%A3%E3%82%A8" n1="%E3%81%A1%E3%82%85%E3%81%86%E3%81%A9%E3%81%8F%E8%B1%A1%E3%81%95%E3%82%93" n2="%E3%82%A2%E3%83%9E%E3%83%9D%EF%BD%9E%EF%BD%9E%E3%83%A9" n3="%E3%81%9F%E3%81%93%E2%98%86%E7%84%BC%E3%81%8D" dan="17,17,17,16" rate="2155.13,2204.43,2180.85,2109.28" sx="M,M,M,M"/><TAIKYOKU oya="0"/><INIT seed="0,0,0,0,2,114" ten="250,250,250,250" oya="0" hai0="72,0,97,24,99,40,109,89,68,129,87,106,45" hai1="19,6,112,131,37,53,65,83,67,22,27,94,61" hai2="110,120,79,86,128,21,47,73,64,54,77,31,91" hai3="134,30,2,50,13,23,15,17,71,108,66,116,28"/><T51/><D68/><U60/><E112/><V63/><F110/><W96/><G96/><T76/><D0/><U101/><E131/><V35/><F35/><W1/><G50/><T25/><D129/><U90/><E37/><V36/><F73/><W70/><G66/><N who="1" m="25098" /><E6/><V69/><F120/><W93/><G93/><T118/><D118/><U3/><E3/><V119/><F119/><W78/><G78/><T33/><D33/><U107/><E107/><V100/><F100/><W43/><G43/><T57/><D109/><U10/><E10/><V52/><F54/><W5/><G108/><T82/><D57/><N who="1" m="34863" /><E61/><V80/><F128/><W85/><G116/><T132/><D132/><U8/><E8/><V46/><F36/><W26/><G134/><T42/><D42/><U126/><E126/><V123/><F123/><W38/><G38/><T84/><D72/><U34/><E34/><V58/><F69/><W55/><G5/><T81/><D106/><U29/><E101/><V56/><F47/><W39/><G39/><T44/><D44/><U103/><E103/><V75/><F46/><W124/><G124/><T95/><REACH who="0" step="1"/><D99/><REACH who="0" ten="240,250,250,250" step="2"/><N who="1" m="57815" /><E83/><V104/><F104/><W16/><G71/><T62/><D62/><U41/><E41/><V113/><F75/><W20/><G70/><T98/><D98/><U11/><E11/><V105/><F105/><W125/><G125/><T121/><D121/><U59/><E59/><V18/><F113/><W92/><G1/><T9/><D9/><U115/><E115/><V32/><F32/><W48/><G2/><T88/><AGARI ba="0,1" hai="24,25,40,45,51,76,81,82,84,87,88,89,95,97" machi="88" ten="20,12000,1" yaku="1,1,0,1,7,1,8,1,54,1,53,0" doraHai="114" doraHaiUra="117" who="0" fromWho="0" sc="240,130,250,-40,250,-40,250,-40" /><INIT seed="0,1,0,0,5,69" ten="370,210,210,210" oya="0" hai0="44,122,68,73,47,126,54,22,62,14,128,57,102" hai1="75,74,11,7,131,79,134,61,64,93,53,31,92" hai2="24,15,114,135,78,9,129,127,56,90,58,97,6" hai3="27,105,17,70,88,111,13,95,100,5,86,121,41"/><T89/><D73/><U16/><E134/><V112/><F135/><W80/><G70/><T103/><D122/><U94/><E131/><V39/><F129/><W35/><G111/><T118/><D118/><U91/><E31/><V116/><F127/><W77/><G5/><T40/><D68/><U110/><E110/><V42/><F78/><W132/><G132/><T106/><D106/><U109/><E109/><V71/><F71/><W115/><G115/><T98/><D126/><U4/><E53/><V10/><F116/><W37/><G27/><T85/><D98/><U43/><E43/><V107/><F24/><W38/><G41/><T30/><D128/><U76/><E91/><V125/><F125/><W46/><G46/><T26/><D14/><U120/><E120/><V3/><F58/><W21/><G35/><T123/><D123/><U104/><E104/><V23/><F23/><W29/><G29/><T45/><REACH who="0" step="1"/><D40/><REACH who="0" ten="360,210,210,210" step="2"/><U1/><E75/><V28/><F107/><W51/><G121/><T25/><D25/><U72/><E74/><V8/><F15/><W60/><G105/><T84/><D84/><U66/><E72/><V117/><F117/><W67/><G86/><T96/><D96/><U2/><E2/><V55/><F97/><W19/><G13/><T59/><D59/><N who="1" m="36927" /><E1/><V36/><F42/><W32/><G100/><T34/><D34/><U12/><E66/><V113/><F113/><W50/><G67/><T119/><D119/><U133/><E133/><V18/><F114/><W81/><G32/><T130/><D130/><U0/><E0/><V83/><F112/><RYUUKYOKU ba="1,1" sc="360,15,210,15,210,-15,210,-15" hai0="22,26,30,44,45,47,54,57,62,85,89,102,103" hai1="4,7,11,12,16,76,79,92,93,94" /><INIT seed="0,2,1,2,1,25" ten="375,225,195,195" oya="0" hai0="36,31,91,34,81,68,90,114,77,88,30,54,112" hai1="12,9,11,29,44,3,102,96,47,66,126,15,67" hai2="100,73,120,46,48,113,26,89,110,72,55,133,122" hai3="17,103,40,8,43,121,0,125,41,84,82,83,38"/><T20/><D68/><U70/><E126/><V45/><F113/><W24/><G125/><T119/><D119/><U106/><E3/><V129/><F110/><W123/><G103/><T78/><D36/><U105/><E70/><V28/><F129/><W71/><G71/><T111/><D111/><U85/><E102/><V16/><F133/><W124/><G124/><T14/><D34/><U60/><E60/><V135/><F135/><W4/><G83/><T13/><D114/><U51/><E85/><V76/><F100/><W2/><G2/><T109/><D109/><U104/><E51/><V35/><F46/><W95/><G95/><T64/><D64/><U80/><E106/><V22/><F89/><W116/><G116/><T132/><D112/><U49/><E49/><V63/><F63/><W115/><G115/><T50/><D132/><U53/><E80/><V127/><F76/><N who="0" m="29290" /><D81/><U92/><E92/><V52/><F55/><W61/><G61/><T93/><D93/><U74/><E53/><V39/><F39/><W23/><REACH who="3" step="1"/><G38/><REACH who="3" ten="375,225,195,185" step="2"/><T118/><D118/><U117/><E117/><V33/><F127/><W19/><G19/><N who="0" m="10351" /><D14/><U75/><E96/><V6/><F73/><W5/><G5/><T128/><D128/><U21/><E74/><V99/><F6/><W32/><G32/><T101/><D101/><U18/><E75/><V62/><F72/><W87/><G87/><T7/><D7/><U59/><E105/><V98/><F35/><W42/><N who="3" m="10240" /><DORA hai="65" /><W108/><G108/><T97/><D97/><N who="2" m="36874" /><F62/><W134/><G134/><T57/><AGARI ba="2,2" hai="30,31,50,54,57,88,90,91" m="10351,29290" machi="57" ten="30,11700,0" yaku="8,1,52,2,54,1" doraHai="25,65" who="0" fromWho="0" sc="375,143,225,-41,195,-41,185,-41" /><INIT seed="0,3,0,2,0,110" ten="518,184,154,144" oya="0" hai0="130,30,58,118,26,6,48,38,17,126,131,57,77" hai1="78,104,39,0,12,66,8,29,1,84,13,101,121" hai2="105,127,45,52,59,124,129,33,40,133,86,62,51" hai3="90,132,115,97,113,120,50,7,106,107,32,9,34"/><T2/><D38/><U15/><E121/><V85/><F105/><N who="3" m="39947" /><G50/><T54/><D118/><U49/><E39/><V69/><F33/><N who="3" m="12907" /><G90/><T99/><D126/><N who="2" m="48170" /><F133/><W37/><G97/><T119/><D119/><U91/><E29/><V47/><F129/><N who="0" m="49162" /><D77/><U81/><E66/><N who="2" m="41175" /><F47/><W89/><G89/><T71/><D71/><U61/><E61/><AGARI ba="3,0" hai="40,45,51,52,59,61,85,86" m="41175,48170" machi="61" ten="30,2000,0" yaku="18,1,54,1" doraHai="110" who="2" fromWho="1" sc="518,0,184,-29,154,29,144,0" /><INIT seed="1,0,0,5,3,28" ten="518,155,183,144" oya="1" hai0="67,58,85,128,35,81,93,27,8,29,118,13,103" hai1="99,87,5,113,20,109,101,121,61,106,36,24,130" hai2="92,53,78,120,91,50,42,115,77,44,82,83,60" hai3="95,90,80,131,43,14,132,108,96,111,102,30,57"/><U54/><E121/><V51/><F115/><W73/><G43/><T123/><D118/><U110/><E113/><V19/><F60/><W71/><G71/><T65/><D58/><N who="1" m="35031" /><E36/><V34/><F34/><W72/><G14/><T31/><D128/><U94/><E5/><V124/><F124/><W39/><G30/><T122/><D31/><N who="1" m="17799" /><E130/><V114/><F120/><N who="0" m="46122" /><D93/><U104/><E87/><N who="2" m="52351" /><F19/><W2/><G57/><T15/><D103/><U68/><E68/><V4/><F4/><W7/><G7/><N who="0" m="3231" /><D15/><U84/><E84/><V33/><F33/><W133/><G39/><T134/><D134/><N who="3" m="51817" /><G2/><T75/><D75/><N who="3" m="28745" /><G131/><T11/><D11/><U74/><E74/><V88/><F114/><W76/><G102/><T6/><D6/><U47/><E47/><V116/><F44/><W64/><G64/><T59/><D59/><U16/><E16/><V38/><F38/><W21/><G21/><T79/><AGARI ba="0,0" hai="27,29,35,65,67,79,81,85" m="3231,46122" machi="79" ten="30,2000,0" yaku="13,1,52,1" doraHai="28" who="0" fromWho="0" sc="518,20,155,-10,183,-5,144,-5" /><INIT seed="2,0,0,3,4,101" ten="538,145,178,139" oya="2" hai0="91,8,124,53,35,108,70,68,23,85,96,128,123" hai1="103,19,21,7,38,107,89,37,80,4,32,58,111" hai2="121,48,18,39,98,81,26,16,27,125,34,131,49" hai3="104,51,25,13,31,71,95,17,116,54,102,113,41"/><V46/><F121/><W24/><G116/><T129/><D35/><U118/><E118/><V88/><F125/><W62/><G41/><T61/><D96/><U6/><E32/><V126/><F126/><W90/><G25/><N who="2" m="9225" /><F39/><W66/><G113/><T14/><D68/><U134/><E134/><V127/><F131/><W122/><G122/><T93/><D70/><U22/><E111/><V64/><F64/><W97/><G24/><T106/><D106/><U112/><E112/><V119/><F119/><W110/><G110/><T42/><D108/><U47/><E58/><V29/><F29/><W60/><G62/><T135/><D42/><U65/><E65/><V82/><F49/><W94/><G90/><T83/><D135/><U72/><E47/><V74/><F74/><W76/><G76/><T114/><D114/><U57/><E57/><V120/><F120/><W132/><G31/><T69/><D23/><U84/><E72/><V63/><F63/><W105/><G95/><T73/><D73/><U78/><E78/><V44/><F44/><W28/><G28/><T87/><D123/><U9/><E38/><V100/><F100/><W86/><G86/><T43/><D124/><U0/><E37/><V67/><F67/><W59/><G132/><T109/><D109/><U2/><E2/><V1/><F1/><W75/><G75/><T55/><D69/><U79/><E0/><V52/><F127/><W5/><G5/><N who="0" m="3343" /><D43/><U30/><E4/><V56/><F34/><W50/><REACH who="3" step="1"/><G51/><REACH who="3" ten="538,145,178,129" step="2"/><T99/><D61/><U133/><E6/><V36/><F36/><W15/><G15/><RYUUKYOKU ba="0,1" sc="538,-10,145,-10,178,-10,129,30" hai3="13,17,50,54,59,60,66,71,94,97,102,104,105" /><INIT seed="3,1,1,2,5,87" ten="528,135,168,159" oya="3" hai0="34,14,96,50,85,52,38,88,39,110,104,55,28" hai1="65,125,22,64,97,2,45,57,15,1,69,59,54" hai2="56,67,17,29,130,79,91,83,58,73,107,8,26" hai3="71,43,9,78,112,10,127,122,118,5,11,48,89"/><W80/><G112/><T23/><D34/><U84/><E125/><V46/><F130/><W109/><G71/><T121/><D121/><U61/><E97/><V47/><F107/><W35/><G118/><T51/><D104/><U24/><E15/><V77/><F29/><W62/><G35/><T72/><D72/><U93/><E69/><V132/><F132/><W68/><G122/><T66/><D66/><N who="1" m="25707" /><E1/><V128/><F128/><W116/><G62/><T100/><D88/><N who="1" m="53383" /><E2/><V31/><F31/><W123/><G68/><T106/><D28/><N who="1" m="17431" /><E61/><V133/><F73/><W3/><G116/><T70/><D55/><U75/><E75/><V120/><F67/><W129/><G123/><T81/><D51/><AGARI ba="1,1" hai="45,51,54,57,59" m="17431,53383,25707" machi="51" ten="30,3900,0" yaku="8,1,52,1,54,1" doraHai="87" who="1" fromWho="0" sc="528,-42,135,52,168,0,159,0" owari="486,58.6,187,-1.3,168,-23.2,159,-34.1" /></mjloggm>