<mjloggm ver="2.3"><GO type="225" lobby="0"/><UN n0="%E3%83%81%E3%83%AF%E3%83%AF%E9%9A%8A%E9%95%B7" n1="%E7%B4%94%E6%BD%94%E3%83%94%E3%83%A9%E3%83%8B%E3%82%A2" n2="%E9%A6%AC%E4%BA%86%E9%9A%94%E5%A3%81" n3="%E3%83%A9%E3%83%96%E3%83%AC%E3%83%BC" dan="16,17,17,16" rate="2089.70,2208.56,2194.62,2067.83" sx="M,M,M,M"/><TAIKYOKU oya="0"/><INIT seed="0,0,0,0,4,52" ten="250,250,250,250" oya="0" hai0="50,8,67,57,96,10,46,87,122,103,131,125,37" hai1="111,16,21,75,26,121,18,6,29,94,97,11,123" hai2="49,92,104,47,98,117,116,70,31,35,85,110,2" hai3="32,3,83,133,126,79,42,78,54,0,127,134,88"/><T130/><D122/><U62/><E75/><V24/><F70/><W14/><G32/><T119/><D119/><N who="2" m="45642" /><F2/><W89/><G42/><T19/><D125/><N who="3" m="47625" /><G14/><T27/><D37/><U43/><E43/><N who="2" m="24831" /><F110/><W124/><G124/><T22/><D87/><U12/><E111/><V36/><F36/><W33/><G33/><T102/><D102/><U76/><E76/><N who="3" m="29226" /><G54/><T28/><D19/><U135/><E135/><N who="3" m="51722" /><G83/><T80/><D80/><U25/><E123/><V129/><F129/><W44/><G44/><T114/><D131/><U128/><E128/><V9/><F9/><W93/><G89/><T7/><D130/><U59/><E121/><V115/><F35/><W4/><G4/><T69/><D7/><U56/><E62/><V86/><F24/><W106/><G106/><T109/><D109/><U120/><E120/><V71/><F104/><W17/><G17/><N who="1" m="6762" /><E25/><V23/><F31/><W84/><AGARI ba="0,0" hai="0,3,84,88,93" m="51722,29226,47625" machi="84" ten="40,5200,0" yaku="18,1,20,1,54,1" doraHai="52" who="3" fromWho="3" sc="250,-26,250,-13,250,-13,250,52" /><INIT seed="1,0,0,3,3,80" ten="224,237,237,302" oya="1" hai0="126,25,83,132,82,109,133,99,23,107,79,118,1" hai1="85,24,75,14,47,110,12,59,48,101,19,92,91" hai2="76,72,128,93,0,49,42,84,54,127,103,111,9" hai3="129,122,117,119,3,15,36,46,37,77,22,121,6"/><U115/><E115/><V96/><F111/><W21/><G37/><T71/><D1/><U31/><E75/><V53/><F128/><W86/><G3/><T64/><D118/><N who="3" m="45065" /><G129/><T90/><D109/><U56/><E110/><V10/><F127/><W68/><G68/><T125/><D64/><U74/><E74/><V45/><F72/><W4/><G22/><T50/><D71/><U29/><E101/><V62/><F0/><W58/><G58/><N who="1" m="22058" /><E24/><V60/><F60/><W112/><G112/><T32/><D32/><U131/><E131/><V52/><F62/><W13/><G13/><N who="1" m="5226" /><E19/><V8/><F76/><W55/><G6/><T134/><D126/><U100/><E100/><V69/><F69/><W28/><G4/><T43/><D125/><U106/><E106/><V124/><F124/><W97/><G36/><T44/><D107/><U81/><E92/><V102/><F103/><W98/><G122/><T33/><D33/><U73/><E73/><V78/><F78/><W113/><G121/><T87/><D79/><U27/><E27/><V104/><F104/><W30/><G15/><T5/><D5/><U57/><N who="1" m="22066" /><U66/><DORA hai="17" /><E66/><V108/><F108/><W18/><G18/><T123/><D123/><U114/><E114/><V26/><F26/><W67/><G67/><T65/><D65/><U61/><E61/><V20/><F20/><W11/><G21/><T41/><D23/><U120/><E120/><V39/><F39/><W130/><G113/><T94/><D25/><U34/><E34/><V70/><F70/><W35/><G130/><T40/><D82/><RYUUKYOKU ba="0,0" sc="224,10,237,10,237,10,302,-30" hai0="40,41,43,44,50,83,87,90,94,99,132,133,134" hai1="29,31,47,48,81,85,91" hai2="8,9,10,42,45,49,52,53,54,84,93,96,102" /><INIT seed="1,1,0,3,2,20" ten="234,247,247,272" oya="1" hai0="87,77,72,66,67,88,118,79,85,135,31,105,44" hai1="60,103,131,42,45,19,117,39,62,121,59,122,101" hai2="16,14,83,50,8,132,65,90,75,37,95,47,17" hai3="38,56,130,96,126,58,70,74,40,99,110,81,102"/><U114/><E117/><V43/><F132/><W134/><G70/><T127/><D105/><U52/><E114/><V22/><F65/><W29/><G110/><T61/><D72/><U4/><E4/><V84/><F37/><W120/><G120/><T11/><D118/><U91/><E131/><V9/><F75/><W46/><G126/><T128/><D127/><U76/><E76/><V82/><F9/><W51/><G99/><T53/><D128/><U119/><E119/><V48/><F50/><W10/><G134/><T68/><D135/><U133/><E133/><V109/><F109/><W123/><G123/><T18/><D67/><U28/><E28/><V98/><F98/><W33/><G10/><T54/><D31/><U73/><E73/><V24/><AGARI ba="1,0" hai="8,14,16,17,22,24,43,47,48,82,83,84,90,95" machi="24" ten="20,8000,1" yaku="0,1,7,1,8,1,52,1,54,1" doraHai="20" who="2" fromWho="2" sc="234,-21,247,-41,247,83,272,-21" /><INIT seed="2,0,0,0,1,50" ten="213,206,330,251" oya="2" hai0="135,25,46,79,95,38,49,17,84,15,123,41,65" hai1="36,69,121,68,130,88,122,105,43,20,86,93,39" hai2="117,125,102,124,76,90,77,83,111,78,67,94,19" hai3="32,57,52,4,118,108,134,55,119,14,27,91,11"/><V33/><F117/><W16/><G134/><T62/><D123/><N who="1" m="47115" /><E105/><V106/><F33/><W92/><G108/><T51/><D135/><U74/><E74/><N who="2" m="43415" /><F67/><W44/><G32/><T128/><D128/><U7/><E130/><V89/><F19/><W35/><G118/><T10/><D25/><U133/><E133/><V129/><F129/><W127/><G127/><N who="2" m="48713" /><F111/><W21/><G35/><T80/><REACH who="0" step="1"/><D95/><REACH who="0" ten="203,206,330,251" step="2"/><U81/><E93/><V59/><F94/><W72/><G119/><T40/><D40/><U114/><E43/><V71/><F106/><W112/><G27/><T109/><D109/><U2/><E114/><V3/><F3/><W24/><G112/><T12/><D12/><U60/><E2/><V113/><F113/><W104/><G104/><T98/><D98/><U47/><E39/><V34/><F34/><W9/><G24/><T22/><D22/><U13/><E20/><V103/><F71/><AGARI ba="0,1" hai="10,15,17,38,41,46,49,51,62,65,71,79,80,84" machi="71" ten="30,2000,0" yaku="1,1,7,1,53,0" doraHai="50" doraHaiUra="131" who="0" fromWho="2" sc="203,30,206,0,330,-20,251,0" /><INIT seed="3,0,0,2,4,135" ten="233,206,310,251" oya="3" hai0="13,3,101,80,127,71,76,113,120,95,94,114,63" hai1="105,65,111,34,58,100,87,32,106,133,35,47,102" hai2="8,28,117,122,14,45,85,82,43,66,62,70,110" hai3="16,89,96,59,54,131,25,134,78,24,73,51,81"/><W12/><G134/><T124/><D3/><U1/><E133/><V40/><F117/><W67/><G131/><T57/><D71/><U15/><E1/><V19/><F110/><W98/><G67/><T79/><D120/><U97/><E111/><V52/><F122/><W49/><G49/><T33/><D33/><U116/><E116/><V69/><F69/><W84/><G73/><T123/><D13/><U44/><E87/><V103/><F103/><W128/><G128/><T23/><D23/><U18/><E65/><V41/><F28/><W39/><G39/><T75/><D76/><U0/><E0/><V77/><REACH who="2" step="1"/><F52/><REACH who="2" ten="233,206,300,251" step="2"/><N who="3" m="32159" /><G78/><T26/><D123/><U93/><E58/><V21/><F21/><N who="3" m="11399" /><G54/><T11/><D79/><U42/><E100/><V20/><F20/><W115/><G115/><T56/><D101/><U7/><E7/><V5/><F5/><W108/><G108/><T60/><D114/><U64/><E64/><V2/><F2/><W125/><G89/><T37/><D113/><U104/><REACH who="1" step="1"/><E42/><REACH who="1" ten="233,196,300,251" step="2"/><V118/><F118/><W68/><G68/><T99/><D63/><U53/><E53/><V36/><AGARI ba="0,2" hai="8,14,19,36,40,41,43,45,62,66,70,77,82,85" machi="36" ten="20,12000,2" yaku="1,1,0,1,7,1,53,3" doraHai="135" doraHaiUra="38" who="2" fromWho="2" sc="233,-30,196,-30,300,140,251,-60" owari="203,0.3,166,-33.4,440,54.0,191,-20.9" /></mjloggm>