<mjloggm ver="2.3"><GO type="225" lobby="0"/><UN n0="%E3%83%AD%E3%83%83%E3%83%86%E9%9B%80%E7%90%83" n1="%6D%75%75%6D%75%72%61" n2="%E5%A4%96%E5%B7%9D%E7%AB%9C%E6%88%90" n3="%E3%82%BC%E3%83%AB%E3%83%80%E3%81%AE%E4%BC%9D%E8%AA%AC" dan="17,16,16,16" rate="2279.20,2227.65,2241.25,2140.06" sx="M,F,M,M"/><TAIKYOKU oya="0"/><INIT seed="0,0,0,5,5,121" ten="250,250,250,250" oya="0" hai0="130,79,56,128,99,115,55,65,34,74,104,42,0" hai1="70,108,61,132,81,14,129,105,58,91,123,62,135" hai2="16,100,31,3,49,10,11,21,39,125,47,35,87" hai3="88,86,133,106,1,15,59,20,50,93,32,30,4"/><T95/><D115/><U25/><E123/><V124/><F39/><W6/><G133/><N who="1" m="51274" /><E105/><V57/><F100/><W89/><G106/><T9/><D34/><U112/><E112/><V2/><F57/><W71/><G71/><T19/><D42/><U33/><E129/><N who="0" m="49769" /><D65/><N who="1" m="41263" /><E14/><N who="2" m="9367" /><F87/><N who="3" m="52383" /><G1/><N who="2" m="9" /><F49/><W18/><G30/><T40/><D40/><U131/><E131/><V101/><F47/><W63/><G32/><T38/><D38/><U82/><E91/><V36/><F101/><W54/><G63/><T94/><D104/><U68/><E68/><V118/><F36/><W92/><AGARI ba="0,0" hai="4,6,15,18,20,50,54,59,86,89,92" m="52383" machi="92" ten="30,4000,0" yaku="25,1,8,1,54,1" doraHai="121" who="3" fromWho="3" sc="250,-20,250,-10,250,-10,250,40" /><INIT seed="1,0,0,2,0,111" ten="230,240,240,290" oya="1" hai0="74,109,132,40,96,62,10,94,134,60,121,8,2" hai1="59,32,106,5,91,103,37,26,51,69,78,34,112" hai2="72,105,54,82,102,114,101,63,81,29,113,45,16" hai3="98,13,33,129,56,36,6,67,25,38,95,86,80"/><U79/><E37/><V20/><F29/><W87/><G129/><T115/><D109/><U107/><E69/><V23/><F23/><W52/><G67/><T27/><D74/><U104/><E103/><V110/><F110/><W76/><G33/><T85/><D121/><U24/><E5/><V130/><F130/><W116/><G116/><T47/><D115/><N who="2" m="44042" /><F72/><W22/><G86/><T64/><D85/><U65/><E112/><V49/><F63/><W28/><G13/><T31/><D62/><U66/><E34/><V88/><F88/><W124/><G124/><T46/><D2/><U15/><E32/><V127/><F127/><W77/><G6/><T93/><D27/><U19/><E91/><V73/><F73/><W30/><G30/><T50/><D31/><U68/><E68/><V83/><F105/><W11/><G77/><T135/><D60/><U131/><E131/><V90/><F90/><W61/><G11/><T133/><D8/><U55/><E79/><V92/><F92/><W75/><G75/><T3/><D94/><U122/><E78/><V48/><F48/><W42/><G95/><T99/><D93/><U89/><E89/><V53/><F53/><W12/><G98/><T119/><D135/><U117/><E107/><V14/><AGARI ba="0,0" hai="14,16,20,45,49,54,81,82,83,101,102" m="44042" machi="14" ten="30,8000,1" yaku="11,1,52,3,54,1" doraHai="111" who="2" fromWho="2" sc="230,-20,240,-40,240,80,290,-20" /><INIT seed="2,0,0,0,5,6" ten="210,200,320,270" oya="2" hai0="122,121,76,128,64,83,9,14,18,46,98,40,84" hai1="31,15,114,82,54,58,81,92,4,57,80,97,19" hai2="106,48,55,49,23,10,109,90,75,96,115,67,43" hai3="21,132,133,99,17,104,120,124,33,112,38,131,91"/><V119/><F115/><W101/><G120/><T130/><D64/><U2/><E114/><V100/><F119/><W102/><G112/><T78/><D78/><U35/><E2/><V129/><F75/><W71/><G33/><T94/><D130/><U95/><E4/><V27/><F129/><W127/><G131/><T125/><D125/><N who="3" m="48201" /><G71/><T79/><D79/><U110/><E110/><V13/><F67/><W74/><G74/><T126/><D126/><U88/><E35/><V68/><F68/><W5/><G38/><T135/><D135/><N who="3" m="51785" /><G5/><T113/><D113/><U30/><E95/><V56/><F90/><W22/><G22/><T87/><D87/><U3/><E3/><V7/><F109/><W73/><G73/><T86/><D86/><U26/><E26/><V16/><F43/><W8/><G8/><T62/><D62/><AGARI ba="0,0" hai="7,10,13,16,23,27,48,49,55,56,62,96,100,106" machi="62" ten="30,5800,0" yaku="7,1,52,1,54,1" doraHai="6" who="2" fromWho="0" sc="210,-58,200,0,320,58,270,0" /><INIT seed="2,1,0,3,0,130" ten="152,200,378,270" oya="2" hai0="118,90,93,99,51,115,62,82,28,27,0,9,45" hai1="50,98,68,1,96,131,48,3,103,58,65,106,14" hai2="119,108,126,76,15,30,4,107,16,18,24,84,29" hai3="89,23,127,61,26,63,21,67,35,36,19,22,5"/><V80/><F119/><W39/><G127/><T86/><D115/><U112/><E112/><V49/><F126/><W111/><G111/><T134/><D118/><U31/><E131/><V124/><F124/><W41/><G5/><T91/><D0/><U75/><E75/><V59/><F107/><W2/><G2/><T7/><D7/><U8/><E31/><V85/><F85/><W60/><G67/><T38/><D38/><U132/><E68/><V64/><F108/><W113/><G113/><T11/><D62/><U17/><E132/><V20/><F4/><W70/><G70/><T46/><D134/><U77/><E77/><V57/><F49/><W110/><G110/><T78/><D78/><U43/><E96/><V135/><F135/><W54/><G54/><T117/><D117/><U120/><E120/><V33/><F33/><W83/><G41/><T79/><D79/><U94/><E106/><V100/><F100/><W74/><G74/><T97/><D97/><U25/><E25/><V87/><F87/><N who="3" m="50431" /><G35/><T92/><D82/><U101/><E101/><V66/><F66/><W55/><G55/><T6/><D6/><U128/><E128/><V125/><F125/><W133/><G133/><T34/><REACH who="0" step="1"/><D45/><REACH who="0" ten="142,200,378,270" step="2"/><N who="1" m="25663" /><E65/><V109/><F109/><W10/><G36/><T116/><D116/><U105/><E105/><V71/><F64/><W12/><G39/><T81/><D81/><U114/><E114/><V44/><F71/><W40/><G63/><T53/><AGARI ba="1,1" hai="9,11,27,28,34,46,51,53,86,90,91,92,93,99" machi="53" ten="20,5200,0" yaku="1,1,0,1,7,1,53,1" doraHai="130" doraHaiUra="95" who="0" fromWho="0" sc="142,65,200,-14,378,-27,270,-14" /><INIT seed="3,0,0,5,4,34" ten="207,186,351,256" oya="3" hai0="28,44,4,83,77,92,81,128,134,87,78,16,0" hai1="12,47,51,67,114,126,116,64,48,55,56,97,106" hai2="120,94,63,105,121,26,6,82,131,113,133,7,112" hai3="75,108,8,90,52,98,43,100,80,66,96,122,39"/><W103/><G66/><T15/><D128/><U109/><E114/><V59/><F105/><W41/><G39/><T25/><D134/><U42/><E109/><V74/><F133/><W69/><G8/><T115/><D115/><U118/><E106/><V86/><F131/><W61/><G90/><T70/><D70/><U124/><E97/><V14/><F74/><W1/><G61/><T119/><D119/><N who="1" m="45611" /><E12/><V31/><F94/><W91/><G80/><T29/><D92/><U40/><E40/><V27/><F27/><W76/><G43/><T11/><D44/><U110/><E110/><V102/><F102/><W53/><G41/><T46/><D46/><U62/><E67/><N who="2" m="39423" /><F14/><W33/><G96/><T123/><D123/><N who="2" m="47178" /><F113/><W5/><G98/><T9/><D25/><U19/><E19/><V10/><F10/><W57/><G100/><T72/><AGARI ba="0,0" hai="0,4,9,11,15,16,28,29,72,77,78,81,83,87" machi="72" ten="20,5200,0" yaku="0,1,7,1,52,1,54,1" doraHai="34" who="0" fromWho="0" sc="207,52,186,-13,351,-13,256,-26" owari="259,5.9,173,-32.7,338,43.8,230,-17.0" /></mjloggm>