<mjloggm ver="2.3"><GO type="225" lobby="0"/><UN n0="%E3%82%B5%E3%83%AB%E3%82%B7%E3%83%B3" n1="%E3%81%86%E3%82%8B%E3%81%8A%E3%81%A1%E3%82%83" n2="%72%61%6B%33" n3="%E3%81%8C%E3%81%9F" dan="16,16,16,16" rate="2116.91,2107.73,2213.15,2038.52" sx="M,F,M,F"/><TAIKYOKU oya="0"/><INIT seed="0,0,0,5,3,129" ten="250,250,250,250" oya="0" hai0="105,52,76,40,135,114,98,28,51,39,35,7,132" hai1="82,0,64,18,12,11,34,30,48,54,131,134,6" hai2="47,75,88,116,81,20,50,89,90,122,14,97,103" hai3="83,46,73,42,121,78,72,68,117,80,115,70,53"/><T65/><D114/><U111/><E131/><V1/><F1/><W109/><G115/><T61/><D76/><U87/><E64/><V4/><F122/><W13/><G117/><T113/><D7/><U43/><E43/><V128/><F128/><W124/><G109/><T126/><D113/><U96/><E96/><V36/><F36/><W2/><G124/><T59/><D35/><U118/><E118/><V91/><F116/><W133/><G121/><T5/><D5/><U127/><E111/><V25/><F75/><W112/><G112/><T125/><D28/><U120/><E134/><N who="0" m="51241" /><D105/><U29/><E34/><V15/><F4/><W130/><G130/><T71/><D98/><U100/><E100/><V27/><F81/><W86/><G2/><T104/><D104/><U84/><E84/><V74/><F74/><W62/><G73/><T107/><D107/><U56/><E127/><V119/><F119/><W77/><G133/><T33/><D33/><U93/><E93/><V9/><F103/><W21/><G78/><T17/><D17/><U24/><E120/><V92/><F91/><W110/><G77/><T41/><D41/><U23/><E0/><V101/><F90/><AGARI ba="0,0" hai="6,11,12,18,23,24,29,30,48,54,56,82,87,90" machi="90" ten="30,2000,0" yaku="7,1,8,1" doraHai="129" who="1" fromWho="2" sc="250,0,250,20,250,-20,250,0" /><INIT seed="1,0,0,1,2,37" ten="250,270,230,250" oya="1" hai0="93,33,90,18,22,128,29,121,5,64,127,63,26" hai1="94,58,106,84,59,115,120,67,73,133,95,0,13" hai2="25,27,57,3,100,70,16,79,46,98,119,134,131" hai3="105,113,61,116,110,85,31,108,130,78,89,11,92"/><U122/><E0/><V52/><F70/><W6/><G113/><T132/><D128/><U104/><E73/><V41/><F131/><W10/><G130/><T23/><D132/><U7/><E115/><V19/><F119/><W20/><G105/><T69/><D127/><U126/><E13/><V24/><F3/><W88/><G116/><T71/><D5/><U66/><E7/><V14/><F79/><W42/><G78/><T99/><D121/><U96/><E84/><V43/><F134/><W65/><G89/><T8/><D8/><U15/><E15/><V9/><F46/><W54/><G54/><T45/><D71/><U75/><E75/><V87/><F87/><W112/><G112/><T86/><D18/><U21/><E133/><V47/><F47/><W30/><G42/><N who="2" m="15881" /><F98/><W91/><G91/><T39/><D39/><U51/><E96/><V77/><F77/><W82/><G82/><T76/><D45/><U38/><E38/><V36/><F36/><W28/><G108/><T74/><D74/><U17/><E106/><V35/><F35/><W4/><G110/><T50/><D76/><U102/><E104/><V103/><F19/><W135/><G135/><T72/><D72/><U117/><E17/><V49/><AGARI ba="0,0" hai="9,14,16,24,25,27,49,52,57,100,103" m="15881" machi="49" ten="30,12000,2" yaku="8,1,52,3,54,2" doraHai="37" who="2" fromWho="2" sc="250,-30,270,-60,230,120,250,-30" /><INIT seed="2,0,0,4,3,29" ten="220,210,350,220" oya="2" hai0="125,43,123,19,127,65,40,77,131,124,22,90,70" hai1="36,46,28,121,26,93,74,42,12,130,91,118,135" hai2="102,116,97,47,117,35,17,14,113,11,79,94,86" hai3="15,126,105,9,56,80,5,132,58,122,72,100,7"/><V50/><F113/><W101/><G122/><T27/><D123/><U4/><E121/><V45/><F45/><W89/><G126/><T39/><D131/><U81/><E118/><V13/><F35/><W111/><G111/><T114/><D114/><U99/><E130/><V110/><F110/><W95/><G105/><T61/><D39/><U92/><E135/><V73/><F73/><W85/><G132/><T63/><D77/><U119/><E119/><V57/><F57/><W51/><G7/><T71/><D90/><U2/><E12/><V37/><F37/><W129/><G129/><T31/><D19/><U107/><E4/><V6/><F86/><W59/><REACH who="3" step="1"/><G51/><REACH who="3" ten="220,210,350,210" step="2"/><T76/><D76/><AGARI ba="0,1" hai="5,9,15,56,58,59,72,76,80,85,89,95,100,101" machi="76" ten="40,2600,0" yaku="1,1,2,1,53,0" doraHai="29" doraHaiUra="25" who="3" fromWho="0" sc="220,-26,210,0,350,0,210,36" /><INIT seed="3,0,0,5,2,56" ten="194,210,350,246" oya="3" hai0="93,125,77,5,75,79,8,115,119,65,2,117,132" hai1="94,100,80,96,106,97,46,47,72,48,88,101,131" hai2="90,66,55,83,25,82,61,133,20,18,53,64,71" hai3="86,130,34,102,98,52,134,59,110,21,32,37,68"/><W7/><G68/><T109/><D109/><U39/><E131/><V127/><F133/><W42/><G130/><T50/><D132/><U91/><E39/><V89/><F127/><W36/><G134/><T99/><D125/><U60/><E60/><V111/><F111/><W123/><G123/><T124/><D124/><U24/><E24/><V67/><F71/><W1/><G110/><T112/><D50/><U103/><E46/><V126/><F126/><W54/><G21/><T76/><D75/><U40/><REACH who="1" step="1"/><E101/><REACH who="1" ten="194,200,350,246" step="2"/><V121/><F61/><W33/><G37/><T3/><D65/><U43/><E43/><V95/><F64/><W105/><G36/><T63/><D63/><U118/><E118/><V51/><F66/><W27/><G42/><T28/><D28/><U15/><E15/><V13/><F13/><W14/><G27/><T78/><N who="0" m="19456" /><DORA hai="30" /><T92/><D3/><U49/><E49/><V116/><F25/><W108/><G1/><T4/><D4/><U104/><E104/><V69/><F67/><W120/><G108/><T129/><D129/><U35/><E35/><V122/><F51/><W17/><G7/><T29/><D29/><U0/><E0/><V45/><F116/><W41/><G41/><T81/><D81/><U114/><E114/><N who="0" m="43561" /><D92/><U62/><E62/><V19/><F95/><W58/><G120/><T23/><D23/><U38/><E38/><V107/><F20/><W44/><G33/><T9/><D9/><U84/><E84/><V12/><F122/><W87/><G34/><T6/><D6/><U73/><E73/><V22/><F121/><RYUUKYOKU ba="0,1" sc="194,15,200,15,350,-15,246,-15" hai0="2,5,8,93,99,117,119" hai1="40,47,48,72,80,88,91,94,96,97,100,103,106" owari="209,-29.1,215,-18.5,345,44.5,231,3.1" /></mjloggm>