<mjloggm ver="2.3"><GO type="225" lobby="0"/><UN n0="%E4%B8%8B%E6%AE%B5%E3%83%81%E3%82%A7%E3%83%AA%E3%83%BC" n1="%E3%81%8F%E3%82%8A%E3%83%94%E3%83%BC" n2="%E3%83%A9%E3%83%BC%E3%83%A1%E3%83%B3%E4%BA%94%E9%83%8E" n3="%E3%81%A1%E3%82%85%E3%81%86%E3%81%A9%E3%81%8F%E8%B1%A1%E3%81%95%E3%82%93" dan="16,16,16,16" rate="2121.23,2089.39,2087.13,2093.34" sx="M,M,M,M"/><TAIKYOKU oya="0"/><INIT seed="0,0,0,0,0,80" ten="250,250,250,250" oya="0" hai0="85,124,79,134,65,96,83,118,15,59,48,10,5" hai1="62,117,110,72,91,112,78,22,57,20,133,61,74" hai2="33,28,51,106,27,95,94,55,127,67,86,54,130" hai3="87,102,60,104,128,14,89,24,82,21,107,63,76"/><T18/><D118/><U64/><E117/><V122/><F122/><W0/><G0/><T2/><D124/><U68/><E110/><V9/><F127/><W25/><G128/><T135/><D96/><U47/><E133/><V103/><F130/><W126/><G126/><T44/><D65/><U31/><E112/><V17/><F67/><W19/><G76/><T53/><REACH who="0" step="1"/><D59/><REACH who="0" ten="240,250,250,250" step="2"/><U108/><E57/><V97/><F97/><W1/><G107/><T52/><D52/><U119/><E64/><V41/><F55/><W131/><G104/><T114/><D114/><U132/><E119/><V3/><F106/><W56/><G131/><T113/><D113/><U73/><E132/><V111/><F54/><W7/><G102/><T38/><D38/><U32/><E108/><V8/><F111/><W4/><G56/><T45/><D45/><U71/><E47/><V98/><F103/><W29/><G24/><T58/><D58/><U16/><E71/><V115/><F115/><W75/><G75/><T125/><D125/><U66/><E68/><V13/><F98/><W42/><G42/><T109/><D109/><U129/><E66/><V100/><F100/><W90/><G63/><T92/><D92/><U69/><E62/><V81/><F41/><W39/><G60/><T50/><D50/><U123/><E61/><V93/><F51/><W116/><G39/><T34/><D34/><U37/><E32/><V36/><F36/><W99/><G116/><T30/><D30/><U26/><E37/><V84/><F81/><W120/><G29/><T121/><D121/><U49/><E123/><RYUUKYOKU ba="0,1" sc="240,15,250,-15,250,15,250,-15" hai0="2,5,10,15,18,44,48,53,79,83,85,134,135" hai2="3,8,9,13,17,27,28,33,84,86,93,94,95" /><INIT seed="0,1,1,3,4,77" ten="255,235,265,235" oya="0" hai0="71,94,117,98,97,101,118,73,90,126,53,20,99" hai1="124,14,104,55,108,67,92,48,88,34,78,31,60" hai2="5,91,40,39,47,114,13,38,17,69,133,106,6" hai3="81,59,76,75,42,19,96,100,80,120,107,2,56"/><T65/><D71/><U116/><E116/><N who="0" m="44649" /><D65/><U29/><E104/><V1/><F114/><W16/><G120/><T105/><D20/><U119/><E34/><V121/><F121/><W45/><G2/><T86/><D53/><U70/><E108/><V43/><F69/><W51/><REACH who="3" step="1"/><G80/><REACH who="3" ten="255,235,265,225" step="2"/><N who="0" m="49479" /><D126/><U46/><E124/><V26/><F1/><W113/><G113/><T82/><D105/><U24/><E119/><V64/><F106/><W135/><G135/><T8/><D8/><U57/><E70/><V61/><F133/><W41/><G41/><T66/><D66/><U28/><E67/><V25/><F64/><W129/><G129/><T18/><D18/><AGARI ba="1,2" hai="16,18,19,42,45,51,56,59,75,76,81,96,100,107" machi="18" ten="40,5200,0" yaku="1,1,52,1,54,1,53,0" doraHai="77" doraHaiUra="127" who="3" fromWho="0" sc="255,-55,235,0,265,0,225,75" /><INIT seed="1,0,0,5,0,60" ten="200,235,265,300" oya="1" hai0="115,54,102,26,40,15,28,81,97,100,30,39,120" hai1="47,17,122,29,112,1,50,125,132,88,48,19,46" hai2="52,109,2,5,127,92,63,85,35,80,135,65,108" hai3="77,113,104,94,38,27,49,10,64,42,119,107,71"/><U51/><E112/><V105/><F105/><W4/><G113/><T121/><D115/><U21/><E1/><V90/><F35/><W91/><G38/><T14/><D81/><U73/><E122/><N who="0" m="47209" /><D54/><U20/><E73/><V23/><F127/><W79/><G119/><T67/><D40/><U24/><E132/><V82/><F135/><W111/><G111/><N who="2" m="42569" /><F23/><W123/><G27/><T130/><D39/><U22/><E125/><V129/><F129/><W43/><G43/><T68/><D130/><U6/><E6/><V25/><F25/><W76/><G123/><T75/><D75/><U93/><E29/><N who="0" m="11369" /><D26/><N who="1" m="14607" /><E22/><V117/><F52/><W57/><G71/><T89/><D89/><U37/><E37/><V72/><F72/><W87/><G42/><T84/><D84/><AGARI ba="0,0" hai="19,21,24,46,47,48,50,51,84,88,93" m="14607" machi="84" ten="30,2900,0" yaku="8,1,54,1" doraHai="60" who="1" fromWho="0" sc="200,-29,235,29,265,0,300,0" /><INIT seed="1,1,0,0,4,4" ten="171,264,265,300" oya="1" hai0="9,84,89,40,68,116,20,30,46,82,60,49,42" hai1="117,18,15,73,59,61,37,95,2,28,65,131,91" hai2="17,36,96,106,99,62,94,107,128,121,118,113,31" hai3="80,1,54,98,11,47,6,26,122,52,74,72,114"/><U29/><E117/><V108/><F36/><W124/><G114/><T90/><D116/><U50/><E37/><V129/><F118/><W105/><G122/><T10/><D68/><U34/><E131/><N who="2" m="50251" /><F121/><W55/><G124/><T67/><D42/><U88/><E2/><V103/><F113/><W78/><G26/><T87/><D30/><U43/><E73/><V133/><F108/><W125/><G125/><T25/><D67/><U63/><E63/><V85/><F133/><W27/><G27/><T111/><D60/><U51/><E91/><N who="2" m="53615" /><F31/><N who="1" m="11849" /><E43/><V16/><F62/><W57/><G47/><T3/><D3/><U21/><E34/><V0/><F0/><W134/><G134/><T92/><REACH who="0" step="1"/><D111/><REACH who="0" ten="161,264,265,300" step="2"/><U115/><E115/><V45/><F45/><W104/><G1/><T13/><D13/><U66/><E65/><V23/><F23/><W83/><G54/><T101/><D101/><AGARI ba="1,1" hai="16,17,96,99,101,103,106,107" m="53615,50251" machi="101" ten="30,2000,0" yaku="19,1,54,1" doraHai="4" who="2" fromWho="0" sc="161,-23,264,0,265,33,300,0" /><INIT seed="2,0,0,4,2,116" ten="138,264,298,300" oya="2" hai0="19,72,85,100,133,102,104,90,29,63,51,35,74" hai1="92,118,59,80,134,65,3,27,66,18,125,30,67" hai2="124,98,31,34,87,79,33,129,123,122,42,36,111" hai3="23,83,32,95,112,45,54,0,99,126,28,62,48"/><V52/><F129/><W93/><G0/><T1/><D1/><U13/><E3/><V41/><F124/><W58/><G112/><T69/><D133/><U68/><E118/><V43/><F36/><W46/><G126/><T135/><D135/><U88/><E80/><V16/><F111/><W130/><G32/><T8/><D51/><U76/><E76/><V75/><F75/><W9/><G9/><T26/><D100/><U91/><E68/><V114/><F114/><W117/><G117/><T61/><D61/><U55/><E134/><V81/><F98/><W127/><G127/><T14/><D90/><U109/><E109/><V97/><F97/><W11/><G11/><T53/><D85/><U119/><E92/><V57/><F16/><W86/><G130/><T70/><D70/><U7/><E7/><V47/><F47/><N who="3" m="17931" /><G62/><T73/><D53/><U2/><E2/><V21/><F21/><W60/><G48/><T20/><D20/><N who="1" m="15719" /><E125/><V24/><REACH who="2" step="1"/><F34/><REACH who="2" ten="138,264,288,300" step="2"/><W64/><G99/><T77/><D74/><U84/><E119/><V103/><F103/><W10/><G10/><T12/><D73/><U17/><E17/><V5/><F5/><W120/><G23/><T37/><D37/><U56/><E18/><V94/><F94/><W50/><G93/><T105/><D14/><U71/><E13/><V38/><F38/><W121/><G95/><T101/><D101/><U44/><E84/><V39/><F39/><W25/><G86/><T78/><D72/><U115/><E115/><V4/><F4/><W132/><G132/><T107/><D102/><U96/><E96/><RYUUKYOKU ba="0,1" sc="138,15,264,-15,288,15,300,-15" hai0="8,12,19,26,29,35,63,69,77,78,104,105,107" hai2="24,31,33,41,42,43,52,57,79,81,87,122,123" /><INIT seed="2,1,1,5,4,81" ten="153,249,303,285" oya="2" hai0="110,112,92,108,100,59,64,35,36,11,104,0,51" hai1="125,96,34,87,76,99,123,103,67,80,124,79,50" hai2="28,49,3,42,117,134,20,23,65,131,26,120,106" hai3="30,2,130,78,93,107,90,38,10,9,18,12,77"/><V97/><F117/><W113/><G113/><T111/><D112/><U133/><E34/><V4/><F120/><W27/><G38/><T15/><D36/><U116/><E67/><V8/><F131/><W33/><G107/><T47/><D35/><U75/><E50/><V84/><F134/><W91/><G130/><T126/><D104/><N who="1" m="63591" /><E116/><V53/><F65/><W55/><G55/><T73/><D73/><U25/><E25/><V13/><F42/><W109/><G109/><T118/><D118/><U68/><E68/><V41/><F41/><W86/><REACH who="3" step="1"/><G90/><REACH who="3" ten="153,249,303,275" step="2"/><T52/><D126/><U44/><E125/><V72/><F106/><W5/><AGARI ba="1,2" hai="2,5,9,10,12,18,27,30,33,77,78,86,91,93" machi="5" ten="30,7900,0" yaku="1,1,2,1,0,1,52,1,53,0" doraHai="81" doraHaiUra="48" who="3" fromWho="3" sc="153,-21,249,-21,303,-40,275,102" /><INIT seed="3,0,0,4,5,81" ten="132,228,263,377" oya="3" hai0="100,95,111,39,26,33,47,38,115,43,42,129,105" hai1="58,8,112,56,84,13,32,7,102,12,44,53,77" hai2="125,5,82,35,88,21,89,50,74,131,41,104,46" hai3="17,116,107,68,2,64,133,80,4,92,55,86,51"/><W124/><G116/><T79/><D79/><U65/><E112/><V99/><F35/><W14/><G107/><T27/><D95/><U135/><E135/><V98/><F125/><W54/><G2/><T11/><D11/><N who="1" m="4223" /><E32/><V110/><F110/><W72/><G72/><T25/><D25/><U123/><E123/><V52/><F131/><W94/><G4/><T87/><D33/><U85/><E77/><V49/><F74/><W18/><G133/><T106/><D100/><U6/><E102/><V121/><F121/><W24/><G55/><T83/><D83/><U30/><E30/><V130/><F130/><W122/><G122/><T9/><D129/><U97/><E97/><N who="2" m="36875" /><F104/><W73/><G73/><T59/><D59/><N who="1" m="22571" /><E65/><V126/><F126/><W20/><G64/><T128/><D128/><U69/><E69/><V1/><F1/><W23/><G68/><T113/><D47/><U71/><E71/><V108/><F108/><W37/><G37/><T117/><D9/><U118/><E118/><V76/><F5/><W15/><G24/><T109/><REACH who="0" step="1"/><D117/><REACH who="0" ten="122,228,263,377" step="2"/><U63/><E44/><N who="2" m="25743" /><F76/><N who="3" m="46343" /><G124/><T10/><D10/><U36/><E8/><V101/><F101/><W78/><G78/><T34/><D34/><U114/><E6/><V120/><F120/><W67/><G94/><T40/><D40/><U29/><E13/><V132/><F82/><W19/><G14/><T3/><D3/><U70/><E70/><V96/><F46/><W22/><G15/><T45/><D45/><U134/><E134/><V0/><F132/><W91/><G92/><T75/><D75/><U66/><E36/><RYUUKYOKU ba="0,1" sc="122,30,228,-10,263,-10,377,-10" hai0="26,27,38,39,42,43,87,105,106,109,111,113,115" owari="152,-34.8,218,-18.2,253,5.3,377,47.7" /></mjloggm>