<mjloggm ver="2.3"><GO type="225" lobby="0"/><UN n0="%73%75%7A%75%6D%65%33" n1="%54%4F%52" n2="%6D%75%75%6D%75%72%61" n3="%72%69%6F%75%63%68%61%6E" dan="18,17,17,17" rate="2285.15,2231.80,2187.89,2207.32" sx="M,M,F,M"/><TAIKYOKU oya="0"/><INIT seed="0,0,0,2,0,45" ten="250,250,250,250" oya="0" hai0="34,18,88,53,70,115,129,92,132,59,50,38,1" hai1="99,8,123,47,3,41,73,81,95,57,67,72,4" hai2="36,110,56,122,6,22,63,64,29,5,43,28,26" hai3="91,108,15,20,79,69,35,68,30,51,74,97,124"/><T84/><D115/><U106/><E123/><V60/><F122/><W31/><G108/><T7/><D70/><U80/><E106/><V121/><F121/><W9/><G124/><T48/><D38/><U19/><E19/><V78/><F110/><W10/><G35/><T104/><D104/><U87/><E67/><V11/><F78/><W119/><G119/><T76/><D34/><U116/><E57/><V17/><F36/><W114/><G114/><T55/><D129/><U42/><E116/><V46/><F60/><W77/><G74/><T75/><D132/><U134/><E134/><V83/><F83/><W90/><G97/><T32/><D32/><U44/><E44/><V71/><F71/><N who="3" m="27211" /><G20/><T130/><D130/><U93/><E41/><V14/><F5/><W82/><G82/><N who="0" m="47175" /><D1/><U103/><E93/><V2/><F2/><W109/><G109/><T96/><D75/><U105/><E80/><V13/><F26/><W111/><G111/><T102/><D18/><U61/><E61/><V85/><F85/><W107/><G107/><T66/><D7/><U65/><E65/><V24/><F24/><W127/><G77/><T33/><D33/><U120/><E105/><V112/><F112/><W126/><G79/><T98/><D66/><U25/><E25/><V131/><F131/><W117/><G117/><T94/><D55/><U40/><E40/><V89/><F89/><N who="3" m="33803" /><G126/><T113/><D113/><U39/><E120/><V49/><AGARI ba="0,0" hai="6,11,13,14,17,22,28,29,43,46,49,56,63,64" machi="49" ten="20,5200,0" yaku="0,1,7,1,8,1,52,1" doraHai="45" who="2" fromWho="2" sc="250,-26,250,-13,250,52,250,-13" /><INIT seed="1,0,0,5,4,68" ten="224,237,302,237" oya="1" hai0="121,64,99,81,2,122,84,61,85,132,110,17,108" hai1="73,13,128,1,25,82,38,19,120,27,116,9,56" hai2="94,40,135,6,42,5,80,51,18,66,16,21,72" hai3="26,134,33,12,30,71,60,55,93,95,88,50,113"/><U127/><E116/><V39/><F135/><W32/><G113/><T97/><D2/><U98/><E120/><N who="0" m="46185" /><D17/><U67/><E128/><V78/><F66/><W106/><G106/><T37/><D132/><U34/><E127/><V69/><F69/><W15/><G134/><T11/><D11/><U79/><E1/><V115/><F115/><W91/><G32/><T130/><D130/><U112/><E112/><V107/><F107/><W75/><G75/><T114/><D114/><U4/><E38/><V126/><F126/><W133/><G133/><T92/><D37/><U119/><E119/><V63/><F63/><W36/><G36/><T57/><D99/><U54/><E67/><V125/><F125/><W86/><G60/><T44/><D44/><U131/><E131/><V129/><F129/><W47/><REACH who="3" step="1"/><G71/><REACH who="3" ten="224,237,302,227" step="2"/><T96/><D110/><U102/><E34/><V101/><F39/><W111/><G111/><T20/><D108/><U109/><E109/><V0/><F72/><W87/><AGARI ba="0,1" hai="12,15,26,30,33,47,50,55,86,87,88,91,93,95" machi="87" ten="20,8000,1" yaku="1,1,0,1,7,1,9,1,54,1,53,0" doraHai="68" doraHaiUra="70" who="3" fromWho="3" sc="224,-20,237,-40,302,-20,227,90" /><INIT seed="2,0,0,0,0,29" ten="204,197,282,317" oya="2" hai0="34,100,32,90,119,21,103,95,86,48,51,56,14" hai1="10,110,107,23,77,116,117,79,134,25,71,72,65" hai2="30,133,75,94,15,26,96,106,12,82,101,129,31" hai3="22,109,19,128,78,91,115,35,69,114,62,99,39"/><V54/><F129/><W41/><G109/><T104/><D119/><U53/><E110/><V111/><F111/><W3/><G128/><T6/><D51/><U1/><E107/><V125/><F133/><W68/><G3/><T28/><D28/><U123/><E134/><V57/><F125/><W0/><G0/><T97/><D100/><U49/><E123/><V58/><F31/><W89/><G35/><T63/><D48/><U17/><E65/><V40/><F40/><W124/><G124/><T8/><REACH who="0" step="1"/><D21/><REACH who="0" ten="194,197,282,317" step="2"/><U16/><E117/><V74/><F30/><W13/><G22/><T88/><D88/><U127/><E116/><V46/><F101/><W52/><G91/><T47/><D47/><U85/><E127/><V20/><F46/><W9/><G89/><T4/><D4/><U84/><E49/><V50/><F50/><W44/><G115/><T135/><D135/><U18/><E23/><V118/><F20/><W132/><G114/><T42/><D42/><U80/><E18/><V37/><F118/><W92/><G132/><T93/><D93/><U130/><E16/><V43/><F94/><W70/><G92/><T120/><D120/><U45/><E17/><V5/><F5/><W87/><G41/><T67/><AGARI ba="0,1" hai="6,8,14,32,34,56,63,67,86,90,95,97,103,104" machi="67" ten="20,8000,1" yaku="1,1,0,1,7,1,52,2,53,0" doraHai="29" doraHaiUra="24" who="0" fromWho="0" sc="194,90,197,-20,282,-40,317,-20" /><INIT seed="3,0,0,1,4,117" ten="284,177,242,297" oya="3" hai0="17,77,35,1,112,118,81,88,62,22,90,116,50" hai1="34,94,104,3,73,63,64,129,98,37,110,26,11" hai2="2,12,123,52,78,70,109,49,65,71,14,0,21" hai3="131,82,76,47,45,44,46,99,59,68,108,41,133"/><W30/><G68/><T36/><D36/><U31/><E110/><V24/><F109/><W96/><G108/><T84/><D35/><U79/><E129/><V39/><F39/><W53/><G131/><T134/><D1/><U18/><E18/><V60/><F71/><W124/><G133/><T33/><D33/><U74/><E37/><V121/><F78/><W95/><G124/><T89/><D134/><U7/><E79/><V5/><F2/><W19/><G30/><T86/><D112/><U8/><E8/><V38/><F0/><W66/><G66/><T100/><D100/><N who="1" m="62487" /><E94/><V106/><F106/><W125/><G125/><T72/><D62/><U43/><E43/><V56/><F38/><W111/><G111/><T85/><REACH who="0" step="1"/><D50/><REACH who="0" ten="274,177,242,297" step="2"/><U107/><E107/><V61/><F60/><N who="3" m="35951" /><G41/><T80/><D80/><U132/><E132/><V6/><F70/><AGARI ba="0,1" hai="3,7,11,26,31,34,63,64,70,73,74" m="62487" machi="70" ten="30,3900,0" yaku="25,1,33,2" doraHai="117" who="1" fromWho="2" sc="274,0,177,49,242,-39,297,0" /><INIT seed="4,0,0,0,5,54" ten="274,226,203,297" oya="0" hai0="118,89,70,93,97,15,111,83,22,65,78,25,117" hai1="72,43,69,105,0,131,52,37,134,74,86,126,101" hai2="14,130,123,108,5,64,11,27,87,44,21,16,129" hai3="23,19,99,132,110,24,56,45,46,84,85,18,38"/><T9/><D111/><U127/><E0/><V112/><F108/><W33/><G110/><T48/><D70/><U113/><E69/><V39/><F123/><W114/><G33/><T62/><D48/><U79/><E43/><V71/><F112/><W40/><G114/><T32/><D32/><U75/><E37/><V13/><F87/><W61/><G132/><T10/><D10/><U100/><E113/><V34/><F71/><W42/><G99/><T106/><D106/><U96/><E134/><V55/><F64/><W116/><G116/><T4/><D62/><U53/><E131/><N who="2" m="50187" /><F34/><W77/><G18/><T41/><D41/><N who="3" m="15977" /><G38/><T92/><D92/><U51/><E101/><V47/><F39/><W135/><G135/><T17/><REACH who="0" step="1"/><D65/><REACH who="0" ten="264,226,203,297" step="2"/><U94/><E51/><N who="2" m="29159" /><F47/><N who="3" m="17931" /><G77/><T36/><D36/><U107/><E107/><V28/><F13/><W3/><G3/><T76/><D76/><U88/><REACH who="1" step="1"/><E79/><REACH who="1" ten="264,216,203,297" step="2"/><V68/><F68/><W57/><G57/><T104/><D104/><U26/><E26/><V115/><F115/><W102/><G102/><T49/><D49/><U90/><E90/><V29/><AGARI ba="0,2" hai="5,11,14,16,21,27,28,29" m="29159,50187" machi="29" ten="30,2000,0" yaku="19,1,54,1" doraHai="54" who="2" fromWho="2" sc="264,-10,216,-5,203,40,297,-5" /><INIT seed="5,0,0,0,4,4" ten="254,211,243,292" oya="1" hai0="71,134,53,84,73,108,133,2,20,91,96,110,54" hai1="50,8,113,62,46,78,37,63,121,79,38,13,100" hai2="43,24,58,23,124,109,26,57,40,122,47,123,76" hai3="21,127,0,111,98,64,27,75,39,117,107,36,72"/><U81/><E121/><V41/><F109/><N who="0" m="42090" /><D2/><U129/><E113/><V55/><F124/><W44/><G111/><T6/><D6/><U74/><E129/><V83/><F47/><W52/><G0/><T80/><D71/><U67/><E100/><V131/><F131/><W94/><G107/><T22/><D73/><U95/><E95/><V17/><F26/><W48/><G127/><T101/><D22/><U116/><E79/><V59/><REACH who="2" step="1"/><F55/><REACH who="2" ten="254,211,233,292" step="2"/><W51/><G44/><T106/><D54/><U14/><E116/><V92/><F92/><W60/><G117/><T18/><D53/><U120/><E120/><V5/><F5/><W29/><G52/><T105/><D105/><U69/><E63/><V99/><F99/><W77/><G36/><T86/><D96/><U128/><E128/><V89/><F89/><W32/><G39/><T119/><D119/><U1/><E38/><V45/><F45/><W114/><G94/><T35/><D106/><U11/><E37/><V28/><F28/><W10/><G98/><T65/><D91/><U85/><E1/><V12/><F12/><W66/><G29/><T16/><D101/><U90/><E14/><V56/><N who="2" m="14336" /><DORA hai="103" /><V9/><F9/><W25/><G10/><T70/><D80/><U130/><E130/><V31/><F31/><W30/><G30/><T87/><D70/><U118/><E118/><V42/><N who="2" m="10240" /><DORA hai="126" /><V104/><F104/><W97/><G97/><T82/><D82/><N who="1" m="49463" /><E13/><V19/><F19/><W68/><G68/><T34/><D18/><U135/><E135/><N who="0" m="51721" /><D65/><U61/><E61/><V115/><F115/><RYUUKYOKU ba="0,1" sc="254,10,211,10,233,10,292,-30" hai0="16,20,34,35,84,86,87" hai1="8,11,46,50,62,67,69,74,78,81" hai2="17,23,24,76,83,122,123" /><INIT seed="5,1,1,0,3,119" ten="264,221,243,262" oya="1" hai0="115,7,55,127,113,47,89,126,44,70,35,128,116" hai1="130,66,10,53,68,63,129,96,79,22,131,122,82" hai2="87,48,114,109,14,86,2,104,27,69,80,135,46" hai3="108,133,37,34,45,85,54,76,101,124,58,107,9"/><U106/><E22/><V6/><F109/><W90/><G108/><T99/><D116/><U30/><E30/><V51/><F2/><W91/><G34/><T32/><D70/><U62/><E10/><V21/><F69/><W102/><G124/><N who="0" m="47659" /><D7/><U64/><E53/><V0/><F0/><W112/><G112/><N who="0" m="43083" /><D128/><U61/><E122/><V8/><F104/><W33/><G133/><T16/><D16/><U65/><E68/><V81/><F135/><W3/><G107/><T100/><D89/><U125/><E125/><V11/><F11/><W72/><G91/><T84/><D84/><U29/><E29/><V111/><F111/><W31/><G9/><T105/><D55/><U77/><E82/><V59/><F81/><W117/><G117/><T97/><D99/><U98/><E106/><V17/><F80/><W19/><G19/><T39/><D39/><U93/><E98/><V132/><F132/><W38/><G37/><T23/><D23/><U88/><AGARI ba="1,1" hai="61,62,63,64,65,66,77,79,88,93,96,129,130,131" machi="88" ten="40,12000,1" yaku="0,1,29,2,19,1,54,1" doraHai="119" who="1" fromWho="1" sc="264,-41,221,133,243,-41,262,-41" owari="223,2.3,354,45.4,202,-29.8,221,-17.9" /></mjloggm>