<mjloggm ver="2.3"><GO type="225" lobby="0"/><UN n0="%72%69%6F%75%63%68%61%6E" n1="%4C%4F%4C%49%54%41" n2="%E3%81%AF%E3%82%88%E3%81%8A%E3%81%98%E3%81%95%E3%82%93" n3="%E3%82%B2%E3%82%B9%E8%8C%82%E5%8B%9D" dan="17,16,17,16" rate="2142.92,2194.78,2143.67,2044.74" sx="M,F,M,F"/><TAIKYOKU oya="0"/><INIT seed="0,0,0,3,3,69" ten="250,250,250,250" oya="0" hai0="105,132,91,68,74,26,66,119,50,76,104,120,128" hai1="47,33,58,0,125,62,72,118,12,42,131,98,5" hai2="78,126,82,124,101,86,51,52,84,79,110,135,43" hai3="48,129,117,44,39,45,18,15,55,100,19,67,70"/><T11/><D119/><U37/><E118/><V20/><F110/><W80/><G117/><T93/><D120/><U97/><E33/><V14/><F135/><W133/><G133/><T38/><D132/><U85/><E131/><V7/><F101/><W32/><G32/><T8/><D128/><U122/><E125/><N who="2" m="48235" /><F43/><W123/><G129/><T57/><D38/><U95/><E72/><N who="2" m="43335" /><F79/><W115/><G115/><T30/><D68/><U49/><E0/><V96/><F96/><W90/><G123/><T4/><D8/><N who="1" m="4111" /><E37/><V94/><F94/><W102/><G80/><T2/><D76/><U40/><E40/><V29/><F29/><W41/><G90/><T24/><D74/><U61/><E61/><V107/><F107/><W109/><G109/><T13/><D2/><U88/><E122/><V34/><F34/><W31/><G31/><T87/><D30/><U134/><E134/><V59/><F20/><W121/><G121/><T10/><D10/><AGARI ba="0,0" hai="7,10,14,51,52,59,84,86" m="43335,48235" machi="10" ten="30,2000,0" yaku="18,1,54,1" doraHai="69" who="2" fromWho="0" sc="250,-20,250,0,250,20,250,0" /><INIT seed="1,0,0,3,2,34" ten="230,250,270,250" oya="1" hai0="105,88,68,55,24,49,114,64,87,10,52,1,97" hai1="45,67,106,103,44,110,77,61,65,71,90,6,93" hai2="66,22,132,78,89,102,42,121,50,23,40,58,122" hai3="120,81,5,109,76,8,74,28,84,83,57,112,27"/><U111/><E67/><V30/><F132/><W125/><G109/><N who="1" m="41482" /><E77/><V0/><F0/><W13/><G125/><T96/><D114/><U43/><E6/><V72/><F102/><W20/><G112/><T126/><D126/><U17/><E17/><V19/><F89/><W11/><G120/><T69/><D24/><U75/><E75/><V39/><F39/><W32/><G8/><T95/><D55/><U73/><E73/><V62/><F23/><W12/><G57/><T104/><D105/><U115/><E115/><V99/><F30/><W36/><G36/><T127/><D127/><U116/><E116/><V118/><F118/><W38/><G38/><T48/><D104/><U2/><E43/><V9/><F9/><W129/><G129/><T91/><D64/><U100/><E2/><V101/><F78/><W123/><G123/><T80/><D97/><N who="1" m="61711" /><E103/><V119/><F40/><W108/><G108/><T86/><D96/><AGARI ba="0,0" hai="44,45,61,65,71,90,93,96" m="61711,41482" machi="96" ten="30,2900,0" yaku="14,1,10,1" doraHai="34" who="1" fromWho="0" sc="230,-29,250,29,270,0,250,0" /><INIT seed="1,1,0,4,0,122" ten="201,279,270,250" oya="1" hai0="76,102,48,95,44,14,73,25,47,87,71,9,91" hai1="38,105,66,65,67,119,0,13,94,82,85,83,116" hai2="41,74,117,120,8,97,53,89,60,45,134,80,75" hai3="5,113,109,27,121,58,24,31,59,46,114,70,62"/><U35/><E0/><V4/><F120/><W104/><G121/><T42/><D71/><U43/><E105/><V20/><F117/><W129/><G104/><T115/><D115/><U51/><E38/><V126/><F126/><W128/><G5/><T124/><D124/><U69/><E35/><V86/><F134/><W11/><G11/><T90/><D73/><U55/><E43/><V103/><F20/><W111/><G46/><T12/><D25/><U84/><E69/><V22/><F22/><W36/><G70/><T96/><D44/><U64/><N who="1" m="16384" /><DORA hai="81" /><U19/><E94/><V7/><F60/><W93/><G93/><T39/><D39/><U131/><E131/><N who="3" m="50250" /><G36/><T16/><REACH who="0" step="1"/><D14/><REACH who="0" ten="191,279,270,250" step="2"/><U125/><E125/><V118/><F45/><W29/><G24/><T123/><D123/><U127/><E127/><V68/><F74/><W79/><G27/><T63/><D63/><U88/><E13/><V98/><F75/><W49/><G49/><T110/><D110/><N who="3" m="41993" /><G79/><T33/><D33/><U108/><E108/><V26/><F26/><W34/><G34/><T1/><D1/><U112/><E112/><N who="3" m="43114" /><G62/><T50/><D50/><U32/><E32/><V135/><F68/><W72/><G72/><T18/><D18/><U77/><REACH who="1" step="1"/><E19/><REACH who="1" ten="191,269,270,250" step="2"/><V37/><F37/><W132/><G132/><T99/><D99/><U92/><E92/><V106/><F98/><W6/><G6/><T78/><D78/><U130/><E130/><V61/><F4/><W54/><G54/><T28/><D28/><AGARI ba="1,2" hai="28,29,31,58,59" m="43114,41993,50250" machi="28" ten="40,12000,2" yaku="28,2,19,1,14,1,52,3" doraHai="122,81" who="3" fromWho="0" sc="191,-123,269,0,270,0,250,143" /><INIT seed="2,0,0,5,1,78" ten="68,269,270,393" oya="2" hai0="11,86,100,34,132,134,12,114,22,112,82,90,115" hai1="118,117,8,126,21,133,38,56,31,103,89,122,1" hai2="111,83,75,108,19,97,49,18,131,72,74,32,73" hai3="106,92,129,121,53,45,28,104,51,50,37,98,46"/><V63/><F32/><W7/><G129/><T85/><D34/><U42/><E103/><V9/><F131/><W71/><G121/><T87/><D22/><U4/><E38/><V3/><F49/><W59/><G71/><T2/><D2/><U123/><E42/><V81/><F63/><W84/><G37/><T109/><D109/><N who="2" m="42058" /><F97/><W41/><G59/><T57/><D57/><U36/><E36/><V120/><F120/><N who="1" m="46121" /><E126/><V124/><F124/><W13/><G28/><T64/><D64/><U128/><E128/><V15/><N who="2" m="18432" /><DORA hai="70" /><V54/><F3/><W35/><G35/><T24/><D24/><N who="1" m="16783" /><E133/><N who="0" m="51305" /><D100/><U47/><E47/><V127/><F127/><W113/><G50/><T130/><D130/><U77/><E1/><V40/><F40/><W102/><G41/><T95/><D12/><U65/><E117/><V91/><F54/><W94/><G45/><T99/><D11/><U135/><E8/><V48/><F48/><W20/><G46/><T5/><D5/><U55/><E4/><V107/><F107/><W44/><G7/><T125/><D125/><U88/><E55/><V43/><F43/><W26/><G104/><T68/><D68/><U105/><E105/><V10/><F91/><W0/><G106/><T67/><D67/><U66/><E89/><V76/><F76/><W23/><G0/><T93/><D99/><U69/><E65/><V30/><F30/><W80/><G44/><T27/><D27/><U61/><E66/><V25/><F25/><W62/><G26/><T96/><D96/><U52/><E135/><V101/><F101/><W33/><G102/><RYUUKYOKU ba="0,0" sc="68,15,269,-15,270,15,393,-15" hai0="82,85,86,87,90,93,95,112,114,115" hai2="9,10,15,18,19,81,83" /><INIT seed="2,1,0,2,2,85" ten="83,254,285,378" oya="2" hai0="115,113,63,47,71,60,42,99,32,20,46,132,122" hai1="54,65,102,12,50,72,87,77,53,67,45,114,78" hai2="33,70,86,62,59,95,10,37,81,27,134,93,98" hai3="91,40,130,112,135,76,26,103,3,64,29,16,56"/><V55/><F134/><W0/><G135/><T127/><D32/><U101/><E114/><V121/><F121/><W17/><G112/><T41/><D20/><U117/><E72/><V15/><F37/><W22/><G130/><T104/><D99/><U19/><E117/><V80/><F70/><W69/><G69/><T6/><D6/><U11/><E53/><V21/><F33/><W66/><G103/><N who="1" m="39434" /><E77/><V5/><F86/><W68/><G68/><T84/><D71/><U49/><E49/><V74/><F95/><W28/><G40/><T79/><D132/><U39/><E39/><V94/><F93/><W126/><G76/><T35/><D35/><U48/><E48/><V131/><F74/><W7/><G126/><T107/><D79/><U24/><E24/><V120/><F120/><W108/><G7/><T38/><D84/><U36/><E36/><V4/><F131/><W14/><G3/><T118/><D122/><U51/><E51/><V25/><F25/><W100/><G0/><T105/><D127/><U9/><E9/><V13/><F13/><W88/><G100/><T90/><D105/><U96/><E96/><V73/><F4/><W133/><G133/><T52/><D38/><U123/><E123/><V83/><F73/><W128/><G128/><T1/><D1/><U82/><AGARI ba="1,0" hai="11,12,19,45,50,54,65,67,78,82,87" m="39434" machi="82" ten="30,1100,0" yaku="8,1" doraHai="85" who="1" fromWho="1" sc="83,-4,254,14,285,-6,378,-4" /><INIT seed="3,0,0,0,3,123" ten="79,268,279,374" oya="3" hai0="92,1,99,60,62,6,116,4,125,73,102,112,129" hai1="63,94,56,86,103,81,31,82,58,61,38,121,46" hai2="19,95,44,105,23,28,39,40,59,45,32,93,104" hai3="113,109,110,124,27,48,17,122,35,3,12,33,8"/><W18/><G113/><T135/><D125/><U53/><E121/><V55/><F44/><W108/><G122/><T64/><D129/><U70/><E70/><V29/><F104/><W49/><G124/><T72/><D135/><U36/><E31/><V89/><F105/><W115/><G115/><T130/><D130/><U11/><E11/><V52/><F32/><N who="3" m="12363" /><G3/><T14/><D112/><U79/><E46/><V107/><F107/><W96/><G96/><T15/><D116/><U16/><E16/><N who="3" m="6250" /><G27/><T74/><D1/><U117/><E117/><V85/><F93/><W75/><G75/><T21/><D21/><U25/><E25/><V131/><F55/><W30/><G30/><T101/><D64/><U57/><E57/><V20/><F20/><W119/><G119/><T69/><D69/><U118/><E118/><V80/><F80/><W68/><G68/><T5/><D92/><U2/><E2/><V77/><F77/><W133/><G133/><T111/><D99/><U43/><E43/><V9/><F9/><W97/><G97/><T88/><D88/><N who="1" m="51279" /><E103/><V106/><F106/><W50/><G50/><T41/><D41/><U10/><E10/><V87/><F85/><W132/><G132/><T78/><D78/><U37/><E94/><V90/><F89/><W91/><G91/><T26/><D26/><U76/><E82/><V127/><F127/><W54/><G54/><T7/><N who="0" m="1024" /><DORA hai="83" /><T47/><D47/><U24/><E24/><N who="2" m="14463" /><F131/><W126/><G126/><T22/><D22/><U13/><E13/><N who="0" m="4617" /><D111/><U100/><E100/><V98/><F98/><W65/><G110/><RYUUKYOKU ba="0,0" sc="79,10,268,10,279,10,374,-30" hai0="60,62,72,73,74,101,102" hai1="36,37,38,53,56,58,61,63,76,79" hai2="28,29,39,40,45,52,59,87,90,95" owari="89,-41.1,278,-12.2,289,8.9,344,44.4" /></mjloggm>