<mjloggm ver="2.3"><GO type="225" lobby="0"/><UN n0="%4C%4F%4C%49%54%41" n1="%E4%BF%BA%E3%81%A8%E5%A6%96%E5%A4%A2" n2="%E3%81%8B%E3%82%8F%E3%81%A1%E3%82%83%E3%82%93%35%38" n3="%E5%B3%B6%E7%94%B0%E7%9C%9F%E5%A4%A2" dan="16,17,17,16" rate="2140.27,2182.74,2232.17,2083.85" sx="F,F,M,F"/><TAIKYOKU oya="0"/><INIT seed="0,0,0,5,3,84" ten="250,250,250,250" oya="0" hai0="38,58,81,107,133,122,45,30,108,31,88,16,125" hai1="65,113,87,50,86,59,96,10,39,123,7,132,23" hai2="13,27,73,48,95,5,24,8,128,9,80,68,91" hai3="82,101,118,43,49,77,51,25,98,37,78,75,121"/><T129/><D122/><U76/><E123/><V41/><F68/><W46/><G121/><T126/><D107/><U22/><E132/><V103/><F103/><W119/><G78/><T52/><D129/><U64/><E39/><V4/><F128/><W66/><G66/><T92/><D133/><U85/><E113/><V67/><F67/><W71/><G71/><T61/><D81/><U63/><E65/><V109/><F109/><W29/><G119/><T111/><D16/><U36/><E36/><V72/><F72/><W35/><REACH who="3" step="1"/><G118/><REACH who="3" ten="250,250,250,240" step="2"/><T42/><D111/><U93/><E76/><V100/><F73/><W104/><AGARI ba="0,1" hai="25,29,35,37,43,46,49,51,75,77,82,98,101,104" machi="104" ten="20,5200,0" yaku="1,1,2,1,0,1,7,1,53,0" doraHai="84" doraHaiUra="14" who="3" fromWho="3" sc="250,-26,250,-13,250,-13,240,62" /><INIT seed="1,0,0,3,5,24" ten="224,237,237,302" oya="1" hai0="134,73,55,89,103,128,102,78,30,43,135,83,35" hai1="96,48,118,21,112,85,5,22,46,72,98,49,57" hai2="51,80,32,107,126,81,119,16,47,1,25,37,115" hai3="28,14,10,67,6,86,124,53,27,64,71,11,117"/><U110/><E112/><V70/><F119/><W106/><G117/><T9/><D128/><U122/><E118/><V95/><F107/><W132/><G124/><T15/><D43/><U129/><E122/><V99/><F70/><W69/><G132/><N who="0" m="50731" /><D89/><U45/><E72/><V13/><F1/><W108/><G108/><T52/><D102/><U44/><E129/><V3/><F3/><W109/><G109/><T33/><D103/><U19/><E110/><V93/><F93/><W66/><G106/><T113/><D113/><U105/><E105/><V20/><F37/><W38/><G38/><T77/><D78/><U31/><E5/><V41/><F126/><W0/><G86/><T63/><D63/><U88/><E31/><N who="2" m="17831" /><F32/><N who="0" m="12362" /><D30/><U82/><E22/><N who="2" m="11535" /><F115/><W59/><G71/><T40/><D40/><U87/><E87/><V7/><F7/><AGARI ba="0,0" hai="7,9,15,52,55,73,77,83" m="12362,50731" machi="7" ten="30,2000,0" yaku="20,1,54,1" doraHai="24" who="0" fromWho="2" sc="224,20,237,0,237,-20,302,0" /><INIT seed="2,0,0,0,2,33" ten="244,237,217,302" oya="2" hai0="84,94,56,128,22,101,133,105,54,73,21,36,83" hai1="23,37,98,93,115,55,53,85,34,26,57,108,97" hai2="81,95,90,43,19,0,92,75,127,124,6,46,65" hai3="15,76,20,66,38,4,82,117,8,44,42,116,79"/><V18/><F65/><W50/><G66/><T58/><D36/><U104/><E115/><V13/><F81/><W63/><G63/><T11/><D128/><U102/><E34/><V77/><F77/><W71/><G71/><T100/><D133/><U29/><E37/><V78/><F78/><W122/><G122/><T69/><D73/><U89/><E108/><V64/><F64/><W39/><G79/><T52/><D105/><U114/><E114/><V2/><F6/><W112/><G112/><T121/><D121/><U24/><E24/><V107/><F107/><W7/><G7/><T49/><D11/><U41/><E41/><V14/><F46/><W131/><G131/><T99/><D101/><U3/><E97/><V126/><F43/><W16/><G39/><T120/><D69/><U125/><E125/><V135/><F135/><W111/><G111/><T109/><D120/><U134/><E134/><V80/><F80/><W47/><G47/><T40/><D40/><U74/><E74/><V96/><F75/><W70/><G70/><T25/><D25/><U130/><E130/><V48/><F48/><W59/><G59/><T87/><D87/><U88/><E89/><V68/><F68/><W123/><G123/><T61/><D109/><U62/><E3/><N who="2" m="1067" /><F95/><W45/><G45/><T118/><D118/><U10/><E10/><V113/><F113/><W35/><G38/><T119/><D119/><U129/><E129/><V32/><F32/><W106/><G35/><T72/><D72/><U103/><E102/><V86/><F96/><W31/><G106/><T91/><AGARI ba="0,0" hai="21,22,49,52,54,56,58,61,83,84,91,94,99,100" machi="91" ten="20,8000,1" yaku="5,1,0,1,7,1,8,1,54,1" doraHai="33" who="0" fromWho="0" sc="244,80,237,-20,217,-40,302,-20" /><INIT seed="3,0,0,3,3,89" ten="324,217,177,282" oya="3" hai0="128,63,96,108,92,14,50,77,47,56,26,61,22" hai1="123,107,80,83,41,81,51,69,34,21,53,100,113" hai2="11,75,84,118,87,10,117,12,127,38,104,95,1" hai3="110,49,13,88,39,30,119,62,67,18,106,70,111"/><W6/><G119/><N who="2" m="45577" /><F12/><W133/><G106/><T2/><D2/><U33/><E123/><V8/><F1/><W48/><G133/><T76/><D108/><N who="3" m="41513" /><G39/><T3/><D14/><U120/><E120/><V64/><F64/><W105/><G105/><T124/><D128/><U103/><E113/><V129/><F104/><W122/><G122/><T126/><D3/><U93/><E107/><V57/><F57/><W135/><G30/><T52/><D63/><U58/><E69/><V59/><F59/><W134/><G134/><T55/><D126/><U36/><E21/><V25/><F25/><W20/><G135/><T65/><D65/><U37/><E103/><V91/><F38/><W44/><G6/><T0/><D0/><U66/><E66/><V79/><F75/><W102/><G102/><N who="0" m="60679" /><D124/><U28/><E36/><V78/><F127/><W31/><G31/><AGARI ba="0,0" hai="22,26,31,47,50,52,55,56,61,76,77" m="60679" machi="31" ten="30,3900,0" yaku="8,1,52,1,54,1" doraHai="89" who="0" fromWho="3" sc="324,39,217,0,177,0,282,-39" owari="363,46.3,217,-18.3,177,-32.3,243,4.3" /></mjloggm>