<mjloggm ver="2.3"><GO type="225" lobby="0"/><UN n0="%79%75%72%69%6D%6F%67" n1="%4C%4F%4C%49%54%41" n2="%E3%81%B2%E3%81%AA%E3%81%AE%E3%82%8A%E3%81%8F" n3="%79%6B%66%35%35%33%38%39" dan="16,16,17,16" rate="2113.96,2196.13,2164.45,2094.80" sx="F,F,M,M"/><TAIKYOKU oya="0"/><INIT seed="0,0,0,3,5,14" ten="250,250,250,250" oya="0" hai0="33,24,119,84,125,135,46,36,82,109,105,130,55" hai1="90,13,4,73,40,61,123,71,101,32,122,23,67" hai2="100,133,74,34,16,81,83,63,25,41,91,75,3" hai3="20,51,2,121,89,113,60,94,134,56,48,49,129"/><T87/><D119/><U17/><E32/><V72/><F3/><W111/><G113/><T26/><D105/><U116/><E116/><V6/><F6/><W124/><G111/><T0/><D0/><U78/><E101/><V39/><F100/><W37/><G134/><T64/><D64/><U54/><E40/><V98/><F133/><W93/><G129/><T92/><D33/><U28/><E28/><V10/><F41/><W70/><G124/><T97/><D125/><U115/><E115/><V103/><F39/><W77/><G121/><T114/><D114/><U65/><E65/><V104/><F91/><W19/><G70/><T5/><D130/><U50/><E4/><V110/><F110/><W126/><G126/><T15/><D87/><U8/><E8/><V128/><F63/><W22/><G37/><T35/><D35/><U68/><E68/><V31/><REACH who="2" step="1"/><F128/><REACH who="2" ten="250,250,240,250" step="2"/><W59/><G89/><N who="0" m="55439" /><D36/><U102/><E102/><V96/><F96/><W7/><G2/><T21/><D109/><U11/><E90/><V131/><F131/><W1/><G1/><T79/><D5/><U69/><E123/><V43/><F43/><W117/><G7/><T45/><D135/><U57/><E122/><V88/><F88/><W38/><G38/><T95/><D95/><U85/><E61/><V9/><F9/><W99/><G60/><T12/><D55/><U27/><E54/><V30/><F30/><W112/><G112/><T29/><D26/><U76/><E27/><V108/><F108/><W18/><G99/><T58/><D79/><U127/><E76/><V107/><F107/><RYUUKYOKU ba="0,1" sc="250,-10,250,-10,240,30,250,-10" hai2="10,16,25,31,34,72,74,75,81,83,98,103,104" /><INIT seed="1,1,1,5,0,63" ten="240,240,270,240" oya="1" hai0="87,2,105,102,36,62,130,49,131,101,118,86,53" hai1="7,121,52,74,127,31,3,65,4,60,11,15,123" hai2="50,85,6,82,133,34,109,47,41,75,66,30,112" hai3="61,40,119,124,129,76,10,69,111,106,96,26,38"/><U73/><E127/><V95/><F109/><W13/><G111/><T71/><D2/><U107/><E107/><V9/><F133/><W134/><G134/><T70/><D36/><U18/><E31/><V81/><F34/><W28/><G124/><T72/><D72/><U46/><E74/><V58/><F30/><W92/><G129/><N who="0" m="49163" /><D118/><U110/><E73/><V44/><F75/><W113/><G113/><T117/><D117/><U93/><E110/><V125/><F125/><W103/><G119/><T14/><D14/><U48/><E93/><V5/><F47/><W88/><G76/><T79/><D79/><U68/><REACH who="1" step="1"/><E4/><REACH who="1" ten="240,230,270,240" step="2"/><V78/><F6/><W116/><G116/><T80/><D105/><U83/><E83/><V89/><F82/><W21/><G106/><T23/><D80/><U56/><E56/><V42/><F112/><W90/><G92/><T98/><D71/><U99/><E99/><V100/><F58/><W135/><G96/><T94/><D94/><U12/><E12/><V32/><F95/><W126/><G13/><T39/><D98/><U0/><E0/><V55/><F81/><W16/><G69/><T22/><D87/><U43/><E43/><V128/><F42/><W45/><G40/><T122/><D86/><U132/><E132/><V104/><F104/><W97/><G97/><T8/><D70/><U64/><E64/><V115/><F66/><W29/><G135/><T19/><D102/><U108/><E108/><V91/><F100/><W120/><G103/><T84/><D101/><U114/><E114/><V20/><F115/><W27/><G126/><RYUUKYOKU ba="1,2" sc="240,-10,230,30,270,-10,240,-10" hai1="3,7,11,15,18,46,48,52,60,65,68,121,123" /><INIT seed="1,2,2,4,5,27" ten="230,260,260,230" oya="1" hai0="107,84,55,105,48,60,4,126,34,99,87,116,42" hai1="44,74,103,38,6,32,121,73,96,129,36,113,19" hai2="54,47,51,80,30,20,109,81,128,45,106,100,108" hai3="93,83,3,111,86,65,119,12,46,130,61,117,102"/><U21/><E113/><V82/><F128/><W112/><G112/><T56/><D116/><N who="3" m="44617" /><G111/><N who="2" m="42569" /><F106/><W76/><G130/><T71/><D34/><U70/><E129/><V97/><F20/><W64/><G3/><T24/><D126/><U22/><E32/><V8/><F8/><W68/><G64/><T75/><D75/><U95/><E121/><V120/><F120/><W132/><G132/><T40/><D4/><U133/><E70/><V17/><F17/><W134/><G134/><T57/><D71/><U127/><E133/><V88/><F30/><W123/><G123/><T52/><D107/><U62/><E127/><V124/><F124/><W39/><G12/><T33/><D99/><U18/><E6/><V110/><F110/><W77/><G93/><T59/><D105/><U7/><E7/><V41/><F100/><W78/><G102/><T131/><D59/><U11/><E19/><V43/><F47/><W16/><G16/><T35/><D35/><U10/><E44/><V118/><F118/><W25/><G25/><T90/><D87/><U29/><E29/><V9/><F9/><W115/><G115/><T101/><D101/><U98/><E103/><V125/><F125/><W28/><G28/><T85/><D85/><U79/><E18/><V104/><F104/><W26/><G26/><T92/><D131/><U69/><E10/><V91/><F97/><W31/><G31/><N who="0" m="19687" /><D84/><U5/><E5/><V50/><F43/><AGARI ba="2,2" hai="39,43,46,61,65,68,76,77,78,83,86" m="44617" machi="43" ten="30,1000,0" yaku="12,1" doraHai="27" who="3" fromWho="2" sc="230,0,260,0,260,-16,230,36" /><INIT seed="2,0,0,3,1,87" ten="230,260,244,266" oya="2" hai0="50,74,21,78,3,13,79,58,40,131,29,26,82" hai1="76,7,37,90,100,30,69,93,38,127,59,80,102" hai2="28,109,94,97,5,134,41,47,54,86,9,104,122" hai3="63,75,125,116,18,62,51,84,22,129,133,24,8"/><V61/><F122/><W107/><G116/><T25/><D131/><U0/><E69/><V99/><F134/><W19/><G75/><T31/><D3/><U34/><E127/><V42/><F28/><W101/><G129/><T67/><D13/><U98/><E34/><V124/><F124/><W44/><G125/><T46/><D74/><U60/><E30/><V96/><F104/><W110/><G133/><T108/><D108/><U103/><E7/><V128/><F128/><W106/><G110/><T111/><D111/><U32/><E32/><V88/><F109/><W105/><G101/><T132/><D132/><U12/><E12/><N who="2" m="5167" /><F61/><W85/><G18/><T20/><D82/><U72/><REACH who="1" step="1"/><E0/><REACH who="1" ten="230,250,244,266" step="2"/><V33/><F33/><W4/><G4/><T83/><D83/><U115/><E115/><V49/><AGARI ba="0,1" hai="41,42,47,49,54,86,88,94,96,97,99" m="5167" machi="49" ten="30,6000,0" yaku="8,1,52,1,54,1" doraHai="87" who="2" fromWho="2" sc="230,-20,250,-20,244,70,266,-20" /><INIT seed="2,1,0,5,2,82" ten="210,230,314,246" oya="2" hai0="122,12,40,111,51,31,65,32,5,22,103,55,109" hai1="81,100,6,26,48,47,68,41,75,83,45,105,88" hai2="10,63,11,91,53,16,3,46,99,29,38,34,87" hai3="73,18,54,78,50,25,58,28,9,77,131,69,113"/><V90/><F34/><W102/><G131/><T112/><D112/><U60/><E6/><V71/><F29/><W98/><G69/><T30/><D122/><U121/><E121/><V124/><F3/><W59/><G73/><T37/><D65/><U36/><E105/><V64/><F99/><W129/><G129/><T57/><D103/><U20/><E100/><V118/><F118/><W80/><G113/><T125/><D32/><U110/><E110/><V120/><F120/><W56/><G9/><T43/><D125/><U119/><E119/><V96/><F96/><W107/><G18/><T15/><D37/><U49/><E75/><V94/><F91/><W35/><REACH who="3" step="1"/><G80/><REACH who="3" ten="210,230,314,236" step="2"/><T24/><D109/><U114/><E81/><V123/><F16/><W2/><G2/><T132/><D111/><U67/><E114/><V7/><F11/><W101/><G101/><T95/><D5/><U13/><E83/><V115/><F115/><W14/><G14/><T86/><D30/><U23/><E13/><N who="2" m="5343" /><F71/><W70/><G70/><T84/><D15/><U85/><E68/><V8/><F8/><W74/><G74/><T116/><D12/><U19/><E19/><V52/><F123/><W127/><G127/><T106/><D116/><U135/><E26/><V92/><F124/><W44/><AGARI ba="1,1" hai="25,28,35,44,50,54,56,58,59,77,78,98,102,107" machi="44" ten="30,2000,0" yaku="1,1,0,1,53,0" doraHai="82" doraHaiUra="108" who="3" fromWho="3" sc="210,-6,230,-6,314,-11,236,33" /><INIT seed="3,0,0,1,2,44" ten="204,224,303,269" oya="3" hai0="30,112,73,119,72,54,110,64,100,26,45,15,59" hai1="109,13,84,124,28,66,23,122,123,57,98,91,2" hai2="6,74,19,4,17,106,63,113,60,111,22,62,29" hai3="80,126,101,120,36,16,127,103,134,69,9,99,31"/><W33/><G120/><T35/><D119/><U94/><E2/><V96/><F74/><W77/><G36/><T89/><D110/><U37/><E37/><V48/><F111/><W56/><G69/><T76/><D76/><U92/><E109/><V130/><F113/><W132/><G31/><T14/><D100/><N who="1" m="60487" /><E124/><N who="3" m="47658" /><G33/><T24/><D112/><U65/><E65/><V11/><F130/><W93/><G101/><T58/><D72/><U133/><E133/><N who="3" m="51306" /><G56/><T12/><D73/><U3/><E57/><V107/><F106/><W10/><G80/><T116/><D116/><U27/><E28/><V117/><F29/><W43/><G43/><T90/><D35/><U121/><E121/><V32/><F32/><W53/><G53/><T55/><D45/><U40/><E40/><V46/><F117/><W78/><G9/><T5/><D30/><U50/><E123/><V21/><F11/><W102/><G102/><T47/><D47/><U42/><E42/><V79/><F46/><W52/><G52/><N who="0" m="20011" /><D5/><U67/><E122/><V34/><F34/><W20/><G10/><T38/><D38/><U49/><E67/><V114/><F114/><W87/><G87/><T18/><D18/><N who="1" m="10703" /><E66/><V7/><F19/><W75/><G75/><T95/><D59/><U70/><E70/><V85/><F17/><W39/><G39/><T68/><D68/><U61/><E61/><V25/><F85/><W108/><G108/><T129/><D129/><U0/><E27/><AGARI ba="0,0" hai="16,20,27,77,78,93,99,103" m="51306,47658" machi="27" ten="30,5800,0" yaku="18,1,20,1,54,1" doraHai="44" who="3" fromWho="1" sc="204,0,224,-58,303,0,269,58" owari="204,-19.6,166,-33.4,303,10.3,327,42.7" /></mjloggm>