<mjloggm ver="2.3"><GO type="225" lobby="0"/><UN n0="%73%75%7A%75%6D%65%33" n1="%6D%75%75%73%61%6E%6D%75" n2="%E3%81%B5%E3%81%98%E3%81%8B%E3%81%A4" n3="%E6%A1%9C%E8%8A%B1%E9%96%83%E3%80%85" dan="17,16,17,16" rate="2275.41,2075.07,2226.95,2226.94" sx="M,F,M,M"/><TAIKYOKU oya="0"/><INIT seed="0,0,0,5,3,128" ten="250,250,250,250" oya="0" hai0="98,75,22,110,43,12,52,45,35,95,92,26,111" hai1="33,108,6,88,44,113,59,7,3,122,16,51,126" hai2="107,29,85,105,64,34,60,129,65,62,123,103,57" hai3="112,101,28,27,10,46,69,66,1,53,9,50,121"/><T21/><D75/><U131/><E122/><V54/><F123/><W125/><G121/><T23/><D12/><U109/><E33/><V77/><F129/><W37/><G112/><T30/><D52/><N who="1" m="29799" /><E131/><V91/><F77/><W127/><G101/><T97/><D97/><U67/><E3/><V56/><F54/><W70/><G37/><T14/><D14/><U104/><E104/><V79/><F79/><W124/><G66/><T118/><D118/><U4/><E113/><V58/><F58/><W115/><G115/><T0/><D0/><U82/><E126/><V63/><F63/><W31/><G31/><T38/><REACH who="0" step="1"/><D98/><REACH who="0" ten="240,250,250,250" step="2"/><U116/><E116/><V18/><F103/><W39/><G1/><T96/><D96/><U5/><E5/><V68/><F107/><W42/><G9/><T73/><D73/><U55/><E67/><V84/><F105/><W2/><G10/><T71/><D71/><U134/><E109/><AGARI ba="0,1" hai="21,22,23,26,30,35,38,43,45,92,95,109,110,111" machi="109" ten="40,12000,1" yaku="1,1,14,1,10,1,53,2" doraHai="128" doraHaiUra="90" who="0" fromWho="1" sc="240,130,250,-120,250,0,250,0" /><INIT seed="0,1,0,5,3,100" ten="370,130,250,250" oya="0" hai0="102,46,2,71,68,26,17,95,123,31,126,3,54" hai1="8,76,108,79,84,57,118,40,101,122,53,106,36" hai2="135,107,80,15,42,62,131,43,24,97,28,13,22" hai3="50,37,119,29,90,45,65,70,34,85,66,129,58"/><T41/><D123/><U6/><E122/><V93/><F135/><W56/><G119/><T87/><D126/><U89/><E118/><V12/><F131/><W32/><G129/><T98/><D54/><U91/><E108/><V1/><F1/><W9/><G70/><T61/><D17/><U23/><E40/><V104/><F80/><W27/><G37/><T110/><D110/><U38/><E23/><V39/><F62/><W115/><G115/><T4/><D87/><U75/><E75/><V69/><F69/><W132/><G34/><N who="0" m="20855" /><D95/><U10/><E38/><V16/><F28/><W0/><G132/><T112/><D112/><U113/><E36/><V72/><F72/><W128/><G58/><T48/><D4/><U20/><E20/><V114/><F114/><W49/><G56/><T134/><D71/><U7/><E113/><V94/><F94/><W14/><G0/><T82/><D82/><U99/><E7/><V60/><F60/><W51/><G45/><T35/><D35/><U111/><E111/><V73/><F73/><W19/><G128/><T116/><D116/><U11/><E6/><V33/><F33/><W121/><G121/><T92/><D134/><U5/><E5/><V109/><F109/><W105/><G85/><T30/><D30/><U120/><E120/><V103/><REACH who="2" step="1"/><F39/><REACH who="2" ten="370,130,240,250" step="2"/><W74/><G74/><T77/><D61/><U127/><E127/><V86/><F86/><W25/><G32/><T125/><D125/><U78/><REACH who="1" step="1"/><E84/><REACH who="1" ten="370,120,240,250" step="2"/><V81/><F81/><W83/><G83/><T130/><D130/><U133/><E133/><V96/><F96/><RYUUKYOKU ba="1,2" sc="370,-15,120,15,240,15,250,-15" hai1="8,10,11,53,57,76,78,79,89,91,99,101,106" hai2="12,13,15,16,22,24,42,43,93,97,103,104,107" /><INIT seed="1,2,2,5,4,52" ten="355,135,255,235" oya="1" hai0="123,37,42,28,2,62,53,98,93,103,84,121,91" hai1="116,9,118,135,68,115,119,134,13,81,41,8,92" hai2="117,56,112,86,60,63,109,85,77,101,19,61,59" hai3="55,124,130,46,36,57,25,74,64,48,11,23,111"/><U24/><E68/><V99/><F117/><W78/><G111/><T107/><D2/><U4/><E41/><V129/><F109/><W105/><G124/><T47/><D28/><U125/><E81/><V7/><F7/><W133/><G133/><N who="1" m="50698" /><E92/><N who="2" m="58599" /><F129/><W70/><G130/><T29/><D29/><U71/><E71/><V5/><F5/><W40/><G105/><T114/><D114/><U30/><E125/><V113/><F19/><W72/><G11/><T102/><D102/><U39/><E39/><V43/><F43/><W33/><G33/><T96/><D96/><U132/><N who="1" m="50706" /><U128/><DORA hai="50" /><E128/><V10/><F10/><W14/><G14/><T69/><D69/><U110/><E110/><V51/><F77/><W87/><G87/><N who="2" m="33289" /><F113/><W26/><G78/><T32/><D32/><N who="1" m="20551" /><E9/><V75/><F75/><N who="3" m="28715" /><G23/><T127/><D127/><U38/><E38/><V100/><F100/><W49/><G49/><T95/><D107/><U16/><E115/><V80/><F112/><W122/><G122/><T106/><D106/><U79/><E79/><V83/><F51/><W44/><G44/><T76/><D76/><U89/><E89/><V88/><F88/><W73/><N who="3" m="28723" /><W108/><DORA hai="17" /><G108/><T67/><D123/><U82/><E4/><V66/><F63/><AGARI ba="2,2" hai="25,26,36,40,46,48,55,57,63,64,70" m="28723" machi="63" ten="40,5200,0" yaku="24,1,52,2" doraHai="52,50,17" who="3" fromWho="2" sc="355,0,135,0,255,-58,235,78" /><INIT seed="2,0,0,3,4,6" ten="355,135,197,313" oya="2" hai0="92,44,12,111,5,85,3,53,94,109,120,122,95" hai1="79,39,8,19,102,119,33,22,134,63,110,90,31" hai2="118,51,103,32,71,58,56,84,82,100,61,70,117" hai3="62,116,67,114,72,135,60,132,105,104,86,10,24"/><V52/><F32/><W75/><G114/><T108/><D3/><U23/><E119/><V47/><F100/><W83/><G116/><N who="2" m="44649" /><F103/><W55/><G24/><T57/><D44/><U89/><E39/><V127/><F84/><W46/><G46/><T7/><D85/><U125/><E102/><V49/><F82/><W69/><G55/><T115/><D115/><U21/><E79/><V77/><F77/><W1/><G62/><N who="0" m="36143" /><D12/><U64/><E33/><V18/><F18/><W13/><G1/><T35/><D35/><U25/><E110/><V43/><F127/><W74/><G86/><T124/><D124/><U80/><E125/><V96/><F96/><W48/><G48/><T126/><D126/><U27/><E80/><V130/><F130/><W73/><N who="3" m="18432" /><DORA hai="99" /><W107/><REACH who="3" step="1"/><G83/><REACH who="3" ten="355,135,197,303" step="2"/><T26/><D26/><U93/><E25/><V30/><F30/><W123/><G123/><AGARI ba="0,1" hai="5,7,92,94,95,108,109,111,120,122,123" m="36143" machi="123" ten="40,1300,0" yaku="14,1" doraHai="6,99" who="0" fromWho="3" sc="355,23,135,0,197,0,303,-13" /><INIT seed="3,0,0,3,2,37" ten="378,135,197,290" oya="3" hai0="74,61,128,99,76,104,6,29,51,90,113,87,7" hai1="133,86,111,4,107,21,89,39,83,12,64,0,130" hai2="27,32,13,71,8,44,33,129,45,31,22,65,92" hai3="41,3,15,124,80,106,103,18,135,55,85,62,120"/><W102/><G120/><T93/><D128/><U49/><E130/><V57/><F129/><W79/><G3/><T17/><D113/><U59/><E39/><V63/><F33/><W82/><G124/><T10/><D29/><U66/><E107/><V109/><F109/><W88/><G135/><T122/><D122/><U100/><E133/><V108/><F108/><W5/><G5/><T60/><D51/><U58/><E111/><V121/><F121/><W35/><G35/><T53/><D17/><U43/><E0/><V52/><F92/><W94/><G106/><T23/><D23/><U56/><E100/><V72/><F72/><W125/><G82/><N who="0" m="45335" /><D53/><U69/><E69/><V78/><F78/><W30/><G30/><T127/><D127/><U110/><E110/><V112/><F112/><W116/><G116/><T50/><D50/><U54/><E54/><V14/><F32/><W47/><G125/><T46/><D46/><U84/><E84/><V118/><F118/><W81/><G62/><N who="0" m="24171" /><D10/><U96/><E96/><V24/><F24/><W105/><G55/><T34/><D34/><U26/><E12/><V36/><F8/><N who="3" m="6503" /><G105/><T11/><D11/><U117/><E4/><V75/><F75/><W38/><G81/><T48/><D48/><U119/><E119/><V101/><F101/><AGARI ba="0,0" hai="6,7,87,90,93,99,101,104" m="24171,45335" machi="101" ten="30,1000,0" yaku="24,1" doraHai="37" who="0" fromWho="2" sc="378,10,135,0,197,-10,290,0" owari="388,48.8,135,-36.5,187,-21.3,290,9.0" /></mjloggm>