<mjloggm ver="2.3"><GO type="225" lobby="0"/><UN n0="%E8%90%BD%E6%97%A5" n1="%E2%91%A3%E9%81%BF%E9%81%8A%E6%88%AF%E3%80%90%E6%9D%B1%E5%8D%97%E3%80%91" n2="%E3%81%BE%E3%81%A8%E3%81%9F" n3="%E3%81%99%E3%81%84%E3%81%BE%E3%81%9B%E3%83%BC%E3%82%93" dan="19,16,16,16" rate="2269.82,2133.76,2107.24,2135.02" sx="F,M,M,M"/><TAIKYOKU oya="0"/><INIT seed="0,0,0,3,4,22" ten="250,250,250,250" oya="0" hai0="35,15,84,54,85,118,24,78,61,29,3,95,16" hai1="64,44,121,133,45,98,37,117,74,59,75,105,38" hai2="113,36,2,83,131,7,25,13,107,76,50,109,1" hai3="91,125,119,110,115,10,80,34,42,20,32,19,9"/><T103/><D118/><U114/><E117/><V70/><F113/><W62/><G119/><T111/><D3/><U14/><E114/><V21/><F36/><W126/><G115/><T52/><D111/><U60/><E121/><V72/><F131/><W79/><G110/><T99/><D78/><U106/><E133/><V102/><F70/><W129/><G91/><T104/><D104/><U5/><E38/><V123/><F123/><W49/><G62/><T130/><D130/><U100/><E106/><V53/><F109/><W0/><G49/><T127/><D127/><N who="3" m="48649" /><G42/><T66/><D84/><U135/><E135/><V4/><F102/><W67/><G67/><T8/><D85/><U48/><E37/><V82/><F107/><W43/><G43/><T94/><D95/><U55/><E45/><V58/><F82/><W77/><G77/><T108/><D108/><U17/><E5/><V46/><F46/><W116/><G116/><T90/><D90/><U101/><E100/><V23/><F7/><N who="3" m="1255" /><G10/><AGARI ba="0,0" hai="10,14,17,44,48,55,59,60,64,74,75,98,101,105" machi="10" ten="30,1000,0" yaku="7,1" doraHai="22" who="1" fromWho="3" sc="250,0,250,10,250,0,250,-10" /><INIT seed="1,0,0,4,0,21" ten="250,260,250,240" oya="1" hai0="26,95,63,12,50,133,54,7,4,91,120,11,20" hai1="79,53,78,85,36,106,128,93,42,97,130,72,82" hai2="84,90,19,44,73,31,62,55,52,59,8,134,37" hai3="88,132,92,99,35,108,71,105,48,16,39,81,102"/><U49/><E36/><V70/><F134/><W76/><G39/><T115/><D115/><U45/><E42/><V122/><F73/><W110/><G71/><T18/><D133/><U64/><E64/><V0/><F122/><W109/><G35/><T119/><D119/><U96/><E78/><V51/><F70/><W94/><G132/><T75/><D75/><U118/><E118/><V111/><F111/><W66/><G66/><T24/><D120/><U32/><E32/><V40/><F31/><W127/><G127/><T67/><D63/><U103/><REACH who="1" step="1"/><E97/><REACH who="1" ten="250,250,250,240" step="2"/><V5/><F37/><W86/><G48/><T121/><D67/><U25/><E25/><V34/><F34/><W30/><G76/><T126/><D126/><U129/><E129/><V101/><F40/><W124/><G124/><T6/><D121/><U74/><E74/><V107/><F55/><W15/><REACH who="3" step="1"/><G30/><REACH who="3" ten="250,250,250,230" step="2"/><T22/><D54/><U14/><E14/><V28/><F52/><W80/><G80/><T104/><D50/><U68/><E68/><V87/><F51/><W114/><G114/><T3/><D3/><U17/><E17/><V112/><F19/><W58/><G58/><T57/><D57/><U60/><E60/><V113/><F59/><W10/><AGARI ba="0,2" hai="10,15,16,81,86,88,92,94,99,102,105,108,109,110" machi="10" ten="30,12000,2" yaku="1,1,0,1,14,1,54,2,53,1" doraHai="21" doraHaiUra="77" who="3" fromWho="3" sc="250,-30,250,-60,250,-30,230,140" /><INIT seed="2,0,0,1,2,2" ten="220,190,220,370" oya="2" hai0="109,94,81,74,59,14,92,54,116,120,65,130,105" hai1="75,97,57,60,7,50,68,13,41,112,6,28,8" hai2="106,58,101,102,66,115,88,127,16,73,3,0,103" hai3="63,20,47,37,44,31,27,82,18,118,9,43,131"/><V51/><F115/><W46/><G118/><T119/><D105/><U77/><E112/><V21/><F106/><W30/><G131/><T83/><D120/><U64/><E28/><V12/><F73/><W67/><G82/><N who="0" m="31243" /><D74/><U72/><E77/><V52/><F127/><W100/><G100/><T19/><D65/><U49/><E97/><V93/><REACH who="2" step="1"/><F66/><REACH who="2" ten="220,190,210,370" step="2"/><W79/><G67/><T135/><D130/><U40/><E75/><V96/><AGARI ba="0,1" hai="0,3,12,16,21,51,52,58,88,93,96,101,102,103" machi="96" ten="30,18000,2" yaku="1,1,2,1,0,1,54,3,53,0" doraHai="2" doraHaiUra="4" who="2" fromWho="2" sc="220,-60,190,-60,210,190,370,-60" /><INIT seed="2,1,0,1,0,77" ten="160,130,400,310" oya="2" hai0="32,123,60,54,102,1,119,117,14,134,67,92,39" hai1="56,50,75,24,22,133,80,114,103,63,11,28,126" hai2="110,36,73,84,46,124,127,72,64,113,81,107,15" hai3="12,112,94,109,105,23,71,31,125,83,7,74,79"/><V76/><F113/><W121/><G105/><T111/><D1/><U61/><E114/><V78/><F107/><W100/><G121/><T128/><D123/><U33/><E126/><N who="2" m="48171" /><F64/><W88/><G125/><T66/><D32/><U53/><E133/><V48/><F36/><W62/><G109/><T18/><D39/><U99/><E33/><V13/><F110/><W122/><G122/><T68/><D111/><U98/><E11/><V129/><F129/><W25/><G100/><T90/><D102/><U4/><E4/><V96/><F96/><W43/><G43/><T8/><D134/><U5/><E5/><V10/><F76/><W19/><G7/><T101/><D101/><U89/><E99/><V51/><F51/><W0/><G0/><T132/><D132/><U9/><E9/><V120/><F13/><W2/><G2/><T104/><D104/><U65/><E63/><V106/><F106/><W93/><G112/><T135/><D135/><U131/><E131/><V91/><F78/><W44/><G62/><T3/><D3/><U29/><E29/><V82/><F72/><W42/><G71/><T95/><D128/><U30/><E30/><V17/><F73/><W16/><G31/><T45/><D67/><U58/><E75/><V47/><F120/><W108/><G108/><T34/><D34/><U6/><E6/><V55/><F47/><W116/><G44/><T97/><D92/><AGARI ba="1,0" hai="10,15,17,46,48,55,81,82,84,91,92" m="48171" machi="92" ten="30,5800,0" yaku="18,1,52,2" doraHai="77" who="2" fromWho="0" sc="160,-61,130,0,400,61,310,0" /><INIT seed="2,2,0,5,5,61" ten="99,130,461,310" oya="2" hai0="21,43,59,123,96,56,84,66,10,107,19,116,5" hai1="120,48,87,67,30,60,34,2,74,85,12,54,18" hai2="45,86,29,114,32,40,53,49,98,20,124,105,91" hai3="38,47,122,62,11,7,0,63,134,33,100,13,27"/><V39/><F114/><W121/><G134/><T17/><D123/><U22/><E74/><V28/><F32/><W89/><G100/><T41/><D116/><U119/><E120/><V75/><F75/><W24/><G0/><T6/><D84/><U50/><E119/><V82/><F124/><W68/><G63/><N who="0" m="38247" /><D107/><U81/><E2/><V80/><F80/><W101/><G101/><T77/><D96/><U8/><E34/><V110/><F98/><W127/><G127/><T113/><D77/><U46/><E50/><V25/><F105/><W37/><G27/><N who="0" m="14767" /><D113/><U16/><E30/><V97/><F97/><W103/><G103/><T109/><D109/><U55/><E55/><V118/><F118/><W72/><G72/><T76/><D76/><U15/><E81/><V115/><F115/><W131/><G38/><T69/><D69/><AGARI ba="2,0" hai="8,12,15,16,18,22,46,48,54,60,67,69,85,87" machi="69" ten="30,3900,0" yaku="7,1,52,1,54,1" doraHai="61" who="1" fromWho="0" sc="99,-45,130,45,461,0,310,0" /><INIT seed="3,0,0,3,1,66" ten="54,175,461,310" oya="3" hai0="38,110,44,25,8,51,112,3,106,33,104,5,72" hai1="48,111,31,75,40,91,27,59,123,57,19,118,47" hai2="79,34,45,13,113,61,67,42,49,9,58,120,18" hai3="108,84,1,82,26,127,119,89,28,85,132,92,101"/><W117/><G1/><T88/><D110/><U134/><E111/><V135/><F113/><W87/><G108/><T2/><D112/><U6/><E123/><V70/><F135/><W125/><G132/><T122/><D122/><U14/><E134/><V4/><F34/><W35/><G101/><T63/><D51/><U114/><E114/><V93/><F120/><W64/><G64/><T15/><D15/><U115/><E75/><V68/><F79/><W133/><G133/><T103/><D88/><U0/><E118/><V55/><F93/><W96/><REACH who="3" step="1"/><G82/><REACH who="3" ten="54,175,461,300" step="2"/><T76/><D3/><U80/><E0/><V83/><F83/><W10/><G10/><T128/><D103/><U24/><E80/><V77/><F77/><W69/><G69/><T50/><D128/><U124/><E115/><V16/><F70/><W52/><G52/><T60/><D8/><U32/><E40/><V39/><AGARI ba="0,1" hai="4,9,13,16,18,39,42,45,49,55,58,61,67,68" machi="39" ten="20,12000,2" yaku="0,1,7,1,24,2,52,1,54,1" doraHai="66" who="2" fromWho="2" sc="54,-30,175,-30,461,130,300,-60" owari="24,-47.6,145,-25.5,591,69.1,240,4.0" /></mjloggm>