<mjloggm ver="2.3"><GO type="225" lobby="0"/><UN n0="%4E%55%44%41" n1="%E3%83%97%E3%83%AC%E3%83%B4%E3%82%A1%E3%83%86%E3%82%A3" n2="%E3%81%BF%E3%81%BF%E3%81%9A" n3="%E3%81%82%E3%81%99%E3%81%AB%E3%82%83%E3%82%80" dan="16,16,16,16" rate="2127.84,2144.21,2119.51,2109.42" sx="M,F,M,F"/><TAIKYOKU oya="0"/><INIT seed="0,0,0,0,0,92" ten="250,250,250,250" oya="0" hai0="77,66,10,20,41,117,119,1,104,64,5,120,129" hai1="103,23,100,123,130,19,107,106,16,80,29,60,93" hai2="118,39,22,57,3,51,121,122,88,42,79,128,75" hai3="67,71,72,65,82,56,15,59,33,9,44,54,110"/><T89/><D120/><U52/><E123/><V50/><F3/><W134/><G33/><T96/><D129/><U90/><E130/><V78/><F128/><W28/><G110/><T70/><D77/><U114/><E114/><V133/><F39/><W102/><G28/><T101/><D41/><U21/><E29/><V53/><F75/><W91/><G71/><T46/><D46/><U4/><E80/><V18/><F118/><W127/><G127/><T62/><D66/><U27/><E4/><V85/><F133/><W111/><G111/><T24/><REACH who="0" step="1"/><D89/><REACH who="0" ten="240,250,250,250" step="2"/><U98/><E107/><V61/><F122/><W74/><G67/><T0/><D0/><U76/><E106/><V116/><F121/><W87/><G65/><T34/><D34/><U112/><E76/><N who="2" m="29227" /><F42/><W81/><G72/><T126/><D126/><U97/><E112/><V105/><F116/><W109/><G74/><T2/><D2/><U13/><E98/><V45/><F105/><W8/><G109/><T32/><D32/><U30/><E30/><AGARI ba="0,1" hai="1,5,10,20,24,30,62,64,70,96,101,104,117,119" machi="30" ten="30,5800,0" yaku="1,1,7,1,52,1,53,0" doraHai="92" doraHaiUra="31" who="0" fromWho="1" sc="240,68,250,-58,250,0,250,0" /><INIT seed="0,1,0,5,3,61" ten="308,192,250,250" oya="0" hai0="99,43,107,35,11,88,129,26,59,112,9,95,60" hai1="21,121,7,39,0,118,82,47,37,6,40,53,93" hai2="117,85,32,25,49,18,38,133,96,44,73,10,58" hai3="100,115,89,102,1,123,87,91,33,134,77,131,122"/><T84/><D112/><U116/><E121/><N who="3" m="46090" /><G33/><T69/><D69/><U98/><E39/><V63/><F73/><W64/><G1/><T80/><D129/><U111/><E111/><V127/><F133/><W106/><G115/><T78/><D43/><U29/><E82/><V108/><F108/><W48/><G48/><T28/><REACH who="0" step="1"/><D107/><REACH who="0" ten="298,192,250,250" step="2"/><U74/><E74/><V19/><F117/><W50/><G106/><T27/><D27/><U132/><E132/><V14/><F25/><W124/><G134/><T5/><D5/><U62/><E118/><V57/><F38/><W104/><G104/><T30/><D30/><U75/><E116/><V119/><F119/><W101/><G131/><T128/><D128/><U109/><E75/><V90/><F19/><W34/><G34/><T76/><D76/><U3/><E109/><V36/><F32/><W125/><G77/><T68/><D68/><U24/><E6/><V31/><F31/><W17/><G17/><T65/><AGARI ba="1,1" hai="9,11,26,28,35,59,60,65,78,80,84,88,95,99" machi="65" ten="20,12000,1" yaku="1,1,0,1,7,1,52,1,54,1,53,0" doraHai="61" doraHaiUra="103" who="0" fromWho="0" sc="298,133,192,-41,250,-41,250,-41" /><INIT seed="0,2,0,2,5,97" ten="431,151,209,209" oya="0" hai0="27,91,54,130,134,87,85,68,10,57,29,124,36" hai1="59,5,41,20,128,135,37,4,73,114,3,92,2" hai2="33,74,115,117,90,96,28,56,133,34,99,26,65" hai3="110,81,125,120,7,18,0,72,60,119,126,22,62"/><T102/><D68/><U71/><E71/><V84/><F115/><W75/><G119/><T77/><D36/><U123/><E73/><V113/><F74/><N who="3" m="28203" /><G81/><T89/><D130/><U109/><E128/><V44/><F113/><W39/><G39/><T30/><D134/><U131/><E114/><V95/><F117/><W16/><G110/><T82/><D124/><N who="3" m="47721" /><G120/><T55/><D10/><U103/><E123/><V45/><F133/><W121/><G121/><T58/><D57/><U32/><E135/><V52/><F65/><W67/><G67/><T105/><D77/><U47/><E32/><V118/><F34/><W46/><G46/><T15/><D15/><U43/><E109/><V61/><F118/><W94/><G94/><T122/><D122/><U50/><E131/><V100/><REACH who="2" step="1"/><F96/><REACH who="2" ten="431,151,199,209" step="2"/><W88/><G0/><T8/><D105/><AGARI ba="2,1" hai="26,28,33,44,45,52,56,61,84,90,95,99,100,105" machi="105" ten="30,8000,1" yaku="1,1,2,1,7,1,52,1,54,1,53,0" doraHai="97" doraHaiUra="17" who="2" fromWho="0" sc="431,-86,151,0,199,96,209,0" /><INIT seed="1,0,0,3,5,8" ten="345,151,295,209" oya="1" hai0="51,47,45,108,95,29,5,42,96,10,94,22,1" hai1="41,81,54,83,46,72,64,55,111,28,26,85,12" hai2="50,88,13,118,63,32,21,120,70,117,9,24,86" hai3="58,40,131,98,105,67,112,3,135,27,76,36,77"/><U101/><E111/><V97/><F120/><W114/><G3/><T132/><D108/><U19/><E64/><V103/><F50/><W122/><G122/><T62/><D132/><U115/><E115/><V14/><F70/><W125/><G135/><T129/><D129/><U74/><E101/><V30/><F63/><W25/><G131/><T121/><D121/><U92/><E92/><V48/><F32/><W107/><G125/><T126/><D126/><U75/><E83/><V69/><F69/><W20/><G98/><T90/><D62/><U39/><E26/><V102/><F9/><W68/><G20/><T0/><D0/><U104/><E28/><V34/><F34/><W93/><G93/><T66/><D66/><U65/><E65/><V119/><F48/><W2/><G67/><T18/><D29/><U134/><E104/><V33/><F33/><W16/><G2/><T17/><D22/><U124/><E124/><V109/><F109/><W11/><G58/><T35/><D35/><U82/><E134/><V128/><F128/><W78/><G78/><T4/><D4/><U84/><E82/><V113/><F113/><W59/><G68/><T6/><D6/><U80/><E81/><V61/><F61/><W43/><G36/><T7/><D7/><U60/><E60/><V52/><F52/><N who="1" m="20009" /><E80/><N who="2" m="49223" /><F103/><W71/><G71/><T123/><D123/><U91/><E91/><V53/><F53/><W110/><G110/><T38/><REACH who="0" step="1"/><D94/><REACH who="0" ten="335,151,295,209" step="2"/><U127/><E127/><V15/><F119/><W37/><G112/><T31/><D31/><U87/><E74/><V44/><F44/><RYUUKYOKU ba="0,1" sc="335,10,151,10,295,10,209,-30" hai0="1,5,10,17,18,38,42,45,47,51,90,95,96" hai1="12,19,39,41,46,72,75,84,85,87" hai2="13,14,15,21,24,30,97,102,117,118" /><INIT seed="1,1,1,3,4,109" ten="345,161,305,179" oya="1" hai0="98,42,26,24,73,67,79,89,65,94,43,82,102" hai1="129,18,103,55,93,27,31,56,15,97,84,5,3" hai2="114,78,1,131,11,59,63,132,88,10,133,48,23" hai3="44,87,28,116,36,20,6,51,91,14,12,41,60"/><U74/><E74/><V128/><F78/><W16/><G116/><T110/><D110/><U7/><E129/><N who="2" m="49739" /><F48/><W37/><G28/><T13/><D43/><U52/><E84/><V96/><F1/><W39/><G60/><T117/><D117/><U124/><E124/><V81/><F23/><W115/><G115/><T2/><D2/><U125/><E125/><V68/><F68/><W75/><G75/><T33/><D42/><U35/><E3/><V66/><F114/><W106/><G106/><T4/><D33/><U135/><E135/><N who="2" m="51787" /><F96/><W99/><G99/><T105/><D26/><U118/><E118/><V9/><F10/><W104/><G104/><T83/><D24/><U127/><E127/><V32/><F32/><W112/><G112/><T90/><D82/><U62/><REACH who="1" step="1"/><E55/><REACH who="1" ten="345,151,305,179" step="2"/><V76/><F76/><W45/><G39/><T122/><D122/><U77/><E77/><V25/><F25/><W101/><G37/><T86/><D90/><U72/><E72/><V134/><F134/><W130/><G130/><T21/><D73/><U49/><E49/><V17/><F17/><W113/><G113/><T120/><D120/><U70/><E70/><V80/><F80/><N who="3" m="49639" /><G101/><T58/><D102/><U46/><E46/><V19/><F19/><W71/><G71/><T61/><D4/><U57/><E57/><V100/><F100/><W95/><G6/><T119/><D58/><U69/><E69/><V85/><AGARI ba="1,2" hai="9,11,59,63,66,81,85,88" m="51787,49739" machi="85" ten="40,5200,0" yaku="19,1,20,1,54,1" doraHai="109" who="2" fromWho="2" sc="345,-14,151,-27,305,75,179,-14" /><INIT seed="2,0,0,3,5,16" ten="331,124,380,165" oya="2" hai0="38,114,62,51,58,35,53,47,23,37,116,113,44" hai1="76,112,8,74,12,10,57,40,106,90,98,24,31" hai2="29,127,118,100,56,19,99,30,54,102,128,109,32" hai3="135,133,75,52,93,60,9,64,80,69,81,20,110"/><V115/><F115/><N who="0" m="44042" /><D23/><U95/><E112/><V46/><F32/><W132/><G110/><T61/><D35/><U73/><E106/><V78/><F109/><W49/><G9/><T36/><D116/><U77/><E40/><V28/><F78/><W39/><G39/><N who="0" m="9987" /><T14/><DORA hai="87" /><D14/><U104/><E104/><V55/><F118/><W50/><G50/><N who="0" m="28871" /><D58/><U124/><E124/><V17/><F127/><W92/><G20/><T119/><D119/><U22/><E8/><V89/><F128/><W15/><G15/><T91/><D91/><U13/><E13/><V34/><F34/><W79/><REACH who="3" step="1"/><G80/><REACH who="3" ten="331,124,380,155" step="2"/><T122/><D122/><U120/><E120/><V3/><F3/><W134/><N who="3" m="33792" /><DORA hai="97" /><W33/><G33/><T18/><D18/><U2/><E2/><V6/><F6/><W27/><G27/><T7/><D7/><N who="1" m="3167" /><E74/><V84/><F19/><W4/><G4/><T131/><D131/><U43/><E73/><V68/><F17/><W1/><G1/><T25/><D25/><U96/><E43/><AGARI ba="0,1" hai="43,47,51,61,62" m="28871,9987,44042" machi="43" ten="40,2600,0" yaku="34,2" doraHai="16,87,97" who="0" fromWho="1" sc="331,36,124,-26,380,0,155,0" /><INIT seed="3,0,0,1,1,13" ten="367,98,380,155" oya="3" hai0="42,29,85,2,61,128,124,102,83,1,91,3,19" hai1="132,72,8,135,69,82,62,119,68,40,115,27,22" hai2="9,121,101,120,28,34,95,43,6,4,78,107,18" hai3="93,56,50,70,125,76,16,0,64,73,52,118,32"/><W100/><G118/><T7/><D128/><U58/><E115/><V108/><F108/><W75/><G0/><T89/><D124/><U35/><E119/><V96/><F43/><W11/><G32/><T44/><D29/><U60/><E40/><V12/><F78/><W53/><G125/><T90/><D102/><U30/><E35/><V24/><F107/><W55/><G73/><T105/><D105/><U81/><E8/><V31/><F31/><W51/><G75/><T97/><D7/><U21/><E72/><V36/><F36/><W20/><G11/><T67/><D19/><U47/><E58/><V45/><F45/><W65/><G76/><T46/><D97/><U71/><E47/><V54/><F54/><N who="3" m="21099" /><G50/><T87/><D42/><U26/><E69/><V37/><F37/><W131/><G70/><T88/><REACH who="0" step="1"/><D85/><REACH who="0" ten="357,98,380,155" step="2"/><U80/><E80/><V113/><REACH who="2" step="1"/><F113/><REACH who="2" ten="357,98,370,155" step="2"/><W39/><G131/><T129/><D129/><U92/><REACH who="1" step="1"/><E30/><REACH who="1" ten="357,88,370,155" step="2"/><V49/><F49/><W123/><G51/><T127/><D127/><U106/><E106/><V111/><F111/><W94/><G39/><T63/><D63/><U84/><E84/><V133/><F133/><W10/><G123/><AGARI ba="0,3" hai="4,6,9,12,18,24,28,34,95,96,101,120,121,123" machi="123" ten="40,5200,0" yaku="1,1,13,1,52,1,53,0" doraHai="13" doraHaiUra="77" who="2" fromWho="3" sc="357,0,88,0,370,82,155,-52" owari="357,15.7,88,-41.2,452,55.2,103,-29.7" /></mjloggm>