<mjloggm ver="2.3"><GO type="225" lobby="0"/><UN n0="%E3%81%B5%E3%81%98%E3%81%8B%E3%81%A4" n1="%E3%81%BF%E3%81%BF%E3%81%9A" n2="%E3%83%8F%E3%83%B3%E3%83%89%E3%83%A9%E3%83%BC%E3%83%BB%E3%83%AF%E3%83%B3" n3="%72%69%6F%75%63%68%61%6E" dan="16,17,16,16" rate="2171.66,2252.84,2164.05,2146.20" sx="M,M,M,M"/><TAIKYOKU oya="0"/><INIT seed="0,0,0,0,4,13" ten="250,250,250,250" oya="0" hai0="99,50,113,126,112,20,27,109,114,103,63,98,127" hai1="7,71,37,104,2,92,52,45,16,133,44,21,70" hai2="77,81,78,67,32,87,118,106,116,43,48,91,19" hai3="83,38,131,42,132,40,64,4,115,135,122,60,125"/><T5/><D109/><U1/><E104/><V35/><F106/><W15/><G115/><T51/><D5/><U31/><E31/><V17/><F67/><W68/><G122/><T80/><D80/><U53/><E92/><N who="2" m="54399" /><F43/><W108/><G108/><T128/><D128/><U25/><E133/><N who="3" m="51274" /><G131/><T84/><D84/><U26/><E21/><V69/><F69/><W57/><G125/><N who="0" m="47627" /><D63/><U9/><E9/><V130/><F48/><N who="0" m="18474" /><D103/><U96/><E7/><V61/><F61/><N who="3" m="39951" /><G38/><T123/><D123/><U74/><E96/><N who="0" m="36905" /><D20/><U110/><E110/><V11/><F130/><W100/><G100/><T124/><N who="0" m="47635" /><T102/><DORA hai="54" /><D102/><U46/><E46/><V28/><F11/><N who="3" m="4583" /><G83/><T18/><D27/><U93/><E93/><V36/><F36/><W30/><G30/><T121/><D121/><U82/><E37/><V62/><F28/><W88/><G88/><T23/><D23/><U90/><E82/><V39/><F39/><W10/><G10/><T29/><D29/><U117/><E90/><V3/><F81/><W55/><AGARI ba="0,0" hai="40,42,55,57,60" m="4583,39951,51274" machi="55" ten="30,2000,0" yaku="20,1,52,1" doraHai="13,54" who="3" fromWho="3" sc="250,-10,250,-5,250,-5,250,20" /><INIT seed="1,0,0,3,2,66" ten="240,245,245,270" oya="1" hai0="80,29,22,8,126,54,36,11,0,104,7,70,50" hai1="58,130,102,88,48,39,105,76,133,65,62,12,124" hai2="44,101,1,10,99,121,53,119,132,75,123,4,110" hai3="25,122,135,86,127,89,83,111,57,87,26,97,32"/><U31/><E130/><V103/><F119/><W21/><G111/><T2/><D126/><U81/><E124/><V49/><F110/><W79/><G135/><T73/><D104/><U92/><E133/><V68/><F132/><W52/><G127/><T55/><D36/><U16/><E39/><V116/><F116/><W30/><G122/><T117/><D117/><U40/><E105/><V59/><F75/><W131/><G131/><T38/><D38/><U61/><E102/><V93/><F68/><W45/><G97/><T128/><D128/><U85/><E31/><V15/><F103/><W78/><G45/><T115/><D70/><U67/><E40/><V42/><REACH who="2" step="1"/><F1/><REACH who="2" ten="240,245,235,270" step="2"/><W5/><G5/><T113/><D73/><U71/><E48/><AGARI ba="0,1" hai="4,10,15,42,44,48,49,53,59,93,99,101,121,123" machi="48" ten="30,3900,0" yaku="1,1,2,1,7,1,53,0" doraHai="66" doraHaiUra="84" who="2" fromWho="1" sc="240,0,245,-39,235,49,270,0" /><INIT seed="2,0,0,4,5,43" ten="240,206,284,270" oya="2" hai0="65,27,17,3,56,35,37,48,107,47,106,126,98" hai1="91,123,69,11,74,22,99,73,131,67,79,28,96" hai2="110,86,75,85,102,121,15,117,38,50,59,9,62" hai3="133,134,64,41,24,42,116,81,29,78,19,82,6"/><V119/><F38/><W125/><G125/><T8/><D126/><U39/><E39/><V113/><F113/><W71/><G116/><T44/><D37/><U92/><E131/><V16/><F75/><W58/><G71/><T57/><D3/><U129/><E129/><V40/><F121/><W4/><G19/><T49/><D35/><U68/><E123/><V93/><F110/><W77/><G58/><T88/><D107/><U20/><E11/><V23/><F119/><W36/><G36/><T32/><D32/><U0/><E0/><V14/><F117/><W95/><G95/><N who="0" m="56679" /><D106/><U53/><E53/><N who="2" m="34159" /><F102/><W7/><G64/><T118/><D118/><U30/><E92/><V13/><F93/><W46/><G24/><T1/><D1/><U60/><E91/><V127/><F127/><W10/><G29/><T103/><D103/><U70/><E60/><V84/><F9/><W114/><G10/><T25/><D65/><U54/><E54/><V115/><F115/><W112/><REACH who="3" step="1"/><G6/><REACH who="3" ten="240,206,284,260" step="2"/><T128/><D128/><U18/><E67/><V31/><F31/><N who="1" m="11817" /><E18/><V120/><F120/><W12/><G12/><N who="0" m="7303" /><D57/><U111/><E111/><V89/><F89/><W76/><G76/><T132/><D56/><U2/><E2/><V55/><F13/><W45/><AGARI ba="0,1" hai="4,7,41,42,45,46,77,78,81,82,112,114,133,134" machi="45" ten="25,12000,2" yaku="1,1,0,1,22,2,52,2,53,0" doraHai="43" doraHaiUra="104" who="3" fromWho="3" sc="240,-30,206,-30,284,-60,260,130" /><INIT seed="3,0,0,1,1,123" ten="210,176,224,390" oya="3" hai0="17,35,49,5,40,135,103,55,33,66,106,34,67" hai1="53,117,125,113,77,64,134,20,124,29,97,99,26" hai2="21,16,115,8,39,118,79,80,22,100,126,101,23" hai3="109,15,57,9,2,76,10,31,83,48,50,122,133"/><W89/><G122/><T85/><D135/><U129/><E113/><V71/><F71/><W43/><G133/><T28/><D40/><U47/><E134/><V19/><F39/><W121/><G121/><T38/><D38/><U14/><E129/><V3/><F118/><W32/><G2/><T65/><D5/><U12/><E117/><V4/><F115/><W86/><G32/><T60/><D85/><U42/><E64/><V69/><F69/><W94/><G31/><T46/><D17/><U87/><E53/><V84/><F126/><W88/><G109/><T98/><REACH who="0" step="1"/><D28/><REACH who="0" ten="200,176,224,390" step="2"/><U30/><E30/><V36/><F36/><W72/><G43/><T52/><D52/><U41/><E125/><V119/><F119/><W130/><G130/><T104/><D104/><U51/><E124/><V54/><F54/><W62/><G89/><T111/><D111/><U108/><E108/><V25/><F21/><W24/><G88/><T132/><D132/><U75/><E75/><V45/><F45/><W11/><G86/><T112/><D112/><U7/><E41/><V105/><F105/><W82/><G76/><T70/><AGARI ba="0,1" hai="33,34,35,46,49,55,60,65,66,67,70,98,103,106" machi="70" ten="30,2000,0" yaku="1,1,0,1,53,0" doraHai="123" doraHaiUra="131" who="0" fromWho="0" sc="200,30,176,-5,224,-5,390,-10" owari="230,3.0,171,-32.9,219,-18.1,380,48.0" /></mjloggm>