<mjloggm ver="2.3"><GO type="225" lobby="0"/><UN n0="%E6%B4%BE%E9%81%A3%E3%81%AE%E3%82%B8%E3%83%A3%E3%83%83%E3%82%AF" n1="%E3%82%BC%E3%83%AB%E3%83%80%E3%81%AE%E4%BC%9D%E8%AA%AC" n2="%E6%A1%9C%E8%8A%B1%E9%96%83%E3%80%85" n3="%E3%81%99%E3%81%84%E3%81%BE%E3%81%9B%E3%83%BC%E3%82%93" dan="17,17,16,18" rate="2242.22,2237.26,2223.00,2215.42" sx="M,M,M,M"/><TAIKYOKU oya="0"/><INIT seed="0,0,0,4,4,79" ten="250,250,250,250" oya="0" hai0="135,106,116,57,83,10,119,12,35,74,90,53,114" hai1="3,20,44,115,66,15,117,47,87,97,61,110,9" hai2="49,85,122,68,17,13,31,4,28,11,131,63,104" hai3="125,64,98,37,24,65,21,99,6,112,77,60,120"/><T88/><D114/><U56/><E117/><V55/><F122/><W95/><G112/><T42/><D106/><U2/><E115/><V5/><F104/><W107/><G37/><T124/><D35/><U50/><E110/><V109/><F109/><W82/><G125/><T91/><D124/><U30/><E2/><V51/><F131/><W36/><G36/><T54/><D42/><U62/><E3/><V72/><F72/><W48/><G6/><N who="2" m="2665" /><F68/><W38/><G38/><T14/><D135/><U80/><E97/><V16/><F17/><W33/><G33/><T27/><D27/><N who="1" m="16743" /><E61/><V118/><F118/><W121/><G107/><T84/><D74/><U101/><E101/><V123/><F123/><N who="3" m="47179" /><G48/><N who="2" m="18505" /><F85/><N who="3" m="48335" /><G60/><T32/><D32/><U52/><E15/><N who="0" m="5673" /><D116/><U130/><E130/><V127/><F127/><W29/><G99/><T70/><D70/><U134/><E134/><V76/><F76/><W133/><G133/><T22/><D119/><U92/><E9/><V1/><F1/><W58/><G58/><AGARI ba="0,0" hai="11,13,16,28,31,55,58,63" m="18505,2665" machi="58" ten="30,2000,0" yaku="8,1,54,1" doraHai="79" who="2" fromWho="3" sc="250,0,250,0,250,20,250,-20" /><INIT seed="1,0,0,2,5,10" ten="250,250,270,230" oya="1" hai0="22,15,126,54,76,127,29,11,96,78,82,132,118" hai1="28,20,79,80,21,115,4,98,63,68,65,97,38" hai2="47,35,87,73,93,18,43,1,122,62,5,51,104" hai3="135,123,58,40,94,112,53,0,34,64,9,119,39"/><U114/><E38/><V3/><F122/><W95/><G123/><T12/><D118/><U17/><E4/><V37/><F104/><W55/><G34/><T124/><D132/><U56/><E68/><V107/><F107/><W19/><G112/><T111/><D111/><U70/><E70/><V109/><F73/><W66/><G135/><T30/><D96/><U25/><E115/><V117/><F35/><W46/><G119/><T67/><D67/><U45/><E45/><V110/><F117/><W77/><G77/><N who="0" m="29803" /><D82/><U101/><E101/><V72/><F72/><W13/><G0/><T108/><D108/><U100/><E100/><V83/><F83/><W26/><G26/><T74/><D74/><U60/><E60/><V32/><F32/><W134/><G134/><T49/><D22/><U128/><E128/><V59/><F1/><W129/><G129/><T99/><D99/><U102/><E102/><V6/><F3/><W41/><G41/><T36/><D36/><U27/><REACH who="1" step="1"/><E114/><REACH who="1" ten="250,240,270,230" step="2"/><V23/><F37/><W48/><REACH who="3" step="1"/><G55/><REACH who="3" ten="250,240,270,220" step="2"/><T116/><D116/><U133/><E133/><V88/><F110/><W69/><G69/><T24/><D54/><U50/><E50/><V130/><F109/><W103/><G103/><T125/><D49/><U14/><E14/><N who="0" m="5161" /><D125/><U120/><E120/><V105/><F130/><W2/><G2/><T85/><D24/><U71/><E71/><V57/><F105/><W31/><G31/><T52/><D52/><U121/><E121/><V131/><F131/><W81/><G81/><T75/><D30/><U89/><E89/><V92/><F88/><RYUUKYOKU ba="0,2" sc="250,-15,240,15,270,-15,220,15" hai1="17,20,21,25,27,28,56,63,65,79,80,97,98" hai3="9,13,19,39,40,46,48,53,58,64,66,94,95" /><INIT seed="1,1,2,3,0,31" ten="235,255,255,235" oya="1" hai0="127,8,3,133,131,76,52,88,6,79,51,84,102" hai1="109,134,95,13,67,99,82,38,64,34,50,98,71" hai2="14,22,130,4,21,83,115,96,106,1,85,132,108" hai3="12,114,59,46,119,135,68,26,16,65,120,49,40"/><U30/><E38/><V105/><F108/><W32/><G120/><T20/><D127/><U116/><E116/><V17/><F130/><W94/><G114/><T57/><D133/><U90/><E134/><V28/><F132/><W126/><G135/><T124/><D124/><U93/><E109/><V74/><F74/><W92/><G68/><T45/><D131/><U72/><E71/><V97/><F115/><W36/><G126/><T44/><D102/><U0/><E0/><V122/><F122/><W100/><G119/><T73/><D73/><U61/><E50/><V25/><F105/><W27/><G36/><T24/><D76/><U101/><E13/><V113/><F106/><W111/><G111/><T87/><D79/><U18/><E18/><V43/><F43/><W10/><G32/><T55/><D55/><U35/><E30/><V39/><F39/><W29/><G29/><T60/><D84/><U2/><E2/><V63/><F63/><N who="3" m="38143" /><G94/><T47/><D60/><U89/><E61/><V86/><F86/><W118/><G118/><T110/><D110/><U56/><E56/><V129/><F129/><W41/><G41/><T69/><D69/><U123/><E123/><V128/><F128/><W78/><G78/><T5/><D8/><U33/><E72/><V91/><REACH who="2" step="1"/><F113/><REACH who="2" ten="235,255,245,235" step="2"/><W54/><G40/><T70/><D70/><U48/><E48/><V107/><F107/><W66/><G66/><T75/><D75/><U80/><E80/><V103/><F103/><W81/><G81/><N who="0" m="49263" /><D3/><U53/><E53/><V125/><F125/><W121/><G121/><T23/><D52/><RYUUKYOKU ba="1,3" sc="235,-30,255,10,245,10,235,10" hai1="33,34,35,64,67,82,89,90,93,95,98,99,101" hai2="1,4,14,17,21,22,25,28,83,85,91,96,97" hai3="10,12,16,26,27,46,49,54,92,100" /><INIT seed="1,2,3,1,1,9" ten="205,265,255,245" oya="1" hai0="50,63,117,37,108,72,126,132,98,16,44,116,95" hai1="52,113,46,29,123,38,99,57,86,96,73,93,3" hai2="88,89,94,7,59,22,79,54,87,120,25,45,91" hai3="6,97,105,43,19,17,14,2,125,55,83,80,100"/><U18/><E113/><V74/><F120/><W102/><G125/><T109/><D72/><U121/><E73/><V28/><F7/><W42/><G2/><T39/><D63/><U12/><E3/><V133/><F133/><W58/><G6/><T27/><D132/><U8/><E29/><V75/><F45/><W61/><G19/><T104/><D104/><U60/><E86/><V48/><REACH who="2" step="1"/><F74/><REACH who="2" ten="205,265,245,245" step="2"/><W23/><REACH who="3" step="1"/><G100/><REACH who="3" ten="205,265,245,235" step="2"/><N who="0" m="60511" /><D126/><U78/><E123/><V41/><F41/><AGARI ba="2,5" hai="14,17,23,41,42,43,55,58,61,80,83,97,102,105" machi="41" ten="40,2600,0" yaku="1,1,52,1,53,0" doraHai="9" doraHaiUra="24" who="3" fromWho="2" sc="205,0,265,0,245,-32,235,82" /><INIT seed="2,0,0,2,1,40" ten="205,265,213,317" oya="2" hai0="1,102,66,88,55,58,122,92,123,114,97,81,105" hai1="14,43,112,7,104,2,52,5,132,3,37,8,50" hai2="82,111,118,25,117,71,80,31,24,48,91,15,64" hai3="27,47,127,54,63,36,84,75,59,124,35,60,96"/><V57/><F71/><W120/><G75/><T73/><D1/><U101/><E112/><V113/><F113/><W99/><G120/><T41/><D114/><U93/><E104/><V86/><F111/><W65/><G84/><N who="0" m="52231" /><D66/><U98/><E132/><V56/><F117/><W28/><G36/><T23/><D23/><U76/><E76/><V126/><F126/><N who="3" m="48171" /><G47/><T130/><D130/><U10/><E37/><V68/><F15/><W16/><G16/><T17/><D17/><U125/><E125/><V53/><F118/><W116/><G116/><T33/><D33/><U22/><E43/><V42/><F42/><W69/><AGARI ba="0,0" hai="27,28,35,54,59,60,63,65,69,96,99" m="48171" machi="69" ten="30,1100,0" yaku="18,1" doraHai="40" who="3" fromWho="3" sc="205,-3,265,-3,213,-5,317,11" /><INIT seed="3,0,0,5,2,85" ten="202,262,208,328" oya="3" hai0="62,86,122,112,75,74,114,63,93,91,123,31,50" hai1="54,84,128,11,36,46,41,130,88,29,21,70,48" hai2="0,58,5,99,15,20,121,59,47,76,72,87,110" hai3="118,127,89,90,33,45,55,3,124,43,134,42,30"/><W2/><G118/><T35/><D50/><U4/><E70/><V79/><F72/><N who="0" m="27690" /><D31/><U111/><E111/><V12/><F110/><W28/><G134/><T102/><D35/><U98/><E98/><V7/><F0/><W81/><G81/><T6/><D6/><N who="2" m="2058" /><F121/><N who="0" m="46090" /><D102/><U25/><E36/><V129/><F99/><W24/><G55/><T9/><D9/><U38/><E38/><V115/><F47/><W27/><G45/><T23/><D23/><U80/><E41/><V53/><F58/><W131/><G33/><T64/><D64/><U103/><E103/><V92/><F20/><W78/><G2/><T108/><D108/><U107/><REACH who="1" step="1"/><E107/><REACH who="1" ten="202,252,208,328" step="2"/><V135/><F135/><W1/><G43/><T14/><D14/><AGARI ba="0,1" hai="4,11,14,21,25,29,46,48,54,80,84,88,128,130" machi="14" ten="40,8000,1" yaku="1,1,2,1,52,1,54,1,53,0" doraHai="85" doraHaiUra="60" who="1" fromWho="0" sc="202,-80,252,90,208,0,328,0" owari="122,-37.8,342,44.2,208,-19.2,328,12.8" /></mjloggm>