<mjloggm ver="2.3"><GO type="225" lobby="0"/><UN n0="%E3%81%A1%E3%82%85%E3%81%86%E3%81%A9%E3%81%8F%E8%B1%A1%E3%81%95%E3%82%93" n1="%74%61%6B%75%61%6B%61" n2="%E6%9C%AA%E6%9D%A5%E5%B0%91%E5%B9%B4" n3="%E4%BF%BA%E3%81%A8%E5%A6%96%E5%A4%A2" dan="16,17,16,17" rate="2169.10,2271.70,2163.97,2189.70" sx="M,M,M,F"/><TAIKYOKU oya="0"/><INIT seed="0,0,0,2,0,62" ten="250,250,250,250" oya="0" hai0="89,92,18,113,104,63,123,64,81,97,84,41,29" hai1="47,58,54,52,17,31,22,95,8,73,25,85,115" hai2="60,120,116,133,65,4,101,77,71,44,110,9,72" hai3="119,117,40,105,80,129,5,76,37,23,82,70,114"/><T21/><D113/><U30/><E73/><V59/><F120/><W124/><G114/><T0/><D123/><U49/><E115/><V57/><F110/><W79/><G105/><T61/><D0/><U48/><REACH who="1" step="1"/><E8/><REACH who="1" ten="250,240,250,250" step="2"/><V55/><F9/><W75/><G75/><T121/><D121/><U126/><E126/><V93/><F72/><W128/><G124/><T14/><D104/><U86/><E86/><V27/><F116/><W127/><G127/><T7/><D7/><U51/><E51/><V132/><F4/><W91/><G5/><T20/><D61/><U109/><E109/><V98/><F60/><W111/><G111/><T135/><D135/><U107/><E107/><V122/><F122/><W112/><G112/><T34/><D34/><U88/><AGARI ba="0,1" hai="17,22,25,30,31,47,48,49,52,54,58,85,88,95" machi="88" ten="30,8000,1" yaku="1,1,0,1,8,1,54,2,53,0" doraHai="62" doraHaiUra="39" who="1" fromWho="1" sc="250,-40,240,90,250,-20,250,-20" /><INIT seed="1,0,0,2,2,26" ten="210,330,230,230" oya="1" hai0="122,112,60,70,20,98,24,63,106,81,35,129,109" hai1="36,45,30,101,53,56,32,40,80,50,31,16,8" hai2="28,3,73,1,58,54,85,55,46,132,17,72,59" hai3="119,34,131,11,49,116,96,88,21,108,69,87,95"/><U68/><E32/><V102/><F132/><W38/><G34/><T77/><D112/><U82/><E101/><V22/><F102/><W107/><G38/><T127/><D109/><U113/><E113/><V44/><F85/><W100/><G108/><T114/><D114/><U104/><E104/><V123/><F17/><W105/><G69/><T115/><D115/><U62/><E36/><V74/><F123/><W6/><G21/><T120/><D129/><U117/><E68/><V27/><F3/><W23/><G23/><T9/><D127/><U90/><E117/><N who="3" m="45130" /><G49/><T86/><D35/><U111/><E111/><V37/><F1/><N who="3" m="463" /><G131/><T15/><D70/><U124/><E124/><V47/><REACH who="2" step="1"/><F37/><REACH who="2" ten="210,330,220,230" step="2"/><W118/><N who="3" m="45138" /><W83/><AGARI ba="0,1" hai="83,87,88,95,96,100,105,107" m="463,45138" machi="83" ten="40,5200,0" yaku="4,1,12,1,54,1" doraHai="26" who="3" fromWho="3" sc="210,-13,330,-26,220,-13,230,62" /><INIT seed="2,0,0,0,2,106" ten="197,304,207,292" oya="2" hai0="19,55,1,8,61,80,42,54,124,20,63,125,113" hai1="44,133,58,32,68,23,17,50,79,85,21,96,30" hai2="94,121,117,25,109,126,130,37,131,29,28,67,59" hai3="101,122,92,7,18,90,26,76,115,108,91,33,36"/><V84/><F117/><W87/><G122/><T72/><D113/><U70/><E133/><V100/><F121/><W56/><G36/><T16/><D42/><U53/><E32/><V49/><F37/><W110/><G115/><T31/><D31/><U105/><E105/><V45/><F109/><N who="3" m="42091" /><G7/><N who="0" m="1135" /><D61/><U95/><E68/><V6/><F126/><N who="0" m="48746" /><D63/><U48/><E70/><V81/><F6/><W0/><G0/><T15/><D19/><U71/><E71/><V89/><F59/><W40/><G40/><T35/><D35/><U69/><E69/><V65/><F100/><W135/><G135/><T111/><D111/><U13/><E30/><N who="2" m="11883" /><F25/><W98/><G33/><T99/><D99/><U52/><E23/><V86/><F130/><W41/><G41/><T82/><D82/><N who="1" m="47327" /><E96/><V38/><F38/><W62/><G18/><T5/><D5/><U116/><E116/><V102/><F131/><W60/><G26/><T118/><D118/><U11/><E21/><V12/><F102/><W43/><G43/><T39/><D39/><U123/><E123/><V107/><F107/><W132/><G62/><T3/><D3/><U112/><E112/><V10/><F49/><W34/><G34/><T74/><D80/><U73/><E50/><V78/><F45/><W104/><G132/><T2/><D2/><U51/><E51/><V128/><F128/><W88/><G76/><T77/><D77/><U46/><E46/><V9/><F9/><W127/><G127/><T97/><D97/><U4/><E4/><V120/><F120/><W75/><G98/><T57/><D57/><U24/><E58/><RYUUKYOKU ba="0,0" sc="197,15,304,-15,207,15,292,-15" hai0="15,16,20,54,55,72,74" hai2="10,12,65,67,78,81,84,86,89,94" /><INIT seed="2,1,0,5,0,68" ten="212,289,222,277" oya="2" hai0="59,62,73,21,55,123,96,19,102,40,3,51,57" hai1="125,47,111,99,6,103,121,41,98,43,122,69,87" hai2="34,46,78,114,4,134,117,50,54,32,22,67,105" hai3="91,132,135,29,129,116,95,7,26,0,65,31,100"/><V81/><F114/><W63/><G116/><T75/><D123/><N who="1" m="47115" /><E111/><V72/><F117/><W61/><G100/><T13/><D3/><U130/><E130/><V12/><F105/><W38/><G129/><T77/><D77/><U86/><E69/><V33/><F134/><N who="3" m="51243" /><G7/><T92/><REACH who="0" step="1"/><D40/><REACH who="0" ten="202,289,222,277" step="2"/><U60/><E41/><V16/><REACH who="2" step="1"/><F4/><REACH who="2" ten="202,289,212,277" step="2"/><W80/><G0/><T36/><D36/><U71/><E6/><V82/><F82/><W83/><G38/><T88/><D88/><U56/><E125/><V37/><F37/><W20/><G83/><T74/><D74/><U120/><E120/><V9/><F9/><W90/><G80/><T45/><D45/><U64/><E47/><V42/><F42/><W23/><G90/><T48/><D48/><U119/><E43/><V49/><F49/><W52/><G91/><T94/><D94/><U15/><E119/><V5/><F5/><W85/><G95/><T53/><AGARI ba="1,2" hai="13,19,21,51,53,55,57,59,62,73,75,92,96,102" machi="53" ten="20,5200,0" yaku="1,1,0,1,7,1,53,1" doraHai="68" doraHaiUra="10" who="0" fromWho="0" sc="202,75,289,-14,212,-27,277,-14" /><INIT seed="3,0,0,5,3,118" ten="277,275,185,263" oya="3" hai0="71,76,64,99,8,43,22,112,120,41,107,126,78" hai1="18,46,109,33,31,133,36,119,17,73,75,110,67" hai2="82,84,98,3,93,114,14,27,53,122,100,48,85" hai3="66,134,121,44,9,104,50,57,128,130,61,28,123"/><W70/><G104/><T60/><D126/><U0/><E0/><V49/><F114/><W116/><G116/><T103/><D112/><U88/><E119/><V42/><F3/><W131/><G134/><T1/><D120/><N who="3" m="46153" /><G9/><T56/><D22/><U129/><E133/><V115/><F122/><W55/><G28/><T102/><D102/><U96/><E129/><V127/><F115/><W83/><G83/><T13/><D1/><U34/><E67/><V29/><F127/><W108/><G108/><N who="1" m="41578" /><E46/><AGARI ba="0,0" hai="44,46,50,55,57,61,66,70,128,130,131" m="46153" machi="46" ten="40,18000,2" yaku="19,1,34,2,52,3" doraHai="118" who="3" fromWho="1" sc="277,0,275,-180,185,0,263,180" owari="277,7.7,95,-40.5,185,-21.5,443,54.3" /></mjloggm>