<mjloggm ver="2.3"><GO type="225" lobby="0"/><UN n0="%E3%82%A2%E3%83%A1%E3%82%A2%E3%83%A9%E3%83%AC" n1="%E6%A1%9C%E8%8A%B1%E9%96%83%E3%80%85" n2="%E3%81%8B%E3%82%8F%E3%81%A1%E3%82%83%E3%82%93%35%38" n3="%72%65%6E%6B%75%6E" dan="16,16,17,17" rate="2105.79,2156.12,2161.99,2266.03" sx="M,M,M,M"/><TAIKYOKU oya="0"/><INIT seed="0,0,0,1,1,96" ten="250,250,250,250" oya="0" hai0="61,107,116,109,0,22,54,52,121,17,16,87,57" hai1="32,103,97,104,95,130,94,67,122,33,78,19,59" hai2="86,3,2,56,88,124,80,79,63,45,90,133,115" hai3="1,129,99,18,82,51,131,39,77,108,38,84,98"/><T68/><D116/><U65/><E122/><V41/><F124/><W42/><G108/><T10/><D121/><U40/><E130/><N who="3" m="49674" /><G1/><T43/><D109/><U55/><E40/><V112/><F133/><W35/><G35/><T89/><D107/><U20/><E33/><V93/><F2/><W75/><G75/><T125/><D125/><U117/><E32/><V64/><F3/><W4/><G4/><T73/><D68/><U60/><E117/><V102/><F102/><W105/><G18/><T92/><D73/><U9/><E78/><V26/><F26/><W27/><G27/><N who="0" m="14791" /><D0/><U106/><E9/><V23/><F23/><W14/><G14/><N who="0" m="7383" /><D43/><U119/><E119/><V7/><F7/><W5/><G5/><T76/><D76/><U29/><E29/><V21/><F90/><W128/><N who="3" m="49682" /><W135/><DORA hai="13" /><G135/><T134/><D134/><U101/><E106/><V126/><F126/><W69/><G69/><T120/><D120/><U71/><E103/><V91/><F91/><W46/><G105/><T114/><D114/><U66/><REACH who="1" step="1"/><E71/><REACH who="1" ten="250,240,250,250" step="2"/><V74/><REACH who="2" step="1"/><F21/><REACH who="2" ten="250,240,240,250" step="2"/><W36/><AGARI ba="0,2" hai="36,38,39,42,46,51,77,82,84,98,99" m="49682" machi="36" ten="50,1600,0" yaku="19,1" doraHai="96,13" who="3" fromWho="3" sc="250,-8,240,-4,240,-4,250,36" /><INIT seed="1,0,0,2,1,12" ten="242,236,236,286" oya="1" hai0="62,58,10,41,82,35,83,75,80,37,100,101,120" hai1="91,27,72,11,19,129,9,15,36,20,44,121,108" hai2="128,21,115,114,111,95,104,96,59,33,134,124,32" hai3="34,14,76,87,54,43,8,107,29,117,7,31,40"/><U68/><E121/><V130/><F104/><W17/><G107/><T103/><D120/><U57/><E68/><V123/><F123/><W63/><G117/><T71/><D35/><N who="2" m="13386" /><F111/><W90/><G76/><T23/><D71/><U6/><E129/><N who="2" m="49771" /><F134/><W25/><G31/><T45/><D10/><U51/><E72/><V49/><F124/><W86/><G86/><T105/><D23/><U79/><E79/><V122/><F122/><W0/><G54/><T3/><D3/><U92/><E36/><V39/><F39/><W69/><G63/><T13/><D13/><U126/><E126/><V22/><F49/><W24/><G69/><T106/><REACH who="0" step="1"/><D75/><REACH who="0" ten="232,236,236,286" step="2"/><U53/><E108/><V67/><F21/><W77/><G25/><T42/><D42/><U89/><E11/><V74/><F22/><N who="3" m="11575" /><G77/><T113/><D113/><U46/><REACH who="1" step="1"/><E89/><REACH who="1" ten="232,226,236,286" step="2"/><N who="2" m="55407" /><F74/><W5/><G5/><T119/><D119/><U81/><E81/><AGARI ba="0,2" hai="0,7,8,24,29,34,40,43,81,87,90" m="11575" machi="81" ten="30,2000,0" yaku="24,1,52,1" doraHai="12" who="3" fromWho="1" sc="232,0,226,-20,236,0,286,40" /><INIT seed="2,0,0,1,2,6" ten="232,206,236,326" oya="2" hai0="69,86,90,4,66,125,21,41,68,87,67,88,32" hai1="132,91,130,42,51,35,118,113,18,72,65,119,105" hai2="5,33,85,77,117,0,26,8,111,57,3,9,22" hai3="112,15,63,39,64,96,82,70,97,95,133,99,134"/><V107/><F107/><W50/><G39/><T10/><D32/><U61/><E113/><V53/><F117/><W37/><G37/><T127/><D41/><U2/><E72/><V83/><F33/><W25/><G112/><T100/><D100/><U93/><E105/><V62/><F111/><W108/><G108/><T109/><D109/><U46/><E130/><V34/><F34/><W122/><G122/><T31/><D31/><U1/><E35/><V7/><F22/><W14/><G95/><N who="0" m="54679" /><D21/><U38/><E132/><N who="3" m="50794" /><G25/><AGARI ba="0,0" hai="0,3,5,7,8,9,25,26,53,57,62,77,83,85" machi="25" ten="40,7700,0" yaku="9,1,52,2" doraHai="6" who="2" fromWho="3" sc="232,0,206,0,236,77,326,-77" /><INIT seed="2,1,0,3,1,6" ten="232,206,313,249" oya="2" hai0="104,76,59,73,117,9,103,49,130,13,18,97,93" hai1="43,40,61,1,88,37,50,129,19,45,57,41,114" hai2="120,56,2,67,17,64,71,111,32,24,15,133,77" hai3="51,16,128,95,126,99,55,91,42,107,12,92,87"/><V5/><F120/><W52/><G128/><T131/><D117/><U89/><E114/><V48/><F71/><W82/><G126/><T62/><D49/><U90/><E129/><N who="0" m="49161" /><D76/><U26/><E1/><V38/><F38/><W101/><G107/><T83/><D83/><U14/><E26/><V113/><F77/><W78/><G42/><T98/><D73/><U31/><E31/><V127/><F56/><W58/><G55/><N who="0" m="34175" /><D98/><U65/><REACH who="1" step="1"/><E37/><REACH who="1" ten="232,196,313,249" step="2"/><V22/><F2/><W134/><G134/><T34/><D34/><U21/><AGARI ba="1,1" hai="14,19,21,40,41,43,45,50,57,61,65,88,89,90" machi="21" ten="30,16000,3" yaku="1,1,2,1,0,1,8,1,54,1,53,3" doraHai="6" doraHaiUra="84" who="1" fromWho="1" sc="232,-41,196,173,313,-81,249,-41" /><INIT seed="3,0,0,4,3,37" ten="191,369,232,208" oya="3" hai0="13,113,66,11,68,43,21,104,89,45,100,83,14" hai1="79,9,71,35,109,82,58,8,32,17,134,55,54" hai2="111,18,97,133,107,98,59,127,2,74,94,101,16" hai3="24,130,50,75,118,122,112,48,26,3,72,5,116"/><W51/><G112/><T120/><D120/><U41/><E71/><V20/><F2/><W86/><G122/><T49/><D113/><U56/><E109/><V128/><F74/><W135/><G86/><T28/><D104/><U103/><E41/><V23/><F111/><W53/><G53/><T36/><D100/><U42/><E42/><V40/><F40/><W105/><G105/><T80/><D36/><U67/><E67/><V4/><F4/><W7/><G135/><T70/><D66/><U91/><E103/><V63/><F133/><W78/><G78/><T1/><D1/><U31/><E91/><V119/><F119/><N who="3" m="45611" /><G3/><T106/><D106/><U30/><E79/><V121/><F121/><W81/><G81/><N who="0" m="31307" /><D68/><U126/><E82/><V114/><F114/><W46/><G46/><T27/><D70/><U93/><E93/><V10/><F107/><W125/><G125/><T84/><D11/><U87/><E87/><V90/><F127/><W57/><G57/><T25/><D27/><N who="3" m="10281" /><G130/><T110/><D110/><U39/><E39/><V69/><F69/><W34/><G34/><T0/><D0/><U77/><E77/><V131/><F131/><W73/><AGARI ba="0,0" hai="5,7,48,50,51,72,73,75" m="10281,45611" machi="73" ten="40,3900,0" yaku="28,2" doraHai="37" who="3" fromWho="3" sc="191,-13,369,-13,232,-13,208,39" /><INIT seed="3,1,0,5,1,104" ten="178,356,219,247" oya="3" hai0="133,45,16,94,35,7,124,126,65,89,3,33,128" hai1="121,68,47,76,109,39,123,129,91,115,74,34,114" hai2="31,85,111,116,14,70,113,83,132,19,48,58,120" hai3="23,15,96,57,98,93,69,99,54,108,79,37,25"/><W32/><G69/><T87/><D65/><U122/><E91/><V60/><F113/><N who="1" m="43017" /><E109/><V81/><F116/><W106/><G37/><T30/><D133/><U22/><E22/><V40/><F132/><W112/><G112/><T36/><D128/><U77/><E77/><V119/><F119/><W92/><G106/><T103/><D103/><U12/><E12/><V82/><F70/><W135/><G135/><T78/><D78/><U43/><E129/><V21/><F111/><W46/><G46/><T80/><D80/><N who="1" m="45079" /><E68/><V42/><F120/><W11/><G32/><AGARI ba="1,0" hai="32,34,39,43,47,121,122,123" m="45079,43017" machi="32" ten="40,2600,0" yaku="23,1,52,1" doraHai="104" who="1" fromWho="3" sc="178,0,356,29,219,0,247,-29" owari="178,-32.2,385,48.5,219,1.9,218,-18.2" /></mjloggm>