<mjloggm ver="2.3"><GO type="225" lobby="0"/><UN n0="%E3%81%82%E3%81%99%E3%81%AB%E3%82%83%E3%82%80" n1="%E3%81%99%E3%81%84%E3%81%BE%E3%81%9B%E3%83%BC%E3%82%93" n2="%6E%69%63%6B%6C%6F%77" n3="%E6%B4%BE%E9%81%A3%E3%81%AE%E3%82%B8%E3%83%A3%E3%83%83%E3%82%AF" dan="16,16,16,16" rate="2159.32,2114.93,2119.63,2156.04" sx="F,M,F,M"/><TAIKYOKU oya="0"/><INIT seed="0,0,0,4,4,122" ten="250,250,250,250" oya="0" hai0="54,32,49,62,104,108,51,119,72,76,59,134,34" hai1="64,112,12,58,55,92,5,1,60,21,57,30,52" hai2="43,99,86,15,102,22,53,63,7,70,29,129,9" hai3="61,82,77,113,46,35,66,107,111,47,123,8,106"/><T25/><D119/><U131/><E131/><V93/><F129/><W18/><G113/><T88/><D104/><U80/><E112/><V20/><F43/><W27/><G123/><T6/><D6/><U85/><E1/><V40/><F40/><W68/><G111/><T33/><D134/><U50/><E92/><V135/><F135/><W74/><G46/><T130/><D130/><U89/><E5/><V103/><F103/><W28/><G47/><T75/><D108/><U133/><E133/><V100/><F100/><W96/><G96/><T36/><D36/><U121/><E121/><V128/><F128/><W69/><G69/><T101/><D101/><U105/><E105/><V78/><F29/><W124/><G124/><T126/><D126/><U38/><E38/><V132/><F132/><W48/><G48/><T90/><D25/><N who="1" m="16687" /><E12/><V67/><F53/><AGARI ba="0,0" hai="50,52,53,55,57,58,60,64,80,85,89" m="16687" machi="53" ten="30,2000,0" yaku="8,1,54,1" doraHai="122" who="1" fromWho="2" sc="250,0,250,20,250,-20,250,0" /><INIT seed="1,0,0,5,3,31" ten="250,270,230,250" oya="1" hai0="47,79,124,117,50,18,74,1,70,26,58,40,100" hai1="78,87,12,34,122,57,22,75,125,8,93,21,123" hai2="110,54,77,73,25,106,95,116,17,39,56,37,65" hai3="89,45,90,36,4,107,109,3,23,118,6,59,72"/><U11/><E125/><V33/><F116/><W44/><G107/><T88/><D70/><U63/><E75/><V132/><F106/><W80/><G109/><T20/><D117/><U5/><E34/><V98/><F110/><W129/><G129/><T60/><D1/><U24/><E11/><V81/><F132/><W67/><G118/><T43/><D100/><U30/><E22/><V68/><F65/><W101/><G101/><T115/><D115/><U92/><E123/><V114/><F68/><W64/><G23/><T53/><D124/><U84/><E122/><V48/><F114/><W108/><G108/><T134/><D134/><U0/><E0/><V135/><F135/><W86/><G72/><T121/><D121/><U104/><E104/><V96/><F17/><W16/><G16/><T62/><D79/><U97/><E78/><V112/><F112/><W28/><G28/><T69/><D74/><U55/><REACH who="1" step="1"/><E92/><REACH who="1" ten="250,260,230,250" step="2"/><V119/><F119/><W133/><G3/><T9/><D9/><U32/><E32/><V15/><F95/><W103/><G133/><T29/><D29/><U99/><E99/><V126/><F126/><W131/><G131/><T38/><D20/><U128/><E128/><V82/><F98/><W111/><G111/><T66/><D26/><U127/><E127/><V71/><F96/><W46/><G4/><T14/><D14/><U85/><E85/><N who="2" m="48303" /><F15/><W76/><G76/><T19/><D18/><U102/><AGARI ba="0,1" hai="5,8,12,21,24,30,55,57,63,84,87,93,97,102" machi="102" ten="20,12000,1" yaku="1,1,0,1,7,1,8,1,53,1" doraHai="31" doraHaiUra="52" who="1" fromWho="1" sc="250,-40,260,130,230,-40,250,-40" /><INIT seed="1,1,0,0,4,14" ten="210,390,190,210" oya="1" hai0="72,11,24,23,132,102,127,13,76,105,59,85,96" hai1="36,69,103,6,107,34,119,22,91,0,47,51,131" hai2="112,73,18,98,64,100,95,89,65,7,115,56,58" hai3="26,99,48,37,40,109,57,30,125,126,93,106,101"/><U46/><E119/><V81/><F7/><W8/><G109/><T118/><D118/><U117/><E34/><V74/><F74/><W97/><G37/><T3/><D3/><U129/><E69/><V63/><F18/><W92/><G8/><T44/><D132/><U66/><E66/><V1/><F1/><W88/><G106/><T62/><D127/><N who="3" m="48649" /><G40/><T17/><D44/><U19/><E117/><V25/><F25/><W33/><G48/><T35/><D35/><U134/><E134/><V39/><F39/><W38/><G38/><T116/><D116/><U128/><E36/><V82/><F89/><W94/><G57/><T61/><D72/><U55/><E91/><V104/><F104/><W68/><G94/><T84/><D76/><U71/><E71/><AGARI ba="1,0" hai="26,30,33,68,71,88,92,93,97,99,101" m="48649" machi="71" ten="30,2000,0" yaku="18,1,54,1" doraHai="14" who="3" fromWho="1" sc="210,0,390,-23,190,0,210,23" /><INIT seed="2,0,0,1,3,35" ten="210,367,190,233" oya="2" hai0="53,127,87,25,108,111,119,0,55,69,121,39,18" hai1="109,27,10,67,101,46,41,34,78,118,12,85,57" hai2="29,110,59,125,44,97,62,45,37,74,42,89,1" hai3="100,47,26,99,38,68,31,103,50,30,120,48,60"/><V95/><F125/><W5/><G120/><T128/><D121/><U61/><E118/><V106/><F110/><N who="0" m="42026" /><D39/><U130/><E109/><V7/><F45/><W94/><G100/><T123/><D123/><U84/><E130/><V3/><F7/><W82/><G82/><T86/><D69/><U17/><E101/><V65/><F74/><W32/><G31/><T93/><D128/><U91/><E78/><V15/><F106/><W80/><G80/><T56/><D119/><U16/><E91/><V135/><F135/><W20/><G32/><T49/><D93/><U66/><E66/><V79/><F79/><W72/><G72/><T126/><D53/><U76/><E76/><V113/><F113/><W8/><G68/><T28/><D18/><U51/><E34/><V40/><F40/><W98/><G98/><T124/><D0/><U23/><AGARI ba="0,0" hai="10,12,16,17,23,27,41,46,51,57,61,67,84,85" machi="23" ten="30,4000,0" yaku="0,1,8,1,54,1" doraHai="35" who="1" fromWho="1" sc="210,-10,367,40,190,-20,233,-10" /><INIT seed="3,0,0,0,5,87" ten="200,407,170,223" oya="3" hai0="82,97,108,1,131,8,78,19,67,14,115,12,130" hai1="17,52,66,70,34,60,85,57,75,123,119,4,121" hai2="122,42,63,102,132,59,84,134,92,25,124,71,120" hai3="48,105,28,15,46,31,11,79,109,45,9,129,7"/><W43/><G105/><T91/><D108/><U127/><E75/><V125/><F25/><W65/><G129/><N who="0" m="49163" /><D67/><U2/><E127/><N who="2" m="48715" /><F42/><W98/><G109/><T95/><D115/><U69/><E34/><V118/><F118/><W35/><G65/><T55/><D55/><U36/><E36/><V51/><F71/><W27/><G31/><T0/><D14/><U81/><E70/><V23/><F23/><W114/><G114/><T41/><D41/><U13/><E119/><V56/><F51/><W53/><G79/><T20/><D20/><U37/><E37/><V135/><F102/><W38/><G11/><T68/><D68/><U96/><E96/><V133/><N who="2" m="33792" /><DORA hai="80" /><V33/><F33/><W86/><REACH who="3" step="1"/><G98/><REACH who="3" ten="200,407,170,213" step="2"/><T93/><D97/><U22/><E66/><N who="2" m="39271" /><F59/><W58/><G58/><T29/><D29/><U74/><E69/><V89/><AGARI ba="0,1" hai="84,89,92,120,122" m="39271,33792,48715" machi="89" ten="70,8000,1" yaku="18,1,20,1,52,2" doraHai="87,80" who="2" fromWho="2" sc="200,-20,407,-20,170,90,213,-40" owari="180,-22.0,387,48.7,260,6.0,173,-32.7" /></mjloggm>