<mjloggm ver="2.3"><GO type="225" lobby="0"/><UN n0="%79%75%72%69%6D%6F%67" n1="%E3%82%A2%E3%83%A1%E3%82%A2%E3%83%A9%E3%83%AC" n2="%E3%81%B2%E3%81%AA%E3%81%AE%E3%82%8A%E3%81%8F" n3="%E4%BF%BA%E3%81%A8%E5%A6%96%E5%A4%A2" dan="16,16,17,17" rate="2111.38,2111.96,2170.65,2164.55" sx="F,M,M,F"/><TAIKYOKU oya="0"/><INIT seed="0,0,0,4,3,132" ten="250,250,250,250" oya="0" hai0="125,104,2,20,46,9,88,16,56,90,111,34,129" hai1="18,105,95,38,72,41,93,99,121,30,119,67,107" hai2="86,35,8,103,74,110,60,25,12,50,106,87,19" hai3="101,17,31,96,98,81,68,82,0,123,91,77,117"/><T73/><D104/><U115/><E119/><V135/><F74/><W83/><G117/><T114/><D114/><U36/><E115/><V55/><F135/><W3/><G68/><T39/><D34/><U85/><E72/><V57/><F110/><W48/><G123/><T76/><D56/><U78/><E30/><V122/><F122/><W33/><G77/><T130/><D76/><U69/><E67/><V6/><F103/><W124/><G31/><T131/><D73/><U66/><E66/><N who="2" m="39183" /><F106/><W118/><G33/><T53/><D111/><U15/><E69/><V116/><F35/><W32/><G32/><T134/><D134/><U126/><E107/><V10/><F116/><W21/><G48/><N who="0" m="28823" /><D39/><U24/><E105/><V14/><F25/><W27/><G101/><T108/><D108/><U7/><E24/><V13/><F13/><W113/><G113/><T97/><D97/><U51/><E15/><V79/><F79/><W29/><G29/><T92/><D92/><U37/><E99/><V127/><F127/><W100/><G124/><T75/><D125/><U63/><E121/><V52/><F55/><W43/><G118/><T102/><D102/><U54/><E126/><V133/><F133/><W62/><G0/><T70/><D75/><U61/><E78/><V28/><F28/><W26/><G3/><T89/><D70/><U47/><E37/><V64/><F64/><W84/><G100/><T4/><D89/><U120/><E36/><V71/><F71/><W94/><G91/><T42/><D42/><U23/><E120/><V5/><F5/><W80/><G43/><RYUUKYOKU ba="0,0" sc="250,15,250,-15,250,15,250,-15" hai0="2,4,9,16,20,88,90,129,130,131" hai2="6,8,10,12,14,19,50,52,86,87" /><INIT seed="0,1,0,2,1,102" ten="265,235,265,235" oya="0" hai0="63,48,88,41,123,109,44,90,51,128,110,98,60" hai1="33,45,112,85,35,6,53,4,125,27,65,52,127" hai2="92,29,15,82,74,131,135,69,18,7,103,96,31" hai3="57,16,64,84,117,46,94,73,87,81,22,28,78"/><T77/><D123/><U21/><E112/><V120/><F120/><W129/><G117/><T8/><D77/><U105/><E105/><V100/><F69/><W95/><G129/><T108/><D128/><U30/><E65/><V132/><F131/><W38/><G28/><T12/><D51/><N who="1" m="28783" /><E53/><V83/><F7/><N who="1" m="2601" /><E85/><V114/><F103/><W34/><G34/><T10/><D10/><U58/><E58/><V70/><F70/><W36/><G73/><T111/><N who="0" m="27648" /><DORA hai="32" /><T80/><D80/><N who="2" m="30762" /><F74/><W0/><G84/><T17/><D98/><U116/><E116/><V3/><F3/><W76/><G76/><T20/><D8/><U93/><E93/><V14/><F14/><W99/><G0/><T101/><D101/><U61/><E61/><AGARI ba="1,0" hai="12,17,20,41,44,48,60,61,63,88,90" m="27648" machi="61" ten="70,12000,1" yaku="14,1,10,1,54,1" doraHai="102,32" who="0" fromWho="1" sc="265,123,235,-123,265,0,235,0" /><INIT seed="0,2,0,5,2,17" ten="388,112,265,235" oya="0" hai0="113,37,110,51,73,49,16,5,93,133,108,56,98" hai1="109,8,75,38,91,34,115,48,84,31,97,126,83" hai2="101,74,130,36,106,50,132,22,6,52,82,127,64" hai3="13,54,59,9,88,4,114,14,25,63,61,47,62"/><T45/><D37/><U117/><E109/><N who="0" m="42089" /><D73/><U96/><E117/><V123/><F36/><W104/><G104/><T3/><D113/><U67/><E126/><V125/><F101/><W107/><G107/><T55/><D5/><U100/><E38/><V19/><F64/><W95/><G47/><T122/><D3/><U112/><E67/><V99/><F6/><W0/><G114/><T26/><D133/><U44/><E75/><V23/><F132/><W71/><G25/><T131/><D131/><U58/><E58/><V2/><F2/><W86/><REACH who="3" step="1"/><G71/><REACH who="3" ten="388,112,265,225" step="2"/><T27/><D122/><U134/><E134/><V7/><F106/><W128/><G128/><T78/><D27/><U116/><E44/><V32/><F123/><W102/><G102/><T119/><D119/><U39/><E100/><V60/><F130/><W129/><G129/><T24/><D24/><U87/><E116/><V69/><F69/><W41/><G41/><T92/><D78/><U120/><E120/><V65/><F127/><W77/><G77/><T33/><D33/><U29/><E34/><V11/><F32/><W57/><G57/><T85/><D85/><U111/><E111/><V103/><F125/><W72/><G72/><T12/><D26/><U76/><E112/><V79/><F79/><W15/><AGARI ba="2,1" hai="0,4,9,13,14,15,54,59,61,62,63,86,88,95" machi="15" ten="30,7900,0" yaku="1,1,0,1,54,1,53,1" doraHai="17" doraHaiUra="81" who="3" fromWho="3" sc="388,-41,112,-22,265,-22,225,95" /><INIT seed="1,0,0,4,5,98" ten="347,90,243,320" oya="1" hai0="37,97,45,58,36,105,31,4,9,43,94,128,44" hai1="80,8,91,109,56,106,70,99,24,54,125,42,3" hai2="23,134,108,90,76,92,16,64,11,130,84,20,12" hai3="41,93,85,6,69,1,123,63,102,119,104,40,89"/><U113/><E113/><V78/><F108/><W72/><G123/><T50/><D105/><U7/><E125/><V39/><F39/><W133/><G133/><T52/><D31/><U2/><E70/><V62/><F134/><W79/><G119/><T82/><D82/><U101/><E109/><V38/><F38/><W74/><G6/><T83/><D83/><U117/><E117/><V49/><F49/><W28/><G28/><T95/><D128/><U68/><E68/><V114/><F130/><W100/><G1/><T59/><D95/><U122/><E122/><V46/><F46/><W86/><G104/><T112/><D112/><U5/><E42/><V30/><F114/><W66/><G85/><T27/><D27/><U77/><E91/><V10/><F10/><W34/><G34/><T103/><REACH who="0" step="1"/><D37/><REACH who="0" ten="337,90,243,320" step="2"/><U121/><E24/><V21/><REACH who="2" step="1"/><F30/><REACH who="2" ten="337,90,233,320" step="2"/><W127/><G127/><T15/><AGARI ba="0,2" hai="4,9,15,36,43,44,45,50,52,58,59,94,97,103" machi="15" ten="20,12000,2" yaku="1,1,2,1,0,1,7,1,52,1,54,1,53,0" doraHai="98" doraHaiUra="116" who="0" fromWho="0" sc="337,140,90,-60,233,-30,320,-30" /><INIT seed="2,0,0,4,1,2" ten="477,30,203,290" oya="2" hai0="12,7,122,40,17,70,39,61,107,103,52,41,24" hai1="117,93,108,62,104,73,123,58,120,37,14,131,96" hai2="26,78,113,48,3,18,15,77,36,31,132,124,118" hai3="10,45,68,112,4,0,115,71,65,125,75,56,69"/><V63/><F113/><N who="3" m="43595" /><G75/><T76/><D122/><U98/><E37/><V43/><F36/><W86/><G125/><T99/><D76/><U84/><E58/><V53/><F118/><W55/><G45/><T13/><D24/><U89/><E62/><V1/><F124/><W5/><G86/><T29/><D29/><U111/><E14/><V134/><F43/><W23/><G23/><T88/><D13/><U21/><E21/><V109/><F63/><N who="3" m="36255" /><G4/><T47/><D7/><U135/><E117/><V127/><F127/><W6/><G6/><T101/><D41/><U80/><E135/><N who="2" m="51755" /><F109/><N who="1" m="42057" /><E131/><V8/><F77/><W27/><G27/><T106/><D106/><U34/><E34/><N who="2" m="20855" /><F78/><W28/><G28/><T54/><D101/><N who="1" m="62503" /><E73/><V22/><F22/><W100/><G100/><AGARI ba="0,0" hai="80,84,89,93,98,100,120,123" m="62503,42057" machi="100" ten="30,3900,0" yaku="14,1,34,2" doraHai="2" who="1" fromWho="3" sc="477,0,30,39,203,0,290,-39" /><INIT seed="3,0,0,5,5,79" ten="477,69,203,251" oya="3" hai0="127,87,17,122,53,28,22,97,91,108,125,84,13" hai1="18,66,75,50,111,44,68,31,19,39,104,59,106" hai2="37,115,86,81,71,95,35,83,6,123,20,43,88" hai3="26,4,11,92,98,101,100,73,10,34,118,89,85"/><W56/><G118/><T70/><D108/><U5/><E111/><V126/><F35/><W93/><G73/><T90/><D70/><U102/><E31/><V110/><F110/><W16/><G34/><T109/><D109/><U80/><E5/><V55/><F115/><W113/><G113/><T94/><D122/><U107/><E75/><V1/><F71/><W124/><G124/><N who="0" m="47691" /><D28/><U52/><E102/><V135/><F126/><W58/><G101/><T36/><D36/><U130/><E130/><V12/><F135/><W48/><G48/><T76/><D76/><U134/><E134/><V60/><F43/><W49/><G49/><T45/><D91/><U117/><E117/><V38/><F1/><W77/><G77/><T23/><D23/><U61/><REACH who="1" step="1"/><E80/><REACH who="1" ten="477,59,203,251" step="2"/><N who="2" m="30795" /><F123/><W0/><G4/><T62/><D45/><U131/><E131/><V133/><F133/><W46/><G0/><T82/><D82/><U54/><E54/><V132/><F132/><W72/><G72/><T114/><D114/><U7/><E7/><V99/><F38/><W129/><G129/><T3/><D3/><U41/><AGARI ba="0,1" hai="18,19,39,41,44,50,52,59,61,66,68,104,106,107" machi="41" ten="40,8000,1" yaku="1,1,0,1,24,2,54,1,53,0" doraHai="79" doraHaiUra="78" who="1" fromWho="1" sc="477,-20,59,90,203,-20,251,-40" owari="457,55.7,149,-35.1,183,-21.7,211,1.1" /></mjloggm>