<mjloggm ver="2.3"><GO type="225" lobby="0"/><UN n0="%E3%81%A4%E3%81%A3%E3%81%B1%E3%82%8A%E3%83%9D%E3%83%BC%E3%83%AB" n1="%E6%A1%9C%E8%8A%B1%E9%96%83%E3%80%85" n2="%E6%81%A5%E6%99%92%E3%81%97" n3="%E3%81%8B%E3%82%8F%E3%81%A1%E3%82%83%E3%82%93%35%38" dan="16,16,16,16" rate="2165.36,2172.17,2072.28,2136.72" sx="M,M,M,M"/><TAIKYOKU oya="0"/><INIT seed="0,0,0,2,5,99" ten="250,250,250,250" oya="0" hai0="11,29,54,10,3,70,6,93,8,56,58,94,75" hai1="115,50,124,117,120,47,52,57,30,26,63,133,106" hai2="60,69,13,95,77,90,65,135,110,105,85,97,35" hai3="119,4,123,32,134,125,79,104,108,12,92,15,42"/><T7/><D70/><U9/><E117/><V28/><F110/><W122/><G104/><T89/><D75/><U126/><E120/><N who="3" m="46122" /><G92/><N who="0" m="35435" /><D3/><U20/><E133/><V73/><F135/><W64/><G79/><T27/><D89/><U41/><E115/><V38/><F38/><W55/><G55/><T116/><D116/><U31/><E106/><V112/><F13/><N who="3" m="5195" /><G64/><T107/><D107/><U101/><E101/><N who="2" m="62639" /><F112/><W87/><G87/><T49/><D58/><U121/><E121/><V113/><F113/><W5/><G42/><T114/><D114/><U18/><REACH who="1" step="1"/><E9/><REACH who="1" ten="250,240,250,250" step="2"/><V40/><F40/><W59/><G134/><T102/><D102/><U25/><E25/><N who="2" m="18831" /><F77/><W111/><G119/><T72/><D72/><AGARI ba="0,1" hai="60,65,69,72,73,85,90,95" m="18831,62639" machi="72" ten="30,2000,0" yaku="25,1,52,1" doraHai="99" who="2" fromWho="0" sc="250,-20,240,0,250,30,250,0" /><INIT seed="1,0,0,3,4,6" ten="230,240,280,250" oya="1" hai0="16,21,83,8,23,76,19,100,118,63,114,87,93" hai1="130,95,39,99,78,60,1,85,32,45,34,70,88" hai2="35,55,134,126,33,14,84,123,109,64,115,81,128" hai3="96,120,112,43,44,68,52,101,127,24,66,119,40"/><U61/><E130/><V25/><F123/><W2/><G112/><T51/><D114/><U50/><E39/><V53/><F115/><W80/><G120/><T97/><D118/><U7/><E70/><V113/><F113/><W129/><G2/><T29/><D29/><U65/><E78/><V54/><F128/><W59/><G129/><T27/><D63/><U18/><E18/><V98/><F109/><W125/><G119/><T47/><D8/><U121/><E121/><V75/><F75/><W13/><G66/><T0/><D0/><U62/><E65/><V10/><F126/><N who="3" m="48139" /><G68/><T69/><D69/><U17/><E17/><N who="0" m="6729" /><D27/><U73/><E73/><V94/><F25/><W102/><G13/><T89/><D76/><U124/><E124/><V132/><F64/><W106/><G24/><T22/><D22/><U30/><E30/><V105/><F105/><W67/><G67/><T56/><D56/><U116/><E116/><V46/><F46/><W4/><G44/><T108/><D108/><U41/><E1/><V131/><F131/><W31/><G31/><T5/><D5/><U90/><REACH who="1" step="1"/><E7/><REACH who="1" ten="230,230,280,250" step="2"/><N who="2" m="3423" /><F35/><W48/><G4/><T111/><D111/><U3/><E3/><V77/><F33/><W82/><G102/><T12/><D12/><U49/><E49/><V91/><F132/><W15/><G15/><T71/><D71/><U79/><E79/><V107/><F134/><W57/><G101/><T9/><D9/><U38/><E38/><V20/><F20/><W135/><G135/><T26/><D26/><U72/><E72/><V104/><F77/><W28/><G28/><RYUUKYOKU ba="0,1" sc="230,10,230,10,280,10,250,-30" hai0="21,23,47,51,83,87,89,93,97,100" hai1="32,34,41,45,50,60,61,62,85,88,90,95,99" hai2="53,54,55,81,84,91,94,98,104,107" /><INIT seed="1,1,1,1,3,28" ten="240,240,290,220" oya="1" hai0="62,42,114,112,110,13,109,16,12,79,101,133,88" hai1="104,129,118,1,51,116,36,15,6,29,44,82,73" hai2="77,99,83,43,59,11,122,106,86,35,76,55,132" hai3="78,126,123,53,121,33,90,56,107,75,0,120,54"/><U38/><E15/><V26/><F122/><W111/><G0/><T93/><D133/><U87/><E51/><V32/><F132/><W50/><G107/><T66/><D101/><U31/><E87/><V103/><F43/><W22/><G33/><T92/><D79/><N who="1" m="44399" /><E129/><V39/><F39/><W8/><G8/><N who="0" m="6151" /><D13/><U80/><E80/><V24/><F11/><W58/><G78/><T130/><D93/><U25/><E104/><V48/><REACH who="2" step="1"/><F77/><REACH who="2" ten="240,240,280,220" step="2"/><W17/><G121/><T69/><D42/><N who="1" m="22599" /><E38/><V52/><F52/><W70/><G123/><T95/><D130/><U41/><E41/><V72/><F72/><W65/><G75/><T14/><D114/><U60/><E118/><V45/><F45/><W37/><G120/><T61/><D112/><U5/><E116/><V21/><F21/><W124/><G37/><T134/><D134/><U18/><E6/><V96/><F96/><W100/><G22/><T97/><D97/><U74/><E74/><V81/><F81/><W57/><G53/><T30/><D95/><U102/><E5/><V71/><F71/><W127/><G70/><T94/><D94/><U10/><E10/><V115/><F115/><W84/><G50/><T91/><D92/><U128/><E128/><V68/><F68/><W117/><G117/><T4/><D4/><U63/><E1/><V64/><F64/><W105/><G65/><T3/><D3/><U2/><E2/><V135/><F135/><W34/><G54/><T108/><D69/><U19/><E102/><V20/><F20/><W89/><G100/><T119/><D119/><U67/><E67/><RYUUKYOKU ba="1,2" sc="240,-10,240,-10,280,30,220,-10" hai2="24,26,32,35,48,55,59,76,83,86,99,103,106" /><INIT seed="2,2,2,2,3,66" ten="230,230,310,210" oya="2" hai0="126,119,35,80,58,106,19,116,10,61,31,110,108" hai1="74,62,95,20,127,7,5,57,37,84,17,73,51" hai2="70,131,109,129,113,124,3,100,52,60,99,54,75" hai3="114,94,18,91,23,111,44,82,134,55,16,93,29"/><V69/><F113/><W45/><G111/><N who="0" m="42539" /><D106/><U120/><E37/><V53/><F109/><W118/><G118/><N who="0" m="45099" /><D80/><U89/><E127/><V71/><F124/><W98/><G134/><T97/><D97/><U14/><E120/><V105/><F3/><W63/><G114/><T86/><D86/><U90/><E90/><V50/><F75/><W12/><G29/><T21/><D10/><U67/><E74/><V103/><F103/><N who="3" m="60879" /><G82/><T22/><D126/><U104/><E104/><V13/><F13/><N who="3" m="9615" /><G63/><T32/><D31/><U92/><E73/><V87/><F87/><N who="3" m="52607" /><G55/><N who="0" m="34015" /><D22/><AGARI ba="2,2" hai="12,18,22,44,45" m="52607,9615,60879" machi="22" ten="30,2000,0" yaku="8,1,54,1" doraHai="66" who="3" fromWho="0" sc="230,-26,230,0,310,0,210,46" /><INIT seed="3,0,0,1,2,19" ten="204,230,310,256" oya="3" hai0="66,129,16,71,31,76,17,97,14,82,83,125,4" hai1="131,48,88,126,67,3,75,65,58,70,20,103,33" hai2="59,117,43,0,34,22,105,120,26,108,21,128,116" hai3="11,86,98,42,47,90,78,27,6,110,115,99,104"/><W74/><G115/><T57/><D71/><U7/><E33/><V52/><F105/><W10/><G110/><T121/><D121/><U132/><E75/><V63/><F108/><W13/><G104/><T79/><D129/><U109/><E109/><V1/><F128/><W35/><G74/><T118/><D118/><U15/><E131/><V100/><F120/><W89/><G78/><N who="0" m="29739" /><D125/><U40/><E70/><V119/><F100/><W92/><G35/><T8/><D31/><U61/><E103/><V114/><F114/><W73/><G73/><T25/><D97/><U95/><E132/><V127/><F127/><W123/><G123/><T23/><D4/><U130/><E130/><V111/><F111/><W85/><G11/><T107/><D107/><U39/><E39/><V56/><F43/><W91/><G27/><T32/><D32/><U87/><E3/><V113/><F113/><W93/><REACH who="3" step="1"/><G90/><REACH who="3" ten="204,230,310,246" step="2"/><T51/><D51/><AGARI ba="0,1" hai="6,10,13,42,47,51,85,86,89,91,92,93,98,99" machi="51" ten="30,12000,1" yaku="1,1,2,1,7,1,9,1,8,1,53,0" doraHai="19" doraHaiUra="12" who="3" fromWho="0" sc="204,-120,230,0,310,0,246,130" owari="84,-41.6,230,-17.0,310,11.0,376,47.6" /></mjloggm>