<mjloggm ver="2.3"><GO type="225" lobby="0"/><UN n0="%4E%6F%2E%30%30%30%31" n1="%73%6C%69%63%6B%33%31%39" n2="%E5%80%89%E6%A9%8B%EF%BC%A0%E4%BA%8B%E5%8B%99" n3="%4D%50%43%32%38%30%30" dan="18,16,16,16" rate="2226.53,2167.90,2077.37,2101.10" sx="M,M,M,M"/><TAIKYOKU oya="0"/><INIT seed="0,0,0,1,4,60" ten="250,250,250,250" oya="0" hai0="79,85,74,97,54,16,46,102,26,5,115,37,55" hai1="67,132,101,82,117,128,129,108,41,111,73,135,50" hai2="65,33,45,63,51,104,96,8,112,1,39,27,44" hai3="24,68,13,126,10,47,6,92,90,35,3,34,124"/><T19/><D115/><U83/><E67/><V78/><F112/><W105/><G105/><T77/><D74/><U2/><E2/><V81/><F39/><W80/><G80/><N who="1" m="30762" /><E73/><V113/><F113/><W75/><G75/><T130/><D130/><N who="1" m="50283" /><E117/><V133/><F133/><N who="1" m="51273" /><E101/><V17/><F1/><W84/><G68/><T106/><D5/><U52/><E41/><V121/><F121/><W70/><G70/><T98/><D102/><U118/><E118/><V25/><F65/><W7/><G47/><AGARI ba="0,0" hai="47,50,52,108,111" m="51273,50283,30762" machi="47" ten="40,5200,0" yaku="19,1,20,1,54,1" doraHai="60" who="1" fromWho="3" sc="250,0,250,52,250,0,250,-52" /><INIT seed="1,0,0,2,1,11" ten="250,302,250,198" oya="1" hai0="63,88,29,62,21,13,48,53,10,14,79,102,121" hai1="52,98,112,26,129,104,89,110,134,9,106,67,24" hai2="0,117,125,132,127,77,23,87,124,103,118,100,128" hai3="105,33,5,114,28,73,30,38,91,81,61,75,95"/><U90/><E112/><V123/><F0/><W74/><G105/><T6/><D121/><U97/><E67/><V84/><F23/><W45/><G114/><T111/><D111/><U69/><E69/><V119/><F123/><W7/><G81/><T82/><D102/><N who="2" m="38954" /><F128/><W47/><G61/><T72/><D88/><N who="1" m="33899" /><E9/><V115/><F115/><W60/><G60/><T50/><D50/><U55/><E129/><V15/><F15/><W25/><G30/><T93/><D93/><U2/><E2/><V131/><F131/><W49/><G38/><T31/><D31/><U3/><E3/><V34/><F34/><W85/><REACH who="3" step="1"/><G47/><REACH who="3" ten="250,302,250,188" step="2"/><T107/><D107/><N who="1" m="41003" /><E110/><V51/><F51/><W122/><G122/><T36/><D36/><U109/><E109/><V20/><F77/><W22/><G22/><T37/><D37/><U116/><E116/><V54/><F20/><W66/><G66/><T126/><D29/><U113/><E113/><V27/><F54/><AGARI ba="0,1" hai="5,7,25,28,33,45,49,54,73,74,75,85,91,95" machi="54" ten="40,1300,0" yaku="1,1,53,0" doraHai="11" doraHaiUra="12" who="3" fromWho="2" sc="250,0,302,0,250,-13,188,23" /><INIT seed="2,0,0,1,1,89" ten="250,302,237,211" oya="2" hai0="4,47,93,94,100,12,43,123,91,41,124,34,37" hai1="115,108,45,81,73,54,122,5,2,26,11,23,53" hai2="75,112,63,48,90,95,106,39,59,3,83,31,125" hai3="104,110,79,67,38,84,69,98,126,51,19,113,35"/><V114/><F39/><W14/><G38/><T92/><D123/><U99/><E115/><V52/><F106/><W101/><G113/><T49/><D34/><U109/><E122/><V46/><F3/><W131/><G110/><N who="1" m="42602" /><E45/><V71/><F125/><W80/><G126/><T1/><D1/><U118/><E99/><V77/><F31/><W133/><G133/><T9/><D124/><U70/><E70/><V62/><F71/><W28/><G131/><T10/><D100/><U72/><E118/><V120/><F120/><W116/><G116/><T36/><D10/><U33/><E33/><V96/><REACH who="2" step="1"/><F63/><REACH who="2" ten="250,302,227,211" step="2"/><W61/><G51/><T50/><D37/><U128/><E128/><V6/><F6/><W121/><G121/><T15/><D36/><U111/><E111/><V7/><F7/><W25/><G19/><T40/><D50/><U117/><E117/><V27/><F27/><W0/><G14/><N who="0" m="5415" /><D91/><U127/><E127/><V18/><F18/><W44/><G44/><T13/><AGARI ba="0,1" hai="12,13,15,40,41,43,47,49,92,93,94" m="5415" machi="13" ten="30,7900,0" yaku="8,1,52,3" doraHai="89" who="0" fromWho="0" sc="250,89,302,-20,227,-39,211,-20" /><INIT seed="3,0,0,4,4,42" ten="339,282,188,191" oya="3" hai0="91,97,66,19,35,65,120,63,73,70,20,16,5" hai1="74,84,52,15,94,81,62,13,117,130,29,135,0" hai2="79,54,9,93,59,31,105,76,21,127,11,39,122" hai3="108,82,48,3,24,49,87,71,44,128,68,57,107"/><W55/><G128/><T10/><D120/><U1/><E74/><V58/><F105/><W50/><G107/><T109/><D35/><U119/><E94/><V92/><F39/><W4/><G108/><T96/><D73/><U23/><E130/><V86/><F127/><W6/><G50/><T103/><D109/><U34/><E34/><V27/><F122/><W12/><G3/><N who="1" m="1098" /><E62/><N who="2" m="36183" /><F59/><W53/><G24/><T124/><D66/><U43/><E52/><V98/><F92/><W36/><G36/><T26/><D124/><U88/><E43/><V72/><F72/><W75/><G75/><T133/><D133/><U51/><E51/><V18/><F31/><W112/><G112/><T60/><D60/><U99/><E99/><V114/><F114/><W7/><REACH who="3" step="1"/><G12/><REACH who="3" ten="339,282,188,181" step="2"/><T77/><D26/><N who="1" m="16607" /><E135/><V125/><F125/><W78/><AGARI ba="0,1" hai="4,6,7,44,48,49,53,55,57,68,71,78,82,87" machi="78" ten="30,12000,1" yaku="1,1,0,1,52,1,53,2" doraHai="42" doraHaiUra="67" who="3" fromWho="3" sc="339,-40,282,-40,188,-40,181,130" owari="299,9.9,242,-15.8,148,-35.2,311,41.1" /></mjloggm>