<mjloggm ver="2.3"><GO type="225" lobby="0"/><UN n0="%E3%81%B2%E3%81%AA%E3%81%AE%E3%82%8A%E3%81%8F" n1="%E9%BB%92%E9%89%84%E7%8F%A0%E9%9B%AB" n2="%E8%A8%88%E7%AE%97%E6%A9%9F%E8%87%AA%E7%84%B6" n3="%E5%AE%AE%E4%BF%9D%E9%B6%8F%E8%82%89" dan="17,16,17,16" rate="2177.01,2150.19,2221.75,2123.79" sx="M,F,M,M"/><TAIKYOKU oya="0"/><INIT seed="0,0,0,1,0,100" ten="250,250,250,250" oya="0" hai0="28,43,91,77,134,56,85,90,29,51,131,68,78" hai1="59,64,79,41,22,67,81,12,76,120,31,82,105" hai2="61,75,84,99,58,101,96,71,39,69,94,26,60" hai3="110,47,63,132,119,112,65,38,25,34,89,92,10"/><T16/><D68/><U62/><E120/><V53/><F75/><W46/><G112/><T95/><D134/><U74/><E41/><V116/><F39/><W18/><G119/><T102/><D102/><U52/><E105/><V30/><F116/><W27/><G132/><T70/><D70/><U48/><E62/><V86/><F96/><W37/><G110/><T88/><D131/><U127/><E127/><V55/><F69/><W87/><G38/><T33/><D33/><U103/><E103/><V2/><F2/><W13/><G34/><T19/><D29/><U83/><E74/><V123/><F123/><W126/><G126/><T114/><D28/><U49/><E49/><V115/><F115/><W15/><G15/><T117/><D117/><U93/><E93/><V11/><F11/><W106/><G106/><T17/><D114/><U7/><E7/><V32/><REACH who="2" step="1"/><F53/><REACH who="2" ten="250,250,240,250" step="2"/><W14/><G37/><T73/><D73/><U0/><E0/><V118/><F118/><W121/><G121/><T66/><D66/><AGARI ba="0,1" hai="26,30,32,55,58,60,61,66,71,84,86,94,99,101" machi="66" ten="40,1300,0" yaku="1,1,53,0" doraHai="100" doraHaiUra="9" who="2" fromWho="0" sc="250,-13,250,0,240,23,250,0" /><INIT seed="1,0,0,4,0,99" ten="237,250,263,250" oya="1" hai0="94,108,21,32,105,126,103,58,48,119,134,20,53" hai1="76,65,14,96,86,110,115,128,131,109,112,66,68" hai2="80,23,3,89,8,81,56,25,50,12,62,73,87" hai3="52,15,83,64,77,44,36,40,125,24,39,57,27"/><U82/><E14/><V0/><F50/><W69/><G125/><T43/><D32/><U78/><E68/><V63/><F73/><W101/><G39/><T93/><D119/><U47/><E47/><V71/><F71/><W4/><G101/><T19/><D126/><U104/><E66/><V28/><F80/><W127/><G127/><T67/><D134/><U121/><E65/><V85/><F87/><W45/><G45/><T122/><D122/><U92/><E104/><V30/><F30/><W42/><G42/><T9/><D43/><U11/><E11/><V107/><F107/><W129/><G129/><N who="1" m="49738" /><E76/><V34/><F34/><W31/><G31/><T135/><D9/><U49/><E49/><V102/><F62/><N who="3" m="40087" /><G15/><T22/><D67/><U132/><E121/><V95/><F63/><W124/><G4/><T90/><D105/><U10/><E10/><V38/><F56/><W35/><G35/><T18/><D18/><U100/><E132/><V88/><F38/><W118/><G124/><T33/><D33/><U75/><E75/><V55/><F55/><W70/><G118/><T114/><D135/><U26/><E26/><V7/><F0/><W37/><G37/><T2/><D2/><U6/><E6/><V46/><F46/><W133/><G133/><T120/><D19/><U5/><E5/><V29/><F29/><W79/><G70/><T97/><D120/><U13/><E13/><V106/><F3/><W41/><G41/><T113/><D22/><U123/><E123/><V74/><F7/><W54/><G79/><T17/><D21/><U61/><E61/><RYUUKYOKU ba="0,0" sc="237,-10,250,30,263,-10,250,-10" hai1="78,82,86,92,96,100,109,110,112,115" /><INIT seed="1,1,0,3,0,49" ten="227,280,253,240" oya="1" hai0="67,64,74,100,124,98,58,8,13,59,81,1,45" hai1="87,60,127,78,53,52,20,17,83,68,31,117,130" hai2="128,96,36,114,107,22,105,16,54,32,95,116,108" hai3="29,135,92,84,111,65,9,35,21,70,125,76,6"/><U77/><E130/><V126/><F116/><W26/><G111/><T75/><D1/><U28/><E117/><V91/><F32/><W120/><G120/><T34/><D34/><U97/><E127/><V37/><F108/><W123/><G123/><T131/><D131/><U11/><E11/><V85/><F128/><W63/><G125/><T93/><D124/><U43/><E43/><V102/><F126/><W115/><G115/><T61/><D45/><U110/><E110/><V51/><F105/><W104/><G104/><T73/><D81/><U132/><E132/><V89/><F91/><W50/><G135/><T40/><D40/><U90/><E68/><V86/><F86/><W71/><G71/><T2/><D2/><U19/><E19/><V39/><F114/><W109/><G109/><T82/><D82/><U55/><E60/><V4/><F4/><W62/><G62/><T69/><REACH who="0" step="1"/><D67/><REACH who="0" ten="217,280,253,240" step="2"/><U57/><E57/><N who="2" m="32991" /><F36/><W33/><G33/><T47/><D47/><U25/><E78/><V56/><F56/><W88/><G76/><T129/><D129/><U0/><E0/><V3/><F3/><N who="3" m="223" /><G35/><T79/><D79/><U46/><E46/><V48/><F48/><W106/><G50/><T134/><D134/><U121/><E121/><V118/><F118/><W38/><G38/><T66/><D66/><U103/><REACH who="1" step="1"/><E77/><REACH who="1" ten="217,270,253,240" step="2"/><V119/><F119/><W14/><G70/><T112/><D112/><U12/><E12/><AGARI ba="1,2" hai="12,16,22,37,39,85,89,95,96,102,107" m="32991" machi="12" ten="30,3900,0" yaku="25,1,52,1,54,1" doraHai="49" who="2" fromWho="1" sc="217,0,270,-42,253,62,240,0" /><INIT seed="2,0,0,5,3,64" ten="217,228,315,240" oya="2" hai0="82,94,62,12,126,127,111,14,130,121,37,13,47" hai1="52,38,129,31,85,69,3,98,131,133,79,5,25" hai2="120,67,55,51,84,50,20,43,63,116,57,27,103" hai3="80,112,134,45,39,33,24,26,44,35,117,30,114"/><V54/><F116/><W122/><G117/><T29/><D121/><U96/><E38/><V48/><F120/><W8/><G122/><T18/><D111/><U2/><E133/><V16/><F103/><W17/><G134/><T99/><D130/><N who="1" m="49675" /><E69/><V128/><F128/><W22/><G80/><T97/><D29/><U49/><E79/><V102/><F102/><W87/><G87/><T58/><D82/><U83/><E85/><V40/><F84/><W19/><G39/><T23/><D37/><U91/><E83/><V4/><F4/><W68/><G68/><T101/><D47/><N who="1" m="27711" /><E5/><V132/><F132/><W72/><G72/><T28/><D28/><U115/><E115/><N who="3" m="44074" /><G33/><T78/><D99/><N who="1" m="37931" /><E91/><V53/><AGARI ba="0,0" hai="16,20,27,40,43,48,50,51,53,54,55,57,63,67" machi="53" ten="30,6000,0" yaku="0,1,8,1,54,1" doraHai="64" who="2" fromWho="2" sc="217,-20,228,-20,315,60,240,-20" /><INIT seed="2,1,0,1,4,58" ten="197,208,375,220" oya="2" hai0="119,43,3,47,15,40,67,59,131,97,46,106,134" hai1="98,7,99,45,4,117,13,125,60,120,132,135,53" hai2="55,74,16,19,79,23,17,41,11,72,56,36,101" hai3="48,5,130,66,22,122,105,39,115,71,12,121,2"/><V77/><F101/><W24/><G39/><T85/><D3/><U64/><E117/><V57/><F23/><W111/><G105/><T25/><D119/><U127/><E120/><N who="3" m="46186" /><G48/><T96/><D134/><N who="1" m="51243" /><E45/><V80/><F11/><N who="3" m="2487" /><G66/><T51/><D131/><U29/><E29/><V31/><F31/><N who="3" m="17815" /><G71/><T69/><D69/><N who="1" m="42119" /><E53/><V126/><F55/><W44/><G44/><T1/><D106/><U34/><E34/><V113/><F41/><W70/><G70/><T78/><D1/><U133/><N who="1" m="51251" /><U18/><DORA hai="50" /><E99/><V8/><F36/><W37/><G37/><T30/><D47/><U82/><E98/><V35/><F56/><W129/><G111/><T123/><D43/><U32/><E32/><V87/><F35/><W83/><G83/><T49/><D97/><U109/><E82/><V27/><F80/><W76/><G76/><T75/><D96/><U38/><E38/><V6/><F77/><W9/><G115/><T54/><D78/><U92/><E92/><V102/><F113/><W116/><G116/><T94/><D94/><U91/><E91/><V114/><F114/><W28/><G28/><T21/><D46/><U88/><E88/><V33/><F79/><W128/><G130/><T42/><D40/><U84/><E84/><V52/><F87/><W89/><G89/><T118/><D85/><U124/><E109/><V90/><F90/><W14/><G14/><T100/><D118/><U95/><E95/><V104/><F104/><W62/><G62/><T10/><D42/><U86/><E86/><V73/><F33/><W110/><G110/><T26/><D67/><RYUUKYOKU ba="1,0" sc="197,-15,208,15,375,-15,220,15" hai1="4,7,13,18,124,125,127" hai3="9,12,128,129" /><INIT seed="3,2,0,0,1,28" ten="182,223,360,235" oya="3" hai0="45,7,133,38,124,16,21,103,31,123,118,100,41" hai1="66,29,3,55,36,60,62,102,10,32,44,67,132" hai2="20,0,19,120,107,105,56,68,111,8,46,73,23" hai3="126,47,79,78,93,35,74,91,87,17,115,54,13"/><W95/><G115/><T121/><D118/><U131/><E102/><V110/><F68/><W84/><G74/><T72/><D72/><U42/><E55/><V33/><F33/><W34/><G126/><T97/><D124/><U101/><E101/><V70/><F70/><W39/><G39/><T116/><D116/><U59/><E132/><V40/><F56/><W129/><G129/><T48/><D103/><U86/><E131/><V85/><F85/><W25/><G25/><T127/><D127/><U22/><E86/><V114/><F120/><W80/><G79/><T75/><D75/><U88/><E22/><N who="2" m="8235" /><F114/><W64/><G64/><T71/><D71/><U119/><E119/><V6/><F19/><W82/><G82/><T94/><D133/><U9/><E3/><V27/><F27/><W113/><G113/><T98/><D98/><U15/><E32/><V24/><F24/><W57/><G47/><T122/><D31/><U112/><E29/><V83/><F83/><W43/><G43/><T96/><D96/><U130/><E130/><V63/><F73/><W58/><G58/><T14/><REACH who="0" step="1"/><D7/><REACH who="0" ten="172,223,360,235" step="2"/><N who="1" m="3519" /><E112/><V53/><F6/><W104/><G87/><T89/><D89/><U52/><E88/><V90/><F90/><W108/><G91/><T50/><AGARI ba="2,1" hai="14,16,21,38,41,45,48,50,94,97,100,121,122,123" machi="50" ten="40,5200,0" yaku="1,1,0,1,54,1,53,0" doraHai="28" doraHaiUra="2" who="0" fromWho="0" sc="172,68,223,-15,360,-15,235,-28" owari="240,4.0,208,-19.2,345,44.5,207,-29.3" /></mjloggm>