<mjloggm ver="2.3"><GO type="225" lobby="0"/><UN n0="%E5%91%A8%E6%9D%B1" n1="%E6%A1%9C%E8%8A%B1%E9%96%83%E3%80%85" n2="%E7%AB%8B%E7%9B%B4%E5%A5%BD%E6%A3%92%40%E5%BF%98" n3="%E3%81%AF%E3%82%88%E3%81%8A%E3%81%98%E3%81%95%E3%82%93" dan="17,17,17,17" rate="2140.81,2224.93,2116.50,2144.06" sx="M,M,M,M"/><TAIKYOKU oya="0"/><INIT seed="0,0,0,0,5,135" ten="250,250,250,250" oya="0" hai0="116,55,3,24,58,134,72,99,81,73,0,95,75" hai1="46,35,114,77,29,110,34,104,9,40,88,5,111" hai2="41,44,97,23,74,63,119,16,61,59,14,113,50" hai3="68,17,109,39,108,10,92,124,71,129,13,20,123"/><T52/><D116/><U56/><E104/><V21/><F113/><W19/><G39/><T33/><D134/><U67/><E77/><V49/><F74/><W60/><G129/><T85/><D24/><U122/><E122/><V125/><F125/><W133/><G123/><T64/><D64/><U27/><E114/><V96/><F119/><W7/><G133/><T65/><D65/><U45/><E35/><V100/><F50/><W82/><G124/><T105/><D105/><U25/><E25/><V42/><F42/><W70/><G82/><T127/><D33/><U79/><E79/><V30/><F30/><W131/><G131/><T78/><D127/><U94/><E56/><V89/><F89/><W91/><G60/><T8/><D8/><U83/><E83/><V132/><F132/><W80/><G80/><T87/><D87/><N who="1" m="52511" /><E67/><V69/><F69/><BYE who="2" /><W126/><G126/><T43/><D43/><U66/><E66/><V47/><F47/><W106/><G106/><T31/><D31/><UN n2="%E7%AB%8B%E7%9B%B4%E5%A5%BD%E6%A3%92%40%E5%BF%98" /><U11/><E5/><V86/><F86/><N who="3" m="52343" /><G20/><T15/><D15/><U93/><E93/><N who="2" m="58383" /><F97/><W130/><G130/><T53/><REACH who="0" step="1"/><D58/><REACH who="0" ten="240,250,250,250" step="2"/><U51/><E9/><N who="2" m="6223" /><F59/><W62/><G62/><AGARI ba="0,1" hai="21,23,41,44,49,61,62,63" m="6223,58383" machi="62" ten="30,2000,0" yaku="8,1,54,1" doraHai="135" who="2" fromWho="3" sc="240,0,250,0,250,30,250,-20" /><INIT seed="1,0,0,3,1,38" ten="240,250,280,230" oya="1" hai0="131,86,103,76,8,7,32,26,71,52,128,46,5" hai1="87,132,88,60,73,106,34,70,37,39,67,4,77" hai2="78,61,13,104,94,24,17,49,1,6,45,129,15" hai3="90,102,0,69,107,118,122,68,36,134,130,54,50"/><U123/><E123/><V119/><F104/><W82/><G122/><T74/><D71/><U93/><E132/><V108/><F119/><W64/><G36/><T18/><D74/><U57/><E34/><V111/><F78/><W47/><G0/><T12/><D103/><U22/><E4/><V53/><F129/><N who="0" m="49738" /><D76/><U9/><E9/><N who="2" m="2255" /><F61/><W96/><G130/><T11/><D86/><U109/><E109/><N who="2" m="42059" /><F94/><W83/><G134/><T120/><D120/><U35/><E35/><V72/><F72/><W55/><G118/><T98/><D98/><U28/><E106/><V100/><F100/><W2/><G2/><T101/><D101/><U23/><E70/><V110/><F110/><W80/><G64/><T19/><D46/><U116/><E116/><V48/><F48/><W66/><G66/><T20/><D52/><U126/><E39/><V62/><F62/><W31/><G54/><T115/><D115/><U56/><E37/><V42/><F53/><W124/><G124/><T44/><D44/><U97/><E126/><V3/><F3/><W65/><G65/><T125/><D125/><U99/><E57/><V85/><F85/><W95/><REACH who="3" step="1"/><G31/><REACH who="3" ten="240,250,280,220" step="2"/><N who="0" m="17863" /><D32/><U16/><E67/><V58/><F58/><W25/><G25/><T91/><D91/><U133/><E88/><V27/><F13/><AGARI ba="0,1" hai="5,7,8,11,12,13,18,19" m="17863,49738" machi="13" ten="30,3900,0" yaku="19,1,34,2" doraHai="38" who="0" fromWho="2" sc="240,49,250,0,280,-39,220,0" /><INIT seed="2,0,0,3,4,67" ten="289,250,241,220" oya="2" hai0="49,75,47,52,82,31,102,72,56,69,87,25,11" hai1="43,65,26,90,99,35,88,57,101,19,46,16,126" hai2="20,86,91,32,0,59,15,115,60,78,12,109,2" hai3="135,41,118,77,34,30,94,14,95,22,85,5,1"/><V6/><F115/><W44/><G118/><T51/><D69/><U74/><E74/><V37/><F37/><W53/><G135/><T27/><D102/><U66/><E126/><V33/><F78/><W104/><G104/><T84/><D11/><U98/><E35/><N who="2" m="13387" /><F91/><W48/><G1/><N who="2" m="617" /><F86/><W40/><G34/><T9/><D87/><U10/><E57/><V21/><F59/><W45/><G53/><T121/><D121/><U23/><E66/><V122/><F60/><W55/><G55/><T117/><D117/><U105/><E65/><V3/><F122/><W112/><G112/><T83/><D83/><U108/><E108/><V50/><F50/><BYE who="2" /><N who="3" m="26887" /><G30/><T7/><D31/><U128/><E128/><V125/><F125/><W134/><G134/><T132/><D132/><U76/><E76/><V100/><F100/><W62/><G62/><UN n2="%E7%AB%8B%E7%9B%B4%E5%A5%BD%E6%A3%92%40%E5%BF%98" /><T17/><D17/><U123/><E123/><V119/><F119/><W89/><G77/><N who="0" m="46159" /><D75/><U38/><REACH who="1" step="1"/><E99/><REACH who="1" ten="289,240,241,220" step="2"/><V70/><F109/><W93/><G5/><T54/><D72/><U8/><E8/><N who="2" m="2143" /><F70/><W71/><G71/><T103/><D56/><U68/><E68/><V111/><F111/><W73/><G73/><T120/><D120/><U81/><E81/><V131/><F131/><W42/><G42/><T124/><D124/><U64/><E64/><V92/><F92/><W39/><G39/><T18/><D54/><U113/><E113/><V133/><F133/><W129/><G129/><T58/><D52/><U80/><E80/><V79/><F79/><W4/><G4/><T29/><D7/><U110/><E110/><V36/><F36/><RYUUKYOKU ba="0,1" sc="289,-30,240,10,241,10,220,10" hai1="10,16,19,23,26,38,43,46,88,90,98,101,105" hai2="12,15,20,21" hai3="14,22,41,45,48,85,89,93,94,95" /><INIT seed="2,1,1,3,3,12" ten="259,250,251,230" oya="2" hai0="103,93,48,42,13,57,14,76,79,74,91,81,72" hai1="28,31,11,123,114,27,86,82,34,112,100,63,126" hai2="56,85,52,92,60,67,61,131,89,2,101,130,70" hai3="134,15,135,16,17,0,95,108,104,3,125,68,58"/><V23/><F2/><N who="3" m="555" /><G68/><T124/><D124/><U9/><E126/><V83/><F101/><W5/><G125/><T8/><D103/><U62/><E100/><V94/><REACH who="2" step="1"/><F23/><REACH who="2" ten="259,250,241,230" step="2"/><W120/><G104/><T87/><D8/><U105/><E105/><V113/><F113/><W40/><G120/><T80/><REACH who="0" step="1"/><D57/><REACH who="0" ten="249,250,241,230" step="2"/><U65/><E9/><V26/><F26/><W19/><G58/><T39/><D39/><U10/><E11/><V33/><F33/><W35/><G35/><T29/><D29/><U51/><E10/><V115/><F115/><W111/><G15/><T44/><AGARI ba="1,3" hai="13,14,42,44,48,72,74,76,79,80,81,87,91,93" machi="44" ten="30,4000,0" yaku="1,1,0,1,9,1,53,0" doraHai="12" doraHaiUra="110" who="0" fromWho="0" sc="249,73,250,-11,241,-21,230,-11" /><INIT seed="3,0,0,0,0,86" ten="322,239,220,219" oya="3" hai0="12,84,17,65,99,41,27,44,76,20,122,28,120" hai1="104,21,3,45,69,71,93,97,37,121,113,10,123" hai2="115,63,133,40,105,29,79,32,124,126,62,1,7" hai3="68,96,50,58,24,114,128,46,85,34,92,43,60"/><W53/><G114/><T66/><D122/><N who="1" m="46603" /><E93/><V36/><F115/><W47/><G128/><T88/><D120/><U80/><E21/><V48/><F105/><W22/><G34/><T87/><D84/><U55/><E55/><V127/><F133/><W107/><G107/><T129/><D99/><U94/><E94/><V111/><F111/><W52/><G85/><T90/><D76/><U132/><E80/><V6/><F79/><W23/><G68/><T49/><D129/><U51/><E51/><V103/><F103/><W9/><G9/><N who="0" m="6287" /><D90/><U125/><E132/><V2/><F48/><N who="3" m="28823" /><G24/><T67/><D67/><U74/><E74/><V95/><F95/><AGARI ba="0,0" hai="20,27,28,41,44,49,65,66,87,88,95" m="6287" machi="95" ten="30,3900,0" yaku="8,1,52,1,54,1" doraHai="86" who="0" fromWho="2" sc="322,39,239,0,220,-39,219,0" owari="361,46.1,239,3.9,181,-31.9,219,-18.1" /></mjloggm>