<mjloggm ver="2.3"><GO type="225" lobby="0"/><UN n0="%6E%69%63%6F%6E%74%6F" n1="%E3%81%AF%E3%82%88%E3%81%8A%E3%81%98%E3%81%95%E3%82%93" n2="%72%61%6B%33" n3="%E6%80%AA%E3%81%97%E3%81%99%E3%81%8E%E3%82%8B%E3%83%81%E3%83%BC" dan="17,16,17,16" rate="2142.16,2189.95,2260.13,2157.59" sx="M,M,M,M"/><TAIKYOKU oya="0"/><INIT seed="0,0,0,4,4,103" ten="250,250,250,250" oya="0" hai0="81,63,75,124,79,49,2,111,130,117,22,83,60" hai1="12,127,25,53,5,110,93,102,38,51,96,10,48" hai2="46,94,67,24,30,115,23,89,91,99,42,80,107" hai3="34,3,11,69,37,59,29,116,78,20,105,52,32"/><T82/><D117/><U4/><E38/><V112/><F67/><W17/><G69/><T104/><D2/><U9/><E110/><V125/><F125/><W0/><G37/><T61/><D124/><U84/><E127/><V109/><F109/><W16/><G105/><T126/><D126/><U100/><E102/><V71/><F71/><W56/><G78/><T15/><D111/><U26/><E84/><V76/><F91/><W101/><G101/><T88/><D130/><U74/><E74/><V39/><REACH who="2" step="1"/><F107/><REACH who="2" ten="250,250,240,250" step="2"/><W95/><G116/><T43/><D104/><U132/><E132/><V57/><F57/><W119/><G59/><T6/><D88/><U135/><E135/><V62/><F62/><W114/><G56/><T28/><D28/><U106/><E106/><V97/><F97/><W86/><G29/><T77/><D75/><AGARI ba="0,1" hai="23,24,30,39,42,46,75,76,80,89,94,99,112,115" machi="75" ten="30,2000,0" yaku="1,1,7,1,53,0" doraHai="103" doraHaiUra="45" who="2" fromWho="0" sc="250,-20,250,0,240,30,250,0" /><INIT seed="1,0,0,4,3,72" ten="230,250,270,250" oya="1" hai0="13,63,78,44,12,62,110,104,95,74,109,120,124" hai1="25,73,135,16,60,6,18,5,65,91,89,80,94" hai2="132,31,129,127,46,134,48,107,97,119,8,52,22" hai3="93,15,108,27,21,49,38,128,99,83,118,70,9"/><U122/><E122/><V61/><F119/><W81/><G38/><T69/><D120/><U50/><E135/><V86/><F127/><W3/><G3/><T29/><D104/><U59/><E50/><V96/><F129/><W67/><G108/><N who="0" m="41579" /><D124/><U114/><E114/><V82/><F8/><W28/><G128/><T24/><D95/><U55/><E65/><V88/><F61/><N who="0" m="23050" /><D69/><U79/><E91/><V117/><F117/><W51/><G67/><T20/><D44/><U53/><E55/><V7/><F7/><N who="3" m="3519" /><G70/><T111/><N who="0" m="41587" /><T45/><DORA hai="2" /><D45/><U35/><E35/><V125/><F125/><W1/><G1/><T47/><D47/><U14/><E18/><V100/><REACH who="2" step="1"/><F97/><REACH who="2" ten="230,250,260,250" step="2"/><W34/><G118/><T56/><D56/><U11/><E25/><AGARI ba="0,1" hai="22,25,31,46,48,52,82,86,88,96,100,107,132,134" machi="25" ten="40,8000,1" yaku="1,1,2,1,54,2,53,0" doraHai="72,2" doraHaiUra="33,105" who="2" fromWho="1" sc="230,0,250,-80,260,90,250,0" /><INIT seed="2,0,0,4,2,33" ten="230,170,350,250" oya="2" hai0="47,82,6,10,127,7,114,70,32,9,8,101,95" hai1="11,65,131,19,116,123,24,117,45,107,83,2,109" hai2="37,13,23,5,129,54,63,46,122,105,26,135,126" hai3="90,41,103,71,80,78,20,25,133,16,88,104,125"/><V66/><F105/><W84/><G71/><T51/><D114/><U119/><E107/><V75/><F75/><W89/><G125/><T21/><D70/><U1/><E65/><V35/><F35/><W57/><G133/><T111/><D111/><U0/><E45/><V59/><F129/><W124/><G124/><T93/><D32/><U3/><E83/><V86/><F122/><W74/><G41/><N who="0" m="25071" /><D127/><U121/><E109/><V81/><F37/><W110/><G57/><T62/><D62/><U115/><E115/><V17/><F135/><W96/><REACH who="3" step="1"/><G110/><REACH who="3" ten="230,170,350,240" step="2"/><T22/><D7/><N who="1" m="1511" /><E131/><V69/><F69/><W108/><G108/><T76/><D6/><U48/><E48/><V94/><F5/><W18/><G18/><T106/><D106/><U28/><E19/><V128/><F17/><W52/><G52/><T30/><D30/><U72/><E72/><AGARI ba="0,1" hai="16,20,25,72,74,78,80,84,88,89,90,96,103,104" machi="72" ten="40,5200,0" yaku="1,1,54,2,53,0" doraHai="33" doraHaiUra="34" who="3" fromWho="1" sc="230,0,170,-52,350,0,240,62" /><INIT seed="3,0,0,4,4,127" ten="230,118,350,302" oya="3" hai0="116,121,77,38,15,94,8,88,2,93,48,28,82" hai1="47,9,34,99,122,68,96,18,71,52,19,103,31" hai2="49,12,107,97,91,134,111,101,10,63,70,104,22" hai3="124,129,105,102,25,89,43,106,72,23,74,50,11"/><W58/><G129/><T0/><D116/><U112/><E112/><V1/><F1/><W95/><G124/><T24/><D121/><U21/><E122/><V109/><F134/><W53/><G43/><T114/><D38/><U3/><E34/><V35/><F35/><W81/><G11/><T54/><D114/><U79/><E31/><V78/><F78/><W14/><G14/><T84/><D94/><U76/><E3/><V87/><F107/><W80/><G105/><T30/><D24/><U32/><E32/><V4/><F49/><W125/><G125/><T108/><D2/><U13/><E68/><V75/><F75/><W123/><G123/><T133/><D133/><U73/><E71/><V26/><F63/><W86/><G72/><T60/><D60/><U29/><E29/><V100/><F100/><W51/><G74/><T62/><D62/><U46/><E73/><V126/><F70/><W92/><G51/><T37/><D37/><U66/><E66/><V131/><F131/><W119/><G106/><T115/><D108/><N who="2" m="41546" /><F126/><W27/><G119/><T57/><D0/><U6/><E6/><V56/><F56/><W120/><G120/><T45/><D57/><U7/><E7/><V61/><F61/><W69/><G69/><T85/><REACH who="0" step="1"/><D115/><REACH who="0" ten="220,118,350,302" step="2"/><U40/><E40/><V113/><F113/><W5/><G27/><T39/><D39/><U59/><E47/><V42/><F26/><W33/><G33/><T128/><D128/><U90/><E46/><V41/><F41/><W65/><G25/><T110/><D110/><U118/><E118/><V117/><F42/><RYUUKYOKU ba="0,1" sc="220,30,118,-10,350,-10,302,-10" hai0="8,15,28,30,45,48,54,77,82,84,85,88,93" owari="250,-15.0,108,-39.2,350,45.0,292,9.2" /></mjloggm>