<mjloggm ver="2.3"><GO type="225" lobby="0"/><UN n0="%72%69%6F%75%63%68%61%6E" n1="%E3%83%AD%E3%83%83%E3%83%86%E9%9B%80%E7%90%83" n2="%E3%81%BF%E3%81%BF%E3%81%9A" n3="%33%74%72%65%65" dan="17,17,17,16" rate="2148.86,2234.86,2202.27,2146.04" sx="M,M,M,F"/><TAIKYOKU oya="0"/><INIT seed="0,0,0,4,2,115" ten="250,250,250,250" oya="0" hai0="127,31,135,47,21,113,15,89,64,130,126,3,122" hai1="96,84,13,2,93,0,71,95,40,32,72,104,48" hai2="107,131,73,23,123,25,7,16,112,9,111,14,52" hai3="133,118,20,29,49,42,63,8,57,35,77,74,110"/><T51/><D113/><U38/><E38/><V43/><F112/><W100/><G110/><T128/><D122/><U116/><E72/><V81/><F111/><W5/><G133/><T34/><D3/><U45/><E71/><V70/><F123/><W6/><G35/><T80/><D64/><U102/><E32/><V36/><F131/><N who="0" m="50218" /><D34/><U83/><E116/><V39/><F107/><W46/><G100/><T11/><D31/><U90/><E95/><V106/><F106/><W22/><G118/><T24/><D80/><U55/><E40/><V26/><F70/><W125/><G125/><N who="0" m="47627" /><D89/><U4/><E4/><V76/><F43/><W28/><G5/><N who="0" m="3567" /><D21/><U41/><E13/><V53/><F39/><W60/><G22/><T117/><D24/><U120/><E120/><V65/><F36/><W129/><G129/><T67/><D67/><U85/><E41/><V37/><F37/><W134/><G20/><T82/><D82/><U86/><E86/><V97/><F65/><W61/><G28/><T44/><D44/><U30/><E30/><V124/><F124/><W78/><G29/><T99/><D99/><U19/><E19/><V69/><F69/><W66/><G66/><T1/><D1/><U68/><E68/><V91/><REACH who="2" step="1"/><F26/><REACH who="2" ten="250,250,240,250" step="2"/><W109/><G109/><T119/><D135/><U94/><REACH who="1" step="1"/><E104/><REACH who="1" ten="250,240,240,250" step="2"/><V108/><F108/><W105/><G105/><T58/><D58/><U114/><E114/><V56/><F56/><W75/><G57/><T18/><D18/><U87/><E87/><V101/><F101/><W79/><G134/><T10/><D10/><U92/><E92/><AGARI ba="0,2" hai="7,9,14,16,23,25,52,53,73,76,81,91,92,97" machi="92" ten="40,8000,1" yaku="1,1,6,1,54,2,53,0" doraHai="115" doraHaiUra="59" who="2" fromWho="1" sc="250,0,240,-80,240,100,250,0" /><INIT seed="1,0,0,2,2,35" ten="250,160,340,250" oya="1" hai0="86,43,11,74,122,53,6,30,88,57,77,91,32" hai1="7,38,120,72,108,45,12,90,126,99,109,60,83" hai2="13,56,55,67,42,93,15,44,27,82,128,18,29" hai3="79,125,132,111,78,97,114,96,94,73,1,65,26"/><U54/><E120/><V33/><F128/><W41/><G114/><T129/><D129/><U49/><E38/><V5/><F67/><W80/><G1/><T17/><D122/><U135/><E135/><V47/><F82/><W75/><G65/><T8/><D43/><U36/><E36/><V22/><F42/><W95/><G41/><T39/><D39/><U10/><E126/><V51/><F15/><W107/><G26/><T66/><D66/><U34/><E34/><V14/><F14/><W9/><G9/><T28/><D74/><U127/><E127/><V100/><F100/><N who="3" m="62855" /><G125/><T110/><D110/><N who="1" m="42603" /><E60/><V134/><F134/><W112/><G111/><T121/><D121/><U69/><E69/><V71/><F71/><W117/><G132/><T50/><D17/><U0/><E12/><V68/><F68/><W113/><G117/><T24/><D28/><U131/><E131/><V40/><F40/><W16/><G16/><T21/><D32/><U61/><E61/><V76/><F76/><W89/><G95/><T118/><D118/><U104/><E104/><V48/><F93/><W52/><G113/><T116/><D116/><U124/><E124/><V98/><F51/><W92/><G112/><T19/><D19/><U62/><E62/><V87/><F33/><W63/><G94/><T85/><D77/><N who="1" m="44455" /><E99/><V102/><F29/><W123/><G123/><T20/><D20/><U37/><E37/><V119/><F119/><W106/><G106/><T58/><D21/><U81/><E81/><V103/><F98/><W31/><G80/><N who="0" m="49191" /><D30/><U46/><E46/><N who="2" m="17451" /><F87/><W3/><G97/><RYUUKYOKU ba="0,0" sc="250,-15,160,15,340,15,250,-15" hai1="0,7,10,45,49,54,90" hai2="5,13,18,22,27,48,55,56,102,103" /><INIT seed="1,1,0,1,3,94" ten="235,175,355,235" oya="1" hai0="93,25,69,44,48,72,36,129,77,120,31,30,101" hai1="39,38,57,14,37,108,10,68,2,15,47,55,80" hai2="58,115,89,35,79,98,23,128,49,100,87,116,119" hai3="127,34,91,85,110,104,126,4,33,71,86,92,64"/><U112/><E112/><V125/><F35/><N who="3" m="13323" /><G104/><T130/><D120/><U11/><E108/><V50/><F23/><W53/><G110/><T102/><D69/><U63/><E68/><V96/><F58/><W3/><G53/><T19/><D36/><U75/><E47/><V111/><F111/><W74/><G74/><T8/><D77/><U26/><E26/><V56/><F56/><W28/><G28/><N who="0" m="10795" /><D72/><U105/><E105/><V42/><F42/><W67/><G85/><T131/><D93/><U70/><E70/><V107/><F125/><N who="3" m="47627" /><G71/><T32/><D32/><U46/><E46/><V60/><F115/><W45/><G45/><T7/><D25/><U118/><E118/><V43/><F43/><W114/><G114/><T90/><D19/><U73/><E2/><V99/><F119/><W6/><G3/><N who="0" m="127" /><D90/><U1/><E1/><V82/><F116/><W16/><G16/><T109/><D109/><U76/><REACH who="1" step="1"/><E75/><REACH who="1" ten="235,165,355,235" step="2"/><V20/><F107/><W40/><G40/><AGARI ba="1,1" hai="40,44,48,101,102,129,130,131" m="127,10795" machi="40" ten="30,1000,0" yaku="19,1" doraHai="94" who="0" fromWho="3" sc="235,23,165,0,355,0,235,-13" /><INIT seed="2,0,0,1,1,39" ten="258,165,355,222" oya="2" hai0="10,128,31,23,65,4,0,63,11,87,92,48,95" hai1="81,100,117,50,109,2,110,41,116,93,88,134,57" hai2="58,80,19,115,66,61,53,107,118,32,15,90,101" hai3="130,35,62,108,105,103,122,78,43,40,6,49,124"/><V1/><F115/><W75/><G122/><T89/><D128/><U51/><E2/><V45/><F118/><W125/><G130/><T47/><D11/><U29/><E134/><V24/><F1/><W69/><G108/><N who="1" m="41578" /><E100/><V106/><F101/><W98/><G35/><T127/><D127/><N who="3" m="48713" /><G6/><T46/><D95/><U17/><E81/><V121/><F121/><W135/><G135/><T111/><D111/><U68/><E68/><V102/><F102/><W59/><G49/><T7/><D7/><U33/><E17/><V131/><F131/><W83/><G69/><T13/><D48/><U42/><E29/><V52/><F32/><W34/><G34/><T126/><D126/><U3/><E3/><V84/><F24/><W26/><G26/><N who="0" m="16863" /><D0/><U94/><E94/><V97/><F97/><W8/><G8/><T119/><D119/><N who="1" m="45643" /><E33/><V79/><F79/><W54/><AGARI ba="0,0" hai="40,43,54,59,62,75,78,83,98,103,105" m="48713" machi="54" ten="30,4000,0" yaku="18,1,52,2" doraHai="39" who="3" fromWho="3" sc="258,-10,165,-10,355,-20,222,40" /><INIT seed="3,0,0,5,5,46" ten="248,155,335,262" oya="3" hai0="86,128,0,38,5,47,19,39,7,21,115,18,28" hai1="26,105,36,88,27,124,57,130,69,29,15,123,48" hai2="59,92,54,75,56,33,93,37,10,65,17,91,79" hai3="40,55,107,53,41,134,84,73,78,24,80,109,120"/><W60/><G120/><T8/><D86/><U9/><E124/><V121/><F33/><W99/><G134/><T113/><D128/><U85/><E130/><V83/><F37/><N who="0" m="13834" /><D7/><U52/><E123/><V22/><F10/><W102/><G109/><T76/><D76/><U103/><E69/><V106/><F106/><W44/><G40/><T51/><D28/><U90/><E36/><V108/><F108/><W94/><G24/><N who="1" m="9258" /><E105/><V118/><F118/><W133/><G41/><N who="0" m="25071" /><D21/><U117/><E117/><V67/><F93/><W23/><G23/><T61/><D61/><U104/><E104/><V71/><F92/><W6/><G6/><T111/><D111/><U13/><E29/><V11/><F75/><W112/><G133/><T63/><D63/><U77/><E103/><V58/><F121/><W82/><G60/><T101/><D101/><U16/><E15/><V132/><F132/><W12/><G12/><T114/><AGARI ba="0,0" hai="0,5,8,18,19,113,114,115" m="25071,13834" machi="114" ten="40,2700,0" yaku="11,1,52,1" doraHai="46" who="0" fromWho="0" sc="248,27,155,-7,335,-7,262,-13" owari="275,7.5,148,-35.2,328,42.8,249,-15.1" /></mjloggm>