<mjloggm ver="2.3"><GO type="225" lobby="0"/><UN n0="%4D%6F%6E%61%6E%61" n1="%E6%98%93%E5%88%A9%E8%96%A9%E4%BC%AF" n2="%61%6D%65%6B%69" n3="%E3%81%AF%E3%82%88%E3%81%8A%E3%81%98%E3%81%95%E3%82%93" dan="16,16,16,17" rate="2079.02,2024.45,2082.74,2143.64" sx="F,F,M,M"/><TAIKYOKU oya="0"/><INIT seed="0,0,0,1,2,77" ten="250,250,250,250" oya="0" hai0="131,125,52,44,107,119,104,57,113,66,22,37,103" hai1="46,100,2,43,31,127,26,5,96,91,73,97,130" hai2="128,82,27,45,32,117,50,10,90,76,63,120,118" hai3="70,24,124,18,33,86,121,71,79,133,65,93,42"/><T55/><D113/><U51/><E130/><V115/><F115/><W3/><G3/><T40/><D119/><N who="2" m="45578" /><F120/><W23/><G121/><T4/><D125/><U101/><E127/><V8/><F63/><W34/><G124/><T19/><D131/><U14/><E2/><V58/><F58/><W110/><G110/><T75/><D75/><U72/><E5/><V7/><F7/><W29/><G133/><T0/><D66/><U54/><E14/><V20/><F32/><W85/><G42/><T12/><D103/><U129/><E43/><N who="2" m="24895" /><F90/><W61/><G71/><T6/><D55/><U109/><E109/><V122/><F122/><W11/><G11/><T49/><REACH who="0" step="1"/><D4/><REACH who="0" ten="240,250,250,250" step="2"/><U38/><E129/><V69/><F128/><W87/><G79/><T95/><D95/><U59/><E73/><N who="2" m="43279" /><F69/><W89/><G34/><T47/><D47/><U36/><E72/><V81/><F81/><W102/><G102/><T98/><D98/><U80/><E46/><V56/><F56/><W105/><G105/><T41/><D41/><U25/><E101/><V60/><F60/><W126/><G126/><T13/><D13/><AGARI ba="0,1" hai="13,18,23,24,29,33,61,65,70,85,86,87,89,93" machi="13" ten="30,1000,0" yaku="7,1" doraHai="77" who="3" fromWho="0" sc="240,-10,250,0,250,0,250,20" /><INIT seed="1,0,0,1,1,62" ten="230,250,250,270" oya="1" hai0="8,59,118,85,125,96,123,108,31,89,54,12,88" hai1="133,51,34,18,90,132,109,134,23,1,113,32,42" hai2="24,126,6,120,81,4,49,29,3,55,69,71,122" hai3="65,129,84,106,128,73,33,17,79,66,94,40,7"/><U95/><E113/><V111/><F111/><W78/><G106/><T72/><D108/><U98/><E1/><V36/><F36/><W27/><G7/><T93/><D118/><U10/><E10/><V19/><F126/><W39/><G73/><T119/><D119/><U13/><REACH who="1" step="1"/><E109/><REACH who="1" ten="230,240,250,270" step="2"/><V135/><F3/><W30/><G128/><T50/><D125/><U91/><E91/><V67/><F122/><W100/><G129/><T9/><D123/><U116/><E116/><V28/><F120/><W48/><G79/><T21/><D72/><U127/><E127/><V103/><F135/><W92/><G78/><T37/><D37/><U45/><AGARI ba="0,1" hai="13,18,23,32,34,42,45,51,90,95,98,132,133,134" machi="45" ten="40,12000,1" yaku="1,1,0,1,20,1,53,1" doraHai="62" doraHaiUra="15" who="1" fromWho="1" sc="230,-40,240,130,250,-40,270,-40" /><INIT seed="1,1,0,3,1,119" ten="190,370,210,230" oya="1" hai0="56,90,112,11,121,108,52,114,92,122,21,25,33" hai1="26,129,23,20,59,117,10,30,27,16,124,111,36" hai2="76,34,13,115,103,110,120,109,53,15,67,35,132" hai3="105,83,131,41,135,44,51,42,40,96,46,5,134"/><U97/><E36/><V62/><F115/><W72/><G5/><T49/><D33/><N who="1" m="20695" /><E97/><V94/><F132/><N who="3" m="50731" /><G131/><T69/><D69/><U123/><E59/><V3/><F3/><W91/><G46/><T74/><D74/><U89/><E89/><V130/><F130/><W68/><G68/><T106/><D106/><U12/><E129/><V38/><F38/><W100/><G91/><T29/><D108/><N who="2" m="41578" /><F76/><AGARI ba="1,0" hai="40,41,42,44,51,72,76,83,96,100,105" m="50731" machi="76" ten="30,1000,0" yaku="20,1" doraHai="119" who="3" fromWho="2" sc="190,0,370,0,210,-13,230,13" /><INIT seed="2,0,0,0,0,69" ten="190,370,197,243" oya="2" hai0="41,89,66,23,75,31,44,21,103,78,101,82,2" hai1="70,17,107,8,112,33,102,117,36,77,109,62,94" hai2="5,80,63,105,22,20,121,98,38,92,68,19,46" hai3="73,48,29,97,91,43,115,132,83,52,61,51,50"/><V71/><F121/><W53/><G132/><T10/><D66/><N who="1" m="41303" /><E94/><V12/><F105/><W122/><G122/><T24/><D21/><U13/><E112/><V110/><F110/><W45/><G115/><T16/><D89/><U76/><E36/><V0/><F63/><W104/><G29/><T34/><D34/><U124/><E117/><V28/><F80/><W74/><G61/><T86/><D86/><U11/><E11/><V130/><F130/><W6/><G6/><N who="0" m="1367" /><D31/><U134/><E124/><V58/><F58/><W96/><G104/><T119/><D119/><U15/><E15/><V133/><F133/><W113/><G113/><T128/><D128/><U123/><E123/><V3/><F3/><W118/><G118/><T84/><D84/><U93/><E93/><V1/><F1/><W26/><G26/><T120/><D120/><U72/><E72/><V59/><F59/><N who="3" m="33159" /><G74/><T126/><D126/><U116/><E116/><V25/><F5/><W35/><G35/><T55/><D55/><U39/><E39/><AGARI ba="0,0" hai="16,23,24,39,41,44,75,78,82,101,103" m="1367" machi="39" ten="30,3900,0" yaku="25,1,52,1,54,1" doraHai="69" who="0" fromWho="1" sc="190,39,370,-39,197,0,243,0" /><INIT seed="3,0,0,4,0,78" ten="229,331,197,243" oya="3" hai0="45,53,104,127,89,2,9,112,108,38,10,30,102" hai1="88,114,23,84,54,122,87,36,60,61,105,11,100" hai2="62,47,66,101,19,20,77,52,99,15,73,133,135" hai3="81,130,70,58,8,93,33,69,103,80,6,16,56"/><W7/><G33/><T63/><D108/><U64/><E36/><V111/><F111/><W129/><G93/><T46/><D30/><U28/><E114/><V21/><F21/><W5/><G103/><T72/><D72/><U107/><E87/><V121/><F121/><W124/><G124/><T41/><D102/><U48/><E11/><V120/><F120/><W131/><G16/><T115/><D104/><U32/><E61/><V13/><F13/><W42/><G42/><N who="0" m="22743" /><D89/><U24/><E23/><V106/><F66/><W113/><G8/><T22/><D22/><U44/><E100/><V49/><REACH who="2" step="1"/><F62/><REACH who="2" ten="229,331,187,243" step="2"/><W76/><G113/><N who="0" m="43595" /><D2/><U109/><E122/><V83/><AGARI ba="0,1" hai="15,19,20,47,49,52,73,77,83,99,101,106,133,135" machi="83" ten="30,7900,0" yaku="1,1,0,1,52,1,54,1,53,0" doraHai="78" doraHaiUra="0" who="2" fromWho="2" sc="229,-20,331,-20,187,89,243,-39" owari="209,-19.1,311,41.1,276,7.6,204,-29.6" /></mjloggm>