<mjloggm ver="2.3"><GO type="225" lobby="0"/><UN n0="%E4%BF%BA%E3%81%A8%E5%A6%96%E5%A4%A2" n1="%E3%82%8C%E3%81%99%E3%81%93" n2="%77%72%77%72%77%72%77%72" n3="%E9%B3%B3%E6%9D%B1%E3%81%AE%E3%81%BF%E3%81%91%E3%81%AB%E3%82%83%E3%82%93" dan="17,16,17,17" rate="2213.30,2108.70,2251.10,2174.22" sx="F,F,M,F"/><TAIKYOKU oya="0"/><INIT seed="0,0,0,1,2,52" ten="250,250,250,250" oya="0" hai0="104,72,97,111,120,8,121,95,62,12,106,34,77" hai1="43,84,83,57,96,78,69,117,0,64,132,37,31" hai2="124,10,58,14,33,89,122,27,21,61,126,113,59" hai3="107,3,100,90,22,40,67,48,24,80,127,35,134"/><T94/><D34/><U15/><E117/><V32/><F113/><W39/><G3/><T123/><D62/><U49/><E0/><V41/><F41/><W17/><G39/><T108/><D8/><U6/><E132/><V29/><F122/><W44/><G134/><T5/><D5/><U125/><E125/><N who="2" m="48235" /><F89/><W75/><G127/><T93/><D12/><U135/><E135/><V23/><F61/><W55/><G35/><N who="2" m="13385" /><F23/><W99/><G67/><T115/><D115/><U109/><E109/><N who="0" m="42057" /><D97/><U102/><E69/><V19/><AGARI ba="0,0" hai="10,14,19,21,27,29,58,59" m="13385,48235" machi="19" ten="30,4000,0" yaku="18,1,52,2" doraHai="52" who="2" fromWho="2" sc="250,-20,250,-10,250,40,250,-10" /><INIT seed="1,0,0,5,1,47" ten="230,240,290,240" oya="1" hai0="60,19,111,126,98,53,12,132,122,58,85,49,95" hai1="80,105,13,84,23,91,41,119,72,78,77,113,88" hai2="81,76,118,74,44,46,54,18,101,127,55,21,3" hai3="99,134,15,33,6,4,35,38,5,124,116,17,87"/><U61/><E113/><V59/><F118/><W34/><G38/><T63/><D111/><U67/><E119/><V94/><F3/><W16/><G116/><T40/><D132/><U48/><E105/><V71/><F71/><W42/><G134/><T28/><D126/><U30/><E72/><V75/><F75/><W125/><G99/><T1/><D1/><U131/><E78/><V83/><F83/><W2/><G87/><T97/><D28/><U92/><E131/><V79/><F79/><W73/><G42/><T65/><D40/><U110/><E110/><V68/><F68/><W121/><G73/><T37/><D37/><U66/><E61/><V112/><F127/><N who="3" m="48715" /><G121/><T20/><D122/><U10/><E77/><V117/><F112/><W22/><G17/><T27/><D27/><N who="1" m="16767" /><E91/><V108/><F108/><W89/><G89/><N who="0" m="53679" /><D63/><U96/><E96/><V52/><F117/><W135/><G135/><T128/><D128/><U106/><E106/><V109/><F109/><W11/><AGARI ba="0,0" hai="2,4,5,6,11,15,16,22,33,34,35" m="48715" machi="11" ten="40,8000,1" yaku="18,1,34,2,54,1" doraHai="47" who="3" fromWho="3" sc="230,-20,240,-40,290,-20,240,80" /><INIT seed="2,0,0,1,1,57" ten="210,200,270,320" oya="2" hai0="90,62,64,124,81,40,99,72,127,70,85,116,102" hai1="118,101,16,113,83,106,32,97,38,22,13,65,115" hai2="88,52,59,135,33,112,36,76,79,67,51,4,50" hai3="78,49,71,128,82,27,3,96,9,46,84,122,45"/><V105/><F112/><W8/><G122/><T39/><D72/><U80/><E118/><V41/><F33/><W73/><G128/><T31/><D116/><U61/><E38/><V75/><F105/><W134/><G134/><T103/><D31/><U17/><E32/><V86/><F75/><W5/><G71/><T69/><D70/><U98/><E98/><V63/><F36/><W114/><G114/><T28/><D28/><U110/><E110/><V12/><F41/><W24/><G9/><T87/><D87/><U119/><E119/><V58/><F50/><W89/><G96/><T42/><D102/><U104/><E104/><V10/><F135/><W130/><G46/><T7/><D7/><U56/><E83/><AGARI ba="0,0" hai="4,10,12,51,52,58,59,63,67,76,79,83,86,88" machi="83" ten="30,12000,1" yaku="7,1,8,1,52,1,54,2" doraHai="57" who="2" fromWho="1" sc="210,0,200,-120,270,120,320,0" /><INIT seed="2,1,0,5,0,83" ten="210,80,390,320" oya="2" hai0="100,70,65,98,9,22,92,18,127,5,97,112,54" hai1="47,74,132,15,48,44,66,8,23,105,95,103,12" hai2="86,67,77,107,26,29,134,110,1,84,10,49,104" hai3="119,21,69,16,124,108,27,7,129,55,91,122,73"/><V37/><F37/><W58/><G119/><T41/><D112/><U2/><E2/><V68/><F68/><W17/><G122/><T88/><D127/><U78/><E105/><V40/><F67/><W43/><G69/><T32/><D32/><U72/><E132/><V11/><F134/><W25/><G73/><T111/><D111/><U71/><E71/><V52/><F40/><W133/><G133/><T116/><D116/><U87/><E66/><V99/><F1/><W96/><G108/><T34/><D34/><U85/><E23/><N who="2" m="15583" /><F107/><W93/><G129/><T38/><D41/><U63/><E63/><V117/><F104/><W56/><G124/><T109/><D38/><U64/><E64/><V106/><F106/><W6/><G43/><T102/><D109/><U14/><E8/><N who="2" m="3115" /><F77/><W0/><G0/><T59/><D65/><U94/><E78/><V76/><F110/><W81/><G81/><T101/><D70/><U121/><E121/><V60/><F60/><N who="3" m="35871" /><G58/><T51/><D9/><U50/><REACH who="1" step="1"/><E14/><REACH who="1" ten="210,70,390,320" step="2"/><V45/><F76/><W42/><G21/><T131/><D131/><U75/><E75/><V13/><F13/><W61/><G61/><T46/><D5/><U3/><E3/><V89/><F117/><W123/><G6/><T30/><D30/><U39/><E39/><V126/><F126/><W4/><G7/><T36/><D36/><U128/><E128/><V79/><F79/><W62/><G4/><T57/><REACH who="0" step="1"/><D98/><REACH who="0" ten="200,70,390,320" step="2"/><U33/><E33/><V120/><F120/><W125/><G123/><T19/><D19/><U53/><E53/><V113/><F113/><RYUUKYOKU ba="1,2" sc="200,10,70,10,390,10,320,-30" hai0="18,22,46,51,54,57,59,88,92,97,100,101,102" hai1="12,15,44,47,48,50,72,74,85,87,94,95,103" hai2="45,49,52,84,86,89,99" /><INIT seed="2,2,2,5,5,77" ten="210,80,400,290" oya="2" hai0="76,62,68,46,45,74,2,8,48,42,58,4,41" hai1="79,94,64,23,81,57,38,108,135,118,12,99,67" hai2="113,134,95,28,92,33,109,103,39,86,132,100,130" hai3="49,0,106,123,131,90,83,80,36,96,124,71,34"/><V61/><F39/><W112/><RYUUKYOKU type="yao9" ba="2,2" sc="210,0,80,0,400,0,290,0" hai3="0,34,36,49,71,80,83,90,96,106,112,123,124,131" /><INIT seed="2,3,2,4,2,122" ten="210,80,400,290" oya="2" hai0="106,100,5,14,26,118,97,45,58,129,17,125,71" hai1="22,105,132,44,103,34,38,24,84,119,83,124,61" hai2="56,40,19,32,46,36,73,48,94,111,76,18,41" hai3="11,80,62,37,57,43,50,121,77,85,109,104,75"/><V130/><F32/><W25/><G121/><T131/><D71/><U115/><E115/><V114/><F114/><W21/><G104/><T92/><D125/><U2/><E119/><V31/><F31/><W35/><G35/><T82/><D118/><U23/><E2/><V116/><F116/><W20/><G37/><T59/><D26/><U68/><E124/><V126/><F126/><W107/><G107/><T72/><D5/><U28/><E132/><V74/><F130/><N who="0" m="49674" /><D45/><U134/><E134/><V39/><F76/><W29/><G75/><T123/><D123/><U42/><E84/><V78/><F78/><W133/><G11/><N who="0" m="6367" /><D106/><U66/><REACH who="1" step="1"/><E83/><REACH who="1" ten="210,70,400,290" step="2"/><V55/><F74/><W60/><G133/><T9/><D72/><U127/><E127/><V81/><F81/><W63/><G80/><T27/><D82/><U47/><E47/><V10/><F46/><N who="3" m="25951" /><G85/><T6/><D27/><U0/><E0/><AGARI ba="3,3" hai="0,6,9,58,59,92,97,100" m="6367,49674" machi="0" ten="30,1000,0" yaku="19,1" doraHai="122" who="0" fromWho="1" sc="210,49,70,-19,400,0,290,0" /><INIT seed="3,0,0,1,1,76" ten="259,51,400,290" oya="3" hai0="97,26,28,39,125,112,66,117,46,27,88,124,59" hai1="108,29,20,22,132,65,10,70,74,135,98,115,93" hai2="72,82,38,106,50,45,81,56,5,35,58,4,119" hai3="103,100,13,61,123,86,79,91,69,80,43,15,63"/><W120/><G43/><T109/><D117/><U99/><E115/><V129/><F35/><W33/><G33/><T133/><D112/><U7/><E74/><V40/><F106/><W85/><G69/><T37/><D46/><U19/><E70/><V3/><F3/><W68/><G68/><T83/><D109/><U104/><E108/><V23/><F72/><W102/><G120/><T17/><D17/><U11/><E104/><V54/><F129/><W48/><G48/><T30/><D133/><U62/><E22/><V9/><F119/><W47/><G47/><T90/><D66/><U122/><E122/><V111/><F111/><W118/><G118/><T51/><D51/><U52/><E29/><V94/><F58/><W121/><G121/><T134/><D59/><U41/><E41/><V16/><F94/><W42/><G42/><T78/><D78/><U36/><E36/><V53/><F53/><W92/><REACH who="3" step="1"/><G123/><REACH who="3" ten="259,51,400,280" step="2"/><T49/><D49/><U18/><E62/><AGARI ba="0,1" hai="13,15,61,62,63,79,80,85,86,91,92,100,102,103" machi="62" ten="40,18000,2" yaku="1,1,2,1,8,1,52,1,53,3" doraHai="76" doraHaiUra="57" who="3" fromWho="1" sc="259,0,51,-180,400,0,280,190" owari="259,-14.1,-129,-62.9,400,20.0,470,57.0" /></mjloggm>