<mjloggm ver="2.3"><GO type="225" lobby="0"/><UN n0="%72%69%6F%75%63%68%61%6E" n1="%E3%81%82%E3%80%81%E8%B2%A0%E3%81%91%E3%81%BE%E3%81%97%E3%81%9F" n2="%E5%B0%8F%37%34" n3="%E3%81%BF%E3%81%BF%E3%81%9A" dan="16,16,16,16" rate="2090.91,2120.11,2113.87,2162.95" sx="M,M,M,M"/><TAIKYOKU oya="0"/><INIT seed="0,0,0,1,5,16" ten="250,250,250,250" oya="0" hai0="60,90,92,52,65,41,85,106,93,54,84,42,53" hai1="76,71,119,121,48,33,59,36,64,134,17,9,34" hai2="28,89,32,105,15,128,22,100,78,122,50,19,74" hai3="79,86,133,127,25,10,118,135,117,5,47,23,120"/><T27/><D106/><U55/><E119/><N who="3" m="45578" /><G47/><T8/><D8/><U49/><E121/><V61/><F122/><W24/><G86/><T112/><D112/><U1/><E36/><V62/><F128/><W35/><G79/><T38/><D38/><U129/><E134/><N who="3" m="51210" /><G120/><T131/><D131/><U96/><E129/><V101/><F74/><W43/><G43/><N who="0" m="16395" /><D27/><U12/><E76/><V88/><F78/><W63/><G63/><T2/><D2/><U114/><E49/><V13/><F62/><W99/><G99/><N who="0" m="57751" /><D93/><U58/><E114/><V29/><F105/><W66/><G66/><T14/><D14/><U125/><E1/><V75/><F15/><N who="3" m="5583" /><G127/><T4/><D4/><U130/><E125/><V103/><F61/><W98/><G98/><T45/><D45/><U91/><E130/><V69/><F50/><W46/><G46/><T94/><D94/><U21/><E71/><V116/><F116/><W102/><G102/><T115/><D115/><U97/><E97/><V68/><F69/><W37/><G37/><T56/><AGARI ba="0,0" hai="52,53,54,56,60,65,84,85" m="57751,16395" machi="56" ten="30,3000,0" yaku="8,1,54,1" doraHai="16" who="0" fromWho="0" sc="250,30,250,-10,250,-10,250,-10" /><INIT seed="0,1,0,4,5,121" ten="280,240,240,240" oya="0" hai0="117,133,77,86,81,102,118,3,63,91,2,12,115" hai1="131,110,51,9,62,124,113,112,59,101,82,39,125" hai2="100,55,64,58,46,47,68,53,104,69,108,92,5" hai3="0,8,103,89,71,88,61,134,38,128,32,44,87"/><T17/><D115/><N who="1" m="44107" /><E101/><V10/><F104/><W120/><G32/><T79/><D133/><U90/><E39/><V20/><F20/><W7/><G134/><T127/><D127/><N who="1" m="48715" /><E9/><V111/><F64/><W27/><G120/><T43/><D43/><U135/><E135/><V76/><F76/><W132/><G132/><T22/><D102/><U34/><E34/><V21/><F21/><W16/><G128/><T65/><D77/><U52/><E131/><V60/><F100/><W123/><G123/><T19/><D17/><U72/><E110/><N who="2" m="42027" /><F92/><W41/><G103/><T37/><D37/><U114/><N who="1" m="44115" /><U26/><DORA hai="24" /><E26/><V18/><F18/><W70/><G89/><T6/><D91/><U98/><E72/><V80/><F80/><W96/><G96/><T4/><D118/><U106/><E106/><V66/><F55/><W94/><G27/><T84/><D117/><U75/><E75/><V97/><F97/><W93/><G94/><T28/><D86/><N who="1" m="50519" /><E98/><V54/><F66/><W14/><G16/><T15/><D19/><U57/><E62/><V36/><F36/><W99/><G61/><T49/><D63/><U13/><E13/><N who="2" m="5327" /><F54/><W11/><G99/><T126/><D126/><U107/><E107/><V30/><F30/><W129/><G129/><T130/><D28/><U105/><E105/><V50/><F60/><W48/><G38/><T25/><D130/><U85/><E85/><V116/><F116/><W45/><G0/><T23/><D2/><U31/><E31/><V122/><F122/><W56/><G93/><T42/><D3/><U35/><E35/><RYUUKYOKU ba="1,0" sc="280,-15,240,15,240,15,240,-15" hai1="51,52,57,59" hai2="46,47,50,53,58,68,69" /><INIT seed="1,2,0,4,4,81" ten="265,255,255,225" oya="1" hai0="61,44,94,34,22,121,75,37,30,15,88,53,58" hai1="97,85,119,8,18,25,41,3,130,1,11,14,95" hai2="66,54,127,80,102,79,70,55,72,73,2,87,48" hai3="114,135,76,7,26,29,133,100,74,59,98,92,67"/><U33/><E119/><V5/><F127/><W109/><G114/><T43/><D121/><U118/><E118/><V40/><F102/><W4/><G109/><T46/><D75/><U60/><E130/><V56/><F40/><W107/><G76/><T17/><D44/><U57/><E41/><V65/><F2/><W103/><G74/><T96/><REACH who="0" step="1"/><D30/><REACH who="0" ten="255,255,255,225" step="2"/><U108/><E108/><V93/><F73/><W27/><G133/><T49/><D49/><U105/><E105/><V99/><F72/><W42/><G135/><T124/><D124/><U9/><E1/><V24/><F48/><W35/><G42/><T45/><D45/><U111/><E111/><V68/><F68/><W62/><G27/><T117/><D117/><U110/><E110/><V23/><F70/><W113/><G113/><T89/><D89/><U129/><E129/><V0/><F79/><W125/><G125/><T51/><D51/><U134/><E134/><V91/><F91/><W78/><G78/><T101/><D101/><U69/><E69/><V10/><F56/><W50/><G50/><T64/><D64/><U122/><E122/><V83/><F65/><W16/><G103/><T71/><D71/><U120/><E120/><V13/><F66/><W112/><G112/><T104/><D104/><U38/><E3/><V36/><F0/><W123/><G123/><T21/><D21/><U77/><E25/><V126/><F24/><N who="3" m="18855" /><G107/><T131/><D131/><U32/><E57/><V31/><F126/><W90/><G100/><T115/><D115/><U6/><E33/><AGARI ba="2,1" hai="15,17,22,33,34,37,43,46,53,58,61,88,94,96" machi="33" ten="40,2600,0" yaku="1,1,54,1,53,0" doraHai="81" doraHaiUra="20" who="0" fromWho="1" sc="255,42,255,-32,255,0,225,0" /><INIT seed="2,0,0,4,3,75" ten="297,223,255,225" oya="2" hai0="28,69,18,106,128,113,126,3,33,21,26,59,58" hai1="24,0,57,61,102,13,82,50,9,114,71,38,133" hai2="47,10,25,91,63,29,90,98,85,84,44,120,14" hai3="34,101,52,134,125,74,124,48,112,127,121,99,66"/><V22/><F120/><W45/><G121/><T64/><D113/><U39/><E50/><V15/><F98/><W83/><G112/><T70/><D126/><U123/><E82/><V76/><F63/><W12/><G134/><T68/><D128/><U81/><E24/><V60/><F60/><W67/><G34/><T32/><D106/><U79/><E57/><V92/><F14/><W4/><G4/><T110/><D110/><U8/><E8/><V53/><F53/><W73/><G12/><T111/><D111/><U77/><E77/><V11/><F11/><W72/><REACH who="3" step="1"/><G83/><REACH who="3" ten="297,223,255,215" step="2"/><T89/><D33/><U107/><E13/><V105/><F105/><AGARI ba="0,1" hai="45,48,52,66,67,72,73,74,99,101,105,124,125,127" machi="105" ten="50,8000,1" yaku="1,1,2,1,18,1,54,1,53,0" doraHai="75" doraHaiUra="31" who="3" fromWho="2" sc="297,0,223,0,255,-80,215,90" /><INIT seed="3,0,0,1,5,88" ten="297,223,175,305" oya="3" hai0="90,84,29,83,105,37,126,64,42,111,11,98,51" hai1="39,93,113,79,108,76,19,8,46,89,119,3,44" hai2="48,124,65,125,67,62,2,129,117,130,57,123,26" hai3="41,75,99,87,4,96,58,127,17,91,61,82,55"/><W70/><G127/><N who="2" m="48713" /><F2/><W12/><G4/><T78/><D126/><U16/><E113/><V0/><F0/><W14/><G41/><T30/><D37/><U131/><E108/><V94/><F26/><W69/><G12/><T80/><D111/><U34/><E34/><V104/><F104/><W100/><G75/><T115/><D115/><U109/><E109/><V60/><F94/><W85/><G85/><N who="0" m="48279" /><D105/><U25/><E39/><V102/><F102/><W59/><G59/><T40/><D64/><N who="2" m="24650" /><F117/><W118/><G118/><T92/><D11/><U18/><E131/><N who="2" m="50187" /><F123/><W101/><G100/><T33/><D33/><U13/><E119/><V73/><F73/><W6/><G6/><T54/><D29/><U5/><E25/><V74/><F74/><W106/><G99/><T128/><D30/><U110/><E110/><V31/><F31/><W97/><G96/><T116/><D116/><U20/><E20/><AGARI ba="0,0" hai="14,17,20,55,58,61,69,70,82,87,91,97,101,106" machi="20" ten="30,1500,0" yaku="7,1" doraHai="88" who="3" fromWho="1" sc="297,0,223,-15,175,0,305,15" owari="297,9.7,208,-19.2,175,-32.5,320,42.0" /></mjloggm>