<mjloggm ver="2.3"><GO type="225" lobby="0"/><UN n0="%E3%82%A2%E3%83%8A%E3%83%BC%E3%81%8D%E3%83%BC" n1="%E9%A2%A8%E3%81%A7%E9%B3%B4%E3%81%8F" n2="%E8%83%83%E3%81%A8%E8%85%B8" n3="%E3%81%BF%E3%81%BF%E3%81%9A" dan="17,16,17,18" rate="2100.79,2117.93,2173.27,2246.88" sx="M,M,M,M"/><TAIKYOKU oya="0"/><INIT seed="0,0,0,5,0,84" ten="250,250,250,250" oya="0" hai0="129,10,85,128,69,58,65,67,39,60,93,116,121" hai1="89,105,132,123,8,68,102,57,107,135,98,26,37" hai2="77,7,27,109,16,9,73,50,131,14,20,47,83" hai3="45,76,86,66,4,100,31,70,119,49,30,87,48"/><T25/><D116/><U3/><E68/><V125/><F109/><W106/><G119/><T56/><D121/><U75/><E37/><V6/><F131/><N who="0" m="50250" /><D39/><U41/><E123/><V111/><F111/><W36/><G36/><T115/><D115/><U23/><E75/><V43/><REACH who="2" step="1"/><F125/><REACH who="2" ten="250,250,240,250" step="2"/><W92/><G106/><T79/><D69/><U114/><E107/><V110/><F110/><W81/><G70/><T134/><D134/><U71/><E71/><V55/><F55/><W19/><G66/><T22/><D67/><U0/><E41/><V13/><F13/><W126/><G126/><T35/><D65/><U42/><E42/><V1/><F1/><W124/><G124/><T113/><D113/><U112/><E0/><V78/><F78/><W46/><G76/><T104/><D79/><U74/><E114/><V29/><AGARI ba="0,1" hai="6,7,9,14,16,20,27,29,43,47,50,73,77,83" machi="29" ten="20,5200,0" yaku="1,1,0,1,7,1,54,1,53,0" doraHai="84" doraHaiUra="96" who="2" fromWho="2" sc="250,-26,250,-13,240,62,250,-13" /><INIT seed="1,0,0,1,2,44" ten="224,237,302,237" oya="1" hai0="129,127,26,35,95,108,20,68,103,32,128,8,78" hai1="105,36,96,2,7,1,39,109,76,45,33,28,100" hai2="69,126,135,22,77,101,56,23,107,80,66,70,49" hai3="63,113,3,6,118,9,14,110,133,48,130,132,10"/><U85/><E85/><V18/><F135/><N who="3" m="51787" /><G113/><T42/><D68/><U89/><E89/><V131/><F131/><N who="0" m="50250" /><D108/><U81/><E109/><V134/><F134/><W99/><G130/><T16/><D127/><U121/><E121/><V87/><F126/><W54/><G110/><T55/><D42/><N who="1" m="22727" /><E7/><V43/><F22/><W98/><G63/><T124/><D124/><U62/><E62/><V120/><F120/><W46/><G118/><T37/><D37/><U116/><E39/><V112/><F112/><W97/><G9/><T123/><D123/><U19/><E19/><V88/><F77/><W24/><G24/><T72/><D8/><U71/><E71/><V114/><F114/><W13/><AGARI ba="0,0" hai="3,6,10,13,14,46,48,54,97,98,99" m="51787" machi="13" ten="40,2700,0" yaku="20,1,52,1" doraHai="44" who="3" fromWho="3" sc="224,-7,237,-13,302,-7,237,27" /><INIT seed="2,0,0,5,2,88" ten="217,224,295,264" oya="2" hai0="45,82,3,109,89,101,63,71,104,84,114,9,39" hai1="131,122,18,70,133,105,38,132,50,51,77,134,24" hai2="61,103,10,120,91,62,57,117,65,92,99,66,32" hai3="2,111,19,35,75,108,23,72,41,60,59,0,27"/><V15/><F117/><W43/><G35/><T31/><D114/><U17/><E105/><V86/><F120/><W102/><G102/><T100/><D109/><N who="3" m="42057" /><G41/><T125/><D125/><U121/><E70/><V116/><F32/><W76/><G43/><T124/><D124/><U83/><E38/><V7/><F116/><W16/><G19/><N who="1" m="7178" /><E24/><V5/><F5/><W4/><G76/><T123/><D123/><N who="1" m="47115" /><E131/><V52/><REACH who="2" step="1"/><F62/><REACH who="2" ten="217,224,285,264" step="2"/><W64/><G4/><T90/><D63/><U14/><E14/><V128/><F128/><W126/><G126/><T48/><D3/><AGARI ba="0,1" hai="0,2,3,16,23,27,59,60,64,72,75" m="42057" machi="3" ten="30,2000,0" yaku="14,1,54,1" doraHai="88" who="3" fromWho="0" sc="217,-20,224,0,285,0,264,30" /><INIT seed="3,0,0,4,1,91" ten="197,224,285,294" oya="3" hai0="67,19,107,2,135,70,101,116,90,50,59,53,119" hai1="9,102,78,104,98,0,77,7,94,22,28,46,30" hai2="76,31,106,122,55,47,54,128,41,75,20,110,109" hai3="65,127,36,64,88,39,29,4,6,42,97,84,86"/><W117/><G117/><T57/><D2/><U112/><E112/><V62/><F106/><W43/><G29/><T17/><D70/><U83/><E78/><V100/><F100/><W74/><G97/><T131/><D131/><U115/><E115/><V10/><F10/><W61/><G88/><T111/><D111/><N who="2" m="42506" /><F128/><W69/><G61/><T14/><D135/><U130/><E130/><V56/><F76/><W68/><G127/><T80/><D19/><U105/><E105/><V34/><F34/><W99/><G99/><T89/><D89/><U48/><E22/><V95/><F75/><AGARI ba="0,0" hai="4,6,36,39,42,43,64,65,68,69,74,75,84,86" machi="75" ten="25,2400,0" yaku="22,2" doraHai="91" who="3" fromWho="2" sc="197,0,224,0,285,-24,294,24" owari="197,-30.3,224,-17.6,261,6.1,318,41.8" /></mjloggm>