<mjloggm ver="2.3"><GO type="225" lobby="0"/><UN n0="%E6%81%A5%E6%99%92%E3%81%97" n1="%6C%61%6D%62" n2="%E3%81%BF%E3%81%BF%E3%81%9A" n3="%E3%81%8B%E3%82%8F%E3%81%A1%E3%82%83%E3%82%93%35%38" dan="16,16,18,16" rate="2113.45,2163.87,2253.44,2100.56" sx="M,M,M,M"/><TAIKYOKU oya="0"/><INIT seed="0,0,0,1,3,86" ten="250,250,250,250" oya="0" hai0="58,111,123,115,127,44,96,93,133,90,54,33,16" hai1="110,131,114,50,95,29,109,130,70,20,113,120,45" hai2="98,80,101,38,10,15,55,41,75,66,81,69,1" hai3="13,27,9,100,6,43,22,82,46,108,87,21,105"/><T7/><D115/><N who="1" m="44043" /><E29/><V116/><F116/><W99/><G108/><N who="1" m="41578" /><E20/><V126/><F1/><W121/><G27/><T68/><D123/><U53/><E95/><V77/><F126/><W11/><G11/><T0/><D33/><U40/><E120/><V73/><F55/><W76/><REACH who="3" step="1"/><G121/><REACH who="3" ten="250,250,250,240" step="2"/><T112/><D112/><U134/><E134/><V59/><F10/><W102/><G102/><T48/><D133/><U89/><E70/><V71/><F71/><W74/><G74/><T91/><D68/><U103/><E103/><V67/><F73/><W31/><G31/><T84/><D111/><U3/><E3/><V72/><F75/><W119/><G119/><T14/><D0/><U51/><E89/><V19/><F72/><W125/><G125/><T104/><D127/><U34/><E34/><V5/><F101/><W32/><G32/><T39/><D91/><U129/><E129/><V65/><F69/><W2/><G2/><T37/><D90/><U62/><E62/><V92/><F15/><W88/><G88/><T24/><D14/><U23/><E23/><V97/><F97/><W4/><G4/><T47/><D7/><U57/><AGARI ba="0,1" hai="40,45,50,51,53,57,130,131" m="41578,44043" machi="57" ten="40,8000,1" yaku="11,1,14,1,34,2" doraHai="86" who="1" fromWho="1" sc="250,-40,250,90,250,-20,240,-20" /><INIT seed="1,0,0,2,2,118" ten="210,340,230,220" oya="1" hai0="36,77,93,107,96,73,27,101,9,86,95,58,28" hai1="46,62,18,115,102,119,75,15,20,92,34,19,63" hai2="16,48,54,76,22,13,85,47,38,45,25,128,37" hai3="64,43,82,26,33,50,133,66,59,7,10,53,72"/><U87/><E115/><V6/><F128/><W131/><G131/><T30/><D36/><U44/><E119/><V106/><F106/><W69/><G69/><T32/><D30/><U122/><E122/><V91/><F76/><W99/><G133/><T41/><D41/><U4/><E75/><V105/><F105/><W94/><G33/><T61/><D73/><U97/><E34/><V89/><F89/><W98/><G98/><T104/><D9/><U108/><E108/><V12/><F6/><W49/><G26/><T39/><D39/><U60/><E4/><V132/><F132/><W5/><G82/><T0/><D0/><U2/><E2/><V42/><REACH who="2" step="1"/><F37/><REACH who="2" ten="210,340,220,220" step="2"/><W80/><G7/><T135/><D135/><U112/><E112/><V126/><F126/><W134/><G134/><T111/><D111/><U121/><E121/><V68/><F68/><W14/><G72/><T40/><D107/><U11/><REACH who="1" step="1"/><E87/><REACH who="1" ten="210,330,220,220" step="2"/><V1/><F1/><W123/><G123/><T114/><D86/><U70/><E70/><V29/><F29/><W81/><G81/><AGARI ba="0,2" hai="12,13,16,22,25,38,42,45,47,48,54,81,85,91" machi="81" ten="30,7700,0" yaku="1,1,7,1,54,1,53,1" doraHai="118" doraHaiUra="83" who="2" fromWho="3" sc="210,0,330,0,220,97,220,-77" /><INIT seed="2,0,0,3,0,61" ten="210,330,317,143" oya="2" hai0="80,125,85,66,48,129,1,52,22,36,2,42,3" hai1="115,116,58,11,56,97,10,24,88,120,20,23,14" hai2="98,37,19,64,12,91,135,104,95,15,84,13,102" hai3="5,18,107,130,32,106,50,34,27,26,25,47,59"/><V76/><F37/><W51/><G130/><T45/><D129/><U112/><E116/><V55/><F135/><W108/><G108/><T89/><D125/><U118/><E118/><V46/><F46/><W92/><G5/><T17/><D66/><U114/><E120/><V133/><F133/><W100/><G18/><T94/><D80/><U101/><E23/><V78/><F55/><W124/><G124/><T73/><D73/><U82/><E82/><V43/><F43/><W90/><G59/><T62/><D62/><U68/><E68/><V41/><F41/><W67/><G100/><T103/><D103/><U75/><E75/><V72/><F76/><W127/><G127/><T81/><D81/><U117/><E88/><V109/><F109/><W96/><G67/><T38/><REACH who="0" step="1"/><D42/><REACH who="0" ten="200,330,317,143" step="2"/><U86/><E117/><V29/><F64/><W83/><G83/><T110/><D110/><U69/><E101/><V79/><F72/><W126/><G126/><T54/><D54/><U8/><E114/><V60/><F60/><W16/><G106/><T123/><D123/><U121/><E121/><V28/><F79/><W57/><G107/><T99/><D99/><U7/><E97/><V128/><F78/><W111/><G111/><T87/><D87/><U30/><E86/><V40/><F40/><W122/><G122/><T113/><D113/><U49/><E112/><V63/><F63/><W77/><G77/><T70/><D70/><U9/><E115/><V93/><F128/><W53/><G53/><T44/><D44/><U65/><E49/><V6/><F104/><W71/><G51/><RYUUKYOKU ba="0,1" sc="200,15,330,15,317,-15,143,-15" hai0="1,2,3,17,22,36,38,45,48,52,85,89,94" hai1="7,8,9,10,11,14,20,24,30,56,58,65,69" /><INIT seed="3,1,1,0,5,45" ten="215,345,302,128" oya="3" hai0="101,74,52,5,30,6,1,3,79,46,41,110,129" hai1="91,21,76,42,82,25,94,96,88,113,89,50,62" hai2="27,97,112,35,26,47,31,105,68,108,90,38,55" hai3="14,109,51,37,43,8,34,20,10,48,24,72,39"/><W107/><G107/><T19/><D110/><U135/><E113/><V125/><F108/><W2/><G109/><T49/><D129/><U75/><E135/><V44/><F112/><W117/><G117/><T63/><D30/><U100/><E62/><V73/><F73/><W69/><G69/><T106/><D3/><U58/><E42/><V60/><F125/><W54/><G72/><T28/><D28/><U95/><E50/><V102/><F26/><W16/><G10/><T64/><D19/><U83/><E58/><V98/><F38/><W93/><G93/><T134/><D134/><U40/><E40/><V33/><F33/><W7/><G43/><T53/><D101/><U123/><E123/><V71/><F71/><W103/><G103/><T57/><D106/><U81/><REACH who="1" step="1"/><E95/><REACH who="1" ten="215,335,302,128" step="2"/><N who="2" m="56567" /><F55/><W120/><G120/><T22/><D52/><U65/><E65/><AGARI ba="1,2" hai="27,31,35,44,47,60,65,68,98,102,105" m="56567" machi="65" ten="30,1000,0" yaku="25,1" doraHai="45" who="2" fromWho="1" sc="215,0,335,-13,302,33,128,0" owari="215,-18.5,322,12.2,335,43.5,128,-37.2" /></mjloggm>