<mjloggm ver="2.3"><GO type="225" lobby="0"/><UN n0="%E8%81%B7%E6%A5%AD%E3%80%81%E9%A2%A8%32" n1="%E3%81%8F%E3%82%8A%E3%83%94%E3%83%BC" n2="%6B%73%77%72%74" n3="%41%54%53%4D" dan="16,16,17,16" rate="2083.31,2083.54,2215.08,2105.31" sx="M,M,M,M"/><TAIKYOKU oya="0"/><INIT seed="0,0,0,0,2,116" ten="250,250,250,250" oya="0" hai0="66,57,110,87,58,16,27,40,0,45,70,49,5" hai1="135,48,53,126,76,100,84,94,29,6,104,34,46" hai2="65,7,9,72,117,128,108,88,102,132,129,60,99" hai3="103,33,59,37,13,123,11,42,86,118,105,44,113"/><T63/><D110/><U125/><E104/><V98/><F72/><W22/><G33/><T121/><D121/><U111/><E111/><V115/><F115/><W20/><G113/><T25/><D87/><U82/><E135/><V106/><F108/><W96/><G118/><T31/><D5/><U71/><E71/><V61/><F117/><W83/><G59/><T21/><REACH who="0" step="1"/><D0/><REACH who="0" ten="240,250,250,250" step="2"/><U19/><E84/><V10/><F132/><W90/><G123/><T12/><D12/><U114/><E6/><AGARI ba="0,1" hai="6,11,13,20,22,37,42,44,83,86,90,96,103,105" machi="6" ten="30,1000,0" yaku="7,1" doraHai="116" who="3" fromWho="1" sc="240,0,250,-10,250,0,250,20" /><INIT seed="1,0,0,0,1,129" ten="240,240,250,270" oya="1" hai0="50,16,26,51,118,117,10,120,59,19,8,106,1" hai1="87,135,126,91,30,0,64,35,61,11,108,27,107" hai2="101,3,71,114,28,83,76,24,18,31,94,92,70" hai3="25,22,121,93,99,104,77,89,44,4,15,54,131"/><U21/><E126/><V14/><F3/><W41/><G131/><T38/><D38/><U75/><E75/><V57/><F114/><W81/><G104/><T74/><D106/><U32/><E107/><V103/><F57/><W49/><G121/><T33/><D120/><U60/><E108/><V109/><F109/><W20/><G25/><T123/><D74/><U63/><E64/><V39/><F39/><W9/><G54/><T2/><D123/><U132/><E11/><V52/><F52/><W23/><G23/><T82/><D82/><N who="1" m="49655" /><E0/><V17/><F14/><W116/><G116/><T13/><D59/><U124/><E124/><V85/><F24/><W58/><G58/><T65/><D33/><U98/><E98/><V72/><F85/><AGARI ba="0,0" hai="4,9,15,20,22,41,44,49,77,81,85,89,93,99" machi="85" ten="30,7700,0" yaku="7,1,25,2,8,1" doraHai="129" who="3" fromWho="2" sc="240,0,240,0,250,-77,270,77" /><INIT seed="2,0,0,1,4,78" ten="240,240,173,347" oya="2" hai0="42,62,21,71,125,60,33,135,93,128,119,95,112" hai1="66,111,84,45,48,83,117,38,26,61,34,96,87" hai2="102,113,90,73,36,30,58,22,10,7,132,114,122" hai3="0,63,82,109,49,8,9,97,15,104,91,110,133"/><V77/><F122/><W99/><G133/><T18/><D135/><U16/><E111/><N who="3" m="42506" /><G63/><T92/><D33/><U127/><E127/><V32/><F132/><W88/><G104/><T43/><D112/><U65/><E38/><V20/><F36/><W40/><G40/><N who="0" m="15403" /><D71/><U120/><E34/><V134/><F32/><W118/><G49/><T54/><D125/><U130/><E130/><V74/><F134/><W35/><G35/><T116/><D128/><U67/><E96/><N who="3" m="36938" /><G118/><N who="0" m="45099" /><D54/><N who="1" m="29967" /><E87/><V70/><F113/><W1/><G9/><T68/><D68/><U59/><E120/><V57/><F70/><W3/><G82/><T124/><D124/><U94/><E94/><V131/><F114/><W89/><G89/><T19/><D19/><AGARI ba="0,0" hai="0,1,3,8,15,19,88,91" m="36938,42506" machi="19" ten="40,2600,0" yaku="14,1,54,1" doraHai="78" who="3" fromWho="0" sc="240,-26,240,0,173,0,347,26" /><INIT seed="3,0,0,5,4,30" ten="214,240,173,373" oya="3" hai0="132,118,18,84,124,134,11,29,129,79,86,51,67" hai1="63,16,15,71,109,112,10,90,87,52,8,73,42" hai2="128,77,23,48,1,44,120,53,65,95,26,43,97" hai3="91,83,75,107,9,66,6,35,50,47,123,104,4"/><W39/><G35/><T103/><D118/><U55/><E73/><V25/><F128/><W117/><G117/><T38/><D38/><U70/><E42/><V92/><F1/><W37/><G123/><T126/><D129/><U54/><E112/><V82/><F120/><W3/><G66/><T89/><D103/><U131/><E109/><V121/><F121/><W108/><G108/><T58/><D29/><U116/><E116/><V78/><F65/><W80/><G6/><T14/><D79/><U106/><E106/><V57/><F82/><W5/><G5/><T100/><D100/><U69/><E131/><V13/><F13/><W2/><G2/><T12/><D14/><U110/><E8/><V127/><F127/><N who="0" m="48682" /><D86/><U98/><E98/><V62/><F25/><W135/><G39/><T64/><D67/><U46/><E110/><V7/><F7/><W125/><G125/><T81/><D64/><U28/><E28/><V68/><F68/><W85/><G37/><T115/><D115/><U20/><E10/><V133/><F133/><W119/><G135/><T99/><D99/><U17/><E17/><V40/><F40/><W36/><G119/><T130/><D130/><U19/><E19/><V113/><F113/><W111/><G36/><T60/><D60/><U122/><E63/><V34/><F34/><W105/><G111/><T32/><D32/><U56/><E122/><V88/><F92/><N who="3" m="54383" /><G75/><T72/><D72/><U24/><E70/><V27/><F27/><W33/><G33/><T61/><D61/><N who="1" m="35975" /><E69/><V0/><F0/><W102/><G107/><T101/><D134/><RYUUKYOKU ba="0,0" sc="214,-10,240,-10,173,30,373,-10" hai2="23,26,43,44,48,53,57,62,77,78,88,95,97" owari="204,-19.6,230,3.0,203,-29.7,363,46.3" /></mjloggm>