<mjloggm ver="2.3"><GO type="225" lobby="0"/><UN n0="%E3%81%8B%E3%82%8F%E3%81%A1%E3%82%83%E3%82%93%35%38" n1="%6D%75%75%73%61%6E%6D%75" n2="%E3%81%B2%E3%81%AA%E3%81%AE%E3%82%8A%E3%81%8F" n3="%E3%83%81%E3%83%AF%E3%83%AF%E9%9A%8A%E9%95%B7" dan="16,16,16,17" rate="2094.40,2124.51,2074.17,2135.63" sx="M,F,M,M"/><TAIKYOKU oya="0"/><INIT seed="0,0,0,4,3,90" ten="250,250,250,250" oya="0" hai0="10,12,26,103,29,35,62,110,134,74,101,28,108" hai1="80,88,60,76,132,68,86,121,45,49,5,130,30" hai2="97,3,70,128,13,9,50,61,98,2,79,53,71" hai3="75,107,24,129,47,20,113,95,7,59,58,21,17"/><T44/><D74/><U112/><E121/><V109/><F79/><W23/><G107/><T1/><D134/><U56/><E132/><V25/><F109/><N who="0" m="42090" /><D1/><U117/><E117/><V92/><F25/><W78/><G113/><T54/><D29/><U52/><E112/><V115/><F98/><W96/><G129/><T102/><D62/><U27/><E130/><V63/><F115/><W16/><G7/><N who="0" m="3167" /><D44/><U127/><E127/><V120/><F120/><W119/><G119/><T84/><D84/><U4/><E68/><V36/><F3/><W15/><G47/><T73/><D73/><U14/><E14/><V18/><F2/><W55/><G75/><T133/><D133/><U37/><E37/><V57/><F36/><W67/><G15/><T39/><D54/><U114/><E114/><V34/><F34/><W40/><G55/><T77/><D77/><U42/><REACH who="1" step="1"/><E76/><REACH who="1" ten="250,240,250,250" step="2"/><V46/><F128/><W91/><G78/><T65/><D39/><U51/><E51/><V83/><F71/><W82/><G24/><T22/><D65/><U11/><E11/><V105/><F70/><W8/><G67/><T135/><D135/><U48/><E48/><V64/><F64/><W38/><G38/><T123/><D123/><U0/><E0/><V32/><F50/><W41/><G8/><T124/><D124/><U104/><E104/><V126/><F9/><W31/><G20/><AGARI ba="0,1" hai="20,22,26,28,35,101,102,103" m="3167,42090" machi="20" ten="30,2900,0" yaku="14,1,10,1" doraHai="90" who="0" fromWho="3" sc="250,39,240,0,250,0,250,-29" /><AGARI ba="0,0" hai="4,5,20,27,30,42,45,49,52,56,60,80,86,88" machi="20" ten="30,12000,2" yaku="1,1,7,1,8,1,54,2,53,1" doraHai="90" doraHaiUra="19" who="1" fromWho="3" sc="289,0,240,120,250,0,221,-120" /><INIT seed="0,1,0,5,2,98" ten="289,360,250,101" oya="0" hai0="129,127,51,24,43,95,91,3,115,123,75,113,1" hai1="117,99,13,103,44,114,32,131,135,33,77,125,64" hai2="47,15,4,116,132,89,54,121,85,74,17,112,59" hai3="35,93,56,105,67,108,81,53,107,50,94,57,126"/><T60/><D123/><U6/><E117/><V23/><F121/><W21/><G35/><T49/><D75/><U34/><E125/><V106/><F112/><W88/><G126/><T61/><D127/><U31/><E114/><V122/><F122/><W128/><G128/><T73/><D73/><U96/><E131/><V30/><F74/><W40/><G108/><T7/><D129/><U110/><E110/><V97/><F132/><W22/><G40/><T68/><D24/><U101/><E135/><V0/><F30/><W111/><G111/><T9/><D1/><U72/><E64/><V45/><F4/><W133/><G133/><T79/><D79/><U87/><E72/><V46/><F0/><W11/><G11/><T86/><D51/><U119/><E119/><V76/><F76/><W69/><G69/><T109/><D109/><U84/><E44/><V90/><F116/><W118/><G118/><T18/><D18/><U28/><E77/><V42/><F42/><W39/><G39/><T78/><D78/><U19/><E6/><V65/><F65/><W66/><G81/><T130/><D130/><U37/><E37/><V14/><F14/><W52/><REACH who="3" step="1"/><G88/><REACH who="3" ten="289,360,250,91" step="2"/><T26/><D68/><U104/><E32/><V92/><F90/><W27/><G27/><T71/><D71/><U25/><E25/><V70/><F70/><W55/><G55/><T83/><D26/><U8/><E33/><V102/><REACH who="2" step="1"/><F45/><REACH who="2" ten="289,360,240,91" step="2"/><W100/><G100/><T5/><D115/><U2/><E34/><V134/><F134/><W82/><G82/><T20/><D113/><U58/><E13/><RYUUKYOKU ba="1,2" sc="289,-15,360,-15,240,15,91,15" hai2="15,17,23,46,47,54,59,85,89,92,97,102,106" hai3="21,22,50,52,53,56,57,66,67,93,94,105,107" /><INIT seed="1,2,2,1,4,6" ten="274,345,255,106" oya="1" hai0="40,52,48,15,67,37,8,114,78,42,105,122,47" hai1="21,73,134,51,11,12,18,38,30,10,112,88,110" hai2="81,3,9,25,86,113,72,119,121,127,129,96,49" hai3="69,1,109,58,23,97,93,16,68,62,104,102,32"/><U91/><E112/><V89/><F119/><W60/><G32/><T120/><D114/><U101/><E38/><V115/><F121/><N who="0" m="46698" /><D105/><U76/><E134/><V19/><F129/><W50/><G109/><T103/><D103/><U94/><E110/><V45/><F127/><W70/><G1/><T41/><D67/><U24/><E73/><V56/><F72/><W92/><G50/><T83/><D37/><U118/><E118/><V28/><F56/><W33/><G33/><T64/><D64/><U111/><E111/><V132/><F96/><W128/><G128/><T61/><D61/><U100/><E76/><V85/><F85/><W39/><G39/><T106/><D106/><U43/><E11/><V59/><F59/><W123/><G123/><T17/><D41/><U4/><E4/><V116/><F116/><W90/><G90/><N who="1" m="34346" /><E94/><V57/><F132/><W54/><REACH who="3" step="1"/><G62/><REACH who="3" ten="274,345,255,96" step="2"/><T135/><D135/><U22/><E51/><V29/><F115/><W130/><G130/><T55/><D42/><U5/><E43/><V79/><F113/><W31/><G31/><T36/><D36/><U133/><E133/><V131/><F29/><W0/><G0/><T65/><D65/><U46/><E46/><V34/><F3/><W108/><G108/><T71/><D71/><U124/><E124/><V82/><F45/><W117/><G117/><T126/><D126/><U14/><AGARI ba="2,3" hai="5,10,12,14,18,21,22,24,30,100,101" m="34346" machi="14" ten="30,6000,0" yaku="8,1,52,1,54,1" doraHai="6" who="1" fromWho="1" sc="274,-22,345,96,255,-22,96,-22" /><INIT seed="1,3,0,2,5,69" ten="252,441,233,74" oya="1" hai0="59,1,86,118,130,121,99,50,47,18,55,43,89" hai1="93,80,79,54,123,105,71,24,107,33,132,111,126" hai2="92,26,73,37,81,74,109,116,4,83,60,13,34" hai3="56,84,0,87,25,125,129,106,14,103,11,119,96"/><U44/><E123/><V3/><F116/><W30/><G119/><T128/><D118/><U9/><E71/><V2/><F60/><W17/><G125/><T61/><D1/><U12/><E126/><V104/><F104/><W10/><G129/><T58/><D121/><U45/><E132/><V32/><F92/><W31/><G31/><T29/><D29/><U91/><E111/><V63/><F63/><W39/><G39/><T133/><D133/><U108/><E108/><V42/><F13/><W23/><REACH who="3" step="1"/><G56/><REACH who="3" ten="252,441,233,64" step="2"/><T100/><D59/><U88/><E33/><V28/><F37/><W127/><G127/><T115/><D130/><U78/><E54/><V38/><F38/><W15/><G15/><T120/><D128/><U8/><E12/><V76/><F34/><W41/><G41/><T20/><D120/><U131/><E131/><V113/><F42/><W36/><G36/><T48/><D43/><U72/><E24/><V101/><F26/><W94/><G94/><N who="0" m="58487" /><D115/><U102/><E93/><V85/><F32/><W40/><G40/><T67/><D55/><U117/><E117/><V46/><F28/><W75/><G75/><T95/><D47/><U16/><E72/><V6/><F74/><W19/><G19/><T51/><D67/><U77/><E16/><V134/><F46/><N who="1" m="18025" /><E107/><V110/><F110/><W49/><G49/><T68/><D68/><U98/><E105/><V64/><F109/><W35/><G35/><T124/><D124/><U52/><E52/><V22/><F73/><W82/><G82/><T70/><D70/><U65/><E65/><V5/><F64/><RYUUKYOKU ba="3,1" sc="252,-10,441,-10,233,-10,64,30" hai3="0,10,11,14,17,23,25,30,84,87,96,103,106" /><INIT seed="2,4,1,5,5,103" ten="242,431,223,94" oya="2" hai0="1,129,34,43,98,131,2,50,40,16,4,101,12" hai1="68,66,97,128,114,71,85,26,74,57,93,59,126" hai2="72,53,78,25,67,111,110,99,51,118,45,132,108" hai3="55,11,80,15,91,77,92,84,21,42,13,87,133"/><V27/><F118/><W47/><G133/><T38/><D34/><U35/><E74/><V36/><F132/><W107/><G107/><N who="0" m="63927" /><D38/><U106/><E126/><V69/><F36/><W127/><G127/><T14/><D14/><U86/><E128/><N who="0" m="49225" /><D4/><U104/><E114/><V119/><F119/><W117/><G117/><T125/><D125/><U120/><E120/><V58/><F69/><W109/><G109/><T123/><D123/><U64/><E97/><V52/><F67/><W112/><G112/><T76/><D76/><U28/><E93/><V39/><F39/><W113/><G113/><T102/><D102/><U60/><E85/><V54/><F99/><W48/><G11/><N who="0" m="6175" /><D50/><U20/><E86/><V19/><F19/><W41/><REACH who="3" step="1"/><G21/><REACH who="3" ten="242,431,223,84" step="2"/><T29/><D29/><U79/><E20/><V18/><F108/><W31/><G31/><T10/><D10/><U96/><E28/><V17/><F110/><W3/><G3/><AGARI ba="4,2" hai="1,2,3,40,43" m="6175,49225,63927" machi="3" ten="30,3900,0" yaku="19,1,52,1,54,1" doraHai="103" who="0" fromWho="3" sc="242,71,431,0,223,0,84,-51" /><INIT seed="3,0,0,5,4,95" ten="313,431,223,33" oya="3" hai0="99,42,98,124,119,132,41,48,13,6,108,36,112" hai1="46,43,120,116,71,89,96,10,38,37,80,133,101" hai2="16,47,30,106,28,117,22,58,103,67,35,23,18" hai3="14,50,127,102,134,27,0,60,63,61,17,34,131"/><W39/><G39/><T110/><D119/><U49/><E120/><V29/><F35/><W21/><G0/><T114/><D36/><U83/><E116/><V125/><F117/><W73/><G73/><T12/><D48/><U55/><E71/><V33/><F33/><W65/><G127/><T126/><REACH who="0" step="1"/><D6/><REACH who="0" ten="303,431,223,33" step="2"/><U93/><E38/><V92/><F106/><W44/><G131/><T88/><D88/><U53/><E37/><V113/><F113/><W109/><G134/><AGARI ba="0,1" hai="12,13,41,42,98,99,108,110,112,114,124,126,132,134" machi="134" ten="25,8000,1" yaku="1,1,22,2,52,2,53,0" doraHai="95" doraHaiUra="104" who="0" fromWho="3" sc="303,90,431,0,223,0,33,-80" owari="393,19.3,431,53.1,223,-17.7,-47,-54.7" /></mjloggm>