<mjloggm ver="2.3"><GO type="225" lobby="0"/><UN n0="%E3%83%A9%E3%82%B9%E7%8E%87%EF%BC%93%E5%89%B2" n1="%38%63%E3%81%AF%E3%81%A3%E3%81%97%E3%83%BC" n2="%E5%B0%8F%E9%B3%A5%E9%81%8A%E7%B7%B4%E7%84%A1%32%31%E6%AD%B3" n3="%E3%81%82%E3%81%B9%E3%81%99%E3%81%91" dan="16,16,16,16" rate="2124.51,2130.38,2162.67,2094.31" sx="F,M,F,M"/><TAIKYOKU oya="0"/><INIT seed="0,0,0,4,3,103" ten="250,250,250,250" oya="0" hai0="97,23,28,112,70,129,30,107,87,39,108,73,43" hai1="96,8,41,54,35,36,7,84,55,69,18,128,126" hai2="47,2,104,17,72,16,114,125,57,50,127,62,121" hai3="58,52,60,111,10,106,3,86,40,11,63,122,134"/><T13/><D112/><U65/><E35/><V29/><F114/><W67/><G111/><T115/><D115/><U24/><E128/><V6/><F29/><W76/><G40/><T120/><D73/><U25/><E84/><V113/><F72/><W48/><G134/><T79/><D70/><U51/><E18/><N who="2" m="7275" /><F121/><W119/><G119/><T42/><D39/><U27/><E36/><V90/><F90/><W98/><G63/><T80/><D13/><U14/><E126/><N who="2" m="48139" /><F113/><W33/><G122/><T81/><D120/><U12/><E12/><V78/><F78/><W31/><G33/><T89/><D129/><U1/><E1/><V82/><F82/><W132/><G31/><T32/><D32/><U59/><E14/><V93/><F93/><W109/><G3/><T123/><D123/><U105/><E27/><V34/><F34/><W38/><G76/><T19/><D108/><U26/><E26/><V46/><F50/><W99/><G109/><T92/><D81/><U85/><E51/><V124/><N who="2" m="48147" /><V95/><DORA hai="45" /><F95/><W20/><G48/><T88/><D89/><U9/><E25/><V68/><F68/><W130/><G130/><T100/><D19/><U66/><E69/><V101/><F6/><W37/><G38/><T131/><D131/><U110/><E7/><V56/><F2/><W74/><G74/><N who="0" m="43127" /><D30/><U22/><E110/><V53/><F57/><W15/><G58/><T116/><D116/><U135/><E59/><V4/><F4/><W64/><G37/><T91/><D91/><U83/><E24/><AGARI ba="0,0" hai="23,24,28,42,43,87,88,92,97,100,107" m="43127" machi="24" ten="30,5800,0" yaku="24,1,52,1,54,1" doraHai="103,45" who="0" fromWho="1" sc="250,58,250,-58,250,0,250,0" /><INIT seed="0,1,0,2,2,65" ten="308,192,250,250" oya="0" hai0="130,97,94,7,62,89,20,58,98,110,16,121,134" hai1="109,86,76,55,107,31,50,92,15,4,87,59,100" hai2="5,45,47,91,73,70,44,57,48,25,126,84,135" hai3="2,123,43,131,54,125,24,106,9,22,111,88,103"/><T52/><D121/><U40/><E109/><V36/><F73/><W3/><G111/><T6/><D110/><U11/><E107/><V18/><F126/><W117/><G117/><T26/><D130/><U114/><E114/><V72/><F72/><W79/><G125/><T95/><D134/><U81/><E31/><V61/><F5/><W66/><G79/><T104/><D104/><U49/><E87/><V90/><F36/><W51/><G43/><T34/><D34/><U120/><E120/><V75/><F75/><W10/><G123/><T119/><D119/><U112/><E112/><V21/><F135/><W77/><G77/><T129/><D129/><U53/><E40/><V63/><F70/><W28/><G66/><T56/><D56/><U41/><E41/><V113/><F113/><W64/><G64/><T33/><D33/><U19/><E4/><V115/><F115/><W0/><G103/><AGARI ba="1,0" hai="6,7,16,20,26,52,58,62,89,94,95,97,98,103" machi="103" ten="30,18000,2" yaku="7,1,25,2,8,1,54,2" doraHai="65" who="0" fromWho="3" sc="308,183,192,0,250,0,250,-183" /><INIT seed="0,2,0,3,5,20" ten="491,192,250,67" oya="0" hai0="96,25,0,60,11,127,95,10,5,115,53,26,135" hai1="104,74,42,124,80,84,35,3,32,61,52,38,109" hai2="113,65,68,14,55,66,67,85,103,89,44,28,119" hai3="12,86,9,64,106,88,48,7,21,98,63,62,45"/><T2/><D115/><U78/><E109/><V116/><F68/><W57/><G106/><T1/><D135/><U90/><E3/><V120/><F120/><W107/><G107/><T70/><D127/><U121/><E121/><V24/><F103/><W129/><G129/><T79/><D79/><U102/><E124/><V71/><F14/><W130/><G130/><T4/><D2/><U87/><E87/><V16/><F113/><W18/><G98/><T133/><D133/><U49/><E61/><V118/><F71/><W34/><G34/><T51/><D60/><U132/><E42/><V108/><F108/><W97/><G97/><T131/><D70/><U37/><E132/><V56/><F44/><W117/><G117/><T17/><D17/><U77/><E77/><V81/><F16/><W33/><G33/><T69/><D69/><U111/><E32/><N who="2" m="20487" /><F66/><W47/><G48/><AGARI ba="2,0" hai="48,55,56,65,67,81,85,89,116,118,119" m="20487" machi="48" ten="30,2000,0" yaku="12,1,52,1" doraHai="20" who="2" fromWho="3" sc="491,0,192,0,250,26,67,-26" /><INIT seed="1,0,0,3,1,64" ten="491,192,276,41" oya="1" hai0="93,63,79,34,18,62,94,98,101,83,42,56,43" hai1="27,16,35,113,132,95,22,119,10,77,25,20,58" hai2="86,129,71,72,110,6,135,40,96,28,76,78,2" hai3="105,24,41,50,3,75,112,61,109,11,29,0,87"/><U130/><E119/><V133/><F110/><W47/><G75/><T46/><D34/><U116/><E116/><V57/><F40/><W125/><G109/><T33/><D33/><U123/><E123/><V14/><F2/><W38/><G125/><T91/><D18/><U36/><E36/><V122/><F72/><W117/><G117/><T44/><D43/><U67/><E35/><V26/><F129/><W134/><G134/><N who="2" m="51209" /><F86/><W32/><G112/><T65/><D63/><U131/><E113/><V127/><F127/><W15/><G105/><T73/><D42/><U111/><E111/><V21/><F57/><W120/><G120/><T48/><D48/><U126/><E126/><V1/><F1/><W74/><G74/><T13/><D13/><U8/><E77/><V60/><F96/><AGARI ba="0,0" hai="44,46,56,62,65,73,79,83,91,93,94,96,98,101" machi="96" ten="30,1000,0" yaku="7,1" doraHai="64" who="0" fromWho="2" sc="491,10,192,0,276,-10,41,0" /><INIT seed="2,0,0,1,1,129" ten="501,192,266,41" oya="2" hai0="106,111,114,87,81,102,115,131,33,72,22,55,86" hai1="21,44,28,43,80,18,97,38,117,36,15,13,130" hai2="3,96,51,128,32,133,125,124,92,49,46,85,104" hai3="90,23,6,11,39,35,53,42,108,100,56,68,57"/><V70/><F32/><W20/><G35/><T2/><D33/><U122/><E130/><V82/><F3/><W127/><G108/><T61/><D2/><U107/><E117/><V17/><F70/><W93/><G68/><T12/><D131/><U103/><E28/><V99/><F128/><W69/><G69/><T132/><D111/><U84/><E122/><V7/><F7/><W62/><G127/><T27/><D12/><U31/><E31/><V67/><F67/><W79/><G79/><T14/><D14/><U16/><E44/><V47/><F17/><W40/><G100/><T78/><D87/><U94/><E43/><V88/><F104/><W119/><G119/><T41/><D41/><U65/><E65/><V74/><F74/><W101/><G101/><T77/><D77/><U89/><REACH who="1" step="1"/><E107/><REACH who="1" ten="501,182,266,41" step="2"/><V9/><F46/><W48/><G39/><T121/><D106/><U83/><E83/><V54/><F47/><W45/><G45/><T126/><D121/><U75/><E75/><V95/><F82/><W71/><G42/><T29/><D72/><U59/><E59/><V105/><F105/><W120/><G40/><T37/><D81/><U0/><E0/><V34/><F124/><W52/><G120/><T64/><D64/><U24/><E24/><V10/><F125/><W25/><G71/><T63/><D27/><U50/><E50/><V76/><F49/><W98/><REACH who="3" step="1"/><G25/><REACH who="3" ten="501,182,266,31" step="2"/><T118/><D37/><U30/><E30/><V4/><F76/><W113/><G113/><N who="0" m="43019" /><D29/><U1/><E1/><AGARI ba="0,2" hai="1,6,11,20,23,48,52,53,56,57,62,90,93,98" machi="1" ten="30,7700,0" yaku="1,1,7,1,54,1,53,1" doraHai="129" doraHaiUra="5" who="3" fromWho="1" sc="501,0,182,-77,266,0,31,97" /><INIT seed="3,0,0,0,2,65" ten="501,105,266,128" oya="3" hai0="127,73,6,79,61,9,30,25,108,75,91,97,100" hai1="59,67,124,84,16,45,10,14,40,80,122,77,35" hai2="21,37,81,76,90,134,103,135,110,123,2,89,66" hai3="13,50,58,28,109,27,51,86,0,115,71,107,78"/><W83/><G115/><T98/><D79/><U69/><E122/><V132/><F110/><W102/><G0/><T33/><D108/><U5/><E35/><V99/><F123/><W36/><G36/><T31/><D31/><U38/><E124/><V121/><F121/><W60/><G71/><T105/><D127/><U11/><E59/><V113/><F113/><W57/><G109/><T56/><D91/><U47/><E47/><V74/><F37/><W29/><G13/><T118/><D97/><U128/><E128/><V120/><F120/><W114/><G114/><T63/><D63/><U53/><E53/><V112/><F112/><W94/><G58/><T34/><D34/><U43/><E43/><V55/><F66/><N who="3" m="39183" /><G107/><T125/><D118/><U49/><E67/><V133/><F2/><W8/><G8/><T41/><D41/><U46/><E69/><V68/><F68/><W104/><G104/><T106/><D105/><U26/><E26/><V39/><F39/><W20/><G29/><T22/><D33/><U64/><E64/><V12/><F133/><W101/><G101/><T96/><D125/><U52/><E5/><V42/><F42/><W87/><G102/><T1/><D98/><U32/><E32/><V95/><F55/><AGARI ba="0,0" hai="1,6,9,22,25,30,55,56,61,73,75,96,100,106" machi="55" ten="30,1000,0" yaku="7,1" doraHai="65" who="0" fromWho="2" sc="501,10,105,0,266,-10,128,0" owari="511,61.1,105,-39.5,256,5.6,128,-27.2" /></mjloggm>