<mjloggm ver="2.3"><GO type="225" lobby="0"/><UN n0="%E3%81%BF%E3%81%BF%E3%81%9A" n1="%E6%B4%BE%E9%81%A3%E3%81%AE%E3%82%B8%E3%83%A3%E3%83%83%E3%82%AF" n2="%E6%B0%B7%E5%B7%9D%E9%87%8C%E5%A5%88" n3="%6D%75%75%6D%75%72%61" dan="16,17,16,17" rate="2143.17,2179.25,2139.42,2223.07" sx="M,M,F,F"/><TAIKYOKU oya="0"/><INIT seed="0,0,0,1,2,118" ten="250,250,250,250" oya="0" hai0="78,72,95,112,6,23,97,36,79,75,100,87,37" hai1="52,134,31,117,128,69,26,62,33,123,98,66,58" hai2="127,45,7,106,101,70,80,113,16,27,13,28,71" hai3="77,38,90,59,83,133,19,92,43,39,94,65,32"/><T82/><D6/><U20/><E117/><V91/><F113/><W115/><G115/><T11/><D11/><U5/><E134/><V30/><F127/><W9/><G133/><T103/><D112/><U122/><E128/><V121/><F121/><W84/><G32/><T120/><D23/><U41/><E5/><V60/><F7/><W51/><G65/><T89/><D36/><U61/><E41/><V54/><F106/><W64/><G64/><T132/><D37/><U50/><E62/><V114/><F101/><N who="0" m="38986" /><D132/><U24/><E98/><V3/><F3/><W46/><G59/><T14/><D14/><U105/><E105/><V108/><F108/><W130/><G130/><T12/><D12/><U55/><E55/><V2/><F2/><W68/><G68/><T86/><D120/><U107/><E107/><V22/><F114/><W42/><G42/><T110/><D110/><U40/><E40/><V126/><F126/><W88/><G9/><T34/><D34/><U21/><E33/><V8/><F30/><AGARI ba="0,0" hai="20,21,24,26,30,31,50,52,58,61,66,69,122,123" machi="30" ten="30,8000,1" yaku="7,1,9,1,52,2,54,1" doraHai="118" who="1" fromWho="2" sc="250,0,250,80,250,-80,250,0" /><INIT seed="1,0,0,0,5,99" ten="250,330,170,250" oya="1" hai0="0,82,119,68,2,44,123,6,112,19,85,120,70" hai1="14,7,122,65,40,34,64,107,67,102,96,42,75" hai2="135,116,80,43,88,109,37,22,63,117,71,45,100" hai3="32,24,66,62,105,60,39,81,118,48,128,106,79"/><U9/><E122/><N who="0" m="46633" /><D112/><U10/><E34/><V103/><F109/><W69/><G39/><T129/><D119/><N who="2" m="45642" /><F135/><W23/><G118/><T98/><D129/><U46/><E75/><V5/><F5/><W11/><G128/><T3/><D6/><U121/><E121/><V47/><F47/><W52/><G32/><T126/><D126/><U72/><E72/><V130/><F22/><W61/><G11/><T77/><D98/><U18/><REACH who="1" step="1"/><E46/><REACH who="1" ten="250,320,170,250" step="2"/><V41/><F130/><W86/><G66/><T127/><D127/><U33/><E33/><V114/><F114/><W38/><G69/><T55/><D44/><U56/><E56/><V94/><F43/><W89/><G38/><T16/><D55/><U57/><E57/><V131/><F131/><W54/><G106/><T73/><D73/><U49/><E49/><V115/><F115/><W4/><G105/><T111/><D111/><U74/><E74/><V125/><F125/><W31/><G54/><T92/><D68/><U17/><E17/><V76/><F71/><W51/><G51/><T28/><D70/><U87/><E87/><N who="2" m="48519" /><F63/><W25/><G48/><T53/><D53/><U30/><E30/><V97/><F37/><W83/><G52/><T27/><D92/><U58/><E58/><V101/><F45/><W134/><G61/><T93/><D93/><U36/><E36/><V12/><F41/><W108/><G108/><T91/><D19/><U26/><E26/><V95/><F12/><AGARI ba="0,1" hai="7,9,10,12,14,18,40,42,64,65,67,96,102,107" machi="12" ten="40,3900,0" yaku="1,1,52,1,53,0" doraHai="99" doraHaiUra="84" who="1" fromWho="2" sc="250,0,320,49,170,-39,250,0" /><INIT seed="1,1,0,3,0,84" ten="250,369,131,250" oya="1" hai0="49,32,35,73,122,69,54,121,11,128,1,51,130" hai1="43,57,91,117,12,95,98,72,0,75,61,56,123" hai2="7,76,97,108,124,65,110,21,85,58,127,15,4" hai3="31,104,113,5,118,103,63,79,29,80,14,8,116"/><U120/><E117/><N who="3" m="45162" /><G113/><T38/><D38/><U44/><E0/><V46/><F97/><N who="3" m="61551" /><G63/><T34/><D73/><AGARI ba="1,0" hai="5,8,14,29,31,73,79,80" m="61551,45162" machi="73" ten="30,1000,0" yaku="12,1" doraHai="84" who="3" fromWho="0" sc="250,-13,369,0,131,0,250,13" /><INIT seed="2,0,0,3,3,1" ten="237,369,131,263" oya="2" hai0="50,70,92,66,80,110,40,26,28,48,37,124,97" hai1="31,15,67,99,60,68,11,100,14,65,39,102,43" hai2="62,95,55,22,38,107,13,132,89,35,90,33,72" hai3="101,123,94,111,84,121,75,129,32,118,69,126,93"/><V44/><F107/><W53/><G118/><T71/><D110/><U51/><E39/><V130/><F132/><W113/><G111/><T8/><D124/><U47/><E65/><V19/><F130/><W27/><G75/><T0/><D37/><U98/><E31/><V49/><F72/><W54/><G126/><T105/><D80/><U34/><E34/><V73/><F73/><W25/><G129/><T119/><D119/><U117/><E117/><V115/><F115/><W20/><G69/><T76/><D76/><U4/><E99/><V86/><F38/><W23/><G113/><T36/><D92/><U64/><E64/><V104/><F104/><W77/><G32/><N who="0" m="20503" /><D50/><U12/><E100/><V2/><F2/><W30/><G77/><T74/><D48/><U87/><E87/><V108/><F108/><W133/><G84/><T109/><D66/><U122/><E122/><V10/><F62/><W91/><G30/><T81/><D81/><U16/><E16/><V125/><F125/><W85/><G85/><T57/><D57/><U59/><E68/><V63/><F63/><W52/><G54/><T24/><D24/><U41/><E41/><V96/><REACH who="2" step="1"/><F22/><REACH who="2" ten="237,369,121,263" step="2"/><W127/><G127/><T45/><D109/><U88/><E60/><V106/><F106/><W21/><G21/><T112/><D74/><U120/><E120/><V5/><F5/><W83/><G133/><T82/><D112/><U7/><E4/><V78/><F78/><W134/><G134/><T42/><D105/><U103/><E7/><V17/><F17/><W56/><G123/><T6/><D36/><RYUUKYOKU ba="0,1" sc="237,-10,369,-10,121,30,263,-10" hai2="10,13,19,33,35,44,49,55,86,89,90,95,96" /><INIT seed="2,1,1,0,3,134" ten="227,359,151,253" oya="2" hai0="48,109,97,67,55,117,12,107,13,20,81,83,119" hai1="14,129,9,110,54,85,73,33,26,27,78,49,74" hai2="127,115,30,15,36,39,2,116,61,84,86,43,94" hai3="135,104,70,46,96,90,114,22,128,71,42,16,98"/><V108/><F115/><W47/><G114/><T58/><D109/><U17/><E110/><V87/><F108/><W102/><G135/><T59/><D107/><U50/><E85/><V28/><F116/><N who="0" m="44618" /><D97/><U53/><E78/><V5/><F2/><W79/><G79/><T31/><D31/><U82/><E82/><N who="0" m="31241" /><D20/><U75/><E129/><V35/><F94/><W45/><G128/><T18/><D18/><U52/><E33/><V8/><F127/><W103/><G42/><T95/><D95/><U3/><E3/><V123/><F123/><W10/><G10/><T64/><D64/><U1/><E1/><V11/><F11/><W122/><G90/><T19/><D19/><U6/><E17/><V4/><F4/><W38/><G38/><T130/><D130/><U68/><E68/><V57/><F43/><W29/><G29/><T76/><D76/><U126/><E126/><V21/><F35/><W7/><G7/><T44/><D67/><U93/><E93/><V80/><F80/><W66/><G66/><T125/><D125/><U32/><E32/><V23/><F28/><W88/><G88/><T65/><D65/><U89/><E89/><V37/><REACH who="2" step="1"/><F30/><REACH who="2" ten="227,359,141,253" step="2"/><W72/><G122/><T41/><D58/><U100/><E100/><V101/><F101/><W24/><REACH who="3" step="1"/><G72/><REACH who="3" ten="227,359,141,243" step="2"/><T132/><D132/><U77/><E77/><V133/><F133/><W0/><G0/><T111/><D111/><U112/><E112/><V56/><F56/><W69/><G69/><T118/><N who="0" m="44626" /><T99/><DORA hai="34" /><D99/><U124/><E124/><V131/><F131/><W40/><G40/><RYUUKYOKU ba="1,3" sc="227,0,359,0,141,0,243,0" hai0="12,13,41,44,48,55,59" hai1="6,9,14,26,27,49,50,52,53,54,73,74,75" hai2="5,8,15,21,23,36,37,39,57,61,84,86,87" hai3="16,22,24,45,46,47,70,71,96,98,102,103,104" /><INIT seed="2,2,3,0,0,14" ten="227,359,141,243" oya="2" hai0="40,87,30,66,55,133,116,71,102,10,65,60,91" hai1="110,57,48,33,125,38,122,132,105,118,17,100,26" hai2="53,115,20,50,44,28,11,21,12,73,9,80,29" hai3="85,64,18,16,119,4,22,78,56,130,86,123,52"/><V41/><F115/><W127/><G119/><T74/><D116/><U79/><E38/><V39/><F73/><W62/><G123/><T76/><D74/><U88/><E79/><V8/><F80/><N who="3" m="47255" /><G130/><T111/><D76/><U129/><E100/><V61/><F61/><W120/><G120/><T32/><D40/><U23/><E33/><V24/><F12/><W67/><G127/><T117/><D65/><N who="3" m="25161" /><G22/><T84/><D111/><U108/><E105/><V94/><F94/><W15/><G86/><T36/><D36/><U42/><E42/><V58/><REACH who="2" step="1"/><F20/><REACH who="2" ten="227,359,131,243" step="2"/><W107/><G107/><T92/><D60/><U134/><E23/><V93/><F93/><W112/><G112/><T95/><D95/><U82/><E110/><V25/><F25/><W6/><G15/><T113/><D92/><U2/><E108/><V96/><F96/><W34/><G34/><T124/><D113/><U69/><E26/><V83/><F83/><W70/><G70/><T46/><D71/><U131/><E82/><V103/><F103/><W68/><G68/><T13/><D102/><U90/><E69/><V128/><F128/><W3/><G3/><T1/><D32/><U97/><E2/><V59/><F59/><W101/><G101/><T126/><D1/><U37/><E97/><V72/><F72/><W81/><G81/><T19/><D126/><U114/><E125/><V89/><F89/><W54/><G54/><T75/><D124/><U98/><E98/><V106/><F106/><W43/><G43/><T31/><D55/><U45/><E129/><V99/><F99/><W63/><G63/><RYUUKYOKU ba="2,4" sc="227,-15,359,-15,131,15,243,15" hai2="8,9,11,21,24,28,29,39,41,44,50,53,58" hai3="4,6,16,18,52,56,62" /><INIT seed="2,3,4,2,0,66" ten="212,344,146,258" oya="2" hai0="40,133,5,23,41,51,46,110,112,72,4,8,49" hai1="18,62,78,36,111,6,82,32,74,104,102,117,65" hai2="130,17,27,128,55,115,95,48,67,101,124,94,107" hai3="34,76,70,53,31,131,88,120,108,123,79,61,93"/><V14/><F115/><W45/><G108/><T96/><D112/><U1/><E111/><V54/><F124/><W26/><G131/><N who="2" m="50217" /><F27/><W11/><G11/><T64/><D110/><U81/><E18/><V29/><F29/><W119/><G119/><T16/><D72/><U59/><E32/><V71/><F107/><W90/><G70/><T126/><D126/><U73/><E36/><V12/><F101/><W127/><G127/><T42/><D133/><U20/><E20/><N who="2" m="11303" /><F14/><W50/><G61/><T9/><D64/><U3/><E117/><V105/><F105/><W19/><G19/><T77/><D77/><U39/><E39/><V134/><F134/><W109/><G90/><T80/><D80/><U118/><E118/><V75/><F75/><W24/><G109/><T113/><D113/><U86/><E73/><V125/><F125/><W7/><G24/><N who="0" m="14439" /><D96/><U106/><E106/><V84/><F84/><W52/><G7/><N who="0" m="2635" /><D51/><U33/><E104/><V99/><F99/><N who="3" m="57767" /><G123/><T98/><D98/><U69/><E74/><V122/><F122/><W97/><G120/><T85/><D85/><U28/><E78/><N who="3" m="29738" /><G97/><T63/><D63/><N who="1" m="40127" /><E6/><V89/><F48/><W100/><G100/><T44/><D49/><U83/><E102/><V121/><F121/><W103/><G103/><T87/><D87/><U13/><E86/><N who="2" m="52535" /><F95/><W57/><G45/><AGARI ba="3,4" hai="8,9,40,41,42,44,45,46" m="2635,14439" machi="45" ten="30,2000,0" yaku="8,1,54,1" doraHai="66" who="0" fromWho="3" sc="212,69,344,0,146,0,258,-29" /><INIT seed="3,0,0,0,3,13" ten="281,344,146,229" oya="3" hai0="8,111,53,50,108,78,70,0,51,114,59,40,74" hai1="76,129,100,21,98,66,85,71,122,87,55,110,73" hai2="38,121,89,1,109,123,79,60,135,112,91,16,80" hai3="34,120,65,23,47,33,5,113,130,42,27,81,97"/><W88/><G120/><T101/><D70/><U44/><E122/><N who="2" m="46603" /><F38/><W102/><G113/><T103/><D114/><U46/><E85/><N who="2" m="48287" /><F1/><W17/><G130/><T84/><D74/><U45/><E45/><V25/><F60/><W116/><G116/><T32/><D32/><U133/><E133/><V43/><F112/><W125/><G125/><T90/><D78/><U54/><E54/><V18/><F43/><W131/><G131/><T105/><D105/><U95/><E95/><V9/><F109/><W49/><G65/><T92/><D0/><U72/><E76/><V86/><F135/><W37/><G37/><T36/><D36/><U82/><E21/><N who="2" m="13495" /><F86/><W7/><G34/><T35/><D35/><U128/><E87/><V132/><F132/><W134/><G33/><T2/><D108/><U96/><E110/><V52/><F52/><N who="3" m="29759" /><G134/><T30/><D111/><U14/><E72/><V19/><F9/><W67/><G81/><T6/><D40/><U124/><E73/><V126/><F126/><W4/><G42/><T58/><D50/><U119/><E124/><V41/><F41/><W39/><G39/><T15/><D2/><U63/><E82/><V62/><F62/><W11/><G67/><T106/><D53/><U69/><E55/><V83/><F83/><W68/><G68/><T94/><D51/><U29/><E71/><V64/><F64/><W127/><G127/><T117/><D8/><U56/><E69/><V118/><F118/><W48/><G11/><T93/><D117/><U12/><E119/><V99/><F99/><N who="1" m="37929" /><E128/><V115/><F115/><W104/><G48/><RYUUKYOKU ba="0,0" sc="281,-15,344,-15,146,15,229,15" hai2="16,19,89,91" hai3="4,5,7,17,23,27,88,97,102,104" /><INIT seed="3,1,0,1,3,123" ten="266,329,161,244" oya="3" hai0="29,58,116,115,106,105,71,50,57,126,51,46,91" hai1="6,113,35,26,65,102,16,122,110,90,14,19,3" hai2="61,95,109,62,77,48,31,75,124,21,17,13,69" hai3="101,10,117,131,37,38,96,43,94,47,11,88,135"/><W33/><G117/><T85/><D71/><U128/><E102/><V86/><F124/><W9/><G131/><T112/><D116/><U97/><E65/><V42/><F69/><W54/><G135/><T108/><D29/><U125/><E113/><N who="0" m="43593" /><D126/><U60/><E60/><V73/><F73/><W18/><G33/><T78/><D78/><U107/><E122/><V24/><F75/><W22/><G38/><T104/><D108/><U5/><E110/><V79/><F79/><W87/><G54/><N who="0" m="30039" /><D51/><U67/><E35/><V103/><F109/><W120/><G120/><T39/><D39/><U15/><E128/><V41/><F41/><W25/><REACH who="3" step="1"/><G9/><REACH who="3" ten="266,329,161,234" step="2"/><T32/><D32/><U74/><E125/><V83/><F42/><W36/><G36/><T8/><D8/><U134/><E134/><V118/><F118/><W81/><AGARI ba="1,1" hai="10,11,18,22,25,37,43,47,81,87,88,94,96,101" machi="81" ten="20,7800,0" yaku="1,1,0,1,7,1,54,1,53,0" doraHai="123" doraHaiUra="72" who="3" fromWho="3" sc="266,-27,329,-27,161,-27,234,91" owari="239,-16.1,302,10.2,134,-36.6,325,42.5" /></mjloggm>