<mjloggm ver="2.3"><GO type="225" lobby="0"/><UN n0="%E8%A8%88%E7%AE%97%E6%A9%9F%E8%87%AA%E7%84%B6" n1="%E3%81%AA%E3%81%BE%E3%81%91%E8%80%85" n2="%E4%B8%89%E5%88%86%E5%B0%8F%E5%83%A7" n3="%E3%81%BD%E3%81%A1%E3%81%9F%E3%81%93%E3%82%84" dan="17,16,16,17" rate="2178.69,2130.25,2100.35,2165.13" sx="M,M,M,M"/><TAIKYOKU oya="0"/><INIT seed="0,0,0,0,0,69" ten="250,250,250,250" oya="0" hai0="133,44,11,113,8,17,80,64,112,32,4,123,53" hai1="89,102,103,101,72,33,31,109,25,119,67,83,22" hai2="46,37,121,81,79,56,52,82,55,27,2,14,49" hai3="54,135,0,88,26,58,45,7,129,98,128,126,91"/><T43/><D123/><U107/><E119/><V92/><F2/><W125/><G45/><T71/><D32/><U13/><E109/><V110/><F110/><W100/><G26/><T74/><D133/><U84/><E72/><V60/><F121/><W116/><G116/><T118/><D53/><U108/><E108/><V24/><F92/><N who="3" m="58439" /><G7/><T66/><D17/><U86/><E86/><V34/><F37/><W28/><G28/><T21/><D21/><U59/><E22/><V76/><F34/><W73/><G0/><N who="0" m="7" /><D11/><U111/><E111/><V124/><F124/><N who="3" m="47723" /><G73/><T61/><D64/><U93/><E107/><V132/><F132/><W19/><G19/><T1/><D1/><U87/><E13/><V40/><F55/><W134/><G134/><T96/><D96/><U131/><E67/><V97/><F97/><W23/><G23/><T6/><D6/><U38/><E31/><V104/><F104/><W117/><G117/><T75/><D118/><U130/><E33/><V63/><F14/><W3/><G3/><T78/><D75/><U120/><E25/><N who="2" m="9803" /><F63/><N who="3" m="36311" /><G135/><T122/><D122/><U106/><E106/><V16/><F16/><W29/><G29/><T39/><AGARI ba="0,0" hai="39,43,44,61,66,71,74,78,80,112,113" m="7" machi="39" ten="30,6000,0" yaku="25,1,23,1,52,1" doraHai="69" who="0" fromWho="0" sc="250,60,250,-20,250,-20,250,-20" /><INIT seed="0,1,0,0,5,110" ten="310,230,230,230" oya="0" hai0="9,126,17,94,86,64,87,32,101,45,50,77,79" hai1="105,41,65,121,55,73,104,34,135,12,82,103,67" hai2="57,25,84,4,100,7,80,71,36,102,35,53,74" hai3="61,63,24,95,52,112,83,75,5,119,31,48,8"/><T19/><D32/><U115/><E121/><V113/><F71/><W107/><G107/><T111/><D126/><U91/><E34/><V85/><F36/><W116/><G112/><T47/><D111/><U44/><E135/><V58/><F113/><W18/><G18/><T69/><D69/><U122/><E122/><V49/><F74/><W108/><G108/><T93/><D50/><U26/><E104/><V134/><F134/><W132/><G132/><T60/><D101/><N who="2" m="39018" /><F35/><W16/><G95/><T78/><D78/><U37/><E26/><V97/><F97/><W125/><G125/><T2/><D2/><U30/><E30/><V40/><F40/><W13/><G5/><N who="2" m="2121" /><F25/><W118/><G83/><T38/><D38/><U120/><E120/><V70/><F70/><W54/><G75/><T29/><D29/><U106/><E106/><V128/><F128/><W109/><G109/><T14/><D14/><U62/><E115/><V68/><F68/><W39/><G39/><T3/><D3/><U11/><E105/><V92/><F92/><W22/><REACH who="3" step="1"/><G54/><REACH who="3" ten="310,230,230,220" step="2"/><T59/><D94/><U90/><E82/><V6/><F6/><W23/><G23/><T133/><D93/><U124/><E73/><V114/><F114/><W51/><G51/><T117/><D133/><U130/><E124/><V15/><F80/><W96/><G96/><T28/><D17/><N who="1" m="8351" /><E130/><V123/><F123/><W89/><G89/><N who="1" m="33802" /><E103/><V99/><F99/><W1/><G1/><T56/><D19/><U131/><E131/><V76/><F76/><N who="0" m="29258" /><D28/><U88/><E88/><V20/><F58/><AGARI ba="1,1" hai="8,13,16,22,24,31,48,52,58,61,63,116,118,119" machi="58" ten="40,5200,0" yaku="1,1,54,2,53,0" doraHai="110" doraHaiUra="127" who="3" fromWho="2" sc="310,0,230,0,230,-55,220,65" /><INIT seed="1,0,0,1,5,117" ten="310,230,175,285" oya="1" hai0="12,8,110,62,46,6,41,47,92,129,0,69,120" hai1="44,97,81,39,1,98,125,10,59,108,128,34,55" hai2="79,71,88,31,99,28,3,85,115,132,26,131,74" hai3="116,9,82,112,13,89,30,135,19,68,7,94,126"/><U77/><E34/><V124/><F3/><W101/><G112/><T121/><D110/><U49/><E108/><V18/><F115/><W23/><G68/><T133/><D129/><U91/><E125/><V61/><F124/><W25/><G126/><T66/><D133/><U21/><E128/><V67/><F131/><W130/><G130/><T83/><D92/><U54/><E91/><V105/><F132/><W76/><G101/><T87/><D0/><U100/><E21/><V57/><F18/><W51/><G116/><T63/><D63/><U27/><E27/><V104/><F57/><W16/><G51/><N who="0" m="27087" /><D47/><U102/><E102/><V80/><F99/><W4/><G135/><T32/><D32/><U11/><E1/><V42/><F42/><W109/><G109/><T53/><D53/><U127/><E127/><V95/><REACH who="2" step="1"/><F31/><REACH who="2" ten="310,230,165,285" step="2"/><W70/><G70/><T96/><D96/><U20/><E98/><V119/><F119/><W107/><G30/><T22/><D69/><U2/><E2/><V113/><F113/><W15/><G19/><T106/><D6/><U93/><E39/><V60/><F60/><W36/><G4/><T24/><D62/><U52/><E59/><V33/><AGARI ba="0,1" hai="26,28,33,61,67,71,74,79,80,85,88,95,104,105" machi="33" ten="20,5200,0" yaku="1,1,0,1,7,1,54,1,53,0" doraHai="117" doraHaiUra="114" who="2" fromWho="2" sc="310,-13,230,-26,165,62,285,-13" /><INIT seed="2,0,0,4,1,13" ten="297,204,227,272" oya="2" hai0="30,88,51,19,66,86,110,103,79,123,43,35,131" hai1="5,33,96,49,130,118,77,9,38,89,69,92,127" hai2="10,34,94,23,81,8,63,115,64,90,121,52,108" hai3="15,113,84,62,135,42,97,133,20,55,93,105,56"/><V100/><F115/><W48/><G105/><T50/><D123/><U111/><E118/><V132/><F34/><W27/><G84/><T58/><D79/><U70/><E38/><V101/><F121/><W107/><G15/><T31/><D103/><N who="2" m="39498" /><F132/><N who="3" m="50763" /><G107/><T7/><D7/><U37/><E37/><V47/><F108/><W106/><G106/><T102/><D102/><U14/><E33/><V54/><F81/><W59/><G42/><T26/><D43/><U114/><E114/><V1/><F1/><W44/><G62/><N who="0" m="38231" /><D110/><U120/><E120/><V57/><F23/><W32/><G32/><T53/><D131/><U71/><E111/><V46/><F64/><W2/><G2/><T72/><D50/><U134/><E77/><V22/><F22/><W0/><G0/><T125/><D35/><U78/><E78/><V18/><F54/><W25/><G113/><T117/><D117/><U45/><E130/><V119/><F119/><W68/><G68/><T36/><D36/><U116/><E134/><V3/><F3/><W76/><G76/><T28/><D72/><U91/><E91/><V75/><F75/><W60/><G20/><N who="0" m="13599" /><D125/><U41/><REACH who="1" step="1"/><E116/><REACH who="1" ten="297,194,227,272" step="2"/><V73/><F73/><W98/><G98/><T109/><D109/><U82/><E82/><V87/><F8/><W4/><G97/><T24/><D88/><U80/><E80/><V17/><F10/><W74/><G93/><T29/><D86/><U40/><E40/><V112/><F112/><W99/><G74/><T21/><D30/><U6/><E6/><V12/><F12/><W65/><G99/><T16/><D29/><RYUUKYOKU ba="0,1" sc="297,10,194,10,227,10,272,-30" hai0="16,21,24,28,31,51,53" hai1="5,9,14,41,45,49,69,70,71,89,92,96,127" hai2="17,18,46,47,52,57,63,87,90,94" /><INIT seed="2,1,1,2,1,54" ten="307,204,237,242" oya="2" hai0="111,18,7,119,67,35,121,128,75,108,120,125,45" hai1="49,24,30,89,39,15,60,87,34,131,61,76,28" hai2="20,80,16,51,46,96,1,114,71,123,115,88,91" hai3="41,133,26,33,36,62,27,98,12,13,70,65,38"/><V74/><F123/><N who="0" m="47178" /><D75/><U31/><E39/><V68/><F1/><W4/><G133/><T78/><D78/><U59/><E131/><V126/><F126/><W103/><G26/><T130/><D35/><U97/><E76/><V93/><F71/><W43/><G38/><T117/><D125/><U82/><E97/><V32/><F68/><W19/><G4/><T100/><D7/><U124/><E124/><V118/><F32/><W84/><G84/><T110/><D67/><U66/><E49/><V10/><F118/><N who="0" m="45066" /><D100/><U127/><E127/><V112/><F10/><W50/><G36/><T14/><D45/><U29/><E29/><V109/><F109/><W69/><G69/><T22/><AGARI ba="1,1" hai="14,18,22,108,110,111,128,130" m="45066,47178" machi="22" ten="40,8000,1" yaku="14,1,12,1,34,2" doraHai="54" who="0" fromWho="0" sc="307,93,204,-21,237,-41,242,-21" /><INIT seed="3,0,0,2,0,17" ten="400,183,196,221" oya="3" hai0="116,103,39,52,89,80,6,78,14,1,119,42,107" hai1="3,12,35,46,23,81,18,55,75,85,108,15,120" hai2="58,117,102,30,10,128,59,9,118,43,86,25,47" hai3="111,68,94,34,36,62,79,95,31,53,83,44,48"/><W71/><G36/><T67/><D14/><U98/><E120/><V76/><F128/><W74/><G111/><T113/><D89/><U60/><E35/><V123/><F123/><W114/><G114/><T100/><D52/><U110/><E3/><V49/><F117/><W56/><G31/><T97/><D67/><U106/><E75/><V11/><F118/><W72/><G34/><T96/><D113/><U121/><E121/><V57/><F102/><W130/><G72/><N who="0" m="43079" /><D6/><U82/><E98/><V22/><F76/><W38/><G130/><T63/><D63/><U40/><E106/><V90/><F58/><W124/><G124/><T4/><D97/><U37/><E12/><V13/><F13/><W109/><G109/><N who="1" m="42090" /><E85/><V64/><F64/><N who="3" m="40983" /><G71/><T19/><D100/><U127/><E127/><V7/><F7/><W5/><G5/><T41/><D41/><AGARI ba="0,0" hai="38,41,44,48,53,56,74,79,83,94,95" m="40983" machi="41" ten="30,1500,0" yaku="24,1" doraHai="17" who="3" fromWho="0" sc="400,-15,183,0,196,0,221,15" /><INIT seed="3,1,0,3,2,89" ten="385,183,196,236" oya="3" hai0="56,12,2,57,29,86,78,116,133,113,20,69,17" hai1="130,23,82,39,65,95,41,40,28,77,104,36,114" hai2="42,30,123,74,55,108,37,90,54,7,18,135,68" hai3="132,92,117,11,62,75,66,9,127,87,38,98,70"/><W126/><G75/><T53/><D116/><U46/><E114/><V84/><F74/><W97/><G38/><T8/><D69/><U1/><E104/><V72/><F72/><W25/><G117/><T67/><D113/><U21/><E1/><V118/><F118/><W112/><G112/><T19/><D133/><U0/><E0/><V60/><F135/><W58/><G132/><T34/><D34/><U35/><E65/><V131/><F108/><W6/><G70/><T5/><D2/><U26/><E130/><V49/><F131/><W93/><G25/><N who="0" m="16551" /><D67/><U33/><E33/><V83/><F7/><W100/><G87/><T43/><D43/><U52/><E52/><V125/><F125/><N who="3" m="47627" /><G6/><T61/><D56/><U99/><E40/><V3/><F3/><W122/><G122/><T71/><D71/><U91/><E39/><V14/><F30/><W16/><G16/><T47/><D47/><U10/><E10/><N who="3" m="3594" /><G98/><T45/><D45/><U63/><E63/><V4/><F4/><W107/><AGARI ba="1,0" hai="58,62,66,92,93,97,100,107" m="3594,47627" machi="107" ten="30,6000,0" yaku="18,1,52,2" doraHai="89" who="3" fromWho="3" sc="385,-21,183,-21,196,-21,236,63" /><INIT seed="3,2,0,1,1,71" ten="364,162,175,299" oya="3" hai0="126,106,28,23,61,104,107,125,135,133,114,97,62" hai1="65,21,130,8,76,34,77,129,116,27,132,7,59" hai2="75,94,86,110,85,128,4,87,123,54,88,96,69" hai3="40,0,55,101,39,83,105,100,10,26,112,13,122"/><W91/><G112/><T108/><D108/><U90/><E34/><V42/><F69/><W127/><G0/><T11/><D114/><U51/><E132/><N who="0" m="50761" /><D11/><U57/><E90/><V25/><F110/><W32/><G105/><T64/><D97/><U111/><E111/><V9/><F75/><W131/><G122/><T92/><D92/><U44/><E116/><V82/><F123/><W89/><G131/><N who="1" m="50186" /><E65/><V63/><F128/><W81/><G127/><N who="0" m="48651" /><D64/><U37/><E37/><V103/><F25/><AGARI ba="2,0" hai="23,25,28,61,62,104,106,107" m="48651,50761" machi="25" ten="40,2600,0" yaku="20,1,18,1" doraHai="71" who="0" fromWho="2" sc="364,32,162,0,175,-32,299,0" owari="396,49.6,162,-23.8,143,-35.7,299,9.9" /></mjloggm>