<mjloggm ver="2.3"><GO type="225" lobby="0"/><UN n0="%72%69%6F%75%63%68%61%6E" n1="%E9%80%86%E9%80%A3%E5%B8%AF%E3%81%AE%E9%AC%BC" n2="%E5%8D%8D%E6%B1%A0%E8%A2%8B%E6%9C%80%E5%BC%B7%E5%8D%8D" n3="%E4%BA%AE%E6%B5%81%E6%89%93%E8%80%85" dan="16,17,16,16" rate="2150.22,2161.43,2144.57,2097.60" sx="M,M,M,F"/><TAIKYOKU oya="0"/><INIT seed="0,0,0,0,0,35" ten="250,250,250,250" oya="0" hai0="10,4,3,133,55,118,116,43,70,46,18,86,78" hai1="120,41,115,111,92,119,128,64,91,24,11,104,122" hai2="44,34,80,110,99,66,85,93,114,53,124,69,36" hai3="60,107,126,27,123,19,13,95,14,108,31,65,135"/><T17/><D70/><U48/><E119/><V113/><F124/><W103/><G107/><T106/><D106/><U6/><E115/><V33/><F110/><W100/><G108/><T45/><D133/><U56/><E111/><V61/><F114/><W109/><G109/><T42/><D55/><U117/><E128/><V131/><F131/><W12/><G135/><T50/><D78/><U132/><E117/><V71/><F71/><W25/><G126/><T105/><D105/><U7/><E104/><V16/><F113/><W26/><G123/><T47/><D86/><U98/><E132/><V96/><F96/><W20/><G31/><T0/><D0/><U21/><E41/><V23/><F53/><W38/><G38/><T68/><D68/><U28/><E6/><V87/><F44/><W51/><G51/><T32/><D32/><U58/><E48/><V75/><F75/><W52/><G65/><T59/><D59/><U39/><E39/><V101/><F36/><W5/><G5/><T81/><D81/><U127/><E127/><V9/><F9/><W130/><G130/><T74/><D74/><U76/><E76/><V134/><F134/><W77/><G77/><T67/><D67/><U90/><E90/><V30/><F85/><W40/><G40/><N who="0" m="15403" /><D50/><U112/><E112/><V72/><F72/><W125/><G125/><T121/><D121/><N who="1" m="46699" /><E64/><V8/><F33/><W73/><G73/><T54/><D54/><U62/><E62/><V63/><F61/><W22/><G95/><T89/><D89/><U1/><E91/><N who="2" m="51687" /><F34/><W15/><G22/><T37/><D37/><RYUUKYOKU ba="0,0" sc="250,10,250,10,250,-30,250,10" hai0="3,4,10,17,18,45,46,47,116,118" hai1="1,7,11,21,24,28,56,58,92,98" hai3="12,13,14,15,19,20,25,26,27,52,60,100,103" /><INIT seed="0,1,0,0,5,112" ten="260,260,220,260" oya="0" hai0="17,60,1,83,33,15,96,18,21,132,41,93,28" hai1="25,106,105,3,92,59,35,120,73,23,26,11,43" hai2="38,63,5,32,4,99,62,119,82,66,69,81,16" hai3="84,37,29,118,64,102,8,111,58,80,134,89,48"/><T47/><D132/><U72/><E120/><V24/><F38/><W122/><G37/><T19/><D1/><U9/><E35/><V6/><F119/><W46/><G122/><T77/><D60/><U135/><E92/><V70/><F99/><W54/><G134/><T133/><D133/><U13/><E135/><V2/><F2/><W44/><G111/><T52/><D52/><U90/><E90/><V34/><F34/><W124/><G124/><T7/><D33/><U61/><E43/><V108/><F108/><W27/><G102/><T94/><D7/><U31/><E3/><V115/><F32/><W127/><G127/><T121/><D121/><U12/><E59/><V117/><F117/><W123/><G118/><T109/><D109/><U49/><E49/><V103/><F103/><W65/><G123/><T76/><D76/><U110/><E61/><V88/><F115/><W98/><G8/><T113/><D113/><U51/><E51/><V20/><REACH who="2" step="1"/><F88/><REACH who="2" ten="260,260,210,260" step="2"/><W30/><G98/><T104/><D104/><U87/><E110/><V39/><F39/><W85/><G89/><N who="0" m="55343" /><D94/><U74/><E106/><V91/><F91/><W79/><G80/><T55/><D83/><U101/><E105/><V129/><F129/><W57/><G79/><T125/><D77/><U22/><E101/><V114/><F114/><W40/><G84/><T56/><D125/><U95/><E87/><V126/><F126/><W68/><G85/><T53/><D15/><N who="1" m="5707" /><E95/><V116/><F116/><W107/><G107/><T10/><D10/><N who="1" m="3595" /><E73/><V71/><F71/><W14/><G68/><T131/><D131/><RYUUKYOKU ba="1,1" sc="260,-15,260,15,210,15,260,-15" hai1="22,23,25,26,31,72,74" hai2="4,5,6,16,20,24,62,63,66,69,70,81,82" /><INIT seed="1,2,1,4,1,117" ten="245,275,225,245" oya="1" hai0="120,115,23,6,71,12,49,74,39,113,99,25,69" hai1="4,46,126,121,16,119,80,65,129,41,70,87,20" hai2="51,111,43,10,37,50,92,34,112,38,125,48,13" hai3="84,72,110,130,108,1,118,114,103,59,98,83,75"/><U102/><E119/><V5/><F111/><N who="3" m="42539" /><G1/><T134/><D39/><U88/><E129/><V24/><F125/><W30/><G118/><T76/><D134/><U63/><E126/><V35/><F112/><W105/><G30/><T8/><D120/><U66/><E121/><V97/><F43/><W131/><G59/><T62/><D49/><U27/><E102/><V106/><F106/><W89/><G114/><T91/><D76/><U55/><E4/><V26/><F26/><W56/><G56/><T36/><D74/><AGARI ba="2,1" hai="72,74,75,83,84,89,98,103,105,130,131" m="42539" machi="74" ten="30,3900,0" yaku="14,1,34,2" doraHai="117" who="3" fromWho="0" sc="245,-45,275,0,225,0,245,55" /><INIT seed="2,0,0,0,0,37" ten="200,275,225,300" oya="2" hai0="112,48,88,83,105,89,106,82,101,30,9,14,132" hai1="78,75,127,19,107,45,31,7,130,6,120,129,90" hai2="98,40,38,36,108,67,114,91,76,71,100,85,125" hai3="87,27,26,121,60,17,131,21,24,28,117,102,58"/><V99/><F114/><W134/><G117/><T34/><D112/><U116/><E116/><V133/><F133/><W61/><G121/><T66/><D132/><U53/><E120/><V49/><F125/><W25/><G134/><T52/><D66/><U35/><E107/><V62/><F76/><W95/><G131/><T4/><D82/><U84/><E127/><V20/><F108/><W93/><G102/><T39/><D39/><U73/><E19/><V41/><F38/><W1/><G1/><T128/><D128/><U111/><E111/><V92/><F36/><W46/><G46/><T110/><D110/><U122/><E122/><V65/><F65/><W94/><G87/><T13/><D13/><U47/><E31/><V113/><F113/><W16/><G61/><T118/><D118/><U86/><E35/><V63/><F63/><W32/><G32/><T56/><D83/><U81/><E53/><AGARI ba="0,0" hai="16,17,21,24,25,26,27,28,53,58,60,93,94,95" machi="53" ten="40,2600,0" yaku="8,1,54,1" doraHai="37" who="3" fromWho="1" sc="200,0,275,-26,225,0,300,26" /><INIT seed="3,0,0,4,2,49" ten="200,249,225,326" oya="3" hai0="4,11,123,77,96,5,30,26,20,66,41,59,50" hai1="134,132,116,70,99,44,53,25,46,129,110,104,28" hai2="119,16,82,39,6,75,18,19,80,9,85,45,55" hai3="17,79,127,111,31,120,83,65,130,63,43,113,115"/><W98/><G17/><T10/><D123/><U47/><E116/><V73/><F119/><W76/><G76/><T100/><D77/><U114/><E114/><V90/><F80/><W62/><G62/><T69/><D69/><U14/><E129/><V2/><REACH who="2" step="1"/><F55/><REACH who="2" ten="200,249,215,326" step="2"/><W106/><G115/><T24/><D24/><U57/><E53/><V93/><F93/><W124/><G113/><T1/><D41/><AGARI ba="0,1" hai="2,6,9,16,18,19,39,41,45,73,75,82,85,90" machi="41" ten="40,2600,0" yaku="1,1,54,1,53,0" doraHai="49" doraHaiUra="52" who="2" fromWho="0" sc="200,-26,249,0,215,36,326,0" owari="174,-32.6,249,-15.1,251,5.1,326,42.6" /></mjloggm>