<mjloggm ver="2.3"><GO type="225" lobby="0"/><UN n0="%E7%82%BA%E4%BA%86%E6%89%93%E6%95%97%E7%94%B7%E5%8F%8B%E7%9A%84" n1="%E3%81%A8%E3%82%89%E3%81%84%E3%81%A1" n2="%6D%75%75%6D%75%72%61" n3="%E6%A1%9C%E8%8A%B1%E9%96%83%E3%80%85" dan="16,16,16,16" rate="2066.01,2115.90,2061.80,2035.61" sx="F,M,F,M"/><TAIKYOKU oya="0"/><INIT seed="0,0,0,1,2,90" ten="250,250,250,250" oya="0" hai0="57,35,22,94,120,6,47,2,28,106,25,56,46" hai1="110,125,105,24,5,19,4,41,29,77,128,121,126" hai2="13,3,20,116,31,44,130,80,50,64,78,8,11" hai3="112,54,23,87,15,14,88,69,129,60,134,67,92"/><T48/><D120/><U131/><E105/><V93/><F130/><N who="1" m="49705" /><E41/><V74/><F116/><W95/><G129/><T58/><D106/><U30/><E77/><V89/><F3/><W81/><G112/><T33/><D2/><U101/><E101/><V32/><F32/><W27/><G134/><T36/><D6/><N who="1" m="2667" /><E121/><V52/><F64/><W124/><G124/><N who="1" m="47722" /><E110/><V18/><REACH who="2" step="1"/><F31/><REACH who="2" ten="250,250,240,250" step="2"/><W84/><G54/><T37/><D28/><U42/><E42/><V0/><F0/><W61/><G61/><T122/><D122/><U135/><E135/><V117/><F117/><W16/><REACH who="3" step="1"/><G95/><REACH who="3" ten="250,250,240,240" step="2"/><T104/><D94/><U55/><E55/><V68/><F68/><W99/><G99/><AGARI ba="0,2" hai="8,11,13,18,20,44,50,52,74,78,80,89,93,99" machi="99" ten="30,8000,1" yaku="1,1,7,1,52,1,54,1,53,1" doraHai="90" doraHaiUra="49" who="2" fromWho="3" sc="250,0,250,0,240,100,240,-80" /><INIT seed="1,0,0,1,2,60" ten="250,250,340,160" oya="1" hai0="133,80,91,113,96,84,1,34,64,103,46,107,22" hai1="37,82,92,129,42,52,102,56,77,29,17,47,100" hai2="90,10,50,119,51,57,6,62,124,2,24,58,8" hai3="99,39,111,125,74,120,19,38,16,94,65,135,49"/><U134/><E134/><V48/><F119/><W75/><G120/><T31/><D133/><U106/><E129/><V41/><F124/><W72/><G135/><T61/><D113/><U30/><E106/><V11/><F41/><W126/><G49/><T53/><D1/><U78/><E17/><N who="3" m="6730" /><G111/><T4/><D4/><U28/><E92/><V54/><F24/><W95/><G99/><T89/><D22/><U35/><E35/><V67/><REACH who="2" step="1"/><F90/><REACH who="2" ten="250,250,330,160" step="2"/><W86/><G38/><T18/><D91/><U0/><E78/><V109/><F109/><W66/><G39/><T33/><D89/><U110/><E110/><V104/><F104/><W40/><G40/><T81/><D107/><U15/><E77/><V93/><F93/><N who="3" m="35339" /><G86/><T3/><D84/><U128/><E42/><V69/><F69/><W73/><G73/><T70/><D70/><U76/><E37/><V23/><F23/><W63/><G63/><AGARI ba="0,1" hai="2,6,8,10,11,48,50,51,54,57,58,62,63,67" machi="63" ten="40,2600,0" yaku="1,1,52,1,53,0" doraHai="60" doraHaiUra="87" who="2" fromWho="3" sc="250,0,250,0,330,36,160,-26" /><INIT seed="2,0,0,4,0,62" ten="250,250,366,134" oya="2" hai0="72,36,115,134,127,68,18,30,85,19,53,11,25" hai1="83,26,78,82,86,32,56,55,54,125,104,84,59" hai2="101,132,109,118,8,43,92,24,102,120,28,128,91" hai3="3,20,6,111,61,116,39,38,129,96,22,100,108"/><V37/><F118/><W81/><G116/><T88/><D72/><U64/><E125/><V47/><F120/><W107/><G129/><T71/><D115/><U63/><E104/><V121/><F121/><W97/><G81/><T29/><D36/><U5/><E5/><V27/><F128/><W87/><G87/><T10/><D134/><U58/><E26/><V44/><F132/><W40/><G6/><T31/><D127/><U34/><E34/><V46/><F109/><W66/><G3/><T67/><D53/><U16/><E16/><V77/><F77/><W112/><G112/><T130/><D130/><U90/><REACH who="1" step="1"/><E32/><REACH who="1" ten="250,240,366,134" step="2"/><V122/><F122/><W126/><G126/><T57/><D25/><U52/><AGARI ba="0,1" hai="52,54,55,56,58,59,63,64,78,82,83,84,86,90" machi="52" ten="30,12000,2" yaku="1,1,2,1,0,1,8,1,52,1,54,1,53,1" doraHai="62" doraHaiUra="75" who="1" fromWho="1" sc="250,-30,240,130,366,-60,134,-30" /><INIT seed="3,0,0,0,5,129" ten="220,370,306,104" oya="3" hai0="80,119,117,71,125,114,97,123,51,85,44,47,43" hai1="84,19,91,94,24,78,86,9,74,0,102,69,23" hai2="35,52,1,122,64,81,3,49,135,18,116,134,121" hai3="68,72,115,26,63,76,10,70,29,59,98,75,22"/><W133/><G115/><T30/><D123/><N who="2" m="47114" /><F116/><W65/><G133/><N who="2" m="50697" /><F35/><W128/><G128/><T16/><D97/><U105/><E69/><V25/><F64/><W56/><G10/><T83/><D30/><U32/><E32/><V120/><N who="2" m="47122" /><V92/><DORA hai="41" /><F92/><W28/><G28/><T108/><D108/><U55/><E94/><V90/><F18/><W46/><G59/><T11/><D71/><U7/><E19/><V6/><F25/><W103/><G72/><T104/><D16/><U40/><E24/><V2/><F90/><W89/><G89/><T118/><D118/><U130/><E91/><V87/><F6/><W82/><REACH who="3" step="1"/><G46/><REACH who="3" ten="220,370,306,94" step="2"/><T127/><D47/><U131/><E130/><V132/><F132/><W77/><G77/><T101/><D119/><U100/><E78/><N who="2" m="46519" /><F3/><W36/><G36/><T106/><D117/><U34/><E131/><V37/><F37/><W38/><G38/><T99/><D114/><U33/><E74/><V4/><F4/><W53/><G53/><T15/><D11/><U31/><E55/><V12/><F12/><W60/><G60/><T79/><D15/><U124/><E9/><V110/><F110/><W88/><G88/><T58/><D79/><U45/><E7/><V5/><F5/><W93/><AGARI ba="0,1" hai="22,26,29,56,63,65,68,70,75,76,82,93,98,103" machi="93" ten="20,12000,1" yaku="1,1,0,1,7,1,25,2,53,0" doraHai="129,41" doraHaiUra="42,14" who="3" fromWho="3" sc="220,-40,370,-40,306,-40,94,130" /><INIT seed="3,1,0,3,3,16" ten="180,330,266,224" oya="3" hai0="77,110,55,112,44,92,69,80,31,73,11,17,83" hai1="63,102,95,121,22,124,40,61,15,86,72,94,117" hai2="84,99,70,106,109,134,68,7,78,51,133,107,98" hai3="82,116,6,114,66,126,119,19,37,88,130,64,96"/><W32/><G114/><T129/><D110/><U59/><E121/><V2/><F2/><W91/><G32/><T132/><D129/><U24/><E72/><V120/><F120/><W3/><G130/><T49/><D132/><N who="2" m="50794" /><F7/><W26/><G37/><T115/><D69/><N who="2" m="26730" /><F109/><W34/><G126/><T85/><D31/><U90/><E40/><V93/><F93/><N who="3" m="56359" /><G34/><T43/><D92/><U53/><E15/><V8/><F8/><W62/><G3/><T71/><D71/><U35/><E35/><V25/><F51/><W113/><G113/><T123/><D123/><U89/><E117/><V101/><F101/><W38/><G38/><T122/><D122/><U20/><E102/><V60/><F60/><W56/><G116/><T13/><REACH who="0" step="1"/><D43/><REACH who="0" ten="170,330,266,224" step="2"/><U29/><E29/><V42/><F42/><W97/><G119/><T104/><D104/><U5/><E95/><V76/><F107/><W9/><G97/><T21/><D21/><U103/><E22/><V23/><F106/><W100/><G100/><T87/><D87/><U36/><E86/><V46/><F99/><W65/><G9/><T14/><D14/><U33/><E103/><V131/><F98/><W57/><G82/><T74/><D74/><U41/><E94/><V52/><F131/><W30/><G30/><T111/><D111/><U48/><E41/><V105/><F105/><W58/><G65/><T28/><D28/><U108/><E108/><V135/><F135/><W10/><G64/><T127/><D127/><U45/><E124/><V0/><F0/><W75/><G66/><T47/><D47/><U4/><E45/><RYUUKYOKU ba="1,1" sc="170,30,330,-10,266,-10,224,-10" hai0="11,13,17,44,49,55,73,77,80,83,85,112,115" owari="200,-30.0,330,43.0,256,5.6,214,-18.6" /></mjloggm>