<mjloggm ver="2.3"><GO type="225" lobby="0"/><UN n0="%E5%84%AA%40%41%42%43" n1="%E3%81%BF%E3%81%BF%E3%81%9A" n2="%E5%8D%A0%E3%81%84%E5%B8%AB%E8%A3%8F%E3%81%AA%E3%81%84%E3%81%97" n3="%E6%AF%9B%E8%8D%92%E3%82%8C%E3%83%BB%E3%82%B9%E3%83%9F%E3%82%B9" dan="18,16,16,16" rate="2196.18,2120.58,2114.85,2014.57" sx="M,M,M,F"/><TAIKYOKU oya="0"/><INIT seed="0,0,0,4,1,92" ten="250,250,250,250" oya="0" hai0="123,122,111,4,17,38,124,11,61,7,24,126,0" hai1="102,125,13,6,56,29,116,59,34,66,99,114,78" hai2="8,10,55,53,65,57,62,45,36,54,12,72,3" hai3="2,113,109,25,73,43,41,46,91,28,64,87,19"/><T51/><D38/><U134/><E116/><V26/><F72/><W90/><G113/><T85/><D61/><U60/><E114/><V79/><F79/><W44/><G109/><T33/><D51/><U86/><E125/><N who="0" m="48233" /><D85/><U97/><E134/><V5/><F26/><W95/><G2/><T18/><D7/><U52/><E102/><V104/><F104/><W80/><G64/><T107/><D107/><U133/><E133/><V127/><F127/><W21/><G73/><T96/><D96/><U58/><E34/><V70/><F8/><W67/><G67/><T69/><D69/><U110/><E110/><V77/><F77/><W9/><G43/><T40/><D40/><U108/><E108/><V98/><F98/><N who="1" m="37385" /><E66/><V47/><F3/><W20/><G9/><T74/><D74/><U68/><E68/><V23/><F36/><W130/><G130/><T37/><D37/><U100/><E100/><V129/><F129/><W132/><G132/><T35/><D111/><U15/><E29/><V88/><F70/><W49/><G44/><T71/><D71/><U16/><E86/><V105/><F105/><W63/><G63/><T76/><D35/><U32/><E32/><V112/><F112/><W128/><G128/><T121/><D76/><U115/><E115/><V93/><F45/><W94/><REACH who="3" step="1"/><G91/><REACH who="3" ten="250,250,250,240" step="2"/><T106/><D106/><U14/><E78/><V119/><F65/><W101/><G101/><T42/><D42/><U89/><E89/><V103/><F103/><W27/><AGARI ba="0,1" hai="19,20,21,25,27,28,41,46,49,80,87,90,94,95" machi="27" ten="20,5200,0" yaku="1,1,0,1,7,1,8,1,53,0" doraHai="92" doraHaiUra="135" who="3" fromWho="3" sc="250,-26,250,-13,250,-13,240,62" /><INIT seed="1,0,0,3,0,128" ten="224,237,237,302" oya="1" hai0="79,76,7,67,1,16,45,134,26,127,12,15,35" hai1="60,70,8,44,88,29,64,91,23,90,110,25,129" hai2="13,5,4,54,48,55,27,133,9,43,101,130,66" hai3="40,100,95,57,84,6,63,62,93,36,122,72,33"/><U10/><E129/><V65/><F130/><W97/><G122/><T58/><D127/><U71/><E110/><V20/><F101/><W34/><G72/><T22/><D134/><U3/><E3/><V0/><F133/><W106/><G6/><T53/><D67/><N who="2" m="25610" /><F4/><W135/><G135/><T14/><D35/><U31/><E31/><N who="2" m="17895" /><F0/><W75/><G75/><T116/><D116/><U124/><E124/><V117/><F117/><W74/><G74/><T105/><D105/><U104/><E104/><V123/><F123/><W24/><G24/><T37/><D37/><U111/><E111/><V51/><F51/><W73/><G73/><T120/><D45/><AGARI ba="0,0" hai="5,9,13,43,45,48,54,55" m="17895,25610" machi="45" ten="30,1000,0" yaku="8,1" doraHai="128" who="2" fromWho="0" sc="224,-10,237,0,237,10,302,0" /><INIT seed="2,0,0,1,5,16" ten="214,237,247,302" oya="2" hai0="88,132,51,117,93,86,110,121,5,118,6,9,96" hai1="94,48,1,21,87,61,113,128,68,4,95,65,104" hai2="57,31,122,82,46,45,80,130,17,20,42,13,99" hai3="58,98,28,127,123,49,74,15,91,67,30,103,133"/><V7/><F122/><W129/><G123/><T44/><D110/><U90/><E113/><V62/><F130/><W34/><G74/><T35/><D121/><U107/><E128/><V50/><F7/><W85/><G129/><T72/><D72/><U3/><E48/><V53/><F99/><W26/><G127/><T102/><D35/><U19/><E95/><V33/><F33/><W23/><G133/><T10/><D132/><U52/><E52/><N who="2" m="34087" /><F45/><W29/><G15/><T120/><D120/><U116/><E116/><N who="0" m="44649" /><D6/><U24/><REACH who="1" step="1"/><E4/><REACH who="1" ten="214,227,247,302" step="2"/><V41/><F31/><W71/><G30/><T76/><D5/><U77/><E77/><V125/><F125/><W78/><G29/><T70/><D76/><U106/><AGARI ba="0,1" hai="1,3,19,21,24,61,65,68,87,90,94,104,106,107" machi="106" ten="30,4000,0" yaku="1,1,0,1,52,1,53,0" doraHai="16" doraHaiUra="119" who="1" fromWho="1" sc="214,-10,227,50,247,-20,302,-10" /><INIT seed="3,0,0,0,4,79" ten="204,277,227,292" oya="3" hai0="55,127,131,18,28,46,43,135,42,132,19,104,62" hai1="75,27,113,118,10,74,2,69,128,32,54,77,33" hai2="49,101,17,91,21,134,90,12,89,100,40,81,71" hai3="130,63,9,61,38,45,41,70,115,108,16,83,31"/><W64/><G115/><T25/><D104/><U111/><E54/><V122/><F71/><W7/><G31/><T86/><D127/><U56/><E56/><V110/><F110/><W95/><G108/><T97/><D131/><U65/><E111/><V36/><F36/><W112/><G112/><T26/><D97/><U98/><E113/><V129/><F129/><W73/><G130/><T1/><D1/><U52/><E52/><V68/><F68/><W53/><G95/><T30/><D86/><U39/><E128/><V3/><F3/><N who="3" m="255" /><G16/><N who="0" m="6187" /><D55/><U4/><E118/><V11/><F134/><N who="0" m="51242" /><D62/><N who="1" m="40119" /><E27/><N who="0" m="10249" /><D46/><U88/><E75/><V102/><F122/><W76/><G53/><T106/><D106/><U20/><E20/><V59/><F21/><W60/><AGARI ba="0,0" hai="38,41,45,60,61,63,64,70,73,76,83" m="255" machi="60" ten="30,3000,0" yaku="25,1,52,1" doraHai="79" who="3" fromWho="3" sc="204,-10,277,-10,227,-10,292,30" owari="194,-30.6,267,6.7,217,-18.3,322,42.2" /></mjloggm>