<mjloggm ver="2.3"><GO type="225" lobby="0"/><UN n0="%E3%81%A1%E3%82%85%E3%81%86%E3%81%A9%E3%81%8F%E8%B1%A1%E3%81%95%E3%82%93" n1="%E3%83%AD%E3%83%83%E3%83%86%E9%9B%80%E7%90%83" n2="%73%6C%69%63%6B%33%31%39" n3="%E3%81%AF%E3%82%88%E3%81%8A%E3%81%98%E3%81%95%E3%82%93" dan="16,17,16,16" rate="2092.61,2248.33,2191.27,2207.08" sx="M,M,M,M"/><TAIKYOKU oya="0"/><INIT seed="0,0,0,2,2,70" ten="250,250,250,250" oya="0" hai0="135,66,62,23,16,15,103,63,133,26,81,22,120" hai1="82,113,28,47,39,73,31,3,68,78,122,52,92" hai2="17,93,27,24,33,5,116,6,111,4,105,67,95" hai3="123,96,50,49,41,7,45,83,1,118,107,43,94"/><T109/><D120/><U55/><E68/><V20/><F105/><W104/><G118/><T129/><D129/><U75/><E122/><V114/><F114/><W124/><G124/><T125/><D125/><U86/><E113/><V0/><F116/><W74/><G123/><T69/><D109/><U37/><E3/><V98/><F111/><W53/><G7/><T38/><D103/><U128/><E128/><V11/><F67/><W40/><G1/><T34/><D34/><U59/><E55/><V99/><F33/><W44/><G83/><T2/><D2/><U91/><E75/><V56/><F56/><W10/><G10/><T76/><D63/><U19/><E19/><V21/><F11/><W51/><G74/><T126/><D126/><U8/><E8/><V90/><F0/><W131/><G131/><T88/><D38/><U127/><E127/><V119/><F119/><W79/><G79/><T112/><D112/><U121/><E121/><V60/><F60/><W117/><G117/><T25/><D88/><U58/><E58/><V35/><F35/><W72/><G72/><T42/><D42/><U89/><E89/><N who="2" m="55599" /><F4/><W32/><G32/><T57/><D69/><U29/><REACH who="1" step="1"/><E47/><REACH who="1" ten="250,240,250,250" step="2"/><V54/><F54/><W87/><G53/><T61/><D15/><U85/><E85/><V102/><F90/><N who="3" m="55383" /><G87/><N who="0" m="48551" /><D57/><U65/><E65/><V46/><F46/><W80/><G45/><T13/><D66/><U77/><E77/><V36/><F36/><W84/><G44/><T71/><D71/><U130/><E130/><V18/><AGARI ba="0,1" hai="5,6,17,18,20,21,24,27,95,99,102" m="55599" machi="18" ten="30,1100,0" yaku="8,1" doraHai="70" who="2" fromWho="2" sc="250,-5,240,-3,250,21,250,-3" /><INIT seed="1,0,0,3,2,81" ten="245,237,271,247" oya="1" hai0="38,90,134,3,75,51,79,20,129,115,66,31,65" hai1="64,21,72,100,25,131,36,74,98,83,108,5,94" hai2="103,26,130,41,15,48,34,58,85,1,87,77,126" hai3="128,93,7,133,52,59,60,78,121,49,8,61,30"/><U33/><E131/><V117/><F1/><W105/><G121/><T107/><D3/><U54/><E33/><V42/><F117/><W95/><G105/><T120/><D115/><U14/><E108/><V112/><F130/><W86/><G128/><T47/><D38/><U27/><E36/><V44/><F112/><W91/><G133/><T37/><D37/><U11/><E64/><V45/><F126/><W89/><G30/><T39/><D39/><U43/><E43/><N who="2" m="16395" /><F34/><W123/><G78/><T56/><D129/><U80/><E27/><V124/><F26/><W88/><G91/><T97/><D120/><U6/><E6/><V18/><F103/><W113/><G113/><T0/><D0/><U53/><E74/><V50/><F77/><W12/><G123/><T55/><D134/><U29/><REACH who="1" step="1"/><E72/><REACH who="1" ten="245,227,271,247" step="2"/><V57/><F124/><W32/><REACH who="3" step="1"/><G32/><REACH who="3" ten="245,227,271,237" step="2"/><T118/><D75/><U71/><E71/><V35/><F35/><W84/><AGARI ba="0,2" hai="7,8,12,49,52,59,60,61,84,86,88,89,93,95" machi="84" ten="20,16000,3" yaku="1,1,2,1,0,1,7,1,9,1,8,1,52,2,54,2,53,0" doraHai="81" doraHaiUra="104" who="3" fromWho="3" sc="245,-40,227,-80,271,-40,237,180" /><INIT seed="2,0,0,1,5,23" ten="205,147,231,417" oya="2" hai0="71,72,122,94,67,100,43,99,89,42,11,86,73" hai1="17,63,61,51,114,16,52,5,10,40,103,104,36" hai2="53,50,93,98,34,123,48,64,33,18,68,25,91" hai3="128,47,124,60,59,30,9,0,126,3,49,81,111"/><V90/><F123/><W27/><G111/><T74/><D122/><U117/><E114/><V132/><F132/><W101/><G81/><T116/><D116/><U46/><E117/><V19/><F68/><W96/><G128/><T110/><D110/><U37/><E37/><V83/><F64/><W65/><G9/><T20/><D11/><U115/><E115/><V57/><F33/><W1/><G49/><T135/><D135/><U14/><E103/><V28/><REACH who="2" step="1"/><F50/><REACH who="2" ten="205,147,221,417" step="2"/><W41/><G65/><T133/><D133/><U113/><E113/><V70/><F70/><W131/><G131/><T80/><D67/><U26/><E104/><V92/><F92/><W7/><G60/><N who="1" m="23114" /><E36/><V120/><F120/><W45/><G126/><T31/><REACH who="0" step="1"/><D71/><REACH who="0" ten="195,147,221,417" step="2"/><U127/><E127/><V24/><F24/><AGARI ba="0,2" hai="20,24,31,42,43,72,73,74,80,86,89,94,99,100" machi="24" ten="40,8000,1" yaku="1,1,2,1,52,1,53,1" doraHai="23" doraHaiUra="77" who="0" fromWho="2" sc="195,100,147,0,221,-80,417,0" /><INIT seed="3,0,0,0,3,3" ten="295,147,141,417" oya="3" hai0="75,130,32,37,120,128,80,87,129,96,98,115,82" hai1="17,71,89,94,101,57,108,59,52,127,124,76,135" hai2="48,40,77,14,111,92,49,42,24,116,78,102,36" hai3="25,58,81,10,47,93,119,34,65,99,133,6,18"/><W132/><G119/><T38/><D32/><U55/><E135/><V50/><F116/><W31/><G18/><T11/><D75/><U114/><E108/><V118/><F118/><W22/><G34/><T125/><D120/><U41/><E114/><V122/><F111/><W86/><G47/><T29/><D29/><U44/><E71/><V70/><F70/><W69/><G69/><T66/><D66/><U56/><E101/><V117/><F117/><W63/><G86/><T131/><N who="0" m="32768" /><DORA hai="91" /><T73/><D73/><U84/><E76/><N who="2" m="29291" /><F36/><N who="0" m="13930" /><D11/><U20/><E41/><N who="2" m="15979" /><F122/><W4/><G81/><N who="0" m="31339" /><D87/><U103/><E44/><V126/><F126/><N who="1" m="48169" /><E103/><V107/><F107/><W43/><G43/><T104/><D125/><U121/><E121/><V33/><F33/><W72/><G72/><T12/><D104/><U61/><E55/><V88/><F24/><AGARI ba="0,0" hai="17,20,24,52,56,57,59,61,84,89,94" m="48169" machi="24" ten="30,3900,0" yaku="18,1,52,1,54,1" doraHai="3,91" who="1" fromWho="2" sc="295,0,147,39,141,-39,417,0" owari="295,9.5,186,-21.4,102,-39.8,417,51.7" /></mjloggm>