<mjloggm ver="2.3"><GO type="225" lobby="0"/><UN n0="%E6%A1%9C%E8%8A%B1%E9%96%83%E3%80%85" n1="%E7%B4%94%E6%BD%94%E3%83%94%E3%83%A9%E3%83%8B%E3%82%A2" n2="%E3%83%AD%E3%83%83%E3%83%86%E9%9B%80%E7%90%83" n3="%E7%89%B9%E6%9D%B1%E3%81%AF%E4%B8%96%E7%95%8C%E3%82%92%E6%95%91%E3%81%86" dan="18,16,17,16" rate="2281.54,2097.68,2240.47,2160.39" sx="M,M,M,M"/><TAIKYOKU oya="0"/><INIT seed="0,0,0,4,1,45" ten="250,250,250,250" oya="0" hai0="48,124,17,74,59,31,133,38,127,90,55,23,132" hai1="46,79,129,112,27,89,37,50,57,93,40,95,116" hai2="80,26,105,131,58,43,117,32,24,39,16,115,83" hai3="120,63,97,82,14,71,20,66,60,76,108,25,75"/><T62/><D74/><U125/><E116/><V7/><F115/><W3/><G108/><T119/><D31/><U9/><E112/><V34/><F105/><W102/><G3/><T29/><D29/><U81/><E125/><N who="0" m="48201" /><D38/><U88/><E129/><V134/><F7/><W64/><G120/><T77/><D77/><U84/><E27/><V106/><F106/><W12/><G97/><T86/><D119/><U36/><E9/><V100/><F134/><W2/><G102/><T10/><D10/><U107/><E107/><V51/><F100/><W8/><G2/><T15/><D62/><U19/><E19/><V104/><F39/><W52/><G8/><T21/><D21/><U135/><E135/><V87/><F16/><W54/><G12/><T1/><D1/><U33/><E33/><V41/><F24/><W110/><G14/><T30/><D30/><U44/><E57/><V67/><F58/><W118/><G118/><T99/><D99/><U56/><E56/><V68/><F26/><W65/><G110/><T42/><D42/><U91/><REACH who="1" step="1"/><E36/><REACH who="1" ten="250,240,250,250" step="2"/><V113/><F32/><W13/><G25/><T5/><D5/><U35/><E35/><V78/><F34/><W18/><G64/><T122/><D122/><U4/><E4/><V123/><F67/><W69/><AGARI ba="0,1" hai="13,18,20,52,54,60,63,65,66,69,71,75,76,82" machi="69" ten="20,5200,0" yaku="0,1,7,1,9,1,54,1" doraHai="45" who="3" fromWho="3" sc="250,-26,240,-13,250,-13,250,62" /><INIT seed="1,0,0,2,1,10" ten="224,227,237,312" oya="1" hai0="37,30,117,74,60,108,0,24,4,67,53,48,17" hai1="86,41,5,126,43,118,14,46,65,62,111,59,7" hai2="72,55,28,26,114,122,51,9,129,42,19,85,69" hai3="16,81,83,98,113,49,2,6,132,99,27,44,107"/><U123/><E118/><V64/><F72/><W63/><G113/><T112/><D112/><U93/><E123/><V90/><F122/><W105/><G132/><T87/><D74/><U11/><E126/><V75/><F75/><W79/><G2/><T97/><D37/><U54/><E111/><V102/><F129/><W119/><G6/><T135/><D117/><U56/><E7/><V31/><F42/><W106/><G119/><T77/><D97/><U50/><E56/><V35/><F102/><W13/><G27/><T124/><D17/><U133/><E133/><V116/><F116/><W18/><G63/><T121/><D124/><U78/><REACH who="1" step="1"/><E93/><REACH who="1" ten="224,217,237,312" step="2"/><V115/><F115/><W33/><G106/><T36/><D4/><U130/><E130/><V82/><F114/><W29/><G105/><T91/><D108/><U57/><E57/><V89/><F69/><W125/><G125/><T88/><D121/><U84/><E84/><V134/><F85/><W20/><G107/><T96/><D87/><U110/><E110/><V52/><F134/><W73/><G73/><T104/><D104/><U101/><E101/><V61/><F90/><W8/><G99/><T45/><D96/><U15/><E15/><V47/><F89/><W3/><G98/><T100/><D135/><U25/><E25/><V71/><F71/><W38/><G13/><T66/><D100/><U12/><E12/><V95/><F26/><W80/><G3/><T131/><D0/><U127/><E127/><V58/><F95/><W40/><G79/><T23/><D77/><U1/><E1/><V92/><F92/><RYUUKYOKU ba="0,1" sc="224,-10,217,30,237,-10,312,-10" hai1="5,11,14,41,43,46,50,54,59,62,65,78,86" /><INIT seed="1,1,1,4,3,53" ten="214,247,227,302" oya="1" hai0="103,38,57,125,72,3,129,111,126,28,105,90,119" hai1="56,43,33,22,74,96,98,0,61,79,7,9,91" hai2="97,88,112,46,17,30,10,54,73,4,131,94,47" hai3="89,118,42,70,84,81,133,18,135,87,106,52,64"/><U48/><E33/><V51/><F131/><W115/><G115/><T78/><D119/><U82/><E91/><V95/><F73/><W19/><G118/><T116/><D116/><U69/><E69/><V34/><F112/><W102/><G42/><T16/><D3/><U86/><E74/><V41/><F17/><W63/><G87/><T77/><D38/><U5/><E5/><V67/><F67/><W80/><G81/><N who="0" m="45223" /><D28/><U25/><E48/><V65/><F65/><W59/><G106/><T1/><D1/><U75/><E43/><V134/><F134/><N who="3" m="51211" /><G102/><T117/><D78/><U37/><E75/><V68/><F68/><W60/><AGARI ba="1,1" hai="18,19,52,59,60,63,64,70,80,84,89" m="51211" machi="60" ten="30,4000,0" yaku="20,1,52,1,54,1" doraHai="53" who="3" fromWho="3" sc="214,-11,247,-21,227,-11,302,53" /><INIT seed="2,0,0,2,4,70" ten="203,226,216,355" oya="2" hai0="33,90,102,130,1,56,61,47,108,106,26,6,95" hai1="111,135,89,74,121,67,87,122,86,115,120,116,63" hai2="58,96,81,17,16,35,75,14,57,125,29,13,31" hai3="113,30,107,32,54,76,118,104,84,45,52,85,127"/><V132/><F125/><W40/><G118/><T38/><D106/><U97/><E74/><V126/><F126/><W68/><G68/><T18/><D102/><U44/><E116/><V66/><F132/><W10/><G127/><T8/><D108/><U99/><E115/><V41/><F35/><W15/><G107/><T92/><D130/><U98/><E111/><V88/><F41/><W69/><G69/><T112/><D112/><U39/><E135/><V83/><F75/><W133/><G104/><T28/><D18/><U93/><E87/><N who="2" m="50287" /><F83/><W20/><G32/><T64/><REACH who="0" step="1"/><D90/><REACH who="0" ten="193,226,216,355" step="2"/><U80/><E121/><V24/><F96/><W12/><G113/><T71/><D71/><U55/><E120/><V37/><F37/><W105/><G105/><T91/><D91/><U4/><E122/><V42/><F17/><W60/><G133/><T82/><D82/><U109/><E109/><V59/><F66/><W5/><G30/><N who="2" m="11273" /><F42/><AGARI ba="0,1" hai="1,6,8,26,28,33,38,42,47,56,61,64,92,95" machi="42" ten="40,2600,0" yaku="1,1,52,1,53,0" doraHai="70" doraHaiUra="119" who="0" fromWho="2" sc="193,36,226,0,216,-26,355,0" /><INIT seed="3,0,0,5,0,98" ten="229,226,190,355" oya="3" hai0="28,27,106,90,8,20,51,41,123,44,117,61,91" hai1="116,77,124,78,70,58,96,60,4,76,63,86,23" hai2="24,25,126,93,75,14,113,10,130,52,92,108,111" hai3="40,119,83,100,59,26,129,15,88,103,21,39,109"/><W46/><G119/><T122/><D106/><U12/><E116/><V114/><F75/><W0/><G0/><T35/><D117/><U128/><E124/><V110/><F93/><W105/><G15/><T42/><D35/><U112/><E112/><N who="2" m="43115" /><F92/><W87/><G129/><T94/><D42/><U95/><E128/><V47/><F130/><W120/><G120/><T3/><D91/><U32/><E32/><V69/><F69/><W50/><G109/><N who="2" m="27905" /><V31/><DORA hai="34" /><F126/><W66/><G105/><T29/><D29/><U55/><E70/><V82/><F82/><W48/><G39/><T54/><D3/><U85/><E60/><V104/><F104/><W56/><G50/><T11/><D122/><U135/><E135/><V64/><F64/><W101/><G66/><T133/><D133/><U68/><E68/><V5/><F31/><AGARI ba="0,0" hai="21,26,31,40,46,48,56,59,83,87,88,100,101,103" machi="31" ten="40,12000,1" yaku="8,1,52,3,54,1" doraHai="98,34" who="3" fromWho="2" sc="229,0,226,0,190,-120,355,120" owari="229,2.9,226,-17.4,70,-43.0,475,57.5" /></mjloggm>