<mjloggm ver="2.3"><GO type="225" lobby="0"/><UN n0="%70%68%65%6E%6F%6D%65" n1="%E2%91%A3%E9%81%BF%E9%81%8A%E6%88%AF%E3%80%90%E6%9D%B1%E5%8D%97%E3%80%91" n2="%E9%80%9F%E6%B0%B4%E5%87%9B%E9%A6%99" n3="%E3%81%A1%E3%82%85%E3%81%86%E3%81%A9%E3%81%8F%E8%B1%A1%E3%81%95%E3%82%93" dan="17,16,16,17" rate="2176.35,2096.54,2114.46,2254.11" sx="M,M,F,M"/><TAIKYOKU oya="0"/><INIT seed="0,0,0,3,0,120" ten="250,250,250,250" oya="0" hai0="99,35,57,5,100,87,101,88,118,9,124,83,133" hai1="74,23,122,8,4,75,25,77,53,0,84,31,108" hai2="106,125,134,52,51,79,28,16,72,15,58,49,114" hai3="70,29,62,94,26,7,63,18,107,22,14,17,93"/><T24/><D118/><U2/><E122/><V115/><F106/><W37/><G107/><T116/><D116/><U10/><E53/><V40/><F134/><W121/><G121/><T102/><D133/><U73/><E84/><V123/><F123/><W48/><G37/><T13/><D124/><U3/><E77/><V55/><F40/><W45/><G7/><T50/><D35/><U112/><E112/><V47/><F125/><W43/><G17/><T86/><D24/><U90/><E90/><V59/><F28/><W30/><G30/><T130/><D130/><U54/><E54/><V96/><F47/><W131/><G131/><T33/><D33/><U128/><E128/><V56/><F56/><W89/><G70/><T104/><REACH who="0" step="1"/><D86/><REACH who="0" ten="240,250,250,250" step="2"/><U21/><E4/><V76/><F96/><W68/><G68/><T71/><D71/><U81/><E25/><V20/><F72/><W41/><G41/><T65/><D65/><U69/><E74/><V78/><AGARI ba="0,1" hai="15,16,20,49,51,52,55,58,59,76,78,79,114,115" machi="78" ten="30,7900,0" yaku="0,1,9,1,54,2" doraHai="120" who="2" fromWho="2" sc="240,-39,250,-20,250,89,250,-20" /><INIT seed="1,0,0,4,3,96" ten="201,230,339,230" oya="1" hai0="21,9,13,123,124,76,23,121,82,14,71,105,112" hai1="1,54,31,110,45,68,36,88,60,5,25,34,39" hai2="83,119,6,114,42,135,116,29,49,133,67,11,104" hai3="84,126,35,113,48,19,93,81,63,130,129,108,30"/><U111/><E68/><V85/><F67/><W17/><G113/><T46/><D71/><U15/><E1/><V40/><F29/><W122/><G122/><T50/><D105/><U78/><E78/><N who="2" m="46327" /><F104/><W7/><G7/><T38/><D38/><U12/><E60/><V66/><F66/><W24/><G93/><T3/><D3/><U74/><E74/><V51/><F51/><W86/><G63/><T109/><D112/><U61/><E61/><V98/><F98/><W100/><G100/><T101/><D109/><N who="1" m="41483" /><E5/><V33/><F33/><W22/><G108/><T75/><D124/><U20/><E34/><V52/><F114/><W32/><G126/><T95/><D121/><U131/><E131/><N who="3" m="50186" /><G48/><T69/><D69/><U26/><E26/><V37/><F37/><N who="1" m="14409" /><E54/><V16/><F116/><W134/><G32/><T132/><D123/><U99/><E45/><N who="2" m="27695" /><F6/><W53/><G35/><T106/><D106/><U27/><E27/><V70/><F70/><W120/><G24/><T41/><D14/><U0/><E0/><V94/><F119/><W2/><G30/><T127/><D127/><U64/><E64/><V55/><F55/><W28/><G2/><T80/><D13/><U77/><E77/><V73/><F73/><W97/><G120/><T115/><D115/><U18/><E31/><V103/><F40/><W118/><G53/><T79/><D41/><U8/><E8/><V107/><F42/><W91/><G118/><T89/><D75/><U125/><E125/><V4/><F4/><W57/><G28/><T117/><D117/><U72/><E72/><V58/><F11/><RYUUKYOKU ba="0,0" sc="201,-10,230,30,339,-10,230,-10" hai1="12,15,18,20,25,88,99" /><INIT seed="1,1,0,1,3,94" ten="191,260,329,220" oya="1" hai0="103,126,7,67,121,32,48,3,100,58,132,45,72" hai1="49,105,71,59,96,13,6,109,22,128,46,62,40" hai2="4,9,104,106,91,33,54,44,99,95,101,27,12" hai3="75,50,65,60,115,135,117,88,118,112,30,80,5"/><U124/><E71/><V119/><F119/><N who="3" m="45579" /><G135/><T35/><D132/><U56/><E128/><V0/><F0/><W68/><G5/><T102/><D72/><U2/><E124/><V63/><F33/><W76/><G30/><T29/><D126/><U19/><E59/><V34/><F34/><W26/><G26/><T108/><D108/><U114/><E109/><V66/><F27/><W18/><G18/><T97/><D121/><U90/><E114/><N who="3" m="43562" /><G50/><T111/><D111/><U38/><E2/><V129/><F129/><W52/><G52/><N who="0" m="29711" /><D32/><U10/><E38/><V55/><F44/><W89/><AGARI ba="1,0" hai="60,65,68,75,76,80,88,89" m="43562,45579" machi="89" ten="40,2700,0" yaku="12,1,54,1" doraHai="94" who="3" fromWho="3" sc="191,-8,260,-14,329,-8,220,30" /><INIT seed="2,0,0,3,4,96" ten="183,246,321,250" oya="2" hai0="117,119,48,122,44,86,52,58,68,77,70,22,100" hai1="74,1,53,63,30,93,20,123,125,88,36,17,64" hai2="133,80,43,91,60,75,18,114,66,132,15,42,23" hai3="109,124,101,113,84,94,61,87,116,16,115,99,110"/><V108/><F114/><N who="3" m="43531" /><G61/><T120/><D22/><U7/><E123/><N who="0" m="47145" /><D86/><N who="3" m="32809" /><G16/><T103/><D77/><U4/><E74/><V95/><F80/><W39/><G39/><T126/><D58/><U12/><E36/><V105/><F105/><W73/><G116/><N who="0" m="44619" /><D126/><U76/><E76/><V127/><F75/><W9/><G9/><T29/><D29/><U21/><E1/><V89/><F127/><W71/><G71/><AGARI ba="0,0" hai="44,48,52,68,70,71,100,103" m="44619,47145" machi="71" ten="40,8000,1" yaku="12,1,52,2,54,1" doraHai="96" who="0" fromWho="3" sc="183,80,246,0,321,0,250,-80" /><INIT seed="3,0,0,5,2,36" ten="263,246,321,170" oya="3" hai0="57,121,25,1,15,42,9,23,7,113,130,69,112" hai1="10,115,83,93,79,48,66,34,105,73,119,72,59" hai2="95,71,101,5,104,133,76,120,29,109,53,52,127" hai3="86,51,8,14,80,31,12,61,35,131,85,107,64"/><W87/><G107/><T44/><D69/><U43/><E105/><V65/><F71/><W110/><G131/><T22/><D121/><U74/><E34/><V98/><F109/><W99/><G12/><T77/><D130/><U33/><E33/><V125/><F120/><W75/><G110/><T100/><D77/><U94/><E115/><N who="0" m="44105" /><D100/><U114/><E119/><V11/><F65/><W2/><G2/><T89/><D57/><U106/><E106/><V132/><F29/><W32/><G99/><T91/><D15/><U45/><E10/><V90/><F76/><W126/><G126/><N who="2" m="48137" /><F101/><W62/><G51/><N who="0" m="27031" /><D22/><U117/><E117/><V4/><F4/><W30/><G75/><T19/><AGARI ba="0,0" hai="1,7,9,19,23,25,89,91" m="27031,44105" machi="19" ten="30,2000,0" yaku="11,1,52,1" doraHai="36" who="0" fromWho="0" sc="263,20,246,-5,321,-5,170,-10" owari="283,8.3,241,-15.9,316,41.6,160,-34.0" /></mjloggm>