<mjloggm ver="2.3"><GO type="225" lobby="0"/><UN n0="%E3%81%8B%E3%82%8F%E3%81%A1%E3%82%83%E3%82%93%35%38" n1="%77%72%77%72%77%72%77%72" n2="%E3%80%93%E3%81%97%E3%83%BC%E3%82%89%E3%80%93" n3="%72%65%6E%6B%75%6E" dan="16,17,16,17" rate="2167.41,2196.59,2134.85,2191.21" sx="M,M,M,M"/><TAIKYOKU oya="0"/><INIT seed="0,0,0,3,4,23" ten="250,250,250,250" oya="0" hai0="127,12,123,32,34,56,93,19,41,33,102,44,30" hai1="74,84,95,94,125,135,92,80,98,0,86,6,57" hai2="73,47,108,52,81,133,16,128,90,48,29,96,113" hai3="53,42,68,35,75,126,105,107,100,4,10,112,119"/><T111/><D123/><U22/><E135/><V97/><F113/><W63/><G53/><T25/><D56/><U9/><E125/><V89/><F133/><W118/><G126/><T65/><D65/><U114/><E114/><V116/><F128/><W1/><G112/><T83/><D127/><U37/><E37/><V7/><F108/><W55/><G55/><T3/><D3/><U50/><E74/><V40/><F116/><N who="3" m="44587" /><G100/><T13/><D111/><U72/><E72/><V132/><F132/><W88/><G88/><N who="2" m="33897" /><F73/><W59/><G59/><T2/><D2/><U11/><E11/><V82/><F7/><W71/><G42/><T131/><D12/><U76/><E84/><V64/><F29/><W79/><G35/><T24/><D30/><U67/><E50/><V51/><F64/><N who="3" m="40991" /><G71/><T49/><D83/><AGARI ba="0,0" hai="1,4,10,75,79,83,105,107" m="40991,44587" machi="83" ten="30,1000,0" yaku="23,1" doraHai="23" who="3" fromWho="0" sc="250,-10,250,0,250,0,250,10" /><INIT seed="1,0,0,1,0,97" ten="240,250,250,260" oya="1" hai0="58,70,42,68,75,4,61,88,128,130,120,2,19" hai1="9,34,129,72,122,37,16,123,135,36,113,79,67" hai2="133,30,50,101,60,115,54,45,84,116,117,65,48" hai3="38,62,11,31,94,95,109,0,119,114,40,127,118"/><U78/><E113/><V25/><F133/><W41/><G114/><T21/><D75/><U99/><E34/><V17/><F115/><W51/><G31/><T47/><D120/><U96/><E135/><V91/><F17/><W132/><G132/><T26/><D4/><U80/><E67/><V13/><F13/><W3/><G51/><T82/><D2/><U35/><E35/><V12/><F12/><W33/><G33/><T27/><D27/><U121/><E129/><N who="0" m="49769" /><D82/><U46/><E78/><V10/><F10/><W131/><G131/><T23/><D23/><U98/><REACH who="1" step="1"/><E46/><REACH who="1" ten="240,240,250,260" step="2"/><V66/><F66/><W111/><G118/><T24/><D68/><U90/><E90/><V76/><F76/><W86/><G119/><T29/><D70/><U93/><E93/><V125/><F117/><W57/><G95/><T134/><D134/><U28/><E28/><V126/><F116/><W83/><G94/><T73/><D88/><U44/><E44/><V105/><F30/><W112/><G112/><T63/><D73/><U104/><E104/><V124/><F105/><W20/><G109/><T89/><D89/><U15/><AGARI ba="0,1" hai="9,15,16,36,37,72,79,80,96,98,99,121,122,123" machi="15" ten="40,12000,1" yaku="1,1,0,1,54,1,53,1" doraHai="97" doraHaiUra="6" who="1" fromWho="1" sc="240,-40,240,130,250,-40,260,-40" /><INIT seed="1,1,0,0,0,133" ten="200,370,210,220" oya="1" hai0="73,127,74,41,93,119,91,16,114,103,54,21,1" hai1="82,13,33,45,88,115,17,3,7,34,78,72,107" hai2="135,8,111,15,109,97,120,63,38,83,31,53,22" hai3="5,94,99,28,123,14,60,105,95,79,113,30,19"/><U0/><E115/><V100/><F38/><W9/><G123/><T101/><D1/><U27/><E107/><V57/><F120/><W108/><G113/><T42/><D119/><U116/><E116/><V106/><F135/><W48/><G108/><T35/><D35/><U76/><E76/><V56/><F83/><W49/><G79/><T61/><D74/><U124/><E88/><V77/><F77/><W87/><G60/><T130/><D73/><U121/><E121/><V125/><F125/><W69/><G69/><T26/><D127/><U50/><E124/><V37/><F37/><W58/><G5/><T110/><D130/><U80/><E80/><V70/><F70/><W18/><G18/><T25/><D25/><U131/><E131/><V12/><F57/><W51/><G58/><N who="0" m="35031" /><D110/><N who="2" m="41994" /><F8/><W47/><G47/><T10/><D10/><U59/><E59/><V126/><F126/><W102/><G105/><T90/><D90/><AGARI ba="1,0" hai="9,14,19,28,30,48,49,51,87,90,94,95,99,102" machi="90" ten="40,1300,0" yaku="8,1" doraHai="133" who="3" fromWho="0" sc="200,-16,370,0,210,0,220,16" /><INIT seed="2,0,0,3,4,16" ten="184,370,210,236" oya="2" hai0="128,77,120,93,85,83,123,21,13,129,68,88,29" hai1="69,22,96,82,78,59,26,84,105,97,46,65,118" hai2="18,107,114,34,64,76,58,117,94,6,89,127,33" hai3="91,134,122,42,116,73,1,55,52,40,20,44,2"/><V108/><F107/><W53/><G116/><T67/><D68/><U132/><E69/><V56/><F117/><W32/><G32/><T38/><D67/><U110/><E118/><V109/><F114/><W51/><G73/><T81/><D38/><U54/><E105/><V35/><F76/><W101/><G122/><N who="0" m="46635" /><D13/><U63/><E110/><N who="2" m="42603" /><F64/><W24/><G101/><T111/><D111/><U57/><E46/><V72/><F72/><W95/><G42/><T30/><D30/><N who="1" m="17751" /><E132/><V23/><F6/><W62/><G62/><AGARI ba="0,0" hai="54,57,59,62,63,65,78,82,84,96,97" m="17751" machi="62" ten="30,2000,0" yaku="8,1,52,1" doraHai="16" who="1" fromWho="3" sc="184,0,370,20,210,0,236,-20" /><INIT seed="3,0,0,0,0,2" ten="184,390,210,216" oya="3" hai0="56,54,34,41,80,93,23,15,84,61,99,132,72" hai1="87,4,75,96,101,103,31,113,111,78,92,59,52" hai2="63,119,49,89,134,1,104,39,18,76,47,62,14" hai3="100,106,8,86,43,117,12,32,0,125,64,77,130"/><W81/><G117/><T55/><D132/><U36/><E111/><V22/><F104/><W135/><G32/><T48/><D72/><U11/><E36/><V122/><F39/><W67/><G135/><T94/><D34/><U69/><E69/><V60/><F1/><W131/><G0/><T116/><D41/><U7/><E75/><V88/><F119/><W65/><G43/><T33/><D33/><U51/><E113/><V110/><F134/><W123/><G123/><T91/><D116/><U120/><E120/><V21/><F122/><W27/><G27/><T66/><D93/><U95/><E31/><V45/><F110/><W53/><G53/><T128/><D128/><U115/><E115/><V50/><F76/><W57/><G57/><T20/><D15/><U71/><E71/><V129/><F22/><W107/><G125/><T127/><D127/><U35/><E35/><V42/><F129/><N who="3" m="49163" /><G100/><T73/><D73/><U28/><E28/><V85/><F85/><W46/><G46/><T118/><D118/><U24/><E24/><V74/><F74/><W16/><AGARI ba="0,0" hai="8,12,16,64,65,67,77,81,86,106,107" m="49163" machi="16" ten="30,3000,0" yaku="19,1,54,1" doraHai="2" who="3" fromWho="3" sc="184,-10,390,-10,210,-10,216,30" /><INIT seed="3,1,0,4,0,43" ten="174,380,200,246" oya="3" hai0="55,60,95,57,64,127,81,77,9,41,84,3,97" hai1="22,124,39,62,27,66,106,125,47,45,93,109,42" hai2="34,98,52,107,23,120,68,4,94,112,50,88,5" hai3="114,73,21,58,70,56,20,74,25,89,30,8,16"/><W129/><G70/><T117/><D127/><N who="1" m="48715" /><E109/><V53/><F34/><W86/><G114/><T10/><D117/><U100/><E106/><V85/><F68/><W126/><G126/><T13/><D3/><U37/><E100/><N who="2" m="60503" /><F107/><W38/><G38/><N who="1" m="14346" /><E93/><N who="2" m="54415" /><F112/><W44/><G44/><T79/><D79/><U128/><E42/><V82/><F120/><W91/><G8/><T31/><D41/><U7/><E7/><N who="2" m="2635" /><F50/><W61/><G129/><T133/><D133/><U72/><E72/><V111/><F111/><W122/><G122/><T35/><D35/><U49/><E49/><V67/><F67/><W65/><G91/><T123/><D64/><U115/><E128/><V48/><F48/><W29/><G58/><T6/><D123/><U0/><E0/><V104/><F104/><W59/><G56/><T2/><D2/><U135/><E135/><V116/><F116/><W118/><G118/><T103/><REACH who="0" step="1"/><D10/><REACH who="0" ten="164,380,200,246" step="2"/><U69/><E115/><V101/><F23/><W40/><G40/><T28/><AGARI ba="1,1" hai="6,9,13,28,31,55,57,60,77,81,84,95,97,103" machi="28" ten="30,8000,1" yaku="1,1,2,1,0,1,8,1,53,1" doraHai="43" doraHaiUra="76" who="0" fromWho="0" sc="164,93,380,-21,200,-21,246,-41" owari="257,5.7,359,45.9,179,-32.1,205,-19.5" /></mjloggm>