<mjloggm ver="2.3"><GO type="225" lobby="0"/><UN n0="%73%61%6E%64%69%72%69%73" n1="%E3%81%AF%E3%82%88%E3%81%8A%E3%81%98%E3%81%95%E3%82%93" n2="%62%6F%6E%6F%73%2E%2E" n3="%E7%AD%89%E3%80%85%E5%8A%9B%E5%8A%87%E5%A0%B4" dan="16,17,17,17" rate="2157.32,2200.27,2223.28,2178.67" sx="M,M,M,M"/><TAIKYOKU oya="0"/><INIT seed="0,0,0,1,2,92" ten="250,250,250,250" oya="0" hai0="35,91,6,36,41,112,8,50,60,72,16,80,37" hai1="82,126,21,9,110,49,116,129,78,77,102,94,118" hai2="124,23,44,114,59,63,105,86,30,58,93,34,74" hai3="68,88,7,31,13,70,130,26,66,76,67,123,107"/><T119/><D119/><U85/><E9/><V18/><F114/><W69/><G130/><T46/><D112/><U103/><E21/><V4/><F74/><W61/><G123/><T133/><D35/><U17/><E17/><V121/><F105/><W33/><G107/><T32/><D32/><U52/><E129/><V89/><F121/><W135/><G135/><T2/><D133/><U22/><E110/><V98/><F124/><W79/><G70/><T45/><D60/><U101/><E126/><V84/><F4/><W65/><G65/><T3/><D3/><U47/><E77/><V29/><F44/><W104/><G104/><T81/><D81/><U25/><REACH who="1" step="1"/><E94/><REACH who="1" ten="250,240,250,250" step="2"/><V95/><F34/><W115/><G115/><T127/><D127/><U120/><E120/><V83/><F29/><W99/><G79/><T14/><D46/><U113/><E113/><V106/><F30/><W12/><G76/><T11/><REACH who="0" step="1"/><D72/><REACH who="0" ten="240,240,250,250" step="2"/><U62/><E62/><V10/><F63/><W20/><G61/><T42/><D42/><U71/><E71/><V132/><F132/><W97/><G69/><T111/><D111/><U27/><E27/><V134/><F134/><W0/><G68/><T43/><D43/><U1/><E1/><V64/><F64/><W53/><G66/><T87/><AGARI ba="0,2" hai="2,6,8,11,14,16,36,37,41,45,50,80,87,91" machi="87" ten="30,11700,0" yaku="1,1,0,1,54,1,53,1" doraHai="92" doraHaiUra="15" who="0" fromWho="0" sc="240,137,240,-39,250,-39,250,-39" /><INIT seed="0,1,0,1,3,4" ten="377,201,211,211" oya="0" hai0="124,129,114,71,16,49,123,89,76,67,60,108,59" hai1="111,90,85,66,132,12,35,8,30,77,1,98,112" hai2="94,104,103,14,87,82,116,9,41,61,100,43,55" hai3="28,52,53,69,74,13,31,81,130,42,11,91,95"/><T37/><D76/><U25/><E111/><V5/><F104/><W51/><G69/><T128/><D114/><U34/><E112/><V40/><F116/><W38/><G130/><T126/><D89/><U119/><E119/><V62/><F55/><N who="3" m="21067" /><G38/><T15/><D123/><U18/><E132/><V33/><F33/><W118/><G81/><T84/><D37/><U21/><E66/><V101/><REACH who="2" step="1"/><F94/><REACH who="2" ten="377,201,201,211" step="2"/><W54/><G118/><T78/><D108/><U75/><E35/><V26/><F26/><W133/><G133/><T27/><D27/><U102/><E34/><V107/><F107/><W56/><G42/><T122/><D129/><U134/><E134/><V115/><F115/><W2/><G74/><T96/><D128/><U6/><E75/><V32/><F32/><W3/><G2/><T80/><D122/><U88/><E1/><V47/><F47/><W110/><G3/><T20/><D67/><U22/><E30/><V10/><F10/><W29/><G110/><T45/><D45/><U93/><E21/><V50/><F50/><W105/><G105/><T113/><D49/><U65/><E65/><V135/><F135/><W19/><G31/><T57/><D113/><U106/><E106/><V7/><F7/><W109/><G109/><T17/><D20/><U131/><E131/><V97/><F97/><AGARI ba="1,1" hai="11,13,19,28,29,51,54,56,91,95,97" m="21067" machi="97" ten="30,3900,0" yaku="8,1,52,1,54,1" doraHai="4" who="3" fromWho="2" sc="377,0,201,0,201,-42,211,52" /><INIT seed="1,0,0,1,4,30" ten="377,201,159,263" oya="1" hai0="89,12,100,37,8,60,43,45,111,55,72,39,11" hai1="118,132,93,35,113,102,123,122,4,16,63,84,22" hai2="80,53,114,27,66,125,44,19,38,34,131,101,133" hai3="51,105,25,56,104,73,95,110,128,86,41,52,48"/><U119/><E113/><V6/><F125/><W91/><G73/><T65/><D111/><U58/><E132/><V120/><F120/><W88/><G110/><T112/><D112/><U78/><E35/><V96/><F133/><W59/><G128/><T61/><D72/><U106/><E106/><V21/><F131/><W85/><G25/><T47/><D100/><U109/><E109/><V117/><F117/><W97/><G97/><T98/><D8/><U50/><E4/><V32/><F114/><W107/><G41/><T36/><D89/><U70/><E70/><V69/><F6/><W31/><G31/><T76/><D12/><U121/><E50/><V64/><F80/><W10/><G10/><T94/><D76/><U124/><E124/><V14/><F69/><W49/><REACH who="3" step="1"/><G59/><REACH who="3" ten="377,201,159,253" step="2"/><N who="0" m="34943" /><D11/><U99/><E119/><V134/><F134/><W126/><G126/><T29/><D98/><U1/><E118/><V67/><F27/><W108/><G108/><T18/><D29/><U75/><E75/><V62/><F38/><W33/><G33/><T2/><D43/><U20/><E20/><V116/><F116/><W77/><G77/><T74/><D36/><U82/><E122/><V90/><F90/><W9/><G9/><T87/><D74/><U57/><E1/><V24/><F24/><W5/><G5/><T3/><D3/><U28/><E28/><V135/><F135/><W23/><G23/><T127/><D2/><U115/><E115/><V17/><F17/><W40/><G40/><N who="0" m="22671" /><D18/><U81/><E121/><V103/><F96/><W83/><AGARI ba="0,1" hai="48,49,51,52,56,83,85,86,88,91,95,104,105,107" machi="83" ten="30,7900,0" yaku="1,1,0,1,54,2,53,0" doraHai="30" doraHaiUra="0" who="3" fromWho="3" sc="377,-20,201,-39,159,-20,253,89" /><INIT seed="2,0,0,3,0,86" ten="357,162,139,342" oya="2" hai0="69,97,61,36,34,70,104,66,115,88,23,44,96" hai1="130,73,80,42,12,93,45,108,52,24,87,40,31" hai2="95,41,67,19,100,63,39,107,122,114,38,8,82" hai3="11,20,84,124,133,99,65,3,125,51,68,47,128"/><V76/><F114/><W85/><G133/><T30/><D115/><U79/><E108/><V92/><F122/><W9/><G128/><T123/><D123/><U7/><E130/><V43/><F107/><W62/><G20/><T77/><D23/><N who="1" m="15775" /><E73/><V50/><F39/><W57/><G57/><BYE who="3" /><UN n3="%E7%AD%89%E3%80%85%E5%8A%9B%E5%8A%87%E5%A0%B4" /><T15/><D15/><U1/><E1/><V94/><F38/><W132/><G68/><N who="0" m="42063" /><BYE who="3" /><D77/><UN n3="%E7%AD%89%E3%80%85%E5%8A%9B%E5%8A%87%E5%A0%B4" /><U89/><E93/><V113/><F100/><W28/><G28/><T98/><D98/><U90/><E40/><V6/><F19/><W134/><G99/><T2/><D2/><U5/><E42/><V37/><F37/><W4/><G11/><T121/><D121/><U78/><E79/><V72/><F50/><W60/><G60/><T110/><D110/><U109/><E109/><V0/><REACH who="2" step="1"/><F113/><REACH who="2" ten="357,162,129,342" step="2"/><W26/><G51/><T18/><D18/><U22/><E7/><V105/><F105/><W33/><G4/><T91/><D36/><U29/><E5/><V81/><F81/><W32/><G134/><T103/><D103/><U17/><E29/><V126/><F126/><W10/><G125/><T119/><D30/><U58/><E45/><V13/><F13/><W46/><G47/><T25/><D104/><U102/><E102/><V111/><F111/><W135/><G46/><T127/><D127/><U54/><E12/><V129/><F129/><W106/><G124/><T48/><D48/><U131/><E131/><V101/><F101/><W75/><G106/><T16/><D16/><U118/><E17/><V64/><F64/><W55/><G135/><T83/><D44/><U21/><E80/><RYUUKYOKU ba="0,1" sc="357,-10,162,-10,129,30,342,-10" hai2="0,6,8,41,43,63,67,72,76,82,92,94,95" /><INIT seed="2,1,1,2,3,92" ten="347,152,159,332" oya="2" hai0="94,111,57,20,13,114,107,130,109,87,58,47,43" hai1="51,42,46,125,11,83,67,132,2,53,24,16,80" hai2="29,56,65,82,76,14,95,93,103,5,63,34,122" hai3="101,48,50,35,102,129,70,88,30,4,113,117,39"/><V112/><F112/><W55/><G117/><T27/><D107/><U41/><E125/><V119/><F119/><W110/><G39/><T25/><D114/><U128/><E128/><V71/><F122/><W28/><G70/><T31/><D130/><U121/><E121/><V116/><F116/><W66/><G66/><T73/><D73/><U86/><E132/><V52/><F103/><W32/><G4/><T124/><D124/><U123/><E123/><V15/><F29/><W90/><G55/><T12/><D27/><U8/><E67/><V1/><F34/><W69/><G69/><T68/><D68/><U7/><E83/><V104/><F104/><W97/><G129/><T100/><D87/><U84/><E86/><N who="2" m="48455" /><F1/><W22/><G113/><T108/><D94/><N who="2" m="35850" /><F71/><W106/><G106/><T78/><D78/><U62/><E62/><N who="2" m="38087" /><F5/><W118/><G118/><T59/><D100/><U33/><E33/><V98/><F98/><W81/><G81/><T91/><REACH who="0" step="1"/><D91/><REACH who="0" ten="337,152,159,332" step="2"/><N who="1" m="51591" /><E24/><V3/><F3/><W134/><G90/><T49/><AGARI ba="1,2" hai="12,13,20,25,31,43,47,49,57,58,59,108,109,111" machi="49" ten="40,5200,0" yaku="1,1,0,1,14,1,53,0" doraHai="92" doraHaiUra="131" who="0" fromWho="0" sc="337,75,152,-14,159,-27,332,-14" /><INIT seed="3,0,0,3,1,66" ten="412,138,132,318" oya="3" hai0="8,18,133,57,88,72,83,49,21,39,84,20,74" hai1="97,91,16,119,11,35,33,114,118,0,127,132,129" hai2="109,4,103,27,36,80,64,19,89,128,113,31,62" hai3="58,37,24,99,60,115,123,112,111,45,134,121,59"/><W38/><G24/><T67/><D39/><N who="3" m="14857" /><G99/><T131/><D131/><U42/><E114/><N who="3" m="43562" /><G45/><T130/><D130/><U50/><E129/><V40/><F113/><W54/><G134/><T52/><D133/><U81/><E127/><V14/><F128/><W107/><G107/><T122/><D122/><N who="3" m="46601" /><G59/><N who="0" m="33167" /><D74/><U15/><E0/><V1/><F109/><AGARI ba="0,0" hai="54,58,60,109,111" m="46601,43562,14857" machi="109" ten="40,3900,0" yaku="34,2" doraHai="66" who="3" fromWho="2" sc="412,0,138,0,132,-39,318,39" /><INIT seed="3,1,0,1,3,39" ten="412,138,93,357" oya="3" hai0="2,19,115,61,45,8,102,98,1,81,130,26,105" hai1="43,55,75,5,22,30,76,91,99,86,6,62,53" hai2="78,88,63,80,92,67,15,20,70,33,109,95,69" hai3="31,96,58,18,7,126,16,94,72,85,128,134,49"/><W113/><G72/><T74/><D130/><U101/><E75/><V38/><F33/><W56/><G113/><T82/><D115/><U135/><E135/><V66/><F38/><W90/><G126/><T4/><D1/><U23/><E76/><V52/><F109/><W46/><G128/><T73/><D73/><U25/><E43/><V110/><F110/><W84/><G134/><T40/><D61/><U129/><E129/><V11/><F20/><W14/><G31/><T48/><D74/><U47/><E23/><V57/><F69/><W114/><G114/><T65/><D65/><N who="2" m="24586" /><F70/><W108/><G7/><N who="1" m="2570" /><E47/><V124/><F124/><W103/><G108/><T121/><D121/><U29/><E29/><V107/><F107/><W64/><G64/><T117/><D117/><U104/><E104/><V77/><F80/><N who="3" m="49415" /><G85/><T12/><D26/><U10/><E10/><AGARI ba="1,0" hai="2,4,8,10,12,19,40,45,48,81,82,98,102,105" machi="10" ten="30,2000,0" yaku="7,1,52,1" doraHai="39" who="0" fromWho="1" sc="412,23,138,-23,93,0,357,0" owari="435,53.5,115,-28.5,93,-40.7,357,15.7" /></mjloggm>