<mjloggm ver="2.3"><GO type="225" lobby="0"/><UN n0="%45%6C%79%73%69%75%6D" n1="%E3%81%86%E3%83%BC%E3%81%B1%E3%83%BC" n2="%E6%B0%B7%E5%B7%9D%E9%87%8C%E5%A5%88" n3="%E5%8D%A0%E3%81%84%E5%B8%AB%E8%A3%8F%E3%81%AA%E3%81%84%E3%81%97" dan="17,17,16,17" rate="2076.88,2155.85,2125.66,2137.81" sx="F,M,F,M"/><TAIKYOKU oya="0"/><INIT seed="0,0,0,2,4,10" ten="250,250,250,250" oya="0" hai0="11,81,90,57,52,49,119,19,17,117,35,23,47" hai1="80,58,73,124,41,43,97,40,44,133,12,86,92" hai2="5,135,116,127,82,50,131,6,87,112,114,55,67" hai3="42,113,8,134,31,54,74,120,21,100,62,2,22"/><T132/><D35/><U15/><E133/><V24/><F135/><W4/><G113/><T126/><D132/><U32/><E124/><V111/><F111/><W38/><G134/><T68/><D68/><U1/><E1/><V98/><F127/><W107/><G31/><T13/><D126/><U25/><E73/><V84/><F131/><W53/><G107/><T65/><D65/><U61/><E44/><V46/><F116/><W123/><G100/><T88/><D57/><U34/><E25/><V39/><F39/><W70/><G74/><T56/><D56/><U103/><E32/><V122/><F122/><N who="3" m="46635" /><G70/><T115/><D115/><U106/><E106/><V71/><F114/><W3/><G3/><T69/><D69/><U20/><E20/><N who="3" m="7786" /><G62/><T130/><D130/><U9/><E9/><V110/><F110/><W36/><G42/><T83/><D119/><U128/><E34/><V45/><F112/><W7/><G7/><T18/><D117/><U125/><E128/><V121/><F121/><W95/><G95/><T66/><D66/><N who="1" m="39223" /><E125/><V96/><F71/><W79/><G79/><AGARI ba="0,0" hai="12,15,40,41,43,79,80,86,92,97,103" m="39223" machi="79" ten="30,3900,0" yaku="8,1,52,2" doraHai="10" who="1" fromWho="3" sc="250,0,250,39,250,0,250,-39" /><INIT seed="1,0,0,1,5,93" ten="250,289,250,211" oya="1" hai0="59,14,101,8,66,69,44,47,62,4,79,123,46" hai1="78,77,94,82,1,3,63,26,118,13,98,55,15" hai2="20,71,135,73,102,34,41,133,29,126,74,6,70" hai3="12,67,108,25,48,38,33,97,92,72,28,86,19"/><U21/><E118/><V111/><F34/><W22/><G72/><T121/><D79/><N who="1" m="30219" /><E82/><V0/><F111/><W99/><G38/><T122/><REACH who="0" step="1"/><D101/><REACH who="0" ten="240,289,250,211" step="2"/><N who="1" m="60631" /><E1/><V105/><F41/><W30/><G108/><T50/><D50/><U109/><E3/><V31/><F102/><W54/><G67/><T134/><D134/><U65/><E65/><V32/><F0/><W100/><G30/><T60/><D60/><U2/><E2/><V42/><F42/><W9/><G33/><T120/><N who="0" m="30720" /><DORA hai="112" /><T80/><D80/><U90/><E109/><V115/><F32/><W131/><G131/><T56/><AGARI ba="0,1" hai="4,8,14,44,46,47,56,59,62,66,69" m="30720" machi="56" ten="60,12000,2" yaku="1,1,0,1,13,1,53,4" doraHai="93,112" doraHaiUra="116,95" who="0" fromWho="0" sc="240,130,289,-60,250,-30,211,-30" /><INIT seed="2,0,0,0,2,12" ten="370,229,220,181" oya="2" hai0="0,102,71,15,49,99,105,121,94,88,26,3,91" hai1="79,61,74,52,60,10,70,23,95,119,58,84,63" hai2="42,2,81,75,69,90,122,41,51,103,97,18,80" hai3="16,129,39,50,62,22,35,123,33,125,126,19,28"/><V87/><F122/><W78/><G39/><T132/><D71/><U25/><E119/><V113/><F113/><W1/><G123/><T59/><D121/><U85/><E74/><V130/><F130/><W37/><G37/><T72/><D72/><U131/><E131/><V82/><F2/><W56/><G1/><T30/><D132/><U55/><E70/><V8/><F69/><W31/><G50/><T53/><D15/><U115/><E115/><V68/><F68/><W67/><G78/><T108/><D108/><U44/><E10/><V14/><F75/><W47/><G47/><T96/><D91/><N who="1" m="53735" /><E44/><V46/><REACH who="2" step="1"/><F41/><REACH who="2" ten="370,229,210,181" step="2"/><W20/><G129/><T86/><D0/><U110/><E110/><V11/><F11/><W65/><G56/><T112/><D3/><U77/><E58/><V32/><F32/><W92/><G92/><AGARI ba="0,1" hai="8,14,18,42,46,51,80,81,82,87,90,92,97,103" machi="92" ten="30,11600,0" yaku="1,1,7,1,8,1,52,1,53,0" doraHai="12" doraHaiUra="73" who="2" fromWho="3" sc="370,0,229,0,210,126,181,-116" /><INIT seed="2,1,0,0,5,77" ten="370,229,336,65" oya="2" hai0="125,133,67,7,10,51,46,12,81,116,91,79,80" hai1="65,110,131,114,3,120,106,44,115,37,76,101,104" hai2="98,62,53,39,54,16,128,64,119,78,108,113,107" hai3="89,27,127,25,2,117,94,123,103,100,63,40,56"/><V83/><F113/><W19/><G117/><T41/><D116/><U34/><E65/><V121/><F119/><W109/><G123/><T28/><D133/><U57/><E57/><V130/><F121/><W90/><G2/><T26/><D125/><U14/><E14/><V24/><F39/><W92/><G127/><T4/><D67/><U132/><E76/><V112/><F112/><W0/><G0/><T82/><D91/><U1/><E101/><V75/><F108/><W20/><G40/><T99/><D99/><U32/><E44/><V47/><F98/><W70/><G70/><T38/><D38/><U68/><E32/><V124/><F107/><W96/><G25/><T29/><D29/><U55/><E55/><V135/><F135/><W118/><G109/><T52/><D52/><U61/><E61/><V13/><F24/><W129/><G129/><N who="2" m="49769" /><F47/><W74/><G74/><T36/><D36/><U72/><E106/><V126/><F126/><W87/><REACH who="3" step="1"/><G118/><REACH who="3" ten="370,229,336,55" step="2"/><T43/><D43/><U45/><E115/><V105/><F124/><W58/><G58/><T97/><D41/><U49/><E114/><V60/><F105/><W134/><G134/><T6/><D26/><U22/><E132/><V95/><F60/><W73/><G73/><T42/><D28/><U93/><E110/><V18/><F62/><W9/><G9/><T88/><D79/><U111/><E120/><V59/><F78/><W48/><G48/><T122/><D122/><U8/><E111/><V15/><F59/><W33/><G33/><T31/><D31/><U69/><E131/><V30/><F30/><RYUUKYOKU ba="1,1" sc="370,15,229,-15,336,-15,55,15" hai0="4,6,7,10,12,42,46,51,80,81,82,88,97" hai3="19,20,27,56,63,87,89,90,92,94,96,100,103" /><INIT seed="3,2,1,4,2,31" ten="385,214,321,70" oya="3" hai0="17,34,79,130,108,50,5,65,103,10,45,86,57" hai1="3,115,124,77,74,47,113,23,81,70,120,20,91" hai2="4,39,51,117,28,40,14,24,133,1,99,53,29" hai3="96,72,43,12,37,118,87,18,110,59,112,56,60"/><W101/><G112/><T90/><D34/><U66/><E3/><V44/><F117/><W36/><G72/><T82/><D108/><U68/><E120/><V6/><F133/><W32/><G118/><T134/><D130/><U0/><E0/><V21/><F1/><W89/><G32/><T85/><D134/><U33/><E33/><V83/><F29/><W35/><G35/><T26/><D103/><U92/><E68/><V127/><F127/><W58/><G110/><T55/><D5/><U22/><E124/><V114/><F114/><W78/><G78/><T84/><D79/><U52/><E66/><V76/><F99/><W98/><G60/><N who="0" m="38031" /><D26/><U30/><E30/><V109/><F109/><W8/><G43/><T97/><D97/><U62/><E70/><V119/><F14/><AGARI ba="2,1" hai="10,14,17,45,50,55,82,84,85,86,90" m="38031" machi="14" ten="30,2000,0" yaku="25,1,8,1" doraHai="31" who="0" fromWho="2" sc="385,36,214,0,321,-26,70,0" owari="421,52.1,214,-18.6,295,9.5,70,-43.0" /></mjloggm>