<mjloggm ver="2.3"><GO type="225" lobby="0"/><UN n0="%77%72%77%72%77%72%77%72" n1="%E3%81%B5%E3%81%98%E3%81%8B%E3%81%A4" n2="%E9%B3%B3%E6%9D%B1%E3%81%AE%E3%81%BF%E3%81%91%E3%81%AB%E3%82%83%E3%82%93" n3="%E3%83%97%E3%83%AC%E3%83%B4%E3%82%A1%E3%83%86%E3%82%A3" dan="16,16,17,16" rate="2249.08,2110.32,2152.29,2095.82" sx="M,M,F,F"/><TAIKYOKU oya="0"/><INIT seed="0,0,0,4,0,72" ten="250,250,250,250" oya="0" hai0="113,39,48,55,34,5,33,81,49,25,62,131,38" hai1="83,100,31,35,92,16,115,132,29,54,133,105,129" hai2="64,104,120,8,121,94,19,15,124,18,56,41,112" hai3="135,27,7,24,77,76,58,46,134,50,130,126,52"/><T88/><D113/><U80/><E115/><V61/><F104/><W28/><G7/><T93/><D131/><U0/><E0/><V32/><F32/><W74/><G74/><T20/><D5/><U116/><E116/><V82/><F124/><W84/><G126/><T128/><D128/><U63/><E129/><V123/><F112/><W125/><G130/><T1/><D1/><U70/><E105/><V68/><F94/><W26/><G125/><T3/><D3/><U103/><E70/><V53/><F41/><W87/><G28/><N who="1" m="10826" /><E35/><V90/><F18/><W43/><G87/><T75/><D38/><U9/><E63/><V40/><F40/><W37/><REACH who="3" step="1"/><G84/><REACH who="3" ten="250,250,250,240" step="2"/><T101/><D75/><U2/><E2/><V106/><F120/><W66/><G66/><T30/><D34/><U12/><E54/><V36/><F121/><W91/><G91/><T127/><D55/><U95/><E103/><V13/><F123/><W79/><AGARI ba="0,1" hai="24,26,27,37,43,46,50,52,58,76,77,79,134,135" machi="79" ten="40,16000,3" yaku="1,1,0,1,52,3,54,1,53,3" doraHai="72" doraHaiUra="22" who="3" fromWho="3" sc="250,-80,250,-40,250,-40,240,170" /><INIT seed="1,0,0,3,2,39" ten="170,210,210,410" oya="1" hai0="126,66,14,56,68,32,87,129,27,124,108,9,100" hai1="23,17,25,57,125,29,15,77,134,1,78,111,117" hai2="61,10,13,113,83,35,69,116,119,67,90,131,46" hai3="5,102,48,122,33,65,11,60,107,76,59,7,79"/><U50/><E117/><V4/><F35/><W101/><G122/><T55/><D108/><U16/><E111/><V121/><F121/><W97/><G33/><T49/><D129/><U94/><E125/><N who="0" m="48233" /><D100/><U21/><E134/><V63/><F131/><W112/><G112/><T3/><D3/><U64/><E1/><V58/><F113/><W85/><G102/><T40/><D87/><U106/><E106/><V104/><F104/><W109/><G109/><T51/><D66/><U41/><E94/><V132/><F132/><W2/><G7/><T135/><D68/><U6/><E6/><V12/><F12/><W86/><G85/><T18/><D135/><U105/><E105/><V81/><F90/><W98/><G98/><T91/><D91/><U53/><E64/><V127/><F127/><W71/><G86/><T89/><D89/><U47/><REACH who="1" step="1"/><E29/><REACH who="1" ten="170,200,210,410" step="2"/><V28/><F28/><W128/><G128/><T8/><D32/><U120/><E120/><V54/><F119/><W43/><REACH who="3" step="1"/><G71/><REACH who="3" ten="170,200,210,400" step="2"/><T19/><D19/><U82/><E82/><V95/><F116/><W99/><G99/><T73/><D18/><U84/><E84/><V92/><F83/><W37/><G37/><AGARI ba="0,2" hai="15,16,17,21,23,25,37,41,47,50,53,57,77,78" machi="37" ten="30,11600,0" yaku="1,1,7,1,52,1,54,1,53,0" doraHai="39" doraHaiUra="123" who="1" fromWho="3" sc="170,0,200,136,210,0,400,-116" /><INIT seed="1,1,0,3,3,58" ten="170,336,210,284" oya="1" hai0="3,61,120,119,72,18,129,27,55,6,103,117,57" hai1="73,124,16,134,102,89,38,94,135,36,68,53,62" hai2="31,47,96,105,99,49,35,23,91,64,33,121,39" hai3="9,115,26,66,54,85,19,113,131,7,24,32,37"/><U11/><E73/><V90/><F121/><W17/><G37/><T97/><D120/><U76/><E76/><V46/><F39/><W60/><G131/><T15/><D72/><U21/><E102/><V34/><F64/><W42/><G42/><T50/><D129/><U52/><E11/><V71/><F71/><W25/><G32/><T116/><D27/><N who="1" m="14759" /><E124/><V125/><F125/><W44/><G113/><T63/><D6/><U29/><E29/><V132/><F132/><N who="1" m="50729" /><E68/><V59/><F31/><W130/><G115/><T13/><D3/><U0/><E0/><V12/><F23/><W5/><G130/><T88/><D88/><U100/><E100/><V107/><F12/><W111/><G85/><T114/><D114/><U43/><E43/><V74/><F74/><W4/><G111/><T28/><D28/><U81/><E81/><V83/><F83/><W84/><G84/><T87/><D87/><N who="1" m="52543" /><E53/><V2/><F2/><W106/><G106/><T1/><D1/><U98/><E98/><V45/><F91/><W56/><G9/><T108/><D108/><U86/><E86/><V70/><F70/><W78/><G78/><T118/><N who="0" m="29696" /><DORA hai="14" /><T112/><D112/><U127/><E127/><V92/><F96/><W10/><G10/><T109/><D109/><U126/><E126/><V69/><F69/><W67/><G66/><T40/><D40/><U93/><E93/><V22/><F22/><W41/><G41/><T79/><D79/><U20/><E20/><V30/><F30/><W95/><G95/><N who="0" m="58815" /><D13/><U104/><E104/><N who="2" m="40011" /><F34/><W75/><G75/><T51/><D15/><RYUUKYOKU ba="1,0" sc="170,-30,336,10,210,10,284,10" hai1="36,38,52,62" hai2="33,35,45,46,47,49,59,90,92,99" hai3="4,5,7,17,19,24,25,26,44,54,56,60,67" /><INIT seed="1,2,0,1,2,48" ten="140,346,220,294" oya="1" hai0="115,69,25,51,67,74,88,72,22,82,43,65,73" hai1="16,68,55,110,125,94,128,127,131,105,84,132,10" hai2="64,109,81,71,130,113,14,108,86,112,19,96,85" hai3="53,37,15,107,121,89,58,106,31,122,66,7,17"/><U98/><E68/><V76/><F130/><N who="1" m="49705" /><E105/><V52/><F96/><W28/><G37/><T46/><D115/><N who="2" m="44106" /><F85/><W56/><G7/><T63/><D65/><U33/><E33/><V12/><F12/><W41/><G41/><T87/><REACH who="0" step="1"/><D73/><REACH who="0" ten="130,346,220,294" step="2"/><U103/><E132/><V8/><F64/><W11/><G66/><T111/><D111/><U32/><E110/><V117/><F71/><W80/><G107/><T83/><D83/><U102/><E127/><V99/><F108/><W44/><G106/><T35/><D35/><U1/><E32/><V59/><F109/><W61/><G122/><T92/><D92/><U38/><E125/><V39/><F117/><W2/><G121/><T47/><D47/><U133/><E133/><V13/><F39/><W129/><G129/><T45/><D45/><U36/><E36/><V134/><F134/><W123/><G123/><T62/><D62/><U91/><E38/><V119/><F119/><W9/><G44/><T75/><D75/><U116/><E116/><V78/><F81/><W21/><G58/><T24/><D24/><U0/><E94/><V57/><F57/><W26/><G2/><T5/><D5/><U90/><E0/><V6/><F6/><W100/><G80/><T27/><D27/><U70/><E70/><V20/><F59/><W118/><G118/><T120/><D120/><U93/><E1/><V97/><F14/><W54/><G26/><T104/><D104/><U135/><E135/><V79/><F13/><W50/><G15/><T101/><D101/><U49/><E103/><V4/><F4/><W126/><G100/><RYUUKYOKU ba="2,1" sc="130,30,346,-10,220,-10,294,-10" hai0="22,25,43,46,51,63,67,69,72,74,82,87,88" /><INIT seed="2,3,1,0,0,98" ten="160,336,210,284" oya="2" hai0="65,55,112,69,90,31,115,35,72,105,47,50,119" hai1="19,32,79,3,63,17,99,44,53,135,128,43,23" hai2="45,52,82,21,113,4,117,62,68,29,131,95,71" hai3="97,88,46,133,36,81,13,107,101,42,85,127,118"/><V34/><F113/><W120/><G118/><T48/><D72/><U108/><E32/><V39/><F117/><W9/><G127/><T15/><D119/><U33/><E3/><V100/><F34/><W94/><G133/><T22/><D105/><U58/><E135/><V74/><F39/><W102/><G120/><T106/><D106/><U70/><E33/><V18/><F4/><W125/><G125/><T5/><D35/><U51/><E108/><V110/><F29/><W30/><G30/><T109/><D109/><U41/><E128/><V0/><F0/><W92/><REACH who="3" step="1"/><G102/><REACH who="3" ten="160,336,210,274" step="2"/><T54/><D31/><U83/><E70/><V132/><F68/><W122/><G122/><T130/><D130/><U129/><E129/><V16/><F71/><W6/><AGARI ba="3,2" hai="6,9,13,36,42,46,81,85,88,92,94,97,101,107" machi="6" ten="20,8000,1" yaku="1,1,0,1,7,1,52,1,54,1,53,0" doraHai="98" doraHaiUra="114" who="3" fromWho="3" sc="160,-23,336,-23,210,-43,274,109" /><INIT seed="3,0,0,0,1,90" ten="137,313,167,383" oya="3" hai0="122,3,105,54,18,128,103,118,70,75,79,129,117" hai1="131,31,20,102,124,47,85,96,8,19,52,93,38" hai2="37,45,92,127,109,81,26,67,48,115,86,32,42" hai3="65,10,123,64,130,84,46,21,43,25,62,77,134"/><W49/><G123/><T12/><D3/><U71/><E124/><V63/><F115/><W83/><G130/><N who="0" m="50283" /><D70/><U17/><E131/><V27/><F127/><W120/><G120/><T57/><D57/><U2/><E71/><V56/><F109/><W23/><G134/><T61/><D61/><U100/><E38/><V97/><F32/><W72/><G72/><T11/><D122/><U66/><E66/><V5/><F5/><W95/><G62/><T98/><D54/><U1/><E102/><N who="2" m="60711" /><F37/><W22/><G95/><N who="0" m="58847" /><D79/><AGARI ba="0,0" hai="26,27,42,45,48,56,63,67,79,81,86" m="60711" machi="79" ten="30,2000,0" yaku="8,1,52,1" doraHai="90" who="2" fromWho="0" sc="137,-20,313,0,167,20,383,0" owari="117,-38.3,313,11.3,187,-21.3,383,48.3" /></mjloggm>