<mjloggm ver="2.3"><GO type="225" lobby="0"/><UN n0="%E3%81%9F%E3%81%8C%E3%82%84%E3%81%99" n1="%E3%81%99%E3%81%84%E3%81%BE%E3%81%9B%E3%83%BC%E3%82%93" n2="%72%69%6F%75%63%68%61%6E" n3="%72%65%6E%6B%75%6E" dan="16,16,17,17" rate="2130.05,2110.57,2239.19,2303.30" sx="M,M,M,M"/><TAIKYOKU oya="0"/><INIT seed="0,0,0,0,5,120" ten="250,250,250,250" oya="0" hai0="132,102,23,65,72,127,85,35,131,4,30,25,104" hai1="129,62,29,116,130,66,11,36,8,96,84,87,3" hai2="128,92,56,74,125,133,106,103,110,21,82,20,83" hai3="77,33,51,109,80,58,107,26,17,37,41,53,32"/><T2/><D72/><U42/><E116/><V111/><F106/><W44/><G107/><T28/><D85/><N who="1" m="32843" /><E3/><V134/><F128/><N who="1" m="49257" /><E29/><V27/><F125/><W38/><G38/><T49/><D131/><U12/><E96/><N who="2" m="59783" /><F56/><W16/><G109/><N who="2" m="41481" /><F20/><W40/><G40/><T47/><D23/><U9/><E42/><V34/><F34/><W15/><G26/><T55/><D25/><U69/><E36/><V76/><F82/><W50/><G37/><T64/><D104/><U14/><AGARI ba="0,0" hai="8,9,11,12,14,62,66,69" m="49257,32843" machi="14" ten="40,1500,0" yaku="19,1" doraHai="120" who="1" fromWho="1" sc="250,-7,250,15,250,-4,250,-4" /><INIT seed="1,0,0,3,3,80" ten="243,265,246,246" oya="1" hai0="23,16,96,18,135,89,118,103,124,46,54,68,11" hai1="131,109,84,81,110,8,15,1,91,5,115,112,56" hai2="106,24,85,40,77,128,13,47,4,7,113,100,30" hai3="20,87,2,31,33,58,102,122,79,123,69,94,108"/><U99/><E131/><V60/><F128/><W134/><G69/><T105/><D68/><U32/><E32/><V61/><F113/><W71/><G71/><T50/><D135/><U127/><E127/><V73/><F73/><W43/><G2/><T55/><D124/><U42/><E42/><V90/><F77/><W67/><G33/><T126/><D126/><U63/><E1/><V44/><F100/><W119/><G134/><T62/><D118/><U41/><E41/><V120/><F106/><W116/><G43/><T66/><D11/><U64/><REACH who="1" step="1"/><E99/><REACH who="1" ten="243,255,246,246" step="2"/><V72/><F120/><W93/><G122/><T25/><D55/><U53/><E53/><V27/><F40/><W117/><G123/><T133/><D133/><U130/><E130/><V19/><F72/><W34/><G34/><T74/><D74/><U36/><E36/><V37/><F37/><W95/><G116/><T29/><D66/><U39/><E39/><V17/><F13/><W28/><G119/><T51/><D54/><U98/><E98/><V132/><F132/><W35/><G35/><T125/><D96/><U57/><E57/><V104/><F27/><N who="3" m="16487" /><G117/><T114/><D25/><U26/><E26/><V97/><F24/><W88/><G31/><T129/><D125/><U111/><AGARI ba="0,1" hai="5,8,15,56,63,64,81,84,91,109,110,111,112,115" machi="111" ten="30,18000,2" yaku="1,1,0,1,14,1,10,1,52,1,53,1" doraHai="80" doraHaiUra="78" who="1" fromWho="1" sc="243,-60,255,190,246,-60,246,-60" /><INIT seed="1,1,0,3,0,47" ten="183,445,186,186" oya="1" hai0="51,44,21,109,72,71,37,2,68,79,29,30,96" hai1="111,127,16,6,119,87,23,52,133,108,97,116,55" hai2="135,54,126,124,106,112,33,62,132,123,28,114,69" hai3="61,13,84,77,74,86,115,99,48,122,75,63,36"/><U118/><E127/><N who="2" m="48683" /><F106/><W98/><G36/><T78/><D2/><U100/><E133/><N who="2" m="51275" /><F123/><W35/><G35/><T93/><D37/><U7/><E87/><N who="3" m="33322" /><G122/><T129/><D129/><U104/><E6/><V76/><F76/><W38/><G38/><T4/><D109/><N who="1" m="42059" /><E7/><V120/><F120/><W14/><G115/><N who="2" m="44073" /><F54/><W26/><G77/><T56/><D4/><U46/><E46/><V0/><F0/><W53/><G75/><T31/><D79/><U42/><E42/><V50/><F50/><W70/><G48/><T20/><D78/><U57/><E57/><V82/><F82/><W105/><G53/><T11/><D72/><U3/><E3/><V80/><F80/><W8/><G74/><T103/><D56/><U67/><E67/><N who="2" m="41207" /><F28/><W34/><G105/><T134/><D134/><U64/><E64/><V58/><F58/><W107/><G70/><T65/><D71/><U125/><E125/><V95/><F95/><W45/><G107/><T59/><D68/><U32/><E32/><AGARI ba="1,0" hai="32,33" m="41207,44073,51275,48683" machi="32" ten="40,8000,1" yaku="18,1,20,1,11,1,23,1" doraHai="47" who="2" fromWho="1" sc="183,0,445,-83,186,83,186,0" /><INIT seed="2,0,0,0,4,89" ten="183,362,269,186" oya="2" hai0="91,64,88,9,12,75,62,70,20,21,125,127,71" hai1="94,100,54,105,59,130,78,95,68,116,90,112,99" hai2="1,8,114,108,36,134,25,29,19,57,46,126,33" hai3="109,107,48,87,47,3,121,53,132,115,32,69,23"/><V41/><F114/><W2/><G32/><T11/><D75/><U15/><E112/><V44/><F126/><N who="0" m="48138" /><D70/><U39/><E39/><V79/><F134/><W83/><G69/><T65/><D65/><U128/><E116/><V26/><F108/><W93/><G107/><T5/><D9/><U58/><E68/><V42/><F79/><W10/><G115/><T55/><D55/><U4/><E78/><V118/><F118/><W13/><G121/><T34/><D34/><U84/><E105/><V18/><F26/><W101/><G109/><T92/><D91/><U82/><E82/><V66/><F1/><W103/><G23/><T61/><D62/><U31/><E31/><V60/><REACH who="2" step="1"/><F8/><REACH who="2" ten="183,362,259,186" step="2"/><W129/><G132/><T56/><D71/><U30/><E30/><V72/><F72/><W52/><G2/><T97/><AGARI ba="0,1" hai="5,11,12,20,21,56,61,64,88,92,97" m="48138" machi="97" ten="30,4000,0" yaku="18,1,52,1,54,1" doraHai="89" who="0" fromWho="0" sc="183,50,362,-10,259,-20,186,-10" /><INIT seed="3,0,0,0,2,76" ten="233,352,239,176" oya="3" hai0="134,96,49,40,105,64,62,30,52,102,23,3,41" hai1="9,126,130,108,132,6,80,124,128,133,54,116,111" hai2="72,29,121,37,67,86,81,93,18,2,7,115,66" hai3="16,42,82,8,60,98,75,101,119,78,65,33,90"/><W20/><G119/><T39/><D3/><U12/><E116/><V88/><F115/><W58/><G33/><T22/><D134/><N who="1" m="51819" /><E80/><V28/><F121/><W120/><G120/><T53/><D53/><U107/><E54/><V44/><F18/><W113/><G113/><T110/><D110/><N who="1" m="42027" /><E107/><V56/><F66/><W45/><G8/><T51/><D51/><U69/><E69/><V87/><F72/><W25/><G90/><T32/><D39/><U46/><E46/><V91/><F67/><W61/><G61/><T95/><D105/><U4/><E4/><V89/><F56/><W122/><G122/><T125/><D125/><AGARI ba="0,0" hai="6,9,12,124,125,126,128,130" m="42027,51819" machi="125" ten="40,12000,2" yaku="30,2,18,1,20,1,14,1,34,2" doraHai="76" who="1" fromWho="0" sc="233,-120,352,120,239,0,176,0" owari="113,-38.7,472,57.2,239,3.9,176,-22.4" /></mjloggm>