<mjloggm ver="2.3"><GO type="225" lobby="0"/><UN n0="%70%6E%64%73%6E%67" n1="%E3%83%B4%E3%83%A0%EF%BC%99%E3%81%A6" n2="%E3%82%A2%E3%83%A1%E3%82%A2%E3%83%A9%E3%83%AC" n3="%E6%9D%B1%E9%A2%A8%E3%81%AE%E3%81%8D%E3%82%83%E3%81%B7%E3%81%95%E3%82%93" dan="16,16,16,17" rate="2131.03,2098.23,2129.72,2232.02" sx="M,M,M,M"/><TAIKYOKU oya="0"/><INIT seed="0,0,0,3,5,8" ten="250,250,250,250" oya="0" hai0="20,62,4,99,50,44,107,88,7,69,55,27,66" hai1="26,98,47,124,9,57,129,86,128,39,121,83,126" hai2="21,70,65,104,45,110,1,132,101,15,87,35,111" hai3="24,89,43,106,31,75,54,12,103,49,60,36,108"/><T28/><REACH who="0" step="1"/><D107/><REACH who="0" ten="240,250,250,250" step="2"/><U117/><E124/><V58/><F104/><W73/><G106/><T112/><D112/><U3/><E126/><V115/><F115/><W95/><G75/><T91/><D91/><U18/><E128/><V14/><F111/><W71/><G108/><T6/><D6/><U76/><E129/><V77/><F110/><W81/><G73/><T130/><D130/><U22/><E117/><V63/><F101/><W102/><G102/><T135/><D135/><U127/><E127/><V52/><F77/><W118/><G103/><T125/><D125/><U105/><E105/><V19/><F132/><W38/><G118/><T113/><D113/><U5/><E121/><V30/><F1/><W100/><G100/><T82/><D82/><U80/><E80/><V92/><F92/><AGARI ba="0,1" hai="4,7,20,27,28,44,50,55,62,66,69,88,92,99" machi="92" ten="40,12000,1" yaku="21,2,54,1,53,1" doraHai="8" doraHaiUra="59" who="0" fromWho="2" sc="240,130,250,0,250,-120,250,0" /><INIT seed="0,1,0,5,4,42" ten="370,250,130,250" oya="0" hai0="95,93,69,50,59,38,135,51,94,15,115,117,23" hai1="74,13,7,8,101,35,66,106,96,76,52,5,110" hai2="36,60,105,114,100,3,86,2,120,129,63,88,112" hai3="17,118,85,41,121,40,65,49,12,1,122,45,4"/><T46/><D115/><U73/><E35/><V78/><F120/><N who="3" m="46187" /><G118/><T109/><D69/><U29/><E29/><V84/><F129/><W30/><G30/><T33/><D33/><U68/><E110/><V26/><F36/><W54/><G65/><T43/><D109/><U34/><E34/><V97/><F26/><W64/><G64/><T14/><D135/><U77/><E5/><V108/><F108/><W0/><G85/><T124/><D124/><U61/><E73/><V22/><F22/><N who="3" m="11559" /><G4/><T113/><D113/><U28/><E28/><V25/><F25/><W39/><G40/><T57/><D117/><U107/><E74/><V10/><F112/><W16/><G16/><N who="0" m="10647" /><D38/><U80/><E80/><V127/><F127/><W92/><G92/><T48/><D15/><U67/><E67/><V62/><F114/><W128/><G128/><T134/><D134/><U20/><E20/><V37/><F37/><W44/><AGARI ba="1,0" hai="0,1,39,41,44,45,49,54" m="11559,46187" machi="44" ten="30,4000,0" yaku="13,1,52,2" doraHai="42" who="3" fromWho="3" sc="370,-21,250,-11,130,-11,250,43" /><INIT seed="1,0,0,1,4,127" ten="349,239,119,293" oya="1" hai0="15,106,55,14,56,95,10,90,26,75,91,7,42" hai1="39,47,66,74,48,59,87,103,67,12,21,130,35" hai2="108,51,80,13,68,131,122,98,3,111,79,100,63" hai3="36,34,65,32,69,27,92,28,129,40,134,125,124"/><U52/><E74/><V121/><F3/><W37/><G134/><T128/><D106/><U9/><E35/><V104/><F13/><W105/><G92/><T24/><D75/><U23/><E130/><V88/><F51/><W57/><G57/><T72/><D72/><U38/><E103/><V62/><F62/><N who="3" m="40119" /><G34/><T112/><D128/><U31/><E39/><N who="3" m="14922" /><G40/><T107/><D107/><U114/><E114/><V22/><F22/><N who="1" m="8201" /><E38/><V20/><F20/><W17/><G17/><T41/><D112/><U64/><E31/><V54/><F54/><W19/><G19/><T29/><D15/><U135/><E135/><V44/><F44/><W97/><G129/><T84/><D90/><U18/><E87/><N who="2" m="48543" /><F63/><AGARI ba="0,0" hai="9,12,18,47,48,52,59,63,64,66,67" m="8201" machi="63" ten="30,2900,0" yaku="8,1,54,1" doraHai="127" who="1" fromWho="2" sc="349,0,239,29,119,-29,293,0" /><INIT seed="1,1,0,1,0,135" ten="349,268,90,293" oya="1" hai0="116,106,117,10,99,19,79,132,108,68,25,31,48" hai1="27,14,115,24,82,46,54,89,51,30,127,109,84" hai2="34,8,110,100,3,69,107,81,26,67,133,121,41" hai3="75,43,80,64,2,77,45,32,60,62,40,28,87"/><U35/><E115/><V0/><F81/><W57/><G2/><T5/><D79/><U78/><E109/><V91/><F91/><W114/><G114/><T74/><D74/><U17/><E24/><V76/><F76/><W16/><G75/><T55/><D19/><U49/><E49/><V42/><F42/><W4/><G4/><T103/><D132/><U63/><E63/><V85/><F85/><W126/><G32/><T130/><D130/><U66/><E66/><V101/><F41/><W59/><G28/><T18/><D18/><U88/><REACH who="1" step="1"/><E127/><REACH who="1" ten="349,258,90,293" step="2"/><V9/><F67/><W96/><G126/><T70/><D108/><U122/><E122/><V1/><F110/><W112/><G112/><T113/><D113/><U23/><AGARI ba="1,1" hai="14,17,23,27,30,35,46,51,54,78,82,84,88,89" machi="23" ten="20,7800,0" yaku="1,1,0,1,7,1,54,1,53,0" doraHai="135" doraHaiUra="129" who="1" fromWho="1" sc="349,-27,258,91,90,-27,293,-27" /><INIT seed="1,2,0,1,1,65" ten="322,349,63,266" oya="1" hai0="102,6,56,76,97,43,24,42,126,40,51,98,46" hai1="82,39,117,71,96,95,29,125,36,8,99,26,5" hai2="80,110,83,58,25,72,113,77,22,123,2,121,69" hai3="18,10,120,131,0,129,19,104,13,59,15,33,105"/><U122/><E117/><V37/><F110/><W12/><G59/><T85/><D126/><U75/><E122/><V130/><F130/><W54/><G54/><T101/><D56/><U49/><E125/><V44/><F113/><W14/><G120/><T128/><D128/><N who="3" m="49225" /><G105/><T50/><D6/><U133/><E133/><V127/><F127/><W52/><G52/><N who="0" m="29783" /><D51/><U118/><E118/><V23/><F58/><W111/><G104/><T116/><D116/><U30/><E49/><V86/><F2/><W7/><G111/><T68/><D68/><U45/><E71/><V48/><F37/><W11/><G33/><T16/><D85/><U93/><E75/><V3/><F3/><W47/><G47/><T107/><D76/><U70/><E70/><V132/><F132/><W88/><G88/><T100/><D107/><U1/><E82/><V4/><F4/><AGARI ba="2,0" hai="0,4,7,10,11,12,13,14,15,18,19" m="49225" machi="4" ten="30,3900,0" yaku="19,1,34,2" doraHai="65" who="3" fromWho="2" sc="322,0,349,0,63,-45,266,45" /><INIT seed="2,0,0,4,4,24" ten="322,349,18,311" oya="2" hai0="61,11,75,95,113,73,77,44,123,82,119,2,40" hai1="31,5,55,94,13,34,83,129,99,12,112,23,29" hai2="37,121,135,96,131,128,84,86,97,50,56,74,70" hai3="79,15,91,125,104,81,30,4,51,65,3,98,6"/><V49/><F70/><W100/><G125/><T105/><D105/><U64/><E112/><V132/><F56/><W117/><G117/><T66/><D123/><U88/><E34/><V25/><F25/><W106/><G106/><T68/><D113/><U16/><E129/><N who="2" m="49739" /><F37/><W110/><G110/><T45/><D119/><U35/><E35/><V114/><F114/><W127/><G127/><T39/><D44/><U126/><E126/><V33/><F33/><W108/><G108/><T18/><D95/><U93/><E64/><V7/><F7/><W85/><G65/><T130/><D18/><U52/><E83/><V10/><F10/><W102/><G102/><T14/><D14/><U90/><E52/><V122/><F74/><W87/><G3/><T116/><D130/><U9/><E55/><V62/><F62/><W21/><G51/><N who="2" m="19465" /><F86/><AGARI ba="0,0" hai="5,9,12,13,16,23,29,31,86,88,90,93,94,99" machi="86" ten="30,12000,2" yaku="7,1,8,1,52,2,54,2" doraHai="24" who="1" fromWho="2" sc="322,0,349,120,18,-120,311,0" owari="322,12.2,469,56.9,-102,-60.2,311,-8.9" /></mjloggm>