<mjloggm ver="2.3"><GO type="225" lobby="0"/><UN n0="%E6%A0%B9%E5%85%83%E3%81%8B%E3%82%89%E5%90%B9%E3%81%A3%E9%A3%9B%E3%81%B6" n1="%72%61%6B%33" n2="%33%74%72%65%65" n3="%E9%80%9F%E6%B0%B4%E5%87%9B%E9%A6%99" dan="16,16,17,17" rate="2175.36,2158.14,2218.09,2168.45" sx="F,M,F,F"/><TAIKYOKU oya="0"/><INIT seed="0,0,0,4,4,45" ten="250,250,250,250" oya="0" hai0="24,54,48,100,58,67,11,104,98,135,34,70,33" hai1="42,112,28,23,80,20,91,116,53,84,59,60,99" hai2="64,90,5,8,30,35,13,47,7,21,114,17,126" hai3="122,127,132,10,77,49,63,81,26,31,71,14,124"/><T109/><D135/><U19/><E116/><V51/><F114/><W72/><G132/><T134/><D134/><U50/><E112/><V101/><F126/><W65/><G122/><T69/><D109/><U87/><E28/><V12/><F101/><W16/><REACH who="3" step="1"/><G49/><REACH who="3" ten="250,250,250,240" step="2"/><T83/><D34/><AGARI ba="0,1" hai="10,14,16,26,31,34,63,65,71,72,77,81,124,127" machi="34" ten="40,8000,1" yaku="1,1,2,1,54,1,53,1" doraHai="45" doraHaiUra="66" who="3" fromWho="0" sc="250,-80,250,0,250,0,240,90" /><INIT seed="1,0,0,1,4,29" ten="170,250,250,330" oya="1" hai0="10,39,24,14,74,21,6,92,77,84,25,80,37" hai1="104,1,114,40,42,19,85,106,105,30,122,26,126" hai2="127,102,23,63,4,94,132,31,128,51,113,11,107" hai3="99,22,47,101,55,20,86,73,76,123,8,2,7"/><U111/><E114/><V134/><F107/><W96/><G73/><T65/><D65/><U75/><E122/><V95/><F113/><W109/><G109/><T98/><D74/><U119/><E75/><V103/><F63/><W89/><G76/><T32/><D24/><U50/><E119/><V82/><F82/><W48/><G123/><T57/><D57/><U33/><E111/><V91/><F51/><W66/><G66/><T81/><D81/><U35/><E1/><V100/><F128/><W118/><G118/><T79/><D77/><U41/><E126/><V27/><F127/><W9/><G9/><T64/><D64/><U43/><E19/><V12/><REACH who="2" step="1"/><F91/><REACH who="2" ten="170,250,240,330" step="2"/><W45/><G48/><T28/><REACH who="0" step="1"/><D21/><REACH who="0" ten="160,250,240,330" step="2"/><U56/><E56/><V117/><F117/><W125/><G22/><T60/><D60/><U129/><E129/><V53/><F53/><W83/><G20/><T87/><D87/><U3/><E85/><V58/><F58/><W69/><G55/><T16/><D16/><U78/><E78/><V130/><F130/><W115/><G125/><T97/><D97/><U108/><E108/><V38/><F38/><W36/><G36/><T44/><D44/><U121/><E50/><V59/><F59/><W131/><G115/><T88/><AGARI ba="0,2" hai="6,10,14,25,28,32,37,39,79,80,84,88,92,98" machi="88" ten="20,8000,1" yaku="1,1,0,1,7,1,52,1,54,1,53,0" doraHai="29" doraHaiUra="67" who="0" fromWho="0" sc="160,100,250,-40,240,-20,330,-20" /><INIT seed="2,0,0,5,4,98" ten="260,210,220,310" oya="2" hai0="32,107,117,34,126,56,45,59,65,54,3,5,133" hai1="104,94,85,92,27,46,122,14,44,16,120,67,102" hai2="12,20,99,68,22,100,79,64,11,121,118,84,39" hai3="116,91,26,89,131,119,6,10,19,50,88,17,0"/><V106/><F118/><W70/><G70/><T63/><D126/><U23/><E67/><V123/><F39/><W115/><G131/><T13/><D133/><U60/><E60/><V135/><F135/><W105/><G105/><T25/><D117/><U75/><E75/><V18/><F64/><W71/><G71/><T109/><D109/><U36/><E36/><V124/><F68/><W35/><G115/><T48/><D107/><U61/><E61/><V43/><F43/><W87/><G87/><T33/><D3/><U74/><E74/><V93/><F124/><W114/><G114/><T9/><REACH who="0" step="1"/><D25/><REACH who="0" ten="250,210,220,310" step="2"/><U113/><E113/><V57/><F106/><W42/><G119/><T78/><D78/><U4/><E104/><V49/><F123/><W97/><G116/><T28/><D28/><U53/><E122/><V127/><F121/><W58/><G26/><T73/><D73/><U101/><E120/><V128/><F127/><W76/><G76/><T7/><D7/><U108/><E108/><V29/><F29/><W77/><G77/><T90/><D90/><N who="1" m="53327" /><E94/><V41/><F79/><W111/><G6/><T52/><D52/><U86/><E53/><V1/><F93/><W38/><G0/><T66/><D66/><U95/><E4/><V21/><F1/><W15/><G111/><T96/><D96/><U103/><E27/><V81/><F99/><W129/><G97/><T24/><D24/><U83/><E95/><V30/><F30/><W40/><G89/><AGARI ba="0,1" hai="14,16,23,44,46,83,86,89,101,102,103" m="53327" machi="89" ten="30,8000,1" yaku="8,1,52,3,54,1" doraHai="98" who="1" fromWho="3" sc="250,0,210,90,220,0,310,-80" /><INIT seed="3,0,0,3,3,101" ten="250,300,220,230" oya="3" hai0="17,127,73,44,110,113,104,131,96,69,14,64,84" hai1="42,125,98,36,9,53,8,72,13,94,25,105,12" hai2="114,103,23,117,16,43,77,41,134,126,118,97,80" hai3="89,22,31,30,2,81,91,76,83,57,6,100,3"/><W54/><G2/><T75/><D110/><U60/><E72/><V50/><F114/><W21/><G3/><T39/><D39/><U11/><E105/><V133/><F126/><W40/><G6/><T37/><D131/><U87/><E125/><V49/><F50/><W33/><G100/><T92/><D127/><U0/><E0/><V119/><F49/><W68/><G68/><T10/><D84/><U88/><E36/><V5/><F5/><W51/><G40/><N who="0" m="22543" /><D104/><U102/><E42/><V135/><F80/><N who="3" m="30795" /><G76/><T62/><D113/><U66/><E53/><V128/><F77/><W46/><G46/><T108/><D108/><U106/><REACH who="1" step="1"/><E25/><REACH who="1" ten="250,290,220,230" step="2"/><N who="2" m="14567" /><F128/><W63/><G33/><T35/><D35/><U79/><E79/><V26/><F26/><N who="3" m="16719" /><G51/><T71/><D75/><U38/><E38/><V45/><F45/><W74/><G74/><T20/><D73/><U124/><E124/><V86/><F86/><W82/><G82/><T34/><D34/><U67/><E67/><V129/><F129/><W55/><G55/><T112/><D112/><U59/><AGARI ba="0,1" hai="8,9,11,12,13,59,60,66,87,88,94,98,102,106" machi="59" ten="30,7900,0" yaku="1,1,0,1,52,1,54,1,53,0" doraHai="101" doraHaiUra="130" who="1" fromWho="1" sc="250,-20,290,89,220,-20,230,-39" owari="230,3.0,379,47.9,200,-20.0,191,-30.9" /></mjloggm>