<mjloggm ver="2.3"><GO type="225" lobby="0"/><UN n0="%E3%81%86%E3%82%8B%E3%81%8A%E3%81%A1%E3%82%83" n1="%E7%BD%AA%E5%88%91%E6%B3%95%E5%AE%9A%E4%B8%BB%E7%BE%A9" n2="%E7%89%B9%E6%9D%B1%E3%81%AF%E4%B8%96%E7%95%8C%E3%82%92%E6%95%91%E3%81%86" n3="%E3%81%99%E3%81%84%E3%81%BE%E3%81%9B%E3%83%BC%E3%82%93" dan="16,16,16,16" rate="2115.31,2179.48,2108.05,2156.44" sx="F,M,M,M"/><TAIKYOKU oya="0"/><INIT seed="0,0,0,0,0,91" ten="250,250,250,250" oya="0" hai0="116,94,44,65,135,79,117,77,112,4,68,71,62" hai1="132,124,105,16,83,11,74,22,41,15,67,75,128" hai2="57,28,59,97,82,108,30,95,23,102,69,123,99" hai3="54,78,20,9,76,89,119,31,134,129,84,47,66"/><T26/><D112/><U122/><E122/><V21/><F123/><W92/><G119/><T125/><D125/><U111/><E105/><V126/><F69/><W127/><G127/><T87/><D135/><U104/><E104/><V113/><F126/><W40/><G134/><T85/><D4/><U52/><E132/><V73/><F113/><W115/><G129/><T2/><D2/><U7/><E124/><V114/><F114/><W93/><G66/><T3/><D3/><U19/><E128/><V12/><F108/><W46/><G115/><T38/><D26/><U88/><E111/><V64/><F99/><W37/><G9/><T27/><D27/><U5/><E67/><V120/><F120/><W33/><G33/><T86/><D71/><U60/><E41/><V34/><F34/><W121/><G121/><T43/><REACH who="0" step="1"/><D94/><REACH who="0" ten="240,250,250,250" step="2"/><U130/><E130/><V0/><F0/><W6/><G6/><T45/><D45/><U10/><E5/><V17/><F59/><W35/><G93/><T118/><AGARI ba="0,1" hai="38,43,44,62,65,68,77,79,85,86,87,116,117,118" machi="118" ten="40,3900,0" yaku="1,1,0,1,53,0" doraHai="91" doraHaiUra="100" who="0" fromWho="0" sc="240,49,250,-13,250,-13,250,-13" /><INIT seed="0,1,0,0,4,106" ten="289,237,237,237" oya="0" hai0="101,23,133,72,59,10,33,97,28,5,105,19,53" hai1="132,115,88,104,11,124,42,94,29,14,17,103,130" hai2="74,80,46,82,75,20,89,38,98,47,102,113,121" hai3="32,129,56,79,37,40,8,48,64,45,21,43,39"/><T110/><D133/><U111/><E111/><V54/><F121/><W112/><G32/><T50/><D110/><U125/><E132/><V119/><F113/><W69/><G79/><T0/><D33/><U1/><E115/><V9/><F119/><W41/><G21/><T36/><D36/><N who="3" m="13897" /><G8/><T117/><D28/><U67/><E42/><N who="3" m="16490" /><G129/><T86/><D86/><N who="1" m="52503" /><E67/><V24/><F9/><W131/><G131/><T114/><D114/><U116/><E116/><V71/><F38/><W73/><G73/><T70/><D117/><U55/><E55/><V68/><F98/><W31/><G31/><T85/><D85/><U100/><E130/><V34/><F89/><W6/><G6/><T51/><D70/><U95/><E104/><V52/><F34/><W90/><G90/><T66/><D66/><U93/><E1/><V22/><F102/><N who="1" m="38953" /><E29/><V126/><F126/><AGARI ba="1,0" hai="11,14,17,93,95,124,125,126" m="38953,52503" machi="126" ten="30,2000,0" yaku="18,1,54,1" doraHai="106" who="1" fromWho="2" sc="289,0,237,23,237,-23,237,0" /><INIT seed="1,0,0,3,5,18" ten="289,260,214,237" oya="1" hai0="51,52,45,81,129,83,48,20,112,133,29,126,56" hai1="128,41,42,108,84,101,86,70,64,39,74,69,32" hai2="30,130,6,91,99,97,94,121,106,96,119,53,15" hai3="13,0,8,85,122,17,12,109,16,88,11,23,125"/><U118/><E118/><V33/><F119/><W80/><G122/><T89/><D112/><U3/><E74/><V90/><F121/><W93/><G109/><T7/><D126/><U102/><E3/><V49/><F130/><W58/><G125/><T67/><D133/><U2/><E2/><V127/><F127/><W35/><G35/><T114/><D114/><U43/><E32/><V66/><F66/><W75/><G58/><T1/><D129/><U123/><E128/><V61/><F61/><W50/><G50/><T107/><D107/><U54/><E123/><V68/><F68/><W77/><G0/><T115/><D115/><U31/><E31/><V132/><F132/><W26/><G26/><N who="0" m="16583" /><D1/><U19/><E39/><V82/><F106/><W124/><G124/><T14/><D89/><U131/><E131/><V113/><F113/><W34/><G34/><T36/><D36/><U27/><E54/><V24/><F82/><N who="0" m="31242" /><D67/><U71/><E64/><V105/><F105/><W21/><AGARI ba="0,0" hai="8,11,12,13,16,17,21,23,75,77,80,85,88,93" machi="21" ten="20,12000,2" yaku="0,1,7,1,9,1,52,2,54,2" doraHai="18" who="3" fromWho="3" sc="289,-30,260,-60,214,-30,237,120" /><INIT seed="2,0,0,3,5,31" ten="259,200,184,357" oya="2" hai0="50,61,48,91,16,64,87,103,58,41,108,15,96" hai1="55,67,104,117,93,45,71,121,14,88,111,52,80" hai2="84,36,46,21,106,74,133,79,115,81,70,18,92" hai3="89,99,119,78,30,94,132,39,4,62,82,134,51"/><V131/><F115/><W25/><G39/><T17/><D108/><U60/><E117/><V42/><F131/><W54/><G62/><T90/><D41/><U5/><E111/><V114/><F114/><W1/><G119/><T72/><D72/><U113/><E113/><V105/><F70/><W73/><G4/><T77/><D77/><U101/><E121/><V102/><F133/><W53/><G1/><T109/><D109/><U24/><E80/><V66/><F66/><W37/><G37/><T26/><D26/><U65/><E65/><V125/><F125/><W120/><G120/><T38/><D38/><U3/><E3/><V98/><REACH who="2" step="1"/><F74/><REACH who="2" ten="259,200,174,357" step="2"/><W44/><G134/><T56/><D64/><U95/><E71/><V6/><F6/><W29/><G132/><T33/><D17/><U34/><E5/><V47/><F47/><W124/><G124/><T135/><D16/><U11/><E45/><V63/><F63/><W35/><G30/><T68/><D61/><U43/><E60/><V69/><F69/><W20/><G44/><T12/><D68/><U127/><E67/><V86/><F86/><W8/><G73/><T128/><D87/><U59/><E127/><V126/><F126/><W76/><G29/><T49/><D135/><U122/><E122/><V9/><F9/><W123/><G8/><T32/><D128/><U130/><E11/><V13/><AGARI ba="0,1" hai="13,18,21,36,42,46,79,81,84,92,98,102,105,106" machi="13" ten="20,3900,0" yaku="1,1,0,1,7,1,53,0" doraHai="31" doraHaiUra="0" who="2" fromWho="2" sc="259,-13,200,-13,174,49,357,-13" /><INIT seed="2,1,0,4,3,32" ten="246,187,223,344" oya="2" hai0="82,110,28,20,90,94,89,124,10,34,112,72,39" hai1="22,31,5,6,23,101,25,41,100,8,11,60,88" hai2="87,70,80,67,42,85,47,98,35,1,134,128,131" hai3="104,26,52,84,45,53,16,81,71,14,93,75,61"/><V108/><F35/><W79/><G104/><T0/><D112/><U18/><E41/><V135/><F98/><W73/><G26/><T114/><D114/><U105/><E105/><V78/><F108/><W30/><G30/><T120/><D39/><U21/><E60/><N who="2" m="40295" /><F87/><W57/><G71/><T56/><D120/><U99/><E101/><V59/><F59/><W126/><G126/><T36/><D36/><U15/><E100/><V74/><F85/><W106/><G106/><T51/><D34/><N who="1" m="20847" /><E88/><V97/><F97/><W63/><G93/><T69/><D69/><U116/><E99/><V33/><F33/><W111/><G111/><T7/><D124/><U46/><E46/><V91/><F91/><W58/><G45/><T27/><D110/><U12/><E116/><V96/><F96/><W4/><G4/><AGARI ba="1,0" hai="4,5,6,8,11,12,15,18,21,22,23" m="20847" machi="4" ten="30,8000,1" yaku="35,5" doraHai="32" who="1" fromWho="3" sc="246,0,187,83,223,0,344,-83" /><INIT seed="3,0,0,2,2,35" ten="246,270,223,261" oya="3" hai0="125,79,4,109,57,73,54,110,44,16,9,60,115" hai1="10,55,31,95,64,24,121,118,119,127,77,87,23" hai2="111,39,83,105,19,48,36,89,17,34,113,98,51" hai3="11,33,72,18,82,56,27,62,128,58,7,69,106"/><W22/><G106/><T66/><D125/><U59/><E121/><V45/><F113/><W100/><G100/><T130/><D130/><U74/><E64/><V49/><F34/><W92/><G128/><T120/><D120/><U101/><E127/><V2/><F111/><N who="0" m="42506" /><D115/><U68/><E68/><V8/><F105/><W84/><G33/><T67/><D79/><U114/><E114/><V13/><F45/><W20/><G92/><T25/><D73/><U75/><E10/><V85/><F98/><W70/><G22/><N who="0" m="13511" /><D44/><U88/><E101/><V38/><REACH who="2" step="1"/><F19/><REACH who="2" ten="246,270,213,261" step="2"/><W15/><G18/><T133/><D133/><U131/><E131/><V104/><F104/><W117/><G117/><N who="1" m="44554" /><E77/><V123/><F123/><W32/><G32/><T135/><D135/><U97/><E97/><V132/><F132/><W26/><G26/><T107/><D107/><U40/><E40/><V21/><F21/><W63/><G20/><T30/><D30/><U65/><E23/><V124/><F124/><W81/><G27/><T91/><D91/><U78/><E24/><V102/><F102/><W46/><G46/><T37/><D37/><U108/><E31/><V41/><F41/><W86/><G11/><T93/><D93/><U28/><E28/><V0/><AGARI ba="0,1" hai="0,2,8,13,17,36,38,39,48,49,51,83,85,89" machi="0" ten="40,8000,1" yaku="1,1,0,1,52,2,53,0" doraHai="35" doraHaiUra="50" who="2" fromWho="2" sc="246,-20,270,-20,213,90,261,-40" owari="226,-17.4,250,5.0,303,40.3,221,-27.9" /></mjloggm>