<mjloggm ver="2.3"><GO type="225" lobby="0"/><UN n0="%E6%B8%A9%E2%98%85%E6%83%85%E2%98%85%E6%8E%AA%E2%98%85%E7%BD%AE" n1="%73%75%7A%75%6D%65%33" n2="%E3%81%8C%E3%81%9F" n3="%E6%9D%B1%E9%A2%A8%E3%81%AE%E3%81%8D%E3%82%83%E3%81%B7%E3%81%95%E3%82%93" dan="18,17,16,17" rate="2251.04,2264.16,2131.73,2210.09" sx="M,M,F,M"/><TAIKYOKU oya="0"/><INIT seed="0,0,0,3,2,88" ten="250,250,250,250" oya="0" hai0="75,20,89,117,73,128,26,109,60,14,25,112,97" hai1="35,3,120,124,67,86,59,58,40,90,78,63,77" hai2="110,114,55,23,52,6,19,115,81,47,126,96,107" hai3="133,103,62,92,83,10,123,95,72,24,28,131,4"/><T41/><D112/><U32/><E120/><V1/><F110/><W105/><G123/><T30/><D117/><U121/><E121/><V9/><F126/><W2/><G133/><T102/><D109/><U132/><E3/><V61/><F81/><W68/><G131/><T33/><D128/><U94/><E132/><V104/><F55/><W111/><G111/><T49/><D14/><U7/><E124/><V50/><F61/><W34/><G83/><T11/><D11/><U66/><E7/><V91/><F104/><W65/><G72/><T76/><D89/><U118/><E40/><V22/><F22/><W71/><G71/><T15/><D15/><U39/><E39/><V100/><REACH who="2" step="1"/><F91/><REACH who="2" ten="250,250,240,250" step="2"/><W18/><REACH who="3" step="1"/><G18/><REACH who="3" ten="250,250,240,240" step="2"/><T85/><D75/><U125/><E125/><V57/><F57/><W17/><G17/><T21/><D73/><U46/><E58/><V13/><AGARI ba="0,2" hai="1,6,9,13,19,23,47,50,52,96,100,107,114,115" machi="13" ten="20,8000,1" yaku="1,1,0,1,7,1,54,1,53,1" doraHai="88" doraHaiUra="8" who="2" fromWho="2" sc="250,-40,250,-20,240,100,240,-20" /><INIT seed="1,0,0,0,2,101" ten="210,230,340,220" oya="1" hai0="71,0,123,88,26,87,37,48,61,16,131,127,70" hai1="44,1,114,10,67,116,41,50,4,13,31,113,39" hai2="80,22,83,82,60,27,20,72,21,105,59,11,65" hai3="68,120,125,97,9,43,7,110,75,56,128,38,52"/><U66/><E116/><V92/><F105/><W130/><G75/><T111/><D37/><U6/><E31/><V134/><F134/><W69/><G120/><T5/><D123/><U18/><E39/><V95/><F72/><W40/><G97/><T30/><D61/><U35/><E35/><V53/><F11/><W104/><G104/><T91/><D5/><U49/><E4/><V58/><F27/><W15/><G125/><T55/><D0/><U25/><E25/><V64/><F64/><W45/><G40/><T78/><D127/><U79/><E79/><V118/><F118/><W24/><G24/><T8/><D71/><U81/><E81/><V112/><F112/><W133/><G133/><T84/><D70/><U102/><E102/><V103/><F103/><W94/><G94/><T19/><D78/><U100/><E100/><V99/><F99/><W93/><G93/><N who="0" m="54407" /><D8/><U121/><E121/><V34/><F34/><W3/><G3/><T107/><D107/><U42/><E113/><V119/><F119/><W109/><G69/><T96/><D96/><U62/><E62/><AGARI ba="0,0" hai="20,21,22,53,58,59,60,62,65,80,82,83,92,95" machi="62" ten="40,1300,0" yaku="8,1" doraHai="101" who="2" fromWho="1" sc="210,0,230,-13,340,13,220,0" /><INIT seed="2,0,0,2,5,91" ten="210,217,353,220" oya="2" hai0="104,106,76,8,21,36,92,80,84,117,94,85,16" hai1="6,90,75,124,62,128,93,31,0,17,73,30,65" hai2="60,105,41,29,25,110,33,79,51,66,19,23,46" hai3="37,95,48,129,38,54,35,44,131,99,98,32,3"/><V22/><F105/><W69/><G69/><T133/><D36/><N who="3" m="13929" /><G3/><T50/><D133/><U121/><E121/><V64/><F110/><W20/><G20/><T125/><D125/><U123/><E124/><V9/><F79/><W2/><G2/><T61/><D117/><U45/><E123/><V114/><F114/><W39/><N who="3" m="13937" /><W134/><DORA hai="49" /><G134/><T119/><D119/><U42/><E17/><V10/><F33/><W108/><G108/><T88/><D61/><U111/><E128/><N who="3" m="49226" /><G99/><T11/><D106/><U67/><E111/><V52/><F41/><W43/><G43/><T77/><D104/><U53/><E42/><V109/><F109/><W70/><G70/><T120/><D120/><U118/><E118/><V14/><F64/><W7/><G7/><T83/><D50/><U1/><E6/><V112/><F112/><W82/><G82/><T135/><D135/><U86/><E0/><V12/><F12/><W116/><G116/><T57/><D57/><AGARI ba="0,0" hai="9,10,14,19,22,23,25,29,46,51,52,57,60,66" machi="57" ten="30,11600,0" yaku="7,1,8,1,52,1,54,1" doraHai="91,49" who="2" fromWho="0" sc="210,-116,217,0,353,116,220,0" /><INIT seed="2,1,0,5,5,119" ten="94,217,469,220" oya="2" hai0="18,13,30,40,8,57,22,58,49,108,3,20,116" hai1="126,60,115,59,75,79,130,69,114,34,85,63,37" hai2="80,122,101,128,135,86,100,76,65,81,54,74,24" hai3="118,133,72,134,84,121,70,94,112,83,78,87,111"/><V53/><F122/><W41/><G70/><T66/><D116/><U11/><E75/><V35/><F128/><W6/><G6/><T2/><D108/><U96/><E34/><V46/><F135/><W14/><G14/><T43/><D3/><U110/><E37/><V88/><F65/><W73/><G41/><T99/><D2/><U91/><E110/><V97/><F46/><W29/><G29/><T64/><D99/><U125/><E130/><V4/><F4/><W10/><G10/><T104/><D104/><U117/><E117/><V123/><F123/><W68/><G68/><T55/><D66/><N who="1" m="41183" /><E79/><V89/><F89/><N who="3" m="53543" /><G118/><T95/><D95/><N who="1" m="54767" /><E96/><V1/><F1/><W45/><G45/><T16/><D30/><U26/><E26/><V33/><F33/><W92/><G111/><T38/><D38/><U102/><E102/><V124/><F35/><W71/><G71/><T44/><D8/><U109/><E11/><V25/><F25/><W131/><G131/><T120/><D120/><U19/><E19/><V0/><F24/><W56/><G121/><T98/><D98/><U28/><E28/><V23/><F0/><W67/><G112/><T21/><D21/><U42/><E42/><N who="0" m="15913" /><D64/><N who="1" m="38943" /><E109/><V127/><F23/><W48/><G67/><T61/><D61/><U17/><E17/><V105/><F54/><N who="3" m="31815" /><G92/><T132/><D132/><AGARI ba="1,0" hai="72,73,78,83,87,132,133,134" m="31815,53543" machi="132" ten="30,1000,0" yaku="20,1" doraHai="119" who="3" fromWho="0" sc="94,-13,217,0,469,0,220,13" /><INIT seed="3,0,0,0,0,25" ten="81,217,469,233" oya="3" hai0="114,117,20,47,113,131,12,120,28,77,122,22,41" hai1="38,64,79,98,86,84,45,13,106,100,76,16,5" hai2="66,123,103,42,72,27,102,0,130,92,111,101,65" hai3="134,109,56,105,53,26,11,115,75,73,97,128,23"/><W15/><G115/><T110/><D77/><N who="1" m="29771" /><E106/><V90/><F111/><W58/><G109/><T119/><D47/><U35/><E35/><V121/><F72/><W125/><G125/><T51/><D51/><U52/><E38/><V17/><F0/><W91/><G134/><T74/><D41/><U36/><E36/><V70/><F130/><W29/><G128/><T127/><D74/><U129/><E5/><V24/><F42/><W19/><G58/><T133/><D131/><U94/><E64/><N who="2" m="24683" /><F17/><W4/><G4/><T60/><D60/><U124/><E124/><V95/><F70/><W48/><REACH who="3" step="1"/><G91/><REACH who="3" ten="81,217,469,223" step="2"/><T71/><D71/><U10/><E129/><V34/><F90/><W50/><G50/><AGARI ba="0,1" hai="10,13,16,45,50,52,84,86,94,98,100" m="29771" machi="50" ten="30,3900,0" yaku="8,1,54,2" doraHai="25" who="1" fromWho="3" sc="81,0,217,49,469,0,223,-39" owari="81,-41.9,266,6.6,469,56.9,184,-21.6" /></mjloggm>