<mjloggm ver="2.3"><GO type="225" lobby="0"/><UN n0="%4C%4F%4C%49%54%41" n1="%E7%99%BD%E6%97%A5%E9%9B%AA%E8%8F%9C" n2="%E3%81%AF%E3%82%88%E3%81%8A%E3%81%98%E3%81%95%E3%82%93" n3="%E8%BE%9B%E5%8F%A3%E3%82%AB%E3%83%AC%E3%83%BC%E3%83%A9%E3%82%A4%E3%82%B9" dan="16,16,17,16" rate="2188.13,2156.93,2250.97,2222.18" sx="F,M,M,M"/><TAIKYOKU oya="0"/><INIT seed="0,0,0,3,4,23" ten="250,250,250,250" oya="0" hai0="10,92,38,103,81,94,34,8,32,69,97,42,106" hai1="46,67,132,50,75,105,93,133,53,77,85,35,128" hai2="123,98,57,2,109,84,55,16,33,74,54,119,86" hai3="70,17,130,80,48,100,114,14,68,126,102,91,118"/><T13/><D69/><U31/><E105/><V78/><F123/><W64/><G114/><T95/><D10/><U39/><E128/><V27/><F2/><W125/><G118/><T22/><D22/><U122/><E122/><V41/><F74/><W4/><G4/><T96/><D96/><U89/><E67/><V19/><F119/><W15/><G130/><T58/><D58/><U11/><E39/><V129/><F129/><W21/><G48/><T9/><D8/><U115/><E115/><V62/><F109/><W112/><G112/><T18/><REACH who="0" step="1"/><D81/><REACH who="0" ten="240,250,250,250" step="2"/><U37/><E11/><V6/><F98/><W25/><G80/><T111/><D111/><U124/><E132/><V66/><F57/><W116/><G68/><T49/><D49/><U36/><E133/><V73/><F62/><W43/><G21/><T101/><D101/><U121/><E50/><V72/><F33/><W82/><G100/><T108/><D108/><U127/><E35/><V44/><F6/><W60/><G102/><T28/><D28/><U83/><E31/><V56/><F56/><W135/><G135/><T61/><D61/><U0/><E37/><V52/><F19/><W88/><G17/><T79/><D79/><U71/><E71/><V51/><F78/><W59/><G59/><T5/><D5/><U110/><E110/><V134/><F134/><W20/><G70/><T45/><AGARI ba="0,1" hai="9,13,18,32,34,38,42,45,92,94,95,97,103,106" machi="45" ten="30,3000,0" yaku="1,1,0,1,53,0" doraHai="23" doraHaiUra="76" who="0" fromWho="0" sc="240,40,250,-10,250,-10,250,-10" /><INIT seed="0,1,0,2,5,102" ten="280,240,240,240" oya="0" hai0="41,4,32,2,34,105,50,63,91,52,54,61,29" hai1="83,26,84,114,78,21,116,10,46,11,17,126,135" hai2="74,43,85,89,8,121,16,99,18,9,60,49,133" hai3="58,69,110,70,118,117,119,103,115,87,96,77,3"/><T128/><D128/><U131/><E116/><V127/><F121/><W22/><G115/><T6/><D41/><U15/><E131/><V40/><F74/><W28/><G110/><T62/><D105/><U1/><E114/><V100/><F127/><W129/><G3/><T95/><D29/><U47/><E126/><V55/><F133/><W12/><G129/><T109/><D109/><U19/><REACH who="1" step="1"/><E135/><REACH who="1" ten="280,230,240,240" step="2"/><V71/><F71/><W0/><G70/><T97/><D54/><U65/><E65/><V94/><F43/><W27/><G69/><T88/><D91/><U124/><E124/><V42/><F40/><W98/><G117/><T35/><REACH who="0" step="1"/><D2/><REACH who="0" ten="270,230,240,240" step="2"/><U39/><E39/><V101/><F42/><W111/><G0/><T13/><D13/><U73/><E73/><V134/><F134/><W93/><G12/><T45/><AGARI ba="1,2" hai="4,6,32,34,35,45,50,52,61,62,63,88,95,97" machi="45" ten="40,12000,1" yaku="1,1,0,1,54,2,53,0" doraHai="102" doraHaiUra="80" who="0" fromWho="0" sc="270,143,230,-41,240,-41,240,-41" /><INIT seed="0,2,0,5,5,122" ten="413,189,199,199" oya="0" hai0="111,62,84,7,42,79,115,119,110,89,0,55,40" hai1="26,44,34,18,118,85,38,116,97,6,16,135,75" hai2="3,105,129,22,107,76,9,63,4,114,27,100,83" hai3="123,94,5,53,35,96,59,102,8,66,24,87,77"/><T69/><D115/><U10/><E75/><V31/><F114/><W19/><G123/><T28/><D119/><U93/><E135/><V134/><F134/><W51/><G66/><T124/><D124/><U29/><E85/><V54/><F129/><W47/><G77/><T98/><D28/><U11/><E11/><V58/><REACH who="2" step="1"/><F100/><REACH who="2" ten="413,189,189,199" step="2"/><W130/><G130/><T20/><D110/><U23/><E116/><V80/><F80/><W65/><G102/><T132/><D111/><U106/><E118/><V61/><F61/><W37/><G37/><T67/><D62/><U68/><E106/><V45/><F45/><W39/><G47/><T43/><D132/><U73/><E73/><AGARI ba="2,1" hai="3,4,9,22,27,31,54,58,63,73,76,83,105,107" machi="73" ten="30,2000,0" yaku="1,1,7,1,53,0" doraHai="122" doraHaiUra="82" who="2" fromWho="1" sc="413,0,189,-26,189,36,199,0" /><INIT seed="1,0,0,1,0,39" ten="413,163,225,199" oya="1" hai0="115,72,86,112,91,96,7,92,38,17,120,77,55" hai1="84,40,127,98,3,48,135,67,82,130,45,105,93" hai2="60,78,111,79,68,76,30,33,87,16,31,53,132" hai3="34,14,28,125,44,103,54,36,0,13,131,63,32"/><U80/><E3/><V62/><F111/><W85/><G0/><T64/><D38/><U113/><E113/><V83/><F132/><W69/><G125/><T108/><D7/><U8/><E105/><V42/><F33/><W37/><G131/><T124/><D64/><U19/><E135/><V47/><F68/><W70/><G103/><T20/><D108/><U10/><E127/><V11/><F30/><W134/><G134/><T35/><D35/><U89/><E130/><V116/><F31/><W65/><G85/><T59/><D72/><U25/><E67/><V5/><F116/><W90/><G90/><T123/><D124/><U1/><E1/><V52/><F5/><W102/><G102/><T133/><D86/><U117/><E117/><V73/><F73/><W41/><G37/><T24/><D77/><N who="2" m="29802" /><F42/><W121/><G121/><N who="0" m="46667" /><D133/><U12/><E25/><V56/><F47/><W50/><G70/><T109/><D109/><U43/><E80/><V26/><F11/><W15/><REACH who="3" step="1"/><G28/><REACH who="3" ten="413,163,225,189" step="2"/><T129/><D129/><U128/><E128/><V107/><F87/><W99/><G99/><T46/><D112/><U29/><E29/><V106/><F79/><W118/><G118/><T61/><D115/><U81/><E81/><V71/><F83/><W126/><G126/><T75/><D75/><U2/><E2/><V114/><F114/><W9/><G9/><T6/><D96/><U23/><REACH who="1" step="1"/><E43/><REACH who="1" ten="413,153,225,189" step="2"/><V27/><F71/><W110/><G110/><T57/><D24/><U66/><E66/><V95/><F26/><W51/><G51/><T97/><D97/><U101/><AGARI ba="0,2" hai="8,10,12,19,23,40,45,48,82,84,89,93,98,101" machi="101" ten="20,18000,2" yaku="1,1,5,1,0,1,7,1,8,1,52,1,53,0" doraHai="39" doraHaiUra="119" who="1" fromWho="1" sc="413,-60,153,200,225,-60,189,-60" /><INIT seed="1,1,0,4,1,124" ten="353,353,165,129" oya="1" hai0="86,98,84,119,109,15,2,85,132,20,101,13,102" hai1="92,96,76,75,39,48,61,100,82,83,103,77,130" hai2="54,22,69,18,111,45,53,64,10,28,99,56,46" hai3="23,47,33,40,41,19,16,24,110,128,36,4,62"/><U34/><E39/><V35/><F111/><W123/><G110/><T63/><D109/><U91/><E34/><V38/><F69/><W122/><G128/><T58/><D2/><U55/><E61/><V6/><F64/><W112/><G112/><T95/><D119/><U79/><E130/><V8/><F28/><W81/><G33/><T25/><D102/><N who="1" m="38955" /><E55/><V49/><F35/><W37/><G4/><T126/><D132/><U116/><E48/><V80/><F99/><W26/><G81/><N who="1" m="30730" /><E116/><V65/><F65/><W3/><G62/><T93/><D93/><U87/><E75/><V125/><F125/><W50/><G3/><T57/><D126/><U30/><E30/><V59/><F38/><W107/><G107/><T104/><D104/><U78/><E78/><V44/><F80/><AGARI ba="1,0" hai="76,77,79,80,87,91,92,96" m="30730,38955" machi="80" ten="30,18000,2" yaku="8,1,35,5" doraHai="124" who="1" fromWho="2" sc="353,0,353,183,165,-183,129,0" owari="353,15.3,536,63.6,-18,-51.8,129,-27.1" /></mjloggm>