<mjloggm ver="2.3"><GO type="225" lobby="0"/><UN n0="%E8%A8%88%E7%AE%97%E6%A9%9F%E8%87%AA%E7%84%B6" n1="%4E%6F%2E%30%30%30%31" n2="%43%68%65" n3="%E6%80%AA%E3%81%97%E3%81%99%E3%81%8E%E3%82%8B%E3%83%81%E3%83%BC" dan="17,18,16,16" rate="2191.27,2214.74,2136.57,2137.93" sx="M,M,M,M"/><TAIKYOKU oya="0"/><INIT seed="0,0,0,5,2,104" ten="250,250,250,250" oya="0" hai0="33,13,47,69,113,111,18,17,106,32,83,78,70" hai1="100,80,71,76,1,37,51,36,57,128,22,45,58" hai2="40,94,129,39,28,127,10,112,99,109,68,92,116" hai3="21,90,130,123,103,105,121,81,108,134,42,38,85"/><T82/><D113/><U43/><E1/><V86/><F112/><W122/><G108/><T14/><D106/><U102/><E71/><V4/><F68/><W48/><G38/><T11/><D47/><U2/><E2/><V126/><F109/><W89/><G134/><T19/><D19/><U118/><E118/><V91/><F116/><W20/><G130/><T62/><D111/><U9/><E128/><V73/><F28/><W79/><G42/><T52/><D78/><U49/><E9/><V25/><F25/><W87/><G48/><T15/><D15/><U41/><E22/><V119/><F119/><W124/><G124/><N who="2" m="47657" /><F73/><W132/><G132/><T65/><D11/><U56/><E76/><V23/><F23/><N who="3" m="8779" /><G85/><T63/><REACH who="0" step="1"/><D65/><REACH who="0" ten="240,250,250,250" step="2"/><U54/><E45/><V125/><F125/><W24/><G24/><T50/><D50/><U110/><E49/><V101/><F129/><W117/><G117/><T84/><D84/><U7/><E110/><V35/><F39/><W115/><G115/><T97/><D97/><AGARI ba="0,1" hai="79,81,87,89,90,97,103,105,121,122,123" m="8779" machi="97" ten="40,1300,0" yaku="13,1" doraHai="104" who="3" fromWho="0" sc="240,-13,250,0,250,0,250,23" /><INIT seed="1,0,0,3,3,76" ten="227,250,250,273" oya="1" hai0="108,50,61,126,17,115,56,33,70,130,104,57,14" hai1="13,92,99,38,64,133,8,83,24,39,135,54,37" hai2="41,129,51,66,6,27,79,74,1,25,26,120,60" hai3="73,46,22,88,111,112,69,45,67,71,86,55,81"/><U127/><E127/><V40/><F120/><W123/><G123/><T124/><D104/><U48/><E64/><V35/><F35/><W114/><G111/><T44/><D33/><U75/><E24/><V96/><F129/><W97/><G73/><T128/><D17/><U18/><E75/><V91/><F6/><W132/><G132/><T118/><D14/><U59/><REACH who="1" step="1"/><E83/><REACH who="1" ten="227,240,250,273" step="2"/><V15/><F27/><W80/><G67/><N who="0" m="41327" /><D108/><U72/><E72/><V30/><F74/><W19/><G80/><T85/><D115/><U29/><E29/><V7/><F30/><W47/><G112/><T125/><D118/><U58/><E58/><N who="0" m="22633" /><D85/><U90/><AGARI ba="0,1" hai="8,13,18,37,38,39,48,54,59,90,92,99,133,135" machi="90" ten="40,3900,0" yaku="1,1,0,1,53,0" doraHai="76" doraHaiUra="31" who="1" fromWho="1" sc="227,-13,240,49,250,-13,273,-13" /><INIT seed="1,1,0,5,5,28" ten="214,289,237,260" oya="1" hai0="21,92,31,83,49,37,69,87,14,123,100,124,68" hai1="57,130,122,50,86,29,6,105,52,121,85,113,13" hai2="24,4,111,10,84,11,94,2,41,134,88,102,30" hai3="64,67,108,23,81,38,79,99,95,127,43,19,90"/><U76/><E113/><V129/><F111/><W119/><G108/><T125/><D37/><U56/><E105/><V51/><F129/><W15/><G127/><N who="0" m="48715" /><D123/><U110/><E130/><V73/><F73/><W5/><G119/><T93/><D49/><U65/><E110/><V116/><F116/><W66/><G38/><T106/><D106/><U32/><E6/><V77/><F134/><W109/><G109/><T59/><D59/><U97/><E13/><V36/><F36/><W0/><G0/><T132/><D132/><U3/><E97/><V42/><F77/><W12/><G43/><T117/><D117/><U16/><E3/><V54/><F11/><W33/><G33/><T47/><D47/><U8/><E76/><V9/><F9/><W27/><REACH who="3" step="1"/><G5/><REACH who="3" ten="214,289,237,250" step="2"/><T104/><D14/><N who="1" m="7239" /><E122/><V120/><F120/><W25/><G25/><N who="0" m="16815" /><D104/><U71/><E121/><V60/><F24/><W135/><G135/><T40/><D40/><U101/><E32/><V131/><F42/><W34/><G34/><T128/><D128/><U53/><E29/><V45/><F30/><W114/><G114/><T70/><D100/><U44/><E101/><V118/><F118/><W115/><G115/><T26/><D26/><U61/><E71/><N who="0" m="18177" /><T82/><DORA hai="55" /><D82/><U39/><E39/><V107/><F131/><W78/><G78/><AGARI ba="1,1" hai="78,83,87,92,93" m="18177,16815,48715" machi="78" ten="40,1300,0" yaku="18,1" doraHai="28,55" who="0" fromWho="3" sc="214,26,289,0,237,0,250,-16" /><INIT seed="2,0,0,2,3,94" ten="240,289,237,234" oya="2" hai0="98,38,125,19,110,128,114,63,117,64,86,3,14" hai1="101,83,78,91,122,24,90,71,43,82,59,16,48" hai2="129,87,75,33,105,76,112,54,109,41,29,103,85" hai3="102,34,18,36,84,124,25,35,8,40,9,130,44"/><V58/><F112/><W89/><G130/><T4/><D114/><U79/><E71/><V123/><F123/><W50/><G124/><T17/><D38/><U127/><E127/><V119/><F119/><W115/><G115/><T132/><D125/><U66/><E101/><V133/><F41/><W52/><G102/><T47/><D3/><U51/><E122/><V60/><F129/><W93/><G34/><T55/><D110/><U20/><E66/><V13/><F109/><W118/><G118/><T74/><D74/><U23/><E59/><V37/><F37/><W28/><REACH who="3" step="1"/><G18/><REACH who="3" ten="240,289,237,224" step="2"/><T72/><D17/><U107/><E16/><V69/><F103/><W57/><AGARI ba="0,1" hai="8,9,25,28,35,36,40,44,50,52,57,84,89,93" machi="57" ten="20,12000,2" yaku="1,1,2,1,0,1,7,1,54,1,53,1" doraHai="94" doraHaiUra="42" who="3" fromWho="3" sc="240,-30,289,-30,237,-60,224,130" /><INIT seed="3,0,0,5,1,128" ten="210,259,177,354" oya="3" hai0="14,123,45,119,30,125,83,90,95,99,2,3,113" hai1="70,115,82,103,105,127,6,122,24,11,79,120,80" hai2="102,7,76,107,34,21,77,5,28,93,65,46,17" hai3="75,66,104,50,27,89,94,114,22,23,16,108,18"/><W86/><G75/><T69/><D123/><U31/><E115/><V101/><F107/><W96/><G108/><T112/><D119/><U20/><E127/><V126/><F126/><W87/><G104/><T84/><D69/><U72/><E70/><V59/><F28/><W67/><G50/><T81/><D125/><U8/><E8/><V135/><F34/><W117/><G114/><N who="0" m="44139" /><D30/><U73/><E103/><V35/><F35/><W98/><G117/><T25/><D25/><U26/><E26/><V60/><F46/><W13/><G87/><N who="0" m="50543" /><D14/><U130/><E130/><V63/><F135/><W85/><G85/><T9/><D9/><U71/><E71/><V129/><F63/><W54/><G54/><T132/><D132/><U38/><E38/><V47/><F47/><W51/><G51/><T134/><D45/><U88/><E105/><V56/><F56/><W106/><G106/><T118/><D134/><U109/><E109/><V41/><F41/><W0/><G0/><T53/><D53/><U58/><E58/><V40/><F40/><W133/><G133/><T36/><D36/><U91/><E122/><V29/><F129/><W49/><G49/><T44/><D44/><U12/><E120/><V32/><F32/><W62/><G66/><T52/><D52/><U64/><E64/><V116/><F116/><W19/><G19/><T110/><D110/><U61/><E61/><V4/><F17/><W124/><G124/><T100/><D118/><U10/><E31/><V57/><F57/><AGARI ba="0,0" hai="13,16,18,22,23,27,57,62,67,86,89,94,96,98" machi="57" ten="30,5800,0" yaku="7,1,8,1,54,1" doraHai="128" who="3" fromWho="2" sc="210,0,259,0,177,-58,354,58" owari="210,-19.0,259,5.9,119,-38.1,412,51.2" /></mjloggm>