<mjloggm ver="2.3"><GO type="225" lobby="0"/><UN n0="%E3%81%AF%E3%82%88%E3%81%8A%E3%81%98%E3%81%95%E3%82%93" n1="%72%69%6F%75%63%68%61%6E" n2="%72%61%6B%33" n3="%E3%81%82%E3%81%84%E3%81%82%E3%81%8A%E3%81%84" dan="16,17,16,18" rate="2166.59,2245.79,2215.69,2186.45" sx="M,M,M,M"/><TAIKYOKU oya="0"/><INIT seed="0,0,0,0,3,6" ten="250,250,250,250" oya="0" hai0="78,50,86,36,58,28,73,55,32,107,40,89,90" hai1="34,21,70,126,46,48,59,49,91,71,101,66,64" hai2="5,128,33,74,103,8,108,42,38,60,26,43,116" hai3="76,92,27,99,93,134,1,37,12,84,52,113,124"/><T81/><D107/><U75/><E34/><V63/><F108/><W30/><G1/><T102/><D102/><U133/><E75/><V20/><F33/><W47/><G113/><T29/><D32/><U94/><E101/><V69/><F128/><W39/><G124/><T117/><D117/><U35/><E35/><V112/><F112/><W135/><G12/><T31/><D36/><U22/><E126/><V25/><F116/><W3/><G3/><T23/><D73/><U72/><E72/><V125/><F74/><W88/><G27/><T62/><D23/><U77/><E77/><V130/><F25/><W87/><G30/><T18/><D18/><U119/><E133/><N who="3" m="50698" /><G76/><T114/><D114/><U122/><E122/><V41/><F38/><N who="3" m="14347" /><G93/><T96/><D96/><U109/><E109/><V14/><F130/><W51/><AGARI ba="0,0" hai="47,51,52,84,87,88,92,99" m="14347,50698" machi="51" ten="40,5200,0" yaku="20,1,54,2" doraHai="6" who="3" fromWho="3" sc="250,-26,250,-13,250,-13,250,52" /><INIT seed="1,0,0,4,4,135" ten="224,237,237,302" oya="1" hai0="3,52,15,120,105,106,61,82,91,48,90,40,69" hai1="92,25,27,63,31,130,43,67,131,19,6,58,30" hai2="111,77,126,38,26,112,107,116,33,83,64,55,36" hai3="73,133,46,53,7,122,80,12,39,2,57,123,125"/><U13/><E43/><V1/><F55/><W75/><G12/><T76/><D3/><U72/><E72/><V59/><F59/><W29/><G29/><N who="1" m="10762" /><E6/><V5/><F64/><W95/><G95/><T44/><D120/><U11/><E92/><V99/><F77/><N who="3" m="44079" /><G75/><T85/><D105/><U56/><E56/><V104/><F83/><W78/><G78/><T14/><D106/><U41/><E41/><V47/><F5/><W84/><G84/><T10/><D14/><U42/><E42/><V8/><F104/><W127/><G46/><T100/><D100/><U28/><N who="1" m="10770" /><U128/><AGARI ba="0,0" hai="11,13,19,25,27,58,63,67,128,130,131" m="10770" machi="128" ten="40,3900,0" yaku="4,1,19,1" doraHai="135" who="1" fromWho="1" sc="224,-13,237,39,237,-13,302,-13" /><INIT seed="1,1,0,3,3,125" ten="211,276,224,289" oya="1" hai0="34,0,82,95,7,41,109,91,55,63,98,131,4" hai1="70,126,33,58,71,15,74,135,87,53,103,121,102" hai2="20,21,93,127,130,119,61,23,99,56,50,85,6" hai3="24,44,86,52,76,94,32,64,12,117,29,69,77"/><U75/><E121/><V79/><F119/><W3/><G3/><T43/><D34/><U17/><E33/><V62/><F127/><W59/><G117/><T90/><D109/><U2/><E2/><V89/><F130/><W37/><G12/><T39/><D131/><U100/><E126/><V27/><F6/><N who="0" m="2090" /><D39/><U113/><E135/><V42/><F42/><N who="0" m="15882" /><D0/><U13/><E113/><V123/><F123/><W105/><G105/><T16/><D63/><U111/><E111/><V116/><F116/><W73/><G73/><T60/><D60/><U67/><E67/><V31/><F50/><W66/><G37/><T112/><D112/><U80/><E74/><V97/><F61/><W35/><G35/><T28/><D28/><U118/><E75/><V81/><REACH who="2" step="1"/><F97/><REACH who="2" ten="211,276,214,289" step="2"/><W57/><G69/><T122/><D122/><U106/><E118/><V92/><F92/><W88/><G94/><T1/><D55/><AGARI ba="1,1" hai="20,21,23,27,31,55,56,62,79,81,85,89,93,99" machi="55" ten="30,7700,0" yaku="1,1,7,1,8,1,53,1" doraHai="125" doraHaiUra="83" who="2" fromWho="0" sc="211,-80,276,0,214,90,289,0" /><INIT seed="2,0,0,2,2,65" ten="131,276,304,289" oya="2" hai0="126,74,33,54,9,59,121,81,89,14,45,12,23" hai1="107,105,98,108,40,68,102,134,27,100,35,120,19" hai2="101,75,122,52,36,79,43,34,50,6,77,25,21" hai3="30,3,4,17,13,97,18,31,46,11,2,10,49"/><V39/><F122/><W67/><G67/><T132/><D121/><U90/><E120/><V57/><F34/><W28/><G97/><T42/><D33/><U124/><E108/><V64/><F101/><W114/><G114/><T112/><D112/><U62/><E124/><V24/><F24/><W26/><G49/><T61/><D132/><U93/><E134/><V95/><F95/><W130/><G46/><T0/><D126/><U88/><E40/><V85/><F75/><W37/><G37/><T47/><D0/><N who="3" m="41" /><G130/><T94/><D74/><U48/><E48/><V111/><F111/><W8/><G4/><T117/><D117/><U133/><E133/><V41/><F6/><W109/><G109/><T38/><D38/><U129/><E129/><V92/><F39/><W60/><G60/><T119/><D119/><U123/><E123/><V91/><F64/><W56/><G56/><T113/><D113/><U66/><E19/><N who="3" m="7178" /><G13/><T51/><D23/><AGARI ba="0,0" hai="8,10,11,23,26,28,30,31" m="7178,41" machi="23" ten="30,8000,1" yaku="35,5" doraHai="65" who="3" fromWho="0" sc="131,-80,276,0,304,0,289,80" /><INIT seed="3,0,0,5,4,118" ten="51,276,304,369" oya="3" hai0="50,82,71,3,89,23,1,98,72,66,101,37,25" hai1="7,90,65,19,110,123,126,35,81,8,76,68,31" hai2="56,73,48,4,120,97,6,40,87,29,53,83,93" hai3="130,69,36,18,62,104,21,52,44,51,132,107,106"/><W96/><G132/><T77/><D37/><U33/><E90/><V17/><F73/><W108/><G130/><T80/><D50/><U43/><E19/><V85/><F120/><W114/><G114/><T58/><D71/><U79/><E79/><V13/><F29/><W49/><G36/><T112/><D112/><U92/><E92/><V116/><F40/><W16/><G108/><T70/><D70/><U122/><E110/><V12/><F116/><W61/><G96/><T39/><D39/><U67/><E67/><V42/><F42/><W2/><G2/><T41/><D41/><U102/><E102/><N who="2" m="60719" /><F87/><W55/><G69/><T100/><D100/><U5/><E126/><V124/><F124/><W131/><G131/><T60/><D80/><U45/><E5/><N who="2" m="2155" /><F17/><W57/><REACH who="3" step="1"/><G18/><REACH who="3" ten="51,276,304,359" step="2"/><T9/><D9/><U117/><E117/><V24/><F24/><AGARI ba="0,1" hai="16,21,24,44,49,51,52,55,57,61,62,104,106,107" machi="24" ten="40,18000,2" yaku="1,1,2,1,54,2,53,3" doraHai="118" doraHaiUra="103" who="3" fromWho="2" sc="51,0,276,0,304,-180,359,190" owari="51,-44.9,276,7.6,124,-27.6,549,64.9" /></mjloggm>