<mjloggm ver="2.3"><GO type="225" lobby="0"/><UN n0="%E3%83%B4%E3%83%A0%EF%BC%99%E3%81%A6" n1="%72%69%6F%75%63%68%61%6E" n2="%E7%9C%9F%E4%B8%80" n3="%E3%83%A9%E3%83%96%E3%83%AC%E3%83%BC" dan="17,17,16,18" rate="2192.55,2271.90,2170.76,2271.26" sx="M,M,M,M"/><TAIKYOKU oya="0"/><INIT seed="0,0,0,2,4,28" ten="250,250,250,250" oya="0" hai0="124,12,102,125,59,26,120,101,9,97,4,61,10" hai1="13,110,121,24,55,83,44,113,78,132,42,122,84" hai2="95,128,57,54,2,114,56,129,103,63,91,45,31" hai3="40,133,18,50,0,75,34,65,72,100,77,29,127"/><T52/><D120/><U27/><E110/><V38/><F114/><W5/><G100/><T51/><D26/><U1/><E1/><V16/><F2/><W48/><G65/><T17/><D61/><U46/><E132/><V25/><F103/><W71/><G0/><T20/><D9/><U39/><E113/><V94/><F57/><W135/><G71/><T15/><REACH who="0" step="1"/><D101/><REACH who="0" ten="240,250,250,250" step="2"/><U49/><E24/><V30/><F128/><W35/><G135/><T98/><D98/><U41/><E27/><V37/><F129/><W64/><G133/><T112/><D112/><U74/><E13/><V43/><F38/><W90/><G64/><T117/><D117/><U33/><E33/><V108/><F108/><W80/><G35/><T105/><AGARI ba="0,1" hai="4,10,12,15,17,20,51,52,59,97,102,105,124,125" machi="105" ten="30,6000,0" yaku="1,1,0,1,54,1,53,0" doraHai="28" doraHaiUra="87" who="0" fromWho="0" sc="240,70,250,-20,250,-20,250,-20" /><INIT seed="0,1,0,2,4,89" ten="310,230,230,230" oya="0" hai0="22,27,75,4,57,49,26,72,30,53,56,81,118" hai1="39,101,50,16,1,63,77,20,54,133,111,96,15" hai2="107,69,130,97,48,23,17,51,59,7,86,35,106" hai3="116,112,45,114,28,65,122,6,100,43,113,29,93"/><T87/><D118/><U0/><E39/><V19/><F69/><W83/><G116/><T64/><D4/><U85/><E111/><V68/><F68/><W42/><G65/><T47/><D64/><U60/><E133/><V36/><F36/><W119/><G119/><T44/><D72/><U9/><E0/><V102/><F35/><W82/><G6/><T92/><D75/><U62/><E1/><V120/><F120/><W91/><G100/><T3/><D3/><U124/><E124/><V104/><F130/><W98/><G122/><T40/><D27/><U125/><E125/><V66/><F7/><W46/><G83/><T105/><D105/><U103/><E9/><V10/><F10/><W37/><REACH who="3" step="1"/><G82/><REACH who="3" ten="310,230,230,220" step="2"/><T132/><D132/><U18/><E103/><V84/><F102/><W71/><G71/><T90/><REACH who="0" step="1"/><D81/><REACH who="0" ten="300,230,230,220" step="2"/><U76/><E101/><V80/><F106/><W14/><G14/><T73/><D73/><U129/><E15/><V131/><F107/><W5/><G5/><T11/><D11/><U128/><E129/><V67/><F131/><W31/><G31/><T79/><D79/><U94/><E128/><V38/><F104/><W13/><G13/><T121/><D121/><U41/><E77/><V12/><F38/><AGARI ba="1,2" hai="28,29,37,38,42,43,45,46,91,93,98,112,113,114" machi="38" ten="40,5200,0" yaku="1,1,9,1,52,1,53,0" doraHai="89" doraHaiUra="34" who="3" fromWho="2" sc="300,0,230,0,230,-55,220,75" /><AGARI ba="1,0" hai="22,26,30,38,40,44,47,49,53,56,57,87,90,92" machi="38" ten="30,5800,0" yaku="1,1,7,1,52,1,53,0" doraHai="89" doraHaiUra="34" who="0" fromWho="2" sc="300,58,230,0,175,-58,295,0" /><INIT seed="0,2,0,0,4,69" ten="358,230,117,295" oya="0" hai0="99,44,20,120,48,19,90,93,14,103,1,77,31" hai1="100,13,47,75,118,58,32,53,67,89,63,79,110" hai2="81,72,116,86,111,55,33,24,129,40,28,11,101" hai3="133,46,51,108,45,132,122,5,84,60,52,39,26"/><T23/><D120/><U127/><E110/><V115/><F115/><W50/><G26/><T80/><D1/><U71/><E127/><V41/><F116/><W17/><G17/><T135/><D135/><N who="3" m="51785" /><G5/><T98/><D31/><U65/><E118/><V123/><F129/><W130/><G108/><T22/><D77/><U49/><E32/><V82/><F111/><W126/><G126/><T6/><D6/><U62/><E100/><V36/><F123/><W124/><G124/><T102/><D102/><U91/><REACH who="1" step="1"/><E13/><REACH who="1" ten="358,220,117,295" step="2"/><V104/><F101/><W117/><G117/><T43/><REACH who="0" step="1"/><D80/><AGARI ba="2,1" hai="47,49,53,58,62,63,65,67,71,75,79,80,89,91" machi="80" ten="40,2600,0" yaku="1,1,2,1,53,0" doraHai="69" doraHaiUra="2" who="1" fromWho="0" sc="358,-32,220,42,117,0,295,0" /><INIT seed="1,0,0,1,3,12" ten="326,262,117,295" oya="1" hai0="86,44,78,50,74,99,79,61,28,84,93,57,43" hai1="69,15,65,134,102,25,126,76,24,45,118,107,127" hai2="121,91,113,124,68,49,32,92,111,19,18,130,89" hai3="26,100,0,59,60,122,82,62,120,7,75,35,21"/><U37/><E118/><V53/><F121/><W95/><G35/><T31/><D74/><U88/><E134/><V46/><F111/><W83/><G0/><T10/><D10/><U103/><E76/><N who="0" m="29225" /><D28/><U17/><E65/><V9/><F130/><W123/><G7/><T14/><D14/><U52/><E69/><V81/><F124/><N who="1" m="47657" /><E37/><V11/><F32/><W4/><G4/><T131/><D31/><U116/><E116/><V38/><F38/><W80/><G75/><T109/><D109/><U13/><E13/><V132/><F68/><W125/><G125/><T54/><D131/><U56/><E45/><V71/><F71/><W133/><G133/><T8/><D8/><N who="2" m="3146" /><F132/><W110/><G110/><T135/><D135/><U104/><E102/><AGARI ba="0,0" hai="43,44,50,54,57,61,84,86,93,99,102" m="29225" machi="102" ten="30,1000,0" yaku="8,1" doraHai="12" who="0" fromWho="1" sc="326,10,262,-10,117,0,295,0" /><INIT seed="2,0,0,0,2,101" ten="336,252,117,295" oya="2" hai0="96,114,42,60,28,129,33,83,18,76,39,3,85" hai1="118,37,57,13,106,74,43,108,64,98,66,131,113" hai2="65,8,6,24,51,70,54,52,5,78,122,48,2" hai3="67,134,0,20,88,59,104,105,112,11,41,107,133"/><V23/><F122/><W69/><G69/><T80/><D3/><U91/><E113/><V19/><F6/><W82/><G41/><T72/><D114/><U4/><E118/><V99/><F78/><W84/><G112/><T32/><D129/><U121/><E74/><V14/><F70/><W50/><G20/><T97/><D60/><U135/><E57/><V34/><F65/><W17/><G50/><N who="2" m="18985" /><F99/><W87/><G84/><T73/><D18/><U90/><E131/><V45/><F45/><W95/><G59/><T29/><D85/><U30/><E121/><V38/><F38/><W61/><G61/><T53/><D42/><U68/><E68/><V102/><F102/><W55/><G55/><T62/><D53/><U120/><E120/><V125/><F125/><W110/><G67/><T81/><D62/><U132/><E64/><V56/><F56/><W130/><G130/><T26/><D39/><U128/><E66/><V27/><F27/><W71/><G71/><T100/><D100/><N who="1" m="62743" /><E128/><V10/><F10/><W21/><G11/><T47/><D47/><N who="1" m="24047" /><E30/><AGARI ba="0,0" hai="2,5,8,14,19,23,24,30,34,52,54" m="18985" machi="30" ten="30,2900,0" yaku="24,1,54,1" doraHai="101" who="2" fromWho="1" sc="336,0,252,-29,117,29,295,0" /><INIT seed="2,1,0,2,3,47" ten="336,223,146,295" oya="2" hai0="46,122,64,85,55,83,61,100,111,76,94,78,102" hai1="130,123,135,99,74,62,22,79,109,125,12,121,27" hai2="113,88,52,108,16,14,134,4,103,95,7,3,2" hai3="72,15,132,60,57,93,1,96,97,18,65,29,24"/><V104/><F113/><W75/><G132/><T91/><D111/><U116/><E116/><V37/><F37/><W19/><G97/><T54/><D122/><N who="1" m="46603" /><E109/><V63/><F108/><W126/><G1/><T84/><D76/><U48/><E135/><V30/><F134/><W81/><G81/><T115/><D115/><U90/><E125/><V28/><F104/><W42/><G42/><T127/><D127/><U35/><E35/><V11/><F103/><W44/><G44/><T43/><D102/><U67/><E130/><V0/><F7/><W8/><G19/><T5/><D5/><U36/><E36/><V66/><F4/><W105/><G105/><T53/><D100/><U45/><E12/><V110/><F110/><W33/><G126/><T50/><REACH who="0" step="1"/><D43/><REACH who="0" ten="326,223,146,295" step="2"/><N who="1" m="24639" /><E79/><V118/><F118/><W77/><G77/><T25/><D25/><U10/><E74/><V70/><REACH who="2" step="1"/><F52/><REACH who="2" ten="326,223,136,295" step="2"/><W89/><AGARI ba="1,2" hai="8,15,18,24,29,33,57,60,65,72,75,89,93,96" machi="89" ten="20,1500,0" yaku="0,1,7,1" doraHai="47" who="3" fromWho="3" sc="326,-5,223,-5,136,-8,295,38" /><INIT seed="3,0,0,3,5,37" ten="321,218,128,333" oya="3" hai0="120,114,14,91,51,7,10,58,65,92,23,89,72" hai1="60,80,118,45,64,68,108,116,83,128,33,5,103" hai2="126,50,35,104,28,26,74,40,110,79,102,49,73" hai3="85,12,34,86,25,131,94,67,71,3,122,121,57"/><W111/><G71/><T135/><D120/><U78/><E108/><V53/><F110/><W30/><G3/><T22/><D72/><U59/><E128/><V36/><F126/><W13/><G111/><T16/><D135/><U125/><E125/><V19/><F79/><W109/><G109/><T42/><D114/><U87/><E33/><V132/><F132/><W77/><G131/><T81/><D81/><U15/><E103/><V38/><F19/><W47/><G47/><N who="0" m="26103" /><D7/><U123/><E123/><V48/><F53/><W43/><G43/><T98/><D89/><U39/><E68/><V21/><F35/><W8/><G122/><T55/><D65/><U63/><E60/><AGARI ba="0,0" hai="10,14,16,22,23,55,58,60,91,92,98" m="26103" machi="60" ten="30,3900,0" yaku="8,1,52,1,54,1" doraHai="37" who="0" fromWho="1" sc="321,39,218,-39,128,0,333,0" owari="360,46.0,179,-22.1,128,-37.2,333,13.3" /></mjloggm>