<mjloggm ver="2.3"><GO type="225" lobby="0"/><UN n0="%E3%81%B5%E3%81%98%E3%81%8B%E3%81%A4" n1="%6D%61%74%69%67%75%73%61" n2="%4C%4F%4C%49%54%41" n3="%E3%82%BC%E3%83%AB%E3%83%80%E3%81%AE%E4%BC%9D%E8%AA%AC" dan="16,17,16,18" rate="2168.53,2150.02,2199.25,2212.93" sx="M,M,F,M"/><TAIKYOKU oya="0"/><INIT seed="0,0,0,4,4,134" ten="250,250,250,250" oya="0" hai0="97,121,91,64,84,110,39,133,19,127,122,53,125" hai1="70,49,106,4,58,82,42,47,61,50,113,69,41" hai2="21,72,29,31,85,109,27,7,101,34,103,57,15" hai3="114,20,48,37,135,99,35,87,96,89,81,86,112"/><T128/><D39/><U88/><E106/><V33/><F72/><W3/><G35/><T52/><D133/><U22/><E4/><V105/><F109/><W36/><G135/><T67/><D110/><U129/><E22/><V1/><F105/><W92/><G3/><T18/><D97/><U93/><E82/><V83/><F1/><W54/><G37/><T2/><D2/><U120/><E88/><N who="2" m="51263" /><F31/><W5/><G36/><T80/><D128/><U102/><E93/><V40/><F33/><W126/><G5/><T25/><D91/><U90/><E90/><V107/><F107/><W117/><G117/><T119/><D80/><U38/><E102/><V65/><F40/><W66/><G66/><N who="0" m="25131" /><D84/><U74/><E74/><V44/><F44/><W76/><G112/><T108/><D108/><U14/><E120/><N who="0" m="46185" /><D119/><U23/><E38/><V100/><F34/><W32/><G114/><T118/><D118/><U51/><E129/><V75/><F75/><W104/><G32/><T24/><D24/><U10/><E113/><V9/><F101/><W13/><G104/><T16/><D25/><U62/><E41/><V0/><F0/><W95/><G95/><T68/><D68/><U12/><E69/><V28/><F29/><W94/><G94/><T116/><D116/><U56/><E70/><V45/><F103/><W43/><G99/><T73/><D73/><U63/><E42/><V131/><F100/><W6/><G96/><T123/><N who="0" m="46193" /><T124/><AGARI ba="0,0" hai="16,18,19,52,53,124,125,127" m="46193,25131" machi="124" ten="60,24000,3" yaku="4,1,28,2,18,1,52,3,54,2" doraHai="134" who="0" fromWho="0" sc="250,240,250,-80,250,-80,250,-80" /><INIT seed="0,1,0,4,4,60" ten="490,170,170,170" oya="0" hai0="30,20,36,19,15,93,62,103,57,73,56,117,54" hai1="51,41,26,70,40,106,3,6,38,65,82,110,31" hai2="89,130,118,43,129,94,114,123,12,125,25,55,107" hai3="100,74,63,49,109,13,48,58,8,1,33,69,128"/><T37/><D117/><U79/><E106/><V5/><F123/><W101/><G74/><T108/><D73/><U92/><E38/><V90/><F114/><W88/><G33/><T75/><D75/><U78/><E110/><V116/><F107/><W124/><G109/><T133/><D133/><U11/><E92/><V83/><F43/><W45/><G1/><T67/><D30/><U105/><E105/><V134/><F134/><W95/><G69/><T111/><D111/><U115/><E115/><V81/><F25/><W7/><G124/><T42/><D42/><U126/><E126/><V53/><F125/><W28/><G28/><T119/><D119/><N who="2" m="45610" /><F12/><W50/><G45/><T85/><D108/><U4/><E4/><V112/><F5/><W132/><G128/><N who="2" m="49257" /><F89/><W72/><G72/><T24/><D15/><U16/><E6/><V84/><F112/><W10/><G10/><T9/><D9/><U131/><E41/><V122/><F122/><W59/><G132/><T23/><D23/><U64/><E131/><V113/><F113/><W18/><G7/><T22/><D22/><U77/><E11/><V66/><F66/><N who="3" m="39287" /><G59/><T104/><D104/><U97/><E3/><V39/><F39/><W52/><G52/><AGARI ba="1,0" hai="52,53,55,81,83,84,90,94" m="49257,45610" machi="52" ten="30,3900,0" yaku="12,1,19,1,54,1" doraHai="60" who="2" fromWho="3" sc="490,0,170,0,170,42,170,-42" /><INIT seed="1,0,0,1,0,57" ten="490,170,212,128" oya="1" hai0="1,75,43,30,46,2,82,7,129,125,88,24,14" hai1="77,112,81,4,53,18,106,97,102,37,110,34,36" hai2="55,70,93,8,3,58,83,48,66,65,121,124,107" hai3="123,104,40,69,103,54,45,63,130,108,111,0,20"/><U92/><E112/><V72/><F107/><W35/><G35/><T10/><D125/><U41/><E34/><V28/><F121/><W84/><G0/><T44/><D129/><U64/><E4/><V109/><F109/><N who="3" m="42059" /><G84/><T114/><D114/><U133/><E110/><V17/><F28/><W73/><G73/><T29/><D29/><U87/><E133/><V128/><F124/><W61/><G123/><T32/><D46/><U71/><E41/><V74/><F128/><W118/><G130/><T96/><D75/><U52/><E18/><V101/><F72/><W80/><G118/><T115/><D115/><U11/><E11/><V126/><F126/><W38/><G80/><T68/><D68/><U95/><E95/><V47/><F70/><W59/><G20/><T25/><D25/><U19/><E19/><V23/><F8/><W50/><G69/><T91/><D91/><U100/><E100/><V122/><F3/><W33/><G33/><T56/><D82/><U49/><E53/><N who="2" m="29855" /><F74/><W31/><G31/><T62/><D96/><AGARI ba="0,0" hai="38,40,45,50,54,59,61,63,96,103,104" m="42059" machi="96" ten="30,3900,0" yaku="14,1,52,2" doraHai="57" who="3" fromWho="0" sc="490,-39,170,0,212,0,128,39" /><INIT seed="2,0,0,4,3,122" ten="451,170,212,167" oya="2" hai0="8,96,73,3,9,75,99,55,1,33,37,16,66" hai1="91,6,131,132,95,47,53,20,2,90,24,51,22" hai2="70,49,116,67,5,134,123,29,102,38,59,69,94" hai3="43,107,111,92,127,68,0,120,118,54,4,135,88"/><V77/><F123/><W117/><G120/><T103/><D33/><U80/><E131/><V28/><F38/><W121/><G121/><T76/><D37/><U85/><E132/><V42/><F116/><W18/><G68/><T113/><D66/><U128/><E128/><V26/><F134/><W100/><G135/><T60/><D60/><U83/><E2/><V30/><F5/><W7/><G43/><T41/><D41/><U12/><E91/><V57/><F77/><W25/><G127/><T14/><D55/><U64/><E64/><V97/><F70/><W129/><G129/><T74/><D76/><U93/><E93/><V35/><F69/><W82/><G82/><T44/><D44/><U34/><E34/><V17/><F35/><W62/><G100/><T124/><D124/><U58/><E47/><N who="2" m="25847" /><F67/><W19/><G107/><T31/><D113/><U72/><E72/><V10/><F10/><N who="3" m="2311" /><G7/><T61/><D61/><U11/><REACH who="1" step="1"/><E22/><AGARI ba="0,0" hai="17,22,26,28,29,30,57,59,94,97,102" m="25847" machi="22" ten="30,1500,0" yaku="8,1" doraHai="122" who="2" fromWho="1" sc="451,0,170,-15,212,15,167,0" /><INIT seed="2,1,0,4,0,105" ten="451,155,227,167" oya="2" hai0="115,21,22,125,2,74,88,80,4,101,90,104,134" hai1="55,129,76,19,34,17,111,94,10,46,50,124,12" hai2="77,41,53,135,24,0,23,119,93,49,118,84,83" hai3="48,57,85,37,30,123,9,82,14,79,27,66,7"/><V20/><F0/><W126/><G126/><T11/><D115/><U54/><E34/><V65/><F135/><W35/><G37/><T97/><D125/><U92/><E111/><V78/><F41/><W58/><G123/><T33/><D33/><U13/><E129/><V1/><F1/><W99/><G66/><T38/><D134/><U109/><E109/><V51/><F65/><W59/><REACH who="3" step="1"/><G99/><REACH who="3" ten="451,155,227,157" step="2"/><T25/><D38/><U70/><E124/><V63/><F119/><W61/><G61/><T5/><D97/><U67/><E67/><V39/><F63/><W108/><G108/><T116/><D116/><U15/><E70/><V60/><F60/><W3/><G3/><T47/><D2/><U68/><E68/><V29/><F39/><W103/><G103/><T132/><D101/><U42/><E76/><V130/><F78/><W71/><G71/><T16/><D132/><U86/><E13/><V121/><F77/><W44/><G44/><T127/><D47/><U26/><E26/><V18/><F24/><W64/><G64/><T91/><D25/><U120/><E120/><V106/><F121/><W95/><G95/><N who="1" m="36394" /><E86/><V75/><F84/><W96/><G96/><T114/><D127/><U56/><E56/><V72/><F118/><W81/><G81/><T45/><D80/><U112/><E112/><V32/><F83/><W107/><G107/><T110/><D104/><U28/><E28/><V133/><F106/><W113/><G113/><T128/><D114/><U62/><E62/><V98/><F29/><W8/><G8/><AGARI ba="1,1" hai="8,10,12,15,17,19,42,46,50,54,55" m="36394" machi="8" ten="30,1000,0" yaku="8,1" doraHai="105" who="1" fromWho="3" sc="451,0,155,23,227,0,157,-13" /><INIT seed="3,0,0,5,2,85" ten="451,178,227,144" oya="3" hai0="2,82,73,16,134,93,72,109,59,120,36,13,64" hai1="54,53,78,89,5,31,116,124,92,58,49,33,30" hai2="112,27,69,95,104,0,17,129,97,51,41,48,32" hai3="38,70,65,6,10,103,118,102,81,61,55,44,80"/><W75/><G118/><T119/><D109/><U34/><E78/><V37/><F0/><N who="3" m="327" /><G81/><T122/><D120/><U43/><E124/><V100/><F112/><W35/><G55/><T67/><D2/><U99/><E116/><V105/><F69/><W47/><G47/><T7/><D7/><U91/><E43/><V25/><F129/><W14/><G14/><T19/><D13/><U66/><E66/><V135/><F37/><W71/><G71/><T9/><D59/><N who="1" m="33199" /><E33/><V133/><F32/><W132/><G35/><T23/><D19/><U107/><E107/><N who="2" m="41035" /><F41/><N who="3" m="22583" /><G132/><N who="2" m="50761" /><F27/><W8/><G8/><T22/><D9/><U88/><E34/><V62/><F62/><W74/><G74/><T1/><D82/><U130/><E5/><V3/><F3/><W57/><G57/><T106/><D67/><U50/><E130/><V108/><F108/><W101/><G101/><AGARI ba="0,0" hai="30,31,50,54,58,88,89,91,92,99,101" m="33199" machi="101" ten="30,8000,1" yaku="8,1,52,3,54,1" doraHai="85" who="1" fromWho="3" sc="451,0,178,80,227,0,144,-80" owari="451,55.1,258,5.8,227,-17.3,64,-43.6" /></mjloggm>