<mjloggm ver="2.3"><GO type="225" lobby="0"/><UN n0="%E2%91%A3%E9%81%BF%E9%81%8A%E6%88%AF%E3%80%90%E6%9D%B1%E5%8D%97%E3%80%91" n1="%E6%9C%AA%E6%9D%A5%E5%B0%91%E5%B9%B4" n2="%E3%81%A1%E3%82%85%E3%81%86%E3%81%A9%E3%81%8F%E8%B1%A1%E3%81%95%E3%82%93" n3="%72%61%6B%33" dan="16,16,17,16" rate="2074.67,2163.14,2182.33,2109.64" sx="M,M,M,M"/><TAIKYOKU oya="0"/><INIT seed="0,0,0,5,1,69" ten="250,250,250,250" oya="0" hai0="22,130,121,117,133,19,14,55,48,13,59,33,30" hai1="58,43,28,72,49,42,62,7,88,119,97,35,12" hai2="77,102,44,20,61,63,36,34,51,126,15,29,24" hai3="134,99,101,105,112,92,120,86,87,27,4,95,9"/><T85/><D121/><U103/><E119/><V131/><F131/><W56/><G112/><T18/><D130/><U98/><E72/><V128/><F128/><W21/><G120/><T3/><D117/><U96/><E103/><V107/><F77/><W40/><G134/><T118/><D118/><U71/><E71/><V53/><F126/><W82/><G56/><T65/><D3/><U41/><E35/><V104/><F36/><W100/><G40/><T64/><D133/><U116/><E28/><V90/><F90/><W129/><G129/><T11/><D33/><U6/><E116/><V123/><F123/><W47/><G47/><T122/><D122/><U109/><E109/><V91/><F91/><W5/><G87/><T23/><D30/><U81/><E49/><V84/><F84/><W10/><G105/><T66/><REACH who="0" step="1"/><D85/><REACH who="0" ten="240,250,250,250" step="2"/><N who="1" m="50223" /><E12/><V32/><F15/><W1/><G1/><T94/><D94/><U106/><E106/><V111/><F107/><W127/><G95/><T39/><D39/><U135/><E135/><V70/><F32/><W2/><G2/><T38/><D38/><U57/><E57/><V93/><F34/><W8/><G127/><T46/><D46/><U108/><E108/><V52/><F111/><W125/><G125/><T83/><D83/><U26/><E26/><V25/><F104/><W75/><G75/><T54/><D54/><AGARI ba="0,1" hai="6,7,41,42,43,54,58,62,96,97,98" m="50223" machi="54" ten="30,2000,0" yaku="8,1,54,1" doraHai="69" who="1" fromWho="0" sc="240,-20,250,30,250,0,250,0" /><INIT seed="1,0,0,0,0,19" ten="220,280,250,250" oya="1" hai0="104,28,113,32,127,81,111,117,24,99,31,22,62" hai1="83,128,106,68,132,66,93,38,110,86,80,126,75" hai2="44,48,50,23,56,112,6,120,51,52,21,20,41" hai3="79,59,108,58,34,119,9,11,78,26,29,107,74"/><U97/><E38/><V84/><F120/><W69/><G69/><T60/><D117/><U95/><E66/><V47/><F112/><W96/><G119/><T89/><D113/><U4/><E4/><V17/><F6/><W90/><G108/><T65/><D111/><U123/><E68/><V1/><F1/><W101/><G90/><T63/><D127/><U15/><E15/><N who="2" m="9279" /><F84/><W85/><G74/><T87/><D31/><U130/><E110/><V30/><F30/><W91/><G11/><T14/><D14/><U8/><E8/><V73/><F73/><W2/><G2/><T57/><D32/><U61/><E61/><V92/><F92/><N who="1" m="35401" /><E123/><V77/><F77/><W135/><G9/><T36/><REACH who="0" step="1"/><D36/><REACH who="0" ten="210,280,250,250" step="2"/><U114/><E114/><V3/><F3/><W98/><G34/><T122/><D122/><U100/><E126/><V82/><F82/><W45/><G29/><T64/><D64/><U53/><E83/><V40/><AGARI ba="0,1" hai="21,23,40,41,44,47,48,50,51,52,56" m="9279" machi="40" ten="30,8000,1" yaku="8,1,52,3,54,1" doraHai="19" who="2" fromWho="2" sc="210,-20,280,-40,250,90,250,-20" /><INIT seed="2,0,0,5,3,102" ten="190,240,340,230" oya="2" hai0="107,21,89,103,3,116,6,76,20,63,64,1,98" hai1="126,99,13,33,118,11,16,51,120,24,82,12,117" hai2="25,62,104,134,101,91,19,80,73,42,90,59,22" hai3="77,48,88,17,50,30,127,74,26,18,38,121,53"/><V52/><F42/><W81/><G121/><T15/><D116/><U84/><E120/><V28/><F28/><W108/><G38/><T94/><D76/><U57/><E126/><V37/><F37/><W78/><G127/><T83/><D20/><U32/><E99/><V55/><F55/><W58/><G108/><T123/><D123/><U109/><E109/><V133/><F73/><W29/><G78/><T113/><D113/><U7/><E24/><V131/><F80/><W114/><G114/><T35/><D35/><U9/><E51/><V8/><F8/><W66/><G30/><T105/><D83/><U54/><E33/><V129/><F91/><W75/><G75/><T97/><D107/><U5/><E32/><V47/><F47/><W43/><G66/><T130/><D130/><N who="2" m="49674" /><F90/><W41/><G88/><T128/><D128/><U85/><E7/><V40/><F40/><W36/><G36/><T23/><D23/><U46/><E46/><V34/><F34/><W14/><G48/><T115/><D115/><U96/><E96/><AGARI ba="0,0" hai="19,22,25,52,59,62,96,101,104,133,134" m="49674" machi="96" ten="30,5800,0" yaku="19,1,52,1,54,1" doraHai="102" who="2" fromWho="1" sc="190,0,240,-58,340,58,230,0" /><INIT seed="2,1,0,0,2,79" ten="190,182,398,230" oya="2" hai0="75,17,108,120,47,38,11,87,80,4,107,129,111" hai1="112,26,21,27,52,8,13,106,46,34,32,126,41" hai2="102,101,113,70,76,122,104,39,3,43,96,54,56" hai3="131,0,103,100,77,58,15,134,90,124,48,5,9"/><V33/><F122/><W116/><G116/><T110/><D120/><U36/><E112/><V82/><F113/><W119/><G119/><T37/><D129/><U7/><E106/><V73/><F33/><W19/><G131/><T92/><D107/><U42/><E126/><V105/><F70/><W81/><G124/><T118/><D118/><U91/><E41/><V84/><F3/><W18/><G134/><T114/><D114/><U1/><E1/><V64/><F64/><W31/><G31/><T50/><D75/><U61/><E27/><V35/><F35/><W128/><G90/><T97/><D17/><U51/><E91/><V117/><F117/><W86/><G128/><T62/><D62/><U40/><E61/><V59/><F73/><W57/><G57/><T6/><D92/><U29/><REACH who="1" step="1"/><E42/><REACH who="1" ten="190,172,398,230" step="2"/><V99/><F43/><W93/><G0/><N who="0" m="391" /><D6/><U55/><E55/><V133/><F54/><N who="3" m="32071" /><G103/><T67/><D67/><U85/><E85/><V14/><F84/><W125/><G125/><T65/><D65/><U53/><E53/><V66/><F66/><W135/><G135/><T109/><D97/><AGARI ba="1,1" hai="5,9,15,18,19,77,81,86,93,97,100" m="32071" machi="97" ten="30,2000,0" yaku="8,1,52,1" doraHai="79" who="3" fromWho="0" sc="190,-23,172,0,398,0,230,33" /><INIT seed="3,0,0,3,4,113" ten="167,172,398,263" oya="3" hai0="135,8,128,83,126,45,38,44,57,3,98,82,99" hai1="46,72,30,41,25,31,54,53,61,10,33,35,43" hai2="19,64,1,89,101,122,13,118,29,90,22,16,123" hai3="20,109,62,87,11,74,47,42,132,28,107,125,55"/><W34/><G74/><T96/><D126/><U91/><E72/><V60/><F118/><W59/><G125/><T116/><D135/><U112/><E112/><V12/><F1/><W95/><G107/><T121/><D128/><U56/><E10/><N who="2" m="6167" /><F29/><W84/><G132/><T2/><D121/><N who="2" m="46090" /><F101/><W9/><G34/><T65/><D116/><U129/><E91/><V23/><F22/><W78/><G109/><T79/><D38/><U76/><E76/><V7/><F7/><W50/><G95/><T49/><D8/><N who="3" m="3145" /><G78/><T26/><D26/><AGARI ba="0,0" hai="20,26,28,42,47,50,55,59,62,84,87" m="3145" machi="26" ten="30,1500,0" yaku="8,1" doraHai="113" who="3" fromWho="0" sc="167,-15,172,0,398,0,263,15" /><INIT seed="3,1,0,1,2,23" ten="152,172,398,278" oya="3" hai0="24,122,71,121,80,69,35,103,65,9,77,27,106" hai1="73,93,36,52,19,61,97,79,91,21,108,25,132" hai2="10,96,111,6,76,124,126,53,26,14,43,78,120" hai3="82,118,99,54,74,31,134,104,4,1,50,92,83"/><W57/><G118/><T131/><D131/><U75/><E108/><V12/><F111/><W56/><G134/><T102/><D9/><U37/><E132/><V48/><F43/><W115/><G115/><T85/><D35/><U123/><E123/><V87/><F120/><W5/><G104/><T51/><D122/><U17/><E17/><V29/><F12/><W129/><G129/><T125/><D121/><U89/><E89/><V95/><F87/><W109/><G109/><T16/><D125/><N who="2" m="48234" /><F95/><W41/><G74/><N who="1" m="28170" /><E79/><V63/><F63/><W101/><G1/><T20/><D106/><U0/><E0/><V68/><F96/><W47/><G31/><T133/><D133/><U67/><E67/><V34/><F68/><W130/><G130/><T105/><D105/><U127/><E127/><V8/><F8/><W32/><G32/><T112/><D112/><U107/><E107/><V64/><F64/><W44/><G57/><AGARI ba="1,0" hai="19,21,25,36,37,52,57,61,91,93,97" m="28170" machi="57" ten="30,3900,0" yaku="25,1,52,1,54,1" doraHai="23" who="1" fromWho="3" sc="152,0,172,42,398,0,278,-42" /><AGARI ba="1,0" hai="6,10,14,26,29,34,48,53,57,76,78" m="48234" machi="57" ten="30,2000,0" yaku="18,1,52,1" doraHai="23" who="2" fromWho="3" sc="152,0,214,0,398,20,236,-20" owari="152,-34.8,214,-18.6,418,51.8,216,1.6" /></mjloggm>