<mjloggm ver="2.3"><GO type="225" lobby="0"/><UN n0="%E6%A1%9C%E8%8A%B1%E9%96%83%E3%80%85" n1="%E7%89%B9%E6%9D%B1%E3%81%AF%E4%B8%96%E7%95%8C%E3%82%92%E6%95%91%E3%81%86" n2="%E6%98%93%E5%88%A9%E8%96%A9%E4%BC%AF" n3="%E8%BE%9B%E5%8F%A3%E3%82%AB%E3%83%AC%E3%83%BC%E3%83%A9%E3%82%A4%E3%82%B9" dan="17,16,16,17" rate="2215.39,2136.92,2095.59,2223.68" sx="M,M,F,M"/><TAIKYOKU oya="0"/><INIT seed="0,0,0,4,0,115" ten="250,250,250,250" oya="0" hai0="35,103,33,92,105,91,84,54,109,114,108,61,67" hai1="34,43,2,75,76,22,69,65,62,47,31,99,94" hai2="0,95,111,63,98,1,53,24,37,16,82,40,93" hai3="89,12,68,134,131,73,25,29,38,135,4,44,32"/><T118/><D114/><U96/><E34/><V77/><F111/><N who="0" m="42570" /><D54/><U19/><E31/><V133/><F133/><N who="3" m="50699" /><G68/><N who="0" m="42095" /><D118/><U123/><E2/><V97/><F37/><W113/><G113/><T72/><D72/><U14/><E123/><V85/><F40/><N who="3" m="22551" /><G73/><T57/><D57/><U28/><E28/><V120/><F120/><W60/><G60/><T124/><D124/><U18/><E94/><V27/><F27/><W9/><G89/><T66/><D66/><U11/><E75/><V46/><F95/><W125/><G125/><T45/><D45/><U132/><E76/><V116/><F46/><W129/><AGARI ba="0,0" hai="4,9,12,25,29,32,129,131" m="22551,50699" machi="129" ten="30,1100,0" yaku="20,1" doraHai="115" who="3" fromWho="3" sc="250,-5,250,-3,250,-3,250,11" /><INIT seed="1,0,0,5,4,72" ten="245,247,247,261" oya="1" hai0="22,5,56,55,96,26,44,13,14,100,106,118,45" hai1="36,42,50,29,111,116,69,123,114,132,129,102,84" hai2="103,63,58,23,8,32,53,73,108,68,92,38,48" hai3="78,2,41,54,112,124,60,18,70,85,127,95,4"/><U7/><E7/><V130/><F32/><W66/><G112/><T24/><D118/><U47/><E29/><V59/><F108/><W51/><G41/><T76/><D26/><U87/><E102/><V121/><F38/><W128/><G128/><T115/><D115/><U62/><E87/><V34/><F34/><W31/><G31/><T98/><D98/><U94/><E94/><V113/><F73/><W122/><G122/><T15/><D76/><U134/><E84/><V126/><F113/><W71/><G71/><T17/><REACH who="0" step="1"/><D5/><REACH who="0" ten="235,247,247,261" step="2"/><U133/><E114/><V88/><F121/><W77/><G4/><T91/><D91/><U107/><E123/><V97/><F130/><W117/><G117/><T74/><D74/><U25/><E129/><V81/><F103/><W30/><G30/><T101/><D101/><U11/><E116/><V1/><F97/><W67/><G78/><T9/><D9/><U79/><E79/><V64/><F8/><W19/><G77/><T83/><D83/><U93/><E25/><V46/><F81/><W135/><G85/><T6/><D6/><U105/><E11/><V49/><F88/><W27/><G27/><T104/><D104/><N who="1" m="40011" /><E93/><V61/><F92/><W80/><G95/><T0/><D0/><U90/><E90/><V37/><F1/><W28/><G2/><T109/><D109/><U10/><E10/><V43/><F23/><W75/><G28/><T110/><D110/><U82/><E82/><V65/><F126/><W57/><G124/><T12/><N who="0" m="3072" /><DORA hai="89" /><T131/><D131/><U39/><E111/><V125/><F125/><RYUUKYOKU ba="0,1" sc="235,10,247,10,247,10,261,-30" hai0="17,22,24,44,45,55,56,96,100,106" hai1="36,39,42,47,50,62,69,132,133,134" hai2="37,43,46,48,49,53,58,59,61,63,64,65,68" /><INIT seed="1,1,1,5,2,81" ten="245,257,257,231" oya="1" hai0="28,88,34,14,63,68,59,104,48,77,90,132,99" hai1="121,130,105,135,114,54,119,41,78,123,39,60,117" hai2="33,56,75,127,31,79,126,131,89,83,51,43,94" hai3="8,82,73,84,38,40,47,110,80,69,128,37,96"/><U1/><E1/><V46/><F131/><W111/><G69/><T24/><D132/><U115/><E78/><V71/><F71/><W116/><G128/><T87/><D48/><U108/><E105/><V118/><F118/><N who="1" m="45065" /><E130/><V44/><F56/><W97/><G116/><T18/><D68/><U32/><E32/><V16/><F46/><W120/><G120/><N who="1" m="46154" /><E135/><V65/><F65/><W72/><G8/><T2/><D2/><U95/><E95/><V26/><REACH who="2" step="1"/><F16/><REACH who="2" ten="245,257,247,231" step="2"/><W125/><G47/><T45/><D45/><N who="1" m="23743" /><E108/><V103/><F103/><W86/><REACH who="3" step="1"/><G40/><REACH who="3" ten="245,257,247,221" step="2"/><T100/><D59/><AGARI ba="1,3" hai="54,59,60,114,115" m="23743,46154,45065" machi="59" ten="30,2900,0" yaku="34,2" doraHai="81" who="1" fromWho="0" sc="245,-32,257,62,247,0,221,0" /><INIT seed="1,2,0,2,4,8" ten="213,319,247,221" oya="1" hai0="105,111,80,34,1,89,43,4,20,23,102,74,127" hai1="134,7,96,135,35,15,11,123,47,22,66,63,25" hai2="38,64,90,118,26,116,73,106,109,16,10,13,3" hai3="78,55,79,133,27,99,108,71,60,37,85,33,54"/><U77/><E123/><V107/><F3/><W28/><G37/><T94/><D34/><U58/><E35/><V59/><F38/><W84/><G108/><T121/><D111/><U93/><E77/><V76/><F109/><W132/><G99/><N who="0" m="61663" /><D43/><U67/><E47/><V45/><F45/><W112/><G112/><T98/><D20/><U52/><E135/><N who="3" m="51786" /><G84/><N who="0" m="50311" /><D23/><U92/><E92/><V14/><F26/><W91/><G71/><T53/><D53/><N who="3" m="19977" /><G60/><T125/><D4/><U117/><E117/><V49/><F90/><W2/><G2/><T126/><D1/><U88/><E134/><V124/><F49/><W120/><G120/><T56/><D56/><U21/><E21/><V24/><F59/><W128/><G128/><T104/><D121/><U113/><E113/><V42/><F42/><W57/><G57/><T19/><D74/><U36/><E36/><V29/><F64/><W110/><G110/><T31/><D31/><AGARI ba="2,0" hai="7,11,15,22,25,31,52,58,63,66,67,88,93,96" machi="31" ten="30,12000,1" yaku="7,1,8,1,52,1,54,2" doraHai="8" who="1" fromWho="0" sc="213,-126,319,126,247,0,221,0" /><INIT seed="1,3,0,4,3,91" ten="87,445,247,221" oya="1" hai0="12,36,40,65,100,31,82,79,80,53,67,35,98" hai1="45,84,13,120,44,92,81,102,49,58,3,97,125" hai2="99,29,87,28,47,129,54,57,116,72,48,107,70" hai3="104,112,14,20,66,39,111,78,17,109,38,33,10"/><U8/><E125/><V77/><F72/><W59/><G33/><T11/><D82/><U131/><E131/><V37/><F116/><W135/><G112/><T106/><D53/><U64/><E3/><V1/><F1/><W134/><G104/><T96/><D96/><U115/><E120/><V76/><F70/><W117/><G78/><T7/><D31/><U93/><E115/><V24/><F29/><W60/><G117/><T5/><D5/><U108/><E108/><N who="3" m="41546" /><G10/><T0/><D12/><U23/><E23/><V42/><F87/><W15/><G15/><T127/><D127/><U4/><E92/><V46/><F46/><W32/><G32/><T105/><D105/><U119/><E119/><V41/><F41/><W21/><G21/><T110/><D110/><U61/><REACH who="1" step="1"/><E49/><REACH who="1" ten="87,435,247,221" step="2"/><V51/><F51/><W2/><G2/><T86/><D35/><U113/><E113/><V83/><F129/><W88/><G39/><T68/><D36/><U101/><E101/><V103/><F37/><W114/><G38/><T50/><D50/><U126/><E126/><V63/><F107/><W74/><G114/><T18/><D0/><U56/><E56/><V130/><F103/><W19/><G59/><T124/><D124/><U94/><E94/><V75/><F130/><W43/><G20/><T123/><D123/><U95/><E95/><V85/><F99/><W73/><G14/><T22/><D68/><U118/><E118/><V69/><F69/><W26/><G26/><N who="0" m="14679" /><D40/><U90/><AGARI ba="3,1" hai="4,8,13,44,45,58,61,64,81,84,90,93,97,102" machi="90" ten="20,12000,1" yaku="1,1,0,1,7,1,8,1,52,1,53,0" doraHai="91" doraHaiUra="71" who="1" fromWho="1" sc="87,-43,435,139,247,-43,221,-43" /><INIT seed="1,4,0,2,0,41" ten="44,574,204,178" oya="1" hai0="104,90,3,120,134,109,95,44,99,102,33,119,122" hai1="92,46,56,38,20,10,133,112,110,13,117,6,83" hai2="8,25,113,59,135,32,98,68,48,75,27,18,111" hai3="123,87,115,103,77,14,62,66,63,79,4,78,82"/><U67/><E112/><V80/><F68/><W121/><G115/><T7/><D33/><U45/><E117/><V12/><F111/><W39/><G39/><T1/><D119/><U54/><E110/><V21/><F135/><W81/><G103/><T50/><D109/><U100/><E133/><V28/><F113/><W53/><G53/><T61/><D61/><U106/><E106/><V31/><F98/><W64/><G4/><T43/><D134/><U0/><E38/><V71/><F71/><W108/><G108/><T116/><D116/><U84/><E67/><V107/><F107/><W129/><G129/><T52/><D43/><U69/><E69/><V128/><F128/><W65/><G14/><T132/><D132/><U51/><E20/><V16/><F59/><W96/><G96/><N who="0" m="57463" /><D7/><U91/><E0/><V105/><F48/><W2/><G2/><T101/><D102/><U125/><E125/><V57/><F57/><W72/><REACH who="3" step="1"/><G78/><REACH who="3" ten="44,574,204,168" step="2"/><T22/><D22/><U47/><E100/><V15/><F105/><W30/><G30/><T76/><D76/><U126/><REACH who="1" step="1"/><E126/><REACH who="1" ten="44,564,204,168" step="2"/><V26/><F32/><W9/><G9/><T42/><D42/><U60/><E60/><AGARI ba="4,2" hai="60,62,63,64,65,66,72,77,79,81,82,87,121,123" machi="60" ten="40,1300,0" yaku="1,1,53,0" doraHai="41" doraHaiUra="24" who="3" fromWho="1" sc="44,0,564,-25,204,0,168,45" /><INIT seed="2,0,0,5,3,128" ten="44,539,204,213" oya="2" hai0="41,103,112,35,121,47,84,55,91,60,113,8,69" hai1="95,45,17,50,98,80,43,34,87,11,4,82,1" hai2="93,24,99,54,36,20,26,111,19,33,135,96,68" hai3="3,46,115,120,79,7,106,89,63,16,109,56,88"/><V74/><F36/><W48/><G120/><T42/><D35/><U76/><E34/><V27/><F68/><W13/><G106/><T32/><D32/><U117/><E82/><V0/><F0/><W64/><G109/><T5/><D121/><U78/><E117/><V37/><F37/><W72/><G115/><T66/><D103/><U23/><E87/><V61/><F74/><W59/><G59/><T81/><D55/><U67/><E80/><V53/><F135/><W30/><G30/><T9/><D42/><U40/><E67/><V130/><F130/><W62/><G62/><T18/><D18/><U14/><E40/><V104/><F33/><W52/><G72/><T116/><D116/><U39/><E50/><V57/><F111/><W107/><G107/><T94/><D94/><U38/><E38/><V86/><F104/><W90/><G79/><T118/><D9/><U15/><E15/><V108/><F108/><W25/><G3/><T131/><D131/><U77/><E77/><V119/><F119/><W73/><G73/><T10/><D10/><U126/><E126/><V122/><F122/><W49/><G49/><T85/><D85/><U97/><E97/><V12/><REACH who="2" step="1"/><F54/><REACH who="2" ten="44,539,194,213" step="2"/><W101/><G7/><T71/><D71/><U22/><E1/><V51/><F51/><W127/><G127/><T2/><D118/><U102/><E4/><V58/><F58/><W31/><G52/><T65/><REACH who="0" step="1"/><D65/><REACH who="0" ten="34,539,194,213" step="2"/><U133/><E39/><AGARI ba="0,2" hai="2,5,8,39,41,47,60,66,69,81,84,91,112,113" machi="39" ten="30,3900,0" yaku="1,1,2,1,7,1,53,0" doraHai="128" doraHaiUra="105" who="0" fromWho="1" sc="34,59,539,-39,194,0,213,0" /><INIT seed="3,0,0,1,5,28" ten="93,500,194,213" oya="3" hai0="76,58,44,119,45,98,91,122,70,56,135,0,4" hai1="61,19,62,55,34,15,89,120,74,118,97,104,129" hai2="68,37,26,121,110,29,105,52,132,35,6,30,113" hai3="60,51,73,47,67,72,18,57,43,25,84,22,115"/><W65/><G115/><T23/><D119/><U87/><E120/><V107/><F113/><W3/><G3/><T1/><D122/><U82/><E34/><N who="2" m="20791" /><F52/><W88/><REACH who="3" step="1"/><G65/><REACH who="3" ten="93,500,194,203" step="2"/><T49/><D1/><U109/><E118/><V64/><F121/><W78/><G78/><T9/><D76/><U124/><E61/><V71/><F64/><W54/><G54/><T111/><D0/><U40/><E62/><V131/><F71/><W17/><G17/><T53/><D70/><U69/><E55/><V96/><F68/><W59/><G59/><T125/><D58/><U108/><E69/><V92/><F6/><W11/><G11/><T85/><D9/><U114/><E114/><V31/><F31/><W90/><G90/><T66/><D4/><U39/><E89/><V20/><F30/><W7/><G7/><T79/><D66/><U36/><E19/><V93/><F107/><W86/><G86/><T116/><D85/><U33/><E87/><V134/><F105/><W130/><G130/><T100/><D79/><U8/><E104/><V81/><F131/><W21/><G21/><T128/><D91/><U133/><E8/><V103/><F20/><W27/><G27/><T106/><D23/><U99/><E129/><V5/><F5/><W10/><G10/><T95/><D128/><U80/><E74/><V16/><F16/><W50/><G50/><N who="0" m="28879" /><D106/><U117/><E117/><V13/><F13/><W75/><G75/><T41/><D116/><U63/><E15/><V126/><F103/><W42/><G42/><T48/><D41/><U12/><E40/><V46/><F134/><RYUUKYOKU ba="0,1" sc="93,-10,500,-10,194,-10,203,30" hai3="18,22,25,43,47,51,57,60,67,72,73,84,88" /><INIT seed="3,1,1,2,1,113" ten="83,490,184,233" oya="3" hai0="24,48,107,94,127,72,27,81,130,17,125,36,64" hai1="112,71,84,85,20,58,32,1,66,10,57,29,41" hai2="62,50,101,39,6,78,75,97,128,120,76,105,12" hai3="14,2,61,123,18,124,53,23,68,92,98,21,90"/><W121/><G124/><T15/><D36/><U99/><E32/><V102/><F39/><W54/><G2/><T83/><D107/><U26/><E71/><V42/><F102/><W13/><G68/><T117/><D130/><U45/><E112/><V79/><F120/><W65/><G65/><T38/><D38/><U16/><E99/><V8/><F62/><W134/><G134/><T34/><D48/><N who="1" m="26671" /><E1/><V122/><F122/><W44/><G54/><T5/><D94/><U135/><E135/><V133/><F128/><W35/><G35/><T131/><D131/><U33/><E33/><V87/><F75/><W22/><G13/><T67/><D34/><U89/><E84/><V46/><REACH who="2" step="1"/><F133/><REACH who="2" ten="83,490,174,233" step="2"/><W129/><G129/><T132/><D132/><U28/><E66/><V95/><F95/><W52/><G121/><T114/><D72/><U88/><E89/><V96/><F96/><W3/><G123/><T104/><D114/><U56/><E10/><V91/><F91/><W108/><G61/><T100/><D100/><U49/><E49/><V40/><F40/><W55/><G90/><T30/><D104/><U60/><E60/><V103/><F103/><W63/><G98/><T73/><D73/><U82/><AGARI ba="1,2" hai="16,20,26,28,29,56,57,58,82,85,88" m="26671" machi="82" ten="30,4000,0" yaku="8,1,54,2" doraHai="113" who="1" fromWho="1" sc="83,-11,490,63,174,-11,233,-21" owari="72,-42.8,553,65.3,163,-23.7,212,1.2" /></mjloggm>