<mjloggm ver="2.3"><GO type="225" lobby="0"/><UN n0="%E3%81%9F%E3%81%93%E2%98%86%E7%84%BC%E3%81%8D" n1="%E6%80%AA%E3%81%97%E3%81%99%E3%81%8E%E3%82%8B%E3%83%81%E3%83%BC" n2="%6E%69%63%6F%6E%74%6F" n3="%E3%81%95%E3%81%8D%E3%81%9F%E3%81%BE%E6%9E%97%E6%AA%8E" dan="16,16,16,16" rate="2118.80,2078.34,2160.95,2078.55" sx="M,M,M,M"/><TAIKYOKU oya="0"/><INIT seed="0,0,0,2,4,19" ten="250,250,250,250" oya="0" hai0="107,135,27,90,6,66,12,120,82,98,72,117,133" hai1="38,16,101,74,35,78,75,9,100,26,121,122,31" hai2="52,97,22,36,40,0,58,51,123,8,53,76,3" hai3="4,30,61,64,70,65,1,67,57,48,116,112,11"/><T42/><D117/><U5/><E38/><V49/><F123/><W134/><G134/><N who="0" m="51211" /><D120/><U43/><E43/><V114/><F114/><W115/><G116/><T86/><D42/><U29/><E29/><V80/><F36/><W46/><G30/><T92/><D66/><U127/><E127/><V14/><F40/><W109/><G109/><T71/><D71/><U125/><E125/><V56/><F97/><W68/><G115/><T110/><D27/><U59/><E59/><V130/><F130/><W83/><G112/><T118/><D118/><U28/><E28/><V113/><F22/><W20/><G70/><T73/><D12/><U34/><E34/><V85/><REACH who="2" step="1"/><F113/><REACH who="2" ten="250,250,240,250" step="2"/><W106/><G68/><T24/><D110/><U18/><E121/><V21/><F21/><W15/><G20/><T119/><D119/><U41/><E122/><V55/><F55/><W63/><G67/><T129/><D129/><U126/><E41/><V124/><F124/><W13/><G65/><T95/><D24/><U102/><E126/><V47/><F47/><W2/><G46/><T44/><D44/><U87/><E75/><V32/><F32/><W128/><G64/><T39/><D39/><U37/><E74/><V104/><F104/><W33/><G106/><T79/><D107/><U103/><E37/><V10/><F10/><W96/><G11/><T25/><D25/><U69/><E26/><V111/><F111/><W17/><G33/><T105/><D73/><U132/><E35/><V45/><F45/><W88/><G128/><T93/><D105/><U62/><N who="1" m="25600" /><DORA hai="131" /><U7/><E132/><RYUUKYOKU ba="0,1" sc="250,-10,250,-10,240,30,250,-10" hai2="0,3,8,14,49,51,52,53,56,58,76,80,85" /><INIT seed="1,1,1,5,5,94" ten="240,240,270,240" oya="1" hai0="84,24,127,98,124,15,81,35,80,109,88,123,9" hai1="130,78,63,108,97,31,58,26,14,32,42,77,3" hai2="27,86,18,34,103,115,46,104,70,11,92,87,117" hai3="121,0,22,69,110,129,72,20,135,126,93,131,114"/><U28/><E3/><V120/><F117/><W91/><RYUUKYOKU type="yao9" ba="1,1" sc="240,0,240,0,270,0,240,0" hai3="0,20,22,69,72,91,93,110,114,121,126,129,131,135" /><INIT seed="1,2,1,1,1,72" ten="240,240,270,240" oya="1" hai0="51,26,25,53,62,6,64,38,88,98,69,66,109" hai1="60,129,78,31,127,89,50,23,44,110,36,130,76" hai2="123,13,67,15,101,24,120,103,132,135,108,28,20" hai3="21,124,19,45,70,79,35,94,111,48,54,117,91"/><U128/><E127/><V3/><F67/><W97/><G111/><T1/><D38/><U125/><E125/><V42/><F42/><W84/><G124/><T0/><D109/><U85/><E110/><V9/><F108/><W86/><G35/><T7/><D66/><U16/><E60/><V43/><F43/><W61/><G117/><T118/><D0/><U90/><E31/><V102/><F3/><W77/><G61/><T12/><D1/><U83/><E90/><V5/><REACH who="2" step="1"/><F15/><REACH who="2" ten="240,240,260,240" step="2"/><N who="3" m="9471" /><G70/><T87/><D12/><N who="1" m="9607" /><E36/><V39/><F39/><W11/><G11/><T75/><D64/><U133/><E133/><AGARI ba="2,2" hai="5,9,13,20,24,28,101,102,103,120,123,132,133,135" machi="133" ten="40,5200,0" yaku="1,1,20,1,53,1" doraHai="72" doraHaiUra="2" who="2" fromWho="1" sc="240,0,240,-58,260,78,240,0" /><INIT seed="2,0,0,2,0,17" ten="240,182,338,240" oya="2" hai0="78,91,25,118,7,48,2,129,6,37,54,56,125" hai1="99,114,103,0,126,90,134,100,107,79,52,116,95" hai2="111,124,50,16,26,4,82,18,41,66,127,24,22" hai3="3,77,1,63,5,112,85,39,53,110,74,31,76"/><V89/><F111/><W60/><G39/><T21/><D37/><U120/><E114/><V12/><F66/><W115/><G74/><T59/><D129/><U101/><E116/><V43/><F4/><W68/><G110/><T113/><D2/><U9/><E126/><N who="2" m="48171" /><F50/><W83/><G77/><T51/><D78/><U61/><E134/><V42/><F18/><W64/><G31/><T109/><D109/><U92/><E120/><V133/><F133/><W57/><REACH who="3" step="1"/><G5/><REACH who="3" ten="240,182,338,230" step="2"/><T106/><D125/><U105/><E79/><V28/><F28/><W75/><G75/><T58/><D6/><U33/><E33/><V88/><F82/><W13/><G13/><T11/><D7/><U55/><E0/><AGARI ba="0,1" hai="0,1,3,53,57,60,63,64,68,76,83,85,112,115" machi="0" ten="40,1300,0" yaku="1,1,53,0" doraHai="17" doraHaiUra="132" who="3" fromWho="1" sc="240,0,182,-13,338,0,230,23" /><INIT seed="3,0,0,4,5,130" ten="240,169,338,253" oya="3" hai0="89,40,52,7,83,49,62,48,109,58,81,37,5" hai1="122,86,124,82,36,67,55,119,91,11,108,111,75" hai2="15,29,44,1,54,107,35,60,41,65,20,78,18" hai3="66,25,53,17,118,59,87,71,64,112,73,93,131"/><W31/><G112/><T133/><D5/><U103/><E36/><V116/><F116/><W30/><G118/><T57/><D7/><U102/><E119/><V51/><F107/><W85/><G73/><T77/><D89/><U104/><E55/><V94/><F1/><W114/><G131/><T110/><D83/><U79/><E11/><V10/><F35/><W95/><G114/><T126/><D81/><N who="1" m="45311" /><E67/><V32/><F32/><W45/><G45/><N who="0" m="23695" /><D77/><U128/><E128/><V132/><F78/><W80/><G80/><T70/><D126/><U2/><E2/><V22/><F94/><W47/><G47/><T0/><D0/><U96/><E124/><V63/><F29/><W115/><G115/><T101/><D101/><N who="1" m="62503" /><E122/><V68/><F22/><W16/><G53/><N who="0" m="34095" /><D70/><U121/><E121/><V88/><F20/><W13/><G13/><T14/><D14/><U28/><E28/><V27/><F15/><W4/><G4/><T135/><D48/><U46/><E46/><V42/><F44/><W61/><G71/><T12/><D12/><U43/><E43/><V9/><F42/><W105/><G25/><T19/><D19/><U76/><E91/><V99/><F41/><W98/><G31/><T56/><D58/><U72/><E86/><V129/><F18/><W3/><G30/><T69/><D69/><U134/><E134/><AGARI ba="0,0" hai="49,52,56,109,110,133,134,135" m="34095,23695" machi="134" ten="30,12000,2" yaku="20,1,34,2,52,3,54,1" doraHai="130" who="0" fromWho="1" sc="240,120,169,-120,338,0,253,0" owari="360,46.0,49,-45.1,338,13.8,253,-14.7" /></mjloggm>