<mjloggm ver="2.3"><GO type="225" lobby="0"/><UN n0="%77%72%77%72%77%72%77%72" n1="%E3%81%93%E3%81%91%E6%A4%8D%E7%89%A9" n2="%E6%A1%9C%E8%8A%B1%E9%96%83%E3%80%85" n3="%E3%81%99%E3%81%84%E3%81%BE%E3%81%9B%E3%83%BC%E3%82%93" dan="17,17,16,18" rate="2219.37,2134.18,2123.17,2231.49" sx="M,M,M,M"/><TAIKYOKU oya="0"/><INIT seed="0,0,0,4,5,74" ten="250,250,250,250" oya="0" hai0="133,56,71,52,31,134,2,67,95,26,55,111,60" hai1="66,106,108,121,69,9,14,20,85,36,97,98,32" hai2="100,1,57,58,0,54,122,105,15,43,62,129,53" hai3="46,41,7,17,103,109,49,127,124,88,89,59,82"/><T50/><D2/><U16/><E32/><V104/><F122/><W87/><G109/><T78/><D111/><U40/><E108/><V99/><F129/><W37/><G103/><T12/><D12/><U130/><E130/><V11/><F43/><W47/><G59/><T81/><D95/><U77/><E106/><V112/><F112/><W22/><G7/><T51/><D26/><U28/><E121/><V113/><F113/><W83/><G83/><T6/><D31/><U68/><E68/><V96/><F96/><W91/><G127/><T118/><D6/><U19/><E28/><V25/><F25/><W44/><G124/><T63/><D118/><U72/><E72/><V75/><F75/><W27/><REACH who="3" step="1"/><G37/><REACH who="3" ten="250,250,250,240" step="2"/><T21/><D71/><U110/><E69/><V42/><F105/><W13/><G13/><T5/><D5/><U101/><E101/><V117/><F117/><W48/><G48/><T80/><D56/><U120/><E36/><V79/><F1/><W92/><G92/><T125/><D125/><U123/><E110/><V90/><F0/><W10/><G10/><T70/><D70/><U115/><E115/><V119/><F15/><W39/><G39/><T8/><D8/><U4/><E4/><V114/><F11/><W107/><G107/><T132/><D132/><U23/><E120/><V94/><F114/><W76/><AGARI ba="0,1" hai="17,22,27,41,44,46,47,49,76,82,87,88,89,91" machi="76" ten="30,8000,1" yaku="1,1,0,1,8,1,52,1,54,1,53,0" doraHai="74" doraHaiUra="135" who="3" fromWho="3" sc="250,-40,250,-20,250,-20,240,90" /><INIT seed="1,0,0,4,1,105" ten="210,230,230,330" oya="1" hai0="109,16,26,42,70,85,43,72,93,32,79,84,112" hai1="127,114,46,64,121,100,119,113,12,98,9,73,33" hai2="18,34,91,90,101,0,36,55,22,115,57,71,49" hai3="58,65,10,4,74,15,31,134,89,88,19,97,124"/><U117/><E64/><V47/><F34/><W86/><G74/><T35/><D112/><N who="1" m="43115" /><E46/><V129/><F115/><W8/><G134/><T120/><D70/><U21/><E73/><V126/><F126/><W118/><G124/><T67/><D67/><U132/><E98/><V17/><F129/><W40/><G31/><T1/><D1/><U87/><E100/><V123/><F123/><W106/><G118/><N who="1" m="45066" /><E87/><V81/><F0/><W11/><G40/><T83/><D109/><U52/><E52/><N who="2" m="29759" /><F36/><W82/><G4/><T131/><D131/><U59/><E59/><V68/><F68/><W110/><G110/><T27/><D120/><U5/><E127/><V25/><F101/><W54/><G65/><T102/><D102/><U111/><E111/><V45/><F45/><W99/><G106/><T75/><D93/><U125/><E125/><V13/><F81/><W116/><G116/><T37/><D83/><U107/><E107/><V56/><F71/><W51/><G89/><N who="2" m="33801" /><F55/><W94/><G82/><T30/><D79/><U20/><E121/><V38/><F38/><W62/><G62/><T61/><D61/><U128/><E128/><V3/><F3/><W24/><G99/><T63/><D63/><U41/><E41/><V96/><F96/><W133/><G97/><T6/><D37/><U48/><E132/><V77/><F77/><W44/><G133/><T135/><D135/><U28/><E48/><V130/><F130/><W122/><G122/><T92/><D42/><U108/><E108/><V29/><F29/><W60/><G60/><T95/><D43/><U104/><E104/><RYUUKYOKU ba="0,0" sc="210,-15,230,15,230,15,330,-15" hai1="5,9,12,20,21,28,33" hai2="13,17,18,22,25,56,57" /><INIT seed="1,1,0,5,3,98" ten="195,245,245,315" oya="1" hai0="121,132,48,43,110,34,113,128,16,58,114,108,31" hai1="46,66,75,87,89,47,84,12,3,60,44,106,125" hai2="13,68,99,17,29,120,119,26,116,102,40,23,107" hai3="122,101,7,35,90,5,54,2,41,76,22,45,69"/><U92/><E3/><V32/><F120/><W85/><G35/><T50/><D34/><U51/><E75/><V21/><F40/><W100/><G69/><T33/><D33/><U0/><E0/><V64/><REACH who="2" step="1"/><F21/><REACH who="2" ten="195,245,235,315" step="2"/><W134/><G22/><T129/><D43/><U109/><E109/><N who="0" m="42089" /><D31/><U81/><E125/><V55/><F55/><W93/><G54/><N who="0" m="32071" /><D121/><U133/><E133/><V52/><F52/><W14/><G134/><T15/><D132/><U117/><E117/><V27/><F27/><W57/><G122/><T86/><D50/><U95/><E51/><V18/><F18/><W25/><G41/><T97/><D86/><U103/><E87/><V28/><F28/><W9/><G85/><T111/><N who="0" m="42097" /><T123/><DORA hai="131" /><D123/><U59/><REACH who="1" step="1"/><E12/><REACH who="1" ten="195,235,235,315" step="2"/><V82/><F82/><W130/><G14/><T88/><D15/><U118/><E118/><V78/><F78/><W74/><G76/><T56/><D128/><U24/><E24/><V61/><AGARI ba="1,2" hai="13,17,23,26,29,32,61,64,68,99,102,107,116,119" machi="61" ten="30,8000,1" yaku="1,1,0,1,25,2,52,1,53,0" doraHai="98,131" doraHaiUra="4,135" who="2" fromWho="2" sc="195,-21,235,-41,235,103,315,-21" /><INIT seed="2,0,0,0,2,116" ten="174,194,338,294" oya="2" hai0="83,111,34,77,64,80,101,43,12,4,23,73,107" hai1="60,44,109,103,130,102,134,26,100,59,68,93,30" hai2="36,32,104,98,79,129,106,122,123,84,51,99,57" hai3="127,46,131,133,74,94,38,105,58,3,119,13,17"/><V85/><F36/><W42/><G105/><N who="2" m="40553" /><F51/><W47/><G119/><T20/><D111/><U113/><E109/><V2/><F57/><W45/><G127/><T35/><D64/><U67/><E130/><V110/><F110/><W117/><G131/><T114/><D114/><U53/><E134/><V0/><F32/><W56/><G133/><T71/><D71/><U69/><E113/><V72/><F129/><W31/><G74/><T124/><D43/><U82/><E82/><N who="2" m="45415" /><F2/><W14/><G3/><T90/><D124/><U112/><E112/><V61/><F61/><W78/><G42/><T121/><D121/><N who="2" m="46090" /><F0/><W37/><G37/><T65/><D34/><U11/><E11/><V96/><AGARI ba="0,0" hai="84,85,96,98,99" m="46090,45415,40553" machi="96" ten="40,12000,1" yaku="34,2,52,3" doraHai="116" who="2" fromWho="2" sc="174,-40,194,-40,338,120,294,-40" /><INIT seed="2,1,0,1,5,24" ten="134,154,458,254" oya="2" hai0="39,18,43,124,13,72,89,126,90,73,108,85,10" hai1="40,47,71,33,66,37,21,98,64,107,5,36,104" hai2="135,8,65,62,76,119,132,100,88,131,129,84,30" hai3="9,97,94,56,79,45,118,114,51,113,2,67,68"/><V52/><F119/><W44/><G118/><T111/><D43/><U54/><E33/><V60/><F100/><W49/><G79/><T109/><D39/><U120/><E120/><V25/><F76/><W86/><G86/><T77/><D77/><U57/><E5/><V115/><F115/><W63/><G9/><T105/><D105/><U46/><E21/><N who="2" m="15663" /><F8/><W134/><G2/><T96/><D96/><U128/><E98/><V0/><F0/><W127/><G127/><N who="0" m="48683" /><D89/><U59/><E128/><N who="2" m="49227" /><F52/><W91/><G114/><T122/><D122/><U110/><E110/><N who="0" m="28161" /><T1/><DORA hai="22" /><D1/><U15/><E107/><V102/><F102/><W23/><G97/><T58/><D58/><U70/><E104/><V12/><F12/><W55/><G56/><N who="1" m="21578" /><E15/><V103/><F103/><W83/><G113/><T116/><D116/><U16/><E16/><V20/><F62/><W4/><G63/><T17/><D18/><U125/><E125/><V26/><F60/><W50/><G50/><T133/><D133/><U27/><E27/><V87/><F87/><W74/><G134/><T19/><D19/><U42/><E54/><V61/><F61/><W95/><G55/><T69/><D69/><AGARI ba="1,0" hai="36,37,40,42,46,47,64,66,69,70,71" m="21578" machi="69" ten="30,8000,1" yaku="35,5" doraHai="24,22" who="1" fromWho="0" sc="134,-83,154,83,458,0,254,0" /><INIT seed="3,0,0,2,3,15" ten="51,237,458,254" oya="3" hai0="80,102,11,34,18,24,129,14,122,81,76,61,59" hai1="110,125,118,1,133,92,42,45,27,7,21,60,135" hai2="104,83,72,77,66,70,65,91,86,78,32,40,3" hai3="111,95,38,127,121,113,85,130,67,63,109,89,37"/><W53/><G121/><T51/><D122/><U23/><E110/><N who="3" m="41994" /><G113/><T6/><D129/><U57/><E125/><V98/><F3/><W124/><G130/><T5/><D102/><U29/><E118/><V47/><F32/><W97/><G53/><T16/><D34/><U79/><E79/><V114/><F114/><W55/><G55/><T33/><D33/><U74/><E74/><V112/><F112/><W35/><G35/><T46/><D24/><U96/><E7/><V31/><F31/><W12/><G12/><T123/><D123/><U0/><E23/><V94/><F70/><N who="3" m="42367" /><G97/><T30/><D30/><U10/><E10/><V93/><F104/><W17/><G17/><T120/><D120/><U13/><E13/><V101/><F78/><W52/><G52/><T48/><D5/><U56/><E56/><V100/><F100/><W71/><G71/><T19/><D46/><U58/><E58/><V105/><F105/><W2/><G2/><T128/><D128/><U26/><E27/><V49/><AGARI ba="0,0" hai="40,47,49,65,66,72,77,83,86,91,93,94,98,101" machi="49" ten="20,1500,0" yaku="0,1,7,1" doraHai="15" who="2" fromWho="2" sc="51,-4,237,-4,458,15,254,-7" owari="47,-45.3,233,-16.7,473,57.3,247,4.7" /></mjloggm>