<mjloggm ver="2.3"><GO type="225" lobby="0"/><UN n0="%E8%B1%86%59%E5%A4%AA%E9%83%8E" n1="%72%69%6F%75%63%68%61%6E" n2="%61%69%73%79%6F" n3="%E3%81%B5%E3%81%98%E3%81%8B%E3%81%A4" dan="16,17,17,16" rate="2081.38,2240.25,2211.76,2165.67" sx="M,M,M,M"/><TAIKYOKU oya="0"/><INIT seed="0,0,0,1,5,20" ten="250,250,250,250" oya="0" hai0="60,41,4,33,74,3,40,130,15,116,22,25,67" hai1="134,72,91,52,65,90,62,80,133,64,26,44,54" hai2="28,38,8,104,110,95,1,35,29,99,100,12,36" hai3="0,57,5,32,102,69,63,18,98,34,83,127,109"/><T115/><D116/><U88/><E26/><V75/><F110/><W59/><G127/><T125/><D74/><U39/><E39/><V23/><F75/><W56/><G109/><T61/><D61/><U27/><E27/><V103/><F35/><W93/><G83/><T49/><D49/><U135/><E44/><V47/><F1/><W107/><G18/><N who="0" m="10591" /><D115/><U89/><N who="1" m="22528" /><DORA hai="55" /><U45/><E45/><V111/><F111/><W50/><G50/><T85/><D85/><U68/><E64/><V96/><F23/><W17/><G17/><T81/><D81/><U128/><E128/><V13/><F13/><W77/><G77/><AGARI ba="0,0" hai="52,54,62,65,68,72,77,80,133,134,135" m="22528" machi="77" ten="60,7700,0" yaku="20,1,54,2" doraHai="20,55" who="1" fromWho="3" sc="250,0,250,77,250,0,250,-77" /><INIT seed="1,0,0,3,1,123" ten="250,327,250,173" oya="1" hai0="103,95,30,29,122,70,58,111,11,18,108,45,65" hai1="67,100,37,104,88,4,121,134,16,110,28,19,96" hai2="26,74,13,33,90,78,20,39,59,56,81,62,119" hai3="132,47,75,83,87,51,107,12,112,109,64,38,53"/><U10/><E110/><N who="0" m="42025" /><D70/><U40/><E121/><V48/><F39/><W55/><G112/><T102/><D45/><U41/><E134/><V31/><F119/><W135/><G109/><T7/><D18/><U57/><E28/><N who="0" m="10857" /><D95/><N who="1" m="56423" /><E100/><V98/><F33/><W117/><G38/><T76/><D76/><U9/><E104/><V93/><F13/><W130/><G107/><T44/><D44/><U120/><E120/><V3/><F3/><W99/><G117/><T42/><D42/><N who="1" m="16491" /><E37/><V89/><F59/><W36/><G36/><T34/><D34/><U92/><E92/><V105/><F105/><W126/><G135/><T21/><D21/><U73/><E73/><V86/><F74/><W6/><G75/><T46/><D46/><U79/><E79/><V91/><REACH who="2" step="1"/><F48/><REACH who="2" ten="250,327,240,173" step="2"/><W72/><G51/><T94/><D122/><U43/><E4/><V68/><F68/><W115/><G6/><T35/><D35/><U17/><E43/><V114/><F114/><W22/><G72/><T128/><D58/><U25/><E25/><V1/><F1/><W15/><G115/><T116/><D116/><U69/><E69/><V49/><F49/><W84/><G132/><T85/><D11/><U32/><E32/><V14/><F14/><W77/><G12/><T82/><D7/><U0/><E0/><V63/><F63/><AGARI ba="0,1" hai="9,10,16,17,19,57,63,67" m="16491,56423" machi="63" ten="30,5800,0" yaku="8,1,54,2" doraHai="123" who="1" fromWho="2" sc="250,0,327,68,240,-58,173,0" /><INIT seed="1,1,0,2,5,38" ten="250,395,182,173" oya="1" hai0="117,31,98,105,75,25,94,54,78,118,83,121,111" hai1="130,129,28,107,48,88,3,72,110,4,44,1,16" hai2="64,46,15,0,30,80,82,65,42,84,24,39,50" hai3="90,119,51,9,56,92,125,81,74,133,62,131,104"/><U115/><E115/><V79/><F0/><W57/><G125/><T22/><D121/><U55/><E107/><V47/><F80/><W93/><G104/><T60/><D111/><U91/><E72/><V18/><F18/><W2/><G133/><T52/><D105/><U135/><E135/><V10/><F10/><W123/><G123/><T33/><D33/><U134/><E134/><V53/><REACH who="2" step="1"/><F15/><REACH who="2" ten="250,395,172,173" step="2"/><W11/><G9/><T67/><D117/><U5/><E16/><V112/><F112/><W102/><G11/><T87/><D75/><U71/><E1/><V127/><F127/><W7/><G2/><T13/><D13/><U37/><E3/><V14/><F14/><W101/><G81/><T63/><D118/><U89/><E110/><V17/><F17/><W32/><G119/><T69/><D63/><U8/><E8/><V43/><F43/><W34/><G62/><T27/><REACH who="0" step="1"/><D27/><REACH who="0" ten="240,395,172,173" step="2"/><U73/><E73/><V128/><F128/><W76/><G131/><T103/><AGARI ba="1,2" hai="22,25,31,52,54,60,67,69,78,83,87,94,98,103" machi="103" ten="20,8000,1" yaku="1,1,2,1,0,1,7,1,54,1,53,0" doraHai="38" doraHaiUra="100" who="0" fromWho="0" sc="240,103,395,-41,172,-21,173,-21" /><INIT seed="2,0,0,3,3,113" ten="343,354,151,152" oya="2" hai0="51,18,125,76,87,102,55,64,72,82,114,63,45" hai1="37,20,41,95,121,77,56,97,60,38,115,33,5" hai2="22,131,101,10,25,4,42,36,14,127,120,94,31" hai3="116,3,118,61,134,91,78,86,35,12,32,105,83"/><V49/><F120/><W11/><G105/><T28/><D114/><U126/><E115/><V128/><F36/><W59/><G3/><T17/><D125/><U21/><E121/><V26/><F101/><W84/><G134/><T54/><D102/><U34/><E126/><V92/><F127/><W129/><G129/><N who="2" m="49737" /><F42/><W109/><G109/><T66/><D28/><U43/><E77/><V106/><F106/><W58/><G58/><N who="0" m="35295" /><D72/><U93/><E5/><V89/><F49/><W79/><G79/><T103/><D103/><U24/><E56/><V68/><F68/><W81/><G32/><N who="1" m="12394" /><E60/><V104/><F104/><W7/><REACH who="3" step="1"/><G35/><REACH who="3" ten="343,354,151,142" step="2"/><T50/><D66/><AGARI ba="0,1" hai="7,11,12,59,61,66,78,81,83,84,86,91,116,118" machi="66" ten="30,8000,1" yaku="1,1,2,1,7,1,52,2,53,0" doraHai="113" doraHaiUra="69" who="3" fromWho="0" sc="343,-80,354,0,151,0,142,90" /><INIT seed="3,0,0,1,0,115" ten="263,354,151,232" oya="3" hai0="118,41,9,97,52,55,40,8,109,30,78,64,106" hai1="91,35,128,99,134,123,18,29,89,104,5,105,63" hai2="126,88,42,90,120,110,51,21,39,114,127,75,62" hai3="111,47,38,81,101,61,86,26,92,10,22,67,1"/><W112/><G112/><T103/><D109/><U107/><E123/><V69/><F114/><W133/><G133/><T84/><D118/><U48/><E134/><V135/><F75/><W113/><G113/><T31/><D64/><U116/><E128/><V3/><F135/><W11/><G111/><T25/><D78/><U124/><E5/><V60/><F3/><W45/><G38/><T108/><D84/><U27/><E116/><V15/><F39/><W96/><G1/><T87/><D87/><U53/><E124/><V23/><F120/><W33/><G11/><T49/><D31/><U130/><E130/><V32/><F32/><W94/><G94/><T0/><D55/><U102/><E63/><V7/><F110/><W13/><G33/><T24/><D24/><U28/><E29/><V131/><F69/><W80/><G80/><T2/><D2/><U20/><E105/><V74/><F74/><W57/><G13/><T77/><D77/><U16/><E107/><V58/><F131/><W44/><G10/><N who="0" m="4203" /><D0/><U68/><E68/><V66/><F127/><W79/><G44/><N who="0" m="27687" /><D108/><U14/><E18/><AGARI ba="0,0" hai="18,22,26,45,47,57,61,67,79,81,86,92,96,101" machi="18" ten="30,2900,0" yaku="7,1,8,1" doraHai="115" who="3" fromWho="1" sc="263,0,354,-29,151,0,232,29" /><INIT seed="3,1,0,4,1,108" ten="263,325,151,261" oya="3" hai0="38,85,118,113,47,84,16,55,75,123,99,25,98" hai1="11,52,33,100,74,56,36,51,21,125,96,44,4" hai2="93,0,110,18,37,14,134,112,69,76,29,116,130" hai3="53,7,114,119,115,126,94,111,67,30,83,63,122"/><W61/><G94/><T32/><D75/><U131/><E33/><V88/><F69/><N who="3" m="42223" /><G83/><T58/><D123/><U3/><E74/><V78/><F37/><W35/><G7/><T80/><D118/><U9/><E131/><V50/><F116/><W24/><G53/><T132/><D113/><N who="3" m="43017" /><G119/><T6/><D6/><U73/><E73/><V107/><F107/><W5/><G111/><T77/><D132/><U124/><E11/><V127/><F134/><W135/><G135/><T68/><D68/><U120/><E120/><V39/><F0/><W104/><G122/><T1/><D1/><U133/><E133/><V54/><F110/><W43/><G43/><T121/><D85/><U12/><E3/><V15/><F130/><W8/><G63/><T90/><D90/><U129/><E129/><V48/><F112/><W87/><G87/><T71/><D71/><U97/><E21/><N who="2" m="11479" /><F39/><W64/><G64/><T42/><D121/><U95/><REACH who="1" step="1"/><E96/><REACH who="1" ten="263,315,151,261" step="2"/><N who="2" m="57383" /><F127/><W45/><G126/><T82/><D99/><U49/><E49/><N who="2" m="19051" /><F54/><W34/><G34/><T23/><D32/><U27/><E27/><V106/><F106/><W20/><G104/><T2/><D98/><U28/><E28/><V91/><F29/><W13/><G35/><T92/><D2/><U79/><E79/><N who="2" m="30251" /><F91/><W65/><G45/><T101/><D77/><U57/><E57/><V70/><F70/><W86/><G65/><T117/><D117/><U102/><E102/><V59/><F59/><W60/><G30/><T105/><D101/><U19/><E19/><V103/><F103/><W62/><G86/><T22/><D84/><RYUUKYOKU ba="1,1" sc="263,-30,315,10,151,10,261,10" hai1="4,9,12,36,44,51,52,56,95,97,100,124,125" hai2="15" hai3="5,8,13,20,24,60,62" /><INIT seed="3,2,1,5,0,123" ten="233,325,161,271" oya="3" hai0="69,91,119,37,40,32,1,80,107,87,93,65,39" hai1="86,72,6,98,35,42,58,75,129,2,27,13,130" hai2="70,41,9,78,116,4,106,121,19,7,84,16,3" hai3="49,88,82,50,61,127,102,105,44,120,67,124,77"/><W59/><G120/><T11/><D32/><U63/><E2/><V17/><F116/><W21/><G21/><T101/><D107/><U53/><E42/><V95/><F106/><W52/><G105/><T79/><D101/><U92/><E86/><V66/><F121/><W28/><G102/><T48/><D65/><U132/><E132/><V115/><F41/><N who="3" m="24719" /><G28/><T89/><D69/><U36/><E36/><V133/><F133/><W22/><G22/><T118/><D91/><N who="1" m="55583" /><E6/><V128/><F7/><W111/><G111/><T108/><D108/><U64/><E13/><V34/><F34/><W8/><G8/><T135/><D135/><U5/><E5/><V112/><F128/><N who="1" m="49257" /><E64/><V74/><F74/><N who="3" m="43319" /><G88/><T131/><D131/><U45/><E45/><V113/><F95/><W97/><G97/><N who="0" m="57519" /><D39/><U110/><E110/><V25/><F25/><W14/><G14/><T73/><D37/><U114/><E114/><V90/><F90/><W47/><G124/><T60/><D73/><U0/><E0/><V62/><REACH who="2" step="1"/><F113/><REACH who="2" ten="233,325,151,271" step="2"/><W23/><G127/><T43/><D118/><U68/><E35/><V85/><F85/><W117/><G117/><T46/><D119/><U15/><E27/><V109/><F109/><W76/><G76/><T18/><D40/><U20/><E75/><V10/><F10/><W71/><G23/><T99/><D99/><U56/><E72/><V31/><F31/><W26/><G26/><T83/><D83/><AGARI ba="2,2" hai="3,4,9,16,17,19,62,66,70,78,83,84,112,115" machi="83" ten="40,2600,0" yaku="1,1,54,1,53,0" doraHai="123" doraHaiUra="134" who="2" fromWho="0" sc="233,-32,325,0,151,52,271,0" owari="201,-29.9,325,42.5,203,-19.7,271,7.1" /></mjloggm>