<mjloggm ver="2.3"><GO type="225" lobby="0"/><UN n0="%E3%83%AC%E3%82%A4%E3%83%88%E3%83%B3%E5%87%86%E6%95%99%E6%8E%88" n1="%E5%B8%86%E7%AB%8B%E5%A4%8F%E8%A1%A3" n2="%72%69%6F%75%63%68%61%6E" n3="%E7%9A%AE%E3%80%85" dan="18,17,16,16" rate="2218.80,2173.94,2199.39,2089.95" sx="M,M,M,M"/><TAIKYOKU oya="0"/><INIT seed="0,0,0,0,2,126" ten="250,250,250,250" oya="0" hai0="36,117,66,84,132,12,2,41,98,21,53,101,23" hai1="67,46,34,128,96,119,63,73,79,110,56,37,16" hai2="122,51,39,87,7,83,1,19,103,14,30,58,124" hai3="44,78,113,107,90,50,131,135,97,125,86,62,70"/><T43/><D117/><U108/><E119/><V104/><F124/><W80/><G125/><T27/><D2/><U129/><E34/><V32/><F122/><W0/><G113/><T100/><D132/><U3/><E3/><V24/><F39/><W130/><G0/><T8/><D66/><U61/><E96/><V118/><F118/><W26/><G135/><T106/><D100/><U4/><E4/><V116/><F116/><W10/><G10/><T89/><D53/><N who="1" m="33935" /><E16/><V54/><F103/><N who="3" m="62959" /><G26/><T102/><D102/><U47/><E79/><V72/><F72/><W111/><G111/><N who="1" m="42538" /><E73/><V33/><F104/><W77/><G62/><T28/><D23/><U109/><N who="1" m="42546" /><U59/><DORA hai="85" /><E37/><V40/><F33/><W25/><G25/><T88/><D36/><U99/><E99/><V93/><F1/><W76/><G70/><T6/><REACH who="0" step="1"/><D89/><REACH who="0" ten="240,250,250,250" step="2"/><U114/><E114/><V64/><F32/><W133/><G133/><T74/><D74/><U5/><E5/><V115/><F7/><W35/><G35/><T69/><D69/><U71/><E71/><V22/><F115/><W57/><G90/><T13/><D13/><U31/><E31/><V120/><F14/><W52/><G77/><T29/><D29/><U9/><E9/><V38/><F30/><W49/><G78/><T65/><D65/><U18/><E18/><V105/><F64/><W17/><G17/><T11/><D11/><U92/><E67/><V15/><F15/><W95/><G95/><AGARI ba="0,1" hai="6,8,12,21,27,28,41,43,84,88,95,98,101,106" machi="95" ten="30,11600,0" yaku="1,1,7,1,52,1,54,1,53,0" doraHai="126,85" doraHaiUra="121,68" who="0" fromWho="3" sc="240,126,250,0,250,0,250,-116" /><INIT seed="0,1,0,5,1,94" ten="366,250,250,134" oya="0" hai0="130,13,55,30,18,49,134,86,10,46,76,3,37" hai1="25,68,11,115,64,34,29,38,8,113,5,80,96" hai2="47,128,84,132,121,66,6,16,33,77,105,131,119" hai3="127,9,24,59,91,2,58,125,70,100,57,129,99"/><T87/><D130/><N who="2" m="49706" /><F121/><W36/><G129/><T135/><D37/><U133/><E38/><V92/><F33/><W60/><G36/><T41/><D30/><U56/><E68/><V39/><F105/><W75/><G75/><T78/><D3/><U32/><E133/><N who="0" m="50697" /><D41/><U51/><E34/><V14/><F132/><W53/><G91/><T17/><D17/><U21/><E32/><V12/><F119/><W123/><G123/><T48/><D48/><U19/><E80/><N who="2" m="47119" /><F66/><W28/><G9/><T61/><D61/><N who="1" m="37927" /><E51/><V22/><F92/><W116/><G2/><T83/><D78/><U97/><E19/><V72/><F72/><AGARI ba="1,0" hai="10,13,18,46,49,55,72,76,83,86,87" m="50697" machi="72" ten="30,1500,0" yaku="20,1" doraHai="94" who="0" fromWho="2" sc="366,18,250,0,250,-18,134,0" /><INIT seed="0,2,0,5,5,130" ten="384,250,232,134" oya="0" hai0="62,28,37,96,43,82,44,76,66,123,99,26,14" hai1="67,57,68,88,6,7,2,109,131,86,81,125,55" hai2="16,113,8,0,80,61,15,35,107,70,48,21,40" hai3="106,17,18,84,85,78,90,71,59,58,128,93,117"/><T119/><D119/><U51/><E131/><V111/><F113/><W63/><G128/><T108/><D123/><U31/><E125/><V75/><F111/><W45/><G117/><T42/><D42/><U92/><E109/><V89/><F107/><W23/><G106/><T100/><D14/><U129/><E129/><V79/><F35/><W101/><G101/><T94/><D96/><U20/><E2/><V9/><F0/><W65/><G45/><T1/><D1/><U72/><E68/><V27/><F89/><W10/><G10/><T25/><D28/><U120/><E120/><V52/><F40/><W46/><G46/><T32/><D32/><U124/><E67/><V122/><F122/><W64/><G71/><T135/><D135/><U102/><E124/><V114/><F114/><W103/><G103/><T126/><D126/><U133/><E133/><V132/><F132/><W69/><G69/><T53/><D53/><U38/><E38/><V19/><F8/><W11/><G11/><T105/><D105/><U121/><E121/><V98/><F98/><W50/><G23/><T24/><D108/><U73/><E73/><V112/><F112/><W83/><REACH who="3" step="1"/><G50/><REACH who="3" ten="384,250,232,124" step="2"/><T134/><D134/><U29/><E102/><V118/><F118/><W36/><G36/><T110/><D110/><U22/><E22/><V60/><F70/><W34/><G34/><T30/><D37/><U127/><E127/><V95/><F95/><W47/><G47/><AGARI ba="2,1" hai="9,15,16,19,21,27,47,48,52,60,61,75,79,80" machi="47" ten="30,3900,0" yaku="7,1,54,2" doraHai="130" who="2" fromWho="3" sc="384,0,250,0,232,55,124,-45" /><INIT seed="1,0,0,4,1,73" ten="384,250,287,79" oya="1" hai0="109,79,98,90,63,121,52,119,96,65,91,18,35" hai1="62,126,41,99,87,85,38,15,77,124,58,94,67" hai2="11,82,122,47,22,106,31,123,71,55,29,113,97" hai3="83,45,68,23,46,114,81,134,115,86,25,72,30"/><U118/><E118/><V70/><F113/><W49/><G68/><T40/><D119/><U33/><E33/><V50/><F11/><W27/><G134/><T104/><D35/><U130/><E130/><V37/><F37/><W8/><G8/><T69/><D109/><U19/><E38/><V88/><F70/><W3/><G3/><T92/><D40/><U1/><E41/><V75/><F71/><W34/><G72/><T14/><D121/><U125/><E1/><V105/><F106/><W56/><G56/><T4/><D4/><U9/><REACH who="1" step="1"/><E77/><REACH who="1" ten="384,240,287,79" step="2"/><V13/><F123/><W74/><G74/><T6/><D79/><U24/><E24/><V76/><F122/><W101/><G101/><AGARI ba="0,1" hai="9,15,19,58,62,67,85,87,94,99,101,124,125,126" machi="101" ten="40,3900,0" yaku="1,1,18,1,53,0" doraHai="73" doraHaiUra="117" who="1" fromWho="3" sc="384,0,240,49,287,0,79,-39" /><INIT seed="1,1,0,5,5,103" ten="384,289,287,40" oya="1" hai0="126,117,111,114,32,90,45,50,97,21,128,74,41" hai1="64,91,130,53,4,37,28,12,99,2,120,25,10" hai2="11,60,127,33,52,94,18,16,88,23,61,89,96" hai3="63,135,67,20,1,54,42,121,85,56,55,75,110"/><U68/><E120/><V66/><F33/><W134/><G85/><T84/><D114/><U93/><E130/><V107/><F127/><W79/><G79/><T115/><D115/><U31/><E37/><V59/><F107/><W0/><G75/><T35/><D117/><U36/><E36/><V78/><F78/><W8/><G20/><T71/><D71/><U119/><E119/><V73/><F73/><W26/><G26/><T105/><D126/><U77/><E77/><V29/><F89/><W131/><G8/><T102/><D74/><U40/><E40/><V81/><F81/><W106/><G1/><T118/><D111/><U43/><E43/><V17/><F11/><W46/><G0/><T101/><D118/><U39/><E39/><V125/><F125/><W116/><G116/><T5/><D5/><U113/><E113/><V65/><F60/><W6/><G6/><T80/><D101/><U109/><E109/><V112/><F112/><W62/><G110/><T34/><D21/><U104/><E104/><V72/><F72/><W22/><G22/><T98/><REACH who="0" step="1"/><D97/><REACH who="0" ten="374,289,287,40" step="2"/><U76/><E2/><V58/><REACH who="2" step="1"/><F58/><REACH who="2" ten="374,289,277,40" step="2"/><N who="3" m="35159" /><G106/><T13/><D13/><U133/><E12/><V7/><F7/><W86/><G86/><T92/><D92/><U108/><E4/><V24/><AGARI ba="1,2" hai="16,17,18,23,24,29,52,59,61,65,66,88,94,96" machi="24" ten="30,12000,2" yaku="1,1,0,1,8,1,54,3,53,0" doraHai="103" doraHaiUra="82" who="2" fromWho="2" sc="374,-31,289,-61,277,143,40,-31" /><INIT seed="2,0,0,3,5,34" ten="343,228,420,9" oya="2" hai0="63,102,109,134,41,58,13,121,128,29,16,19,12" hai1="20,82,54,79,37,100,124,26,78,129,127,59,9" hai2="83,77,113,123,81,24,60,68,50,91,112,25,88" hai3="5,23,74,110,47,48,44,106,97,36,135,89,80"/><V49/><F123/><W111/><G23/><T15/><D121/><U62/><E129/><V14/><F14/><W46/><G36/><T86/><D109/><N who="3" m="41481" /><G135/><T94/><D134/><U40/><E37/><V71/><F60/><W51/><G5/><T105/><D128/><U18/><E40/><V38/><F38/><W53/><G74/><T64/><D105/><U28/><E100/><V116/><REACH who="2" step="1"/><F77/><REACH who="2" ten="343,228,410,9" step="2"/><W125/><G125/><T66/><D13/><U42/><E127/><V133/><F133/><W117/><G117/><AGARI ba="0,1" hai="24,25,49,50,68,71,81,83,88,91,112,113,116,117" machi="117" ten="25,18000,2" yaku="1,1,22,2,54,1,53,2" doraHai="34" doraHaiUra="114" who="2" fromWho="3" sc="343,0,228,0,410,190,9,-180" owari="343,14.3,228,-17.2,600,70.0,-171,-67.1" /></mjloggm>