<mjloggm ver="2.3"><GO type="225" lobby="0"/><UN n0="%72%69%6F%75%63%68%61%6E" n1="%E6%81%A5%E6%99%92%E3%81%97" n2="%E3%81%AA%E3%82%81%E3%81%93%E9%9B%80%E5%A3%AB" n3="%E6%A1%9C%E8%8A%B1%E9%96%83%E3%80%85" dan="16,16,16,16" rate="2169.57,2097.45,2055.38,2230.05" sx="M,M,M,M"/><TAIKYOKU oya="0"/><INIT seed="0,0,0,5,2,30" ten="250,250,250,250" oya="0" hai0="9,88,53,127,98,83,28,72,1,34,114,126,93" hai1="62,50,67,89,65,13,113,48,103,39,14,12,95" hai2="134,11,79,106,63,115,118,123,33,8,61,3,23" hai3="29,73,4,56,91,46,27,32,40,19,109,52,38"/><T84/><D114/><U117/><E117/><V128/><F123/><W69/><G109/><T76/><D53/><U133/><E133/><V85/><F106/><W75/><G4/><T74/><D1/><U86/><E39/><V45/><F115/><W7/><G7/><T51/><D9/><U41/><E113/><V47/><F134/><W57/><G69/><T110/><D51/><N who="1" m="19499" /><E41/><V15/><F23/><W6/><G6/><T129/><D110/><U107/><E107/><V60/><F128/><W71/><G57/><T102/><D129/><U120/><E120/><V24/><F3/><W5/><G5/><T70/><D70/><U132/><E132/><V105/><F105/><W35/><G35/><T49/><D49/><U10/><E103/><V17/><F11/><W68/><G91/><T104/><D72/><U130/><E130/><V121/><F121/><W25/><G71/><T16/><D16/><N who="1" m="8215" /><E62/><V122/><F118/><W111/><G68/><T21/><D21/><U77/><E77/><V78/><F78/><W87/><G111/><T2/><D2/><U66/><AGARI ba="0,0" hai="13,14,65,66,67,86,89,95" m="8215,19499" machi="66" ten="30,2000,0" yaku="8,1,54,1" doraHai="30" who="1" fromWho="1" sc="250,-10,250,20,250,-5,250,-5" /><INIT seed="1,0,0,4,2,124" ten="240,270,245,245" oya="1" hai0="54,17,43,23,134,108,2,31,133,24,91,118,115" hai1="79,39,72,34,69,77,10,55,1,28,52,117,48" hai2="9,130,100,56,75,83,90,128,45,116,74,29,64" hai3="76,122,99,132,95,131,37,119,32,50,11,82,89"/><U21/><E117/><V101/><F116/><W126/><G119/><T104/><D118/><RYUUKYOKU type="kaze4" ba="0,0" sc="240,0,270,0,245,0,245,0" /><INIT seed="1,1,0,1,5,3" ten="240,270,245,245" oya="1" hai0="45,126,35,83,82,76,120,119,38,104,1,52,49" hai1="127,97,42,66,103,58,101,77,93,81,118,108,31" hai2="53,51,57,110,116,60,40,133,90,47,132,121,122" hai3="22,95,9,37,96,125,115,36,135,106,134,46,65"/><U128/><E118/><V87/><F116/><W68/><G115/><T107/><D119/><U74/><E127/><V7/><F110/><W113/><G113/><T102/><D126/><U79/><E42/><V86/><F87/><W91/><G125/><T117/><D117/><U89/><E108/><V50/><F7/><W130/><G130/><T5/><D35/><U94/><E128/><V16/><F16/><W88/><G106/><T21/><D120/><U26/><E79/><V25/><F25/><W44/><G22/><T48/><D38/><N who="3" m="14953" /><G91/><T78/><D21/><U92/><E92/><V33/><F33/><W111/><G111/><T27/><D27/><U131/><E131/><V69/><F90/><W24/><G24/><T114/><D114/><U62/><REACH who="1" step="1"/><E94/><REACH who="1" ten="240,260,245,245" step="2"/><V75/><F75/><W124/><G124/><T12/><D78/><U18/><E18/><V13/><F86/><W14/><G95/><T100/><D76/><U72/><E72/><V123/><F13/><W109/><G109/><T0/><D12/><U73/><E73/><V6/><F6/><N who="3" m="3383" /><G88/><T15/><D15/><U85/><E85/><V11/><F11/><W67/><G96/><T61/><D5/><U23/><AGARI ba="1,1" hai="23,26,31,58,62,66,74,77,81,89,93,97,101,103" machi="23" ten="20,7800,0" yaku="1,1,0,1,7,1,53,1" doraHai="3" doraHaiUra="84" who="1" fromWho="1" sc="240,-27,260,91,245,-27,245,-27" /><INIT seed="1,2,0,4,4,63" ten="213,351,218,218" oya="1" hai0="38,95,36,16,29,65,104,10,62,19,123,31,102" hai1="68,86,77,21,120,112,121,99,119,67,44,23,4" hai2="73,126,59,132,79,129,50,75,42,12,72,55,114" hai3="48,116,98,107,47,35,37,51,131,26,108,88,69"/><U93/><E119/><V80/><F129/><W6/><G131/><T52/><D104/><U46/><E112/><V89/><F132/><W74/><G116/><T11/><D123/><U43/><E4/><V92/><F126/><W57/><G108/><T53/><D102/><U82/><E120/><V125/><F125/><W45/><G74/><T90/><D36/><U81/><E121/><V58/><F114/><W8/><G69/><T15/><D38/><U5/><E82/><V96/><F42/><W22/><G35/><T61/><D62/><U0/><E46/><V66/><F12/><W135/><G57/><N who="0" m="37039" /><D19/><U94/><E94/><V118/><F118/><W7/><G107/><T54/><D10/><U9/><E68/><V25/><F25/><W14/><G37/><T134/><D134/><U33/><E33/><V28/><F28/><N who="3" m="17495" /><G6/><T106/><D106/><U127/><E127/><V39/><F39/><W130/><G130/><T97/><AGARI ba="2,0" hai="11,15,16,29,31,52,53,54,90,95,97" m="37039" machi="97" ten="30,7900,0" yaku="8,1,52,1,54,2" doraHai="63" who="0" fromWho="0" sc="213,85,351,-41,218,-22,218,-22" /><INIT seed="2,0,0,2,0,114" ten="298,310,196,196" oya="2" hai0="102,120,113,123,37,32,38,66,84,31,62,29,85" hai1="119,90,73,103,51,104,30,34,48,1,91,22,14" hai2="19,99,112,5,60,25,2,26,79,131,96,125,101" hai3="67,70,111,49,50,97,71,39,132,33,105,69,45"/><V59/><F112/><W35/><G97/><T121/><D113/><U98/><E73/><V65/><F131/><W54/><G105/><T55/><D102/><U82/><E1/><V108/><F125/><W134/><G33/><T135/><D135/><N who="3" m="51753" /><G35/><T63/><D55/><U118/><E34/><V17/><F99/><W87/><G87/><N who="0" m="33355" /><D66/><U41/><E82/><V52/><F79/><W76/><G76/><T74/><D32/><U7/><E30/><N who="0" m="11273" /><D74/><U78/><E78/><V43/><F108/><W42/><G111/><T100/><D100/><U88/><E41/><V129/><F129/><W83/><G83/><T9/><D9/><U115/><E115/><V21/><F43/><W58/><G67/><T133/><D133/><U24/><E24/><V126/><F126/><W86/><G86/><T53/><D53/><U92/><E104/><V107/><F65/><W110/><G110/><T72/><D72/><U89/><E103/><V8/><REACH who="2" step="1"/><F26/><REACH who="2" ten="298,310,186,196" step="2"/><W11/><G11/><T124/><D124/><U47/><E98/><V16/><AGARI ba="0,1" hai="2,5,8,16,17,19,21,25,52,59,60,96,101,107" machi="16" ten="20,18000,2" yaku="1,1,2,1,0,1,7,1,54,2,53,0" doraHai="114" doraHaiUra="81" who="2" fromWho="2" sc="298,-60,310,-60,186,190,196,-60" /><INIT seed="2,1,0,2,2,122" ten="238,250,376,136" oya="2" hai0="75,53,27,48,0,76,61,28,11,120,72,38,126" hai1="1,51,108,55,14,22,78,92,90,77,57,23,95" hai2="88,9,26,60,97,131,29,70,24,115,135,49,94" hai3="52,41,85,4,47,58,32,17,8,63,3,110,114"/><V127/><F115/><W33/><G114/><T79/><D120/><U65/><E1/><V46/><F131/><W86/><G17/><T74/><D38/><U18/><E108/><V6/><F135/><W43/><G43/><T106/><D106/><U133/><E133/><V103/><F127/><W39/><REACH who="3" step="1"/><G110/><REACH who="3" ten="238,250,376,126" step="2"/><T54/><D126/><U15/><E18/><V121/><F121/><W107/><G107/><T67/><D28/><U134/><E134/><V37/><F29/><W2/><G2/><T111/><D0/><U30/><E30/><V98/><F37/><W80/><G80/><T12/><D111/><U116/><E116/><V87/><F70/><W64/><G64/><T69/><D27/><U62/><E65/><V125/><F125/><W84/><AGARI ba="1,1" hai="3,4,8,32,33,39,41,47,52,58,63,84,85,86" machi="84" ten="30,8000,1" yaku="1,1,0,1,54,1,53,2" doraHai="122" doraHaiUra="31" who="3" fromWho="3" sc="238,-21,250,-21,376,-41,126,93" /><INIT seed="3,0,0,0,5,1" ten="217,229,335,219" oya="3" hai0="9,44,53,26,15,108,30,23,89,12,25,63,132" hai1="65,54,84,35,57,47,129,128,82,125,130,59,74" hai2="36,101,7,121,67,118,37,113,107,66,133,24,102" hai3="110,99,52,13,92,34,126,131,21,78,58,112,3"/><W90/><G112/><T0/><D108/><U49/><E35/><V31/><F118/><W41/><G126/><T81/><D132/><U73/><E125/><V109/><F109/><W135/><G110/><T127/><D127/><U93/><E93/><V55/><F113/><W120/><G120/><T42/><D0/><U62/><REACH who="1" step="1"/><E47/><REACH who="1" ten="217,219,335,219" step="2"/><V76/><F121/><W123/><G123/><T77/><D44/><U27/><E27/><V69/><F24/><W51/><G34/><T87/><D25/><U70/><E70/><V119/><F69/><W18/><G131/><T122/><D122/><U28/><E28/><V4/><F31/><W91/><G135/><T96/><D42/><U64/><E64/><V19/><F67/><W56/><G41/><T80/><D96/><U33/><E33/><V115/><F66/><W95/><G3/><T88/><D15/><U117/><E117/><V5/><F119/><W50/><G58/><N who="0" m="35279" /><D80/><U39/><E39/><V10/><F37/><W71/><G71/><T2/><D2/><U29/><E29/><V40/><F36/><W60/><G78/><AGARI ba="0,1" hai="49,54,57,59,62,65,73,74,78,82,84,128,129,130" machi="78" ten="40,8000,1" yaku="1,1,19,1,53,3" doraHai="1" doraHaiUra="124" who="1" fromWho="3" sc="217,0,219,90,335,0,219,-80" owari="217,-18.3,309,10.9,335,43.5,139,-36.1" /></mjloggm>