<mjloggm ver="2.3"><GO type="225" lobby="0"/><UN n0="%E3%81%A9%E3%82%8F%E3%82%93%E3%81%94" n1="%74%61%6B%65%2D%79%6F%75" n2="%33%74%72%65%65" n3="%72%69%6F%75%63%68%61%6E" dan="16,16,17,16" rate="2177.98,2160.96,2207.85,2204.57" sx="M,M,F,M"/><TAIKYOKU oya="0"/><INIT seed="0,0,0,1,3,117" ten="250,250,250,250" oya="0" hai0="53,95,87,125,88,90,124,115,80,14,5,108,47" hai1="64,123,73,72,32,60,6,28,135,67,69,59,132" hai2="50,74,54,3,131,119,39,29,89,1,11,68,55" hai3="15,61,65,99,57,98,75,91,13,41,17,33,82"/><T120/><D115/><U128/><E128/><V19/><F39/><W35/><G41/><T77/><D5/><U102/><E6/><V92/><F131/><W104/><G13/><T118/><D14/><U127/><E127/><N who="0" m="48713" /><D118/><U107/><E64/><V70/><F3/><W25/><G104/><T93/><D53/><U78/><E59/><V48/><F54/><W81/><G75/><N who="1" m="28746" /><E78/><V130/><F55/><W16/><G33/><T114/><D47/><U66/><E66/><V58/><F1/><W97/><G91/><N who="0" m="53503" /><D114/><U24/><E123/><V94/><F130/><W36/><G36/><T34/><D34/><U20/><E20/><V30/><F119/><W134/><G134/><T96/><D108/><U112/><E112/><V84/><F11/><N who="3" m="6271" /><G35/><T121/><D90/><U10/><E10/><V103/><F89/><W113/><G113/><T116/><D116/><U46/><E46/><V63/><F68/><W106/><G106/><T56/><D56/><U83/><E135/><V43/><F70/><W133/><G133/><T126/><N who="0" m="48721" /><T52/><DORA hai="22" /><D52/><U76/><E132/><V109/><F109/><W42/><G42/><T9/><D9/><U111/><E111/><V45/><F43/><W38/><G38/><T7/><D7/><U100/><E107/><V105/><F105/><W12/><G12/><T4/><D4/><U27/><E27/><V62/><F45/><W51/><G51/><T79/><D79/><U110/><E110/><V21/><F48/><W26/><G26/><T86/><AGARI ba="0,0" hai="77,80,86,88,95,96,120,121" m="53503,48721" machi="86" ten="40,18000,2" yaku="18,1,34,2,52,2,54,1" doraHai="117,22" who="0" fromWho="0" sc="250,180,250,-60,250,-60,250,-60" /><INIT seed="0,1,0,4,1,97" ten="430,190,190,190" oya="0" hai0="37,121,7,41,57,35,22,120,84,13,90,39,50" hai1="14,128,59,130,51,92,110,46,19,56,122,27,44" hai2="89,82,42,10,30,38,71,78,11,67,102,109,115" hai3="48,126,94,132,133,98,83,107,129,53,34,29,2"/><T6/><D35/><U123/><E27/><V118/><F115/><W62/><G2/><T15/><D41/><U124/><E92/><V85/><F109/><W105/><G126/><T114/><D57/><N who="1" m="22091" /><E14/><V28/><F118/><W32/><G129/><N who="1" m="49770" /><E19/><V24/><F78/><W1/><G62/><T111/><D50/><U68/><E110/><V127/><F127/><W25/><G1/><T77/><D77/><U131/><N who="1" m="49778" /><U63/><DORA hai="17" /><E124/><V134/><F134/><W70/><G70/><T45/><D84/><U76/><E76/><V103/><F71/><W104/><G83/><T20/><D111/><U54/><E46/><V112/><F112/><W101/><REACH who="3" step="1"/><G32/><REACH who="3" ten="430,190,190,180" step="2"/><T61/><D114/><U3/><E3/><V125/><F125/><W80/><G80/><T55/><D61/><U69/><E69/><V96/><F82/><W0/><G0/><T58/><D121/><U93/><E93/><V86/><F67/><AGARI ba="1,1" hai="44,51,54,63,67,68,122,123" m="49778,22091" machi="67" ten="40,5200,0" yaku="19,1,34,2" doraHai="97,17" who="1" fromWho="2" sc="430,0,190,65,190,-55,180,0" /><INIT seed="1,0,0,4,3,104" ten="430,255,135,180" oya="1" hai0="105,61,98,89,111,97,128,88,37,39,31,14,81" hai1="78,77,121,48,45,80,120,108,57,52,83,103,125" hai2="32,129,33,49,21,70,102,50,79,112,123,85,29" hai3="36,86,64,40,113,17,134,73,74,27,7,59,1"/><U65/><E125/><V20/><F123/><W100/><G113/><T5/><D111/><U2/><E108/><V18/><F112/><W130/><G100/><T91/><D31/><U107/><E2/><V46/><F129/><W71/><G71/><T122/><D128/><U68/><E68/><V76/><F70/><W67/><G130/><T115/><D115/><U119/><E119/><V99/><F29/><W62/><G64/><T11/><D122/><U4/><E4/><V101/><F85/><W47/><G134/><T124/><D124/><U38/><E107/><V56/><F56/><W34/><G86/><T95/><D61/><U63/><E103/><V23/><F18/><W114/><G114/><T133/><D133/><U15/><E38/><V60/><F21/><W132/><G132/><T22/><D22/><U13/><E120/><V106/><F106/><W9/><REACH who="3" step="1"/><G17/><REACH who="3" ten="430,255,135,170" step="2"/><T53/><D105/><U131/><E121/><V16/><F16/><W109/><G109/><T116/><D98/><U93/><E131/><V90/><F99/><W30/><AGARI ba="0,1" hai="1,7,9,27,30,34,36,40,47,59,62,67,73,74" machi="30" ten="30,8000,1" yaku="1,1,0,1,52,2,53,1" doraHai="104" doraHaiUra="0" who="3" fromWho="3" sc="430,-20,255,-40,135,-20,170,90" /><INIT seed="2,0,0,4,3,124" ten="410,215,115,260" oya="2" hai0="70,120,10,109,0,28,40,22,23,57,81,85,134" hai1="31,64,66,36,111,37,3,52,78,101,74,49,61" hai2="65,27,21,39,72,43,50,119,112,116,56,115,104" hai3="88,8,51,107,1,59,113,48,44,98,32,102,69"/><V105/><F72/><W90/><G69/><T97/><D120/><U4/><E111/><V131/><F21/><W38/><G32/><T18/><D70/><U12/><E3/><V118/><F27/><W106/><G106/><T16/><D109/><U2/><E2/><V75/><F75/><W100/><G113/><N who="2" m="43593" /><F104/><W26/><G102/><T130/><D28/><U71/><E31/><V54/><F105/><W89/><G59/><T133/><D97/><U62/><E101/><V117/><N who="2" m="29696" /><DORA hai="114" /><V47/><F65/><W5/><G26/><T125/><D23/><U127/><E74/><V123/><F123/><W84/><G84/><T82/><D85/><U53/><E66/><V14/><F14/><W45/><G107/><T46/><D22/><U91/><E12/><V76/><F76/><W128/><G90/><T86/><D86/><U67/><E91/><V83/><F83/><W92/><G89/><T11/><D82/><U77/><E67/><V34/><F34/><W15/><G88/><T80/><D81/><U122/><E64/><V30/><F30/><W79/><G15/><T20/><D80/><U135/><E122/><V6/><F6/><W55/><G79/><T60/><D20/><U121/><E121/><V35/><F35/><W108/><G5/><T9/><D0/><U87/><E4/><V13/><F13/><W17/><G1/><T42/><D10/><U99/><E78/><V96/><F96/><W63/><G98/><T126/><D9/><U58/><E99/><V103/><F103/><W129/><G100/><T73/><D11/><U93/><E77/><RYUUKYOKU ba="0,0" sc="410,-10,215,-10,115,30,260,-10" hai2="39,43,47,50,54,56,131" /><INIT seed="2,1,0,1,3,99" ten="400,205,145,250" oya="2" hai0="128,7,11,97,37,8,89,46,98,111,132,39,15" hai1="63,6,100,45,47,25,81,56,70,134,85,93,120" hai2="26,84,76,44,17,86,114,3,16,9,122,87,28" hai3="67,88,135,108,66,109,20,55,43,74,101,50,1"/><V127/><F114/><W83/><G135/><T35/><D132/><U58/><E134/><V34/><F122/><W41/><G1/><T68/><D35/><U33/><E120/><V79/><F127/><W12/><G101/><T21/><D68/><U71/><E6/><V48/><F3/><W42/><G20/><T130/><D111/><N who="3" m="42569" /><G12/><N who="0" m="5151" /><D21/><U14/><E70/><V61/><F61/><W94/><G83/><T40/><D89/><U32/><E71/><V131/><F131/><N who="0" m="50218" /><D39/><U4/><E33/><V49/><F49/><W110/><G74/><T113/><D113/><U0/><E32/><V105/><F105/><W90/><N who="3" m="42577" /><W18/><DORA hai="54" /><G18/><AGARI ba="1,0" hai="11,15,18,37,40,46,97,98" m="50218,5151" machi="18" ten="30,1000,0" yaku="19,1" doraHai="99,54" who="0" fromWho="3" sc="400,13,205,0,145,0,250,-13" /><INIT seed="3,0,0,1,3,101" ten="413,205,145,237" oya="3" hai0="20,111,116,91,22,60,85,110,17,55,37,65,100" hai1="44,123,52,40,13,8,57,98,78,11,16,114,132" hai2="23,103,71,10,27,119,120,135,121,24,29,59,67" hai3="128,49,0,80,74,124,48,105,125,127,73,31,39"/><W99/><G39/><T131/><D116/><U4/><E123/><V15/><F119/><W43/><G0/><T38/><D100/><U87/><E114/><V129/><F71/><W83/><G128/><T18/><D55/><U6/><E132/><V63/><F135/><W126/><G31/><T45/><D131/><U26/><E98/><V30/><F129/><W42/><G127/><T54/><D54/><U28/><E78/><V118/><F118/><W75/><G99/><T97/><D97/><U7/><E87/><V68/><F68/><W47/><G105/><T93/><D22/><N who="1" m="15447" /><E40/><N who="3" m="15402" /><G47/><T34/><D34/><U113/><E44/><V77/><F77/><W82/><AGARI ba="0,0" hai="48,49,73,74,75,80,82,83,124,125,126" m="15402" machi="82" ten="50,12000,1" yaku="29,2,28,2,18,1" doraHai="101" who="3" fromWho="3" sc="413,-40,205,-40,145,-40,237,120" /><INIT seed="3,1,0,4,3,102" ten="373,165,105,357" oya="3" hai0="60,126,89,73,18,100,72,22,130,91,29,92,40" hai1="37,104,111,97,43,50,26,31,134,95,65,135,85" hai2="86,109,7,33,58,5,83,48,121,11,82,54,15" hai3="62,70,112,23,69,110,125,105,13,66,67,16,79"/><W119/><G112/><T27/><D126/><U53/><E111/><V124/><F109/><W63/><G110/><T30/><D130/><U46/><E65/><V38/><F124/><W84/><G125/><T28/><D40/><U24/><E85/><V132/><F132/><N who="1" m="50729" /><E104/><V64/><F121/><W115/><G115/><T101/><D73/><U21/><E26/><V81/><F33/><W128/><G128/><T49/><D72/><U56/><E95/><V103/><F38/><W131/><G131/><T96/><D49/><N who="1" m="30767" /><E97/><V41/><F41/><W108/><G108/><T123/><D123/><U94/><E94/><V74/><F74/><W133/><G133/><T36/><D36/><AGARI ba="1,0" hai="21,24,31,36,37,43,46,50" m="30767,50729" machi="36" ten="30,1000,0" yaku="20,1" doraHai="102" who="1" fromWho="0" sc="373,-13,165,13,105,0,357,0" owari="360,46.0,178,-22.2,105,-39.5,357,15.7" /></mjloggm>