<mjloggm ver="2.3"><GO type="225" lobby="0"/><UN n0="%E5%A4%96%E5%B7%9D%E7%AB%9C%E6%88%90" n1="%37%2F%32%E3%81%AB%E7%94%9F%E3%81%BE%E3%82%8C%E3%81%A6" n2="%E3%81%B2%E3%81%AA%E3%81%AE%E3%82%8A%E3%81%8F" n3="%E3%81%AF%E3%82%88%E3%81%8A%E3%81%98%E3%81%95%E3%82%93" dan="16,17,17,17" rate="2249.72,2144.28,2192.28,2213.97" sx="M,M,M,M"/><TAIKYOKU oya="0"/><INIT seed="0,0,0,3,4,96" ten="250,250,250,250" oya="0" hai0="73,109,83,82,132,41,76,32,47,49,9,36,40" hai1="89,23,18,57,35,48,33,26,126,105,93,2,39" hai2="79,16,77,56,113,84,21,34,78,81,59,123,75" hai3="12,67,92,125,27,135,11,0,97,128,115,19,116"/><T101/><D32/><U37/><E105/><V104/><F123/><W54/><G115/><T110/><D132/><U107/><E107/><V4/><F113/><W65/><G116/><T118/><D118/><U3/><E126/><V7/><F34/><W95/><G125/><T58/><D83/><U114/><E114/><V129/><F129/><W14/><G0/><T117/><D117/><U62/><E33/><V46/><F104/><W10/><G128/><T22/><D22/><U102/><E35/><V90/><F75/><W120/><G120/><T99/><D9/><U111/><E111/><N who="0" m="42505" /><D58/><N who="2" m="22058" /><F46/><W43/><G135/><T130/><D130/><U91/><E48/><V63/><F63/><W51/><G10/><T60/><D60/><U106/><E2/><V5/><F5/><W52/><G11/><T38/><D41/><U42/><E3/><V127/><F127/><W85/><G43/><T20/><D20/><U50/><E106/><AGARI ba="0,0" hai="36,38,40,47,49,73,76,82,99,101,106" m="42505" machi="106" ten="30,5800,0" yaku="14,1,10,1,52,1" doraHai="96" who="0" fromWho="1" sc="250,58,250,-58,250,0,250,0" /><INIT seed="0,1,0,0,1,36" ten="308,192,250,250" oya="0" hai0="123,16,110,48,108,57,83,93,94,28,34,61,31" hai1="5,14,65,109,4,89,52,42,54,113,68,71,66" hai2="12,102,120,56,99,0,69,112,133,7,91,21,22" hai3="135,95,97,17,50,86,88,117,87,79,82,78,3"/><T114/><D114/><U96/><E113/><V132/><F112/><W70/><G117/><T15/><D123/><U20/><E109/><N who="0" m="42089" /><D48/><U55/><E71/><V10/><F69/><W106/><G70/><T131/><D131/><U40/><E68/><V90/><F120/><W100/><G3/><T75/><D75/><U101/><E89/><N who="2" m="33803" /><F56/><W76/><G17/><T103/><D83/><U105/><E20/><V126/><F0/><W33/><G33/><T125/><D125/><U2/><E2/><V35/><F35/><W19/><G19/><T77/><D77/><N who="3" m="29801" /><G50/><T67/><D103/><U1/><E1/><V118/><F126/><W107/><G135/><N who="2" m="51785" /><F118/><W51/><G51/><T74/><D74/><U41/><REACH who="1" step="1"/><E14/><REACH who="1" ten="308,182,250,250" step="2"/><V122/><F122/><W121/><G121/><T38/><D34/><U62/><E62/><V24/><F24/><W26/><G26/><T64/><D61/><U59/><E59/><V111/><F111/><W49/><G49/><T9/><D57/><U29/><E29/><N who="0" m="11337" /><D38/><U80/><E80/><AGARI ba="1,1" hai="79,80,82,86,87,88,95,97,100,106,107" m="29801" machi="80" ten="30,12000,2" yaku="35,5,54,1" doraHai="36" who="3" fromWho="1" sc="308,0,182,-123,250,0,250,133" /><INIT seed="1,0,0,2,2,112" ten="308,59,250,383" oya="1" hai0="113,94,27,36,57,107,19,59,106,100,51,90,44" hai1="53,23,132,92,9,115,40,70,89,71,110,35,10" hai2="133,101,97,85,42,63,76,0,33,20,131,75,1" hai3="117,32,7,54,28,105,73,43,86,129,125,8,5"/><U95/><E115/><V29/><F33/><W62/><G73/><T25/><D113/><U3/><E40/><V69/><F75/><W120/><G120/><T119/><D36/><U31/><E35/><V21/><F131/><W104/><G5/><T134/><D134/><U123/><E123/><V56/><F69/><W91/><G43/><T77/><D77/><U11/><E3/><V82/><F133/><W126/><G129/><T122/><D122/><U52/><E132/><V81/><F81/><W60/><G28/><T99/><D107/><U64/><E110/><V22/><F29/><W72/><G72/><T127/><D127/><N who="3" m="48649" /><G32/><T87/><D19/><U48/><E53/><V68/><F68/><W47/><G117/><T111/><D111/><U84/><E64/><V96/><F96/><W118/><G118/><T65/><D119/><U2/><E2/><V128/><F42/><W15/><G47/><T124/><D124/><U17/><E31/><V114/><F128/><W102/><G102/><T50/><D44/><U18/><E18/><V39/><F39/><W109/><G109/><T66/><D59/><U74/><E74/><V6/><F6/><W55/><G55/><N who="0" m="31991" /><D51/><U88/><E71/><V80/><F114/><W38/><G38/><T16/><D16/><U98/><E70/><V49/><F49/><W108/><G108/><T67/><D100/><U13/><E9/><V135/><F135/><W24/><G24/><T46/><D46/><AGARI ba="0,0" hai="10,11,13,17,23,46,48,52,84,88,89,92,95,98" machi="46" ten="30,11600,0" yaku="7,1,8,1,54,2" doraHai="112" who="1" fromWho="0" sc="308,-116,59,116,250,0,383,0" /><INIT seed="1,1,0,4,2,107" ten="192,175,250,383" oya="1" hai0="76,16,34,89,41,105,47,130,0,106,103,61,17" hai1="15,20,88,36,85,72,35,66,86,59,75,91,87" hai2="99,46,24,31,48,78,55,129,49,117,11,30,65" hai3="57,111,9,71,43,54,102,79,123,62,124,127,5"/><U67/><E36/><V51/><F117/><W21/><G123/><T116/><D116/><U70/><E70/><V104/><F78/><W60/><G111/><T96/><D130/><U128/><E35/><V110/><F110/><W10/><G102/><T92/><D0/><U63/><E128/><V122/><F122/><W93/><G93/><T39/><D34/><U18/><REACH who="1" step="1"/><E66/><REACH who="1" ten="192,165,250,383" step="2"/><V27/><F65/><W126/><G71/><T14/><D76/><U6/><E6/><V81/><F129/><W109/><G79/><T3/><D3/><U37/><E37/><V94/><F31/><W135/><G109/><T12/><D61/><U38/><E38/><V74/><F30/><W98/><G62/><T52/><D52/><U22/><E22/><V97/><F55/><W32/><G21/><T28/><D28/><U80/><E80/><V84/><F81/><W23/><G5/><T112/><D112/><U50/><E50/><V1/><F51/><W119/><G23/><T42/><D42/><U4/><E4/><V125/><F49/><W118/><G43/><T108/><D108/><U100/><E100/><V120/><F48/><W13/><G32/><T133/><D133/><U40/><E40/><V25/><F1/><W45/><G135/><T58/><D58/><U33/><E33/><V56/><F56/><W19/><G119/><T77/><D77/><U132/><E132/><V44/><F120/><W2/><G118/><T83/><D83/><U7/><E7/><V29/><F29/><W134/><G134/><T131/><D131/><U115/><E115/><V68/><F68/><RYUUKYOKU ba="1,1" sc="192,-10,165,30,250,-10,383,-10" hai1="15,18,20,59,63,67,72,75,85,86,87,88,91" /><INIT seed="1,2,1,1,4,102" ten="182,195,240,373" oya="1" hai0="20,49,36,56,91,59,16,99,22,97,68,51,8" hai1="87,54,0,116,83,123,58,23,33,66,32,60,73" hai2="31,110,126,114,86,11,128,96,124,88,21,120,134" hai3="25,98,35,112,27,43,121,48,94,127,79,111,53"/><U85/><E123/><V46/><F120/><W108/><G121/><T5/><D68/><U104/><E116/><V62/><F110/><N who="3" m="42027" /><G112/><T29/><D36/><U39/><E104/><V122/><F122/><W34/><G43/><T106/><D29/><U89/><E73/><V38/><F128/><W103/><G79/><T69/><D69/><U117/><E117/><V84/><F134/><W15/><G15/><N who="0" m="5519" /><D106/><U101/><E101/><V76/><F62/><W113/><G127/><T67/><D22/><U37/><E0/><V72/><F72/><W4/><G4/><T70/><D70/><U107/><E107/><V19/><F31/><W100/><G103/><T118/><D118/><U10/><E10/><V82/><F11/><W17/><G17/><T57/><D67/><U74/><E74/><V71/><F71/><W132/><G113/><T65/><D65/><U131/><E131/><V2/><F2/><W1/><G132/><T28/><D28/><U133/><E133/><V18/><F114/><W55/><G55/><T24/><D91/><U135/><E135/><V30/><F30/><W13/><G13/><T115/><D115/><U14/><E66/><V12/><F19/><W80/><G80/><T130/><D130/><U6/><E6/><V81/><F126/><W90/><G90/><T78/><D78/><N who="1" m="46327" /><E14/><V26/><F124/><W3/><G1/><T7/><D7/><U77/><E23/><V125/><F125/><W129/><G3/><T44/><D51/><U61/><E60/><V45/><F12/><W42/><G129/><T92/><D92/><N who="1" m="54335" /><E77/><V52/><F76/><RYUUKYOKU ba="2,1" sc="182,15,195,15,240,-15,373,-15" hai0="16,20,24,44,49,56,57,59,97,99" hai1="32,33,37,39,54,58,61" /><INIT seed="1,3,1,3,2,16" ten="197,210,225,358" oya="1" hai0="34,40,59,91,123,125,87,105,117,50,51,38,42" hai1="60,100,83,135,0,94,8,93,33,71,120,6,122" hai2="15,52,92,32,1,134,63,97,119,76,116,53,26" hai3="73,131,74,85,115,36,14,11,95,13,132,78,109"/><U128/><E33/><V104/><F104/><W17/><G115/><T62/><D117/><U56/><E71/><V84/><F1/><W103/><G36/><T102/><D34/><U113/><E113/><V75/><F75/><W99/><G109/><T110/><D110/><U118/><E118/><V43/><F43/><N who="0" m="16426" /><D38/><U64/><E128/><V4/><F134/><W106/><G132/><T127/><D123/><U49/><E135/><V35/><F35/><W101/><G131/><T41/><N who="0" m="16434" /><T25/><DORA hai="5" /><D102/><U7/><E6/><V58/><F53/><W19/><G103/><T31/><D105/><U111/><E111/><V112/><F112/><W72/><G106/><T67/><D25/><U44/><E83/><V57/><F57/><W9/><G85/><T3/><D31/><U80/><E80/><AGARI ba="3,1" hai="9,11,13,14,17,19,72,73,74,78,80,95,99,101" machi="80" ten="40,5200,0" yaku="9,1,52,2" doraHai="16,5" who="3" fromWho="1" sc="197,0,210,-61,225,0,358,71" /><INIT seed="2,0,0,5,4,94" ten="197,149,225,429" oya="2" hai0="57,4,69,25,97,28,17,43,15,84,99,55,49" hai1="116,5,11,35,83,107,2,105,79,29,39,37,22" hai2="64,7,54,60,51,9,72,77,76,80,85,8,65" hai3="46,59,67,111,124,50,19,38,81,91,90,3,42"/><V110/><F110/><W108/><G3/><T16/><D69/><U36/><E116/><V1/><F9/><W53/><G124/><T73/><D73/><U93/><E22/><V87/><F76/><W41/><G41/><T95/><D43/><U40/><E93/><V62/><F62/><W34/><G34/><T63/><D63/><U20/><E20/><V88/><F88/><W114/><G114/><T128/><D128/><U21/><E21/><V10/><F8/><W109/><G67/><T74/><D74/><U130/><E40/><V32/><F65/><W104/><G104/><T131/><D131/><U26/><REACH who="1" step="1"/><E130/><REACH who="1" ten="197,139,225,429" step="2"/><V123/><F32/><W44/><G42/><T45/><D28/><U132/><E132/><V78/><F123/><W27/><G109/><T126/><D25/><U30/><E30/><V98/><F10/><W103/><G27/><T101/><D126/><U129/><E129/><V68/><F7/><W12/><G108/><T23/><D4/><U66/><E66/><V89/><F64/><W58/><G111/><T82/><D17/><U120/><E120/><V133/><F133/><W113/><G19/><T70/><D70/><U118/><E118/><V115/><F68/><W13/><G113/><T0/><D0/><U96/><E96/><V125/><F98/><W119/><G119/><T134/><D134/><U121/><E121/><V52/><F1/><W102/><G12/><T86/><D99/><U112/><E112/><V71/><F71/><W117/><G13/><T14/><D14/><U24/><E24/><V92/><F115/><W33/><G117/><RYUUKYOKU ba="0,1" sc="197,-10,139,30,225,-10,429,-10" hai1="2,5,11,26,29,35,36,37,39,79,83,105,107" /><INIT seed="3,1,1,5,1,88" ten="187,169,215,419" oya="3" hai0="23,61,118,30,29,115,63,109,80,101,21,98,64" hai1="22,87,126,59,97,130,99,93,100,41,134,69,112" hai2="123,76,46,66,73,92,14,36,42,27,40,114,113" hai3="116,122,120,18,131,82,110,81,43,58,85,108,52"/><W102/><G131/><T17/><D118/><U57/><E69/><V84/><F73/><W95/><G116/><T129/><D129/><U44/><E130/><V32/><F42/><W124/><G124/><T31/><D109/><N who="3" m="42089" /><G43/><T94/><D115/><U8/><E126/><V83/><F66/><W86/><G18/><T104/><D104/><U90/><E112/><V72/><F72/><W60/><G85/><T51/><D51/><N who="1" m="27023" /><E134/><V107/><F107/><W127/><G127/><T12/><D80/><N who="3" m="30825" /><G86/><T47/><D47/><U65/><E8/><V6/><F46/><W53/><G53/><T4/><D4/><U117/><E117/><V48/><F84/><W125/><G125/><T91/><D64/><U71/><E71/><V77/><F6/><W56/><G58/><N who="1" m="22026" /><E65/><V111/><F114/><W135/><G135/><T24/><D101/><U79/><E79/><V78/><F77/><W128/><G128/><T2/><D2/><U105/><E105/><V38/><F76/><W37/><G37/><T34/><D34/><U25/><E100/><V62/><F78/><W5/><G5/><T103/><D103/><U35/><E35/><V106/><F32/><W50/><G50/><T39/><D39/><U119/><E119/><V75/><F38/><W45/><G45/><T68/><D68/><U9/><E9/><V1/><F36/><W33/><G33/><T15/><D23/><U20/><E22/><V133/><F111/><W132/><G132/><T10/><D10/><U0/><E0/><V3/><F1/><W7/><G7/><T54/><D54/><U70/><E70/><RYUUKYOKU ba="1,1" sc="187,10,169,10,215,-30,419,10" hai0="12,15,17,21,24,29,30,31,61,63,91,94,98" hai1="20,25,87,90,93,97,99" hai3="52,56,60,95,102,120,122" owari="197,-0.3,179,-32.1,185,-21.5,439,53.9" /></mjloggm>