<mjloggm ver="2.3"><GO type="225" lobby="0"/><UN n0="%53%63%61%6E%64%61%6C" n1="%E3%81%BE%E3%81%A8%E3%81%9F" n2="%43%68%65" n3="%72%61%6B%33" dan="16,16,16,16" rate="2096.77,2159.95,2066.62,2233.79" sx="M,M,M,M"/><TAIKYOKU oya="0"/><INIT seed="0,0,0,1,4,124" ten="250,250,250,250" oya="0" hai0="133,132,52,1,117,125,48,112,29,25,53,38,6" hai1="8,21,104,78,107,55,50,122,65,16,86,76,89" hai2="40,23,15,130,99,116,51,134,2,59,103,91,62" hai3="7,128,94,77,64,110,17,46,113,88,44,84,34"/><T111/><D38/><U98/><E122/><V32/><F2/><W100/><G113/><T96/><D112/><U28/><E65/><V3/><F3/><W19/><G110/><T95/><D125/><U68/><E68/><V66/><F32/><W71/><G34/><T22/><D111/><U101/><E107/><V10/><F134/><N who="0" m="51818" /><D117/><U120/><E120/><V30/><F91/><W126/><G126/><T123/><D123/><U115/><E115/><V69/><F130/><W74/><G128/><T63/><D63/><U43/><E28/><V105/><F116/><W0/><G100/><N who="0" m="60447" /><D48/><U36/><E8/><AGARI ba="0,0" hai="1,6,8,22,25,29,52,53" m="60447,51818" machi="8" ten="30,2900,0" yaku="20,1,54,1" doraHai="124" who="0" fromWho="1" sc="250,29,250,-29,250,0,250,0" /><INIT seed="0,1,0,5,4,86" ten="279,221,250,250" oya="0" hai0="78,82,12,22,53,87,71,65,34,73,19,36,40" hai1="51,72,131,88,32,76,33,98,18,97,93,134,20" hai2="6,11,47,135,79,10,119,59,74,21,121,100,64" hai3="42,80,117,41,81,17,108,132,67,62,39,43,31"/><T30/><D53/><U124/><E134/><V9/><F121/><W48/><G117/><T28/><D34/><U77/><E124/><V123/><F123/><W114/><G114/><T3/><D3/><U8/><E131/><V45/><F135/><W68/><G132/><T112/><D112/><U14/><E33/><V89/><F100/><W85/><G108/><T25/><D30/><U94/><E32/><V126/><F126/><W54/><G31/><T27/><D71/><U118/><E118/><V13/><F119/><W58/><G17/><T0/><D65/><U127/><E127/><V75/><F6/><W29/><G29/><T103/><D103/><U111/><E111/><V70/><F70/><W52/><G54/><T91/><D0/><U109/><E109/><V110/><F110/><W115/><G115/><T1/><D1/><U50/><E72/><V23/><F79/><N who="1" m="30281" /><E8/><V44/><F75/><W90/><REACH who="3" step="1"/><G81/><REACH who="3" ten="279,221,250,240" step="2"/><T16/><D28/><U56/><E56/><V120/><F120/><W55/><G55/><T129/><D19/><U130/><E130/><V95/><F74/><W101/><G101/><AGARI ba="1,1" hai="14,18,20,50,51,88,93,94,97,98,101" m="30281" machi="101" ten="30,3900,0" yaku="8,1,52,1,54,1" doraHai="86" who="1" fromWho="3" sc="279,0,221,52,250,0,240,-42" /><INIT seed="1,0,0,1,3,11" ten="279,273,250,198" oya="1" hai0="127,38,58,32,94,98,45,4,130,134,80,93,95" hai1="91,121,14,69,13,109,48,101,111,77,54,107,133" hai2="116,85,64,30,61,52,18,102,105,39,70,71,117" hai3="76,120,0,42,15,81,55,57,25,5,123,10,23"/><U104/><E121/><V1/><F71/><W115/><G115/><T119/><D32/><U16/><E69/><V74/><F74/><W28/><G42/><T113/><D119/><U73/><E133/><V88/><F39/><W110/><G110/><N who="1" m="41994" /><E91/><V131/><F1/><W75/><REACH who="3" step="1"/><G0/><REACH who="3" ten="279,273,250,188" step="2"/><T62/><D113/><U118/><E118/><V100/><F117/><W47/><G47/><T106/><D45/><N who="1" m="27919" /><E101/><V41/><F116/><W89/><G89/><T49/><D134/><U87/><E73/><V126/><F102/><W40/><G40/><T27/><D38/><U79/><E77/><V43/><F43/><W33/><G33/><T135/><D135/><U24/><E79/><V56/><F41/><W6/><G6/><T68/><D4/><U125/><E125/><V86/><F126/><W65/><G65/><T124/><D127/><U37/><E37/><V78/><F78/><W9/><G9/><T7/><D124/><U17/><E87/><V132/><F132/><W2/><G2/><T46/><D7/><U83/><E83/><V108/><F108/><W97/><G97/><T53/><D80/><U35/><E35/><V122/><F122/><W82/><G82/><T63/><D68/><U20/><E24/><V26/><F70/><W90/><G90/><T103/><D27/><U34/><E34/><V21/><F64/><W44/><G44/><T22/><D46/><U129/><E129/><V19/><F26/><W112/><G112/><T50/><D130/><U92/><E92/><V29/><F131/><W8/><G8/><AGARI ba="0,1" hai="8,13,14,16,17,20,104,107" m="27919,41994" machi="8" ten="30,12000,1" yaku="14,1,10,1,52,2,54,1" doraHai="11" who="1" fromWho="3" sc="279,0,273,130,250,0,188,-120" /><INIT seed="1,1,0,1,3,87" ten="279,403,250,68" oya="1" hai0="41,99,54,18,125,110,14,135,44,127,76,61,35" hai1="22,67,5,15,58,3,37,124,53,50,118,42,56" hai2="123,2,30,119,103,65,12,19,89,131,70,111,129" hai3="34,79,114,45,104,24,31,7,96,128,36,98,52"/><U122/><E118/><V116/><F2/><W28/><G114/><T33/><D110/><U92/><E3/><V66/><F123/><W48/><G128/><N who="2" m="49225" /><F111/><W6/><G31/><T26/><D76/><U97/><E37/><V59/><F70/><W105/><G36/><T64/><D135/><U91/><E42/><V113/><F113/><W9/><G79/><T47/><D54/><U133/><E133/><V95/><F103/><W106/><REACH who="3" step="1"/><G6/><REACH who="3" ten="279,403,250,58" step="2"/><T101/><D125/><U17/><E5/><V55/><F30/><W21/><G21/><T77/><D77/><U108/><E124/><V1/><F119/><W32/><G32/><T126/><D35/><U10/><E108/><V29/><F29/><W60/><G60/><T130/><D33/><U88/><E122/><V11/><F116/><W43/><G43/><T75/><D41/><U71/><E22/><V85/><F1/><AGARI ba="1,1" hai="1,7,9,24,28,34,45,48,52,96,98,104,105,106" machi="1" ten="40,2600,0" yaku="1,1,54,1,53,0" doraHai="87" doraHaiUra="120" who="3" fromWho="2" sc="279,0,403,0,250,-29,58,39" /><INIT seed="2,0,0,2,4,22" ten="279,403,221,97" oya="2" hai0="97,87,10,75,118,54,20,68,33,85,13,28,35" hai1="56,58,112,107,111,19,60,51,76,71,47,69,21" hai2="127,108,8,129,98,3,25,120,26,17,113,105,24" hai3="101,119,134,67,42,4,133,102,130,72,44,27,64"/><V50/><F113/><W14/><G119/><T77/><D68/><U73/><E107/><V117/><F117/><W106/><G72/><T83/><D118/><U2/><E2/><V84/><F120/><W38/><G130/><T91/><D97/><U57/><E112/><V123/><F123/><W31/><G14/><T109/><D109/><U29/><E29/><V36/><F36/><W39/><G4/><T34/><D54/><U135/><E76/><V110/><F129/><W79/><G79/><T89/><D20/><U53/><E73/><V5/><F127/><W99/><G39/><T70/><D70/><U114/><E111/><N who="2" m="42539" /><F84/><W132/><REACH who="3" step="1"/><G102/><REACH who="3" ten="279,403,221,87" step="2"/><T49/><D75/><U86/><E114/><V43/><F43/><W40/><G40/><T62/><D77/><U121/><E121/><V116/><F116/><W126/><G126/><T90/><D90/><U63/><E135/><V104/><F50/><W45/><G45/><T88/><D49/><U41/><E47/><V32/><F32/><AGARI ba="0,1" hai="27,31,32,38,42,44,64,67,99,101,106,132,133,134" machi="32" ten="40,5200,0" yaku="1,1,20,1,52,1,53,0" doraHai="22" doraHaiUra="11" who="3" fromWho="2" sc="279,0,403,0,221,-52,87,62" /><INIT seed="3,0,0,5,1,62" ten="279,403,169,149" oya="3" hai0="97,42,10,75,131,3,124,28,30,82,17,100,111" hai1="52,107,95,67,133,85,65,98,61,55,121,8,18" hai2="96,19,105,43,78,110,57,127,32,125,47,122,9" hai3="56,69,117,71,2,108,29,23,4,58,126,93,84"/><W103/><G117/><T48/><D131/><U94/><E121/><V70/><F70/><W101/><G2/><T7/><D124/><N who="2" m="47690" /><F122/><W11/><G126/><T104/><D111/><U114/><E107/><V73/><F110/><W112/><G108/><T79/><D17/><U36/><E36/><N who="2" m="21991" /><F32/><W45/><G112/><T6/><D6/><U44/><E114/><V135/><F135/><W0/><G45/><T46/><AGARI ba="0,0" hai="3,7,10,28,30,42,46,48,75,79,82,97,100,104" machi="46" ten="30,1100,0" yaku="0,1" doraHai="62" who="0" fromWho="0" sc="279,11,403,-3,169,-3,149,-5" owari="290,9.0,400,50.0,166,-23.4,144,-35.6" /></mjloggm>