<mjloggm ver="2.3"><GO type="225" lobby="0"/><UN n0="%6D%75%75%73%61%6E%6D%75" n1="%61%74%73%75%74%6F%64%6F" n2="%72%69%6F%75%63%68%61%6E" n3="%4C%4F%4C%49%54%41" dan="17,16,16,16" rate="2115.21,2079.54,2152.11,2156.13" sx="F,M,M,F"/><TAIKYOKU oya="0"/><INIT seed="0,0,0,1,4,103" ten="250,250,250,250" oya="0" hai0="109,115,35,130,45,27,87,108,54,118,105,64,2" hai1="51,85,121,66,70,48,79,42,135,101,11,44,116" hai2="106,49,3,96,127,47,132,31,7,74,4,98,95" hai3="28,38,58,78,82,22,60,13,89,53,6,19,126"/><T30/><D115/><U76/><E116/><V14/><F127/><W57/><G38/><T17/><D118/><U100/><E121/><V119/><F119/><W75/><G126/><T134/><D2/><U94/><E135/><V40/><F132/><W81/><G6/><T15/><D134/><U107/><E107/><V36/><F74/><W8/><G89/><T21/><D130/><U112/><E70/><V34/><F3/><W52/><G81/><T61/><D87/><U9/><E66/><V72/><F72/><W18/><G28/><T123/><D123/><U99/><E101/><V91/><F36/><W26/><REACH who="3" step="1"/><G57/><REACH who="3" ten="250,250,250,240" step="2"/><T124/><D124/><U73/><E112/><V86/><F4/><W1/><G1/><T29/><D29/><U37/><E37/><V67/><F31/><W113/><G113/><T16/><D17/><U111/><E111/><V68/><F7/><W129/><G129/><T93/><D108/><U128/><E128/><V83/><F83/><W92/><G92/><T20/><D109/><U0/><E0/><V88/><F91/><W117/><G117/><T5/><D5/><U102/><E102/><V62/><F34/><W110/><G110/><T10/><D93/><U133/><E133/><V46/><F106/><W32/><G32/><T41/><D105/><U55/><E79/><V114/><F114/><W90/><G90/><T43/><D54/><AGARI ba="0,1" hai="8,13,18,19,22,26,52,53,54,58,60,75,78,82" machi="54" ten="30,3900,0" yaku="1,1,7,1,54,1,53,0" doraHai="103" doraHaiUra="65" who="3" fromWho="0" sc="250,-39,250,0,250,0,240,49" /><INIT seed="1,0,0,1,5,124" ten="211,250,250,289" oya="1" hai0="121,16,25,119,40,96,135,72,52,46,133,13,104" hai1="80,127,22,81,34,56,15,14,87,100,75,42,64" hai2="43,73,118,123,93,61,106,41,26,8,11,4,125" hai3="122,53,30,110,84,114,134,83,89,88,2,55,67"/><U27/><E127/><V31/><F118/><W48/><G122/><T9/><D119/><U71/><E71/><V117/><F117/><W120/><G120/><T44/><D121/><U5/><E34/><V58/><F123/><W98/><G2/><T20/><D72/><U49/><E100/><V131/><F131/><W32/><G114/><T66/><D66/><U62/><E75/><V86/><F125/><W85/><G110/><T18/><D104/><U65/><E65/><V28/><F73/><W51/><G134/><T90/><D40/><U24/><E81/><V94/><F106/><W50/><G67/><T29/><D96/><U108/><E24/><V21/><F31/><W12/><G98/><T68/><D90/><U36/><E36/><V77/><F11/><W99/><G99/><T126/><D68/><U74/><E5/><V47/><F77/><W102/><G102/><T69/><D69/><U39/><E39/><V10/><F10/><W128/><G128/><T19/><D126/><U130/><E74/><V132/><F132/><N who="0" m="50762" /><D46/><N who="1" m="25815" /><E108/><V111/><F111/><W54/><G12/><T0/><D0/><U112/><E130/><V3/><F47/><W78/><REACH who="3" step="1"/><G85/><REACH who="3" ten="211,250,250,279" step="2"/><T76/><D76/><N who="1" m="46471" /><E112/><V33/><F86/><W92/><G92/><T45/><D45/><U1/><E1/><V60/><F94/><W101/><G101/><T115/><D115/><U91/><E91/><V109/><F93/><W103/><G103/><T79/><D79/><U116/><E116/><V57/><F109/><W113/><G113/><T70/><D70/><U17/><AGARI ba="0,1" hai="14,15,17,22,27,56,62,64" m="46471,25815" machi="17" ten="30,1500,0" yaku="8,1" doraHai="124" who="1" fromWho="1" sc="211,-5,250,25,250,-5,279,-5" /><INIT seed="1,1,0,3,0,33" ten="206,275,245,274" oya="1" hai0="48,41,30,110,80,39,99,69,61,111,108,98,51" hai1="102,106,23,66,126,50,68,31,124,88,84,77,75" hai2="63,47,120,95,13,67,107,112,4,118,73,17,115" hai3="97,87,29,8,53,103,24,100,117,16,58,74,7"/><U125/><E68/><V92/><F118/><W90/><G74/><T56/><D30/><U37/><E37/><V21/><F120/><W3/><G117/><T22/><D22/><U45/><E66/><V64/><F107/><W32/><G97/><N who="0" m="36875" /><D69/><U104/><E102/><V1/><F73/><W127/><G127/><T70/><D70/><U94/><E77/><V38/><F38/><W76/><G16/><T54/><D80/><U26/><REACH who="1" step="1"/><E75/><REACH who="1" ten="206,265,245,274" step="2"/><V2/><F64/><W25/><G76/><T109/><N who="0" m="27648" /><DORA hai="15" /><T128/><D128/><U132/><E132/><V0/><F115/><W62/><REACH who="3" step="1"/><G25/><REACH who="3" ten="206,265,245,264" step="2"/><T14/><D14/><U55/><AGARI ba="1,2" hai="23,26,31,45,50,55,84,88,94,104,106,124,125,126" machi="55" ten="30,12000,1" yaku="1,1,0,1,18,1,54,1,53,1" doraHai="33,15" doraHaiUra="19,114" who="1" fromWho="1" sc="206,-41,265,143,245,-41,264,-41" /><INIT seed="1,2,0,5,3,96" ten="165,408,204,223" oya="1" hai0="70,30,81,35,117,23,132,126,91,74,14,115,36" hai1="22,78,45,37,64,112,130,68,108,122,111,9,113" hai2="93,99,2,92,89,7,133,97,65,27,72,107,83" hai3="52,79,128,90,57,38,82,86,48,59,18,0,75"/><U69/><E22/><V41/><F133/><W42/><G0/><T76/><D115/><N who="1" m="44107" /><E9/><V11/><F65/><W32/><G32/><T6/><D117/><U20/><E20/><V3/><F107/><W125/><G125/><T44/><D126/><U85/><E85/><V13/><F41/><W121/><G121/><T104/><D70/><N who="1" m="27243" /><E78/><V63/><F63/><W1/><G1/><T15/><D44/><U17/><E17/><V26/><F2/><W50/><G38/><T67/><D36/><U19/><E19/><V28/><F3/><W56/><G128/><T119/><D67/><U98/><E98/><V95/><F28/><W103/><G103/><T21/><D119/><U100/><E100/><N who="2" m="60455" /><F72/><W60/><G18/><T127/><D132/><U116/><E64/><V47/><F47/><N who="3" m="25719" /><G75/><T114/><D127/><U16/><E16/><N who="2" m="8255" /><F83/><W24/><G24/><N who="2" m="9257" /><F93/><W34/><G34/><T124/><D114/><U135/><E135/><V62/><F62/><W51/><G60/><T105/><D124/><U66/><E66/><V129/><F129/><W46/><G79/><T87/><D35/><U134/><E134/><V94/><F95/><W31/><G31/><T25/><D104/><U106/><E106/><V110/><F7/><W84/><G84/><T101/><D105/><U73/><E73/><V43/><F43/><AGARI ba="2,0" hai="43,46,50,51,52,56,57,59,82,86,90" m="25719" machi="43" ten="30,2000,0" yaku="8,1,54,1" doraHai="96" who="3" fromWho="2" sc="165,0,408,0,204,-26,223,26" /><INIT seed="2,0,0,2,1,10" ten="165,408,178,249" oya="2" hai0="72,65,50,28,111,24,0,107,110,118,104,97,1" hai1="6,87,133,36,53,58,35,32,59,82,113,80,4" hai2="89,78,88,7,86,116,12,40,3,64,126,20,44" hai3="128,106,39,18,27,62,61,127,41,55,129,21,124"/><V70/><F116/><W66/><G106/><N who="0" m="40491" /><D97/><U120/><E53/><V83/><F126/><N who="3" m="48171" /><G55/><T76/><D118/><U117/><E87/><V109/><F109/><N who="0" m="41482" /><D50/><U99/><E99/><V46/><F3/><W114/><G114/><T101/><D65/><U102/><E36/><V11/><F20/><W115/><G115/><T2/><D101/><U45/><E45/><V19/><F19/><W22/><G61/><T57/><D57/><U75/><E117/><V68/><F46/><W73/><G41/><T52/><D52/><U135/><E113/><V123/><F123/><W132/><G39/><T54/><D54/><U81/><E81/><V34/><F34/><W51/><G51/><T121/><D121/><U17/><E17/><V96/><F96/><W60/><G60/><T131/><D131/><U37/><E37/><V98/><F98/><W16/><G62/><T48/><D48/><U25/><E102/><V49/><F64/><W38/><G66/><T26/><D28/><U79/><E120/><V63/><F63/><W30/><G38/><T119/><D119/><U13/><E79/><V74/><F89/><W91/><G91/><T125/><D125/><U112/><E112/><V122/><F122/><W23/><G30/><T31/><D31/><U67/><E67/><V71/><F71/><W134/><G128/><T105/><N who="0" m="40499" /><T92/><DORA hai="85" /><D92/><AGARI ba="0,0" hai="7,11,12,40,44,49,68,70,74,78,83,86,88,92" machi="92" ten="30,11600,0" yaku="7,1,52,2,54,1" doraHai="10,85" who="2" fromWho="0" sc="165,-116,408,0,178,116,249,0" /><INIT seed="2,1,0,3,4,21" ten="49,408,294,249" oya="2" hai0="129,51,99,119,97,15,5,49,63,4,34,19,23" hai1="56,125,124,113,80,78,36,100,18,134,12,1,55" hai2="43,40,31,71,69,111,58,3,13,131,110,67,108" hai3="22,112,93,89,122,44,103,79,92,46,105,8,117"/><V9/><F131/><W83/><G117/><T39/><D129/><U64/><E1/><V24/><F3/><W33/><G33/><T16/><D39/><U130/><E130/><V109/><F58/><W59/><G122/><T20/><D34/><U62/><E36/><V87/><F87/><W53/><G112/><T123/><D119/><U126/><E134/><V115/><F115/><W116/><G116/><T76/><D123/><U120/><E100/><V28/><F28/><W32/><G32/><T68/><D68/><N who="2" m="26186" /><F67/><W27/><G8/><T29/><D29/><U14/><E120/><V41/><N who="2" m="27648" /><DORA hai="107" /><V98/><F98/><W85/><G105/><T42/><D63/><U86/><E113/><V35/><F40/><W96/><G53/><T104/><D104/><U75/><E64/><V50/><F50/><W61/><G59/><T106/><D106/><U90/><E18/><AGARI ba="1,0" hai="9,13,18,24,31,35,41,43" m="27648,26186" machi="18" ten="60,11600,0" yaku="14,1,10,1,52,1" doraHai="21,107" who="2" fromWho="1" sc="49,0,408,-119,294,119,249,0" /><INIT seed="2,2,0,0,0,55" ten="49,289,413,249" oya="2" hai0="19,7,16,123,115,70,87,45,97,58,91,76,89" hai1="101,126,114,80,122,112,71,131,77,44,21,85,84" hai2="4,129,110,39,3,42,96,37,50,9,133,74,6" hai3="86,5,35,33,18,52,94,24,72,62,125,29,68"/><V121/><F121/><W65/><G72/><T95/><D70/><U102/><E71/><V69/><F69/><W8/><G125/><T67/><D123/><U130/><E122/><V36/><F129/><N who="1" m="49161" /><E44/><V63/><F133/><W81/><G18/><T90/><D115/><N who="1" m="44075" /><E21/><V47/><F110/><W26/><G94/><T49/><D7/><U38/><E38/><V0/><F74/><W57/><G26/><T51/><D76/><U106/><E126/><V34/><F34/><W14/><G24/><T118/><D118/><U17/><E17/><V1/><F4/><W98/><G98/><T54/><D90/><U100/><E106/><V99/><REACH who="2" step="1"/><F63/><REACH who="2" ten="49,289,403,249" step="2"/><W104/><G33/><T2/><D2/><AGARI ba="2,1" hai="0,1,2,3,6,9,36,37,39,42,47,50,96,99" machi="2" ten="50,4800,0" yaku="1,1,2,1,53,0" doraHai="55" doraHaiUra="79" who="2" fromWho="0" sc="49,-54,289,0,403,64,249,0" owari="-5,-50.5,289,8.9,467,56.7,249,-15.1" /></mjloggm>