<mjloggm ver="2.3"><GO type="225" lobby="0"/><UN n0="%E3%81%BB%E3%81%86%E3%82%88%E3%81%86%E3%81%95%E3%81%8B%E3%81%AA" n1="%E5%A4%8F%E9%88%B4%E9%88%B4%E5%A4%8F" n2="%E3%83%A9%E3%83%96%E3%83%AC%E3%83%BC" n3="%E3%81%AF%E3%82%88%E3%81%8A%E3%81%98%E3%81%95%E3%82%93" dan="16,16,18,17" rate="2133.60,2129.03,2176.88,2141.82" sx="M,M,M,M"/><TAIKYOKU oya="0"/><INIT seed="0,0,0,2,3,22" ten="250,250,250,250" oya="0" hai0="66,62,17,65,68,72,18,61,102,45,56,4,82" hai1="76,101,31,84,119,127,88,71,14,10,38,109,70" hai2="74,1,60,57,25,24,87,19,107,36,111,34,7" hai3="98,53,77,75,67,86,120,91,21,95,44,129,132"/><T116/><D102/><U126/><E119/><V106/><F74/><W13/><G129/><T11/><D116/><U32/><E38/><V46/><F34/><W9/><G132/><T96/><D96/><U122/><E122/><V130/><F130/><W83/><G120/><T110/><D110/><U92/><E109/><V80/><F111/><W37/><G67/><T99/><D99/><U35/><E76/><V49/><F36/><W29/><G75/><T20/><D45/><U59/><E59/><V100/><F1/><W50/><G37/><T69/><D56/><U128/><E101/><V51/><F7/><W47/><G44/><T63/><D63/><U133/><E133/><V6/><F6/><W121/><G121/><T41/><D41/><U39/><E39/><V3/><F3/><W73/><G73/><T28/><D28/><U125/><E128/><V93/><F19/><W123/><G123/><T55/><D55/><U0/><E0/><V85/><F107/><W118/><G118/><T112/><D112/><U48/><E48/><N who="2" m="18507" /><F46/><W89/><G29/><T26/><D17/><N who="1" m="8407" /><E31/><V97/><F106/><W103/><REACH who="3" step="1"/><G21/><REACH who="3" ten="250,250,250,240" step="2"/><T78/><D11/><U115/><E115/><V114/><F114/><W27/><G27/><N who="2" m="10313" /><F80/><W43/><G43/><T124/><REACH who="0" step="1"/><D4/><AGARI ba="0,1" hai="4,9,13,47,50,53,77,83,86,89,91,95,98,103" machi="4" ten="30,3900,0" yaku="1,1,7,1,8,1,53,0" doraHai="22" doraHaiUra="113" who="3" fromWho="0" sc="250,-39,250,0,250,0,240,49" /><INIT seed="1,0,0,3,2,0" ten="211,250,250,289" oya="1" hai0="39,37,132,74,22,19,116,33,69,130,124,61,128" hai1="26,131,87,93,60,32,15,42,65,115,135,13,96" hai2="111,1,122,35,95,63,102,67,113,6,94,126,82" hai3="66,71,76,48,38,28,91,51,109,119,49,106,20"/><U31/><E115/><V88/><F122/><W134/><G38/><T112/><RYUUKYOKU type="yao9" ba="0,0" sc="211,0,250,0,250,0,289,0" hai0="19,22,33,37,39,61,69,74,112,116,124,128,130,132" /><INIT seed="1,1,0,5,0,91" ten="211,250,250,289" oya="1" hai0="132,52,19,116,107,16,36,92,104,46,123,62,81" hai1="96,34,130,51,14,126,11,40,102,45,134,49,84" hai2="103,20,112,70,15,128,38,12,59,64,42,0,129" hai3="28,88,32,79,122,63,117,127,86,74,56,109,25"/><U125/><E134/><V120/><F0/><W69/><G122/><T22/><D123/><U4/><E130/><V65/><F120/><W31/><G69/><T2/><D2/><U90/><E34/><V57/><F70/><W55/><G109/><T8/><D116/><U1/><E51/><V67/><F103/><W94/><G117/><T100/><D36/><U114/><E114/><V115/><F38/><W133/><G133/><T97/><D132/><U13/><E13/><N who="2" m="5195" /><F42/><W73/><G127/><N who="1" m="48650" /><E1/><V41/><F41/><W108/><G108/><T21/><D107/><N who="1" m="63943" /><E90/><V6/><F20/><N who="0" m="7786" /><D104/><U75/><E84/><V5/><F59/><W119/><G119/><T44/><D8/><U78/><E78/><V80/><F57/><W72/><REACH who="3" step="1"/><G28/><REACH who="3" ten="211,250,250,279" step="2"/><T3/><D3/><U53/><E75/><V99/><F129/><W101/><G101/><T7/><D7/><U111/><E111/><V105/><F128/><W30/><G30/><T83/><D19/><U93/><E40/><V98/><F6/><W35/><G35/><T68/><D16/><U106/><E106/><V121/><F5/><W9/><G9/><T33/><D68/><U124/><E124/><V60/><F105/><W87/><G87/><T135/><D33/><U95/><AGARI ba="1,1" hai="4,11,14,45,49,53,93,95" m="63943,48650" machi="95" ten="30,6000,0" yaku="18,1,52,2" doraHai="91" who="1" fromWho="1" sc="211,-21,250,73,250,-21,279,-21" /><INIT seed="1,2,0,0,3,131" ten="190,323,229,258" oya="1" hai0="42,16,57,102,134,82,7,118,71,69,14,112,63" hai1="86,128,24,114,29,85,83,101,81,27,34,94,17" hai2="74,77,116,96,36,10,127,97,53,90,110,122,33" hai3="20,61,73,88,6,115,132,11,26,8,43,109,113"/><U18/><E128/><V48/><F36/><W58/><G73/><T91/><D112/><U67/><E114/><V21/><F116/><W44/><G109/><T50/><D118/><U79/><E67/><V45/><F33/><W4/><G132/><T95/><D134/><U125/><E125/><V78/><F110/><W65/><G88/><T5/><D71/><U75/><E27/><V35/><F35/><W30/><G8/><T126/><D69/><U119/><E119/><V25/><F127/><W47/><G4/><T99/><D126/><U38/><E38/><V104/><F104/><W31/><G30/><T120/><D120/><U133/><E133/><V106/><F106/><W51/><REACH who="3" step="1"/><G47/><REACH who="3" ten="190,323,229,248" step="2"/><N who="0" m="25975" /><D91/><U87/><E83/><V12/><F74/><W37/><G37/><T84/><D82/><U135/><E135/><V70/><F122/><W28/><G28/><T129/><D84/><U107/><E85/><V13/><F90/><W108/><G108/><T39/><D129/><U19/><E86/><V123/><F123/><W2/><AGARI ba="2,1" hai="2,6,11,20,26,31,43,44,51,58,61,65,113,115" machi="2" ten="20,5200,0" yaku="1,1,0,1,7,1,53,1" doraHai="131" doraHaiUra="62" who="3" fromWho="3" sc="190,-15,323,-28,229,-15,248,68" /><INIT seed="2,0,0,3,4,12" ten="175,295,214,316" oya="2" hai0="101,76,49,69,66,43,103,53,65,93,31,37,1" hai1="39,64,124,40,97,56,41,109,99,77,35,132,108" hai2="26,2,30,63,9,112,19,27,96,11,102,67,46" hai3="51,7,89,94,113,106,107,100,78,130,128,73,60"/><V117/><F112/><W16/><G113/><T22/><D1/><U110/><E132/><V4/><F117/><W34/><G34/><T25/><D76/><U21/><E35/><V85/><F46/><W133/><G133/><T17/><D69/><U42/><E39/><V129/><F85/><N who="3" m="52527" /><G7/><T10/><D37/><U68/><E124/><V104/><F129/><N who="3" m="49771" /><G100/><N who="0" m="38475" /><D43/><U6/><E68/><V91/><F91/><W82/><G60/><T54/><D93/><U127/><E127/><V71/><F30/><W48/><G48/><T121/><D121/><U125/><E125/><V105/><F104/><W52/><G16/><N who="0" m="12487" /><D53/><U135/><E135/><V33/><F33/><W92/><G92/><T55/><D31/><U79/><E79/><V47/><F47/><AGARI ba="0,0" hai="47,51,52,73,78,82,106,107" m="49771,52527" machi="47" ten="30,2000,0" yaku="19,1,54,1" doraHai="12" who="3" fromWho="2" sc="175,0,295,0,214,-20,316,20" /><INIT seed="3,0,0,2,1,64" ten="175,295,194,336" oya="3" hai0="112,71,110,56,33,129,76,111,20,94,41,75,117" hai1="34,74,47,113,84,115,100,78,9,53,48,52,37" hai2="108,90,39,121,99,36,15,57,62,21,14,44,130" hai3="32,104,13,61,26,45,119,79,40,128,72,118,38"/><W125/><G104/><T106/><D117/><U132/><E132/><V86/><F130/><W59/><G128/><T17/><D129/><U133/><E133/><V124/><F124/><W18/><G125/><T114/><D33/><U43/><E34/><V73/><F73/><W91/><G91/><T8/><D106/><U127/><E127/><V134/><F134/><W83/><G26/><T105/><D105/><U69/><E74/><V70/><F99/><W65/><G32/><T11/><D41/><U107/><E69/><V85/><F70/><W4/><G4/><T97/><D56/><U92/><E53/><V31/><F108/><N who="0" m="41514" /><D71/><U22/><E107/><V63/><F121/><W109/><G109/><T67/><D67/><U77/><E9/><AGARI ba="0,0" hai="9,13,18,38,40,45,59,61,65,72,79,83,118,119" machi="9" ten="30,1500,0" yaku="7,1" doraHai="64" who="3" fromWho="1" sc="175,0,295,-15,194,0,336,15" owari="175,-32.5,280,8.0,194,-20.6,351,45.1" /></mjloggm>