<mjloggm ver="2.3"><GO type="225" lobby="0"/><UN n0="%E5%84%AA%40%41%42%43" n1="%E3%81%B5%E3%81%98%E3%81%8B%E3%81%A4" n2="%33%74%72%65%65" n3="%E3%81%92%E3%81%A3%E3%81%A1" dan="17,17,16,17" rate="2140.80,2240.20,2101.37,2239.68" sx="M,M,F,M"/><TAIKYOKU oya="0"/><INIT seed="0,0,0,4,4,99" ten="250,250,250,250" oya="0" hai0="24,75,53,2,83,123,61,82,80,18,34,25,93" hai1="81,100,62,92,110,5,103,1,63,45,113,119,51" hai2="49,135,65,121,17,3,29,46,22,14,90,31,58" hai3="54,30,133,36,104,48,122,39,27,7,132,72,35"/><T70/><D123/><U116/><E110/><V73/><F121/><W102/><G72/><T44/><D2/><U23/><E113/><V9/><F135/><N who="3" m="51787" /><G7/><T94/><D75/><U118/><E81/><V60/><F73/><W16/><G122/><T52/><D34/><U105/><E105/><V8/><F3/><W41/><G41/><T13/><D70/><U125/><E125/><V95/><F8/><W127/><G127/><T15/><D15/><U69/><E23/><V64/><F9/><W79/><G79/><T50/><D61/><U106/><E106/><V115/><F64/><W28/><G28/><T11/><REACH who="0" step="1"/><D53/><REACH who="0" ten="240,250,250,250" step="2"/><U117/><E118/><V114/><F114/><W10/><G54/><T67/><D67/><U32/><E32/><V86/><F115/><W124/><G35/><T134/><D134/><U109/><E69/><V84/><REACH who="2" step="1"/><F86/><REACH who="2" ten="240,250,240,250" step="2"/><W112/><G112/><T12/><D12/><U108/><E117/><V37/><F37/><W19/><G39/><T88/><D88/><U111/><E119/><V74/><F74/><W59/><G36/><T98/><D98/><N who="1" m="59463" /><E116/><V38/><F38/><W71/><G124/><T26/><AGARI ba="0,2" hai="11,13,18,24,25,26,44,50,52,80,82,83,93,94" machi="26" ten="30,11700,0" yaku="1,1,0,1,8,1,54,1,53,0" doraHai="99" doraHaiUra="126" who="0" fromWho="0" sc="240,137,250,-39,240,-39,250,-39" /><INIT seed="0,1,0,2,3,41" ten="377,211,201,211" oya="0" hai0="10,112,74,63,7,129,70,106,59,71,16,120,85" hai1="53,45,54,75,113,97,22,90,88,5,134,102,93" hai2="38,119,43,62,66,128,28,21,115,79,40,0,135" hai3="3,105,46,81,39,61,35,4,101,25,27,19,60"/><T123/><D74/><U127/><E134/><V42/><F115/><W15/><G101/><T92/><D106/><U9/><E127/><V51/><F135/><W116/><G105/><T94/><D112/><U36/><E75/><V122/><F122/><W11/><G116/><T82/><D129/><U91/><E22/><V126/><F128/><W110/><G81/><T83/><D7/><U114/><E114/><V133/><F133/><W77/><G77/><T68/><D10/><U8/><E8/><V12/><F0/><W18/><G110/><T103/><D16/><U52/><E113/><V57/><F38/><W95/><G95/><T131/><D131/><U58/><E36/><V67/><F67/><W117/><G117/><T37/><D37/><U20/><E20/><V121/><F126/><W99/><G99/><T44/><D70/><U69/><E69/><V65/><F65/><W89/><G89/><T1/><D103/><U31/><E31/><V55/><F121/><W76/><G76/><T13/><D85/><U130/><E130/><V73/><F119/><W124/><G124/><T96/><D96/><U109/><E109/><V48/><F79/><W87/><G87/><T104/><D104/><U72/><E72/><V56/><F73/><W50/><G39/><T107/><D107/><U86/><E86/><V26/><REACH who="2" step="1"/><F12/><REACH who="2" ten="377,211,191,211" step="2"/><W108/><G15/><T111/><D13/><N who="1" m="5295" /><E58/><V6/><F6/><W132/><G132/><T80/><D59/><U100/><E100/><V33/><F33/><W118/><G35/><T14/><D120/><U78/><E78/><V32/><F32/><RYUUKYOKU ba="1,1" sc="377,-15,211,15,191,15,211,-15" hai1="45,52,53,54,88,90,91,93,97,102" hai2="21,26,28,40,42,43,48,51,55,56,57,62,66" /><INIT seed="1,2,1,3,5,87" ten="362,226,206,196" oya="1" hai0="69,113,109,97,96,36,111,57,89,98,15,110,41" hai1="135,125,65,52,103,2,9,70,16,50,92,13,44" hai2="25,31,116,58,5,3,11,56,17,130,23,74,20" hai3="127,60,120,66,42,4,118,71,53,19,107,54,100"/><U49/><E125/><V61/><F116/><W67/><G120/><T73/><D113/><U18/><E135/><V104/><F130/><W34/><G127/><T129/><D69/><U114/><E114/><V76/><F104/><W24/><G4/><T122/><D129/><U68/><E2/><V115/><F115/><W39/><G67/><T121/><D73/><U124/><E124/><V75/><F76/><W47/><G118/><T29/><D29/><U32/><E32/><V46/><F46/><W117/><G117/><T12/><D57/><U14/><E65/><V85/><F85/><W72/><G72/><T8/><D89/><U88/><E103/><V134/><F58/><W83/><G83/><T30/><D30/><U112/><E112/><V27/><REACH who="2" step="1"/><F134/><REACH who="2" ten="362,226,196,196" step="2"/><W21/><REACH who="3" step="1"/><G34/><REACH who="3" ten="362,226,196,186" step="2"/><T33/><D33/><U90/><E70/><V64/><AGARI ba="2,3" hai="3,5,11,17,20,23,25,27,31,56,61,64,74,75" machi="64" ten="20,5200,0" yaku="1,1,2,1,0,1,7,1,53,0" doraHai="87" doraHaiUra="108" who="2" fromWho="2" sc="362,-15,226,-28,196,88,186,-15" /><INIT seed="2,0,0,4,2,111" ten="347,198,284,171" oya="2" hai0="33,35,113,38,60,82,53,3,39,122,13,96,114" hai1="31,118,4,6,129,15,25,109,57,104,46,88,107" hai2="73,76,64,61,81,43,90,47,116,92,132,127,110" hai3="30,50,106,91,22,49,119,10,34,1,18,67,79"/><V27/><F116/><W130/><G119/><T48/><D13/><U51/><E118/><V126/><F132/><W86/><G106/><T36/><D122/><U117/><E117/><V44/><F27/><W63/><G79/><T134/><D134/><U16/><E109/><V123/><F123/><W133/><G130/><T100/><D3/><U80/><E57/><V42/><F44/><W59/><G133/><T98/><D82/><U115/><E115/><V41/><F47/><W68/><G34/><N who="0" m="12811" /><D60/><U87/><E107/><V37/><F37/><W23/><G30/><T0/><D0/><U19/><E104/><V97/><REACH who="2" step="1"/><F110/><REACH who="2" ten="347,198,274,171" step="2"/><W72/><G1/><T14/><D36/><U74/><E129/><V103/><F103/><W69/><G69/><AGARI ba="0,1" hai="41,42,43,61,64,69,73,76,81,90,92,97,126,127" machi="69" ten="40,2000,0" yaku="1,1,53,0" doraHai="111" doraHaiUra="21" who="2" fromWho="3" sc="347,0,198,0,274,30,171,-20" /><INIT seed="2,1,0,4,4,58" ten="347,198,304,151" oya="2" hai0="33,22,121,36,13,120,107,25,122,65,102,61,29" hai1="92,52,108,45,50,16,93,21,81,46,126,9,26" hai2="112,6,85,60,31,134,67,71,101,124,76,82,100" hai3="77,84,103,87,114,41,132,80,133,98,104,48,129"/><V118/><F112/><W18/><G18/><T40/><D13/><U59/><E108/><V90/><F118/><W51/><G41/><T0/><D22/><U115/><E115/><V32/><F134/><N who="3" m="51819" /><G51/><T44/><D0/><U111/><E111/><V78/><F124/><W2/><G48/><T5/><D5/><U113/><E126/><V27/><F6/><W72/><G2/><T127/><D127/><U96/><E113/><V14/><F14/><W128/><G114/><T131/><D131/><AGARI ba="1,0" hai="72,77,80,84,87,98,103,104,128,129,131" m="51819" machi="131" ten="30,7700,0" yaku="19,1,20,1,34,2" doraHai="58" who="3" fromWho="0" sc="347,-80,198,0,304,0,151,80" /><INIT seed="3,0,0,1,1,106" ten="267,198,304,231" oya="3" hai0="107,28,115,113,51,21,88,36,47,121,108,15,37" hai1="91,95,102,74,59,2,76,50,130,41,64,4,44" hai2="124,83,54,82,53,70,71,93,7,30,6,26,19" hai3="120,100,80,132,58,1,16,104,126,48,119,116,34"/><W135/><G34/><T112/><D121/><U123/><E123/><V87/><F124/><W129/><G126/><T86/><D107/><U122/><E122/><V18/><F30/><W77/><G1/><T105/><D105/><U75/><E102/><V65/><F65/><W35/><G35/><T40/><D108/><U57/><E130/><V56/><F93/><W14/><G120/><T103/><D103/><U22/><E76/><V25/><F56/><W24/><G24/><N who="0" m="16399" /><D15/><U49/><E2/><V0/><F0/><W67/><G129/><T17/><D17/><U10/><E22/><V68/><F68/><W33/><G33/><T12/><D12/><U3/><E57/><V39/><F87/><W38/><G38/><AGARI ba="0,0" hai="6,7,18,19,25,26,38,39,53,54,70,71,82,83" machi="38" ten="25,1600,0" yaku="22,2" doraHai="106" who="2" fromWho="3" sc="267,0,198,0,304,16,231,-16" owari="267,6.7,198,-30.2,320,42.0,215,-18.5" /></mjloggm>