<mjloggm ver="2.3"><GO type="225" lobby="0"/><UN n0="%48%61%61%61%6C%61%6E%64" n1="%E3%81%B7%E3%82%8A%E3%82%93%E8%81%96%E4%BA%BA" n2="%E6%A1%9C%E8%8A%B1%E9%96%83%E3%80%85" n3="%E3%81%A1%E3%82%85%E3%81%86%E3%81%A9%E3%81%8F%E8%B1%A1%E3%81%95%E3%82%93" dan="17,16,18,17" rate="2238.35,2162.00,2217.04,2180.82" sx="M,M,M,M"/><TAIKYOKU oya="0"/><INIT seed="0,0,0,5,2,102" ten="250,250,250,250" oya="0" hai0="88,103,92,63,134,86,7,70,19,53,101,8,65" hai1="34,127,100,96,93,0,11,51,41,98,128,91,49" hai2="33,126,61,135,111,74,21,110,82,17,104,125,6" hai3="107,32,26,117,40,130,44,69,89,43,87,1,36"/><T57/><D134/><U48/><E34/><V78/><F33/><W12/><G117/><T97/><D19/><U22/><E128/><V76/><F135/><W13/><G1/><T75/><D75/><U10/><E0/><V118/><F118/><W20/><G69/><T38/><D38/><U124/><E41/><V105/><F61/><W120/><G120/><T56/><D53/><U2/><E22/><V24/><F78/><W25/><G130/><T52/><D52/><U90/><E2/><V67/><F6/><W129/><G40/><T31/><D31/><U95/><E100/><V106/><F67/><W73/><G73/><T60/><D60/><U77/><REACH who="1" step="1"/><E77/><REACH who="1" ten="250,240,250,250" step="2"/><V42/><REACH who="2" step="1"/><F42/><REACH who="2" ten="250,240,240,250" step="2"/><W72/><G32/><T113/><D103/><U23/><E23/><V99/><F99/><W112/><G20/><T133/><D133/><U108/><E108/><AGARI ba="0,2" hai="17,21,24,74,76,82,104,105,106,108,110,111,125,126" machi="108" ten="50,12000,2" yaku="1,1,14,1,52,3,53,1" doraHai="102" doraHaiUra="18" who="2" fromWho="1" sc="250,0,240,-120,240,140,250,0" /><INIT seed="1,0,0,4,4,128" ten="250,120,380,250" oya="1" hai0="111,94,30,116,1,28,56,25,4,66,10,134,104" hai1="129,95,59,18,29,12,122,85,26,105,112,70,84" hai2="57,52,77,125,107,17,35,123,86,82,115,101,73" hai3="5,54,103,46,38,67,100,45,32,60,23,49,90"/><U108/><E70/><V14/><F123/><W133/><G32/><T22/><D104/><U74/><E74/><V63/><F35/><W58/><G5/><T50/><D116/><U53/><E105/><V51/><F125/><W113/><G113/><T119/><D119/><U93/><E122/><V20/><F115/><W109/><G109/><T81/><D111/><U132/><E108/><V102/><F107/><W76/><G76/><T41/><D81/><U106/><E106/><V34/><F34/><W48/><G38/><T83/><D83/><U2/><E2/><V37/><F37/><W121/><G121/><T124/><D124/><U61/><E112/><V88/><F63/><W96/><G23/><T114/><D114/><U55/><E129/><V33/><F33/><W71/><G71/><T8/><D8/><N who="1" m="6407" /><E132/><V135/><F135/><W110/><G110/><T130/><D134/><U11/><E11/><V87/><F73/><W42/><G133/><T65/><D130/><U13/><E13/><V91/><F77/><W6/><G6/><T21/><D94/><AGARI ba="0,0" hai="14,17,20,51,52,57,82,86,87,88,91,94,101,102" machi="94" ten="30,12000,2" yaku="7,1,25,2,8,1,54,2" doraHai="128" who="2" fromWho="0" sc="250,-120,120,0,380,120,250,0" /><AGARI ba="0,0" hai="42,45,46,48,49,54,58,60,67,90,94,96,100,103" machi="94" ten="40,1300,0" yaku="8,1" doraHai="128" who="3" fromWho="0" sc="130,-13,120,0,500,0,250,13" /><INIT seed="2,0,0,3,5,38" ten="117,120,500,263" oya="2" hai0="21,98,110,111,85,73,49,105,104,65,27,84,88" hai1="23,14,99,60,134,41,13,96,117,135,35,103,4" hai2="8,24,39,71,82,5,101,67,45,6,15,18,133" hai3="91,31,97,37,10,131,119,95,102,79,7,55,128"/><V33/><F133/><N who="1" m="50697" /><E35/><V112/><F112/><W118/><G37/><T11/><D73/><U87/><E117/><V58/><F71/><W75/><G31/><T2/><D65/><U63/><E87/><V66/><F101/><W126/><G55/><T124/><D124/><U32/><E32/><V16/><F82/><N who="3" m="45439" /><G126/><T25/><D84/><U52/><E41/><V92/><F92/><W132/><G132/><T47/><D98/><N who="1" m="37419" /><E103/><V74/><F74/><W48/><G48/><T80/><D105/><U0/><E23/><V77/><F18/><W59/><G59/><T36/><D104/><U3/><E4/><V53/><F15/><N who="1" m="5641" /><E52/><V28/><F58/><W9/><G9/><T76/><D36/><U30/><E30/><V19/><F19/><W69/><G69/><T57/><D57/><U51/><E51/><V86/><F66/><W115/><G115/><T46/><D49/><U89/><E89/><V44/><F24/><W61/><G10/><T22/><D25/><U113/><E113/><V100/><F5/><W78/><G7/><N who="0" m="1527" /><D88/><U17/><E17/><V42/><F6/><W62/><G91/><T109/><D21/><U56/><E56/><V20/><F20/><W93/><G93/><T108/><N who="0" m="27648" /><DORA hai="116" /><T54/><D54/><U123/><E123/><V114/><F53/><W68/><G68/><T70/><D70/><U29/><E29/><AGARI ba="0,0" hai="22,27,29,46,47,76,80,85" m="27648,1527" machi="29" ten="60,2000,0" yaku="14,1" doraHai="38,116" who="0" fromWho="1" sc="117,20,120,-20,500,0,263,0" /><INIT seed="3,0,0,1,0,34" ten="137,100,500,263" oya="3" hai0="89,29,52,113,32,0,73,106,77,42,72,83,130" hai1="93,131,58,57,109,20,25,6,75,38,49,24,117" hai2="23,128,27,3,98,80,79,43,78,70,105,82,45" hai3="76,110,19,112,48,15,65,46,96,88,59,101,126"/><W55/><G112/><T1/><D113/><U125/><E75/><V133/><F3/><W124/><G76/><T104/><D130/><U81/><E38/><V84/><F70/><W134/><G134/><T7/><D72/><U119/><E131/><V22/><F128/><W67/><G110/><T120/><D120/><U90/><E81/><V115/><F115/><W103/><G46/><T111/><D111/><U64/><E109/><V53/><F53/><W36/><G36/><T66/><D66/><U100/><E6/><V9/><F9/><W123/><G123/><T132/><D132/><U116/><E100/><V50/><F133/><W39/><G39/><T8/><D1/><U114/><E114/><V99/><F22/><N who="3" m="11647" /><G101/><T62/><D42/><U11/><E11/><V5/><F5/><W51/><G51/><T92/><D32/><U13/><E125/><N who="3" m="48234" /><G88/><T91/><D91/><U41/><E41/><V94/><F105/><AGARI ba="0,0" hai="48,55,59,65,67,96,103,105" m="48234,11647" machi="105" ten="30,1500,0" yaku="18,1" doraHai="34" who="3" fromWho="2" sc="137,0,100,0,500,-15,263,15" /><INIT seed="3,1,0,2,3,101" ten="137,100,485,278" oya="3" hai0="31,135,44,79,51,127,123,90,92,61,84,116,4" hai1="129,74,117,126,50,119,36,27,18,56,124,28,114" hai2="41,108,122,100,66,30,69,113,96,57,134,99,88" hai3="85,47,0,17,67,95,9,13,115,34,39,130,16"/><W112/><G34/><T105/><D123/><U32/><E36/><V45/><F113/><W75/><G75/><T80/><D116/><N who="1" m="44619" /><E56/><V118/><F118/><W23/><G130/><T83/><D127/><N who="1" m="48683" /><E50/><V91/><F108/><W42/><G67/><T52/><D105/><U7/><E129/><V93/><F134/><W48/><G39/><T10/><D135/><U33/><E7/><V54/><F30/><W132/><G132/><T21/><D61/><U128/><E128/><V55/><F122/><W86/><G0/><T73/><D31/><U8/><E114/><V43/><F43/><W87/><REACH who="3" step="1"/><G95/><REACH who="3" ten="137,100,485,268" step="2"/><T58/><D92/><U65/><E65/><V2/><F2/><W63/><G63/><T15/><D73/><U38/><E38/><V3/><F3/><W64/><G64/><T40/><D51/><U72/><E72/><V59/><F66/><W76/><G76/><T109/><D79/><U133/><E133/><V120/><F120/><W102/><G102/><T111/><D109/><U20/><E74/><V35/><F35/><N who="1" m="13385" /><E8/><V49/><F69/><W14/><AGARI ba="1,1" hai="9,13,14,16,17,23,42,47,48,85,86,87,112,115" machi="14" ten="30,12000,1" yaku="1,1,0,1,54,1,53,2" doraHai="101" doraHaiUra="11" who="3" fromWho="3" sc="137,-41,100,-41,485,-41,268,133" /><INIT seed="3,2,0,5,3,121" ten="96,59,444,401" oya="3" hai0="47,74,128,91,36,65,55,88,15,39,79,7,29" hai1="2,98,38,135,80,66,14,92,112,32,59,45,69" hai2="64,85,68,76,102,71,105,95,94,67,63,122,13" hai3="18,87,131,19,25,78,3,77,40,48,31,37,100"/><W17/><G3/><T81/><D128/><U119/><E2/><V125/><F122/><W30/><G131/><T24/><D65/><U57/><E32/><V130/><F130/><W101/><G37/><T1/><D15/><U34/><E34/><V27/><F27/><W6/><G6/><T8/><D39/><U41/><E112/><V21/><F125/><W107/><G107/><T42/><D55/><U49/><E80/><N who="2" m="47239" /><F105/><W109/><G109/><T20/><AGARI ba="2,0" hai="1,7,8,20,24,29,36,42,47,74,79,81,88,91" machi="20" ten="20,8000,1" yaku="0,1,7,1,25,2,54,1" doraHai="121" who="0" fromWho="0" sc="96,86,59,-22,444,-22,401,-42" owari="182,-21.8,37,-46.3,422,52.2,359,15.9" /></mjloggm>