<mjloggm ver="2.3"><GO type="225" lobby="0"/><UN n0="%72%65%6E%6B%75%6E" n1="%48%61%61%61%6C%61%6E%64" n2="%E6%A1%9C%E8%8A%B1%E9%96%83%E3%80%85" n3="%45%6C%79%73%69%75%6D" dan="17,18,16,16" rate="2227.50,2236.29,2123.65,2086.21" sx="M,M,M,F"/><TAIKYOKU oya="0"/><INIT seed="0,0,0,1,1,64" ten="250,250,250,250" oya="0" hai0="124,73,109,119,87,134,76,35,103,10,118,78,127" hai1="43,4,86,62,17,122,117,28,23,128,83,116,93" hai2="100,133,115,129,56,38,91,94,75,102,9,130,132" hai3="126,81,39,74,18,7,53,30,108,25,50,27,84"/><T92/><D35/><U13/><E122/><V1/><F38/><W113/><G39/><T36/><D36/><U90/><E128/><N who="2" m="49259" /><F56/><W47/><G113/><T14/><D14/><U114/><E114/><V82/><F9/><W26/><G74/><T6/><D10/><U106/><E106/><V45/><F45/><W96/><G108/><T69/><D69/><U98/><E43/><V3/><F3/><W32/><G126/><N who="0" m="48171" /><D6/><U89/><E4/><V95/><F1/><W8/><G18/><T0/><D0/><U85/><E28/><V60/><F60/><W24/><G96/><N who="0" m="59783" /><D109/><U61/><E116/><N who="0" m="44585" /><D134/><N who="2" m="51818" /><F115/><W97/><G32/><T15/><D15/><U105/><E117/><V21/><F21/><W22/><G8/><T72/><D87/><U123/><E85/><N who="2" m="50615" /><F75/><AGARI ba="0,0" hai="72,73,75,76,78" m="44585,59783,48171" machi="75" ten="40,7700,0" yaku="18,1,34,2" doraHai="64" who="0" fromWho="2" sc="250,77,250,0,250,-77,250,0" /><INIT seed="0,1,0,5,2,53" ten="327,250,173,250" oya="0" hai0="20,2,7,40,39,36,73,86,110,63,4,55,107" hai1="68,112,97,111,58,23,13,27,70,50,11,35,105" hai2="98,19,74,72,24,102,79,88,119,135,124,61,60" hai3="126,46,120,103,130,12,57,104,77,123,116,56,121"/><T100/><D73/><U131/><E35/><V64/><F124/><W113/><G116/><T118/><D118/><U32/><E32/><V25/><F119/><W101/><G113/><T114/><D114/><U5/><E112/><V30/><F135/><W82/><G126/><T106/><D86/><U43/><E111/><V42/><F42/><W6/><G130/><T99/><D107/><U132/><E131/><V0/><F0/><W128/><G128/><T69/><D110/><U17/><E132/><V29/><F19/><W85/><G46/><T26/><D40/><U76/><E76/><V18/><F18/><W49/><G49/><T109/><D109/><U84/><E84/><V44/><F44/><W31/><G31/><T80/><D80/><U66/><E43/><V14/><F14/><W127/><G127/><T129/><D129/><U96/><E105/><V125/><F88/><W71/><G71/><T15/><D15/><U115/><E115/><V134/><F79/><W34/><G34/><T90/><D90/><U22/><E70/><N who="2" m="42247" /><F61/><W89/><G77/><T52/><D69/><U16/><E68/><V95/><F134/><W48/><G48/><T28/><D55/><N who="1" m="32119" /><E66/><V94/><F94/><W75/><G75/><N who="2" m="28713" /><F125/><W51/><G51/><T117/><D117/><U33/><E33/><V83/><F83/><W37/><G37/><T62/><D62/><U8/><E5/><N who="0" m="2121" /><D2/><U92/><E92/><V122/><F122/><W87/><G87/><T133/><D133/><U9/><AGARI ba="1,0" hai="8,9,11,13,16,17,22,23,27,96,97" m="32119" machi="9" ten="30,4000,0" yaku="8,1,52,1,54,1" doraHai="53" who="1" fromWho="1" sc="327,-21,250,43,173,-11,250,-11" /><INIT seed="1,0,0,5,2,121" ten="306,293,162,239" oya="1" hai0="15,35,59,84,133,19,49,94,43,4,126,71,11" hai1="115,76,88,89,39,16,46,58,25,69,2,62,51" hai2="100,63,105,81,44,125,20,3,72,118,112,114,36" hai3="67,123,6,13,132,23,26,40,50,61,57,83,134"/><U128/><E115/><V113/><F118/><W21/><G123/><T77/><D71/><U32/><E2/><V12/><F3/><W33/><G33/><T129/><D35/><U78/><E39/><V96/><F125/><W117/><G117/><T70/><D70/><U97/><E69/><V30/><F63/><W82/><G6/><T119/><D119/><U106/><E128/><V74/><F81/><W127/><G127/><T111/><D111/><U52/><E106/><V135/><F135/><N who="3" m="51755" /><G13/><T1/><D133/><U18/><E32/><V75/><F12/><W85/><G26/><T17/><D126/><U28/><E28/><V9/><F9/><W56/><G83/><N who="0" m="47215" /><D1/><U55/><E25/><V27/><REACH who="2" step="1"/><F75/><REACH who="2" ten="306,293,152,239" step="2"/><W45/><G57/><T10/><D10/><U47/><E58/><V98/><F98/><W79/><AGARI ba="0,1" hai="21,23,40,45,50,56,61,67,79,82,85" m="51755" machi="79" ten="30,1100,0" yaku="20,1" doraHai="121" who="3" fromWho="3" sc="306,-3,293,-5,152,-3,239,21" /><INIT seed="2,0,0,1,3,81" ten="303,288,149,260" oya="2" hai0="121,122,34,109,35,99,75,6,88,130,8,52,129" hai1="59,55,116,108,19,107,133,68,105,110,47,17,73" hai2="98,61,64,32,18,78,62,2,57,54,103,128,72" hai3="3,38,5,43,21,95,28,79,90,48,131,119,100"/><V11/><F128/><N who="0" m="49258" /><D75/><U101/><E116/><V97/><F32/><N who="0" m="12330" /><D109/><N who="1" m="42091" /><E68/><V82/><F103/><W36/><G131/><T26/><D26/><U104/><E133/><V20/><F11/><W86/><G119/><T12/><D52/><U66/><E73/><V123/><F2/><W27/><G100/><T41/><D41/><U31/><E31/><V77/><F77/><W126/><G126/><T89/><D99/><U125/><E125/><V22/><F123/><AGARI ba="0,0" hai="6,8,12,88,89,121,122,123" m="12330,49258" machi="123" ten="40,2600,0" yaku="19,1,54,1" doraHai="81" who="0" fromWho="2" sc="303,26,288,0,149,-26,260,0" /><INIT seed="3,0,0,3,5,9" ten="329,288,123,260" oya="3" hai0="120,135,64,102,54,69,98,3,17,73,70,22,47" hai1="34,83,81,80,126,77,128,123,85,107,75,134,88" hai2="108,103,15,62,110,72,5,28,42,101,130,90,53" hai3="133,95,19,6,46,131,116,14,112,68,0,35,8"/><W26/><G116/><T124/><D73/><U114/><E34/><V127/><F72/><W10/><G112/><T104/><D120/><U97/><E123/><V121/><F121/><W78/><G68/><T36/><D3/><U91/><E114/><V118/><F118/><W66/><G131/><T100/><D100/><N who="1" m="62863" /><E128/><V55/><F130/><W125/><G133/><T93/><D135/><U21/><E21/><V89/><F127/><W30/><G125/><T61/><D124/><U74/><E126/><V18/><F42/><W37/><G66/><T65/><D104/><U2/><E2/><V25/><F5/><W13/><G78/><T115/><D115/><U87/><E134/><V56/><F55/><W41/><G95/><T39/><D54/><U16/><E16/><V119/><F119/><W29/><G29/><T24/><D47/><U32/><E32/><V52/><F53/><W96/><G96/><T82/><D82/><N who="1" m="31851" /><E75/><V31/><F103/><W51/><REACH who="3" step="1"/><G0/><REACH who="3" ten="329,288,123,250" step="2"/><T63/><AGARI ba="0,1" hai="17,22,24,36,39,61,63,64,65,69,70,93,98,102" machi="63" ten="30,2000,0" yaku="0,1,9,1" doraHai="9" who="0" fromWho="0" sc="329,30,288,-5,123,-5,250,-10" owari="359,45.9,283,8.3,118,-38.2,240,-16.0" /></mjloggm>