<mjloggm ver="2.3"><GO type="225" lobby="0"/><UN n0="%E7%99%BD%E6%97%A5%E9%9B%AA%E8%8F%9C" n1="%45%6C%79%73%69%75%6D" n2="%73%75%7A%75%6D%65%33" n3="%6D%75%75%6D%75%72%61" dan="16,17,18,17" rate="2140.17,2112.41,2266.02,2198.24" sx="M,F,M,F"/><TAIKYOKU oya="0"/><INIT seed="0,0,0,1,2,76" ten="250,250,250,250" oya="0" hai0="7,10,51,130,45,128,11,62,94,88,16,53,30" hai1="91,116,32,131,95,59,24,52,108,115,20,1,33" hai2="57,97,0,127,101,125,49,121,2,9,89,124,75" hai3="14,31,103,77,27,63,107,81,5,54,96,102,104"/><T82/><D30/><U90/><E116/><V71/><F71/><W78/><G5/><T66/><D11/><U73/><E73/><V46/><F121/><W23/><G14/><T67/><D67/><U65/><E1/><V80/><F57/><W118/><G118/><T43/><D16/><N who="1" m="12295" /><E108/><V72/><F72/><W6/><G6/><T117/><D117/><U34/><E65/><V98/><F9/><W40/><G40/><T39/><D82/><U35/><E91/><V109/><F109/><W55/><G63/><T100/><D100/><U21/><E21/><V105/><F98/><W120/><G120/><T61/><D10/><U119/><E119/><V111/><F111/><W86/><G78/><T37/><D7/><U122/><E122/><V44/><F44/><W26/><G27/><T12/><D12/><U135/><E135/><V113/><F113/><W110/><G110/><T4/><D4/><U112/><E131/><N who="0" m="50217" /><D43/><U85/><E33/><V38/><F89/><W58/><G58/><N who="0" m="37175" /><D62/><N who="1" m="36199" /><E32/><V60/><F60/><W132/><G132/><T87/><AGARI ba="0,0" hai="37,39,45,51,53,87,88,94" m="37175,50217" machi="87" ten="30,3000,0" yaku="19,1,54,1" doraHai="76" who="0" fromWho="0" sc="250,30,250,-10,250,-10,250,-10" /><INIT seed="0,1,0,1,1,48" ten="280,240,240,240" oya="0" hai0="8,67,98,40,133,89,103,134,24,36,93,30,87" hai1="63,41,75,27,23,57,17,11,66,31,83,126,94" hai2="125,99,100,45,106,50,15,113,84,55,5,91,19" hai3="59,1,135,129,131,121,32,102,33,52,65,35,53"/><T73/><D73/><U25/><E126/><V10/><F125/><W88/><G1/><T123/><D123/><U119/><E119/><V101/><F101/><W56/><G121/><T117/><D117/><U37/><E37/><V69/><F69/><W90/><G135/><N who="0" m="51723" /><D67/><U105/><E105/><V28/><F28/><W4/><G4/><T104/><D8/><U34/><E41/><V116/><F116/><W20/><G102/><T21/><D40/><U22/><E94/><V38/><F38/><AGARI ba="1,0" hai="21,24,30,36,38,87,89,93,98,103,104" m="51723" machi="38" ten="30,1500,0" yaku="20,1" doraHai="48" who="0" fromWho="2" sc="280,18,240,0,240,-18,240,0" /><INIT seed="0,2,0,0,3,52" ten="298,240,222,240" oya="0" hai0="113,106,125,8,32,131,54,1,111,57,37,107,7" hai1="108,68,31,29,60,72,65,75,100,51,39,114,2" hai2="128,82,16,12,126,87,95,25,35,36,130,94,24" hai3="4,56,0,46,97,74,69,34,127,109,45,119,22"/><T110/><D113/><U120/><E120/><V26/><F36/><W61/><G34/><T101/><D37/><U80/><E39/><V116/><F35/><W28/><G119/><T70/><D70/><U67/><E114/><V73/><F73/><W17/><G109/><N who="0" m="41483" /><D125/><U132/><E108/><V86/><F116/><W66/><G127/><T123/><D123/><U18/><E2/><V135/><F135/><W30/><G74/><T90/><D131/><N who="2" m="50218" /><F126/><W59/><G97/><N who="0" m="61743" /><D107/><U43/><E132/><V102/><F102/><W58/><G4/><T115/><D115/><U20/><E67/><V81/><F87/><W91/><G0/><T33/><D90/><U133/><E133/><V63/><F63/><AGARI ba="2,0" hai="1,7,8,32,33,54,57,63" m="61743,41483" machi="63" ten="30,5800,0" yaku="14,1,10,1,52,1" doraHai="52" who="0" fromWho="2" sc="298,64,240,0,222,-64,240,0" /><INIT seed="0,3,0,5,2,22" ten="362,240,158,240" oya="0" hai0="2,107,5,56,112,132,93,117,127,9,104,39,21" hai1="62,92,76,1,24,86,53,69,48,10,55,134,64" hai2="60,114,59,135,73,54,118,0,120,109,15,96,4" hai3="111,78,84,18,57,63,20,85,38,45,6,97,100"/><T72/><D112/><U51/><E134/><V99/><F114/><W125/><G111/><T129/><D117/><U3/><E10/><V79/><F118/><W80/><G125/><T77/><D132/><U83/><E92/><V19/><F135/><W98/><G6/><T13/><D127/><U81/><E81/><V133/><F133/><W34/><G34/><T119/><D119/><U40/><E40/><V31/><F109/><W49/><G38/><T87/><D39/><U108/><E108/><V71/><F120/><W67/><G84/><T17/><D129/><U25/><E51/><V44/><F31/><W110/><G100/><T102/><D72/><U75/><E75/><V116/><F116/><W66/><G66/><T89/><D77/><U33/><E55/><V29/><F29/><W7/><G7/><T50/><D102/><U46/><REACH who="1" step="1"/><E33/><REACH who="1" ten="362,230,158,240" step="2"/><V124/><F124/><W23/><G110/><T42/><D42/><U123/><E123/><V61/><F73/><W94/><G94/><T122/><D122/><U68/><E68/><V27/><F54/><AGARI ba="3,1" hai="2,5,9,13,17,21,50,54,56,87,89,93,104,107" machi="54" ten="40,3900,0" yaku="25,2" doraHai="22" who="0" fromWho="2" sc="362,58,230,0,158,-48,240,0" /><INIT seed="0,4,0,5,2,112" ten="420,230,110,240" oya="0" hai0="123,97,12,10,65,59,30,47,67,14,29,74,48" hai1="52,87,13,100,61,101,33,63,43,24,8,82,73" hai2="128,94,132,56,79,51,20,31,64,105,68,0,26" hai3="9,21,104,19,95,84,76,133,130,96,121,115,22"/><T107/><D123/><U34/><E73/><V37/><F105/><W116/><G115/><T41/><D74/><U62/><E43/><V1/><F132/><W55/><G133/><T110/><D110/><U60/><E33/><V90/><F128/><W57/><G130/><T91/><D14/><U106/><E106/><V38/><F79/><W58/><G121/><T39/><D39/><U6/><E24/><V129/><F129/><W2/><G104/><T127/><D127/><U70/><E34/><V102/><F102/><W135/><G135/><T11/><D11/><U86/><E70/><V122/><F122/><W80/><G116/><T16/><D107/><U27/><E27/><V93/><F93/><W5/><G19/><T78/><D78/><N who="1" m="46423" /><E87/><V32/><F32/><W3/><G3/><T40/><D40/><U131/><E131/><V35/><F35/><W23/><REACH who="3" step="1"/><G55/><REACH who="3" ten="420,230,110,230" step="2"/><T99/><D16/><U36/><E36/><V46/><F38/><W25/><G25/><T44/><D30/><U85/><E52/><V77/><F37/><W134/><G134/><T18/><D29/><U119/><E119/><V88/><F0/><W103/><AGARI ba="4,1" hai="2,5,9,21,22,23,57,58,76,80,84,95,96,103" machi="103" ten="30,2000,0" yaku="1,1,0,1,53,0" doraHai="112" doraHaiUra="50" who="3" fromWho="3" sc="420,-14,230,-9,110,-9,230,42" /><INIT seed="1,0,0,3,5,112" ten="406,221,101,272" oya="1" hai0="68,40,84,79,117,131,124,46,93,17,10,119,39" hai1="114,21,111,80,116,43,134,6,101,99,63,8,13" hai2="9,44,31,34,58,113,97,115,25,55,110,41,47" hai3="92,82,18,35,120,61,100,126,53,36,60,102,121"/><U45/><E114/><N who="2" m="43531" /><F110/><W29/><G36/><T5/><D68/><U90/><E111/><V130/><F130/><W11/><G126/><T57/><D131/><U62/><E134/><V19/><F97/><W69/><G82/><T107/><D107/><U27/><E116/><V2/><F41/><W16/><G35/><T87/><D124/><U51/><E90/><V118/><F118/><W70/><G29/><T86/><D17/><U78/><E99/><V95/><F95/><W33/><G33/><T108/><D108/><U7/><E101/><V22/><F9/><W77/><G92/><T1/><D79/><U32/><E32/><V75/><F2/><W14/><G77/><T129/><D129/><U56/><E56/><V91/><F91/><W20/><G53/><T30/><D30/><U65/><E65/><V3/><F3/><W74/><G11/><T133/><D133/><U54/><E54/><V125/><F75/><W28/><G74/><T72/><D72/><U26/><E6/><V48/><F125/><W67/><G67/><T109/><D109/><U50/><E50/><V38/><F38/><W98/><G98/><T105/><D105/><U71/><E71/><V0/><F0/><W106/><G106/><T83/><D83/><U15/><E78/><V94/><F94/><W123/><G123/><T4/><D93/><U66/><E80/><V73/><F73/><W12/><G20/><T42/><D42/><U59/><E63/><V76/><F76/><W89/><G89/><T96/><D96/><U49/><E49/><V85/><F85/><N who="0" m="32874" /><D119/><U24/><E21/><RYUUKYOKU ba="0,0" sc="406,-30,221,10,101,10,272,10" hai1="7,8,13,15,24,26,27,43,45,51,59,62,66" hai2="19,22,25,31,34,44,47,48,55,58" hai3="12,14,16,18,28,60,61,69,70,100,102,120,121" /><INIT seed="1,1,0,1,3,52" ten="376,231,111,282" oya="1" hai0="37,25,9,67,98,103,43,39,117,16,116,60,42" hai1="68,134,17,35,55,54,108,106,85,49,90,87,15" hai2="125,123,57,14,2,109,20,132,81,73,48,63,56" hai3="135,122,21,5,58,84,99,18,101,51,133,11,50"/><U75/><E75/><V65/><F123/><W100/><G122/><T36/><D43/><U124/><E106/><V89/><F2/><N who="3" m="439" /><G84/><T114/><D114/><U105/><E105/><V0/><F0/><W77/><G77/><T96/><D42/><U113/><E113/><V119/><F119/><W95/><G100/><T8/><D8/><U120/><E120/><V92/><F109/><W71/><G71/><T76/><D76/><U64/><E35/><V46/><F132/><N who="3" m="50763" /><G58/><T31/><D31/><U34/><E68/><V121/><F121/><W41/><G41/><T104/><D96/><U80/><E134/><V13/><F125/><W130/><G130/><T110/><D110/><U115/><E108/><V44/><F73/><W53/><G53/><T3/><D3/><U61/><E55/><N who="2" m="31847" /><F81/><W22/><G22/><T1/><D116/><U45/><E80/><V12/><F20/><W70/><G70/><T128/><D117/><U72/><E72/><V26/><F26/><AGARI ba="1,0" hai="18,21,26,50,51,95,99,101" m="50763,439" machi="26" ten="30,1000,0" yaku="20,1" doraHai="52" who="3" fromWho="2" sc="376,0,231,0,111,-13,282,13" /><INIT seed="2,0,0,5,3,49" ten="376,231,98,295" oya="2" hai0="14,81,16,124,99,112,97,33,129,8,30,73,51" hai1="2,53,46,77,127,84,45,32,105,82,103,47,83" hai2="64,4,41,134,38,89,11,88,93,75,109,80,90" hai3="66,35,111,57,94,86,87,25,61,114,36,98,100"/><V102/><F134/><W5/><G36/><T31/><D112/><U50/><E32/><V23/><F109/><W1/><G111/><T42/><D124/><U54/><E2/><V59/><F23/><W7/><G114/><T95/><D129/><U28/><E127/><V116/><F116/><W119/><G119/><T26/><D31/><U60/><E28/><V40/><F102/><W92/><G35/><T126/><D126/><U123/><E123/><V128/><F128/><W118/><G118/><T29/><D29/><U78/><E60/><V74/><F93/><N who="3" m="58447" /><G1/><T58/><D95/><N who="3" m="36393" /><G25/><T115/><D115/><U67/><E67/><V121/><F121/><W52/><G66/><T132/><D132/><U63/><E63/><V19/><F38/><W117/><G117/><T104/><D104/><U10/><E10/><V70/><F70/><W13/><G13/><T48/><D48/><U56/><E103/><V43/><F80/><W34/><G34/><T3/><D3/><U106/><REACH who="1" step="1"/><E53/><REACH who="1" ten="376,221,98,295" step="2"/><V15/><REACH who="2" step="1"/><F4/><AGARI ba="0,1" hai="4,5,7,52,57,61,86,87" m="36393,58447" machi="4" ten="30,3900,0" yaku="8,1,52,1,54,1" doraHai="49" who="3" fromWho="2" sc="376,0,221,0,98,-39,295,49" /><INIT seed="3,0,0,3,2,6" ten="376,221,59,344" oya="3" hai0="50,133,101,2,130,67,12,129,35,3,1,114,86" hai1="13,65,97,79,96,125,21,4,89,108,113,27,42" hai2="61,107,99,87,40,10,22,77,81,78,75,0,74" hai3="38,110,54,90,14,32,34,30,70,11,122,43,73"/><W98/><G122/><T58/><D35/><U41/><E113/><V18/><F61/><W16/><G73/><T117/><D117/><U124/><E108/><V103/><F22/><W106/><G70/><T85/><D114/><U127/><E79/><V46/><F18/><W33/><G110/><T49/><D133/><U93/><E96/><V36/><F87/><N who="0" m="33290" /><D101/><U121/><E65/><V55/><F55/><W111/><G111/><T63/><D12/><U48/><E48/><V47/><F47/><W131/><G131/><N who="0" m="50187" /><D50/><U132/><E121/><V26/><F26/><W31/><G54/><N who="0" m="32079" /><D1/><U45/><E45/><V123/><F123/><W115/><G115/><T82/><D82/><U84/><E132/><V7/><F77/><W5/><G5/><T118/><D118/><U94/><E13/><V19/><F19/><W76/><G76/><T52/><D52/><U24/><E4/><V112/><F112/><W105/><G105/><T91/><D91/><U66/><E66/><V15/><F15/><W17/><G17/><T95/><D95/><U51/><E51/><V83/><F83/><W134/><G134/><T71/><AGARI ba="0,0" hai="2,3,63,67,71" m="32079,50187,33290" machi="71" ten="30,1100,0" yaku="19,1" doraHai="6" who="0" fromWho="0" sc="376,11,221,-3,59,-3,344,-5" owari="387,48.7,218,-18.2,56,-44.4,339,13.9" /></mjloggm>