<mjloggm ver="2.3"><GO type="225" lobby="0"/><UN n0="%E6%80%AA%E3%81%97%E3%81%99%E3%81%8E%E3%82%8B%E3%83%81%E3%83%BC" n1="%72%69%6F%75%63%68%61%6E" n2="%E3%81%AF%E3%82%88%E3%81%8A%E3%81%98%E3%81%95%E3%82%93" n3="%E3%81%A1%E3%82%85%E3%81%86%E3%81%A9%E3%81%8F%E8%B1%A1%E3%81%95%E3%82%93" dan="16,17,16,17" rate="2151.62,2244.62,2144.36,2187.59" sx="M,M,M,M"/><TAIKYOKU oya="0"/><INIT seed="0,0,0,2,0,113" ten="250,250,250,250" oya="0" hai0="71,30,97,24,73,69,12,17,52,119,110,115,62" hai1="65,60,120,20,38,59,42,33,50,44,127,111,75" hai2="112,79,95,3,22,57,47,45,63,48,49,118,6" hai3="103,28,40,122,132,77,4,8,54,64,128,130,7"/><T61/><D119/><U90/><E120/><V106/><F112/><W85/><G40/><T76/><D115/><U84/><E33/><V51/><F106/><W104/><G64/><T101/><D110/><U26/><E111/><V15/><F118/><W66/><G66/><T107/><D76/><U36/><E127/><V1/><F79/><W41/><G41/><T102/><D73/><U78/><E78/><V134/><F134/><W99/><G122/><T5/><D5/><U93/><REACH who="1" step="1"/><E75/><REACH who="1" ten="250,240,250,250" step="2"/><V10/><F1/><W133/><G133/><T80/><D71/><U135/><E135/><V55/><F3/><W9/><G132/><T35/><D69/><U53/><E53/><V129/><F129/><W96/><G54/><T108/><D52/><U94/><E94/><V114/><F114/><W19/><G130/><T81/><D108/><U68/><E68/><V92/><F92/><W67/><G128/><T18/><D107/><U86/><E86/><V23/><F95/><W34/><G85/><T43/><D81/><U105/><E105/><V123/><F123/><W21/><G77/><T29/><D80/><U82/><E82/><V100/><F100/><W56/><G104/><N who="0" m="63535" /><D35/><U83/><E83/><V27/><REACH who="2" step="1"/><F23/><REACH who="2" ten="250,240,240,250" step="2"/><W126/><G103/><T124/><D102/><U72/><E72/><V37/><F37/><W16/><G21/><T0/><D0/><U46/><E46/><V11/><F11/><W31/><G8/><T25/><D124/><U32/><E32/><V2/><F2/><W70/><G9/><T13/><D62/><U98/><E98/><N who="3" m="37418" /><G126/><T109/><D109/><RYUUKYOKU ba="0,2" sc="250,-15,240,15,240,15,250,-15" hai1="20,26,36,38,42,44,50,59,60,65,84,90,93" hai2="6,10,15,22,27,45,47,48,49,51,55,57,63" /><INIT seed="1,1,2,1,2,98" ten="235,255,255,235" oya="1" hai0="112,100,119,21,126,54,102,111,88,22,2,74,1" hai1="50,85,58,46,14,31,121,4,68,47,113,66,104" hai2="122,38,90,117,64,37,106,61,128,101,62,86,80" hai3="120,42,45,10,123,77,25,48,107,97,34,91,95"/><U76/><E113/><V19/><F117/><W43/><G107/><T28/><D74/><U94/><E121/><V96/><F122/><W3/><G77/><T115/><D119/><U92/><E104/><V125/><F125/><W35/><G42/><T67/><D67/><U8/><E68/><V72/><F128/><W131/><G131/><T124/><D54/><U5/><E31/><V69/><F62/><W18/><G34/><T13/><D28/><U134/><E134/><V29/><F19/><W110/><G110/><T56/><D56/><U108/><E108/><V103/><F103/><N who="0" m="39466" /><D111/><U32/><E32/><V12/><F12/><W65/><G65/><T75/><D88/><U0/><E4/><V135/><F135/><W51/><G51/><T7/><D75/><U40/><E0/><N who="0" m="105" /><D7/><U9/><E9/><V23/><F23/><N who="0" m="8714" /><D13/><U57/><E47/><V105/><F106/><W55/><G3/><T17/><D17/><U6/><E6/><V60/><F61/><W109/><G109/><T73/><D73/><U79/><E57/><V52/><F52/><W36/><G55/><T133/><D133/><U16/><E16/><V15/><F15/><N who="3" m="7543" /><G123/><T33/><D33/><U78/><REACH who="1" step="1"/><E85/><REACH who="1" ten="235,245,255,235" step="2"/><V114/><F29/><W30/><G120/><T89/><D115/><U39/><E39/><N who="2" m="14859" /><F72/><W11/><G36/><T59/><D112/><U84/><E84/><V27/><F114/><W81/><G11/><T116/><D59/><U20/><E20/><V118/><F118/><W93/><G97/><T49/><D116/><U129/><E129/><V127/><F27/><W70/><G70/><RYUUKYOKU ba="1,3" sc="235,-30,245,10,255,10,235,10" hai1="5,8,14,40,46,50,58,66,76,78,79,92,94" hai2="60,64,69,80,86,90,96,101,105,127" hai3="25,30,35,43,45,48,81,91,93,95" /><INIT seed="1,2,3,4,1,92" ten="205,255,265,245" oya="1" hai0="43,99,31,116,128,27,76,52,57,107,98,119,38" hai1="49,70,101,73,41,22,19,64,25,125,90,60,23" hai2="18,126,45,37,61,21,9,66,72,100,65,91,121" hai3="85,122,29,131,97,58,110,78,32,34,108,83,2"/><U77/><E125/><V3/><F121/><W8/><G122/><T103/><D128/><U87/><E101/><V62/><F72/><W0/><G131/><T33/><D76/><U35/><E73/><V14/><F126/><W75/><G58/><T47/><REACH who="0" step="1"/><D99/><REACH who="0" ten="195,255,265,245" step="2"/><U16/><E77/><V89/><F89/><W7/><G97/><T86/><D86/><U39/><E39/><V24/><F91/><W135/><G85/><T13/><D13/><U53/><E41/><V113/><F14/><W123/><G123/><T42/><D42/><U106/><E87/><V124/><F37/><W118/><G0/><T1/><D1/><U26/><E90/><V28/><F3/><W134/><G118/><T12/><D12/><U120/><E120/><V15/><F15/><W104/><G104/><T95/><D95/><U109/><E106/><V4/><F124/><W93/><G93/><T46/><D46/><U114/><E114/><V96/><F45/><W112/><G112/><T30/><D30/><U81/><E81/><V129/><F28/><W117/><G117/><T84/><D84/><U56/><REACH who="1" step="1"/><E35/><REACH who="1" ten="195,245,265,245" step="2"/><N who="3" m="13354" /><G29/><T127/><D127/><U115/><E115/><V10/><F113/><W40/><G40/><T11/><D11/><U132/><E132/><AGARI ba="2,5" hai="2,7,8,75,78,83,108,110,132,134,135" m="13354" machi="132" ten="30,2000,0" yaku="20,1,23,1" doraHai="92" who="3" fromWho="1" sc="195,0,245,-26,265,0,245,76" /><INIT seed="2,0,0,2,2,51" ten="195,219,265,321" oya="2" hai0="32,114,76,112,38,70,104,63,30,75,132,103,58" hai1="107,84,7,29,48,6,121,83,13,19,10,134,37" hai2="68,24,35,95,127,80,53,93,117,123,21,77,25" hai3="9,118,86,45,102,125,128,124,23,52,33,49,100"/><V87/><F117/><W135/><G118/><T99/><D132/><U18/><E37/><V8/><F123/><W74/><G74/><T56/><D38/><U16/><E134/><V109/><F68/><W27/><G135/><T98/><D98/><U12/><E121/><V28/><F127/><N who="3" m="48715" /><G128/><T66/><D56/><U40/><E107/><V126/><F126/><W34/><G9/><T122/><D58/><U14/><E29/><V94/><F109/><W60/><G60/><T1/><D1/><U17/><E6/><V59/><F8/><W43/><G86/><T65/><D65/><U96/><E96/><V46/><F46/><W2/><G2/><T108/><D108/><U106/><E106/><V41/><F41/><W111/><G111/><T57/><D57/><U54/><E40/><V55/><REACH who="2" step="1"/><F59/><REACH who="2" ten="195,219,255,321" step="2"/><W129/><G43/><T39/><D122/><U88/><N who="1" m="4096" /><DORA hai="113" /><U116/><E116/><V4/><F4/><W50/><G45/><AGARI ba="0,1" hai="7,10,12,13,14,45,48,54,83,84,88" m="4096" machi="45" ten="50,8000,1" yaku="8,1,52,1,54,2" doraHai="51,113" who="1" fromWho="3" sc="195,0,219,90,255,0,321,-80" /><INIT seed="3,0,0,2,5,73" ten="195,309,255,241" oya="3" hai0="102,83,92,45,17,91,94,108,113,86,29,101,15" hai1="97,2,110,62,52,43,107,8,111,112,85,67,26" hai2="56,100,44,59,126,64,127,10,105,32,28,13,122" hai3="40,121,55,81,69,132,98,114,71,82,49,58,47"/><W19/><G121/><T116/><D116/><U3/><E112/><V12/><F122/><W50/><G114/><T77/><D113/><U16/><E43/><V90/><F90/><W78/><G132/><T75/><D108/><N who="1" m="41515" /><E52/><V21/><F32/><W134/><G134/><T31/><D45/><U11/><E85/><V33/><F33/><W76/><G19/><T128/><D128/><U57/><E26/><V135/><F44/><W37/><G98/><T109/><D109/><U9/><E16/><V42/><F42/><W5/><G5/><T103/><REACH who="0" step="1"/><D94/><REACH who="0" ten="185,309,255,241" step="2"/><U124/><E124/><V72/><F126/><W18/><G37/><T1/><D1/><U60/><E60/><V96/><F127/><W87/><G18/><T0/><D0/><U106/><E106/><V6/><F105/><W14/><G14/><T66/><D66/><U89/><E107/><V24/><F64/><W46/><G47/><T79/><D79/><U70/><E70/><V65/><F65/><W118/><G118/><T27/><D27/><U123/><E123/><V74/><F12/><W95/><G95/><AGARI ba="0,1" hai="2,3,8,9,11,57,62,67,89,95,97" m="41515" machi="95" ten="30,1000,0" yaku="14,1" doraHai="73" who="1" fromWho="3" sc="185,0,309,20,255,0,241,-10" owari="185,-31.5,329,42.9,255,5.5,231,-16.9" /></mjloggm>