<mjloggm ver="2.3"><GO type="225" lobby="0"/><UN n0="%E6%98%93%E5%88%A9%E8%96%A9%E4%BC%AF" n1="%E5%8D%A0%E3%81%84%E5%B8%AB%E8%A3%8F%E3%81%AA%E3%81%84%E3%81%97" n2="%72%69%6F%75%63%68%61%6E" n3="%E4%BA%AE%E6%B5%81%E6%89%93%E8%80%85" dan="16,17,16,16" rate="2103.65,2235.50,2176.12,2112.56" sx="F,M,M,F"/><TAIKYOKU oya="0"/><INIT seed="0,0,0,5,1,65" ten="250,250,250,250" oya="0" hai0="42,101,130,58,98,93,74,41,15,0,68,119,102" hai1="73,70,84,113,128,59,30,33,99,6,110,25,90" hai2="18,131,64,106,129,49,9,111,3,29,75,53,114" hai3="97,11,35,127,120,94,40,4,132,125,28,13,48"/><T112/><D0/><U45/><E113/><V16/><F111/><W69/><G35/><T92/><D112/><U87/><E110/><V52/><F114/><W22/><G132/><T12/><D74/><U60/><E73/><V126/><F126/><N who="3" m="48139" /><G120/><T88/><D119/><U100/><E128/><N who="2" m="49227" /><F106/><W67/><G40/><T10/><D68/><U121/><E121/><V76/><F29/><W117/><G48/><T7/><D130/><U62/><E6/><N who="2" m="1247" /><F64/><W37/><G37/><T95/><D15/><U21/><E33/><V135/><F135/><W78/><G78/><T1/><D1/><U43/><E70/><V72/><F53/><W38/><G38/><T122/><D122/><U81/><E59/><N who="2" m="33167" /><F72/><W27/><G117/><T108/><D108/><U103/><E60/><V63/><F63/><N who="3" m="40191" /><G94/><N who="0" m="36459" /><D58/><U19/><E62/><V47/><F47/><W77/><G97/><T71/><D71/><U44/><E99/><V54/><F54/><W124/><G124/><T51/><D51/><U24/><E44/><V23/><F23/><W26/><G28/><T105/><D105/><U2/><E2/><V39/><F39/><W14/><G22/><T123/><D123/><U118/><E118/><V57/><F57/><W83/><G14/><T85/><D85/><AGARI ba="0,0" hai="4,11,13,26,27,77,83,85" m="40191,48139" machi="85" ten="30,2000,0" yaku="18,1,52,1" doraHai="65" who="3" fromWho="0" sc="250,-20,250,0,250,0,250,20" /><INIT seed="1,0,0,2,5,73" ten="230,250,250,270" oya="1" hai0="90,51,121,7,49,117,57,38,72,70,43,94,64" hai1="108,18,16,20,98,96,100,88,5,15,130,4,75" hai2="59,105,107,89,124,27,84,48,41,125,65,93,86" hai3="61,83,42,23,78,110,34,37,1,40,87,77,66"/><U99/><E75/><V128/><F128/><W14/><G34/><T106/><D117/><U92/><E130/><V115/><F115/><W6/><G1/><T131/><D106/><U53/><E108/><V116/><F116/><W55/><G55/><T101/><D121/><U126/><E126/><N who="2" m="48747" /><F27/><W2/><G2/><T79/><D101/><U120/><E120/><V24/><F24/><W31/><G37/><T39/><D70/><U10/><E53/><N who="2" m="32167" /><F65/><W19/><G6/><N who="1" m="2666" /><E100/><V85/><F41/><N who="3" m="15979" /><G31/><T76/><D131/><U8/><E18/><V12/><F12/><W58/><G110/><T54/><D64/><U69/><E69/><V28/><F28/><W9/><G9/><AGARI ba="0,0" hai="8,9,10,15,16,20,88,92,96,98,99" m="2666" machi="9" ten="30,5800,0" yaku="8,1,54,2" doraHai="73" who="1" fromWho="3" sc="230,0,250,58,250,0,270,-58" /><INIT seed="1,1,0,4,1,106" ten="230,308,250,212" oya="1" hai0="30,44,24,49,66,87,0,45,130,121,5,42,59" hai1="63,89,6,62,125,116,65,60,92,80,128,36,32" hai2="133,95,25,48,97,8,4,79,14,68,39,74,38" hai3="100,67,114,11,83,112,33,53,135,1,123,71,43"/><U76/><E116/><V72/><F68/><W88/><G33/><T103/><D130/><U96/><E32/><V82/><F133/><W124/><G123/><T111/><D111/><U10/><E128/><V105/><F105/><W119/><G119/><T23/><BYE who="3" /><D121/><U20/><E20/><V52/><BYE who="1" /><F25/><UN n1="%E5%8D%A0%E3%81%84%E5%B8%AB%E8%A3%8F%E3%81%AA%E3%81%84%E3%81%97" /><W17/><G17/><T37/><D103/><U85/><E36/><V98/><F72/><W99/><G99/><T73/><D73/><UN n3="%E4%BA%AE%E6%B5%81%E6%89%93%E8%80%85" /><U21/><E21/><V13/><F13/><W9/><G135/><T54/><D87/><U56/><REACH who="1" step="1"/><E125/><REACH who="1" ten="230,298,250,212" step="2"/><V46/><REACH who="2" step="1"/><F98/><REACH who="2" ten="230,298,240,212" step="2"/><W18/><G124/><T57/><REACH who="0" step="1"/><D66/><REACH who="0" ten="220,298,240,212" step="2"/><U93/><E93/><V35/><F35/><W19/><G67/><T126/><D126/><U101/><E101/><AGARI ba="1,3" hai="4,8,14,38,39,46,48,52,74,79,82,95,97,101" machi="101" ten="30,7700,0" yaku="1,1,7,1,52,1,54,1,53,0" doraHai="106" doraHaiUra="29" who="2" fromWho="1" sc="220,0,298,-80,240,110,212,0" /><INIT seed="2,0,0,0,0,30" ten="220,218,350,212" oya="2" hai0="37,38,91,104,36,61,34,64,60,70,88,66,134" hai1="96,133,31,54,16,123,111,10,47,29,87,14,12" hai2="32,103,0,46,4,42,79,63,35,97,78,102,127" hai3="11,100,53,129,118,7,2,49,33,85,40,13,24"/><V72/><F127/><W92/><G118/><T112/><D112/><U52/><E111/><V22/><F22/><W110/><G110/><T43/><D134/><U107/><E133/><V67/><F103/><W73/><G73/><T1/><D104/><U76/><E123/><V6/><F6/><W20/><G129/><T71/><D1/><U62/><E107/><N who="2" m="63951" /><F79/><W9/><G40/><T94/><D34/><U51/><E96/><V41/><F41/><W44/><G33/><T65/><D43/><U23/><E62/><N who="0" m="24169" /><D94/><U81/><E54/><V50/><F50/><W84/><G2/><T121/><D121/><U113/><E113/><V45/><F45/><W130/><G11/><T56/><D56/><U27/><E12/><V21/><F21/><W25/><G130/><T114/><D114/><U124/><E124/><V48/><F48/><W128/><G128/><T74/><D74/><U120/><E120/><V39/><F63/><W18/><G25/><T89/><AGARI ba="0,0" hai="36,37,38,64,65,66,70,71,88,89,91" m="24169" machi="89" ten="40,8000,1" yaku="29,2,28,2,54,1" doraHai="30" who="0" fromWho="0" sc="220,80,218,-20,350,-40,212,-20" /><INIT seed="3,0,0,5,5,3" ten="300,198,310,192" oya="3" hai0="40,81,121,96,12,123,105,72,111,69,116,33,64" hai1="37,53,125,74,22,31,119,25,20,91,23,92,113" hai2="5,63,107,97,124,32,44,108,47,80,45,24,131" hai3="76,78,34,114,135,17,73,110,7,36,2,109,52"/><W127/><G36/><T67/><D67/><U4/><E113/><V58/><F108/><N who="3" m="41579" /><G114/><T59/><D59/><U129/><E129/><V9/><F131/><W15/><G34/><T26/><D12/><U103/><E125/><V86/><F124/><W19/><G127/><T21/><D21/><N who="1" m="15791" /><E74/><V60/><F32/><W89/><G135/><T55/><D55/><U50/><E37/><V48/><F24/><W41/><G41/><T1/><D1/><U75/><E75/><V65/><F60/><W6/><G2/><T95/><D95/><U49/><E119/><V54/><F107/><W100/><G100/><N who="0" m="62599" /><D40/><U42/><E42/><V130/><F97/><W10/><G89/><T11/><D11/><U98/><E4/><N who="3" m="1578" /><G73/><T61/><D111/><U29/><E29/><V88/><F130/><W77/><G52/><T51/><D116/><U84/><E53/><V70/><F44/><W13/><G78/><N who="0" m="44231" /><D51/><U68/><E68/><V128/><F128/><W43/><G43/><T27/><D27/><U122/><E122/><V132/><F132/><W83/><G83/><AGARI ba="0,0" hai="20,22,23,49,50,83,84,91,92,98,103" m="15791" machi="83" ten="30,1000,0" yaku="8,1" doraHai="3" who="1" fromWho="3" sc="300,0,198,10,310,0,192,-10" owari="300,10.0,208,-19.2,310,41.0,182,-31.8" /></mjloggm>