<mjloggm ver="2.3"><GO type="225" lobby="0"/><UN n0="%6D%75%75%6D%75%72%61" n1="%E3%81%A8%E3%82%93%E3%81%A8%E3%81%93%E3%81%A8%E3%82%93" n2="%E9%9B%80%E6%A5%B5%E3%81%AE%E3%81%B8" n3="%68%6F%72%69%30%39%30%31" dan="17,16,16,16" rate="2190.23,2093.51,2107.53,2042.85" sx="F,M,M,M"/><TAIKYOKU oya="0"/><INIT seed="0,0,0,0,4,81" ten="250,250,250,250" oya="0" hai0="52,28,122,9,47,92,68,112,57,108,132,4,14" hai1="70,91,26,62,66,120,75,107,59,20,101,76,110" hai2="77,102,54,99,67,131,87,128,34,55,127,16,19" hai3="50,83,105,119,32,42,71,118,3,30,89,72,98"/><T43/><D112/><U106/><E120/><V31/><F127/><W40/><G71/><T64/><D122/><U6/><E110/><V2/><F2/><W85/><G3/><T58/><D108/><U17/><E101/><V24/><F67/><W10/><G10/><T97/><D132/><U78/><E6/><V7/><F7/><W79/><G30/><T93/><D28/><U124/><E124/><V38/><F38/><W49/><G32/><T23/><D23/><U94/><E70/><V65/><F65/><W53/><G49/><T61/><D97/><U13/><E13/><V123/><F123/><W22/><G22/><T100/><D100/><U73/><E78/><V39/><F39/><W0/><G0/><T51/><REACH who="0" step="1"/><D58/><REACH who="0" ten="240,250,250,250" step="2"/><U126/><E126/><V74/><F99/><W15/><G98/><T117/><D117/><U69/><E59/><V103/><F102/><W86/><G118/><T111/><D111/><U56/><E56/><V37/><F103/><W33/><G119/><T63/><AGARI ba="0,1" hai="4,9,14,43,47,51,52,57,61,63,64,68,92,93" machi="63" ten="20,7800,0" yaku="1,1,0,1,7,1,54,1,53,0" doraHai="81" doraHaiUra="125" who="0" fromWho="0" sc="240,88,250,-26,250,-26,250,-26" /><INIT seed="0,1,0,3,1,91" ten="328,224,224,224" oya="0" hai0="79,42,26,4,7,19,6,48,74,1,83,15,90" hai1="9,100,31,10,75,114,37,106,11,36,41,98,59" hai2="20,131,73,117,29,130,25,82,64,84,67,103,95" hai3="53,119,94,129,127,88,111,33,18,96,70,0,2"/><T22/><D1/><U122/><E122/><V121/><F121/><W56/><G119/><T72/><D72/><U23/><E114/><V102/><F73/><W24/><G70/><T105/><D105/><U34/><E34/><V120/><F120/><W62/><G111/><T13/><D42/><U135/><E135/><V109/><F109/><W71/><G71/><T16/><D48/><U125/><E125/><V38/><F38/><W57/><G127/><T44/><D44/><U78/><E41/><V8/><F117/><W85/><G129/><N who="2" m="49161" /><F8/><W108/><G108/><T77/><D77/><U5/><E5/><V45/><F45/><W81/><G57/><T35/><D35/><U80/><REACH who="1" step="1"/><E59/><REACH who="1" ten="328,214,224,224" step="2"/><V58/><F58/><W134/><G134/><T126/><D126/><U3/><E3/><V89/><F103/><W12/><G33/><T21/><REACH who="0" step="1"/><D90/><REACH who="0" ten="318,214,224,224" step="2"/><U49/><E49/><V32/><F32/><W128/><G128/><T110/><D110/><U50/><E50/><V47/><F47/><W65/><G2/><T27/><AGARI ba="1,2" hai="4,6,7,13,15,16,19,21,22,26,27,74,79,83" machi="27" ten="30,12000,1" yaku="1,1,0,1,9,1,54,1,53,1" doraHai="91" doraHaiUra="104" who="0" fromWho="0" sc="318,143,214,-41,224,-41,224,-41" /><INIT seed="0,2,0,0,0,66" ten="461,173,183,183" oya="0" hai0="121,118,12,25,132,81,57,15,4,103,3,98,1" hai1="47,77,6,21,49,5,0,85,30,38,58,82,36" hai2="74,122,99,95,128,104,116,44,109,84,86,37,94" hai3="10,108,92,102,64,79,113,73,39,20,19,91,23"/><T46/><D118/><U45/><E0/><V124/><F37/><W52/><G113/><T59/><D121/><U40/><E36/><V70/><F44/><W50/><G39/><T48/><D132/><U83/><E38/><V55/><F55/><W67/><G108/><T29/><D81/><U111/><E111/><V71/><F109/><W110/><G110/><T88/><D3/><U17/><E30/><V34/><F74/><W18/><G73/><T62/><D1/><U106/><E106/><V131/><F34/><W105/><G79/><T123/><D4/><U9/><E47/><V8/><F8/><W22/><G105/><T130/><D130/><N who="2" m="49706" /><F122/><W129/><G102/><T33/><D123/><U31/><E83/><V51/><F51/><W56/><G129/><T63/><D48/><U133/><E133/><V53/><F53/><W78/><G78/><T76/><D76/><U24/><REACH who="1" step="1"/><E58/><REACH who="1" ten="461,163,183,183" step="2"/><V2/><F2/><W134/><G134/><T43/><D57/><U112/><E112/><V27/><F104/><W16/><REACH who="3" step="1"/><G10/><REACH who="3" ten="461,163,183,173" step="2"/><T126/><D126/><U13/><AGARI ba="2,2" hai="5,6,9,13,17,21,24,31,40,45,49,77,82,85" machi="13" ten="30,7900,0" yaku="1,1,0,1,8,1,53,1" doraHai="66" doraHaiUra="80" who="1" fromWho="1" sc="461,-41,163,105,183,-22,173,-22" /><INIT seed="1,0,0,4,3,3" ten="420,268,161,151" oya="1" hai0="125,39,109,73,0,97,30,26,60,110,59,12,45" hai1="10,127,64,31,96,71,75,118,131,22,13,67,88" hai2="74,134,94,27,121,129,111,72,81,112,70,91,49" hai3="6,65,82,44,61,51,53,85,20,8,9,4,76"/><U101/><E118/><V29/><F70/><W42/><G20/><T5/><D0/><U38/><E38/><V34/><F121/><W120/><G120/><T135/><D73/><U23/><E75/><V50/><F111/><N who="0" m="42506" /><D97/><U66/><E71/><V122/><F134/><W2/><G53/><T77/><D77/><U32/><E131/><V107/><F107/><W113/><G113/><T69/><D69/><U89/><E32/><V90/><F74/><W115/><G115/><T108/><D135/><U93/><E127/><V103/><F72/><W52/><G65/><T28/><D125/><U98/><E31/><V14/><F29/><W105/><G105/><T15/><D5/><N who="3" m="2153" /><G2/><T117/><D28/><U48/><E48/><V16/><F34/><W56/><AGARI ba="0,0" hai="8,9,42,44,51,52,56,61,76,82,85" m="2153" machi="56" ten="30,8000,1" yaku="8,1,52,3,54,1" doraHai="3" who="3" fromWho="3" sc="420,-20,268,-40,161,-20,151,80" /><INIT seed="2,0,0,5,5,7" ten="400,228,141,231" oya="2" hai0="45,88,32,42,48,84,18,59,5,17,92,24,80" hai1="128,23,130,86,36,129,125,90,54,44,15,115,79" hai2="8,112,76,67,38,85,97,27,64,62,105,116,43" hai3="30,74,9,113,127,123,126,19,120,111,25,96,93"/><V21/><F112/><W108/><G113/><T121/><D121/><N who="3" m="46665" /><G74/><T33/><D5/><U39/><E115/><V51/><F116/><W118/><G118/><T10/><D10/><U110/><E79/><V53/><F38/><W114/><G114/><T83/><D59/><U13/><E110/><N who="3" m="42026" /><G93/><T135/><D135/><U98/><E125/><N who="3" m="47626" /><G96/><T49/><D92/><N who="1" m="54359" /><E98/><V131/><F43/><W47/><G47/><T133/><D45/><U57/><E44/><N who="2" m="27879" /><F97/><W100/><G100/><T16/><D133/><U26/><E36/><V22/><F105/><W109/><G109/><T61/><D42/><U63/><E39/><V1/><F85/><W81/><G81/><T29/><D83/><U6/><E6/><V117/><F117/><W37/><G37/><T70/><REACH who="0" step="1"/><D33/><REACH who="0" ten="390,228,141,231" step="2"/><U50/><E63/><V134/><F62/><W71/><G71/><T55/><D55/><U99/><E99/><V119/><F119/><W104/><G104/><T77/><D77/><U122/><E122/><V103/><F76/><W3/><G3/><T107/><D107/><U102/><E102/><V106/><F134/><W0/><G0/><T41/><D41/><U87/><E87/><V101/><F106/><W65/><G65/><AGARI ba="0,1" hai="16,17,18,24,29,32,48,49,61,65,70,80,84,88" machi="65" ten="40,8000,1" yaku="1,1,54,2,53,1" doraHai="7" doraHaiUra="58" who="0" fromWho="3" sc="390,90,228,0,141,0,231,-80" /><INIT seed="3,0,0,1,1,24" ten="480,228,141,151" oya="3" hai0="62,7,108,52,134,61,114,17,14,56,73,12,115" hai1="51,82,39,58,125,55,129,27,53,10,13,41,45" hai2="34,99,70,37,1,86,59,88,66,100,74,124,96" hai3="120,18,119,26,116,71,42,0,3,117,50,121,79"/><W77/><G71/><T106/><D108/><U4/><E129/><V87/><F74/><W89/><G89/><T78/><D134/><U133/><E133/><V64/><F1/><W19/><G50/><N who="0" m="30743" /><D106/><U92/><E125/><V60/><F37/><W109/><G26/><T49/><D49/><U30/><E92/><N who="2" m="58375" /><F34/><W72/><G42/><T47/><D47/><U69/><E69/><V112/><F112/><N who="0" m="43050" /><D7/><U67/><E82/><V48/><F124/><W122/><G109/><T23/><D12/><U65/><E55/><N who="2" m="32231" /><F70/><W57/><G57/><T97/><D97/><U102/><E102/><V9/><F9/><W105/><G105/><T20/><D20/><AGARI ba="0,0" hai="4,10,13,20,27,30,39,41,45,51,53,58,65,67" machi="20" ten="30,2000,0" yaku="7,1,52,1" doraHai="24" who="1" fromWho="0" sc="480,-20,228,20,141,0,151,0" owari="460,56.0,248,4.8,141,-35.9,151,-24.9" /></mjloggm>