<mjloggm ver="2.3"><GO type="225" lobby="0"/><UN n0="%E3%81%BF%E3%81%BF%E3%81%9A" n1="%E4%BA%95%E5%B8%AF" n2="%77%72%77%72%77%72%77%72" n3="%E5%8D%A0%E3%81%84%E5%B8%AB%E8%A3%8F%E3%81%AA%E3%81%84%E3%81%97" dan="17,16,17,17" rate="2210.51,2058.52,2236.02,2186.07" sx="M,M,M,M"/><TAIKYOKU oya="0"/><INIT seed="0,0,0,1,1,99" ten="250,250,250,250" oya="0" hai0="5,48,78,131,28,46,122,70,49,84,125,103,63" hai1="79,6,69,126,2,3,10,56,35,18,20,60,14" hai2="130,25,98,85,119,90,95,65,115,36,16,105,15" hai3="0,77,83,24,29,116,110,33,32,123,97,50,57"/><T124/><D122/><U118/><E118/><V31/><F115/><W127/><G116/><T67/><D131/><U19/><E69/><V111/><F119/><W81/><G110/><T9/><D28/><U96/><E79/><V42/><F130/><W117/><G117/><T7/><D103/><U114/><E114/><V52/><F111/><W23/><G127/><N who="0" m="48715" /><D46/><U134/><E126/><V27/><F65/><W89/><G123/><T55/><D55/><U40/><E40/><V38/><F42/><W128/><G128/><T133/><D133/><U91/><E134/><V86/><F27/><W1/><G32/><T73/><D73/><U132/><E35/><V51/><F38/><W34/><G34/><T26/><D26/><U62/><E132/><V87/><F36/><W121/><G33/><T68/><D70/><U75/><E75/><V41/><F41/><W43/><G121/><T76/><D5/><U101/><E6/><V17/><F105/><W113/><G113/><T47/><D84/><U11/><E101/><V135/><F135/><W13/><G43/><N who="0" m="24831" /><D48/><U94/><E62/><V45/><F15/><AGARI ba="0,0" hai="7,9,15,63,67,68,76,78" m="24831,48715" machi="15" ten="30,1500,0" yaku="18,1" doraHai="99" who="0" fromWho="2" sc="250,15,250,0,250,-15,250,0" /><INIT seed="0,1,0,5,4,135" ten="265,250,235,250" oya="0" hai0="7,67,17,103,30,85,117,19,95,128,59,18,78" hai1="21,112,111,89,71,133,92,9,41,66,51,43,131" hai2="24,114,45,27,52,113,62,33,47,36,3,63,42" hai3="119,53,31,100,80,82,58,60,4,132,49,48,127"/><T94/><D117/><U96/><E133/><V104/><F3/><W102/><G119/><T69/><D69/><U90/><E111/><V44/><F104/><W130/><G130/><T87/><D128/><U120/><E120/><V5/><F5/><W26/><G132/><T126/><D7/><U10/><E131/><V70/><F33/><W107/><G4/><T68/><D68/><U83/><E112/><N who="2" m="43115" /><F24/><W105/><G127/><T101/><D126/><U115/><E115/><V108/><F27/><W88/><G105/><T79/><D59/><U109/><E109/><V99/><F99/><W55/><G60/><N who="2" m="23081" /><F108/><W81/><G107/><T32/><D32/><U15/><E66/><V22/><F22/><N who="3" m="15831" /><G88/><T76/><D30/><U0/><E71/><V73/><F73/><W13/><G13/><T84/><D67/><U38/><E0/><V54/><F70/><W74/><G74/><T93/><AGARI ba="1,0" hai="17,18,19,76,78,79,84,85,87,93,94,95,101,103" machi="93" ten="40,48000,5" yakuman="40" doraHai="135" who="0" fromWho="0" sc="265,483,250,-161,235,-161,250,-161" /><INIT seed="0,2,0,0,0,124" ten="748,89,74,89" oya="0" hai0="49,101,131,77,112,99,35,87,72,118,126,6,134" hai1="115,36,37,39,63,45,89,57,110,128,105,32,14" hai2="47,133,117,27,48,129,58,109,22,38,42,68,69" hai3="119,103,8,91,108,1,132,3,67,33,84,94,93"/><T95/><D112/><U41/><E115/><V55/><F109/><W21/><G119/><T16/><D118/><U51/><E110/><V106/><F106/><W66/><G33/><T76/><D126/><U96/><E32/><V80/><F133/><W2/><G108/><T46/><D35/><U23/><E128/><V98/><F117/><W90/><G132/><T54/><D6/><U83/><E105/><V10/><F129/><W107/><G8/><T71/><D131/><U135/><E135/><V79/><F98/><W5/><G5/><T28/><D134/><U53/><E96/><V34/><F34/><W122/><G122/><T0/><D28/><U26/><E14/><V4/><F22/><W17/><G103/><T25/><D71/><U50/><E89/><V7/><F7/><W12/><REACH who="3" step="1"/><G107/><REACH who="3" ten="748,89,74,79" step="2"/><T43/><D0/><U29/><REACH who="1" step="1"/><E83/><REACH who="1" ten="748,79,74,79" step="2"/><V24/><F4/><W18/><G18/><T20/><D16/><U82/><E82/><V114/><F114/><W19/><G19/><T120/><D101/><U52/><E52/><V74/><F10/><W9/><G9/><T100/><D100/><U70/><E70/><V62/><F69/><W85/><AGARI ba="2,2" hai="1,2,3,12,17,21,66,67,84,85,90,91,93,94" machi="85" ten="30,4000,0" yaku="1,1,0,1,9,1,53,0" doraHai="124" doraHaiUra="78" who="3" fromWho="3" sc="748,-22,79,-12,74,-12,79,66" /><INIT seed="1,0,0,0,3,71" ten="726,67,62,145" oya="1" hai0="9,83,67,90,63,113,108,117,34,38,106,103,45" hai1="85,131,123,56,47,114,109,84,124,60,3,25,97" hai2="92,32,111,91,35,100,64,74,98,132,30,62,50" hai3="66,80,121,119,130,22,57,61,48,99,94,95,17"/><U129/><E123/><V115/><F74/><W59/><G121/><T16/><D90/><U41/><E114/><V105/><F115/><W53/><G130/><N who="1" m="49674" /><E3/><V39/><F111/><W31/><G119/><T69/><D108/><U118/><E109/><V23/><F132/><W73/><G31/><T128/><D34/><U65/><E118/><V26/><F39/><W19/><G73/><T104/><D104/><U42/><E124/><V116/><F50/><W21/><G80/><T52/><D106/><U6/><E6/><V28/><F116/><W55/><G66/><T93/><D113/><U135/><E135/><V49/><F49/><W36/><G36/><T112/><D117/><U40/><E97/><V102/><F28/><W18/><G95/><T12/><D112/><U13/><E13/><V14/><F14/><W58/><G58/><T0/><D128/><U46/><E25/><V125/><F125/><W4/><G4/><T122/><D0/><U5/><E5/><V10/><F10/><W54/><G54/><T24/><D122/><U33/><E33/><V133/><F133/><W29/><G29/><T134/><D24/><U81/><E85/><V11/><F11/><W79/><G79/><AGARI ba="0,0" hai="40,41,42,46,47,56,60,65,79,81,84" m="49674" machi="79" ten="30,1500,0" yaku="19,1" doraHai="71" who="1" fromWho="3" sc="726,0,67,15,62,0,145,-15" /><INIT seed="1,1,0,1,1,43" ten="726,82,62,130" oya="1" hai0="51,117,107,60,2,102,38,76,94,119,10,73,44" hai1="96,42,13,49,123,121,50,8,56,23,6,36,34" hai2="25,57,75,53,89,67,70,86,41,88,15,55,111" hai3="83,28,62,9,109,72,78,35,116,91,100,26,127"/><U124/><E34/><V17/><F75/><W47/><G109/><T59/><D107/><U22/><E124/><V21/><F111/><W48/><G127/><T85/><D102/><U20/><E96/><V84/><F41/><W29/><G116/><T24/><D24/><U14/><E14/><V11/><F70/><W31/><G100/><T40/><D51/><U113/><E113/><V103/><F103/><W92/><G62/><T118/><D94/><U98/><E98/><V115/><F115/><W82/><G82/><N who="0" m="45327" /><D85/><U129/><E129/><V125/><F67/><W131/><G9/><T66/><D119/><U30/><E30/><V77/><F77/><W99/><G131/><T108/><D108/><U19/><E6/><AGARI ba="1,0" hai="2,6,10,38,40,44,59,60,66,117,118" m="45327" machi="6" ten="30,2000,0" yaku="25,1,52,1" doraHai="43" who="0" fromWho="1" sc="726,23,82,-23,62,0,130,0" /><INIT seed="2,0,0,4,2,20" ten="749,59,62,130" oya="2" hai0="23,101,63,105,96,9,19,131,95,135,133,51,71" hai1="61,7,92,103,113,26,119,117,85,98,41,40,124" hai2="22,32,64,83,107,13,24,25,129,35,48,18,102" hai3="80,44,50,116,111,94,86,122,70,130,87,100,46"/><V76/><F129/><W108/><G122/><T84/><D131/><U30/><E113/><V121/><F121/><W0/><G130/><T55/><D9/><U128/><E128/><V127/><F127/><W67/><G0/><T39/><D39/><U12/><E124/><V49/><F64/><W16/><G116/><T115/><D115/><U14/><E119/><V45/><F107/><W65/><G70/><T114/><D114/><U17/><E117/><V99/><F35/><W56/><G100/><T125/><D125/><U73/><E73/><V97/><F32/><W34/><G34/><T28/><D28/><U3/><E3/><V15/><F15/><N who="1" m="5673" /><E7/><V79/><F48/><W6/><G50/><T59/><D84/><U31/><E85/><N who="2" m="48359" /><F79/><W74/><G74/><T38/><D95/><U126/><E61/><V58/><F58/><W29/><G56/><T2/><D38/><U21/><E126/><V8/><F8/><W88/><G80/><T33/><D2/><U93/><E92/><N who="2" m="58663" /><F99/><W110/><G110/><T54/><D33/><U132/><E132/><N who="0" m="50761" /><D71/><U53/><E53/><AGARI ba="0,0" hai="13,18,22,24,25,45,49,53" m="58663,48359" machi="53" ten="30,5800,0" yaku="8,1,52,2" doraHai="20" who="2" fromWho="1" sc="749,0,59,-58,62,58,130,0" /><INIT seed="2,1,0,0,3,5" ten="749,1,120,130" oya="2" hai0="22,107,113,64,68,132,111,9,28,79,101,57,44" hai1="31,7,134,91,29,81,119,55,116,48,73,3,115" hai2="15,11,131,122,94,89,39,124,108,106,12,114,41" hai3="46,95,47,75,63,18,61,33,20,26,100,53,96"/><V4/><F114/><W110/><G75/><T24/><D113/><U112/><E134/><V13/><F122/><W97/><G110/><T85/><D111/><U69/><E69/><V102/><F108/><W80/><G33/><T58/><D132/><U52/><E73/><V123/><F123/><W126/><G126/><T109/><D109/><U25/><E81/><V82/><F124/><W121/><G121/><T17/><D68/><U6/><E3/><V128/><F82/><W49/><G80/><N who="0" m="47263" /><D107/><U51/><E25/><V118/><F118/><W130/><G130/><N who="2" m="49705" /><F102/><W60/><G97/><T66/><D44/><AGARI ba="1,0" hai="18,20,26,44,46,47,49,53,60,61,63,95,96,100" machi="44" ten="40,1300,0" yaku="8,1" doraHai="5" who="3" fromWho="0" sc="749,-16,1,0,120,0,130,16" /><INIT seed="3,0,0,4,4,99" ten="733,1,120,146" oya="3" hai0="71,52,104,15,85,26,47,66,83,74,124,18,0" hai1="35,77,118,111,43,48,63,96,21,114,42,58,82" hai2="121,80,75,61,78,22,105,50,90,27,117,39,87" hai3="64,128,98,65,7,101,127,19,36,94,57,29,9"/><W106/><G36/><T102/><D0/><U135/><E35/><V30/><F117/><W17/><G127/><T133/><D74/><U119/><E111/><V76/><F39/><W25/><G128/><T38/><D26/><U60/><E114/><V31/><F105/><W86/><G86/><T129/><D129/><U2/><E2/><V5/><F5/><W70/><G65/><T89/><D133/><U134/><E21/><V56/><F121/><W23/><G70/><T109/><D109/><U14/><E14/><V79/><F75/><W37/><G37/><T3/><D3/><U44/><E96/><V40/><F31/><W120/><G106/><T110/><D110/><U123/><E82/><V107/><F107/><W73/><G73/><T53/><D124/><U93/><E93/><V115/><F115/><W34/><G34/><T132/><D132/><N who="1" m="50731" /><E77/><V45/><F76/><W81/><G120/><T97/><D66/><AGARI ba="0,0" hai="22,27,30,40,45,50,56,61,66,78,79,80,87,90" machi="66" ten="30,2000,0" yaku="7,1,8,1" doraHai="99" who="2" fromWho="0" sc="733,-20,1,0,120,20,146,0" owari="713,81.3,1,-49.9,140,-26.0,146,-5.4" /></mjloggm>