<mjloggm ver="2.3"><GO type="225" lobby="0"/><UN n0="%E6%A1%9C%E8%8A%B1%E9%96%83%E3%80%85" n1="%E9%80%9F%E6%B0%B4%E5%87%9B%E9%A6%99" n2="%E3%81%86%E3%83%BC%E3%81%B1%E3%83%BC" n3="%E5%B0%8F%E9%B3%A5%E9%81%8A%E7%B7%B4%E7%84%A1%32%31%E6%AD%B3" dan="16,16,17,16" rate="2086.65,2131.26,2177.07,2188.00" sx="M,F,F,F"/><TAIKYOKU oya="0"/><INIT seed="0,0,0,0,1,31" ten="250,250,250,250" oya="0" hai0="102,34,84,118,121,58,18,72,123,54,97,129,44" hai1="125,127,37,39,94,112,57,15,93,61,78,111,1" hai2="105,131,126,113,109,130,4,108,43,42,13,30,135" hai3="35,75,100,69,6,65,73,33,14,133,83,16,21"/><T12/><D118/><U128/><E1/><V115/><F105/><W132/><G6/><T50/><D72/><N who="3" m="27721" /><G100/><T107/><D129/><N who="2" m="49162" /><F135/><N who="3" m="51787" /><G83/><T88/><D34/><N who="3" m="12809" /><G65/><T25/><D25/><U52/><E128/><V11/><F126/><W103/><G103/><T64/><D64/><U7/><E127/><V89/><F89/><W119/><G69/><T63/><D63/><U60/><E60/><V2/><F30/><W36/><G36/><T47/><D123/><U40/><E37/><V98/><F98/><W79/><G79/><T19/><D121/><U41/><E39/><V82/><F82/><W29/><G29/><T49/><D49/><U99/><E78/><V3/><F43/><W38/><G38/><T91/><D91/><U92/><E40/><V59/><F42/><W86/><G86/><T10/><REACH who="0" step="1"/><D19/><REACH who="0" ten="240,250,250,250" step="2"/><U101/><E125/><V45/><F59/><W71/><G71/><T5/><D5/><U74/><E7/><V17/><F45/><W32/><N who="3" m="12817" /><W124/><DORA hai="77" /><G124/><T122/><D122/><U20/><E101/><V23/><F2/><W67/><G67/><T87/><D87/><U51/><E51/><V76/><F76/><W0/><G0/><T80/><AGARI ba="0,1" hai="10,12,18,44,47,50,54,58,80,84,88,97,102,107" machi="80" ten="20,18000,2" yaku="1,1,0,1,7,1,52,1,54,1,53,2" doraHai="31,77" doraHaiUra="85,81" who="0" fromWho="0" sc="240,190,250,-60,250,-60,250,-60" /><INIT seed="0,1,0,5,2,21" ten="430,190,190,190" oya="0" hai0="104,58,106,39,27,45,20,9,119,24,12,128,54" hai1="7,97,127,35,78,16,102,123,124,91,95,93,25" hai2="2,92,63,26,94,135,5,1,8,69,100,0,61" hai3="72,49,73,4,87,85,79,62,84,131,6,47,46"/><T44/><D119/><U43/><E123/><V37/><F37/><W108/><G79/><T42/><D128/><U129/><E129/><V41/><F41/><W13/><G131/><T10/><D45/><U101/><E78/><V60/><F69/><W109/><G62/><T75/><D75/><N who="3" m="28745" /><G49/><T36/><D36/><U89/><E43/><V98/><F135/><W66/><G13/><T51/><D9/><U116/><E7/><N who="3" m="2602" /><G66/><T34/><D34/><U114/><E116/><V11/><F11/><W59/><G59/><T53/><D53/><U38/><E38/><V23/><REACH who="2" step="1"/><F94/><REACH who="2" ten="430,190,180,190" step="2"/><W15/><G15/><T17/><REACH who="0" step="1"/><D27/><REACH who="0" ten="420,190,180,190" step="2"/><U74/><E25/><V65/><F65/><W110/><AGARI ba="1,2" hai="46,47,84,85,87,108,109,110" m="2602,28745" machi="110" ten="40,5200,0" yaku="28,2,14,1" doraHai="21" who="3" fromWho="3" sc="420,-27,190,-14,180,-14,190,75" /><INIT seed="1,0,0,1,4,134" ten="393,176,166,265" oya="1" hai0="24,126,1,73,18,12,117,60,135,27,122,112,108" hai1="111,93,102,50,8,132,21,70,69,98,28,72,52" hai2="129,92,38,77,79,56,124,96,11,67,103,43,84" hai3="31,2,40,14,9,42,57,86,90,94,59,85,121"/><U64/><E132/><V133/><F133/><W95/><G2/><T7/><D135/><U87/><E72/><V34/><F129/><W41/><G31/><T44/><D112/><U104/><E111/><V120/><F120/><W128/><G128/><T35/><D73/><U10/><E104/><V115/><F115/><W15/><G121/><T23/><D122/><U89/><E64/><V68/><F68/><W113/><G113/><T47/><D117/><U16/><E28/><V116/><F116/><W100/><G100/><T58/><D126/><U55/><E70/><V110/><F34/><W106/><G106/><T6/><D108/><U33/><E33/><V46/><F110/><W109/><G109/><T3/><D3/><U127/><E69/><V78/><F11/><W131/><G131/><T17/><D1/><U105/><E127/><V75/><F75/><W30/><G30/><T62/><D24/><U71/><E71/><V25/><F25/><W45/><G45/><N who="0" m="17483" /><D62/><U76/><E76/><V101/><F101/><W48/><G48/><T22/><D35/><U51/><E51/><V123/><F123/><W130/><G130/><T32/><D32/><U88/><E89/><V0/><F0/><W82/><G9/><T97/><D97/><U80/><E105/><V39/><F39/><W107/><G107/><T114/><D114/><U20/><E20/><V74/><F74/><W19/><G90/><T99/><D99/><U29/><E29/><V37/><F37/><W83/><G41/><T81/><D81/><U91/><E91/><V118/><F118/><W4/><G83/><RYUUKYOKU ba="0,0" sc="393,30,176,-10,166,-10,265,-10" hai0="6,7,12,17,18,22,23,27,58,60" /><INIT seed="2,1,0,3,5,100" ten="423,166,156,255" oya="2" hai0="7,52,122,58,8,19,33,104,26,103,77,73,121" hai1="62,29,130,27,132,108,43,94,65,54,61,116,35" hai2="70,17,11,56,66,1,89,119,32,40,23,105,51" hai3="134,12,81,115,47,128,99,97,126,86,3,135,72"/><V80/><F119/><W59/><G3/><T13/><D73/><U5/><E116/><V112/><F112/><W120/><G72/><T37/><D37/><U31/><E108/><V21/><F32/><W75/><G75/><T18/><D77/><U28/><E130/><V102/><F70/><W76/><G120/><T49/><D19/><U34/><E132/><V114/><F114/><W88/><G115/><T79/><D79/><U118/><E118/><V109/><F109/><W10/><G126/><T90/><D90/><U67/><E5/><V55/><F66/><W127/><G127/><T71/><D71/><U63/><E43/><V117/><F40/><W4/><G128/><T83/><D83/><U84/><E54/><V6/><F117/><W95/><G59/><T93/><D93/><U96/><E84/><V57/><F56/><W53/><G99/><T36/><D36/><U41/><E41/><V98/><REACH who="2" step="1"/><F17/><REACH who="2" ten="423,166,146,255" step="2"/><W44/><REACH who="3" step="1"/><G53/><REACH who="3" ten="423,166,146,245" step="2"/><T64/><D52/><U9/><E67/><V50/><F50/><W42/><G42/><T20/><D49/><U48/><E65/><V129/><F129/><W107/><G107/><T87/><D58/><U92/><E48/><V110/><F110/><W69/><G69/><T133/><D64/><U131/><E131/><V91/><F91/><W124/><G124/><T38/><D38/><U2/><E62/><V60/><F60/><W45/><AGARI ba="1,2" hai="4,10,12,44,45,47,76,81,86,88,95,97,134,135" machi="45" ten="30,7900,0" yaku="1,1,0,1,54,1,53,1" doraHai="100" doraHaiUra="82" who="3" fromWho="3" sc="423,-21,166,-21,146,-40,245,102" /><INIT seed="3,0,0,4,1,95" ten="402,145,106,347" oya="3" hai0="74,106,50,105,73,121,67,135,119,60,6,56,82" hai1="63,91,124,120,134,79,35,22,66,89,101,96,19" hai2="114,64,8,54,97,122,100,84,16,29,52,1,112" hai3="126,90,115,26,128,111,2,58,53,0,125,27,123"/><W48/><G115/><T12/><D121/><U88/><E120/><V11/><F122/><W57/><G123/><T109/><D119/><U92/><E35/><V38/><F38/><W40/><G40/><T5/><D109/><U23/><E134/><V69/><F29/><W118/><G118/><T113/><D135/><U62/><E124/><N who="3" m="47722" /><G128/><T87/><D113/><U107/><E79/><V94/><F69/><W55/><G90/><T13/><D105/><U104/><E23/><V49/><F64/><W85/><G85/><T32/><D106/><U83/><E83/><V43/><F1/><N who="3" m="619" /><G48/><T14/><D32/><U70/><REACH who="1" step="1"/><E63/><REACH who="1" ten="402,135,106,347" step="2"/><V15/><F112/><W61/><G111/><T81/><D81/><U30/><E30/><V131/><F114/><W46/><G61/><T9/><D73/><U18/><E18/><N who="2" m="8551" /><F131/><W42/><G42/><T103/><D74/><U132/><E132/><V47/><F84/><W41/><G41/><T72/><D72/><U24/><AGARI ba="0,1" hai="19,22,24,62,66,70,88,89,91,92,96,101,104,107" machi="24" ten="30,7900,0" yaku="1,1,0,1,52,1,54,1,53,0" doraHai="95" doraHaiUra="78" who="1" fromWho="1" sc="402,-20,135,89,106,-20,347,-39" owari="382,48.2,224,-17.6,86,-41.4,308,10.8" /></mjloggm>