<mjloggm ver="2.3"><GO type="225" lobby="0"/><UN n0="%E5%8D%A0%E3%81%84%E5%B8%AB%E8%A3%8F%E3%81%AA%E3%81%84%E3%81%97" n1="%E4%BA%BA%E9%96%93%E3%83%81%E3%83%A3%E3%83%BC%E3%83%8F%E3%83%B3" n2="%73%73%6B%5F%66%72%65%65" n3="%33%74%72%65%65" dan="17,16,16,16" rate="2196.67,2077.08,2121.50,2164.65" sx="M,M,M,F"/><TAIKYOKU oya="0"/><INIT seed="0,0,0,4,4,81" ten="250,250,250,250" oya="0" hai0="38,103,16,67,91,96,62,102,112,43,14,130,59" hai1="121,135,90,10,0,53,107,30,128,75,113,42,84" hai2="64,134,49,89,94,120,48,1,105,69,119,116,44" hai3="21,6,55,93,27,92,66,122,25,8,129,46,36"/><T5/><D112/><U35/><E121/><V100/><F120/><W109/><G122/><T85/><D130/><U97/><E75/><V76/><F1/><W115/><G115/><T124/><D124/><U60/><E42/><V87/><F134/><W9/><G129/><T132/><D132/><U39/><E39/><V20/><F76/><W118/><G118/><N who="2" m="45097" /><F20/><W58/><G109/><T15/><D38/><U26/><E135/><V56/><F69/><W68/><G68/><T74/><D74/><U111/><E128/><V19/><F19/><W65/><G9/><N who="0" m="4399" /><D96/><U2/><E10/><V88/><F89/><W57/><G8/><N who="0" m="6247" /><D43/><U3/><E111/><V24/><F24/><W13/><G25/><T33/><D33/><U117/><E113/><V7/><F7/><W22/><G6/><T54/><D67/><N who="3" m="25609" /><G13/><T45/><D45/><U114/><E114/><V86/><F44/><W131/><G131/><T127/><D127/><U82/><E117/><V70/><F70/><W83/><G21/><T78/><D78/><U79/><E79/><V12/><F12/><W17/><G36/><T11/><D11/><U95/><E107/><V123/><F123/><W61/><G22/><T80/><AGARI ba="0,0" hai="54,59,62,80,85,91,102,103" m="6247,4399" machi="80" ten="30,6000,0" yaku="8,1,52,1,54,1" doraHai="81" who="0" fromWho="0" sc="250,60,250,-20,250,-20,250,-20" /><INIT seed="0,1,0,3,3,35" ten="310,230,230,230" oya="0" hai0="120,52,71,119,118,98,13,17,43,67,40,127,56" hai1="116,61,29,55,38,60,58,11,59,83,57,102,22" hai2="88,36,44,1,121,104,28,53,133,64,105,126,72" hai3="5,79,7,131,90,89,103,3,81,99,46,54,69"/><T93/><D120/><U123/><E116/><V30/><F126/><W33/><G131/><T62/><D127/><U91/><E123/><V23/><F64/><W51/><G69/><T106/><D106/><U122/><E122/><V78/><F133/><W124/><G33/><T16/><D17/><U117/><E38/><V125/><F121/><W41/><G54/><T86/><D119/><U134/><E117/><V21/><F88/><W4/><G3/><T101/><D86/><N who="1" m="50655" /><E134/><V0/><F53/><W45/><G45/><T77/><D77/><U100/><E11/><V128/><F125/><W130/><G130/><T42/><D118/><U129/><E129/><V94/><F128/><W96/><G124/><T84/><D84/><U85/><E85/><V26/><F94/><W108/><G108/><T114/><D114/><U135/><E135/><V31/><F78/><W109/><G109/><T2/><D2/><N who="2" m="1130" /><F72/><W12/><G99/><T18/><REACH who="0" step="1"/><D13/><REACH who="0" ten="300,230,230,230" step="2"/><U24/><E58/><V75/><F105/><W115/><G12/><T66/><D66/><AGARI ba="1,1" hai="22,24,29,55,57,59,60,61,66,100,102" m="50655" machi="66" ten="30,1000,0" yaku="8,1" doraHai="35" who="1" fromWho="0" sc="300,-13,230,23,230,0,230,0" /><INIT seed="1,0,0,4,5,62" ten="287,253,230,230" oya="1" hai0="56,48,41,31,135,38,125,85,13,27,26,50,17" hai1="23,98,101,76,126,117,29,30,60,94,129,132,25" hai2="37,45,128,115,89,74,14,33,92,99,67,78,61" hai3="73,108,47,12,43,15,9,121,52,5,110,80,70"/><U87/><E117/><V104/><F128/><W63/><G121/><T102/><D38/><U11/><E126/><V28/><F115/><W57/><G70/><T119/><D119/><U24/><E132/><V40/><F14/><W75/><G15/><T97/><D125/><U55/><E129/><V22/><F104/><W106/><G106/><T123/><D135/><U124/><E124/><V1/><F1/><W134/><G134/><T111/><D111/><N who="3" m="42537" /><G80/><T77/><D41/><U86/><E11/><V21/><F78/><W120/><G120/><T122/><D77/><U54/><E76/><V49/><F37/><AGARI ba="0,0" hai="5,9,12,37,43,47,52,57,63,73,75" m="42537" machi="37" ten="30,2000,0" yaku="14,1,54,1" doraHai="62" who="3" fromWho="2" sc="287,0,253,0,230,-20,230,20" /><INIT seed="2,0,0,0,5,62" ten="287,253,210,250" oya="2" hai0="71,116,84,20,46,93,106,73,25,4,107,119,125" hai1="51,127,33,121,10,80,42,85,131,48,39,56,123" hai2="81,45,66,105,17,35,111,26,113,103,124,19,90" hai3="83,41,69,2,129,132,29,59,130,76,63,120,102"/><V133/><F113/><W55/><G120/><N who="1" m="46154" /><E33/><V91/><F133/><W115/><G132/><T64/><D73/><U22/><E127/><V52/><F124/><W60/><G115/><T12/><D125/><U126/><E126/><V31/><F111/><W38/><G2/><T114/><D114/><U94/><E131/><V75/><F66/><N who="3" m="41159" /><G29/><T18/><D46/><N who="1" m="23903" /><E94/><V6/><F6/><W78/><G102/><T100/><D4/><U98/><E98/><V16/><F103/><W37/><G78/><T99/><D25/><U54/><E10/><V70/><F105/><W97/><G97/><T7/><D7/><U1/><E22/><V15/><F70/><W23/><G23/><T110/><D110/><U74/><E74/><V118/><F15/><W44/><G83/><T108/><D84/><U87/><E87/><V0/><F0/><W109/><G76/><T5/><D5/><U128/><E1/><V65/><F118/><N who="0" m="45098" /><D108/><U82/><E82/><V3/><F3/><W72/><G72/><T28/><D28/><U24/><E24/><V61/><F81/><W95/><G95/><T89/><D100/><U50/><E128/><N who="3" m="49258" /><G109/><T96/><D99/><U88/><AGARI ba="0,0" hai="48,50,51,54,56,80,85,88" m="23903,46154" machi="88" ten="30,2000,0" yaku="13,1,54,1" doraHai="62" who="1" fromWho="1" sc="287,-5,253,20,210,-10,250,-5" /><INIT seed="3,0,0,1,2,58" ten="282,273,200,245" oya="3" hai0="79,50,68,62,119,100,41,7,78,71,51,8,37" hai1="85,40,89,93,36,73,131,28,42,81,76,69,95" hai2="49,5,57,104,27,47,113,128,106,11,65,59,103" hai3="111,91,87,33,67,29,2,19,30,56,35,99,45"/><W64/><G2/><T54/><D119/><U22/><E131/><V129/><F113/><W0/><G0/><T53/><D100/><U4/><E69/><V92/><F27/><W134/><G99/><T82/><D51/><U12/><E93/><V24/><F24/><W52/><G45/><N who="0" m="23727" /><D53/><U9/><REACH who="1" step="1"/><E36/><REACH who="1" ten="282,263,200,245" step="2"/><V96/><F92/><W120/><G111/><T16/><D68/><U66/><E66/><V25/><F106/><W6/><G64/><N who="0" m="41367" /><D82/><U122/><E122/><V132/><F65/><W107/><G67/><T101/><D101/><U15/><E15/><N who="2" m="5615" /><F25/><AGARI ba="0,1" hai="4,9,12,22,25,28,40,42,73,76,81,85,89,95" machi="25" ten="40,1300,0" yaku="1,1,53,0" doraHai="58" doraHaiUra="94" who="1" fromWho="2" sc="282,0,263,23,200,-13,245,0" /><INIT seed="4,0,0,5,1,57" ten="282,286,187,245" oya="0" hai0="107,34,109,125,124,94,83,55,99,89,37,28,3" hai1="59,121,114,116,21,126,95,35,135,25,80,104,76" hai2="113,17,63,4,96,40,73,85,92,20,19,87,123" hai3="132,91,6,101,71,8,103,27,22,54,66,58,70"/><T122/><D122/><U130/><E116/><V102/><F113/><W118/><G118/><T53/><D3/><U97/><E121/><V43/><F123/><W7/><G132/><T16/><D37/><U47/><E114/><V117/><F73/><W65/><G91/><T72/><D34/><U24/><E135/><V67/><F4/><W64/><G70/><T93/><D28/><U68/><E68/><V74/><F74/><W12/><G6/><T105/><D109/><U2/><E2/><V5/><F5/><W133/><G71/><T77/><D94/><U110/><E110/><V98/><F117/><W45/><G45/><T41/><D41/><N who="2" m="15946" /><F98/><W46/><G46/><T79/><D79/><U120/><E120/><V44/><F44/><W33/><G33/><T52/><REACH who="0" step="1"/><D16/><REACH who="0" ten="272,286,187,245" step="2"/><N who="2" m="6218" /><F20/><W9/><G133/><T84/><D84/><N who="2" m="32330" /><F67/><W10/><G65/><T75/><D75/><U119/><E21/><V13/><F13/><W131/><G64/><T111/><D111/><U36/><E119/><V49/><F49/><W106/><G66/><T108/><D108/><U42/><E42/><V50/><F50/><W81/><G22/><T56/><D56/><U134/><E59/><V14/><F14/><W88/><G58/><T127/><AGARI ba="0,1" hai="52,53,55,72,77,83,89,93,99,105,107,124,125,127" machi="127" ten="40,12000,1" yaku="1,1,0,1,18,1,54,1,53,0" doraHai="57" doraHaiUra="26" who="0" fromWho="0" sc="272,130,286,-40,187,-40,245,-40" owari="402,50.2,246,4.6,147,-35.3,205,-19.5" /></mjloggm>