<mjloggm ver="2.3"><GO type="225" lobby="0"/><UN n0="%E3%81%82%E3%81%99%E3%81%AB%E3%82%83%E3%82%80" n1="%4E%49%4A%49%49%52%4F" n2="%E3%83%B4%E3%83%A0%EF%BC%99%E3%81%A6" n3="%45%6C%79%73%69%75%6D" dan="16,16,17,18" rate="2027.25,2184.31,2177.13,2169.91" sx="F,M,M,F"/><TAIKYOKU oya="0"/><INIT seed="0,0,0,0,0,6" ten="250,250,250,250" oya="0" hai0="101,74,10,36,11,79,87,29,123,3,33,21,120" hai1="70,32,133,118,88,35,46,64,58,52,128,122,60" hai2="16,67,98,57,23,130,80,54,125,75,22,1,45" hai3="42,26,129,39,90,135,20,38,104,119,83,7,37"/><T124/><D36/><U55/><E118/><V127/><F130/><W27/><G119/><T77/><D33/><U25/><E122/><V97/><F1/><W14/><G104/><T86/><D74/><U73/><E128/><V12/><F67/><W48/><G129/><T105/><D3/><U5/><E73/><V131/><F131/><W115/><G115/><T107/><D21/><U63/><E133/><V0/><F0/><W69/><G69/><T61/><D61/><U76/><E76/><N who="2" m="44063" /><F45/><W109/><G39/><T2/><D2/><U30/><E5/><V99/><F23/><W28/><G38/><T50/><D50/><U117/><E117/><V18/><F18/><W49/><G49/><T62/><D62/><U112/><E112/><V108/><F108/><W113/><G48/><T24/><D24/><U65/><E35/><V34/><F34/><W72/><G27/><T94/><D94/><U68/><E46/><V95/><F57/><W66/><G66/><T89/><D89/><U71/><E88/><N who="2" m="55527" /><F54/><W8/><G109/><T106/><D106/><U110/><E110/><V13/><F13/><W111/><G111/><T31/><D101/><U47/><E47/><V85/><F85/><N who="3" m="50495" /><G72/><T103/><D103/><U15/><E15/><V116/><F116/><W19/><G113/><T51/><D51/><U126/><E126/><AGARI ba="0,0" hai="12,16,22,98,99,125,126,127" m="55527,44063" machi="126" ten="30,3900,0" yaku="18,1,54,2" doraHai="6" who="2" fromWho="1" sc="250,0,250,-39,250,39,250,0" /><AGARI ba="0,0" hai="10,11,29,31,77,79,86,87,105,107,120,123,124,126" machi="126" ten="25,9600,0" yaku="22,2,52,2" doraHai="6" who="0" fromWho="1" sc="250,96,211,-96,289,0,250,0" /><INIT seed="0,1,0,1,1,129" ten="346,115,289,250" oya="0" hai0="114,89,53,7,38,106,66,111,27,84,115,127,15" hai1="101,98,93,60,90,94,3,42,57,75,79,125,108" hai2="87,135,83,100,34,18,105,113,78,22,39,119,85" hai3="51,48,95,13,0,54,92,59,69,24,16,126,6"/><T67/><D106/><U52/><E3/><V43/><F113/><W62/><G126/><T124/><D38/><U120/><E125/><N who="0" m="48201" /><D111/><U112/><E120/><V97/><F34/><W128/><G128/><T11/><D27/><U110/><E108/><V99/><F119/><W10/><G24/><T25/><D25/><U8/><E112/><N who="0" m="43049" /><D53/><U41/><E110/><V96/><F43/><W130/><G130/><T65/><D65/><U102/><E75/><N who="2" m="43487" /><F18/><W86/><G69/><T122/><D122/><U19/><E79/><V20/><F39/><W58/><G86/><N who="2" m="32777" /><F20/><W133/><G51/><T28/><D28/><U132/><E132/><V131/><F22/><W77/><G133/><T14/><D15/><U50/><E50/><V71/><F71/><W76/><G76/><T64/><D64/><U45/><E94/><AGARI ba="1,0" hai="7,11,14,66,67,84,89,94" m="43049,48201" machi="94" ten="30,1500,0" yaku="18,1" doraHai="129" who="0" fromWho="1" sc="346,18,115,-18,289,0,250,0" /><INIT seed="0,2,0,2,3,113" ten="364,97,289,250" oya="0" hai0="86,52,116,6,13,106,4,10,67,112,117,42,132" hai1="98,50,59,44,83,115,37,97,119,54,29,65,123" hai2="88,39,78,103,32,108,80,22,87,70,38,71,69" hai3="111,99,73,90,49,77,129,74,85,133,96,45,79"/><T125/><D112/><U0/><E115/><V3/><F32/><W118/><G45/><T93/><D106/><U72/><E123/><V17/><F3/><W84/><G49/><T102/><D42/><U110/><E110/><V114/><F114/><W7/><G7/><T14/><D67/><U89/><E0/><V60/><F108/><W61/><G61/><T124/><D132/><U40/><E29/><V9/><F9/><W43/><G43/><T2/><D52/><U8/><E8/><V75/><F103/><W66/><G66/><T81/><D93/><U92/><E98/><V121/><F121/><W12/><G12/><T16/><D102/><U24/><E24/><V28/><F60/><W94/><G111/><T130/><D130/><U34/><E34/><V68/><F28/><W11/><G11/><T76/><D14/><U26/><E26/><V35/><F35/><W19/><G19/><T104/><D104/><U105/><E105/><V31/><F31/><W127/><G129/><T107/><D107/><U58/><E58/><V100/><F100/><W128/><G128/><T135/><D135/><U1/><E1/><V30/><F30/><W51/><G51/><T36/><D36/><U25/><E25/><N who="2" m="14543" /><F71/><W131/><G131/><T41/><D41/><U55/><E55/><V64/><F64/><W53/><G53/><T48/><D48/><U82/><E65/><V23/><F23/><W95/><G133/><T56/><D56/><U15/><E15/><V57/><F57/><W109/><G109/><T134/><D134/><U63/><E63/><V27/><F27/><RYUUKYOKU ba="2,0" sc="364,-10,97,-10,289,30,250,-10" hai2="38,39,68,69,70,75,78,80,87,88" /><INIT seed="1,3,0,3,1,45" ten="354,87,319,240" oya="1" hai0="14,61,87,120,43,66,34,78,72,27,47,92,23" hai1="122,111,22,116,18,59,118,94,97,130,79,115,119" hai2="54,40,11,102,86,2,110,60,68,17,30,64,129" hai3="90,128,104,13,71,95,24,89,35,20,0,29,15"/><U93/><E115/><V108/><F129/><W124/><G104/><T55/><D34/><U121/><E130/><V103/><F40/><W3/><G128/><T99/><D72/><U126/><E126/><V132/><F132/><W9/><G71/><T48/><D14/><U38/><E38/><V28/><F86/><W53/><G124/><T105/><D105/><U100/><E79/><V7/><F17/><W101/><G101/><N who="2" m="38409" /><F54/><W4/><G90/><T8/><D8/><U76/><E76/><V88/><F88/><W127/><G127/><T67/><D120/><U12/><E111/><AGARI ba="3,0" hai="2,7,11,28,30,60,64,68,108,110,111" m="38409" machi="111" ten="30,1000,0" yaku="14,1" doraHai="45" who="2" fromWho="1" sc="354,0,87,-19,319,19,240,0" /><INIT seed="2,0,0,1,5,110" ten="354,68,338,240" oya="2" hai0="74,32,99,117,134,67,94,121,3,82,98,14,130" hai1="96,81,15,123,38,30,64,84,8,88,132,42,23" hai2="71,106,24,85,44,92,95,91,93,0,60,120,1" hai3="11,68,127,90,22,2,46,124,97,129,39,17,29"/><V51/><F120/><W78/><G68/><T41/><D3/><U6/><E123/><V10/><F106/><W75/><G129/><T119/><D130/><U31/><E132/><V18/><F0/><W56/><G56/><T70/><D121/><U28/><E38/><V131/><F131/><W36/><G29/><T40/><D32/><U109/><E109/><V5/><F24/><W48/><G78/><N who="0" m="44375" /><D134/><U26/><E42/><V89/><F18/><W114/><G75/><T59/><D70/><U65/><REACH who="1" step="1"/><E96/><REACH who="1" ten="354,58,338,240" step="2"/><V125/><F125/><W102/><G39/><T113/><D99/><U79/><E79/><V55/><REACH who="2" step="1"/><F89/><REACH who="2" ten="354,58,328,240" step="2"/><W103/><G90/><T112/><D119/><U33/><E33/><V54/><F54/><W57/><G124/><T66/><D117/><U69/><E69/><V21/><F21/><W72/><G127/><T50/><D40/><U77/><E77/><V4/><F4/><W16/><G22/><T35/><D41/><U76/><E76/><V63/><F63/><W45/><G36/><T49/><D35/><U52/><E52/><V25/><F25/><W135/><G135/><T37/><D37/><U100/><E100/><V128/><F128/><W20/><G102/><T7/><D7/><U47/><E47/><V53/><F53/><W101/><G101/><T19/><D49/><U116/><E116/><V133/><F133/><W62/><G48/><T118/><D50/><U27/><E27/><V107/><F107/><W104/><G104/><T87/><D118/><U83/><E83/><V115/><F115/><W58/><G114/><T34/><D112/><RYUUKYOKU ba="0,2" sc="354,-15,58,15,328,15,240,-15" hai1="6,8,15,23,26,28,30,31,64,65,81,84,88" hai2="1,5,10,44,51,55,60,71,85,91,92,93,95" /><INIT seed="2,1,2,1,5,109" ten="339,73,343,225" oya="2" hai0="13,69,97,39,29,120,65,131,116,5,60,16,105" hai1="75,4,52,72,10,56,43,45,89,51,17,92,70" hai2="31,128,57,103,21,98,14,73,125,25,28,85,121" hai3="74,88,36,15,118,3,9,44,112,129,37,24,55"/><V96/><F121/><W93/><G118/><T67/><D120/><U6/><E70/><V106/><F73/><W111/><G111/><T117/><D39/><U7/><E17/><V58/><F125/><W119/><G119/><N who="0" m="45643" /><D131/><U8/><E72/><V46/><F128/><W110/><G110/><T130/><D130/><U32/><E75/><V115/><F115/><W79/><G3/><T135/><D67/><U76/><E76/><V78/><F31/><W30/><G79/><T108/><D108/><U54/><E32/><V22/><F96/><W90/><G74/><T122/><D122/><U101/><E101/><V104/><F104/><W99/><G90/><T2/><D29/><U82/><E82/><V34/><F46/><W48/><G112/><T33/><D33/><U71/><E71/><V133/><F133/><W40/><G40/><T61/><D61/><U87/><REACH who="1" step="1"/><E54/><REACH who="1" ten="339,63,343,225" step="2"/><V47/><F34/><W80/><G129/><T49/><D16/><U123/><E123/><V68/><F68/><W83/><G83/><T59/><D69/><U132/><E132/><V38/><F103/><W23/><G80/><T94/><D135/><U53/><E53/><V42/><F78/><W102/><G102/><T91/><D65/><U12/><E12/><V19/><F14/><W62/><G15/><T100/><D13/><U63/><AGARI ba="1,3" hai="4,6,7,8,10,43,45,51,52,56,63,87,89,92" machi="63" ten="30,7900,0" yaku="1,1,0,1,8,1,54,1,53,0" doraHai="109" doraHaiUra="11" who="1" fromWho="1" sc="339,-21,63,112,343,-40,225,-21" /><INIT seed="3,0,0,4,0,96" ten="318,175,303,204" oya="3" hai0="1,86,118,89,132,58,31,98,25,87,119,78,66" hai1="102,105,24,95,123,3,88,67,7,117,130,113,32" hai2="52,114,82,97,62,134,53,45,64,61,129,103,48" hai3="121,131,23,106,125,27,133,46,20,6,26,135,76"/><W59/><G121/><T81/><D1/><U14/><E123/><V33/><F114/><W79/><G106/><T54/><D66/><U21/><E113/><V34/><F134/><N who="3" m="51211" /><G6/><T108/><D98/><N who="1" m="61655" /><E130/><V22/><F129/><W19/><G131/><T69/><D69/><U84/><E67/><V36/><F36/><W77/><G46/><T93/><D108/><U75/><E3/><V70/><F82/><W72/><G59/><T126/><D126/><U92/><E32/><V116/><F116/><W112/><G112/><T68/><D68/><U122/><E122/><V41/><F22/><W38/><G38/><T8/><D8/><N who="1" m="4383" /><E117/><V44/><F53/><W111/><G111/><T109/><D109/><U71/><E71/><V104/><F61/><W11/><G125/><T124/><D124/><U80/><E92/><V90/><F90/><W55/><G11/><T73/><D73/><U28/><E21/><V101/><F101/><W74/><G55/><T65/><D65/><U40/><E40/><V5/><F5/><W17/><AGARI ba="0,0" hai="17,19,20,23,26,27,72,74,76,77,79" m="51211" machi="17" ten="30,1500,0" yaku="20,1" doraHai="96" who="3" fromWho="3" sc="318,-5,175,-5,303,-5,204,15" /><INIT seed="3,1,0,2,2,86" ten="313,170,298,219" oya="3" hai0="17,19,35,29,91,100,44,77,6,103,117,112,115" hai1="129,74,30,118,105,13,23,25,135,53,49,39,131" hai2="21,40,24,90,33,41,99,92,132,73,94,0,102" hai3="75,28,36,51,62,14,127,22,87,134,133,110,82"/><W101/><G36/><T60/><D77/><U126/><E74/><V7/><F33/><W125/><G75/><T108/><D108/><U10/><E39/><V59/><F73/><W72/><G72/><T122/><D117/><U38/><E38/><V121/><F132/><N who="3" m="50795" /><G110/><T88/><D6/><U61/><E135/><V58/><F121/><W130/><G101/><N who="0" m="38987" /><D122/><U47/><E118/><V113/><F113/><N who="0" m="43594" /><D44/><U42/><E105/><V96/><F7/><W48/><G62/><T80/><D80/><U81/><E126/><N who="3" m="48138" /><G130/><T116/><D116/><U43/><E61/><V76/><F76/><N who="3" m="46535" /><G14/><T2/><D2/><U79/><E131/><V89/><F102/><W78/><G78/><T104/><D60/><U56/><E129/><V93/><F0/><W26/><AGARI ba="1,0" hai="22,26,28,48,51" m="46535,48138,50795" machi="26" ten="40,3900,0" yaku="20,1,18,1" doraHai="86" who="3" fromWho="3" sc="313,-14,170,-14,298,-14,219,42" /><INIT seed="3,2,0,1,4,107" ten="299,156,284,261" oya="3" hai0="94,101,17,29,16,95,88,52,124,43,77,48,80" hai1="79,84,125,90,122,0,112,26,134,120,133,119,53" hai2="64,13,66,130,87,123,108,37,85,109,42,86,105" hai3="128,83,92,32,69,46,116,50,33,129,20,104,5"/><W93/><G116/><T23/><D124/><U115/><E0/><V114/><F114/><N who="1" m="43561" /><E26/><V61/><F130/><N who="3" m="50283" /><G104/><T102/><D43/><U76/><E125/><V59/><F105/><W106/><G106/><T118/><D118/><U47/><E119/><V25/><F123/><N who="1" m="47145" /><E53/><N who="2" m="34031" /><F13/><W131/><G69/><T49/><D77/><N who="1" m="29771" /><E47/><N who="2" m="24015" /><F25/><W89/><G5/><T14/><D80/><AGARI ba="2,0" hai="80,84,90,133,134" m="29771,47145,43561" machi="80" ten="40,2600,0" yaku="34,2" doraHai="107" who="1" fromWho="0" sc="299,-32,156,32,284,0,261,0" /><INIT seed="4,0,0,5,0,110" ten="267,188,284,261" oya="0" hai0="49,27,66,116,56,18,52,63,82,107,29,111,115" hai1="106,14,61,0,125,91,85,83,130,133,46,34,68" hai2="126,16,21,59,55,78,39,43,26,53,75,20,127" hai3="23,37,135,104,67,95,15,32,48,114,105,3,5"/><T88/><D116/><U123/><E0/><V71/><F71/><W97/><G37/><T2/><D2/><U69/><E123/><V124/><F20/><W84/><G32/><T62/><D107/><U24/><E125/><V121/><F121/><W11/><G135/><T102/><D115/><U120/><E133/><V41/><F39/><W40/><G114/><T70/><D102/><U13/><E120/><V47/><F47/><W12/><G67/><T72/><D18/><U1/><E1/><V8/><F8/><W64/><G64/><T118/><D118/><U96/><E130/><V90/><F90/><W87/><G104/><T19/><D19/><U74/><E46/><V60/><F55/><W50/><G105/><T51/><D111/><U38/><E38/><V101/><F101/><W94/><G94/><T100/><D100/><N who="1" m="62727" /><E69/><V79/><F75/><W22/><G3/><T131/><D131/><U44/><E44/><V7/><F7/><W117/><G117/><T81/><D81/><U80/><E80/><V33/><F33/><W98/><G5/><T134/><D134/><U73/><E73/><V93/><F93/><W112/><G95/><T129/><D129/><U9/><E9/><V132/><F132/><W86/><G112/><T45/><D45/><U119/><E119/><V77/><AGARI ba="0,0" hai="16,21,26,41,43,53,59,60,77,78,79,124,126,127" machi="77" ten="40,5200,0" yaku="0,1,18,1,54,1" doraHai="110" who="2" fromWho="2" sc="267,-26,188,-13,284,52,261,-13" owari="241,-15.9,175,-32.5,336,43.6,248,4.8" /></mjloggm>