<mjloggm ver="2.3"><GO type="225" lobby="0"/><UN n0="%E3%82%A2%E3%82%A4%E3%82%B9%E3%83%86%E3%82%A3%E3%83%BC%E3%81%82%E3%81%B9" n1="%E3%81%82%E3%81%B9%E3%81%99%E3%81%91" n2="%E3%82%A2%E3%83%BC%E3%83%A2%E3%83%AD%E3%83%BC%E3%83%B4%E3%82%A1" n3="%E5%B0%8F%E9%B3%A5%E9%81%8A%E7%B7%B4%E7%84%A1%32%31%E6%AD%B3" dan="16,16,16,16" rate="2085.64,2090.83,2177.14,2146.92" sx="M,M,M,F"/><TAIKYOKU oya="0"/><INIT seed="0,0,0,1,5,128" ten="250,250,250,250" oya="0" hai0="93,1,84,37,114,4,19,73,123,12,112,71,24" hai1="38,75,132,96,104,3,103,29,34,76,79,94,52" hai2="92,120,81,108,90,106,131,62,22,107,57,124,127" hai3="28,63,35,110,117,77,68,133,17,23,72,20,65"/><T32/><D73/><U64/><E38/><V135/><F120/><W41/><G117/><T105/><D105/><U86/><E3/><V91/><F108/><W122/><G110/><T97/><D37/><U60/><E132/><V70/><F70/><W56/><G41/><T59/><D71/><U83/><E79/><V21/><F131/><W27/><G122/><T16/><D84/><U48/><E29/><V18/><F135/><W85/><G72/><T69/><D69/><U58/><E34/><V88/><F81/><W66/><G133/><T111/><D111/><U25/><E25/><N who="2" m="14519" /><F22/><W7/><G7/><T14/><D123/><U8/><E8/><V50/><F50/><W5/><G5/><T100/><D1/><U113/><E113/><V119/><F92/><W95/><G35/><T121/><D121/><U47/><REACH who="1" step="1"/><E75/><REACH who="1" ten="250,240,250,250" step="2"/><V26/><F119/><W54/><G77/><T126/><D114/><U87/><E87/><V9/><F26/><N who="3" m="14607" /><G68/><T15/><D112/><U134/><E134/><V36/><F9/><W39/><G39/><T78/><D78/><U89/><E89/><AGARI ba="0,1" hai="23,27,28,54,56,63,65,66,85,89,95" m="14607" machi="89" ten="30,1000,0" yaku="8,1" doraHai="128" who="3" fromWho="1" sc="250,0,240,-10,250,0,250,20" /><INIT seed="1,0,0,0,5,123" ten="250,230,250,270" oya="1" hai0="11,9,108,132,116,80,51,29,54,85,22,86,14" hai1="91,38,2,83,8,55,59,79,50,135,41,62,33" hai2="69,101,128,63,131,60,105,58,0,64,124,19,89" hai3="115,42,18,130,90,45,114,7,49,28,95,77,107"/><U82/><E135/><V65/><F124/><W81/><G107/><T98/><D116/><U44/><E33/><V40/><F0/><W26/><G7/><T16/><D132/><U110/><E110/><V15/><F40/><W39/><G39/><T122/><D122/><U103/><E103/><V36/><F36/><W133/><G18/><T84/><D108/><U10/><E2/><V118/><F118/><W106/><G106/><T78/><D98/><U31/><E31/><V70/><F89/><W96/><G130/><N who="2" m="49705" /><F101/><W20/><REACH who="3" step="1"/><G133/><REACH who="3" ten="250,230,250,260" step="2"/><T94/><D94/><U61/><E38/><V93/><F93/><W126/><G126/><T47/><REACH who="0" step="1"/><D29/><REACH who="0" ten="240,230,250,260" step="2"/><U37/><E37/><V57/><F105/><W53/><G53/><T5/><D5/><U117/><E117/><V88/><F88/><W1/><G1/><T3/><D3/><U75/><E91/><V76/><F76/><W43/><G43/><T68/><D68/><U6/><E6/><V24/><F70/><W73/><AGARI ba="0,2" hai="20,26,28,42,45,49,73,77,81,90,95,96,114,115" machi="73" ten="20,5200,0" yaku="1,1,0,1,7,1,53,1" doraHai="123" doraHaiUra="104" who="3" fromWho="3" sc="240,-13,230,-26,250,-13,260,72" /><INIT seed="2,0,0,3,0,110" ten="227,204,237,332" oya="2" hai0="128,34,61,78,48,2,42,39,70,7,101,64,130" hai1="18,23,26,1,60,75,73,76,20,115,47,17,32" hai2="43,24,21,79,37,131,65,87,114,13,4,103,29" hai3="129,88,50,9,0,10,133,72,113,99,116,71,125"/><V33/><F131/><N who="0" m="50218" /><D34/><U67/><E1/><V82/><F114/><W46/><G113/><T38/><D101/><U69/><E115/><V84/><F65/><W74/><G116/><T96/><D96/><U19/><E76/><V56/><F103/><W53/><G129/><T66/><D78/><U25/><E32/><V92/><F56/><W134/><G71/><N who="0" m="42383" /><D7/><U89/><E47/><V94/><F87/><W62/><G0/><T104/><D2/><U117/><E117/><V11/><REACH who="2" step="1"/><F33/><REACH who="2" ten="227,204,227,332" step="2"/><W97/><G74/><T77/><D104/><U135/><E75/><V30/><F30/><W14/><G72/><T35/><D35/><U93/><E73/><V6/><F6/><W102/><G102/><T22/><D66/><U85/><REACH who="1" step="1"/><E135/><REACH who="1" ten="227,194,227,332" step="2"/><V5/><F5/><W120/><G134/><T100/><D77/><U44/><E44/><AGARI ba="0,2" hai="4,11,13,21,24,29,37,43,44,79,82,84,92,94" machi="44" ten="40,2000,0" yaku="1,1,53,0" doraHai="110" doraHaiUra="55" who="2" fromWho="1" sc="227,0,194,-20,227,40,332,0" /><INIT seed="2,1,0,5,4,47" ten="227,174,267,332" oya="2" hai0="46,43,57,10,97,80,35,22,38,83,120,119,5" hai1="11,118,96,53,91,16,40,113,63,18,70,65,95" hai2="122,62,28,25,2,13,6,105,23,103,49,78,42" hai3="75,37,60,51,68,93,124,69,81,132,104,135,61"/><V0/><F122/><W9/><G37/><T111/><D111/><U102/><E118/><V109/><F109/><W48/><G104/><T33/><D120/><U90/><E113/><V131/><F131/><W71/><G9/><T64/><D119/><U94/><E40/><V30/><F30/><W125/><G93/><T19/><D97/><U133/><E133/><N who="3" m="51274" /><G81/><T15/><D57/><U74/><E74/><V8/><F62/><N who="3" m="24171" /><G75/><T56/><D56/><U45/><E102/><V41/><F103/><W121/><G121/><T114/><D64/><U29/><E29/><V54/><F105/><W73/><G73/><T117/><D114/><U100/><E100/><V106/><F106/><W92/><G92/><T127/><D127/><AGARI ba="1,0" hai="48,51,68,69,71,124,125,127" m="24171,51274" machi="127" ten="40,16000,3" yaku="28,2,18,1,20,1,34,2,52,2" doraHai="47" who="3" fromWho="0" sc="227,-163,174,0,267,0,332,163" /><INIT seed="3,0,0,5,4,76" ten="64,174,267,495" oya="3" hai0="70,75,81,84,121,46,16,92,31,64,43,22,103" hai1="28,54,36,135,112,94,124,66,130,134,12,90,53" hai2="13,26,88,42,5,108,15,89,96,132,18,17,6" hai3="0,7,23,101,113,61,39,1,126,99,100,4,102"/><W27/><G39/><T133/><D133/><U20/><E112/><V78/><F108/><W24/><G126/><T63/><D121/><U97/><E66/><V86/><F42/><W128/><G99/><T123/><D123/><U77/><E130/><V116/><F26/><W74/><G74/><T115/><D115/><U80/><E36/><V65/><F65/><W83/><G128/><T106/><D31/><U45/><E45/><V9/><F116/><W2/><G61/><T71/><D71/><U122/><E124/><V125/><F132/><W68/><G68/><T119/><D119/><U114/><E114/><V32/><F32/><W79/><G113/><T21/><D21/><U25/><E122/><V11/><F125/><W109/><G109/><T129/><D129/><U73/><E12/><V110/><F110/><W37/><G37/><T44/><D106/><U91/><E91/><N who="2" m="34891" /><F96/><W131/><G131/><T85/><D75/><U105/><E135/><V40/><F40/><W58/><G58/><T35/><D81/><AGARI ba="0,0" hai="5,6,9,11,13,15,17,18,78,81,86" m="34891" machi="81" ten="30,3900,0" yaku="8,1,52,1,54,1" doraHai="76" who="2" fromWho="0" sc="64,-39,174,0,267,39,495,0" owari="25,-47.5,174,-22.6,306,10.6,495,59.5" /></mjloggm>