<mjloggm ver="2.3"><GO type="225" lobby="0"/><UN n0="%E3%82%BC%E3%83%AB%E3%83%80%E3%81%AE%E4%BC%9D%E8%AA%AC" n1="%E5%8F%AF%E5%85%90%E9%82%A3%E7%94%B1%E5%A4%9A" n2="%E6%B4%BE%E9%81%A3%E3%81%AE%E3%82%B8%E3%83%A3%E3%83%83%E3%82%AF" n3="%E4%B8%89%E5%86%A0%E7%8E%8B%E3%83%BB%E5%B1%B1%E7%94%B0%E5%93%B2%E4%BA%BA" dan="16,16,16,16" rate="2199.40,2149.12,2172.77,2109.39" sx="M,F,M,M"/><TAIKYOKU oya="0"/><INIT seed="0,0,0,1,3,47" ten="250,250,250,250" oya="0" hai0="35,0,26,86,131,30,18,52,34,82,85,121,68" hai1="29,76,69,9,54,102,45,95,17,59,118,50,57" hai2="3,42,56,24,12,38,41,89,65,1,107,72,20" hai3="94,84,103,48,58,128,96,91,127,81,97,83,87"/><T133/><D121/><U11/><E118/><V100/><F72/><W129/><G58/><N who="1" m="22026" /><E69/><V63/><F12/><W67/><G67/><T90/><D68/><U25/><E76/><V115/><F115/><W113/><G48/><T23/><D0/><U16/><E29/><V79/><F79/><N who="3" m="46143" /><G113/><T80/><D133/><U124/><E124/><V55/><F107/><N who="3" m="63975" /><G127/><T116/><D131/><U134/><E134/><V71/><F41/><W125/><G125/><T43/><D116/><U22/><E17/><V74/><F74/><W104/><G104/><T4/><D43/><U36/><E36/><V15/><F15/><W27/><G27/><T93/><D4/><U123/><E123/><V19/><F42/><W39/><G39/><T130/><D130/><U2/><E2/><V126/><F38/><W99/><G99/><AGARI ba="0,0" hai="9,11,16,22,25,45,50,54,95,99,102" m="22026" machi="99" ten="30,3900,0" yaku="8,1,52,1,54,1" doraHai="47" who="1" fromWho="3" sc="250,0,250,39,250,0,250,-39" /><INIT seed="1,0,0,0,3,96" ten="250,289,250,211" oya="1" hai0="119,87,53,34,99,94,98,132,103,25,127,120,58" hai1="47,51,131,65,45,133,35,66,43,69,30,122,134" hai2="14,42,20,50,23,31,74,9,49,19,110,57,3" hai3="116,115,100,26,10,27,89,67,41,62,114,121,82"/><U46/><E30/><V64/><F74/><W101/><G121/><T80/><D119/><U18/><E35/><V1/><F110/><W124/><G116/><T72/><D127/><U105/><E105/><V123/><F123/><W16/><G124/><T91/><D132/><N who="1" m="50795" /><E18/><V111/><F111/><W11/><G41/><T92/><D120/><U108/><E122/><V95/><F95/><W118/><G118/><T22/><D72/><U24/><E24/><V113/><F113/><W79/><G89/><T135/><D135/><U54/><E108/><V32/><F23/><W60/><G67/><N who="1" m="25610" /><E69/><V85/><F32/><W38/><G79/><T97/><D34/><U36/><E131/><V128/><F128/><W8/><G8/><T52/><D58/><AGARI ba="0,0" hai="36,43,45,46,47,51,54,58" m="25610,50795" machi="58" ten="30,5800,0" yaku="20,1,34,2" doraHai="96" who="1" fromWho="0" sc="250,-58,289,58,250,0,211,0" /><INIT seed="1,1,0,0,1,55" ten="192,347,250,211" oya="1" hai0="32,83,71,61,95,41,53,119,75,67,11,17,16" hai1="94,100,77,132,15,88,133,43,70,18,106,69,64" hai2="128,109,57,10,59,121,120,30,63,123,131,26,33" hai3="127,50,102,65,27,68,82,90,6,85,56,91,49"/><U1/><E1/><V107/><F107/><W66/><G127/><T2/><D119/><U117/><E117/><V122/><N who="2" m="30720" /><DORA hai="7" /><V103/><F103/><W48/><G68/><T23/><D32/><U37/><E77/><V96/><F96/><W25/><G102/><T110/><D110/><U31/><E31/><V42/><F42/><W135/><G135/><N who="1" m="51786" /><E64/><V40/><F40/><W14/><G91/><T80/><D41/><U52/><E106/><V12/><F109/><W3/><G3/><T73/><D95/><U129/><E129/><N who="2" m="49739" /><F63/><N who="3" m="38119" /><G66/><T0/><D53/><U28/><E100/><V108/><F108/><W35/><G35/><T99/><D99/><U118/><E118/><V39/><F39/><W36/><G36/><T72/><D2/><U79/><E37/><V24/><F24/><W13/><G13/><T134/><D134/><U47/><E15/><V58/><F58/><W104/><G104/><T38/><D38/><U20/><E43/><V51/><F51/><N who="3" m="13059" /><W21/><DORA hai="87" /><G21/><T116/><D116/><U46/><E20/><V86/><F86/><W124/><G124/><T111/><D111/><U113/><E69/><V19/><AGARI ba="1,0" hai="10,12,19,26,30,33,57,59" m="49739,30720" machi="19" ten="60,8000,1" yaku="19,1,52,3" doraHai="55,7,87" who="2" fromWho="2" sc="192,-21,347,-41,250,83,211,-21" /><INIT seed="2,0,0,3,0,54" ten="171,306,333,190" oya="2" hai0="130,98,70,117,35,14,43,86,6,13,89,99,95" hai1="79,128,44,22,87,12,52,110,4,19,50,108,24" hai2="129,36,123,9,132,77,135,105,0,66,82,83,80" hai3="118,104,100,40,15,42,21,10,53,133,90,5,73"/><V31/><F123/><W58/><G73/><T85/><D70/><U18/><E128/><V81/><F105/><W59/><G118/><T96/><D130/><U93/><E4/><V39/><F129/><W78/><G78/><T125/><D125/><U34/><E34/><V111/><F111/><W124/><G124/><T17/><D117/><U120/><E120/><V25/><F66/><W88/><G133/><N who="2" m="51273" /><F9/><W91/><G104/><T46/><D35/><U126/><E126/><V131/><F0/><W68/><G68/><T23/><D86/><U106/><E106/><V97/><F97/><W49/><G100/><T116/><D116/><U30/><E93/><V41/><F41/><N who="3" m="15979" /><G21/><T47/><REACH who="0" step="1"/><D43/><REACH who="0" ten="161,306,333,190" step="2"/><U67/><E110/><V103/><F131/><W119/><G119/><T56/><D56/><AGARI ba="0,1" hai="5,10,15,49,53,56,58,59,88,90,91" m="15979" machi="56" ten="30,8000,1" yaku="8,1,52,3,54,1" doraHai="54" who="3" fromWho="0" sc="161,-80,306,0,333,0,190,90" /><INIT seed="3,0,0,2,5,91" ten="81,306,333,280" oya="3" hai0="124,47,46,56,4,109,25,123,20,93,100,71,44" hai1="52,111,92,54,21,95,39,31,59,2,133,104,81" hai2="72,134,49,32,94,80,97,33,65,3,37,125,132" hai3="38,7,131,30,107,82,135,101,15,105,99,16,0"/><W1/><G135/><N who="2" m="51753" /><F37/><W63/><G131/><T57/><D4/><U121/><E104/><V26/><F125/><W10/><G38/><T120/><D20/><U106/><E106/><V11/><F65/><W17/><G107/><T122/><D25/><N who="1" m="16815" /><E39/><V96/><F49/><W78/><G30/><T55/><D124/><U6/><E133/><V22/><F80/><W58/><G0/><T18/><D18/><U14/><E2/><V85/><F85/><W76/><G1/><T128/><D128/><U45/><E121/><V116/><F72/><W12/><G12/><T36/><D36/><U66/><E111/><V127/><F116/><W41/><G41/><T88/><D100/><U126/><E126/><V13/><F3/><W28/><G28/><T48/><D71/><U77/><E66/><V114/><F114/><W53/><REACH who="3" step="1"/><G76/><REACH who="3" ten="81,306,333,270" step="2"/><T118/><D118/><U113/><E113/><V69/><F127/><W98/><G98/><T34/><D109/><U112/><E112/><V84/><F96/><W119/><G119/><T42/><D34/><U67/><E14/><V27/><F97/><W83/><G83/><T9/><D42/><U79/><E79/><V60/><F27/><W19/><G19/><T70/><D120/><U103/><E77/><V35/><F26/><W90/><G90/><T43/><D43/><U117/><E81/><V87/><F13/><W61/><G61/><T110/><D110/><U89/><E117/><V115/><F115/><W75/><AGARI ba="0,1" hai="7,10,15,16,17,53,58,63,75,78,82,99,101,105" machi="75" ten="20,7800,0" yaku="1,1,0,1,7,1,54,1,53,0" doraHai="91" doraHaiUra="40" who="3" fromWho="3" sc="81,-26,306,-26,333,-26,270,88" owari="55,-44.5,280,-12.0,307,10.7,358,45.8" /></mjloggm>