<mjloggm ver="2.3"><GO type="225" lobby="0"/><UN n0="%72%69%6F%75%63%68%61%6E" n1="%6D%61%6A%69%6B%75%7A%75" n2="%72%65%6E%6B%75%6E" n3="%E6%A1%9C%E8%8A%B1%E9%96%83%E3%80%85" dan="16,17,17,16" rate="2160.62,2235.29,2218.35,2127.81" sx="M,M,M,M"/><TAIKYOKU oya="0"/><INIT seed="0,0,0,1,3,24" ten="250,250,250,250" oya="0" hai0="123,81,48,37,23,0,127,7,1,80,101,28,38" hai1="83,74,97,102,79,87,75,77,43,66,9,17,44" hai2="112,76,10,12,98,71,13,51,92,21,6,40,128" hai3="50,36,70,45,61,47,91,5,85,41,133,14,78"/><T8/><D123/><U67/><E9/><V19/><F71/><W27/><G133/><T56/><D0/><U106/><E17/><V120/><F128/><W57/><G70/><T100/><D127/><U34/><E34/><V42/><F120/><W31/><G78/><T59/><D37/><U58/><E58/><V4/><F112/><W3/><G3/><T124/><D38/><U69/><E69/><V35/><F35/><W88/><G14/><N who="0" m="5407" /><D124/><U116/><E116/><V72/><F4/><W52/><G5/><T103/><D1/><U62/><E62/><V119/><F119/><W33/><REACH who="3" step="1"/><G85/><REACH who="3" ten="250,250,250,240" step="2"/><T30/><D23/><U46/><E79/><V11/><F76/><W53/><AGARI ba="0,1" hai="27,31,33,36,41,45,47,50,52,53,57,61,88,91" machi="53" ten="20,12000,2" yaku="1,1,2,1,0,1,7,1,52,1,54,2,53,0" doraHai="24" doraHaiUra="32" who="3" fromWho="3" sc="250,-60,250,-30,250,-30,240,130" /><INIT seed="1,0,0,5,4,29" ten="190,220,220,370" oya="1" hai0="87,116,118,8,10,83,113,109,110,35,131,130,59" hai1="106,20,46,51,88,112,4,60,93,64,103,24,119" hai2="55,43,18,99,91,76,37,31,129,17,72,132,120" hai3="86,67,104,68,38,33,7,124,50,78,36,39,19"/><U26/><E112/><V1/><F1/><W111/><G19/><T75/><D113/><U5/><E119/><N who="0" m="45609" /><D75/><U134/><E134/><V52/><F31/><W48/><G7/><T89/><D59/><U85/><E106/><V117/><F117/><W49/><G111/><N who="0" m="42507" /><D35/><U100/><E4/><V135/><F120/><W69/><G104/><T44/><D44/><U82/><E5/><V14/><F129/><AGARI ba="0,0" hai="8,10,83,87,89,129,130,131" m="42507,45609" machi="129" ten="40,2600,0" yaku="19,1,14,1" doraHai="29" who="0" fromWho="2" sc="190,26,220,0,220,-26,370,0" /><INIT seed="2,0,0,5,3,37" ten="216,220,194,370" oya="2" hai0="76,13,103,59,3,129,78,6,52,17,34,107,114" hai1="53,49,109,95,102,57,112,30,115,10,42,67,61" hai2="9,85,98,72,0,23,91,2,29,69,68,92,132" hai3="65,36,127,54,111,50,62,73,27,63,47,58,119"/><V51/><F72/><W35/><G119/><T12/><D114/><U110/><E30/><V133/><F51/><W24/><G111/><N who="1" m="42506" /><E10/><V90/><F29/><W26/><G127/><T108/><D108/><U31/><E31/><V32/><F32/><W82/><G36/><T100/><D34/><U1/><E1/><N who="2" m="619" /><F23/><W71/><G35/><T81/><D129/><U38/><E102/><N who="0" m="38953" /><D107/><U116/><E95/><N who="2" m="56703" /><F9/><W88/><G73/><T4/><D3/><U118/><E38/><V33/><F33/><W21/><G82/><T60/><D12/><U75/><E42/><V122/><F122/><W16/><G88/><T39/><D39/><U135/><E75/><V120/><F120/><W124/><G124/><T28/><D28/><U56/><E135/><AGARI ba="0,0" hai="68,69,85,90,92,132,133,135" m="56703,619" machi="135" ten="30,1500,0" yaku="20,1" doraHai="37" who="2" fromWho="1" sc="216,0,220,-15,194,15,370,0" /><INIT seed="2,1,0,0,5,114" ten="216,205,209,370" oya="2" hai0="128,59,130,98,50,58,73,92,102,82,129,54,61" hai1="17,1,81,75,134,39,113,83,111,23,106,123,105" hai2="13,49,30,132,14,77,119,48,69,8,131,47,18" hai3="74,15,20,24,36,122,67,65,96,43,72,95,94"/><V35/><F69/><W87/><G122/><T70/><D70/><U42/><E113/><V93/><F132/><W121/><G121/><T56/><REACH who="0" step="1"/><D61/><REACH who="0" ten="206,205,209,370" step="2"/><U89/><E123/><V21/><F131/><W110/><G67/><T26/><D26/><U6/><E134/><V33/><F119/><W86/><G65/><T90/><D90/><U108/><E89/><V101/><F77/><AGARI ba="1,1" hai="50,54,56,58,59,73,77,82,92,98,102,128,129,130" machi="77" ten="40,2600,0" yaku="1,1,19,1,53,0" doraHai="114" doraHaiUra="133" who="0" fromWho="2" sc="206,39,205,0,209,-29,370,0" /><INIT seed="3,0,0,3,2,8" ten="245,205,180,370" oya="3" hai0="54,73,127,76,92,117,90,85,43,26,45,129,109" hai1="101,123,10,111,49,53,68,19,108,59,62,110,125" hai2="38,46,51,0,30,103,96,128,122,42,84,15,134" hai3="77,106,87,71,65,39,82,32,100,79,9,4,133"/><W67/><G32/><T44/><D117/><U1/><E123/><V135/><F0/><W124/><G39/><T34/><D109/><U6/><E125/><V28/><F122/><W61/><G124/><T114/><D127/><U95/><E19/><V112/><F112/><W16/><G133/><N who="2" m="50697" /><F84/><W72/><G16/><T81/><D114/><U57/><E68/><V70/><F70/><W66/><G100/><T2/><D2/><U89/><E101/><V105/><F38/><W69/><G106/><T116/><D116/><U94/><REACH who="1" step="1"/><E89/><REACH who="1" ten="245,195,180,370" step="2"/><V60/><F60/><W75/><G61/><T12/><D90/><U58/><E58/><V23/><F128/><W74/><G71/><T13/><D129/><U22/><E22/><V121/><F121/><W98/><G69/><T24/><D34/><U86/><E86/><V80/><F80/><W120/><G120/><T102/><D81/><U20/><E20/><V3/><F3/><W63/><G87/><T18/><D85/><U50/><E50/><V48/><F51/><W118/><G82/><T78/><D102/><U126/><E126/><V113/><F113/><W132/><G132/><T83/><D83/><U119/><E119/><V27/><F15/><W40/><G118/><T91/><D12/><U99/><E99/><V93/><F30/><W35/><G35/><T47/><D13/><U5/><E5/><V107/><AGARI ba="0,1" hai="23,27,28,42,46,48,93,96,103,105,107" m="50697" machi="107" ten="30,1100,0" yaku="20,1" doraHai="8" who="2" fromWho="2" sc="245,-3,195,-3,180,21,370,-5" owari="242,4.2,192,-30.8,201,-19.9,365,46.5" /></mjloggm>