<mjloggm ver="2.3"><GO type="225" lobby="0"/><UN n0="%4C%4F%4C%49%54%41" n1="%2D%E8%B1%8A%E5%8F%A3%E3%82%81%E3%81%90%E3%81%BF%2D" n2="%E3%82%BC%E3%83%AB%E3%83%80%E3%81%AE%E4%BC%9D%E8%AA%AC" n3="%E8%B6%85%E7%B4%9A%E9%B3%B3%E5%87%B0" dan="16,16,17,16" rate="2183.10,2101.78,2134.62,2144.60" sx="F,F,M,M"/><TAIKYOKU oya="0"/><INIT seed="0,0,0,3,1,73" ten="250,250,250,250" oya="0" hai0="5,23,17,78,31,131,91,120,52,67,18,117,11" hai1="103,128,0,8,59,99,41,20,76,84,106,115,49" hai2="102,132,16,121,12,60,124,50,123,3,58,113,108" hai3="87,104,69,30,9,43,65,125,111,42,93,61,85"/><T105/><D117/><U118/><E118/><V75/><F113/><W51/><G104/><T33/><D120/><U55/><E115/><V101/><F3/><W25/><G111/><T81/><D105/><U44/><E128/><V122/><F108/><W29/><G125/><T2/><D131/><U79/><E84/><V116/><F116/><W37/><G37/><T97/><D67/><U133/><E133/><V107/><F132/><W26/><G9/><T62/><D33/><U66/><E66/><V100/><F124/><W28/><G87/><T80/><D31/><U6/><REACH who="1" step="1"/><E20/><REACH who="1" ten="250,240,250,250" step="2"/><V135/><F135/><W70/><G85/><T71/><D23/><U130/><E130/><V39/><F75/><W14/><G65/><T88/><D97/><U134/><E134/><V96/><F121/><W110/><G110/><T21/><D21/><U112/><E112/><V114/><F114/><W46/><G70/><T56/><D71/><U86/><E86/><V109/><F122/><W90/><G69/><T4/><D81/><U24/><E24/><V63/><F109/><W10/><G25/><T1/><D80/><U45/><E45/><V119/><F119/><W57/><G26/><T64/><D64/><U72/><E72/><V22/><F123/><W92/><G46/><T129/><D129/><U68/><E68/><V53/><F39/><AGARI ba="0,1" hai="0,6,8,39,41,44,49,55,59,76,79,99,103,106" machi="39" ten="30,8000,1" yaku="1,1,7,1,52,2,53,1" doraHai="73" doraHaiUra="32" who="1" fromWho="2" sc="250,0,240,90,250,-80,250,0" /><INIT seed="1,0,0,2,2,31" ten="250,330,170,250" oya="1" hai0="106,135,24,59,128,98,65,68,32,41,116,97,131" hai1="55,81,119,100,63,67,118,4,76,60,49,73,113" hai2="83,108,37,102,89,15,132,111,127,22,114,82,14" hai3="103,105,12,129,115,91,46,107,112,17,6,93,122"/><U25/><E113/><V35/><F37/><W11/><G122/><T109/><D116/><U33/><E4/><V87/><F114/><W121/><G121/><T56/><D109/><N who="2" m="42058" /><F102/><W61/><G129/><N who="0" m="49739" /><D135/><U51/><E100/><V125/><F132/><W70/><G46/><T75/><D75/><U20/><E63/><V53/><F53/><W101/><G107/><T26/><D41/><U120/><E120/><V7/><F83/><W19/><G112/><T50/><D24/><U72/><E72/><V54/><F54/><W78/><G78/><T9/><D9/><U94/><E94/><V77/><F77/><W84/><G115/><T27/><D27/><U48/><E55/><V1/><F1/><W117/><G117/><T36/><D36/><U13/><E13/><N who="2" m="4619" /><F22/><W80/><G105/><T79/><D79/><U16/><REACH who="1" step="1"/><E33/><REACH who="1" ten="250,320,170,250" step="2"/><V47/><F7/><W69/><G103/><T86/><D106/><U123/><E123/><V43/><F35/><W23/><G101/><T62/><D32/><U133/><E133/><V57/><F43/><W130/><G130/><T58/><D62/><U110/><E110/><V71/><F127/><W124/><G124/><T18/><D26/><U92/><E92/><V38/><F125/><W99/><G61/><T10/><D65/><U21/><E21/><V44/><F71/><AGARI ba="0,1" hai="16,20,25,48,49,51,60,67,71,73,76,81,118,119" machi="71" ten="40,3900,0" yaku="1,1,54,1,53,0" doraHai="31" doraHaiUra="34" who="1" fromWho="2" sc="250,0,320,49,170,-39,250,0" /><INIT seed="1,1,0,3,5,122" ten="250,369,131,250" oya="1" hai0="16,38,21,45,99,108,132,125,34,109,129,29,90" hai1="80,75,103,6,43,2,39,28,56,134,100,64,96" hai2="33,44,84,37,106,32,10,102,7,118,98,93,18" hai3="127,69,104,116,91,25,95,70,57,87,47,0,26"/><U110/><E28/><V71/><F118/><W5/><G104/><T41/><D129/><U58/><E103/><V117/><F117/><W123/><G116/><T3/><D3/><U54/><E64/><V55/><F18/><W105/><G105/><T4/><D4/><U51/><E58/><V67/><F84/><W72/><G123/><T1/><D1/><U76/><E134/><V27/><F93/><W119/><G119/><T74/><D74/><U48/><E48/><V23/><F23/><W66/><G72/><T97/><D125/><U59/><E59/><V131/><F131/><W126/><G47/><T89/><D132/><U94/><E43/><N who="2" m="22639" /><F55/><W31/><G26/><N who="0" m="18743" /><D97/><U101/><E54/><V114/><F27/><W8/><G57/><T46/><D99/><U9/><E96/><V135/><F114/><W61/><REACH who="3" step="1"/><G70/><REACH who="3" ten="250,369,131,240" step="2"/><T111/><D46/><U11/><E56/><V115/><F135/><W92/><G92/><T88/><D89/><U50/><E75/><V79/><F115/><W113/><G113/><T60/><D60/><U62/><E62/><N who="2" m="40439" /><F79/><W36/><G36/><T124/><D124/><U83/><E39/><V52/><F52/><W15/><G15/><AGARI ba="1,1" hai="15,16,21,38,41,45,88,90,108,109,111" m="18743" machi="15" ten="30,12000,2" yaku="14,1,52,3,54,2" doraHai="122" who="0" fromWho="3" sc="250,133,369,0,131,0,240,-123" /><INIT seed="2,0,0,0,5,23" ten="383,369,131,117" oya="2" hai0="46,69,30,82,59,57,65,5,53,88,104,22,119" hai1="132,19,50,94,35,78,112,63,21,27,105,79,47" hai2="81,40,64,17,99,118,36,44,86,7,9,76,52" hai3="20,135,51,89,85,83,116,14,29,13,43,3,68"/><V133/><F118/><W75/><G116/><T106/><D119/><U84/><E105/><V45/><F133/><W121/><G121/><T71/><D5/><U11/><E112/><V10/><F64/><W6/><G68/><T8/><D8/><U12/><E35/><V26/><F99/><W58/><G135/><T98/><D106/><U0/><E0/><V127/><F127/><W18/><G29/><T49/><D104/><U37/><E37/><V125/><F125/><W110/><G110/><T77/><D69/><U130/><E130/><V61/><F7/><W129/><G129/><T117/><D117/><U103/><E63/><V56/><REACH who="2" step="1"/><F44/><REACH who="2" ten="383,369,121,117" step="2"/><W72/><G3/><T39/><D65/><U92/><E132/><V107/><F107/><W2/><G2/><T87/><D46/><U38/><E47/><V91/><F91/><W73/><G6/><T1/><D88/><U100/><E100/><V28/><F28/><W55/><REACH who="3" step="1"/><G43/><REACH who="3" ten="383,369,121,107" step="2"/><T24/><D1/><U41/><E41/><V122/><F122/><W123/><G123/><T80/><D30/><U114/><E114/><V120/><F120/><W32/><G32/><T131/><D131/><U42/><E42/><V4/><F4/><W67/><G67/><T70/><D70/><U62/><BYE who="0" /><E103/><V101/><F101/><W115/><G115/><T108/><D108/><U48/><E19/><UN n0="%4C%4F%4C%49%54%41" /><V90/><F90/><W126/><G126/><T16/><D71/><U102/><E102/><V66/><F66/><W33/><G33/><T60/><D53/><U124/><E124/><V74/><F74/><W31/><G31/><RYUUKYOKU ba="0,2" sc="383,-15,369,-15,121,15,107,15" hai2="9,10,17,26,36,40,45,52,56,61,76,81,86" hai3="13,14,18,20,51,55,58,72,73,75,83,85,89" /><INIT seed="2,1,2,4,5,5" ten="368,354,136,122" oya="2" hai0="17,48,27,110,24,31,3,93,92,121,14,115,105" hai1="35,94,45,114,87,39,103,128,32,26,28,44,71" hai2="30,61,41,117,13,106,132,119,76,22,34,64,59" hai3="6,91,123,99,120,73,90,56,101,25,67,21,125"/><V78/><F106/><W40/><G73/><T89/><D121/><U52/><E114/><V10/><F34/><W74/><G74/><T51/><D115/><U62/><E35/><V70/><F132/><W68/><G125/><T100/><D105/><U108/><E108/><V49/><F119/><W53/><G40/><T36/><D3/><U63/><E128/><V86/><F117/><W79/><G79/><T83/><D36/><U111/><E111/><V0/><F0/><W127/><G127/><T88/><D83/><U75/><E75/><V107/><F107/><W16/><G6/><T1/><D1/><U65/><E39/><V96/><F96/><W77/><G77/><T46/><D100/><U57/><REACH who="1" step="1"/><E87/><REACH who="1" ten="368,344,136,122" step="2"/><V102/><F86/><W112/><G112/><T82/><D110/><U11/><E11/><V66/><F10/><W116/><G116/><T124/><D124/><U130/><E130/><V126/><F126/><W15/><G120/><T84/><D82/><U20/><E20/><V133/><F22/><W50/><G123/><T37/><D37/><U29/><E29/><V7/><F30/><W69/><G21/><N who="0" m="11447" /><D31/><U135/><E135/><V72/><F72/><W18/><G99/><AGARI ba="1,3" hai="26,28,32,44,45,52,57,62,63,65,71,94,99,103" machi="99" ten="40,5200,0" yaku="1,1,54,1,53,1" doraHai="5" doraHaiUra="60" who="1" fromWho="3" sc="368,0,344,85,136,0,122,-55" /><INIT seed="3,0,0,1,4,129" ten="368,429,136,67" oya="3" hai0="53,41,47,130,29,114,7,84,111,72,39,108,2" hai1="9,43,134,117,71,8,62,101,25,75,37,77,38" hai2="54,112,115,21,68,131,45,36,33,87,107,35,22" hai3="98,65,89,73,11,31,118,92,135,23,105,97,10"/><W85/><G118/><T90/><D130/><U34/><E101/><V4/><F131/><W95/><G73/><T100/><D72/><U78/><E43/><V66/><F87/><W48/><G65/><T93/><D114/><U79/><E117/><V18/><F18/><W76/><G105/><T50/><D29/><U88/><E88/><V124/><F22/><W60/><G60/><T104/><D7/><U51/><E51/><V32/><F21/><W12/><G135/><T132/><D2/><U81/><E134/><V127/><F4/><W28/><G48/><T69/><D132/><U106/><E106/><V91/><F91/><W16/><G97/><T128/><D128/><U30/><E37/><V55/><F107/><W49/><G49/><T133/><D133/><U52/><E38/><V96/><F96/><W122/><G122/><T113/><D100/><U40/><E40/><N who="2" m="22663" /><F54/><W67/><G67/><T70/><D104/><U64/><E52/><V13/><F13/><W74/><G74/><T116/><D116/><U86/><E75/><V5/><F5/><W123/><G123/><T17/><D17/><U99/><E99/><V63/><F55/><W15/><G15/><T120/><D120/><U20/><E34/><V82/><F82/><N who="3" m="47303" /><G95/><T19/><D113/><AGARI ba="0,0" hai="32,33,35,63,66,68,112,113,115,124,127" m="22663" machi="113" ten="40,1300,0" yaku="23,1" doraHai="129" who="2" fromWho="0" sc="368,-13,429,0,136,13,67,0" owari="355,15.5,429,52.9,149,-25.1,67,-43.3" /></mjloggm>