<mjloggm ver="2.3"><GO type="225" lobby="0"/><UN n0="%4C%4F%4C%49%54%41" n1="%E6%B8%A9%E2%98%85%E6%83%85%E2%98%85%E6%8E%AA%E2%98%85%E7%BD%AE" n2="%E3%81%BF%E3%81%BF%E3%81%9A" n3="%72%61%6B%33" dan="16,18,17,16" rate="2139.23,2255.72,2266.40,2091.93" sx="F,M,M,M"/><TAIKYOKU oya="0"/><INIT seed="0,0,0,1,5,86" ten="250,250,250,250" oya="0" hai0="133,63,35,31,34,67,5,27,83,123,50,40,46" hai1="70,33,84,6,51,43,107,104,10,122,26,41,4" hai2="114,3,69,102,28,18,99,12,121,36,65,8,61" hai3="37,73,124,30,131,119,22,112,44,117,115,125,11"/><T56/><D133/><U80/><E122/><V20/><F121/><W39/><G73/><T47/><D123/><U21/><E70/><V89/><F114/><N who="3" m="43563" /><G11/><T64/><D5/><U72/><E33/><V60/><F36/><N who="3" m="13899" /><G30/><T85/><D47/><U57/><E72/><V54/><F60/><W13/><G13/><T49/><D49/><U130/><E130/><V23/><F54/><W103/><G22/><T1/><D1/><U75/><E75/><V66/><F66/><W100/><G44/><T128/><D128/><U19/><E107/><V135/><F135/><W82/><G82/><T134/><D134/><U95/><E104/><V81/><F3/><W42/><G42/><N who="1" m="15882" /><E10/><V55/><F55/><W97/><G97/><T113/><D113/><U90/><E80/><V71/><F71/><W15/><G15/><T93/><D64/><U76/><E76/><V77/><F28/><W110/><G131/><T98/><D35/><U94/><E94/><V79/><F77/><W52/><G52/><AGARI ba="0,0" hai="4,6,19,21,26,51,52,57,84,90,95" m="15882" machi="52" ten="30,3900,0" yaku="8,1,52,1,54,1" doraHai="86" who="1" fromWho="3" sc="250,0,250,39,250,0,250,-39" /><INIT seed="1,0,0,1,5,14" ten="250,289,250,211" oya="1" hai0="128,77,43,91,93,96,115,71,1,127,41,94,118" hai1="121,122,32,8,123,101,131,106,53,109,4,92,62" hai2="0,79,83,23,95,50,64,17,56,55,15,40,120" hai3="134,110,37,98,65,117,27,78,7,16,25,30,29"/><U88/><E131/><V3/><F120/><W57/><G37/><T113/><D1/><U111/><E32/><V84/><F40/><W2/><G110/><N who="1" m="41994" /><E101/><V52/><F64/><W13/><G134/><T35/><D71/><U6/><E106/><V100/><F100/><W38/><G38/><T69/><D69/><U49/><E62/><V21/><F95/><W103/><G78/><T26/><D118/><U125/><E8/><V42/><F42/><W66/><G2/><T59/><D127/><U46/><E125/><V130/><F130/><W104/><G7/><T73/><D128/><U75/><E75/><V67/><F67/><W116/><G66/><T5/><D73/><U89/><E89/><V61/><REACH who="2" step="1"/><F23/><REACH who="2" ten="250,289,240,211" step="2"/><W126/><G126/><T129/><D129/><U22/><E22/><V58/><AGARI ba="0,1" hai="0,3,15,17,21,50,52,55,56,58,61,79,83,84" machi="58" ten="20,12000,2" yaku="1,1,2,1,0,1,7,1,52,1,54,1,53,0" doraHai="14" doraHaiUra="97" who="2" fromWho="2" sc="250,-30,289,-60,240,130,211,-30" /><INIT seed="2,0,0,5,0,97" ten="220,229,370,181" oya="2" hai0="53,108,17,93,62,99,37,23,33,2,120,130,133" hai1="38,47,107,74,63,28,79,113,103,116,86,127,132" hai2="27,67,122,76,64,43,0,105,36,9,123,13,95" hai3="44,4,110,88,46,106,35,65,45,49,42,48,77"/><V129/><F105/><W81/><G110/><T87/><D120/><U124/><E116/><V69/><F0/><W104/><G35/><T20/><D33/><U29/><E113/><V52/><F76/><W3/><G65/><T31/><D2/><U114/><E114/><V96/><F129/><W12/><G3/><T14/><D37/><U39/><E74/><V126/><F126/><N who="1" m="48169" /><E132/><V91/><F27/><W50/><G42/><T115/><D115/><U84/><E63/><V68/><F67/><W70/><G70/><T10/><D108/><U111/><E111/><V41/><F69/><W83/><G88/><N who="0" m="55719" /><D133/><U82/><E86/><V66/><F64/><W55/><G55/><T59/><D130/><U19/><E19/><V134/><F52/><W6/><G12/><T8/><D31/><N who="1" m="11851" /><E47/><V85/><F134/><W5/><REACH who="3" step="1"/><G77/><REACH who="3" ten="220,229,370,171" step="2"/><T75/><D14/><U60/><E60/><N who="2" m="40007" /><F41/><W121/><G121/><T56/><D62/><U18/><E39/><V78/><F43/><W89/><G89/><T109/><D109/><U80/><E38/><V57/><F36/><W131/><G131/><T118/><D53/><U90/><E90/><V32/><F123/><W1/><G1/><T100/><D118/><U15/><E15/><V135/><F32/><W73/><G73/><T30/><D75/><U16/><E82/><AGARI ba="0,1" hai="4,5,6,44,45,46,48,49,50,81,82,83,104,106" machi="82" ten="50,8000,1" yaku="1,1,29,2,28,2,53,0" doraHai="97" doraHaiUra="58" who="3" fromWho="1" sc="220,0,229,-80,370,0,171,90" /><INIT seed="3,0,0,0,4,101" ten="220,149,370,261" oya="3" hai0="112,133,27,102,43,24,85,121,92,33,109,35,7" hai1="81,57,110,58,69,17,107,132,106,47,36,49,116" hai2="77,76,72,131,97,20,79,104,22,59,6,84,100" hai3="115,103,14,54,87,125,0,23,42,96,13,29,4"/><W65/><G115/><T68/><D121/><U11/><E69/><V74/><F6/><W34/><G125/><T41/><D68/><U52/><E110/><V119/><F59/><W21/><G42/><T114/><D133/><U123/><E123/><V130/><F119/><W30/><G65/><T56/><D109/><U15/><E116/><V126/><F126/><W111/><G111/><T8/><D56/><N who="1" m="21611" /><E36/><V1/><F1/><W73/><G73/><N who="2" m="28265" /><F84/><W32/><G87/><T55/><D55/><U50/><E50/><V70/><F70/><W3/><G103/><T5/><D85/><U45/><E45/><V117/><F117/><W44/><G96/><T31/><D102/><U129/><E81/><V9/><F9/><W18/><G44/><T94/><D8/><U16/><E17/><V93/><F20/><W98/><G98/><T120/><D120/><U83/><E83/><V25/><F22/><W122/><G122/><T86/><D86/><U66/><E66/><V64/><F64/><W89/><G54/><T71/><D71/><U124/><E124/><V95/><F25/><W128/><G89/><T78/><D112/><U61/><E61/><V40/><F40/><W63/><G63/><T91/><D91/><U118/><E118/><V113/><F113/><W67/><G67/><T90/><D90/><U12/><E12/><V127/><F127/><W135/><G18/><T38/><D114/><U26/><E26/><V39/><F39/><W2/><G2/><T60/><D38/><U46/><E46/><V80/><F80/><W48/><G0/><T53/><D27/><RYUUKYOKU ba="0,0" sc="220,-10,149,-10,370,30,261,-10" hai2="76,77,79,93,95,97,100,104,130,131" owari="210,-19.0,139,-36.1,400,50.0,251,5.1" /></mjloggm>