<mjloggm ver="2.3"><GO type="225" lobby="0"/><UN n0="%E3%82%A2%E3%82%A4%E3%82%B9%E3%83%86%E3%82%A3%E3%83%BC%E3%81%82%E3%81%B9" n1="%61%69%73%79%6F" n2="%E7%B4%94%E6%BD%94%E3%83%94%E3%83%A9%E3%83%8B%E3%82%A2" n3="%E3%83%B4%E3%82%A3%E3%83%AF%E3%82%B3%E3%82%B0%E3%83%8B" dan="16,17,18,16" rate="2096.02,2210.24,2255.54,2127.35" sx="M,M,M,M"/><TAIKYOKU oya="0"/><INIT seed="0,0,0,3,4,13" ten="250,250,250,250" oya="0" hai0="43,42,106,123,55,26,113,49,117,88,38,80,45" hai1="110,119,25,101,93,84,8,68,103,99,89,72,18" hai2="36,56,29,92,32,10,121,95,0,134,126,16,86" hai3="111,17,52,44,4,51,30,105,33,82,73,87,67"/><T5/><D123/><U9/><E119/><V11/><F36/><W6/><G111/><T97/><D117/><U131/><E68/><V20/><F121/><W40/><G105/><T27/><D113/><U57/><E72/><V7/><F126/><W24/><G73/><T129/><D129/><U100/><E110/><V83/><F134/><W66/><G40/><N who="0" m="15403" /><D106/><U85/><E131/><V75/><F75/><W53/><G53/><N who="0" m="29871" /><D38/><U12/><E25/><N who="0" m="9225" /><D5/><N who="3" m="2153" /><G30/><T47/><D47/><U81/><E8/><V107/><F11/><W74/><G74/><T15/><D15/><U59/><REACH who="1" step="1"/><E85/><REACH who="1" ten="250,240,250,250" step="2"/><V64/><F10/><W109/><G109/><T3/><D3/><U69/><E69/><V124/><F0/><W54/><G33/><T76/><D76/><AGARI ba="0,1" hai="9,12,18,57,59,76,81,84,89,93,99,100,101,103" machi="76" ten="40,5200,0" yaku="1,1,8,1,52,1,53,0" doraHai="13" doraHaiUra="125" who="1" fromWho="0" sc="250,-52,240,62,250,0,250,0" /><INIT seed="1,0,0,5,2,42" ten="198,302,250,250" oya="1" hai0="57,52,65,112,75,69,5,118,11,88,81,60,96" hai1="62,126,106,73,78,109,105,99,50,61,6,55,85" hai2="93,18,32,53,98,22,45,30,29,47,123,82,111" hai3="135,49,80,0,102,24,128,86,67,70,26,72,115"/><U17/><E126/><V113/><F123/><W95/><G115/><T51/><D112/><U7/><E73/><V25/><F113/><W107/><G0/><T58/><D118/><U103/><E106/><V64/><F111/><W9/><G70/><T12/><D75/><U23/><E109/><V59/><F82/><W63/><G107/><T1/><D1/><U121/><E121/><V74/><F74/><W131/><G9/><T19/><D5/><U87/><E62/><N who="2" m="36207" /><F32/><W27/><G135/><T71/><REACH who="0" step="1"/><D96/><REACH who="0" ten="188,302,250,250" step="2"/><U48/><E6/><V100/><F64/><W36/><G72/><T20/><D20/><U124/><E7/><V84/><F84/><AGARI ba="0,1" hai="11,12,19,51,52,57,58,60,65,69,71,81,84,88" machi="84" ten="40,5200,0" yaku="1,1,54,2,53,0" doraHai="42" doraHaiUra="119" who="0" fromWho="2" sc="188,62,302,0,250,-52,250,0" /><INIT seed="2,0,0,2,3,1" ten="250,302,198,250" oya="2" hai0="70,49,94,54,90,105,7,69,128,17,15,28,27" hai1="103,9,132,118,125,5,85,71,34,114,82,130,75" hai2="119,134,37,6,80,135,24,14,0,31,121,83,45" hai3="97,127,10,60,120,53,36,93,101,59,42,131,13"/><V107/><F107/><W46/><G127/><T64/><D105/><U12/><E114/><V102/><F102/><W112/><G131/><T52/><D54/><U57/><E118/><V129/><F0/><W117/><G112/><T18/><D128/><U89/><E71/><V25/><F119/><W109/><G109/><T73/><D73/><U16/><E34/><V96/><F96/><W88/><G117/><T104/><D104/><U39/><E39/><V100/><F100/><W2/><G120/><T106/><D106/><U58/><E103/><V20/><F121/><W66/><G2/><T51/><D51/><U99/><E99/><V133/><F25/><W19/><REACH who="3" step="1"/><G101/><REACH who="3" ten="250,302,198,240" step="2"/><T122/><D122/><U87/><E125/><V29/><F129/><W44/><G44/><T3/><D3/><U92/><E130/><V77/><F77/><W26/><G26/><T95/><D27/><U110/><E110/><V47/><F31/><W38/><G38/><T30/><D28/><U84/><E132/><V68/><F68/><W113/><G113/><T124/><D30/><U23/><E75/><V78/><F78/><W116/><G116/><T115/><D70/><U32/><E32/><V79/><F79/><W72/><G72/><T50/><D69/><U86/><E82/><N who="2" m="31275" /><F37/><W98/><G98/><T43/><D115/><U108/><E108/><V40/><F40/><W22/><G22/><N who="0" m="11583" /><D43/><U63/><E23/><V74/><F74/><W21/><G21/><T67/><D124/><U56/><E85/><V65/><F65/><AGARI ba="0,1" hai="10,13,19,36,42,46,53,59,60,65,66,88,93,97" machi="65" ten="40,5200,0" yaku="1,1,54,1,53,1" doraHai="1" doraHaiUra="91" who="3" fromWho="2" sc="250,0,302,0,198,-52,240,62" /><INIT seed="3,0,0,2,0,33" ten="250,302,146,302" oya="3" hai0="100,25,34,105,75,119,132,31,125,8,19,118,48" hai1="99,94,114,90,81,39,18,40,130,65,126,120,128" hai2="50,60,91,108,97,101,83,117,133,53,13,14,70" hai3="115,59,113,58,55,3,122,98,96,30,88,121,116"/><W9/><G30/><T71/><D75/><U79/><E114/><N who="3" m="43530" /><G9/><T67/><D125/><U2/><E120/><N who="3" m="46186" /><G3/><T129/><D129/><N who="1" m="49771" /><E126/><V82/><F108/><W93/><G55/><T89/><D89/><U29/><E65/><V24/><F133/><W85/><G58/><T0/><D132/><U44/><E2/><V41/><F117/><W47/><G59/><T27/><D48/><U95/><E95/><V54/><F70/><W78/><G47/><T127/><D127/><U12/><E29/><V112/><F112/><W49/><G49/><T87/><D87/><N who="1" m="48575" /><E12/><V42/><F24/><W106/><G116/><T73/><D73/><U135/><E18/><V74/><F74/><W63/><G63/><N who="0" m="40447" /><D27/><U61/><E135/><V6/><F60/><AGARI ba="0,0" hai="39,40,44,60,61,90,94,99" m="48575,49771" machi="60" ten="30,1000,0" yaku="19,1" doraHai="33" who="1" fromWho="2" sc="250,0,302,10,146,-10,302,0" owari="250,-15.0,312,41.2,136,-36.4,302,10.2" /></mjloggm>