<mjloggm ver="2.3"><GO type="225" lobby="0"/><UN n0="%E3%81%BF%E3%81%BF%E3%81%9A" n1="%E8%B6%85%E7%B4%9A%E9%B3%B3%E5%87%B0" n2="%E3%81%AF%E3%82%88%E3%81%8A%E3%81%98%E3%81%95%E3%82%93" n3="%E3%82%B2%E3%82%B9%E8%8C%82%E5%8B%9D" dan="16,16,17,16" rate="2117.75,2151.67,2202.84,2041.76" sx="M,M,M,F"/><TAIKYOKU oya="0"/><INIT seed="0,0,0,1,0,74" ten="250,250,250,250" oya="0" hai0="71,26,62,107,8,113,34,128,13,101,66,94,33" hai1="90,97,22,95,117,108,54,76,27,102,31,92,40" hai2="18,72,4,115,38,36,130,23,0,127,58,126,52" hai3="61,133,20,41,3,129,96,111,122,51,53,24,37"/><T56/><D113/><U120/><E117/><V21/><F115/><W28/><G111/><T70/><D128/><U85/><E120/><V67/><F72/><W29/><G122/><T124/><D124/><N who="2" m="47658" /><F67/><W86/><G129/><T99/><D94/><U83/><E108/><V78/><F130/><W116/><G116/><T100/><D101/><U1/><E1/><V32/><F32/><W5/><G133/><T104/><D107/><U103/><E40/><V77/><F4/><W105/><G61/><T19/><REACH who="0" step="1"/><D26/><REACH who="0" ten="240,250,250,250" step="2"/><U15/><E15/><N who="2" m="9439" /><F0/><W84/><G3/><T123/><D123/><U35/><E35/><AGARI ba="0,1" hai="8,13,19,33,34,35,56,62,66,70,71,99,100,104" machi="35" ten="40,3900,0" yaku="1,1,53,1" doraHai="74" doraHaiUra="9" who="0" fromWho="1" sc="240,49,250,-39,250,0,250,0" /><INIT seed="0,1,0,3,5,91" ten="289,211,250,250" oya="0" hai0="100,77,107,51,54,2,30,87,35,26,125,74,6" hai1="114,22,23,13,65,38,0,135,111,128,105,90,130" hai2="122,123,124,85,53,42,45,17,59,7,117,56,110" hai3="47,67,31,116,78,126,72,113,40,33,133,75,92"/><T57/><D125/><U95/><E0/><V29/><F29/><W83/><G72/><T109/><D74/><U76/><E105/><V50/><F7/><W18/><G126/><T129/><D129/><N who="1" m="49771" /><E38/><V80/><F124/><W52/><G116/><T20/><D109/><U43/><E111/><V10/><F110/><W36/><G133/><T15/><D77/><U120/><E120/><V28/><F117/><W49/><G113/><T101/><D87/><U44/><E135/><V8/><F28/><W48/><G67/><T25/><D107/><U98/><E114/><V19/><F56/><W63/><G18/><N who="2" m="6665" /><F123/><W131/><G131/><T79/><D79/><U88/><E76/><N who="2" m="46215" /><F122/><W61/><G36/><T62/><D26/><U9/><E65/><V99/><F99/><W3/><G3/><T127/><D127/><U106/><E106/><V1/><F1/><W46/><G31/><T69/><D69/><U118/><E118/><V32/><F32/><W5/><G33/><T27/><D27/><U93/><E43/><V60/><AGARI ba="1,0" hai="8,10,42,45,50,53,59,60" m="46215,6665" machi="60" ten="30,1100,0" yaku="8,1" doraHai="91" who="2" fromWho="2" sc="289,-6,211,-4,250,14,250,-4" /><INIT seed="1,0,0,1,1,86" ten="283,207,264,246" oya="1" hai0="56,126,17,94,29,37,75,132,85,127,125,45,79" hai1="78,4,53,92,3,124,115,118,101,105,64,33,96" hai2="121,80,120,41,98,113,2,39,46,110,26,134,40" hai3="6,111,66,30,87,14,43,21,24,11,13,57,67"/><U131/><E115/><V122/><F2/><W133/><G111/><T114/><D114/><U102/><E118/><V32/><F113/><W63/><G133/><T69/><D69/><U49/><E33/><V25/><F110/><W27/><G43/><T5/><D132/><U104/><E131/><V35/><F134/><W50/><G50/><T20/><D5/><U119/><E119/><V38/><F80/><W130/><G130/><T59/><D29/><U47/><E124/><V65/><F65/><W18/><G24/><T117/><D75/><U28/><E28/><V42/><F98/><W31/><G87/><T36/><D117/><U100/><E78/><V83/><F83/><W84/><G84/><T108/><D108/><U23/><E23/><V112/><F112/><W123/><G123/><T34/><D34/><N who="2" m="12842" /><F46/><W61/><REACH who="3" step="1"/><G27/><AGARI ba="0,0" hai="25,26,27,38,39,40,41,42,120,121,122" m="12842" machi="27" ten="40,2600,0" yaku="28,2" doraHai="86" who="2" fromWho="3" sc="283,0,207,0,264,26,246,-26" /><INIT seed="2,0,0,0,5,39" ten="283,207,290,220" oya="2" hai0="52,81,135,18,34,68,63,21,96,10,24,117,102" hai1="113,128,31,121,33,101,49,19,11,15,23,48,93" hai2="103,46,42,119,54,44,16,35,110,99,37,125,111" hai3="134,41,17,20,84,104,40,55,66,112,130,71,105"/><V4/><F119/><W126/><G130/><T2/><D117/><U82/><E113/><V43/><F35/><W94/><G126/><T62/><D135/><U3/><E128/><V67/><F125/><W74/><G74/><T77/><D68/><U79/><E121/><V1/><F67/><W56/><G134/><T75/><D34/><U12/><E3/><V26/><F54/><W0/><G0/><T76/><D77/><U53/><E33/><V95/><F4/><W109/><G112/><T29/><D52/><U98/><E53/><V57/><F57/><W124/><G124/><T88/><D88/><U70/><E70/><V107/><F1/><W27/><G109/><N who="2" m="41481" /><F107/><W132/><G132/><T8/><D8/><U89/><E101/><V59/><F59/><W60/><G104/><T92/><D2/><U64/><E64/><V133/><F133/><W30/><G105/><T28/><REACH who="0" step="1"/><D10/><REACH who="0" ten="273,207,290,220" step="2"/><U78/><E78/><V13/><F103/><W100/><G100/><T80/><D80/><U50/><E82/><V86/><F86/><W47/><G71/><T45/><D45/><U6/><E79/><V14/><F99/><W114/><G114/><T108/><D108/><U90/><E89/><V120/><F120/><W131/><G131/><T7/><D7/><U51/><E51/><N who="2" m="27031" /><F95/><W83/><G94/><T36/><D36/><U72/><E72/><V129/><F129/><W97/><G97/><T32/><D32/><U116/><E116/><V122/><F122/><W127/><G127/><T69/><D69/><U22/><E49/><V85/><F85/><W118/><G84/><RYUUKYOKU ba="0,1" sc="273,10,207,10,290,10,220,-30" hai0="18,21,24,28,29,62,63,75,76,81,92,96,102" hai1="6,11,12,15,19,22,23,31,48,50,90,93,98" hai2="13,14,16,26,37,43,46" /><INIT seed="2,1,1,4,1,86" ten="283,217,300,190" oya="2" hai0="59,8,50,3,124,116,51,27,28,93,0,128,52" hai1="114,111,92,85,117,7,126,11,6,95,115,105,25" hai2="130,75,73,55,68,65,38,49,120,118,31,71,106" hai3="125,113,90,121,56,127,4,5,119,24,101,16,53"/><V81/><F118/><W29/><G121/><T37/><D37/><U103/><E117/><V33/><F120/><W88/><G119/><T18/><D116/><U2/><E111/><V64/><F38/><W97/><G113/><T23/><D124/><N who="3" m="47689" /><G16/><T46/><D128/><U67/><E126/><V122/><F122/><W1/><G1/><T62/><D51/><U60/><E7/><N who="3" m="2634" /><G97/><T108/><D108/><U110/><E110/><V13/><F13/><W135/><G101/><T34/><D8/><U57/><E25/><V99/><F99/><W83/><G83/><T58/><D58/><U84/><E105/><V39/><F81/><W54/><G135/><T48/><D48/><U9/><E9/><V69/><F106/><W22/><G53/><T32/><D93/><U30/><E30/><V107/><F31/><W12/><G12/><T47/><D34/><U61/><E103/><V132/><F33/><W41/><G41/><T134/><D134/><U76/><E61/><AGARI ba="1,1" hai="22,24,29,54,56,61,88,90" m="2634,47689" machi="61" ten="30,7700,0" yaku="18,1,52,2,54,1" doraHai="86" who="3" fromWho="1" sc="283,0,217,-80,300,0,190,90" /><INIT seed="3,0,0,5,0,79" ten="283,137,300,280" oya="3" hai0="24,95,116,43,9,23,78,19,112,11,128,45,50" hai1="89,80,13,34,125,99,102,21,111,91,47,68,7" hai2="122,29,134,54,69,60,73,31,15,84,32,74,27" hai3="109,53,87,25,101,65,98,52,110,20,77,36,8"/><W120/><G120/><T59/><D116/><U39/><E34/><V64/><F122/><W75/><G36/><T51/><D128/><U106/><E68/><V133/><F29/><W14/><G65/><T55/><D112/><U86/><E111/><N who="3" m="42506" /><G87/><T63/><D78/><U129/><E129/><V28/><F31/><N who="3" m="17831" /><G77/><T1/><D1/><U16/><E7/><V131/><F131/><W44/><G44/><T121/><D121/><U114/><E89/><V33/><F32/><W42/><G42/><T126/><D126/><U124/><REACH who="1" step="1"/><E114/><REACH who="1" ten="283,127,300,280" step="2"/><V118/><F33/><W62/><G75/><T107/><D107/><U100/><E100/><V66/><F74/><W96/><G62/><T81/><D95/><U135/><E135/><V17/><F73/><W115/><G115/><T48/><REACH who="0" step="1"/><D81/><REACH who="0" ten="273,127,300,280" step="2"/><U38/><E38/><AGARI ba="0,2" hai="9,11,19,23,24,38,43,45,48,50,51,55,59,63" machi="38" ten="40,2600,0" yaku="1,1,2,1,53,0" doraHai="79" doraHaiUra="35" who="0" fromWho="1" sc="273,46,127,-26,300,0,280,0" owari="319,41.9,101,-39.9,300,10.0,280,-12.0" /></mjloggm>