<mjloggm ver="2.3"><GO type="225" lobby="0"/><UN n0="%E3%82%A2%E3%82%A4%E3%82%B9%E3%83%86%E3%82%A3%E3%83%BC%E3%81%82%E3%81%B9" n1="%63%62%69%73%6B%65%74" n2="%E3%81%AA%E3%81%A1%30%39%32%37" n3="%E8%A3%8F%E7%9F%A5%E3%82%89%E3%81%9A" dan="16,16,16,16" rate="2101.50,2074.49,2076.04,2054.47" sx="M,M,M,M"/><TAIKYOKU oya="0"/><INIT seed="0,0,0,2,0,104" ten="250,250,250,250" oya="0" hai0="41,34,57,82,62,50,33,105,0,135,102,24,126" hai1="115,125,54,123,72,133,107,92,5,1,134,96,47" hai2="87,110,39,81,80,111,13,22,58,45,122,37,132" hai3="38,19,73,79,48,91,97,90,112,114,83,32,98"/><T127/><D0/><U108/><E123/><V103/><F122/><W61/><G32/><T130/><D135/><N who="1" m="51723" /><E107/><V63/><F132/><W128/><G38/><T56/><D130/><U21/><E108/><N who="2" m="41515" /><F103/><W44/><G61/><T49/><D82/><U109/><E109/><V8/><F22/><W76/><G76/><T26/><D105/><U77/><E125/><N who="0" m="47625" /><D102/><N who="1" m="60679" /><E21/><V4/><F45/><W119/><G128/><T46/><D50/><N who="1" m="29023" /><E115/><V95/><F95/><W7/><G114/><T20/><D56/><U9/><E77/><N who="2" m="46479" /><F81/><W84/><G112/><T59/><D57/><U64/><E64/><AGARI ba="0,0" hai="4,8,13,37,39,58,63,64" m="46479,41515" machi="64" ten="30,1000,0" yaku="14,1" doraHai="104" who="2" fromWho="1" sc="250,0,250,-10,250,10,250,0" /><INIT seed="1,0,0,5,5,41" ten="250,240,260,250" oya="1" hai0="126,39,121,70,22,47,37,42,12,120,87,55,115" hai1="5,118,9,51,128,132,68,34,98,134,107,116,63" hai2="58,108,83,4,49,75,23,101,16,94,80,8,79" hai3="56,32,46,72,135,73,76,69,65,86,30,35,20"/><U109/><E34/><V114/><F108/><W127/><G69/><T131/><D115/><U29/><E29/><V90/><F114/><W84/><G127/><T77/><D126/><U31/><E31/><V44/><F58/><W53/><G20/><T0/><D0/><U25/><E25/><V82/><F101/><W93/><G65/><T113/><D70/><U13/><E109/><V99/><F8/><W112/><G93/><T66/><D66/><N who="1" m="41055" /><E51/><V28/><F4/><W64/><G64/><T110/><D113/><U85/><E85/><N who="2" m="48383" /><F28/><W71/><G71/><T105/><D105/><U59/><E59/><V7/><F7/><W100/><G56/><T91/><D77/><U62/><E62/><V50/><F50/><W97/><G30/><T133/><D39/><U117/><E128/><V129/><F75/><W122/><G73/><T78/><D78/><U57/><E57/><V18/><F129/><W17/><G76/><T54/><D131/><U111/><E111/><V36/><F36/><W60/><G72/><T130/><D110/><U38/><E38/><V24/><F18/><W15/><G17/><N who="0" m="10535" /><D130/><U119/><N who="1" m="29696" /><DORA hai="21" /><U102/><AGARI ba="0,0" hai="5,9,13,98,102,107,132,134" m="29696,41055" machi="102" ten="60,3000,0" yaku="4,1" doraHai="41,21" who="1" fromWho="1" sc="250,-10,240,30,260,-10,250,-10" /><INIT seed="1,1,0,5,0,64" ten="240,270,250,240" oya="1" hai0="78,115,71,120,58,76,51,128,23,12,33,3,56" hai1="98,108,111,87,118,15,20,60,103,96,129,124,39" hai2="132,81,9,133,92,90,43,107,18,25,47,85,11" hai3="73,0,67,41,29,4,75,50,61,70,102,121,57"/><U49/><E39/><V80/><F107/><W122/><G102/><T116/><D115/><U91/><E118/><V36/><F25/><W62/><G29/><T99/><D116/><U24/><E124/><V100/><F18/><W7/><G0/><T2/><D33/><U95/><E129/><V126/><F126/><W89/><G89/><T117/><D117/><U10/><E49/><V53/><F53/><W42/><G50/><T83/><D128/><U31/><E60/><V93/><F93/><W119/><G119/><T65/><D78/><U30/><E30/><V79/><F100/><W97/><G97/><T112/><D99/><U52/><E52/><V8/><REACH who="2" step="1"/><F81/><REACH who="2" ten="240,270,240,240" step="2"/><W17/><G17/><T110/><D83/><U86/><E98/><AGARI ba="1,1" hai="8,9,11,36,43,47,79,80,85,90,92,98,132,133" machi="98" ten="40,2600,0" yaku="1,1,2,1,53,0" doraHai="64" doraHaiUra="109" who="2" fromWho="1" sc="240,0,270,-29,240,39,240,0" /><INIT seed="2,0,0,5,5,19" ten="240,241,279,240" oya="2" hai0="43,4,13,54,83,30,107,17,62,98,56,104,69" hai1="25,38,108,102,92,105,110,120,72,93,41,64,125" hai2="94,53,77,65,113,131,32,66,88,96,86,36,0" hai3="5,68,20,79,103,130,124,90,117,50,26,134,71"/><V21/><F32/><W84/><G117/><T128/><D128/><U1/><E1/><V18/><F113/><W61/><G79/><T11/><D69/><U75/><E64/><V37/><F0/><W126/><G103/><T89/><D30/><U15/><E15/><V133/><F37/><W99/><G99/><T55/><D43/><U60/><E60/><V80/><F36/><W73/><G73/><N who="1" m="28234" /><E25/><N who="2" m="14519" /><F133/><W129/><G5/><T12/><D55/><U48/><E38/><V31/><F131/><N who="3" m="50187" /><G50/><T2/><D2/><U40/><E125/><N who="3" m="48234" /><G134/><T82/><D107/><U118/><E118/><V85/><F31/><N who="3" m="17863" /><G61/><T119/><D119/><U70/><E48/><V101/><F53/><W23/><G23/><N who="0" m="11687" /><D104/><U42/><E105/><V46/><F46/><W7/><G7/><T52/><D54/><U109/><E102/><V63/><F63/><W132/><G132/><T91/><D98/><U127/><E127/><V123/><F123/><W114/><G114/><T116/><D116/><U39/><E39/><V6/><F6/><W35/><G35/><T78/><D78/><U76/><E76/><V45/><F45/><W8/><G8/><T28/><D28/><U58/><E120/><V59/><F59/><W87/><G87/><T122/><D122/><U34/><E58/><V10/><F10/><W97/><G97/><T27/><D27/><U16/><E34/><V51/><F51/><W47/><G47/><T74/><D74/><U44/><E44/><V67/><F67/><W111/><G111/><T3/><D3/><U115/><E115/><V33/><F33/><W22/><G22/><RYUUKYOKU ba="0,0" sc="240,10,241,-30,279,10,240,10" hai0="4,11,13,52,56,62,82,83,89,91" hai2="65,66,77,80,85,86,88,94,96,101" hai3="68,71,84,90" /><INIT seed="2,1,0,4,1,51" ten="250,211,289,250" oya="2" hai0="49,135,26,41,59,42,40,99,119,91,117,72,63" hai1="126,76,10,94,53,3,29,37,13,98,106,18,122" hai2="62,112,47,114,20,86,103,35,132,65,50,15,113" hai3="31,70,110,100,25,118,58,102,39,17,105,69,43"/><V0/><F0/><W133/><G118/><N who="0" m="45067" /><D72/><U9/><E126/><V77/><F35/><W104/><G133/><T87/><D135/><U55/><E37/><V73/><F73/><W124/><G43/><T54/><D26/><U38/><E38/><V116/><F116/><W81/><G81/><N who="0" m="49647" /><D99/><U24/><E106/><V128/><F132/><W22/><G104/><T120/><D120/><U23/><E76/><V21/><F77/><W14/><G105/><T97/><D97/><U75/><E75/><V33/><F33/><W12/><G124/><T45/><AGARI ba="1,0" hai="40,41,42,45,49,54,59,63" m="49647,45067" machi="45" ten="30,2000,0" yaku="12,1,52,1" doraHai="51" who="0" fromWho="0" sc="250,23,211,-6,289,-11,250,-6" /><INIT seed="3,0,0,1,0,53" ten="273,205,278,244" oya="3" hai0="121,109,86,60,132,87,76,8,22,83,4,93,105" hai1="34,70,99,41,130,9,118,66,61,11,128,131,0" hai2="38,48,98,46,33,79,84,71,31,44,89,19,133" hai3="129,24,43,100,17,97,107,123,103,85,91,55,112"/><W81/><G123/><T2/><D121/><U125/><E125/><V101/><F71/><W102/><G112/><T113/><D113/><U39/><E99/><V78/><F33/><W72/><G129/><T6/><D105/><U77/><E77/><V18/><F31/><W51/><G43/><T68/><D132/><U12/><E118/><V74/><F38/><W106/><G72/><T56/><D109/><U5/><E34/><V134/><F84/><W114/><G114/><T65/><D6/><U10/><REACH who="1" step="1"/><E0/><REACH who="1" ten="273,195,278,244" step="2"/><V110/><F98/><W30/><G107/><T64/><D22/><U94/><E94/><V117/><F79/><W28/><G106/><T73/><D93/><U119/><E119/><V69/><F78/><W104/><G104/><T126/><REACH who="0" step="1"/><D126/><REACH who="0" ten="263,195,278,244" step="2"/><U67/><E67/><V115/><F134/><W40/><G97/><T90/><D90/><U45/><AGARI ba="0,2" hai="5,9,10,11,12,39,41,45,61,66,70,128,130,131" machi="45" ten="40,5200,0" yaku="1,1,0,1,19,1,53,0" doraHai="53" doraHaiUra="52" who="1" fromWho="1" sc="263,-13,195,72,278,-13,244,-26" /><INIT seed="4,0,0,0,4,34" ten="250,267,265,218" oya="0" hai0="1,94,105,98,50,73,132,32,113,43,84,35,20" hai1="5,4,23,80,76,134,87,40,107,41,36,89,45" hai2="122,42,17,11,68,93,69,90,64,127,108,9,61" hai3="21,47,8,91,71,52,99,27,44,92,58,128,106"/><T48/><D73/><U130/><E107/><V75/><F108/><W54/><G71/><T2/><D105/><U125/><E130/><V14/><F122/><W97/><G128/><T117/><D117/><U59/><E134/><V133/><F75/><W37/><G37/><T46/><D84/><U88/><E125/><V72/><F72/><W24/><G8/><T102/><D132/><U10/><E41/><V78/><F78/><W67/><G24/><T18/><D113/><U126/><E126/><V6/><F127/><W38/><G38/><T51/><D35/><U112/><E112/><V82/><F82/><W116/><G116/><T53/><D32/><U118/><E118/><V49/><F69/><W129/><G129/><T81/><D81/><U39/><E39/><V111/><F111/><W86/><G67/><T95/><D94/><U7/><E23/><V115/><F115/><W85/><G97/><T96/><D98/><U12/><REACH who="1" step="1"/><E59/><REACH who="1" ten="250,257,265,218" step="2"/><V16/><F133/><W33/><G33/><T109/><D109/><U28/><E28/><V13/><F42/><W110/><G110/><T77/><D43/><U29/><E29/><V56/><F68/><W19/><G106/><T30/><D30/><U83/><E83/><V63/><F56/><W60/><G44/><T101/><D46/><U26/><E26/><V31/><F31/><W25/><G27/><T114/><D114/><U100/><E100/><V79/><F93/><W124/><G124/><T65/><D102/><U119/><E119/><V103/><F103/><W131/><G131/><T66/><D101/><U0/><E0/><RYUUKYOKU ba="0,1" sc="250,-15,257,15,265,-15,218,15" hai1="4,5,7,10,12,36,40,45,76,80,87,88,89" hai3="19,21,25,47,52,54,58,60,85,86,91,92,99" /><INIT seed="5,1,1,0,2,130" ten="235,272,250,233" oya="1" hai0="51,113,78,26,102,86,101,97,107,92,20,74,2" hai1="63,46,38,91,112,59,7,135,134,118,120,111,47" hai2="56,117,31,32,99,39,15,6,103,129,72,80,18" hai3="133,24,81,123,109,126,12,104,13,43,76,5,96"/><U60/><E118/><V85/><F117/><W0/><G109/><T4/><D113/><U1/><E120/><V35/><F39/><W71/><G71/><T128/><D128/><U14/><E1/><V98/><F72/><W83/><G43/><T9/><D74/><U50/><E112/><V67/><F6/><W132/><G123/><T116/><D116/><U82/><E111/><V77/><F31/><W69/><G69/><T19/><D51/><U94/><E82/><N who="3" m="31242" /><G76/><T37/><D78/><U61/><E59/><V52/><F67/><W115/><G24/><T124/><D37/><U131/><E131/><V22/><F99/><W90/><G115/><T121/><D121/><U87/><E38/><V100/><F100/><N who="3" m="62471" /><G90/><T28/><D102/><U30/><E30/><V57/><F57/><W89/><G89/><T45/><D45/><U127/><E127/><V34/><F129/><W16/><G16/><T110/><D110/><U66/><E66/><V23/><F23/><W54/><G54/><T84/><D124/><U40/><REACH who="1" step="1"/><E47/><REACH who="1" ten="235,262,250,233" step="2"/><V27/><F56/><W75/><G126/><T25/><REACH who="0" step="1"/><D107/><REACH who="0" ten="225,262,250,233" step="2"/><U62/><N who="1" m="15360" /><DORA hai="49" /><U29/><E29/><V73/><F73/><W48/><G75/><T58/><D58/><U11/><AGARI ba="1,3" hai="7,11,14,40,46,50,87,91,94,134,135" m="15360" machi="11" ten="50,12000,1" yaku="1,1,0,1,52,2,53,0" doraHai="130,49" doraHaiUra="114,122" who="1" fromWho="1" sc="225,-41,262,153,250,-41,233,-41" owari="184,-31.6,415,51.5,209,0.9,192,-20.8" /></mjloggm>