<mjloggm ver="2.3"><GO type="225" lobby="0"/><UN n0="%6D%75%75%6D%75%72%61" n1="%E3%81%AF%E3%82%88%E3%81%8A%E3%81%98%E3%81%95%E3%82%93" n2="%E6%80%AA%E3%81%97%E3%81%99%E3%81%8E%E3%82%8B%E3%83%81%E3%83%BC" n3="%72%69%6F%75%63%68%61%6E" dan="16,16,17,17" rate="2094.40,2206.82,2148.11,2238.54" sx="F,M,M,M"/><TAIKYOKU oya="0"/><INIT seed="0,0,0,1,1,0" ten="250,250,250,250" oya="0" hai0="127,79,89,44,17,11,33,94,116,38,100,118,34" hai1="27,105,75,99,68,53,24,1,40,92,45,77,56" hai2="80,57,20,70,81,15,86,6,78,16,48,130,121" hai3="2,13,62,108,76,85,97,84,67,9,111,43,106"/><T32/><D127/><U114/><E68/><V5/><F70/><W122/><G122/><T88/><D79/><U112/><E1/><V14/><F121/><W58/><G2/><T95/><D100/><U69/><E69/><V63/><F130/><W71/><G43/><T10/><D44/><U134/><E105/><V93/><F81/><W60/><G76/><T117/><D38/><U132/><E75/><V47/><F93/><W30/><G30/><T3/><D17/><U102/><E77/><V41/><F14/><W49/><G49/><T25/><D25/><U110/><E110/><N who="3" m="42026" /><G97/><T8/><D3/><U73/><E73/><V50/><F50/><W61/><G106/><T55/><D55/><AGARI ba="0,0" hai="5,6,15,16,20,41,47,48,55,57,63,78,80,86" machi="55" ten="30,8000,1" yaku="7,1,8,1,52,2,54,1" doraHai="0" who="2" fromWho="0" sc="250,-80,250,0,250,80,250,0" /><INIT seed="1,0,0,2,5,92" ten="170,250,330,250" oya="1" hai0="7,29,46,76,14,95,72,109,115,103,23,62,37" hai1="0,55,66,96,125,41,117,134,54,13,21,65,135" hai2="133,49,121,113,9,52,105,16,127,28,2,5,120" hai3="67,20,131,35,107,86,43,70,91,3,74,84,87"/><U26/><E0/><V77/><F105/><W40/><G35/><T106/><D115/><U89/><E117/><V118/><F118/><W18/><G74/><T32/><D109/><U59/><E41/><V116/><F116/><W38/><G131/><T64/><D106/><U51/><E13/><V82/><F113/><W123/><G123/><T48/><D37/><U102/><E125/><V108/><F108/><W58/><G3/><T81/><D32/><U1/><E1/><V50/><F127/><W31/><G70/><T6/><D29/><U104/><E55/><V47/><F28/><W12/><G107/><T19/><D62/><U93/><E134/><V60/><F133/><W57/><G31/><T42/><REACH who="0" step="1"/><D64/><REACH who="0" ten="160,250,330,250" step="2"/><U10/><E135/><V126/><F60/><N who="3" m="38287" /><G38/><T114/><D114/><U78/><E65/><V98/><F126/><W79/><G79/><T129/><D129/><U22/><E78/><V83/><F77/><W33/><G33/><T73/><D73/><U99/><E66/><V36/><F36/><W111/><G111/><T130/><D130/><U61/><E61/><V68/><F120/><W80/><G58/><T85/><D85/><AGARI ba="0,1" hai="12,18,20,40,43,80,84,85,86,87,91" m="38287" machi="85" ten="30,1000,0" yaku="8,1" doraHai="92" who="3" fromWho="0" sc="160,-10,250,0,330,0,250,20" /><INIT seed="2,0,0,1,4,103" ten="150,250,330,270" oya="2" hai0="14,81,84,87,100,17,40,3,41,134,6,50,112" hai1="62,22,29,90,127,70,55,111,101,105,107,132,24" hai2="135,43,59,21,64,23,18,49,11,34,65,118,77" hai3="97,75,44,32,10,0,4,89,117,35,116,7,8"/><V123/><F34/><N who="3" m="12843" /><G89/><T2/><D112/><U13/><E101/><V26/><F118/><N who="3" m="45675" /><G97/><T67/><D134/><U52/><E132/><V108/><F123/><W114/><G44/><T92/><D67/><N who="2" m="25674" /><F108/><W119/><N who="3" m="45683" /><W12/><DORA hai="86" /><G75/><T126/><D126/><U93/><E70/><V109/><F109/><W131/><G131/><T110/><D110/><U69/><E111/><V46/><F77/><W51/><G51/><T1/><D6/><U91/><E69/><V31/><F11/><W37/><G37/><T102/><D50/><U33/><E127/><V113/><F113/><AGARI ba="0,0" hai="0,4,7,8,10,12,113,114" m="45683,12843" machi="113" ten="50,3200,0" yaku="34,2" doraHai="103,86" who="3" fromWho="2" sc="150,0,250,0,330,-32,270,32" /><INIT seed="3,0,0,2,1,108" ten="150,250,298,302" oya="3" hai0="22,120,61,52,1,114,44,4,36,125,118,10,112" hai1="90,67,85,70,115,0,77,66,55,63,128,48,130" hai2="95,29,124,98,99,53,131,82,35,7,54,60,119" hai3="75,9,27,31,57,103,79,83,24,86,59,84,68"/><W15/><G68/><T106/><D118/><U87/><E0/><V111/><F119/><W121/><G121/><T46/><D120/><U30/><E30/><V39/><F39/><W58/><G103/><T12/><D125/><U16/><E77/><V109/><F124/><W97/><G97/><T49/><D106/><U73/><E73/><V42/><F131/><N who="1" m="50217" /><E85/><V56/><F42/><W5/><REACH who="3" step="1"/><G24/><REACH who="3" ten="150,250,298,292" step="2"/><T64/><D36/><U133/><E70/><V113/><F98/><W107/><G107/><T47/><D1/><U92/><E66/><V71/><F71/><W6/><G6/><T65/><D22/><AGARI ba="0,1" hai="5,9,15,22,27,31,57,58,59,75,79,83,84,86" machi="22" ten="40,3900,0" yaku="1,1,53,1" doraHai="108" doraHaiUra="11" who="3" fromWho="0" sc="150,-39,250,0,298,0,292,49" owari="111,-38.9,250,-15.0,298,9.8,341,44.1" /></mjloggm>