<mjloggm ver="2.3"><GO type="225" lobby="0"/><UN n0="%E3%81%A8%E3%82%89%E3%81%84%E3%81%A1" n1="%73%6C%69%63%6B%33%31%39" n2="%E9%A2%A8%E3%81%A7%E9%B3%B4%E3%81%8F" n3="%E3%83%A9%E3%83%96%E3%83%AC%E3%83%BC" dan="16,16,16,17" rate="2107.96,2080.94,2188.43,2128.32" sx="M,M,M,M"/><TAIKYOKU oya="0"/><INIT seed="0,0,0,5,4,97" ten="250,250,250,250" oya="0" hai0="44,67,125,118,47,82,7,6,77,42,79,75,107" hai1="52,90,38,98,133,40,11,12,85,78,62,127,120" hai2="2,3,10,49,114,105,83,109,46,19,102,106,26" hai3="18,117,113,25,58,129,101,134,100,66,41,104,121"/><T0/><D118/><U22/><E120/><V64/><F114/><W115/><G104/><T63/><D125/><U88/><E127/><V20/><F109/><W124/><G117/><T119/><D119/><U116/><E116/><V9/><F64/><W17/><G124/><T4/><D107/><U33/><E33/><V89/><F3/><W27/><G66/><T69/><D79/><U16/><E133/><V45/><F45/><W131/><G58/><T73/><D44/><U103/><E38/><V74/><F2/><W68/><G41/><T35/><D35/><U130/><E130/><V60/><F60/><W126/><G126/><T37/><REACH who="0" step="1"/><D73/><REACH who="0" ten="240,250,250,250" step="2"/><U57/><E40/><V48/><F74/><W92/><G121/><T65/><D65/><U29/><E78/><V72/><F72/><W94/><G68/><T43/><D43/><U31/><E22/><V86/><F106/><W80/><G80/><T53/><D53/><U76/><E76/><V32/><F32/><W34/><G34/><T61/><D61/><U87/><E87/><V5/><F46/><W13/><G134/><T28/><D28/><N who="1" m="10827" /><E85/><V55/><F55/><W54/><G54/><T122/><D122/><U30/><N who="1" m="10835" /><U132/><DORA hai="96" /><E132/><V56/><F105/><W24/><G129/><T8/><AGARI ba="0,1" hai="0,4,6,7,8,37,42,47,63,67,69,75,77,82" machi="8" ten="30,24000,3" yaku="1,1,0,1,25,2,53,4" doraHai="97,96" doraHaiUra="71,1" who="0" fromWho="0" sc="240,250,250,-80,250,-80,250,-80" /><INIT seed="0,1,0,1,0,80" ten="490,170,170,170" oya="0" hai0="124,54,29,48,68,44,56,10,133,73,53,125,81" hai1="112,23,98,2,1,86,97,5,62,101,122,63,14" hai2="47,105,72,9,20,91,25,110,21,7,76,99,84" hai3="109,128,83,107,55,103,36,39,121,90,134,100,22"/><T12/><D133/><U117/><E117/><V79/><F110/><W19/><G109/><T61/><D68/><U120/><E112/><V106/><F72/><W3/><G3/><T85/><D73/><U8/><E122/><V41/><F41/><W18/><G134/><T4/><REACH who="0" step="1"/><D29/><REACH who="0" ten="480,170,170,170" step="2"/><U93/><E120/><V37/><F106/><W45/><G107/><T27/><D27/><U40/><E1/><V60/><F25/><W33/><G121/><T52/><D52/><U24/><E2/><V126/><F105/><W108/><G55/><T114/><D114/><U51/><E40/><V17/><F126/><W11/><G108/><T28/><D28/><U32/><E24/><V131/><F131/><W75/><G75/><T111/><D111/><U104/><E104/><V59/><F7/><W70/><G70/><T30/><D30/><U74/><E5/><V118/><F17/><W116/><G128/><T16/><D16/><U6/><E6/><V82/><F118/><W77/><G116/><T69/><D69/><U46/><E74/><V88/><F59/><W87/><G19/><T49/><D49/><U135/><E51/><V31/><F47/><W42/><G39/><T129/><D129/><U96/><E46/><V35/><F31/><W113/><G113/><T67/><D67/><U64/><E64/><V66/><F66/><W15/><G11/><T0/><D0/><U57/><E8/><V13/><F37/><W26/><G26/><T130/><D130/><U127/><E14/><V34/><F13/><W38/><G36/><T115/><D115/><U78/><E23/><RYUUKYOKU ba="1,1" sc="480,30,170,-10,170,-10,170,-10" hai0="4,10,12,44,48,53,54,56,61,81,85,124,125" /><INIT seed="0,2,1,5,3,11" ten="510,160,160,160" oya="0" hai0="21,121,48,18,84,3,113,110,34,93,125,91,30" hai1="57,88,98,52,8,36,126,41,103,22,106,47,102" hai2="116,80,66,35,38,45,54,56,43,135,76,96,31" hai3="105,1,40,71,58,51,67,115,61,129,133,87,127"/><T50/><D113/><U81/><E126/><V65/><F135/><W7/><G105/><T62/><D121/><U14/><E22/><V95/><F116/><W112/><G1/><T114/><D114/><U75/><E102/><V97/><F97/><W120/><G7/><T24/><D125/><U92/><E75/><V6/><F6/><W82/><G127/><T33/><D3/><U4/><E81/><V90/><F31/><W124/><G124/><T86/><D110/><U78/><E78/><V19/><F19/><W32/><G32/><T107/><D107/><U37/><E37/><V85/><REACH who="2" step="1"/><F35/><REACH who="2" ten="510,160,150,160" step="2"/><W39/><G133/><T53/><D33/><U130/><E130/><V2/><F2/><W101/><G129/><T123/><D123/><U111/><E111/><V119/><F119/><W27/><G120/><T55/><D34/><U16/><E4/><V29/><F29/><W132/><G132/><T70/><D30/><U46/><E106/><V12/><F12/><W59/><G115/><T74/><D18/><U79/><E103/><V23/><F23/><W94/><G112/><T25/><D21/><U9/><E9/><V72/><F72/><W42/><G101/><T28/><D74/><U20/><E8/><V100/><F100/><W109/><G109/><T5/><D5/><U83/><E20/><V99/><F99/><W17/><G17/><T69/><D28/><U134/><E16/><V89/><F89/><W26/><G26/><T73/><D73/><N who="1" m="43503" /><E14/><V104/><F104/><W63/><G27/><T128/><D24/><U15/><E134/><V118/><F118/><RYUUKYOKU ba="2,2" sc="510,-10,160,-10,150,30,160,-10" hai2="38,43,45,54,56,65,66,76,80,85,90,95,96" /><INIT seed="1,3,2,4,4,54" ten="500,150,180,150" oya="1" hai0="88,27,74,15,93,5,96,0,73,53,104,86,70" hai1="87,57,78,126,39,47,8,82,127,43,61,59,95" hai2="132,99,20,42,107,89,98,123,28,134,11,9,34" hai3="18,12,131,71,22,76,108,101,49,80,67,36,55"/><U7/><E95/><N who="2" m="56687" /><F34/><W133/><G131/><T66/><D0/><U23/><E23/><V115/><F123/><W56/><G133/><N who="2" m="51305" /><F115/><W29/><G108/><T16/><D5/><U51/><E39/><V30/><F42/><W2/><G2/><T135/><D27/><U116/><E116/><V19/><F99/><W33/><G36/><T26/><D26/><U62/><E61/><V105/><F11/><W68/><G101/><T100/><D135/><U13/><REACH who="1" step="1"/><E59/><REACH who="1" ten="500,140,180,150" step="2"/><V128/><F9/><W17/><G33/><T117/><D117/><U110/><E110/><V50/><F50/><W77/><G71/><T97/><D70/><U48/><E48/><V45/><F128/><W119/><G119/><T114/><D114/><U81/><E81/><V102/><F102/><W106/><G80/><T124/><D100/><U4/><E4/><V35/><F35/><W83/><G83/><T58/><D93/><U112/><E112/><V3/><F3/><W14/><G29/><N who="2" m="11369" /><F45/><W10/><G106/><T125/><D104/><U94/><E94/><V25/><AGARI ba="3,3" hai="19,20,25,105,107" m="11369,51305,56687" machi="25" ten="30,1100,0" yaku="20,1" doraHai="54" who="2" fromWho="2" sc="500,-6,140,-8,180,50,150,-6" /><INIT seed="2,0,0,3,1,31" ten="494,132,230,144" oya="2" hai0="9,121,129,107,101,42,4,97,62,116,113,96,77" hai1="117,28,23,127,20,89,47,88,61,14,75,123,2" hai2="27,74,106,48,15,19,103,135,36,25,18,12,41" hai3="73,118,24,131,87,112,92,10,70,26,99,39,49"/><V6/><F74/><W37/><G73/><T55/><D121/><U85/><E117/><V134/><F36/><W132/><G70/><T66/><D113/><U72/><E2/><V16/><F103/><W5/><G118/><T91/><D129/><U1/><E1/><V98/><F98/><W67/><G67/><T21/><D116/><U11/><E123/><V90/><F106/><W17/><G131/><T78/><D42/><U109/><E109/><V52/><F41/><W53/><G132/><N who="2" m="50729" /><F90/><W65/><G65/><T102/><D55/><U130/><E130/><V59/><F6/><W104/><G87/><T7/><D91/><U122/><E89/><V51/><F51/><W81/><G104/><T114/><D114/><U119/><E119/><V0/><F0/><W126/><G39/><T56/><D7/><U32/><E122/><V3/><F3/><W64/><G37/><T71/><D97/><U13/><E61/><V38/><F38/><W86/><G5/><T29/><D102/><U82/><E72/><V50/><F50/><W69/><G99/><T40/><D40/><U110/><E75/><V93/><F93/><W63/><G92/><T68/><D78/><U108/><E108/><V120/><F120/><W43/><G43/><T111/><D77/><U60/><E110/><V22/><F19/><W8/><G112/><T84/><D111/><U128/><E128/><V95/><F95/><W100/><G100/><T124/><D107/><U94/><E94/><V30/><F18/><W58/><G17/><T133/><D133/><U83/><E88/><V44/><F44/><RYUUKYOKU ba="0,0" sc="494,-10,132,-10,230,30,144,-10" hai2="12,15,16,22,25,27,30,48,52,59" /><INIT seed="2,1,0,5,4,77" ten="484,122,260,134" oya="2" hai0="14,66,84,133,20,36,72,105,110,117,37,41,114" hai1="102,45,116,69,47,4,33,71,86,104,19,134,107" hai2="0,91,74,12,82,122,103,32,60,30,42,129,89" hai3="94,96,63,59,7,123,113,135,131,51,125,130,25"/><V35/><F122/><W126/><G123/><T65/><D72/><U132/><E116/><V124/><F0/><W95/><G7/><T115/><D105/><N who="1" m="40523" /><E102/><V38/><F103/><W127/><G51/><T98/><D110/><U85/><E19/><V68/><F124/><W17/><G113/><T87/><D133/><N who="1" m="51307" /><E4/><V24/><F35/><W101/><G95/><T22/><D41/><U55/><E33/><V118/><F118/><W108/><G108/><T76/><D76/><U70/><E55/><V34/><F34/><W62/><G135/><T23/><D14/><U46/><AGARI ba="1,0" hai="45,46,47,69,70,71,85,86" m="51307,40523" machi="46" ten="50,6400,0" yaku="28,2,20,1" doraHai="77" who="1" fromWho="1" sc="484,-17,122,67,260,-33,134,-17" /><INIT seed="3,0,0,5,0,109" ten="467,189,227,117" oya="3" hai0="36,76,1,30,48,64,118,54,50,75,116,17,78" hai1="24,82,89,96,98,105,10,33,21,104,62,29,134" hai2="15,55,112,123,0,70,90,60,25,45,41,43,128" hai3="114,72,20,108,67,39,6,63,47,49,51,126,124"/><W19/><G72/><T11/><D36/><U110/><E110/><V135/><F112/><W61/><G108/><T106/><D106/><U9/><E134/><V92/><F0/><W22/><G39/><T18/><D30/><U73/><E33/><V121/><F135/><W71/><G6/><T28/><D28/><U84/><E73/><V113/><F113/><W13/><G114/><T38/><D38/><U132/><E132/><V56/><F128/><W111/><G111/><T16/><D64/><U86/><E105/><V79/><F79/><W5/><G5/><T31/><D31/><U44/><E44/><V102/><F102/><W101/><G101/><T87/><D75/><U131/><E131/><V129/><F129/><W57/><G22/><T34/><D34/><U83/><E62/><V68/><F25/><W4/><G4/><T80/><D78/><N who="1" m="46167" /><E104/><V125/><F15/><W66/><REACH who="3" step="1"/><G51/><REACH who="3" ten="467,189,227,107" step="2"/><T130/><D50/><U74/><E74/><V117/><F117/><W120/><G120/><T122/><D122/><U26/><E26/><V32/><F32/><W2/><G2/><T52/><D130/><U93/><E98/><N who="2" m="57623" /><F123/><W81/><G81/><T115/><D115/><U42/><E42/><AGARI ba="0,1" hai="13,19,20,42,47,49,57,61,63,66,67,71,124,126" machi="42" ten="40,3900,0" yaku="1,1,53,1" doraHai="109" doraHaiUra="37" who="3" fromWho="1" sc="467,0,189,-39,227,0,107,49" /><INIT seed="3,1,0,5,4,7" ten="467,150,227,156" oya="3" hai0="82,108,127,55,59,99,134,89,40,19,76,52,33" hai1="101,31,83,42,122,58,130,112,104,20,2,56,11" hai2="32,96,62,30,50,126,120,67,29,79,65,84,93" hai3="100,53,64,119,109,47,114,45,75,63,6,54,125"/><W10/><G75/><T68/><D68/><U78/><E122/><V15/><F32/><W87/><G119/><T132/><D33/><U4/><E112/><V73/><F73/><W71/><G114/><T26/><D108/><U135/><E135/><V116/><F116/><W74/><G74/><T103/><D40/><U49/><E130/><V27/><F126/><W24/><G100/><T37/><D37/><U88/><E88/><V131/><F131/><W8/><G109/><T77/><D127/><U111/><E111/><V28/><F120/><W128/><G125/><T85/><D55/><N who="3" m="21001" /><G128/><T95/><D19/><U117/><E117/><V18/><F27/><W102/><G102/><T94/><D26/><U124/><E124/><V25/><F25/><W16/><G87/><T90/><D103/><U17/><E31/><V3/><F3/><W0/><G24/><T133/><D82/><U41/><E101/><N who="2" m="60559" /><F62/><AGARI ba="1,0" hai="52,59,62,76,77,85,89,90,94,95,99,132,133,134" machi="62" ten="40,2600,0" yaku="20,1,54,1" doraHai="7" who="0" fromWho="2" sc="467,29,150,0,227,-29,156,0" owari="496,59.6,150,-35.0,198,-0.2,156,-24.4" /></mjloggm>