<mjloggm ver="2.3"><GO type="225" lobby="0"/><UN n0="%E5%A4%9C%E5%85%89%E5%A4%A9%E6%A5%BC" n1="%E3%83%89%E3%83%A9%E3%81%8F%E3%82%8C" n2="%E7%99%BD%E6%97%A5%E9%9B%AA%E8%8F%9C" n3="%E5%A4%9C%E3%81%AE%E3%82%AC%E3%82%B9%E3%83%91%E3%83%BC%E3%83%AB" dan="16,17,17,16" rate="2128.00,2246.30,2175.24,2145.22" sx="F,M,M,M"/><TAIKYOKU oya="0"/><INIT seed="0,0,0,2,2,25" ten="250,250,250,250" oya="0" hai0="125,109,11,89,23,95,131,78,51,60,112,27,41" hai1="3,10,73,49,64,4,85,37,48,42,101,45,130" hai2="63,19,35,5,72,47,76,108,91,16,120,57,126" hai3="43,1,102,32,105,97,61,69,79,68,22,14,24"/><T129/><D112/><U20/><E130/><N who="0" m="49673" /><D78/><U36/><E73/><V92/><F120/><W83/><G1/><T33/><D125/><U6/><E101/><V134/><F35/><W18/><G43/><T104/><D104/><U77/><E64/><V44/><F108/><W71/><G14/><T7/><D33/><U123/><E123/><V93/><F5/><W122/><G122/><T119/><D60/><U80/><E6/><V135/><F126/><W96/><G96/><T0/><D119/><U31/><REACH who="1" step="1"/><E37/><REACH who="1" ten="250,240,250,250" step="2"/><V21/><F72/><W58/><G102/><T124/><D124/><U94/><E94/><V55/><F93/><W66/><G105/><T127/><D127/><U118/><E118/><V115/><F92/><W132/><G66/><T99/><D109/><U98/><E98/><V39/><F115/><W90/><G97/><T13/><D0/><U54/><E54/><V2/><F55/><W82/><G71/><T38/><D38/><U74/><E74/><V50/><F2/><W128/><G69/><T116/><D116/><U133/><E133/><V117/><F39/><W87/><G68/><T86/><D99/><U15/><E15/><V81/><F117/><W67/><G132/><T59/><D41/><U12/><E12/><V29/><F135/><W111/><G128/><T52/><D27/><AGARI ba="0,1" hai="3,4,10,20,27,31,36,42,45,48,49,77,80,85" machi="27" ten="40,5200,0" yaku="1,1,52,1,53,1" doraHai="25" doraHaiUra="17" who="1" fromWho="0" sc="250,-52,240,62,250,0,250,0" /><INIT seed="1,0,0,3,5,15" ten="198,302,250,250" oya="1" hai0="98,53,128,65,90,9,109,103,78,28,99,80,89" hai1="120,13,34,102,57,40,48,27,30,6,52,33,38" hai2="49,127,116,37,96,44,29,25,93,61,36,42,94" hai3="47,19,0,50,111,46,107,58,123,71,104,12,135"/><U54/><E120/><V69/><F116/><W22/><G123/><T70/><D109/><U23/><E102/><V125/><F93/><W132/><G71/><T91/><D128/><U8/><E38/><V10/><F10/><W100/><G0/><T110/><D110/><U20/><E40/><V62/><F37/><W117/><G117/><T83/><D28/><U121/><E121/><V87/><F87/><W60/><G111/><T31/><D31/><U68/><E68/><V14/><F14/><W26/><G26/><T72/><D53/><U56/><REACH who="1" step="1"/><E34/><REACH who="1" ten="198,292,250,250" step="2"/><V77/><F36/><W118/><G100/><T17/><D103/><U74/><E74/><V126/><F69/><W133/><G118/><T81/><D72/><U11/><E11/><V1/><F1/><W115/><G132/><T67/><D70/><U59/><E59/><V63/><F125/><W51/><G58/><T32/><D32/><U88/><E88/><N who="0" m="33833" /><D78/><U55/><E55/><V114/><F77/><W95/><G133/><T43/><D43/><U97/><E97/><N who="0" m="36873" /><D89/><U7/><E7/><V124/><F124/><W4/><G4/><T73/><D73/><U21/><E21/><N who="2" m="15535" /><F127/><W131/><G135/><T18/><D9/><U16/><E16/><AGARI ba="0,1" hai="16,17,18,65,67,80,81,83" m="36873,33833" machi="16" ten="30,16000,3" yaku="28,2,8,1,52,3,54,2" doraHai="15" who="0" fromWho="1" sc="198,170,292,-160,250,0,250,0" /><INIT seed="2,0,0,1,3,76" ten="368,132,250,250" oya="2" hai0="1,84,58,88,129,36,81,5,72,56,107,87,21" hai1="8,114,121,104,135,73,89,24,90,78,86,130,128" hai2="99,3,115,61,11,2,16,125,48,66,54,124,91" hai3="80,97,67,42,41,116,40,34,50,35,30,52,64"/><V19/><F115/><W51/><G116/><T71/><D71/><U38/><E38/><V63/><F99/><W62/><G97/><T14/><D107/><U57/><E57/><V60/><F91/><W53/><G30/><T127/><D72/><U10/><E24/><V6/><F66/><N who="3" m="25131" /><G80/><N who="0" m="49159" /><D1/><U118/><E118/><V108/><F2/><W103/><G103/><T123/><D36/><U109/><E114/><V7/><F6/><W94/><G94/><T49/><D127/><N who="2" m="48714" /><F108/><W112/><G112/><T105/><D105/><U65/><E109/><V46/><AGARI ba="0,0" hai="3,7,11,16,19,46,48,54,60,61,63" m="48714" machi="46" ten="30,3000,0" yaku="18,1,54,1" doraHai="76" who="2" fromWho="2" sc="368,-10,132,-10,250,30,250,-10" /><INIT seed="2,1,0,1,3,124" ten="358,122,280,240" oya="2" hai0="133,120,131,52,54,112,8,84,100,113,86,30,17" hai1="121,65,46,62,51,88,16,12,23,76,18,15,13" hai2="129,125,78,107,67,19,55,20,90,70,41,1,63" hai3="22,72,69,97,73,48,77,32,94,123,44,95,4"/><V102/><F1/><W24/><G123/><T0/><D120/><U64/><E121/><V5/><F5/><W114/><G32/><T38/><D38/><U36/><E36/><V89/><F125/><W3/><G69/><T35/><D100/><U31/><E76/><V117/><F117/><W103/><G114/><T43/><D43/><U79/><E79/><V80/><F41/><W53/><G77/><T25/><D112/><U29/><E29/><V98/><F55/><W68/><G68/><T108/><D113/><U71/><E31/><V118/><F118/><W99/><G4/><N who="0" m="1031" /><D86/><U61/><E65/><V66/><F67/><W96/><G96/><T135/><D84/><U87/><E61/><V10/><F10/><W85/><G85/><T58/><D58/><U109/><E18/><V91/><F129/><W134/><G134/><N who="0" m="51211" /><D131/><U56/><E71/><V127/><F127/><W74/><G3/><T93/><D93/><U57/><E57/><V26/><REACH who="2" step="1"/><F91/><REACH who="2" ten="358,122,270,240" step="2"/><W115/><G115/><T111/><D54/><U105/><E109/><V14/><F14/><W128/><G53/><T116/><D52/><U122/><E51/><V110/><F110/><W40/><G128/><T130/><D130/><U60/><E122/><V11/><F11/><W59/><G40/><T50/><D116/><U83/><E64/><V47/><F47/><W49/><G44/><T34/><D50/><U39/><E46/><V9/><F9/><W106/><G49/><T126/><D126/><U28/><E88/><V82/><F82/><W92/><G48/><T37/><D111/><U42/><E83/><RYUUKYOKU ba="1,1" sc="358,-10,122,-10,270,30,240,-10" hai2="19,20,26,63,66,70,78,80,89,90,98,102,107" /><INIT seed="2,2,1,4,4,109" ten="348,112,300,230" oya="2" hai0="95,39,50,55,69,42,114,88,31,41,123,45,49" hai1="119,78,19,60,82,128,112,18,23,122,47,84,11" hai2="101,80,72,3,4,35,6,59,43,91,20,51,92" hai3="21,5,57,86,2,132,97,67,15,85,99,83,34"/><V110/><F35/><W90/><G34/><T17/><D123/><U76/><E112/><V115/><F3/><W104/><G2/><T25/><D114/><U127/><E119/><V9/><F115/><W44/><G132/><T33/><D69/><U36/><E122/><V113/><F113/><W108/><G108/><T93/><D39/><U74/><E128/><V22/><F110/><W116/><G116/><T102/><D17/><U107/><E107/><V27/><F9/><N who="3" m="4527" /><G104/><T134/><D134/><U96/><E127/><V103/><F80/><N who="3" m="49447" /><G44/><T61/><D42/><U125/><E125/><V100/><F72/><W68/><G68/><T28/><D25/><U75/><E76/><V12/><F12/><W98/><G21/><N who="2" m="8297" /><F27/><W79/><G67/><T118/><D33/><U89/><E75/><V62/><F43/><W130/><G130/><T94/><D118/><U46/><E36/><V105/><F105/><W16/><G57/><N who="0" m="35007" /><D102/><U58/><E74/><V64/><F51/><W129/><G129/><T32/><D50/><U13/><E78/><V14/><F14/><W48/><G48/><T37/><D32/><U117/><E117/><V10/><F10/><W24/><G24/><T135/><D135/><U52/><REACH who="1" step="1"/><E96/><AGARI ba="2,1" hai="4,6,59,62,64,91,92,96,100,101,103" m="8297" machi="96" ten="30,1500,0" yaku="8,1" doraHai="109" who="2" fromWho="1" sc="348,0,112,-21,300,31,230,0" /><INIT seed="2,3,0,5,5,86" ten="348,91,331,230" oya="2" hai0="10,108,31,0,61,43,50,21,74,39,54,9,87" hai1="123,27,6,72,81,35,66,4,105,96,12,32,126" hai2="104,20,79,33,18,41,109,118,114,75,73,112,60" hai3="119,29,19,100,1,82,37,36,26,130,80,68,22"/><V99/><F118/><W38/><G119/><T5/><D74/><U44/><E123/><V58/><F33/><W59/><G68/><T14/><D108/><U48/><E126/><V63/><F41/><W70/><G70/><T76/><D61/><U122/><E122/><V135/><F135/><W106/><G1/><T40/><D39/><U46/><E66/><V71/><F71/><W124/><G124/><T95/><D9/><U23/><E72/><V15/><F63/><W133/><G133/><T115/><D115/><U91/><E105/><V88/><F109/><W8/><G130/><T93/><D93/><U90/><E81/><V98/><F73/><W69/><G69/><T83/><D95/><U89/><E96/><V42/><F42/><W121/><G121/><T45/><D0/><U97/><E97/><V103/><F98/><W24/><G106/><T55/><D43/><U77/><E77/><V34/><F34/><W129/><G129/><T85/><D87/><U116/><E116/><V125/><F125/><W128/><G128/><T16/><D31/><U65/><E65/><N who="2" m="39063" /><F88/><W11/><G38/><T47/><REACH who="0" step="1"/><D45/><REACH who="0" ten="338,91,331,230" step="2"/><U101/><E46/><V127/><F127/><W131/><G37/><T49/><D49/><U3/><E3/><V117/><F117/><W120/><G36/><T62/><D62/><U17/><E101/><V7/><F7/><W67/><G131/><T107/><D107/><U57/><E57/><V94/><F104/><W2/><G2/><T56/><D56/><U64/><E6/><V52/><F52/><W84/><G120/><T132/><D132/><RYUUKYOKU type="nm" ba="3,1" sc="338,-20,91,-20,331,-40,230,80" hai0="5,10,14,16,21,40,47,50,54,55,76,83,85" hai2="15,18,20,75,79,94,99,103,112,114" /><INIT seed="2,4,1,0,3,99" ten="318,71,291,310" oya="2" hai0="24,94,84,57,107,2,133,23,110,68,91,22,54" hai1="45,127,7,75,67,16,135,87,79,88,113,58,12" hai2="111,80,8,66,3,126,30,49,43,114,18,106,119" hai3="112,40,92,14,48,19,35,53,44,77,65,134,33"/><V90/><F114/><W116/><G116/><T118/><D2/><U105/><E113/><V89/><F119/><W47/><G112/><T34/><D118/><U104/><E135/><V64/><F106/><W6/><G6/><T31/><D133/><U27/><E127/><V125/><F30/><W70/><G134/><T132/><D132/><U63/><E75/><V29/><F29/><W130/><G130/><T86/><D68/><U46/><E79/><V128/><F128/><W21/><G77/><T71/><D71/><U9/><E105/><V1/><F111/><W17/><G65/><N who="2" m="25193" /><F3/><W5/><G5/><T83/><D107/><U78/><E78/><V81/><F1/><W98/><G19/><T109/><D109/><U103/><E27/><V97/><F97/><W131/><G70/><T4/><D4/><U28/><E28/><V69/><F69/><W32/><G131/><T74/><D74/><U117/><E117/><V20/><F8/><W73/><G73/><T122/><D122/><U85/><E85/><V25/><F125/><W62/><G35/><T0/><D0/><U13/><E104/><V52/><F43/><W42/><G42/><T50/><D110/><U72/><E72/><V61/><F61/><W56/><REACH who="3" step="1"/><G47/><REACH who="3" ten="318,71,291,300" step="2"/><T101/><D34/><U60/><E60/><V11/><F126/><W123/><G123/><T96/><D31/><U36/><E36/><V15/><F15/><W115/><G115/><T38/><D38/><U41/><E41/><V10/><F10/><W108/><G108/><T100/><D24/><U95/><E9/><V59/><F11/><RYUUKYOKU ba="4,2" sc="318,-15,71,-15,291,15,300,15" hai2="18,20,25,49,52,59,80,81,89,90" hai3="14,17,21,32,33,40,44,48,53,56,62,92,98" /><INIT seed="2,5,2,4,1,29" ten="303,56,306,315" oya="2" hai0="59,20,23,50,86,70,25,96,8,2,4,108,101" hai1="87,89,55,24,45,37,130,117,5,115,13,30,77" hai2="62,100,21,51,106,43,82,64,123,99,125,119,68" hai3="56,132,58,122,44,39,32,107,34,104,9,83,113"/><V121/><F119/><W91/><G122/><T10/><D108/><U126/><E117/><V67/><F125/><W134/><G113/><T94/><D70/><U12/><E115/><V79/><F64/><W81/><G9/><T105/><D10/><U6/><E126/><V118/><F118/><W11/><G11/><T27/><D86/><U33/><E130/><V35/><F35/><W116/><G116/><T65/><D105/><U110/><E110/><V36/><F51/><W0/><G91/><T15/><D50/><U97/><E77/><V124/><F21/><N who="0" m="8266" /><D2/><U131/><E97/><V76/><F76/><W7/><G7/><T49/><D49/><U98/><E98/><V103/><F100/><W112/><G112/><T71/><D71/><U26/><E131/><V85/><REACH who="2" step="1"/><F124/><REACH who="2" ten="303,56,296,315" step="2"/><W38/><G44/><AGARI ba="5,3" hai="36,43,44,62,67,68,79,82,85,99,103,106,121,123" machi="44" ten="40,3900,0" yaku="1,1,2,1,53,0" doraHai="29" doraHaiUra="54" who="2" fromWho="3" sc="303,0,56,0,296,84,315,-54" /><INIT seed="2,6,0,2,5,119" ten="303,56,380,261" oya="2" hai0="72,25,12,41,54,19,16,114,39,73,112,94,111" hai1="40,43,36,115,86,62,21,50,33,37,56,49,90" hai2="0,55,27,76,52,134,82,131,45,93,102,85,135" hai3="26,13,3,31,108,11,32,120,89,99,130,47,4"/><V1/><F131/><W124/><G130/><T61/><D111/><U129/><E21/><V92/><F27/><W98/><G108/><T132/><D132/><N who="2" m="50730" /><F102/><W30/><G124/><T126/><D126/><U44/><E86/><V117/><F117/><W68/><G68/><T66/><D73/><U83/><E90/><V51/><F55/><W133/><G133/><T60/><D72/><U20/><E83/><V7/><F7/><W71/><G71/><T57/><D39/><N who="1" m="14923" /><E20/><V80/><F82/><W84/><G31/><T15/><D41/><N who="1" m="24719" /><E33/><V127/><F127/><W105/><G105/><T81/><D25/><U46/><E129/><V121/><F93/><W125/><G125/><T107/><D94/><U100/><E100/><V17/><F92/><W97/><G3/><N who="2" m="1097" /><F17/><W23/><G23/><T5/><D81/><U69/><E115/><V104/><F104/><W22/><G22/><T63/><D107/><U14/><E14/><N who="0" m="5161" /><D112/><U75/><E75/><V53/><F76/><W28/><G28/><T65/><D5/><U91/><E91/><V70/><F80/><W88/><G89/><T109/><D114/><U48/><E69/><V6/><F70/><W34/><G34/><T59/><D109/><U35/><E35/><V96/><F85/><W42/><G88/><T87/><D87/><U9/><E9/><V123/><F6/><W8/><G84/><T77/><D77/><U67/><E48/><N who="2" m="28815" /><F96/><W106/><G106/><T38/><D38/><U110/><E110/><V74/><F74/><W122/><G11/><T116/><D19/><U103/><E103/><V10/><F10/><RYUUKYOKU ba="6,0" sc="303,-30,56,10,380,10,261,10" hai1="40,43,46,50,56,62,67" hai2="51,52,121,123" hai3="4,8,13,26,30,32,42,47,97,98,99,120,122" /><INIT seed="2,7,0,2,3,64" ten="273,66,390,271" oya="2" hai0="89,108,46,14,59,41,57,91,75,23,93,110,115" hai1="129,123,32,45,134,35,105,80,77,132,61,36,72" hai2="96,52,109,39,4,11,62,43,131,1,87,42,6" hai3="17,27,20,34,12,2,56,101,44,82,54,84,7"/><V95/><F131/><W37/><G101/><T31/><D75/><U106/><E129/><V63/><F4/><W51/><G37/><T8/><D115/><U78/><E45/><V33/><F33/><W90/><G2/><T49/><D89/><U47/><E61/><V122/><F122/><W13/><G7/><N who="0" m="3359" /><D110/><U117/><E117/><V119/><F119/><W74/><G34/><T86/><D108/><U28/><E123/><V104/><F104/><W18/><G74/><T128/><D128/><U94/><E94/><V133/><F133/><W66/><G18/><T121/><D121/><U88/><E88/><V98/><F87/><W26/><G13/><T60/><D60/><AGARI ba="7,0" hai="12,17,20,26,27,44,51,54,56,60,66,82,84,90" machi="60" ten="40,1300,0" yaku="8,1" doraHai="64" who="3" fromWho="0" sc="273,-34,66,0,390,0,271,34" /><INIT seed="3,0,0,5,0,36" ten="239,66,390,305" oya="3" hai0="61,32,69,34,18,42,84,73,121,102,1,11,83" hai1="93,38,57,89,77,70,71,97,2,130,81,67,6" hai2="55,110,3,46,124,5,106,109,65,58,114,126,4" hai3="68,9,31,20,22,24,41,47,30,98,43,27,12"/><W127/><G68/><T122/><D73/><U26/><E57/><V8/><F114/><W49/><G127/><N who="2" m="48681" /><F106/><W39/><G39/><T113/><D113/><U7/><E67/><V92/><F5/><W48/><G98/><T29/><D102/><U37/><E97/><V108/><F92/><W116/><G116/><T107/><D107/><U45/><E93/><V66/><F46/><W135/><G135/><T115/><D115/><U28/><E45/><V87/><F87/><W129/><G129/><T119/><D119/><U78/><E130/><V125/><F125/><W35/><G35/><T128/><D34/><U23/><E81/><V133/><F133/><W53/><G49/><AGARI ba="0,0" hai="3,4,8,49,55,58,65,66,108,109,110" m="48681" machi="49" ten="40,2600,0" yaku="14,1,18,1" doraHai="36" who="2" fromWho="3" sc="239,0,66,0,390,26,305,-26" owari="239,-16.1,66,-43.4,416,51.6,279,7.9" /></mjloggm>