<mjloggm ver="2.3"><GO type="225" lobby="0"/><UN n0="%E6%98%93%E5%88%A9%E8%96%A9%E4%BC%AF" n1="%E3%82%8C%E3%81%99%E3%81%93" n2="%E3%82%BC%E3%83%AB%E3%83%80%E3%81%AE%E4%BC%9D%E8%AA%AC" n3="%E3%83%B4%E3%83%A0%EF%BC%99%E3%81%A6" dan="16,16,18,16" rate="2113.23,2123.24,2212.07,2121.34" sx="F,F,M,M"/><TAIKYOKU oya="0"/><INIT seed="0,0,0,5,4,28" ten="250,250,250,250" oya="0" hai0="30,4,82,52,23,21,106,86,135,15,55,74,50" hai1="71,128,62,60,78,11,5,101,64,51,20,83,129" hai2="63,90,32,41,13,7,17,97,133,29,119,96,110" hai3="10,124,38,107,61,31,33,34,1,39,105,92,79"/><T44/><D135/><U43/><E101/><V117/><F133/><W112/><G92/><T53/><D74/><U118/><E118/><N who="2" m="45067" /><F110/><W27/><G112/><T98/><D106/><N who="3" m="40457" /><G124/><T100/><D100/><U76/><E20/><V16/><F41/><W2/><G61/><T37/><D37/><N who="3" m="13833" /><G10/><N who="0" m="4551" /><D98/><N who="2" m="37994" /><F90/><W73/><G34/><T57/><D30/><U59/><E43/><V25/><F63/><W66/><G66/><T49/><D55/><N who="1" m="32255" /><E62/><V9/><AGARI ba="0,0" hai="7,9,13,16,17,25,29,32" m="37994,45067" machi="9" ten="30,4000,0" yaku="12,1,52,1,54,1" doraHai="28" who="2" fromWho="2" sc="250,-20,250,-10,250,40,250,-10" /><INIT seed="1,0,0,0,3,26" ten="230,240,290,240" oya="1" hai0="6,116,47,39,40,68,30,73,42,20,129,83,120" hai1="94,19,64,50,51,110,126,52,125,29,45,66,81" hai2="62,118,38,15,89,54,131,21,24,3,72,11,53" hai3="79,8,102,34,35,74,82,98,4,46,100,87,135"/><U71/><E81/><V114/><F118/><W97/><G135/><T17/><D116/><U86/><E110/><V32/><F38/><W1/><G87/><T111/><D111/><U0/><E0/><V56/><F72/><W67/><G67/><T108/><D108/><U122/><E122/><V59/><F131/><W104/><REACH who="3" step="1"/><G46/><REACH who="3" ten="230,240,290,230" step="2"/><T25/><D129/><U106/><E66/><V12/><F114/><W109/><G109/><T112/><D112/><U80/><E64/><V36/><F36/><W78/><G78/><T113/><D113/><U70/><E125/><V58/><F58/><W90/><G90/><T76/><D120/><U124/><E126/><V23/><F89/><W130/><G130/><T99/><D68/><U107/><E124/><V57/><F57/><W55/><G55/><T28/><D42/><U65/><E65/><V22/><F54/><W33/><G33/><T7/><REACH who="0" step="1"/><D99/><REACH who="0" ten="220,240,290,230" step="2"/><U61/><E71/><V101/><F62/><W103/><G103/><T37/><D37/><U5/><E70/><V44/><F101/><W93/><AGARI ba="0,2" hai="1,4,8,34,35,74,79,82,93,97,98,100,102,104" machi="93" ten="20,5200,0" yaku="1,1,0,1,7,1,53,1" doraHai="26" doraHaiUra="91" who="3" fromWho="3" sc="220,-13,240,-26,290,-13,230,72" /><INIT seed="2,0,0,4,1,71" ten="207,214,277,302" oya="2" hai0="78,25,117,98,63,68,115,59,50,5,9,122,88" hai1="81,107,134,94,67,66,112,75,45,69,6,61,53" hai2="93,1,17,56,40,62,24,28,11,34,64,99,33" hai3="101,82,55,121,35,106,105,42,26,79,8,58,36"/><V47/><F1/><W32/><G121/><T41/><D115/><U77/><E112/><V113/><F113/><W108/><G108/><T39/><D122/><U129/><E107/><V76/><F76/><W70/><G70/><T87/><D117/><U13/><E129/><V10/><F17/><W19/><G8/><T3/><D68/><U100/><E134/><V84/><F84/><W83/><G19/><T96/><D78/><U80/><E67/><V109/><F33/><W125/><G125/><T130/><D50/><U123/><E123/><V90/><REACH who="2" step="1"/><F109/><REACH who="2" ten="207,214,267,302" step="2"/><W38/><G79/><T27/><D130/><U114/><E114/><V65/><F65/><W21/><G32/><T0/><D0/><U91/><E77/><V30/><F30/><W97/><G35/><T111/><D111/><U131/><E131/><V118/><F118/><W73/><G73/><T92/><D98/><U102/><E75/><V54/><F54/><W72/><G55/><T95/><D96/><N who="1" m="57439" /><E53/><V37/><AGARI ba="0,1" hai="10,11,24,28,34,37,40,47,56,62,64,90,93,99" machi="37" ten="20,7800,0" yaku="1,1,0,1,7,1,52,1,53,0" doraHai="71" doraHaiUra="128" who="2" fromWho="2" sc="207,-26,214,-26,267,88,302,-26" /><INIT seed="2,1,0,0,4,0" ten="181,188,355,276" oya="2" hai0="35,98,49,110,61,13,85,19,44,17,119,91,106" hai1="92,16,134,12,130,94,28,121,84,26,100,46,131" hai2="80,105,66,25,78,38,10,57,81,11,14,24,125" hai3="111,115,31,52,53,18,7,4,1,59,34,83,33"/><V123/><F123/><W70/><G70/><T58/><D110/><U104/><E121/><V20/><F105/><W126/><G111/><T124/><D35/><U27/><E134/><V21/><F38/><W107/><G107/><T45/><D124/><U62/><E104/><V88/><F125/><W101/><G101/><T89/><D119/><U99/><E46/><V64/><F57/><W113/><G126/><T133/><D133/><U22/><E62/><V51/><F51/><N who="3" m="31135" /><G1/><T87/><D49/><U40/><E40/><V72/><F72/><W55/><G18/><T120/><D120/><U42/><E42/><V71/><F71/><W48/><G83/><T122/><D122/><U117/><E117/><V39/><F39/><W36/><G53/><T75/><D75/><U65/><E65/><V116/><F116/><W9/><G9/><T108/><D108/><U90/><REACH who="1" step="1"/><E27/><REACH who="1" ten="181,178,355,276" step="2"/><V30/><F25/><N who="3" m="18671" /><G36/><T43/><D106/><U47/><E47/><V2/><F64/><W114/><G34/><AGARI ba="1,1" hai="12,16,22,26,28,34,84,90,92,94,99,100,130,131" machi="34" ten="40,2600,0" yaku="1,1,54,1,53,0" doraHai="0" doraHaiUra="129" who="1" fromWho="3" sc="181,0,178,39,355,0,276,-29" /><INIT seed="3,0,0,0,1,125" ten="181,217,355,247" oya="3" hai0="66,42,28,5,14,88,69,61,129,6,76,79,39" hai1="90,112,96,22,47,62,15,122,16,111,58,126,80" hai2="97,32,70,81,53,68,17,52,19,48,21,38,95" hai3="40,133,10,128,110,77,100,103,23,134,131,3,29"/><W60/><G110/><T73/><D28/><U44/><E112/><V85/><F32/><W107/><G40/><T27/><D27/><U46/><E122/><V0/><F38/><W37/><G37/><T82/><D129/><N who="3" m="49737" /><G77/><T74/><D39/><U41/><E126/><V26/><F0/><W8/><G60/><T127/><D42/><U72/><E111/><V118/><F118/><W18/><G29/><T109/><D109/><U54/><E72/><V43/><F43/><W108/><G108/><T75/><D127/><U4/><E4/><V93/><F53/><W35/><G35/><T121/><D121/><U104/><E104/><V105/><F105/><W98/><G103/><T30/><D30/><U31/><E31/><V65/><F65/><W13/><G8/><T94/><D76/><U64/><E41/><V123/><F123/><W124/><G124/><T34/><D34/><U113/><E113/><V99/><F52/><W50/><G50/><T119/><D119/><U11/><E11/><V7/><F48/><W92/><G107/><T51/><D51/><U59/><E54/><V56/><F21/><W20/><G23/><T101/><D101/><U78/><E64/><V45/><F70/><W114/><G114/><T83/><D79/><U86/><E62/><V135/><F68/><W130/><N who="3" m="49745" /><W87/><DORA hai="117" /><G87/><N who="0" m="52511" /><D6/><AGARI ba="0,0" hai="3,6,10,13,18,20,92,98,100,133,134" m="49745" machi="6" ten="40,12000,1" yaku="19,1,52,4" doraHai="125,117" who="3" fromWho="0" sc="181,-120,217,0,355,0,247,120" owari="61,-43.9,217,-18.3,355,15.5,367,46.7" /></mjloggm>