<mjloggm ver="2.3"><GO type="225" lobby="0"/><UN n0="%E3%80%90%E3%83%88%E3%83%AA%E3%83%A5%E3%83%95%E3%80%91" n1="%E5%82%8D%E8%8B%A5%E7%84%A1%E4%BA%BA%35%31" n2="%E6%98%93%E5%88%A9%E8%96%A9%E4%BC%AF" n3="%6D%61%74%69%67%75%73%61" dan="16,16,16,17" rate="2077.57,2138.58,2087.86,2167.50" sx="F,M,F,M"/><TAIKYOKU oya="0"/><INIT seed="0,0,0,0,0,132" ten="250,250,250,250" oya="0" hai0="88,35,112,125,66,77,120,96,32,109,59,10,79" hai1="108,56,42,128,82,76,46,134,83,101,135,47,117" hai2="3,28,65,11,107,127,119,99,131,91,24,110,81" hai3="104,4,0,1,61,45,58,22,100,105,62,98,14"/><T16/><D112/><U72/><E108/><V27/><F110/><W25/><G105/><T103/><D120/><U29/><E128/><V90/><F131/><W6/><G45/><T113/><D113/><U5/><E117/><V48/><F127/><W33/><G33/><T23/><D10/><U60/><E29/><V84/><F65/><W44/><G44/><T73/><D125/><U87/><E101/><V74/><F74/><W123/><G62/><N who="0" m="38239" /><D73/><U26/><E26/><V40/><F119/><W30/><G123/><T75/><D75/><U19/><E19/><V67/><F67/><W39/><G39/><T111/><D32/><U12/><E47/><V8/><F40/><W13/><G0/><T2/><D2/><U37/><E12/><V63/><F48/><W57/><G57/><T68/><D35/><U94/><E94/><V78/><F63/><W116/><G116/><T118/><D68/><U64/><REACH who="1" step="1"/><E5/><REACH who="1" ten="250,240,250,250" step="2"/><V34/><F27/><W71/><G4/><T102/><D111/><U50/><E50/><V43/><F24/><W126/><G6/><T36/><D118/><U121/><E121/><V80/><F28/><W130/><G30/><T20/><D109/><U69/><E69/><V7/><F7/><W133/><G71/><T129/><D16/><U106/><E106/><V54/><F107/><W41/><G130/><T55/><D103/><U49/><E49/><V31/><F31/><W18/><G100/><T15/><D102/><U115/><E115/><V95/><F95/><W17/><G104/><T97/><D129/><U124/><E124/><V86/><F3/><RYUUKYOKU ba="0,1" sc="250,-10,240,30,250,-10,250,-10" hai1="37,42,46,56,60,64,72,76,82,83,87,134,135" /><INIT seed="1,1,1,0,5,94" ten="240,270,240,240" oya="1" hai0="101,103,71,131,95,70,14,35,7,43,40,36,79" hai1="117,54,116,75,81,105,118,96,39,126,99,80,82" hai2="114,107,46,33,16,19,59,45,112,17,0,51,52" hai3="85,113,66,135,26,63,3,25,11,77,73,57,21"/><U55/><E39/><V32/><F0/><W6/><G113/><N who="2" m="43625" /><F107/><W64/><G73/><T20/><D35/><AGARI ba="1,1" hai="16,17,19,32,33,35,45,46,51,52,59" m="43625" machi="35" ten="40,5200,0" yaku="11,1,54,2" doraHai="94" who="2" fromWho="0" sc="240,-55,270,0,240,65,240,0" /><INIT seed="2,0,0,4,4,52" ten="185,270,305,240" oya="2" hai0="132,35,123,113,41,102,86,11,100,121,118,120,79" hai1="53,63,97,91,128,122,24,114,37,64,89,23,66" hai2="32,34,117,104,27,3,6,95,42,110,116,29,1" hai3="33,135,10,127,134,8,72,105,106,111,45,60,69"/><V59/><F104/><N who="3" m="40043" /><G72/><T51/><D35/><U74/><E114/><V109/><F42/><W30/><G45/><T48/><D113/><U13/><E37/><V55/><F95/><W73/><G73/><T78/><D11/><N who="3" m="4137" /><G33/><T54/><D132/><N who="3" m="50729" /><G30/><T101/><D86/><U67/><E74/><V46/><F46/><W83/><G83/><T85/><D85/><U25/><E122/><V28/><F1/><W15/><G15/><T18/><D41/><U87/><E128/><V96/><F96/><W126/><G111/><N who="2" m="42505" /><F29/><W19/><G19/><T26/><D18/><U125/><E13/><V5/><F34/><W12/><G12/><T112/><D112/><U44/><E97/><V77/><F3/><W16/><G16/><T98/><D98/><U43/><E44/><V76/><F6/><W94/><G94/><T14/><D14/><U68/><E43/><V119/><F5/><W115/><G115/><T65/><D54/><U124/><E53/><V39/><F39/><W17/><G17/><T38/><D38/><U56/><E67/><AGARI ba="0,0" hai="60,67,69,126,127" m="50729,4137,40043" machi="67" ten="40,1300,0" yaku="20,1" doraHai="52" who="3" fromWho="1" sc="185,0,270,-13,305,0,240,13" /><INIT seed="3,0,0,2,3,11" ten="185,257,305,253" oya="3" hai0="87,61,10,17,4,107,103,94,109,73,25,89,0" hai1="26,84,5,74,88,105,64,63,125,18,7,34,76" hai2="45,70,112,2,12,129,90,93,9,60,92,117,65" hai3="120,77,16,38,96,102,54,1,14,58,23,128,43"/><W37/><G120/><T108/><D73/><U51/><E125/><V122/><F112/><W121/><G1/><T101/><D61/><U36/><E36/><V131/><F117/><W81/><G43/><T83/><D107/><U116/><E105/><V97/><F2/><W124/><G128/><N who="2" m="49225" /><F122/><W134/><G121/><T21/><REACH who="0" step="1"/><D94/><REACH who="0" ten="175,257,305,253" step="2"/><U127/><E63/><V62/><F93/><W55/><G124/><T3/><D3/><U99/><E74/><V19/><F62/><W72/><G134/><T42/><D42/><U113/><E127/><V35/><F60/><W44/><G55/><T47/><D47/><U79/><E64/><V28/><F45/><W68/><G44/><T123/><D123/><U50/><E116/><V52/><F52/><W27/><G68/><T104/><D104/><U8/><E51/><V133/><F65/><W130/><G130/><T40/><D40/><U29/><E50/><V6/><F70/><W31/><G54/><T67/><D67/><U30/><E113/><V118/><F118/><W85/><G72/><T66/><D66/><U20/><E99/><V48/><F48/><W24/><G58/><T114/><D114/><U78/><E34/><V75/><F75/><W13/><G38/><T57/><D57/><U39/><E39/><V32/><F133/><W56/><G56/><T22/><D22/><U100/><E20/><V71/><F71/><W115/><G37/><T106/><D106/><U86/><E84/><V53/><F53/><W132/><G132/><T119/><D119/><U110/><E86/><V95/><F35/><N who="3" m="20967" /><G115/><T15/><D15/><RYUUKYOKU ba="0,1" sc="175,15,257,-15,305,-15,253,15" hai0="0,4,10,17,21,25,83,87,89,101,103,108,109" hai3="13,14,16,23,27,77,81,85,96,102" /><INIT seed="3,1,1,4,1,101" ten="190,242,290,268" oya="3" hai0="37,18,36,53,108,135,77,24,110,3,115,105,27" hai1="61,47,125,57,100,33,4,96,23,11,7,26,78" hai2="8,98,72,127,66,71,129,75,59,131,93,12,0" hai3="123,113,107,103,70,21,68,67,52,81,74,14,84"/><W19/><G113/><T87/><D3/><U17/><E125/><V104/><F71/><W132/><G123/><T35/><D115/><U44/><E78/><V16/><F104/><W86/><G74/><T130/><D53/><U46/><E33/><V58/><F0/><W116/><G116/><T2/><D2/><U114/><E114/><V117/><F117/><W97/><G132/><T133/><D130/><N who="2" m="49674" /><F127/><W13/><G67/><T50/><D50/><U64/><REACH who="1" step="1"/><E11/><REACH who="1" ten="190,232,290,268" step="2"/><V99/><F8/><W32/><G32/><T82/><D35/><U40/><E40/><V134/><F134/><N who="0" m="51210" /><D105/><AGARI ba="1,2" hai="4,7,17,23,26,44,46,47,57,61,64,96,100,105" machi="105" ten="40,2600,0" yaku="1,1,52,1,53,0" doraHai="101" doraHaiUra="120" who="1" fromWho="0" sc="190,-29,232,49,290,0,268,0" /><INIT seed="4,0,0,5,0,52" ten="161,281,290,268" oya="0" hai0="2,54,7,76,107,67,62,40,3,103,39,28,24" hai1="97,70,64,89,114,17,45,65,9,26,82,66,104" hai2="79,100,18,120,121,5,6,50,134,47,78,55,92" hai3="135,132,21,30,105,130,131,95,51,60,112,88,126"/><T111/><D54/><U53/><E114/><V27/><F134/><N who="3" m="51243" /><G105/><T43/><D111/><U56/><E70/><V83/><F121/><W127/><G112/><T15/><D76/><N who="2" m="29226" /><F83/><W93/><G51/><T128/><D128/><N who="3" m="49193" /><G60/><T102/><D102/><U80/><E45/><V125/><F125/><N who="3" m="47627" /><G88/><T87/><D107/><U11/><E104/><V32/><F120/><W59/><G59/><T124/><D124/><U25/><E82/><V85/><F100/><W109/><G109/><T86/><D103/><U37/><E37/><V23/><F32/><W90/><G90/><AGARI ba="0,0" hai="5,6,18,23,27,47,50,55,85,90,92" m="29226" machi="90" ten="30,1000,0" yaku="8,1" doraHai="52" who="2" fromWho="3" sc="161,0,281,0,290,10,268,-10" owari="161,-33.9,281,8.1,300,40.0,258,-14.2" /></mjloggm>