<mjloggm ver="2.3"><GO type="225" lobby="0"/><UN n0="%E3%81%8B%E3%82%8F%E3%81%A1%E3%82%83%E3%82%93%35%38" n1="%E3%81%BF%E3%81%BF%E3%81%9A" n2="%E9%80%86%E9%80%A3%E5%B8%AF%E3%81%AE%E9%AC%BC" n3="%33%74%72%65%65" dan="16,17,16,17" rate="2113.28,2220.03,2123.49,2230.66" sx="M,M,M,F"/><TAIKYOKU oya="0"/><INIT seed="0,0,0,5,2,15" ten="250,250,250,250" oya="0" hai0="83,94,128,81,79,39,2,32,38,8,49,127,74" hai1="130,80,93,7,91,121,68,76,107,101,90,42,26" hai2="135,25,120,41,122,46,77,9,105,100,0,48,58" hai3="20,75,110,118,35,117,112,72,89,109,104,82,115"/><T108/><D32/><U47/><E121/><V131/><F131/><W73/><G35/><T19/><D128/><U70/><E130/><V54/><F135/><W84/><G104/><T97/><D127/><U36/><E7/><V66/><F66/><W59/><G59/><T4/><D108/><N who="3" m="41577" /><G20/><T31/><D31/><U64/><E91/><V132/><F132/><W5/><G5/><T119/><D119/><AGARI ba="0,0" hai="72,73,75,82,84,89,112,115,117,118,119" m="41577" machi="119" ten="40,5200,0" yaku="14,1,34,2" doraHai="15" who="3" fromWho="0" sc="250,-52,250,0,250,0,250,52" /><INIT seed="1,0,0,3,2,45" ten="198,250,250,302" oya="1" hai0="28,86,68,48,78,31,64,135,10,46,22,76,75" hai1="121,51,12,71,74,60,118,111,23,83,32,40,25" hai2="20,103,35,69,97,2,1,114,113,65,13,133,53" hai3="130,43,3,62,38,58,63,36,105,84,93,92,17"/><U52/><E118/><V41/><F133/><W4/><G105/><T94/><D135/><U15/><E121/><V100/><F35/><W126/><G92/><T39/><D39/><U132/><E132/><V44/><F53/><W67/><G126/><T18/><D68/><U116/><E116/><V91/><F91/><W125/><G130/><T8/><D75/><U85/><E74/><V117/><F117/><W89/><G125/><T101/><D64/><U61/><E40/><V19/><F65/><W21/><G43/><N who="0" m="24671" /><D8/><U115/><E111/><V99/><F69/><W119/><G119/><T42/><D10/><U88/><E115/><N who="2" m="44043" /><F103/><W82/><G67/><T72/><D72/><U122/><E32/><V50/><F99/><W109/><G109/><T73/><D73/><U134/><E122/><V81/><F81/><W106/><G82/><N who="0" m="47431" /><D78/><U59/><E134/><V70/><F70/><W80/><G80/><T57/><D57/><U54/><E71/><V7/><F7/><W128/><G58/><T37/><D37/><U6/><E6/><V0/><F0/><W107/><G4/><T95/><D42/><U108/><E108/><V98/><F98/><W131/><G3/><T49/><D49/><U102/><E102/><V110/><F110/><W47/><G36/><T55/><D55/><U26/><E54/><V124/><F124/><W77/><G77/><T56/><D56/><U33/><E51/><V123/><F123/><W112/><G112/><T90/><D101/><U79/><E79/><V14/><F14/><N who="3" m="9399" /><G131/><T9/><D95/><AGARI ba="0,0" hai="1,2,13,19,20,41,44,50,95,97,100" m="44043" machi="95" ten="30,2000,0" yaku="11,1,52,1" doraHai="45" who="2" fromWho="0" sc="198,-20,250,0,250,20,302,0" /><INIT seed="2,0,0,5,0,41" ten="178,250,270,302" oya="2" hai0="95,85,18,1,44,109,120,135,105,113,48,110,10" hai1="23,12,6,131,100,70,65,128,51,49,64,24,118" hai2="101,2,74,73,13,5,127,89,57,68,102,93,52" hai3="121,71,32,3,123,19,125,60,88,79,69,46,15"/><V104/><F127/><W76/><G3/><T53/><D105/><U39/><E39/><V67/><F2/><W8/><G32/><T25/><D113/><U45/><E118/><V56/><F68/><W98/><G125/><T129/><D120/><U130/><E100/><V99/><F67/><W4/><G69/><T83/><D129/><U20/><E51/><V55/><F13/><W90/><G71/><T116/><D116/><U108/><E108/><V77/><F5/><W86/><G121/><T134/><D95/><U72/><E72/><V115/><F115/><W22/><G60/><T37/><D37/><U59/><E59/><V132/><F132/><N who="0" m="50730" /><D1/><U78/><E78/><V84/><F102/><W35/><G35/><T0/><D0/><U29/><E70/><V30/><F30/><W50/><G98/><T106/><D106/><U31/><E6/><V27/><F27/><N who="3" m="14815" /><G90/><N who="0" m="51519" /><D25/><N who="1" m="16551" /><E12/><AGARI ba="0,0" hai="10,12,18,44,48,53,109,110" m="51519,50730" machi="12" ten="30,3900,0" yaku="25,1,20,1,52,1" doraHai="41" who="0" fromWho="1" sc="178,39,250,-39,270,0,302,0" /><INIT seed="3,0,0,4,2,26" ten="217,211,270,302" oya="3" hai0="37,32,117,16,51,123,54,39,18,135,126,48,25" hai1="57,65,6,134,131,83,106,71,76,128,60,41,28" hai2="81,68,40,53,88,27,34,132,73,58,98,10,77" hai3="62,85,35,109,55,101,108,112,30,74,84,50,19"/><W67/><G112/><T3/><D117/><U125/><E134/><V22/><F132/><W0/><G74/><T100/><D135/><U38/><E125/><V49/><F68/><N who="3" m="42103" /><G0/><T15/><D3/><U14/><E106/><V91/><F34/><W114/><G114/><T86/><D123/><U75/><E28/><V121/><F121/><W36/><G36/><T72/><D72/><U17/><E6/><V13/><F40/><W95/><G19/><T113/><D100/><U61/><E41/><V7/><REACH who="2" step="1"/><F98/><REACH who="2" ten="217,211,260,302" step="2"/><N who="3" m="59615" /><G35/><T44/><D32/><U42/><E42/><V70/><F70/><W33/><G33/><T130/><D113/><U79/><E38/><V24/><F24/><W124/><G124/><T120/><D39/><U21/><REACH who="1" step="1"/><E76/><REACH who="1" ten="217,201,260,302" step="2"/><V104/><F104/><W63/><G108/><T47/><D37/><U116/><E116/><V118/><F118/><W8/><G109/><T87/><D126/><U12/><E12/><V129/><F129/><W78/><G78/><T69/><D130/><U122/><E122/><V127/><F127/><W93/><G30/><AGARI ba="0,2" hai="7,10,13,22,27,30,49,53,58,73,77,81,88,91" machi="30" ten="30,8000,1" yaku="1,1,7,1,52,1,54,1,53,1" doraHai="26" doraHaiUra="105" who="2" fromWho="3" sc="217,0,201,0,260,100,302,-80" owari="217,-18.3,201,-29.9,360,46.0,222,2.2" /></mjloggm>