<mjloggm ver="2.3"><GO type="225" lobby="0"/><UN n0="%E6%B8%A9%E2%98%85%E6%83%85%E2%98%85%E6%8E%AA%E2%98%85%E7%BD%AE" n1="%28%EF%BF%A3%E2%96%BD%EF%BF%A3%29%CE%B4%E2%8C%92%E3%83%BB" n2="%E3%83%B4%E3%83%A0%EF%BC%99%E3%81%A6" n3="%E3%82%B3%E3%83%90%E3%83%AC%E3%82%A4" dan="17,17,16,16" rate="2163.60,2247.92,2118.93,2150.85" sx="M,M,M,M"/><TAIKYOKU oya="0"/><INIT seed="0,0,0,4,4,86" ten="250,250,250,250" oya="0" hai0="100,9,102,54,90,46,77,52,4,17,127,97,22" hai1="36,47,41,135,92,120,107,124,98,55,110,134,5" hai2="50,6,18,74,61,23,8,19,12,32,88,20,122" hai3="71,2,3,26,13,119,96,37,63,59,10,73,21"/><T129/><D129/><U27/><E120/><V35/><F122/><W116/><G73/><T78/><D127/><U81/><E124/><V58/><F74/><W60/><G37/><T115/><D115/><U76/><E107/><V133/><F50/><W45/><G45/><T103/><D9/><U82/><E110/><V114/><F133/><N who="1" m="50697" /><E5/><V24/><F114/><W29/><G71/><T25/><D4/><U15/><E15/><V53/><REACH who="2" step="1"/><F88/><REACH who="2" ten="250,250,240,250" step="2"/><W89/><G119/><T101/><D90/><N who="1" m="55575" /><E76/><N who="0" m="29289" /><D46/><N who="1" m="23847" /><E27/><AGARI ba="0,1" hai="6,8,12,18,19,20,23,24,27,32,35,53,58,61" machi="27" ten="30,3900,0" yaku="1,1,7,1,9,1,53,0" doraHai="86" doraHaiUra="109" who="2" fromWho="1" sc="250,0,250,-39,240,49,250,0" /><INIT seed="1,0,0,0,2,20" ten="250,211,289,250" oya="1" hai0="39,44,97,79,32,46,93,101,75,106,122,36,40" hai1="3,53,69,62,125,100,50,29,37,7,63,14,10" hai2="9,42,28,74,56,131,59,95,33,126,31,108,26" hai3="38,116,52,117,68,82,121,135,30,12,119,60,27"/><U98/><E37/><V111/><F74/><W77/><G121/><T130/><D122/><U66/><E125/><V84/><F126/><W48/><G38/><T43/><D130/><U55/><E63/><V70/><F70/><W129/><G135/><T45/><D93/><U25/><E3/><V76/><F131/><W88/><G129/><T96/><D96/><U80/><E80/><N who="2" m="47111" /><F42/><W92/><G12/><T134/><D46/><U5/><E5/><V35/><F9/><W83/><G77/><T65/><D65/><U120/><E120/><V107/><F107/><W17/><G17/><T57/><D57/><U19/><E7/><V16/><F95/><W49/><G49/><T86/><D86/><U123/><E50/><V73/><F73/><W99/><G68/><T105/><D105/><U109/><E109/><N who="2" m="42059" /><F16/><W54/><G54/><T124/><D124/><U15/><E15/><V81/><F81/><W51/><G60/><T114/><D134/><U21/><REACH who="1" step="1"/><E123/><REACH who="1" ten="250,201,289,250" step="2"/><V67/><F67/><W103/><G51/><T23/><D39/><U128/><E128/><V11/><F11/><W64/><G64/><T4/><D36/><U72/><E72/><V78/><F78/><W2/><G2/><T90/><D79/><U115/><E115/><V8/><F8/><W22/><REACH who="3" step="1"/><G103/><REACH who="3" ten="250,201,289,240" step="2"/><T18/><D101/><U85/><E85/><V113/><F113/><W0/><G0/><T110/><D114/><U61/><E61/><V91/><F91/><W13/><G13/><T47/><D75/><U102/><E102/><V89/><F89/><W6/><G6/><T112/><D4/><RYUUKYOKU ba="0,2" sc="250,-30,201,10,289,10,240,10" hai1="10,14,19,21,25,29,53,55,62,66,69,98,100" hai2="26,28,31,33,35,56,59" hai3="22,27,30,48,52,82,83,88,92,99,116,117,119" /><INIT seed="1,1,2,5,3,7" ten="220,211,299,250" oya="1" hai0="131,56,53,40,11,127,39,128,94,9,92,57,21" hai1="2,97,69,70,34,5,87,103,22,77,67,124,15" hai2="3,107,43,91,135,89,27,10,26,102,111,85,36" hai3="35,33,60,59,106,4,49,68,98,61,84,71,29"/><U32/><E124/><V104/><F111/><W47/><G84/><T52/><D127/><U101/><E2/><V44/><F135/><W108/><G108/><T46/><D21/><U48/><E48/><V86/><F102/><W72/><G72/><T88/><D94/><U20/><E87/><V99/><F99/><W50/><G4/><T66/><D66/><U115/><E115/><V12/><F3/><W14/><G14/><T117/><D117/><U6/><E15/><V134/><F134/><W65/><G47/><T118/><D118/><U31/><E97/><V62/><F62/><W120/><G120/><T0/><D0/><U109/><E67/><V112/><F112/><W125/><G125/><T80/><D80/><U30/><REACH who="1" step="1"/><E77/><REACH who="1" ten="220,201,299,250" step="2"/><V16/><F26/><W58/><G65/><T19/><D53/><U116/><E116/><V105/><F27/><W28/><G98/><N who="0" m="57607" /><D52/><U8/><E8/><N who="0" m="3145" /><D19/><U126/><E126/><V55/><F55/><W100/><G100/><T119/><D119/><U23/><E23/><V45/><F45/><W76/><G76/><T41/><D41/><U113/><E113/><V130/><F44/><W78/><G78/><T96/><D96/><U51/><E51/><V83/><F43/><W74/><G74/><T90/><D90/><U122/><E122/><V25/><F89/><W79/><G79/><T82/><D82/><U123/><E123/><V129/><F91/><W121/><G121/><T38/><D38/><U13/><E13/><V73/><F36/><W132/><G132/><T24/><D24/><U54/><E54/><V63/><F25/><RYUUKYOKU ba="1,3" sc="220,10,201,10,299,-30,250,10" hai0="39,40,46,56,57,128,131" hai1="5,6,20,22,30,31,32,34,69,70,101,103,109" hai3="28,29,33,35,49,50,58,59,60,61,68,71,106" /><INIT seed="1,2,3,3,4,117" ten="230,211,269,260" oya="1" hai0="49,121,18,50,126,22,77,85,67,115,56,52,6" hai1="37,87,70,7,91,42,122,76,54,17,110,72,10" hai2="62,15,111,29,12,99,51,46,25,20,86,60,19" hai3="58,113,135,118,104,16,89,41,100,34,36,31,66"/><U69/><E110/><V43/><F111/><W129/><G113/><T119/><D115/><U94/><E17/><V3/><F3/><W9/><G118/><T39/><D39/><U73/><E54/><V81/><F99/><W59/><G135/><T75/><D75/><U130/><E130/><V28/><F12/><W5/><G129/><T38/><D38/><U74/><E122/><V106/><F106/><W57/><G31/><T78/><D119/><U84/><E42/><V109/><F109/><W65/><G34/><T96/><D126/><U45/><E45/><V116/><F116/><W35/><G35/><T127/><D127/><U30/><E30/><V93/><F93/><W82/><G100/><T101/><D6/><U134/><E37/><V92/><F92/><W95/><G104/><T27/><D67/><U68/><E134/><V98/><F98/><W55/><G41/><T103/><D121/><U107/><E107/><V131/><F131/><W48/><G82/><N who="0" m="47311" /><D78/><U128/><E128/><V114/><F114/><W0/><G36/><T64/><D64/><U120/><E120/><V102/><F102/><N who="0" m="38922" /><D96/><U61/><E76/><N who="2" m="46375" /><F29/><W133/><G133/><T88/><D88/><U123/><E123/><V44/><F44/><W79/><G79/><T26/><D26/><U125/><E125/><V33/><F33/><W124/><G124/><T40/><D40/><U32/><E32/><V13/><F28/><W23/><G66/><T112/><D112/><U80/><E80/><V1/><F1/><W8/><G65/><T105/><D105/><U97/><E61/><AGARI ba="2,3" hai="18,22,27,49,50,52,56,61" m="38922,47311" machi="61" ten="30,2000,0" yaku="8,1,54,1" doraHai="117" who="0" fromWho="1" sc="230,56,211,-26,269,0,260,0" /><INIT seed="2,0,0,2,1,85" ten="286,185,269,260" oya="2" hai0="134,133,29,18,2,53,131,23,0,5,78,107,17" hai1="117,126,74,48,72,76,3,101,4,24,33,57,125" hai2="51,70,106,110,92,121,90,6,88,99,103,123,75" hai3="105,63,49,109,108,83,16,81,47,35,38,80,30"/><V44/><F70/><W37/><G105/><T8/><D107/><U21/><E33/><V12/><F75/><W122/><G122/><T59/><D78/><U113/><E117/><V58/><F110/><N who="3" m="42603" /><G30/><T69/><D69/><U40/><E113/><V15/><F58/><W124/><G35/><T96/><D131/><U14/><E101/><V9/><F15/><W86/><G63/><T64/><D64/><U89/><E3/><V55/><REACH who="2" step="1"/><F90/><REACH who="2" ten="286,185,259,260" step="2"/><W68/><G68/><T116/><D0/><U84/><E57/><V66/><F66/><W32/><G124/><T94/><D116/><U41/><E126/><V46/><F46/><W62/><G62/><T100/><D133/><U7/><E125/><V98/><AGARI ba="0,1" hai="6,9,12,44,51,55,88,92,98,99,103,106,121,123" machi="98" ten="20,12000,1" yaku="1,1,0,1,7,1,52,1,54,1,53,0" doraHai="85" doraHaiUra="22" who="2" fromWho="2" sc="286,-40,185,-40,259,130,260,-40" /><INIT seed="2,1,0,2,1,133" ten="246,145,389,220" oya="2" hai0="77,30,25,87,107,73,76,108,134,44,131,125,59" hai1="105,46,98,66,135,50,72,9,4,0,130,34,85" hai2="52,96,26,68,58,78,110,3,28,97,111,84,117" hai3="16,83,47,42,127,65,1,15,45,70,8,90,60"/><V69/><F117/><W112/><G112/><T61/><D107/><U86/><E72/><V22/><F3/><W24/><G1/><T89/><D73/><U126/><E34/><V57/><F57/><W19/><G127/><T92/><D125/><U41/><E135/><V95/><F78/><W114/><G114/><T5/><D134/><U38/><E130/><V55/><F84/><W132/><G132/><T71/><D71/><N who="2" m="27210" /><F58/><W49/><G47/><T7/><D108/><N who="2" m="41514" /><F97/><W27/><G19/><T122/><D77/><U128/><E128/><V79/><F79/><W67/><G65/><T17/><D76/><U106/><E66/><V80/><F80/><W64/><G64/><T119/><D119/><U21/><E126/><V75/><F75/><W43/><G83/><T118/><D59/><U36/><E106/><V120/><F120/><W40/><REACH who="3" step="1"/><G90/><AGARI ba="1,0" hai="22,26,28,52,55,90,95,96" m="41514,27210" machi="90" ten="30,5800,0" yaku="14,1,10,1,54,1" doraHai="133" who="2" fromWho="3" sc="246,0,145,0,389,61,220,-61" /><INIT seed="2,2,0,3,4,0" ten="246,145,450,159" oya="2" hai0="84,116,98,31,78,49,15,74,95,4,123,104,79" hai1="76,81,126,97,88,129,42,7,65,51,57,10,85" hai2="27,80,82,114,96,112,53,133,3,44,66,70,69" hai3="72,29,94,68,20,6,62,38,33,12,125,48,127"/><V40/><F133/><W17/><G38/><T59/><D123/><U124/><E129/><V14/><F3/><W30/><G72/><T111/><D74/><U1/><E65/><V87/><F53/><W11/><G48/><T110/><D104/><U73/><E97/><V5/><F27/><N who="3" m="18655" /><G68/><T132/><D132/><U23/><E23/><V9/><F96/><W22/><G62/><T131/><D131/><U58/><E42/><V135/><F135/><W103/><G94/><T50/><D31/><U91/><E91/><V25/><F80/><W134/><G103/><N who="0" m="60895" /><D116/><U109/><E109/><N who="0" m="41481" /><D59/><U107/><E107/><V130/><F130/><W118/><G118/><T90/><D50/><U93/><REACH who="1" step="1"/><E51/><REACH who="1" ten="246,135,450,159" step="2"/><V46/><F40/><W26/><G134/><T61/><D49/><U77/><E77/><V24/><F66/><W55/><G55/><T102/><D90/><U128/><E128/><V120/><F120/><W34/><G34/><T117/><D79/><U54/><E54/><V89/><F89/><W28/><G28/><T113/><D78/><U86/><E86/><V39/><F87/><W92/><G92/><T18/><D84/><U122/><E122/><V35/><F35/><W115/><G115/><T99/><D113/><U100/><E100/><V37/><F112/><W16/><G29/><T105/><D102/><U67/><E67/><V21/><F114/><W43/><G43/><T52/><D105/><U8/><E8/><V75/><F9/><W83/><G83/><T19/><D99/><U101/><E101/><V106/><F82/><W13/><AGARI ba="2,1" hai="6,11,12,13,16,17,20,22,26,125,127" m="18655" machi="13" ten="30,7900,0" yaku="34,2,52,1,54,1" doraHai="0" who="3" fromWho="3" sc="246,-22,135,-22,450,-41,159,95" /><INIT seed="3,0,0,5,2,97" ten="224,113,409,254" oya="3" hai0="115,108,71,94,39,58,40,91,135,56,18,1,19" hai1="57,131,22,0,80,122,61,100,23,111,21,52,72" hai2="45,86,89,62,25,84,44,65,43,95,36,17,109" hai3="13,9,14,74,5,93,83,26,76,92,10,46,90"/><W24/><G92/><T48/><D71/><U70/><E0/><V106/><F106/><W126/><G126/><T38/><D1/><U118/><E118/><V49/><F109/><W15/><G46/><T81/><D108/><U110/><E122/><V59/><F25/><W66/><G66/><T55/><D135/><U129/><E70/><V113/><F113/><W85/><REACH who="3" step="1"/><G15/><REACH who="3" ten="224,113,409,244" step="2"/><T28/><D94/><U7/><E111/><V6/><F45/><W20/><G20/><T77/><D115/><U51/><E110/><V120/><F95/><W41/><G41/><T87/><D40/><U69/><E7/><AGARI ba="0,1" hai="5,7,9,10,13,14,24,26,74,76,83,85,90,93" machi="7" ten="30,5800,0" yaku="1,1,7,1,9,1,53,0" doraHai="97" doraHaiUra="42" who="3" fromWho="1" sc="224,0,113,-58,409,0,244,68" /><INIT seed="3,1,0,0,3,135" ten="224,55,409,312" oya="3" hai0="33,71,81,85,112,99,69,3,22,20,77,124,6" hai1="21,61,75,101,82,50,102,18,2,123,34,1,30" hai2="84,89,93,109,133,92,52,130,59,53,57,131,96" hai3="100,113,63,76,73,110,118,41,120,4,119,11,62"/><W19/><G113/><T116/><D116/><U125/><E50/><V97/><F133/><W106/><G120/><T88/><D33/><U51/><E51/><V14/><F14/><W114/><G114/><T5/><D112/><U32/><E61/><V87/><F89/><W40/><G100/><T70/><D3/><U45/><E45/><V8/><F8/><W12/><G106/><T111/><D111/><AGARI ba="1,0" hai="52,53,57,59,84,87,92,93,96,97,109,111,130,131" machi="111" ten="25,3200,0" yaku="22,2,54,1" doraHai="135" who="2" fromWho="0" sc="224,-35,55,0,409,35,312,0" owari="189,-21.1,55,-44.5,444,54.4,312,11.2" /></mjloggm>