<mjloggm ver="2.3"><GO type="225" lobby="0"/><UN n0="%E3%83%94%E3%82%B3%E3%83%9E%E3%82%B9%E3%83%86%E3%82%A3%E3%83%95" n1="%E3%83%B4%E3%83%A0%EF%BC%99%E3%81%A6" n2="%E3%81%99%E3%81%84%E3%81%BE%E3%81%9B%E3%83%BC%E3%82%93" n3="%E6%80%AA%E3%81%97%E3%81%99%E3%81%8E%E3%82%8B%E3%83%81%E3%83%BC" dan="17,17,16,16" rate="2157.13,2199.34,2110.19,2123.48" sx="M,M,M,M"/><TAIKYOKU oya="0"/><INIT seed="0,0,0,0,3,66" ten="250,250,250,250" oya="0" hai0="113,87,119,120,117,54,122,110,114,126,105,22,89" hai1="53,59,98,134,103,80,121,85,71,10,52,14,58" hai2="46,73,64,130,92,50,115,1,17,30,72,25,123" hai3="83,77,40,9,76,29,7,78,28,11,41,57,74"/><T45/><D22/><U99/><E134/><V116/><F123/><N who="0" m="47146" /><D45/><U12/><E121/><V104/><F104/><W86/><G74/><T15/><D54/><U34/><E34/><V0/><F115/><N who="0" m="44042" /><D15/><U39/><E39/><V109/><F109/><W3/><G57/><T133/><D105/><U16/><E71/><V33/><F116/><N who="0" m="44618" /><D133/><U84/><E14/><V67/><F67/><W65/><G65/><T51/><D51/><N who="1" m="31039" /><E103/><V42/><F64/><W60/><G60/><T100/><D100/><U44/><E44/><V49/><F46/><W4/><G3/><T97/><D97/><U128/><E128/><V125/><F130/><W36/><G36/><T131/><D131/><U127/><E98/><V27/><F0/><W95/><G9/><T129/><D129/><U101/><E99/><V6/><F1/><W2/><G11/><T43/><D43/><U108/><E101/><V37/><F42/><W81/><G2/><T8/><D8/><U48/><E10/><V79/><F37/><W55/><G55/><T118/><N who="0" m="44626" /><T82/><DORA hai="24" /><D126/><U132/><E127/><V111/><F125/><W5/><G40/><T102/><D102/><U107/><E107/><V112/><F112/><W68/><G41/><T19/><D19/><U96/><E96/><V35/><F35/><W70/><G29/><T135/><D135/><U61/><E132/><V75/><F30/><W124/><G28/><T13/><D13/><U18/><E12/><V20/><F33/><W106/><G124/><T47/><D47/><U23/><E18/><V56/><F17/><W93/><G106/><RYUUKYOKU ba="0,0" sc="250,30,250,-10,250,-10,250,-10" hai0="82,87,89,110" /><INIT seed="0,1,0,2,3,47" ten="280,240,240,240" oya="0" hai0="50,52,88,57,25,124,114,49,129,98,95,109,38" hai1="121,128,35,90,31,78,72,89,106,30,45,5,132" hai2="16,112,65,86,55,93,122,17,58,110,53,41,39" hai3="46,102,73,14,15,64,127,117,24,21,113,18,22"/><T54/><D114/><U2/><E121/><V83/><F122/><W29/><G73/><T87/><D38/><U6/><E106/><V12/><F112/><W4/><G113/><T61/><D129/><U51/><E128/><V107/><F107/><W71/><G117/><T23/><D124/><U43/><E132/><V80/><F110/><W44/><G127/><T123/><D123/><U116/><E116/><V77/><F41/><W100/><G64/><T32/><D109/><U9/><E6/><V111/><F39/><W97/><G71/><T3/><D3/><U133/><E133/><V84/><F93/><N who="3" m="58415" /><G102/><N who="0" m="60767" /><D32/><U70/><E70/><V1/><F1/><W82/><G82/><N who="0" m="49271" /><D54/><U69/><E69/><V120/><F120/><W33/><G33/><T105/><D105/><U48/><E72/><V34/><F34/><W108/><G108/><T7/><D7/><U27/><E78/><V40/><F111/><W74/><G74/><T66/><D66/><U76/><E76/><N who="2" m="46087" /><F40/><W131/><G131/><T135/><D135/><U79/><E79/><V96/><F96/><W103/><G103/><T36/><D36/><U11/><E90/><V85/><F86/><W68/><G68/><T28/><AGARI ba="1,0" hai="23,25,28,49,50,52,57,61" m="49271,60767" machi="28" ten="30,12000,1" yaku="8,1,52,2,54,2" doraHai="47" who="0" fromWho="0" sc="280,123,240,-41,240,-41,240,-41" /><INIT seed="0,2,0,1,3,96" ten="403,199,199,199" oya="0" hai0="40,98,94,25,34,121,107,125,103,30,63,129,78" hai1="41,61,62,91,101,95,93,43,32,87,76,42,56" hai2="57,14,124,120,77,127,33,68,4,85,49,102,11" hai3="90,72,55,0,38,1,113,126,18,92,67,119,64"/><T110/><D121/><U97/><E32/><V131/><F120/><W84/><G113/><T58/><D125/><N who="2" m="48202" /><F68/><W114/><G126/><T70/><D129/><U23/><E76/><V54/><F33/><W10/><G114/><T117/><D117/><U19/><REACH who="1" step="1"/><E56/><REACH who="1" ten="403,189,199,199" step="2"/><V24/><F131/><W66/><G119/><T15/><D78/><U115/><E115/><V17/><F77/><W13/><G72/><T133/><D133/><U29/><E29/><V46/><F57/><W59/><REACH who="3" step="1"/><G38/><REACH who="3" ten="403,189,199,189" step="2"/><T21/><D34/><U3/><E3/><V104/><F46/><W44/><G44/><T82/><D70/><U5/><E5/><V53/><F4/><W88/><G88/><T36/><D36/><U37/><E37/><V47/><F47/><W60/><AGARI ba="2,2" hai="0,1,10,13,18,55,59,60,64,66,67,84,90,92" machi="60" ten="30,2000,0" yaku="1,1,0,1,53,0" doraHai="96" doraHaiUra="75" who="3" fromWho="3" sc="403,-12,189,-7,199,-7,189,46" /><INIT seed="1,0,0,4,2,130" ten="391,182,192,235" oya="1" hai0="2,105,38,106,55,15,74,18,127,8,9,79,95" hai1="117,56,50,119,110,44,71,120,14,99,6,16,43" hai2="30,20,62,91,63,75,17,53,87,115,86,124,1" hai3="122,0,116,25,13,80,113,26,65,24,92,67,69"/><U118/><E71/><V104/><F124/><W47/><G0/><T133/><D38/><U109/><E120/><V66/><F1/><W85/><G113/><T82/><D127/><U97/><E6/><V94/><F115/><W37/><G122/><T93/><D133/><U76/><E56/><V121/><F75/><W19/><G92/><T58/><D95/><U41/><E76/><V40/><F40/><W51/><G37/><T100/><D93/><U46/><E46/><V21/><F104/><W36/><G36/><T60/><D100/><U22/><REACH who="1" step="1"/><E41/><REACH who="1" ten="391,172,192,235" step="2"/><V28/><F121/><W112/><G69/><T73/><D73/><U29/><E29/><V107/><F30/><W45/><G112/><T78/><D78/><U5/><E5/><V49/><F28/><W32/><G45/><T70/><D70/><U57/><E57/><V88/><F17/><W27/><G32/><T34/><D34/><U42/><E42/><V12/><F63/><W72/><G72/><T7/><AGARI ba="0,1" hai="2,7,8,9,15,18,55,58,60,74,79,82,105,106" machi="7" ten="30,1100,0" yaku="0,1" doraHai="130" who="0" fromWho="0" sc="391,21,172,-5,192,-3,235,-3" /><INIT seed="2,0,0,3,0,63" ten="412,167,189,232" oya="2" hai0="69,134,9,42,50,23,105,39,103,49,35,55,112" hai1="107,36,88,127,114,99,90,118,52,130,106,74,64" hai2="61,76,22,46,133,126,135,54,19,34,16,120,4" hai3="28,12,5,97,62,98,10,26,1,32,85,78,0"/><V48/><F120/><W11/><G62/><T124/><D35/><U128/><E114/><V14/><F34/><W131/><G131/><N who="1" m="50218" /><E118/><V31/><F126/><W68/><G68/><T8/><D9/><U66/><E127/><V6/><F31/><W29/><G29/><T53/><D42/><U96/><E36/><V73/><F76/><W113/><G113/><T75/><D103/><N who="1" m="62823" /><E74/><V119/><F73/><W13/><G85/><T101/><D55/><U94/><E107/><V83/><F83/><W56/><G78/><T57/><D57/><U70/><E70/><V81/><F81/><W79/><G56/><T121/><D23/><U123/><E123/><V72/><F72/><W47/><G47/><T77/><D50/><U91/><E52/><N who="2" m="29719" /><F119/><W33/><G79/><T116/><D77/><U2/><E2/><V110/><F110/><W30/><G26/><T45/><D69/><U38/><E38/><V82/><F82/><W71/><G71/><T122/><D75/><U102/><AGARI ba="0,0" hai="64,66,88,90,91,94,99,102" m="62823,50218" machi="102" ten="30,7900,0" yaku="19,1,52,2,54,1" doraHai="63" who="1" fromWho="1" sc="412,-20,167,79,189,-39,232,-20" /><INIT seed="3,0,0,1,2,9" ten="392,246,150,212" oya="3" hai0="132,73,66,31,81,48,41,29,55,56,65,33,54" hai1="1,23,99,32,38,2,88,10,117,37,110,62,5" hai2="35,52,109,82,80,101,107,59,46,75,34,47,135" hai3="4,53,16,131,40,87,61,20,97,115,102,67,22"/><W89/><G131/><T19/><D41/><U26/><E32/><V17/><F75/><W78/><G115/><T123/><D123/><U104/><E1/><V92/><F107/><W72/><G4/><T120/><D120/><U126/><E110/><V79/><F109/><W86/><G40/><T58/><D132/><U105/><E105/><V95/><F135/><W25/><G72/><T76/><D19/><U111/><E111/><V63/><F35/><W93/><G78/><T124/><D124/><U28/><E126/><V68/><F34/><W103/><G22/><T128/><D128/><U70/><E117/><V100/><F68/><W74/><G74/><T36/><D36/><U119/><E119/><V112/><F112/><W114/><G114/><T7/><D7/><U27/><E27/><V113/><F113/><W44/><G67/><T69/><D33/><U42/><E42/><V121/><F121/><W84/><REACH who="3" step="1"/><G44/><REACH who="3" ten="392,246,150,202" step="2"/><T85/><D73/><U106/><E5/><V94/><F79/><W108/><G108/><T8/><D8/><U133/><E23/><V91/><F17/><W15/><G15/><T71/><D71/><U64/><E70/><V6/><F6/><W134/><G134/><T118/><D118/><U116/><E116/><V11/><F11/><W30/><G30/><N who="0" m="11275" /><D69/><U49/><E64/><N who="0" m="24681" /><D55/><U130/><E130/><V127/><F127/><W24/><G24/><T83/><D54/><U12/><E133/><V96/><F46/><W39/><G39/><T45/><D45/><U21/><E28/><V0/><F47/><W60/><G60/><T125/><D125/><RYUUKYOKU ba="0,1" sc="392,-10,246,-10,150,-10,202,30" hai3="16,20,25,53,61,84,86,87,89,93,97,102,103" /><INIT seed="3,1,1,3,0,134" ten="382,236,140,232" oya="3" hai0="105,61,33,121,50,18,43,6,109,8,107,128,21" hai1="81,26,65,89,112,113,95,67,41,15,114,59,24" hai2="100,97,17,0,103,36,124,118,49,75,104,9,7" hai3="77,94,108,129,48,66,35,78,46,39,84,14,23"/><W29/><G129/><T11/><D33/><U74/><E41/><V22/><F118/><W70/><G39/><T45/><D121/><U83/><E15/><V106/><F36/><W12/><G35/><T53/><D109/><U40/><E40/><V37/><F37/><W58/><G70/><T44/><D128/><U79/><E83/><V126/><F75/><W80/><G94/><T34/><D34/><U69/><E69/><V93/><F49/><W3/><G3/><T82/><D82/><U28/><E59/><V123/><F123/><W132/><G78/><T25/><D11/><U20/><E24/><V110/><F110/><W133/><G108/><T64/><D45/><U119/><E119/><V125/><F103/><W63/><G132/><T91/><D91/><U30/><E28/><V55/><F55/><N who="3" m="30103" /><G133/><T92/><D43/><U72/><E72/><V86/><F86/><W131/><G131/><T115/><D92/><U52/><E52/><V73/><F73/><W127/><G127/><T117/><D115/><U2/><E112/><V101/><F101/><W76/><G76/><T31/><D31/><U96/><E114/><V10/><F10/><W5/><G5/><T47/><D47/><U4/><E113/><V135/><F135/><W88/><G77/><T54/><D54/><U27/><E4/><V122/><F122/><W116/><G116/><T56/><D117/><U102/><E74/><V13/><AGARI ba="1,1" hai="0,7,9,13,17,22,93,97,100,104,106,124,125,126" machi="13" ten="30,8000,1" yaku="0,1,18,1,52,3" doraHai="134" who="2" fromWho="2" sc="382,-21,236,-21,140,93,232,-41" owari="361,46.1,215,-18.5,233,3.3,191,-30.9" /></mjloggm>