<mjloggm ver="2.3"><GO type="225" lobby="0"/><UN n0="%61%69%73%79%6F" n1="%E3%81%9F%E3%81%8C%E3%82%84%E3%81%99" n2="%E3%81%86%E3%82%8C%E3%81%9F%E3%82%93%E6%9E%95" n3="%33%74%72%65%65" dan="17,16,16,17" rate="2160.76,2111.72,2114.89,2146.89" sx="M,M,F,F"/><TAIKYOKU oya="0"/><INIT seed="0,0,0,1,1,43" ten="250,250,250,250" oya="0" hai0="126,70,125,92,35,86,34,48,14,111,45,96,78" hai1="24,42,44,16,133,81,117,38,84,123,22,33,134" hai2="65,77,124,108,104,0,8,28,135,97,18,50,15" hai3="99,130,75,12,46,113,53,90,63,115,110,91,55"/><T72/><D70/><U102/><E102/><V83/><F108/><W98/><G75/><T9/><D72/><U25/><E123/><V52/><F135/><N who="1" m="51721" /><E117/><V122/><F124/><N who="0" m="47722" /><D111/><U6/><E6/><V40/><F0/><W27/><G110/><T114/><D114/><U129/><E129/><V87/><F122/><W49/><G130/><T89/><D78/><N who="1" m="46135" /><E33/><V7/><F28/><W23/><G12/><AGARI ba="0,0" hai="12,16,22,24,25,38,42,44" m="46135,51721" machi="12" ten="30,3900,0" yaku="20,1,52,1,54,1" doraHai="43" who="1" fromWho="3" sc="250,0,250,39,250,0,250,-39" /><INIT seed="1,0,0,1,3,30" ten="250,289,250,211" oya="1" hai0="54,48,91,92,128,39,134,133,83,70,75,82,73" hai1="67,16,117,94,111,120,114,108,115,47,129,8,122" hai2="10,43,50,96,116,74,79,40,13,99,31,112,53" hai3="3,63,6,32,126,11,127,100,57,107,132,76,125"/><U19/><E67/><V1/><F116/><W20/><G132/><N who="0" m="50795" /><D70/><U102/><E47/><V62/><F1/><W88/><G76/><T105/><D39/><U9/><E94/><V123/><F123/><W124/><N who="3" m="31744" /><DORA hai="103" /><W21/><G32/><T56/><D128/><U25/><E102/><V35/><F112/><W51/><G51/><T14/><D14/><U33/><E129/><V64/><F31/><W18/><G88/><T109/><D109/><N who="1" m="42059" /><E33/><V80/><F35/><W93/><G93/><T5/><D105/><U7/><E117/><V59/><F40/><W26/><G21/><T84/><D5/><U24/><E19/><V38/><F43/><W119/><G119/><T12/><D12/><N who="1" m="7175" /><E24/><V23/><F23/><W104/><G100/><T4/><D4/><U45/><E45/><V0/><F38/><W101/><G101/><T68/><D68/><U106/><E106/><V37/><F37/><W130/><G130/><T71/><D71/><U66/><E66/><AGARI ba="0,0" hai="3,6,11,18,20,26,57,63,66,104,107" m="31744" machi="66" ten="70,8000,1" yaku="18,1,52,2" doraHai="30,103" who="3" fromWho="1" sc="250,0,289,-80,250,0,211,80" /><INIT seed="2,0,0,0,3,93" ten="250,209,250,291" oya="2" hai0="92,133,100,86,61,33,59,45,40,48,67,75,37" hai1="60,58,65,31,50,13,2,7,114,84,12,57,129" hai2="126,14,120,80,118,19,87,72,46,20,42,106,47" hai3="97,27,3,85,91,96,113,44,11,82,81,111,30"/><V90/><F118/><W76/><G111/><T16/><D133/><U71/><E2/><V69/><F120/><W89/><G113/><T34/><D75/><U22/><E114/><V66/><F126/><W122/><G122/><T115/><D115/><U98/><E129/><V28/><F106/><W79/><G44/><T134/><D134/><U10/><E84/><V131/><F131/><W70/><G70/><T125/><D125/><U0/><E71/><V21/><F72/><W123/><G123/><T8/><D37/><U77/><E77/><N who="3" m="29770" /><G3/><T107/><D107/><U73/><E73/><V23/><F28/><W62/><G62/><T38/><D38/><U25/><E57/><V127/><F127/><W32/><G32/><T63/><D63/><U4/><E50/><V1/><F1/><W18/><G30/><T103/><D34/><U74/><E74/><V78/><F66/><W102/><G102/><T132/><D33/><U95/><REACH who="1" step="1"/><E7/><REACH who="1" ten="250,199,250,291" step="2"/><V54/><F69/><W105/><G85/><T83/><D132/><U121/><E121/><V116/><F78/><W5/><G5/><T130/><D130/><U55/><E55/><V17/><F54/><W52/><G52/><T43/><D43/><U101/><AGARI ba="0,1" hai="0,4,10,12,13,22,25,31,58,60,65,95,98,101" machi="101" ten="20,12000,2" yaku="1,1,0,1,7,1,25,2,52,1,53,0" doraHai="93" doraHaiUra="124" who="1" fromWho="1" sc="250,-30,199,130,250,-60,291,-30" /><INIT seed="3,0,0,5,2,56" ten="220,329,190,261" oya="3" hai0="61,127,76,86,85,1,50,124,131,31,67,74,21" hai1="79,87,73,60,12,41,63,47,71,82,18,38,95" hai2="44,108,30,112,110,33,27,128,70,5,65,98,14" hai3="132,28,68,54,121,122,133,36,4,26,23,58,113"/><W135/><G113/><T115/><D1/><U40/><E71/><V43/><F112/><W88/><G36/><T91/><D115/><U9/><E41/><V100/><F128/><W69/><G4/><T32/><D131/><U57/><E57/><V15/><F70/><W29/><G68/><N who="0" m="42095" /><D74/><U35/><E35/><V118/><F65/><W66/><G29/><T13/><D76/><U90/><AGARI ba="0,0" hai="9,12,18,38,40,47,60,63,73,79,82,87,90,95" machi="90" ten="30,4000,0" yaku="0,1,52,2" doraHai="56" who="1" fromWho="1" sc="220,-10,329,40,190,-10,261,-20" owari="210,-19.0,369,46.9,180,-32.0,241,4.1" /></mjloggm>