<mjloggm ver="2.3"><GO type="225" lobby="0"/><UN n0="%E3%81%95%E3%81%8D%E3%81%9F%E3%81%BE%E6%9E%97%E6%AA%8E" n1="%E3%82%89%E3%81%84%E3%81%B5%E3%81%8C%E3%83%BC%E3%81%A9%E3%81%99%E3%81%8D" n2="%E8%BE%9B%E5%8F%A3%E3%82%AB%E3%83%AC%E3%83%BC%E3%83%A9%E3%82%A4%E3%82%B9" n3="%E3%80%90%E3%83%88%E3%83%AA%E3%83%A5%E3%83%95%E3%80%91" dan="16,17,17,16" rate="2092.48,2153.79,2231.58,2064.05" sx="M,M,M,M"/><TAIKYOKU oya="0"/><INIT seed="0,0,0,0,3,13" ten="250,250,250,250" oya="0" hai0="82,29,94,16,43,9,124,102,34,24,39,49,127" hai1="113,88,11,67,30,60,35,6,131,17,110,107,93" hai2="8,40,87,123,75,79,134,2,104,90,10,64,100" hai3="28,115,37,50,71,14,5,66,96,19,99,57,48"/><T129/><D39/><U119/><E119/><V25/><F123/><W106/><G37/><T55/><D43/><U105/><E110/><V116/><F40/><W47/><G115/><T69/><D69/><U7/><E113/><V44/><F44/><W21/><G106/><T63/><D63/><U0/><E131/><V98/><F134/><W78/><G78/><T45/><D129/><U58/><E7/><V3/><F64/><W36/><G36/><T121/><D121/><U80/><E80/><N who="2" m="45183" /><F25/><N who="3" m="16431" /><G5/><T109/><D109/><U112/><E112/><V54/><F54/><N who="3" m="31943" /><G66/><T1/><D82/><U68/><E68/><V23/><F23/><N who="3" m="11767" /><G71/><T32/><D32/><U72/><E72/><V38/><F38/><W26/><G26/><T103/><D1/><N who="2" m="10" /><F116/><W41/><AGARI ba="0,0" hai="41,47,50,96,99" m="11767,31943,16431" machi="41" ten="30,2000,0" yaku="8,1,52,1" doraHai="13" who="3" fromWho="3" sc="250,-10,250,-5,250,-5,250,20" /><INIT seed="1,0,0,1,4,13" ten="240,245,245,270" oya="1" hai0="4,93,82,132,99,128,100,17,72,85,133,92,131" hai1="35,84,44,28,65,39,24,53,89,31,117,0,47" hai2="74,125,33,108,130,107,104,15,5,91,7,37,116" hai3="9,23,54,6,12,101,49,83,56,129,32,58,110"/><U29/><E117/><V68/><RYUUKYOKU type="yao9" ba="0,0" sc="240,0,245,0,245,0,270,0" hai2="5,7,15,33,37,68,74,91,104,107,108,116,125,130" /><INIT seed="1,1,0,4,1,38" ten="240,245,245,270" oya="1" hai0="123,114,10,132,45,2,39,87,79,52,54,37,35" hai1="101,93,105,122,67,113,4,107,27,72,24,19,76" hai2="20,29,70,80,1,108,55,59,53,82,92,15,56" hai3="98,21,46,50,25,131,126,94,103,48,22,44,78"/><U109/><E113/><V74/><F70/><W99/><G131/><T110/><D114/><U16/><E122/><V102/><F1/><W8/><G126/><T91/><D123/><U41/><E4/><V18/><F74/><W63/><G63/><T130/><D35/><U43/><E67/><V17/><F29/><N who="3" m="17583" /><G78/><T85/><D130/><U133/><E133/><V128/><F108/><W120/><G120/><T42/><D39/><U49/><E109/><V69/><F69/><W3/><G3/><T135/><D110/><U13/><E107/><V75/><F75/><W58/><G22/><T14/><D2/><U104/><E105/><V86/><F128/><W117/><G99/><T116/><D116/><U106/><E104/><V127/><F127/><W47/><G117/><T71/><D71/><U5/><E76/><V23/><F86/><N who="0" m="32778" /><D91/><U40/><E106/><V33/><F33/><W6/><G58/><T32/><D79/><U111/><E72/><V124/><F124/><W112/><G112/><T121/><D32/><U129/><E129/><V96/><F59/><W90/><G90/><T125/><D125/><U77/><E77/><V0/><F0/><W64/><G64/><T65/><D65/><U84/><E111/><V95/><F95/><W51/><G6/><N who="0" m="3415" /><D121/><U88/><E101/><V61/><F82/><W68/><G68/><T73/><D73/><U36/><E36/><V97/><F80/><W66/><G66/><T28/><D28/><U81/><E81/><V134/><F102/><W119/><G119/><T31/><D31/><U83/><E83/><V62/><F97/><RYUUKYOKU ba="1,0" sc="240,15,245,-15,245,-15,270,15" hai0="37,42,45,52,54,132,135" hai3="8,44,46,47,48,50,51,94,98,103" /><INIT seed="2,2,0,0,0,117" ten="255,230,230,285" oya="2" hai0="93,83,47,32,6,33,71,52,65,119,129,1,18" hai1="12,2,28,54,26,31,99,8,87,98,132,13,59" hai2="116,44,77,79,78,64,106,46,107,23,3,118,88" hai3="7,80,61,56,81,48,66,76,122,41,105,58,94"/><V102/><F3/><W9/><G105/><T84/><D129/><U34/><E132/><V0/><F0/><W10/><G94/><T110/><D110/><U42/><E2/><V82/><F64/><W104/><G104/><N who="2" m="39977" /><F23/><W134/><G134/><T125/><D125/><U30/><E42/><V108/><F44/><W57/><G122/><T95/><D119/><N who="2" m="45610" /><F46/><N who="3" m="25679" /><G76/><N who="2" m="29289" /><F102/><W55/><G58/><T126/><D65/><U135/><E135/><V73/><F108/><W111/><G111/><T19/><D71/><U24/><E34/><V100/><F100/><W103/><G103/><T37/><D33/><U14/><E8/><N who="3" m="3178" /><G7/><T124/><D32/><U50/><E87/><N who="2" m="50295" /><F79/><W96/><G96/><AGARI ba="2,0" hai="12,13,14,24,26,28,30,31,50,54,59,96,98,99" machi="96" ten="40,1300,0" yaku="8,1" doraHai="117" who="1" fromWho="3" sc="255,0,230,19,230,0,285,-19" /><INIT seed="3,0,0,3,3,34" ten="255,249,230,266" oya="3" hai0="30,57,126,89,12,4,54,27,50,47,71,60,102" hai1="121,76,98,35,46,127,115,83,2,74,133,128,55" hai2="84,80,101,33,75,131,129,130,10,124,116,37,56" hai3="15,97,7,103,18,43,81,44,19,120,42,73,65"/><W69/><G120/><T41/><D126/><U0/><E121/><V119/><F124/><W59/><G69/><T1/><D1/><N who="1" m="619" /><E127/><V96/><F33/><W94/><G73/><T123/><D123/><U68/><E115/><V63/><F37/><W58/><G81/><T135/><D135/><U105/><E55/><V53/><F10/><N who="3" m="4575" /><G44/><T113/><D113/><U39/><E133/><V95/><REACH who="2" step="1"/><F75/><REACH who="2" ten="255,249,220,266" step="2"/><W3/><G3/><T85/><D71/><U122/><E68/><V9/><F9/><W61/><G59/><T29/><D57/><U38/><E122/><V26/><F26/><W110/><G110/><T24/><D27/><U100/><E128/><V93/><F93/><W51/><G51/><T90/><D24/><U108/><E108/><V118/><F118/><W32/><G32/><T40/><D50/><U87/><E35/><V132/><F132/><W72/><G72/><T77/><D60/><U125/><E125/><V11/><F11/><W31/><G31/><T82/><D30/><U13/><E38/><V78/><AGARI ba="0,1" hai="53,56,63,78,80,84,95,96,101,116,119,129,130,131" machi="78" ten="30,4000,0" yaku="1,1,0,1,19,1,53,0" doraHai="34" doraHaiUra="134" who="2" fromWho="2" sc="255,-10,249,-10,220,50,266,-20" /><INIT seed="4,0,0,3,3,111" ten="245,239,270,246" oya="0" hai0="101,129,74,18,13,70,50,77,39,62,25,23,56" hai1="67,54,94,34,20,63,14,73,1,40,17,132,95" hai2="110,126,22,61,51,93,30,118,121,92,42,46,8" hai3="47,3,103,75,44,113,116,76,10,84,82,108,31"/><T134/><D39/><U4/><E73/><V19/><F110/><W104/><G108/><T65/><D134/><U2/><E132/><V55/><F121/><W33/><G116/><T78/><D129/><U125/><E34/><V89/><F126/><W100/><G47/><T59/><D74/><U90/><E125/><V131/><F131/><W114/><G44/><T86/><D101/><U119/><E119/><V91/><F118/><W80/><G31/><N who="0" m="17855" /><D70/><U107/><E107/><V15/><F93/><W45/><G45/><T127/><D127/><U58/><E40/><V87/><F91/><W0/><G33/><T124/><D124/><U16/><E95/><V115/><F115/><N who="3" m="44043" /><G104/><T109/><D109/><U135/><E135/><V49/><F61/><W64/><G64/><T106/><D106/><U96/><E4/><V7/><F30/><W53/><G53/><N who="0" m="31799" /><D86/><U12/><E67/><V88/><F87/><W97/><G97/><T122/><D122/><U52/><E54/><V37/><F55/><W123/><G123/><T28/><D28/><U48/><E63/><V68/><F42/><W81/><G81/><T43/><D43/><U83/><E83/><V128/><F128/><W35/><G35/><T60/><D62/><U130/><E130/><V41/><F41/><W66/><G66/><T133/><D133/><U72/><E72/><V6/><F46/><W99/><G99/><T71/><D71/><U112/><E112/><V117/><F117/><W85/><G0/><T98/><D98/><U69/><E69/><V36/><F36/><W21/><G75/><T38/><D38/><RYUUKYOKU ba="0,0" sc="245,15,239,15,270,-15,246,-15" hai0="13,18,59,60,65,77,78" hai1="1,2,12,14,16,17,20,48,52,58,90,94,96" /><INIT seed="4,1,0,2,2,15" ten="260,254,255,231" oya="0" hai0="46,23,34,27,71,69,32,93,65,50,128,124,92" hai1="112,11,33,117,59,10,1,116,90,53,22,121,131" hai2="77,25,3,43,39,57,115,102,68,99,104,38,51" hai3="125,30,5,78,118,111,133,97,127,41,95,94,0"/><T12/><D128/><U17/><E121/><V24/><F68/><W31/><G111/><T2/><D2/><U14/><E33/><V20/><F3/><W130/><G118/><T67/><D124/><N who="3" m="47689" /><G41/><T70/><D12/><U13/><E131/><V36/><F115/><W45/><G130/><T122/><D122/><U6/><E112/><V120/><F120/><W66/><G66/><T123/><D123/><U18/><E90/><V107/><F77/><W9/><G45/><T105/><D105/><U55/><REACH who="1" step="1"/><E53/><REACH who="1" ten="260,244,255,231" step="2"/><V21/><F102/><N who="3" m="60727" /><G133/><T26/><D34/><U40/><E40/><V84/><F43/><W103/><G78/><T61/><D32/><U44/><E44/><V56/><F38/><W64/><G64/><T134/><D67/><U7/><E7/><V109/><F39/><W72/><G72/><T76/><D76/><U119/><E119/><V16/><F36/><W29/><G103/><T47/><D47/><U8/><E8/><V83/><F109/><W126/><N who="3" m="47697" /><W106/><DORA hai="91" /><G106/><T89/><D46/><U74/><E74/><V48/><F107/><W132/><G132/><T52/><D134/><U100/><E100/><V75/><F104/><W19/><G95/><N who="0" m="36427" /><D89/><U58/><E58/><V135/><F75/><W73/><G73/><T98/><D98/><U4/><E4/><V87/><F99/><W81/><G81/><T96/><D96/><U63/><AGARI ba="1,1" hai="1,6,10,11,13,14,17,18,22,55,59,63,116,117" machi="63" ten="20,8000,1" yaku="1,1,0,1,7,1,52,2,53,0" doraHai="15,91" doraHaiUra="80,85" who="1" fromWho="1" sc="260,-41,244,93,255,-21,231,-21" owari="219,-18.1,337,43.7,234,3.4,210,-29.0" /></mjloggm>