<mjloggm ver="2.3"><GO type="225" lobby="0"/><UN n0="%E5%86%B7%E5%87%8D%E3%82%AE%E3%83%A7%E3%83%BC%E3%82%B6" n1="%E5%AE%AE%E4%BF%9D%E9%B6%8F%E8%82%89" n2="%E5%8F%AF%E5%85%90%E9%82%A3%E7%94%B1%E5%A4%9A" n3="%E3%81%99%E3%81%84%E3%81%BE%E3%81%9B%E3%83%BC%E3%82%93" dan="16,16,16,16" rate="2118.55,2149.11,2176.46,2171.62" sx="M,M,F,M"/><TAIKYOKU oya="0"/><INIT seed="0,0,0,2,1,77" ten="250,250,250,250" oya="0" hai0="73,70,32,86,95,23,50,110,75,71,22,46,61" hai1="18,67,132,33,3,112,12,62,111,69,11,43,133" hai2="53,65,122,78,47,63,91,100,41,66,90,5,34" hai3="101,29,135,51,120,102,31,72,107,38,27,59,2"/><T44/><D32/><U126/><E111/><V92/><F122/><W8/><G38/><T42/><D110/><U28/><E126/><V127/><F127/><W1/><G120/><T89/><D46/><U105/><E112/><V121/><F121/><W57/><G72/><T123/><D123/><U68/><E68/><V48/><F34/><W64/><G64/><T109/><D109/><U36/><E3/><V21/><F100/><W76/><G76/><T83/><D95/><U15/><E105/><V26/><F78/><W4/><G135/><N who="1" m="51786" /><E43/><V80/><F5/><W19/><G19/><T97/><D97/><U20/><E36/><V131/><F131/><W128/><G128/><T17/><D23/><U82/><E33/><V118/><F118/><W9/><G107/><T115/><D115/><U35/><E35/><V45/><F80/><W93/><G4/><T39/><D39/><U98/><E98/><V85/><F91/><W30/><G93/><T124/><D124/><U113/><E113/><V6/><F6/><W79/><G1/><T55/><D70/><U56/><E69/><V52/><F47/><W99/><G2/><T14/><REACH who="0" step="1"/><D42/><REACH who="0" ten="240,250,250,250" step="2"/><U106/><E106/><V54/><REACH who="2" step="1"/><F63/><REACH who="2" ten="240,250,240,250" step="2"/><W108/><G108/><T94/><D94/><U84/><E82/><V96/><F96/><W37/><G99/><T117/><D117/><U58/><E62/><V25/><F25/><W0/><G27/><T10/><D10/><U130/><E11/><V119/><F119/><W114/><G9/><T24/><D24/><U87/><E130/><V74/><F74/><W103/><G8/><RYUUKYOKU ba="0,2" sc="240,15,250,-15,240,15,250,-15" hai0="14,17,22,44,50,55,61,71,73,75,83,86,89" hai2="21,26,41,45,48,52,53,54,65,66,85,90,92" /><INIT seed="0,1,2,3,2,85" ten="255,235,255,235" oya="0" hai0="58,54,83,110,29,91,18,53,20,37,10,7,55" hai1="61,105,119,9,77,104,48,49,113,3,88,126,5" hai2="34,93,69,134,95,38,122,130,17,66,99,0,82" hai3="70,56,72,40,86,22,23,19,47,102,92,68,125"/><T103/><D37/><U87/><E119/><V111/><F122/><W46/><G72/><T62/><D103/><U13/><E77/><V78/><F38/><W133/><G125/><T6/><D110/><U121/><E121/><V41/><F41/><W120/><G120/><T81/><D29/><U59/><E126/><V12/><F0/><W96/><G133/><T42/><D42/><U51/><E3/><V63/><F34/><W52/><G86/><N who="0" m="50639" /><D83/><U8/><E8/><V128/><F111/><W127/><G127/><T89/><D89/><U71/><E71/><V4/><F4/><N who="0" m="1578" /><D10/><U118/><E113/><V43/><F43/><W15/><G23/><T129/><D129/><N who="2" m="49770" /><F134/><W94/><G94/><T117/><D117/><U106/><E118/><V79/><F82/><W97/><G97/><T27/><AGARI ba="1,2" hai="18,20,27,53,54,55,58,62" m="1578,50639" machi="27" ten="30,3000,0" yaku="8,1,52,1" doraHai="85" who="0" fromWho="0" sc="255,53,235,-11,255,-11,235,-11" /><INIT seed="0,2,0,4,1,34" ten="308,224,244,224" oya="0" hai0="20,47,125,110,96,28,69,104,17,23,36,122,54" hai1="114,18,31,60,103,119,83,120,15,21,2,135,77" hai2="89,26,30,95,1,124,19,109,3,14,108,64,78" hai3="75,129,25,85,49,93,88,118,42,16,111,40,132"/><T128/><D122/><U33/><E120/><V10/><F78/><W99/><G118/><T90/><D128/><U71/><E119/><V79/><F79/><W32/><G75/><T106/><D125/><U43/><E2/><N who="2" m="523" /><F64/><W46/><G129/><T115/><D69/><U8/><E135/><V113/><F95/><W38/><G132/><T100/><D115/><U117/><E117/><V56/><F56/><W58/><G111/><N who="2" m="42569" /><F89/><W52/><G40/><T45/><D106/><U98/><E114/><V53/><F53/><W134/><G134/><T131/><D110/><U76/><E43/><V4/><F113/><W102/><G32/><T86/><D36/><U68/><E33/><N who="2" m="20695" /><F124/><W72/><G72/><T84/><D131/><U27/><E76/><V105/><F105/><W81/><G38/><T59/><D84/><U101/><E60/><V12/><F12/><W97/><G99/><T66/><D66/><U82/><E82/><V62/><F62/><W55/><G58/><T37/><D37/><U57/><E57/><V41/><F41/><W65/><G65/><T39/><D39/><U35/><E101/><V91/><F91/><W127/><G127/><T94/><D54/><U48/><E48/><V24/><F24/><W130/><G130/><T74/><D59/><U70/><E35/><V29/><F29/><W6/><G6/><AGARI ba="2,0" hai="4,6,10,14,19" m="20695,42569,523" machi="6" ten="30,12000,2" yaku="14,1,34,2,52,3" doraHai="34" who="2" fromWho="3" sc="308,0,224,0,244,126,224,-126" /><INIT seed="1,0,0,2,4,100" ten="308,224,370,98" oya="1" hai0="35,41,71,38,14,22,96,73,86,32,61,79,85" hai1="84,29,115,135,102,92,31,82,40,33,98,25,110" hai2="54,117,8,56,36,17,103,50,26,28,123,134,52" hai3="94,87,9,69,60,43,128,75,105,132,11,65,114"/><U121/><E115/><V104/><F117/><W72/><G114/><T83/><D38/><U124/><E121/><V130/><F123/><W53/><G128/><T5/><D41/><U122/><E122/><V76/><F36/><W2/><G132/><T12/><D96/><U49/><E135/><V78/><F134/><W45/><G53/><T18/><D35/><U7/><E124/><V101/><F130/><W106/><G94/><T42/><D42/><U77/><E110/><V27/><F54/><W133/><G87/><T51/><D32/><U20/><E7/><V0/><F0/><W113/><G113/><T15/><D51/><U93/><E33/><V112/><F112/><W1/><G11/><T4/><D4/><U68/><E68/><V39/><F39/><N who="3" m="21759" /><G133/><T55/><D5/><U19/><REACH who="1" step="1"/><E92/><REACH who="1" ten="308,214,370,98" step="2"/><V129/><F129/><W57/><G57/><T126/><D126/><U127/><E127/><V16/><F56/><W107/><G9/><T91/><D71/><U89/><E89/><V6/><F8/><W118/><G118/><T81/><D73/><AGARI ba="0,1" hai="1,2,60,65,69,72,73,75,105,106,107" m="21759" machi="73" ten="40,8000,1" yaku="33,2,52,3" doraHai="100" who="3" fromWho="0" sc="308,-80,214,0,370,0,98,90" /><INIT seed="2,0,0,4,5,4" ten="228,214,370,188" oya="2" hai0="96,106,40,42,129,39,101,22,125,68,131,70,111" hai1="23,99,25,32,123,97,47,79,122,128,63,115,20" hai2="102,24,100,133,108,67,54,27,56,91,9,132,10" hai3="64,50,13,1,116,76,109,114,38,103,46,55,14"/><V130/><F130/><N who="0" m="49674" /><D111/><U105/><E128/><V61/><F108/><W92/><G116/><T7/><D125/><U98/><E115/><V104/><F91/><W37/><G109/><T75/><D75/><U95/><E105/><V49/><F24/><W28/><G114/><T59/><D7/><U58/><E79/><V3/><F27/><W117/><G117/><T73/><D73/><U124/><E124/><V36/><F36/><W43/><G76/><T62/><D22/><U15/><E47/><V16/><F3/><W51/><G1/><T87/><D87/><U118/><E118/><V112/><F112/><W121/><G121/><N who="1" m="46090" /><E95/><V134/><F104/><W81/><G81/><T84/><D84/><U45/><E45/><N who="2" m="27951" /><F16/><W29/><G38/><T60/><D60/><U119/><E119/><V110/><F110/><W66/><G37/><T71/><D39/><U26/><E15/><N who="3" m="5642" /><G28/><T52/><AGARI ba="0,0" hai="40,42,52,59,62,68,70,71,96,101,106" m="49674" machi="52" ten="40,2700,0" yaku="19,1,54,1" doraHai="4" who="0" fromWho="0" sc="228,27,214,-7,370,-13,188,-7" /><INIT seed="3,0,0,4,3,20" ten="255,207,357,181" oya="3" hai0="106,40,76,37,88,7,94,19,49,80,134,105,71" hai1="3,107,111,87,62,64,73,22,116,15,16,102,14" hai2="32,135,28,54,12,78,66,104,93,98,67,10,43" hai3="120,55,81,108,95,101,114,84,29,132,60,115,91"/><W30/><G120/><T96/><D71/><U25/><E73/><V11/><F135/><W82/><G132/><T5/><D37/><U79/><E3/><V47/><F104/><W2/><G2/><T83/><D134/><U41/><E41/><V46/><F78/><W1/><G1/><T36/><D36/><U103/><E111/><V99/><F32/><W52/><G108/><T13/><D106/><U86/><E116/><V17/><F28/><N who="3" m="10859" /><G115/><T77/><D105/><U42/><E42/><V92/><F43/><W34/><G34/><T68/><D68/><U27/><E107/><V0/><F0/><W38/><G38/><T33/><D33/><U70/><E14/><V4/><F4/><N who="0" m="1610" /><D77/><U23/><E15/><V35/><F35/><W118/><G114/><T72/><D76/><U89/><E79/><V48/><F47/><W31/><N who="3" m="10867" /><W112/><DORA hai="59" /><G118/><T130/><D130/><U44/><E44/><V124/><F11/><W90/><G112/><T133/><D72/><U110/><E110/><V61/><F10/><W85/><G60/><T123/><D123/><U8/><E8/><V127/><F61/><W129/><G129/><T24/><D133/><U45/><E45/><V56/><F46/><W122/><G122/><T74/><D74/><U109/><E109/><V18/><F56/><W131/><G131/><T128/><D40/><U113/><E113/><V26/><F127/><W6/><G6/><T53/><D128/><U126/><E126/><V97/><F124/><W65/><G65/><T9/><D49/><U58/><E70/><V100/><F48/><RYUUKYOKU ba="0,0" sc="255,-10,207,-10,357,-10,181,30" hai3="52,55,81,82,84,85,90,91,95,101" /><INIT seed="3,1,0,5,0,2" ten="245,197,347,211" oya="3" hai0="107,56,65,129,106,59,121,82,33,70,11,102,135" hai1="17,28,44,85,113,130,97,31,60,36,116,21,40" hai2="5,20,81,30,77,46,64,50,100,49,108,87,110" hai3="10,86,99,16,101,84,53,55,15,95,123,23,22"/><W18/><G123/><T127/><D121/><U26/><E113/><V54/><F64/><W93/><G22/><T114/><D129/><U91/><E130/><V62/><F5/><W131/><G131/><T98/><D135/><U117/><E97/><V58/><F100/><W80/><G95/><T48/><D107/><U24/><E60/><V29/><F62/><W72/><G72/><T63/><D127/><U1/><E1/><V126/><F126/><W76/><REACH who="3" step="1"/><G86/><REACH who="3" ten="245,197,347,201" step="2"/><T132/><D132/><U6/><E6/><V105/><F20/><W119/><G119/><N who="1" m="45642" /><E26/><AGARI ba="1,1" hai="10,15,16,18,23,26,53,55,76,80,84,93,99,101" machi="26" ten="30,11600,0" yaku="1,1,7,1,8,1,54,1,53,0" doraHai="2" doraHaiUra="34" who="3" fromWho="1" sc="245,0,197,-119,347,0,201,129" /><INIT seed="3,2,0,1,0,46" ten="245,78,347,330" oya="3" hai0="48,85,80,4,117,22,47,116,57,39,95,60,81" hai1="40,17,34,6,61,99,43,64,84,107,119,62,5" hai2="26,63,106,51,50,7,130,102,35,37,113,16,45" hai3="24,93,10,59,94,124,0,33,76,123,125,41,104"/><W67/><G104/><T28/><D39/><U69/><E107/><V65/><F113/><W83/><G123/><T21/><D4/><U126/><E34/><V127/><F7/><N who="3" m="1383" /><G41/><T9/><D9/><U71/><E64/><V56/><F127/><N who="3" m="48715" /><G67/><T68/><D68/><U96/><E126/><V92/><F130/><W77/><G59/><T121/><D121/><U91/><E84/><V3/><F3/><W70/><G70/><T132/><D132/><U105/><E105/><V58/><F106/><W8/><G8/><T100/><D117/><U108/><E108/><V29/><F58/><W36/><G36/><T55/><D116/><U54/><E119/><V1/><F1/><W74/><G77/><T82/><D28/><AGARI ba="2,0" hai="24,28,33,74,76,83,93,94" m="48715,1383" machi="28" ten="30,1500,0" yaku="18,1" doraHai="46" who="3" fromWho="0" sc="245,-21,78,0,347,0,330,21" owari="224,-17.6,78,-42.2,347,14.7,351,45.1" /></mjloggm>