<mjloggm ver="2.3"><GO type="225" lobby="0"/><UN n0="%E3%81%A8%E3%82%93%E3%81%A8%E3%81%93%E3%81%A8%E3%82%93" n1="%E5%B7%9D%E7%80%AC%E6%99%BA%E5%AD%90" n2="%E3%81%86%E3%82%8C%E3%81%9F%E3%82%93%E6%9E%95" n3="%68%6F%72%69%30%39%30%31" dan="16,16,16,16" rate="2093.25,2082.47,2099.99,2107.52" sx="M,M,F,M"/><TAIKYOKU oya="0"/><INIT seed="0,0,0,4,5,62" ten="250,250,250,250" oya="0" hai0="56,61,113,39,68,26,83,93,132,87,119,42,112" hai1="49,131,16,66,92,45,47,72,41,57,82,9,99" hai2="104,18,128,28,108,97,24,102,79,103,55,126,70" hai3="76,95,120,43,32,40,129,75,78,77,122,58,85"/><T116/><D93/><U124/><E131/><V14/><F128/><W3/><G32/><T11/><D11/><U10/><E124/><V106/><F108/><W37/><G129/><T19/><D19/><U89/><E72/><V27/><F126/><W135/><G3/><T13/><D13/><U91/><E45/><V90/><F79/><W36/><G75/><T31/><D132/><U15/><E9/><V25/><F28/><W98/><G58/><T123/><D123/><N who="3" m="47145" /><G135/><T105/><D105/><U86/><E57/><V51/><F70/><W80/><G40/><T109/><D68/><U0/><E0/><V67/><F67/><AGARI ba="0,0" hai="10,15,16,41,47,49,66,67,82,86,89,91,92,99" machi="67" ten="40,8000,1" yaku="8,1,52,2,54,1" doraHai="62" who="1" fromWho="2" sc="250,0,250,80,250,-80,250,0" /><INIT seed="1,0,0,4,3,93" ten="250,330,170,250" oya="1" hai0="37,23,11,107,90,67,46,91,84,16,101,124,86" hai1="17,103,69,88,9,117,116,61,121,47,94,52,35" hai2="58,77,68,33,98,118,114,74,83,41,131,70,108" hai3="73,24,48,66,109,43,54,130,15,31,39,106,89"/><U38/><E121/><V79/><F118/><W59/><G73/><T18/><D124/><U6/><E35/><V132/><F131/><W82/><G106/><T126/><D126/><U32/><E32/><V4/><F33/><W19/><G130/><T14/><D67/><U92/><E17/><V81/><F108/><W99/><G109/><T115/><D115/><U102/><E69/><V36/><F132/><W72/><G72/><T120/><D120/><U57/><E92/><V13/><F114/><W29/><G66/><T80/><D37/><U85/><E38/><V3/><F13/><W5/><G5/><T63/><D63/><U65/><E47/><N who="2" m="23975" /><F98/><W30/><G39/><T56/><D46/><U12/><REACH who="1" step="1"/><E65/><REACH who="1" ten="250,320,170,250" step="2"/><V104/><F58/><W27/><G43/><T78/><D56/><U42/><E42/><V128/><F128/><W75/><G75/><T60/><D107/><U96/><E96/><V125/><F104/><W34/><G34/><T8/><D18/><U133/><E133/><V25/><F125/><W53/><G53/><T64/><D64/><U44/><E44/><V71/><F25/><W55/><G54/><T123/><D123/><U50/><E50/><V40/><F40/><W49/><G49/><T134/><D134/><U20/><E20/><V110/><F110/><W105/><G105/><T129/><D23/><U100/><AGARI ba="0,1" hai="6,9,12,52,57,61,85,88,94,100,102,103,116,117" machi="100" ten="30,11700,0" yaku="1,1,0,1,54,2,53,0" doraHai="93" doraHaiUra="122" who="1" fromWho="1" sc="250,-39,320,127,170,-39,250,-39" /><INIT seed="1,1,0,2,0,41" ten="211,447,131,211" oya="1" hai0="97,24,16,82,21,79,48,26,112,68,18,39,63" hai1="134,96,22,75,127,34,9,116,62,104,95,29,0" hai2="15,113,44,40,59,53,12,133,122,89,4,65,30" hai3="67,56,2,90,107,60,51,19,85,54,131,115,83"/><U80/><E116/><V28/><F133/><W70/><G115/><T38/><D112/><U14/><E134/><V37/><F122/><W125/><G2/><T111/><D111/><U6/><E127/><V87/><F113/><W132/><G125/><T58/><D68/><U8/><E104/><V109/><F65/><W32/><G32/><T5/><D5/><U72/><E34/><V33/><F109/><W108/><G108/><T119/><D97/><U135/><E135/><V93/><F33/><W73/><G131/><T106/><D106/><U11/><E62/><V114/><F114/><W46/><G107/><T45/><D119/><U17/><E80/><V94/><F94/><W23/><G132/><T110/><D110/><U105/><E105/><V61/><REACH who="2" step="1"/><F4/><REACH who="2" ten="211,447,121,211" step="2"/><W92/><G83/><T20/><D82/><U129/><E129/><V7/><F7/><W13/><REACH who="3" step="1"/><G73/><REACH who="3" ten="211,447,121,201" step="2"/><T27/><D79/><U101/><E72/><V76/><F76/><W102/><G102/><T130/><D130/><U69/><E101/><V52/><F52/><W42/><G42/><T91/><D91/><U36/><E75/><V31/><AGARI ba="1,2" hai="12,15,28,30,31,37,40,44,53,59,61,87,89,93" machi="31" ten="30,4000,0" yaku="1,1,0,1,52,1,53,0" doraHai="41" doraHaiUra="3" who="2" fromWho="2" sc="211,-11,447,-21,121,63,201,-11" /><INIT seed="2,0,0,1,2,115" ten="200,426,184,190" oya="2" hai0="122,72,41,59,51,88,78,121,106,96,110,15,65" hai1="70,71,135,73,77,36,21,102,48,99,131,74,128" hai2="11,104,116,54,82,97,75,49,44,85,26,47,95" hai3="101,29,4,119,81,130,10,34,98,14,46,123,9"/><V18/><F116/><W31/><G123/><T94/><D110/><U20/><E36/><V43/><F104/><W107/><G130/><N who="1" m="49706" /><E135/><V118/><F75/><N who="1" m="28681" /><E77/><N who="2" m="46287" /><F118/><W129/><G119/><T76/><D106/><N who="1" m="63839" /><E48/><N who="2" m="26655" /><F11/><W37/><G34/><T57/><D121/><U42/><E42/><V84/><F84/><W114/><G37/><T56/><D122/><U27/><E20/><N who="2" m="13591" /><F97/><W127/><G114/><T86/><D72/><U45/><E45/><V92/><AGARI ba="0,0" hai="47,49,54,92,95" m="13591,26655,46287" machi="92" ten="30,1500,0" yaku="8,1" doraHai="115" who="2" fromWho="2" sc="200,-5,426,-5,184,15,190,-5" /><INIT seed="2,1,0,3,3,6" ten="195,421,199,185" oya="2" hai0="57,67,31,123,59,10,33,104,108,63,1,80,54" hai1="14,22,76,44,24,118,120,106,105,90,96,126,95" hai2="20,51,119,84,85,61,39,46,114,17,100,23,15" hai3="88,127,5,110,32,18,74,21,79,9,131,3,35"/><V49/><F119/><W7/><G110/><T129/><D123/><U117/><E120/><V99/><F114/><W111/><G111/><T91/><D108/><U68/><E68/><V71/><F39/><W4/><G127/><T86/><D104/><U40/><E76/><V45/><F71/><W2/><G131/><T122/><D122/><U89/><E14/><V8/><F61/><W107/><G107/><T43/><D43/><U38/><E126/><V48/><F100/><W128/><G128/><T11/><D1/><U82/><E105/><V65/><F65/><W62/><G62/><T130/><D130/><U13/><E13/><N who="2" m="9263" /><F99/><W75/><G88/><T113/><D113/><U77/><E106/><V109/><F23/><W16/><G79/><T133/><D133/><U134/><E134/><V101/><F101/><W60/><G60/><T98/><D98/><U87/><E77/><V25/><F25/><W70/><G70/><T53/><D129/><U83/><E83/><V0/><F0/><N who="3" m="43" /><G74/><T81/><D67/><U116/><E116/><V19/><F109/><W103/><G103/><T132/><D132/><U37/><E37/><V52/><F51/><W135/><G75/><T50/><REACH who="0" step="1"/><D81/><REACH who="0" ten="185,421,199,185" step="2"/><U47/><E117/><V36/><F36/><W102/><G135/><T73/><D73/><U55/><E118/><V29/><F29/><W124/><G124/><T92/><D92/><U12/><E38/><V41/><AGARI ba="1,1" hai="8,15,19,41,45,46,48,49,52,84,85" m="9263" machi="41" ten="30,6000,0" yaku="8,1,52,1,54,1" doraHai="6" who="2" fromWho="2" sc="185,-21,421,-21,199,73,185,-21" /><INIT seed="2,2,0,2,0,51" ten="164,400,272,164" oya="2" hai0="26,121,66,93,39,87,85,62,86,63,133,89,132" hai1="12,3,9,38,74,113,92,67,88,77,21,112,60" hai2="57,29,126,45,100,35,47,46,99,65,8,101,118" hai3="94,37,6,105,72,27,44,122,42,49,103,96,115"/><V123/><F118/><W69/><G69/><T78/><D121/><U90/><E38/><V20/><F123/><W24/><G122/><T13/><D39/><U79/><E3/><V109/><F126/><W50/><G115/><T70/><D26/><U48/><E21/><V59/><F109/><W128/><G128/><T2/><D2/><U80/><E79/><V17/><F35/><W130/><G130/><T76/><D13/><U71/><E48/><V91/><F29/><W40/><G72/><T43/><D43/><U16/><E90/><V64/><F8/><W31/><G6/><T116/><D116/><U75/><E75/><V54/><F57/><W114/><G114/><T129/><D129/><U119/><E119/><V111/><F91/><W110/><G110/><T36/><D36/><U134/><E134/><N who="0" m="51817" /><D62/><U135/><E135/><V32/><F32/><W23/><G27/><T106/><D106/><U53/><E53/><V97/><F111/><W25/><G25/><T73/><D73/><U68/><E68/><V7/><F7/><W125/><G125/><T28/><D28/><U15/><E15/><N who="2" m="9279" /><F65/><W5/><G5/><T127/><D127/><U107/><E107/><V83/><F64/><W95/><REACH who="3" step="1"/><G37/><REACH who="3" ten="164,400,272,154" step="2"/><T4/><D4/><U120/><E120/><V0/><F0/><W102/><G102/><T124/><D124/><U33/><E33/><V82/><F101/><W58/><G58/><T22/><D22/><U52/><E112/><V34/><F100/><W19/><G19/><T41/><D41/><U108/><E113/><V131/><F34/><W10/><G10/><RYUUKYOKU ba="2,1" sc="164,15,400,-15,272,-15,154,15" hai0="63,66,70,76,78,85,86,87,89,93" hai3="23,24,31,40,42,44,49,50,94,95,96,103,105" /><INIT seed="3,3,1,5,3,8" ten="179,385,257,169" oya="3" hai0="73,91,92,70,94,41,65,28,121,75,116,49,43" hai1="26,103,118,46,98,127,84,69,21,9,106,38,85" hai2="24,67,40,29,23,7,83,39,122,93,47,131,128" hai3="4,56,123,108,77,126,74,53,112,124,18,44,35"/><W86/><G35/><T99/><D116/><U58/><E69/><V110/><F122/><W134/><G123/><T111/><D121/><U120/><E120/><V90/><F110/><W117/><G112/><T59/><D111/><U80/><E118/><V88/><F7/><W15/><G108/><T6/><D70/><U60/><E127/><N who="3" m="48682" /><G117/><T87/><D28/><U78/><E9/><V63/><F83/><N who="3" m="45495" /><G134/><T19/><D6/><U17/><E46/><V89/><REACH who="2" step="1"/><F93/><REACH who="2" ten="179,385,247,169" step="2"/><W129/><G4/><T31/><D94/><U100/><E80/><V64/><F64/><W68/><G129/><T27/><D65/><U51/><E106/><V76/><F76/><W48/><G68/><AGARI ba="3,2" hai="23,24,29,39,40,47,63,67,68,88,89,90,128,131" machi="68" ten="40,2600,0" yaku="1,1,54,1,53,0" doraHai="8" doraHaiUra="52" who="2" fromWho="3" sc="179,0,385,0,247,55,169,-35" owari="179,-22.1,385,48.5,302,10.2,134,-36.6" /></mjloggm>