<mjloggm ver="2.3"><GO type="225" lobby="0"/><UN n0="%48%61%61%61%6C%61%6E%64" n1="%E3%81%AF%E3%82%88%E3%81%8A%E3%81%98%E3%81%95%E3%82%93" n2="%72%61%6B%33" n3="%6D%75%75%6D%75%72%61" dan="17,16,17,16" rate="2245.62,2202.93,2226.75,2072.51" sx="M,M,M,F"/><TAIKYOKU oya="0"/><INIT seed="0,0,0,3,4,97" ten="250,250,250,250" oya="0" hai0="43,46,52,34,107,110,135,117,26,79,127,67,65" hai1="11,109,13,115,31,80,132,59,23,29,123,125,30" hai2="69,89,27,98,19,60,86,122,120,84,0,87,112" hai3="124,37,68,96,18,51,74,56,61,100,50,72,12"/><T129/><D117/><U53/><E123/><V22/><F0/><W21/><G37/><T119/><D119/><U54/><E109/><V94/><REACH who="2" step="1"/><F112/><REACH who="2" ten="250,250,240,250" step="2"/><W6/><G124/><T62/><D127/><U1/><E115/><V99/><F99/><W44/><G96/><T64/><D110/><U45/><E125/><V121/><F121/><W17/><G72/><T42/><D129/><U66/><E1/><V2/><F2/><W111/><G74/><T36/><D135/><U90/><E132/><V15/><F15/><W91/><G111/><T49/><D107/><U63/><E23/><V92/><F92/><W81/><G21/><T73/><D73/><U8/><E8/><V88/><F88/><W28/><G91/><T83/><D34/><U35/><E35/><V40/><F40/><W38/><G12/><T32/><D42/><U103/><E90/><V5/><F5/><W20/><G6/><T4/><D4/><U39/><E11/><V93/><F93/><W78/><G20/><T33/><D33/><U25/><E13/><V113/><F113/><W71/><G78/><T14/><D14/><U24/><E25/><V70/><F70/><W101/><G71/><T76/><D32/><U131/><E24/><V10/><F10/><W3/><G68/><N who="0" m="42007" /><D26/><U55/><E131/><V48/><F48/><W106/><G3/><T102/><D76/><U47/><E39/><V7/><F7/><W104/><G104/><T95/><D95/><U82/><E103/><V75/><F75/><W16/><G106/><T114/><D114/><U9/><E9/><V105/><F105/><RYUUKYOKU ba="0,1" sc="250,-15,250,15,240,15,250,-15" hai1="29,30,31,45,47,53,54,55,59,63,66,80,82" hai2="19,22,27,60,69,84,86,87,89,94,98,120,122" /><INIT seed="1,1,1,3,4,82" ten="235,265,255,235" oya="1" hai0="91,103,34,135,64,11,59,20,3,134,27,19,10" hai1="117,100,81,31,36,12,15,1,18,56,65,33,70" hai2="71,45,68,57,125,72,128,104,54,126,85,131,102" hai3="89,61,127,75,21,62,119,79,2,48,109,17,87"/><U63/><E117/><V93/><F72/><W78/><G119/><T38/><D38/><U95/><E1/><V22/><F104/><W26/><G109/><T118/><D118/><U90/><E36/><V73/><F73/><W97/><G127/><N who="2" m="48649" /><F22/><W44/><G2/><T74/><D74/><U42/><E42/><V99/><F45/><W46/><G97/><T69/><D69/><N who="2" m="26698" /><F85/><W96/><G96/><T108/><D108/><U92/><E100/><V49/><AGARI ba="1,1" hai="49,54,57,93,99,102,128,131" m="26698,48649" machi="49" ten="40,1500,0" yaku="18,1" doraHai="82" who="2" fromWho="2" sc="235,-5,265,-8,255,28,235,-5" /><INIT seed="2,0,0,2,5,57" ten="230,257,283,230" oya="2" hai0="82,88,24,28,74,9,127,119,78,120,15,29,114" hai1="116,32,21,44,121,3,112,8,117,0,53,33,81" hai2="55,122,86,11,14,85,63,101,102,48,54,34,126" hai3="51,94,18,131,75,12,45,6,43,76,10,13,26"/><V132/><F34/><W49/><G131/><T39/><D120/><U47/><E112/><V30/><F30/><W93/><G26/><T124/><D114/><U105/><E105/><V83/><F126/><N who="0" m="48170" /><D39/><U65/><E65/><V118/><F132/><W90/><G75/><T52/><D119/><U110/><E81/><V40/><F40/><W134/><G134/><T36/><D36/><U27/><E110/><V95/><F86/><W72/><G72/><T19/><D24/><U2/><E8/><V64/><F118/><W123/><G123/><T99/><D52/><U89/><E121/><V58/><F95/><AGARI ba="0,0" hai="9,15,19,28,29,74,78,82,88,95,99" m="48170" machi="95" ten="30,2000,0" yaku="18,1,54,1" doraHai="57" who="0" fromWho="2" sc="230,20,257,0,283,-20,230,0" /><INIT seed="3,0,0,5,0,95" ten="250,257,263,230" oya="3" hai0="110,37,16,116,75,51,63,111,60,58,6,15,13" hai1="32,86,96,93,30,44,78,123,121,57,102,108,55" hai2="27,69,126,74,4,35,83,112,33,73,2,92,127" hai3="20,76,18,0,88,81,66,128,132,46,124,40,119"/><W11/><G119/><T53/><D116/><U45/><E108/><N who="0" m="41513" /><D37/><U7/><E7/><V24/><F69/><W104/><G128/><T98/><D75/><N who="2" m="28682" /><F92/><W71/><G124/><N who="2" m="47657" /><F83/><W39/><G132/><T23/><D98/><U34/><E96/><V3/><F4/><W84/><G104/><T68/><D68/><U117/><E93/><V133/><F112/><W21/><G76/><T135/><D135/><U8/><E78/><V12/><F12/><W50/><G39/><T72/><D72/><U131/><E131/><V122/><F122/><W105/><G105/><T56/><D56/><U130/><E57/><V94/><F94/><W125/><G125/><T28/><D28/><U87/><E30/><V99/><F99/><W19/><G0/><N who="2" m="41" /><F133/><W97/><G97/><T129/><D129/><U89/><E130/><V47/><F47/><W77/><G77/><T43/><D6/><U26/><E45/><V91/><F91/><W103/><G103/><T101/><D101/><U1/><E44/><V42/><F42/><W80/><G80/><T79/><D43/><U114/><E1/><V22/><F22/><W49/><G49/><T41/><D41/><U90/><E102/><V107/><F107/><W38/><G38/><T134/><D134/><U62/><E117/><V70/><F70/><W115/><G115/><T61/><D79/><U48/><E48/><V54/><F54/><W25/><G11/><T120/><D120/><U109/><E109/><V9/><F9/><W29/><REACH who="3" step="1"/><G21/><REACH who="3" ten="250,257,263,220" step="2"/><N who="0" m="11407" /><D51/><U118/><E114/><V85/><F85/><N who="1" m="32265" /><E8/><V10/><F10/><W36/><G36/><RYUUKYOKU ba="0,1" sc="250,10,257,-30,263,10,220,10" hai0="15,23,53,58,60,61,63" hai2="24,27,33,35" hai3="18,19,20,25,29,40,46,50,66,71,81,84,88" /><INIT seed="3,1,1,5,2,57" ten="260,227,273,230" oya="3" hai0="6,43,50,97,80,126,69,32,35,100,24,116,16" hai1="133,86,113,72,27,39,2,88,14,124,33,98,115" hai2="0,22,23,18,4,85,13,55,71,7,47,132,121" hai3="19,123,46,3,66,21,111,87,63,130,25,29,5"/><W28/><G123/><T9/><D116/><U102/><E2/><V129/><F71/><W77/><G130/><T79/><D69/><U49/><E39/><V38/><F129/><W82/><G111/><T122/><D126/><U112/><E72/><V68/><F68/><W17/><G46/><T30/><D122/><U84/><E124/><V131/><F131/><W125/><G125/><T135/><D135/><U134/><E14/><V73/><F73/><W41/><G41/><T26/><D50/><U8/><E8/><V37/><F132/><N who="1" m="50793" /><E49/><V89/><F121/><W74/><G74/><T103/><D43/><U108/><E108/><V127/><F127/><W91/><G77/><T128/><D128/><U110/><E110/><V96/><F96/><W118/><G118/><T109/><D109/><U10/><E10/><V92/><F22/><N who="3" m="13519" /><G5/><T15/><D97/><U119/><E119/><V34/><F34/><W53/><G53/><T90/><D79/><U12/><E12/><V105/><F105/><W36/><G3/><T45/><D32/><U114/><N who="1" m="28672" /><DORA hai="75" /><U42/><E42/><V48/><REACH who="2" step="1"/><F0/><REACH who="2" ten="260,227,263,230" step="2"/><W58/><G36/><AGARI ba="1,2" hai="4,7,13,18,23,36,37,38,47,48,55,85,89,92" machi="36" ten="40,8000,1" yaku="1,1,2,1,53,2" doraHai="57,75" doraHaiUra="1,65" who="2" fromWho="3" sc="260,0,227,0,263,103,230,-83" owari="260,6.0,227,-17.3,366,46.6,147,-35.3" /></mjloggm>