<mjloggm ver="2.3"><GO type="225" lobby="0"/><UN n0="%72%65%6E%6B%75%6E" n1="%E3%81%BF%E3%81%BF%E3%81%9A" n2="%E5%A4%9C%E5%85%89%E5%A4%A9%E6%A5%BC" n3="%E7%99%BD%E6%97%A5%E9%9B%AA%E8%8F%9C" dan="17,18,16,17" rate="2194.55,2248.44,2143.50,2193.81" sx="M,M,F,M"/><TAIKYOKU oya="0"/><INIT seed="0,0,0,0,5,66" ten="250,250,250,250" oya="0" hai0="0,58,72,32,57,104,5,119,7,16,91,63,60" hai1="84,107,134,109,90,48,69,46,94,9,50,62,125" hai2="98,39,65,43,132,35,88,20,55,96,77,28,117" hai3="70,129,49,130,64,17,111,100,103,14,133,3,26"/><T42/><D32/><U2/><E109/><V33/><F77/><W110/><G3/><T71/><D72/><U67/><E125/><V79/><F79/><W40/><G133/><T22/><D104/><U124/><E124/><V122/><F122/><W37/><G37/><T8/><D119/><U89/><E134/><V83/><F55/><W75/><G75/><T76/><D76/><U114/><E114/><V10/><F10/><W106/><G26/><T6/><D42/><U68/><E107/><V99/><F65/><W36/><G36/><T52/><D71/><U135/><E135/><V120/><F120/><W47/><G110/><T12/><D91/><U56/><E50/><V59/><F59/><W93/><G106/><T24/><D0/><U95/><E9/><V74/><F74/><W29/><G29/><T128/><D128/><N who="3" m="49257" /><G93/><T102/><D102/><U78/><E78/><V73/><F73/><W18/><G18/><T123/><D123/><U131/><E2/><V105/><F105/><W41/><G41/><T4/><D4/><U53/><REACH who="1" step="1"/><E131/><REACH who="1" ten="250,240,250,250" step="2"/><V45/><F132/><W21/><G111/><T112/><D112/><U80/><E80/><V25/><F117/><W86/><G86/><AGARI ba="0,1" hai="46,48,53,56,62,67,68,69,84,86,89,90,94,95" machi="86" ten="30,8000,1" yaku="1,1,7,1,9,1,52,2,53,0" doraHai="66" doraHaiUra="127" who="1" fromWho="3" sc="250,0,240,90,250,0,250,-80" /><INIT seed="1,0,0,5,5,25" ten="250,330,250,170" oya="1" hai0="84,16,119,43,52,54,126,133,61,110,80,85,13" hai1="100,117,97,22,63,113,0,62,15,123,34,72,89" hai2="111,17,8,122,81,44,74,50,132,28,53,40,20" hai3="134,102,99,71,76,67,91,130,7,39,27,37,116"/><U106/><E113/><V49/><F122/><W4/><G134/><T2/><D119/><U31/><E117/><V60/><F132/><W12/><G116/><T120/><D2/><U128/><E123/><V48/><F111/><W135/><G135/><T82/><D133/><U125/><E0/><V70/><F74/><W78/><G130/><T131/><D110/><U66/><E128/><V9/><F81/><N who="0" m="31338" /><D131/><U105/><E72/><V35/><F35/><W21/><G91/><T56/><D120/><U36/><E36/><V118/><F28/><W73/><G39/><T58/><D43/><U46/><E46/><V6/><F6/><W75/><G37/><T55/><D126/><U124/><E89/><V42/><F42/><W41/><G41/><T107/><D107/><U68/><E62/><V26/><F118/><W92/><G75/><T32/><D32/><U64/><E66/><V101/><F101/><W11/><G4/><T79/><D79/><U114/><E114/><V19/><F50/><W112/><G73/><T59/><D61/><U45/><E45/><N who="2" m="27823" /><F70/><W38/><G38/><T108/><D108/><U109/><E105/><V33/><F33/><W23/><G112/><T104/><D104/><U77/><E77/><N who="3" m="29802" /><G27/><T121/><D121/><U115/><E109/><V30/><F60/><N who="3" m="40423" /><G102/><T24/><D24/><N who="1" m="18791" /><E115/><V96/><F96/><W90/><G99/><T1/><D1/><U29/><E29/><V51/><F48/><W14/><G14/><T103/><D103/><U18/><AGARI ba="0,0" hai="15,18,22,63,64,68,97,100,106,124,125" m="18791" machi="18" ten="30,3000,0" yaku="25,1,52,1" doraHai="25" who="1" fromWho="1" sc="250,-10,330,30,250,-10,170,-10" /><INIT seed="1,1,0,2,4,36" ten="240,360,240,160" oya="1" hai0="105,51,44,106,78,31,97,56,48,110,131,29,39" hai1="132,3,5,16,94,123,73,4,75,50,9,21,91" hai2="129,114,61,41,33,79,64,81,53,69,133,103,109" hai3="45,84,22,63,90,43,26,66,30,74,68,57,6"/><U98/><E123/><V37/><F33/><W62/><G74/><T118/><D118/><U112/><E112/><V8/><F114/><W120/><G120/><T108/><D131/><U102/><E132/><V126/><F103/><W0/><G0/><T47/><D56/><U72/><E5/><V60/><F129/><W27/><G6/><T83/><D39/><U117/><E117/><V40/><F37/><W107/><G107/><T14/><D14/><U12/><REACH who="1" step="1"/><E50/><REACH who="1" ten="240,350,240,160" step="2"/><V49/><F133/><W55/><G27/><T54/><D108/><U125/><E125/><V59/><F109/><W32/><G32/><T89/><D110/><U85/><E85/><V122/><F126/><W99/><G99/><T17/><D17/><U116/><E116/><V18/><F49/><W1/><G1/><T93/><D29/><U52/><E52/><V15/><F122/><W46/><REACH who="3" step="1"/><G43/><REACH who="3" ten="240,350,240,150" step="2"/><T134/><D134/><U82/><E82/><AGARI ba="1,2" hai="22,26,30,45,46,55,57,62,63,66,68,82,84,90" machi="82" ten="30,3900,0" yaku="1,1,2,1,7,1,53,0" doraHai="36" doraHaiUra="104" who="3" fromWho="1" sc="240,0,350,-42,240,0,150,62" /><INIT seed="2,0,0,2,3,98" ten="240,308,240,212" oya="2" hai0="2,56,113,94,105,38,65,32,27,96,16,110,131" hai1="4,11,47,61,90,73,87,50,28,112,130,14,21" hai2="41,117,85,49,72,63,69,89,92,35,23,34,88" hai3="77,108,66,39,127,37,104,101,36,95,109,107,99"/><V43/><F117/><W123/><G123/><T126/><D113/><U7/><E112/><V84/><F72/><W97/><G127/><T15/><D2/><U30/><E73/><V86/><F35/><W60/><G77/><T46/><D126/><U22/><E130/><V9/><F34/><W42/><G42/><N who="2" m="15881" /><F69/><W93/><G107/><T48/><D105/><U83/><E4/><V12/><F63/><W31/><G31/><N who="1" m="11818" /><E61/><V100/><F23/><W62/><G60/><N who="0" m="38023" /><D32/><U70/><E70/><V129/><F49/><W116/><G116/><T132/><D38/><U125/><E125/><V8/><F129/><W40/><G40/><AGARI ba="0,0" hai="7,11,14,21,22,40,47,50,83,87,90" m="11818" machi="40" ten="30,1000,0" yaku="8,1" doraHai="98" who="1" fromWho="3" sc="240,0,308,10,240,0,212,-10" /><INIT seed="3,0,0,0,3,56" ten="240,318,240,202" oya="3" hai0="76,9,25,130,104,89,22,101,87,30,45,19,90" hai1="12,44,52,28,14,106,0,113,88,83,43,49,110" hai2="125,85,63,61,35,94,31,82,128,13,65,67,23" hai3="33,40,84,4,32,55,97,15,95,134,98,99,79"/><W126/><G126/><T1/><D130/><U73/><E113/><V21/><F128/><W78/><G134/><T5/><D104/><U74/><E0/><V69/><F125/><W117/><G117/><T37/><D101/><U70/><E70/><V86/><F35/><W107/><G107/><T71/><D71/><U42/><E106/><V102/><F31/><W36/><G33/><T60/><D76/><N who="3" m="29225" /><G32/><T135/><D135/><U111/><E28/><V27/><F82/><W8/><G36/><T46/><D37/><U59/><E88/><N who="2" m="53519" /><F86/><W72/><G72/><N who="1" m="27754" /><E83/><V114/><F69/><W54/><G40/><N who="1" m="15402" /><E44/><V115/><F115/><W6/><G6/><T96/><D30/><U116/><E116/><V66/><F102/><N who="3" m="60735" /><G84/><T18/><D96/><AGARI ba="0,0" hai="4,8,15,54,55,96,98,99" m="60735,29225" machi="96" ten="30,1500,0" yaku="8,1" doraHai="56" who="3" fromWho="0" sc="240,-15,318,0,240,0,202,15" /><INIT seed="3,1,0,4,0,21" ten="225,318,240,217" oya="3" hai0="128,17,99,12,55,62,78,84,94,82,53,63,93" hai1="51,5,49,103,126,28,109,54,64,95,76,102,106" hai2="70,134,118,124,44,116,90,20,45,98,80,89,79" hai3="35,29,46,96,9,73,10,108,6,123,57,39,125"/><W74/><G123/><T117/><D128/><U85/><E106/><V37/><F70/><W100/><G125/><T47/><D117/><U11/><E126/><V52/><F124/><W31/><G10/><T19/><D94/><U4/><E64/><V41/><F90/><W27/><G31/><T18/><D12/><U3/><E109/><V88/><F89/><W131/><G131/><T61/><REACH who="0" step="1"/><D47/><REACH who="0" ten="215,318,240,217" step="2"/><U32/><E95/><V69/><F45/><W101/><G108/><T38/><D38/><U72/><E3/><V112/><F44/><W91/><G101/><AGARI ba="1,1" hai="17,18,19,53,55,61,62,63,78,82,84,93,99,101" machi="101" ten="40,2600,0" yaku="1,1,8,1,53,0" doraHai="21" doraHaiUra="60" who="0" fromWho="3" sc="215,39,318,0,240,0,217,-29" owari="254,5.4,318,41.8,240,-16.0,188,-31.2" /></mjloggm>