<mjloggm ver="2.3"><GO type="225" lobby="0"/><UN n0="%E3%81%A1%E3%82%85%E3%81%86%E3%81%A9%E3%81%8F%E8%B1%A1%E3%81%95%E3%82%93" n1="%E5%80%89%E6%A9%8B%EF%BC%A0%E4%BA%8B%E5%8B%99" n2="%73%7A%2E%64%31" n3="%E3%81%95%E3%81%8D%E3%81%9F%E3%81%BE%E6%9E%97%E6%AA%8E" dan="17,16,16,16" rate="2131.36,2084.08,2119.43,2134.93" sx="M,M,M,M"/><TAIKYOKU oya="0"/><INIT seed="0,0,0,3,4,88" ten="250,250,250,250" oya="0" hai0="42,12,32,119,57,131,8,52,35,31,120,55,25" hai1="3,54,74,15,79,72,116,44,96,5,87,0,24" hai2="43,1,60,100,36,14,73,7,11,16,104,102,132" hai3="34,126,106,85,66,98,99,19,61,23,68,128,123"/><T135/><D120/><U70/><E116/><V118/><F118/><W26/><G128/><T115/><D119/><U84/><E70/><V50/><F132/><W53/><G126/><T62/><D135/><U110/><E110/><V39/><F73/><W9/><G123/><T30/><D131/><U78/><E24/><V124/><F124/><W29/><G9/><T75/><D75/><U71/><E71/><V67/><F50/><W17/><G53/><T112/><D42/><U13/><E96/><V20/><F43/><W80/><G98/><T117/><D117/><U51/><E51/><V38/><REACH who="2" step="1"/><F104/><REACH who="2" ten="250,250,240,250" step="2"/><W133/><G133/><T37/><D37/><U49/><E49/><V101/><F101/><N who="3" m="62783" /><G23/><T105/><D105/><U41/><E41/><V81/><F81/><W94/><G94/><T107/><D107/><U18/><E72/><V63/><F63/><W97/><G97/><T56/><D112/><U77/><E74/><V28/><F28/><W83/><G83/><T76/><D115/><U121/><E121/><V33/><F33/><W122/><G122/><T22/><D31/><U86/><E87/><V64/><F64/><W109/><G109/><T103/><D103/><U58/><E86/><V111/><F111/><W92/><G92/><T27/><D35/><U6/><E84/><V113/><F113/><W40/><G40/><T108/><D108/><U129/><E129/><V125/><F125/><W2/><G2/><T95/><D32/><U134/><E0/><V65/><F65/><W127/><G127/><T114/><D114/><U21/><E134/><V48/><F48/><RYUUKYOKU ba="0,1" sc="250,-15,250,-15,240,15,250,15" hai2="1,7,11,14,16,20,36,38,39,60,67,100,102" hai3="17,19,26,29,34,61,66,68,80,85" /><INIT seed="1,1,1,4,3,23" ten="235,235,255,265" oya="1" hai0="105,16,64,17,108,25,103,55,21,104,13,51,42" hai1="5,6,93,43,99,133,1,94,8,40,14,84,110" hai2="83,22,48,125,18,79,106,78,71,127,65,122,69" hai3="41,128,121,115,102,81,68,124,27,58,96,80,26"/><U36/><E133/><V38/><F38/><W63/><G115/><T35/><D108/><U47/><E40/><V61/><F106/><W10/><G121/><T24/><D64/><U134/><E134/><V126/><F122/><W77/><G68/><T95/><D42/><U117/><E117/><V97/><F71/><W56/><G41/><T67/><D67/><U31/><E110/><V107/><F48/><W39/><G39/><T0/><D0/><U75/><E75/><V112/><F112/><W88/><G102/><T130/><D130/><U98/><E84/><V116/><F116/><W28/><G28/><T33/><D95/><U90/><E31/><V86/><F97/><W73/><G128/><T50/><D103/><U45/><E45/><V114/><F107/><W113/><G113/><T66/><D66/><U119/><E119/><V135/><F135/><W7/><G124/><T74/><D74/><U34/><E34/><V87/><F114/><W30/><G30/><T32/><D51/><U46/><E46/><V132/><F132/><W111/><G111/><T91/><D91/><U101/><REACH who="1" step="1"/><E1/><REACH who="1" ten="235,225,255,265" step="2"/><V49/><F87/><W19/><G73/><T2/><D2/><U85/><E85/><V129/><F129/><W44/><G44/><T15/><D35/><U82/><E82/><V72/><F72/><W123/><G81/><T100/><D33/><U62/><E62/><V53/><F86/><W59/><G80/><T60/><D32/><U92/><E92/><V4/><F83/><W52/><G63/><T29/><D60/><U3/><E3/><V109/><F126/><RYUUKYOKU ba="1,2" sc="235,-10,225,30,255,-10,265,-10" hai1="5,6,8,14,36,43,47,90,93,94,98,99,101" /><INIT seed="1,2,2,0,4,72" ten="225,255,245,255" oya="1" hai0="6,122,135,38,125,45,96,114,61,68,121,46,30" hai1="32,109,70,66,58,99,41,98,64,115,37,69,16" hai2="55,101,111,117,97,85,27,14,95,134,113,128,11" hai3="108,49,33,42,127,12,40,87,3,50,132,47,19"/><U56/><E115/><V118/><F113/><W10/><G108/><T44/><D114/><U116/><E116/><V77/><F111/><W126/><G132/><T54/><D6/><U25/><E109/><V94/><F134/><W75/><G75/><T133/><D30/><U78/><E32/><V9/><F128/><W91/><G3/><T124/><D96/><U8/><E37/><V21/><F55/><N who="3" m="30143" /><G33/><T71/><D38/><U86/><E41/><N who="3" m="15978" /><G50/><T13/><D13/><N who="1" m="7207" /><E70/><N who="0" m="26665" /><D135/><U24/><E69/><V67/><F67/><N who="1" m="25641" /><E56/><V102/><F117/><W2/><G2/><T34/><D34/><U35/><E58/><V74/><F118/><W105/><G105/><T29/><D29/><U63/><E63/><V84/><F74/><W65/><G65/><T112/><D112/><U119/><E35/><V81/><F14/><W48/><G48/><T89/><D133/><U100/><E119/><V90/><REACH who="2" step="1"/><F102/><REACH who="2" ten="225,255,235,255" step="2"/><W23/><G127/><N who="0" m="48715" /><D89/><U52/><E52/><V92/><F92/><N who="3" m="54399" /><G126/><T104/><D104/><U73/><E73/><V0/><F0/><W103/><G103/><T1/><D1/><U31/><E100/><V123/><F123/><W28/><G28/><AGARI ba="2,3" hai="9,11,21,27,28,77,81,84,85,90,94,95,97,101" machi="28" ten="30,8000,1" yaku="1,1,7,1,8,1,52,1,53,1" doraHai="72" doraHaiUra="22" who="2" fromWho="3" sc="225,0,255,0,235,116,255,-86" /><INIT seed="2,0,0,3,3,57" ten="225,255,351,169" oya="2" hai0="134,130,131,129,37,40,90,89,65,39,101,16,5" hai1="103,60,118,125,31,74,95,108,115,70,32,84,23" hai2="21,47,7,18,63,71,38,43,86,67,8,13,24" hai3="26,62,12,99,126,55,121,72,56,112,46,61,20"/><V81/><REACH who="2" step="1"/><F81/><REACH who="2" ten="225,255,341,169" step="2"/><W133/><G121/><T25/><D130/><U1/><E115/><V79/><F79/><W69/><G112/><T75/><D131/><U85/><E118/><V53/><F53/><W19/><G133/><T76/><D134/><U87/><E125/><V17/><F17/><W51/><G126/><T41/><D129/><U135/><E135/><V28/><F28/><N who="3" m="17479" /><G72/><T11/><D11/><U116/><BYE who="0" /><E31/><V2/><F2/><W132/><G132/><UN n0="%E3%81%A1%E3%82%85%E3%81%86%E3%81%A9%E3%81%8F%E8%B1%A1%E3%81%95%E3%82%93" /><T77/><D76/><U42/><E1/><V78/><F78/><W88/><G69/><T59/><D77/><U22/><E70/><V113/><F113/><W107/><G107/><T120/><D16/><U58/><E74/><V30/><F30/><W82/><G82/><T27/><D75/><U54/><E54/><V96/><F96/><W80/><G99/><T105/><D120/><U34/><E87/><AGARI ba="0,1" hai="7,8,13,18,21,24,38,43,47,63,67,71,86,87" machi="87" ten="40,12000,1" yaku="21,2,52,1,53,2" doraHai="57" doraHaiUra="83" who="2" fromWho="1" sc="225,0,255,-120,341,130,169,0" /><INIT seed="2,1,0,0,4,113" ten="225,135,471,169" oya="2" hai0="65,18,32,88,5,25,30,21,101,106,69,62,20" hai1="77,94,35,125,78,39,67,51,90,50,27,63,46" hai2="15,98,29,97,8,38,7,23,99,131,134,71,72" hai3="48,130,14,31,47,80,119,49,42,107,103,114,56"/><V118/><F118/><W117/><G114/><T40/><D5/><U93/><E125/><V11/><F134/><W111/><G111/><T17/><D40/><U112/><E112/><V34/><F131/><W123/><G123/><T9/><D88/><U87/><E39/><V70/><F72/><W26/><G130/><T54/><D54/><U41/><E51/><V96/><F38/><W120/><G120/><T127/><D127/><U3/><E3/><V82/><F82/><W68/><G68/><T135/><D135/><U102/><E35/><V89/><F89/><W24/><G14/><N who="0" m="7375" /><D18/><U12/><E27/><V76/><F76/><W64/><G24/><T45/><D45/><U53/><E41/><V104/><F34/><W86/><G107/><T79/><D79/><U110/><E110/><V81/><F81/><W129/><G103/><T122/><D122/><U10/><E102/><V116/><F116/><W16/><G16/><T1/><D1/><U133/><E133/><V44/><F44/><W2/><G2/><T108/><D108/><U95/><E78/><V0/><F104/><W66/><G129/><T83/><D83/><U55/><E55/><V28/><F28/><W105/><G105/><T132/><D132/><U19/><REACH who="1" step="1"/><E77/><REACH who="1" ten="225,125,471,169" step="2"/><V126/><F126/><W57/><G119/><T121/><D121/><U33/><E33/><V91/><N who="2" m="24576" /><DORA hai="6" /><V92/><F0/><W58/><G117/><T75/><D101/><U128/><E128/><V43/><F43/><W85/><G49/><T37/><D106/><U60/><E60/><V13/><F13/><W124/><G124/><RYUUKYOKU ba="1,1" sc="225,-10,125,30,471,-10,169,-10" hai1="10,12,19,46,50,53,63,67,87,90,93,94,95" /><INIT seed="3,2,1,2,1,111" ten="215,155,461,159" oya="3" hai0="69,115,59,28,71,25,81,104,32,101,89,68,66" hai1="110,8,73,3,103,108,2,92,114,102,43,90,22" hai2="5,52,37,19,91,96,58,105,133,76,74,38,93" hai3="83,98,50,0,132,109,11,122,128,112,123,118,41"/><W80/><G112/><T34/><D104/><U117/><E73/><V45/><F133/><W4/><G118/><T100/><D115/><U29/><E114/><V64/><F64/><W94/><G132/><T51/><D32/><U124/><E43/><V62/><F45/><W121/><G128/><T36/><D36/><U10/><E117/><V18/><F5/><W57/><G109/><N who="1" m="42090" /><E124/><V24/><F105/><W119/><G119/><T126/><D51/><U48/><E48/><V21/><F18/><W78/><G78/><T55/><D89/><U85/><E29/><V60/><F60/><W61/><G50/><T77/><D25/><U72/><E72/><V49/><F49/><W47/><G47/><T125/><D81/><AGARI ba="2,1" hai="19,21,24,37,38,52,58,62,74,76,81,91,93,96" machi="81" ten="40,5200,0" yaku="25,2,54,1" doraHai="111" who="2" fromWho="0" sc="215,-58,155,0,461,68,159,0" owari="157,-24.3,155,-34.5,529,62.9,159,-4.1" /></mjloggm>