<mjloggm ver="2.3"><GO type="225" lobby="0"/><UN n0="%E3%82%B2%E3%82%B9%E8%8C%82%E5%8B%9D" n1="%77%72%77%72%77%72%77%72" n2="%E5%8D%A0%E3%81%84%E5%B8%AB%E8%A3%8F%E3%81%AA%E3%81%84%E3%81%97" n3="%E3%82%8C%E3%81%99%E3%81%93" dan="16,17,17,16" rate="2123.73,2218.49,2142.44,2104.31" sx="F,M,M,F"/><TAIKYOKU oya="0"/><INIT seed="0,0,0,3,1,120" ten="250,250,250,250" oya="0" hai0="2,33,102,9,90,6,66,31,1,105,97,108,87" hai1="75,96,61,68,86,39,98,101,17,42,11,7,3" hai2="77,89,129,78,103,43,18,62,65,104,41,131,111" hai3="127,67,20,55,118,63,126,81,69,91,52,60,132"/><T49/><D66/><U21/><E75/><V92/><F103/><W94/><G118/><T109/><D1/><U84/><E98/><V100/><F100/><W29/><G81/><T71/><D71/><U25/><E42/><N who="2" m="15883" /><F18/><W37/><G37/><T74/><D74/><U56/><E68/><N who="2" m="42039" /><F104/><W48/><G132/><T64/><D64/><U27/><E27/><V99/><F111/><N who="0" m="42570" /><D49/><U133/><E133/><V50/><F50/><W46/><G63/><T58/><D58/><U114/><E114/><V93/><F93/><W36/><G36/><T35/><D31/><U73/><E73/><V95/><F95/><AGARI ba="0,0" hai="2,6,9,33,35,87,90,95,97,102,105" m="42570" machi="95" ten="30,12000,1" yaku="14,1,10,1,52,3" doraHai="120" who="0" fromWho="2" sc="250,120,250,0,250,-120,250,0" /><INIT seed="0,1,0,1,4,62" ten="370,250,130,250" oya="0" hai0="85,4,126,21,57,60,58,101,75,125,94,87,102" hai1="70,65,123,132,66,52,120,107,64,100,74,135,36" hai2="1,17,16,98,2,10,103,78,55,119,118,130,124" hai3="39,84,83,50,43,49,115,99,8,96,72,104,56"/><T113/><D113/><U9/><E74/><V114/><F114/><W51/><G115/><T23/><D4/><U97/><E36/><V25/><F78/><W95/><G72/><T67/><D75/><U121/><E9/><V81/><F81/><W68/><G68/><T117/><D94/><U46/><E70/><V45/><F124/><W18/><G104/><T105/><D60/><U93/><E107/><V133/><F133/><N who="1" m="51273" /><E46/><V11/><F130/><W37/><G43/><T89/><D89/><U32/><E52/><V88/><F55/><W12/><G96/><T19/><D105/><U134/><E134/><V48/><F48/><W76/><REACH who="3" step="1"/><G56/><REACH who="3" ten="370,250,130,240" step="2"/><T6/><D57/><U41/><E41/><V109/><F109/><W40/><G40/><T106/><D58/><U110/><E110/><V24/><F98/><W82/><G82/><T22/><D106/><U14/><E32/><V20/><F45/><W26/><G26/><T108/><D108/><U44/><E44/><V5/><F103/><AGARI ba="1,1" hai="8,12,18,37,39,49,50,51,76,83,84,95,99,103" machi="103" ten="40,1300,0" yaku="1,1,53,0" doraHai="62" doraHaiUra="31" who="3" fromWho="2" sc="370,0,250,0,130,-16,240,26" /><INIT seed="1,0,0,0,1,13" ten="370,250,114,266" oya="1" hai0="135,74,113,33,133,119,69,107,51,16,98,19,112" hai1="120,110,12,6,129,35,27,53,60,17,4,73,31" hai2="109,99,128,28,5,94,124,54,76,70,80,66,44" hai3="38,11,20,46,130,85,49,36,67,95,92,23,89"/><U18/><E73/><V104/><F109/><W91/><G130/><T122/><D122/><U97/><E120/><V43/><F104/><W57/><G11/><T29/><D119/><U108/><E129/><V61/><F128/><W52/><G36/><T132/><D74/><U114/><E97/><V63/><F124/><W121/><G121/><T58/><D69/><U32/><E60/><V41/><F5/><N who="1" m="2153" /><E53/><V56/><F28/><W40/><REACH who="3" step="1"/><G67/><REACH who="3" ten="370,250,114,256" step="2"/><T39/><D39/><U22/><E114/><N who="0" m="44137" /><D29/><U2/><E2/><V81/><F44/><W26/><G26/><T79/><D33/><N who="1" m="12875" /><E31/><V24/><F24/><W131/><G131/><T115/><D115/><U101/><E101/><V10/><F10/><AGARI ba="0,1" hai="10,12,17,18,22,27,108,110" m="12875,2153" machi="10" ten="30,11600,0" yaku="34,2,52,2" doraHai="13" who="1" fromWho="2" sc="370,0,250,126,114,-116,256,0" owari="370,17.0,376,47.6,-2,-50.2,256,-14.4" /></mjloggm>