<mjloggm ver="2.3"><GO type="225" lobby="0"/><UN n0="%E9%B3%B3%E6%9D%B1%E3%81%AE%E3%81%86%E3%81%95%E3%81%8E%E3%81%95%E3%82%93" n1="%E3%81%BF%E3%81%BF%E3%81%9A" n2="%6D%61%74%69%67%75%73%61" n3="%E6%B4%BE%E9%81%A3%E3%81%AE%E3%82%B8%E3%83%A3%E3%83%83%E3%82%AF" dan="17,16,17,17" rate="2256.58,2130.83,2252.59,2185.51" sx="M,M,M,M"/><TAIKYOKU oya="0"/><INIT seed="0,0,0,4,3,114" ten="250,250,250,250" oya="0" hai0="107,41,105,3,20,118,87,116,53,58,35,109,135" hai1="108,124,11,84,67,36,68,22,76,85,15,9,52" hai2="71,96,10,73,117,120,59,13,28,44,129,4,134" hai3="55,64,102,8,122,130,24,62,26,38,33,74,17"/><T93/><D35/><U2/><E36/><V48/><F71/><W40/><G74/><T79/><D3/><U45/><E108/><V94/><F129/><W31/><G130/><T89/><D41/><U111/><E111/><V121/><F134/><W27/><G122/><T43/><D109/><U5/><E124/><V77/><F28/><W113/><G113/><T57/><D43/><U19/><E76/><V132/><F59/><W126/><G126/><T103/><D57/><U123/><E123/><V54/><F132/><W66/><G55/><T98/><D135/><U88/><E68/><V125/><F125/><W100/><G64/><T0/><D0/><U101/><E101/><V42/><F54/><W112/><G112/><T115/><D115/><U34/><E67/><V131/><F131/><W70/><G8/><T23/><D105/><U91/><E34/><V97/><F97/><W104/><G17/><T6/><D6/><U82/><E2/><V92/><F92/><W133/><G133/><T81/><D20/><U37/><E5/><V39/><F39/><W110/><G110/><T32/><D23/><U86/><E37/><V72/><F72/><W14/><G14/><T46/><D32/><U99/><E99/><V51/><F51/><W95/><G95/><T78/><D46/><U49/><E85/><V30/><F121/><W50/><G38/><T16/><D16/><U61/><E61/><V80/><F30/><W119/><G104/><T56/><D56/><U29/><E29/><V1/><F120/><W18/><G31/><T25/><D107/><U65/><E65/><RYUUKYOKU ba="0,0" sc="250,-10,250,30,250,-10,250,-10" hai1="9,11,15,19,22,45,49,52,82,84,86,88,91" /><INIT seed="1,1,0,5,1,33" ten="240,280,240,240" oya="1" hai0="53,120,105,131,21,14,91,45,58,92,85,22,99" hai1="135,24,49,1,109,121,11,19,10,101,17,104,119" hai2="83,117,86,42,18,43,40,100,32,37,129,39,64" hai3="78,7,46,3,12,124,111,13,122,114,67,95,73"/><U70/><E119/><V41/><F117/><W50/><G114/><T38/><D131/><U89/><E121/><V20/><F129/><W125/><G111/><T61/><D120/><U90/><E70/><V28/><N who="2" m="10240" /><DORA hai="84" /><V103/><F64/><W72/><G122/><T25/><D38/><U5/><E109/><V113/><F113/><W4/><G67/><T23/><D45/><U134/><E49/><V30/><F37/><W16/><G13/><T82/><D14/><N who="1" m="7383" /><E101/><N who="2" m="38987" /><F32/><W2/><G95/><T51/><D105/><U56/><E56/><V15/><F39/><W60/><G60/><T93/><D51/><U0/><E104/><V87/><F87/><W126/><G50/><T44/><D44/><U79/><E79/><AGARI ba="1,0" hai="15,18,20,28,30,79,83,86" m="38987,10240" machi="79" ten="40,1300,0" yaku="8,1" doraHai="33,84" who="2" fromWho="1" sc="240,0,280,-16,240,16,240,0" /><INIT seed="2,0,0,1,2,35" ten="240,264,256,240" oya="2" hai0="114,10,109,4,94,105,125,61,17,47,62,89,70" hai1="39,112,25,71,127,102,123,87,132,83,81,33,54" hai2="5,41,21,111,57,98,134,15,131,27,52,44,13" hai3="128,119,2,108,66,118,135,48,40,92,11,58,75"/><V51/><F131/><W37/><G75/><T9/><D114/><U22/><E112/><V24/><F134/><W12/><G135/><T34/><D105/><U74/><E132/><V84/><F111/><W50/><G108/><T73/><D109/><U0/><E71/><V90/><F98/><W69/><G128/><T88/><D34/><U78/><E39/><V121/><F121/><W107/><G107/><T97/><D73/><U133/><E33/><V106/><F106/><W46/><G92/><T63/><D125/><U124/><E102/><V3/><F3/><W95/><G95/><N who="0" m="56551" /><D70/><U113/><E133/><V110/><F110/><W68/><G68/><T42/><D4/><U67/><E67/><V115/><F115/><W91/><G91/><T49/><D17/><U14/><E0/><V96/><F96/><AGARI ba="0,0" hai="9,10,42,47,49,61,62,63,89,94,96" m="56551" machi="96" ten="30,2000,0" yaku="8,1,54,1" doraHai="35" who="0" fromWho="2" sc="240,20,264,0,256,-20,240,0" /><INIT seed="3,0,0,5,4,17" ten="260,264,236,240" oya="3" hai0="86,8,54,58,79,31,61,93,5,103,99,91,50" hai1="43,2,76,26,100,119,111,52,45,38,97,40,89" hai2="15,75,46,39,70,90,27,106,107,55,72,37,23" hai3="34,98,88,9,130,24,18,21,3,63,133,114,59"/><W49/><G114/><T68/><D79/><U7/><E111/><V101/><F70/><W128/><G34/><T44/><D68/><U64/><E64/><V108/><F108/><W53/><G133/><T74/><D74/><U77/><E89/><V105/><F101/><W12/><G3/><T73/><D73/><U48/><E119/><V22/><F90/><W121/><G121/><T85/><D31/><U81/><E26/><V135/><F135/><W95/><REACH who="3" step="1"/><G49/><REACH who="3" ten="260,264,236,230" step="2"/><T78/><D78/><U129/><E77/><V14/><F107/><W20/><G20/><T134/><D134/><U41/><E2/><V69/><F27/><W126/><G126/><T125/><D125/><U92/><E76/><V80/><F106/><W102/><G102/><T67/><REACH who="0" step="1"/><D103/><REACH who="0" ten="250,264,236,230" step="2"/><U96/><E100/><V65/><F69/><W123/><G123/><T127/><D127/><U109/><E109/><V82/><F72/><W110/><G110/><T84/><D84/><U0/><E97/><V60/><F75/><W16/><AGARI ba="0,2" hai="9,12,16,18,21,24,53,59,63,88,95,98,128,130" machi="16" ten="30,24000,3" yaku="1,1,0,1,25,2,52,1,54,2,53,1" doraHai="17" doraHaiUra="10" who="3" fromWho="3" sc="250,-80,264,-80,236,-80,230,260" owari="170,-23.0,184,-1.6,156,-34.4,490,59.0" /></mjloggm>