<mjloggm ver="2.3"><GO type="225" lobby="0"/><UN n0="%E3%82%82%E3%81%90%E3%82%89" n1="%E3%81%9F%E3%81%93%E2%98%86%E7%84%BC%E3%81%8D" n2="%E6%97%A5%E6%9B%9C%E6%97%A5%E3%82%88%E3%82%8A%E3%81%AE%E4%BD%BF%E8%80%85" n3="%E3%82%A2%E3%83%9E%E3%83%9D%EF%BD%9E%EF%BD%9E%E3%83%A9" dan="16,16,17,17" rate="2218.02,2078.02,2143.50,2207.91" sx="M,M,M,M"/><TAIKYOKU oya="0"/><INIT seed="0,0,0,0,5,44" ten="250,250,250,250" oya="0" hai0="20,127,4,84,37,39,104,86,77,2,93,102,101" hai1="81,26,111,46,114,19,79,106,91,14,108,31,57" hai2="7,97,58,68,99,98,1,82,128,18,9,120,80" hai3="119,123,56,76,75,43,35,94,118,34,28,5,109"/><T69/><D69/><U131/><E106/><V63/><F120/><W125/><G56/><T16/><D104/><U72/><E131/><V42/><F68/><W115/><G94/><T30/><D30/><U117/><E117/><V33/><F33/><W54/><G54/><T92/><D127/><U62/><E46/><V32/><F32/><W121/><G43/><T55/><D2/><U64/><E91/><V88/><F128/><W27/><G125/><T13/><D4/><U105/><E105/><V12/><F42/><W129/><G129/><T83/><D55/><U124/><E124/><V89/><F82/><N who="3" m="45343" /><G109/><T73/><D73/><U59/><E59/><V90/><F80/><W60/><G60/><T126/><D126/><U51/><E51/><V65/><REACH who="2" step="1"/><F1/><REACH who="2" ten="250,250,240,250" step="2"/><W103/><G34/><T113/><D113/><U122/><E122/><V61/><F61/><W112/><G123/><T41/><D41/><U29/><E114/><V15/><F15/><W21/><G35/><T49/><D83/><U85/><E72/><V10/><F10/><W67/><G121/><T95/><D13/><U38/><E14/><V71/><F71/><W50/><G115/><T130/><D130/><U23/><E111/><V6/><AGARI ba="0,1" hai="6,7,9,12,18,58,63,65,88,89,90,97,98,99" machi="6" ten="40,12000,2" yaku="1,1,0,1,8,1,54,1,53,3" doraHai="44" doraHaiUra="87" who="2" fromWho="2" sc="250,-60,250,-30,240,130,250,-30" /><INIT seed="1,0,0,5,3,42" ten="190,220,370,220" oya="1" hai0="132,72,19,60,62,40,116,70,91,4,1,34,6" hai1="81,128,93,14,74,48,113,127,52,100,87,86,73" hai2="66,109,111,46,90,135,39,55,95,32,33,89,51" hai3="35,119,88,82,13,83,16,30,11,61,122,77,18"/><U21/><E113/><V31/><F135/><W5/><G122/><T22/><D116/><U59/><E128/><V76/><F76/><W43/><G119/><T56/><D132/><U10/><E127/><V45/><F66/><W131/><G131/><T99/><D70/><U103/><E21/><V26/><F33/><W84/><G43/><T67/><D72/><U130/><E130/><V54/><F39/><W41/><G41/><T92/><D34/><U71/><E71/><V106/><F106/><W8/><G61/><T75/><D75/><U20/><E20/><V47/><F89/><W85/><REACH who="3" step="1"/><G8/><REACH who="3" ten="190,220,370,210" step="2"/><T17/><D40/><U36/><E36/><V118/><F118/><W0/><G0/><T120/><D1/><U68/><E68/><V101/><F51/><W126/><G126/><T7/><D120/><U125/><E125/><V64/><F64/><W94/><G94/><T15/><D62/><U2/><E2/><V3/><F3/><W57/><G57/><T65/><D65/><U79/><E93/><V96/><F101/><W105/><G105/><T124/><D124/><U123/><E123/><V37/><F37/><W121/><G121/><T9/><REACH who="0" step="1"/><D7/><REACH who="0" ten="180,220,370,210" step="2"/><U107/><E107/><V112/><F112/><W50/><G50/><T25/><AGARI ba="0,2" hai="4,6,9,15,17,19,22,25,56,60,67,91,92,99" machi="25" ten="20,8000,1" yaku="1,1,2,1,0,1,7,1,8,1,53,0" doraHai="42" doraHaiUra="44" who="0" fromWho="0" sc="180,100,220,-40,370,-20,210,-20" /><INIT seed="2,0,0,4,0,40" ten="280,180,350,190" oya="2" hai0="49,112,126,109,63,93,104,132,8,15,86,105,65" hai1="88,90,134,62,44,22,67,21,29,100,19,17,101" hai2="42,16,125,9,91,51,76,14,73,116,37,66,97" hai3="85,115,133,10,5,4,1,123,55,106,98,68,96"/><V56/><F116/><W103/><G123/><T32/><D32/><U46/><E29/><V27/><F125/><W124/><G124/><T18/><D112/><U80/><E80/><V118/><F118/><W128/><G133/><T121/><D121/><U70/><E134/><V3/><F3/><W23/><G128/><T57/><D126/><U110/><E110/><V58/><F37/><W113/><G5/><T53/><D109/><U7/><E7/><V117/><F117/><W95/><G85/><T41/><D41/><U72/><E72/><V74/><F74/><W92/><G68/><T31/><D31/><U24/><E101/><V82/><F27/><W61/><G23/><T122/><D122/><U84/><E100/><V34/><F34/><W71/><G55/><T78/><D132/><U107/><E107/><V38/><F38/><W12/><G1/><T69/><D78/><U81/><E90/><V130/><F130/><W45/><G45/><T54/><D54/><U43/><E43/><V52/><F42/><W108/><G108/><T60/><D60/><U13/><AGARI ba="0,0" hai="13,17,19,21,22,24,44,46,62,67,70,81,84,88" machi="13" ten="20,8000,1" yaku="0,1,7,1,52,2,54,1" doraHai="40" who="1" fromWho="1" sc="280,-20,180,80,350,-40,190,-20" /><INIT seed="3,0,0,4,1,105" ten="260,260,310,170" oya="3" hai0="77,31,46,115,58,63,70,6,81,71,43,37,50" hai1="91,41,118,92,22,10,38,125,19,21,42,133,114" hai2="121,84,29,67,127,35,44,5,34,96,86,32,40" hai3="49,7,80,117,65,94,75,23,83,89,116,2,104"/><W45/><G104/><T39/><D31/><U53/><E114/><V0/><F67/><W47/><G65/><N who="0" m="39159" /><D6/><U134/><E125/><V61/><F61/><W12/><G2/><T30/><D30/><U98/><E118/><V109/><F29/><W112/><G112/><T28/><D28/><U100/><E53/><V17/><F17/><N who="3" m="10663" /><G75/><T90/><D90/><U4/><E22/><V99/><F0/><W110/><G110/><T59/><D81/><N who="3" m="31305" /><G117/><T24/><D24/><N who="1" m="14399" /><E38/><N who="0" m="14345" /><D77/><U122/><E122/><V126/><F121/><W132/><G132/><N who="1" m="50794" /><E100/><V62/><F109/><W15/><G49/><N who="0" m="26847" /><D115/><U76/><E76/><V108/><F108/><W14/><G116/><T13/><D13/><AGARI ba="0,0" hai="4,10,13,41,42,91,92,98" m="50794,14399" machi="13" ten="30,1000,0" yaku="20,1" doraHai="105" who="1" fromWho="0" sc="260,-10,260,10,310,0,170,0" owari="250,-15.0,270,7.0,310,41.0,170,-33.0" /></mjloggm>