<mjloggm ver="2.3"><GO type="225" lobby="0"/><UN n0="%E3%81%AF%E3%82%88%E3%81%8A%E3%81%98%E3%81%95%E3%82%93" n1="%E8%BE%9B%E5%8F%A3%E3%82%AB%E3%83%AC%E3%83%BC%E3%83%A9%E3%82%A4%E3%82%B9" n2="%6D%75%75%6D%75%72%61" n3="%E3%81%86%E3%83%BC%E3%81%B1%E3%83%BC" dan="17,16,16,16" rate="2202.42,2196.17,2205.08,2098.45" sx="M,M,F,M"/><TAIKYOKU oya="0"/><INIT seed="0,0,0,3,0,72" ten="250,250,250,250" oya="0" hai0="5,19,84,50,131,82,108,9,129,98,88,12,113" hai1="7,132,54,20,75,78,10,83,95,57,85,101,134" hai2="90,125,28,92,76,110,24,115,53,73,89,3,93" hai3="135,109,29,70,18,43,126,27,80,55,62,106,40"/><T6/><D113/><U21/><E101/><V11/><F115/><W94/><G106/><T66/><D66/><U36/><E36/><V44/><F110/><W37/><G37/><T123/><D123/><U69/><E69/><V112/><F112/><W118/><G118/><T63/><D63/><N who="1" m="36279" /><E95/><V103/><F125/><W65/><G126/><T31/><D31/><U97/><E97/><V127/><F127/><W26/><G109/><T8/><D108/><U100/><E100/><V128/><F128/><N who="0" m="49226" /><D98/><U68/><E75/><V35/><F103/><W4/><G4/><T81/><D50/><U13/><E68/><V87/><F3/><W117/><G117/><T22/><D81/><U25/><E25/><V52/><F11/><AGARI ba="0,0" hai="5,6,8,9,11,12,19,22,82,84,88" m="49226" machi="11" ten="30,2900,0" yaku="19,1,54,1" doraHai="72" who="0" fromWho="2" sc="250,29,250,0,250,-29,250,0" /><INIT seed="0,1,0,2,3,96" ten="279,250,221,250" oya="0" hai0="112,23,120,3,75,129,22,41,42,121,103,119,94" hai1="50,29,90,63,25,43,11,16,65,84,134,80,19" hai2="102,82,115,6,88,40,44,95,48,28,113,117,45" hai3="76,83,122,97,26,7,101,132,86,61,71,52,55"/><T21/><D119/><U109/><E109/><V27/><F117/><W91/><G132/><T87/><D75/><U15/><E134/><V35/><F6/><W110/><G110/><T33/><D33/><U4/><E50/><V10/><F10/><W68/><G122/><T56/><D112/><U124/><E124/><V46/><F82/><W30/><G7/><T64/><D3/><U106/><E106/><V54/><F102/><W20/><G76/><T59/><D129/><U9/><E43/><V98/><REACH who="2" step="1"/><F45/><REACH who="2" ten="279,250,211,250" step="2"/><W53/><REACH who="3" step="1"/><G61/><REACH who="3" ten="279,250,211,240" step="2"/><N who="0" m="37927" /><D121/><U100/><E9/><V77/><F77/><W92/><AGARI ba="1,2" hai="20,26,30,52,53,55,68,71,83,86,91,92,97,101" machi="92" ten="30,7900,0" yaku="1,1,0,1,52,1,54,1,53,0" doraHai="96" doraHaiUra="127" who="3" fromWho="3" sc="279,-40,250,-21,211,-21,240,102" /><INIT seed="1,0,0,1,0,20" ten="239,229,190,342" oya="1" hai0="54,46,35,18,31,116,27,85,66,28,22,36,92" hai1="94,82,39,115,99,26,9,106,113,134,86,114,65" hai2="101,3,95,91,24,44,130,30,19,78,98,63,11" hai3="81,15,13,129,84,57,61,96,41,108,45,124,88"/><U7/><E39/><V79/><F130/><W128/><G108/><T6/><D116/><U97/><E134/><V2/><F44/><W33/><G33/><T119/><D119/><U109/><E109/><V37/><F37/><W48/><G124/><T72/><D72/><U42/><E42/><V135/><F135/><W120/><G120/><T110/><D110/><U64/><E106/><V47/><F47/><W132/><G132/><T77/><D66/><U111/><E111/><V71/><F91/><W103/><G129/><T69/><D69/><U127/><E127/><V58/><F71/><W107/><G128/><T12/><D31/><U56/><E56/><V8/><F8/><W123/><G123/><T74/><D6/><U1/><E26/><V0/><F19/><W50/><G48/><T126/><D74/><U75/><E75/><V51/><F51/><W34/><G34/><T29/><D28/><U118/><E118/><V32/><REACH who="2" step="1"/><F11/><REACH who="2" ten="239,229,180,342" step="2"/><W117/><G117/><T80/><D126/><U122/><E122/><V125/><F125/><W67/><AGARI ba="0,1" hai="13,15,41,45,50,57,61,67,81,84,88,96,103,107" machi="67" ten="20,2700,0" yaku="0,1,7,1,54,1" doraHai="20" who="3" fromWho="3" sc="239,-7,229,-13,180,-7,342,37" /><INIT seed="2,0,0,2,1,51" ten="232,216,173,379" oya="2" hai0="55,98,83,113,7,96,129,6,45,39,100,108,74" hai1="31,128,41,121,29,19,72,101,53,124,95,70,76" hai2="102,47,104,44,67,90,111,59,60,78,118,26,3" hai3="79,123,21,92,23,54,103,119,15,17,37,61,117"/><V93/><F118/><W18/><G37/><T132/><D113/><U46/><E70/><V14/><F3/><W50/><G61/><T57/><D108/><U28/><E124/><V116/><F116/><W40/><G40/><T135/><D129/><U65/><E128/><V125/><F125/><W82/><G92/><T0/><D74/><U36/><E121/><V49/><F111/><W120/><G103/><T75/><D75/><U68/><E68/><V56/><F78/><W134/><G134/><N who="0" m="51243" /><D83/><U122/><E65/><V105/><F102/><W131/><G131/><T34/><D34/><U86/><E122/><V127/><F127/><W109/><G109/><T80/><D80/><U110/><E72/><V10/><F26/><W30/><G30/><T42/><D0/><U97/><E19/><V85/><F59/><W43/><G43/><T133/><D96/><U25/><E76/><V73/><F73/><W2/><G2/><T13/><D13/><U12/><E12/><V32/><F32/><W115/><G115/><T106/><N who="0" m="51251" /><T9/><DORA hai="38" /><D9/><U126/><E126/><V62/><F62/><AGARI ba="0,0" hai="6,7,39,42,45,55,57,62,98,100,106" m="51251" machi="62" ten="40,5200,0" yaku="20,1,52,2" doraHai="51,38" who="0" fromWho="2" sc="232,52,216,0,173,-52,379,0" /><INIT seed="3,0,0,1,0,37" ten="284,216,121,379" oya="3" hai0="14,49,91,99,11,122,0,67,128,134,29,112,23" hai1="83,54,102,15,105,93,24,21,41,125,123,131,36" hai2="32,110,20,106,50,71,45,118,70,19,6,119,58" hai3="132,66,89,126,88,97,60,92,121,98,61,39,111"/><W96/><G121/><T107/><D122/><U31/><E123/><V78/><F32/><W55/><G39/><T9/><D67/><U27/><E125/><V42/><F106/><W35/><G35/><T100/><D0/><U129/><E105/><V7/><F110/><W130/><G55/><T77/><D77/><U117/><E117/><V52/><F78/><W90/><G92/><T115/><D128/><N who="1" m="49227" /><E54/><V103/><F103/><W87/><G87/><T4/><D134/><U114/><E114/><V81/><F81/><W120/><G60/><T73/><D73/><U57/><E57/><V108/><F108/><W38/><G61/><T94/><D49/><U56/><E56/><V25/><F118/><W51/><G51/><T80/><D80/><U22/><E83/><V48/><REACH who="2" step="1"/><F119/><REACH who="2" ten="284,216,111,379" step="2"/><W75/><G111/><T26/><D100/><U18/><E102/><V59/><F59/><W116/><G116/><T135/><D107/><U109/><E109/><V124/><F124/><W13/><G126/><T8/><D135/><U86/><E93/><V2/><F2/><W17/><G132/><T68/><D94/><U10/><E27/><V62/><F62/><W64/><G130/><T33/><D26/><U104/><E24/><V74/><F74/><W12/><G75/><T63/><D33/><U101/><E101/><V79/><F79/><W127/><G120/><T28/><D63/><U5/><E104/><V95/><F95/><W47/><G127/><T133/><D133/><U43/><E15/><V44/><F44/><W69/><G12/><T16/><D14/><U72/><E72/><RYUUKYOKU ba="0,1" sc="284,-10,216,-10,111,30,379,-10" hai2="6,7,19,20,25,42,45,48,50,52,58,70,71" owari="274,7.4,206,-19.4,141,-35.9,379,47.9" /></mjloggm>