<mjloggm ver="2.3"><GO type="225" lobby="0"/><UN n0="%E3%81%A0%E3%81%8A" n1="%E3%82%A2%E3%82%A4%E3%82%B9%E3%83%86%E3%82%A3%E3%83%BC%E3%81%82%E3%81%B9" n2="%E3%81%99%E3%81%84%E3%81%BE%E3%81%9B%E3%83%BC%E3%82%93" n3="%6D%75%75%6D%75%72%61" dan="16,16,17,16" rate="2041.24,2103.48,2265.65,2080.47" sx="M,M,M,F"/><TAIKYOKU oya="0"/><INIT seed="0,0,0,3,1,84" ten="250,250,250,250" oya="0" hai0="98,83,26,110,44,31,119,128,30,9,63,79,114" hai1="77,68,5,6,43,99,12,0,61,38,109,108,115" hai2="22,65,100,60,51,64,67,10,72,74,33,107,102" hai3="45,89,70,75,59,132,124,121,58,103,125,55,57"/><T19/><D114/><U93/><E0/><V16/><F33/><W49/><G75/><T13/><D119/><U46/><E77/><V76/><F60/><W29/><G103/><T92/><D128/><U127/><E115/><V134/><F134/><W42/><G29/><T36/><D110/><N who="1" m="42603" /><E127/><N who="3" m="48714" /><G132/><T41/><D63/><U101/><E12/><V111/><F111/><W47/><G89/><T131/><D131/><U1/><E1/><V2/><F74/><W97/><G97/><T17/><D17/><U11/><E11/><V85/><F72/><W113/><G113/><T37/><D26/><U95/><E93/><V8/><F107/><W87/><G87/><T133/><D36/><U135/><E135/><V71/><F71/><W90/><G90/><T129/><D129/><U3/><E3/><V54/><F10/><W106/><G106/><T21/><D9/><U86/><E86/><V78/><F2/><W126/><N who="3" m="48722" /><W27/><DORA hai="39" /><G27/><T123/><D123/><U7/><E61/><V62/><F62/><W15/><G15/><T4/><D4/><N who="1" m="1027" /><U82/><DORA hai="24" /><E82/><N who="2" m="47303" /><F8/><W52/><G121/><T96/><D133/><U56/><E56/><N who="3" m="21610" /><G70/><AGARI ba="0,0" hai="38,43,46,68,70,95,99,101" m="1027,42603" machi="70" ten="40,2600,0" yaku="14,1,52,1" doraHai="84,39,24" who="1" fromWho="3" sc="250,0,250,26,250,0,250,-26" /><INIT seed="1,0,0,1,5,27" ten="250,276,250,224" oya="1" hai0="123,58,17,78,88,69,76,16,104,97,70,19,48" hai1="61,90,77,24,35,67,106,80,23,87,36,50,12" hai2="30,134,131,9,56,120,26,45,55,85,49,132,93" hai3="121,28,13,71,84,109,115,62,89,117,74,54,3"/><U111/><E36/><V41/><F120/><W75/><G3/><T81/><D123/><U73/><E106/><V2/><F131/><W46/><G121/><T113/><D113/><U21/><E111/><V20/><F2/><W4/><G115/><T32/><D32/><U59/><E12/><V66/><F66/><W86/><G109/><T44/><D58/><U126/><E126/><V7/><F7/><W0/><G0/><T42/><D78/><U53/><E35/><V110/><F9/><W8/><G117/><T124/><D124/><U6/><E6/><V15/><F15/><W107/><G107/><T10/><D10/><U135/><E135/><V105/><F105/><W130/><G130/><T112/><D112/><U37/><E37/><V116/><F116/><W29/><G84/><T83/><D83/><U79/><E73/><V65/><F65/><W47/><G71/><T64/><D64/><U119/><E119/><V38/><F110/><W133/><G133/><N who="2" m="51305" /><F93/><N who="3" m="54455" /><G74/><T34/><D34/><U39/><E39/><V95/><F95/><W101/><G101/><T14/><D14/><U82/><E80/><V57/><F85/><W5/><G5/><T100/><REACH who="0" step="1"/><D88/><REACH who="0" ten="240,276,250,224" step="2"/><U63/><E23/><V118/><F118/><W11/><G8/><T43/><D43/><U98/><E98/><V1/><F1/><W33/><G33/><T68/><D68/><U127/><E127/><V102/><F102/><W22/><G22/><T122/><D122/><U92/><E82/><V128/><F128/><W96/><G96/><T18/><N who="0" m="4096" /><DORA hai="94" /><T31/><D31/><N who="3" m="11849" /><G75/><AGARI ba="0,1" hai="42,44,48,69,70,75,76,81,97,100,104" m="4096" machi="75" ten="50,6400,0" yaku="1,1,52,1,54,1,53,0" doraHai="27,94" doraHaiUra="25,125" who="0" fromWho="3" sc="240,74,276,0,250,0,224,-64" /><INIT seed="2,0,0,4,5,74" ten="314,276,250,160" oya="2" hai0="59,33,82,24,125,50,61,134,123,84,3,0,14" hai1="85,17,114,39,80,32,26,64,121,106,19,75,78" hai2="49,98,36,73,65,72,29,54,111,37,34,93,95" hai3="18,22,40,70,126,116,92,8,110,5,103,109,97"/><V79/><F65/><W30/><G116/><T124/><D123/><U119/><E114/><V81/><F73/><W107/><G126/><N who="0" m="48747" /><D134/><U28/><E119/><V112/><F112/><W27/><G70/><T11/><D50/><U51/><E39/><V9/><F111/><W90/><G40/><T129/><D129/><U68/><E121/><V122/><F122/><W57/><G57/><T13/><D24/><U69/><E106/><V108/><F108/><W20/><G109/><T96/><D96/><U127/><E127/><V88/><F9/><W128/><G128/><T71/><D33/><U47/><E75/><V6/><F6/><W104/><G110/><T113/><D71/><U56/><E56/><V135/><F135/><W38/><G38/><T43/><D43/><U87/><E85/><V117/><F117/><W62/><G62/><T101/><D101/><U41/><REACH who="1" step="1"/><E68/><REACH who="1" ten="314,266,250,160" step="2"/><V15/><F37/><W105/><G105/><T89/><D113/><U83/><E83/><V66/><F81/><W52/><G107/><T63/><D59/><U12/><E12/><N who="0" m="4713" /><D11/><U86/><E86/><V77/><F72/><W133/><G133/><T115/><D115/><U67/><E67/><V99/><F66/><W31/><G8/><T102/><D102/><U1/><E1/><AGARI ba="0,1" hai="0,1,3,61,63,82,84,89" m="4713,48747" machi="1" ten="30,1000,0" yaku="18,1" doraHai="74" who="0" fromWho="1" sc="314,20,266,-10,250,0,160,0" /><INIT seed="3,0,0,5,2,33" ten="334,256,250,160" oya="3" hai0="5,26,44,16,31,2,52,64,128,102,114,130,122" hai1="10,133,76,11,22,115,79,13,7,4,9,20,107" hai2="118,78,99,100,8,6,46,32,88,58,80,86,129" hai3="71,0,74,48,105,12,132,98,39,91,127,109,89"/><W34/><RYUUKYOKU type="yao9" ba="0,0" sc="334,0,256,0,250,0,160,0" hai3="0,12,34,39,48,71,74,89,91,98,105,109,127,132" /><INIT seed="3,1,0,3,4,15" ten="334,256,250,160" oya="3" hai0="111,87,134,38,28,23,81,33,3,49,125,45,72" hai1="65,34,39,50,100,73,11,19,112,5,117,109,74" hai2="13,66,56,0,6,43,46,70,41,127,120,52,61" hai3="21,25,54,37,129,82,128,17,96,102,86,57,7"/><W55/><G37/><T76/><D3/><U85/><E39/><V135/><F127/><W42/><G42/><T16/><D38/><U60/><E112/><V118/><F118/><W119/><G7/><T95/><D125/><U2/><E34/><V99/><F135/><W131/><G119/><T30/><D134/><U116/><E109/><V79/><F0/><W104/><REACH who="3" step="1"/><G57/><REACH who="3" ten="334,256,250,150" step="2"/><T10/><D111/><U115/><E117/><V64/><F43/><W107/><G107/><T27/><D33/><U132/><E5/><V113/><F113/><W29/><G29/><T71/><D28/><U91/><E115/><V121/><F41/><W44/><G44/><T48/><D30/><U12/><E116/><V53/><F46/><W75/><G75/><T4/><D45/><U130/><E74/><V80/><F6/><W92/><G92/><T58/><D58/><U24/><E73/><V105/><F56/><W78/><AGARI ba="1,1" hai="17,21,25,54,55,78,82,86,96,102,104,128,129,131" machi="78" ten="30,11700,0" yaku="1,1,0,1,19,1,52,1,53,0" doraHai="15" doraHaiUra="133" who="3" fromWho="3" sc="334,-40,256,-40,250,-40,150,130" /><INIT seed="3,2,0,0,0,71" ten="294,216,210,280" oya="3" hai0="114,68,88,10,105,103,111,134,69,112,62,32,36" hai1="35,101,57,43,73,129,19,116,78,4,47,63,60" hai2="29,110,41,79,108,61,89,25,98,8,0,37,16" hai3="33,38,56,48,104,18,6,5,87,20,120,80,31"/><W84/><G104/><T40/><D111/><N who="2" m="42538" /><F79/><W51/><G120/><T39/><D134/><U135/><E135/><V86/><F98/><W66/><G33/><T81/><D32/><U72/><E101/><V75/><F75/><W115/><G38/><N who="0" m="14379" /><D40/><U55/><E129/><V113/><F113/><N who="0" m="43626" /><D62/><U52/><E35/><N who="2" m="20911" /><F61/><W11/><G115/><T15/><D103/><U100/><E100/><V130/><F130/><W58/><G48/><T27/><D27/><U3/><E63/><V132/><F132/><W99/><G51/><T74/><D105/><U54/><E43/><V76/><F76/><W67/><G67/><T46/><D46/><U106/><E47/><N who="2" m="23983" /><F0/><W44/><G44/><T85/><D74/><U26/><E73/><V53/><F53/><W94/><G66/><T23/><D23/><U125/><E78/><V97/><F97/><W17/><G99/><T70/><D70/><U107/><E72/><V65/><F65/><W83/><G20/><T22/><D22/><U21/><E60/><V118/><F118/><W121/><G56/><T12/><D12/><U50/><E57/><V119/><F119/><W127/><G58/><T1/><D1/><U82/><E116/><V9/><F16/><AGARI ba="2,0" hai="10,15,16,68,69,81,85,88" m="43626,14379" machi="16" ten="30,12000,2" yaku="11,1,52,3,54,2" doraHai="71" who="0" fromWho="2" sc="294,126,216,0,210,-126,280,0" owari="420,52.0,216,-18.4,84,-41.6,280,8.0" /></mjloggm>