<mjloggm ver="2.3"><GO type="225" lobby="0"/><UN n0="%E3%81%BF%E3%81%BF%E3%81%9A" n1="%E3%83%97%E3%83%92" n2="%E4%BA%95%E5%B8%AF" n3="%E3%83%97%E3%83%AC%E3%83%B4%E3%82%A1%E3%83%86%E3%82%A3" dan="16,16,16,16" rate="2154.59,2160.62,2043.31,2047.37" sx="M,M,M,F"/><TAIKYOKU oya="0"/><INIT seed="0,0,0,1,1,114" ten="250,250,250,250" oya="0" hai0="5,98,77,29,51,130,15,80,34,123,97,132,85" hai1="63,67,17,133,52,66,76,83,72,32,27,113,82" hai2="18,116,23,46,61,11,109,62,54,59,69,38,9" hai3="43,22,57,112,124,1,87,71,102,127,108,35,47"/><T56/><D123/><U88/><E113/><V0/><F109/><W40/><G112/><T79/><D130/><U125/><E133/><V74/><F74/><W86/><G108/><T65/><D132/><U36/><E36/><V48/><F0/><W135/><G71/><T134/><D134/><U19/><E125/><N who="3" m="48202" /><G35/><T25/><D79/><U41/><E41/><N who="3" m="15946" /><G1/><T31/><D31/><U8/><E32/><V84/><F38/><W10/><G47/><T20/><D34/><U101/><E101/><V6/><F69/><W122/><G122/><T99/><D51/><U3/><E19/><V37/><F62/><W55/><G10/><T91/><D77/><U90/><E3/><V92/><F11/><W119/><G135/><T45/><D45/><U12/><E27/><V75/><F9/><W14/><G102/><T96/><N who="0" m="24576" /><DORA hai="121" /><T93/><D15/><U28/><E28/><V128/><F61/><N who="3" m="36031" /><G119/><T131/><D131/><U120/><E120/><V94/><F116/><W24/><G14/><T103/><D5/><U110/><E110/><V60/><F6/><W118/><G118/><T44/><D44/><U30/><E30/><AGARI ba="0,0" hai="22,24,30,86,87" m="36031,15946,48202" machi="30" ten="30,1000,0" yaku="18,1" doraHai="114,121" who="3" fromWho="1" sc="250,0,250,-10,250,0,250,10" /><INIT seed="1,0,0,2,5,14" ten="250,240,250,260" oya="1" hai0="64,129,84,98,118,81,116,69,92,115,133,103,123" hai1="106,60,111,122,66,73,34,85,12,43,104,75,108" hai2="58,110,53,32,4,96,112,128,62,70,8,117,1" hai3="44,61,2,47,11,7,5,54,63,18,88,57,109"/><U36/><E122/><V71/><F117/><W30/><G109/><N who="1" m="42058" /><E34/><V99/><F128/><W68/><G30/><T89/><D64/><U48/><E36/><V67/><F112/><W65/><G5/><T33/><D69/><N who="1" m="42183" /><E85/><V126/><F126/><W38/><G38/><T15/><D33/><U119/><E119/><V41/><F71/><W107/><G107/><N who="1" m="41002" /><E12/><V76/><F32/><W131/><G131/><T124/><D115/><U23/><E23/><V130/><F110/><W22/><REACH who="3" step="1"/><G88/><REACH who="3" ten="250,240,250,250" step="2"/><T125/><D129/><U121/><E121/><V94/><F130/><W9/><G9/><T113/><D123/><U101/><E101/><V80/><F8/><W91/><G91/><T55/><D113/><U6/><E6/><V39/><F4/><W17/><G17/><T102/><D118/><U27/><E27/><AGARI ba="0,1" hai="2,7,11,18,22,27,44,47,54,57,61,63,65,68" machi="27" ten="30,7700,0" yaku="1,1,7,1,52,1,53,1" doraHai="14" doraHaiUra="16" who="3" fromWho="1" sc="250,0,240,-77,250,0,250,87" /><INIT seed="2,0,0,1,3,41" ten="250,163,250,337" oya="2" hai0="128,54,98,80,62,81,53,13,14,82,7,120,78" hai1="74,34,37,122,3,0,95,58,11,9,63,2,25" hai2="39,99,129,66,84,113,109,105,121,124,86,126,61" hai3="5,89,79,8,111,130,1,51,91,92,83,103,40"/><V32/><F121/><W134/><G111/><T70/><D120/><U69/><E122/><V106/><F113/><W76/><G134/><T43/><D128/><U125/><E125/><N who="2" m="48235" /><F129/><W108/><G130/><T114/><D114/><U29/><E69/><N who="2" m="42191" /><F109/><W55/><G108/><T44/><D98/><U6/><E74/><V26/><F39/><W72/><G40/><T22/><D70/><U96/><E37/><V4/><F4/><W65/><G65/><T112/><D112/><U46/><E6/><V118/><F118/><W21/><G79/><T88/><D78/><U47/><E11/><V133/><F133/><W16/><G103/><T18/><D88/><U94/><E9/><V19/><F19/><W35/><G35/><T48/><D62/><U67/><REACH who="1" step="1"/><E94/><REACH who="1" ten="250,153,250,337" step="2"/><V68/><F68/><W10/><G8/><AGARI ba="0,1" hai="7,8,13,14,18,22,43,44,48,53,54,80,81,82" machi="8" ten="40,2600,0" yaku="8,1,52,1" doraHai="41" who="0" fromWho="3" sc="250,36,153,0,250,0,337,-26" /><INIT seed="3,0,0,4,4,71" ten="286,153,250,311" oya="3" hai0="119,101,80,74,4,92,76,2,114,132,96,81,79" hai1="65,0,24,40,28,117,15,51,86,118,72,115,127" hai2="87,83,93,62,105,11,66,29,75,108,18,22,26" hai3="64,7,3,46,130,131,128,125,116,36,13,102,48"/><W107/><G116/><T106/><D119/><N who="1" m="45579" /><E72/><V57/><F105/><W34/><G34/><T14/><D2/><U35/><E65/><V52/><F108/><W31/><G31/><T58/><D132/><U41/><E0/><V77/><F75/><W19/><G125/><T99/><D4/><U54/><E115/><V69/><F93/><W32/><G32/><T98/><D14/><U47/><E127/><V42/><F42/><N who="3" m="22855" /><G64/><T53/><D114/><U90/><E15/><V129/><F129/><W33/><G33/><T38/><D38/><N who="1" m="21911" /><E41/><V16/><REACH who="2" step="1"/><F11/><REACH who="2" ten="286,153,240,311" step="2"/><N who="3" m="2559" /><G107/><T104/><D106/><U123/><E123/><V84/><F84/><W60/><G102/><T112/><D112/><U113/><E113/><V88/><F88/><W27/><G48/><AGARI ba="0,1" hai="16,18,22,26,29,48,52,57,62,66,69,77,83,87" machi="48" ten="30,8000,1" yaku="1,1,7,1,54,2,53,1" doraHai="71" doraHaiUra="63" who="2" fromWho="3" sc="286,0,153,0,240,90,311,-80" owari="286,8.6,153,-34.7,330,43.0,231,-16.9" /></mjloggm>