<mjloggm ver="2.3"><GO type="225" lobby="0"/><UN n0="%E5%AE%AE%E4%BF%9D%E9%B6%8F%E8%82%89" n1="%E3%81%A1%E3%82%85%E3%81%86%E3%81%A9%E3%81%8F%E8%B1%A1%E3%81%95%E3%82%93" n2="%E9%80%9F%E6%B0%B4%E5%87%9B%E9%A6%99" n3="%E3%81%BE%E3%81%A8%E3%81%9F" dan="16,17,16,16" rate="2121.24,2246.95,2113.95,2152.40" sx="M,M,F,M"/><TAIKYOKU oya="0"/><INIT seed="0,0,0,5,1,76" ten="250,250,250,250" oya="0" hai0="1,96,135,32,27,42,91,132,129,74,41,131,49" hai1="95,15,51,71,108,119,79,113,121,98,111,60,26" hai2="0,23,3,35,13,127,110,18,101,69,120,24,54" hai3="83,93,89,68,125,22,36,44,52,122,88,37,34"/><T107/><D1/><U5/><E121/><V30/><F69/><W4/><G34/><T61/><D74/><U12/><E119/><V50/><F120/><W77/><G122/><T99/><D61/><U117/><E117/><V58/><F110/><N who="1" m="42025" /><E79/><V102/><F127/><W65/><G125/><T105/><D32/><U62/><E113/><V45/><F0/><W48/><G4/><T112/><D27/><U133/><E133/><N who="0" m="51273" /><D49/><U114/><E114/><V73/><F73/><W70/><G22/><T94/><D112/><U118/><E118/><V78/><F78/><W106/><G106/><N who="0" m="40459" /><D41/><U20/><E51/><V28/><F28/><W43/><G36/><T53/><D53/><U87/><E87/><V59/><F3/><W92/><G37/><T126/><D42/><U115/><E115/><V80/><F59/><W56/><G43/><T14/><D14/><N who="1" m="5163" /><E5/><V109/><F109/><W47/><G77/><T9/><D9/><U29/><E71/><V104/><F35/><W25/><G70/><T16/><D16/><U123/><E123/><V19/><F19/><W2/><G68/><T33/><D33/><U8/><E8/><V100/><F30/><W85/><G2/><T82/><D126/><U84/><E84/><V46/><F13/><W128/><G25/><T64/><D64/><U7/><E7/><V63/><F50/><W57/><G48/><T55/><D55/><U67/><E67/><V21/><F21/><W103/><G52/><T116/><D116/><U66/><E66/><V40/><F40/><W10/><G65/><T38/><D38/><U97/><E97/><RYUUKYOKU ba="0,0" sc="250,-10,250,30,250,-10,250,-10" hai1="20,26,29,60,62,95,98" /><INIT seed="1,1,0,1,3,129" ten="240,280,240,240" oya="1" hai0="86,78,69,27,108,67,10,109,115,66,120,24,39" hai1="128,113,32,84,125,7,110,81,102,3,103,35,112" hai2="29,85,101,14,89,18,4,130,57,73,23,15,68" hai3="64,5,106,60,77,99,90,44,8,53,75,48,1"/><U25/><E128/><V31/><F68/><W41/><G77/><T38/><D115/><U52/><E125/><V122/><F73/><W71/><G75/><T34/><D10/><U20/><E110/><N who="0" m="42601" /><D120/><U116/><E116/><V59/><F130/><W43/><REACH who="3" step="1"/><G90/><REACH who="3" ten="240,280,240,230" step="2"/><T124/><D78/><U6/><E112/><V91/><F122/><W17/><G17/><T0/><D124/><U127/><E113/><V51/><F91/><W45/><G45/><T111/><D111/><U16/><E127/><V40/><F101/><AGARI ba="1,1" hai="1,5,8,41,43,44,48,53,60,64,71,99,101,106" machi="101" ten="40,1300,0" yaku="1,1,53,0" doraHai="129" doraHaiUra="9" who="3" fromWho="2" sc="240,0,280,0,240,-16,230,26" /><INIT seed="2,0,0,5,2,90" ten="240,280,224,256" oya="2" hai0="3,127,29,22,121,53,31,115,110,117,132,42,78" hai1="71,5,80,56,2,36,51,46,69,41,44,76,126" hai2="7,134,118,116,109,93,54,45,62,103,111,17,135" hai3="39,50,96,114,112,30,108,37,104,105,16,73,131"/><V26/><F7/><W106/><G73/><T48/><D78/><U98/><E98/><N who="2" m="59855" /><F17/><W64/><G131/><T79/><D79/><U61/><E126/><V32/><F26/><W57/><G30/><T13/><D42/><N who="1" m="22599" /><E5/><V27/><F27/><W89/><G108/><N who="2" m="41545" /><F32/><W125/><G125/><T128/><D121/><U122/><E2/><V9/><F9/><W123/><G123/><T40/><D132/><N who="2" m="50730" /><F45/><W65/><G16/><T129/><D22/><U25/><E25/><V95/><F95/><N who="3" m="56431" /><G37/><T94/><D94/><U1/><E1/><V133/><N who="2" m="50738" /><V52/><DORA hai="21" /><F62/><W59/><G39/><T38/><D38/><U83/><E69/><V84/><F84/><W74/><G74/><T58/><D3/><U0/><E0/><V24/><F24/><W18/><G18/><T77/><D29/><U120/><E71/><V15/><F15/><W85/><G85/><T6/><D13/><U68/><E68/><V113/><F113/><N who="3" m="43627" /><G50/><T101/><D48/><U86/><E61/><V33/><F33/><W14/><G14/><T87/><D87/><N who="1" m="48519" /><E122/><V20/><F20/><W12/><G12/><T99/><D115/><U49/><E120/><V75/><F75/><W100/><G57/><T55/><D58/><U11/><E11/><V82/><F82/><W70/><G59/><T19/><D110/><U66/><E66/><N who="3" m="25706" /><G70/><T91/><D19/><U4/><E4/><V23/><F23/><W10/><G10/><T8/><D8/><U97/><E56/><V102/><F102/><AGARI ba="0,0" hai="100,102,104,105,106" m="25706,43627,56431" machi="102" ten="40,2600,0" yaku="11,1,52,1" doraHai="90,21" who="3" fromWho="2" sc="240,0,280,0,224,-26,256,26" /><INIT seed="3,0,0,1,2,101" ten="240,280,198,282" oya="3" hai0="79,43,61,48,41,65,42,9,45,84,49,44,86" hai1="123,118,38,53,128,15,122,11,4,98,71,115,90" hai2="23,88,114,109,0,77,19,58,127,28,22,25,1" hai3="80,50,135,94,81,68,116,125,126,76,40,110,96"/><W87/><G116/><T34/><D34/><U72/><E115/><V104/><F114/><W107/><G68/><N who="0" m="42031" /><D9/><U56/><E71/><V69/><F69/><W18/><G18/><T36/><D84/><U124/><E72/><V35/><F77/><N who="3" m="46479" /><G50/><N who="0" m="19563" /><D86/><U134/><E38/><V17/><F58/><W129/><G129/><T117/><D79/><U52/><E128/><V31/><F104/><W130/><G40/><N who="0" m="15467" /><D117/><U108/><E118/><V16/><F88/><N who="3" m="55367" /><G130/><T103/><D103/><U100/><E90/><V21/><F127/><N who="3" m="48651" /><G107/><T60/><D60/><U121/><E124/><V7/><F109/><W13/><G13/><T51/><D45/><U5/><E108/><V70/><F70/><W89/><G89/><T82/><D82/><U91/><E91/><V97/><F97/><W120/><G110/><T3/><D3/><N who="2" m="1098" /><F7/><W92/><G81/><T33/><D33/><U37/><E4/><V27/><AGARI ba="0,0" hai="16,17,19,21,22,23,25,27,28,31,35" m="1098" machi="27" ten="40,12000,2" yaku="35,5,54,1" doraHai="101" who="2" fromWho="2" sc="240,-30,280,-30,198,120,282,-60" owari="210,-29.0,250,5.0,318,41.8,222,-17.8" /></mjloggm>