<mjloggm ver="2.3"><GO type="225" lobby="0"/><UN n0="%6D%75%75%6D%75%72%61" n1="%E3%81%82%E3%81%99%E3%81%AB%E3%82%83%E3%82%80" n2="%E8%BE%9B%E5%8F%A3%E3%82%AB%E3%83%AC%E3%83%BC%E3%83%A9%E3%82%A4%E3%82%B9" n3="%E3%83%88%E3%83%A9%E3%83%9E%E3%83%AB" dan="16,16,16,16" rate="2161.71,2098.92,2213.11,2116.77" sx="F,F,M,M"/><TAIKYOKU oya="0"/><INIT seed="0,0,0,4,3,51" ten="250,250,250,250" oya="0" hai0="22,58,86,37,114,7,62,119,5,79,56,11,15" hai1="116,36,61,110,77,102,64,2,115,45,47,26,100" hai2="87,1,101,81,52,73,35,44,134,127,27,131,41" hai3="76,132,98,103,49,126,71,82,93,19,85,30,25"/><T84/><D114/><U125/><E116/><V34/><F1/><W91/><G71/><T75/><D119/><U108/><E115/><V72/><F131/><W129/><G129/><T31/><D37/><U117/><E117/><V99/><F134/><W121/><G132/><T69/><D69/><U123/><E123/><V18/><F127/><W39/><G39/><T135/><D75/><U29/><E2/><V14/><F73/><W50/><G126/><T17/><D135/><U9/><E9/><V63/><F72/><W80/><G121/><T24/><D58/><U12/><E12/><V42/><F27/><W53/><G19/><T124/><D124/><U70/><E77/><N who="2" m="46511" /><F35/><W67/><G67/><T33/><D79/><U118/><E118/><V128/><F34/><W78/><G50/><T8/><D8/><U43/><E47/><V83/><F83/><W111/><G82/><T6/><REACH who="0" step="1"/><D33/><REACH who="0" ten="240,250,250,250" step="2"/><N who="1" m="20663" /><E125/><V109/><F128/><W104/><G111/><AGARI ba="0,1" hai="36,43,45,61,64,70,100,102,108,110,111" m="20663" machi="111" ten="30,1000,0" yaku="14,1" doraHai="51" who="1" fromWho="3" sc="240,0,250,20,250,0,250,-10" /><INIT seed="1,0,0,3,2,10" ten="240,270,250,240" oya="1" hai0="71,63,91,102,130,73,54,124,114,99,132,118,98" hai1="107,84,8,34,62,17,16,59,3,37,121,88,119" hai2="100,110,76,90,5,116,82,60,35,66,29,92,44" hai3="56,2,51,47,125,128,40,77,26,111,38,79,96"/><U127/><E119/><V39/><F116/><W78/><G2/><T6/><D118/><U123/><E37/><V89/><F110/><W33/><G111/><T52/><D114/><U22/><E34/><V108/><F108/><W113/><G113/><T105/><D73/><U27/><E107/><V46/><F5/><W32/><G125/><T7/><D124/><U64/><E127/><V65/><F100/><W28/><G128/><T85/><D130/><U18/><E3/><V112/><F112/><W87/><G96/><T80/><D132/><U68/><E68/><V11/><F11/><W117/><G117/><T61/><D99/><U55/><E64/><V30/><F35/><W106/><G106/><T1/><D1/><U133/><E133/><V131/><F131/><W129/><G129/><T74/><D74/><U122/><REACH who="1" step="1"/><E8/><REACH who="1" ten="240,260,250,240" step="2"/><V120/><F39/><W97/><G33/><T21/><D71/><U45/><E45/><V23/><F46/><W12/><G38/><T95/><D105/><U94/><AGARI ba="0,1" hai="16,17,18,22,27,55,59,62,84,88,94,121,122,123" machi="94" ten="30,12000,1" yaku="1,1,0,1,54,2,53,1" doraHai="10" doraHaiUra="53" who="1" fromWho="1" sc="240,-40,260,130,250,-40,240,-40" /><INIT seed="1,1,0,5,0,0" ten="200,390,210,200" oya="1" hai0="81,46,54,79,133,10,38,27,19,80,115,97,125" hai1="130,11,34,89,84,58,57,91,119,25,32,98,21" hai2="112,61,42,90,128,24,66,51,36,95,23,5,111" hai3="109,56,87,16,22,127,101,76,49,35,28,93,65"/><U96/><E119/><V105/><F105/><W135/><G109/><T39/><D115/><U92/><E130/><V70/><F111/><W63/><G127/><T117/><D117/><U2/><E2/><V59/><F112/><W75/><G135/><T72/><D133/><U26/><E11/><V29/><F128/><W64/><G75/><T129/><D125/><U118/><E118/><V77/><F77/><W126/><G126/><T33/><D129/><U1/><E1/><V40/><F36/><W31/><G35/><T120/><D120/><U100/><E84/><V85/><REACH who="2" step="1"/><F5/><REACH who="2" ten="200,390,200,200" step="2"/><W74/><G74/><T67/><D39/><U69/><E100/><V82/><F82/><W107/><G107/><T78/><D72/><U37/><E37/><V7/><F7/><W83/><G64/><T132/><D132/><U50/><E92/><V104/><F104/><W17/><G101/><T103/><D67/><U123/><E91/><V122/><F122/><W68/><G93/><T60/><D38/><U131/><E89/><V47/><F47/><W124/><G124/><T48/><D80/><U8/><E131/><V106/><F106/><W3/><G87/><T108/><D108/><U4/><E123/><V114/><F114/><W12/><G83/><T94/><D81/><U20/><E4/><V9/><F9/><W30/><G76/><T88/><D79/><U14/><E8/><V134/><F134/><W44/><G68/><T62/><D78/><U15/><E69/><V45/><F45/><W99/><G99/><T73/><D73/><U116/><E116/><V6/><F6/><RYUUKYOKU ba="1,1" sc="200,-15,390,15,200,15,200,-15" hai1="14,15,20,21,25,26,32,34,50,57,58,96,98" hai2="23,24,29,40,42,51,59,61,66,70,85,90,95" /><INIT seed="1,2,1,5,5,93" ten="185,405,215,185" oya="1" hai0="117,9,57,79,77,112,1,130,133,69,103,48,90" hai1="40,98,55,16,34,24,44,13,135,12,21,39,60" hai2="33,4,102,74,89,32,114,26,67,86,27,123,0" hai3="59,95,88,6,83,113,22,62,99,85,36,126,23"/><U111/><E135/><V100/><F123/><W78/><G113/><T134/><D112/><U18/><E111/><V30/><F74/><W128/><G36/><T68/><D117/><U82/><E34/><V127/><F127/><W3/><G126/><T42/><D130/><U5/><E5/><V2/><F114/><W116/><G116/><T54/><D42/><U110/><E110/><V80/><F67/><W115/><G115/><T65/><D103/><U47/><E82/><V87/><F87/><W72/><G128/><T75/><D90/><U122/><E122/><V119/><F119/><W17/><G3/><T50/><D50/><U64/><E98/><V66/><F66/><W45/><G45/><T37/><D37/><U76/><E76/><N who="0" m="29257" /><D65/><U104/><E104/><V108/><F108/><W8/><G6/><N who="0" m="1231" /><D75/><U31/><E12/><V29/><REACH who="2" step="1"/><F2/><REACH who="2" ten="185,405,205,185" step="2"/><W63/><G72/><T56/><D68/><U14/><E64/><V43/><F43/><W131/><G131/><T101/><D69/><U46/><E40/><V41/><F41/><W91/><G78/><T81/><D133/><U107/><E39/><V92/><F92/><W58/><G95/><T105/><D134/><U15/><E107/><V19/><F19/><W52/><G17/><T61/><D81/><U35/><E18/><V7/><F7/><W106/><G83/><T71/><D71/><U96/><E16/><V28/><F28/><W73/><G106/><T53/><D105/><U121/><E121/><V84/><F84/><W70/><G73/><T120/><D120/><U129/><E129/><V49/><F49/><RYUUKYOKU ba="2,2" sc="185,15,405,-15,205,15,185,-15" hai0="48,53,54,56,57,61,101" hai2="0,4,26,27,29,30,32,33,80,86,89,100,102" /><INIT seed="2,3,2,4,1,98" ten="200,390,220,170" oya="2" hai0="15,99,78,71,74,134,131,10,61,122,22,82,114" hai1="16,58,117,91,59,95,101,112,85,38,14,19,65" hai2="94,66,42,4,96,0,31,103,34,9,51,7,3" hai3="102,107,1,120,84,5,92,45,115,54,18,37,44"/><V47/><F66/><W11/><G120/><T24/><D122/><U119/><E38/><V48/><F31/><W133/><G107/><T97/><D114/><U80/><E112/><V111/><F111/><W93/><G133/><T60/><D134/><U29/><E29/><V56/><F34/><W53/><G115/><T64/><D60/><U50/><E119/><V88/><F3/><W125/><G125/><T12/><D131/><U35/><E35/><V135/><F135/><W130/><G130/><T83/><D83/><U2/><E2/><V6/><F56/><W126/><G126/><T127/><D127/><U13/><E117/><V123/><F123/><W104/><G104/><T79/><D79/><U62/><E50/><V106/><REACH who="2" step="1"/><F51/><REACH who="2" ten="200,390,210,170" step="2"/><W77/><G37/><T36/><D36/><U68/><E58/><V63/><F63/><W17/><G45/><T113/><D113/><U89/><E59/><V30/><F30/><W28/><G28/><T87/><D61/><U105/><E62/><V39/><F39/><W40/><G44/><T8/><D64/><U129/><E65/><V72/><F72/><W20/><G1/><T121/><D74/><U124/><E129/><V116/><F116/><W49/><G49/><T55/><D121/><U108/><E124/><V57/><F57/><W86/><G54/><T132/><D55/><U69/><E108/><V75/><F75/><W118/><G53/><T27/><D132/><U52/><E52/><V43/><F43/><W41/><G41/><T26/><D71/><U109/><E109/><V128/><F128/><W73/><G40/><RYUUKYOKU ba="3,3" sc="200,-10,390,-10,210,30,170,-10" hai2="0,4,6,7,9,42,47,48,88,94,96,103,106" /><INIT seed="2,4,3,2,2,101" ten="190,380,240,160" oya="2" hai0="75,11,124,18,10,42,122,88,118,70,69,112,25" hai1="37,43,93,82,6,39,52,56,92,50,125,28,86" hai2="97,109,51,134,91,106,74,12,108,114,98,21,46" hai3="36,60,49,100,30,132,47,104,107,129,102,128,31"/><V7/><F114/><W95/><G36/><T16/><D112/><U19/><E125/><V113/><F113/><W123/><G123/><T23/><D122/><U72/><E72/><V119/><F119/><W5/><G5/><T85/><D75/><U8/><E28/><N who="3" m="10794" /><G60/><T13/><D124/><U14/><E19/><N who="2" m="10471" /><F134/><W41/><G132/><T130/><D130/><N who="3" m="50281" /><G95/><T116/><D42/><U110/><E110/><N who="2" m="42603" /><F74/><W105/><AGARI ba="4,3" hai="41,47,49,100,102,104,105,107" m="50281,10794" machi="105" ten="40,8000,1" yaku="19,1,52,3" doraHai="101" who="3" fromWho="3" sc="190,-24,380,-24,240,-44,160,122" /><INIT seed="3,0,0,3,0,29" ten="166,356,196,282" oya="3" hai0="2,100,98,109,28,71,69,126,50,18,87,0,106" hai1="9,78,110,108,60,101,96,66,102,85,32,56,62" hai2="45,7,74,135,63,3,121,31,20,36,119,24,73" hai3="1,83,65,111,34,127,47,64,61,84,46,35,132"/><W113/><G113/><T22/><D109/><N who="1" m="42091" /><E32/><V88/><F119/><W12/><G1/><T131/><D131/><U25/><E25/><V58/><F135/><W86/><G111/><T55/><D126/><U105/><E102/><V123/><F88/><W94/><G132/><T23/><D2/><U67/><E9/><N who="2" m="2303" /><F45/><W89/><G127/><T72/><D72/><U134/><E134/><V95/><F95/><W8/><G47/><T10/><D87/><U99/><E99/><V92/><F92/><W52/><G65/><T80/><D80/><N who="1" m="47255" /><E60/><V51/><F51/><W81/><G94/><T112/><D112/><U27/><E27/><V77/><F77/><W26/><G26/><T104/><D104/><U90/><E90/><V49/><F49/><N who="3" m="28727" /><G61/><T19/><D0/><U128/><E128/><V4/><F36/><W11/><G11/><T44/><D10/><U79/><E79/><V118/><F118/><W125/><G64/><AGARI ba="0,0" hai="56,62,64,66,67,96,101,105" m="47255,42091" machi="64" ten="30,1000,0" yaku="14,1" doraHai="29" who="1" fromWho="3" sc="166,0,356,10,196,0,282,-10" owari="166,-33.4,366,46.6,196,-20.4,272,7.2" /></mjloggm>