<mjloggm ver="2.3"><GO type="225" lobby="0"/><UN n0="%77%72%77%72%77%72%77%72" n1="%48%61%61%61%6C%61%6E%64" n2="%E5%8D%A0%E3%81%84%E5%B8%AB%E8%A3%8F%E3%81%AA%E3%81%84%E3%81%97" n3="%E7%89%B9%E6%9D%B1%E3%81%AF%E4%B8%96%E7%95%8C%E3%82%92%E6%95%91%E3%81%86" dan="17,18,17,16" rate="2187.76,2161.49,2165.17,2143.59" sx="M,M,M,M"/><TAIKYOKU oya="0"/><INIT seed="0,0,0,1,4,15" ten="250,250,250,250" oya="0" hai0="33,106,132,102,19,134,65,11,89,131,105,123,76" hai1="2,75,84,81,13,49,57,25,90,44,12,22,51" hai2="4,133,116,91,9,70,56,23,37,98,124,79,74" hai3="8,5,66,42,3,78,52,80,62,101,71,67,53"/><T104/><D33/><U34/><E2/><V58/><F70/><W99/><G67/><T109/><D123/><U64/><E34/><V118/><F37/><W72/><REACH who="3" step="1"/><G42/><REACH who="3" ten="250,250,250,240" step="2"/><T120/><D65/><U85/><E75/><V6/><F74/><W16/><G16/><T35/><D19/><N who="1" m="12511" /><E85/><V47/><F118/><W39/><G39/><T87/><D120/><U127/><E127/><V69/><F124/><W17/><G17/><T30/><D87/><U113/><E113/><V83/><F116/><W45/><G45/><T107/><D134/><U128/><E128/><V126/><F47/><W0/><G0/><T50/><D132/><U40/><E64/><V59/><F133/><W73/><G73/><T103/><D131/><U77/><E77/><V108/><F79/><W48/><G48/><T96/><D50/><U68/><E68/><V100/><F69/><W18/><G18/><T95/><D76/><U28/><E28/><V55/><F126/><W46/><G46/><T14/><D14/><U1/><E1/><V111/><F58/><W112/><G112/><T110/><D11/><U27/><E27/><V29/><F56/><W31/><G31/><T117/><D117/><U24/><E24/><V121/><F59/><W10/><G10/><T32/><D30/><U63/><E63/><V130/><F121/><W114/><G114/><T20/><D32/><U88/><E12/><V41/><F130/><W60/><G60/><T97/><D35/><U36/><E13/><V115/><F29/><W26/><G26/><T86/><D20/><U129/><E129/><V125/><F115/><RYUUKYOKU ba="0,1" sc="250,15,250,-15,250,-15,240,15" hai0="86,89,95,96,97,102,103,104,105,106,107,109,110" hai3="3,5,8,52,53,62,66,71,72,78,80,99,101" /><INIT seed="0,1,1,0,0,135" ten="265,235,235,255" oya="0" hai0="90,125,57,43,61,127,47,54,1,80,16,122,38" hai1="41,73,46,55,132,32,114,88,11,97,31,98,17" hai2="64,10,104,118,30,74,120,99,44,96,27,70,133" hai3="130,23,83,66,101,22,24,20,93,129,56,103,6"/><T109/><D122/><U94/><E114/><V18/><F120/><W108/><G108/><T2/><D109/><U121/><E121/><V50/><F133/><W28/><G6/><T4/><D4/><U29/><E73/><V40/><F74/><W119/><G119/><T8/><D80/><U39/><E132/><V117/><F18/><W85/><G130/><T62/><D90/><U59/><E32/><N who="2" m="20575" /><F10/><W126/><G126/><N who="0" m="48139" /><D62/><U134/><E134/><V131/><F131/><W12/><G129/><T92/><D92/><U82/><E82/><V63/><F99/><W26/><G93/><T105/><D105/><U42/><E98/><V51/><F51/><W65/><G83/><T33/><D33/><U106/><E106/><V9/><F9/><W111/><G111/><T75/><D75/><U116/><E97/><V72/><F72/><W102/><G85/><T79/><D79/><U34/><E34/><V35/><F35/><W91/><G91/><T58/><D58/><U53/><E88/><V81/><F81/><W52/><G56/><T69/><D69/><U124/><E94/><V5/><F5/><W100/><G102/><AGARI ba="1,1" hai="40,44,50,63,64,70,96,102,104,117,118" m="20575" machi="102" ten="30,1000,0" yaku="25,1" doraHai="135" who="2" fromWho="3" sc="265,0,235,0,235,23,255,-13" /><INIT seed="1,0,0,4,4,127" ten="265,235,258,242" oya="1" hai0="79,88,12,92,52,97,101,8,116,10,39,117,93" hai1="113,13,120,99,50,57,104,82,134,128,133,84,100" hai2="75,38,87,46,131,43,36,114,106,78,121,123,110" hai3="51,18,64,89,80,85,67,48,22,115,14,90,33"/><U61/><E113/><V125/><F114/><W119/><G115/><T19/><D39/><U65/><E120/><V81/><F125/><W118/><G33/><T66/><D66/><N who="3" m="25129" /><G90/><T126/><D126/><U30/><E30/><V105/><F87/><W5/><G5/><T20/><D79/><U55/><E13/><V45/><F110/><W17/><G17/><T96/><REACH who="0" step="1"/><D52/><REACH who="0" ten="255,235,258,242" step="2"/><U58/><REACH who="1" step="1"/><E128/><REACH who="1" ten="255,225,258,242" step="2"/><V70/><F131/><W9/><G119/><AGARI ba="0,2" hai="8,10,12,19,20,88,92,93,96,97,101,116,117,119" machi="119" ten="40,5200,0" yaku="1,1,2,1,54,1,53,0" doraHai="127" doraHaiUra="73" who="0" fromWho="3" sc="255,72,225,0,258,0,242,-52" /><INIT seed="2,0,0,3,2,99" ten="327,225,258,190" oya="2" hai0="40,21,57,100,12,103,91,109,62,86,8,96,112" hai1="124,53,131,32,29,126,94,125,116,39,107,78,80" hai2="69,15,71,132,129,59,98,68,1,37,19,47,5" hai3="28,42,133,81,30,55,9,6,44,31,82,65,135"/><V17/><F132/><W84/><G65/><T45/><D112/><U11/><E107/><V93/><F129/><W51/><G55/><T90/><D109/><U4/><E131/><V41/><F1/><W115/><G115/><T33/><D33/><U76/><E116/><V25/><F25/><W7/><G7/><T108/><D108/><U0/><E39/><V35/><F35/><W61/><G61/><T85/><D21/><U67/><E67/><V83/><F83/><W58/><G58/><T20/><D20/><U46/><E94/><V56/><F5/><W74/><G74/><T121/><D96/><U104/><E104/><V43/><F41/><W110/><G110/><T130/><D121/><U22/><E32/><V73/><F19/><W123/><G123/><T101/><D130/><U134/><E134/><V127/><F73/><W120/><G82/><T27/><D27/><N who="1" m="16631" /><E80/><V3/><F3/><W87/><G87/><N who="0" m="33291" /><D45/><U64/><E64/><V2/><F2/><W102/><G120/><T54/><D40/><U75/><E75/><V106/><F106/><W10/><G10/><T63/><D62/><U18/><E46/><V34/><F127/><W117/><G117/><T66/><D66/><U50/><E50/><V95/><F95/><W26/><G135/><T23/><D23/><U111/><E111/><V105/><F105/><W72/><G133/><T113/><D113/><U52/><E125/><V92/><F92/><W128/><G72/><T79/><D79/><N who="1" m="30251" /><E126/><V89/><F34/><N who="3" m="20759" /><G128/><T13/><D8/><N who="1" m="2055" /><E124/><V48/><F37/><N who="3" m="21583" /><G31/><T14/><AGARI ba="0,0" hai="12,13,14,54,57,63,90,91,100,101,103" m="33291" machi="14" ten="40,8000,1" yaku="8,1,52,3" doraHai="99" who="0" fromWho="0" sc="327,80,225,-20,258,-40,190,-20" /><INIT seed="3,0,0,3,5,134" ten="407,205,218,170" oya="3" hai0="102,52,45,99,33,71,120,58,113,118,11,91,10" hai1="107,108,67,26,92,50,125,47,25,117,65,103,101" hai2="3,80,2,24,8,66,90,84,27,69,114,31,51" hai3="59,41,44,83,129,132,122,85,23,39,1,104,87"/><W0/><G122/><T34/><D118/><U111/><E107/><V121/><F114/><W79/><G132/><T38/><D71/><U94/><E117/><V130/><F121/><W82/><G129/><T95/><D120/><U62/><E125/><V17/><F130/><W119/><G119/><T133/><D133/><U15/><E15/><V93/><F66/><N who="1" m="25097" /><E62/><V43/><F69/><W115/><G115/><T7/><D91/><U106/><E106/><V105/><F105/><W97/><G59/><T14/><D99/><U88/><E111/><V48/><F2/><W123/><G123/><T70/><D95/><N who="1" m="36395" /><E88/><N who="2" m="51207" /><F3/><W53/><G53/><T89/><D52/><N who="1" m="29791" /><E108/><V77/><F77/><W12/><G12/><T55/><D10/><U64/><N who="1" m="25105" /><U35/><DORA hai="124" /><E35/><V29/><F24/><AGARI ba="0,0" hai="24,25,26,101,103" m="29791,36395,25105" machi="24" ten="40,2600,0" yaku="8,1,54,1" doraHai="134,124" who="1" fromWho="2" sc="407,0,205,26,218,-26,170,0" owari="407,50.7,231,3.1,192,-20.8,170,-33.0" /></mjloggm>