<mjloggm ver="2.3"><GO type="225" lobby="0"/><UN n0="%E3%82%A2%E3%83%BC%E3%83%A2%E3%83%AD%E3%83%BC%E3%83%B4%E3%82%A1" n1="%72%61%6B%33" n2="%74%61%6B%75%61%6B%61" n3="%E3%81%93%E3%81%8F%E3%82%89%E3%82%AB%E3%83%90%E8%94%B5" dan="16,17,16,17" rate="2129.77,2260.73,2175.28,2091.64" sx="M,M,M,M"/><TAIKYOKU oya="0"/><INIT seed="0,0,0,3,1,50" ten="250,250,250,250" oya="0" hai0="80,0,100,132,26,89,129,28,64,65,114,116,10" hai1="43,73,93,81,5,78,1,76,90,8,70,37,110" hai2="103,54,75,45,3,24,61,87,118,22,59,7,101" hai3="29,23,82,48,62,102,86,133,36,119,88,15,106"/><T60/><D114/><U9/><E78/><V39/><F75/><W108/><G36/><T134/><D116/><U6/><E110/><V4/><F118/><W84/><G119/><T123/><D123/><U41/><E70/><V113/><F113/><W58/><G108/><T63/><D100/><N who="2" m="38474" /><F39/><W83/><G133/><N who="0" m="51307" /><D129/><U98/><REACH who="1" step="1"/><E37/><REACH who="1" ten="250,240,250,250" step="2"/><V71/><F71/><W112/><G112/><T69/><D69/><U34/><E34/><V19/><F3/><AGARI ba="0,1" hai="1,3,5,6,8,9,41,43,73,76,81,90,93,98" machi="3" ten="30,3900,0" yaku="1,1,7,1,9,1,53,0" doraHai="50" doraHaiUra="44" who="1" fromWho="2" sc="250,0,240,49,250,-39,250,0" /><INIT seed="1,0,0,1,3,23" ten="250,289,211,250" oya="1" hai0="9,30,53,17,2,74,111,12,28,1,20,121,123" hai1="134,90,104,115,51,97,10,103,45,35,87,61,62" hai2="76,60,22,0,93,26,81,66,127,33,37,128,64" hai3="89,132,98,91,129,25,11,56,99,29,101,19,95"/><U4/><E134/><V40/><F33/><W80/><G132/><T7/><D74/><U130/><E130/><V69/><F128/><W105/><G129/><T112/><D53/><U48/><E35/><V63/><F127/><W85/><G56/><T65/><D65/><U135/><E115/><V125/><F125/><W119/><G119/><T131/><D131/><U100/><E100/><V24/><F0/><N who="0" m="106" /><D112/><U133/><E133/><V72/><F93/><W94/><G105/><T13/><D111/><U8/><E48/><V39/><F40/><W88/><G29/><AGARI ba="0,0" hai="7,9,12,13,17,20,28,29,30,121,123" m="106" machi="29" ten="30,2000,0" yaku="34,2" doraHai="23" who="0" fromWho="3" sc="250,20,289,0,211,0,250,-20" /><INIT seed="2,0,0,1,5,41" ten="270,289,211,230" oya="2" hai0="95,107,68,131,37,132,96,113,122,28,128,85,82" hai1="66,91,53,121,10,70,135,0,56,18,69,105,126" hai2="36,88,62,98,93,48,108,38,5,17,30,109,84" hai3="13,35,124,47,27,77,99,16,73,25,58,67,78"/><V125/><F125/><W127/><G73/><T71/><D122/><U110/><E105/><V43/><F5/><W115/><G115/><T52/><D113/><U104/><E104/><V119/><F119/><W74/><G74/><T45/><D107/><U86/><E126/><N who="3" m="48170" /><G99/><T64/><D28/><U44/><E110/><N who="2" m="42603" /><F30/><N who="3" m="19919" /><G27/><T120/><D64/><U89/><E66/><V34/><F34/><W7/><G7/><T81/><D120/><U4/><E4/><V14/><F62/><N who="3" m="38359" /><G47/><T80/><D85/><U134/><E86/><V33/><F33/><W24/><G24/><T106/><D106/><U55/><E121/><V42/><F98/><W54/><G54/><T133/><D71/><U21/><E70/><V59/><F42/><W94/><G94/><T9/><D68/><U6/><E69/><V75/><F75/><W72/><G72/><T79/><D95/><U111/><E6/><V92/><F92/><W83/><G83/><T57/><D96/><U63/><E111/><V29/><F29/><W8/><AGARI ba="0,0" hai="8,13,16,77,78" m="38359,19919,48170" machi="8" ten="30,2000,0" yaku="18,1,54,1" doraHai="41" who="3" fromWho="3" sc="270,-5,289,-5,211,-10,230,20" /><INIT seed="3,0,0,4,4,29" ten="265,284,201,250" oya="3" hai0="135,8,41,67,17,68,64,63,38,94,62,19,98" hai1="49,110,13,57,11,81,7,117,26,120,116,23,127" hai2="25,42,31,101,28,89,71,105,88,24,48,128,75" hai3="125,32,100,70,0,21,46,10,85,82,27,114,132"/><W95/><G114/><T9/><D135/><U111/><E81/><V99/><F75/><W5/><G70/><T108/><D108/><N who="1" m="41515" /><E120/><V72/><F72/><W40/><G132/><T93/><D41/><U83/><E83/><V122/><F128/><W92/><G125/><T121/><D38/><U106/><E106/><V65/><F122/><W74/><G100/><T1/><D121/><U3/><E127/><V103/><F103/><W47/><G47/><T2/><D98/><U30/><E57/><V84/><F24/><W44/><G46/><T73/><D73/><U51/><E3/><V61/><F28/><W133/><G133/><T118/><REACH who="0" step="1"/><D68/><REACH who="0" ten="255,284,201,250" step="2"/><U60/><E117/><AGARI ba="0,1" hai="1,2,8,9,17,19,62,63,64,67,93,94,117,118" machi="117" ten="25,6400,0" yaku="1,1,2,1,22,2,53,0" doraHai="29" doraHaiUra="37" who="0" fromWho="1" sc="255,74,284,-64,201,0,250,0" owari="329,42.9,220,-18.0,201,-29.9,250,5.0" /></mjloggm>