<mjloggm ver="2.3"><GO type="225" lobby="0"/><UN n0="%6D%75%75%6D%75%72%61" n1="%72%69%6F%75%63%68%61%6E" n2="%4D%50%43%32%38%30%30" n3="%6E%65%6F%E3%82%BD%E3%83%83%E3%82%AF%E3%82%B9%E2%99%AA" dan="17,17,16,16" rate="2182.22,2219.55,2134.16,2158.65" sx="F,M,M,M"/><TAIKYOKU oya="0"/><INIT seed="0,0,0,0,0,11" ten="250,250,250,250" oya="0" hai0="106,79,21,88,26,68,64,108,46,23,27,132,119" hai1="36,94,126,38,85,81,96,102,33,117,90,67,13" hai2="47,91,74,54,1,24,116,87,78,128,127,55,17" hai3="59,10,135,121,72,32,2,77,22,44,98,12,34"/><T5/><D119/><U105/><E126/><V115/><F115/><W43/><G135/><T0/><D106/><U29/><E117/><V73/><F116/><W124/><G124/><T35/><D132/><U50/><E67/><V125/><F1/><W56/><G98/><T57/><D35/><N who="3" m="13353" /><G22/><T16/><D68/><U97/><E50/><V52/><F128/><W70/><G70/><T130/><D79/><U133/><E133/><V107/><F107/><W89/><G89/><T95/><D130/><U41/><E41/><V84/><F125/><W58/><G12/><T129/><D129/><U71/><E71/><V69/><F69/><W111/><G59/><T25/><D108/><U113/><E113/><V4/><F4/><N who="3" m="1303" /><G121/><T51/><D0/><U80/><E13/><V37/><F127/><W123/><G111/><T3/><D3/><U19/><E19/><V49/><F37/><N who="3" m="21615" /><G123/><T8/><D5/><U83/><REACH who="1" step="1"/><E97/><REACH who="1" ten="250,240,250,250" step="2"/><V48/><F48/><W39/><G39/><T112/><D112/><U93/><E93/><V76/><F49/><W103/><G58/><T15/><D64/><U28/><E28/><V9/><F47/><W14/><G14/><T42/><D57/><U99/><E99/><AGARI ba="0,1" hai="8,15,16,21,23,25,26,27,42,46,51,88,95,99" machi="99" ten="40,12000,1" yaku="8,1,52,1,54,2" doraHai="11" who="0" fromWho="1" sc="250,130,240,-120,250,0,250,0" /><INIT seed="0,1,0,4,1,37" ten="380,120,250,250" oya="0" hai0="87,107,100,55,36,20,133,12,103,80,90,35,122" hai1="68,42,63,116,96,19,73,39,10,109,25,3,59" hai2="118,102,127,6,130,75,106,121,58,32,5,4,7" hai3="97,27,132,117,44,46,43,1,119,15,69,17,9"/><T24/><D122/><U67/><E116/><V50/><F118/><W31/><G132/><T66/><D133/><U77/><E109/><V21/><F121/><W104/><G69/><T60/><D36/><U131/><E131/><V2/><F75/><W56/><G46/><T128/><D128/><U112/><E112/><V64/><F130/><W53/><G1/><T38/><D38/><U40/><E39/><V28/><F106/><W84/><G84/><T49/><D35/><U41/><E96/><V125/><F102/><W11/><G11/><T74/><D12/><N who="1" m="7575" /><E68/><V45/><F32/><W70/><G70/><T33/><D74/><U94/><E73/><V115/><F115/><W98/><G97/><T114/><D33/><U26/><E3/><V134/><F134/><W93/><G104/><T92/><D114/><U108/><E108/><V113/><F113/><W91/><G56/><T99/><D107/><U71/><E71/><V76/><F76/><W135/><G135/><T89/><D66/><U34/><E34/><V111/><F111/><W83/><G53/><T123/><D123/><U95/><E77/><V13/><F2/><W62/><G62/><T85/><D60/><U29/><E29/><V126/><F58/><W120/><G120/><T30/><D99/><U86/><E86/><V110/><F64/><W22/><G83/><T57/><AGARI ba="1,0" hai="20,24,30,49,55,57,80,85,87,89,90,92,100,103" machi="57" ten="20,3900,0" yaku="0,1,7,1,8,1" doraHai="37" who="0" fromWho="0" sc="380,42,120,-14,250,-14,250,-14" /><INIT seed="0,2,0,4,4,21" ten="422,106,236,236" oya="0" hai0="90,49,75,120,18,15,31,84,41,34,105,5,134" hai1="37,51,68,115,69,86,24,100,135,46,40,132,66" hai2="47,2,45,59,48,67,44,73,17,97,43,58,64" hai3="109,3,114,94,74,12,53,16,72,25,102,50,60"/><T10/><D75/><U4/><E4/><V87/><F73/><W127/><G114/><T20/><D120/><U77/><E100/><V42/><F2/><W70/><G3/><T106/><D134/><N who="1" m="51243" /><E77/><V122/><F122/><W26/><G127/><T133/><D133/><U130/><E86/><V96/><F87/><W27/><G109/><T116/><D116/><U56/><E24/><V28/><F28/><W81/><G60/><T98/><D34/><U1/><E1/><V36/><F17/><W6/><G70/><N who="1" m="27242" /><E115/><V0/><F0/><W22/><G6/><T55/><D31/><U123/><E123/><V89/><F89/><W23/><G23/><T7/><D98/><U82/><E82/><V91/><F91/><W95/><G102/><T33/><D7/><U110/><E110/><V54/><F96/><W9/><G9/><T92/><D33/><U85/><E85/><V71/><F97/><W108/><G108/><T19/><D19/><U129/><E51/><N who="2" m="27031" /><F71/><W104/><G104/><T35/><D35/><U8/><E8/><V32/><F32/><W30/><G30/><T88/><D90/><U61/><AGARI ba="2,0" hai="37,40,46,56,61,66,129,130" m="27242,51243" machi="61" ten="40,5200,0" yaku="20,1,34,2" doraHai="21" who="1" fromWho="1" sc="422,-28,106,58,236,-15,236,-15" /><INIT seed="1,0,0,2,1,41" ten="394,164,221,221" oya="1" hai0="19,103,18,23,80,60,37,124,133,12,22,131,43" hai1="109,117,128,55,120,113,13,29,123,122,97,129,35" hai2="130,59,110,96,68,72,93,47,115,49,126,39,75" hai3="121,73,24,10,63,25,86,135,89,119,11,58,40"/><U50/><E97/><V20/><F68/><W64/><G121/><N who="1" m="30978" /><U104/><DORA hai="5" /><E104/><V100/><F110/><W132/><G119/><T107/><D103/><U99/><E99/><V79/><F130/><N who="1" m="50281" /><E113/><V2/><F2/><W90/><G40/><T0/><D80/><U87/><E117/><V34/><F34/><W69/><G69/><T88/><D88/><N who="3" m="33897" /><G73/><T85/><D85/><U8/><E87/><V101/><F126/><W27/><G86/><T102/><D124/><U70/><E70/><V84/><F115/><W32/><G32/><T106/><D102/><U17/><E109/><V91/><F39/><W4/><G4/><T67/><D106/><U65/><E65/><V44/><F101/><W105/><G105/><T3/><D67/><U54/><E50/><V76/><F75/><W33/><G33/><T116/><D107/><U111/><E111/><V46/><F72/><W95/><G95/><T6/><D116/><U127/><E127/><V53/><F20/><W7/><G7/><T26/><D37/><U92/><E92/><AGARI ba="0,0" hai="44,46,47,49,53,59,76,79,84,91,92,93,96,100" machi="92" ten="40,8000,1" yaku="8,1,52,3" doraHai="41,5" who="2" fromWho="1" sc="394,0,164,-80,221,80,221,0" /><INIT seed="2,0,0,4,4,49" ten="394,84,301,221" oya="2" hai0="50,52,104,5,92,129,87,79,74,16,19,114,44" hai1="41,3,90,81,23,12,99,94,135,21,128,25,115" hai2="119,96,62,106,82,80,100,40,89,97,134,64,111" hai3="103,123,13,57,24,86,133,28,122,47,51,20,124"/><V130/><F119/><W95/><G133/><T73/><D114/><U132/><E128/><V101/><F134/><W8/><G124/><T33/><D104/><U76/><E115/><V10/><F130/><W131/><G131/><T1/><D33/><U78/><E3/><V117/><F117/><W66/><G123/><T11/><D129/><U7/><E41/><V126/><F126/><W107/><G107/><T68/><D68/><U29/><E76/><V85/><F40/><W15/><G122/><T48/><D48/><U69/><E69/><V45/><F45/><W67/><G57/><T116/><D116/><U26/><E12/><N who="3" m="4682" /><G8/><T125/><D125/><U70/><E70/><V110/><F10/><W109/><G109/><N who="2" m="41481" /><F62/><W71/><G71/><T31/><D31/><U112/><E112/><V113/><F64/><W72/><G72/><T32/><D32/><U43/><E43/><V55/><F113/><W61/><G61/><T75/><REACH who="0" step="1"/><D92/><REACH who="0" ten="384,84,301,221" step="2"/><U34/><E7/><V35/><F35/><W6/><G6/><T2/><D2/><U121/><E121/><V105/><F82/><AGARI ba="0,1" hai="1,5,11,16,19,44,50,52,73,74,75,79,82,87" machi="82" ten="40,8000,1" yaku="1,1,52,1,54,2,53,0" doraHai="49" doraHaiUra="88" who="0" fromWho="2" sc="384,90,84,0,301,-80,221,0" /><INIT seed="3,0,0,4,2,115" ten="474,84,221,221" oya="3" hai0="111,92,76,85,127,52,125,89,131,94,112,41,7" hai1="22,69,86,27,81,55,123,37,120,54,30,130,80" hai2="29,31,67,50,1,53,73,56,5,101,64,129,122" hai3="8,87,105,66,12,32,6,107,79,0,49,106,100"/><W134/><G134/><T58/><D112/><U39/><E69/><V103/><F73/><W28/><G66/><N who="2" m="25129" /><F1/><W61/><G61/><N who="0" m="36039" /><D111/><U99/><E130/><V43/><F129/><W77/><G100/><N who="2" m="38473" /><F5/><W35/><G0/><T119/><D119/><U109/><E109/><V71/><F71/><W3/><G3/><T88/><D131/><U38/><E99/><V59/><F43/><W13/><G13/><T93/><D7/><U11/><E11/><V118/><F118/><W4/><G4/><T2/><D41/><U95/><E95/><V84/><F84/><W96/><G96/><T24/><D24/><U36/><N who="1" m="9216" /><DORA hai="45" /><U68/><E68/><V65/><F122/><W51/><G79/><T26/><D26/><U42/><E42/><V9/><F9/><W20/><G20/><T72/><D72/><U108/><E108/><V102/><F102/><W74/><G74/><T60/><D60/><AGARI ba="0,0" hai="29,31,50,53,56,59,60,65" m="38473,25129" machi="60" ten="30,2000,0" yaku="8,1,52,1" doraHai="115,45" who="2" fromWho="0" sc="474,-20,84,0,221,20,221,0" owari="454,55.4,84,-41.6,241,4.1,221,-17.9" /></mjloggm>