<mjloggm ver="2.3"><GO type="225" lobby="0"/><UN n0="%E9%B3%B3%E6%9D%B1%E3%81%AE%E3%81%86%E3%81%95%E3%81%8E%E3%81%95%E3%82%93" n1="%E6%B0%B7%E5%B7%9D%E9%87%8C%E5%A5%88" n2="%E3%81%B5%E3%81%98%E3%81%8B%E3%81%A4" n3="%47%68%6F%73%74%55%30" dan="17,16,16,17" rate="2299.48,2076.61,2169.40,2158.27" sx="M,F,M,M"/><TAIKYOKU oya="0"/><INIT seed="0,0,0,2,3,44" ten="250,250,250,250" oya="0" hai0="104,128,68,11,9,58,132,75,54,39,40,127,109" hai1="112,88,72,69,101,65,86,71,45,27,81,23,82" hai2="8,113,129,34,19,121,59,13,36,102,133,52,63" hai3="79,94,62,7,119,90,1,24,21,56,70,0,55"/><T3/><RYUUKYOKU type="yao9" ba="0,0" sc="250,0,250,0,250,0,250,0" hai0="3,9,11,39,40,54,58,68,75,104,109,127,128,132" /><INIT seed="0,1,0,2,0,78" ten="250,250,250,250" oya="0" hai0="124,113,18,21,69,130,8,102,80,44,114,120,51" hai1="59,82,77,33,46,88,1,57,84,90,11,131,15" hai2="73,45,76,122,106,13,128,74,58,16,104,49,87" hai3="127,86,97,25,17,133,2,123,68,95,7,40,20"/><T70/><D120/><U67/><E131/><V3/><F122/><W119/><G119/><T23/><D130/><U92/><E33/><V99/><F128/><W62/><G123/><T93/><D124/><U116/><E116/><V29/><F3/><W53/><G127/><T24/><D8/><U81/><E1/><V37/><F29/><W63/><G133/><T100/><D93/><U30/><E30/><V48/><F37/><W47/><G68/><T134/><D134/><U39/><E67/><V109/><F109/><W75/><G75/><T5/><D5/><U55/><E39/><V85/><F74/><W4/><G86/><T115/><D80/><N who="1" m="30827" /><E90/><V98/><F73/><W34/><G34/><T32/><D32/><U9/><E77/><V79/><F58/><N who="1" m="22025" /><E15/><V108/><F13/><W83/><G2/><T111/><D111/><U118/><E118/><V50/><F108/><W125/><G125/><T110/><D110/><U42/><E42/><V64/><F64/><W28/><G28/><T66/><D66/><U12/><E12/><V0/><F0/><W38/><G83/><T103/><REACH who="0" step="1"/><D21/><REACH who="0" ten="240,250,250,250" step="2"/><U89/><E89/><V72/><F106/><W54/><G20/><T101/><N who="0" m="25600" /><DORA hai="71" /><T41/><AGARI ba="1,1" hai="18,23,24,41,44,51,69,70,113,114,115" m="25600" machi="41" ten="50,9600,0" yaku="1,1,4,1,0,1,53,0" doraHai="78,71" doraHaiUra="27,60" who="0" fromWho="0" sc="240,109,250,-33,250,-33,250,-33" /><INIT seed="0,2,0,5,4,66" ten="349,217,217,217" oya="0" hai0="53,85,39,13,98,75,86,133,41,23,7,104,15" hai1="57,88,4,32,120,24,100,123,51,65,44,54,80" hai2="118,48,71,69,99,37,92,128,74,132,73,78,116" hai3="5,126,38,43,112,79,55,22,91,2,87,6,49"/><T134/><D75/><N who="2" m="28682" /><F48/><W127/><G112/><T114/><D114/><U61/><E4/><V50/><F50/><W89/><G79/><T52/><D7/><U62/><E100/><N who="2" m="60519" /><F37/><W70/><G43/><T18/><D98/><U46/><E32/><V12/><F78/><W101/><G101/><T63/><D104/><U76/><E24/><V21/><F132/><N who="0" m="50794" /><D13/><U27/><E27/><V20/><F128/><W90/><G38/><T28/><D28/><U60/><E65/><V124/><F124/><N who="3" m="47659" /><G5/><T10/><D10/><U84/><REACH who="1" step="1"/><E76/><REACH who="1" ten="349,207,217,217" step="2"/><V67/><F67/><W31/><G6/><T105/><D15/><U81/><E81/><V77/><F77/><W119/><G2/><T33/><D33/><U0/><E0/><V96/><F12/><W72/><G31/><T121/><D18/><U93/><E93/><V110/><F20/><W135/><G22/><T103/><D23/><U26/><E26/><V56/><F21/><W129/><G72/><T42/><D103/><U30/><E30/><V25/><F25/><W122/><G135/><T68/><D105/><U8/><E8/><V35/><F35/><W125/><G125/><T64/><D64/><U16/><E16/><V102/><F102/><W11/><G11/><T97/><D121/><AGARI ba="2,1" hai="44,46,51,54,57,60,61,62,80,84,88,120,121,123" machi="121" ten="40,2600,0" yaku="1,1,54,1,53,0" doraHai="66" doraHaiUra="111" who="1" fromWho="0" sc="349,-32,207,42,217,0,217,0" /><INIT seed="1,0,0,0,5,135" ten="317,249,217,217" oya="1" hai0="134,35,119,72,121,92,89,40,60,82,99,78,87" hai1="75,130,25,132,24,28,1,6,34,20,91,18,116" hai2="129,13,124,61,4,54,27,17,68,29,106,84,23" hai3="65,114,11,126,107,53,51,48,33,10,7,98,115"/><U2/><E75/><V100/><F129/><W102/><G33/><T112/><D112/><U123/><E116/><V52/><F4/><W47/><G65/><T113/><D113/><U22/><E123/><V12/><F84/><W90/><G10/><T41/><D119/><U3/><E91/><V26/><F124/><W19/><G19/><T120/><D134/><U31/><E132/><V45/><F68/><W21/><G21/><T43/><D35/><U46/><E46/><V85/><F85/><W38/><G38/><T133/><D133/><U71/><E71/><V93/><F106/><W83/><G126/><T111/><D111/><U74/><E74/><V9/><F13/><W5/><G5/><T59/><REACH who="0" step="1"/><D72/><REACH who="0" ten="307,249,217,217" step="2"/><U56/><E130/><V101/><F101/><W105/><G114/><T30/><D30/><U109/><E109/><V131/><F100/><W64/><G115/><T73/><D73/><U77/><E77/><V94/><F131/><W79/><G79/><T62/><D62/><U58/><E58/><N who="2" m="35015" /><F29/><W39/><G102/><T66/><AGARI ba="0,1" hai="40,41,43,59,60,66,78,82,87,89,92,99,120,121" machi="66" ten="30,4000,0" yaku="1,1,0,1,53,1" doraHai="135" doraHaiUra="63" who="0" fromWho="0" sc="307,50,249,-20,217,-10,217,-10" /><INIT seed="2,0,0,0,5,55" ten="357,229,207,207" oya="2" hai0="35,73,28,61,36,31,69,88,131,125,115,75,72" hai1="90,37,133,58,62,56,8,80,0,86,107,46,52" hai2="59,111,68,87,104,89,39,67,109,99,118,110,47" hai3="51,21,98,102,27,77,128,4,1,74,78,11,63"/><V45/><F118/><W17/><G128/><T22/><D115/><U127/><E107/><V48/><F104/><W101/><G74/><T34/><D36/><U124/><E133/><V9/><F99/><W20/><G51/><T30/><D22/><U76/><E76/><V16/><F68/><W120/><G120/><T123/><D123/><U116/><E116/><V83/><F39/><W18/><G63/><T70/><D131/><U33/><E33/><N who="0" m="12297" /><D61/><U97/><E97/><V85/><F85/><W64/><G64/><T103/><D88/><U112/><E112/><V130/><F130/><W23/><G23/><T42/><D42/><U44/><E37/><V60/><F48/><W2/><G2/><T29/><D29/><U126/><E58/><V13/><AGARI ba="0,0" hai="9,13,16,45,47,59,60,67,83,87,89,109,110,111" machi="13" ten="40,12000,1" yaku="0,1,14,1,10,1,52,1,54,1" doraHai="55" who="2" fromWho="2" sc="357,-40,229,-40,207,120,207,-40" /><INIT seed="2,1,0,0,1,74" ten="317,189,327,167" oya="2" hai0="78,26,81,23,54,17,18,58,48,1,91,34,98" hai1="57,112,5,8,80,32,110,123,76,28,115,30,106" hai2="124,105,128,75,37,133,29,11,82,7,109,68,25" hai3="69,72,63,2,132,59,113,9,50,55,77,73,27"/><V60/><F124/><W35/><G132/><T125/><D1/><U93/><E106/><V14/><F133/><W67/><G113/><T65/><D34/><U44/><E110/><V66/><F128/><W56/><G2/><T31/><D125/><U42/><E123/><V121/><F121/><W94/><G9/><T119/><D119/><U53/><E93/><V130/><F130/><W79/><G69/><T49/><D65/><U88/><E115/><V45/><F109/><W33/><G94/><N who="0" m="56671" /><D48/><U20/><E112/><V51/><F105/><W85/><G85/><AGARI ba="1,0" hai="17,18,23,26,31,49,54,58,78,81,85" m="56671" machi="85" ten="30,2000,0" yaku="8,1,52,1" doraHai="74" who="0" fromWho="3" sc="317,23,189,0,327,0,167,-23" /><INIT seed="3,0,0,1,0,25" ten="340,189,327,144" oya="3" hai0="94,85,30,129,62,110,8,89,121,10,7,9,96" hai1="42,127,3,55,75,48,100,91,90,34,20,64,86" hai2="35,57,102,124,111,47,33,61,72,125,76,106,119" hai3="117,126,105,63,67,135,116,79,37,49,88,131,113"/><W13/><G113/><T114/><D121/><U50/><E34/><V80/><F119/><W130/><G37/><T120/><D120/><U98/><E75/><V58/><F111/><W12/><G105/><T52/><D110/><U122/><E122/><V32/><F47/><W1/><G1/><T19/><D114/><U46/><E3/><V51/><F51/><W133/><G79/><T82/><D30/><U78/><E127/><N who="2" m="48715" /><F61/><W132/><G126/><T77/><D129/><N who="3" m="49161" /><G88/><T87/><D19/><U14/><E64/><V118/><F118/><N who="3" m="45675" /><G49/><T31/><D31/><U18/><E78/><V123/><F123/><W107/><G107/><T134/><D89/><U54/><E86/><V92/><F106/><W15/><G63/><T43/><D62/><U59/><E42/><V95/><F102/><W38/><G38/><T24/><D43/><U27/><REACH who="1" step="1"/><E14/><REACH who="1" ten="340,179,327,144" step="2"/><V44/><F44/><W74/><G67/><T40/><D85/><U70/><E70/><V109/><F109/><W93/><G93/><AGARI ba="0,1" hai="18,20,27,46,48,50,54,55,59,90,91,93,98,100" machi="93" ten="30,3900,0" yaku="1,1,7,1,8,1,53,0" doraHai="25" doraHaiUra="6" who="1" fromWho="3" sc="340,0,179,49,327,0,144,-39" /><AGARI ba="0,0" hai="32,33,35,57,58,72,76,80,92,93,95" m="48715" machi="93" ten="40,1300,0" yaku="18,1" doraHai="25" who="2" fromWho="3" sc="340,0,228,0,327,13,105,-13" owari="340,44.0,228,-17.2,340,14.0,92,-40.8" /></mjloggm>