<mjloggm ver="2.3"><GO type="225" lobby="0"/><UN n0="%38%63%E3%81%AF%E3%81%A3%E3%81%97%E3%83%BC" n1="%E7%AD%89%E3%80%85%E5%8A%9B%E5%8A%87%E5%A0%B4" n2="%E5%B8%86%E7%AB%8B%E5%A4%8F%E8%A1%A3" n3="%72%69%6F%75%63%68%61%6E" dan="16,17,16,16" rate="2118.88,2146.16,2048.32,2145.63" sx="M,M,M,M"/><TAIKYOKU oya="0"/><INIT seed="0,0,0,5,0,67" ten="250,250,250,250" oya="0" hai0="101,60,96,87,125,12,93,79,51,86,73,40,44" hai1="108,27,100,4,111,68,22,50,10,75,113,104,13" hai2="106,2,124,36,129,6,130,45,135,15,123,34,99" hai3="66,17,88,16,132,31,0,72,63,134,24,39,97"/><T47/><D125/><U33/><E75/><V25/><F45/><W18/><G39/><T46/><D73/><U83/><E83/><V9/><F99/><W119/><G0/><T71/><D71/><U64/><E33/><V32/><F106/><W30/><G119/><T61/><D60/><U122/><E122/><V85/><F85/><W37/><G37/><T131/><D131/><N who="2" m="50186" /><F36/><W28/><G72/><T57/><D12/><U65/><E65/><V48/><F48/><W120/><G24/><T8/><D8/><U117/><E117/><V121/><F124/><W92/><REACH who="3" step="1"/><G120/><REACH who="3" ten="250,250,250,240" step="2"/><N who="2" m="46153" /><F135/><W114/><G114/><T127/><D127/><U78/><E113/><V128/><N who="2" m="50194" /><V98/><DORA hai="56" /><F98/><W112/><G112/><T82/><REACH who="0" step="1"/><D87/><REACH who="0" ten="240,250,250,240" step="2"/><U26/><E13/><V94/><F15/><W109/><G109/><T41/><D41/><U81/><E111/><V133/><F133/><W105/><G105/><T76/><D76/><U29/><E78/><V69/><F69/><AGARI ba="0,2" hai="16,17,18,28,30,31,63,66,69,88,92,97,132,134" machi="69" ten="40,12000,2" yaku="1,1,52,2,54,2,53,1" doraHai="67,56" doraHaiUra="89,126" who="3" fromWho="2" sc="240,0,250,0,250,-120,240,140" /><INIT seed="1,0,0,2,0,32" ten="240,250,130,380" oya="1" hai0="91,133,36,119,95,1,90,27,52,61,39,122,69" hai1="26,29,9,86,120,41,34,93,116,10,78,124,110" hai2="22,40,74,2,50,79,109,31,98,45,0,105,75" hai3="96,76,130,6,47,28,111,73,63,134,132,88,83"/><U106/><E106/><V77/><F109/><W14/><G111/><T131/><D119/><U42/><E110/><V11/><F22/><W48/><G130/><T18/><D131/><U7/><E120/><V126/><F31/><W67/><G28/><T100/><D100/><U80/><E116/><V54/><F126/><W113/><G113/><T101/><D101/><U94/><E124/><V49/><F105/><W43/><G6/><T51/><D133/><N who="3" m="51305" /><G14/><T97/><D91/><U44/><E10/><V5/><F98/><W118/><G118/><T114/><D114/><U115/><E42/><V21/><F21/><W72/><G96/><T17/><D1/><U62/><E62/><V4/><F40/><W107/><G107/><T71/><D61/><U68/><E68/><V89/><F89/><W30/><G30/><T99/><D99/><U66/><E66/><V121/><F121/><W102/><G102/><T55/><D71/><U25/><E25/><V125/><F125/><W16/><G16/><T38/><D69/><U37/><REACH who="1" step="1"/><E115/><REACH who="1" ten="240,240,130,380" step="2"/><V23/><F23/><W57/><G67/><T112/><D122/><U108/><E108/><V70/><F70/><W103/><G63/><T64/><D64/><U56/><E56/><V82/><F50/><W117/><G57/><T59/><D112/><U53/><E53/><V128/><F128/><W3/><G117/><T65/><D65/><U19/><E19/><V33/><F33/><W92/><G43/><T135/><D135/><U35/><E35/><V81/><F5/><W15/><G48/><N who="0" m="31111" /><D27/><U60/><E60/><V87/><F2/><AGARI ba="0,1" hai="2,7,9,26,29,34,37,41,44,78,80,86,93,94" machi="2" ten="30,11600,0" yaku="1,1,6,1,7,1,52,1,53,0" doraHai="32" doraHaiUra="127" who="1" fromWho="2" sc="240,0,240,126,130,-116,380,0" /><INIT seed="1,1,0,0,4,68" ten="240,366,14,380" oya="1" hai0="95,85,67,60,16,47,73,22,125,25,123,54,48" hai1="38,28,21,78,74,84,9,10,11,98,118,63,131" hai2="44,134,113,112,58,132,40,64,8,133,77,120,81" hai3="105,6,76,108,92,2,36,69,33,50,24,30,110"/><U89/><E118/><V96/><F96/><W42/><G105/><T109/><D73/><U4/><E131/><V111/><F8/><N who="3" m="2135" /><G50/><T46/><D109/><N who="3" m="42089" /><G69/><T122/><D125/><U116/><E116/><V93/><F93/><W57/><G76/><T70/><D85/><U72/><E4/><V124/><F111/><W56/><G92/><T135/><D135/><N who="2" m="34562" /><V7/><DORA hai="130" /><F7/><W128/><G128/><T18/><D95/><U43/><E78/><V26/><F26/><W75/><G75/><T55/><D18/><U104/><E63/><N who="2" m="38007" /><F124/><W27/><G24/><T106/><D106/><U5/><E5/><V71/><F71/><W0/><G0/><T117/><D117/><U19/><E74/><N who="2" m="43191" /><F120/><W39/><G27/><T121/><D121/><U88/><E98/><V3/><F3/><W97/><G97/><T31/><D31/><U82/><E28/><V65/><F65/><W114/><G30/><T14/><D25/><U87/><E104/><V115/><F115/><W107/><G107/><T102/><D102/><U126/><E126/><V15/><F15/><W127/><G114/><T91/><D123/><U29/><E29/><V23/><F23/><W51/><G127/><T53/><D122/><U119/><E21/><V100/><F100/><W49/><G33/><T62/><D70/><U94/><E119/><V90/><F90/><W59/><G42/><T32/><D91/><U20/><E43/><V41/><F41/><W37/><AGARI ba="1,0" hai="36,37,39,49,51,56,57,59" m="42089,2135" machi="37" ten="40,8000,1" yaku="14,1,52,3" doraHai="68,130" who="3" fromWho="3" sc="240,-21,366,-41,14,-21,380,83" owari="219,-18.1,325,12.5,-7,-50.7,463,56.3" /></mjloggm>