<mjloggm ver="2.3"><GO type="225" lobby="0"/><UN n0="%E3%81%BF%E3%81%BF%E3%81%9A" n1="%E6%98%93%E5%88%A9%E8%96%A9%E4%BC%AF" n2="%E9%9B%80%E6%A5%B5%E3%81%AE%E3%81%B8" n3="%E3%80%90%E3%83%88%E3%83%AA%E3%83%A5%E3%83%95%E3%80%91" dan="18,16,16,16" rate="2264.20,2127.01,2132.51,2100.88" sx="M,F,M,M"/><TAIKYOKU oya="0"/><INIT seed="0,0,0,4,5,2" ten="250,250,250,250" oya="0" hai0="60,31,5,68,106,108,94,17,102,51,122,89,88" hai1="0,73,11,48,75,25,66,6,123,14,26,114,40" hai2="111,95,86,15,52,47,134,43,29,36,45,93,63" hai3="121,99,8,62,69,70,7,74,71,59,103,24,13"/><T9/><D122/><U10/><E123/><V128/><F111/><W65/><G121/><T67/><D108/><U80/><E114/><V83/><F128/><W135/><G135/><T18/><D31/><U56/><E66/><V87/><F134/><W85/><G85/><T131/><D131/><U91/><E91/><V117/><F117/><W30/><G74/><T27/><D51/><U97/><E97/><V20/><F87/><W34/><REACH who="3" step="1"/><G59/><REACH who="3" ten="250,250,250,240" step="2"/><T1/><D27/><U132/><E132/><V82/><F86/><W124/><G124/><T104/><D102/><U100/><E100/><V64/><F83/><W90/><G90/><T115/><D89/><U49/><E75/><V42/><F82/><W28/><G28/><T50/><D115/><U84/><E73/><V39/><F29/><W12/><G12/><T54/><D106/><AGARI ba="0,1" hai="7,8,13,24,30,34,62,65,69,70,71,99,103,106" machi="106" ten="30,8000,1" yaku="1,1,7,1,25,2,52,1,53,0" doraHai="2" doraHaiUra="81" who="3" fromWho="0" sc="250,-80,250,0,250,0,240,90" /><INIT seed="1,0,0,5,0,115" ten="170,250,250,330" oya="1" hai0="35,89,125,0,44,110,82,107,16,12,10,61,104" hai1="71,38,79,19,132,122,99,56,21,66,108,76,126" hai2="129,128,67,6,42,80,70,98,59,5,53,40,127" hai3="60,100,68,86,1,84,50,65,14,64,7,2,90"/><U46/><E122/><V131/><F80/><W91/><G100/><T88/><D35/><U94/><E132/><V63/><F98/><W114/><G114/><T36/><D110/><U103/><E71/><V32/><F32/><W111/><G111/><T27/><D125/><U52/><E126/><V133/><F127/><W117/><G50/><T121/><D121/><U112/><E112/><V37/><F133/><W55/><G55/><T113/><D113/><U116/><E116/><V85/><F85/><W43/><G43/><N who="2" m="16425" /><F37/><W97/><G97/><T95/><D36/><U119/><E119/><V118/><F118/><W30/><G30/><T29/><D0/><U8/><E8/><V135/><F135/><W22/><G117/><T120/><D120/><U34/><E34/><V77/><F77/><W105/><G105/><T11/><D11/><U39/><E108/><V26/><F26/><W93/><G65/><T78/><D61/><AGARI ba="0,0" hai="5,6,53,59,61,63,67,70,128,129,131" m="16425" machi="61" ten="40,1300,0" yaku="19,1" doraHai="115" who="2" fromWho="0" sc="170,-13,250,0,250,13,330,0" /><INIT seed="2,0,0,5,5,92" ten="157,250,263,330" oya="2" hai0="59,22,117,21,116,68,41,53,93,76,132,85,90" hai1="30,135,35,79,29,110,61,66,81,20,126,23,44" hai2="12,95,47,86,39,105,26,49,108,51,8,50,106" hai3="0,107,42,13,38,14,114,103,125,129,133,16,89"/><V48/><F39/><W111/><G89/><T4/><D68/><U130/><E110/><V96/><F108/><W97/><G0/><T31/><D132/><U78/><E130/><V3/><F3/><W32/><G32/><T25/><D41/><U37/><E126/><V28/><F86/><W70/><G70/><T74/><D4/><U45/><E79/><V9/><F105/><W80/><G80/><T123/><D123/><U54/><E35/><V99/><F106/><W69/><G69/><T87/><D74/><U36/><E66/><V2/><F2/><W121/><G129/><T91/><D21/><U43/><E61/><V1/><F1/><W109/><G133/><T98/><D76/><U122/><E122/><V19/><F8/><W46/><G114/><T7/><D7/><U100/><E100/><V104/><F104/><W83/><G83/><T55/><D55/><U102/><E102/><V101/><F99/><W113/><G113/><T75/><D75/><U34/><E34/><V6/><F6/><W10/><G125/><T84/><REACH who="0" step="1"/><D91/><REACH who="0" ten="147,250,263,330" step="2"/><U5/><E78/><V124/><F124/><W40/><G40/><T63/><AGARI ba="0,1" hai="22,25,31,53,59,63,84,85,87,90,93,98,116,117" machi="63" ten="30,8000,1" yaku="1,1,2,1,0,1,52,1,53,1" doraHai="92" doraHaiUra="88" who="0" fromWho="0" sc="147,90,250,-20,263,-40,330,-20" /><INIT seed="3,0,0,3,1,83" ten="237,230,223,310" oya="3" hai0="29,28,67,125,51,50,38,47,15,14,81,4,60" hai1="30,131,3,100,114,64,1,16,39,130,109,34,37" hai2="65,2,113,21,133,62,46,66,7,121,71,56,9" hai3="68,53,18,77,116,101,115,33,85,90,132,82,103"/><W119/><G115/><T76/><D38/><N who="1" m="14347" /><E114/><V55/><F113/><W27/><G68/><T26/><D125/><U58/><E16/><V31/><F133/><W128/><G132/><T42/><D51/><U95/><E95/><V93/><F121/><W111/><G128/><N who="1" m="49194" /><E100/><V22/><F31/><W12/><G111/><T73/><D4/><U108/><E64/><V25/><F25/><W94/><G103/><T102/><D102/><U106/><E58/><V89/><F46/><W105/><G33/><T40/><D40/><U54/><E54/><V5/><F5/><W74/><G53/><T44/><D44/><U48/><E48/><V24/><F24/><W112/><G112/><T107/><D107/><U99/><E99/><V104/><F104/><W88/><G27/><T135/><D135/><U11/><E11/><V120/><F120/><W91/><G18/><T41/><D41/><U124/><E124/><V61/><F66/><W17/><G17/><T87/><D29/><U36/><N who="1" m="14355" /><U43/><DORA hai="35" /><E43/><V123/><F123/><W79/><G12/><T69/><REACH who="0" step="1"/><D73/><REACH who="0" ten="227,230,223,310" step="2"/><U75/><E75/><V80/><REACH who="2" step="1"/><F80/><REACH who="2" ten="227,230,213,310" step="2"/><W97/><G82/><T118/><D118/><U72/><E106/><V129/><F129/><W84/><G119/><T117/><D117/><U32/><E30/><V63/><F63/><W57/><G116/><T49/><D49/><U78/><E109/><V0/><F0/><N who="1" m="73" /><E108/><V45/><F45/><W86/><G105/><T70/><D70/><U20/><E20/><AGARI ba="0,2" hai="14,15,20,26,28,42,47,50,60,67,69,76,81,87" machi="20" ten="30,3900,0" yaku="1,1,7,1,52,1,53,0" doraHai="83,35" doraHaiUra="6,127" who="0" fromWho="1" sc="227,59,230,-39,213,0,310,0" owari="286,8.6,191,-30.9,213,-18.7,310,41.0" /></mjloggm>