<mjloggm ver="2.3"><GO type="225" lobby="0"/><UN n0="%6D%75%75%6D%75%72%61" n1="%E3%81%BF%E3%81%BF%E3%81%9A" n2="%E3%81%82%E3%81%B9%E3%81%99%E3%81%91" n3="%E3%82%BF%E3%83%BC%E3%83%90%E3%83%B3%E9%87%8E%E5%8F%A3" dan="16,16,16,16" rate="2138.95,2145.73,2088.54,2141.93" sx="F,M,M,M"/><TAIKYOKU oya="0"/><INIT seed="0,0,0,0,5,101" ten="250,250,250,250" oya="0" hai0="99,119,53,104,17,124,79,10,46,102,131,61,42" hai1="70,106,132,34,85,8,64,26,43,0,103,112,66" hai2="82,121,54,47,126,44,118,41,52,24,73,38,95" hai3="69,116,55,36,87,2,74,109,67,9,31,32,29"/><T22/><D119/><U76/><E43/><V117/><F121/><W129/><G116/><T19/><D131/><U72/><E85/><V3/><F3/><W5/><G74/><T94/><D124/><U23/><E66/><V125/><F24/><W13/><G36/><T107/><D79/><U58/><E58/><V91/><F73/><W11/><G129/><T40/><D10/><U18/><E132/><V30/><F30/><W15/><G69/><T81/><D81/><U51/><E51/><V6/><F82/><W130/><G67/><T120/><D120/><U89/><E89/><V78/><F78/><W92/><G130/><T14/><D17/><U134/><E134/><V71/><F6/><N who="3" m="3255" /><G32/><T128/><D128/><U63/><E112/><V123/><F91/><N who="3" m="53375" /><G2/><T75/><D75/><U114/><E114/><V88/><F71/><W20/><G109/><T84/><D84/><U37/><E37/><V115/><F115/><W7/><G7/><T1/><D1/><U133/><E34/><V90/><F38/><W28/><G55/><T96/><D96/><N who="1" m="61799" /><E133/><V33/><F123/><W105/><G105/><T62/><D53/><U50/><E72/><V80/><F33/><W83/><G83/><T86/><D86/><U56/><E76/><V113/><F80/><W127/><G127/><T39/><REACH who="0" step="1"/><D42/><REACH who="0" ten="240,250,250,250" step="2"/><U60/><E0/><V98/><F113/><W108/><G108/><T4/><D4/><U77/><E77/><V57/><F41/><W110/><G110/><T135/><D135/><U49/><E8/><V21/><F118/><W59/><G20/><T48/><D48/><RYUUKYOKU ba="0,1" sc="240,10,250,10,250,-30,250,10" hai0="14,19,22,39,40,46,61,62,94,99,102,104,107" hai1="18,23,26,49,50,56,60,63,64,70" hai3="5,11,15,28,29,31,59" /><INIT seed="0,1,1,1,1,9" ten="250,260,220,260" oya="0" hai0="43,57,86,122,95,5,56,33,90,65,130,87,14" hai1="96,131,59,31,1,53,62,46,102,100,117,50,30" hai2="119,98,134,82,32,39,91,40,27,54,26,44,115" hai3="128,112,72,126,101,37,13,135,79,70,110,133,85"/><T45/><D122/><U92/><E117/><V71/><F115/><W58/><G112/><T6/><D130/><U118/><E118/><V125/><F119/><W76/><G70/><T104/><D104/><U22/><E131/><V111/><F71/><W47/><G128/><T35/><D86/><U109/><E1/><V28/><F111/><W88/><G101/><T34/><D65/><U11/><E109/><V103/><F134/><N who="3" m="51211" /><G110/><T63/><D63/><U12/><E22/><V42/><F42/><N who="3" m="22991" /><G126/><T29/><D29/><U83/><E83/><V38/><F125/><W16/><G58/><T55/><D55/><U99/><E102/><V8/><F54/><W124/><G72/><T23/><D5/><N who="1" m="3183" /><E96/><V84/><F28/><W36/><G36/><T0/><D0/><U113/><E113/><V127/><F39/><W19/><G19/><T61/><D61/><U17/><E17/><V89/><F127/><W106/><G106/><T60/><D60/><U132/><E132/><V123/><F123/><W15/><G124/><T67/><D67/><AGARI ba="1,1" hai="30,31,46,50,53,59,62,67,92,99,100" m="3183" machi="67" ten="30,2000,0" yaku="8,1,52,1" doraHai="9" who="1" fromWho="0" sc="250,-23,260,33,220,0,260,0" /><INIT seed="1,0,0,5,4,56" ten="227,293,220,260" oya="1" hai0="80,31,26,102,122,125,105,45,37,63,86,84,5" hai1="116,67,96,18,46,17,123,118,62,13,108,126,49" hai2="7,130,55,35,29,69,97,54,47,93,92,61,71" hai3="90,48,20,66,0,109,12,38,119,59,8,70,57"/><U68/><E123/><V23/><F35/><W99/><G38/><T50/><D122/><U33/><E33/><V60/><F130/><W19/><G109/><T65/><D125/><U53/><E126/><V77/><F77/><W110/><G110/><T103/><D37/><U14/><E108/><V15/><F71/><W58/><G119/><T76/><D5/><U9/><REACH who="1" step="1"/><E96/><REACH who="1" ten="227,283,220,260" step="2"/><V101/><F69/><W91/><G70/><T1/><D103/><U72/><E72/><V113/><F97/><W78/><G99/><T85/><D102/><U75/><E75/><V32/><F101/><W3/><G66/><T81/><D86/><U112/><E112/><V25/><F32/><W82/><G48/><T133/><D85/><U132/><E132/><V121/><F113/><W41/><G82/><T16/><D133/><U21/><AGARI ba="0,1" hai="9,13,14,17,18,21,46,49,53,62,67,68,116,118" machi="21" ten="20,7800,0" yaku="1,1,0,1,7,1,52,1,53,0" doraHai="56" doraHaiUra="74" who="1" fromWho="1" sc="227,-26,283,88,220,-26,260,-26" /><INIT seed="1,1,0,1,4,24" ten="201,371,194,234" oya="1" hai0="33,20,117,31,96,85,38,103,133,5,55,82,21" hai1="110,65,113,107,134,49,63,73,118,17,25,10,46" hai2="104,91,67,94,11,60,18,105,78,22,57,61,43" hai3="128,52,44,99,123,30,112,124,125,77,135,36,54"/><U93/><E107/><V81/><F43/><N who="3" m="22631" /><G123/><T120/><D117/><U45/><E113/><V6/><F61/><W32/><G112/><T23/><D133/><U109/><E118/><V14/><F91/><W2/><G2/><T84/><D120/><U75/><E93/><V53/><F94/><W70/><G70/><T101/><D38/><U98/><E98/><V115/><F115/><W29/><G135/><T7/><D55/><N who="3" m="21033" /><G32/><T66/><D66/><U13/><E134/><V27/><REACH who="2" step="1"/><F67/><REACH who="2" ten="201,371,184,234" step="2"/><W88/><G77/><T95/><D103/><U69/><E63/><V48/><F48/><W132/><G132/><T37/><D37/><U68/><E65/><V126/><F126/><N who="3" m="48747" /><G128/><T34/><D101/><U111/><E49/><V35/><F35/><W130/><G130/><T86/><D34/><U121/><E121/><V40/><F40/><W127/><G127/><T58/><D33/><U122/><E122/><V108/><F108/><W116/><G116/><T26/><D58/><U79/><E45/><V4/><F4/><W114/><G114/><T90/><D7/><N who="1" m="3295" /><E46/><V42/><F42/><W74/><G74/><AGARI ba="1,1" hai="6,11,14,18,22,27,53,57,60,74,78,81,104,105" machi="74" ten="30,3900,0" yaku="1,1,7,1,53,1" doraHai="24" doraHaiUra="72" who="2" fromWho="3" sc="201,0,371,0,184,52,234,-42" /><INIT seed="2,0,0,1,1,68" ten="201,371,236,192" oya="2" hai0="28,54,33,79,48,112,92,97,55,59,5,31,2" hai1="13,98,66,56,47,4,39,74,113,27,72,64,134" hai2="24,94,17,29,51,26,123,30,36,14,58,32,77" hai3="86,88,49,8,0,50,90,22,67,120,95,16,128"/><V127/><F123/><W124/><G124/><T116/><D112/><U100/><E113/><V44/><F127/><W75/><G75/><T118/><D79/><U41/><E134/><V76/><F94/><W42/><G120/><T126/><D126/><U9/><E66/><V106/><F106/><W18/><G128/><T93/><D33/><U21/><E56/><V104/><F104/><W85/><G67/><T65/><D65/><U108/><E64/><V15/><F58/><W87/><G42/><T133/><D133/><U40/><E40/><V99/><F99/><N who="3" m="57831" /><G0/><T109/><D109/><U78/><E78/><V69/><F69/><W43/><G43/><T6/><D55/><U70/><E108/><V19/><F51/><N who="3" m="19467" /><G8/><T84/><D84/><N who="3" m="32361" /><G22/><T53/><D53/><U38/><E38/><V125/><F125/><W35/><G35/><T46/><D59/><U102/><E70/><V83/><F32/><W11/><G11/><T60/><D92/><AGARI ba="0,0" hai="16,18,87,90,92" m="32361,19467,57831" machi="92" ten="30,3900,0" yaku="8,1,54,2" doraHai="68" who="3" fromWho="0" sc="201,-39,371,0,236,0,192,39" /><INIT seed="3,0,0,2,4,129" ten="162,371,236,231" oya="3" hai0="9,118,5,19,56,78,61,21,91,87,40,1,120" hai1="15,32,108,93,16,125,2,95,115,27,49,84,128" hai2="101,57,41,26,4,74,86,98,18,43,36,105,122" hai3="59,39,60,63,79,51,89,38,116,81,64,34,69"/><W44/><G116/><T112/><D120/><U131/><E2/><V53/><F74/><W132/><G34/><T113/><D118/><U103/><E115/><V47/><F4/><W8/><G89/><T130/><D130/><U127/><E108/><V102/><F43/><W37/><G8/><T97/><D112/><U20/><E93/><V133/><F102/><W6/><G6/><T3/><D113/><U35/><E49/><V107/><F86/><W73/><G132/><T106/><D40/><U76/><E76/><V124/><F133/><W83/><G83/><T28/><D28/><N who="1" m="19487" /><E35/><V121/><F124/><N who="1" m="47689" /><E103/><V134/><F134/><W99/><G99/><T25/><D3/><U72/><E72/><V114/><F107/><W88/><G88/><AGARI ba="0,0" hai="15,16,20,84,88,95,128,131" m="47689,19487" machi="88" ten="30,3900,0" yaku="18,1,54,2" doraHai="129" who="1" fromWho="3" sc="162,0,371,39,236,0,231,-39" owari="162,-33.8,410,51.0,236,3.6,192,-20.8" /></mjloggm>