<mjloggm ver="2.3"><GO type="225" lobby="0"/><UN n0="%6D%75%75%6D%75%72%61" n1="%E8%81%B7%E6%A5%AD%E3%80%81%E9%A2%A8%32" n2="%73%69%72%6F%75%74" n3="%E3%83%AD%E3%83%83%E3%83%86%E9%9B%80%E7%90%83" dan="16,16,16,17" rate="2096.24,2126.35,2089.23,2266.13" sx="F,M,M,M"/><TAIKYOKU oya="0"/><INIT seed="0,0,0,2,2,133" ten="250,250,250,250" oya="0" hai0="79,111,8,61,67,39,122,85,57,99,48,117,126" hai1="116,38,106,62,123,69,23,52,108,56,124,53,18" hai2="28,58,24,128,44,92,98,47,32,105,70,12,74" hai3="103,60,135,118,64,31,45,6,34,73,129,107,43"/><T104/><D117/><U71/><E108/><V95/><F74/><W27/><G6/><T41/><D122/><U83/><E123/><V36/><F70/><N who="3" m="42247" /><G129/><T13/><D111/><U81/><E106/><V115/><F115/><W84/><G84/><T20/><D39/><U63/><E116/><V17/><F128/><W120/><G118/><T94/><D104/><U50/><E38/><V134/><F134/><W54/><G54/><T46/><D20/><U2/><E2/><V37/><F37/><N who="3" m="21743" /><G135/><T65/><D65/><U121/><E124/><V88/><F36/><W9/><G9/><T96/><D126/><U72/><E121/><V132/><F132/><W90/><G90/><N who="0" m="53583" /><D79/><U15/><E72/><V59/><F105/><W91/><G91/><T14/><D14/><U110/><E110/><V35/><F35/><W127/><G120/><T113/><D113/><U19/><E63/><V68/><F68/><W119/><G119/><T55/><D55/><U102/><E102/><V25/><F25/><W131/><G131/><T22/><D22/><N who="1" m="11615" /><E71/><V100/><F47/><W33/><G33/><T29/><D29/><U93/><E69/><V26/><F44/><W78/><G78/><T114/><D114/><U1/><E1/><V76/><F76/><W77/><G77/><T109/><D109/><U11/><E11/><V4/><F26/><W0/><G73/><T7/><AGARI ba="0,0" hai="7,8,13,41,46,48,57,61,67,96,99" m="53583" machi="7" ten="30,1500,0" yaku="8,1" doraHai="133" who="0" fromWho="0" sc="250,15,250,-5,250,-5,250,-5" /><INIT seed="0,1,0,4,3,72" ten="265,245,245,245" oya="0" hai0="77,31,106,44,95,23,41,86,94,118,60,51,56" hai1="66,10,82,124,4,103,135,97,24,71,11,38,81" hai2="84,105,16,53,6,110,62,54,36,30,48,17,2" hai3="39,14,75,22,79,80,21,89,123,99,3,129,19"/><T90/><D118/><U114/><E38/><V85/><F105/><W7/><G129/><T107/><D95/><U27/><E124/><V45/><F36/><W68/><G68/><T109/><D109/><U9/><E135/><V15/><F110/><W104/><G123/><T50/><D50/><U128/><E4/><V26/><F2/><W70/><G70/><T59/><D59/><U34/><E128/><V112/><F112/><W42/><G22/><T69/><D69/><U37/><E37/><V130/><F130/><W49/><G49/><T111/><D111/><U57/><E114/><V100/><F100/><W35/><G35/><T1/><D1/><U101/><E34/><V113/><F113/><W108/><G108/><T120/><D120/><U67/><E57/><N who="2" m="35119" /><F30/><W46/><G89/><T117/><D117/><U40/><E40/><V12/><F26/><N who="1" m="9769" /><E97/><V47/><F47/><W78/><G99/><T93/><D31/><U20/><E20/><N who="2" m="11271" /><F6/><W63/><G104/><T133/><D23/><AGARI ba="1,0" hai="15,17,23,45,48,54,84,85" m="11271,35119" machi="23" ten="30,2000,0" yaku="8,1,54,1" doraHai="72" who="2" fromWho="0" sc="265,-23,245,0,245,23,245,0" /><INIT seed="1,0,0,4,2,2" ten="242,245,268,245" oya="1" hai0="14,50,46,116,38,112,25,74,20,29,94,57,54" hai1="66,47,0,127,75,7,76,90,19,88,64,26,131" hai2="111,48,125,33,11,110,96,63,95,92,59,73,39" hai3="16,62,37,4,35,86,70,82,40,41,17,107,120"/><U77/><E127/><V106/><F39/><W72/><G72/><T18/><D112/><U101/><E131/><V103/><F73/><W118/><G120/><T133/><D116/><U61/><E75/><V121/><F33/><W42/><G107/><T68/><D133/><U45/><E0/><V3/><F121/><W102/><G35/><T10/><D74/><U114/><E7/><N who="2" m="1535" /><F48/><W98/><G37/><T122/><D122/><U119/><E114/><V51/><F51/><W85/><G118/><T53/><D68/><U9/><E101/><V6/><F6/><W104/><G4/><T69/><D69/><U22/><E119/><V15/><F15/><W5/><G5/><T105/><D105/><U44/><E9/><V60/><F125/><W89/><REACH who="3" step="1"/><G86/><REACH who="3" ten="242,245,268,235" step="2"/><T31/><D38/><U84/><E84/><V108/><F63/><W93/><G93/><T21/><D94/><U100/><E61/><V129/><F129/><W123/><G123/><T124/><D124/><U30/><E30/><V67/><AGARI ba="0,1" hai="59,60,67,92,95,96,103,106,108,110,111" m="1535" machi="67" ten="30,2000,0" yaku="14,1,52,1" doraHai="2" who="2" fromWho="2" sc="242,-5,245,-10,268,30,235,-5" /><INIT seed="2,0,0,5,5,90" ten="237,235,298,230" oya="2" hai0="132,62,104,67,134,80,106,16,121,27,14,25,83" hai1="32,45,3,18,19,11,41,71,87,108,73,74,58" hai2="47,21,86,79,78,42,54,60,59,35,7,122,94" hai3="119,65,1,68,120,102,9,76,75,36,130,64,48"/><V12/><F35/><W96/><G119/><T84/><D121/><U93/><E71/><V88/><F122/><W53/><G120/><T99/><D27/><U112/><E32/><V61/><F61/><W118/><G118/><T13/><D13/><U135/><E112/><V43/><F21/><W81/><G130/><T124/><D25/><U105/><E105/><V101/><F101/><W125/><G125/><T111/><D124/><U28/><E28/><V23/><F23/><W123/><G36/><T114/><D114/><U10/><E108/><V0/><F0/><W44/><G68/><T107/><D99/><U70/><E70/><V128/><F128/><W2/><G123/><T69/><D111/><U29/><E29/><V15/><F43/><W113/><G113/><T52/><D52/><U77/><E58/><V95/><F95/><W56/><G56/><T129/><D129/><U8/><E3/><V116/><F116/><W38/><G38/><T82/><REACH who="0" step="1"/><D84/><REACH who="0" ten="227,235,298,230" step="2"/><U100/><E87/><V22/><F12/><W127/><G127/><T37/><D37/><U39/><E74/><V126/><F126/><W26/><G26/><T92/><D92/><U17/><E93/><V109/><F109/><W97/><G97/><T72/><D72/><U103/><E135/><V57/><F15/><W4/><REACH who="3" step="1"/><G1/><REACH who="3" ten="227,235,298,220" step="2"/><T31/><D31/><U66/><REACH who="1" step="1"/><E66/><REACH who="1" ten="227,225,298,220" step="2"/><V46/><F47/><W40/><G40/><T24/><D24/><U49/><E49/><V20/><F46/><W85/><G85/><T98/><D98/><U50/><E50/><V131/><F42/><W30/><G30/><RYUUKYOKU ba="0,3" sc="227,10,225,10,298,-30,220,10" hai0="14,16,62,67,69,80,82,83,104,106,107,132,134" hai1="8,10,11,17,18,19,39,41,45,73,77,100,103" hai3="2,4,9,44,48,53,64,65,75,76,81,96,102" /><INIT seed="3,1,3,0,4,41" ten="237,235,268,230" oya="3" hai0="111,39,121,8,83,115,135,117,66,133,110,56,55" hai1="71,127,134,36,4,101,93,63,85,94,21,69,107" hai2="102,46,126,114,52,74,50,34,96,42,51,10,92" hai3="113,91,44,80,109,20,73,122,3,16,88,68,26"/><W130/><G113/><T90/><D117/><U61/><E36/><V97/><F74/><W62/><G122/><T76/><D121/><U108/><E107/><V99/><F114/><W100/><G3/><T57/><D115/><U33/><E33/><V131/><F34/><W65/><G109/><N who="0" m="41483" /><D90/><N who="1" m="53455" /><E108/><V75/><F75/><W31/><G130/><T86/><D39/><U119/><E134/><N who="0" m="51209" /><D66/><U14/><E119/><V123/><F123/><W37/><G100/><T67/><D67/><U118/><E101/><V17/><F126/><W18/><G91/><T48/><D8/><N who="1" m="4359" /><E127/><V43/><F131/><W0/><G0/><T54/><D54/><U106/><E118/><V125/><F43/><W53/><G37/><T32/><D32/><U40/><E40/><V58/><F125/><W27/><G27/><T13/><D13/><AGARI ba="1,3" hai="10,13,17,42,46,50,51,52,58,92,96,97,99,102" machi="13" ten="40,5200,0" yaku="8,1,52,1,54,1" doraHai="41" who="2" fromWho="0" sc="237,-55,235,0,268,85,230,0" owari="182,-31.8,235,3.5,353,45.3,230,-17.0" /></mjloggm>