<mjloggm ver="2.3"><GO type="225" lobby="0"/><UN n0="%E3%81%A8%E3%82%93%E3%81%A8%E3%81%93%E3%81%A8%E3%82%93" n1="%E3%83%A9%E3%82%B9%E7%8E%87%EF%BC%93%E5%89%B2" n2="%33%74%72%65%65" n3="%E3%83%97%E3%83%AC%E3%83%B4%E3%82%A1%E3%83%86%E3%82%A3" dan="16,16,16,16" rate="2080.69,2186.31,2140.10,2122.98" sx="M,F,F,F"/><TAIKYOKU oya="0"/><INIT seed="0,0,0,0,2,40" ten="250,250,250,250" oya="0" hai0="80,32,98,90,131,13,97,33,31,105,46,68,114" hai1="127,63,75,35,18,72,24,71,121,82,19,74,37" hai2="60,0,16,110,91,58,9,55,111,118,94,128,108" hai3="106,129,44,43,87,51,102,124,70,130,39,12,119"/><T45/><D114/><U117/><E121/><V8/><F128/><W64/><G119/><T1/><D1/><U115/><E117/><V66/><F118/><W29/><G124/><T22/><D68/><U120/><E120/><V6/><F9/><W3/><G3/><T23/><D105/><U61/><E127/><V15/><F0/><W5/><G87/><T123/><D123/><U133/><E133/><V11/><F11/><W132/><G132/><T79/><D131/><N who="3" m="50185" /><G29/><T17/><D90/><U27/><E37/><V21/><F21/><W107/><G102/><T96/><D23/><U135/><E135/><V73/><F73/><W28/><G28/><T20/><D20/><U78/><E115/><V26/><F26/><W14/><G5/><T89/><D89/><U62/><E71/><V53/><REACH who="2" step="1"/><F6/><REACH who="2" ten="250,250,240,250" step="2"/><W41/><G12/><T52/><D31/><U104/><E35/><V109/><N who="2" m="27648" /><DORA hai="113" /><V38/><F38/><W92/><G14/><T2/><D2/><U10/><E75/><V112/><F112/><W88/><G39/><T85/><REACH who="0" step="1"/><D45/><REACH who="0" ten="240,250,240,250" step="2"/><U134/><E134/><V67/><F67/><W47/><G64/><T42/><D42/><N who="3" m="15881" /><G70/><T86/><D86/><AGARI ba="0,2" hai="8,15,16,53,55,58,60,66,86,91,94" m="27648" machi="86" ten="70,8000,1" yaku="1,1,14,1,54,1,53,0" doraHai="40,113" doraHaiUra="99,101" who="2" fromWho="0" sc="240,-80,250,0,240,100,250,0" /><INIT seed="1,0,0,1,3,23" ten="160,250,340,250" oya="1" hai0="85,4,112,60,67,111,68,76,117,49,56,96,35" hai1="62,20,15,95,64,109,122,119,1,132,78,28,0" hai2="121,53,102,82,36,61,63,13,114,71,123,32,90" hai3="27,12,87,105,29,2,86,34,118,70,50,3,129"/><U110/><E119/><V66/><F36/><W65/><G118/><T135/><D112/><U100/><E122/><V21/><F32/><W108/><G108/><N who="1" m="41578" /><E132/><V17/><F114/><W24/><G129/><T26/><D117/><U10/><E78/><V40/><F40/><W106/><G12/><T74/><D111/><U101/><E28/><V30/><F30/><W9/><G9/><T128/><D128/><U41/><E41/><V91/><F102/><N who="1" m="39529" /><E20/><V22/><F22/><W42/><G29/><T7/><D135/><U125/><E95/><V45/><F21/><W104/><G34/><T19/><D74/><U94/><E94/><V115/><F115/><W133/><G133/><T11/><D96/><U75/><E125/><V131/><F131/><W134/><G134/><T69/><D35/><U58/><E75/><V25/><F121/><W81/><G42/><T47/><D69/><U103/><N who="1" m="39537" /><U83/><DORA hai="59" /><E83/><V18/><F82/><W44/><G81/><N who="0" m="47271" /><D68/><U54/><E64/><V46/><F66/><W6/><G70/><T5/><D11/><U113/><E113/><V92/><F71/><W43/><G65/><T39/><D39/><U93/><E93/><V72/><F92/><W79/><G79/><T33/><D33/><U48/><E48/><V31/><F72/><W130/><G130/><T116/><D116/><U55/><E55/><V89/><F53/><W57/><G105/><T98/><D98/><U80/><E80/><V84/><F123/><W14/><G106/><T51/><D47/><U38/><E38/><V37/><F37/><W120/><G104/><RYUUKYOKU ba="0,0" sc="160,15,250,15,340,-15,250,-15" hai0="4,5,7,19,26,49,51,56,60,67" hai1="0,1,10,15,54,58,62" /><INIT seed="1,1,0,2,1,89" ten="175,265,325,235" oya="1" hai0="50,25,51,56,13,37,7,4,53,78,5,28,95" hai1="32,18,47,101,43,35,91,92,39,21,16,79,102" hai2="14,114,62,124,8,0,74,117,113,82,26,70,57" hai3="134,109,63,84,71,38,122,107,2,55,24,1,135"/><U49/><E79/><N who="2" m="44407" /><F117/><W129/><G122/><T29/><D37/><U110/><E110/><V76/><F76/><W128/><G109/><T11/><D78/><U123/><E123/><V104/><F104/><W41/><G107/><T108/><D108/><U119/><E119/><V81/><F81/><W105/><G105/><T3/><D3/><U22/><E39/><V80/><F80/><W60/><G84/><T97/><D50/><U120/><E120/><V66/><F26/><W40/><G24/><T46/><D46/><U83/><E83/><V77/><F77/><W9/><G9/><T94/><D29/><U31/><E31/><V87/><F87/><W65/><G2/><T132/><D132/><N who="3" m="50729" /><G1/><T118/><D118/><U15/><E32/><V131/><F0/><W125/><G38/><T17/><REACH who="0" step="1"/><D97/><REACH who="0" ten="165,265,325,235" step="2"/><N who="1" m="57503" /><E35/><AGARI ba="1,1" hai="4,5,7,11,13,17,25,28,35,51,53,56,94,95" machi="35" ten="40,5200,0" yaku="1,1,52,2,53,0" doraHai="89" doraHaiUra="112" who="0" fromWho="1" sc="165,65,265,-55,325,0,235,0" /><INIT seed="2,0,0,4,0,88" ten="230,210,325,235" oya="2" hai0="100,53,26,86,44,113,119,43,16,78,13,118,130" hai1="7,101,117,124,28,50,48,106,129,81,57,71,51" hai2="120,112,41,116,25,125,30,10,1,95,77,109,108" hai3="93,69,49,19,39,97,46,4,75,42,115,111,12"/><V60/><F112/><W63/><G111/><N who="2" m="42569" /><F116/><W8/><G115/><T107/><D113/><U36/><E51/><V84/><F120/><W61/><G75/><T103/><D130/><U85/><E81/><V52/><F125/><W58/><G69/><T47/><D53/><U65/><E57/><N who="2" m="34855" /><F41/><W40/><G42/><T110/><D110/><U20/><E101/><V3/><F10/><W22/><G39/><T82/><D107/><U128/><E106/><V5/><F5/><W99/><G99/><T92/><D47/><U89/><E36/><V74/><F74/><W34/><G34/><T33/><D118/><U37/><E7/><V91/><F77/><W29/><G29/><T24/><D119/><U2/><E28/><V14/><F14/><W68/><G58/><T38/><D33/><AGARI ba="0,0" hai="1,3,25,30,33,84,91,95" m="34855,42569" machi="33" ten="30,11600,0" yaku="14,1,10,1,52,1,54,1" doraHai="88" who="2" fromWho="0" sc="230,-116,210,0,325,116,235,0" /><INIT seed="2,1,0,4,2,61" ten="114,210,441,235" oya="2" hai0="64,25,7,79,21,4,17,81,48,120,100,58,23" hai1="40,117,125,59,63,42,65,50,33,70,69,0,121" hai2="88,54,123,83,19,135,3,55,49,31,38,2,114" hai3="76,101,39,5,124,13,67,29,129,47,80,18,118"/><V103/><F114/><W11/><G118/><T44/><D120/><U86/><E33/><V68/><F38/><W122/><G122/><T85/><D100/><U77/><E0/><V26/><F123/><W74/><G124/><T43/><REACH who="0" step="1"/><D23/><REACH who="0" ten="104,210,441,235" step="2"/><U84/><E121/><V119/><F103/><W87/><G101/><T72/><D72/><U6/><E125/><V1/><F119/><W66/><G74/><T14/><D14/><U110/><E117/><V22/><F22/><W36/><G129/><T102/><D102/><U90/><E110/><V94/><F3/><W109/><G109/><T53/><D53/><U56/><E42/><V41/><F55/><W96/><G36/><T60/><AGARI ba="1,1" hai="4,7,17,21,25,43,44,48,58,60,64,79,81,85" machi="60" ten="30,8000,1" yaku="1,1,0,1,8,1,52,1,53,1" doraHai="61" doraHaiUra="46" who="0" fromWho="0" sc="104,93,210,-21,441,-41,235,-21" /><INIT seed="3,0,0,5,2,59" ten="197,189,400,214" oya="3" hai0="61,41,48,102,74,5,123,60,35,57,25,29,36" hai1="30,75,122,95,7,108,65,99,104,103,77,119,33" hai2="71,15,82,90,13,127,54,24,118,63,27,28,117" hai3="50,124,55,47,72,76,4,23,34,126,98,101,31"/><W120/><G120/><T8/><D123/><U96/><E122/><V70/><F127/><N who="3" m="48683" /><G34/><T128/><D74/><U132/><E108/><V19/><F71/><W106/><G4/><T45/><D128/><U87/><E132/><V67/><F54/><W40/><G72/><T85/><D102/><U109/><E109/><V39/><F39/><W32/><G76/><T93/><D36/><U21/><E119/><V89/><F13/><W100/><G100/><T73/><D73/><U69/><E7/><V94/><F82/><W20/><G32/><T58/><D58/><U78/><E21/><N who="3" m="8266" /><G31/><T12/><REACH who="0" step="1"/><D57/><REACH who="0" ten="187,189,400,214" step="2"/><U37/><E37/><V17/><F117/><W1/><G1/><T18/><D18/><U111/><E111/><V6/><F6/><W42/><AGARI ba="0,1" hai="40,42,47,50,55,98,101,106" m="8266,48683" machi="42" ten="30,1500,0" yaku="18,1" doraHai="59" who="3" fromWho="3" sc="187,-5,189,-5,400,-5,214,25" /><INIT seed="3,1,0,0,5,67" ten="182,184,395,239" oya="3" hai0="109,126,134,65,45,22,12,13,63,114,88,40,37" hai1="60,97,111,54,80,90,72,29,15,115,78,129,53" hai2="130,23,74,59,113,20,5,51,43,119,86,96,131" hai3="32,98,133,0,4,56,128,77,69,116,82,117,79"/><W73/><G128/><N who="2" m="49193" /><F74/><W95/><G133/><T48/><D134/><U19/><E115/><V26/><F113/><W84/><G32/><T14/><D114/><U108/><E29/><V41/><F119/><W99/><G56/><N who="0" m="37095" /><D37/><U85/><E97/><N who="3" m="36874" /><G69/><T2/><D2/><U24/><E24/><V102/><F5/><W68/><G68/><T83/><D109/><N who="1" m="42059" /><E60/><V93/><F86/><N who="3" m="48463" /><G4/><T16/><D126/><U35/><E35/><V46/><F59/><W121/><G0/><T52/><D40/><N who="2" m="15434" /><F26/><W47/><G47/><T64/><D64/><U100/><E100/><V62/><F62/><W61/><G61/><T107/><D107/><U132/><E132/><V103/><F103/><W70/><G70/><T31/><D31/><U10/><E129/><V75/><F75/><W125/><G125/><T94/><D83/><AGARI ba="1,0" hai="10,15,19,53,54,72,78,80,83,85,90" m="42059" machi="83" ten="30,1000,0" yaku="14,1" doraHai="67" who="1" fromWho="0" sc="182,-13,184,13,395,0,239,0" owari="169,-33.1,197,-20.3,395,49.5,239,3.9" /></mjloggm>