<mjloggm ver="2.3"><GO type="225" lobby="0"/><UN n0="%68%69%68%69%68%69%6A%69" n1="%E6%98%93%E5%88%A9%E8%96%A9%E4%BC%AF" n2="%E5%91%A8%E6%9D%B1" n3="%E3%82%8C%E3%81%99%E3%81%93" dan="17,16,17,17" rate="2178.25,2146.98,2162.27,2240.44" sx="M,F,M,F"/><TAIKYOKU oya="0"/><INIT seed="0,0,0,3,5,123" ten="250,250,250,250" oya="0" hai0="93,30,1,108,112,107,57,115,60,111,28,125,78" hai1="131,61,59,99,72,35,69,29,122,81,80,36,67" hai2="65,68,130,32,18,84,106,132,15,33,34,23,103" hai3="27,40,52,77,6,124,26,4,114,89,12,54,97"/><T38/><D107/><U127/><E122/><V43/><F43/><W87/><G114/><N who="0" m="43563" /><D78/><U110/><E127/><V14/><F106/><W20/><G124/><T119/><D119/><U13/><E131/><V64/><F103/><W96/><G40/><T104/><D104/><U19/><E36/><V73/><F73/><W121/><G77/><T7/><D38/><U51/><E72/><V98/><F98/><N who="3" m="37995" /><G121/><T10/><D93/><U133/><E99/><V83/><F130/><W101/><G101/><T41/><D41/><U76/><E80/><V53/><F68/><W50/><G12/><T63/><D63/><U70/><E51/><V88/><F132/><W120/><G120/><T62/><D62/><U46/><E46/><V85/><F53/><N who="3" m="20587" /><G50/><T126/><D60/><U82/><E76/><V21/><F84/><W22/><G22/><T94/><D57/><U128/><E59/><V37/><F37/><W66/><G66/><T31/><D94/><U91/><E61/><V25/><REACH who="2" step="1"/><F15/><REACH who="2" ten="250,250,240,250" step="2"/><W116/><G116/><T105/><D105/><U42/><E42/><V100/><F100/><W135/><G135/><T58/><D58/><U118/><E133/><V129/><F129/><W24/><G20/><T48/><D48/><U102/><E70/><V86/><F86/><W74/><G74/><T17/><D126/><U49/><E128/><V71/><F71/><W55/><N who="3" m="20595" /><W134/><DORA hai="109" /><G134/><T9/><D125/><U113/><E69/><V5/><F5/><W39/><G39/><T56/><D56/><U117/><E117/><V47/><F47/><W95/><AGARI ba="0,1" hai="4,6,24,26,27,87,89,95" m="20595,37995" machi="95" ten="40,5200,0" yaku="5,1,8,1,54,1" doraHai="123,109" who="3" fromWho="3" sc="250,-26,250,-13,240,-13,250,62" /><INIT seed="1,0,0,5,1,93" ten="224,237,227,312" oya="1" hai0="101,67,5,74,108,6,31,99,43,62,20,35,85" hai1="120,3,98,68,127,95,19,131,13,70,122,121,125" hai2="41,129,103,59,53,66,76,82,50,86,64,34,100" hai3="77,88,90,32,49,26,21,112,11,69,102,63,44"/><U113/><E3/><V132/><F34/><W52/><G112/><T30/><D74/><U65/><E113/><V4/><F132/><W48/><G32/><T81/><D108/><U83/><E83/><V104/><F129/><W117/><G117/><T39/><D35/><U16/><E131/><V130/><F130/><W110/><G110/><T8/><D39/><U46/><E46/><V12/><F41/><N who="3" m="24591" /><G69/><T22/><D43/><U133/><E133/><V38/><F38/><W24/><G63/><T73/><D73/><U128/><E19/><V2/><F2/><W0/><G0/><T10/><D31/><U29/><E29/><V78/><F78/><W107/><G107/><T45/><D45/><U92/><E92/><V79/><F79/><W111/><G111/><T60/><D30/><U27/><E27/><N who="3" m="10282" /><G77/><N who="0" m="46255" /><D6/><U40/><E40/><V126/><F126/><N who="1" m="48137" /><E65/><N who="2" m="25195" /><F104/><W89/><G21/><N who="0" m="8299" /><D5/><U42/><E42/><V61/><F61/><N who="0" m="23658" /><D67/><U80/><E128/><V28/><F28/><W105/><G105/><T71/><D71/><U57/><E70/><V1/><F1/><W15/><G11/><AGARI ba="0,0" hai="4,11,12,50,53,59,76,82,86,100,103" m="25195" machi="11" ten="30,1000,0" yaku="8,1" doraHai="93" who="2" fromWho="3" sc="224,0,237,0,227,10,312,-10" /><INIT seed="2,0,0,2,0,18" ten="224,237,237,302" oya="2" hai0="125,22,112,39,59,110,98,37,13,32,54,77,17" hai1="115,25,51,24,103,56,38,132,28,91,92,128,55" hai2="7,49,63,53,0,9,64,62,84,117,89,40,118" hai3="87,11,26,111,86,58,94,81,75,79,36,109,99"/><V93/><F40/><W45/><G36/><T6/><D112/><U8/><E115/><V67/><F63/><W88/><G45/><T133/><D32/><U15/><E132/><V20/><F64/><W105/><G58/><T113/><D113/><U100/><E38/><V120/><F120/><W80/><G11/><T95/><D133/><U52/><E55/><V70/><REACH who="2" step="1"/><F20/><REACH who="2" ten="224,237,227,302" step="2"/><W106/><G111/><T73/><D110/><U68/><E128/><V107/><F107/><N who="3" m="40971" /><G109/><T47/><D39/><U69/><E69/><V104/><F104/><W10/><G10/><T35/><D37/><U121/><E68/><V57/><AGARI ba="0,1" hai="0,7,9,49,53,57,62,67,70,84,89,93,117,118" machi="57" ten="20,7800,0" yaku="1,1,0,1,7,1,53,1" doraHai="18" doraHaiUra="90" who="2" fromWho="2" sc="224,-26,237,-26,227,88,302,-26" /><INIT seed="2,1,0,1,2,77" ten="198,211,315,276" oya="2" hai0="128,18,97,130,117,92,100,134,2,29,21,101,41" hai1="123,8,107,57,108,30,124,61,64,47,116,32,94" hai2="78,51,119,48,39,131,66,112,103,31,68,91,125" hai3="0,46,20,83,43,55,113,118,122,111,84,69,60"/><V10/><F119/><W127/><G122/><T62/><D134/><U85/><E107/><V58/><F112/><W126/><G118/><T99/><D117/><U65/><E116/><V33/><F39/><W27/><G0/><T56/><D41/><U80/><E108/><V76/><F125/><N who="3" m="47627" /><G111/><T67/><D2/><U74/><E123/><V115/><F33/><W44/><G113/><T98/><D29/><U19/><E74/><V38/><F38/><W16/><G43/><T6/><D6/><U104/><E104/><V114/><F31/><W52/><G69/><T63/><D63/><U12/><E94/><V79/><F68/><W93/><G93/><T120/><D120/><U14/><E32/><V90/><F103/><W135/><G135/><T45/><D45/><N who="3" m="17513" /><G60/><T34/><D34/><U23/><E47/><V25/><F115/><W75/><G75/><T1/><D1/><U4/><E30/><V121/><F121/><W40/><G40/><T72/><D72/><U9/><E124/><V28/><F114/><W81/><G81/><T71/><D71/><U5/><E64/><V54/><F66/><W36/><G36/><T102/><REACH who="0" step="1"/><D92/><REACH who="0" ten="188,211,315,276" step="2"/><U109/><E109/><V110/><F110/><W86/><G86/><T95/><D95/><U50/><E50/><V49/><F51/><W105/><G105/><T82/><D82/><U17/><E85/><V15/><F49/><W35/><G35/><T59/><D59/><U96/><E80/><V132/><F132/><W26/><G84/><T106/><D106/><U37/><E37/><V87/><F87/><W7/><G83/><RYUUKYOKU ba="1,1" sc="188,30,211,-10,315,-10,276,-10" hai0="18,21,56,62,67,97,98,99,100,101,102,128,130" /><INIT seed="3,2,1,1,0,21" ten="218,201,305,266" oya="3" hai0="78,82,29,42,117,72,23,6,25,37,100,34,102" hai1="22,112,106,69,99,8,44,5,66,11,77,28,0" hai2="118,47,101,62,104,107,75,134,7,55,46,128,92" hai3="110,17,49,2,123,58,57,81,16,64,54,40,83"/><W79/><G123/><T18/><D117/><U50/><E112/><V91/><F118/><W113/><G113/><T41/><D6/><U45/><E77/><V14/><F75/><W52/><G2/><T120/><D120/><U10/><E69/><V36/><F128/><W53/><G110/><T96/><D37/><U70/><E70/><V39/><F134/><W131/><G131/><T1/><D1/><U132/><E132/><V30/><F30/><W60/><G58/><T13/><REACH who="0" step="1"/><D100/><REACH who="0" ten="208,201,305,266" step="2"/><U105/><E0/><V133/><F101/><W51/><G81/><T71/><D71/><U125/><E5/><V9/><F39/><W103/><G103/><T89/><D89/><U32/><E125/><V24/><F36/><W126/><G126/><T119/><D119/><U38/><E38/><V48/><F91/><W121/><G121/><T43/><D43/><U4/><E4/><V115/><F7/><W63/><G40/><T19/><D19/><N who="3" m="7241" /><G63/><T84/><D84/><AGARI ba="2,2" hai="49,51,52,53,54,57,60,64,79,83,84" m="7241" machi="84" ten="30,5800,0" yaku="8,1,54,2" doraHai="21" who="3" fromWho="0" sc="208,-64,201,0,305,0,266,84" owari="144,-35.6,201,-19.9,305,10.5,350,45.0" /></mjloggm>