<mjloggm ver="2.3"><GO type="225" lobby="0"/><UN n0="%EF%BC%81%E3%81%BC%E3%81%9F%E3%82%82%E3%81%A1%EF%BC%81" n1="%E6%97%A5%E6%9B%9C%E6%97%A5%E3%82%88%E3%82%8A%E3%81%AE%E4%BD%BF%E8%80%85" n2="%E4%B8%AD%E5%B9%B4%E3%81%AE%E5%8D%B1%E6%A9%9F" n3="%67%61%79%75%6E%79" dan="17,18,17,16" rate="2202.61,2186.38,2225.98,2098.70" sx="M,M,M,M"/><TAIKYOKU oya="0"/><INIT seed="0,0,0,2,2,93" ten="250,250,250,250" oya="0" hai0="46,48,7,126,12,49,133,61,90,52,119,28,123" hai1="80,24,112,27,64,122,30,115,95,21,57,67,5" hai2="116,114,17,22,129,96,117,3,69,86,92,15,120" hai3="58,20,68,2,71,109,104,73,110,87,85,16,43"/><T121/><D119/><N who="2" m="45642" /><F114/><N who="1" m="43561" /><E122/><V1/><F120/><W19/><G2/><N who="2" m="521" /><F69/><N who="3" m="26699" /><G73/><T97/><D133/><U106/><E106/><V62/><F62/><W76/><G43/><T47/><D126/><U125/><E125/><V41/><F41/><W9/><G104/><T42/><D28/><N who="1" m="17423" /><E5/><V34/><F34/><W66/><G76/><T132/><D132/><U131/><E131/><V36/><F36/><W44/><G44/><T56/><D7/><U60/><E80/><V77/><F129/><W63/><G9/><T38/><D12/><U98/><E57/><V94/><F96/><W70/><N who="3" m="26707" /><W31/><DORA hai="33" /><G31/><T101/><D90/><N who="1" m="55671" /><E60/><V25/><F25/><N who="3" m="14471" /><G19/><T134/><D134/><U88/><E88/><V53/><F53/><W6/><G6/><T99/><D99/><U127/><E127/><V50/><F50/><W108/><AGARI ba="0,0" hai="58,63,66,85,87,108,109,110" m="14471,26707" machi="108" ten="50,3200,0" yaku="14,1,54,1" doraHai="93,33" who="3" fromWho="3" sc="250,-16,250,-8,250,-8,250,32" /><INIT seed="1,0,0,4,1,88" ten="234,242,242,282" oya="1" hai0="15,76,0,66,59,46,38,83,32,134,40,30,101" hai1="21,125,33,98,69,41,94,131,50,58,35,81,70" hai2="99,3,118,52,12,95,73,13,97,127,91,23,31" hai3="61,113,9,71,121,34,89,42,122,135,2,53,79"/><U68/><E125/><V28/><F3/><W115/><G79/><T64/><D0/><U62/><E131/><V8/><F73/><W29/><G89/><T43/><D134/><U86/><E21/><V102/><F127/><W36/><G53/><T117/><D117/><U124/><E124/><V14/><F118/><W17/><G17/><T47/><D101/><U119/><E119/><V133/><F133/><W104/><G104/><T4/><D30/><U7/><E7/><V54/><F8/><W112/><G135/><T49/><D32/><U90/><E50/><V16/><F28/><W129/><G129/><T57/><D57/><U126/><E41/><V82/><F31/><W67/><G42/><T6/><D59/><U25/><E25/><V109/><F109/><W27/><REACH who="3" step="1"/><G36/><REACH who="3" ten="234,242,242,272" step="2"/><T51/><D38/><U116/><E116/><V107/><REACH who="2" step="1"/><F82/><REACH who="2" ten="234,242,232,272" step="2"/><W19/><G19/><T37/><D37/><U10/><E126/><V5/><F5/><AGARI ba="0,2" hai="2,5,9,27,29,34,61,67,71,112,113,115,121,122" machi="5" ten="40,5200,0" yaku="1,1,23,2,53,0" doraHai="88" doraHaiUra="123" who="3" fromWho="2" sc="234,0,242,0,232,-52,272,72" /><INIT seed="2,0,0,1,3,35" ten="234,242,180,344" oya="2" hai0="8,39,133,24,83,79,52,119,46,78,73,89,120" hai1="60,36,75,41,92,109,65,53,22,118,105,18,54" hai2="4,85,93,13,111,38,98,70,43,20,69,64,113" hai3="135,57,100,127,103,122,87,84,11,123,88,12,77"/><V96/><F113/><W40/><G127/><T131/><D120/><U32/><E105/><V42/><F111/><W17/><G135/><T99/><D131/><U110/><E32/><V81/><F38/><W16/><G40/><T58/><D119/><U47/><E75/><V74/><F74/><W26/><G122/><T15/><D133/><U106/><E106/><V50/><F69/><W104/><G104/><T23/><D79/><U48/><E92/><V1/><F70/><W108/><G108/><N who="1" m="41578" /><E118/><V94/><F64/><W30/><G17/><T56/><D99/><N who="2" m="37930" /><F1/><W9/><G9/><T91/><D58/><N who="1" m="37015" /><E36/><V95/><F50/><W117/><G57/><T128/><D128/><U63/><E63/><V55/><F55/><W45/><G45/><T31/><D46/><U37/><E37/><V19/><F4/><W112/><G123/><T132/><D39/><U134/><E134/><V27/><F27/><AGARI ba="0,0" hai="18,22,27,41,47,48,53,54" m="37015,41578" machi="27" ten="30,1000,0" yaku="14,1" doraHai="35" who="1" fromWho="2" sc="234,0,242,10,180,-10,344,0" /><INIT seed="3,0,0,4,0,96" ten="234,252,170,344" oya="3" hai0="19,108,52,130,118,111,116,115,27,97,50,109,94" hai1="102,37,64,91,9,24,114,6,120,8,117,14,33" hai2="126,0,3,35,127,70,75,45,26,18,123,20,101" hai3="68,62,7,57,51,78,113,76,1,53,71,131,122"/><W69/><G122/><T12/><D27/><U43/><E64/><V125/><F75/><W106/><G106/><T112/><D130/><U87/><E114/><N who="0" m="43561" /><D12/><U61/><E61/><V135/><F70/><W90/><G7/><T15/><D15/><U48/><E37/><V86/><F45/><W58/><G1/><T89/><D19/><U88/><E33/><V95/><F123/><W133/><G78/><T81/><D81/><U13/><E24/><V38/><F38/><W85/><G76/><T110/><N who="0" m="27648" /><DORA hai="2" /><T84/><D97/><U36/><E36/><V82/><F35/><W42/><G131/><T79/><D79/><U132/><E117/><V93/><F135/><W32/><G133/><T39/><D39/><U119/><E119/><V47/><F0/><W49/><G32/><T46/><AGARI ba="0,0" hai="46,50,52,84,89,94,116,118" m="27648,43561" machi="46" ten="60,7900,0" yaku="11,1,14,1,54,1" doraHai="96,2" who="0" fromWho="0" sc="234,79,252,-20,170,-20,344,-39" owari="313,41.3,232,-16.8,150,-35.0,305,10.5" /></mjloggm>