<mjloggm ver="2.3"><GO type="225" lobby="0"/><UN n0="%E3%82%BC%E3%83%AB%E3%83%80%E3%81%AE%E4%BC%9D%E8%AA%AC" n1="%E3%82%B2%E3%82%B9%E8%8C%82%E5%8B%9D" n2="%70%6E%64%73%6E%67" n3="%E5%AD%90%E4%BE%9B%E4%BC%9A%E5%93%A1" dan="18,16,16,17" rate="2213.75,2088.43,2084.22,2141.52" sx="M,F,M,M"/><TAIKYOKU oya="0"/><INIT seed="0,0,0,2,1,23" ten="250,250,250,250" oya="0" hai0="82,46,107,94,126,118,6,33,78,26,21,109,111" hai1="5,20,110,81,106,54,40,55,1,108,42,75,31" hai2="43,83,10,76,89,51,48,112,52,14,104,0,77" hai3="49,71,64,122,98,45,69,105,124,74,92,28,102"/><T87/><D118/><U73/><E106/><V97/><F112/><W11/><G74/><T41/><D107/><U131/><E131/><V24/><F0/><W133/><G133/><T47/><D126/><U88/><E1/><V67/><F67/><W57/><G124/><T103/><D33/><U90/><E5/><V91/><F104/><W66/><G122/><T96/><D6/><U116/><E20/><V120/><F120/><W56/><G105/><T38/><REACH who="0" step="1"/><D46/><REACH who="0" ten="240,250,250,250" step="2"/><U70/><E116/><V93/><F76/><W7/><G45/><T18/><AGARI ba="0,1" hai="18,21,26,38,41,47,78,82,87,94,96,103,109,111" machi="18" ten="30,12000,1" yaku="1,1,2,1,0,1,52,1,53,1" doraHai="23" doraHaiUra="16" who="0" fromWho="0" sc="240,130,250,-40,250,-40,250,-40" /><INIT seed="0,1,0,1,3,39" ten="370,210,210,210" oya="0" hai0="106,37,75,132,51,93,46,19,18,127,103,112,109" hai1="3,53,29,80,104,55,43,118,52,99,115,117,36" hai2="129,44,15,14,47,13,41,64,81,130,57,56,38" hai3="94,68,10,85,97,21,98,92,5,128,102,84,69"/><T62/><D112/><U76/><E3/><V83/><F64/><W105/><G128/><T54/><D75/><U124/><E124/><V42/><F14/><W24/><G69/><T40/><D106/><U131/><E131/><V120/><REACH who="2" step="1"/><F38/><REACH who="2" ten="370,210,200,210" step="2"/><W74/><G68/><T6/><D127/><U27/><E115/><V7/><F7/><W135/><G135/><T86/><D132/><U50/><E36/><V77/><F77/><W82/><G5/><T125/><D125/><U63/><E117/><V25/><F25/><W65/><G65/><T70/><D6/><U35/><E118/><V79/><F79/><N who="3" m="44407" /><G24/><T87/><D70/><U67/><E67/><V111/><F111/><W113/><G113/><T119/><D109/><U61/><E63/><V59/><F59/><W17/><G17/><T2/><D119/><U72/><E61/><V30/><F30/><W22/><G10/><T4/><D4/><U107/><E27/><V32/><F32/><W123/><G22/><T73/><D37/><U78/><E29/><V16/><F16/><W116/><G21/><T45/><D18/><U28/><E76/><V31/><F31/><W91/><G116/><T58/><D19/><U114/><E114/><V49/><F49/><W88/><G123/><AGARI ba="1,1" hai="13,15,41,42,44,47,56,57,81,83,120,123,129,130" machi="123" ten="25,8000,1" yaku="1,1,22,2,52,2,53,0" doraHai="39" doraHaiUra="48" who="2" fromWho="3" sc="370,0,210,0,200,93,210,-83" /><INIT seed="1,0,0,4,4,92" ten="370,210,293,127" oya="1" hai0="40,6,1,0,111,66,95,38,108,45,61,93,104" hai1="121,9,75,113,31,83,22,101,89,37,55,127,103" hai2="51,48,85,46,120,87,131,76,114,107,71,52,72" hai3="11,57,117,110,82,34,102,122,129,81,63,79,64"/><U67/><E113/><V23/><F120/><W41/><G122/><T2/><D6/><U32/><E121/><V98/><F71/><W73/><G110/><N who="0" m="42027" /><D104/><U47/><E127/><V24/><F131/><W43/><G129/><T78/><D78/><U100/><E32/><V7/><F114/><W13/><G117/><T112/><D112/><U123/><E123/><V12/><F72/><W4/><G34/><T25/><D25/><U80/><E67/><V10/><F76/><W36/><G36/><T8/><D8/><U17/><E31/><V134/><F134/><W33/><G33/><T50/><D38/><U5/><E75/><V65/><F65/><W15/><G82/><T74/><D74/><U53/><E37/><V94/><F51/><W3/><REACH who="3" step="1"/><G102/><REACH who="3" ten="370,210,293,117" step="2"/><T88/><D88/><U29/><E89/><N who="2" m="55631" /><F107/><W128/><G128/><T60/><D95/><U58/><E80/><V68/><F68/><W124/><G124/><T130/><D93/><U19/><E83/><V49/><F49/><W109/><G109/><T106/><D106/><U126/><E126/><V69/><F69/><W30/><G30/><AGARI ba="0,1" hai="7,10,12,23,24,30,46,48,52,85,87" m="55631" machi="30" ten="30,3900,0" yaku="8,1,52,1,54,1" doraHai="92" who="2" fromWho="3" sc="370,0,210,0,293,49,117,-39" /><INIT seed="2,0,0,2,3,65" ten="370,210,342,78" oya="2" hai0="1,33,59,57,125,26,18,128,63,133,0,89,86" hai1="90,27,21,49,24,37,34,110,12,104,46,30,95" hai2="28,79,67,45,71,70,116,123,94,9,50,13,77" hai3="20,88,7,117,40,131,11,6,113,74,17,127,32"/><V61/><F116/><W52/><G117/><T19/><D125/><U72/><E110/><V107/><F107/><W15/><G127/><T103/><D103/><U3/><E104/><V108/><F123/><W91/><G131/><T66/><D128/><U68/><E3/><V56/><F108/><W55/><G113/><T62/><D133/><U78/><E37/><V16/><F28/><W109/><G109/><T10/><D33/><U85/><E12/><V42/><REACH who="2" step="1"/><F94/><REACH who="2" ten="370,210,332,78" step="2"/><W14/><G32/><T101/><D1/><U41/><E72/><V97/><F97/><W126/><G74/><T98/><D0/><U75/><E75/><V112/><F112/><W100/><G126/><T93/><D26/><U82/><E24/><V64/><F64/><W132/><G132/><T118/><D118/><U84/><E34/><V129/><F129/><W44/><G100/><T8/><D8/><U51/><E30/><V105/><F105/><W102/><G102/><T121/><D10/><U69/><E27/><V81/><F81/><W96/><G7/><T22/><D121/><U111/><E111/><V73/><F73/><W43/><G96/><T35/><D35/><U54/><REACH who="1" step="1"/><E21/><REACH who="1" ten="370,200,332,78" step="2"/><V58/><F58/><AGARI ba="0,2" hai="41,46,49,51,54,58,68,69,78,82,84,85,90,95" machi="58" ten="30,12000,2" yaku="1,1,2,1,7,1,52,2,53,1" doraHai="65" doraHaiUra="36" who="1" fromWho="2" sc="370,0,200,140,332,-120,78,0" /><INIT seed="3,0,0,3,4,62" ten="370,340,212,78" oya="3" hai0="30,20,13,99,94,44,61,45,127,42,56,0,21" hai1="38,65,133,98,7,22,108,114,121,101,39,129,74" hai2="11,27,103,132,89,83,81,79,60,82,124,135,15" hai3="86,107,128,88,8,116,106,66,90,57,9,67,111"/><W52/><G116/><T3/><D127/><U110/><E114/><V131/><F103/><W120/><G120/><T5/><D0/><U115/><E115/><V23/><F131/><W118/><G118/><T10/><D3/><U87/><E121/><V64/><F89/><N who="3" m="34411" /><G128/><T31/><D20/><U112/><E112/><V53/><F53/><W85/><G111/><N who="1" m="42538" /><E129/><V17/><F124/><W134/><G134/><N who="2" m="51241" /><F79/><W41/><G41/><T78/><D78/><U100/><E74/><V119/><F119/><W102/><G102/><N who="1" m="39530" /><E133/><V50/><F50/><N who="3" m="30871" /><G107/><T91/><D21/><U71/><E22/><V68/><F83/><W72/><G106/><T75/><D75/><U77/><E98/><V97/><F97/><W24/><G24/><T104/><D104/><U26/><E26/><V93/><F93/><W28/><G28/><AGARI ba="0,0" hai="11,15,17,23,27,28,60,64,68,81,82" m="51241" machi="28" ten="30,2000,0" yaku="20,1,52,1" doraHai="62" who="2" fromWho="3" sc="370,0,340,0,212,20,78,-20" owari="370,47.0,340,14.0,232,-16.8,58,-44.2" /></mjloggm>