<mjloggm ver="2.3"><GO type="225" lobby="0"/><UN n0="%E3%81%95%E3%81%8D%E3%81%9F%E3%81%BE%E6%9E%97%E6%AA%8E" n1="%E3%80%93%E3%81%97%E3%83%BC%E3%82%89%E3%80%93" n2="%E3%82%B2%E3%82%B9%E8%8C%82%E5%8B%9D" n3="%E6%81%A5%E6%99%92%E3%81%97" dan="16,16,16,16" rate="2035.83,2178.36,2127.30,2126.30" sx="M,M,F,M"/><TAIKYOKU oya="0"/><INIT seed="0,0,0,0,0,18" ten="250,250,250,250" oya="0" hai0="128,35,68,13,57,117,12,4,53,24,73,87,46" hai1="92,51,121,49,84,7,20,60,114,118,79,71,25" hai2="21,67,120,72,101,48,78,133,5,123,42,106,59" hai3="41,130,132,29,102,93,83,3,55,99,27,8,32"/><T33/><D117/><U9/><E121/><V22/><F133/><W34/><G130/><T50/><D73/><U127/><E118/><V135/><F135/><W119/><G132/><T54/><D68/><U91/><E127/><V109/><F109/><W116/><G41/><T62/><D128/><U26/><E26/><V11/><F101/><W103/><G34/><T76/><D35/><U124/><E124/><V52/><F106/><W81/><G103/><T82/><D33/><U28/><E114/><V45/><F67/><W105/><G105/><T65/><D4/><U38/><E38/><V14/><F78/><W125/><G125/><T37/><D37/><U6/><E6/><V77/><F77/><W23/><G32/><T88/><D24/><U36/><E36/><V104/><F104/><W16/><G83/><T15/><REACH who="0" step="1"/><D76/><REACH who="0" ten="240,250,250,250" step="2"/><U2/><E79/><V39/><REACH who="2" step="1"/><F72/><REACH who="2" ten="240,250,240,250" step="2"/><W129/><G116/><T111/><D111/><U126/><E126/><V69/><F69/><W74/><G119/><T80/><D80/><U19/><E71/><V90/><F90/><W110/><G81/><T10/><D10/><U112/><E112/><V100/><F100/><W107/><G110/><T66/><AGARI ba="0,2" hai="12,13,15,46,50,53,54,57,62,65,66,82,87,88" machi="66" ten="30,11700,0" yaku="1,1,0,1,8,1,54,1,53,0" doraHai="18" doraHaiUra="96" who="0" fromWho="0" sc="240,137,250,-39,240,-39,250,-39" /><INIT seed="0,1,0,0,3,35" ten="377,211,201,211" oya="0" hai0="122,22,14,0,114,103,29,108,120,28,41,124,84" hai1="94,40,43,46,127,70,5,82,79,110,54,131,78" hai2="74,81,51,128,126,30,48,7,109,15,12,31,119" hai3="8,89,100,59,72,97,3,37,135,99,130,68,69"/><T57/><D114/><U44/><E70/><V116/><F109/><W75/><G37/><T92/><D41/><U115/><E110/><V4/><F81/><W80/><G130/><T55/><D108/><U133/><E131/><V50/><F74/><W13/><G135/><T33/><D33/><U123/><E127/><V39/><F39/><W23/><G59/><T105/><D105/><U95/><E54/><V87/><F128/><W117/><G117/><N who="2" m="45129" /><F87/><W6/><G69/><T90/><D124/><U42/><E123/><V52/><F52/><W121/><G68/><T16/><D0/><U36/><E133/><V86/><F86/><W65/><G65/><T2/><D2/><U61/><E61/><V58/><F58/><W1/><G121/><N who="0" m="46699" /><D103/><U85/><E115/><V111/><F111/><W132/><G132/><T129/><D129/><U66/><E66/><V25/><F126/><W10/><G80/><T96/><D96/><U11/><E79/><V104/><F104/><W118/><G118/><T91/><D91/><U113/><E113/><V67/><F67/><W101/><G89/><T19/><D19/><U106/><E106/><V76/><F76/><W56/><G6/><N who="2" m="2089" /><F31/><W125/><G125/><T27/><D55/><U73/><E43/><V38/><F38/><W77/><G77/><T60/><D60/><U93/><E73/><V62/><F62/><W98/><G98/><T26/><D57/><U32/><E36/><V24/><F30/><N who="0" m="11882" /><D84/><U9/><E42/><V102/><F102/><W18/><G56/><T63/><D63/><U17/><E40/><V88/><F88/><RYUUKYOKU ba="1,0" sc="377,15,211,-15,201,15,211,-15" hai0="14,16,22,26,27,90,92" hai2="12,15,24,25,48,50,51" /><INIT seed="0,2,0,1,1,69" ten="392,196,216,196" oya="0" hai0="77,68,84,100,32,95,102,105,26,44,132,104,17" hai1="98,82,90,117,73,38,11,7,27,116,6,124,3" hai2="41,25,64,43,19,99,56,1,67,30,101,55,75" hai3="15,108,111,14,97,121,78,126,8,18,89,57,48"/><T59/><D68/><U12/><E124/><V21/><F75/><W92/><G126/><T123/><D123/><U71/><E71/><V39/><F1/><W119/><G119/><T62/><D32/><U114/><E114/><V103/><F30/><W107/><G121/><T125/><D125/><U16/><E27/><V24/><F25/><W0/><G107/><T47/><D132/><U113/><E113/><V2/><F2/><W22/><G0/><T45/><D104/><U13/><E13/><V94/><F103/><W33/><G33/><T87/><D105/><U110/><E7/><V135/><F135/><W9/><G78/><T50/><D50/><U120/><E120/><V31/><F19/><W35/><G35/><T115/><D115/><U54/><E110/><V34/><F34/><W118/><G118/><T106/><D106/><U134/><E134/><V40/><REACH who="2" step="1"/><F39/><REACH who="2" ten="392,196,206,196" step="2"/><W133/><G133/><T23/><D102/><U131/><E38/><V58/><F58/><W63/><G108/><T122/><D17/><U37/><E37/><V128/><F128/><W74/><G74/><T29/><D59/><U53/><E131/><V52/><F52/><N who="3" m="31879" /><G111/><T5/><D122/><U42/><E117/><V46/><F46/><W79/><G14/><T28/><D47/><U85/><E116/><V36/><F36/><W20/><G20/><N who="0" m="15431" /><D45/><U51/><E73/><V130/><F130/><W129/><G129/><T80/><D44/><N who="1" m="26007" /><E3/><V76/><F76/><W72/><G63/><AGARI ba="2,1" hai="21,24,31,40,41,43,55,56,63,64,67,94,99,101" machi="63" ten="40,5200,0" yaku="1,1,8,1,53,1" doraHai="69" doraHaiUra="88" who="2" fromWho="3" sc="392,0,196,0,206,68,196,-58" /><INIT seed="1,0,0,0,1,17" ten="392,196,274,138" oya="1" hai0="34,7,26,56,112,27,63,81,28,46,62,59,97" hai1="122,75,108,132,90,48,114,92,127,69,24,123,115" hai2="65,1,76,100,40,72,35,52,74,99,96,111,55" hai3="15,60,133,103,41,78,22,109,54,80,21,66,89"/><U61/><E24/><V13/><F1/><W9/><G109/><T4/><D112/><U44/><E75/><V43/><F35/><W88/><G133/><T58/><D97/><U6/><E6/><N who="0" m="2089" /><D34/><U73/><E73/><V29/><F29/><W94/><G41/><T14/><D81/><U93/><E90/><N who="3" m="34922" /><G66/><T30/><D14/><U95/><E132/><V125/><F111/><W42/><G42/><T110/><D110/><U47/><E108/><V50/><F65/><W118/><G118/><T101/><D101/><U105/><E105/><V11/><F100/><W57/><G78/><T31/><D46/><U84/><E69/><V77/><F13/><W0/><G0/><T129/><D129/><U3/><E3/><V23/><F11/><W86/><G80/><T121/><D121/><U130/><E130/><V117/><F117/><W12/><G86/><T102/><D102/><U126/><E84/><V37/><F37/><W104/><G104/><T36/><D36/><U39/><E39/><V53/><F50/><W119/><G119/><T8/><D8/><U18/><E48/><V68/><F68/><W71/><G71/><T16/><D26/><U98/><E98/><V116/><F116/><W82/><G82/><T67/><D67/><U106/><E106/><V38/><F38/><W131/><G131/><T107/><D107/><U25/><E123/><V128/><F128/><W135/><G135/><T51/><D51/><U64/><E122/><V20/><REACH who="2" step="1"/><F53/><REACH who="2" ten="392,196,264,138" step="2"/><W45/><G15/><T113/><D113/><U79/><E115/><V49/><F49/><W134/><G134/><RYUUKYOKU ba="0,1" sc="392,15,196,-15,264,15,138,-15" hai0="16,27,28,30,31,56,58,59,62,63" hai2="20,23,40,43,52,55,72,74,76,77,96,99,125" /><INIT seed="2,1,1,0,1,68" ten="407,181,279,123" oya="2" hai0="54,89,2,75,12,36,128,41,37,30,134,47,130" hai1="88,109,1,39,66,33,65,60,101,72,80,59,133" hai2="112,131,115,55,67,99,4,50,25,11,44,6,90" hai3="58,69,19,83,108,103,64,85,121,7,48,10,16"/><V73/><F73/><W87/><G121/><T107/><D134/><U96/><E1/><V9/><F131/><N who="0" m="50218" /><D2/><U23/><E33/><V63/><F25/><W123/><G108/><T98/><D75/><U22/><E133/><V95/><F9/><W125/><G125/><T132/><D132/><U91/><E39/><N who="0" m="14921" /><D54/><U77/><E109/><V56/><REACH who="2" step="1"/><F11/><REACH who="2" ten="407,181,269,123" step="2"/><W27/><G10/><T86/><D30/><U124/><E72/><V51/><F51/><W38/><G27/><T40/><D12/><U62/><E124/><V26/><F26/><W102/><G38/><T31/><D31/><U13/><E62/><V117/><F117/><W114/><G48/><T43/><D47/><U104/><E60/><V35/><F35/><W84/><G123/><T129/><D129/><U34/><E34/><V21/><F21/><W97/><G7/><AGARI ba="1,2" hai="4,6,7,44,50,55,56,63,67,90,95,99,112,115" machi="7" ten="40,2000,0" yaku="1,1,53,0" doraHai="68" doraHaiUra="24" who="2" fromWho="3" sc="407,0,181,0,269,43,123,-23" /><INIT seed="2,2,0,2,0,29" ten="407,181,312,100" oya="2" hai0="117,83,128,8,135,78,14,131,41,13,38,62,66" hai1="25,129,91,7,119,118,82,9,93,49,88,23,39" hai2="20,16,22,98,92,84,36,76,122,115,10,80,42" hai3="44,134,55,87,101,35,12,96,28,95,11,58,54"/><V73/><F122/><W111/><G111/><T6/><D135/><U103/><E39/><V72/><F115/><W107/><G134/><T121/><D121/><U24/><E129/><N who="0" m="49737" /><D117/><U74/><E103/><V65/><F22/><W18/><G44/><N who="0" m="23607" /><D8/><U19/><E25/><V85/><F10/><W50/><G55/><T108/><D108/><U57/><E57/><V4/><F4/><W100/><G100/><T77/><D6/><U61/><E61/><V52/><F65/><W105/><REACH who="3" step="1"/><G87/><REACH who="3" ten="407,181,312,90" step="2"/><N who="0" m="48623" /><D78/><U31/><E119/><V5/><F85/><W46/><G46/><T125/><D125/><U17/><E118/><V86/><F84/><W32/><G32/><T130/><D130/><U71/><E74/><V27/><F73/><W81/><G81/><T120/><D120/><U90/><E82/><V47/><F72/><W30/><G30/><T1/><D1/><U112/><E31/><V48/><F5/><W102/><G102/><T104/><D104/><U67/><E7/><V40/><F36/><W123/><G123/><T97/><D97/><U59/><E19/><V69/><F69/><AGARI ba="2,1" hai="13,14,62,66,69" m="48623,23607,49737" machi="69" ten="30,1000,0" yaku="19,1" doraHai="29" who="0" fromWho="2" sc="407,26,181,0,312,-16,90,0" /><INIT seed="3,0,0,5,4,54" ten="433,181,296,90" oya="3" hai0="81,131,98,133,63,91,21,12,43,66,6,105,100" hai1="129,47,79,107,22,75,132,44,99,86,87,46,64" hai2="36,88,117,59,92,80,134,8,114,7,3,84,61" hai3="28,32,25,33,94,106,70,23,83,103,9,35,41"/><W13/><G70/><T49/><D131/><U93/><E129/><V90/><F134/><W113/><G113/><T65/><D133/><U118/><E132/><V130/><F130/><W31/><G106/><T102/><D102/><N who="1" m="60783" /><E75/><V128/><F128/><W116/><G116/><T16/><D6/><U85/><E107/><V96/><F114/><W14/><G41/><T62/><D62/><U40/><E118/><V42/><F117/><W24/><G83/><T51/><D43/><U34/><E34/><N who="3" m="13418" /><G94/><T15/><D66/><U69/><E69/><V95/><F42/><W72/><G103/><T58/><D15/><N who="3" m="5641" /><G72/><T119/><D119/><U26/><E64/><V122/><F122/><W77/><G77/><T38/><D38/><U2/><E2/><V4/><F4/><W67/><G67/><T82/><D81/><N who="1" m="47295" /><E40/><V73/><F73/><W52/><G52/><T71/><D51/><U68/><E68/><V74/><F74/><W101/><G101/><T115/><D91/><U17/><AGARI ba="0,0" hai="17,22,26,44,46,47,86,87" m="47295,60783" machi="17" ten="30,1100,0" yaku="8,1" doraHai="54" who="1" fromWho="1" sc="433,-3,181,11,296,-3,90,-5" owari="430,53.0,192,-20.8,293,9.3,85,-41.5" /></mjloggm>