<mjloggm ver="2.3"><GO type="225" lobby="0"/><UN n0="%6D%75%75%6D%75%72%61" n1="%72%69%6F%75%63%68%61%6E" n2="%E7%99%BD%E6%97%A5%E9%9B%AA%E8%8F%9C" n3="%E7%99%BD%E9%9B%AA%E4%B9%83%E6%84%9B" dan="17,17,16,16" rate="2127.66,2178.47,2166.50,2065.73" sx="F,M,M,F"/><TAIKYOKU oya="0"/><INIT seed="0,0,0,4,0,109" ten="250,250,250,250" oya="0" hai0="4,59,11,96,69,93,41,27,101,108,17,83,26" hai1="50,85,16,19,1,98,7,94,29,57,5,84,104" hai2="88,75,46,100,81,113,130,51,64,80,63,25,62" hai3="135,77,124,23,52,56,68,119,86,22,115,79,18"/><T20/><D69/><U66/><E29/><V102/><F130/><W39/><G119/><T125/><D108/><U67/><E104/><V34/><F113/><W106/><G68/><T133/><D133/><U76/><E1/><V112/><F112/><W97/><G135/><T43/><D125/><U31/><E31/><V28/><F75/><W71/><G71/><T30/><D59/><U89/><E85/><V15/><F15/><W49/><G39/><T127/><D83/><N who="1" m="47207" /><E66/><V37/><F37/><W33/><G33/><T58/><D58/><U0/><E0/><V121/><F121/><W90/><G124/><T54/><D54/><N who="1" m="31959" /><E67/><V14/><F64/><W8/><G115/><T110/><D127/><U74/><E74/><V128/><F128/><W117/><G117/><T73/><D73/><U131/><E131/><V92/><F80/><N who="3" m="49479" /><G97/><T47/><D110/><U2/><E2/><V95/><F81/><W111/><G106/><T35/><REACH who="0" step="1"/><D47/><REACH who="0" ten="240,250,250,250" step="2"/><U120/><E120/><V65/><F46/><W40/><G111/><T6/><D6/><AGARI ba="0,1" hai="5,6,7,16,19,89,94,98" m="31959,47207" machi="6" ten="30,2000,0" yaku="8,1,54,1" doraHai="109" who="1" fromWho="0" sc="240,-20,250,30,250,0,250,0" /><INIT seed="1,0,0,2,2,49" ten="220,280,250,250" oya="1" hai0="0,9,70,45,50,114,56,104,4,119,6,125,59" hai1="83,63,53,100,117,14,7,20,55,120,89,109,72" hai2="15,32,30,91,33,39,122,3,42,11,67,127,21" hai3="1,98,73,64,79,130,46,41,132,2,37,18,57"/><U107/><E117/><V28/><F122/><W75/><G130/><T13/><D119/><U23/><E120/><V87/><F127/><W111/><G111/><T22/><D125/><U62/><E109/><V47/><F3/><W36/><G132/><T40/><D114/><U12/><E107/><V34/><F67/><W74/><G79/><T84/><D70/><U51/><E100/><V35/><N who="2" m="8192" /><DORA hai="58" /><V48/><F21/><N who="1" m="8265" /><E72/><V5/><REACH who="2" step="1"/><F39/><REACH who="2" ten="220,280,240,250" step="2"/><W69/><G36/><T31/><D31/><U27/><E27/><V108/><F108/><W99/><G69/><T24/><D24/><U76/><E14/><V131/><F131/><W88/><G64/><T110/><D110/><U38/><E38/><V105/><F105/><W116/><G116/><T103/><D22/><U77/><E12/><V93/><AGARI ba="0,1" hai="5,11,15,28,30,42,47,48,87,91,93" m="8192" machi="93" ten="60,4000,0" yaku="1,1,0,1,53,0" doraHai="49,58" doraHaiUra="126,60" who="2" fromWho="2" sc="220,-10,280,-20,240,50,250,-10" /><INIT seed="2,0,0,3,4,11" ten="210,260,290,240" oya="2" hai0="72,2,111,82,83,73,105,46,67,94,42,37,75" hai1="30,59,13,7,54,121,64,58,114,14,100,44,45" hai2="118,99,34,63,135,43,102,60,56,51,1,132,86" hai3="19,101,91,116,52,50,24,12,110,4,120,47,80"/><V128/><F118/><W90/><G116/><T129/><D105/><U115/><E121/><V10/><F34/><W29/><G120/><T9/><D111/><U98/><E30/><V26/><F128/><W77/><G110/><T119/><D129/><U62/><E115/><V104/><F26/><W84/><G101/><T113/><D113/><U79/><E114/><V108/><F108/><W57/><G4/><T85/><D119/><U15/><E79/><V5/><F86/><W103/><G103/><T107/><D107/><U127/><E127/><V92/><F104/><W48/><G24/><T21/><D67/><U71/><E7/><V28/><F28/><W61/><G29/><T39/><D39/><U49/><REACH who="1" step="1"/><E71/><REACH who="1" ten="210,250,290,240" step="2"/><V95/><F132/><W106/><G106/><AGARI ba="0,1" hai="13,14,15,44,45,49,54,58,59,62,64,98,100,106" machi="106" ten="40,8000,1" yaku="1,1,2,1,52,3,53,0" doraHai="11" doraHaiUra="74" who="1" fromWho="3" sc="210,0,250,90,290,0,240,-80" /><INIT seed="3,0,0,5,3,129" ten="210,340,290,160" oya="3" hai0="122,95,44,19,99,78,86,112,114,8,113,69,133" hai1="49,83,22,51,47,128,48,73,0,29,96,39,37" hai2="11,21,32,26,45,81,68,58,90,52,12,80,57" hai3="76,30,56,135,41,25,121,108,104,46,61,79,66"/><W123/><G104/><T117/><D117/><U89/><E0/><V43/><F68/><W34/><G108/><T118/><D118/><U132/><E132/><V9/><F32/><W14/><G135/><T85/><D122/><U115/><E115/><V130/><F130/><W127/><G127/><T6/><D133/><U27/><E128/><V92/><F58/><W71/><G71/><T74/><D69/><U59/><E47/><V93/><F93/><W40/><G14/><N who="0" m="5399" /><D44/><U91/><E59/><V65/><F65/><W75/><G40/><T82/><D19/><U98/><E91/><AGARI ba="0,0" hai="74,78,82,85,86,91,95,99,112,113,114" m="5399" machi="91" ten="30,1000,0" yaku="11,1" doraHai="129" who="0" fromWho="1" sc="210,10,340,-10,290,0,160,0" owari="220,-18.0,330,43.0,290,9.0,160,-34.0" /></mjloggm>