<mjloggm ver="2.3"><GO type="225" lobby="0"/><UN n0="%E6%A0%B9%E5%85%83%E3%81%8B%E3%82%89%E5%90%B9%E3%81%A3%E9%A3%9B%E3%81%B6" n1="%E9%B3%B3%E6%9D%B1%E3%81%AE%E3%81%BF%E3%81%91%E3%81%AB%E3%82%83%E3%82%93" n2="%E7%99%BD%E6%97%A5%E9%9B%AA%E8%8F%9C" n3="%E3%81%A0%E3%81%8A" dan="17,16,16,16" rate="2157.68,2097.63,2177.78,2034.52" sx="F,F,M,M"/><TAIKYOKU oya="0"/><INIT seed="0,0,0,5,1,135" ten="250,250,250,250" oya="0" hai0="34,7,112,101,3,63,51,74,124,89,5,131,57" hai1="122,108,6,114,119,22,69,106,79,134,95,44,72" hai2="123,104,2,67,107,38,68,84,99,60,92,121,115" hai3="53,103,96,55,40,117,11,83,13,88,120,70,132"/><T113/><D74/><U76/><E22/><V129/><F115/><W31/><G117/><T17/><D34/><U93/><E6/><V91/><F38/><W128/><G132/><T1/><D51/><U75/><E44/><V21/><F2/><W26/><G70/><T25/><D101/><U19/><E19/><V97/><F129/><W77/><G128/><T42/><D42/><U27/><E27/><V110/><F110/><W78/><G40/><T9/><D89/><U56/><E56/><V127/><F21/><W33/><G88/><T39/><D39/><U85/><E69/><V61/><F84/><W36/><G36/><T64/><D131/><U65/><E65/><V50/><F50/><W48/><G120/><T116/><D116/><U30/><E30/><V43/><F43/><W46/><G55/><T29/><D17/><U12/><E134/><V100/><F107/><W66/><G83/><T130/><D130/><U62/><E122/><V10/><F10/><W105/><REACH who="3" step="1"/><G66/><REACH who="3" ten="250,250,250,240" step="2"/><T90/><D90/><U133/><E133/><V41/><F41/><W102/><G102/><T20/><D113/><U28/><E114/><V23/><F123/><W111/><G111/><T59/><D112/><U52/><E108/><V87/><F121/><W45/><G45/><T118/><D118/><U126/><E119/><V4/><F68/><W109/><G109/><T8/><D59/><U15/><E52/><V18/><F67/><W98/><G98/><T71/><D57/><U35/><E95/><V86/><F92/><W54/><G54/><T32/><D32/><U49/><E35/><RYUUKYOKU ba="0,1" sc="250,15,250,-15,250,-15,240,15" hai0="1,3,5,7,8,9,20,25,29,63,64,71,124" hai3="11,13,26,31,33,46,48,53,77,78,96,103,105" /><INIT seed="0,1,1,2,4,58" ten="265,235,235,255" oya="0" hai0="133,18,41,57,92,52,11,49,87,38,72,77,129" hai1="10,62,21,42,131,105,54,56,114,108,45,74,81" hai2="125,89,120,46,75,123,35,85,95,13,15,100,32" hai3="106,121,97,117,7,79,122,19,63,22,65,40,12"/><T29/><D129/><U9/><E105/><V111/><F75/><W71/><G117/><T36/><D133/><U107/><E107/><V69/><F69/><W94/><G106/><T73/><D29/><U128/><E108/><V118/><F111/><W130/><G130/><N who="1" m="49706" /><E114/><V51/><F125/><W24/><G79/><T76/><D73/><U4/><E21/><V2/><F2/><W31/><G40/><T101/><D72/><U115/><E115/><V34/><F118/><W127/><G7/><T110/><D110/><U0/><E10/><V53/><REACH who="2" step="1"/><F100/><REACH who="2" ten="265,235,225,255" step="2"/><W14/><G127/><T44/><D101/><U55/><E74/><V64/><F64/><W86/><G121/><AGARI ba="1,2" hai="13,15,32,34,35,46,51,53,85,89,95,120,121,123" machi="121" ten="50,1600,0" yaku="1,1,53,0" doraHai="58" doraHaiUra="70" who="2" fromWho="3" sc="265,0,235,0,225,39,255,-19" /><INIT seed="1,0,0,3,5,71" ten="265,235,264,236" oya="1" hai0="105,40,130,85,38,13,47,63,55,80,17,62,93" hai1="2,44,135,32,60,134,30,102,52,115,78,64,88" hai2="109,45,133,128,94,72,24,114,49,69,28,29,117" hai3="66,121,11,23,59,53,132,74,84,57,54,98,18"/><U111/><E115/><V5/><F117/><W22/><G74/><T33/><D130/><U89/><E2/><V3/><F72/><W8/><G121/><T96/><D33/><U27/><E78/><V87/><F69/><W42/><G132/><N who="1" m="50730" /><E102/><V77/><F109/><W113/><G113/><T99/><D105/><U68/><E111/><V92/><F128/><W6/><G42/><T118/><D118/><U104/><E104/><V9/><F114/><W39/><G39/><T127/><D127/><U79/><E79/><V112/><F112/><W51/><G66/><T123/><D55/><U65/><E65/><V67/><F67/><W14/><G84/><T10/><D96/><U16/><E16/><V43/><F133/><W122/><G98/><T116/><D123/><U100/><E100/><V36/><F49/><AGARI ba="0,0" hai="27,30,32,44,49,52,60,64,68,88,89" m="50730" machi="49" ten="30,5800,0" yaku="20,1,54,2" doraHai="71" who="1" fromWho="2" sc="265,0,235,58,264,-58,236,0" /><INIT seed="1,1,0,3,4,130" ten="265,293,206,236" oya="1" hai0="27,15,39,85,87,30,31,111,86,95,112,50,38" hai1="126,20,3,127,59,6,37,26,11,131,115,107,94" hai2="96,67,21,9,116,133,90,53,75,98,55,41,13" hai3="77,28,118,71,106,79,40,103,110,76,80,100,47"/><U78/><E115/><V91/><F116/><W56/><G71/><T22/><D112/><U73/><E107/><V42/><F75/><W65/><G110/><T121/><D111/><U83/><E131/><V14/><F21/><W1/><G1/><T93/><D121/><U82/><E82/><V125/><F67/><W64/><G118/><T5/><D50/><U0/><E0/><V117/><F117/><W70/><G70/><T101/><D101/><U8/><E8/><V48/><F48/><W4/><G4/><T122/><D122/><U51/><E94/><V129/><F129/><W134/><G80/><T123/><D123/><U36/><E51/><V16/><F9/><W135/><G106/><T24/><D15/><U10/><E10/><V58/><F58/><W54/><G28/><T89/><D5/><U119/><E59/><V128/><F128/><W2/><G2/><T52/><D52/><U68/><E68/><V104/><F104/><W99/><G103/><T108/><D108/><U62/><E62/><V60/><F60/><N who="3" m="35863" /><G99/><T35/><REACH who="0" step="1"/><D93/><REACH who="0" ten="255,293,206,236" step="2"/><U114/><E114/><V69/><F125/><N who="1" m="47625" /><E119/><V109/><F109/><W92/><G92/><T66/><D66/><N who="3" m="25705" /><G100/><T124/><D124/><U72/><E37/><AGARI ba="1,1" hai="22,24,27,30,31,35,37,38,39,85,86,87,89,95" machi="37" ten="40,2600,0" yaku="1,1,53,1" doraHai="130" doraHaiUra="19" who="0" fromWho="1" sc="255,39,293,-29,206,0,236,0" /><INIT seed="2,0,0,0,4,60" ten="294,264,206,236" oya="2" hai0="99,96,57,124,123,79,86,61,80,98,3,82,55" hai1="113,50,121,23,0,105,2,75,54,5,1,13,116" hai2="51,76,77,7,127,133,21,106,95,83,132,70,94" hai3="59,18,72,46,27,115,125,129,91,16,42,73,110"/><V65/><F106/><W112/><G110/><T4/><D124/><U103/><E113/><N who="3" m="43594" /><G125/><T85/><D123/><U78/><E116/><V47/><F127/><W90/><G129/><T89/><REACH who="0" step="1"/><D4/><REACH who="0" ten="284,264,206,236" step="2"/><U92/><E121/><V15/><F132/><W9/><G72/><T38/><D38/><U40/><E5/><V14/><F133/><W74/><G73/><T24/><D24/><U8/><E75/><V28/><F7/><W52/><G27/><T71/><D71/><U35/><E0/><AGARI ba="0,1" hai="0,3,55,57,61,79,80,82,85,86,89,96,98,99" machi="0" ten="40,1300,0" yaku="1,1,53,0" doraHai="60" doraHaiUra="29" who="0" fromWho="1" sc="284,23,264,-13,206,0,236,0" /><INIT seed="3,0,0,4,5,70" ten="307,251,206,236" oya="3" hai0="99,2,13,94,18,63,109,23,28,122,102,71,31" hai1="114,90,43,14,110,130,97,105,57,38,115,73,111" hai2="72,56,112,120,104,93,12,27,48,84,24,22,107" hai3="36,1,45,61,44,50,96,98,9,39,126,89,29"/><W91/><G126/><T106/><D109/><N who="1" m="41483" /><E130/><V118/><F112/><W16/><G29/><T88/><D2/><U82/><E57/><V123/><F118/><W60/><G1/><T131/><D131/><U132/><E132/><V100/><F72/><W59/><G59/><T26/><D122/><U127/><E127/><V58/><F12/><W51/><REACH who="3" step="1"/><G16/><REACH who="3" ten="307,251,206,226" step="2"/><T32/><D31/><U119/><E119/><V4/><F4/><W41/><G41/><T103/><D28/><U116/><E116/><V121/><F58/><W74/><G74/><T49/><D18/><U133/><E73/><V55/><F27/><W52/><G52/><T95/><D26/><U11/><E43/><V37/><F37/><W134/><G134/><T80/><D71/><U6/><E38/><V67/><F67/><W30/><G30/><T92/><D32/><U69/><E69/><V125/><F125/><W64/><G64/><T8/><D23/><U68/><E68/><V20/><F20/><W79/><G79/><T124/><D124/><U85/><E133/><V54/><F54/><W34/><G34/><T19/><D19/><U128/><E128/><V17/><REACH who="2" step="1"/><F100/><AGARI ba="0,1" hai="6,11,14,82,85,90,97,100,105,114,115" m="41483" machi="100" ten="30,1000,0" yaku="14,1" doraHai="70" who="1" fromWho="2" sc="307,0,251,20,206,-10,226,0" owari="307,40.7,271,7.1,196,-30.4,226,-17.4" /></mjloggm>