<mjloggm ver="2.3"><GO type="225" lobby="0"/><UN n0="%6D%75%75%73%61%6E%6D%75" n1="%E3%81%8B%E3%82%8F%E3%81%A1%E3%82%83%E3%82%93%35%38" n2="%E6%A1%9C%E8%8A%B1%E9%96%83%E3%80%85" n3="%E3%81%99%E3%81%84%E3%81%BE%E3%81%9B%E3%83%BC%E3%82%93" dan="16,16,16,18" rate="2113.53,2162.62,2199.52,2193.33" sx="F,M,M,M"/><TAIKYOKU oya="0"/><INIT seed="0,0,0,5,1,66" ten="250,250,250,250" oya="0" hai0="100,3,29,27,7,63,24,39,87,6,49,46,13" hai1="134,113,104,116,80,17,135,90,77,22,45,15,41" hai2="129,95,117,52,130,34,1,105,8,25,88,110,126" hai3="112,98,26,16,69,102,74,76,81,44,57,62,4"/><T86/><D3/><U50/><E116/><V121/><F105/><W75/><G112/><T78/><D39/><U91/><E104/><V37/><F121/><W53/><G4/><T131/><D131/><N who="2" m="50186" /><F110/><W114/><G114/><T54/><D100/><U59/><E113/><V107/><F107/><W65/><G44/><T19/><D63/><U35/><E35/><V2/><F37/><W5/><G5/><N who="0" m="1547" /><D78/><U47/><E59/><V67/><F67/><W93/><G75/><T14/><D14/><U30/><E30/><N who="2" m="19791" /><F8/><W122/><G122/><T119/><D119/><U115/><E47/><V99/><F117/><W89/><G102/><T48/><D29/><U58/><E58/><V92/><F126/><W73/><G73/><T32/><D32/><U82/><E115/><V71/><F71/><W70/><G65/><T127/><D127/><U21/><E21/><AGARI ba="0,0" hai="16,21,26,53,57,62,69,70,74,76,81,89,93,98" machi="21" ten="40,8000,1" yaku="25,2,52,2,54,1" doraHai="66" who="3" fromWho="1" sc="250,0,250,-80,250,0,250,80" /><INIT seed="1,0,0,2,4,82" ten="250,170,250,330" oya="1" hai0="130,64,49,40,58,109,57,60,129,111,104,112,32" hai1="5,59,135,88,122,41,69,48,91,52,73,54,81" hai2="50,108,98,92,45,17,7,78,6,83,105,28,85" hai3="121,35,19,132,133,77,101,36,114,66,39,67,31"/><U25/><E122/><V70/><F108/><N who="0" m="41546" /><D104/><U90/><E69/><V120/><F120/><W106/><G121/><T113/><D32/><U107/><E107/><V55/><F105/><W102/><G114/><N who="0" m="44139" /><D57/><U26/><E135/><V8/><F28/><W76/><G31/><T116/><D116/><U38/><E5/><V65/><F65/><W80/><G19/><T79/><D79/><U23/><E54/><V110/><F70/><W131/><G35/><T117/><D117/><U14/><E14/><N who="2" m="7367" /><F110/><W20/><G106/><T12/><D12/><U30/><E26/><V100/><AGARI ba="0,0" hai="6,7,45,50,55,78,83,85,92,98,100" m="7367" machi="100" ten="30,2000,0" yaku="8,1,52,1" doraHai="82" who="2" fromWho="2" sc="250,-5,170,-10,250,20,330,-5" /><INIT seed="2,0,0,3,1,99" ten="245,160,270,325" oya="2" hai0="109,55,123,97,67,25,124,91,112,61,125,9,53" hai1="15,120,12,74,10,78,43,119,19,85,6,105,94" hai2="122,46,39,103,54,69,20,68,64,34,62,72,87" hai3="42,135,63,101,36,30,58,1,95,77,83,107,29"/><V59/><F72/><W89/><G1/><T5/><D123/><U23/><E119/><V81/><F34/><W80/><G135/><T21/><D112/><U133/><E133/><V56/><F122/><W116/><G116/><T27/><D109/><U115/><E115/><V65/><F20/><W17/><G42/><T16/><D27/><U102/><E120/><V7/><F7/><W22/><G36/><T117/><D117/><U52/><E105/><V48/><F103/><W130/><G130/><T13/><D91/><U41/><E74/><V134/><F134/><W96/><G107/><T40/><D40/><U35/><E35/><V111/><F111/><W18/><G89/><T82/><D97/><U128/><E128/><V75/><F75/><W3/><G3/><T57/><REACH who="0" step="1"/><D82/><REACH who="0" ten="235,160,270,325" step="2"/><U92/><E92/><V98/><F98/><W71/><G83/><T113/><D113/><U104/><E104/><V84/><F81/><W100/><G80/><T93/><D93/><U33/><E33/><V114/><F114/><W79/><G96/><T51/><D51/><U127/><E127/><AGARI ba="0,1" hai="5,9,13,16,21,25,53,55,57,61,67,124,125,127" machi="127" ten="40,8000,1" yaku="1,1,18,1,54,1,53,1" doraHai="99" doraHaiUra="11" who="0" fromWho="1" sc="235,90,160,-80,270,0,325,0" /><INIT seed="3,0,0,3,0,111" ten="325,80,270,325" oya="3" hai0="97,48,60,95,76,23,93,129,16,41,83,114,29" hai1="42,50,46,101,6,21,113,120,72,55,49,9,82" hai2="87,4,45,8,25,119,77,14,121,53,54,110,107" hai3="135,123,2,37,125,26,98,59,108,89,34,11,40"/><W19/><G123/><T39/><D39/><U30/><E120/><V32/><F121/><W104/><G40/><T134/><D134/><U31/><E72/><V118/><F110/><W27/><G37/><T64/><D129/><U3/><E3/><V22/><F107/><W17/><G108/><T102/><D29/><U69/><E69/><V96/><F32/><W33/><G135/><T100/><D114/><U24/><E101/><V1/><F1/><W106/><G59/><N who="0" m="36895" /><D83/><U10/><E10/><V117/><F96/><W71/><G71/><T51/><D76/><U57/><E31/><V18/><REACH who="2" step="1"/><F45/><REACH who="2" ten="325,80,260,325" step="2"/><W84/><G98/><N who="0" m="59471" /><D41/><U28/><E28/><V52/><F52/><W105/><G2/><T5/><D5/><U85/><E113/><V115/><F115/><W0/><G0/><T12/><AGARI ba="0,1" hai="12,16,23,48,51,95,97,102" m="59471,36895" machi="12" ten="30,2000,0" yaku="8,1,54,1" doraHai="111" who="0" fromWho="0" sc="325,30,80,-5,260,-5,325,-10" owari="355,45.5,75,-42.5,255,-14.5,315,11.5" /></mjloggm>