<mjloggm ver="2.3"><GO type="225" lobby="0"/><UN n0="%E3%81%9F%E3%81%A3%E3%81%A1%E3%82%87" n1="%E3%83%A1%E3%82%AC%E3%83%87%E3%82%B8" n2="%E7%9C%9F%E4%B8%80" n3="%72%61%6B%33" dan="16,16,17,18" rate="2057.56,2076.58,2185.98,2258.51" sx="M,F,M,M"/><TAIKYOKU oya="0"/><INIT seed="0,0,0,2,5,32" ten="250,250,250,250" oya="0" hai0="89,31,133,110,112,57,47,91,128,24,28,40,129" hai1="27,117,11,99,100,18,67,122,83,12,106,35,10" hai2="7,42,109,135,30,22,108,61,1,118,134,94,85" hai3="92,29,38,113,120,97,66,96,71,58,60,74,77"/><T46/><D112/><U64/><E117/><V88/><F42/><W55/><G113/><T56/><D133/><N who="2" m="50698" /><F118/><W65/><G120/><T125/><D110/><N who="2" m="42602" /><F61/><W23/><G38/><T115/><D115/><U107/><E122/><V33/><F33/><W54/><G74/><T114/><D114/><U111/><E111/><V17/><F30/><N who="0" m="11306" /><D24/><U49/><E27/><N who="2" m="14799" /><F7/><W82/><G29/><T103/><D125/><U37/><E37/><V20/><F20/><W101/><G23/><T75/><D75/><U84/><E10/><V44/><F44/><N who="0" m="16938" /><D40/><U19/><E19/><V86/><F86/><W104/><G71/><T25/><D25/><U127/><E49/><V78/><F78/><W73/><G66/><T36/><D36/><U3/><E35/><V121/><F121/><W6/><REACH who="3" step="1"/><G6/><REACH who="3" ten="250,250,250,240" step="2"/><T98/><D56/><U124/><E67/><V13/><F13/><W95/><G95/><N who="0" m="58847" /><D57/><U9/><E127/><V105/><F105/><W43/><G43/><T123/><D123/><U126/><E124/><V70/><F70/><W131/><G131/><AGARI ba="0,1" hai="89,91,128,129,131" m="58847,16938,11306" machi="131" ten="30,1500,0" yaku="19,1" doraHai="32" who="0" fromWho="3" sc="250,25,250,0,250,0,240,-15" /><INIT seed="0,1,0,5,4,82" ten="275,250,250,225" oya="0" hai0="68,119,6,112,94,40,103,117,131,38,25,73,14" hai1="65,18,79,72,49,93,95,90,100,122,51,85,105" hai2="92,115,23,54,29,55,78,134,98,113,64,1,0" hai3="37,8,22,89,102,123,21,124,88,48,86,28,80"/><T33/><D73/><U12/><E122/><V125/><F134/><W13/><G37/><T121/><D68/><U66/><E105/><V130/><F130/><W32/><G124/><T106/><D121/><U42/><E72/><V70/><F125/><W74/><G123/><T57/><D57/><U111/><E111/><V53/><F78/><W91/><G74/><T63/><D94/><U24/><E24/><V26/><F70/><W34/><G102/><T15/><D63/><U46/><E79/><V128/><F64/><W36/><G36/><T133/><D14/><U10/><REACH who="1" step="1"/><E51/><REACH who="1" ten="275,240,250,225" step="2"/><V11/><F128/><W109/><G109/><T116/><D131/><U45/><E45/><V4/><REACH who="2" step="1"/><F0/><REACH who="2" ten="275,240,240,225" step="2"/><W132/><G132/><T3/><D133/><U104/><E104/><V99/><F99/><AGARI ba="1,2" hai="10,12,18,42,46,49,65,66,85,90,93,95,99,100" machi="99" ten="40,8000,1" yaku="1,1,8,1,52,1,53,1" doraHai="82" doraHaiUra="43" who="1" fromWho="2" sc="275,0,240,103,240,-83,225,0" /><INIT seed="1,0,0,0,1,132" ten="275,343,157,225" oya="1" hai0="6,86,76,48,115,70,120,0,42,77,119,20,79" hai1="127,104,108,33,72,61,95,51,38,63,100,58,26" hai2="35,111,62,25,11,98,106,125,133,64,131,59,36" hai3="135,32,49,102,83,30,75,88,17,4,5,130,12"/><U41/><E104/><V13/><F133/><W124/><G135/><T82/><D70/><U123/><E72/><V105/><F36/><W121/><G121/><T29/><D115/><U9/><E123/><V43/><F43/><W134/><G102/><T110/><D110/><U7/><E38/><V80/><F111/><W116/><G130/><T128/><D119/><U14/><E108/><V21/><F131/><W10/><G116/><T2/><D120/><U1/><E1/><V46/><F35/><W52/><G134/><T129/><D6/><U78/><E78/><V45/><F106/><W122/><G124/><T66/><D66/><U107/><E107/><V57/><F125/><W40/><G40/><T109/><D109/><U23/><E33/><V50/><F80/><W103/><G103/><T91/><D0/><U34/><E34/><V99/><F59/><W92/><G122/><T118/><D2/><U55/><E41/><N who="2" m="24879" /><F46/><W69/><G69/><T89/><D118/><U54/><E54/><V37/><F37/><W84/><G30/><T101/><D128/><U24/><E127/><V18/><F105/><W47/><G32/><T39/><D39/><U8/><E8/><V16/><AGARI ba="0,0" hai="11,13,16,18,21,25,57,62,64,98,99" m="24879" machi="16" ten="30,2000,0" yaku="8,1,54,1" doraHai="132" who="2" fromWho="2" sc="275,-5,343,-10,157,20,225,-5" /><INIT seed="2,0,0,5,4,75" ten="270,333,177,220" oya="2" hai0="124,65,134,110,15,3,93,7,51,132,67,29,55" hai1="30,125,38,70,84,6,14,82,37,54,133,78,97" hai2="58,81,103,61,95,129,31,107,17,0,80,4,52" hai3="88,94,47,111,36,22,126,12,63,44,5,57,13"/><V11/><F107/><W119/><G111/><T92/><D3/><U86/><E70/><V66/><F129/><W89/><G126/><T39/><D39/><U68/><E68/><V114/><F114/><W72/><G72/><T35/><D35/><U91/><E125/><V104/><F104/><W71/><G71/><T1/><D1/><U112/><E112/><V74/><F31/><W98/><G119/><T131/><D29/><U60/><E30/><V76/><F81/><W23/><G89/><T85/><D110/><U21/><E97/><V117/><F117/><W32/><G32/><T59/><D131/><U116/><E133/><V25/><F103/><W41/><G44/><T33/><D33/><U62/><E116/><V109/><F109/><W20/><REACH who="3" step="1"/><G5/><REACH who="3" ten="270,333,177,210" step="2"/><T128/><D124/><U9/><E91/><V8/><F95/><W120/><G120/><T26/><D93/><U79/><E6/><V108/><F108/><W87/><G87/><T102/><D85/><U53/><E86/><V50/><F8/><W34/><G34/><T130/><D128/><U77/><E9/><V10/><F11/><W127/><G127/><T45/><D130/><U64/><E84/><V101/><F101/><W48/><G48/><N who="0" m="31207" /><D92/><U24/><E38/><V96/><F96/><W118/><G118/><T113/><D102/><U90/><E37/><V135/><F135/><N who="0" m="51754" /><D113/><U123/><E123/><V69/><F25/><W19/><G19/><T42/><D26/><U28/><E24/><V105/><F17/><W27/><G27/><T49/><D7/><U122/><E122/><V43/><F105/><RYUUKYOKU ba="0,1" sc="270,-15,333,-15,177,15,210,15" hai2="0,4,10,43,50,52,58,61,66,69,74,76,80" hai3="12,13,20,22,23,36,41,47,57,63,88,94,98" /><INIT seed="2,1,1,4,4,103" ten="255,318,192,225" oya="2" hai0="0,37,29,67,126,120,38,10,107,75,129,110,132" hai1="42,81,87,17,28,68,46,127,22,131,108,52,34" hai2="123,50,12,39,114,91,128,82,32,44,1,27,18" hai3="62,93,6,21,64,35,25,53,20,101,80,3,96"/><V134/><F123/><W99/><G53/><T95/><RYUUKYOKU type="yao9" ba="1,1" sc="255,0,318,0,192,0,225,0" hai0="0,10,29,37,38,67,75,95,107,110,120,126,129,132" /><INIT seed="2,2,1,4,5,25" ten="255,318,192,225" oya="2" hai0="35,21,102,129,100,19,60,9,103,3,48,23,1" hai1="40,13,127,27,122,117,98,118,24,55,135,116,22" hai2="90,114,38,26,34,37,43,111,65,7,58,109,77" hai3="28,29,113,72,20,134,82,44,87,66,52,120,69"/><V132/><F114/><W119/><G119/><T11/><D129/><U56/><E135/><V133/><F77/><W91/><G120/><T63/><D35/><U36/><E127/><V32/><F7/><W62/><G134/><N who="2" m="51817" /><F90/><W75/><G113/><T49/><D102/><U126/><E126/><V76/><F76/><W89/><G89/><T33/><D33/><N who="2" m="12906" /><F26/><W104/><G104/><T130/><REACH who="0" step="1"/><D130/><REACH who="0" ten="245,318,192,225" step="2"/><U41/><E117/><V124/><F124/><W108/><G108/><N who="2" m="41545" /><F43/><W50/><REACH who="3" step="1"/><G20/><REACH who="3" ten="245,318,192,215" step="2"/><T64/><D64/><U110/><E22/><V128/><F128/><W106/><G106/><T5/><D5/><U73/><E110/><V125/><F125/><W123/><G123/><T15/><D15/><U67/><E122/><V80/><F80/><W2/><G2/><T4/><D4/><U54/><E13/><V70/><F70/><W99/><G99/><T42/><D42/><U10/><E98/><V86/><F86/><W61/><G61/><AGARI ba="2,3" hai="37,38,58,61,65" m="41545,12906,51817" machi="61" ten="40,7700,0" yaku="20,1,14,1,10,1" doraHai="25" who="2" fromWho="3" sc="245,0,318,0,192,113,215,-83" /><INIT seed="2,3,0,0,0,85" ten="245,318,305,132" oya="2" hai0="10,26,90,36,82,56,116,21,126,3,58,43,73" hai1="16,4,94,79,23,92,101,5,118,48,41,6,27" hai2="122,72,25,89,1,69,50,110,121,12,33,120,37" hai3="134,128,8,115,64,28,59,98,40,95,44,70,14"/><V17/><F37/><W46/><G128/><T78/><D126/><U0/><E118/><V123/><F69/><W67/><G134/><T38/><D38/><U35/><E0/><V75/><F1/><W20/><G70/><T127/><D127/><U97/><E35/><V7/><F110/><W132/><G132/><T130/><D130/><U109/><E109/><V55/><F7/><W22/><G115/><T53/><D116/><U2/><E2/><V131/><F131/><W61/><G64/><T88/><D56/><U19/><E79/><V18/><F18/><W66/><G67/><T47/><D10/><U65/><E65/><V84/><F25/><W91/><G28/><T30/><REACH who="0" step="1"/><D3/><REACH who="0" ten="235,318,305,132" step="2"/><U80/><E4/><V71/><F71/><W119/><G119/><T63/><AGARI ba="3,1" hai="21,26,30,36,43,47,53,58,63,73,78,82,88,90" machi="63" ten="20,12000,2" yaku="1,1,2,1,0,1,7,1,52,2,54,1,53,0" doraHai="85" doraHaiUra="96" who="0" fromWho="0" sc="235,139,318,-33,305,-63,132,-33" /><INIT seed="3,0,0,0,4,30" ten="374,285,242,99" oya="3" hai0="43,5,89,63,29,34,36,39,17,87,37,84,109" hai1="80,86,46,21,50,108,47,112,73,66,83,122,4" hai2="121,95,116,115,0,107,19,13,9,126,72,16,49" hai3="12,35,2,52,132,55,97,99,76,23,111,70,134"/><W59/><G2/><T45/><D5/><U127/><E122/><V91/><F107/><W15/><G70/><T18/><D84/><U53/><E112/><V75/><F116/><W44/><G76/><T110/><D34/><U22/><E108/><N who="0" m="41577" /><D29/><U40/><E127/><V131/><F126/><W7/><G111/><T67/><D17/><U98/><E66/><V102/><F131/><W33/><G44/><T74/><D18/><U25/><E4/><V1/><F102/><W48/><G7/><T130/><D74/><U113/><E113/><V129/><F129/><W103/><G23/><T64/><D130/><U120/><E120/><V60/><F121/><W90/><G90/><T81/><D64/><U77/><E98/><V118/><F118/><W101/><G48/><T56/><AGARI ba="0,0" hai="36,37,39,43,45,56,63,67,81,87,89" m="41577" machi="56" ten="30,1100,0" yaku="14,1" doraHai="30" who="0" fromWho="0" sc="374,11,285,-3,242,-3,99,-5" owari="385,48.5,282,8.2,239,-16.1,94,-40.6" /></mjloggm>