<mjloggm ver="2.3"><GO type="225" lobby="0"/><UN n0="%6D%75%75%6D%75%72%61" n1="%E7%99%BD%E6%97%A5%E9%9B%AA%E8%8F%9C" n2="%E5%8F%AF%E5%85%90%E9%82%A3%E7%94%B1%E5%A4%9A" n3="%E3%83%88%E3%83%A9%E3%83%9E%E3%83%AB" dan="16,16,17,16" rate="2095.07,2183.12,2189.98,2077.98" sx="F,M,F,M"/><TAIKYOKU oya="0"/><INIT seed="0,0,0,4,5,67" ten="250,250,250,250" oya="0" hai0="48,91,55,17,134,79,98,119,111,88,25,9,124" hai1="65,64,77,71,127,24,52,107,128,84,61,131,100" hai2="80,7,130,12,39,102,81,75,120,43,14,53,110" hai3="10,66,30,63,37,76,19,23,133,20,123,106,45"/><T40/><D119/><U15/><E127/><V99/><F120/><W22/><G106/><T96/><D124/><U132/><E132/><V105/><F110/><W60/><G133/><T118/><D134/><U13/><E65/><V129/><F43/><W51/><G37/><T113/><D113/><U85/><E24/><V36/><F53/><W41/><G123/><T49/><D118/><U62/><E107/><V83/><F75/><W8/><G76/><T69/><D79/><U74/><E100/><V82/><N who="2" m="20480" /><DORA hai="18" /><V115/><F115/><W35/><G35/><T70/><D111/><U47/><E77/><V54/><F54/><W109/><G109/><T125/><D125/><U32/><E32/><V28/><F28/><W59/><G30/><T121/><D55/><U27/><E27/><V92/><F105/><W103/><G103/><T4/><D25/><U38/><E74/><V86/><F86/><N who="1" m="33385" /><E38/><N who="2" m="14379" /><F7/><W114/><G114/><T33/><D121/><U122/><E122/><V16/><F16/><W112/><G112/><T3/><D17/><U135/><E135/><V50/><F50/><W21/><G60/><T94/><D33/><U126/><E126/><V0/><F0/><W97/><G97/><T11/><D11/><U117/><E62/><V73/><F73/><W93/><G93/><T72/><D72/><U26/><E52/><V29/><F29/><W101/><G101/><T2/><D2/><U34/><E61/><V87/><F87/><W1/><G1/><T90/><D94/><U31/><E31/><V46/><F46/><W68/><G68/><N who="0" m="26219" /><D40/><U95/><E117/><RYUUKYOKU ba="0,0" sc="250,10,250,-30,250,10,250,10" hai0="3,4,9,48,49,88,90,91,96,98" hai2="12,14,92,99,102,129,130" hai3="8,10,19,20,21,22,23,41,45,51,59,63,66" /><INIT seed="0,1,0,4,4,101" ten="260,220,260,260" oya="0" hai0="90,57,91,69,112,93,48,128,20,27,68,122,59" hai1="89,94,80,127,63,113,30,104,74,73,3,40,37" hai2="19,22,21,54,9,81,75,26,105,129,39,67,70" hai3="49,85,133,16,96,47,115,8,14,1,66,13,61"/><T72/><D112/><U7/><E113/><V35/><F39/><W106/><G1/><T88/><D122/><U134/><E134/><V64/><F129/><W6/><G133/><T109/><D128/><U11/><E127/><V132/><F132/><W123/><G123/><T100/><D72/><U42/><E30/><V50/><F35/><W36/><G36/><T56/><D109/><U130/><E130/><V46/><F70/><W135/><G135/><T95/><D48/><U116/><E116/><V120/><F120/><W58/><G85/><T43/><D43/><U52/><E104/><V18/><F105/><W118/><G115/><T12/><D12/><U2/><E2/><V77/><REACH who="2" step="1"/><F9/><REACH who="2" ten="260,220,250,260" step="2"/><W114/><G118/><T71/><REACH who="0" step="1"/><D100/><REACH who="0" ten="250,220,250,260" step="2"/><U29/><E37/><V31/><F31/><AGARI ba="1,2" hai="20,27,31,56,57,59,68,69,71,88,90,91,93,95" machi="31" ten="50,12000,1" yaku="1,1,2,1,29,2,54,1,53,0" doraHai="101" doraHaiUra="97" who="0" fromWho="2" sc="250,143,220,0,250,-123,260,0" /><INIT seed="0,2,0,3,4,86" ten="393,220,127,260" oya="0" hai0="75,54,65,110,11,31,129,12,37,96,22,27,80" hai1="4,19,40,39,68,104,53,28,26,66,42,135,13" hai2="112,84,55,63,1,35,127,99,44,102,45,115,20" hai3="61,48,100,36,78,47,8,97,7,18,123,41,79"/><T25/><D129/><U57/><E104/><V130/><F35/><W29/><G123/><T3/><D3/><U30/><E135/><V116/><F130/><W56/><G36/><T72/><D37/><U38/><E4/><V114/><F1/><W117/><G117/><T71/><D110/><U120/><E120/><V101/><F116/><W9/><G29/><T118/><D118/><U125/><E38/><V106/><F127/><W95/><G18/><T76/><D75/><U64/><E125/><V70/><F102/><W16/><G100/><T132/><D132/><U103/><E103/><V111/><F111/><W88/><G16/><T2/><D2/><U69/><E66/><V32/><F32/><W0/><REACH who="3" step="1"/><G9/><REACH who="3" ten="393,220,127,250" step="2"/><T52/><D11/><U107/><E39/><V51/><F114/><W131/><G131/><T58/><D31/><U5/><E30/><V134/><F134/><W105/><G105/><T6/><D6/><U122/><E107/><V14/><F115/><W83/><G83/><T33/><D80/><U81/><E81/><V59/><F112/><W108/><G108/><T10/><D10/><U43/><E5/><V49/><F106/><W87/><G87/><T73/><D73/><U74/><E74/><V109/><F84/><W77/><G77/><T46/><D76/><U94/><E122/><V98/><F101/><W62/><G62/><T119/><D72/><U113/><E28/><V21/><F109/><W67/><AGARI ba="2,1" hai="0,7,8,41,47,48,56,61,67,78,79,88,95,97" machi="67" ten="20,8000,1" yaku="1,1,0,1,7,1,52,1,54,1,53,0" doraHai="86" doraHaiUra="23" who="3" fromWho="3" sc="393,-42,220,-22,127,-22,250,96" /><INIT seed="1,0,0,1,4,21" ten="351,198,105,346" oya="1" hai0="129,31,23,56,130,123,121,37,119,89,32,46,22" hai1="25,4,98,84,33,70,15,69,10,71,62,0,9" hai2="114,61,30,112,115,54,97,18,13,83,65,80,116" hai3="113,53,48,99,81,57,29,91,67,74,78,55,126"/><U6/><E84/><V44/><F116/><W26/><G126/><T20/><D119/><U1/><E15/><V104/><F30/><W11/><G113/><T38/><D56/><U49/><E49/><V77/><F54/><W132/><G11/><T88/><D32/><U19/><E98/><V16/><F44/><W101/><G91/><N who="0" m="34891" /><D31/><N who="1" m="19695" /><E19/><V43/><F43/><W92/><G132/><T133/><D133/><U95/><E95/><V86/><F83/><W79/><G79/><T59/><D59/><U90/><E90/><V76/><F76/><W125/><G125/><T12/><D12/><U7/><E7/><V106/><F97/><W93/><G92/><T17/><D17/><U105/><E105/><V103/><F103/><W124/><G124/><T51/><D38/><U131/><E131/><N who="0" m="50185" /><D37/><U28/><E28/><V72/><F86/><W24/><G24/><T85/><D85/><U135/><E135/><V87/><F87/><W134/><G134/><T64/><D64/><AGARI ba="0,0" hai="0,1,4,6,9,10,62,64,69,70,71" m="19695" machi="64" ten="30,5800,0" yaku="33,2,52,1" doraHai="21" who="1" fromWho="0" sc="351,-58,198,58,105,0,346,0" /><INIT seed="1,1,0,3,2,56" ten="293,256,105,346" oya="1" hai0="19,117,39,37,2,119,14,12,10,97,108,126,73" hai1="82,104,89,93,1,78,134,51,69,130,9,96,36" hai2="66,31,103,88,32,44,105,21,110,87,65,90,121" hai3="125,54,91,100,81,75,60,124,107,58,29,7,33"/><U98/><E36/><V62/><F121/><W80/><G7/><T17/><D2/><U114/><E114/><V45/><F110/><W76/><G100/><T115/><D115/><U84/><E69/><V116/><F116/><W55/><G107/><T18/><D108/><U79/><E51/><V122/><F122/><W133/><G133/><T92/><D73/><N who="1" m="43343" /><E9/><V131/><F131/><W129/><G129/><T6/><D126/><N who="3" m="48745" /><G29/><T112/><D12/><U61/><E1/><V68/><F66/><N who="3" m="39191" /><G33/><T128/><D128/><U46/><E46/><V3/><F3/><W48/><G48/><T77/><D77/><U63/><E130/><V83/><F21/><W41/><G41/><T120/><D112/><U123/><E123/><V71/><F71/><W72/><G72/><T70/><D120/><U22/><E79/><V13/><F13/><W95/><G81/><T53/><D39/><U4/><E4/><V127/><F127/><W30/><G30/><T27/><D37/><U47/><E47/><V38/><F38/><W118/><G118/><T135/><D135/><U85/><E134/><V99/><REACH who="2" step="1"/><F90/><REACH who="2" ten="293,256,95,346" step="2"/><W35/><G35/><T8/><BYE who="3" /><D117/><U20/><E20/><UN n3="%E3%83%88%E3%83%A9%E3%83%9E%E3%83%AB" /><V113/><F113/><W111/><G111/><T28/><D119/><U59/><E22/><V23/><F23/><W42/><G91/><N who="0" m="55455" /><D70/><U94/><E89/><V15/><F15/><W52/><G76/><T26/><D8/><U86/><E98/><V50/><F50/><W11/><G11/><T74/><D10/><U64/><E96/><V34/><F34/><W16/><G75/><T109/><D74/><RYUUKYOKU ba="1,1" sc="293,-10,256,-10,95,30,346,-10" hai2="31,32,44,45,62,65,68,83,87,88,99,103,105" /><INIT seed="2,2,1,1,3,63" ten="283,246,125,336" oya="2" hai0="34,93,57,26,32,36,103,105,86,100,3,127,19" hai1="88,76,84,110,95,37,71,99,46,96,82,112,2" hai2="109,118,59,16,79,66,116,55,12,0,61,78,102" hai3="50,56,51,10,132,114,43,72,113,15,40,44,25"/><V119/><F0/><W117/><G117/><T41/><D3/><U129/><E112/><N who="3" m="43114" /><G72/><T14/><D127/><U135/><E71/><V106/><F109/><W39/><G132/><T21/><D105/><U91/><E110/><V65/><F106/><W64/><G25/><T75/><D75/><U94/><E135/><V18/><F102/><W31/><G31/><T11/><D41/><U28/><E2/><V115/><F115/><W5/><G43/><T42/><D42/><U108/><E108/><V49/><F18/><W1/><G1/><T22/><D36/><U128/><E28/><V33/><F33/><W7/><G7/><T58/><D34/><U122/><E46/><V17/><F17/><W38/><G50/><T8/><D32/><U89/><E37/><V98/><F98/><N who="1" m="37417" /><E122/><V30/><F30/><W77/><G77/><T81/><D22/><U120/><E120/><V47/><REACH who="2" step="1"/><F66/><REACH who="2" ten="283,246,115,336" step="2"/><W45/><G64/><T131/><D103/><U97/><E97/><V35/><F35/><W6/><G38/><T83/><D100/><U92/><AGARI ba="2,2" hai="76,82,84,88,89,91,92,94,95,128,129" m="37417" machi="92" ten="40,5200,0" yaku="34,2,54,1" doraHai="63" who="1" fromWho="1" sc="283,-15,246,78,115,-28,336,-15" /><INIT seed="3,0,0,3,3,26" ten="268,324,87,321" oya="3" hai0="17,120,7,43,111,83,123,129,29,75,84,99,57" hai1="67,48,46,116,54,0,22,45,68,101,37,86,124" hai2="10,63,126,4,70,42,41,14,76,85,122,114,33" hai3="66,5,93,28,15,19,80,23,72,71,73,40,47"/><W18/><G5/><T130/><D75/><U1/><E124/><V135/><F135/><W11/><G28/><T60/><D111/><U134/><E134/><V8/><F8/><W34/><G34/><T51/><D7/><U128/><E101/><V102/><F102/><W112/><G112/><T64/><D17/><U39/><E128/><V104/><F104/><W44/><G44/><T91/><D129/><U53/><E116/><V105/><F105/><W24/><G80/><T100/><D130/><U16/><E86/><V108/><F108/><W119/><G119/><T89/><D89/><U131/><E131/><V107/><F107/><W77/><G77/><T106/><D43/><U117/><E117/><V92/><F92/><W97/><G66/><T9/><D9/><U110/><E110/><V52/><F52/><W36/><G71/><T13/><D13/><U115/><E115/><V94/><F94/><W65/><G65/><T127/><D51/><U98/><E98/><V56/><F56/><W20/><G20/><T50/><D50/><U95/><E95/><V103/><F103/><AGARI ba="0,0" hai="11,15,18,19,23,24,36,40,47,72,73,93,97,103" machi="103" ten="30,1500,0" yaku="7,1" doraHai="26" who="3" fromWho="2" sc="268,0,324,0,87,-15,321,15" owari="268,-13.2,324,12.4,72,-42.8,336,43.6" /></mjloggm>