<mjloggm ver="2.3"><GO type="225" lobby="0"/><UN n0="%E9%A2%A8%E3%81%A7%E9%B3%B4%E3%81%8F" n1="%E3%81%8B%E3%82%8F%E3%81%A1%E3%82%83%E3%82%93%35%38" n2="%33%74%72%65%65" n3="%E3%81%BE%E3%81%A8%E3%81%9F" dan="16,17,16,16" rate="2156.62,2138.03,2144.82,2072.70" sx="M,M,F,M"/><TAIKYOKU oya="0"/><INIT seed="0,0,0,1,5,56" ten="250,250,250,250" oya="0" hai0="22,114,105,65,57,3,109,132,123,25,107,126,24" hai1="46,72,111,15,83,33,50,94,124,117,95,34,118" hai2="129,16,14,73,135,35,37,130,64,21,10,30,88" hai3="63,20,89,127,18,104,74,43,62,61,76,115,92"/><T96/><D3/><U99/><E111/><V80/><F37/><W106/><G115/><T116/><D114/><U29/><E124/><V133/><F64/><W87/><G127/><T2/><D2/><U39/><E39/><V32/><F73/><W59/><G43/><T28/><D126/><U100/><E15/><V102/><F102/><W90/><G59/><T48/><D116/><U60/><E72/><V31/><F88/><W55/><G55/><T8/><D123/><U38/><E38/><V131/><F80/><W97/><G76/><T125/><D125/><U128/><E83/><V84/><F84/><W47/><G47/><T54/><D132/><N who="2" m="50762" /><F21/><W19/><G74/><T66/><D109/><U9/><E100/><V27/><F27/><W85/><G19/><T42/><D42/><U69/><E99/><V68/><F68/><W77/><G77/><T98/><D25/><U70/><E95/><V86/><F86/><W7/><G87/><T101/><D8/><U121/><E94/><V17/><F17/><W134/><G134/><T82/><D82/><U79/><E70/><V75/><F75/><W91/><G106/><T119/><D119/><U11/><E69/><V110/><F110/><W58/><G104/><T5/><D5/><U44/><E118/><V0/><F0/><W23/><G18/><T40/><D40/><U49/><E117/><V1/><F1/><W120/><G85/><T6/><D6/><U36/><E36/><V52/><F52/><N who="3" m="33991" /><G7/><T71/><D71/><U53/><E53/><V13/><F13/><W41/><G23/><T103/><AGARI ba="0,0" hai="22,24,28,48,54,57,65,66,96,98,101,103,105,107" machi="103" ten="30,6000,0" yaku="5,1,0,1,9,1" doraHai="56" who="0" fromWho="0" sc="250,60,250,-20,250,-20,250,-20" /><INIT seed="0,1,0,0,0,82" ten="310,230,230,230" oya="0" hai0="4,9,56,116,22,124,63,96,53,32,79,6,5" hai1="100,115,90,38,77,48,94,45,76,102,88,17,128" hai2="80,106,59,86,95,52,83,134,19,18,43,36,47" hai3="123,101,8,35,21,111,50,87,28,127,64,74,16"/><T69/><D32/><U110/><E38/><V30/><F106/><W129/><G111/><T98/><D116/><U71/><E71/><V54/><F134/><W133/><G74/><T122/><D122/><U7/><E7/><V120/><F120/><W60/><G133/><T26/><D124/><U135/><E135/><V113/><F113/><W20/><G123/><T70/><D9/><U46/><E110/><V62/><F30/><W108/><G35/><T55/><D79/><N who="1" m="30283" /><E128/><V99/><F54/><N who="0" m="20490" /><D69/><U66/><E66/><V51/><F36/><W0/><G108/><T118/><D70/><U126/><E126/><V67/><F67/><W33/><G127/><T39/><D39/><U91/><E115/><V112/><F112/><W103/><G33/><T41/><D41/><N who="1" m="24623" /><E46/><V131/><F131/><W27/><G129/><T42/><D42/><U25/><E94/><V89/><F80/><W34/><G34/><T44/><D44/><U119/><E119/><V93/><F93/><W117/><G117/><T11/><D11/><U37/><E37/><V97/><F97/><N who="0" m="37482" /><D118/><U24/><E17/><V2/><F2/><W85/><G0/><T107/><D107/><U23/><E23/><V68/><F68/><W58/><G8/><T13/><D13/><U40/><E40/><V121/><F121/><W114/><G114/><T105/><D105/><U12/><E12/><V1/><F1/><W81/><G21/><T61/><D56/><U3/><E3/><V104/><F104/><W92/><G58/><T15/><D15/><U125/><E125/><V57/><F57/><W72/><G72/><RYUUKYOKU ba="1,0" sc="310,10,230,10,230,10,230,-30" hai0="4,5,6,22,26,61,63" hai1="24,25,88,90,91,100,102" hai2="18,19,43,47,51,52,59,62,83,86,89,95,99" /><INIT seed="0,2,0,4,0,94" ten="320,240,240,200" oya="0" hai0="133,61,66,40,26,59,42,77,35,32,36,22,9" hai1="30,68,128,56,78,67,3,92,91,44,14,106,16" hai2="107,69,28,1,62,54,55,134,135,111,115,71,18" hai3="123,127,58,8,98,0,21,74,19,15,131,53,48"/><T11/><D35/><U39/><E3/><V65/><F115/><W121/><G127/><T89/><D32/><U27/><E106/><V41/><F1/><W37/><G37/><T6/><D133/><N who="2" m="50698" /><F28/><W93/><G74/><T100/><D36/><U87/><E128/><V33/><F33/><W90/><REACH who="3" step="1"/><G131/><REACH who="3" ten="320,240,240,190" step="2"/><T82/><D6/><AGARI ba="2,1" hai="0,6,8,15,19,21,48,53,58,90,93,98,121,123" machi="6" ten="40,5200,0" yaku="1,1,2,1,52,1,53,0" doraHai="94" doraHaiUra="73" who="3" fromWho="0" sc="320,-58,240,0,240,0,190,68" /><INIT seed="1,0,0,5,1,60" ten="262,240,240,258" oya="1" hai0="9,62,37,71,38,63,126,48,102,29,98,97,18" hai1="54,78,83,127,8,109,79,13,52,17,22,95,111" hai2="132,55,75,72,25,88,69,91,35,73,59,84,114" hai3="3,6,33,93,131,40,46,39,99,101,103,105,61"/><U21/><E95/><V74/><N who="2" m="18432" /><DORA hai="0" /><V31/><F132/><W104/><G131/><T57/><D29/><U129/><E129/><V135/><F135/><W100/><G33/><T19/><D126/><U120/><E120/><V107/><F114/><W133/><G133/><T10/><D48/><U87/><E79/><V23/><F69/><W53/><G53/><N who="1" m="20586" /><E127/><V94/><F107/><W2/><G2/><T86/><D86/><U41/><E41/><V80/><F35/><W81/><G81/><T119/><D57/><U44/><E44/><V49/><REACH who="2" step="1"/><F94/><REACH who="2" ten="262,240,230,258" step="2"/><W67/><G105/><T26/><D71/><U82/><E82/><V115/><F115/><W134/><G104/><T7/><D119/><U117/><E117/><V113/><F113/><W36/><G134/><T118/><D118/><U4/><E17/><V121/><F121/><W77/><G93/><T20/><D19/><U43/><E43/><V56/><F56/><W76/><G40/><T12/><D18/><U30/><E30/><V116/><F116/><W96/><G46/><T110/><D38/><U125/><E125/><V1/><F1/><W28/><G3/><T47/><D37/><U124/><E124/><V128/><F128/><W122/><G36/><T16/><D47/><U32/><E32/><V90/><AGARI ba="0,1" hai="23,25,31,49,55,59,80,84,88,90,91" m="18432" machi="90" ten="60,7900,0" yaku="1,1,0,1,54,1,53,0" doraHai="60,0" doraHaiUra="14,130" who="2" fromWho="2" sc="262,-20,240,-39,230,89,258,-20" /><INIT seed="2,0,0,5,0,76" ten="242,201,319,238" oya="2" hai0="58,44,7,16,91,42,135,53,130,103,3,65,82" hai1="108,11,23,100,14,89,126,1,120,39,133,60,20" hai2="87,134,121,50,13,62,131,93,67,12,59,79,56" hai3="129,4,119,26,40,70,81,83,34,116,25,10,9"/><V84/><F121/><W41/><G70/><T78/><D135/><U0/><E39/><V24/><F134/><W43/><G34/><T106/><D130/><U48/><E100/><V2/><F2/><N who="1" m="1129" /><E48/><V19/><F131/><W45/><G45/><T123/><D91/><U29/><E60/><V61/><F50/><W22/><G129/><T128/><D65/><U52/><E52/><N who="2" m="33927" /><F24/><N who="3" m="9323" /><G22/><N who="1" m="8234" /><E89/><N who="2" m="53415" /><F19/><W75/><G4/><T118/><D16/><N who="1" m="8287" /><E133/><V77/><F77/><W99/><G99/><T95/><D106/><U17/><E120/><V6/><F79/><W18/><G18/><T127/><D123/><U107/><E107/><V72/><F72/><W8/><G75/><T49/><D128/><U28/><E126/><V86/><F86/><W37/><G37/><T102/><D127/><U15/><E108/><V54/><F87/><W21/><G21/><AGARI ba="0,0" hai="15,17,21,28,29" m="8287,8234,1129" machi="21" ten="30,12000,2" yaku="35,5,54,1" doraHai="76" who="1" fromWho="3" sc="242,0,201,120,319,0,238,-120" /><INIT seed="3,0,0,3,4,9" ten="242,321,319,118" oya="3" hai0="8,135,70,109,113,44,57,18,72,22,116,117,40" hai1="53,92,133,36,134,48,93,120,28,24,84,74,128" hai2="124,121,38,63,4,25,41,87,20,103,89,81,129" hai3="49,5,77,104,130,85,69,86,123,43,23,106,19"/><W122/><G69/><T101/><D70/><U80/><E74/><V16/><F129/><W108/><G5/><T12/><D72/><U29/><E36/><V42/><F124/><W27/><G130/><T76/><D135/><N who="1" m="51723" /><E128/><V66/><F121/><W2/><G2/><T112/><D101/><U90/><E120/><V0/><F38/><W10/><G108/><T99/><D99/><U51/><E28/><V79/><F103/><W13/><G122/><T21/><D109/><U71/><E71/><V100/><F100/><W82/><G123/><T47/><D76/><U68/><E68/><V96/><F4/><W107/><G86/><T52/><D116/><U95/><E53/><V64/><F0/><W98/><G98/><T62/><D117/><U35/><AGARI ba="0,0" hai="24,29,35,48,51,80,84,90,92,93,95" m="51723" machi="35" ten="30,1100,0" yaku="20,1" doraHai="9" who="1" fromWho="1" sc="242,-3,321,11,319,-3,118,-5" owari="239,-16.1,332,43.2,316,11.6,113,-38.7" /></mjloggm>