<mjloggm ver="2.3"><GO type="225" lobby="0"/><UN n0="%E5%B0%8F%37%34" n1="%E3%82%BC%E3%83%AB%E3%83%80%E3%81%AE%E4%BC%9D%E8%AA%AC" n2="%E8%B6%85%E7%B4%9A%E9%B3%B3%E5%87%B0" n3="%E5%86%B7%E5%87%8D%E3%82%AE%E3%83%A7%E3%83%BC%E3%82%B6" dan="16,17,16,16" rate="2100.26,2174.35,2119.34,2215.66" sx="M,M,M,M"/><TAIKYOKU oya="0"/><INIT seed="0,0,0,2,3,106" ten="250,250,250,250" oya="0" hai0="113,94,31,125,61,95,133,118,30,43,96,80,20" hai1="45,110,47,132,23,102,73,131,116,27,54,86,6" hai2="60,68,85,78,117,15,11,115,67,90,99,112,21" hai3="10,40,7,71,13,42,64,91,83,33,107,92,46"/><T29/><D118/><U100/><E116/><V114/><F117/><W3/><G107/><T57/><D113/><U12/><E73/><V87/><F21/><W124/><G33/><T2/><D2/><U130/><E110/><V26/><F26/><W62/><G124/><T69/><D125/><U63/><E132/><V8/><F78/><W123/><G123/><T1/><D1/><U135/><E135/><V128/><F128/><N who="1" m="49193" /><E86/><V16/><REACH who="2" step="1"/><F11/><REACH who="2" ten="250,250,240,250" step="2"/><W101/><G10/><T66/><D133/><U109/><E23/><V70/><F70/><W5/><G71/><T49/><D20/><U76/><E76/><V18/><F18/><W38/><G5/><T88/><D69/><U111/><E27/><V103/><F103/><W34/><G101/><T84/><D96/><U19/><E100/><V105/><F105/><W41/><G7/><T98/><REACH who="0" step="1"/><D98/><REACH who="0" ten="240,250,240,250" step="2"/><U56/><E6/><V48/><F48/><W39/><G38/><T65/><D65/><U129/><E129/><V51/><F51/><W37/><G39/><T50/><D50/><U25/><E111/><V17/><F17/><W4/><G37/><T93/><D93/><AGARI ba="0,2" hai="8,15,16,60,67,68,85,87,90,93,99,112,114,115" machi="93" ten="40,2600,0" yaku="1,1,54,1,53,0" doraHai="106" doraHaiUra="104" who="2" fromWho="0" sc="240,-26,250,0,240,46,250,0" /><INIT seed="1,0,0,3,3,32" ten="214,250,286,250" oya="1" hai0="8,80,33,94,129,58,65,115,116,55,40,82,1" hai1="103,62,87,61,121,118,29,18,110,83,90,35,79" hai2="11,134,113,70,10,39,117,57,122,26,41,68,42" hai3="95,112,7,107,16,88,19,6,72,3,92,128,22"/><U43/><E118/><V124/><F117/><W4/><G112/><T132/><D116/><U133/><E121/><V123/><F113/><W71/><G107/><T12/><D115/><U2/><E133/><V135/><F57/><W126/><G72/><T23/><D132/><U38/><E110/><V37/><REACH who="2" step="1"/><F124/><REACH who="2" ten="214,250,276,250" step="2"/><W20/><G126/><T120/><D58/><U24/><E61/><V14/><F14/><W127/><G127/><T44/><D12/><U56/><E56/><V66/><F66/><W131/><G71/><T86/><D65/><U17/><E62/><V99/><F99/><W53/><G128/><T48/><D129/><U45/><E2/><V15/><F15/><W100/><G3/><T59/><D1/><U104/><REACH who="1" step="1"/><E79/><REACH who="1" ten="214,240,276,250" step="2"/><V27/><AGARI ba="0,2" hai="10,11,26,27,37,39,41,42,68,70,122,123,134,135" machi="27" ten="25,12000,2" yaku="1,1,0,1,22,2,53,2" doraHai="32" doraHaiUra="130" who="2" fromWho="2" sc="214,-30,240,-60,276,140,250,-30" /><INIT seed="2,0,0,4,4,43" ten="184,180,416,220" oya="2" hai0="41,101,133,10,54,29,82,26,87,113,92,57,73" hai1="35,30,53,124,15,5,115,88,120,64,2,39,70" hai2="36,9,110,97,83,45,1,13,89,75,32,62,104" hai3="18,72,99,132,126,105,129,94,90,0,84,111,131"/><V25/><F1/><W122/><G0/><T22/><D113/><U4/><E115/><V93/><F104/><W20/><G122/><T61/><D133/><U11/><E120/><V12/><F62/><W69/><G69/><T76/><D41/><U55/><E39/><V74/><F83/><W119/><G119/><T77/><D10/><U78/><E78/><V44/><F12/><W47/><G132/><T21/><D76/><U80/><E4/><V49/><F36/><W125/><G72/><T130/><D130/><N who="3" m="49673" /><G111/><T79/><D79/><U103/><E2/><V85/><F85/><W23/><G47/><T33/><D73/><U91/><E103/><V65/><F44/><W117/><G117/><T100/><D33/><U40/><E40/><V98/><F45/><W52/><G52/><N who="1" m="20042" /><E124/><N who="3" m="47722" /><G18/><T102/><REACH who="0" step="1"/><D22/><REACH who="0" ten="174,180,416,220" step="2"/><U37/><E37/><V56/><F74/><W134/><G134/><T31/><D31/><U96/><E30/><V38/><F75/><W66/><G66/><T67/><D67/><U118/><E35/><V63/><F65/><W121/><G121/><T107/><D107/><U19/><E118/><V135/><F32/><W7/><G7/><T16/><D16/><U51/><E19/><V116/><F38/><W128/><G128/><T58/><D58/><U86/><E64/><V114/><F116/><W112/><G112/><T48/><D48/><U46/><E51/><V81/><F49/><W106/><G106/><T127/><D127/><U109/><E109/><V95/><F135/><W27/><G105/><T50/><D50/><U34/><E34/><V59/><F110/><RYUUKYOKU ba="0,1" sc="174,30,180,-10,416,-10,220,-10" hai0="21,26,29,54,57,61,77,82,87,92,100,101,102" /><INIT seed="3,1,1,2,1,131" ten="204,170,406,210" oya="3" hai0="11,33,57,45,32,112,38,53,83,6,132,40,52" hai1="21,27,43,104,66,16,72,44,8,126,129,79,69" hai2="101,7,62,124,41,59,23,3,61,115,20,4,81" hai3="56,35,19,68,58,134,64,5,55,85,93,80,65"/><W49/><G35/><T102/><D132/><U128/><E104/><V39/><F115/><W60/><G5/><T98/><D83/><N who="1" m="45543" /><E66/><V84/><F124/><W12/><G93/><T107/><D112/><U9/><E69/><V26/><F101/><W130/><G130/><N who="1" m="50282" /><E126/><V71/><F71/><W10/><G134/><T36/><D36/><AGARI ba="1,1" hai="8,9,16,21,27,36,43,44" m="50282,45543" machi="36" ten="30,2000,0" yaku="19,1,54,1" doraHai="131" who="1" fromWho="0" sc="204,-23,170,33,406,0,210,0" owari="181,-31.9,203,-19.7,406,50.6,210,1.0" /></mjloggm>