<mjloggm ver="2.3"><GO type="225" lobby="0"/><UN n0="%E5%B8%86%E7%AB%8B%E5%A4%8F%E8%A1%A3" n1="%E6%B8%A9%E2%98%85%E6%83%85%E2%98%85%E6%8E%AA%E2%98%85%E7%BD%AE" n2="%E3%82%B7%E3%83%B3%E5%A4%AA%E6%9C%97" n3="%E8%B6%85%E7%B4%9A%E9%B3%B3%E5%87%B0" dan="16,17,16,16" rate="2114.62,2261.80,2195.49,2141.51" sx="M,M,M,M"/><TAIKYOKU oya="0"/><INIT seed="0,0,0,5,1,101" ten="250,250,250,250" oya="0" hai0="95,50,111,47,34,134,54,88,70,20,107,124,120" hai1="80,125,16,103,82,109,35,58,77,8,4,11,15" hai2="76,73,133,113,92,71,106,127,46,26,78,126,44" hai3="48,118,2,40,116,86,112,31,45,32,29,39,52"/><T6/><D120/><U135/><E109/><V57/><F71/><W23/><G112/><T117/><D117/><U85/><E135/><V93/><F113/><W14/><G2/><T27/><D134/><U121/><E121/><V132/><F57/><W12/><G86/><T17/><D124/><U87/><E125/><V1/><F26/><W0/><G0/><T83/><D111/><U65/><E35/><V38/><F1/><W51/><G32/><T131/><D131/><U42/><E42/><V25/><F25/><W115/><G115/><T59/><D70/><U72/><E103/><V98/><F98/><W19/><G14/><T96/><D34/><U89/><E72/><V110/><F73/><W94/><G94/><T49/><D6/><U5/><REACH who="1" step="1"/><E11/><REACH who="1" ten="250,240,250,250" step="2"/><V36/><REACH who="2" step="1"/><F110/><REACH who="2" ten="250,240,240,250" step="2"/><W64/><G118/><T7/><D59/><U108/><E108/><V41/><F41/><W63/><G116/><T13/><D47/><U56/><E56/><V62/><F62/><AGARI ba="0,2" hai="4,5,8,15,16,58,62,65,77,80,82,85,87,89" machi="62" ten="40,5200,0" yaku="1,1,8,1,54,1,53,0" doraHai="101" doraHaiUra="30" who="1" fromWho="2" sc="250,0,240,72,240,-52,250,0" /><INIT seed="1,0,0,3,0,39" ten="250,312,188,250" oya="1" hai0="71,129,72,135,92,121,126,67,34,14,1,41,125" hai1="127,123,30,12,116,7,11,31,112,75,109,113,40" hai2="101,94,110,91,57,103,87,2,80,15,13,50,59" hai3="119,93,104,25,36,28,132,122,79,76,49,85,44"/><U21/><E75/><V43/><F2/><W124/><G122/><T45/><D1/><U0/><E40/><V86/><F110/><W82/><G104/><T120/><D72/><U117/><E123/><N who="0" m="47177" /><D34/><U54/><E54/><V115/><F115/><N who="1" m="44105" /><E109/><V114/><F114/><W102/><G124/><N who="0" m="47723" /><D92/><U42/><E42/><V27/><F27/><W78/><G132/><T90/><D90/><U3/><E127/><V16/><F13/><W68/><G68/><T77/><D77/><U81/><E81/><V61/><F57/><W38/><G119/><N who="1" m="45642" /><E0/><V107/><F107/><W130/><G130/><T89/><D89/><U95/><E95/><V88/><F43/><W105/><G105/><T118/><D118/><U37/><E37/><V47/><F47/><W22/><G38/><N who="0" m="21687" /><D14/><U26/><E3/><V56/><F50/><W6/><G36/><T9/><D9/><U99/><E99/><V58/><REACH who="2" step="1"/><F61/><REACH who="2" ten="250,312,178,250" step="2"/><W131/><G49/><T24/><D129/><U98/><E26/><V23/><AGARI ba="0,1" hai="15,16,23,56,58,59,80,86,87,88,91,94,101,103" machi="23" ten="30,12000,2" yaku="1,1,2,1,0,1,8,1,54,2,53,1" doraHai="39" doraHaiUra="18" who="2" fromWho="2" sc="250,-30,312,-60,178,130,250,-30" /><INIT seed="2,0,0,2,3,17" ten="220,252,308,220" oya="2" hai0="34,13,16,28,118,26,105,57,122,6,70,131,94" hai1="51,134,82,31,90,113,18,2,63,120,100,35,88" hai2="93,47,62,10,27,61,112,135,96,45,50,5,80" hai3="23,85,72,46,121,67,102,95,114,21,14,4,37"/><V25/><F135/><W77/><G121/><T79/><D105/><U58/><E2/><V60/><F112/><W49/><G114/><T91/><D70/><U0/><E0/><V132/><F80/><W98/><G37/><T124/><D124/><U75/><E113/><V69/><F69/><W44/><G72/><T53/><D131/><U71/><E71/><V15/><F132/><W76/><G67/><T109/><D109/><U74/><E134/><V29/><F29/><W106/><G46/><T130/><D130/><U101/><E51/><V78/><F78/><W103/><G103/><T12/><D79/><N who="3" m="30281" /><G85/><T20/><D122/><U125/><E120/><V107/><F107/><W9/><G106/><T104/><D104/><U133/><E101/><V42/><REACH who="2" step="1"/><F47/><REACH who="2" ten="220,252,298,220" step="2"/><W126/><G126/><T39/><D28/><U123/><E133/><V108/><F108/><W24/><G24/><T115/><D26/><U7/><E31/><V32/><F32/><W73/><G73/><T129/><D115/><U38/><E74/><V8/><F8/><W43/><AGARI ba="0,1" hai="4,9,14,21,23,43,44,49,95,98,102" m="30281" machi="43" ten="30,4000,0" yaku="8,1,52,2" doraHai="17" who="3" fromWho="3" sc="220,-10,252,-10,298,-20,220,50" /><INIT seed="3,0,0,3,2,42" ten="210,242,278,270" oya="3" hai0="67,11,114,86,45,75,72,85,99,123,60,89,128" hai1="40,31,96,100,71,74,21,93,113,125,3,105,9" hai2="134,132,131,63,29,70,130,10,35,91,62,38,59" hai3="108,122,61,104,129,15,13,53,120,117,83,58,64"/><W90/><G117/><T7/><D123/><U41/><E113/><V5/><F38/><W20/><G104/><T24/><D114/><U6/><E74/><V116/><F116/><W26/><G129/><N who="2" m="49161" /><F91/><W77/><G108/><T50/><D128/><U12/><E71/><V14/><F29/><W30/><G90/><T111/><D111/><U17/><E125/><V133/><F35/><W109/><G109/><T76/><D24/><U80/><E80/><V43/><F43/><W121/><REACH who="3" step="1"/><G64/><REACH who="3" ten="210,242,278,260" step="2"/><T69/><D99/><U78/><E105/><V48/><F70/><W107/><G107/><T92/><D76/><U18/><E78/><V101/><F101/><W52/><G52/><AGARI ba="0,1" hai="5,10,14,48,52,59,62,63,132,133,134" m="49161" machi="52" ten="40,5200,0" yaku="20,1,19,1,54,1" doraHai="42" who="2" fromWho="3" sc="210,0,242,0,278,62,260,-52" owari="210,-19.0,242,4.2,340,44.0,208,-29.2" /></mjloggm>