<mjloggm ver="2.3"><GO type="225" lobby="0"/><UN n0="%E3%81%86%E3%83%BC%E3%81%B1%E3%83%BC" n1="%6D%75%75%6D%75%72%61" n2="%28%EF%BF%A3%E2%96%BD%EF%BF%A3%29%CE%B4%E2%8C%92%E3%83%BB" n3="%72%61%6B%33" dan="16,17,16,16" rate="2148.92,2185.36,2122.09,2105.83" sx="F,F,M,M"/><TAIKYOKU oya="0"/><INIT seed="0,0,0,5,5,109" ten="250,250,250,250" oya="0" hai0="83,5,88,110,125,98,104,53,99,20,68,11,33" hai1="131,40,123,65,67,49,8,102,18,22,132,23,100" hai2="77,73,114,135,62,41,87,32,57,86,6,71,52" hai3="118,89,92,94,36,101,119,112,37,130,72,70,133"/><T2/><D33/><U79/><E123/><V25/><F135/><W124/><G101/><N who="1" m="39018" /><E132/><V69/><F41/><W12/><G12/><T127/><D104/><U42/><E131/><V122/><F122/><W19/><G19/><T117/><D117/><U3/><E3/><V14/><F73/><W120/><G89/><T90/><D68/><U50/><E79/><V93/><F114/><W34/><G92/><T95/><D110/><U107/><E8/><V126/><F126/><N who="0" m="48138" /><D83/><U48/><E107/><V26/><F32/><W59/><G94/><N who="0" m="56647" /><D53/><U121/><E121/><V111/><F111/><W31/><G120/><T97/><D20/><N who="1" m="7723" /><E18/><V56/><F71/><W15/><G70/><T9/><D9/><U51/><N who="1" m="12288" /><DORA hai="60" /><U134/><E134/><V103/><F69/><W116/><G133/><T76/><D76/><U128/><E128/><V61/><F77/><W7/><G118/><T84/><AGARI ba="0,0" hai="2,5,11,84,90,95,97,99" m="56647,48138" machi="84" ten="30,3000,0" yaku="18,1,54,1" doraHai="109,60" who="0" fromWho="0" sc="250,30,250,-10,250,-10,250,-10" /><INIT seed="0,1,0,5,3,61" ten="280,240,240,240" oya="0" hai0="114,22,24,93,125,60,92,79,98,71,89,94,67" hai1="41,111,57,73,130,95,32,129,105,8,18,33,122" hai2="76,52,115,90,118,55,13,62,38,17,64,124,50" hai3="80,35,78,102,63,69,11,133,104,75,2,7,0"/><T25/><D125/><U119/><E105/><V3/><F3/><N who="3" m="511" /><G133/><T44/><D114/><U29/><E119/><V20/><F38/><W121/><G35/><T135/><D135/><U72/><E122/><V14/><F118/><W117/><G121/><T15/><D79/><U100/><E111/><V54/><F115/><W46/><G46/><T28/><D15/><N who="1" m="7527" /><E41/><V1/><F1/><W42/><G42/><T85/><D44/><U97/><E57/><N who="2" m="36943" /><F124/><W45/><G45/><T126/><D126/><U68/><E68/><V70/><F70/><W106/><G117/><T91/><D25/><N who="1" m="18479" /><E33/><V40/><F76/><W39/><G39/><T109/><D109/><U37/><E37/><V86/><F40/><W87/><G87/><T43/><D43/><U96/><E96/><V16/><F50/><W120/><G120/><T103/><D91/><U116/><E116/><V5/><F5/><W113/><G113/><T134/><D134/><U12/><E12/><N who="2" m="9223" /><F17/><W10/><G10/><T19/><D19/><U128/><AGARI ba="1,0" hai="72,73,95,97,100,128,129,130" m="18479,7527" machi="128" ten="30,1100,0" yaku="19,1" doraHai="61" who="1" fromWho="1" sc="280,-6,240,14,240,-4,240,-4" /><INIT seed="1,0,0,3,3,106" ten="274,254,236,236" oya="1" hai0="47,42,4,21,9,134,59,118,97,130,58,41,69" hai1="61,2,71,117,132,110,19,54,52,44,6,90,87" hai2="49,26,31,105,102,39,89,108,83,115,128,48,76" hai3="28,127,81,15,113,25,119,13,36,35,17,14,23"/><U3/><E117/><V107/><F39/><W16/><G36/><T124/><D69/><U79/><E132/><V111/><F89/><W33/><G81/><T135/><D118/><U20/><E110/><N who="2" m="42027" /><F128/><W22/><G119/><T63/><D130/><U29/><E79/><V38/><F38/><W126/><G113/><T125/><D21/><U129/><E129/><V122/><F122/><W75/><G75/><T68/><D97/><U43/><E43/><N who="0" m="16393" /><D47/><U27/><E6/><V80/><F80/><W8/><G35/><T55/><D68/><U0/><E44/><V86/><F115/><W88/><G88/><T66/><D9/><U67/><REACH who="1" step="1"/><E19/><AGARI ba="0,0" hai="8,13,14,15,16,17,19,22,23,25,28,33,126,127" machi="19" ten="40,8000,1" yaku="9,1,34,3,54,1" doraHai="106" who="3" fromWho="1" sc="274,0,254,-80,236,0,236,80" /><INIT seed="2,0,0,0,2,45" ten="274,174,236,316" oya="2" hai0="27,95,4,0,90,91,100,52,67,23,119,16,134" hai1="85,114,25,53,101,21,86,2,79,60,18,1,74" hai2="121,88,41,28,126,62,125,47,75,10,55,116,38" hai3="106,31,19,103,97,39,14,82,123,96,33,92,133"/><V110/><F75/><W35/><G123/><T69/><D134/><U117/><E117/><V36/><F121/><W104/><G133/><T66/><D119/><U131/><E114/><V118/><F28/><W122/><G122/><T61/><D67/><U135/><E131/><V65/><F10/><W59/><G39/><N who="2" m="14889" /><F88/><W120/><G120/><T9/><D100/><U124/><E124/><N who="2" m="47723" /><F55/><W57/><G82/><T73/><D73/><U78/><E135/><V111/><F118/><W77/><G77/><T48/><D95/><U130/><E130/><V30/><F30/><W64/><G31/><T102/><D102/><U81/><E101/><V8/><F8/><W3/><G97/><T109/><D109/><U40/><E40/><V99/><F99/><W89/><G103/><T94/><D94/><U105/><E105/><V83/><F83/><W70/><G106/><T132/><D132/><U63/><E78/><V32/><F32/><W107/><G33/><T46/><AGARI ba="0,0" hai="0,4,9,16,23,27,46,48,52,61,66,69,90,91" machi="46" ten="20,8000,1" yaku="0,1,7,1,52,1,54,2" doraHai="45" who="0" fromWho="0" sc="274,80,174,-20,236,-40,316,-20" /><INIT seed="3,0,0,4,5,67" ten="354,154,196,296" oya="3" hai0="88,115,27,58,1,89,120,104,62,82,49,90,103" hai1="98,73,68,16,6,64,54,121,132,133,44,75,23" hai2="30,3,118,63,117,39,7,134,40,43,47,126,69" hai3="106,81,5,19,72,12,66,107,108,45,86,92,119"/><W10/><G119/><T95/><D1/><U4/><E121/><V84/><F30/><W8/><G72/><N who="1" m="27722" /><E98/><V21/><F21/><W87/><G108/><T79/><D104/><U52/><E6/><V96/><F84/><W24/><G45/><T125/><D125/><U18/><E4/><V112/><F96/><W122/><G122/><T111/><D111/><U28/><E28/><V11/><F126/><W99/><G66/><N who="0" m="39255" /><D120/><U17/><E23/><V105/><F105/><W76/><G87/><N who="0" m="48607" /><D115/><U46/><E64/><N who="2" m="41119" /><F112/><W114/><G114/><T65/><D65/><U113/><E68/><V37/><F134/><N who="1" m="51817" /><E113/><V102/><F102/><W100/><REACH who="3" step="1"/><G24/><REACH who="3" ten="354,154,196,286" step="2"/><T59/><D27/><U20/><E20/><V93/><F118/><W25/><G25/><T70/><D70/><U38/><E44/><V131/><F47/><W14/><AGARI ba="0,1" hai="5,8,10,12,14,19,76,81,86,92,99,100,106,107" machi="14" ten="20,3900,0" yaku="1,1,0,1,7,1,53,0" doraHai="67" doraHaiUra="123" who="3" fromWho="3" sc="354,-13,154,-13,196,-13,286,49" /><INIT seed="3,1,0,2,2,57" ten="341,141,183,335" oya="3" hai0="16,64,72,106,96,104,66,115,63,46,127,18,24" hai1="108,51,61,20,88,135,28,10,49,3,123,19,53" hai2="7,62,38,1,29,116,39,35,56,84,2,78,109" hai3="120,54,98,100,12,93,14,58,121,73,32,82,40"/><W43/><G32/><T13/><D72/><U129/><E123/><V81/><F109/><W113/><G113/><T71/><D66/><U50/><E108/><V59/><F116/><W122/><G12/><T90/><D115/><U128/><E135/><V67/><F35/><W34/><G34/><T37/><D127/><U119/><E28/><V94/><F29/><W70/><G70/><T91/><D24/><N who="1" m="14367" /><E3/><V79/><F79/><W125/><G125/><T77/><D77/><U86/><E10/><V89/><F56/><W41/><G14/><T47/><D18/><U33/><E33/><V8/><F1/><W110/><G110/><T111/><D47/><U95/><E119/><V6/><F6/><W21/><G21/><T102/><D104/><U31/><E31/><V0/><F0/><W48/><REACH who="3" step="1"/><G82/><REACH who="3" ten="341,141,183,325" step="2"/><T11/><REACH who="0" step="1"/><D111/><REACH who="0" ten="331,141,183,325" step="2"/><U52/><E61/><V126/><F126/><W36/><G36/><T22/><D22/><U112/><E112/><V74/><AGARI ba="1,2" hai="2,7,8,38,39,59,62,67,74,78,81,84,89,94" machi="74" ten="20,2700,0" yaku="0,1,7,1,52,1" doraHai="57" who="2" fromWho="2" sc="331,-8,141,-8,183,50,325,-14" owari="323,42.3,133,-36.7,233,-16.7,311,11.1" /></mjloggm>