<mjloggm ver="2.3"><GO type="225" lobby="0"/><UN n0="%E3%83%A9%E3%83%BC%E3%83%A1%E3%83%B3%E4%BA%94%E9%83%8E" n1="%72%65%6E%6B%75%6E" n2="%E3%81%8C%E3%81%9F" n3="%E3%81%BF%E3%81%BF%E3%81%9A" dan="16,17,16,18" rate="2096.55,2194.81,2108.40,2250.83" sx="M,M,M,M"/><TAIKYOKU oya="0"/><INIT seed="0,0,0,3,2,123" ten="250,250,250,250" oya="0" hai0="58,77,94,106,69,82,37,62,65,100,121,101,110" hai1="112,22,18,36,120,79,125,89,130,99,87,8,14" hai2="43,122,11,50,132,51,46,90,74,25,55,70,134" hai3="10,56,27,52,80,45,5,59,75,31,13,114,105"/><T98/><D121/><U115/><E120/><V92/><F122/><W133/><G114/><N who="1" m="43562" /><E36/><V7/><F74/><W113/><G113/><T24/><D37/><U21/><E130/><V104/><F104/><W49/><G133/><N who="2" m="51305" /><F70/><W131/><G105/><T3/><D3/><U135/><E135/><V29/><F11/><W68/><G68/><T81/><D69/><U66/><E125/><V118/><F7/><W108/><G108/><T102/><D106/><U34/><E34/><N who="2" m="20783" /><F118/><W44/><G131/><T116/><D116/><U57/><E99/><N who="2" m="57751" /><F51/><W67/><G75/><T117/><D117/><U9/><E79/><V2/><F2/><W96/><G80/><T95/><D110/><U17/><E9/><V76/><F76/><W71/><G96/><N who="0" m="59415" /><D102/><U23/><E17/><V1/><F1/><W33/><REACH who="3" step="1"/><G71/><REACH who="3" ten="250,250,250,240" step="2"/><T111/><D111/><U16/><E14/><V30/><F30/><W63/><AGARI ba="0,1" hai="5,10,13,27,31,33,44,45,49,52,56,59,63,67" machi="63" ten="30,7900,0" yaku="1,1,2,1,0,1,54,1,53,0" doraHai="123" doraHaiUra="12" who="3" fromWho="3" sc="250,-39,250,-20,250,-20,240,89" /><INIT seed="1,0,0,1,3,117" ten="211,230,230,329" oya="1" hai0="4,1,3,89,38,36,80,103,10,124,32,59,58" hai1="66,135,6,93,86,14,13,91,27,8,105,9,17" hai2="52,119,113,12,116,57,51,106,118,7,2,33,47" hai3="39,34,61,100,134,56,31,43,87,55,107,62,73"/><U0/><E135/><V21/><F33/><W127/><G73/><T99/><D32/><U120/><E105/><V125/><F106/><W81/><G134/><T29/><D29/><U112/><E112/><V50/><F113/><W115/><G115/><T72/><D124/><U97/><E27/><V79/><F125/><W75/><G75/><T74/><D1/><U133/><E133/><V130/><F130/><W5/><G127/><T63/><D59/><U44/><E66/><V18/><F79/><W42/><G5/><T68/><D68/><U132/><E132/><V24/><F2/><W49/><G39/><T121/><D74/><U122/><E44/><V69/><F69/><W109/><G109/><T19/><D19/><U20/><REACH who="1" step="1"/><E86/><REACH who="1" ten="211,220,230,329" step="2"/><V123/><F123/><W15/><G107/><T95/><D72/><U46/><E46/><V96/><F96/><W23/><G87/><T37/><D121/><U108/><E108/><V67/><F67/><W92/><G34/><T16/><D80/><U131/><E131/><V22/><F24/><W128/><G81/><T82/><D82/><U104/><E104/><V84/><F84/><W35/><G35/><T26/><D26/><U85/><E85/><V102/><F118/><W11/><G128/><T126/><D126/><U40/><E40/><V90/><F116/><W83/><G83/><T64/><REACH who="0" step="1"/><D16/><AGARI ba="0,1" hai="0,6,8,9,13,14,16,17,20,91,93,97,120,122" machi="16" ten="30,12000,1" yaku="1,1,7,1,52,2,54,1,53,0" doraHai="117" doraHaiUra="45" who="1" fromWho="0" sc="211,-120,220,130,230,0,329,0" /><INIT seed="1,1,0,4,5,113" ten="91,350,230,329" oya="1" hai0="1,27,49,29,122,7,52,54,13,55,126,85,20" hai1="110,133,40,60,104,80,57,34,112,84,45,11,120" hai2="108,119,64,101,32,44,77,66,23,78,81,41,73" hai3="56,46,51,15,106,33,69,58,6,116,3,38,26"/><U131/><E112/><V82/><F32/><W42/><G106/><T36/><D126/><U68/><E120/><V21/><F101/><W129/><G129/><T109/><D109/><U96/><E11/><V89/><F89/><W67/><G3/><T61/><D122/><U130/><E34/><V100/><F100/><W93/><G93/><T105/><D36/><U9/><E68/><V53/><F53/><N who="3" m="31807" /><G58/><T39/><D39/><U117/><E96/><V70/><F108/><W135/><G135/><T71/><D105/><U12/><E104/><V72/><F119/><W62/><G116/><T90/><D1/><U128/><E133/><V98/><F98/><W43/><G43/><T107/><D107/><U86/><E110/><V47/><F41/><W134/><G134/><T118/><D118/><U91/><E117/><V63/><F63/><W83/><G83/><T0/><D0/><U127/><E127/><V124/><REACH who="2" step="1"/><F70/><REACH who="2" ten="91,350,220,329" step="2"/><W4/><G33/><T102/><D102/><U2/><E128/><V97/><F97/><W19/><G26/><T79/><D71/><U5/><E130/><V75/><F75/><W24/><G24/><T99/><D61/><U95/><E131/><V16/><F16/><W35/><G35/><T114/><D99/><U132/><E132/><V59/><F59/><W87/><G87/><T28/><D90/><N who="1" m="53703" /><E57/><V125/><AGARI ba="1,1" hai="21,23,44,47,64,66,72,73,77,78,81,82,124,125" machi="125" ten="25,12000,2" yaku="1,1,0,1,22,2,53,2" doraHai="113" doraHaiUra="74" who="2" fromWho="2" sc="91,-31,350,-61,220,133,329,-31" /><INIT seed="2,0,0,0,5,67" ten="60,289,353,298" oya="2" hai0="6,104,126,20,31,5,88,74,66,46,30,71,7" hai1="18,91,81,49,25,112,93,123,44,0,76,37,72" hai2="96,38,15,102,90,122,118,80,59,39,134,82,131" hai3="56,54,23,29,132,83,119,13,14,40,27,36,24"/><V50/><F118/><W10/><G119/><T68/><D74/><U77/><E112/><V33/><F33/><W9/><G132/><T28/><D104/><U109/><E109/><V98/><F122/><W135/><G135/><T52/><D126/><U51/><E77/><V21/><F134/><W60/><G36/><T26/><D66/><U89/><E123/><V128/><F21/><W64/><G40/><T65/><D65/><U48/><E0/><V70/><F70/><W4/><G27/><T55/><D88/><U63/><E63/><V121/><F15/><W94/><G83/><T105/><D105/><U73/><E73/><V8/><F8/><W45/><G94/><T92/><D92/><U16/><E25/><V32/><F32/><W34/><G34/><T120/><D120/><U19/><REACH who="1" step="1"/><E93/><REACH who="1" ten="60,279,353,298" step="2"/><N who="2" m="56375" /><F121/><W100/><G100/><T12/><D12/><N who="3" m="4713" /><G4/><T35/><D35/><U117/><E117/><V103/><F102/><W84/><G84/><T79/><D79/><U85/><E85/><V47/><F103/><W101/><G101/><T127/><D127/><U42/><AGARI ba="0,1" hai="16,18,19,37,42,44,48,49,51,72,76,81,89,91" machi="42" ten="40,5200,0" yaku="1,1,0,1,54,1,53,0" doraHai="67" doraHaiUra="99" who="1" fromWho="1" sc="60,-13,279,62,353,-26,298,-13" /><INIT seed="3,0,0,0,2,106" ten="47,341,327,285" oya="3" hai0="105,132,89,52,19,99,103,92,98,56,66,123,75" hai1="72,88,42,38,5,9,133,93,71,43,90,120,118" hai2="35,74,14,50,12,104,30,122,68,7,95,4,108" hai3="0,46,15,55,117,33,115,8,24,40,13,101,31"/><W32/><G117/><T87/><D132/><U111/><E120/><V85/><F104/><W84/><G115/><T119/><D119/><U130/><E71/><V91/><F68/><W129/><G129/><T64/><D123/><U60/><E72/><V77/><F122/><W109/><G109/><T16/><D66/><U110/><E118/><V2/><F108/><N who="1" m="41513" /><E133/><V22/><F35/><W3/><G33/><T124/><D124/><U80/><E130/><V34/><F34/><W62/><G101/><T59/><D64/><U11/><E60/><V27/><F50/><W113/><G113/><T86/><D59/><U37/><E80/><V1/><F1/><W67/><G55/><T47/><D47/><U81/><E81/><V63/><F63/><W79/><G84/><T20/><D87/><N who="1" m="52383" /><E90/><V53/><F53/><W45/><G79/><T25/><D86/><U76/><E76/><V44/><F44/><W125/><G125/><T6/><D6/><U49/><E9/><V26/><F26/><W41/><G46/><T48/><REACH who="0" step="1"/><D75/><REACH who="0" ten="37,341,327,285" step="2"/><U21/><E38/><V102/><F102/><W18/><G41/><T100/><D100/><U82/><E37/><V17/><F2/><W23/><G45/><T96/><D96/><U36/><E36/><V61/><F61/><W127/><G40/><T58/><D58/><U131/><E43/><V112/><F112/><W54/><G127/><T28/><D28/><U73/><E42/><V107/><F107/><W121/><G121/><T83/><D83/><U70/><E73/><V51/><F51/><W10/><G67/><T65/><D65/><RYUUKYOKU ba="0,1" sc="37,30,341,-10,327,-10,285,-10" hai0="16,19,20,25,48,52,56,89,92,98,99,103,105" owari="67,-43.3,341,44.1,317,11.7,275,-12.5" /></mjloggm>