<mjloggm ver="2.3"><GO type="225" lobby="0"/><UN n0="%72%69%6F%75%63%68%61%6E" n1="%E3%82%A2%E3%83%A1%E3%82%A2%E3%83%A9%E3%83%AC" n2="%4B%2E%32%2E%4B%2E" n3="%41%6F%54" dan="16,16,16,16" rate="2170.88,2191.52,2109.94,2063.60" sx="M,M,M,M"/><TAIKYOKU oya="0"/><INIT seed="0,0,0,5,0,63" ten="250,250,250,250" oya="0" hai0="111,12,47,33,74,49,134,53,10,118,129,46,40" hai1="64,110,121,87,18,84,119,66,0,130,41,114,19" hai2="99,83,100,50,135,8,29,1,59,107,69,131,43" hai3="85,116,79,2,17,82,57,132,22,45,6,91,7"/><T109/><D118/><U61/><E110/><N who="0" m="41993" /><D74/><U4/><E119/><V68/><F131/><W54/><G116/><T108/><N who="0" m="42001" /><T30/><DORA hai="71" /><D129/><U15/><E121/><V78/><F135/><W21/><G132/><T113/><D134/><U93/><E114/><V125/><F125/><W77/><G22/><T124/><D113/><U133/><E41/><V16/><F29/><W60/><G45/><N who="0" m="27823" /><D124/><U115/><E61/><V70/><F43/><W92/><G2/><T67/><D67/><N who="1" m="25643" /><E0/><V126/><F1/><W128/><G128/><T94/><D94/><U23/><E133/><V75/><F126/><W3/><G3/><T32/><D30/><U34/><E34/><N who="0" m="13417" /><D40/><U39/><E115/><V102/><F70/><W65/><G65/><T123/><D123/><U35/><E93/><V90/><F69/><W86/><REACH who="3" step="1"/><G79/><REACH who="3" ten="250,250,250,240" step="2"/><T13/><D13/><AGARI ba="0,1" hai="6,7,13,17,21,54,57,60,77,82,85,86,91,92" machi="13" ten="30,12000,2" yaku="1,1,2,1,7,1,8,1,53,2" doraHai="63,71" doraHaiUra="11,52" who="3" fromWho="0" sc="250,-120,250,0,250,0,240,130" /><INIT seed="1,0,0,1,5,38" ten="130,250,250,370" oya="1" hai0="100,19,105,75,86,126,117,82,3,41,12,129,39" hai1="71,47,103,96,79,80,70,99,31,11,116,57,94" hai2="66,4,104,89,110,50,5,26,22,37,135,53,118" hai3="46,44,64,40,1,30,93,68,23,121,0,49,6"/><U54/><E116/><V9/><F118/><W87/><G121/><T16/><D117/><U78/><E31/><V56/><F37/><W91/><G6/><T13/><D3/><U72/><E79/><V124/><F104/><W69/><G64/><T97/><D75/><U18/><E47/><V20/><F110/><W10/><G10/><T133/><D129/><U65/><E65/><V52/><F124/><W45/><G45/><T55/><D126/><U131/><E131/><V33/><F135/><W48/><G0/><T119/><D119/><U67/><E67/><V111/><F111/><W36/><G1/><T24/><D133/><U123/><E123/><V84/><F66/><W85/><G36/><T90/><D55/><U21/><E96/><V8/><F33/><W51/><G51/><T73/><D73/><U112/><E11/><N who="2" m="4171" /><F53/><W7/><G7/><N who="2" m="2633" /><F26/><N who="3" m="16735" /><G68/><T74/><D74/><U114/><E114/><V35/><F35/><W108/><G69/><T42/><D24/><U34/><E34/><V25/><F25/><W88/><G108/><T81/><D82/><AGARI ba="0,0" hai="20,22,50,52,56,82,84,89" m="2633,4171" machi="82" ten="30,2000,0" yaku="8,1,54,1" doraHai="38" who="2" fromWho="0" sc="130,-20,250,0,250,20,370,0" /><INIT seed="2,0,0,4,3,74" ten="110,250,270,370" oya="2" hai0="22,3,77,16,42,37,2,114,122,72,7,90,52" hai1="101,100,94,55,41,14,30,105,78,0,48,115,93" hai2="50,26,38,117,25,66,79,82,127,135,10,35,36" hai3="119,18,60,92,21,68,80,98,24,97,130,32,23"/><V6/><F117/><W107/><G119/><T71/><D122/><U85/><E0/><V132/><F127/><W67/><G130/><T104/><D114/><U46/><E115/><V75/><F66/><W134/><G134/><N who="2" m="51241" /><F50/><W17/><G32/><T39/><D104/><U40/><E105/><V5/><F5/><W69/><G107/><T111/><D111/><U56/><E30/><N who="2" m="19919" /><F26/><W63/><G80/><T73/><D71/><U57/><E14/><AGARI ba="0,0" hai="6,10,14,36,38,75,79,82" m="19919,51241" machi="14" ten="30,2900,0" yaku="20,1,52,1" doraHai="74" who="2" fromWho="1" sc="110,0,250,-29,270,29,370,0" /><INIT seed="2,1,0,4,2,113" ten="110,221,299,370" oya="2" hai0="101,42,123,28,23,133,96,1,34,85,20,50,106" hai1="69,0,51,13,104,44,3,15,7,53,116,48,132" hai2="94,72,103,79,91,32,38,76,105,95,55,110,11" hai3="135,119,89,52,47,122,43,80,74,16,117,68,127"/><V5/><F38/><W130/><G122/><T12/><D133/><U59/><E69/><V92/><F32/><W46/><G68/><T60/><D123/><U77/><E104/><V114/><F114/><W58/><G135/><T93/><D1/><U39/><E39/><V108/><F55/><W71/><G71/><T115/><D115/><U19/><E77/><N who="2" m="29771" /><F72/><W21/><G74/><T6/><D60/><U67/><E67/><V111/><F11/><W97/><G130/><T25/><D85/><U83/><E83/><V121/><F5/><W14/><G127/><T81/><D81/><U26/><E7/><V64/><F64/><W2/><G2/><T24/><D106/><U10/><E10/><V63/><F63/><W70/><G70/><T4/><D12/><U65/><E65/><V98/><F121/><W107/><G107/><T41/><D34/><U100/><E0/><V9/><F9/><W18/><G18/><T112/><D112/><U22/><E3/><V99/><AGARI ba="1,0" hai="91,92,94,95,98,99,103,105,108,110,111" m="29771" machi="99" ten="40,12000,1" yaku="14,1,10,1,34,2" doraHai="113" who="2" fromWho="2" sc="110,-41,221,-41,299,123,370,-41" /><INIT seed="2,2,0,1,5,91" ten="69,180,422,329" oya="2" hai0="102,69,129,29,64,128,34,58,124,76,95,118,7" hai1="5,50,126,135,109,18,108,23,70,132,0,52,62" hai2="39,59,87,25,101,81,122,130,112,63,66,15,104" hai3="46,116,1,3,21,10,120,16,24,53,22,73,42"/><V119/><F112/><W111/><G116/><T17/><D69/><U131/><E131/><N who="0" m="50249" /><D7/><U36/><E36/><V4/><F122/><W12/><G120/><T40/><D40/><U31/><E31/><V20/><F39/><W9/><G73/><T85/><D34/><U77/><E77/><V115/><F101/><W88/><G53/><T32/><D32/><U90/><E126/><V84/><F104/><W86/><G111/><N who="1" m="42570" /><E5/><V51/><F119/><W96/><G96/><N who="0" m="59679" /><D118/><U47/><E0/><V68/><F115/><W78/><G78/><T65/><D29/><U43/><E90/><V71/><F71/><W8/><G46/><T13/><D124/><U123/><E123/><V11/><F68/><W103/><G103/><T79/><D58/><N who="1" m="35143" /><E70/><V45/><F59/><W60/><G60/><T89/><D76/><U44/><E47/><V114/><F63/><W125/><G42/><T67/><D79/><U93/><E18/><V133/><F4/><W41/><G41/><T19/><D13/><U97/><E23/><V72/><F20/><W14/><G125/><T110/><D110/><U26/><E26/><V49/><F15/><W48/><G48/><T61/><D61/><U107/><E50/><V98/><F49/><W56/><G56/><T99/><D99/><U106/><E43/><V6/><F51/><W33/><G33/><T75/><D75/><U30/><E30/><V54/><F130/><W117/><G117/><T35/><D35/><U83/><E97/><V92/><F72/><W57/><G1/><T80/><D17/><U2/><E2/><V38/><F45/><RYUUKYOKU ba="2,0" sc="69,30,180,-10,422,-10,329,-10" hai0="19,64,65,67,80,85,89" /><INIT seed="3,3,0,2,2,75" ten="99,170,412,319" oya="3" hai0="57,95,97,40,123,28,134,98,47,107,68,12,54" hai1="20,105,1,64,133,13,7,21,103,132,63,77,29" hai2="100,22,122,11,79,119,106,31,110,39,45,65,113" hai3="55,38,66,72,49,74,78,112,90,114,18,92,82"/><W125/><G125/><T0/><D123/><U19/><E77/><V102/><F106/><W91/><G38/><T51/><D0/><U14/><E103/><V129/><F65/><W24/><G74/><T117/><D117/><U131/><E105/><V70/><F70/><W33/><G66/><T109/><D109/><U108/><E108/><V115/><F119/><W4/><G4/><T10/><D134/><N who="1" m="51819" /><E131/><V101/><F110/><W56/><G91/><T26/><D68/><N who="1" m="42015" /><E29/><V130/><F79/><W71/><G71/><T35/><D107/><U36/><E36/><V116/><F116/><W73/><G73/><T80/><D80/><U5/><E1/><V85/><F85/><W6/><G6/><N who="1" m="2058" /><E21/><V46/><F46/><W52/><G55/><T30/><D30/><U111/><E111/><V76/><F76/><W50/><G50/><T59/><D95/><U32/><E32/><V23/><F122/><W69/><G69/><T81/><D81/><U42/><E42/><N who="2" m="22751" /><F11/><W48/><G48/><T41/><D41/><U27/><AGARI ba="3,0" hai="13,14,19,20,27" m="2058,42015,51819" machi="27" ten="30,1100,0" yaku="20,1" doraHai="75" who="1" fromWho="1" sc="99,-6,170,20,412,-6,319,-8" owari="93,-40.7,190,-21.0,406,50.6,311,11.1" /></mjloggm>