<mjloggm ver="2.3"><GO type="225" lobby="0"/><UN n0="%E3%82%BC%E3%83%AB%E3%83%80%E3%81%AE%E4%BC%9D%E8%AA%AC" n1="%E3%81%8F%E3%82%8A%E3%83%94%E3%83%BC" n2="%E5%AF%82%E5%AF%9E%E3%82%AE%E3%83%8D%E3%82%B9%E3%83%93%E3%83%BC%E3%83%AB" n3="%E6%97%A5%E6%9B%9C%E6%97%A5%E3%82%88%E3%82%8A%E3%81%AE%E4%BD%BF%E8%80%85" dan="16,16,16,17" rate="2111.88,2105.17,2185.19,2170.19" sx="M,M,M,M"/><TAIKYOKU oya="0"/><INIT seed="0,0,0,1,3,125" ten="250,250,250,250" oya="0" hai0="24,97,129,106,34,0,79,98,44,26,99,101,67" hai1="1,25,2,55,63,100,60,27,64,80,123,3,58" hai2="78,127,113,37,52,86,74,31,17,54,107,96,91" hai3="102,92,95,130,9,133,32,10,16,70,41,82,111"/><T88/><D0/><U89/><E123/><V46/><F113/><W28/><G70/><T48/><D79/><U61/><E100/><N who="2" m="62855" /><F17/><W76/><G41/><T115/><D115/><U108/><E108/><V121/><F31/><W38/><G38/><T30/><D129/><U6/><E6/><V109/><F121/><W112/><G112/><T119/><D119/><U47/><E47/><V59/><F59/><W93/><G28/><T65/><D24/><U73/><E64/><V49/><F37/><W53/><G32/><T57/><D57/><U21/><E27/><V7/><F7/><W124/><G111/><T120/><D120/><U94/><E73/><V29/><F29/><W85/><G124/><T39/><D39/><U4/><E80/><N who="2" m="45143" /><F127/><W33/><G10/><T62/><D88/><U8/><E8/><V5/><F5/><W75/><G16/><T66/><REACH who="0" step="1"/><D62/><REACH who="0" ten="240,250,250,250" step="2"/><U105/><E89/><V77/><F77/><W103/><G76/><T72/><D72/><U51/><E61/><V126/><F126/><W15/><G75/><T131/><D131/><U14/><E63/><V56/><F109/><W122/><G122/><T135/><D135/><U42/><E60/><V134/><F134/><W11/><G133/><T83/><D83/><U50/><E1/><V19/><F56/><W116/><G116/><T69/><D69/><U35/><E58/><V40/><F19/><W36/><G36/><T128/><D128/><U84/><E2/><V22/><F22/><W45/><G130/><T23/><D23/><U81/><E21/><V43/><F91/><W12/><G82/><RYUUKYOKU ba="0,1" sc="240,30,250,-10,250,-10,250,-10" hai0="26,30,34,44,48,65,66,67,97,98,99,101,106" /><INIT seed="0,1,1,2,0,28" ten="270,240,240,240" oya="0" hai0="94,84,97,103,1,82,32,13,18,19,65,127,104" hai1="73,68,34,17,45,27,8,87,55,125,129,7,135" hai2="89,91,61,126,11,66,44,113,133,31,117,62,76" hai3="83,38,41,81,99,4,5,59,109,46,123,21,54"/><T96/><D127/><U10/><E73/><V90/><F113/><W2/><G109/><T71/><D1/><U57/><E68/><V35/><F126/><W74/><G123/><T110/><D110/><U86/><E129/><V116/><F133/><W88/><G21/><T119/><D119/><N who="2" m="45642" /><F76/><W112/><G112/><T30/><D13/><U130/><E130/><V0/><F44/><W64/><G64/><T40/><D40/><U122/><E122/><V56/><F62/><W93/><G2/><T108/><D108/><U78/><E78/><V128/><F128/><W14/><G74/><T118/><D118/><U124/><E45/><V132/><F132/><W102/><G14/><T107/><D82/><U120/><E120/><V9/><F0/><W50/><REACH who="3" step="1"/><G102/><REACH who="3" ten="270,240,240,230" step="2"/><T39/><D65/><U29/><E135/><V3/><F3/><W75/><G75/><T115/><D115/><U16/><E125/><V92/><F92/><W79/><G79/><T37/><D94/><U24/><E124/><V48/><F91/><W12/><G12/><T20/><D103/><U106/><E106/><V77/><F77/><W58/><G58/><T22/><D71/><U100/><E100/><V111/><F111/><W33/><G33/><T25/><D32/><U85/><E27/><N who="2" m="18943" /><F90/><W49/><G49/><T51/><D51/><U52/><E57/><N who="2" m="37167" /><F89/><W80/><AGARI ba="1,2" hai="4,5,38,41,46,50,54,59,80,81,83,88,93,99" machi="80" ten="30,4000,0" yaku="1,1,0,1,54,1,53,0" doraHai="28" doraHaiUra="121" who="3" fromWho="3" sc="270,-21,240,-11,240,-11,230,63" /><INIT seed="1,0,0,5,1,47" ten="249,229,229,293" oya="1" hai0="87,128,54,8,30,20,25,46,77,32,18,113,102" hai1="59,107,38,56,103,55,58,53,64,9,36,13,110" hai2="74,106,79,101,119,41,1,88,118,135,117,99,68" hai3="83,76,31,84,80,35,78,51,115,33,129,120,24"/><U89/><E107/><V21/><F1/><W97/><G115/><T111/><D113/><U16/><E103/><V43/><F68/><W57/><G120/><T7/><D111/><U17/><E110/><V22/><F135/><W71/><G71/><T12/><D128/><U44/><E64/><V14/><F79/><W67/><G129/><T69/><D69/><U108/><E108/><V23/><F74/><W114/><G114/><T70/><D70/><U93/><E17/><V52/><F14/><W29/><G97/><T45/><D102/><U15/><E15/><V130/><F130/><W121/><G121/><T122/><D54/><U48/><REACH who="1" step="1"/><E55/><REACH who="1" ten="249,219,229,293" step="2"/><V11/><F52/><W65/><G65/><T100/><D100/><U75/><E75/><V104/><F104/><W109/><G109/><T62/><D122/><U123/><E123/><V63/><F106/><W85/><G67/><T95/><D18/><U73/><E73/><V6/><F101/><W72/><G72/><T5/><D12/><U98/><AGARI ba="0,1" hai="9,13,16,36,38,44,48,53,56,58,59,89,93,98" machi="98" ten="30,12000,1" yaku="1,1,0,1,52,1,54,1,53,1" doraHai="47" doraHaiUra="40" who="1" fromWho="1" sc="249,-40,219,130,229,-40,293,-40" /><INIT seed="1,1,0,1,3,55" ten="209,349,189,253" oya="1" hai0="81,59,45,4,119,126,37,118,19,89,86,51,95" hai1="41,106,74,47,32,105,23,104,125,122,63,58,90" hai2="68,127,110,123,61,69,39,72,17,18,87,91,5" hai3="25,21,108,82,84,62,112,15,94,116,132,97,101"/><U92/><E122/><V57/><F123/><W100/><G112/><T130/><D126/><U9/><E32/><V24/><F127/><W98/><G108/><T7/><D130/><U30/><E74/><V54/><F110/><W36/><G36/><T0/><D37/><U6/><E23/><V103/><F72/><W67/><G132/><T113/><D113/><U80/><E80/><V29/><F39/><W43/><G43/><T85/><D0/><U93/><E30/><V128/><F5/><W56/><G15/><T49/><D119/><U135/><E135/><V60/><F103/><W131/><G131/><T50/><D118/><U11/><E93/><V26/><F128/><W109/><G109/><T28/><D28/><U38/><E6/><N who="0" m="2089" /><D19/><U129/><E125/><V107/><F107/><W10/><G10/><T20/><D20/><U14/><E14/><V71/><F61/><W48/><G48/><T78/><D45/><U124/><E129/><V13/><F13/><W12/><G12/><T42/><D42/><U65/><REACH who="1" step="1"/><E124/><REACH who="1" ten="209,339,189,253" step="2"/><V40/><F26/><W64/><G116/><T120/><D120/><U3/><E3/><V76/><F29/><W8/><G21/><T117/><D117/><U22/><E22/><V73/><F24/><W134/><G25/><T46/><D46/><U114/><E114/><V96/><F73/><W53/><G134/><T75/><D75/><U31/><E31/><V1/><F1/><W133/><G133/><T44/><D44/><U33/><E33/><V99/><F18/><W66/><G8/><T2/><D2/><U34/><E34/><RYUUKYOKU ba="1,1" sc="209,15,339,15,189,-15,253,-15" hai0="49,50,51,59,78,81,85,86,89,95" hai1="9,11,38,41,47,58,63,65,90,92,104,105,106" /><INIT seed="1,2,1,2,2,121" ten="224,354,174,238" oya="1" hai0="25,117,46,78,65,10,70,1,27,8,34,77,116" hai1="85,56,118,41,18,66,21,17,19,101,124,44,90" hai2="103,123,55,98,94,76,20,131,132,14,134,126,128" hai3="62,91,51,64,115,35,4,111,16,71,114,73,109"/><U133/><E118/><V97/><F55/><W37/><G37/><T106/><D106/><U75/><E75/><V12/><F20/><W39/><G39/><T110/><D46/><U59/><E124/><V3/><F3/><W84/><G35/><T89/><D89/><U13/><E133/><N who="2" m="51307" /><F14/><W47/><G73/><T127/><D34/><U80/><E101/><N who="2" m="60599" /><F12/><W83/><G4/><T88/><D88/><U122/><E122/><V54/><F54/><W24/><G24/><T49/><D49/><N who="1" m="26767" /><E59/><V31/><F31/><W112/><REACH who="3" step="1"/><G16/><REACH who="3" ten="224,354,174,228" step="2"/><T61/><D25/><U104/><E104/><N who="2" m="63607" /><F123/><W63/><G63/><AGARI ba="2,2" hai="13,17,18,19,21,56,63,66,80,85,90" m="26767" machi="63" ten="30,1500,0" yaku="8,1" doraHai="121" who="1" fromWho="3" sc="224,0,354,41,174,0,228,-21" /><INIT seed="1,3,0,2,2,21" ten="224,395,174,207" oya="1" hai0="120,119,57,30,73,91,47,110,59,86,132,55,69" hai1="62,74,133,118,43,46,45,135,35,13,40,16,6" hai2="96,100,99,18,79,29,58,39,111,70,76,42,84" hai3="54,27,129,24,78,102,1,93,33,10,108,4,7"/><U26/><E118/><V51/><F70/><W130/><G78/><T49/><D119/><U56/><E6/><V116/><F116/><W75/><G75/><T64/><D73/><U124/><E124/><V88/><F111/><W41/><G108/><T101/><D110/><U67/><E74/><V23/><F29/><W15/><G41/><T28/><D132/><N who="1" m="50763" /><E35/><V12/><F39/><W82/><G82/><T114/><D114/><U80/><E80/><V85/><F85/><W105/><G105/><T44/><D69/><U60/><E26/><N who="3" m="9770" /><G33/><T104/><D101/><U83/><E83/><V48/><F42/><N who="1" m="15913" /><E62/><V81/><F48/><W98/><G54/><T11/><D55/><U50/><E50/><V97/><F100/><W109/><G109/><T22/><D49/><U20/><AGARI ba="3,0" hai="13,16,20,45,46,56,60,67" m="15913,50763" machi="20" ten="30,3000,0" yaku="20,1,54,1" doraHai="21" who="1" fromWho="1" sc="224,-13,395,39,174,-13,207,-13" /><INIT seed="1,4,0,4,4,45" ten="211,434,161,194" oya="1" hai0="112,65,119,18,59,98,70,2,35,23,113,64,108" hai1="109,101,121,128,93,122,17,72,5,50,94,76,69" hai2="8,19,117,104,24,7,66,4,0,39,75,103,92" hai3="120,22,78,127,83,82,46,11,41,110,51,6,71"/><U89/><E69/><V126/><F117/><W111/><G120/><T123/><D119/><U40/><E5/><V43/><F126/><W105/><G105/><T118/><D118/><U32/><E32/><V33/><F66/><W124/><G71/><T68/><D35/><U14/><E128/><V88/><F7/><W77/><G22/><T91/><D2/><U86/><E109/><N who="3" m="41482" /><G82/><T37/><D37/><U102/><E76/><N who="3" m="29290" /><G83/><T27/><D108/><U3/><E72/><V21/><F75/><W79/><N who="3" m="29298" /><W34/><DORA hai="58" /><G34/><T99/><D123/><U81/><E3/><AGARI ba="4,0" hai="3,6,11,41,46,51,124,127" m="29298,41482" machi="3" ten="40,2600,0" yaku="14,1,52,1" doraHai="45,58" who="3" fromWho="1" sc="211,0,434,-38,161,0,194,38" /><INIT seed="2,0,0,2,4,72" ten="211,396,161,232" oya="2" hai0="134,10,87,103,86,12,26,63,115,125,28,62,93" hai1="105,96,39,58,97,19,98,9,88,73,130,132,101" hai2="30,37,106,71,90,17,118,1,112,25,122,50,126" hai3="60,69,33,27,35,34,47,117,45,102,74,2,121"/><V81/><F112/><W111/><G117/><T32/><D115/><U89/><E39/><V113/><F118/><W41/><G121/><T131/><D125/><U42/><E42/><V133/><F113/><W57/><G2/><T100/><D134/><U75/><E58/><V124/><F37/><W83/><G69/><T22/><D32/><U116/><E19/><V16/><F122/><W36/><G111/><T129/><D129/><U77/><E9/><V0/><F106/><W56/><G102/><N who="0" m="38955" /><D131/><U55/><E55/><V95/><F71/><W94/><G94/><T11/><D11/><U79/><E98/><V123/><F123/><W119/><G35/><T44/><D44/><U43/><E43/><V54/><F133/><W48/><G47/><T49/><D49/><U13/><E101/><V40/><F40/><W51/><G34/><T104/><D104/><U18/><E18/><N who="2" m="7275" /><F81/><W114/><G114/><T85/><D93/><U78/><E105/><V68/><F68/><W24/><G119/><T29/><D29/><U135/><E75/><V65/><F65/><N who="3" m="39047" /><G33/><T8/><D8/><U15/><E73/><V53/><F1/><W4/><G36/><T80/><D80/><U3/><E3/><V52/><F0/><W23/><G83/><T67/><D67/><U107/><E107/><V92/><F50/><W127/><G74/><T20/><D20/><U31/><E130/><V59/><F59/><W120/><G120/><T21/><D21/><U6/><E116/><V84/><F95/><W70/><G70/><T38/><D38/><U108/><E132/><V64/><F64/><RYUUKYOKU ba="0,0" sc="211,15,396,-15,161,15,232,-15" hai0="10,12,22,26,28,62,63,85,86,87" hai2="25,30,52,53,54,84,90,92,124,126" /><INIT seed="2,1,0,4,0,19" ten="226,381,176,217" oya="2" hai0="100,49,106,54,123,131,101,130,129,114,76,70,102" hai1="132,134,37,95,25,50,8,3,6,68,128,88,11" hai2="78,94,16,105,135,7,13,124,31,104,79,92,89" hai3="73,15,97,39,18,86,47,64,90,69,1,96,9"/><V46/><F7/><W75/><G75/><T115/><D123/><U109/><E109/><V45/><F31/><W133/><G73/><T44/><D70/><U108/><E108/><V113/><F113/><N who="0" m="43018" /><D76/><N who="2" m="29226" /><F135/><N who="1" m="51753" /><E37/><V34/><F34/><W20/><G133/><T80/><D80/><U35/><E128/><V2/><F2/><W12/><G1/><T42/><D42/><U66/><E50/><V53/><F105/><AGARI ba="1,0" hai="44,49,54,100,101,102,105,106,129,130,131" m="43018" machi="105" ten="40,1300,0" yaku="19,1" doraHai="19" who="0" fromWho="2" sc="226,16,381,0,176,-16,217,0" /><INIT seed="3,0,0,5,3,123" ten="242,381,160,217" oya="3" hai0="44,16,61,72,86,111,10,120,58,88,24,12,15" hai1="11,26,116,19,6,51,60,47,0,117,121,53,94" hai2="101,34,45,91,110,55,105,5,89,56,80,21,23" hai3="67,17,112,135,22,57,118,27,97,125,74,65,103"/><W93/><G112/><T128/><D120/><U66/><E121/><V76/><F34/><W48/><G118/><T54/><D111/><U132/><E132/><V30/><F5/><W8/><G74/><T113/><D72/><U2/><E94/><V64/><F105/><W100/><G135/><T63/><D113/><U82/><E82/><V29/><F101/><W50/><G125/><T37/><D128/><U31/><E19/><V42/><F64/><W73/><G73/><T109/><D109/><U102/><E102/><V96/><F110/><W7/><G103/><T14/><D37/><U70/><REACH who="1" step="1"/><E0/><REACH who="1" ten="242,371,160,217" step="2"/><V78/><F80/><W36/><G93/><T98/><D16/><U126/><E126/><V130/><F130/><W69/><G17/><T25/><D15/><U3/><E3/><V114/><F114/><W18/><G18/><T79/><D14/><U75/><E75/><V99/><F42/><W131/><G100/><T104/><D12/><U49/><E49/><V28/><F28/><W46/><G48/><T1/><D1/><U71/><E71/><V107/><F107/><W119/><G69/><T84/><D104/><U4/><E4/><V62/><F62/><W129/><G7/><T9/><D61/><U90/><E90/><V122/><F122/><W20/><G131/><T108/><D63/><U106/><E106/><V92/><F92/><W32/><G50/><T85/><D108/><U43/><E43/><V33/><F33/><AGARI ba="0,1" hai="2,6,11,26,31,33,47,51,53,60,66,70,116,117" machi="33" ten="40,2600,0" yaku="1,1,53,1" doraHai="123" doraHaiUra="40" who="1" fromWho="2" sc="242,0,371,36,160,-26,217,0" owari="242,4.2,407,50.7,134,-36.6,217,-18.3" /></mjloggm>