<mjloggm ver="2.3"><GO type="225" lobby="0"/><UN n0="%E6%9A%87%E4%BA%BA%EF%BC%A0%E9%85%8D%E4%BF%A1%E5%9E%A2" n1="%E6%B0%B7%E5%B7%9D%E9%87%8C%E5%A5%88" n2="%E3%81%AA%E3%81%A1%30%39%32%37" n3="%E3%82%BC%E3%83%AB%E3%83%80%E3%81%AE%E4%BC%9D%E8%AA%AC" dan="17,16,16,17" rate="2170.04,2110.02,2111.92,2211.61" sx="F,F,M,M"/><TAIKYOKU oya="0"/><INIT seed="0,0,0,3,5,100" ten="250,250,250,250" oya="0" hai0="123,10,126,127,102,59,32,92,120,51,44,69,101" hai1="97,23,13,93,95,88,21,7,105,12,96,47,14" hai2="2,6,15,66,128,70,72,116,109,74,118,39,134" hai3="28,52,135,124,63,60,62,56,112,133,103,68,111"/><T17/><D69/><U117/><E117/><N who="2" m="45163" /><F15/><W80/><G28/><T24/><D59/><U5/><E47/><V25/><F109/><W8/><G80/><T37/><D37/><U26/><E105/><V81/><F39/><W84/><G84/><T1/><D32/><U41/><E41/><V91/><F91/><W40/><G8/><T46/><D92/><U94/><E26/><V16/><F134/><N who="3" m="51211" /><G103/><N who="0" m="39435" /><D24/><U49/><E49/><V3/><F128/><W22/><G22/><N who="1" m="8202" /><E88/><V36/><F36/><W43/><G111/><T61/><D61/><N who="3" m="23657" /><G124/><N who="0" m="47659" /><D46/><U130/><E130/><V86/><F70/><W122/><G112/><T73/><D73/><U42/><E42/><N who="3" m="15914" /><G68/><T31/><D31/><U65/><E65/><V115/><F66/><W55/><G122/><T98/><D98/><AGARI ba="0,0" hai="5,7,12,13,14,93,94,95,96,97,98" m="8202" machi="98" ten="40,5200,0" yaku="28,2,8,1" doraHai="100" who="1" fromWho="0" sc="250,-52,250,52,250,0,250,0" /><INIT seed="1,0,0,1,5,120" ten="198,302,250,250" oya="1" hai0="106,30,68,44,111,32,117,122,49,10,127,61,60" hai1="1,107,134,123,124,71,86,8,98,77,11,63,113" hai2="118,37,33,12,38,83,101,18,93,131,45,53,75" hai3="28,42,125,114,58,119,57,27,20,36,19,121,23"/><U50/><E113/><V135/><F118/><W13/><G121/><T41/><D122/><U105/><E123/><V54/><F33/><W64/><G114/><T87/><D117/><U35/><E35/><V3/><F3/><W0/><G119/><T115/><D115/><U9/><E1/><V100/><F131/><W47/><G0/><T15/><D106/><U99/><E124/><V103/><F135/><W17/><G125/><T40/><D127/><U72/><E72/><V132/><F132/><W6/><G6/><T80/><D41/><U70/><E134/><V31/><F31/><W67/><G58/><T26/><D68/><U79/><E9/><V104/><F93/><W97/><G57/><T91/><REACH who="0" step="1"/><D111/><REACH who="0" ten="188,302,250,250" step="2"/><U52/><E107/><V110/><F110/><W34/><REACH who="3" step="1"/><G97/><REACH who="3" ten="188,302,250,240" step="2"/><T48/><D48/><U95/><E50/><V84/><F38/><W76/><G76/><T74/><D74/><U2/><E70/><V133/><F75/><W89/><G89/><T69/><D69/><U73/><E71/><V130/><F133/><W62/><G62/><T46/><D46/><U128/><E73/><V39/><F45/><W78/><G78/><T108/><D108/><U43/><E63/><V5/><F39/><W126/><G126/><T92/><D92/><U24/><E95/><V16/><F37/><W55/><G55/><T102/><D102/><U56/><E52/><V4/><F101/><W7/><G7/><AGARI ba="0,2" hai="7,10,15,26,30,32,40,44,49,60,61,80,87,91" machi="7" ten="30,3900,0" yaku="1,1,7,1,53,1" doraHai="120" doraHaiUra="25" who="0" fromWho="3" sc="188,59,302,0,250,0,240,-39" /><INIT seed="2,0,0,3,3,104" ten="247,302,250,201" oya="2" hai0="56,58,62,52,63,0,105,107,85,16,13,38,122" hai1="37,108,134,20,9,8,55,61,75,68,54,80,50" hai2="53,135,93,64,115,4,95,34,59,90,69,131,18" hai3="40,19,67,73,102,3,120,28,70,14,117,46,100"/><V118/><F115/><W88/><G117/><T21/><D122/><U132/><E37/><V77/><F118/><W57/><G120/><T97/><D38/><U6/><E108/><V96/><F34/><W32/><G3/><T60/><D0/><U43/><E43/><V36/><F36/><W113/><G70/><T65/><D97/><U29/><E29/><V15/><F135/><N who="1" m="51753" /><E20/><V109/><F131/><W71/><G71/><T129/><D129/><U110/><E110/><V1/><F77/><W17/><G113/><T25/><D85/><U33/><E33/><V106/><F106/><W66/><G73/><T51/><D62/><U27/><E27/><V35/><F35/><W126/><G126/><T39/><D39/><U49/><E9/><V114/><F114/><W119/><G119/><T72/><D72/><U78/><E50/><V94/><F4/><W133/><G133/><T41/><REACH who="0" step="1"/><D25/><REACH who="0" ten="237,302,250,201" step="2"/><U124/><E124/><V10/><F1/><W31/><G102/><T83/><D83/><U123/><E123/><V103/><F103/><W81/><G100/><T87/><D87/><U112/><E112/><V76/><F109/><W130/><G81/><T82/><D82/><U11/><E61/><N who="2" m="36079" /><F76/><W24/><G130/><T84/><D84/><U5/><E80/><V86/><F86/><W99/><G99/><T128/><D128/><U125/><E125/><V47/><F96/><W98/><G98/><T89/><D89/><U101/><E101/><V23/><F90/><W30/><G88/><T7/><D7/><U92/><E78/><V91/><F91/><W74/><G74/><RYUUKYOKU ba="0,1" sc="237,30,302,-10,250,-10,201,-10" hai0="13,16,21,41,51,52,56,58,60,63,65,105,107" /><INIT seed="3,1,1,2,1,134" ten="267,292,240,191" oya="3" hai0="92,57,28,14,43,23,65,53,51,31,30,123,32" hai1="71,110,63,87,13,124,7,113,44,133,2,127,90" hai2="55,60,122,11,37,21,119,29,109,27,41,76,40" hai3="56,74,33,70,26,118,100,45,16,72,86,96,50"/><W67/><G118/><T77/><D123/><U82/><E113/><V83/><F119/><W126/><G86/><T89/><D32/><U98/><E2/><V73/><F109/><W42/><G56/><T111/><D111/><U25/><E110/><V54/><F122/><W128/><G128/><T6/><D77/><U104/><E133/><V61/><F37/><W85/><G85/><N who="0" m="52271" /><D43/><U59/><E44/><V66/><F11/><W22/><G33/><T36/><D36/><U106/><E25/><V20/><F20/><W47/><G126/><N who="1" m="48170" /><E98/><V80/><F27/><W17/><G17/><N who="0" m="10679" /><D6/><U81/><E82/><V9/><F83/><W112/><G112/><T99/><D99/><U48/><E48/><V0/><F80/><W24/><G24/><T75/><D75/><U10/><E71/><V105/><F73/><W79/><G47/><T49/><D49/><U68/><E68/><V102/><F0/><W116/><G116/><T34/><D34/><U95/><E81/><V120/><F120/><W8/><G79/><T131/><D131/><U88/><E90/><V52/><F76/><W94/><REACH who="3" step="1"/><G8/><REACH who="3" ten="267,292,240,181" step="2"/><T107/><D57/><U121/><E121/><V132/><F9/><W91/><G91/><T4/><D31/><U62/><E62/><AGARI ba="1,2" hai="16,22,26,42,45,50,62,67,70,72,74,94,96,100" machi="62" ten="40,3900,0" yaku="1,1,54,1,53,0" doraHai="134" doraHaiUra="1" who="3" fromWho="1" sc="267,0,292,-42,240,0,181,62" /><INIT seed="3,2,0,2,4,125" ten="267,250,240,243" oya="3" hai0="51,49,52,11,23,71,59,20,6,109,120,12,67" hai1="104,118,26,99,81,111,72,126,58,48,53,14,25" hai2="8,105,29,100,35,57,46,107,41,90,117,0,135" hai3="98,5,112,96,124,27,31,69,123,79,75,44,113"/><W115/><G123/><T66/><D120/><U24/><E111/><V42/><F117/><W9/><G124/><T114/><D109/><U32/><E126/><V19/><F135/><W4/><G69/><T97/><D114/><U45/><E118/><V10/><F90/><W3/><G5/><T7/><D7/><U119/><E119/><V130/><F57/><W36/><G27/><T68/><D68/><U60/><E32/><V88/><F88/><W21/><G21/><T134/><D134/><U33/><E33/><V28/><F35/><W95/><G31/><T101/><D51/><U106/><E14/><V15/><F46/><W70/><G70/><T132/><D132/><U38/><E38/><V102/><F15/><W121/><G95/><T63/><REACH who="0" step="1"/><D67/><REACH who="0" ten="257,250,240,243" step="2"/><U133/><E133/><V37/><F0/><W110/><G110/><T84/><D84/><U128/><E128/><V87/><F87/><W91/><G121/><T80/><D80/><U93/><E81/><V65/><F65/><W82/><G91/><T50/><D50/><U18/><E72/><V131/><F19/><W55/><G55/><T22/><D22/><U76/><E18/><V62/><F62/><W54/><G54/><T78/><D78/><U92/><E76/><V83/><F83/><W86/><G86/><T13/><D13/><U17/><E17/><V30/><F30/><W77/><G79/><T122/><D122/><U47/><E48/><V74/><F74/><W108/><G108/><T16/><D16/><U64/><E64/><V89/><F89/><W85/><G85/><T94/><AGARI ba="2,1" hai="6,11,12,20,23,49,52,59,63,66,71,94,97,101" machi="94" ten="20,8000,1" yaku="1,1,5,1,0,1,7,1,54,1,53,0" doraHai="125" doraHaiUra="73" who="0" fromWho="0" sc="257,96,250,-22,240,-22,243,-42" owari="353,45.3,228,2.8,218,-18.2,201,-29.9" /></mjloggm>