<mjloggm ver="2.3"><GO type="225" lobby="0"/><UN n0="%E3%82%A2%E3%83%A1%E3%82%A2%E3%83%A9%E3%83%AC" n1="%E3%81%BF%E3%81%BF%E3%81%9A" n2="%E3%81%95%E3%81%8D%E3%81%9F%E3%81%BE%E6%9E%97%E6%AA%8E" n3="%E6%A1%9C%E8%8A%B1%E9%96%83%E3%80%85" dan="16,18,16,16" rate="2120.22,2251.85,2082.90,2218.32" sx="M,M,M,M"/><TAIKYOKU oya="0"/><INIT seed="0,0,0,2,3,75" ten="250,250,250,250" oya="0" hai0="129,25,52,44,1,107,42,9,20,82,134,13,77" hai1="73,67,12,87,91,22,40,56,54,26,0,15,85" hai2="103,127,5,51,97,114,72,117,70,61,105,130,53" hai3="69,18,86,90,33,125,124,95,59,101,92,24,6"/><T19/><D134/><U23/><E0/><V57/><F114/><W98/><G69/><T126/><D126/><N who="3" m="48745" /><G6/><T135/><D135/><U35/><E73/><V29/><F127/><W3/><G3/><T27/><D129/><U110/><E35/><V100/><F130/><W14/><G59/><T120/><D120/><U99/><E110/><V128/><F128/><W21/><G33/><T58/><D107/><U84/><E40/><V31/><F117/><W39/><G39/><T76/><D1/><U123/><E67/><V65/><F5/><W89/><G89/><T2/><D2/><U93/><E123/><V32/><F72/><W45/><G45/><T36/><D82/><U111/><E111/><V38/><F103/><W108/><G108/><T102/><D102/><U109/><E109/><V47/><REACH who="2" step="1"/><F32/><REACH who="2" ten="250,250,240,250" step="2"/><W131/><G131/><T10/><D10/><U94/><E22/><V96/><F96/><N who="3" m="59551" /><G14/><T41/><D27/><U50/><REACH who="1" step="1"/><E94/><REACH who="1" ten="250,240,240,250" step="2"/><V17/><F17/><AGARI ba="0,2" hai="12,15,17,23,26,50,54,56,84,85,87,91,93,99" machi="17" ten="40,5200,0" yaku="1,1,2,1,8,1,53,0" doraHai="75" doraHaiUra="113" who="1" fromWho="2" sc="250,0,240,72,240,-52,250,0" /><INIT seed="1,0,0,3,5,35" ten="250,312,188,250" oya="1" hai0="87,100,44,18,127,79,120,70,20,75,128,3,39" hai1="55,6,93,24,19,134,99,54,86,80,22,71,36" hai2="21,101,45,78,84,49,8,52,12,131,135,48,51" hai3="123,65,108,110,124,50,29,31,32,69,82,115,42"/><U38/><E71/><V126/><F126/><W43/><G123/><T106/><D127/><U57/><E134/><V58/><F135/><W103/><G124/><T28/><D70/><U85/><E55/><V11/><F131/><W74/><G103/><T62/><D128/><U1/><E86/><V27/><F101/><W91/><G115/><T60/><D28/><N who="3" m="10825" /><G32/><T117/><D117/><U14/><E1/><V10/><F12/><W34/><G34/><T59/><D3/><U40/><E40/><V119/><F119/><W33/><G50/><T23/><D75/><U96/><E6/><V90/><F78/><N who="3" m="44375" /><G91/><T56/><D100/><U132/><E132/><V95/><REACH who="2" step="1"/><F45/><REACH who="2" ten="250,312,178,250" step="2"/><W94/><G108/><T63/><D44/><U9/><E14/><V111/><F111/><W109/><G110/><T89/><D120/><U125/><E125/><V26/><F26/><W61/><G109/><T30/><D106/><U113/><E24/><V102/><F102/><W83/><G33/><T73/><D79/><U5/><E113/><V7/><F7/><W53/><G42/><T116/><D116/><U76/><E5/><V105/><F105/><W98/><G43/><T15/><D15/><U92/><E76/><V2/><F2/><W121/><G121/><T118/><D118/><U41/><E41/><V107/><F107/><W81/><G53/><T67/><D89/><U13/><E54/><V97/><F97/><W25/><G25/><T4/><D4/><N who="1" m="3239" /><E99/><V46/><F46/><W112/><G112/><T0/><D0/><U130/><E96/><V17/><AGARI ba="0,1" hai="8,10,11,17,21,27,48,49,51,52,58,84,90,95" machi="17" ten="30,7900,0" yaku="1,1,0,1,8,1,54,1,53,0" doraHai="35" doraHaiUra="64" who="2" fromWho="2" sc="250,-20,312,-39,178,89,250,-20" /><INIT seed="2,0,0,0,1,133" ten="230,273,267,230" oya="2" hai0="5,111,69,88,37,89,0,43,4,49,99,115,12" hai1="104,68,135,41,22,8,48,47,60,118,90,53,67" hai2="120,113,100,16,78,51,94,32,76,131,3,117,66" hai3="116,50,44,101,14,95,77,87,45,124,1,33,83"/><V121/><F117/><W102/><G116/><T20/><D111/><U123/><E104/><V73/><F113/><W30/><G1/><T57/><D115/><U65/><E118/><V97/><F3/><W21/><G33/><T108/><D108/><U38/><E135/><V91/><F32/><W58/><G58/><T52/><D69/><U36/><E123/><V10/><F131/><W26/><G124/><T28/><D0/><U84/><E8/><V79/><F66/><W75/><G75/><T134/><D134/><U107/><E107/><N who="2" m="63887" /><F51/><W6/><G95/><N who="0" m="56807" /><D37/><U19/><E67/><V13/><F121/><W27/><G27/><N who="0" m="16487" /><D43/><U72/><E72/><V17/><F17/><W9/><REACH who="3" step="1"/><G44/><REACH who="3" ten="230,273,267,220" step="2"/><T85/><D12/><U109/><E109/><V42/><F120/><W128/><G128/><T80/><AGARI ba="0,1" hai="4,5,49,52,57,80,85,89" m="16487,56807" machi="80" ten="30,4000,0" yaku="8,1,54,2" doraHai="133" who="0" fromWho="0" sc="230,50,273,-10,267,-20,220,-10" /><INIT seed="3,0,0,4,1,3" ten="280,263,247,210" oya="3" hai0="43,79,134,71,57,37,133,95,70,15,106,74,113" hai1="80,81,1,94,131,103,21,34,2,91,64,97,120" hai2="38,123,87,135,132,31,68,89,0,48,100,53,83" hai3="128,17,72,20,96,16,6,49,117,14,8,36,104"/><W84/><G117/><T46/><D106/><U7/><E34/><V109/><F38/><W12/><G72/><T9/><D113/><U92/><E120/><V93/><F123/><W50/><G128/><T114/><D114/><U112/><E112/><V13/><F0/><W22/><G36/><T47/><D47/><U118/><E1/><V76/><F68/><W11/><G84/><T126/><D126/><U54/><E64/><V40/><F40/><W10/><REACH who="3" step="1"/><G6/><REACH who="3" ten="280,263,247,200" step="2"/><T90/><D74/><U63/><E7/><V61/><F87/><W56/><G56/><T67/><D57/><N who="1" m="35255" /><E131/><V32/><F135/><W55/><G55/><T65/><D133/><U4/><E4/><V69/><F53/><W59/><G59/><T77/><D134/><U52/><E118/><V39/><F132/><W116/><G116/><T105/><D71/><U5/><E5/><V51/><F69/><W44/><G44/><T82/><D70/><U86/><E2/><V60/><F39/><W33/><G33/><T102/><D46/><U122/><E122/><V23/><F32/><W111/><G111/><T26/><D37/><U28/><E52/><V98/><F109/><W75/><G75/><T19/><D67/><U66/><E66/><V42/><F42/><W27/><G27/><AGARI ba="0,1" hai="21,27,28,80,81,86,91,92,94,97,103" m="35255" machi="27" ten="30,1000,0" yaku="8,1" doraHai="3" who="1" fromWho="3" sc="280,0,263,20,247,0,200,-10" /><INIT seed="4,0,0,0,3,90" ten="280,283,247,190" oya="0" hai0="99,41,31,38,131,44,51,127,100,107,76,61,8" hai1="87,97,14,113,130,17,105,60,93,55,134,118,109" hai2="75,39,24,129,73,121,77,119,47,10,91,43,65" hai3="54,9,36,46,115,21,49,83,5,4,110,29,32"/><T23/><D131/><U40/><E109/><V125/><F121/><W123/><G110/><T45/><D127/><U71/><E118/><V50/><F129/><W20/><G123/><T72/><D61/><U67/><E40/><V84/><F125/><W28/><G115/><T35/><D35/><U58/><E130/><V74/><F119/><W37/><G32/><T111/><D8/><U16/><E134/><V62/><F39/><W126/><G126/><T68/><D68/><U101/><E113/><V80/><F24/><W86/><G37/><T95/><D107/><U79/><E14/><V59/><REACH who="2" step="1"/><F10/><REACH who="2" ten="280,283,237,190" step="2"/><W12/><G36/><T64/><D38/><U42/><E42/><V69/><F69/><W53/><G5/><T117/><D41/><U122/><E122/><V1/><F1/><W114/><G114/><T18/><D117/><U6/><E6/><V128/><F128/><W96/><G53/><T25/><D25/><U52/><E55/><V57/><F57/><W135/><G135/><T85/><D111/><U3/><E3/><V81/><AGARI ba="0,1" hai="43,47,50,59,62,65,73,74,75,77,80,81,84,91" machi="81" ten="20,2700,0" yaku="1,1,0,1,7,1,53,0" doraHai="90" doraHaiUra="103" who="2" fromWho="2" sc="280,-13,283,-7,237,37,190,-7" /><INIT seed="5,0,0,1,0,22" ten="267,276,274,183" oya="1" hai0="72,29,102,134,118,122,42,4,24,126,52,7,116" hai1="56,26,123,25,127,99,119,98,113,54,114,82,43" hai2="9,15,61,120,84,58,6,53,74,117,92,63,108" hai3="3,65,41,47,34,5,64,90,103,75,133,14,33"/><U67/><E119/><V135/><F108/><W111/><G111/><T66/><D72/><U112/><E123/><V1/><F120/><W124/><G124/><T71/><D122/><U89/><E127/><V62/><F117/><W19/><G103/><T46/><D126/><U18/><E67/><V51/><F74/><W78/><G133/><T2/><D134/><U49/><E43/><V95/><F135/><W36/><G90/><T44/><D102/><U132/><E132/><V55/><F1/><W96/><G96/><N who="1" m="36906" /><E18/><V107/><F107/><W130/><G130/><T94/><D94/><U27/><E82/><V50/><REACH who="2" step="1"/><F84/><REACH who="2" ten="267,276,264,183" step="2"/><W13/><G34/><T115/><D2/><U93/><E25/><V80/><F80/><N who="3" m="45151" /><G33/><T12/><D116/><U76/><E76/><V73/><F73/><W11/><G14/><T37/><D118/><U16/><E16/><V110/><F110/><W91/><G91/><T69/><D12/><U20/><E20/><AGARI ba="0,1" hai="3,5,11,13,19,20,36,41,47,64,65" m="45151" machi="20" ten="30,1000,0" yaku="25,1" doraHai="22" who="3" fromWho="1" sc="267,0,276,-10,264,0,183,20" /><INIT seed="6,0,0,2,4,72" ten="267,266,264,203" oya="2" hai0="9,30,65,51,45,134,24,75,110,17,54,91,95" hai1="39,107,108,82,79,44,53,14,74,117,88,43,4" hai2="41,13,122,10,101,22,94,92,59,15,114,111,124" hai3="128,1,7,19,68,6,21,48,106,133,129,98,125"/><V32/><F122/><W120/><G68/><T27/><D110/><U49/><E108/><V99/><F111/><W127/><G48/><T70/><D134/><U93/><E107/><V47/><F32/><W69/><G69/><T20/><D75/><U18/><E4/><N who="3" m="1578" /><G98/><T64/><D70/><U86/><E117/><V90/><F114/><W33/><G106/><T132/><D132/><U37/><E43/><V118/><F118/><W26/><G133/><T78/><D78/><U89/><E89/><V87/><F124/><N who="3" m="47691" /><G120/><T116/><D116/><U2/><E2/><V40/><F59/><W67/><G67/><T31/><D9/><AGARI ba="0,0" hai="9,14,18,37,39,44,49,53,74,79,82,86,88,93" machi="9" ten="30,3900,0" yaku="7,1,52,1,54,1" doraHai="72" who="1" fromWho="0" sc="267,-39,266,39,264,0,203,0" owari="228,-17.2,305,40.5,264,6.4,203,-29.7" /></mjloggm>