<mjloggm ver="2.3"><GO type="225" lobby="0"/><UN n0="%E8%B7%AF%E9%9C%B8" n1="%E3%81%B7%E3%82%8A%E3%82%93%E8%81%96%E4%BA%BA" n2="%E9%80%9F%E6%B0%B4%E5%87%9B%E9%A6%99" n3="%4D%50%43%32%38%30%30" dan="17,16,16,16" rate="2185.49,2152.21,2056.51,2181.86" sx="M,M,F,M"/><TAIKYOKU oya="0"/><INIT seed="0,0,0,3,5,31" ten="250,250,250,250" oya="0" hai0="11,125,41,32,128,98,135,81,71,59,121,96,114" hai1="100,35,93,56,78,27,14,22,127,43,83,79,23" hai2="90,55,77,25,133,60,104,7,107,58,113,99,117" hai3="40,89,65,84,61,36,64,66,132,63,16,122,34"/><T70/><D121/><U38/><E127/><V120/><F113/><W92/><G122/><T51/><D125/><U33/><E38/><V13/><F120/><W17/><G132/><T62/><D114/><U106/><E43/><V82/><F133/><W118/><G118/><T54/><D135/><U87/><E79/><V19/><F117/><W80/><G34/><T9/><D128/><U1/><E1/><V5/><F107/><W48/><G36/><T110/><D32/><U72/><E14/><V47/><F47/><N who="3" m="25703" /><G92/><T101/><D110/><U131/><E23/><V20/><F13/><W18/><AGARI ba="0,0" hai="16,17,18,61,63,64,65,66,80,84,89" m="25703" machi="18" ten="30,2000,0" yaku="8,1,54,1" doraHai="31" who="3" fromWho="3" sc="250,-10,250,-5,250,-5,250,20" /><INIT seed="1,0,0,1,2,30" ten="240,245,245,270" oya="1" hai0="36,13,2,27,114,65,17,34,50,67,94,48,75" hai1="54,77,120,55,7,119,47,0,46,92,63,22,78" hai2="14,134,37,33,82,26,19,45,105,81,113,12,132" hai3="8,51,69,57,83,72,124,32,41,125,79,4,76"/><U9/><E119/><V11/><F105/><W18/><G69/><T74/><D2/><U91/><E120/><V39/><F113/><W58/><G79/><T3/><D3/><U86/><E54/><V104/><F104/><W15/><G18/><T93/><D36/><U71/><E47/><V42/><F39/><W89/><G89/><T35/><D114/><U16/><E71/><V110/><F110/><W131/><G131/><T5/><D17/><U122/><E122/><V106/><F106/><W38/><G38/><T44/><D27/><U68/><E46/><V96/><F96/><W123/><G123/><T112/><D44/><U126/><E126/><N who="3" m="48746" /><G41/><T84/><D112/><U6/><E7/><V109/><F109/><W102/><G102/><T117/><D84/><U90/><E90/><V21/><F14/><W31/><G51/><T127/><D127/><U133/><E133/><N who="2" m="51307" /><F11/><W20/><G20/><T107/><D107/><U98/><E86/><V130/><F130/><W61/><G61/><T129/><D13/><U28/><E28/><AGARI ba="0,0" hai="12,19,21,26,28,33,37,42,45,81,82" m="51307" machi="28" ten="30,2000,0" yaku="20,1,52,1" doraHai="30" who="2" fromWho="1" sc="240,0,245,-20,245,20,270,0" /><INIT seed="2,0,0,4,1,89" ten="240,225,265,270" oya="2" hai0="1,115,72,0,76,9,46,134,2,7,97,56,133" hai1="96,92,44,14,32,106,65,62,36,116,31,54,81" hai2="128,47,109,112,117,75,132,11,105,24,68,16,34" hai3="4,71,18,86,73,61,28,129,41,85,118,60,70"/><V53/><RYUUKYOKU type="yao9" ba="0,0" sc="240,0,225,0,265,0,270,0" hai2="11,16,24,34,47,53,68,75,105,109,112,117,128,132" /><INIT seed="2,1,0,1,1,67" ten="240,225,265,270" oya="2" hai0="47,10,11,113,104,117,38,122,125,60,50,42,108" hai1="3,88,51,91,35,6,53,36,5,40,66,68,97" hai2="87,74,76,95,55,107,130,30,26,132,25,92,126" hai3="84,83,69,114,21,73,46,61,19,105,131,24,135"/><V71/><F107/><W110/><G105/><T102/><D122/><U129/><E35/><V23/><F74/><W127/><G110/><T57/><D113/><U121/><E129/><V81/><F130/><W98/><G131/><T89/><D108/><U63/><E121/><V45/><F132/><W44/><G135/><T103/><D125/><U7/><E3/><V70/><F126/><W4/><G127/><T31/><D117/><U17/><E17/><V82/><F82/><W80/><G98/><T109/><D109/><U22/><E22/><V59/><F45/><W134/><G134/><T49/><D31/><U43/><E97/><V0/><F0/><W118/><G118/><T120/><D120/><U119/><E119/><V93/><REACH who="2" step="1"/><F26/><REACH who="2" ten="240,225,255,270" step="2"/><W65/><G80/><T112/><D104/><U54/><E40/><V16/><F16/><W62/><G73/><T2/><D112/><U101/><E36/><V27/><F27/><W99/><G114/><T18/><D18/><U9/><E43/><V86/><F86/><W39/><G39/><T64/><D2/><U33/><E6/><V75/><F75/><W13/><G4/><T128/><D128/><U133/><E5/><V32/><F32/><W1/><G1/><T78/><D38/><U41/><E41/><V48/><AGARI ba="1,1" hai="23,25,30,48,55,59,70,71,76,81,87,92,93,95" machi="48" ten="30,11700,0" yaku="1,1,0,1,52,2,53,0" doraHai="67" doraHaiUra="37" who="2" fromWho="2" sc="240,-40,225,-40,255,130,270,-40" /><INIT seed="2,2,0,3,0,122" ten="200,185,385,230" oya="2" hai0="132,95,46,47,44,68,108,58,127,110,43,104,91" hai1="11,12,84,92,6,0,114,16,82,39,55,128,117" hai2="4,29,64,107,72,112,77,120,121,61,105,103,5" hai3="9,45,73,100,33,69,8,24,38,48,34,66,52"/><V98/><F112/><W75/><G38/><T32/><D104/><U36/><E114/><V102/><F29/><W115/><G115/><T129/><D68/><U101/><E117/><V25/><F25/><W126/><G126/><T20/><D127/><U88/><E128/><V124/><F124/><W106/><G34/><T80/><D32/><U22/><E101/><V130/><F130/><W63/><G9/><T81/><D129/><U85/><REACH who="1" step="1"/><E55/><REACH who="1" ten="200,175,385,230" step="2"/><V50/><F103/><W131/><G131/><T30/><D132/><U54/><E54/><V90/><F102/><W89/><G100/><T135/><D135/><U65/><E65/><V118/><F64/><W15/><G106/><T71/><D71/><U3/><E3/><V49/><F107/><W99/><G66/><T133/><D133/><U86/><E86/><V27/><F105/><W94/><G69/><T60/><D43/><U111/><E111/><V10/><F118/><W21/><G75/><T57/><D110/><U17/><E17/><V35/><F121/><W51/><G73/><T70/><D108/><U41/><E41/><V96/><F120/><W31/><G52/><N who="0" m="33831" /><D70/><U74/><E74/><V19/><F72/><W109/><G109/><T18/><D30/><U13/><E13/><V2/><F2/><W76/><G15/><N who="0" m="9311" /><D58/><U79/><AGARI ba="2,1" hai="0,6,11,12,16,22,36,39,79,82,84,85,88,92" machi="79" ten="20,8000,1" yaku="1,1,0,1,7,1,54,2,53,0" doraHai="122" doraHaiUra="119" who="1" fromWho="1" sc="200,-22,175,96,385,-42,230,-22" /><INIT seed="3,0,0,3,0,68" ten="178,271,343,208" oya="3" hai0="128,34,123,114,104,89,24,135,95,83,52,11,125" hai1="9,96,62,133,116,40,31,49,38,14,55,39,51" hai2="81,86,100,33,102,16,60,15,2,18,94,35,29" hai3="58,109,5,122,88,17,77,69,65,22,101,93,108"/><W119/><G119/><T66/><D123/><U76/><E76/><V46/><F2/><W12/><G122/><T132/><D104/><U113/><E113/><V37/><F29/><W82/><G101/><T126/><D114/><U56/><E31/><V110/><F110/><N who="3" m="42603" /><G5/><T28/><D66/><U45/><E116/><V84/><F84/><N who="3" m="52359" /><G58/><T117/><D117/><U107/><E133/><N who="0" m="51273" /><D83/><U6/><E51/><V4/><F4/><W27/><G65/><T7/><D52/><U19/><E107/><V48/><F102/><W3/><G3/><N who="0" m="511" /><D89/><U63/><E63/><V41/><F100/><W85/><G69/><T120/><D95/><U44/><E96/><V70/><F94/><W78/><G78/><T87/><D120/><U32/><E45/><V79/><F70/><W130/><G130/><T74/><D87/><U80/><E80/><V54/><F86/><W61/><G61/><T67/><D67/><U64/><E32/><V106/><F60/><W57/><G57/><T8/><D74/><U26/><E64/><V121/><F79/><W124/><G124/><N who="0" m="47723" /><D128/><U23/><AGARI ba="0,0" hai="6,9,14,19,23,26,38,39,40,44,49,55,56,62" machi="23" ten="30,4000,0" yaku="0,1,52,2" doraHai="68" who="1" fromWho="1" sc="178,-10,271,40,343,-10,208,-20" owari="168,-33.2,311,11.1,333,43.3,188,-21.2" /></mjloggm>