<mjloggm ver="2.3"><GO type="225" lobby="0"/><UN n0="%E3%81%B8%E3%82%80%E3%81%B8%E3%82%80%EF%BC%92%E5%8F%B7" n1="%6A%70%74%77%61%32" n2="%61%69%73%79%6F" n3="%E8%A8%88%E7%AE%97%E6%A9%9F%E8%87%AA%E7%84%B6" dan="17,16,17,17" rate="2137.37,2042.15,2170.34,2248.71" sx="M,M,M,M"/><TAIKYOKU oya="0"/><INIT seed="0,0,0,2,2,131" ten="250,250,250,250" oya="0" hai0="61,43,124,32,62,60,1,28,120,117,20,10,114" hai1="87,89,107,11,86,133,42,98,59,7,129,22,21" hai2="102,14,29,84,31,6,8,66,135,67,113,3,132" hai3="78,30,103,110,71,112,82,37,33,35,81,40,127"/><T121/><D114/><U50/><E129/><V75/><F75/><N who="3" m="43231" /><G82/><T116/><D124/><U115/><E115/><V25/><F113/><W9/><G112/><T134/><D43/><U94/><E107/><V79/><F102/><W125/><G110/><T34/><D20/><U96/><E96/><V72/><F72/><W119/><G119/><T55/><D55/><U36/><E36/><V105/><F105/><W26/><G103/><T76/><D76/><U65/><E65/><V64/><F79/><W38/><G71/><T2/><D62/><U4/><E4/><V74/><F84/><W85/><G85/><T104/><D104/><U111/><E111/><V49/><F74/><W83/><G83/><T73/><D73/><U44/><E59/><V123/><F123/><W118/><G118/><T91/><D28/><U126/><E126/><N who="3" m="48138" /><G40/><T63/><D63/><U52/><E42/><V99/><F99/><W101/><G101/><T53/><D53/><U5/><E87/><V109/><F109/><W69/><G69/><T24/><D24/><U56/><E86/><V17/><F49/><W68/><G68/><T15/><D91/><U13/><E56/><V46/><F29/><N who="3" m="19639" /><G9/><T45/><D10/><U54/><E11/><V16/><F46/><W93/><G93/><T92/><D92/><U47/><E47/><V128/><F128/><W130/><G130/><T90/><D45/><U18/><E44/><V51/><F51/><W0/><G0/><T108/><D108/><U27/><E50/><V19/><F3/><W39/><G39/><T77/><D1/><U97/><E94/><RYUUKYOKU ba="0,0" sc="250,-15,250,-15,250,15,250,15" hai2="6,8,14,16,17,19,25,31,64,66,67,132,135" hai3="30,35,37,38" /><INIT seed="1,1,0,2,0,78" ten="235,235,265,265" oya="1" hai0="68,19,113,2,115,105,111,9,58,76,11,43,12" hai1="50,45,129,56,88,135,118,4,20,91,39,104,72" hai2="120,48,101,65,102,117,47,85,42,80,23,57,96" hai3="53,92,61,5,24,94,60,40,71,133,83,128,126"/><U114/><E114/><V130/><F130/><W98/><G128/><T8/><D68/><U95/><E118/><V79/><F117/><W25/><G126/><T28/><D105/><U84/><E129/><V99/><F120/><W106/><G133/><T69/><D69/><U93/><E135/><V67/><F57/><W6/><G40/><T108/><D43/><U89/><E104/><V124/><F124/><W31/><G106/><T74/><D58/><U107/><E107/><V10/><F10/><N who="0" m="4202" /><D76/><U29/><E72/><V134/><F134/><W64/><G92/><T36/><D36/><U15/><E39/><V38/><F23/><W22/><G53/><T37/><D37/><U55/><E4/><V49/><F49/><W1/><G60/><T97/><D97/><N who="2" m="37450" /><F38/><W14/><G1/><T66/><D66/><AGARI ba="1,0" hai="42,47,48,65,66,67,79,80,85,101,102" m="37450" machi="66" ten="30,2000,0" yaku="8,1,52,1" doraHai="78" who="2" fromWho="0" sc="235,-23,235,0,265,23,265,0" /><INIT seed="2,0,0,4,2,15" ten="212,235,288,265" oya="2" hai0="118,75,45,111,133,46,42,40,38,19,90,9,28" hai1="78,103,31,121,96,49,79,99,105,67,83,29,44" hai2="101,37,32,107,71,66,130,69,122,119,92,54,36" hai3="93,115,128,1,65,94,57,109,5,51,27,24,52"/><V25/><F119/><W80/><G109/><T26/><D111/><U73/><E121/><V20/><F122/><W64/><G128/><T82/><D118/><U53/><E67/><N who="3" m="25674" /><G1/><T48/><D133/><U72/><REACH who="1" step="1"/><E96/><REACH who="1" ten="212,225,288,265" step="2"/><N who="2" m="59527" /><F66/><W124/><G115/><T47/><D47/><U70/><E70/><V104/><F71/><W76/><G124/><T8/><D75/><U13/><E13/><V87/><F69/><W39/><G57/><T102/><D102/><U132/><E132/><V114/><F114/><W77/><G24/><T30/><D26/><U34/><E34/><V108/><F32/><W10/><G27/><T2/><D2/><U61/><E61/><V84/><F108/><W12/><G12/><T59/><D59/><U3/><E3/><V117/><F117/><W56/><G56/><T7/><D46/><U123/><E123/><V131/><F131/><W55/><G55/><T95/><D45/><U41/><E41/><V4/><F54/><W23/><G52/><T0/><D42/><U88/><E88/><V17/><F130/><W68/><G68/><T21/><D40/><U85/><E85/><V60/><F60/><W97/><G97/><T89/><D89/><U16/><E16/><V126/><F126/><W81/><G76/><T6/><D90/><U129/><E129/><V86/><F4/><W98/><G5/><T18/><D6/><U127/><E127/><V134/><F134/><W74/><G98/><T58/><D7/><U110/><E110/><V106/><F17/><W22/><G74/><T135/><D18/><U62/><E62/><V112/><F112/><RYUUKYOKU ba="0,1" sc="212,-15,225,15,288,15,265,-15" hai1="29,31,44,49,53,72,73,78,79,83,99,103,105" hai2="20,25,36,37,84,86,87,104,106,107" /><INIT seed="2,1,1,1,5,71" ten="197,240,303,250" oya="2" hai0="120,129,102,104,48,57,115,92,42,72,112,31,132" hai1="89,25,46,75,13,34,12,80,69,23,67,131,43" hai2="2,22,113,9,76,14,21,58,52,3,123,68,79" hai3="30,96,1,87,118,28,65,27,20,60,134,17,74"/><V53/><F68/><W99/><G74/><T135/><D31/><U62/><E131/><V121/><F113/><N who="0" m="43594" /><D57/><U70/><E34/><V26/><F58/><N who="3" m="37015" /><G118/><T88/><D48/><U107/><E107/><V61/><F14/><W55/><G134/><N who="0" m="51243" /><D42/><U51/><E69/><V127/><F127/><W78/><G1/><T114/><N who="0" m="43602" /><T91/><DORA hai="45" /><D129/><U49/><E49/><V32/><F9/><W73/><G55/><T105/><D120/><U15/><E89/><N who="0" m="34377" /><D72/><U18/><E75/><V59/><F59/><W109/><G73/><T77/><D77/><U19/><REACH who="1" step="1"/><E80/><REACH who="1" ten="197,230,303,250" step="2"/><V83/><F83/><W63/><G78/><T124/><D124/><U128/><E128/><V84/><F32/><W130/><G130/><T16/><D16/><AGARI ba="1,2" hai="12,13,15,16,18,19,23,25,43,46,51,62,67,70" machi="16" ten="40,5200,0" yaku="1,1,52,1,54,1,53,0" doraHai="71,45" doraHaiUra="111,35" who="1" fromWho="0" sc="197,-55,230,75,303,0,250,0" /><INIT seed="3,0,0,2,2,46" ten="142,305,303,250" oya="3" hai0="22,17,52,92,2,4,84,68,88,55,62,131,15" hai1="82,128,33,76,64,7,115,90,3,47,93,18,66" hai2="38,59,107,48,95,30,41,8,45,37,43,104,73" hai3="80,39,60,6,14,36,29,61,83,75,78,72,44"/><W111/><G29/><T63/><D131/><U51/><E115/><V20/><F73/><W101/><G101/><T49/><D68/><U70/><E33/><V108/><F108/><W12/><G44/><T114/><D114/><U112/><E112/><V74/><F74/><W0/><G6/><T35/><D35/><U25/><E7/><V132/><F132/><W99/><G99/><T125/><D125/><U65/><E3/><V26/><F38/><W27/><G27/><T53/><REACH who="0" step="1"/><D49/><REACH who="0" ten="132,305,303,250" step="2"/><U86/><E51/><V13/><F41/><W21/><G36/><T100/><D100/><U28/><E70/><V16/><F95/><W87/><G39/><T1/><D1/><U106/><E128/><V23/><F23/><W71/><G0/><T24/><D24/><U103/><E25/><V117/><F117/><W89/><G71/><T81/><D81/><U127/><E82/><V34/><F34/><W57/><G21/><T121/><D121/><U10/><E93/><V116/><F116/><W67/><G72/><T96/><D96/><U122/><E103/><V9/><F9/><W105/><G80/><T129/><D129/><U19/><E10/><V32/><F32/><W79/><G75/><T69/><D69/><U113/><E127/><V120/><F120/><W97/><G97/><T11/><AGARI ba="0,1" hai="2,4,11,15,17,22,52,53,55,62,63,84,88,92" machi="11" ten="30,7900,0" yaku="1,1,0,1,54,2,53,0" doraHai="46" doraHaiUra="40" who="0" fromWho="0" sc="132,89,305,-20,303,-20,250,-39" /><INIT seed="4,0,0,1,4,104" ten="221,285,283,211" oya="0" hai0="10,44,98,26,105,32,75,127,58,121,24,64,87" hai1="99,16,45,107,37,62,102,118,50,134,35,70,71" hai2="61,57,106,117,47,132,39,131,84,1,82,63,85" hai3="78,21,119,9,125,20,6,72,113,124,36,69,91"/><T22/><D121/><U46/><E118/><V8/><F106/><W130/><G119/><T112/><D112/><U109/><E109/><V17/><F117/><W77/><G69/><T108/><D108/><U3/><E134/><V49/><F39/><W135/><G113/><T11/><D75/><U103/><E3/><V18/><F132/><W27/><G135/><T23/><D32/><U89/><E103/><V29/><F29/><W65/><G65/><T53/><D127/><N who="3" m="48713" /><G36/><T2/><D2/><U40/><E35/><V4/><F84/><W101/><G101/><T97/><D87/><U93/><E16/><V67/><F61/><W19/><G130/><T81/><D81/><U94/><E62/><V95/><F95/><W120/><G120/><T133/><D133/><U48/><E37/><V28/><F28/><N who="3" m="17511" /><G91/><T33/><D105/><U43/><E107/><V110/><F131/><W92/><G92/><T15/><D33/><U30/><E30/><V42/><REACH who="2" step="1"/><F110/><REACH who="2" ten="221,285,273,211" step="2"/><W0/><G72/><T25/><D97/><AGARI ba="0,1" hai="40,43,45,46,48,50,70,71,89,93,94,97,99,102" machi="97" ten="30,2000,0" yaku="7,1,9,1" doraHai="104" who="1" fromWho="0" sc="221,-20,285,30,273,0,211,0" owari="201,-29.9,315,41.5,273,7.3,211,-18.9" /></mjloggm>