<mjloggm ver="2.3"><GO type="225" lobby="0"/><UN n0="%E3%81%AF%E3%82%88%E3%81%8A%E3%81%98%E3%81%95%E3%82%93" n1="%E7%99%BD%E9%9B%AA%E4%B9%83%E6%84%9B" n2="%45%6C%79%73%69%75%6D" n3="%43%68%65" dan="16,16,17,16" rate="2191.30,2056.04,2091.86,2179.59" sx="M,F,F,M"/><TAIKYOKU oya="0"/><INIT seed="0,0,0,4,3,22" ten="250,250,250,250" oya="0" hai0="121,23,135,66,21,30,98,128,104,1,13,79,10" hai1="50,124,63,75,71,117,132,112,64,77,3,62,67" hai2="15,26,44,24,35,59,90,120,58,93,108,100,125" hai3="96,28,81,11,57,48,119,32,31,130,40,56,69"/><T126/><D121/><U91/><E117/><V103/><F120/><W17/><G69/><T5/><D126/><U54/><E3/><V122/><F122/><W72/><G119/><T55/><D128/><U18/><E124/><V94/><F125/><W12/><G130/><T41/><D135/><U25/><E132/><V65/><F108/><W61/><G32/><T87/><D66/><U133/><E133/><V106/><F106/><W14/><G96/><T102/><D41/><U116/><E116/><V107/><F107/><W43/><G72/><T78/><D55/><U47/><E112/><V20/><F35/><W101/><G101/><N who="2" m="38985" /><F44/><W113/><G113/><T8/><D87/><U49/><E49/><V114/><F114/><W118/><G118/><T33/><D78/><U99/><E77/><V105/><F105/><W29/><G81/><T9/><D9/><U39/><E39/><V80/><F80/><W129/><G129/><T19/><REACH who="0" step="1"/><D79/><REACH who="0" ten="240,250,250,250" step="2"/><U88/><E75/><V86/><F65/><W84/><G84/><T6/><D6/><U97/><E97/><V123/><F123/><W73/><G43/><T53/><D53/><U36/><E99/><V109/><F86/><W4/><G73/><T2/><D2/><U76/><E76/><V82/><F82/><W83/><G83/><T89/><D89/><U110/><E88/><V42/><F42/><W38/><G38/><T45/><D45/><U52/><E36/><V127/><F127/><W68/><G40/><T51/><D51/><U7/><E50/><V37/><F37/><W111/><G48/><T46/><D46/><RYUUKYOKU ba="0,1" sc="240,30,250,-10,250,-10,250,-10" hai0="1,5,8,10,13,19,21,23,30,33,98,102,104" /><INIT seed="0,1,1,0,2,23" ten="270,240,240,240" oya="0" hai0="129,95,59,76,48,77,85,5,91,99,68,70,52" hai1="105,43,98,39,119,84,12,82,28,75,17,90,103" hai2="11,120,112,107,41,113,18,42,1,26,87,111,50" hai3="128,86,19,115,130,7,92,36,55,63,64,29,73"/><T30/><D129/><N who="3" m="49769" /><G73/><T46/><D5/><U118/><E75/><V44/><F120/><W79/><G36/><T66/><D30/><U93/><E28/><V33/><F107/><W101/><G7/><T135/><D135/><U37/><E43/><V108/><F42/><W40/><G55/><T127/><D127/><U0/><E0/><V34/><F87/><W58/><G115/><T60/><D85/><U15/><E15/><N who="2" m="7551" /><F1/><W32/><G19/><T126/><D126/><U65/><E65/><V71/><F71/><W8/><G8/><T69/><AGARI ba="1,1" hai="46,48,52,59,60,66,68,69,70,76,77,91,95,99" machi="69" ten="30,3000,0" yaku="0,1,54,1" doraHai="23" who="0" fromWho="0" sc="270,43,240,-11,240,-11,240,-11" /><INIT seed="0,2,0,1,0,77" ten="313,229,229,229" oya="0" hai0="76,123,112,65,97,52,28,14,16,86,114,113,93" hai1="130,131,103,110,23,84,121,1,116,20,6,74,61" hai2="119,102,34,91,32,37,81,117,13,108,59,80,107" hai3="71,82,95,2,5,89,18,4,63,10,8,72,24"/><T124/><D123/><U41/><E116/><N who="2" m="44619" /><F37/><W29/><G18/><T55/><D124/><U25/><E74/><V45/><F108/><W99/><G71/><T109/><D109/><U68/><E110/><V133/><F133/><W64/><G64/><T26/><D65/><U21/><E121/><V88/><F45/><W38/><G63/><T60/><D86/><U101/><E41/><V48/><F13/><W120/><G38/><T0/><D76/><U7/><E25/><V79/><F102/><N who="1" m="38921" /><E1/><V39/><F107/><W73/><G82/><N who="2" m="31849" /><F79/><W27/><G27/><T66/><D0/><U53/><E68/><V12/><F12/><W42/><G42/><T30/><D114/><U78/><E131/><V70/><F70/><W129/><G129/><T132/><D132/><U58/><E130/><V62/><F48/><W17/><G120/><T122/><D122/><U100/><E100/><V57/><F39/><W47/><G47/><T69/><D113/><U85/><E78/><V56/><F62/><W31/><G73/><T44/><D44/><U15/><E15/><V35/><AGARI ba="2,0" hai="32,34,35,56,57,59,88,91" m="31849,44619" machi="35" ten="40,12000,2" yaku="28,2,12,1,52,3,54,1" doraHai="77" who="2" fromWho="2" sc="313,-62,229,-32,229,126,229,-32" /><INIT seed="1,0,0,0,3,129" ten="251,197,355,197" oya="1" hai0="49,51,47,112,67,111,40,101,108,26,74,8,27" hai1="46,132,133,106,71,3,58,85,70,60,42,113,30" hai2="29,41,11,59,53,50,96,75,127,55,61,110,79" hai3="17,2,124,24,9,13,91,48,7,115,135,107,15"/><U45/><E113/><V82/><F110/><N who="0" m="42026" /><D112/><U1/><E30/><V123/><F127/><W43/><G115/><T100/><D74/><U90/><E106/><V28/><F123/><W62/><G107/><T84/><D67/><U18/><E18/><V93/><F11/><W38/><G38/><T80/><D51/><N who="1" m="27063" /><E1/><V86/><F41/><W4/><G4/><T21/><D8/><U0/><E0/><V134/><F75/><W23/><G124/><T122/><D122/><U77/><E77/><V12/><F12/><W32/><G62/><T36/><D36/><U126/><E3/><V66/><F55/><W65/><G65/><T68/><D68/><N who="1" m="26155" /><E126/><V92/><F92/><W131/><G91/><N who="0" m="51591" /><D26/><U117/><E117/><V128/><F128/><W81/><G131/><T104/><D104/><U116/><E116/><V114/><F114/><W20/><G81/><T95/><D95/><U44/><E85/><V14/><F14/><W73/><G73/><T64/><D64/><N who="1" m="38935" /><E90/><V52/><F93/><W119/><G119/><T6/><D6/><U97/><E97/><V99/><F99/><W34/><G34/><T22/><BYE who="3" /><D22/><U109/><E109/><V94/><F94/><W69/><G69/><T5/><D5/><U72/><E72/><V125/><F96/><W19/><G19/><AGARI ba="0,0" hai="19,21,27,40,47,49,100,101" m="51591,42026" machi="19" ten="30,1000,0" yaku="14,1" doraHai="129" who="0" fromWho="3" sc="251,10,197,0,355,0,197,-10" /><UN n3="%43%68%65" /><INIT seed="2,0,0,4,1,108" ten="261,197,355,187" oya="2" hai0="2,92,131,121,102,51,47,93,7,74,128,40,44" hai1="9,124,75,77,39,104,20,106,0,122,33,21,120" hai2="98,54,29,118,34,116,88,42,86,101,134,127,79" hai3="55,19,43,59,23,28,95,13,119,4,111,41,80"/><V85/><F42/><W56/><G119/><T48/><D121/><N who="1" m="46699" /><E33/><V58/><F79/><W52/><G111/><T73/><D7/><N who="1" m="1255" /><E39/><V82/><F85/><W69/><G69/><T115/><D115/><U6/><E6/><V66/><F66/><W26/><G4/><T123/><D2/><U45/><E45/><V62/><F127/><W103/><G80/><T135/><D123/><U63/><E124/><V65/><F134/><W133/><G133/><T38/><D38/><U100/><E63/><V35/><F35/><W31/><G59/><T32/><D32/><U64/><E64/><V109/><F109/><W1/><G1/><T72/><D135/><U91/><E91/><V117/><F34/><W11/><G31/><T60/><D60/><U129/><E129/><N who="0" m="49737" /><D102/><U126/><E126/><V125/><F125/><W84/><G55/><AGARI ba="0,0" hai="40,44,47,48,51,55,72,73,74,92,93" m="49737" machi="55" ten="40,1300,0" yaku="19,1" doraHai="108" who="0" fromWho="3" sc="261,13,197,0,355,0,187,-13" /><INIT seed="3,0,0,2,4,103" ten="274,197,355,174" oya="3" hai0="8,37,129,5,70,39,89,125,49,50,29,96,67" hai1="110,64,35,72,94,59,7,123,46,55,90,75,81" hai2="56,13,62,92,47,9,23,116,102,109,24,44,15" hai3="32,87,20,10,71,118,45,60,121,61,108,97,48"/><W76/><G32/><T58/><D29/><U2/><E35/><V120/><F116/><W114/><G114/><T17/><D17/><U128/><E123/><V52/><F109/><W11/><G118/><T86/><D96/><U65/><E46/><N who="2" m="17451" /><F9/><N who="3" m="3083" /><G121/><T14/><D70/><U41/><E81/><V99/><F120/><W79/><G71/><T3/><D3/><U130/><E41/><V43/><F43/><N who="3" m="24639" /><G108/><T113/><D37/><U93/><E110/><V4/><F4/><W82/><G79/><T134/><D39/><U18/><E18/><AGARI ba="0,0" hai="13,15,18,23,24,52,56,62,92,99,102" m="17451" machi="18" ten="30,2000,0" yaku="8,1,54,1" doraHai="103" who="2" fromWho="1" sc="274,0,197,-20,355,20,174,0" owari="274,7.4,177,-22.3,375,47.5,174,-32.6" /></mjloggm>