<mjloggm ver="2.3"><GO type="225" lobby="0"/><UN n0="%77%72%77%72%77%72%77%72" n1="%E3%81%B5%E3%81%98%E3%81%8B%E3%81%A4" n2="%E3%81%BF%E3%81%BF%E3%81%9A" n3="%E3%81%86%E3%82%8C%E3%81%9F%E3%82%93%E6%9E%95" dan="17,16,17,16" rate="2188.93,2189.81,2270.33,2078.61" sx="M,M,M,F"/><TAIKYOKU oya="0"/><INIT seed="0,0,0,3,2,3" ten="250,250,250,250" oya="0" hai0="12,34,93,61,89,103,53,45,135,75,79,1,64" hai1="17,76,117,128,35,15,108,120,118,8,133,32,39" hai2="52,44,106,42,60,46,123,22,26,55,114,99,57" hai3="29,30,25,115,18,80,14,100,24,37,10,122,21"/><T73/><D1/><U119/><E39/><V87/><F123/><W127/><G37/><T91/><D135/><U56/><E76/><V5/><F114/><W78/><G115/><T68/><D34/><U50/><E120/><V90/><F106/><W132/><G122/><T113/><D113/><U134/><E56/><N who="2" m="34823" /><F42/><W84/><G132/><N who="1" m="50794" /><E50/><N who="2" m="30967" /><F5/><W13/><G100/><T51/><D79/><U47/><E47/><V124/><F124/><W94/><G127/><T63/><D63/><U86/><E86/><V38/><F38/><W109/><G109/><T77/><D77/><U20/><E108/><V41/><F99/><W92/><REACH who="3" step="1"/><G13/><REACH who="3" ten="250,250,250,240" step="2"/><T88/><REACH who="0" step="1"/><D12/><REACH who="0" ten="240,250,250,240" step="2"/><N who="1" m="9255" /><E128/><V43/><F43/><W48/><G48/><T83/><D83/><U27/><E27/><V65/><F41/><W126/><G126/><T96/><AGARI ba="0,2" hai="45,51,53,61,64,68,73,75,88,89,91,93,96,103" machi="96" ten="30,6000,0" yaku="1,1,0,1,54,1,53,0" doraHai="3" doraHaiUra="110" who="0" fromWho="0" sc="240,80,250,-20,250,-20,240,-20" /><INIT seed="0,1,0,3,3,49" ten="320,230,230,220" oya="0" hai0="93,102,26,25,123,65,122,5,8,20,133,48,82" hai1="118,4,56,43,121,72,11,78,64,71,127,47,106" hai2="13,10,104,87,101,96,36,67,116,46,29,90,95" hai3="12,112,124,35,94,128,2,91,75,14,23,28,134"/><T117/><D117/><U31/><E118/><V44/><F116/><W103/><G112/><T81/><D133/><U88/><E121/><V69/><F36/><W9/><G128/><T63/><D48/><U129/><E106/><V84/><F29/><W0/><G134/><T111/><D111/><U27/><E129/><V57/><F69/><W19/><G75/><T21/><D102/><U110/><E127/><V97/><F67/><W1/><G103/><T33/><D33/><U38/><E71/><V30/><F57/><W55/><G124/><T74/><D93/><U66/><E110/><V52/><F30/><W125/><G125/><T115/><D115/><U51/><E78/><V3/><F3/><W98/><G35/><T76/><D82/><U132/><E72/><V79/><F79/><W32/><G32/><T42/><D42/><U86/><E132/><V60/><F46/><W50/><G28/><T15/><D21/><U62/><E38/><V40/><F40/><W109/><G109/><T18/><REACH who="0" step="1"/><D25/><REACH who="0" ten="310,230,230,220" step="2"/><U58/><E51/><N who="2" m="28775" /><F104/><W54/><REACH who="3" step="1"/><G50/><REACH who="3" ten="310,230,230,210" step="2"/><T39/><D39/><U114/><E114/><V100/><F100/><W70/><G70/><AGARI ba="1,2" hai="5,8,15,18,20,26,63,65,70,74,76,81,122,123" machi="70" ten="30,5800,0" yaku="1,1,7,1,53,1" doraHai="49" doraHaiUra="16" who="0" fromWho="3" sc="310,81,230,0,230,0,210,-61" /><INIT seed="0,2,0,0,1,113" ten="391,230,230,149" oya="0" hai0="13,7,74,35,104,16,73,105,2,135,25,123,116" hai1="81,80,64,124,82,47,51,128,43,78,48,110,27" hai2="28,88,62,5,53,38,9,114,102,41,120,60,56" hai3="52,40,61,117,103,121,26,23,101,18,0,115,22"/><T111/><D116/><U96/><E110/><V106/><F114/><W125/><G115/><T17/><D123/><U129/><E124/><V68/><F120/><W97/><G121/><T32/><D111/><U66/><E96/><V6/><F28/><W39/><G125/><T95/><D135/><U130/><E78/><V77/><F77/><W84/><G0/><T58/><D95/><U112/><E112/><V132/><F132/><W4/><G4/><T21/><D58/><U50/><REACH who="1" step="1"/><E27/><REACH who="1" ten="391,220,230,149" step="2"/><V20/><F106/><W119/><G103/><T24/><D105/><U3/><E3/><V91/><F102/><W133/><G133/><T63/><D2/><U122/><E122/><V8/><F91/><W109/><G109/><T76/><D24/><U69/><E69/><V98/><F88/><W15/><G84/><T59/><D25/><U37/><AGARI ba="2,1" hai="37,43,47,48,50,51,64,66,80,81,82,128,129,130" machi="37" ten="40,8000,1" yaku="1,1,0,1,29,2,19,1,53,0" doraHai="113" doraHaiUra="100" who="1" fromWho="1" sc="391,-42,220,96,230,-22,149,-22" /><INIT seed="1,0,0,3,1,69" ten="349,316,208,127" oya="1" hai0="16,15,22,35,75,63,17,40,116,9,18,4,1" hai1="23,121,21,30,73,117,32,11,84,33,81,34,91" hai2="0,134,25,96,112,58,2,10,94,74,41,122,54" hai3="48,87,125,100,79,85,99,49,51,120,76,104,28"/><U86/><E121/><V59/><F122/><W5/><G125/><T56/><D75/><U111/><E117/><V115/><F74/><W43/><G120/><T26/><D116/><U126/><E126/><V47/><F134/><W29/><G5/><T53/><REACH who="0" step="1"/><D40/><REACH who="0" ten="339,316,208,127" step="2"/><U52/><E73/><V12/><F41/><W8/><G43/><T50/><D50/><U72/><E72/><V13/><F115/><W39/><G39/><T66/><D66/><U31/><E111/><V114/><F112/><W68/><G68/><T19/><D19/><U7/><E30/><AGARI ba="0,1" hai="1,4,9,15,16,17,18,22,26,30,35,53,56,63" machi="30" ten="40,8000,1" yaku="1,1,24,2,54,1,53,1" doraHai="69" doraHaiUra="57" who="0" fromWho="1" sc="339,90,316,-80,208,0,127,0" /><INIT seed="2,0,0,3,2,50" ten="429,236,208,127" oya="2" hai0="93,88,98,27,75,22,23,70,113,81,94,55,123" hai1="13,102,53,12,4,59,51,103,78,112,2,34,65" hai2="61,37,28,52,115,18,9,97,40,6,69,15,121" hai3="132,39,25,47,63,7,57,129,54,21,87,67,35"/><V16/><F115/><W45/><G129/><T3/><D113/><U89/><E112/><V119/><F119/><W66/><G132/><T14/><D123/><U105/><E34/><V38/><F121/><W49/><G35/><T114/><D3/><U120/><E78/><V108/><F28/><W130/><G130/><T41/><D70/><U46/><E2/><V1/><F108/><W42/><G7/><T96/><D41/><U71/><E105/><V48/><F97/><W74/><G74/><T73/><D114/><U109/><E120/><V106/><F106/><W31/><REACH who="3" step="1"/><G87/><REACH who="3" ten="429,236,208,117" step="2"/><T101/><D73/><U82/><E4/><V10/><F40/><AGARI ba="0,1" hai="21,25,31,39,40,42,45,47,49,54,57,63,66,67" machi="40" ten="30,7700,0" yaku="1,1,2,1,7,1,52,1,53,0" doraHai="50" doraHaiUra="133" who="3" fromWho="2" sc="429,0,236,0,208,-77,117,87" /><INIT seed="3,0,0,1,2,78" ten="429,236,131,204" oya="3" hai0="80,66,77,16,132,47,3,9,11,60,4,36,86" hai1="129,98,122,64,62,100,28,115,76,127,51,74,124" hai2="75,97,108,52,10,22,67,44,95,30,24,125,133" hai3="70,35,72,33,68,0,91,39,40,92,8,103,29"/><W20/><G72/><T32/><D132/><U105/><E122/><V5/><F133/><W134/><G20/><T111/><D32/><U31/><E115/><V123/><F108/><W26/><G103/><T41/><D111/><U45/><E76/><V56/><F123/><W130/><G35/><T38/><D16/><U112/><E74/><V128/><F125/><N who="1" m="48201" /><E129/><V63/><F128/><W84/><G130/><T87/><D11/><U54/><E112/><V82/><F75/><W61/><G134/><T88/><D36/><U99/><E99/><V73/><F73/><W12/><G0/><T117/><D117/><U46/><E46/><V110/><F110/><W42/><G39/><T19/><D19/><U69/><AGARI ba="0,0" hai="28,31,45,51,54,62,64,69,98,100,105" m="48201" machi="69" ten="30,1100,0" yaku="18,1" doraHai="78" who="1" fromWho="1" sc="429,-3,236,11,131,-3,204,-5" owari="426,52.6,247,4.7,128,-37.2,199,-20.1" /></mjloggm>