<mjloggm ver="2.3"><GO type="225" lobby="0"/><UN n0="%E3%80%90%E3%83%88%E3%83%AA%E3%83%A5%E3%83%95%E3%80%91" n1="%E3%81%BE%E3%81%A8%E3%81%9F" n2="%6D%75%75%73%61%6E%6D%75" n3="%E5%86%B7%E5%87%8D%E3%82%AE%E3%83%A7%E3%83%BC%E3%82%B6" dan="16,16,17,17" rate="2058.07,2132.36,2165.23,2201.88" sx="F,M,F,M"/><TAIKYOKU oya="0"/><INIT seed="0,0,0,4,4,62" ten="250,250,250,250" oya="0" hai0="56,2,33,40,66,44,0,71,63,51,59,75,11" hai1="47,41,79,72,127,52,87,111,115,134,70,89,93" hai2="67,39,88,23,6,74,133,114,43,85,10,68,121" hai3="24,118,49,119,61,94,32,105,98,37,19,46,99"/><T27/><D75/><U117/><E117/><V7/><F121/><W83/><G37/><T13/><D33/><U108/><E134/><V77/><F114/><W20/><G32/><T29/><D29/><U95/><E70/><V14/><F133/><W130/><G130/><T81/><D81/><N who="1" m="45287" /><E127/><V76/><F74/><W135/><G135/><T31/><D31/><U97/><E52/><V86/><F86/><W124/><G124/><T69/><D27/><U131/><E131/><V53/><F7/><W123/><G123/><T84/><D84/><U38/><E47/><V113/><F113/><W82/><G105/><T22/><D22/><U48/><E48/><V42/><F53/><W92/><G61/><T28/><D28/><U125/><E41/><V73/><F73/><W3/><G3/><T57/><REACH who="0" step="1"/><D71/><REACH who="0" ten="240,250,250,250" step="2"/><U116/><E125/><V35/><F35/><W107/><G118/><T58/><N who="0" m="14336" /><DORA hai="122" /><T64/><D64/><U9/><E116/><V100/><F23/><W101/><G119/><T26/><D26/><U55/><E115/><V30/><F30/><W110/><G82/><T128/><D128/><U21/><E21/><V34/><F34/><W102/><G83/><T103/><D103/><N who="1" m="60847" /><E9/><V12/><F100/><W109/><REACH who="3" step="1"/><G92/><REACH who="3" ten="240,250,250,240" step="2"/><T90/><D90/><U120/><E89/><V4/><F88/><W16/><G16/><AGARI ba="0,2" hai="0,2,11,13,16,40,44,51,63,66,69" m="14336" machi="16" ten="50,12000,1" yaku="1,1,52,1,54,1,53,1" doraHai="62,122" doraHaiUra="5,132" who="0" fromWho="3" sc="240,140,250,0,250,0,240,-120" /><INIT seed="0,1,0,4,0,64" ten="380,250,250,120" oya="0" hai0="56,33,0,68,92,16,11,80,63,93,57,108,78" hai1="53,62,3,121,42,115,97,89,34,14,112,2,49" hai2="114,85,100,83,8,94,96,31,1,72,109,45,99" hai3="82,54,66,37,77,122,17,59,74,22,90,35,98"/><T28/><D108/><U106/><E34/><V6/><F109/><W48/><G35/><T84/><D57/><U12/><E121/><V127/><F114/><N who="1" m="43561" /><E42/><V55/><F127/><W87/><G122/><T25/><D68/><U43/><E43/><V27/><F72/><W135/><G135/><T47/><D47/><U81/><E62/><V123/><F123/><W102/><G37/><T18/><D18/><U36/><E36/><V20/><F96/><W67/><G98/><T65/><D0/><N who="1" m="43" /><E81/><V91/><F45/><W119/><G102/><T120/><D120/><U23/><E23/><V101/><REACH who="2" step="1"/><F55/><REACH who="2" ten="380,250,240,120" step="2"/><W73/><G119/><T125/><D125/><U50/><E53/><V21/><F21/><W32/><G32/><T103/><D103/><AGARI ba="1,1" hai="1,6,8,20,27,31,83,85,91,94,99,100,101,103" machi="103" ten="30,2000,0" yaku="1,1,7,1,53,0" doraHai="64" doraHaiUra="134" who="2" fromWho="0" sc="380,-23,250,0,240,33,120,0" /><INIT seed="1,0,0,2,2,39" ten="357,250,273,120" oya="1" hai0="23,35,46,21,70,13,40,111,83,63,49,28,120" hai1="36,108,91,24,89,74,2,93,115,95,64,124,109" hai2="17,133,34,129,0,9,75,76,43,42,3,84,56" hai3="47,99,119,79,18,5,128,77,68,105,59,8,6"/><U44/><E115/><V72/><F34/><W67/><G128/><T55/><D111/><N who="1" m="42571" /><E2/><V82/><F129/><W27/><G68/><T61/><D35/><U1/><E1/><V30/><F30/><W107/><G119/><T117/><D117/><U4/><E4/><V51/><F3/><W62/><G47/><T112/><D112/><U106/><E106/><V29/><F29/><W37/><G37/><T25/><D70/><U125/><E64/><V81/><F133/><W7/><G105/><T31/><D83/><U11/><E11/><V88/><F75/><W126/><G126/><N who="1" m="48746" /><E24/><V52/><REACH who="2" step="1"/><F17/><REACH who="2" ten="357,250,263,120" step="2"/><W20/><REACH who="3" step="1"/><G8/><REACH who="3" ten="357,250,263,110" step="2"/><T96/><D31/><U71/><E71/><V85/><F85/><W86/><G86/><T135/><D28/><U54/><E74/><V121/><F121/><W53/><G53/><T32/><D55/><U127/><E127/><V116/><F116/><W98/><G98/><T131/><D96/><U41/><E54/><V102/><F102/><AGARI ba="0,2" hai="5,6,7,18,20,27,59,62,67,77,79,99,102,107" machi="102" ten="40,1300,0" yaku="1,1,53,0" doraHai="39" doraHaiUra="132" who="3" fromWho="2" sc="357,0,250,0,263,-13,110,33" /><INIT seed="2,0,0,4,3,102" ten="357,250,250,143" oya="2" hai0="1,77,85,105,119,18,90,103,66,122,17,109,135" hai1="108,126,54,84,11,34,27,83,29,36,76,24,3" hai2="72,32,129,65,57,124,35,31,121,96,47,49,39" hai3="101,38,13,45,12,48,131,98,94,14,93,56,20"/><V58/><F121/><W43/><G131/><T115/><D66/><U89/><E108/><V51/><F72/><W46/><G56/><T78/><D1/><U97/><E36/><V33/><F129/><W44/><G38/><T130/><D115/><U8/><E126/><V113/><F113/><W42/><G20/><T79/><D109/><U19/><E3/><V15/><F124/><W2/><G2/><T111/><D111/><U82/><E97/><V104/><F39/><W125/><G125/><T41/><D41/><U22/><REACH who="1" step="1"/><E54/><REACH who="1" ten="357,240,250,143" step="2"/><V62/><F96/><W75/><G75/><AGARI ba="0,1" hai="8,11,19,22,24,27,29,34,75,76,82,83,84,89" machi="75" ten="30,3900,0" yaku="1,1,2,1,7,1,53,0" doraHai="102" doraHaiUra="112" who="1" fromWho="3" sc="357,0,240,49,250,0,143,-39" /><INIT seed="3,0,0,2,0,10" ten="357,289,250,104" oya="3" hai0="41,69,96,13,123,46,17,94,47,114,85,126,48" hai1="15,49,51,8,120,28,53,88,43,122,22,9,79" hai2="2,32,128,39,134,34,5,131,31,20,62,73,129" hai3="12,14,90,23,78,102,42,93,38,26,91,97,130"/><W109/><G130/><T89/><D123/><U100/><E79/><V121/><F39/><W108/><G78/><T36/><D69/><U115/><E115/><V57/><F73/><W111/><G42/><T105/><D126/><U54/><E43/><V74/><F74/><W56/><G56/><T87/><D105/><U3/><E3/><V119/><F62/><W132/><G38/><T70/><D70/><U86/><E100/><V50/><F50/><N who="1" m="18953" /><E122/><V77/><F77/><W66/><G66/><T118/><D118/><U113/><E113/><V40/><F40/><W60/><G60/><T117/><D117/><U21/><E8/><N who="2" m="2103" /><F57/><W11/><G132/><T99/><D114/><U95/><E120/><V75/><F75/><W104/><G11/><N who="0" m="6335" /><D36/><U0/><E0/><V116/><F121/><W4/><G4/><T6/><D6/><N who="1" m="3511" /><E28/><V71/><F71/><W82/><G82/><N who="0" m="49335" /><D47/><U106/><E106/><V37/><F37/><W81/><G81/><T103/><D103/><U18/><E18/><V30/><F134/><W112/><G112/><T64/><D64/><U133/><E133/><V29/><F20/><AGARI ba="0,0" hai="20,21,22,53,54,86,88,95" m="3511,18953" machi="20" ten="30,3900,0" yaku="8,1,52,1,54,1" doraHai="10" who="1" fromWho="2" sc="357,0,289,39,250,-39,104,0" owari="357,45.7,328,12.8,211,-18.9,104,-39.6" /></mjloggm>