<mjloggm ver="2.3"><GO type="225" lobby="0"/><UN n0="%E5%91%89%E5%AF%8C%E6%98%A5" n1="%6D%75%75%6D%75%72%61" n2="%72%69%6F%75%63%68%61%6E" n3="%E7%AD%89%E3%80%85%E5%8A%9B%E5%8A%87%E5%A0%B4" dan="16,17,17,16" rate="2101.03,2186.73,2239.71,2044.59" sx="M,F,M,M"/><TAIKYOKU oya="0"/><INIT seed="0,0,0,5,0,19" ten="250,250,250,250" oya="0" hai0="90,27,10,61,41,43,134,73,51,50,122,12,71" hai1="39,24,131,62,99,35,59,32,16,52,65,78,113" hai2="23,11,125,95,80,30,84,96,77,25,48,112,47" hai3="14,42,115,87,44,18,38,63,89,85,70,28,118"/><T0/><D122/><U102/><E39/><V103/><F125/><W53/><G115/><T8/><D73/><U104/><E113/><V105/><F112/><W17/><G118/><T69/><D134/><U133/><E133/><V82/><F11/><N who="0" m="4138" /><D12/><U119/><E119/><V97/><F80/><W67/><G28/><T74/><D74/><U2/><E2/><V100/><F48/><N who="0" m="18474" /><D27/><U76/><E131/><V45/><AGARI ba="0,0" hai="23,25,30,45,47,77,82,84,95,96,97,100,103,105" machi="45" ten="30,2000,0" yaku="0,1,52,1" doraHai="19" who="2" fromWho="2" sc="250,-10,250,-5,250,20,250,-5" /><INIT seed="1,0,0,3,3,12" ten="240,245,270,245" oya="1" hai0="132,75,109,34,47,9,127,135,130,29,120,104,86" hai1="8,97,62,82,58,72,26,49,37,22,27,126,87" hai2="28,78,56,77,112,91,39,110,79,84,67,93,122" hai3="57,66,74,100,95,36,46,106,44,117,5,13,71"/><U20/><E37/><V119/><F110/><W48/><G74/><T7/><D75/><U6/><E72/><V105/><F119/><W4/><G106/><T33/><D86/><U11/><E126/><V92/><F122/><W61/><G117/><T121/><D47/><U24/><E49/><V128/><F105/><W73/><G73/><T83/><D83/><U2/><E97/><V3/><F3/><W134/><G134/><N who="0" m="51243" /><D104/><U18/><E8/><V23/><F128/><W38/><G71/><T35/><D109/><U54/><REACH who="1" step="1"/><E22/><REACH who="1" ten="240,235,270,245" step="2"/><V90/><F39/><W52/><G38/><T116/><D116/><U16/><E16/><V53/><F23/><W125/><G125/><T1/><D127/><U99/><E99/><V115/><F28/><W17/><G36/><T40/><D40/><U88/><AGARI ba="0,1" hai="2,6,11,18,20,24,26,27,54,58,62,82,87,88" machi="88" ten="20,18000,2" yaku="1,1,0,1,7,1,52,1,54,1,53,1" doraHai="12" doraHaiUra="19" who="1" fromWho="1" sc="240,-60,235,190,270,-60,245,-60" /><INIT seed="1,1,0,1,4,16" ten="180,425,210,185" oya="1" hai0="32,95,45,15,91,38,9,109,18,47,129,13,56" hai1="60,25,40,81,90,115,94,31,86,52,36,126,50" hai2="33,61,20,30,114,62,124,0,123,23,121,71,10" hai3="2,92,127,120,117,24,69,73,41,22,103,105,66"/><U88/><E115/><V68/><F33/><W43/><G120/><N who="2" m="46153" /><F30/><W112/><G112/><T106/><D32/><U64/><E126/><V51/><F114/><W17/><G73/><T125/><D106/><U132/><E132/><V97/><F10/><W83/><G2/><T26/><D125/><U101/><E36/><V1/><F124/><W102/><G105/><T96/><D109/><U44/><E101/><V134/><F51/><W55/><G127/><T11/><D129/><U135/><E135/><V53/><F53/><W122/><G122/><T8/><D26/><U111/><E111/><V107/><F107/><W118/><G83/><T78/><D78/><U27/><E40/><V77/><F97/><W59/><G69/><N who="2" m="26697" /><F77/><W42/><G66/><T14/><D56/><N who="1" m="36871" /><E31/><V12/><F12/><N who="0" m="4714" /><D38/><U19/><E19/><V34/><F34/><W70/><G70/><T58/><D58/><U67/><E67/><V6/><F134/><W63/><REACH who="3" step="1"/><G92/><REACH who="3" ten="180,425,210,175" step="2"/><T35/><D35/><U49/><E49/><V80/><F80/><W104/><G104/><T110/><D110/><U75/><E75/><V74/><F74/><W84/><G84/><AGARI ba="1,1" hai="25,27,44,50,52,81,84,86,88,90,94" m="36871" machi="84" ten="30,5800,0" yaku="8,1,54,2" doraHai="16" who="1" fromWho="3" sc="180,0,425,71,210,0,175,-61" /><INIT seed="1,2,0,5,1,117" ten="180,496,210,114" oya="1" hai0="37,112,97,91,28,20,13,78,12,44,2,58,55" hai1="48,6,41,27,129,113,79,4,123,132,21,114,38" hai2="26,45,86,122,125,10,23,32,51,120,119,103,95" hai3="80,34,116,98,1,68,72,83,110,75,82,29,84"/><U65/><E38/><V88/><F119/><W93/><G116/><T15/><D112/><U40/><E79/><V89/><F32/><W85/><G1/><T102/><D2/><U134/><E65/><V115/><F115/><W111/><G68/><T121/><D121/><U31/><E129/><V53/><F125/><W70/><G70/><T131/><D131/><U73/><E73/><N who="3" m="28234" /><G29/><T64/><D78/><U92/><E92/><V104/><F10/><W9/><G9/><T71/><D91/><U22/><E48/><V42/><F89/><N who="3" m="55599" /><G34/><T62/><D28/><U54/><E31/><V30/><REACH who="2" step="1"/><F42/><REACH who="2" ten="180,496,200,114" step="2"/><W33/><G33/><T66/><D20/><U133/><E133/><V81/><F81/><W50/><G50/><T124/><D124/><U16/><E114/><V130/><F130/><W135/><G135/><T90/><D37/><U59/><E113/><V3/><F3/><W5/><G5/><T77/><D77/><U128/><E132/><V56/><F56/><W35/><G35/><T126/><D90/><U0/><E134/><V74/><F74/><W67/><G67/><T60/><D126/><U100/><E128/><V63/><F63/><W14/><G14/><T106/><D66/><U19/><E0/><V101/><F101/><W25/><G25/><T24/><D24/><U105/><E100/><V76/><F76/><W17/><G82/><T107/><REACH who="0" step="1"/><D44/><REACH who="0" ten="170,496,200,114" step="2"/><U87/><E27/><V47/><F47/><W11/><G83/><T99/><D99/><AGARI ba="2,2" hai="23,26,30,45,51,53,86,88,95,99,103,104,120,122" machi="99" ten="40,8000,1" yaku="1,1,52,2,54,1,53,1" doraHai="117" doraHaiUra="43" who="2" fromWho="0" sc="170,-86,496,0,200,106,114,0" /><INIT seed="2,0,0,2,2,117" ten="84,496,306,114" oya="2" hai0="121,42,22,64,72,103,112,3,52,129,32,126,73" hai1="15,69,97,81,94,54,114,44,27,48,41,105,133" hai2="101,123,62,56,7,51,115,120,16,36,86,25,14" hai3="23,35,100,13,113,108,107,55,106,61,122,47,88"/><V2/><F115/><W71/><G35/><T19/><D112/><U116/><E105/><V28/><F36/><W66/><G113/><T125/><D32/><U85/><E114/><V110/><F110/><W46/><G108/><T40/><D3/><U75/><E69/><V89/><F101/><W11/><G122/><T1/><D1/><U5/><E75/><N who="0" m="28745" /><D129/><U68/><E68/><V82/><F51/><W118/><G118/><T127/><D64/><U93/><E133/><V78/><F78/><W60/><G23/><T43/><D103/><U33/><E33/><V4/><F2/><W9/><G71/><T59/><D121/><U6/><E116/><V39/><F39/><W111/><G100/><T98/><D98/><U119/><E27/><V31/><F4/><W130/><G111/><T58/><D52/><U128/><E128/><V10/><F7/><W92/><G130/><T74/><N who="0" m="28753" /><T84/><DORA hai="131" /><D84/><U96/><E119/><V34/><F28/><W8/><G107/><T63/><D63/><N who="3" m="24137" /><G106/><T67/><D67/><AGARI ba="0,0" hai="10,14,16,25,31,34,56,62,67,82,86,89,120,123" machi="67" ten="30,11600,0" yaku="7,1,52,2,54,1" doraHai="117,131" who="2" fromWho="0" sc="84,-116,496,0,306,116,114,0" owari="-32,-53.2,496,59.6,422,22.2,114,-28.6" /></mjloggm>