<mjloggm ver="2.3"><GO type="225" lobby="0"/><UN n0="%72%69%6F%75%63%68%61%6E" n1="%E3%83%A9%E3%83%96%E3%83%AC%E3%83%BC" n2="%E3%83%A9%E3%83%BC%E3%83%A1%E3%83%B3%E4%BA%94%E9%83%8E" n3="%E3%81%82%E3%81%99%E3%81%AB%E3%82%83%E3%82%80" dan="17,18,16,16" rate="2187.84,2191.64,2052.68,2087.35" sx="M,M,M,F"/><TAIKYOKU oya="0"/><INIT seed="0,0,0,5,2,105" ten="250,250,250,250" oya="0" hai0="23,11,118,106,109,40,68,74,97,60,39,72,127" hai1="29,43,126,107,14,134,130,64,44,135,101,48,67" hai2="19,125,113,120,90,56,46,94,116,87,88,35,42" hai3="69,133,22,38,17,55,33,95,119,71,78,79,112"/><T15/><D118/><U82/><E29/><V111/><F120/><W45/><G119/><T10/><D127/><U128/><E101/><V62/><F116/><W63/><G33/><T59/><D68/><U91/><E107/><V73/><F113/><W57/><G112/><T27/><D109/><U6/><E91/><V131/><F125/><W12/><G133/><N who="1" m="50698" /><E82/><V21/><F35/><W41/><REACH who="3" step="1"/><G95/><REACH who="3" ten="250,250,250,240" step="2"/><T121/><D106/><U13/><E126/><V75/><F111/><W96/><G96/><T102/><D121/><U50/><E130/><V93/><F131/><W28/><G28/><T20/><D97/><U8/><E128/><V81/><F94/><W117/><G117/><T30/><D102/><U7/><E6/><V25/><F93/><W61/><G61/><T4/><D20/><U16/><E48/><V77/><F62/><W124/><G124/><T110/><D110/><U36/><E50/><V86/><F19/><W47/><G47/><T122/><D122/><U2/><E2/><V26/><F46/><W129/><G129/><T18/><D39/><U65/><E7/><V89/><F81/><W99/><G99/><T0/><REACH who="0" step="1"/><D40/><REACH who="0" ten="240,250,250,240" step="2"/><U34/><E34/><V83/><F42/><W104/><G104/><T37/><D37/><U1/><E36/><V54/><F21/><W3/><G3/><T123/><D123/><U100/><E1/><V84/><F86/><W31/><G31/><T32/><D32/><U52/><E100/><V114/><F87/><W108/><G108/><T132/><D132/><U24/><E43/><V5/><F114/><W80/><G80/><RYUUKYOKU ba="0,2" sc="240,15,250,-15,250,-15,240,15" hai0="0,4,10,11,15,18,23,27,30,59,60,72,74" hai3="12,17,22,38,41,45,55,57,63,69,71,78,79" /><INIT seed="0,1,2,2,4,24" ten="255,235,235,255" oya="0" hai0="112,12,37,117,114,23,32,1,8,85,123,13,64" hai1="22,74,79,40,101,95,17,83,124,19,121,41,80" hai2="94,58,84,131,21,127,126,7,132,76,86,135,98" hai3="81,63,6,16,75,89,0,38,133,29,70,90,67"/><T128/><D117/><U33/><E121/><V14/><F131/><W35/><G38/><T27/><D123/><U62/><E33/><V42/><F42/><W125/><G125/><N who="2" m="47625" /><F58/><W31/><G35/><T118/><D118/><U107/><E107/><V77/><F21/><W72/><G0/><T36/><D64/><U26/><E124/><V78/><F14/><N who="0" m="5738" /><D85/><N who="2" m="32874" /><F7/><W100/><G100/><AGARI ba="1,2" hai="76,77,78,94,98,100,132,135" m="32874,47625" machi="100" ten="40,5200,0" yaku="18,1,34,2" doraHai="24" who="2" fromWho="3" sc="255,0,235,0,235,75,255,-55" /><INIT seed="1,0,0,5,4,22" ten="255,235,310,200" oya="1" hai0="48,130,55,118,77,16,101,75,99,50,58,117,36" hai1="120,37,83,42,3,133,104,123,29,82,116,102,18" hai2="12,88,14,124,24,8,25,63,107,70,85,5,47" hai3="46,2,126,87,68,19,132,90,32,71,15,78,7"/><U38/><E3/><V81/><F124/><W56/><G126/><T49/><D130/><U95/><E104/><V10/><F107/><W131/><G131/><T97/><D36/><U91/><E102/><V65/><F47/><W94/><G32/><T67/><D67/><U60/><E116/><V23/><F23/><W135/><G78/><T73/><D99/><U51/><E29/><V31/><F31/><W111/><G111/><T33/><D33/><U4/><E4/><AGARI ba="0,0" hai="4,5,8,10,12,14,24,25,63,65,70,81,85,88" machi="4" ten="30,8000,1" yaku="7,1,9,1,52,2,54,1" doraHai="22" who="2" fromWho="1" sc="255,0,235,-80,310,80,200,0" /><INIT seed="2,0,0,2,0,37" ten="255,155,390,200" oya="2" hai0="77,114,133,50,97,101,102,80,76,13,105,78,28" hai1="67,64,39,1,31,2,79,0,29,95,19,41,92" hai2="56,16,69,30,21,117,90,88,5,94,132,65,36" hai3="109,71,111,96,34,83,38,82,112,91,25,4,20"/><V17/><F69/><W32/><G71/><T55/><D114/><U33/><E79/><V119/><F36/><W40/><G4/><T81/><D133/><U57/><E19/><N who="2" m="7243" /><F132/><W75/><G112/><T72/><D28/><U47/><E57/><V121/><F121/><W6/><G6/><T51/><D13/><U106/><E106/><V125/><F5/><W124/><G124/><T134/><D134/><U87/><E87/><V7/><F7/><W49/><G38/><T103/><D50/><U62/><E62/><N who="2" m="38087" /><F125/><W48/><G20/><T63/><D63/><U22/><E22/><V73/><F73/><W110/><G75/><T11/><D11/><U129/><E129/><V12/><F12/><W130/><G130/><T107/><D107/><U66/><REACH who="1" step="1"/><E31/><REACH who="1" ten="255,145,390,200" step="2"/><V24/><F119/><W26/><G109/><T46/><D77/><U135/><E135/><V45/><F117/><W8/><G110/><T54/><D54/><U98/><E98/><N who="2" m="57671" /><F45/><W60/><G111/><T115/><D115/><U85/><E85/><AGARI ba="0,1" hai="46,51,55,72,76,78,80,81,85,97,101,102,103,105" machi="85" ten="30,1000,0" yaku="7,1" doraHai="37" who="0" fromWho="1" sc="255,20,145,-10,390,0,200,0" /><INIT seed="3,0,0,5,0,105" ten="275,135,390,200" oya="3" hai0="40,17,122,68,0,92,82,83,23,78,73,69,97" hai1="112,37,52,49,96,129,5,109,67,53,22,12,95" hai2="135,59,51,70,35,46,116,14,32,31,58,57,123" hai3="54,134,6,103,84,133,104,55,62,101,24,64,89"/><W117/><G117/><T39/><D122/><U125/><E112/><V81/><F116/><W15/><G24/><T121/><D121/><U4/><E37/><V36/><F36/><W19/><G6/><T119/><D119/><U11/><E125/><V47/><F70/><W99/><G103/><T74/><D0/><U50/><E129/><V13/><F31/><W25/><G25/><T41/><D41/><U34/><E34/><V94/><F32/><W27/><G27/><T100/><D40/><U2/><E109/><V65/><F35/><W33/><G33/><T85/><D39/><U16/><E67/><V79/><F65/><W9/><G89/><T111/><D111/><U102/><E22/><V75/><F135/><N who="3" m="51723" /><G84/><T63/><D63/><U88/><E102/><V10/><F75/><W98/><G98/><T130/><D130/><U72/><E72/><V91/><F79/><W43/><G43/><T128/><D128/><U28/><E28/><V29/><F91/><W7/><G7/><N who="1" m="2634" /><E2/><V108/><F29/><W113/><G113/><T86/><D86/><U3/><E3/><V71/><F14/><W131/><G131/><T76/><D85/><U110/><E110/><V126/><F13/><AGARI ba="0,0" hai="13,17,23,68,69,73,74,76,78,82,83,92,97,100" machi="13" ten="30,7700,0" yaku="7,1,9,1,52,2" doraHai="105" who="0" fromWho="2" sc="275,77,135,0,390,-77,200,0" owari="352,45.2,135,-36.5,313,11.3,200,-20.0" /></mjloggm>