<mjloggm ver="2.3"><GO type="225" lobby="0"/><UN n0="%E3%81%90%E3%81%A1%E3%82%84%E3%81%BE" n1="%E8%A8%88%E7%AE%97%E6%A9%9F%E8%87%AA%E7%84%B6" n2="%E3%83%A9%E3%82%A4%E3%83%B3%E3%81%AE%E8%99%8E" n3="%E4%B8%89%E5%88%86%E5%B0%8F%E5%83%A7" dan="16,17,16,16" rate="2105.88,2190.46,2121.65,2091.49" sx="M,M,M,M"/><TAIKYOKU oya="0"/><INIT seed="0,0,0,0,1,100" ten="250,250,250,250" oya="0" hai0="1,17,133,6,82,20,102,29,14,97,130,118,61" hai1="44,34,83,90,127,98,57,3,50,48,108,27,114" hai2="87,86,11,91,25,79,62,134,39,16,52,120,93" hai3="119,41,109,132,35,129,63,33,131,58,47,49,8"/><T42/><D118/><U121/><E121/><V60/><F120/><W36/><G119/><T26/><D130/><N who="3" m="49673" /><G8/><T107/><D133/><U113/><E3/><V72/><F72/><W5/><G5/><T81/><D42/><U12/><E108/><V0/><F134/><W51/><G33/><T73/><D73/><U76/><E127/><V21/><F39/><W32/><G32/><N who="0" m="20535" /><D61/><U115/><E12/><N who="2" m="7199" /><F0/><W101/><G101/><T54/><D54/><U99/><E57/><N who="2" m="34855" /><F62/><W103/><G103/><T111/><D111/><U123/><E123/><V15/><F15/><W38/><G35/><T92/><D92/><U37/><E37/><N who="3" m="14442" /><G132/><T24/><D24/><U125/><E27/><V31/><F79/><W71/><G109/><T80/><D80/><U124/><E34/><V66/><F66/><N who="3" m="39287" /><G51/><T43/><D43/><N who="1" m="24607" /><E50/><V46/><F46/><W59/><G59/><T53/><D53/><U128/><E128/><V94/><F94/><W104/><G104/><T10/><AGARI ba="0,0" hai="1,6,10,14,17,20,81,82,97,102,107" m="20535" machi="10" ten="30,3000,0" yaku="24,1,52,1" doraHai="100" who="0" fromWho="0" sc="250,30,250,-10,250,-10,250,-10" /><INIT seed="0,1,0,1,4,59" ten="280,240,240,240" oya="0" hai0="46,53,60,26,35,39,114,38,101,50,63,80,5" hai1="32,78,1,58,14,29,96,94,76,100,51,74,85" hai2="68,129,16,126,43,65,52,81,89,9,15,45,24" hai3="122,27,109,21,64,86,55,93,84,10,17,77,7"/><T28/><D114/><U115/><E1/><V82/><F126/><W98/><G109/><T88/><D101/><U30/><E74/><V120/><F120/><W87/><G122/><T127/><D127/><U102/><E115/><V25/><F129/><W47/><G64/><T62/><REACH who="0" step="1"/><D5/><REACH who="0" ten="270,240,240,240" step="2"/><U128/><E102/><V105/><F105/><W124/><G124/><T111/><D111/><U75/><E100/><V31/><F68/><W41/><G77/><T23/><D23/><U2/><E76/><V19/><F31/><W56/><G7/><T104/><D104/><U117/><E29/><V108/><F108/><W130/><G130/><T4/><D4/><U22/><E30/><V95/><F19/><W72/><G10/><T67/><D67/><U18/><E18/><V125/><F65/><W79/><G17/><T83/><D83/><U48/><E128/><V133/><F81/><W119/><G21/><T44/><D44/><U42/><E22/><V131/><F82/><W11/><G11/><T112/><D112/><U71/><E71/><V66/><F66/><W73/><G79/><T90/><D90/><U3/><E78/><V135/><F131/><W118/><G73/><T8/><D8/><U123/><E75/><V97/><F125/><W34/><G72/><T40/><D40/><U121/><E42/><V107/><F107/><W69/><G69/><T13/><D13/><U36/><E14/><V134/><F43/><W49/><G41/><T70/><D70/><U0/><E123/><V132/><F132/><W103/><G47/><T57/><D57/><U61/><E121/><RYUUKYOKU ba="1,1" sc="270,10,240,-30,240,10,240,10" hai0="26,28,35,38,39,46,50,53,60,62,63,80,88" hai2="9,15,16,24,25,45,52,89,95,97,133,134,135" hai3="27,34,49,55,56,84,86,87,93,98,103,118,119" /><INIT seed="0,2,1,0,4,39" ten="280,210,250,250" oya="0" hai0="112,4,88,95,115,93,14,49,60,89,128,32,7" hai1="53,65,23,56,109,46,1,38,126,96,27,16,75" hai2="133,61,110,20,123,86,113,26,10,134,57,67,97" hai3="94,131,73,98,111,58,40,83,124,76,121,69,64"/><T135/><D32/><U2/><E75/><V72/><F72/><W78/><G69/><T9/><D128/><U59/><E109/><V28/><F123/><W18/><G111/><T132/><D60/><U0/><E126/><V48/><F110/><W79/><G124/><T116/><D49/><U12/><E65/><V34/><F113/><W122/><G131/><T63/><D63/><U71/><E71/><V84/><F34/><W31/><G31/><T30/><D30/><U35/><E35/><V107/><F10/><W21/><G58/><T43/><D43/><U99/><E27/><V100/><REACH who="2" step="1"/><F48/><REACH who="2" ten="280,210,240,250" step="2"/><W103/><G121/><T104/><D116/><U119/><E119/><V52/><F52/><W13/><G122/><T101/><D115/><U82/><E82/><V106/><F106/><W54/><G54/><T108/><D108/><U19/><E53/><V62/><F62/><W91/><G64/><T74/><D74/><U45/><E38/><V130/><F130/><W51/><REACH who="3" step="1"/><G103/><REACH who="3" ten="280,210,240,240" step="2"/><T41/><D101/><U25/><E46/><AGARI ba="2,3" hai="13,18,21,40,46,51,73,76,78,79,83,91,94,98" machi="46" ten="40,5200,0" yaku="1,1,2,1,52,1,53,0" doraHai="39" doraHaiUra="120" who="3" fromWho="1" sc="280,0,210,-58,240,0,240,88" /><INIT seed="1,0,0,1,4,83" ten="280,152,240,328" oya="1" hai0="103,56,18,1,13,33,38,48,45,68,37,90,20" hai1="64,124,55,67,110,123,19,8,96,91,108,85,114" hai2="50,12,9,59,81,70,131,100,127,11,128,82,53" hai3="115,54,43,62,130,93,49,119,61,72,87,25,57"/><U69/><E114/><V29/><F70/><W132/><G72/><T46/><D68/><U75/><E123/><V129/><F127/><W63/><G115/><T102/><D1/><U65/><E75/><V26/><F100/><W111/><G111/><N who="1" m="42538" /><E124/><V95/><F95/><W47/><G130/><T135/><D135/><U66/><E96/><V36/><F36/><W21/><G132/><T121/><D33/><U79/><E79/><V14/><F14/><W28/><G119/><T35/><D35/><U15/><E55/><V120/><F120/><W60/><G60/><T104/><D121/><U22/><N who="1" m="16384" /><DORA hai="71" /><U116/><E69/><V51/><F51/><W31/><G31/><T2/><D104/><U84/><E116/><V52/><F53/><W106/><G106/><T39/><D90/><AGARI ba="0,0" hai="21,25,28,43,47,49,54,57,61,62,63,87,90,93" machi="90" ten="40,2600,0" yaku="8,1,52,1" doraHai="83,71" who="3" fromWho="0" sc="280,-26,152,0,240,0,328,26" /><INIT seed="2,0,0,1,0,91" ten="254,152,240,354" oya="2" hai0="20,92,23,90,64,76,45,58,65,97,10,85,130" hai1="114,100,18,96,72,104,30,78,83,98,102,109,25" hai2="128,122,44,22,42,19,135,36,9,63,43,33,77" hai3="66,15,34,116,110,13,14,88,119,105,62,57,56"/><V108/><F122/><W93/><G105/><T8/><D130/><U41/><E18/><V32/><F128/><W132/><G34/><T40/><D20/><U125/><E41/><V74/><F135/><W55/><G110/><T81/><D23/><U1/><E1/><V27/><F108/><W86/><REACH who="3" step="1"/><G132/><REACH who="3" ten="254,152,240,344" step="2"/><T17/><D17/><U2/><E109/><V79/><F32/><W68/><G68/><T95/><D95/><U50/><E114/><V53/><F33/><W59/><G59/><T39/><REACH who="0" step="1"/><D58/><REACH who="0" ten="244,152,240,344" step="2"/><U24/><E104/><V21/><F19/><W37/><G37/><T26/><D26/><U47/><E24/><V11/><F36/><W51/><AGARI ba="0,2" hai="13,14,15,51,55,56,57,62,66,86,88,93,116,119" machi="51" ten="30,7900,0" yaku="1,1,0,1,52,1,54,1,53,0" doraHai="91" doraHaiUra="28" who="3" fromWho="3" sc="244,-20,152,-20,240,-39,344,99" /><INIT seed="3,0,0,2,0,6" ten="224,132,201,443" oya="3" hai0="21,124,75,60,14,93,109,92,20,98,8,63,107" hai1="55,116,83,16,73,69,67,130,120,128,47,133,85" hai2="40,79,131,105,4,39,61,126,80,58,74,102,114" hai3="104,111,0,2,19,132,99,44,23,101,46,10,89"/><W113/><G89/><T29/><D75/><U65/><E73/><V37/><F114/><W129/><G46/><T30/><D107/><U54/><E120/><V43/><F126/><W26/><G44/><T108/><D124/><U53/><E47/><V57/><F131/><W87/><G87/><T1/><D1/><U110/><E110/><N who="0" m="42601" /><D21/><U123/><E123/><V28/><F28/><N who="0" m="10858" /><D20/><U41/><E41/><V35/><F35/><W13/><G99/><T135/><D135/><U42/><E42/><V24/><F24/><W62/><G101/><N who="0" m="60615" /><D93/><U121/><E121/><V122/><F43/><W12/><G62/><T118/><D118/><U84/><E133/><V90/><F58/><W95/><G95/><T96/><D96/><U103/><E103/><V48/><F80/><W45/><G45/><T127/><D127/><U36/><E36/><V49/><F40/><W27/><G104/><T77/><D77/><U33/><E33/><V9/><F79/><W68/><G68/><T22/><D22/><U3/><E116/><V117/><F74/><W97/><G97/><T18/><AGARI ba="0,0" hai="8,14,18,60,63" m="60615,10858,42601" machi="18" ten="30,2000,0" yaku="14,1,52,1" doraHai="6" who="0" fromWho="0" sc="224,20,132,-5,201,-5,443,-10" owari="244,4.4,127,-37.3,196,-20.4,433,53.3" /></mjloggm>