<mjloggm ver="2.3"><GO type="225" lobby="0"/><UN n0="%61%6D%65%6B%69" n1="%EF%BC%94%36" n2="%E5%A4%9C%E3%81%AE%E3%82%AC%E3%82%B9%E3%83%91%E3%83%BC%E3%83%AB" n3="%E3%81%8B%E3%82%8F%E3%81%A1%E3%82%83%E3%82%93%35%38" dan="16,16,17,16" rate="2083.88,2059.13,2179.07,2139.64" sx="M,M,M,M"/><TAIKYOKU oya="0"/><INIT seed="0,0,0,1,4,112" ten="250,250,250,250" oya="0" hai0="118,8,28,62,58,37,68,10,29,108,131,91,11" hai1="50,69,135,59,105,16,66,76,33,21,67,103,1" hai2="56,74,9,119,130,57,132,24,34,32,86,78,23" hai3="129,80,13,51,133,99,110,20,36,27,126,19,102"/><T123/><D123/><U79/><E1/><V4/><F74/><W0/><G0/><T109/><D37/><U53/><E33/><V43/><F130/><W47/><G129/><T31/><D131/><U6/><E6/><V5/><F132/><W115/><G133/><T107/><D107/><U77/><E135/><V52/><F43/><W125/><G36/><T98/><D68/><U101/><E105/><V88/><F78/><W122/><G110/><N who="0" m="42603" /><D118/><U124/><E124/><N who="3" m="47722" /><G80/><T104/><D104/><U127/><E127/><V54/><F119/><W93/><G115/><T46/><D46/><U49/><E49/><N who="2" m="30799" /><F34/><W94/><G122/><T120/><D120/><U71/><E71/><V70/><F32/><W89/><G27/><T45/><D45/><U72/><E72/><V40/><F9/><W95/><G102/><N who="1" m="38922" /><E69/><V42/><F70/><W18/><G18/><T63/><D58/><U12/><AGARI ba="0,0" hai="12,16,21,50,53,59,66,67,76,77,79" m="38922" machi="12" ten="30,2000,0" yaku="8,1,54,1" doraHai="112" who="1" fromWho="1" sc="250,-10,250,20,250,-5,250,-5" /><INIT seed="1,0,0,5,4,101" ten="240,270,245,245" oya="1" hai0="93,9,106,43,6,0,16,35,45,50,4,54,3" hai1="12,113,89,25,1,68,23,87,41,123,53,127,109" hai2="65,59,17,133,71,63,119,125,120,76,80,52,83" hai3="96,116,13,115,15,70,104,27,97,64,46,78,135"/><U118/><E68/><V36/><F120/><W88/><G115/><T7/><D35/><U81/><E1/><V132/><F119/><W22/><G135/><N who="2" m="51785" /><F125/><W77/><G116/><T82/><D106/><U10/><E123/><V114/><F114/><W128/><G128/><T33/><D33/><U84/><E118/><V74/><F36/><W107/><G46/><T44/><D93/><U129/><E127/><V32/><F32/><W95/><G64/><T105/><D105/><U130/><E113/><V5/><F5/><W90/><G70/><T26/><D82/><U31/><E109/><V39/><F39/><W47/><G47/><T121/><D121/><U24/><E41/><V18/><F83/><W19/><G104/><T112/><D112/><U61/><E24/><V86/><F74/><W111/><G111/><T49/><REACH who="0" step="1"/><D9/><REACH who="0" ten="230,270,245,245" step="2"/><U124/><E124/><V8/><F8/><W79/><G107/><T60/><D60/><AGARI ba="0,1" hai="17,18,52,59,60,63,65,71,76,80,86" m="51785" machi="60" ten="30,2000,0" yaku="20,1,54,1" doraHai="101" who="2" fromWho="0" sc="230,-20,270,0,245,30,245,0" /><INIT seed="2,0,0,4,3,110" ten="210,270,275,245" oya="2" hai0="69,12,37,25,113,103,39,89,9,63,43,112,98" hai1="99,23,84,118,46,36,41,111,30,60,134,90,59" hai2="121,95,128,49,127,74,130,28,10,82,55,92,33" hai3="119,5,96,52,131,106,77,70,86,93,135,32,75"/><V11/><F121/><W47/><G119/><T79/><D79/><U42/><E118/><V68/><F68/><W94/><G70/><T72/><D72/><U83/><E111/><V16/><F127/><W81/><G32/><T40/><D89/><U114/><E114/><V104/><F104/><W105/><G5/><T122/><D122/><U85/><E134/><V117/><F117/><W109/><G109/><T14/><D12/><U100/><E85/><V61/><F61/><W6/><G6/><T126/><D126/><U124/><E124/><V22/><F28/><W17/><G135/><T107/><D25/><U3/><E3/><V7/><F33/><W27/><G131/><N who="2" m="50217" /><F82/><W58/><G47/><T35/><D35/><U115/><E115/><V19/><F74/><W120/><G120/><T102/><D102/><U44/><E30/><V29/><F29/><W80/><G105/><T62/><D62/><U24/><E24/><N who="2" m="14407" /><F19/><W125/><G125/><T15/><D15/><U0/><E0/><N who="2" m="359" /><F11/><W97/><G106/><T101/><D63/><U87/><E23/><V8/><F8/><W53/><G75/><T38/><D69/><U4/><E4/><V76/><F76/><W88/><G81/><T34/><D34/><U116/><E116/><V133/><F133/><W13/><G27/><T123/><D123/><U21/><E21/><V73/><F73/><W57/><G17/><N who="0" m="8399" /><D103/><U45/><E100/><V50/><F50/><N who="3" m="30871" /><G13/><T66/><D66/><N who="1" m="39199" /><E41/><V54/><F49/><N who="3" m="31023" /><G77/><T26/><D26/><U1/><E1/><V48/><F48/><W129/><G129/><T51/><D51/><RYUUKYOKU ba="0,0" sc="210,10,270,-30,275,10,245,10" hai0="37,38,39,40,43,98,101,107,112,113" hai2="54,55,92,95" hai3="80,86,88,93,94,96,97" /><INIT seed="2,1,0,3,5,108" ten="220,240,285,255" oya="2" hai0="122,100,12,0,113,119,29,109,51,35,16,131,39" hai1="36,58,62,13,31,33,102,118,71,73,4,91,7" hai2="81,80,101,14,5,27,32,48,86,54,56,21,125" hai3="25,95,92,8,60,84,99,105,43,77,87,3,76"/><V63/><F125/><W59/><G105/><T6/><D39/><U20/><E36/><V11/><F32/><W66/><G3/><T96/><D122/><U126/><E71/><V34/><F34/><W42/><G8/><T135/><D135/><U110/><E33/><V69/><F101/><W78/><G25/><T52/><D109/><U57/><E73/><V26/><F69/><W121/><G121/><T45/><D131/><U64/><E126/><V97/><F97/><W2/><G2/><T124/><D124/><U72/><E72/><V40/><F21/><W67/><G67/><T75/><D75/><U24/><E118/><V116/><F116/><W98/><G98/><T22/><D119/><U130/><E130/><V19/><F5/><W88/><REACH who="3" step="1"/><G84/><REACH who="3" ten="220,240,285,245" step="2"/><T123/><D123/><U38/><E110/><V106/><F106/><W133/><G133/><T82/><D0/><U55/><E64/><V47/><F86/><W120/><G120/><T129/><D129/><U44/><E24/><AGARI ba="1,1" hai="11,14,19,24,26,27,40,47,48,54,56,63,80,81" machi="24" ten="40,2000,0" yaku="8,1" doraHai="108" who="2" fromWho="1" sc="220,0,240,-23,285,33,245,0" /><INIT seed="2,2,0,2,0,48" ten="220,217,318,245" oya="2" hai0="119,35,2,16,0,135,14,67,30,111,6,118,128" hai1="9,4,116,95,110,19,131,134,52,59,63,26,36" hai2="100,109,64,103,17,83,125,69,114,90,60,5,38" hai3="46,132,107,42,77,127,45,23,25,92,91,78,43"/><V27/><F114/><W11/><G107/><T41/><D41/><N who="3" m="15369" /><G132/><T104/><D104/><U33/><E36/><V74/><F38/><W79/><G11/><N who="0" m="6239" /><D67/><U76/><E116/><N who="0" m="44585" /><D135/><U133/><E131/><V122/><F122/><W86/><G127/><T66/><D66/><U94/><E110/><V130/><F125/><W37/><G37/><T80/><D80/><U54/><E76/><N who="3" m="19458" /><W21/><DORA hai="31" /><G21/><T58/><D58/><N who="1" m="35271" /><E33/><V49/><F130/><W84/><G84/><T105/><D105/><U28/><E134/><V72/><F109/><W29/><AGARI ba="2,0" hai="23,25,29,45,46,86,91,92" m="19458,15369" machi="29" ten="40,1500,0" yaku="8,1" doraHai="48,31" who="3" fromWho="3" sc="220,-6,217,-6,318,-9,245,21" /><INIT seed="3,0,0,0,3,65" ten="214,211,309,266" oya="3" hai0="2,133,94,66,45,82,121,99,38,40,106,86,48" hai1="12,115,74,33,17,104,120,62,34,21,93,31,88" hai2="108,90,113,134,35,43,61,29,71,32,87,55,100" hai3="50,49,25,39,80,89,75,119,37,26,67,63,23"/><W57/><G119/><T101/><D121/><U53/><E104/><V95/><F113/><W18/><G39/><T131/><D131/><U125/><E74/><V72/><F72/><W14/><G37/><T16/><D133/><U112/><E120/><V128/><F134/><W76/><G89/><T118/><D118/><U27/><E33/><V47/><F128/><W4/><G4/><T109/><D109/><U123/><E123/><V41/><F108/><W91/><G91/><T44/><D2/><U7/><E125/><V10/><F100/><W9/><REACH who="3" step="1"/><G26/><REACH who="3" ten="214,211,309,256" step="2"/><T64/><D106/><U20/><E7/><V73/><F90/><W22/><G22/><T58/><D82/><U60/><E20/><V30/><F35/><W51/><G51/><T96/><D96/><U59/><REACH who="1" step="1"/><E62/><REACH who="1" ten="214,201,309,256" step="2"/><V11/><F61/><W124/><G124/><T126/><D126/><U107/><E107/><V56/><F32/><W46/><G46/><T97/><D97/><AGARI ba="0,2" hai="12,17,21,27,31,34,53,59,60,88,93,97,112,115" machi="97" ten="30,7700,0" yaku="1,1,7,1,54,1,53,1" doraHai="65" doraHaiUra="28" who="1" fromWho="0" sc="214,-77,201,97,309,0,256,0" owari="137,-36.3,298,9.8,309,40.9,256,-14.4" /></mjloggm>