<mjloggm ver="2.3"><GO type="225" lobby="0"/><UN n0="%E3%83%AB%E3%83%9B%E3%83%B3%E3%83%87%E3%82%A3%E3%82%A8" n1="%E3%81%BF%E3%81%BF%E3%81%9A" n2="%E6%98%93%E5%88%A9%E8%96%A9%E4%BC%AF" n3="%E3%81%9F%E3%81%93%E2%98%86%E7%84%BC%E3%81%8D" dan="17,17,16,16" rate="2173.19,2226.18,2158.08,2094.55" sx="M,M,F,M"/><TAIKYOKU oya="0"/><INIT seed="0,0,0,1,3,33" ten="250,250,250,250" oya="0" hai0="114,48,38,10,107,135,55,71,80,96,46,120,105" hai1="30,45,69,98,78,54,92,34,35,22,70,61,104" hai2="63,44,11,79,126,12,74,111,81,14,0,94,93" hai3="90,133,37,65,16,110,49,125,4,51,113,13,128"/><T60/><D114/><U17/><E104/><V7/><F111/><W23/><G37/><T3/><D120/><U102/><E78/><V25/><F126/><W20/><G113/><T29/><D135/><U77/><E77/><V62/><F25/><W76/><G110/><T100/><D107/><U121/><E121/><V27/><F27/><W47/><G133/><T87/><D29/><U123/><E123/><V132/><F132/><W127/><G128/><T122/><D122/><U19/><E30/><V59/><F62/><W9/><G65/><T97/><D97/><U53/><E35/><V84/><F44/><W130/><G130/><T28/><D28/><U2/><E2/><V57/><F57/><W15/><G90/><T118/><D118/><U108/><E34/><V115/><F115/><W26/><G76/><T32/><D32/><U95/><E108/><V88/><REACH who="2" step="1"/><F94/><REACH who="2" ten="250,250,240,250" step="2"/><W101/><G47/><T82/><D71/><U106/><E95/><V103/><F103/><W91/><G101/><T21/><D60/><U117/><E106/><V99/><F99/><W67/><G127/><T85/><D38/><U89/><E102/><V56/><F56/><W36/><G36/><T52/><D96/><U116/><E70/><V41/><F41/><W6/><G125/><T73/><D100/><U83/><E69/><V68/><F68/><W5/><G51/><N who="0" m="28791" /><D105/><U72/><E98/><V8/><F8/><W134/><G49/><T129/><D129/><U109/><E61/><V43/><F43/><W64/><G134/><T40/><D40/><U131/><E109/><V124/><F124/><RYUUKYOKU ba="0,1" sc="250,-10,250,-10,240,30,250,-10" hai2="0,7,11,12,14,59,63,74,79,81,84,88,93" /><INIT seed="1,1,1,3,0,83" ten="240,240,270,240" oya="1" hai0="32,126,76,75,102,130,93,85,40,122,74,37,57" hai1="121,23,81,36,6,69,61,34,89,16,80,14,17" hai2="0,24,106,44,49,63,52,103,70,114,62,96,66" hai3="4,20,94,8,27,84,55,72,28,78,39,73,2"/><U5/><E121/><V124/><F124/><W123/><G39/><T118/><D32/><U113/><E113/><V91/><F114/><W131/><G123/><T95/><D57/><U42/><E34/><V15/><F0/><W59/><G131/><T119/><D40/><U128/><E128/><V105/><F63/><W54/><G54/><T82/><D37/><U33/><E33/><V7/><F24/><W65/><G65/><T109/><D122/><U111/><E111/><V135/><F135/><W127/><G127/><T46/><D46/><U64/><E42/><V79/><F79/><W12/><G2/><T60/><D60/><U115/><E36/><V104/><REACH who="2" step="1"/><F91/><REACH who="2" ten="240,240,260,240" step="2"/><W86/><G78/><T38/><D126/><U21/><E115/><V108/><F108/><W1/><G1/><T133/><D109/><U101/><E101/><V98/><F98/><W25/><G25/><T56/><D76/><U125/><E125/><V48/><F48/><N who="3" m="31207" /><G73/><T53/><D74/><U47/><E89/><V88/><F88/><N who="3" m="53511" /><G72/><T68/><D75/><U120/><E120/><V116/><F116/><W29/><G86/><T22/><D85/><U132/><E132/><V31/><F31/><AGARI ba="1,2" hai="4,8,12,20,27,28,29,31" m="53511,31207" machi="31" ten="30,3900,0" yaku="8,1,52,1,54,1" doraHai="83" who="3" fromWho="2" sc="240,0,240,0,260,-42,240,62" /><INIT seed="2,0,0,0,2,72" ten="240,240,218,302" oya="2" hai0="36,77,40,122,16,132,46,0,26,104,93,109,49" hai1="57,117,39,61,119,55,32,78,68,42,88,75,87" hai2="8,126,67,50,96,1,111,27,5,92,135,125,85" hai3="70,20,38,134,51,41,103,74,113,76,95,7,127"/><V80/><F135/><W121/><G51/><T115/><D104/><U105/><E105/><V84/><F67/><W102/><G20/><N who="0" m="13575" /><D0/><U2/><E32/><V60/><F60/><W97/><G41/><T98/><D36/><U19/><E2/><V17/><F111/><W99/><G7/><T118/><D115/><U130/><E130/><V9/><F50/><W47/><G47/><T110/><D122/><U86/><E68/><V91/><F84/><W69/><G38/><T33/><D33/><U14/><E75/><V90/><F27/><W31/><G31/><T83/><D118/><U4/><E39/><V15/><AGARI ba="0,0" hai="1,5,8,9,15,17,80,85,90,91,92,96,125,126" machi="15" ten="30,1500,0" yaku="0,1" doraHai="72" who="2" fromWho="2" sc="240,-5,240,-5,218,15,302,-5" /><INIT seed="2,1,0,0,5,15" ten="235,235,233,297" oya="2" hai0="75,99,65,81,119,109,102,83,55,42,43,58,40" hai1="1,94,95,59,49,5,71,23,85,63,110,61,93" hai2="9,80,17,128,22,123,129,125,20,30,115,64,66" hai3="32,107,6,82,70,98,67,104,88,33,18,111,86"/><V4/><F123/><W16/><G6/><T73/><D109/><U77/><E110/><V44/><F115/><W47/><G111/><T120/><D120/><U57/><E1/><V113/><F113/><W87/><G32/><T21/><D119/><U13/><E71/><V7/><F44/><W103/><G33/><T11/><D73/><U2/><E2/><N who="2" m="151" /><F80/><W124/><G124/><T68/><D68/><U74/><E74/><V121/><F121/><W34/><G107/><T118/><D118/><U53/><E57/><V131/><F125/><W127/><G34/><T69/><D69/><U105/><E105/><V60/><F7/><W130/><G130/><T90/><D75/><U112/><E112/><V79/><F79/><W126/><G127/><T8/><D65/><U135/><E135/><V38/><F38/><W133/><G133/><T31/><D90/><U132/><E132/><V116/><F116/><W89/><G47/><T46/><D46/><U10/><E23/><V25/><F60/><N who="1" m="23113" /><E77/><V76/><F76/><W12/><G126/><T41/><D41/><U101/><E85/><V62/><F62/><W50/><G67/><N who="2" m="25641" /><F22/><W78/><G50/><N who="0" m="31095" /><D81/><U97/><AGARI ba="1,0" hai="5,10,13,49,53,59,93,94,95,97,101" m="23113" machi="97" ten="30,1100,0" yaku="8,1" doraHai="15" who="1" fromWho="1" sc="235,-4,235,14,233,-6,297,-4" /><INIT seed="3,0,0,1,3,99" ten="231,249,227,293" oya="3" hai0="70,132,66,10,95,102,21,16,49,82,117,73,61" hai1="17,31,11,41,105,134,96,106,119,77,39,84,116" hai2="76,112,2,42,54,18,51,38,12,9,128,60,45" hai3="98,118,5,14,113,26,78,133,1,0,71,127,74"/><W36/><G14/><T57/><D117/><U40/><E31/><V13/><F112/><W6/><G26/><T15/><D132/><U72/><E72/><V34/><F128/><W88/><G78/><T28/><D73/><U63/><E63/><V129/><F129/><W75/><G98/><N who="0" m="59743" /><D70/><U90/><E77/><V29/><F60/><W22/><G22/><T47/><D82/><U126/><E126/><V93/><F76/><W121/><G127/><T23/><D28/><U123/><E123/><V46/><F2/><W59/><G133/><T122/><D122/><U50/><E39/><V110/><F110/><W104/><G36/><T37/><D37/><U131/><E134/><V80/><F80/><W91/><G59/><T27/><D27/><U130/><E106/><V52/><F29/><W33/><G104/><T68/><D68/><U4/><E105/><V89/><F34/><W25/><G25/><T97/><D97/><U120/><E96/><V32/><F32/><W101/><G71/><T81/><D81/><N who="1" m="49423" /><E120/><V8/><F93/><W58/><G58/><T103/><D103/><U69/><E69/><V108/><F108/><W30/><G101/><T62/><D62/><U55/><E130/><V107/><F107/><W43/><G33/><T20/><D10/><U124/><E124/><V94/><F94/><W125/><G30/><T19/><D15/><N who="1" m="7423" /><E131/><V85/><F89/><W87/><G125/><T64/><D64/><U86/><E86/><V7/><F85/><W135/><G135/><T79/><D79/><U115/><E115/><V114/><F114/><W35/><G113/><RYUUKYOKU ba="0,0" sc="231,15,249,-15,227,15,293,-15" hai0="16,19,20,21,23,47,49,57,61,66" hai2="7,8,9,12,13,18,38,42,45,46,51,52,54" /><INIT seed="4,1,0,2,4,112" ten="246,234,242,278" oya="0" hai0="33,110,69,29,47,43,27,95,7,118,57,106,25" hai1="89,38,84,128,91,60,22,58,62,20,125,92,59" hai2="80,3,101,17,15,130,81,18,96,133,122,64,14" hai3="2,83,85,13,44,35,32,8,111,48,19,34,94"/><T56/><D69/><U74/><E38/><V99/><F122/><W1/><G94/><T50/><D106/><U71/><E74/><V117/><F3/><W12/><G12/><T76/><D118/><U45/><E71/><V41/><F41/><W67/><G67/><T31/><D110/><U10/><E128/><V53/><F64/><W65/><G65/><T103/><D7/><U23/><E125/><V75/><F75/><W109/><G1/><T79/><D103/><U51/><E10/><N who="2" m="6359" /><F133/><W54/><REACH who="3" step="1"/><G2/><REACH who="3" ten="246,234,242,268" step="2"/><T55/><D95/><N who="1" m="54759" /><E62/><V66/><F66/><W115/><G115/><T87/><D87/><N who="1" m="52287" /><E60/><V93/><F130/><W4/><G4/><T77/><REACH who="0" step="1"/><D43/><AGARI ba="1,1" hai="20,22,23,43,45,51,58,59" m="52287,54759" machi="43" ten="30,1000,0" yaku="8,1" doraHai="112" who="1" fromWho="0" sc="246,-13,234,23,242,0,268,0" /><INIT seed="5,0,0,5,2,13" ten="233,257,242,268" oya="1" hai0="20,103,88,126,112,75,46,82,34,35,87,94,70" hai1="50,92,21,48,127,45,19,40,31,130,0,72,10" hai2="120,84,135,85,123,86,125,134,6,36,100,95,93" hai3="121,1,61,23,33,131,118,109,91,98,12,77,30"/><U42/><E72/><V41/><F36/><W124/><G77/><T2/><D70/><U67/><E130/><V4/><F41/><W66/><G1/><T62/><D2/><U107/><E107/><V64/><F64/><W69/><G109/><T24/><D112/><U52/><E127/><V74/><F74/><W14/><G131/><T110/><D110/><U38/><E67/><V73/><F73/><W56/><G124/><T101/><D126/><U15/><E38/><V106/><F125/><W129/><G129/><T47/><D34/><U80/><E80/><V89/><F106/><W78/><G78/><T113/><D35/><U37/><E37/><V102/><F86/><W22/><G33/><T115/><D62/><U90/><E50/><V53/><REACH who="2" step="1"/><F89/><REACH who="2" ten="233,257,232,268" step="2"/><W5/><G91/><T119/><D119/><U28/><E40/><V117/><F117/><W133/><G66/><T108/><D108/><U99/><E42/><V39/><F39/><W26/><G118/><T44/><D75/><U71/><E71/><V18/><F18/><W27/><G69/><T51/><D51/><U60/><E60/><V114/><F114/><N who="0" m="43530" /><D82/><U116/><E116/><V3/><F3/><W16/><G61/><T59/><D59/><U76/><E76/><V8/><F8/><W83/><G56/><T54/><D54/><AGARI ba="0,1" hai="4,6,53,54,84,85,93,95,100,102,120,123,134,135" machi="54" ten="25,3200,0" yaku="1,1,22,2,53,0" doraHai="13" doraHaiUra="122" who="2" fromWho="0" sc="233,-32,257,0,232,42,268,0" /><INIT seed="6,0,0,3,0,68" ten="201,257,274,268" oya="2" hai0="92,100,126,132,1,133,93,127,34,8,15,63,104" hai1="97,26,135,91,19,61,43,47,35,95,51,16,23" hai2="121,42,57,83,38,33,115,131,5,75,69,46,89" hai3="99,110,32,58,112,125,49,120,13,28,41,70,88"/><V96/><F121/><W130/><G70/><T105/><D34/><U17/><E135/><N who="0" m="51785" /><D63/><U29/><REACH who="1" step="1"/><E61/><REACH who="1" ten="201,247,274,268" step="2"/><V124/><F115/><W31/><G112/><T48/><D48/><U128/><E128/><V102/><F131/><W94/><G49/><T2/><D2/><U86/><E86/><V122/><F122/><W106/><G120/><T123/><D1/><U118/><E118/><V119/><F119/><W62/><G62/><T73/><D73/><U113/><E113/><V18/><F75/><W66/><G130/><T9/><D123/><U11/><E11/><N who="0" m="4169" /><D15/><AGARI ba="0,1" hai="15,16,17,19,23,26,29,35,43,47,51,91,95,97" machi="15" ten="30,7700,0" yaku="1,1,7,1,54,1,53,1" doraHai="68" doraHaiUra="24" who="1" fromWho="0" sc="201,-77,247,87,274,0,268,0" owari="124,-37.6,334,43.4,274,7.4,268,-13.2" /></mjloggm>