<mjloggm ver="2.3"><GO type="225" lobby="0"/><UN n0="%E3%81%A9%E3%82%8F%E3%82%93%E3%81%94" n1="%E3%83%AD%E3%83%83%E3%83%86%E9%9B%80%E7%90%83" n2="%73%61%6E%64%69%72%69%73" n3="%E9%89%A2%E5%B7%BB%E3%82%AC%E3%83%96" dan="16,17,16,16" rate="2145.95,2242.69,2119.75,2078.38" sx="M,M,M,M"/><TAIKYOKU oya="0"/><INIT seed="0,0,0,1,3,70" ten="250,250,250,250" oya="0" hai0="107,26,114,7,105,60,118,53,35,126,45,63,71" hai1="21,23,31,134,106,19,120,25,4,129,42,131,102" hai2="24,52,68,61,29,135,122,38,54,15,13,74,62" hai3="83,32,43,34,99,44,41,98,76,93,119,37,86"/><T115/><D118/><U17/><E106/><V22/><F122/><W78/><G119/><T123/><D53/><U48/><E102/><V77/><F135/><W132/><G132/><T64/><D123/><U51/><E134/><V46/><F74/><W125/><G125/><T113/><D126/><U127/><E127/><V111/><F111/><W100/><G76/><T75/><D63/><U49/><E120/><V133/><F77/><W14/><G43/><T121/><D121/><U50/><E4/><V84/><F133/><W109/><G109/><T124/><D124/><U80/><E80/><V0/><F0/><W2/><G2/><T56/><D56/><U67/><E67/><V57/><F84/><W8/><REACH who="3" step="1"/><G99/><REACH who="3" ten="250,250,250,240" step="2"/><T95/><D115/><U88/><E131/><V39/><F68/><W130/><G130/><T12/><D114/><U33/><E129/><V36/><F46/><W96/><G96/><T58/><D113/><U59/><E42/><V66/><F66/><W9/><G9/><N who="0" m="4159" /><D71/><U3/><E3/><V30/><F30/><W117/><G117/><T91/><D45/><U69/><E69/><V128/><F128/><W1/><G1/><T16/><D75/><U28/><E28/><V55/><F55/><W20/><G20/><N who="0" m="13575" /><D35/><U73/><E33/><V92/><F54/><W103/><G103/><T6/><D64/><U81/><E31/><V112/><F112/><W89/><G89/><T5/><D91/><U104/><E73/><V18/><F29/><W40/><G40/><T10/><D10/><U72/><E72/><V85/><F62/><W90/><G90/><AGARI ba="0,1" hai="13,15,18,22,24,36,38,39,52,57,61,85,90,92" machi="90" ten="40,8000,1" yaku="6,1,52,3,54,1" doraHai="70" who="2" fromWho="3" sc="250,0,250,0,250,90,240,-80" /><INIT seed="1,0,0,4,5,46" ten="250,250,340,160" oya="1" hai0="126,115,86,57,132,50,19,2,122,3,30,112,91" hai1="133,58,120,36,113,29,104,65,42,67,97,39,52" hai2="118,124,33,48,119,106,135,31,17,89,60,56,43" hai3="23,51,121,44,69,24,129,14,15,54,109,53,85"/><U98/><E120/><V41/><F106/><W134/><G121/><T131/><D122/><U96/><E113/><V77/><F77/><W72/><G72/><T68/><D68/><U16/><E104/><V116/><F89/><W71/><G109/><T102/><D102/><U64/><E133/><V87/><F87/><W90/><G129/><T10/><D30/><U117/><E117/><V5/><F17/><W0/><G0/><T45/><D132/><U99/><N who="1" m="24576" /><DORA hai="38" /><U114/><E114/><V81/><F81/><W35/><G134/><T40/><D131/><U12/><E42/><N who="2" m="15883" /><F5/><W127/><G127/><T100/><D126/><U9/><REACH who="1" step="1"/><E29/><REACH who="1" ten="250,240,340,160" step="2"/><V125/><F31/><W37/><G37/><T13/><D115/><U63/><AGARI ba="0,1" hai="9,12,16,36,39,52,58,63,64,65,67" m="24576" machi="63" ten="50,18000,2" yaku="1,1,2,1,0,1,54,2,53,1" doraHai="46,38" doraHaiUra="7,22" who="1" fromWho="1" sc="250,-60,240,190,340,-60,160,-60" /><INIT seed="1,1,0,4,4,90" ten="190,430,280,100" oya="1" hai0="19,43,100,87,48,53,15,101,66,134,55,45,61" hai1="34,119,103,28,24,126,117,95,86,31,33,104,67" hai2="132,99,130,91,20,69,129,106,50,36,12,76,58" hai3="56,110,63,114,135,8,30,35,96,27,113,82,107"/><U14/><E126/><V1/><F1/><W123/><G123/><T9/><D134/><U68/><E14/><V13/><F36/><W32/><G110/><T128/><D128/><U18/><E18/><V127/><F69/><W38/><G135/><T75/><D75/><U60/><E95/><N who="2" m="56831" /><F132/><W115/><G38/><T54/><REACH who="0" step="1"/><D87/><REACH who="0" ten="180,430,280,100" step="2"/><U77/><E86/><V122/><F130/><W93/><G107/><T89/><D89/><U70/><E104/><V51/><F129/><W49/><G49/><T44/><D44/><U10/><E119/><V16/><F106/><W64/><G82/><T25/><D25/><U124/><E24/><V79/><F127/><W41/><G41/><T52/><N who="0" m="13312" /><DORA hai="105" /><T80/><D80/><U98/><E117/><V17/><F122/><W29/><G29/><T39/><D39/><U131/><E31/><V2/><F51/><W133/><G133/><T125/><D125/><U102/><E28/><V72/><F72/><W62/><G62/><T118/><D118/><U74/><E60/><V6/><F50/><W22/><REACH who="3" step="1"/><G8/><REACH who="3" ten="180,430,280,90" step="2"/><T7/><D7/><U40/><E10/><V85/><F6/><W3/><G3/><T5/><D5/><U0/><E0/><V42/><F2/><W21/><G21/><T37/><D37/><U26/><E40/><V84/><F42/><W73/><G73/><T4/><D4/><U46/><E74/><V71/><F20/><W81/><G81/><T111/><D111/><U11/><E124/><V108/><F108/><W94/><G94/><T83/><D83/><U109/><E109/><V121/><F121/><RYUUKYOKU ba="1,2" sc="180,15,430,-15,280,-15,90,15" hai0="9,15,19,43,45,48,61,66,100,101" hai3="22,27,30,32,35,56,63,64,93,96,113,114,115" /><INIT seed="2,2,2,1,2,11" ten="195,415,265,105" oya="2" hai0="51,107,12,13,130,120,64,70,124,39,83,135,69" hai1="8,82,48,132,10,131,25,99,40,21,92,98,109" hai2="15,114,102,73,29,118,117,97,129,115,44,34,7" hai3="31,2,24,110,16,55,58,1,61,17,125,20,3"/><V6/><F73/><W67/><G110/><T23/><D120/><U128/><E109/><V121/><F44/><W79/><G125/><T96/><D39/><U95/><E132/><V116/><F121/><W47/><G79/><T26/><D124/><U33/><E33/><V108/><F108/><W105/><G105/><T88/><D135/><U87/><E48/><V60/><F129/><N who="1" m="49737" /><E40/><V35/><F60/><W59/><REACH who="3" step="1"/><G47/><REACH who="3" ten="195,415,265,95" step="2"/><T32/><D130/><U78/><E78/><V27/><F117/><W127/><G127/><T76/><D107/><U5/><E95/><V103/><F118/><W22/><G22/><T71/><D32/><U81/><E92/><V18/><F116/><W123/><G123/><T94/><D64/><U57/><E21/><V36/><F35/><W56/><G56/><T93/><D94/><U9/><E57/><V72/><F34/><W66/><G66/><T19/><REACH who="0" step="1"/><D51/><AGARI ba="2,3" hai="1,2,3,16,17,20,24,31,51,55,58,59,61,67" machi="51" ten="40,2600,0" yaku="1,1,54,1,53,0" doraHai="11" doraHaiUra="30" who="3" fromWho="0" sc="195,-32,415,0,265,0,95,62" /><INIT seed="3,0,0,0,4,59" ten="163,415,265,157" oya="3" hai0="71,128,120,70,16,22,96,49,57,127,35,113,81" hai1="106,97,83,133,108,80,23,95,54,41,86,58,42" hai2="19,67,50,78,15,84,56,32,118,27,69,100,122" hai3="37,53,65,82,134,26,135,10,104,75,92,17,66"/><W6/><G104/><T20/><D120/><U36/><E108/><V14/><F118/><W12/><G37/><T101/><D35/><U85/><E106/><V68/><F100/><W0/><G92/><T8/><D128/><U63/><E133/><N who="3" m="50698" /><G26/><T111/><D111/><U98/><E23/><V87/><F27/><W132/><N who="3" m="50706" /><W25/><DORA hai="30" /><G25/><T77/><D71/><U60/><E60/><V18/><F32/><W38/><G38/><T4/><D70/><U28/><E28/><V99/><F122/><W43/><G43/><N who="1" m="16394" /><E36/><V7/><F99/><N who="1" m="37897" /><E95/><V61/><F69/><W117/><G117/><T130/><D130/><U76/><E76/><V21/><F68/><W110/><G110/><T74/><D77/><U13/><E13/><V1/><F1/><W64/><G53/><T44/><D113/><U90/><E90/><V40/><F78/><N who="3" m="44383" /><G0/><T126/><D126/><U94/><E94/><V48/><F67/><N who="3" m="17155" /><W119/><DORA hai="125" /><G119/><T131/><D127/><U29/><E29/><V124/><F124/><W109/><G109/><T129/><D131/><U11/><E83/><V121/><F40/><W31/><G31/><T107/><D129/><U103/><E80/><V24/><F24/><W114/><G114/><T123/><D123/><U79/><E54/><V93/><F93/><W9/><G9/><T105/><D107/><U47/><E11/><V72/><F121/><W51/><G51/><T2/><D105/><U52/><E52/><V112/><F112/><W89/><G89/><T55/><D55/><U45/><E79/><V33/><F50/><W39/><G39/><RYUUKYOKU ba="0,0" sc="163,-10,415,-10,265,-10,157,30" hai3="6,10,12,17" /><INIT seed="3,1,0,1,4,111" ten="153,405,255,187" oya="3" hai0="57,12,103,27,100,81,71,99,129,85,46,45,6" hai1="98,83,130,120,127,47,79,52,96,113,77,134,131" hai2="91,97,66,132,73,39,110,32,109,72,37,28,30" hai3="21,1,50,75,69,40,68,5,70,41,49,67,89"/><W102/><G75/><T63/><D129/><N who="1" m="49163" /><E113/><V135/><F91/><W10/><G102/><T84/><D71/><U95/><E127/><V51/><F51/><W78/><G78/><T64/><D27/><U133/><E120/><V22/><F22/><W115/><G115/><T126/><D126/><U16/><E16/><V76/><F66/><W128/><G128/><T74/><D74/><N who="2" m="28778" /><F97/><W119/><G119/><T38/><D38/><N who="2" m="14346" /><F76/><W25/><G67/><T11/><D84/><U122/><E98/><V121/><F121/><W124/><G89/><T8/><D8/><U19/><E19/><V33/><F28/><W18/><G124/><T80/><D80/><U34/><E96/><V117/><F117/><W112/><G112/><T4/><D4/><U101/><E101/><V3/><F3/><W61/><G61/><T106/><REACH who="0" step="1"/><D100/><REACH who="0" ten="143,405,255,187" step="2"/><U42/><E83/><V118/><F118/><W87/><REACH who="3" step="1"/><G87/><REACH who="3" ten="143,405,255,177" step="2"/><T29/><D29/><U48/><E79/><AGARI ba="1,2" hai="6,11,12,45,46,57,63,64,79,81,85,99,103,106" machi="79" ten="30,2000,0" yaku="1,1,7,1,53,0" doraHai="111" doraHaiUra="17" who="0" fromWho="1" sc="143,43,405,-23,255,0,177,0" owari="186,-21.4,382,48.2,255,5.5,177,-32.3" /></mjloggm>