<mjloggm ver="2.3"><GO type="225" lobby="0"/><UN n0="%E5%8D%A0%E3%81%84%E5%B8%AB%E8%A3%8F%E3%81%AA%E3%81%84%E3%81%97" n1="%E3%81%A1%E3%82%85%E3%81%86%E3%81%A9%E3%81%8F%E8%B1%A1%E3%81%95%E3%82%93" n2="%73%6C%69%63%6B%33%31%39" n3="%E6%A1%9C%E8%8A%B1%E9%96%83%E3%80%85" dan="17,17,17,17" rate="2130.80,2132.61,2177.00,2190.78" sx="M,M,M,M"/><TAIKYOKU oya="0"/><INIT seed="0,0,0,5,1,40" ten="250,250,250,250" oya="0" hai0="130,82,79,69,47,27,123,98,23,113,64,37,45" hai1="11,125,61,128,115,42,4,44,28,112,25,57,39" hai2="18,81,129,122,94,84,83,100,91,52,31,0,80" hai3="101,72,6,93,68,120,126,20,121,3,8,24,119"/><T59/><D113/><N who="1" m="43595" /><E128/><V56/><F122/><N who="3" m="47211" /><G72/><T110/><D123/><U33/><E125/><V88/><F0/><W13/><G68/><T111/><D37/><U109/><E109/><N who="0" m="41481" /><D69/><U124/><E124/><V133/><F129/><W16/><G126/><T78/><D130/><U71/><E71/><V60/><F133/><W77/><G77/><N who="0" m="29195" /><D82/><U85/><E85/><V135/><F135/><W103/><G119/><T48/><D98/><U62/><E57/><V76/><F31/><N who="3" m="17799" /><G93/><T92/><D92/><U51/><E39/><V117/><F117/><W58/><G58/><T87/><D87/><U104/><E104/><V65/><F76/><W95/><G95/><T7/><D7/><U17/><E17/><V34/><F18/><W74/><G74/><T90/><D90/><U132/><E132/><V38/><F38/><W86/><G86/><T29/><D48/><U127/><E127/><V9/><F91/><W1/><G1/><AGARI ba="0,0" hai="1,4,11,25,28,33,42,44,51,61,62" m="43595" machi="1" ten="30,2000,0" yaku="11,1,52,1" doraHai="40" who="1" fromWho="3" sc="250,0,250,20,250,0,250,-20" /><INIT seed="1,0,0,4,0,78" ten="250,270,250,230" oya="1" hai0="90,39,14,10,43,110,83,32,51,0,91,96,46" hai1="127,20,17,34,3,2,99,112,115,116,133,22,86" hai2="30,35,61,25,33,123,135,1,36,56,81,23,28" hai3="27,84,48,24,114,16,63,119,42,103,102,11,68"/><U7/><E116/><V101/><F123/><W67/><G114/><T107/><D32/><U71/><E71/><V108/><F36/><W45/><G119/><T52/><D110/><U132/><E99/><V118/><F118/><W76/><G27/><T106/><D0/><N who="1" m="43" /><E86/><V134/><F1/><W93/><G93/><T85/><D91/><U40/><E40/><V104/><F108/><W21/><REACH who="3" step="1"/><G11/><REACH who="3" ten="250,270,250,220" step="2"/><T79/><D96/><U75/><E115/><V117/><F117/><W94/><G94/><T87/><D107/><U59/><E112/><V105/><F105/><W31/><G31/><T109/><D106/><U5/><E132/><V47/><F30/><W55/><G55/><T66/><D109/><U41/><E133/><V4/><F135/><W113/><G113/><T65/><D43/><U73/><E41/><V37/><F134/><W89/><G89/><T19/><D39/><U58/><E34/><V6/><F35/><W13/><G13/><T98/><D98/><U8/><E8/><V124/><F33/><W50/><G50/><T38/><D38/><U130/><E20/><V26/><F23/><W126/><G126/><T54/><D54/><U129/><E127/><V111/><F124/><W92/><G92/><AGARI ba="0,1" hai="10,14,19,46,51,52,65,66,79,83,85,87,90,92" machi="92" ten="30,7700,0" yaku="7,1,8,1,52,1,54,1" doraHai="78" who="0" fromWho="3" sc="250,87,270,0,250,0,220,-77" /><INIT seed="2,0,0,3,1,23" ten="337,270,250,143" oya="2" hai0="43,96,36,103,19,22,118,85,26,47,56,102,67" hai1="88,135,45,70,97,129,116,14,82,31,68,11,69" hai2="62,113,76,1,40,39,105,89,24,63,6,81,124" hai3="42,134,18,8,3,83,4,64,57,128,58,133,77"/><V109/><F113/><W87/><G128/><T84/><D118/><U33/><E116/><V75/><F124/><W32/><G32/><T46/><D46/><U59/><E129/><V91/><F105/><W95/><G42/><T54/><D67/><U101/><E135/><N who="3" m="51722" /><G64/><T35/><D35/><U119/><E119/><V12/><F12/><W13/><G95/><T100/><REACH who="0" step="1"/><D96/><REACH who="0" ten="327,270,250,143" step="2"/><U65/><E45/><V121/><F121/><W7/><G7/><T61/><AGARI ba="0,1" hai="19,22,26,36,43,47,54,56,61,84,85,100,102,103" machi="61" ten="30,7900,0" yaku="1,1,2,1,0,1,52,1,53,0" doraHai="23" doraHaiUra="123" who="0" fromWho="0" sc="327,89,270,-20,250,-39,143,-20" /><INIT seed="3,0,0,4,5,31" ten="416,250,211,123" oya="3" hai0="79,91,1,36,29,104,2,102,63,26,15,44,54" hai1="116,90,71,98,105,81,69,101,59,11,125,83,66" hai2="89,120,61,129,86,123,100,50,58,22,28,80,24" hai3="8,72,131,42,16,110,0,135,74,96,75,34,113"/><W49/><G113/><T52/><D79/><U94/><E125/><V53/><F100/><W114/><G114/><T40/><D15/><U133/><E83/><V121/><REACH who="2" step="1"/><F61/><REACH who="2" ten="416,250,201,123" step="2"/><W17/><G131/><AGARI ba="0,1" hai="22,24,28,50,53,58,80,86,89,120,121,123,129,131" machi="131" ten="50,6400,0" yaku="1,1,2,1,13,1,53,0" doraHai="31" doraHaiUra="108" who="2" fromWho="3" sc="416,0,250,0,201,74,123,-64" owari="416,51.6,250,-15.0,275,7.5,59,-44.1" /></mjloggm>