<mjloggm ver="2.3"><GO type="225" lobby="0"/><UN n0="%E3%81%B5%E3%81%98%E3%81%8B%E3%81%A4" n1="%E6%B0%B7%E5%B7%9D%E9%87%8C%E5%A5%88" n2="%E5%A4%9C%E3%81%AE%E3%82%AC%E3%82%B9%E3%83%91%E3%83%BC%E3%83%AB" n3="%77%72%77%72%77%72%77%72" dan="16,16,16,17" rate="2193.16,2090.82,2128.36,2202.47" sx="M,F,M,M"/><TAIKYOKU oya="0"/><INIT seed="0,0,0,4,3,103" ten="250,250,250,250" oya="0" hai0="22,133,32,75,73,123,88,36,72,110,93,66,62" hai1="35,127,63,90,29,60,101,99,55,106,15,70,68" hai2="27,78,64,74,45,114,43,125,14,107,120,115,89" hai3="7,3,116,108,134,119,131,28,53,61,117,96,130"/><T46/><D123/><U59/><E127/><V92/><F120/><W30/><G96/><T113/><D113/><U4/><E90/><V19/><F125/><W6/><G61/><T49/><D32/><U5/><E15/><V128/><F128/><N who="3" m="49195" /><G53/><T25/><D133/><U47/><E47/><V18/><F64/><W11/><G134/><T44/><D110/><U102/><E102/><V132/><F132/><W65/><G65/><T13/><D13/><U80/><E80/><V8/><F107/><W51/><G51/><T37/><D46/><U40/><E40/><V12/><F27/><W38/><G38/><T34/><D34/><U121/><E121/><V23/><F78/><W112/><G112/><T91/><D22/><U129/><E129/><V100/><F74/><W16/><G7/><T71/><D25/><N who="1" m="18863" /><E70/><V85/><REACH who="2" step="1"/><F100/><REACH who="2" ten="250,250,240,250" step="2"/><W104/><G104/><T58/><D71/><U69/><E69/><V67/><F67/><AGARI ba="0,1" hai="4,5,55,59,60,63,67,68,99,101,106" m="18863" machi="67" ten="30,2000,0" yaku="25,1,52,1" doraHai="103" who="1" fromWho="2" sc="250,0,250,30,240,-20,250,0" /><INIT seed="1,0,0,1,1,21" ten="250,280,220,250" oya="1" hai0="19,92,122,39,53,35,58,91,79,103,17,113,47" hai1="55,134,64,20,36,98,15,99,34,38,87,8,65" hai2="26,48,54,112,108,101,74,75,13,102,42,56,116" hai3="93,127,126,105,14,72,50,82,86,69,111,6,51"/><U23/><E34/><V62/><F116/><W18/><G105/><T46/><D113/><U68/><E134/><V66/><F112/><W2/><G69/><T31/><D79/><U11/><E87/><V67/><F108/><W115/><G115/><T41/><D103/><U10/><E68/><V83/><F42/><W119/><G111/><T60/><D47/><U45/><E15/><V57/><F67/><N who="1" m="25673" /><E45/><V28/><F13/><W32/><G32/><T97/><REACH who="0" step="1"/><D122/><REACH who="0" ten="240,280,220,250" step="2"/><U73/><E73/><V84/><F75/><W44/><G72/><T1/><D1/><U27/><E55/><V129/><F74/><W78/><G44/><T96/><D96/><U130/><E130/><V43/><F129/><W37/><G2/><T9/><D9/><U3/><E3/><V29/><F43/><W95/><G78/><T12/><D12/><U0/><E0/><V5/><F5/><W71/><G6/><T81/><D81/><U125/><E99/><V124/><F124/><W70/><G127/><T89/><D89/><U61/><E98/><V135/><F135/><W131/><G126/><T88/><D88/><U24/><E125/><V117/><F117/><W90/><G119/><T25/><AGARI ba="0,1" hai="17,19,25,31,35,39,41,46,53,58,60,91,92,97" machi="25" ten="30,4000,0" yaku="1,1,0,1,52,1,53,0" doraHai="21" doraHaiUra="100" who="0" fromWho="0" sc="240,50,280,-20,220,-10,250,-10" /><INIT seed="2,0,0,3,5,88" ten="290,260,210,240" oya="2" hai0="94,17,67,126,30,92,14,64,73,63,104,119,7" hai1="6,31,127,97,24,19,36,15,128,85,72,62,29" hai2="66,117,61,109,87,115,110,121,58,116,2,98,102" hai3="89,107,123,22,93,18,34,77,48,45,38,80,4"/><V44/><F2/><W70/><G123/><T39/><D104/><U96/><E72/><V69/><F121/><W135/><G107/><T112/><D73/><U49/><E36/><V1/><F115/><W13/><G70/><T124/><D39/><U54/><E128/><V79/><F1/><W71/><G71/><T130/><D112/><U108/><E108/><N who="2" m="41579" /><F44/><W60/><G34/><T134/><D134/><U21/><E127/><N who="0" m="48681" /><D130/><U95/><E62/><N who="2" m="40151" /><F87/><N who="3" m="48527" /><G38/><T23/><D119/><U100/><E97/><V56/><F79/><W27/><G60/><T120/><D120/><U132/><E85/><V26/><F26/><W65/><G65/><N who="0" m="25163" /><D63/><U5/><E132/><V129/><F129/><W111/><G135/><T28/><D7/><N who="1" m="2571" /><E24/><V68/><F68/><W41/><G4/><T103/><D103/><U51/><E51/><V12/><F61/><W133/><G133/><T50/><D50/><U81/><E81/><V122/><F122/><W9/><G111/><T131/><D131/><U59/><AGARI ba="0,0" hai="15,19,21,29,31,49,54,59,95,96,100" m="2571" machi="59" ten="30,2000,0" yaku="8,1,52,1" doraHai="88" who="1" fromWho="1" sc="290,-5,260,20,210,-10,240,-5" /><INIT seed="3,0,0,2,1,12" ten="285,280,200,235" oya="3" hai0="58,39,4,99,60,74,14,53,122,24,6,90,42" hai1="131,92,18,1,0,56,73,57,116,79,97,133,130" hai2="101,55,28,82,81,23,95,102,9,124,16,10,15" hai3="119,3,87,36,91,125,86,47,129,41,132,78,134"/><W121/><G119/><T71/><D122/><U19/><E116/><V128/><F128/><N who="1" m="49193" /><E133/><N who="3" m="51306" /><G121/><T89/><D74/><U98/><E79/><V5/><F124/><W8/><G125/><T51/><D24/><U17/><E73/><V64/><F64/><W7/><G129/><T112/><D112/><U68/><E68/><V94/><F55/><W2/><G78/><T30/><D30/><U118/><E118/><V123/><F123/><W34/><G34/><T52/><D53/><U75/><E75/><V93/><F28/><W33/><G33/><T20/><D99/><N who="1" m="37899" /><E92/><V22/><F10/><W117/><G117/><T29/><D29/><U77/><E77/><V88/><F23/><W85/><G2/><AGARI ba="0,0" hai="0,1,2,17,18,19,56,57" m="37899,49193" machi="2" ten="40,12000,2" yaku="28,2,19,1,52,3" doraHai="12" who="1" fromWho="3" sc="285,0,280,120,200,0,235,-120" owari="285,8.5,400,50.0,200,-20.0,115,-38.5" /></mjloggm>