<mjloggm ver="2.3"><GO type="225" lobby="0"/><UN n0="%E7%90%B4%E6%9F%B3" n1="%E6%98%A5%E3%81%AE%E3%81%8B%E3%81%91%E3%82%89" n2="%E3%83%A1%E3%82%AC%E3%83%87%E3%82%B8" n3="%41%54%53%4D" dan="16,16,16,16" rate="2123.42,2045.83,2098.30,2100.38" sx="F,F,F,M"/><TAIKYOKU oya="0"/><INIT seed="0,0,0,0,5,82" ten="250,250,250,250" oya="0" hai0="35,46,1,78,83,112,44,92,4,2,61,84,14" hai1="5,76,128,62,120,94,65,42,97,6,121,15,67" hai2="38,31,29,58,56,8,98,81,37,103,34,54,117" hai3="36,25,21,3,73,53,80,77,45,115,93,130,104"/><T0/><D35/><U20/><E128/><V108/><F108/><W32/><G104/><T48/><D48/><U11/><BYE who="0" /><E42/><UN n0="%E7%90%B4%E6%9F%B3" /><V40/><F58/><W23/><G130/><T74/><D112/><U107/><E107/><V89/><F117/><W47/><G115/><T99/><D74/><U110/><E110/><V33/><F33/><W88/><G3/><T24/><D24/><U43/><E43/><V57/><F57/><W64/><G64/><T134/><D134/><U111/><E111/><V86/><F8/><W75/><G75/><T87/><D61/><U28/><E6/><V26/><F29/><W96/><G36/><T116/><D116/><U85/><E120/><V49/><REACH who="2" step="1"/><F40/><REACH who="2" ten="250,250,240,250" step="2"/><W123/><G123/><T19/><D4/><U13/><E121/><V106/><AGARI ba="0,1" hai="26,31,34,37,38,49,54,56,81,86,89,98,103,106" machi="106" ten="20,12000,2" yaku="1,1,2,1,0,1,7,1,52,1,53,1" doraHai="82" doraHaiUra="101" who="2" fromWho="2" sc="250,-60,250,-30,240,130,250,-30" /><INIT seed="1,0,0,3,4,130" ten="190,220,370,220" oya="1" hai0="53,28,96,135,56,62,124,115,104,106,63,17,86" hai1="84,41,133,5,13,75,58,99,118,90,111,0,19" hai2="48,128,94,98,55,16,89,100,64,88,26,73,59" hai3="54,35,109,44,30,60,15,112,83,77,8,47,82"/><U68/><E68/><V71/><F73/><W40/><G112/><T72/><D72/><U78/><E118/><V45/><F71/><W12/><G109/><T21/><D115/><U93/><E111/><V3/><F3/><W31/><G35/><T120/><D120/><U105/><E133/><V39/><F128/><W37/><G83/><T2/><D2/><U11/><E41/><V46/><F39/><W22/><G22/><T24/><D124/><U7/><E58/><V126/><F126/><W113/><G113/><T134/><D86/><U38/><E38/><V122/><F122/><W131/><G131/><T79/><D79/><U25/><E25/><V102/><F89/><W33/><G33/><T9/><D63/><U81/><REACH who="1" step="1"/><E0/><REACH who="1" ten="190,210,370,220" step="2"/><V14/><F26/><W103/><G37/><T110/><D110/><U43/><E43/><V121/><F121/><W129/><G40/><T116/><D116/><U23/><E23/><N who="2" m="11671" /><F45/><W69/><G129/><T6/><D28/><U67/><E67/><V49/><F64/><W123/><G123/><T27/><D27/><U117/><E117/><V52/><AGARI ba="0,1" hai="46,48,49,52,55,59,88,94,98,100,102" m="11671" machi="52" ten="30,7900,0" yaku="8,1,54,3" doraHai="130" who="2" fromWho="2" sc="190,-20,210,-39,370,89,220,-20" /><INIT seed="2,0,0,5,0,37" ten="170,171,459,200" oya="2" hai0="5,47,122,114,13,71,68,116,20,129,104,33,85" hai1="39,127,106,84,22,45,92,101,74,19,27,17,1" hai2="26,115,89,6,49,11,132,35,108,81,16,112,50" hai3="87,40,59,44,128,133,97,83,76,130,98,57,60"/><V52/><F50/><W64/><G133/><T63/><D104/><U73/><E127/><V135/><F108/><W105/><G59/><T118/><D114/><U51/><E39/><V4/><F81/><W123/><G123/><T121/><D33/><U8/><E106/><V117/><F89/><W56/><G56/><T94/><D94/><U75/><E1/><V69/><F69/><N who="0" m="26698" /><D85/><U91/><E101/><V80/><F80/><W14/><G14/><T53/><D129/><N who="3" m="49769" /><G105/><T113/><D113/><U77/><E77/><V21/><F4/><W126/><G126/><T29/><D29/><U110/><E110/><V23/><F35/><W95/><G95/><T131/><D131/><U7/><E7/><V38/><F117/><N who="0" m="45162" /><D20/><U100/><E100/><V62/><F62/><W28/><G28/><T58/><D47/><U82/><E82/><V3/><F23/><W93/><G93/><T102/><D102/><U31/><REACH who="1" step="1"/><E8/><AGARI ba="0,0" hai="5,8,13,53,58,63,121,122" m="45162,26698" machi="8" ten="30,1000,0" yaku="12,1" doraHai="37" who="0" fromWho="1" sc="170,10,171,-10,459,0,200,0" /><INIT seed="3,0,0,1,2,8" ten="180,161,459,200" oya="3" hai0="47,96,33,10,23,13,133,71,73,79,112,92,4" hai1="106,38,36,117,110,93,63,70,28,0,105,19,20" hai2="15,135,86,21,125,119,74,78,56,59,9,129,100" hai3="7,31,122,131,127,121,109,52,14,44,95,5,51"/><W65/><G131/><T126/><D71/><U113/><E113/><V77/><F119/><W50/><G127/><T17/><D33/><U103/><E117/><V83/><F129/><W37/><G37/><T76/><D126/><U72/><E110/><V6/><F125/><W22/><G109/><T91/><D133/><U1/><E72/><V101/><F135/><W88/><G65/><T87/><D112/><U80/><E80/><V68/><F68/><W58/><G122/><T27/><D73/><U18/><E28/><V90/><F21/><W29/><G121/><T69/><D69/><U67/><E93/><V45/><F45/><W116/><G116/><T124/><D124/><U40/><E19/><V16/><F6/><W111/><G111/><T130/><D130/><U32/><E32/><V102/><F74/><W39/><G39/><T11/><D11/><U57/><E70/><V41/><F41/><N who="3" m="24847" /><G5/><T60/><D60/><U94/><E94/><V99/><F99/><N who="3" m="57831" /><G22/><T104/><D47/><N who="1" m="23943" /><E38/><V134/><F134/><W98/><G98/><T53/><D53/><U84/><E84/><V75/><F75/><W108/><G108/><T25/><D104/><N who="1" m="40043" /><E103/><V132/><F132/><W49/><G49/><T12/><D96/><U114/><E114/><V43/><F43/><W54/><G54/><T89/><D89/><U107/><N who="1" m="40051" /><U85/><DORA hai="35" /><E85/><V118/><F118/><W26/><G26/><AGARI ba="0,0" hai="4,10,12,13,17,23,25,26,27,76,79,87,91,92" machi="26" ten="40,5200,0" yaku="8,1,52,2" doraHai="8,35" who="0" fromWho="3" sc="180,52,161,0,459,0,200,-52" owari="232,3.2,161,-23.9,459,55.9,148,-35.2" /></mjloggm>