<mjloggm ver="2.3"><GO type="225" lobby="0"/><UN n0="%E3%81%8B%E3%82%8F%E3%81%A1%E3%82%83%E3%82%93%35%38" n1="%4C%4F%4C%49%54%41" n2="%E3%81%B8%E3%82%80%E3%81%B8%E3%82%80%EF%BC%92%E5%8F%B7" n3="%61%67%65%48%61" dan="17,16,16,16" rate="2134.62,2183.76,2126.27,2066.33" sx="M,F,M,M"/><TAIKYOKU oya="0"/><INIT seed="0,0,0,5,5,37" ten="250,250,250,250" oya="0" hai0="118,73,76,131,120,125,134,115,77,111,59,8,3" hai1="39,11,16,10,129,2,49,107,68,21,25,26,47" hai2="117,57,53,97,19,71,63,108,70,116,24,44,109" hai3="85,32,94,92,112,0,33,45,133,87,43,122,4"/><T100/><RYUUKYOKU type="yao9" ba="0,0" sc="250,0,250,0,250,0,250,0" hai0="3,8,59,73,76,77,100,111,115,118,120,125,131,134" /><INIT seed="0,1,0,4,2,75" ten="250,250,250,250" oya="0" hai0="34,16,2,39,56,65,30,89,86,131,23,79,55" hai1="111,18,21,50,81,109,1,82,41,102,128,15,135" hai2="38,46,28,63,119,93,43,110,108,72,78,33,11" hai3="24,29,113,100,103,99,31,105,62,70,68,101,77"/><T97/><D131/><U44/><E1/><V0/><F119/><W104/><G113/><T59/><D39/><U10/><E128/><V123/><F123/><W66/><G31/><T37/><D37/><U54/><E135/><V64/><F93/><W114/><G114/><T125/><D2/><U71/><E71/><N who="2" m="42399" /><F33/><W12/><G12/><N who="0" m="9607" /><D34/><U95/><E10/><V133/><F28/><W124/><G124/><T19/><D125/><U48/><E95/><V120/><F120/><W58/><G105/><T126/><D126/><U121/><E102/><V69/><F69/><W25/><G25/><T118/><D118/><U88/><E121/><V22/><F22/><W92/><G92/><N who="0" m="56463" /><D30/><U130/><E130/><V107/><F107/><W116/><G116/><T32/><D32/><U4/><E4/><N who="2" m="1415" /><F133/><W27/><G29/><T49/><D19/><U14/><E15/><V134/><F134/><W61/><G104/><T60/><D86/><U80/><REACH who="1" step="1"/><E88/><REACH who="1" ten="250,240,250,250" step="2"/><V51/><F51/><W90/><G90/><T9/><D9/><U67/><E67/><V35/><F35/><W117/><G66/><T85/><D85/><U84/><E84/><V127/><F127/><W5/><G117/><T42/><D42/><U13/><E13/><V17/><F17/><W112/><G112/><T40/><D40/><U76/><E76/><AGARI ba="1,1" hai="49,55,56,59,60,65,76,79" m="56463,9607" machi="76" ten="30,11600,0" yaku="8,1,52,2,54,1" doraHai="75" who="0" fromWho="1" sc="250,129,240,-119,250,0,250,0" /><INIT seed="0,2,0,3,3,11" ten="379,121,250,250" oya="0" hai0="126,110,100,98,0,67,77,34,44,8,65,26,5" hai1="75,50,43,28,125,6,45,105,42,109,90,15,24" hai2="17,10,46,97,135,27,87,57,4,76,60,83,59" hai3="54,47,111,121,40,96,94,74,128,118,68,51,71"/><T21/><D126/><U117/><E117/><V130/><F135/><W114/><G74/><T66/><D110/><U81/><E105/><V92/><F130/><W108/><G118/><T91/><D77/><U129/><E129/><V70/><F70/><W133/><G128/><T14/><D44/><U49/><E109/><N who="3" m="42058" /><G114/><T39/><D39/><U69/><E69/><V48/><F27/><W13/><G133/><T16/><D91/><U55/><E125/><V23/><F60/><W52/><G121/><T19/><D34/><U18/><E6/><V93/><F23/><W36/><G54/><T41/><D41/><U86/><E50/><V73/><F17/><W123/><G123/><T78/><D78/><U102/><E102/><V115/><F93/><W99/><G99/><T127/><D127/><U12/><E75/><V31/><F31/><W106/><G106/><T72/><D72/><U62/><E62/><V3/><F73/><W134/><G13/><N who="1" m="5194" /><E28/><V116/><F116/><W112/><G112/><T95/><D0/><U101/><E101/><V32/><F32/><W89/><G134/><T58/><D58/><AGARI ba="2,0" hai="36,40,47,51,52,58,68,71,89,94,96" m="42058" machi="58" ten="30,2000,0" yaku="14,1,54,1" doraHai="11" who="3" fromWho="0" sc="379,-26,121,0,250,0,250,26" /><INIT seed="1,0,0,2,5,90" ten="353,121,250,276" oya="1" hai0="50,55,82,103,44,101,96,104,5,35,130,49,36" hai1="108,24,105,97,102,15,7,133,4,56,59,85,70" hai2="91,16,124,123,125,39,28,64,19,92,132,14,61" hai3="12,79,115,33,60,71,18,58,57,75,41,68,47"/><U42/><E70/><V69/><F123/><W121/><G33/><T83/><D35/><U81/><E133/><V51/><F132/><W86/><G121/><T66/><D36/><U111/><E42/><V3/><F3/><W32/><G32/><T127/><D5/><U135/><E135/><V52/><F39/><W117/><G115/><T20/><D66/><U62/><E24/><V129/><F28/><W65/><G75/><T6/><D6/><U80/><E81/><V2/><F2/><W98/><G57/><T84/><D130/><U116/><E116/><V9/><F19/><W38/><G117/><T114/><D114/><U120/><E120/><V95/><F129/><W22/><G79/><T112/><D112/><U106/><E106/><V37/><F37/><W78/><G98/><T134/><D134/><U30/><E30/><V25/><F25/><W128/><G128/><T89/><D103/><U54/><E59/><V93/><REACH who="2" step="1"/><F91/><REACH who="2" ten="353,121,240,276" step="2"/><W53/><G38/><T76/><D89/><N who="1" m="51367" /><E15/><V13/><F13/><W122/><G122/><T1/><D1/><U21/><E21/><V107/><F107/><W67/><G12/><T77/><D104/><U88/><E88/><V31/><F31/><W110/><G18/><T8/><D20/><U11/><E11/><V26/><F26/><W99/><G22/><T87/><D8/><U27/><E27/><V113/><F113/><W43/><G78/><T17/><D77/><U126/><E126/><V100/><F100/><W63/><G68/><T109/><D76/><U48/><E48/><V10/><F10/><W131/><G71/><RYUUKYOKU ba="0,1" sc="353,-15,121,15,240,15,276,-15" hai1="4,7,54,56,62,97,102,105,108,111" hai2="9,14,16,51,52,61,64,69,92,93,95,124,125" /><INIT seed="1,1,1,2,2,17" ten="338,136,255,261" oya="1" hai0="88,78,0,35,4,72,37,40,58,111,98,83,18" hai1="55,64,85,82,132,113,53,42,128,27,112,89,12" hai2="99,90,10,109,44,3,75,45,133,33,63,15,11" hai3="26,73,2,120,124,47,41,8,23,116,67,14,95"/><U51/><E128/><V43/><F33/><W36/><G120/><T60/><D35/><U34/><E132/><V76/><F133/><W39/><G124/><T93/><D111/><U86/><E64/><V110/><F63/><W29/><G116/><T21/><D37/><U13/><E42/><V104/><F3/><W48/><G2/><T46/><D0/><U50/><E82/><N who="2" m="45343" /><F43/><W59/><G73/><T62/><D4/><U80/><E34/><V123/><F11/><W16/><REACH who="3" step="1"/><G95/><REACH who="3" ten="338,136,255,251" step="2"/><T30/><D72/><U22/><E113/><V32/><F123/><W105/><G105/><T129/><D93/><U69/><E112/><V130/><F130/><W102/><G102/><T25/><D129/><U135/><E135/><V103/><F103/><W118/><G118/><T71/><D83/><U70/><E80/><V100/><F100/><W107/><G107/><T84/><D78/><U106/><E106/><V131/><F104/><W108/><G108/><T121/><D121/><U24/><REACH who="1" step="1"/><E89/><REACH who="1" ten="338,126,255,251" step="2"/><V101/><F90/><W125/><G125/><T114/><D88/><U56/><E56/><V9/><F101/><W117/><G117/><T134/><D58/><U66/><E66/><V6/><F131/><W122/><G122/><T19/><D134/><U81/><E81/><V91/><F109/><W126/><G126/><T115/><D115/><U57/><E57/><V31/><F110/><W96/><G96/><T54/><D98/><U20/><AGARI ba="1,3" hai="12,13,20,22,24,27,50,51,53,55,69,70,85,86" machi="20" ten="25,18000,2" yaku="1,1,0,1,22,2,52,2,53,0" doraHai="17" doraHaiUra="127" who="1" fromWho="1" sc="338,-61,126,213,255,-61,251,-61" /><INIT seed="1,2,0,1,1,21" ten="277,339,194,190" oya="1" hai0="50,101,132,97,49,46,31,2,15,123,121,9,125" hai1="80,3,40,44,75,23,65,26,42,72,122,59,120" hai2="117,19,34,4,10,27,0,48,24,14,88,78,58" hai3="13,74,107,96,68,7,1,11,36,70,43,16,86"/><U83/><E3/><V109/><F117/><W105/><G86/><T38/><D132/><U29/><E65/><V32/><F78/><W82/><G96/><T25/><D2/><U73/><E59/><V30/><F88/><W18/><G18/><T6/><D125/><U135/><E135/><V28/><F109/><W103/><G103/><T113/><D113/><U128/><E128/><V64/><F48/><W76/><G70/><T8/><D8/><U79/><E42/><V131/><F131/><W61/><G61/><T35/><D38/><U108/><E108/><V98/><F98/><W54/><G54/><T126/><D126/><U124/><E124/><V99/><F99/><W5/><G5/><T94/><REACH who="0" step="1"/><D50/><REACH who="0" ten="267,339,194,190" step="2"/><U37/><REACH who="1" step="1"/><E83/><REACH who="1" ten="267,329,194,190" step="2"/><V81/><F81/><W77/><G76/><T45/><D45/><U119/><E119/><V47/><F47/><N who="3" m="24039" /><G68/><T116/><D116/><U52/><E52/><AGARI ba="2,2" hai="6,9,15,25,31,35,46,49,52,94,97,101,121,123" machi="52" ten="40,8000,1" yaku="1,1,52,1,54,1,53,1" doraHai="21" doraHaiUra="22" who="0" fromWho="1" sc="267,106,329,-86,194,0,190,0" /><INIT seed="2,0,0,1,4,62" ten="373,243,194,190" oya="2" hai0="87,16,108,79,120,85,56,18,29,10,110,72,25" hai1="39,19,121,92,100,68,9,40,126,11,131,94,13" hai2="38,17,116,20,84,28,59,80,58,26,1,12,50" hai3="125,76,133,91,44,41,6,7,43,132,130,34,111"/><V90/><F116/><W53/><G34/><T71/><D71/><U27/><E68/><V104/><F104/><W24/><G76/><T70/><D70/><U115/><E115/><V81/><F38/><W112/><G112/><T45/><D120/><U48/><E39/><V135/><F135/><N who="3" m="51787" /><G111/><N who="0" m="42539" /><D72/><U105/><E105/><V15/><F1/><W101/><G101/><T32/><D10/><U61/><E131/><V67/><F67/><W69/><G69/><T102/><D102/><U5/><E126/><V95/><F15/><W127/><G130/><T2/><D2/><U22/><E100/><V8/><REACH who="2" step="1"/><F50/><REACH who="2" ten="373,243,184,190" step="2"/><N who="3" m="28871" /><G24/><T47/><D25/><U109/><E27/><V46/><F46/><W124/><G91/><T54/><D47/><U99/><E13/><V82/><AGARI ba="0,1" hai="8,12,17,20,26,28,58,59,80,81,82,84,90,95" machi="82" ten="30,6000,0" yaku="1,1,0,1,8,1,53,0" doraHai="62" doraHaiUra="118" who="2" fromWho="2" sc="373,-20,243,-20,184,70,190,-20" /><INIT seed="2,1,0,1,4,53" ten="353,223,254,170" oya="2" hai0="45,110,125,128,95,119,68,135,65,11,96,72,131" hai1="40,114,99,55,70,2,4,54,63,62,98,3,109" hai2="32,78,115,97,129,108,36,103,91,23,18,59,50" hai3="123,86,49,37,133,116,17,85,13,124,9,89,120"/><V126/><F115/><W73/><G116/><T29/><D72/><U100/><E114/><V64/><F126/><W88/><G37/><T6/><D125/><U132/><E109/><V30/><F108/><W118/><G124/><T112/><D112/><U25/><E132/><V77/><F36/><W27/><G118/><T61/><D110/><U80/><E40/><V12/><F91/><W67/><G133/><T107/><D119/><U101/><E80/><V28/><F129/><N who="0" m="49738" /><D135/><U57/><E25/><V82/><F32/><W94/><G73/><T42/><D107/><U0/><E4/><V14/><F14/><W122/><G67/><T111/><D29/><U43/><E43/><V38/><F38/><W104/><G104/><T117/><D111/><U26/><E26/><V22/><F22/><W8/><G49/><N who="0" m="26807" /><D117/><U52/><E70/><V5/><F5/><W92/><REACH who="3" step="1"/><G27/><REACH who="3" ten="353,223,254,160" step="2"/><T79/><D65/><N who="1" m="39119" /><E63/><V130/><F64/><W127/><G127/><T76/><D61/><U15/><E15/><V39/><F39/><W34/><G34/><T19/><D68/><U48/><E48/><V93/><F130/><W20/><AGARI ba="1,1" hai="8,9,13,17,20,85,86,88,89,92,94,120,122,123" machi="20" ten="30,7900,0" yaku="1,1,0,1,9,1,54,1,53,0" doraHai="53" doraHaiUra="24" who="3" fromWho="3" sc="353,-21,223,-21,254,-40,160,92" /><INIT seed="3,0,0,1,0,13" ten="332,202,214,252" oya="3" hai0="111,110,109,128,113,50,21,53,51,26,116,104,0" hai1="73,45,75,57,9,14,76,94,125,48,120,93,65" hai2="43,20,4,60,81,86,84,131,8,101,106,70,121" hai3="119,102,34,64,6,95,25,33,17,30,129,88,49"/><W56/><G56/><T74/><D128/><U135/><E120/><V11/><F131/><W122/><G129/><T32/><D116/><U16/><E135/><V99/><F121/><W1/><G122/><T52/><D113/><U72/><E125/><V63/><F43/><W107/><G119/><T47/><D0/><U90/><E76/><V132/><F132/><W100/><G64/><T19/><D104/><U117/><E117/><V134/><F134/><W38/><G38/><T29/><D74/><U96/><E93/><V87/><F81/><W82/><G82/><T3/><D3/><U114/><E114/><V18/><F70/><W22/><G33/><T35/><D29/><U91/><E65/><V115/><F115/><W103/><G49/><T55/><D55/><U130/><E130/><V79/><F79/><W67/><G67/><T97/><D97/><U37/><E57/><AGARI ba="0,0" hai="19,21,26,32,35,47,50,51,52,53,57,109,110,111" machi="57" ten="40,5200,0" yaku="14,1,52,1,54,1" doraHai="13" who="0" fromWho="1" sc="332,52,202,-52,214,0,252,0" owari="384,48.4,150,-35.0,214,-18.6,252,5.2" /></mjloggm>