<mjloggm ver="2.3"><GO type="225" lobby="0"/><UN n0="%E5%A4%96%E5%B7%9D%E7%AB%9C%E6%88%90" n1="%6D%75%75%6D%75%72%61" n2="%E7%89%B9%E6%9D%B1%E3%81%AF%E4%B8%96%E7%95%8C%E3%82%92%E6%95%91%E3%81%86" n3="%E3%83%A9%E3%83%BC%E3%83%A1%E3%83%B3%E4%BA%94%E9%83%8E" dan="16,16,16,16" rate="2114.61,2193.31,2170.04,2101.00" sx="M,F,M,M"/><TAIKYOKU oya="0"/><INIT seed="0,0,0,5,4,64" ten="250,250,250,250" oya="0" hai0="1,104,37,47,132,108,19,133,2,121,131,129,69" hai1="83,25,72,30,0,119,80,134,76,58,34,85,74" hai2="135,45,26,77,60,117,52,126,102,63,78,99,73" hai3="16,92,113,28,38,128,112,65,62,122,130,71,105"/><T18/><D104/><U23/><E119/><V32/><F117/><W115/><G105/><T66/><D121/><U49/><E134/><N who="0" m="51817" /><D108/><U6/><E0/><N who="0" m="105" /><D18/><U22/><E6/><V87/><F73/><W15/><G122/><T109/><D19/><U20/><REACH who="1" step="1"/><E80/><REACH who="1" ten="250,240,250,250" step="2"/><V88/><F78/><W31/><G112/><T29/><D109/><U107/><E107/><V84/><F77/><W81/><G113/><T86/><D29/><U96/><E96/><V82/><F99/><W50/><G115/><T118/><D118/><U111/><E111/><V48/><F82/><W12/><G81/><T13/><D86/><U44/><E44/><V35/><F45/><W94/><G28/><T3/><D3/><U33/><E33/><V123/><F35/><W98/><G31/><T120/><D120/><U127/><E127/><V67/><F32/><W116/><G116/><T100/><D47/><U114/><E114/><V95/><F123/><W39/><G98/><T36/><D100/><U79/><E79/><V21/><F102/><W110/><G110/><T124/><D124/><U59/><E59/><V89/><F126/><W91/><G128/><N who="0" m="49227" /><D13/><U42/><E42/><V9/><F135/><W101/><G130/><T46/><D46/><U57/><E57/><V103/><F103/><W51/><G12/><T61/><AGARI ba="0,1" hai="36,37,61,66,69" m="49227,105,51817" machi="61" ten="40,12000,1" yaku="20,1,19,1,23,1,52,1" doraHai="64" who="0" fromWho="0" sc="250,130,240,-40,250,-40,250,-40" /><INIT seed="0,1,0,4,0,40" ten="380,200,210,210" oya="0" hai0="119,60,36,80,49,15,1,115,4,44,95,30,65" hai1="76,52,61,23,104,73,133,113,68,109,123,124,59" hai2="84,125,5,31,64,121,90,134,72,50,53,7,42" hai3="116,46,89,107,122,56,83,16,27,101,105,55,33"/><T78/><D115/><U132/><E123/><V13/><F121/><W45/><G122/><T87/><D119/><U35/><E109/><V0/><F72/><W79/><G116/><T97/><D36/><U99/><E35/><V43/><F0/><W135/><G135/><N who="1" m="51786" /><E113/><V112/><F134/><W108/><G108/><T91/><D1/><U11/><E124/><V74/><F74/><W114/><G114/><T85/><D30/><U100/><E68/><V88/><F112/><W24/><G33/><T39/><D39/><U26/><E11/><N who="2" m="4335" /><F125/><W38/><G38/><T10/><D60/><U82/><E23/><V6/><F64/><W111/><G111/><T117/><D117/><U66/><E26/><V17/><F90/><W63/><G105/><T62/><D62/><U9/><E9/><V67/><F67/><AGARI ba="1,0" hai="52,59,61,66,67,73,76,82,99,100,104" m="51786" machi="67" ten="30,2000,0" yaku="20,1,54,1" doraHai="40" who="1" fromWho="2" sc="380,0,200,23,210,-23,210,0" /><INIT seed="1,0,0,3,3,63" ten="380,223,187,210" oya="1" hai0="34,111,35,33,96,29,94,69,102,39,8,118,66" hai1="46,54,16,122,97,78,123,85,72,71,130,62,109" hai2="44,81,26,6,57,67,120,91,75,36,103,56,121" hai3="9,55,38,124,74,30,60,100,88,23,93,18,135"/><U53/><E72/><V106/><F106/><W82/><G38/><T116/><D39/><U133/><E130/><V117/><F103/><W25/><G124/><T19/><D29/><U112/><E112/><V41/><F117/><W86/><G135/><T70/><D111/><U101/><E133/><V115/><F115/><W83/><G74/><T76/><D76/><U7/><E7/><V22/><F57/><N who="3" m="34879" /><G100/><T21/><D8/><U114/><E114/><V87/><F75/><W58/><G58/><T45/><D45/><U131/><E131/><V104/><F104/><W3/><G3/><T64/><D69/><U110/><E46/><V40/><F40/><W65/><G65/><T90/><D102/><U125/><E125/><V77/><F77/><W132/><G132/><T52/><D70/><U128/><E128/><V13/><F56/><W43/><G43/><T99/><D99/><U31/><E54/><V5/><F67/><W98/><G98/><T4/><D4/><U27/><E53/><V12/><F5/><W0/><G0/><T50/><D118/><U119/><E119/><V68/><F68/><W1/><G1/><T17/><D116/><U80/><E62/><V107/><F107/><W48/><G48/><T126/><D126/><U49/><E49/><V2/><F2/><W95/><G82/><T24/><D17/><U15/><E71/><V105/><F6/><W92/><G83/><T42/><D42/><U47/><E110/><V28/><REACH who="2" step="1"/><F105/><REACH who="2" ten="380,223,177,210" step="2"/><W79/><G79/><T32/><N who="0" m="8192" /><DORA hai="59" /><T37/><D37/><U89/><E78/><V20/><F20/><RYUUKYOKU ba="0,1" sc="380,10,223,-30,177,10,210,10" hai0="19,21,24,50,52,64,66,90,94,96" hai2="12,13,22,26,28,36,41,44,81,87,91,120,121" hai3="9,18,23,25,30,86,88,92,93,95" /><INIT seed="2,1,1,0,1,54" ten="390,193,187,220" oya="2" hai0="26,114,125,99,86,32,91,3,96,50,89,78,62" hai1="119,43,111,123,70,45,122,74,79,113,8,21,124" hai2="46,88,104,60,37,100,25,76,48,33,57,87,116" hai3="129,93,47,20,85,128,40,39,1,56,16,35,2"/><V72/><F116/><W105/><G35/><T68/><D3/><U49/><E119/><V121/><F121/><N who="1" m="46089" /><E111/><V69/><F69/><W22/><G105/><T42/><D91/><U4/><E113/><V38/><F76/><W132/><G132/><T36/><D99/><U52/><E70/><V95/><F72/><W94/><G22/><T84/><D86/><U23/><E124/><V75/><F75/><W51/><G39/><T10/><D50/><N who="1" m="26943" /><E79/><V30/><F100/><W44/><G44/><T131/><D10/><U61/><E61/><V126/><F104/><W97/><G85/><T19/><D26/><U55/><E55/><V133/><F126/><W27/><G93/><T29/><D19/><U5/><E74/><V134/><F134/><W103/><REACH who="3" step="1"/><G56/><REACH who="3" ten="390,193,187,210" step="2"/><T53/><D32/><U71/><E71/><V11/><F133/><W101/><G101/><T90/><D36/><U41/><E41/><V127/><F127/><W17/><G17/><T77/><D84/><U66/><E4/><V64/><F11/><W120/><G120/><T18/><D18/><U92/><E92/><V63/><REACH who="2" step="1"/><F60/><REACH who="2" ten="390,193,177,210" step="2"/><W15/><G15/><T0/><D62/><U9/><E9/><V24/><F24/><W73/><G73/><T59/><D125/><U80/><E8/><V107/><F107/><W28/><G28/><T81/><D29/><U135/><E135/><V82/><F82/><W118/><G118/><T6/><D81/><U108/><E80/><V106/><F106/><W65/><G65/><T102/><D114/><U14/><E66/><V112/><F112/><W130/><AGARI ba="1,3" hai="1,2,16,20,27,40,47,51,94,97,103,128,129,130" machi="130" ten="30,8000,1" yaku="1,1,5,1,0,1,19,1,54,1,53,0" doraHai="54" doraHaiUra="117" who="3" fromWho="3" sc="390,-21,193,-21,177,-41,210,113" /><INIT seed="3,0,0,3,4,5" ten="369,172,136,323" oya="3" hai0="132,25,12,18,70,13,82,128,8,99,35,124,98" hai1="34,83,61,111,17,131,120,2,53,103,55,38,93" hai2="104,10,109,123,30,89,27,118,39,88,107,97,100" hai3="64,113,122,37,31,60,68,26,84,96,81,85,29"/><W15/><G113/><T94/><D70/><U7/><E120/><V63/><F118/><W40/><G122/><T32/><D124/><U21/><E34/><V36/><F123/><W9/><G96/><T54/><D99/><U121/><E38/><V33/><F107/><W67/><G67/><T16/><D128/><U106/><E106/><V105/><F105/><W87/><G81/><T11/><D132/><U129/><E111/><V42/><F109/><W86/><N who="3" m="21504" /><DORA hai="6" /><W62/><G62/><T59/><D25/><N who="1" m="14511" /><E61/><V90/><F42/><W135/><G135/><T110/><D110/><U28/><E28/><V134/><F134/><W20/><G40/><T102/><D82/><U19/><E19/><V43/><F43/><W23/><G37/><T0/><D0/><U125/><E83/><V80/><F80/><W74/><G74/><T4/><D4/><U44/><E44/><V76/><F76/><W52/><G52/><T130/><D130/><N who="1" m="49675" /><E125/><V65/><F10/><W66/><G66/><T58/><D58/><U48/><E48/><AGARI ba="0,0" hai="8,11,12,13,16,18,32,35,48,54,59,94,98,102" machi="48" ten="30,12000,2" yaku="7,1,9,1,52,4,54,1" doraHai="5,6" who="0" fromWho="1" sc="369,120,172,-120,136,0,323,0" owari="489,58.9,52,-44.8,136,-26.4,323,12.3" /></mjloggm>