<mjloggm ver="2.3"><GO type="225" lobby="0"/><UN n0="%E3%82%82%E3%81%90%E3%82%89" n1="%E3%81%8B%E3%82%8F%E3%81%A1%E3%82%83%E3%82%93%35%38" n2="%72%69%6F%75%63%68%61%6E" n3="%E3%81%9F%E3%81%93%E2%98%86%E7%84%BC%E3%81%8D" dan="17,16,17,16" rate="2215.53,2074.66,2292.14,2120.82" sx="M,M,M,M"/><TAIKYOKU oya="0"/><INIT seed="0,0,0,4,2,1" ten="250,250,250,250" oya="0" hai0="48,30,4,118,116,74,65,34,11,99,58,13,130" hai1="95,41,61,57,9,40,43,89,133,85,55,52,18" hai2="106,66,45,127,94,91,108,36,21,3,25,60,104" hai3="70,22,49,0,64,27,31,131,14,16,46,38,115"/><T77/><D130/><U82/><E133/><V2/><F108/><W84/><G115/><T35/><D74/><U17/><E9/><V132/><F127/><W59/><G38/><T39/><D77/><U56/><REACH who="1" step="1"/><E82/><REACH who="1" ten="250,240,250,250" step="2"/><V24/><F132/><W63/><G131/><T96/><D116/><U44/><E44/><V126/><F126/><W15/><G0/><T123/><D118/><U92/><E92/><V42/><F2/><W47/><G14/><T72/><D13/><U67/><E67/><V83/><F83/><W117/><G117/><T81/><D65/><U90/><E90/><V7/><F24/><W8/><G70/><T53/><D81/><U79/><E79/><V124/><F124/><W29/><G47/><T97/><D123/><U6/><E6/><V19/><F3/><W105/><G105/><T120/><D120/><U110/><E110/><V54/><F7/><N who="3" m="3487" /><G84/><T26/><D4/><U121/><E121/><V20/><F106/><W114/><G114/><T86/><D11/><U88/><E88/><V87/><F104/><W135/><G135/><T5/><D5/><U119/><E119/><V125/><F125/><W10/><G10/><T80/><D86/><U23/><E23/><N who="2" m="13567" /><F66/><W62/><G64/><T100/><D35/><U28/><E28/><V111/><F111/><W107/><G107/><T113/><D113/><U109/><E109/><V51/><F36/><W76/><G76/><N who="0" m="44039" /><D39/><U75/><E75/><V33/><F33/><W73/><G73/><T112/><D112/><U134/><E134/><V78/><F78/><W101/><G46/><T122/><D122/><RYUUKYOKU ba="0,1" sc="250,10,240,10,250,10,250,-30" hai0="26,30,34,48,53,58,96,97,99,100" hai1="17,18,40,41,43,52,55,56,57,61,85,89,95" hai2="20,21,42,45,51,54,60,87,91,94" /><INIT seed="0,1,1,3,2,91" ten="260,250,260,220" oya="0" hai0="115,126,6,129,92,94,131,39,55,81,54,88,86" hai1="67,60,57,98,9,65,130,0,87,97,68,74,43" hai2="118,75,128,25,132,40,80,34,85,16,127,58,31" hai3="8,52,73,102,18,64,36,50,99,77,69,112,62"/><T21/><D39/><U117/><E74/><V35/><F127/><W30/><G36/><T20/><D115/><U7/><E117/><V26/><F128/><N who="0" m="49226" /><D126/><U17/><E130/><V38/><F132/><W89/><G89/><N who="0" m="53303" /><D6/><U28/><E43/><V70/><F70/><W5/><G30/><T48/><D81/><U135/><E135/><V121/><F121/><W12/><G77/><T24/><D48/><U106/><E106/><V111/><F111/><W110/><G73/><T123/><D123/><U1/><E1/><V33/><F118/><W76/><G76/><T66/><D66/><U96/><E28/><V42/><F75/><W37/><G37/><T119/><D119/><U13/><E87/><V61/><F16/><W108/><G112/><T19/><D21/><U41/><E41/><V32/><F25/><W15/><G15/><T23/><D23/><U84/><E84/><AGARI ba="1,1" hai="19,20,24,54,55,84,88,94" m="53303,49226" machi="84" ten="30,11600,0" yaku="19,1,52,2,54,1" doraHai="91" who="0" fromWho="1" sc="260,129,250,-119,260,0,220,0" /><INIT seed="0,2,0,4,4,89" ten="389,131,260,220" oya="0" hai0="81,125,94,79,117,0,44,90,123,97,75,114,132" hai1="126,27,18,80,51,86,61,58,47,43,52,134,69" hai2="45,100,110,31,46,23,111,104,32,105,15,73,11" hai3="39,107,65,133,131,13,67,91,1,2,21,28,20"/><T3/><D123/><U85/><E134/><V37/><F32/><W56/><G107/><T120/><D120/><U101/><E126/><V77/><F77/><W76/><G39/><T113/><D117/><U5/><E5/><V92/><F73/><W30/><G76/><T96/><D132/><U130/><E130/><V112/><F112/><W108/><G91/><T82/><D125/><U24/><E101/><V62/><F62/><W17/><G108/><N who="2" m="41513" /><F23/><W42/><G42/><T71/><D71/><U48/><E69/><V59/><F59/><W102/><G102/><T83/><D79/><U9/><E85/><V119/><F31/><W38/><G56/><T109/><D75/><U87/><E86/><V36/><F119/><W41/><G41/><T54/><D114/><U118/><E118/><V122/><F122/><W135/><G38/><N who="2" m="14953" /><F92/><W63/><G63/><T55/><D109/><U129/><E129/><V93/><F93/><W103/><G103/><T34/><D34/><U121/><E121/><V127/><F127/><W6/><G131/><T124/><D113/><U60/><E27/><V8/><F100/><W106/><G106/><N who="2" m="41065" /><F15/><W7/><G13/><T33/><D33/><U4/><E24/><V22/><F22/><W40/><REACH who="3" step="1"/><G40/><REACH who="3" ten="389,131,260,210" step="2"/><T128/><D128/><U57/><E57/><V95/><F95/><W50/><G50/><N who="0" m="28999" /><D124/><U74/><E74/><V14/><F14/><W78/><G78/><T84/><D94/><U116/><E116/><V16/><F8/><W72/><G72/><T64/><D84/><U98/><E87/><V10/><F11/><W68/><G68/><RYUUKYOKU ba="2,1" sc="389,-15,131,-15,260,15,210,15" hai2="10,16,45,46" hai3="1,2,6,7,17,20,21,28,30,65,67,133,135" /><INIT seed="1,3,1,4,3,60" ten="374,116,275,225" oya="1" hai0="129,23,131,76,106,26,46,107,68,9,102,113,127" hai1="112,14,42,132,97,75,19,50,27,34,130,99,105" hai2="108,93,109,1,126,51,114,43,62,96,95,94,24" hai3="57,82,85,77,63,72,40,38,7,110,25,121,2"/><U54/><E112/><V37/><F37/><W111/><G121/><T78/><D113/><U59/><E75/><V118/><F118/><W18/><G85/><T29/><D127/><U117/><E117/><V41/><F126/><W128/><G128/><N who="0" m="49227" /><D68/><U12/><E130/><V120/><F120/><W116/><G25/><T67/><D67/><U83/><E132/><V11/><F114/><W70/><G18/><T98/><D107/><U32/><E42/><V6/><F96/><W47/><G116/><T55/><D9/><U100/><E83/><V56/><F24/><W122/><G122/><T86/><D86/><U135/><E135/><V52/><REACH who="2" step="1"/><F62/><REACH who="2" ten="374,116,265,225" step="2"/><W88/><G63/><T48/><AGARI ba="3,2" hai="23,26,29,46,48,55,76,78,98,102,106" m="49227" machi="48" ten="30,1100,0" yaku="19,1" doraHai="60" who="0" fromWho="0" sc="374,40,116,-8,265,-6,225,-6" /><INIT seed="2,0,0,4,0,74" ten="414,108,259,219" oya="2" hai0="3,50,30,78,96,65,126,7,60,129,59,91,43" hai1="111,1,116,107,28,81,128,85,37,67,127,21,93" hai2="73,19,125,99,25,80,75,134,24,58,119,53,98" hai3="133,6,114,12,122,71,4,9,55,42,101,44,64"/><V104/><F119/><W18/><G122/><T103/><D129/><U83/><E107/><V17/><F125/><W100/><G133/><T48/><D126/><U135/><E116/><V86/><F134/><W113/><G64/><T62/><D30/><U34/><E127/><V123/><F123/><W35/><G71/><T84/><D43/><U97/><E135/><V124/><F124/><W87/><G35/><T132/><D132/><U8/><E128/><V22/><F104/><W5/><G55/><T32/><D32/><U10/><E111/><V112/><F112/><N who="3" m="43115" /><G87/><T117/><D117/><U61/><E37/><AGARI ba="0,0" hai="4,5,6,9,12,18,37,42,44,100,101" m="43115" machi="37" ten="30,1000,0" yaku="11,1" doraHai="74" who="3" fromWho="1" sc="414,0,108,-10,259,0,219,10" /><INIT seed="3,0,0,0,4,55" ten="414,98,259,229" oya="3" hai0="112,1,56,105,135,128,113,62,66,35,126,12,69" hai1="72,41,98,42,118,46,104,61,49,25,95,60,0" hai2="7,54,15,10,64,90,116,58,5,79,106,6,127" hai3="26,45,8,109,40,14,85,9,75,31,77,43,84"/><W65/><G75/><T133/><D1/><U86/><E72/><V129/><F116/><W16/><G65/><T24/><D128/><U110/><E110/><V57/><F106/><W53/><G8/><T80/><D126/><U38/><E0/><V92/><F129/><W51/><G109/><T3/><D3/><U71/><E118/><V2/><F127/><W39/><G77/><T67/><D105/><U34/><E86/><N who="2" m="52311" /><F2/><W89/><G85/><T76/><D12/><U125/><E125/><V37/><F37/><W23/><G39/><T32/><D67/><U70/><E95/><V21/><F79/><W4/><G4/><N who="2" m="1641" /><F64/><W87/><G87/><N who="0" m="48519" /><D69/><N who="1" m="26123" /><E25/><V83/><F83/><AGARI ba="0,0" hai="9,14,16,23,26,31,40,43,45,51,53,83,84,89" machi="83" ten="30,12000,1" yaku="7,1,25,2,8,1,54,1" doraHai="55" who="3" fromWho="2" sc="414,0,98,0,259,-120,229,120" /><INIT seed="3,1,0,3,5,57" ten="414,98,139,349" oya="3" hai0="1,73,42,69,44,118,91,21,100,27,97,48,40" hai1="20,15,103,76,112,110,125,99,66,62,41,13,95" hai2="50,0,46,116,90,35,105,79,38,32,72,80,24" hai3="122,14,5,129,18,52,78,49,104,61,45,83,123"/><W34/><G104/><T9/><D73/><U63/><E110/><V135/><F116/><W71/><G34/><T127/><D69/><U65/><E112/><V77/><F135/><W98/><G98/><T82/><D118/><U74/><E125/><V30/><F105/><W81/><G5/><T126/><D1/><U120/><E120/><V96/><F0/><W128/><G122/><T119/><D119/><U134/><E134/><V55/><F38/><W109/><G78/><T10/><D126/><U51/><E76/><V22/><F79/><W124/><G123/><T59/><D42/><U56/><E74/><V114/><REACH who="2" step="1"/><F114/><REACH who="2" ten="414,98,129,349" step="2"/><W3/><G3/><T107/><D107/><U131/><E131/><N who="3" m="50250" /><G109/><T7/><D127/><U102/><E102/><V16/><F16/><W130/><G124/><T84/><D7/><U133/><E133/><V60/><F60/><N who="1" m="23081" /><E20/><V33/><F33/><W39/><G39/><T12/><D21/><U85/><E85/><V54/><F54/><W43/><G130/><T53/><D53/><N who="1" m="31807" /><E41/><V86/><F86/><W117/><G117/><T58/><D100/><U70/><E70/><V64/><F64/><AGARI ba="1,1" hai="13,15,64,65,66,95,99,103" m="31807,23081" machi="64" ten="30,7700,0" yaku="8,1,52,3" doraHai="57" who="1" fromWho="2" sc="414,0,98,90,129,-80,349,0" owari="414,51.4,188,-21.2,49,-45.1,349,14.9" /></mjloggm>