<mjloggm ver="2.3"><GO type="225" lobby="0"/><UN n0="%E3%81%BE%E3%81%8B%E3%81%B7%E3%82%93" n1="%E7%B4%94%E6%BD%94%E3%83%94%E3%83%A9%E3%83%8B%E3%82%A2" n2="%E3%81%82%E3%81%99%E3%81%AB%E3%82%83%E3%82%80" n3="%E3%81%86%E3%82%8C%E3%81%9F%E3%82%93%E6%9E%95" dan="16,16,16,16" rate="2066.71,2148.33,2144.31,2072.06" sx="M,M,F,F"/><TAIKYOKU oya="0"/><INIT seed="0,0,0,4,4,99" ten="250,250,250,250" oya="0" hai0="112,31,96,105,129,45,65,72,34,24,4,59,19" hai1="8,84,39,14,46,131,89,69,16,55,20,98,117" hai2="1,73,29,3,35,75,18,108,22,60,118,58,28" hai3="33,94,21,51,63,56,85,78,93,119,91,116,44"/><T71/><D112/><U115/><E117/><V81/><F118/><W25/><G33/><T90/><D72/><U100/><E131/><V128/><F128/><W50/><G78/><T68/><D129/><U37/><E69/><V6/><F108/><W57/><G116/><T62/><D4/><U32/><E32/><V121/><F121/><W95/><G119/><T102/><D45/><U87/><E87/><V52/><F6/><W7/><G7/><T132/><D132/><U48/><E20/><V13/><F75/><W42/><G51/><T123/><D123/><U111/><E111/><V30/><REACH who="2" step="1"/><F35/><REACH who="2" ten="250,250,240,250" step="2"/><W126/><G126/><T23/><REACH who="0" step="1"/><D90/><REACH who="0" ten="240,250,240,250" step="2"/><U86/><E115/><V82/><F82/><W107/><G107/><T77/><D77/><AGARI ba="0,2" hai="1,3,13,18,22,28,29,30,52,58,60,73,77,81" machi="77" ten="40,2600,0" yaku="1,1,54,1,53,0" doraHai="99" doraHaiUra="127" who="2" fromWho="0" sc="240,-26,250,0,240,46,250,0" /><INIT seed="1,0,0,0,0,5" ten="214,250,286,250" oya="1" hai0="66,75,47,134,64,42,109,98,115,26,88,119,84" hai1="30,10,124,4,3,34,8,61,128,93,116,105,112" hai2="130,113,89,50,60,74,114,44,62,94,126,92,129" hai3="11,125,107,45,117,103,32,48,111,20,99,70,101"/><U9/><E105/><V2/><F74/><W80/><G32/><T104/><D115/><N who="2" m="44042" /><F2/><W95/><G111/><T37/><D119/><U24/><E112/><V57/><F126/><W27/><G125/><T46/><D109/><U16/><E124/><V65/><F62/><W133/><G117/><T110/><D110/><U53/><E116/><V67/><F67/><W51/><G70/><T14/><D134/><U15/><E128/><N who="2" m="49259" /><F89/><W91/><G133/><T121/><D75/><U72/><E72/><V86/><F86/><W123/><G123/><T135/><D135/><U7/><E93/><V0/><F0/><W22/><G80/><T78/><D121/><U33/><E53/><AGARI ba="0,0" hai="44,50,53,57,60,65,92,94" m="49259,44042" machi="53" ten="30,2000,0" yaku="11,1,19,1" doraHai="5" who="2" fromWho="1" sc="214,0,250,-20,286,20,250,0" /><INIT seed="2,0,0,2,5,65" ten="214,230,306,250" oya="2" hai0="80,129,89,39,122,24,88,62,77,45,21,11,29" hai1="85,76,3,101,23,109,32,57,90,69,20,95,52" hai2="58,43,102,51,116,133,105,113,60,33,63,18,35" hai3="81,28,107,5,13,131,42,68,83,59,74,134,112"/><V121/><F113/><W123/><G123/><T34/><D129/><U111/><E32/><V93/><F121/><W19/><G131/><T97/><D122/><U37/><E3/><V78/><F105/><W25/><G134/><T8/><D34/><U79/><E37/><V91/><F116/><W27/><G107/><T82/><D82/><U54/><E101/><V53/><F133/><W50/><G5/><T66/><D39/><U124/><E124/><V15/><F102/><W22/><G68/><T127/><D45/><U114/><E69/><V36/><F78/><N who="1" m="29737" /><E114/><V4/><F4/><W98/><G74/><T94/><D89/><U118/><E54/><V49/><F36/><W120/><G120/><T44/><D44/><U56/><E57/><V55/><F43/><W75/><G75/><T126/><D126/><U14/><E14/><V40/><F40/><W103/><G27/><T17/><D29/><U10/><E10/><V92/><F58/><W87/><G112/><T7/><D127/><U135/><E118/><V100/><F100/><W73/><G73/><T47/><D47/><U110/><E135/><V64/><F15/><W115/><G42/><T12/><D8/><U108/><N who="1" m="27648" /><DORA hai="1" /><U31/><E31/><V84/><F64/><W99/><G59/><N who="0" m="37215" /><D77/><U86/><E85/><V125/><F84/><W104/><G87/><T128/><D128/><U38/><E38/><V132/><F125/><W9/><G115/><T72/><D72/><U16/><E16/><V41/><F18/><W46/><G99/><T130/><D130/><U70/><E70/><V0/><F132/><RYUUKYOKU ba="0,0" sc="214,10,230,10,306,-30,250,10" hai0="7,11,12,17,21,24,80,88,94,97" hai1="20,23,52,56,86,90,95" hai3="9,13,19,22,25,28,46,50,81,83,98,103,104" /><INIT seed="3,1,0,2,2,118" ten="224,240,276,260" oya="3" hai0="72,112,54,80,55,4,42,127,9,107,19,14,79" hai1="121,46,117,17,28,126,15,34,94,105,35,6,0" hai2="93,30,133,100,128,22,52,12,10,67,85,108,37" hai3="60,134,130,101,20,8,49,63,16,119,109,69,82"/><W83/><G119/><T24/><D127/><U97/><E117/><V25/><F37/><W98/><G130/><T66/><D112/><U18/><E126/><V81/><F128/><W113/><G113/><T40/><D107/><U45/><E105/><V57/><F108/><W124/><G109/><T43/><REACH who="0" step="1"/><D66/><REACH who="0" ten="214,240,276,260" step="2"/><U99/><E121/><V95/><F67/><W76/><G124/><T96/><D96/><U120/><E120/><V71/><F133/><W114/><G134/><T135/><D135/><U74/><E97/><V88/><F100/><W51/><G114/><T102/><D102/><U106/><E99/><V92/><F71/><W64/><G101/><T41/><N who="0" m="10240" /><DORA hai="21" /><T104/><D104/><U38/><E106/><V44/><F44/><W125/><G98/><T58/><D58/><U111/><E45/><V47/><F47/><W61/><G125/><T89/><D89/><U123/><E46/><V131/><F131/><W77/><G64/><T65/><D65/><U73/><E123/><V2/><F57/><W86/><G69/><T3/><D3/><U132/><E0/><V68/><F2/><W129/><G129/><T27/><D27/><U11/><E111/><V53/><F68/><W5/><G77/><T23/><AGARI ba="1,1" hai="4,9,14,19,23,24,54,55,72,79,80" m="10240" machi="23" ten="40,8000,1" yaku="1,1,0,1,52,1,53,1" doraHai="118,21" doraHaiUra="7,91" who="0" fromWho="0" sc="214,93,240,-21,276,-21,260,-41" owari="307,40.7,219,-18.1,255,5.5,219,-28.1" /></mjloggm>