<mjloggm ver="2.3"><GO type="225" lobby="0"/><UN n0="%E3%81%9F%E3%81%8C%E3%82%84%E3%81%99" n1="%E3%81%A9%E3%82%8F%E3%82%93%E3%81%94" n2="%E5%B0%8F%E9%B3%A5%E9%81%8A%E7%B7%B4%E7%84%A1%32%31%E6%AD%B3" n3="%E3%83%B4%E3%83%A0%EF%BC%99%E3%81%A6" dan="16,16,16,17" rate="2113.05,2189.12,2112.94,2199.12" sx="M,M,F,M"/><TAIKYOKU oya="0"/><INIT seed="0,0,0,5,4,31" ten="250,250,250,250" oya="0" hai0="98,130,48,29,4,62,54,70,90,81,17,79,129" hai1="39,14,85,77,71,56,3,131,112,72,101,132,45" hai2="64,133,97,33,30,44,121,65,83,18,32,42,2" hai3="5,69,47,107,116,10,86,38,40,113,95,108,111"/><T60/><D4/><U16/><E71/><V73/><F121/><W11/><G113/><T91/><D17/><U46/><E72/><V19/><F133/><W1/><G116/><T93/><D91/><U87/><E3/><V8/><F97/><W102/><G69/><T22/><D70/><U88/><E39/><N who="2" m="21599" /><F30/><W99/><G10/><T74/><D22/><N who="1" m="11543" /><E131/><N who="0" m="50185" /><D29/><U28/><E28/><V59/><F18/><W84/><REACH who="3" step="1"/><G107/><REACH who="3" ten="250,250,250,240" step="2"/><T24/><D24/><U27/><E112/><V82/><F8/><W78/><G78/><T96/><D98/><U104/><E27/><V124/><F124/><W66/><G66/><T119/><D119/><U36/><E104/><V122/><F64/><W20/><G20/><T7/><D7/><U63/><E132/><V43/><F65/><W35/><G35/><T94/><D94/><N who="1" m="54543" /><E101/><V76/><F122/><W127/><G127/><T106/><D106/><U15/><E77/><V67/><F76/><W120/><G120/><T92/><D92/><U80/><E80/><V125/><F83/><W37/><G37/><T105/><D105/><U135/><E36/><V41/><F82/><W34/><G34/><T100/><D100/><U109/><E135/><V110/><F32/><W13/><G13/><T50/><D50/><U75/><E15/><V126/><F126/><W21/><G21/><T57/><AGARI ba="0,1" hai="48,54,57,60,62,74,79,81,90,93,96" m="50185" machi="57" ten="30,1500,0" yaku="19,1" doraHai="31" who="0" fromWho="0" sc="250,25,250,-5,250,-5,240,-5" /><INIT seed="0,1,0,2,2,53" ten="275,245,245,235" oya="0" hai0="104,85,114,27,116,110,86,124,84,68,46,132,111" hai1="44,40,115,127,121,107,74,135,33,61,94,117,64" hai2="82,90,58,34,50,77,29,97,78,89,16,73,80" hai3="93,128,63,76,24,36,113,105,48,45,57,75,30"/><T3/><D3/><U25/><E94/><V92/><F89/><W7/><G105/><T4/><D4/><U41/><E25/><V102/><F90/><W21/><G113/><T18/><D68/><U9/><E9/><V52/><F29/><W28/><G128/><T126/><D114/><U99/><E74/><V2/><F2/><W19/><G36/><T119/><D46/><U31/><E31/><V5/><F34/><W60/><G60/><T17/><D104/><U87/><E107/><V98/><F98/><W72/><G7/><T118/><D27/><U8/><E99/><V12/><F5/><W10/><G93/><T106/><D106/><U32/><E33/><V13/><REACH who="2" step="1"/><F16/><REACH who="2" ten="275,245,235,235" step="2"/><N who="0" m="6250" /><D132/><U26/><E135/><V15/><F15/><W71/><G28/><T129/><D129/><U14/><E32/><V43/><F43/><W20/><G20/><T69/><D69/><U108/><E41/><V56/><F56/><W22/><G22/><T81/><D81/><U70/><E40/><V123/><F123/><W49/><G71/><T1/><D1/><U133/><E121/><V134/><F134/><W100/><G30/><T37/><D37/><U59/><E70/><V67/><F67/><W130/><G21/><T42/><D42/><U79/><E133/><V6/><F6/><W38/><G130/><T23/><D23/><U39/><E39/><V11/><F11/><W112/><G38/><T120/><D120/><U47/><E64/><V122/><F122/><W103/><G10/><T54/><D54/><N who="1" m="34039" /><E8/><V0/><F0/><W125/><G112/><T88/><D88/><RYUUKYOKU ba="1,1" sc="275,15,245,-15,235,15,235,-15" hai0="84,85,86,110,111,116,118,119,124,126" hai2="12,13,50,52,58,73,77,78,80,82,92,97,102" /><INIT seed="0,2,1,2,2,69" ten="290,230,250,220" oya="0" hai0="23,11,128,114,134,86,54,38,46,132,108,18,123" hai1="80,99,16,24,112,93,106,58,113,28,72,59,85" hai2="42,83,70,27,6,4,68,25,75,84,110,127,121" hai3="32,48,63,71,43,41,119,14,122,116,62,20,57"/><T34/><D34/><U88/><E106/><V125/><F110/><W79/><G32/><T17/><D114/><N who="1" m="44139" /><E72/><V65/><F121/><W81/><G122/><T61/><D123/><U135/><E135/><N who="0" m="51753" /><D128/><U29/><E16/><V118/><F75/><W53/><G116/><T76/><D11/><U36/><E36/><V82/><F65/><W35/><G35/><T87/><D17/><U2/><E2/><V100/><F84/><N who="3" m="48191" /><G71/><T124/><D124/><U19/><E19/><V131/><F100/><W10/><G20/><T91/><D76/><N who="1" m="46215" /><E28/><V30/><F118/><W47/><G119/><T21/><D21/><AGARI ba="2,1" hai="21,24,29,58,59,88,93,99" m="46215,44139" machi="21" ten="30,2000,0" yaku="11,1,54,1" doraHai="69" who="1" fromWho="0" sc="290,-26,230,36,250,0,220,0" /><INIT seed="1,0,0,5,3,42" ten="264,266,250,220" oya="1" hai0="19,27,8,46,31,84,93,28,91,39,120,98,132" hai1="65,108,4,104,127,43,70,94,130,85,60,117,71" hai2="74,2,73,7,24,22,124,10,79,116,126,92,16" hai3="6,114,50,26,115,38,109,48,83,89,96,75,122"/><U97/><E117/><V67/><F116/><W88/><G122/><T49/><D39/><U11/><E130/><V111/><F111/><W36/><G109/><T5/><D132/><U52/><E108/><V34/><F67/><W12/><G26/><T105/><D120/><U21/><E127/><N who="2" m="48683" /><F79/><W15/><G83/><T55/><D105/><U133/><E104/><V69/><F69/><W59/><G59/><T90/><D27/><U128/><E128/><V135/><F135/><W68/><G68/><T56/><D56/><U53/><E71/><V100/><F100/><W78/><G78/><T76/><D76/><U35/><E35/><V63/><F63/><W121/><G121/><T112/><D112/><U44/><E85/><V95/><F34/><W129/><G129/><T47/><D19/><U0/><E21/><V3/><F2/><W102/><G102/><T33/><D47/><U37/><E133/><V77/><F77/><W81/><G96/><T103/><D33/><U125/><E125/><V72/><AGARI ba="0,0" hai="3,7,10,16,22,24,72,73,74,92,95" m="48683" machi="72" ten="40,2700,0" yaku="18,1,54,1" doraHai="42" who="2" fromWho="2" sc="264,-7,266,-13,250,27,220,-7" /><INIT seed="2,0,0,3,5,106" ten="257,253,277,213" oya="2" hai0="44,96,65,69,20,120,2,135,118,17,0,124,92" hai1="8,122,1,32,78,114,76,52,132,74,129,99,54" hai2="72,9,64,21,48,60,111,112,73,39,59,87,14" hai3="24,102,55,13,57,33,40,15,116,11,22,58,80"/><V109/><F39/><W25/><G116/><T26/><D69/><U5/><E114/><V6/><F112/><W100/><G40/><T133/><D65/><U4/><E32/><V97/><F87/><W104/><G33/><T23/><D120/><U68/><E122/><V127/><F127/><W67/><G104/><T134/><D118/><U119/><E68/><V34/><F34/><W126/><G126/><T88/><D124/><U37/><E119/><V94/><F48/><W71/><G71/><T7/><D7/><U123/><E123/><V105/><F21/><W29/><G24/><N who="0" m="14351" /><D44/><U90/><E37/><V38/><F105/><W62/><G80/><T89/><D89/><U113/><E5/><V83/><F38/><W82/><G82/><T107/><D107/><U31/><E113/><V98/><F98/><W66/><G66/><T85/><D96/><U19/><E99/><V115/><F115/><W128/><G128/><T84/><D84/><U70/><E70/><V18/><F6/><W49/><REACH who="3" step="1"/><G13/><REACH who="3" ten="257,253,277,203" step="2"/><T91/><D91/><U43/><E129/><V10/><F83/><W103/><G103/><T77/><D77/><U51/><E90/><N who="2" m="55511" /><F9/><W3/><G3/><T131/><D131/><U46/><E78/><V27/><F27/><W56/><G56/><T81/><D81/><U108/><E76/><V61/><F10/><W36/><G36/><T93/><D93/><U121/><E8/><N who="2" m="6471" /><F59/><W45/><G45/><T117/><D117/><U30/><E46/><V41/><F64/><W28/><G28/><AGARI ba="0,1" hai="0,2,23,26,28,85,88,92,133,134,135" m="14351" machi="28" ten="30,2000,0" yaku="20,1,54,1" doraHai="106" who="0" fromWho="3" sc="257,30,253,0,277,0,203,-20" /><INIT seed="3,0,0,2,5,128" ten="287,253,277,183" oya="3" hai0="16,59,108,5,98,125,1,46,39,89,49,104,84" hai1="66,25,134,42,45,88,109,32,38,110,122,22,56" hai2="92,40,65,68,51,107,121,80,95,18,112,8,17" hai3="93,113,58,14,15,13,117,54,31,82,105,34,3"/><W100/><G113/><T106/><D39/><U6/><E122/><V35/><F35/><W129/><G117/><T64/><D5/><U75/><E32/><V19/><F107/><W126/><G129/><T111/><D1/><U26/><E75/><V131/><F112/><W79/><G126/><T4/><D4/><U133/><E6/><V124/><F124/><W83/><G3/><T119/><D119/><U10/><E10/><V130/><F8/><W53/><G105/><T123/><D123/><U9/><E9/><V102/><F80/><W47/><G47/><T127/><D104/><U99/><E66/><V67/><F121/><W43/><G43/><T101/><D59/><U2/><E56/><V70/><F51/><W81/><G79/><T73/><D64/><N who="2" m="24650" /><F40/><W72/><G72/><T7/><D7/><U135/><E2/><V76/><F76/><W28/><G34/><T48/><D48/><U132/><N who="1" m="33792" /><DORA hai="12" /><U60/><E60/><V120/><F120/><W55/><REACH who="3" step="1"/><G58/><REACH who="3" ten="287,253,277,173" step="2"/><T0/><D0/><U20/><E110/><N who="0" m="42025" /><D73/><U62/><E109/><V118/><F118/><W69/><G69/><T90/><D127/><U36/><E36/><V61/><F130/><W11/><G11/><T114/><D125/><U86/><E20/><V27/><F131/><W29/><G29/><T87/><D114/><U21/><E22/><V116/><F68/><W23/><G23/><T94/><D106/><U30/><E21/><V52/><F116/><W77/><G77/><T24/><D46/><N who="1" m="23895" /><E30/><V63/><F70/><W57/><G57/><T91/><D49/><U33/><E45/><RYUUKYOKU ba="0,1" sc="287,15,253,-15,277,-15,173,15" hai0="16,24,84,87,89,90,91,94,98,101" hai3="13,14,15,28,31,53,54,55,81,82,83,93,100" /><INIT seed="3,1,1,1,2,128" ten="302,238,262,188" oya="3" hai0="62,86,114,58,122,4,2,23,130,17,14,66,115" hai1="124,77,28,71,59,52,0,12,9,39,91,19,103" hai2="43,126,10,16,72,118,54,30,37,99,96,85,79" hai3="22,45,40,8,41,127,78,48,105,18,112,84,110"/><W133/><G112/><N who="0" m="43051" /><D86/><U31/><E71/><V6/><F118/><W21/><G105/><T13/><D130/><U56/><E39/><V34/><F54/><W120/><G120/><T50/><D122/><U63/><E124/><V20/><F85/><W98/><G127/><T42/><D2/><U65/><E0/><V29/><F126/><W89/><G110/><T88/><D88/><U125/><E125/><V104/><F99/><W109/><G109/><T93/><D93/><U53/><E77/><V26/><F30/><W69/><G69/><T75/><D75/><U135/><E135/><V117/><F117/><W76/><G98/><T131/><D131/><U44/><E103/><V49/><F96/><W1/><G133/><T97/><D97/><U113/><E113/><V108/><F49/><W134/><G134/><T94/><D94/><U24/><E24/><V7/><F104/><W35/><G35/><T5/><D14/><U68/><E91/><V64/><F108/><W46/><G1/><T92/><D92/><U106/><E106/><V121/><F121/><W73/><G73/><T57/><D57/><U119/><E119/><V38/><F72/><W61/><G61/><T27/><D13/><U67/><E68/><V102/><F102/><W111/><G111/><T90/><D90/><U81/><E81/><V47/><F79/><N who="3" m="30251" /><G89/><T70/><D70/><U107/><E107/><V100/><F100/><W95/><G95/><T132/><D132/><U87/><E87/><V129/><F129/><W15/><G84/><T36/><D36/><U3/><E3/><N who="2" m="351" /><F37/><W123/><G123/><RYUUKYOKU ba="1,1" sc="302,15,238,-15,262,-15,188,15" hai0="4,5,17,23,27,42,50,58,62,66" hai3="8,15,18,21,22,40,41,45,46,48" /><INIT seed="3,2,1,5,3,9" ten="317,223,247,203" oya="3" hai0="126,46,18,118,0,101,87,21,30,69,56,48,75" hai1="2,114,76,57,61,59,67,82,86,89,47,79,32" hai2="132,16,134,78,104,77,19,31,98,1,120,64,116" hai3="90,24,36,23,109,95,60,71,8,3,29,129,100"/><W38/><G129/><T66/><D75/><U53/><E114/><V106/><F116/><W34/><G109/><T45/><D0/><U113/><E113/><V94/><F1/><W42/><G100/><T25/><D69/><U117/><E2/><V17/><F31/><W54/><G34/><T80/><D118/><U112/><E112/><V43/><F43/><W130/><G130/><T37/><D37/><U73/><E32/><V105/><F64/><W122/><G122/><T52/><D126/><U26/><E117/><V27/><F27/><W7/><G42/><T41/><D66/><U63/><E73/><V35/><F35/><W124/><G124/><T102/><D30/><U123/><E123/><V107/><N who="2" m="26624" /><DORA hai="13" /><V68/><F68/><W93/><G93/><T125/><D125/><U81/><E81/><V74/><F120/><W50/><G60/><N who="0" m="35847" /><D46/><U11/><E47/><V39/><F39/><W111/><G71/><T15/><D25/><U97/><E26/><V28/><F28/><W119/><G119/><T84/><D84/><U135/><E86/><V96/><F74/><W10/><G111/><T22/><D22/><U51/><E67/><V58/><F58/><N who="3" m="33111" /><G8/><T99/><D99/><N who="2" m="37930" /><F94/><W14/><G3/><T55/><D41/><U110/><E97/><V88/><F88/><AGARI ba="2,1" hai="15,18,21,45,48,55,80,87,88,101,102" m="35847" machi="88" ten="30,8000,1" yaku="8,1,52,2,54,2" doraHai="9,13" who="0" fromWho="2" sc="317,96,223,0,247,-86,203,0" owari="413,51.3,223,2.3,161,-33.9,203,-19.7" /></mjloggm>