<mjloggm ver="2.3"><GO type="225" lobby="0"/><UN n0="%E3%81%86%E3%82%8C%E3%81%9F%E3%82%93%E6%9E%95" n1="%E3%82%A2%E3%83%9E%E3%83%9D%EF%BD%9E%EF%BD%9E%E3%83%A9" n2="%E3%81%A1%E3%82%85%E3%81%86%E3%81%A9%E3%81%8F%E8%B1%A1%E3%81%95%E3%82%93" n3="%E8%90%BD%E6%97%A5" dan="16,17,17,18" rate="2191.02,2223.08,2205.76,2219.82" sx="F,M,M,F"/><TAIKYOKU oya="0"/><INIT seed="0,0,0,1,2,130" ten="250,250,250,250" oya="0" hai0="55,109,27,21,36,22,115,35,74,107,60,134,48" hai1="86,19,53,96,10,39,31,88,127,71,132,68,106" hai2="102,122,40,84,97,44,91,131,2,13,69,23,119" hai3="126,104,52,112,94,59,14,125,135,16,80,120,78"/><T51/><D115/><U3/><E127/><N who="3" m="48650" /><G104/><T83/><D107/><U82/><E31/><V54/><F122/><W49/><G112/><T37/><D134/><U85/><E39/><V47/><F2/><W81/><G120/><T61/><D35/><U43/><E43/><V6/><F131/><W108/><G108/><T24/><D83/><N who="3" m="31817" /><G94/><T33/><D33/><U18/><E132/><V12/><F119/><W26/><G26/><T110/><REACH who="0" step="1"/><D55/><REACH who="0" ten="240,250,250,250" step="2"/><U76/><E53/><V17/><F54/><W0/><G78/><T123/><D123/><U38/><E106/><V45/><F40/><W73/><G135/><T11/><D11/><U75/><E10/><V20/><F6/><W32/><G32/><T116/><D116/><U118/><E118/><V41/><F41/><W28/><G73/><AGARI ba="0,1" hai="21,22,24,27,36,37,48,51,60,61,73,74,109,110" machi="73" ten="25,4800,0" yaku="1,1,22,2,53,0" doraHai="130" doraHaiUra="133" who="0" fromWho="3" sc="240,58,250,0,250,0,250,-48" /><INIT seed="0,1,0,2,4,75" ten="298,250,250,202" oya="0" hai0="30,14,38,92,116,127,0,95,64,106,82,29,57" hai1="135,109,65,99,33,19,53,133,90,58,28,105,67" hai2="98,23,128,4,118,68,44,102,52,18,32,111,78" hai3="5,93,2,43,8,86,46,112,100,66,101,59,13"/><T88/><D116/><U130/><E109/><V70/><F32/><W121/><G112/><T115/><D115/><U110/><E110/><V11/><F111/><W124/><G124/><T3/><D106/><U81/><E130/><V51/><F128/><W62/><G121/><T113/><D38/><U26/><E19/><V47/><F47/><W17/><G93/><T108/><D113/><U40/><E40/><V83/><F118/><W69/><G69/><T91/><D127/><U35/><E35/><V123/><F123/><W55/><G66/><T77/><D0/><U45/><E45/><V96/><F96/><W114/><G114/><T73/><D3/><U122/><E81/><V72/><F4/><W119/><G86/><T85/><D14/><U63/><E122/><V87/><F72/><W79/><G79/><T89/><D108/><U74/><E74/><V25/><REACH who="2" step="1"/><F11/><REACH who="2" ten="298,250,240,202" step="2"/><W21/><REACH who="3" step="1"/><G119/><REACH who="3" ten="298,250,240,192" step="2"/><T80/><D73/><U20/><E135/><V71/><F71/><W24/><G24/><T132/><D132/><U60/><E133/><V50/><F50/><AGARI ba="1,2" hai="2,5,8,13,17,21,43,46,50,55,59,62,100,101" machi="50" ten="30,2000,0" yaku="1,1,7,1,53,0" doraHai="75" doraHaiUra="94" who="3" fromWho="2" sc="298,0,250,0,240,-23,192,43" /><INIT seed="1,0,0,1,0,126" ten="298,250,217,235" oya="1" hai0="19,1,129,2,20,112,70,77,78,53,33,28,128" hai1="100,96,74,88,76,111,25,110,105,47,37,30,87" hai2="7,104,134,127,61,10,117,93,113,41,80,120,72" hai3="84,34,35,119,103,45,31,83,16,23,102,40,133"/><U64/><E64/><V13/><F117/><W57/><G119/><T4/><D70/><U51/><E37/><V95/><F120/><W63/><G133/><T46/><D112/><U118/><E118/><V114/><F104/><W90/><G31/><T108/><D108/><N who="1" m="41515" /><E76/><N who="2" m="44039" /><F127/><W54/><G35/><T79/><D33/><N who="1" m="20687" /><E74/><V38/><F61/><W86/><G86/><T99/><D99/><U75/><E75/><V18/><F134/><W9/><G9/><T50/><D28/><U131/><E131/><N who="0" m="50249" /><D4/><U12/><E12/><AGARI ba="0,0" hai="1,2,12,19,20,46,50,53,77,78,79" m="50249" machi="12" ten="30,7700,0" yaku="19,1,52,3" doraHai="126" who="0" fromWho="1" sc="298,77,250,-77,217,0,235,0" /><INIT seed="2,0,0,5,2,88" ten="375,173,217,235" oya="2" hai0="82,75,101,67,124,95,65,98,115,74,66,59,50" hai1="102,71,84,114,113,58,120,92,73,1,39,83,76" hai2="37,121,20,135,22,87,28,49,96,111,134,69,132" hai3="18,117,15,129,19,64,91,72,10,90,41,112,54"/><V80/><F37/><W127/><G117/><T36/><D115/><U78/><E71/><V63/><F121/><W35/><G35/><T0/><D0/><U81/><E1/><V46/><F96/><W133/><G72/><T106/><D36/><U57/><E39/><V86/><F111/><W128/><G112/><N who="1" m="43114" /><E57/><V31/><F63/><W105/><G105/><T47/><D124/><U93/><E58/><V51/><F69/><W55/><G41/><T23/><D82/><N who="1" m="45327" /><E120/><V17/><F51/><W77/><G127/><T33/><D33/><U123/><E123/><V103/><F103/><W26/><G64/><T122/><D59/><U27/><E27/><N who="2" m="14735" /><F22/><W29/><G19/><T52/><D122/><U6/><E6/><V62/><F62/><W8/><G8/><T119/><D119/><U109/><E102/><V68/><F68/><W70/><G70/><T21/><D23/><U48/><E48/><V43/><F87/><W116/><G116/><T40/><D21/><U11/><E11/><V5/><F5/><W25/><G25/><T130/><D50/><U53/><E53/><N who="3" m="19978" /><G26/><T42/><D66/><U38/><E38/><V107/><F107/><W32/><G32/><T108/><D65/><U56/><E56/><V85/><F85/><W4/><G4/><T45/><D67/><U79/><E109/><V131/><F131/><N who="3" m="50251" /><G29/><T34/><D130/><U3/><E3/><V24/><F24/><W12/><G12/><T16/><D108/><U118/><E118/><V9/><F9/><W2/><G2/><T94/><D34/><U60/><E60/><V100/><F100/><RYUUKYOKU ba="0,0" sc="375,-15,173,15,217,15,235,-15" hai1="78,79,81,83,84,92,93" hai2="28,31,43,46,49,80,86,132,134,135" /><INIT seed="2,1,0,5,4,52" ten="360,188,232,220" oya="2" hai0="43,113,65,82,56,62,100,11,13,19,26,123,2" hai1="133,16,36,109,6,97,22,35,126,49,79,74,51" hai2="10,42,17,95,116,46,5,75,45,111,18,4,115" hai3="131,66,31,96,44,0,59,76,54,41,30,20,50"/><V118/><F115/><W119/><G119/><T108/><D123/><U69/><E35/><V98/><F75/><W94/><G131/><T55/><D113/><U93/><E36/><V70/><F70/><W99/><G0/><T127/><D108/><U110/><E69/><V32/><F32/><W130/><G130/><T80/><D127/><U117/><E117/><V122/><F122/><W1/><G1/><T106/><D43/><U103/><E6/><V107/><F107/><W132/><G132/><T25/><D2/><U73/><E126/><V33/><F33/><W72/><G66/><T8/><D8/><U101/><E101/><V77/><F77/><W3/><G3/><T135/><D100/><U29/><E29/><V61/><F61/><W47/><G47/><T120/><D106/><U37/><E37/><V21/><F111/><N who="1" m="42505" /><E133/><V24/><F17/><W23/><G76/><T58/><D135/><U39/><E39/><V112/><F112/><W63/><G72/><N who="1" m="27754" /><E79/><V40/><F40/><W104/><G104/><T34/><D120/><U125/><E125/><V87/><F87/><W129/><G129/><T53/><D65/><U9/><E9/><V83/><F4/><W84/><G84/><T91/><D34/><U88/><E103/><N who="2" m="60895" /><F83/><N who="0" m="31786" /><D91/><U64/><E64/><V60/><F42/><W134/><G134/><T90/><D90/><U28/><E28/><N who="3" m="10794" /><G99/><T92/><D62/><U86/><E97/><V114/><F60/><W14/><G14/><AGARI ba="1,0" hai="14,16,22,49,51,86,88,93" m="27754,42505" machi="14" ten="30,3900,0" yaku="14,1,54,2" doraHai="52" who="1" fromWho="3" sc="360,0,188,42,232,0,220,-42" /><INIT seed="3,0,0,2,4,45" ten="360,230,232,178" oya="3" hai0="108,73,42,38,33,43,133,1,76,37,15,112,79" hai1="41,30,88,81,84,71,83,4,114,46,18,48,121" hai2="87,24,59,40,75,10,20,8,124,31,70,52,102" hai3="21,44,65,17,78,16,74,127,54,25,99,95,77"/><W14/><G127/><T9/><D1/><U72/><E121/><V92/><F75/><W63/><G74/><T47/><D108/><U86/><E114/><V85/><F70/><W58/><G44/><T80/><D33/><U96/><E71/><V90/><F124/><W129/><G65/><T0/><D0/><U135/><E135/><V111/><F111/><W100/><REACH who="3" step="1"/><G129/><REACH who="3" ten="360,230,232,168" step="2"/><T69/><D47/><U56/><E72/><V106/><F40/><W107/><G107/><T126/><D73/><U50/><E46/><V115/><F106/><W67/><G67/><T49/><D126/><U110/><E41/><V123/><F123/><W130/><G130/><T113/><D42/><U105/><E110/><V51/><F115/><W131/><G131/><T26/><D43/><U11/><E105/><V132/><F132/><W3/><G3/><T55/><D133/><U94/><E56/><V23/><F59/><W109/><G109/><T103/><D113/><U89/><E30/><V97/><F31/><W36/><G36/><T19/><D37/><U82/><E18/><V125/><F125/><W34/><G34/><T91/><D38/><U64/><E64/><V5/><F5/><W66/><G66/><T134/><D112/><U29/><E29/><V35/><F35/><W98/><G98/><T57/><D134/><U116/><E96/><V61/><F97/><W6/><G6/><T7/><D69/><U53/><E4/><V22/><F87/><W120/><G120/><T39/><D39/><U128/><E86/><V60/><F85/><W104/><G104/><T68/><D68/><RYUUKYOKU ba="0,1" sc="360,-10,230,-10,232,-10,168,30" hai3="14,16,17,21,25,54,58,63,77,78,95,99,100" /><INIT seed="3,1,1,4,3,94" ten="350,220,222,198" oya="3" hai0="16,62,34,5,46,11,6,14,104,50,26,77,116" hai1="30,106,18,17,12,131,90,109,43,58,114,78,19" hai2="98,32,86,128,133,13,126,28,7,119,61,35,23" hai3="91,121,124,113,24,65,85,112,101,2,92,64,74"/><W38/><G121/><T122/><D122/><U54/><E114/><V127/><F119/><W39/><G2/><T75/><D104/><U10/><E109/><V27/><F133/><W3/><G3/><T59/><D116/><U9/><E131/><V52/><F128/><W120/><G120/><T129/><D26/><U115/><E115/><V73/><F73/><W134/><G134/><T56/><D77/><U93/><E106/><V63/><F86/><W80/><G124/><N who="2" m="47657" /><F98/><W103/><G113/><T107/><D34/><N who="2" m="12842" /><F52/><W67/><G112/><T53/><D59/><U31/><E43/><V70/><F70/><W48/><G48/><T110/><D110/><U66/><E78/><V82/><F82/><W42/><G24/><T84/><D107/><U71/><E71/><V41/><F41/><W55/><G55/><N who="0" m="30167" /><D75/><U36/><E36/><V95/><F95/><W105/><G105/><T81/><D129/><U100/><E54/><V83/><F83/><W132/><G132/><T60/><D60/><U111/><E111/><V69/><F69/><W125/><G125/><T45/><D45/><U96/><E58/><V51/><F51/><W37/><REACH who="3" step="1"/><G42/><REACH who="3" ten="350,220,222,188" step="2"/><T20/><D53/><U72/><E66/><V118/><F118/><W108/><G108/><T15/><D62/><U123/><E123/><V68/><F68/><W99/><G99/><T21/><D56/><U130/><E130/><V79/><F63/><W29/><G29/><T8/><D15/><U57/><E12/><V25/><F61/><W76/><AGARI ba="1,2" hai="37,38,39,64,65,67,74,76,80,85,91,92,101,103" machi="76" ten="40,3900,0" yaku="1,1,0,1,53,0" doraHai="94" doraHaiUra="135" who="3" fromWho="3" sc="350,-14,220,-14,222,-14,188,62" /><INIT seed="3,2,0,5,4,7" ten="336,206,208,250" oya="3" hai0="5,43,38,12,107,20,14,34,93,87,18,95,1" hai1="102,64,129,110,26,131,10,125,49,8,47,19,54" hai2="127,121,81,120,17,88,61,67,106,53,50,13,78" hai3="70,108,65,133,56,89,9,135,41,84,32,62,77"/><W73/><G73/><T55/><D107/><U100/><E110/><V104/><F127/><W16/><G77/><T115/><D55/><U6/><E125/><V57/><F88/><W63/><G32/><T44/><D115/><U123/><E123/><N who="2" m="47179" /><F17/><W28/><G28/><T124/><D124/><U76/><E76/><V35/><F13/><N who="3" m="7215" /><G41/><T58/><D34/><U29/><E19/><V66/><F35/><W128/><G128/><N who="1" m="49226" /><E64/><N who="2" m="24619" /><F61/><N who="3" m="38055" /><G70/><T75/><D1/><N who="1" m="79" /><E10/><V74/><AGARI ba="2,0" hai="50,53,57,74,78,81,104,106" m="24619,47179" machi="74" ten="30,1100,0" yaku="13,1" doraHai="7" who="2" fromWho="2" sc="336,-5,206,-5,208,17,250,-7" owari="331,43.1,201,-29.9,225,-17.5,243,4.3" /></mjloggm>