<mjloggm ver="2.3"><GO type="225" lobby="0"/><UN n0="%E3%81%95%E3%81%8D%E3%81%9F%E3%81%BE%E6%9E%97%E6%AA%8E" n1="%4C%4F%4C%49%54%41" n2="%E3%81%8B%E3%82%8F%E3%81%A1%E3%82%83%E3%82%93%35%38" n3="%6D%75%75%73%61%6E%6D%75" dan="16,16,16,16" rate="2076.34,2161.67,2089.50,2129.63" sx="M,F,M,F"/><TAIKYOKU oya="0"/><INIT seed="0,0,0,3,1,70" ten="250,250,250,250" oya="0" hai0="60,41,115,20,129,82,123,46,31,102,127,116,67" hai1="32,45,39,57,128,4,132,73,24,78,64,62,12" hai2="15,55,135,79,58,80,18,7,119,65,108,99,75" hai3="0,21,51,68,50,37,101,83,8,59,10,5,98"/><T125/><D115/><U22/><E128/><V66/><F108/><W29/><G68/><T89/><D116/><U48/><E132/><V114/><F114/><W118/><G118/><T85/><D123/><U104/><E104/><V124/><F119/><W130/><G130/><T106/><D129/><U69/><E32/><V72/><F72/><W30/><G37/><N who="0" m="21807" /><D106/><U86/><E73/><V19/><F135/><W6/><G83/><T110/><D102/><U134/><E134/><V25/><F124/><N who="0" m="47690" /><D110/><U27/><E69/><V35/><F99/><W113/><G113/><T42/><D42/><U38/><E78/><V91/><F91/><W109/><G109/><T88/><D31/><U63/><E86/><V17/><F35/><W1/><G29/><T16/><D60/><U95/><E63/><V44/><F44/><W13/><G59/><T96/><D67/><U77/><E95/><V11/><REACH who="2" step="1"/><F25/><REACH who="2" ten="250,250,240,250" step="2"/><W126/><G126/><T71/><D96/><U120/><E120/><V112/><F112/><W100/><G100/><T33/><D33/><U122/><E122/><V14/><F14/><W34/><G34/><T103/><D103/><U52/><E77/><V74/><F74/><W26/><REACH who="3" step="1"/><G13/><REACH who="3" ten="250,250,240,240" step="2"/><N who="0" m="9231" /><D71/><U40/><E12/><V84/><F84/><W81/><G81/><T76/><AGARI ba="0,2" hai="76,82,85,88,89" m="9231,47690,21807" machi="76" ten="30,11700,0" yaku="18,1,52,1,54,2" doraHai="70" who="0" fromWho="0" sc="250,137,250,-39,240,-39,240,-39" /><INIT seed="0,1,0,4,5,134" ten="387,211,201,201" oya="0" hai0="24,53,20,65,22,123,52,69,73,67,7,95,48" hai1="17,62,87,16,88,128,35,41,23,3,14,42,58" hai2="93,46,2,108,15,60,29,68,102,11,85,6,116" hai3="75,107,47,104,117,118,120,49,13,80,30,63,19"/><T38/><D38/><U74/><E3/><V114/><F114/><W83/><G120/><T4/><D73/><U40/><E35/><V94/><F108/><W26/><G63/><T124/><D123/><U34/><E34/><V91/><F116/><W70/><G70/><T99/><D124/><U110/><E74/><V50/><F29/><W44/><G30/><T86/><D69/><U9/><E110/><V55/><F2/><W125/><G26/><T36/><D36/><U113/><E128/><V79/><F79/><W109/><G75/><T90/><D53/><U72/><E72/><V61/><REACH who="2" step="1"/><F68/><REACH who="2" ten="387,211,191,201" step="2"/><W98/><G109/><T37/><D37/><U12/><E113/><V0/><F0/><W57/><G117/><T96/><D96/><AGARI ba="1,1" hai="6,11,15,46,50,55,60,61,85,91,93,94,96,102" machi="96" ten="40,2600,0" yaku="1,1,8,1,53,0" doraHai="134" doraHaiUra="126" who="2" fromWho="0" sc="387,-29,211,0,191,39,201,0" /><INIT seed="1,0,0,5,4,75" ten="358,211,230,201" oya="1" hai0="38,54,127,43,76,25,0,121,2,57,123,117,120" hai1="108,68,86,83,52,13,131,17,82,101,110,124,89" hai2="104,4,134,128,102,32,99,69,19,41,46,50,95" hai3="3,47,39,97,27,48,133,8,94,115,84,118,130"/><U126/><E68/><V49/><F69/><W60/><G115/><T58/><D117/><U42/><E42/><V44/><F128/><W92/><G118/><T29/><D127/><N who="1" m="48683" /><E131/><V85/><F134/><W7/><G130/><T28/><D38/><U103/><E52/><V30/><F4/><W91/><G133/><T105/><D105/><U53/><E53/><V88/><F30/><W109/><G109/><N who="1" m="42090" /><E82/><V72/><F32/><W79/><G60/><T61/><D43/><U18/><E18/><V106/><F19/><W107/><G39/><T116/><D29/><U67/><E67/><V1/><F41/><W6/><G107/><T96/><D116/><U125/><N who="1" m="48691" /><U22/><AGARI ba="0,0" hai="13,17,22,83,86,89,101,103" m="42090,48691" machi="22" ten="50,12000,1" yaku="4,1,18,1,14,1,10,1" doraHai="75" who="1" fromWho="1" sc="358,-40,211,120,230,-40,201,-40" /><INIT seed="1,1,0,3,2,21" ten="318,331,190,161" oya="1" hai0="52,20,119,87,86,65,23,5,132,9,89,38,68" hai1="128,43,121,124,70,13,26,120,114,97,57,22,126" hai2="19,54,95,34,51,117,108,99,56,118,16,90,81" hai3="75,7,67,111,8,112,25,11,113,82,31,35,115"/><U46/><E70/><V50/><F108/><W63/><G111/><T91/><D132/><U125/><E114/><V0/><F0/><W47/><G47/><T130/><D130/><U101/><E128/><V41/><F34/><W80/><G75/><T72/><D72/><U88/><E13/><V15/><F19/><W48/><G48/><T4/><D119/><U102/><E57/><V104/><F104/><W84/><G7/><T83/><D38/><N who="1" m="21879" /><E101/><V30/><F30/><W122/><G122/><T77/><D77/><U45/><E45/><V127/><F127/><N who="1" m="32513" /><U71/><DORA hai="28" /><E88/><V61/><F41/><W14/><G14/><T17/><D68/><U59/><E59/><V98/><F98/><W66/><G82/><T53/><D83/><U133/><E71/><V103/><F117/><W135/><G135/><T100/><D100/><U76/><E76/><V32/><F118/><W2/><G2/><T116/><D116/><U134/><E134/><V6/><F103/><W107/><G107/><T36/><D36/><U106/><E133/><V40/><F40/><W29/><G8/><T96/><D9/><U10/><E10/><V105/><F105/><W92/><G11/><T55/><D91/><U27/><E22/><V60/><F90/><N who="3" m="51463" /><G92/><T123/><D89/><U39/><E39/><V78/><F95/><W74/><G74/><T62/><D23/><U69/><E69/><V110/><F16/><W109/><G109/><T79/><D17/><U3/><E3/><V129/><F110/><W131/><G131/><T1/><D20/><U24/><AGARI ba="1,0" hai="24,26,27,97,102,106,120,121" m="32513,21879" machi="24" ten="50,12000,1" yaku="18,1,52,3" doraHai="21,28" who="1" fromWho="1" sc="318,-41,331,123,190,-41,161,-41" /><INIT seed="1,2,0,2,5,72" ten="277,454,149,120" oya="1" hai0="1,91,86,111,103,45,60,44,105,10,30,35,12" hai1="62,134,17,41,117,98,95,6,100,108,109,11,89" hai2="9,97,128,75,116,13,88,107,74,25,51,36,37" hai3="112,39,126,115,4,130,29,102,87,73,8,59,110"/><U78/><E117/><V119/><F25/><W77/><G73/><N who="2" m="27657" /><F51/><W80/><G39/><T55/><D111/><N who="1" m="42571" /><E134/><V65/><F65/><W129/><G110/><T118/><D1/><U124/><E124/><V48/><F48/><W79/><G126/><T56/><D118/><U0/><E41/><V83/><F13/><W90/><G102/><T133/><D103/><U84/><E17/><V22/><F22/><W69/><G69/><T27/><D105/><N who="1" m="63639" /><E62/><V5/><F9/><W104/><G104/><T46/><D133/><U120/><E120/><V66/><F37/><W131/><G29/><T38/><D38/><U94/><E94/><V114/><F36/><W135/><G135/><T54/><D54/><U52/><E52/><V125/><F66/><W93/><G59/><T101/><D101/><U33/><E33/><V23/><F125/><W63/><G63/><T47/><D47/><U71/><E71/><V24/><F107/><W3/><REACH who="3" step="1"/><G93/><REACH who="3" ten="277,454,149,110" step="2"/><T70/><D70/><U34/><E34/><V132/><F132/><W26/><G26/><T15/><D27/><U99/><E95/><N who="2" m="56551" /><F119/><W64/><G64/><T122/><D30/><U32/><E32/><V18/><F116/><W28/><G28/><T82/><D35/><U2/><E0/><V49/><F24/><W127/><G127/><T21/><D122/><U68/><E68/><V113/><F49/><W16/><G16/><N who="0" m="10375" /><D46/><U81/><E2/><V92/><F18/><AGARI ba="2,1" hai="10,15,18,44,45,55,56,60,82,86,91" m="10375" machi="18" ten="30,2000,0" yaku="8,1,54,1" doraHai="72" who="0" fromWho="2" sc="277,36,454,0,149,-26,110,0" /><INIT seed="2,0,0,0,2,25" ten="313,454,123,110" oya="2" hai0="113,48,104,135,130,68,33,41,134,46,86,5,22" hai1="123,58,8,21,132,19,107,100,112,13,64,122,84" hai2="55,128,28,111,129,18,116,62,60,103,97,83,49" hai3="70,56,15,126,37,77,2,75,118,3,7,74,67"/><V36/><F36/><W110/><G118/><T85/><D113/><U87/><E112/><V115/><F115/><W101/><G70/><T54/><D104/><U102/><E132/><V10/><F116/><W90/><G37/><T53/><D130/><N who="2" m="50282" /><F83/><W65/><G101/><N who="1" m="39018" /><E107/><V57/><F111/><W52/><G110/><T88/><D68/><U11/><E64/><V72/><F72/><W17/><G126/><T16/><D33/><U43/><E58/><V127/><F127/><W24/><G75/><T34/><D34/><U69/><E43/><V45/><F28/><W30/><G74/><T76/><D76/><U1/><E69/><V0/><F57/><W9/><G77/><T47/><D5/><N who="1" m="1071" /><E11/><V99/><F99/><W40/><G40/><T79/><D79/><U108/><E108/><V35/><F35/><N who="3" m="20935" /><G2/><T120/><D85/><U27/><E87/><V93/><F0/><W96/><G96/><T4/><D4/><U106/><E84/><V121/><F121/><W50/><G90/><T95/><D120/><U80/><E80/><V117/><F117/><W31/><G31/><T89/><D89/><U44/><E123/><V81/><F81/><W105/><G105/><T23/><D23/><AGARI ba="0,0" hai="3,7,9,15,17,23,50,52,56,65,67" m="20935" machi="23" ten="30,3900,0" yaku="24,1,52,1,54,1" doraHai="25" who="3" fromWho="0" sc="313,-39,454,0,123,0,110,39" /><INIT seed="3,0,0,4,3,107" ten="274,454,123,149" oya="3" hai0="108,80,92,55,6,24,28,106,41,72,93,131,82" hai1="91,134,86,113,116,79,51,89,90,103,88,59,62" hai2="121,49,21,53,74,98,64,43,22,3,44,128,19" hai3="94,33,85,61,100,36,96,117,68,84,42,7,101"/><W11/><G33/><T5/><D41/><U119/><E113/><V112/><F112/><W67/><G117/><N who="1" m="45130" /><E134/><V17/><F128/><W124/><G124/><T104/><D131/><U47/><E79/><V102/><F121/><W129/><G129/><T58/><D108/><U71/><E71/><V118/><F118/><W132/><G132/><T8/><D8/><U78/><E103/><V39/><F3/><W127/><G127/><T50/><D72/><U32/><E78/><V34/><F34/><W135/><G135/><T57/><D55/><N who="1" m="30207" /><E32/><V25/><F64/><W46/><REACH who="3" step="1"/><G101/><REACH who="3" ten="274,454,123,139" step="2"/><T83/><D106/><U66/><E90/><V60/><F74/><W65/><G65/><T23/><D104/><U120/><E120/><V70/><F70/><W95/><G95/><AGARI ba="0,1" hai="59,62,66,86,88,89,91,95" m="30207,45130" machi="95" ten="30,2000,0" yaku="12,1,54,1" doraHai="107" who="1" fromWho="3" sc="274,0,454,30,123,0,139,-20" owari="274,7.4,484,58.4,123,-27.7,119,-38.1" /></mjloggm>