<mjloggm ver="2.3"><GO type="225" lobby="0"/><UN n0="%6E%65%77%E8%BC%AA%E5%A4%A7%E7%B4%8D%E8%A8%80" n1="%E3%83%A9%E3%83%BC%E3%83%A1%E3%83%B3%E4%BA%94%E9%83%8E" n2="%E3%81%AF%E3%82%88%E3%81%8A%E3%81%98%E3%81%95%E3%82%93" n3="%E3%81%AA%E3%81%A1%30%39%32%37" dan="16,16,17,16" rate="2094.03,2053.86,2188.47,2081.86" sx="M,M,M,M"/><TAIKYOKU oya="0"/><INIT seed="0,0,0,4,0,73" ten="250,250,250,250" oya="0" hai0="0,94,110,79,115,109,114,5,24,19,59,50,84" hai1="52,41,78,105,30,134,107,67,6,130,116,64,32" hai2="17,123,86,97,9,26,34,62,125,108,92,39,53" hai3="49,35,113,89,44,135,48,119,20,65,3,29,61"/><T37/><D37/><U88/><E116/><V55/><F123/><W1/><G113/><T126/><D126/><U36/><E130/><V133/><F39/><W129/><G119/><T99/><D5/><U14/><E134/><V71/><F133/><W10/><G135/><T128/><D0/><U93/><E32/><V27/><F125/><W106/><G129/><T47/><D59/><U101/><E30/><V91/><F108/><N who="0" m="41578" /><D128/><U102/><E105/><V7/><F86/><W111/><G106/><T66/><D66/><U122/><E107/><V98/><F97/><W85/><G111/><T2/><D2/><U103/><E122/><V74/><F74/><W72/><G72/><T11/><D11/><N who="1" m="4471" /><E36/><V100/><F100/><W132/><G10/><T90/><D19/><U45/><E41/><V42/><F42/><W38/><G38/><T54/><D24/><U131/><E131/><V117/><F117/><W82/><G1/><T23/><D23/><U68/><E68/><V40/><F40/><W83/><G20/><T4/><D4/><U15/><E15/><N who="2" m="7407" /><F7/><W51/><G3/><T80/><AGARI ba="0,0" hai="47,50,54,79,80,84,90,94,99,114,115" m="41578" machi="80" ten="30,6000,0" yaku="14,1,10,1,52,1" doraHai="73" who="0" fromWho="0" sc="250,60,250,-20,250,-20,250,-20" /><INIT seed="0,1,0,4,0,4" ten="310,230,230,230" oya="0" hai0="0,62,75,55,15,98,124,5,131,99,100,64,65" hai1="50,84,31,109,80,110,63,92,69,34,39,16,40" hai2="47,135,125,24,54,127,3,25,128,9,121,1,94" hai3="118,79,83,72,38,120,53,27,89,87,60,108,67"/><T90/><D0/><U103/><E39/><V26/><F121/><W119/><G108/><N who="1" m="41578" /><E34/><V46/><F128/><W2/><G120/><T8/><D131/><U88/><E31/><V107/><F107/><W91/><G38/><T116/><D116/><U112/><E112/><V57/><F135/><W71/><G2/><T28/><D28/><U123/><E123/><V78/><F78/><W97/><G53/><T21/><D75/><U33/><E33/><V19/><F94/><W85/><G97/><T86/><D21/><U41/><E50/><V10/><F19/><W66/><G66/><N who="0" m="25707" /><D100/><U104/><E104/><V29/><F29/><W95/><REACH who="3" step="1"/><G27/><REACH who="3" ten="310,230,230,220" step="2"/><T20/><D99/><N who="1" m="59879" /><E69/><V35/><F35/><W32/><G32/><T56/><D98/><U82/><E41/><V36/><F36/><W122/><G122/><T115/><D115/><U17/><E40/><V43/><F43/><W114/><G114/><T13/><D13/><U58/><E82/><AGARI ba="1,1" hai="60,67,71,72,79,82,83,85,87,89,91,95,118,119" machi="82" ten="30,3900,0" yaku="1,1,7,1,53,1" doraHai="4" doraHaiUra="74" who="3" fromWho="1" sc="310,0,230,-42,230,0,220,52" /><INIT seed="1,0,0,1,0,110" ten="310,188,230,272" oya="1" hai0="58,48,57,119,128,3,84,105,99,11,78,46,52" hai1="50,53,47,19,44,68,55,109,49,93,1,8,122" hai2="42,10,65,6,98,36,51,75,30,100,12,7,20" hai3="88,27,15,70,24,117,87,9,124,133,107,23,97"/><U14/><E122/><V72/><F36/><W101/><G70/><T91/><D119/><U121/><E121/><V81/><F65/><W59/><G117/><T118/><D118/><U106/><E106/><V2/><F81/><W115/><G133/><T132/><D132/><U62/><E109/><V38/><F38/><W134/><G134/><T76/><D128/><U25/><E1/><V33/><F7/><W41/><G124/><T94/><D3/><U21/><E93/><V31/><F31/><W130/><G130/><T112/><D112/><U0/><E0/><V135/><F135/><W79/><G115/><T13/><D105/><U32/><E32/><V126/><F126/><W95/><G41/><T86/><D86/><U37/><E37/><V77/><F77/><N who="0" m="29802" /><D99/><U108/><E108/><V40/><F40/><W103/><G79/><T116/><D116/><U16/><REACH who="1" step="1"/><E68/><REACH who="1" ten="310,178,230,272" step="2"/><V60/><F33/><W102/><G107/><T111/><D111/><U85/><E85/><V71/><F2/><W22/><G87/><T18/><AGARI ba="0,1" hai="11,13,18,46,48,52,57,58,84,91,94" m="29802" machi="18" ten="30,2000,0" yaku="8,1,54,1" doraHai="110" who="0" fromWho="0" sc="310,30,178,-10,230,-5,272,-5" /><INIT seed="2,0,0,4,5,111" ten="340,168,225,267" oya="2" hai0="109,121,54,3,40,107,90,33,92,112,6,31,26" hai1="130,78,7,114,103,71,87,55,24,45,23,125,64" hai2="38,37,131,88,110,132,122,102,75,113,85,127,8" hai3="76,84,124,82,9,128,1,69,116,51,15,41,104"/><V105/><RYUUKYOKU type="yao9" ba="0,0" sc="340,0,168,0,225,0,267,0" hai2="8,37,38,75,85,88,102,105,110,113,122,127,131,132" /><INIT seed="2,1,0,3,1,45" ten="340,168,225,267" oya="2" hai0="34,84,86,29,21,70,71,135,124,72,107,35,74" hai1="1,63,57,22,51,122,128,56,0,27,117,132,24" hai2="4,17,11,90,13,83,53,121,19,68,109,101,20" hai3="119,125,105,41,55,18,94,129,28,97,5,102,126"/><V7/><F121/><W43/><G119/><T95/><D107/><U73/><E117/><V89/><F68/><W67/><G129/><T96/><D21/><U58/><E128/><V54/><F109/><W87/><G67/><T131/><D131/><U30/><E122/><V9/><F101/><W133/><G133/><T100/><D135/><U110/><E110/><V14/><F20/><W103/><G28/><T36/><D36/><U2/><E132/><V6/><F83/><W123/><G123/><T48/><D48/><U47/><E73/><V12/><F12/><W26/><G5/><T114/><D114/><U46/><E63/><V76/><F76/><W127/><G55/><AGARI ba="1,0" hai="4,6,7,9,11,13,14,17,19,53,54,55,89,90" machi="55" ten="40,3900,0" yaku="9,1,8,1" doraHai="45" who="2" fromWho="3" sc="340,0,168,0,225,42,267,-42" /><INIT seed="2,2,0,3,5,108" ten="340,168,267,225" oya="2" hai0="88,1,7,126,24,104,12,119,99,95,90,31,135" hai1="78,131,49,28,120,100,42,127,124,43,51,18,85" hai2="129,66,101,6,55,3,123,52,10,16,46,91,111" hai3="63,58,65,27,20,118,74,21,0,110,92,9,33"/><V109/><F123/><W97/><G110/><N who="2" m="41993" /><F129/><W40/><G118/><T94/><D1/><U29/><E131/><V79/><F66/><W134/><G134/><T112/><D112/><U77/><E120/><V37/><F101/><W67/><G74/><T13/><D135/><U36/><E100/><V8/><F79/><W32/><G67/><T45/><D119/><U38/><E85/><V128/><F128/><W82/><G82/><T35/><D126/><U23/><E23/><V87/><F37/><W114/><G114/><T121/><D121/><U107/><REACH who="1" step="1"/><E18/><REACH who="1" ten="340,158,267,225" step="2"/><V71/><F16/><W2/><G20/><T60/><D104/><AGARI ba="2,1" hai="28,29,36,38,42,43,49,51,77,78,104,107,124,127" machi="104" ten="25,6400,0" yaku="1,1,2,1,22,2,53,0" doraHai="108" doraHaiUra="81" who="1" fromWho="0" sc="340,-70,158,80,267,0,225,0" /><INIT seed="3,0,0,0,4,124" ten="270,238,267,225" oya="3" hai0="42,96,88,94,98,44,45,24,67,122,134,70,53" hai1="62,111,83,132,133,28,16,11,25,1,78,7,125" hai2="110,77,58,109,3,97,75,108,19,100,128,64,71" hai3="86,23,49,32,66,27,90,47,38,119,87,13,69"/><W30/><G119/><T117/><D117/><U85/><E111/><V39/><F39/><W104/><G104/><T102/><D134/><N who="1" m="51819" /><E125/><V74/><F3/><W6/><G38/><T105/><D122/><U9/><E62/><N who="2" m="37975" /><F71/><W51/><G69/><T61/><D53/><U76/><E11/><V34/><F34/><W20/><G66/><T10/><D24/><U50/><E50/><V14/><F77/><W135/><G135/><T4/><REACH who="0" step="1"/><D42/><REACH who="0" ten="260,238,267,225" step="2"/><U81/><E25/><V92/><F110/><W26/><G32/><T120/><D120/><U95/><E76/><V115/><F109/><W99/><G30/><T36/><D36/><U37/><E37/><V21/><F108/><W101/><G27/><T73/><D73/><U127/><E28/><V91/><F74/><W82/><G26/><T116/><D116/><U79/><E79/><V84/><F75/><W130/><G130/><T0/><AGARI ba="0,1" hai="0,4,10,44,45,61,67,70,88,94,96,98,102,105" machi="0" ten="20,12000,2" yaku="1,1,0,1,7,1,54,1,53,2" doraHai="124" doraHaiUra="93" who="0" fromWho="0" sc="260,130,238,-30,267,-30,225,-60" owari="390,49.0,208,-19.2,237,3.7,165,-33.5" /></mjloggm>