<mjloggm ver="2.3"><GO type="225" lobby="0"/><UN n0="%E3%83%A9%E3%83%BC%E3%83%A1%E3%83%B3%E4%BA%94%E9%83%8E" n1="%E7%89%B9%E6%9D%B1%E3%81%AF%E4%B8%96%E7%95%8C%E3%82%92%E6%95%91%E3%81%86" n2="%72%69%6F%75%63%68%61%6E" n3="%E4%B8%AD%E5%B9%B4%E3%81%AE%E5%8D%B1%E6%A9%9F" dan="16,16,17,16" rate="2068.69,2140.67,2274.35,2179.58" sx="M,M,M,M"/><TAIKYOKU oya="0"/><INIT seed="0,0,0,3,1,64" ten="250,250,250,250" oya="0" hai0="34,6,95,5,113,68,110,126,39,62,1,85,51" hai1="134,25,81,57,54,58,11,101,121,21,70,13,63" hai2="37,79,38,133,130,43,102,23,77,66,83,31,50" hai3="60,17,8,20,109,91,108,75,127,135,114,123,36"/><T67/><D113/><U7/><E134/><V116/><F133/><W118/><G75/><T32/><D39/><U97/><E121/><V98/><F130/><W131/><G36/><T16/><D126/><U41/><E41/><V87/><F116/><W12/><G135/><T99/><D1/><U89/><E81/><V30/><F77/><W42/><G42/><T96/><D85/><U104/><E89/><V2/><F2/><W115/><G91/><T69/><D110/><N who="3" m="42601" /><G60/><T72/><D72/><U4/><E4/><V80/><F66/><W103/><G103/><T46/><D69/><U74/><E74/><V124/><F124/><W92/><G92/><T93/><D16/><U106/><E58/><V33/><F33/><W111/><N who="3" m="42609" /><W26/><DORA hai="22" /><G127/><T45/><D32/><U59/><E59/><V78/><F50/><W9/><G118/><T100/><D34/><U128/><E128/><V56/><F56/><W28/><G131/><T88/><REACH who="0" step="1"/><D45/><REACH who="0" ten="240,250,250,250" step="2"/><U48/><E70/><V71/><F71/><W15/><G123/><T49/><D49/><U27/><E63/><V10/><F38/><W52/><G114/><T86/><D86/><U61/><E61/><V84/><F10/><N who="3" m="6295" /><G115/><T125/><D125/><U122/><E122/><V44/><REACH who="2" step="1"/><F23/><REACH who="2" ten="240,250,240,250" step="2"/><W0/><G0/><T65/><D65/><U117/><E117/><V120/><F120/><W24/><G8/><T119/><D119/><U3/><E21/><V40/><F40/><AGARI ba="0,2" hai="5,6,40,46,51,62,67,68,88,93,95,96,99,100" machi="40" ten="30,11600,0" yaku="1,1,7,1,52,1,54,1,53,0" doraHai="64,22" doraHaiUra="53,129" who="0" fromWho="2" sc="240,136,250,0,240,-116,250,0" /><INIT seed="0,1,0,4,3,106" ten="376,250,124,250" oya="0" hai0="88,62,46,58,9,78,34,118,85,8,81,111,89" hai1="0,95,61,104,108,53,73,105,51,135,126,65,129" hai2="45,35,23,20,33,113,94,121,36,114,123,83,68" hai3="107,134,84,15,38,7,37,49,3,79,26,80,18"/><T122/><D118/><U55/><E0/><V76/><F68/><W90/><G134/><T74/><D122/><N who="2" m="46602" /><F94/><W82/><G107/><T127/><D34/><N who="2" m="12810" /><F45/><W125/><G125/><T102/><D127/><U10/><E126/><V77/><F83/><W6/><G3/><T56/><D46/><U40/><E40/><V93/><F93/><W67/><G67/><T131/><D102/><U110/><E135/><V59/><F59/><W115/><G115/><N who="2" m="44041" /><F36/><W16/><G49/><T64/><D56/><U119/><E55/><V69/><F69/><W43/><G43/><T60/><D60/><U32/><E53/><V21/><AGARI ba="1,0" hai="20,21,23,76,77" m="44041,12810,46602" machi="21" ten="40,2700,0" yaku="28,2" doraHai="106" who="2" fromWho="2" sc="376,-14,250,-8,124,30,250,-8" /><INIT seed="1,0,0,2,2,81" ten="362,242,154,242" oya="1" hai0="51,31,46,100,4,16,117,22,45,74,70,98,105" hai1="126,15,69,102,78,61,7,2,59,84,65,125,0" hai2="115,120,90,116,93,95,40,77,14,121,19,96,34" hai3="87,20,66,107,38,67,101,50,80,72,3,11,73"/><U128/><E128/><V109/><F116/><W112/><G38/><T62/><D117/><U130/><E130/><V82/><F109/><W92/><G112/><T58/><D74/><U39/><E39/><V52/><F34/><W118/><G118/><T60/><D4/><U28/><E28/><V36/><F115/><W123/><G123/><T35/><D60/><U44/><E102/><V71/><F71/><W124/><G124/><N who="1" m="47722" /><E44/><V48/><F93/><W30/><G107/><T108/><D108/><U47/><E47/><V42/><F36/><W97/><G73/><T122/><D122/><U76/><E69/><V85/><F121/><W18/><G50/><T64/><D58/><U111/><E111/><V12/><F120/><W29/><G72/><T41/><D45/><U32/><E32/><V24/><F24/><N who="3" m="16519" /><G3/><N who="1" m="1066" /><E84/><N who="2" m="48207" /><F96/><W75/><G30/><T104/><D31/><U119/><E119/><V86/><F85/><W88/><G75/><T133/><D35/><U6/><E15/><AGARI ba="0,0" hai="11,15,18,66,67,80,87,88,92,97,101" m="16519" machi="15" ten="30,3900,0" yaku="8,1,52,1,54,1" doraHai="81" who="3" fromWho="1" sc="362,0,242,-39,154,0,242,39" /><INIT seed="2,0,0,1,0,63" ten="362,203,154,281" oya="2" hai0="106,85,121,37,88,79,90,49,46,38,20,24,123" hai1="30,81,59,75,42,130,102,8,82,9,129,62,135" hai2="103,66,72,95,116,25,0,91,114,76,61,29,70" hai3="14,6,117,118,98,93,39,16,3,132,67,94,119"/><V43/><F114/><W36/><G132/><T128/><D106/><U133/><E42/><V28/><F116/><W73/><G73/><T26/><D37/><U60/><E30/><V12/><F0/><W41/><G67/><T34/><D34/><U131/><E102/><V84/><F43/><W120/><G120/><T69/><D69/><U92/><E92/><V57/><F103/><W109/><G109/><T80/><D38/><U107/><E107/><V33/><F28/><W125/><G125/><T35/><D128/><U110/><E110/><V134/><F134/><N who="1" m="51209" /><E75/><V113/><F113/><W4/><G3/><T126/><D126/><U100/><E100/><V99/><F12/><W124/><G124/><T2/><D2/><U5/><E62/><V83/><REACH who="2" step="1"/><F70/><REACH who="2" ten="362,203,144,281" step="2"/><W87/><G39/><T97/><D123/><U19/><E19/><V47/><F47/><W74/><G36/><T27/><D121/><U101/><E101/><V77/><F77/><W50/><G41/><T55/><D79/><U71/><E71/><V54/><F54/><W89/><G118/><T18/><D35/><U15/><E9/><V13/><F13/><W122/><G122/><T11/><D11/><U53/><AGARI ba="0,1" hai="5,8,15,53,59,60,81,82,129,130,131" m="51209" machi="53" ten="40,2700,0" yaku="19,1,20,1" doraHai="63" who="1" fromWho="1" sc="362,-7,203,37,144,-13,281,-7" /><INIT seed="3,0,0,2,4,68" ten="355,240,131,274" oya="3" hai0="12,63,103,102,89,50,54,129,38,56,109,88,105" hai1="23,59,7,57,29,119,97,67,107,99,24,120,51" hai2="127,6,84,61,20,100,64,73,114,104,16,122,81" hai3="9,80,26,17,128,132,62,43,86,11,106,66,116"/><W125/><G116/><T126/><D38/><U33/><E120/><V30/><F114/><W3/><G106/><T71/><D109/><U69/><E119/><V72/><F127/><W18/><G125/><T111/><D111/><U22/><E7/><V1/><F122/><W52/><G132/><T118/><D118/><U53/><E59/><V75/><F30/><W78/><G128/><T77/><D126/><U108/><E99/><V70/><F6/><W39/><G3/><T32/><D32/><U15/><E15/><V58/><F1/><W0/><G0/><T92/><D105/><U95/><E108/><V130/><F130/><W82/><G82/><T133/><D133/><U121/><E95/><V110/><F110/><W65/><G65/><N who="0" m="39143" /><D71/><U134/><E121/><V87/><F70/><W76/><G76/><T48/><D129/><U31/><E31/><V74/><N who="2" m="18432" /><DORA hai="34" /><V96/><REACH who="2" step="1"/><F81/><REACH who="2" ten="355,240,121,274" step="2"/><W5/><G5/><T90/><D77/><U28/><E28/><V131/><F131/><W42/><G18/><T83/><D83/><U79/><E134/><V46/><F46/><W115/><G115/><T91/><D89/><U44/><E44/><V27/><AGARI ba="0,1" hai="16,20,27,58,61,64,84,87,96,100,104" m="18432" machi="27" ten="60,8000,1" yaku="1,1,0,1,54,1,53,1" doraHai="68,34" doraHaiUra="117,55" who="2" fromWho="2" sc="355,-20,240,-20,121,90,274,-40" owari="335,43.5,220,-18.0,211,-28.9,234,3.4" /></mjloggm>