<mjloggm ver="2.3"><GO type="225" lobby="0"/><UN n0="%E5%B8%86%E7%AB%8B%E5%A4%8F%E8%A1%A3" n1="%E3%80%90%E3%83%88%E3%83%AA%E3%83%A5%E3%83%95%E3%80%91" n2="%E3%81%BF%E3%81%BF%E3%81%9A" n3="%E3%83%81%E3%83%AF%E3%83%AF%E9%9A%8A%E9%95%B7" dan="17,16,18,16" rate="2200.70,2065.89,2266.71,2106.36" sx="M,M,M,M"/><TAIKYOKU oya="0"/><INIT seed="0,0,0,0,5,103" ten="250,250,250,250" oya="0" hai0="120,50,80,71,123,127,57,55,60,21,49,70,94" hai1="47,84,37,9,5,82,3,53,102,27,30,67,116" hai2="69,91,61,77,12,90,10,87,121,129,48,2,85" hai3="66,39,83,97,44,32,6,28,72,23,126,128,22"/><T75/><D127/><U78/><E116/><V52/><F121/><W122/><G126/><T33/><D33/><U92/><E67/><V112/><F112/><W16/><G122/><T88/><D123/><U51/><E37/><V26/><F129/><W117/><G117/><T98/><D120/><U76/><E102/><V65/><F26/><W114/><G114/><T118/><D118/><U58/><E92/><V119/><F2/><W133/><G32/><T45/><D21/><U73/><E58/><V132/><F132/><W54/><G133/><T74/><D50/><U20/><REACH who="1" step="1"/><E73/><REACH who="1" ten="250,240,250,250" step="2"/><V7/><F119/><W100/><G66/><T34/><D34/><U8/><E8/><V124/><F124/><W107/><G72/><T105/><D105/><U56/><E56/><V135/><F135/><W95/><G107/><T109/><D109/><U62/><E62/><V25/><F87/><W18/><G100/><T46/><D46/><U96/><E96/><V104/><F104/><W31/><G97/><T43/><REACH who="0" step="1"/><D75/><REACH who="0" ten="240,240,250,250" step="2"/><U40/><E40/><V38/><F38/><W11/><G39/><T113/><D113/><U93/><E93/><V63/><F48/><W81/><G95/><T36/><D36/><U0/><E0/><V110/><F110/><W1/><G1/><T101/><D101/><U99/><E99/><V134/><F134/><W131/><G44/><T111/><D111/><U35/><E35/><V15/><F63/><W24/><G131/><T89/><D89/><AGARI ba="0,2" hai="3,5,9,20,27,30,47,51,53,76,78,82,84,89" machi="89" ten="30,2000,0" yaku="1,1,7,1,53,0" doraHai="103" doraHaiUra="13" who="1" fromWho="0" sc="240,-20,240,40,250,0,250,0" /><INIT seed="1,0,0,2,1,95" ten="220,280,250,250" oya="1" hai0="77,25,71,1,38,112,39,43,28,66,12,94,91" hai1="29,70,105,129,126,116,41,5,24,120,18,34,96" hai2="21,86,133,27,119,97,132,9,121,65,115,56,98" hai3="30,33,47,127,75,6,58,3,83,37,68,106,49"/><U102/><E120/><V93/><F119/><W23/><G68/><T117/><D117/><U60/><E116/><V32/><F121/><W80/><G33/><T54/><D1/><U14/><E129/><V134/><F32/><W8/><G127/><T87/><D112/><U42/><E5/><V40/><F115/><W64/><G106/><T31/><D77/><U114/><E126/><V15/><F40/><W16/><G30/><T45/><D39/><U13/><E13/><V88/><F56/><W61/><G37/><T53/><D31/><U92/><E92/><V85/><F85/><W128/><G75/><T50/><D12/><U72/><E72/><V67/><F65/><W52/><REACH who="3" step="1"/><G128/><REACH who="3" ten="220,280,250,240" step="2"/><T73/><D73/><U99/><E114/><V109/><F109/><W10/><G10/><T89/><D38/><U63/><E70/><V22/><F67/><W101/><G101/><T108/><D108/><U62/><REACH who="1" step="1"/><E99/><REACH who="1" ten="220,270,250,240" step="2"/><N who="2" m="37899" /><F27/><AGARI ba="0,2" hai="3,6,8,16,23,27,47,49,52,58,61,64,80,83" machi="27" ten="30,7700,0" yaku="1,1,7,1,54,2,53,0" doraHai="95" doraHaiUra="110" who="3" fromWho="2" sc="220,0,270,0,250,-77,240,97" /><INIT seed="2,0,0,5,2,13" ten="220,270,173,337" oya="2" hai0="36,12,28,101,55,43,8,95,76,32,102,126,112" hai1="120,134,59,96,81,130,117,35,60,99,56,82,64" hai2="38,25,128,70,46,31,3,109,45,21,94,18,132" hai3="58,39,125,123,71,68,92,105,84,78,0,57,110"/><V127/><F128/><W129/><G105/><T72/><D112/><U53/><E117/><V87/><F127/><W69/><G123/><T91/><D126/><U67/><E134/><V107/><F107/><W119/><G125/><T11/><D36/><U10/><E35/><V9/><F132/><W16/><G119/><T118/><D43/><U122/><E10/><V52/><F70/><W26/><G0/><T14/><D118/><U113/><E113/><V93/><F109/><W51/><G39/><T97/><D76/><U49/><E130/><V40/><F87/><W124/><G124/><T48/><D28/><U74/><E67/><V50/><REACH who="2" step="1"/><F31/><REACH who="2" ten="220,270,163,337" step="2"/><W62/><G129/><T108/><D108/><U23/><E120/><V65/><F65/><W133/><G110/><T103/><D72/><U98/><E74/><V100/><F100/><W115/><G133/><T44/><D32/><U19/><REACH who="1" step="1"/><E122/><REACH who="1" ten="220,260,163,337" step="2"/><V2/><F2/><W79/><G115/><T41/><D8/><U114/><E114/><V83/><F83/><BYE who="2" /><W135/><G135/><T104/><D11/><U80/><E80/><V15/><F15/><AGARI ba="0,2" hai="15,19,23,49,53,56,59,60,64,81,82,96,98,99" machi="15" ten="40,5200,0" yaku="1,1,8,1,52,1,53,0" doraHai="13" doraHaiUra="4" who="1" fromWho="2" sc="220,0,260,72,163,-52,337,0" /><UN n2="%E3%81%BF%E3%81%BF%E3%81%9A" /><INIT seed="3,0,0,3,2,20" ten="220,332,111,337" oya="3" hai0="94,19,76,29,13,18,10,109,39,126,125,127,42" hai1="118,6,70,79,104,90,131,81,69,108,85,75,124" hai2="65,135,100,32,72,87,47,50,67,12,86,25,97" hai3="120,63,14,49,16,60,31,93,15,130,9,59,89"/><W66/><G120/><T33/><D94/><U105/><E108/><V96/><F72/><W129/><G31/><T110/><D76/><U28/><E6/><V24/><F135/><W4/><G49/><T128/><D42/><U133/><E28/><V21/><F32/><W23/><REACH who="3" step="1"/><G60/><REACH who="3" ten="220,332,111,327" step="2"/><T106/><D39/><U46/><E133/><V17/><F67/><W64/><G64/><T84/><D128/><U111/><E131/><V41/><F65/><W101/><G101/><T134/><D134/><U82/><E111/><N who="0" m="42505" /><D106/><U123/><E123/><V62/><F62/><W2/><G2/><T107/><D107/><U74/><E105/><V37/><F37/><W56/><G56/><T43/><D43/><U55/><E104/><V38/><F38/><W44/><G44/><T68/><D68/><U1/><E1/><V99/><REACH who="2" step="1"/><F100/><REACH who="2" ten="220,332,101,327" step="2"/><W58/><G58/><T73/><D127/><U0/><E124/><V91/><F91/><W45/><G45/><T54/><D126/><U95/><E46/><V35/><F35/><W3/><G3/><T77/><D125/><U40/><E0/><V53/><F53/><W22/><G22/><T48/><D54/><U119/><E55/><V88/><F88/><W132/><G132/><T114/><D33/><U34/><E34/><V117/><F117/><W71/><G71/><T52/><D52/><U51/><E70/><V92/><F92/><W7/><G7/><T102/><D102/><U80/><E69/><V27/><AGARI ba="0,2" hai="12,17,21,24,25,27,41,47,50,86,87,96,97,99" machi="27" ten="30,12000,2" yaku="1,1,0,1,8,1,52,3,53,0" doraHai="20" doraHaiUra="61" who="2" fromWho="2" sc="220,-30,332,-30,101,140,327,-60" owari="190,-31.0,302,40.2,241,-15.9,267,6.7" /></mjloggm>