<mjloggm ver="2.3"><GO type="225" lobby="0"/><UN n0="%4C%4F%4C%49%54%41" n1="%E6%98%93%E5%88%A9%E8%96%A9%E4%BC%AF" n2="%72%69%6F%75%63%68%61%6E" n3="%6D%61%74%69%67%75%73%61" dan="16,16,16,17" rate="2190.62,2117.51,2199.86,2164.53" sx="F,F,M,M"/><TAIKYOKU oya="0"/><INIT seed="0,0,0,2,0,49" ten="250,250,250,250" oya="0" hai0="101,104,93,11,51,60,52,96,39,97,2,122,113" hai1="125,44,35,9,98,74,85,84,29,64,88,18,37" hai2="26,8,6,133,38,21,54,124,81,65,126,48,40" hai3="47,33,53,22,90,82,55,56,121,0,77,108,3"/><T63/><D113/><U19/><E74/><V13/><F133/><W117/><G33/><T123/><D39/><U118/><E118/><V27/><F65/><W30/><G117/><T114/><D114/><U111/><E111/><V72/><F40/><W106/><G106/><T43/><D43/><U23/><E125/><N who="2" m="48235" /><F38/><W120/><G90/><T119/><D119/><U131/><E131/><V91/><F21/><W78/><G108/><T95/><D11/><U4/><E37/><V87/><F72/><W42/><G22/><T70/><D2/><N who="3" m="553" /><G56/><AGARI ba="0,0" hai="6,8,13,26,27,48,54,56,81,87,91" m="48235" machi="56" ten="30,2000,0" yaku="18,1,52,1" doraHai="49" who="2" fromWho="3" sc="250,0,250,0,250,20,250,-20" /><INIT seed="1,0,0,2,4,63" ten="250,250,270,230" oya="1" hai0="81,14,90,48,84,30,15,27,130,8,104,53,92" hai1="65,50,54,107,128,102,120,106,58,91,28,46,108" hai2="44,26,16,38,52,103,124,33,37,75,78,5,70" hai3="22,80,49,86,51,47,117,110,111,35,122,88,24"/><U135/><E120/><V118/><F118/><W105/><G122/><T39/><D130/><U83/><E128/><V23/><F70/><W112/><G112/><T67/><D39/><U62/><E135/><V4/><F124/><W34/><G105/><T114/><D104/><U61/><E108/><N who="3" m="41514" /><G117/><T57/><D114/><U7/><E102/><V94/><F33/><N who="3" m="12299" /><G47/><T129/><D129/><U45/><E28/><AGARI ba="0,0" hai="22,24,28,49,51,80,86,88" m="12299,41514" machi="28" ten="30,2000,0" yaku="14,1,54,1" doraHai="63" who="3" fromWho="1" sc="250,0,250,-20,270,0,230,20" /><INIT seed="2,0,0,5,2,115" ten="250,230,270,250" oya="2" hai0="1,87,15,91,58,70,56,106,23,82,76,88,65" hai1="16,134,33,30,64,50,127,86,57,22,117,74,17" hai2="21,20,68,41,133,81,120,99,77,8,66,96,90" hai3="93,83,108,80,40,78,102,42,38,113,116,27,61"/><V130/><F120/><W35/><G61/><T46/><D1/><U37/><E74/><V11/><F130/><W52/><G38/><T135/><D106/><U18/><E37/><V34/><F34/><W109/><G102/><T24/><D135/><U55/><E134/><V39/><F133/><W72/><G93/><T71/><D15/><U103/><E127/><V94/><F99/><W63/><G80/><T111/><D111/><N who="3" m="42569" /><G116/><T54/><D46/><U25/><E103/><V95/><F95/><W101/><G101/><T44/><D44/><U62/><E86/><V14/><F68/><W47/><G113/><T100/><D100/><U75/><E75/><V29/><F66/><W12/><G12/><T59/><D54/><U67/><E67/><V97/><F97/><W5/><G5/><T6/><D6/><U112/><E112/><V105/><F105/><W84/><G72/><T110/><D110/><U26/><REACH who="1" step="1"/><E117/><REACH who="1" ten="250,220,270,250" step="2"/><V118/><F118/><W126/><G126/><T43/><D65/><U32/><E32/><V98/><F98/><W69/><G35/><T104/><D104/><U123/><E123/><V131/><F39/><W132/><G132/><T114/><D114/><U124/><E124/><V89/><F131/><W31/><G84/><T53/><D87/><U73/><E73/><N who="2" m="43183" /><F89/><W92/><G78/><T2/><D91/><U9/><E9/><V128/><F128/><W36/><G36/><T60/><D88/><U19/><E19/><N who="2" m="8647" /><F11/><W45/><G83/><T10/><D82/><U122/><E122/><V85/><F96/><W121/><G121/><T119/><D119/><RYUUKYOKU ba="0,1" sc="250,-10,220,30,270,-10,250,-10" hai1="16,17,18,22,25,26,30,33,50,55,57,62,64" /><INIT seed="3,1,1,4,4,4" ten="240,250,260,240" oya="3" hai0="106,94,11,81,75,127,62,109,125,73,40,23,60" hai1="119,24,83,2,131,58,110,111,117,66,55,27,12" hai2="39,112,43,31,26,41,87,0,99,80,36,103,71" hai3="52,19,63,37,97,107,33,15,114,51,108,17,9"/><W1/><G114/><T85/><D106/><U104/><E104/><V35/><F112/><W68/><G37/><T105/><D105/><U57/><E2/><V25/><F0/><W21/><G33/><T100/><D109/><N who="1" m="41483" /><E83/><V28/><F71/><W82/><G108/><T64/><D40/><U124/><E124/><N who="0" m="47689" /><D23/><U6/><E66/><V34/><F39/><W98/><G82/><T101/><D62/><N who="1" m="36159" /><E58/><V42/><F36/><W92/><G107/><T121/><D11/><N who="1" m="4215" /><E131/><V133/><F133/><W113/><G113/><T53/><D53/><U79/><E79/><V84/><F80/><W67/><G92/><AGARI ba="1,1" hai="25,26,28,31,34,35,41,42,43,84,87,92,99,103" machi="92" ten="40,1300,0" yaku="9,1" doraHai="4" who="2" fromWho="3" sc="240,0,250,0,260,26,240,-16" /><INIT seed="4,0,0,2,1,49" ten="240,250,286,224" oya="0" hai0="40,126,79,11,113,9,19,76,93,133,24,99,58" hai1="82,118,35,125,85,68,117,21,108,70,61,18,22" hai2="26,33,83,10,84,107,87,45,124,114,109,6,86" hai3="78,30,69,123,63,59,65,100,101,67,16,29,23"/><T55/><D113/><U89/><E108/><V97/><F109/><W115/><G115/><T12/><D133/><U15/><E35/><V56/><F114/><W17/><G78/><T25/><D40/><U60/><E125/><V14/><F124/><W36/><G36/><T104/><D104/><U34/><E34/><V52/><F45/><W119/><G119/><T90/><D126/><U132/><E132/><V27/><F33/><W43/><G43/><T50/><REACH who="0" step="1"/><D11/><REACH who="0" ten="230,250,286,224" step="2"/><U111/><E111/><V37/><F37/><W134/><G134/><T28/><D28/><N who="3" m="10857" /><G123/><T88/><D88/><U38/><E89/><V105/><F105/><W54/><G69/><T0/><D0/><U95/><E38/><V92/><F107/><W1/><G1/><T98/><D98/><U122/><E68/><V39/><F39/><W4/><G4/><T94/><D94/><U73/><E95/><V74/><F83/><W42/><G42/><T62/><D62/><U64/><E61/><N who="2" m="35975" /><F74/><W48/><G63/><T130/><D130/><U77/><E73/><V66/><F66/><N who="3" m="25099" /><G17/><T116/><D116/><U127/><E127/><V57/><F97/><W75/><G75/><T31/><D31/><U129/><E129/><V103/><F92/><W13/><AGARI ba="0,1" hai="13,16,23,48,54,59,100,101" m="25099,10857" machi="13" ten="30,4000,0" yaku="8,1,52,1,54,1" doraHai="49" who="3" fromWho="3" sc="230,-20,250,-10,286,-10,224,50" /><INIT seed="5,0,0,3,0,26" ten="210,240,276,274" oya="1" hai0="93,135,0,67,24,20,72,111,76,44,11,16,66" hai1="62,7,3,33,42,55,88,127,79,37,19,128,39" hai2="65,49,109,48,63,52,1,105,59,17,40,104,25" hai3="83,113,114,112,90,115,58,84,121,89,30,27,116"/><U75/><E33/><V103/><F109/><W61/><N who="3" m="28672" /><DORA hai="46" /><W64/><G121/><T133/><D111/><U51/><E128/><V94/><F1/><W122/><G122/><T96/><D72/><U82/><E62/><V78/><F78/><N who="3" m="46199" /><G116/><T15/><D76/><U38/><E19/><V54/><F40/><W134/><G134/><N who="0" m="51211" /><D44/><N who="1" m="23631" /><E127/><V125/><F125/><W47/><G47/><T73/><D73/><U23/><E23/><AGARI ba="0,0" hai="23,27,30,58,61,64,89,90" m="46199,28672" machi="23" ten="60,3900,0" yaku="15,1,52,1" doraHai="26,46" who="3" fromWho="1" sc="210,0,240,-39,276,0,274,39" owari="210,-19.0,201,-29.9,276,7.6,313,41.3" /></mjloggm>