<mjloggm ver="2.3"><GO type="225" lobby="0"/><UN n0="%72%69%6F%75%63%68%61%6E" n1="%E6%A1%9C%E8%8A%B1%E9%96%83%E3%80%85" n2="%E6%81%AC%E6%B7%A1%E5%AF%82%E5%AF%9E" n3="%E8%81%B7%E6%A5%AD%E3%80%81%E9%A2%A8%32" dan="17,18,16,16" rate="2263.49,2209.11,2118.40,2125.09" sx="M,M,M,M"/><TAIKYOKU oya="0"/><INIT seed="0,0,0,4,0,50" ten="250,250,250,250" oya="0" hai0="92,134,18,66,61,1,68,104,12,25,37,113,54" hai1="119,34,128,83,2,31,121,129,76,91,3,111,88" hai2="44,36,85,64,112,109,69,41,124,58,15,125,30" hai3="135,53,9,84,17,23,56,38,8,33,72,19,13"/><T67/><D113/><U115/><E119/><V131/><F112/><W47/><G72/><T27/><D134/><U117/><E117/><V101/><F30/><W96/><G33/><T127/><D127/><N who="2" m="48714" /><F101/><W123/><G123/><T106/><D1/><N who="1" m="11" /><E115/><V126/><N who="2" m="48722" /><V108/><DORA hai="7" /><F85/><W35/><G35/><T39/><D66/><U60/><E60/><N who="2" m="40071" /><F15/><W73/><G73/><T98/><D106/><U43/><E31/><V57/><F131/><W122/><G122/><T107/><D107/><U99/><E34/><V81/><F81/><W95/><G135/><T97/><D104/><U5/><E99/><V71/><F71/><W55/><G38/><T87/><D87/><U20/><E83/><V74/><F74/><W49/><G84/><T65/><D65/><U59/><E121/><V110/><AGARI ba="0,0" hai="36,41,44,57,58,108,109,110" m="40071,48722" machi="110" ten="50,8000,1" yaku="14,1,18,1,34,2" doraHai="50,7" who="2" fromWho="2" sc="250,-40,250,-20,250,80,250,-20" /><INIT seed="1,0,0,4,0,130" ten="210,230,330,230" oya="1" hai0="69,12,32,70,17,58,56,64,55,114,18,120,48" hai1="30,100,85,74,127,83,45,91,20,94,23,24,15" hai2="62,79,53,7,84,54,108,81,42,61,6,98,125" hai3="134,29,78,133,116,96,77,103,80,68,67,16,52"/><U0/><E127/><V90/><F108/><W92/><G116/><T104/><D114/><U27/><E0/><V59/><F42/><W109/><G109/><T86/><D120/><U28/><E74/><V8/><F125/><W112/><G112/><T31/><D104/><U37/><E15/><V87/><F98/><W35/><G29/><T2/><D2/><U21/><E21/><V119/><F119/><W40/><G35/><T129/><D129/><U97/><E37/><V10/><F10/><W49/><G40/><T43/><D43/><U93/><REACH who="1" step="1"/><E45/><REACH who="1" ten="210,220,330,230" step="2"/><V36/><F36/><W39/><G39/><T89/><D32/><U1/><E1/><V132/><F8/><W131/><G131/><T124/><D124/><U111/><E111/><V105/><F6/><W88/><G16/><T73/><D73/><U66/><E66/><V44/><F7/><W123/><G67/><T113/><D113/><U82/><AGARI ba="0,1" hai="20,23,24,27,28,30,82,83,85,91,93,94,97,100" machi="82" ten="30,11700,0" yaku="1,1,0,1,9,1,8,1,53,0" doraHai="130" doraHaiUra="33" who="1" fromWho="1" sc="210,-39,220,127,330,-39,230,-39" /><INIT seed="1,1,0,3,4,31" ten="171,347,291,191" oya="1" hai0="54,53,38,81,17,107,72,9,14,46,114,20,59" hai1="80,67,32,15,105,2,61,122,82,65,5,66,129" hai2="29,24,90,76,30,130,57,42,121,109,11,78,56" hai3="48,88,52,55,6,68,133,89,118,102,28,132,1"/><U87/><E122/><V62/><F121/><W98/><G68/><T7/><D114/><U21/><E105/><V79/><F109/><W41/><G118/><T110/><D110/><U123/><E123/><V16/><F130/><W23/><G6/><T75/><D107/><U13/><E129/><V113/><F113/><W95/><G1/><T84/><D38/><U51/><E2/><V64/><F42/><W91/><G41/><T19/><D46/><U94/><E32/><V127/><F127/><W99/><G99/><T71/><D71/><U106/><E51/><V37/><F37/><W120/><G120/><T34/><D34/><U100/><E61/><N who="2" m="37927" /><F90/><W117/><G117/><T4/><D4/><U73/><E73/><V43/><F43/><W39/><G39/><T96/><D96/><N who="1" m="59415" /><E87/><V115/><F115/><W58/><REACH who="3" step="1"/><G55/><REACH who="3" ten="171,347,291,181" step="2"/><T10/><D53/><U104/><E104/><V26/><F26/><AGARI ba="1,1" hai="23,26,28,48,52,58,88,89,91,95,98,102,132,133" machi="26" ten="40,8000,1" yaku="1,1,2,1,54,2,53,0" doraHai="31" doraHaiUra="83" who="3" fromWho="2" sc="171,0,347,0,291,-83,181,93" /><INIT seed="2,0,0,0,1,26" ten="171,347,208,274" oya="2" hai0="105,16,64,58,35,76,77,36,56,3,103,134,46" hai1="132,25,12,40,86,127,112,39,10,135,50,87,93" hai2="23,55,107,116,91,68,117,104,21,125,80,100,81" hai3="95,74,61,34,60,111,113,78,1,8,59,88,83"/><V43/><F68/><W45/><G111/><T29/><D3/><U67/><E112/><V106/><F43/><W98/><G113/><T79/><D134/><U9/><E39/><V32/><F32/><W27/><G45/><T114/><D114/><U65/><E127/><V72/><F55/><W14/><G1/><T44/><D16/><U133/><E25/><V126/><F23/><W0/><G0/><T118/><D118/><N who="2" m="45674" /><F21/><W110/><G110/><T94/><D105/><U66/><E10/><V30/><F30/><W38/><G38/><T15/><D15/><U13/><E13/><V92/><F100/><W129/><G129/><T51/><D36/><U122/><E50/><V119/><N who="2" m="45682" /><V115/><DORA hai="17" /><F115/><W124/><G124/><N who="2" m="47721" /><F72/><W53/><G34/><T69/><D69/><U28/><E28/><V84/><AGARI ba="0,0" hai="80,81,84,91,92,104,106,107" m="47721,45682" machi="84" ten="50,9600,0" yaku="18,1,34,2" doraHai="26,17" who="2" fromWho="2" sc="171,-32,347,-32,208,96,274,-32" /><INIT seed="2,1,0,5,0,28" ten="139,315,304,242" oya="2" hai0="72,14,31,73,108,79,58,114,24,64,48,88,87" hai1="52,35,84,121,111,41,57,19,99,34,6,50,100" hai2="32,54,46,38,1,8,5,16,4,71,33,10,117" hai3="86,113,3,30,107,97,119,131,128,133,123,66,103"/><V0/><F71/><W42/><G3/><T39/><D108/><U26/><E111/><V116/><F54/><W132/><G42/><T122/><D122/><U77/><E6/><V53/><F53/><W101/><G119/><N who="2" m="45641" /><F46/><W40/><G40/><T125/><D114/><U89/><E77/><V91/><F91/><W59/><G113/><T25/><D125/><U21/><E41/><V36/><F16/><W29/><G123/><T85/><D39/><AGARI ba="1,0" hai="0,1,4,5,8,10,32,33,36,38,39" m="45641" machi="39" ten="30,5800,0" yaku="23,1,52,2" doraHai="28" who="2" fromWho="0" sc="139,-61,315,0,304,61,242,0" /><INIT seed="2,2,0,3,0,120" ten="78,315,365,242" oya="2" hai0="42,92,77,52,81,107,26,48,126,59,69,1,32" hai1="13,27,125,87,84,96,40,9,41,113,18,4,130" hai2="61,60,58,99,33,46,127,121,36,66,51,133,35" hai3="63,8,10,94,103,100,105,73,91,131,135,116,50"/><V38/><F121/><W115/><G73/><T86/><D126/><U102/><E113/><V97/><F133/><W17/><G116/><T118/><D107/><U109/><E125/><V83/><F127/><W106/><G131/><T5/><D118/><U3/><E130/><V79/><F61/><W124/><G135/><T2/><D69/><U30/><E87/><V89/><F38/><W85/><G115/><T71/><D71/><U28/><E84/><V112/><F112/><W128/><G128/><T119/><D119/><U93/><E109/><V49/><F49/><W129/><G129/><T25/><D5/><U78/><E78/><V7/><F7/><W80/><G63/><T47/><D92/><U64/><E64/><V6/><F6/><W29/><G29/><T43/><D43/><U0/><E30/><V108/><F108/><W12/><G105/><T53/><D53/><U67/><E67/><V37/><F37/><W70/><G106/><T101/><D101/><U117/><E117/><V56/><F56/><W111/><G111/><T75/><D75/><U68/><E68/><V95/><F99/><N who="3" m="57823" /><G70/><T123/><D123/><U55/><E55/><N who="2" m="30199" /><F36/><W23/><G50/><T74/><D74/><U22/><REACH who="1" step="1"/><E0/><REACH who="1" ten="78,305,365,242" step="2"/><N who="0" m="105" /><D32/><AGARI ba="2,1" hai="3,4,9,13,18,22,27,28,32,40,41,93,96,102" machi="32" ten="30,7700,0" yaku="1,1,7,1,24,2,53,0" doraHai="120" doraHaiUra="65" who="1" fromWho="0" sc="78,-83,305,93,365,0,242,0" owari="-5,-50.5,398,49.8,365,16.5,242,-15.8" /></mjloggm>