<mjloggm ver="2.3"><GO type="225" lobby="0"/><UN n0="%E3%83%97%E3%83%92" n1="%63%68%78%62%64" n2="%E3%83%97%E3%83%AC%E3%83%B4%E3%82%A1%E3%83%86%E3%82%A3" n3="%E3%81%B2%E3%81%AA%E3%81%AE%E3%82%8A%E3%81%8F" dan="16,16,16,17" rate="2170.41,2152.74,2083.08,2228.38" sx="M,M,F,M"/><TAIKYOKU oya="0"/><INIT seed="0,0,0,1,0,72" ten="250,250,250,250" oya="0" hai0="44,45,39,31,20,97,99,63,2,30,53,131,79" hai1="34,122,134,82,127,47,37,41,100,32,94,73,28" hai2="107,19,132,59,74,9,60,80,120,126,62,23,43" hai3="86,83,104,69,118,70,128,129,101,95,109,103,55"/><T96/><D2/><U51/><E122/><V115/><F120/><W15/><G118/><T130/><D39/><U14/><E134/><V36/><F132/><W48/><G104/><T113/><D113/><U4/><E127/><V61/><F115/><W7/><G109/><T77/><D63/><U40/><E37/><V98/><F126/><W22/><G70/><T68/><D68/><U117/><E40/><V123/><F123/><W67/><G67/><T3/><D3/><U17/><E4/><V29/><F36/><W27/><G69/><T35/><D20/><U75/><E28/><N who="0" m="10793" /><D35/><U12/><E12/><V54/><F43/><W46/><G27/><T71/><D71/><U5/><E5/><V21/><F29/><W26/><G26/><T42/><D53/><U10/><E117/><V64/><F9/><N who="3" m="4543" /><G95/><T0/><D0/><U33/><E82/><V110/><F110/><W65/><G65/><T81/><D81/><U18/><E18/><V125/><F125/><W38/><G22/><T102/><D102/><U88/><REACH who="1" step="1"/><E100/><REACH who="1" ten="250,240,250,250" step="2"/><N who="2" m="62871" /><F19/><W6/><G38/><T121/><D121/><U111/><E111/><V66/><F64/><W57/><G6/><T112/><D112/><U76/><E76/><N who="0" m="29257" /><D42/><U84/><AGARI ba="0,1" hai="10,14,17,32,33,34,41,47,51,73,75,84,88,94" machi="84" ten="30,4000,0" yaku="1,1,0,1,54,1,53,0" doraHai="72" doraHaiUra="58" who="1" fromWho="1" sc="250,-20,240,50,250,-10,250,-10" /><INIT seed="1,0,0,2,2,42" ten="230,290,240,240" oya="1" hai0="84,14,81,127,32,58,128,34,119,30,73,12,50" hai1="47,96,76,4,69,89,21,19,117,56,29,9,6" hai2="3,68,124,90,115,130,60,121,15,95,105,125,101" hai3="99,97,77,0,44,104,17,112,55,75,110,22,40"/><U86/><E69/><V27/><F3/><W83/><G0/><T108/><D119/><U123/><E123/><V46/><F121/><W26/><G112/><T70/><D73/><U67/><E117/><V35/><F115/><W51/><G110/><T25/><D70/><U2/><E29/><N who="2" m="19903" /><F15/><W48/><REACH who="3" step="1"/><G104/><REACH who="3" ten="230,290,240,230" step="2"/><T1/><D108/><U62/><E4/><V61/><F130/><W64/><G64/><T126/><D1/><U33/><E33/><V57/><F68/><W85/><G85/><T52/><D32/><U134/><E96/><V54/><F105/><W80/><G80/><T38/><D128/><U133/><E133/><V20/><F95/><W10/><G10/><T78/><REACH who="0" step="1"/><D38/><REACH who="0" ten="220,290,240,230" step="2"/><U106/><E134/><V87/><F125/><AGARI ba="0,2" hai="12,14,25,30,34,50,52,58,78,81,84,125,126,127" machi="125" ten="40,8000,1" yaku="1,1,2,1,18,1,54,1,53,0" doraHai="42" doraHaiUra="41" who="0" fromWho="2" sc="220,100,290,0,240,-80,230,0" /><INIT seed="2,0,0,2,1,124" ten="320,290,160,230" oya="2" hai0="48,115,53,117,58,129,34,51,131,59,7,80,102" hai1="5,6,130,133,62,55,29,134,122,83,12,91,111" hai2="69,28,101,18,4,95,132,26,71,74,89,90,45" hai3="30,38,99,107,23,13,68,121,46,120,60,17,73"/><V33/><F132/><N who="1" m="50793" /><E122/><V66/><F74/><W81/><G30/><T63/><D115/><U36/><E111/><V82/><F4/><W35/><G35/><T21/><D34/><U44/><E29/><V113/><F113/><W116/><G116/><T127/><D127/><U20/><E130/><N who="0" m="49673" /><D117/><U78/><E91/><V40/><F18/><W70/><G99/><T24/><D7/><U32/><E32/><V103/><F82/><W1/><G107/><T15/><D102/><U9/><E20/><V77/><F77/><W104/><G104/><T54/><D15/><U11/><E62/><V87/><F90/><W43/><G60/><N who="0" m="35919" /><D80/><U75/><E12/><V27/><F27/><W57/><G13/><T42/><D42/><U125/><E125/><V0/><F0/><W19/><G1/><T41/><D41/><U85/><E6/><V126/><F126/><W114/><G43/><T79/><D79/><U128/><E5/><V98/><F103/><W72/><G81/><T22/><D22/><U76/><E83/><V14/><F14/><W56/><G23/><T96/><D96/><U64/><E78/><V10/><F10/><W84/><G114/><T119/><D119/><U8/><E76/><V118/><F118/><W61/><G120/><T86/><D86/><U105/><E85/><V109/><F109/><W3/><G84/><T67/><D67/><U106/><E64/><V97/><F66/><W49/><G121/><T135/><D135/><U110/><E110/><V52/><F40/><W108/><G108/><T94/><D94/><U123/><E128/><V112/><F112/><RYUUKYOKU ba="0,0" sc="320,30,290,-10,160,-10,230,-10" hai0="21,24,48,51,54,59,63" /><INIT seed="3,1,0,2,0,96" ten="350,280,150,220" oya="3" hai0="123,78,31,98,84,124,56,122,103,16,23,41,129" hai1="72,86,109,13,28,4,55,134,30,75,93,85,6" hai2="113,89,108,120,2,83,110,20,104,53,60,80,18" hai3="125,82,36,48,37,59,38,57,97,50,52,51,46"/><W21/><G82/><T47/><D124/><U133/><E93/><V54/><F113/><W35/><G35/><T121/><D129/><U73/><E109/><V112/><F112/><W81/><G81/><T128/><D31/><N who="1" m="11819" /><E13/><V115/><F115/><W39/><G21/><T15/><D56/><N who="3" m="21577" /><G97/><T107/><D128/><U135/><E55/><V90/><F2/><W88/><G88/><N who="2" m="33897" /><F60/><W130/><G130/><T77/><REACH who="0" step="1"/><D84/><AGARI ba="1,0" hai="4,6,72,73,75,84,85,86,133,134,135" m="11819" machi="84" ten="40,5200,0" yaku="28,2,20,1" doraHai="96" who="1" fromWho="0" sc="350,-55,280,55,150,0,220,0" owari="295,9.5,335,43.5,150,-35.0,220,-18.0" /></mjloggm>