<mjloggm ver="2.3"><GO type="225" lobby="0"/><UN n0="%E6%A1%9C%E8%8A%B1%E9%96%83%E3%80%85" n1="%44%2E%65%61%67%6C%65" n2="%4B%2E%32%2E%4B%2E" n3="%33%74%72%65%65" dan="16,17,16,16" rate="2198.09,2157.80,2105.56,2138.46" sx="M,M,M,F"/><TAIKYOKU oya="0"/><INIT seed="0,0,0,1,0,58" ten="250,250,250,250" oya="0" hai0="11,101,66,93,109,67,112,57,28,84,89,32,35" hai1="36,129,19,74,91,18,63,59,95,120,45,39,68" hai2="102,40,94,69,33,123,115,96,43,47,107,119,79" hai3="0,106,110,125,21,105,124,54,86,98,2,6,70"/><T116/><D112/><U122/><E74/><V22/><F115/><W78/><G70/><T9/><D116/><U121/><E68/><V114/><F114/><W65/><G65/><T100/><D109/><U51/><E129/><V13/><F123/><W38/><G38/><T42/><D42/><U41/><E39/><V5/><F33/><W44/><G21/><T113/><D113/><U117/><E36/><V64/><F119/><W37/><G110/><T81/><D32/><U61/><E117/><V108/><F108/><W7/><G86/><T23/><D35/><U4/><E4/><N who="3" m="1578" /><G78/><T75/><D75/><U31/><E31/><V130/><F130/><W14/><G14/><T88/><D67/><U87/><REACH who="1" step="1"/><E59/><REACH who="1" ten="250,240,250,250" step="2"/><V15/><F69/><W99/><G37/><T56/><D56/><U104/><E104/><V55/><F107/><W92/><G105/><T3/><D3/><U111/><E111/><V62/><F5/><W60/><G106/><T1/><D1/><U82/><E82/><V27/><F94/><W49/><G0/><T26/><D57/><U16/><AGARI ba="0,1" hai="16,18,19,41,45,51,61,63,87,91,95,120,121,122" machi="16" ten="40,8000,1" yaku="1,1,0,1,52,2,54,1,53,0" doraHai="58" doraHaiUra="71" who="1" fromWho="1" sc="250,-40,240,90,250,-20,250,-20" /><INIT seed="1,0,0,5,2,39" ten="210,330,230,230" oya="1" hai0="71,112,35,51,66,101,64,106,25,97,11,8,98" hai1="114,21,7,24,23,56,38,55,54,37,119,13,42" hai2="22,63,70,129,50,96,41,45,62,127,16,133,89" hai3="3,79,75,135,6,118,26,117,20,82,19,105,61"/><U27/><E114/><V93/><F127/><W130/><G130/><T31/><D112/><U90/><E119/><N who="3" m="45578" /><G105/><T32/><D32/><U40/><E56/><V84/><F133/><W33/><G135/><T125/><D125/><U102/><E90/><V2/><F2/><W99/><G33/><T59/><D66/><U15/><REACH who="1" step="1"/><E7/><REACH who="1" ten="210,320,230,230" step="2"/><V29/><F129/><W68/><G6/><T43/><D59/><U10/><E10/><V107/><F70/><W111/><G68/><T87/><D97/><U76/><E76/><V92/><F29/><W91/><G91/><T80/><D71/><U128/><E128/><V18/><F18/><W115/><G99/><T47/><REACH who="0" step="1"/><D64/><REACH who="0" ten="200,320,230,230" step="2"/><U134/><E134/><V108/><F108/><W94/><G115/><T67/><D67/><U9/><E9/><V49/><F96/><W36/><G111/><T81/><D81/><U44/><E44/><V74/><F45/><W86/><G82/><T14/><D14/><U4/><E4/><V77/><F77/><AGARI ba="0,2" hai="8,11,25,31,35,43,47,51,77,80,87,98,101,106" machi="77" ten="30,3900,0" yaku="1,1,7,1,52,1,53,0" doraHai="39" doraHaiUra="123" who="0" fromWho="2" sc="200,59,320,0,230,-39,230,0" /><INIT seed="2,0,0,0,4,17" ten="259,320,191,230" oya="2" hai0="66,65,10,127,129,2,122,25,82,83,50,19,20" hai1="60,9,106,46,85,24,87,104,134,58,47,42,78" hai2="59,57,67,53,48,68,71,102,31,32,5,38,49" hai3="132,86,54,76,128,103,35,124,37,40,101,93,15"/><V45/><F102/><W121/><G35/><T14/><D122/><U88/><E47/><N who="2" m="27807" /><F5/><W108/><G121/><T119/><D127/><U92/><E134/><V63/><F31/><W4/><G103/><T56/><D129/><U89/><E78/><V113/><F32/><W16/><G4/><T90/><D119/><U6/><E24/><V96/><F96/><W8/><G128/><T130/><D2/><U69/><E69/><N who="2" m="26699" /><F113/><W126/><G101/><T115/><D115/><U51/><E9/><V26/><F26/><W21/><G8/><T79/><D90/><U72/><E72/><V36/><F57/><W81/><G93/><T18/><D130/><U43/><E6/><V123/><F123/><W75/><G75/><T30/><D30/><U44/><E89/><V34/><F34/><W55/><G126/><T62/><D82/><U111/><E85/><V27/><F27/><W11/><G124/><T64/><D83/><U70/><E70/><V73/><F73/><W52/><G11/><T80/><D80/><U3/><E3/><V39/><F39/><W13/><G13/><T120/><D79/><U77/><E77/><V95/><F95/><W12/><G12/><T133/><D120/><U135/><E106/><V125/><F125/><W118/><G37/><T109/><D25/><U28/><E28/><V94/><F94/><W84/><G76/><T41/><D14/><U116/><E104/><V22/><F22/><W61/><G81/><T131/><D20/><U112/><E112/><V74/><F74/><W91/><G91/><T99/><D131/><U114/><E92/><RYUUKYOKU ba="0,0" sc="259,-10,320,-10,191,30,230,-10" hai2="36,38,45,49,59,63,67" /><INIT seed="2,1,0,2,1,2" ten="249,310,221,220" oya="2" hai0="73,86,116,45,87,54,135,38,83,55,121,99,89" hai1="39,65,19,109,82,26,132,133,91,84,7,125,16" hai2="127,76,130,50,114,43,59,107,20,24,104,69,124" hai3="75,64,67,66,25,78,3,101,1,118,30,94,88"/><V122/><F114/><W93/><G118/><T5/><D121/><U42/><E109/><V17/><F122/><W123/><G123/><T61/><D73/><U74/><E74/><V51/><F69/><W97/><G78/><T29/><D116/><U106/><E106/><V21/><F130/><W34/><REACH who="3" step="1"/><G75/><REACH who="3" ten="249,310,221,210" step="2"/><T105/><D135/><U98/><E133/><V37/><F76/><W27/><G27/><T23/><D86/><AGARI ba="1,1" hai="1,3,25,30,34,64,66,67,86,88,93,94,97,101" machi="86" ten="40,2600,0" yaku="1,1,54,1,53,0" doraHai="2" doraHaiUra="103" who="3" fromWho="0" sc="249,-29,310,0,221,0,210,39" /><INIT seed="3,0,0,1,3,45" ten="220,310,221,249" oya="3" hai0="42,51,52,78,44,77,113,133,54,23,106,8,89" hai1="108,91,83,40,27,46,75,82,130,59,99,16,79" hai2="135,25,125,47,95,102,73,101,105,71,134,107,6" hai3="15,49,80,74,29,12,31,100,121,131,103,1,115"/><W63/><G1/><T55/><D133/><N who="2" m="50698" /><F125/><W64/><G121/><T65/><D106/><U4/><E4/><V90/><F73/><W21/><G115/><T19/><D113/><U33/><E108/><V39/><F71/><W3/><G3/><T120/><D120/><U48/><E130/><V2/><F25/><W22/><G131/><T67/><D89/><U35/><E59/><V30/><F30/><W109/><G74/><T88/><D8/><U85/><E99/><N who="2" m="57847" /><F39/><W96/><G29/><T132/><D132/><U128/><E128/><V84/><F47/><W11/><G31/><T32/><D32/><U38/><E38/><V92/><F84/><W123/><G123/><T111/><D111/><U68/><E68/><V69/><F69/><W66/><G109/><T104/><D104/><N who="2" m="40010" /><F92/><W124/><G124/><T122/><D122/><U87/><E75/><V60/><F60/><W14/><G63/><T58/><D58/><U34/><E34/><V5/><F5/><W72/><G11/><AGARI ba="0,0" hai="2,6,11,101,102" m="40010,57847,50698" machi="11" ten="30,1000,0" yaku="20,1" doraHai="45" who="2" fromWho="3" sc="220,0,310,0,221,10,249,-10" owari="220,-28.0,310,41.0,231,-16.9,239,3.9" /></mjloggm>