<mjloggm ver="2.3"><GO type="225" lobby="0"/><UN n0="%E3%81%99%E3%81%84%E3%81%BE%E3%81%9B%E3%83%BC%E3%82%93" n1="%72%65%6E%6B%75%6E" n2="%E3%82%80%E3%83%BC%E3%82%93%E3%81%82%E3%81%84%E3%81%9A" n3="%E3%83%B4%E3%82%A3%E3%83%AF%E3%82%B3%E3%82%B0%E3%83%8B" dan="18,17,16,16" rate="2180.52,2190.90,2092.70,2162.06" sx="M,M,M,M"/><TAIKYOKU oya="0"/><INIT seed="0,0,0,3,3,26" ten="250,250,250,250" oya="0" hai0="80,135,85,83,66,123,127,36,74,82,88,117,101" hai1="70,33,130,114,81,40,3,38,125,124,51,35,31" hai2="43,76,2,59,126,103,58,42,39,12,121,24,11" hai3="55,122,6,90,20,4,92,134,68,120,8,53,104"/><T133/><D36/><U102/><E70/><V14/><F2/><W29/><G104/><T106/><D66/><U32/><E3/><V57/><F126/><N who="1" m="48745" /><E130/><V132/><F132/><N who="0" m="50762" /><D127/><U60/><E114/><V17/><F121/><N who="3" m="46699" /><G68/><T5/><D5/><N who="3" m="2153" /><G8/><T128/><D123/><U107/><E81/><N who="0" m="31337" /><D128/><U63/><E38/><V95/><F76/><W131/><G131/><T129/><D129/><U44/><E31/><V96/><F39/><W100/><G100/><T87/><D87/><U98/><AGARI ba="0,0" hai="32,33,35,40,44,51,60,63,98,102,107" m="48745" machi="98" ten="40,1500,0" yaku="18,1" doraHai="26" who="1" fromWho="1" sc="250,-7,250,15,250,-4,250,-4" /><INIT seed="1,0,0,2,3,129" ten="243,265,246,246" oya="1" hai0="114,126,19,99,55,34,60,81,43,79,122,7,88" hai1="64,111,92,33,58,17,47,73,109,1,14,84,105" hai2="16,106,108,48,3,56,44,113,32,82,49,6,128" hai3="134,66,130,25,100,120,124,62,13,72,71,8,30"/><U9/><E73/><V97/><F108/><N who="1" m="41545" /><E105/><V52/><F128/><W119/><G130/><T135/><D114/><U112/><E33/><V12/><F113/><W78/><G124/><T4/><D34/><U39/><E1/><V101/><F32/><W107/><G78/><T76/><D126/><U65/><E112/><V95/><F82/><W42/><G42/><T11/><D122/><U53/><E39/><V2/><F6/><N who="0" m="2090" /><D43/><U117/><E47/><V116/><F106/><W0/><G72/><T75/><D75/><U20/><E20/><V40/><REACH who="2" step="1"/><F116/><REACH who="2" ten="243,265,236,246" step="2"/><W121/><G119/><T77/><D81/><U57/><E117/><V59/><F59/><N who="1" m="22537" /><E53/><V85/><F85/><W45/><G107/><T131/><D131/><U74/><E74/><V83/><F83/><W10/><G120/><T67/><D55/><U63/><E63/><V15/><F15/><W80/><G13/><T94/><D60/><U86/><E86/><V87/><F87/><W132/><G121/><T96/><D96/><U70/><E70/><V5/><F5/><W127/><G71/><T54/><D54/><U110/><N who="1" m="41553" /><U31/><DORA hai="38" /><E92/><V51/><F51/><W69/><G62/><T18/><D99/><U24/><E84/><V35/><F35/><W50/><G69/><T26/><D94/><U90/><E90/><V27/><F27/><W61/><G25/><T21/><D88/><U46/><E46/><V36/><F36/><W23/><G45/><T104/><D104/><U125/><E125/><V22/><AGARI ba="0,1" hai="2,3,12,16,22,40,44,48,49,52,56,95,97,101" machi="22" ten="20,16000,3" yaku="1,1,0,1,7,1,52,1,54,2,53,2" doraHai="129,38" doraHaiUra="89,93" who="2" fromWho="2" sc="243,-40,265,-80,236,170,246,-40" /><INIT seed="2,0,0,1,3,11" ten="203,185,406,206" oya="2" hai0="68,132,63,123,7,75,79,12,97,66,124,15,83" hai1="88,27,69,117,120,41,24,37,6,51,39,14,103" hai2="35,109,89,67,126,118,49,32,5,102,55,111,40" hai3="29,128,90,57,72,43,100,78,110,105,58,91,54"/><V101/><F118/><W108/><G128/><T135/><D123/><U119/><E69/><V76/><F76/><W45/><G29/><T17/><D124/><U10/><E119/><V95/><F67/><W62/><G100/><N who="2" m="38505" /><F40/><W36/><G105/><T38/><D38/><U28/><E120/><V122/><F5/><W81/><REACH who="3" step="1"/><G57/><REACH who="3" ten="203,185,406,196" step="2"/><T85/><D135/><U31/><E103/><V16/><F122/><W87/><G87/><T121/><D132/><U134/><E117/><V127/><F35/><W2/><G2/><T26/><D121/><U125/><E134/><V22/><F32/><W50/><G50/><T74/><D85/><U114/><E125/><V56/><F127/><W130/><G130/><T44/><D75/><U80/><E114/><V20/><F126/><W115/><G115/><T64/><D74/><U1/><E1/><V25/><F111/><AGARI ba="0,1" hai="36,43,45,54,58,62,72,78,81,90,91,108,110,111" machi="111" ten="40,5200,0" yaku="1,1,14,1,53,1" doraHai="11" doraHaiUra="70" who="3" fromWho="2" sc="203,0,185,0,406,-52,196,62" /><INIT seed="3,0,0,5,3,81" ten="203,185,354,258" oya="3" hai0="79,59,19,89,126,50,86,2,4,46,113,3,63" hai1="77,8,125,123,109,18,61,9,70,134,22,60,57" hai2="62,13,124,66,94,119,74,42,0,30,103,26,16" hai3="7,82,67,127,75,38,23,104,135,87,107,1,69"/><W53/><G38/><T112/><D126/><U117/><E123/><V128/><F0/><W45/><G75/><T64/><D79/><U11/><E125/><V33/><F74/><W43/><G127/><T24/><D4/><U55/><E109/><V6/><F119/><W76/><G23/><N who="0" m="13439" /><D50/><U95/><E134/><V132/><F124/><W92/><G92/><N who="0" m="54327" /><D46/><U41/><E117/><V105/><F132/><W100/><G7/><T37/><D37/><U28/><E28/><V47/><F128/><W17/><G1/><T5/><D5/><U34/><E34/><V56/><F6/><W101/><G45/><T111/><D111/><U102/><E77/><V130/><F105/><W98/><G76/><T48/><D48/><N who="1" m="30951" /><E70/><V39/><F130/><W72/><G69/><T73/><D73/><U91/><E102/><V31/><F31/><W10/><G101/><T84/><D84/><N who="1" m="52711" /><E41/><V35/><F35/><W88/><G72/><T90/><D90/><U20/><E20/><N who="2" m="11279" /><F103/><W68/><G100/><T71/><D71/><U14/><AGARI ba="0,0" hai="8,9,11,14,18,22,60,61" m="52711,30951" machi="14" ten="30,4000,0" yaku="25,1,8,1,52,1" doraHai="81" who="1" fromWho="1" sc="203,-10,185,40,354,-10,258,-20" owari="193,-30.7,225,-17.5,344,44.4,238,3.8" /></mjloggm>