<mjloggm ver="2.3"><GO type="225" lobby="0"/><UN n0="%E3%81%9F%E3%81%8C%E3%82%84%E3%81%99" n1="%73%6C%69%63%6B%33%31%39" n2="%E5%B0%8F%E9%B3%A5%E9%81%8A%E7%B7%B4%E7%84%A1%32%31%E6%AD%B3" n3="%E6%9D%B1%E9%A2%A8%E3%81%AE%E3%81%8D%E3%82%83%E3%81%B7%E3%81%95%E3%82%93" dan="17,16,16,16" rate="2211.82,2059.38,2176.66,2154.88" sx="M,M,F,M"/><TAIKYOKU oya="0"/><INIT seed="0,0,0,4,0,66" ten="250,250,250,250" oya="0" hai0="91,111,49,90,55,124,72,58,27,134,123,59,84" hai1="15,21,32,135,93,71,5,46,38,129,105,80,17" hai2="87,120,81,31,127,57,0,60,26,40,34,133,29" hai3="74,78,22,14,68,6,92,82,118,23,104,18,62"/><T56/><D72/><U39/><E105/><V86/><F120/><W65/><G118/><T110/><D123/><U89/><E32/><V2/><F133/><W96/><G104/><T119/><D119/><U69/><E135/><V125/><F29/><W10/><REACH who="3" step="1"/><G6/><REACH who="3" ten="250,250,250,240" step="2"/><T116/><D116/><U19/><E5/><V75/><F127/><W7/><G7/><T94/><D134/><U132/><E132/><V44/><F125/><W9/><G9/><T99/><D124/><U101/><E129/><V25/><F0/><W11/><G11/><T103/><D111/><U45/><E39/><V97/><F2/><W61/><G61/><T28/><D110/><U70/><E38/><V100/><F60/><W114/><G114/><T20/><REACH who="0" step="1"/><D91/><AGARI ba="0,1" hai="10,14,18,22,23,62,65,68,74,78,82,91,92,96" machi="91" ten="30,7700,0" yaku="1,1,7,1,52,1,53,1" doraHai="66" doraHaiUra="107" who="3" fromWho="0" sc="250,-77,250,0,250,0,240,87" /><INIT seed="1,0,0,4,3,33" ten="173,250,250,327" oya="1" hai0="131,109,65,81,119,104,123,86,36,34,79,21,89" hai1="37,105,97,94,84,23,55,20,90,69,38,5,4" hai2="29,47,98,45,68,1,73,88,67,30,56,82,78" hai3="6,75,7,102,111,60,18,59,62,16,129,61,107"/><U126/><E69/><V127/><F68/><W101/><G75/><T95/><D34/><U99/><E126/><V130/><F127/><W122/><G122/><T93/><D36/><U77/><E37/><V124/><F124/><W70/><G70/><T76/><D65/><U113/><E38/><V32/><F130/><W96/><G102/><T57/><D57/><U66/><E66/><V54/><F67/><W58/><G111/><T92/><D21/><N who="1" m="8267" /><E105/><V116/><F1/><W48/><G129/><T35/><D35/><U103/><E113/><V118/><F118/><W31/><G31/><T91/><D131/><U22/><E77/><V128/><F116/><W14/><G18/><T10/><D10/><U40/><E40/><V106/><F106/><W26/><G26/><T115/><D119/><U71/><E71/><V133/><F32/><W125/><G125/><T42/><D42/><U11/><E11/><V108/><F108/><W39/><G39/><T8/><D8/><U132/><E132/><V3/><F133/><W25/><G25/><T9/><D9/><U114/><E114/><V117/><F117/><W72/><G72/><N who="0" m="43143" /><D109/><U134/><E134/><V100/><F128/><W0/><G48/><T15/><D15/><U50/><N who="1" m="8275" /><U12/><DORA hai="80" /><E12/><V41/><F30/><W63/><G14/><T135/><D135/><U110/><E110/><V52/><F29/><W13/><G13/><T43/><D115/><U83/><E99/><V46/><F98/><W44/><G96/><N who="0" m="57359" /><D43/><U120/><E120/><V27/><F41/><W28/><G28/><T17/><D123/><RYUUKYOKU ba="0,0" sc="173,-10,250,30,250,-10,327,-10" hai1="4,5,50,55,83,84,90,94,97,103" /><INIT seed="1,1,0,0,2,67" ten="163,280,240,317" oya="1" hai0="84,88,73,51,52,14,50,100,4,118,18,133,108" hai1="122,63,87,94,77,49,114,72,83,97,131,12,101" hai2="86,96,6,113,70,65,42,29,79,92,10,56,74" hai3="105,30,45,110,119,132,76,36,58,85,82,40,11"/><U27/><E114/><V5/><F74/><W115/><G105/><T13/><D73/><U21/><E122/><V35/><F42/><W134/><G30/><T80/><D118/><U0/><E0/><V41/><F41/><W26/><G26/><T71/><D133/><N who="3" m="51305" /><G119/><T24/><D108/><U55/><E131/><V107/><F113/><W95/><G115/><T111/><D111/><U129/><E129/><V1/><F5/><W102/><G110/><T75/><D75/><U125/><E125/><V128/><F128/><W69/><G58/><T66/><D100/><U34/><E34/><V48/><F70/><W127/><G11/><N who="0" m="4327" /><D71/><U3/><E3/><V90/><F29/><W98/><G127/><T2/><D2/><U15/><E63/><V109/><F35/><W116/><G116/><T91/><D51/><U7/><E7/><V104/><F109/><W112/><G112/><T126/><D66/><U44/><REACH who="1" step="1"/><E72/><REACH who="1" ten="163,270,240,317" step="2"/><V39/><F1/><W57/><G57/><N who="0" m="32919" /><D126/><U31/><AGARI ba="1,1" hai="12,15,21,27,31,44,49,55,77,83,87,94,97,101" machi="31" ten="20,12000,1" yaku="1,1,0,1,7,1,8,1,53,1" doraHai="67" doraHaiUra="78" who="1" fromWho="1" sc="163,-41,270,133,240,-41,317,-41" /><INIT seed="1,2,0,0,0,105" ten="122,403,199,276" oya="1" hai0="17,64,44,22,130,8,1,56,48,78,100,50,36" hai1="42,72,118,31,5,96,104,40,98,123,26,120,29" hai2="67,99,95,97,76,0,134,135,13,128,49,80,24" hai3="131,81,53,117,65,63,89,61,86,12,6,27,93"/><U60/><E118/><V119/><F0/><W20/><G131/><T9/><D36/><U111/><E5/><V116/><F67/><W52/><G117/><N who="2" m="45129" /><F49/><W43/><G43/><T124/><D124/><U19/><E19/><V59/><F59/><W109/><G109/><T85/><D130/><U47/><E60/><V66/><F13/><W3/><G3/><T70/><D70/><U32/><E111/><V33/><F66/><W122/><G122/><T18/><D100/><U45/><E104/><V35/><F24/><W2/><G2/><T110/><D110/><U46/><E46/><V121/><F128/><W73/><G63/><N who="0" m="37991" /><D1/><U10/><E10/><N who="0" m="4201" /><D48/><U114/><E26/><V28/><F28/><W37/><G37/><T106/><D106/><U102/><E102/><N who="2" m="60735" /><F33/><W79/><G6/><T87/><D78/><U14/><E14/><V133/><F35/><W54/><G12/><N who="0" m="9511" /><D18/><U94/><E32/><V132/><F121/><W68/><REACH who="3" step="1"/><G54/><AGARI ba="2,0" hai="44,50,54,85,87" m="9511,4201,37991" machi="54" ten="30,1000,0" yaku="8,1" doraHai="105" who="0" fromWho="3" sc="122,16,403,0,199,0,276,-16" /><INIT seed="2,0,0,3,5,60" ten="138,403,199,260" oya="2" hai0="51,57,68,63,93,4,30,70,87,133,67,20,105" hai1="130,114,48,19,101,61,109,55,44,72,46,131,80" hai2="6,107,34,119,77,81,21,7,132,39,86,110,43" hai3="8,103,91,82,24,14,17,58,85,96,135,15,117"/><V123/><F34/><W73/><G73/><T50/><D105/><U113/><E109/><V92/><F119/><W31/><G135/><T22/><D133/><U116/><E116/><V42/><F107/><W74/><G117/><T45/><D4/><N who="2" m="1578" /><F39/><W108/><G74/><T118/><D118/><U88/><E101/><V49/><F123/><W10/><G108/><T5/><D5/><U76/><E61/><V11/><F11/><W124/><G124/><T134/><D134/><U33/><E33/><V111/><F132/><W125/><G125/><T66/><D68/><U79/><E79/><V126/><F126/><W56/><G14/><T129/><D129/><N who="1" m="49163" /><E19/><V104/><F104/><W37/><G8/><T64/><D70/><U2/><E2/><V12/><F110/><W47/><G37/><T112/><D112/><N who="1" m="43115" /><E88/><N who="2" m="53271" /><F49/><W53/><G103/><T38/><D38/><U122/><E122/><V97/><F97/><W54/><G96/><T3/><D3/><U84/><E72/><V115/><F115/><W71/><G71/><T83/><D93/><U99/><E99/><V69/><F69/><W106/><G106/><T120/><D120/><U100/><E100/><V28/><F111/><W27/><G47/><AGARI ba="0,0" hai="44,46,47,48,55,76,80,84" m="43115,49163" machi="47" ten="30,1000,0" yaku="19,1" doraHai="60" who="1" fromWho="3" sc="138,0,403,10,199,0,260,-10" /><INIT seed="3,0,0,1,3,35" ten="138,413,199,250" oya="3" hai0="25,16,70,117,79,128,101,7,33,108,38,14,80" hai1="111,11,0,130,93,96,63,60,89,3,12,81,23" hai2="62,76,43,113,56,2,39,122,133,15,28,86,10" hai3="61,98,8,104,129,103,115,99,26,135,22,58,127"/><W45/><G115/><T37/><D70/><U47/><E111/><V107/><F107/><W83/><G127/><T116/><D101/><U87/><E130/><V132/><F113/><W65/><G129/><T9/><D128/><U40/><E23/><V18/><F28/><W4/><G135/><N who="2" m="51785" /><F122/><W94/><G83/><T112/><D112/><U105/><E105/><V66/><F43/><W59/><G45/><T114/><D114/><U54/><E0/><V64/><F39/><W1/><G59/><T78/><D78/><U102/><E3/><V5/><F86/><W106/><REACH who="3" step="1"/><G98/><REACH who="3" ten="138,413,199,240" step="2"/><T42/><D108/><U13/><E54/><N who="2" m="34071" /><F76/><W52/><G52/><T90/><D79/><U6/><E12/><V125/><F125/><W24/><G24/><T55/><D25/><U91/><E91/><V44/><F44/><W30/><AGARI ba="0,1" hai="1,4,8,22,26,30,58,61,65,94,99,103,104,106" machi="30" ten="20,18000,2" yaku="1,1,0,1,7,1,25,2,52,1,53,0" doraHai="35" doraHaiUra="120" who="3" fromWho="3" sc="138,-60,413,-60,199,-60,240,190" owari="78,-42.2,353,15.3,139,-26.1,430,53.0" /></mjloggm>