<mjloggm ver="2.3"><GO type="225" lobby="0"/><UN n0="%E7%89%B9%E6%9D%B1%E3%81%AF%E4%B8%96%E7%95%8C%E3%82%92%E6%95%91%E3%81%86" n1="%E4%B8%8B%E6%AE%B5%E3%83%81%E3%82%A7%E3%83%AA%E3%83%BC" n2="%E7%BD%AA%E5%88%91%E6%B3%95%E5%AE%9A%E4%B8%BB%E7%BE%A9" n3="%E5%B8%86%E7%AB%8B%E5%A4%8F%E8%A1%A3" dan="16,16,16,16" rate="2128.79,2117.61,2187.10,2103.52" sx="M,M,M,M"/><TAIKYOKU oya="0"/><INIT seed="0,0,0,4,0,28" ten="250,250,250,250" oya="0" hai0="116,20,64,81,80,30,76,132,70,63,103,84,2" hai1="98,16,123,35,72,73,90,67,79,17,95,33,51" hai2="3,8,108,120,126,129,135,41,96,14,0,59,60" hai3="119,42,66,56,107,25,131,36,93,10,83,104,48"/><T49/><D116/><U19/><E123/><V82/><F120/><W111/><G119/><T57/><D2/><U117/><E117/><V65/><F108/><W127/><G127/><T61/><D132/><U50/><E67/><V21/><F135/><W38/><G131/><T128/><D128/><U101/><E101/><V39/><F129/><W4/><G111/><T133/><D133/><U45/><E50/><V88/><F126/><W109/><G109/><T5/><D5/><U32/><REACH who="1" step="1"/><E79/><REACH who="1" ten="250,240,250,250" step="2"/><V125/><F125/><W124/><G48/><T74/><D103/><U121/><E121/><V110/><F110/><W106/><G124/><T89/><D49/><U86/><E86/><V7/><F39/><W97/><G38/><T11/><D61/><U69/><E69/><V13/><F41/><AGARI ba="0,1" hai="16,17,19,32,33,35,41,45,51,72,73,90,95,98" machi="41" ten="50,8000,1" yaku="1,1,52,3,54,1,53,0" doraHai="28" doraHaiUra="75" who="1" fromWho="2" sc="250,0,240,90,250,-80,250,0" /><INIT seed="1,0,0,1,1,57" ten="250,330,170,250" oya="1" hai0="84,67,23,0,105,12,22,18,117,8,94,98,104" hai1="73,82,4,62,20,99,31,34,32,53,9,77,90" hai2="2,16,3,101,55,85,61,81,28,135,108,65,48" hai3="36,7,115,41,111,79,24,47,76,45,58,91,132"/><U39/><E39/><V51/><F108/><W63/><G115/><T19/><D117/><U112/><E112/><V56/><F135/><W87/><G132/><T109/><D109/><U107/><E20/><V95/><F28/><W120/><G120/><T78/><D0/><U106/><E90/><V60/><F2/><W134/><G134/><T121/><D121/><U33/><E31/><V128/><F3/><W29/><G7/><T43/><D43/><U38/><E38/><V103/><F128/><W46/><G111/><T42/><D42/><U35/><E99/><N who="2" m="59647" /><F103/><W97/><G97/><T40/><D40/><U17/><E17/><V10/><F51/><W1/><G1/><T14/><D8/><U80/><E80/><V59/><F48/><W133/><G133/><T75/><D75/><U71/><E34/><V92/><F92/><N who="3" m="54399" /><G41/><T86/><D67/><U13/><REACH who="1" step="1"/><E53/><REACH who="1" ten="250,320,170,250" step="2"/><V66/><F55/><N who="3" m="34271" /><G36/><T69/><D19/><U26/><E26/><V130/><F130/><W68/><G68/><T118/><D69/><U70/><E70/><V131/><F131/><W129/><G129/><T123/><D18/><U52/><E52/><V116/><F116/><W64/><G64/><AGARI ba="0,1" hai="4,9,13,32,33,35,62,64,71,73,77,82,106,107" machi="64" ten="40,3900,0" yaku="1,1,52,1,53,0" doraHai="57" doraHaiUra="50" who="1" fromWho="3" sc="250,0,320,49,170,0,250,-39" /><INIT seed="1,1,0,5,1,37" ten="250,369,170,211" oya="1" hai0="77,1,62,57,91,86,80,107,110,108,10,125,54" hai1="59,117,29,48,72,15,102,121,20,79,32,118,64" hai2="17,63,2,50,99,97,16,133,115,131,95,113,22" hai3="114,90,34,128,70,129,18,26,19,120,55,123,85"/><U135/><E121/><N who="3" m="46666" /><G70/><T89/><D107/><U45/><E135/><V13/><F2/><W44/><G55/><T76/><D125/><U126/><E126/><V24/><F133/><W6/><G44/><T66/><D89/><U42/><E102/><V100/><F131/><N who="3" m="50251" /><G114/><N who="2" m="43529" /><F50/><W69/><G69/><T39/><D39/><U21/><E32/><V30/><F99/><W27/><G6/><N who="0" m="1359" /><D54/><U111/><E111/><AGARI ba="1,0" hai="57,62,66,76,77,80,86,91,108,110,111" m="1359" machi="111" ten="30,1000,0" yaku="14,1" doraHai="37" who="0" fromWho="1" sc="250,13,369,-13,170,0,211,0" /><INIT seed="2,0,0,2,2,57" ten="263,356,170,211" oya="2" hai0="13,64,110,118,132,12,45,102,21,88,82,117,98" hai1="83,75,104,67,106,80,116,23,8,78,126,59,72" hai2="17,3,77,29,112,86,28,65,125,47,1,55,20" hai3="76,128,9,0,39,97,10,69,70,109,61,31,89"/><V105/><F112/><W130/><G39/><T41/><D64/><U14/><E116/><N who="0" m="44649" /><D110/><U62/><E126/><V120/><F105/><W50/><G76/><T131/><D131/><N who="3" m="50217" /><G109/><T99/><D132/><U108/><E108/><V51/><F120/><W79/><G79/><T32/><D32/><U133/><E133/><V26/><F125/><W37/><G37/><N who="0" m="21679" /><D21/><U121/><E121/><V30/><REACH who="2" step="1"/><F65/><REACH who="2" ten="263,356,160,211" step="2"/><W71/><G71/><T81/><D99/><U93/><E106/><V91/><F91/><W4/><G70/><T68/><D68/><U53/><E104/><V27/><F27/><W66/><G89/><T33/><D33/><U90/><E67/><V49/><F49/><W44/><G97/><T74/><D88/><U96/><E90/><V36/><F36/><W127/><G127/><T18/><D98/><U94/><E96/><V2/><F2/><W85/><G0/><T16/><D102/><U129/><E129/><V123/><F123/><W25/><G25/><T103/><D103/><U101/><E101/><V122/><F122/><W111/><G111/><T107/><D107/><U135/><E135/><V19/><F19/><W46/><G50/><T42/><D18/><U63/><E94/><V84/><F84/><W95/><G85/><T119/><D119/><U100/><E93/><V52/><F52/><W48/><G95/><T35/><D35/><U115/><E100/><V60/><F60/><W24/><G48/><T15/><D16/><N who="1" m="10647" /><E62/><V40/><F40/><W114/><G114/><T54/><D42/><U134/><E134/><V56/><F56/><W22/><G4/><RYUUKYOKU ba="0,1" sc="263,-15,356,-15,160,15,211,15" hai2="1,3,17,20,26,28,29,30,47,51,55,77,86" hai3="9,10,22,24,31,44,46,61,66,69" /><INIT seed="2,1,1,4,4,84" ten="248,341,175,226" oya="2" hai0="38,52,78,72,130,62,105,33,101,1,96,128,70" hai1="126,60,37,27,3,92,112,19,123,89,135,8,91" hai2="124,107,61,35,30,12,122,132,44,131,90,47,49" hai3="80,87,120,99,28,127,14,94,22,42,17,109,7"/><V6/><F122/><W79/><G109/><T115/><D115/><U75/><E112/><V119/><F119/><W43/><G127/><T85/><D1/><U133/><E123/><V31/><F107/><W71/><G120/><T77/><D38/><U34/><E37/><V9/><F124/><W21/><G71/><T69/><D72/><U54/><E75/><V29/><F132/><N who="1" m="50761" /><E126/><V66/><F131/><N who="0" m="50218" /><D33/><U68/><E92/><V26/><F90/><N who="1" m="34313" /><E3/><V116/><F116/><W4/><G94/><T117/><D117/><U23/><E34/><V46/><REACH who="2" step="1"/><F49/><REACH who="2" ten="248,341,165,226" step="2"/><W24/><REACH who="3" step="1"/><G99/><REACH who="3" ten="248,341,165,216" step="2"/><T83/><D78/><U106/><E106/><V16/><F16/><W76/><G76/><T114/><D114/><U55/><E8/><V57/><AGARI ba="1,3" hai="6,9,12,26,29,30,31,35,44,46,47,57,61,66" machi="57" ten="30,3000,0" yaku="1,1,0,1,53,0" doraHai="84" doraHaiUra="113" who="2" fromWho="2" sc="248,-11,341,-11,165,63,216,-11" /><INIT seed="2,2,0,0,4,102" ten="237,330,228,205" oya="2" hai0="100,56,131,119,66,34,96,86,1,125,20,36,30" hai1="52,16,114,103,51,38,109,64,55,9,54,88,25" hai2="124,61,41,65,79,24,47,14,67,104,134,121,6" hai3="89,22,2,46,4,21,117,108,42,94,110,28,129"/><V62/><F121/><W91/><G117/><T83/><D1/><U33/><E38/><V37/><F124/><W63/><G129/><T10/><D36/><U76/><E114/><V0/><F0/><W107/><G2/><T5/><D34/><U87/><E109/><N who="3" m="42090" /><G4/><T120/><D120/><U13/><E103/><V58/><F134/><W77/><G77/><T45/><D45/><U26/><E33/><V116/><F116/><W27/><G63/><T69/><D69/><U7/><E64/><V29/><F79/><W99/><G22/><T123/><D20/><N who="1" m="13447" /><E76/><V74/><F74/><W43/><G91/><T101/><D5/><U82/><E26/><V35/><F6/><W18/><G28/><T81/><D30/><U130/><E130/><V73/><F73/><W15/><G27/><T92/><D131/><U68/><E68/><V8/><F8/><W93/><G93/><T98/><D92/><U80/><E80/><V70/><REACH who="2" step="1"/><F14/><REACH who="2" ten="237,330,218,205" step="2"/><W113/><G113/><T50/><D10/><U135/><E135/><V23/><F23/><W90/><G21/><T48/><D123/><U132/><E132/><V112/><F112/><W57/><G15/><T11/><D11/><U31/><E31/><V126/><F126/><W78/><G78/><T40/><D125/><U127/><E127/><V75/><F75/><W105/><G18/><T12/><D12/><U85/><E85/><V39/><F39/><W53/><G90/><T49/><D119/><U32/><E32/><V122/><F122/><W84/><G84/><T19/><D86/><U60/><E60/><V97/><F97/><RYUUKYOKU ba="2,1" sc="237,-15,330,15,218,15,205,-15" hai1="7,9,13,51,52,54,55,82,87,88" hai2="24,29,35,37,41,47,58,61,62,65,67,70,104" /><INIT seed="2,3,1,0,0,36" ten="222,345,233,190" oya="2" hai0="25,131,82,14,38,28,101,104,12,70,108,68,9" hai1="74,26,111,6,134,133,81,55,135,33,40,110,98" hai2="60,85,125,34,128,24,122,109,124,93,42,132,115" hai3="49,116,29,7,2,117,27,59,90,66,43,91,5"/><V130/><F115/><W23/><G116/><T54/><D38/><U8/><E98/><V121/><F132/><W10/><G117/><T118/><D118/><U113/><E113/><V4/><F4/><W129/><G129/><N who="2" m="49769" /><F60/><W97/><G7/><T31/><D131/><U35/><E55/><V119/><F119/><W44/><REACH who="3" step="1"/><G97/><REACH who="3" ten="222,345,233,180" step="2"/><T51/><D70/><U107/><E6/><V41/><F122/><W126/><G126/><T73/><D68/><U17/><E134/><V65/><F121/><W63/><AGARI ba="3,2" hai="2,5,10,23,27,29,43,44,49,59,63,66,90,91" machi="63" ten="30,4000,0" yaku="1,1,0,1,52,1,53,0" doraHai="36" doraHaiUra="13" who="3" fromWho="3" sc="222,-13,345,-13,233,-23,180,69" /><INIT seed="3,0,0,0,2,95" ten="209,332,210,249" oya="3" hai0="71,15,0,101,83,30,127,72,110,80,65,10,11" hai1="25,111,126,133,114,7,104,82,73,44,90,53,57" hai2="40,113,22,132,107,3,52,62,67,118,42,24,69" hai3="75,105,12,50,56,27,26,21,84,16,134,45,123"/><W20/><G75/><T70/><D101/><U32/><E104/><V92/><F113/><W38/><G105/><T117/><D117/><U102/><E102/><V37/><F118/><W63/><G123/><T122/><D122/><U34/><E7/><V8/><F107/><W54/><G134/><T86/><D30/><U60/><E114/><V106/><F106/><W116/><G116/><T109/><D127/><U103/><E103/><V14/><F3/><W5/><G38/><T39/><D39/><U79/><E126/><V59/><F132/><W51/><G84/><T9/><D0/><U31/><E133/><V94/><F37/><W17/><G45/><T1/><D1/><U13/><E111/><N who="0" m="42505" /><D65/><U41/><E90/><V119/><F119/><W124/><G124/><T77/><D15/><U120/><E120/><V89/><F94/><W49/><G5/><T115/><D115/><U19/><E34/><V91/><F91/><AGARI ba="0,0" hai="9,10,11,70,71,72,77,80,83,86,91" m="42505" machi="91" ten="30,1000,0" yaku="14,1" doraHai="95" who="0" fromWho="2" sc="209,10,332,0,210,-10,249,0" owari="219,-18.1,332,43.2,200,-30.0,249,4.9" /></mjloggm>