<mjloggm ver="2.3"><GO type="225" lobby="0"/><UN n0="%E4%BF%BA%E3%81%A8%E5%A6%96%E5%A4%A2" n1="%E5%BA%97%E9%95%B7%4D" n2="%E3%81%B5%E3%81%98%E3%81%8B%E3%81%A4" n3="%28%EF%BF%A3%E2%96%BD%EF%BF%A3%29%CE%B4%E2%8C%92%E3%83%BB" dan="17,16,16,16" rate="2191.90,2101.91,2174.14,2121.75" sx="F,M,M,M"/><TAIKYOKU oya="0"/><INIT seed="0,0,0,1,1,23" ten="250,250,250,250" oya="0" hai0="48,19,25,32,20,6,83,110,8,84,122,70,36" hai1="121,120,111,78,92,22,45,52,103,15,11,125,116" hai2="115,90,119,16,81,14,53,87,69,95,60,12,128" hai3="57,29,105,100,44,37,129,72,27,107,59,1,55"/><T62/><D36/><U39/><E116/><V76/><F115/><W51/><G72/><T21/><D122/><U113/><E113/><V40/><F119/><W74/><G74/><T109/><D48/><U104/><E104/><V31/><F128/><W61/><G1/><T41/><D41/><U28/><E111/><N who="0" m="42505" /><D62/><U49/><E125/><V66/><F40/><W75/><G75/><T91/><D70/><U80/><E39/><V108/><F108/><W34/><G129/><T35/><D21/><U38/><E38/><V97/><F53/><W135/><G135/><T13/><AGARI ba="0,0" hai="6,8,13,19,20,25,32,35,83,84,91" m="42505" machi="13" ten="30,6000,0" yaku="14,1,10,1,52,1" doraHai="23" who="0" fromWho="0" sc="250,60,250,-20,250,-20,250,-20" /><INIT seed="0,1,0,1,4,36" ten="310,230,230,230" oya="0" hai0="1,44,128,38,5,75,58,73,60,43,111,101,40" hai1="122,103,51,11,3,21,113,47,24,102,129,16,106" hai2="15,108,33,104,127,130,109,132,12,124,135,2,95" hai3="14,53,29,97,49,86,18,59,98,67,110,89,34"/><T45/><D128/><U84/><E122/><V121/><F104/><W7/><G110/><N who="2" m="42601" /><F95/><W92/><G7/><T88/><D111/><U105/><E129/><V107/><F107/><W10/><G34/><T13/><D1/><U119/><E119/><V46/><F130/><W27/><REACH who="3" step="1"/><G67/><REACH who="3" ten="310,230,230,220" step="2"/><T79/><D5/><U131/><E131/><V19/><F121/><W39/><G39/><T6/><D6/><U68/><E113/><V83/><F33/><W56/><G56/><T72/><D58/><U120/><E68/><V25/><F2/><W87/><G87/><T48/><D72/><U71/><E71/><V54/><F54/><W52/><G52/><T94/><D73/><U74/><E74/><V82/><F46/><W93/><G93/><T61/><D75/><U26/><E106/><V50/><F50/><W17/><G17/><T65/><D65/><U57/><E57/><V99/><F99/><W78/><G78/><T117/><D79/><U35/><E105/><V112/><F112/><W31/><G31/><T80/><D38/><U63/><E120/><V133/><F83/><W42/><G42/><T134/><D80/><U125/><E84/><V41/><F41/><W30/><G30/><T115/><D43/><U55/><E35/><V90/><F82/><W118/><G118/><T23/><D117/><U123/><E123/><V114/><F114/><W70/><G70/><T4/><D115/><U126/><E63/><V64/><F64/><W66/><G66/><T28/><D61/><U9/><E55/><V0/><F19/><W85/><G85/><T96/><D60/><RYUUKYOKU ba="1,1" sc="310,-10,230,-10,230,-10,220,30" hai3="10,14,18,27,29,49,53,59,86,89,92,97,98" /><INIT seed="1,2,1,5,0,24" ten="300,220,220,250" oya="1" hai0="87,4,124,86,57,39,89,56,49,3,26,105,23" hai1="88,46,106,112,135,75,120,116,133,22,45,98,43" hai2="64,53,50,93,125,42,82,30,134,67,128,0,54" hai3="28,27,13,33,15,8,101,118,79,52,114,61,97"/><U25/><E112/><V58/><F0/><W92/><G114/><T130/><D39/><U31/><E116/><V51/><F125/><W77/><G118/><T110/><D105/><U14/><E120/><V76/><F134/><N who="1" m="51209" /><E75/><V107/><F128/><W72/><G72/><T96/><D124/><U12/><E106/><V21/><F107/><W85/><G85/><T115/><D115/><U132/><N who="1" m="51217" /><U78/><DORA hai="16" /><E78/><V100/><F42/><W80/><G80/><T35/><D35/><U1/><E1/><V74/><F93/><W90/><G101/><T10/><D130/><U38/><E46/><V36/><F100/><W81/><G81/><T29/><D110/><U11/><E11/><V65/><F36/><W48/><G61/><T20/><D20/><U131/><E131/><V19/><F30/><W94/><G94/><AGARI ba="2,1" hai="12,14,22,25,31,38,43,45,88,94,98" m="51217" machi="94" ten="40,12000,1" yaku="20,1,52,2,54,1" doraHai="24,16" who="1" fromWho="3" sc="300,0,220,136,220,0,250,-126" /><INIT seed="1,3,0,2,2,57" ten="300,356,220,124" oya="1" hai0="92,81,59,128,116,11,45,6,4,18,76,113,121" hai1="94,52,63,95,34,50,126,107,66,51,118,3,55" hai2="39,135,82,97,106,23,19,101,7,119,112,53,85" hai3="90,105,73,104,8,72,115,32,15,69,75,93,127"/><U103/><E118/><V79/><F119/><W123/><G32/><T86/><D116/><U89/><E3/><V28/><F135/><W49/><G69/><T65/><D113/><U5/><E5/><V67/><F112/><W96/><G115/><T16/><D128/><U14/><E34/><V131/><F131/><W132/><G123/><T62/><D121/><U0/><E0/><V12/><F39/><W41/><G132/><T98/><D45/><U35/><E35/><V17/><F28/><W10/><G127/><T100/><REACH who="0" step="1"/><D4/><REACH who="0" ten="290,356,220,124" step="2"/><U43/><E126/><V78/><F7/><W9/><REACH who="3" step="1"/><G15/><AGARI ba="3,1" hai="6,11,15,16,18,59,62,65,76,81,86,92,98,100" machi="15" ten="30,12000,2" yaku="1,1,2,1,7,1,8,1,52,1,54,1,53,1" doraHai="57" doraHaiUra="88" who="0" fromWho="3" sc="290,139,356,0,220,0,124,-129" owari="429,52.9,356,15.6,220,-18.0,-5,-50.5" /></mjloggm>