<mjloggm ver="2.3"><GO type="225" lobby="0"/><UN n0="%E3%81%A9%E3%82%8F%E3%82%93%E3%81%94" n1="%48%61%61%61%6C%61%6E%64" n2="%E6%A1%9C%E8%8A%B1%E9%96%83%E3%80%85" n3="%E6%B8%A9%E2%98%85%E6%83%85%E2%98%85%E6%8E%AA%E2%98%85%E7%BD%AE" dan="16,18,16,18" rate="2110.03,2265.62,2125.14,2261.12" sx="M,M,M,M"/><TAIKYOKU oya="0"/><INIT seed="0,0,0,1,1,42" ten="250,250,250,250" oya="0" hai0="99,6,108,98,17,73,57,15,36,121,93,34,92" hai1="18,24,70,103,28,39,64,7,116,62,51,105,123" hai2="90,81,76,5,106,31,77,29,110,55,56,75,46" hai3="30,2,135,74,38,10,130,91,119,33,84,43,113"/><T131/><D121/><U97/><E123/><V101/><F110/><W107/><RYUUKYOKU type="yao9" ba="0,0" sc="250,0,250,0,250,0,250,0" hai3="2,10,30,33,38,43,74,84,91,107,113,119,130,135" /><INIT seed="0,1,0,2,4,88" ten="250,250,250,250" oya="0" hai0="55,40,107,39,92,61,6,38,54,42,60,69,116" hai1="78,14,30,83,128,19,41,106,70,20,3,110,45" hai2="89,75,58,111,27,52,79,86,114,130,24,77,28" hai3="80,12,121,81,35,67,132,64,73,13,90,50,85"/><T112/><D107/><U63/><E110/><V44/><F114/><W34/><G132/><T131/><D6/><U8/><E106/><V105/><F111/><W37/><G37/><N who="0" m="13835" /><D92/><U74/><E128/><V21/><F130/><W18/><G121/><T56/><D131/><U118/><E118/><V0/><F75/><W68/><G68/><T15/><D15/><U120/><E120/><V66/><F0/><W76/><G50/><T94/><D94/><U95/><E95/><N who="2" m="54711" /><F105/><W108/><G108/><T32/><D32/><U47/><E41/><N who="0" m="15977" /><D116/><U57/><E70/><V65/><F44/><W125/><G34/><T109/><D112/><U134/><E134/><V7/><F27/><W101/><G35/><T48/><D109/><U46/><E3/><V96/><F96/><W11/><G101/><T9/><D9/><U100/><E100/><V1/><F7/><W84/><G73/><T4/><D4/><U115/><E115/><V51/><F1/><W91/><G76/><AGARI ba="1,0" hai="21,24,28,51,52,58,65,66,76,77,79" m="54711" machi="76" ten="30,3900,0" yaku="8,1,52,1,54,1" doraHai="88" who="2" fromWho="3" sc="250,0,250,0,250,42,250,-42" /><INIT seed="1,0,0,5,3,98" ten="250,250,292,208" oya="1" hai0="107,19,22,32,77,88,78,31,82,127,53,128,123" hai1="111,114,68,99,76,17,37,10,18,66,2,50,25" hai2="9,57,28,5,84,71,74,29,67,8,65,44,106" hai3="35,89,90,43,125,83,61,85,23,112,72,133,109"/><U56/><E114/><V117/><F74/><W70/><G112/><T52/><D107/><U81/><E37/><V103/><F117/><W116/><G35/><T3/><D3/><U51/><E68/><V105/><F71/><W80/><G116/><T124/><D128/><U26/><E111/><V102/><F44/><W49/><G109/><T86/><D123/><U38/><E38/><V131/><F84/><W54/><G133/><T14/><D31/><U91/><E2/><V101/><F131/><W87/><G125/><N who="0" m="48203" /><D32/><U108/><E108/><V96/><F96/><W64/><G72/><N who="0" m="43303" /><D78/><U27/><E76/><V58/><F102/><W20/><REACH who="3" step="1"/><G43/><REACH who="3" ten="250,250,292,198" step="2"/><T59/><D59/><AGARI ba="0,1" hai="20,23,49,54,59,61,64,70,80,83,85,87,89,90" machi="59" ten="30,7700,0" yaku="1,1,2,1,7,1,9,1,53,0" doraHai="98" doraHaiUra="126" who="3" fromWho="0" sc="250,-77,250,0,292,0,198,87" /><INIT seed="2,0,0,5,1,110" ten="173,250,292,285" oya="2" hai0="60,39,90,24,131,103,41,114,29,56,70,23,75" hai1="64,19,3,9,107,55,96,30,116,33,35,79,123" hai2="106,43,118,126,93,27,22,48,97,86,28,32,88" hai3="0,124,104,72,45,46,36,87,54,66,16,105,47"/><V115/><F126/><W52/><G72/><T117/><D70/><U91/><E116/><V50/><F118/><W62/><G36/><T12/><D117/><U76/><E123/><V74/><F115/><W65/><G0/><T112/><D75/><U63/><E55/><N who="3" m="21034" /><G105/><T85/><D103/><N who="1" m="62951" /><E91/><V44/><F74/><W83/><G104/><T125/><D125/><U42/><E42/><V26/><F50/><W51/><G124/><T57/><D131/><U59/><E59/><V119/><F119/><W102/><G102/><T49/><D39/><U5/><E19/><V67/><F67/><N who="3" m="25611" /><G62/><T94/><D12/><U11/><E33/><V13/><F13/><W4/><G4/><T68/><D68/><N who="1" m="42015" /><E9/><V95/><F106/><W6/><G6/><T34/><D34/><U53/><E53/><V92/><REACH who="2" step="1"/><F97/><REACH who="2" ten="173,250,282,285" step="2"/><W38/><G38/><T133/><D133/><U129/><E129/><V77/><F77/><N who="3" m="46575" /><G51/><T84/><D84/><U69/><E69/><V20/><F20/><W108/><G108/><T121/><D121/><U113/><E113/><V71/><F71/><W15/><G47/><T122/><D122/><U7/><E76/><V58/><F58/><N who="0" m="22634" /><D60/><U127/><E127/><V100/><F100/><W14/><G14/><T82/><D114/><U78/><E5/><V17/><AGARI ba="0,1" hai="17,22,26,27,28,32,43,44,48,86,88,92,93,95" machi="17" ten="20,7800,0" yaku="1,1,0,1,7,1,54,1,53,0" doraHai="110" doraHaiUra="2" who="2" fromWho="2" sc="173,-26,250,-26,282,88,285,-26" /><INIT seed="2,1,0,1,3,118" ten="147,224,370,259" oya="2" hai0="0,107,93,9,132,8,105,57,24,113,86,32,31" hai1="124,90,128,89,75,43,34,51,5,23,78,97,69" hai2="6,83,38,85,96,100,55,117,120,42,59,101,114" hai3="36,21,46,4,49,79,14,47,41,53,111,64,74"/><V66/><F117/><W127/><G111/><T76/><D113/><U3/><E34/><V112/><F66/><W16/><G127/><T119/><D119/><U102/><E69/><V60/><F6/><W130/><G130/><T71/><D71/><U27/><E124/><V91/><F101/><W19/><G64/><T50/><D132/><U52/><E43/><V72/><F72/><W1/><G14/><T108/><D108/><U125/><E128/><V98/><F98/><W25/><G21/><T15/><D9/><U68/><E68/><V65/><F120/><W26/><G26/><T10/><D10/><U28/><E125/><V99/><F99/><W84/><G84/><T77/><D0/><U17/><E28/><V61/><F42/><W88/><G88/><T116/><D116/><U115/><E115/><V33/><F38/><W54/><G54/><T81/><D77/><U30/><E30/><V2/><F2/><W35/><G25/><T133/><D133/><U22/><E22/><V20/><F20/><W131/><G35/><T80/><D80/><U67/><E67/><V7/><F7/><W44/><G44/><T129/><D93/><U94/><E5/><V103/><F103/><W126/><G126/><T58/><D129/><U104/><E3/><V12/><F12/><W87/><G87/><T110/><D110/><U82/><REACH who="1" step="1"/><E94/><REACH who="1" ten="147,214,370,259" step="2"/><N who="2" m="58391" /><F33/><W106/><G131/><T56/><REACH who="0" step="1"/><D50/><REACH who="0" ten="137,214,370,259" step="2"/><U73/><E73/><V18/><F114/><W70/><G70/><T135/><D135/><U39/><E39/><V62/><F112/><W40/><G36/><T45/><D45/><AGARI ba="1,2" hai="17,23,27,45,51,52,75,78,82,89,90,97,102,104" machi="45" ten="30,7700,0" yaku="1,1,6,1,7,1,54,1,53,0" doraHai="118" doraHaiUra="37" who="1" fromWho="0" sc="137,-80,214,100,370,0,259,0" /><INIT seed="3,0,0,3,4,24" ten="57,314,370,259" oya="3" hai0="30,96,77,0,14,131,123,84,16,21,79,121,1" hai1="93,20,15,61,22,37,2,114,104,42,94,53,12" hai2="119,34,68,95,75,64,43,108,113,63,120,35,83" hai3="54,88,47,127,100,36,71,81,11,44,87,28,52"/><W46/><G127/><T124/><D96/><U122/><E2/><V115/><F119/><W33/><G71/><T72/><D84/><U60/><E104/><V6/><F108/><W132/><G36/><T8/><D72/><U51/><E37/><V41/><F95/><N who="1" m="36361" /><E122/><V116/><F116/><W25/><G132/><T67/><D67/><U57/><E114/><V92/><F92/><W3/><REACH who="3" step="1"/><G100/><REACH who="3" ten="57,314,370,249" step="2"/><T5/><D124/><U112/><E112/><V97/><F115/><W82/><G82/><T69/><D69/><U133/><E133/><V117/><F113/><W13/><G13/><N who="1" m="5194" /><E61/><V103/><F63/><W45/><N who="3" m="11264" /><DORA hai="23" /><W10/><G10/><T48/><D48/><U73/><E51/><V130/><F68/><W80/><G80/><T9/><D131/><U129/><E129/><V66/><F83/><W86/><G86/><T125/><D125/><U7/><E73/><V70/><F75/><W4/><AGARI ba="0,1" hai="3,4,11,25,28,33,52,54,81,87,88" m="11264" machi="4" ten="40,18000,2" yaku="1,1,0,1,52,2,54,2,53,0" doraHai="24,23" doraHaiUra="107,62" who="3" fromWho="3" sc="57,-60,314,-60,370,-60,249,190" owari="-3,-50.3,254,-14.6,310,11.0,439,53.9" /></mjloggm>