<mjloggm ver="2.3"><GO type="225" lobby="0"/><UN n0="%E3%81%8F%E3%82%8A%E3%83%94%E3%83%BC" n1="%E6%81%AC%E6%B7%A1%E5%AF%82%E5%AF%9E" n2="%E3%81%A9%E3%82%8F%E3%82%93%E3%81%94" n3="%E4%B8%AD%E5%B9%B4%E3%81%AE%E5%8D%B1%E6%A9%9F" dan="16,16,16,17" rate="2101.51,2112.71,2233.29,2144.62" sx="M,F,M,M"/><TAIKYOKU oya="0"/><INIT seed="0,0,0,3,4,108" ten="250,250,250,250" oya="0" hai0="28,131,117,75,95,129,100,81,83,59,22,6,45" hai1="107,135,112,37,91,115,31,60,35,7,130,77,71" hai2="58,38,44,39,41,2,73,89,9,121,133,128,49" hai3="23,101,97,82,76,94,61,80,20,57,54,17,86"/><T90/><D6/><U111/><E111/><V120/><F73/><W132/><G132/><T43/><D117/><U63/><E91/><V3/><F89/><W110/><G110/><T102/><D59/><U42/><E135/><V12/><F133/><W99/><G17/><T126/><D22/><U87/><E130/><N who="0" m="49673" /><D28/><U72/><E87/><V10/><F128/><W93/><REACH who="3" step="1"/><G80/><REACH who="3" ten="250,250,250,240" step="2"/><N who="0" m="30795" /><D75/><U104/><E72/><V109/><F109/><W16/><G16/><T24/><D24/><N who="1" m="18919" /><E7/><V4/><F4/><W15/><G15/><T18/><D18/><U47/><E77/><V106/><F12/><W105/><G105/><N who="1" m="40522" /><E71/><V114/><F106/><W33/><G33/><T30/><D30/><U13/><E13/><V127/><F2/><W66/><G66/><T116/><D116/><U40/><E40/><V84/><F41/><W98/><G98/><N who="0" m="57719" /><D126/><U11/><E11/><V67/><F9/><W85/><G85/><T64/><D64/><U36/><E36/><AGARI ba="0,1" hai="36,43,45,100,102" m="57719,30795,49673" machi="36" ten="30,1500,0" yaku="19,1" doraHai="108" who="0" fromWho="1" sc="250,25,250,-15,250,0,240,0" /><INIT seed="0,1,0,5,1,126" ten="275,235,250,240" oya="0" hai0="73,11,101,20,87,112,107,127,23,96,0,21,113" hai1="5,52,67,125,9,128,102,77,34,53,74,134,108" hai2="10,48,91,25,103,31,37,54,12,98,88,118,18" hai3="66,24,62,105,8,64,119,92,47,99,133,56,60"/><T59/><D73/><U1/><E34/><V22/><F118/><W17/><G119/><T97/><D127/><U68/><E125/><V75/><F37/><W45/><G105/><T124/><D124/><U109/><E102/><V81/><F75/><W90/><G133/><T35/><D35/><U3/><E134/><V15/><F15/><W117/><G117/><T7/><D97/><U121/><E121/><V28/><F28/><W51/><G8/><T61/><REACH who="0" step="1"/><D87/><REACH who="0" ten="265,235,250,240" step="2"/><U43/><E74/><V76/><F98/><W6/><G6/><T42/><D42/><U95/><E43/><V36/><F103/><W94/><G94/><T115/><D115/><U26/><E95/><V69/><F36/><W2/><G2/><T46/><D46/><U4/><E4/><V131/><F131/><W130/><G130/><T14/><D14/><U86/><E5/><V80/><F12/><W38/><G38/><T110/><D110/><U104/><E1/><V44/><F44/><W32/><G32/><T135/><D135/><U50/><E3/><V120/><F120/><W111/><G111/><T39/><D39/><U114/><E109/><V58/><F25/><W106/><G47/><T40/><D40/><U29/><E26/><V30/><F18/><W27/><G17/><T55/><AGARI ba="1,1" hai="0,7,11,20,21,23,55,59,61,96,101,107,112,113" machi="55" ten="30,6000,0" yaku="1,1,0,1,53,1" doraHai="126" doraHaiUra="49" who="0" fromWho="0" sc="265,73,235,-21,250,-21,240,-21" /><INIT seed="0,2,0,5,3,7" ten="338,214,229,219" oya="0" hai0="81,116,16,74,77,64,37,9,119,54,78,97,106" hai1="2,43,67,11,111,22,115,24,75,36,42,84,124" hai2="13,15,120,82,32,33,121,59,63,98,8,135,86" hai3="108,17,35,132,123,48,69,0,117,58,130,3,56"/><T65/><D37/><U89/><E75/><V131/><F131/><W20/><G48/><T72/><D54/><U99/><E36/><V118/><F118/><W5/><G56/><T53/><D53/><U88/><E111/><V68/><F68/><W129/><G58/><T41/><D41/><U83/><E124/><V26/><F135/><W44/><G69/><T27/><D106/><U51/><E115/><V125/><F125/><W100/><G44/><T127/><D127/><U55/><E67/><V29/><F98/><W96/><G117/><T18/><D97/><U45/><E2/><V38/><F15/><W28/><G96/><T6/><D27/><U128/><E128/><N who="3" m="49258" /><G100/><T31/><D31/><N who="1" m="17815" /><E11/><V71/><F33/><W107/><G107/><T114/><D9/><U90/><E99/><V95/><F71/><W47/><G47/><T126/><D126/><U93/><E93/><V10/><F95/><W110/><G132/><T23/><D81/><U91/><AGARI ba="2,0" hai="42,43,45,51,55,83,84,88,89,90,91" m="17815" machi="91" ten="30,2000,0" yaku="8,1,54,1" doraHai="7" who="1" fromWho="1" sc="338,-12,214,26,229,-7,219,-7" /><INIT seed="1,0,0,0,5,42" ten="326,240,222,212" oya="1" hai0="39,35,69,19,14,104,77,133,89,95,29,15,125" hai1="114,96,37,3,46,79,84,36,88,131,113,58,87" hai2="59,60,55,63,102,74,16,49,120,40,103,91,124" hai3="130,64,11,71,62,75,50,132,48,86,118,122,2"/><U68/><E68/><V20/><F124/><W94/><G75/><T26/><D104/><U4/><E37/><V10/><F120/><W13/><G122/><T18/><D69/><U80/><E96/><V134/><F74/><W107/><G107/><T28/><D28/><U23/><E131/><V12/><F134/><W92/><G132/><T24/><D24/><U1/><E58/><V6/><F91/><W93/><G130/><T47/><D77/><U110/><E23/><V108/><F108/><W112/><G112/><T21/><D125/><U41/><E110/><V31/><F31/><W98/><G118/><T85/><D133/><U78/><E78/><V117/><F117/><W106/><G2/><T51/><D39/><U44/><E44/><N who="2" m="25735" /><F63/><W101/><REACH who="3" step="1"/><G86/><REACH who="3" ten="326,240,222,202" step="2"/><T100/><D85/><U32/><E1/><V115/><F115/><W38/><G38/><T30/><D35/><U57/><E32/><V54/><F54/><W65/><G65/><T45/><D15/><AGARI ba="0,1" hai="6,10,12,15,16,20,55,59,60,102,103" m="25735" machi="15" ten="30,3900,0" yaku="8,1,52,1,54,1" doraHai="42" who="2" fromWho="0" sc="326,-39,240,0,222,49,202,0" /><INIT seed="2,0,0,0,1,30" ten="287,240,271,202" oya="2" hai0="35,101,77,17,18,118,4,70,31,73,93,16,21" hai1="100,109,6,45,106,112,5,133,52,130,128,131,114" hai2="104,105,119,63,64,113,65,62,68,60,37,26,96" hai3="84,46,10,25,24,49,27,28,47,129,76,51,102"/><V81/><F113/><N who="1" m="43625" /><E109/><V66/><F119/><W116/><G129/><T22/><D70/><U13/><E133/><V58/><F37/><W85/><G116/><T94/><D118/><U125/><E125/><V71/><F81/><W122/><G122/><T72/><D4/><U69/><E69/><V54/><F26/><W78/><G102/><T8/><D8/><U91/><E91/><V108/><F108/><W123/><G123/><T115/><D115/><U86/><E86/><N who="3" m="33386" /><G10/><T1/><D1/><U97/><E13/><V42/><F96/><W124/><G28/><T20/><D101/><U3/><E3/><V79/><F79/><N who="3" m="30251" /><G124/><T126/><D126/><U32/><E32/><V53/><F42/><W120/><G120/><T36/><D36/><U34/><E34/><V15/><F15/><W95/><G95/><T134/><D134/><U99/><E99/><V121/><F121/><W88/><G88/><T127/><D127/><U89/><E89/><V19/><F19/><W87/><N who="3" m="33394" /><W132/><DORA hai="44" /><G132/><T83/><REACH who="0" step="1"/><D73/><REACH who="0" ten="277,240,271,202" step="2"/><U55/><E5/><V117/><F117/><W48/><AGARI ba="0,1" hai="24,25,27,46,47,48,49,51" m="30251,33394" machi="48" ten="40,12000,2" yaku="28,2,8,1,52,3" doraHai="30,44" who="3" fromWho="3" sc="277,-30,240,-30,271,-60,202,130" /><INIT seed="3,0,0,2,5,86" ten="247,210,211,332" oya="3" hai0="94,113,4,111,27,57,61,71,110,109,121,79,127" hai1="25,37,115,114,15,24,48,124,88,89,42,6,45" hai2="81,122,67,73,83,20,35,85,112,33,49,98,39" hai3="87,36,3,30,101,76,125,23,108,10,104,8,12"/><W26/><G36/><T51/><D121/><U90/><E124/><V72/><F112/><W126/><G108/><T50/><D127/><N who="3" m="48649" /><G3/><T96/><D113/><U95/><E37/><V13/><F39/><W102/><G104/><T16/><D71/><U29/><E25/><V56/><F122/><W82/><G10/><T133/><D133/><U74/><E74/><V128/><F128/><W129/><G129/><T11/><D79/><U91/><E6/><AGARI ba="0,0" hai="6,8,12,23,26,30,76,82,87,101,102" m="48649" machi="6" ten="30,1500,0" yaku="18,1" doraHai="86" who="3" fromWho="1" sc="247,0,210,-15,211,0,332,15" owari="247,4.7,195,-30.5,211,-18.9,347,44.7" /></mjloggm>