<mjloggm ver="2.3"><GO type="225" lobby="0"/><UN n0="%4C%4F%4C%49%54%41" n1="%E3%81%A9%E3%82%8F%E3%82%93%E3%81%94" n2="%E7%B4%94%E6%BD%94%E3%83%94%E3%83%A9%E3%83%8B%E3%82%A2" n3="%E6%B4%BE%E9%81%A3%E3%81%AE%E3%82%B8%E3%83%A3%E3%83%83%E3%82%AF" dan="16,16,18,16" rate="2144.76,2145.03,2211.47,2158.53" sx="F,M,M,M"/><TAIKYOKU oya="0"/><INIT seed="0,0,0,5,5,112" ten="250,250,250,250" oya="0" hai0="80,51,75,66,125,46,44,116,4,83,40,105,129" hai1="135,101,90,63,97,3,72,16,6,122,102,96,22" hai2="118,30,11,42,2,58,76,29,104,41,59,15,50" hai3="43,108,53,86,7,71,120,117,93,110,67,85,132"/><T37/><D105/><U24/><E122/><V20/><F104/><W45/><G7/><T92/><D125/><U69/><E135/><V68/><F68/><W8/><G8/><T61/><D129/><U119/><E72/><V33/><F33/><W56/><G120/><T27/><D75/><U133/><E133/><V134/><F2/><W121/><G121/><T107/><D107/><U62/><E119/><V115/><F118/><W1/><G1/><T130/><D130/><U84/><E6/><V60/><F76/><W31/><G31/><N who="2" m="11785" /><F20/><W25/><G25/><T100/><D4/><U89/><E3/><V34/><F34/><W65/><G132/><T82/><D27/><U77/><E77/><V131/><F115/><W79/><G117/><T91/><D100/><N who="1" m="38507" /><E90/><V47/><F131/><W28/><G28/><T9/><D9/><U109/><E69/><V128/><F128/><W87/><G79/><T13/><D13/><U38/><E38/><V64/><F59/><W123/><G93/><T23/><D23/><U81/><E109/><N who="3" m="42090" /><G71/><T57/><D116/><U12/><E24/><V55/><F134/><W127/><G127/><T21/><D21/><U54/><E54/><V0/><F0/><W114/><G123/><T10/><D10/><U26/><E26/><V52/><F55/><W48/><G114/><T74/><D74/><U36/><E36/><AGARI ba="0,0" hai="36,43,45,48,53,56,65,67,85,86,87" m="42090" machi="36" ten="30,1000,0" yaku="14,1" doraHai="112" who="3" fromWho="1" sc="250,0,250,-10,250,0,250,10" /><INIT seed="1,0,0,0,5,95" ten="250,240,250,260" oya="1" hai0="105,84,99,20,135,44,31,13,88,14,74,63,37" hai1="125,134,39,89,72,114,124,36,78,109,35,7,4" hai2="0,22,66,93,82,71,61,5,132,25,106,76,96" hai3="30,130,123,129,133,115,47,18,92,122,121,12,112"/><U43/><E114/><N who="3" m="43562" /><G47/><T126/><D74/><U16/><E35/><V56/><F132/><W64/><G64/><T103/><D135/><U2/><E134/><V46/><F106/><W108/><G133/><T3/><D3/><U38/><E43/><V68/><F46/><W24/><G92/><T59/><D126/><N who="1" m="48747" /><E2/><V119/><F119/><W70/><G70/><T100/><D100/><U69/><E69/><V98/><F0/><W57/><G57/><T73/><D73/><U111/><E89/><V60/><F5/><N who="1" m="2121" /><E16/><V120/><F93/><W83/><G83/><AGARI ba="0,0" hai="36,38,39,72,78,83,109,111" m="2121,48747" machi="83" ten="40,2000,0" yaku="18,1" doraHai="95" who="1" fromWho="3" sc="250,0,240,20,250,0,260,-20" /><INIT seed="1,1,0,0,5,6" ten="250,260,250,240" oya="1" hai0="7,68,120,79,119,117,108,75,103,21,63,131,69" hai1="65,19,107,20,134,98,110,47,24,41,99,33,89" hai2="55,11,83,46,32,122,31,42,115,58,70,45,81" hai3="106,35,135,39,27,67,13,74,105,44,66,130,52"/><U48/><E134/><V34/><F70/><W2/><G2/><T26/><D108/><U123/><E110/><V15/><F122/><W127/><G74/><T12/><D120/><U3/><E123/><V125/><F115/><W50/><G127/><T93/><D131/><U5/><E65/><V16/><F125/><W17/><G130/><T95/><D75/><U121/><E121/><V102/><F102/><W84/><G39/><T111/><D79/><U54/><E107/><V10/><F31/><W43/><G135/><T87/><D111/><U0/><E0/><V62/><F46/><W57/><G84/><T60/><D69/><U18/><E33/><V132/><F132/><W78/><G78/><T129/><D129/><U25/><E89/><V8/><F34/><W72/><G72/><T133/><D133/><U73/><E73/><V100/><F100/><W86/><G86/><T51/><D51/><U128/><E128/><V49/><F32/><W91/><G91/><N who="0" m="53503" /><D68/><U113/><E113/><V9/><AGARI ba="1,0" hai="8,9,10,11,15,16,42,45,49,55,58,62,81,83" machi="9" ten="30,12000,2" yaku="0,1,8,1,52,4,54,1" doraHai="6" who="2" fromWho="2" sc="250,-31,260,-61,250,123,240,-31" /><INIT seed="2,0,0,5,0,98" ten="219,199,373,209" oya="2" hai0="113,0,50,77,78,23,128,25,116,15,73,88,46" hai1="33,71,117,38,49,91,26,32,35,125,27,115,81" hai2="75,47,94,74,106,118,65,89,66,57,112,70,122" hai3="63,22,102,95,54,109,59,87,130,105,14,93,119"/><V45/><F106/><W43/><G109/><T123/><D0/><U97/><E117/><V30/><F118/><W53/><G119/><T10/><D116/><U20/><E115/><V126/><F112/><W16/><G130/><T3/><D3/><U41/><E38/><V21/><F70/><W134/><G134/><T55/><D73/><U42/><E71/><V17/><F122/><W103/><G105/><T101/><D113/><U58/><E125/><V100/><F126/><W132/><G132/><T110/><D110/><U79/><E27/><V48/><F30/><W4/><G43/><T40/><D101/><N who="3" m="38409" /><G4/><N who="0" m="3527" /><D123/><U76/><E58/><V2/><F100/><W129/><G129/><T51/><D88/><U62/><E62/><V131/><F2/><W39/><G39/><T84/><D84/><U18/><E97/><N who="2" m="57551" /><F75/><W24/><G24/><T61/><D61/><U68/><E68/><V90/><F90/><N who="3" m="53471" /><G95/><T28/><D128/><U19/><E35/><V104/><F74/><W127/><G127/><T121/><D121/><U86/><E33/><V99/><F99/><W64/><AGARI ba="0,0" hai="14,16,22,53,54,59,63,64" m="53471,38409" machi="64" ten="30,8000,1" yaku="8,1,52,3,54,1" doraHai="98" who="3" fromWho="3" sc="219,-20,199,-20,373,-40,209,80" /><INIT seed="3,0,0,3,2,73" ten="199,179,333,289" oya="3" hai0="90,93,26,104,117,8,18,50,118,128,17,2,51" hai1="64,65,0,111,127,1,77,123,19,60,80,86,24" hai2="48,105,81,106,69,56,63,40,16,75,97,47,11" hai3="109,103,135,133,23,39,100,96,94,41,95,34,61"/><W31/><G34/><T55/><D104/><U72/><E123/><V129/><F69/><W101/><G39/><T7/><D128/><U131/><E131/><V82/><F129/><W66/><G41/><T76/><D76/><U134/><E111/><V107/><F75/><W6/><G6/><T74/><D74/><U20/><E134/><N who="3" m="51210" /><G109/><T116/><D26/><U71/><E127/><V30/><F30/><W83/><G83/><T45/><REACH who="0" step="1"/><D51/><REACH who="0" ten="189,179,333,289" step="2"/><U85/><REACH who="1" step="1"/><E65/><REACH who="1" ten="189,169,333,289" step="2"/><N who="2" m="39143" /><F107/><W33/><G33/><T62/><D62/><U89/><E89/><V119/><F106/><W27/><G96/><AGARI ba="0,2" hai="2,7,8,17,18,45,50,55,90,93,96,116,117,118" machi="96" ten="40,5200,0" yaku="1,1,53,2" doraHai="73" doraHaiUra="14" who="0" fromWho="3" sc="189,72,169,0,333,0,289,-52" owari="261,6.1,169,-33.1,333,43.3,237,-16.3" /></mjloggm>