<mjloggm ver="2.3"><GO type="225" lobby="0"/><UN n0="%E3%82%82%E3%81%90%E3%82%89" n1="%6D%75%75%6D%75%72%61" n2="%E3%81%95%E3%81%8D%E3%81%9F%E3%81%BE%E6%9E%97%E6%AA%8E" n3="%E4%B8%AD%E5%B9%B4%E3%81%AE%E5%8D%B1%E6%A9%9F" dan="17,16,16,17" rate="2217.38,2141.06,2103.08,2118.78" sx="M,F,M,M"/><TAIKYOKU oya="0"/><INIT seed="0,0,0,1,4,41" ten="250,250,250,250" oya="0" hai0="53,94,56,130,46,87,37,68,104,75,67,45,25" hai1="35,107,128,52,64,133,22,111,93,113,47,112,40" hai2="48,105,106,54,122,125,20,127,30,15,34,33,13" hai3="21,59,50,102,77,108,120,42,95,63,17,109,26"/><T2/><D104/><N who="2" m="40042" /><F122/><W65/><G120/><T58/><D75/><U27/><E111/><N who="3" m="42570" /><G77/><T96/><D130/><U4/><E133/><V11/><F20/><W82/><G82/><T18/><D2/><U118/><E118/><V9/><F30/><W81/><G81/><T31/><D37/><U121/><E121/><V39/><F39/><W32/><G32/><N who="2" m="12393" /><F54/><W5/><G5/><T88/><D68/><U55/><E107/><V16/><F48/><W134/><G134/><T126/><D126/><N who="2" m="48138" /><F16/><W116/><G116/><T115/><D31/><U123/><E35/><V90/><F90/><W49/><G42/><T23/><D115/><N who="1" m="44107" /><E128/><V103/><F103/><W124/><G124/><T80/><D67/><U29/><E123/><V7/><F7/><W1/><G1/><T132/><D132/><U131/><E131/><V86/><F86/><W119/><G119/><T101/><D58/><U43/><E43/><V98/><F98/><AGARI ba="0,0" hai="17,21,26,49,50,59,63,65,95,98,102" m="42570" machi="98" ten="30,1000,0" yaku="14,1" doraHai="41" who="3" fromWho="2" sc="250,0,250,0,250,-10,250,10" /><INIT seed="1,0,0,5,4,55" ten="250,250,240,260" oya="1" hai0="48,131,87,28,117,67,126,16,3,6,120,12,73" hai1="40,69,60,133,10,0,108,31,118,63,109,39,20" hai2="122,88,80,100,104,50,9,78,91,7,79,68,114" hai3="11,34,112,37,47,128,116,98,124,96,65,66,70"/><U89/><E118/><V86/><F122/><W26/><G112/><T29/><D73/><U62/><E133/><V90/><F68/><W72/><G72/><T45/><D117/><U135/><E135/><V25/><F114/><W41/><G116/><T129/><D120/><U83/><E69/><V92/><F78/><W30/><G124/><T21/><D126/><U53/><E39/><V36/><F36/><W14/><G128/><N who="0" m="49227" /><D67/><U8/><E40/><V19/><F104/><W75/><G75/><T43/><D87/><N who="1" m="50431" /><E0/><V77/><F77/><W94/><G70/><T113/><D113/><U54/><E31/><N who="0" m="11849" /><D6/><U24/><E20/><V110/><F7/><W123/><G123/><T52/><D3/><U49/><E53/><AGARI ba="0,0" hai="12,16,21,43,45,48,52,53" m="11849,49227" machi="53" ten="30,3900,0" yaku="19,1,54,2" doraHai="55" who="0" fromWho="1" sc="250,39,250,-39,240,0,260,0" /><INIT seed="2,0,0,1,2,69" ten="289,211,240,260" oya="2" hai0="131,40,4,34,5,21,29,124,9,127,97,7,87" hai1="48,31,65,88,0,42,129,6,86,118,64,46,123" hai2="92,61,72,113,128,108,44,71,94,41,3,33,27" hai3="14,96,133,28,16,114,30,55,43,91,121,106,63"/><V58/><F113/><W62/><G121/><T78/><D97/><U117/><E123/><V10/><F128/><W107/><G114/><T24/><D87/><U2/><E129/><V25/><F72/><W45/><G133/><T53/><D78/><U26/><E65/><V84/><F71/><W104/><G91/><T95/><D95/><U82/><E64/><V103/><F108/><W79/><G79/><T76/><D76/><U115/><E115/><V67/><F3/><W109/><G96/><T15/><D53/><U59/><E59/><V70/><F70/><W13/><G13/><T99/><D40/><U125/><E125/><N who="0" m="48201" /><D99/><U116/><REACH who="1" step="1"/><E6/><REACH who="1" ten="289,201,240,260" step="2"/><N who="0" m="2665" /><D131/><U23/><AGARI ba="0,1" hai="0,2,23,26,31,42,46,48,82,86,88,116,117,118" machi="23" ten="30,4000,0" yaku="1,1,0,1,54,1,53,0" doraHai="69" doraHaiUra="8" who="1" fromWho="1" sc="289,-10,201,50,240,-20,260,-10" /><INIT seed="3,0,0,0,1,33" ten="279,251,220,250" oya="3" hai0="80,60,18,51,48,59,115,37,104,135,119,126,16" hai1="26,72,47,61,66,102,82,7,35,9,96,129,52" hai2="14,49,46,73,78,43,8,62,41,17,64,58,124" hai3="0,86,87,25,68,21,125,40,44,56,131,74,111"/><W2/><G68/><T90/><D119/><U67/><E129/><V24/><F124/><W22/><G74/><T15/><D104/><U20/><E35/><V134/><F134/><W84/><G125/><T69/><D126/><U42/><E82/><V100/><F73/><W117/><G117/><T95/><D37/><U27/><E52/><V50/><F78/><W97/><G131/><T81/><D69/><U128/><E128/><V70/><F70/><W123/><G123/><T103/><D135/><U31/><E26/><V108/><F108/><W13/><G111/><T94/><D18/><U1/><E72/><V91/><F100/><W55/><G97/><N who="0" m="59831" /><D115/><U127/><E61/><V30/><F91/><W5/><G13/><T32/><D32/><U75/><E75/><V121/><F121/><W105/><G105/><T99/><D80/><U53/><E53/><V101/><F101/><W116/><G116/><T110/><D81/><U85/><E85/><V39/><REACH who="2" step="1"/><F41/><REACH who="2" ten="279,251,210,250" step="2"/><W57/><G40/><T71/><D71/><U34/><E127/><V133/><F133/><W88/><G88/><T130/><D110/><U76/><E76/><V112/><F112/><W23/><G25/><T109/><D109/><U83/><E102/><V93/><F93/><W63/><G44/><T113/><D113/><U89/><E47/><V11/><F11/><W79/><G79/><T98/><D130/><U77/><E77/><V118/><F118/><W4/><REACH who="3" step="1"/><G57/><REACH who="3" ten="279,251,210,240" step="2"/><T65/><D99/><U114/><E114/><V19/><F19/><W122/><G122/><T92/><D92/><N who="1" m="56335" /><E42/><V29/><F29/><RYUUKYOKU ba="0,2" sc="279,10,251,-30,210,10,240,10" hai0="15,16,48,51,59,60,65,90,95,98" hai2="8,14,17,24,30,39,43,46,49,50,58,62,64" hai3="0,2,4,5,21,22,23,55,56,63,84,86,87" /><INIT seed="3,1,2,3,5,126" ten="289,221,220,250" oya="3" hai0="70,101,3,41,57,6,76,79,24,52,0,10,127" hai1="122,9,47,106,59,28,93,71,78,83,108,82,17" hai2="132,121,123,133,19,42,22,86,30,44,87,91,100" hai3="85,134,109,104,131,66,40,37,103,80,49,62,45"/><W63/><G131/><T7/><D70/><U34/><E71/><V117/><F117/><W25/><G134/><N who="2" m="51817" /><F30/><W98/><G109/><T130/><D130/><U33/><E28/><V81/><F86/><W64/><G25/><T128/><D128/><U4/><E78/><V35/><F35/><W97/><G97/><T77/><D127/><U92/><E122/><V32/><F32/><W20/><G20/><T18/><D41/><U1/><E108/><V135/><N who="2" m="51825" /><V36/><DORA hai="26" /><F100/><W51/><G63/><T84/><D101/><U58/><E106/><V29/><F29/><W115/><G115/><T23/><D84/><U5/><E33/><V12/><AGARI ba="1,2" hai="12,19,22,36,42,44,81,87,91,121,123" m="51825" machi="12" ten="40,1500,0" yaku="20,1" doraHai="126,26" who="2" fromWho="2" sc="289,-5,221,-5,220,38,250,-8" /><INIT seed="4,0,0,3,3,57" ten="284,216,258,242" oya="0" hai0="35,104,122,95,127,72,100,70,113,115,82,19,22" hai1="75,96,43,101,37,18,66,123,48,126,3,128,56" hai2="124,97,23,111,54,10,15,46,40,58,86,135,59" hai3="53,91,4,20,14,28,92,69,78,0,55,114,107"/><T68/><D122/><U130/><E123/><V41/><F111/><W76/><G107/><T93/><D35/><U30/><E75/><V89/><F124/><W32/><G69/><T117/><D117/><U2/><E126/><V45/><F135/><W67/><G67/><T131/><D104/><U134/><E134/><V9/><F97/><W118/><G118/><T98/><D95/><U6/><E37/><V29/><F29/><W120/><G0/><T106/><D106/><U108/><E108/><V21/><F59/><W31/><G32/><T16/><D19/><U24/><E18/><V129/><F129/><N who="1" m="49769" /><E43/><N who="2" m="16459" /><F10/><N who="3" m="4423" /><G114/><N who="0" m="43531" /><D127/><U105/><E6/><N who="2" m="3511" /><F23/><W64/><G64/><T121/><D121/><U65/><E65/><V42/><F21/><W7/><G7/><T61/><D131/><U81/><E81/><N who="2" m="49359" /><F42/><W5/><G5/><T84/><D72/><U116/><E116/><V71/><F71/><W73/><G73/><T1/><D70/><U112/><E112/><V80/><F80/><W132/><G132/><T39/><D39/><U62/><E48/><AGARI ba="0,0" hai="45,46,48,54,58" m="49359,3511,16459" machi="48" ten="30,1000,0" yaku="8,1" doraHai="57" who="2" fromWho="1" sc="284,0,216,-10,258,10,242,0" /><INIT seed="5,0,0,1,0,39" ten="284,206,268,242" oya="1" hai0="110,10,2,66,40,100,128,47,59,46,74,8,14" hai1="102,112,73,13,106,131,4,6,107,27,89,109,7" hai2="71,49,69,57,53,126,60,56,116,35,42,103,19" hai3="68,61,32,41,129,25,3,50,125,101,85,88,134"/><U63/><E112/><V22/><F35/><W0/><G101/><T55/><D110/><U28/><E131/><V62/><F103/><W16/><G125/><T11/><D74/><U92/><E109/><V119/><F22/><N who="3" m="13511" /><G32/><T91/><D100/><U120/><E120/><V97/><F97/><W121/><G68/><T23/><D2/><U135/><E135/><V45/><F19/><W99/><G121/><T64/><D47/><U81/><E13/><V124/><F71/><W82/><G0/><T70/><D70/><U84/><E63/><V123/><F69/><W30/><G3/><T67/><D23/><U130/><E130/><V94/><F94/><N who="3" m="56775" /><G129/><T21/><D21/><U104/><E73/><V132/><F132/><W95/><G134/><T9/><D91/><U90/><E102/><V31/><F31/><W79/><G61/><N who="0" m="36095" /><D128/><U115/><E115/><V93/><F123/><W133/><G133/><T87/><D87/><U113/><E113/><V108/><F108/><W51/><G30/><T33/><D33/><U83/><REACH who="1" step="1"/><E90/><REACH who="1" ten="284,196,268,242" step="2"/><V52/><F93/><W36/><G95/><T75/><D75/><U105/><N who="1" m="26624" /><DORA hai="78" /><U34/><AGARI ba="0,1" hai="4,6,7,27,28,34,81,83,84,89,92" m="26624" machi="34" ten="60,12000,1" yaku="1,1,4,1,0,1,52,2,53,0" doraHai="39,78" doraHaiUra="111,54" who="1" fromWho="1" sc="284,-40,196,130,268,-40,242,-40" owari="244,4.4,326,42.6,228,-17.2,202,-29.8" /></mjloggm>