<mjloggm ver="2.3"><GO type="225" lobby="0"/><UN n0="%E3%82%A2%E3%83%A1%E3%82%A2%E3%83%A9%E3%83%AC" n1="%E3%83%81%E3%83%AF%E3%83%AF%E9%9A%8A%E9%95%B7" n2="%E3%81%99%E3%81%84%E3%81%BE%E3%81%9B%E3%83%BC%E3%82%93" n3="%4B%2E%32%2E%4B%2E" dan="16,17,18,16" rate="2117.09,2218.74,2269.39,2153.44" sx="M,M,M,M"/><TAIKYOKU oya="0"/><INIT seed="0,0,0,4,4,21" ten="250,250,250,250" oya="0" hai0="131,89,96,22,27,15,70,31,0,34,35,129,102" hai1="79,134,100,123,126,64,116,18,30,7,26,104,105" hai2="16,68,63,61,115,83,74,85,9,108,20,124,13" hai3="69,109,25,125,12,130,113,120,5,99,19,66,42"/><T133/><D70/><U49/><E116/><V81/><F115/><W65/><G113/><T75/><D75/><U97/><E123/><V58/><F108/><W80/><G69/><T3/><D89/><U94/><E126/><V73/><F124/><W90/><G125/><T56/><D56/><U127/><E127/><V111/><F111/><W117/><G117/><T101/><D101/><U6/><E134/><V88/><F83/><W95/><G109/><T54/><D54/><U38/><E38/><V86/><F86/><W40/><G120/><T135/><D96/><U110/><E110/><V32/><F32/><N who="0" m="12330" /><D102/><U11/><E79/><V121/><F121/><W93/><G80/><T59/><D59/><U36/><E36/><V72/><F68/><W50/><G130/><N who="0" m="49675" /><D15/><U4/><E64/><V28/><REACH who="2" step="1"/><F58/><REACH who="2" ten="250,250,240,250" step="2"/><W52/><G93/><T2/><AGARI ba="0,1" hai="0,2,3,22,27,31,133,135" m="49675,12330" machi="2" ten="40,12000,1" yaku="19,1,34,2,52,1" doraHai="21" who="0" fromWho="0" sc="250,130,250,-40,240,-40,250,-40" /><INIT seed="0,1,0,1,1,78" ten="380,210,200,210" oya="0" hai0="127,124,86,3,60,50,83,42,94,43,69,131,19" hai1="100,25,95,96,6,8,11,110,122,16,48,2,58" hai2="47,111,126,62,66,93,119,118,84,109,61,26,98" hai3="132,67,115,36,89,72,54,32,70,17,113,31,106"/><T102/><D131/><U76/><E122/><V46/><F126/><N who="0" m="48170" /><D3/><U10/><E110/><N who="2" m="41995" /><F26/><N who="3" m="18551" /><G89/><N who="0" m="51423" /><D50/><U125/><E125/><V1/><F1/><W30/><G17/><T107/><D107/><U120/><E120/><V75/><F75/><W18/><G18/><T0/><D0/><U104/><E104/><V88/><F62/><N who="3" m="40311" /><G30/><T39/><D39/><U103/><E103/><N who="2" m="60879" /><F119/><W23/><G23/><T116/><D116/><U7/><E2/><V114/><F118/><W90/><G90/><T74/><D74/><U133/><E6/><V4/><F4/><W15/><G36/><T121/><D121/><U57/><E7/><V37/><F37/><W21/><G21/><T97/><D19/><U55/><E16/><V51/><F51/><W14/><G72/><T91/><D91/><U13/><E48/><V68/><F114/><W35/><G113/><T29/><D29/><U112/><E112/><V20/><F20/><W101/><G115/><T65/><AGARI ba="1,0" hai="42,43,60,65,69,94,97,102" m="51423,48170" machi="65" ten="30,3000,0" yaku="18,1,52,1" doraHai="78" who="0" fromWho="0" sc="380,33,210,-11,200,-11,210,-11" /><INIT seed="0,2,0,3,4,110" ten="413,199,189,199" oya="0" hai0="60,82,91,13,6,62,99,100,3,57,2,89,80" hai1="126,129,43,94,65,14,69,68,103,74,76,27,55" hai2="114,35,73,85,33,42,32,63,15,49,77,92,72" hai3="38,59,93,50,31,118,37,122,19,113,125,58,23"/><T9/><D13/><U88/><E129/><V39/><F39/><W81/><G118/><T22/><D22/><U123/><E123/><V133/><F114/><W61/><G122/><T28/><D28/><U86/><E126/><V116/><F133/><W8/><G125/><T24/><D24/><U115/><E43/><V105/><F105/><W18/><G113/><T11/><D57/><U117/><E117/><V52/><F116/><W78/><G50/><T34/><D99/><U36/><E36/><V29/><F29/><W119/><G119/><T104/><D100/><U84/><E74/><V46/><F15/><W45/><G93/><T44/><D44/><U108/><E108/><V16/><F16/><W120/><G120/><T30/><D30/><U67/><E103/><V10/><F10/><W83/><G31/><T109/><D109/><U71/><E27/><V102/><F102/><W79/><G61/><T96/><D96/><U112/><E55/><V98/><F98/><W53/><G53/><T12/><D12/><U87/><E14/><V134/><F134/><W131/><G23/><T48/><D48/><U135/><E135/><V90/><REACH who="2" step="1"/><F77/><REACH who="2" ten="413,199,179,199" step="2"/><W54/><G8/><T64/><D104/><U0/><E76/><V95/><F95/><W17/><G17/><T1/><D9/><U51/><E94/><V130/><F130/><W101/><G131/><T7/><D11/><U41/><E115/><V128/><F128/><W66/><G101/><T5/><D2/><U107/><E0/><V4/><F4/><W56/><G19/><T40/><D1/><U47/><E107/><RYUUKYOKU ba="2,1" sc="413,-10,199,-10,179,30,199,-10" hai2="32,33,35,42,46,49,52,63,72,73,85,90,92" /><INIT seed="1,3,1,5,2,93" ten="403,189,209,189" oya="1" hai0="131,129,35,39,118,31,98,16,96,13,108,111,5" hai1="123,58,110,119,30,37,32,43,124,62,101,70,64" hai2="17,80,4,26,79,67,34,57,15,73,128,52,7" hai3="9,113,45,102,132,68,122,104,84,0,19,46,133"/><U72/><E119/><V83/><F128/><N who="0" m="49226" /><D39/><U20/><E123/><V74/><F67/><W92/><G122/><T90/><D118/><U86/><E72/><V18/><F80/><W134/><G113/><T107/><D5/><U130/><E32/><V81/><F81/><W50/><G68/><T95/><D35/><U21/><E130/><V11/><F74/><W82/><G104/><T127/><D31/><U77/><E124/><V60/><REACH who="2" step="1"/><F34/><REACH who="2" ten="403,189,199,189" step="2"/><W103/><G82/><T65/><D65/><U63/><E64/><V120/><F120/><W23/><G134/><T41/><D127/><U44/><E70/><V14/><F14/><W55/><G132/><T121/><D121/><U8/><E77/><V117/><F117/><W66/><G66/><T38/><D13/><U106/><E110/><V94/><F94/><W126/><G92/><T78/><D78/><U6/><E106/><V115/><F115/><W3/><G133/><T61/><D95/><U97/><E86/><V29/><F29/><W40/><G84/><T99/><D107/><U116/><E30/><V76/><F76/><W54/><G126/><T22/><D111/><U89/><E116/><V112/><F112/><W10/><G0/><T125/><D108/><U88/><E89/><V51/><F51/><N who="3" m="29039" /><G3/><T12/><D125/><U109/><E109/><V27/><F27/><W36/><G36/><T85/><D85/><U49/><E37/><V33/><F33/><W75/><G75/><T28/><D28/><U47/><E49/><V71/><F71/><W87/><G87/><T42/><D38/><U25/><E25/><RYUUKYOKU ba="3,2" sc="403,-10,189,-10,199,30,189,-10" hai2="4,7,11,15,17,18,26,52,57,60,73,79,83" /><INIT seed="2,4,2,2,2,90" ten="393,179,229,179" oya="2" hai0="81,9,61,52,76,96,30,114,66,73,39,121,113" hai1="47,41,79,33,75,65,119,82,128,107,6,11,134" hai2="40,34,14,118,116,94,48,20,117,62,31,13,35" hai3="43,67,68,102,51,89,91,104,85,108,45,105,74"/><V92/><F62/><W125/><G74/><T3/><D121/><U109/><E119/><V88/><F31/><W2/><G2/><T83/><D39/><U95/><E107/><V71/><F71/><W25/><G108/><T27/><D83/><U18/><E33/><V17/><F13/><W129/><G129/><T101/><D52/><U5/><E128/><V97/><REACH who="2" step="1"/><F94/><REACH who="2" ten="393,179,219,179" step="2"/><W123/><G68/><N who="0" m="42063" /><D30/><U32/><E95/><V112/><F112/><W28/><G28/><T115/><D113/><U1/><E1/><V22/><F22/><W8/><G105/><N who="0" m="63655" /><D27/><U56/><E11/><V110/><F110/><W87/><G8/><T24/><D24/><U77/><E109/><V38/><F38/><W16/><G25/><T26/><D26/><U36/><E36/><V23/><F23/><W69/><G69/><T10/><D9/><U46/><E32/><V127/><F127/><W86/><G125/><T120/><D120/><U130/><E130/><V78/><F78/><W106/><G106/><T49/><D49/><U122/><E77/><V103/><F103/><W131/><G131/><T72/><D115/><U124/><E124/><V60/><F60/><W58/><G102/><T4/><D114/><U132/><E122/><V7/><F7/><W12/><G104/><T21/><D21/><U126/><E126/><V29/><F29/><W64/><G123/><T100/><D100/><U44/><E5/><V55/><F55/><W19/><G12/><T37/><D37/><U93/><E6/><V84/><F84/><W54/><G54/><T80/><D76/><U99/><E79/><RYUUKYOKU ba="4,3" sc="393,15,179,-15,219,15,179,-15" hai0="3,4,10,72,73,80,81" hai2="14,17,20,34,35,40,48,88,92,97,116,117,118" /><INIT seed="2,5,3,5,4,117" ten="408,164,234,164" oya="2" hai0="91,127,40,29,60,111,108,99,63,77,32,42,120" hai1="25,69,67,112,43,105,50,65,30,96,118,45,135" hai2="23,46,100,110,119,4,121,79,133,3,27,12,10" hai3="61,78,123,5,20,116,102,85,75,89,103,9,86"/><V17/><F119/><W8/><G116/><T47/><D120/><U131/><E118/><V2/><F121/><W56/><G123/><T52/><D127/><U134/><E112/><V0/><F100/><N who="3" m="38443" /><G75/><T49/><D77/><U94/><E105/><V88/><F79/><W74/><G74/><T18/><D18/><U84/><E84/><N who="3" m="32362" /><G78/><T48/><D29/><U130/><E94/><V13/><F133/><N who="1" m="50697" /><E96/><V57/><F110/><N who="0" m="42026" /><D32/><N who="1" m="20559" /><E69/><V76/><F76/><W124/><G124/><T44/><D40/><U98/><E98/><V6/><F57/><W16/><G89/><T104/><D104/><U53/><E43/><V97/><F88/><W125/><G5/><N who="2" m="2153" /><F97/><W87/><N who="3" m="32370" /><W38/><DORA hai="31" /><G38/><T114/><D114/><U54/><E54/><V90/><F90/><W21/><G125/><T81/><D81/><U24/><E24/><V39/><F39/><W26/><G20/><T93/><AGARI ba="5,3" hai="42,44,47,48,49,52,60,63,91,93,99" m="42026" machi="93" ten="30,2000,0" yaku="14,1,54,1" doraHai="117,31" who="0" fromWho="0" sc="408,65,164,-10,234,-15,164,-10" /><INIT seed="3,0,0,5,0,53" ten="473,154,219,154" oya="3" hai0="28,33,38,37,21,88,120,97,72,23,80,79,104" hai1="93,6,15,105,14,123,8,66,7,24,98,54,90" hai2="56,4,65,70,117,112,110,121,42,19,89,5,46" hai3="39,122,85,60,20,2,41,18,63,43,107,114,91"/><W36/><G114/><T57/><D120/><U26/><E123/><V69/><F112/><W76/><G107/><T55/><D33/><U9/><E105/><V73/><F117/><W12/><G122/><T77/><D77/><U30/><E66/><V108/><F73/><W92/><G2/><T135/><D135/><U16/><E30/><V125/><F125/><W27/><G36/><T94/><D104/><U40/><E40/><N who="3" m="15434" /><G39/><T68/><D21/><U86/><E6/><V81/><F70/><W25/><G76/><T29/><D29/><U71/><E71/><V101/><F69/><W47/><G47/><T129/><D129/><U83/><REACH who="1" step="1"/><E54/><REACH who="1" ten="473,144,219,154" step="2"/><V22/><F121/><W102/><G102/><AGARI ba="0,1" hai="7,8,9,14,15,16,24,26,83,86,90,93,98,102" machi="102" ten="30,8000,1" yaku="1,1,2,1,7,1,8,1,54,1,53,0" doraHai="53" doraHaiUra="131" who="1" fromWho="3" sc="473,0,144,90,219,0,154,-80" owari="473,57.3,234,3.4,219,-18.1,74,-42.6" /></mjloggm>