<mjloggm ver="2.3"><GO type="225" lobby="0"/><UN n0="%E3%81%86%E3%81%A9%E3%82%93%E3%81%93" n1="%28%EF%BF%A3%E2%96%BD%EF%BF%A3%29%CE%B4%E2%8C%92%E3%83%BB" n2="%E3%81%BF%E3%81%BF%E3%81%9A" n3="%E6%B8%A9%E2%98%85%E6%83%85%E2%98%85%E6%8E%AA%E2%98%85%E7%BD%AE" dan="16,16,16,17" rate="2162.79,2112.65,2125.54,2250.57" sx="M,M,M,M"/><TAIKYOKU oya="0"/><INIT seed="0,0,0,3,1,17" ten="250,250,250,250" oya="0" hai0="55,83,76,121,98,102,47,16,85,67,21,68,18" hai1="38,42,52,109,74,25,130,135,78,23,122,65,120" hai2="61,44,46,105,24,5,45,86,110,37,107,97,112" hai3="10,27,4,0,96,26,89,8,72,129,11,57,30"/><T59/><D121/><U34/><E34/><V88/><F112/><W103/><G129/><T82/><D68/><U131/><E135/><V111/><F37/><W53/><G72/><T69/><D69/><U119/><E119/><V14/><F61/><W9/><G89/><T36/><D67/><U104/><E104/><V49/><F49/><W118/><G118/><T106/><D83/><N who="1" m="45527" /><E65/><V35/><F35/><W101/><G96/><T63/><REACH who="0" step="1"/><D21/><REACH who="0" ten="240,250,250,250" step="2"/><U13/><E120/><V20/><F110/><W79/><G79/><T125/><D125/><U71/><E122/><V116/><F111/><W64/><G64/><T2/><D2/><U73/><E23/><V92/><F116/><W12/><G0/><T113/><D113/><U117/><E109/><V32/><F32/><W123/><G123/><T66/><D66/><U50/><E117/><V115/><F115/><W95/><G95/><T134/><D134/><U22/><E71/><V126/><F126/><W56/><G56/><T31/><D31/><U133/><E22/><V51/><F107/><W93/><G93/><T114/><D114/><U87/><E133/><V132/><F105/><W75/><G75/><T15/><D15/><U19/><E73/><V40/><F132/><W94/><G94/><T58/><D58/><U81/><E81/><V54/><F97/><W29/><G29/><T28/><D28/><U70/><E70/><V108/><F108/><W7/><G7/><T127/><D127/><U90/><E131/><V1/><F1/><W99/><G30/><T80/><D80/><U128/><E130/><V84/><F92/><RYUUKYOKU ba="0,1" sc="240,30,250,-10,250,-10,250,-10" hai0="16,18,36,47,55,59,63,76,82,85,98,102,106" /><INIT seed="0,1,1,2,0,54" ten="270,240,240,240" oya="0" hai0="46,36,79,55,32,42,41,104,132,63,21,102,89" hai1="59,86,51,85,45,57,119,48,88,71,27,103,38" hai2="52,24,39,62,129,83,135,33,113,78,74,7,58" hai3="80,44,70,130,92,77,99,60,72,134,106,115,117"/><T11/><D32/><U76/><E71/><V108/><F113/><W4/><G115/><T73/><D132/><U116/><E38/><V105/><F135/><W122/><G134/><T0/><D41/><U111/><E111/><V2/><F108/><W17/><G117/><T20/><D89/><U123/><E123/><V90/><F129/><W127/><G130/><T29/><D29/><U128/><E128/><V49/><F39/><W121/><G127/><T23/><D102/><U110/><E110/><V98/><F2/><W109/><G109/><T6/><D104/><U43/><E103/><V91/><F7/><W131/><G131/><T34/><D34/><U96/><E116/><V112/><F112/><W5/><G106/><T101/><D101/><U75/><E75/><V61/><F105/><W65/><G44/><T15/><D15/><U31/><E119/><V53/><F98/><W120/><REACH who="3" step="1"/><G17/><REACH who="3" ten="270,240,240,230" step="2"/><T125/><D125/><U50/><E45/><V97/><F97/><W47/><G47/><T118/><D118/><U126/><E126/><V26/><F33/><W19/><G19/><T84/><D84/><U18/><E96/><V81/><F74/><W100/><AGARI ba="1,2" hai="4,5,60,65,70,72,77,80,92,99,100,120,121,122" machi="100" ten="30,4000,0" yaku="1,1,0,1,13,1,53,0" doraHai="54" doraHaiUra="10" who="3" fromWho="3" sc="270,-21,240,-11,240,-11,230,63" /><INIT seed="1,0,0,3,3,84" ten="249,229,229,293" oya="1" hai0="66,77,30,20,99,118,97,35,57,25,12,105,59" hai1="50,93,91,98,41,4,128,122,82,124,120,101,6" hai2="96,42,40,38,36,87,22,75,129,132,65,53,74" hai3="90,26,85,102,61,89,73,133,3,104,47,80,55"/><U58/><E124/><V52/><F65/><W113/><G113/><T28/><D118/><U46/><E128/><V63/><F87/><W62/><G3/><T48/><D77/><U92/><E82/><V0/><F63/><N who="3" m="24075" /><G104/><T106/><D66/><U81/><E81/><V16/><F96/><W18/><G73/><T19/><D30/><U78/><E78/><V135/><F22/><N who="3" m="13655" /><G133/><T8/><D105/><U1/><E58/><V112/><F0/><W130/><G130/><T68/><D68/><U51/><E51/><V83/><F129/><W43/><G102/><T94/><D106/><U134/><E134/><V88/><F83/><W108/><G108/><T44/><D35/><U64/><E64/><V14/><F14/><W7/><G7/><T121/><D121/><U117/><E117/><V69/><F112/><W15/><G15/><T56/><REACH who="0" step="1"/><D94/><REACH who="0" ten="239,229,229,293" step="2"/><U13/><E122/><V11/><F69/><W60/><G80/><T37/><D37/><U2/><E120/><V27/><F38/><W49/><G85/><T32/><D32/><U127/><E127/><V119/><F36/><W31/><G31/><T71/><D71/><U72/><E72/><V5/><F119/><W34/><G34/><T131/><D131/><U109/><E109/><V54/><F74/><W86/><G86/><T21/><D21/><U10/><E6/><V39/><F75/><W45/><G60/><T33/><D33/><U115/><E115/><V29/><F39/><W107/><G107/><T126/><D126/><U103/><E93/><V116/><F5/><W95/><G95/><T110/><D110/><RYUUKYOKU ba="0,1" sc="239,10,229,10,229,-30,293,10" hai0="8,12,19,20,25,28,44,48,56,57,59,97,99" hai1="1,2,4,10,13,41,46,50,91,92,98,101,103" hai3="43,45,47,49,55,89,90" /><INIT seed="1,1,1,5,2,1" ten="249,239,199,303" oya="1" hai0="86,9,95,14,105,100,76,70,13,78,96,67,43" hai1="51,52,69,124,102,55,88,15,26,36,28,60,62" hai2="53,18,58,116,110,10,126,72,57,32,125,113,106" hai3="25,75,134,127,7,119,5,128,41,71,115,118,3"/><U2/><E2/><V6/><F116/><N who="3" m="44587" /><G115/><T12/><D43/><U111/><E36/><V132/><F113/><W27/><G134/><T21/><D21/><N who="1" m="15439" /><E69/><V63/><F132/><W19/><G128/><T93/><D105/><U98/><E124/><V23/><F32/><W121/><G127/><N who="2" m="48649" /><F106/><W85/><G75/><T46/><D46/><N who="1" m="27767" /><E111/><V90/><F72/><W45/><G121/><T97/><D86/><U16/><E102/><V56/><F90/><W64/><G3/><T44/><D44/><U42/><E42/><V107/><F110/><W24/><G19/><T8/><D67/><U117/><E55/><V20/><F107/><W48/><G85/><T38/><D70/><U81/><E117/><V66/><F18/><W79/><G79/><N who="0" m="30251" /><D38/><U33/><E33/><V49/><F57/><W108/><G108/><T129/><D129/><U104/><E104/><V4/><F4/><W103/><G103/><AGARI ba="1,1" hai="8,9,12,13,14,93,95,96,97,100,103" m="30251" machi="103" ten="30,1000,0" yaku="8,1" doraHai="1" who="0" fromWho="3" sc="249,23,239,0,199,0,303,-13" /><INIT seed="2,0,0,1,2,57" ten="272,239,199,290" oya="2" hai0="99,12,38,135,6,76,96,55,18,128,94,64,19" hai1="15,79,33,114,11,14,91,126,77,49,32,13,134" hai2="106,81,59,74,53,8,24,10,82,22,88,1,117" hai3="80,5,123,109,127,112,89,2,68,72,58,46,29"/><V61/><F117/><W4/><G123/><T98/><D38/><U110/><E114/><V87/><F106/><W93/><G68/><T103/><D128/><U101/><E101/><V7/><F8/><W115/><G109/><T105/><D135/><U133/><E110/><V21/><REACH who="2" step="1"/><F24/><REACH who="2" ten="272,239,189,290" step="2"/><W45/><G115/><T41/><D105/><U100/><E11/><V131/><F131/><W63/><G112/><T130/><D130/><U102/><E133/><V132/><F132/><W3/><G3/><T42/><D103/><U120/><E134/><V95/><F95/><W44/><G2/><T51/><D94/><U104/><E104/><V111/><F111/><W39/><G93/><T31/><D99/><U121/><E102/><V23/><F23/><W92/><G92/><T25/><D98/><U85/><E100/><V28/><F28/><W75/><G29/><T116/><D96/><U69/><E120/><V26/><F26/><W73/><G127/><T66/><D116/><U118/><E121/><V107/><F107/><W84/><REACH who="3" step="1"/><G39/><REACH who="3" ten="272,239,189,280" step="2"/><T125/><D125/><U119/><E126/><V47/><F47/><W17/><G17/><T27/><D19/><U113/><E119/><V52/><F52/><AGARI ba="0,2" hai="4,5,44,45,46,52,58,63,72,73,75,80,84,89" machi="52" ten="50,6400,0" yaku="1,1,52,1,54,1,53,0" doraHai="57" doraHaiUra="108" who="3" fromWho="2" sc="272,0,239,0,189,-64,280,84" /><INIT seed="3,0,0,2,3,101" ten="272,239,125,364" oya="3" hai0="91,3,115,83,128,65,127,42,72,12,22,52,98" hai1="2,45,25,14,70,13,63,23,5,79,112,36,11" hai2="106,96,46,71,16,85,116,64,66,20,131,19,84" hai3="43,38,61,9,60,55,44,78,133,126,56,8,47"/><W99/><G133/><T58/><D3/><U100/><E112/><V33/><F116/><W35/><G126/><T49/><D127/><U48/><E36/><V39/><F33/><W80/><G35/><T7/><D115/><U86/><E100/><V89/><F131/><W59/><G99/><T94/><D128/><U67/><E79/><V132/><F132/><W69/><G47/><T82/><D72/><U15/><E86/><V4/><F4/><W92/><G92/><T0/><D0/><U27/><REACH who="1" step="1"/><E23/><REACH who="1" ten="272,229,125,364" step="2"/><V103/><F71/><W57/><G78/><T95/><D95/><U108/><E108/><V74/><F74/><W88/><G38/><T90/><D90/><U87/><E87/><V76/><F76/><W118/><G88/><T105/><D22/><U17/><E17/><V6/><F6/><W130/><G69/><T124/><D124/><U120/><E120/><V34/><F34/><W104/><G130/><T111/><D111/><U24/><E24/><V93/><F85/><W107/><G107/><T81/><D105/><U50/><E50/><V41/><REACH who="2" step="1"/><F19/><REACH who="2" ten="272,229,115,364" step="2"/><W30/><G118/><T53/><D7/><U28/><E28/><V109/><F109/><W40/><G30/><T26/><D91/><U102/><E102/><V117/><F117/><W114/><G114/><T121/><D121/><U21/><E21/><V37/><F37/><W1/><G8/><T54/><D98/><U29/><E29/><V123/><F123/><W119/><G9/><T18/><D18/><U32/><E32/><V75/><F75/><W77/><G119/><T62/><D94/><RYUUKYOKU ba="0,2" sc="272,-15,229,15,115,15,364,-15" hai1="2,5,11,13,14,15,25,27,45,48,63,67,70" hai2="16,20,39,41,46,64,66,84,89,93,96,103,106" owari="257,5.7,244,-15.6,130,-37.0,369,46.9" /></mjloggm>