<mjloggm ver="2.3"><GO type="225" lobby="0"/><UN n0="%E5%AD%90%E4%BE%9B%E4%BC%9A%E5%93%A1" n1="%E6%81%A5%E6%99%92%E3%81%97" n2="%E3%81%82%E3%82%93%E3%81%AA%E3%81%A4" n3="%E3%81%A4%E3%81%A3%E3%81%B1%E3%82%8A%E3%83%9D%E3%83%BC%E3%83%AB" dan="17,16,17,17" rate="2115.39,2100.87,2183.50,2228.18" sx="M,M,M,M"/><TAIKYOKU oya="0"/><INIT seed="0,0,0,5,1,89" ten="250,250,250,250" oya="0" hai0="88,2,95,123,130,109,135,77,107,78,31,106,55" hai1="15,46,98,7,28,128,100,47,108,70,118,115,80" hai2="133,23,79,124,75,24,101,58,41,14,19,121,61" hai3="82,18,117,68,72,27,6,35,91,53,83,66,56"/><T119/><D123/><U97/><E118/><V30/><F121/><W129/><G117/><T105/><D119/><U126/><E108/><V86/><F124/><W36/><G36/><T40/><D135/><U94/><E126/><V10/><F133/><W132/><G132/><T39/><D130/><U11/><E128/><V96/><F75/><W8/><G129/><T29/><D2/><U54/><E70/><V73/><F73/><W90/><G66/><T122/><D122/><U85/><E115/><V111/><F111/><W76/><G68/><T93/><D109/><U69/><E69/><V22/><F41/><W38/><G38/><T67/><D67/><U127/><E127/><V87/><F10/><W103/><G103/><T110/><D110/><U1/><E28/><V32/><F32/><W16/><G83/><T13/><D55/><U84/><E84/><V51/><F51/><W112/><G112/><T62/><D62/><U50/><E98/><V33/><F79/><N who="0" m="30218" /><D13/><U92/><E92/><N who="0" m="35401" /><D88/><N who="1" m="51239" /><E1/><V116/><F33/><W52/><G35/><T0/><D0/><U4/><E46/><V42/><F116/><W49/><G72/><T26/><D26/><U134/><E134/><V37/><F37/><W81/><G27/><T12/><D12/><U48/><E50/><V125/><F125/><W60/><G49/><T9/><D9/><U120/><E120/><V17/><F24/><W20/><G8/><T43/><D39/><U99/><E4/><V59/><F61/><N who="3" m="35975" /><G6/><T104/><N who="0" m="26624" /><DORA hai="102" /><T74/><D74/><U45/><E45/><V44/><F44/><W64/><G76/><RYUUKYOKU ba="0,0" sc="250,15,250,15,250,-15,250,-15" hai0="29,31,40,43" hai1="7,11,15,47,48,54,94,97,99,100" /><INIT seed="0,1,0,3,5,130" ten="265,265,235,235" oya="0" hai0="116,74,117,35,131,73,111,49,22,84,45,5,83" hai1="39,7,119,19,88,95,36,79,17,41,21,55,24" hai2="20,91,75,14,93,16,121,32,13,67,106,92,58" hai3="110,101,44,51,134,34,123,69,26,57,127,102,59"/><T133/><D35/><U71/><E119/><V72/><F121/><W33/><G69/><T129/><D5/><U54/><E71/><V23/><F106/><W61/><G123/><T107/><D22/><U18/><E79/><V62/><F32/><W1/><G1/><T60/><D60/><U25/><E7/><V0/><F0/><W63/><G110/><T87/><D49/><U11/><E11/><V112/><F112/><W90/><G90/><N who="0" m="51487" /><D45/><U31/><E41/><V65/><F65/><W68/><G68/><T46/><D46/><U9/><E9/><V30/><F93/><W47/><G26/><T125/><D125/><U114/><E114/><V80/><F80/><W52/><G51/><T109/><D107/><U2/><E2/><V118/><F118/><N who="0" m="45674" /><D133/><U100/><E100/><V86/><F30/><W81/><G52/><T15/><D15/><U98/><REACH who="1" step="1"/><E25/><REACH who="1" ten="265,255,235,235" step="2"/><V66/><F67/><N who="3" m="39343" /><G102/><T103/><D103/><U40/><E40/><V89/><F66/><W132/><G101/><T135/><D131/><U122/><E122/><V3/><F3/><W64/><G127/><T99/><D129/><U38/><AGARI ba="1,1" hai="17,18,19,21,24,31,36,38,39,54,55,88,95,98" machi="38" ten="40,5200,0" yaku="1,1,0,1,54,1,53,0" doraHai="130" doraHaiUra="8" who="1" fromWho="1" sc="265,-27,255,65,235,-14,235,-14" /><INIT seed="1,0,0,0,2,122" ten="238,320,221,221" oya="1" hai0="135,10,94,129,57,19,40,88,107,4,53,13,110" hai1="74,116,42,2,9,34,134,52,51,5,133,101,14" hai2="31,17,32,41,26,89,111,130,37,91,99,87,82" hai3="68,97,27,125,118,20,3,92,65,28,16,49,85"/><U0/><E74/><V120/><F120/><W98/><G3/><T106/><D129/><U54/><E116/><V119/><F119/><W29/><G118/><T67/><D135/><N who="1" m="51723" /><E34/><V71/><F71/><W44/><G125/><T21/><D110/><U103/><E42/><V108/><F130/><W79/><G65/><T105/><D40/><U132/><N who="1" m="51731" /><U124/><DORA hai="115" /><E124/><V39/><F17/><W59/><G59/><T123/><D67/><U127/><E127/><V100/><F91/><N who="3" m="53359" /><G79/><T77/><D77/><U109/><E109/><N who="2" m="42059" /><F41/><N who="3" m="24719" /><G68/><T55/><D57/><N who="1" m="32927" /><E54/><V112/><F112/><W131/><G131/><T30/><D30/><AGARI ba="0,0" hai="16,20,27,28,29,30,97,98" m="24719,53359" machi="30" ten="30,2000,0" yaku="8,1,54,1" doraHai="122,115" who="3" fromWho="0" sc="238,-20,320,0,221,0,221,20" /><INIT seed="2,0,0,3,0,97" ten="218,320,221,241" oya="2" hai0="117,58,46,132,92,35,57,101,85,2,131,63,32" hai1="20,54,90,129,110,75,81,7,130,94,53,116,36" hai2="71,15,44,96,79,107,95,135,3,122,38,30,88" hai3="5,67,73,49,134,66,70,19,33,24,56,93,114"/><V125/><F3/><W109/><G73/><T47/><D2/><U89/><E110/><V127/><F122/><W11/><G109/><T40/><D117/><U26/><E116/><V8/><F71/><W39/><G39/><T72/><D72/><U126/><E126/><N who="2" m="48139" /><F135/><W9/><G134/><T51/><D132/><U60/><E7/><N who="2" m="3487" /><F79/><W41/><G70/><T34/><D131/><N who="1" m="50187" /><E36/><V18/><F18/><W123/><G19/><T74/><D74/><U61/><E61/><V83/><F107/><W17/><G17/><T68/><D46/><U87/><E60/><V23/><F83/><W27/><G5/><T104/><D104/><U112/><E112/><V86/><F86/><W84/><G84/><T1/><D1/><U52/><E75/><V6/><F6/><W25/><G114/><T102/><D68/><U55/><N who="1" m="13312" /><DORA hai="82" /><U119/><E119/><V0/><F0/><W10/><G123/><T76/><D63/><U29/><E94/><V108/><F108/><W69/><G93/><T4/><D4/><U48/><E48/><V111/><F111/><W31/><G69/><T105/><D105/><U16/><E29/><V103/><F30/><W78/><G31/><T80/><REACH who="0" step="1"/><D92/><REACH who="0" ten="208,320,221,241" step="2"/><U124/><E124/><V65/><F65/><W77/><G67/><T37/><D37/><U13/><E13/><V14/><F38/><W98/><G66/><T42/><D42/><U64/><E64/><V128/><F128/><W121/><G41/><T21/><D21/><U91/><AGARI ba="0,1" hai="16,20,26,81,87,89,90,91" m="13312,50187" machi="91" ten="50,8000,1" yaku="19,1,52,1,54,2" doraHai="97,82" who="1" fromWho="1" sc="208,-20,320,90,221,-40,241,-20" /><INIT seed="3,0,0,2,3,24" ten="188,410,181,221" oya="3" hai0="17,87,93,108,84,119,20,64,29,2,109,69,85" hai1="15,71,5,39,45,67,13,35,76,33,10,68,113" hai2="91,22,100,106,59,52,97,96,36,32,132,7,79" hai3="80,60,117,18,74,130,62,12,61,3,103,114,30"/><W56/><G114/><T44/><D119/><U116/><E113/><V129/><F32/><W110/><G3/><T105/><D105/><U98/><E71/><V23/><F36/><W78/><G103/><T28/><D2/><U73/><E15/><V111/><F111/><N who="0" m="42570" /><D93/><U77/><E76/><V27/><F132/><W49/><G62/><N who="0" m="40087" /><D44/><U26/><E98/><V125/><F125/><W31/><G78/><T63/><D63/><N who="1" m="40063" /><E13/><AGARI ba="0,0" hai="13,17,20,28,29,84,85,87" m="40087,42570" machi="13" ten="30,3900,0" yaku="14,1,52,2" doraHai="24" who="0" fromWho="1" sc="188,39,410,-39,181,0,221,0" owari="227,2.7,371,47.1,181,-31.9,221,-17.9" /></mjloggm>