<mjloggm ver="2.3"><GO type="225" lobby="0"/><UN n0="%61%69%73%79%6F" n1="%28%EF%BF%A3%E2%96%BD%EF%BF%A3%29%CE%B4%E2%8C%92%E3%83%BB" n2="%E6%B8%A9%E2%98%85%E6%83%85%E2%98%85%E6%8E%AA%E2%98%85%E7%BD%AE" n3="%E6%A1%9C%E8%8A%B1%E9%96%83%E3%80%85" dan="17,16,16,16" rate="2225.30,2118.99,2148.34,2120.98" sx="M,M,M,M"/><TAIKYOKU oya="0"/><INIT seed="0,0,0,0,2,98" ten="250,250,250,250" oya="0" hai0="130,124,67,104,121,0,58,94,107,110,20,85,108" hai1="132,65,56,134,68,100,12,37,116,26,15,79,91" hai2="114,66,77,9,11,135,96,93,25,3,17,27,72" hai3="86,18,32,55,78,30,63,88,117,112,16,123,33"/><T102/><D121/><U87/><E37/><V71/><F114/><W40/><G112/><T128/><D0/><U49/><E116/><V1/><F135/><N who="1" m="51753" /><E79/><V74/><F66/><W46/><G117/><T90/><D124/><U105/><E68/><V22/><F71/><W70/><G78/><T75/><D75/><U42/><E26/><V97/><F77/><W57/><G70/><T2/><D2/><U131/><E131/><N who="0" m="50217" /><D20/><U127/><E127/><V76/><F76/><W106/><G106/><N who="0" m="40491" /><D67/><U118/><E118/><V41/><F22/><W73/><G73/><T126/><D126/><U62/><E49/><V125/><F125/><W39/><G123/><T64/><D64/><U53/><E42/><V19/><REACH who="2" step="1"/><F41/><REACH who="2" ten="250,250,240,250" step="2"/><W47/><G33/><T10/><D10/><U69/><E65/><V31/><F31/><W34/><G34/><T61/><D58/><U83/><E69/><V99/><F99/><AGARI ba="0,1" hai="12,15,53,56,62,83,87,91,99,100,105" m="51753" machi="99" ten="30,2000,0" yaku="20,1,52,1" doraHai="98" who="1" fromWho="2" sc="250,0,250,30,240,-20,250,0" /><INIT seed="1,0,0,1,1,25" ten="250,280,220,250" oya="1" hai0="4,15,47,77,2,30,32,37,58,74,78,54,5" hai1="24,118,44,120,61,95,26,84,48,126,34,11,53" hai2="116,135,101,132,14,13,122,110,60,123,1,121,103" hai3="124,45,49,131,66,70,97,80,105,43,50,38,134"/><U73/><E73/><V40/><F116/><W128/><G80/><T81/><D77/><U67/><E118/><V56/><F1/><W107/><G97/><T119/><D119/><U10/><E120/><V42/><F56/><W28/><G28/><T65/><D15/><N who="2" m="5642" /><F60/><N who="3" m="40263" /><G107/><T102/><D102/><N who="2" m="38922" /><F110/><W39/><G105/><T98/><D98/><U21/><E34/><V27/><F27/><W127/><G50/><T36/><D4/><U71/><E26/><V92/><F92/><W52/><G134/><AGARI ba="0,0" hai="40,42,121,122,123,132,134,135" m="38922,5642" machi="134" ten="40,5200,0" yaku="28,2,20,1" doraHai="25" who="2" fromWho="3" sc="250,0,280,0,220,52,250,-52" /><INIT seed="2,0,0,4,1,46" ten="250,280,272,198" oya="2" hai0="54,56,41,28,130,80,45,81,93,26,30,16,124" hai1="27,50,19,9,112,88,113,15,77,18,71,123,62" hai2="94,48,126,32,37,122,14,92,125,101,110,131,10" hai3="39,103,21,38,82,84,76,85,87,2,25,11,4"/><V133/><F37/><W118/><G118/><T52/><D124/><N who="2" m="47722" /><F122/><W49/><G103/><T47/><D130/><U75/><E123/><V121/><F121/><W95/><G49/><N who="0" m="28719" /><D47/><U23/><E75/><V58/><F131/><W22/><G22/><N who="0" m="13639" /><D93/><U96/><E77/><V69/><F32/><W74/><REACH who="3" step="1"/><G95/><REACH who="3" ten="250,280,272,188" step="2"/><T17/><D41/><U132/><E112/><V5/><F94/><W129/><G129/><T91/><D91/><U109/><E113/><V29/><F92/><W127/><G127/><T53/><D53/><U89/><E88/><V8/><F101/><W40/><G40/><T72/><D72/><U70/><E89/><V86/><F86/><W65/><G65/><T104/><D104/><U6/><E96/><V114/><F114/><W90/><G90/><T116/><D116/><U107/><E107/><V97/><F97/><W1/><G1/><T31/><D17/><AGARI ba="0,1" hai="2,4,11,17,21,25,38,39,74,76,82,84,85,87" machi="17" ten="40,2600,0" yaku="1,1,53,1" doraHai="46" doraHaiUra="13" who="3" fromWho="0" sc="250,-26,280,0,272,0,188,36" /><INIT seed="3,0,0,0,2,8" ten="224,280,272,224" oya="3" hai0="114,132,72,135,134,45,44,17,7,39,111,91,99" hai1="65,49,128,18,33,0,103,59,30,15,71,115,125" hai2="55,81,95,12,120,13,113,63,94,130,100,11,90" hai3="104,109,31,126,29,82,69,27,50,32,77,20,122"/><W106/><G122/><T66/><D111/><U53/><E115/><V93/><F113/><W62/><G126/><T25/><D114/><U38/><E125/><V60/><F120/><W118/><G118/><T73/><D66/><U119/><E0/><V52/><F100/><W56/><G69/><T6/><D17/><U48/><E38/><V16/><F130/><W35/><G50/><T64/><D64/><U80/><E103/><V107/><F107/><W54/><G109/><T89/><D25/><U19/><E19/><N who="2" m="8607" /><F81/><W105/><REACH who="3" step="1"/><G31/><REACH who="3" ten="224,280,272,214" step="2"/><T46/><D39/><U102/><E49/><V70/><F70/><W74/><AGARI ba="0,1" hai="20,27,29,32,35,54,56,62,74,77,82,104,105,106" machi="74" ten="30,6000,0" yaku="1,1,2,1,0,1,53,0" doraHai="8" doraHaiUra="67" who="3" fromWho="3" sc="224,-20,280,-20,272,-20,214,70" /><INIT seed="3,1,0,1,5,52" ten="204,260,252,284" oya="3" hai0="82,46,75,118,102,47,119,61,109,130,60,71,50" hai1="43,65,100,34,77,8,80,41,2,9,51,113,97" hai2="5,24,131,68,83,64,81,7,89,53,12,133,56" hai3="4,57,84,105,13,35,96,63,25,6,94,40,127"/><W132/><G132/><T70/><D102/><U38/><E34/><V74/><F133/><W79/><G127/><T67/><D82/><N who="2" m="31242" /><F68/><N who="0" m="26154" /><D75/><U22/><E65/><V39/><F39/><W62/><G79/><T32/><D32/><U19/><E113/><V73/><F73/><W69/><G84/><T27/><D27/><U15/><E38/><V23/><F64/><W58/><G13/><T17/><D17/><U103/><E2/><V115/><F74/><W124/><G105/><T42/><D130/><U91/><E91/><V20/><F115/><W29/><G124/><T30/><D30/><U26/><E9/><N who="2" m="4143" /><F131/><W28/><G28/><T114/><D114/><U76/><E103/><V78/><F78/><W112/><G4/><T90/><D90/><U18/><E51/><N who="2" m="30783" /><F7/><W85/><G6/><T3/><D3/><U10/><E77/><V45/><F45/><W36/><G112/><T37/><D67/><U134/><E134/><V72/><F72/><W125/><G35/><T54/><D109/><U116/><E8/><V104/><F104/><W95/><G125/><T59/><D119/><U106/><REACH who="1" step="1"/><E116/><REACH who="1" ten="204,250,252,284" step="2"/><V14/><F89/><W117/><G36/><N who="0" m="21831" /><D118/><U21/><E21/><V16/><F23/><W121/><G117/><T55/><D37/><U128/><E128/><V88/><F88/><W135/><G135/><T122/><D122/><U101/><E101/><V33/><F33/><W93/><G121/><T99/><D99/><U107/><E107/><V108/><F108/><W110/><G96/><T66/><D66/><U1/><E1/><V120/><F120/><W0/><G110/><RYUUKYOKU ba="1,1" sc="204,10,250,10,252,10,284,-30" hai0="47,50,54,55,59,60,61" hai1="10,15,18,19,22,26,41,43,76,80,97,100,106" hai2="14,16,20,24" /><INIT seed="4,2,1,2,1,20" ten="214,260,262,254" oya="0" hai0="37,23,24,90,72,51,104,45,108,121,114,127,93" hai1="26,43,27,109,125,22,126,59,74,70,32,29,85" hai2="7,79,88,105,111,14,34,80,55,36,82,124,38" hai3="78,118,98,94,135,42,122,128,3,62,11,89,56"/><T134/><D114/><U63/><E74/><V77/><F111/><W132/><G118/><T1/><D121/><U96/><E109/><V13/><F105/><W28/><G128/><T87/><D108/><U84/><E70/><V120/><F34/><W119/><G119/><T129/><D104/><U100/><E43/><V12/><F120/><W81/><G42/><N who="0" m="25015" /><D1/><U103/><E59/><V41/><F41/><W66/><G28/><N who="0" m="17439" /><D72/><U8/><E63/><V102/><F7/><W17/><G122/><T31/><D31/><N who="1" m="17879" /><E8/><V6/><F6/><W48/><G48/><T71/><D71/><U39/><E39/><V99/><F38/><W115/><G115/><T112/><D112/><U57/><E57/><V54/><F36/><W123/><G123/><T73/><D73/><U33/><E33/><V25/><F55/><W10/><G3/><T67/><D67/><U92/><E103/><V75/><F102/><W4/><G66/><T65/><D65/><U49/><E49/><V15/><F54/><W30/><G62/><T97/><D37/><U58/><E58/><V19/><F75/><W53/><G56/><T18/><D129/><U50/><E50/><V5/><F5/><W95/><G53/><T106/><D18/><U69/><E69/><V91/><F19/><W61/><G30/><T0/><D0/><U46/><E46/><V35/><F35/><W52/><G17/><T130/><D130/><U133/><E133/><V101/><F101/><N who="3" m="60631" /><G135/><T131/><D134/><U107/><E107/><V83/><N who="2" m="3072" /><DORA hai="117" /><V2/><F2/><N who="3" m="279" /><G132/><T40/><D131/><U86/><AGARI ba="2,1" hai="27,29,32,84,85,86,92,96,100,125,126" m="17879" machi="86" ten="30,4000,0" yaku="5,1,52,2" doraHai="20,117" who="1" fromWho="1" sc="214,-22,260,56,262,-12,254,-12" owari="192,-30.8,316,41.6,250,5.0,242,-15.8" /></mjloggm>