<mjloggm ver="2.3"><GO type="225" lobby="0"/><UN n0="%E5%AE%AE%E4%BF%9D%E9%B6%8F%E8%82%89" n1="%E8%81%B7%E6%A5%AD%E3%80%81%E9%A2%A8%32" n2="%72%61%6B%33" n3="%E3%83%B4%E3%83%A0%EF%BC%99%E3%81%A6" dan="16,16,17,17" rate="2142.71,2092.75,2308.60,2233.95" sx="M,M,M,M"/><TAIKYOKU oya="0"/><INIT seed="0,0,0,0,1,98" ten="250,250,250,250" oya="0" hai0="5,35,72,12,44,84,25,133,108,27,69,128,1" hai1="126,81,33,62,17,56,7,64,114,54,63,55,60" hai2="29,61,119,107,26,71,109,116,112,31,50,110,16" hai3="67,127,123,93,3,2,6,20,65,102,49,9,103"/><T85/><D72/><U130/><E33/><V78/><F78/><W28/><G2/><T113/><D113/><U91/><E126/><V83/><F83/><W105/><G105/><T104/><D69/><U106/><E106/><V76/><F76/><W30/><G127/><T80/><D1/><U74/><E114/><V94/><F107/><W115/><G115/><T79/><D104/><U11/><E130/><V95/><F50/><W43/><G123/><T100/><D35/><U125/><E125/><V120/><F112/><W59/><G43/><T121/><D121/><U134/><E134/><V97/><F120/><W22/><G22/><T77/><D133/><U131/><E74/><V39/><F39/><W82/><G82/><N who="0" m="47183" /><D128/><U99/><E131/><V96/><F61/><W70/><G70/><T58/><D44/><U124/><E124/><V14/><F71/><W0/><G0/><T23/><D100/><N who="3" m="38441" /><G93/><T87/><D108/><U46/><E81/><V52/><F94/><W38/><G38/><T89/><D23/><U73/><E73/><V32/><F32/><W86/><G86/><T24/><D87/><U92/><E46/><V42/><F110/><W21/><G21/><T37/><D37/><U10/><E63/><V34/><F34/><W75/><G75/><T41/><D41/><U45/><E62/><V51/><F42/><W118/><G118/><T18/><D79/><U68/><E68/><V36/><F109/><W135/><G135/><T19/><D58/><U132/><E132/><V40/><F119/><W13/><G3/><T48/><D48/><U111/><E111/><RYUUKYOKU ba="0,0" sc="250,30,250,-10,250,-10,250,-10" hai0="5,12,18,19,24,25,27,80,85,89" /><INIT seed="0,1,0,0,1,88" ten="280,240,240,240" oya="0" hai0="15,74,57,89,60,82,78,42,112,12,50,123,25" hai1="134,43,84,114,26,72,27,66,81,129,120,2,86" hai2="49,4,103,128,108,113,45,0,124,115,100,48,59" hai3="96,37,110,94,104,73,63,68,135,64,47,1,11"/><T28/><D112/><U53/><E120/><V119/><F108/><W58/><G110/><T93/><D123/><U7/><E114/><V87/><F124/><W127/><G127/><T3/><D3/><U117/><E117/><V29/><F128/><W91/><G135/><T83/><D83/><U8/><E134/><V23/><F119/><W10/><G73/><T99/><D42/><U39/><E129/><V31/><F59/><W107/><G68/><T133/><D50/><U70/><E53/><V95/><F23/><W75/><G75/><T16/><D133/><U105/><E105/><V90/><F4/><W13/><G1/><T98/><D98/><U34/><E34/><V79/><F0/><W22/><G22/><N who="0" m="13511" /><D28/><U14/><E2/><V69/><F29/><W76/><G76/><T62/><D62/><U46/><E72/><V38/><F31/><W18/><G107/><T24/><D24/><U54/><E54/><AGARI ba="1,0" hai="12,15,54,57,60,74,78,82,89,93,99" m="13511" machi="54" ten="30,5800,0" yaku="25,1,52,1,54,1" doraHai="88" who="0" fromWho="1" sc="280,61,240,-61,240,0,240,0" /><INIT seed="0,2,0,3,0,8" ten="341,179,240,240" oya="0" hai0="132,5,10,92,35,133,27,44,103,130,85,62,61" hai1="101,16,54,63,12,43,104,88,6,77,99,120,67" hai2="108,4,66,90,7,13,39,112,9,40,105,72,93" hai3="125,94,41,117,1,128,21,127,19,17,68,11,3"/><T33/><D130/><U59/><E120/><V31/><F108/><W47/><G68/><T52/><D61/><U121/><E121/><V107/><F112/><W20/><G94/><T131/><D131/><U32/><E32/><V0/><F72/><W24/><G128/><T122/><D122/><U87/><E43/><V53/><F66/><W26/><G117/><T69/><D69/><U57/><E6/><V81/><F81/><W30/><G30/><T48/><D62/><U91/><E77/><V42/><F31/><W96/><G96/><N who="0" m="59783" /><D27/><U110/><E110/><V78/><F78/><W36/><REACH who="3" step="1"/><G11/><REACH who="3" ten="341,179,240,230" step="2"/><T55/><D10/><U58/><E67/><V126/><F9/><W74/><G74/><T34/><D5/><U23/><E91/><V97/><F90/><W75/><G75/><T129/><D129/><U22/><E23/><V18/><F4/><W124/><AGARI ba="2,1" hai="1,3,17,19,20,21,24,26,36,41,47,124,125,127" machi="124" ten="30,7900,0" yaku="1,1,0,1,9,1,18,1,53,0" doraHai="8" doraHaiUra="80" who="3" fromWho="3" sc="341,-41,179,-22,240,-22,230,95" /><INIT seed="1,0,0,5,4,86" ten="300,157,218,325" oya="1" hai0="78,54,134,119,12,130,121,55,31,4,103,104,45" hai1="60,72,101,122,110,68,64,79,87,3,53,94,26" hai2="44,128,19,85,126,91,112,111,21,73,74,38,71" hai3="129,83,76,10,115,97,132,29,93,117,105,25,118"/><U66/><E122/><V1/><F111/><W133/><G10/><T23/><D119/><N who="3" m="45577" /><G115/><T59/><D78/><U70/><E3/><V102/><F1/><W90/><G129/><T96/><D130/><U113/><E113/><V123/><F128/><W65/><G65/><T2/><D121/><U33/><E110/><V81/><F123/><W43/><G43/><T61/><D134/><N who="3" m="51817" /><G25/><T48/><D2/><U95/><E72/><V58/><F73/><N who="3" m="43407" /><G29/><T62/><D31/><U39/><E39/><V40/><F38/><W114/><G114/><T52/><D23/><U32/><E26/><V124/><F21/><W109/><G105/><T11/><REACH who="0" step="1"/><D62/><REACH who="0" ten="290,157,218,325" step="2"/><U27/><E60/><V49/><F112/><W24/><G24/><T51/><D51/><U92/><E33/><V75/><F49/><W34/><G34/><T14/><D14/><U107/><E32/><V100/><F74/><W42/><G109/><T131/><D131/><U5/><E27/><V6/><F75/><W57/><G57/><T135/><D135/><U84/><E68/><V47/><F58/><W16/><G42/><AGARI ba="0,1" hai="4,11,12,42,45,48,52,54,55,59,61,96,103,104" machi="42" ten="30,3900,0" yaku="1,1,7,1,54,1,53,0" doraHai="86" doraHaiUra="106" who="0" fromWho="3" sc="290,49,157,0,218,0,325,-39" /><INIT seed="2,0,0,0,3,85" ten="339,157,218,286" oya="2" hai0="127,89,105,3,115,15,27,20,37,36,86,108,23" hai1="25,22,119,106,84,44,49,54,60,131,47,48,94" hai2="6,88,107,91,122,19,26,28,116,95,57,97,21" hai3="81,82,50,70,58,90,102,75,62,79,133,112,65"/><V17/><F116/><W99/><G133/><T64/><D115/><U63/><E106/><V125/><F122/><W129/><G129/><T110/><D3/><U38/><E38/><V52/><F125/><W92/><G112/><T98/><D64/><U55/><E131/><V32/><F107/><W118/><G118/><T103/><D15/><U51/><E51/><V29/><F6/><W109/><G109/><N who="0" m="42091" /><D20/><U11/><E11/><V35/><F35/><W9/><G9/><T130/><D130/><U113/><E119/><V30/><F19/><W46/><G81/><N who="0" m="49359" /><D127/><U8/><E8/><V39/><F39/><W73/><G73/><T96/><D96/><U114/><E113/><V111/><F111/><W132/><G132/><T126/><D126/><U68/><E68/><V117/><F117/><W66/><G66/><T72/><D72/><U77/><E114/><V24/><F91/><W76/><G76/><T80/><D80/><U12/><E12/><V0/><F0/><W45/><G102/><T128/><D128/><U59/><E59/><V123/><F123/><W42/><REACH who="3" step="1"/><G45/><REACH who="3" ten="339,157,218,276" step="2"/><T41/><D41/><U93/><E77/><V100/><F100/><W2/><G2/><T83/><D83/><U40/><E40/><V53/><F53/><W134/><G134/><T34/><D34/><U7/><E7/><V78/><F78/><W14/><G14/><T10/><D10/><U43/><E43/><V71/><F71/><AGARI ba="0,1" hai="42,46,50,58,62,65,70,71,75,79,82,90,92,99" machi="71" ten="40,2600,0" yaku="1,1,52,1,53,0" doraHai="85" doraHaiUra="18" who="3" fromWho="2" sc="339,0,157,0,218,-26,276,36" /><INIT seed="3,0,0,4,0,120" ten="339,157,192,312" oya="3" hai0="64,48,7,14,20,59,63,32,105,81,21,125,61" hai1="85,37,133,70,122,94,22,54,62,8,29,92,134" hai2="4,60,76,9,50,89,73,98,108,114,102,77,41" hai3="87,55,53,66,75,33,95,78,127,123,2,128,15"/><W56/><G123/><T52/><D32/><U103/><E37/><V84/><F108/><W80/><G2/><T65/><D105/><U104/><E122/><V130/><F130/><W34/><G128/><T17/><D7/><U131/><E131/><V31/><F31/><W47/><G127/><T96/><D96/><U13/><E104/><V83/><F114/><W117/><G117/><T24/><D81/><U79/><E79/><V119/><F119/><W42/><G66/><N who="0" m="25707" /><D125/><U38/><E38/><V126/><F60/><W110/><G110/><T129/><D129/><U112/><E112/><V6/><F126/><W45/><G15/><T107/><D107/><U19/><E70/><V58/><F73/><W93/><G93/><T35/><D35/><U16/><E29/><AGARI ba="0,0" hai="14,17,20,21,24,29,48,52,59,61,63" m="25707" machi="29" ten="30,2000,0" yaku="8,1,54,1" doraHai="120" who="0" fromWho="1" sc="339,20,157,-20,192,0,312,0" owari="359,45.9,137,-36.3,192,-20.8,312,11.2" /></mjloggm>