<mjloggm ver="2.3"><GO type="225" lobby="0"/><UN n0="%E3%81%A9%E3%82%93%E3%82%88%E3%81%8F%4D%6B%2E%32" n1="%E5%82%8D%E8%8B%A5%E7%84%A1%E4%BA%BA%35%31" n2="%E7%89%B9%E6%9D%B1%E3%81%AF%E4%B8%96%E7%95%8C%E3%82%92%E6%95%91%E3%81%86" n3="%72%69%6F%75%63%68%61%6E" dan="16,16,16,16" rate="2156.86,2117.26,2160.90,2135.53" sx="M,M,M,M"/><TAIKYOKU oya="0"/><INIT seed="0,0,0,1,1,3" ten="250,250,250,250" oya="0" hai0="84,41,134,66,88,51,31,116,38,63,135,68,64" hai1="73,94,30,56,13,10,53,2,104,83,14,71,1" hai2="45,39,109,96,44,121,124,70,72,49,55,93,19" hai3="28,133,47,122,5,91,119,18,57,80,117,82,8"/><T81/><D116/><U67/><E104/><V46/><F121/><W29/><G133/><N who="0" m="50699" /><D31/><U86/><E14/><V132/><F132/><W61/><G122/><T12/><D64/><U24/><E73/><V48/><F70/><W7/><G47/><N who="0" m="26095" /><D12/><U4/><E94/><V42/><F72/><W114/><G114/><T75/><D75/><U79/><E71/><V33/><F33/><W16/><G91/><T113/><D38/><U32/><REACH who="1" step="1"/><E67/><REACH who="1" ten="250,240,250,250" step="2"/><V118/><F39/><W37/><G37/><T102/><D102/><U108/><E108/><V128/><F109/><W34/><G34/><T111/><D111/><U90/><E90/><V50/><F42/><W17/><G117/><T11/><D11/><U36/><E36/><V40/><F40/><W43/><G43/><T100/><D100/><U103/><E103/><V23/><F118/><W62/><G119/><T106/><D113/><U35/><E35/><V101/><F101/><W97/><G8/><T15/><D15/><U9/><E9/><V129/><F93/><W0/><G0/><T74/><D74/><U110/><E110/><V92/><F92/><W85/><G97/><T22/><D22/><U20/><E20/><V77/><F96/><W69/><G69/><T58/><D68/><U78/><E78/><V52/><F77/><N who="3" m="46223" /><G82/><T27/><D27/><U98/><E98/><V76/><F76/><W87/><G87/><T95/><D95/><U89/><E89/><V99/><F99/><W6/><G62/><AGARI ba="0,1" hai="1,2,4,10,13,24,30,32,53,56,62,79,83,86" machi="62" ten="30,3900,0" yaku="1,1,7,1,52,1,53,0" doraHai="3" doraHaiUra="112" who="1" fromWho="3" sc="250,0,240,49,250,0,250,-39" /><INIT seed="1,0,0,0,1,40" ten="250,289,250,211" oya="1" hai0="69,67,38,122,135,68,26,12,53,93,29,78,34" hai1="17,41,60,128,101,87,70,44,47,33,121,133,45" hai2="13,90,88,36,56,82,30,74,119,85,28,65,63" hai3="95,100,16,25,98,18,27,112,10,32,103,55,126"/><U8/><E121/><V92/><F119/><W89/><G112/><T72/><D122/><U104/><E33/><V24/><F36/><W2/><G126/><T39/><D135/><U115/><E115/><V127/><F127/><W64/><G64/><T94/><D12/><U77/><E101/><N who="3" m="38986" /><G2/><T76/><D53/><U51/><E104/><V71/><F13/><N who="3" m="7223" /><G32/><T5/><D5/><U73/><E73/><V110/><F110/><W21/><G55/><T113/><D113/><U57/><E70/><V80/><F28/><W50/><G50/><T19/><D67/><N who="1" m="39311" /><E133/><V31/><F31/><W125/><G125/><T116/><D116/><U118/><E118/><V58/><F90/><W59/><G59/><T99/><D72/><U52/><E128/><V23/><REACH who="2" step="1"/><F92/><REACH who="2" ten="250,289,240,211" step="2"/><W79/><G79/><AGARI ba="0,1" hai="23,24,30,56,58,63,65,71,74,79,80,82,85,88" machi="79" ten="40,5200,0" yaku="1,1,2,1,54,1,53,0" doraHai="40" doraHaiUra="11" who="2" fromWho="3" sc="250,0,289,0,240,62,211,-52" /><INIT seed="2,0,0,1,2,52" ten="250,289,302,159" oya="2" hai0="48,108,111,82,122,9,42,51,114,47,76,78,134" hai1="95,39,96,99,100,21,113,89,66,50,120,34,80" hai2="92,61,81,49,69,17,65,40,58,105,101,6,125" hai3="79,135,112,87,29,93,68,103,128,41,77,88,26"/><V1/><F125/><W11/><G128/><T35/><D35/><U115/><E39/><V14/><F105/><W119/><G135/><T38/><D114/><U57/><E34/><V60/><F1/><W45/><G119/><T83/><D122/><U27/><E120/><V36/><F6/><W44/><G68/><T126/><D134/><U102/><E115/><V46/><F81/><W8/><G112/><T24/><D126/><U71/><E71/><V90/><F101/><W117/><G117/><T25/><D9/><U97/><E80/><V74/><F74/><W118/><G118/><T0/><D0/><U75/><E75/><V63/><F36/><W127/><G127/><T64/><D64/><U130/><E130/><V124/><F69/><W107/><G45/><T5/><D5/><U53/><E66/><V62/><F124/><W70/><G70/><T12/><D12/><U104/><E113/><V123/><F123/><W131/><G131/><T132/><D132/><U55/><E55/><V2/><F2/><W13/><G103/><N who="1" m="39466" /><E104/><V98/><REACH who="2" step="1"/><F62/><REACH who="2" ten="250,289,292,159" step="2"/><W19/><G107/><T32/><D38/><U110/><E110/><V85/><F85/><W106/><G106/><T30/><D108/><U16/><AGARI ba="0,1" hai="16,21,27,50,53,57,89,95,96,97,99" m="39466" machi="16" ten="30,4000,0" yaku="8,1,52,1,54,1" doraHai="52" who="1" fromWho="1" sc="250,-10,289,50,292,-20,159,-10" /><INIT seed="3,0,0,0,1,124" ten="240,339,272,149" oya="3" hai0="50,58,108,31,60,107,56,67,40,59,118,119,13" hai1="15,127,47,79,131,96,64,109,53,126,130,69,82" hai2="37,92,6,122,11,116,134,76,17,66,2,65,33" hai3="29,36,9,97,90,95,48,54,70,71,73,57,112"/><W113/><G73/><T78/><D107/><U42/><E109/><V103/><F116/><W12/><G36/><T121/><D31/><U75/><E53/><V85/><F37/><W18/><REACH who="3" step="1"/><G29/><REACH who="3" ten="240,339,272,139" step="2"/><T3/><D119/><U68/><E15/><V98/><F2/><W80/><G80/><T5/><D118/><U16/><E127/><V45/><F122/><W72/><G72/><T105/><D3/><U24/><E126/><V30/><F30/><W123/><G123/><T101/><D121/><U7/><E7/><V104/><F6/><W84/><G84/><T41/><D5/><U32/><E96/><V94/><F85/><W135/><G135/><T8/><D13/><U93/><E82/><V43/><F134/><W99/><G99/><T62/><D108/><U125/><E75/><V10/><F98/><W0/><G0/><T34/><D8/><U20/><E125/><V88/><F10/><W27/><G27/><T19/><D19/><U44/><E16/><V38/><F17/><W49/><G49/><T87/><D50/><U52/><E24/><V117/><F11/><W61/><G61/><T22/><D62/><U91/><E20/><V83/><F117/><W23/><G23/><T106/><D22/><U51/><E51/><V115/><F38/><W55/><G55/><T111/><D111/><U81/><E52/><V114/><F83/><W77/><G77/><T39/><D78/><U86/><E79/><V4/><F76/><W35/><G35/><T14/><D34/><U89/><E32/><V132/><F33/><W63/><G63/><T100/><D60/><RYUUKYOKU ba="0,1" sc="240,-10,339,-10,272,-10,139,30" hai3="9,12,18,48,54,57,70,71,90,95,97,112,113" /><INIT seed="3,1,1,2,1,95" ten="230,329,262,169" oya="3" hai0="108,81,19,91,80,129,85,132,10,125,60,97,30" hai1="100,117,115,27,23,40,7,88,12,113,63,75,122" hai2="93,120,16,92,22,67,33,15,47,119,39,59,79" hai3="130,73,49,64,42,111,74,86,43,21,9,82,131"/><W133/><G133/><T46/><D132/><U109/><E109/><V1/><F119/><W57/><G111/><T31/><D108/><U127/><E122/><V77/><F1/><W35/><G35/><T98/><D125/><U123/><E127/><V99/><F33/><W71/><G71/><T76/><D129/><N who="3" m="49161" /><G9/><T128/><D128/><U3/><E75/><N who="3" m="28682" /><G21/><T68/><D68/><U0/><E100/><V58/><F120/><W78/><G49/><T62/><D46/><U53/><E40/><N who="3" m="15402" /><G57/><T14/><D80/><U96/><E123/><V38/><F38/><W103/><G103/><T114/><D114/><U13/><E117/><V83/><F39/><W72/><N who="3" m="28690" /><W84/><DORA hai="32" /><G86/><T94/><REACH who="0" step="1"/><D98/><REACH who="0" ten="220,329,262,169" step="2"/><U5/><E96/><V69/><F47/><W48/><G48/><T24/><D24/><U126/><E27/><V101/><F69/><W106/><G106/><T2/><D2/><U118/><E3/><V110/><F110/><W20/><G20/><T36/><D36/><U18/><E23/><V102/><F58/><W65/><AGARI ba="1,2" hai="64,65,78,82,84" m="15402,28690,49161" machi="65" ten="50,2400,0" yaku="19,1" doraHai="95,32" who="3" fromWho="3" sc="220,-9,329,-9,262,-9,169,47" /><INIT seed="3,2,0,4,5,35" ten="211,320,253,216" oya="3" hai0="65,106,120,3,16,130,42,30,12,127,71,59,121" hai1="80,48,0,122,89,5,111,25,57,107,113,88,43" hai2="75,39,64,105,110,79,46,49,40,7,54,22,69" hai3="28,95,17,86,2,18,66,31,27,45,67,63,26"/><W74/><G74/><T62/><D106/><U4/><E111/><V77/><F105/><W78/><G2/><T134/><D3/><U68/><E68/><V47/><F75/><W51/><G78/><T114/><D114/><U115/><E122/><V131/><F110/><W44/><G86/><T1/><D1/><U124/><E124/><V8/><F131/><W83/><G95/><T41/><D130/><U20/><E0/><V56/><F47/><N who="3" m="17995" /><G83/><T135/><D30/><N who="3" m="11305" /><G51/><T91/><D127/><U92/><E107/><V108/><F108/><W24/><G63/><T53/><D91/><U23/><E43/><N who="0" m="16393" /><D16/><AGARI ba="2,0" hai="16,17,18,24,26,27,66,67" m="11305,17995" machi="16" ten="30,11600,0" yaku="28,2,8,1,54,1" doraHai="35" who="3" fromWho="0" sc="211,-122,320,0,253,0,216,122" owari="89,-41.1,320,12.0,253,-14.7,338,43.8" /></mjloggm>