<mjloggm ver="2.3"><GO type="225" lobby="0"/><UN n0="%73%73%6B%5F%66%72%65%65" n1="%E3%82%BC%E3%83%AB%E3%83%80%E3%81%AE%E4%BC%9D%E8%AA%AC" n2="%E3%81%BF%E3%81%BF%E3%81%9A" n3="%77%72%77%72%77%72%77%72" dan="16,17,18,17" rate="2094.35,2207.52,2260.76,2195.63" sx="M,M,M,M"/><TAIKYOKU oya="0"/><INIT seed="0,0,0,5,4,94" ten="250,250,250,250" oya="0" hai0="124,50,116,7,1,84,38,6,23,42,90,135,71" hai1="125,108,19,17,103,107,105,26,92,43,48,114,64" hai2="30,52,78,97,25,126,15,57,99,11,132,100,13" hai3="79,32,39,129,61,82,117,130,66,81,113,93,131"/><T37/><D116/><U111/><E64/><V109/><F109/><N who="1" m="42057" /><E125/><V36/><F36/><W122/><G117/><T73/><D73/><U56/><E114/><V127/><F78/><W47/><G113/><T31/><D1/><U60/><E43/><V34/><F132/><W77/><G32/><T69/><D124/><N who="2" m="47658" /><F100/><W128/><N who="3" m="32768" /><DORA hai="0" /><W104/><G104/><T115/><D115/><U2/><E48/><N who="2" m="30855" /><F15/><W53/><G93/><T8/><D38/><U27/><E2/><V102/><F102/><W65/><G122/><T5/><D37/><U86/><E92/><V41/><F41/><N who="3" m="22975" /><G53/><T98/><D42/><U112/><E103/><V118/><F118/><W58/><G65/><T51/><D135/><U10/><E107/><V62/><F62/><W3/><G3/><T18/><D51/><U70/><E105/><V20/><F34/><W12/><G12/><T59/><D50/><U28/><E60/><V133/><F133/><W101/><G101/><T83/><D71/><U44/><E70/><V49/><F49/><W75/><G75/><T74/><D69/><U35/><E112/><V95/><F95/><W68/><G68/><T89/><D74/><U80/><E35/><V54/><F54/><W24/><G24/><N who="0" m="16799" /><D59/><U72/><E56/><V120/><F120/><W85/><G82/><T119/><D119/><U14/><E72/><V33/><F33/><W123/><G123/><T22/><D83/><U67/><E67/><V9/><F13/><W16/><G79/><T21/><D90/><U76/><E14/><V106/><F106/><W40/><G40/><T96/><D89/><RYUUKYOKU ba="0,0" sc="250,-15,250,-15,250,15,250,15" hai2="9,11,20,25,30,97,99" hai3="16,58,61,66,77,81,85" /><INIT seed="1,1,0,1,0,114" ten="235,235,265,265" oya="1" hai0="120,15,121,48,101,98,37,133,68,132,100,20,77" hai1="74,45,12,106,110,23,122,130,66,27,21,5,93" hai2="96,7,131,108,17,50,6,63,127,88,39,124,73" hai3="90,42,30,34,70,36,41,40,16,62,92,32,2"/><U10/><E106/><V95/><F39/><W118/><G36/><T67/><D37/><U125/><E122/><N who="0" m="47209" /><D133/><U119/><BYE who="0" /><E74/><UN n0="%73%73%6B%5F%66%72%65%65" /><V87/><F73/><W59/><G2/><T82/><D48/><U84/><E119/><V135/><F135/><W35/><G70/><T61/><D98/><U107/><E107/><V105/><F108/><W46/><G118/><T9/><D20/><U117/><E117/><V69/><F131/><W103/><G103/><T129/><D129/><U33/><E130/><V75/><F75/><W57/><G46/><T25/><D25/><U72/><E72/><V8/><F50/><W109/><G109/><T47/><D47/><U76/><E125/><N who="2" m="48203" /><F17/><W123/><G30/><T71/><D71/><U91/><E110/><V26/><F26/><W54/><G123/><T89/><D77/><U11/><E76/><V31/><F31/><W85/><G59/><T83/><D132/><U60/><E45/><V14/><F6/><W55/><REACH who="3" step="1"/><G16/><REACH who="3" ten="235,235,265,255" step="2"/><N who="0" m="8303" /><D101/><U81/><E5/><V86/><F105/><W56/><G56/><T1/><D100/><U94/><E10/><V58/><F69/><W29/><G29/><T3/><D1/><U126/><E11/><V104/><F104/><W43/><N who="3" m="10240" /><DORA hai="65" /><W38/><G38/><T64/><D3/><U0/><E0/><V78/><F58/><W113/><G113/><T134/><D134/><U53/><E126/><V102/><F102/><W18/><G18/><T19/><D19/><U28/><E28/><V115/><F115/><W22/><G22/><T52/><D68/><U99/><E23/><V24/><F7/><RYUUKYOKU ba="1,1" sc="235,-10,235,-10,265,-10,255,30" hai3="32,34,35,54,55,57,62,85,90,92" /><INIT seed="2,2,1,2,4,14" ten="225,225,255,285" oya="2" hai0="112,80,29,63,111,24,0,129,72,77,58,52,38" hai1="124,50,116,5,104,93,92,89,27,59,21,56,25" hai2="37,105,12,82,64,123,32,57,83,17,131,9,4" hai3="98,2,53,8,95,71,34,39,88,68,125,74,132"/><V109/><F123/><W45/><G34/><T30/><D112/><U46/><E116/><V106/><F37/><W66/><G132/><T97/><D129/><U99/><E124/><V51/><F32/><W13/><G2/><T6/><D111/><U48/><E104/><V42/><F109/><W33/><G33/><T65/><D38/><U1/><E1/><V70/><F131/><W119/><G119/><T135/><D135/><U76/><E5/><V122/><F122/><W75/><G125/><T43/><D43/><U101/><E76/><V107/><F70/><W28/><G28/><T117/><D117/><U67/><E67/><V133/><F133/><W55/><G55/><T49/><D24/><U120/><E27/><V26/><F42/><W108/><G108/><T35/><D35/><U96/><E120/><V36/><F36/><W79/><G79/><T127/><D127/><U100/><E89/><V41/><F64/><W130/><G130/><T90/><D6/><U10/><E10/><V87/><F87/><W115/><G115/><T23/><D23/><U85/><E85/><V15/><F26/><W3/><G3/><T60/><D0/><U16/><E50/><V81/><F57/><W110/><G110/><T118/><D118/><U62/><E62/><N who="0" m="23593" /><D65/><U113/><E113/><V7/><REACH who="2" step="1"/><F12/><REACH who="2" ten="225,225,245,285" step="2"/><W40/><G66/><T20/><D58/><U114/><E114/><V134/><F134/><W102/><G53/><AGARI ba="2,2" hai="16,21,25,46,48,53,56,59,92,93,96,99,100,101" machi="53" ten="30,8000,1" yaku="7,1,9,1,8,1,52,1,54,1" doraHai="14" who="1" fromWho="3" sc="225,0,225,106,245,0,285,-86" /><INIT seed="3,0,0,0,2,51" ten="225,331,245,199" oya="3" hai0="84,0,54,71,69,3,87,95,49,93,90,13,5" hai1="24,25,108,9,116,15,112,86,72,62,111,127,60" hai2="34,14,55,126,128,83,129,56,74,96,101,22,1" hai3="82,105,19,66,50,39,115,8,125,98,102,10,79"/><W134/><G115/><T80/><D13/><U16/><E72/><V113/><F113/><W6/><G39/><T52/><D5/><U17/><E112/><V65/><F1/><W43/><G134/><T18/><D18/><U42/><E127/><V97/><F34/><W135/><G135/><T63/><D49/><U76/><E116/><V61/><F126/><W59/><G125/><T78/><D63/><N who="1" m="24107" /><E42/><V44/><F83/><W130/><G130/><N who="2" m="50281" /><F74/><W21/><G66/><T114/><D114/><U29/><E17/><N who="2" m="10551" /><F101/><W132/><G132/><T47/><D47/><U32/><E32/><V48/><AGARI ba="0,0" hai="44,48,55,56,61,65,96,97" m="10551,50281" machi="48" ten="30,2000,0" yaku="19,1,52,1" doraHai="51" who="2" fromWho="2" sc="225,-5,331,-5,245,20,199,-10" owari="220,-18.0,326,42.6,265,6.5,189,-31.1" /></mjloggm>