<mjloggm ver="2.3"><GO type="225" lobby="0"/><UN n0="%E9%B3%B3%E6%9D%B1%E3%81%AE%E3%81%BF%E3%81%91%E3%81%AB%E3%82%83%E3%82%93" n1="%E3%83%AB%E3%83%9B%E3%83%B3%E3%83%87%E3%82%A3%E3%82%A8" n2="%E5%A4%96%E5%B7%9D%E7%AB%9C%E6%88%90" n3="%E3%81%BF%E3%81%BF%E3%81%9A" dan="16,17,16,16" rate="2032.03,2209.92,2157.28,2186.08" sx="F,M,M,M"/><TAIKYOKU oya="0"/><INIT seed="0,0,0,1,5,84" ten="250,250,250,250" oya="0" hai0="72,65,14,127,118,95,33,3,45,57,122,41,52" hai1="109,105,17,37,135,71,50,92,117,129,6,113,81" hai2="46,85,43,30,90,56,132,32,38,101,11,12,4" hai3="126,76,93,97,58,128,104,121,67,39,125,116,40"/><T28/><D118/><U61/><E17/><V16/><F132/><W69/><G116/><T53/><D122/><U77/><E50/><V80/><F101/><W86/><G69/><T64/><D3/><U25/><E25/><V55/><F30/><W111/><G121/><T110/><D72/><U49/><E49/><V59/><F32/><W78/><G111/><T73/><D73/><U79/><E6/><V23/><REACH who="2" step="1"/><F55/><REACH who="2" ten="250,250,240,250" step="2"/><W100/><G100/><T42/><D28/><U2/><E135/><V106/><F106/><W5/><G104/><T8/><D33/><U108/><E105/><V119/><F119/><W24/><G125/><T115/><D127/><U20/><E117/><V134/><F134/><W54/><G126/><T133/><D133/><U35/><E35/><V130/><F130/><W98/><G54/><T124/><D124/><U19/><E129/><V114/><F114/><W60/><G128/><T131/><D115/><U7/><E113/><V123/><F123/><W31/><G31/><T63/><D131/><U9/><E109/><V87/><F87/><W0/><G86/><T112/><D112/><U82/><E108/><V34/><F34/><W66/><G98/><T83/><D110/><U68/><E77/><V103/><F103/><W96/><G78/><T21/><D53/><U36/><E79/><V102/><F102/><W27/><G97/><T107/><D52/><U88/><E71/><V44/><F44/><N who="3" m="23583" /><G76/><T62/><D45/><U18/><E68/><V89/><F89/><N who="3" m="55343" /><G67/><T13/><D107/><U74/><E74/><V94/><F94/><W22/><G66/><RYUUKYOKU ba="0,1" sc="250,-10,250,-10,240,30,250,-10" hai2="4,11,12,16,23,38,43,46,56,59,80,85,90" /><INIT seed="1,1,1,4,3,117" ten="240,240,270,240" oya="1" hai0="128,48,74,134,3,57,53,70,68,15,16,24,46" hai1="19,43,2,72,76,77,40,78,67,26,101,29,125" hai2="69,103,12,65,17,80,6,81,0,96,99,89,22" hai3="107,60,132,111,59,33,71,94,122,98,109,18,31"/><U93/><E125/><V51/><F69/><W58/><G132/><T124/><D3/><U39/><E2/><V126/><F65/><N who="3" m="41383" /><G18/><T47/><D74/><U108/><E72/><V82/><F126/><W21/><G21/><T63/><D124/><U84/><E39/><V7/><F0/><W10/><G10/><T85/><D134/><U131/><E131/><V9/><F51/><W44/><G44/><T120/><D128/><U116/><E116/><V102/><F89/><W135/><G135/><T56/><D24/><U95/><E108/><N who="3" m="41546" /><G107/><T129/><D129/><U112/><E67/><V133/><F133/><W105/><G105/><T28/><D28/><U45/><E19/><V106/><REACH who="2" step="1"/><F9/><REACH who="2" ten="240,240,260,240" step="2"/><W20/><G59/><T123/><D68/><U62/><E45/><V37/><F37/><W13/><G58/><T5/><D70/><U34/><E62/><V54/><F54/><W130/><G130/><T35/><D57/><U55/><E55/><V86/><F86/><W92/><G98/><T38/><D63/><U14/><E112/><V97/><F97/><W104/><G104/><AGARI ba="1,2" hai="6,7,12,17,22,80,81,82,96,99,102,103,104,106" machi="104" ten="40,2600,0" yaku="1,1,9,1,53,0" doraHai="117" doraHaiUra="41" who="2" fromWho="3" sc="240,0,240,0,260,49,240,-29" /><INIT seed="2,0,0,0,2,26" ten="240,240,309,211" oya="2" hai0="119,66,100,81,74,12,102,9,88,10,94,37,76" hai1="53,30,124,58,44,35,62,61,87,15,128,18,45" hai2="13,29,19,93,80,38,85,28,98,2,103,90,42" hai3="126,122,17,57,52,78,59,40,110,34,107,33,84"/><V20/><F2/><W39/><G122/><T133/><D37/><U86/><E124/><V51/><F38/><W23/><G107/><T41/><D41/><U131/><E35/><V11/><F20/><W82/><G59/><T68/><D133/><U27/><E62/><V14/><F14/><W83/><G126/><T106/><D119/><U64/><E86/><V71/><F71/><W54/><G110/><T63/><D106/><U16/><E87/><V132/><F132/><W4/><G4/><T24/><D24/><U123/><E123/><V113/><F113/><W72/><G40/><T101/><REACH who="0" step="1"/><D12/><REACH who="0" ten="230,240,309,211" step="2"/><U22/><E128/><V79/><F79/><W96/><G39/><T55/><D55/><U108/><E131/><V115/><F115/><W21/><G54/><T127/><D127/><U112/><E112/><V120/><F120/><W92/><G33/><T31/><D31/><U36/><E36/><V89/><F42/><W48/><G34/><T46/><D46/><N who="1" m="18027" /><E108/><V49/><F29/><W1/><G1/><T121/><D121/><U8/><E53/><V5/><F28/><AGARI ba="0,1" hai="8,15,16,18,22,27,28,30,58,61,64" m="18027" machi="28" ten="30,7700,0" yaku="8,1,52,2,54,1" doraHai="26" who="1" fromWho="2" sc="230,0,240,87,309,-77,211,0" /><INIT seed="3,0,0,5,4,93" ten="230,327,232,211" oya="3" hai0="114,88,84,91,1,33,134,10,110,36,42,128,0" hai1="122,100,80,7,11,46,19,41,98,51,45,53,70" hai2="15,59,38,130,94,125,21,81,9,31,120,22,89" hai3="76,87,71,99,69,85,13,18,121,72,77,17,116"/><W12/><G116/><T74/><D74/><U29/><E70/><V131/><F38/><W112/><G72/><T105/><D33/><U83/><E29/><V132/><F125/><W37/><G37/><T73/><D73/><U6/><E19/><V113/><F113/><W107/><G112/><T27/><D114/><U115/><E122/><V67/><F81/><W26/><G26/><T133/><D110/><U16/><E16/><N who="2" m="8303" /><F132/><N who="0" m="50794" /><D128/><N who="2" m="49194" /><F31/><W95/><G95/><N who="0" m="54663" /><D10/><U34/><E11/><V108/><F120/><W35/><G121/><T47/><D105/><U106/><E115/><V55/><F67/><W39/><G39/><T126/><D126/><U78/><E34/><V103/><F108/><W14/><G14/><T104/><D104/><U64/><E106/><V135/><F135/><W52/><G107/><T50/><D36/><U57/><E64/><V40/><F40/><W79/><G79/><T43/><D43/><U61/><E41/><V96/><F89/><W48/><G35/><T109/><D109/><U58/><E78/><V49/><AGARI ba="0,0" hai="21,22,49,55,59,94,96,103" m="49194,8303" machi="49" ten="30,4000,0" yaku="19,1,52,1,54,1" doraHai="93" who="2" fromWho="2" sc="230,-10,327,-10,232,40,211,-20" owari="220,-18.0,317,41.7,272,7.2,191,-30.9" /></mjloggm>