<mjloggm ver="2.3"><GO type="225" lobby="0"/><UN n0="%E3%82%A2%E3%83%BC%E3%83%A2%E3%83%AD%E3%83%BC%E3%83%B4%E3%82%A1" n1="%E3%81%B5%E3%81%98%E3%81%8B%E3%81%A4" n2="%72%69%6F%75%63%68%61%6E" n3="%E5%A4%9C%E5%85%89%E5%A4%A9%E6%A5%BC" dan="16,17,16,16" rate="2113.74,2196.76,2199.03,2135.90" sx="M,M,M,F"/><TAIKYOKU oya="0"/><INIT seed="0,0,0,2,0,2" ten="250,250,250,250" oya="0" hai0="46,31,21,81,5,60,29,107,42,88,41,33,55" hai1="3,65,84,91,102,122,82,53,87,111,125,108,116" hai2="85,133,57,127,32,67,18,83,37,112,51,0,48" hai3="35,13,135,110,61,9,123,19,66,28,126,115,70"/><T64/><D107/><U118/><E3/><V129/><F112/><W86/><G115/><T26/><D5/><U109/><E65/><V62/><F37/><W76/><G110/><T78/><D55/><U114/><E53/><V101/><F127/><W27/><G126/><T103/><D103/><U100/><E125/><V17/><F129/><W12/><G135/><T68/><D88/><N who="1" m="51223" /><E114/><V71/><F133/><W106/><G123/><T43/><D33/><U77/><E77/><V24/><F0/><W120/><G120/><T119/><D119/><N who="1" m="45611" /><E122/><V128/><F128/><W75/><G75/><T58/><D68/><U113/><E113/><V90/><F101/><W98/><G76/><T15/><D15/><U16/><E16/><N who="2" m="6251" /><F32/><W47/><G13/><T25/><D31/><U40/><E40/><V97/><F71/><W8/><G8/><T56/><D56/><U10/><E10/><V104/><F104/><W7/><G47/><T59/><D59/><U4/><E4/><V38/><F38/><W73/><G19/><T50/><REACH who="0" step="1"/><D26/><REACH who="0" ten="240,250,250,250" step="2"/><U20/><E20/><V11/><F24/><W1/><G12/><T69/><D69/><U95/><AGARI ba="0,1" hai="87,91,95,100,102,108,109,111" m="45611,51223" machi="95" ten="40,8000,1" yaku="14,1,34,2,54,1" doraHai="2" who="1" fromWho="1" sc="240,-40,250,90,250,-20,250,-20" /><INIT seed="1,0,0,4,3,104" ten="200,340,230,230" oya="1" hai0="94,102,15,47,39,130,84,70,66,91,49,113,128" hai1="73,6,134,132,8,87,18,125,63,10,86,80,69" hai2="14,65,33,93,35,111,83,101,17,67,108,37,21" hai3="59,92,27,55,82,45,7,9,107,121,25,22,24"/><U42/><E125/><V2/><F2/><W60/><G121/><T68/><D113/><U13/><E42/><V23/><F37/><W109/><G107/><T99/><D39/><U41/><E41/><V117/><F117/><W19/><G109/><N who="2" m="42057" /><F23/><W53/><G92/><T62/><D15/><U46/><E46/><V131/><F131/><W75/><G53/><T135/><D135/><N who="1" m="51755" /><E63/><V118/><F118/><W61/><G45/><T3/><D3/><N who="1" m="95" /><E69/><V105/><F105/><W127/><G61/><T106/><REACH who="0" step="1"/><D70/><REACH who="0" ten="190,340,230,230" step="2"/><U5/><E13/><V54/><F54/><AGARI ba="0,1" hai="47,49,54,62,66,68,84,91,94,99,102,106,128,130" machi="54" ten="40,2600,0" yaku="1,1,2,1,53,0" doraHai="104" doraHaiUra="4" who="0" fromWho="2" sc="190,36,340,0,230,-26,230,0" /><INIT seed="2,0,0,3,1,124" ten="226,340,204,230" oya="2" hai0="29,129,103,101,135,62,49,91,77,25,11,73,35" hai1="10,84,115,14,108,8,109,17,32,69,75,100,2" hai2="64,107,133,9,3,54,128,30,48,27,19,61,20" hai3="13,97,4,78,52,46,114,65,70,116,89,67,96"/><V57/><F107/><W15/><G116/><T39/><D39/><U31/><E115/><V98/><F133/><W5/><G114/><T22/><D135/><U104/><E75/><V111/><F111/><N who="1" m="42569" /><E69/><V34/><F98/><N who="3" m="37995" /><G70/><T87/><D129/><U92/><E104/><V21/><F128/><W40/><G40/><T88/><D49/><U66/><E100/><V68/><REACH who="2" step="1"/><F19/><REACH who="2" ten="226,340,194,230" step="2"/><W12/><G5/><AGARI ba="0,1" hai="3,5,9,20,21,27,30,34,48,54,57,61,64,68" machi="5" ten="40,3900,0" yaku="1,1,2,1,53,0" doraHai="124" doraHaiUra="123" who="2" fromWho="3" sc="226,0,340,0,194,49,230,-39" /><INIT seed="2,1,0,5,0,37" ten="226,340,243,191" oya="2" hai0="24,113,96,134,120,109,35,49,25,6,106,1,84" hai1="116,47,32,127,85,102,52,33,81,121,5,131,114" hai2="20,39,103,64,78,31,79,122,63,53,50,104,124" hai3="48,67,13,74,70,91,108,80,46,86,23,12,57"/><V51/><F122/><W119/><G119/><T4/><D113/><U72/><E121/><V8/><F124/><W117/><G117/><T45/><D120/><U126/><E116/><V3/><F39/><W83/><G70/><T2/><D109/><U89/><E114/><V125/><F125/><N who="1" m="47625" /><E131/><V112/><F112/><W44/><G108/><T88/><D134/><U56/><E102/><V100/><F3/><W60/><G46/><T41/><D106/><U90/><E5/><N who="0" m="2153" /><D35/><N who="1" m="13387" /><E47/><V133/><F133/><W94/><G74/><T54/><D2/><U105/><E105/><V123/><F123/><W73/><G73/><T130/><D1/><U42/><E42/><V65/><F8/><W118/><G118/><T99/><D54/><U107/><E107/><V14/><F104/><W129/><G129/><T40/><D40/><U9/><E9/><V43/><F43/><N who="3" m="24607" /><G23/><T16/><D130/><U58/><E72/><V82/><F20/><W97/><G83/><N who="0" m="49183" /><D25/><U22/><E22/><AGARI ba="1,0" hai="16,22,24,41,45,49,96,99" m="49183,2153" machi="22" ten="30,7700,0" yaku="8,1,52,1,54,2" doraHai="37" who="0" fromWho="1" sc="226,80,340,-80,243,0,191,0" /><INIT seed="3,0,0,3,3,55" ten="306,260,243,191" oya="3" hai0="118,32,85,29,76,19,54,101,2,24,27,70,62" hai1="112,71,64,75,109,97,45,126,129,3,124,133,82" hai2="83,58,39,131,49,102,90,89,127,111,74,77,17" hai3="4,6,20,125,92,104,94,16,43,11,38,132,66"/><W69/><G104/><T81/><D118/><U21/><E3/><V122/><F39/><W115/><G115/><T96/><D2/><U67/><E112/><V120/><F111/><W121/><G121/><N who="2" m="46697" /><F127/><N who="1" m="48681" /><E109/><V60/><F131/><W107/><G107/><T47/><D47/><U119/><E129/><V114/><F114/><W48/><G125/><T14/><D27/><U8/><E133/><V9/><F102/><W117/><G38/><T80/><D80/><U72/><E119/><V12/><F49/><W28/><G132/><T57/><D70/><U52/><E8/><V61/><F61/><W42/><G117/><T7/><D7/><N who="3" m="2601" /><G11/><T40/><D40/><N who="3" m="15401" /><G28/><T0/><D0/><U99/><E21/><V123/><N who="2" m="46705" /><V51/><DORA hai="33" /><F51/><W116/><G116/><T110/><D110/><U10/><E10/><V65/><AGARI ba="0,0" hai="9,12,17,58,60,65,74,77,83,89,90" m="46705" machi="65" ten="40,2700,0" yaku="13,1,52,1" doraHai="55,33" who="2" fromWho="2" sc="306,-7,260,-7,243,27,191,-13" /><INIT seed="4,0,0,0,3,121" ten="299,253,270,178" oya="0" hai0="73,124,108,94,101,127,15,61,45,43,98,84,109" hai1="70,56,82,78,58,27,66,34,102,20,28,23,44" hai2="129,95,63,40,2,4,17,92,38,130,13,100,76" hai3="135,123,97,0,79,106,39,6,8,112,22,111,132"/><T99/><D73/><U88/><E102/><V96/><F76/><W49/><G39/><N who="0" m="21759" /><D84/><U65/><E70/><V80/><F80/><W18/><G79/><T29/><D29/><U12/><E44/><N who="2" m="23575" /><F63/><W19/><G123/><T114/><D114/><U5/><E34/><V104/><F4/><W41/><G112/><T21/><D61/><U131/><E131/><N who="2" m="50187" /><F2/><W85/><G85/><T72/><D72/><U54/><E78/><V81/><F81/><W117/><G41/><T119/><D119/><U75/><E75/><V24/><F24/><W10/><G49/><T86/><D86/><N who="1" m="50263" /><E58/><V57/><F57/><W52/><G117/><T87/><D87/><U48/><E5/><V25/><F25/><N who="3" m="14551" /><G97/><T30/><D99/><U103/><E103/><V55/><F55/><W89/><G52/><T7/><D7/><U3/><E3/><V67/><F67/><W16/><G89/><T53/><D53/><U14/><E14/><V11/><AGARI ba="0,0" hai="11,13,17,92,95,96,100,104" m="50187,23575" machi="11" ten="30,1100,0" yaku="19,1" doraHai="121" who="2" fromWho="2" sc="299,-5,253,-3,270,11,178,-3" /><INIT seed="5,0,0,2,3,46" ten="294,250,281,175" oya="1" hai0="38,103,105,106,16,22,127,44,27,30,114,5,2" hai1="81,9,43,89,10,94,132,50,110,97,95,108,29" hai2="128,96,75,28,36,48,102,58,112,7,35,71,39" hai3="125,120,92,51,78,61,68,59,107,93,98,4,24"/><U117/><E117/><V49/><F75/><W116/><G120/><T37/><D114/><U42/><E132/><V76/><F76/><W80/><G125/><T126/><D30/><U129/><E129/><V130/><F71/><W83/><G116/><T70/><D70/><U135/><E135/><V62/><F112/><W15/><G68/><T90/><D90/><N who="1" m="55511" /><E29/><V84/><F7/><W134/><G134/><T69/><D69/><U65/><E65/><N who="2" m="39127" /><F84/><W133/><G133/><T33/><D33/><U100/><E100/><V121/><F121/><W118/><G107/><N who="0" m="40971" /><D44/><N who="1" m="25879" /><E81/><V0/><F0/><W86/><G83/><T53/><D53/><U21/><E43/><V45/><F45/><W88/><G118/><T12/><D103/><U124/><E124/><N who="0" m="47657" /><D2/><U41/><E41/><V34/><F36/><N who="0" m="13930" /><D5/><U1/><E1/><V6/><F39/><W57/><G93/><T119/><D119/><U115/><E115/><V82/><F82/><W123/><G123/><T11/><D27/><U104/><E104/><N who="2" m="63559" /><F6/><W32/><G24/><T101/><D101/><U131/><E21/><AGARI ba="0,0" hai="11,12,16,21,22" m="13930,47657,40971" machi="21" ten="40,2600,0" yaku="18,1,54,1" doraHai="46" who="0" fromWho="1" sc="294,26,250,-26,281,0,175,0" owari="320,42.0,224,-17.6,281,8.1,175,-32.5" /></mjloggm>