<mjloggm ver="2.3"><GO type="225" lobby="0"/><UN n0="%6D%75%75%6D%75%72%61" n1="%E5%8F%AF%E5%85%90%E9%82%A3%E7%94%B1%E5%A4%9A" n2="%E6%A1%9C%E8%8A%B1%E9%96%83%E3%80%85" n3="%E3%81%8B%E3%82%8F%E3%81%A1%E3%82%83%E3%82%93%35%38" dan="16,17,16,16" rate="2083.93,2175.55,2037.65,2221.19" sx="F,F,M,M"/><TAIKYOKU oya="0"/><INIT seed="0,0,0,2,3,122" ten="250,250,250,250" oya="0" hai0="22,90,43,104,105,52,81,119,123,0,51,26,56" hai1="133,71,114,91,83,116,60,84,96,37,69,54,16" hai2="106,63,48,76,59,1,55,120,27,130,103,4,132" hai3="113,34,97,57,62,14,23,35,2,102,66,107,46"/><T15/><D123/><U9/><E116/><V126/><F120/><W17/><G2/><T70/><D0/><U108/><E37/><V10/><F130/><W13/><G113/><T40/><D119/><U92/><E114/><V95/><F132/><W33/><REACH who="3" step="1"/><G46/><REACH who="3" ten="250,250,250,240" step="2"/><T127/><D127/><U3/><E133/><V73/><F126/><W111/><G111/><T49/><D70/><U38/><E108/><V44/><F44/><W68/><G68/><T80/><D40/><U29/><E3/><V20/><F1/><W112/><G112/><T25/><D43/><U85/><E71/><V115/><F115/><W53/><G53/><T124/><D124/><U128/><E54/><V39/><F55/><W36/><G36/><T82/><D49/><U134/><E38/><V24/><F48/><W72/><G72/><T67/><D67/><U30/><E134/><V28/><F73/><W109/><G109/><T45/><D45/><U58/><E69/><V31/><F39/><W99/><G99/><T19/><REACH who="0" step="1"/><D90/><REACH who="0" ten="240,250,250,240" step="2"/><N who="1" m="51487" /><E128/><V100/><F59/><W18/><G18/><T118/><D118/><U86/><E58/><V78/><F31/><N who="1" m="11785" /><E60/><V121/><F63/><W32/><N who="3" m="8192" /><DORA hai="93" /><W101/><G101/><T6/><D6/><U98/><E98/><V7/><F121/><W129/><G129/><T47/><D47/><U11/><E16/><V8/><F28/><W89/><G89/><T94/><D94/><U61/><E61/><V79/><F95/><W42/><G42/><T135/><D135/><U65/><E65/><V87/><F100/><W110/><G110/><T21/><D21/><RYUUKYOKU ba="0,2" sc="240,10,250,10,250,-30,240,10" hai0="15,19,22,25,26,51,52,56,80,81,82,104,105" hai1="9,11,85,86,91,92,96" hai3="13,14,17,23,57,62,66,97,102,107" /><INIT seed="0,1,2,1,0,95" ten="250,260,220,250" oya="0" hai0="113,57,40,37,16,135,124,47,24,59,34,80,125" hai1="43,55,121,58,29,14,53,17,73,83,48,23,26" hai2="106,101,93,118,85,3,4,107,41,20,66,117,0" hai3="25,39,21,130,110,76,30,52,97,50,15,104,132"/><T114/><D34/><U7/><E121/><V89/><F66/><W64/><G39/><T84/><D135/><U78/><E7/><V131/><F131/><W129/><G132/><T11/><D113/><U35/><E43/><V109/><F109/><W6/><G110/><T116/><D116/><N who="2" m="44650" /><F41/><W123/><G123/><T90/><D114/><U74/><REACH who="1" step="1"/><E55/><REACH who="1" ten="250,250,220,250" step="2"/><V61/><F4/><W128/><G6/><T33/><D124/><U112/><E112/><V8/><F3/><W69/><G129/><T44/><D125/><U71/><E71/><V105/><F0/><W56/><G69/><T60/><D40/><U126/><E126/><V28/><F8/><W82/><G64/><T96/><D11/><U49/><E49/><V79/><F61/><W5/><G5/><T1/><D1/><U22/><E22/><V100/><F79/><W108/><G108/><T75/><D60/><U63/><E63/><V2/><F2/><W27/><G130/><T45/><D37/><U115/><E115/><V46/><F46/><W86/><G128/><T77/><D44/><U67/><E67/><V65/><F65/><W32/><G50/><T18/><D45/><U81/><E81/><V19/><F28/><N who="3" m="19471" /><G52/><T9/><D47/><U54/><E54/><V91/><F20/><W103/><G56/><T127/><D127/><U99/><E99/><N who="2" m="57791" /><F19/><N who="0" m="7210" /><D9/><U70/><E70/><V42/><F42/><W62/><G62/><T10/><D10/><U87/><AGARI ba="1,3" hai="14,17,23,26,29,35,48,53,58,73,74,78,83,87" machi="87" ten="20,2700,0" yaku="1,1,0,1,7,1,53,0" doraHai="95" doraHaiUra="36" who="1" fromWho="1" sc="250,-14,250,60,220,-8,250,-8" /><INIT seed="1,0,0,1,1,116" ten="236,310,212,242" oya="1" hai0="53,72,129,91,15,65,135,26,107,88,30,11,127" hai1="114,23,52,99,32,20,47,124,64,121,34,59,75" hai2="40,8,98,92,93,66,131,134,95,42,0,67,7" hai3="44,119,3,29,58,125,82,60,106,12,19,74,123"/><U79/><E114/><V122/><F131/><W28/><G106/><T37/><D37/><U48/><E124/><V102/><F134/><W21/><G3/><T115/><D115/><U46/><E121/><V76/><F76/><W113/><G113/><T56/><D107/><U120/><E120/><V4/><F122/><W103/><G123/><T84/><D72/><U24/><E20/><V128/><F128/><W50/><G103/><T73/><D73/><U6/><E6/><V81/><F81/><W61/><G125/><T31/><D129/><U86/><E75/><V96/><F7/><W5/><G60/><T80/><D65/><U22/><E22/><V87/><F87/><W77/><G5/><T83/><D135/><U132/><E132/><V85/><F85/><W118/><G118/><T108/><D108/><U104/><E64/><V100/><F93/><W70/><G70/><T10/><D127/><U101/><E79/><V78/><F78/><W54/><REACH who="3" step="1"/><G119/><REACH who="3" ten="236,310,212,232" step="2"/><T25/><D88/><U126/><E126/><V18/><F4/><W105/><G105/><T97/><D91/><U109/><E101/><V71/><F0/><W51/><G51/><T110/><D110/><U45/><E109/><V111/><F111/><W39/><G39/><T112/><D112/><U133/><E133/><V38/><F38/><W16/><G16/><T69/><D69/><U1/><E1/><V130/><F130/><W49/><G49/><T94/><D94/><U63/><E104/><V89/><F71/><W117/><G117/><T13/><D30/><U62/><E48/><V14/><F89/><RYUUKYOKU ba="0,1" sc="236,-15,310,-15,212,15,232,15" hai2="8,14,18,40,42,66,67,92,95,96,98,100,102" hai3="12,19,21,28,29,44,50,54,58,61,74,77,82" /><INIT seed="2,1,1,4,0,94" ten="221,295,227,247" oya="2" hai0="28,98,123,76,47,36,73,75,55,62,38,89,7" hai1="20,68,5,132,64,6,2,67,69,37,102,61,41" hai2="87,32,84,103,40,1,52,85,17,95,118,14,39" hai3="72,92,3,24,54,46,128,18,82,16,104,129,135"/><V66/><F118/><W10/><G104/><T71/><D123/><U34/><E132/><V29/><F1/><W15/><G3/><T101/><D7/><U80/><E34/><V115/><F66/><W134/><G92/><T122/><D122/><U50/><E37/><V65/><F65/><W90/><G46/><T117/><D89/><U106/><E2/><V0/><F115/><W77/><G54/><T59/><D71/><U4/><E80/><V11/><F0/><W125/><G90/><T111/><D111/><U114/><E114/><V113/><F113/><W70/><G70/><T112/><D112/><U127/><E127/><V45/><F52/><W19/><G125/><T13/><D13/><U121/><E121/><V60/><F60/><W81/><G81/><T35/><D117/><U21/><E50/><V126/><F126/><W31/><G15/><T74/><D76/><U96/><E41/><V130/><F130/><N who="3" m="50283" /><G10/><T83/><D83/><U131/><E131/><V23/><F11/><W30/><G30/><T105/><REACH who="0" step="1"/><D47/><REACH who="0" ten="211,295,227,247" step="2"/><U57/><E57/><V93/><REACH who="2" step="1"/><F103/><REACH who="2" ten="211,295,217,247" step="2"/><W43/><G43/><T27/><AGARI ba="1,3" hai="27,28,35,36,38,55,59,62,73,74,75,98,101,105" machi="27" ten="40,8000,1" yaku="1,1,2,1,0,1,52,1,53,0" doraHai="94" doraHaiUra="33" who="0" fromWho="0" sc="211,113,295,-21,217,-41,247,-21" /><INIT seed="3,0,0,4,5,66" ten="324,274,176,226" oya="3" hai0="12,131,81,21,67,122,59,27,104,62,102,121,9" hai1="25,97,110,84,72,129,106,125,71,32,5,89,1" hai2="95,4,14,115,74,79,15,101,46,108,127,26,45" hai3="52,98,134,31,55,112,88,116,53,33,44,118,8"/><W57/><G112/><T100/><D81/><U113/><RYUUKYOKU type="yao9" ba="0,0" sc="324,0,274,0,176,0,226,0" hai1="1,5,25,32,71,72,84,89,97,106,110,113,125,129" /><INIT seed="3,1,0,5,5,123" ten="324,274,176,226" oya="3" hai0="5,74,135,112,13,32,50,16,67,114,25,51,14" hai1="3,24,44,66,40,29,43,81,30,79,64,128,105" hai2="52,22,46,60,132,12,6,42,62,126,11,119,89" hai3="63,57,8,41,96,101,87,134,34,111,84,98,129"/><W94/><G34/><T17/><D74/><U28/><E105/><V117/><F126/><W100/><G41/><T92/><D135/><U23/><E3/><V20/><F132/><W2/><G134/><T38/><D38/><U106/><E106/><V124/><F124/><W68/><G68/><T116/><D116/><U90/><E128/><V103/><F103/><W0/><G129/><T93/><D67/><U83/><E90/><V37/><F62/><W7/><G0/><T95/><D5/><U15/><E15/><N who="0" m="5641" /><D32/><U110/><E110/><V58/><REACH who="2" step="1"/><F89/><REACH who="2" ten="324,274,166,226" step="2"/><W125/><G125/><T86/><D114/><U35/><E64/><V59/><F59/><W53/><G111/><T120/><D112/><U45/><E66/><V80/><F80/><W39/><REACH who="3" step="1"/><G39/><REACH who="3" ten="324,274,166,216" step="2"/><T31/><D120/><U127/><E127/><V36/><F36/><W121/><G121/><T108/><D108/><U99/><E83/><V69/><F69/><W70/><G70/><T73/><D95/><AGARI ba="1,2" hai="2,7,8,53,57,63,84,87,94,95,96,98,100,101" machi="95" ten="30,5800,0" yaku="1,1,7,1,9,1,53,0" doraHai="123" doraHaiUra="77" who="3" fromWho="0" sc="324,-61,274,0,166,0,216,81" /><INIT seed="3,2,0,0,2,69" ten="263,274,166,297" oya="3" hai0="3,50,111,71,130,58,64,0,114,82,38,66,67" hai1="59,40,86,65,115,46,123,74,57,7,97,126,43" hai2="32,75,30,133,132,34,116,103,129,91,12,94,79" hai3="61,102,27,39,11,9,54,47,41,124,37,77,45"/><W8/><G102/><T110/><D71/><U101/><E123/><V17/><F116/><W113/><G113/><T44/><D82/><U109/><E115/><V96/><F129/><W68/><G77/><T85/><D85/><U19/><E74/><V107/><F30/><W51/><G124/><T121/><D58/><U83/><E126/><V10/><F79/><W28/><G39/><T62/><D62/><U81/><E109/><N who="0" m="41481" /><D121/><U22/><E7/><V21/><F21/><W52/><G54/><N who="0" m="30023" /><D130/><U92/><E81/><V31/><F75/><W95/><G95/><T73/><D73/><U125/><E125/><V6/><F6/><W135/><G135/><N who="2" m="51785" /><F31/><W89/><G89/><T76/><D76/><U108/><E108/><V72/><F72/><W5/><G61/><T60/><D60/><N who="1" m="38031" /><E59/><V80/><F80/><W53/><G68/><T33/><D33/><U35/><E35/><V42/><F42/><W105/><G53/><T2/><D114/><U98/><E98/><AGARI ba="2,0" hai="10,12,17,32,34,91,94,96,98,103,107" m="51785" machi="98" ten="30,1000,0" yaku="20,1" doraHai="69" who="2" fromWho="1" sc="263,0,274,-16,166,16,297,0" /><INIT seed="4,0,0,2,1,57" ten="263,258,182,297" oya="0" hai0="51,23,97,128,110,36,46,31,11,117,135,129,30" hai1="17,2,8,133,6,77,72,32,130,35,4,43,93" hai2="19,3,55,100,118,101,87,92,109,102,0,115,96" hai3="54,33,14,27,76,62,53,89,24,41,60,84,20"/><T40/><D117/><U119/><E72/><V80/><F109/><W61/><G33/><N who="1" m="12874" /><E77/><V122/><F122/><W1/><G1/><T18/><D110/><U134/><E93/><V82/><F118/><W112/><G112/><T123/><D123/><U70/><E43/><V104/><F115/><W12/><G41/><T42/><D42/><U38/><E38/><V132/><F132/><N who="1" m="50793" /><E70/><V111/><F111/><W79/><G24/><T34/><D135/><U68/><E68/><V120/><F120/><W65/><G65/><T71/><D36/><U127/><E119/><V16/><F82/><N who="3" m="49303" /><G12/><T90/><D71/><U114/><E114/><V26/><F0/><W99/><G14/><T28/><D40/><U83/><E83/><V49/><F3/><W66/><G99/><T78/><D78/><N who="3" m="29737" /><G66/><T126/><D97/><U108/><E108/><V52/><F26/><W39/><G39/><T44/><D90/><U124/><E130/><V25/><F25/><W22/><G22/><T47/><D34/><U91/><E91/><N who="2" m="51687" /><F104/><W73/><G73/><T95/><D95/><U94/><E94/><V106/><F106/><W85/><G85/><T5/><D128/><U116/><E116/><V81/><F81/><W56/><G54/><N who="2" m="20521" /><F49/><W86/><G86/><T103/><D129/><U10/><E17/><AGARI ba="0,0" hai="16,17,19,92,96,100,101,102" m="20521,51687" machi="17" ten="30,3900,0" yaku="8,1,54,2" doraHai="57" who="2" fromWho="1" sc="263,0,258,-39,182,39,297,0" /><AGARI ba="0,0" hai="17,20,27,53,56,60,61,62" m="29737,49303" machi="17" ten="30,7700,0" yaku="8,1,52,3" doraHai="57" who="3" fromWho="1" sc="263,0,219,-77,221,0,297,77" owari="263,6.3,142,-35.8,221,-17.9,374,47.4" /></mjloggm>