<mjloggm ver="2.3"><GO type="225" lobby="0"/><UN n0="%E9%89%A2%E5%B7%BB%E3%82%AC%E3%83%96" n1="%E9%B3%B3%E6%9D%B1%E3%81%AE%E3%81%86%E3%81%95%E3%81%8E%E3%81%95%E3%82%93" n2="%E7%B4%94%E6%BD%94%E3%83%94%E3%83%A9%E3%83%8B%E3%82%A2" n3="%E3%81%B8%E3%82%80%E3%81%B8%E3%82%80%EF%BC%92%E5%8F%B7" dan="16,17,17,16" rate="2090.41,2254.57,2208.44,2113.10" sx="M,M,M,M"/><TAIKYOKU oya="0"/><INIT seed="0,0,0,5,1,92" ten="250,250,250,250" oya="0" hai0="16,95,128,71,118,82,36,67,21,56,130,83,32" hai1="80,132,33,61,9,116,11,109,93,62,7,74,18" hai2="34,73,45,10,133,88,72,35,134,38,43,14,127" hai3="49,59,54,107,135,31,121,2,53,50,94,1,52"/><T60/><D118/><U126/><E116/><V120/><F120/><W64/><G107/><T124/><D36/><U104/><E104/><V8/><F127/><W24/><G121/><T28/><D124/><U106/><E106/><V48/><F38/><W30/><G135/><N who="2" m="51721" /><F10/><W6/><G6/><T100/><D71/><U114/><E33/><N who="2" m="12299" /><F88/><W63/><G94/><T101/><D28/><N who="3" m="10793" /><G1/><T4/><D32/><U117/><E93/><V125/><F125/><W42/><G2/><T97/><D4/><AGARI ba="0,0" hai="4,8,14,43,45,48,72,73" m="12299,51721" machi="4" ten="30,1000,0" yaku="20,1" doraHai="92" who="2" fromWho="0" sc="250,-10,250,0,250,10,250,0" /><INIT seed="1,0,0,3,0,21" ten="240,250,260,250" oya="1" hai0="56,117,104,50,63,64,27,90,80,22,76,91,84" hai1="99,127,103,61,97,66,8,60,68,38,23,77,126" hai2="128,18,93,44,34,19,2,32,9,115,125,28,69" hai3="122,35,12,73,83,107,132,36,82,85,105,25,59"/><U17/><E38/><V74/><F69/><W54/><G122/><T26/><D117/><U75/><E61/><V5/><F74/><W30/><G132/><T116/><D116/><U94/><E8/><V111/><F93/><W109/><G109/><T62/><D104/><U53/><E53/><V41/><F111/><W11/><G36/><T39/><D39/><U24/><REACH who="1" step="1"/><E99/><REACH who="1" ten="240,240,260,250" step="2"/><V65/><F9/><W110/><G110/><T40/><D62/><U81/><AGARI ba="0,1" hai="17,23,24,60,66,68,75,77,81,94,97,103,126,127" machi="81" ten="30,12000,1" yaku="1,1,2,1,0,1,52,1,53,1" doraHai="21" doraHaiUra="14" who="1" fromWho="1" sc="240,-40,240,130,260,-40,250,-40" /><INIT seed="1,1,0,1,1,82" ten="200,370,220,210" oya="1" hai0="135,84,109,55,81,117,36,70,32,35,37,26,80" hai1="119,58,107,31,112,133,122,89,114,56,28,83,102" hai2="66,85,43,4,94,74,128,99,90,45,12,123,9" hai3="3,103,65,46,131,76,16,17,38,7,96,106,61"/><U44/><E119/><V41/><F123/><W51/><G38/><T113/><D117/><U108/><E122/><V110/><F74/><W5/><G131/><T127/><D113/><U121/><E121/><V1/><F128/><W19/><G76/><T64/><D109/><U71/><E71/><V27/><F110/><W42/><REACH who="3" step="1"/><G3/><REACH who="3" ten="200,370,220,200" step="2"/><T95/><D36/><U91/><E108/><V73/><F1/><W23/><G23/><T120/><D37/><U57/><E114/><V60/><F73/><W100/><G100/><T63/><D120/><U97/><E102/><V10/><F10/><W59/><AGARI ba="1,1" hai="5,7,16,17,19,42,46,51,59,61,65,96,103,106" machi="59" ten="30,7900,0" yaku="1,1,0,1,54,1,53,1" doraHai="82" doraHaiUra="39" who="3" fromWho="3" sc="200,-21,370,-40,220,-21,200,92" /><INIT seed="2,0,0,2,2,99" ten="179,330,199,292" oya="2" hai0="37,7,109,107,92,45,3,119,61,54,96,135,58" hai1="115,81,25,105,86,120,47,35,53,89,70,28,126" hai2="67,130,26,72,44,34,100,14,93,114,111,4,74" hai3="60,11,128,32,65,104,121,69,49,85,88,31,6"/><V80/><F114/><W51/><G121/><T0/><D109/><U40/><E115/><V55/><F111/><W116/><G116/><T97/><D135/><U15/><E105/><V87/><F130/><W38/><G38/><T33/><D33/><U50/><E70/><V66/><F72/><W78/><G104/><T57/><D119/><U43/><E120/><V124/><F124/><W24/><G78/><T41/><D7/><U133/><E133/><V18/><F74/><W5/><G128/><T27/><D27/><U112/><E112/><V9/><F34/><W95/><REACH who="3" step="1"/><G5/><REACH who="3" ten="179,330,199,282" step="2"/><T94/><D107/><U63/><E126/><V68/><F4/><W42/><G42/><T129/><D129/><U82/><E82/><V108/><F108/><W17/><G17/><T56/><D0/><AGARI ba="0,1" hai="0,6,11,24,31,32,49,51,60,65,69,85,88,95" machi="0" ten="30,3900,0" yaku="1,1,7,1,54,1,53,0" doraHai="99" doraHaiUra="16" who="3" fromWho="0" sc="179,-39,330,0,199,0,282,49" /><INIT seed="3,0,0,5,2,4" ten="140,330,199,331" oya="3" hai0="52,16,123,21,81,14,42,111,124,69,114,64,127" hai1="38,60,32,97,65,36,125,40,35,51,19,56,12" hai2="68,74,29,118,55,100,112,30,103,89,105,66,41" hai3="113,119,47,73,117,27,95,84,92,93,25,70,46"/><W15/><G73/><T10/><D123/><U87/><E125/><N who="0" m="48201" /><D42/><U126/><E126/><V131/><F41/><W115/><G70/><T109/><D64/><U45/><E87/><V6/><F6/><W11/><G84/><T33/><D33/><U135/><E135/><V98/><F66/><W23/><G117/><T94/><D69/><N who="1" m="42151" /><E97/><V13/><F118/><W67/><G67/><T57/><D94/><U91/><E91/><V121/><F89/><W79/><G79/><T71/><D71/><U75/><E75/><V5/><F74/><W85/><G85/><T129/><D129/><U3/><E3/><V8/><F131/><W0/><G0/><T37/><D37/><U17/><E38/><V80/><F121/><W28/><G119/><T130/><D130/><U44/><E44/><N who="3" m="16938" /><G115/><T122/><D122/><U77/><E77/><V107/><F112/><W106/><G106/><T34/><D34/><N who="1" m="12843" /><E12/><V72/><F68/><W128/><G113/><T61/><D81/><U101/><E101/><V49/><F100/><W9/><G128/><T2/><D114/><U54/><AGARI ba="0,0" hai="17,19,36,40,45,51,54,56" m="12843,42151" machi="54" ten="30,1100,0" yaku="24,1" doraHai="4" who="1" fromWho="1" sc="140,-3,330,11,199,-3,331,-5" owari="137,-36.3,341,44.1,196,-20.4,326,12.6" /></mjloggm>