<mjloggm ver="2.3"><GO type="225" lobby="0"/><UN n0="%E3%82%B2%E3%82%B9%E8%8C%82%E5%8B%9D" n1="%E3%82%BC%E3%83%AB%E3%83%80%E3%81%AE%E4%BC%9D%E8%AA%AC" n2="%6D%75%75%6D%75%72%61" n3="%63%68%78%62%64" dan="16,17,17,16" rate="2043.74,2223.12,2260.21,2150.94" sx="F,M,F,M"/><TAIKYOKU oya="0"/><INIT seed="0,0,0,2,2,26" ten="250,250,250,250" oya="0" hai0="16,102,92,57,95,32,106,45,116,87,49,48,86" hai1="69,125,0,66,42,110,46,61,76,31,10,101,130" hai2="97,77,115,38,131,1,93,27,80,118,29,2,88" hai3="73,119,120,37,55,3,74,35,30,108,63,122,52"/><T44/><D116/><U34/><E110/><V50/><F131/><W91/><G3/><T72/><D72/><U7/><E130/><V124/><F124/><W15/><G119/><T28/><D57/><U94/><E125/><V111/><F111/><W65/><G37/><T13/><D106/><U62/><E62/><V134/><F134/><W21/><G108/><T17/><D32/><U4/><E4/><V75/><F38/><W117/><G35/><T109/><D109/><U85/><E101/><V78/><F115/><W103/><G103/><T14/><D102/><U18/><E18/><V79/><F118/><W56/><G117/><T23/><D23/><U133/><E133/><V100/><F50/><W8/><G91/><T51/><D48/><U12/><E0/><V33/><REACH who="2" step="1"/><F75/><REACH who="2" ten="250,250,240,250" step="2"/><W58/><G73/><T84/><REACH who="0" step="1"/><D87/><AGARI ba="0,1" hai="1,2,27,29,33,77,78,79,80,87,88,93,97,100" machi="87" ten="40,8000,1" yaku="1,1,2,1,52,1,54,1,53,0" doraHai="26" doraHaiUra="128" who="2" fromWho="0" sc="250,-80,250,0,240,90,250,0" /><INIT seed="1,0,0,5,1,13" ten="170,250,330,250" oya="1" hai0="131,105,25,57,132,117,61,0,81,72,124,52,26" hai1="47,104,5,108,92,31,113,40,53,24,125,12,56" hai2="42,20,1,6,86,44,35,118,122,32,126,116,135" hai3="93,71,128,74,62,7,17,110,69,85,28,4,64"/><U45/><E104/><V106/><F122/><W133/><G74/><T94/><D117/><U114/><E125/><V21/><F126/><W130/><G110/><T18/><D124/><U15/><E108/><V99/><F135/><W115/><G115/><T82/><D105/><U63/><E47/><V109/><F109/><W90/><G133/><T59/><D132/><U103/><E113/><V68/><F68/><W111/><G111/><T29/><D0/><U119/><E119/><V73/><F73/><W112/><G112/><T54/><D131/><N who="3" m="50217" /><G28/><T89/><D72/><U91/><E103/><V88/><F116/><W127/><G127/><T77/><D29/><U134/><E5/><N who="3" m="2122" /><G71/><T16/><D77/><U33/><E134/><V84/><F118/><W123/><G123/><T38/><D38/><U95/><E95/><V55/><F32/><W98/><G98/><N who="0" m="57679" /><D82/><U129/><E114/><V67/><F35/><W96/><G96/><T50/><D81/><U70/><E70/><V2/><F106/><W37/><G37/><T121/><D121/><U97/><REACH who="1" step="1"/><E129/><REACH who="1" ten="170,240,330,250" step="2"/><V66/><F2/><W80/><G93/><T11/><D11/><U30/><E30/><V14/><F1/><W120/><G120/><T79/><D79/><U75/><E75/><V107/><F107/><W46/><G46/><T49/><D61/><U36/><AGARI ba="0,1" hai="12,15,24,31,33,36,40,45,53,56,63,91,92,97" machi="36" ten="20,7800,0" yaku="1,1,0,1,7,1,53,1" doraHai="13" doraHaiUra="58" who="1" fromWho="1" sc="170,-26,240,88,330,-26,250,-26" /><INIT seed="1,1,0,5,1,123" ten="144,328,304,224" oya="1" hai0="13,65,118,126,19,135,32,92,46,60,101,25,33" hai1="73,50,83,38,5,17,28,6,132,117,48,115,53" hai2="2,37,89,68,124,20,55,70,8,66,79,134,80" hai3="122,76,99,125,112,10,34,90,85,128,7,29,64"/><U16/><E115/><V12/><F134/><W94/><G122/><T96/><D135/><U54/><E132/><V43/><F124/><W26/><G112/><T116/><D126/><U75/><E83/><V4/><F89/><W121/><G121/><T93/><D46/><U41/><E41/><V77/><F77/><W111/><G111/><T51/><D51/><U84/><E84/><V15/><F55/><W59/><G125/><T44/><D44/><U98/><E28/><V21/><F43/><W113/><G113/><T61/><D92/><U82/><E82/><V133/><F37/><W57/><G128/><T39/><D39/><U47/><E38/><V87/><F133/><W42/><G42/><T129/><D129/><U103/><E47/><V81/><F81/><W104/><G64/><T88/><D101/><U67/><E67/><V36/><F36/><W91/><G76/><T114/><D114/><U72/><E72/><V27/><F21/><W18/><G18/><T23/><D60/><U100/><REACH who="1" step="1"/><E98/><REACH who="1" ten="144,318,304,224" step="2"/><V3/><F66/><W86/><G86/><T102/><D116/><AGARI ba="1,1" hai="5,6,16,17,48,50,53,54,73,75,100,103,116,117" machi="116" ten="25,12000,1" yaku="1,1,2,1,22,2,54,1,53,0" doraHai="123" doraHaiUra="131" who="1" fromWho="0" sc="144,-123,318,133,304,0,224,0" /><INIT seed="1,2,0,0,3,133" ten="21,451,304,224" oya="1" hai0="22,119,39,19,3,32,58,1,34,131,85,70,73" hai1="23,15,78,92,123,83,81,100,46,65,26,94,102" hai2="113,89,80,63,9,45,51,21,72,17,87,30,18" hai3="53,62,50,105,120,56,40,108,118,111,84,12,55"/><U27/><E123/><V52/><F113/><W49/><G105/><T68/><D119/><U112/><E112/><V47/><F72/><W110/><G84/><T124/><D58/><U99/><E65/><V86/><F63/><W37/><G12/><T128/><D85/><U4/><E46/><V98/><F98/><W129/><G118/><T77/><D22/><U2/><E2/><N who="0" m="521" /><D19/><U33/><E33/><N who="0" m="12905" /><D77/><U11/><E27/><V135/><F135/><W28/><G28/><T126/><D39/><U88/><E78/><V67/><F67/><W6/><G6/><T66/><D66/><U90/><E81/><V69/><F69/><N who="0" m="26730" /><D73/><U14/><E83/><V16/><F47/><N who="3" m="23951" /><G129/><AGARI ba="2,0" hai="124,126,128,129,131" m="26730,12905,521" machi="129" ten="40,12000,2" yaku="28,2,19,1,31,2,52,2" doraHai="133" who="0" fromWho="3" sc="21,126,451,0,304,0,224,-126" /><INIT seed="2,0,0,1,0,135" ten="147,451,304,98" oya="2" hai0="112,38,97,96,53,31,119,95,71,133,104,116,84" hai1="134,50,94,79,30,3,17,35,64,54,65,19,48" hai2="63,1,8,32,44,40,109,5,33,114,47,80,73" hai3="115,86,12,89,88,122,106,60,52,4,93,83,2"/><V43/><F114/><W25/><G122/><T28/><D112/><U77/><E3/><V56/><F109/><W16/><G115/><T75/><D71/><U87/><E35/><V26/><F26/><W99/><G106/><T15/><D38/><U121/><E30/><V111/><F111/><W9/><G2/><T123/><D75/><U103/><E134/><V69/><F47/><W107/><G107/><T118/><D123/><U74/><E74/><V126/><F126/><W113/><G113/><T85/><D133/><U76/><E121/><V42/><F44/><W62/><G62/><T21/><D53/><U105/><E105/><V120/><F69/><W39/><G39/><T68/><D68/><U24/><E50/><V59/><F120/><W90/><G25/><N who="0" m="16431" /><D15/><U11/><E11/><V57/><REACH who="2" step="1"/><F63/><REACH who="2" ten="147,451,294,98" step="2"/><W70/><G70/><T129/><D119/><U6/><E24/><V124/><F124/><W13/><G13/><T37/><D118/><U46/><E46/><V58/><N who="2" m="14336" /><DORA hai="81" /><V91/><F91/><N who="3" m="34827" /><G60/><T61/><D61/><U117/><E117/><V130/><F130/><W20/><G52/><T125/><D129/><U27/><E27/><V92/><F92/><W45/><G45/><T10/><D125/><U0/><E54/><V7/><F7/><W51/><G51/><T127/><D127/><U82/><E48/><V132/><F132/><W110/><G110/><T72/><D116/><U14/><E14/><V100/><F100/><N who="3" m="60527" /><G4/><T34/><D37/><U78/><E6/><V67/><F67/><N who="1" m="25673" /><E0/><V98/><F98/><AGARI ba="0,1" hai="17,19,76,77,78,79,82,87,94,98,103" m="25673" machi="98" ten="30,2000,0" yaku="8,1,52,1" doraHai="135,81" who="1" fromWho="2" sc="147,0,451,30,294,-20,98,0" /><INIT seed="3,0,0,4,3,8" ten="147,481,274,98" oya="3" hai0="90,86,1,65,64,133,57,34,67,22,134,73,77" hai1="126,18,66,122,111,117,125,25,51,45,72,23,38" hai2="120,106,96,97,82,87,48,33,61,79,80,60,44" hai3="95,43,102,99,70,36,83,40,56,62,21,28,127"/><W121/><G121/><T132/><D34/><U35/><E111/><V6/><F33/><W124/><G70/><T63/><D1/><U68/><E122/><V19/><F120/><W13/><G83/><N who="0" m="45487" /><D22/><U118/><E38/><V10/><F106/><W54/><G36/><T5/><D5/><U135/><E135/><V130/><F130/><W114/><G114/><T78/><D78/><U131/><E35/><V49/><F82/><AGARI ba="0,0" hai="57,63,64,65,67,82,86,90,132,133,134" m="45487" machi="82" ten="30,1000,0" yaku="20,1" doraHai="8" who="0" fromWho="2" sc="147,10,481,0,274,-10,98,0" owari="157,-24.3,481,58.1,264,6.4,98,-40.2" /></mjloggm>