<mjloggm ver="2.3"><GO type="225" lobby="0"/><UN n0="%E3%83%97%E3%83%AC%E3%83%B4%E3%82%A1%E3%83%86%E3%82%A3" n1="%E3%81%86%E3%81%A9%E3%82%93%E3%81%93" n2="%E7%AB%8B%E8%8A%B1%E9%9F%BF" n3="%48%61%61%61%6C%61%6E%64" dan="16,16,17,18" rate="2123.19,2185.81,2148.22,2234.16" sx="F,M,F,M"/><TAIKYOKU oya="0"/><INIT seed="0,0,0,3,5,43" ten="250,250,250,250" oya="0" hai0="34,60,22,4,85,63,57,82,55,49,88,129,106" hai1="74,101,118,83,78,115,81,33,39,95,122,28,97" hai2="36,13,119,1,53,105,117,66,93,90,64,40,27" hai3="80,132,133,75,69,96,38,89,32,26,104,102,29"/><T46/><D34/><U41/><E118/><N who="2" m="45067" /><F105/><W45/><G69/><T91/><D106/><U54/><E122/><V56/><F1/><W124/><G124/><T108/><D129/><U6/><E6/><V79/><F79/><N who="3" m="44159" /><G89/><T7/><D108/><U19/><E54/><V44/><F13/><W11/><G11/><T9/><D63/><U58/><E58/><V116/><N who="2" m="45075" /><V16/><DORA hai="18" /><F16/><W94/><G94/><T112/><D112/><U50/><E50/><N who="2" m="30775" /><F27/><W20/><G20/><T123/><D123/><U12/><E115/><V71/><F71/><W135/><G135/><T2/><D7/><U3/><E3/><V72/><F72/><W8/><G8/><T51/><D51/><U31/><E83/><V48/><F36/><W62/><G133/><T134/><D134/><U23/><REACH who="1" step="1"/><E33/><REACH who="1" ten="250,240,250,250" step="2"/><V5/><F5/><W70/><G132/><T120/><D120/><U25/><E25/><V121/><F121/><W37/><G37/><T15/><D2/><U125/><E125/><V111/><F111/><W77/><G38/><T99/><D4/><U30/><E30/><V59/><F59/><W87/><G29/><T52/><D57/><U100/><E100/><V68/><F68/><W126/><G126/><T86/><D60/><U98/><E98/><AGARI ba="0,1" hai="40,44,48,64,66,90,93,98" m="30775,45075" machi="98" ten="40,2600,0" yaku="12,1,52,1" doraHai="43,18" who="2" fromWho="1" sc="250,0,240,-26,250,36,250,0" /><INIT seed="1,0,0,4,3,86" ten="250,214,286,250" oya="1" hai0="49,127,25,93,115,135,35,16,50,99,45,85,75" hai1="40,104,31,39,38,88,13,20,73,37,47,6,71" hai2="131,9,126,70,130,53,54,24,117,27,82,97,84" hai3="52,90,15,125,108,74,132,12,92,121,102,89,110"/><U107/><E73/><V96/><F70/><W116/><G121/><T133/><D75/><U1/><E1/><V114/><F117/><W69/><G125/><T129/><D115/><U36/><E71/><V17/><F126/><W80/><G116/><T44/><D127/><U33/><E33/><V79/><F114/><W0/><G0/><T109/><D109/><N who="3" m="42089" /><G132/><N who="0" m="50763" /><D35/><U34/><E34/><V68/><F68/><W123/><G123/><T23/><D85/><U65/><E65/><V14/><F130/><W103/><G69/><T111/><D111/><U105/><E31/><V64/><F64/><W48/><G12/><T43/><D129/><U5/><E20/><V100/><F131/><W11/><G80/><T61/><D61/><U32/><E32/><V63/><F97/><N who="3" m="59687" /><G103/><T77/><D77/><U83/><REACH who="1" step="1"/><E13/><REACH who="1" ten="250,204,286,250" step="2"/><V78/><F14/><W66/><G74/><T3/><D3/><U62/><E62/><V28/><F63/><W51/><G66/><T10/><D10/><U134/><E134/><V122/><F9/><W42/><G15/><T112/><D112/><U81/><E81/><V30/><F82/><W19/><G11/><T106/><D23/><U58/><E58/><V21/><F21/><W29/><G29/><T124/><D124/><U56/><E56/><V91/><F30/><W8/><G8/><T67/><D67/><U7/><E7/><V26/><F28/><W60/><G60/><T46/><D25/><U55/><E55/><V113/><F27/><W4/><G52/><T41/><D16/><U94/><E94/><V18/><F26/><W95/><G19/><RYUUKYOKU ba="0,1" sc="250,-10,204,30,286,-10,250,-10" hai1="5,6,36,37,38,39,40,47,83,88,104,105,107" /><INIT seed="1,1,1,1,3,46" ten="240,234,276,240" oya="1" hai0="94,20,36,111,52,15,73,7,112,79,11,8,98" hai1="34,19,29,70,96,102,81,30,128,58,26,6,84" hai2="100,5,25,86,18,49,133,119,43,13,82,123,125" hai3="32,129,60,40,88,135,17,95,41,126,83,132,103"/><U3/><E70/><V4/><F119/><W72/><G126/><T47/><D112/><U27/><E128/><V77/><F123/><W0/><G129/><T56/><D111/><U57/><E19/><V92/><F125/><W45/><G0/><T42/><D20/><U22/><E6/><V21/><F133/><N who="3" m="51275" /><G32/><T50/><D11/><U93/><REACH who="1" step="1"/><E3/><REACH who="1" ten="240,224,276,240" step="2"/><V35/><F5/><W69/><G17/><T59/><D73/><U16/><E16/><V62/><F4/><W122/><G69/><T101/><REACH who="0" step="1"/><D79/><AGARI ba="1,2" hai="22,26,27,29,30,34,57,58,79,81,84,93,96,102" machi="79" ten="30,2900,0" yaku="1,1,7,1,53,0" doraHai="46" doraHaiUra="109" who="1" fromWho="0" sc="240,-32,224,52,276,0,240,0" /><INIT seed="1,2,0,3,1,82" ten="208,276,276,240" oya="1" hai0="19,3,103,27,0,5,117,73,83,93,102,133,131" hai1="124,37,98,96,132,87,92,13,23,21,2,108,109" hai2="50,88,72,8,65,127,77,94,9,12,118,1,46" hai3="106,100,34,76,107,47,10,51,78,11,58,84,49"/><U68/><E2/><V70/><F118/><W80/><G34/><T121/><D117/><U35/><E35/><V79/><F127/><W66/><G76/><T44/><D131/><U59/><E68/><V54/><F72/><W104/><G100/><T45/><D133/><U120/><E120/><V42/><F1/><W57/><G57/><T105/><D121/><U81/><E37/><V33/><F33/><W16/><G16/><T6/><D105/><U32/><E32/><V97/><F9/><W62/><REACH who="3" step="1"/><G51/><REACH who="3" ten="208,276,276,230" step="2"/><T90/><D19/><U67/><E59/><V119/><F119/><W26/><G26/><T18/><D18/><U39/><E23/><V20/><F20/><W28/><G28/><T99/><D27/><U63/><E21/><V134/><F134/><W135/><G135/><T125/><D125/><U7/><E132/><V15/><F70/><W38/><G38/><T123/><D123/><U64/><E39/><V4/><F65/><W85/><G85/><N who="0" m="50495" /><D73/><U128/><E67/><V122/><F122/><W48/><G48/><T43/><D103/><U30/><E64/><V130/><F130/><W91/><G91/><T89/><D102/><U14/><E30/><V22/><F22/><W40/><AGARI ba="2,1" hai="10,11,40,47,49,58,62,66,78,80,84,104,106,107" machi="40" ten="30,4000,0" yaku="1,1,0,1,52,1,53,0" doraHai="82" doraHaiUra="111" who="3" fromWho="3" sc="208,-12,276,-22,276,-12,230,56" /><INIT seed="2,0,0,2,4,27" ten="196,254,264,286" oya="2" hai0="68,26,40,5,132,25,41,71,50,1,48,3,36" hai1="89,81,72,129,106,57,73,127,24,15,23,10,124" hai2="125,102,8,120,39,60,116,103,91,56,16,104,123" hai3="42,92,133,14,6,37,80,99,77,53,105,29,88"/><V115/><F115/><W54/><G133/><T85/><D85/><N who="1" m="50351" /><E106/><V0/><F116/><W112/><G112/><T33/><D5/><N who="1" m="3535" /><E57/><V93/><F39/><W108/><G108/><T78/><D78/><U65/><E65/><V96/><F125/><N who="1" m="48201" /><E129/><V95/><F104/><W113/><G105/><T94/><D94/><U135/><E135/><V46/><F46/><W7/><G113/><T75/><D132/><U111/><E111/><V82/><F82/><W107/><G107/><T58/><D58/><U13/><E13/><N who="2" m="7207" /><F0/><W79/><G80/><T86/><D86/><U64/><E64/><N who="2" m="38919" /><F123/><W121/><G121/><T35/><REACH who="0" step="1"/><D36/><REACH who="0" ten="186,254,264,286" step="2"/><U122/><E122/><V97/><F120/><W117/><G37/><T4/><D4/><U101/><E101/><AGARI ba="0,1" hai="91,93,95,96,97,101,102,103" m="38919,7207" machi="101" ten="30,2900,0" yaku="8,1,54,1" doraHai="27" who="2" fromWho="1" sc="186,0,254,-29,264,39,286,0" /><INIT seed="2,1,0,0,0,103" ten="186,225,303,286" oya="2" hai0="74,39,5,134,49,78,131,25,79,96,133,95,41" hai1="64,1,65,12,18,44,75,19,11,120,57,56,46" hai2="93,104,67,20,54,102,33,99,100,30,114,84,22" hai3="32,118,17,127,90,47,14,24,27,29,6,26,59"/><V34/><F114/><W107/><G118/><T88/><D39/><U2/><E75/><V92/><F67/><W101/><G127/><T72/><D5/><U135/><E135/><N who="0" m="51721" /><D25/><U98/><E98/><V13/><F54/><W4/><G26/><T117/><D41/><U45/><E120/><V68/><F68/><W15/><G27/><T37/><D49/><U112/><E112/><V128/><F128/><W85/><G15/><T51/><D51/><U126/><E126/><V60/><F60/><W36/><G36/><T53/><D53/><U7/><E2/><V9/><F30/><W82/><G47/><T124/><D37/><U63/><E1/><V61/><F61/><AGARI ba="1,0" hai="7,11,12,18,19,44,45,46,56,57,61,63,64,65" machi="61" ten="40,2600,0" yaku="9,1,8,1" doraHai="103" who="1" fromWho="2" sc="186,0,225,29,303,-29,286,0" /><INIT seed="3,0,0,4,4,94" ten="186,254,274,286" oya="3" hai0="67,88,90,33,22,18,112,58,111,53,76,47,116" hai1="43,135,38,134,5,102,60,129,4,48,114,108,34" hai2="70,61,23,7,52,68,15,87,104,122,66,59,99" hai3="93,128,101,86,28,45,19,41,123,121,117,36,133"/><W42/><G117/><T82/><D116/><U97/><E114/><V24/><F122/><W124/><G124/><T10/><D112/><U21/><E34/><V8/><F87/><W25/><G128/><T71/><D33/><U77/><E129/><V32/><F32/><W118/><G118/><T73/><D111/><U54/><E108/><V85/><F85/><W109/><G109/><T0/><D47/><N who="1" m="24055" /><E60/><V126/><F126/><W110/><G110/><T2/><D67/><U6/><E21/><V51/><F99/><W64/><G41/><T79/><D71/><U91/><E91/><V40/><F104/><W30/><G64/><T96/><D76/><U49/><E77/><V57/><REACH who="2" step="1"/><F40/><REACH who="2" ten="186,254,264,286" step="2"/><W31/><G86/><T56/><D56/><U92/><E54/><V120/><F120/><W132/><G123/><T105/><D105/><U26/><E26/><V14/><F14/><W78/><G121/><T74/><D74/><U3/><E3/><V89/><F89/><W55/><G78/><T127/><D127/><U130/><E130/><V1/><F1/><W81/><G55/><T11/><D0/><U12/><E12/><V29/><AGARI ba="0,1" hai="7,8,15,23,24,29,51,52,57,59,61,66,68,70" machi="29" ten="20,5200,0" yaku="1,1,0,1,7,1,54,1,53,0" doraHai="94" doraHaiUra="103" who="2" fromWho="2" sc="186,-13,254,-13,264,62,286,-26" owari="173,-32.7,241,-15.9,326,42.6,260,6.0" /></mjloggm>