<mjloggm ver="2.3"><GO type="225" lobby="0"/><UN n0="%E3%81%BE%E3%81%A8%E3%81%9F" n1="%E3%81%99%E3%81%84%E3%81%BE%E3%81%9B%E3%83%BC%E3%82%93" n2="%E6%B8%A9%E2%98%85%E6%83%85%E2%98%85%E6%8E%AA%E2%98%85%E7%BD%AE" n3="%4C%4F%4C%49%54%41" dan="16,18,17,16" rate="2154.56,2214.93,2148.36,2180.58" sx="M,M,M,F"/><TAIKYOKU oya="0"/><INIT seed="0,0,0,0,3,33" ten="250,250,250,250" oya="0" hai0="4,15,85,104,64,56,135,24,79,126,93,92,50" hai1="105,132,20,112,49,23,120,125,28,62,103,130,106" hai2="84,86,31,58,41,60,81,59,74,72,89,73,119" hai3="66,21,94,51,99,77,101,69,19,32,117,35,111"/><T91/><D104/><U122/><E125/><V78/><F119/><W11/><G117/><T134/><D126/><U88/><E130/><V102/><F102/><W65/><G111/><T40/><D79/><U107/><E103/><V83/><F41/><W96/><G77/><T128/><D128/><U54/><E132/><V36/><F36/><W43/><G69/><T3/><D15/><U1/><E1/><V76/><F31/><W116/><G32/><T61/><D24/><U82/><E62/><V55/><REACH who="2" step="1"/><F58/><REACH who="2" ten="250,250,240,250" step="2"/><W114/><G43/><T45/><REACH who="0" step="1"/><D92/><AGARI ba="0,1" hai="55,59,60,72,73,74,76,78,81,83,84,86,89,92" machi="92" ten="30,3900,0" yaku="1,1,2,1,7,1,53,0" doraHai="33" doraHaiUra="68" who="2" fromWho="0" sc="250,-39,250,0,240,49,250,0" /><INIT seed="1,0,0,5,4,112" ten="211,250,289,250" oya="1" hai0="7,15,85,129,35,46,122,92,96,130,16,104,114" hai1="90,8,76,14,134,68,133,97,51,34,54,115,21" hai2="132,62,37,107,36,120,94,98,32,75,87,108,82" hai3="127,73,33,106,9,28,74,77,124,67,88,71,11"/><U41/><E34/><V24/><F120/><W63/><G106/><T52/><D114/><U42/><E115/><V70/><F132/><N who="1" m="50793" /><E68/><V22/><F75/><N who="3" m="28683" /><G77/><T19/><D35/><U30/><E76/><V116/><F32/><W117/><G117/><T55/><D104/><U128/><E128/><N who="0" m="49257" /><D85/><U109/><E109/><V1/><F116/><W113/><G113/><T5/><D122/><U60/><E60/><V102/><F107/><W66/><G66/><T43/><D7/><N who="1" m="3359" /><E97/><V25/><F108/><W111/><G111/><T18/><D5/><U27/><E90/><V48/><F62/><W20/><G33/><T121/><D15/><U86/><E86/><V65/><F87/><W72/><G88/><N who="0" m="55303" /><D121/><U57/><AGARI ba="0,0" hai="21,27,30,41,42,51,54,57" m="3359,50793" machi="57" ten="30,1500,0" yaku="20,1" doraHai="112" who="1" fromWho="1" sc="211,-5,250,15,289,-5,250,-5" /><INIT seed="1,1,0,3,3,37" ten="206,265,284,245" oya="1" hai0="74,124,118,72,71,114,16,66,58,45,10,69,36" hai1="70,105,28,135,100,84,3,19,110,44,26,24,103" hai2="12,2,79,43,21,102,9,35,123,104,11,53,111" hai3="15,51,17,41,89,54,14,80,50,31,131,55,134"/><U122/><E122/><V95/><F123/><W97/><G131/><T132/><D74/><U42/><E70/><V60/><F35/><W23/><G134/><T65/><D72/><U125/><E3/><V92/><F104/><W99/><G31/><T34/><D34/><U67/><E67/><V30/><F111/><W29/><G29/><T90/><D132/><U87/><E135/><V1/><F79/><W33/><G33/><T13/><D114/><U119/><E119/><V75/><F75/><W88/><G80/><T52/><D118/><U7/><E7/><V108/><F108/><W57/><G41/><T93/><D69/><U63/><E63/><V85/><F43/><W115/><G115/><T0/><D124/><U18/><E125/><V32/><F32/><W121/><G121/><T49/><D0/><U120/><E120/><V6/><F11/><W126/><G126/><T59/><D71/><U77/><E28/><V4/><F4/><W25/><G25/><N who="1" m="9834" /><E105/><V64/><F64/><N who="0" m="24682" /><D36/><U46/><E77/><V107/><F2/><W81/><G81/><T61/><D61/><U127/><E127/><V5/><F1/><W94/><G94/><N who="2" m="35881" /><F107/><W86/><G86/><AGARI ba="1,0" hai="10,13,16,45,49,52,58,59,86,90,93" m="24682" machi="86" ten="30,3900,0" yaku="8,1,54,2" doraHai="37" who="0" fromWho="3" sc="206,42,265,0,284,0,245,-42" /><INIT seed="2,0,0,4,4,115" ten="248,265,284,203" oya="2" hai0="3,94,103,45,106,7,104,102,63,8,72,127,35" hai1="23,29,130,124,6,49,32,109,44,47,68,14,53" hai2="131,15,125,9,10,0,129,88,59,86,27,114,55" hai3="75,77,48,2,46,43,69,100,80,73,42,16,112"/><V95/><F114/><W25/><G112/><T64/><D72/><U39/><E109/><V62/><F125/><W120/><G120/><T85/><D127/><U21/><E124/><V34/><F0/><W99/><G2/><T92/><D35/><U17/><E68/><V19/><REACH who="2" step="1"/><F10/><REACH who="2" ten="248,265,274,203" step="2"/><W1/><G1/><T71/><D8/><U82/><E130/><V83/><F83/><W133/><G133/><T97/><D3/><U24/><E82/><V74/><F74/><W93/><G73/><T4/><D104/><U117/><E117/><V78/><F78/><W108/><G108/><T87/><D106/><U90/><E32/><V26/><F26/><W81/><G80/><T121/><D121/><U135/><E135/><V107/><F107/><W126/><G126/><T98/><D45/><U50/><E47/><V51/><F51/><W38/><G38/><T5/><AGARI ba="0,1" hai="4,5,7,63,64,71,85,87,92,94,97,98,102,103" machi="5" ten="30,2000,0" yaku="0,1,9,1" doraHai="115" who="0" fromWho="0" sc="248,30,265,-5,274,-10,203,-5" /><INIT seed="3,0,0,4,5,62" ten="278,260,264,198" oya="3" hai0="13,107,54,29,79,32,0,25,95,24,99,114,104" hai1="133,63,9,76,130,51,108,71,78,44,36,8,109" hai2="77,33,1,47,103,39,94,101,49,126,6,72,55" hai3="61,14,110,115,42,123,81,19,73,7,112,125,121"/><W53/><G42/><T113/><D0/><U10/><E36/><V105/><F126/><W22/><G125/><T26/><D79/><U60/><E133/><V90/><F33/><W129/><G129/><T41/><D41/><U38/><E38/><V82/><F105/><N who="0" m="40522" /><D54/><U56/><E71/><V120/><F120/><W83/><G110/><N who="1" m="42602" /><E130/><V46/><F46/><W93/><G7/><T97/><D13/><U59/><E63/><V43/><F49/><W34/><G34/><T116/><D116/><U122/><E122/><V5/><F55/><W45/><G121/><T28/><D95/><U117/><E117/><V132/><F132/><W40/><G123/><T119/><D119/><U52/><E59/><V66/><F66/><AGARI ba="0,0" hai="8,9,10,44,51,52,56,60,66,76,78" m="42602" machi="66" ten="30,3900,0" yaku="14,1,52,1,54,1" doraHai="62" who="1" fromWho="2" sc="278,0,260,39,264,-39,198,0" /><INIT seed="4,0,0,2,5,109" ten="278,299,225,198" oya="0" hai0="114,111,121,117,3,32,11,2,66,35,67,41,68" hai1="106,1,42,19,104,92,27,57,103,49,65,128,7" hai2="14,26,77,21,51,116,30,118,91,60,10,6,113" hai3="127,76,47,134,50,75,95,25,64,48,72,125,31"/><T84/><D117/><N who="2" m="45162" /><F77/><W96/><G64/><T5/><D121/><U37/><E37/><V22/><F60/><W124/><G134/><T94/><D111/><U98/><E65/><V82/><F51/><W110/><G110/><T133/><D133/><U46/><E57/><V17/><F82/><W40/><G50/><T100/><D2/><U53/><E53/><V61/><F91/><W105/><G105/><T24/><D67/><U23/><E128/><V69/><F61/><W130/><G76/><T20/><D41/><U38/><E38/><V34/><F69/><W18/><G18/><T132/><D132/><U88/><E103/><V107/><F107/><W120/><G120/><T108/><D108/><U93/><E93/><V99/><F99/><W87/><G87/><T44/><D44/><U102/><E102/><V43/><F43/><W62/><G62/><N who="0" m="40023" /><D84/><U12/><E1/><N who="2" m="335" /><F113/><W81/><G81/><T28/><D100/><U63/><E63/><V59/><F59/><W129/><G130/><T86/><D114/><U89/><E89/><V56/><F56/><W58/><G58/><T29/><D94/><U33/><E106/><V9/><AGARI ba="0,0" hai="9,14,17,21,22,26,30,34" m="335,45162" machi="9" ten="30,4000,0" yaku="12,1,34,2" doraHai="109" who="2" fromWho="2" sc="278,-20,299,-10,225,40,198,-10" /><INIT seed="5,0,0,0,1,117" ten="258,289,265,188" oya="1" hai0="47,116,18,29,37,121,110,44,13,123,93,62,32" hai1="99,40,100,129,49,124,75,57,20,6,43,102,3" hai2="7,16,39,27,17,52,95,80,33,58,60,125,48" hai3="38,8,81,34,59,85,134,11,74,64,86,103,79"/><U46/><E75/><V14/><F39/><W51/><G38/><T12/><D116/><U2/><E102/><V21/><F125/><W66/><G34/><T91/><D110/><U98/><E99/><V128/><F128/><W71/><G71/><T24/><D62/><U114/><E114/><V126/><F126/><W4/><G134/><T135/><D135/><U131/><E124/><V42/><F33/><W54/><G103/><T127/><D127/><U122/><E122/><N who="0" m="46601" /><D37/><U9/><E20/><V83/><F7/><W107/><G107/><T72/><D72/><U104/><E57/><V73/><F95/><W67/><REACH who="3" step="1"/><G11/><REACH who="3" ten="258,289,265,178" step="2"/><N who="0" m="6431" /><D13/><AGARI ba="0,1" hai="4,8,13,51,54,59,64,66,67,74,79,81,85,86" machi="13" ten="40,1300,0" yaku="1,1,53,0" doraHai="117" doraHaiUra="97" who="3" fromWho="0" sc="258,-13,289,0,265,0,178,23" /><INIT seed="6,0,0,2,1,105" ten="245,289,265,201" oya="2" hai0="115,24,113,111,76,56,16,131,132,87,123,126,8" hai1="79,21,69,4,26,96,35,13,133,104,129,50,102" hai2="120,61,23,53,1,62,90,20,95,27,101,108,64" hai3="54,17,6,103,11,91,52,125,18,38,124,39,40"/><V51/><F120/><W135/><G103/><T74/><D123/><U25/><E69/><V60/><F1/><W83/><G135/><T15/><D111/><U122/><E133/><V92/><F108/><W9/><G91/><T32/><D132/><U63/><E63/><V68/><F101/><W78/><G17/><T5/><D126/><N who="3" m="48745" /><G18/><T3/><D131/><U49/><E129/><V127/><F127/><W94/><G94/><T93/><D56/><U114/><E102/><V128/><F128/><W22/><G22/><N who="0" m="11551" /><D93/><U84/><E21/><V44/><F95/><W7/><G11/><T80/><D87/><U117/><E84/><V30/><REACH who="2" step="1"/><F23/><REACH who="2" ten="245,289,255,201" step="2"/><W72/><G6/><T88/><D32/><U31/><E35/><V110/><F110/><W46/><G38/><T106/><D106/><U45/><E122/><V112/><F112/><W42/><G40/><T97/><D115/><U59/><E114/><V75/><F75/><W116/><G116/><T48/><D74/><U65/><E117/><V29/><F29/><W10/><G10/><T71/><D8/><U70/><E31/><V89/><F89/><W107/><G107/><T134/><D88/><U119/><E119/><V43/><F43/><W12/><AGARI ba="0,1" hai="7,9,12,39,42,46,52,54,72,78,83" m="48745" machi="12" ten="30,4000,0" yaku="18,1,52,1,54,1" doraHai="105" who="3" fromWho="3" sc="245,-10,289,-10,255,-20,201,50" /><INIT seed="7,0,0,2,3,31" ten="235,279,235,251" oya="3" hai0="39,68,127,14,20,98,125,48,65,118,133,22,109" hai1="115,19,91,104,40,96,106,55,36,56,52,110,100" hai2="123,35,117,38,103,18,95,49,24,47,46,33,88" hai3="93,26,59,102,114,4,42,71,13,74,63,7,43"/><W73/><G71/><T32/><D118/><U75/><E110/><V101/><F117/><W69/><G69/><T90/><D39/><U108/><E108/><V105/><F105/><W119/><G119/><T76/><D76/><U78/><E106/><V111/><F111/><W9/><G4/><T67/><D109/><U72/><E115/><V66/><F38/><W135/><G135/><T57/><D32/><N who="2" m="12362" /><F66/><N who="0" m="25098" /><D68/><U28/><E78/><V128/><F18/><W86/><G26/><T130/><D14/><U121/><E36/><V107/><F24/><W120/><G114/><T21/><D133/><U116/><E19/><V17/><F17/><W54/><G74/><T41/><D98/><U30/><E96/><V99/><F107/><W23/><G73/><T80/><D57/><U83/><E56/><V132/><F132/><W5/><G5/><T58/><D58/><U51/><E75/><V70/><F70/><W37/><G37/><T10/><D10/><U84/><E72/><V122/><F128/><W89/><G102/><N who="2" m="38921" /><F49/><W53/><G53/><T87/><D130/><U2/><E116/><V77/><F77/><W50/><G50/><T131/><D131/><U82/><E51/><V112/><F112/><W97/><G97/><T1/><D1/><U3/><E3/><V61/><F61/><W44/><G23/><T16/><D16/><U11/><E104/><V60/><F60/><W134/><G134/><T113/><D113/><U129/><E129/><V64/><F64/><N who="3" m="39039" /><G120/><AGARI ba="0,0" hai="46,47,88,95,99,120,122,123" m="38921,12362" machi="120" ten="30,8000,1" yaku="13,1,52,3,54,1" doraHai="31" who="2" fromWho="3" sc="235,0,279,0,235,80,251,-80" owari="235,-16.5,279,7.9,315,41.5,171,-32.9" /></mjloggm>