<mjloggm ver="2.3"><GO type="225" lobby="0"/><UN n0="%E3%81%BF%E3%81%BF%E3%81%9A" n1="%6D%75%75%6D%75%72%61" n2="%E5%84%AA%40%41%42%43" n3="%E3%82%A2%E3%82%A4%E3%82%B9%E3%83%86%E3%82%A3%E3%83%BC%E3%81%82%E3%81%B9" dan="16,16,17,16" rate="2148.94,2118.81,2186.76,2096.39" sx="M,F,M,M"/><TAIKYOKU oya="0"/><INIT seed="0,0,0,2,5,96" ten="250,250,250,250" oya="0" hai0="92,88,123,128,91,12,74,122,64,28,35,121,2" hai1="109,13,38,42,60,52,86,120,63,5,51,49,39" hai2="111,133,22,125,87,6,118,126,18,72,48,57,37" hai3="80,19,134,130,81,21,50,61,85,107,27,69,40"/><T32/><D2/><U105/><E120/><V24/><F72/><W101/><G134/><T54/><D128/><U36/><E105/><V11/><F37/><N who="1" m="14441" /><E13/><N who="2" m="5367" /><F87/><W124/><G130/><T0/><D0/><U62/><E86/><V76/><F76/><W135/><G135/><T41/><D74/><U4/><E4/><V31/><F48/><N who="1" m="18505" /><E5/><V47/><F57/><W8/><G124/><N who="2" m="47721" /><F47/><W10/><G69/><T44/><D44/><N who="1" m="23647" /><E109/><V77/><F77/><W108/><G108/><T56/><D122/><U90/><E90/><V82/><F82/><W73/><G81/><T45/><D91/><U131/><E131/><V14/><F133/><W9/><G85/><T127/><D88/><U30/><E30/><V43/><F43/><W25/><G40/><T53/><D28/><U95/><E95/><V106/><F106/><W114/><G107/><T29/><D92/><U84/><E84/><V66/><F66/><W20/><G80/><T33/><D29/><U119/><E119/><V46/><F46/><W3/><G73/><T117/><D127/><U17/><E17/><V116/><F111/><W78/><G19/><T94/><D94/><U71/><E71/><V23/><AGARI ba="0,0" hai="14,18,22,23,24,31,116,118" m="47721,5367" machi="23" ten="30,4000,0" yaku="18,1,34,2" doraHai="96" who="2" fromWho="2" sc="250,-20,250,-10,250,40,250,-10" /><INIT seed="1,0,0,1,4,59" ten="230,240,290,240" oya="1" hai0="34,73,111,132,124,33,91,8,75,87,118,71,114" hai1="4,121,26,80,14,125,41,61,49,11,85,19,51" hai2="131,18,134,102,43,112,2,64,128,54,78,100,24" hai3="95,42,56,52,50,97,123,101,45,22,81,89,40"/><U122/><E125/><V116/><F116/><W84/><G123/><T76/><D114/><U105/><E105/><V108/><F2/><W47/><G47/><T77/><D118/><U10/><E61/><V37/><F108/><W12/><G45/><T29/><D71/><U7/><E41/><V32/><F134/><W127/><G127/><T0/><D124/><U115/><E115/><V53/><F78/><W104/><G104/><T126/><D126/><U39/><E39/><V93/><F43/><W107/><REACH who="3" step="1"/><G81/><REACH who="3" ten="230,240,290,230" step="2"/><T74/><D132/><U23/><E121/><V99/><F112/><W30/><G30/><T13/><D29/><U55/><E122/><V44/><F44/><W88/><G88/><T62/><D111/><U66/><E66/><V15/><F102/><W69/><G69/><T60/><D76/><U94/><E55/><V109/><F64/><W133/><G133/><T135/><D77/><U38/><E94/><V96/><F100/><W83/><G83/><T28/><D135/><U110/><E38/><V119/><F93/><W92/><G92/><T48/><D28/><U3/><E110/><V9/><F37/><W98/><G98/><N who="2" m="37417" /><F119/><W1/><G1/><T58/><D0/><U16/><E19/><AGARI ba="0,1" hai="12,19,22,40,42,50,52,56,84,89,95,97,101,107" machi="19" ten="40,8000,1" yaku="1,1,25,2,54,1,53,0" doraHai="59" doraHaiUra="113" who="3" fromWho="1" sc="230,0,240,-80,290,0,230,90" /><INIT seed="2,0,0,4,4,89" ten="230,160,290,320" oya="2" hai0="57,108,2,59,85,21,132,117,33,31,46,66,79" hai1="26,41,126,133,115,82,76,131,118,116,112,65,130" hai2="15,113,12,74,94,34,91,122,111,100,35,49,71" hai3="69,63,99,24,9,124,87,6,114,55,45,3,7"/><V0/><F71/><W78/><G124/><T50/><D2/><U56/><E41/><V121/><F74/><W128/><G128/><N who="1" m="49194" /><E26/><V10/><F100/><W43/><G7/><T101/><D33/><N who="2" m="12298" /><F94/><W80/><G114/><N who="1" m="43562" /><E56/><V19/><F91/><W16/><G99/><T39/><D108/><U68/><E65/><V38/><F49/><W90/><G24/><T60/><D132/><U61/><E61/><V98/><F98/><W48/><G16/><T86/><D39/><U64/><E64/><V58/><F58/><W93/><G69/><T125/><D125/><U5/><E5/><N who="2" m="1319" /><F38/><W72/><REACH who="3" step="1"/><G63/><REACH who="3" ten="230,160,290,310" step="2"/><T70/><D60/><U92/><E68/><V129/><F113/><W88/><G88/><T40/><D70/><U102/><E126/><V104/><F129/><W47/><G47/><T32/><D66/><U67/><E133/><V96/><F96/><W83/><G83/><T22/><D46/><U134/><E134/><V54/><F19/><W127/><G127/><T135/><D135/><U62/><E62/><V84/><F12/><W73/><G73/><T75/><D57/><U53/><E67/><V37/><F15/><W81/><G81/><T77/><D59/><U103/><E53/><AGARI ba="0,1" hai="3,6,9,43,45,48,53,55,72,78,80,87,90,93" machi="53" ten="40,2600,0" yaku="1,1,52,1,53,0" doraHai="89" doraHaiUra="52" who="3" fromWho="1" sc="230,0,160,-26,290,0,310,36" /><INIT seed="3,0,0,1,3,89" ten="230,134,290,346" oya="3" hai0="114,3,97,122,115,79,15,96,44,80,127,72,130" hai1="20,42,123,69,108,46,129,14,131,53,63,124,91" hai2="67,2,112,28,120,99,8,68,84,90,88,95,133" hai3="73,107,49,78,86,132,40,116,102,48,17,125,35"/><W32/><G116/><T26/><D3/><U18/><E123/><V62/><F112/><W19/><G73/><T37/><D122/><U43/><E108/><V0/><F120/><W23/><G19/><T64/><D64/><U41/><E124/><V55/><F133/><W119/><G119/><T110/><D110/><U106/><E106/><V27/><F55/><W109/><G102/><T121/><D121/><U93/><E69/><V56/><F8/><W16/><G107/><T38/><D127/><U134/><E134/><V100/><F68/><W24/><G125/><T105/><D130/><U82/><E82/><V117/><F90/><W12/><G132/><T54/><D15/><U34/><E34/><V135/><F117/><W29/><G35/><T126/><D126/><U33/><E33/><V22/><F135/><W83/><G40/><T59/><D26/><U87/><REACH who="1" step="1"/><E63/><REACH who="1" ten="230,124,290,346" step="2"/><V60/><F62/><W10/><G109/><T9/><D105/><AGARI ba="0,1" hai="0,2,22,27,28,56,60,67,84,88,95,99,100,105" machi="105" ten="30,3900,0" yaku="7,1,52,1,54,1" doraHai="89" who="2" fromWho="0" sc="230,-39,124,0,290,49,346,0" owari="191,-20.9,124,-37.6,339,13.9,346,44.6" /></mjloggm>