<mjloggm ver="2.3"><GO type="225" lobby="0"/><UN n0="%E5%AE%AE%E4%BF%9D%E9%B6%8F%E8%82%89" n1="%E9%80%9F%E6%B0%B4%E5%87%9B%E9%A6%99" n2="%E3%81%99%E3%81%84%E3%81%BE%E3%81%9B%E3%83%BC%E3%82%93" n3="%54%4F%52" dan="16,17,16,17" rate="2128.57,2167.39,2119.15,2258.15" sx="M,F,M,M"/><TAIKYOKU oya="0"/><INIT seed="0,0,0,4,0,65" ten="250,250,250,250" oya="0" hai0="112,10,101,85,27,93,80,111,31,19,104,58,130" hai1="105,128,126,3,20,62,5,122,44,121,11,129,47" hai2="8,38,123,12,106,132,48,57,81,43,17,118,103" hai3="61,2,16,46,7,113,133,77,35,4,84,40,23"/><T36/><D112/><U22/><E105/><V37/><F123/><N who="1" m="47113" /><E62/><V125/><F132/><W67/><G113/><T68/><D130/><N who="1" m="50283" /><E47/><V59/><F125/><W26/><G133/><T108/><D36/><U29/><E44/><V54/><F118/><W100/><G100/><T49/><D104/><U14/><E126/><V39/><F43/><W116/><G116/><T102/><D68/><U124/><E124/><V60/><F81/><W1/><G35/><T9/><D49/><U53/><E53/><V64/><F106/><W97/><G97/><T83/><D58/><U107/><E107/><V110/><REACH who="2" step="1"/><F103/><REACH who="2" ten="250,250,240,250" step="2"/><W135/><G135/><T33/><D83/><U66/><E66/><V120/><F120/><W24/><G67/><T89/><D101/><U21/><E29/><V51/><F51/><W98/><G40/><T30/><D30/><U42/><E42/><V74/><F74/><W82/><G82/><T79/><D102/><U96/><E96/><V87/><F87/><W32/><G84/><T69/><D80/><U25/><E25/><V71/><F71/><W131/><G98/><T50/><D69/><U99/><E99/><V88/><F88/><W95/><G26/><N who="0" m="18679" /><D50/><U134/><E134/><V75/><F75/><W94/><G131/><T72/><D72/><U0/><AGARI ba="0,1" hai="0,3,5,11,14,20,21,22" m="50283,47113" machi="0" ten="40,5200,0" yaku="19,1,34,2" doraHai="65" who="1" fromWho="1" sc="250,-26,250,62,240,-13,250,-13" /><INIT seed="1,0,0,5,3,33" ten="224,312,227,237" oya="1" hai0="22,87,132,101,53,81,39,66,2,35,47,133,77" hai1="92,38,130,105,125,69,1,120,27,82,123,75,21" hai2="72,0,6,129,122,11,99,98,119,61,37,3,70" hai3="131,107,95,50,54,44,20,79,104,83,94,36,41"/><U12/><E105/><V4/><F119/><W124/><G124/><T49/><D35/><U112/><E38/><V24/><F122/><W30/><G131/><T90/><D101/><U62/><E69/><V110/><F129/><W48/><G104/><T29/><D39/><U28/><E130/><V56/><F70/><W88/><G107/><T128/><D128/><U59/><E112/><V118/><F118/><W9/><G9/><T116/><D66/><U97/><E125/><V31/><F72/><W103/><G103/><T73/><D2/><U126/><E126/><V8/><F37/><W10/><G10/><T89/><D116/><U117/><E117/><V40/><F40/><W71/><G71/><T51/><D51/><U109/><E109/><V14/><F14/><W17/><G30/><T76/><D76/><U111/><E1/><V55/><F110/><W25/><G36/><T57/><D47/><U16/><E111/><V60/><F61/><W23/><G23/><AGARI ba="0,0" hai="0,3,4,6,8,11,23,24,31,55,56,60,98,99" machi="23" ten="30,7700,0" yaku="7,1,9,1,52,2" doraHai="33" who="2" fromWho="3" sc="224,0,312,0,227,77,237,-77" /><INIT seed="2,0,0,4,1,78" ten="224,312,304,160" oya="2" hai0="11,86,18,63,20,109,28,118,123,26,6,64,133" hai1="127,125,5,3,67,80,88,39,130,68,114,83,25" hai2="54,93,22,100,36,121,132,111,9,17,44,0,62" hai3="101,14,95,135,51,42,33,117,99,112,45,53,85"/><V107/><F121/><W27/><G117/><T49/><D123/><U41/><E39/><V8/><F107/><W128/><G128/><T115/><D115/><U73/><E41/><V37/><F132/><W59/><G135/><T65/><D133/><U116/><E116/><V97/><F111/><W48/><G112/><T84/><D109/><U94/><E73/><V46/><F0/><W52/><G14/><T66/><D63/><N who="1" m="40063" /><E114/><V40/><F37/><W7/><G7/><T69/><D69/><U24/><E5/><V79/><F79/><W92/><G33/><T77/><D28/><U134/><E3/><V76/><F76/><W90/><G27/><T58/><D77/><U108/><E108/><V16/><F17/><W31/><G31/><T105/><D105/><U32/><E134/><V131/><F131/><W81/><REACH who="3" step="1"/><G42/><REACH who="3" ten="224,312,304,150" step="2"/><T10/><D118/><U124/><E130/><V122/><F122/><W15/><G15/><N who="0" m="5591" /><D11/><U61/><E24/><V21/><F8/><W104/><AGARI ba="0,1" hai="45,48,51,52,53,59,81,85,90,92,95,99,101,104" machi="104" ten="20,8000,1" yaku="1,1,0,1,7,1,52,1,54,1,53,0" doraHai="78" doraHaiUra="12" who="3" fromWho="3" sc="224,-20,312,-20,304,-40,150,90" /><INIT seed="3,0,0,0,0,20" ten="204,292,264,240" oya="3" hai0="123,101,41,12,53,91,10,79,95,81,47,100,120" hai1="88,55,103,112,4,33,19,16,86,90,72,109,50" hai2="104,2,76,131,5,85,1,93,7,71,35,21,106" hai3="130,66,99,15,102,105,8,24,87,14,78,62,98"/><W58/><G130/><T11/><D53/><U37/><E72/><V42/><F35/><W125/><G125/><T17/><D10/><U69/><E69/><V83/><F71/><W75/><G75/><T65/><D65/><U108/><E33/><V94/><F131/><W110/><G110/><N who="1" m="42602" /><E37/><V113/><F113/><W27/><G98/><T135/><D135/><U59/><E112/><V56/><F106/><W92/><G15/><T114/><D114/><U111/><E111/><V57/><F104/><W89/><REACH who="3" step="1"/><G78/><REACH who="3" ten="204,292,264,230" step="2"/><T77/><D77/><U29/><E103/><V96/><F76/><W132/><G132/><T49/><D123/><U67/><E90/><V133/><F133/><W40/><G40/><T63/><D120/><U23/><E88/><V46/><F42/><W60/><G60/><T0/><D63/><N who="1" m="38399" /><E86/><V45/><F85/><W22/><G22/><T3/><D3/><U51/><E23/><V32/><F21/><W128/><G128/><T118/><D0/><U9/><E9/><V26/><F32/><W68/><G68/><T74/><D118/><U54/><E4/><AGARI ba="0,1" hai="4,8,14,24,27,58,62,66,87,89,92,99,102,105" machi="4" ten="30,11600,0" yaku="1,1,7,1,52,2,53,0" doraHai="20" doraHaiUra="107" who="3" fromWho="1" sc="204,0,292,-116,264,0,230,126" owari="204,-19.6,176,-32.4,264,6.4,356,45.6" /></mjloggm>