<mjloggm ver="2.3"><GO type="225" lobby="0"/><UN n0="%E3%81%95%E3%81%8D%E3%81%9F%E3%81%BE%E6%9E%97%E6%AA%8E" n1="%E9%B3%B3%E6%9D%B1%E3%81%AE%E3%81%86%E3%81%95%E3%81%8E%E3%81%95%E3%82%93" n2="%73%61%6E%64%69%72%69%73" n3="%72%61%6B%33" dan="16,16,16,16" rate="2147.95,2155.12,2114.50,2199.81" sx="M,M,M,M"/><TAIKYOKU oya="0"/><INIT seed="0,0,0,1,2,61" ten="250,250,250,250" oya="0" hai0="120,4,86,101,102,80,91,115,69,26,19,124,11" hai1="35,15,43,107,5,76,85,16,119,79,71,8,123" hai2="34,31,38,45,27,20,33,113,110,59,117,121,109" hai3="50,131,103,2,51,54,122,57,81,46,10,52,32"/><T30/><D115/><U60/><E119/><V84/><F84/><W87/><G131/><T127/><D120/><U22/><E123/><V116/><F59/><W126/><G126/><N who="0" m="48171" /><D19/><U28/><E107/><V48/><F38/><W56/><G122/><T23/><D69/><U39/><E35/><N who="2" m="13323" /><F121/><W83/><G32/><T6/><D6/><U105/><E105/><V25/><F113/><W1/><G103/><T42/><D42/><U104/><E104/><V47/><F27/><W97/><G97/><T99/><D99/><U108/><E43/><N who="2" m="24639" /><F47/><W64/><G10/><T67/><D67/><U94/><E71/><V63/><F63/><W72/><G72/><T40/><D40/><U88/><E60/><V90/><F90/><W73/><G73/><T74/><D74/><U18/><E39/><V55/><F55/><W53/><G64/><T70/><D70/><U96/><E96/><V9/><F9/><W21/><G54/><T12/><AGARI ba="0,0" hai="4,11,12,23,26,30,80,86,91,101,102" m="48171" machi="12" ten="30,1500,0" yaku="18,1" doraHai="61" who="0" fromWho="0" sc="250,15,250,-5,250,-5,250,-5" /><INIT seed="0,1,0,4,1,46" ten="265,245,245,245" oya="0" hai0="23,53,42,35,55,115,22,21,122,85,47,32,30" hai1="19,31,8,84,38,11,102,52,56,5,44,133,63" hai2="108,103,114,18,92,126,1,24,74,91,16,111,127" hai3="29,134,87,62,36,96,33,89,12,75,80,100,28"/><T101/><D115/><U71/><E133/><V81/><F1/><W13/><G134/><T9/><D122/><U116/><E116/><V129/><F114/><W17/><G75/><T90/><D101/><U99/><E71/><V61/><F61/><W72/><G36/><T10/><D30/><U94/><E31/><V104/><F129/><W110/><G110/><N who="2" m="42025" /><F24/><W27/><G28/><T15/><D32/><U121/><E121/><V112/><F112/><W107/><G17/><N who="2" m="6761" /><F104/><W57/><REACH who="3" step="1"/><G72/><REACH who="3" ten="265,245,245,235" step="2"/><T68/><D35/><U43/><E19/><V14/><F74/><W82/><G82/><T119/><D119/><U51/><E5/><V41/><F81/><W66/><AGARI ba="1,1" hai="12,13,27,29,33,57,62,66,80,87,89,96,100,107" machi="66" ten="20,5200,0" yaku="1,1,0,1,7,1,53,1" doraHai="46" doraHaiUra="79" who="3" fromWho="3" sc="265,-27,245,-14,245,-14,235,65" /><INIT seed="1,0,0,5,4,64" ten="238,231,231,300" oya="1" hai0="49,113,65,54,26,6,67,107,88,48,7,63,87" hai1="59,125,115,68,108,9,16,71,22,91,98,60,19" hai2="83,53,51,75,100,132,27,121,36,42,102,2,69" hai3="81,37,5,117,18,96,84,97,94,111,44,109,23"/><U34/><E115/><V99/><F2/><W135/><G135/><T106/><D113/><U122/><E122/><V0/><F0/><W38/><G5/><T8/><D67/><U134/><E34/><V130/><F121/><W73/><G73/><T40/><D40/><U33/><E33/><V46/><F132/><W52/><G117/><T45/><D48/><U62/><E134/><V15/><F130/><W17/><G17/><T131/><D131/><U35/><E35/><V50/><F27/><W58/><G44/><T41/><D41/><U61/><E59/><V21/><F36/><W119/><G119/><T82/><D26/><U25/><E125/><V28/><F28/><W133/><G133/><T95/><D95/><U4/><E19/><V24/><F24/><W10/><G10/><T104/><REACH who="0" step="1"/><D8/><REACH who="0" ten="228,231,231,300" step="2"/><U55/><E55/><V101/><F51/><N who="3" m="31007" /><G38/><T70/><AGARI ba="0,1" hai="6,7,45,49,54,63,65,70,82,87,88,104,106,107" machi="70" ten="30,8000,1" yaku="1,1,0,1,52,1,54,1,53,1" doraHai="64" doraHaiUra="80" who="0" fromWho="0" sc="228,90,231,-40,231,-20,300,-20" /><INIT seed="2,0,0,2,0,53" ten="318,191,211,280" oya="2" hai0="43,4,59,94,87,28,3,10,15,84,88,103,130" hai1="67,49,125,14,78,20,64,75,6,1,131,35,19" hai2="18,33,68,39,50,73,82,13,85,22,48,102,7" hai3="116,114,63,70,71,44,83,12,134,26,108,0,66"/><V72/><F39/><W124/><G0/><T9/><D130/><U62/><E131/><V51/><F68/><W45/><G116/><T110/><D110/><U16/><E35/><V55/><F33/><W57/><G108/><T90/><D103/><U52/><E125/><V93/><F7/><W30/><G124/><T31/><D43/><U129/><E129/><V34/><F34/><W5/><G134/><T113/><D113/><U56/><E75/><V41/><F41/><W91/><G71/><T61/><D10/><N who="1" m="4439" /><E1/><V122/><F122/><W92/><G83/><N who="0" m="49183" /><D3/><U74/><E74/><V76/><F73/><W126/><G70/><T98/><D98/><U97/><E78/><V65/><F65/><AGARI ba="0,0" hai="4,9,15,28,31,59,61,65,87,90,94" m="49183" machi="65" ten="30,3900,0" yaku="8,1,52,1,54,1" doraHai="53" who="0" fromWho="2" sc="318,39,191,0,211,-39,280,0" /><INIT seed="3,0,0,0,3,3" ten="357,191,172,280" oya="3" hai0="119,7,85,111,92,0,19,103,25,36,110,70,93" hai1="74,10,44,33,108,42,100,61,128,41,120,34,126" hai2="29,27,35,117,132,52,134,107,56,15,123,16,86" hai3="133,46,6,109,5,26,125,40,130,51,4,88,77"/><W66/><G125/><T129/><D129/><U24/><E120/><V89/><F107/><W102/><G130/><T68/><D36/><U101/><E128/><V65/><F65/><W127/><G127/><T38/><D38/><U12/><E126/><V118/><F123/><W8/><G133/><N who="2" m="51305" /><F86/><W113/><G113/><T31/><D19/><U99/><E74/><V63/><F89/><W73/><G109/><T135/><D119/><U78/><E108/><N who="0" m="41513" /><D135/><U43/><E78/><V59/><F59/><W17/><G102/><T97/><D85/><U18/><E44/><V54/><F54/><W49/><G66/><T91/><D91/><U47/><E47/><V81/><F81/><W62/><G62/><T58/><D58/><U45/><E45/><V105/><F105/><W64/><G64/><T90/><D90/><U67/><E101/><V95/><F95/><W76/><G73/><T53/><D53/><U79/><E79/><N who="3" m="30282" /><G88/><T112/><D112/><U87/><E87/><V122/><F122/><W9/><G51/><T60/><D60/><U55/><E67/><V14/><F14/><N who="3" m="7367" /><G26/><T106/><D70/><U116/><E61/><V83/><F83/><W39/><G39/><T50/><D50/><U30/><E100/><V114/><F114/><W121/><G121/><T96/><D68/><U131/><E131/><V13/><F13/><AGARI ba="0,0" hai="4,5,6,9,13,40,46,49" m="7367,30282" machi="13" ten="30,11600,0" yaku="8,1,52,3" doraHai="3" who="3" fromWho="2" sc="357,0,191,0,172,-116,280,116" owari="357,15.7,191,-20.9,56,-44.4,396,49.6" /></mjloggm>