<mjloggm ver="2.3"><GO type="225" lobby="0"/><UN n0="%6D%75%75%6D%75%72%61" n1="%E3%81%82%E3%81%99%E3%81%AA%E3%82%8D%E3%83%A9%E3%82%A4%E3%83%80%E3%83%BC" n2="%65%2D%73%65%70%65%6E%3B" n3="%E3%81%95%E3%81%8D%E3%81%9F%E3%81%BE%E6%9E%97%E6%AA%8E" dan="17,16,17,16" rate="2183.06,2078.67,2158.22,2112.37" sx="F,M,M,M"/><TAIKYOKU oya="0"/><INIT seed="0,0,0,5,4,41" ten="250,250,250,250" oya="0" hai0="8,52,107,2,39,93,88,91,83,43,44,0,14" hai1="17,86,132,120,58,45,94,76,84,68,65,79,69" hai2="53,22,109,104,98,12,118,123,27,16,60,128,126" hai3="114,56,117,11,42,121,111,99,89,35,33,67,70"/><T19/><D107/><U77/><E120/><V20/><F123/><W15/><G111/><T103/><D103/><U122/><E122/><V112/><F112/><W92/><G117/><T81/><D52/><U26/><E132/><V23/><F118/><W105/><G114/><T62/><D62/><U29/><E17/><V134/><F134/><W4/><G121/><T66/><D66/><U63/><E45/><V113/><F113/><W82/><G70/><T90/><REACH who="0" step="1"/><D93/><REACH who="0" ten="240,250,250,250" step="2"/><U25/><E94/><V57/><F104/><W37/><G105/><T7/><D7/><U110/><E110/><V97/><F109/><W71/><G71/><T131/><D131/><U133/><E133/><V119/><F128/><W48/><G4/><T28/><D28/><U5/><E5/><V34/><F119/><W125/><G92/><T46/><D46/><U40/><E69/><V1/><F53/><W95/><G67/><T100/><D100/><U38/><E68/><V85/><F60/><W47/><G95/><T9/><D9/><U59/><E65/><V13/><F57/><W3/><G47/><T36/><D36/><U124/><E63/><V30/><F30/><W24/><G11/><T72/><D72/><U96/><E38/><V73/><F73/><W135/><G37/><T51/><D51/><U50/><E50/><V75/><F75/><W115/><G48/><T101/><D101/><U78/><E59/><V18/><F97/><W102/><G56/><T116/><D116/><U127/><N who="1" m="19456" /><DORA hai="21" /><U55/><E58/><V31/><F98/><W106/><G99/><T61/><D61/><RYUUKYOKU ba="0,1" sc="240,30,250,-10,250,-10,250,-10" hai0="0,2,8,14,19,39,43,44,81,83,88,90,91" /><INIT seed="0,1,1,2,2,2" ten="270,240,240,240" oya="0" hai0="71,14,97,5,43,62,56,91,37,85,115,107,18" hai1="110,19,30,26,73,48,23,61,50,46,6,72,128" hai2="108,84,75,1,17,113,4,112,90,131,102,80,32" hai3="89,67,38,123,70,103,35,120,60,98,21,20,135"/><T127/><D115/><U130/><E110/><V47/><F32/><W31/><G135/><T3/><D71/><U64/><E6/><V77/><F108/><W55/><G38/><T54/><D127/><U13/><E73/><V39/><F131/><N who="1" m="50217" /><E72/><V104/><F17/><W81/><G55/><T87/><D37/><U29/><E29/><V101/><F101/><W63/><G63/><T57/><D43/><U134/><E134/><V45/><F45/><W24/><G89/><T111/><D111/><U36/><E36/><V12/><F12/><W82/><G82/><T116/><D116/><U133/><E133/><V10/><F102/><W28/><G81/><T51/><D107/><U117/><E117/><V125/><F104/><N who="3" m="63607" /><G31/><T118/><D118/><U122/><E46/><V106/><F106/><W33/><G33/><T0/><D0/><U40/><E40/><N who="2" m="22943" /><F125/><W99/><G99/><T86/><D3/><U76/><E76/><V65/><F65/><W94/><G94/><AGARI ba="1,1" hai="1,4,10,75,77,80,84,90,94,112,113" m="22943" machi="94" ten="30,2000,0" yaku="25,1,52,1" doraHai="2" who="2" fromWho="3" sc="270,0,240,0,240,33,240,-23" /><INIT seed="1,0,0,5,3,17" ten="270,240,273,217" oya="1" hai0="110,30,14,37,127,3,2,25,27,129,69,58,55" hai1="9,111,116,34,117,121,12,41,4,60,112,119,47" hai2="6,44,128,99,36,10,90,21,135,67,134,126,81" hai3="51,33,71,5,42,38,57,13,124,52,75,92,8"/><U133/><E112/><V109/><F109/><W68/><G124/><T131/><D127/><U84/><E121/><V132/><F126/><W19/><G75/><T45/><D69/><U108/><E133/><V23/><F128/><N who="0" m="49226" /><D110/><N who="1" m="42027" /><E34/><V29/><F67/><W94/><G33/><N who="0" m="20687" /><D14/><U53/><E84/><N who="2" m="50447" /><F99/><W61/><G5/><T88/><D27/><U97/><E97/><V77/><F77/><W120/><G120/><T66/><D66/><U85/><E85/><V78/><F78/><W72/><G72/><T50/><D88/><U74/><E74/><V43/><F29/><W49/><G71/><T39/><D45/><U11/><E11/><V7/><F7/><W64/><G51/><T65/><D65/><U15/><E15/><AGARI ba="0,0" hai="6,10,15,21,23,36,43,44,132,134,135" m="50447" machi="15" ten="30,3900,0" yaku="20,1,52,2" doraHai="17" who="2" fromWho="1" sc="270,0,240,-39,273,39,217,0" /><INIT seed="2,0,0,1,2,5" ten="270,201,312,217" oya="2" hai0="20,124,33,126,13,2,53,8,18,43,60,131,112" hai1="76,93,111,63,14,64,26,87,66,15,115,118,71" hai2="80,30,0,73,19,67,39,35,62,58,121,90,99" hai3="128,95,107,106,110,55,135,41,85,44,98,40,32"/><V25/><F121/><W28/><G110/><T78/><D112/><U104/><E115/><V132/><F39/><W54/><G135/><T129/><D33/><U77/><E118/><V51/><F132/><W86/><G128/><N who="0" m="49227" /><D78/><U97/><E104/><V17/><F0/><W134/><G134/><T125/><D43/><U46/><E111/><V4/><F4/><W105/><G32/><T10/><D2/><U65/><E71/><V130/><F130/><W96/><G28/><T108/><D108/><U52/><E26/><V113/><F113/><W21/><G21/><T133/><D133/><U12/><E87/><N who="3" m="33290" /><G95/><T23/><D23/><U37/><E37/><V57/><F73/><W82/><G82/><T27/><D27/><U116/><E116/><V74/><F74/><W38/><G38/><T84/><D84/><U91/><REACH who="1" step="1"/><E46/><REACH who="1" ten="270,191,312,217" step="2"/><V94/><F80/><W47/><G47/><T120/><D120/><U49/><E49/><V11/><F51/><W100/><G44/><T24/><D24/><U1/><E1/><V92/><F58/><AGARI ba="0,1" hai="8,10,13,18,20,53,58,60,124,125,126" m="49227" machi="58" ten="40,8000,1" yaku="18,1,19,1,52,2" doraHai="5" who="0" fromWho="2" sc="270,90,191,0,312,-80,217,0" /><AGARI ba="0,0" hai="12,14,15,52,58,63,64,65,66,76,77,91,93,97" machi="58" ten="40,5200,0" yaku="1,1,8,1,54,1,53,0" doraHai="5" doraHaiUra="103" who="1" fromWho="2" sc="360,0,191,52,232,-52,217,0" /><INIT seed="3,0,0,5,2,8" ten="360,243,180,217" oya="3" hai0="37,131,108,117,83,42,63,51,59,56,2,45,49" hai1="109,124,16,75,22,62,64,53,36,39,3,98,103" hai2="77,29,90,41,122,46,67,52,87,20,70,19,89" hai3="121,135,134,115,32,33,102,58,114,94,38,91,34"/><W21/><G121/><T107/><D107/><U93/><E109/><V113/><F122/><W1/><G1/><T30/><D2/><U96/><E124/><V24/><F113/><W5/><G38/><T7/><D7/><U116/><E75/><V60/><F77/><W68/><G68/><T12/><D12/><U0/><E116/><V48/><F87/><W9/><G21/><T23/><D83/><U101/><E53/><V120/><F120/><W100/><G58/><T76/><D76/><U6/><E6/><V85/><F85/><W104/><G104/><T4/><D4/><U88/><E3/><V112/><F112/><W111/><G111/><T71/><D30/><U40/><E40/><V55/><F55/><W128/><G128/><T133/><D23/><U126/><E126/><V25/><REACH who="2" step="1"/><F41/><REACH who="2" ten="360,243,170,217" step="2"/><W73/><G73/><T28/><D108/><U79/><E79/><V78/><F78/><W110/><G110/><T92/><D42/><U66/><E66/><V14/><F14/><N who="3" m="5423" /><G115/><T10/><D117/><U82/><E0/><V26/><F26/><W65/><G65/><T17/><D131/><U129/><E64/><V86/><F86/><W54/><G54/><T50/><D45/><U80/><E129/><V13/><F13/><W43/><G43/><T119/><D119/><U61/><E39/><V31/><F31/><W44/><G114/><T99/><D37/><U95/><E36/><V84/><F84/><W35/><G135/><T15/><D133/><U123/><E123/><V72/><F72/><W130/><G134/><T69/><D28/><U74/><E74/><RYUUKYOKU ba="0,1" sc="360,-10,243,-10,170,30,217,-10" hai2="19,20,24,25,29,46,48,52,60,67,70,89,90" owari="360,46.0,233,3.3,200,-30.0,207,-19.3" /></mjloggm>