<mjloggm ver="2.3"><GO type="225" lobby="0"/><UN n0="%E4%B8%96%E7%95%8C%E9%81%BA%E7%94%A3%E6%A3%AE%E5%B1%B1%E8%8C%82%E5%92%8C" n1="%6B%75%7A%75%6E" n2="%E5%8D%A0%E3%81%84%E5%B8%AB%E8%A3%8F%E3%81%AA%E3%81%84%E3%81%97" n3="%6B%79%6F%6E%6B%6F%31%31" dan="17,17,17,16" rate="2133.94,2174.82,2183.58,2132.87" sx="M,M,M,M"/><TAIKYOKU oya="0"/><INIT seed="0,0,0,4,4,133" ten="250,250,250,250" oya="0" hai0="125,61,19,66,4,25,1,107,20,45,42,36,129" hai1="82,65,58,89,96,115,26,84,8,108,12,13,110" hai2="55,114,127,111,109,85,52,17,47,101,81,33,38" hai3="68,105,116,73,6,100,119,126,28,44,7,80,113"/><T50/><D107/><U3/><E115/><V106/><F114/><W92/><G113/><T49/><D129/><U41/><E41/><N who="2" m="22967" /><F33/><W16/><G105/><T11/><REACH who="0" step="1"/><D125/><REACH who="0" ten="240,250,250,250" step="2"/><U112/><E112/><V43/><F127/><W70/><G126/><T104/><D104/><U32/><E110/><V67/><F106/><W122/><G119/><T63/><D63/><U22/><E108/><V30/><F111/><W10/><G116/><T131/><D131/><U135/><E135/><V97/><F109/><W37/><G122/><T86/><D86/><U124/><E124/><V51/><F85/><W117/><G117/><T134/><D134/><U77/><E84/><V88/><F97/><W120/><G120/><T56/><AGARI ba="0,1" hai="1,4,11,19,20,25,36,42,45,49,50,56,61,66" machi="56" ten="20,12000,1" yaku="1,1,0,1,7,1,53,2" doraHai="133" doraHaiUra="46" who="0" fromWho="0" sc="240,130,250,-40,250,-40,250,-40" /><INIT seed="0,1,0,3,4,65" ten="370,210,210,210" oya="0" hai0="97,134,73,54,4,68,19,28,126,120,105,116,16" hai1="130,121,96,118,127,53,101,133,1,17,34,58,41" hai2="128,8,39,112,25,110,124,123,11,69,100,40,13" hai3="104,81,29,3,45,78,23,80,103,82,132,46,135"/><T87/><D116/><U83/><E41/><V113/><F123/><W38/><G3/><T115/><D73/><U129/><E53/><V2/><F110/><W12/><G78/><T71/><D115/><U117/><E58/><V22/><F124/><W57/><G57/><T60/><D28/><U94/><E17/><V66/><F128/><N who="1" m="49257" /><E1/><V15/><F100/><W74/><G74/><T43/><D4/><U107/><E34/><V92/><F2/><W84/><G84/><T93/><D43/><U125/><E121/><V64/><F92/><W30/><G103/><T10/><D19/><U76/><E94/><V18/><F40/><W33/><G104/><T67/><D105/><U36/><E36/><V102/><F39/><W95/><G95/><T50/><D93/><U21/><E21/><V106/><F106/><W75/><G33/><T24/><D10/><U26/><E26/><V90/><F102/><W59/><G59/><T109/><D24/><U0/><E0/><V91/><F25/><W31/><G38/><T79/><D16/><U5/><E5/><V98/><F18/><N who="3" m="10695" /><G75/><T52/><D54/><U72/><E133/><AGARI ba="1,0" hai="29,30,31,45,46,80,81,82,132,133,135" m="10695" machi="133" ten="40,1300,0" yaku="20,1" doraHai="65" who="3" fromWho="1" sc="370,0,210,-16,210,0,210,16" /><INIT seed="1,0,0,4,5,33" ten="370,194,210,226" oya="1" hai0="28,104,57,117,119,134,86,127,112,34,9,5,71" hai1="54,20,74,133,83,118,92,39,50,114,63,77,125" hai2="84,123,12,64,25,79,17,27,107,100,91,53,41" hai3="26,7,124,72,66,22,67,105,76,82,48,69,108"/><U35/><E114/><V59/><F123/><W131/><G108/><T2/><D71/><U121/><E118/><V75/><F41/><W90/><G124/><T38/><D104/><U122/><E35/><V0/><F64/><W102/><G131/><T130/><D38/><U8/><E133/><V46/><F46/><W93/><G69/><T96/><D96/><U51/><E39/><V58/><F58/><W19/><G7/><T56/><D112/><U4/><E20/><V31/><F0/><W73/><G73/><T106/><D106/><U120/><E125/><V110/><F110/><W43/><G102/><T103/><D103/><U24/><E24/><V87/><F75/><W132/><G105/><T113/><D127/><U70/><E92/><N who="2" m="54375" /><F31/><W68/><G68/><T13/><D113/><U99/><E99/><V37/><F37/><W78/><G78/><T42/><D130/><U1/><REACH who="1" step="1"/><E54/><REACH who="1" ten="370,184,210,226" step="2"/><V3/><F25/><W55/><G132/><T61/><D134/><U115/><E115/><V52/><F27/><W10/><G43/><T97/><D42/><U16/><E16/><V60/><F53/><W81/><G22/><T98/><D117/><U47/><E47/><V116/><F116/><W45/><G26/><T109/><D119/><U40/><E40/><V29/><F107/><W36/><G36/><T11/><D109/><U128/><E128/><V62/><F52/><W49/><G49/><T15/><D97/><U101/><E101/><V95/><F100/><W14/><G93/><T89/><D98/><U85/><E85/><AGARI ba="0,1" hai="10,14,19,45,48,55,66,67,72,76,81,82,85,90" machi="85" ten="40,2600,0" yaku="25,2" doraHai="33" who="3" fromWho="1" sc="370,0,184,-26,210,0,226,36" /><INIT seed="2,0,0,3,3,98" ten="370,158,210,262" oya="2" hai0="36,0,17,107,39,87,47,8,101,42,19,97,21" hai1="40,58,93,104,25,46,70,119,111,88,135,38,68" hai2="103,109,106,31,6,22,74,72,62,35,5,91,115" hai3="73,66,131,16,37,18,14,134,61,15,34,49,110"/><V57/><F115/><W123/><G37/><T3/><D39/><U75/><E119/><V11/><F35/><W13/><G123/><T50/><D50/><U41/><E111/><V53/><F109/><W122/><G110/><T120/><D120/><U33/><E135/><V64/><F5/><W90/><G122/><T1/><D87/><U121/><E121/><V128/><F128/><W129/><G73/><T113/><D113/><U133/><E104/><V20/><F91/><W65/><G34/><T95/><D8/><U55/><E41/><V126/><F126/><W132/><G49/><T48/><D48/><U108/><E75/><V28/><F74/><W29/><G29/><N who="2" m="11337" /><F72/><W130/><G90/><T7/><D7/><U78/><E78/><V100/><F106/><W86/><G86/><T118/><D118/><U45/><E45/><V81/><F81/><W124/><G124/><T63/><D107/><U89/><E89/><V44/><F11/><W85/><G85/><T80/><D80/><U43/><E43/><V60/><F6/><W96/><G96/><T99/><D99/><U102/><E133/><N who="3" m="51306" /><G66/><T116/><D116/><U27/><E108/><V117/><F117/><W76/><G76/><T92/><D97/><U84/><E33/><V52/><F44/><W9/><G9/><T77/><D47/><U32/><E32/><V4/><F4/><W56/><AGARI ba="0,0" hai="13,14,15,16,18,56,61,65,129,130,131" m="51306" machi="56" ten="40,5200,0" yaku="19,1,20,1,54,1" doraHai="98" who="3" fromWho="3" sc="370,-13,158,-13,210,-26,262,52" /><INIT seed="3,0,0,2,2,120" ten="357,145,184,314" oya="3" hai0="34,123,133,64,50,57,106,28,35,52,10,12,110" hai1="116,21,114,108,15,55,132,94,119,20,111,2,42" hai2="105,27,44,25,127,69,31,41,80,51,38,130,73" hai3="45,117,135,97,6,96,82,16,87,98,58,17,115"/><W85/><G115/><T33/><D123/><U104/><E104/><V54/><F105/><W92/><G117/><N who="1" m="45130" /><E2/><V59/><F69/><W56/><G135/><T76/><D110/><N who="1" m="42027" /><E132/><V14/><F130/><W5/><G45/><T129/><D129/><U113/><E42/><V7/><F127/><W79/><G92/><T99/><D76/><U19/><E55/><V72/><F80/><W9/><G85/><T77/><D77/><U67/><E67/><V126/><F126/><W101/><G101/><T88/><D64/><U78/><E78/><V90/><F90/><W81/><G81/><T30/><D133/><U43/><E43/><V102/><F102/><W128/><G128/><T109/><D109/><U26/><E94/><V66/><F66/><W103/><G103/><T29/><D106/><U3/><E3/><V95/><F95/><W40/><G40/><T122/><D122/><U74/><E74/><V53/><F53/><W70/><G70/><T48/><D52/><U13/><E13/><V131/><F131/><W65/><G5/><T107/><D107/><U118/><N who="1" m="45138" /><U23/><DORA hai="46" /><E23/><V121/><F121/><W39/><G39/><T18/><D34/><U61/><E61/><V89/><F89/><W49/><G65/><T134/><D134/><U84/><E84/><V32/><REACH who="2" step="1"/><F25/><REACH who="2" ten="357,145,174,314" step="2"/><W62/><G82/><T24/><D88/><U68/><E68/><V47/><F47/><W4/><G79/><T75/><D24/><U8/><E21/><V112/><F112/><W1/><G87/><T37/><D35/><U0/><E0/><V63/><F63/><RYUUKYOKU ba="0,1" sc="357,-15,145,15,174,15,314,-15" hai1="8,15,19,20,26,113,114" hai2="7,14,27,31,32,38,41,44,51,54,59,72,73" owari="352,45.2,160,-34.0,189,-21.1,299,9.9" /></mjloggm>