<mjloggm ver="2.3"><GO type="225" lobby="0"/><UN n0="%E5%80%89%E6%A9%8B%EF%BC%A0%E4%BA%8B%E5%8B%99" n1="%6D%75%75%6D%75%72%61" n2="%E6%A1%9C%E8%8A%B1%E9%96%83%E3%80%85" n3="%E3%81%9F%E3%81%93%E2%98%86%E7%84%BC%E3%81%8D" dan="16,16,16,16" rate="2110.14,2184.35,2158.31,2083.14" sx="M,F,M,M"/><TAIKYOKU oya="0"/><INIT seed="0,0,0,1,3,67" ten="250,250,250,250" oya="0" hai0="94,60,54,46,50,77,71,4,114,109,21,116,19" hai1="8,118,47,106,89,52,92,61,10,93,51,74,76" hai2="25,87,20,31,97,18,88,90,45,28,131,48,81" hai3="124,108,122,78,79,72,75,15,34,66,82,41,129"/><T62/><D114/><U123/><E106/><V80/><F131/><W70/><G34/><T14/><D116/><U23/><E118/><V24/><F24/><W27/><G15/><T63/><D109/><U107/><E107/><V43/><F97/><W3/><G108/><T35/><D35/><U119/><E123/><V83/><REACH who="2" step="1"/><F90/><REACH who="2" ten="250,250,240,250" step="2"/><W110/><G27/><T128/><D128/><U68/><E89/><V36/><F36/><W5/><G129/><T111/><D111/><U0/><E119/><V64/><F64/><W115/><G66/><T98/><D77/><U135/><E76/><V101/><F101/><W105/><G110/><T117/><D117/><U84/><E135/><V95/><AGARI ba="0,1" hai="18,20,25,28,31,43,45,48,80,81,83,87,88,95" machi="95" ten="30,7900,0" yaku="1,1,0,1,8,1,54,1,53,0" doraHai="67" doraHaiUra="65" who="2" fromWho="2" sc="250,-39,250,-20,240,89,250,-20" /><BYE who="0" /><INIT seed="1,0,0,2,5,9" ten="211,230,329,230" oya="1" hai0="116,92,119,8,47,6,30,53,125,131,54,74,7" hai1="135,57,59,52,37,128,93,18,73,78,94,71,33" hai2="118,51,38,76,28,80,107,103,124,120,29,24,110" hai3="130,72,108,85,101,5,1,34,75,48,91,88,58"/><U3/><E128/><UN n0="%E5%80%89%E6%A9%8B%EF%BC%A0%E4%BA%8B%E5%8B%99" /><V40/><F120/><W26/><G108/><T112/><D112/><U123/><E71/><V121/><F121/><W126/><G126/><T0/><D74/><U90/><E123/><V115/><F118/><W81/><G101/><T43/><D125/><U2/><E37/><V17/><F38/><W31/><G1/><T113/><D113/><U117/><E117/><V84/><F110/><W98/><G5/><T49/><D131/><U60/><E135/><V77/><F77/><W133/><G133/><T67/><D67/><U65/><E33/><V104/><F103/><W50/><G50/><T111/><D111/><U32/><E32/><V100/><F100/><W55/><G130/><T114/><D114/><U46/><E46/><V83/><F83/><W69/><G69/><T22/><D7/><U96/><E93/><V102/><F102/><W105/><G105/><T82/><D82/><U21/><E78/><V109/><F115/><W14/><G98/><T44/><D92/><U11/><E11/><V66/><F66/><W15/><REACH who="3" step="1"/><G91/><REACH who="3" ten="211,230,329,220" step="2"/><T25/><REACH who="0" step="1"/><D54/><REACH who="0" ten="201,230,329,220" step="2"/><U35/><E52/><V99/><F124/><W95/><G95/><T97/><D97/><U132/><E96/><V63/><F109/><W62/><G62/><T10/><D10/><U16/><E132/><V45/><F63/><W36/><G36/><AGARI ba="0,2" hai="0,6,8,22,25,30,36,43,44,47,49,53,116,119" machi="36" ten="30,2000,0" yaku="1,1,7,1,53,0" doraHai="9" doraHaiUra="89" who="0" fromWho="3" sc="201,40,230,0,329,0,220,-20" /><INIT seed="2,0,0,2,5,36" ten="241,230,329,200" oya="2" hai0="67,35,87,101,55,14,51,77,100,68,76,0,98" hai1="40,120,64,11,15,130,106,12,59,4,63,53,23" hai2="38,45,99,49,111,27,58,104,39,81,31,96,13" hai3="129,93,52,79,88,6,122,114,20,2,66,108,109"/><V95/><F104/><W83/><G66/><T103/><D0/><U116/><E116/><V125/><F125/><W75/><G122/><T105/><D35/><U22/><E120/><V33/><F111/><N who="3" m="42571" /><G129/><T133/><D133/><U112/><E112/><V124/><F124/><W132/><G132/><T127/><D127/><U126/><E126/><V9/><F58/><W118/><G20/><T28/><D28/><U90/><E130/><V135/><F81/><W19/><G19/><T17/><D68/><U18/><E106/><V37/><F135/><W29/><G29/><T80/><D67/><U41/><E90/><V74/><F74/><W57/><G6/><T121/><D77/><U50/><REACH who="1" step="1"/><E22/><REACH who="1" ten="241,220,329,200" step="2"/><V71/><F33/><W102/><G114/><T131/><D131/><U60/><E60/><V84/><F9/><W21/><G102/><T10/><D121/><U119/><E119/><V110/><F110/><W94/><G21/><T115/><D115/><U65/><E65/><V61/><F61/><N who="3" m="36007" /><G118/><T25/><D105/><U73/><E73/><V123/><F123/><W78/><G78/><T54/><D76/><U117/><E117/><V47/><F31/><W46/><G88/><T8/><D103/><U72/><E72/><V62/><F62/><W34/><G34/><T86/><D101/><U5/><E5/><V69/><F99/><W134/><G134/><T92/><D98/><U128/><E128/><V48/><F96/><W91/><G91/><T44/><D100/><U43/><E43/><V24/><F84/><W32/><G32/><T1/><D87/><U82/><E82/><RYUUKYOKU ba="0,1" sc="241,-10,220,30,329,-10,200,-10" hai1="4,11,12,15,18,23,40,41,50,53,59,63,64" /><INIT seed="3,1,1,2,2,53" ten="231,250,319,190" oya="3" hai0="123,38,83,114,43,130,3,45,78,92,34,52,75" hai1="103,7,89,46,17,93,62,68,126,48,113,44,27" hai2="30,116,99,6,115,28,90,14,108,9,15,64,77" hai3="16,54,37,104,58,63,31,55,125,81,133,101,25"/><W82/><G37/><T105/><D105/><U22/><E113/><V122/><F115/><W73/><G133/><T87/><D114/><U117/><E126/><V128/><F116/><W109/><G125/><T4/><D123/><U86/><E117/><V41/><F108/><W71/><G73/><T39/><D39/><U1/><E103/><V24/><F128/><W35/><G109/><T32/><D130/><U107/><E107/><V21/><F77/><W129/><G129/><T110/><D110/><U76/><E76/><V134/><F122/><W66/><G55/><T121/><D121/><U12/><E1/><V8/><F64/><W131/><G16/><T5/><D5/><U120/><E120/><V80/><F41/><W91/><G91/><N who="0" m="53375" /><D52/><U106/><E106/><V57/><F57/><W0/><G0/><T74/><D74/><U72/><E72/><V23/><F23/><W135/><G135/><T69/><D69/><U95/><E68/><V42/><F42/><W127/><G127/><T118/><D118/><U119/><E119/><V124/><F134/><W94/><G94/><T10/><AGARI ba="1,1" hai="3,4,10,32,34,38,43,45,75,78,83" m="53375" machi="10" ten="30,1100,0" yaku="25,1" doraHai="53" who="0" fromWho="0" sc="231,24,250,-4,319,-4,190,-6" owari="255,5.5,246,-15.4,315,41.5,184,-31.6" /></mjloggm>