<mjloggm ver="2.3"><GO type="225" lobby="0"/><UN n0="%E3%83%AD%E3%83%83%E3%83%86%E9%9B%80%E7%90%83" n1="%E6%80%AA%E3%81%97%E3%81%99%E3%81%8E%E3%82%8B%E3%83%81%E3%83%BC" n2="%31%50%E3%81%9F%E3%81%9D" n3="%E3%81%A0%E3%81%8A" dan="17,16,16,16" rate="2250.82,2151.70,2106.20,2055.42" sx="M,M,F,M"/><TAIKYOKU oya="0"/><INIT seed="0,0,0,3,3,93" ten="250,250,250,250" oya="0" hai0="107,6,87,100,53,79,78,97,123,43,62,54,7" hai1="105,68,10,74,116,11,32,101,134,110,25,41,40" hai2="48,89,102,2,81,104,120,37,92,115,72,124,27" hai3="1,131,26,18,58,130,71,88,99,49,65,76,95"/><T23/><D123/><U60/><E116/><V56/><F48/><W4/><G71/><T91/><D43/><N who="1" m="16459" /><E74/><V103/><F56/><W24/><G76/><T22/><D79/><U75/><E75/><V50/><F50/><W33/><G33/><T31/><D78/><U80/><E80/><V39/><F27/><W70/><G70/><T112/><D112/><U46/><E46/><V122/><F2/><W119/><G119/><T30/><D30/><N who="1" m="19535" /><E110/><V118/><F81/><W133/><G133/><T19/><D31/><U96/><E134/><V85/><F72/><W8/><G18/><T38/><D38/><N who="2" m="14346" /><F115/><W98/><G98/><T47/><D47/><U109/><E109/><V64/><F64/><AGARI ba="0,0" hai="10,11,60,64,68,96,101,105" m="19535,16459" machi="64" ten="30,2000,0" yaku="25,1,52,1" doraHai="93" who="1" fromWho="2" sc="250,0,250,20,250,-20,250,0" /><INIT seed="1,0,0,4,2,123" ten="250,270,230,250" oya="1" hai0="65,115,53,118,38,47,117,125,133,36,102,93,33" hai1="128,48,21,67,111,5,69,8,77,79,113,83,18" hai2="114,130,63,127,57,56,94,39,23,89,116,61,108" hai3="54,119,81,92,3,112,71,134,49,31,85,96,19"/><U35/><E113/><V109/><F116/><W11/><G119/><T90/><D33/><U45/><E35/><V37/><F114/><W131/><G134/><T2/><D2/><U16/><E128/><V7/><F127/><W13/><G71/><T120/><D115/><U27/><E111/><N who="2" m="42571" /><F130/><W105/><G105/><T1/><D102/><U95/><E69/><V52/><F23/><W64/><G64/><T75/><D65/><U132/><E67/><N who="2" m="39335" /><F7/><W34/><G131/><T17/><D133/><U29/><E132/><V44/><F44/><W26/><G112/><T51/><D47/><U59/><E59/><V124/><F124/><W135/><G135/><T103/><D120/><U72/><E5/><V40/><F40/><W4/><G34/><T78/><D125/><U106/><E8/><V32/><F32/><W30/><G4/><T80/><D118/><U50/><E45/><V110/><N who="2" m="42579" /><V87/><AGARI ba="0,0" hai="37,39,52,57,63,87,89,94" m="39335,42579" machi="87" ten="40,12000,2" yaku="4,1,14,1,52,4,54,1" doraHai="123" who="2" fromWho="2" sc="250,-30,270,-60,230,120,250,-30" /><INIT seed="2,0,0,5,0,124" ten="220,210,350,220" oya="2" hai0="63,64,102,60,72,21,93,5,46,107,3,68,62" hai1="109,110,91,73,85,130,132,135,112,10,7,30,11" hai2="100,1,111,22,119,88,75,29,57,34,41,98,32" hai3="94,43,92,44,52,133,129,37,120,51,15,20,26"/><V13/><F1/><W17/><G133/><N who="1" m="51274" /><E112/><V4/><F119/><W67/><G129/><T47/><D107/><U76/><E130/><V126/><F75/><W95/><G120/><T97/><D72/><U55/><E30/><V96/><F126/><W33/><G33/><T66/><D21/><U86/><E55/><V105/><F41/><W65/><REACH who="3" step="1"/><G26/><REACH who="3" ten="220,210,350,210" step="2"/><T31/><D31/><U108/><E91/><V27/><F88/><W123/><G123/><T118/><D118/><U39/><E39/><V61/><F32/><W131/><G131/><T117/><D117/><U23/><E23/><V42/><F34/><W116/><G116/><T16/><D102/><U113/><E113/><V58/><F22/><W103/><G103/><T122/><D122/><U56/><E56/><AGARI ba="0,1" hai="15,17,20,37,43,44,51,52,56,65,67,92,94,95" machi="56" ten="40,5200,0" yaku="1,1,54,1,53,1" doraHai="124" doraHaiUra="50" who="3" fromWho="1" sc="220,0,210,-52,350,0,210,62" /><INIT seed="3,0,0,0,0,8" ten="220,158,350,272" oya="3" hai0="88,7,36,42,31,46,135,77,115,4,40,22,24" hai1="25,78,43,89,133,97,84,23,16,120,130,82,15" hai2="1,124,17,66,103,116,95,28,105,119,134,113,70" hai3="72,102,73,63,5,111,87,92,6,86,9,13,50"/><W27/><G111/><T49/><D135/><U58/><E120/><V109/><F95/><W0/><G72/><T64/><D115/><U12/><E130/><V65/><F17/><W81/><G73/><T93/><D77/><U94/><E133/><V39/><F28/><W123/><G123/><T44/><REACH who="0" step="1"/><D64/><REACH who="0" ten="210,158,350,272" step="2"/><U54/><E43/><V108/><F66/><W3/><G3/><T127/><D127/><U96/><REACH who="1" step="1"/><E96/><AGARI ba="0,1" hai="4,7,22,24,31,36,40,42,44,46,49,88,93,96" machi="96" ten="30,7700,0" yaku="1,1,7,1,54,1,53,1" doraHai="8" doraHaiUra="21" who="0" fromWho="1" sc="210,87,158,-77,350,0,272,0" owari="297,9.7,81,-41.9,350,45.0,272,-12.8" /></mjloggm>