<mjloggm ver="2.3"><GO type="225" lobby="0"/><UN n0="%E3%82%B7%E3%83%B3%E5%A4%AA%E6%9C%97" n1="%33%74%72%65%65" n2="%E3%83%A9%E3%83%BC%E3%83%A1%E3%83%B3%E4%BA%94%E9%83%8E" n3="%72%69%6F%75%63%68%61%6E" dan="16,16,16,16" rate="2137.55,2140.08,2115.89,2168.58" sx="M,F,M,M"/><TAIKYOKU oya="0"/><INIT seed="0,0,0,2,4,72" ten="250,250,250,250" oya="0" hai0="58,64,70,132,79,10,43,53,25,119,54,93,37" hai1="8,122,50,46,31,127,66,38,94,113,4,19,102" hai2="97,117,135,68,129,100,112,51,80,125,95,30,101" hai3="22,96,89,104,111,34,2,13,21,12,26,23,71"/><T40/><D119/><U63/><E122/><V17/><F112/><W84/><G71/><T11/><D132/><U0/><E113/><V74/><F135/><W47/><G111/><T83/><D54/><U90/><E127/><V9/><F125/><W52/><G2/><T29/><D70/><U16/><E31/><V42/><F68/><W24/><G104/><T114/><D64/><U134/><E102/><V87/><F74/><W67/><G96/><T103/><D114/><U69/><E38/><V133/><F30/><W41/><G67/><T82/><D82/><U98/><REACH who="1" step="1"/><E134/><REACH who="1" ten="250,240,250,250" step="2"/><V78/><F133/><W5/><G34/><T75/><D37/><U99/><E99/><V35/><F101/><W27/><G5/><T128/><D128/><U130/><E130/><V49/><F129/><W28/><G28/><T36/><D36/><U14/><E14/><N who="2" m="7375" /><F117/><W108/><G108/><T109/><D109/><U56/><E56/><V48/><F35/><W116/><G116/><T65/><D29/><U61/><E61/><V106/><F106/><W39/><REACH who="3" step="1"/><G52/><AGARI ba="0,1" hai="0,4,8,16,19,46,50,52,63,66,69,90,94,98" machi="52" ten="30,8000,1" yaku="1,1,7,1,54,2,53,1" doraHai="72" doraHaiUra="3" who="1" fromWho="3" sc="250,0,240,90,250,0,250,-80" /><INIT seed="1,0,0,5,1,66" ten="250,330,250,170" oya="1" hai0="14,64,123,95,62,11,46,113,114,54,58,39,67" hai1="86,128,79,94,73,30,31,96,127,55,35,48,90" hai2="8,29,88,36,60,38,103,44,1,53,3,110,78" hai3="70,12,45,25,108,115,52,98,97,102,100,111,107"/><U81/><E127/><V34/><F110/><N who="3" m="42027" /><G115/><T37/><D123/><U132/><E132/><V21/><F34/><W19/><G25/><T116/><D116/><U120/><E120/><V6/><F1/><W2/><G2/><T77/><D77/><U121/><E121/><V23/><F78/><W69/><G12/><T16/><D95/><U131/><E73/><V56/><F103/><W42/><G19/><T93/><D93/><U80/><E80/><V124/><F124/><W101/><G52/><T126/><D126/><U59/><REACH who="1" step="1"/><E35/><REACH who="1" ten="250,320,250,170" step="2"/><V134/><F134/><W13/><G13/><T50/><D113/><U99/><E99/><N who="3" m="37898" /><G107/><T72/><D72/><U22/><E22/><V33/><F23/><W40/><G40/><T117/><D114/><U85/><E85/><V32/><F21/><W112/><G112/><T118/><D117/><U75/><E75/><V82/><F33/><W57/><G57/><T135/><D118/><U10/><E10/><V74/><F32/><W9/><G9/><T0/><D135/><U84/><E84/><N who="2" m="50199" /><F74/><W4/><G4/><T104/><D104/><U71/><E71/><N who="3" m="27146" /><G102/><T28/><D11/><U15/><E15/><V119/><F119/><W122/><G122/><T47/><D14/><U65/><E65/><V49/><F8/><W109/><N who="3" m="42035" /><W17/><DORA hai="61" /><G17/><T26/><D16/><U133/><E133/><V27/><F6/><W89/><G89/><T76/><D67/><U125/><E125/><V87/><F3/><W63/><G63/><T5/><D64/><U129/><AGARI ba="0,1" hai="30,31,48,55,59,79,81,86,90,94,96,128,129,131" machi="129" ten="30,18000,2" yaku="1,1,0,1,19,1,53,3" doraHai="66,61" doraHaiUra="24,92" who="1" fromWho="1" sc="250,-60,320,190,250,-60,170,-60" /><INIT seed="1,1,0,3,3,19" ten="190,510,190,110" oya="1" hai0="78,81,1,105,25,119,82,14,2,99,48,61,20" hai1="50,54,23,57,116,36,0,112,39,95,9,32,127" hai2="128,70,15,34,84,80,66,51,22,92,101,90,55" hai3="100,113,103,72,76,29,75,124,63,109,88,126,38"/><U86/><E112/><V89/><F34/><W47/><G113/><T41/><D119/><U18/><E116/><V37/><F37/><W33/><G109/><T17/><D82/><U31/><E127/><N who="3" m="48682" /><G63/><T6/><D61/><U49/><E49/><V83/><F128/><W67/><G67/><T131/><D131/><U130/><E130/><V10/><F70/><W68/><G68/><T42/><D105/><U74/><E74/><N who="3" m="28202" /><G76/><T52/><D99/><U65/><E65/><V13/><F66/><W12/><G12/><T64/><D64/><U58/><E58/><N who="2" m="33151" /><F10/><W40/><G88/><T94/><D1/><U110/><E9/><V108/><F108/><W96/><G96/><T30/><D2/><U35/><E0/><V114/><F114/><W44/><G47/><T118/><D118/><U77/><E110/><V98/><F90/><W59/><G59/><T121/><D41/><U45/><E57/><V135/><F83/><W7/><G7/><T122/><D42/><U97/><E45/><V3/><F3/><W27/><AGARI ba="1,0" hai="27,29,33,38,40,44,100,103" m="28202,48682" machi="27" ten="40,1500,0" yaku="18,1" doraHai="19" who="3" fromWho="3" sc="190,-5,510,-8,190,-5,110,18" /><INIT seed="2,0,0,4,4,10" ten="185,502,185,128" oya="2" hai0="13,64,17,33,85,95,112,19,119,21,99,125,9" hai1="101,29,94,134,116,51,105,40,11,117,102,25,23" hai2="97,20,32,47,56,42,71,123,12,81,3,15,128" hai3="135,66,44,92,80,63,107,129,73,45,36,118,109"/><V132/><F123/><W89/><G118/><T67/><D112/><U2/><E134/><V60/><F32/><W72/><G135/><T54/><D33/><U7/><E105/><V79/><F132/><W122/><G122/><T76/><D125/><U22/><E102/><V35/><F35/><W68/><G107/><T96/><D119/><U88/><E101/><V106/><F3/><W114/><G114/><T127/><D127/><U50/><E23/><V57/><F71/><W108/><G129/><T70/><D70/><U113/><E113/><V130/><F20/><W8/><G8/><T52/><D99/><U14/><E50/><N who="2" m="26999" /><F97/><W111/><G80/><N who="0" m="47239" /><D67/><U53/><E40/><V61/><F106/><W6/><G6/><T41/><D64/><U62/><E2/><V38/><F38/><W58/><G68/><T75/><D75/><N who="3" m="28745" /><G36/><T121/><D41/><U65/><E65/><N who="2" m="39047" /><F57/><W1/><G1/><T110/><D121/><U124/><E124/><V34/><F61/><W30/><G30/><T28/><D28/><U48/><E62/><V31/><F31/><W131/><G131/><N who="2" m="50217" /><F34/><W100/><G100/><N who="0" m="60447" /><D110/><N who="3" m="28161" /><W120/><DORA hai="84" /><G120/><T26/><AGARI ba="0,0" hai="9,13,17,19,21,26,52,54" m="60447,47239" machi="26" ten="30,4000,0" yaku="8,1,52,1,54,1" doraHai="10,84" who="0" fromWho="0" sc="185,40,502,-10,185,-20,128,-10" /><INIT seed="3,0,0,4,3,30" ten="225,492,165,118" oya="3" hai0="35,132,78,123,76,113,49,60,42,26,135,2,80" hai1="117,83,93,11,115,58,74,75,25,45,120,12,89" hai2="70,87,29,46,64,57,59,84,17,116,16,34,20" hai3="106,103,51,32,77,69,97,50,72,85,65,131,128"/><W62/><G72/><T10/><D123/><U110/><E110/><V21/><F116/><W63/><G63/><T92/><D113/><U18/><E117/><V37/><F70/><W118/><G118/><T96/><D60/><U105/><E115/><V24/><F37/><W130/><REACH who="3" step="1"/><G32/><REACH who="3" ten="225,492,165,108" step="2"/><T122/><D35/><U47/><E75/><V129/><F34/><W124/><G124/><T13/><D122/><U67/><E74/><V121/><F121/><W40/><G40/><T107/><D42/><U127/><E127/><V66/><F129/><W6/><G6/><T126/><D126/><U114/><E120/><V79/><F29/><W5/><G5/><T56/><D132/><U104/><E114/><V71/><F17/><W88/><G88/><T112/><D135/><U52/><E89/><V91/><F91/><W98/><G98/><T33/><D96/><U73/><E18/><V3/><F16/><W53/><G53/><T28/><D33/><U41/><E52/><V1/><F64/><W109/><G109/><T31/><D112/><U102/><E41/><V55/><F66/><W43/><G43/><T8/><D78/><U36/><E67/><V0/><F79/><W23/><G23/><T90/><D90/><U99/><E73/><V100/><F21/><W111/><G111/><T9/><D76/><U119/><E99/><V54/><F20/><W27/><G27/><T95/><D26/><U68/><E25/><V61/><F24/><W19/><G19/><T22/><D22/><U48/><E119/><V86/><F55/><W14/><G14/><T108/><D13/><RYUUKYOKU ba="0,1" sc="225,-10,492,-10,165,-10,108,30" hai3="50,51,62,65,69,77,85,97,103,106,128,130,131" /><INIT seed="3,1,1,1,5,49" ten="215,482,155,138" oya="3" hai0="134,97,98,94,17,120,42,130,111,33,93,86,102" hai1="18,62,25,107,45,115,57,1,128,50,47,31,87" hai2="103,75,106,2,6,89,15,35,39,117,79,129,10" hai3="23,41,34,121,78,56,110,127,4,53,43,99,119"/><W5/><G119/><T95/><D120/><U40/><E115/><V73/><F117/><W27/><G121/><T81/><D33/><U118/><E107/><V126/><F35/><W71/><G71/><T123/><D123/><U96/><E1/><V12/><F75/><W124/><G34/><T46/><D111/><U9/><E45/><V13/><F126/><N who="3" m="48171" /><G110/><T19/><D130/><U54/><E128/><V11/><F129/><W125/><N who="3" m="48179" /><W30/><DORA hai="80" /><G78/><T44/><D134/><U66/><E118/><V7/><F39/><W24/><G99/><N who="0" m="37899" /><D102/><U36/><E96/><V8/><F103/><W28/><G28/><T114/><D114/><U55/><E36/><V20/><F106/><W72/><G72/><T76/><D42/><N who="3" m="15881" /><G24/><T104/><D104/><U116/><E116/><V131/><F131/><W29/><G30/><T22/><D19/><U59/><E18/><N who="2" m="10311" /><F73/><W61/><AGARI ba="1,1" hai="4,5,23,27,29,53,56,61" m="15881,48179" machi="61" ten="40,3900,0" yaku="18,1,52,1" doraHai="49,80" who="3" fromWho="3" sc="215,-14,482,-14,155,-14,138,52" /><INIT seed="3,2,0,2,5,13" ten="201,468,141,190" oya="3" hai0="87,24,40,130,53,63,21,59,31,109,15,29,127" hai1="101,93,73,96,81,2,1,42,102,110,91,124,106" hai2="133,95,58,50,66,46,122,16,11,62,118,7,123" hai3="51,107,0,112,129,38,70,22,99,78,37,119,79"/><W39/><G112/><T121/><D121/><N who="2" m="46090" /><F118/><W32/><G119/><T120/><D120/><U33/><E110/><V90/><F133/><W56/><G32/><T80/><D130/><U34/><E124/><V105/><F105/><W57/><G129/><T12/><D127/><U4/><E42/><N who="2" m="24919" /><F7/><W135/><G70/><T27/><D40/><U52/><E52/><N who="2" m="34119" /><F11/><W23/><G135/><T17/><D109/><U69/><E69/><V113/><F66/><W10/><G107/><T43/><D43/><U125/><E125/><V104/><F104/><W68/><G68/><T117/><D117/><U19/><E19/><V36/><F36/><W103/><G37/><T86/><D86/><N who="1" m="52471" /><E101/><V49/><F49/><W28/><G51/><T14/><D27/><U114/><E114/><V132/><F113/><W131/><G38/><T71/><D71/><U94/><E94/><V88/><F132/><W67/><G39/><T83/><D80/><U3/><E4/><V89/><F16/><W72/><G131/><T9/><D9/><U84/><E84/><V111/><F111/><W18/><G18/><T98/><D83/><U65/><E65/><V85/><AGARI ba="2,0" hai="85,88,89,90,95" m="34119,24919,46090" machi="85" ten="30,4000,0" yaku="13,1,54,2" doraHai="13" who="2" fromWho="2" sc="201,-12,468,-12,141,46,190,-22" owari="189,-1.1,456,55.6,187,-21.3,168,-33.2" /></mjloggm>