<mjloggm ver="2.3"><GO type="225" lobby="0"/><UN n0="%73%61%6B%6F%EF%BC%A0%E6%9C%80" n1="%E3%83%B4%E3%83%A0%EF%BC%99%E3%81%A6" n2="%45%6C%79%73%69%75%6D" n3="%E3%83%AD%E3%83%83%E3%83%86%E9%9B%80%E7%90%83" dan="16,17,17,17" rate="2161.46,2181.92,2128.52,2218.50" sx="M,M,F,M"/><TAIKYOKU oya="0"/><INIT seed="0,0,0,4,5,7" ten="250,250,250,250" oya="0" hai0="51,115,77,96,128,45,104,113,10,87,48,132,114" hai1="73,40,16,63,69,79,4,86,43,95,121,55,91" hai2="80,47,46,2,111,102,64,103,26,41,92,25,19" hai3="5,65,94,76,126,17,30,20,84,54,49,97,38"/><T22/><D128/><U135/><E121/><V74/><F2/><W90/><G126/><T83/><D132/><U23/><E135/><V72/><F111/><W59/><G38/><T70/><D70/><U3/><E73/><V21/><F64/><W66/><G30/><T134/><D134/><U28/><E28/><V131/><F25/><W57/><G5/><T116/><D116/><U37/><E79/><V127/><F127/><W89/><G59/><T1/><D22/><U117/><E117/><V71/><F71/><W29/><G76/><T98/><D104/><U120/><E120/><V34/><F34/><W35/><G29/><T13/><D1/><U93/><E93/><V108/><F108/><W0/><G0/><T123/><D123/><U78/><E78/><V15/><F26/><W53/><G53/><T9/><D48/><U68/><E55/><V8/><F21/><W109/><G35/><T32/><D32/><U42/><E37/><N who="2" m="21807" /><F72/><W61/><G49/><T44/><D44/><U14/><E63/><V18/><F131/><W129/><G129/><T124/><D124/><U85/><E85/><V81/><F74/><W133/><G133/><T39/><D39/><U56/><E56/><V50/><F19/><W119/><G119/><T11/><REACH who="0" step="1"/><D13/><REACH who="0" ten="240,250,250,250" step="2"/><N who="1" m="9615" /><E3/><V60/><F47/><W82/><REACH who="3" step="1"/><G109/><REACH who="3" ten="240,250,250,240" step="2"/><T52/><AGARI ba="0,2" hai="9,10,11,45,51,52,77,83,87,96,98,113,114,115" machi="52" ten="40,18000,2" yaku="1,1,0,1,52,3,54,1,53,0" doraHai="7" doraHaiUra="67" who="0" fromWho="0" sc="240,200,250,-60,250,-60,240,-60" /><INIT seed="0,1,0,4,2,14" ten="440,190,190,180" oya="0" hai0="40,120,103,95,52,42,122,65,31,38,62,54,134" hai1="16,18,57,26,106,85,102,6,82,94,104,79,45" hai2="116,114,25,89,29,133,99,135,107,108,87,130,34" hai3="49,78,37,35,51,64,123,11,55,71,118,22,61"/><T5/><D5/><U88/><E6/><V0/><F0/><W1/><G35/><T84/><D31/><U98/><E106/><V44/><F114/><W121/><G118/><T83/><D95/><U100/><E100/><N who="2" m="62879" /><F116/><W131/><G131/><T86/><D103/><U32/><E45/><V109/><F44/><W127/><G127/><T58/><D84/><U10/><E10/><V28/><F28/><W43/><G78/><T70/><D86/><U17/><E57/><V105/><F105/><W126/><G126/><T23/><D23/><N who="1" m="13679" /><E32/><V59/><F59/><N who="3" m="33279" /><G22/><T30/><D83/><U113/><E113/><V68/><F68/><W41/><G11/><T21/><D30/><U76/><E76/><V2/><F2/><W96/><G96/><T15/><D134/><N who="2" m="51210" /><F130/><W48/><G1/><T101/><D101/><U81/><E81/><AGARI ba="1,0" hai="25,29,34,81,87,89,108,109" m="51210,62879" machi="81" ten="30,1000,0" yaku="20,1" doraHai="14" who="2" fromWho="1" sc="440,0,190,-13,190,13,180,0" /><INIT seed="1,0,0,2,2,58" ten="440,177,203,180" oya="1" hai0="89,73,24,88,130,26,135,0,17,124,31,64,79" hai1="9,68,63,30,5,36,10,21,37,19,28,57,80" hai2="106,29,39,107,86,34,113,6,14,35,55,104,81" hai3="27,101,66,98,44,56,125,84,78,93,112,51,22"/><U77/><E68/><V61/><F39/><W48/><G125/><T116/><D116/><U20/><E36/><V59/><F113/><W41/><G112/><T45/><D0/><U12/><E37/><V134/><F134/><W120/><G120/><T105/><D105/><U8/><E5/><V71/><F71/><W15/><G15/><T115/><D115/><U13/><E13/><V108/><F108/><W118/><G118/><T33/><D124/><U122/><E122/><V70/><F70/><W119/><G119/><T95/><D135/><U49/><E49/><V25/><F14/><W123/><G123/><T85/><D130/><U62/><E21/><V131/><F6/><W74/><G74/><T117/><D117/><U16/><E19/><V7/><F7/><W43/><G43/><T82/><D64/><U2/><E2/><V87/><F131/><W54/><G66/><T65/><D65/><N who="1" m="39119" /><E63/><V18/><F18/><W126/><G126/><T42/><D17/><U132/><E132/><V83/><F34/><W23/><REACH who="3" step="1"/><G27/><REACH who="3" ten="440,177,203,170" step="2"/><T4/><D24/><U102/><E102/><V46/><F25/><W76/><G76/><T103/><D103/><U38/><E38/><V72/><F72/><W11/><G11/><T69/><D26/><U32/><E32/><V67/><F35/><W127/><G127/><T96/><D33/><U60/><E60/><V40/><F40/><W114/><G114/><T99/><D42/><U52/><E52/><V129/><F129/><W90/><G90/><T109/><D89/><U121/><E121/><V128/><F128/><W75/><G75/><AGARI ba="0,1" hai="8,9,10,12,16,20,28,30,75,77,80" m="39119" machi="75" ten="30,5800,0" yaku="6,1,52,1,54,1" doraHai="58" who="1" fromWho="3" sc="440,0,177,68,203,0,170,-58" /><INIT seed="1,1,0,0,4,86" ten="440,245,203,112" oya="1" hai0="63,103,124,122,24,31,22,32,83,27,84,53,42" hai1="8,54,74,123,102,7,95,127,48,78,115,73,62" hai2="97,75,101,13,104,33,20,58,28,34,77,12,94" hai3="72,3,45,21,100,65,16,2,105,49,40,23,69"/><U59/><E115/><V0/><F0/><W80/><G23/><T17/><D42/><U47/><E123/><V99/><F58/><W36/><G100/><T76/><D124/><U68/><E127/><V18/><F28/><W1/><G105/><T11/><D122/><U106/><E106/><V121/><F121/><W14/><G65/><T133/><D133/><U120/><E120/><V56/><F56/><W41/><G69/><T25/><D103/><U50/><E68/><V90/><F12/><W71/><G71/><T51/><D63/><U6/><E48/><V91/><F91/><W5/><G41/><T38/><D38/><U44/><E44/><V82/><AGARI ba="1,0" hai="13,18,20,33,34,75,77,82,90,94,97,99,101,104" machi="82" ten="30,2000,0" yaku="0,1,52,1" doraHai="86" who="2" fromWho="2" sc="440,-6,245,-11,203,23,112,-6" /><INIT seed="2,0,0,0,0,12" ten="434,234,226,106" oya="2" hai0="43,33,62,51,105,94,122,25,2,117,39,80,89" hai1="125,114,71,95,73,86,13,112,47,18,37,40,22" hai2="93,69,17,66,54,118,132,127,91,11,110,21,15" hai3="84,135,6,129,78,103,92,76,50,35,134,55,116"/><V27/><F118/><W46/><G116/><T123/><D51/><U87/><E73/><V126/><F132/><N who="3" m="50731" /><G35/><T90/><D89/><U58/><E71/><V67/><F54/><W20/><G129/><T109/><D117/><U64/><E125/><N who="2" m="47627" /><F69/><W83/><G6/><T88/><D109/><U59/><E59/><V98/><F110/><W56/><G20/><T104/><D88/><U31/><E31/><AGARI ba="0,0" hai="11,15,17,21,27,31,66,67,91,93,98" m="47627" machi="31" ten="30,2900,0" yaku="18,1,52,1" doraHai="12" who="2" fromWho="1" sc="434,0,234,-29,226,29,106,0" /><INIT seed="2,1,0,2,4,123" ten="434,205,255,106" oya="2" hai0="41,114,55,127,128,37,59,8,80,93,121,86,56" hai1="96,124,38,63,40,31,3,102,15,112,133,44,25" hai2="132,1,24,135,64,78,61,110,84,20,5,79,113" hai3="100,60,19,69,51,126,98,65,48,119,74,46,50"/><V67/><F113/><W106/><G126/><T0/><D114/><U71/><E112/><V10/><F110/><W23/><G119/><T75/><D121/><U9/><E124/><V58/><F67/><W35/><G74/><T94/><D127/><U89/><E89/><V117/><F117/><W11/><G11/><T104/><D104/><U54/><E133/><N who="2" m="51275" /><F84/><W109/><G35/><T115/><D115/><U81/><E81/><V77/><F77/><W134/><G134/><T16/><D128/><U29/><E3/><V7/><F7/><W6/><G6/><N who="0" m="1095" /><D16/><AGARI ba="1,0" hai="1,5,10,16,20,24,58,61,64,78,79" m="51275" machi="16" ten="30,2900,0" yaku="20,1,54,1" doraHai="123" who="2" fromWho="0" sc="434,-32,205,0,255,32,106,0" /><INIT seed="2,2,0,0,0,132" ten="402,205,287,106" oya="2" hai0="105,29,14,30,28,50,89,27,74,25,111,112,66" hai1="12,3,19,32,57,85,51,53,76,81,55,80,56" hai2="41,128,37,103,110,18,39,92,68,100,79,86,108" hai3="45,36,0,75,114,26,23,34,90,20,47,94,61"/><V38/><F68/><W69/><G114/><T16/><D112/><U122/><E122/><V131/><F41/><W125/><G75/><T99/><D74/><U115/><E115/><V54/><F54/><W135/><G0/><T101/><D111/><N who="2" m="42538" /><F18/><W11/><G34/><T42/><D66/><U73/><E3/><V82/><F92/><W40/><G135/><T91/><D27/><U130/><E130/><AGARI ba="2,0" hai="37,38,39,79,82,86,100,103,128,130,131" m="42538" machi="130" ten="40,7700,0" yaku="19,1,14,1,10,1" doraHai="132" who="2" fromWho="1" sc="402,0,205,-83,287,83,106,0" /><INIT seed="2,3,0,4,3,107" ten="402,122,370,106" oya="2" hai0="57,124,122,85,59,108,116,15,43,60,17,79,93" hai1="13,90,47,35,69,109,92,61,48,76,125,119,37" hai2="51,95,18,110,28,62,5,132,105,32,83,129,71" hai3="52,54,87,133,22,29,74,27,130,82,80,34,115"/><V39/><BYE who="1" /><F105/><W134/><G130/><T100/><D116/><U121/><E121/><V55/><F39/><UN n1="%E3%83%B4%E3%83%A0%EF%BC%99%E3%81%A6" /><W12/><G115/><T11/><D122/><U104/><E119/><V1/><F129/><W114/><G114/><T66/><D124/><U23/><E104/><V2/><F132/><N who="3" m="50795" /><G12/><T38/><D108/><U63/><E35/><V135/><F135/><W73/><G34/><T106/><D106/><U68/><E109/><V64/><F110/><W58/><G82/><N who="0" m="47327" /><D43/><U67/><E37/><V127/><F127/><W72/><G58/><N who="0" m="37143" /><D38/><U49/><E76/><AGARI ba="3,0" hai="22,27,29,52,54,72,73,74,76,80,87" m="50795" machi="76" ten="40,8000,1" yaku="20,1,52,3,54,1" doraHai="107" who="3" fromWho="1" sc="402,0,122,-89,370,0,106,89" /><INIT seed="3,0,0,1,4,97" ten="402,33,370,195" oya="3" hai0="16,121,93,20,55,106,64,72,46,30,61,92,24" hai1="35,18,100,65,42,14,58,103,133,48,68,84,86" hai2="82,75,44,33,98,129,78,88,107,105,96,54,91" hai3="85,118,3,76,95,116,45,27,74,102,94,25,9"/><W119/><G74/><T59/><D121/><U99/><E35/><V124/><F33/><W81/><G45/><T123/><D123/><U80/><E133/><V67/><F67/><W128/><G3/><T109/><D106/><N who="2" m="40458" /><F54/><W37/><G37/><T50/><D72/><U26/><E68/><V13/><F13/><W8/><G128/><T117/><D109/><U63/><E99/><N who="2" m="37931" /><F44/><W56/><G56/><T29/><D117/><U19/><E26/><V36/><F36/><W79/><G118/><T22/><D30/><U135/><E135/><V41/><F41/><W23/><G85/><T101/><D101/><U6/><E6/><V39/><F39/><W132/><G81/><T114/><D114/><U113/><E113/><V127/><F129/><W122/><G122/><T4/><D4/><U7/><E7/><V11/><F11/><W60/><G132/><T131/><D131/><U10/><E19/><V0/><F0/><W83/><G83/><T110/><D110/><U87/><REACH who="1" step="1"/><E80/><REACH who="1" ten="402,23,370,195" step="2"/><V12/><F12/><AGARI ba="0,1" hai="12,16,20,22,24,29,46,50,55,59,61,64,92,93" machi="12" ten="30,3900,0" yaku="7,1,8,1,54,1" doraHai="97" who="0" fromWho="2" sc="402,49,23,0,370,-39,195,0" owari="451,55.1,23,-47.7,331,13.1,195,-20.5" /></mjloggm>