<mjloggm ver="2.3"><GO type="225" lobby="0"/><UN n0="%E3%81%86%E3%81%A3%E3%81%97%E3%83%BC%30%30" n1="%E6%9A%87%E4%BA%BA%EF%BC%A0%E9%85%8D%E4%BF%A1%E5%9E%A2" n2="%E3%83%A9%E3%83%BC%E3%83%A1%E3%83%B3%E4%BA%94%E9%83%8E" n3="%6B%65%6E%6E%64%69" dan="16,17,16,16" rate="2076.09,2165.65,2054.62,2168.66" sx="M,F,M,M"/><TAIKYOKU oya="0"/><INIT seed="0,0,0,0,4,79" ten="250,250,250,250" oya="0" hai0="62,110,66,72,134,51,29,122,85,127,87,37,113" hai1="0,135,71,41,28,67,12,103,104,58,131,19,92" hai2="48,116,43,44,10,59,120,57,18,21,1,47,40" hai3="99,25,125,88,130,2,98,4,15,30,132,108,39"/><T112/><D72/><U107/><E0/><V27/><F120/><W64/><G39/><T105/><D122/><U56/><E28/><V31/><F116/><W78/><G108/><T36/><D105/><U32/><E32/><V96/><F96/><W133/><G130/><T83/><D134/><N who="3" m="51817" /><G125/><T76/><D127/><U33/><E33/><V13/><REACH who="2" step="1"/><F1/><REACH who="2" ten="250,250,240,250" step="2"/><W70/><G2/><T123/><D123/><U114/><E135/><V54/><F54/><W38/><G99/><T52/><D110/><U53/><E53/><V86/><F86/><W63/><G98/><T35/><D87/><U14/><E131/><V49/><AGARI ba="0,1" hai="10,13,18,21,27,31,40,43,44,47,48,49,57,59" machi="49" ten="20,8000,1" yaku="1,1,0,1,7,1,9,1,8,1,53,0" doraHai="79" doraHaiUra="73" who="2" fromWho="2" sc="250,-40,250,-20,240,90,250,-20" /><INIT seed="1,0,0,3,5,29" ten="210,230,330,230" oya="1" hai0="16,79,80,3,75,36,90,126,114,49,98,25,87" hai1="33,88,35,43,106,69,73,40,56,111,45,11,53" hai2="83,94,27,81,74,47,10,117,100,134,95,128,2" hai3="21,109,133,34,84,115,18,48,93,46,37,130,78"/><U85/><E73/><V30/><F117/><W8/><G115/><T105/><D36/><U102/><E69/><V55/><F128/><W22/><G109/><T38/><D38/><U82/><E111/><V97/><F134/><W14/><G133/><T63/><D114/><U6/><E106/><V104/><F104/><W19/><G130/><T9/><D126/><U132/><E102/><V118/><F118/><W110/><G110/><T108/><D108/><U71/><E71/><V66/><F66/><W52/><G37/><T26/><D63/><U135/><E135/><V44/><F74/><W123/><G123/><T13/><D3/><U62/><E132/><V60/><F2/><W129/><G34/><T86/><D86/><U54/><E54/><V20/><F10/><W28/><G28/><T4/><D4/><U76/><E76/><V77/><F94/><W41/><G129/><T119/><D49/><U15/><E43/><V64/><F55/><W51/><G19/><T1/><D1/><U31/><E31/><V107/><F107/><W23/><G93/><N who="0" m="54495" /><D119/><U91/><E91/><V89/><F89/><W112/><G112/><T113/><D113/><U7/><E6/><V61/><F61/><W67/><G67/><T103/><AGARI ba="0,0" hai="9,13,16,25,26,75,79,80,98,103,105" m="54495" machi="103" ten="30,2000,0" yaku="24,1,54,1" doraHai="29" who="0" fromWho="0" sc="210,20,230,-10,330,-5,230,-5" /><INIT seed="2,0,0,0,5,125" ten="230,220,325,225" oya="2" hai0="91,5,101,72,47,107,93,18,116,21,86,115,70" hai1="95,15,7,109,28,24,84,17,31,42,8,79,63" hai2="110,33,13,71,102,103,126,19,80,94,121,12,113" hai3="54,1,39,29,114,131,32,67,10,64,92,112,55"/><V36/><F113/><N who="3" m="43627" /><G32/><T53/><D115/><U4/><E109/><V122/><F126/><W43/><G29/><N who="1" m="11338" /><E42/><V61/><F33/><W76/><G76/><T132/><D70/><U90/><E79/><V119/><F36/><W123/><G123/><T99/><D132/><U130/><E130/><V3/><F3/><W49/><G92/><T106/><D5/><N who="1" m="2123" /><E63/><V20/><F61/><W87/><G10/><T2/><D2/><U96/><E24/><V118/><F121/><W89/><G1/><T56/><D72/><U111/><E111/><V37/><F122/><W74/><G74/><T41/><D116/><U16/><E17/><V77/><F19/><W30/><G30/><T34/><D34/><U69/><E69/><V128/><F71/><W35/><G35/><T83/><D41/><U51/><E51/><V133/><F37/><W105/><G105/><T98/><D107/><U38/><E38/><V26/><F110/><W81/><G131/><T88/><D106/><U117/><E117/><V27/><F128/><W6/><G6/><T59/><D99/><AGARI ba="0,0" hai="8,15,16,84,90,95,96,99" m="2123,11338" machi="99" ten="30,2000,0" yaku="8,1,54,1" doraHai="125" who="1" fromWho="0" sc="230,-20,220,20,325,0,225,0" /><INIT seed="3,0,0,2,1,9" ten="210,240,325,225" oya="3" hai0="92,73,64,130,90,109,105,110,117,10,96,52,122" hai1="26,111,100,29,45,47,93,50,1,82,44,106,43" hai2="125,94,28,39,22,135,36,49,21,85,95,46,48" hai3="59,13,56,2,124,98,83,12,123,37,16,128,25"/><W114/><G114/><T108/><D117/><U119/><E111/><V18/><F125/><W99/><G123/><T68/><D122/><U32/><E119/><V120/><F135/><W4/><G37/><T34/><D130/><U134/><E134/><V27/><F120/><W89/><G124/><T11/><D34/><U57/><E1/><V67/><F67/><W97/><G128/><T81/><D105/><U51/><E106/><V58/><F36/><W60/><G2/><T103/><D52/><U69/><E69/><V113/><F39/><W74/><G4/><T115/><D115/><U19/><E19/><V17/><F28/><W112/><G112/><T30/><D30/><U5/><E5/><V80/><F58/><N who="3" m="22059" /><G60/><N who="0" m="39943" /><D103/><U54/><E82/><V75/><F75/><W127/><G74/><T33/><D33/><U79/><E79/><N who="2" m="46239" /><F113/><W72/><G72/><T131/><D131/><U23/><E32/><V121/><F121/><W104/><G104/><T53/><D53/><U63/><E63/><V62/><F62/><W78/><G127/><T7/><D7/><U35/><E35/><V107/><F107/><W102/><G78/><AGARI ba="0,0" hai="10,11,73,78,81,90,92,96,108,109,110" m="39943" machi="78" ten="30,1000,0" yaku="14,1" doraHai="9" who="0" fromWho="3" sc="210,10,240,0,325,0,225,-10" owari="220,-18.0,240,4.0,325,42.5,215,-28.5" /></mjloggm>