<mjloggm ver="2.3"><GO type="225" lobby="0"/><UN n0="%E3%81%9F%E3%81%A3%E3%81%A1%E3%82%87" n1="%70%68%65%6E%6F%6D%65" n2="%73%6C%69%63%6B%33%31%39" n3="%E9%89%A2%E5%B7%BB%E3%82%AC%E3%83%96" dan="16,16,16,16" rate="2083.29,2122.72,2191.37,2138.08" sx="M,M,M,M"/><TAIKYOKU oya="0"/><INIT seed="0,0,0,5,5,121" ten="250,250,250,250" oya="0" hai0="0,7,92,135,87,1,80,42,49,86,26,119,100" hai1="14,94,17,117,84,91,28,72,109,68,102,38,70" hai2="116,50,66,75,46,93,77,59,15,114,43,19,74" hai3="105,122,39,45,61,10,52,71,118,62,96,34,131"/><T95/><D119/><U115/><E117/><V33/><F114/><W30/><G122/><T98/><D135/><U90/><E115/><V101/><F116/><W16/><G131/><T22/><D7/><U8/><E38/><V21/><F33/><W78/><G78/><T6/><D6/><U88/><E72/><V56/><F77/><W69/><G30/><T120/><D120/><U124/><E124/><V9/><F75/><W132/><G132/><T37/><D37/><U51/><E109/><V85/><F74/><W36/><G96/><T99/><D49/><U133/><E133/><V41/><F41/><W54/><G118/><T108/><D42/><U83/><E28/><V67/><F9/><W2/><G10/><T130/><D130/><U35/><E35/><V126/><F126/><W58/><G34/><T57/><D57/><N who="2" m="22090" /><F101/><W106/><G58/><T47/><D47/><U24/><E51/><V97/><F85/><W55/><G55/><T11/><D11/><U127/><E127/><V111/><F111/><W53/><G53/><T12/><D86/><U44/><E44/><V63/><F63/><W31/><G45/><T113/><D108/><U103/><E102/><V27/><F27/><W76/><G31/><N who="0" m="17879" /><D12/><U82/><E24/><V32/><F32/><W104/><G104/><T81/><D113/><U125/><E125/><V129/><F129/><W134/><G134/><T65/><D87/><N who="1" m="50295" /><E103/><V18/><F18/><W40/><G2/><N who="0" m="1131" /><D65/><U3/><E3/><V20/><F20/><W112/><G112/><T123/><D123/><U5/><E5/><V29/><F29/><RYUUKYOKU ba="0,0" sc="250,10,250,10,250,10,250,-30" hai0="80,81,92,95,98,99,100" hai1="8,14,17,68,70,83,84,90,91,94" hai2="15,19,21,43,46,50,66,67,93,97" /><INIT seed="0,1,0,5,4,64" ten="260,260,260,220" oya="0" hai0="76,11,7,32,70,65,39,83,34,86,102,30,104" hai1="92,49,135,20,79,59,28,107,12,13,115,120,36" hai2="80,58,2,22,35,47,84,81,45,55,108,134,21" hai3="98,54,110,67,78,105,33,75,26,44,89,71,91"/><T96/><D39/><U62/><E36/><V48/><F35/><W50/><G110/><T73/><D86/><U125/><E107/><V129/><F2/><W66/><G78/><T94/><D94/><U112/><E120/><V10/><F108/><W27/><G75/><T88/><D88/><U72/><E125/><V31/><F129/><W29/><G26/><T127/><D127/><U126/><E135/><V82/><F134/><W18/><G18/><T1/><D30/><U114/><E126/><V6/><F84/><W119/><G66/><T24/><D24/><N who="1" m="16391" /><E49/><V57/><F47/><W95/><G95/><T17/><REACH who="0" step="1"/><D17/><REACH who="0" ten="250,260,260,220" step="2"/><U3/><E92/><V116/><F31/><W25/><G27/><T100/><D100/><U118/><E118/><V103/><F103/><N who="3" m="62711" /><G119/><T69/><D69/><U5/><E79/><V19/><F116/><W128/><G128/><T14/><D14/><U23/><E72/><V51/><F19/><W9/><G89/><T113/><D113/><U42/><E13/><V74/><F74/><W132/><G91/><T4/><D4/><U111/><E5/><V123/><F6/><W46/><G71/><T8/><D8/><U133/><E133/><V131/><F10/><W90/><G9/><T101/><D101/><U15/><E12/><V93/><F131/><W68/><G132/><T61/><AGARI ba="1,1" hai="1,7,11,32,34,61,65,70,73,76,83,96,102,104" machi="61" ten="30,18000,2" yaku="1,1,0,1,33,3,52,1,53,0" doraHai="64" doraHaiUra="122" who="0" fromWho="0" sc="250,193,260,-61,260,-61,220,-61" /><INIT seed="0,2,0,3,2,130" ten="443,199,199,159" oya="0" hai0="92,48,117,37,87,32,128,132,34,51,102,120,60" hai1="97,89,65,8,70,101,50,123,6,134,54,110,124" hai2="11,94,9,25,47,80,5,127,122,99,18,19,105" hai3="52,46,63,115,103,109,40,0,74,116,129,114,59"/><T12/><D132/><U21/><E123/><V88/><F122/><W112/><G74/><T96/><D128/><U39/><E39/><V42/><F127/><W119/><G129/><T30/><D37/><U41/><E110/><V111/><F111/><W10/><G109/><T23/><D117/><U36/><E124/><V75/><F105/><W31/><G103/><T24/><D120/><U67/><E41/><V83/><F75/><W71/><G31/><T107/><D32/><U61/><E36/><V33/><F33/><W121/><G121/><T85/><D107/><U95/><E65/><V73/><F73/><W7/><REACH who="3" step="1"/><G71/><REACH who="3" ten="443,199,199,149" step="2"/><T76/><D30/><U20/><E101/><V131/><F131/><W79/><G79/><T13/><D76/><U27/><E134/><V58/><F88/><W90/><G90/><T100/><D102/><U66/><E66/><V68/><F68/><W57/><G57/><T113/><D100/><U126/><E126/><V125/><F58/><W26/><G26/><T35/><D24/><U44/><REACH who="1" step="1"/><E27/><REACH who="1" ten="443,189,199,149" step="2"/><V3/><F125/><W78/><G78/><T15/><D34/><U82/><E82/><V4/><F80/><W28/><G28/><T2/><D35/><U49/><E49/><AGARI ba="2,2" hai="0,7,10,40,46,49,52,59,63,112,114,115,116,119" machi="49" ten="40,2600,0" yaku="1,1,54,1,53,0" doraHai="130" doraHaiUra="22" who="3" fromWho="1" sc="443,0,189,-32,199,0,149,52" /><INIT seed="1,0,0,1,3,81" ten="443,157,199,201" oya="1" hai0="67,92,27,122,89,11,63,94,2,91,45,111,20" hai1="93,106,44,46,101,6,18,31,100,105,131,16,95" hai2="128,129,50,21,26,56,113,35,76,41,52,123,107" hai3="37,3,104,38,96,7,57,124,118,90,1,32,71"/><U54/><E31/><V126/><F123/><W84/><G71/><T99/><D111/><U68/><E68/><V135/><F107/><W36/><G32/><T114/><D114/><U70/><E70/><V47/><F113/><W117/><G124/><T80/><D122/><U133/><E54/><V86/><F35/><W79/><G79/><T28/><D80/><U88/><E6/><V64/><F64/><W61/><G96/><T60/><D45/><U5/><E5/><V78/><F126/><W82/><G104/><T39/><D39/><U87/><E131/><N who="2" m="50251" /><F86/><W33/><G33/><T29/><D28/><U15/><E133/><V116/><F116/><N who="3" m="44651" /><G7/><T43/><D43/><U51/><E105/><V25/><F135/><W12/><G12/><T62/><D2/><U83/><E106/><V42/><F42/><W34/><G34/><T53/><D53/><AGARI ba="0,0" hai="1,3,36,37,38,53,57,61,82,84,90" m="44651" machi="53" ten="40,2600,0" yaku="12,1,52,1" doraHai="81" who="3" fromWho="0" sc="443,-26,157,0,199,0,201,26" /><INIT seed="2,0,0,1,2,121" ten="417,157,199,227" oya="2" hai0="85,133,15,43,112,46,127,25,67,75,29,74,120" hai1="1,76,135,93,134,100,33,95,111,113,101,7,78" hai2="38,54,79,50,40,45,97,11,118,32,124,10,68" hai3="64,82,56,126,63,125,71,37,6,86,20,60,22"/><V70/><F32/><W4/><G37/><T83/><D120/><U108/><E33/><V104/><F118/><W81/><G56/><T51/><D112/><U59/><E113/><V8/><F79/><N who="1" m="30249" /><E59/><V48/><F124/><W2/><G2/><T89/><D133/><N who="1" m="50699" /><E7/><V98/><F38/><W16/><G86/><T27/><D67/><U73/><E73/><V90/><F104/><W102/><G102/><N who="1" m="39530" /><E1/><V62/><F62/><W99/><G64/><T36/><D74/><U130/><E130/><V49/><F68/><W31/><G71/><T80/><D75/><U65/><E65/><V94/><F70/><W30/><G6/><T115/><D115/><U21/><E21/><V88/><F54/><W61/><G4/><T24/><D127/><U57/><E57/><V3/><F3/><W52/><G52/><T84/><D24/><U41/><E41/><V39/><REACH who="2" step="1"/><F90/><REACH who="2" ten="417,157,189,227" step="2"/><W28/><G125/><T77/><D36/><U129/><E129/><V12/><F12/><W131/><G126/><T42/><D15/><U14/><E14/><V34/><F34/><W0/><G131/><T23/><D25/><U109/><AGARI ba="0,1" hai="93,95,108,109,111" m="39530,50699,30249" machi="109" ten="40,16000,3" yaku="28,2,14,1,20,1,34,2,52,3" doraHai="121" who="1" fromWho="1" sc="417,-40,157,170,189,-80,227,-40" /><INIT seed="3,0,0,2,1,105" ten="377,327,109,187" oya="3" hai0="13,57,0,32,15,121,79,5,78,87,104,118,82" hai1="119,84,106,101,86,52,120,8,102,72,94,50,37" hai2="129,55,116,92,33,53,28,99,44,48,9,97,126" hai3="74,43,112,70,40,123,124,14,21,30,100,103,83"/><W26/><G112/><T117/><D104/><U27/><E120/><V65/><F129/><W95/><G123/><T107/><D107/><U45/><E119/><V88/><F126/><W62/><G124/><T11/><D121/><U2/><E37/><V75/><F116/><W71/><G14/><T7/><D32/><U63/><E106/><V96/><F65/><W77/><G100/><T61/><D78/><U38/><E38/><V18/><F33/><W76/><G76/><T54/><D0/><U69/><E27/><V22/><F75/><W46/><G62/><T31/><D31/><U64/><E72/><V67/><F67/><W4/><G4/><T80/><D80/><U1/><E2/><V125/><F125/><W90/><G103/><T20/><D20/><U39/><E39/><V113/><F113/><W35/><G35/><T59/><D57/><U19/><E86/><V41/><F28/><W93/><G93/><T128/><D128/><U24/><E24/><V133/><F133/><W66/><G66/><T68/><D68/><U127/><E127/><V91/><F9/><AGARI ba="0,0" hai="5,7,9,11,13,15,54,59,61,79,82,87,117,118" machi="9" ten="40,1300,0" yaku="9,1" doraHai="105" who="0" fromWho="2" sc="377,13,327,0,109,-13,187,0" owari="390,49.0,327,12.7,96,-40.4,187,-21.3" /></mjloggm>