<mjloggm ver="2.3"><GO type="225" lobby="0"/><UN n0="%E3%81%99%E3%81%84%E3%81%BE%E3%81%9B%E3%83%BC%E3%82%93" n1="%E3%81%B2%E3%81%AA%E3%81%AE%E3%82%8A%E3%81%8F" n2="%E6%98%93%E5%88%A9%E8%96%A9%E4%BC%AF" n3="%E5%B0%8F%E9%B3%A5%E9%81%8A%E7%B7%B4%E7%84%A1%32%31%E6%AD%B3" dan="17,17,16,16" rate="2230.55,2149.76,2063.09,2185.92" sx="M,M,F,F"/><TAIKYOKU oya="0"/><INIT seed="0,0,0,0,0,104" ten="250,250,250,250" oya="0" hai0="116,86,117,45,19,60,80,129,59,11,133,76,5" hai1="114,20,134,43,118,64,75,29,71,58,69,12,103" hai2="41,92,27,91,85,89,105,74,18,56,32,125,119" hai3="33,40,21,112,57,73,0,70,87,15,38,62,77"/><T95/><D129/><U121/><E118/><V110/><F119/><W109/><G0/><T111/><D133/><U66/><E43/><V44/><F110/><W26/><G112/><T53/><D111/><U122/><E12/><V72/><F105/><W82/><G70/><T2/><D19/><U93/><E93/><V83/><F125/><W131/><G109/><T115/><D115/><U68/><E58/><V8/><F56/><W25/><G33/><T50/><REACH who="0" step="1"/><D95/><REACH who="0" ten="240,250,250,250" step="2"/><U10/><E114/><V37/><F8/><W52/><G131/><T3/><D3/><U107/><E10/><V108/><F108/><W48/><G38/><T14/><D14/><U78/><E134/><V16/><F18/><W135/><G135/><T132/><D132/><U65/><E122/><V31/><REACH who="2" step="1"/><F16/><REACH who="2" ten="240,250,240,250" step="2"/><N who="3" m="10399" /><G25/><T63/><D63/><U128/><E121/><V124/><F124/><W101/><G26/><T113/><D113/><U106/><E128/><V88/><F88/><W23/><G62/><T4/><D4/><U97/><E107/><V9/><F9/><W127/><G127/><T28/><D28/><U94/><E106/><V35/><F35/><W34/><G34/><T1/><D1/><U7/><E29/><V46/><F46/><W90/><G90/><T98/><D98/><AGARI ba="0,2" hai="27,31,32,37,41,44,72,74,83,85,89,91,92,98" machi="98" ten="30,7700,0" yaku="1,1,7,1,52,2,53,0" doraHai="104" doraHaiUra="100" who="2" fromWho="0" sc="240,-77,250,0,240,97,250,0" /><INIT seed="1,0,0,2,0,70" ten="163,250,337,250" oya="1" hai0="104,21,119,95,66,27,77,109,58,84,108,118,24" hai1="11,90,102,48,7,44,110,35,92,135,111,13,28" hai2="123,91,34,67,56,2,97,131,61,53,59,120,39" hai3="64,65,30,12,29,0,99,129,132,133,63,25,96"/><U130/><E130/><V14/><F2/><W16/><G0/><T60/><D104/><U23/><E35/><V37/><F34/><W73/><G73/><T93/><D27/><U117/><E117/><V51/><F14/><W19/><G12/><T71/><D71/><U115/><E115/><V69/><F91/><W98/><G63/><T8/><D8/><U103/><E28/><N who="3" m="10858" /><G25/><T18/><D95/><U85/><E23/><V32/><F97/><W33/><G33/><T106/><D106/><U80/><E135/><N who="3" m="51786" /><G129/><T88/><REACH who="0" step="1"/><D77/><REACH who="0" ten="153,250,337,250" step="2"/><U47/><E92/><V54/><F131/><W22/><G22/><T40/><D40/><U62/><E11/><V116/><F32/><W127/><G127/><T78/><D78/><U52/><E111/><AGARI ba="0,1" hai="18,21,24,58,60,66,84,88,93,108,109,111,118,119" machi="111" ten="40,8000,1" yaku="1,1,14,1,54,1,53,1" doraHai="70" doraHaiUra="86" who="0" fromWho="1" sc="153,90,250,-80,337,0,250,0" /><INIT seed="2,0,0,0,0,58" ten="243,170,337,250" oya="2" hai0="27,45,88,86,69,124,102,132,62,127,17,97,53" hai1="9,125,52,104,23,36,0,85,92,28,116,82,3" hai2="48,89,78,42,70,71,103,43,90,34,93,80,5" hai3="118,64,54,131,6,83,121,107,60,24,67,112,96"/><V133/><F34/><W49/><G118/><T51/><D132/><U105/><E116/><V61/><F103/><W65/><G121/><T91/><D27/><U10/><E36/><V99/><F90/><W119/><G119/><T56/><D69/><U109/><E109/><V15/><F133/><W47/><G6/><T4/><D17/><U129/><E129/><V29/><F29/><W25/><G131/><T13/><D13/><U115/><E115/><V26/><F26/><W41/><G83/><T84/><D4/><U106/><E125/><N who="0" m="48201" /><D86/><U19/><E28/><V122/><F122/><W110/><G110/><T22/><D22/><U114/><E114/><V81/><F81/><W30/><G112/><T31/><D84/><U33/><E33/><V55/><F71/><W21/><G24/><T44/><D44/><U135/><E135/><V120/><F5/><W134/><G134/><T111/><D31/><U59/><E3/><V72/><F15/><W2/><G2/><T87/><D87/><U1/><E0/><V40/><F120/><W77/><G77/><T38/><D38/><U8/><E1/><V98/><F98/><W100/><REACH who="3" step="1"/><G41/><REACH who="3" ten="243,170,337,240" step="2"/><N who="0" m="25007" /><D111/><U130/><E130/><V46/><F43/><W113/><G113/><T74/><D74/><U94/><E82/><V37/><F37/><W57/><AGARI ba="0,1" hai="21,25,30,47,49,54,57,60,64,65,67,96,100,107" machi="57" ten="20,5200,0" yaku="1,1,0,1,7,1,52,1,53,0" doraHai="58" doraHaiUra="12" who="3" fromWho="3" sc="243,-13,170,-13,337,-26,240,62" /><INIT seed="3,0,0,2,2,15" ten="230,157,311,302" oya="3" hai0="44,47,19,87,115,100,23,45,89,53,4,126,78" hai1="52,6,61,36,9,49,14,77,24,12,116,119,10" hai2="56,57,64,27,127,90,118,5,133,0,107,69,66" hai3="7,3,22,58,55,17,74,71,81,60,2,54,31"/><W59/><G71/><T34/><D34/><U43/><E77/><V39/><F39/><W111/><G31/><T105/><D126/><U102/><E102/><V48/><F107/><W62/><G7/><T73/><D115/><U98/><E98/><V106/><F106/><W21/><G111/><T91/><D4/><U134/><E134/><V26/><F118/><W35/><G35/><T33/><D33/><U129/><E129/><V28/><F27/><W130/><G130/><T122/><D122/><U20/><E36/><V112/><F69/><W85/><G22/><T83/><D105/><U37/><E37/><V124/><F112/><W80/><G74/><T132/><D100/><U109/><E109/><V51/><F90/><N who="0" m="34314" /><D73/><U94/><E94/><V41/><F5/><W50/><G50/><N who="2" m="18985" /><F41/><W108/><G108/><T68/><D68/><U82/><E61/><V11/><F11/><W18/><G21/><T40/><D132/><U104/><E104/><V123/><F0/><W117/><G117/><T8/><D8/><U72/><E43/><V1/><F1/><W95/><G95/><T97/><D97/><U101/><E119/><V110/><F123/><W79/><G79/><T135/><D135/><U96/><E116/><V42/><F110/><W76/><G76/><T70/><D70/><U13/><E72/><V65/><F42/><W88/><G85/><T86/><D86/><U16/><E10/><V30/><F133/><W114/><G88/><T125/><D40/><U32/><E32/><V93/><F93/><W38/><G114/><T131/><D131/><U103/><E9/><RYUUKYOKU ba="0,0" sc="230,-10,157,-10,311,-10,302,30" hai3="2,3,17,18,38,54,55,58,59,60,62,80,81" owari="220,-18.0,147,-35.3,301,10.1,332,43.2" /></mjloggm>