<mjloggm ver="2.3"><GO type="225" lobby="0"/><UN n0="%E3%82%BC%E3%83%AB%E3%83%80%E3%81%AE%E4%BC%9D%E8%AA%AC" n1="%E7%B4%94%E6%BD%94%E3%83%94%E3%83%A9%E3%83%8B%E3%82%A2" n2="%E7%AD%89%E3%80%85%E5%8A%9B%E5%8A%87%E5%A0%B4" n3="%E3%82%B8%E3%83%A3%E3%83%9E%E3%83%BC%E3%83%AB%E3%83%9E%E3%83%AC%E3%83%BC" dan="16,18,16,17" rate="2230.61,2285.79,2151.05,2202.40" sx="M,M,M,M"/><TAIKYOKU oya="0"/><INIT seed="0,0,0,0,0,24" ten="250,250,250,250" oya="0" hai0="46,102,8,43,27,37,106,113,96,98,55,44,79" hai1="48,33,85,7,39,14,109,15,6,117,5,40,32" hai2="81,2,30,77,47,70,52,56,103,17,76,25,34" hai3="119,22,42,71,62,92,111,82,114,108,41,88,89"/><T133/><D113/><U134/><E39/><V63/><F2/><W18/><G119/><T50/><D133/><U20/><E40/><V120/><F120/><W123/><G114/><T31/><D96/><U9/><E48/><V1/><F1/><W83/><G123/><T127/><D127/><U72/><E72/><V13/><F70/><W4/><G4/><N who="1" m="1642" /><E85/><V54/><F103/><W0/><G0/><T125/><D125/><U19/><E117/><V80/><F81/><N who="3" m="30731" /><G62/><T60/><D8/><N who="1" m="4383" /><E109/><N who="3" m="42058" /><G71/><T69/><D79/><U107/><E107/><V94/><F94/><W110/><N who="3" m="42066" /><W128/><DORA hai="65" /><G128/><T73/><D73/><U64/><E64/><V115/><F115/><W35/><G35/><N who="1" m="13386" /><E134/><V126/><F126/><W91/><G92/><T36/><D60/><U74/><E74/><V99/><F63/><W26/><AGARI ba="0,0" hai="18,22,26,41,42,88,89,91" m="42066,30731" machi="26" ten="50,3200,0" yaku="14,1,54,1" doraHai="24,65" who="3" fromWho="3" sc="250,-16,250,-8,250,-8,250,32" /><INIT seed="1,0,0,3,4,95" ten="234,242,242,282" oya="1" hai0="63,29,7,40,64,94,20,33,124,27,13,85,84" hai1="10,97,104,118,44,55,100,65,50,4,12,79,1" hai2="60,96,131,128,115,135,117,39,123,92,61,46,99" hai3="110,103,48,35,18,14,119,11,5,88,9,69,132"/><U101/><E118/><V6/><F123/><W74/><G69/><T21/><D124/><U37/><E100/><V90/><F117/><W102/><G35/><T38/><D38/><U107/><E107/><V42/><F135/><W24/><G74/><T121/><D40/><U108/><E37/><V109/><F109/><W23/><G110/><T78/><D121/><U58/><E108/><V129/><F115/><W15/><G132/><T73/><D73/><U30/><E30/><V53/><F6/><W59/><G119/><T125/><D125/><U114/><E114/><V16/><F53/><N who="3" m="32167" /><G88/><T93/><D33/><U3/><REACH who="1" step="1"/><E79/><REACH who="1" ten="234,232,242,282" step="2"/><V116/><F116/><W2/><G2/><T81/><D78/><U133/><E133/><V17/><F131/><W62/><G62/><AGARI ba="0,1" hai="1,3,4,10,12,44,50,55,58,62,65,97,101,104" machi="62" ten="40,3900,0" yaku="1,1,52,1,53,0" doraHai="95" doraHaiUra="106" who="1" fromWho="3" sc="234,0,232,49,242,0,282,-39" /><INIT seed="1,1,0,4,2,26" ten="234,281,242,243" oya="1" hai0="27,52,103,82,34,60,15,76,87,53,80,135,1" hai1="123,67,35,5,98,57,70,21,37,130,90,89,73" hai2="36,22,129,112,75,58,109,120,13,33,72,11,105" hai3="106,124,95,100,32,94,14,115,117,84,19,86,92"/><U4/><E35/><V44/><F75/><W17/><G115/><T78/><D1/><U42/><E73/><V65/><F33/><W111/><G32/><T88/><D135/><U25/><E70/><V61/><F105/><W28/><G111/><T45/><D103/><U54/><E123/><V49/><F72/><W29/><G124/><T122/><D122/><U104/><E130/><V56/><F120/><W12/><G117/><T18/><D34/><U50/><E104/><V101/><F36/><W81/><G100/><T114/><D114/><U133/><E133/><V41/><F112/><W63/><G63/><T10/><D27/><U3/><E3/><V20/><F109/><W116/><G116/><T99/><D99/><U134/><E134/><V23/><F129/><W43/><G43/><T83/><D60/><N who="1" m="38287" /><E42/><V113/><F113/><W131/><G131/><T118/><D118/><U97/><E37/><V30/><F101/><W38/><G38/><T7/><D7/><N who="1" m="2635" /><E98/><V46/><F58/><W64/><G64/><T96/><D96/><U6/><N who="1" m="2643" /><U31/><DORA hai="102" /><E97/><V24/><F46/><AGARI ba="1,0" hai="21,25,31,46,50,54,89,90" m="2643,38287" machi="46" ten="30,2900,0" yaku="8,1,52,1" doraHai="26,102" who="1" fromWho="2" sc="234,0,281,32,242,-32,243,0" /><INIT seed="1,2,0,4,3,18" ten="234,313,210,243" oya="1" hai0="88,61,45,87,132,35,10,34,135,73,92,24,38" hai1="50,40,134,25,39,23,19,68,1,9,27,54,36" hai2="52,110,104,6,77,96,129,89,99,83,91,120,121" hai3="97,82,47,107,106,32,111,69,131,31,43,55,5"/><U8/><E68/><V11/><F110/><W59/><G69/><T115/><D115/><U63/><E134/><N who="0" m="51241" /><D73/><U29/><E63/><V67/><F67/><W71/><G71/><T78/><D78/><U28/><E40/><V62/><F129/><W108/><G5/><T56/><D10/><U116/><E116/><V117/><F117/><W66/><G66/><N who="0" m="39207" /><D24/><U4/><E8/><V124/><F124/><W127/><G127/><T22/><D22/><U13/><E25/><V100/><F96/><W72/><G97/><T105/><D105/><U113/><E113/><V80/><F91/><W53/><G131/><T7/><D7/><U48/><E48/><V75/><F89/><W114/><G114/><T118/><D118/><U81/><E81/><V46/><F83/><W94/><G94/><T103/><D103/><U15/><E15/><V128/><F128/><W57/><G82/><T65/><D65/><U20/><E28/><V51/><REACH who="2" step="1"/><F62/><REACH who="2" ten="234,313,200,243" step="2"/><W76/><G111/><T49/><D38/><U93/><E93/><V79/><F79/><W98/><G108/><T130/><D130/><U126/><E126/><V16/><F16/><W2/><G76/><T14/><D14/><AGARI ba="2,1" hai="6,11,14,46,51,52,75,77,80,99,100,104,120,121" machi="14" ten="30,3900,0" yaku="1,1,7,1,54,1,53,0" doraHai="18" doraHaiUra="37" who="2" fromWho="0" sc="234,-45,313,0,200,55,243,0" /><INIT seed="2,0,0,3,1,130" ten="189,313,255,243" oya="2" hai0="90,53,113,1,109,2,13,63,96,82,36,43,106" hai1="87,54,31,10,70,101,135,88,66,105,100,120,69" hai2="134,28,46,97,114,47,61,80,75,33,124,27,84" hai3="34,59,38,71,56,16,32,21,78,49,112,51,11"/><V37/><F114/><W131/><G131/><T60/><D113/><U74/><E74/><V127/><F75/><W72/><G112/><T25/><D109/><U41/><E41/><V35/><F35/><W3/><G71/><T15/><D36/><U40/><E40/><V5/><F5/><W19/><G38/><T39/><D39/><U77/><E77/><V23/><F33/><W133/><G72/><T7/><D43/><U48/><E31/><V108/><F108/><W0/><G21/><T14/><D106/><U94/><E120/><V6/><F6/><W107/><G78/><T116/><D116/><U4/><E135/><V58/><F97/><W64/><G64/><T95/><D7/><U24/><E24/><V132/><F37/><W123/><G11/><T81/><D25/><U86/><E86/><V22/><F22/><W99/><G99/><T102/><D53/><U91/><E91/><N who="2" m="51591" /><F47/><W68/><G68/><T57/><D102/><U62/><E105/><V55/><F46/><W119/><G107/><T12/><N who="0" m="3072" /><DORA hai="83" /><T125/><D125/><AGARI ba="0,0" hai="23,27,28,55,58,61,124,125,127,132,134" m="51591" machi="125" ten="30,11600,0" yaku="18,1,52,3" doraHai="130,83" who="2" fromWho="0" sc="189,-116,313,0,255,116,243,0" /><INIT seed="2,1,0,2,5,84" ten="73,313,371,243" oya="2" hai0="35,99,29,115,39,70,120,74,54,10,2,67,69" hai1="112,82,102,4,47,127,15,116,97,59,49,0,53" hai2="50,125,124,22,76,126,63,81,37,41,105,38,32" hai3="25,20,78,46,11,103,100,34,12,106,18,43,27"/><V1/><F32/><W107/><G78/><T129/><D54/><U96/><E116/><V9/><F105/><W3/><G107/><T92/><D115/><U133/><E112/><V110/><F110/><W130/><G130/><T87/><D120/><U75/><E127/><V56/><F22/><W83/><G106/><T16/><D129/><U77/><E133/><V61/><F1/><W117/><G117/><T114/><D74/><U33/><E33/><V26/><F26/><W62/><G62/><N who="2" m="23561" /><F9/><W132/><G83/><T55/><D114/><U72/><E0/><V5/><F5/><N who="3" m="1471" /><G25/><T31/><D39/><N who="2" m="14858" /><F76/><W89/><G89/><T94/><D87/><U119/><E119/><V123/><F81/><W128/><G132/><T86/><D86/><U111/><E111/><V134/><F134/><W7/><G7/><T64/><D99/><U95/><E75/><V122/><F41/><W93/><G93/><T58/><D2/><U88/><E4/><V28/><F28/><N who="3" m="19743" /><G128/><T23/><D94/><U85/><E15/><V13/><F13/><W45/><G43/><T71/><D92/><U40/><REACH who="1" step="1"/><E102/><AGARI ba="1,0" hai="12,18,20,45,46,100,102,103" m="19743,1471" machi="102" ten="30,1000,0" yaku="24,1" doraHai="84" who="3" fromWho="1" sc="73,0,313,-13,371,0,243,13" /><INIT seed="3,0,0,0,2,83" ten="73,300,371,256" oya="3" hai0="87,13,14,71,126,122,39,100,72,108,12,110,70" hai1="89,116,124,102,111,77,79,104,127,101,93,18,48" hai2="113,128,80,49,105,114,120,23,123,92,86,68,52" hai3="121,25,44,98,41,1,30,38,47,76,15,36,94"/><W5/><G121/><N who="2" m="46665" /><F105/><W51/><G1/><T75/><D100/><N who="1" m="38507" /><E48/><V22/><F68/><W56/><G76/><N who="1" m="29258" /><E18/><V66/><F66/><W45/><G36/><T35/><D122/><U10/><E10/><V26/><F92/><W65/><G15/><T125/><D39/><U0/><E0/><V55/><F128/><W106/><G106/><T99/><D99/><U31/><E31/><N who="2" m="17879" /><F23/><N who="3" m="15679" /><G5/><T64/><D64/><U9/><E9/><V115/><F49/><W29/><G29/><T57/><D57/><U62/><E62/><V74/><F74/><W63/><G38/><T3/><D3/><U97/><E104/><V46/><F46/><W40/><G40/><T103/><D103/><AGARI ba="0,0" hai="41,44,45,47,51,56,63,65,94,98,103" m="15679" machi="103" ten="30,2900,0" yaku="25,1,8,1" doraHai="83" who="3" fromWho="0" sc="73,-29,300,0,371,0,256,29" /><INIT seed="3,1,0,4,5,0" ten="44,300,371,285" oya="3" hai0="3,112,57,89,92,52,118,23,2,31,116,60,101" hai1="121,86,113,135,12,129,127,26,109,91,77,6,71" hai2="10,16,88,33,67,21,134,133,130,4,104,19,30" hai3="97,83,93,108,103,11,17,114,87,65,85,59,131"/><W9/><G114/><T74/><D112/><U1/><E77/><V37/><F37/><W48/><G131/><T107/><D3/><U29/><E71/><V69/><F104/><W102/><G108/><T98/><D31/><U8/><E109/><V124/><F33/><W73/><G103/><T62/><D62/><U75/><E75/><V111/><F111/><W132/><G132/><N who="2" m="50793" /><F124/><W66/><G73/><T39/><D39/><U82/><E127/><V24/><F130/><W95/><G95/><T46/><D46/><U117/><E135/><V64/><F88/><N who="3" m="51263" /><G87/><T20/><D20/><U43/><E129/><V123/><F123/><W55/><G17/><N who="2" m="6729" /><F69/><W80/><G80/><T84/><D23/><U56/><E121/><V27/><F27/><W25/><G25/><T54/><D54/><U94/><E113/><V122/><F122/><W63/><G66/><T53/><D53/><U96/><E43/><V120/><F120/><W41/><G41/><T40/><D40/><U79/><E117/><V58/><F58/><AGARI ba="1,0" hai="9,11,48,55,58,59,63,65,93,97,102" m="51263" machi="58" ten="30,2900,0" yaku="8,1,54,1" doraHai="0" who="3" fromWho="2" sc="44,0,300,0,371,-32,285,32" /><INIT seed="3,2,0,0,0,46" ten="44,300,339,317" oya="3" hai0="41,130,93,124,129,126,47,45,60,22,120,107,2" hai1="38,20,7,74,0,55,97,59,29,134,1,90,135" hai2="23,133,13,131,102,14,73,78,100,109,30,31,28" hai3="91,63,16,118,111,56,40,51,9,27,6,89,108"/><W67/><G118/><T95/><D2/><U82/><E38/><V52/><F109/><N who="3" m="42059" /><G40/><T25/><D22/><U62/><E7/><V36/><F36/><W54/><G16/><T81/><D25/><N who="1" m="16551" /><E74/><V65/><F133/><N who="1" m="50697" /><E82/><V66/><F131/><W87/><G87/><T68/><D81/><U57/><E59/><V17/><F73/><W71/><G27/><T116/><D107/><U119/><E119/><V113/><F78/><W83/><G83/><T123/><D116/><U5/><E5/><V98/><F113/><W128/><G128/><T43/><D93/><N who="1" m="56503" /><E0/><AGARI ba="2,0" hai="0,6,9,51,54,56,63,67,71,89,91" m="42059" machi="0" ten="30,5800,0" yaku="14,1,10,1,52,1" doraHai="46" who="3" fromWho="1" sc="44,0,300,-64,339,0,317,64" owari="44,-45.6,236,-16.4,339,13.9,381,48.1" /></mjloggm>