<mjloggm ver="2.3"><GO type="225" lobby="0"/><UN n0="%73%61%6B%6F%EF%BC%A0%E6%9C%80" n1="%E5%80%89%E6%A9%8B%EF%BC%A0%E4%BA%8B%E5%8B%99" n2="%4E%49%4A%49%49%52%4F" n3="%4D%50%43%32%38%30%30" dan="16,16,16,16" rate="2162.17,2077.97,2194.59,2110.58" sx="M,M,M,M"/><TAIKYOKU oya="0"/><INIT seed="0,0,0,1,1,85" ten="250,250,250,250" oya="0" hai0="106,80,24,34,79,21,51,113,3,12,124,42,54" hai1="87,47,13,67,75,71,105,69,49,22,90,41,100" hai2="76,1,72,107,103,89,73,50,0,77,14,68,31" hai3="120,98,93,43,62,95,61,25,9,59,2,4,81"/><T86/><D113/><U6/><E75/><V8/><F68/><W23/><G120/><T127/><D106/><U112/><E112/><V48/><F31/><W128/><G128/><T44/><D3/><U55/><E67/><V26/><F26/><W16/><G43/><T39/><D34/><U84/><E105/><V30/><F30/><W114/><G114/><T37/><D12/><U7/><E100/><V96/><F14/><W5/><G5/><N who="1" m="1546" /><E69/><V29/><F29/><W111/><G111/><T88/><D79/><U18/><E71/><V119/><F119/><W131/><G131/><T104/><D104/><U53/><E90/><V123/><F89/><W27/><G27/><T126/><D42/><U129/><E129/><V102/><F123/><W108/><G108/><T19/><AGARI ba="0,0" hai="19,21,24,37,39,44,51,54,80,86,88,124,126,127" machi="19" ten="30,11700,0" yaku="0,1,18,1,52,1,54,1" doraHai="85" who="0" fromWho="0" sc="250,117,250,-39,250,-39,250,-39" /><INIT seed="0,1,0,2,3,57" ten="367,211,211,211" oya="0" hai0="18,98,0,25,70,6,99,96,114,14,102,84,85" hai1="46,118,104,63,64,128,5,75,40,16,91,107,52" hai2="120,127,67,115,15,8,7,77,43,113,79,101,60" hai3="125,30,109,71,87,86,62,119,121,76,65,124,108"/><T73/><D114/><U3/><E118/><V26/><F120/><W68/><G119/><T88/><D73/><U135/><E128/><V49/><F127/><N who="3" m="48715" /><G121/><T9/><D70/><U100/><E135/><V59/><F113/><W80/><G71/><T23/><D85/><U58/><E75/><V33/><F115/><W82/><G30/><T92/><REACH who="0" step="1"/><D0/><REACH who="0" ten="357,211,211,211" step="2"/><U90/><E3/><V11/><F79/><AGARI ba="1,1" hai="62,65,68,76,79,80,82,86,87,108,109" m="48715" machi="79" ten="30,2000,0" yaku="18,1,52,1" doraHai="57" who="3" fromWho="2" sc="357,0,211,0,211,-23,211,33" /><INIT seed="1,0,0,3,5,8" ten="357,211,188,244" oya="1" hai0="74,133,47,117,4,110,68,59,49,37,118,33,132" hai1="43,100,107,108,18,87,15,38,35,57,48,13,1" hai2="92,64,105,134,23,46,88,101,99,22,94,78,135" hai3="53,67,80,5,3,116,60,96,32,112,62,75,19"/><U44/><E1/><V58/><F46/><W126/><G112/><T127/><D74/><U89/><E108/><V114/><F114/><W82/><G126/><T14/><D33/><U65/><E35/><V9/><F78/><W40/><G32/><T66/><D110/><U111/><E111/><V16/><F105/><W73/><G40/><N who="0" m="22927" /><D127/><U103/><E38/><V129/><F129/><W50/><G96/><T28/><D28/><U6/><E107/><V128/><F128/><W83/><G5/><T56/><D14/><N who="1" m="5131" /><E18/><V45/><F45/><W52/><G19/><T130/><D4/><U2/><E2/><V51/><F134/><N who="0" m="51818" /><D130/><U70/><E70/><V30/><F30/><W27/><G3/><T104/><D104/><U121/><E121/><V97/><F135/><W31/><G31/><T55/><D68/><U125/><E6/><V63/><F51/><W85/><G75/><T72/><D72/><U54/><E125/><V115/><F115/><W12/><G27/><T41/><D41/><U36/><E36/><V76/><F76/><W26/><G26/><T39/><D39/><U120/><E120/><V10/><F22/><W7/><G73/><T102/><D118/><U77/><E77/><V20/><F23/><W11/><G116/><T24/><D117/><U109/><E109/><V98/><F99/><W122/><G122/><T69/><D69/><U113/><E113/><V106/><F106/><W79/><G79/><T124/><D124/><U17/><E17/><V90/><F101/><N who="1" m="38985" /><E65/><V25/><AGARI ba="0,0" hai="9,10,16,20,25,58,63,64,88,90,92,94,97,98" machi="25" ten="20,12000,2" yaku="0,1,7,1,9,1,8,1,54,2" doraHai="8" who="2" fromWho="2" sc="357,-30,211,-60,188,120,244,-30" /><INIT seed="2,0,0,4,2,83" ten="327,151,308,214" oya="2" hai0="101,115,52,79,15,38,134,110,41,51,45,32,21" hai1="119,0,58,68,25,109,18,106,67,78,91,111,131" hai2="4,3,90,37,135,93,69,20,64,40,19,24,113" hai3="59,84,53,76,73,46,128,107,42,127,62,6,44"/><V133/><F113/><W86/><G107/><T94/><D115/><U81/><E119/><V29/><F69/><W130/><G127/><T82/><D32/><U75/><E131/><N who="3" m="50218" /><G6/><T17/><D110/><N who="1" m="41995" /><E106/><V102/><F102/><W120/><G120/><T71/><D71/><U43/><E0/><V103/><F103/><W7/><G7/><T26/><D134/><N who="2" m="51210" /><F64/><W23/><G23/><T89/><D101/><U16/><E68/><V72/><F72/><W13/><G13/><T100/><D100/><U92/><E43/><V50/><F37/><N who="3" m="21583" /><G46/><T63/><D63/><N who="1" m="38391" /><E25/><V132/><F4/><W88/><G88/><T9/><D89/><U39/><E39/><V2/><F29/><W34/><G34/><T30/><D94/><U129/><E129/><V36/><F36/><W5/><G5/><T105/><D38/><U33/><E33/><V31/><F31/><W48/><G62/><T116/><D105/><U124/><E124/><V96/><F132/><W55/><G55/><T8/><D116/><U60/><E60/><V80/><F80/><AGARI ba="0,0" hai="48,53,59,73,76,80,84,86" m="21583,50218" machi="80" ten="30,3900,0" yaku="19,1,52,2" doraHai="83" who="3" fromWho="2" sc="327,0,151,0,308,-39,214,39" /><INIT seed="3,0,0,0,4,99" ten="327,151,269,253" oya="3" hai0="51,56,121,89,74,65,12,48,15,96,94,16,115" hai1="131,45,117,11,18,118,23,62,24,9,0,81,52" hai2="132,19,127,82,76,119,112,17,20,97,79,44,36" hai3="2,111,46,26,102,135,125,29,80,71,69,73,59"/><W58/><G2/><T124/><D121/><U30/><E131/><V83/><F112/><W106/><G135/><T92/><D74/><U28/><E81/><V1/><F119/><W98/><G125/><T126/><D115/><U31/><E45/><V14/><F1/><W70/><G111/><T6/><D6/><U40/><E40/><V32/><F32/><W13/><G13/><T130/><D130/><U57/><REACH who="1" step="1"/><E0/><REACH who="1" ten="327,141,269,253" step="2"/><V93/><F44/><W109/><G46/><T123/><D126/><U107/><E107/><V49/><F127/><W33/><G109/><T64/><D124/><U3/><E3/><V43/><F82/><W55/><G80/><T63/><D123/><U8/><AGARI ba="0,1" hai="8,9,11,18,23,24,28,30,31,52,57,62,117,118" machi="8" ten="40,5200,0" yaku="1,1,0,1,54,1,53,0" doraHai="99" doraHaiUra="68" who="1" fromWho="1" sc="327,-13,141,62,269,-13,253,-26" owari="314,41.4,203,-29.7,256,5.6,227,-17.3" /></mjloggm>