<mjloggm ver="2.3"><GO type="225" lobby="0"/><UN n0="%E3%82%BC%E3%83%AB%E3%83%80%E3%81%AE%E4%BC%9D%E8%AA%AC" n1="%70%68%65%6E%6F%6D%65" n2="%6D%75%75%6D%75%72%61" n3="%E5%A4%96%E5%B7%9D%E7%AB%9C%E6%88%90" dan="16,16,16,16" rate="2203.69,2126.46,2133.21,2232.59" sx="M,M,F,M"/><TAIKYOKU oya="0"/><INIT seed="0,0,0,2,4,11" ten="250,250,250,250" oya="0" hai0="100,48,4,133,86,16,51,110,33,118,94,117,14" hai1="77,2,50,95,29,112,64,40,25,9,6,128,61" hai2="52,97,53,78,41,32,76,38,75,22,120,30,88" hai3="92,5,54,81,107,3,34,57,74,46,18,121,96"/><T70/><D70/><U10/><E128/><V15/><F120/><W27/><G121/><T82/><D33/><U68/><E112/><V60/><F75/><W108/><G107/><T42/><D133/><U37/><E77/><N who="2" m="29803" /><F32/><W119/><G119/><T101/><D117/><U104/><E104/><V113/><F38/><W111/><G46/><N who="0" m="25687" /><D118/><U67/><E64/><V90/><F113/><W134/><G134/><T105/><D105/><U91/><E37/><V31/><F41/><W123/><G123/><T35/><D35/><U73/><E73/><V80/><F97/><W115/><G115/><T58/><D4/><U93/><E9/><V26/><F31/><W126/><G5/><T79/><D94/><U44/><REACH who="1" step="1"/><E91/><REACH who="1" ten="250,240,250,250" step="2"/><N who="2" m="34859" /><F80/><W132/><G81/><T87/><D110/><U62/><E62/><V1/><F1/><W28/><G3/><T45/><D86/><U36/><E36/><V89/><F89/><W7/><G74/><T84/><D87/><U23/><AGARI ba="0,1" hai="2,6,10,23,25,29,40,44,50,61,67,68,93,95" machi="23" ten="20,2700,0" yaku="1,1,0,1,7,1,53,0" doraHai="11" doraHaiUra="98" who="1" fromWho="1" sc="250,-13,240,37,250,-7,250,-7" /><INIT seed="1,0,0,2,5,76" ten="237,277,243,243" oya="1" hai0="129,110,100,115,87,18,109,132,51,123,112,68,43" hai1="99,44,125,63,13,96,48,107,72,105,40,9,56" hai2="14,55,8,32,57,37,119,42,53,69,134,95,17" hai3="22,91,86,29,130,113,65,5,38,85,77,64,33"/><U36/><E125/><V126/><F119/><W21/><G113/><T1/><D1/><U39/><E72/><V101/><F69/><W71/><G38/><T128/><D18/><U28/><E28/><V120/><F120/><W62/><G33/><T82/><D68/><U75/><E75/><V122/><F122/><W97/><G130/><N who="0" m="50283" /><D123/><U50/><E39/><V12/><F126/><W89/><G5/><T127/><D127/><U74/><E74/><V106/><F106/><W6/><G6/><T4/><D4/><U0/><E0/><V84/><F32/><W102/><G77/><N who="0" m="46543" /><D132/><U108/><E108/><N who="0" m="41577" /><D100/><U88/><E36/><V19/><F134/><W11/><G102/><T111/><N who="0" m="41585" /><T67/><DORA hai="20" /><D67/><U98/><E9/><V35/><F101/><W118/><G11/><T104/><D104/><U59/><E105/><V10/><F37/><W24/><G118/><T23/><D23/><U7/><E107/><V92/><F35/><W26/><G71/><T73/><D73/><U131/><E131/><V121/><F121/><W16/><G16/><T124/><D124/><U93/><E7/><V133/><F133/><W30/><REACH who="3" step="1"/><G62/><REACH who="3" ten="237,277,243,233" step="2"/><T116/><D116/><U61/><E63/><V135/><F135/><W3/><G3/><T47/><AGARI ba="0,1" hai="43,47,51,112,115" m="41585,46543,50283" machi="47" ten="50,6400,0" yaku="19,1,14,1,52,1" doraHai="76,20" who="0" fromWho="0" sc="237,74,277,-32,243,-16,233,-16" /><INIT seed="2,0,0,3,3,9" ten="311,245,227,217" oya="2" hai0="57,111,130,93,70,108,109,23,81,29,46,67,92" hai1="22,122,125,127,133,106,131,68,48,61,37,19,55" hai2="119,31,16,128,59,62,27,85,32,60,56,15,20" hai3="63,30,35,25,45,74,95,3,72,78,12,84,135"/><V115/><F115/><W118/><G118/><T114/><D114/><U43/><E106/><V99/><F119/><W34/><G3/><T87/><D70/><U1/><E1/><V105/><F128/><W0/><G0/><T18/><D29/><U73/><E73/><V102/><REACH who="2" step="1"/><F85/><REACH who="2" ten="311,245,217,217" step="2"/><W6/><G84/><T64/><D130/><U47/><E131/><V110/><F110/><W33/><G74/><T76/><D87/><U96/><E122/><V116/><F116/><W77/><G72/><T75/><D75/><U44/><E133/><V36/><F36/><W5/><G135/><T98/><D108/><U54/><E96/><V8/><F8/><W66/><G77/><T90/><D76/><U91/><E125/><V50/><F50/><W69/><G78/><T24/><D109/><U113/><E127/><V88/><F88/><W83/><G35/><T126/><D126/><U53/><E91/><V10/><F10/><W94/><G34/><T112/><D112/><U117/><E113/><V17/><F17/><W103/><G33/><T41/><D111/><U52/><E117/><V123/><F123/><W42/><G5/><T129/><D129/><U132/><E132/><V38/><F38/><W80/><G6/><T2/><D98/><U134/><E134/><V121/><F121/><W13/><G103/><T58/><D90/><U4/><E4/><V97/><F97/><W100/><G100/><T28/><D18/><U71/><REACH who="1" step="1"/><E61/><AGARI ba="0,1" hai="15,16,20,27,31,32,56,59,60,61,62,99,102,105" machi="61" ten="40,7700,0" yaku="1,1,52,1,54,1,53,0" doraHai="9" doraHaiUra="104" who="2" fromWho="1" sc="311,0,245,-77,217,87,217,0" /><INIT seed="2,1,0,4,5,105" ten="311,168,304,217" oya="2" hai0="47,79,77,104,1,16,2,88,125,97,22,43,61" hai1="18,39,131,73,114,65,120,80,44,81,95,20,55" hai2="134,127,122,121,101,115,57,41,17,91,58,124,38" hai3="84,51,68,87,76,33,24,14,118,11,10,36,34"/><V64/><F101/><W108/><G36/><T128/><D125/><N who="2" m="48202" /><F91/><W50/><G118/><T86/><D128/><U93/><E114/><V82/><F82/><W45/><G68/><T29/><D29/><U74/><E131/><V23/><F115/><W15/><G24/><T98/><D1/><U69/><E65/><V107/><F107/><W135/><G45/><T46/><D2/><U112/><E69/><V83/><F83/><W71/><G71/><T21/><D61/><U9/><E9/><V117/><F117/><W116/><G116/><T48/><D22/><U3/><E3/><V96/><F96/><N who="0" m="36970" /><D47/><U7/><E120/><N who="2" m="46187" /><F64/><W25/><G25/><N who="0" m="14503" /><D104/><U28/><E112/><V4/><F4/><W106/><G106/><T0/><D0/><U70/><E70/><V31/><F31/><W53/><G34/><T30/><D30/><U54/><E7/><V99/><F99/><W75/><G33/><T94/><AGARI ba="1,0" hai="43,46,48,77,79,86,88,94" m="14503,36970" machi="94" ten="30,4000,0" yaku="8,1,54,2" doraHai="105" who="0" fromWho="0" sc="311,43,168,-11,304,-21,217,-11" /><INIT seed="3,0,0,2,3,132" ten="354,157,283,206" oya="3" hai0="65,20,108,89,56,100,63,16,133,18,74,72,78" hai1="9,75,15,11,7,29,53,121,134,123,126,91,13" hai2="30,22,39,79,94,42,135,122,40,50,99,28,96" hai3="23,109,0,128,52,120,38,10,112,84,110,81,130"/><W71/><G112/><T119/><D119/><U47/><E75/><V102/><F135/><W101/><G120/><T12/><D133/><U106/><E134/><V92/><F122/><W27/><G71/><T70/><D108/><N who="3" m="41577" /><G38/><T51/><D78/><U8/><E106/><V95/><F39/><W5/><G101/><T31/><D31/><N who="2" m="11818" /><F79/><N who="3" m="46143" /><G23/><T76/><D76/><U55/><E29/><V14/><F102/><W4/><G27/><T60/><D100/><U32/><E32/><V17/><F50/><W44/><G5/><T85/><D18/><U62/><E9/><V46/><F46/><W35/><G35/><T118/><D118/><U43/><E91/><V21/><F22/><W48/><AGARI ba="0,0" hai="0,4,10,44,48,52,128,130" m="46143,41577" machi="48" ten="30,6000,0" yaku="14,1,10,1,54,1" doraHai="132" who="3" fromWho="3" sc="354,-20,157,-20,283,-20,206,60" /><INIT seed="3,1,0,2,2,14" ten="334,137,263,266" oya="3" hai0="49,19,85,130,97,108,98,52,69,74,112,35,32" hai1="105,103,124,53,60,73,61,122,92,127,72,65,107" hai2="99,6,84,3,131,125,57,45,4,117,111,77,100" hai3="36,58,115,93,0,31,18,113,13,89,41,1,90"/><W79/><G79/><T12/><D74/><U34/><E92/><V133/><F117/><W56/><G31/><T54/><D69/><U91/><E65/><V8/><F111/><W50/><G36/><T75/><D75/><U82/><E82/><V11/><F125/><W33/><G33/><T70/><D70/><U43/><E103/><V109/><F109/><W55/><G41/><T44/><D108/><U30/><E30/><V20/><F131/><W128/><G128/><T48/><D130/><U102/><E102/><V123/><F133/><W106/><G106/><T67/><D67/><U63/><E43/><V22/><F123/><W16/><G58/><T2/><D2/><U81/><E81/><V94/><F57/><W71/><G18/><T21/><D112/><U80/><E80/><N who="2" m="47119" /><F3/><N who="3" m="1099" /><G90/><T5/><D5/><N who="2" m="2154" /><F45/><W88/><G89/><T51/><D32/><U76/><E76/><V62/><F62/><W121/><G71/><T104/><D35/><U110/><E34/><V129/><F129/><W37/><G37/><T68/><D68/><U96/><E110/><V59/><F59/><W120/><G120/><T134/><D134/><U28/><E122/><V25/><F20/><N who="3" m="11279" /><G121/><T7/><D104/><N who="1" m="40011" /><E73/><V39/><F39/><W15/><G15/><N who="0" m="9471" /><D44/><U114/><E72/><V46/><F46/><W87/><AGARI ba="1,0" hai="50,55,56,87,88,93,113,115" m="11279,1099" machi="87" ten="30,11700,0" yaku="25,1,52,1,54,2" doraHai="14" who="3" fromWho="3" sc="334,-40,137,-40,263,-40,266,120" owari="294,9.4,97,-40.3,223,-17.7,386,48.6" /></mjloggm>