<mjloggm ver="2.3"><GO type="225" lobby="0"/><UN n0="%E5%B8%86%E7%AB%8B%E5%A4%8F%E8%A1%A3" n1="%E9%80%86%E9%80%A3%E5%B8%AF%E3%81%AE%E9%AC%BC" n2="%E3%82%B5%E3%83%AB%E3%82%B7%E3%83%B3" n3="%E5%80%89%E6%A9%8B%EF%BC%A0%E4%BA%8B%E5%8B%99" dan="16,16,16,16" rate="2101.70,2123.10,2134.01,2106.31" sx="M,M,M,M"/><TAIKYOKU oya="0"/><INIT seed="0,0,0,4,2,75" ten="250,250,250,250" oya="0" hai0="30,8,115,2,59,18,98,48,105,81,66,46,64" hai1="130,25,63,102,96,112,87,67,36,89,99,49,32" hai2="38,57,17,23,86,88,40,135,21,103,95,91,84" hai3="117,133,19,70,94,126,0,4,119,73,114,124,47"/><T128/><D128/><U13/><E112/><V65/><F135/><W61/><G114/><T24/><D115/><U53/><E36/><V10/><F103/><W125/><G133/><T41/><D105/><U122/><E122/><V127/><F127/><W52/><G73/><T111/><D111/><U15/><E130/><V35/><F35/><W109/><G109/><T62/><D98/><U129/><E129/><V76/><F38/><W118/><G94/><T20/><D81/><U77/><E77/><V132/><F132/><W16/><G0/><T93/><D93/><U110/><E110/><V6/><F40/><W51/><G4/><T56/><D2/><U12/><E25/><V54/><F65/><AGARI ba="0,0" hai="16,19,47,51,52,61,65,70,117,118,119,124,125,126" machi="65" ten="50,6400,0" yaku="18,1,54,2" doraHai="75" who="3" fromWho="2" sc="250,0,250,0,250,-64,250,64" /><INIT seed="1,0,0,0,4,6" ten="250,250,186,314" oya="1" hai0="35,37,11,49,114,95,34,68,132,85,120,54,8" hai1="89,24,74,33,57,79,32,56,45,25,63,78,77" hai2="70,69,103,30,93,66,52,14,80,106,12,83,47" hai3="39,121,64,115,17,110,38,118,96,2,111,109,84"/><U97/><E74/><V99/><F30/><W127/><G121/><T36/><D114/><U94/><E45/><V62/><F70/><W58/><G115/><T61/><D120/><U10/><E10/><N who="0" m="3625" /><D36/><U50/><E50/><V4/><F106/><W18/><G2/><T73/><D73/><U48/><E48/><V22/><F12/><W130/><G96/><T41/><D132/><U19/><E57/><V53/><F4/><W105/><G84/><T59/><D85/><U87/><E87/><V9/><F22/><W135/><G105/><T60/><D60/><U51/><E51/><V27/><F27/><W15/><G135/><T40/><D40/><U71/><E71/><V107/><F107/><W133/><G133/><T0/><D95/><U92/><E92/><V100/><F80/><W1/><G1/><T82/><D82/><U55/><E25/><V75/><F83/><W3/><G3/><T29/><D29/><U23/><AGARI ba="0,0" hai="19,23,24,32,33,55,56,63,77,78,79,89,94,97" machi="23" ten="30,6000,0" yaku="0,1,25,2" doraHai="6" who="1" fromWho="1" sc="250,-20,250,60,186,-20,314,-20" /><INIT seed="1,1,0,3,0,18" ten="230,310,166,294" oya="1" hai0="76,108,126,15,11,56,104,82,28,38,89,100,95" hai1="61,125,25,72,41,133,68,45,2,17,66,96,53" hai2="103,115,40,65,85,54,21,128,36,39,132,35,75" hai3="81,119,84,77,44,5,78,91,74,59,67,19,26"/><U0/><E133/><V22/><F75/><W122/><G122/><T51/><D108/><U98/><E125/><V79/><F132/><W86/><G119/><T43/><D126/><U101/><E72/><V118/><F118/><W129/><G129/><T99/><D28/><U9/><E53/><V1/><F128/><W52/><G5/><T57/><D38/><U12/><E25/><V123/><F123/><W30/><G19/><T47/><D104/><U110/><E110/><V50/><F35/><W124/><G124/><T8/><D8/><U27/><E27/><V55/><F1/><W24/><G44/><T34/><D100/><U116/><E116/><V29/><F29/><W16/><G67/><T23/><D34/><U31/><E31/><V6/><F6/><W93/><G30/><T3/><D3/><U71/><E71/><V112/><F65/><W109/><G109/><T127/><D127/><U63/><E63/><V62/><F103/><W20/><G26/><T37/><D37/><N who="2" m="14410" /><F62/><N who="3" m="36199" /><G74/><T69/><D69/><U80/><E0/><V42/><F42/><W117/><G117/><T105/><D105/><U88/><E101/><V49/><F40/><W97/><G84/><N who="0" m="48199" /><D11/><U64/><E2/><V90/><F55/><W14/><G14/><T107/><D107/><U120/><E66/><V70/><F70/><W46/><G46/><T131/><D131/><U106/><E120/><V102/><F49/><W60/><G60/><T87/><D87/><N who="1" m="50279" /><E106/><V7/><F54/><W114/><G114/><T33/><D33/><U134/><E134/><V130/><F130/><W111/><G111/><RYUUKYOKU ba="1,0" sc="230,10,310,10,166,-30,294,10" hai0="15,23,43,47,51,56,57,89,95,99" hai1="9,12,17,41,45,61,64,68,96,98" hai3="16,20,24,77,78,81,86,91,93,97" /><INIT seed="1,2,0,0,2,99" ten="240,320,136,304" oya="1" hai0="130,10,24,69,134,110,101,91,115,133,117,19,132" hai1="15,131,13,43,56,77,35,129,55,20,29,105,40" hai2="102,70,128,86,61,114,74,88,89,76,30,84,34" hai3="58,107,41,135,14,63,23,64,75,49,44,119,72"/><U54/><E105/><V52/><F128/><W0/><G0/><T31/><D69/><U112/><E112/><V32/><F114/><W126/><G135/><T37/><D37/><U46/><E35/><V94/><F30/><W6/><G126/><T9/><D115/><U108/><E77/><V123/><F123/><W36/><G107/><T97/><D117/><U2/><E2/><V66/><F102/><W85/><G119/><T109/><D91/><U45/><E20/><V80/><REACH who="2" step="1"/><F52/><REACH who="2" ten="240,320,126,304" step="2"/><W90/><G41/><T47/><D130/><U96/><E29/><V51/><F51/><W111/><G49/><T33/><D47/><U121/><E121/><V120/><F120/><W122/><G44/><T39/><D39/><U21/><E131/><V73/><F73/><W113/><G36/><T22/><D31/><U28/><E28/><V100/><F100/><W4/><G72/><T78/><D33/><U65/><E129/><V127/><F127/><W125/><G75/><T82/><D110/><U83/><E108/><V68/><F68/><W81/><G111/><T1/><D109/><U103/><E103/><V38/><F38/><W8/><G125/><T118/><D118/><U116/><E116/><V3/><F3/><W60/><G122/><T42/><D1/><U26/><E54/><V93/><AGARI ba="2,1" hai="32,34,61,66,70,74,76,80,84,86,88,89,93,94" machi="93" ten="20,12000,2" yaku="1,1,0,1,7,1,9,1,54,1,53,1" doraHai="99" doraHaiUra="62" who="2" fromWho="2" sc="240,-32,320,-62,126,136,304,-32" /><INIT seed="2,0,0,3,2,39" ten="208,258,262,272" oya="2" hai0="48,134,112,109,92,6,60,15,7,10,84,100,79" hai1="120,37,21,119,104,89,34,69,9,46,82,90,126" hai2="67,116,53,77,65,49,124,117,110,122,50,125,127" hai3="106,27,23,128,43,13,22,115,20,33,107,103,35"/><V61/><F77/><W14/><G103/><T28/><D109/><U78/><E34/><N who="3" m="12810" /><G128/><T3/><D134/><U108/><E119/><N who="2" m="45643" /><F122/><W54/><G54/><T76/><D112/><U58/><E69/><V4/><F4/><W71/><G71/><T64/><D28/><U68/><E68/><V44/><F110/><W56/><G56/><N who="0" m="36871" /><D3/><U24/><E104/><N who="3" m="39978" /><G27/><T32/><D32/><U93/><E120/><V96/><F96/><W133/><G133/><T101/><D6/><U18/><E108/><V88/><F88/><W11/><G11/><T105/><D105/><U99/><E9/><V130/><F130/><W51/><G51/><N who="2" m="19465" /><F44/><W129/><G129/><T98/><D101/><U74/><E90/><V131/><F131/><W75/><G75/><T55/><D84/><U59/><E46/><AGARI ba="0,0" hai="7,10,15,46,48,55,76,79,92,98,100" m="36871" machi="46" ten="30,1000,0" yaku="8,1" doraHai="39" who="0" fromWho="1" sc="208,10,258,-10,262,0,272,0" /><INIT seed="3,0,0,4,2,3" ten="218,248,262,272" oya="3" hai0="117,128,45,116,109,107,120,132,37,34,124,0,27" hai1="123,98,134,17,82,68,104,73,108,72,131,71,4" hai2="100,43,114,14,103,77,94,129,67,7,47,6,118" hai3="52,39,79,33,13,63,60,11,44,95,102,88,86"/><W31/><G39/><T75/><D45/><U106/><E17/><V25/><F118/><W101/><G79/><T8/><D8/><U121/><E98/><V89/><F114/><W74/><G74/><T15/><D15/><U115/><E82/><V16/><F67/><W110/><G110/><T40/><D40/><U126/><E4/><N who="2" m="1579" /><F77/><W85/><G85/><T56/><D56/><U90/><E90/><V65/><F65/><W97/><G31/><T53/><D27/><U133/><E131/><V76/><F76/><W48/><G33/><T122/><D53/><U36/><E126/><V46/><F25/><W80/><G102/><N who="2" m="38953" /><F43/><W58/><G58/><T38/><D38/><U70/><E36/><V66/><F66/><W18/><AGARI ba="0,0" hai="11,13,18,44,48,52,60,63,80,86,88,95,97,101" machi="18" ten="20,18000,2" yaku="0,1,7,1,25,2,8,1,54,2" doraHai="3" who="3" fromWho="3" sc="218,-60,248,-60,262,-60,272,180" owari="158,-34.2,188,-21.2,202,0.2,452,55.2" /></mjloggm>