<mjloggm ver="2.3"><GO type="225" lobby="0"/><UN n0="%E5%B0%8F%37%34" n1="%E8%BE%9B%E5%8F%A3%E3%82%AB%E3%83%AC%E3%83%BC%E3%83%A9%E3%82%A4%E3%82%B9" n2="%6D%75%75%6D%75%72%61" n3="%73%6C%69%63%6B%33%31%39" dan="16,16,16,16" rate="2136.46,2204.87,2093.50,2070.83" sx="M,M,F,M"/><TAIKYOKU oya="0"/><INIT seed="0,0,0,3,0,35" ten="250,250,250,250" oya="0" hai0="118,98,75,7,41,20,83,44,56,29,57,99,94" hai1="25,18,95,61,59,103,122,43,28,12,109,33,114" hai2="88,81,123,54,119,79,70,24,9,42,74,120,16" hai3="131,107,71,73,111,121,47,51,36,133,6,55,4"/><T15/><D118/><U13/><E122/><V112/><F112/><W72/><G107/><T96/><D94/><U102/><E109/><V37/><F70/><W76/><G71/><T52/><D56/><U127/><E127/><V32/><F119/><W62/><G36/><T8/><D75/><U125/><E125/><V45/><F54/><W90/><G111/><T39/><D83/><U128/><E128/><V64/><F64/><W135/><G121/><T87/><D87/><U86/><E12/><V108/><F108/><W22/><G131/><T46/><D46/><U63/><E63/><V134/><F134/><N who="3" m="51211" /><G22/><T97/><D97/><U66/><E43/><V1/><F88/><W105/><G105/><T117/><D117/><U0/><E0/><V65/><F65/><W21/><G21/><T40/><D40/><U101/><E114/><V38/><F38/><W48/><G62/><T27/><REACH who="0" step="1"/><D99/><REACH who="0" ten="240,250,250,250" step="2"/><U132/><E132/><V78/><F79/><W85/><G76/><T116/><D116/><U91/><REACH who="1" step="1"/><E102/><REACH who="1" ten="240,240,250,250" step="2"/><V130/><F130/><W80/><G51/><AGARI ba="0,2" hai="7,8,15,20,27,29,39,41,44,51,52,57,96,98" machi="51" ten="30,5800,0" yaku="1,1,7,1,54,1,53,0" doraHai="35" doraHaiUra="60" who="0" fromWho="3" sc="240,78,240,0,250,0,250,-58" /><INIT seed="0,1,0,1,5,34" ten="318,240,250,192" oya="0" hai0="119,53,12,116,69,5,121,63,9,7,17,30,6" hai1="50,40,87,99,85,43,128,118,14,49,59,81,33" hai2="127,52,65,60,105,32,133,20,103,27,97,134,3" hai3="79,95,75,64,122,126,57,54,55,130,56,115,4"/><T86/><D121/><U135/><E118/><V88/><F127/><W29/><G115/><T31/><D86/><U112/><E33/><V82/><F32/><W47/><G122/><T51/><D69/><U84/><E112/><V73/><F3/><W15/><G75/><T92/><D92/><U98/><E128/><V94/><F82/><W18/><G79/><T124/><D63/><U89/><E135/><V76/><F76/><W120/><G120/><T102/><D102/><U100/><E81/><V38/><F38/><W25/><G130/><T129/><D129/><U45/><E89/><V2/><F2/><W114/><G114/><T96/><D96/><U61/><E14/><V107/><F73/><W91/><G4/><T28/><REACH who="0" step="1"/><D124/><REACH who="0" ten="308,240,250,192" step="2"/><U67/><E100/><V123/><F123/><W39/><G95/><T0/><D0/><U58/><E58/><AGARI ba="1,1" hai="5,6,7,9,12,17,28,30,31,51,53,58,116,119" machi="58" ten="40,2000,0" yaku="1,1,53,0" doraHai="34" doraHaiUra="90" who="0" fromWho="1" sc="308,33,240,-23,250,0,192,0" /><INIT seed="0,2,0,1,5,31" ten="341,217,250,192" oya="0" hai0="46,114,60,68,61,56,49,111,10,45,15,2,52" hai1="89,6,44,77,79,17,47,8,62,84,21,27,88" hai2="19,99,83,57,109,98,66,37,122,40,119,86,112" hai3="23,116,95,13,4,7,115,76,78,70,64,20,9"/><T106/><D114/><U36/><E62/><V58/><F112/><W101/><G115/><T80/><D2/><U91/><E36/><V41/><F122/><W16/><G116/><T133/><D106/><U50/><E84/><V108/><F108/><W97/><G70/><T131/><D133/><U71/><E71/><V43/><F37/><W30/><G64/><T118/><D118/><U73/><E73/><V67/><F19/><W107/><G107/><T90/><D131/><U74/><E74/><V11/><F11/><W92/><G92/><T26/><D111/><U39/><E39/><V42/><F42/><W85/><G4/><T120/><D120/><U38/><E38/><V24/><F24/><N who="3" m="16647" /><G85/><T93/><D80/><U35/><E35/><V94/><F109/><W63/><G63/><T55/><D26/><AGARI ba="2,0" hai="7,9,13,16,23,26,76,78,95,97,101" m="16647" machi="26" ten="30,2000,0" yaku="8,1,54,1" doraHai="31" who="3" fromWho="0" sc="341,-26,217,0,250,0,192,26" /><INIT seed="1,0,0,2,0,92" ten="315,217,250,218" oya="1" hai0="96,30,38,67,81,69,135,34,108,87,45,104,16" hai1="3,32,90,112,21,36,60,73,124,14,88,57,44" hai2="86,28,118,94,80,75,42,84,25,37,128,0,12" hai3="56,74,35,40,63,93,5,117,130,8,99,62,79"/><U1/><E32/><V15/><F0/><W111/><G35/><T123/><D108/><U23/><E112/><V10/><F118/><W101/><G111/><T11/><D135/><U131/><E73/><V39/><F128/><W115/><G115/><T113/><D113/><U116/><E116/><V20/><F75/><W119/><G130/><T106/><D123/><U78/><E78/><V70/><F70/><W43/><G63/><T49/><D38/><U102/><E131/><V27/><F27/><W100/><G119/><T91/><D69/><U103/><E124/><V85/><F80/><W19/><G19/><T6/><D67/><U7/><E7/><V98/><F42/><W41/><G101/><T17/><D34/><U50/><E36/><V13/><REACH who="2" step="1"/><F10/><REACH who="2" ten="315,217,240,218" step="2"/><W125/><G117/><T133/><D133/><U82/><E1/><V64/><F64/><W110/><G125/><T58/><D11/><U132/><E3/><V66/><F66/><W61/><G110/><T46/><D81/><U121/><E132/><V52/><F52/><W31/><G8/><T33/><D33/><U53/><E121/><V2/><F2/><W71/><G71/><T59/><D46/><U95/><E82/><V22/><F22/><N who="1" m="8201" /><E14/><V51/><F51/><W76/><G74/><T24/><D49/><U122/><E122/><V120/><F120/><W109/><G109/><T127/><D45/><U77/><E44/><V134/><F134/><W54/><G62/><T114/><D127/><U55/><E60/><V4/><F4/><W126/><G126/><T9/><D9/><U129/><E129/><RYUUKYOKU ba="0,1" sc="315,-10,217,-10,240,30,218,-10" hai2="12,13,15,20,25,28,37,39,84,85,86,94,98" /><INIT seed="2,1,1,4,5,92" ten="305,207,270,208" oya="2" hai0="128,61,100,4,50,81,110,52,3,112,67,5,101" hai1="20,49,56,113,68,132,13,87,103,121,116,54,16" hai2="127,95,26,10,36,106,108,40,33,18,23,130,80" hai3="8,21,2,70,135,64,14,42,90,17,98,45,131"/><V105/><F130/><W96/><G70/><T89/><D112/><U91/><E113/><V66/><F127/><W41/><G131/><T44/><D128/><U129/><E116/><V79/><F33/><W75/><G75/><T19/><D110/><U39/><E129/><V78/><F108/><W115/><G115/><T24/><D3/><U85/><E68/><V125/><F125/><W25/><G2/><T99/><D81/><U46/><E132/><V76/><F80/><W35/><G35/><T55/><D55/><U65/><E121/><V0/><F66/><W117/><G117/><T77/><D77/><U58/><E103/><V6/><F95/><W34/><G34/><T53/><D53/><U118/><E118/><V120/><F120/><W37/><G135/><T22/><D89/><U94/><E39/><V123/><F123/><W111/><G111/><T9/><D9/><U83/><REACH who="1" step="1"/><E65/><REACH who="1" ten="305,197,270,208" step="2"/><V126/><F126/><W133/><G133/><T97/><D101/><U84/><E84/><V11/><F36/><W28/><G64/><T122/><D122/><U124/><E124/><V119/><F119/><W107/><G107/><T32/><D100/><U48/><E48/><V74/><F105/><W104/><G104/><T109/><D109/><U93/><E93/><V12/><F106/><W114/><G114/><T15/><D67/><U27/><E27/><V72/><F26/><W31/><G37/><T43/><D24/><U47/><E47/><V73/><F73/><W69/><G69/><T86/><D86/><U82/><E82/><V102/><F74/><W57/><G25/><RYUUKYOKU ba="1,2" sc="305,-10,197,30,270,-10,208,-10" hai1="13,16,20,46,49,54,56,58,83,85,87,91,94" /><INIT seed="3,2,2,1,1,74" ten="295,227,260,198" oya="3" hai0="120,71,99,114,119,59,13,54,115,63,61,104,62" hai1="80,89,56,52,66,29,134,131,129,109,14,88,82" hai2="100,121,40,118,113,44,9,27,65,7,35,97,77" hai3="36,55,133,11,95,31,126,122,19,103,91,26,110"/><W46/><G122/><T38/><D119/><U17/><E109/><V20/><F118/><W0/><G110/><T101/><D120/><U128/><E134/><V1/><F121/><W117/><G117/><T87/><D38/><U25/><E66/><V12/><F113/><N who="0" m="43018" /><D71/><U28/><E80/><V85/><F35/><W135/><G126/><T75/><D75/><U70/><E70/><V4/><F65/><W83/><G103/><T16/><D87/><N who="1" m="50295" /><E89/><V84/><F1/><W39/><G83/><T72/><D72/><U10/><E25/><V23/><F7/><W98/><G55/><T47/><D47/><U22/><E10/><AGARI ba="2,2" hai="10,13,16,54,59,61,62,63,99,101,104" m="43018" machi="10" ten="30,2000,0" yaku="11,1,54,1" doraHai="74" who="0" fromWho="1" sc="295,46,227,-26,260,0,198,0" owari="341,44.1,201,-19.9,260,6.0,198,-30.2" /></mjloggm>