<mjloggm ver="2.3"><GO type="225" lobby="0"/><UN n0="%E3%80%93%E3%81%97%E3%83%BC%E3%82%89%E3%80%93" n1="%E3%81%95%E3%81%8D%E3%81%9F%E3%81%BE%E6%9E%97%E6%AA%8E" n2="%E6%A1%9C%E8%8A%B1%E9%96%83%E3%80%85" n3="%6D%75%75%73%61%6E%6D%75" dan="16,16,16,16" rate="2179.27,2080.40,2218.78,2156.89" sx="M,M,M,F"/><TAIKYOKU oya="0"/><INIT seed="0,0,0,3,3,105" ten="250,250,250,250" oya="0" hai0="19,24,2,111,28,35,88,70,25,96,33,38,122" hai1="58,10,95,65,72,9,132,46,117,86,42,84,85" hai2="39,100,52,59,34,6,118,7,87,109,5,113,106" hai3="73,53,131,126,78,130,128,12,71,31,26,60,99"/><T30/><D70/><U8/><E117/><V74/><F113/><W67/><G126/><T92/><D38/><U69/><E69/><V14/><F118/><W45/><G99/><T114/><D114/><U63/><E84/><V107/><F109/><W36/><G12/><T76/><D111/><U1/><E72/><V82/><F39/><W11/><G11/><T56/><D2/><U127/><E127/><V61/><F34/><W54/><G36/><T116/><D116/><U125/><E125/><V62/><F74/><W115/><G45/><T48/><D122/><U98/><E1/><V16/><F100/><W77/><G77/><T17/><D76/><U121/><E132/><V81/><F62/><W102/><G102/><T4/><D4/><U3/><E3/><V20/><REACH who="2" step="1"/><F81/><REACH who="2" ten="250,250,240,250" step="2"/><N who="3" m="45263" /><G115/><T0/><D0/><U27/><E121/><V23/><F23/><AGARI ba="0,1" hai="23,26,31,53,54,60,67,71,128,130,131" m="45263" machi="23" ten="30,2000,0" yaku="19,1,52,1" doraHai="105" who="3" fromWho="2" sc="250,0,250,0,240,-20,250,30" /><INIT seed="1,0,0,2,2,135" ten="250,250,220,280" oya="1" hai0="103,114,65,75,89,91,108,93,68,13,40,100,83" hai1="116,45,15,29,106,35,74,122,86,18,31,69,98" hai2="19,110,6,24,123,56,88,72,102,37,50,111,43" hai3="82,52,130,94,76,105,63,132,62,126,125,70,1"/><U104/><E116/><V58/><F123/><W14/><G105/><T113/><D40/><U23/><E122/><V124/><F72/><W128/><G1/><T55/><D55/><U9/><E74/><V11/><F37/><W66/><G132/><T78/><D65/><U133/><E133/><V44/><F102/><N who="0" m="38954" /><D13/><U46/><E69/><V90/><F124/><N who="3" m="47723" /><G14/><T4/><D4/><U5/><E106/><V16/><F58/><N who="3" m="35143" /><G94/><T34/><D34/><U134/><E35/><V131/><F56/><W59/><G70/><T26/><D26/><U118/><E118/><V77/><F77/><W54/><G66/><T0/><D0/><U119/><E119/><V8/><F131/><W12/><G12/><T39/><D39/><U21/><E134/><V53/><F11/><W120/><G120/><T22/><D68/><U71/><E71/><V99/><F53/><W57/><G57/><T79/><D93/><U115/><E115/><V41/><F41/><W36/><G36/><T64/><D64/><U17/><E104/><V33/><F8/><W38/><G38/><T96/><D114/><U61/><E9/><V87/><F6/><W42/><G42/><T85/><D113/><U2/><E2/><V109/><F99/><W121/><G121/><T97/><D96/><U48/><E98/><V129/><F129/><W73/><AGARI ba="0,0" hai="54,59,63,73,76,82,128,130" m="35143,47723" machi="73" ten="30,8000,1" yaku="18,1,52,3,54,1" doraHai="135" who="3" fromWho="3" sc="250,-20,250,-40,220,-20,280,80" /><INIT seed="2,0,0,2,1,12" ten="230,210,200,360" oya="2" hai0="51,40,66,93,67,103,1,98,47,91,116,23,106" hai1="34,60,127,24,61,89,79,96,35,63,9,102,80" hai2="56,108,33,105,16,55,92,17,59,22,44,3,37" hai3="75,38,27,131,50,130,7,8,115,113,97,100,118"/><V64/><F105/><N who="3" m="63631" /><G38/><T65/><D1/><U58/><E127/><V29/><F3/><N who="3" m="127" /><G118/><T87/><REACH who="0" step="1"/><D23/><REACH who="0" ten="220,210,200,360" step="2"/><U73/><E35/><V10/><F33/><W41/><G113/><T78/><D78/><U49/><E34/><V26/><F108/><W84/><G115/><T36/><D36/><U32/><E32/><V125/><F125/><W14/><G130/><T129/><D129/><U52/><E24/><V120/><F120/><W121/><G27/><T88/><D88/><U48/><E89/><V20/><F37/><W122/><G131/><T68/><D68/><U77/><E77/><V90/><F22/><W81/><G121/><T107/><D107/><U111/><E111/><V2/><F2/><W15/><G122/><T53/><D53/><U109/><E109/><V11/><F11/><W135/><G15/><T0/><D0/><U132/><E9/><V119/><F119/><AGARI ba="0,1" hai="40,47,51,65,66,67,87,91,93,98,103,106,116,119" machi="119" ten="40,1300,0" yaku="1,1,53,0" doraHai="12" doraHaiUra="18" who="0" fromWho="2" sc="220,23,210,0,200,-13,360,0" /><INIT seed="3,0,0,3,4,78" ten="243,210,187,360" oya="3" hai0="14,119,108,9,113,45,77,106,112,46,94,84,56" hai1="63,59,122,127,40,74,85,30,135,20,130,83,34" hai2="117,100,15,60,11,79,35,104,58,2,64,27,22" hai3="132,73,81,38,39,21,12,120,4,90,43,86,75"/><W96/><G120/><T92/><D106/><U129/><E122/><V54/><F117/><W102/><G132/><T57/><D119/><U69/><E69/><V82/><F2/><W76/><G43/><T68/><D68/><U61/><E135/><V41/><F35/><W52/><G52/><T42/><D108/><U23/><E127/><V124/><F124/><W47/><G47/><N who="0" m="17931" /><D42/><U101/><E74/><V19/><F41/><W91/><G91/><N who="0" m="53351" /><D94/><U89/><E101/><V103/><F54/><W109/><G38/><T111/><D77/><U133/><E133/><V1/><F1/><W25/><G73/><T80/><D80/><U128/><E40/><V26/><F26/><W29/><G25/><T87/><D87/><U13/><E34/><V10/><F104/><W18/><G39/><T134/><D111/><U110/><E110/><V97/><F97/><W115/><G96/><T50/><D50/><U55/><E63/><V114/><F114/><N who="0" m="44138" /><D134/><U32/><E13/><V44/><F44/><W116/><G12/><T8/><D8/><U107/><E107/><V7/><REACH who="2" step="1"/><F10/><REACH who="2" ten="243,210,177,360" step="2"/><W99/><G115/><T48/><D9/><U126/><E126/><V131/><F131/><W16/><G116/><T49/><D14/><U65/><E55/><V70/><F70/><W123/><G109/><T98/><D98/><U125/><E125/><V95/><F95/><W71/><G99/><T66/><D57/><U88/><E89/><V17/><F17/><W121/><G71/><T93/><D93/><U72/><E72/><AGARI ba="0,1" hai="7,11,15,19,22,27,58,60,64,72,79,82,100,103" machi="72" ten="30,7700,0" yaku="1,1,7,1,52,1,53,1" doraHai="78" doraHaiUra="0" who="2" fromWho="1" sc="243,0,210,-77,177,87,360,0" owari="243,-15.7,133,-36.7,264,6.4,360,46.0" /></mjloggm>