<mjloggm ver="2.3"><GO type="225" lobby="0"/><UN n0="%77%72%77%72%77%72%77%72" n1="%47%68%6F%73%74%55%30" n2="%E7%99%BD%E5%92%B2%E8%8A%B1%E3%81%A1%E3%82%83%E3%82%93" n3="%E5%8D%A0%E3%81%84%E5%B8%AB%E8%A3%8F%E3%81%AA%E3%81%84%E3%81%97" dan="17,17,16,17" rate="2164.08,2139.06,2074.61,2185.06" sx="M,M,F,M"/><TAIKYOKU oya="0"/><INIT seed="0,0,0,2,1,14" ten="250,250,250,250" oya="0" hai0="5,93,0,38,81,63,24,99,124,134,73,52,54" hai1="86,28,87,100,123,46,82,49,47,8,104,61,117" hai2="32,43,109,62,40,128,51,98,31,27,72,78,69" hai3="67,15,133,65,58,4,84,44,85,30,2,122,41"/><T96/><D38/><U64/><E123/><V71/><F109/><W66/><G122/><T11/><D134/><U26/><E117/><V18/><F128/><W108/><G108/><T50/><D124/><U127/><E127/><V91/><F72/><W1/><G133/><T111/><D111/><U45/><E8/><V79/><F71/><W113/><G113/><T57/><D24/><U106/><E100/><V126/><F126/><W21/><G58/><T101/><D96/><U60/><E49/><V120/><F120/><W33/><G33/><T131/><D131/><U94/><E94/><V118/><F118/><W107/><G107/><T90/><D73/><U36/><E36/><V9/><F62/><W80/><G4/><T19/><D19/><U105/><E82/><V22/><F9/><W95/><G95/><T56/><REACH who="0" step="1"/><D81/><REACH who="0" ten="240,250,250,250" step="2"/><U3/><E86/><V13/><F69/><W116/><G84/><T112/><D112/><U121/><E87/><V70/><F70/><W132/><G132/><T135/><D135/><U103/><E121/><V75/><F75/><W74/><G74/><T35/><D35/><U55/><E26/><V115/><F115/><W114/><G114/><T29/><D29/><U39/><E28/><V119/><F119/><W37/><G30/><T76/><D76/><U48/><E39/><V125/><F125/><W110/><G116/><T7/><D7/><U59/><E103/><AGARI ba="0,1" hai="0,5,11,50,52,54,56,57,63,90,93,99,101,103" machi="103" ten="40,3900,0" yaku="1,1,54,1,53,0" doraHai="14" doraHaiUra="42" who="0" fromWho="1" sc="240,49,250,-39,250,0,250,0" /><INIT seed="0,1,0,2,5,72" ten="289,211,250,250" oya="0" hai0="125,129,103,105,89,32,126,57,39,7,114,120,115" hai1="20,132,133,123,21,100,48,18,22,16,5,111,17" hai2="84,90,128,67,124,99,51,88,38,82,85,73,45" hai3="0,64,56,1,36,27,80,61,117,116,96,15,121"/><T24/><D39/><U26/><E100/><V54/><F128/><W35/><G121/><T2/><D120/><U62/><E62/><V113/><F113/><W34/><G36/><T131/><D57/><U58/><E123/><V8/><F124/><N who="0" m="47722" /><D89/><U14/><E48/><V110/><F110/><W6/><G15/><T81/><D81/><U83/><E83/><V127/><F127/><W59/><G59/><T4/><D103/><U66/><E66/><V118/><F38/><W55/><G96/><T33/><D105/><U98/><E98/><V29/><F99/><W79/><G64/><T135/><D135/><N who="1" m="51787" /><E58/><V13/><F67/><W60/><G60/><T78/><D78/><U37/><E37/><V74/><F118/><W30/><G116/><T65/><D65/><U53/><E111/><V119/><F119/><W70/><G70/><T46/><D46/><U91/><E91/><V92/><REACH who="2" step="1"/><F29/><REACH who="2" ten="289,211,240,250" step="2"/><W77/><G117/><T31/><D114/><U25/><E53/><V86/><F86/><W41/><G55/><T106/><D115/><U87/><E87/><V11/><F11/><AGARI ba="1,1" hai="5,11,14,16,17,18,20,21,22,25,26" m="51787" machi="11" ten="40,8000,1" yaku="20,1,34,2,54,1" doraHai="72" who="1" fromWho="2" sc="289,0,211,93,240,-83,250,0" /><INIT seed="1,0,0,4,5,75" ten="289,304,157,250" oya="1" hai0="125,36,30,128,90,131,110,13,130,76,95,39,53" hai1="22,92,135,59,40,63,14,6,58,112,23,116,19" hai2="114,24,109,38,119,107,117,103,55,16,32,1,133" hai3="101,51,11,102,52,44,98,3,5,123,43,127,68"/><U9/><E116/><N who="2" m="44619" /><F38/><W60/><G123/><T106/><D106/><U65/><E112/><V21/><F55/><W25/><G127/><T66/><D125/><U31/><E135/><V50/><F50/><W28/><G98/><T12/><D110/><U8/><E40/><V34/><F103/><W35/><REACH who="3" step="1"/><G43/><REACH who="3" ten="289,304,157,240" step="2"/><T93/><D130/><U69/><E31/><N who="2" m="17807" /><F114/><W33/><G33/><N who="2" m="12905" /><F107/><W29/><G29/><T42/><D30/><U83/><E92/><V57/><F109/><W89/><G89/><T78/><D90/><U72/><E69/><V134/><F57/><W104/><G104/><T47/><D42/><U10/><E59/><V73/><F73/><W37/><G37/><T79/><D39/><U61/><E72/><V132/><F1/><W15/><G15/><T18/><D12/><U88/><E14/><V81/><F81/><W4/><G4/><T91/><D91/><U56/><E6/><V49/><F49/><W17/><G17/><AGARI ba="0,1" hai="16,17,132,133,134" m="12905,17807,44619" machi="17" ten="40,8000,1" yaku="20,1,34,2,54,1" doraHai="75" who="2" fromWho="3" sc="289,0,304,0,157,90,240,-80" /><INIT seed="2,0,0,1,3,103" ten="289,304,247,160" oya="2" hai0="96,54,82,61,8,88,126,66,125,58,53,43,89" hai1="48,107,135,87,93,85,123,70,49,102,77,78,18" hai2="79,11,104,113,42,63,6,108,99,73,84,128,98" hai3="52,25,38,110,56,119,39,16,57,94,19,124,22"/><V112/><F128/><W23/><G119/><T37/><D37/><U47/><E70/><V28/><F28/><W95/><G110/><T75/><D43/><U32/><E32/><V33/><F33/><W106/><G25/><T100/><D8/><U116/><E116/><V105/><F42/><W10/><G10/><T0/><D0/><U9/><E135/><V118/><F118/><W24/><G24/><T31/><D31/><U97/><E107/><V130/><F130/><W46/><G46/><T4/><D4/><U29/><E29/><V30/><F30/><W14/><G14/><T67/><D75/><U5/><E18/><V34/><F34/><W132/><G124/><N who="0" m="47723" /><D53/><U122/><E9/><V44/><F108/><W35/><G35/><T76/><D76/><U51/><E5/><V114/><F73/><W40/><G40/><T115/><D115/><U129/><E129/><V134/><F134/><W69/><G69/><T64/><D82/><U41/><E77/><V27/><F79/><W12/><G12/><T83/><D83/><U86/><REACH who="1" step="1"/><E78/><REACH who="1" ten="289,294,247,160" step="2"/><V71/><F6/><W7/><G7/><T111/><D111/><U74/><E74/><V109/><F11/><W131/><G131/><T17/><D17/><U90/><E90/><V81/><F109/><W55/><G132/><T3/><D3/><U101/><E101/><V65/><F112/><W68/><G68/><T13/><D13/><U121/><AGARI ba="0,1" hai="41,47,48,49,51,85,86,87,93,97,102,121,122,123" machi="121" ten="40,5200,0" yaku="1,1,0,1,13,1,53,0" doraHai="103" doraHaiUra="62" who="1" fromWho="1" sc="289,-13,294,62,247,-26,160,-13" /><INIT seed="3,0,0,5,1,103" ten="276,356,221,147" oya="3" hai0="18,79,72,12,94,64,52,123,76,26,93,88,48" hai1="32,15,35,8,85,20,69,126,118,129,71,92,31" hai2="42,30,84,128,91,21,33,114,0,2,108,5,46" hai3="40,34,24,105,36,75,96,117,111,28,98,61,19"/><W120/><G117/><T16/><D123/><U68/><E126/><V87/><F114/><W49/><G120/><T106/><D106/><U53/><E129/><V29/><F128/><W73/><G98/><T99/><D72/><N who="3" m="27721" /><G49/><T127/><D127/><U90/><E118/><V23/><F108/><W67/><G19/><N who="0" m="7211" /><D64/><U115/><E115/><V56/><F56/><W44/><G111/><T58/><D26/><U17/><E53/><V124/><F124/><W125/><G125/><T47/><D12/><U97/><E31/><V62/><F62/><W86/><G86/><N who="0" m="52375" /><D47/><U95/><E20/><V54/><F46/><W132/><G132/><T82/><D82/><U4/><E4/><V122/><F5/><W112/><G112/><T45/><D45/><U55/><REACH who="1" step="1"/><E55/><REACH who="1" ten="276,346,221,147" step="2"/><V70/><F54/><W83/><G83/><T104/><D104/><U25/><E25/><V39/><F122/><W37/><G96/><T66/><D66/><U80/><E80/><V110/><F110/><W41/><G41/><T101/><AGARI ba="0,1" hai="48,52,58,76,79,94,99,101" m="52375,7211" machi="101" ten="30,7900,0" yaku="8,1,54,3" doraHai="103" who="0" fromWho="0" sc="276,89,346,-20,221,-20,147,-39" owari="365,46.5,326,12.6,201,-19.9,108,-39.2" /></mjloggm>