<mjloggm ver="2.3"><GO type="225" lobby="0"/><UN n0="%E9%B3%B3%E6%9D%B1%E3%81%AE%E3%81%86%E3%81%95%E3%81%8E%E3%81%95%E3%82%93" n1="%48%61%61%61%6C%61%6E%64" n2="%E3%81%B5%E3%81%98%E3%81%8B%E3%81%A4" n3="%E6%B8%A9%E2%98%85%E6%83%85%E2%98%85%E6%8E%AA%E2%98%85%E7%BD%AE" dan="17,18,16,17" rate="2264.65,2300.41,2217.69,2225.33" sx="M,M,M,M"/><TAIKYOKU oya="0"/><INIT seed="0,0,0,2,1,23" ten="250,250,250,250" oya="0" hai0="100,83,85,62,68,116,119,130,82,88,76,79,6" hai1="4,57,92,28,35,11,18,120,37,5,105,129,41" hai2="14,32,87,109,127,89,80,58,38,81,65,64,72" hai3="132,131,98,121,71,7,2,93,27,25,102,19,3"/><T49/><D6/><U13/><E105/><V56/><F38/><W124/><G71/><T78/><D49/><U74/><E120/><V9/><F32/><W117/><G117/><N who="0" m="45131" /><D62/><U70/><E74/><V29/><F29/><W126/><G121/><T96/><D68/><U1/><E70/><V39/><F39/><W115/><G115/><T0/><D0/><N who="3" m="41" /><G7/><T69/><D69/><U54/><E129/><V60/><F127/><N who="3" m="48683" /><G131/><T40/><D40/><U118/><E118/><V22/><F72/><W12/><G132/><T52/><D52/><U30/><E5/><N who="2" m="3375" /><F80/><W59/><G59/><N who="2" m="22569" /><F60/><W73/><G73/><N who="0" m="43279" /><D130/><U77/><E1/><V31/><F109/><W63/><G63/><T24/><D24/><AGARI ba="0,0" hai="22,24,31,64,65,81,87,89" m="22569,3375" machi="24" ten="30,2000,0" yaku="8,1,52,1" doraHai="23" who="2" fromWho="0" sc="250,-20,250,0,250,20,250,0" /><INIT seed="1,0,0,2,1,134" ten="230,250,270,250" oya="1" hai0="111,16,100,6,106,97,40,75,99,88,82,58,91" hai1="39,27,130,54,79,67,4,10,60,3,63,93,107" hai2="83,102,26,123,70,135,28,98,71,15,12,14,87" hai3="76,129,43,115,116,7,46,81,25,122,84,78,49"/><U89/><E107/><V29/><F135/><W73/><G122/><T94/><D6/><U119/><E119/><V86/><F123/><W59/><G116/><T65/><D40/><U53/><E39/><V5/><F5/><W1/><G115/><T9/><D111/><U57/><E130/><V55/><F55/><W18/><G129/><T124/><D124/><U33/><E79/><V108/><F108/><W118/><G118/><T41/><D41/><U38/><E38/><V69/><F26/><W80/><G59/><T31/><D31/><U68/><E54/><V44/><F44/><W47/><G47/><T35/><D35/><U19/><E19/><V17/><F17/><W74/><G84/><T95/><D75/><U126/><E126/><V48/><F48/><W125/><G125/><T109/><D82/><U36/><E36/><V131/><F131/><W23/><G7/><T105/><D100/><U127/><E127/><V90/><REACH who="2" step="1"/><F87/><REACH who="2" ten="230,250,260,250" step="2"/><W101/><G1/><T64/><D109/><U133/><E133/><V20/><F20/><W42/><G42/><T21/><D9/><U50/><E27/><V51/><F51/><W114/><G114/><T0/><D0/><U32/><E50/><V8/><F8/><W37/><G37/><T77/><D64/><U30/><E30/><V62/><F62/><W117/><G117/><T24/><D77/><U103/><E33/><V45/><F45/><W120/><G120/><T104/><D65/><U13/><E32/><V121/><F121/><W61/><G61/><T22/><D22/><U66/><E66/><V11/><F11/><RYUUKYOKU ba="0,1" sc="230,10,250,-30,260,10,250,10" hai0="16,21,24,58,88,91,94,95,97,99,104,105,106" hai2="12,14,15,28,29,69,70,71,83,86,90,98,102" hai3="18,23,25,43,46,49,73,74,76,78,80,81,101" /><INIT seed="2,1,1,2,2,98" ten="240,220,270,260" oya="2" hai0="114,10,122,115,81,13,39,61,22,103,3,95,131" hai1="9,68,16,101,67,117,70,96,48,28,31,11,106" hai2="78,100,71,45,129,135,6,50,5,92,30,17,38" hai3="8,23,43,51,90,105,99,134,58,111,91,54,53"/><V19/><F71/><W0/><G111/><T65/><D122/><U118/><E48/><V88/><F38/><W25/><G134/><T128/><D39/><U62/><E70/><V120/><F135/><W112/><G112/><T82/><D3/><U93/><E93/><V40/><F129/><N who="0" m="49738" /><D22/><U102/><E102/><V79/><F100/><W12/><G0/><T126/><D126/><U116/><REACH who="1" step="1"/><E16/><REACH who="1" ten="240,210,270,260" step="2"/><N who="2" m="6219" /><F120/><W55/><G51/><T123/><D123/><U110/><E110/><V37/><F37/><W36/><G36/><T14/><D95/><U32/><E32/><V87/><F30/><AGARI ba="1,2" hai="9,11,28,30,31,62,67,68,96,101,106,116,117,118" machi="30" ten="40,5200,0" yaku="1,1,52,1,53,1" doraHai="98" doraHaiUra="63" who="1" fromWho="2" sc="240,0,210,75,270,-55,260,0" /><INIT seed="3,0,0,5,2,83" ten="240,285,215,260" oya="3" hai0="78,51,53,20,31,125,94,27,86,123,64,82,99" hai1="90,29,109,130,113,107,124,47,85,16,44,61,45" hai2="63,4,37,35,115,120,73,42,52,3,96,92,77" hai3="116,68,132,2,49,67,127,19,23,10,74,119,14"/><W28/><G74/><T8/><D125/><U72/><E113/><V7/><F115/><W135/><G49/><T30/><D123/><U26/><E72/><V13/><F35/><W17/><G67/><T104/><D104/><U128/><E107/><V22/><F3/><W121/><G68/><T91/><D64/><U21/><E109/><V55/><F73/><W15/><G121/><T11/><REACH who="0" step="1"/><D30/><REACH who="0" ten="230,285,215,260" step="2"/><U41/><E124/><V34/><F120/><W134/><G127/><T5/><D5/><U81/><E29/><V80/><F4/><N who="3" m="1303" /><G28/><T69/><D69/><U75/><E128/><V131/><F131/><W70/><G70/><T32/><D32/><U108/><E130/><V111/><F34/><W93/><G93/><T48/><D48/><U0/><E61/><V126/><F126/><W79/><G79/><T38/><D38/><U54/><E0/><V103/><F63/><W95/><G95/><T89/><D89/><U112/><E90/><V102/><F7/><W129/><G129/><T46/><AGARI ba="0,1" hai="8,11,20,27,31,46,51,53,78,82,86,91,94,99" machi="46" ten="20,8000,1" yaku="1,1,0,1,7,1,8,1,52,1,53,0" doraHai="83" doraHaiUra="9" who="0" fromWho="0" sc="230,90,285,-20,215,-20,260,-40" owari="320,42.0,265,6.5,195,-30.5,220,-18.0" /></mjloggm>