<mjloggm ver="2.3"><GO type="225" lobby="0"/><UN n0="%31%38%63%6D%E7%AB%8B%E7%9B%B4%E6%A3%92" n1="%E5%8F%AF%E5%85%90%E9%82%A3%E7%94%B1%E5%A4%9A" n2="%E3%82%A2%E3%82%A4%E3%82%B9%E3%83%86%E3%82%A3%E3%83%BC%E3%81%82%E3%81%B9" n3="%72%69%6F%75%63%68%61%6E" dan="16,16,16,16" rate="2069.18,2195.77,2085.88,2197.53" sx="M,F,M,M"/><TAIKYOKU oya="0"/><INIT seed="0,0,0,5,0,54" ten="250,250,250,250" oya="0" hai0="87,50,12,79,106,75,55,44,128,34,74,59,38" hai1="110,93,15,66,29,27,113,21,115,133,98,118,2" hai2="103,63,3,73,20,56,83,43,32,17,24,36,119" hai3="96,134,125,65,48,10,82,89,97,108,14,92,5"/><T86/><D106/><U95/><E118/><V109/><F109/><W132/><G108/><T76/><D128/><U120/><E110/><V69/><F69/><W35/><G125/><T68/><D34/><U39/><E120/><V122/><F122/><W84/><G35/><T49/><D12/><U94/><E2/><V42/><F36/><W58/><G97/><T6/><D68/><U101/><E39/><V1/><F103/><W23/><G23/><T71/><D71/><U9/><E133/><V62/><F62/><W67/><G48/><T105/><D105/><U60/><E115/><V8/><F32/><W51/><G51/><T127/><D38/><U100/><E100/><V28/><F119/><W61/><REACH who="3" step="1"/><G65/><REACH who="3" ten="250,250,250,240" step="2"/><T70/><D70/><U4/><E113/><V85/><F20/><W33/><G33/><T25/><D25/><U37/><E37/><V131/><F131/><W72/><G72/><T130/><D130/><U135/><E135/><V26/><F73/><W22/><G22/><T123/><D123/><U104/><E104/><V107/><F107/><W90/><AGARI ba="0,1" hai="5,10,14,58,61,67,82,84,89,90,92,96,132,134" machi="90" ten="30,7900,0" yaku="1,1,0,1,52,1,53,1" doraHai="54" doraHaiUra="81" who="3" fromWho="3" sc="250,-39,250,-20,250,-20,240,89" /><BYE who="0" /><INIT seed="1,0,0,3,3,106" ten="211,230,230,329" oya="1" hai0="72,97,47,123,77,111,41,46,17,85,96,16,65" hai1="89,117,56,23,60,121,50,11,119,38,83,82,95" hai2="22,29,131,79,128,112,126,33,6,58,7,48,102" hai3="59,12,51,104,130,27,127,13,1,108,76,24,118"/><U52/><E121/><V78/><F33/><W42/><G108/><T91/><D91/><U43/><E38/><V73/><F126/><W54/><G127/><T94/><D94/><U10/><E119/><V14/><F102/><W21/><G1/><T49/><D49/><U9/><E117/><V61/><F48/><W34/><G118/><T0/><D0/><U39/><E39/><V4/><F112/><W113/><G113/><T66/><D66/><U26/><E43/><V75/><F78/><W2/><G2/><T67/><D67/><U124/><E50/><V57/><F79/><W134/><G134/><T125/><D125/><U103/><E103/><V92/><F92/><W32/><G130/><N who="2" m="49705" /><F58/><W133/><G133/><T105/><D105/><U115/><E115/><V45/><F45/><W93/><G104/><T71/><D71/><U116/><E116/><V80/><F80/><W88/><G76/><T19/><D19/><N who="1" m="12671" /><E124/><V70/><F70/><W36/><G32/><T110/><D110/><U84/><AGARI ba="0,0" hai="9,10,11,52,56,60,82,83,84,89,95" m="12671" machi="84" ten="30,3000,0" yaku="8,1,54,1" doraHai="106" who="1" fromWho="1" sc="211,-10,230,30,230,-10,329,-10" /><INIT seed="1,1,0,4,1,104" ten="201,260,220,319" oya="1" hai0="46,94,102,115,88,9,79,76,39,105,5,127,3" hai1="98,91,36,66,81,63,34,7,108,114,92,1,44" hai2="31,67,120,45,28,86,109,21,47,53,57,75,64" hai3="35,49,8,68,111,103,125,60,70,62,4,54,95"/><U110/><E114/><V83/><F109/><N who="1" m="42089" /><E34/><V85/><F120/><W22/><G111/><T19/><D19/><U132/><E132/><V72/><F83/><W100/><G35/><T48/><D48/><U41/><E81/><V96/><F96/><W99/><G125/><T78/><D78/><U2/><E7/><V27/><F57/><AGARI ba="1,0" hai="1,2,36,41,44,57,63,66,91,92,98" m="42089" machi="57" ten="30,2900,0" yaku="14,1,10,1" doraHai="104" who="1" fromWho="2" sc="201,0,260,32,220,-32,319,0" /><INIT seed="1,2,0,2,1,133" ten="201,292,188,319" oya="1" hai0="12,97,125,29,76,46,22,109,18,84,43,36,63" hai1="91,77,101,40,0,58,89,120,69,72,39,68,127" hai2="47,15,74,98,73,4,100,88,93,103,14,64,121" hai3="44,79,106,55,130,75,110,124,16,50,57,119,25"/><U131/><E120/><V108/><F108/><W70/><G124/><T102/><D102/><U3/><E101/><V38/><F121/><W1/><G119/><T13/><D13/><U56/><E131/><V5/><F64/><W129/><G110/><T78/><D78/><U123/><E123/><V114/><F114/><W80/><G70/><T51/><D51/><U87/><E72/><V37/><F47/><W71/><G71/><T53/><D53/><U116/><E116/><V122/><F122/><W107/><G1/><T26/><D26/><U94/><E77/><V48/><F48/><W115/><G115/><T9/><D9/><U65/><E40/><V105/><F93/><W62/><G16/><T59/><D59/><U17/><E39/><V96/><REACH who="2" step="1"/><F88/><REACH who="2" ten="201,292,178,319" step="2"/><W35/><G107/><AGARI ba="2,1" hai="4,5,14,15,37,38,73,74,96,98,100,103,105,107" machi="107" ten="25,6400,0" yaku="1,1,2,1,22,2,53,0" doraHai="133" doraHaiUra="41" who="2" fromWho="3" sc="201,0,292,0,178,80,319,-70" /><INIT seed="2,0,0,2,3,134" ten="201,292,258,249" oya="2" hai0="107,50,71,53,41,48,133,106,7,11,124,5,8" hai1="95,79,18,47,32,78,69,105,77,62,22,10,67" hai2="125,37,128,30,83,40,127,112,135,24,94,16,130" hai3="29,61,104,131,80,117,86,92,114,4,21,100,89"/><V49/><F112/><W52/><G117/><T122/><D122/><U113/><E105/><UN n0="%31%38%63%6D%E7%AB%8B%E7%9B%B4%E6%A3%92" /><V132/><F37/><W101/><G114/><T13/><D133/><N who="2" m="51274" /><F83/><W34/><G131/><N who="2" m="50217" /><F94/><W91/><G34/><T25/><D124/><N who="2" m="47690" /><F40/><W116/><G116/><T76/><D41/><U68/><E95/><V42/><F42/><W118/><G118/><T44/><D25/><U36/><E113/><V9/><F49/><W119/><G119/><T90/><D76/><U2/><E36/><V43/><F43/><W65/><G104/><T74/><D71/><U27/><E69/><V110/><F110/><W60/><G4/><T59/><D74/><U19/><E78/><V35/><F16/><W63/><G65/><T93/><D48/><U121/><E18/><V111/><F111/><W3/><G3/><T26/><D26/><U120/><E79/><V64/><F64/><W17/><G29/><T123/><D123/><U39/><E77/><V57/><F57/><N who="3" m="34855" /><G61/><T126/><D126/><U75/><E121/><V99/><F9/><W38/><G38/><T66/><D66/><U46/><E120/><V1/><F99/><N who="3" m="57743" /><G63/><T23/><D23/><U88/><E39/><V15/><F15/><AGARI ba="0,0" hai="15,17,21,80,86,91,100,101" m="57743,34855" machi="15" ten="30,2000,0" yaku="8,1,54,1" doraHai="134" who="3" fromWho="2" sc="201,0,292,0,258,-20,249,20" /><INIT seed="3,0,0,1,5,109" ten="201,292,238,269" oya="3" hai0="29,82,0,111,8,47,120,59,21,87,68,18,73" hai1="32,93,45,22,96,10,63,16,34,17,85,81,106" hai2="70,84,62,19,128,88,91,58,102,75,78,2,67" hai3="42,72,132,57,3,135,89,55,38,94,134,107,130"/><W110/><G3/><T14/><D120/><U37/><E106/><V127/><F127/><W76/><G107/><T65/><D68/><U43/><E10/><V51/><F2/><W30/><G130/><T9/><D73/><U119/><E119/><V35/><F35/><W108/><G30/><T66/><D111/><N who="3" m="42537" /><G42/><T77/><D47/><U114/><E114/><V116/><F116/><W24/><G38/><T1/><D29/><U118/><E63/><V49/><F102/><W97/><G24/><T64/><D1/><U69/><E69/><V122/><F122/><W133/><G133/><T124/><D124/><U83/><E118/><V60/><F75/><W56/><G55/><T125/><D125/><U46/><E43/><V11/><F128/><W92/><G92/><T103/><D0/><U86/><E93/><V4/><F4/><W44/><G44/><T25/><D103/><U61/><E37/><V95/><F91/><W74/><G74/><T90/><D25/><U54/><E54/><V12/><REACH who="2" step="1"/><F78/><REACH who="2" ten="201,292,228,269" step="2"/><W105/><G105/><T98/><REACH who="0" step="1"/><D59/><REACH who="0" ten="191,292,228,269" step="2"/><U20/><E34/><V27/><F27/><W48/><G72/><T100/><D100/><U33/><E32/><V80/><F80/><W40/><G57/><T71/><D71/><U13/><E33/><V112/><F112/><W31/><G56/><T28/><D28/><U104/><E81/><V5/><F5/><W53/><G31/><T129/><D129/><U131/><E131/><V101/><BYE who="0" /><F101/><UN n0="%31%38%63%6D%E7%AB%8B%E7%9B%B4%E6%A3%92" /><W126/><G126/><T113/><D113/><U41/><E83/><V52/><AGARI ba="0,2" hai="11,12,19,49,51,52,58,60,62,67,70,84,88,95" machi="52" ten="20,12000,2" yaku="1,1,0,1,7,1,54,2,53,1" doraHai="109" doraHaiUra="15" who="2" fromWho="2" sc="191,-30,292,-30,228,140,269,-60" owari="161,-33.9,262,6.2,368,46.8,209,-19.1" /></mjloggm>