<mjloggm ver="2.3"><GO type="225" lobby="0"/><UN n0="%33%74%72%65%65" n1="%E3%83%9F%E3%83%83%E3%82%AD%E3%83%BC%E8%9B%87%E5%B1%B1" n2="%6B%69%72%61%64%6F%6B%69" n3="%E3%81%A8%E3%82%93%E3%81%A8%E3%81%93%E3%81%A8%E3%82%93" dan="16,16,16,16" rate="2140.82,2033.87,2110.00,2135.63" sx="F,M,M,F"/><TAIKYOKU oya="0"/><INIT seed="0,0,0,3,3,7" ten="250,250,250,250" oya="0" hai0="25,89,123,46,14,35,106,131,70,44,57,40,33" hai1="64,41,47,122,91,13,2,17,66,103,54,55,67" hai2="71,11,26,18,96,65,85,38,9,49,58,79,94" hai3="51,107,8,28,31,124,39,37,10,119,60,120,98"/><T52/><D123/><U110/><E122/><V30/><F38/><W111/><G119/><T3/><D3/><U118/><E118/><V90/><F71/><W117/><G117/><T95/><D70/><U21/><E110/><V48/><F18/><W45/><G120/><T126/><D106/><U23/><E2/><V56/><F79/><W1/><G60/><T112/><D112/><U36/><E103/><V99/><F65/><W15/><G1/><T0/><D0/><U80/><E91/><V121/><F121/><W77/><G77/><T75/><D75/><U24/><REACH who="1" step="1"/><E80/><REACH who="1" ten="250,240,250,250" step="2"/><V125/><F90/><W130/><G111/><T16/><D89/><U116/><E116/><V134/><F94/><W84/><G124/><T92/><D126/><U50/><E50/><V114/><F125/><W83/><G83/><T68/><D95/><U128/><E128/><V61/><F48/><W108/><G51/><N who="0" m="30879" /><D92/><U53/><E53/><V74/><F49/><W101/><G130/><T97/><D131/><U32/><E32/><V59/><F61/><W72/><G101/><T5/><D33/><U82/><E82/><V76/><F76/><W133/><G108/><T87/><D35/><U135/><E135/><V29/><F134/><W88/><G133/><T115/><D115/><U63/><E63/><V93/><F93/><W20/><G88/><T19/><D97/><U105/><E105/><V104/><F104/><W127/><G98/><T4/><D40/><U129/><E129/><V113/><F96/><W42/><G107/><T102/><D102/><U43/><E43/><V12/><F99/><RYUUKYOKU ba="0,1" sc="250,-10,240,30,250,-10,250,-10" hai1="13,17,21,23,24,36,41,47,54,55,64,66,67" /><INIT seed="1,1,1,3,5,25" ten="240,270,240,240" oya="1" hai0="52,18,99,12,71,20,81,85,93,98,28,64,34" hai1="84,15,51,6,16,127,35,120,46,29,87,42,119" hai2="24,60,105,3,114,0,61,14,106,57,1,47,108" hai3="76,90,129,113,48,58,74,124,134,23,112,54,7"/><U59/><E119/><V100/><F108/><W40/><G124/><T121/><D121/><U109/><E120/><V95/><F114/><W126/><G126/><T107/><D107/><U38/><E127/><V133/><F133/><W111/><G134/><T5/><D5/><U65/><E6/><V132/><F132/><W11/><G111/><T116/><D116/><U53/><E109/><V110/><F110/><W101/><G129/><T94/><D64/><U102/><E102/><V62/><F14/><W44/><G101/><T104/><D104/><U70/><E35/><V122/><F122/><W66/><G66/><T37/><D37/><U19/><E29/><V96/><F57/><W10/><G10/><T83/><D71/><U79/><E79/><V72/><F72/><W117/><G90/><T97/><D52/><U55/><E55/><V89/><F47/><W50/><G23/><T128/><D128/><U27/><E27/><V26/><REACH who="2" step="1"/><F106/><REACH who="2" ten="240,270,230,240" step="2"/><W4/><G117/><T73/><D73/><U118/><E118/><V21/><F21/><W92/><G112/><T9/><D34/><U69/><E69/><V125/><F125/><W36/><G113/><T68/><D68/><U17/><E15/><V115/><F115/><W22/><G22/><T39/><D20/><U8/><E8/><V63/><N who="2" m="15360" /><DORA hai="86" /><V131/><F131/><W67/><G11/><T49/><D9/><U13/><E13/><V77/><F77/><W135/><G76/><T56/><D12/><U41/><E41/><V2/><N who="2" m="0" /><DORA hai="30" /><V88/><F88/><W130/><G40/><T45/><D56/><RYUUKYOKU ba="1,2" sc="240,-15,270,15,230,15,240,-15" hai1="16,17,19,38,42,46,51,53,59,65,70,84,87" hai2="24,26,89,95,96,100,105" /><INIT seed="1,2,2,3,2,1" ten="225,285,245,225" oya="1" hai0="42,104,91,117,49,134,130,40,20,101,31,69,99" hai1="7,84,131,103,77,43,6,114,41,132,8,19,60" hai2="65,122,73,14,81,0,11,111,33,70,125,23,93" hai3="55,127,57,78,128,121,118,90,112,72,107,62,58"/><U108/><E114/><V13/><F122/><W86/><G112/><T47/><D117/><U120/><E120/><V110/><F33/><W109/><G121/><T100/><D134/><U97/><E132/><V18/><F125/><W27/><G127/><T30/><D130/><U51/><E131/><V89/><F0/><W87/><G128/><T29/><D69/><U113/><E113/><V133/><F133/><W95/><G109/><N who="2" m="41481" /><F65/><W80/><G118/><T76/><D76/><U48/><E60/><V53/><F70/><W83/><G107/><T82/><D40/><U4/><E108/><V75/><F53/><W59/><REACH who="3" step="1"/><G27/><REACH who="3" ten="225,285,245,215" step="2"/><T74/><D104/><U66/><E41/><V126/><F126/><W63/><G63/><T116/><D116/><U88/><E43/><V56/><F81/><W34/><G34/><T98/><D82/><U25/><E25/><V54/><F73/><W36/><G36/><T79/><D74/><U67/><E48/><N who="2" m="30791" /><F75/><W26/><G26/><T106/><D42/><U129/><E51/><V3/><F3/><W119/><G119/><T94/><D49/><U123/><E123/><V9/><F14/><W10/><G10/><T102/><D106/><U21/><E8/><V71/><F71/><W46/><G46/><T5/><D47/><U24/><E129/><V12/><F13/><W32/><G32/><T92/><D92/><N who="1" m="58791" /><E77/><AGARI ba="2,3" hai="55,57,58,59,62,72,77,78,80,83,86,87,90,95" machi="77" ten="30,2000,0" yaku="1,1,7,1,53,0" doraHai="1" doraHaiUra="96" who="3" fromWho="1" sc="225,0,285,-26,245,0,215,56" /><INIT seed="2,0,0,4,3,76" ten="225,259,245,271" oya="2" hai0="28,117,75,100,29,89,109,108,111,20,22,58,93" hai1="70,127,41,43,57,10,91,71,115,52,6,21,134" hai2="79,78,26,131,86,56,132,114,9,35,47,72,90" hai3="74,128,5,105,3,96,49,73,116,118,63,120,23"/><V25/><F114/><W33/><G49/><T60/><D117/><U50/><E115/><V55/><F131/><W42/><G23/><N who="0" m="8747" /><D100/><U27/><E134/><V62/><F132/><W61/><G42/><T110/><N who="0" m="27648" /><DORA hai="48" /><T122/><D75/><U12/><E127/><V102/><F102/><W119/><G120/><T54/><D122/><U133/><E133/><V45/><F35/><W98/><G33/><T11/><D11/><U130/><E130/><V80/><F9/><W135/><G135/><T94/><D94/><U106/><E106/><V46/><REACH who="2" step="1"/><F78/><REACH who="2" ten="225,259,235,271" step="2"/><W124/><G128/><T126/><D126/><U38/><E91/><V69/><F69/><W40/><G124/><T64/><D64/><U36/><E71/><V67/><F67/><W66/><G66/><T103/><D103/><U19/><E70/><V0/><F0/><W51/><G3/><T125/><D125/><U31/><E31/><V1/><F1/><W16/><G118/><T92/><D92/><AGARI ba="0,1" hai="25,26,45,46,47,55,56,62,72,79,80,86,90,92" machi="92" ten="40,12000,1" yaku="1,1,52,2,53,1" doraHai="76,48" doraHaiUra="87,17" who="2" fromWho="0" sc="225,-120,259,0,235,130,271,0" /><INIT seed="2,1,0,5,0,53" ten="105,259,365,271" oya="2" hai0="114,106,31,44,126,26,49,57,21,92,33,16,30" hai1="34,135,45,124,88,112,74,25,95,97,61,117,71" hai2="66,133,99,3,72,7,11,102,107,110,132,29,32" hai3="105,48,24,55,78,82,116,28,128,134,108,93,12"/><V10/><F72/><W129/><G105/><T36/><D106/><U84/><E117/><V118/><F118/><W73/><G116/><T2/><D114/><U76/><E112/><V70/><F10/><W100/><G108/><T39/><D126/><U42/><E124/><V4/><F4/><W17/><G134/><T89/><D2/><U40/><E135/><V19/><F19/><W0/><G0/><T5/><D5/><U104/><E71/><V64/><F64/><W8/><G93/><T56/><D36/><U77/><E61/><N who="2" m="40271" /><F110/><W67/><G100/><T54/><D39/><U23/><E34/><V38/><F38/><W127/><G67/><T119/><D119/><U85/><E45/><V101/><F101/><W98/><G98/><T27/><REACH who="0" step="1"/><D31/><REACH who="0" ten="95,259,365,271" step="2"/><U130/><E104/><V87/><F29/><W111/><G127/><T68/><D68/><U15/><E130/><V122/><F107/><W6/><G6/><T47/><D47/><U121/><E121/><V58/><F122/><W46/><REACH who="3" step="1"/><G111/><REACH who="3" ten="95,259,365,261" step="2"/><T113/><D113/><U90/><E74/><V81/><F7/><W115/><G115/><T91/><D91/><U20/><E90/><V94/><F3/><W83/><G83/><T86/><AGARI ba="1,2" hai="16,21,26,27,30,33,44,49,54,56,57,86,89,92" machi="86" ten="20,12000,2" yaku="1,1,0,1,7,1,52,2,54,1,53,0" doraHai="53" doraHaiUra="120" who="0" fromWho="0" sc="95,143,259,-31,365,-61,261,-31" /><INIT seed="3,0,0,4,5,58" ten="238,228,304,230" oya="3" hai0="2,116,16,109,51,75,38,127,103,77,92,56,71" hai1="1,81,83,43,24,86,64,104,33,130,126,124,49" hai2="52,91,35,112,10,0,66,14,22,96,68,3,94" hai3="122,99,117,125,98,120,87,89,69,107,27,65,101"/><W90/><G117/><T128/><D116/><U121/><E121/><V82/><F35/><W7/><G7/><T72/><D38/><U26/><E104/><V40/><F40/><W55/><G125/><N who="1" m="48234" /><E1/><V28/><F68/><W54/><G27/><N who="1" m="10282" /><E33/><V114/><F66/><W20/><G20/><T8/><D2/><U9/><E130/><V31/><F0/><W57/><G69/><T63/><D71/><U97/><E64/><V39/><F39/><W50/><G65/><T67/><D67/><U110/><E110/><V23/><F3/><W133/><G133/><T131/><D109/><U102/><E9/><V32/><F32/><W25/><G25/><T18/><D8/><U70/><E70/><V88/><F22/><W6/><G6/><T46/><D127/><U47/><E86/><N who="2" m="50263" /><F23/><W79/><G120/><T62/><D131/><U17/><E17/><N who="2" m="8407" /><F114/><W11/><G122/><T93/><D128/><U106/><AGARI ba="0,0" hai="43,47,49,81,83,97,102,106" m="10282,48234" machi="106" ten="30,1100,0" yaku="18,1" doraHai="58" who="1" fromWho="1" sc="238,-3,228,11,304,-3,230,-5" owari="235,-16.5,239,3.9,301,40.1,225,-27.5" /></mjloggm>