<mjloggm ver="2.3"><GO type="225" lobby="0"/><UN n0="%E3%81%A9%E3%82%8F%E3%82%93%E3%81%94" n1="%E3%81%86%E3%81%A9%E3%82%93%E3%81%93" n2="%E3%82%B2%E3%82%B9%E8%8C%82%E5%8B%9D" n3="%E7%BD%AA%E5%88%91%E6%B3%95%E5%AE%9A%E4%B8%BB%E7%BE%A9" dan="16,16,16,16" rate="2068.15,2177.06,2053.50,2115.79" sx="M,M,F,M"/><TAIKYOKU oya="0"/><BYE who="0" /><UN n0="%E3%81%A9%E3%82%8F%E3%82%93%E3%81%94" /><INIT seed="0,0,0,0,4,3" ten="250,250,250,250" oya="0" hai0="130,120,109,13,115,124,132,32,112,61,21,93,42" hai1="33,28,9,52,103,116,102,6,108,11,45,27,31" hai2="65,63,104,51,1,66,131,94,0,100,47,50,134" hai3="135,133,17,41,46,70,12,59,19,92,64,43,8"/><T91/><BYE who="1" /><D120/><U68/><E68/><V73/><F131/><W85/><G70/><T36/><D32/><U107/><E107/><V114/><F134/><N who="3" m="51211" /><G19/><T121/><D121/><U90/><E90/><V20/><F114/><W25/><G25/><T22/><D132/><U105/><E105/><V38/><F73/><W29/><G29/><UN n1="%E3%81%86%E3%81%A9%E3%82%93%E3%81%93" /><T123/><D123/><U82/><E116/><V111/><F104/><W97/><G85/><T83/><D130/><U76/><E108/><V56/><F111/><W7/><G46/><T39/><D109/><U40/><E31/><V80/><F80/><W88/><G17/><T44/><D83/><U69/><E11/><V34/><F34/><W110/><G110/><T98/><D124/><U87/><E69/><V67/><F38/><W62/><AGARI ba="0,0" hai="7,8,12,41,43,59,62,64,88,92,97" m="51211" machi="62" ten="30,4000,0" yaku="20,1,52,1,54,1" doraHai="3" who="3" fromWho="3" sc="250,-20,250,-10,250,-10,250,40" /><INIT seed="1,0,0,1,1,94" ten="230,240,240,290" oya="1" hai0="102,46,9,81,37,95,12,24,13,30,1,75,99" hai1="26,72,61,115,86,27,25,5,59,18,19,123,104" hai2="74,49,50,63,33,108,31,54,14,93,47,22,6" hai3="20,120,135,91,28,110,133,134,79,68,101,35,62"/><U84/><E115/><V34/><F108/><W0/><G120/><T67/><D67/><U51/><E72/><V128/><F128/><W41/><G110/><T45/><D1/><U87/><E123/><V97/><F74/><W121/><G121/><T80/><D13/><U71/><E104/><V100/><F63/><W65/><G0/><T57/><D57/><U55/><E71/><V114/><F114/><W96/><G79/><T69/><D69/><U112/><E112/><V126/><F126/><W52/><G41/><T36/><D36/><U2/><E2/><V17/><F31/><W16/><G91/><T111/><D111/><U90/><E5/><V92/><F6/><W88/><G88/><T127/><D127/><U113/><E113/><V107/><REACH who="2" step="1"/><F50/><REACH who="2" ten="230,240,230,290" step="2"/><W38/><G38/><T76/><D37/><U129/><E129/><V10/><F10/><W60/><G28/><T118/><D118/><U39/><E39/><V77/><F77/><W132/><G132/><T42/><D76/><U66/><E90/><V70/><F70/><W58/><G35/><AGARI ba="0,1" hai="14,17,22,33,34,35,47,49,54,92,93,97,100,107" machi="35" ten="40,2600,0" yaku="1,1,52,1,53,0" doraHai="94" doraHaiUra="23" who="2" fromWho="3" sc="230,0,240,0,230,36,290,-26" /><INIT seed="2,0,0,4,5,105" ten="230,240,266,264" oya="2" hai0="30,115,96,36,49,78,106,3,92,125,84,41,89" hai1="76,83,110,116,59,108,66,87,5,90,57,7,119" hai2="21,127,10,86,104,60,97,13,14,121,11,4,81" hai3="79,68,132,28,42,38,102,54,24,52,39,72,51"/><V109/><F121/><W47/><G68/><T6/><D115/><U64/><E90/><V133/><F127/><W93/><G132/><T44/><D125/><U23/><E23/><V107/><F133/><W118/><G118/><T82/><D30/><U17/><E17/><V112/><F112/><W16/><G16/><T31/><D31/><U114/><E114/><V0/><F109/><N who="1" m="42089" /><E59/><V113/><F113/><W70/><G70/><T25/><D25/><U129/><E129/><V32/><F32/><W71/><G71/><T91/><D106/><U124/><E124/><V128/><F128/><W94/><G102/><T103/><REACH who="0" step="1"/><D36/><REACH who="0" ten="220,240,266,264" step="2"/><U46/><E116/><V101/><F107/><W131/><G39/><T45/><D45/><U88/><E119/><V135/><F135/><W65/><G38/><T20/><D20/><U67/><E46/><V98/><F21/><W63/><G47/><T73/><D73/><N who="1" m="43407" /><E57/><V33/><F33/><W117/><G117/><T69/><D69/><U134/><E134/><V126/><F126/><W15/><G28/><T43/><D43/><U62/><E62/><V18/><F60/><W95/><G42/><T75/><D75/><U53/><E53/><V74/><F74/><W19/><G72/><T22/><D22/><U40/><E40/><V37/><F37/><W99/><G54/><T9/><AGARI ba="0,1" hai="3,6,9,41,44,49,78,82,84,89,91,92,96,103" machi="9" ten="30,2000,0" yaku="1,1,0,1,53,0" doraHai="105" doraHaiUra="48" who="0" fromWho="0" sc="220,30,240,-5,266,-10,264,-5" /><INIT seed="3,0,0,4,0,93" ten="250,235,256,259" oya="3" hai0="128,73,41,25,75,112,100,83,126,14,124,0,4" hai1="21,104,57,92,68,27,58,119,38,82,95,117,122" hai2="108,48,65,54,9,105,39,24,71,77,103,96,13" hai3="5,127,61,37,133,90,89,18,30,60,129,31,49"/><W81/><G37/><T1/><D112/><U12/><E122/><V3/><F108/><W132/><G127/><N who="0" m="48683" /><D41/><U34/><E68/><V33/><F39/><W43/><G5/><T35/><D100/><U101/><E38/><V99/><F3/><N who="0" m="1098" /><D83/><U123/><E123/><V59/><F77/><W44/><G129/><T98/><D128/><U8/><E34/><V26/><F33/><W11/><G133/><T102/><D14/><U97/><E82/><V62/><REACH who="2" step="1"/><F96/><REACH who="2" ten="250,235,246,259" step="2"/><W70/><G132/><T66/><D35/><U56/><E104/><V111/><F111/><W51/><G49/><T84/><D98/><U79/><E79/><V10/><F10/><W109/><G51/><T115/><D115/><U125/><E125/><V74/><F74/><W16/><G109/><T46/><D75/><U40/><E40/><V55/><F55/><W94/><G43/><T7/><D73/><U53/><E53/><V17/><AGARI ba="0,1" hai="9,13,17,24,26,48,54,59,62,65,71,99,103,105" machi="17" ten="20,5200,0" yaku="1,1,0,1,7,1,52,1,53,0" doraHai="93" doraHaiUra="135" who="2" fromWho="2" sc="250,-13,235,-13,246,62,259,-26" owari="237,3.7,222,-27.8,308,40.8,233,-16.7" /></mjloggm>