<mjloggm ver="2.3"><GO type="225" lobby="0"/><UN n0="%6D%75%75%6D%75%72%61" n1="%E6%A0%B9%E5%85%83%E3%81%8B%E3%82%89%E5%90%B9%E3%81%A3%E9%A3%9B%E3%81%B6" n2="%48%61%61%61%6C%61%6E%64" n3="%E3%81%8F%E3%81%BE%E3%81%96%E3%82%8F" dan="17,16,17,16" rate="2191.10,2150.71,2161.87,2047.53" sx="F,F,M,M"/><TAIKYOKU oya="0"/><INIT seed="0,0,0,2,4,28" ten="250,250,250,250" oya="0" hai0="118,23,87,114,68,84,120,22,74,126,34,49,100" hai1="94,130,9,15,12,112,60,43,38,132,107,78,80" hai2="121,1,44,48,45,101,103,41,26,127,47,10,76" hai3="50,71,113,42,85,106,75,95,133,89,17,24,124"/><T97/><D114/><U70/><E130/><V104/><F121/><W93/><G113/><T67/><D118/><U39/><E132/><V72/><F127/><W8/><G106/><T119/><D119/><U110/><E107/><V98/><F103/><W135/><G124/><T134/><D74/><U131/><E110/><V57/><F57/><W37/><G75/><T21/><D126/><U91/><E112/><V102/><F102/><W96/><G71/><T2/><D2/><U116/><E131/><V64/><F64/><W25/><G37/><T40/><D120/><U108/><E108/><V7/><REACH who="2" step="1"/><F26/><REACH who="2" ten="250,250,240,250" step="2"/><W52/><G133/><T56/><D134/><U4/><E116/><V111/><F111/><W117/><G117/><T58/><D58/><U129/><E70/><V5/><F5/><W32/><G25/><T88/><D68/><U54/><E129/><V69/><F69/><W86/><G24/><T92/><D67/><U115/><E115/><V27/><F27/><W61/><G135/><T77/><D56/><U105/><E105/><V122/><F122/><W99/><G61/><T59/><D100/><U62/><E39/><V20/><F20/><W36/><G50/><T16/><D59/><U82/><E38/><V31/><F31/><W51/><G51/><T79/><D49/><U6/><E62/><V3/><F3/><W83/><G36/><T46/><D22/><U13/><E60/><V14/><F14/><W0/><G0/><T29/><D23/><U123/><E123/><V65/><F65/><W53/><G17/><T18/><D18/><U81/><E6/><RYUUKYOKU ba="0,1" sc="250,-10,250,-10,240,30,250,-10" hai2="1,7,10,41,44,45,47,48,72,76,98,101,104" /><INIT seed="1,1,1,3,0,131" ten="240,240,270,240" oya="1" hai0="12,54,40,93,96,57,106,9,13,125,73,27,24" hai1="79,43,52,59,81,118,83,97,36,58,21,77,123" hai2="19,16,127,41,56,76,80,115,39,20,14,98,68" hai3="90,8,37,108,128,84,15,94,55,132,28,4,17"/><U38/><E118/><V50/><F68/><W133/><G128/><T120/><D125/><U23/><E43/><V18/><F127/><W31/><G108/><T65/><D106/><U95/><E95/><V88/><F39/><W1/><G37/><T112/><D112/><U119/><E119/><V85/><F115/><W5/><G5/><T126/><D126/><U6/><E6/><V109/><F109/><W67/><G67/><T124/><D124/><U107/><E107/><V63/><F98/><W0/><G55/><T70/><D73/><U117/><E117/><V130/><F130/><W87/><G87/><T26/><D40/><U7/><E7/><V49/><F76/><W101/><G101/><T61/><D120/><U82/><E97/><V62/><F62/><W42/><G42/><T92/><D9/><U111/><E82/><V35/><F35/><W29/><REACH who="3" step="1"/><G4/><REACH who="3" ten="240,240,270,230" step="2"/><T32/><D32/><U99/><E52/><N who="2" m="31759" /><F63/><W33/><G33/><T44/><D70/><U46/><E111/><V86/><F86/><W114/><G114/><T75/><D75/><U10/><E99/><V25/><F14/><N who="0" m="5738" /><D96/><U34/><E34/><V121/><F121/><W47/><G47/><AGARI ba="1,2" hai="16,18,19,20,25,41,47,50,80,85,88" m="31759" machi="47" ten="30,7700,0" yaku="8,1,54,3" doraHai="131" who="2" fromWho="3" sc="240,0,240,0,270,100,230,-80" /><INIT seed="2,0,0,2,1,22" ten="240,240,370,150" oya="2" hai0="21,44,56,108,85,54,82,92,66,51,80,38,23" hai1="34,109,95,97,102,33,91,86,6,53,45,26,73" hai2="11,112,115,119,3,113,125,118,131,106,64,32,46" hai3="62,94,13,84,25,116,18,124,47,88,83,27,75"/><V130/><F106/><W1/><G116/><N who="2" m="44585" /><F64/><W59/><G124/><T67/><D108/><U8/><E73/><V89/><F89/><N who="3" m="51359" /><G1/><T123/><D123/><U50/><E109/><V12/><F46/><W71/><G75/><T135/><D135/><U87/><E87/><V9/><F125/><W78/><G78/><T65/><D38/><U37/><E37/><V99/><F99/><N who="3" m="57799" /><G47/><T15/><D92/><U60/><E34/><V117/><F117/><W10/><G71/><T55/><D15/><N who="1" m="5527" /><E33/><V49/><F32/><W104/><G104/><T2/><D2/><U132/><E132/><V14/><F3/><W101/><G101/><T107/><D107/><U68/><E68/><V52/><F12/><W133/><G133/><T41/><D41/><U40/><E102/><V17/><F113/><W90/><G90/><N who="0" m="51495" /><D82/><U129/><E97/><V0/><F112/><W76/><G76/><T79/><D79/><U74/><E74/><V114/><F115/><W5/><G5/><T28/><D28/><U58/><E91/><V16/><F114/><W61/><G61/><AGARI ba="0,0" hai="21,23,44,51,54,55,56,61,65,66,67" m="51495" machi="61" ten="30,1000,0" yaku="8,1" doraHai="22" who="0" fromWho="3" sc="240,10,240,0,370,0,150,-10" /><INIT seed="3,0,0,0,1,9" ten="250,240,370,140" oya="3" hai0="120,98,21,46,44,102,57,94,31,60,23,4,86" hai1="69,22,71,52,25,64,37,91,121,58,29,128,20" hai2="112,77,85,103,89,80,111,119,10,17,126,129,66" hai3="74,90,113,114,24,67,75,84,42,117,54,15,130"/><W92/><G117/><T79/><D120/><U134/><E121/><V8/><F111/><W34/><G75/><T26/><D4/><U19/><E37/><V2/><F126/><W123/><G123/><T99/><D23/><U105/><E105/><V55/><F129/><W132/><G74/><T39/><D39/><U115/><E115/><V109/><F109/><W1/><G1/><T133/><D133/><U38/><E38/><V116/><F112/><W40/><G114/><T97/><D79/><U49/><E128/><V14/><F103/><W96/><G113/><T107/><D86/><U76/><E76/><V73/><F66/><W3/><G3/><T62/><D62/><U104/><E104/><V0/><F0/><W118/><G118/><T27/><D27/><U124/><E124/><V65/><F65/><W101/><G130/><T83/><D83/><U63/><E91/><V53/><F116/><W7/><G132/><T45/><D107/><U41/><E41/><V131/><F131/><W56/><G34/><T30/><D30/><U81/><E81/><V36/><F36/><W61/><G24/><T50/><D50/><U88/><E88/><V51/><F119/><W135/><G67/><AGARI ba="0,0" hai="21,26,31,44,45,46,57,60,67,94,97,98,99,102" machi="67" ten="40,5200,0" yaku="25,2,8,1" doraHai="9" who="0" fromWho="3" sc="250,52,240,0,370,0,140,-52" owari="302,10.2,240,-16.0,370,47.0,88,-41.2" /></mjloggm>