<mjloggm ver="2.3"><GO type="225" lobby="0"/><UN n0="%E5%BC%93%E6%9C%A8%E3%81%AA%E3%81%8A" n1="%72%61%6B%33" n2="%E3%81%BF%E3%81%BF%E3%81%9A" n3="%E6%9D%B1%E9%A2%A8%E3%81%AE%E3%81%8D%E3%82%83%E3%81%B7%E3%81%95%E3%82%93" dan="16,16,16,16" rate="2126.53,2052.30,2143.52,2172.10" sx="M,M,M,M"/><TAIKYOKU oya="0"/><INIT seed="0,0,0,4,4,127" ten="250,250,250,250" oya="0" hai0="121,53,131,29,75,20,91,120,80,117,106,133,54" hai1="37,42,134,43,4,78,44,11,99,14,88,47,97" hai2="108,83,31,116,124,5,19,123,110,89,68,104,125" hai3="22,93,36,87,92,49,112,35,135,51,122,8,25"/><T63/><D117/><U17/><E134/><V60/><F5/><W114/><G36/><T6/><D133/><U109/><E109/><N who="2" m="42091" /><F31/><W18/><G35/><T15/><D106/><U50/><E78/><V0/><F0/><W1/><G135/><T48/><D63/><U55/><E42/><V34/><F34/><W90/><G122/><T130/><D54/><U3/><REACH who="1" step="1"/><E88/><REACH who="1" ten="250,240,250,250" step="2"/><V21/><F123/><W26/><G114/><T67/><D121/><U115/><E115/><V16/><F89/><N who="3" m="53311" /><G112/><T128/><D120/><U64/><E64/><N who="2" m="40967" /><F83/><W38/><G38/><T27/><D67/><U23/><AGARI ba="0,1" hai="3,4,11,14,17,23,37,43,44,47,50,55,97,99" machi="23" ten="20,2700,0" yaku="1,1,0,1,7,1,53,0" doraHai="127" doraHaiUra="77" who="1" fromWho="1" sc="250,-13,240,37,250,-7,250,-7" /><INIT seed="1,0,0,5,2,8" ten="237,277,243,243" oya="1" hai0="115,16,26,85,77,128,49,12,99,132,55,83,122" hai1="95,87,124,91,25,29,79,84,70,35,45,111,6" hai2="27,11,110,104,53,58,56,120,30,47,24,37,86" hai3="2,34,63,17,15,38,116,119,126,89,112,5,52"/><U125/><E70/><V4/><F120/><W33/><G38/><T18/><D128/><U90/><E79/><V92/><F104/><W64/><G112/><T94/><D132/><U50/><E6/><V66/><F110/><W21/><G89/><T9/><D115/><U133/><E111/><V31/><F37/><W10/><G126/><T13/><D26/><N who="2" m="9770" /><F66/><W28/><G28/><N who="2" m="10793" /><F11/><W3/><G3/><T39/><D39/><U41/><REACH who="1" step="1"/><E133/><REACH who="1" ten="237,267,243,243" step="2"/><V60/><F4/><W32/><REACH who="3" step="1"/><G52/><REACH who="3" ten="237,267,243,233" step="2"/><T46/><D122/><U19/><E19/><N who="0" m="7209" /><D9/><U135/><E135/><V72/><F53/><W68/><AGARI ba="0,2" hai="2,5,10,15,17,21,32,33,34,63,64,68,116,119" machi="68" ten="40,5200,0" yaku="1,1,0,1,52,1,53,0" doraHai="8" doraHaiUra="105" who="3" fromWho="3" sc="237,-13,267,-26,243,-13,233,72" /><INIT seed="2,0,0,3,4,61" ten="224,241,230,305" oya="2" hai0="49,80,124,2,54,101,35,81,8,55,23,102,21" hai1="86,46,29,90,94,99,105,71,123,17,39,3,22" hai2="118,50,74,87,62,60,121,84,120,48,19,110,107" hai3="52,108,75,30,58,88,116,96,89,7,127,77,42"/><V83/><F118/><W114/><G116/><T18/><D35/><U93/><E3/><V10/><F107/><W65/><G75/><T40/><D124/><U97/><E123/><V45/><F74/><W104/><G77/><T43/><D2/><U100/><E71/><V122/><F110/><W16/><G42/><T12/><D43/><U129/><E129/><V69/><F87/><W112/><G30/><T125/><D125/><U98/><E29/><V109/><F109/><W26/><G7/><T76/><D40/><U33/><E33/><V68/><F62/><W53/><G104/><T135/><D135/><U31/><E31/><V66/><F69/><W38/><G38/><T132/><D132/><U64/><E39/><V82/><F82/><N who="0" m="31850" /><D76/><U28/><E28/><V32/><F32/><W117/><G117/><T134/><D134/><U133/><E46/><V78/><REACH who="2" step="1"/><F45/><REACH who="2" ten="224,241,220,305" step="2"/><W56/><G127/><T14/><D23/><U95/><E133/><V37/><F37/><W79/><G108/><T0/><D0/><U92/><E105/><V57/><F57/><W128/><G56/><N who="0" m="32847" /><D55/><U126/><E126/><V130/><F130/><W15/><G53/><T27/><D14/><AGARI ba="0,1" hai="10,14,19,48,50,60,66,68,78,83,84,120,121,122" machi="14" ten="40,3900,0" yaku="1,1,52,1,53,0" doraHai="61" doraHaiUra="25" who="2" fromWho="0" sc="224,-39,241,0,220,49,305,0" /><INIT seed="2,1,0,2,5,77" ten="185,241,269,305" oya="2" hai0="84,10,34,59,32,81,117,110,127,93,98,82,92" hai1="43,16,128,31,64,41,35,74,85,75,72,54,7" hai2="78,103,36,94,8,79,134,29,42,105,96,129,57" hai3="2,90,108,44,39,61,71,28,20,70,131,25,106"/><V19/><F129/><W49/><G106/><T18/><D110/><U86/><E128/><V109/><F109/><W95/><G2/><T118/><D127/><U38/><E7/><V76/><F134/><W62/><G39/><T65/><D34/><U126/><E126/><V21/><F29/><W9/><G9/><T91/><D32/><U114/><E114/><V111/><F111/><W113/><G113/><T120/><D120/><U119/><E119/><V130/><F130/><W46/><G131/><T3/><D118/><U24/><E64/><V53/><F8/><W27/><G27/><T83/><D117/><U26/><E54/><V87/><F36/><W68/><G108/><T97/><D93/><U100/><E100/><V122/><F42/><W135/><G135/><T107/><D107/><U17/><E38/><V45/><F45/><W80/><G80/><T4/><REACH who="0" step="1"/><D18/><REACH who="0" ten="175,241,269,305" step="2"/><U1/><E17/><V55/><F122/><W58/><G95/><T125/><D125/><U0/><E16/><V132/><F132/><W30/><G30/><T48/><D48/><U101/><E31/><V51/><F105/><W123/><G123/><T15/><D15/><U40/><E35/><V102/><F102/><W11/><G49/><T52/><D52/><U115/><E101/><V116/><F116/><W124/><G124/><T133/><D133/><U22/><E115/><V69/><F55/><W50/><G50/><T67/><D67/><U56/><E0/><V66/><F66/><W99/><G28/><T88/><D88/><U5/><E1/><V121/><F121/><W37/><G90/><RYUUKYOKU ba="1,1" sc="175,30,241,-10,269,-10,305,-10" hai0="3,4,10,59,65,81,82,83,84,91,92,97,98" /><INIT seed="3,2,1,5,2,110" ten="205,231,259,295" oya="3" hai0="31,134,106,53,65,70,50,80,37,130,17,42,104" hai1="34,89,77,19,121,23,25,120,32,97,84,96,88" hai2="47,85,133,98,33,8,0,48,105,21,41,27,4" hai3="82,73,2,68,11,107,124,132,30,28,9,16,86"/><W87/><G107/><T58/><D130/><U12/><E77/><V78/><F133/><W71/><G73/><T113/><D134/><U29/><E32/><V100/><F33/><W64/><G132/><T109/><D109/><U75/><E75/><V62/><F62/><W95/><G2/><T63/><D31/><U35/><E35/><V111/><F111/><W67/><G95/><T108/><D108/><U115/><E115/><V14/><F0/><W112/><G112/><T116/><D116/><U101/><E97/><V44/><F44/><W79/><G124/><T46/><D113/><U7/><E7/><V135/><F135/><W72/><G72/><T40/><D40/><U10/><E34/><V22/><F27/><W13/><G71/><T125/><D125/><U5/><E5/><V117/><F117/><W1/><G68/><T54/><D80/><AGARI ba="2,1" hai="4,8,14,21,22,41,47,48,78,80,85,98,100,105" machi="80" ten="40,2600,0" yaku="25,2" doraHai="110" who="2" fromWho="0" sc="205,-32,231,0,259,42,295,0" owari="173,-32.7,231,-16.9,301,40.1,295,9.5" /></mjloggm>