<mjloggm ver="2.3"><GO type="225" lobby="0"/><UN n0="%E8%BE%9B%E5%8F%A3%E3%82%AB%E3%83%AC%E3%83%BC%E3%83%A9%E3%82%A4%E3%82%B9" n1="%E9%9B%80%E6%A5%B5%E3%81%AE%E3%81%B8" n2="%E6%B8%A9%E2%98%85%E6%83%85%E2%98%85%E6%8E%AA%E2%98%85%E7%BD%AE" n3="%72%65%6E%6B%75%6E" dan="16,16,16,17" rate="2225.09,2113.53,2151.69,2253.38" sx="M,M,M,M"/><TAIKYOKU oya="0"/><INIT seed="0,0,0,2,0,8" ten="250,250,250,250" oya="0" hai0="25,124,29,16,126,40,82,68,11,100,42,47,97" hai1="88,37,44,52,60,41,34,94,69,66,110,104,73" hai2="39,111,115,134,14,70,129,93,118,35,21,84,80" hai3="85,123,105,79,130,81,101,0,112,58,78,46,107"/><T51/><D68/><U30/><E110/><V26/><F115/><W48/><G0/><T22/><D82/><U114/><E114/><V116/><F111/><W33/><G33/><T121/><D121/><U59/><E104/><V62/><F39/><W36/><G112/><T119/><D119/><N who="2" m="45610" /><F129/><W128/><G123/><T5/><D29/><U72/><E30/><N who="2" m="19927" /><F93/><W15/><G78/><T135/><D40/><U76/><E76/><N who="2" m="46087" /><F134/><W23/><G101/><T4/><D135/><U106/><E106/><V6/><F6/><W20/><G105/><T31/><D31/><U13/><E34/><V74/><F74/><W67/><G107/><N who="0" m="63887" /><D11/><U19/><E69/><V103/><F103/><W90/><G36/><T45/><D45/><U56/><E56/><V43/><F43/><W98/><G46/><T109/><D109/><U24/><E24/><V49/><F49/><W131/><G48/><T71/><D71/><U87/><E66/><N who="2" m="41303" /><F21/><AGARI ba="0,0" hai="13,19,21,37,41,44,52,59,60,72,73,87,88,94" machi="21" ten="30,7700,0" yaku="7,1,52,1,54,2" doraHai="8" who="1" fromWho="2" sc="250,0,250,77,250,-77,250,0" /><INIT seed="1,0,0,3,3,56" ten="250,327,173,250" oya="1" hai0="123,51,49,101,2,116,40,30,84,59,132,15,11" hai1="115,86,80,10,104,47,29,67,79,128,92,108,118" hai2="57,20,68,73,75,37,33,127,111,18,39,35,87" hai3="103,83,4,121,41,52,21,110,71,63,45,19,95"/><U135/><E104/><V114/><F68/><W1/><G121/><T124/><D116/><U131/><E47/><V130/><F111/><W99/><G110/><T48/><D132/><U74/><E10/><V27/><F130/><N who="1" m="49705" /><E67/><V102/><F102/><W106/><G83/><T25/><D124/><U38/><E29/><V81/><F127/><W23/><G106/><T82/><D123/><U88/><E38/><V96/><F96/><W70/><G4/><T72/><D2/><U119/><E108/><V89/><F114/><W66/><G1/><T112/><D112/><U8/><E115/><V77/><F39/><W76/><G76/><T65/><D72/><U26/><E26/><V17/><F37/><W109/><G109/><T53/><D40/><U50/><E50/><V90/><F75/><W0/><G0/><T105/><D65/><U113/><E113/><V122/><F122/><W98/><G70/><T100/><D105/><U9/><E9/><V32/><F73/><W6/><G6/><N who="0" m="3575" /><D25/><U22/><E8/><V117/><F117/><N who="1" m="44553" /><E22/><V34/><N who="2" m="8192" /><DORA hai="46" /><V12/><REACH who="2" step="1"/><F57/><REACH who="2" ten="250,327,163,250" step="2"/><W91/><G71/><T85/><D85/><U5/><E5/><V24/><F24/><W7/><G7/><T134/><D134/><AGARI ba="0,1" hai="74,79,80,86,88,92,134,135" m="44553,49705" machi="134" ten="40,12000,1" yaku="19,1,34,2,54,1" doraHai="56,46" who="1" fromWho="0" sc="250,-120,327,130,163,0,250,0" /><INIT seed="1,1,0,1,2,57" ten="130,457,163,250" oya="1" hai0="109,7,110,8,20,29,69,76,48,67,16,113,45" hai1="130,117,128,99,47,4,102,132,22,98,103,50,77" hai2="30,70,75,81,32,21,5,56,124,44,90,97,95" hai3="62,120,36,131,96,35,115,24,12,79,94,60,68"/><U89/><E4/><V72/><F124/><W119/><G36/><T61/><D113/><U114/><E114/><V87/><F70/><W65/><G115/><T43/><D76/><U17/><E117/><V64/><F32/><W37/><G37/><T41/><D29/><U58/><E77/><V91/><F5/><W104/><G120/><T122/><D122/><U31/><E31/><V108/><F108/><N who="0" m="41578" /><D48/><U52/><E132/><V6/><F6/><W133/><G133/><T63/><D45/><U135/><E135/><V25/><REACH who="2" step="1"/><F44/><REACH who="2" ten="130,457,153,250" step="2"/><W86/><G35/><T92/><D69/><U15/><E47/><V78/><F78/><W101/><G79/><T46/><D46/><U106/><REACH who="1" step="1"/><E89/><REACH who="1" ten="130,447,153,250" step="2"/><V39/><F39/><W14/><G119/><T85/><D7/><U55/><E55/><V51/><F51/><W118/><G118/><T80/><D67/><U66/><E66/><V38/><F38/><W11/><G65/><T100/><D43/><U73/><E73/><V121/><F121/><W116/><G116/><T83/><D41/><U111/><E111/><V1/><F1/><W127/><G127/><T71/><D71/><U3/><E3/><V2/><F2/><W112/><G68/><T34/><D100/><U49/><E49/><V18/><F18/><W129/><G112/><T19/><D19/><U88/><E88/><V54/><F54/><W126/><G101/><T53/><D16/><U9/><E9/><V23/><F23/><W84/><G126/><T40/><D20/><U107/><AGARI ba="1,2" hai="15,17,22,50,52,58,98,99,102,103,106,107,128,130" machi="107" ten="30,11700,0" yaku="1,1,0,1,9,1,54,1,53,0" doraHai="57" doraHaiUra="26" who="1" fromWho="1" sc="130,-40,447,140,153,-40,250,-40" /><INIT seed="1,2,0,0,0,123" ten="90,587,113,210" oya="1" hai0="28,87,81,69,12,114,3,135,11,48,49,41,53" hai1="111,129,35,9,127,132,74,23,126,112,38,44,105" hai2="97,31,5,108,84,100,2,26,4,122,6,116,45" hai3="77,96,115,7,90,72,103,25,46,33,13,101,79"/><U85/><RYUUKYOKU type="yao9" ba="2,0" sc="90,0,587,0,113,0,210,0" hai1="9,23,35,38,44,74,85,105,111,112,126,127,129,132" /><INIT seed="1,3,0,3,3,45" ten="90,587,113,210" oya="1" hai0="93,118,64,104,112,90,51,28,124,125,72,2,36" hai1="102,116,133,88,99,60,59,24,92,73,107,58,44" hai2="19,47,41,87,121,78,17,13,80,25,89,53,31" hai3="37,83,39,120,23,56,134,57,9,129,12,101,131"/><U46/><E116/><V10/><F121/><W3/><G120/><T96/><D112/><U32/><E73/><V54/><F19/><N who="3" m="10727" /><G134/><T91/><D118/><U8/><E133/><V113/><F113/><W34/><G34/><T14/><D36/><N who="3" m="13897" /><G101/><T4/><D2/><U11/><E58/><V38/><REACH who="2" step="1"/><F78/><REACH who="2" ten="90,587,103,210" step="2"/><W123/><G123/><T109/><D109/><U18/><E18/><V81/><F81/><W65/><G83/><T84/><D124/><U71/><E11/><V29/><F29/><W108/><G108/><T105/><D125/><U110/><E8/><V6/><F6/><N who="3" m="1247" /><G65/><T119/><D28/><U128/><E24/><V111/><F111/><W66/><G66/><T127/><D127/><U7/><E7/><V33/><AGARI ba="3,1" hai="10,13,17,25,31,33,38,41,47,53,54,80,87,89" machi="33" ten="20,2700,0" yaku="1,1,0,1,7,1,53,0" doraHai="45" doraHaiUra="63" who="2" fromWho="2" sc="90,-10,587,-16,103,46,210,-10" /><INIT seed="2,0,0,5,2,115" ten="80,571,149,200" oya="2" hai0="72,106,26,40,51,73,33,1,131,114,101,24,82" hai1="98,9,128,35,29,110,11,57,83,5,133,61,13" hai2="34,99,107,109,7,8,87,119,49,71,0,78,117" hai3="6,59,80,12,126,81,124,75,44,134,68,4,18"/><V95/><F71/><W20/><G68/><T23/><D114/><U100/><E110/><V27/><F109/><W54/><G134/><T127/><D1/><U67/><E128/><V47/><F107/><W118/><G44/><T135/><D131/><U17/><E133/><V113/><F113/><W84/><G75/><T38/><D135/><U129/><E129/><V62/><F62/><N who="3" m="36215" /><G118/><T91/><D38/><U41/><E41/><V89/><F34/><W43/><G43/><T112/><D112/><U60/><E29/><V85/><F27/><W64/><G64/><T120/><D120/><U132/><E35/><V122/><F122/><W102/><G102/><T111/><D111/><U104/><E132/><V3/><F3/><W123/><G80/><T90/><D33/><U74/><E61/><V76/><F76/><N who="3" m="46119" /><G123/><T42/><D127/><AGARI ba="0,0" hai="4,6,12,18,20,124,126,127" m="46119,36215" machi="127" ten="30,1000,0" yaku="18,1" doraHai="115" who="3" fromWho="0" sc="80,-10,571,0,149,0,200,10" /><INIT seed="3,0,0,3,2,120" ten="70,571,149,210" oya="3" hai0="130,41,95,102,125,101,48,66,20,135,38,53,77" hai1="112,18,100,44,1,133,121,6,15,109,13,80,17" hai2="110,50,34,43,63,46,69,99,60,83,7,117,126" hai3="82,108,122,105,98,58,52,8,93,86,9,79,124"/><W26/><G122/><T104/><D130/><U85/><E85/><V89/><F117/><W70/><G70/><T45/><D135/><U14/><E80/><V47/><F34/><W35/><G124/><T33/><D125/><U62/><E44/><V119/><F119/><W64/><G64/><T88/><D33/><U73/><E62/><V131/><F69/><W76/><G105/><T19/><D66/><U12/><E100/><V24/><F131/><W31/><G79/><T116/><D77/><U28/><E73/><V57/><F7/><W59/><G59/><T96/><D116/><U81/><E81/><V134/><F47/><W90/><REACH who="3" step="1"/><G108/><REACH who="3" ten="70,571,149,200" step="2"/><T87/><D102/><U42/><E109/><V32/><F57/><W113/><G113/><T21/><REACH who="0" step="1"/><D19/><REACH who="0" ten="60,571,149,200" step="2"/><U3/><E17/><V10/><F126/><W91/><G91/><T40/><D40/><U4/><E121/><V5/><F89/><W115/><G115/><T22/><D22/><U118/><E18/><V128/><F43/><W94/><G94/><T56/><AGARI ba="0,2" hai="20,21,38,41,45,48,53,56,87,88,95,96,101,104" machi="56" ten="20,5200,0" yaku="1,1,0,1,7,1,54,1,53,0" doraHai="120" doraHaiUra="127" who="0" fromWho="0" sc="60,72,571,-13,149,-13,200,-26" owari="132,-36.8,558,65.8,136,-26.4,174,-2.6" /></mjloggm>