<mjloggm ver="2.3"><GO type="225" lobby="0"/><UN n0="%E6%98%93%E5%88%A9%E8%96%A9%E4%BC%AF" n1="%E3%81%8F%E3%81%BE%E3%81%96%E3%82%8F" n2="%E3%81%9F%E3%81%93%E2%98%86%E7%84%BC%E3%81%8D" n3="%72%61%6B%33" dan="16,16,16,16" rate="2124.72,2045.17,2082.71,2211.20" sx="F,M,M,M"/><TAIKYOKU oya="0"/><INIT seed="0,0,0,0,2,126" ten="250,250,250,250" oya="0" hai0="120,46,38,130,73,16,77,49,122,55,90,44,24" hai1="12,128,50,72,111,35,15,22,85,34,27,80,4" hai2="43,105,93,113,57,133,108,56,61,102,95,124,32" hai3="33,87,42,28,17,118,100,26,109,106,67,115,99"/><T84/><D130/><U81/><E111/><V64/><F32/><W40/><G109/><T135/><D135/><U62/><E128/><V58/><F124/><W59/><G115/><T63/><D73/><U30/><E50/><V10/><F113/><W134/><G118/><T37/><D77/><U68/><E72/><V36/><F133/><W41/><G134/><T5/><D5/><U116/><E116/><V101/><F10/><W127/><G127/><T88/><D63/><U13/><E4/><V51/><F36/><W6/><G87/><T9/><D90/><U39/><E39/><V71/><F108/><W92/><G17/><T21/><D9/><U123/><E123/><V76/><F76/><W25/><G25/><T89/><D89/><U121/><E121/><V0/><F0/><W53/><G6/><T45/><D38/><U79/><E62/><V129/><F129/><W18/><G18/><T48/><D37/><U29/><E68/><V47/><F105/><W23/><G67/><T3/><D3/><U2/><E2/><V103/><AGARI ba="0,0" hai="43,47,51,56,57,58,61,64,71,93,95,101,102,103" machi="103" ten="30,1100,0" yaku="0,1" doraHai="126" who="2" fromWho="2" sc="250,-5,250,-3,250,11,250,-3" /><INIT seed="1,0,0,1,2,22" ten="245,247,261,247" oya="1" hai0="88,70,37,64,110,97,68,125,134,48,135,26,87" hai1="123,50,101,10,32,99,95,73,133,23,107,108,47" hai2="63,81,49,16,121,25,74,109,35,98,46,18,78" hai3="100,94,124,112,7,105,53,118,5,62,132,11,84"/><U85/><E123/><V44/><F121/><W56/><G112/><T128/><D37/><U86/><E32/><V6/><F6/><W34/><G124/><T90/><D128/><U59/><E133/><N who="0" m="50697" /><D125/><U69/><E69/><N who="0" m="26729" /><D64/><U93/><E73/><V65/><F98/><W43/><G118/><T103/><D48/><U36/><E10/><V55/><F109/><W113/><G11/><T30/><D87/><U40/><E108/><V80/><F46/><W75/><G84/><T119/><D119/><U91/><E23/><V115/><F80/><W130/><G34/><N who="0" m="20823" /><D110/><U24/><E85/><V67/><F115/><W28/><G113/><T33/><D33/><U106/><E36/><V17/><F63/><W89/><G62/><T51/><D51/><U60/><REACH who="1" step="1"/><E24/><REACH who="1" ten="245,237,261,247" step="2"/><V76/><F35/><W71/><G132/><T54/><D54/><AGARI ba="0,1" hai="40,47,50,54,59,60,86,91,93,95,99,101,106,107" machi="54" ten="30,5800,0" yaku="1,1,2,1,7,1,53,0" doraHai="22" doraHaiUra="19" who="1" fromWho="0" sc="245,-58,237,68,261,0,247,0" /><INIT seed="1,1,0,3,2,120" ten="187,305,261,247" oya="1" hai0="76,89,87,121,93,126,28,122,73,62,60,7,25" hai1="102,134,135,64,97,72,79,32,13,24,6,3,78" hai2="75,4,127,40,2,115,37,101,14,42,106,26,90" hai3="55,49,96,5,118,1,68,59,35,53,63,88,0"/><U70/><E3/><V133/><F14/><W113/><G113/><T36/><D36/><U9/><E70/><V54/><F26/><W39/><G35/><T38/><D38/><U16/><E64/><V124/><F101/><W29/><G39/><T43/><D43/><U99/><E72/><V65/><F4/><W8/><G118/><T66/><D126/><U125/><E125/><V15/><F15/><W23/><G0/><T46/><D46/><U56/><E56/><V51/><F51/><W34/><G34/><T86/><D7/><U81/><E81/><V30/><F30/><W109/><G109/><T48/><D48/><U123/><E123/><V80/><F80/><W61/><G68/><T21/><D73/><U129/><E129/><V50/><F50/><W107/><G107/><T92/><D62/><U44/><E44/><V12/><F12/><W17/><G29/><T91/><REACH who="0" step="1"/><D76/><REACH who="0" ten="177,305,261,247" step="2"/><U110/><E79/><V131/><F40/><W19/><G63/><T98/><D98/><U52/><E99/><V45/><F42/><W104/><G96/><T58/><AGARI ba="1,1" hai="21,25,28,58,60,66,86,87,89,91,92,93,121,122" machi="58" ten="30,4000,0" yaku="1,1,0,1,9,1,53,0" doraHai="120" doraHaiUra="31" who="0" fromWho="0" sc="177,53,305,-21,261,-11,247,-11" /><INIT seed="2,0,0,0,2,75" ten="230,284,250,236" oya="2" hai0="14,127,48,51,99,15,68,63,6,82,77,102,56" hai1="101,70,95,118,12,81,34,131,111,49,23,22,27" hai2="121,8,116,5,4,25,39,54,55,119,105,123,88" hai3="87,97,31,67,30,0,80,114,128,29,83,110,44"/><V65/><F39/><W117/><G117/><T104/><D127/><U106/><E118/><V33/><F105/><W41/><G110/><T90/><D68/><U72/><E70/><V20/><F33/><W71/><G0/><T24/><D90/><U62/><E106/><V10/><F25/><W96/><G128/><T89/><D89/><U47/><E131/><V59/><F88/><W52/><G114/><T92/><D104/><U57/><E111/><V124/><F59/><W107/><G83/><T85/><D24/><U126/><E126/><V42/><F20/><W112/><G112/><T37/><D37/><U7/><E34/><V79/><F42/><W84/><G84/><T74/><D74/><U21/><E72/><V98/><F65/><W45/><G67/><T132/><D132/><U91/><E101/><V26/><F26/><W129/><G71/><T13/><REACH who="0" step="1"/><D6/><REACH who="0" ten="220,284,250,236" step="2"/><U122/><E7/><V133/><F124/><W32/><G107/><T100/><D100/><U125/><E27/><V93/><F133/><W9/><G32/><T2/><D2/><U120/><E125/><V18/><F4/><W1/><G1/><T36/><D36/><U35/><E35/><V108/><F5/><W76/><G129/><T69/><D69/><U78/><E91/><V58/><F108/><W17/><G30/><T46/><D46/><U43/><E47/><V66/><F119/><W135/><G135/><T73/><D73/><U61/><E120/><V94/><F116/><W86/><G29/><T134/><D134/><U60/><E122/><V103/><F123/><W109/><G31/><RYUUKYOKU ba="0,1" sc="220,30,284,-10,250,-10,236,-10" hai0="13,14,15,48,51,56,63,77,82,85,92,99,102" /><INIT seed="3,1,1,2,5,10" ten="250,274,240,226" oya="3" hai0="90,130,38,22,41,62,101,106,69,16,19,135,12" hai1="17,96,39,122,115,4,129,36,5,126,7,104,33" hai2="134,61,29,21,37,49,76,105,80,24,79,25,94" hai3="59,55,6,72,97,45,14,70,114,57,46,125,119"/><W32/><G114/><T100/><D106/><U0/><E115/><V108/><F37/><W42/><G119/><T13/><D38/><N who="1" m="14379" /><E17/><V93/><F105/><W26/><G70/><T128/><D41/><U53/><E122/><V56/><F108/><W123/><G123/><T50/><D50/><U81/><E53/><V73/><F79/><W27/><G72/><T131/><D90/><U8/><E7/><V77/><F77/><W23/><G32/><T116/><D135/><U75/><E5/><V63/><F134/><W20/><G42/><T102/><D116/><U58/><E58/><V64/><F49/><W30/><G97/><T99/><D99/><U54/><E54/><V89/><F89/><W132/><G132/><T28/><D28/><U117/><E129/><V92/><F25/><W74/><G74/><T133/><D133/><U31/><E126/><V1/><REACH who="2" step="1"/><F63/><REACH who="2" ten="250,274,230,226" step="2"/><N who="3" m="36287" /><G125/><T47/><D47/><U44/><E44/><V121/><F121/><W91/><G91/><T15/><D22/><U109/><E109/><V40/><F40/><W120/><G120/><T87/><D87/><U84/><E117/><V88/><F88/><W11/><G46/><T86/><D86/><U98/><E75/><V71/><F71/><W107/><G45/><T52/><D69/><U127/><E104/><V9/><F9/><W68/><G68/><T3/><D62/><U112/><E112/><V85/><F85/><W60/><G107/><T65/><D131/><U82/><E84/><V124/><F124/><W103/><G60/><T51/><D130/><U110/><E110/><V34/><F34/><RYUUKYOKU ba="1,2" sc="250,-10,274,-10,230,30,226,-10" hai2="1,21,24,29,56,61,64,73,76,80,92,93,94" /><INIT seed="4,2,2,5,3,117" ten="240,264,260,216" oya="0" hai0="8,82,0,15,103,12,114,66,41,32,1,84,38" hai1="50,81,26,47,102,27,110,98,123,62,2,127,111" hai2="51,46,21,23,55,76,54,72,40,125,63,69,134" hai3="37,36,89,100,20,25,94,6,28,93,61,83,16"/><T86/><D32/><U14/><E2/><V128/><F72/><W88/><G6/><T90/><D103/><U34/><E123/><V131/><F76/><W104/><G104/><T65/><D38/><U121/><E121/><V71/><F21/><W64/><G83/><T126/><D41/><U44/><E127/><V59/><F23/><W101/><G28/><T96/><D96/><U33/><E62/><V77/><F77/><W129/><G129/><N who="2" m="49737" /><F125/><W48/><G48/><T13/><D114/><U52/><E81/><V39/><F134/><W42/><G36/><T133/><D133/><U87/><E87/><V97/><F97/><W113/><G113/><T116/><D116/><U119/><E119/><V3/><F3/><W9/><G9/><T95/><D126/><U85/><E85/><V10/><F10/><W124/><G124/><T115/><D115/><U43/><E98/><V78/><F78/><W18/><G18/><T29/><D29/><U56/><E34/><V122/><F122/><W132/><G132/><T4/><REACH who="0" step="1"/><D1/><REACH who="0" ten="230,264,260,216" step="2"/><U73/><E33/><V49/><F39/><W17/><G37/><T11/><D11/><U60/><E43/><V108/><F108/><W58/><G42/><T70/><D70/><U91/><E111/><V68/><F68/><W118/><G118/><T35/><D35/><U80/><E110/><V45/><AGARI ba="2,3" hai="40,45,46,49,51,54,55,59,63,69,71" m="49737" machi="45" ten="30,4000,0" yaku="19,1,34,2" doraHai="117" who="2" fromWho="2" sc="230,-22,264,-12,260,76,216,-12" owari="208,-19.2,252,5.2,336,43.6,204,-29.6" /></mjloggm>