<mjloggm ver="2.3"><GO type="225" lobby="0"/><UN n0="%66%67%67%68%68%64%66" n1="%79%6B%66%35%35%33%38%39" n2="%E5%80%89%E6%A9%8B%EF%BC%A0%E4%BA%8B%E5%8B%99" n3="%E3%81%BA%E3%82%93%E3%81%A1%E3%83%BC%E3%81%B4%E3%82%93%E3%81%A4%E3%82%82" dan="16,16,16,17" rate="2053.68,2174.69,2139.17,2207.04" sx="M,M,M,F"/><TAIKYOKU oya="0"/><INIT seed="0,0,0,2,5,101" ten="250,250,250,250" oya="0" hai0="36,114,20,2,90,48,116,17,126,23,68,12,130" hai1="120,0,94,14,105,103,93,21,121,61,133,46,112" hai2="135,128,79,49,111,35,77,107,62,31,60,106,127" hai3="113,102,37,71,53,56,16,54,115,65,118,50,78"/><T4/><D114/><U110/><E112/><V67/><F49/><W72/><G118/><T96/><D36/><U87/><E110/><V19/><F19/><W8/><G37/><T42/><D116/><U70/><E0/><V32/><F31/><W29/><G29/><T39/><D39/><U38/><E133/><V33/><F111/><W100/><G100/><T82/><D68/><U28/><E70/><V123/><F123/><W5/><G102/><T122/><D122/><U25/><E121/><V76/><F67/><W30/><G30/><T85/><D130/><U97/><E120/><V7/><F128/><W13/><G54/><T10/><D126/><U95/><E61/><N who="2" m="23659" /><F7/><W84/><G72/><T26/><D96/><U40/><REACH who="1" step="1"/><E14/><REACH who="1" ten="250,240,250,250" step="2"/><V66/><F135/><W43/><G71/><T55/><D42/><U11/><E11/><V83/><F66/><W119/><G43/><T63/><D63/><U92/><E92/><V109/><F109/><W98/><G65/><T24/><REACH who="0" step="1"/><D23/><REACH who="0" ten="240,240,250,250" step="2"/><U1/><E1/><V129/><F129/><W34/><G119/><T58/><AGARI ba="0,2" hai="2,4,10,12,17,20,24,26,48,55,58,82,85,90" machi="58" ten="20,7800,0" yaku="1,1,2,1,0,1,7,1,53,0" doraHai="101" doraHaiUra="124" who="0" fromWho="0" sc="240,98,240,-26,250,-26,250,-26" /><INIT seed="0,1,0,2,0,132" ten="338,214,224,224" oya="0" hai0="91,6,63,0,57,112,126,45,21,1,55,74,64" hai1="106,96,131,85,105,60,113,11,115,81,120,70,62" hai2="68,95,100,25,20,124,119,88,14,37,103,48,28" hai3="50,89,97,72,23,77,17,130,12,116,121,127,104"/><T73/><D112/><N who="1" m="43083" /><E120/><V46/><F37/><W87/><G116/><T15/><D91/><U18/><E131/><V84/><F68/><W102/><G130/><T49/><D126/><U44/><E44/><V8/><F124/><W122/><G50/><T35/><D35/><U2/><E70/><V114/><F114/><W110/><G110/><T22/><D22/><U38/><E38/><V98/><F98/><W56/><G56/><T71/><D71/><U7/><E18/><V80/><F95/><N who="3" m="54719" /><G127/><T41/><D41/><U10/><E10/><V5/><REACH who="2" step="1"/><F119/><REACH who="2" ten="338,214,214,224" step="2"/><W34/><G34/><T29/><D74/><U61/><E96/><V108/><F108/><W31/><G31/><T123/><D73/><U42/><E42/><AGARI ba="1,1" hai="5,8,14,20,25,28,42,46,48,80,84,88,100,103" machi="42" ten="30,7700,0" yaku="1,1,7,1,8,1,54,1,53,0" doraHai="132" doraHaiUra="30" who="2" fromWho="1" sc="338,0,214,-80,214,90,224,0" /><INIT seed="1,0,0,1,0,107" ten="338,134,304,224" oya="1" hai0="130,44,131,125,42,19,106,75,111,79,62,6,86" hai1="124,92,84,0,110,96,17,58,93,87,48,14,102" hai2="10,47,39,38,15,68,101,50,54,57,4,98,77" hai3="20,104,11,40,109,30,52,76,135,85,22,103,118"/><U134/><E134/><V43/><F68/><W29/><G135/><T8/><D106/><U55/><E124/><V35/><F35/><W73/><G73/><T23/><D111/><U95/><E110/><V65/><F65/><W25/><G40/><T88/><D125/><U120/><E120/><V18/><F77/><W121/><G121/><T60/><D79/><U72/><E0/><V78/><F78/><W80/><G109/><T126/><D75/><U67/><E72/><V24/><F24/><N who="3" m="16519" /><G104/><T94/><D126/><U117/><E117/><V61/><REACH who="2" step="1"/><F4/><REACH who="2" ten="338,134,294,224" step="2"/><W28/><G118/><T34/><D34/><U26/><E67/><V128/><F128/><W129/><G129/><T49/><D131/><U113/><E26/><V32/><F32/><W31/><G31/><T119/><D130/><U37/><E113/><V2/><F2/><W56/><G30/><T127/><D119/><U82/><E37/><V116/><F116/><W63/><G11/><T46/><D127/><U7/><E7/><V114/><F114/><W71/><G71/><T21/><D6/><U91/><REACH who="1" step="1"/><E84/><REACH who="1" ten="338,124,294,224" step="2"/><V16/><F16/><W132/><G132/><T90/><D19/><U9/><AGARI ba="0,2" hai="9,14,17,48,55,58,82,87,91,92,93,95,96,102" machi="9" ten="20,12000,1" yaku="1,1,2,1,0,1,7,1,8,1,53,0" doraHai="107" doraHaiUra="3" who="1" fromWho="1" sc="338,-40,124,140,294,-40,224,-40" /><INIT seed="1,1,0,4,0,26" ten="298,264,254,184" oya="1" hai0="73,79,68,91,74,100,36,3,121,107,77,78,117" hai1="118,19,44,30,80,29,2,106,96,109,102,89,11" hai2="71,129,22,95,41,128,135,72,4,13,39,60,8" hai3="93,51,120,50,101,7,35,113,104,134,126,97,28"/><U124/><E118/><V45/><F72/><N who="0" m="27754" /><D36/><U94/><E124/><V23/><F95/><W17/><G120/><T127/><D68/><U130/><E130/><N who="2" m="50283" /><F135/><W86/><G134/><T119/><D3/><U21/><E109/><V18/><F18/><W25/><G113/><T33/><D33/><U98/><E44/><V55/><F55/><W48/><G126/><T69/><D69/><U63/><E80/><V85/><F85/><W90/><G17/><T75/><D127/><U125/><E125/><V54/><F54/><W67/><G67/><AGARI ba="1,0" hai="4,8,13,22,23,39,41,45,60,67,71" m="50283" machi="67" ten="30,1000,0" yaku="19,1" doraHai="26" who="2" fromWho="3" sc="298,0,264,0,254,13,184,-13" /><INIT seed="2,0,0,5,1,117" ten="298,264,267,171" oya="2" hai0="42,104,79,84,52,83,114,82,94,48,13,71,30" hai1="81,37,77,86,128,53,70,2,131,67,63,124,98" hai2="39,50,99,45,23,15,57,43,10,92,8,12,106" hai3="101,4,95,62,17,89,90,80,105,40,87,110,109"/><V54/><F106/><W22/><G4/><T93/><D114/><U59/><E124/><V73/><F73/><W21/><G105/><T33/><D104/><U102/><E2/><V118/><F118/><W60/><G101/><T38/><D71/><U55/><E37/><V26/><F8/><W123/><G40/><T5/><D38/><U18/><E18/><V36/><F36/><W35/><G35/><T111/><D42/><U64/><E53/><V47/><F47/><W132/><G132/><T127/><D111/><N who="3" m="42505" /><G62/><T122/><D127/><U119/><E119/><V32/><F10/><W85/><G60/><T108/><D5/><U31/><E31/><V72/><F72/><W97/><G97/><T103/><D103/><U113/><E113/><V121/><F32/><W20/><G17/><T129/><D33/><U41/><E41/><V133/><F133/><W78/><G78/><T51/><D79/><U88/><E77/><V29/><REACH who="2" step="1"/><F121/><AGARI ba="0,0" hai="20,21,22,80,85,87,89,90,95,121,123" m="42505" machi="121" ten="30,3900,0" yaku="14,1,52,2" doraHai="117" who="3" fromWho="2" sc="298,0,264,0,267,-39,171,39" /><INIT seed="3,0,0,3,4,29" ten="298,264,228,210" oya="3" hai0="35,99,116,130,55,37,17,7,68,76,119,124,129" hai1="62,80,66,104,11,28,57,24,110,81,36,132,134" hai2="77,109,50,34,5,58,86,85,70,31,117,47,40" hai3="112,82,14,64,118,46,15,72,44,13,93,30,133"/><W20/><G118/><T41/><D68/><U56/><E110/><V22/><F70/><W91/><G112/><T10/><D35/><U1/><E104/><V90/><F117/><W49/><G133/><T79/><D124/><U12/><E1/><V123/><F109/><W101/><G64/><T59/><D17/><U0/><E0/><V98/><F123/><W60/><G60/><N who="0" m="35967" /><D99/><U100/><E36/><V95/><F34/><W53/><G101/><T26/><D26/><U75/><E57/><V19/><F5/><W122/><G122/><T54/><D54/><U16/><E100/><V52/><F77/><N who="0" m="29770" /><D41/><U2/><E2/><V103/><F103/><W71/><G71/><T111/><D37/><U115/><E115/><V45/><F31/><W33/><G33/><T42/><D42/><U105/><E105/><V120/><F120/><W51/><G72/><T96/><D96/><U21/><REACH who="1" step="1"/><E75/><REACH who="1" ten="298,254,228,210" step="2"/><V43/><F47/><N who="3" m="27839" /><G51/><T25/><D111/><U3/><E3/><V84/><REACH who="2" step="1"/><F45/><REACH who="2" ten="298,254,218,210" step="2"/><W87/><G46/><T97/><D119/><U89/><E89/><V38/><F38/><W102/><G44/><T126/><D116/><U73/><E73/><V128/><F128/><W74/><G74/><T121/><D121/><U18/><E18/><V63/><F63/><W4/><G4/><T114/><D130/><U135/><AGARI ba="0,2" hai="11,12,16,21,24,28,56,62,66,80,81,132,134,135" machi="135" ten="30,7900,0" yaku="1,1,0,1,20,1,54,1,53,0" doraHai="29" doraHaiUra="113" who="1" fromWho="1" sc="298,-20,254,99,218,-20,210,-39" owari="278,7.8,353,45.3,198,-20.2,171,-32.9" /></mjloggm>