<mjloggm ver="2.3"><GO type="225" lobby="0"/><UN n0="%E4%BA%BA%E9%96%93%E3%83%81%E3%83%A3%E3%83%BC%E3%83%8F%E3%83%B3" n1="%E3%80%93%E3%81%97%E3%83%BC%E3%82%89%E3%80%93" n2="%E3%81%BE%E3%81%A8%E3%81%9F" n3="%E5%8D%A0%E3%81%84%E5%B8%AB%E8%A3%8F%E3%81%AA%E3%81%84%E3%81%97" dan="16,16,16,17" rate="2082.70,2171.07,2131.57,2218.98" sx="M,M,M,M"/><TAIKYOKU oya="0"/><INIT seed="0,0,0,5,1,80" ten="250,250,250,250" oya="0" hai0="86,74,6,19,72,97,117,24,92,2,44,110,104" hai1="118,109,98,77,75,29,60,30,124,115,14,73,76" hai2="93,130,16,17,23,88,111,114,25,81,53,58,70" hai3="91,39,82,126,46,102,121,66,10,132,129,43,63"/><T47/><D117/><U103/><E118/><V119/><F114/><W135/><G121/><T89/><D110/><U55/><E115/><V79/><F111/><W105/><G126/><T78/><D6/><U20/><E109/><V48/><F70/><W13/><G129/><T26/><D2/><U84/><E124/><V94/><F119/><W12/><G102/><N who="0" m="62543" /><D74/><U134/><E134/><N who="3" m="51242" /><G105/><T90/><D90/><U64/><E55/><V34/><F34/><W31/><G31/><T37/><D37/><U62/><E103/><V8/><F130/><W45/><G45/><N who="0" m="17483" /><D19/><U125/><E98/><V5/><F17/><W7/><G91/><T100/><D100/><U0/><E0/><V120/><F120/><W106/><G106/><T127/><D127/><U28/><E125/><V52/><F53/><W71/><G82/><AGARI ba="0,0" hai="24,26,72,78,82,86,89,92" m="17483,62543" machi="82" ten="30,2900,0" yaku="24,1,52,1" doraHai="80" who="0" fromWho="3" sc="250,29,250,0,250,0,250,-29" /><INIT seed="0,1,0,2,4,122" ten="279,250,250,221" oya="0" hai0="85,25,39,22,16,73,112,131,108,1,41,121,12" hai1="14,2,87,124,27,95,48,105,58,57,69,50,21" hai2="54,130,132,89,17,19,99,76,43,117,114,66,33" hai3="0,90,91,118,56,65,15,92,6,106,29,35,44"/><T98/><D112/><U126/><E2/><V74/><F33/><W111/><G106/><T71/><D121/><U82/><E69/><V53/><F114/><W23/><G118/><T8/><D73/><U115/><E95/><N who="2" m="56815" /><F66/><W18/><G44/><T11/><D71/><U134/><E14/><V68/><F68/><W13/><G13/><T37/><D131/><U97/><E97/><V123/><F123/><W120/><G120/><T133/><D133/><U104/><E115/><V60/><F53/><W24/><G92/><T63/><D63/><U79/><E134/><V31/><F43/><W96/><G96/><T83/><D98/><U129/><E129/><V67/><F132/><W28/><G28/><T109/><D1/><U52/><E50/><V75/><F75/><W113/><G113/><T10/><D41/><U3/><E58/><N who="2" m="37271" /><F31/><W4/><G4/><T45/><D45/><U34/><E34/><V77/><F74/><W80/><G80/><T84/><D84/><U51/><E51/><V46/><F117/><W42/><G42/><T38/><REACH who="0" step="1"/><D25/><REACH who="0" ten="269,250,250,221" step="2"/><U7/><E3/><V40/><F40/><W36/><G0/><T55/><D55/><U78/><E52/><V94/><F130/><W101/><G65/><T32/><D32/><U100/><E87/><V72/><F72/><W5/><G35/><T102/><D102/><U107/><E100/><V30/><F54/><W26/><G101/><T61/><D61/><U86/><E86/><V9/><F46/><W81/><G24/><T93/><D93/><U103/><E107/><V20/><F94/><W88/><G26/><RYUUKYOKU ba="1,1" sc="269,30,250,-10,250,-10,221,-10" hai0="8,10,11,12,16,22,37,38,39,83,85,108,109" /><INIT seed="0,2,1,1,1,32" ten="299,240,240,211" oya="0" hai0="78,103,60,17,119,69,75,112,116,88,11,97,83" hai1="47,72,81,124,22,13,91,110,34,10,53,4,111" hai2="84,3,45,18,87,135,76,14,106,82,49,59,104" hai3="121,64,67,30,100,20,115,134,52,38,113,46,86"/><T122/><D112/><U125/><E47/><V131/><F131/><W7/><G134/><T99/><D122/><U58/><E34/><V79/><F59/><W130/><G121/><T114/><D114/><U24/><E91/><V74/><F74/><W98/><G130/><T71/><D17/><N who="1" m="12367" /><E81/><V37/><F37/><W120/><G120/><T108/><D108/><N who="1" m="41515" /><E72/><V92/><F45/><W94/><G38/><T5/><D88/><U43/><E43/><V56/><F79/><W66/><G86/><T21/><D21/><U51/><AGARI ba="2,1" hai="4,10,13,51,53,58,124,125" m="41515,12367" machi="51" ten="30,1100,0" yaku="14,1" doraHai="32" who="1" fromWho="1" sc="299,-7,240,27,240,-5,211,-5" /><INIT seed="1,0,0,4,4,22" ten="292,267,235,206" oya="1" hai0="23,52,51,19,61,66,119,124,29,113,87,56,92" hai1="108,93,117,88,0,96,115,60,70,79,102,121,126" hai2="105,18,37,73,131,32,67,128,1,30,100,34,83" hai3="45,106,78,39,26,3,57,99,7,21,114,97,91"/><U4/><E117/><V49/><F37/><W63/><G114/><T101/><D113/><U77/><E115/><V76/><F1/><W47/><G78/><T103/><D124/><U5/><E121/><V130/><F67/><W8/><G106/><T16/><D119/><U41/><E126/><V94/><F105/><W54/><G97/><N who="0" m="59559" /><D103/><U69/><E41/><V74/><F18/><N who="0" m="6698" /><D87/><U25/><E102/><V13/><F73/><W68/><G68/><T134/><D134/><U109/><E60/><V125/><F125/><W31/><REACH who="3" step="1"/><G39/><REACH who="3" ten="292,267,235,196" step="2"/><T129/><D129/><U65/><E70/><V133/><F76/><W6/><G6/><T24/><D66/><U28/><E79/><V110/><F131/><W53/><G53/><T55/><D55/><U116/><E77/><V9/><F130/><W43/><G43/><T86/><D86/><U132/><E116/><V17/><F128/><W122/><G122/><T135/><D135/><U15/><E132/><V27/><F133/><W71/><G71/><T84/><D84/><U104/><E104/><V72/><F74/><W112/><G112/><T20/><D20/><N who="1" m="15399" /><E65/><V38/><F38/><W75/><G75/><T36/><D36/><U40/><E69/><V118/><F118/><W80/><G80/><T90/><D90/><U42/><E42/><V62/><F83/><W10/><G10/><T85/><D85/><U95/><E40/><V46/><F72/><W12/><G12/><T123/><D123/><U14/><E5/><V82/><F82/><W2/><G2/><T35/><D35/><U107/><E107/><V64/><F32/><RYUUKYOKU ba="0,1" sc="292,15,267,-15,235,-15,196,15" hai0="23,24,29,51,52,56,61" hai3="3,7,8,21,26,31,45,47,54,57,63,91,99" /><INIT seed="2,1,1,4,1,16" ten="307,252,220,211" oya="2" hai0="1,76,74,132,3,108,103,78,26,101,10,44,23" hai1="134,109,2,93,90,25,56,34,52,83,79,61,72" hai2="120,84,53,67,58,60,51,59,28,29,125,117,102" hai3="46,66,54,31,12,36,119,45,77,81,42,50,24"/><V11/><F117/><W30/><G119/><T94/><D74/><U121/><E2/><V133/><F120/><W131/><G131/><T91/><D3/><U85/><E121/><V8/><F133/><W130/><G130/><T63/><D132/><U111/><REACH who="1" step="1"/><E134/><REACH who="1" ten="307,242,220,211" step="2"/><V118/><F118/><W41/><G66/><T86/><D1/><U17/><E17/><V98/><F125/><W18/><G54/><T88/><D108/><U57/><E57/><V0/><F0/><W55/><G55/><T123/><D123/><U43/><E43/><V116/><F116/><W126/><G126/><T4/><D44/><U127/><E127/><V95/><REACH who="2" step="1"/><F84/><REACH who="2" ten="307,242,210,211" step="2"/><W6/><G36/><T115/><D86/><U82/><E82/><V99/><F99/><W21/><G81/><T5/><D115/><U68/><E68/><V110/><F110/><W129/><G129/><T49/><D4/><U124/><E124/><V9/><AGARI ba="1,3" hai="8,9,11,28,29,51,53,58,59,60,67,95,98,102" machi="9" ten="30,6000,0" yaku="1,1,0,1,8,1,53,0" doraHai="16" doraHaiUra="113" who="2" fromWho="2" sc="307,-21,242,-21,210,93,211,-21" /><INIT seed="2,2,0,4,3,39" ten="286,221,303,190" oya="2" hai0="43,103,111,87,49,96,20,35,13,91,108,21,62" hai1="65,97,86,105,42,104,55,27,84,1,120,61,67" hai2="34,18,135,16,25,78,50,127,60,59,11,53,119" hai3="8,100,23,92,82,47,36,14,15,46,7,83,130"/><V38/><F127/><W71/><G71/><T134/><D35/><U68/><E1/><V5/><F38/><W125/><G125/><T31/><D134/><U40/><E120/><V4/><F119/><W77/><G130/><T69/><D31/><U88/><E105/><V110/><F135/><W26/><G15/><T57/><D69/><U123/><E123/><V72/><F4/><W6/><G7/><T73/><D73/><U58/><E104/><V116/><F116/><W76/><G100/><T122/><D122/><U28/><E97/><V70/><F78/><W64/><G92/><N who="0" m="58759" /><D13/><U107/><E84/><V106/><F72/><W30/><G64/><N who="1" m="24650" /><E107/><V9/><F70/><W132/><G132/><T54/><D62/><U74/><E74/><V113/><F60/><W102/><G102/><T56/><D56/><U51/><E61/><V52/><F106/><W3/><G36/><T29/><D29/><U131/><E131/><V121/><F121/><W128/><G128/><T114/><D114/><U95/><E68/><V90/><F113/><W89/><G89/><T99/><D99/><U33/><E33/><V45/><F90/><W98/><G98/><T75/><D75/><U48/><E48/><V32/><F50/><W115/><G3/><T126/><D49/><U112/><E112/><V22/><F34/><W12/><G115/><T19/><D91/><U129/><E129/><V133/><F32/><W109/><G109/><N who="0" m="42059" /><D87/><U41/><E28/><N who="2" m="17463" /><F110/><W79/><REACH who="3" step="1"/><G12/><REACH who="3" ten="286,221,303,180" step="2"/><N who="0" m="9319" /><D126/><U124/><E124/><V63/><F133/><W101/><G101/><T10/><D10/><N who="2" m="3594" /><F5/><W117/><G117/><RYUUKYOKU ba="2,1" sc="286,-30,221,10,303,10,180,10" hai1="27,40,41,42,51,55,58,86,88,95" hai2="16,18,45,52,53,59,63" hai3="6,8,14,23,26,30,46,47,76,77,79,82,83" /><INIT seed="2,3,1,0,5,77" ten="256,231,313,190" oya="2" hai0="116,105,48,51,42,0,10,41,37,60,122,80,4" hai1="127,135,47,109,133,11,26,35,24,79,102,89,12" hai2="108,114,94,71,91,40,45,6,65,119,113,67,27" hai3="78,21,14,43,3,34,84,20,118,69,54,68,83"/><V52/><F119/><W99/><G118/><T126/><D116/><U123/><E102/><V70/><F6/><W33/><G3/><T61/><D122/><U53/><E123/><V92/><F27/><W63/><G43/><N who="0" m="16395" /><D0/><U39/><E39/><V88/><F40/><W64/><G68/><T100/><D105/><U13/><E109/><V2/><F2/><W90/><G54/><T59/><D37/><U98/><E79/><V62/><F52/><W107/><G14/><N who="0" m="5447" /><D126/><U15/><E11/><V117/><F117/><W28/><G33/><T103/><D61/><U1/><E1/><V46/><F62/><W44/><G44/><T55/><D80/><U38/><E35/><V121/><REACH who="2" step="1"/><F121/><REACH who="2" ten="256,231,303,190" step="2"/><W101/><G78/><T85/><D85/><U50/><E38/><V5/><F5/><W97/><G97/><T72/><D72/><U7/><E7/><V82/><F82/><W125/><G125/><T93/><D60/><U86/><E98/><V74/><F74/><W9/><G9/><T104/><D104/><U66/><E127/><V75/><F75/><W128/><G128/><T87/><D51/><U115/><E115/><V73/><F73/><W124/><G124/><T56/><D48/><U32/><E26/><AGARI ba="3,2" hai="20,21,26,28,34,63,64,69,83,84,90,99,101,107" machi="26" ten="40,5200,0" yaku="25,2,52,1" doraHai="77" who="3" fromWho="1" sc="256,0,231,-61,303,0,190,81" /><INIT seed="3,0,0,4,5,98" ten="256,170,303,271" oya="3" hai0="130,1,43,13,62,124,30,40,119,6,32,51,66" hai1="72,63,17,134,82,20,71,37,4,97,21,67,115" hai2="131,47,57,78,123,45,77,25,69,75,101,109,132" hai3="106,38,74,28,89,22,105,50,48,93,60,23,27"/><W91/><G38/><T64/><D119/><U100/><E37/><V54/><F69/><W104/><G74/><T102/><D1/><U95/><E115/><V24/><F109/><W114/><G114/><T87/><D124/><U58/><E134/><V11/><F131/><W35/><G60/><T5/><D130/><U110/><E110/><V88/><F101/><W113/><G113/><T73/><D73/><U0/><E71/><V121/><F11/><W10/><G10/><N who="0" m="4303" /><D32/><U31/><E0/><V2/><F2/><W86/><G35/><T126/><D126/><U85/><E4/><V116/><F116/><W122/><G122/><N who="2" m="46601" /><F88/><W42/><G42/><N who="0" m="15915" /><D30/><U15/><E72/><V68/><F68/><W16/><REACH who="3" step="1"/><G91/><REACH who="3" ten="256,170,303,261" step="2"/><T90/><D62/><U65/><E65/><N who="0" m="25193" /><D51/><U118/><E118/><V83/><F132/><W18/><G18/><T55/><D6/><U129/><E129/><V108/><F108/><W61/><G61/><T59/><D90/><U81/><REACH who="1" step="1"/><E85/><REACH who="1" ten="256,160,303,261" step="2"/><V41/><F75/><W125/><G125/><T80/><D87/><U79/><E79/><V127/><F77/><W36/><G36/><T29/><D29/><U135/><E135/><V3/><F78/><W26/><AGARI ba="0,2" hai="16,22,23,26,27,28,48,50,86,89,93,104,105,106" machi="26" ten="40,7800,0" yaku="1,1,0,1,54,1,53,0" doraHai="98" doraHaiUra="112" who="3" fromWho="3" sc="256,-26,160,-26,303,-26,261,98" owari="230,-17.0,134,-36.6,277,7.7,359,45.9" /></mjloggm>