<mjloggm ver="2.3"><GO type="225" lobby="0"/><UN n0="%E7%89%B9%E6%9D%B1%E3%81%AF%E4%B8%96%E7%95%8C%E3%82%92%E6%95%91%E3%81%86" n1="%E6%81%A5%E6%99%92%E3%81%97" n2="%E5%A4%9C%E5%85%89%E5%A4%A9%E6%A5%BC" n3="%33%74%72%65%65" dan="16,16,16,16" rate="2139.00,2084.76,2110.43,2121.98" sx="M,M,M,F"/><TAIKYOKU oya="0"/><INIT seed="0,0,0,5,3,62" ten="250,250,250,250" oya="0" hai0="109,24,81,94,51,82,42,23,8,29,93,46,5" hai1="30,11,104,58,20,129,115,113,35,59,127,73,40" hai2="47,74,49,41,37,134,13,34,102,70,12,112,133" hai3="101,4,0,116,122,3,38,56,22,18,6,75,72"/><T69/><D69/><U106/><E35/><V68/><F112/><N who="1" m="43081" /><E73/><V64/><F74/><W78/><G116/><T85/><D109/><U124/><E40/><V103/><F34/><W79/><G101/><N who="2" m="38409" /><F37/><W110/><G38/><T126/><D126/><N who="1" m="48171" /><E129/><V9/><F64/><W123/><G110/><T19/><D29/><U96/><E11/><V90/><F90/><W55/><G72/><T33/><D33/><U87/><E87/><V97/><F97/><W98/><G75/><T45/><D45/><U54/><E96/><V31/><F31/><W52/><G98/><T25/><D25/><N who="1" m="16679" /><E59/><V120/><F9/><W114/><G114/><T48/><D48/><AGARI ba="0,0" hai="48,54,58,104,106" m="16679,48171,43081" machi="48" ten="30,2000,0" yaku="11,1,18,1" doraHai="62" who="1" fromWho="0" sc="250,-20,250,20,250,0,250,0" /><INIT seed="1,0,0,1,4,90" ten="230,270,250,250" oya="1" hai0="54,66,27,64,71,56,92,135,33,44,107,99,5" hai1="53,37,47,19,17,42,39,52,120,0,7,43,46" hai2="62,103,108,18,14,24,21,132,20,12,25,65,31" hai3="41,88,63,115,51,11,105,29,91,73,72,113,121"/><U34/><E120/><V68/><F108/><W96/><G121/><T100/><D135/><U76/><E34/><V22/><F132/><W1/><G29/><T45/><D5/><U9/><REACH who="1" step="1"/><E76/><REACH who="1" ten="230,260,250,250" step="2"/><V36/><F36/><W109/><G115/><T40/><D33/><U102/><E102/><V30/><F103/><W95/><G113/><T125/><D100/><U116/><E116/><V80/><F80/><W50/><G109/><T3/><D107/><U114/><E114/><V16/><REACH who="2" step="1"/><F22/><REACH who="2" ten="230,260,240,250" step="2"/><W35/><G35/><T57/><D125/><U79/><E79/><V10/><F10/><W15/><G11/><T6/><D71/><U123/><E123/><V86/><F86/><W58/><G73/><T117/><D117/><U112/><E112/><V134/><F134/><W59/><G72/><T97/><D97/><U77/><E77/><V2/><F2/><W32/><G1/><T87/><D87/><U85/><E85/><V55/><F55/><AGARI ba="0,2" hai="0,7,9,17,19,37,39,42,43,46,47,52,53,55" machi="55" ten="40,12000,1" yaku="1,1,9,1,54,1,53,2" doraHai="90" doraHaiUra="38" who="1" fromWho="2" sc="230,0,260,140,240,-120,250,0" /><INIT seed="1,1,0,3,4,86" ten="230,400,120,250" oya="1" hai0="0,49,39,56,123,80,19,61,69,25,46,40,113" hai1="73,92,6,104,16,13,66,118,105,81,130,101,30" hai2="52,97,38,12,37,126,15,34,53,110,62,133,51" hai3="94,42,93,26,83,68,117,100,50,116,17,78,45"/><U128/><E6/><V129/><F34/><W47/><G68/><T115/><D0/><U67/><E30/><V63/><F97/><W10/><G100/><T58/><D80/><U48/><E48/><V20/><F20/><N who="3" m="13583" /><G47/><N who="0" m="23967" /><D19/><U4/><E4/><V84/><F110/><W9/><G94/><T24/><D24/><U57/><E118/><N who="3" m="45674" /><G93/><T29/><D25/><U109/><E109/><V96/><F96/><W98/><G98/><T32/><D29/><U114/><E101/><V31/><F31/><W11/><G11/><T1/><D69/><U82/><E73/><AGARI ba="1,0" hai="9,10,42,45,50,73,78,83" m="45674,13583" machi="73" ten="30,1000,0" yaku="12,1" doraHai="86" who="3" fromWho="1" sc="230,0,400,-13,120,0,250,13" /><INIT seed="2,0,0,4,3,106" ten="230,387,120,263" oya="2" hai0="66,114,105,91,45,59,121,29,103,6,47,77,39" hai1="68,118,26,54,102,78,90,62,85,33,110,113,127" hai2="69,0,1,18,48,119,100,23,42,19,64,32,81" hai3="86,60,87,52,56,16,94,27,17,63,99,125,98"/><V130/><F119/><W71/><G125/><T120/><D114/><U36/><E113/><V74/><F32/><W79/><G99/><T50/><D6/><U37/><E118/><V97/><F130/><W124/><G124/><T115/><D115/><U4/><E127/><V129/><F129/><W3/><G3/><T11/><D29/><U49/><E110/><V117/><F117/><W111/><G111/><T51/><D39/><U70/><E78/><V76/><F64/><W75/><G71/><T41/><D77/><U134/><E4/><V89/><F69/><W7/><G63/><T20/><D11/><U101/><E134/><V14/><F89/><N who="3" m="55631" /><G17/><T112/><D105/><U12/><E68/><V8/><F48/><W55/><G55/><T122/><D112/><U58/><E37/><V133/><F42/><W61/><G7/><T93/><D103/><U22/><E36/><V107/><REACH who="2" step="1"/><F133/><REACH who="2" ten="230,387,110,263" step="2"/><W2/><G61/><N who="0" m="38207" /><D51/><U13/><E62/><V31/><F31/><W21/><G2/><T126/><D126/><U83/><E70/><V53/><F53/><W9/><G9/><T123/><D123/><U34/><E33/><V108/><F108/><W72/><G79/><T96/><D50/><U28/><E34/><V95/><F95/><W132/><G132/><T10/><D41/><U135/><E135/><V109/><F109/><W24/><G24/><AGARI ba="0,1" hai="0,1,8,14,18,19,23,24,74,76,81,97,100,107" machi="24" ten="30,5800,0" yaku="1,1,7,1,52,1,53,0" doraHai="106" doraHaiUra="88" who="2" fromWho="3" sc="230,0,387,0,110,68,263,-58" /><INIT seed="2,1,0,1,0,7" ten="230,387,178,205" oya="2" hai0="1,106,103,105,88,83,38,48,132,46,59,64,72" hai1="116,71,82,121,95,113,3,124,51,61,22,4,127" hai2="40,50,58,98,94,28,99,16,97,10,63,76,56" hai3="12,9,30,85,125,55,126,67,118,80,93,19,123"/><V69/><F28/><W57/><G118/><T20/><D1/><U18/><E116/><V37/><F69/><W44/><G123/><T43/><D132/><U117/><E117/><V29/><F29/><W130/><G130/><T109/><D109/><U24/><E113/><V33/><F33/><W6/><G30/><T102/><D106/><U74/><E95/><V77/><F37/><W27/><G93/><T81/><D72/><U135/><E135/><V111/><F111/><W45/><G67/><T84/><D81/><U65/><E121/><V36/><F36/><W79/><G27/><T53/><D105/><U21/><E51/><V8/><F94/><W25/><G25/><T90/><D90/><U133/><E22/><V0/><F0/><W108/><G19/><T31/><D64/><U78/><REACH who="1" step="1"/><E133/><REACH who="1" ten="230,377,178,205" step="2"/><V42/><F50/><N who="3" m="30967" /><G108/><T110/><D110/><U96/><E96/><V70/><F98/><W91/><G126/><T112/><D112/><U92/><E92/><V100/><F70/><W14/><G125/><T60/><D38/><U134/><E134/><V73/><F73/><W86/><G86/><T35/><D35/><U87/><E87/><V5/><F100/><W41/><G85/><T128/><D128/><U75/><E75/><V17/><F63/><W101/><G101/><T49/><D48/><U104/><E104/><V119/><F119/><W129/><G129/><T120/><D120/><U114/><E114/><V2/><F2/><W131/><G131/><T15/><D31/><U89/><E89/><V62/><F62/><W107/><G91/><T68/><D103/><RYUUKYOKU ba="1,1" sc="230,-15,377,15,178,15,205,-15" hai1="3,4,18,21,24,61,65,71,74,78,82,124,127" hai2="5,8,10,16,17,40,42,56,58,76,77,97,99" /><INIT seed="2,2,1,2,3,49" ten="215,392,193,190" oya="2" hai0="132,34,110,102,26,128,135,24,37,103,33,97,40" hai1="123,74,30,96,53,58,52,116,16,21,89,42,46" hai2="98,14,66,124,113,35,134,55,8,80,108,13,78" hai3="130,91,20,77,9,79,4,61,29,100,7,101,0"/><V73/><F113/><W43/><G130/><T71/><D71/><U2/><E116/><V60/><F124/><W63/><G43/><T28/><D128/><U50/><E74/><V15/><F134/><N who="0" m="51242" /><D110/><U65/><E2/><V92/><F35/><N who="0" m="13322" /><D28/><U68/><E123/><V27/><F27/><N who="0" m="10282" /><D97/><U22/><E68/><V70/><F108/><W67/><G29/><T62/><D62/><N who="1" m="38103" /><E30/><V95/><F95/><W81/><G61/><T59/><D59/><U121/><E121/><V64/><F64/><W31/><G63/><T56/><D56/><U44/><E44/><AGARI ba="2,1" hai="37,40,44,102,103" m="10282,13322,51242" machi="44" ten="40,1300,0" yaku="20,1" doraHai="49" who="0" fromWho="1" sc="215,29,392,-19,193,0,190,0" /><INIT seed="3,0,0,0,1,9" ten="244,373,193,190" oya="3" hai0="70,2,128,87,120,61,119,103,3,23,48,67,22" hai1="100,133,11,52,18,99,98,29,108,43,96,39,27" hai2="72,107,126,21,92,42,59,0,36,46,14,89,57" hai3="40,25,117,105,114,31,113,15,65,77,16,24,54"/><W97/><G117/><T74/><D119/><U35/><E52/><V125/><F0/><W101/><G40/><T118/><D118/><U121/><E121/><V123/><F72/><W134/><G134/><T55/><D74/><U79/><E79/><V88/><F107/><W84/><G65/><T7/><D120/><U26/><E133/><V68/><F68/><W41/><G41/><T10/><D3/><U129/><E108/><V73/><F73/><W51/><G77/><T85/><D103/><U109/><E109/><V116/><F123/><W60/><G60/><T20/><REACH who="0" step="1"/><D128/><REACH who="0" ten="234,373,193,190" step="2"/><U81/><E129/><V86/><F116/><W83/><G114/><T8/><D8/><U12/><E100/><V47/><F126/><W13/><G113/><T50/><D50/><U66/><E11/><V94/><F125/><W45/><G13/><T49/><D49/><U28/><E12/><V34/><F14/><W112/><G112/><T82/><D82/><U69/><E81/><V17/><F36/><W33/><G25/><T93/><D93/><U110/><E27/><V115/><F94/><W102/><G102/><T38/><D38/><U32/><E26/><V78/><F92/><W80/><G84/><T63/><D63/><U90/><E39/><V6/><F115/><W53/><G53/><T75/><D75/><U130/><E130/><V95/><F86/><W127/><G127/><T131/><D131/><U91/><E110/><V30/><F95/><W76/><G76/><T122/><D122/><U1/><E1/><V111/><F78/><W37/><G37/><T44/><AGARI ba="0,1" hai="2,7,10,20,22,23,44,48,55,61,67,70,85,87" machi="44" ten="30,4000,0" yaku="1,1,5,1,0,1,53,0" doraHai="9" doraHaiUra="135" who="0" fromWho="0" sc="234,50,373,-10,193,-10,190,-20" owari="284,8.4,363,46.3,183,-21.7,170,-33.0" /></mjloggm>