<mjloggm ver="2.3"><GO type="225" lobby="0"/><UN n0="%E3%81%B7%E3%82%8A%E3%82%93%E8%81%96%E4%BA%BA" n1="%45%6C%79%73%69%75%6D" n2="%6D%75%75%6D%75%72%61" n3="%73%6C%69%63%6B%33%31%39" dan="16,17,16,16" rate="2136.52,2133.85,2107.86,2184.64" sx="M,F,F,M"/><TAIKYOKU oya="0"/><INIT seed="0,0,0,4,1,127" ten="250,250,250,250" oya="0" hai0="107,105,45,14,21,7,25,131,81,39,118,103,116" hai1="119,73,50,36,38,62,47,48,121,91,102,55,58" hai2="111,3,94,44,61,101,18,100,1,135,89,54,104" hai3="5,16,78,113,134,26,92,11,8,72,12,86,23"/><T120/><D120/><U29/><E121/><V28/><F111/><W69/><G113/><T115/><D115/><U0/><E119/><V114/><F114/><W88/><G69/><T59/><D103/><U84/><E73/><V90/><F135/><W30/><G134/><T76/><D59/><U98/><E0/><V75/><F104/><W97/><G72/><T4/><D105/><U2/><E2/><V37/><F75/><W74/><G74/><T10/><D107/><U85/><E102/><V51/><F37/><W106/><G106/><T112/><D4/><U32/><E98/><V99/><F28/><W52/><G52/><T49/><D39/><U56/><E85/><V87/><F1/><W130/><G130/><T133/><D131/><U42/><E29/><V20/><F61/><W31/><G11/><T40/><D112/><U83/><REACH who="1" step="1"/><E32/><REACH who="1" ten="250,240,250,250" step="2"/><V80/><REACH who="2" step="1"/><F3/><REACH who="2" ten="250,240,240,250" step="2"/><W43/><G43/><T17/><REACH who="0" step="1"/><D133/><REACH who="0" ten="240,240,240,250" step="2"/><U22/><E22/><V108/><F108/><W65/><G23/><T117/><D117/><U77/><E77/><V96/><F96/><W66/><G78/><T46/><D46/><U24/><E24/><AGARI ba="0,3" hai="18,20,24,44,51,54,80,87,89,90,94,99,100,101" machi="24" ten="30,3900,0" yaku="1,1,7,1,8,1,53,0" doraHai="127" doraHaiUra="60" who="2" fromWho="1" sc="240,0,240,-39,240,69,250,0" /><INIT seed="1,0,0,1,0,112" ten="240,201,309,250" oya="1" hai0="79,41,122,46,115,55,22,124,93,99,16,63,30" hai1="32,134,121,97,23,28,11,84,117,94,86,88,132" hai2="36,123,25,5,76,133,110,128,3,31,13,82,107" hai3="72,131,26,66,37,98,129,90,42,111,77,127,89"/><U56/><E32/><V126/><F123/><W50/><G37/><T58/><D115/><U4/><E121/><V119/><F119/><W44/><G111/><T1/><D122/><U54/><E117/><V40/><F107/><W21/><G127/><T113/><D113/><U9/><E23/><V80/><F3/><W47/><G66/><T2/><D30/><U73/><E73/><V48/><F36/><W27/><G47/><T33/><D33/><U130/><E28/><V109/><F126/><W53/><G42/><T29/><D29/><U114/><E114/><V83/><F128/><N who="3" m="49227" /><G98/><T7/><D7/><U52/><E130/><V18/><F5/><W69/><G69/><T61/><D61/><N who="1" m="35975" /><E54/><V120/><F133/><N who="1" m="51305" /><E9/><N who="2" m="6447" /><F120/><W34/><G34/><T6/><D6/><U91/><E91/><N who="3" m="34826" /><G21/><T20/><D20/><U78/><E78/><V95/><F76/><W75/><G77/><T135/><D79/><U101/><E101/><V43/><F110/><W39/><G39/><T0/><D135/><U85/><E97/><V35/><F109/><W81/><G81/><T125/><D93/><U68/><E68/><V105/><F95/><W64/><G64/><T45/><D99/><U38/><E38/><V70/><F70/><W62/><G62/><T59/><D41/><U96/><E96/><V10/><F43/><W65/><G65/><N who="0" m="39159" /><D124/><U118/><E118/><V12/><F40/><W106/><G106/><T51/><D125/><U103/><E103/><V67/><F105/><W57/><G57/><T102/><D102/><U19/><E19/><N who="2" m="8599" /><F67/><W87/><G87/><T15/><AGARI ba="0,0" hai="0,1,2,15,16,22,45,46,51,55,59" m="39159" machi="15" ten="30,2000,0" yaku="5,1,54,1" doraHai="112" who="0" fromWho="0" sc="240,20,201,-10,309,-5,250,-5" /><INIT seed="2,0,0,1,5,109" ten="260,191,304,245" oya="2" hai0="115,43,106,66,105,102,100,4,96,94,71,80,119" hai1="126,15,79,67,68,104,114,129,118,86,123,110,53" hai2="16,64,77,65,72,38,6,1,46,124,125,75,59" hai3="40,95,97,132,101,113,91,5,61,111,87,45,128"/><V51/><F38/><W24/><G128/><T85/><D43/><U92/><E118/><V9/><F77/><W42/><G132/><T82/><D71/><U18/><E104/><V19/><F59/><W84/><G111/><T28/><D66/><N who="2" m="25706" /><F75/><W50/><G61/><T90/><D28/><U33/><E110/><V112/><F72/><W99/><G113/><T25/><D25/><U34/><E129/><V0/><F0/><W55/><G5/><T117/><D4/><U13/><E126/><N who="2" m="48747" /><F112/><W103/><G24/><T93/><D115/><U39/><E39/><V133/><F133/><W81/><REACH who="3" step="1"/><G84/><REACH who="3" ten="260,191,304,235" step="2"/><T17/><D17/><U30/><E114/><V98/><F98/><W35/><G35/><T2/><D2/><U20/><E33/><V78/><F78/><W32/><G32/><T122/><D122/><U52/><E123/><V108/><F108/><W63/><G63/><T73/><D96/><U26/><E68/><V131/><F131/><W21/><G21/><T12/><D12/><U7/><E67/><V70/><F70/><W116/><G116/><T31/><D73/><U134/><E134/><V121/><F121/><W41/><G41/><AGARI ba="0,1" hai="1,6,9,16,19,41,46,51" m="48747,25706" machi="41" ten="30,2900,0" yaku="18,1,54,1" doraHai="109" who="2" fromWho="3" sc="260,0,191,0,304,39,235,-29" /><INIT seed="2,1,0,2,1,69" ten="260,191,343,206" oya="2" hai0="126,34,93,35,75,51,90,72,97,6,32,61,50" hai1="80,68,31,60,94,81,66,57,16,117,100,131,98" hai2="7,62,102,134,108,12,3,27,65,78,39,83,20" hai3="67,82,116,104,125,46,55,87,36,38,113,91,49"/><V77/><F134/><W110/><G116/><T79/><D6/><U64/><E117/><V135/><F3/><W99/><G110/><T133/><D133/><U18/><E131/><V71/><F135/><W115/><G67/><T53/><D61/><U88/><E68/><V105/><F105/><W118/><G118/><T112/><D112/><N who="3" m="43081" /><G125/><T9/><D9/><U119/><E119/><V15/><F102/><AGARI ba="1,0" hai="36,38,46,49,55,82,87,91,99,102,104" m="43081" machi="102" ten="30,3900,0" yaku="11,1,52,2" doraHai="69" who="3" fromWho="2" sc="260,0,191,0,343,-42,206,42" /><INIT seed="3,0,0,5,5,75" ten="260,191,301,248" oya="3" hai0="97,38,25,108,45,134,96,66,91,43,54,60,113" hai1="6,109,92,101,67,110,55,13,99,65,52,44,62" hai2="87,10,130,98,14,11,102,15,95,81,86,100,46" hai3="106,84,107,0,51,19,119,40,29,120,77,56,82"/><W49/><G119/><T17/><D108/><N who="1" m="41579" /><E65/><V36/><F36/><W127/><G120/><T111/><D111/><U30/><E30/><V126/><F126/><W71/><G71/><T48/><D113/><U31/><E31/><V123/><F123/><W34/><G0/><T59/><D91/><U47/><E13/><N who="2" m="4619" /><F130/><W72/><G127/><T22/><REACH who="0" step="1"/><D134/><REACH who="0" ten="250,191,301,248" step="2"/><U124/><E124/><V2/><F102/><W61/><G34/><T53/><D53/><N who="1" m="20555" /><E6/><V50/><F100/><W9/><G40/><T39/><D39/><U132/><E132/><V70/><F98/><W33/><G33/><T131/><D131/><U18/><E18/><V5/><F5/><W116/><G19/><T68/><AGARI ba="0,1" hai="17,22,25,38,43,45,48,54,59,60,66,68,96,97" machi="68" ten="20,8000,1" yaku="1,1,0,1,7,1,24,2,53,0" doraHai="75" doraHaiUra="26" who="0" fromWho="0" sc="250,90,191,-20,301,-20,248,-40" owari="340,44.0,171,-32.9,281,8.1,208,-19.2" /></mjloggm>