<mjloggm ver="2.3"><GO type="225" lobby="0"/><UN n0="%E3%82%A2%E3%82%A4%E3%82%B9%E3%83%86%E3%82%A3%E3%83%BC%E3%81%82%E3%81%B9" n1="%E3%81%82%E3%80%81%E8%B2%A0%E3%81%91%E3%81%BE%E3%81%97%E3%81%9F" n2="%E3%83%97%E3%83%92" n3="%E3%81%99%E3%81%84%E3%81%BE%E3%81%9B%E3%83%BC%E3%82%93" dan="16,16,17,17" rate="2079.84,2133.09,2190.42,2251.38" sx="M,M,M,M"/><TAIKYOKU oya="0"/><INIT seed="0,0,0,5,3,135" ten="250,250,250,250" oya="0" hai0="32,51,71,46,56,104,68,99,125,58,9,49,123" hai1="111,60,0,89,39,81,25,53,34,22,83,90,110" hai2="28,18,27,117,105,20,76,100,85,44,96,122,75" hai3="84,7,134,72,15,1,42,55,95,17,62,36,31"/><T91/><D32/><U11/><E39/><V116/><F122/><W69/><G72/><T2/><D123/><U92/><E34/><V29/><F75/><W74/><G74/><T118/><D118/><N who="2" m="45674" /><F44/><W107/><G107/><T94/><D104/><U41/><E41/><V33/><F33/><W77/><G31/><T120/><D120/><U108/><E0/><V88/><F76/><W93/><G42/><T40/><D125/><U52/><E11/><V98/><F98/><W12/><G36/><T97/><D99/><N who="1" m="57743" /><E90/><V66/><F66/><W19/><G77/><T109/><D109/><U126/><E126/><V8/><F8/><W128/><G1/><T43/><D43/><U70/><E70/><V50/><F50/><W130/><G69/><T129/><D129/><U113/><E113/><V106/><F105/><W37/><G37/><T124/><D124/><U101/><E101/><V131/><F131/><W6/><G134/><T45/><D46/><U115/><E115/><V14/><F14/><W59/><G130/><T3/><D2/><U54/><E60/><V102/><F102/><W10/><G128/><T87/><D97/><U82/><E54/><V73/><F73/><W119/><G119/><T61/><D51/><U30/><AGARI ba="0,0" hai="22,25,30,52,53,81,82,83,108,110,111" m="57743" machi="30" ten="40,2700,0" yaku="14,1,54,1" doraHai="135" who="1" fromWho="1" sc="250,-13,250,27,250,-7,250,-7" /><INIT seed="1,0,0,0,1,40" ten="237,277,243,243" oya="1" hai0="111,94,27,37,20,82,75,132,33,103,100,79,6" hai1="70,10,97,133,34,64,58,35,123,69,121,71,77" hai2="25,84,36,50,54,91,47,134,41,39,101,14,122" hai3="24,61,2,19,99,16,15,68,131,13,119,112,115"/><U55/><E77/><V129/><F122/><W65/><G131/><T7/><D111/><U87/><E87/><V17/><F129/><W29/><G2/><T45/><D33/><U88/><E64/><V125/><F134/><W49/><G119/><T44/><D132/><U26/><E133/><V8/><F125/><W93/><G49/><T110/><D110/><U128/><E128/><V63/><F101/><W38/><G38/><T5/><D37/><U59/><E10/><V85/><F25/><W0/><G0/><T56/><D56/><U22/><E34/><V81/><F41/><W48/><G48/><T46/><REACH who="0" step="1"/><D94/><REACH who="0" ten="227,277,243,243" step="2"/><U107/><E35/><V105/><F105/><W11/><G93/><T127/><D127/><U80/><E58/><V95/><REACH who="2" step="1"/><F63/><REACH who="2" ten="227,277,233,243" step="2"/><W31/><G61/><T42/><D42/><U9/><E107/><V4/><F4/><W90/><G115/><T104/><D104/><U32/><E121/><V43/><F43/><W83/><G112/><T12/><D12/><U124/><E123/><V30/><F30/><AGARI ba="0,2" hai="5,6,7,20,27,30,44,45,46,75,79,82,100,103" machi="30" ten="40,8000,1" yaku="1,1,52,3,53,1" doraHai="40" doraHaiUra="21" who="0" fromWho="2" sc="227,100,277,0,233,-80,243,0" /><INIT seed="2,0,0,4,4,67" ten="327,277,153,243" oya="2" hai0="42,51,81,32,15,56,19,123,24,78,30,99,38" hai1="101,60,58,127,116,1,31,46,112,89,75,47,28" hai2="70,131,130,135,55,85,18,114,62,88,128,39,68" hai3="16,98,14,105,2,119,126,107,108,72,22,49,33"/><V74/><F114/><W11/><G119/><T73/><D123/><U124/><E112/><V10/><F74/><W20/><G72/><T23/><D99/><U54/><E116/><V134/><F39/><W77/><G77/><T53/><D42/><U132/><E1/><V37/><F37/><W64/><G33/><T9/><REACH who="0" step="1"/><D38/><REACH who="0" ten="317,277,153,243" step="2"/><U129/><E127/><V52/><F135/><W63/><G98/><T13/><D13/><U102/><E124/><V59/><F134/><W87/><G14/><T106/><D106/><U4/><E132/><V29/><F29/><W121/><G107/><T76/><D76/><U80/><E28/><V6/><F55/><W100/><G105/><T57/><D57/><U125/><E58/><V5/><F18/><W17/><G16/><T90/><D90/><U45/><E89/><V82/><F5/><W94/><G17/><T113/><D113/><U86/><E31/><V12/><AGARI ba="0,1" hai="6,10,12,52,59,62,68,70,82,85,88,128,130,131" machi="12" ten="30,18000,2" yaku="0,1,19,1,52,2,54,2" doraHai="67" who="2" fromWho="2" sc="317,-60,277,-60,153,190,243,-60" /><INIT seed="2,1,0,5,1,40" ten="257,217,343,183" oya="2" hai0="75,77,135,17,13,32,60,68,31,62,112,26,80" hai1="38,122,128,12,95,47,100,16,70,119,92,72,0" hai2="43,114,126,78,118,5,66,97,124,1,2,18,3" hai3="84,101,81,41,34,54,28,39,132,125,102,61,59"/><V130/><F114/><W22/><G125/><N who="2" m="48233" /><F118/><W116/><G116/><T69/><D112/><U19/><E119/><V110/><F5/><W44/><G132/><T8/><REACH who="0" step="1"/><D135/><REACH who="0" ten="247,217,343,183" step="2"/><U76/><E122/><V83/><F130/><W49/><G34/><T11/><D11/><U23/><E128/><V109/><F110/><W58/><G22/><T133/><D133/><U9/><E70/><AGARI ba="1,1" hai="8,13,17,26,31,32,60,62,68,69,70,75,77,80" machi="70" ten="40,5200,0" yaku="1,1,53,2" doraHai="40" doraHaiUra="57" who="0" fromWho="1" sc="247,65,217,-55,343,0,183,0" /><INIT seed="3,0,0,5,1,62" ten="312,162,343,183" oya="3" hai0="134,65,54,106,130,109,132,58,81,123,120,67,128" hai1="40,86,126,48,92,52,60,72,59,44,10,8,26" hai2="49,47,36,87,77,28,93,57,18,15,50,133,37" hai3="108,5,124,94,6,32,125,64,99,14,76,82,104"/><W1/><G32/><T33/><D33/><U25/><E72/><V53/><F133/><N who="0" m="51306" /><D106/><U73/><E73/><V78/><F28/><W131/><G104/><T90/><D109/><U116/><E126/><V79/><F93/><W129/><G108/><T135/><D135/><U45/><E116/><V101/><F101/><W110/><G110/><T55/><D55/><U89/><E45/><V12/><F12/><W21/><G64/><N who="0" m="24651" /><D90/><U127/><E127/><V34/><F34/><W103/><G125/><T115/><D81/><U111/><E111/><V20/><REACH who="2" step="1"/><F87/><REACH who="2" ten="312,162,333,183" step="2"/><W56/><G124/><T22/><D115/><U39/><E39/><V30/><F30/><W16/><G82/><T74/><D74/><U71/><E71/><V91/><F91/><W68/><G68/><T9/><D22/><U96/><E86/><V100/><F100/><W42/><G103/><T121/><D9/><AGARI ba="0,1" hai="8,9,10,25,26,40,44,48,52,59,60,89,92,96" machi="9" ten="40,2600,0" yaku="8,1,54,1" doraHai="62" who="1" fromWho="0" sc="312,-26,162,36,333,0,183,0" owari="286,8.6,198,-20.2,333,43.3,183,-31.7" /></mjloggm>