<mjloggm ver="2.3"><GO type="225" lobby="0"/><UN n0="%E8%81%B7%E6%A5%AD%E3%80%81%E9%A2%A8%32" n1="%E7%BD%AA%E5%88%91%E6%B3%95%E5%AE%9A%E4%B8%BB%E7%BE%A9" n2="%E6%97%A5%E6%9B%9C%E6%97%A5%E3%82%88%E3%82%8A%E3%81%AE%E4%BD%BF%E8%80%85" n3="%E8%A8%88%E7%AE%97%E6%A9%9F%E8%87%AA%E7%84%B6" dan="16,16,17,17" rate="2156.90,2134.28,2160.75,2232.56" sx="M,M,M,M"/><TAIKYOKU oya="0"/><INIT seed="0,0,0,0,1,3" ten="250,250,250,250" oya="0" hai0="120,48,96,122,34,25,83,14,24,124,73,90,100" hai1="93,42,6,33,1,38,22,82,78,89,68,10,40" hai2="125,47,111,87,65,20,72,2,13,126,74,131,92" hai3="12,123,58,95,135,23,35,94,32,128,30,45,67"/><T5/><D124/><N who="2" m="47722" /><F2/><W102/><G128/><T81/><D48/><U86/><E68/><V29/><F131/><W88/><G135/><T110/><D110/><U76/><E33/><V129/><F129/><W79/><G123/><T98/><D120/><U108/><E108/><V50/><F65/><W52/><G79/><T101/><D122/><U15/><E38/><V77/><F111/><W103/><G32/><T99/><D34/><U28/><E78/><V0/><F0/><W105/><G105/><T104/><D73/><U91/><E91/><N who="2" m="53375" /><F77/><W107/><G107/><T116/><D116/><U21/><E21/><V56/><F56/><W16/><G35/><T57/><D57/><U109/><E109/><V55/><F29/><W70/><G30/><T133/><D104/><U117/><E117/><V112/><F112/><W113/><G113/><T51/><D51/><U71/><E71/><V64/><F64/><W63/><G45/><T62/><D62/><U11/><E28/><V7/><F20/><W8/><G23/><T9/><D133/><U127/><E127/><V118/><F118/><W39/><G39/><T37/><D37/><U121/><E121/><V61/><F61/><W46/><G46/><T43/><D43/><U132/><E132/><V36/><F36/><W130/><G130/><T18/><D25/><U27/><E27/><V54/><F54/><W115/><G115/><T53/><D53/><U80/><E80/><N who="0" m="30793" /><D90/><U4/><REACH who="1" step="1"/><E22/><AGARI ba="0,0" hai="5,9,14,18,22,24,96,98,99,100,101" m="30793" machi="22" ten="30,2900,0" yaku="8,1,52,1" doraHai="3" who="0" fromWho="1" sc="250,29,250,-29,250,0,250,0" /><INIT seed="0,1,0,4,3,60" ten="279,221,250,250" oya="0" hai0="107,24,21,106,112,88,127,18,12,53,11,68,124" hai1="30,44,114,15,57,74,128,113,92,71,26,84,58" hai2="59,45,42,101,31,33,108,98,29,32,4,14,105" hai3="47,91,123,118,77,61,103,75,131,122,111,43,80"/><T8/><D112/><N who="1" m="43115" /><E74/><V82/><F108/><W89/><G118/><T13/><D68/><U35/><E71/><V126/><F126/><N who="0" m="48170" /><D53/><U22/><E128/><V95/><F105/><W129/><G111/><T85/><D13/><U65/><E44/><V117/><F117/><W100/><G61/><T133/><D133/><U36/><E36/><V66/><F33/><W9/><G9/><N who="0" m="3659" /><D12/><U116/><E116/><V90/><F32/><W110/><G110/><T5/><D5/><U7/><E65/><V50/><F14/><W16/><G16/><T3/><D3/><U6/><E6/><V19/><F4/><W87/><G47/><T55/><D55/><U20/><E7/><V25/><F19/><W93/><G43/><T56/><D56/><N who="1" m="21611" /><E15/><V79/><F25/><W69/><G69/><T0/><D0/><U63/><E63/><N who="2" m="38271" /><F79/><W34/><G131/><T39/><D39/><U121/><E121/><N who="3" m="46090" /><G129/><T37/><D37/><U97/><E84/><AGARI ba="1,0" hai="29,31,42,45,50,82,84,90,95,98,101" m="38271" machi="84" ten="30,2000,0" yaku="8,1,52,1" doraHai="60" who="2" fromWho="1" sc="279,0,221,-23,250,23,250,0" /><INIT seed="1,0,0,0,1,94" ten="279,198,273,250" oya="1" hai0="88,105,80,85,107,133,106,111,16,64,5,7,73" hai1="104,53,41,110,115,51,60,135,57,31,48,2,91" hai2="0,20,86,37,112,98,134,29,97,109,22,74,28" hai3="70,72,65,121,4,47,32,38,95,43,34,19,118"/><U92/><E115/><V9/><F74/><W46/><G121/><T122/><D111/><U116/><E116/><V114/><F37/><W66/><G72/><T39/><D39/><U128/><E2/><V131/><F86/><W89/><G118/><T119/><D119/><U132/><E104/><V50/><F50/><W13/><G4/><T125/><D122/><U83/><E128/><V120/><F120/><W130/><G46/><T99/><D125/><U103/><E110/><V45/><F45/><W123/><G130/><T23/><D133/><N who="1" m="51275" /><E41/><V15/><F0/><W96/><G123/><T30/><D30/><N who="2" m="11882" /><F109/><W8/><REACH who="3" step="1"/><G70/><REACH who="3" ten="279,198,273,240" step="2"/><T113/><D73/><U87/><E31/><V78/><F131/><W81/><G81/><T56/><D5/><U10/><E10/><V18/><F134/><W63/><G63/><T127/><D7/><U71/><E71/><V26/><F114/><W76/><G76/><T100/><D113/><U14/><E14/><N who="2" m="9303" /><F78/><W124/><G124/><T129/><D127/><U126/><E126/><V59/><F112/><W40/><G40/><T11/><D129/><U25/><E25/><V24/><F26/><W35/><AGARI ba="0,1" hai="8,13,19,32,34,35,38,43,47,65,66,89,95,96" machi="35" ten="30,4000,0" yaku="1,1,0,1,52,1,53,0" doraHai="94" doraHaiUra="54" who="3" fromWho="3" sc="279,-10,198,-20,273,-10,240,50" /><INIT seed="2,0,0,4,5,100" ten="269,178,263,290" oya="2" hai0="122,47,13,97,50,105,118,3,108,41,84,44,35" hai1="65,69,72,42,57,106,64,49,91,14,98,15,54" hai2="1,79,128,19,71,37,83,9,53,61,38,17,76" hai3="81,26,60,126,111,99,4,95,93,30,48,18,36"/><V22/><F128/><W125/><G36/><T43/><D108/><U101/><E72/><V27/><F79/><W16/><G111/><T59/><D3/><U12/><E69/><V11/><F11/><W109/><G109/><T62/><D122/><U34/><E34/><V55/><F55/><W86/><G4/><T96/><D35/><U129/><E129/><V10/><F10/><W0/><G48/><N who="0" m="26639" /><D105/><U32/><E32/><V46/><F71/><W124/><G60/><T33/><D33/><U73/><E73/><V75/><F61/><W5/><G5/><T104/><D104/><U112/><E112/><V58/><F58/><W21/><G0/><T88/><D13/><U107/><E107/><V130/><F130/><W66/><G66/><N who="0" m="39263" /><D118/><U119/><E119/><V77/><F77/><N who="3" m="46383" /><G93/><AGARI ba="0,0" hai="43,47,50,84,88,93,96,97" m="39263,26639" machi="93" ten="30,2000,0" yaku="8,1,54,1" doraHai="100" who="0" fromWho="3" sc="269,20,178,0,263,0,290,-20" /><INIT seed="3,0,0,0,3,127" ten="289,178,263,270" oya="3" hai0="115,86,85,31,50,63,44,33,1,64,0,7,105" hai1="11,27,14,81,114,17,92,68,135,121,9,20,60" hai2="37,45,53,120,106,98,10,72,95,26,49,94,58" hai3="108,123,35,21,3,129,113,124,109,51,104,82,59"/><W107/><G123/><T100/><D115/><U48/><E121/><V39/><F72/><W97/><G35/><T79/><D100/><U87/><E114/><V119/><F119/><W56/><G113/><T133/><D105/><N who="3" m="40521" /><G3/><T13/><D133/><U70/><E135/><V15/><F120/><W122/><G122/><T83/><D86/><U128/><E11/><V73/><F73/><W118/><G118/><T12/><D12/><U67/><E92/><V91/><F106/><W131/><G124/><T102/><D102/><U89/><E48/><V65/><F26/><W78/><G21/><T40/><D31/><U18/><REACH who="1" step="1"/><E70/><REACH who="1" ten="289,168,263,270" step="2"/><V71/><F71/><W8/><G8/><N who="0" m="4255" /><D33/><U125/><E125/><V84/><F10/><W36/><G36/><T2/><D0/><U88/><E88/><N who="2" m="55623" /><F39/><W132/><G132/><T99/><D99/><U16/><E16/><V62/><F37/><W66/><G97/><T23/><D23/><U52/><E52/><N who="2" m="29743" /><F15/><W46/><G51/><T90/><D90/><U75/><E75/><V6/><F6/><W111/><G46/><T69/><AGARI ba="0,1" hai="1,2,40,44,50,63,64,69,79,83,85" m="4255" machi="69" ten="30,1100,0" yaku="25,1" doraHai="127" who="0" fromWho="0" sc="289,21,168,-3,263,-3,270,-5" owari="310,41.0,165,-33.5,260,-14.0,265,6.5" /></mjloggm>