<mjloggm ver="2.3"><GO type="225" lobby="0"/><UN n0="%E3%82%A2%E3%83%BC%E3%83%A2%E3%83%AD%E3%83%BC%E3%83%B4%E3%82%A1" n1="%73%61%6E%64%69%72%69%73" n2="%73%69%72%6F%75%74" n3="%E7%B4%94%E6%BD%94%E3%83%94%E3%83%A9%E3%83%8B%E3%82%A2" dan="16,16,16,16" rate="2135.88,2171.29,2110.88,2037.21" sx="M,M,M,M"/><TAIKYOKU oya="0"/><INIT seed="0,0,0,0,2,134" ten="250,250,250,250" oya="0" hai0="19,104,46,118,76,17,38,53,89,11,69,96,16" hai1="15,122,135,22,79,107,85,94,102,57,105,54,27" hai2="127,45,26,21,78,20,40,8,31,14,55,42,0" hai3="12,18,58,95,52,63,97,111,49,88,73,130,75"/><T48/><D118/><U84/><E122/><V110/><F110/><W101/><G111/><T90/><D69/><U112/><E135/><V117/><F117/><W103/><G130/><T24/><D38/><U50/><E112/><V82/><F127/><W109/><G109/><T29/><D76/><U28/><E105/><V68/><F68/><W87/><G63/><T43/><D11/><U99/><E107/><V77/><F0/><W5/><G5/><T98/><D43/><U93/><E79/><V66/><F66/><W61/><G61/><T91/><REACH who="0" step="1"/><D104/><REACH who="0" ten="240,250,250,250" step="2"/><U41/><E41/><V60/><F40/><W71/><G71/><T129/><D129/><U123/><E123/><V119/><F119/><W126/><G126/><T34/><AGARI ba="0,1" hai="16,17,19,24,29,34,46,48,53,89,90,91,96,98" machi="34" ten="30,6000,0" yaku="1,1,0,1,54,1,53,0" doraHai="134" doraHaiUra="80" who="0" fromWho="0" sc="240,70,250,-20,250,-20,250,-20" /><INIT seed="0,1,0,3,0,18" ten="310,230,230,230" oya="0" hai0="116,7,22,104,55,39,99,38,109,2,124,3,64" hai1="68,62,57,100,0,90,66,45,31,111,108,47,53" hai2="11,86,59,126,95,60,58,8,43,94,78,128,88" hai3="23,19,26,69,85,49,127,67,32,97,35,107,121"/><T10/><D116/><U120/><E0/><V46/><F128/><W131/><G121/><T1/><D124/><U83/><E100/><V61/><F126/><W74/><G74/><T44/><D109/><N who="1" m="42059" /><E31/><V34/><F34/><W56/><G131/><T105/><D64/><U82/><E120/><V48/><F78/><W16/><G127/><T91/><D91/><U130/><E130/><V28/><F28/><W103/><G69/><T132/><D132/><U96/><E96/><V84/><F84/><W40/><G67/><T123/><D123/><U71/><E71/><V87/><F87/><W70/><G70/><T21/><D1/><U118/><E90/><V89/><F89/><W92/><G19/><T41/><D2/><U52/><E118/><V63/><REACH who="2" step="1"/><F95/><REACH who="2" ten="310,230,220,230" step="2"/><W72/><G72/><T76/><D76/><U9/><E82/><V101/><F101/><W17/><G85/><T75/><D75/><U42/><E83/><V6/><F6/><W14/><G92/><T106/><D99/><U102/><E102/><V77/><F77/><W135/><G135/><T29/><D29/><U37/><E68/><V4/><F4/><W24/><G24/><T115/><D7/><U13/><E47/><V51/><F51/><W119/><G119/><T125/><D44/><U117/><E117/><V134/><F134/><W12/><G26/><T79/><D79/><U27/><E27/><V122/><F122/><W5/><G5/><AGARI ba="1,1" hai="5,9,13,37,42,45,52,53,57,62,66" m="42059" machi="5" ten="30,2000,0" yaku="14,1,54,1" doraHai="18" who="1" fromWho="3" sc="310,0,230,33,220,0,230,-23" /><INIT seed="1,0,0,3,2,74" ten="310,263,220,207" oya="1" hai0="68,49,135,0,67,116,47,11,133,78,50,21,24" hai1="108,101,92,28,110,52,42,58,91,102,90,83,131" hai2="71,64,124,57,94,98,48,19,22,40,113,13,66" hai3="34,59,20,73,86,87,99,97,38,82,2,12,4"/><U103/><E131/><V27/><F71/><W62/><G38/><T14/><D0/><U127/><E127/><V35/><F113/><W119/><G119/><T76/><D116/><U43/><E28/><V23/><F35/><W56/><G34/><T18/><D67/><U132/><E132/><N who="0" m="50761" /><D68/><U85/><E110/><V70/><F70/><W54/><G73/><T63/><D63/><U7/><E7/><V106/><F106/><W79/><G2/><T118/><D118/><U72/><E108/><V60/><F64/><W84/><G84/><T46/><D49/><U114/><E114/><V37/><F37/><W10/><G86/><T25/><D25/><U117/><E117/><V44/><F124/><W75/><G75/><T33/><D33/><U95/><E72/><V41/><F40/><N who="1" m="15401" /><E91/><V125/><F125/><W81/><G81/><T121/><D121/><U89/><E90/><V8/><REACH who="2" step="1"/><F27/><REACH who="2" ten="310,263,210,207" step="2"/><W55/><REACH who="3" step="1"/><G20/><REACH who="3" ten="310,263,210,197" step="2"/><T111/><D111/><U17/><E17/><V61/><F61/><AGARI ba="0,2" hai="4,10,12,54,55,56,59,61,62,79,82,87,97,99" machi="61" ten="30,12000,2" yaku="1,1,2,1,7,1,9,1,8,1,52,1,53,0" doraHai="74" doraHaiUra="96" who="3" fromWho="2" sc="310,0,263,0,210,-120,197,140" /><AGARI ba="0,0" hai="52,58,61,83,85,89,92,95,101,102,103" m="15401" machi="61" ten="30,2900,0" yaku="8,1,54,1" doraHai="74" who="1" fromWho="2" sc="310,0,263,29,90,-29,337,0" /><INIT seed="1,1,0,1,1,28" ten="310,292,61,337" oya="1" hai0="122,66,94,112,32,39,29,14,72,9,125,85,100" hai1="83,57,22,65,12,84,126,20,91,23,88,50,80" hai2="38,70,111,108,53,82,132,55,76,37,106,77,90" hai3="18,115,47,78,67,128,113,131,101,133,104,58,74"/><U134/><E134/><V119/><F82/><N who="3" m="45399" /><G47/><T60/><D112/><N who="3" m="43081" /><G58/><T99/><D72/><U118/><E118/><V44/><F44/><W62/><G18/><T45/><D125/><U87/><E126/><V110/><F90/><W71/><G133/><T41/><D122/><U102/><E102/><V7/><F132/><W33/><G33/><T1/><D1/><U116/><E116/><V123/><F119/><W107/><G101/><T130/><D29/><U124/><E124/><V105/><F7/><W79/><G79/><N who="2" m="30281" /><F70/><W61/><G62/><T75/><D75/><U40/><E40/><V81/><F81/><W17/><G17/><T21/><D21/><U8/><E65/><V93/><F93/><W63/><G63/><T0/><D0/><U26/><E26/><V98/><F123/><W46/><G46/><T69/><D85/><U6/><E57/><V30/><F30/><W13/><G13/><T59/><D59/><U54/><E54/><N who="2" m="20491" /><F98/><W51/><G51/><AGARI ba="1,0" hai="6,8,12,20,22,23,50,51,80,83,84,87,88,91" machi="51" ten="40,7700,0" yaku="9,1,8,1,54,1" doraHai="28" who="1" fromWho="3" sc="310,0,292,80,61,0,337,-80" /><INIT seed="1,2,0,5,3,87" ten="310,372,61,257" oya="1" hai0="108,22,106,107,101,121,86,33,65,66,2,134,77" hai1="74,62,79,109,11,93,90,53,48,126,83,123,26" hai2="56,29,21,89,19,114,59,103,25,84,132,124,69" hai3="17,111,117,70,82,116,28,81,61,55,75,42,60"/><U40/><E123/><V115/><F124/><W128/><G111/><T39/><D33/><U105/><E105/><V112/><F132/><W125/><G125/><T80/><D108/><U47/><E109/><V96/><F19/><W98/><G128/><T100/><D134/><U119/><E126/><V91/><F69/><W94/><G42/><T49/><D39/><U135/><E119/><N who="3" m="45642" /><G28/><T10/><D121/><U95/><E135/><V102/><F102/><W36/><G36/><T130/><D130/><U27/><E93/><V71/><F71/><W20/><G75/><T13/><D106/><U35/><E35/><V31/><F31/><W97/><G97/><T0/><D22/><U5/><E62/><N who="3" m="24170" /><G55/><T32/><D32/><U44/><E44/><V51/><F84/><W68/><G82/><T18/><D107/><U127/><E40/><V129/><F129/><W64/><G81/><T16/><D18/><U52/><E53/><V37/><F37/><W58/><G58/><T14/><D49/><U38/><E38/><V4/><F4/><W23/><G64/><T113/><D65/><U133/><E133/><V9/><F51/><W34/><G34/><T92/><D66/><U131/><E131/><V76/><F76/><W43/><G43/><T88/><D77/><U30/><E30/><V73/><F73/><W41/><G41/><T72/><D72/><U110/><E110/><V24/><F24/><N who="3" m="14351" /><G23/><T8/><D80/><U7/><E127/><V120/><F120/><W67/><G67/><T63/><D63/><U1/><E7/><V99/><F114/><W122/><G122/><RYUUKYOKU ba="2,0" sc="310,-15,372,15,61,-15,257,15" hai1="1,5,11,26,27,47,48,52,74,79,83,90,95" hai3="68,70,94,98" /><INIT seed="1,3,0,2,1,61" ten="295,387,46,272" oya="1" hai0="66,128,55,41,38,110,43,133,94,52,80,40,20" hai1="124,53,14,104,69,132,49,62,119,33,77,63,67" hai2="68,47,109,24,90,64,46,97,95,27,2,127,112" hai3="54,0,106,1,15,76,10,71,118,113,99,17,11"/><U13/><E119/><V51/><F109/><W78/><G113/><T115/><D115/><U107/><E33/><V50/><F127/><W87/><G71/><T35/><D35/><U65/><E77/><V86/><F2/><W16/><G118/><T134/><D110/><U29/><E29/><V36/><F36/><W105/><G54/><N who="0" m="20523" /><D38/><U101/><E132/><N who="0" m="50793" /><D80/><U39/><E39/><V48/><F112/><W70/><G70/><T92/><D20/><U59/><E124/><V18/><F68/><W75/><G87/><T58/><D128/><U96/><E104/><V126/><F126/><W88/><G99/><T28/><D28/><U130/><E130/><V116/><F116/><W91/><REACH who="3" step="1"/><G15/><REACH who="3" ten="295,387,46,262" step="2"/><T5/><D5/><U8/><E8/><V131/><F131/><W21/><G21/><T44/><D44/><AGARI ba="3,1" hai="13,14,44,49,53,59,62,63,65,67,69,96,101,107" machi="44" ten="30,5800,0" yaku="7,1,52,2" doraHai="61" who="1" fromWho="0" sc="295,-67,387,77,46,0,262,0" /><INIT seed="1,4,0,5,4,4" ten="228,464,46,262" oya="1" hai0="23,7,95,90,14,27,125,25,82,135,30,85,130" hai1="129,109,133,39,43,57,68,118,45,92,5,72,75" hai2="67,87,113,126,32,70,0,61,28,54,35,123,21" hai3="80,73,33,11,55,22,102,3,24,131,53,104,98"/><U58/><E118/><V37/><F123/><W42/><G131/><T105/><D130/><U101/><E68/><V20/><F126/><W34/><G42/><T77/><D135/><U81/><E129/><V97/><F0/><W112/><G112/><T115/><D125/><U48/><E133/><V16/><F113/><W8/><G34/><T13/><D115/><U93/><E109/><V121/><F121/><W117/><G33/><T44/><D105/><U31/><E31/><V41/><F87/><W49/><G3/><T120/><D120/><U100/><E5/><V122/><F122/><W132/><G117/><T74/><D7/><U64/><E39/><V29/><F35/><W36/><G36/><T76/><D77/><U19/><E19/><V106/><F21/><W40/><G40/><T12/><D44/><U103/><E81/><V6/><F6/><W69/><G69/><T60/><D60/><U38/><E38/><V10/><F20/><W83/><G53/><T15/><N who="0" m="3072" /><DORA hai="65" /><T79/><D79/><U26/><E26/><V2/><F2/><W52/><G55/><T71/><D27/><U91/><E93/><V50/><F32/><W9/><G73/><N who="1" m="28234" /><E64/><V134/><F134/><W18/><REACH who="3" step="1"/><G132/><REACH who="3" ten="228,464,46,252" step="2"/><T46/><D71/><U114/><E114/><V96/><F37/><W119/><G119/><T108/><D108/><U1/><E1/><V88/><F41/><W124/><G124/><T111/><D111/><U89/><E43/><V84/><F54/><W51/><G51/><T78/><D46/><AGARI ba="4,1" hai="8,9,11,18,22,24,46,49,52,80,83,98,102,104" machi="46" ten="40,12000,2" yaku="1,1,52,3,54,1,53,1" doraHai="4,65" doraHaiUra="59,17" who="3" fromWho="0" sc="228,-132,464,0,46,0,252,142" /><INIT seed="2,0,0,2,5,16" ten="96,464,46,394" oya="2" hai0="52,114,56,47,63,94,103,107,98,5,128,80,69" hai1="48,82,85,45,30,127,97,117,111,105,0,59,113" hai2="24,66,108,62,83,120,88,51,110,34,122,90,133" hai3="15,36,46,67,22,25,13,81,12,58,19,33,84"/><V104/><F104/><W42/><G67/><T9/><D128/><U101/><E113/><V8/><F8/><W21/><G33/><T41/><D114/><U102/><E117/><V89/><F83/><W35/><G35/><T135/><D135/><U61/><E111/><N who="2" m="42539" /><F133/><W106/><G58/><T100/><D69/><U38/><E127/><V86/><F86/><W76/><G76/><T4/><D80/><U53/><E102/><V6/><F6/><W96/><G96/><T11/><D107/><U131/><E131/><V57/><F51/><W17/><REACH who="3" step="1"/><G106/><REACH who="3" ten="96,464,46,384" step="2"/><T55/><D98/><U124/><E59/><V91/><N who="2" m="22528" /><DORA hai="112" /><V31/><AGARI ba="0,1" hai="24,31,34,57,62,66,120,122" m="22528,42539" machi="31" ten="50,12000,1" yaku="4,1,14,1,10,1,54,1" doraHai="16,112" who="2" fromWho="2" sc="96,-40,464,-40,46,130,384,-40" /><INIT seed="2,1,0,4,4,35" ten="56,424,176,344" oya="2" hai0="100,43,72,66,67,37,55,117,31,93,76,115,73" hai1="40,101,102,77,65,53,11,29,25,64,12,59,119" hai2="125,38,84,96,62,118,113,110,24,57,68,2,78" hai3="4,71,21,132,20,1,9,85,47,87,116,120,13"/><V129/><F118/><W135/><G71/><T128/><D115/><U94/><E40/><V3/><F38/><W16/><G116/><T112/><D112/><U133/><E133/><N who="3" m="51274" /><G120/><T123/><D123/><U41/><E41/><V49/><F113/><W63/><G63/><T51/><D117/><U98/><E77/><V92/><F68/><W14/><G47/><T121/><D121/><U18/><E102/><V99/><F49/><W95/><G95/><T109/><D109/><U48/><E119/><V30/><F99/><W23/><G13/><T36/><D128/><U54/><E54/><V114/><F114/><W0/><G4/><T126/><D126/><U39/><E39/><V50/><F50/><W19/><G19/><T32/><D43/><U7/><E18/><V88/><F129/><W44/><G44/><T82/><D93/><U5/><E5/><V45/><F45/><W8/><G8/><T80/><D100/><U108/><E108/><V134/><F125/><W107/><G107/><T10/><D10/><U46/><E59/><V42/><F42/><W127/><G127/><T22/><D36/><U89/><E101/><V81/><F134/><W26/><G26/><N who="0" m="16855" /><D37/><U56/><E46/><V17/><F110/><W105/><G105/><T104/><D104/><U79/><E79/><V58/><F58/><W130/><G130/><T97/><D76/><U6/><E6/><V61/><F61/><W60/><G60/><T34/><D51/><U52/><E53/><N who="2" m="34095" /><F30/><W103/><G103/><T75/><D55/><U33/><AGARI ba="1,0" hai="7,11,12,25,29,33,48,52,56,64,65,89,94,98" machi="33" ten="20,2700,0" yaku="0,1,7,1,54,1" doraHai="35" who="1" fromWho="1" sc="56,-8,424,30,176,-14,344,-8" /><INIT seed="3,0,0,0,3,52" ten="48,454,162,336" oya="3" hai0="109,61,19,75,133,69,8,74,98,30,124,15,89" hai1="83,27,70,28,31,16,20,0,60,135,92,111,63" hai2="49,7,90,118,18,131,123,21,33,114,11,100,77" hai3="120,130,81,25,17,22,29,86,116,129,10,58,43"/><W24/><G116/><T45/><D124/><U4/><E111/><V76/><F33/><W95/><G120/><T104/><D133/><U85/><E135/><V51/><F114/><W102/><G43/><T65/><D109/><U57/><E70/><V13/><F118/><W72/><G72/><T80/><D30/><N who="1" m="11307" /><E0/><V88/><F100/><W62/><G102/><T26/><D26/><U23/><E4/><V87/><F131/><N who="3" m="50187" /><G95/><T112/><D112/><U71/><E71/><V107/><F107/><W14/><G10/><T2/><D2/><U103/><E23/><V5/><F5/><W1/><G1/><T105/><D74/><U47/><E47/><V113/><F123/><W121/><G29/><T110/><D110/><U78/><E57/><V54/><F49/><W3/><G3/><T44/><D75/><U79/><E79/><V40/><F40/><W82/><G121/><T42/><D105/><U39/><E39/><V48/><F51/><W101/><G101/><T132/><D104/><U34/><E34/><V68/><F68/><W126/><G126/><T59/><D132/><U55/><E55/><V35/><F35/><W117/><G117/><T37/><D45/><U41/><E41/><V6/><F6/><W53/><G81/><T32/><D32/><U115/><E115/><V125/><F125/><W106/><G106/><T9/><D9/><U128/><E128/><V99/><F113/><W97/><G97/><AGARI ba="0,0" hai="16,20,27,60,63,78,83,85,92,97,103" m="11307" machi="97" ten="30,2000,0" yaku="8,1,54,1" doraHai="52" who="1" fromWho="3" sc="48,0,454,20,162,0,336,-20" owari="48,-45.2,474,57.4,162,-23.8,316,11.6" /></mjloggm>