<mjloggm ver="2.3"><GO type="225" lobby="0"/><UN n0="%E3%81%B2%E3%81%BE%E3%81%A4%E3%81%B6%E3%81%97" n1="%E5%A4%96%E5%B7%9D%E7%AB%9C%E6%88%90" n2="%6D%75%75%6D%75%72%61" n3="%E3%81%A8%E3%82%93%E3%81%A8%E3%81%93%E3%81%A8%E3%82%93" dan="16,16,17,16" rate="2154.52,2169.37,2217.69,2124.46" sx="M,M,F,M"/><TAIKYOKU oya="0"/><INIT seed="0,0,0,4,0,118" ten="250,250,250,250" oya="0" hai0="47,75,1,129,49,133,67,12,15,103,76,127,14" hai1="70,91,41,122,125,24,102,78,11,112,93,65,100" hai2="58,86,135,115,95,50,92,113,77,32,6,98,97" hai3="88,81,63,0,130,117,120,116,13,16,64,55,25"/><T38/><D133/><U87/><E125/><V109/><F32/><W45/><G0/><T4/><D127/><U69/><E112/><V72/><F6/><W46/><G130/><T94/><D129/><U68/><E65/><V126/><F126/><W43/><G120/><T99/><D67/><U36/><E122/><V59/><F72/><W83/><G25/><T119/><D119/><U17/><E78/><V51/><F77/><W110/><G110/><T132/><D132/><U71/><E71/><V40/><F135/><W85/><G55/><T35/><D35/><U29/><E41/><V90/><F40/><W28/><G28/><T96/><D96/><U79/><E36/><V44/><F44/><W104/><G104/><T108/><D38/><U128/><E79/><V3/><F86/><W66/><G46/><T21/><D108/><U62/><E62/><V33/><F33/><W19/><G19/><T54/><D1/><U74/><E74/><V2/><REACH who="2" step="1"/><F109/><REACH who="2" ten="250,250,240,250" step="2"/><W27/><G116/><T7/><D75/><U134/><E128/><V22/><F22/><N who="3" m="11535" /><G117/><T48/><D76/><U30/><E134/><V23/><F23/><W34/><G45/><N who="0" m="27919" /><D21/><N who="1" m="13359" /><E11/><V57/><F57/><N who="3" m="36975" /><G43/><AGARI ba="0,1" hai="4,7,12,14,15,43,47,49,94,99,103" m="27919" machi="43" ten="30,1500,0" yaku="8,1" doraHai="118" who="0" fromWho="3" sc="250,25,250,0,240,0,250,-15" /><INIT seed="0,1,0,0,2,21" ten="275,250,240,235" oya="0" hai0="71,63,52,75,115,76,131,67,42,100,132,50,119" hai1="7,123,126,111,34,58,130,37,103,86,53,117,135" hai2="29,101,125,74,128,11,1,90,98,6,43,57,65" hai3="124,18,104,45,79,20,59,83,61,64,13,66,17"/><T3/><D115/><U92/><E117/><V85/><F74/><W24/><G104/><T68/><D119/><U5/><E123/><V102/><F128/><W106/><G106/><T60/><D131/><U0/><E37/><V99/><F125/><W54/><G124/><T80/><D132/><U4/><E126/><V84/><F43/><W15/><G45/><T28/><D3/><U48/><E130/><V44/><F44/><W97/><G97/><T112/><D112/><U129/><E129/><V8/><F29/><W121/><G121/><T118/><D118/><U16/><E34/><V105/><F11/><W31/><G15/><T93/><D42/><U23/><E111/><V12/><F1/><W22/><REACH who="3" step="1"/><G31/><REACH who="3" ten="275,250,240,225" step="2"/><T62/><D28/><U108/><E108/><V91/><F105/><W36/><G36/><T9/><D71/><U95/><E135/><V73/><F99/><W40/><G40/><T41/><D41/><U39/><E39/><V56/><F98/><W94/><G94/><T46/><D93/><U2/><E95/><V38/><F38/><W35/><G35/><T72/><D100/><U113/><E113/><V49/><F102/><W88/><G88/><N who="2" m="33833" /><F101/><W133/><G133/><T87/><D75/><AGARI ba="1,1" hai="13,17,18,20,22,24,54,59,61,64,66,75,79,83" machi="75" ten="30,3900,0" yaku="1,1,7,1,52,1,53,0" doraHai="21" doraHaiUra="47" who="3" fromWho="0" sc="275,-42,250,0,240,0,225,52" /><INIT seed="1,0,0,5,3,27" ten="233,250,240,277" oya="1" hai0="133,47,50,81,89,18,119,37,104,20,125,100,48" hai1="102,107,84,25,51,94,103,134,83,110,105,72,95" hai2="15,77,8,96,127,112,113,132,130,53,57,45,59" hai3="5,69,36,88,4,24,78,117,108,39,7,56,114"/><U128/><E51/><V67/><F127/><W19/><G69/><T106/><D125/><U13/><E13/><V99/><F130/><W118/><G114/><N who="2" m="44137" /><F132/><W79/><G108/><T93/><D133/><U16/><E134/><V123/><F123/><W129/><G129/><T63/><D119/><N who="3" m="45577" /><G56/><N who="2" m="21577" /><F67/><W22/><G88/><T98/><D63/><U6/><E6/><N who="3" m="1538" /><W32/><DORA hai="2" /><G32/><T70/><D70/><U46/><E110/><V11/><F77/><AGARI ba="0,0" hai="19,22,24,36,39,77,78,79" m="1538,45577" machi="77" ten="40,8000,1" yaku="12,1,52,4" doraHai="27,2" who="3" fromWho="2" sc="233,0,250,0,240,-80,277,80" /><INIT seed="2,0,0,0,3,55" ten="233,250,160,357" oya="2" hai0="16,41,27,28,123,54,77,83,66,122,110,11,21" hai1="93,76,78,116,99,131,70,119,9,95,127,23,61" hai2="111,48,68,86,87,124,19,5,46,132,71,50,73" hai3="97,89,62,135,91,100,58,75,35,33,90,43,8"/><V6/><F73/><W31/><G75/><T36/><D110/><U10/><E127/><V52/><F124/><W17/><G43/><T129/><D129/><U121/><E131/><V115/><F115/><W14/><G31/><T106/><D106/><U107/><E121/><V7/><F132/><W112/><G135/><T98/><D98/><U51/><E51/><V113/><F113/><W92/><REACH who="3" step="1"/><G112/><REACH who="3" ten="233,250,160,347" step="2"/><T29/><D41/><U63/><E119/><V96/><F111/><W82/><G82/><T88/><D29/><U101/><E116/><V30/><F30/><W81/><G81/><T56/><D123/><U103/><E76/><V117/><F117/><W2/><G2/><T72/><D122/><U114/><E78/><V65/><F71/><W25/><G25/><T20/><D72/><U42/><E70/><V47/><F68/><W13/><G13/><T45/><D77/><U39/><E42/><N who="2" m="24663" /><F65/><AGARI ba="0,1" hai="8,14,17,33,35,58,62,65,89,90,91,92,97,100" machi="65" ten="40,2600,0" yaku="1,1,52,1,53,0" doraHai="55" doraHaiUra="102" who="3" fromWho="2" sc="233,0,250,0,160,-26,347,36" /><INIT seed="3,0,0,0,4,1" ten="233,250,134,383" oya="3" hai0="29,111,20,130,92,11,17,51,35,74,89,112,24" hai1="28,60,118,108,26,81,37,45,101,48,56,109,44" hai2="80,127,36,13,77,88,0,94,18,82,99,52,126" hai3="132,96,2,71,58,72,102,14,85,50,103,62,8"/><W135/><G72/><T95/><D111/><N who="1" m="42571" /><E101/><V100/><F36/><W98/><G2/><T106/><D106/><U117/><E81/><V30/><F0/><W46/><G71/><T10/><D130/><U116/><E48/><V12/><F30/><W61/><G85/><T40/><D74/><U79/><E79/><V64/><F64/><W21/><G21/><T38/><D38/><U16/><E16/><V39/><F39/><W73/><G73/><T133/><D133/><U68/><E68/><V86/><F80/><W41/><G102/><T53/><D40/><U115/><E115/><V129/><F129/><W78/><G78/><T134/><D134/><U6/><E6/><V4/><F77/><W31/><G103/><T93/><D89/><U57/><E57/><V128/><F128/><W7/><G31/><T131/><D112/><U63/><E63/><V123/><F123/><W22/><G61/><T87/><D87/><U90/><E90/><V84/><F84/><W122/><G58/><N who="0" m="33087" /><D131/><U32/><E37/><V55/><F126/><W119/><G122/><T121/><D121/><U113/><E113/><V9/><F127/><W83/><G132/><T67/><D67/><AGARI ba="0,0" hai="26,28,32,44,45,56,60,67,116,117,118" m="42571" machi="67" ten="40,2600,0" yaku="12,1,14,1" doraHai="1" who="1" fromWho="0" sc="233,-26,250,26,134,0,383,0" owari="207,-19.3,276,7.6,134,-36.6,383,48.3" /></mjloggm>