<mjloggm ver="2.3"><GO type="225" lobby="0"/><UN n0="%E3%81%A0%E3%81%8A" n1="%E5%A4%9C%E3%81%AE%E3%82%AC%E3%82%B9%E3%83%91%E3%83%BC%E3%83%AB" n2="%E8%B6%85%E7%B4%9A%E9%B3%B3%E5%87%B0" n3="%72%69%6F%75%63%68%61%6E" dan="16,16,16,16" rate="2060.69,2119.80,2148.54,2163.71" sx="M,M,M,M"/><TAIKYOKU oya="0"/><INIT seed="0,0,0,5,4,96" ten="250,250,250,250" oya="0" hai0="22,21,98,108,7,113,104,73,88,51,62,81,122" hai1="101,55,67,78,117,91,23,110,84,26,80,56,53" hai2="77,119,94,112,120,83,0,116,39,66,11,38,71" hai3="54,16,90,9,33,31,132,125,40,30,17,18,50"/><T111/><D113/><U5/><E117/><N who="2" m="45131" /><F112/><W49/><G125/><T102/><D122/><U43/><E110/><N who="0" m="42025" /><D7/><U2/><E43/><V93/><F120/><W57/><G132/><T129/><D129/><U13/><E2/><V3/><F94/><W105/><G105/><T79/><D51/><U135/><E135/><V123/><F123/><W127/><G127/><T72/><D72/><U76/><E101/><V65/><F93/><W87/><G33/><T52/><D88/><U97/><E97/><V131/><F131/><W10/><G10/><T133/><D133/><U41/><E41/><V20/><F20/><W27/><G27/><T68/><D68/><U95/><E95/><V82/><F11/><W32/><G32/><T34/><D34/><U37/><E91/><V6/><F6/><W106/><G106/><T47/><D47/><U4/><E5/><V89/><F89/><W63/><G9/><T64/><D64/><N who="2" m="24682" /><F71/><W44/><REACH who="3" step="1"/><G63/><REACH who="3" ten="250,250,250,240" step="2"/><T1/><D1/><U75/><E4/><V35/><F35/><W70/><G70/><T85/><D73/><U74/><E74/><V114/><F0/><W12/><G12/><T126/><D126/><U59/><E13/><V8/><F3/><W60/><G60/><T36/><D36/><U134/><E37/><V48/><F39/><W24/><G24/><T107/><D107/><U121/><E134/><V109/><F38/><W130/><G130/><T86/><D86/><U58/><E121/><V29/><F109/><W100/><G100/><T118/><D118/><U128/><E128/><V28/><F114/><W42/><G42/><RYUUKYOKU ba="0,1" sc="250,15,250,-15,250,-15,240,15" hai0="21,22,52,62,79,81,85,98,102,104" hai3="16,17,18,30,31,40,44,49,50,54,57,87,90" /><INIT seed="0,1,1,5,4,80" ten="265,235,235,255" oya="0" hai0="107,52,85,91,110,112,20,95,114,40,81,53,31" hai1="55,75,106,25,102,61,38,119,66,13,68,69,130" hai2="121,116,22,46,2,76,134,79,128,39,47,109,32" hai3="28,48,37,41,71,35,4,1,86,90,118,78,131"/><T7/><D107/><U123/><E119/><V60/><F121/><W11/><G118/><T63/><D40/><U84/><E38/><V14/><F116/><W108/><G108/><T34/><D34/><U45/><E75/><V125/><F32/><W56/><G131/><T62/><D110/><U42/><E123/><V50/><F109/><W100/><G71/><T67/><D7/><U27/><E42/><V26/><F2/><W44/><G100/><T93/><D112/><U33/><E69/><V88/><F128/><W89/><G37/><T82/><D82/><U23/><E13/><V17/><F125/><W24/><REACH who="3" step="1"/><G56/><REACH who="3" ten="265,235,235,245" step="2"/><T126/><D126/><U115/><E68/><V94/><F39/><W74/><G74/><T43/><D114/><U21/><E102/><V105/><F105/><W132/><G132/><T36/><D36/><U19/><E115/><V72/><F72/><W0/><G0/><T59/><D59/><U64/><E130/><V92/><F134/><W124/><G124/><T18/><D63/><U87/><E61/><V117/><F60/><W65/><G65/><T129/><D67/><U8/><E106/><V122/><F117/><W98/><G98/><T6/><D62/><U99/><E99/><V133/><F133/><W97/><G97/><T103/><D129/><U120/><E120/><V104/><F104/><W10/><G10/><T16/><D103/><U12/><E66/><V113/><F113/><W57/><G57/><T77/><D53/><U58/><E64/><V96/><F122/><W9/><G9/><T15/><D52/><U135/><E135/><RYUUKYOKU ba="1,2" sc="265,-10,235,-10,235,-10,245,30" hai3="1,4,11,24,28,35,41,44,48,78,86,89,90" /><INIT seed="1,2,2,5,4,111" ten="255,225,225,275" oya="1" hai0="26,30,86,64,120,37,80,99,102,113,127,90,69" hai1="55,77,20,13,106,65,70,31,94,116,15,78,52" hai2="73,105,115,119,131,57,5,32,21,2,121,23,93" hai3="74,117,110,61,100,130,42,25,22,63,96,85,54"/><U16/><E116/><V12/><F105/><W56/><G74/><T98/><D37/><U19/><E106/><V14/><F119/><W8/><G117/><T122/><D127/><U41/><E41/><V68/><F68/><W51/><G110/><T103/><D113/><U53/><E70/><V33/><F121/><N who="0" m="46698" /><D102/><U97/><E65/><V79/><F131/><W44/><G130/><T132/><D132/><U45/><E31/><V28/><F93/><N who="3" m="58383" /><G8/><T11/><D11/><N who="1" m="6591" /><E45/><V135/><F57/><W36/><G36/><T0/><D0/><U66/><E66/><V76/><F73/><W59/><G85/><T60/><D103/><AGARI ba="2,2" hai="15,16,20,52,53,55,77,78,94,97,103" m="6591" machi="103" ten="30,5800,0" yaku="8,1,54,2" doraHai="111" who="1" fromWho="0" sc="255,-64,225,84,225,0,275,0" /><INIT seed="1,3,0,4,2,14" ten="191,309,225,275" oya="1" hai0="126,102,107,52,83,105,26,38,77,62,44,0,51" hai1="73,48,130,134,135,75,46,91,56,15,5,19,97" hai2="82,74,45,42,57,106,21,11,101,95,33,41,13" hai3="6,64,53,128,99,117,81,61,125,100,1,89,36"/><U22/><E130/><V3/><F33/><W124/><G128/><T72/><D0/><U127/><E127/><N who="3" m="48714" /><G36/><T12/><D126/><U120/><E120/><V108/><F108/><W85/><G117/><T65/><D38/><U9/><E56/><V111/><F111/><W80/><G53/><T68/><D102/><U122/><E122/><V123/><F123/><W84/><G6/><T40/><D40/><U18/><E97/><V87/><F74/><N who="1" m="28169" /><E22/><V70/><F70/><N who="3" m="42255" /><G1/><T25/><REACH who="0" step="1"/><D12/><REACH who="0" ten="181,309,225,275" step="2"/><U131/><E15/><V8/><F13/><W76/><G100/><T39/><D39/><U79/><E131/><V55/><F101/><W115/><G115/><T94/><D94/><U121/><E121/><V17/><F95/><N who="3" m="56815" /><G80/><T54/><D54/><U114/><E114/><V7/><F55/><W93/><G93/><T133/><D133/><U118/><E135/><V90/><F82/><W78/><G84/><T24/><AGARI ba="3,1" hai="24,25,26,44,51,52,62,65,68,72,77,83,105,107" machi="24" ten="30,7900,0" yaku="1,1,0,1,54,1,53,1" doraHai="14" doraHaiUra="67" who="0" fromWho="0" sc="181,98,309,-42,225,-23,275,-23" /><INIT seed="2,0,0,4,0,106" ten="279,267,202,252" oya="2" hai0="52,23,18,80,102,46,76,60,55,74,103,12,119" hai1="81,85,34,49,92,125,37,65,73,120,98,68,54" hai2="48,99,64,10,107,101,33,6,84,59,116,29,87" hai3="90,19,31,51,14,83,11,75,57,13,16,17,1"/><V100/><F116/><W62/><G31/><T36/><D119/><U108/><E37/><V43/><F101/><W121/><G121/><T130/><D130/><U109/><E34/><V0/><F43/><W88/><G51/><T117/><D117/><U134/><E134/><V89/><F89/><N who="3" m="34411" /><G75/><T131/><D131/><U44/><E125/><V67/><F67/><N who="3" m="39375" /><G1/><T124/><D124/><U30/><E30/><V61/><REACH who="2" step="1"/><F48/><REACH who="2" ten="279,267,192,252" step="2"/><W3/><G3/><T25/><D36/><U2/><E65/><V97/><F97/><W45/><G45/><T126/><D46/><U39/><E44/><V4/><F4/><N who="3" m="3303" /><G83/><T20/><D80/><U128/><E81/><V79/><F79/><W132/><G132/><T112/><D126/><U63/><E49/><V115/><F115/><W53/><G53/><T38/><D112/><U122/><E54/><V110/><F110/><W72/><G72/><T58/><D55/><U47/><E109/><V71/><F71/><W94/><G94/><T91/><D52/><U105/><E108/><V129/><F129/><W7/><G7/><T135/><D135/><U41/><E128/><V28/><F28/><W24/><G24/><AGARI ba="0,1" hai="0,6,10,24,29,33,59,61,64,84,87,99,100,107" machi="24" ten="40,2000,0" yaku="1,1,53,0" doraHai="106" doraHaiUra="77" who="2" fromWho="3" sc="279,0,267,0,192,30,252,-20" /><INIT seed="2,1,0,4,2,93" ten="279,267,222,232" oya="2" hai0="18,22,30,90,118,85,86,72,21,10,31,11,126" hai1="102,134,52,69,111,25,15,119,6,63,95,92,71" hai2="101,61,115,42,9,19,49,55,17,54,75,81,123" hai3="100,59,107,50,23,32,28,64,103,12,84,53,82"/><V128/><F115/><W47/><G32/><T110/><D72/><U133/><E119/><V67/><F123/><W131/><G131/><T4/><D110/><U112/><E112/><V124/><F128/><W78/><G107/><T114/><D114/><U14/><E111/><V91/><F124/><W76/><G78/><T5/><D126/><U120/><E25/><V8/><F101/><W20/><G23/><T57/><D118/><U33/><E33/><V68/><F42/><W39/><G39/><T51/><D51/><U29/><E29/><V116/><F116/><W104/><G104/><T89/><D57/><N who="1" m="35239" /><E95/><V130/><F130/><W108/><G108/><T117/><D117/><U62/><E120/><V58/><F55/><W45/><G12/><N who="1" m="4650" /><E62/><V36/><F36/><W98/><G64/><T109/><D109/><U38/><E6/><V83/><F83/><W135/><G135/><N who="1" m="51722" /><E38/><V94/><F81/><W125/><G125/><T79/><D79/><U35/><E35/><V122/><F122/><W80/><G82/><T96/><D18/><U66/><E66/><V87/><F75/><W56/><G56/><T43/><D43/><U73/><E73/><V121/><F121/><W65/><G65/><T24/><D24/><U3/><E3/><V44/><F68/><W26/><G103/><T132/><D132/><U1/><E1/><V16/><AGARI ba="1,0" hai="8,9,16,17,19,44,49,54,58,61,67,87,91,94" machi="16" ten="30,6000,0" yaku="0,1,8,1,54,1" doraHai="93" who="2" fromWho="2" sc="279,-21,267,-21,222,63,232,-21" /><INIT seed="2,2,0,0,0,40" ten="258,246,285,211" oya="2" hai0="23,71,78,14,95,17,33,133,58,37,66,39,15" hai1="107,65,132,113,56,103,128,121,117,24,129,59,12" hai2="115,104,82,109,57,83,80,27,6,64,119,96,21" hai3="50,74,126,111,120,84,34,28,38,3,48,88,70"/><V108/><F115/><W114/><RYUUKYOKU type="yao9" ba="2,0" sc="258,0,246,0,285,0,211,0" hai3="3,28,34,38,48,50,70,74,84,88,111,114,120,126" /><INIT seed="2,3,0,4,1,75" ten="258,246,285,211" oya="2" hai0="79,35,107,98,93,45,1,19,76,127,65,109,62" hai1="46,29,56,134,38,90,20,4,116,128,14,23,70" hai2="91,43,36,17,9,113,105,124,118,11,120,31,68" hai3="77,125,108,18,54,135,71,25,61,85,119,129,51"/><V60/><F113/><W7/><G119/><T34/><D1/><U106/><E70/><V82/><F118/><W104/><G108/><T95/><D107/><U24/><E116/><V12/><F120/><W87/><G104/><T81/><D109/><U6/><E106/><V117/><F117/><W0/><G129/><T44/><D127/><U66/><E128/><V42/><F105/><W122/><G122/><T130/><D130/><U28/><E134/><V84/><F124/><W89/><G125/><T39/><D19/><N who="1" m="10359" /><E38/><V40/><F31/><W99/><G135/><T27/><D39/><U114/><E114/><V22/><F36/><W115/><G115/><T55/><D35/><U96/><E46/><V83/><F68/><W121/><G121/><T57/><D45/><U67/><E29/><V88/><F60/><W101/><G0/><T41/><D34/><U97/><E97/><V132/><F132/><W48/><G7/><N who="1" m="2602" /><E56/><V94/><F83/><N who="3" m="47343" /><G71/><T32/><D32/><U26/><E26/><V30/><REACH who="2" step="1"/><F30/><REACH who="2" ten="258,246,275,211" step="2"/><W123/><G123/><T3/><D62/><U2/><E2/><V10/><F10/><W15/><G61/><T133/><D3/><U78/><E28/><V58/><F58/><W47/><G47/><T59/><D57/><U50/><E50/><V64/><F64/><W53/><G48/><T49/><D65/><U37/><E37/><V52/><F52/><W16/><G51/><T21/><D49/><U80/><E67/><V86/><AGARI ba="3,1" hai="9,11,12,17,22,40,42,43,82,84,86,88,91,94" machi="86" ten="30,11700,0" yaku="1,1,0,1,8,1,54,1,53,0" doraHai="75" doraHaiUra="69" who="2" fromWho="2" sc="258,-42,246,-42,275,136,211,-42" /><INIT seed="2,4,0,2,2,15" ten="216,204,411,169" oya="2" hai0="81,93,60,27,67,49,45,106,119,135,118,113,72" hai1="129,9,98,11,99,14,16,110,124,6,24,112,62" hai2="130,69,127,120,108,131,44,91,10,101,107,109,128" hai3="74,17,56,92,80,115,83,37,29,25,70,12,132"/><V46/><F120/><W23/><G70/><T40/><D106/><U102/><E112/><V86/><F69/><W78/><G115/><T71/><D113/><U53/><E110/><N who="2" m="42603" /><F127/><W4/><G37/><T125/><D135/><U35/><E124/><V63/><F63/><W50/><G132/><T32/><D125/><U90/><E129/><V26/><F26/><W94/><G4/><T73/><D93/><N who="1" m="58703" /><E35/><V41/><F10/><W57/><G80/><T33/><D81/><U31/><E31/><V0/><F0/><W42/><G56/><T28/><D33/><U77/><E77/><V105/><F101/><W97/><G97/><T58/><D71/><U54/><E62/><V87/><F46/><W85/><G74/><T82/><D73/><U89/><E11/><V65/><F65/><W8/><REACH who="3" step="1"/><G57/><REACH who="3" ten="216,204,411,159" step="2"/><T3/><D72/><U68/><E68/><V117/><F131/><W36/><G36/><T7/><D82/><U126/><E126/><V75/><F130/><W20/><G20/><T5/><D7/><U59/><E59/><V47/><F75/><W88/><G88/><N who="1" m="33898" /><E99/><V76/><F91/><W104/><G104/><T95/><D95/><U133/><E133/><V84/><F128/><W111/><G111/><T103/><D103/><U55/><E55/><V64/><F107/><W38/><G38/><T52/><D52/><U1/><E1/><V30/><F105/><W2/><G2/><T34/><D34/><U51/><E51/><V43/><F76/><W13/><G13/><T96/><D96/><U48/><E48/><V21/><F21/><AGARI ba="4,1" hai="6,9,14,16,21,24,53,54" m="33898,58703" machi="21" ten="30,7700,0" yaku="8,1,52,1,54,2" doraHai="15" who="1" fromWho="2" sc="216,0,204,99,411,-89,159,0" /><INIT seed="3,0,0,5,3,59" ten="216,303,322,159" oya="3" hai0="8,66,52,5,3,110,49,129,103,101,117,105,132" hai1="133,79,29,7,43,27,122,65,60,82,32,73,48" hai2="119,51,67,130,21,1,84,83,127,16,97,19,87" hai3="10,134,104,109,114,98,77,75,106,58,113,33,2"/><W68/><G68/><T91/><D117/><U124/><E133/><V24/><F119/><W74/><G33/><T69/><D132/><U95/><E124/><V92/><F1/><W123/><G134/><T128/><D110/><U22/><E122/><V81/><F127/><W86/><G123/><T64/><D91/><U62/><E7/><V126/><F126/><W125/><G125/><T99/><D103/><U44/><E32/><V30/><F130/><N who="0" m="50282" /><D69/><U36/><E36/><V61/><F51/><W28/><G28/><T37/><D37/><U23/><E65/><V38/><F38/><W34/><G34/><T115/><D115/><N who="3" m="44041" /><G58/><AGARI ba="0,0" hai="3,5,8,49,52,58,64,66,99,101,105" m="50282" machi="58" ten="30,2000,0" yaku="19,1,54,1" doraHai="59" who="0" fromWho="3" sc="216,20,303,0,322,0,159,-20" owari="236,-16.4,303,10.3,322,42.2,139,-36.1" /></mjloggm>