<mjloggm ver="2.3"><GO type="225" lobby="0"/><UN n0="%E3%83%B4%E3%83%A0%EF%BC%99%E3%81%A6" n1="%E3%81%A1%E3%82%85%E3%81%86%E3%81%A9%E3%81%8F%E8%B1%A1%E3%81%95%E3%82%93" n2="%E3%83%9F%E3%83%AA%E3%83%80%E3%81%97%E3%82%88" n3="%72%69%6F%75%63%68%61%6E" dan="17,17,16,17" rate="2195.62,2194.20,2088.08,2251.36" sx="M,M,M,M"/><TAIKYOKU oya="0"/><INIT seed="0,0,0,3,5,27" ten="250,250,250,250" oya="0" hai0="13,130,61,98,49,93,48,58,31,99,105,59,76" hai1="33,72,128,132,78,45,73,60,9,18,70,26,117" hai2="66,80,103,64,35,100,40,89,54,20,74,107,3" hai3="15,97,82,67,134,16,57,44,83,30,129,109,17"/><T126/><D126/><U42/><E117/><V112/><F112/><W101/><G109/><T23/><D130/><U69/><E132/><V5/><F35/><W2/><G134/><T88/><D76/><U32/><E128/><V14/><F40/><W63/><G129/><T131/><D131/><U85/><E85/><V56/><F3/><W47/><G2/><T120/><D120/><U46/><E78/><V6/><F6/><W39/><G30/><T113/><D113/><U118/><E118/><V108/><F108/><W19/><G15/><T133/><D133/><U124/><E124/><V75/><F75/><W96/><G96/><T37/><D37/><U116/><E116/><V121/><F121/><W104/><REACH who="3" step="1"/><G47/><REACH who="3" ten="250,250,250,240" step="2"/><T53/><D99/><U22/><E46/><V115/><F14/><W52/><G52/><N who="0" m="33991" /><D105/><U1/><E1/><V51/><F107/><W29/><G29/><T0/><D0/><U91/><E32/><V111/><F111/><W122/><G122/><T94/><D13/><U25/><E33/><V79/><F115/><W92/><G92/><T87/><D93/><U86/><E25/><V71/><F54/><W81/><G81/><T119/><D98/><U68/><E9/><V62/><F80/><W38/><G38/><T36/><D36/><U135/><E135/><V12/><F12/><W41/><AGARI ba="0,1" hai="16,17,19,39,41,44,57,63,67,82,83,97,101,104" machi="41" ten="30,4000,0" yaku="1,1,0,1,54,1,53,0" doraHai="27" doraHaiUra="7" who="3" fromWho="3" sc="250,-20,250,-10,250,-10,240,50" /><INIT seed="1,0,0,3,1,70" ten="230,240,240,290" oya="1" hai0="96,100,29,54,134,25,103,89,116,6,79,111,1" hai1="47,87,53,49,55,28,124,126,63,45,114,105,77" hai2="74,91,33,46,71,38,66,69,42,110,22,65,11" hai3="57,90,95,97,101,36,68,84,34,13,44,127,0"/><U24/><E114/><V12/><F33/><W27/><G0/><T48/><D116/><U102/><E102/><V122/><F122/><W82/><G127/><N who="1" m="48682" /><E105/><V118/><F118/><W88/><G68/><T92/><D111/><U18/><E18/><V9/><F110/><W19/><G57/><T104/><D134/><U17/><E17/><V26/><F74/><W50/><G36/><T8/><D104/><U131/><E131/><V112/><F112/><W128/><G128/><T81/><D25/><U94/><E63/><V76/><F76/><W39/><G39/><T86/><REACH who="0" step="1"/><D29/><REACH who="0" ten="220,240,240,290" step="2"/><U85/><E24/><V108/><F26/><W132/><G132/><T31/><D31/><U78/><E28/><V10/><F108/><W73/><G27/><T32/><D32/><U16/><E16/><V135/><F135/><W30/><G34/><T2/><D2/><U98/><E78/><V60/><F12/><W20/><G30/><T3/><D3/><U75/><E77/><V58/><F11/><W52/><G73/><T83/><D83/><U56/><E75/><V43/><F10/><W41/><G41/><T129/><D129/><U120/><E120/><V109/><F9/><W14/><G13/><T37/><D37/><U51/><E45/><AGARI ba="0,1" hai="1,6,8,45,48,54,79,81,86,89,92,96,100,103" machi="45" ten="30,2000,0" yaku="1,1,7,1,53,0" doraHai="70" doraHaiUra="113" who="0" fromWho="1" sc="220,30,240,-20,240,0,290,0" /><INIT seed="2,0,0,3,0,110" ten="250,220,240,290" oya="2" hai0="97,122,17,49,11,101,47,134,128,38,36,80,53" hai1="32,130,111,64,24,106,40,50,7,16,27,96,86" hai2="83,22,133,30,6,108,29,65,1,52,124,35,73" hai3="26,131,95,4,109,58,41,66,74,81,14,37,0"/><V85/><F108/><W91/><G109/><T55/><D122/><U75/><E111/><V15/><F73/><W44/><G131/><T43/><D128/><U33/><E130/><V113/><F113/><W13/><G26/><T105/><D134/><U90/><E7/><V71/><F133/><W118/><G118/><T70/><D70/><U56/><E64/><V93/><F93/><W89/><G58/><T25/><D38/><U84/><E75/><V48/><F124/><W34/><G34/><T45/><D80/><U2/><E2/><V120/><F120/><W60/><G91/><T98/><D98/><U69/><E69/><V54/><F35/><W92/><G95/><T31/><D17/><U119/><E119/><V62/><F1/><W87/><G60/><T121/><D11/><U42/><E56/><N who="2" m="37063" /><F54/><W72/><G66/><T51/><D121/><U78/><E96/><V102/><F102/><W135/><G135/><T94/><D105/><U5/><E106/><V9/><F22/><W117/><G117/><T123/><D123/><U132/><E132/><V59/><F71/><W129/><G129/><T125/><D125/><U77/><E32/><V116/><F116/><W107/><G107/><T115/><D115/><U82/><E33/><V104/><F104/><W63/><G63/><T19/><D36/><U103/><E103/><V126/><F126/><W57/><G57/><T39/><D39/><U114/><E114/><V127/><F127/><W67/><G67/><T18/><D53/><U68/><E68/><V28/><F28/><W3/><G74/><T23/><AGARI ba="0,0" hai="18,19,23,25,31,43,45,47,49,51,55,94,97,101" machi="23" ten="20,5200,0" yaku="5,1,0,1,7,1,8,1" doraHai="110" who="0" fromWho="0" sc="250,52,220,-13,240,-26,290,-13" /><INIT seed="3,0,0,2,5,8" ten="302,207,214,277" oya="3" hai0="14,19,3,12,38,71,30,93,74,100,43,15,53" hai1="0,59,126,125,106,122,5,51,29,112,9,135,107" hai2="24,46,88,33,55,28,121,7,102,118,109,77,113" hai3="18,64,98,2,76,105,54,127,27,36,123,86,60"/><W94/><G123/><T133/><D3/><U68/><E122/><V129/><F121/><W40/><G2/><T62/><D74/><U35/><E112/><V81/><F118/><W82/><G127/><N who="1" m="48650" /><E135/><V34/><F113/><W23/><G105/><N who="1" m="39946" /><E68/><V90/><F102/><W57/><G36/><T103/><D30/><U79/><E79/><V58/><F34/><W41/><G64/><T124/><D124/><U128/><E128/><V69/><F69/><W104/><G104/><T10/><D133/><U114/><E114/><V56/><F129/><W134/><G134/><T84/><D100/><AGARI ba="0,0" hai="18,23,27,40,41,54,57,60,76,82,86,94,98,100" machi="100" ten="30,2900,0" yaku="7,1,8,1" doraHai="8" who="3" fromWho="0" sc="302,-29,207,0,214,0,277,29" owari="273,7.3,207,-29.3,214,-18.6,306,40.6" /></mjloggm>