<mjloggm ver="2.3"><GO type="225" lobby="0"/><UN n0="%E8%90%BD%E6%97%A5" n1="%73%69%72%6F%75%74" n2="%E3%82%82%E3%81%90%E3%82%89" n3="%E3%81%A1%E3%82%85%E3%81%86%E3%81%A9%E3%81%8F%E8%B1%A1%E3%81%95%E3%82%93" dan="18,16,17,16" rate="2207.13,2108.90,2188.15,2080.29" sx="F,M,M,M"/><TAIKYOKU oya="0"/><INIT seed="0,0,0,4,2,57" ten="250,250,250,250" oya="0" hai0="117,10,103,42,130,48,121,109,84,53,69,66,65" hai1="29,78,126,123,7,98,16,2,32,20,74,46,38" hai2="24,40,63,82,64,90,79,107,5,0,31,80,106" hai3="133,41,50,8,27,44,95,124,35,61,77,134,43"/><T26/><D117/><U120/><E126/><V76/><F40/><W71/><G124/><T132/><D121/><U47/><E98/><V87/><F5/><W3/><G77/><T99/><D130/><U102/><E102/><V6/><F6/><N who="3" m="1119" /><G95/><T9/><D132/><N who="3" m="50793" /><G43/><T85/><D42/><N who="1" m="22871" /><E47/><V97/><F0/><W30/><G71/><T54/><D109/><U28/><E28/><V37/><F37/><W62/><AGARI ba="0,0" hai="27,30,35,41,44,50,61,62" m="50793,1119" machi="62" ten="30,4000,0" yaku="20,1,52,2" doraHai="57" who="3" fromWho="3" sc="250,-20,250,-10,250,-10,250,40" /><INIT seed="1,0,0,5,3,134" ten="230,240,240,290" oya="1" hai0="103,128,99,1,55,30,10,124,97,135,74,77,114" hai1="48,64,43,84,87,7,31,86,28,76,15,65,59" hai2="57,47,13,26,96,108,126,29,104,36,9,122,61" hai3="11,34,4,132,100,45,83,17,68,37,127,88,69"/><U67/><E76/><V60/><F122/><W109/><G34/><T18/><D114/><U111/><E111/><V23/><F108/><W102/><G109/><T85/><D135/><U50/><E43/><V40/><F126/><W120/><G120/><T116/><D116/><U24/><E59/><V121/><F121/><W16/><G132/><T54/><D74/><U66/><N who="1" m="16384" /><DORA hai="53" /><U46/><E46/><V117/><F117/><W130/><G127/><T93/><D124/><U51/><E24/><V73/><F73/><W6/><G130/><T25/><D128/><U52/><E52/><V42/><F42/><W119/><G45/><T115/><D99/><U27/><E27/><V2/><F2/><W12/><G37/><T20/><D115/><U49/><N who="1" m="12288" /><DORA hai="32" /><U92/><E92/><V58/><F61/><W94/><G69/><T21/><D21/><U14/><E7/><V8/><F60/><W38/><G68/><T89/><D77/><U39/><E39/><V106/><F8/><W0/><G38/><T110/><D110/><U44/><E44/><V91/><F106/><W33/><G11/><T113/><D113/><U70/><E70/><V75/><F75/><W131/><G94/><T71/><D71/><U56/><E56/><V123/><F123/><W35/><G6/><T41/><D41/><U125/><E125/><V98/><F104/><W63/><G4/><N who="0" m="1295" /><D30/><AGARI ba="0,0" hai="14,15,28,30,31,84,86,87" m="12288,16384" machi="30" ten="70,12000,1" yaku="29,2,28,2,8,1" doraHai="134,53,32" who="1" fromWho="0" sc="230,-120,240,120,240,0,290,0" /><INIT seed="1,1,0,4,2,98" ten="110,360,240,290" oya="1" hai0="83,25,51,104,34,97,132,44,7,11,52,103,77" hai1="85,91,1,19,90,124,94,14,13,69,61,120,102" hai2="23,123,101,50,28,68,95,35,38,49,113,81,82" hai3="20,27,131,36,40,110,88,64,56,122,17,37,84"/><U128/><E120/><V111/><F123/><W26/><G122/><T66/><D132/><U45/><E1/><V0/><F0/><W65/><G110/><T58/><D34/><U10/><E128/><V22/><F38/><W6/><G131/><T5/><D25/><U121/><E121/><V71/><F111/><W125/><G125/><T8/><D7/><U134/><E134/><V48/><F113/><W30/><G6/><T60/><REACH who="0" step="1"/><D5/><REACH who="0" ten="100,360,240,290" step="2"/><U24/><E24/><V42/><F35/><W135/><G135/><T70/><D70/><U75/><E69/><V62/><F71/><W79/><G27/><T117/><D117/><U106/><E124/><V107/><F68/><W43/><G26/><T87/><AGARI ba="1,1" hai="8,11,44,51,52,58,60,66,77,83,87,97,103,104" machi="87" ten="20,12000,2" yaku="1,1,0,1,7,1,52,1,54,1,53,1" doraHai="98" doraHaiUra="73" who="0" fromWho="0" sc="100,133,360,-61,240,-31,290,-31" /><INIT seed="2,0,0,0,3,91" ten="233,299,209,259" oya="2" hai0="86,69,121,55,24,66,124,95,127,102,44,125,22" hai1="58,116,62,2,41,61,42,11,72,28,131,36,53" hai2="64,14,87,101,18,63,0,5,117,100,114,7,104" hai3="3,74,88,129,68,92,6,57,26,79,67,119,49"/><V43/><F117/><W118/><G129/><T56/><D121/><U128/><E72/><V65/><F114/><W23/><G68/><T54/><D69/><U113/><E113/><V82/><F43/><N who="1" m="16393" /><E36/><V38/><F38/><W16/><G79/><T135/><D135/><U39/><E39/><V59/><F65/><W34/><G74/><T73/><D73/><U130/><E28/><V133/><F133/><W70/><G70/><T80/><D44/><U52/><E116/><V71/><F71/><W98/><G34/><T31/><D80/><U107/><E107/><V105/><F105/><W21/><G6/><T30/><D30/><U108/><E108/><V85/><F85/><W89/><G3/><T122/><D122/><U111/><E111/><V126/><F126/><W45/><G67/><T106/><D106/><U90/><E90/><N who="2" m="51575" /><F0/><W93/><G57/><T109/><D109/><U29/><E29/><V19/><F19/><W4/><G21/><T17/><D17/><U35/><E35/><V10/><F104/><W40/><G4/><AGARI ba="0,0" hai="4,5,7,10,14,18,59,63,64,100,101" m="51575" machi="4" ten="30,1500,0" yaku="8,1" doraHai="91" who="2" fromWho="3" sc="233,0,299,0,209,15,259,-15" /><INIT seed="2,1,0,2,3,44" ten="233,299,224,244" oya="2" hai0="135,84,129,42,74,109,21,86,71,78,108,9,13" hai1="124,11,68,112,72,132,69,89,110,23,80,16,103" hai2="39,53,118,37,81,6,17,54,95,117,100,52,85" hai3="18,4,113,127,93,73,87,126,33,62,125,65,133"/><V43/><F6/><W105/><G105/><T34/><D34/><U59/><E112/><V14/><F117/><W104/><G104/><T22/><D71/><U41/><E103/><V31/><F31/><W88/><G73/><T102/><D102/><U55/><E41/><V131/><F118/><W29/><G133/><T115/><D115/><U64/><E64/><V49/><F131/><W2/><G113/><T116/><D116/><U134/><E110/><N who="0" m="42601" /><D135/><N who="1" m="51755" /><E11/><N who="2" m="6367" /><F39/><W106/><G106/><T20/><D42/><U63/><E124/><V57/><F37/><W56/><G18/><N who="0" m="8495" /><D129/><U51/><E63/><V130/><F43/><W123/><G123/><T128/><D128/><U35/><E35/><V97/><F130/><W3/><G4/><T101/><D101/><U32/><E32/><V119/><F119/><W75/><G75/><T92/><D92/><U82/><E82/><AGARI ba="1,0" hai="20,21,22,74,78,82,84,86" m="8495,42601" machi="82" ten="30,1000,0" yaku="14,1" doraHai="44" who="0" fromWho="1" sc="233,13,299,-13,224,0,244,0" /><INIT seed="3,0,0,1,5,10" ten="246,286,224,244" oya="3" hai0="107,18,86,51,13,3,111,98,122,88,38,121,95" hai1="30,45,89,42,66,130,58,68,126,101,124,41,2" hai2="70,115,14,99,28,43,5,11,54,39,37,103,33" hai3="84,49,120,55,29,64,6,34,19,73,133,63,96"/><W90/><G120/><T78/><D38/><U110/><E2/><V15/><F115/><W76/><G6/><T83/><D3/><U50/><E30/><V105/><F43/><N who="1" m="16393" /><E101/><V59/><F70/><W117/><G117/><T36/><D36/><U46/><E89/><V116/><F116/><W72/><G133/><T52/><D107/><U0/><E0/><V131/><F131/><W65/><G96/><T16/><D111/><U114/><E110/><V113/><F113/><W85/><G19/><T74/><D74/><U12/><E12/><V81/><F81/><W67/><G63/><T93/><D93/><U79/><E79/><V31/><F15/><W92/><G29/><T97/><D97/><U102/><E102/><V128/><F31/><W17/><G17/><T87/><D98/><U80/><E80/><V21/><F33/><W118/><G118/><T53/><D53/><N who="1" m="32055" /><E130/><V60/><REACH who="2" step="1"/><F128/><REACH who="2" ten="246,286,214,244" step="2"/><W56/><REACH who="3" step="1"/><G34/><REACH who="3" ten="246,286,214,234" step="2"/><T44/><D18/><U125/><E114/><V71/><F71/><W47/><G47/><T127/><D127/><U23/><E45/><V94/><F94/><W57/><G57/><T27/><D27/><AGARI ba="0,2" hai="5,11,14,21,27,28,37,39,54,59,60,99,103,105" machi="27" ten="40,5200,0" yaku="1,1,52,1,53,1" doraHai="10" doraHaiUra="8" who="2" fromWho="0" sc="246,-52,286,0,214,72,234,0" /><INIT seed="4,0,0,0,1,23" ten="194,286,286,234" oya="0" hai0="73,130,77,45,21,87,134,42,1,28,114,44,69" hai1="34,94,127,15,97,99,43,105,95,93,113,10,75" hai2="47,102,56,26,11,84,17,20,51,67,133,18,31" hai3="25,108,63,106,6,110,68,132,41,86,4,22,76"/><T70/><D73/><U37/><E34/><V115/><F115/><W58/><G106/><T3/><D114/><U119/><E113/><V35/><F133/><W82/><G68/><T89/><D134/><U111/><E111/><V60/><F102/><W90/><G132/><T123/><D123/><U55/><E75/><V107/><F107/><W33/><G33/><T92/><D130/><U50/><E119/><V40/><F11/><W126/><G41/><T61/><D45/><N who="1" m="25919" /><E37/><V59/><F84/><W101/><G101/><T9/><D77/><U128/><E105/><V53/><F35/><W129/><G126/><T91/><D91/><U14/><E127/><V48/><AGARI ba="0,0" hai="17,18,20,26,31,40,47,48,51,53,56,59,60,67" machi="48" ten="20,5200,0" yaku="0,1,7,1,8,1,52,1" doraHai="23" who="2" fromWho="2" sc="194,-26,286,-13,286,52,234,-13" owari="168,-33.2,273,7.3,338,43.8,221,-17.9" /></mjloggm>