<mjloggm ver="2.3"><GO type="225" lobby="0"/><UN n0="%E4%BA%BA%E9%96%93%E3%83%81%E3%83%A3%E3%83%BC%E3%83%8F%E3%83%B3" n1="%33%74%72%65%65" n2="%E6%B8%A9%E2%98%85%E6%83%85%E2%98%85%E6%8E%AA%E2%98%85%E7%BD%AE" n3="%E3%81%AF%E3%82%88%E3%81%8A%E3%81%98%E3%81%95%E3%82%93" dan="16,16,18,17" rate="2114.65,2145.05,2208.96,2164.99" sx="M,F,M,M"/><TAIKYOKU oya="0"/><INIT seed="0,0,0,5,5,98" ten="250,250,250,250" oya="0" hai0="27,116,131,24,92,36,58,59,13,70,105,38,106" hai1="71,65,82,28,77,37,72,16,109,100,93,61,115" hai2="48,56,47,41,129,35,86,40,49,26,132,52,76" hai3="18,3,79,87,39,30,84,88,103,25,57,42,83"/><T15/><D116/><U128/><E109/><V111/><F111/><W12/><G3/><T11/><D92/><U75/><E128/><V125/><F129/><W45/><G57/><T32/><D131/><U10/><E115/><V74/><F132/><W43/><G43/><T96/><D96/><U63/><E37/><V8/><F125/><W110/><G110/><T133/><D11/><U102/><E75/><V80/><F8/><W14/><G18/><T127/><D32/><U68/><E28/><V33/><F41/><W130/><G130/><T117/><D117/><U60/><E93/><V134/><F134/><W23/><REACH who="3" step="1"/><G103/><REACH who="3" ten="250,250,250,240" step="2"/><T135/><REACH who="0" step="1"/><D70/><REACH who="0" ten="240,250,250,240" step="2"/><U53/><E71/><V85/><REACH who="2" step="1"/><F35/><REACH who="2" ten="240,250,240,240" step="2"/><W123/><G123/><T94/><D94/><AGARI ba="0,3" hai="12,14,23,25,30,39,42,45,79,83,84,87,88,94" machi="94" ten="30,3900,0" yaku="1,1,7,1,54,1,53,0" doraHai="98" doraHaiUra="54" who="3" fromWho="0" sc="240,-39,250,0,240,0,240,69" /><INIT seed="1,0,0,2,3,18" ten="201,250,240,309" oya="1" hai0="50,33,17,31,32,80,103,4,97,6,114,118,75" hai1="20,109,110,120,43,1,115,56,9,124,132,67,128" hai2="37,134,93,71,58,44,90,101,47,59,82,135,76" hai3="57,26,127,51,131,19,11,111,48,63,62,40,129"/><U10/><E115/><V21/><F71/><W106/><G106/><T86/><D114/><U78/><E120/><V73/><F101/><W119/><G111/><N who="1" m="42506" /><E128/><N who="3" m="49226" /><G127/><T74/><D118/><U95/><E132/><N who="2" m="50731" /><F21/><N who="3" m="13631" /><G119/><T87/><D50/><U61/><E124/><V25/><F25/><W91/><G91/><T130/><D130/><U112/><E112/><V84/><F37/><W100/><G100/><T65/><D65/><U41/><E78/><V24/><F24/><W102/><G102/><T52/><D103/><U3/><E95/><V13/><F13/><W121/><G121/><T8/><D75/><U27/><E1/><V36/><F36/><W105/><G105/><T53/><D74/><U35/><E35/><V126/><F126/><W42/><G11/><N who="1" m="4106" /><E3/><V34/><F34/><W14/><G14/><T116/><D8/><U39/><E39/><V88/><F90/><W29/><G29/><AGARI ba="0,0" hai="20,27,29,41,43,56,61,67" m="4106,42506" machi="29" ten="30,5800,0" yaku="14,1,10,1,52,1" doraHai="18" who="1" fromWho="3" sc="201,0,250,58,240,0,309,-58" /><INIT seed="1,1,0,2,0,126" ten="201,308,240,251" oya="1" hai0="54,3,9,128,102,111,77,5,18,49,59,1,42" hai1="90,114,76,56,93,107,32,4,115,8,70,86,40" hai2="37,20,71,15,22,28,120,31,58,0,14,105,103" hai3="12,82,34,65,72,63,135,88,29,7,134,112,43"/><U45/><E70/><V133/><F71/><W74/><G112/><T87/><D111/><U108/><E108/><V122/><F37/><W25/><G43/><T113/><D113/><U94/><E107/><V96/><F0/><W47/><G47/><T44/><D1/><U132/><E32/><V41/><F41/><W30/><G30/><T19/><D102/><U23/><E132/><N who="3" m="50730" /><G12/><T13/><D128/><U75/><E45/><V10/><F15/><W79/><G7/><T130/><D130/><U53/><E40/><V61/><F133/><W55/><G55/><T100/><D100/><U52/><E53/><V27/><F22/><W69/><G88/><T97/><D97/><U106/><E23/><V11/><F31/><W21/><G21/><T98/><D98/><U38/><E8/><V124/><F11/><W119/><G74/><T67/><D67/><U2/><E4/><V26/><F26/><W125/><G125/><T6/><D6/><U84/><E2/><V118/><F124/><W50/><G50/><T62/><D3/><U78/><E38/><V80/><F14/><W33/><G34/><T91/><D91/><N who="1" m="53479" /><E114/><V48/><F10/><W66/><G65/><T121/><D121/><U110/><E115/><V85/><F122/><W57/><G57/><T68/><D68/><U123/><E110/><V81/><F120/><W104/><G104/><T117/><D117/><AGARI ba="1,0" hai="25,29,33,63,66,69,72,79,82,117,119" m="50730" machi="117" ten="30,2000,0" yaku="20,1,23,1" doraHai="126" who="3" fromWho="0" sc="201,-23,308,0,240,0,251,23" /><INIT seed="2,0,0,1,1,0" ten="178,308,240,274" oya="2" hai0="135,127,91,109,43,129,28,48,80,4,113,55,11" hai1="131,103,50,132,31,133,33,106,64,1,85,100,58" hai2="68,74,73,18,12,117,20,32,77,111,2,26,19" hai3="44,104,34,72,69,102,114,112,27,89,14,83,94"/><V23/><F117/><W25/><G69/><T66/><D113/><N who="3" m="43625" /><G34/><T126/><D109/><U30/><E131/><V17/><F111/><W51/><G104/><T107/><D107/><U105/><E1/><V78/><F68/><W88/><G102/><N who="1" m="38954" /><E85/><V24/><F2/><W81/><G14/><T15/><D129/><U36/><E36/><V41/><F41/><N who="3" m="24975" /><G89/><T61/><D135/><N who="1" m="51787" /><E30/><V118/><F118/><W42/><G42/><T40/><D28/><U13/><E13/><V70/><F70/><W53/><G53/><T56/><D80/><N who="3" m="30793" /><G72/><N who="2" m="27753" /><F12/><W63/><G63/><T108/><D108/><U7/><E33/><V9/><F32/><W54/><G54/><T46/><REACH who="0" step="1"/><D91/><REACH who="0" ten="168,308,240,274" step="2"/><U101/><E106/><V79/><F9/><W98/><AGARI ba="0,1" hai="25,27,88,94,98" m="30793,24975,43625" machi="98" ten="30,2000,0" yaku="11,1,54,1" doraHai="0" who="3" fromWho="3" sc="168,-5,308,-5,240,-10,274,30" /><INIT seed="3,0,0,0,5,44" ten="163,303,230,304" oya="3" hai0="77,39,104,122,20,50,95,41,80,90,33,102,36" hai1="37,116,58,38,108,21,83,10,56,70,30,86,112" hai2="106,68,29,55,25,98,81,121,89,119,60,64,57" hai3="67,46,1,85,32,12,88,69,93,52,14,133,128"/><W45/><G1/><T123/><D33/><U65/><E112/><V49/><F119/><W6/><G32/><T3/><D3/><U118/><E108/><V2/><F2/><W135/><G128/><T26/><D122/><U5/><E70/><V131/><F131/><W23/><G45/><T13/><D123/><U59/><E65/><V94/><F121/><W126/><G126/><T130/><D130/><U78/><E30/><V4/><F4/><W105/><G105/><T63/><D13/><N who="1" m="5327" /><E21/><V96/><F81/><W7/><G67/><T129/><D129/><U72/><E72/><V132/><F132/><N who="3" m="50763" /><G69/><T99/><D63/><U101/><E101/><V15/><F15/><N who="3" m="5675" /><G23/><T73/><D41/><U18/><E18/><V8/><F8/><W9/><G9/><T19/><REACH who="0" step="1"/><D50/><AGARI ba="0,0" hai="6,7,46,50,52,85,88,93" m="5675,50763" machi="50" ten="30,11600,0" yaku="20,1,52,1,54,2" doraHai="44" who="3" fromWho="0" sc="163,-116,303,0,230,0,304,116" owari="47,-45.3,303,10.3,230,-17.0,420,52.0" /></mjloggm>