<mjloggm ver="2.3"><GO type="225" lobby="0"/><UN n0="%E3%83%97%E3%83%AC%E3%83%B4%E3%82%A1%E3%83%86%E3%82%A3" n1="%43%68%65" n2="%E5%8F%AF%E5%85%90%E9%82%A3%E7%94%B1%E5%A4%9A" n3="%E5%B0%8F%E9%B3%A5%E9%81%8A%E7%B7%B4%E7%84%A1%32%31%E6%AD%B3" dan="16,16,16,16" rate="2095.31,2167.22,2207.45,2188.26" sx="F,M,F,F"/><TAIKYOKU oya="0"/><INIT seed="0,0,0,0,2,85" ten="250,250,250,250" oya="0" hai0="76,99,129,17,111,70,9,69,96,10,25,134,67" hai1="37,123,42,84,105,62,48,35,47,120,91,64,124" hai2="101,33,52,12,108,38,83,34,32,94,29,23,66" hai3="132,86,24,87,22,95,135,107,114,28,103,122,71"/><T115/><D115/><U15/><E124/><V113/><F113/><W7/><G114/><T109/><D76/><U39/><E105/><V90/><F38/><W106/><G71/><N who="0" m="27147" /><D67/><U21/><E35/><V30/><F66/><W117/><G117/><T14/><D25/><U74/><E74/><V116/><F116/><W55/><G7/><T110/><D134/><N who="3" m="51241" /><G122/><T2/><D129/><U18/><E39/><V79/><F101/><W19/><G28/><T40/><D40/><U81/><REACH who="1" step="1"/><E37/><REACH who="1" ten="250,240,250,250" step="2"/><V72/><F32/><W102/><G107/><T80/><D80/><U54/><E54/><V56/><F33/><W8/><G106/><T133/><D133/><U60/><E60/><V68/><F34/><W119/><G55/><T51/><D51/><U78/><E78/><V126/><F126/><W89/><G119/><T26/><D26/><U63/><E63/><V125/><F125/><W27/><G24/><T5/><AGARI ba="0,1" hai="2,5,9,10,14,17,96,99,109,110,111" m="27147" machi="5" ten="40,3900,0" yaku="14,1,10,1" doraHai="85" who="0" fromWho="0" sc="250,49,240,-13,250,-13,250,-13" /><INIT seed="0,1,0,3,2,25" ten="299,227,237,237" oya="0" hai0="132,12,53,79,66,82,55,46,134,57,51,107,36" hai1="11,47,115,88,99,114,102,4,86,14,9,96,49" hai2="133,108,63,93,41,3,30,75,24,5,37,73,61" hai3="38,120,69,67,64,83,59,19,23,97,81,122,13"/><T113/><D107/><U92/><E11/><V85/><F108/><W7/><G38/><T100/><D100/><U48/><E99/><V56/><F133/><N who="0" m="51306" /><D12/><U128/><E128/><V68/><F68/><W106/><G69/><T129/><D129/><U0/><E0/><V21/><F63/><W31/><G7/><T52/><D113/><N who="1" m="43019" /><E47/><V33/><F33/><W17/><G59/><T98/><D98/><U131/><E131/><V2/><F41/><W101/><G17/><T65/><D82/><AGARI ba="1,0" hai="4,9,14,48,49,82,86,88,92,96,102" m="43019" machi="82" ten="30,2000,0" yaku="11,1,54,1" doraHai="25" who="1" fromWho="0" sc="299,-23,227,23,237,0,237,0" /><INIT seed="1,0,0,2,1,22" ten="276,250,237,237" oya="1" hai0="25,23,117,48,126,24,99,11,75,80,42,97,66" hai1="79,19,100,106,2,111,88,60,81,109,82,67,77" hai2="0,55,37,116,5,132,122,18,134,62,13,43,10" hai3="31,7,133,93,110,102,114,105,3,4,72,70,131"/><U12/><E2/><V1/><F116/><W94/><G94/><T16/><D117/><U28/><E28/><V51/><F122/><W129/><G93/><T98/><D126/><U39/><E39/><V125/><F125/><W21/><G102/><T45/><D66/><U118/><E118/><V44/><F62/><W90/><G90/><T85/><D75/><U112/><E112/><V63/><F63/><W35/><G70/><T95/><D11/><U78/><E100/><V53/><F53/><W84/><G84/><T135/><D135/><N who="2" m="51754" /><F5/><N who="3" m="2123" /><G105/><T41/><D41/><U130/><E106/><V32/><F32/><W29/><G72/><T6/><D6/><U59/><E130/><N who="3" m="49674" /><G110/><N who="1" m="41994" /><E88/><V121/><F121/><W61/><G61/><T33/><D33/><U74/><E74/><V65/><F65/><W57/><G57/><AGARI ba="0,0" hai="0,1,10,13,18,37,43,44,51,55,57" m="51754" machi="57" ten="30,1000,0" yaku="20,1" doraHai="22" who="2" fromWho="3" sc="276,0,250,0,237,10,237,-10" /><INIT seed="2,0,0,0,3,42" ten="276,250,247,227" oya="2" hai0="83,102,12,111,115,43,110,6,53,28,78,60,94" hai1="79,51,118,59,76,35,117,5,88,9,46,126,133" hai2="106,3,65,107,100,58,116,93,41,32,21,33,70" hai3="95,84,86,80,119,31,105,61,13,68,26,52,89"/><V132/><F116/><W127/><G105/><T87/><D115/><U120/><E35/><V108/><F3/><W90/><G119/><T2/><D2/><U130/><E130/><V56/><F70/><W81/><G127/><T91/><D28/><U16/><E126/><V113/><F113/><W11/><G68/><T18/><D6/><U101/><E101/><V0/><F0/><W57/><G95/><T45/><D102/><U8/><E133/><V14/><F41/><W98/><G98/><T103/><D103/><U75/><E120/><V63/><F132/><W15/><REACH who="3" step="1"/><G11/><REACH who="3" ten="276,250,247,217" step="2"/><T30/><D110/><U34/><E9/><V125/><F125/><W104/><G104/><T29/><D111/><U66/><E8/><V112/><F108/><W40/><G40/><T54/><D94/><U114/><E118/><V27/><F112/><W97/><G97/><T129/><D129/><U92/><E117/><V37/><F106/><W72/><G72/><T7/><D91/><U123/><E75/><V85/><F107/><W122/><G122/><T10/><D7/><U128/><E5/><V17/><F100/><W25/><G25/><T96/><D96/><U109/><E109/><V131/><F131/><W50/><G50/><N who="0" m="28879" /><D43/><U121/><E121/><V135/><F135/><W69/><G69/><T71/><D71/><U74/><E123/><V77/><F93/><W1/><G1/><T44/><D60/><N who="1" m="38175" /><E114/><V20/><F63/><W4/><G4/><T38/><D38/><U55/><E128/><V124/><F124/><W19/><G19/><T73/><D73/><U99/><E74/><RYUUKYOKU ba="0,1" sc="276,15,250,-15,247,-15,217,15" hai0="10,12,18,29,30,44,54,78,83,87" hai3="13,15,26,31,52,57,61,80,81,84,86,89,90" /><INIT seed="3,1,1,2,4,17" ten="291,235,232,232" oya="3" hai0="96,56,108,16,40,21,113,9,3,76,87,8,119" hai1="125,50,131,90,111,84,115,133,81,33,69,107,23" hai2="123,34,11,67,130,22,75,89,65,135,134,42,54" hai3="5,2,48,52,116,92,31,66,94,18,6,57,41"/><W121/><G116/><T60/><D119/><U95/><E115/><V13/><F34/><W70/><G121/><T112/><D108/><U91/><E107/><V19/><F75/><W74/><G74/><T39/><D3/><U20/><E33/><V24/><F123/><W37/><G31/><T25/><D39/><U85/><E111/><V128/><F42/><W118/><G118/><T129/><D40/><U1/><E1/><V101/><F101/><W109/><G109/><T68/><D68/><U103/><E69/><V71/><F54/><W93/><G2/><T43/><D43/><U49/><E125/><V80/><F80/><W58/><G58/><T28/><D28/><U77/><E131/><N who="2" m="50219" /><F89/><N who="1" m="33801" /><E133/><N who="2" m="50699" /><F71/><W72/><G18/><AGARI ba="1,1" hai="11,13,18,19,22,24,65,67" m="50699,50219" machi="18" ten="30,3900,0" yaku="19,1,20,1,52,1" doraHai="17" who="2" fromWho="3" sc="291,0,235,0,232,52,232,-42" /><INIT seed="4,0,0,5,3,94" ten="291,235,284,190" oya="0" hai0="82,17,130,98,112,76,97,49,44,128,135,30,73" hai1="125,129,108,31,38,47,83,66,101,86,87,14,67" hai2="21,71,15,57,48,54,3,84,29,131,20,42,12" hai3="90,50,75,11,35,34,96,121,32,7,27,114,6"/><T5/><D112/><U41/><E108/><V95/><F3/><W85/><G114/><T127/><D30/><U124/><E129/><N who="0" m="49769" /><D127/><N who="1" m="48715" /><E31/><V25/><F131/><W46/><G75/><T122/><D122/><U56/><E101/><V18/><F71/><W79/><G121/><T111/><D111/><U22/><E56/><V115/><F115/><W2/><G6/><T19/><D5/><U119/><E119/><V59/><F42/><W61/><G61/><T100/><D135/><U117/><E117/><V36/><F36/><W133/><G79/><T0/><D0/><U78/><E87/><V72/><F72/><W77/><G77/><T103/><D103/><U58/><E58/><N who="2" m="33095" /><F12/><W106/><G133/><T109/><D109/><U99/><E99/><N who="0" m="37897" /><D100/><U65/><E65/><V110/><F110/><W37/><G106/><T33/><D33/><U69/><E69/><V74/><F74/><W116/><G116/><T132/><D132/><U1/><E1/><V16/><F29/><W80/><G37/><T102/><D102/><U120/><E120/><V13/><F13/><W105/><G105/><T70/><D70/><U64/><E64/><V126/><F126/><W52/><REACH who="3" step="1"/><G96/><REACH who="3" ten="291,235,284,180" step="2"/><T28/><D28/><AGARI ba="0,1" hai="2,7,11,27,28,32,34,35,46,50,52,80,85,90" machi="28" ten="40,5200,0" yaku="1,1,2,1,54,1,53,0" doraHai="94" doraHaiUra="89" who="3" fromWho="0" sc="291,-52,235,0,284,0,180,62" /><INIT seed="5,0,0,3,1,67" ten="239,235,284,242" oya="1" hai0="89,92,82,95,101,115,84,22,19,5,15,14,130" hai1="46,131,90,40,8,7,30,78,11,66,13,111,120" hai2="63,104,34,45,21,39,107,73,127,3,26,68,43" hai3="47,72,87,62,59,1,25,41,4,79,60,128,126"/><U110/><E120/><V24/><F127/><W102/><G87/><T105/><D115/><U29/><E131/><V125/><F125/><W113/><G128/><T109/><D130/><U38/><E78/><V2/><F73/><W31/><G113/><T51/><D109/><N who="1" m="41483" /><E66/><N who="2" m="41055" /><F21/><W129/><G102/><T91/><D105/><N who="2" m="40522" /><F26/><W74/><G129/><T10/><D101/><U44/><E90/><V65/><F65/><W122/><G72/><T98/><D51/><U58/><E58/><V114/><F114/><W55/><G126/><T106/><D106/><U54/><E11/><V108/><F108/><W103/><G79/><T52/><D52/><U27/><E27/><V20/><F20/><W61/><G74/><T35/><D35/><U132/><E132/><V75/><F75/><W28/><G25/><T99/><D82/><U18/><E18/><V80/><F80/><W48/><G103/><T123/><D84/><U71/><E71/><V117/><F117/><W96/><G96/><T42/><REACH who="0" step="1"/><D123/><REACH who="0" ten="229,235,284,242" step="2"/><U119/><E119/><V23/><F34/><W97/><G122/><T33/><D33/><U100/><E100/><V36/><F36/><W9/><REACH who="3" step="1"/><G97/><REACH who="3" ten="229,235,284,232" step="2"/><T70/><D70/><U94/><E38/><AGARI ba="0,2" hai="1,4,9,28,31,38,41,47,48,55,59,60,61,62" machi="38" ten="40,5200,0" yaku="1,1,2,1,53,1" doraHai="67" doraHaiUra="37" who="3" fromWho="1" sc="229,0,235,-52,284,0,232,72" owari="229,-17.1,183,-31.7,284,8.4,304,40.4" /></mjloggm>