<mjloggm ver="2.3"><GO type="225" lobby="0"/><UN n0="%E6%A1%9C%E8%8A%B1%E9%96%83%E3%80%85" n1="%E9%80%86%E9%80%A3%E5%B8%AF%E3%81%AE%E9%AC%BC" n2="%72%69%6F%75%63%68%61%6E" n3="%E3%82%B7%E3%83%B3%E5%A4%AA%E6%9C%97" dan="17,16,17,16" rate="2244.09,2098.63,2242.29,2128.21" sx="M,M,M,M"/><TAIKYOKU oya="0"/><INIT seed="0,0,0,3,4,59" ten="250,250,250,250" oya="0" hai0="84,120,24,54,97,4,126,101,26,42,66,107,112" hai1="19,57,123,67,35,134,12,124,10,60,110,30,135" hai2="43,95,63,119,29,121,39,77,41,21,128,82,52" hai3="87,18,72,50,45,53,104,27,62,1,44,61,40"/><T114/><D120/><U102/><E124/><V65/><F121/><W133/><G72/><T88/><D126/><U85/><E123/><V71/><F128/><W125/><G1/><T20/><D42/><U15/><E110/><V55/><F119/><W28/><G104/><T0/><D54/><U106/><E85/><V13/><F95/><W58/><G125/><T105/><D105/><U98/><REACH who="1" step="1"/><E15/><REACH who="1" ten="250,240,250,250" step="2"/><V108/><F108/><W47/><G133/><T5/><D0/><U94/><E94/><V78/><F13/><W34/><G40/><T127/><D127/><U86/><E86/><V130/><F130/><W8/><REACH who="3" step="1"/><G87/><REACH who="3" ten="250,240,250,240" step="2"/><T37/><D84/><U116/><E116/><V49/><F41/><W103/><G103/><T132/><D101/><U33/><E33/><V74/><F43/><W92/><G92/><T122/><D107/><U38/><E38/><V93/><F39/><W51/><G51/><T79/><D122/><U117/><E117/><V90/><F49/><W36/><G36/><T70/><D132/><U69/><E69/><V100/><F100/><W64/><G64/><T25/><D37/><U76/><E76/><V22/><F78/><W75/><G75/><T89/><D79/><U91/><E91/><V113/><F90/><W46/><N who="3" m="11264" /><DORA hai="17" /><W99/><G99/><T80/><D89/><U7/><E7/><V131/><F93/><W96/><G96/><T6/><D97/><U32/><E32/><V68/><F131/><W11/><G11/><T118/><D118/><U73/><E73/><V31/><F74/><W111/><G111/><T129/><D129/><RYUUKYOKU ba="0,2" sc="250,-15,240,15,250,-15,240,15" hai1="10,12,19,30,35,57,60,67,98,102,106,134,135" hai3="8,18,27,28,34,50,53,58,61,62" /><INIT seed="1,1,2,3,4,54" ten="235,255,235,255" oya="1" hai0="97,127,29,36,81,58,104,45,20,105,35,53,117" hai1="78,7,86,114,107,44,15,91,112,41,22,124,60" hai2="4,130,131,79,6,102,12,98,67,50,126,106,87" hai3="16,51,116,69,63,48,94,38,18,27,40,24,85"/><U101/><E124/><V121/><F121/><W89/><G116/><T80/><D117/><U132/><E132/><V1/><F126/><W55/><G38/><T23/><D35/><U43/><E78/><V90/><F1/><W75/><G75/><T42/><D127/><U28/><E28/><V115/><F115/><W125/><G125/><T33/><D33/><U32/><E32/><V120/><F120/><W21/><G69/><T8/><D8/><U109/><E109/><V74/><F67/><W119/><G119/><T2/><D2/><U19/><E7/><V30/><F30/><W84/><G84/><T73/><D20/><U133/><E133/><V9/><F4/><W129/><G129/><T70/><D70/><U34/><E34/><V11/><F11/><W71/><G71/><T57/><D57/><U113/><E107/><V135/><F135/><W72/><G72/><T59/><D59/><U37/><E101/><V110/><F110/><W76/><G76/><T99/><D104/><U68/><E43/><V62/><F62/><W123/><G123/><T100/><D97/><U31/><E31/><V39/><F50/><W46/><G63/><N who="0" m="36303" /><D73/><U25/><E25/><N who="3" m="9802" /><G21/><T13/><D29/><U96/><E96/><V66/><F66/><W5/><G5/><T108/><D108/><U14/><E14/><V26/><F26/><W65/><G65/><T103/><D103/><U134/><E134/><V49/><F39/><W0/><G0/><T3/><D3/><U82/><E68/><V10/><F74/><W64/><G64/><T52/><D52/><U47/><E60/><RYUUKYOKU ba="1,2" sc="235,10,255,10,235,-30,255,10" hai0="13,23,36,42,45,80,81,99,100,105" hai1="15,19,22,37,41,44,47,82,86,91,112,113,114" hai3="16,18,40,46,48,51,55,85,89,94" /><INIT seed="1,2,2,3,2,25" ten="245,265,205,265" oya="1" hai0="18,12,66,9,91,83,96,32,87,124,90,60,114" hai1="14,93,30,112,132,29,5,41,39,75,46,107,128" hai2="59,40,15,94,38,82,76,122,33,68,47,100,69" hai3="127,73,65,118,35,21,54,97,1,22,77,61,67"/><U123/><E112/><V37/><F122/><W111/><G35/><T131/><D114/><U13/><E107/><V58/><F37/><W121/><G121/><T64/><D131/><U48/><E75/><V4/><F33/><W81/><G1/><T49/><D124/><U89/><E128/><V7/><F59/><W16/><G111/><T129/><D129/><U88/><E132/><V95/><F58/><W44/><G127/><T116/><D116/><U28/><E123/><V10/><F4/><W19/><G118/><T0/><D32/><U79/><E79/><V50/><F38/><W78/><G78/><T120/><D0/><U135/><E135/><V11/><F11/><W110/><G110/><T113/><D113/><U119/><E119/><V102/><F95/><W57/><G97/><T26/><D60/><U74/><E74/><V42/><F42/><W130/><G130/><T34/><D49/><U126/><E126/><V27/><F27/><W105/><G105/><T52/><D52/><U24/><E39/><V63/><F94/><W71/><G44/><T133/><D133/><U2/><E24/><V134/><F134/><W84/><G73/><T108/><D108/><U31/><N who="1" m="7168" /><DORA hai="55" /><U86/><REACH who="1" step="1"/><E89/><REACH who="1" ten="245,255,205,265" step="2"/><V3/><F3/><W98/><G77/><T85/><D120/><U43/><E43/><V101/><REACH who="2" step="1"/><F63/><REACH who="2" ten="245,255,195,265" step="2"/><W36/><G61/><T80/><D26/><U56/><E56/><V45/><F45/><W104/><G57/><T6/><D34/><U92/><E92/><V109/><F109/><W106/><G36/><T99/><D6/><U62/><E62/><RYUUKYOKU ba="2,4" sc="245,10,255,10,195,10,265,-30" hai0="9,12,18,64,66,80,83,85,87,90,91,96,99" hai1="2,5,13,14,41,46,48,86,88,93" hai2="7,10,15,40,47,50,68,69,76,82,100,101,102" /><INIT seed="1,3,4,5,2,2" ten="255,265,205,235" oya="1" hai0="22,51,12,87,19,79,11,116,99,55,45,48,35" hai1="10,77,129,92,46,66,60,58,112,133,111,81,32" hai2="18,130,102,0,50,82,4,57,25,21,109,119,115" hai3="28,128,103,34,120,84,85,53,47,38,93,27,17"/><U97/><E112/><V64/><F109/><W104/><G120/><T117/><D35/><U15/><E111/><V20/><F119/><W88/><G128/><T76/><D116/><U107/><E133/><V56/><F130/><W59/><G104/><T135/><D117/><U6/><E32/><V71/><F115/><W1/><G1/><T70/><D70/><U23/><E107/><V5/><F102/><W69/><G69/><T73/><D73/><U54/><E129/><V83/><F0/><W49/><G103/><T118/><D118/><U9/><E9/><V91/><F71/><W98/><REACH who="3" step="1"/><G17/><REACH who="3" ten="255,265,205,225" step="2"/><N who="0" m="8351" /><D135/><U36/><E36/><V96/><F20/><W16/><G16/><T75/><D75/><U52/><E23/><V14/><F14/><W24/><G24/><N who="0" m="14431" /><D99/><U63/><E15/><V29/><F18/><W123/><G123/><T40/><D87/><U62/><E97/><V122/><F122/><W44/><G44/><AGARI ba="3,5" hai="40,44,45,48,51,55,76,79" m="14431,8351" machi="44" ten="30,1000,0" yaku="8,1" doraHai="2" who="0" fromWho="3" sc="255,69,265,0,205,0,225,-19" /><INIT seed="2,0,0,1,5,7" ten="324,265,205,206" oya="2" hai0="65,122,120,95,28,52,92,27,58,110,126,82,61" hai1="73,0,123,17,23,118,22,14,66,86,90,133,135" hai2="132,75,6,91,69,64,54,36,98,85,12,30,77" hai3="105,53,97,76,113,134,114,130,128,2,44,32,68"/><V9/><F36/><W131/><G68/><T29/><D110/><U67/><E73/><V107/><F132/><W46/><G32/><T63/><D126/><U87/><E118/><V25/><F75/><W15/><G2/><T102/><D82/><U62/><E0/><V93/><F54/><W127/><G134/><T37/><D37/><U31/><E123/><V42/><F42/><W1/><G1/><T4/><D4/><U96/><E96/><V33/><F77/><W111/><G111/><T41/><D41/><U13/><E62/><V72/><F72/><W112/><G127/><T99/><D92/><U19/><E31/><V84/><REACH who="2" step="1"/><F107/><REACH who="2" ten="324,265,195,206" step="2"/><W40/><G76/><T18/><D122/><U79/><E79/><V106/><F106/><W115/><G53/><T124/><D120/><U103/><E135/><V78/><F78/><W43/><G115/><T20/><D124/><U55/><E133/><V26/><F26/><W109/><G109/><T5/><D5/><U51/><E55/><V50/><F50/><W89/><G43/><T59/><AGARI ba="0,1" hai="18,20,27,28,29,52,58,59,61,63,65,95,99,102" machi="59" ten="20,5200,0" yaku="0,1,7,1,8,1,54,1" doraHai="7" who="0" fromWho="0" sc="324,62,265,-13,195,-26,206,-13" /><INIT seed="3,0,0,2,2,86" ten="386,252,169,193" oya="3" hai0="19,30,26,127,114,84,15,75,133,20,14,94,99" hai1="76,11,29,109,0,85,112,116,35,7,38,57,111" hai2="28,5,62,106,2,36,105,123,49,12,65,39,103" hai3="60,66,69,117,53,130,108,125,52,135,70,10,102"/><W8/><G117/><T24/><D75/><U120/><E116/><V81/><F123/><W134/><G130/><T3/><D3/><U95/><E120/><V33/><F12/><W68/><G125/><T72/><D72/><U115/><E38/><N who="2" m="14379" /><F49/><W100/><G108/><N who="1" m="41546" /><E57/><V131/><F131/><W89/><G89/><T41/><D133/><N who="3" m="50697" /><G60/><T63/><D84/><U129/><E129/><V46/><F46/><W96/><G66/><T47/><D114/><U90/><E76/><V21/><F21/><W88/><G88/><T110/><D63/><U119/><E119/><V83/><F83/><W122/><G122/><T32/><D127/><U92/><E92/><V31/><F81/><W56/><G56/><T45/><D110/><U124/><E124/><V58/><F28/><W80/><G80/><T74/><D74/><U126/><E126/><V91/><F91/><W1/><G1/><T27/><D45/><U6/><E115/><V9/><F103/><N who="3" m="39467" /><G96/><T101/><D14/><U34/><E112/><V4/><F4/><W118/><G118/><T82/><D82/><U77/><E77/><V67/><F65/><W48/><G48/><AGARI ba="0,0" hai="15,19,20,24,26,27,30,32,41,47,48,94,99,101" machi="48" ten="30,1000,0" yaku="7,1" doraHai="86" who="0" fromWho="3" sc="386,10,252,0,169,0,193,-10" owari="396,49.6,252,5.2,169,-33.1,183,-21.7" /></mjloggm>