<mjloggm ver="2.3"><GO type="225" lobby="0"/><UN n0="%E3%81%86%E3%81%A9%E3%82%93%E3%81%93" n1="%E2%98%86%41%64%72%69%61%6E" n2="%72%61%6B%33" n3="%E3%81%A9%E3%82%8F%E3%82%93%E3%81%94" dan="16,17,16,16" rate="2127.94,2185.35,2089.00,2071.38" sx="M,M,M,M"/><TAIKYOKU oya="0"/><INIT seed="0,0,0,1,3,117" ten="250,250,250,250" oya="0" hai0="67,106,24,0,93,77,12,48,113,52,61,102,63" hai1="33,116,64,107,126,2,54,73,88,128,13,80,59" hai2="122,114,85,99,19,38,3,20,36,8,18,74,115" hai3="127,21,109,83,72,11,62,69,17,15,28,46,123"/><T45/><D0/><U103/><E116/><V125/><F74/><W90/><G109/><T104/><D113/><U87/><E2/><V58/><F125/><W71/><G127/><T37/><D37/><U101/><E126/><V60/><F122/><W29/><G123/><T16/><D24/><U118/><E33/><V50/><F50/><W47/><G72/><T34/><D34/><U96/><E118/><V98/><F85/><N who="3" m="50495" /><G71/><T82/><D93/><U9/><E128/><V130/><F130/><W43/><G69/><T42/><D42/><U133/><E133/><V6/><F36/><W57/><G43/><T89/><D89/><U124/><E124/><V134/><F38/><W7/><G7/><T81/><D81/><U108/><E108/><V94/><F134/><W26/><G29/><T41/><D41/><U14/><E73/><V121/><F121/><W55/><AGARI ba="0,0" hai="11,15,17,21,26,28,46,47,55,57,62" m="50495" machi="55" ten="30,1100,0" yaku="8,1" doraHai="117" who="3" fromWho="3" sc="250,-5,250,-3,250,-3,250,11" /><INIT seed="1,0,0,0,0,92" ten="245,247,247,261" oya="1" hai0="134,75,127,47,80,40,26,130,20,39,107,85,99" hai1="12,114,44,8,77,74,51,91,6,104,124,101,126" hai2="135,89,110,87,35,70,98,76,111,122,119,33,45" hai3="17,15,36,22,52,108,65,133,11,19,112,23,41"/><U37/><E114/><V49/><F119/><W103/><G112/><T43/><D130/><U72/><E37/><V109/><F122/><W82/><G65/><T28/><D134/><U25/><E25/><V129/><F70/><W73/><G133/><T84/><D127/><N who="1" m="48683" /><E77/><V93/><F135/><W132/><G132/><T94/><D107/><U68/><E91/><V106/><F129/><W42/><G36/><T78/><REACH who="0" step="1"/><D43/><REACH who="0" ten="235,247,247,261" step="2"/><N who="1" m="24991" /><E68/><V121/><F121/><W95/><G42/><T53/><D53/><U46/><E46/><V55/><F106/><W69/><G69/><T116/><D116/><U59/><E59/><V115/><F115/><W60/><G41/><T48/><D48/><U13/><E13/><V30/><F49/><W61/><G52/><T21/><D21/><U5/><E5/><V10/><F55/><W79/><G23/><T90/><AGARI ba="0,1" hai="20,26,28,39,40,47,75,78,80,84,85,90,94,99" machi="90" ten="20,5200,0" yaku="1,1,0,1,7,1,52,1,53,0" doraHai="92" doraHaiUra="14" who="0" fromWho="0" sc="235,62,247,-26,247,-13,261,-13" /><INIT seed="2,0,0,5,0,114" ten="297,221,234,248" oya="2" hai0="59,15,70,93,96,71,79,95,5,116,25,14,34" hai1="132,49,128,113,51,16,60,76,36,57,77,19,10" hai2="38,100,13,45,44,124,6,26,31,43,37,129,63" hai3="74,1,46,127,22,8,92,0,81,3,115,28,53"/><V119/><F124/><W33/><G115/><T108/><D108/><U69/><E36/><V32/><F129/><W125/><G92/><T27/><D79/><N who="1" m="30283" /><E69/><V30/><F30/><W133/><G81/><T9/><D95/><U107/><E107/><V7/><F119/><W94/><G94/><T134/><D134/><U110/><E113/><V103/><F63/><W101/><G101/><T105/><D105/><U66/><E110/><V126/><F126/><N who="3" m="48139" /><G74/><T91/><D116/><U84/><E128/><V83/><F83/><W23/><G133/><T21/><D59/><U98/><E132/><V88/><F88/><W72/><G72/><T112/><D112/><U99/><E84/><V111/><F111/><W20/><G53/><T18/><D27/><U52/><E10/><V29/><F13/><W68/><G46/><T122/><D122/><U89/><E89/><V48/><F29/><W131/><G68/><T40/><D40/><U123/><E123/><V109/><F109/><W117/><G131/><T118/><D118/><U17/><E66/><V58/><F58/><W102/><G102/><T85/><D85/><U24/><E24/><V64/><F64/><W61/><G61/><T35/><D35/><U65/><E65/><V41/><F48/><AGARI ba="0,0" hai="16,17,19,48,49,51,52,57,60,98,99" m="30283" machi="48" ten="30,3900,0" yaku="8,1,54,2" doraHai="114" who="1" fromWho="2" sc="297,0,221,39,234,-39,248,0" /><INIT seed="3,0,0,2,0,22" ten="297,260,195,248" oya="3" hai0="107,50,53,85,8,21,40,121,49,45,67,88,71" hai1="18,0,27,11,130,37,1,57,48,6,105,14,54" hai2="112,55,98,38,52,35,47,66,119,80,39,23,36" hai3="125,120,118,51,32,9,89,7,123,101,30,29,102"/><W87/><G118/><T95/><D121/><U111/><E105/><V134/><F35/><W110/><G123/><T56/><D107/><U13/><E37/><V44/><F119/><W4/><G120/><T42/><D8/><U100/><E100/><V109/><F112/><W90/><G125/><T76/><D76/><U132/><E111/><V97/><F80/><W99/><G110/><T122/><D122/><U129/><E132/><V103/><F109/><W12/><G7/><T5/><D5/><U86/><E86/><V58/><F134/><W2/><G2/><T113/><D113/><U70/><E70/><V24/><F66/><W78/><G78/><T133/><D133/><U114/><E114/><V62/><F55/><W3/><G3/><T75/><D75/><U104/><E104/><V84/><F84/><W63/><G63/><N who="0" m="38375" /><D71/><U124/><E124/><V74/><F74/><W25/><G30/><T93/><D21/><N who="1" m="13751" /><E0/><V127/><F127/><W91/><G51/><T79/><D79/><U115/><E115/><V81/><F81/><W15/><G15/><T61/><D61/><U126/><E126/><V108/><F108/><W46/><G46/><N who="0" m="27831" /><D42/><U82/><E82/><AGARI ba="0,0" hai="40,45,50,82,85,88,93,95" m="27831,38375" machi="82" ten="30,2000,0" yaku="8,1,54,1" doraHai="22" who="0" fromWho="1" sc="297,20,260,-20,195,0,248,0" owari="317,41.7,240,-16.0,195,-30.5,248,4.8" /></mjloggm>