<mjloggm ver="2.3"><GO type="225" lobby="0"/><UN n0="%E8%81%B7%E6%A5%AD%E3%80%81%E9%A2%A8%32" n1="%77%72%77%72%77%72%77%72" n2="%E3%83%9D%E3%83%B3%E3%83%9D%E3%82%B3%E5%95%86%E4%BA%8B" n3="%E3%81%BF%E3%81%BF%E3%81%9A" dan="16,16,16,16" rate="2142.09,2203.02,2170.44,2110.23" sx="M,M,M,M"/><TAIKYOKU oya="0"/><INIT seed="0,0,0,2,3,90" ten="250,250,250,250" oya="0" hai0="47,13,121,71,126,128,132,80,26,54,34,5,20" hai1="24,11,122,133,3,73,131,87,110,120,92,61,51" hai2="115,91,38,82,17,19,45,52,66,103,30,35,4" hai3="124,129,105,23,84,99,79,93,42,53,6,118,15"/><T75/><D121/><U119/><E119/><V32/><F115/><W78/><G118/><T134/><D71/><U62/><E73/><V46/><F4/><W1/><G1/><T107/><D107/><U76/><E110/><V37/><F103/><W111/><G105/><T49/><D128/><U7/><E131/><V41/><F66/><W64/><G129/><T95/><D126/><U44/><E133/><N who="0" m="51305" /><D34/><U43/><E24/><V39/><F30/><W123/><G123/><T28/><D75/><U63/><REACH who="1" step="1"/><E76/><REACH who="1" ten="250,240,250,250" step="2"/><V127/><F127/><W31/><G124/><T57/><D26/><U27/><E27/><V33/><F41/><W22/><G42/><N who="0" m="24823" /><D13/><U97/><E97/><V101/><F35/><W65/><G99/><T94/><D28/><U21/><E21/><V81/><F33/><W86/><G111/><T18/><D20/><U88/><AGARI ba="0,1" hai="3,7,11,43,44,51,61,62,63,87,88,92,120,122" machi="88" ten="30,12000,2" yaku="1,1,0,1,52,1,54,1,53,3" doraHai="90" doraHaiUra="59" who="1" fromWho="1" sc="250,-60,240,130,250,-30,250,-30" /><INIT seed="1,0,0,5,1,75" ten="190,370,220,220" oya="1" hai0="32,111,28,14,100,43,15,90,71,18,50,101,127" hai1="38,65,31,78,53,83,40,51,123,41,128,95,92" hai2="3,12,19,25,86,96,74,30,79,11,4,55,68" hai3="8,66,131,122,72,106,118,67,61,62,73,20,84"/><U94/><E123/><V69/><F74/><W23/><G122/><T29/><D111/><U117/><E117/><V2/><F96/><W89/><G106/><T13/><D71/><U88/><E128/><V113/><F55/><W105/><G105/><T34/><D127/><U126/><E126/><V130/><F130/><W27/><G131/><T102/><D43/><U64/><E31/><N who="0" m="11849" /><D50/><U0/><E0/><V76/><F86/><W5/><G118/><T125/><D125/><U116/><E116/><V115/><F69/><W49/><G72/><T36/><D36/><U107/><E107/><V54/><F54/><W124/><G49/><T133/><D18/><U52/><E53/><V46/><F46/><W129/><G73/><T99/><D99/><U22/><E22/><N who="2" m="11623" /><F68/><W87/><G124/><T119/><D119/><U110/><E110/><V108/><F3/><W7/><G129/><T104/><D104/><U1/><E1/><V112/><F108/><W16/><G8/><T134/><D90/><U44/><E40/><V9/><F9/><W58/><G20/><AGARI ba="0,0" hai="2,4,11,20,25,30,76,79,112,113,115" m="11623" machi="20" ten="30,3900,0" yaku="11,1,52,2" doraHai="75" who="2" fromWho="3" sc="190,0,370,0,220,39,220,-39" /><INIT seed="2,0,0,5,3,101" ten="190,370,259,181" oya="2" hai0="46,33,52,131,94,65,113,107,88,79,68,23,3" hai1="95,126,98,43,41,84,58,135,96,15,25,1,67" hai2="31,36,105,64,100,90,119,134,120,109,54,118,127" hai3="133,80,63,0,108,53,5,89,104,44,12,10,74"/><V66/><F120/><W51/><G108/><T59/><D33/><U82/><E1/><V17/><F36/><W69/><G133/><T40/><D107/><U21/><E135/><V30/><F90/><W129/><G129/><T81/><D3/><U91/><E15/><V111/><F17/><W2/><G104/><T128/><D113/><U72/><E72/><V115/><F54/><W39/><G39/><T7/><D7/><U112/><E126/><V78/><F78/><W132/><G132/><T117/><D117/><N who="2" m="44554" /><F134/><W61/><G61/><N who="0" m="39983" /><D23/><U116/><E112/><V24/><F115/><W22/><G22/><T55/><D81/><U73/><E73/><V62/><F127/><W27/><G27/><T87/><D79/><U130/><E116/><V29/><F24/><W11/><G11/><T60/><D60/><N who="1" m="38295" /><E96/><N who="2" m="61575" /><F62/><W76/><REACH who="3" step="1"/><G89/><REACH who="3" ten="190,370,259,171" step="2"/><T99/><D99/><U13/><E25/><V85/><F85/><W34/><G34/><T125/><D125/><U123/><E21/><V20/><F20/><W32/><G32/><T103/><D103/><U16/><E84/><V38/><F38/><W56/><G56/><T106/><D59/><U110/><E91/><V70/><F70/><W93/><G93/><T102/><D106/><U42/><E95/><V92/><F92/><W75/><G75/><T18/><D102/><U49/><E98/><V6/><F6/><W48/><G48/><N who="0" m="26695" /><D18/><U97/><E16/><V26/><F26/><W114/><G114/><T45/><D45/><U8/><E97/><V122/><F122/><W28/><G28/><T57/><D57/><U83/><E123/><RYUUKYOKU ba="0,1" sc="190,10,370,-30,259,10,171,10" hai0="52,55,87,88,94,128,131" hai2="29,30,31,64,66,109,111" hai3="0,2,5,10,12,44,51,53,63,69,74,76,80" /><INIT seed="2,1,1,5,0,56" ten="200,340,269,181" oya="2" hai0="101,15,10,9,47,75,36,84,70,19,133,6,38" hai1="118,135,87,106,97,85,4,113,120,92,62,7,28" hai2="58,95,74,64,117,63,20,76,77,21,116,83,102" hai3="41,69,43,66,18,130,33,49,124,72,12,127,91"/><V114/><F114/><W71/><G33/><T39/><D75/><U93/><E113/><V109/><F109/><W100/><G72/><T90/><D70/><U2/><E118/><V32/><F32/><W59/><G100/><T103/><D47/><U42/><E135/><V31/><F77/><W89/><G130/><T44/><D44/><U78/><E120/><V54/><F54/><N who="3" m="32207" /><G43/><T115/><D115/><U30/><E42/><V129/><F129/><W68/><G41/><T48/><D48/><U134/><E134/><V82/><F82/><W111/><G111/><T26/><D133/><U51/><E2/><V131/><F131/><W24/><G24/><T14/><REACH who="0" step="1"/><D26/><REACH who="0" ten="190,340,269,181" step="2"/><U60/><E51/><V107/><F116/><W94/><G94/><AGARI ba="1,2" hai="6,9,10,14,15,19,36,38,39,84,90,94,101,103" machi="94" ten="40,2600,0" yaku="1,1,2,1,53,0" doraHai="56" doraHaiUra="50" who="0" fromWho="3" sc="190,49,340,0,269,0,181,-29" /><INIT seed="3,0,0,5,4,37" ten="239,340,269,152" oya="3" hai0="100,113,55,99,42,18,36,78,118,115,132,3,72" hai1="101,15,87,51,60,62,31,66,126,53,16,50,129" hai2="116,34,133,135,96,123,106,125,35,119,69,33,114" hai3="89,109,17,81,8,85,45,122,4,44,124,28,98"/><W103/><G122/><T127/><D3/><U97/><E129/><V30/><F114/><N who="0" m="43530" /><D118/><U80/><E126/><V49/><F49/><W74/><G124/><T11/><D127/><U14/><E31/><V21/><F69/><W47/><G109/><T104/><D132/><N who="2" m="50762" /><F96/><W92/><G28/><T107/><D107/><U117/><E117/><N who="2" m="45131" /><F106/><W121/><G121/><T25/><D55/><U13/><E51/><V54/><F54/><W91/><G74/><T5/><D18/><U41/><E41/><V90/><F90/><W20/><G103/><T134/><D25/><U59/><E97/><V2/><F125/><W77/><G91/><T26/><D26/><U111/><E111/><V95/><F95/><W12/><REACH who="3" step="1"/><G47/><REACH who="3" ten="239,340,269,142" step="2"/><N who="0" m="24007" /><D134/><U32/><E101/><V56/><F123/><W64/><G64/><T39/><D72/><U94/><E66/><V108/><F108/><W19/><G19/><T46/><D46/><U110/><E110/><V63/><F30/><W22/><G22/><T70/><D78/><U40/><E32/><V24/><F21/><W79/><G79/><T130/><D100/><U27/><E16/><V9/><F34/><W6/><G6/><T105/><D5/><U67/><E67/><N who="2" m="39399" /><F35/><W29/><G29/><T83/><D11/><U0/><E80/><V52/><F33/><W57/><G57/><T76/><D76/><U65/><E59/><V23/><F23/><W68/><G68/><T1/><D70/><U84/><E65/><V131/><F24/><AGARI ba="0,1" hai="4,8,12,17,20,24,44,45,77,81,85,89,92,98" machi="24" ten="30,11600,0" yaku="1,1,7,1,8,1,53,1" doraHai="37" doraHaiUra="82" who="3" fromWho="2" sc="239,0,340,0,269,-116,142,126" /><INIT seed="3,1,0,2,3,106" ten="239,340,153,268" oya="3" hai0="4,125,3,32,11,66,118,135,97,7,121,43,52" hai1="67,102,10,22,21,47,58,36,81,13,83,49,71" hai2="87,65,116,29,109,56,128,80,126,59,35,55,92" hai3="113,24,14,17,99,16,133,85,20,101,2,127,37"/><W103/><G113/><T107/><D121/><U72/><E72/><V23/><F116/><W19/><G2/><T95/><D107/><U134/><E71/><V96/><F126/><W51/><G37/><T130/><D32/><U27/><E134/><V105/><F105/><W62/><G133/><T54/><D125/><U78/><E102/><V76/><F128/><W64/><G127/><T12/><D130/><U25/><E36/><V98/><F109/><W31/><G51/><T48/><D118/><U45/><E58/><V73/><F35/><W104/><G103/><T111/><D111/><U26/><E67/><V18/><F29/><W57/><REACH who="3" step="1"/><G85/><REACH who="3" ten="239,340,153,258" step="2"/><T77/><D3/><U74/><E49/><V41/><F41/><W117/><G117/><T53/><D48/><U124/><E124/><V6/><F6/><W63/><G63/><T60/><D60/><U70/><E45/><V68/><F68/><W30/><G30/><T132/><D43/><U61/><E47/><V82/><F65/><W112/><G112/><T9/><D66/><U39/><E39/><V1/><F1/><W8/><AGARI ba="1,1" hai="8,14,16,17,19,20,24,31,57,62,64,99,101,104" machi="8" ten="20,7800,0" yaku="1,1,0,1,7,1,54,1,53,0" doraHai="106" doraHaiUra="50" who="3" fromWho="3" sc="239,-27,340,-27,153,-27,258,91" owari="212,-18.8,313,11.3,126,-37.4,349,44.9" /></mjloggm>