<mjloggm ver="2.3"><GO type="225" lobby="0"/><UN n0="%E8%81%B7%E6%A5%AD%E3%80%81%E9%A2%A8%32" n1="%73%6C%69%63%6B%33%31%39" n2="%72%61%6B%33" n3="%E6%A0%B9%E5%85%83%E3%81%8B%E3%82%89%E5%90%B9%E3%81%A3%E9%A3%9B%E3%81%B6" dan="16,16,17,17" rate="2115.44,2160.33,2212.89,2194.06" sx="M,M,M,F"/><TAIKYOKU oya="0"/><INIT seed="0,0,0,5,4,115" ten="250,250,250,250" oya="0" hai0="90,63,127,5,95,69,24,83,7,88,98,87,62" hai1="133,99,118,84,70,66,17,39,82,47,64,27,10" hai2="114,96,30,67,119,46,36,80,13,48,51,20,101" hai3="78,31,135,92,79,56,128,91,120,33,121,86,11"/><T102/><D127/><U124/><E124/><V19/><F19/><W130/><G33/><T1/><BYE who="2" /><D69/><U110/><E110/><UN n2="%72%61%6B%33" /><V113/><F36/><W37/><G31/><T38/><D38/><U68/><E133/><V71/><F51/><W81/><G37/><T18/><D1/><U14/><E118/><V29/><F119/><W58/><G11/><T76/><D24/><U75/><E75/><V34/><F80/><W42/><G42/><T132/><D132/><U3/><E3/><V104/><F20/><W126/><G126/><T125/><D18/><U100/><E68/><V103/><F103/><W16/><G16/><T105/><D125/><U44/><E27/><N who="2" m="18751" /><F13/><W65/><G79/><T77/><D77/><U107/><E70/><V94/><F94/><W52/><G135/><T40/><D40/><U116/><E116/><V6/><F6/><N who="0" m="2058" /><D105/><U72/><E72/><V108/><F30/><W53/><G65/><T85/><D76/><U117/><E117/><V9/><F9/><W45/><G45/><T60/><D102/><U112/><E112/><V109/><F114/><W50/><G120/><T106/><D106/><U12/><E12/><V4/><F4/><W41/><G41/><T8/><D8/><U22/><E10/><V57/><F113/><W28/><G28/><T21/><D21/><U97/><E39/><V111/><F71/><W89/><G121/><T54/><D87/><U32/><E32/><V35/><F35/><W134/><G134/><T61/><N who="0" m="15360" /><DORA hai="25" /><T2/><D2/><U55/><E64/><V49/><F46/><W93/><G78/><RYUUKYOKU ba="0,0" sc="250,15,250,-15,250,15,250,-15" hai0="54,83,85,88,90,95,98" hai2="48,49,57,67,96,101,104,108,109,111" /><INIT seed="0,1,0,1,2,17" ten="265,235,265,235" oya="0" hai0="41,48,60,85,113,40,74,73,2,66,128,29,108" hai1="104,88,133,101,87,76,14,7,127,20,105,126,12" hai2="55,77,71,134,100,123,33,86,59,8,47,96,132" hai3="30,118,103,65,52,107,93,83,92,9,28,106,98"/><T39/><D2/><U120/><E120/><V84/><F123/><W70/><G118/><T19/><D113/><U89/><E133/><V27/><F71/><W49/><G70/><T3/><D3/><U97/><E104/><V61/><F8/><W18/><G65/><T26/><D39/><U38/><E38/><V129/><F129/><W63/><G63/><T0/><D0/><U46/><E46/><V99/><F47/><W23/><G83/><T95/><D128/><U13/><E7/><V56/><F56/><W112/><G112/><T114/><D114/><U4/><E4/><V57/><F57/><N who="3" m="32911" /><G107/><T75/><D19/><N who="1" m="10343" /><E76/><V94/><F99/><N who="3" m="59879" /><G9/><T31/><D48/><U53/><E53/><V35/><F77/><W135/><G106/><T37/><D37/><U54/><E54/><V22/><F33/><W64/><G64/><T122/><D122/><U44/><E44/><V58/><F35/><W91/><G135/><N who="2" m="51753" /><F58/><W69/><G69/><T102/><D60/><U72/><E72/><V119/><F119/><W82/><G82/><T109/><D66/><U6/><E6/><V115/><F115/><W16/><G18/><AGARI ba="1,0" hai="18,22,27,55,59,61,84,86,94,96,100" m="51753" machi="18" ten="30,2000,0" yaku="20,1,52,1" doraHai="17" who="2" fromWho="3" sc="265,0,235,0,265,23,235,-23" /><INIT seed="1,0,0,1,5,87" ten="265,235,288,212" oya="1" hai0="54,15,92,53,72,32,77,96,135,89,5,23,18" hai1="43,2,70,115,14,91,37,20,50,117,68,65,88" hai2="76,59,100,22,61,106,127,129,3,6,73,111,27" hai3="80,48,55,62,51,7,24,119,26,44,16,11,101"/><U133/><E115/><V60/><F111/><W13/><G119/><T47/><D135/><U40/><E2/><V1/><F60/><W93/><G62/><T109/><D109/><U33/><E33/><V123/><F123/><W81/><G51/><T9/><D32/><U30/><E117/><V39/><F39/><W110/><G110/><T105/><D105/><U124/><E37/><V21/><F21/><W134/><G134/><T126/><D126/><U31/><E133/><V75/><F129/><W10/><G10/><T74/><D47/><U98/><E124/><V64/><F6/><W28/><G7/><T132/><D132/><U131/><E131/><V63/><F63/><W113/><G113/><T83/><REACH who="0" step="1"/><D74/><REACH who="0" ten="255,235,288,212" step="2"/><U46/><E46/><V41/><F75/><W69/><G69/><T66/><D66/><U82/><E65/><V56/><F73/><W99/><REACH who="3" step="1"/><G26/><AGARI ba="0,1" hai="5,9,15,18,23,26,53,54,72,77,83,89,92,96" machi="26" ten="30,3900,0" yaku="1,1,7,1,52,1,53,0" doraHai="87" doraHaiUra="45" who="0" fromWho="3" sc="255,49,235,0,288,0,212,-39" /><INIT seed="2,0,0,5,2,62" ten="304,235,288,173" oya="2" hai0="102,34,128,67,101,80,24,100,63,1,91,3,45" hai1="72,65,17,11,18,111,56,97,103,121,19,120,134" hai2="77,112,119,81,86,99,71,47,123,66,10,130,14" hai3="28,87,36,108,15,118,76,21,9,41,5,61,127"/><V43/><F112/><W39/><G118/><T116/><D128/><U8/><E72/><V4/><F130/><W89/><G108/><T92/><D116/><U49/><E111/><V64/><F119/><W110/><G127/><T88/><D80/><U13/><E134/><V42/><F123/><N who="1" m="47177" /><E11/><V114/><F114/><W132/><G110/><T133/><D133/><U20/><E20/><V29/><F71/><W52/><G132/><T44/><D91/><U82/><E82/><V6/><F6/><W31/><G76/><T79/><D79/><U126/><E126/><V93/><F29/><W135/><G135/><T51/><D34/><U85/><E85/><V7/><F7/><W48/><G61/><T33/><D24/><U46/><E56/><V26/><F26/><W32/><G32/><T131/><D33/><U117/><E65/><N who="2" m="25195" /><F47/><W74/><G74/><T55/><D45/><U83/><E83/><V106/><F106/><W107/><G107/><T90/><D131/><U12/><E12/><V105/><F105/><W104/><G104/><T50/><D1/><U69/><E69/><V96/><F96/><W35/><G35/><T25/><D3/><U0/><E0/><V84/><F84/><W60/><G36/><T30/><D25/><U68/><E68/><V23/><F23/><W124/><G124/><T109/><D30/><U38/><E38/><V58/><F58/><W37/><G37/><T115/><D115/><U94/><E117/><V113/><F113/><W73/><G39/><T122/><D109/><U53/><AGARI ba="0,0" hai="8,13,17,18,19,46,49,53,94,97,103" m="47177" machi="53" ten="30,1100,0" yaku="13,1" doraHai="62" who="1" fromWho="1" sc="304,-3,235,11,288,-5,173,-3" /><INIT seed="3,0,0,2,5,23" ten="301,246,283,170" oya="3" hai0="118,78,5,72,112,85,44,56,7,13,126,103,114" hai1="111,131,94,113,54,124,46,14,27,134,93,105,73" hai2="19,40,96,30,22,123,0,51,135,15,79,26,74" hai3="99,1,62,57,66,55,127,37,53,90,9,29,81"/><W86/><G127/><T38/><D118/><U108/><E113/><N who="0" m="43625" /><D72/><U65/><E105/><V42/><F135/><W52/><G37/><T97/><D126/><U102/><E124/><V45/><F123/><W117/><G117/><T98/><D56/><U21/><E73/><V25/><F0/><W121/><G121/><T33/><D33/><U75/><E75/><V91/><F74/><W100/><G1/><T50/><D38/><U82/><E65/><V107/><F79/><W110/><G110/><T43/><D13/><U119/><E119/><V84/><F40/><W18/><G29/><T67/><D67/><U3/><E3/><V34/><F107/><W60/><G9/><T95/><D98/><U69/><E93/><V109/><F96/><W61/><REACH who="3" step="1"/><G18/><REACH who="3" ten="301,246,283,160" step="2"/><T41/><D41/><U77/><E111/><V4/><F109/><W70/><G70/><T16/><D16/><U89/><E108/><V104/><F4/><W35/><G35/><T68/><D68/><U36/><E69/><V24/><F104/><AGARI ba="0,1" hai="52,53,55,57,60,61,62,66,81,86,90,99,100,104" machi="104" ten="40,3900,0" yaku="1,1,54,1,53,0" doraHai="23" doraHaiUra="32" who="3" fromWho="2" sc="301,0,246,0,283,-39,160,49" /><INIT seed="3,1,0,2,0,123" ten="301,246,244,209" oya="3" hai0="71,21,64,102,52,115,46,66,133,129,121,101,13" hai1="60,88,125,51,26,117,1,110,127,2,78,90,100" hai2="10,14,35,85,81,72,112,118,86,18,99,63,61" hai3="130,41,19,25,104,6,98,8,68,134,62,94,103"/><W93/><G130/><T9/><D121/><U107/><E110/><V49/><F112/><W55/><G134/><T0/><D0/><N who="1" m="107" /><E78/><V92/><F118/><W84/><G41/><T122/><D122/><U17/><E117/><V131/><F35/><W65/><G55/><T106/><D106/><U91/><E51/><V126/><F72/><W57/><G57/><T36/><D71/><U23/><E60/><N who="2" m="23115" /><F126/><N who="1" m="48137" /><E107/><V135/><F135/><W27/><G19/><T48/><D36/><U39/><E100/><N who="0" m="38505" /><D129/><U16/><E39/><V44/><F131/><W50/><G50/><N who="0" m="28759" /><D115/><U31/><AGARI ba="1,0" hai="16,17,23,26,31,88,90,91" m="48137,107" machi="31" ten="40,5200,0" yaku="18,1,54,2" doraHai="123" who="1" fromWho="1" sc="301,-14,246,55,244,-14,209,-27" owari="287,8.7,301,40.1,230,-17.0,182,-31.8" /></mjloggm>