<mjloggm ver="2.3"><GO type="225" lobby="0"/><UN n0="%E5%A4%96%E5%B7%9D%E7%AB%9C%E6%88%90" n1="%72%69%6F%75%63%68%61%6E" n2="%E5%B8%86%E7%AB%8B%E5%A4%8F%E8%A1%A3" n3="%E5%AF%82%E5%AF%9E%E3%82%AE%E3%83%8D%E3%82%B9%E3%83%93%E3%83%BC%E3%83%AB" dan="16,17,16,16" rate="2176.41,2291.66,2086.00,2154.62" sx="M,M,M,M"/><TAIKYOKU oya="0"/><INIT seed="0,0,0,0,0,23" ten="250,250,250,250" oya="0" hai0="76,6,3,87,135,111,122,90,14,0,127,65,133" hai1="68,101,53,55,109,25,132,83,40,52,106,8,50" hai2="38,96,79,93,97,41,95,105,117,113,21,134,36" hai3="1,124,56,69,33,100,37,60,78,10,121,17,112"/><T63/><D122/><U98/><E68/><V9/><F113/><W45/><G112/><T80/><D127/><U114/><E114/><V125/><F125/><W15/><G124/><T57/><D111/><U126/><E126/><V71/><F71/><W26/><G121/><T94/><D14/><U119/><E119/><V86/><F117/><W72/><G69/><T103/><D103/><U81/><E109/><V102/><F134/><N who="0" m="51210" /><D6/><U42/><E132/><V104/><F9/><W74/><G100/><T48/><D48/><U61/><E61/><V43/><F102/><W62/><G1/><T13/><D13/><U54/><E8/><V58/><F21/><W70/><G70/><T2/><D2/><U85/><E25/><V12/><F12/><W116/><G116/><T107/><D107/><U18/><E18/><V99/><F105/><W77/><G74/><AGARI ba="0,0" hai="0,3,57,63,65,74,76,80,87,90,94" m="51210" machi="74" ten="30,1500,0" yaku="20,1" doraHai="23" who="0" fromWho="3" sc="250,15,250,0,250,0,250,-15" /><INIT seed="0,1,0,3,0,75" ten="265,250,250,235" oya="0" hai0="81,34,53,51,109,78,94,117,40,71,101,112,118" hai1="127,98,125,10,106,132,87,129,22,3,116,52,114" hai2="67,35,4,50,32,120,77,135,58,38,134,63,84" hai3="66,15,59,108,64,124,11,80,14,121,73,36,104"/><T60/><D112/><U83/><E116/><V62/><F120/><W111/><G121/><T90/><D34/><U13/><E114/><V19/><F38/><W31/><G104/><T86/><D101/><U27/><E129/><V107/><F107/><W119/><G36/><T122/><D122/><U46/><E132/><N who="2" m="50731" /><F4/><W103/><G103/><T68/><D40/><U82/><E3/><V17/><F50/><W92/><G92/><T25/><D25/><U91/><E82/><N who="2" m="47183" /><F63/><W99/><G119/><T69/><D60/><U18/><E106/><V30/><F30/><W93/><G31/><T113/><D113/><U8/><E98/><V48/><F48/><W21/><G99/><T2/><D2/><U23/><E23/><V130/><F130/><W61/><G21/><T110/><D118/><U6/><REACH who="1" step="1"/><E10/><REACH who="1" ten="265,240,250,235" step="2"/><V43/><F43/><W47/><G11/><T65/><D117/><U20/><E20/><V1/><F1/><W28/><G111/><T97/><REACH who="0" step="1"/><D65/><REACH who="0" ten="255,240,250,235" step="2"/><U57/><E57/><AGARI ba="1,2" hai="51,53,57,68,69,71,78,81,86,90,94,97,109,110" machi="57" ten="50,12000,1" yaku="1,1,2,1,52,1,53,1" doraHai="75" doraHaiUra="55" who="0" fromWho="1" sc="255,143,240,-123,250,0,235,0" /><INIT seed="0,2,0,5,5,64" ten="398,117,250,235" oya="0" hai0="101,26,97,57,60,83,104,43,111,105,27,125,128" hai1="3,40,127,109,119,120,84,67,23,34,19,42,79" hai2="13,58,61,44,12,113,87,17,16,116,115,129,10" hai3="38,91,75,78,117,24,114,118,134,73,33,45,102"/><T126/><D128/><U36/><E127/><N who="0" m="48649" /><D43/><U55/><E119/><V6/><F129/><W2/><G114/><T47/><D47/><U35/><E120/><V65/><F116/><W37/><G91/><T1/><D1/><U103/><E109/><V74/><F74/><W59/><G59/><T124/><D124/><U49/><E3/><V39/><F6/><W22/><G22/><T133/><D133/><U4/><E4/><V63/><F39/><W56/><G56/><T94/><D83/><U51/><E103/><V18/><F44/><W88/><G102/><T93/><D93/><U0/><E0/><V121/><F121/><W20/><G2/><T8/><D8/><U96/><E36/><V100/><F100/><W68/><G45/><T11/><D11/><U132/><E132/><V98/><F115/><W21/><G134/><T82/><D82/><N who="1" m="47199" /><E42/><V106/><F113/><W50/><G118/><T71/><D57/><U86/><E40/><V110/><F10/><W15/><G117/><T92/><D92/><U76/><E67/><V31/><F58/><W72/><G38/><T69/><D111/><U85/><E51/><V130/><F65/><W131/><G50/><T25/><D60/><N who="2" m="23114" /><F110/><W52/><G37/><T7/><D7/><U41/><E41/><V108/><F108/><W28/><G131/><T14/><D105/><U70/><E76/><V95/><F130/><W112/><G78/><T89/><D14/><N who="2" m="5738" /><F106/><W107/><G107/><T81/><D104/><U122/><E122/><V123/><F123/><W77/><G112/><T32/><D32/><N who="1" m="12331" /><E49/><V46/><F95/><RYUUKYOKU ba="2,0" sc="398,30,117,-10,250,-10,235,-10" hai0="25,26,27,69,71,81,89,94,97,101" /><INIT seed="0,3,0,4,4,86" ten="428,107,240,225" oya="0" hai0="36,89,59,61,105,20,0,53,129,81,8,42,109" hai1="10,72,132,65,97,45,60,74,30,24,64,19,51" hai2="48,69,110,77,55,101,96,115,25,50,29,83,37" hai3="103,43,116,5,3,123,76,80,128,47,113,22,34"/><T35/><D35/><U33/><E132/><V73/><F110/><W67/><G113/><T26/><D105/><U100/><E10/><V66/><F115/><W54/><G34/><T94/><D109/><U111/><E19/><V38/><F50/><W41/><G116/><T121/><D121/><U91/><E111/><V6/><F6/><W122/><G67/><T120/><D120/><N who="3" m="46121" /><G103/><T112/><D129/><U44/><E91/><V15/><F15/><W131/><G22/><T124/><D124/><U40/><E44/><V58/><F66/><W114/><G54/><T85/><D112/><U107/><REACH who="1" step="1"/><E65/><REACH who="1" ten="428,97,240,225" step="2"/><V28/><F28/><W117/><G114/><T87/><D8/><U14/><E14/><V95/><REACH who="2" step="1"/><F69/><AGARI ba="3,1" hai="24,30,33,40,45,51,60,64,69,72,74,97,100,107" machi="69" ten="30,8000,1" yaku="1,1,7,1,25,2,53,1" doraHai="86" doraHaiUra="46" who="1" fromWho="2" sc="428,0,97,99,240,-89,225,0" /><INIT seed="1,0,0,0,4,38" ten="428,196,151,225" oya="1" hai0="101,40,52,12,3,75,109,9,120,11,32,113,124" hai1="111,102,25,108,96,134,41,117,121,133,59,66,90" hai2="21,81,23,14,114,58,8,1,76,26,47,5,6" hai3="36,54,57,13,123,105,74,119,94,77,34,100,45"/><U126/><E117/><V98/><F114/><W122/><G34/><T53/><D32/><U62/><E121/><V56/><F1/><W22/><G105/><T48/><D75/><U67/><E126/><V31/><F5/><W79/><G119/><T80/><D101/><U7/><E7/><V95/><F23/><W135/><G135/><N who="1" m="51722" /><E90/><V97/><F97/><W44/><G94/><T17/><D113/><U42/><E66/><V30/><F30/><W88/><G100/><T49/><D120/><U20/><E111/><V0/><F0/><W87/><G74/><T10/><D3/><U60/><E60/><V112/><F47/><N who="3" m="17995" /><G36/><T103/><D103/><U115/><E108/><V118/><F118/><W33/><G33/><T82/><D109/><U28/><E115/><V85/><REACH who="2" step="1"/><F112/><REACH who="2" ten="428,196,141,225" step="2"/><W104/><G123/><T64/><D124/><U24/><E24/><V93/><F93/><AGARI ba="0,1" hai="20,25,28,41,42,59,62,67,93,96,102" m="51722" machi="93" ten="30,11600,0" yaku="25,1,20,1,52,2" doraHai="38" who="1" fromWho="2" sc="428,0,196,126,141,-116,225,0" /><INIT seed="1,1,0,3,3,16" ten="428,322,25,225" oya="1" hai0="10,65,94,50,80,72,3,38,75,26,82,27,84" hai1="4,17,96,76,109,22,79,83,2,103,73,106,18" hai2="51,70,24,47,135,14,29,23,36,13,92,31,88" hai3="28,93,117,1,44,20,5,15,58,46,100,101,66"/><U25/><E109/><V115/><F70/><W33/><G117/><T116/><D65/><U56/><E79/><V111/><F111/><W77/><G77/><T127/><D50/><U48/><E17/><V61/><F135/><W134/><G134/><T102/><D38/><U43/><E56/><V34/><F115/><W129/><G33/><T131/><D10/><U0/><REACH who="1" step="1"/><E4/><REACH who="1" ten="428,312,25,225" step="2"/><V123/><F123/><W85/><G58/><T60/><D116/><U35/><E35/><V118/><F118/><W130/><G5/><T108/><D108/><U39/><E39/><V7/><F36/><W133/><G133/><T62/><D75/><U107/><E107/><V89/><F34/><W114/><G114/><T12/><D72/><U119/><E119/><V128/><F128/><W59/><G59/><T52/><D131/><U8/><E8/><N who="2" m="4255" /><F61/><W32/><G32/><T40/><D60/><U30/><E30/><N who="2" m="17695" /><F14/><W98/><G15/><T67/><D62/><U37/><E37/><V125/><F125/><W110/><G110/><T78/><D12/><U120/><E120/><V21/><F21/><W105/><G20/><T104/><D104/><U63/><E63/><V90/><F92/><W86/><G105/><T6/><D94/><U113/><E113/><V42/><AGARI ba="1,1" hai="29,31,42,47,51,88,89,90" m="17695,4255" machi="42" ten="30,4000,0" yaku="8,1,52,1,54,1" doraHai="16" who="2" fromWho="2" sc="428,-11,312,-21,25,53,225,-11" /><INIT seed="2,0,0,2,0,128" ten="417,291,78,214" oya="2" hai0="106,123,118,79,9,11,26,5,25,100,98,39,133" hai1="37,108,46,21,63,87,48,83,82,30,31,49,68" hai2="73,119,18,24,57,93,135,51,69,59,85,92,2" hai3="110,14,22,124,107,33,19,126,104,99,120,88,42"/><V35/><F119/><W61/><G110/><T54/><D39/><U10/><E108/><V70/><F73/><W129/><G120/><T132/><D123/><U94/><E37/><V50/><F2/><W80/><G129/><T1/><D118/><U91/><E10/><V28/><F18/><W71/><G33/><T52/><D79/><U15/><E49/><V66/><F66/><N who="3" m="41423" /><G42/><T55/><D11/><U12/><E68/><V17/><F17/><W96/><G80/><N who="1" m="30762" /><E63/><V115/><F115/><W112/><G112/><T134/><AGARI ba="0,0" hai="1,5,9,25,26,52,54,55,98,100,106,132,133,134" machi="134" ten="40,12000,2" yaku="0,1,20,1,52,3,54,1" doraHai="128" who="0" fromWho="0" sc="417,120,291,-30,78,-60,214,-30" /><INIT seed="3,0,0,5,5,13" ten="537,261,18,184" oya="3" hai0="94,38,83,99,120,87,126,91,65,133,1,106,86" hai1="32,129,100,44,58,132,66,84,71,23,52,50,75" hai2="76,29,0,111,11,41,33,118,12,68,19,96,28" hai3="114,6,43,79,30,104,74,25,26,108,46,61,116"/><W45/><G114/><T92/><D65/><U14/><E75/><V53/><F68/><W39/><G116/><T2/><D38/><U8/><E32/><V15/><F53/><W81/><G104/><T103/><D120/><U127/><E127/><V62/><F62/><W135/><G135/><T35/><D35/><U73/><E73/><V47/><F118/><W102/><G102/><T63/><D63/><N who="1" m="38263" /><E71/><V27/><F111/><W69/><G46/><T125/><D133/><U3/><E3/><N who="0" m="1033" /><D87/><U119/><E129/><V90/><F0/><W89/><G6/><T64/><D64/><U5/><E119/><V82/><F29/><W117/><G117/><T134/><D134/><U97/><E132/><V48/><F96/><W131/><G131/><T56/><D56/><U113/><E113/><V107/><F107/><W24/><G108/><T98/><D99/><U40/><E84/><V10/><F90/><W7/><G7/><T60/><D60/><U57/><E23/><V59/><F59/><W20/><G61/><T51/><D51/><N who="1" m="30879" /><E97/><V78/><REACH who="2" step="1"/><F82/><REACH who="2" ten="537,261,8,184" step="2"/><W105/><G105/><T101/><D101/><AGARI ba="0,1" hai="5,8,14,40,44,50,100,101" m="30879,38263" machi="101" ten="30,2000,0" yaku="8,1,54,1" doraHai="13" who="1" fromWho="0" sc="537,-20,261,30,8,0,184,0" owari="517,61.7,291,9.1,8,-49.2,184,-21.6" /></mjloggm>