<mjloggm ver="2.3"><GO type="225" lobby="0"/><UN n0="%43%68%65" n1="%E6%A1%9C%E8%8A%B1%E9%96%83%E3%80%85" n2="%E3%82%AF%E3%82%A3%E3%82%A6" n3="%61%6D%65%6B%69" dan="16,17,16,16" rate="2130.73,2248.79,2114.23,2074.38" sx="M,M,M,M"/><TAIKYOKU oya="0"/><INIT seed="0,0,0,5,5,135" ten="250,250,250,250" oya="0" hai0="133,74,61,65,10,0,124,79,38,117,94,44,59" hai1="109,3,134,64,57,60,104,70,18,37,89,90,54" hai2="22,56,26,27,63,53,95,97,31,92,96,111,81" hai3="29,20,51,39,68,47,73,132,19,52,40,30,107"/><T118/><D133/><U82/><E134/><V41/><F111/><W110/><G132/><T2/><D94/><N who="2" m="35882" /><F41/><W78/><G110/><T84/><D84/><U35/><E109/><V123/><F123/><W106/><G68/><T80/><D124/><U127/><E3/><V119/><F119/><W17/><G17/><T6/><REACH who="0" step="1"/><D2/><REACH who="0" ten="240,250,250,250" step="2"/><U128/><E127/><V88/><F27/><W71/><G107/><T16/><D16/><U72/><E18/><V121/><F121/><W86/><G106/><T36/><D36/><U131/><E37/><V9/><F9/><W55/><G86/><AGARI ba="0,1" hai="22,26,31,53,56,63,81,86,88,96,97" m="35882" machi="86" ten="30,2000,0" yaku="8,1,54,1" doraHai="135" who="2" fromWho="3" sc="240,0,250,0,250,30,250,-20" /><INIT seed="1,0,0,5,1,22" ten="240,250,280,230" oya="1" hai0="15,96,135,119,124,109,79,65,84,113,117,36,86" hai1="93,81,101,2,95,131,97,47,85,99,60,3,62" hai2="31,82,76,110,78,7,24,69,63,57,14,87,50" hai3="112,125,134,104,71,111,120,4,122,19,114,45,55"/><U16/><E131/><V64/><F110/><W67/><G104/><T51/><D36/><U107/><E107/><V88/><F69/><W6/><G19/><T133/><D65/><U13/><E47/><V33/><REACH who="2" step="1"/><F50/><REACH who="2" ten="240,250,270,230" step="2"/><W115/><G71/><T46/><D109/><U121/><E121/><V54/><F54/><W116/><G111/><T130/><D51/><U12/><E2/><V90/><F90/><W52/><G120/><T37/><D130/><U73/><E3/><V68/><F68/><W127/><G122/><T83/><D37/><U72/><E72/><V80/><F80/><W48/><G67/><T103/><D83/><U102/><E73/><V27/><F27/><W42/><G116/><T44/><D119/><U106/><E106/><V25/><F25/><W105/><G105/><T98/><D117/><U59/><E59/><V123/><F123/><W74/><G74/><T92/><D46/><U118/><E118/><V100/><F100/><W30/><G55/><T11/><D44/><U5/><E12/><V40/><F40/><W75/><G75/><T70/><D15/><U53/><E53/><V1/><F1/><W26/><G42/><T132/><D103/><U35/><E81/><V126/><F126/><N who="3" m="48139" /><G134/><T18/><D124/><U38/><E38/><V17/><F17/><W108/><G108/><T77/><D70/><U28/><E16/><V10/><AGARI ba="0,1" hai="7,10,14,24,31,33,57,63,64,76,78,82,87,88" machi="10" ten="30,8000,1" yaku="1,1,0,1,52,1,54,1,53,1" doraHai="22" doraHaiUra="21" who="2" fromWho="2" sc="240,-20,250,-40,270,90,230,-20" /><INIT seed="2,0,0,2,1,27" ten="220,210,360,210" oya="2" hai0="61,32,131,108,75,76,67,37,82,135,17,111,64" hai1="84,60,90,36,24,31,62,87,86,103,123,78,49" hai2="72,96,128,73,83,68,85,109,7,14,107,3,50" hai3="125,112,1,117,130,119,4,118,13,132,21,101,39"/><V70/><F14/><W121/><G39/><T106/><D106/><U88/><E36/><V22/><F22/><W71/><G71/><T33/><D135/><U10/><E123/><V81/><F50/><W55/><G121/><T80/><D131/><U58/><E103/><V0/><F109/><N who="0" m="42058" /><D37/><U89/><E10/><V20/><F20/><W126/><G101/><T105/><D105/><U114/><E114/><V98/><F85/><W45/><G112/><T74/><D17/><U77/><E49/><V133/><F133/><W104/><G104/><T116/><D116/><U95/><E95/><V113/><F107/><W34/><G132/><T23/><D23/><N who="1" m="15775" /><E62/><V92/><F92/><W9/><G34/><N who="0" m="13419" /><D61/><U53/><AGARI ba="0,0" hai="53,58,60,77,78,84,86,87,88,89,90" m="15775" machi="53" ten="30,4000,0" yaku="8,1,52,1,54,1" doraHai="27" who="1" fromWho="1" sc="220,-10,210,40,360,-20,210,-10" /><INIT seed="3,0,0,4,2,55" ten="210,250,340,200" oya="3" hai0="20,76,67,11,47,75,29,9,25,41,95,30,130" hai1="59,83,15,21,122,28,3,110,100,39,40,119,12" hai2="37,63,118,93,60,35,49,88,135,82,36,34,27" hai3="90,94,91,33,116,17,124,71,128,131,44,115,86"/><W5/><G115/><T73/><D130/><N who="3" m="49705" /><G116/><T70/><D30/><U109/><E3/><V127/><F118/><W104/><G124/><T102/><D70/><U80/><E100/><V84/><F127/><W97/><G71/><T111/><D111/><U125/><E59/><V51/><F135/><W42/><G33/><T16/><D67/><U96/><E96/><V79/><F34/><W53/><G53/><T114/><D114/><U24/><E122/><V4/><F4/><W46/><G5/><T89/><D102/><U69/><E69/><V23/><F35/><W78/><G78/><T121/><D121/><U87/><E83/><V64/><F37/><N who="3" m="21583" /><G46/><T105/><D105/><U85/><E119/><V113/><F113/><W2/><G2/><T74/><D76/><U22/><E125/><V106/><F106/><W58/><G104/><T32/><D32/><U0/><E0/><V61/><F64/><W43/><G43/><T108/><D108/><N who="1" m="41579" /><E40/><V31/><F36/><W126/><G126/><T52/><D41/><U81/><E39/><V66/><F66/><W117/><G117/><T48/><REACH who="0" step="1"/><D29/><REACH who="0" ten="200,250,340,200" step="2"/><U72/><E28/><V99/><AGARI ba="0,1" hai="23,27,31,49,51,60,61,63,79,82,84,88,93,99" machi="99" ten="30,4000,0" yaku="0,1,8,1,54,1" doraHai="55" who="2" fromWho="2" sc="200,-10,250,-10,340,50,200,-20" owari="190,-21.0,240,4.0,390,49.0,180,-32.0" /></mjloggm>