<mjloggm ver="2.3"><GO type="225" lobby="0"/><UN n0="%33%74%72%65%65" n1="%E3%83%89%E3%83%A9%E3%81%8F%E3%82%8C" n2="%E3%81%BF%E3%81%BF%E3%81%9A" n3="%E3%83%A9%E3%83%BC%E3%83%A1%E3%83%B3%E4%BA%94%E9%83%8E" dan="16,16,17,16" rate="2145.77,2218.41,2278.85,2087.75" sx="F,M,M,M"/><TAIKYOKU oya="0"/><INIT seed="0,0,0,3,1,79" ten="250,250,250,250" oya="0" hai0="107,97,7,40,38,99,135,6,76,89,108,47,121" hai1="83,77,75,56,115,9,111,24,72,50,2,90,122" hai2="131,15,14,64,125,13,118,112,85,114,129,62,37" hai3="70,128,124,102,130,30,68,82,86,61,8,22,92"/><T4/><D121/><U60/><E122/><V1/><F1/><W58/><G124/><T59/><D135/><U33/><E111/><V54/><F125/><W44/><G44/><T11/><D108/><U12/><E115/><V123/><F123/><W19/><G30/><T32/><D32/><U80/><E50/><V113/><F37/><W109/><G8/><T31/><D31/><U127/><E127/><V48/><F118/><W117/><G117/><T104/><D11/><U133/><E2/><V69/><REACH who="2" step="1"/><F85/><REACH who="2" ten="250,250,240,250" step="2"/><W18/><G86/><T35/><D38/><U27/><E133/><V100/><F100/><W71/><G109/><T52/><D4/><U55/><E33/><V0/><F0/><W134/><G134/><T41/><D6/><U74/><E90/><V53/><F53/><W116/><G116/><T65/><D7/><U132/><E132/><V46/><AGARI ba="0,1" hai="13,14,15,46,48,54,62,64,69,112,113,114,129,131" machi="46" ten="40,2700,0" yaku="1,1,0,1,53,0" doraHai="79" doraHaiUra="98" who="2" fromWho="2" sc="250,-13,250,-7,240,37,250,-7" /><INIT seed="1,0,0,0,0,107" ten="237,243,277,243" oya="1" hai0="98,46,109,7,90,13,111,122,132,103,42,50,79" hai1="45,86,41,16,22,123,47,112,37,17,36,76,49" hai2="2,24,118,102,40,44,28,134,48,4,74,116,92" hai3="82,105,124,56,21,65,135,25,119,126,97,61,129"/><U81/><E112/><V33/><F134/><W60/><G135/><T100/><D132/><U93/><E123/><V87/><F74/><W26/><G129/><T20/><D122/><U59/><E59/><V80/><F4/><W32/><G32/><T51/><D90/><U35/><E35/><V53/><F2/><W11/><G119/><T39/><D79/><U10/><E93/><V113/><F113/><W108/><G108/><N who="0" m="41547" /><D103/><U133/><E133/><V23/><F33/><W95/><G105/><N who="0" m="63639" /><D20/><U71/><E71/><V99/><REACH who="2" step="1"/><F40/><REACH who="2" ten="237,243,267,243" step="2"/><W96/><G124/><T57/><D7/><U31/><E10/><V6/><F6/><W73/><G126/><T85/><D42/><U115/><E115/><V125/><F125/><W3/><G11/><T30/><D39/><U84/><E37/><V67/><F67/><W78/><G3/><T52/><D52/><U55/><REACH who="1" step="1"/><E86/><REACH who="1" ten="237,233,267,243" step="2"/><V83/><F83/><W106/><G82/><T91/><D85/><U69/><E69/><V89/><AGARI ba="0,2" hai="23,24,28,44,48,53,80,87,89,92,99,102,116,118" machi="89" ten="20,2700,0" yaku="1,1,0,1,7,1,53,0" doraHai="107" doraHaiUra="101" who="2" fromWho="2" sc="237,-7,233,-13,267,47,243,-7" /><INIT seed="2,0,0,0,2,90" ten="230,220,314,236" oya="2" hai0="34,78,116,97,81,79,54,80,52,130,32,94,125" hai1="69,111,35,9,33,120,126,13,38,65,135,29,47" hai2="30,51,113,93,89,6,37,4,124,92,19,43,71" hai3="72,112,12,0,119,83,50,96,115,7,66,49,122"/><V2/><F113/><N who="3" m="43595" /><G119/><T99/><D116/><U10/><E120/><V128/><F71/><W82/><G122/><T5/><D5/><N who="2" m="2154" /><F37/><W25/><G0/><T106/><D106/><U127/><E69/><V31/><F2/><W118/><G118/><T17/><D17/><U64/><E38/><V131/><F124/><N who="1" m="47657" /><E47/><N who="2" m="26111" /><F19/><W117/><G117/><T102/><D125/><U129/><E129/><N who="2" m="49739" /><F89/><W61/><G7/><T22/><D130/><U114/><E114/><V101/><F101/><W24/><G12/><T73/><D102/><U60/><E13/><V36/><F36/><W88/><G24/><T20/><D73/><U27/><E27/><V86/><F86/><W41/><G25/><T107/><D107/><U63/><E29/><AGARI ba="0,0" hai="29,30,31,92,93" m="49739,26111,2154" machi="29" ten="30,5800,0" yaku="19,1,52,2" doraHai="90" who="2" fromWho="1" sc="230,0,220,-58,314,58,236,0" /><INIT seed="2,1,0,3,4,81" ten="230,162,372,236" oya="2" hai0="109,114,90,29,93,49,82,9,13,4,77,56,84" hai1="83,132,72,63,36,123,94,18,120,57,61,107,69" hai2="131,121,21,117,35,54,71,25,101,106,31,28,32" hai3="76,0,67,79,125,127,48,88,119,39,86,95,112"/><V128/><F71/><W2/><G39/><T74/><D114/><U130/><E107/><V85/><F101/><W37/><G37/><T38/><D38/><U62/><E18/><V34/><F106/><W73/><G119/><T45/><D29/><U33/><E33/><V53/><F117/><W99/><G112/><T96/><D109/><U78/><E36/><V126/><F121/><N who="1" m="46665" /><E130/><N who="2" m="49707" /><F126/><N who="3" m="48139" /><G67/><T12/><D56/><U124/><E124/><V23/><F85/><W10/><G73/><T1/><D74/><U47/><E69/><V97/><F97/><W122/><G122/><T66/><D66/><U52/><E132/><V65/><F65/><W59/><G99/><T100/><D100/><U16/><E47/><V102/><F102/><W11/><G11/><T20/><D20/><N who="2" m="7754" /><F25/><W104/><G104/><T17/><D17/><U103/><E103/><V6/><F6/><N who="3" m="1351" /><G2/><T116/><D116/><U80/><E94/><V51/><F51/><W43/><G43/><AGARI ba="1,0" hai="1,4,9,12,13,43,45,49,77,82,84,90,93,96" machi="43" ten="30,2000,0" yaku="7,1,52,1" doraHai="81" who="0" fromWho="3" sc="230,23,162,0,372,0,236,-23" /><INIT seed="3,0,0,5,1,32" ten="253,162,372,213" oya="3" hai0="4,34,6,41,89,99,63,120,111,88,90,57,115" hai1="52,123,43,18,76,50,48,23,129,26,116,47,118" hai2="121,7,10,132,12,102,22,31,119,61,82,117,127" hai3="85,8,35,92,45,78,46,24,81,0,53,36,40"/><W17/><G92/><T62/><D111/><U2/><E123/><V16/><F102/><W13/><G46/><T25/><D115/><U80/><E129/><V105/><F105/><W71/><G71/><T58/><D41/><U122/><E122/><V9/><F61/><N who="0" m="23050" /><D34/><U56/><REACH who="1" step="1"/><E2/><REACH who="1" ten="253,152,372,213" step="2"/><V94/><F121/><W33/><G0/><T65/><D120/><U20/><E20/><V104/><F22/><W125/><G33/><T100/><D65/><U21/><E21/><V131/><F131/><W130/><G130/><T27/><D27/><U74/><AGARI ba="0,1" hai="18,23,26,43,47,48,50,52,56,74,76,80,116,118" machi="74" ten="30,4000,0" yaku="1,1,0,1,54,1,53,0" doraHai="32" doraHaiUra="97" who="1" fromWho="1" sc="253,-10,152,50,372,-10,213,-20" owari="243,4.3,202,-19.8,362,46.2,193,-30.7" /></mjloggm>