<mjloggm ver="2.3"><GO type="225" lobby="0"/><UN n0="%E5%8D%A0%E3%81%84%E5%B8%AB%E8%A3%8F%E3%81%AA%E3%81%84%E3%81%97" n1="%4C%4F%4C%49%54%41" n2="%E3%81%90%E3%81%A1%E3%82%84%E3%81%BE" n3="%E3%83%9D%E3%82%B1%E3%83%83%E3%83%88" dan="17,16,16,16" rate="2195.63,2213.68,2138.22,2084.27" sx="M,F,M,M"/><TAIKYOKU oya="0"/><INIT seed="0,0,0,4,3,20" ten="250,250,250,250" oya="0" hai0="3,19,105,38,15,2,69,11,5,77,37,114,121" hai1="14,66,31,113,92,104,103,75,61,99,85,64,74" hai2="29,42,58,106,100,131,96,65,102,26,43,97,7" hai3="34,127,28,84,126,39,59,36,18,49,73,135,60"/><T87/><D114/><U90/><E113/><V48/><F131/><W107/><G73/><T63/><D121/><U40/><E66/><V0/><F7/><W6/><G107/><T23/><D105/><U47/><E14/><V54/><F0/><W94/><G135/><T71/><D2/><U133/><E133/><V22/><REACH who="2" step="1"/><F65/><REACH who="2" ten="250,250,240,250" step="2"/><W76/><G6/><T24/><D3/><U115/><E115/><V16/><F16/><W83/><G18/><T57/><D69/><U17/><E17/><V132/><F132/><W124/><G124/><T125/><D71/><U80/><E31/><V120/><F120/><W4/><G4/><T46/><D125/><U41/><E104/><AGARI ba="0,1" hai="22,26,29,42,43,48,54,58,96,97,100,102,104,106" machi="104" ten="30,7700,0" yaku="1,1,7,1,9,1,52,1,53,0" doraHai="20" doraHaiUra="108" who="2" fromWho="1" sc="250,0,250,-77,240,87,250,0" /><INIT seed="1,0,0,3,1,103" ten="250,173,327,250" oya="1" hai0="131,75,63,94,66,43,64,99,119,110,26,116,112" hai1="25,74,6,58,117,34,72,77,5,54,38,135,93" hai2="84,47,50,65,98,105,52,78,15,28,88,0,79" hai3="60,71,123,2,130,62,44,97,45,82,91,85,13"/><U49/><E117/><V36/><F0/><W118/><G123/><T114/><D75/><U23/><E34/><V40/><F65/><W132/><G2/><T9/><D131/><U125/><E38/><V95/><F28/><W35/><G35/><T1/><D26/><U24/><E135/><V4/><F4/><W113/><G113/><T107/><D43/><U81/><E125/><V14/><F78/><W102/><G118/><N who="0" m="45099" /><D94/><U134/><E134/><V11/><F11/><W48/><G130/><T61/><D61/><U37/><E37/><V33/><F33/><W106/><G132/><T20/><D20/><U3/><E93/><V21/><F21/><W10/><G71/><N who="0" m="42399" /><D66/><U108/><E108/><V83/><REACH who="2" step="1"/><F105/><REACH who="2" ten="250,173,317,250" step="2"/><W30/><G30/><T7/><D110/><U76/><E3/><V17/><F17/><W57/><G57/><AGARI ba="0,1" hai="14,15,36,40,47,50,52,57,79,83,84,88,95,98" machi="57" ten="30,8000,1" yaku="1,1,7,1,54,2,53,1" doraHai="103" doraHaiUra="86" who="2" fromWho="3" sc="250,0,173,0,317,90,250,-80" /><INIT seed="2,0,0,5,2,28" ten="250,173,407,170" oya="2" hai0="107,3,60,62,94,88,59,42,103,109,57,125,106" hai1="27,32,34,53,29,4,121,72,131,81,45,33,67" hai2="10,84,65,63,56,64,71,115,14,39,116,120,46" hai3="48,75,17,12,89,69,0,96,123,102,92,101,35"/><V78/><F78/><W127/><G0/><T76/><D3/><U124/><E67/><V126/><F84/><W8/><G123/><T95/><D109/><U122/><E131/><V99/><F99/><W117/><G117/><T18/><D76/><N who="1" m="44167" /><E4/><V11/><F14/><W37/><G37/><T51/><D125/><U19/><E19/><V83/><F83/><W21/><G75/><T20/><D42/><U58/><E45/><V55/><F11/><W82/><G69/><T73/><D73/><U15/><E15/><V91/><F91/><W100/><G127/><T85/><D106/><U41/><E41/><N who="2" m="22847" /><F10/><W43/><G35/><T111/><D111/><U104/><E104/><V2/><F2/><W54/><G43/><T135/><D107/><U113/><E113/><V132/><F132/><W66/><G66/><T25/><D135/><U79/><E79/><V22/><F22/><W86/><REACH who="3" step="1"/><G21/><REACH who="3" ten="250,173,407,160" step="2"/><T6/><D20/><U114/><E124/><V112/><F120/><N who="1" m="46185" /><E114/><V47/><F116/><W108/><G108/><T40/><D40/><U87/><E87/><V130/><F126/><W23/><G23/><T1/><D85/><U30/><E27/><V38/><F115/><W5/><G5/><T49/><D25/><U133/><E133/><V74/><F112/><W134/><G134/><T52/><D6/><U80/><E80/><V68/><F74/><W36/><G36/><T119/><D1/><U93/><E93/><V97/><F38/><W110/><G110/><T118/><D95/><U26/><E26/><V44/><F71/><W90/><G90/><T105/><D88/><RYUUKYOKU ba="0,1" sc="250,-15,173,15,407,-15,160,15" hai1="29,30,32,33,34,53,58" hai3="8,12,17,48,54,82,86,89,92,96,100,101,102" /><INIT seed="3,1,1,4,2,50" ten="235,188,392,175" oya="3" hai0="133,131,55,128,3,69,60,36,51,96,32,37,58" hai1="107,54,108,5,53,27,48,102,29,132,62,110,2" hai2="25,104,112,68,38,111,44,28,73,115,46,97,89" hai3="86,59,7,116,127,121,39,134,56,91,130,84,83"/><W114/><G114/><T17/><D3/><U57/><E132/><V93/><F68/><W22/><G116/><T11/><D32/><U31/><E102/><V94/><F73/><W122/><G134/><T79/><D133/><U105/><E5/><V14/><F104/><N who="1" m="40009" /><E27/><V26/><F111/><N who="1" m="42537" /><E2/><V109/><F93/><N who="3" m="54503" /><G39/><T20/><D11/><U98/><E98/><V125/><F38/><W99/><G127/><T101/><D79/><U15/><E15/><V74/><F125/><W41/><G130/><N who="0" m="49707" /><D69/><U90/><E90/><V67/><F74/><W0/><G0/><T13/><D60/><U75/><E75/><V8/><F109/><W30/><G122/><T52/><D55/><U16/><E16/><V4/><F115/><W76/><G121/><T40/><D40/><U80/><E80/><V124/><F112/><W12/><G41/><T43/><D43/><U95/><E95/><AGARI ba="1,1" hai="13,17,20,36,37,51,52,58,95,96,101" m="49707" machi="95" ten="30,3900,0" yaku="19,1,52,1,54,1" doraHai="50" who="0" fromWho="1" sc="235,52,188,-42,392,0,175,0" owari="287,8.7,146,-35.4,392,49.2,175,-22.5" /></mjloggm>