<mjloggm ver="2.3"><GO type="225" lobby="0"/><UN n0="%E3%81%A8%E3%82%93%E3%81%A8%E3%81%93%E3%81%A8%E3%82%93" n1="%E5%8F%AF%E5%85%90%E9%82%A3%E7%94%B1%E5%A4%9A" n2="%E4%BE%BF%E6%89%80" n3="%72%69%6F%75%63%68%61%6E" dan="16,17,16,17" rate="2103.84,2250.66,2082.48,2233.56" sx="M,F,M,M"/><TAIKYOKU oya="0"/><INIT seed="0,0,0,4,4,33" ten="250,250,250,250" oya="0" hai0="23,3,73,71,132,78,66,25,36,74,22,32,94" hai1="6,5,83,20,43,120,109,12,99,11,100,86,135" hai2="29,76,38,44,72,39,37,126,45,129,59,51,57" hai3="15,31,97,54,48,26,112,35,56,63,24,96,52"/><T110/><D132/><U7/><E120/><V87/><F72/><W9/><G112/><T1/><D36/><U124/><E135/><V62/><F76/><W105/><G24/><T70/><D110/><U19/><E109/><V130/><F87/><W95/><G105/><T61/><D94/><U30/><E124/><V90/><F90/><W2/><G2/><N who="0" m="523" /><D22/><U16/><E43/><N who="2" m="24991" /><F29/><W58/><REACH who="3" step="1"/><G95/><REACH who="3" ten="250,250,250,240" step="2"/><T40/><D23/><U101/><E30/><V115/><F115/><W98/><G98/><T53/><D53/><U114/><E114/><V107/><F107/><W79/><G79/><T18/><D40/><U69/><E99/><V103/><F126/><W92/><G92/><T81/><D18/><AGARI ba="0,1" hai="9,15,18,26,31,35,48,52,54,56,58,63,96,97" machi="18" ten="30,3900,0" yaku="1,1,7,1,54,1,53,0" doraHai="33" doraHaiUra="131" who="3" fromWho="0" sc="250,-39,250,0,250,0,240,49" /><INIT seed="1,0,0,3,3,125" ten="211,250,250,289" oya="1" hai0="25,106,7,63,113,44,53,43,0,92,64,77,59" hai1="40,119,50,24,42,10,31,134,75,80,3,61,79" hai2="69,27,122,48,120,37,99,135,121,14,105,26,55" hai3="127,132,81,39,104,33,94,114,112,107,57,34,47"/><U133/><E119/><V18/><F37/><W103/><G127/><T4/><D106/><U49/><E61/><V35/><F69/><W38/><G57/><T70/><D113/><N who="3" m="43625" /><G94/><T87/><D0/><U111/><E111/><V83/><F135/><N who="1" m="51721" /><E10/><V84/><F99/><N who="3" m="61567" /><G132/><T36/><D25/><U109/><E3/><V78/><F105/><W13/><G13/><T108/><D108/><U115/><E109/><V74/><F74/><W91/><G91/><T76/><D77/><U97/><E97/><V29/><F27/><W98/><G81/><T15/><D15/><U96/><E96/><V128/><F120/><W51/><G51/><N who="1" m="19466" /><E115/><V41/><F122/><W86/><G86/><T1/><D1/><U28/><E28/><V116/><F121/><W124/><G124/><T11/><D11/><U6/><E6/><V82/><F116/><W68/><G68/><T90/><REACH who="0" step="1"/><D76/><REACH who="0" ten="201,250,250,289" step="2"/><U8/><E8/><V60/><F78/><W102/><G39/><T32/><D32/><AGARI ba="0,1" hai="24,31,32,40,42,75,79,80" m="19466,51721" machi="32" ten="30,1500,0" yaku="20,1" doraHai="125" who="1" fromWho="0" sc="201,-15,250,25,250,0,289,0" /><INIT seed="1,1,0,1,1,118" ten="186,275,250,289" oya="1" hai0="78,73,116,133,18,92,87,125,40,33,63,106,105" hai1="84,96,98,30,61,62,11,29,127,54,51,104,58" hai2="43,123,57,91,0,4,128,134,69,59,124,131,102" hai3="81,97,2,86,38,129,22,19,93,42,28,122,65"/><U7/><E127/><V5/><F102/><W79/><G122/><T135/><D33/><U85/><E104/><V70/><F124/><W119/><G129/><N who="2" m="49737" /><F43/><W24/><G119/><T35/><D116/><U50/><E11/><N who="2" m="2439" /><F5/><W36/><G2/><T37/><D125/><U132/><E7/><V76/><F76/><W114/><G114/><T27/><D73/><U117/><E117/><V47/><F47/><W6/><G6/><T113/><D113/><U56/><REACH who="1" step="1"/><E54/><REACH who="1" ten="186,265,250,289" step="2"/><V126/><F126/><W108/><G108/><T20/><D105/><U95/><E95/><V64/><F134/><AGARI ba="1,1" hai="29,30,50,51,56,58,61,62,84,85,96,98,132,134" machi="134" ten="25,12000,1" yaku="1,1,22,2,53,2" doraHai="118" doraHaiUra="53" who="1" fromWho="2" sc="186,0,265,133,250,-123,289,0" /><INIT seed="1,2,0,1,2,18" ten="186,398,127,289" oya="1" hai0="46,79,102,96,47,27,12,30,41,35,94,111,56" hai1="58,73,95,60,133,122,4,57,80,19,53,129,92" hai2="134,10,5,25,20,116,83,50,127,130,42,24,75" hai3="9,11,84,120,31,97,82,113,88,44,21,76,23"/><U59/><E122/><V106/><F116/><W103/><G120/><T39/><D111/><U74/><E129/><V6/><F106/><W123/><G123/><T38/><D79/><U86/><E133/><V7/><F134/><W34/><G113/><T43/><D56/><U100/><E4/><V115/><F130/><W8/><G44/><T118/><REACH who="0" step="1"/><D12/><REACH who="0" ten="176,398,127,289" step="2"/><U61/><E59/><V17/><F115/><W62/><G76/><T101/><D101/><U124/><E100/><V65/><F127/><W67/><G34/><T91/><D91/><U112/><E124/><V99/><F75/><W26/><G26/><T109/><D109/><U89/><E112/><V126/><F126/><W90/><G90/><T132/><D132/><U16/><E74/><V52/><F25/><W1/><G1/><T63/><D63/><U33/><E33/><V36/><F65/><W77/><G77/><T128/><D128/><U87/><E73/><V70/><F70/><W71/><REACH who="3" step="1"/><G31/><REACH who="3" ten="176,398,127,279" step="2"/><T125/><D125/><U3/><E3/><V51/><F24/><W45/><G45/><T14/><D14/><U117/><E89/><V72/><F72/><W108/><G108/><T29/><D29/><U49/><E117/><AGARI ba="2,2" hai="27,30,35,38,39,41,43,46,47,94,96,102,117,118" machi="117" ten="40,2600,0" yaku="1,1,9,1,53,0" doraHai="18" doraHaiUra="15" who="0" fromWho="1" sc="176,52,398,-32,127,0,279,0" /><INIT seed="2,0,0,5,4,86" ten="228,366,127,279" oya="2" hai0="128,56,124,94,5,104,29,113,89,123,105,75,66" hai1="90,24,36,135,125,116,100,121,15,99,130,54,88" hai2="57,59,41,7,34,58,6,74,63,35,122,51,31" hai3="132,44,77,40,92,62,84,3,19,97,21,107,8"/><V11/><F122/><W55/><G132/><T131/><D113/><U71/><E116/><V87/><F74/><W115/><G115/><T46/><D5/><U93/><E36/><V37/><F37/><W38/><G107/><T70/><D70/><U16/><E71/><V134/><F134/><W126/><G126/><T69/><D69/><U2/><E2/><V61/><F31/><W83/><G3/><T9/><D9/><N who="1" m="6255" /><E135/><V49/><F87/><W78/><G8/><T98/><D123/><U73/><E73/><V43/><F58/><W117/><G117/><T96/><D124/><U133/><E133/><V118/><REACH who="2" step="1"/><F11/><REACH who="2" ten="228,366,117,279" step="2"/><W64/><G84/><N who="0" m="52519" /><D75/><U39/><E121/><V109/><F109/><W17/><G38/><T65/><D29/><U27/><E39/><V20/><F20/><W13/><G21/><T12/><D56/><U10/><E125/><V72/><F72/><W1/><G78/><T26/><D46/><U91/><E10/><V23/><F23/><W53/><G77/><T80/><D98/><U45/><E130/><V85/><F85/><W28/><G97/><T18/><D96/><U25/><E45/><V106/><F106/><W67/><G44/><T82/><D105/><U110/><E110/><V68/><F68/><W114/><G114/><T95/><D104/><U76/><E76/><V52/><F52/><AGARI ba="0,1" hai="24,25,27,52,54,88,90,91,93,99,100" m="6255" machi="52" ten="30,12000,2" yaku="8,1,52,3,54,3" doraHai="86" who="1" fromWho="2" sc="228,0,366,130,117,-120,279,0" owari="228,-17.2,496,59.6,-3,-50.3,279,7.9" /></mjloggm>