<mjloggm ver="2.3"><GO type="225" lobby="0"/><UN n0="%E3%81%BE%E3%81%A8%E3%81%9F" n1="%E5%80%89%E6%A9%8B%EF%BC%A0%E4%BA%8B%E5%8B%99" n2="%E3%81%A1%E3%82%85%E3%81%86%E3%81%A9%E3%81%8F%E8%B1%A1%E3%81%95%E3%82%93" n3="%E3%81%86%E3%82%8C%E3%81%9F%E3%82%93%E6%9E%95" dan="16,16,17,16" rate="2114.79,2139.12,2149.28,2151.33" sx="M,M,M,F"/><TAIKYOKU oya="0"/><INIT seed="0,0,0,1,4,39" ten="250,250,250,250" oya="0" hai0="50,23,93,9,131,71,41,135,8,0,129,75,16" hai1="65,96,21,57,97,34,81,130,67,62,38,14,27" hai2="48,134,92,70,80,40,84,35,115,45,19,133,117" hai3="73,51,82,122,83,112,37,128,7,98,36,87,86"/><T101/><D75/><U28/><E130/><N who="0" m="49673" /><D71/><U114/><E114/><V89/><F115/><W72/><G112/><T126/><D126/><U53/><E38/><V94/><F70/><W18/><G128/><T43/><D50/><U24/><E14/><V108/><F108/><W121/><G7/><N who="0" m="1127" /><D9/><U105/><E81/><V110/><F110/><W66/><G51/><T104/><D104/><U64/><REACH who="1" step="1"/><E105/><REACH who="1" ten="250,240,250,250" step="2"/><V22/><F117/><W102/><G37/><T111/><D111/><U12/><E12/><N who="2" m="9575" /><F35/><W42/><G36/><T20/><D135/><AGARI ba="0,1" hai="40,45,48,80,84,89,92,94,133,134,135" m="9575" machi="135" ten="30,2000,0" yaku="20,1,52,1" doraHai="39" who="2" fromWho="0" sc="250,-20,240,0,250,30,250,0" /><INIT seed="1,0,0,4,2,33" ten="230,240,280,250" oya="1" hai0="27,70,5,19,98,106,10,117,12,9,0,61,41" hai1="72,100,56,108,99,94,75,13,44,93,83,24,122" hai2="125,116,95,52,127,15,29,60,80,22,57,16,78" hai3="118,74,17,69,119,97,46,18,77,63,47,107,21"/><U49/><E122/><V131/><F116/><N who="3" m="44587" /><G77/><T8/><D117/><U4/><E56/><V53/><F95/><W82/><G82/><T50/><D27/><U135/><E135/><V2/><F131/><W113/><G74/><T123/><D123/><U88/><E83/><V20/><F2/><W39/><G113/><T110/><D110/><U133/><E133/><V59/><F29/><W112/><G112/><T43/><D50/><U81/><E81/><V71/><F71/><W109/><G109/><T76/><D76/><U85/><E24/><V115/><F115/><W67/><G39/><T132/><D9/><U120/><E120/><V79/><F22/><W58/><G69/><T31/><D31/><U11/><REACH who="1" step="1"/><E108/><REACH who="1" ten="230,230,280,250" step="2"/><V36/><F80/><W73/><G73/><T45/><D132/><U105/><E105/><V130/><F130/><W64/><G64/><T84/><D106/><U124/><E124/><N who="2" m="47691" /><F79/><W86/><G107/><T87/><D45/><U35/><E35/><V1/><F78/><W42/><G47/><T128/><D128/><U101/><E101/><V54/><F59/><W103/><G46/><T68/><D70/><U62/><E62/><V90/><F57/><W129/><G129/><T96/><D61/><U55/><AGARI ba="0,1" hai="4,11,13,44,49,55,72,75,85,88,93,94,99,100" machi="55" ten="20,7800,0" yaku="1,1,0,1,7,1,54,1,53,0" doraHai="33" doraHaiUra="111" who="1" fromWho="1" sc="230,-26,230,88,280,-26,250,-26" /><INIT seed="1,1,0,5,1,16" ten="204,318,254,224" oya="1" hai0="126,7,115,22,122,11,45,100,66,10,84,109,130" hai1="6,79,18,96,92,60,21,131,55,104,12,68,78" hai2="39,54,0,8,87,93,75,57,125,132,77,89,40" hai3="128,121,35,114,24,108,107,9,103,15,13,56,28"/><U17/><E104/><V106/><F106/><W58/><G114/><T83/><D109/><U111/><E6/><V120/><F120/><W53/><G121/><T94/><D122/><U127/><E127/><V43/><F125/><W124/><G108/><T30/><D115/><U101/><E111/><V72/><F132/><W110/><G110/><T2/><D130/><U61/><E131/><V27/><F77/><W44/><G124/><T69/><D11/><N who="1" m="6303" /><E68/><V105/><F105/><W25/><G128/><T33/><D33/><U26/><E60/><V64/><F64/><W51/><G25/><T47/><D126/><U74/><E74/><V99/><F75/><W113/><G15/><T81/><D81/><U5/><E5/><V31/><F72/><W32/><G32/><T48/><D66/><U90/><E101/><V133/><F133/><W38/><G38/><T118/><D69/><U97/><E97/><V119/><F119/><W112/><G112/><T42/><D47/><U80/><E80/><V19/><F99/><W82/><G82/><T62/><D62/><U29/><E29/><V59/><F59/><AGARI ba="1,0" hai="18,21,26,55,59,61,78,79,90,92,96" m="6303" machi="59" ten="30,5800,0" yaku="25,1,8,1,52,1" doraHai="16" who="1" fromWho="2" sc="204,0,318,61,254,-61,224,0" /><INIT seed="1,2,0,0,0,28" ten="204,379,193,224" oya="1" hai0="119,68,115,131,27,94,51,22,15,118,132,13,84" hai1="112,122,64,55,135,31,71,89,40,39,104,61,63" hai2="127,8,26,96,53,97,105,44,25,20,109,74,42" hai3="3,103,29,114,24,6,86,102,130,52,72,9,81"/><U23/><E104/><V70/><F74/><W45/><G114/><T101/><D68/><U35/><E23/><V0/><F70/><W129/><G72/><T10/><D115/><U17/><E17/><V16/><F109/><W91/><G45/><T134/><D131/><N who="3" m="50185" /><G52/><T7/><D51/><U12/><E12/><N who="0" m="4681" /><D84/><U46/><E89/><V14/><F127/><W95/><G81/><T123/><D94/><U77/><E77/><V2/><F53/><W48/><G48/><T11/><D101/><U37/><E112/><V79/><F79/><W32/><AGARI ba="2,0" hai="3,6,9,24,29,32,86,91,95,102,103" m="50185" machi="32" ten="30,2000,0" yaku="19,1,52,1" doraHai="28" who="3" fromWho="3" sc="204,-7,379,-12,193,-7,224,26" /><INIT seed="2,0,0,0,4,59" ten="197,367,186,250" oya="2" hai0="115,96,37,9,89,126,82,51,71,73,60,128,104" hai1="69,121,80,34,30,66,18,77,19,127,97,41,15" hai2="17,94,64,70,45,135,52,61,63,62,99,43,56" hai3="124,106,47,5,1,53,21,112,12,122,134,120,24"/><V58/><F135/><W105/><G124/><T22/><D115/><U85/><E127/><V65/><F17/><W16/><G134/><T133/><D37/><U31/><E34/><V98/><F94/><W7/><G112/><T132/><D126/><U32/><E32/><V88/><F88/><W100/><G1/><T20/><D128/><U74/><E41/><V90/><F90/><W108/><G108/><T39/><D39/><AGARI ba="0,0" hai="39,43,45,52,56,58,61,62,63,64,65,70,98,99" machi="39" ten="30,12000,1" yaku="7,1,52,3,54,1" doraHai="59" who="2" fromWho="0" sc="197,-120,367,0,186,120,250,0" /><INIT seed="2,1,0,3,4,46" ten="77,367,306,250" oya="2" hai0="52,23,69,86,54,94,81,39,123,73,36,44,133" hai1="32,56,58,76,28,0,48,114,67,4,29,14,95" hai2="124,85,74,117,92,24,122,115,6,135,127,84,130" hai3="9,78,97,15,65,101,43,7,129,38,62,37,57"/><V63/><F117/><W11/><G129/><T80/><D123/><U16/><E0/><V71/><F122/><W112/><G78/><T96/><D133/><U111/><E4/><V100/><F74/><W88/><G112/><T59/><D69/><U91/><E32/><V27/><F135/><W89/><G11/><T125/><D125/><N who="2" m="48202" /><F130/><W110/><G110/><T61/><D73/><U20/><E111/><V25/><F115/><W12/><G12/><T10/><D36/><U64/><E76/><V42/><F42/><W68/><G68/><T82/><D39/><U40/><E114/><V103/><F6/><W113/><G113/><T3/><D3/><U41/><E67/><N who="2" m="41471" /><F92/><W30/><G30/><N who="1" m="11882" /><E64/><V132/><F132/><W134/><G134/><T131/><D131/><U50/><E41/><V106/><F106/><W128/><G128/><T2/><D2/><U105/><E105/><V22/><F22/><W66/><G66/><T55/><D23/><U45/><E48/><V21/><F21/><W8/><G8/><T47/><D10/><U98/><AGARI ba="1,0" hai="14,16,20,40,45,50,56,58,91,95,98" m="11882" machi="98" ten="30,4000,0" yaku="8,1,52,1,54,1" doraHai="46" who="1" fromWho="1" sc="77,-11,367,43,306,-21,250,-11" /><INIT seed="3,0,0,5,0,116" ten="66,410,285,239" oya="3" hai0="22,57,24,77,38,61,43,8,39,0,37,125,18" hai1="107,91,27,78,131,9,26,135,106,47,112,17,128" hai2="5,55,56,108,25,4,76,45,19,118,69,44,15" hai3="95,70,52,100,12,40,129,103,94,36,98,16,42"/><W7/><G129/><N who="1" m="49738" /><E112/><V35/><F69/><W67/><G36/><T30/><D125/><U29/><E78/><V13/><F118/><W72/><G72/><T88/><D57/><U96/><E47/><V58/><F108/><W33/><G33/><T89/><D61/><U102/><E91/><V62/><F76/><W82/><G82/><T99/><D99/><U23/><E135/><V104/><F104/><W127/><G127/><T101/><D101/><U130/><E130/><V74/><F74/><W84/><G7/><T83/><D18/><U80/><E80/><V60/><F35/><W10/><G67/><T75/><D38/><U32/><E9/><V66/><F25/><W126/><G70/><T114/><D39/><U51/><E51/><V134/><F134/><W123/><G123/><T122/><D122/><U65/><E65/><V46/><F15/><W109/><G109/><T49/><D49/><U110/><E110/><V73/><F73/><W92/><G126/><T41/><D41/><U1/><E107/><V111/><F111/><W115/><G115/><T48/><D48/><U2/><AGARI ba="0,0" hai="1,2,17,23,26,27,29,32,96,102,106" m="49738" machi="2" ten="30,1100,0" yaku="19,1" doraHai="116" who="1" fromWho="1" sc="66,-3,410,11,285,-3,239,-5" owari="63,-43.7,421,52.1,282,8.2,234,-16.6" /></mjloggm>