<mjloggm ver="2.3"><GO type="225" lobby="0"/><UN n0="%E5%A4%9C%E3%81%AE%E3%82%AC%E3%82%B9%E3%83%91%E3%83%BC%E3%83%AB" n1="%33%74%72%65%65" n2="%E3%81%9F%E3%81%8B%E3%80%82" n3="%E4%BF%BA%E3%81%A8%E5%A6%96%E5%A4%A2" dan="17,16,16,16" rate="2175.85,2138.61,2096.39,2140.78" sx="M,F,M,F"/><TAIKYOKU oya="0"/><INIT seed="0,0,0,3,3,14" ten="250,250,250,250" oya="0" hai0="86,46,68,119,115,25,92,81,102,27,83,75,110" hai1="11,42,91,16,108,134,103,128,131,9,66,113,88" hai2="80,64,93,72,39,124,54,90,23,121,112,6,21" hai3="24,120,51,34,8,12,55,104,84,114,50,56,116"/><T101/><D68/><U1/><E108/><V62/><F121/><W87/><G116/><T132/><D119/><U40/><E134/><V43/><F112/><W106/><G114/><T33/><D115/><U85/><E113/><V70/><F124/><W118/><G118/><T18/><D132/><U41/><E103/><N who="0" m="39433" /><D33/><U100/><E100/><V98/><F54/><W36/><G36/><T99/><D75/><U126/><E126/><V78/><REACH who="2" step="1"/><F6/><REACH who="2" ten="250,250,240,250" step="2"/><W53/><G120/><T29/><D110/><U30/><E66/><V60/><F60/><W76/><G104/><T10/><D46/><AGARI ba="0,1" hai="21,23,39,43,46,62,64,70,72,78,80,90,93,98" machi="46" ten="40,2600,0" yaku="1,1,53,1" doraHai="14" doraHaiUra="37" who="2" fromWho="0" sc="250,-26,250,0,240,36,250,0" /><INIT seed="1,0,0,2,3,81" ten="224,250,276,250" oya="1" hai0="59,124,121,67,13,68,26,92,77,109,110,38,98" hai1="36,17,39,69,25,28,108,58,11,50,114,101,91" hai2="127,117,49,34,88,104,3,29,74,94,47,86,0" hai3="119,73,134,66,21,15,106,10,113,18,85,9,20"/><U45/><E69/><V60/><F117/><W126/><G113/><T8/><D38/><U52/><E114/><V42/><F127/><W80/><G73/><T82/><D68/><U112/><E112/><V7/><F104/><W122/><G122/><T71/><D71/><U132/><E132/><V75/><F60/><W43/><G134/><T90/><D124/><U120/><E120/><V19/><F19/><W37/><G126/><T89/><D121/><U27/><E108/><V118/><F118/><W23/><G106/><T46/><D46/><U40/><E101/><V32/><F32/><W70/><G119/><T63/><D26/><U33/><E91/><V55/><F42/><W105/><G105/><T84/><REACH who="0" step="1"/><D89/><REACH who="0" ten="214,250,276,250" step="2"/><U93/><E27/><V116/><F116/><W48/><G37/><T133/><D133/><U56/><E36/><V79/><F79/><W78/><G70/><T65/><D65/><U76/><E76/><V100/><F100/><W130/><G66/><T62/><D62/><U129/><E39/><V87/><F29/><W4/><G130/><T41/><D41/><U5/><E40/><V35/><F35/><W95/><G43/><T51/><D51/><U83/><E28/><V53/><F34/><W64/><G64/><T125/><D125/><U16/><E33/><V14/><F49/><W102/><G48/><T97/><D97/><U30/><E30/><V135/><F47/><W57/><G102/><T12/><D12/><U128/><E45/><V123/><F14/><N who="3" m="7503" /><G57/><T54/><D54/><U61/><E50/><V115/><F55/><W1/><G15/><RYUUKYOKU ba="0,1" sc="214,15,250,-15,276,-15,250,15" hai0="8,13,59,63,67,77,82,84,90,92,98,109,110" hai3="1,4,10,20,21,23,78,80,85,95" /><INIT seed="2,1,1,2,5,133" ten="229,235,261,265" oya="2" hai0="92,76,35,100,82,36,123,96,33,22,60,67,135" hai1="48,119,70,90,63,83,65,37,14,43,56,59,12" hai2="126,93,134,113,4,130,91,42,68,9,50,74,54" hai3="25,115,98,95,41,24,62,81,1,28,78,44,132"/><V23/><F113/><W58/><G132/><T10/><D135/><U29/><E119/><V118/><F118/><W107/><G107/><T49/><D36/><U111/><E29/><V105/><F105/><W110/><G1/><T120/><D10/><U102/><E102/><V0/><F134/><W40/><G110/><T45/><D22/><U30/><E30/><V80/><F68/><W34/><G24/><T99/><D99/><U18/><E111/><V79/><F130/><W72/><G44/><T61/><D61/><U114/><E114/><V46/><F23/><W101/><REACH who="3" step="1"/><G115/><REACH who="3" ten="229,235,261,255" step="2"/><T21/><D120/><U66/><E12/><V17/><F17/><W75/><G75/><T94/><D123/><U128/><E14/><V26/><F26/><W15/><G15/><T3/><D3/><U131/><E18/><V51/><F126/><W55/><AGARI ba="1,2" hai="25,28,34,40,41,55,58,62,72,78,81,95,98,101" machi="55" ten="20,5200,0" yaku="1,1,0,1,7,1,53,1" doraHai="133" doraHaiUra="20" who="3" fromWho="3" sc="229,-14,235,-14,261,-27,255,75" /><INIT seed="3,0,0,0,1,47" ten="215,221,234,330" oya="3" hai0="114,7,80,132,130,82,123,51,69,48,59,98,14" hai1="29,125,91,120,52,61,20,36,44,18,63,10,115" hai2="71,85,77,78,90,58,73,37,74,135,86,49,121" hai3="97,101,126,105,60,22,57,53,55,24,134,50,40"/><W2/><G2/><T25/><D123/><U108/><E115/><V119/><F71/><W117/><G117/><T131/><D69/><U41/><E120/><V102/><F37/><W100/><G134/><T107/><D132/><U23/><E108/><V116/><F58/><W128/><G128/><N who="0" m="49195" /><D114/><U67/><E125/><V54/><F49/><N who="0" m="19018" /><D59/><U56/><E29/><V99/><F54/><W122/><G126/><T33/><D33/><U1/><E91/><V43/><F43/><W133/><G133/><T88/><D25/><U84/><E84/><N who="2" m="32363" /><F121/><W34/><G34/><T65/><D65/><U127/><E127/><V109/><F135/><W21/><G24/><T103/><D88/><U4/><E67/><V9/><F90/><W30/><G122/><T11/><AGARI ba="0,0" hai="7,11,14,80,82,98,103,107" m="19018,49195" machi="11" ten="30,7900,0" yaku="19,1,52,3" doraHai="47" who="0" fromWho="0" sc="215,79,221,-20,234,-20,330,-39" /><INIT seed="4,0,0,1,0,7" ten="294,201,214,291" oya="0" hai0="70,106,74,41,69,8,59,17,134,3,21,130,55" hai1="135,15,123,61,4,75,66,36,111,52,34,76,131" hai2="110,116,133,18,120,35,40,79,57,92,47,125,39" hai3="10,51,128,73,45,102,38,115,105,117,50,72,95"/><T62/><D106/><U124/><E123/><V68/><F120/><W14/><G117/><T30/><D74/><U43/><E111/><V87/><F110/><W44/><G38/><T60/><D130/><U29/><E131/><V0/><F68/><W49/><G105/><T127/><D127/><U93/><E124/><V94/><F125/><W64/><G128/><T103/><D103/><U113/><E135/><V89/><F35/><W16/><G115/><T108/><D108/><U54/><E113/><V32/><F32/><W58/><G73/><T101/><D101/><U5/><E93/><V129/><F129/><W88/><G102/><T83/><D83/><N who="1" m="45471" /><E29/><V118/><F133/><W119/><G119/><N who="2" m="45609" /><F0/><W12/><G12/><T23/><D134/><U109/><E34/><V132/><F132/><W26/><G26/><T37/><D30/><U71/><E109/><V77/><F18/><W25/><G25/><T112/><D112/><U20/><E4/><V56/><F94/><W6/><G6/><T84/><D17/><N who="1" m="10303" /><E5/><V80/><F79/><W46/><G72/><AGARI ba="0,0" hai="39,40,47,56,57,72,77,80,87,89,92" m="45609" machi="72" ten="30,1000,0" yaku="12,1" doraHai="7" who="2" fromWho="3" sc="294,0,201,0,214,10,291,-10" /><INIT seed="5,0,0,5,3,39" ten="294,201,224,281" oya="1" hai0="52,96,67,106,85,25,108,128,92,21,89,61,49" hai1="65,54,127,107,23,12,2,87,83,40,4,0,82" hai2="102,57,117,130,116,30,42,68,86,7,32,20,13" hai3="98,53,59,15,47,70,91,27,62,3,6,73,79"/><U24/><E127/><V135/><F68/><W46/><G3/><T11/><D108/><U66/><E107/><V50/><F32/><W10/><G70/><T84/><D128/><U100/><E0/><V43/><F135/><W126/><G126/><T132/><D132/><U72/><E2/><V114/><F130/><W35/><G73/><T16/><D106/><U45/><E72/><V115/><F102/><W74/><G74/><T103/><D11/><N who="1" m="4199" /><E100/><V64/><F86/><W111/><G79/><T99/><D99/><U69/><E69/><V14/><F14/><W94/><REACH who="3" step="1"/><G111/><REACH who="3" ten="294,201,224,271" step="2"/><T75/><D75/><U118/><E118/><V133/><F117/><W78/><G78/><T17/><D85/><U63/><E87/><V101/><F116/><W51/><G51/><T58/><D84/><U55/><E83/><V125/><F125/><W9/><G9/><T8/><D8/><U28/><E82/><V119/><F119/><W121/><G121/><T110/><D110/><U105/><E105/><V56/><F133/><W38/><G38/><T22/><D49/><N who="1" m="26791" /><E63/><N who="2" m="37991" /><F50/><W34/><G34/><T90/><D67/><AGARI ba="0,1" hai="23,24,28,54,55,65,66,67" m="26791,4199" machi="67" ten="30,2900,0" yaku="8,1,52,1" doraHai="39" who="1" fromWho="0" sc="294,-29,201,39,224,0,271,0" /><INIT seed="5,1,0,4,2,69" ten="265,240,224,271" oya="1" hai0="120,20,113,78,61,115,5,102,66,101,43,129,53" hai1="11,15,121,74,50,88,118,76,16,59,28,25,122" hai2="62,107,124,38,0,77,9,114,130,21,93,19,1" hai3="27,54,34,109,134,10,60,94,105,22,17,96,23"/><U70/><E70/><V71/><F107/><W39/><G109/><T125/><D129/><U133/><E118/><V48/><F130/><W127/><G105/><T68/><D125/><U13/><E133/><V95/><F124/><W119/><G127/><T45/><D120/><U18/><E88/><V92/><F38/><W65/><G34/><T6/><D78/><U82/><E59/><V58/><F77/><W64/><G10/><T33/><D33/><U73/><E73/><V128/><F128/><W112/><G134/><T116/><D53/><U63/><E63/><V41/><F71/><W37/><G112/><N who="0" m="43083" /><D20/><U47/><E28/><V79/><F79/><W81/><G81/><T40/><D40/><U67/><E67/><V12/><F9/><W135/><G135/><T36/><D116/><U44/><E25/><V8/><F8/><W30/><G54/><T132/><D132/><U126/><E126/><V49/><F114/><W103/><G65/><T85/><D85/><U83/><E76/><V32/><F32/><W108/><G108/><T72/><D72/><U117/><E11/><V89/><F89/><W3/><G3/><T106/><D106/><U4/><E74/><V99/><F1/><W57/><G119/><T35/><D35/><U86/><E117/><V56/><F0/><W42/><G42/><T100/><AGARI ba="1,0" hai="5,6,36,43,45,61,66,68,100,101,102" m="43083" machi="100" ten="30,2000,0" yaku="15,1,52,1" doraHai="69" who="0" fromWho="0" sc="265,23,240,-11,224,-6,271,-6" /><INIT seed="6,0,0,3,1,37" ten="288,229,218,265" oya="2" hai0="28,20,110,17,53,100,22,1,108,11,15,78,33" hai1="45,72,2,91,129,77,113,89,49,66,99,51,14" hai2="41,97,85,58,117,32,34,69,52,81,10,126,57" hai3="121,86,67,7,84,3,124,107,38,48,0,123,64"/><V93/><F69/><W25/><G38/><T130/><D100/><U42/><E2/><V55/><F117/><W125/><G48/><T21/><D78/><U29/><E113/><V128/><F128/><W112/><G25/><N who="0" m="18575" /><D53/><N who="2" m="20554" /><F34/><W30/><G30/><T12/><D130/><U23/><E129/><V116/><F32/><W135/><G7/><N who="0" m="3199" /><D1/><U132/><E132/><V31/><F116/><W103/><G135/><T90/><D90/><U83/><E66/><V27/><F126/><W8/><G103/><T44/><D44/><U101/><E51/><V74/><F74/><W59/><G107/><T114/><D114/><U120/><E120/><V102/><F10/><AGARI ba="0,0" hai="10,15,17,20,21,22,108,110" m="3199,18575" machi="10" ten="30,2000,0" yaku="34,2" doraHai="37" who="0" fromWho="2" sc="288,20,229,0,218,-20,265,0" owari="308,40.8,229,-17.1,198,-30.2,265,6.5" /></mjloggm>