<mjloggm ver="2.3"><GO type="225" lobby="0"/><UN n0="%E7%AB%8B%E8%8A%B1%E9%9F%BF" n1="%E9%9B%80%E6%A5%B5%E3%81%AE%E3%81%B8" n2="%65%2D%73%65%70%65%6E%3B" n3="%E3%81%82%E3%81%99%E3%81%AB%E3%82%83%E3%82%80" dan="17,16,16,16" rate="2138.14,2130.59,2131.86,2120.83" sx="F,M,M,F"/><TAIKYOKU oya="0"/><INIT seed="0,0,0,1,3,102" ten="250,250,250,250" oya="0" hai0="62,91,73,63,32,2,127,58,18,42,40,34,28" hai1="6,9,86,131,5,31,108,70,61,92,45,10,71" hai2="26,85,60,57,96,11,84,22,23,51,3,117,0" hai3="43,68,134,21,67,105,75,36,65,130,93,124,7"/><T80/><D127/><U8/><E108/><V66/><F117/><W122/><G124/><T113/><D113/><U119/><E119/><V13/><F51/><W129/><G75/><T100/><D2/><U110/><E110/><V90/><F96/><W50/><G36/><T116/><D116/><U118/><E131/><N who="3" m="50186" /><G134/><T41/><D100/><U115/><E31/><V4/><F84/><W12/><G122/><T24/><D34/><U99/><E86/><V95/><REACH who="2" step="1"/><F22/><REACH who="2" ten="250,250,240,250" step="2"/><W106/><G21/><T126/><D126/><U79/><E99/><V76/><F76/><W1/><G50/><T125/><D125/><U38/><E79/><V128/><F128/><W133/><G133/><T39/><D39/><U25/><E38/><V55/><F55/><W46/><G43/><T14/><D73/><U109/><E118/><V103/><F103/><W48/><G48/><T74/><D74/><U121/><E121/><V64/><F64/><W107/><G46/><T94/><D80/><U97/><E45/><V135/><F135/><W30/><G65/><T27/><D32/><U35/><E97/><V16/><AGARI ba="0,1" hai="0,3,4,11,13,16,23,26,57,60,66,85,90,95" machi="16" ten="20,8000,1" yaku="1,1,0,1,7,1,54,1,53,1" doraHai="102" doraHaiUra="52" who="2" fromWho="2" sc="250,-40,250,-20,240,90,250,-20" /><INIT seed="1,0,0,1,5,54" ten="210,230,330,230" oya="1" hai0="64,78,57,6,32,129,62,122,106,15,24,118,108" hai1="73,119,18,11,69,38,13,4,101,100,115,33,1" hai2="112,46,94,80,42,83,82,133,105,44,56,123,51" hai3="39,98,125,96,36,12,41,90,43,109,86,2,9"/><U91/><E69/><V19/><F105/><W93/><G2/><T104/><D118/><U114/><E119/><V121/><F133/><W117/><G109/><T50/><D108/><U134/><E38/><V110/><F112/><W40/><G117/><T5/><D129/><U28/><E73/><V120/><F110/><W7/><REACH who="3" step="1"/><G125/><REACH who="3" ten="210,230,330,220" step="2"/><T27/><D122/><U102/><E114/><V49/><F121/><W113/><G113/><T14/><D106/><U130/><E115/><V45/><F120/><W0/><G0/><T111/><D104/><U71/><E1/><V47/><F123/><W76/><G76/><T126/><D111/><U72/><E134/><V30/><F42/><W35/><G35/><T58/><D126/><U26/><E33/><V67/><F44/><W92/><G92/><T25/><D78/><U89/><E130/><V20/><F94/><W10/><G10/><T74/><D32/><U79/><E11/><V53/><F45/><W77/><G77/><T124/><D124/><U61/><E79/><V135/><F46/><W22/><G22/><T65/><D74/><U60/><E72/><V85/><F135/><W70/><G70/><T48/><D27/><U52/><E26/><V131/><F131/><W88/><G88/><T75/><D75/><U34/><E89/><V68/><F68/><W8/><G8/><T84/><D84/><U99/><E91/><V107/><F85/><W116/><G116/><T23/><D23/><U87/><E34/><V95/><F107/><W17/><G17/><T97/><D97/><AGARI ba="0,1" hai="7,9,12,36,39,40,41,43,86,90,93,96,97,98" machi="97" ten="40,1300,0" yaku="1,1,53,0" doraHai="54" doraHaiUra="63" who="3" fromWho="0" sc="210,-13,230,0,330,0,220,23" /><INIT seed="2,0,0,1,5,73" ten="197,230,330,243" oya="2" hai0="13,23,42,9,133,62,72,99,38,92,107,3,77" hai1="78,106,101,98,69,121,1,79,87,122,35,15,59" hai2="117,108,66,24,22,134,43,89,114,21,33,60,75" hai3="125,81,111,25,46,82,118,11,12,91,90,86,2"/><V41/><F117/><W71/><G71/><T65/><D133/><U132/><E1/><V88/><F114/><W115/><G118/><T93/><D23/><U36/><E69/><V80/><F33/><W126/><G111/><T119/><D119/><U123/><E132/><V5/><F134/><W51/><G2/><T29/><D29/><U4/><E36/><V113/><F113/><W34/><G115/><T63/><D107/><U74/><E35/><V67/><F5/><W83/><G34/><T16/><D3/><U64/><E87/><N who="2" m="50279" /><F75/><W85/><G25/><T109/><D109/><U49/><E74/><V102/><F102/><W94/><G94/><T103/><D93/><U70/><E70/><V55/><F21/><W112/><G112/><T27/><D27/><U17/><E4/><V128/><F89/><W97/><G97/><T104/><D104/><U10/><E49/><V31/><F128/><W32/><G81/><T50/><D38/><U131/><E131/><V48/><F108/><W40/><REACH who="3" step="1"/><G32/><REACH who="3" ten="197,230,330,233" step="2"/><T14/><D14/><U53/><E121/><V58/><F66/><W44/><G44/><AGARI ba="0,1" hai="22,24,31,41,43,44,48,55,58,60,67" m="50279" machi="44" ten="30,2900,0" yaku="8,1,54,1" doraHai="73" who="2" fromWho="3" sc="197,0,230,0,330,39,233,-29" /><INIT seed="2,1,0,3,2,96" ten="197,230,369,204" oya="2" hai0="99,122,46,30,51,75,101,79,116,97,54,98,124" hai1="50,131,13,31,114,111,109,80,77,126,112,27,123" hai2="120,95,69,26,102,68,90,129,71,119,24,125,66" hai3="121,10,87,21,65,35,3,55,86,34,48,88,74"/><V115/><F120/><W91/><G74/><T117/><D122/><U2/><E2/><V18/><F119/><N who="0" m="45642" /><D124/><U1/><E1/><V44/><F115/><W6/><G121/><T93/><D30/><U83/><E123/><V135/><F66/><W19/><G65/><T28/><D28/><U62/><E126/><V36/><F129/><W106/><G106/><T63/><D63/><U41/><E131/><V132/><F125/><W49/><G49/><T133/><D133/><U105/><E105/><V53/><F18/><W60/><G60/><T43/><D43/><U81/><E13/><V128/><F128/><W67/><G67/><T5/><D5/><U9/><E9/><V100/><F24/><W8/><G8/><T23/><D23/><U113/><E62/><V76/><F26/><W127/><G127/><T17/><D17/><U12/><E12/><V37/><F53/><W70/><G70/><T61/><D61/><U22/><E77/><V104/><F76/><W0/><G0/><T39/><D39/><N who="2" m="14922" /><F44/><W89/><G34/><T73/><D73/><U45/><AGARI ba="1,0" hai="22,27,31,41,45,50,80,81,83,109,111,112,113,114" machi="45" ten="40,1500,0" yaku="0,1" doraHai="96" who="1" fromWho="1" sc="197,-5,230,18,369,-8,204,-5" /><INIT seed="3,0,0,5,5,64" ten="192,248,361,199" oya="3" hai0="29,132,40,1,117,16,52,91,78,50,68,32,134" hai1="14,105,79,28,118,38,62,96,54,24,60,69,107" hai2="45,126,85,67,8,59,92,39,51,88,95,100,0" hai3="81,56,3,123,80,46,97,120,127,21,133,53,77"/><W36/><G3/><T76/><D117/><U84/><E38/><V104/><F104/><W125/><G133/><N who="0" m="51307" /><D40/><U18/><E62/><N who="2" m="38367" /><F39/><W130/><G130/><T122/><D122/><U48/><E18/><V135/><F0/><W115/><G115/><T27/><D68/><U106/><E84/><V99/><F126/><N who="3" m="48139" /><G97/><T7/><D16/><U113/><E24/><V4/><F135/><W71/><G71/><T86/><D7/><U101/><E54/><N who="2" m="30063" /><F4/><W93/><G93/><N who="0" m="54519" /><D1/><U124/><E124/><V10/><AGARI ba="0,0" hai="8,10,85,88,92,95,99,100" m="30063,38367" machi="10" ten="30,2000,0" yaku="8,1,54,1" doraHai="64" who="2" fromWho="2" sc="192,-5,248,-5,361,20,199,-10" owari="187,-31.3,243,4.3,381,48.1,189,-21.1" /></mjloggm>