<mjloggm ver="2.3"><GO type="225" lobby="0"/><UN n0="%E3%83%A9%E3%83%BC%E3%83%A1%E3%83%B3%E4%BA%94%E9%83%8E" n1="%E9%BB%99%E8%81%B4%E3%81%AE%E3%81%99%E3%82%9D%E3%82%81" n2="%4B%2E%32%2E%4B%2E" n3="%E3%81%8B%E3%82%8F%E3%81%A1%E3%82%83%E3%82%93%35%38" dan="16,16,17,16" rate="2153.42,2137.08,2193.60,2160.36" sx="M,M,M,M"/><TAIKYOKU oya="0"/><INIT seed="0,0,0,3,5,135" ten="250,250,250,250" oya="0" hai0="34,33,94,105,86,90,24,36,101,110,72,31,3" hai1="92,51,71,48,134,43,25,126,73,76,35,66,23" hai2="99,42,0,115,112,37,131,20,130,14,98,49,53" hai3="17,26,119,70,84,111,50,81,118,6,93,18,74"/><T21/><D36/><U133/><E35/><V120/><F120/><W47/><G70/><T80/><D3/><U91/><E73/><V122/><F122/><W9/><G74/><T125/><D110/><U132/><E76/><V113/><F0/><W16/><G111/><T19/><D31/><U97/><E43/><V22/><F42/><W85/><G93/><T123/><D123/><U1/><E1/><V67/><F67/><W88/><G85/><T30/><D30/><U106/><E106/><V116/><F116/><W117/><G6/><T12/><D24/><U107/><E107/><V96/><F37/><W100/><G100/><T27/><D27/><U52/><E126/><V55/><F14/><W79/><G26/><T95/><D95/><U58/><E66/><V45/><REACH who="2" step="1"/><F55/><REACH who="2" ten="250,250,240,250" step="2"/><N who="3" m="30175" /><G79/><N who="0" m="44135" /><D125/><U61/><REACH who="1" step="1"/><E71/><REACH who="1" ten="250,240,240,250" step="2"/><V4/><F4/><W62/><G118/><T54/><D54/><U68/><E68/><V83/><F83/><W78/><G119/><T87/><D87/><U75/><E75/><V108/><F108/><W121/><G117/><T64/><D64/><U39/><E39/><V44/><F44/><W63/><G121/><T46/><D46/><U32/><E32/><V102/><F102/><W65/><G65/><T2/><D2/><U77/><E77/><V104/><F104/><W114/><G78/><T5/><D5/><U8/><E8/><V41/><F41/><W15/><G114/><T69/><D69/><U89/><E89/><V7/><F7/><W82/><G82/><N who="0" m="49495" /><D105/><U109/><E109/><V124/><F124/><W127/><G127/><T56/><D56/><RYUUKYOKU ba="0,2" sc="250,0,240,0,240,0,250,0" hai0="12,19,21,33,34,94,101" hai1="23,25,48,51,52,58,61,91,92,97,132,133,134" hai2="20,22,45,49,53,96,98,99,112,113,115,130,131" hai3="9,15,16,17,18,62,63,81,84,88" /><INIT seed="0,1,2,1,0,31" ten="250,240,240,250" oya="0" hai0="122,62,84,65,124,19,41,8,53,109,54,119,89" hai1="130,133,32,112,39,57,40,64,36,99,75,69,123" hai2="104,134,114,100,28,103,24,111,33,17,113,81,80" hai3="48,0,6,115,70,121,35,21,88,20,34,60,71"/><T91/><D119/><U90/><E75/><V56/><F111/><W4/><G48/><T18/><D122/><U66/><E123/><V83/><F134/><W68/><G121/><T94/><D109/><U97/><E130/><V11/><F56/><W5/><G60/><T55/><D124/><U125/><E133/><V106/><F17/><W74/><G74/><T128/><D128/><U108/><E108/><V1/><F11/><W12/><G12/><T132/><D132/><U59/><E90/><V118/><F1/><W14/><G14/><T96/><D41/><U76/><E40/><V44/><F118/><W135/><G135/><T101/><D8/><U107/><E76/><V13/><F13/><W79/><G88/><N who="0" m="33867" /><D84/><U58/><E58/><AGARI ba="1,2" hai="18,19,53,54,55,58,62,65,94,96,101" m="33867" machi="58" ten="30,2900,0" yaku="8,1,54,1" doraHai="31" who="0" fromWho="1" sc="250,52,240,-32,240,0,250,0" /><INIT seed="0,2,0,4,2,7" ten="302,208,240,250" oya="0" hai0="79,70,68,50,78,111,10,71,21,59,122,124,97" hai1="60,115,116,130,134,106,31,110,57,63,102,112,0" hai2="37,20,36,96,83,93,98,94,119,26,52,38,32" hai3="87,35,73,133,104,27,41,51,131,40,100,113,92"/><T62/><D122/><U39/><E116/><V53/><F32/><W90/><G113/><T28/><D124/><U84/><E39/><V43/><F43/><W11/><G73/><T121/><D121/><U103/><E0/><V17/><F119/><W80/><G133/><T120/><D120/><U109/><E31/><V125/><F125/><W126/><G126/><T95/><D50/><U91/><E130/><V16/><F83/><W123/><G123/><T135/><D135/><U13/><E13/><V18/><F94/><W85/><G131/><T72/><D72/><U19/><E19/><V101/><REACH who="2" step="1"/><F98/><REACH who="2" ten="302,208,230,250" step="2"/><W15/><G92/><T8/><D95/><U77/><E134/><V47/><F47/><W86/><G35/><T105/><D97/><U30/><E115/><V99/><F99/><W48/><G86/><T69/><D105/><U56/><E112/><V118/><F118/><W58/><G87/><T3/><D78/><U29/><E84/><V76/><F76/><W5/><G41/><T1/><D79/><U89/><REACH who="1" step="1"/><E77/><REACH who="1" ten="302,198,230,250" step="2"/><V75/><F75/><W54/><G85/><T128/><D128/><U33/><E33/><V117/><F117/><W129/><G129/><T132/><D132/><U55/><E55/><AGARI ba="2,2" hai="16,17,18,20,26,36,37,38,52,53,55,93,96,101" machi="55" ten="40,8000,1" yaku="1,1,54,2,53,1" doraHai="7" doraHaiUra="88" who="2" fromWho="1" sc="302,0,198,-86,230,106,250,0" /><INIT seed="1,0,0,3,3,86" ten="302,112,336,250" oya="1" hai0="100,58,8,72,47,70,25,60,115,97,130,3,24" hai1="65,50,135,62,110,35,124,77,76,26,107,75,53" hai2="36,22,125,31,13,67,1,119,39,14,134,93,54" hai3="83,18,121,84,64,103,91,41,113,19,29,63,51"/><U116/><E116/><V108/><F119/><W105/><G121/><T82/><D115/><U99/><E124/><V17/><F1/><W38/><G113/><T117/><D70/><N who="1" m="42295" /><E75/><V128/><F128/><W133/><G133/><T104/><D130/><U55/><E135/><V118/><F108/><W7/><G38/><T66/><D117/><U132/><E132/><V12/><F118/><W120/><G120/><T9/><D3/><U59/><E55/><V81/><F134/><W79/><G7/><T114/><D114/><U16/><E16/><V71/><F17/><W88/><G29/><T61/><D72/><U69/><E69/><V43/><F14/><W28/><G28/><T96/><D82/><U21/><E21/><V45/><F13/><W106/><G106/><T4/><D4/><U42/><E42/><V98/><F12/><W102/><G105/><T95/><D104/><U0/><E0/><V23/><F23/><W32/><G32/><T52/><D97/><U87/><E87/><V131/><F22/><W68/><G18/><T20/><D25/><U74/><E74/><V40/><F40/><W37/><G19/><N who="0" m="12319" /><D61/><U5/><E5/><V30/><F71/><W123/><G123/><T48/><AGARI ba="0,0" hai="8,9,47,48,52,58,60,66,95,96,100" m="12319" machi="48" ten="30,2000,0" yaku="8,1,54,1" doraHai="86" who="0" fromWho="0" sc="302,20,112,-10,336,-5,250,-5" /><INIT seed="2,0,0,4,3,52" ten="322,102,331,245" oya="2" hai0="17,20,116,53,47,44,82,14,115,83,88,107,56" hai1="108,85,11,120,92,1,34,16,29,70,46,38,131" hai2="119,76,8,89,2,59,71,128,18,48,4,28,114" hai3="50,81,100,87,23,26,134,91,69,13,39,55,125"/><V84/><F114/><W78/><G39/><T68/><D115/><U58/><E70/><V98/><F119/><W124/><G69/><T104/><D68/><U111/><E131/><V31/><F71/><W9/><G134/><T62/><D116/><U24/><E120/><V77/><F128/><W132/><G132/><T103/><D107/><U64/><E38/><V21/><F98/><W72/><G100/><T97/><REACH who="0" step="1"/><D82/><REACH who="0" ten="312,102,331,245" step="2"/><U117/><E117/><V10/><F31/><W121/><G121/><T33/><D33/><U19/><E111/><V126/><F28/><W57/><G72/><T127/><D127/><U35/><E35/><V94/><F126/><W43/><G43/><T45/><D45/><U5/><E46/><V40/><F10/><W133/><G133/><T63/><D63/><U49/><E108/><V12/><F40/><W22/><G22/><T66/><D66/><U135/><E135/><V130/><F130/><W129/><G129/><T3/><D3/><U105/><E105/><V37/><F37/><W102/><G102/><T0/><D0/><U95/><E95/><V60/><F48/><W74/><G74/><T54/><D54/><AGARI ba="0,1" hai="2,4,8,12,18,21,54,59,60,76,77,84,89,94" machi="54" ten="30,2900,0" yaku="7,1,52,1" doraHai="52" who="2" fromWho="0" sc="312,-29,102,0,331,39,245,0" /><INIT seed="2,1,0,3,4,110" ten="283,102,370,245" oya="2" hai0="63,22,47,48,104,88,41,109,77,83,92,32,31" hai1="37,0,86,65,67,121,103,125,78,9,16,120,45" hai2="35,40,57,100,118,42,91,66,60,33,75,3,61" hai3="23,46,81,28,17,74,12,19,53,123,43,122,95"/><V1/><F75/><W21/><G28/><T115/><D109/><U102/><E78/><V127/><F118/><W108/><G108/><T131/><D104/><U117/><E86/><V7/><F100/><W128/><G128/><T36/><D131/><U73/><E73/><V82/><F127/><W84/><G74/><T105/><D105/><U97/><E97/><V129/><F129/><W38/><G95/><T8/><D32/><U72/><E72/><V93/><F82/><W34/><G34/><T130/><D130/><U56/><E0/><V24/><F7/><W80/><G80/><T135/><D135/><U133/><E133/><V68/><F3/><W55/><G123/><T112/><D63/><U6/><E6/><V13/><F13/><W15/><REACH who="3" step="1"/><G122/><REACH who="3" ten="283,102,370,235" step="2"/><T114/><D31/><U87/><E121/><V79/><F35/><W94/><G94/><T39/><D83/><U107/><E120/><V89/><F93/><W119/><G119/><T85/><D77/><AGARI ba="1,1" hai="12,15,17,19,21,23,38,43,46,53,55,77,81,84" machi="77" ten="30,8000,1" yaku="1,1,7,1,9,1,53,2" doraHai="110" doraHaiUra="51" who="3" fromWho="0" sc="283,-83,102,0,370,0,235,93" /><INIT seed="3,0,0,0,2,126" ten="200,102,370,328" oya="3" hai0="95,53,116,39,78,92,98,37,110,43,97,33,56" hai1="3,123,18,84,15,19,73,104,40,102,23,69,79" hai2="91,41,35,101,22,112,86,90,60,57,67,132,107" hai3="46,64,119,51,83,34,94,52,130,55,87,115,117"/><W129/><G34/><T45/><D116/><U74/><E3/><V100/><F35/><W99/><G115/><T24/><D39/><U113/><E123/><V71/><F112/><W5/><G64/><T21/><D33/><U75/><E69/><V134/><F41/><W58/><G5/><T28/><D78/><U2/><E2/><V27/><F107/><W0/><G0/><T29/><D29/><U76/><E113/><V10/><F10/><W48/><G119/><T70/><D70/><U81/><E40/><V49/><F49/><W13/><G13/><T131/><D110/><U20/><E102/><N who="2" m="39531" /><F86/><W36/><G36/><T111/><D111/><U103/><E103/><V127/><F127/><W59/><G117/><T80/><D80/><U54/><E104/><V6/><F6/><W118/><G118/><T122/><D122/><U62/><E62/><V7/><F7/><W128/><G99/><T8/><D8/><U4/><E4/><V89/><F71/><W65/><G94/><T106/><D106/><U30/><E30/><N who="2" m="17783" /><F134/><W135/><G135/><T88/><D95/><U105/><E105/><V42/><F42/><W61/><G87/><T25/><D25/><U121/><E121/><V38/><F38/><W47/><G83/><T114/><D114/><U66/><E66/><N who="2" m="39183" /><F132/><W125/><G125/><T77/><D77/><U63/><E63/><V32/><F32/><W17/><G46/><T12/><D12/><U85/><E54/><V93/><F67/><W11/><G11/><T109/><D109/><U124/><E124/><V96/><AGARI ba="0,0" hai="89,90,91,93,96" m="39183,17783,39531" machi="96" ten="30,1100,0" yaku="8,1" doraHai="126" who="2" fromWho="2" sc="200,-3,102,-3,370,11,328,-5" owari="197,-20.3,99,-40.1,381,48.1,323,12.3" /></mjloggm>