<mjloggm ver="2.3"><GO type="225" lobby="0"/><UN n0="%47%68%6F%73%74%55%30" n1="%E3%81%B5%E3%81%98%E3%81%8B%E3%81%A4" n2="%E3%81%A9%E3%82%8F%E3%82%93%E3%81%94" n3="%E3%82%A2%E3%82%A4%E3%82%B9%E3%83%86%E3%82%A3%E3%83%BC%E3%81%82%E3%81%B9" dan="17,16,16,16" rate="2189.49,2105.78,2049.73,2092.84" sx="M,M,M,M"/><TAIKYOKU oya="0"/><INIT seed="0,0,0,4,0,49" ten="250,250,250,250" oya="0" hai0="59,89,108,129,10,120,13,16,30,130,63,37,60" hai1="46,38,54,56,106,68,111,36,15,24,124,18,134" hai2="20,132,88,131,34,85,116,29,12,2,48,4,6" hai3="75,7,22,122,91,78,58,123,33,104,82,93,8"/><T23/><D120/><U55/><E106/><V98/><F2/><W84/><G33/><T127/><D37/><U57/><E24/><V32/><F98/><W28/><G28/><T31/><D127/><U109/><E124/><V128/><F132/><W103/><G22/><T14/><D108/><N who="1" m="41547" /><E68/><V51/><F116/><W125/><G125/><T135/><D135/><U102/><E102/><V11/><F6/><W74/><G75/><T87/><D63/><N who="1" m="36247" /><E46/><V27/><F32/><W1/><REACH who="3" step="1"/><G58/><REACH who="3" ten="250,250,250,240" step="2"/><T79/><D31/><U117/><E134/><V121/><F34/><W52/><G52/><N who="0" m="33895" /><D30/><U62/><E117/><V86/><F121/><W112/><G112/><T45/><D45/><U100/><E100/><V96/><F131/><N who="0" m="50186" /><D10/><AGARI ba="0,1" hai="10,15,18,36,38,55,57,62" m="36247,41547" machi="10" ten="30,3900,0" yaku="14,1,52,2" doraHai="49" who="1" fromWho="0" sc="250,-39,250,49,250,0,240,0" /><INIT seed="1,0,0,4,3,93" ten="211,299,250,240" oya="1" hai0="7,50,51,113,33,4,8,86,61,42,77,79,101" hai1="44,23,45,119,25,27,124,38,46,83,74,129,71" hai2="127,47,30,43,66,3,105,58,67,84,112,109,100" hai3="28,19,36,14,88,15,72,91,81,69,133,92,130"/><U106/><E119/><V60/><F3/><W104/><G104/><T68/><D113/><U121/><E71/><V17/><F112/><W116/><G116/><T21/><D33/><U132/><E121/><V111/><F30/><W125/><G125/><T2/><D101/><U97/><E124/><V75/><F75/><W126/><G126/><T13/><D68/><U11/><E132/><V118/><F127/><W78/><G130/><T135/><D135/><U96/><E106/><V26/><F118/><W76/><G36/><T80/><D61/><U128/><E38/><V123/><F123/><W1/><G1/><T34/><D34/><U18/><E11/><V65/><F84/><N who="3" m="50191" /><G72/><T9/><D77/><N who="3" m="29801" /><G69/><T114/><D114/><U120/><E120/><V20/><F100/><W32/><G32/><T37/><D21/><N who="1" m="13495" /><E83/><V102/><F102/><W89/><G28/><T115/><D115/><U99/><E74/><V48/><REACH who="2" step="1"/><F105/><REACH who="2" ten="211,299,240,240" step="2"/><W10/><G133/><T98/><D2/><U5/><E129/><V52/><AGARI ba="0,1" hai="17,20,26,43,47,48,52,58,60,65,66,67,109,111" machi="52" ten="30,8000,1" yaku="1,1,2,1,0,1,54,1,53,1" doraHai="93" doraHaiUra="40" who="2" fromWho="2" sc="211,-20,299,-40,240,90,240,-20" /><INIT seed="2,0,0,2,3,86" ten="191,259,330,220" oya="2" hai0="77,92,90,53,72,101,95,56,54,8,132,66,52" hai1="129,120,125,135,29,3,14,19,47,4,115,124,113" hai2="96,126,93,74,46,60,127,134,85,15,108,57,121" hai3="11,0,10,83,109,80,73,63,21,50,100,84,36"/><V7/><F121/><W103/><G36/><T35/><D35/><U58/><E58/><V24/><F74/><W81/><G109/><T110/><D110/><U102/><E47/><V130/><F108/><W97/><G73/><T91/><D132/><U70/><E70/><V104/><F134/><W123/><G123/><T76/><D72/><U55/><E55/><N who="0" m="21065" /><D66/><U89/><E120/><V48/><F104/><W42/><G0/><T59/><D8/><N who="3" m="3113" /><G63/><N who="0" m="36247" /><D59/><U16/><E135/><V82/><F57/><W67/><G67/><T128/><D128/><U131/><E102/><N who="3" m="38954" /><G21/><T112/><D112/><U68/><E68/><V37/><F37/><W51/><G97/><N who="0" m="57495" /><D101/><U31/><E3/><V118/><F130/><W25/><G42/><T32/><D32/><U28/><E115/><V40/><F40/><W2/><G2/><T117/><D117/><U44/><E113/><V105/><F118/><W26/><G84/><AGARI ba="0,0" hai="76,77,84,91,95" m="57495,36247,21065" machi="84" ten="30,7700,0" yaku="8,1,52,2,54,1" doraHai="86" who="0" fromWho="3" sc="191,77,259,0,330,0,220,-77" /><INIT seed="3,0,0,2,5,0" ten="268,259,330,143" oya="3" hai0="82,70,1,135,71,132,111,123,81,95,15,63,127" hai1="25,102,109,79,60,3,59,43,57,2,103,34,99" hai2="87,107,131,61,41,17,48,84,23,93,44,24,121" hai3="114,115,113,88,31,21,67,106,76,133,49,46,26"/><W78/><G133/><N who="0" m="51275" /><D123/><U62/><E109/><V19/><F107/><W85/><G106/><T110/><D1/><U45/><E79/><V89/><F131/><W37/><G37/><T92/><D15/><U96/><E34/><V126/><F126/><W42/><REACH who="3" step="1"/><G67/><REACH who="3" ten="268,259,330,133" step="2"/><N who="0" m="41343" /><D127/><U36/><E36/><V134/><F134/><W80/><AGARI ba="0,1" hai="21,26,31,42,46,49,76,78,80,85,88,113,114,115" machi="80" ten="30,6000,0" yaku="1,1,0,1,54,1,53,0" doraHai="0" doraHaiUra="90" who="3" fromWho="3" sc="268,-20,259,-20,330,-20,133,70" /><INIT seed="3,1,0,0,0,65" ten="248,239,310,203" oya="3" hai0="109,40,47,70,42,107,79,73,35,10,131,39,121" hai1="38,123,105,57,33,104,100,101,1,81,92,50,3" hai2="135,13,78,122,89,25,90,94,64,60,62,34,119" hai3="130,95,106,96,113,124,37,5,102,128,28,63,44"/><W4/><G113/><T45/><D109/><U36/><E123/><V88/><F78/><W84/><G124/><T103/><D121/><U112/><E112/><V19/><F122/><W82/><G28/><T87/><D87/><U8/><E8/><V49/><F119/><W91/><G63/><T2/><D35/><U12/><E12/><V16/><F135/><W30/><G30/><T7/><D131/><N who="3" m="50217" /><G106/><N who="1" m="41066" /><E81/><V127/><F34/><W11/><G11/><T41/><D41/><AGARI ba="1,0" hai="4,5,37,41,44,82,84,91,95,96,102" m="50217" machi="41" ten="30,1500,0" yaku="19,1" doraHai="65" who="3" fromWho="0" sc="248,-18,239,0,310,0,203,18" /><INIT seed="3,2,0,0,1,133" ten="230,239,310,221" oya="3" hai0="53,89,56,60,80,82,24,83,115,95,86,72,48" hai1="9,69,99,52,21,43,42,68,6,63,32,124,11" hai2="28,36,127,111,4,31,2,23,101,16,123,67,110" hai3="30,5,19,22,105,84,81,66,109,128,113,27,3"/><W119/><G119/><T76/><D115/><U78/><E124/><V49/><F127/><W118/><G118/><T92/><D92/><U98/><E32/><V12/><F36/><W61/><G113/><T54/><D24/><U114/><E114/><V18/><F67/><W40/><G105/><T75/><D75/><U120/><E120/><V87/><F123/><W134/><G134/><T71/><D71/><U7/><E21/><V100/><F87/><W121/><G121/><T8/><D8/><U79/><E63/><V39/><F39/><W25/><G128/><T34/><D34/><U55/><AGARI ba="2,0" hai="6,7,9,11,42,43,52,55,68,69,78,79,98,99" machi="55" ten="25,6400,0" yaku="0,1,22,2,54,1" doraHai="133" who="1" fromWho="1" sc="230,-18,239,70,310,-18,221,-34" owari="212,-18.8,309,40.9,292,9.2,187,-31.3" /></mjloggm>