<mjloggm ver="2.3"><GO type="225" lobby="0"/><UN n0="%E3%81%A6%E3%81%A4%EF%BC%A3" n1="%E3%81%86%E3%81%A3%E3%81%97%E3%83%BC%30%30" n2="%E3%81%A0%E3%81%8A" n3="%E6%97%A5%E6%9B%9C%E6%97%A5%E3%82%88%E3%82%8A%E3%81%AE%E4%BD%BF%E8%80%85" dan="16,16,16,17" rate="2063.79,2168.87,2010.95,2203.75" sx="M,M,M,M"/><TAIKYOKU oya="0"/><INIT seed="0,0,0,4,0,8" ten="250,250,250,250" oya="0" hai0="3,44,10,117,78,66,67,123,133,18,124,71,84" hai1="135,56,41,103,96,94,100,82,108,49,38,46,45" hai2="23,109,81,53,61,33,102,9,65,42,122,79,40" hai3="32,63,20,70,47,69,125,89,48,91,43,119,111"/><T29/><D117/><U77/><E108/><V113/><F33/><W36/><G119/><T13/><D123/><U116/><E135/><V130/><F122/><W87/><G32/><T118/><D118/><U76/><E116/><V85/><F113/><W99/><G111/><T131/><D133/><U92/><E56/><V101/><F130/><W104/><G125/><T7/><D124/><U126/><E126/><V50/><F23/><W11/><G20/><T28/><D131/><U88/><E94/><V105/><F9/><W35/><G35/><T58/><D44/><U97/><E97/><V128/><F128/><W5/><G36/><T73/><D73/><U22/><E22/><V80/><F80/><W59/><G104/><T15/><D3/><U12/><E12/><V30/><F30/><N who="0" m="11882" /><D58/><U134/><E134/><V129/><F129/><W31/><G31/><T6/><D71/><U1/><E1/><V106/><F106/><W26/><G26/><T112/><D112/><U14/><E14/><N who="0" m="5129" /><D18/><U27/><E27/><V17/><F17/><W72/><G72/><T4/><D10/><U51/><E38/><V19/><F19/><W114/><G114/><T107/><D107/><U37/><E37/><V95/><F105/><W34/><G34/><T25/><D25/><U54/><REACH who="1" step="1"/><E77/><REACH who="1" ten="250,240,250,250" step="2"/><V127/><F79/><W0/><G70/><T2/><D2/><U110/><E110/><V60/><F109/><W68/><G69/><T55/><D78/><U16/><E16/><V90/><F127/><W62/><G68/><T75/><D4/><U93/><E93/><V98/><F95/><RYUUKYOKU ba="0,1" sc="250,-10,240,30,250,-10,250,-10" hai1="41,45,46,49,51,54,76,82,88,92,96,100,103" /><INIT seed="1,1,1,1,1,112" ten="240,270,240,240" oya="1" hai0="134,87,82,91,109,21,115,59,63,114,75,33,13" hai1="22,72,68,44,110,111,92,42,6,7,64,27,50" hai2="104,103,12,67,97,14,132,25,49,116,17,34,107" hai3="20,96,51,113,120,73,53,129,41,43,9,78,80"/><U55/><E72/><V18/><F132/><W76/><G113/><T88/><D134/><U108/><E68/><V0/><F0/><W16/><G120/><T15/><D33/><U100/><E64/><V85/><F107/><W30/><G129/><T90/><D109/><U79/><E79/><V3/><F3/><W83/><G96/><T86/><D115/><U101/><E42/><V38/><F38/><W23/><G30/><T26/><D75/><U130/><E130/><V122/><F67/><W62/><G62/><T56/><D91/><U93/><E93/><V102/><F102/><N who="1" m="39529" /><E92/><V95/><F104/><W89/><G9/><T36/><D36/><U52/><E55/><V133/><F122/><W81/><G89/><T124/><D124/><U32/><E32/><V127/><F127/><W77/><G73/><T131/><D131/><U54/><E54/><V5/><F133/><W98/><G98/><T28/><D114/><U118/><E118/><V135/><F116/><W128/><G128/><T84/><D84/><U94/><E94/><V4/><F85/><W10/><G43/><T105/><D105/><U106/><E106/><V8/><F135/><W19/><G41/><T39/><D39/><U117/><E117/><V2/><F2/><W48/><G53/><N who="0" m="34191" /><D59/><U61/><E61/><V119/><F119/><W40/><G40/><T60/><D60/><U99/><E99/><V70/><F70/><W66/><G66/><T37/><D37/><U46/><E46/><V121/><F121/><W123/><G123/><T125/><D125/><U1/><E1/><V24/><F34/><RYUUKYOKU ba="1,1" sc="240,15,270,15,240,-15,240,-15" hai0="13,15,21,26,28,82,86,87,88,90" hai1="6,7,22,27,44,50,52,108,110,111" /><INIT seed="1,2,1,3,0,124" ten="255,285,225,225" oya="1" hai0="56,87,98,133,88,66,74,9,58,110,8,6,100" hai1="7,92,130,24,1,16,123,69,27,82,111,126,134" hai2="20,39,105,40,10,72,21,3,17,76,103,121,60" hai3="14,99,18,128,44,75,122,51,86,54,4,109,114"/><U36/><E36/><V32/><F32/><W118/><G114/><T22/><D74/><U26/><E69/><V13/><F121/><W94/><G122/><T35/><D35/><U127/><E123/><V108/><F108/><W79/><G109/><T49/><D133/><U30/><E111/><V52/><F39/><W95/><G75/><T38/><D38/><U117/><E92/><V5/><F40/><W89/><G118/><T15/><D9/><N who="1" m="2287" /><E82/><V97/><F76/><W37/><G37/><T90/><D110/><U115/><E117/><V46/><F72/><W125/><G125/><N who="1" m="47626" /><E115/><V47/><REACH who="2" step="1"/><F20/><REACH who="2" ten="255,285,215,225" step="2"/><W71/><G79/><T57/><D22/><N who="1" m="15639" /><E134/><V83/><F83/><W102/><G71/><T70/><D70/><U64/><E64/><V63/><F63/><W91/><G51/><T19/><D66/><U33/><E33/><V116/><F116/><W11/><G54/><T112/><D112/><U131/><E27/><V43/><F43/><W2/><G102/><T106/><D49/><U129/><E26/><V59/><AGARI ba="2,2" hai="3,5,10,13,17,21,46,47,52,59,60,97,103,105" machi="59" ten="30,4000,0" yaku="1,1,0,1,54,1,53,0" doraHai="124" doraHaiUra="81" who="2" fromWho="2" sc="255,-12,285,-22,215,66,225,-12" /><INIT seed="2,0,0,5,0,20" ten="243,263,281,213" oya="2" hai0="24,37,123,122,44,14,95,12,53,76,46,59,41" hai1="28,56,5,40,102,74,23,98,111,8,130,22,39" hai2="96,32,82,34,93,61,134,47,129,108,45,127,30" hai3="118,38,36,78,64,7,67,29,120,19,43,135,113"/><V1/><F1/><W33/><G118/><T50/><D76/><U75/><E111/><V100/><F127/><W71/><G120/><T101/><D123/><U72/><E130/><V18/><F129/><W13/><G7/><T65/><D122/><U103/><E103/><V116/><F134/><W124/><G78/><T117/><D117/><U86/><E86/><V107/><F107/><W77/><G77/><T16/><D101/><U133/><E133/><V97/><F97/><W27/><G135/><T94/><D24/><U6/><E6/><V25/><F32/><W26/><G124/><T15/><D95/><U0/><E28/><V109/><F116/><W99/><G113/><T119/><D119/><U57/><E57/><V81/><F61/><W35/><G99/><T85/><D65/><U132/><E132/><V62/><F108/><W126/><G126/><T11/><REACH who="0" step="1"/><D44/><REACH who="0" ten="233,263,281,213" step="2"/><U79/><E79/><V69/><F45/><W83/><G83/><T115/><D115/><U10/><E102/><V52/><F47/><W70/><G29/><T48/><D48/><U110/><E75/><V51/><F30/><W63/><G63/><T88/><AGARI ba="0,1" hai="11,12,14,15,16,37,41,46,50,53,59,85,88,94" machi="88" ten="30,8000,1" yaku="1,1,0,1,54,2,53,1" doraHai="20" doraHaiUra="91" who="0" fromWho="0" sc="233,90,263,-20,281,-40,213,-20" /><INIT seed="3,0,0,3,5,14" ten="323,243,241,193" oya="3" hai0="134,15,92,122,116,97,127,106,69,99,125,71,121" hai1="24,105,91,17,16,43,39,35,135,93,36,129,108" hai2="22,94,98,87,28,123,74,118,115,130,11,52,82" hai3="51,80,4,110,85,2,1,101,111,89,25,120,47"/><W37/><G37/><T54/><D116/><U59/><E105/><V73/><F115/><W55/><G120/><N who="0" m="46187" /><D54/><U83/><E108/><N who="3" m="41514" /><G101/><N who="0" m="62767" /><D15/><U21/><E129/><V70/><F130/><W102/><G102/><N who="0" m="60775" /><D134/><U128/><E135/><V58/><F70/><W5/><G25/><T19/><D19/><U53/><E83/><V38/><F38/><W12/><G12/><T46/><D46/><U76/><E76/><V72/><F118/><W6/><AGARI ba="0,0" hai="1,2,4,5,6,47,51,55,80,85,89" m="41514" machi="6" ten="30,3000,0" yaku="14,1,10,1" doraHai="14" who="3" fromWho="3" sc="323,-10,243,-10,241,-10,193,30" /><INIT seed="3,1,0,2,4,17" ten="313,233,231,223" oya="3" hai0="8,78,109,83,130,111,105,113,80,103,122,91,53" hai1="14,42,61,132,119,66,70,116,124,7,43,44,58" hai2="28,24,126,15,23,117,33,107,114,86,118,47,3" hai3="93,6,72,40,13,75,123,71,115,0,131,18,39"/><W10/><G115/><T22/><D122/><U26/><E132/><V2/><F114/><W81/><G123/><T38/><D113/><U57/><E124/><V89/><F107/><W112/><G112/><T27/><D38/><N who="1" m="21591" /><E43/><V52/><F126/><W110/><G71/><T106/><D130/><U65/><E65/><V25/><F15/><W35/><G131/><T95/><D8/><N who="1" m="4383" /><E26/><V120/><F120/><W59/><G35/><T16/><D53/><U82/><E82/><N who="0" m="31273" /><D103/><U87/><E87/><V121/><F121/><W34/><G34/><T5/><D5/><U21/><E21/><V48/><F2/><W32/><G32/><T67/><D67/><U94/><E94/><V77/><F77/><N who="3" m="44199" /><G75/><T36/><D36/><U19/><E19/><V4/><F4/><W108/><G93/><T29/><D29/><U9/><E9/><V88/><F3/><W125/><G125/><T76/><D106/><U133/><E133/><V102/><F102/><W11/><G59/><T128/><D105/><U135/><E135/><V31/><F89/><W129/><G129/><T51/><D51/><U54/><E54/><V37/><F37/><W97/><G97/><N who="0" m="57599" /><D128/><U100/><E100/><V99/><F99/><W41/><G39/><T73/><D73/><U12/><E119/><V101/><F101/><W50/><G50/><T134/><D134/><U64/><E116/><V84/><F84/><W68/><G68/><T56/><D56/><N who="1" m="21611" /><E66/><V85/><F85/><W69/><G69/><T62/><D62/><U30/><E30/><V92/><AGARI ba="1,0" hai="23,24,25,28,31,33,47,48,52,86,88,92,117,118" machi="92" ten="20,8000,1" yaku="0,1,7,1,52,1,54,2" doraHai="17" who="2" fromWho="2" sc="313,-21,233,-21,231,83,223,-41" owari="292,9.2,212,-18.8,314,41.4,182,-31.8" /></mjloggm>