<mjloggm ver="2.3"><GO type="225" lobby="0"/><UN n0="%E9%87%8E%E3%80%85%E5%AE%AE%E8%97%8D" n1="%E5%8D%A0%E3%81%84%E5%B8%AB%E8%A3%8F%E3%81%AA%E3%81%84%E3%81%97" n2="%E3%81%B5%E3%81%98%E3%81%8B%E3%81%A4" n3="%E3%82%B4%E3%83%AA%E3%83%91%E3%83%A9" dan="17,17,16,16" rate="2172.73,2204.59,2209.49,2134.16" sx="F,M,M,M"/><TAIKYOKU oya="0"/><INIT seed="0,0,0,1,2,61" ten="250,250,250,250" oya="0" hai0="129,13,109,0,79,103,91,88,114,135,1,87,18" hai1="96,20,77,39,6,12,95,123,104,31,68,62,10" hai2="27,94,122,124,111,63,127,32,33,35,69,3,19" hai3="133,70,59,7,115,67,37,83,81,78,29,54,112"/><T16/><D114/><U14/><E123/><V49/><F122/><W45/><G133/><T98/><D135/><U73/><E39/><V106/><F106/><W60/><G29/><T125/><D125/><N who="2" m="48202" /><F3/><W50/><G7/><T23/><D129/><U22/><E104/><V58/><F111/><W51/><G83/><N who="0" m="47615" /><D0/><U71/><E77/><V105/><F105/><W97/><G97/><T93/><D1/><U5/><E73/><V119/><F119/><W41/><REACH who="3" step="1"/><G50/><REACH who="3" ten="250,250,250,240" step="2"/><T85/><D109/><U102/><E31/><N who="2" m="19583" /><F19/><W113/><G113/><T121/><D121/><U116/><E5/><V118/><F118/><W34/><G34/><T57/><D18/><U74/><E116/><V134/><F134/><W82/><G82/><N who="0" m="49207" /><D57/><U8/><E6/><V107/><F69/><W43/><G43/><T80/><D80/><U66/><E68/><V26/><F35/><W108/><G108/><T46/><D46/><U21/><REACH who="1" step="1"/><E74/><AGARI ba="0,1" hai="37,41,45,51,54,59,60,67,70,74,78,81,112,115" machi="74" ten="30,12000,2" yaku="1,1,7,1,24,2,52,1,53,1" doraHai="61" doraHaiUra="56" who="3" fromWho="1" sc="250,0,250,-120,250,0,240,130" /><INIT seed="1,0,0,3,2,0" ten="250,130,250,370" oya="1" hai0="134,81,34,132,32,3,44,14,102,57,127,128,114" hai1="103,113,63,7,9,124,98,67,53,91,100,40,111" hai2="71,121,101,65,16,133,83,129,48,15,59,12,74" hai3="107,87,90,73,88,19,5,43,2,30,110,70,49"/><U35/><E113/><V4/><F121/><W117/><G73/><T69/><D3/><U116/><E116/><V68/><F133/><W27/><G110/><T56/><D69/><U31/><E111/><V115/><F101/><W89/><G70/><T37/><D114/><U135/><E135/><N who="0" m="51753" /><D127/><U95/><E124/><V79/><F115/><W125/><G107/><T92/><D81/><U33/><E40/><V72/><F129/><W93/><G19/><T52/><D14/><U41/><E41/><V22/><F72/><W108/><G108/><T97/><D128/><U1/><E53/><V54/><REACH who="2" step="1"/><F65/><REACH who="2" ten="250,130,240,370" step="2"/><W61/><G125/><T96/><D102/><U26/><REACH who="1" step="1"/><E35/><REACH who="1" ten="250,120,240,370" step="2"/><V55/><F55/><W58/><G117/><T38/><D32/><U105/><E105/><V10/><AGARI ba="0,2" hai="4,10,12,15,16,22,48,54,59,68,71,74,79,83" machi="10" ten="30,7900,0" yaku="1,1,0,1,52,1,54,1,53,0" doraHai="0" doraHaiUra="25" who="2" fromWho="2" sc="250,-20,120,-39,240,99,370,-20" /><INIT seed="2,0,0,0,1,83" ten="230,81,339,350" oya="2" hai0="4,8,120,0,58,37,87,86,123,13,41,74,24" hai1="65,106,121,21,46,62,43,104,124,31,134,63,126" hai2="90,23,69,133,5,27,40,109,30,20,59,29,76" hai3="22,6,75,108,48,54,119,94,113,117,61,32,132"/><V70/><F133/><W25/><G108/><T79/><D13/><U17/><E134/><V34/><F109/><W55/><G75/><T71/><D71/><U107/><E31/><V64/><F5/><W14/><G132/><T99/><D99/><U81/><E121/><N who="0" m="46665" /><D58/><U131/><E131/><V42/><F76/><W129/><G129/><T116/><D24/><U125/><E65/><V127/><F127/><W44/><G32/><T105/><D105/><U111/><E111/><V95/><F34/><W130/><G113/><T60/><D60/><U26/><REACH who="1" step="1"/><E81/><REACH who="1" ten="230,71,339,350" step="2"/><V39/><F64/><W84/><G130/><T52/><D116/><U100/><E100/><V28/><F70/><W38/><G119/><T67/><D67/><U101/><E101/><V93/><F69/><W73/><G117/><T97/><D74/><U122/><E122/><V47/><F30/><W102/><G73/><T19/><D97/><U92/><E92/><V91/><F95/><W9/><G102/><T51/><D87/><U72/><E72/><V12/><F93/><W110/><G94/><T135/><D135/><U103/><E103/><V57/><F29/><W82/><G110/><T128/><D128/><U1/><E1/><V11/><F28/><W88/><G82/><T50/><D86/><U2/><E2/><V16/><F39/><AGARI ba="0,1" hai="17,21,26,39,43,46,62,63,104,106,107,124,125,126" machi="39" ten="50,3200,0" yaku="1,1,18,1,53,0" doraHai="83" doraHaiUra="3" who="1" fromWho="2" sc="230,0,71,42,339,-32,350,0" /><INIT seed="3,0,0,4,3,127" ten="230,113,307,350" oya="3" hai0="100,56,88,124,113,122,49,30,24,131,78,92,114" hai1="62,95,18,40,79,26,23,104,98,119,81,47,134" hai2="75,60,72,22,135,68,2,105,74,80,39,9,44" hai3="65,101,12,97,130,64,108,103,86,90,96,21,36"/><W132/><G130/><T87/><D122/><U123/><E123/><V50/><F135/><W3/><G3/><T57/><D124/><U53/><E134/><V76/><F22/><W94/><G36/><T111/><D111/><U35/><E119/><V1/><F50/><W7/><G108/><T69/><D69/><U118/><E118/><V38/><F105/><W42/><G42/><T133/><D133/><U34/><E104/><V110/><F110/><W27/><G132/><T15/><D100/><N who="3" m="38473" /><G12/><T99/><D15/><U109/><E109/><V8/><F8/><W54/><G54/><T46/><D131/><U61/><E61/><V115/><F115/><W89/><G7/><T121/><D121/><U20/><E20/><V85/><F85/><W31/><G97/><T91/><D78/><U59/><E40/><N who="2" m="22551" /><F39/><W28/><G28/><T48/><D48/><U77/><E47/><V29/><F29/><W70/><G70/><T33/><D114/><U51/><E51/><V45/><F45/><W63/><G63/><T129/><D129/><U41/><E41/><V126/><F126/><W71/><G71/><T106/><D113/><U117/><E117/><V67/><F1/><W83/><AGARI ba="0,0" hai="21,27,31,64,65,83,86,89,90,94,96" m="38473" machi="83" ten="30,1500,0" yaku="8,1" doraHai="127" who="3" fromWho="3" sc="230,-5,113,-5,307,-5,350,15" owari="225,-17.5,108,-39.2,302,10.2,365,46.5" /></mjloggm>