<mjloggm ver="2.3"><GO type="225" lobby="0"/><UN n0="%E3%81%BF%E3%81%BF%E3%81%9A" n1="%E5%8F%AF%E5%85%90%E9%82%A3%E7%94%B1%E5%A4%9A" n2="%E3%81%95%E3%81%8D%E3%81%9F%E3%81%BE%E6%9E%97%E6%AA%8E" n3="%E3%81%9F%E3%81%93%E2%98%86%E7%84%BC%E3%81%8D" dan="17,16,16,16" rate="2244.20,2137.00,2090.38,2071.43" sx="M,F,M,M"/><TAIKYOKU oya="0"/><INIT seed="0,0,0,5,3,93" ten="250,250,250,250" oya="0" hai0="117,126,85,104,31,87,39,6,82,9,62,101,98" hai1="114,107,118,123,134,116,115,92,89,69,86,37,77" hai2="49,14,96,56,0,15,120,67,127,30,135,41,53" hai3="74,73,20,132,26,131,113,4,1,63,40,71,55"/><T124/><D117/><N who="1" m="45163" /><E37/><V10/><F120/><W65/><G113/><N who="1" m="43018" /><E69/><V25/><F135/><W29/><G131/><T72/><D31/><U64/><E64/><V48/><F127/><N who="0" m="48682" /><D39/><U54/><E54/><V23/><F67/><W66/><G40/><T111/><D111/><U102/><E123/><V121/><F121/><W133/><G66/><T51/><D62/><U68/><E68/><V22/><F0/><W88/><G55/><T83/><D51/><U2/><E2/><V84/><F84/><N who="0" m="32330" /><D72/><U129/><E129/><V112/><F112/><W59/><G71/><T100/><D100/><U52/><E52/><N who="2" m="31751" /><F41/><W57/><G59/><T5/><D5/><U47/><E47/><V18/><F53/><W103/><G73/><T125/><N who="0" m="48690" /><T99/><DORA hai="28" /><D99/><N who="1" m="61919" /><E134/><V16/><F49/><W128/><G4/><T3/><AGARI ba="0,0" hai="3,6,9,82,83,98,101,104" m="32330,48690" machi="3" ten="40,3900,0" yaku="18,1,52,1" doraHai="93,28" who="0" fromWho="0" sc="250,39,250,-13,250,-13,250,-13" /><INIT seed="0,1,0,1,1,35" ten="289,237,237,237" oya="0" hai0="85,58,14,82,111,98,106,66,3,20,60,70,57" hai1="127,97,119,118,6,39,128,74,84,77,103,21,13" hai2="15,41,88,31,113,86,64,30,0,96,123,48,115" hai3="65,9,17,24,91,116,108,11,42,27,59,87,2"/><T43/><D43/><U117/><E127/><V135/><F123/><W69/><G108/><T93/><D106/><U19/><E128/><V129/><F64/><W67/><G69/><T83/><D111/><U18/><E39/><V126/><F129/><W133/><G133/><T124/><D124/><U16/><E74/><V105/><F126/><W34/><G42/><T53/><D3/><U81/><REACH who="1" step="1"/><E6/><REACH who="1" ten="289,227,237,237" step="2"/><V1/><F115/><W72/><G72/><T89/><D70/><U121/><E121/><V54/><F113/><W49/><G116/><T10/><D20/><U71/><E71/><V109/><F109/><W104/><G34/><T37/><D37/><U28/><E28/><V112/><F31/><W94/><G17/><T40/><D40/><U100/><E100/><V68/><F30/><W50/><G67/><T78/><D82/><U5/><E5/><V125/><F125/><W79/><G65/><T80/><D83/><U38/><E38/><V52/><F112/><W12/><G50/><T36/><D36/><U110/><BYE who="0" /><E110/><UN n0="%E3%81%BF%E3%81%BF%E3%81%9A" /><V62/><F41/><W122/><G49/><T63/><D80/><U73/><E73/><V55/><F48/><W56/><G122/><T4/><D78/><U75/><E75/><V44/><F68/><W45/><G79/><T131/><D131/><U114/><E114/><V33/><F33/><W22/><G45/><T8/><D8/><U102/><E102/><V51/><F44/><W61/><G9/><T134/><D134/><U32/><E32/><V130/><F135/><W23/><G11/><T107/><D66/><U120/><E120/><RYUUKYOKU ba="1,1" sc="289,-10,227,30,237,-10,237,-10" hai1="13,16,18,19,21,77,81,84,97,103,117,118,119" /><INIT seed="1,2,1,0,0,106" ten="279,257,227,227" oya="1" hai0="27,62,50,60,23,84,49,16,129,37,58,12,42" hai1="32,74,59,89,39,73,43,67,112,21,121,2,9" hai2="83,126,0,75,85,36,51,70,29,78,20,92,57" hai3="101,128,65,11,41,105,52,81,124,98,108,7,91"/><U113/><E121/><V127/><F36/><W40/><G108/><T28/><D129/><U4/><E21/><V15/><F70/><W87/><G128/><T18/><D37/><U100/><E89/><N who="2" m="53295" /><F0/><W61/><G124/><N who="2" m="47657" /><F51/><W66/><G52/><N who="0" m="32015" /><D84/><U25/><E100/><V33/><F57/><W45/><G45/><N who="0" m="25911" /><D28/><N who="1" m="19471" /><E59/><V119/><F119/><W132/><G132/><T10/><AGARI ba="2,1" hai="10,12,16,18,23,27,60,62" m="25911,32015" machi="10" ten="30,4000,0" yaku="8,1,54,2" doraHai="106" who="0" fromWho="0" sc="279,56,257,-22,227,-12,227,-12" /><INIT seed="2,0,0,4,3,85" ten="335,235,215,215" oya="2" hai0="64,34,41,78,40,20,133,27,72,73,108,130,11" hai1="90,93,82,123,61,125,109,28,74,32,35,22,1" hai2="43,24,135,105,76,46,91,49,84,116,120,5,26" hai3="98,107,71,88,118,62,75,114,99,79,23,12,51"/><V14/><F116/><W134/><G118/><T96/><D34/><U9/><E109/><V63/><F120/><W83/><G134/><T42/><D64/><U110/><E110/><V67/><F135/><W106/><G99/><T69/><D69/><U45/><E125/><V3/><F3/><W2/><G2/><T101/><D108/><U119/><E119/><V124/><F105/><W54/><G114/><T95/><D133/><U21/><E123/><V33/><F33/><W50/><G50/><T94/><D130/><U81/><E61/><V121/><F124/><W19/><G62/><T77/><D11/><U29/><E45/><V60/><F76/><W15/><G15/><T92/><D72/><U89/><E93/><N who="0" m="35945" /><D73/><U52/><E74/><V87/><F87/><W65/><G65/><T53/><D53/><U39/><E52/><N who="2" m="29751" /><F67/><W37/><G37/><T111/><D111/><U112/><E112/><V128/><F128/><W129/><BYE who="1" /><G71/><UN n1="%E5%8F%AF%E5%85%90%E9%82%A3%E7%94%B1%E5%A4%9A" /><T100/><D100/><U68/><E68/><V0/><F0/><W38/><G38/><T57/><D57/><U47/><E47/><V97/><F97/><W31/><G129/><T104/><D104/><U102/><E39/><V48/><F121/><W8/><G107/><T56/><D56/><U59/><E59/><V30/><F43/><N who="0" m="11010" /><T13/><DORA hai="4" /><D13/><U126/><E126/><V117/><F117/><W7/><G106/><T131/><D131/><U70/><E70/><V17/><F14/><N who="3" m="5407" /><G98/><T122/><D122/><U25/><E1/><V55/><F55/><W113/><G54/><T86/><D86/><U6/><E35/><RYUUKYOKU ba="0,0" sc="335,30,235,-10,215,-10,215,-10" hai0="20,27,77,78,95,96,101" /><INIT seed="3,1,0,0,5,88" ten="365,225,205,205" oya="3" hai0="6,67,12,26,22,7,48,37,59,25,115,113,47" hai1="120,24,130,46,35,91,61,122,125,21,17,128,118" hai2="32,68,76,9,108,94,5,131,42,111,82,86,8" hai3="127,2,116,87,97,28,100,27,112,107,55,101,134"/><W75/><G2/><T106/><D106/><U96/><E125/><V0/><F68/><W19/><G112/><N who="0" m="43083" /><D37/><U105/><E118/><V109/><F131/><N who="1" m="50217" /><E35/><V124/><F124/><W1/><G1/><T117/><D12/><N who="1" m="9383" /><E46/><V72/><F32/><W70/><G75/><T60/><D117/><U34/><E61/><V36/><F9/><W92/><G70/><T93/><D93/><N who="1" m="56383" /><E105/><V29/><F36/><W123/><G134/><T114/><D26/><U20/><E34/><V52/><F42/><W54/><G123/><T99/><D99/><U57/><E57/><V89/><F29/><AGARI ba="1,0" hai="20,24,29,120,122" m="56383,9383,50217" machi="29" ten="30,2000,0" yaku="19,1,52,1" doraHai="88" who="1" fromWho="2" sc="365,0,225,23,205,-23,205,0" owari="365,46.5,248,4.8,182,-31.8,205,-19.5" /></mjloggm>