<mjloggm ver="2.3"><GO type="225" lobby="0"/><UN n0="%E8%BE%9B%E5%8F%A3%E3%82%AB%E3%83%AC%E3%83%BC%E3%83%A9%E3%82%A4%E3%82%B9" n1="%E3%81%BD%E3%81%A1%E3%81%9F%E3%81%93%E3%82%84" n2="%E4%B8%89%E5%88%86%E5%B0%8F%E5%83%A7" n3="%E3%80%90%E3%83%88%E3%83%AA%E3%83%A5%E3%83%95%E3%80%91" dan="17,17,16,16" rate="2233.09,2171.63,2094.62,2088.71" sx="M,M,M,M"/><TAIKYOKU oya="0"/><INIT seed="0,0,0,3,0,91" ten="250,250,250,250" oya="0" hai0="28,27,88,99,52,94,33,9,100,103,53,0,131" hai1="113,117,105,30,18,127,55,42,112,84,29,121,128" hai2="110,17,36,25,108,38,4,76,79,109,98,2,118" hai3="59,40,46,129,92,124,95,93,39,1,61,43,34"/><T26/><D131/><U62/><E105/><V37/><F118/><W51/><G129/><T96/><D27/><U15/><E128/><V81/><F2/><W54/><G1/><T132/><D132/><U64/><E117/><V86/><F4/><W87/><G34/><T106/><REACH who="0" step="1"/><D100/><REACH who="0" ten="240,250,250,250" step="2"/><U134/><E134/><V8/><F98/><W44/><REACH who="3" step="1"/><G124/><REACH who="3" ten="240,250,250,240" step="2"/><T3/><D3/><U31/><E127/><V72/><F110/><W11/><G11/><T23/><D23/><U60/><E113/><V90/><F8/><W20/><G20/><T82/><D82/><U5/><E112/><V66/><F108/><W63/><G63/><T47/><D47/><U49/><E62/><V24/><F109/><W75/><G75/><T12/><D12/><U119/><E15/><V130/><F72/><W16/><G16/><T89/><D89/><AGARI ba="0,2" hai="39,40,43,44,46,51,54,59,61,87,89,92,93,95" machi="89" ten="40,8000,1" yaku="1,1,52,3,53,0" doraHai="91" doraHaiUra="78" who="3" fromWho="0" sc="240,-80,250,0,250,0,240,100" /><INIT seed="1,0,0,5,2,105" ten="160,250,250,340" oya="1" hai0="72,93,130,134,42,65,123,58,68,81,40,27,125" hai1="94,13,116,87,77,32,5,49,112,3,97,55,60" hai2="48,89,73,59,84,126,92,46,108,14,19,98,79" hai3="20,128,16,22,18,120,114,63,107,44,21,122,26"/><U104/><E3/><V33/><F108/><W2/><G107/><T52/><D130/><U15/><E32/><V110/><F110/><W101/><G101/><T121/><D134/><U129/><E104/><V74/><F126/><W75/><G63/><N who="0" m="39999" /><D93/><U127/><E112/><V7/><F33/><W86/><G44/><T113/><D27/><U50/><E116/><V109/><F109/><W70/><G70/><T23/><D23/><N who="3" m="8777" /><G86/><T99/><D99/><U29/><E29/><V35/><F35/><W102/><G75/><T47/><D125/><U0/><E0/><V43/><F7/><W132/><G102/><T111/><D111/><U51/><E5/><V9/><REACH who="2" step="1"/><F59/><REACH who="2" ten="160,250,240,340" step="2"/><W53/><G120/><N who="0" m="46155" /><D113/><U133/><E127/><V103/><F103/><W56/><G114/><T78/><D47/><U115/><E115/><V62/><F62/><AGARI ba="0,1" hai="40,42,52,58,62,72,78,81" m="46155,39999" machi="62" ten="30,3900,0" yaku="13,1,52,1,54,1" doraHai="105" who="0" fromWho="2" sc="160,49,250,0,240,-39,340,0" /><INIT seed="2,0,0,3,0,109" ten="209,250,201,340" oya="2" hai0="131,32,101,75,100,42,103,48,98,83,49,110,66" hai1="68,97,88,11,36,60,1,6,31,89,37,52,18" hai2="120,12,135,56,79,80,94,77,104,84,96,25,19" hai3="44,112,34,7,45,87,124,82,40,4,53,3,129"/><V85/><F120/><W122/><G122/><T116/><D32/><U125/><E125/><V43/><F135/><W114/><G34/><T46/><D110/><U69/><E31/><V81/><F104/><W108/><G108/><T0/><D0/><U106/><E69/><V132/><F132/><W24/><G24/><T105/><D131/><U10/><E106/><V13/><F43/><W127/><G129/><T61/><D116/><U95/><E89/><V134/><F134/><W76/><G3/><T78/><REACH who="0" step="1"/><D49/><REACH who="0" ten="199,250,201,340" step="2"/><U17/><E37/><V55/><F25/><W54/><G127/><T63/><D63/><U72/><E36/><V14/><F19/><W117/><G117/><T126/><D126/><U102/><E18/><V51/><REACH who="2" step="1"/><F13/><REACH who="2" ten="199,250,191,340" step="2"/><W111/><G111/><T90/><D90/><AGARI ba="0,2" hai="12,14,51,55,56,77,79,80,81,84,85,90,94,96" machi="90" ten="30,12000,1" yaku="1,1,2,1,7,1,9,1,8,1,53,0" doraHai="109" doraHaiUra="133" who="2" fromWho="0" sc="199,-120,250,0,191,140,340,0" /><INIT seed="2,1,0,1,3,8" ten="79,250,331,340" oya="2" hai0="54,75,46,67,78,98,38,82,112,111,66,15,52" hai1="21,55,41,76,114,128,56,87,135,29,5,65,51" hai2="42,64,125,48,129,31,132,16,22,73,118,27,32" hai3="93,36,26,30,58,83,24,71,13,50,14,106,116"/><V113/><F113/><W53/><G116/><T96/><D112/><U39/><E114/><V57/><F118/><W133/><G106/><T4/><D111/><U94/><E128/><V0/><F129/><W120/><G120/><T86/><D75/><U88/><E135/><V62/><F132/><W61/><G36/><T95/><D38/><U23/><E39/><V85/><F73/><W103/><G83/><T89/><D98/><U3/><E3/><V59/><F125/><W40/><G26/><T126/><D126/><U34/><E5/><V79/><F0/><W37/><G133/><T109/><D109/><U12/><E41/><V105/><F105/><W124/><G124/><T119/><D119/><U123/><E123/><V108/><F108/><W91/><G103/><T99/><D99/><U43/><E43/><V2/><F2/><W11/><G11/><T92/><D92/><U97/><E65/><V101/><F101/><W72/><G71/><T33/><D33/><U80/><E80/><V127/><F127/><W121/><G72/><T115/><D115/><U77/><E97/><V49/><F42/><W9/><G9/><N who="0" m="4519" /><D54/><U19/><E34/><V35/><F32/><W131/><G37/><T70/><D70/><U110/><E110/><V18/><F35/><W90/><G131/><T84/><D96/><U100/><E100/><V25/><F64/><N who="3" m="38967" /><G40/><T107/><D107/><U45/><E45/><V47/><F47/><N who="3" m="27871" /><G121/><T6/><D6/><U122/><E122/><V17/><F59/><W104/><G104/><T69/><D69/><U134/><E134/><V10/><F57/><RYUUKYOKU ba="1,0" sc="79,15,250,15,331,-15,340,-15" hai0="46,52,66,67,78,82,84,86,89,95" hai1="12,19,21,23,29,51,55,56,76,77,87,88,94" /><INIT seed="3,2,0,4,2,133" ten="94,265,316,325" oya="3" hai0="68,109,20,7,36,102,60,46,95,99,38,66,47" hai1="30,19,67,3,88,93,135,85,31,78,122,121,39" hai2="94,56,64,110,112,28,32,59,75,86,18,21,44" hai3="120,26,129,117,53,33,2,50,14,52,80,91,74"/><W128/><G117/><T107/><D109/><U35/><E135/><V82/><F112/><W0/><G120/><T29/><D7/><U11/><E39/><V49/><F75/><W1/><G14/><T58/><D107/><U5/><E67/><V63/><F110/><W76/><G91/><T22/><D22/><U15/><E78/><N who="2" m="46423" /><F32/><W101/><G101/><T79/><D79/><U55/><E55/><N who="2" m="30119" /><F28/><N who="3" m="19607" /><G50/><T114/><D114/><U124/><E124/><V87/><F59/><W13/><G13/><T118/><D118/><U115/><E115/><V51/><F51/><W83/><G83/><T97/><D68/><U17/><E17/><V42/><F42/><W126/><G126/><T127/><D127/><U61/><E61/><V57/><F57/><W34/><G34/><T72/><D72/><U65/><E65/><V40/><F40/><W104/><G104/><T9/><D9/><U8/><REACH who="1" step="1"/><E35/><REACH who="1" ten="94,255,316,325" step="2"/><V16/><F21/><W132/><G132/><T116/><D116/><U106/><E106/><V6/><F6/><W105/><G105/><T25/><REACH who="0" step="1"/><D97/><REACH who="0" ten="84,255,316,325" step="2"/><U41/><E41/><V130/><F130/><AGARI ba="2,2" hai="0,1,2,52,53,74,76,80,128,129,130" m="19607" machi="130" ten="40,3900,0" yaku="19,1,54,1" doraHai="133" who="3" fromWho="2" sc="84,0,255,0,316,-45,325,65" owari="84,-41.6,255,-14.5,271,7.1,390,49.0" /></mjloggm>