<mjloggm ver="2.3"><GO type="225" lobby="0"/><UN n0="%E8%BE%9B%E5%8F%A3%E3%82%AB%E3%83%AC%E3%83%BC%E3%83%A9%E3%82%A4%E3%82%B9" n1="%E5%B8%86%E7%AB%8B%E5%A4%8F%E8%A1%A3" n2="%E3%81%95%E3%81%8D%E3%81%9F%E3%81%BE%E6%9E%97%E6%AA%8E" n3="%E9%80%86%E9%80%A3%E5%B8%AF%E3%81%AE%E9%AC%BC" dan="17,16,16,17" rate="2223.36,2182.14,2081.98,2147.33" sx="M,M,M,M"/><TAIKYOKU oya="0"/><INIT seed="0,0,0,4,3,51" ten="250,250,250,250" oya="0" hai0="73,47,55,118,32,95,128,28,18,16,6,10,119" hai1="72,35,82,122,39,50,24,116,26,17,130,104,86" hai2="124,8,112,99,109,40,135,37,77,76,129,70,88" hai3="69,9,87,67,108,1,31,38,59,107,42,21,94"/><T97/><D73/><U33/><E39/><V58/><F70/><W114/><G107/><T103/><D128/><U134/><E116/><V65/><F112/><W133/><G108/><T12/><D32/><U62/><E122/><V22/><F129/><W15/><G133/><T0/><D28/><U53/><E72/><V102/><F102/><W96/><G69/><T111/><D111/><U81/><E81/><V126/><F109/><W44/><G1/><T36/><D18/><U29/><E104/><V84/><F99/><W4/><G114/><T46/><D46/><U66/><E134/><V90/><F90/><W98/><G87/><T79/><D79/><U71/><E130/><V92/><F135/><W91/><G98/><T115/><D115/><U75/><E75/><V64/><F22/><W125/><G125/><N who="2" m="48233" /><F8/><W63/><G21/><T48/><D36/><U68/><E68/><V2/><F2/><W19/><REACH who="3" step="1"/><G31/><REACH who="3" ten="250,250,250,240" step="2"/><T93/><D93/><U23/><E35/><V127/><F127/><W78/><G78/><T11/><AGARI ba="0,1" hai="0,6,10,11,12,16,47,48,55,95,97,103,118,119" machi="11" ten="20,7800,0" yaku="0,1,7,1,52,1,54,1" doraHai="51" who="0" fromWho="0" sc="250,88,250,-26,250,-26,240,-26" /><INIT seed="0,1,0,4,5,84" ten="338,224,224,214" oya="0" hai0="31,56,77,63,17,45,52,74,83,122,30,21,6" hai1="0,109,127,95,119,41,73,134,131,61,135,37,70" hai2="129,10,27,126,72,107,48,88,35,87,90,7,65" hai3="4,85,50,13,38,130,110,81,103,3,114,58,36"/><T26/><D122/><U102/><E95/><V28/><F72/><W51/><G114/><T91/><D6/><U25/><E25/><V71/><F107/><W60/><G3/><T75/><D75/><U80/><E80/><V40/><F129/><W121/><G110/><T92/><REACH who="0" step="1"/><D45/><REACH who="0" ten="328,224,224,214" step="2"/><U98/><E73/><V32/><F7/><W69/><G4/><T24/><D24/><U67/><E134/><V20/><F27/><W66/><G121/><T49/><D49/><U34/><E135/><V104/><F48/><W1/><G51/><T89/><D89/><U29/><E131/><V2/><F88/><W23/><G50/><T15/><D15/><U16/><E109/><V53/><F90/><W94/><G13/><T128/><D128/><U55/><E0/><V54/><F2/><W117/><G130/><T115/><D115/><U42/><E42/><V97/><F40/><W39/><G1/><T11/><D11/><U100/><E41/><V120/><F10/><W44/><G44/><T116/><D116/><U43/><E119/><V78/><F120/><W111/><G117/><T125/><D125/><U76/><E127/><V124/><F124/><W123/><G123/><T133/><D133/><U86/><E43/><V18/><F126/><W96/><G111/><T33/><D33/><U19/><E34/><V9/><F35/><W112/><G112/><T105/><D105/><U99/><E76/><V8/><F104/><W22/><G38/><T5/><D5/><U93/><E37/><V64/><F32/><W68/><G39/><T59/><D59/><U12/><E12/><RYUUKYOKU ba="1,1" sc="328,30,224,-10,224,-10,214,-10" hai0="17,21,26,30,31,52,56,63,74,77,83,91,92" /><INIT seed="0,2,1,1,3,44" ten="358,214,214,204" oya="0" hai0="116,37,98,47,14,24,30,45,108,69,119,29,61" hai1="53,28,86,2,79,20,88,13,64,90,115,3,48" hai2="110,56,87,85,96,113,52,94,133,109,66,6,70" hai3="111,103,104,120,121,11,7,122,62,131,26,75,77"/><T129/><D129/><U42/><E115/><V54/><F113/><W124/><G131/><T105/><D30/><U55/><E2/><V106/><F133/><W63/><G124/><T34/><D14/><U33/><E3/><V41/><F41/><W118/><G118/><T112/><D112/><U58/><E33/><V19/><F106/><W4/><G111/><N who="2" m="42505" /><F6/><W101/><G26/><T93/><D108/><U82/><E64/><V89/><F70/><W1/><G4/><T92/><D92/><U16/><E42/><V31/><F31/><W51/><G51/><T59/><D105/><U9/><E55/><N who="2" m="21035" /><F19/><W68/><G68/><T114/><D69/><U100/><E100/><N who="3" m="38474" /><G104/><T95/><D114/><U99/><E99/><V126/><F126/><W130/><G130/><T97/><D97/><U125/><E125/><V91/><F91/><N who="1" m="34857" /><E28/><V15/><F15/><W43/><G43/><T134/><D98/><U17/><E17/><V128/><F128/><W39/><G39/><T32/><D37/><U40/><E40/><V49/><F66/><W50/><G50/><T27/><D29/><U25/><E25/><V38/><F38/><W36/><G36/><T65/><D65/><U78/><E78/><V135/><F135/><W81/><AGARI ba="2,1" hai="1,7,11,62,63,75,77,81,120,121,122" m="38474" machi="81" ten="40,1500,0" yaku="13,1" doraHai="44" who="3" fromWho="3" sc="358,-9,214,-6,214,-6,204,31" /><INIT seed="1,0,0,5,5,69" ten="349,208,208,235" oya="1" hai0="118,21,51,45,44,88,108,121,83,86,75,57,26" hai1="34,65,22,11,0,5,103,84,68,105,25,72,56" hai2="96,39,16,12,81,92,6,93,80,90,127,111,53" hai3="20,29,101,78,85,82,71,67,74,47,94,64,109"/><U119/><E56/><V4/><F111/><W27/><G109/><T89/><D118/><U30/><E84/><V38/><F127/><W54/><G71/><T106/><D108/><U134/><E22/><V100/><F53/><W128/><G128/><T28/><D75/><U130/><E130/><V40/><F40/><W55/><G74/><T62/><D106/><U23/><E23/><N who="2" m="11655" /><F39/><W76/><G76/><N who="0" m="46439" /><D121/><U15/><E15/><V135/><F38/><W63/><G67/><N who="0" m="39375" /><D45/><U114/><E134/><V7/><F135/><W123/><G123/><T79/><D79/><U91/><E91/><V49/><F49/><W52/><G47/><T37/><D37/><U70/><E114/><V99/><AGARI ba="0,0" hai="4,6,7,80,81,90,92,93,96,99,100" m="11655" machi="99" ten="30,2000,0" yaku="8,1,54,1" doraHai="69" who="2" fromWho="2" sc="349,-5,208,-10,208,20,235,-5" /><INIT seed="2,0,0,2,5,20" ten="344,198,228,230" oya="2" hai0="42,92,97,61,122,77,52,4,131,117,73,64,120" hai1="57,129,39,56,79,40,101,112,23,95,72,51,84" hai2="11,45,71,82,18,16,119,75,98,53,1,37,85" hai3="110,66,68,55,130,124,102,25,70,21,118,19,126"/><V87/><F119/><W128/><G110/><T12/><D131/><N who="3" m="50217" /><G118/><T2/><D2/><U100/><E112/><V15/><F71/><N who="3" m="27179" /><G66/><T32/><D42/><U24/><E129/><V91/><F1/><W89/><G102/><N who="1" m="39530" /><E72/><V46/><F75/><W33/><G33/><T9/><D32/><U3/><E39/><V36/><F36/><W54/><G89/><T48/><D64/><U30/><E3/><V14/><F37/><W67/><G67/><T35/><D35/><U76/><E95/><N who="2" m="56703" /><F53/><AGARI ba="0,0" hai="19,21,25,53,54,55,124,126" m="27179,50217" machi="53" ten="40,2600,0" yaku="19,1,52,1" doraHai="20" who="3" fromWho="2" sc="344,0,198,0,228,-26,230,26" /><INIT seed="3,0,0,1,3,33" ten="344,198,202,256" oya="3" hai0="21,7,8,85,23,94,42,65,97,67,99,113,66" hai1="108,120,63,114,133,39,47,26,83,57,87,129,88" hai2="64,30,0,81,101,44,29,71,74,18,76,3,31" hai3="103,128,118,122,68,36,49,45,125,11,91,126,60"/><W107/><G118/><T15/><D113/><U2/><E120/><V89/><F101/><W14/><G122/><T110/><D110/><U69/><E114/><V5/><F89/><W38/><G128/><T40/><D85/><U124/><E69/><V92/><F92/><W116/><G116/><T32/><D32/><U93/><E2/><V16/><F44/><W130/><G130/><T104/><D104/><U123/><E123/><V1/><REACH who="2" step="1"/><F5/><REACH who="2" ten="344,198,192,256" step="2"/><W105/><G91/><T58/><D94/><U6/><E6/><V53/><F53/><W37/><G103/><T10/><D7/><U17/><E129/><V73/><F73/><W52/><G107/><T75/><D75/><U102/><E108/><V70/><F70/><W80/><G105/><T35/><D97/><N who="1" m="59695" /><E133/><V56/><F56/><W19/><G80/><T54/><D58/><U109/><E109/><V25/><F25/><W96/><G96/><T51/><D54/><N who="1" m="34231" /><E124/><V134/><F134/><W79/><G126/><T117/><D99/><U127/><E127/><V4/><F4/><W46/><G125/><T131/><D117/><U84/><E84/><V77/><F77/><W9/><G79/><T82/><D131/><U50/><E39/><V115/><F115/><W86/><G86/><T22/><D82/><U13/><E26/><V20/><F20/><N who="3" m="11383" /><G45/><T111/><D23/><N who="1" m="11695" /><E47/><V106/><F106/><W62/><G68/><T95/><D22/><U61/><E50/><V27/><F27/><W24/><G24/><T119/><D21/><U72/><E72/><V98/><F98/><W121/><G121/><T59/><D119/><RYUUKYOKU ba="0,1" sc="344,-30,198,10,192,10,256,10" hai1="61,83,87,88" hai2="0,1,3,16,18,29,30,31,64,71,74,76,81" hai3="9,11,36,37,38,46,49,52,60,62" /><INIT seed="3,1,1,2,0,51" ten="314,208,202,266" oya="3" hai0="125,17,53,15,2,9,45,83,58,13,118,14,46" hai1="133,63,5,70,42,28,57,91,41,126,10,52,19" hai2="102,38,99,74,93,23,88,24,25,59,71,22,6" hai3="110,67,100,112,101,1,43,106,35,132,86,60,33"/><W121/><G121/><T20/><D118/><U130/><E70/><V69/><F38/><W8/><G112/><T66/><D125/><U94/><E126/><V18/><F74/><W114/><G114/><T56/><D2/><U97/><E130/><V61/><F6/><W64/><G132/><T87/><D66/><U89/><E133/><V124/><F124/><W32/><G110/><T131/><D58/><U122/><E28/><V84/><F23/><W96/><G101/><T27/><D9/><U34/><E34/><V109/><F109/><W54/><G43/><N who="1" m="16394" /><E122/><V103/><F103/><W111/><G111/><T39/><D39/><U11/><E5/><V77/><F77/><W36/><G36/><T108/><D131/><U50/><E91/><V62/><F62/><W92/><G106/><T113/><D113/><U104/><E104/><V31/><F31/><W37/><G37/><T79/><D108/><U44/><E19/><V48/><F48/><AGARI ba="1,1" hai="13,14,15,17,20,27,45,46,48,53,56,79,83,87" machi="48" ten="40,2600,0" yaku="8,1,52,1" doraHai="51" who="0" fromWho="2" sc="314,39,208,0,202,-29,266,0" owari="353,45.3,208,-19.2,173,-32.7,266,6.6" /></mjloggm>