<mjloggm ver="2.3"><GO type="225" lobby="0"/><UN n0="%E6%81%A5%E6%99%92%E3%81%97" n1="%E6%A1%9C%E8%8A%B1%E9%96%83%E3%80%85" n2="%48%61%61%61%6C%61%6E%64" n3="%E3%81%A4%E3%81%A3%E3%81%B1%E3%82%8A%E3%83%9D%E3%83%BC%E3%83%AB" dan="16,16,18,16" rate="2117.22,2124.26,2143.09,2098.19" sx="M,M,M,M"/><TAIKYOKU oya="0"/><INIT seed="0,0,0,2,3,19" ten="250,250,250,250" oya="0" hai0="67,88,34,96,23,62,44,119,95,38,12,48,110" hai1="42,66,134,52,81,123,22,124,25,87,50,3,133" hai2="28,10,30,90,89,92,7,105,59,122,53,93,4" hai3="35,97,20,107,118,64,78,91,127,132,102,129,13"/><T126/><D119/><U120/><E3/><V101/><F122/><W56/><G118/><T128/><D34/><U31/><E66/><V77/><F77/><W65/><G35/><T125/><D128/><U79/><E42/><V16/><F105/><W26/><G129/><T15/><D38/><U113/><E124/><N who="0" m="47721" /><D110/><U24/><E24/><V121/><F101/><W33/><G127/><T27/><D48/><U49/><E49/><V104/><F104/><W80/><G33/><T17/><D44/><U75/><E75/><V108/><F121/><W51/><G132/><N who="1" m="50794" /><E113/><V36/><F36/><W86/><G13/><T5/><D5/><U37/><E37/><V72/><F72/><W61/><G51/><T73/><D73/><U82/><E81/><V68/><F108/><W71/><G71/><AGARI ba="0,0" hai="12,15,17,23,27,62,67,71,88,95,96" m="47721" machi="71" ten="30,5800,0" yaku="18,1,52,1,54,1" doraHai="19" who="0" fromWho="3" sc="250,58,250,0,250,0,250,-58" /><INIT seed="0,1,0,1,4,31" ten="308,250,250,192" oya="0" hai0="30,76,96,119,120,125,28,63,27,98,58,45,41" hai1="87,39,13,24,12,48,72,66,29,126,95,3,4" hai2="84,49,23,68,135,122,15,62,6,91,57,64,26" hai3="109,92,46,112,42,18,105,111,79,133,123,54,36"/><T82/><D125/><U118/><E39/><V51/><F122/><W37/><G105/><T132/><D132/><U89/><E118/><V56/><F135/><W22/><G133/><T116/><D120/><U78/><E126/><V77/><F77/><W101/><G123/><T32/><D116/><U10/><E66/><V127/><F127/><W80/><G112/><T75/><D119/><U16/><E48/><V55/><F15/><W11/><G11/><T130/><D130/><U73/><E78/><V52/><F6/><W14/><G54/><T93/><D93/><U50/><E50/><V81/><F23/><W33/><G37/><T44/><D30/><U106/><E13/><V113/><REACH who="2" step="1"/><F26/><REACH who="2" ten="308,250,240,192" step="2"/><W124/><G124/><T71/><D76/><U43/><E73/><V83/><F83/><W110/><G80/><T131/><D82/><U21/><E72/><V88/><F88/><W134/><G79/><T19/><D75/><U69/><E4/><V59/><F59/><W5/><G5/><T17/><D58/><U53/><E12/><V1/><F1/><W99/><REACH who="3" step="1"/><G134/><REACH who="3" ten="308,250,240,182" step="2"/><T34/><D131/><U38/><E10/><V97/><F97/><W60/><G60/><T86/><D96/><U20/><E3/><V61/><F61/><W128/><G128/><T85/><D63/><U108/><E87/><V129/><F129/><W67/><G67/><T65/><D85/><U2/><E2/><V0/><F0/><W107/><G107/><T114/><D86/><U9/><E106/><V90/><F90/><W74/><G74/><T104/><D65/><U117/><E89/><RYUUKYOKU ba="1,2" sc="308,-15,250,-15,240,15,182,15" hai2="49,51,52,55,56,57,62,64,68,81,84,91,113" hai3="14,18,22,33,36,42,46,92,99,101,109,110,111" /><INIT seed="1,2,2,4,4,31" ten="293,235,255,197" oya="1" hai0="104,115,128,74,107,91,46,89,122,102,84,133,58" hai1="98,49,55,113,11,6,125,70,42,68,101,75,94" hai2="8,100,110,62,134,86,79,27,51,120,106,126,132" hai3="78,37,36,10,93,9,80,90,87,41,123,26,81"/><U29/><E113/><V5/><F120/><W59/><G123/><T23/><D115/><U127/><E75/><V30/><F110/><W54/><G26/><T135/><D122/><U33/><E42/><V22/><F126/><N who="1" m="48137" /><E29/><V67/><F51/><W24/><G24/><T131/><D58/><N who="1" m="33135" /><E33/><V76/><F100/><W73/><G81/><N who="0" m="49295" /><D74/><U108/><E108/><V21/><F106/><N who="0" m="40490" /><D23/><U85/><E85/><V129/><F22/><W13/><G41/><T63/><D102/><U124/><N who="1" m="48145" /><U25/><DORA hai="119" /><E25/><V2/><F86/><W17/><REACH who="3" step="1"/><G10/><REACH who="3" ten="293,235,255,187" step="2"/><T65/><D131/><U47/><E47/><V88/><F129/><W15/><G15/><AGARI ba="2,3" hai="6,11,15,68,70,94,98,101" m="33135,48145" machi="15" ten="40,2000,0" yaku="18,1" doraHai="31,119" who="1" fromWho="3" sc="293,0,235,56,255,0,187,-26" /><INIT seed="1,3,0,2,3,37" ten="293,291,255,161" oya="1" hai0="99,94,35,29,118,28,121,41,84,61,59,60,23" hai1="93,124,72,30,74,5,25,27,100,20,128,81,116" hai2="69,102,12,104,134,22,52,14,76,3,92,83,105" hai3="6,115,34,24,113,42,67,97,43,7,114,120,68"/><U107/><E116/><V88/><F3/><W10/><G120/><T39/><D118/><U1/><E107/><V62/><F134/><W77/><G77/><T54/><D121/><U0/><E128/><V15/><F102/><W122/><G122/><T103/><D35/><U31/><E124/><V66/><F22/><W48/><G48/><T51/><D84/><U32/><E81/><V101/><F101/><W9/><G97/><T80/><D80/><U98/><REACH who="1" step="1"/><E5/><REACH who="1" ten="293,281,255,161" step="2"/><V133/><F133/><W82/><G82/><T79/><D79/><U73/><AGARI ba="3,1" hai="0,1,20,25,27,30,31,32,72,73,74,93,98,100" machi="73" ten="30,6000,0" yaku="1,1,2,1,0,1,53,0" doraHai="37" doraHaiUra="111" who="1" fromWho="1" sc="293,-23,281,79,255,-23,161,-23" /><INIT seed="1,4,0,0,3,29" ten="270,360,232,138" oya="1" hai0="36,14,13,75,71,40,9,46,69,77,21,12,135" hai1="118,84,130,124,90,79,17,105,57,11,91,92,19" hai2="66,54,131,96,95,3,83,15,82,48,80,5,99" hai3="26,72,100,1,93,115,120,31,62,129,109,56,55"/><U50/><E118/><V64/><F3/><W7/><G115/><T122/><D135/><U27/><E124/><V28/><F131/><W103/><G129/><T126/><D126/><U114/><E130/><V20/><F99/><W43/><G120/><T67/><D122/><U39/><E39/><V94/><F94/><W30/><G109/><T44/><D21/><U134/><E114/><V52/><F54/><W38/><G72/><T125/><D125/><U23/><E105/><V133/><F133/><W121/><G31/><T116/><D116/><U97/><E134/><V106/><F106/><W61/><G121/><T51/><D67/><U60/><E50/><V113/><F113/><W127/><G62/><T108/><D108/><U37/><E37/><V22/><F22/><W34/><G127/><T76/><D9/><U74/><E79/><V58/><F5/><W59/><G59/><T18/><D18/><N who="1" m="12791" /><E74/><V85/><F85/><W128/><G128/><T81/><REACH who="0" step="1"/><D77/><REACH who="0" ten="260,360,232,138" step="2"/><U32/><E11/><V87/><F28/><W102/><G7/><T2/><D2/><U41/><E17/><N who="2" m="10303" /><F87/><W132/><G1/><T33/><D33/><U42/><E32/><V8/><F8/><W123/><G132/><T65/><D65/><N who="1" m="39055" /><E19/><V0/><F0/><W89/><G123/><T110/><D110/><U111/><E111/><V35/><F35/><W10/><G10/><T73/><D73/><U104/><E104/><V98/><F98/><N who="3" m="57647" /><G38/><T70/><D70/><U119/><E119/><V6/><F6/><W107/><G107/><T117/><D117/><U112/><E112/><V24/><F24/><RYUUKYOKU ba="4,1" sc="260,0,360,0,232,0,138,0" hai0="12,13,14,36,40,44,46,51,69,71,75,76,81" hai1="41,42,84,90,91,92,97" hai2="48,52,58,64,66,80,82,83,95,96" hai3="26,30,34,43,55,56,61,100,102,103" /><INIT seed="1,5,1,0,0,116" ten="260,360,232,138" oya="1" hai0="61,21,14,122,69,134,4,92,67,50,55,120,49" hai1="59,72,131,35,103,128,118,135,27,60,90,70,33" hai2="7,85,56,62,110,73,96,68,71,91,12,99,93" hai3="2,114,117,15,40,43,105,46,54,25,64,100,109"/><U42/><E118/><V107/><F73/><W0/><G117/><T44/><D134/><U75/><E70/><V19/><F7/><W63/><G114/><T95/><D50/><U132/><E103/><V9/><F110/><W37/><G109/><T121/><D21/><U38/><E90/><V81/><F107/><W113/><G113/><T82/><D82/><U65/><E42/><V101/><REACH who="2" step="1"/><F96/><REACH who="2" ten="260,360,222,138" step="2"/><W119/><G119/><T125/><D125/><U76/><E72/><V97/><F97/><W57/><G105/><T32/><D32/><N who="1" m="12363" /><E38/><V1/><F1/><W129/><G2/><T98/><REACH who="0" step="1"/><D98/><REACH who="0" ten="250,360,222,138" step="2"/><U47/><E132/><V66/><AGARI ba="5,3" hai="9,12,19,56,62,66,68,71,81,85,91,93,99,101" machi="66" ten="20,2700,0" yaku="1,1,0,1,7,1,53,0" doraHai="116" doraHaiUra="28" who="2" fromWho="2" sc="250,-12,360,-18,222,72,138,-12" /><INIT seed="2,0,0,0,1,102" ten="238,342,294,126" oya="2" hai0="114,41,9,130,135,59,67,7,65,15,116,12,16" hai1="61,23,53,62,107,93,64,75,89,48,105,86,127" hai2="83,1,91,54,36,90,77,87,26,133,37,10,50" hai3="63,108,79,3,60,51,52,69,47,122,14,66,29"/><V121/><F121/><W19/><G3/><T44/><D114/><U92/><E127/><V74/><F133/><W68/><G122/><T106/><D130/><U104/><E75/><V126/><F126/><W39/><G108/><T57/><D135/><U18/><E93/><V70/><F70/><W82/><G29/><T72/><D72/><U28/><E28/><V111/><F111/><W84/><G39/><T110/><D110/><U25/><REACH who="1" step="1"/><E64/><REACH who="1" ten="238,332,294,126" step="2"/><V45/><F74/><W8/><REACH who="3" step="1"/><G63/><REACH who="3" ten="238,332,294,116" step="2"/><T58/><D116/><U109/><E109/><V129/><F129/><W49/><G49/><N who="0" m="26767" /><D106/><U99/><E99/><V11/><F36/><W115/><G115/><T71/><D71/><AGARI ba="0,2" hai="8,14,19,47,51,52,60,66,68,69,71,79,82,84" machi="71" ten="30,7700,0" yaku="1,1,7,1,54,1,53,1" doraHai="102" doraHaiUra="5" who="3" fromWho="0" sc="238,-77,332,0,294,0,116,97" /><INIT seed="3,0,0,1,1,113" ten="161,332,294,213" oya="3" hai0="101,84,89,130,105,111,100,6,107,64,120,91,21" hai1="14,104,16,63,80,58,56,0,119,97,122,71,49" hai2="81,75,33,36,30,50,108,106,76,4,135,18,117" hai3="2,37,65,28,98,114,93,115,66,109,10,99,45"/><W42/><G109/><T12/><D64/><U11/><E122/><V34/><F108/><W22/><G99/><T73/><D111/><U44/><E119/><V103/><F50/><W125/><G125/><T20/><D120/><U121/><E121/><V17/><F135/><W5/><G28/><T133/><D133/><U67/><E0/><V124/><F124/><W88/><REACH who="3" step="1"/><G22/><REACH who="3" ten="161,332,294,203" step="2"/><T62/><D130/><U77/><E97/><V82/><F30/><W35/><G35/><T15/><D73/><U83/><E104/><V1/><F33/><W92/><G92/><T112/><D112/><AGARI ba="0,1" hai="2,5,10,37,42,45,65,66,88,93,98,112,114,115" machi="112" ten="40,3900,0" yaku="1,1,54,1,53,0" doraHai="113" doraHaiUra="127" who="3" fromWho="0" sc="161,-39,332,0,294,0,203,49" /><INIT seed="3,1,0,4,2,52" ten="122,332,294,252" oya="3" hai0="1,95,22,24,115,26,114,132,125,4,8,38,63" hai1="89,35,123,58,79,32,60,62,90,112,66,111,72" hai2="108,42,69,104,110,57,80,101,46,49,20,82,106" hai3="131,122,84,39,25,44,33,45,116,68,43,47,102"/><W76/><G122/><T118/><D38/><U93/><E123/><V54/><F69/><W16/><G116/><T134/><D95/><U12/><E112/><N who="0" m="43049" /><D63/><U99/><E111/><N who="2" m="42539" /><F20/><W129/><G68/><T133/><D118/><U71/><E12/><V100/><F100/><W3/><G3/><T7/><D125/><U5/><E5/><V29/><F29/><N who="3" m="19631" /><G102/><T34/><D34/><U56/><E71/><V77/><F101/><W61/><G61/><T30/><D26/><U67/><E90/><V105/><F77/><W96/><G96/><T74/><D74/><U27/><E27/><V19/><F19/><W130/><G16/><T6/><D1/><U64/><E64/><V2/><F2/><W75/><G75/><T51/><D51/><AGARI ba="1,0" hai="42,46,49,51,54,57,80,82,104,105,106" m="42539" machi="51" ten="40,2600,0" yaku="14,1,52,1" doraHai="52" who="2" fromWho="0" sc="122,-29,332,0,294,29,252,0" owari="93,-40.7,332,43.2,323,12.3,252,-14.8" /></mjloggm>