<mjloggm ver="2.3"><GO type="225" lobby="0"/><UN n0="%E3%83%B4%E3%83%A0%EF%BC%99%E3%81%A6" n1="%6D%75%75%73%61%6E%6D%75" n2="%E3%82%B3%E3%83%90%E3%83%AC%E3%82%A4" n3="%4D%6F%6E%61%6E%61" dan="16,16,16,16" rate="2123.36,2136.75,2079.64,2097.94" sx="M,F,M,F"/><TAIKYOKU oya="0"/><INIT seed="0,0,0,3,4,83" ten="250,250,250,250" oya="0" hai0="59,30,44,129,124,56,21,78,72,82,114,11,131" hai1="122,0,95,17,58,12,27,50,94,109,34,29,46" hai2="126,111,115,117,65,92,77,96,130,8,110,86,53" hai3="3,123,133,6,13,45,101,97,120,134,71,98,85"/><T79/><D114/><U49/><E109/><N who="2" m="41483" /><F115/><W68/><G3/><T80/><D124/><U93/><E0/><V112/><F65/><W24/><G24/><N who="0" m="16655" /><D11/><U52/><E122/><N who="3" m="46634" /><G45/><T41/><D80/><U90/><E12/><V116/><F112/><W26/><G26/><T119/><D79/><U81/><E17/><V4/><F126/><W14/><G6/><T23/><D23/><U48/><REACH who="1" step="1"/><E46/><REACH who="1" ten="250,240,250,250" step="2"/><V18/><F18/><W5/><G13/><T2/><D2/><U70/><E70/><V9/><F4/><W63/><G5/><T91/><D119/><N who="2" m="45642" /><F8/><W135/><G14/><T38/><D44/><U64/><E64/><V128/><F9/><W40/><G68/><T75/><D56/><U51/><E51/><V31/><F31/><W42/><G71/><T60/><D59/><U35/><E35/><V36/><F36/><W16/><G63/><T7/><D38/><U25/><E25/><V125/><F125/><W118/><G16/><T10/><D10/><U32/><E32/><V106/><F106/><W43/><G118/><T67/><D67/><U19/><E19/><V121/><F121/><W108/><G108/><T33/><D33/><U55/><E55/><V87/><F53/><W47/><G47/><T132/><D60/><U84/><AGARI ba="0,1" hai="27,29,34,48,49,50,52,58,81,84,90,93,94,95" machi="84" ten="30,7900,0" yaku="1,1,0,1,52,1,54,1,53,0" doraHai="83" doraHaiUra="61" who="1" fromWho="1" sc="250,-39,240,89,250,-20,250,-20" /><INIT seed="1,0,0,5,0,120" ten="211,329,230,230" oya="1" hai0="3,119,73,114,74,68,34,65,60,58,79,104,35" hai1="36,91,14,110,94,132,134,70,56,54,9,21,12" hai2="128,122,102,109,59,27,40,124,51,126,64,31,78" hai3="66,121,118,18,96,29,72,85,67,84,100,99,50"/><U75/><E70/><V63/><F122/><W123/><G29/><T130/><D114/><U0/><E75/><V112/><F112/><W7/><G18/><T22/><D119/><U15/><E36/><V45/><F128/><W103/><G7/><T97/><D130/><U116/><E116/><V48/><F78/><W57/><G50/><T93/><D3/><U62/><E0/><V46/><F102/><N who="3" m="38955" /><G57/><T135/><D104/><U101/><E101/><V43/><REACH who="2" step="1"/><F109/><REACH who="2" ten="211,329,220,230" step="2"/><W5/><G118/><T53/><D79/><U131/><E110/><V16/><F16/><W76/><G121/><T90/><D135/><U77/><E131/><V6/><F6/><W17/><G123/><T86/><D73/><U10/><E77/><V129/><F129/><W49/><G5/><T133/><D74/><U108/><E108/><V33/><AGARI ba="0,1" hai="27,31,33,40,43,45,46,48,51,59,63,64,124,126" machi="33" ten="30,4000,0" yaku="1,1,0,1,9,1,53,0" doraHai="120" doraHaiUra="8" who="2" fromWho="2" sc="211,-10,329,-20,220,50,230,-10" /><INIT seed="2,0,0,4,2,87" ten="201,309,270,220" oya="2" hai0="84,70,113,78,79,48,122,5,50,1,35,124,63" hai1="135,3,60,105,93,116,15,123,65,44,30,7,85" hai2="89,117,24,29,61,54,118,23,56,37,115,59,127" hai3="132,31,27,107,13,73,121,106,42,96,36,82,2"/><V68/><F68/><W112/><G121/><T33/><D113/><U53/><E116/><V129/><F37/><W38/><G2/><T66/><D122/><U104/><E123/><V32/><F115/><W103/><G132/><T41/><D124/><U47/><E3/><V9/><F127/><W81/><G112/><T83/><D78/><U16/><E135/><V77/><F77/><W125/><G125/><T14/><D1/><U52/><E7/><V126/><F126/><W95/><G13/><T80/><D80/><U43/><E30/><V134/><F134/><W91/><G42/><T110/><D110/><U4/><E4/><V46/><F46/><W45/><G45/><N who="0" m="25647" /><D50/><U22/><E104/><N who="3" m="39978" /><G27/><T88/><D88/><N who="1" m="53391" /><E105/><V72/><F72/><W10/><G31/><T94/><D94/><U71/><E71/><V128/><F9/><AGARI ba="0,0" hai="5,9,14,33,35,63,66,70,79,83,84" m="25647" machi="9" ten="30,1000,0" yaku="25,1" doraHai="87" who="0" fromWho="2" sc="201,10,309,0,270,-10,220,0" /><INIT seed="3,0,0,3,1,104" ten="211,309,260,220" oya="3" hai0="126,23,57,40,86,60,105,10,21,79,68,3,67" hai1="16,133,55,41,83,19,49,61,135,122,120,128,13" hai2="53,27,7,18,20,70,1,99,64,6,48,132,103" hai3="124,4,74,95,131,54,8,44,37,11,59,123,73"/><W24/><G123/><N who="1" m="47146" /><E41/><V45/><F1/><W80/><G124/><T65/><D105/><U113/><E113/><V125/><F125/><W98/><G131/><T92/><D126/><U46/><E128/><V12/><F132/><N who="1" m="50761" /><E13/><V51/><F70/><W42/><G24/><T43/><D65/><U116/><E116/><V114/><F64/><W110/><G110/><T82/><D68/><U38/><E38/><V85/><F114/><W89/><G80/><T100/><D40/><N who="1" m="24775" /><E83/><V9/><F85/><W62/><G11/><T77/><D43/><U69/><E69/><V115/><F51/><W78/><G78/><T88/><D3/><AGARI ba="0,0" hai="3,4,8,37,42,44,54,59,62,73,74,89,95,98" machi="3" ten="30,5800,0" yaku="7,1,52,2" doraHai="104" who="3" fromWho="0" sc="211,-58,309,0,260,0,220,58" /><INIT seed="3,1,0,2,3,31" ten="153,309,260,278" oya="3" hai0="42,107,85,120,64,25,83,5,77,133,70,106,33" hai1="89,76,71,50,62,86,69,34,79,110,38,39,118" hai2="32,88,80,115,84,7,108,47,49,95,12,72,15" hai3="6,41,40,30,93,117,46,119,126,87,124,57,90"/><W17/><G6/><T9/><D120/><U132/><E34/><V58/><F115/><W121/><G17/><T53/><D133/><U67/><E132/><V0/><F108/><W61/><G121/><T55/><D42/><N who="3" m="16489" /><G46/><T13/><D64/><U81/><E110/><V43/><F32/><W36/><G30/><T103/><D70/><U26/><E118/><V11/><F72/><W4/><G4/><T8/><D8/><U97/><E71/><V68/><F68/><W45/><G45/><T129/><D129/><U3/><E3/><V51/><F80/><W52/><G36/><T109/><D109/><U98/><E50/><V82/><F82/><W73/><G73/><T104/><REACH who="0" step="1"/><D103/><REACH who="0" ten="143,309,260,278" step="2"/><U14/><E69/><V125/><F125/><AGARI ba="1,1" hai="52,57,61,87,90,93,117,119,124,125,126" m="16489" machi="125" ten="30,2900,0" yaku="18,1,54,1" doraHai="31" who="3" fromWho="2" sc="143,0,309,0,260,-32,278,42" owari="143,-35.7,309,10.9,228,-17.2,320,42.0" /></mjloggm>