<mjloggm ver="2.3"><GO type="225" lobby="0"/><UN n0="%33%74%72%65%65" n1="%6D%75%75%73%61%6E%6D%75" n2="%E3%83%AB%E3%83%9B%E3%83%B3%E3%83%87%E3%82%A3%E3%82%A8" n3="%72%69%6F%75%63%68%61%6E" dan="16,16,17,16" rate="2117.32,2057.65,2185.43,2176.72" sx="F,F,M,M"/><TAIKYOKU oya="0"/><INIT seed="0,0,0,5,1,55" ten="250,250,250,250" oya="0" hai0="77,121,119,96,25,26,23,129,19,94,65,54,66" hai1="122,104,49,71,38,35,99,126,13,108,135,85,92" hai2="112,64,18,40,86,29,22,52,98,91,100,105,43" hai3="5,67,53,97,120,118,124,10,44,57,95,37,133"/><T41/><D119/><U125/><E38/><V59/><F112/><W14/><G118/><T84/><D121/><U70/><E35/><V69/><F29/><W93/><G124/><T90/><D129/><U17/><E122/><V7/><F7/><W62/><G133/><T130/><D130/><U6/><E6/><V32/><F64/><W101/><G120/><T36/><D36/><U73/><E73/><V78/><F78/><W15/><G95/><T45/><D26/><U114/><E135/><V110/><F69/><W131/><G131/><T2/><D2/><U34/><E34/><V8/><F8/><W74/><G74/><T116/><D116/><U134/><E134/><V39/><F32/><W60/><G37/><T111/><D41/><U103/><E114/><V0/><F0/><W27/><G27/><T21/><D21/><U47/><E108/><V42/><F110/><W33/><G33/><T106/><D111/><U107/><E85/><V4/><F4/><W117/><G117/><T89/><D77/><U9/><E107/><V132/><F132/><W63/><REACH who="3" step="1"/><G14/><REACH who="3" ten="250,250,250,240" step="2"/><T61/><D106/><U123/><E104/><V3/><F3/><W115/><G115/><T1/><D1/><U109/><E123/><V83/><F39/><W82/><G82/><T58/><REACH who="0" step="1"/><D45/><REACH who="0" ten="240,250,250,240" step="2"/><U56/><E47/><V46/><F46/><W75/><G75/><T72/><D72/><U80/><E109/><V79/><F105/><W87/><G87/><T31/><D31/><U76/><E125/><V81/><F86/><W127/><G127/><T12/><D12/><U20/><E126/><RYUUKYOKU ba="0,2" sc="240,15,250,-15,250,-15,240,15" hai0="19,23,25,54,58,61,65,66,84,89,90,94,96" hai3="5,10,15,44,53,57,60,62,63,67,93,97,101" /><INIT seed="0,1,2,3,3,79" ten="255,235,235,255" oya="0" hai0="63,9,6,46,28,121,22,117,105,126,11,56,93" hai1="87,100,1,16,89,103,98,122,112,47,124,132,65" hai2="119,130,64,19,43,125,37,101,59,58,50,123,12" hai3="133,0,76,106,10,42,88,29,17,92,2,69,66"/><T26/><D117/><U129/><E122/><V67/><F123/><W81/><G106/><T111/><D121/><U128/><E1/><V91/><F119/><W4/><G133/><T39/><D105/><U77/><E132/><V13/><F125/><W25/><G42/><T24/><D126/><U3/><E3/><V35/><F35/><W110/><G110/><T55/><D111/><U60/><E124/><V23/><F130/><N who="1" m="50281" /><E47/><N who="2" m="25983" /><F37/><W36/><G36/><T48/><D39/><U53/><E53/><V61/><F101/><W109/><G109/><T51/><D6/><U74/><E112/><V72/><F72/><W8/><G17/><T73/><D73/><U33/><E33/><V120/><F120/><W95/><G69/><T131/><D131/><U7/><E7/><V57/><F61/><W115/><G66/><N who="2" m="25129" /><F91/><W14/><G115/><T75/><D63/><U118/><E77/><V94/><F94/><W90/><G95/><T116/><D93/><N who="1" m="54463" /><E74/><V45/><F45/><W84/><G90/><T102/><D75/><U107/><E118/><V68/><F68/><W85/><REACH who="3" step="1"/><G8/><REACH who="3" ten="255,235,235,245" step="2"/><T104/><D116/><U82/><E107/><V108/><F108/><W78/><G78/><T83/><D104/><U97/><E103/><V34/><F34/><AGARI ba="1,3" hai="0,2,4,10,14,25,29,34,76,81,84,85,88,92" machi="34" ten="30,7700,0" yaku="1,1,7,1,52,1,54,1,53,0" doraHai="79" doraHaiUra="114" who="3" fromWho="2" sc="255,0,235,0,235,-80,245,110" /><INIT seed="1,0,0,4,5,120" ten="255,235,155,355" oya="1" hai0="36,11,24,15,132,10,46,40,6,39,13,26,34" hai1="102,25,23,61,106,90,22,130,87,77,16,17,38" hai2="75,29,42,119,92,80,95,97,133,62,86,55,88" hai3="79,50,35,85,52,59,93,89,116,0,98,41,43"/><U70/><E38/><V117/><F42/><W44/><G116/><T104/><D132/><U4/><E130/><V108/><F133/><W18/><G0/><T78/><D104/><U84/><E4/><V83/><F29/><W21/><G35/><T7/><D34/><U124/><E124/><V107/><F55/><W110/><G110/><T94/><D78/><U66/><E106/><V100/><F62/><W131/><G131/><T28/><D28/><U111/><E102/><V27/><F27/><W72/><G72/><T3/><D39/><U63/><E111/><V1/><F1/><W113/><G113/><T74/><D74/><U60/><E77/><N who="2" m="44095" /><F108/><W51/><G79/><T48/><D3/><U82/><REACH who="1" step="1"/><E84/><REACH who="1" ten="255,225,155,355" step="2"/><V135/><F135/><W69/><G85/><T58/><D36/><U64/><E64/><V91/><F107/><W115/><G115/><T81/><D7/><U5/><E5/><V68/><F68/><W99/><G69/><T105/><D105/><U112/><E112/><V37/><F37/><W103/><G103/><T67/><D67/><U9/><E9/><V125/><F125/><W53/><REACH who="3" step="1"/><G98/><AGARI ba="0,1" hai="83,86,88,91,92,95,97,98,100,117,119" m="44095" machi="98" ten="30,3900,0" yaku="34,2,54,1" doraHai="120" who="2" fromWho="3" sc="255,0,225,0,155,49,355,-39" /><INIT seed="2,0,0,0,0,26" ten="255,225,204,316" oya="2" hai0="84,18,67,91,79,78,47,117,57,98,9,39,133" hai1="3,52,10,38,15,64,69,110,121,107,30,124,113" hai2="89,131,114,123,6,14,29,76,125,27,11,63,88" hai3="104,33,86,43,97,135,77,7,122,59,60,13,126"/><V73/><F114/><W1/><G122/><T95/><D133/><U92/><E113/><V94/><F123/><W111/><G1/><T53/><D117/><U58/><E121/><V48/><F125/><W31/><G135/><T65/><D39/><U45/><E107/><V119/><F119/><W134/><G134/><T72/><D72/><U56/><E3/><V106/><F106/><W102/><G111/><T50/><D79/><U49/><E110/><V28/><F131/><W51/><G126/><T87/><D78/><U71/><E124/><V85/><F73/><W105/><G105/><T0/><D0/><U61/><E92/><N who="2" m="54287" /><F76/><W17/><G7/><T70/><D70/><U108/><E108/><V83/><F83/><W46/><G77/><T109/><D109/><U62/><E38/><V24/><F63/><W74/><G74/><T16/><D65/><U19/><REACH who="1" step="1"/><E30/><REACH who="1" ten="255,215,204,316" step="2"/><N who="2" m="11883" /><F48/><W55/><G33/><T112/><D112/><U21/><E21/><V129/><F129/><W100/><G104/><T68/><D50/><U35/><E35/><V36/><F36/><W20/><G51/><T23/><D23/><U101/><E101/><V32/><F32/><W93/><G102/><T8/><D95/><U12/><E12/><V75/><F75/><W128/><G128/><T22/><D22/><U130/><E130/><V25/><F25/><W96/><G100/><T120/><D120/><U41/><AGARI ba="0,1" hai="10,15,19,41,45,49,52,56,58,61,62,64,69,71" machi="41" ten="20,5200,0" yaku="1,1,0,1,7,1,54,1,53,0" doraHai="26" doraHaiUra="103" who="1" fromWho="1" sc="255,-13,215,62,204,-26,316,-13" /><INIT seed="3,0,0,4,3,39" ten="242,277,178,303" oya="3" hai0="5,54,34,42,106,77,127,104,100,117,16,107,79" hai1="86,135,66,30,0,132,128,4,120,115,22,48,98" hai2="96,12,129,97,45,58,35,88,56,11,113,44,73" hai3="24,19,131,65,108,125,53,101,61,18,63,17,33"/><W64/><G125/><T36/><D117/><U47/><E120/><V123/><F113/><W27/><G131/><T15/><D127/><U119/><E115/><V85/><F73/><W69/><G108/><T114/><D34/><U92/><E128/><V21/><F35/><W75/><G75/><T83/><D5/><U80/><E119/><V10/><F21/><W40/><G40/><T2/><D2/><U130/><E130/><V95/><F129/><W94/><G33/><T111/><D111/><U8/><E66/><N who="3" m="25706" /><G69/><T59/><D42/><U38/><E38/><V78/><F123/><W52/><G52/><T55/><D55/><U99/><E22/><V102/><F78/><W74/><G74/><T82/><D36/><U112/><E112/><V37/><F37/><W6/><G6/><T1/><D1/><U13/><E0/><V32/><F32/><W81/><G81/><T26/><D82/><U60/><E80/><N who="2" m="49191" /><F96/><N who="3" m="59543" /><G53/><T57/><D77/><U70/><E70/><V90/><F102/><W23/><G27/><T89/><D100/><U20/><E20/><V103/><F103/><W43/><G43/><T50/><D79/><U46/><E99/><V110/><F110/><W133/><G133/><T124/><D124/><U49/><E98/><V41/><F10/><W7/><G7/><T31/><D114/><U122/><E122/><V93/><F93/><W29/><AGARI ba="0,0" hai="17,18,19,23,24,29,61,63" m="59543,25706" machi="29" ten="30,1500,0" yaku="8,1" doraHai="39" who="3" fromWho="3" sc="242,-5,277,-5,178,-5,303,15" owari="237,-16.3,272,7.2,173,-32.7,318,41.8" /></mjloggm>