<mjloggm ver="2.3"><GO type="225" lobby="0"/><UN n0="%54%4F%52" n1="%73%61%6E%64%69%72%69%73" n2="%E3%81%A9%E3%82%8F%E3%82%93%E3%81%94" n3="%72%61%6B%33" dan="17,16,16,17" rate="2263.03,2165.34,2171.45,2305.28" sx="M,M,M,M"/><TAIKYOKU oya="0"/><INIT seed="0,0,0,0,3,75" ten="250,250,250,250" oya="0" hai0="106,11,7,98,36,79,35,102,113,21,121,64,88" hai1="14,59,49,5,99,42,89,77,33,94,53,93,43" hai2="135,78,28,26,37,117,54,123,30,47,40,34,13" hai3="132,2,19,22,15,130,110,111,27,112,100,1,124"/><T38/><D35/><U57/><E33/><V12/><F123/><W134/><G100/><T41/><D121/><U128/><E128/><V68/><F135/><N who="3" m="51755" /><G112/><T62/><D113/><U66/><E5/><V50/><F30/><N who="3" m="17783" /><G130/><T39/><D21/><U103/><E14/><V52/><F117/><W87/><G87/><T25/><D25/><U92/><E92/><V125/><F125/><W45/><G45/><T127/><D127/><U74/><E74/><V97/><F97/><W80/><G80/><T67/><D67/><U114/><E114/><V31/><F31/><W122/><G122/><T18/><D18/><U51/><E77/><V73/><F68/><W48/><G48/><T6/><D6/><U105/><E105/><V0/><F0/><N who="3" m="107" /><G124/><T86/><D79/><U120/><E120/><V55/><REACH who="2" step="1"/><F50/><REACH who="2" ten="250,250,240,250" step="2"/><W109/><G109/><T56/><D38/><U104/><E51/><V46/><F46/><W71/><G71/><T16/><D39/><U72/><E49/><V20/><F20/><AGARI ba="0,1" hai="15,19,20,110,111" m="107,17783,51755" machi="20" ten="30,3900,0" yaku="20,1,34,2" doraHai="75" who="3" fromWho="2" sc="250,0,250,0,240,-39,250,49" /><INIT seed="1,0,0,5,5,73" ten="250,250,201,299" oya="1" hai0="110,24,34,80,85,72,101,69,113,56,59,95,49" hai1="5,15,134,99,132,11,87,61,114,111,116,91,131" hai2="38,30,70,105,0,44,77,23,10,129,52,109,14" hai3="118,127,74,12,66,50,53,67,18,39,8,76,75"/><U130/><E114/><V119/><F105/><W123/><G39/><T29/><D113/><U37/><E37/><V45/><F119/><W106/><G123/><T97/><D110/><U86/><E116/><V46/><F70/><W78/><G118/><T16/><D69/><U100/><E61/><V41/><F109/><W102/><G127/><T48/><D72/><U121/><E111/><V63/><F0/><W120/><G75/><T35/><D35/><U7/><E7/><V28/><F129/><N who="1" m="49161" /><E121/><V98/><F98/><W125/><G125/><T84/><D84/><N who="1" m="32299" /><E91/><V19/><F77/><N who="3" m="29803" /><G74/><T115/><D115/><U88/><E88/><V135/><F135/><W124/><G106/><AGARI ba="0,0" hai="5,11,15,99,100,106,132,134" m="32299,49161" machi="106" ten="30,1500,0" yaku="19,1" doraHai="73" who="1" fromWho="3" sc="250,0,250,15,201,0,299,-15" /><INIT seed="1,1,0,3,1,122" ten="250,265,201,284" oya="1" hai0="116,49,86,40,25,133,115,90,103,130,59,135,22" hai1="35,96,1,89,55,112,61,124,29,45,93,75,114" hai2="109,128,52,10,113,87,80,118,73,42,117,126,26" hai3="5,15,2,67,101,108,53,48,12,68,50,132,31"/><U82/><E1/><V94/><F73/><W19/><G108/><T43/><D115/><U11/><E124/><V36/><F126/><W83/><G132/><N who="0" m="50763" /><D103/><U123/><E123/><V23/><F113/><W79/><G31/><N who="0" m="17847" /><D116/><U24/><E11/><V78/><F128/><W39/><G39/><T105/><D105/><U99/><E99/><V20/><F36/><W54/><G101/><T71/><D71/><U95/><E95/><V72/><F42/><W14/><G19/><T17/><D17/><U125/><E125/><V21/><F10/><W8/><G68/><T4/><D4/><U119/><E119/><V129/><F129/><W18/><G67/><T97/><D97/><U106/><E106/><V32/><F109/><W47/><G18/><T9/><D9/><U0/><E0/><V33/><F26/><W76/><REACH who="3" step="1"/><G83/><REACH who="3" ten="250,265,201,274" step="2"/><N who="0" m="49503" /><D130/><U110/><E110/><V107/><F118/><W41/><G41/><T63/><D49/><U84/><E112/><V121/><F117/><W88/><G88/><T74/><D74/><U111/><E75/><V30/><F121/><W98/><G98/><T131/><D131/><U13/><E111/><V3/><F30/><W16/><G16/><T64/><AGARI ba="1,1" hai="40,43,59,63,64" m="49503,17847,50763" machi="64" ten="30,1100,0" yaku="20,1" doraHai="122" who="0" fromWho="0" sc="250,24,265,-6,201,-4,274,-4" /><INIT seed="2,0,0,1,1,64" ten="274,259,197,270" oya="2" hai0="59,37,43,111,46,114,73,118,56,74,119,61,57" hai1="125,29,50,15,106,54,8,47,22,87,135,23,39" hai2="33,1,60,38,85,41,10,62,31,11,63,127,81" hai3="75,68,124,77,14,107,12,97,100,101,90,86,117"/><V9/><F127/><W131/><G117/><N who="0" m="44555" /><D114/><U40/><E125/><V21/><F33/><W4/><G124/><T26/><D26/><U129/><E106/><V51/><F38/><W116/><G131/><T83/><D111/><U123/><E129/><V82/><F1/><W128/><G128/><T28/><D28/><U99/><E135/><V20/><F31/><W18/><G101/><T121/><D121/><U35/><E123/><V32/><F32/><W7/><G14/><T110/><D110/><U72/><E72/><N who="0" m="27753" /><D83/><U66/><E99/><V122/><F122/><W65/><G116/><T108/><D108/><U6/><E66/><AGARI ba="0,0" hai="37,43,46,56,57,59,61,66" m="27753,44555" machi="66" ten="30,1000,0" yaku="12,1" doraHai="64" who="0" fromWho="1" sc="274,10,259,-10,197,0,270,0" /><INIT seed="3,0,0,3,3,33" ten="284,249,197,270" oya="3" hai0="51,11,57,114,103,25,41,102,29,127,54,132,13" hai1="50,34,38,118,133,42,94,87,82,32,86,52,135" hai2="131,22,46,35,62,109,68,121,37,21,96,100,64" hai3="115,84,120,23,6,79,19,24,27,111,43,48,1"/><W49/><G115/><T112/><D132/><U4/><E118/><V119/><F109/><W45/><G120/><T80/><D127/><U39/><E4/><V129/><F119/><W98/><G111/><T59/><D41/><U8/><E8/><V61/><F121/><W72/><G98/><T66/><D80/><U16/><E94/><V110/><F110/><W130/><G130/><N who="2" m="49673" /><F35/><W2/><G72/><T7/><D114/><U107/><E107/><N who="2" m="63879" /><F62/><W83/><G6/><T126/><D126/><U108/><E108/><V18/><F18/><W116/><G116/><T106/><D106/><U36/><E42/><AGARI ba="0,0" hai="21,22,37,42,46,61,64,68" m="63879,49673" machi="42" ten="30,1000,0" yaku="19,1" doraHai="33" who="2" fromWho="1" sc="284,0,249,-10,197,10,270,0" /><INIT seed="4,0,0,2,2,96" ten="284,239,207,270" oya="0" hai0="30,36,19,131,40,0,3,44,77,64,127,98,50" hai1="42,31,107,25,24,112,75,60,135,100,63,69,73" hai2="92,48,85,104,129,130,15,102,62,117,122,74,4" hai3="53,132,109,45,26,121,23,95,52,32,1,57,124"/><T13/><D131/><N who="2" m="50186" /><F122/><W81/><G109/><T103/><D30/><U66/><E135/><V93/><F74/><W43/><G132/><T46/><D64/><U22/><E112/><V41/><F117/><W71/><G71/><T68/><D77/><U133/><E133/><V105/><F62/><W119/><G119/><T35/><D35/><N who="1" m="20967" /><E42/><V90/><F4/><W33/><G1/><T58/><D58/><U8/><E8/><V59/><F15/><W128/><G124/><T106/><D68/><U17/><E63/><V2/><F2/><W27/><G121/><T70/><D70/><U38/><E38/><V115/><F115/><W87/><G95/><T54/><D127/><U118/><E118/><V72/><F72/><W114/><G114/><T67/><D67/><U86/><E86/><V111/><F111/><W18/><G128/><T49/><D36/><U56/><E56/><V134/><F134/><W82/><G27/><T39/><D39/><U116/><E116/><V108/><F108/><W29/><G29/><T99/><D99/><AGARI ba="0,0" hai="17,22,25,60,66,69,73,75,99,100,107" m="20967" machi="99" ten="30,2000,0" yaku="25,1,52,1" doraHai="96" who="1" fromWho="0" sc="284,-20,239,20,207,0,270,0" /><INIT seed="5,0,0,1,4,49" ten="264,259,207,270" oya="1" hai0="63,40,119,125,135,120,70,19,6,116,83,68,30" hai1="10,99,15,104,17,106,35,109,42,113,126,57,86" hai2="29,127,131,0,45,96,128,38,123,64,4,66,59" hai3="2,56,34,108,36,43,20,23,72,51,87,118,44"/><U74/><E74/><V79/><F29/><W28/><G72/><T5/><D135/><U25/><E113/><V81/><F123/><W132/><G108/><T89/><D120/><U54/><E126/><V12/><F127/><W41/><G2/><T58/><D125/><U90/><E42/><N who="2" m="22743" /><F96/><W105/><G105/><T100/><D100/><U65/><E109/><V24/><F24/><W3/><G3/><T76/><D30/><U73/><E73/><N who="2" m="43247" /><F12/><W46/><G118/><T62/><D40/><U117/><E117/><V97/><F97/><W93/><G132/><T124/><D124/><U130/><E130/><N who="2" m="49707" /><F59/><W111/><G111/><T67/><D119/><U26/><E35/><V39/><F39/><W95/><G56/><T47/><D116/><U11/><E99/><V13/><F13/><W102/><G102/><T92/><D47/><U48/><E104/><V37/><F37/><W122/><G122/><T80/><D68/><U75/><E10/><AGARI ba="0,0" hai="0,4,10,64,66" m="49707,43247,22743" machi="10" ten="30,2000,0" yaku="25,1,19,1" doraHai="49" who="2" fromWho="1" sc="264,0,259,-20,207,20,270,0" /><INIT seed="6,0,0,3,3,90" ten="264,239,227,270" oya="2" hai0="83,135,78,134,106,84,18,77,5,47,46,23,105" hai1="21,29,132,48,53,104,86,88,6,99,124,127,110" hai2="126,19,71,55,10,28,107,101,131,33,50,89,8" hai3="123,39,41,113,66,103,17,30,93,119,117,35,45"/><V13/><F71/><W60/><G123/><T31/><D5/><U118/><E110/><V37/><F37/><W22/><G113/><T3/><D3/><U92/><E118/><V54/><F131/><W112/><G112/><T68/><D68/><U1/><E132/><N who="0" m="50729" /><D31/><U15/><E1/><V133/><F133/><W120/><G120/><T36/><D77/><U43/><E43/><V85/><F126/><N who="1" m="48169" /><E29/><V51/><F107/><N who="0" m="40970" /><D36/><U59/><E6/><V2/><F101/><W79/><G79/><T0/><D0/><U114/><E114/><V65/><F65/><W11/><G35/><T24/><AGARI ba="0,0" hai="18,23,24,46,47,78,83,84" m="40970,50729" machi="24" ten="30,1100,0" yaku="20,1" doraHai="90" who="0" fromWho="0" sc="264,11,239,-3,227,-5,270,-3" /><INIT seed="7,0,0,3,5,68" ten="275,236,222,267" oya="3" hai0="19,13,58,41,66,3,28,69,57,47,101,4,130" hai1="60,31,5,54,25,67,62,52,80,50,127,117,102" hai2="12,124,44,34,55,49,108,89,111,53,71,82,100" hai3="133,97,40,84,122,134,10,29,98,128,77,86,83"/><W113/><G122/><T95/><D28/><U126/><E117/><V92/><F34/><W81/><G29/><T56/><D130/><U75/><E5/><V43/><F71/><W135/><G128/><T14/><D3/><U0/><E0/><V11/><F124/><N who="1" m="47657" /><E102/><V93/><F111/><W121/><G121/><T48/><D69/><N who="1" m="42215" /><E62/><V26/><F26/><W116/><G116/><T64/><D4/><U106/><E106/><V105/><F105/><W37/><G10/><N who="0" m="6583" /><D14/><U2/><E2/><V24/><F24/><W96/><G113/><T23/><D23/><N who="1" m="15807" /><E50/><V39/><F108/><W87/><G77/><AGARI ba="0,0" hai="52,54,75,77,80" m="15807,42215,47657" machi="77" ten="30,2000,0" yaku="18,1,54,1" doraHai="68" who="1" fromWho="3" sc="275,0,236,20,222,0,267,-20" owari="275,37.5,256,5.6,222,-27.8,247,-15.3" /></mjloggm>