<mjloggm ver="2.3"><GO type="225" lobby="0"/><UN n0="%77%72%77%72%77%72%77%72" n1="%E3%81%8B%E3%82%8F%E3%81%A1%E3%82%83%E3%82%93%35%38" n2="%33%74%72%65%65" n3="%72%69%6F%75%63%68%61%6E" dan="17,17,16,16" rate="2197.46,2117.10,2122.59,2169.06" sx="M,M,F,M"/><TAIKYOKU oya="0"/><INIT seed="0,0,0,3,2,126" ten="250,250,250,250" oya="0" hai0="20,115,100,114,28,94,47,3,106,86,62,30,66" hai1="112,15,41,105,17,59,117,49,6,77,85,119,8" hai2="39,50,80,78,91,54,124,81,56,45,83,37,135" hai3="99,46,44,127,69,4,2,93,48,43,5,40,1"/><T134/><D3/><U26/><E105/><V121/><F121/><W113/><G113/><T103/><D106/><U25/><E112/><V130/><F124/><W42/><G127/><T120/><D120/><U123/><E123/><V23/><F135/><W102/><G69/><T116/><D116/><U110/><E110/><V128/><F78/><W14/><G14/><T82/><D134/><U131/><E131/><N who="2" m="50219" /><F91/><W0/><REACH who="3" step="1"/><G40/><REACH who="3" ten="250,250,250,240" step="2"/><T89/><D115/><U118/><E118/><V57/><F23/><W75/><G75/><T90/><D114/><U34/><E119/><V109/><F109/><W16/><G16/><T33/><D33/><U129/><E129/><V76/><F76/><W125/><G125/><T65/><D20/><U7/><E117/><V19/><F19/><W38/><AGARI ba="0,1" hai="0,1,2,4,5,38,42,43,44,46,48,93,99,102" machi="38" ten="30,2000,0" yaku="1,1,0,1,53,0" doraHai="126" doraHaiUra="84" who="3" fromWho="3" sc="250,-10,250,-5,250,-5,240,30" /><INIT seed="1,0,0,4,3,134" ten="240,245,245,270" oya="1" hai0="75,70,135,110,92,86,81,115,24,68,90,132,25" hai1="118,116,58,109,46,78,49,31,63,106,35,27,77" hai2="39,125,108,111,127,10,93,29,33,34,23,4,22" hai3="42,98,30,69,128,85,129,130,43,14,67,133,48"/><U83/><E106/><V56/><F39/><W64/><G30/><T73/><D115/><U7/><E109/><N who="2" m="42059" /><F56/><W91/><G133/><N who="0" m="51275" /><D110/><U72/><E7/><V103/><F103/><W79/><G14/><T44/><D44/><U18/><E18/><V15/><F93/><N who="3" m="56639" /><G69/><N who="0" m="26731" /><D92/><U114/><E78/><V40/><F40/><N who="3" m="15403" /><G48/><T5/><D5/><U17/><E114/><V47/><F47/><W100/><G100/><T41/><D41/><U76/><E76/><V38/><F38/><W53/><G53/><T117/><D117/><U51/><E51/><V21/><F29/><W61/><G61/><T112/><D112/><U54/><REACH who="1" step="1"/><E17/><REACH who="1" ten="240,235,245,270" step="2"/><V123/><F123/><W119/><G119/><T9/><D9/><U57/><E57/><V126/><AGARI ba="0,1" hai="4,10,15,21,22,23,33,34,125,126,127" m="42059" machi="126" ten="40,12000,2" yaku="18,1,14,1,34,2,52,3" doraHai="134" who="2" fromWho="2" sc="240,-30,235,-60,245,130,270,-30" /><INIT seed="2,0,0,3,2,20" ten="210,175,375,240" oya="2" hai0="124,103,46,90,10,38,0,127,119,13,133,100,93" hai1="30,40,39,82,72,37,21,24,99,32,49,89,77" hai2="66,74,86,57,3,14,23,104,78,76,105,58,110" hai3="98,115,87,75,129,51,92,120,45,83,34,96,70"/><V122/><F122/><W43/><G120/><T114/><D114/><U31/><E49/><V68/><F3/><W126/><G115/><T26/><D0/><U9/><E9/><V52/><F74/><W62/><G126/><N who="0" m="48171" /><D133/><U102/><E89/><V116/><F116/><W81/><G129/><T50/><D38/><U91/><E91/><V28/><F68/><W5/><G34/><T16/><D119/><U60/><E40/><V8/><F104/><W112/><G112/><T88/><D26/><U19/><E60/><V36/><F105/><W55/><G5/><T64/><D64/><U59/><E59/><V130/><F57/><N who="3" m="35135" /><G70/><T15/><D15/><U4/><E4/><V18/><F14/><W107/><G107/><T132/><D132/><U71/><E71/><V131/><F66/><W63/><G75/><T56/><D56/><U134/><E134/><V125/><F58/><W17/><G63/><T53/><D90/><U121/><E121/><V113/><F131/><W84/><G17/><T54/><D53/><U67/><E67/><V41/><F18/><W1/><G1/><T33/><D33/><U117/><E117/><V135/><F130/><W44/><G44/><T29/><D29/><N who="1" m="10763" /><E32/><V42/><F135/><W22/><G22/><T69/><D69/><U97/><E102/><V7/><F125/><W106/><G106/><T128/><D128/><U48/><E48/><V27/><F113/><W80/><G92/><T35/><D35/><U12/><E12/><V61/><F36/><N who="1" m="13897" /><E72/><V108/><F61/><W85/><AGARI ba="0,0" hai="43,45,51,80,81,83,84,85,87,96,98" m="35135" machi="85" ten="30,1100,0" yaku="8,1" doraHai="20" who="3" fromWho="3" sc="210,-3,175,-3,375,-5,240,11" /><INIT seed="3,0,0,1,0,105" ten="207,172,370,251" oya="3" hai0="43,83,12,59,66,79,41,63,27,109,19,57,55" hai1="48,85,67,115,131,38,37,101,130,96,39,69,45" hai2="75,17,132,123,11,102,68,6,78,73,0,90,100" hai3="44,65,29,20,35,22,25,7,86,53,40,14,92"/><W118/><G118/><T13/><D109/><U107/><E85/><V26/><F68/><W88/><G65/><T8/><D27/><U31/><E31/><V77/><F26/><W16/><G7/><T119/><D119/><U58/><E96/><V24/><F24/><W121/><G121/><T21/><D83/><U93/><E93/><V125/><F17/><W3/><G3/><T94/><D94/><U133/><E101/><V10/><F6/><W106/><G106/><T134/><D79/><U81/><E81/><V98/><F98/><W82/><G53/><T72/><D72/><U34/><E34/><V54/><F54/><W112/><G112/><T4/><REACH who="0" step="1"/><D134/><REACH who="0" ten="197,172,370,251" step="2"/><U135/><E107/><V70/><F75/><W113/><G113/><T61/><AGARI ba="0,1" hai="4,8,12,13,19,21,41,43,55,57,59,61,63,66" machi="61" ten="20,8000,1" yaku="1,1,2,1,0,1,7,1,8,1,53,0" doraHai="105" doraHaiUra="84" who="0" fromWho="0" sc="197,90,172,-20,370,-20,251,-40" owari="287,8.7,152,-34.8,350,45.0,211,-18.9" /></mjloggm>