<mjloggm ver="2.3"><GO type="225" lobby="0"/><UN n0="%E8%81%B7%E6%A5%AD%E3%80%81%E9%A2%A8%32" n1="%E3%81%82%E3%83%BC%E3%81%97" n2="%4D%50%43%32%38%30%30" n3="%E9%80%9F%E6%B0%B4%E5%87%9B%E9%A6%99" dan="16,16,16,16" rate="2104.26,2110.76,2113.36,2157.45" sx="M,M,M,F"/><TAIKYOKU oya="0"/><INIT seed="0,0,0,3,3,80" ten="250,250,250,250" oya="0" hai0="108,28,100,129,51,43,116,71,54,40,74,132,44" hai1="29,127,97,16,122,63,85,113,84,70,8,131,34" hai2="117,91,22,10,104,62,123,55,53,0,35,50,89" hai3="105,56,20,42,90,114,115,41,17,83,45,38,15"/><T52/><D108/><U118/><E122/><V88/><F123/><W133/><G105/><T6/><D74/><U27/><E118/><V30/><F104/><W75/><G133/><T12/><D71/><U125/><E131/><V26/><F117/><W99/><G41/><N who="0" m="15947" /><D116/><U1/><E113/><V95/><F35/><W93/><REACH who="3" step="1"/><G56/><REACH who="3" ten="250,250,250,240" step="2"/><T76/><D132/><U67/><E97/><V46/><F95/><W11/><G11/><N who="0" m="4215" /><D129/><U4/><REACH who="1" step="1"/><E16/><REACH who="1" ten="250,240,250,240" step="2"/><V96/><F96/><W120/><G120/><T33/><D28/><U58/><E58/><N who="2" m="35151" /><F0/><W64/><G64/><T18/><D18/><U126/><AGARI ba="0,2" hai="1,4,8,27,29,34,63,67,70,84,85,125,126,127" machi="126" ten="30,12000,2" yaku="1,1,0,1,18,1,52,2,53,1" doraHai="80" doraHaiUra="32" who="1" fromWho="1" sc="250,-60,240,140,250,-30,240,-30" /><INIT seed="1,0,0,0,1,36" ten="190,380,220,210" oya="1" hai0="38,63,32,84,20,123,64,115,81,12,49,14,113" hai1="121,88,25,112,107,11,117,87,126,95,59,103,99" hai2="130,127,86,3,69,96,105,92,18,102,19,76,22" hai3="114,122,61,10,5,1,116,4,132,9,108,106,90"/><U129/><E117/><V51/><F69/><W41/><G114/><T91/><D38/><U42/><E121/><V135/><F3/><W58/><G106/><T65/><D32/><U78/><E112/><V26/><F135/><W60/><G122/><T7/><D65/><U66/><E129/><V13/><F130/><W73/><G73/><T128/><D128/><U109/><E126/><V82/><F127/><W35/><G35/><T98/><D123/><U50/><E78/><V134/><F134/><W83/><G108/><T27/><D98/><U94/><E109/><V2/><F2/><W54/><G132/><T47/><D7/><U85/><E11/><V43/><F105/><W6/><G116/><T0/><D0/><U68/><E68/><V93/><F93/><W34/><G34/><T119/><D119/><U17/><E107/><V133/><F133/><W37/><G1/><T77/><D77/><U53/><E66/><V24/><F19/><W62/><G41/><N who="0" m="24815" /><D115/><U71/><E42/><V97/><F97/><W28/><G28/><N who="0" m="17511" /><D113/><U31/><E71/><V40/><F40/><W33/><G33/><T45/><D45/><AGARI ba="0,0" hai="13,18,22,24,26,43,45,51,76,82,86,92,96,102" machi="45" ten="40,2600,0" yaku="8,1,52,1" doraHai="36" who="2" fromWho="0" sc="190,-26,380,0,220,26,210,0" /><INIT seed="2,0,0,2,5,37" ten="164,380,246,210" oya="2" hai0="19,65,106,14,94,86,0,81,63,108,78,129,10" hai1="61,102,46,18,59,72,100,5,124,114,53,27,122" hai2="107,51,1,52,105,71,47,66,24,79,110,36,128" hai3="111,87,130,123,83,132,135,69,90,35,48,98,85"/><V41/><F1/><W49/><G69/><T2/><D108/><U119/><E72/><V12/><F110/><W13/><G35/><T44/><D106/><U39/><E114/><V125/><F128/><W95/><G111/><T15/><D129/><U55/><E119/><V9/><F125/><W40/><G130/><T62/><D62/><U127/><E5/><V54/><F79/><W6/><G123/><T99/><D44/><U93/><E122/><V26/><F105/><W16/><G6/><T101/><REACH who="0" step="1"/><D15/><REACH who="0" ten="154,380,246,210" step="2"/><U118/><E46/><V23/><F107/><W11/><G135/><T84/><D84/><U82/><E61/><V80/><F47/><N who="3" m="25703" /><G132/><T45/><D45/><U120/><E39/><V103/><F36/><W50/><G87/><T112/><D112/><U73/><E73/><V30/><F12/><W89/><AGARI ba="0,1" hai="11,13,16,49,50,83,85,89,90,95,98" m="25703" machi="89" ten="30,4000,0" yaku="8,1,52,1,54,1" doraHai="37" who="3" fromWho="3" sc="154,-10,380,-10,246,-20,210,50" /><INIT seed="3,0,0,4,1,78" ten="144,370,226,260" oya="3" hai0="117,54,50,60,115,86,23,76,107,132,90,41,123" hai1="134,80,21,124,131,110,64,112,9,38,52,113,4" hai2="135,82,69,37,46,68,125,102,24,56,29,20,48" hai3="74,101,45,5,95,47,22,67,119,103,128,31,121"/><W111/><G74/><T84/><D117/><U34/><E38/><V126/><F135/><W16/><G121/><T1/><D123/><U28/><E110/><V15/><F102/><W32/><G119/><T53/><D107/><U71/><E34/><V133/><F133/><W73/><G73/><T13/><D1/><U98/><E98/><V43/><F15/><W36/><G36/><T100/><D100/><U14/><E134/><V81/><F69/><W12/><G111/><T97/><D115/><U27/><E131/><V91/><F68/><W109/><G109/><T62/><D97/><U33/><E124/><N who="2" m="47723" /><F91/><W106/><G106/><T26/><D13/><U57/><E64/><V59/><F59/><W19/><G67/><T58/><D41/><U94/><E71/><V55/><AGARI ba="0,0" hai="20,24,29,37,43,46,48,55,56,81,82" m="47723" machi="55" ten="30,4000,0" yaku="18,1,52,2" doraHai="78" who="2" fromWho="2" sc="144,-10,370,-10,226,40,260,-20" owari="134,-36.6,360,46.0,266,6.6,240,-16.0" /></mjloggm>