<mjloggm ver="2.3"><GO type="225" lobby="0"/><UN n0="%E7%B4%94%E6%BD%94%E3%83%94%E3%83%A9%E3%83%8B%E3%82%A2" n1="%E6%B4%BE%E9%81%A3%E3%81%AE%E3%82%B8%E3%83%A3%E3%83%83%E3%82%AF" n2="%4E%49%4A%49%49%52%4F" n3="%E3%82%A2%E3%83%9E%E3%83%9D%EF%BD%9E%EF%BD%9E%E3%83%A9" dan="16,16,16,17" rate="2157.70,2162.41,2185.58,2175.67" sx="M,M,M,M"/><TAIKYOKU oya="0"/><INIT seed="0,0,0,2,1,132" ten="250,250,250,250" oya="0" hai0="71,127,91,13,27,120,113,125,41,20,45,29,33" hai1="17,47,67,66,97,10,109,74,84,19,0,106,53" hai2="12,107,7,80,105,81,70,36,129,44,64,14,30" hai3="82,122,60,85,131,16,35,86,37,11,111,115,119"/><T126/><D71/><U65/><E74/><V63/><F129/><W39/><G35/><T73/><D113/><U77/><E109/><V26/><F81/><W93/><G119/><T31/><D91/><U57/><E47/><V103/><F80/><W92/><G111/><T6/><D73/><U128/><E128/><V5/><F5/><W90/><G122/><T61/><D61/><U88/><E77/><V134/><F134/><W104/><G104/><T51/><D120/><U3/><E106/><V110/><F110/><W124/><G115/><T123/><D123/><U78/><E97/><N who="2" m="61679" /><F7/><W99/><G131/><T102/><D102/><U34/><E78/><V52/><F107/><W48/><G48/><T55/><D55/><U94/><E34/><N who="2" m="20823" /><F52/><W46/><G86/><T56/><D56/><U8/><E3/><V15/><F44/><W89/><G46/><T24/><D6/><U49/><REACH who="1" step="1"/><E0/><REACH who="1" ten="250,240,250,250" step="2"/><V121/><F121/><W22/><G99/><T130/><D130/><U32/><E32/><V117/><F117/><W108/><G108/><T135/><D135/><U69/><E69/><V18/><F36/><W118/><G39/><T75/><D75/><U116/><E116/><V4/><F4/><W62/><G37/><T95/><D13/><U72/><E72/><V50/><F50/><W87/><G118/><T96/><D96/><U112/><E112/><V54/><F54/><W23/><G87/><T83/><D83/><U25/><E25/><V9/><AGARI ba="0,1" hai="9,12,14,15,18,63,64,70" m="20823,61679" machi="9" ten="30,1100,0" yaku="25,1" doraHai="132" who="2" fromWho="2" sc="250,-5,240,-3,250,21,250,-3" /><INIT seed="1,0,0,5,3,90" ten="245,237,271,247" oya="1" hai0="46,86,97,17,55,102,5,48,25,40,73,8,9" hai1="21,7,57,32,53,14,38,94,16,105,43,131,72" hai2="61,15,71,41,31,45,124,11,52,49,135,134,29" hai3="99,44,116,4,80,51,36,96,123,22,47,107,35"/><U91/><E105/><V12/><F124/><W37/><G35/><T58/><D73/><U130/><E32/><V112/><F112/><W75/><G123/><T23/><D86/><N who="1" m="52599" /><E72/><V63/><F15/><W64/><G64/><T24/><D24/><U67/><E67/><V111/><F111/><W70/><G70/><T59/><D5/><U100/><E100/><V103/><F103/><W6/><G22/><T56/><REACH who="0" step="1"/><D40/><REACH who="0" ten="235,237,271,247" step="2"/><U89/><E7/><V106/><F41/><W113/><G75/><T95/><AGARI ba="0,1" hai="8,9,17,23,25,46,48,55,56,58,59,95,97,102" machi="95" ten="30,12000,2" yaku="1,1,2,1,0,1,8,1,52,1,53,1" doraHai="90" doraHaiUra="98" who="0" fromWho="0" sc="235,130,237,-60,271,-30,247,-30" /><INIT seed="2,0,0,3,0,4" ten="365,177,241,217" oya="2" hai0="52,114,81,19,35,78,101,120,23,3,36,67,113" hai1="34,61,47,12,38,18,133,60,104,129,110,95,58" hai2="68,71,32,62,92,51,102,63,26,72,89,107,127" hai3="50,64,70,75,128,76,132,13,25,94,10,77,54"/><V31/><F72/><W37/><G37/><T85/><D35/><U96/><E34/><V39/><F39/><W59/><G128/><T98/><D120/><U41/><E104/><V66/><F127/><W93/><G132/><T99/><D99/><U0/><E0/><V29/><F29/><W73/><G73/><T42/><D67/><U135/><E129/><V100/><F107/><W69/><G25/><T116/><D116/><U86/><E86/><V55/><F63/><N who="3" m="38015" /><G70/><T21/><D21/><U30/><E30/><V124/><F124/><W24/><G24/><T74/><D52/><N who="1" m="33863" /><E110/><V115/><F115/><W105/><G69/><T40/><D3/><U45/><E61/><V49/><F49/><W106/><G75/><T5/><D74/><U9/><E38/><V33/><F68/><W84/><G106/><T87/><D87/><U103/><E41/><V53/><F53/><W121/><G121/><T131/><D131/><U8/><E8/><V118/><F118/><W22/><G22/><T83/><D36/><U108/><E108/><V97/><REACH who="2" step="1"/><F32/><REACH who="2" ten="365,177,231,217" step="2"/><W43/><G105/><N who="0" m="63671" /><D114/><U57/><E57/><AGARI ba="0,1" hai="26,31,33,51,55,57,62,66,71,89,92,97,100,102" machi="57" ten="30,5800,0" yaku="1,1,7,1,53,1" doraHai="4" doraHaiUra="56" who="2" fromWho="1" sc="365,0,177,-58,231,68,217,0" /><INIT seed="2,1,0,0,5,116" ten="365,119,299,217" oya="2" hai0="76,22,121,120,23,108,8,53,10,98,30,14,29" hai1="127,38,35,6,18,132,47,27,17,86,12,60,128" hai2="65,54,95,134,122,103,7,34,81,78,25,118,59" hai3="75,64,114,102,109,71,70,28,56,37,94,9,135"/><V107/><F118/><W42/><G75/><T61/><D76/><U126/><E86/><V77/><F107/><W91/><G102/><T44/><D98/><U100/><E100/><V113/><F113/><W69/><G28/><T45/><D61/><U67/><E128/><V131/><F131/><W83/><G83/><T33/><D53/><U124/><E132/><V63/><F134/><W31/><G9/><T80/><D80/><U74/><E74/><V50/><F7/><W46/><G31/><T36/><D14/><U133/><E133/><V58/><F34/><W111/><G135/><T89/><D89/><U117/><E117/><V52/><F122/><W21/><G21/><T88/><D88/><U4/><E27/><V99/><F25/><W79/><G79/><T130/><D130/><U119/><E35/><V73/><REACH who="2" step="1"/><F78/><REACH who="2" ten="365,119,289,217" step="2"/><W87/><G114/><T104/><D104/><U62/><E119/><V82/><F82/><W26/><G26/><T85/><D33/><U101/><E101/><V32/><F32/><W123/><G123/><T0/><D121/><U2/><E2/><V40/><F40/><W112/><G112/><T110/><D120/><U66/><E4/><V11/><F11/><W49/><G111/><T16/><D0/><U1/><E1/><V125/><F125/><N who="1" m="32001" /><U84/><DORA hai="57" /><E6/><V90/><F90/><W24/><G109/><T39/><D110/><U106/><E106/><V51/><F51/><W68/><N who="3" m="17408" /><DORA hai="92" /><W93/><G24/><T105/><D108/><U97/><E12/><V72/><F72/><W13/><G13/><T115/><D115/><RYUUKYOKU ba="1,1" sc="365,-10,119,-10,289,30,217,-10" hai2="50,52,54,58,59,63,65,73,77,81,95,99,103" /><INIT seed="2,2,1,3,3,131" ten="355,109,319,207" oya="2" hai0="70,104,55,24,13,67,88,20,115,34,57,40,4" hai1="12,120,76,19,73,125,22,62,21,108,16,69,58" hai2="32,117,28,14,84,86,36,46,123,49,52,111,126" hai3="45,65,91,100,63,48,116,127,6,10,87,11,1"/><V23/><F117/><W60/><G127/><T39/><D104/><U42/><E108/><V122/><F126/><W61/><G116/><T35/><D115/><U31/><E125/><V134/><F111/><W105/><G11/><T109/><D109/><U128/><E69/><V30/><F32/><W99/><G65/><T17/><D70/><U133/><E42/><V41/><F134/><W119/><G119/><T132/><D67/><U66/><E128/><V112/><F112/><W106/><G106/><T72/><D72/><U5/><E5/><V124/><F124/><W89/><REACH who="3" step="1"/><G87/><REACH who="3" ten="355,109,319,197" step="2"/><T80/><D132/><U25/><E120/><V92/><F123/><W107/><G107/><T43/><D4/><U50/><E133/><V74/><F122/><W8/><G8/><T129/><D129/><U82/><REACH who="1" step="1"/><E50/><REACH who="1" ten="355,99,319,197" step="2"/><V135/><F49/><W98/><G98/><T53/><D39/><U15/><E15/><V83/><F14/><W64/><G64/><T85/><D13/><U81/><E81/><V26/><F83/><W114/><G114/><T101/><D80/><U59/><E59/><V54/><F36/><W51/><G51/><T95/><D57/><U29/><AGARI ba="2,3" hai="12,16,19,21,22,25,29,31,58,62,66,73,76,82" machi="29" ten="30,4000,0" yaku="1,1,0,1,54,1,53,0" doraHai="131" doraHaiUra="37" who="1" fromWho="1" sc="355,-12,99,76,319,-22,197,-12" /><INIT seed="3,0,0,0,1,124" ten="343,175,297,185" oya="3" hai0="32,64,121,27,42,14,125,84,43,2,12,123,53" hai1="38,129,82,3,16,87,52,81,107,134,10,127,104" hai2="45,122,105,85,1,17,109,118,13,119,73,6,74" hai3="72,51,26,106,65,100,79,116,21,83,36,86,35"/><W75/><G36/><T22/><D2/><U58/><E38/><V49/><F122/><W114/><G116/><T98/><D125/><U25/><E127/><V28/><F109/><W57/><G35/><T44/><D64/><U126/><E126/><V55/><F105/><W90/><G114/><T131/><D98/><U20/><E134/><V97/><F28/><W110/><G110/><T62/><D32/><U29/><E129/><V70/><F70/><W95/><G75/><T94/><D131/><U120/><E120/><V39/><F97/><N who="3" m="61711" /><G51/><N who="0" m="28903" /><D62/><U11/><E3/><V130/><F39/><W8/><G8/><N who="1" m="3114" /><E107/><V76/><F130/><W31/><G57/><T46/><D84/><U9/><E104/><V24/><F74/><W103/><G103/><T23/><D94/><U50/><E87/><V7/><F73/><W40/><G40/><T135/><D43/><U4/><E4/><V99/><F7/><W41/><G41/><T19/><D46/><U77/><E77/><V34/><F6/><W128/><G128/><T0/><D42/><U67/><E67/><AGARI ba="0,0" hai="21,26,31,65,67,72,79,83,86,90,95" m="61711" machi="67" ten="30,1500,0" yaku="24,1" doraHai="124" who="3" fromWho="1" sc="343,0,175,-15,297,0,185,15" /><INIT seed="3,1,0,4,4,42" ten="343,160,297,200" oya="3" hai0="44,122,134,14,47,119,88,2,97,51,125,24,19" hai1="110,118,6,130,95,32,93,49,71,104,7,133,40" hai2="52,135,45,124,78,28,90,5,67,11,94,85,33" hai3="89,77,23,18,113,132,3,16,4,15,26,30,74"/><W29/><G74/><T105/><D2/><U62/><E104/><V114/><F114/><W35/><G77/><T37/><D119/><U1/><E118/><V20/><F33/><W72/><G72/><T100/><D122/><U126/><E32/><V102/><F135/><W69/><G69/><T9/><D134/><U70/><E133/><V99/><F124/><W60/><G132/><T53/><D125/><U41/><E126/><V75/><F67/><W0/><G60/><T111/><D111/><U8/><E110/><V117/><F117/><W127/><G89/><T63/><D63/><U27/><E27/><V123/><F123/><W50/><G50/><T128/><D128/><U86/><E130/><V131/><F131/><W31/><G113/><T66/><D66/><U81/><E7/><V129/><F129/><W21/><G127/><T10/><D24/><U22/><E22/><V43/><F20/><N who="3" m="13575" /><G35/><T116/><D116/><U80/><E80/><V54/><F28/><N who="3" m="10859" /><G4/><T107/><D107/><U76/><E40/><V83/><F90/><W34/><G34/><T58/><D37/><U108/><E108/><V101/><F101/><W38/><G38/><T13/><D88/><U17/><E17/><AGARI ba="1,0" hai="9,10,13,14,17,19,44,47,51,53,58,97,100,105" machi="17" ten="30,7700,0" yaku="7,1,9,1,52,2" doraHai="42" who="0" fromWho="1" sc="343,80,160,-80,297,0,200,0" owari="423,52.3,80,-42.0,297,9.7,200,-20.0" /></mjloggm>