<mjloggm ver="2.3"><GO type="225" lobby="0"/><UN n0="%6D%75%75%6D%75%72%61" n1="%E3%82%BC%E3%83%AB%E3%83%80%E3%81%AE%E4%BC%9D%E8%AA%AC" n2="%4E%49%4A%49%49%52%4F" n3="%68%6F%72%69%30%39%30%31" dan="17,17,17,16" rate="2205.80,2236.67,2198.42,2121.89" sx="F,M,M,M"/><TAIKYOKU oya="0"/><INIT seed="0,0,0,4,3,108" ten="250,250,250,250" oya="0" hai0="51,128,57,54,11,88,104,84,111,62,121,28,20" hai1="73,114,77,66,63,103,48,4,3,23,79,61,8" hai2="34,135,10,46,91,53,78,26,19,70,17,90,44" hai3="109,85,16,7,67,35,94,129,43,42,9,117,2"/><T74/><D121/><U21/><E103/><V47/><F70/><W118/><G35/><T1/><D74/><U36/><E48/><V93/><F78/><W119/><G109/><T112/><D111/><U72/><E36/><V30/><F135/><W38/><G129/><T0/><D128/><U5/><E8/><V69/><F69/><W80/><G67/><T122/><D122/><U64/><E3/><V25/><F10/><W15/><G94/><T37/><D37/><U71/><E71/><V40/><F40/><W24/><G24/><T130/><D130/><U89/><E89/><V124/><F124/><W59/><G59/><T6/><D104/><U75/><E73/><V33/><F53/><W55/><G55/><T127/><D127/><U99/><E99/><V29/><REACH who="2" step="1"/><F90/><REACH who="2" ten="250,250,240,250" step="2"/><W52/><G52/><T101/><D11/><U113/><AGARI ba="0,1" hai="4,5,21,23,61,63,64,66,72,75,77,79,113,114" machi="113" ten="25,8000,1" yaku="0,1,22,2,52,2" doraHai="108" who="1" fromWho="1" sc="250,-40,250,90,240,-20,250,-20" /><INIT seed="1,0,0,4,5,86" ten="210,340,220,230" oya="1" hai0="28,89,77,83,4,27,20,87,42,94,22,51,2" hai1="18,41,119,95,123,63,122,48,73,34,126,107,110" hai2="32,74,35,84,43,103,96,91,31,68,134,8,101" hai3="45,100,53,52,57,72,121,67,38,60,125,13,118"/><U99/><E34/><V128/><F74/><W81/><G121/><T3/><D4/><U46/><E119/><V102/><F134/><W23/><G118/><T104/><D104/><U24/><E73/><V39/><F128/><W85/><G72/><T112/><D112/><U33/><E126/><V7/><F68/><W93/><G125/><T132/><D132/><U65/><E110/><V15/><F31/><W116/><G116/><T55/><D42/><U29/><E18/><V109/><F109/><W58/><G38/><T76/><D20/><U49/><E49/><V75/><F75/><W64/><G45/><T113/><D113/><U97/><E97/><V62/><F62/><W105/><G105/><T108/><D108/><U78/><E78/><V47/><REACH who="2" step="1"/><F96/><REACH who="2" ten="210,340,210,230" step="2"/><N who="3" m="59407" /><G60/><T26/><D26/><U135/><E63/><V10/><F10/><W131/><G131/><T124/><D124/><U98/><E98/><V115/><F115/><W0/><G67/><T111/><D111/><U133/><E65/><V70/><F70/><W19/><G64/><T36/><D36/><U16/><E99/><V71/><F71/><W5/><G58/><T44/><REACH who="0" step="1"/><D94/><AGARI ba="0,1" hai="7,8,15,32,35,39,43,47,84,91,94,101,102,103" machi="94" ten="40,8000,1" yaku="1,1,52,1,53,2" doraHai="86" doraHaiUra="30" who="2" fromWho="0" sc="210,-80,340,0,210,90,230,0" /><INIT seed="2,0,0,2,1,53" ten="130,340,300,230" oya="2" hai0="42,87,14,105,119,46,134,103,0,66,76,128,16" hai1="117,120,110,112,130,44,13,107,49,116,121,2,125" hai2="101,10,52,95,78,73,28,27,64,36,38,81,7" hai3="86,48,106,113,24,58,63,96,18,124,88,33,69"/><V65/><F36/><W94/><G124/><T1/><D128/><U80/><E2/><V11/><F38/><W132/><G132/><T100/><D134/><U90/><E112/><V74/><F74/><W4/><G4/><T6/><D119/><U55/><E110/><V51/><F95/><W79/><G113/><T82/><D66/><U68/><E125/><V122/><F101/><W98/><G69/><T71/><D71/><U12/><E68/><V133/><F133/><W91/><G48/><T85/><D6/><U3/><E3/><V126/><F122/><N who="1" m="47209" /><E130/><V47/><F126/><W37/><G37/><T92/><D105/><U21/><E107/><V123/><F123/><W50/><G50/><T129/><D129/><U30/><E30/><V99/><F99/><N who="3" m="57799" /><G106/><T111/><D111/><U67/><E67/><V8/><REACH who="2" step="1"/><F7/><REACH who="2" ten="130,340,290,230" step="2"/><W84/><G98/><T60/><D103/><U31/><E117/><V35/><AGARI ba="0,1" hai="8,10,11,27,28,35,47,51,52,64,65,73,78,81" machi="35" ten="30,11700,0" yaku="1,1,2,1,0,1,54,1,53,0" doraHai="53" doraHaiUra="114" who="2" fromWho="2" sc="130,-39,340,-39,290,127,230,-39" /><INIT seed="2,1,0,0,0,15" ten="91,301,417,191" oya="2" hai0="97,131,34,14,110,125,60,134,68,77,114,5,44" hai1="7,82,84,113,100,116,19,25,65,41,40,53,11" hai2="91,67,2,13,56,59,79,21,8,69,102,49,3" hai3="95,99,43,35,39,54,9,111,62,58,101,16,12"/><V61/><F79/><W87/><G111/><T122/><D122/><U45/><E113/><V73/><F73/><W108/><G35/><T51/><D114/><U0/><E116/><V90/><F102/><W23/><G108/><T31/><D110/><U121/><E121/><V30/><F30/><W109/><G109/><T32/><D125/><U4/><E65/><V107/><F107/><W1/><G39/><T94/><D131/><U37/><E100/><V96/><F21/><W98/><G43/><T120/><D120/><U103/><E103/><V126/><F126/><W6/><G99/><T117/><D117/><U38/><E53/><V104/><F104/><W17/><G17/><T127/><D127/><U24/><E4/><V132/><F132/><W75/><G75/><T70/><D134/><U106/><E106/><V93/><F90/><W124/><G124/><T55/><D77/><U20/><E24/><V57/><REACH who="2" step="1"/><F49/><REACH who="2" ten="91,301,407,191" step="2"/><W27/><REACH who="3" step="1"/><G87/><REACH who="3" ten="91,301,407,181" step="2"/><T76/><D32/><U46/><E84/><V63/><F63/><W42/><G42/><T81/><D34/><U29/><E29/><V133/><F133/><W64/><G64/><T22/><D31/><U135/><E135/><V78/><F78/><W123/><G123/><T128/><D128/><U80/><AGARI ba="1,2" hai="0,7,11,19,20,25,37,38,40,41,45,46,80,82" machi="80" ten="30,4000,0" yaku="0,1,9,1,52,1" doraHai="15" who="1" fromWho="1" sc="91,-11,301,63,407,-21,181,-11" /><INIT seed="3,0,0,4,5,11" ten="80,364,386,170" oya="3" hai0="118,54,100,33,112,0,121,71,107,73,91,132,52" hai1="3,53,131,2,27,4,88,103,98,89,109,10,47" hai2="110,122,62,17,105,67,81,9,7,83,92,25,8" hai3="80,50,55,48,120,64,87,82,12,134,19,23,59"/><W37/><G120/><T127/><RYUUKYOKU type="yao9" ba="0,0" sc="80,0,364,0,386,0,170,0" hai0="0,33,52,54,71,73,91,100,107,112,118,121,127,132" /><INIT seed="3,1,0,4,3,0" ten="80,364,386,170" oya="3" hai0="40,8,51,22,45,14,128,135,48,101,117,35,23" hai1="44,60,28,64,122,17,5,3,33,121,57,75,93" hai2="21,38,74,15,19,118,11,10,18,107,39,66,90" hai3="83,85,6,125,127,120,32,131,97,52,104,27,13"/><W110/><G120/><T87/><D35/><U102/><E75/><V132/><F118/><W115/><G115/><T94/><D117/><U89/><E102/><V77/><F107/><W71/><G71/><T100/><D128/><U46/><E33/><V16/><F132/><W119/><G119/><T86/><D135/><U62/><E28/><V98/><F66/><W81/><G131/><T112/><D112/><U84/><E17/><V7/><F74/><W61/><G104/><T31/><D51/><U9/><REACH who="1" step="1"/><E60/><REACH who="1" ten="80,354,386,170" step="2"/><V106/><F77/><W124/><G110/><T116/><D116/><U103/><E103/><V43/><F43/><W50/><G61/><T49/><D49/><U73/><E73/><V88/><F38/><W63/><G63/><T58/><D101/><U41/><E41/><V111/><F111/><W30/><G6/><T42/><D42/><U95/><E95/><N who="2" m="56679" /><F106/><W129/><G13/><T113/><D113/><U126/><E126/><V69/><F69/><W114/><G114/><T68/><D68/><U130/><E130/><V12/><F39/><W56/><G129/><T25/><D58/><U20/><E20/><V70/><F70/><W134/><G134/><T109/><D109/><U79/><E79/><V36/><F36/><W82/><REACH who="3" step="1"/><G97/><REACH who="3" ten="80,354,386,160" step="2"/><T67/><D14/><U1/><E1/><V91/><F21/><W4/><G4/><AGARI ba="1,2" hai="4,7,10,11,12,15,16,18,19,90,91" m="56679" machi="4" ten="30,8000,1" yaku="8,1,52,2,54,2" doraHai="0" who="2" fromWho="3" sc="80,0,354,0,386,103,160,-83" owari="80,-32.0,354,15.4,489,58.9,77,-42.3" /></mjloggm>