<mjloggm ver="2.3"><GO type="225" lobby="0"/><UN n0="%E9%A2%A8%E3%81%A7%E9%B3%B4%E3%81%8F" n1="%72%61%6B%33" n2="%E6%98%93%E5%88%A9%E8%96%A9%E4%BC%AF" n3="%E3%81%A8%E3%82%93%E3%81%A8%E3%81%93%E3%81%A8%E3%82%93" dan="16,16,16,16" rate="2155.16,2115.88,2062.56,2103.02" sx="M,M,F,F"/><TAIKYOKU oya="0"/><INIT seed="0,0,0,0,1,90" ten="250,250,250,250" oya="0" hai0="91,8,2,44,101,116,121,119,26,110,88,105,33" hai1="79,11,32,20,97,107,13,16,92,78,56,131,48" hai2="52,34,40,125,104,64,103,126,1,111,118,39,42" hai3="99,72,57,134,109,87,45,93,43,71,86,30,100"/><T35/><D121/><U60/><E131/><V95/><F34/><W120/><G71/><T53/><D105/><U23/><E32/><V122/><F1/><W3/><G72/><T9/><D26/><U59/><E107/><V74/><F104/><W123/><G3/><T108/><D2/><U58/><E60/><V27/><F64/><W82/><G109/><T106/><D106/><U29/><E48/><V6/><F6/><W114/><G114/><T84/><D84/><U46/><E46/><V83/><F118/><W113/><G113/><T61/><D61/><U81/><E29/><V69/><F69/><W24/><G57/><T75/><D44/><U12/><E81/><V98/><F111/><W80/><G134/><T36/><D36/><U47/><E47/><V18/><F39/><W62/><G62/><T41/><D101/><N who="1" m="60583" /><E20/><N who="2" m="13719" /><F83/><W22/><G82/><T73/><D73/><U15/><E11/><V135/><F122/><N who="3" m="46635" /><G80/><T117/><D75/><U133/><E133/><V66/><F66/><W14/><G14/><AGARI ba="0,0" hai="12,13,14,15,16,23,56,58,59,78,79" m="60583" machi="14" ten="30,3900,0" yaku="8,1,52,1,54,1" doraHai="90" who="1" fromWho="3" sc="250,0,250,39,250,0,250,-39" /><INIT seed="1,0,0,5,5,30" ten="250,289,250,211" oya="1" hai0="27,61,25,65,70,43,134,52,20,49,129,114,4" hai1="53,69,81,16,128,38,89,11,85,54,9,77,14" hai2="116,40,108,122,33,87,93,63,125,18,31,7,102" hai3="22,6,51,2,42,104,97,83,36,76,84,117,24"/><U99/><E128/><V119/><F122/><W91/><G117/><T62/><D114/><U109/><E69/><V121/><F121/><W105/><G36/><T41/><D129/><U124/><E124/><V15/><F7/><W60/><G60/><T72/><D72/><U131/><E131/><V45/><F125/><W112/><G112/><T67/><D4/><U123/><E123/><V127/><F108/><W73/><G97/><T66/><D134/><U44/><E109/><V29/><F63/><N who="0" m="24074" /><D70/><U13/><E38/><V71/><F71/><W80/><G42/><N who="0" m="15883" /><D20/><U126/><E126/><V12/><F12/><W95/><G51/><T23/><D23/><U28/><E28/><V100/><F33/><W47/><G6/><T107/><D107/><U48/><E54/><V55/><F55/><W103/><G2/><T115/><D115/><U110/><E110/><V8/><F127/><W74/><G73/><T94/><D94/><N who="1" m="56783" /><E13/><V32/><F32/><W3/><G3/><T120/><D120/><U118/><E118/><V101/><F119/><W75/><G74/><T39/><D39/><U79/><E11/><V57/><F116/><W90/><G104/><T21/><D21/><U34/><E34/><V82/><F93/><W50/><G105/><T113/><D113/><U37/><E37/><V46/><F40/><N who="3" m="24935" /><G95/><T58/><AGARI ba="0,0" hai="25,27,49,52,58,65,66,67" m="15883,24074" machi="58" ten="30,2000,0" yaku="8,1,54,1" doraHai="30" who="0" fromWho="0" sc="250,20,289,-10,250,-5,211,-5" /><INIT seed="2,0,0,5,4,14" ten="270,279,245,206" oya="2" hai0="91,35,25,20,13,102,26,58,61,135,33,95,29" hai1="12,22,43,78,86,65,44,55,88,101,134,103,133" hai2="131,16,115,99,62,77,75,81,84,21,53,85,119" hai3="23,104,2,118,39,52,73,121,57,59,120,116,31"/><V105/><F115/><W40/><G2/><T38/><D38/><U94/><E65/><V9/><F119/><W98/><G73/><T50/><D135/><N who="1" m="51723" /><E55/><V132/><F9/><W68/><G31/><T67/><D102/><U56/><E56/><V15/><F132/><W51/><G23/><T64/><D64/><U106/><E106/><V17/><F131/><W41/><G98/><T80/><D80/><U3/><E3/><V72/><F85/><W129/><G104/><T28/><D50/><N who="1" m="26911" /><E78/><V96/><F17/><AGARI ba="0,0" hai="12,17,22,86,88,94,101,103" m="26911,51723" machi="17" ten="30,3900,0" yaku="20,1,52,1,54,1" doraHai="14" who="1" fromWho="2" sc="270,0,279,39,245,-39,206,0" /><INIT seed="3,0,0,4,0,28" ten="270,318,206,206" oya="3" hai0="101,80,12,64,24,75,37,17,120,52,129,103,79" hai1="112,65,36,3,124,125,60,100,118,72,53,97,21" hai2="49,63,18,91,87,61,113,107,90,62,26,116,0" hai3="1,8,5,78,51,99,32,96,122,127,30,2,22"/><W29/><G122/><T27/><D120/><U15/><E3/><V85/><F0/><W111/><G127/><T9/><D129/><U109/><E112/><V16/><F107/><W76/><G111/><T128/><D128/><U59/><E72/><V121/><F113/><W13/><G22/><T82/><D37/><U93/><E36/><V58/><F116/><W86/><G51/><T94/><D64/><U135/><E109/><V20/><F121/><W119/><G119/><T110/><D110/><U73/><E73/><V55/><F18/><W81/><G76/><T33/><D82/><U50/><E135/><V106/><F106/><W39/><G29/><T14/><D94/><U77/><E77/><V126/><F126/><N who="1" m="48745" /><E118/><V42/><F42/><W47/><G1/><T11/><D33/><U89/><E15/><V83/><F49/><W40/><REACH who="3" step="1"/><G13/><REACH who="3" ten="270,318,206,196" step="2"/><T92/><D14/><U41/><E21/><V56/><F56/><W115/><G115/><T108/><D12/><U7/><E50/><V131/><F131/><W6/><G6/><T69/><D79/><U70/><E7/><V132/><F132/><W57/><G57/><T23/><D23/><U4/><E4/><V35/><F35/><W43/><G43/><T66/><D108/><U68/><E41/><V44/><F44/><W10/><G10/><T133/><D9/><U54/><E68/><V25/><F25/><AGARI ba="0,1" hai="2,5,8,25,30,32,39,40,47,78,81,86,96,99" machi="25" ten="40,3900,0" yaku="1,1,52,1,53,0" doraHai="28" doraHaiUra="117" who="3" fromWho="2" sc="270,0,318,0,206,-39,196,49" /><INIT seed="3,1,0,0,3,63" ten="270,318,167,245" oya="3" hai0="33,27,97,128,61,115,79,21,96,104,71,78,44" hai1="122,26,39,34,124,93,87,37,121,50,46,60,107" hai2="83,100,62,88,105,42,30,29,112,1,85,13,2" hai3="24,53,117,64,125,132,49,99,81,102,59,77,80"/><W16/><G117/><T57/><D71/><U82/><E107/><V67/><F112/><W10/><G132/><T98/><D115/><U23/><E34/><V3/><F42/><W86/><G125/><T114/><D114/><U94/><E124/><V91/><F91/><W4/><G81/><T106/><D33/><U41/><E94/><V58/><REACH who="2" step="1"/><F13/><REACH who="2" ten="270,318,157,245" step="2"/><N who="3" m="5319" /><G64/><T108/><D104/><U20/><E41/><V15/><F15/><W17/><G24/><T0/><D106/><U92/><E26/><V69/><F69/><W38/><G38/><T56/><D0/><U130/><E37/><V126/><F126/><W9/><G9/><T84/><D79/><U89/><E39/><V28/><F28/><W70/><G70/><T66/><D78/><U73/><E122/><V35/><F35/><W65/><G65/><T111/><D27/><U116/><E121/><V48/><F48/><W90/><G90/><T40/><D40/><U133/><E50/><V134/><F134/><W72/><G72/><T135/><D66/><U36/><E133/><V95/><F95/><AGARI ba="1,1" hai="16,17,49,53,59,77,80,86,95,99,102" m="5319" machi="95" ten="30,2900,0" yaku="8,1,54,1" doraHai="63" who="3" fromWho="2" sc="270,0,318,0,157,-32,245,42" /><INIT seed="3,2,0,2,0,65" ten="270,318,125,287" oya="3" hai0="52,28,33,98,27,34,121,124,15,11,23,20,89" hai1="123,8,105,103,25,76,70,3,45,126,12,32,75" hai2="73,68,80,104,125,71,93,109,57,85,118,30,2" hai3="79,87,61,4,69,10,122,112,43,128,13,24,44"/><W29/><G112/><T21/><D121/><U5/><E123/><V117/><F2/><W50/><G122/><T63/><D34/><U36/><E12/><V41/><F104/><W84/><G128/><T101/><D124/><U132/><E126/><V106/><F125/><W1/><G1/><T100/><D89/><U40/><E132/><V64/><F106/><W110/><G110/><T102/><D63/><U96/><E70/><V59/><F109/><W60/><G69/><T111/><D111/><U135/><E135/><V127/><F127/><W7/><G7/><T95/><REACH who="0" step="1"/><D52/><REACH who="0" ten="260,318,125,287" step="2"/><U92/><E32/><V62/><F41/><W108/><G108/><T26/><D26/><U90/><E25/><V49/><F73/><W129/><G129/><T55/><D55/><U82/><E90/><V113/><F113/><W42/><G42/><T131/><D131/><U39/><E105/><V119/><F93/><W114/><G114/><T133/><D133/><U6/><E6/><AGARI ba="2,1" hai="6,11,15,20,21,23,27,28,33,95,98,100,101,102" machi="6" ten="40,8000,1" yaku="1,1,53,3" doraHai="65" doraHaiUra="16" who="0" fromWho="1" sc="260,96,318,-86,125,0,287,0" owari="356,45.6,232,-16.8,125,-37.5,287,8.7" /></mjloggm>