<mjloggm ver="2.3"><GO type="225" lobby="0"/><UN n0="%45%6C%79%73%69%75%6D" n1="%E6%98%93%E5%88%A9%E8%96%A9%E4%BC%AF" n2="%E3%81%B8%E3%82%80%E3%81%B8%E3%82%80%EF%BC%92%E5%8F%B7" n3="%6D%75%75%6D%75%72%61" dan="17,16,17,16" rate="2134.09,2122.98,2163.26,2089.23" sx="F,F,M,F"/><TAIKYOKU oya="0"/><INIT seed="0,0,0,1,5,15" ten="250,250,250,250" oya="0" hai0="65,64,85,29,52,122,58,0,70,118,61,19,27" hai1="13,108,5,113,68,92,22,76,21,86,112,84,48" hai2="107,104,69,94,59,119,131,10,127,42,51,105,88" hai3="83,66,87,120,46,12,90,45,96,14,125,24,1"/><T135/><D118/><U28/><E68/><V20/><F119/><W71/><G1/><T115/><D122/><U50/><E108/><V47/><F127/><W132/><G125/><T80/><D115/><U11/><E76/><V9/><F69/><W36/><G132/><T67/><D135/><U101/><E101/><V8/><F131/><W111/><G111/><T57/><D0/><U55/><E50/><V75/><F75/><W72/><G120/><T63/><D58/><U3/><E22/><V134/><F134/><W74/><G24/><T93/><D93/><U32/><E32/><V4/><F20/><W79/><G96/><T41/><D41/><U17/><E28/><V77/><F77/><W82/><G74/><T121/><D121/><U123/><E123/><V49/><F59/><W26/><G26/><T124/><D124/><U81/><E81/><V102/><F51/><W109/><G109/><T54/><D54/><U97/><E97/><V129/><F129/><W40/><G45/><T91/><REACH who="0" step="1"/><D19/><REACH who="0" ten="240,250,250,250" step="2"/><U126/><E126/><V89/><F4/><W37/><G37/><T62/><D62/><U114/><REACH who="1" step="1"/><E92/><REACH who="1" ten="240,240,250,250" step="2"/><V99/><AGARI ba="0,2" hai="8,9,10,42,47,49,88,89,94,99,102,104,105,107" machi="99" ten="40,2700,0" yaku="0,1,54,1" doraHai="15" who="2" fromWho="2" sc="240,-13,240,-7,250,47,250,-7" /><INIT seed="1,0,0,2,0,21" ten="227,233,297,243" oya="1" hai0="52,115,127,55,89,5,51,44,1,129,130,106,92" hai1="72,36,91,135,11,67,28,83,15,110,128,125,134" hai2="39,64,95,124,41,61,18,50,29,118,9,93,48" hai3="97,88,80,109,99,123,42,116,63,30,82,40,75"/><U13/><E36/><V132/><F118/><W70/><G123/><T32/><D106/><U68/><E128/><N who="0" m="49257" /><D115/><U107/><E107/><V4/><F132/><N who="1" m="50729" /><E125/><V79/><F79/><W43/><G116/><T10/><D32/><U71/><E110/><V22/><F124/><W108/><G75/><T62/><D127/><U26/><E67/><V59/><F29/><W119/><G119/><T25/><D62/><U19/><E13/><N who="2" m="5287" /><F39/><W2/><G2/><T23/><D51/><N who="2" m="19498" /><F41/><W94/><G30/><N who="0" m="17727" /><D44/><U114/><E114/><V16/><F18/><W76/><G76/><T60/><D60/><U96/><E72/><V86/><F86/><AGARI ba="0,0" hai="1,5,10,52,55,86,89,92" m="17727,49257" machi="86" ten="30,3900,0" yaku="19,1,52,1,54,1" doraHai="21" who="0" fromWho="2" sc="227,39,233,0,297,-39,243,0" /><INIT seed="2,0,0,1,0,43" ten="266,233,258,243" oya="2" hai0="101,14,77,5,78,103,29,87,28,60,53,35,52" hai1="23,83,74,89,130,4,110,3,25,68,20,33,7" hai2="36,108,17,59,102,6,123,118,11,97,116,18,126" hai3="10,120,81,16,67,21,47,92,99,98,91,48,1"/><V117/><F123/><W133/><G120/><T132/><D132/><U9/><E68/><V100/><F36/><W71/><G133/><T105/><D105/><U64/><E64/><V32/><F32/><W38/><G38/><T124/><D124/><U51/><E110/><V12/><F126/><W63/><G81/><T61/><D5/><U49/><E7/><V88/><F108/><W56/><G71/><T0/><D87/><U134/><E130/><V34/><F34/><W65/><G1/><T15/><D35/><U42/><E134/><V50/><F88/><W75/><G75/><T27/><D27/><U8/><E8/><V121/><F121/><W104/><G10/><T72/><REACH who="0" step="1"/><D0/><REACH who="0" ten="256,233,258,243" step="2"/><U94/><E33/><V19/><REACH who="2" step="1"/><F97/><REACH who="2" ten="256,233,248,243" step="2"/><W119/><G98/><T86/><D86/><U79/><E74/><AGARI ba="0,2" hai="14,15,28,29,52,53,60,61,72,74,77,78,101,103" machi="74" ten="25,6400,0" yaku="1,1,22,2,54,1,53,0" doraHai="43" doraHaiUra="114" who="0" fromWho="1" sc="256,84,233,-64,248,0,243,0" /><INIT seed="3,0,0,3,4,105" ten="340,169,248,243" oya="3" hai0="79,25,127,110,93,87,44,18,53,19,120,13,50" hai1="130,103,117,30,101,135,59,38,134,57,73,104,8" hai2="12,113,3,55,33,10,52,75,100,106,96,66,4" hai3="107,27,77,7,109,11,32,68,133,5,63,49,40"/><W69/><G133/><T124/><D120/><U112/><E112/><V132/><F113/><W14/><G107/><T2/><D2/><U67/><E38/><V71/><F132/><W89/><G109/><T37/><D37/><U85/><E130/><V47/><F75/><W83/><G5/><T131/><D131/><U102/><E104/><V115/><F115/><W15/><G89/><T60/><D110/><U91/><E117/><V123/><F123/><W114/><G114/><T42/><D25/><U23/><E135/><V126/><F126/><W22/><G32/><T82/><D93/><U98/><E134/><V35/><F3/><W46/><G63/><T54/><D60/><U119/><E119/><V48/><F71/><W116/><G14/><T128/><D128/><U118/><E118/><V70/><F70/><W95/><G95/><T36/><D19/><U9/><E98/><V31/><F66/><W1/><G1/><T62/><D62/><U16/><E30/><V90/><F31/><W6/><G6/><T58/><D18/><U26/><E73/><V21/><F21/><W129/><G129/><T108/><D13/><U20/><E20/><V92/><REACH who="2" step="1"/><F55/><REACH who="2" ten="340,169,238,243" step="2"/><W76/><G116/><T45/><D124/><U94/><REACH who="1" step="1"/><E67/><REACH who="1" ten="340,159,238,243" step="2"/><V17/><F17/><N who="3" m="12751" /><G69/><T97/><D127/><U29/><E29/><V51/><F51/><W86/><G68/><T78/><D50/><U24/><E24/><V88/><F88/><N who="3" m="51295" /><G40/><T65/><D42/><U121/><E121/><V84/><AGARI ba="0,2" hai="4,10,12,33,35,47,48,52,84,90,92,96,100,106" machi="84" ten="20,8000,1" yaku="1,1,0,1,7,1,54,1,53,1" doraHai="105" doraHaiUra="0" who="2" fromWho="2" sc="340,-20,159,-20,238,100,243,-40" owari="320,12.0,139,-36.1,338,43.8,203,-19.7" /></mjloggm>