<mjloggm ver="2.3"><GO type="225" lobby="0"/><UN n0="%72%61%6B%33" n1="%E7%99%BD%E6%97%A5%E9%9B%AA%E8%8F%9C" n2="%E8%BE%9B%E5%8F%A3%E3%82%AB%E3%83%AC%E3%83%BC%E3%83%A9%E3%82%A4%E3%82%B9" n3="%E8%B6%85%E7%B4%9A%E9%B3%B3%E5%87%B0" dan="16,16,16,16" rate="2140.81,2146.59,2213.97,2156.91" sx="M,M,M,M"/><TAIKYOKU oya="0"/><INIT seed="0,0,0,4,3,58" ten="250,250,250,250" oya="0" hai0="99,46,80,108,5,76,102,11,117,57,29,49,64" hai1="8,82,97,111,100,85,15,12,105,43,16,66,14" hai2="24,63,13,131,56,52,36,33,95,32,115,116,119" hai3="42,72,123,23,126,103,91,77,38,81,40,59,96"/><T17/><D117/><N who="2" m="45130" /><F115/><W125/><G123/><T124/><D124/><N who="3" m="47721" /><G91/><T48/><D108/><U1/><E111/><V19/><F36/><W6/><G38/><T89/><D89/><U109/><E109/><V50/><F24/><W122/><G122/><T22/><D29/><U9/><E43/><V10/><F131/><W67/><G6/><T26/><D46/><U2/><E66/><N who="2" m="39271" /><F95/><N who="3" m="58783" /><G23/><T34/><D34/><U74/><E74/><V7/><F7/><W93/><G93/><T53/><D64/><U92/><E92/><V129/><F129/><W107/><G107/><T101/><D48/><U94/><E94/><V62/><F62/><AGARI ba="0,0" hai="40,42,59,62,67,72,77,81" m="58783,47721" machi="62" ten="30,2000,0" yaku="18,1,52,1" doraHai="58" who="3" fromWho="2" sc="250,0,250,0,250,-20,250,20" /><INIT seed="1,0,0,2,3,61" ten="250,250,230,270" oya="1" hai0="53,132,103,56,23,47,14,83,120,62,9,15,86" hai1="110,96,87,76,73,55,127,29,21,43,12,99,126" hai2="90,34,64,75,63,26,97,2,91,11,121,10,18" hai3="28,51,77,134,48,109,113,40,31,50,54,52,104"/><U13/><E73/><V24/><F121/><W57/><G113/><T131/><D132/><U105/><E43/><V130/><F75/><W80/><G104/><T8/><D120/><U33/><E33/><V82/><F130/><W89/><G134/><T58/><D131/><U19/><E29/><V84/><F34/><W116/><G116/><T94/><D47/><U133/><E133/><V108/><F108/><W0/><G0/><T59/><D23/><U128/><E128/><V85/><F97/><W4/><G4/><T17/><D94/><U5/><E110/><V71/><F2/><W114/><G114/><T78/><REACH who="0" step="1"/><D103/><REACH who="0" ten="240,250,230,270" step="2"/><U60/><E21/><V27/><REACH who="2" step="1"/><F18/><AGARI ba="0,1" hai="8,9,14,15,17,18,53,56,58,59,62,78,83,86" machi="18" ten="30,8000,1" yaku="1,1,2,1,7,1,9,1,8,1,53,0" doraHai="61" doraHaiUra="44" who="0" fromWho="2" sc="240,90,250,0,230,-80,270,0" /><INIT seed="2,0,0,4,4,119" ten="330,250,150,270" oya="2" hai0="36,7,129,30,92,58,81,39,22,114,113,99,115" hai1="69,12,26,103,106,110,117,53,2,72,47,95,33" hai2="55,73,6,77,79,57,98,17,45,123,54,35,11" hai3="49,3,1,29,89,32,111,127,70,116,38,60,125"/><V67/><F123/><W52/><G116/><T102/><D7/><U131/><E12/><V109/><F35/><W107/><G38/><T13/><D81/><U65/><E95/><V5/><F109/><W130/><G107/><T46/><D46/><U76/><E53/><V84/><F73/><W112/><G111/><T132/><D13/><U122/><E47/><V14/><F98/><W37/><G37/><T4/><D4/><N who="2" m="1642" /><F84/><W75/><G75/><T48/><D132/><U16/><E16/><V120/><F120/><W27/><G130/><T20/><D129/><U66/><E110/><V50/><F67/><N who="3" m="41319" /><G89/><T118/><D118/><U91/><E117/><V8/><F8/><W121/><G121/><T104/><D104/><U100/><E106/><V15/><F15/><W9/><G9/><T10/><D10/><U25/><E122/><V128/><F128/><W134/><G112/><T63/><D48/><AGARI ba="0,0" hai="11,14,17,45,48,50,54,55,57,77,79" m="1642" machi="48" ten="30,1500,0" yaku="8,1" doraHai="119" who="2" fromWho="0" sc="330,-15,250,0,150,15,270,0" /><INIT seed="2,1,0,0,4,132" ten="315,250,165,270" oya="2" hai0="100,76,19,11,119,80,111,85,47,102,12,75,103" hai1="24,32,14,89,4,63,46,131,48,81,70,92,67" hai2="34,134,71,127,115,106,30,58,90,59,52,107,38" hai3="21,37,10,79,122,116,53,13,118,56,110,64,93"/><V5/><F115/><W43/><G122/><T22/><D111/><U1/><E131/><V128/><F128/><W27/><G110/><T95/><D119/><U105/><E105/><V2/><F134/><W50/><G79/><T104/><D104/><U6/><E1/><V74/><F71/><W17/><G64/><T33/><D33/><U61/><E81/><V3/><F38/><W109/><G109/><T123/><D123/><U62/><E32/><V31/><F74/><W87/><G43/><T124/><D124/><U69/><E24/><V125/><F90/><W25/><G37/><T15/><D75/><U133/><E133/><V97/><F34/><W117/><REACH who="3" step="1"/><G10/><REACH who="3" ten="315,250,165,260" step="2"/><T7/><D47/><U20/><E70/><V45/><F45/><W86/><G86/><T55/><D55/><N who="1" m="30103" /><E69/><V98/><F52/><W82/><G82/><T114/><D114/><U40/><E67/><V8/><F8/><W129/><G129/><T39/><D39/><U78/><E40/><V130/><F130/><W66/><G66/><T83/><D83/><U77/><E77/><V18/><F18/><W101/><G101/><T72/><D72/><U9/><E78/><V54/><F54/><W51/><G51/><T88/><D76/><U57/><E9/><V112/><F112/><W44/><G44/><T113/><D113/><U65/><E65/><V23/><F5/><W135/><G135/><T120/><D120/><U16/><E57/><V91/><F91/><AGARI ba="1,1" hai="13,17,21,25,27,50,53,56,87,91,93,116,117,118" machi="91" ten="40,5200,0" yaku="1,1,25,2,53,0" doraHai="132" doraHaiUra="68" who="3" fromWho="2" sc="315,0,250,0,165,-55,260,65" /><INIT seed="3,0,0,3,3,33" ten="315,250,110,325" oya="3" hai0="17,72,64,37,65,83,30,96,0,97,3,2,11" hai1="119,56,60,110,51,122,70,25,81,77,42,39,82" hai2="50,20,31,71,113,76,104,9,67,118,134,68,112" hai3="18,5,123,103,29,115,52,1,36,27,16,47,92"/><W53/><G115/><T94/><D37/><U111/><E122/><V90/><F118/><W23/><G123/><T132/><D30/><U7/><E119/><V55/><F104/><W14/><G1/><T88/><D132/><U38/><E82/><V41/><F134/><W105/><G105/><T35/><D35/><U99/><E99/><V95/><F76/><W84/><G36/><T59/><D97/><U61/><E7/><V126/><F126/><W101/><G5/><T93/><D93/><U79/><E25/><V13/><F41/><W6/><G6/><T12/><REACH who="0" step="1"/><D59/><REACH who="0" ten="305,250,110,325" step="2"/><U108/><E38/><V75/><F75/><W19/><G47/><T62/><D62/><U57/><E39/><V26/><F67/><W21/><G29/><T45/><D45/><U125/><E125/><V116/><F116/><W73/><G73/><T28/><D28/><U124/><E124/><V22/><F112/><W49/><G49/><T109/><D109/><U121/><E121/><V24/><F113/><W10/><G84/><T127/><D127/><U131/><E131/><V91/><F68/><W4/><G92/><T63/><D63/><U128/><E128/><V117/><F71/><W74/><G74/><T66/><D66/><U85/><E70/><V129/><F117/><W98/><G98/><T80/><D80/><U78/><E60/><V44/><F95/><W133/><G133/><T106/><D106/><U69/><E69/><V43/><F129/><W86/><G86/><T40/><D40/><U15/><E42/><V34/><F43/><W89/><G53/><T54/><D54/><RYUUKYOKU ba="0,1" sc="305,30,250,-10,110,-10,325,-10" hai0="0,2,3,11,12,17,64,65,72,83,88,94,96" owari="345,44.5,240,-16.0,100,-40.0,315,11.5" /></mjloggm>