<mjloggm ver="2.3"><GO type="225" lobby="0"/><UN n0="%E5%B8%86%E7%AB%8B%E5%A4%8F%E8%A1%A3" n1="%E3%81%99%E3%81%84%E3%81%BE%E3%81%9B%E3%83%BC%E3%82%93" n2="%4E%6F%2E%30%30%30%31" n3="%E3%81%AF%E3%82%88%E3%81%8A%E3%81%98%E3%81%95%E3%82%93" dan="16,16,18,16" rate="2100.24,2153.62,2224.82,2157.93" sx="M,M,M,M"/><TAIKYOKU oya="0"/><INIT seed="0,0,0,1,1,91" ten="250,250,250,250" oya="0" hai0="17,68,52,132,106,114,19,18,32,31,130,24,23" hai1="39,56,41,99,67,74,49,13,1,134,97,122,112" hai2="86,54,64,9,80,83,87,25,126,10,8,12,78" hai3="121,35,66,127,108,110,94,5,28,44,43,128,14"/><T61/><D130/><U42/><E122/><V26/><F126/><W0/><G0/><T38/><D132/><U6/><E1/><V55/><F64/><W111/><G127/><T84/><D114/><U73/><E112/><V104/><F12/><W117/><G117/><T29/><D38/><U101/><E39/><V45/><F104/><W96/><G121/><T100/><D84/><N who="2" m="32298" /><F45/><W2/><G2/><T50/><D31/><U57/><E134/><V70/><F78/><W88/><G128/><T37/><D37/><U105/><E67/><V116/><F70/><W60/><G35/><T98/><D68/><U124/><E124/><V119/><F119/><W125/><G28/><T46/><REACH who="0" step="1"/><D61/><REACH who="0" ten="240,250,250,250" step="2"/><U36/><E36/><V75/><F116/><W16/><G125/><T129/><D129/><U123/><E123/><V48/><F75/><W95/><G110/><T107/><D107/><U120/><E105/><V71/><F71/><W90/><G111/><T59/><D59/><U77/><E74/><V79/><F48/><N who="3" m="26655" /><G108/><T72/><D72/><U3/><E73/><V15/><F79/><W135/><G135/><T76/><D76/><U109/><E77/><V65/><F83/><W133/><G133/><T7/><D7/><U93/><E6/><V103/><F80/><W22/><G5/><T85/><D85/><U131/><E120/><V51/><F51/><W27/><G60/><T40/><D40/><U62/><E42/><V115/><F115/><W20/><G96/><N who="1" m="36938" /><E109/><V69/><F69/><W4/><G4/><T53/><D53/><U21/><E131/><V89/><F55/><RYUUKYOKU ba="0,1" sc="240,30,250,-10,250,-10,250,-10" hai0="17,18,19,23,24,29,32,46,50,52,98,100,106" /><INIT seed="0,1,1,3,2,2" ten="270,240,240,240" oya="0" hai0="82,124,20,23,71,121,103,38,123,115,43,135,68" hai1="31,126,33,92,34,61,132,100,46,116,77,83,108" hai2="13,67,86,105,80,42,5,81,88,60,47,93,102" hai3="85,0,6,73,28,90,127,10,125,133,44,76,94"/><T58/><D115/><U118/><E126/><N who="3" m="48138" /><G133/><T62/><D124/><U32/><E132/><V17/><F105/><W1/><G28/><T45/><D135/><U27/><E108/><V119/><F102/><W111/><G111/><T117/><D103/><U30/><E46/><V112/><F112/><W104/><G104/><T95/><D95/><U3/><E3/><V55/><F55/><W70/><G70/><N who="0" m="26667" /><D23/><U19/><E19/><V53/><F53/><W113/><G113/><T78/><D20/><U12/><E12/><V69/><F119/><W57/><G1/><T129/><D82/><U14/><E14/><V120/><F120/><N who="0" m="46154" /><D78/><U11/><E11/><V89/><F89/><W65/><G73/><T91/><D91/><U109/><E109/><V114/><F114/><W63/><G76/><T4/><D4/><U122/><E122/><V51/><REACH who="2" step="1"/><F5/><REACH who="2" ten="270,240,230,240" step="2"/><W97/><G6/><T87/><D117/><U39/><E118/><V36/><F36/><W131/><G90/><T41/><D41/><U106/><E39/><V79/><F79/><W7/><G7/><T56/><D43/><U75/><E116/><V74/><F74/><W21/><G0/><T37/><D37/><U96/><E106/><V59/><F59/><W66/><G57/><T15/><D58/><U22/><E61/><V101/><F101/><W49/><G63/><T84/><D38/><U54/><E54/><V24/><F24/><W35/><G49/><T107/><D107/><U110/><E110/><V130/><F130/><W48/><G131/><T128/><D129/><U18/><AGARI ba="1,2" hai="18,22,27,30,31,32,33,34,75,77,83,92,96,100" machi="18" ten="30,1100,0" yaku="0,1" doraHai="2" who="1" fromWho="1" sc="270,-6,240,34,230,-4,240,-4" /><INIT seed="1,0,0,3,4,36" ten="264,274,226,236" oya="1" hai0="133,21,24,62,128,77,91,60,17,47,14,109,49" hai1="130,10,46,44,96,80,122,115,118,123,75,5,111" hai2="39,1,23,82,13,92,127,2,42,68,72,105,63" hai3="3,45,86,88,104,29,83,107,38,16,135,9,79"/><U117/><E130/><V41/><F105/><W97/><G29/><T132/><D109/><U69/><E69/><V32/><F32/><W12/><G135/><N who="0" m="51787" /><D128/><U57/><E115/><V19/><F127/><W74/><G3/><T106/><D106/><U100/><E111/><V113/><F113/><W6/><G6/><T20/><D77/><N who="1" m="44095" /><E57/><V78/><F92/><W30/><G30/><N who="0" m="17671" /><D91/><U119/><E46/><V64/><REACH who="2" step="1"/><F39/><REACH who="2" ten="264,274,216,236" step="2"/><W7/><G104/><T66/><D66/><U40/><E119/><V110/><F110/><W103/><G38/><T61/><D61/><U48/><E118/><V67/><F67/><W53/><G107/><T134/><D134/><U27/><E117/><V8/><F8/><W81/><G9/><T131/><D131/><U102/><E10/><V126/><F126/><W71/><G103/><T85/><D62/><U84/><E102/><V4/><F4/><W31/><G7/><T101/><D60/><U98/><E100/><V99/><F99/><W95/><G97/><T87/><D101/><U120/><E5/><V108/><F108/><W50/><G95/><T121/><D121/><U129/><E129/><V35/><F35/><W114/><G114/><T52/><AGARI ba="0,1" hai="14,17,21,47,49,52,85,87" m="17671,51787" machi="52" ten="30,2000,0" yaku="20,1,54,1" doraHai="36" who="0" fromWho="0" sc="264,30,274,-10,216,-5,236,-5" /><INIT seed="2,0,0,2,1,7" ten="294,264,211,231" oya="2" hai0="1,23,123,16,82,79,133,86,17,3,111,8,36" hai1="94,56,11,53,55,134,119,32,90,58,63,120,69" hai2="40,68,34,130,93,0,114,115,75,101,51,25,39" hai3="43,85,47,13,22,52,102,103,116,125,88,129,61"/><V6/><F51/><N who="3" m="27135" /><G116/><T109/><D123/><U42/><E32/><V33/><F93/><N who="3" m="54415" /><G125/><T24/><D133/><U14/><E69/><V87/><F87/><W106/><G106/><T2/><D36/><U31/><E31/><N who="2" m="19695" /><F130/><W46/><G129/><T72/><D72/><U76/><E119/><V50/><F50/><N who="3" m="28759" /><G61/><T21/><REACH who="0" step="1"/><D8/><REACH who="0" ten="284,264,211,231" step="2"/><U65/><E11/><N who="2" m="2503" /><F75/><W70/><G70/><T54/><D54/><U60/><E55/><V117/><F68/><W124/><G124/><T35/><D35/><U99/><E53/><V71/><F71/><W15/><G22/><T132/><D132/><U128/><E134/><V113/><F117/><W73/><G73/><T5/><D5/><U96/><E128/><V89/><F34/><W100/><AGARI ba="0,1" hai="13,15,100,102,103" m="28759,54415,27135" machi="100" ten="30,4000,0" yaku="8,1,54,2" doraHai="7" who="3" fromWho="3" sc="284,-10,264,-10,211,-20,231,50" /><INIT seed="3,0,0,5,0,8" ten="274,254,191,281" oya="3" hai0="1,40,92,86,118,122,36,48,4,50,16,100,27" hai1="64,108,18,123,17,73,55,77,51,79,95,115,63" hai2="91,87,42,3,15,75,41,127,105,74,76,33,23" hai3="62,102,30,20,69,85,129,106,52,60,70,134,14"/><W59/><G129/><T116/><D36/><U84/><E123/><V28/><F3/><W94/><G134/><T103/><D122/><U117/><E115/><V47/><F105/><W31/><G106/><T96/><D103/><U72/><E108/><V45/><F127/><W125/><G125/><T5/><D1/><U83/><E117/><V53/><F33/><W57/><G70/><T104/><D118/><U66/><E95/><V29/><F76/><W107/><G69/><T22/><D116/><U120/><E120/><V126/><F126/><W6/><G107/><T71/><D71/><U89/><E63/><V56/><F74/><W35/><G35/><T68/><D68/><U93/><E79/><V21/><F75/><W124/><G124/><T26/><D26/><U132/><E73/><V25/><F42/><W113/><G113/><T128/><D128/><U43/><E43/><V82/><F41/><W32/><G32/><T80/><D104/><U61/><E61/><V130/><F130/><W78/><G102/><T81/><D81/><U65/><REACH who="1" step="1"/><E132/><REACH who="1" ten="274,244,191,281" step="2"/><V37/><F37/><W54/><G94/><T9/><D40/><U135/><E135/><V110/><F110/><W90/><G90/><N who="0" m="51527" /><D50/><U58/><AGARI ba="0,1" hai="17,18,51,55,58,64,65,66,72,77,83,84,89,93" machi="58" ten="30,2000,0" yaku="1,1,0,1,53,0" doraHai="8" doraHaiUra="2" who="1" fromWho="1" sc="274,-5,244,30,191,-5,281,-10" /><INIT seed="4,0,0,2,5,87" ten="269,274,186,271" oya="0" hai0="91,102,83,69,68,105,92,118,37,95,18,67,8" hai1="64,30,55,115,112,131,1,77,49,53,116,125,52" hai2="82,3,122,101,75,58,46,126,59,88,90,104,43" hai3="72,61,106,12,127,107,42,93,100,35,81,51,65"/><T17/><D37/><U114/><E116/><V25/><F122/><W70/><G35/><T40/><D40/><U47/><E125/><V124/><F3/><W31/><G127/><N who="2" m="48681" /><F25/><W20/><G72/><T78/><D118/><U38/><E131/><V23/><F23/><W0/><G81/><T133/><D133/><U19/><E1/><V6/><F6/><W56/><G0/><T39/><D39/><U14/><E38/><N who="2" m="21879" /><F101/><W22/><G22/><T27/><D27/><U76/><E64/><V96/><F104/><W62/><G51/><T110/><D110/><U117/><E30/><V44/><F44/><W80/><G42/><T57/><D105/><U120/><E120/><V28/><F28/><W109/><G109/><T98/><D8/><N who="1" m="6599" /><E117/><V41/><F41/><AGARI ba="0,0" hai="41,47,49,52,53,55,76,77,112,114,115" m="6599" machi="41" ten="40,5200,0" yaku="15,1,11,1,54,1" doraHai="87" who="1" fromWho="2" sc="269,0,274,52,186,-52,271,0" owari="269,-13.1,326,42.6,134,-36.6,271,7.1" /></mjloggm>