<mjloggm ver="2.3"><GO type="225" lobby="0"/><UN n0="%74%61%6B%75%61%6B%61" n1="%E3%83%B4%E3%83%A0%EF%BC%99%E3%81%A6" n2="%E3%81%82%E3%81%84%E3%81%82%E3%81%8A%E3%81%84" n3="%6D%75%75%6D%75%72%61" dan="17,17,18,16" rate="2199.04,2180.34,2230.30,2148.47" sx="M,M,M,F"/><TAIKYOKU oya="0"/><INIT seed="0,0,0,4,1,90" ten="250,250,250,250" oya="0" hai0="14,45,68,52,35,27,41,134,82,98,40,19,67" hai1="63,102,31,17,81,36,38,28,74,113,106,121,109" hai2="44,47,10,25,116,12,11,103,26,95,29,78,107" hai3="23,112,129,32,15,96,37,119,54,53,22,33,73"/><T57/><D134/><U60/><E121/><V86/><F107/><W64/><G37/><T3/><D3/><U18/><E106/><V24/><F116/><W20/><G73/><T7/><D68/><U88/><E102/><V80/><F29/><W76/><G76/><T50/><D82/><U70/><E74/><V124/><F124/><W58/><G112/><T92/><D7/><U133/><E113/><V13/><F103/><W91/><G119/><T34/><D27/><U0/><E0/><V84/><F95/><W125/><G129/><T55/><D67/><U48/><E81/><V135/><F135/><W85/><G96/><T59/><D35/><U110/><E133/><V4/><REACH who="2" step="1"/><F84/><REACH who="2" ten="250,250,240,250" step="2"/><W101/><G101/><N who="0" m="60615" /><D34/><U89/><REACH who="1" step="1"/><E48/><REACH who="1" ten="250,240,240,250" step="2"/><V49/><F49/><W94/><G125/><T66/><D66/><U128/><E128/><V122/><F122/><W127/><G127/><T114/><D114/><U130/><E130/><V43/><F43/><N who="0" m="16458" /><D55/><U42/><E42/><V65/><F65/><W62/><G54/><T56/><D45/><U21/><E21/><AGARI ba="0,2" hai="14,19,21,50,52,56,57,59" m="16458,60615" machi="21" ten="30,5800,0" yaku="8,1,52,1,54,1" doraHai="90" who="0" fromWho="1" sc="250,78,240,-58,240,0,250,0" /><INIT seed="0,1,0,5,2,119" ten="328,182,240,250" oya="0" hai0="94,63,43,48,89,39,78,34,125,3,51,33,62" hai1="0,83,95,99,84,121,107,55,47,29,65,117,20" hai2="133,79,77,130,115,56,4,128,102,24,69,14,5" hai3="108,11,91,50,10,75,26,124,64,92,31,46,122"/><T72/><D3/><U114/><E117/><V82/><F69/><W80/><G108/><T17/><D125/><U9/><E114/><V61/><F115/><W35/><G124/><T41/><D39/><U12/><E107/><V25/><F102/><W112/><G112/><T67/><D72/><U129/><E129/><N who="2" m="49771" /><F133/><W104/><G104/><T1/><D1/><U126/><E126/><V86/><F79/><W27/><G64/><T7/><D7/><N who="2" m="2634" /><F14/><W6/><G27/><T111/><D78/><U52/><E65/><AGARI ba="1,0" hai="24,25,56,61,65,77,82,86" m="2634,49771" machi="65" ten="30,1000,0" yaku="19,1" doraHai="119" who="2" fromWho="1" sc="328,0,182,-13,240,13,250,0" /><INIT seed="1,0,0,4,4,131" ten="328,169,253,250" oya="1" hai0="20,91,126,47,73,110,10,61,52,69,89,129,24" hai1="109,123,71,92,100,21,121,6,32,132,37,56,134" hai2="107,0,27,45,67,122,104,3,48,83,127,118,120" hai3="68,54,72,16,59,70,114,33,93,43,53,105,106"/><U96/><E32/><V84/><F118/><W99/><G33/><T66/><D129/><U128/><E71/><V57/><F127/><W17/><G114/><T46/><D110/><U125/><E128/><V116/><F116/><W11/><G72/><T63/><D73/><U124/><E109/><V90/><F27/><W51/><G43/><T85/><D126/><N who="1" m="48747" /><E37/><V80/><F80/><W35/><G35/><T117/><D117/><U77/><E6/><V34/><F34/><W98/><G106/><T86/><D10/><U25/><E56/><V58/><F104/><W30/><G30/><T108/><D108/><U112/><E112/><V26/><F107/><W82/><G82/><T5/><D5/><U18/><E77/><V14/><F26/><W38/><G38/><T23/><D24/><U95/><E95/><V22/><F58/><W62/><G70/><T60/><D69/><U113/><E113/><V28/><F28/><W75/><G75/><T97/><D66/><U76/><E76/><V88/><F0/><W81/><G81/><T102/><D63/><U36/><E36/><V12/><F3/><W64/><G105/><T79/><D79/><U87/><E87/><N who="2" m="50303" /><F122/><AGARI ba="0,0" hai="18,21,25,92,96,100,121,122,123,132,134" m="48747" machi="122" ten="30,5800,0" yaku="18,1,52,2" doraHai="131" who="1" fromWho="2" sc="328,0,169,58,253,-58,250,0" /><INIT seed="1,1,0,3,0,90" ten="328,227,195,250" oya="1" hai0="64,38,125,134,129,3,89,119,80,122,78,30,105" hai1="85,32,68,22,69,2,114,5,111,115,10,52,126" hai2="104,81,77,79,94,55,63,39,57,60,88,0,48" hai3="28,84,13,124,7,34,99,103,120,45,83,112,95"/><U91/><E32/><V108/><F108/><W62/><G120/><T31/><D119/><U19/><E111/><V46/><F104/><W98/><G112/><T42/><D105/><U15/><E126/><V16/><F0/><W109/><G109/><T102/><D102/><U51/><E114/><V54/><F39/><W53/><G124/><T12/><D3/><U26/><E26/><V40/><F81/><W106/><G34/><T18/><D125/><U74/><E74/><V75/><F75/><W72/><G72/><T97/><D64/><U133/><E133/><V58/><REACH who="2" step="1"/><F16/><REACH who="2" ten="328,227,185,250" step="2"/><W67/><G106/><T61/><D18/><U33/><E115/><V117/><F117/><W70/><G83/><T44/><D80/><U14/><E2/><V123/><F123/><W86/><G7/><T36/><D38/><U25/><E14/><V49/><F49/><W100/><G13/><T23/><D36/><U93/><REACH who="1" step="1"/><E33/><REACH who="1" ten="328,217,185,250" step="2"/><V35/><F35/><W17/><G17/><T66/><D12/><U9/><E9/><V128/><F128/><W8/><G8/><T132/><D122/><U135/><E135/><V56/><F56/><AGARI ba="1,2" hai="5,10,15,19,22,25,51,52,56,68,69,85,91,93" machi="56" ten="30,12000,1" yaku="1,1,7,1,52,1,54,1,53,1" doraHai="90" doraHaiUra="11" who="1" fromWho="2" sc="328,0,217,143,185,-123,250,0" /><INIT seed="1,2,0,0,2,1" ten="328,360,62,250" oya="1" hai0="117,23,130,74,38,15,115,41,106,92,119,19,50" hai1="111,89,107,32,96,4,28,81,16,69,63,103,128" hai2="6,64,11,122,82,73,83,60,5,127,46,42,49" hai3="52,33,18,58,37,129,30,2,100,76,59,65,125"/><U112/><E112/><V121/><F127/><W68/><G37/><T51/><D106/><U102/><E128/><V78/><F83/><W24/><G129/><T113/><D74/><U87/><E111/><V26/><F26/><W134/><G134/><T62/><D130/><U0/><E102/><V108/><F108/><W45/><G68/><T44/><D92/><U47/><E47/><V40/><F42/><W53/><G76/><T104/><D104/><U13/><E28/><V14/><REACH who="2" step="1"/><F5/><REACH who="2" ten="328,360,52,250" step="2"/><W90/><G24/><T79/><D113/><U17/><E32/><V124/><F124/><W71/><G33/><T135/><D115/><U95/><E0/><V84/><F84/><W133/><G2/><T116/><D41/><U57/><E81/><V91/><F91/><W131/><G90/><T12/><D116/><U10/><REACH who="1" step="1"/><E69/><AGARI ba="2,1" hai="6,11,14,40,46,49,60,64,69,73,78,82,121,122" machi="69" ten="30,3900,0" yaku="1,1,7,1,52,1,53,0" doraHai="1" doraHaiUra="126" who="2" fromWho="1" sc="328,0,360,-45,52,55,250,0" /><INIT seed="2,0,0,3,5,120" ten="328,315,107,250" oya="2" hai0="62,3,51,88,107,85,50,2,126,40,115,47,82" hai1="113,80,111,66,19,24,74,14,119,100,11,133,132" hai2="35,118,57,28,135,96,109,122,75,49,25,44,68" hai3="93,97,48,95,17,9,70,64,102,34,23,0,58"/><V4/><F122/><W134/><G34/><T106/><D115/><U127/><E113/><V71/><F118/><W79/><G134/><N who="1" m="51818" /><E119/><V16/><F135/><W37/><G37/><T84/><D126/><U7/><E127/><V6/><F75/><W72/><G70/><T45/><D62/><U59/><E100/><V22/><F57/><W110/><G79/><T104/><REACH who="0" step="1"/><D84/><REACH who="0" ten="318,315,107,250" step="2"/><U77/><E66/><V123/><F123/><W121/><G64/><T94/><D94/><U43/><E43/><AGARI ba="0,1" hai="2,3,40,43,45,47,50,51,82,85,88,104,106,107" machi="43" ten="40,5200,0" yaku="1,1,9,1,54,1,53,0" doraHai="120" doraHaiUra="1" who="0" fromWho="1" sc="318,62,315,-52,107,0,250,0" /><INIT seed="3,0,0,3,2,119" ten="380,263,107,250" oya="3" hai0="4,83,104,23,28,96,33,1,62,46,51,7,75" hai1="105,54,91,44,52,45,15,112,78,68,115,128,11" hai2="53,117,43,93,118,25,84,67,49,26,130,35,129" hai3="34,50,66,60,109,10,27,20,116,134,111,16,135"/><W56/><G116/><T37/><D37/><U39/><E105/><V76/><F76/><W65/><G34/><T36/><D36/><U133/><E68/><V24/><F35/><W108/><G10/><T6/><D33/><U131/><E78/><V47/><F67/><N who="3" m="39303" /><G50/><T127/><D1/><U106/><E106/><V22/><F22/><W85/><G85/><T69/><D104/><U38/><E91/><V72/><F72/><W89/><G89/><T57/><D69/><U125/><E125/><V86/><F86/><W41/><G41/><T87/><D127/><U55/><E133/><AGARI ba="0,0" hai="16,20,27,65,66,108,109,111,133,134,135" m="39303" machi="133" ten="40,12000,1" yaku="14,1,10,1,20,1,54,1" doraHai="119" who="3" fromWho="1" sc="380,0,263,-120,107,0,250,120" /><INIT seed="3,1,0,3,3,59" ten="380,143,107,370" oya="3" hai0="75,100,81,68,99,24,63,17,92,129,73,91,56" hai1="124,0,134,107,122,3,79,96,2,19,87,20,69" hai2="28,125,54,48,10,4,65,121,82,50,27,53,45" hai3="86,97,117,42,123,7,18,37,47,110,23,52,111"/><W25/><G117/><T119/><D119/><U109/><E122/><V44/><F125/><W36/><G123/><T43/><D68/><U14/><E124/><V30/><F121/><W95/><G7/><T38/><D129/><U112/><E112/><V34/><F30/><W41/><G86/><N who="0" m="50639" /><D38/><N who="3" m="14953" /><G52/><N who="0" m="34183" /><D73/><U80/><E109/><N who="3" m="41482" /><G47/><T39/><D75/><U74/><E74/><V31/><F31/><W6/><G6/><T132/><D39/><U98/><E0/><V64/><REACH who="2" step="1"/><F82/><REACH who="2" ten="380,143,97,370" step="2"/><W46/><G46/><T84/><D132/><U120/><E134/><V101/><F101/><AGARI ba="1,1" hai="18,23,25,41,42,95,97,101" m="41482,14953" machi="101" ten="30,2900,0" yaku="14,1,10,1" doraHai="59" who="3" fromWho="2" sc="380,0,143,0,97,-32,370,42" owari="380,18.0,143,-25.7,65,-43.5,412,51.2" /></mjloggm>