<mjloggm ver="2.3"><GO type="225" lobby="0"/><UN n0="%72%61%6B%33" n1="%E7%BD%AA%E5%88%91%E6%B3%95%E5%AE%9A%E4%B8%BB%E7%BE%A9" n2="%E3%81%9D%E3%81%8A%E3%81%9D%E3%81%9D" n3="%E4%B8%AD%E5%B9%B4%E3%81%AE%E5%8D%B1%E6%A9%9F" dan="17,16,16,17" rate="2163.43,2168.34,2070.02,2187.03" sx="M,M,M,M"/><TAIKYOKU oya="0"/><INIT seed="0,0,0,0,0,90" ten="250,250,250,250" oya="0" hai0="9,27,89,85,50,111,108,84,76,38,18,71,104" hai1="3,97,19,124,119,73,31,116,34,8,78,46,55" hai2="110,12,86,41,42,95,49,88,10,67,117,125,70" hai3="61,132,126,120,45,26,39,127,48,63,0,102,131"/><T58/><D38/><U17/><E124/><N who="3" m="47658" /><G0/><T43/><D71/><U53/><E73/><V121/><F125/><W77/><G77/><T51/><D104/><U59/><E78/><V1/><F121/><W44/><G26/><T30/><D43/><U37/><E34/><V92/><F1/><W13/><G13/><N who="0" m="7471" /><D76/><U36/><E31/><V15/><F110/><N who="0" m="42026" /><D58/><U69/><E3/><V79/><F79/><W83/><G83/><N who="0" m="49311" /><D85/><U112/><E69/><V29/><F86/><W7/><G102/><T101/><D101/><U4/><E59/><V6/><F41/><N who="3" m="22591" /><G120/><T14/><D14/><U56/><E56/><V21/><F15/><W107/><G107/><T52/><D52/><U64/><E55/><V54/><F54/><N who="3" m="29967" /><G7/><T11/><D11/><U75/><E8/><V133/><F10/><W65/><G65/><T40/><D40/><U82/><E64/><V113/><F42/><W74/><G74/><T96/><D96/><U35/><E75/><V60/><F67/><W47/><G47/><T100/><D100/><U115/><E46/><V123/><F123/><W20/><G63/><T16/><D16/><U68/><E19/><V5/><F60/><W99/><G61/><T135/><D135/><U57/><E4/><V87/><F5/><W98/><G132/><T24/><D24/><U94/><E17/><V128/><F6/><W25/><G131/><T23/><AGARI ba="0,0" hai="23,27,30,50,51" m="49311,42026,7471" machi="23" ten="30,3000,0" yaku="14,1,10,1" doraHai="90" who="0" fromWho="0" sc="250,30,250,-10,250,-10,250,-10" /><INIT seed="0,1,0,2,1,17" ten="280,240,240,240" oya="0" hai0="97,13,35,59,36,55,127,31,39,84,45,77,11" hai1="18,107,92,108,130,3,7,12,65,20,48,56,25" hai2="82,78,134,126,103,121,66,85,114,21,67,76,46" hai3="102,44,110,70,100,75,61,81,122,23,128,135,120"/><T105/><D127/><U1/><E107/><V111/><F126/><W118/><G118/><T42/><D36/><U68/><E108/><V24/><F114/><W43/><G110/><T117/><D117/><U32/><E130/><V41/><F121/><N who="3" m="46699" /><G128/><T90/><D77/><U101/><E68/><V98/><F111/><W47/><G135/><T64/><D64/><U112/><E112/><V93/><F78/><N who="3" m="44255" /><G47/><T54/><D31/><U6/><E1/><V129/><F129/><W27/><G61/><T14/><D35/><U83/><E83/><V88/><F76/><W26/><G70/><T52/><D59/><U8/><E7/><V51/><REACH who="2" step="1"/><F134/><REACH who="2" ten="280,240,230,240" step="2"/><W60/><G60/><T95/><REACH who="0" step="1"/><D11/><REACH who="0" ten="270,240,230,240" step="2"/><U124/><E124/><V94/><F94/><W5/><G44/><T125/><D125/><U58/><E92/><V73/><F73/><W9/><G9/><T63/><D63/><U106/><E8/><V72/><F72/><W133/><G133/><T89/><D89/><U40/><E106/><V49/><F49/><W29/><G102/><AGARI ba="1,2" hai="13,14,39,42,45,52,54,55,84,90,95,97,102,105" machi="102" ten="40,3900,0" yaku="1,1,54,1,53,0" doraHai="17" doraHaiUra="116" who="0" fromWho="3" sc="270,62,240,0,230,0,240,-42" /><INIT seed="0,2,0,4,2,11" ten="332,240,230,198" oya="0" hai0="37,19,38,60,28,52,13,119,43,82,5,63,68" hai1="48,135,21,49,41,108,128,10,71,96,85,44,57" hai2="134,40,66,122,103,45,33,61,58,55,84,109,2" hai3="95,107,72,113,67,65,132,59,47,89,73,75,102"/><T110/><D119/><U62/><E108/><V92/><F122/><W8/><G113/><T46/><D110/><U1/><E135/><V97/><F109/><W116/><G116/><T64/><D28/><U23/><E128/><V83/><F134/><W54/><G132/><T129/><D129/><U111/><E111/><V131/><F131/><W31/><G31/><T114/><D114/><U87/><E71/><V53/><F2/><W39/><G102/><T51/><D5/><U29/><E49/><V22/><F22/><W120/><G107/><T123/><D123/><U117/><E117/><V4/><F4/><W77/><G77/><T105/><D105/><U127/><E127/><V16/><F16/><W24/><G24/><T86/><D60/><U56/><E56/><V0/><F0/><W74/><N who="3" m="18432" /><DORA hai="121" /><W104/><G104/><T32/><D43/><U78/><E1/><V133/><F33/><W34/><G8/><N who="0" m="6567" /><D32/><U26/><E10/><V36/><REACH who="2" step="1"/><F133/><REACH who="2" ten="332,240,220,198" step="2"/><W76/><G34/><T81/><D81/><N who="1" m="47287" /><E23/><V25/><F25/><W6/><G6/><T69/><D69/><U35/><E35/><V90/><AGARI ba="2,1" hai="36,40,45,53,55,58,61,66,83,84,90,92,97,103" machi="90" ten="20,5200,0" yaku="1,1,0,1,7,1,53,1" doraHai="11,121" doraHaiUra="80,115" who="2" fromWho="2" sc="332,-28,240,-15,220,68,198,-15" /><INIT seed="1,0,0,1,5,11" ten="304,225,288,183" oya="1" hai0="68,4,44,42,78,90,81,111,56,127,106,86,29" hai1="134,49,50,0,115,82,129,122,120,47,9,31,92" hai2="39,64,74,24,102,70,109,119,5,77,46,57,40" hai3="17,84,62,52,98,33,73,34,125,80,43,83,113"/><U27/><E115/><V130/><F119/><W53/><G113/><T110/><D68/><U54/><E134/><V108/><F70/><W79/><G125/><T87/><D127/><U103/><E129/><V123/><F123/><W75/><G43/><T60/><D106/><U96/><E82/><N who="2" m="45367" /><F130/><W117/><G117/><T48/><D29/><U118/><E118/><V12/><F102/><W99/><G17/><T76/><D4/><U124/><E124/><V105/><F105/><W38/><G38/><T26/><D26/><U13/><E0/><V59/><F64/><W128/><G128/><T18/><D18/><U22/><REACH who="1" step="1"/><E50/><REACH who="1" ten="304,215,288,183" step="2"/><V36/><F39/><W32/><G75/><T51/><D48/><U3/><E3/><V19/><F36/><W135/><G135/><T21/><D51/><U116/><E116/><V131/><F131/><W132/><G132/><T71/><D81/><U7/><AGARI ba="0,1" hai="7,9,13,22,27,31,47,49,54,92,96,103,120,122" machi="7" ten="20,7800,0" yaku="1,1,0,1,7,1,52,1,53,0" doraHai="11" doraHaiUra="114" who="1" fromWho="1" sc="304,-26,215,88,288,-26,183,-26" /><INIT seed="1,1,0,2,3,58" ten="278,303,262,157" oya="1" hai0="130,97,42,108,14,22,24,57,45,94,117,34,43" hai1="37,47,21,116,123,113,20,11,61,73,60,121,52" hai2="91,102,84,33,9,50,36,62,27,134,131,39,82" hai3="111,44,96,85,32,31,89,25,0,114,105,107,8"/><U95/><E113/><V53/><F131/><W26/><G111/><T132/><D117/><U118/><E73/><V98/><F134/><W66/><G114/><T76/><D108/><U46/><E95/><V7/><F27/><W49/><G26/><T86/><D132/><U67/><E67/><V70/><F33/><W55/><G96/><T115/><D130/><U48/><E11/><V80/><F82/><W16/><G66/><T30/><D115/><U88/><E88/><V64/><F53/><W126/><G126/><T129/><D129/><U3/><E3/><V69/><F50/><W74/><G74/><T83/><D45/><U17/><E17/><V23/><F23/><W63/><G63/><N who="1" m="24138" /><E21/><V100/><F69/><W78/><G78/><T54/><D34/><U104/><E20/><V18/><F18/><W6/><REACH who="3" step="1"/><G16/><REACH who="3" ten="278,303,262,147" step="2"/><N who="0" m="10519" /><D24/><U72/><E72/><V101/><REACH who="2" step="1"/><F98/><REACH who="2" ten="278,303,252,147" step="2"/><W29/><G29/><T125/><D30/><U109/><E109/><V77/><F77/><W15/><G15/><AGARI ba="1,2" hai="7,9,15,36,39,62,64,70,80,84,91,100,101,102" machi="15" ten="40,2600,0" yaku="1,1,52,1,53,0" doraHai="58" doraHaiUra="127" who="2" fromWho="3" sc="278,0,303,0,252,49,147,-29" /><INIT seed="2,0,0,2,5,85" ten="278,303,301,118" oya="2" hai0="134,102,132,46,108,33,17,32,121,118,24,127,54" hai1="67,117,20,86,109,77,52,90,130,70,123,125,119" hai2="35,75,49,88,56,76,63,23,7,61,15,96,34" hai3="114,81,133,10,19,5,68,0,74,120,69,27,42"/><V51/><F75/><W21/><G120/><T65/><D121/><U13/><E123/><V71/><F76/><W113/><G133/><T131/><D65/><U53/><E109/><V59/><F71/><W31/><G19/><T101/><D108/><U44/><E77/><V84/><F96/><W116/><G116/><T12/><D118/><U100/><E100/><V128/><F34/><W29/><G29/><T28/><D33/><U95/><E125/><V38/><F38/><W115/><G42/><T126/><D54/><U72/><E72/><V3/><F3/><W99/><G74/><T16/><D46/><U45/><E130/><V60/><F35/><W98/><G81/><T80/><D80/><U66/><E70/><AGARI ba="0,0" hai="0,5,10,21,27,31,68,69,70,98,99,113,114,115" machi="70" ten="50,1600,0" yaku="11,1" doraHai="85" who="3" fromWho="1" sc="278,0,303,-16,301,0,118,16" /><INIT seed="3,0,0,1,0,106" ten="278,287,301,134" oya="3" hai0="97,29,28,25,113,7,45,94,89,81,42,51,123" hai1="102,59,43,128,112,18,78,82,64,69,131,111,52" hai2="125,122,77,30,35,8,84,108,130,99,90,75,61" hai3="68,23,70,40,135,116,12,57,129,60,32,11,22"/><W17/><G116/><T1/><D123/><U107/><E112/><V63/><F122/><W4/><G32/><T5/><D113/><U6/><E6/><V10/><F99/><W96/><G135/><T88/><D1/><U41/><E111/><V9/><F108/><W98/><G129/><N who="1" m="49738" /><E64/><V120/><F130/><W118/><G118/><T44/><D44/><U14/><E102/><V126/><F120/><W53/><G40/><T83/><D28/><U93/><E93/><V80/><F30/><W104/><G23/><N who="0" m="15551" /><D83/><U117/><E69/><V65/><F35/><W33/><G33/><T46/><D46/><U121/><E107/><V132/><F132/><W105/><G105/><T49/><D49/><N who="1" m="31119" /><E121/><V67/><F67/><W58/><G58/><T101/><D101/><U0/><E0/><V47/><F47/><W95/><G104/><T85/><AGARI ba="0,0" hai="5,7,42,45,51,81,85,88,89,94,97" m="15551" machi="85" ten="30,2000,0" yaku="8,1,54,1" doraHai="106" who="0" fromWho="0" sc="278,20,287,-5,301,-5,134,-10" /><INIT seed="4,0,0,4,3,60" ten="298,282,296,124" oya="0" hai0="84,111,112,54,64,27,133,135,109,101,121,128,131" hai1="71,38,55,2,7,107,82,132,43,33,85,66,83" hai2="120,5,76,68,110,88,61,100,31,72,45,113,44" hai3="70,24,19,1,97,63,13,119,96,47,117,50,49"/><T103/><D121/><U9/><E107/><V20/><F110/><N who="0" m="41994" /><D112/><U90/><E33/><V130/><F113/><W93/><G1/><T74/><D74/><U26/><E132/><N who="0" m="50761" /><D64/><U91/><E26/><V3/><F72/><W67/><G24/><T115/><D115/><U102/><E102/><N who="0" m="38921" /><D54/><U11/><E55/><V25/><F100/><W59/><G70/><T56/><D56/><U0/><E71/><V21/><F68/><W46/><G117/><T18/><D84/><U79/><E66/><V127/><F120/><W124/><G119/><T52/><D52/><U36/><E85/><V125/><F127/><W17/><G124/><T28/><D18/><U58/><E58/><V37/><F125/><W122/><G122/><T34/><AGARI ba="0,0" hai="27,28,34,128,131" m="38921,50761,41994" machi="34" ten="40,3900,0" yaku="10,1,20,1" doraHai="60" who="0" fromWho="0" sc="298,39,282,-13,296,-13,124,-13" owari="337,43.7,269,-13.1,283,8.3,111,-38.9" /></mjloggm>