<mjloggm ver="2.3"><GO type="225" lobby="0"/><UN n0="%E3%82%A2%E3%83%A1%E3%82%A2%E3%83%A9%E3%83%AC" n1="%77%72%77%72%77%72%77%72" n2="%E3%81%B5%E3%81%98%E3%81%8B%E3%81%A4" n3="%E6%B4%BE%E9%81%A3%E3%81%AE%E3%82%B8%E3%83%A3%E3%83%83%E3%82%AF" dan="16,17,16,17" rate="2044.21,2169.21,2192.24,2236.91" sx="M,M,M,M"/><TAIKYOKU oya="0"/><INIT seed="0,0,0,4,2,130" ten="250,250,250,250" oya="0" hai0="24,70,58,32,8,12,107,109,128,118,113,108,27" hai1="122,42,28,50,86,11,45,51,54,133,121,60,55" hai2="105,100,18,10,6,34,106,73,63,126,115,114,90" hai3="3,7,75,96,9,5,95,111,13,67,134,33,0"/><T29/><D70/><U79/><E28/><V77/><F18/><W72/><G33/><T57/><D113/><U89/><E79/><V120/><F63/><W46/><G111/><N who="0" m="42571" /><D118/><U2/><E60/><V104/><F34/><W116/><G116/><T43/><D107/><N who="2" m="41034" /><F90/><W64/><G46/><T85/><D128/><U59/><E133/><V112/><F126/><W102/><G134/><T21/><D85/><U84/><E84/><V30/><F30/><W94/><G13/><T62/><D43/><U101/><E101/><V25/><F25/><W23/><G23/><T26/><D32/><U127/><E127/><V117/><F120/><W91/><G102/><T80/><D80/><U135/><E135/><V61/><F61/><W82/><G82/><T88/><D88/><U69/><E69/><V52/><F52/><W44/><G44/><T16/><D58/><U123/><E42/><V53/><F117/><W66/><REACH who="3" step="1"/><G95/><REACH who="3" ten="250,250,250,240" step="2"/><T35/><D35/><U14/><E2/><N who="2" m="343" /><F115/><W125/><G125/><T93/><D93/><U65/><E123/><V39/><F114/><W48/><G48/><T74/><D74/><U19/><REACH who="1" step="1"/><E65/><AGARI ba="0,1" hai="8,12,16,21,24,26,27,29,57,62,65" m="42571" machi="65" ten="30,5800,0" yaku="14,1,10,1,54,1" doraHai="130" who="0" fromWho="1" sc="250,68,250,-58,250,0,240,0" /><INIT seed="0,1,0,1,3,118" ten="318,192,250,240" oya="0" hai0="129,87,16,123,82,115,73,75,135,54,11,65,88" hai1="66,128,76,9,125,45,24,105,7,86,101,13,84" hai2="121,30,78,107,77,79,134,119,124,71,114,34,28" hai3="131,120,4,99,70,31,59,6,57,51,80,94,102"/><T90/><D115/><U67/><E128/><V95/><F114/><W91/><G70/><T46/><D123/><U47/><E125/><V19/><F107/><W72/><G131/><T3/><D135/><U18/><E105/><V35/><F71/><W40/><G31/><T96/><D65/><U126/><E126/><V133/><F124/><W64/><G120/><T39/><D129/><U41/><E101/><V109/><F121/><W83/><G72/><T2/><D2/><U100/><E100/><V43/><F43/><W122/><G122/><T104/><D3/><U42/><E24/><V81/><F19/><W50/><G40/><T36/><D36/><U0/><E45/><V20/><F20/><W68/><G68/><T52/><D54/><U98/><E98/><V53/><F53/><W108/><G108/><T38/><D38/><U116/><E116/><V37/><F37/><W15/><G102/><N who="0" m="62535" /><D90/><U58/><E41/><V92/><F119/><W89/><G64/><T69/><D69/><U127/><E127/><V44/><F44/><W111/><G111/><T85/><D85/><U74/><E67/><V25/><F109/><W55/><G55/><T117/><D39/><N who="1" m="21983" /><E58/><N who="3" m="22026" /><G89/><T130/><D130/><U27/><E66/><V12/><F12/><W63/><G63/><T17/><D117/><U1/><E1/><V112/><F112/><W10/><G6/><T8/><D75/><U49/><E49/><AGARI ba="1,0" hai="4,10,15,49,50,51,80,83,91,94,99" m="22026" machi="49" ten="30,1000,0" yaku="8,1" doraHai="118" who="3" fromWho="1" sc="318,0,192,-13,250,0,240,13" /><INIT seed="1,0,0,5,2,38" ten="318,179,250,253" oya="1" hai0="118,81,104,68,92,63,55,32,77,76,85,121,50" hai1="108,97,120,127,49,51,59,126,117,12,7,26,52" hai2="66,93,10,58,122,64,65,30,116,61,80,113,45" hai3="6,79,21,86,119,0,4,2,91,25,24,95,36"/><U123/><E117/><V53/><F116/><W33/><G119/><T11/><D32/><U99/><E26/><V41/><F122/><N who="1" m="46633" /><E7/><V60/><F113/><W78/><G36/><T94/><D104/><U128/><E12/><V39/><F30/><W3/><G33/><T109/><D76/><U71/><E128/><V42/><F80/><W114/><G114/><T31/><D31/><U35/><E35/><V19/><F93/><W72/><G24/><T87/><D11/><U132/><E132/><V37/><F19/><W106/><G106/><T129/><D77/><U98/><E71/><N who="2" m="42375" /><F10/><W131/><G131/><T103/><D68/><U44/><E108/><V100/><F100/><W47/><G78/><T89/><D103/><U67/><E67/><N who="2" m="25611" /><F42/><W29/><G79/><T90/><D109/><U8/><E8/><V82/><F82/><W15/><G72/><T96/><D129/><U57/><E99/><V133/><F37/><W17/><G6/><T14/><D121/><U111/><E111/><V70/><F70/><W62/><G4/><T74/><D74/><U1/><E1/><V135/><AGARI ba="0,0" hai="39,41,45,53,58,61,133,135" m="25611,42375" machi="135" ten="30,4000,0" yaku="34,2,52,1" doraHai="38" who="2" fromWho="2" sc="318,-10,179,-20,250,40,253,-10" /><INIT seed="2,0,0,0,1,74" ten="308,159,290,243" oya="2" hai0="128,104,134,130,90,46,8,85,108,16,72,110,133" hai1="33,112,119,48,131,127,52,69,26,66,37,60,2" hai2="135,50,75,45,3,99,38,41,5,25,82,79,36" hai3="93,6,129,49,124,97,4,55,22,105,132,118,111"/><V81/><F135/><N who="0" m="51722" /><D72/><U65/><E112/><V113/><F82/><W30/><G118/><T123/><D104/><U96/><E119/><V122/><F122/><W91/><G132/><T42/><D123/><U7/><E131/><N who="0" m="50217" /><D16/><U106/><E127/><V125/><F125/><W15/><G124/><T67/><D8/><U70/><E37/><V59/><F113/><W89/><G111/><T32/><D67/><U29/><E7/><V121/><F121/><W117/><G117/><T12/><D12/><U64/><E2/><V9/><F59/><W20/><G105/><T80/><D32/><U53/><E53/><V103/><REACH who="2" step="1"/><F25/><REACH who="2" ten="308,159,280,243" step="2"/><N who="3" m="16679" /><G129/><T94/><D80/><U77/><E69/><V126/><F126/><W71/><G71/><T101/><D101/><N who="1" m="62759" /><E77/><V100/><F100/><W61/><G91/><T83/><D83/><U68/><E68/><V11/><F11/><W95/><G89/><T63/><D63/><U31/><E31/><V115/><F115/><W43/><G61/><T28/><D28/><U57/><AGARI ba="0,1" hai="26,29,33,48,52,57,60,64,65,66,70" m="62759" machi="57" ten="30,2000,0" yaku="25,1,54,1" doraHai="74" who="1" fromWho="1" sc="308,-5,159,30,280,-10,243,-5" /><INIT seed="3,0,0,0,2,69" ten="303,189,270,238" oya="3" hai0="60,115,112,7,127,92,16,25,12,1,89,99,14" hai1="126,133,35,31,72,77,108,117,116,36,80,40,129" hai2="67,56,53,121,97,101,49,44,106,94,95,13,42" hai3="43,58,52,83,62,38,39,17,18,8,135,15,85"/><W64/><G135/><T29/><D127/><U96/><E126/><V61/><F121/><W93/><G93/><T10/><D60/><U88/><E133/><V68/><REACH who="2" step="1"/><F13/><REACH who="2" ten="303,189,260,238" step="2"/><W5/><G64/><T32/><REACH who="0" step="1"/><D12/><REACH who="0" ten="293,189,260,238" step="2"/><U128/><E108/><V48/><AGARI ba="0,2" hai="42,44,48,49,53,56,61,67,68,94,95,97,101,106" machi="48" ten="20,5200,0" yaku="1,1,2,1,0,1,7,1,53,0" doraHai="69" doraHaiUra="76" who="2" fromWho="2" sc="293,-13,189,-13,260,72,238,-26" owari="280,8.0,176,-32.4,332,43.2,212,-18.8" /></mjloggm>