<mjloggm ver="2.3"><GO type="225" lobby="0"/><UN n0="%E8%81%B7%E6%A5%AD%E3%80%81%E9%A2%A8%32" n1="%E3%81%A9%E3%82%8F%E3%82%93%E3%81%94" n2="%6D%75%75%6D%75%72%61" n3="%E5%AF%82%E5%AF%9E%E3%82%AE%E3%83%8D%E3%82%B9%E3%83%93%E3%83%BC%E3%83%AB" dan="16,16,16,16" rate="2107.22,2179.55,2095.72,2139.60" sx="M,M,F,M"/><TAIKYOKU oya="0"/><INIT seed="0,0,0,0,3,25" ten="250,250,250,250" oya="0" hai0="106,71,114,92,107,57,18,95,24,119,73,36,101" hai1="3,112,1,83,67,94,105,54,134,26,17,44,113" hai2="33,53,125,19,45,129,82,88,90,30,11,89,48" hai3="12,10,100,31,49,20,6,102,80,2,84,75,104"/><T43/><D71/><U66/><E105/><V103/><F129/><W120/><G75/><T22/><D73/><U133/><E83/><V4/><F125/><W121/><G104/><T27/><D114/><N who="1" m="44139" /><E94/><V56/><F103/><W14/><G2/><N who="1" m="522" /><E44/><V42/><F4/><W116/><G116/><T132/><D119/><U29/><E17/><V77/><F19/><W0/><G102/><T52/><D106/><U79/><E79/><V28/><F33/><W34/><G100/><T55/><D107/><U98/><E54/><N who="0" m="20521" /><D36/><U123/><E98/><V50/><REACH who="2" step="1"/><F11/><REACH who="2" ten="250,250,240,250" step="2"/><W63/><G10/><T32/><D101/><U127/><E127/><V111/><F111/><W23/><G6/><T108/><D108/><U65/><E123/><V122/><F122/><W38/><G121/><T60/><D18/><U39/><E39/><V97/><F97/><W62/><G38/><T61/><D32/><AGARI ba="0,1" hai="26,29,32,65,66,67,133,134" m="522,44139" machi="32" ten="40,2600,0" yaku="11,1,52,1" doraHai="25" who="1" fromWho="0" sc="250,-26,250,36,240,0,250,0" /><INIT seed="1,0,0,5,5,53" ten="224,286,240,250" oya="1" hai0="132,79,103,76,81,105,99,67,126,26,116,73,1" hai1="133,8,30,101,56,7,123,10,22,125,134,23,55" hai2="15,93,92,29,61,96,43,111,135,118,122,115,66" hai3="21,60,52,110,45,75,14,28,85,32,104,131,108"/><U97/><E123/><V72/><F118/><W130/><G75/><T57/><D1/><U35/><E35/><V89/><F122/><W59/><G104/><T120/><D116/><U100/><E125/><V124/><F111/><N who="3" m="42539" /><G85/><T87/><D120/><U70/><E70/><V114/><F124/><W88/><G88/><T25/><D126/><U37/><E37/><V128/><F135/><N who="1" m="51721" /><E30/><V54/><F128/><N who="3" m="49195" /><G45/><T13/><D132/><U78/><E78/><V20/><F72/><W94/><G94/><T58/><D67/><U36/><E36/><V3/><F43/><W31/><G32/><T6/><D79/><U51/><E10/><V62/><F92/><W109/><G109/><T82/><D73/><U74/><E74/><V9/><F114/><W95/><G95/><T44/><D82/><U11/><E11/><V24/><F115/><W46/><G46/><T68/><D68/><U12/><E101/><V50/><F3/><W86/><G86/><T40/><D13/><U80/><E80/><V84/><F96/><W39/><G39/><T106/><D106/><AGARI ba="0,0" hai="7,8,12,22,23,51,55,56,97,100,106" m="51721" machi="106" ten="30,2900,0" yaku="20,1,52,1" doraHai="53" who="1" fromWho="0" sc="224,-29,286,29,240,0,250,0" /><INIT seed="1,1,0,2,2,86" ten="195,315,240,250" oya="1" hai0="27,11,79,109,38,97,62,133,67,101,77,56,17" hai1="60,36,16,21,96,69,114,135,32,7,130,15,5" hai2="33,108,46,125,128,126,59,89,44,6,100,88,119" hai3="14,99,104,18,12,117,70,131,72,20,8,129,68"/><U0/><E114/><V35/><F119/><W42/><G72/><T73/><D109/><U39/><E32/><N who="2" m="12363" /><F108/><W132/><G42/><T76/><D38/><U45/><E135/><V66/><F100/><N who="3" m="62495" /><G132/><T122/><D133/><U81/><E130/><N who="3" m="49674" /><G117/><T110/><D110/><U54/><E0/><V78/><F128/><W55/><G55/><T61/><D122/><U116/><E54/><V107/><F107/><W50/><G50/><T52/><D73/><U37/><E116/><V31/><F78/><W49/><G49/><T53/><D62/><U71/><E60/><N who="2" m="38175" /><F31/><W26/><G14/><T30/><D11/><U113/><E15/><V90/><F6/><AGARI ba="1,0" hai="6,8,12,18,20,26,68,70" m="49674,62495" machi="6" ten="30,1000,0" yaku="19,1" doraHai="86" who="3" fromWho="2" sc="195,0,315,0,240,-13,250,13" /><INIT seed="2,0,0,4,4,96" ten="195,315,227,263" oya="2" hai0="40,79,13,3,125,18,130,38,107,41,103,4,15" hai1="75,73,71,124,30,114,21,87,25,99,63,39,55" hai2="44,101,20,119,61,43,77,129,45,28,111,74,76" hai3="1,78,12,67,120,115,133,32,48,100,68,47,56"/><V11/><F119/><W16/><G120/><T23/><D125/><U82/><E114/><V126/><F129/><W31/><G1/><T97/><D130/><U49/><E39/><V52/><F126/><W7/><G68/><T90/><D38/><U22/><E124/><V36/><F111/><W57/><G7/><T89/><D3/><U122/><E122/><V34/><F34/><W106/><G133/><T95/><D79/><U131/><E22/><V2/><F2/><W46/><G78/><T51/><D51/><U128/><E75/><V94/><F11/><W14/><G31/><T134/><D134/><U54/><E73/><V37/><F74/><W72/><G72/><T80/><D80/><U116/><E116/><V85/><F61/><W8/><G32/><T81/><D81/><U86/><E63/><V108/><F108/><W33/><G33/><T117/><D117/><U62/><E62/><V132/><F132/><W27/><G27/><T123/><D123/><U105/><E71/><V70/><F70/><W0/><G67/><T29/><D29/><U112/><E112/><V98/><F85/><W69/><G69/><T83/><D83/><U92/><E87/><V35/><F35/><W66/><G66/><T19/><D4/><U60/><E131/><V17/><F28/><W118/><G0/><T84/><D90/><U64/><E30/><V53/><F76/><W58/><G118/><T110/><D110/><U93/><E64/><V121/><F77/><W65/><G115/><T91/><D89/><U50/><E128/><V9/><F121/><W10/><G48/><RYUUKYOKU ba="0,0" sc="195,30,315,-10,227,-10,263,-10" hai0="13,15,18,19,23,40,41,84,91,95,97,103,107" /><INIT seed="3,1,0,4,5,76" ten="225,305,217,253" oya="3" hai0="74,123,31,12,10,28,105,53,60,87,38,35,59" hai1="24,78,95,113,111,45,117,124,103,7,55,91,52" hai2="116,121,109,73,63,69,58,88,48,65,49,135,40" hai3="27,33,127,104,61,37,44,108,98,97,8,130,118"/><W39/><G118/><T99/><D74/><U131/><E113/><V77/><F116/><W43/><G39/><T81/><D38/><U13/><E117/><V79/><F109/><W16/><G130/><T62/><D123/><U80/><E103/><V89/><F121/><W50/><G127/><T66/><D35/><U36/><E111/><V134/><F69/><W22/><G33/><T19/><D105/><U75/><E124/><V115/><F115/><W112/><G112/><T82/><D99/><U110/><E24/><V25/><F25/><W1/><G104/><T64/><D82/><U4/><E110/><V23/><F23/><W14/><G1/><T68/><D66/><U54/><E13/><V34/><F34/><W72/><G72/><T18/><D19/><U126/><E131/><V90/><F73/><W119/><G119/><T102/><D102/><U32/><E32/><V3/><F3/><W106/><G106/><T132/><D132/><N who="2" m="50730" /><F48/><W93/><G37/><T2/><D2/><U20/><E20/><V100/><F100/><W120/><G120/><T83/><D83/><U129/><E126/><V42/><F49/><W71/><G108/><T114/><D114/><U17/><E129/><V26/><F26/><W85/><G71/><T5/><D18/><U96/><E17/><V30/><F30/><W15/><G27/><T101/><D101/><U122/><E122/><V56/><F56/><W107/><G50/><T67/><D67/><U46/><E36/><V84/><F77/><AGARI ba="1,0" hai="5,10,12,28,31,53,59,60,62,64,68,77,81,87" machi="77" ten="30,2000,0" yaku="7,1,52,1" doraHai="76" who="0" fromWho="2" sc="225,23,305,0,217,-23,253,0" owari="248,-15.2,305,40.5,194,-30.6,253,5.3" /></mjloggm>