<mjloggm ver="2.3"><GO type="225" lobby="0"/><UN n0="%4C%4F%4C%49%54%41" n1="%6D%75%75%73%61%6E%6D%75" n2="%E5%A4%96%E5%B7%9D%E7%AB%9C%E6%88%90" n3="%E3%83%B4%E3%82%A3%E3%83%AF%E3%82%B3%E3%82%B0%E3%83%8B" dan="16,16,16,16" rate="2135.39,2060.15,2108.43,2183.49" sx="F,F,M,M"/><TAIKYOKU oya="0"/><INIT seed="0,0,0,1,1,24" ten="250,250,250,250" oya="0" hai0="117,87,84,18,90,85,12,67,10,125,45,43,126" hai1="119,129,9,70,79,62,35,134,88,63,41,3,95" hai2="4,23,123,38,91,65,103,118,40,89,77,113,133" hai3="11,36,127,124,100,132,58,53,101,30,108,8,82"/><T19/><D117/><U93/><E119/><V73/><F118/><W17/><G36/><T6/><D67/><U107/><E107/><V78/><F103/><W50/><G108/><T33/><D33/><U92/><E129/><V80/><F113/><W29/><G132/><T68/><D68/><U105/><E105/><V1/><F123/><W55/><G82/><T110/><D110/><U76/><E134/><V42/><F42/><W135/><G135/><T98/><D90/><U94/><E35/><V86/><F65/><W16/><G50/><T130/><D98/><U37/><E41/><V48/><F48/><W49/><G49/><N who="0" m="26815" /><D130/><U116/><E37/><V56/><F133/><W131/><G131/><T128/><D128/><U21/><E116/><V52/><F91/><W2/><G58/><T59/><D59/><U25/><E9/><V34/><F34/><W114/><REACH who="3" step="1"/><G2/><REACH who="3" ten="250,250,250,240" step="2"/><T97/><D126/><U106/><E3/><V54/><F38/><W5/><G5/><T44/><D125/><U75/><E70/><V47/><F4/><W0/><G0/><T28/><D44/><U64/><E63/><V15/><F1/><W72/><G72/><T51/><D51/><U69/><E75/><V120/><F73/><W7/><G7/><T121/><D121/><U122/><E122/><V22/><F120/><W99/><G99/><T71/><D71/><U102/><E102/><V14/><F47/><W57/><G57/><T32/><D97/><U61/><E62/><V26/><F56/><W31/><G31/><T115/><D115/><AGARI ba="0,1" hai="8,11,16,17,29,30,53,55,100,101,114,115,124,127" machi="115" ten="25,16000,3" yaku="1,1,22,2,52,2,54,1,53,2" doraHai="24" doraHaiUra="109" who="3" fromWho="0" sc="250,-160,250,0,250,0,240,170" /><INIT seed="1,0,0,5,3,61" ten="90,250,250,410" oya="1" hai0="132,95,38,44,85,100,96,76,107,57,63,101,119" hai1="121,34,69,80,41,89,102,33,124,10,0,48,126" hai2="35,110,39,11,52,15,7,115,29,64,93,49,122" hai3="17,97,123,79,92,117,45,54,51,32,125,86,9"/><U42/><E121/><V106/><F122/><W127/><G32/><T135/><D119/><U28/><E69/><V112/><F106/><W105/><G123/><T50/><D38/><U6/><E102/><V47/><F39/><W56/><G117/><T103/><D76/><U12/><E0/><V60/><F110/><W67/><G105/><T131/><D131/><U104/><E104/><V90/><F29/><W4/><G17/><T5/><D5/><U73/><E42/><V99/><REACH who="2" step="1"/><F35/><REACH who="2" ten="90,250,240,410" step="2"/><W116/><G116/><T26/><D107/><U120/><E120/><V13/><F13/><W31/><G31/><T87/><D26/><U22/><E33/><V68/><AGARI ba="0,1" hai="7,11,15,47,49,52,60,64,68,90,93,99,112,115" machi="68" ten="30,7900,0" yaku="1,1,0,1,52,1,54,1,53,0" doraHai="61" doraHaiUra="25" who="2" fromWho="2" sc="90,-20,250,-39,240,89,410,-20" /><INIT seed="2,0,0,0,4,116" ten="70,211,329,390" oya="2" hai0="81,46,59,70,3,92,43,118,86,9,126,89,87" hai1="74,56,6,57,106,108,35,66,109,97,41,40,68" hai2="99,27,18,85,113,71,0,28,45,98,76,2,33" hai3="14,23,100,64,51,19,73,50,34,47,124,25,103"/><V53/><F113/><W111/><G111/><N who="1" m="42570" /><E74/><V60/><F0/><W11/><G73/><T84/><D118/><U22/><E35/><V44/><F2/><W123/><G123/><T134/><D134/><U8/><E68/><V21/><F44/><W58/><G34/><T72/><D126/><U83/><E83/><V55/><F76/><W62/><G124/><T54/><D70/><U61/><E57/><V131/><F85/><W135/><G135/><T128/><D128/><U107/><E22/><V102/><F99/><W115/><G115/><T4/><D54/><U24/><E24/><V31/><F31/><N who="3" m="17855" /><G50/><T125/><D59/><U69/><E69/><V1/><F1/><W39/><G39/><T32/><D32/><U15/><E97/><V78/><F78/><W30/><G30/><T17/><D17/><U93/><E93/><V88/><F45/><W49/><G49/><T79/><REACH who="0" step="1"/><D125/><REACH who="0" ten="60,211,329,390" step="2"/><U112/><E112/><V117/><F18/><W65/><G65/><T26/><D26/><U95/><E56/><V37/><F33/><W67/><G64/><T110/><D110/><U42/><E66/><V5/><F131/><W96/><G67/><T36/><AGARI ba="0,1" hai="3,4,9,36,43,46,72,79,81,84,86,87,89,92" machi="36" ten="20,12000,2" yaku="1,1,0,1,7,1,25,2,53,1" doraHai="116" doraHaiUra="38" who="0" fromWho="0" sc="60,130,211,-30,329,-60,390,-30" /><INIT seed="3,0,0,5,0,69" ten="190,181,269,360" oya="3" hai0="67,110,75,57,9,56,125,72,108,121,46,36,93" hai1="52,39,50,11,95,127,96,73,131,98,63,85,62" hai2="1,49,21,102,106,128,4,109,135,90,78,88,89" hai3="51,84,23,10,54,104,130,94,68,76,13,37,59"/><W47/><G104/><T29/><D121/><U112/><E73/><N who="0" m="28233" /><D125/><U116/><E112/><V48/><F109/><N who="0" m="42090" /><D67/><U3/><E39/><V97/><F128/><W82/><G23/><T8/><D29/><U38/><E38/><V12/><F135/><W101/><G51/><T40/><D93/><U123/><E123/><V16/><REACH who="2" step="1"/><F78/><REACH who="2" ten="190,181,259,360" step="2"/><N who="3" m="46167" /><G130/><T41/><D41/><U25/><E131/><V0/><F0/><W44/><G76/><T99/><D99/><N who="1" m="37931" /><E127/><V120/><F120/><W124/><G124/><T122/><D122/><U70/><E116/><V65/><F65/><W117/><G117/><T43/><D43/><U119/><E119/><V7/><F7/><W91/><G101/><T2/><D2/><U115/><E115/><V19/><F19/><W17/><G17/><T74/><D74/><U105/><E105/><V58/><F58/><AGARI ba="0,1" hai="8,9,36,40,46,56,57,58" m="42090,28233" machi="58" ten="30,2000,0" yaku="14,1,52,1" doraHai="69" who="0" fromWho="2" sc="190,30,181,0,259,-20,360,0" owari="220,-18.0,181,-31.9,239,3.9,360,46.0" /></mjloggm>