<mjloggm ver="2.3"><GO type="225" lobby="0"/><UN n0="%E5%8F%AF%E5%85%90%E9%82%A3%E7%94%B1%E5%A4%9A" n1="%E3%83%97%E3%83%AC%E3%83%B4%E3%82%A1%E3%83%86%E3%82%A3" n2="%E5%82%8D%E8%8B%A5%E7%84%A1%E4%BA%BA%35%31" n3="%77%72%77%72%77%72%77%72" dan="17,16,16,16" rate="2239.73,2165.68,2067.77,2072.27" sx="F,F,M,M"/><TAIKYOKU oya="0"/><INIT seed="0,0,0,2,5,40" ten="250,250,250,250" oya="0" hai0="74,90,50,46,30,67,1,56,77,70,113,68,114" hai1="110,131,37,101,64,38,21,76,96,69,103,122,65" hai2="135,42,72,112,57,133,23,115,51,89,117,91,120" hai3="29,85,121,75,125,118,3,18,127,55,63,116,98"/><T80/><D1/><U86/><E122/><V94/><F120/><W2/><G121/><T79/><D79/><U81/><E110/><V97/><F72/><W102/><G75/><T78/><D78/><U109/><E109/><V20/><F117/><W24/><G85/><T9/><D9/><U32/><E32/><V49/><F57/><N who="3" m="35263" /><G18/><T58/><D30/><U12/><E131/><V7/><F7/><W11/><G11/><T87/><D56/><U31/><E103/><V104/><F104/><W34/><G2/><T132/><D58/><U35/><E12/><V36/><F36/><W19/><G19/><T82/><D132/><U5/><E21/><V6/><F6/><W25/><G25/><T88/><D90/><U43/><E5/><V27/><F27/><W10/><G10/><T130/><D130/><U28/><E28/><V33/><F33/><W47/><G3/><T61/><REACH who="0" step="1"/><D70/><REACH who="0" ten="240,250,250,250" step="2"/><U107/><E31/><V84/><F133/><W99/><G29/><T92/><D92/><U134/><E35/><V73/><F135/><W83/><G34/><T106/><D106/><U71/><E134/><V108/><F108/><W48/><G83/><T126/><D126/><U44/><E71/><V16/><F94/><W14/><G127/><T54/><AGARI ba="0,1" hai="46,50,54,61,67,68,74,77,80,82,87,88,113,114" machi="54" ten="20,12000,1" yaku="1,1,0,1,7,1,52,1,54,1,53,0" doraHai="40" doraHaiUra="0" who="0" fromWho="0" sc="240,130,250,-40,250,-40,250,-40" /><INIT seed="0,1,0,0,1,55" ten="370,210,210,210" oya="0" hai0="20,79,74,128,78,120,51,42,73,3,124,59,82" hai1="84,57,4,49,18,61,116,131,114,9,129,87,122" hai2="60,38,77,12,95,90,24,115,17,119,39,101,105" hai3="92,123,26,121,85,81,75,48,5,50,100,53,69"/><T47/><D120/><N who="3" m="46153" /><G69/><T133/><D3/><U28/><E122/><V64/><F115/><W2/><G75/><T30/><D124/><U71/><E116/><V132/><F119/><W96/><G26/><T89/><D128/><N who="1" m="49227" /><E114/><V88/><F132/><W65/><G65/><T1/><D1/><N who="1" m="143" /><E28/><V8/><F77/><W107/><G107/><T40/><D133/><U43/><E71/><V45/><F24/><W33/><G33/><T63/><D42/><U104/><E104/><V44/><F105/><W29/><G29/><T102/><D102/><U72/><E72/><V16/><F17/><W70/><G70/><T125/><D125/><U19/><E43/><V117/><F117/><W111/><G111/><T13/><D89/><N who="2" m="34410" /><F39/><W103/><G103/><T135/><D135/><U67/><E49/><V21/><F38/><W11/><G53/><T66/><D30/><U52/><E67/><V106/><F106/><W7/><G5/><T93/><D78/><AGARI ba="1,0" hai="2,7,11,48,50,78,81,85,92,96,100" m="46153" machi="78" ten="30,1000,0" yaku="13,1" doraHai="55" who="3" fromWho="0" sc="370,-13,210,0,210,0,210,13" /><INIT seed="1,0,0,4,5,95" ten="357,210,210,223" oya="1" hai0="92,58,52,3,28,26,15,94,61,118,18,34,60" hai1="68,36,112,126,47,98,41,62,111,100,84,50,63" hai2="90,72,130,89,121,25,0,99,21,4,123,93,70" hai3="106,125,117,44,102,133,101,132,46,48,96,91,82"/><U66/><E112/><V38/><F130/><W113/><G113/><T105/><D118/><U129/><E126/><V108/><F108/><W120/><G120/><T86/><D105/><U59/><E129/><V31/><F38/><W128/><G128/><T135/><D3/><U16/><E84/><V14/><F70/><W35/><G35/><T29/><D29/><U104/><E111/><V131/><F131/><W7/><G125/><T20/><D135/><N who="3" m="51785" /><G117/><T40/><D40/><U23/><E36/><V109/><F72/><W122/><G122/><T65/><REACH who="0" step="1"/><D86/><REACH who="0" ten="347,210,210,223" step="2"/><U110/><E110/><V119/><F109/><W85/><G85/><T12/><D12/><U71/><E63/><V80/><F0/><W57/><G106/><T1/><D1/><U24/><AGARI ba="0,1" hai="16,23,24,41,47,50,59,62,66,68,71,98,100,104" machi="24" ten="20,7800,0" yaku="0,1,7,1,52,1,54,1" doraHai="95" who="1" fromWho="1" sc="347,-26,210,88,210,-26,223,-26" /><INIT seed="1,1,0,5,3,125" ten="321,298,184,197" oya="1" hai0="53,67,25,10,124,113,131,58,128,59,74,15,81" hai1="33,85,57,11,62,36,123,102,98,132,70,129,18" hai2="84,45,111,77,54,79,107,87,42,64,90,120,22" hai3="122,105,106,115,80,116,21,100,63,8,133,95,29"/><U60/><E36/><V135/><F111/><W6/><G115/><T52/><D113/><U134/><E33/><V16/><F107/><W37/><G122/><T31/><D124/><U82/><E123/><V56/><F135/><N who="1" m="51753" /><E70/><V103/><F103/><W17/><G29/><T94/><D94/><N who="1" m="58711" /><E57/><N who="0" m="21513" /><D67/><U126/><E126/><V104/><F104/><W49/><G106/><T9/><D81/><U108/><E108/><V23/><F23/><W12/><G21/><N who="0" m="15791" /><D74/><U40/><E40/><V69/><F69/><W43/><G80/><T110/><D110/><U14/><E129/><N who="0" m="49737" /><D9/><U72/><E72/><V119/><F64/><W88/><G8/><T55/><D55/><U26/><E26/><V41/><F119/><W78/><G105/><T97/><D97/><U68/><E68/><V0/><F120/><W4/><G116/><T13/><D13/><U101/><E101/><V32/><F42/><W47/><G12/><T76/><D76/><AGARI ba="1,0" hai="11,14,18,60,62,76,82,85" m="58711,51753" machi="76" ten="30,1500,0" yaku="20,1" doraHai="125" who="1" fromWho="0" sc="321,-18,298,18,184,0,197,0" /><INIT seed="1,2,0,1,0,120" ten="303,316,184,197" oya="1" hai0="15,31,60,44,114,101,55,48,112,36,84,93,25" hai1="81,109,134,96,135,1,50,113,2,58,26,33,92" hai2="107,104,66,103,21,12,17,45,40,10,61,118,70" hai3="117,62,73,98,88,124,126,122,130,97,52,132,80"/><U77/><E113/><V106/><F118/><W24/><G122/><T56/><D36/><U28/><E58/><V20/><REACH who="2" step="1"/><F103/><REACH who="2" ten="303,316,174,197" step="2"/><W34/><G117/><T76/><D101/><N who="1" m="60551" /><E50/><AGARI ba="2,1" hai="10,12,17,20,21,40,45,50,61,66,70,104,106,107" machi="50" ten="40,8000,1" yaku="1,1,53,3" doraHai="120" doraHaiUra="100" who="2" fromWho="1" sc="303,0,316,-86,174,96,197,0" /><INIT seed="2,0,0,1,2,133" ten="303,230,270,197" oya="2" hai0="129,40,88,103,77,123,126,25,119,44,125,29,2" hai1="6,97,17,18,47,60,131,94,35,115,45,52,134" hai2="84,16,112,118,34,24,56,3,48,93,130,128,1" hai3="102,49,21,132,92,20,9,111,83,63,4,68,33"/><V117/><F112/><W73/><G33/><T55/><D123/><U32/><E115/><V62/><F48/><W71/><G132/><T13/><D2/><N who="2" m="522" /><F84/><W38/><G38/><T87/><D129/><N who="2" m="49770" /><F93/><W31/><G49/><T86/><D119/><U70/><E131/><V80/><F80/><W30/><G111/><T89/><D103/><U106/><E134/><V64/><F34/><W58/><G92/><T72/><D72/><U90/><E106/><V82/><F82/><W27/><G102/><T101/><D101/><U76/><E76/><V127/><F127/><N who="0" m="48650" /><D55/><U81/><E81/><V105/><F105/><W99/><G83/><N who="0" m="47471" /><D87/><U100/><E100/><V12/><F24/><W54/><G99/><T11/><D40/><U98/><E98/><V114/><F114/><W110/><G73/><T59/><D44/><N who="1" m="16971" /><E70/><V113/><F113/><W8/><G110/><T108/><D108/><U42/><E42/><V69/><F69/><W109/><G109/><T28/><D59/><N who="1" m="34919" /><E35/><V10/><AGARI ba="0,0" hai="10,12,16,56,62,64,117,118" m="49770,522" machi="10" ten="30,3000,0" yaku="19,1,54,1" doraHai="133" who="2" fromWho="2" sc="303,-10,230,-10,270,30,197,-10" /><INIT seed="2,1,0,4,0,134" ten="293,220,300,187" oya="2" hai0="15,49,135,56,45,42,104,18,88,58,97,20,99" hai1="50,133,77,57,95,63,74,28,89,39,114,10,2" hai2="125,86,101,75,31,70,59,76,131,53,25,117,106" hai3="37,26,11,36,108,87,14,24,103,64,92,19,29"/><V27/><F125/><W94/><G108/><T33/><D33/><U79/><E114/><V4/><F70/><W78/><G64/><T16/><D135/><U43/><E133/><V51/><F131/><W91/><G78/><T8/><D104/><U132/><E132/><V69/><F69/><W32/><REACH who="3" step="1"/><G26/><REACH who="3" ten="293,220,300,177" step="2"/><N who="0" m="14599" /><D99/><AGARI ba="1,1" hai="11,14,19,24,29,32,36,37,87,91,92,94,99,103" machi="99" ten="40,1300,0" yaku="1,1,53,0" doraHai="134" doraHaiUra="66" who="3" fromWho="0" sc="293,-16,220,0,300,0,177,26" /><INIT seed="3,0,0,2,2,103" ten="277,220,300,203" oya="3" hai0="71,52,78,0,132,48,57,86,98,97,38,7,8" hai1="17,105,120,50,69,92,135,45,42,93,55,73,70" hai2="68,65,15,53,54,6,88,77,12,64,47,112,67" hai3="84,46,128,127,94,31,18,99,90,63,87,27,107"/><W1/><G128/><T72/><D132/><U101/><E120/><V96/><F112/><W36/><G127/><T11/><D72/><U121/><E121/><V102/><F68/><W61/><G1/><T75/><D75/><U117/><E135/><V4/><F77/><W115/><G115/><T106/><D71/><U130/><E73/><V125/><F102/><W131/><G131/><T33/><D33/><U43/><E130/><V40/><F125/><W81/><G18/><T66/><D38/><U85/><E70/><V83/><F40/><W21/><G107/><T79/><D66/><U28/><E69/><V58/><F47/><W60/><REACH who="3" step="1"/><G81/><REACH who="3" ten="277,220,300,193" step="2"/><T5/><D106/><U95/><E117/><V82/><F83/><W129/><G129/><T119/><D119/><U41/><E28/><V80/><F82/><W32/><G32/><T24/><D0/><U76/><E76/><V113/><F80/><W116/><G116/><T56/><D79/><U20/><E85/><V89/><F113/><W51/><G51/><T25/><D78/><U104/><REACH who="1" step="1"/><E101/><REACH who="1" ten="277,210,300,193" step="2"/><V19/><F96/><W49/><G49/><T23/><D86/><U108/><E108/><V14/><F19/><W22/><G22/><T2/><D23/><U91/><E91/><N who="2" m="34891" /><F58/><W9/><G9/><T3/><D48/><U126/><E126/><V118/><F118/><W29/><G29/><T10/><D8/><U30/><E30/><V124/><F124/><W13/><G13/><AGARI ba="0,2" hai="13,17,20,41,42,43,45,50,55,92,93,95,104,105" machi="13" ten="40,5200,0" yaku="1,1,52,2,53,0" doraHai="103" doraHaiUra="111" who="1" fromWho="3" sc="277,0,210,72,300,0,193,-52" owari="277,-12.3,282,8.2,300,40.0,141,-35.9" /></mjloggm>