<mjloggm ver="2.3"><GO type="225" lobby="0"/><UN n0="%E3%81%8C%E3%81%9F" n1="%E9%B3%B3%E6%9D%B1%E3%81%AE%E3%81%86%E3%81%95%E3%81%8E%E3%81%95%E3%82%93" n2="%E6%9C%AA%E6%9D%A5%E5%B0%91%E5%B9%B4" n3="%E3%81%95%E3%81%8D%E3%81%9F%E3%81%BE%E6%9E%97%E6%AA%8E" dan="16,16,16,16" rate="2148.54,2123.66,2159.26,2137.13" sx="F,M,M,M"/><TAIKYOKU oya="0"/><INIT seed="0,0,0,4,2,72" ten="250,250,250,250" oya="0" hai0="123,22,89,13,83,100,15,6,45,73,111,88,119" hai1="41,102,67,12,131,42,127,71,70,68,18,80,2" hai2="126,134,8,121,20,117,14,66,49,34,106,98,110" hai3="21,60,54,62,38,17,29,31,107,39,108,118,0"/><T84/><D119/><U47/><E131/><V103/><F121/><W64/><G108/><T69/><D123/><U104/><E2/><V7/><F110/><W74/><G74/><T40/><D111/><U93/><E104/><V130/><F34/><W9/><G107/><T19/><D69/><U105/><E105/><V46/><F130/><W61/><G118/><T79/><D100/><U124/><E67/><V129/><F129/><W86/><G64/><T76/><D73/><U113/><E113/><V92/><F117/><W109/><G109/><T35/><D35/><U36/><E41/><V101/><F126/><N who="1" m="48169" /><E80/><V115/><F115/><W75/><G75/><T48/><D76/><U78/><E78/><V5/><F134/><W44/><G39/><T94/><D94/><U50/><E102/><V133/><F133/><W112/><G112/><T1/><D1/><U53/><E93/><V97/><F66/><W114/><G114/><T59/><D59/><N who="1" m="33207" /><E71/><V125/><F125/><W24/><G38/><T95/><D95/><U82/><E82/><V16/><REACH who="2" step="1"/><F20/><AGARI ba="0,0" hai="12,18,20,36,42,47,68,70" m="33207,48169" machi="20" ten="30,1000,0" yaku="18,1" doraHai="72" who="1" fromWho="2" sc="250,0,250,10,250,-10,250,0" /><INIT seed="1,0,0,4,3,88" ten="250,260,240,250" oya="1" hai0="93,28,42,59,114,74,73,115,95,77,128,21,133" hai1="52,89,76,20,125,38,135,113,117,96,43,99,120" hai2="33,41,78,27,23,132,47,51,50,60,39,70,31" hai3="19,2,111,79,9,12,83,37,40,8,87,110,131"/><U105/><E113/><V44/><F132/><W129/><G37/><T6/><D42/><U15/><E117/><V106/><F106/><W75/><G40/><T18/><D28/><U17/><E120/><V46/><F78/><W127/><G75/><T7/><D133/><U130/><E135/><V30/><F70/><W16/><G127/><T32/><D32/><U81/><E125/><V67/><F33/><W80/><G80/><T119/><D119/><U53/><E130/><N who="3" m="49674" /><G19/><T122/><D128/><U107/><E99/><V84/><F84/><W64/><G64/><T1/><D122/><U85/><E107/><V63/><F31/><W112/><G112/><T71/><D71/><U25/><E43/><V126/><F126/><W29/><G29/><T82/><D74/><U69/><E38/><V14/><F14/><W124/><G124/><T91/><D1/><U10/><E69/><V4/><F4/><AGARI ba="0,0" hai="2,4,8,9,12,16,79,83,87,110,111" m="49674" machi="4" ten="30,2000,0" yaku="19,1,54,1" doraHai="88" who="3" fromWho="2" sc="250,0,260,0,240,-20,250,20" /><INIT seed="2,0,0,5,0,8" ten="250,260,220,270" oya="2" hai0="9,103,117,100,13,36,77,93,113,61,110,42,23" hai1="74,130,134,68,118,89,20,86,115,99,120,75,37" hai2="52,81,119,132,102,48,45,72,135,40,95,30,87" hai3="27,21,127,92,83,22,29,82,58,33,16,104,69"/><V44/><F119/><W131/><G69/><T78/><D113/><U60/><E37/><V94/><F72/><W96/><G104/><T116/><D110/><U65/><E115/><V1/><F1/><W97/><G131/><T7/><D61/><U26/><E118/><N who="0" m="45673" /><D23/><U76/><E130/><V71/><F71/><W38/><G38/><T121/><D121/><U46/><E134/><N who="2" m="51243" /><F30/><W43/><G127/><T109/><D109/><U101/><E76/><N who="0" m="29289" /><D93/><N who="2" m="35338" /><F102/><N who="0" m="38954" /><D36/><U10/><E120/><V64/><F64/><W39/><G39/><T28/><D42/><U41/><E41/><V133/><N who="2" m="51251" /><V34/><DORA hai="126" /><F34/><W56/><G43/><T17/><D28/><U32/><E65/><V6/><F6/><AGARI ba="0,0" hai="6,7,9,13,17" m="38954,29289,45673" machi="6" ten="30,2000,0" yaku="12,1,52,1" doraHai="8,126" who="0" fromWho="2" sc="250,20,260,0,220,-20,270,0" /><INIT seed="3,0,0,5,1,8" ten="270,260,200,270" oya="3" hai0="118,80,94,92,49,89,60,26,74,3,102,64,14" hai1="9,122,1,130,37,72,45,75,111,88,19,96,28" hai2="31,6,126,82,21,70,77,121,127,11,67,119,63" hai3="106,17,46,93,55,35,68,135,98,12,65,131,23"/><W41/><G131/><T129/><D118/><U115/><E122/><V40/><F119/><W61/><G135/><T66/><D3/><U114/><E130/><V13/><F121/><W120/><G120/><T125/><D129/><U103/><E28/><V90/><F40/><W2/><G2/><T78/><D125/><N who="2" m="47626" /><F90/><W30/><G55/><T48/><D26/><U105/><E111/><V79/><F82/><W134/><G134/><T22/><D102/><U71/><E71/><V124/><N who="2" m="47634" /><V15/><DORA hai="59" /><F31/><W57/><G68/><T116/><D116/><U51/><E88/><V110/><F110/><W39/><G106/><T38/><D38/><U16/><E37/><V69/><F70/><W117/><G117/><T107/><D89/><U7/><E115/><V10/><F21/><W44/><G44/><T108/><D108/><U62/><E114/><V101/><F101/><W47/><G47/><T104/><D22/><U29/><E29/><V54/><F54/><W5/><G30/><T132/><D80/><U53/><REACH who="1" step="1"/><E62/><REACH who="1" ten="270,250,200,270" step="2"/><V25/><F25/><W4/><G35/><T43/><D60/><U32/><E32/><V84/><F84/><W50/><G39/><T20/><D132/><U86/><E86/><V56/><F69/><W34/><G34/><T18/><D74/><AGARI ba="0,1" hai="1,7,9,16,19,45,51,53,72,74,75,96,103,105" machi="74" ten="40,5200,0" yaku="1,1,54,1,53,1" doraHai="8,59" doraHaiUra="33,24" who="1" fromWho="0" sc="270,-52,250,62,200,0,270,0" owari="218,-18.2,312,41.2,200,-30.0,270,7.0" /></mjloggm>