<mjloggm ver="2.3"><GO type="225" lobby="0"/><UN n0="%E3%82%BD%E3%83%AB%E3%83%88%E3%82%AF%E3%83%AA%E3%83%BC%E3%82%AF" n1="%E5%8C%97%E6%AC%A7%E3%81%AE%E3%82%82%E3%81%93%E3%81%86" n2="%4C%4F%4C%49%54%41" n3="%E5%91%A8%E6%9D%B1" dan="16,16,16,17" rate="2081.11,2155.59,2191.69,2163.35" sx="M,M,F,M"/><TAIKYOKU oya="0"/><INIT seed="0,0,0,3,3,59" ten="250,250,250,250" oya="0" hai0="107,115,25,128,26,13,135,119,58,123,86,116,57" hai1="14,63,134,27,78,81,104,69,77,15,62,79,101" hai2="40,9,34,10,7,36,43,31,65,33,71,60,12" hai3="37,76,38,96,22,73,99,64,53,90,117,120,8"/><T6/><D107/><U19/><E134/><V47/><F31/><W95/><G117/><T112/><D86/><U124/><E124/><V88/><F40/><W5/><G120/><T45/><D45/><U113/><E113/><V87/><REACH who="2" step="1"/><F10/><REACH who="2" ten="250,250,240,250" step="2"/><W2/><G8/><N who="0" m="4247" /><D115/><U93/><E104/><V110/><F110/><W118/><G118/><T126/><D119/><U3/><E3/><V51/><F51/><W42/><G2/><T18/><D116/><U0/><E0/><V83/><AGARI ba="0,1" hai="7,9,12,33,34,36,43,47,60,65,71,83,87,88" machi="83" ten="20,8000,1" yaku="1,1,0,1,7,1,52,1,54,1,53,0" doraHai="59" doraHaiUra="21" who="2" fromWho="2" sc="250,-40,250,-20,240,90,250,-20" /><INIT seed="1,0,0,3,2,9" ten="210,230,330,230" oya="1" hai0="117,7,59,114,102,39,11,125,98,131,0,110,121" hai1="42,37,119,63,123,67,18,112,128,58,47,50,78" hai2="56,4,88,92,6,115,33,16,82,5,85,43,134" hai3="127,126,91,29,15,86,10,41,77,79,22,108,48"/><U90/><E112/><V35/><F134/><W72/><G108/><T31/><D59/><U84/><E119/><V65/><F115/><W26/><G72/><T61/><D61/><U34/><E34/><V3/><F3/><W133/><G133/><T66/><D66/><U51/><E123/><V105/><F105/><W94/><G127/><T113/><D98/><U89/><E128/><V107/><F107/><W81/><G126/><T132/><D102/><U1/><E1/><V101/><F43/><W70/><G70/><T106/><D11/><U74/><E74/><V109/><F35/><W52/><G94/><T44/><D31/><U124/><E124/><V93/><F33/><W100/><G100/><T46/><D44/><U87/><E18/><V12/><F101/><W32/><G41/><T118/><D46/><U24/><E24/><V71/><F71/><W120/><G120/><T103/><D103/><U45/><E78/><V60/><F109/><W64/><G64/><T104/><D7/><U96/><E96/><V99/><F99/><W122/><G32/><T95/><D95/><U13/><E13/><V36/><F36/><W57/><G122/><T73/><D113/><U17/><E17/><AGARI ba="0,0" hai="10,15,17,22,26,29,48,52,57,77,79,81,86,91" machi="17" ten="30,7700,0" yaku="7,1,8,1,52,1,54,1" doraHai="9" who="3" fromWho="1" sc="210,0,230,-77,330,0,230,77" /><INIT seed="2,0,0,3,4,112" ten="210,153,330,307" oya="2" hai0="15,48,10,25,44,42,6,115,7,101,86,104,45" hai1="11,46,51,87,1,66,130,73,122,36,41,98,16" hai2="54,131,9,110,109,126,14,84,21,85,39,83,134" hai3="116,0,121,111,108,91,105,33,93,79,38,113,70"/><V132/><F39/><W59/><RYUUKYOKU type="yao9" ba="0,0" sc="210,0,153,0,330,0,307,0" hai3="0,33,38,59,70,79,91,93,105,108,111,113,116,121" /><INIT seed="2,1,0,5,1,126" ten="210,153,330,307" oya="2" hai0="78,67,70,58,81,69,63,62,2,52,32,122,119" hai1="111,44,4,86,24,123,72,80,73,11,112,132,20" hai2="31,117,47,108,124,130,121,68,5,59,25,66,43" hai3="65,35,105,131,85,42,14,57,40,37,54,8,30"/><V93/><F117/><W33/><G105/><T125/><D122/><U36/><E111/><V16/><F121/><W97/><G97/><T0/><D32/><U1/><E132/><V96/><F124/><W129/><G65/><T55/><D125/><U41/><E112/><V48/><F68/><W107/><G107/><T13/><D119/><U45/><E45/><V56/><F130/><N who="3" m="49675" /><G85/><T51/><D13/><U22/><E123/><V7/><F31/><W76/><G76/><T27/><D27/><U135/><E20/><N who="2" m="13447" /><F108/><W92/><G92/><T38/><D38/><U26/><E26/><V109/><F109/><W12/><G12/><T18/><D18/><U79/><REACH who="1" step="1"/><E135/><REACH who="1" ten="210,143,330,307" step="2"/><V21/><F21/><W77/><G30/><AGARI ba="1,1" hai="1,4,11,22,24,30,36,41,44,72,73,79,80,86" machi="30" ten="30,3900,0" yaku="1,1,2,1,7,1,53,0" doraHai="126" doraHaiUra="9" who="1" fromWho="3" sc="210,0,143,52,330,0,307,-42" /><INIT seed="3,0,0,2,1,93" ten="210,195,330,265" oya="3" hai0="48,135,24,2,78,42,102,121,9,66,130,88,113" hai1="12,64,128,105,74,32,26,19,87,80,61,89,29" hai2="52,96,63,31,119,15,76,85,72,54,108,7,92" hai3="101,68,1,38,8,97,73,59,44,124,67,13,49"/><W47/><G124/><T58/><D121/><U83/><E128/><V133/><F119/><W115/><G115/><T23/><D78/><U123/><E123/><V43/><F72/><W131/><G73/><T60/><D130/><U75/><E83/><N who="2" m="47335" /><F108/><W4/><G131/><T112/><D102/><U79/><E105/><V103/><F133/><W90/><G90/><T114/><D135/><U65/><E65/><V25/><F43/><W116/><G116/><T109/><D109/><U30/><E30/><V55/><F63/><W11/><G38/><T57/><D2/><U53/><E53/><V5/><F15/><W107/><G68/><N who="0" m="42055" /><D9/><U20/><REACH who="1" step="1"/><E79/><REACH who="1" ten="210,185,330,265" step="2"/><V99/><F54/><W122/><G122/><T132/><D132/><U28/><E28/><V126/><F52/><W17/><G67/><T84/><D42/><U3/><E3/><V14/><F55/><W120/><G120/><T0/><D0/><U18/><E18/><V40/><F40/><W34/><G1/><T56/><D48/><U21/><E21/><V129/><F129/><W41/><G47/><T86/><D88/><U71/><AGARI ba="0,1" hai="12,19,20,26,29,32,61,64,71,74,75,80,87,89" machi="71" ten="20,2700,0" yaku="1,1,0,1,7,1,53,0" doraHai="93" doraHaiUra="98" who="1" fromWho="1" sc="210,-7,185,37,330,-7,265,-13" owari="203,-29.7,222,-17.8,323,42.3,252,5.2" /></mjloggm>