<mjloggm ver="2.3"><GO type="225" lobby="0"/><UN n0="%43%68%65" n1="%E3%81%82%E3%81%99%E3%81%AB%E3%82%83%E3%82%80" n2="%E3%81%99%E3%81%84%E3%81%BE%E3%81%9B%E3%83%BC%E3%82%93" n3="%6D%75%75%6D%75%72%61" dan="16,16,16,17" rate="2152.28,2028.49,2106.54,2114.37" sx="M,F,M,F"/><TAIKYOKU oya="0"/><INIT seed="0,0,0,3,1,56" ten="250,250,250,250" oya="0" hai0="76,105,29,50,58,54,126,84,72,25,133,0,132" hai1="12,130,86,109,57,114,111,73,85,3,93,42,112" hai2="118,121,4,91,60,119,100,38,34,55,59,97,45" hai3="103,9,71,78,94,127,10,21,26,31,40,16,81"/><T22/><D105/><U41/><E3/><V30/><F121/><W89/><G127/><T106/><D106/><U1/><E1/><V104/><F4/><W62/><G103/><T125/><D0/><U87/><E73/><V122/><F122/><W24/><G40/><N who="1" m="15466" /><E93/><V65/><F91/><W77/><G94/><T135/><REACH who="0" step="1"/><D72/><REACH who="0" ten="240,250,250,250" step="2"/><U35/><E130/><V98/><F104/><W128/><G128/><T117/><D117/><U47/><E114/><V5/><F119/><W33/><G77/><T18/><D18/><U131/><E131/><V90/><F118/><W7/><G78/><T75/><D75/><U61/><E112/><V64/><F100/><W46/><G7/><T124/><D124/><U79/><E79/><V83/><F5/><W28/><G28/><T95/><D95/><U129/><E129/><V108/><F30/><W53/><G81/><AGARI ba="0,1" hai="22,25,29,50,54,58,76,81,84,125,126,132,133,135" machi="81" ten="50,9600,0" yaku="1,1,20,1,53,1" doraHai="56" doraHaiUra="17" who="0" fromWho="3" sc="240,106,250,0,250,0,250,-96" /><INIT seed="0,1,0,5,5,127" ten="346,250,250,154" oya="0" hai0="27,29,124,68,131,82,6,55,0,118,108,15,122" hai1="34,42,98,116,63,130,60,14,114,16,23,126,132" hai2="4,59,25,18,70,97,38,54,65,17,10,101,99" hai3="73,92,128,64,87,22,37,2,40,39,77,120,67"/><T61/><D118/><U8/><E116/><V123/><F123/><W80/><G120/><T41/><D122/><U30/><E126/><V7/><F38/><W113/><G113/><T45/><D0/><U32/><E42/><V133/><F133/><W76/><G2/><T94/><D124/><U48/><E48/><V135/><F135/><W117/><G117/><T36/><D94/><U129/><E132/><V102/><F65/><W81/><G92/><T86/><D108/><U50/><E50/><V69/><F25/><W20/><G40/><T57/><D68/><U51/><E51/><V96/><F10/><W75/><REACH who="3" step="1"/><G87/><REACH who="3" ten="346,250,250,144" step="2"/><T5/><D86/><U83/><E114/><V43/><F43/><W71/><G71/><T103/><D41/><U66/><E98/><V35/><F99/><W88/><G88/><T79/><D36/><U90/><E90/><V89/><F89/><W78/><G78/><T56/><D79/><U134/><E134/><V62/><F96/><W44/><G44/><T9/><D45/><U58/><E58/><V28/><F70/><W11/><G11/><T107/><D57/><U19/><E8/><V109/><F69/><W93/><G93/><T26/><D9/><U21/><E66/><V47/><F47/><W100/><G100/><T52/><D103/><U115/><E115/><V13/><F102/><W1/><G1/><T95/><D56/><U104/><E104/><V49/><F101/><W53/><G53/><T110/><D55/><U72/><E72/><V24/><F97/><W46/><G46/><T121/><D107/><U119/><E119/><RYUUKYOKU ba="1,1" sc="346,-10,250,-10,250,-10,144,30" hai3="20,22,37,39,64,67,73,75,76,77,80,81,128" /><INIT seed="1,2,1,3,4,20" ten="336,240,240,174" oya="1" hai0="112,89,124,92,59,107,25,44,88,15,130,47,75" hai1="97,121,80,23,94,38,53,48,21,93,50,91,134" hai2="113,100,114,135,123,101,28,115,76,72,98,60,54" hai3="131,84,106,58,82,65,46,19,133,66,104,33,43"/><U34/><E38/><V73/><F123/><W105/><G131/><T39/><D107/><U22/><E121/><V51/><F135/><W120/><G120/><T125/><D112/><U67/><E134/><V29/><F60/><W103/><G103/><N who="2" m="39497" /><F98/><W95/><G95/><T81/><D130/><U11/><E34/><V12/><F12/><W45/><G133/><T9/><D59/><U64/><E93/><V71/><F71/><W109/><G109/><T0/><D0/><U2/><E80/><N who="2" m="45063" /><F73/><W87/><G33/><T30/><D81/><U83/><E83/><V42/><F42/><W78/><G87/><T108/><D75/><U90/><E90/><N who="0" m="34921" /><D92/><U41/><E2/><V18/><F18/><W111/><G111/><T13/><D13/><U24/><E11/><V8/><F8/><W86/><G86/><T57/><D108/><U63/><E41/><V5/><F5/><W68/><G68/><T122/><D122/><U1/><E1/><V119/><F119/><W32/><G58/><AGARI ba="2,1" hai="28,29,51,54,58,113,114,115" m="45063,39497" machi="58" ten="30,1000,0" yaku="11,1" doraHai="20" who="2" fromWho="3" sc="336,0,240,0,240,26,174,-16" /><INIT seed="2,0,0,4,4,65" ten="336,240,266,158" oya="2" hai0="122,0,115,28,14,9,46,56,100,32,22,107,133" hai1="95,131,75,106,19,21,68,82,61,89,123,112,130" hai2="60,36,13,120,85,110,55,59,18,69,29,81,125" hai3="90,2,124,84,72,48,73,91,40,1,49,6,11"/><V134/><F120/><W3/><G124/><T114/><D122/><U105/><E112/><V24/><F125/><W26/><G26/><N who="0" m="18455" /><D56/><U118/><E118/><V94/><F134/><W104/><G104/><T96/><D46/><U129/><E123/><V31/><F36/><W16/><G40/><T108/><D108/><U39/><E39/><V102/><F110/><W57/><G6/><N who="0" m="1223" /><D133/><U25/><E82/><V63/><F24/><W44/><G44/><T71/><D71/><U79/><E79/><V17/><F17/><AGARI ba="0,0" hai="14,17,22,96,100,107,114,115" m="1223,18455" machi="17" ten="30,1000,0" yaku="24,1" doraHai="65" who="0" fromWho="2" sc="336,10,240,0,266,-10,158,0" /><INIT seed="3,0,0,2,3,93" ten="346,240,256,158" oya="3" hai0="42,55,38,109,110,54,129,87,118,104,56,91,107" hai1="81,19,106,98,60,116,133,25,115,35,132,108,76" hai2="20,30,18,49,8,130,105,113,127,95,37,34,90" hai3="96,120,122,85,128,46,52,2,23,31,64,28,100"/><W103/><G2/><T12/><D118/><U0/><E108/><V126/><F37/><W13/><G128/><T10/><D129/><U70/><E115/><V27/><F130/><W125/><G125/><N who="2" m="47625" /><F105/><W101/><G64/><T114/><D55/><U1/><E116/><V47/><F8/><W53/><G85/><T89/><D89/><U88/><E70/><V111/><F113/><W79/><G79/><T121/><D121/><U16/><E60/><V43/><F111/><N who="0" m="42506" /><D42/><U102/><E35/><V84/><F18/><N who="1" m="6697" /><E25/><V3/><F3/><W21/><G13/><T119/><D12/><U99/><E76/><V57/><F57/><W74/><G103/><T117/><D56/><U11/><E11/><V58/><F58/><W66/><G66/><T59/><D59/><U7/><E7/><V71/><F71/><W22/><G22/><AGARI ba="0,0" hai="20,22,27,30,34,43,47,49,84,90,95" m="47625" machi="22" ten="30,1000,0" yaku="18,1" doraHai="93" who="2" fromWho="3" sc="346,0,240,0,256,10,158,-10" owari="346,44.6,240,-16.0,266,6.6,148,-35.2" /></mjloggm>