<mjloggm ver="2.3"><GO type="225" lobby="0"/><UN n0="%33%74%72%65%65" n1="%E7%89%B9%E6%9D%B1%E3%81%AF%E4%B8%96%E7%95%8C%E3%82%92%E6%95%91%E3%81%86" n2="%E9%A6%AC%E4%BA%86%E9%9A%94%E5%A3%81" n3="%77%72%77%72%77%72%77%72" dan="16,16,17,17" rate="2108.00,2177.90,2257.99,2208.45" sx="F,M,M,M"/><TAIKYOKU oya="0"/><INIT seed="0,0,0,4,2,29" ten="250,250,250,250" oya="0" hai0="13,120,122,57,75,87,84,33,22,26,50,42,2" hai1="93,35,23,7,74,64,108,9,45,92,65,15,38" hai2="91,116,114,77,135,112,124,55,89,21,37,117,83" hai3="10,118,6,62,76,34,43,8,97,24,0,14,54"/><T111/><D75/><U41/><E74/><N who="2" m="43447" /><F21/><W28/><G118/><N who="2" m="45673" /><F55/><W67/><G76/><T70/><D70/><U49/><E108/><V19/><F19/><W95/><G43/><T44/><D2/><U56/><E35/><V104/><F37/><W113/><G113/><N who="2" m="43625" /><F124/><W73/><G73/><T5/><D111/><U3/><E65/><V98/><F135/><W4/><G54/><T12/><D57/><U103/><E38/><V60/><F60/><W53/><G53/><T51/><D22/><U126/><E126/><V11/><F11/><W110/><G110/><T32/><D42/><U109/><E109/><V47/><F47/><W129/><G129/><T106/><D44/><U94/><E3/><V78/><F78/><W71/><G71/><T88/><D26/><U86/><E23/><V1/><F1/><W101/><G62/><T68/><D68/><U59/><E59/><V107/><F98/><W102/><REACH who="3" step="1"/><G67/><REACH who="3" ten="250,250,250,240" step="2"/><T90/><REACH who="0" step="1"/><D5/><REACH who="0" ten="240,250,250,240" step="2"/><U100/><E7/><V25/><F25/><W20/><G20/><T16/><D16/><U36/><E56/><V27/><F27/><W115/><G115/><T58/><D58/><U79/><E64/><V96/><F96/><W132/><G132/><T128/><D128/><U66/><E66/><V48/><F48/><W46/><G46/><T131/><D131/><U40/><E41/><V82/><F91/><AGARI ba="0,2" hai="0,4,6,8,10,14,24,28,34,91,95,97,101,102" machi="91" ten="30,3900,0" yaku="1,1,7,1,52,1,53,0" doraHai="29" doraHaiUra="105" who="3" fromWho="2" sc="240,0,250,0,250,-39,240,59" /><INIT seed="1,0,0,2,4,53" ten="240,250,211,299" oya="1" hai0="122,30,89,76,51,24,70,41,37,77,119,14,7" hai1="67,99,115,46,8,124,40,79,110,32,59,48,83" hai2="87,88,49,34,5,104,96,123,93,6,109,52,133" hai3="29,9,62,72,97,75,94,28,100,63,71,57,66"/><U20/><E115/><V54/><F123/><W112/><G112/><T130/><D119/><U73/><E32/><V18/><F34/><W12/><G75/><T23/><D122/><U131/><E131/><V74/><F74/><W43/><G43/><T129/><D37/><U82/><E124/><V120/><F120/><W27/><G72/><T128/><D70/><U106/><E82/><V10/><F109/><W3/><G3/><T125/><D125/><U64/><E110/><V19/><F133/><W116/><G116/><T103/><D103/><U126/><E126/><V91/><F54/><W85/><G85/><T26/><D26/><U135/><E135/><V36/><F36/><W65/><REACH who="3" step="1"/><G27/><REACH who="3" ten="240,250,211,289" step="2"/><T35/><D128/><U121/><E121/><V13/><F5/><AGARI ba="0,1" hai="5,9,12,28,29,57,62,63,65,66,71,94,97,100" machi="5" ten="30,7700,0" yaku="1,1,2,1,7,1,52,1,53,0" doraHai="53" doraHaiUra="132" who="3" fromWho="2" sc="240,0,250,0,211,-77,289,87" /><INIT seed="2,0,0,3,1,43" ten="240,250,134,376" oya="2" hai0="46,135,120,5,53,94,96,100,61,8,2,104,88" hai1="71,129,58,55,16,106,114,11,47,76,37,78,72" hai2="67,113,4,9,34,116,64,38,27,109,97,44,0" hai3="131,30,101,124,117,22,126,56,125,89,12,28,87"/><V6/><F113/><W92/><G131/><T85/><D135/><U19/><E114/><V42/><F116/><W1/><G1/><T52/><D120/><U62/><E129/><V93/><F109/><W123/><G123/><T102/><D102/><U10/><E106/><V81/><F6/><W51/><G117/><T35/><D35/><U39/><E71/><V68/><F68/><W90/><G101/><T45/><D61/><U75/><E62/><V107/><F107/><W118/><G118/><T98/><D98/><U60/><E60/><V59/><F59/><W65/><G89/><T33/><D33/><U48/><E58/><V103/><REACH who="2" step="1"/><F81/><REACH who="2" ten="240,250,124,376" step="2"/><W115/><G115/><T14/><D2/><U112/><E112/><V23/><F23/><W79/><G22/><T83/><D104/><U128/><E128/><V111/><F111/><W41/><G56/><T36/><D36/><U20/><E20/><V73/><F73/><W134/><G126/><T84/><D84/><U29/><E75/><V15/><F15/><W86/><G12/><T132/><D132/><U13/><E13/><V57/><F57/><W121/><G134/><T108/><D108/><U26/><E72/><V25/><F25/><W63/><G121/><T127/><D127/><U119/><E26/><V77/><F77/><W122/><G122/><T91/><D83/><U105/><E119/><V18/><F18/><W40/><G125/><T99/><D85/><U80/><E105/><V7/><F7/><W130/><G86/><T32/><D5/><U50/><E80/><V17/><F17/><W82/><G124/><RYUUKYOKU ba="0,1" sc="240,-10,250,-10,124,30,376,-10" hai2="0,4,9,27,34,38,42,44,64,67,93,97,103" /><INIT seed="2,1,1,1,1,43" ten="230,240,154,366" oya="2" hai0="120,1,116,106,82,60,19,79,73,69,15,111,103" hai1="134,81,109,98,50,93,110,5,57,17,108,62,122" hai2="0,30,77,68,27,67,25,95,6,89,112,71,118" hai3="33,31,127,55,128,87,10,4,13,76,48,99,18"/><V121/><F112/><W125/><G128/><T41/><D120/><U97/><E134/><V113/><F113/><W86/><G76/><T32/><D111/><U46/><E122/><V96/><F118/><W58/><G99/><T85/><D116/><U74/><E5/><V124/><F121/><W54/><G31/><T3/><D32/><U126/><E126/><N who="3" m="48138" /><G33/><T28/><D28/><U91/><E17/><V131/><F124/><W56/><G18/><T90/><D41/><N who="1" m="24911" /><E81/><V101/><F131/><W23/><G23/><T12/><D12/><U88/><E74/><V92/><F77/><W39/><G39/><T132/><D132/><U21/><E21/><V14/><F0/><W117/><G117/><T80/><D106/><U49/><E49/><AGARI ba="1,1" hai="4,10,13,48,49,54,55,56,58,86,87" m="48138" machi="49" ten="30,1000,0" yaku="18,1" doraHai="43" who="3" fromWho="1" sc="230,0,240,-13,154,0,366,23" /><INIT seed="3,0,0,1,3,57" ten="230,227,154,389" oya="3" hai0="101,103,93,36,59,6,133,100,31,35,27,2,1" hai1="33,34,32,61,95,118,50,134,54,90,94,17,10" hai2="81,8,24,60,107,18,11,39,121,115,65,106,63" hai3="74,82,124,119,25,73,46,75,28,110,112,14,131"/><W37/><G14/><T78/><D133/><U111/><E134/><V126/><F115/><W42/><G112/><T30/><D36/><U132/><E132/><V83/><F39/><W48/><G119/><T91/><D78/><U125/><E118/><V49/><F49/><W72/><G48/><T23/><D6/><U92/><E61/><N who="2" m="23627" /><F65/><W58/><G72/><T43/><D2/><U129/><E50/><V69/><F69/><W117/><G46/><T130/><D1/><U40/><E54/><V127/><F121/><W0/><G42/><T7/><D43/><U105/><E40/><V4/><F24/><W102/><G25/><T44/><D27/><U9/><E33/><V56/><F56/><W70/><G0/><T67/><D59/><U47/><E47/><V85/><F18/><W12/><G37/><T89/><D44/><U38/><E38/><V13/><F11/><W120/><G73/><T104/><D67/><U108/><E17/><V116/><F116/><W19/><G74/><T5/><D35/><U76/><E32/><V86/><F86/><W29/><G75/><T20/><D31/><U123/><E34/><V71/><F71/><W80/><G29/><T3/><D30/><U114/><E114/><V97/><F97/><W84/><G28/><T64/><D64/><U122/><E122/><V135/><F135/><W16/><G70/><T109/><D3/><U79/><E123/><V98/><F98/><W99/><G120/><T88/><D104/><N who="2" m="39978" /><F85/><W26/><G84/><T41/><D41/><U52/><E105/><V62/><N who="2" m="23635" /><V21/><DORA hai="128" /><F21/><RYUUKYOKU ba="0,0" sc="230,-10,227,-10,154,30,389,-10" hai2="4,8,13,81,83,126,127" owari="220,2.0,217,-18.3,184,-31.6,379,47.9" /></mjloggm>