<mjloggm ver="2.3"><GO type="225" lobby="0"/><UN n0="%E6%9D%B1%E9%A2%A8%E3%81%AE%E3%81%8D%E3%82%83%E3%81%B7%E3%81%95%E3%82%93" n1="%E3%81%99%E3%81%84%E3%81%BE%E3%81%9B%E3%83%BC%E3%82%93" n2="%E6%B4%BE%E9%81%A3%E3%81%AE%E3%82%B8%E3%83%A3%E3%83%83%E3%82%AF" n3="%E4%BF%BA%E3%81%A8%E5%A6%96%E5%A4%A2" dan="17,18,17,17" rate="2184.88,2199.81,2217.91,2176.28" sx="M,M,M,F"/><TAIKYOKU oya="0"/><INIT seed="0,0,0,5,0,67" ten="250,250,250,250" oya="0" hai0="41,34,64,23,12,106,93,52,45,125,54,98,21" hai1="129,96,3,77,120,70,74,53,80,68,79,30,71" hai2="116,31,29,133,90,20,115,134,4,83,118,6,108" hai3="131,84,121,47,13,102,32,75,5,15,8,81,82"/><T35/><D106/><U40/><E120/><V124/><F83/><W19/><G121/><T61/><D125/><U88/><E3/><V110/><F90/><W36/><G32/><T55/><D35/><U87/><E129/><V49/><F49/><W60/><G131/><T101/><D34/><U99/><E40/><V14/><F124/><W76/><G102/><T117/><D117/><N who="2" m="45162" /><F115/><W105/><G105/><T1/><D1/><U89/><E30/><N who="2" m="11275" /><F20/><W107/><G107/><T9/><D41/><U85/><E53/><V16/><F16/><W128/><G128/><T39/><D39/><U56/><E56/><V46/><F46/><W0/><G60/><T97/><D45/><U42/><E42/><V111/><F14/><W72/><G47/><T11/><D98/><N who="1" m="37419" /><E74/><V86/><F86/><N who="1" m="32777" /><E80/><V33/><F33/><W59/><G36/><T104/><D104/><U58/><E58/><V69/><F69/><W62/><G81/><T27/><D12/><U2/><E2/><V7/><AGARI ba="0,0" hai="4,6,7,108,110,111,133,134" m="11275,45162" machi="7" ten="50,12000,2" yaku="28,2,14,1,12,1,34,2" doraHai="67" who="2" fromWho="2" sc="250,-60,250,-30,250,120,250,-30" /><INIT seed="1,0,0,2,3,17" ten="190,220,370,220" oya="1" hai0="106,76,57,11,65,111,122,121,75,119,12,107,89" hai1="100,52,63,79,23,95,29,134,109,56,48,43,91" hai2="88,96,118,114,31,77,84,20,99,39,115,3,53" hai3="86,71,10,26,124,6,62,47,98,4,67,93,105"/><U58/><E134/><V27/><F39/><W104/><G124/><T128/><D65/><U103/><E79/><V30/><F118/><W42/><G86/><T74/><D57/><U135/><E135/><V82/><F3/><W38/><G26/><T59/><D59/><U21/><E109/><V126/><F126/><W78/><G78/><T94/><D12/><U5/><E5/><V108/><F108/><W60/><G60/><T116/><D11/><U120/><E120/><N who="0" m="46185" /><D111/><U61/><E61/><V25/><F53/><W49/><G38/><T69/><D69/><U36/><E36/><V15/><F15/><W13/><G6/><T35/><D35/><U64/><E43/><V8/><F8/><W81/><G81/><N who="0" m="45207" /><D75/><U22/><E29/><V73/><F73/><W125/><G125/><T130/><D89/><AGARI ba="0,0" hai="4,10,13,42,47,49,62,67,71,89,93,98,104,105" machi="89" ten="30,1000,0" yaku="7,1" doraHai="17" who="3" fromWho="0" sc="190,-10,220,0,370,0,220,10" /><INIT seed="2,0,0,1,0,108" ten="180,220,370,230" oya="2" hai0="79,84,26,103,74,133,54,87,14,4,57,123,119" hai1="29,100,124,99,6,43,73,17,51,78,61,114,0" hai2="81,34,129,106,117,109,101,107,95,112,64,115,91" hai3="134,118,68,22,77,130,105,102,28,111,66,7,42"/><V83/><F34/><W58/><G118/><T41/><D119/><U46/><E114/><V52/><F64/><W88/><G111/><T72/><D123/><U63/><E124/><V13/><F13/><W76/><G68/><T16/><D133/><U53/><E29/><V9/><F9/><W36/><G7/><T20/><D41/><U125/><E125/><V122/><F52/><W128/><G22/><T127/><D127/><U131/><E131/><N who="3" m="50218" /><G28/><T98/><D4/><U70/><E17/><V90/><F109/><W8/><G8/><T82/><D74/><U85/><E73/><V71/><F71/><W97/><G88/><N who="2" m="33833" /><F129/><W75/><G134/><T35/><D35/><U38/><E70/><V93/><F117/><W126/><G75/><T60/><REACH who="0" step="1"/><D26/><REACH who="0" ten="170,220,370,230" step="2"/><U55/><E6/><V121/><F122/><W92/><G126/><T94/><AGARI ba="0,1" hai="14,16,20,54,57,60,72,79,82,84,87,94,98,103" machi="94" ten="20,12000,2" yaku="1,1,2,1,0,1,7,1,54,1,53,1" doraHai="108" doraHaiUra="56" who="0" fromWho="0" sc="170,130,220,-30,370,-60,230,-30" /><INIT seed="3,0,0,5,5,88" ten="300,190,310,200" oya="3" hai0="64,32,59,92,13,34,80,128,91,42,48,3,119" hai1="71,83,25,10,57,55,11,101,127,132,2,120,89" hai2="1,98,4,68,27,46,31,107,33,69,14,6,97" hai3="45,117,51,18,130,76,100,15,102,121,44,5,54"/><W105/><G117/><T123/><D3/><U65/><E120/><V108/><F1/><W112/><G121/><T94/><D123/><U24/><E127/><V133/><F108/><W78/><G112/><T41/><D119/><U84/><E132/><V115/><F115/><W22/><G130/><T29/><D128/><U79/><E71/><V116/><F116/><W129/><G129/><T49/><D13/><U73/><E65/><V103/><F133/><W104/><G104/><T21/><D32/><U70/><E70/><V74/><F74/><W36/><G5/><T77/><D34/><U53/><E101/><N who="3" m="39018" /><G36/><T90/><D64/><U111/><E111/><V37/><F6/><W126/><G105/><T85/><D29/><U67/><E2/><V0/><F14/><W61/><G126/><T122/><D21/><U39/><E39/><V75/><F75/><W50/><G61/><T72/><D122/><U95/><E67/><V81/><F81/><W86/><G86/><T47/><D59/><U38/><E38/><V93/><F4/><W58/><G58/><T9/><D9/><N who="1" m="3083" /><E73/><V134/><F0/><W16/><G18/><T63/><D63/><U28/><E28/><V7/><F7/><W56/><G56/><T43/><D48/><U17/><E57/><V87/><F134/><W96/><G96/><AGARI ba="0,0" hai="41,42,43,47,49,72,77,80,85,90,91,92,94,96" machi="96" ten="30,3900,0" yaku="7,1,52,2" doraHai="88" who="0" fromWho="3" sc="300,39,190,0,310,0,200,-39" owari="339,43.9,190,-21.0,310,11.0,161,-33.9" /></mjloggm>