<mjloggm ver="2.3"><GO type="225" lobby="0"/><UN n0="%E3%80%93%E3%81%97%E3%83%BC%E3%82%89%E3%80%93" n1="%E3%81%BF%E3%81%BF%E3%81%9A" n2="%E4%BA%BA%E9%96%93%E3%83%81%E3%83%A3%E3%83%BC%E3%83%8F%E3%83%B3" n3="%E5%A4%9C%E3%81%AE%E3%82%AC%E3%82%B9%E3%83%91%E3%83%BC%E3%83%AB" dan="16,18,16,16" rate="2169.05,2256.36,2088.39,2174.39" sx="M,M,M,M"/><TAIKYOKU oya="0"/><INIT seed="0,0,0,0,1,1" ten="250,250,250,250" oya="0" hai0="48,27,45,66,51,72,109,65,14,82,95,35,130" hai1="22,77,30,52,3,47,39,122,56,112,93,120,111" hai2="43,117,61,98,5,119,44,55,70,106,67,41,107" hai3="129,34,33,18,88,124,83,9,62,135,76,131,4"/><T11/><D130/><N who="3" m="49673" /><G135/><T99/><D109/><U74/><E111/><V84/><F84/><N who="3" m="50207" /><G124/><T40/><D51/><U101/><E3/><V115/><F115/><W0/><G76/><T91/><D72/><U73/><E112/><V89/><F5/><W28/><G28/><T37/><D37/><U80/><E74/><V64/><F64/><W63/><G18/><T113/><D113/><U127/><E127/><V38/><F43/><W2/><G0/><T134/><D134/><U87/><E30/><V132/><F132/><W126/><G126/><T49/><D49/><U94/><E22/><V54/><F89/><W102/><G102/><T78/><D27/><U96/><E73/><V69/><F69/><W15/><G2/><T36/><D35/><AGARI ba="0,0" hai="4,9,15,33,34,35,62,63" m="50207,49673" machi="35" ten="30,3900,0" yaku="19,1,52,1,54,1" doraHai="1" who="3" fromWho="0" sc="250,-39,250,0,250,0,250,39" /><INIT seed="1,0,0,2,3,14" ten="211,250,250,289" oya="1" hai0="67,125,126,120,130,115,96,88,97,3,102,44,27" hai1="0,129,60,82,127,32,95,123,33,106,24,107,40" hai2="52,13,43,42,112,2,108,29,39,121,70,16,134" hai3="63,69,10,71,105,78,26,114,81,128,12,36,23"/><U17/><E123/><V118/><F121/><W92/><G114/><T4/><D120/><U55/><E0/><V100/><F118/><W66/><G105/><T99/><D115/><U98/><E40/><N who="2" m="15403" /><F2/><W64/><G128/><T77/><D130/><U11/><E82/><V124/><F39/><W119/><G36/><T111/><D111/><U9/><E129/><V110/><F112/><W38/><G38/><T20/><D44/><U58/><E127/><N who="0" m="48649" /><D77/><U68/><E68/><V22/><F124/><W104/><G104/><T47/><D47/><U15/><E32/><V109/><F134/><W73/><G92/><N who="0" m="56327" /><D67/><U94/><E94/><V75/><F75/><W57/><G66/><T83/><D83/><U31/><REACH who="1" step="1"/><E9/><REACH who="1" ten="211,240,250,289" step="2"/><N who="2" m="6191" /><F100/><AGARI ba="0,1" hai="11,15,17,24,31,33,55,58,60,95,98,100,106,107" machi="100" ten="30,11600,0" yaku="1,1,7,1,52,1,53,1" doraHai="14" doraHaiUra="6" who="1" fromWho="2" sc="211,0,240,126,250,-116,289,0" /><INIT seed="1,1,0,0,5,18" ten="211,366,134,289" oya="1" hai0="61,5,105,30,113,15,69,37,1,48,95,46,134" hai1="70,92,27,110,89,52,62,118,16,121,111,109,91" hai2="85,64,74,29,103,115,94,51,31,49,7,20,24" hai3="59,54,4,23,98,126,73,131,67,129,3,93,66"/><U56/><E118/><V88/><F74/><W124/><G73/><T81/><D105/><U99/><E121/><V114/><F7/><W87/><G87/><T119/><D37/><U77/><E77/><V90/><F103/><W82/><G82/><T53/><D1/><U8/><E70/><V10/><F64/><W80/><G80/><T36/><D36/><U55/><E55/><V96/><F10/><W101/><G4/><T42/><D119/><U50/><E50/><V14/><F14/><W68/><G3/><T97/><D134/><U72/><E72/><V28/><F114/><W19/><G68/><T100/><D81/><U58/><E58/><V39/><F39/><W22/><G19/><T127/><D127/><N who="3" m="48681" /><G66/><T117/><D113/><U60/><E60/><V104/><F115/><W45/><G45/><T2/><D2/><U34/><E34/><V6/><F6/><W25/><G25/><T79/><D79/><U0/><E0/><V35/><F35/><W75/><G67/><T116/><D30/><N who="2" m="11882" /><F104/><W135/><G75/><T57/><D69/><U86/><E8/><V43/><F43/><W112/><G135/><T125/><D125/><U123/><E123/><V38/><F38/><W12/><G12/><T106/><D106/><U63/><E63/><V17/><N who="2" m="11890" /><V40/><DORA hai="122" /><F40/><W33/><G33/><T9/><AGARI ba="1,0" hai="5,9,15,42,46,48,53,57,61,95,97,100,116,117" machi="9" ten="30,1100,0" yaku="0,1" doraHai="18,122" who="0" fromWho="0" sc="211,14,366,-6,134,-4,289,-4" /><INIT seed="2,0,0,4,4,85" ten="225,360,130,285" oya="2" hai0="114,58,64,66,10,25,63,40,104,74,44,71,102" hai1="69,16,129,61,4,120,26,110,135,20,122,133,88" hai2="31,50,80,78,128,130,82,65,19,41,109,123,21" hai3="28,52,70,42,76,99,111,67,103,29,38,6,30"/><V48/><F123/><N who="1" m="47145" /><E110/><V22/><F65/><W97/><G111/><T43/><D74/><U68/><E129/><N who="2" m="49771" /><F109/><W132/><G132/><N who="1" m="50762" /><E61/><V100/><F100/><W131/><G131/><T47/><D114/><U12/><E88/><V83/><F78/><W46/><G6/><T8/><D104/><U27/><E4/><V93/><F41/><W72/><G67/><T125/><D102/><U121/><N who="1" m="47153" /><U9/><DORA hai="77" /><E9/><V79/><F79/><W0/><G70/><AGARI ba="0,0" hai="12,16,20,26,27,68,69,70" m="50762,47153" machi="70" ten="50,6400,0" yaku="13,1,20,1,54,1" doraHai="85,77" who="1" fromWho="3" sc="225,0,360,64,130,0,285,-64" /><INIT seed="3,0,0,5,0,40" ten="225,424,130,221" oya="3" hai0="51,63,10,128,60,121,123,96,78,22,13,115,56" hai1="15,24,26,32,88,52,70,72,69,2,98,117,86" hai2="81,47,80,14,18,50,33,79,30,75,114,41,109" hai3="25,84,135,17,53,91,65,132,97,124,89,8,27"/><W31/><G124/><T87/><D128/><U134/><E72/><V130/><F109/><W61/><G53/><N who="0" m="31807" /><D115/><U133/><E2/><V38/><F130/><W122/><G122/><T120/><D120/><U55/><E117/><V76/><F114/><W126/><G126/><T66/><D123/><U82/><E15/><V93/><F93/><N who="3" m="56495" /><G31/><T83/><D121/><U42/><E42/><V16/><F38/><W85/><G8/><T111/><D111/><U129/><E129/><V108/><F108/><W54/><G54/><N who="1" m="20522" /><E98/><V100/><F100/><W74/><G74/><T57/><D96/><U64/><E64/><V125/><F125/><W20/><G27/><N who="1" m="10282" /><E32/><V62/><F62/><W46/><G46/><T19/><D63/><U106/><E106/><V102/><F102/><W48/><G48/><T11/><AGARI ba="0,0" hai="10,11,13,19,22,57,60,66,78,83,87" m="31807" machi="11" ten="30,1100,0" yaku="8,1" doraHai="40" who="0" fromWho="0" sc="225,11,424,-3,130,-3,221,-5" owari="236,3.6,421,52.1,127,-37.3,216,-18.4" /></mjloggm>