<mjloggm ver="2.3"><GO type="225" lobby="0"/><UN n0="%6D%75%75%6D%75%72%61" n1="%E3%81%9F%E3%81%93%E2%98%86%E7%84%BC%E3%81%8D" n2="%E3%81%8C%E3%81%9F" n3="%E3%81%AF%E3%82%88%E3%81%8A%E3%81%98%E3%81%95%E3%82%93" dan="16,16,16,16" rate="2152.98,2094.03,2085.41,2088.04" sx="F,M,F,M"/><TAIKYOKU oya="0"/><INIT seed="0,0,0,1,2,71" ten="250,250,250,250" oya="0" hai0="52,18,79,96,75,90,54,27,113,49,69,105,51" hai1="91,65,8,14,40,119,35,81,77,118,20,44,104" hai2="78,94,66,129,12,17,28,13,83,97,53,93,0" hai3="115,67,31,50,63,23,10,87,89,124,11,100,84"/><T37/><D113/><U116/><E35/><V98/><F0/><W64/><G115/><T131/><D69/><U1/><E104/><V70/><F28/><W86/><G124/><T122/><D122/><U95/><E65/><V59/><F129/><W41/><G100/><T62/><D37/><U5/><E20/><V60/><F93/><W99/><G41/><T114/><D114/><U19/><E19/><V16/><F13/><W109/><G109/><T76/><D75/><U48/><E1/><V130/><F130/><W107/><G50/><N who="0" m="18955" /><D105/><U80/><REACH who="1" step="1"/><E77/><REACH who="1" ten="250,240,250,250" step="2"/><V2/><F2/><W111/><G107/><T56/><D131/><U128/><E128/><V134/><F17/><W42/><G64/><T125/><D125/><U32/><E32/><V47/><F70/><W3/><G3/><T85/><D76/><U110/><E110/><V33/><F33/><W73/><G111/><T26/><D18/><U126/><E126/><V74/><F66/><W9/><G23/><T6/><D54/><U39/><E39/><V103/><F134/><W108/><G108/><T29/><D79/><U25/><E25/><V112/><F112/><W43/><G31/><T121/><D29/><U55/><E55/><V127/><F127/><W102/><G67/><T22/><D22/><U133/><E133/><V82/><F78/><W38/><G38/><T132/><D132/><U72/><E72/><V15/><F74/><W4/><G73/><T45/><D26/><U123/><E123/><V7/><F53/><W21/><G21/><T106/><D27/><U57/><E57/><V92/><F59/><RYUUKYOKU ba="0,1" sc="250,-10,240,30,250,-10,250,-10" hai1="5,8,14,40,44,48,80,81,91,95,116,118,119" /><INIT seed="1,1,1,0,1,135" ten="240,270,240,240" oya="1" hai0="121,80,120,101,82,30,98,19,116,102,15,83,85" hai1="38,127,119,99,79,59,93,74,128,11,69,105,130" hai2="64,0,100,39,22,131,95,67,66,12,117,97,31" hai3="17,129,1,92,111,14,5,51,46,7,28,23,53"/><U56/><E69/><V112/><F117/><W68/><G68/><T41/><D30/><U103/><E38/><V108/><F0/><W48/><G111/><T32/><D32/><U26/><E26/><V20/><F108/><W65/><G129/><N who="1" m="49770" /><E11/><V50/><F131/><W109/><G109/><T18/><D41/><U90/><E119/><V89/><F39/><W63/><G1/><T37/><D37/><U61/><E61/><V43/><F112/><W84/><G28/><T52/><D116/><U58/><E127/><V40/><F50/><W29/><G29/><T86/><D52/><U124/><E124/><V2/><F2/><W54/><G65/><T125/><D125/><U81/><E59/><V71/><F71/><W133/><G133/><T45/><D45/><U134/><E134/><V57/><F57/><N who="3" m="32935" /><G63/><T25/><D25/><U114/><E114/><V104/><F31/><W9/><G9/><T76/><D19/><U55/><E55/><V77/><F77/><W126/><G126/><T132/><D132/><U33/><E33/><V73/><F73/><W118/><G118/><T96/><D76/><U60/><E60/><V122/><F122/><N who="0" m="47210" /><D18/><U62/><E62/><V115/><F115/><W4/><G5/><T27/><D27/><U24/><E24/><V110/><F110/><W36/><G36/><T3/><D3/><U113/><E113/><V44/><F12/><W107/><G107/><N who="0" m="63911" /><D15/><U34/><E34/><V42/><F44/><W13/><G14/><T91/><D85/><AGARI ba="1,1" hai="56,58,74,79,81,85,90,93,99,103,105" m="49770" machi="85" ten="30,2900,0" yaku="24,1,19,1" doraHai="135" who="1" fromWho="0" sc="240,-32,270,42,240,0,240,0" /><INIT seed="1,2,0,0,0,40" ten="208,312,240,240" oya="1" hai0="123,118,90,28,120,130,60,1,82,62,4,57,106" hai1="129,72,8,27,19,37,111,74,15,11,86,113,7" hai2="110,17,79,39,54,26,34,51,108,109,35,66,49" hai3="48,42,31,78,46,3,117,99,56,65,77,13,126"/><U73/><E113/><V100/><F39/><W85/><G3/><T80/><D118/><U0/><E37/><V29/><F66/><W5/><G117/><T43/><D106/><U93/><E129/><V70/><F70/><W25/><G126/><T47/><D130/><U52/><E27/><V91/><F100/><W30/><G99/><T133/><D133/><U101/><E111/><V102/><F102/><W135/><G135/><T2/><D28/><U76/><E101/><V61/><F79/><W16/><G5/><T18/><D18/><U33/><E33/><V36/><F36/><W63/><G25/><T45/><D90/><U10/><E10/><V124/><F124/><W23/><G78/><T12/><D43/><U71/><E71/><V84/><F34/><W134/><G134/><T38/><D38/><U50/><E93/><N who="2" m="54503" /><F17/><W131/><G131/><T59/><D4/><U132/><E132/><V94/><F94/><W115/><G115/><T127/><D127/><U92/><E92/><V9/><F9/><W67/><G65/><T44/><D44/><U6/><E86/><V24/><F24/><W58/><G56/><AGARI ba="2,0" hai="26,29,35,49,51,54,56,61,108,109,110" m="54503" machi="56" ten="30,1000,0" yaku="14,1" doraHai="40" who="2" fromWho="3" sc="208,0,312,0,240,16,240,-16" /><INIT seed="2,0,0,2,2,12" ten="208,312,256,224" oya="2" hai0="126,108,18,60,42,109,115,130,48,78,67,118,107" hai1="17,80,0,121,71,38,14,30,61,133,120,96,57" hai2="83,93,86,31,122,117,54,74,35,111,58,49,66" hai3="6,68,87,85,9,104,90,125,25,27,65,99,10"/><V24/><F117/><W40/><G125/><T97/><D115/><U22/><E38/><V135/><F122/><N who="1" m="47209" /><E0/><V26/><F135/><W112/><G112/><T34/><D126/><U100/><E80/><V15/><F111/><N who="0" m="42570" /><D34/><U50/><E133/><V75/><F93/><W128/><G128/><T13/><D130/><U63/><E30/><V95/><F95/><W2/><G40/><T106/><D78/><U32/><E32/><V37/><F37/><W119/><G119/><T124/><D124/><U4/><E4/><V98/><F98/><W55/><G9/><N who="0" m="6447" /><D118/><U69/><E50/><V132/><F132/><W21/><G2/><T88/><D88/><U11/><E11/><V84/><F84/><W16/><G10/><T89/><D89/><U131/><E63/><V70/><F24/><W1/><G6/><T114/><D114/><U116/><E116/><V81/><F15/><W76/><G1/><T62/><D97/><U77/><E77/><V134/><F134/><W5/><G5/><T43/><D62/><U47/><E131/><V92/><F83/><N who="3" m="47335" /><G25/><T51/><D43/><U8/><E8/><V46/><F26/><W41/><G41/><T52/><D42/><U82/><E61/><V3/><F35/><W33/><G33/><T127/><D127/><U45/><E82/><V29/><F81/><N who="3" m="49519" /><G99/><T28/><D28/><U20/><E20/><V73/><F3/><W102/><G104/><N who="0" m="39979" /><D67/><U53/><E96/><V129/><F129/><W79/><G79/><T103/><D103/><U123/><N who="1" m="47217" /><U105/><DORA hai="72" /><E100/><V94/><F66/><W59/><G65/><RYUUKYOKU ba="0,0" sc="208,30,312,-10,256,-10,224,-10" hai0="48,51,52,60" /><INIT seed="3,1,0,4,0,39" ten="238,302,246,214" oya="3" hai0="84,13,100,110,107,131,10,21,77,122,25,27,58" hai1="48,67,130,12,125,106,98,102,128,115,119,43,52" hai2="129,74,3,14,22,8,72,94,114,66,18,97,6" hai3="123,118,96,92,15,121,79,80,61,86,40,35,46"/><W90/><G118/><T95/><D122/><U99/><E115/><V38/><F114/><W7/><G35/><T126/><D107/><U4/><E67/><V133/><F38/><W24/><G24/><T2/><D2/><U69/><E69/><V101/><F129/><N who="1" m="49769" /><E99/><V81/><F133/><W20/><G61/><T55/><D100/><U59/><E125/><V104/><F66/><W65/><G65/><T19/><D110/><U33/><E43/><V11/><F104/><W120/><G20/><T73/><D21/><U64/><E64/><V89/><F11/><W0/><G0/><T117/><D73/><U108/><E108/><V124/><F124/><W132/><G132/><T116/><D126/><U75/><E75/><V63/><F63/><W91/><G7/><T57/><D19/><U56/><E33/><V70/><F70/><W44/><G15/><T5/><D131/><U113/><E119/><V51/><F51/><W111/><G111/><T62/><D117/><U76/><E76/><V32/><F32/><W49/><REACH who="3" step="1"/><G44/><REACH who="3" ten="238,302,246,204" step="2"/><T45/><D45/><N who="1" m="27663" /><E113/><V78/><F3/><W103/><AGARI ba="1,1" hai="40,46,49,79,80,86,90,91,92,96,103,120,121,123" machi="103" ten="30,6000,0" yaku="1,1,0,1,52,1,53,0" doraHai="39" doraHaiUra="9" who="3" fromWho="3" sc="238,-21,302,-21,246,-21,204,73" /><INIT seed="3,2,0,2,5,13" ten="217,281,225,277" oya="3" hai0="70,59,111,77,64,24,113,52,39,10,79,98,74" hai1="116,84,87,122,102,90,110,20,112,121,127,72,28" hai2="104,18,119,9,93,7,54,103,135,99,76,2,120" hai3="3,81,16,5,61,115,50,26,27,114,105,91,129"/><W12/><G105/><T36/><D111/><U86/><E28/><V106/><F119/><W55/><G129/><T53/><D70/><U85/><E110/><V63/><F135/><W89/><G3/><T42/><D113/><U133/><E20/><V0/><F0/><W123/><G123/><N who="1" m="47114" /><E112/><V34/><F120/><W8/><G115/><T11/><D74/><U94/><E116/><V66/><F34/><W126/><G126/><T44/><D39/><U108/><E108/><V71/><F76/><W23/><G114/><T68/><D24/><U35/><E35/><V92/><F104/><W46/><G61/><T88/><D68/><U65/><E65/><V58/><REACH who="2" step="1"/><F18/><REACH who="2" ten="217,281,215,277" step="2"/><W22/><G81/><T40/><D79/><U62/><E133/><V41/><F41/><W17/><AGARI ba="2,1" hai="5,8,12,16,17,22,23,26,27,46,50,55,89,91" machi="17" ten="20,18000,2" yaku="0,1,7,1,9,1,8,1,52,2,54,1" doraHai="13" who="3" fromWho="3" sc="217,-62,281,-62,215,-62,277,196" owari="155,-24.5,219,1.9,153,-34.7,473,57.3" /></mjloggm>