<mjloggm ver="2.3"><GO type="225" lobby="0"/><UN n0="%E3%81%B5%E3%81%98%E3%81%8B%E3%81%A4" n1="%E3%81%BF%E3%81%BF%E3%81%9A" n2="%E8%BE%9B%E5%8F%A3%E3%82%AB%E3%83%AC%E3%83%BC%E3%83%A9%E3%82%A4%E3%82%B9" n3="%E3%81%99%E3%81%84%E3%81%BE%E3%81%9B%E3%83%BC%E3%82%93" dan="16,17,17,18" rate="2177.66,2275.43,2259.60,2232.54" sx="M,M,M,M"/><TAIKYOKU oya="0"/><INIT seed="0,0,0,1,0,97" ten="250,250,250,250" oya="0" hai0="18,11,56,117,52,80,73,113,61,110,41,39,29" hai1="42,109,62,35,34,53,16,43,74,24,70,22,120" hai2="4,68,108,104,128,106,78,23,64,134,21,31,57" hai3="71,76,101,58,10,30,19,63,27,125,126,38,6"/><T37/><D113/><U83/><E120/><V66/><F68/><W1/><G38/><T25/><D117/><U12/><E109/><V132/><F108/><W13/><G71/><T51/><D110/><U40/><E24/><V15/><F78/><W59/><G76/><T105/><D105/><N who="2" m="40554" /><F128/><W0/><G101/><T121/><D121/><U36/><E36/><V26/><F57/><W9/><G0/><T7/><D18/><U102/><E102/><V45/><F45/><W75/><G75/><T127/><D127/><N who="3" m="48649" /><G63/><T114/><D114/><U86/><E74/><V8/><F23/><AGARI ba="0,0" hai="1,6,9,10,13,19,23,27,30,58,59" m="48649" machi="23" ten="30,1000,0" yaku="18,1" doraHai="97" who="3" fromWho="2" sc="250,0,250,0,250,-10,250,10" /><INIT seed="1,0,0,1,1,96" ten="250,250,240,260" oya="1" hai0="68,119,35,63,117,69,61,67,23,66,53,46,110" hai1="15,30,131,8,97,80,29,135,79,51,38,90,6" hai2="26,73,74,85,83,129,106,4,76,33,41,75,70" hai3="112,45,20,114,47,93,49,94,98,27,134,115,116"/><U104/><E38/><V22/><F129/><W62/><G134/><T21/><D35/><U7/><E135/><V88/><F70/><W10/><G10/><T111/><D23/><U42/><E131/><V24/><F33/><W44/><G49/><T31/><D31/><U108/><E108/><N who="0" m="41513" /><D21/><U99/><E6/><V113/><F113/><W126/><G126/><T54/><D46/><N who="1" m="26071" /><E99/><V123/><F123/><W132/><G132/><T92/><D92/><N who="1" m="56471" /><E104/><V65/><F65/><W13/><G116/><AGARI ba="0,0" hai="53,54,61,63,66,67,68,69,116,117,119" m="41513" machi="116" ten="30,3900,0" yaku="14,1,34,2" doraHai="96" who="0" fromWho="3" sc="250,39,250,0,240,0,260,-39" /><INIT seed="2,0,0,4,3,47" ten="289,250,240,221" oya="2" hai0="0,6,68,103,51,64,60,74,91,53,111,27,56" hai1="52,90,92,1,127,113,107,35,129,31,12,36,20" hai2="134,69,114,109,121,100,39,126,2,38,16,13,79" hai3="84,37,22,77,19,101,30,96,65,95,40,17,21"/><V44/><F114/><W119/><G119/><T128/><D111/><U125/><E107/><V116/><F116/><W122/><G122/><T7/><D128/><U45/><E113/><V9/><F121/><W87/><G65/><T59/><D74/><U43/><E1/><V117/><F117/><W76/><G37/><T123/><D123/><U32/><E129/><V42/><F134/><W78/><G40/><T48/><D103/><U80/><E80/><V58/><F69/><W81/><G30/><T70/><D0/><U24/><E12/><V57/><F126/><N who="1" m="48137" /><E52/><V14/><F2/><W104/><G104/><T71/><D91/><U105/><E105/><V23/><F39/><W82/><REACH who="3" step="1"/><G78/><REACH who="3" ten="289,250,240,211" step="2"/><T130/><D130/><U75/><E75/><V124/><F124/><W11/><G11/><T118/><D64/><U110/><E110/><V85/><F109/><W5/><G5/><T99/><D6/><U72/><E72/><V4/><REACH who="2" step="1"/><F100/><REACH who="2" ten="289,250,230,211" step="2"/><W49/><G49/><N who="0" m="30767" /><D118/><U67/><E67/><V15/><F15/><W63/><G63/><T133/><D71/><U25/><E25/><V135/><F135/><W66/><G66/><N who="0" m="39199" /><D133/><U132/><E132/><V54/><F54/><W106/><G106/><T10/><D70/><U41/><E43/><V61/><F61/><W97/><G97/><AGARI ba="0,2" hai="20,24,31,32,35,36,41,45,90,92,97" m="48137" machi="97" ten="30,1000,0" yaku="18,1" doraHai="47" who="1" fromWho="3" sc="289,0,250,30,230,0,211,-10" /><INIT seed="3,0,0,2,3,102" ten="289,280,230,201" oya="3" hai0="118,17,70,54,65,48,128,53,68,112,101,27,61" hai1="49,32,104,16,96,51,106,29,127,2,95,97,14" hai2="64,40,9,25,87,63,67,7,35,59,81,116,52" hai3="135,57,107,76,58,134,129,30,83,41,34,133,47"/><W39/><G129/><T69/><D118/><U15/><E2/><V84/><F116/><W23/><G34/><T111/><D101/><U120/><E120/><V114/><F114/><W90/><G90/><T85/><D128/><U55/><E29/><V0/><F40/><W94/><G94/><T80/><D112/><U100/><E127/><V117/><F117/><W124/><G124/><T44/><D54/><U73/><E73/><V131/><F131/><W121/><G107/><T31/><D17/><U108/><E108/><V1/><F1/><W8/><G8/><T123/><D111/><U93/><E100/><V20/><F35/><W109/><G121/><T24/><D24/><U18/><E55/><V56/><F81/><W46/><G47/><T33/><REACH who="0" step="1"/><D123/><REACH who="0" ten="279,280,230,201" step="2"/><U5/><E32/><V21/><F67/><W89/><G109/><T78/><AGARI ba="0,1" hai="27,31,33,44,48,53,61,65,68,69,70,78,80,85" machi="78" ten="20,8000,1" yaku="1,1,2,1,0,1,7,1,53,1" doraHai="102" doraHaiUra="75" who="0" fromWho="0" sc="279,90,280,-20,230,-20,201,-40" owari="369,46.9,260,6.0,210,-19.0,161,-33.9" /></mjloggm>