<mjloggm ver="2.3"><GO type="225" lobby="0"/><UN n0="%E3%82%BC%E3%83%AB%E3%83%80%E3%81%AE%E4%BC%9D%E8%AA%AC" n1="%E5%B8%86%E7%AB%8B%E5%A4%8F%E8%A1%A3" n2="%E5%8D%A0%E3%81%84%E5%B8%AB%E8%A3%8F%E3%81%AA%E3%81%84%E3%81%97" n3="%33%74%72%65%65" dan="17,16,17,16" rate="2238.53,2165.36,2139.89,2223.78" sx="M,M,M,F"/><TAIKYOKU oya="0"/><INIT seed="0,0,0,2,1,76" ten="250,250,250,250" oya="0" hai0="48,80,17,62,50,24,69,34,26,52,124,57,114" hai1="21,41,9,51,111,96,103,70,36,107,1,131,120" hai2="30,122,59,16,2,110,44,94,100,87,20,58,15" hai3="106,42,18,135,85,31,53,49,7,89,45,113,66"/><T115/><D124/><U3/><E120/><V101/><F122/><W38/><G113/><T92/><D115/><U104/><E36/><V61/><F2/><W4/><G135/><T28/><D114/><U125/><E111/><V13/><F110/><W74/><G106/><T67/><D92/><U134/><E131/><V37/><F30/><W123/><G123/><T126/><D126/><U112/><E70/><V133/><F133/><W72/><G31/><T68/><D80/><U86/><E107/><V84/><F37/><W29/><G29/><T118/><D118/><U32/><E32/><V121/><F44/><W65/><G74/><T6/><D6/><N who="3" m="2089" /><G72/><T47/><REACH who="0" step="1"/><D50/><REACH who="0" ten="240,250,250,250" step="2"/><U25/><E125/><V132/><F121/><W108/><G38/><T46/><D46/><U71/><E112/><V22/><F132/><W0/><G108/><T81/><D81/><U43/><E134/><V90/><F94/><N who="3" m="54575" /><G0/><T5/><D5/><U19/><E1/><V63/><F90/><W64/><G18/><AGARI ba="0,1" hai="13,15,16,18,20,22,58,59,61,63,84,87,100,101" machi="18" ten="25,6400,0" yaku="22,2,8,1,54,1" doraHai="76" who="2" fromWho="3" sc="240,0,250,0,250,74,250,-64" /><INIT seed="1,0,0,5,4,62" ten="240,250,324,186" oya="1" hai0="98,78,101,115,9,69,53,129,99,38,131,72,65" hai1="1,127,17,42,29,13,55,128,132,46,102,54,77" hai2="10,74,67,41,107,86,97,103,135,104,63,118,0" hai3="49,116,51,12,73,61,119,2,27,8,11,16,43"/><U120/><E120/><V92/><F118/><N who="3" m="45099" /><G73/><T23/><D115/><U36/><E1/><V6/><F135/><W75/><G75/><T93/><D38/><U25/><E132/><V30/><F74/><W121/><G121/><T33/><D33/><U19/><E127/><V123/><F123/><W96/><G43/><T58/><D23/><U40/><E128/><N who="0" m="49225" /><D9/><U122/><E77/><V100/><F41/><W76/><G76/><T50/><D98/><U60/><E122/><V71/><F30/><W109/><G109/><T57/><D69/><U20/><E40/><V34/><F34/><W80/><G80/><N who="0" m="45127" /><D58/><U113/><E113/><V82/><REACH who="2" step="1"/><F103/><REACH who="2" ten="240,250,314,186" step="2"/><W48/><G27/><T124/><D124/><U84/><E102/><V91/><AGARI ba="0,1" hai="0,6,10,63,67,71,82,86,91,92,97,100,104,107" machi="91" ten="20,8000,1" yaku="1,1,2,1,0,1,7,1,52,1,53,0" doraHai="62" doraHaiUra="21" who="2" fromWho="2" sc="240,-20,250,-40,314,90,186,-20" /><INIT seed="2,0,0,4,3,68" ten="220,210,404,166" oya="2" hai0="46,53,120,21,51,88,35,90,14,75,81,78,74" hai1="7,84,66,135,3,109,17,67,4,42,32,133,65" hai2="97,76,72,62,11,56,45,79,63,111,119,124,126" hai3="80,129,22,41,89,61,40,44,96,8,100,47,29"/><V101/><F119/><W27/><G129/><T30/><D120/><U128/><E3/><V104/><F62/><W58/><G8/><T12/><D75/><U85/><E32/><V18/><F72/><W92/><G40/><T108/><D108/><U2/><E109/><V118/><F118/><W50/><G44/><T121/><D121/><U31/><E31/><V55/><F111/><W134/><G134/><N who="1" m="51210" /><E128/><V60/><F60/><W64/><G89/><T19/><REACH who="0" step="1"/><D14/><REACH who="0" ten="210,210,404,166" step="2"/><U15/><E2/><V16/><F124/><W83/><AGARI ba="0,1" hai="22,27,29,41,47,50,58,61,64,80,83,92,96,100" machi="83" ten="30,7900,0" yaku="0,1,25,2,8,1" doraHai="68" who="3" fromWho="3" sc="210,-20,210,-20,404,-39,166,89" /><INIT seed="3,0,0,3,2,106" ten="190,190,365,255" oya="3" hai0="110,47,125,7,11,24,37,101,51,27,98,96,118" hai1="88,10,39,35,77,8,42,84,30,49,74,126,31" hai2="50,16,128,76,4,86,68,62,92,28,134,63,105" hai3="111,130,97,29,0,56,95,45,109,112,25,41,100"/><W67/><G112/><T48/><D118/><U52/><E126/><V53/><F105/><W120/><G120/><T93/><D125/><U40/><E39/><V18/><F128/><W89/><G0/><T22/><D110/><U85/><E74/><V133/><F28/><N who="1" m="10793" /><E35/><V33/><F4/><W83/><G130/><T123/><D123/><U70/><E70/><V104/><F104/><W94/><G83/><T20/><D37/><U64/><E64/><V5/><F5/><W59/><G67/><T55/><D98/><U73/><E73/><V9/><F33/><W102/><G59/><N who="0" m="33255" /><D11/><N who="1" m="4139" /><E77/><V122/><F122/><W135/><G111/><T69/><D7/><U91/><E85/><V131/><F131/><W79/><G97/><T1/><D1/><U82/><E91/><N who="2" m="53367" /><F76/><W66/><G79/><T121/><D69/><U15/><E15/><N who="2" m="7279" /><F18/><W71/><G71/><T60/><D121/><U54/><E54/><V115/><F115/><W61/><G109/><T129/><D129/><U80/><E80/><V2/><F2/><W75/><G75/><T13/><D13/><U116/><E116/><V119/><F119/><W26/><G66/><T57/><D27/><U72/><E72/><V78/><F78/><W46/><G25/><T43/><D24/><U127/><E127/><V14/><F14/><W65/><G26/><T6/><D6/><U34/><E34/><V124/><F124/><W23/><G65/><AGARI ba="0,0" hai="20,22,43,47,51,57,60,65,93,96,101" m="33255" machi="65" ten="30,1000,0" yaku="8,1" doraHai="106" who="0" fromWho="3" sc="190,10,190,0,365,0,255,-10" owari="200,-20.0,190,-31.0,365,46.5,245,4.5" /></mjloggm>