<mjloggm ver="2.3"><GO type="225" lobby="0"/><UN n0="%4C%4F%4C%49%54%41" n1="%72%69%6F%75%63%68%61%6E" n2="%E3%83%97%E3%83%AC%E3%83%B4%E3%82%A1%E3%83%86%E3%82%A3" n3="%28%EF%BF%A3%E2%96%BD%EF%BF%A3%29%CE%B4%E2%8C%92%E3%83%BB" dan="16,17,16,16" rate="2176.38,2228.34,2136.41,2144.52" sx="F,M,F,M"/><TAIKYOKU oya="0"/><INIT seed="0,0,0,5,0,40" ten="250,250,250,250" oya="0" hai0="18,25,2,93,67,62,82,98,51,94,88,37,109" hai1="7,130,28,90,30,105,92,35,128,6,12,101,135" hai2="45,112,134,65,125,123,11,107,76,131,9,118,31" hai3="87,60,114,70,68,110,5,95,63,33,20,48,85"/><T23/><D37/><U113/><E135/><V58/><F112/><W13/><G33/><T78/><D109/><U96/><E113/><V77/><F123/><W80/><G114/><T71/><D2/><U97/><E12/><V56/><F134/><W16/><G110/><T42/><D42/><U54/><E54/><V14/><F118/><W41/><G70/><T75/><D93/><U47/><E47/><V1/><F107/><W73/><G68/><T64/><D51/><U79/><E79/><V53/><F125/><W103/><G73/><T74/><REACH who="0" step="1"/><D67/><REACH who="0" ten="240,250,250,250" step="2"/><U102/><E102/><V83/><F65/><W89/><G103/><T86/><AGARI ba="0,1" hai="18,23,25,62,64,71,74,75,78,82,86,88,94,98" machi="86" ten="20,12000,1" yaku="1,1,2,1,0,1,7,1,54,1,53,0" doraHai="40" doraHaiUra="46" who="0" fromWho="0" sc="240,130,250,-40,250,-40,250,-40" /><INIT seed="0,1,0,3,1,23" ten="370,210,210,210" oya="0" hai0="36,12,50,120,77,35,64,91,75,73,40,56,13" hai1="57,18,106,71,60,24,21,104,121,90,83,131,66" hai2="99,118,37,47,30,22,86,79,92,74,82,14,128" hai3="89,116,49,34,0,95,124,68,126,39,81,48,31"/><T33/><D120/><U98/><E131/><V42/><F128/><W6/><G39/><T133/><D36/><U25/><E121/><V7/><F118/><W114/><G68/><T103/><D103/><U102/><E71/><V3/><F86/><W46/><G116/><T132/><D91/><U111/><E111/><V54/><F54/><W101/><G114/><T4/><D64/><U108/><E108/><V87/><F87/><W28/><G81/><T63/><D50/><U129/><E129/><V45/><F45/><W53/><G101/><T58/><D63/><U112/><E112/><V93/><F99/><W43/><G34/><T109/><D109/><U72/><E90/><V38/><F38/><W1/><G31/><T135/><D40/><U51/><E51/><V20/><F14/><N who="0" m="5738" /><D4/><U100/><E100/><V76/><F76/><W19/><G28/><T105/><D105/><U10/><E10/><V16/><F30/><W96/><G19/><T88/><D88/><U44/><E44/><V59/><F59/><N who="0" m="22570" /><D77/><U8/><E8/><N who="2" m="2175" /><F16/><W130/><G130/><T78/><D78/><N who="1" m="44487" /><E106/><V123/><F123/><W67/><G67/><T94/><D94/><AGARI ba="1,0" hai="20,22,37,42,47,74,79,82,92,93,94" m="2175" machi="94" ten="30,1000,0" yaku="25,1" doraHai="23" who="2" fromWho="0" sc="370,-13,210,0,210,13,210,0" /><INIT seed="1,0,0,3,2,23" ten="357,210,223,210" oya="1" hai0="70,16,14,90,57,93,44,28,105,72,96,92,89" hai1="54,69,103,58,12,48,17,112,62,61,18,45,41" hai2="20,111,100,55,109,129,43,125,71,49,135,84,66" hai3="101,134,10,132,102,27,56,98,47,130,31,19,4"/><U121/><E112/><V2/><F2/><W79/><G130/><T13/><D70/><U25/><E121/><V38/><F100/><W15/><G79/><T42/><D72/><U35/><E103/><V21/><F125/><W77/><G77/><T33/><D105/><U106/><E106/><V123/><F129/><W11/><G47/><T97/><D57/><U3/><E3/><V68/><F84/><W120/><G120/><T82/><D82/><U30/><REACH who="1" step="1"/><E12/><REACH who="1" ten="357,200,223,210" step="2"/><V5/><F123/><W110/><G101/><T128/><D128/><U116/><E116/><V81/><F135/><W67/><G134/><T122/><D122/><U131/><E131/><V46/><F81/><W40/><G132/><T85/><D13/><U52/><E52/><V73/><F73/><W50/><G40/><T51/><D14/><U53/><E53/><V114/><F114/><W59/><G15/><T80/><D80/><U117/><E117/><V107/><F107/><W113/><G102/><T91/><D42/><U75/><E75/><V8/><F5/><W34/><G4/><T95/><D92/><U108/><E108/><N who="2" m="41547" /><F8/><W86/><G10/><T60/><D95/><U74/><E74/><V65/><F20/><W127/><G11/><T24/><D93/><U94/><E94/><V9/><F21/><W118/><G113/><T99/><D85/><U37/><E37/><V87/><F87/><W63/><G86/><T22/><D22/><U64/><AGARI ba="0,1" hai="17,18,25,30,35,41,45,48,54,58,61,62,64,69" machi="64" ten="30,6000,0" yaku="1,1,0,1,52,1,53,0" doraHai="23" doraHaiUra="104" who="1" fromWho="1" sc="357,-20,200,70,223,-20,210,-20" /><INIT seed="1,1,0,5,5,30" ten="337,270,203,190" oya="1" hai0="18,111,128,31,101,92,81,69,7,90,77,104,3" hai1="97,115,15,74,60,73,33,108,110,21,45,68,88" hai2="126,125,42,99,95,100,129,12,13,59,112,66,132" hai3="0,131,58,25,122,40,63,27,41,83,130,50,44"/><U35/><E115/><V103/><F112/><W116/><G0/><T46/><D69/><U26/><E15/><V4/><F132/><W2/><G2/><T105/><D111/><N who="1" m="42539" /><E45/><V5/><F42/><W80/><G122/><T56/><D128/><N who="3" m="49193" /><G41/><T8/><D101/><U39/><E39/><V38/><F38/><W61/><G116/><T34/><D46/><U37/><E37/><V87/><F129/><W76/><G80/><T51/><D18/><N who="1" m="12599" /><E68/><V52/><F66/><N who="3" m="39223" /><G63/><T70/><D70/><U79/><E60/><N who="2" m="35943" /><F103/><W10/><G10/><T114/><D114/><U11/><E11/><V78/><F125/><W113/><G113/><T22/><D8/><U85/><E97/><V16/><F126/><W106/><G106/><T86/><D3/><U48/><E48/><V23/><F12/><W6/><G6/><T120/><D7/><U82/><E73/><AGARI ba="1,0" hai="25,27,40,44,50,73,76,83" m="39223,49193" machi="73" ten="30,1000,0" yaku="19,1" doraHai="30" who="3" fromWho="1" sc="337,0,270,-13,203,0,190,13" /><INIT seed="2,0,0,3,5,40" ten="337,257,203,203" oya="2" hai0="122,110,15,43,113,111,74,133,130,119,27,80,69" hai1="50,109,73,98,61,30,45,121,62,90,12,58,116" hai2="107,49,71,112,104,117,47,57,124,46,128,132,96" hai3="42,115,54,39,26,38,114,52,95,66,59,18,134"/><V101/><F112/><N who="3" m="43051" /><G134/><T11/><D113/><U83/><E116/><V78/><F117/><W87/><G66/><T120/><D119/><U25/><E109/><N who="0" m="41481" /><D69/><U85/><E121/><V88/><F71/><W102/><G42/><T64/><D64/><U19/><E73/><V37/><F132/><W22/><G54/><T36/><D130/><U2/><E2/><V56/><F128/><W9/><G9/><T0/><D0/><U126/><E126/><V8/><F124/><W131/><G131/><T5/><D27/><U1/><E1/><V67/><F78/><W34/><G34/><T91/><D133/><U65/><E98/><V51/><F37/><W4/><G4/><T29/><D29/><U24/><E62/><V35/><F35/><W10/><G10/><T127/><D127/><U63/><E61/><V41/><F67/><W129/><G129/><T14/><D14/><U103/><E103/><V48/><F41/><W3/><G3/><T31/><D91/><U21/><E30/><V86/><F8/><W92/><G87/><T123/><D31/><U99/><E99/><V72/><F72/><W93/><G102/><T60/><D43/><AGARI ba="0,0" hai="12,19,21,24,25,43,45,50,58,63,65,83,85,90" machi="43" ten="30,3900,0" yaku="7,1,8,1,52,1" doraHai="40" who="1" fromWho="0" sc="337,-39,257,39,203,0,203,0" /><INIT seed="3,0,0,1,4,106" ten="298,296,203,203" oya="3" hai0="121,119,9,56,107,68,100,116,1,58,29,114,33" hai1="69,30,17,101,84,97,109,122,20,134,62,48,54" hai2="43,95,51,41,4,71,14,81,35,34,124,123,37" hai3="8,12,126,28,13,0,57,120,110,47,16,6,93"/><W89/><G120/><T31/><D121/><U76/><E122/><V102/><F123/><RYUUKYOKU type="kaze4" ba="0,0" sc="298,0,296,0,203,0,203,0" /><INIT seed="3,1,0,1,5,30" ten="298,296,203,203" oya="3" hai0="50,82,26,129,37,127,135,80,51,0,61,84,117" hai1="70,58,36,119,18,93,43,86,131,13,27,3,78" hai2="16,57,120,126,68,111,121,53,107,76,90,39,108" hai3="65,5,130,59,28,20,56,25,33,15,64,114,87"/><W17/><G130/><T132/><D117/><U118/><E3/><V9/><F107/><W103/><G114/><T97/><D37/><U71/><E131/><V22/><F39/><W75/><G75/><T83/><D129/><U67/><E27/><N who="2" m="14791" /><F68/><W23/><G103/><T101/><D0/><U54/><E67/><N who="3" m="25674" /><G33/><T110/><D110/><N who="2" m="42026" /><F76/><W88/><G5/><T77/><D61/><U128/><E128/><V125/><F9/><W94/><AGARI ba="1,0" hai="15,17,20,23,25,28,56,59,87,88,94" m="25674" machi="94" ten="30,3000,0" yaku="8,1,54,1" doraHai="30" who="3" fromWho="3" sc="298,-11,296,-11,203,-11,203,33" /><INIT seed="3,2,0,0,5,114" ten="287,285,192,236" oya="3" hai0="124,110,111,21,7,121,74,55,102,1,4,57,37" hai1="48,109,42,35,126,63,58,85,10,3,54,80,79" hai2="105,134,116,69,95,22,50,19,23,47,39,103,120" hai3="30,91,29,46,31,122,92,52,62,90,12,32,15"/><W43/><G32/><T64/><D121/><U27/><E109/><N who="0" m="41481" /><D37/><U70/><E126/><V41/><F120/><W117/><G117/><T96/><D74/><U81/><E70/><V2/><F69/><W59/><G122/><T16/><D64/><U68/><E68/><V67/><F67/><W25/><G25/><N who="0" m="14503" /><D1/><U45/><E81/><V132/><F2/><W115/><G115/><T104/><D124/><U0/><REACH who="1" step="1"/><E10/><REACH who="1" ten="287,275,192,236" step="2"/><V75/><F75/><W56/><G56/><T20/><D20/><U97/><E97/><V40/><F23/><W65/><G65/><T44/><D44/><U76/><E76/><V129/><F129/><W61/><G46/><T73/><D73/><U83/><E83/><V108/><F108/><W49/><G59/><T14/><D14/><U84/><E84/><V135/><F39/><W17/><G15/><T60/><AGARI ba="2,1" hai="4,7,55,57,60,96,102,104" m="14503,41481" machi="60" ten="30,2000,0" yaku="14,1,54,1" doraHai="114" who="0" fromWho="0" sc="287,36,275,-7,192,-7,236,-12" owari="323,42.3,268,6.8,185,-31.5,224,-17.6" /></mjloggm>