<mjloggm ver="2.3"><GO type="225" lobby="0"/><UN n0="%74%61%6B%75%61%6B%61" n1="%77%72%77%72%77%72%77%72" n2="%E3%81%B5%E3%81%98%E3%81%8B%E3%81%A4" n3="%E6%B8%A9%E2%98%85%E6%83%85%E2%98%85%E6%8E%AA%E2%98%85%E7%BD%AE" dan="16,17,16,17" rate="2154.46,2233.75,2206.42,2225.02" sx="M,M,M,M"/><TAIKYOKU oya="0"/><INIT seed="0,0,0,4,2,41" ten="250,250,250,250" oya="0" hai0="28,98,39,67,19,120,88,26,8,61,86,80,95" hai1="75,101,4,30,18,50,56,42,70,10,31,62,93" hai2="103,119,45,21,27,102,20,74,0,108,48,96,46" hai3="35,17,24,66,15,128,82,40,33,57,107,106,123"/><T110/><D120/><U36/><E75/><V60/><F74/><W129/><G123/><T11/><D110/><U6/><E36/><V81/><F0/><W133/><G133/><T90/><D39/><U71/><E71/><V94/><F108/><W114/><G114/><T44/><D19/><U2/><E70/><V79/><F119/><W126/><G126/><T85/><D98/><U92/><E4/><V65/><F48/><W69/><G69/><T112/><D112/><U111/><E111/><V91/><F20/><W63/><G40/><T117/><D117/><U122/><E122/><V47/><F79/><W22/><G82/><T99/><D44/><N who="1" m="25879" /><E6/><V38/><F81/><W55/><G66/><T125/><D125/><U16/><E2/><V7/><F7/><W13/><G13/><T23/><REACH who="0" step="1"/><D99/><REACH who="0" ten="240,250,250,250" step="2"/><N who="1" m="59623" /><E18/><N who="2" m="12727" /><F38/><W53/><G17/><T89/><D89/><U68/><E93/><V59/><AGARI ba="0,1" hai="45,46,47,59,60,65,91,94,96,102,103" m="12727" machi="59" ten="30,7900,0" yaku="8,1,52,3" doraHai="41" who="2" fromWho="2" sc="240,-39,250,-20,250,89,250,-20" /><INIT seed="1,0,0,5,1,6" ten="201,230,339,230" oya="1" hai0="46,101,18,97,68,87,59,132,95,82,41,70,26" hai1="121,123,115,117,104,31,79,37,118,2,60,62,5" hai2="90,127,93,29,21,111,129,83,51,112,43,122,71" hai3="65,120,28,125,44,57,124,108,75,77,20,63,110"/><U72/><E37/><V15/><F122/><W49/><G75/><T85/><D132/><U64/><E104/><V91/><F71/><W69/><G77/><T107/><D107/><U50/><E50/><V89/><F111/><N who="3" m="42539" /><G20/><T92/><D59/><U134/><E115/><V19/><F127/><N who="3" m="48715" /><G28/><T80/><D92/><U17/><E31/><V10/><F129/><W116/><G120/><T33/><D85/><U113/><E134/><V56/><F83/><W105/><G105/><T88/><D80/><N who="1" m="45159" /><E113/><V8/><F29/><W126/><N who="3" m="48723" /><W135/><DORA hai="42" /><G135/><T66/><D33/><U100/><E123/><V119/><F112/><W106/><G106/><T131/><D131/><U12/><E121/><V99/><F119/><W102/><G102/><T39/><REACH who="0" step="1"/><D66/><REACH who="0" ten="191,230,339,230" step="2"/><U133/><E64/><V130/><F130/><W58/><G116/><T76/><D76/><U9/><E133/><V23/><F56/><W53/><AGARI ba="0,1" hai="44,49,53,57,58,63,65,69" m="48723,42539" machi="53" ten="50,8000,1" yaku="14,1,18,1,34,2,52,1" doraHai="6,42" who="3" fromWho="3" sc="191,-20,230,-40,339,-20,230,90" /><INIT seed="2,0,0,0,2,31" ten="171,190,319,320" oya="2" hai0="41,64,30,127,29,134,131,81,44,115,58,110,23" hai1="87,22,106,27,48,39,40,11,91,109,98,114,54" hai2="47,50,1,90,17,19,69,45,92,125,52,42,74" hai3="9,116,96,129,38,112,111,79,95,84,113,4,124"/><V128/><F74/><W16/><G116/><T83/><D115/><N who="3" m="44105" /><G111/><T126/><D110/><U49/><E109/><V28/><F1/><N who="3" m="143" /><G38/><T60/><D131/><U59/><E39/><V62/><F128/><W65/><G65/><T7/><D7/><U89/><E11/><V37/><F125/><N who="0" m="47626" /><D134/><U132/><E132/><V76/><F76/><W94/><G124/><T121/><D121/><U100/><E114/><V13/><F28/><N who="0" m="10858" /><D23/><U72/><E72/><V66/><REACH who="2" step="1"/><F13/><REACH who="2" ten="171,190,309,320" step="2"/><W8/><G129/><T78/><D78/><U6/><E27/><V82/><F82/><N who="3" m="47199" /><G96/><AGARI ba="0,1" hai="17,19,37,42,45,47,50,52,62,66,69,90,92,96" machi="96" ten="30,11600,0" yaku="1,1,7,1,54,1,53,1" doraHai="31" doraHaiUra="88" who="2" fromWho="3" sc="171,0,190,0,309,126,320,-116" /><INIT seed="2,1,0,5,2,114" ten="171,190,435,204" oya="2" hai0="128,94,37,103,50,98,131,5,112,30,69,3,104" hai1="4,129,40,86,109,76,2,72,6,26,15,27,42" hai2="97,120,32,36,45,41,60,99,65,48,70,61,14" hai3="118,134,95,57,115,20,18,108,33,79,51,1,81"/><V75/><F120/><W77/><G115/><T130/><D37/><U89/><E2/><V80/><F32/><W24/><G118/><T85/><D112/><U92/><E109/><V71/><F14/><W10/><G108/><T96/><D69/><U53/><E129/><N who="0" m="33025" /><T113/><DORA hai="0" /><D113/><U12/><E76/><V124/><F124/><W107/><G107/><T88/><D30/><U133/><E72/><V132/><F132/><W47/><G134/><T127/><D127/><U43/><E133/><V25/><F25/><N who="1" m="9225" /><E53/><V105/><F48/><W73/><G77/><T16/><D50/><U123/><E123/><V46/><F46/><W93/><G57/><T13/><D3/><U83/><E83/><V90/><F99/><W68/><G68/><T100/><D5/><AGARI ba="1,0" hai="4,5,6,12,15,40,42,43,86,89,92" m="9225" machi="5" ten="30,7700,0" yaku="8,1,52,3" doraHai="114,0" who="1" fromWho="0" sc="171,-80,190,80,435,0,204,0" /><INIT seed="3,0,0,0,1,85" ten="91,270,435,204" oya="3" hai0="36,106,40,21,121,55,39,49,18,76,35,9,104" hai1="134,12,133,58,31,96,108,120,101,81,52,62,116" hai2="75,70,117,107,89,118,71,66,48,98,46,59,63" hai3="15,80,53,135,110,10,42,26,87,19,126,65,82"/><W132/><G126/><T33/><D121/><U47/><E120/><V0/><F75/><W5/><G110/><T123/><D123/><U100/><E108/><V112/><F0/><W128/><G128/><T43/><D9/><U2/><E2/><V131/><F107/><W4/><G65/><T74/><D74/><U68/><E31/><V56/><F98/><W125/><G125/><T3/><D3/><U69/><E116/><V130/><F89/><N who="3" m="51431" /><G42/><T109/><D76/><U61/><E81/><V50/><F112/><W20/><G82/><T28/><D28/><U93/><E47/><V79/><F79/><W102/><G102/><T57/><D109/><U24/><E24/><V124/><F124/><W105/><G105/><T92/><D106/><U114/><E101/><V67/><F46/><W32/><G32/><T129/><D104/><U90/><E100/><V88/><F63/><W11/><G53/><T72/><D72/><U115/><E12/><V78/><F78/><W8/><G15/><T34/><D129/><U103/><E103/><V122/><F88/><W25/><G25/><T73/><D73/><U27/><E27/><V99/><F99/><W127/><G127/><T17/><D36/><U95/><E95/><V51/><F51/><W113/><G113/><N who="1" m="43018" /><E62/><V23/><F122/><W37/><G37/><T83/><D39/><U91/><E91/><V54/><F54/><W41/><G11/><T38/><D38/><U86/><E86/><V1/><F1/><W14/><G10/><T77/><D92/><U60/><E93/><V7/><F23/><W16/><G20/><RYUUKYOKU ba="0,0" sc="91,-10,270,-10,435,30,204,-10" hai2="7,48,50,56,59,66,67,70,71,117,118,130,131" owari="81,-41.9,260,6.0,465,56.5,194,-20.6" /></mjloggm>