<mjloggm ver="2.3"><GO type="225" lobby="0"/><UN n0="%E3%81%82%E3%83%BC%E3%81%97" n1="%E3%81%8B%E3%82%8F%E3%81%A1%E3%82%83%E3%82%93%35%38" n2="%72%61%6B%33" n3="%E3%81%9F%E3%81%93%E2%98%86%E7%84%BC%E3%81%8D" dan="16,16,16,16" rate="2097.86,2117.87,2149.22,2118.71" sx="M,M,M,M"/><TAIKYOKU oya="0"/><INIT seed="0,0,0,0,4,33" ten="250,250,250,250" oya="0" hai0="83,22,90,3,40,34,65,42,88,97,7,43,96" hai1="105,64,0,67,130,13,37,4,102,77,123,133,11" hai2="100,135,24,93,114,115,131,132,38,72,44,49,74" hai3="116,126,84,15,81,52,82,107,54,6,98,59,32"/><T46/><D34/><U12/><E123/><V91/><F38/><W119/><G32/><T14/><D65/><U61/><E37/><V87/><F24/><W118/><G126/><T80/><D46/><U73/><E133/><N who="2" m="51275" /><F49/><W53/><G107/><T18/><D7/><U50/><E130/><V70/><F44/><W60/><G98/><N who="0" m="37995" /><D3/><U2/><E105/><V79/><F70/><W75/><G75/><N who="2" m="28713" /><F131/><W58/><G84/><T48/><D48/><U124/><E102/><V45/><F45/><W51/><REACH who="3" step="1"/><G53/><REACH who="3" ten="250,250,250,240" step="2"/><T101/><D101/><U35/><E35/><V89/><F100/><W5/><G5/><T41/><N who="0" m="10240" /><DORA hai="117" /><T23/><D23/><U121/><E4/><V103/><F103/><W55/><G55/><T8/><D22/><U66/><E124/><V108/><F79/><W68/><G68/><T120/><D120/><U10/><E73/><V111/><F89/><AGARI ba="0,1" hai="8,14,18,80,83,88,89,90" m="10240,37995" machi="89" ten="40,3900,0" yaku="8,1,54,1" doraHai="33,117" who="0" fromWho="2" sc="250,49,250,0,250,-39,240,0" /><INIT seed="0,1,0,3,2,6" ten="299,250,211,240" oya="0" hai0="53,3,23,131,2,24,93,98,58,49,107,4,56" hai1="128,97,117,70,113,86,77,126,127,60,16,44,125" hai2="8,41,42,29,17,33,32,99,12,104,130,65,5" hai3="34,63,52,84,90,48,106,9,7,27,11,100,57"/><T35/><D107/><U79/><E117/><V95/><F130/><W13/><G100/><T36/><D36/><U124/><E128/><V75/><F75/><W18/><G106/><T21/><D131/><U72/><E72/><V91/><F104/><W47/><G27/><T103/><D35/><U92/><E113/><V133/><F133/><W94/><G34/><T80/><D23/><U83/><N who="1" m="31744" /><DORA hai="22" /><U114/><E114/><V54/><F65/><W112/><G112/><T105/><D4/><U120/><E120/><V76/><F76/><W122/><G122/><T108/><D108/><U26/><E44/><V110/><F32/><W38/><G38/><T0/><D80/><U40/><E40/><V129/><F110/><W132/><G132/><T20/><D105/><U111/><E111/><V73/><F73/><W37/><G37/><T51/><D24/><U31/><E79/><V25/><F129/><W121/><G121/><T39/><D39/><U115/><E115/><V62/><REACH who="2" step="1"/><F5/><REACH who="2" ten="299,250,201,240" step="2"/><W102/><G7/><T14/><D14/><U1/><E77/><V19/><F19/><W50/><G18/><T135/><D135/><U71/><E16/><V89/><F89/><W43/><G13/><T134/><D134/><U78/><E78/><V109/><F109/><W59/><G102/><T123/><D123/><U88/><E88/><V116/><F116/><W30/><G30/><T101/><D103/><U69/><E31/><V119/><F119/><W87/><G87/><T61/><D58/><AGARI ba="1,1" hai="8,12,17,25,29,33,41,42,54,58,62,91,95,99" machi="58" ten="40,5200,0" yaku="1,1,52,2,53,0" doraHai="6,22" doraHaiUra="96,81" who="2" fromWho="0" sc="299,-55,250,0,201,65,240,0" /><INIT seed="1,0,0,4,1,65" ten="244,250,266,240" oya="1" hai0="39,77,93,25,33,127,64,2,130,125,120,113,28" hai1="30,66,1,92,37,0,43,99,61,36,129,42,54" hai2="116,100,70,16,86,81,88,128,49,101,85,118,8" hai3="18,108,71,90,111,62,68,115,109,107,79,124,60"/><U31/><E54/><V123/><F70/><N who="3" m="26667" /><G115/><T96/><D113/><U87/><E87/><V52/><F123/><W3/><G3/><N who="1" m="1098" /><E92/><N who="2" m="54287" /><F118/><W4/><G4/><T83/><D39/><N who="1" m="14923" /><E66/><V95/><F116/><W57/><G107/><T134/><D2/><U15/><E15/><N who="2" m="7271" /><F95/><W13/><G124/><N who="0" m="47691" /><D64/><U26/><E26/><V119/><F128/><W40/><G40/><N who="1" m="15402" /><E61/><V58/><F119/><W41/><G41/><T91/><D130/><U67/><E67/><V131/><F131/><W121/><G121/><T14/><D120/><U94/><E94/><V102/><F102/><W132/><G90/><AGARI ba="0,0" hai="49,52,58,81,86,90,100,101" m="7271,54287" machi="90" ten="30,7700,0" yaku="8,1,54,3" doraHai="65" who="2" fromWho="3" sc="244,0,250,0,266,77,240,-77" /><INIT seed="2,0,0,0,0,12" ten="244,250,343,163" oya="2" hai0="13,5,133,24,107,47,20,7,36,45,54,127,32" hai1="35,126,37,43,92,52,18,76,101,15,60,21,78" hai2="79,31,61,14,129,34,57,29,19,53,102,131,64" hai3="89,120,134,1,93,132,85,9,99,124,50,135,40"/><V51/><F79/><N who="1" m="30249" /><E37/><V69/><F102/><N who="3" m="60783" /><G1/><T62/><D107/><U123/><E35/><V86/><F86/><W59/><G9/><T110/><D32/><U27/><E126/><V111/><F111/><W80/><G40/><T55/><D110/><U33/><E33/><V77/><F77/><N who="3" m="46223" /><G50/><T39/><D127/><U88/><E123/><V104/><F104/><W94/><G59/><N who="0" m="35191" /><D133/><N who="3" m="34049" /><W128/><DORA hai="11" /><G124/><T42/><D39/><U106/><E106/><V65/><F65/><W22/><G22/><T105/><D105/><U113/><E43/><V96/><F34/><W83/><G120/><T95/><D42/><U71/><E71/><V30/><REACH who="2" step="1"/><F96/><REACH who="2" ten="244,250,333,163" step="2"/><N who="3" m="57423" /><G83/><T49/><D36/><U98/><E101/><V114/><F114/><W46/><G46/><T125/><D47/><U108/><E113/><V70/><F70/><W8/><G8/><AGARI ba="0,1" hai="8,14,19,29,30,31,51,53,57,61,64,69,129,131" machi="8" ten="40,7700,0" yaku="1,1,52,2,53,0" doraHai="12,11" doraHaiUra="122,3" who="2" fromWho="3" sc="244,0,250,0,333,87,163,-77" /><INIT seed="2,1,0,3,2,93" ten="244,250,420,86" oya="2" hai0="43,109,134,0,53,129,64,59,3,16,118,27,89" hai1="1,100,15,132,19,97,79,76,31,88,74,35,124" hai2="7,126,84,127,8,58,26,12,102,50,70,6,71" hai3="24,20,121,104,38,30,75,128,25,101,29,130,28"/><V90/><F6/><W98/><G38/><T32/><D109/><U116/><E116/><V62/><F50/><W44/><G75/><T122/><D122/><U114/><E114/><V123/><F26/><W82/><G121/><T23/><D134/><U42/><E1/><V135/><F123/><W73/><G44/><T52/><D118/><U115/><E115/><V105/><F135/><W10/><G10/><T77/><D32/><U72/><E132/><V11/><F11/><W68/><G68/><T41/><D77/><U78/><E124/><N who="2" m="47659" /><F102/><W45/><G45/><T37/><D129/><N who="3" m="49769" /><G73/><T63/><D37/><U65/><E74/><V40/><F105/><W4/><G82/><T55/><REACH who="0" step="1"/><D89/><REACH who="0" ten="234,250,420,86" step="2"/><U87/><E88/><V125/><F125/><W18/><G4/><T95/><D95/><U96/><E78/><V92/><F7/><W47/><G47/><T111/><D111/><U113/><E79/><V117/><F92/><W51/><G51/><T46/><D46/><U57/><E76/><V80/><F90/><W17/><G17/><T33/><D33/><AGARI ba="1,1" hai="18,20,24,25,28,29,30,33,98,101,104" m="49769" machi="33" ten="30,2000,0" yaku="19,1,52,1" doraHai="93" who="3" fromWho="0" sc="234,-23,250,0,420,0,86,33" /><INIT seed="3,0,0,2,2,20" ten="211,250,420,119" oya="3" hai0="38,17,133,54,67,71,56,19,40,96,28,69,127" hai1="4,94,85,60,55,34,134,70,122,39,126,81,72" hai2="120,7,30,51,100,87,11,123,131,63,117,57,102" hai3="0,6,125,113,77,118,98,31,48,44,50,45,103"/><W130/><G113/><T83/><D133/><U46/><E122/><N who="2" m="46635" /><F131/><W132/><G118/><T32/><D127/><U5/><E34/><V3/><F117/><W104/><G130/><T93/><D83/><U24/><E24/><V42/><F87/><W129/><G132/><T68/><D67/><U59/><E94/><V86/><F30/><W115/><G125/><T41/><D28/><U78/><E70/><V105/><F86/><W121/><G115/><T90/><D32/><U22/><E22/><V43/><F51/><W111/><G129/><T76/><D76/><U88/><E126/><V124/><F124/><W114/><G114/><T65/><D65/><U49/><E39/><V18/><F18/><W135/><G135/><T47/><REACH who="0" step="1"/><D41/><REACH who="0" ten="201,250,420,119" step="2"/><N who="2" m="15370" /><F105/><W64/><G64/><AGARI ba="0,1" hai="3,7,11,57,63,64,100,102" m="15370,46635" machi="64" ten="30,1000,0" yaku="13,1" doraHai="20" who="2" fromWho="3" sc="201,0,250,0,420,20,119,-10" owari="201,-19.9,250,5.0,440,54.0,109,-39.1" /></mjloggm>