<mjloggm ver="2.3"><GO type="225" lobby="0"/><UN n0="%E3%81%8B%E3%82%8F%E3%81%A1%E3%82%83%E3%82%93%35%38" n1="%72%69%6F%75%63%68%61%6E" n2="%6D%75%75%6D%75%72%61" n3="%E4%BF%BA%E3%81%A8%E5%A6%96%E5%A4%A2" dan="16,16,16,17" rate="2099.76,2171.17,2113.54,2198.44" sx="M,M,F,F"/><TAIKYOKU oya="0"/><INIT seed="0,0,0,2,3,98" ten="250,250,250,250" oya="0" hai0="83,88,109,73,133,97,51,3,6,107,100,77,103" hai1="101,17,57,65,87,130,80,132,72,4,45,16,74" hai2="8,26,38,54,5,78,28,85,37,91,50,64,108" hai3="56,24,69,21,123,62,89,114,20,68,135,127,124"/><T0/><D133/><U134/><E130/><V121/><F121/><W116/><G135/><N who="1" m="51754" /><E4/><V42/><F108/><W23/><G114/><T2/><D109/><U40/><E101/><V81/><F64/><W92/><G116/><T44/><D100/><U18/><E57/><V63/><F63/><W129/><G129/><T29/><D29/><U12/><E65/><V131/><F91/><W118/><G24/><T9/><REACH who="0" step="1"/><D88/><REACH who="0" ten="240,250,250,250" step="2"/><N who="1" m="51303" /><E12/><V31/><F131/><W53/><G118/><T119/><D119/><U67/><E67/><V39/><F78/><W47/><G123/><T70/><D70/><U82/><E82/><V125/><F81/><W61/><G69/><T110/><D110/><U25/><E25/><V1/><F26/><W22/><G68/><T95/><D95/><U15/><E15/><V76/><F1/><W36/><G92/><T66/><D66/><U35/><E35/><V94/><F94/><W32/><G32/><T13/><D13/><U59/><E59/><V112/><F76/><W49/><N who="3" m="5120" /><DORA hai="90" /><W99/><G89/><T30/><D30/><U115/><E115/><V41/><F31/><W58/><G58/><T86/><D86/><U46/><E46/><N who="2" m="27991" /><F28/><W33/><G33/><T111/><D111/><U104/><E104/><V105/><F112/><W34/><G34/><T10/><D10/><U126/><E126/><N who="3" m="48170" /><G99/><T43/><AGARI ba="0,1" hai="0,2,3,6,9,43,44,51,73,77,83,97,103,107" machi="43" ten="20,12000,1" yaku="1,1,0,1,7,1,52,1,53,1" doraHai="98,90" doraHaiUra="75,60" who="0" fromWho="0" sc="240,130,250,-40,250,-40,250,-40" /><INIT seed="0,1,0,4,2,90" ten="370,210,210,210" oya="0" hai0="97,56,25,101,82,71,69,51,96,47,0,48,110" hai1="133,135,104,124,95,62,21,65,120,6,91,119,10" hai2="45,123,131,84,26,106,44,88,50,3,79,98,92" hai3="103,36,83,1,68,40,28,35,11,32,107,126,75"/><T78/><D0/><U22/><E124/><V118/><F123/><W128/><G126/><T81/><D110/><U115/><E104/><V64/><F131/><W85/><G128/><T111/><D111/><U13/><E119/><V55/><F118/><W99/><G68/><T29/><D56/><U80/><E80/><V66/><F3/><W114/><G114/><T43/><D48/><U121/><E115/><V59/><F26/><W76/><G28/><T129/><D129/><U127/><E127/><V17/><F17/><W60/><G60/><T73/><D82/><U72/><E72/><V12/><F12/><W23/><G23/><N who="1" m="8714" /><E91/><V134/><F134/><N who="1" m="51209" /><E95/><N who="2" m="54663" /><F79/><W125/><G85/><T5/><D97/><U109/><E109/><V113/><F106/><W2/><G125/><T15/><D96/><U7/><E7/><V63/><F113/><W77/><G77/><T57/><D101/><U100/><E100/><N who="2" m="60487" /><F45/><N who="3" m="23687" /><G1/><T42/><D78/><U14/><E14/><V38/><F38/><W18/><G18/><T52/><D73/><U122/><E121/><V20/><F20/><W130/><G130/><T105/><D105/><U112/><E112/><V19/><F19/><W102/><G102/><T116/><D5/><AGARI ba="1,0" hai="2,5,11,32,35,75,76,83,99,103,107" m="23687" machi="5" ten="30,3900,0" yaku="25,1,33,2" doraHai="90" who="3" fromWho="0" sc="370,-42,210,0,210,0,210,42" /><INIT seed="1,0,0,0,3,91" ten="328,210,210,252" oya="1" hai0="75,29,5,19,62,80,43,53,15,74,133,50,51" hai1="46,109,92,129,101,44,127,115,54,23,68,55,34" hai2="7,27,58,124,116,49,31,78,81,111,86,9,77" hai3="98,2,57,107,21,3,47,22,89,97,61,96,12"/><U69/><E115/><V42/><F116/><W56/><G107/><T10/><D133/><U4/><E34/><V8/><F111/><W64/><G47/><T38/><D38/><U0/><E109/><V65/><F124/><W16/><G56/><T100/><D29/><U108/><E108/><V52/><F77/><W112/><G112/><T36/><D36/><U73/><E73/><V48/><F65/><W37/><G37/><T114/><D114/><U60/><E127/><V33/><REACH who="2" step="1"/><F7/><REACH who="2" ten="328,210,200,252" step="2"/><W105/><G105/><T84/><D5/><U88/><E4/><V99/><F99/><W66/><G64/><T26/><D75/><U131/><E129/><V95/><F95/><W117/><G117/><T106/><D74/><U30/><E131/><V130/><F130/><W90/><REACH who="3" step="1"/><G22/><REACH who="3" ten="328,210,200,242" step="2"/><T118/><D106/><U94/><E23/><V35/><F35/><W11/><G11/><T39/><D10/><U6/><E0/><AGARI ba="0,2" hai="0,2,3,12,16,21,57,61,66,89,90,96,97,98" machi="0" ten="40,2600,0" yaku="1,1,54,1,53,0" doraHai="91" doraHaiUra="120" who="3" fromWho="1" sc="328,0,210,-26,200,0,242,46" /><INIT seed="2,0,0,1,5,42" ten="328,184,200,288" oya="2" hai0="38,16,29,25,31,15,112,106,33,101,107,36,73" hai1="66,87,28,1,51,83,100,74,104,131,127,129,13" hai2="91,19,78,58,2,134,119,93,34,120,113,22,62" hai3="97,103,3,92,75,82,54,130,64,67,32,41,111"/><V96/><F113/><W26/><G3/><T18/><D73/><U94/><E127/><V47/><F119/><W37/><G111/><T17/><D112/><U114/><E114/><V24/><F120/><W77/><G130/><N who="1" m="49674" /><E1/><V0/><F134/><W90/><G54/><T40/><D15/><U21/><E66/><V108/><F108/><W117/><G117/><T126/><D126/><U72/><E104/><N who="0" m="39977" /><D40/><U45/><E94/><V11/><F34/><W76/><G76/><T43/><D43/><N who="1" m="25023" /><E100/><V56/><F2/><W6/><G103/><T105/><D101/><U7/><E28/><N who="0" m="10825" /><D25/><U20/><E20/><V63/><F0/><W14/><G26/><T79/><D105/><U71/><E71/><V57/><F11/><W44/><G32/><T27/><D27/><U121/><E121/><V98/><F98/><W10/><AGARI ba="0,0" hai="6,10,14,37,41,44,64,67,75,77,82,90,92,97" machi="10" ten="30,2000,0" yaku="0,1,52,1" doraHai="42" who="3" fromWho="3" sc="328,-5,184,-5,200,-10,288,20" /><INIT seed="3,0,0,5,3,111" ten="323,179,190,308" oya="3" hai0="43,115,61,130,95,46,86,60,32,20,83,53,6" hai1="24,17,3,73,47,5,48,71,35,117,78,66,34" hai2="14,4,80,41,44,88,87,31,69,37,126,27,22" hai3="72,67,54,85,10,96,75,33,74,106,114,11,84"/><W76/><G33/><T56/><D32/><U132/><E71/><V102/><F69/><W91/><G114/><T77/><D115/><U112/><E66/><V57/><F126/><W98/><G67/><T16/><D130/><U30/><E112/><V62/><F102/><W101/><G54/><T128/><D128/><U99/><E34/><V1/><F14/><W109/><G109/><T65/><D6/><U110/><E110/><V116/><F116/><W55/><G55/><T89/><D43/><U63/><E117/><V45/><F45/><W104/><G10/><T123/><D123/><U38/><E63/><V49/><F4/><W93/><G11/><T50/><D61/><U108/><E108/><V103/><F103/><N who="3" m="62567" /><G84/><N who="0" m="52647" /><D16/><U26/><E132/><V79/><F1/><W0/><G0/><T40/><D40/><N who="1" m="22935" /><E48/><V127/><F127/><W81/><AGARI ba="0,0" hai="72,74,75,76,81,85,91,93,98,101,106" m="62567" machi="81" ten="30,18000,2" yaku="24,1,35,5" doraHai="111" who="3" fromWho="3" sc="323,-60,179,-60,190,-60,308,180" owari="263,6.3,119,-38.1,130,-27.0,488,58.8" /></mjloggm>