<mjloggm ver="2.3"><GO type="225" lobby="0"/><UN n0="%E3%81%B2%E3%81%AA%E3%81%AE%E3%82%8A%E3%81%8F" n1="%43%68%65" n2="%E9%87%8E%E3%80%85%E5%AE%AE%E8%97%8D" n3="%E9%81%85%E5%88%BB%E3%81%AE%E3%83%97%E3%83%AA%E3%83%B3%E3%82%B9%E2%99%AA" dan="16,16,17,16" rate="2193.26,2158.05,2158.80,2166.88" sx="M,M,F,F"/><TAIKYOKU oya="0"/><INIT seed="0,0,0,1,2,18" ten="250,250,250,250" oya="0" hai0="126,0,133,38,65,102,104,114,2,87,108,27,24" hai1="32,86,54,96,93,12,68,132,36,127,128,135,4" hai2="82,11,7,112,67,21,84,89,107,119,97,80,62" hai3="113,57,83,91,45,131,53,111,77,94,58,90,3"/><T26/><D114/><U28/><E68/><V73/><F112/><W110/><G113/><T106/><D38/><U39/><E86/><V81/><F119/><W122/><G3/><N who="0" m="1067" /><D87/><U75/><E75/><V9/><F73/><W116/><G116/><T14/><D14/><U95/><E95/><V8/><F7/><W25/><G131/><T30/><D30/><U52/><E128/><V109/><F109/><N who="3" m="41483" /><G122/><T15/><D15/><U118/><E118/><V40/><F40/><W10/><G10/><T48/><D48/><U100/><E127/><V85/><F21/><W88/><G94/><T69/><D108/><U42/><E12/><V31/><F31/><W79/><G25/><T72/><D72/><U29/><E4/><V123/><F123/><W92/><G92/><T1/><D1/><U37/><E42/><V70/><REACH who="2" step="1"/><F84/><REACH who="2" ten="250,250,240,250" step="2"/><N who="3" m="48239" /><G79/><T130/><D130/><U22/><E32/><V66/><F66/><W51/><AGARI ba="0,1" hai="45,51,53,57,58,88,90,91" m="48239,41483" machi="51" ten="40,2700,0" yaku="14,1,54,1" doraHai="18" who="3" fromWho="3" sc="250,-13,250,-7,240,-7,250,37" /><INIT seed="1,0,0,4,5,24" ten="237,243,233,287" oya="1" hai0="14,113,29,86,116,81,13,115,104,3,23,109,37" hai1="9,121,123,48,133,46,88,64,69,79,35,47,2" hai2="110,52,129,22,8,97,65,41,112,0,10,127,43" hai3="58,70,76,90,12,26,114,99,7,55,122,34,32"/><U77/><E133/><V20/><F110/><W95/><G122/><T71/><D116/><U94/><E35/><V38/><F127/><W106/><G114/><T101/><D109/><U118/><E118/><V73/><F73/><W119/><G119/><T78/><D3/><U80/><E47/><V100/><F65/><W27/><G70/><T102/><D37/><U45/><E45/><V120/><F120/><W21/><G106/><T131/><D131/><U103/><E103/><V66/><F66/><W30/><G76/><T67/><D102/><U89/><E89/><V96/><F38/><W125/><G125/><T39/><D39/><U135/><E135/><V60/><F129/><W130/><G130/><T105/><D105/><U87/><E79/><V134/><F0/><W51/><REACH who="3" step="1"/><G27/><REACH who="3" ten="237,243,233,277" step="2"/><T6/><D113/><U17/><E123/><V5/><F112/><W85/><G85/><T91/><D104/><U63/><E121/><V107/><F134/><W50/><G50/><T74/><D71/><U36/><E36/><V57/><F97/><W111/><G111/><T19/><D86/><U1/><E77/><V61/><F61/><W53/><G53/><T82/><D78/><U54/><E94/><V98/><F98/><W62/><G62/><T84/><D115/><U31/><E31/><V59/><F96/><W42/><G42/><T124/><D29/><U15/><AGARI ba="0,1" hai="1,2,9,15,17,46,48,54,63,64,69,80,87,88" machi="15" ten="30,11700,0" yaku="0,1,25,2,54,1" doraHai="24" who="1" fromWho="1" sc="237,-39,243,127,233,-39,277,-39" /><INIT seed="1,1,0,2,2,122" ten="198,370,194,238" oya="1" hai0="60,116,125,113,108,23,55,35,133,99,53,90,50" hai1="109,58,10,25,66,87,20,19,56,12,69,32,8" hai2="0,41,40,17,1,74,52,82,89,121,107,112,96" hai3="7,93,48,83,27,22,39,110,105,62,16,63,92"/><U123/><E123/><V43/><F121/><W76/><G105/><T59/><D113/><U44/><E69/><V33/><F33/><W132/><G39/><T118/><D35/><U13/><E32/><V68/><F68/><W70/><G132/><T37/><D133/><U14/><E109/><V84/><F112/><W47/><G7/><T131/><D131/><U57/><E66/><V127/><F127/><W129/><G129/><T65/><D37/><U31/><E31/><V61/><F74/><W106/><G106/><T29/><D125/><U80/><REACH who="1" step="1"/><E44/><REACH who="1" ten="198,360,194,238" step="2"/><V100/><REACH who="2" step="1"/><F17/><REACH who="2" ten="198,360,184,238" step="2"/><W71/><G70/><T101/><D116/><U114/><E114/><V73/><F73/><W128/><G71/><T2/><D118/><U3/><E3/><V120/><F120/><W6/><G128/><T88/><D2/><U86/><E86/><V51/><F51/><W78/><G48/><T111/><D50/><U102/><E102/><V103/><F103/><W72/><G72/><T134/><D134/><U124/><E124/><V126/><F126/><W15/><G16/><T49/><D49/><U98/><E98/><V24/><F24/><W38/><G27/><T28/><D99/><U135/><E135/><V4/><F4/><W130/><G6/><T85/><D101/><U21/><E21/><V115/><F115/><W45/><G22/><T26/><D26/><U18/><E18/><V75/><F75/><W11/><G38/><T81/><D23/><U5/><E5/><V94/><F94/><W104/><G130/><T119/><D119/><U30/><E30/><V46/><F46/><RYUUKYOKU ba="1,2" sc="198,-15,360,15,184,15,238,-15" hai1="8,10,12,13,14,19,20,25,56,57,58,80,87" hai2="0,1,40,41,43,52,61,82,84,89,96,100,107" /><INIT seed="1,2,2,5,4,124" ten="183,375,199,223" oya="1" hai0="83,34,132,26,135,24,131,17,113,80,69,28,2" hai1="41,88,0,110,105,118,70,86,25,16,103,130,119" hai2="90,78,7,72,53,117,19,47,63,129,11,123,99" hai3="71,42,84,60,108,85,31,38,79,77,61,107,100"/><U33/><E70/><V12/><F117/><W112/><G112/><T121/><D113/><U97/><E0/><V44/><F123/><W111/><G31/><T51/><D2/><U127/><E127/><V62/><F72/><W9/><G42/><T15/><D69/><U46/><E110/><N who="3" m="42026" /><G38/><T56/><D121/><U20/><E130/><V8/><F78/><N who="3" m="29707" /><G9/><T1/><D1/><U58/><E58/><N who="2" m="35151" /><F63/><N who="3" m="24139" /><G71/><T13/><D28/><U76/><E33/><V122/><F122/><W68/><G68/><T96/><D34/><U39/><E76/><V54/><F129/><W37/><G37/><T126/><D131/><U10/><E10/><V65/><F65/><W59/><G59/><T18/><D56/><U92/><AGARI ba="2,2" hai="16,20,25,39,41,46,86,88,92,97,103,105,118,119" machi="92" ten="20,7800,0" yaku="0,1,7,1,54,2" doraHai="124" who="1" fromWho="1" sc="183,-28,375,104,199,-28,223,-28" /><INIT seed="1,3,0,2,5,110" ten="155,479,171,195" oya="1" hai0="69,134,114,111,121,10,105,25,9,58,95,93,102" hai1="130,27,2,75,80,55,16,106,94,115,29,42,104" hai2="113,65,34,120,74,1,31,97,66,77,79,67,127" hai3="36,85,61,35,87,54,0,11,107,76,47,39,101"/><U83/><E115/><V52/><F120/><W20/><G35/><T33/><D69/><U119/><E119/><V28/><F1/><W45/><G107/><T124/><D121/><U3/><E55/><V84/><F74/><W98/><G0/><T17/><D105/><U73/><E94/><V56/><F127/><W7/><G20/><T60/><D111/><U38/><E27/><V68/><F68/><W59/><G39/><T70/><D70/><U13/><E13/><V96/><F34/><W51/><G36/><T5/><D114/><U37/><E42/><V18/><F18/><W49/><G98/><N who="2" m="37993" /><F113/><W131/><G101/><T135/><D33/><U63/><E16/><V14/><F14/><N who="3" m="5503" /><G131/><T112/><D124/><U43/><E43/><V133/><F133/><W125/><G125/><T32/><D32/><U40/><E40/><V23/><F84/><N who="3" m="32331" /><G76/><N who="2" m="29257" /><F23/><W21/><G21/><T128/><D112/><U53/><E130/><V126/><F126/><W116/><G116/><T4/><D128/><U92/><E92/><V62/><AGARI ba="3,0" hai="28,31,52,56,62,65,66,67" m="29257,37993" machi="62" ten="30,2000,0" yaku="8,1,54,1" doraHai="110" who="2" fromWho="2" sc="155,-8,479,-13,171,29,195,-8" /><INIT seed="2,0,0,5,1,59" ten="147,466,200,187" oya="2" hai0="79,66,121,89,14,18,56,135,48,13,37,7,128" hai1="120,115,99,60,55,42,132,35,53,110,102,23,111" hai2="2,20,22,119,1,58,97,94,0,54,101,109,86" hai3="28,80,100,124,106,70,93,45,92,131,91,57,43"/><V33/><F119/><W34/><G70/><T129/><D121/><U4/><E35/><V62/><F33/><W67/><G124/><T12/><D37/><U130/><E115/><V74/><F74/><W68/><G131/><T83/><D135/><U123/><E132/><V16/><F109/><N who="1" m="41481" /><E130/><N who="0" m="50281" /><D89/><U118/><E118/><V26/><F86/><W40/><G68/><T88/><D7/><U21/><E42/><V75/><F75/><W98/><G80/><T81/><D81/><U6/><E6/><V15/><REACH who="2" step="1"/><F0/><REACH who="2" ten="147,466,190,187" step="2"/><W105/><G34/><T19/><D79/><U117/><E117/><V27/><F27/><W78/><G78/><T44/><D12/><U96/><E123/><V113/><F113/><W51/><G98/><T107/><D13/><U134/><E99/><V127/><F127/><W29/><G28/><AGARI ba="0,1" hai="1,2,15,16,20,22,26,28,54,58,62,94,97,101" machi="28" ten="30,11600,0" yaku="1,1,7,1,52,1,54,1,53,0" doraHai="59" doraHaiUra="126" who="2" fromWho="3" sc="147,0,466,0,190,126,187,-116" /><INIT seed="2,1,0,4,0,65" ten="147,466,316,71" oya="2" hai0="93,114,127,112,48,33,105,32,64,72,99,30,29" hai1="102,76,120,59,3,50,121,67,101,6,73,42,92" hai2="96,115,9,43,36,131,20,126,89,79,52,44,122" hai3="82,117,41,4,62,39,53,75,125,107,128,24,54"/><V23/><F115/><W78/><G117/><T1/><D105/><U8/><E67/><V97/><F122/><N who="1" m="47209" /><E92/><V103/><F79/><W111/><G107/><T88/><D72/><U45/><E59/><V12/><F126/><W71/><G125/><T46/><D1/><U109/><E109/><V18/><F131/><W2/><G128/><T68/><D127/><U34/><E34/><V110/><F89/><W134/><G111/><T77/><D77/><U124/><E124/><V91/><F91/><W21/><G134/><T5/><D33/><U25/><E25/><V106/><F97/><W10/><G62/><T81/><D81/><AGARI ba="1,0" hai="3,6,8,42,45,50,73,76,81,101,102" m="47209" machi="81" ten="30,1000,0" yaku="13,1" doraHai="65" who="1" fromWho="0" sc="147,-13,466,13,316,0,71,0" /><INIT seed="3,0,0,1,2,81" ten="134,479,316,71" oya="3" hai0="61,124,130,50,16,80,26,25,128,115,51,34,43" hai1="127,67,99,55,7,135,105,92,63,32,70,89,118" hai2="2,8,77,27,33,5,45,19,112,37,4,106,71" hai3="48,86,58,120,40,131,36,82,78,66,91,98,74"/><W76/><G120/><T107/><D107/><U126/><E135/><V87/><F71/><W114/><G114/><T94/><D115/><U28/><E118/><V72/><F106/><W125/><G131/><N who="0" m="50219" /><D124/><U69/><E69/><V0/><F112/><W119/><G119/><T68/><D94/><U10/><E55/><V103/><F103/><W3/><G3/><T88/><D26/><U65/><E65/><V84/><F19/><W15/><G125/><T90/><D80/><U12/><E105/><V64/><F64/><W6/><G36/><T38/><D38/><U83/><E83/><N who="2" m="45479" /><F5/><W31/><G31/><N who="0" m="19823" /><D16/><U17/><E17/><V52/><F52/><N who="3" m="32007" /><G74/><T53/><D68/><U42/><E42/><N who="2" m="22735" /><F0/><W24/><G24/><T111/><D111/><U113/><E113/><V21/><F33/><W123/><G123/><T39/><D39/><U47/><E47/><V14/><F14/><W122/><G122/><T95/><D43/><U96/><E28/><V75/><F75/><W100/><G40/><T44/><D51/><U18/><E32/><V49/><F49/><W20/><G66/><T23/><D61/><U35/><E35/><V1/><F2/><W41/><G41/><T11/><D53/><U117/><E117/><V104/><F104/><N who="3" m="63511" /><G6/><T101/><D101/><N who="1" m="60551" /><E7/><V13/><F13/><W46/><G46/><T73/><D73/><U57/><E57/><V102/><F102/><W110/><G110/><T97/><D44/><U93/><E127/><V9/><F9/><W22/><G22/><T54/><D23/><U60/><E126/><V79/><F79/><W133/><G133/><RYUUKYOKU ba="0,0" sc="134,-30,479,10,316,10,71,10" hai1="10,12,18,60,63,67,70,89,93,99" hai2="1,4,8,21,27,84,87" hai3="15,20,76,78,82,86,91" /><INIT seed="3,1,0,5,3,108" ten="104,489,326,81" oya="3" hai0="24,109,8,31,98,19,12,64,49,1,66,85,128" hai1="3,17,63,100,79,47,106,92,56,94,87,9,26" hai2="59,90,133,61,112,93,115,43,50,4,125,52,111" hai3="119,2,70,69,67,120,44,78,53,45,76,54,20"/><W97/><G119/><T10/><D109/><U71/><E71/><V86/><F111/><W48/><G2/><T74/><D74/><U39/><E106/><V60/><F125/><W15/><G120/><T28/><D128/><U104/><E104/><V118/><F118/><W73/><G73/><T77/><D98/><U126/><E100/><V124/><F124/><W89/><G67/><N who="0" m="25643" /><D1/><U27/><E27/><V42/><F133/><W95/><G70/><T25/><D8/><U122/><E56/><V51/><F4/><W58/><G69/><T82/><D49/><U81/><E63/><V105/><F105/><W55/><G45/><T34/><D34/><U65/><E17/><V88/><F90/><W72/><G72/><T117/><D117/><U127/><E26/><AGARI ba="1,0" hai="10,12,19,24,25,26,28,31,77,82,85" m="25643" machi="26" ten="30,1000,0" yaku="8,1" doraHai="108" who="0" fromWho="1" sc="104,13,489,-13,326,0,81,0" owari="117,-28.3,476,57.6,326,12.6,81,-41.9" /></mjloggm>