<mjloggm ver="2.3"><GO type="225" lobby="0"/><UN n0="%72%61%6B%33" n1="%E3%81%99%E3%81%84%E3%81%BE%E3%81%9B%E3%83%BC%E3%82%93" n2="%E3%81%95%E3%81%8D%E3%81%9F%E3%81%BE%E6%9E%97%E6%AA%8E" n3="%E3%81%9F%E3%81%93%E2%98%86%E7%84%BC%E3%81%8D" dan="16,16,16,16" rate="2172.81,2157.02,2102.09,2120.86" sx="M,M,M,M"/><TAIKYOKU oya="0"/><INIT seed="0,0,0,3,0,79" ten="250,250,250,250" oya="0" hai0="8,99,115,72,32,34,76,15,94,80,3,98,109" hai1="37,129,112,123,30,92,105,118,39,87,101,121,120" hai2="41,59,53,42,74,11,45,19,60,65,114,38,2" hai3="40,104,55,85,130,13,106,108,66,47,21,23,62"/><T110/><D3/><U86/><E118/><V20/><F114/><W67/><G108/><N who="0" m="41579" /><D115/><U117/><E117/><V24/><F42/><W0/><G0/><T25/><D25/><U111/><E112/><V128/><F128/><W93/><G67/><T113/><D113/><U4/><E111/><V43/><F43/><W70/><G55/><T125/><D125/><U131/><E4/><V61/><F74/><W135/><G135/><T9/><D99/><N who="1" m="61631" /><E30/><V68/><F2/><W90/><G130/><N who="1" m="49674" /><E37/><V107/><F107/><W81/><G13/><T95/><D8/><U100/><E39/><V46/><F46/><W82/><G106/><T50/><D50/><U103/><E103/><V57/><F11/><W54/><G104/><T14/><D14/><U89/><E100/><V133/><F133/><W134/><G134/><T91/><D95/><U124/><E124/><V122/><F122/><W33/><G33/><T1/><D1/><U16/><E16/><AGARI ba="0,0" hai="9,15,16,32,34,72,76,80,91,94,98" m="41579" machi="16" ten="30,11600,0" yaku="14,1,10,1,52,1,54,1" doraHai="79" who="0" fromWho="1" sc="250,116,250,-116,250,0,250,0" /><INIT seed="0,1,0,0,2,19" ten="366,134,250,250" oya="0" hai0="73,2,111,48,31,134,118,133,58,89,123,14,4" hai1="135,68,63,71,98,74,52,10,49,78,120,104,13" hai2="57,76,27,41,43,88,103,127,67,39,29,28,26" hai3="126,54,80,66,36,35,93,70,128,0,12,84,100"/><T79/><D118/><U110/><E120/><V108/><F108/><W34/><G0/><T50/><D123/><U59/><E110/><V92/><F127/><W6/><G36/><T60/><D111/><U25/><E135/><V69/><F69/><W81/><G81/><N who="0" m="45295" /><D2/><U72/><E25/><V47/><F76/><W97/><G128/><T101/><D101/><U86/><E104/><V96/><F43/><W53/><G126/><T51/><D89/><U23/><E98/><V115/><F115/><W131/><G131/><T40/><D31/><U129/><E129/><V132/><F132/><N who="0" m="50794" /><D14/><U117/><E117/><V17/><F103/><W122/><G122/><T42/><D4/><U114/><E114/><V83/><F83/><W8/><G35/><T46/><D46/><U30/><E74/><V77/><F77/><W91/><G34/><T62/><D62/><U3/><E72/><V5/><F5/><W102/><G102/><T106/><D106/><U55/><E3/><V119/><F119/><W130/><G130/><T124/><D124/><U1/><E1/><V82/><F29/><W65/><G70/><T94/><D94/><U121/><E121/><V116/><F116/><W109/><G109/><T64/><AGARI ba="1,0" hai="40,42,48,50,51,58,60,64" m="50794,45295" machi="64" ten="30,1500,0" yaku="20,1" doraHai="19" who="0" fromWho="0" sc="366,18,134,-6,250,-6,250,-6" /><INIT seed="0,2,0,4,1,16" ten="384,128,244,244" oya="0" hai0="34,2,13,99,121,0,9,8,111,128,85,118,92" hai1="11,35,38,61,20,53,80,37,21,83,15,62,70" hai2="110,88,14,72,66,68,44,129,7,108,105,103,109" hai3="39,107,65,31,63,76,48,50,124,78,28,51,93"/><T52/><D118/><U17/><E35/><V98/><F129/><W40/><G107/><T69/><D121/><U91/><E38/><V75/><F44/><W81/><G124/><T97/><D34/><U42/><E37/><V74/><F68/><W47/><G93/><T36/><D36/><U106/><E106/><V33/><F33/><W22/><G78/><T133/><D69/><U71/><E42/><V125/><F66/><W115/><G115/><T73/><D73/><U89/><E71/><V24/><F24/><W27/><G31/><T18/><D128/><U126/><E126/><V60/><F60/><N who="1" m="23145" /><E53/><V84/><F14/><W114/><G114/><T104/><D104/><U135/><E135/><V79/><F7/><W127/><G127/><T120/><D133/><U96/><E70/><V82/><F125/><W119/><G119/><T116/><D120/><U102/><E102/><V54/><F54/><W87/><REACH who="3" step="1"/><G39/><REACH who="3" ten="384,128,244,234" step="2"/><T29/><D116/><U23/><E91/><AGARI ba="2,1" hai="72,74,75,79,82,84,88,91,98,103,105,108,109,110" machi="91" ten="50,8000,1" yaku="14,1,34,3,54,1" doraHai="16" who="2" fromWho="1" sc="384,0,128,-86,244,96,234,0" /><INIT seed="1,0,0,5,0,129" ten="384,42,340,234" oya="1" hai0="126,69,52,49,105,131,68,54,116,2,34,28,113" hai1="97,58,38,53,78,30,46,82,87,115,104,24,74" hai2="133,83,96,29,59,48,128,103,91,89,92,16,32" hai3="72,117,95,67,70,107,20,125,7,3,114,122,19"/><U71/><E115/><V40/><F133/><W45/><G95/><T21/><D21/><U77/><E71/><V124/><F124/><W22/><G45/><T119/><D28/><U109/><E109/><V94/><F128/><W47/><G67/><T37/><D2/><U27/><E27/><V23/><F32/><W120/><G47/><T1/><D1/><U90/><E74/><V86/><F29/><W132/><G19/><T14/><D34/><U61/><E104/><V42/><F59/><W8/><G8/><T0/><D0/><U18/><E18/><V62/><F62/><W112/><G7/><T51/><D105/><U106/><E106/><V39/><F39/><W99/><G99/><T135/><D14/><U57/><E57/><V80/><F48/><W13/><G13/><T88/><D88/><U64/><E97/><V100/><F100/><W60/><G60/><T55/><D131/><U5/><E5/><V11/><F11/><W41/><G41/><N who="2" m="15977" /><F103/><W10/><G10/><T127/><D37/><U17/><E17/><V9/><F9/><W121/><G70/><N who="0" m="27243" /><D113/><N who="3" m="43625" /><G72/><T65/><D65/><U50/><REACH who="1" step="1"/><E38/><REACH who="1" ten="384,32,340,234" step="2"/><V102/><F102/><W76/><G107/><T25/><D25/><AGARI ba="0,1" hai="16,23,25,80,83,86,89,91,92,94,96" m="15977" machi="25" ten="30,2000,0" yaku="8,1,54,1" doraHai="129" who="2" fromWho="0" sc="384,-20,32,0,340,30,234,0" /><INIT seed="2,0,0,0,4,84" ten="364,32,370,234" oya="2" hai0="76,41,94,27,33,66,48,102,133,74,98,120,91" hai1="86,99,123,60,83,15,129,14,31,0,130,45,78" hai2="104,4,54,96,119,72,70,93,56,35,55,22,50" hai3="28,52,92,97,37,73,95,112,125,80,36,122,59"/><V47/><F119/><W17/><G122/><T63/><D120/><U34/><E123/><V20/><F72/><W13/><G125/><T32/><D133/><U135/><E0/><V62/><F104/><W81/><G28/><T5/><D5/><U118/><E118/><V100/><F35/><W46/><G112/><T107/><D41/><U88/><E135/><V44/><F70/><W38/><G46/><T71/><D48/><U106/><E31/><V108/><F108/><W134/><G95/><T89/><D94/><U58/><E34/><V23/><F4/><W79/><G80/><N who="0" m="45079" /><D32/><U115/><E115/><V128/><F128/><N who="1" m="49257" /><E45/><AGARI ba="0,0" hai="20,22,23,44,45,47,50,54,55,56,62,93,96,100" machi="45" ten="40,2000,0" yaku="8,1" doraHai="84" who="2" fromWho="1" sc="364,0,32,-20,370,20,234,0" /><INIT seed="2,1,0,3,0,39" ten="364,12,390,234" oya="2" hai0="105,16,110,2,35,53,46,114,71,59,131,124,6" hai1="126,22,30,106,82,28,112,104,57,108,93,88,135" hai2="133,121,64,86,26,67,68,38,128,33,31,8,23" hai3="100,20,10,127,43,89,65,74,81,99,103,15,58"/><V32/><F121/><W77/><G127/><T34/><D59/><U76/><E112/><V122/><F122/><W61/><G20/><T3/><D53/><U125/><E22/><V79/><F38/><W27/><G27/><T130/><D71/><U12/><E12/><V90/><F133/><W41/><G89/><T116/><D46/><U109/><E28/><V78/><F128/><N who="0" m="49194" /><D105/><N who="1" m="40555" /><E30/><V14/><F68/><W5/><G103/><T19/><D114/><U72/><E57/><V56/><F33/><N who="0" m="12298" /><D124/><N who="1" m="47723" /><E135/><V102/><F102/><W134/><G134/><T24/><D110/><U113/><E113/><V7/><F32/><W37/><G37/><T118/><D24/><U4/><E4/><V80/><F56/><W73/><G73/><T29/><D29/><U69/><E69/><V91/><F91/><W49/><G49/><T1/><D6/><U119/><E119/><AGARI ba="1,0" hai="1,2,3,16,19,116,118,119" m="12298,49194" machi="119" ten="40,12000,2" yaku="28,2,12,1,19,1,34,2,54,1" doraHai="39" who="0" fromWho="1" sc="364,123,12,-123,390,0,234,0" owari="487,58.7,-111,-61.1,390,19.0,234,-16.6" /></mjloggm>