<mjloggm ver="2.3"><GO type="225" lobby="0"/><UN n0="%E6%9D%B1%E9%A2%A8%E3%81%AE%E3%81%8D%E3%82%83%E3%81%B7%E3%81%95%E3%82%93" n1="%E3%83%B4%E3%82%A3%E3%83%AF%E3%82%B3%E3%82%B0%E3%83%8B" n2="%48%61%61%61%6C%61%6E%64" n3="%E5%8D%A0%E3%81%84%E5%B8%AB%E8%A3%8F%E3%81%AA%E3%81%84%E3%81%97" dan="16,16,18,16" rate="2224.32,2164.72,2223.85,2168.08" sx="M,M,M,M"/><TAIKYOKU oya="0"/><INIT seed="0,0,0,1,5,30" ten="250,250,250,250" oya="0" hai0="25,21,105,3,23,16,106,8,57,101,47,56,125" hai1="120,134,111,29,133,1,104,90,126,64,107,4,77" hai2="61,121,32,27,43,40,31,22,108,72,42,18,58" hai3="33,63,51,0,129,93,59,10,103,36,20,67,69"/><T102/><D125/><U17/><E64/><V55/><F121/><W124/><G124/><T113/><D113/><U12/><E77/><V119/><F72/><W87/><G129/><T82/><D47/><U11/><E126/><V79/><F79/><W66/><G36/><T81/><D8/><U28/><E90/><V60/><F108/><W130/><G130/><T26/><D3/><U9/><E120/><V96/><F119/><W112/><G112/><T19/><AGARI ba="0,0" hai="16,19,21,23,25,26,56,57,81,82,101,102,105,106" machi="19" ten="25,9600,0" yaku="0,1,22,2,54,1" doraHai="30" who="0" fromWho="0" sc="250,96,250,-32,250,-32,250,-32" /><INIT seed="0,1,0,0,1,11" ten="346,218,218,218" oya="0" hai0="37,38,52,101,30,88,96,10,82,7,97,85,32" hai1="108,12,64,99,59,56,89,55,110,51,63,73,76" hai2="49,74,22,35,57,94,119,78,40,72,2,68,75" hai3="16,19,90,43,6,95,20,14,105,92,21,47,28"/><T127/><D127/><U69/><E69/><V91/><F35/><W121/><G105/><T114/><D114/><U15/><E73/><V133/><F68/><W129/><G129/><T1/><D97/><U26/><E76/><V122/><F2/><W29/><G6/><T134/><D134/><U109/><E26/><V93/><F122/><W125/><G125/><T102/><D102/><U60/><E60/><V50/><F133/><W81/><G81/><T4/><D4/><U13/><E89/><V36/><F78/><W120/><G120/><T18/><D18/><U103/><REACH who="1" step="1"/><E109/><REACH who="1" ten="346,208,218,218" step="2"/><V31/><F91/><W70/><G70/><T71/><D71/><U33/><E33/><V98/><F75/><W27/><G121/><T58/><D32/><U67/><E67/><V34/><F74/><W39/><REACH who="3" step="1"/><G95/><AGARI ba="1,1" hai="12,13,15,51,55,56,59,63,64,95,99,103,108,110" machi="95" ten="40,8000,1" yaku="1,1,52,3,53,0" doraHai="11" doraHaiUra="115" who="1" fromWho="3" sc="346,0,208,93,218,0,218,-83" /><INIT seed="1,0,0,1,5,66" ten="346,301,218,135" oya="1" hai0="47,83,95,17,61,5,92,33,29,11,120,123,99" hai1="109,46,94,64,122,39,132,112,111,4,49,133,93" hai2="76,115,50,31,118,25,71,81,67,35,63,75,8" hai3="80,128,0,116,78,130,22,127,114,37,85,18,44"/><U34/><E34/><V131/><F118/><W16/><G114/><T100/><D17/><U56/><E4/><V86/><F115/><W60/><G0/><T102/><D61/><N who="1" m="37927" /><E112/><V74/><F131/><N who="3" m="50219" /><G116/><T41/><D83/><U113/><E113/><V2/><REACH who="2" step="1"/><F50/><REACH who="2" ten="346,301,208,135" step="2"/><W72/><G127/><T103/><D123/><U26/><E122/><V117/><F117/><W91/><G60/><T110/><D120/><U126/><E126/><V90/><F90/><W32/><G32/><T101/><D33/><U21/><E39/><V107/><F107/><W88/><G91/><T15/><D103/><U55/><E133/><V24/><F24/><W73/><G22/><T57/><D102/><U13/><E132/><V59/><F59/><W10/><G10/><T28/><D57/><U45/><E45/><V69/><F69/><W20/><G20/><T98/><D110/><N who="1" m="41995" /><E13/><V54/><F54/><W84/><G73/><T42/><D42/><U43/><E55/><V70/><F70/><W129/><N who="3" m="50227" /><W79/><DORA hai="23" /><G72/><T65/><D65/><U134/><E134/><V87/><F87/><W89/><G89/><T96/><D96/><U68/><E68/><V9/><F9/><W7/><G84/><T12/><D15/><U38/><E38/><AGARI ba="0,1" hai="5,11,12,28,29,38,41,47,92,95,98,99,100,101" machi="38" ten="30,2000,0" yaku="7,1,9,1" doraHai="66,23" who="0" fromWho="1" sc="346,30,301,-20,208,0,135,0" /><INIT seed="2,0,0,3,4,95" ten="376,281,208,135" oya="2" hai0="81,0,130,98,10,91,119,28,41,74,53,114,38" hai1="54,59,97,115,48,66,104,61,20,69,76,86,71" hai2="55,17,32,47,37,1,31,111,126,78,105,109,26" hai3="84,102,29,85,2,77,49,46,93,133,107,125,92"/><V72/><F126/><W70/><G2/><T129/><D28/><U112/><E69/><V134/><F134/><W65/><G125/><T121/><D53/><U3/><E3/><V135/><F135/><W87/><G133/><T123/><D119/><U89/><E76/><V67/><F1/><W18/><G29/><T57/><D57/><U79/><E79/><V63/><F105/><W39/><G39/><T15/><D0/><U44/><E20/><V52/><F17/><W131/><G131/><T36/><D114/><U24/><E24/><V94/><F94/><W106/><G77/><T128/><D74/><U45/><E104/><V99/><F99/><W6/><G6/><T11/><D11/><U117/><E97/><V8/><F8/><W43/><G106/><T12/><D12/><U90/><E90/><V118/><F118/><W82/><G82/><T116/><D116/><U56/><E71/><V5/><F5/><W110/><G110/><N who="2" m="41993" /><F78/><W25/><G18/><T42/><D98/><U88/><E89/><V120/><F72/><W58/><G70/><T14/><D91/><U132/><E132/><V51/><F37/><N who="0" m="14442" /><D81/><U30/><E117/><V103/><F103/><W23/><G107/><T127/><D127/><U9/><E9/><V101/><F101/><W22/><G102/><T27/><D10/><U80/><REACH who="1" step="1"/><E30/><REACH who="1" ten="376,271,208,135" step="2"/><V122/><F31/><N who="3" m="17847" /><G23/><T96/><D129/><U35/><E35/><V100/><F32/><W64/><G64/><T113/><D130/><U13/><E13/><V21/><F21/><W68/><G68/><T7/><D128/><U60/><E60/><AGARI ba="0,1" hai="43,46,49,58,60,65,84,85,87,92,93" m="17847" machi="60" ten="30,2000,0" yaku="6,1,8,1" doraHai="95" who="3" fromWho="1" sc="376,0,271,-20,208,0,135,30" /><INIT seed="3,0,0,2,1,31" ten="376,251,208,165" oya="3" hai0="65,18,57,11,34,116,64,113,92,132,33,119,70" hai1="55,66,29,17,127,53,52,0,121,5,25,130,30" hai2="122,126,94,69,47,109,114,23,35,63,117,45,67" hai3="123,56,128,22,40,61,82,91,112,110,49,9,84"/><W77/><G112/><T96/><D70/><U36/><E36/><V2/><F114/><W129/><G123/><T85/><D132/><U37/><E37/><V1/><F117/><W97/><G110/><T59/><D85/><U12/><E121/><V48/><F122/><W124/><G124/><T28/><D113/><U106/><E106/><V75/><F35/><W79/><G22/><T6/><D18/><U20/><E130/><N who="3" m="50282" /><G97/><T115/><D115/><U15/><E127/><V8/><F126/><W16/><G49/><T93/><D28/><N who="1" m="10859" /><E0/><V78/><F109/><W3/><G40/><T131/><D131/><U87/><E66/><V71/><F23/><W4/><G16/><T102/><D96/><U10/><E25/><V73/><F48/><W107/><G107/><T86/><D6/><U95/><E87/><V50/><F50/><W111/><G111/><T105/><D11/><N who="1" m="4207" /><E95/><V32/><F8/><AGARI ba="0,0" hai="8,10,15,17,20,52,53,55" m="4207,10859" machi="8" ten="30,2000,0" yaku="8,1,54,1" doraHai="31" who="1" fromWho="2" sc="376,0,251,20,208,-20,165,0" owari="376,47.6,271,7.1,188,-21.2,165,-33.5" /></mjloggm>