<mjloggm ver="2.3"><GO type="225" lobby="0"/><UN n0="%52%61%69%61%6E%2E" n1="%E6%A1%9C%E8%8A%B1%E9%96%83%E3%80%85" n2="%E8%B6%85%E7%B4%9A%E9%B3%B3%E5%87%B0" n3="%E3%81%86%E3%81%A9%E3%82%93%E3%81%93" dan="16,16,17,16" rate="2062.79,2133.56,2168.29,2122.28" sx="M,M,F,M"/><TAIKYOKU oya="0"/><INIT seed="0,0,0,4,5,60" ten="250,250,250,250" oya="0" hai0="48,122,124,109,9,76,123,132,71,25,11,36,41" hai1="35,100,113,37,125,28,108,31,128,134,121,104,70" hai2="127,111,68,7,98,101,89,59,95,64,131,29,85" hai3="34,0,62,67,130,93,53,50,106,32,33,118,38"/><T55/><D76/><U90/><RYUUKYOKU type="yao9" ba="0,0" sc="250,0,250,0,250,0,250,0" hai1="28,31,35,37,70,90,100,104,108,113,121,125,128,134" /><INIT seed="0,1,0,5,1,18" ten="250,250,250,250" oya="0" hai0="79,126,88,67,95,74,31,93,115,65,27,46,20" hai1="100,55,111,32,123,71,35,0,94,59,24,102,38" hai2="76,134,133,5,80,30,124,72,92,132,60,114,36" hai3="127,19,69,1,3,54,97,23,17,128,96,64,9"/><T107/><D115/><U131/><E123/><V122/><F122/><W75/><G75/><T37/><D107/><U120/><E120/><V117/><F114/><W77/><G77/><T105/><D105/><U112/><E71/><V113/><F113/><W50/><G128/><T61/><D126/><U52/><E112/><V53/><F36/><W16/><G127/><T68/><D74/><U98/><E111/><V44/><F124/><W49/><G69/><T63/><D79/><U58/><E0/><V82/><F117/><W12/><G64/><T4/><D4/><U135/><E135/><V15/><F80/><W70/><G70/><T110/><D110/><U66/><E38/><V104/><F104/><W129/><G129/><T116/><D116/><U41/><E41/><V11/><F30/><W121/><G121/><T40/><REACH who="0" step="1"/><D88/><REACH who="0" ten="240,250,250,250" step="2"/><U125/><E125/><V101/><F92/><W85/><G85/><T81/><D81/><U84/><E84/><V39/><F101/><W28/><G97/><T109/><D109/><U51/><E131/><V78/><F78/><W62/><G96/><T14/><D14/><U86/><E86/><V119/><F119/><W29/><G3/><T57/><AGARI ba="1,1" hai="20,27,31,37,40,46,57,61,63,65,67,68,93,95" machi="57" ten="20,7800,0" yaku="1,1,0,1,7,1,52,1,53,0" doraHai="18" doraHaiUra="8" who="0" fromWho="0" sc="240,91,250,-27,250,-27,250,-27" /><INIT seed="0,2,0,1,4,40" ten="331,223,223,223" oya="0" hai0="57,52,81,99,27,89,31,47,35,29,129,44,121" hai1="13,94,58,112,4,88,132,97,127,113,15,2,51" hai2="24,50,107,76,101,91,38,59,68,54,85,45,83" hai3="102,43,19,56,11,28,7,70,53,60,134,131,5"/><T14/><D121/><U135/><E2/><V84/><F68/><W1/><G5/><T130/><D31/><U133/><E127/><V0/><F0/><W115/><G115/><N who="1" m="44106" /><E4/><V126/><F126/><W6/><G6/><T9/><D99/><U66/><E66/><V111/><F111/><W123/><G28/><T80/><D80/><U74/><E74/><V30/><F101/><W61/><G131/><N who="0" m="50187" /><D89/><U18/><E18/><V120/><F107/><W8/><G102/><T122/><D81/><U73/><E73/><V71/><F71/><W100/><G100/><T104/><D122/><U10/><E10/><V128/><F120/><W34/><G34/><T119/><D104/><U98/><E98/><V116/><F128/><W114/><G114/><T125/><D125/><U55/><AGARI ba="2,0" hai="13,15,51,55,58,88,94,97,132,133,135" m="44106" machi="55" ten="40,5200,0" yaku="20,1,11,1,54,1" doraHai="40" who="1" fromWho="1" sc="331,-28,223,58,223,-15,223,-15" /><INIT seed="1,0,0,4,4,3" ten="303,281,208,208" oya="1" hai0="4,118,122,94,1,103,84,123,128,78,119,98,25" hai1="45,37,82,112,97,80,68,26,131,77,71,100,27" hai2="115,90,56,11,16,129,5,64,2,39,95,19,76" hai3="72,21,120,8,24,132,85,15,114,55,70,30,65"/><U134/><E112/><V92/><F39/><W48/><G72/><T10/><D128/><U75/><E131/><V43/><F129/><W113/><G120/><N who="0" m="46123" /><D25/><U33/><E134/><V28/><F43/><W66/><G132/><T59/><D59/><U102/><E82/><AGARI ba="0,0" hai="1,4,10,78,82,84,94,98,103,118,119" m="46123" machi="82" ten="30,2000,0" yaku="13,1,52,1" doraHai="3" who="0" fromWho="1" sc="303,20,281,-20,208,0,208,0" /><INIT seed="2,0,0,2,2,64" ten="323,261,208,208" oya="2" hai0="65,108,135,98,91,5,66,29,23,107,53,10,46" hai1="122,117,123,50,134,106,133,121,12,56,13,130,82" hai2="70,58,80,61,60,20,14,88,35,87,37,4,18" hai3="38,21,55,11,51,33,25,85,105,68,49,94,16"/><V115/><F115/><W30/><G105/><T1/><D108/><U28/><E117/><V101/><F37/><W7/><G38/><T77/><D77/><U93/><E106/><V6/><F35/><W119/><G119/><T43/><D53/><N who="1" m="31799" /><E130/><V83/><F70/><W2/><G68/><T22/><D135/><N who="1" m="51723" /><E28/><V104/><F80/><W27/><REACH who="3" step="1"/><G55/><REACH who="3" ten="323,261,208,198" step="2"/><T103/><D107/><U79/><E93/><V75/><F104/><W17/><G17/><T40/><D40/><U114/><E114/><V69/><F69/><W89/><AGARI ba="0,1" hai="2,7,11,16,21,25,27,30,33,49,51,85,89,94" machi="89" ten="30,7900,0" yaku="1,1,0,1,54,1,53,1" doraHai="64" doraHaiUra="81" who="3" fromWho="3" sc="323,-20,261,-20,208,-39,198,89" /><INIT seed="3,0,0,4,1,131" ten="303,241,169,287" oya="3" hai0="44,67,8,84,76,113,0,35,24,77,86,70,126" hai1="41,34,124,117,121,107,99,50,66,31,11,48,25" hai2="49,83,81,59,42,37,62,39,40,98,16,118,23" hai3="28,100,4,63,56,38,130,45,95,64,89,119,87"/><W68/><G119/><T65/><D44/><U88/><E121/><V43/><F118/><W85/><G130/><T120/><D120/><U122/><E122/><V110/><F110/><W22/><G4/><T69/><D0/><U91/><E117/><V12/><F39/><W133/><G133/><T103/><D103/><U20/><E124/><V51/><F37/><W7/><G7/><T5/><D126/><U21/><E66/><V78/><F98/><W27/><G100/><T111/><D111/><U73/><E73/><V6/><F6/><W96/><REACH who="3" step="1"/><G56/><REACH who="3" ten="303,241,169,277" step="2"/><T58/><D58/><U14/><E107/><V134/><F134/><W112/><G112/><T101/><D113/><U97/><E97/><V60/><F60/><W17/><G17/><T127/><D101/><U18/><E99/><V102/><F102/><W29/><G29/><T93/><D127/><U128/><E128/><V72/><REACH who="2" step="1"/><F83/><REACH who="2" ten="303,241,159,277" step="2"/><W61/><G61/><T123/><D5/><U19/><E50/><V13/><F13/><W94/><G94/><T9/><D93/><U80/><E80/><V108/><F108/><W104/><G104/><T74/><D123/><U129/><E129/><V33/><F33/><W116/><G116/><T115/><D35/><U32/><E32/><V79/><F79/><W54/><G54/><AGARI ba="0,2" hai="12,16,23,40,42,43,49,51,54,59,62,72,78,81" machi="54" ten="40,5200,0" yaku="1,1,54,1,53,1" doraHai="131" doraHaiUra="52" who="2" fromWho="3" sc="303,0,241,0,159,72,277,-52" owari="303,40.3,241,4.1,231,-16.9,225,-27.5" /></mjloggm>