<mjloggm ver="2.3"><GO type="225" lobby="0"/><UN n0="%E6%B4%BE%E9%81%A3%E3%81%AE%E3%82%B8%E3%83%A3%E3%83%83%E3%82%AF" n1="%E3%81%AF%E3%82%88%E3%81%8A%E3%81%98%E3%81%95%E3%82%93" n2="%E3%81%AA%E3%81%A1%30%39%32%37" n3="%E3%81%9D%E3%81%8A%E3%81%9D%E3%81%9D" dan="16,17,16,16" rate="2192.02,2193.08,2081.42,2063.54" sx="M,M,M,M"/><TAIKYOKU oya="0"/><INIT seed="0,0,0,0,1,13" ten="250,250,250,250" oya="0" hai0="59,27,130,54,78,57,16,15,2,118,127,45,105" hai1="32,37,34,100,51,97,56,38,131,86,88,70,55" hai2="122,23,80,6,123,107,75,82,18,8,61,48,4" hai3="21,3,125,69,128,28,124,12,85,10,133,58,115"/><T109/><D118/><U73/><E73/><V96/><F107/><W113/><G69/><T67/><D2/><U90/><E70/><V79/><F96/><W33/><G58/><T49/><D105/><U68/><E68/><V116/><F116/><W64/><G85/><T0/><D0/><U135/><E131/><V102/><F102/><W62/><G64/><T40/><D130/><U120/><E120/><V95/><F95/><W30/><G62/><N who="0" m="38367" /><D127/><N who="3" m="48713" /><G128/><T22/><D109/><U46/><E135/><V9/><F61/><W71/><G71/><T106/><D106/><U65/><E100/><V84/><F48/><W19/><G133/><T104/><D104/><U5/><E5/><V89/><F6/><N who="3" m="1375" /><G33/><T98/><D78/><U114/><E114/><AGARI ba="0,0" hai="12,19,21,28,30,113,114,115" m="1375,48713" machi="114" ten="30,7700,0" yaku="18,1,34,2,52,1" doraHai="13" who="3" fromWho="1" sc="250,0,250,-77,250,0,250,77" /><INIT seed="1,0,0,5,2,17" ten="250,173,250,327" oya="1" hai0="102,0,14,22,4,104,46,75,120,72,35,45,98" hai1="118,36,39,15,74,100,77,57,127,85,9,71,89" hai2="25,129,24,37,87,86,30,134,117,95,64,8,126" hai3="20,69,60,13,121,23,125,109,79,28,105,114,19"/><U124/><E118/><V21/><F117/><W38/><G114/><T83/><D35/><U66/><E71/><V76/><F37/><W33/><G121/><T50/><D120/><U51/><E100/><V6/><F134/><W131/><G33/><T63/><D63/><U132/><E132/><V91/><F129/><W48/><G38/><T94/><D104/><U78/><E39/><V70/><F126/><N who="1" m="48169" /><E74/><V82/><F25/><W135/><G105/><T31/><D0/><U5/><E36/><V84/><F64/><W18/><G69/><T122/><D122/><U97/><E97/><V2/><REACH who="2" step="1"/><F70/><REACH who="2" ten="250,173,240,327" step="2"/><W26/><G135/><T29/><D72/><AGARI ba="0,1" hai="2,6,8,21,24,30,72,76,82,84,86,87,91,95" machi="72" ten="30,8000,1" yaku="1,1,2,1,7,1,52,1,53,1" doraHai="17" doraHaiUra="34" who="2" fromWho="0" sc="250,-80,173,0,240,90,327,0" /><INIT seed="2,0,0,5,4,129" ten="170,173,330,327" oya="2" hai0="132,38,107,88,68,122,135,19,9,76,116,32,4" hai1="31,95,109,22,65,17,99,93,134,114,13,53,44" hai2="103,30,81,117,70,40,86,100,91,0,98,124,75" hai3="108,55,105,58,60,57,46,133,67,51,112,50,79"/><V82/><F117/><W11/><G105/><T52/><D107/><U34/><E114/><V56/><F70/><W111/><G112/><T78/><D68/><U123/><E109/><N who="3" m="42058" /><G11/><T36/><D122/><U15/><E123/><V66/><F0/><W37/><G79/><N who="0" m="30251" /><D32/><U49/><E134/><N who="0" m="51241" /><D116/><U119/><E119/><V69/><F124/><W24/><G24/><T54/><D19/><U1/><E1/><V90/><F30/><W121/><G133/><T16/><D16/><N who="1" m="10511" /><E34/><V131/><F75/><W74/><G74/><T14/><D88/><N who="1" m="55719" /><E65/><V59/><F66/><W64/><G121/><T128/><D128/><U48/><E31/><V94/><F131/><W85/><G85/><T104/><D104/><U62/><E95/><V35/><F94/><W115/><G115/><T27/><D27/><U3/><E3/><V45/><F86/><W61/><G51/><T6/><D6/><U28/><E28/><V92/><F92/><W42/><G37/><AGARI ba="0,0" hai="4,9,14,36,37,38,52,54" m="51241,30251" machi="37" ten="30,8000,1" yaku="20,1,52,3,54,1" doraHai="129" who="0" fromWho="3" sc="170,80,173,0,330,0,327,-80" /><INIT seed="3,0,0,1,0,109" ten="250,173,330,247" oya="3" hai0="108,16,101,96,63,42,115,106,36,100,27,1,66" hai1="113,87,114,131,8,29,14,43,111,20,77,90,125" hai2="123,18,24,135,10,119,86,62,55,98,129,31,82" hai3="104,118,71,83,132,67,72,6,79,128,121,95,46"/><W38/><G104/><T84/><D1/><U124/><E77/><V110/><F119/><W130/><G118/><T50/><D108/><U127/><E111/><V23/><F110/><W52/><G121/><T34/><D50/><U48/><E131/><N who="3" m="50218" /><G132/><T105/><D84/><U58/><E29/><V74/><F74/><W47/><G38/><T21/><D34/><U116/><E116/><V78/><F135/><W53/><G6/><T19/><D19/><U33/><E33/><V17/><F123/><W41/><G95/><T7/><D7/><U120/><E120/><V49/><F129/><W93/><G93/><T40/><D36/><U65/><E20/><V102/><F62/><N who="3" m="40439" /><G41/><T88/><D105/><U26/><E26/><V45/><F10/><W57/><G53/><T0/><D0/><U15/><E15/><V39/><F39/><W68/><G68/><T91/><D40/><U126/><N who="1" m="31744" /><DORA hai="94" /><U35/><E35/><V32/><F32/><W122/><G122/><T64/><D42/><U133/><E133/><V5/><F5/><W4/><G4/><T60/><D106/><AGARI ba="0,0" hai="17,18,23,24,31,45,49,55,78,82,86,98,102,106" machi="106" ten="30,2000,0" yaku="7,1,52,1" doraHai="109,94" who="2" fromWho="0" sc="250,-20,173,0,330,20,247,0" owari="230,-17.0,173,-32.7,350,45.0,247,4.7" /></mjloggm>