<mjloggm ver="2.3"><GO type="225" lobby="0"/><UN n0="%E7%99%BD%E6%97%A5%E9%9B%AA%E8%8F%9C" n1="%E3%81%86%E3%82%8C%E3%81%9F%E3%82%93%E6%9E%95" n2="%E3%81%8B%E3%82%8F%E3%81%A1%E3%82%83%E3%82%93%35%38" n3="%E3%81%B5%E3%81%98%E3%81%8B%E3%81%A4" dan="17,16,16,16" rate="2226.13,2078.00,2167.32,2191.49" sx="M,F,M,M"/><TAIKYOKU oya="0"/><INIT seed="0,0,0,5,0,109" ten="250,250,250,250" oya="0" hai0="111,108,82,23,80,0,67,4,25,6,18,48,57" hai1="58,31,47,36,130,66,13,54,33,86,135,134,22" hai2="55,124,15,30,95,19,7,128,99,50,93,77,14" hai3="112,42,49,60,87,52,98,94,131,51,74,133,62"/><T97/><D97/><U122/><E122/><V20/><F128/><W37/><G74/><T89/><D0/><U17/><E130/><V120/><F124/><W121/><G131/><T10/><D89/><U69/><E86/><V5/><F120/><W110/><G121/><T92/><D92/><U107/><E107/><V70/><F70/><W105/><G110/><N who="0" m="42027" /><D48/><N who="1" m="31047" /><E33/><V32/><F32/><W35/><G35/><T84/><D84/><U103/><E31/><V113/><F93/><W114/><G105/><T106/><D106/><U88/><E88/><V79/><F30/><W53/><G87/><T46/><D46/><U16/><E103/><V38/><F95/><W8/><G8/><T115/><D115/><N who="3" m="44073" /><G94/><T75/><D10/><U81/><E81/><N who="0" m="31337" /><D75/><U132/><E17/><V102/><F113/><W21/><G98/><T127/><D127/><U68/><E66/><V71/><F99/><W96/><G96/><T39/><D39/><U118/><E118/><V44/><F38/><W116/><G21/><T117/><D117/><U72/><E72/><V40/><F20/><W91/><G91/><T65/><D65/><U26/><E26/><V12/><F102/><W126/><G126/><T61/><AGARI ba="0,0" hai="4,6,18,23,25,57,61,67" m="31337,42027" machi="61" ten="30,3000,0" yaku="14,1,10,1" doraHai="109" who="0" fromWho="0" sc="250,30,250,-10,250,-10,250,-10" /><INIT seed="0,1,0,3,4,114" ten="280,240,240,240" oya="0" hai0="95,30,121,133,58,104,48,93,47,14,62,10,52" hai1="20,7,51,36,28,35,26,38,42,16,129,1,88" hai2="91,76,128,45,70,55,0,65,102,6,9,23,125" hai3="89,60,57,18,11,103,74,5,81,111,31,17,32"/><T34/><D121/><U90/><E129/><V83/><F128/><W123/><G123/><T84/><D104/><U25/><E51/><V127/><F102/><W2/><G111/><T96/><D133/><U15/><E26/><V106/><F106/><W115/><G115/><T99/><D34/><U120/><E120/><V67/><F91/><N who="1" m="34857" /><E42/><V135/><F135/><W13/><G103/><T22/><D84/><U63/><E63/><V66/><F23/><W112/><G112/><T86/><D86/><U75/><E75/><V122/><F122/><W39/><G39/><T46/><D46/><U85/><E85/><V82/><F70/><W100/><G100/><T73/><D73/><U33/><E33/><V113/><F113/><W116/><G89/><T119/><D119/><U53/><E53/><V118/><F118/><W54/><G116/><T130/><D130/><U109/><E109/><V126/><REACH who="2" step="1"/><F76/><REACH who="2" ten="280,240,230,240" step="2"/><W68/><G68/><T61/><D95/><U77/><E77/><V97/><F97/><W108/><G108/><T3/><D93/><U49/><E20/><V50/><AGARI ba="1,1" hai="0,6,9,45,50,55,65,66,67,82,83,125,126,127" machi="50" ten="40,5200,0" yaku="1,1,0,1,18,1,53,0" doraHai="114" doraHaiUra="71" who="2" fromWho="2" sc="280,-27,240,-14,230,65,240,-14" /><INIT seed="1,0,0,3,1,131" ten="253,226,295,226" oya="1" hai0="97,43,135,17,86,61,83,94,108,4,81,57,28" hai1="44,16,89,50,126,40,80,23,29,7,88,13,84" hai2="8,27,9,38,133,63,39,53,98,132,73,10,34" hai3="1,122,134,12,87,74,102,36,117,65,24,125,116"/><U128/><E128/><V67/><F73/><W56/><G122/><T112/><D112/><U19/><E126/><V18/><F53/><W77/><G36/><N who="2" m="13865" /><F98/><W101/><G1/><T26/><D108/><U82/><E29/><N who="2" m="19775" /><F18/><W113/><G65/><T58/><D4/><U127/><E127/><V78/><F78/><W41/><G24/><T120/><D120/><U75/><E75/><V15/><F15/><W54/><G41/><T45/><D17/><N who="1" m="10671" /><E7/><V114/><F114/><W55/><G113/><T103/><D86/><AGARI ba="0,0" hai="16,19,40,44,50,80,82,84,86,88,89" m="10671" machi="86" ten="30,5800,0" yaku="8,1,54,2" doraHai="131" who="1" fromWho="0" sc="253,-58,226,58,295,0,226,0" /><INIT seed="1,1,0,4,3,108" ten="195,284,295,226" oya="1" hai0="116,0,8,41,72,89,79,65,47,90,70,132,35" hai1="97,60,88,82,129,3,100,111,46,36,24,68,123" hai2="112,84,73,29,126,56,78,59,74,106,43,92,14" hai3="110,37,4,80,63,119,128,30,101,115,42,44,7"/><U12/><E123/><V23/><F106/><W96/><G110/><T98/><D116/><U94/><E111/><V19/><F43/><W125/><G119/><T71/><D35/><U107/><E3/><V85/><F29/><W54/><G128/><T52/><D132/><U133/><E133/><V104/><F104/><W55/><G125/><T49/><D72/><U81/><E129/><V118/><F118/><W9/><G30/><T113/><D79/><U31/><E12/><V83/><F126/><W48/><G80/><T51/><D113/><U18/><E18/><V10/><F112/><W124/><G124/><T87/><D98/><N who="1" m="57671" /><E46/><V57/><F92/><W66/><G115/><T21/><D21/><U32/><E36/><V121/><F121/><W114/><G114/><T91/><D65/><AGARI ba="1,0" hai="24,31,32,60,65,68,81,82,97,100,107" m="57671" machi="65" ten="30,2900,0" yaku="25,1,54,1" doraHai="108" who="1" fromWho="0" sc="195,-32,284,32,295,0,226,0" /><INIT seed="1,2,0,2,1,117" ten="163,316,295,226" oya="1" hai0="28,34,49,123,134,122,98,108,110,65,128,125,92" hai1="80,100,67,71,127,18,93,69,16,82,124,60,126" hai2="96,4,79,24,39,52,50,81,48,76,47,105,64" hai3="17,84,32,70,54,53,0,89,14,86,102,90,45"/><U113/><E113/><V104/><F39/><W6/><G70/><T12/><D125/><U59/><E82/><V109/><F109/><N who="0" m="42090" /><D134/><U120/><E120/><N who="0" m="46121" /><D128/><U44/><E44/><V36/><F36/><W75/><G32/><T91/><D65/><U19/><E80/><V35/><F81/><W106/><G0/><T130/><D130/><U8/><E8/><V135/><F35/><W56/><G75/><T25/><D49/><U111/><E111/><V77/><F50/><W57/><G106/><T107/><D12/><U40/><E40/><V31/><F48/><W23/><G6/><T37/><D37/><U46/><E46/><V38/><F47/><W26/><G45/><T87/><D107/><U42/><E42/><V55/><F4/><W11/><G54/><T61/><D61/><U29/><E67/><V68/><F64/><W10/><G53/><T2/><D2/><U129/><E60/><V133/><F38/><W15/><G57/><T7/><D7/><U118/><E59/><V58/><F58/><W30/><G56/><T43/><D43/><U72/><E129/><V62/><F62/><W112/><G112/><T121/><N who="0" m="46129" /><T73/><DORA hai="20" /><D73/><U74/><E72/><V95/><F55/><W101/><G14/><T94/><D94/><U9/><E74/><V85/><F52/><W116/><G10/><T114/><D114/><U13/><E126/><V63/><F105/><W66/><G66/><T131/><D131/><U88/><E127/><V5/><F104/><W41/><G41/><T78/><D78/><U103/><E124/><V22/><F5/><RYUUKYOKU ba="2,0" sc="163,30,316,-10,295,-10,226,-10" hai0="25,28,34,87,91,92,98" /><INIT seed="2,3,0,0,4,26" ten="193,306,285,216" oya="2" hai0="101,109,124,128,114,132,12,19,88,15,81,104,48" hai1="92,89,67,121,65,0,30,93,122,53,127,77,107" hai2="103,100,70,17,72,60,71,113,69,9,66,16,91" hai3="129,11,102,112,49,110,41,105,36,64,74,54,68"/><V78/><F113/><W3/><G74/><T34/><D114/><U52/><E107/><V119/><F119/><W116/><G112/><T8/><D34/><U35/><E0/><V57/><F91/><W94/><G116/><T126/><D109/><U39/><E39/><V96/><F9/><W131/><G110/><T27/><D128/><N who="3" m="49225" /><G105/><T20/><D132/><U47/><E127/><N who="0" m="48681" /><D48/><N who="1" m="28703" /><E77/><V95/><REACH who="2" step="1"/><F103/><REACH who="2" ten="193,306,275,216" step="2"/><W106/><G102/><T79/><D88/><U125/><E125/><V37/><F37/><W25/><G11/><T45/><D8/><U31/><E89/><V23/><F23/><W117/><G36/><T135/><D135/><U83/><E35/><V97/><F97/><W76/><G117/><T73/><D45/><U4/><E122/><V98/><F98/><AGARI ba="3,1" hai="12,15,19,20,27,73,79,81,98,101,104" m="48681" machi="98" ten="30,1000,0" yaku="18,1" doraHai="26" who="0" fromWho="2" sc="193,29,306,0,275,-19,216,0" /><INIT seed="3,0,0,2,4,83" ten="222,306,256,216" oya="3" hai0="82,54,121,130,127,65,4,116,57,3,17,56,111" hai1="69,61,122,68,132,33,78,13,66,131,103,110,53" hai2="27,26,10,64,129,22,19,7,35,113,28,90,67" hai3="124,81,135,63,48,87,12,14,98,5,32,42,117"/><W102/><G117/><T133/><D116/><U11/><E122/><V119/><F113/><W16/><G32/><T29/><D121/><U20/><E33/><V25/><F119/><W126/><G135/><T84/><D133/><U115/><E115/><V105/><F105/><W71/><G5/><T41/><D111/><U1/><E103/><V97/><F129/><W39/><G39/><T125/><D130/><U89/><E131/><V106/><F26/><W85/><G12/><T79/><D29/><U51/><E69/><V31/><F19/><W112/><G81/><T2/><D41/><U0/><E78/><V9/><F9/><N who="3" m="6223" /><G112/><T6/><D17/><U40/><E110/><V58/><F58/><N who="0" m="22634" /><D54/><U88/><E40/><V128/><F128/><W92/><G71/><T8/><D65/><U114/><E132/><V99/><F106/><W49/><G63/><T74/><D74/><U24/><E0/><N who="0" m="41" /><D8/><U21/><E1/><N who="2" m="367" /><F64/><W108/><G108/><T45/><D45/><N who="1" m="27887" /><E114/><V96/><F67/><W59/><G59/><T46/><D46/><U23/><E24/><V94/><F27/><W91/><G42/><T70/><D70/><U75/><E75/><V18/><F35/><W34/><G34/><T104/><D104/><U30/><E30/><V80/><F31/><W134/><G134/><T77/><D77/><U101/><E11/><V37/><F37/><W120/><G120/><T118/><D118/><U93/><E13/><N who="2" m="9551" /><F80/><N who="3" m="49575" /><G87/><T38/><D38/><U62/><E62/><V109/><F109/><W73/><G73/><T52/><D52/><U123/><E123/><V100/><F90/><RYUUKYOKU ba="0,0" sc="222,0,306,0,256,0,216,0" hai0="4,6,79,82,84,125,127" hai1="20,21,23,61,66,68,88,89,93,101" hai2="25,28,94,96,97,99,100" hai3="48,49,92,98,102,124,126" /><INIT seed="3,1,0,5,1,34" ten="222,306,256,216" oya="3" hai0="56,30,32,42,83,41,131,17,77,65,9,117,21" hai1="11,50,49,103,118,70,132,108,87,123,84,73,80" hai2="3,14,29,92,91,82,109,134,10,39,38,54,114" hai3="0,100,97,76,72,67,31,79,89,106,47,43,45"/><W59/><G47/><T104/><D104/><U2/><E123/><V1/><F114/><W16/><G31/><T105/><D105/><U85/><E70/><V94/><F29/><W111/><G111/><T64/><D117/><U22/><E108/><V7/><F109/><W24/><G89/><T96/><D32/><U127/><E103/><V69/><F69/><W98/><G98/><T112/><D112/><U88/><E127/><V95/><F134/><W68/><G0/><T12/><D96/><U28/><E132/><V62/><F62/><W99/><G68/><T110/><D110/><U130/><E130/><V66/><F66/><N who="0" m="25706" /><D56/><U53/><E2/><V40/><F54/><W113/><G113/><T58/><D58/><N who="1" m="33071" /><E73/><V71/><F71/><W44/><G72/><T27/><D131/><U35/><E35/><V6/><F39/><W60/><G99/><T26/><D27/><N who="1" m="16503" /><E118/><V15/><F38/><W121/><G121/><T78/><D83/><U126/><E126/><V115/><F115/><W4/><G4/><T36/><D36/><U122/><E122/><V51/><F7/><W75/><G75/><T46/><D46/><N who="3" m="18025" /><G43/><AGARI ba="1,0" hai="9,12,17,21,26,30,41,42,43,77,78" m="25706" machi="43" ten="30,1000,0" yaku="8,1" doraHai="34" who="0" fromWho="3" sc="222,13,306,0,256,0,216,-13" owari="235,-16.5,306,40.6,256,5.6,203,-29.7" /></mjloggm>