<mjloggm ver="2.3"><GO type="225" lobby="0"/><UN n0="%45%6C%79%73%69%75%6D" n1="%E3%81%A1%E3%82%85%E3%81%86%E3%81%A9%E3%81%8F%E8%B1%A1%E3%81%95%E3%82%93" n2="%E6%A1%9C%E8%8A%B1%E9%96%83%E3%80%85" n3="%33%74%72%65%65" dan="18,17,17,17" rate="2192.58,2237.22,2231.22,2194.68" sx="F,M,M,F"/><TAIKYOKU oya="0"/><INIT seed="0,0,0,2,4,5" ten="250,250,250,250" oya="0" hai0="132,126,33,74,3,29,101,77,39,45,69,56,16" hai1="128,76,99,19,106,49,50,100,12,32,17,66,8" hai2="124,108,22,91,78,44,83,116,71,117,90,93,31" hai3="41,21,84,51,122,89,25,123,67,87,130,127,112"/><T70/><D56/><U35/><E128/><V85/><F71/><W103/><G112/><T1/><D126/><U47/><E76/><V68/><F68/><N who="0" m="26218" /><D16/><U95/><E66/><V42/><F108/><W27/><G130/><T46/><D46/><U6/><E106/><V48/><F124/><W119/><G127/><T38/><D101/><U118/><E118/><N who="2" m="45675" /><F93/><W105/><G103/><T34/><D132/><U0/><E49/><V54/><F54/><W24/><G51/><T58/><D58/><U98/><E98/><V115/><F115/><W72/><G119/><T55/><D55/><U20/><REACH who="1" step="1"/><E17/><REACH who="1" ten="250,240,250,250" step="2"/><V111/><F111/><W10/><G105/><T114/><D114/><U37/><E37/><N who="0" m="13833" /><D45/><U80/><E80/><V82/><F83/><W53/><G67/><T96/><D96/><U79/><E79/><V65/><F65/><W43/><G43/><AGARI ba="0,1" hai="0,6,8,12,19,20,32,35,43,47,50,95,99,100" machi="43" ten="30,3900,0" yaku="1,1,7,1,52,1,53,0" doraHai="5" doraHaiUra="107" who="1" fromWho="3" sc="250,0,240,49,250,0,250,-39" /><INIT seed="1,0,0,2,1,39" ten="250,289,250,211" oya="1" hai0="71,129,76,114,50,85,88,3,16,48,42,24,108" hai1="81,23,121,37,124,105,78,102,19,15,28,0,53" hai2="5,52,65,86,46,118,110,69,55,87,12,62,43" hai3="38,73,61,109,133,8,95,112,116,92,97,84,30"/><U111/><E121/><V96/><F118/><W47/><G112/><T77/><D71/><U14/><E0/><V70/><F110/><W100/><G73/><T56/><D3/><U31/><E124/><V40/><F96/><W89/><G109/><T103/><D103/><U20/><E37/><V115/><F115/><W22/><G116/><T72/><D72/><U27/><E111/><V135/><F135/><W26/><G133/><T83/><D108/><U107/><E53/><V25/><F25/><W33/><G8/><T49/><D129/><U132/><E132/><V131/><F131/><W21/><REACH who="3" step="1"/><G61/><REACH who="3" ten="250,289,250,201" step="2"/><T36/><D114/><U113/><E113/><V54/><F69/><W59/><G59/><T2/><D2/><U10/><E10/><V58/><F70/><W127/><G127/><T1/><D1/><U7/><E7/><V123/><F123/><W128/><G128/><T63/><D36/><U126/><E126/><V82/><F46/><W91/><G91/><T29/><D77/><U98/><E105/><V101/><F101/><W80/><G80/><T122/><D76/><U35/><E20/><V79/><F86/><W90/><G90/><T75/><D75/><U94/><E23/><V67/><F67/><W32/><G32/><T68/><D68/><U4/><E35/><V66/><F65/><W104/><G104/><T64/><D122/><U120/><E107/><V57/><F58/><W9/><G9/><AGARI ba="0,1" hai="5,9,12,40,43,52,54,55,57,62,66,79,82,87" machi="9" ten="40,8000,1" yaku="8,1,52,2,54,1" doraHai="39" who="2" fromWho="3" sc="250,0,289,0,250,90,201,-80" /><INIT seed="2,0,0,3,3,105" ten="250,289,340,121" oya="2" hai0="69,15,95,91,85,120,12,130,44,76,24,89,19" hai1="50,128,5,115,118,60,73,127,3,81,99,58,101" hai2="48,88,57,103,67,84,47,32,102,29,122,110,113" hai3="10,23,96,63,124,64,35,100,131,20,51,108,75"/><V78/><F122/><W43/><G35/><T121/><D69/><U33/><E118/><V18/><F113/><W25/><G108/><T27/><D76/><U109/><E115/><V71/><F71/><W14/><G131/><T112/><D112/><U30/><E109/><V34/><F78/><W59/><G124/><T36/><D130/><U54/><E128/><V82/><F110/><W46/><G25/><T8/><D44/><U55/><E127/><V13/><F29/><W117/><G117/><T65/><D65/><U31/><E33/><V6/><F6/><W56/><G56/><T11/><D36/><U114/><E114/><V92/><F92/><W135/><G135/><T94/><D120/><U86/><E5/><V123/><F34/><W49/><G49/><T42/><D42/><U0/><E3/><V79/><F79/><W90/><G90/><T97/><REACH who="0" step="1"/><D121/><REACH who="0" ten="240,289,340,121" step="2"/><U132/><E54/><N who="2" m="29983" /><F123/><W106/><REACH who="3" step="1"/><G75/><REACH who="3" ten="240,289,340,111" step="2"/><T40/><D40/><U68/><E73/><V28/><F57/><W74/><G74/><T4/><AGARI ba="0,2" hai="4,8,11,12,15,19,24,27,85,89,91,94,95,97" machi="4" ten="20,5200,0" yaku="1,1,0,1,7,1,8,1,53,0" doraHai="105" doraHaiUra="61" who="0" fromWho="0" sc="240,72,289,-13,340,-26,111,-13" /><INIT seed="3,0,0,2,2,67" ten="312,276,314,98" oya="3" hai0="57,122,80,58,131,116,110,135,100,60,109,36,13" hai1="45,15,26,27,24,38,121,126,0,114,99,51,50" hai2="82,124,79,94,2,130,98,47,89,11,1,102,85" hai3="41,20,54,4,95,37,75,101,92,33,32,42,19"/><W117/><G117/><T133/><D116/><U17/><E0/><V49/><F130/><W125/><G75/><T22/><D131/><U132/><E114/><V12/><F124/><W83/><G125/><T6/><D36/><U105/><E126/><V77/><F1/><W134/><G134/><N who="0" m="51211" /><D122/><U16/><E121/><V65/><F65/><W39/><G4/><T56/><D100/><U55/><E132/><V96/><F96/><W91/><G101/><T61/><D80/><U70/><E70/><V119/><F2/><W18/><G83/><T112/><D112/><U88/><E38/><V118/><F118/><W35/><G54/><T81/><D81/><U3/><E3/><V84/><F84/><W87/><G18/><N who="0" m="10575" /><D6/><U66/><E66/><V74/><F74/><W68/><G68/><T97/><D97/><U64/><E64/><V107/><F107/><W30/><G30/><T62/><AGARI ba="0,0" hai="56,57,58,60,61,62,109,110" m="10575,51211" machi="62" ten="40,1500,0" yaku="20,1" doraHai="67" who="0" fromWho="0" sc="312,15,276,-4,314,-4,98,-7" owari="327,42.7,272,-12.8,310,11.0,91,-40.9" /></mjloggm>