<mjloggm ver="2.3"><GO type="225" lobby="0"/><UN n0="%E3%82%A2%E3%83%BC%E3%83%A2%E3%83%AD%E3%83%BC%E3%83%B4%E3%82%A1" n1="%E6%B8%A9%E2%98%85%E6%83%85%E2%98%85%E6%8E%AA%E2%98%85%E7%BD%AE" n2="%48%61%61%61%6C%61%6E%64" n3="%E3%81%B5%E3%81%98%E3%81%8B%E3%81%A4" dan="16,17,18,16" rate="2142.96,2235.71,2287.33,2226.91" sx="M,M,M,M"/><TAIKYOKU oya="0"/><INIT seed="0,0,0,2,1,102" ten="250,250,250,250" oya="0" hai0="2,122,63,10,104,128,67,89,70,55,3,42,9" hai1="85,130,124,77,93,17,6,74,111,50,40,78,68" hai2="16,76,96,105,43,38,5,134,20,4,21,110,66" hai3="114,101,62,15,92,80,46,58,1,59,8,29,107"/><T90/><D122/><U84/><E68/><V56/><F76/><N who="1" m="29289" /><E74/><V19/><F110/><W117/><G114/><T126/><D104/><U132/><E111/><V100/><F134/><W28/><G117/><T61/><D42/><U112/><E132/><V97/><F43/><W95/><G1/><T30/><D30/><N who="3" m="11881" /><G107/><T11/><D126/><U41/><E124/><V94/><F38/><W115/><G115/><T31/><D31/><U99/><E112/><V44/><F44/><W82/><G46/><T24/><D24/><U53/><E6/><V49/><F21/><W54/><G59/><T125/><D125/><U37/><E37/><V135/><F135/><W106/><G106/><T27/><D27/><U72/><E72/><V35/><F35/><W121/><G121/><T36/><D36/><U13/><E130/><V14/><F19/><N who="3" m="8679" /><G101/><T118/><D118/><U0/><E0/><V79/><F79/><W123/><G123/><T129/><D2/><U22/><E40/><V7/><F66/><W81/><AGARI ba="0,0" hai="54,58,62,80,81,82,92,95" m="8679,11881" machi="81" ten="30,1100,0" yaku="8,1" doraHai="102" who="3" fromWho="3" sc="250,-5,250,-3,250,-3,250,11" /><INIT seed="1,0,0,1,2,9" ten="245,247,247,261" oya="1" hai0="28,93,54,60,41,120,15,114,66,29,27,11,135" hai1="87,123,133,45,77,97,65,43,127,25,39,56,3" hai2="52,5,23,4,102,48,131,103,81,76,106,61,124" hai3="96,57,110,83,46,99,69,134,113,36,101,40,30"/><U70/><E123/><V13/><F124/><W100/><G113/><T79/><D114/><U18/><E127/><V84/><F131/><W1/><G110/><T86/><D135/><U111/><E133/><V42/><F61/><W132/><G69/><T78/><D120/><U107/><E3/><V62/><F62/><W90/><G57/><N who="0" m="37135" /><D41/><U104/><E70/><V16/><F42/><W112/><G30/><N who="0" m="11883" /><D27/><U37/><E37/><V128/><F128/><W31/><G31/><T80/><D93/><U44/><E111/><V71/><F71/><W119/><G119/><T26/><D26/><U116/><E116/><V89/><F76/><W73/><G112/><T33/><D33/><U50/><E56/><N who="2" m="32775" /><F106/><N who="3" m="63751" /><G90/><N who="0" m="51527" /><D54/><U55/><E65/><V85/><F85/><W32/><G32/><T74/><D74/><U108/><E97/><V68/><F68/><W34/><G34/><T14/><D14/><U72/><E72/><V21/><F21/><W121/><G1/><T12/><D12/><U126/><E126/><V10/><F23/><W24/><G24/><T0/><D0/><U20/><REACH who="1" step="1"/><E108/><REACH who="1" ten="245,237,247,261" step="2"/><V6/><AGARI ba="0,1" hai="4,5,6,10,13,16,81,84,89,102,103" m="32775" machi="6" ten="30,7900,0" yaku="8,1,52,1,54,2" doraHai="9" who="2" fromWho="2" sc="245,-20,237,-39,247,89,261,-20" /><INIT seed="2,0,0,1,2,64" ten="225,198,336,241" oya="2" hai0="126,57,27,28,5,81,24,37,71,74,87,23,130" hai1="92,49,105,19,40,12,100,9,131,48,61,134,79" hai2="47,17,122,95,97,42,39,1,31,83,109,101,127" hai3="2,91,51,7,34,125,16,88,119,112,69,30,96"/><V65/><F122/><W104/><G119/><T75/><D71/><U110/><E110/><V98/><F109/><W54/><G125/><T43/><D126/><U6/><E105/><V46/><F127/><W133/><G69/><T132/><D130/><U85/><E131/><V29/><F1/><W50/><G50/><T107/><D107/><U13/><E134/><V58/><F83/><W62/><G62/><T56/><D5/><U90/><E100/><V44/><F17/><W14/><G133/><T82/><D132/><U80/><E61/><V117/><F117/><W73/><G73/><T128/><D128/><U102/><E102/><V8/><F8/><N who="3" m="2167" /><G96/><T11/><D11/><U32/><E32/><V108/><F108/><W135/><G104/><T60/><D43/><U10/><REACH who="1" step="1"/><E40/><REACH who="1" ten="225,188,336,241" step="2"/><V116/><F116/><W63/><G63/><T78/><D60/><U115/><E115/><V68/><F42/><W113/><G135/><T59/><D37/><U84/><AGARI ba="0,1" hai="6,9,10,12,13,19,48,49,79,80,84,85,90,92" machi="84" ten="20,5200,0" yaku="1,1,0,1,7,1,8,1,53,0" doraHai="64" doraHaiUra="123" who="1" fromWho="1" sc="225,-13,188,62,336,-26,241,-13" /><INIT seed="3,0,0,1,1,34" ten="212,250,310,228" oya="3" hai0="97,37,88,0,50,98,21,22,63,2,68,17,57" hai1="65,134,16,124,83,106,131,4,86,45,102,47,127" hai2="72,58,66,100,119,79,75,43,70,40,77,99,28" hai3="8,54,112,29,107,1,51,7,6,33,80,71,73"/><W117/><G112/><T35/><D35/><U96/><E134/><V122/><F119/><W135/><G135/><T93/><D37/><U36/><E131/><V55/><F28/><W44/><G107/><T26/><D68/><U3/><E65/><V69/><F122/><W113/><G113/><T82/><D82/><U20/><E36/><V121/><F121/><W76/><G71/><T11/><D50/><U39/><E39/><V13/><F13/><W111/><G117/><T95/><D21/><U85/><E4/><V90/><F90/><W23/><G7/><T109/><D11/><U15/><E3/><V14/><F14/><W130/><G130/><T78/><D78/><N who="1" m="46327" /><E86/><V133/><F133/><W108/><REACH who="3" step="1"/><G33/><REACH who="3" ten="212,250,310,218" step="2"/><T49/><D49/><U123/><E123/><V5/><F5/><W91/><G91/><N who="0" m="55487" /><D109/><U132/><E132/><V64/><F69/><W74/><G74/><T25/><D25/><AGARI ba="0,1" hai="1,6,8,23,25,29,44,51,54,73,76,80,108,111" machi="25" ten="40,3900,0" yaku="1,1,52,1,53,0" doraHai="34" doraHaiUra="60" who="3" fromWho="0" sc="212,-39,250,0,310,0,218,49" /><INIT seed="3,1,0,5,5,23" ten="173,250,310,267" oya="3" hai0="38,132,45,53,130,87,35,126,115,54,33,24,108" hai1="135,15,133,97,94,127,62,98,121,90,109,40,117" hai2="36,19,69,34,131,31,60,122,44,14,20,18,27" hai3="91,95,99,73,75,100,9,39,105,41,70,51,52"/><W77/><G70/><T56/><D108/><U4/><E121/><V66/><F122/><W21/><G9/><T0/><D0/><U128/><E109/><V61/><F131/><W57/><G77/><T46/><D130/><U59/><E128/><V107/><F107/><W42/><G21/><T49/><D132/><N who="1" m="50763" /><E40/><V11/><F61/><W104/><G104/><T89/><D126/><U10/><E127/><V25/><F44/><W2/><G2/><T119/><D119/><U48/><E48/><V1/><F1/><W16/><G16/><T81/><D115/><U113/><E113/><V88/><F88/><W29/><G29/><T74/><D74/><U55/><E117/><V67/><F67/><W50/><G39/><T84/><D84/><AGARI ba="1,0" hai="4,10,15,55,59,62,84,90,94,97,98" m="50763" machi="84" ten="30,1000,0" yaku="20,1" doraHai="23" who="1" fromWho="0" sc="173,-13,250,13,310,0,267,0" owari="160,-34.0,263,-13.7,310,41.0,267,6.7" /></mjloggm>