<mjloggm ver="2.3"><GO type="225" lobby="0"/><UN n0="%E3%81%82%E3%81%B9%E3%81%99%E3%81%91" n1="%3E%5F%30%40%E6%9D%8F%E6%9D%8F%E8%BB%8D%E5%9C%98" n2="%4B%2E%32%2E%4B%2E" n3="%72%69%6F%75%63%68%61%6E" dan="16,16,16,16" rate="2114.13,2123.66,2166.41,2116.26" sx="M,F,M,M"/><TAIKYOKU oya="0"/><INIT seed="0,0,0,0,0,126" ten="250,250,250,250" oya="0" hai0="99,100,5,22,95,65,77,47,12,75,34,114,0" hai1="21,117,89,129,4,55,125,127,23,82,62,134,13" hai2="107,133,106,32,31,116,83,9,135,63,85,113,102" hai3="84,73,36,121,30,6,130,87,48,80,59,20,66"/><T17/><D114/><U119/><E134/><N who="2" m="51211" /><F113/><W115/><G130/><T27/><D65/><U3/><E82/><V122/><F122/><W24/><G115/><T10/><D47/><U111/><E89/><V101/><F9/><W38/><G121/><T92/><D77/><U112/><E112/><V93/><F63/><W18/><G6/><T71/><D71/><U16/><E55/><V29/><F32/><W103/><G103/><N who="2" m="39433" /><F93/><W28/><G73/><T1/><D75/><U98/><E62/><V105/><F116/><N who="1" m="44617" /><E98/><V58/><F58/><W74/><G74/><T49/><D49/><U72/><E72/><V123/><F123/><W128/><G128/><T51/><D51/><U15/><E129/><V118/><F118/><W78/><G87/><T70/><D70/><U64/><E64/><V45/><F45/><W11/><G11/><T53/><D53/><U81/><E81/><V52/><F52/><W37/><REACH who="3" step="1"/><G48/><REACH who="3" ten="250,250,250,240" step="2"/><T43/><D1/><U86/><E86/><V54/><F54/><W39/><N who="3" m="9216" /><DORA hai="109" /><W2/><G2/><T61/><D61/><AGARI ba="0,1" hai="18,20,24,28,30,59,61,66,78,80,84" m="9216" machi="61" ten="70,2300,0" yaku="1,1,53,0" doraHai="126,109" doraHaiUra="97,50" who="3" fromWho="0" sc="250,-23,250,0,250,0,240,33" /><INIT seed="1,0,0,1,0,110" ten="227,250,250,273" oya="1" hai0="130,17,78,35,46,49,132,135,134,68,24,97,72" hai1="60,44,81,45,71,112,18,116,83,43,111,15,4" hai2="94,31,114,34,53,7,113,40,122,1,47,59,50" hai3="55,80,117,102,57,127,123,37,8,106,100,36,33"/><U87/><E116/><V11/><F122/><W64/><G123/><T133/><D68/><U20/><E111/><V75/><F75/><W21/><G33/><T96/><D130/><U25/><E112/><N who="2" m="43115" /><F94/><W6/><G80/><N who="0" m="45127" /><D35/><U38/><E45/><V129/><F129/><W39/><G39/><T93/><D93/><U16/><E4/><V32/><F31/><W74/><G36/><AGARI ba="0,0" hai="1,7,11,32,34,36,40,47,50,53,59" m="43115" machi="36" ten="30,7700,0" yaku="11,1,52,3" doraHai="110" who="2" fromWho="3" sc="227,0,250,0,250,77,273,-77" /><INIT seed="2,0,0,3,5,95" ten="227,250,327,196" oya="2" hai0="124,29,53,2,93,67,92,88,125,46,116,100,87" hai1="120,5,61,11,43,128,66,109,48,112,132,58,10" hai2="70,6,33,54,24,118,103,110,15,1,63,79,56" hai3="89,102,111,101,16,30,42,80,8,65,84,96,7"/><V106/><F118/><W91/><G111/><T86/><D2/><U38/><E112/><V59/><F1/><W45/><G30/><T64/><D116/><U50/><E109/><V3/><F3/><W126/><G126/><N who="0" m="48747" /><D29/><U52/><E128/><V37/><F37/><W31/><G31/><T121/><D121/><U105/><E105/><V18/><F33/><W76/><G65/><T36/><D36/><U28/><E28/><V107/><F70/><W40/><G7/><T113/><D113/><U17/><E132/><V83/><F103/><W104/><G102/><T119/><D119/><U135/><E135/><V22/><F110/><W94/><G45/><T51/><D87/><U26/><E120/><V47/><F47/><W82/><G82/><T44/><D46/><N who="1" m="25695" /><E5/><V122/><F122/><W35/><G35/><T68/><D68/><U131/><E131/><V34/><F34/><W114/><G114/><T14/><D14/><U98/><E38/><V115/><F115/><W75/><G89/><T90/><D90/><U130/><E130/><V12/><F59/><W32/><G32/><T123/><D123/><U85/><E85/><V21/><F6/><W39/><G39/><T77/><D77/><U117/><E117/><V49/><F49/><W27/><G27/><T78/><D78/><U60/><E50/><V55/><F55/><W133/><G133/><T62/><D62/><U129/><E60/><V20/><F20/><W74/><G74/><T71/><D71/><U72/><E72/><N who="2" m="43495" /><F24/><W81/><G80/><T25/><D25/><U127/><E127/><V23/><F23/><RYUUKYOKU ba="0,0" sc="227,10,250,-30,327,10,196,10" hai0="44,51,53,64,67,86,88,92,93,100" hai2="12,15,18,21,22,54,56,63,106,107" hai3="8,16,40,42,75,76,81,84,91,94,96,101,104" /><INIT seed="2,1,0,2,5,19" ten="237,220,337,206" oya="2" hai0="62,21,133,76,2,59,98,119,30,31,26,109,112" hai1="67,32,0,110,56,20,27,47,49,38,15,61,124" hai2="3,25,89,70,17,132,111,105,52,113,7,75,87" hai3="29,118,53,58,45,90,83,84,74,8,92,18,66"/><V51/><F113/><W54/><G118/><T64/><D112/><U100/><E0/><V114/><F114/><W94/><G29/><T125/><D109/><U101/><E38/><V43/><F75/><W135/><G135/><T35/><D133/><U10/><E32/><V24/><F70/><W120/><G120/><T121/><D121/><U13/><E124/><V57/><F132/><W128/><G128/><T1/><D125/><U22/><E110/><V107/><F111/><W96/><G74/><T108/><D108/><U55/><E15/><V77/><F77/><W63/><G45/><T42/><D42/><U127/><E127/><V12/><F43/><W33/><G33/><T95/><D76/><U23/><E27/><V6/><F105/><W81/><G94/><T40/><D40/><U28/><E28/><V14/><F3/><W72/><G72/><T34/><D31/><U69/><E69/><V129/><F107/><W123/><G123/><T115/><D115/><U44/><E47/><V79/><F79/><W73/><G73/><T60/><D35/><U106/><E106/><V85/><F85/><W82/><REACH who="3" step="1"/><G84/><REACH who="3" ten="237,220,337,196" step="2"/><T11/><D34/><U9/><REACH who="1" step="1"/><E9/><REACH who="1" ten="237,210,337,196" step="2"/><V4/><F129/><W68/><G68/><N who="0" m="41991" /><D11/><U126/><E126/><V102/><F57/><W122/><G122/><T36/><D119/><U104/><E104/><V97/><F4/><AGARI ba="1,2" hai="4,10,13,20,22,23,44,49,55,56,61,67,100,101" machi="4" ten="40,12000,2" yaku="1,1,8,1,52,3,53,1" doraHai="19" doraHaiUra="50" who="1" fromWho="2" sc="237,0,210,143,337,-123,196,0" /><INIT seed="3,0,0,4,3,111" ten="237,353,214,196" oya="3" hai0="29,40,5,10,24,68,98,14,59,42,52,17,125" hai1="70,132,28,106,3,90,26,71,84,133,87,44,117" hai2="91,81,37,130,64,34,92,23,15,113,77,114,127" hai3="16,101,2,110,93,38,118,27,18,19,96,134,12"/><W22/><G118/><T35/><D68/><N who="1" m="26155" /><E3/><V8/><F37/><W60/><G2/><T119/><D119/><U116/><E44/><V131/><F127/><W31/><G38/><T107/><D125/><U88/><E106/><V55/><F34/><W1/><G1/><T53/><D53/><U49/><E49/><V54/><F64/><W47/><G110/><T46/><D5/><U128/><E128/><N who="2" m="49195" /><F23/><W20/><G134/><N who="1" m="51818" /><E90/><V61/><F61/><W108/><G108/><T80/><D80/><N who="1" m="49159" /><E87/><N who="2" m="48559" /><F91/><W9/><G47/><T33/><D33/><AGARI ba="0,0" hai="26,28,33,116,117" m="49159,51818,26155" machi="33" ten="30,2000,0" yaku="20,1,54,1" doraHai="111" who="1" fromWho="0" sc="237,-20,353,20,214,0,196,0" owari="217,1.7,373,47.3,214,-18.6,196,-30.4" /></mjloggm>