<mjloggm ver="2.3"><GO type="225" lobby="0"/><UN n0="%E4%BF%BA%E3%81%A8%E5%A6%96%E5%A4%A2" n1="%72%69%6F%75%63%68%61%6E" n2="%6B%6F%64%61%6D%61%6E%37" n3="%74%61%6B%75%61%6B%61" dan="17,16,16,16" rate="2188.80,2272.18,2090.97,2079.39" sx="F,M,M,M"/><TAIKYOKU oya="0"/><INIT seed="0,0,0,5,3,84" ten="250,250,250,250" oya="0" hai0="65,9,127,11,6,70,105,12,21,115,64,32,101" hai1="19,56,128,114,99,51,108,62,3,113,45,61,95" hai2="104,10,93,123,26,117,17,72,74,35,119,102,24" hai3="87,18,69,77,63,60,44,33,23,109,75,73,59"/><T122/><D115/><N who="1" m="44043" /><E108/><V0/><F123/><W126/><G33/><T106/><D122/><U31/><E128/><V50/><F104/><W37/><G69/><T66/><D32/><U68/><E3/><V86/><F50/><W20/><G20/><T57/><D70/><U116/><E116/><N who="2" m="44619" /><F0/><W100/><G100/><T4/><D127/><U92/><E31/><N who="2" m="19943" /><F26/><W110/><G126/><T124/><D124/><U36/><E36/><V94/><F102/><W29/><G29/><T82/><D21/><U47/><E19/><V98/><F98/><W103/><G103/><T134/><D106/><U39/><E39/><V30/><F30/><W34/><G34/><T135/><D101/><N who="1" m="60647" /><E68/><V90/><F93/><W2/><G2/><T25/><D25/><U88/><E51/><V76/><F76/><W133/><G77/><T53/><D105/><U55/><E61/><V91/><F91/><W38/><G63/><T16/><D82/><U79/><E79/><V71/><F71/><W97/><G109/><T48/><REACH who="0" step="1"/><D9/><REACH who="0" ten="240,250,250,250" step="2"/><U107/><E107/><V85/><F10/><W132/><G110/><T131/><D131/><U46/><E45/><V43/><F94/><W41/><G44/><T7/><AGARI ba="0,1" hai="4,6,7,11,12,16,48,53,57,64,65,66,134,135" machi="7" ten="40,7800,0" yaku="1,1,0,1,54,1,53,0" doraHai="84" doraHaiUra="67" who="0" fromWho="0" sc="240,88,250,-26,250,-26,250,-26" /><INIT seed="0,1,0,5,3,92" ten="328,224,224,224" oya="0" hai0="109,36,63,84,131,38,124,42,51,12,57,77,39" hai1="65,110,115,134,59,32,132,58,45,17,47,128,40" hai2="29,6,73,27,125,107,35,75,113,127,103,120,33" hai3="9,15,82,70,22,86,11,100,71,7,67,37,121"/><T78/><D131/><U66/><E32/><V94/><F94/><W76/><G121/><T26/><D124/><N who="2" m="47690" /><F113/><W24/><G37/><T69/><D69/><U99/><E17/><V28/><F120/><W116/><G116/><T118/><D118/><U112/><E99/><N who="2" m="61951" /><F6/><W41/><G41/><T97/><D109/><U13/><E13/><V30/><F30/><W117/><G117/><T5/><D26/><AGARI ba="1,0" hai="26,27,28,29,33,35,73,75" m="61951,47690" machi="26" ten="30,3900,0" yaku="18,1,23,1,52,1" doraHai="92" who="2" fromWho="0" sc="328,-42,224,0,224,42,224,0" /><INIT seed="1,0,0,3,3,73" ten="286,224,266,224" oya="1" hai0="66,116,31,6,132,100,0,43,24,48,41,72,109" hai1="87,30,29,92,85,35,38,22,104,2,79,111,47" hai2="53,19,7,119,75,124,122,112,129,117,101,102,18" hai3="44,134,96,13,110,21,90,3,115,34,121,51,62"/><U59/><E104/><V99/><F122/><W88/><G121/><T9/><D116/><U69/><E69/><V130/><F75/><W89/><G115/><T28/><D109/><U70/><E70/><V14/><F112/><W20/><G34/><T127/><D127/><U4/><E35/><V105/><F124/><W123/><G3/><T5/><D132/><U67/><E111/><V98/><F53/><W37/><G37/><T126/><D126/><U57/><E2/><V8/><F19/><W58/><G123/><T26/><D5/><U10/><E38/><V107/><REACH who="2" step="1"/><F18/><REACH who="2" ten="286,224,256,224" step="2"/><N who="3" m="10319" /><G110/><T25/><D72/><U103/><E67/><V135/><F135/><W133/><G134/><T17/><D17/><U11/><E47/><V33/><F33/><W16/><G133/><T32/><D66/><U71/><E11/><V50/><F50/><W15/><G44/><T81/><D48/><U54/><E10/><V125/><F125/><W60/><G96/><T46/><D46/><U55/><E54/><AGARI ba="0,1" hai="15,16,21,51,54,58,60,62,88,89,90" m="10319" machi="54" ten="30,3900,0" yaku="8,1,54,2" doraHai="73" who="3" fromWho="1" sc="286,0,224,-39,256,0,224,49" /><INIT seed="2,0,0,3,2,46" ten="286,185,256,273" oya="2" hai0="10,28,115,45,73,77,131,18,42,114,71,89,112" hai1="29,133,53,26,91,31,19,50,134,99,116,90,119" hai2="103,48,111,88,79,75,94,56,59,22,61,37,17" hai3="1,9,95,128,58,125,11,5,23,36,68,110,74"/><V85/><F37/><W107/><G107/><T109/><D71/><U118/><E19/><V65/><F111/><W33/><G33/><T13/><D109/><U124/><E124/><V15/><F103/><W14/><G68/><T34/><D131/><U39/><E39/><V41/><F75/><W62/><G110/><T54/><D54/><U38/><E38/><V69/><F79/><W78/><G125/><T16/><D77/><U106/><E106/><V57/><REACH who="2" step="1"/><F41/><REACH who="2" ten="286,185,246,273" step="2"/><W67/><G36/><T87/><D73/><U98/><E90/><V6/><F6/><W135/><G78/><T4/><D112/><U66/><E91/><V113/><F113/><W130/><G74/><T70/><D114/><U27/><E119/><V0/><F0/><W80/><G1/><T117/><D115/><U122/><E122/><V82/><F82/><W132/><G80/><T43/><D42/><U20/><E118/><V126/><F126/><W101/><G128/><T104/><D117/><U21/><E116/><V24/><F24/><W127/><G127/><T83/><D4/><U51/><REACH who="1" step="1"/><E53/><AGARI ba="0,1" hai="15,17,22,48,53,56,57,59,61,65,69,85,88,94" machi="53" ten="40,12000,1" yaku="1,1,25,2,52,1,54,1,53,0" doraHai="46" doraHaiUra="35" who="2" fromWho="1" sc="286,0,185,-120,246,130,273,0" /><INIT seed="2,1,0,3,2,93" ten="286,65,376,273" oya="2" hai0="129,106,126,66,103,55,13,118,22,34,83,89,42" hai1="78,74,127,92,39,123,49,16,76,56,114,67,110" hai2="124,40,108,70,50,23,47,107,90,1,8,95,57" hai3="52,119,133,25,59,130,20,120,77,4,36,43,116"/><V29/><F70/><W58/><G120/><T79/><D34/><U62/><E114/><V0/><F107/><W35/><G35/><T134/><D134/><U19/><E127/><V68/><F124/><W84/><G133/><T80/><D42/><U14/><E39/><V132/><F68/><W15/><G130/><T69/><D55/><U18/><E123/><V101/><F101/><W98/><G36/><T37/><D37/><U97/><E74/><V44/><F132/><W12/><G43/><T105/><D66/><U28/><E110/><V24/><F108/><W3/><G59/><T100/><D69/><U53/><E28/><V81/><F47/><W88/><G3/><T11/><D22/><U109/><E109/><V99/><F8/><W21/><G119/><T104/><D129/><U45/><REACH who="1" step="1"/><E14/><REACH who="1" ten="286,55,376,273" step="2"/><V17/><F0/><W33/><G12/><T6/><D126/><U87/><E87/><N who="2" m="50543" /><F1/><W31/><G15/><T5/><D118/><U7/><E7/><V48/><F29/><W111/><G4/><T60/><D5/><U128/><E128/><V91/><F50/><W9/><G116/><T73/><D60/><U32/><E32/><V75/><F75/><W72/><G72/><T2/><D2/><U115/><E115/><V46/><F48/><W54/><G111/><T121/><D121/><U82/><E82/><V10/><F24/><W27/><G27/><T61/><D61/><U122/><E122/><V94/><F10/><W135/><G135/><T96/><D80/><U63/><E63/><V117/><F117/><W41/><G9/><T71/><D11/><RYUUKYOKU ba="1,1" sc="286,-10,55,30,376,-10,273,-10" hai1="16,18,19,45,49,53,56,62,67,76,78,92,97" /><INIT seed="3,2,1,3,4,66" ten="276,85,366,263" oya="3" hai0="73,6,32,89,37,122,25,103,58,127,9,14,61" hai1="106,47,57,45,64,76,70,54,68,40,116,62,77" hai2="81,97,49,126,34,133,125,27,135,2,22,75,104" hai3="38,48,96,12,8,129,50,124,60,101,93,41,7"/><W128/><G124/><N who="2" m="47721" /><F34/><W13/><G38/><T26/><D73/><U71/><E106/><V56/><F2/><W31/><G31/><T131/><D127/><U4/><E4/><V52/><F97/><W19/><G60/><T53/><D122/><U82/><E116/><V130/><F104/><W44/><REACH who="3" step="1"/><G50/><REACH who="3" ten="276,85,366,253" step="2"/><T113/><D37/><N who="1" m="21647" /><E82/><V55/><F81/><W110/><G110/><T3/><D61/><N who="1" m="39951" /><E77/><V115/><F115/><W83/><G83/><T11/><D113/><U63/><E76/><V29/><F75/><W107/><G107/><T36/><D36/><U16/><E16/><V79/><F79/><W134/><G134/><T0/><D6/><U120/><E120/><V119/><F119/><W92/><G92/><T108/><D32/><U111/><E111/><V21/><F135/><W59/><G59/><T123/><D108/><U121/><E121/><V109/><F133/><W86/><G86/><T90/><D123/><U132/><E132/><V105/><F109/><W118/><G118/><T65/><D58/><N who="1" m="35159" /><E47/><V80/><F105/><W84/><G84/><T112/><D112/><U117/><E117/><V18/><F29/><W85/><G85/><T74/><D74/><U98/><E98/><V20/><F80/><W5/><G5/><T35/><D35/><U10/><E10/><AGARI ba="2,2" hai="7,8,10,12,13,19,41,44,48,93,96,101,128,129" machi="10" ten="40,2000,0" yaku="1,1,53,0" doraHai="66" doraHaiUra="72" who="3" fromWho="1" sc="276,0,85,-26,366,0,253,46" /><INIT seed="3,3,0,0,3,19" ten="276,59,366,299" oya="3" hai0="72,135,114,2,58,62,70,113,111,117,8,43,109" hai1="88,104,1,99,82,29,89,131,124,15,44,22,21" hai2="125,133,110,32,35,28,67,101,51,95,20,134,127" hai3="4,76,23,126,34,79,100,119,52,16,49,25,14"/><W45/><G119/><T46/><D72/><U65/><E124/><N who="2" m="47691" /><F67/><W39/><G126/><T59/><D117/><U106/><E1/><V68/><F68/><W5/><G39/><N who="0" m="21887" /><D8/><U10/><E131/><V112/><F112/><N who="0" m="43114" /><D135/><N who="2" m="51722" /><F51/><W66/><G66/><N who="0" m="41303" /><D2/><U77/><E65/><V93/><F110/><AGARI ba="3,0" hai="58,59,109,110,111" m="41303,43114,21887" machi="110" ten="30,7700,0" yaku="14,1,11,1,34,2" doraHai="19" who="0" fromWho="2" sc="276,86,59,0,366,-86,299,0" owari="362,46.2,59,-44.1,280,-12.0,299,9.9" /></mjloggm>