<mjloggm ver="2.3"><GO type="225" lobby="0"/><UN n0="%E3%81%9F%E3%81%8C%E3%82%84%E3%81%99" n1="%E3%83%89%E3%83%A9%E3%81%8F%E3%82%8C" n2="%E3%80%93%E3%81%97%E3%83%BC%E3%82%89%E3%80%93" n3="%72%69%6F%75%63%68%61%6E" dan="17,17,16,16" rate="2171.03,2245.90,2138.83,2165.30" sx="M,M,M,M"/><TAIKYOKU oya="0"/><INIT seed="0,0,0,0,5,11" ten="250,250,250,250" oya="0" hai0="128,83,36,76,33,87,92,135,37,22,29,97,5" hai1="123,62,94,10,18,108,12,17,106,125,64,15,129" hai2="69,70,82,44,75,53,13,133,59,66,119,122,120" hai3="84,115,91,32,2,121,38,117,72,55,105,113,71"/><T132/><D33/><U78/><E108/><V24/><F133/><N who="0" m="51274" /><D128/><U124/><E106/><V68/><F24/><W40/><G72/><T50/><D5/><U89/><E78/><V30/><F30/><W130/><G117/><T39/><D50/><U90/><E129/><V118/><F82/><W3/><G32/><T99/><D92/><U86/><E90/><V126/><F13/><W57/><G105/><T103/><D103/><U95/><E95/><V131/><F75/><W1/><G130/><T35/><D35/><U109/><E109/><V107/><F107/><W77/><G121/><N who="2" m="46697" /><F131/><W42/><G1/><T31/><D22/><U100/><E100/><V116/><F126/><W26/><G2/><T127/><D127/><U65/><E123/><V14/><F14/><W45/><G3/><T23/><D23/><U54/><E125/><V110/><F110/><W4/><G4/><T51/><D51/><U9/><E124/><V61/><F44/><W114/><G26/><T46/><D46/><U63/><REACH who="1" step="1"/><E54/><AGARI ba="0,0" hai="53,54,59,61,66,68,69,70,116,118,119" m="46697" machi="54" ten="50,6400,0" yaku="12,1,34,2" doraHai="11" who="2" fromWho="1" sc="250,0,250,-64,250,64,250,0" /><INIT seed="1,0,0,0,5,105" ten="250,186,314,250" oya="1" hai0="78,6,127,10,7,120,1,0,33,52,69,107,89" hai1="56,83,104,47,93,42,64,13,108,66,5,77,36" hai2="102,40,37,74,51,70,84,91,21,75,23,28,17" hai3="61,101,98,22,18,94,86,65,115,106,62,110,16"/><U68/><E104/><V103/><F70/><W80/><G110/><T125/><D69/><U135/><E135/><V87/><F37/><W45/><G115/><T134/><D107/><U39/><E108/><V54/><F40/><W133/><G133/><T123/><D134/><U113/><E113/><V122/><F122/><N who="0" m="46634" /><D89/><U14/><E68/><V118/><F118/><W46/><G106/><T76/><D52/><U2/><E93/><V60/><F60/><N who="3" m="23147" /><G65/><N who="1" m="25194" /><E56/><V71/><F71/><W11/><G11/><N who="0" m="2503" /><D33/><U12/><E39/><V57/><F103/><W30/><G30/><T9/><D9/><N who="1" m="2231" /><E12/><V67/><F102/><W124/><G124/><AGARI ba="0,0" hai="1,7,10,76,78,124,125,127" m="2503,46634" machi="124" ten="30,2000,0" yaku="18,1,13,1" doraHai="105" who="0" fromWho="3" sc="250,20,186,0,314,0,250,-20" /><INIT seed="2,0,0,1,1,8" ten="270,186,314,230" oya="2" hai0="6,16,2,107,127,97,19,12,117,35,104,86,116" hai1="50,102,103,95,62,49,40,56,44,46,99,24,45" hai2="48,21,42,93,3,65,10,105,36,27,108,84,85" hai3="75,134,126,129,113,64,59,66,132,123,33,76,67"/><V57/><F105/><W71/><G123/><T38/><D38/><U112/><E112/><V47/><F108/><W106/><G33/><T74/><D74/><U91/><E24/><V20/><F3/><W54/><G106/><T31/><D86/><U77/><E77/><V37/><F21/><W90/><G76/><T131/><D19/><U78/><E78/><V5/><F93/><W119/><G75/><T89/><D89/><U121/><E121/><V26/><F37/><W100/><G100/><T41/><D41/><U68/><E68/><V109/><F109/><W81/><G119/><N who="0" m="45643" /><D97/><U63/><E46/><V0/><F27/><W52/><G113/><T124/><D131/><U128/><E128/><V23/><F23/><W14/><G129/><T30/><D104/><U135/><E135/><N who="3" m="51754" /><G126/><N who="0" m="48171" /><D107/><U25/><E63/><V83/><F83/><W96/><G71/><T122/><D35/><U125/><E25/><V70/><F70/><W11/><G59/><T7/><D2/><U51/><E125/><V133/><F133/><W114/><G114/><T118/><D122/><U39/><REACH who="1" step="1"/><E45/><REACH who="1" ten="270,176,314,230" step="2"/><N who="2" m="25655" /><F26/><W69/><G69/><T110/><D118/><U130/><E130/><V43/><F47/><W79/><G79/><T55/><D110/><U28/><E28/><N who="0" m="10793" /><D55/><AGARI ba="0,1" hai="39,40,44,49,50,51,55,56,62,91,95,99,102,103" machi="55" ten="40,1300,0" yaku="1,1,53,0" doraHai="8" doraHaiUra="4" who="1" fromWho="0" sc="270,-13,176,23,314,0,230,0" /><INIT seed="3,0,0,0,1,87" ten="257,199,314,230" oya="3" hai0="75,76,131,113,82,94,3,100,106,18,130,29,118" hai1="13,43,109,55,86,1,37,107,58,39,74,70,133" hai2="42,24,71,15,119,64,90,134,50,2,79,30,103" hai3="110,9,47,6,59,111,84,125,89,78,68,97,66"/><W92/><G68/><T73/><D3/><U34/><E74/><V33/><F2/><W91/><G125/><T65/><D118/><U21/><E1/><V117/><F79/><W38/><G78/><T132/><D75/><U53/><E34/><V44/><F134/><W63/><G47/><T14/><D29/><U122/><E107/><V124/><F124/><W135/><G38/><T25/><D25/><U101/><E101/><V27/><F27/><W99/><G135/><T52/><D65/><U28/><E70/><V32/><F32/><W12/><REACH who="3" step="1"/><G99/><REACH who="3" ten="257,199,314,220" step="2"/><T0/><D76/><U61/><E133/><V26/><F44/><W96/><G96/><T11/><D132/><U123/><E39/><V95/><F117/><W108/><G108/><T81/><D131/><U46/><E109/><V127/><F119/><W23/><G23/><T49/><D130/><U36/><E36/><V121/><F127/><W8/><G8/><T102/><D11/><U115/><E21/><V4/><F71/><W126/><G126/><T41/><D113/><U57/><E115/><V17/><F33/><W16/><G16/><T19/><D18/><U31/><E31/><V83/><F30/><W48/><G48/><T120/><D49/><U69/><E69/><V54/><F50/><W40/><G40/><T98/><D19/><U67/><E28/><V51/><F42/><W77/><G77/><T10/><D41/><U112/><E112/><V116/><F116/><W5/><G5/><T22/><D10/><U129/><E129/><V80/><F4/><W72/><G72/><T35/><D22/><RYUUKYOKU ba="0,1" sc="257,-10,199,-10,314,-10,220,30" hai3="6,9,12,59,63,66,84,89,91,92,97,110,111" /><INIT seed="3,1,1,2,0,121" ten="247,189,304,250" oya="3" hai0="126,17,114,134,0,60,2,117,44,122,127,106,31" hai1="14,97,77,83,8,129,98,58,124,32,92,9,25" hai2="66,61,29,50,109,120,34,6,5,51,37,70,94" hai3="71,63,99,64,67,38,68,81,125,132,128,48,20"/><W45/><G125/><N who="0" m="47627" /><D106/><U59/><E124/><V65/><F109/><W96/><G128/><T56/><D122/><U111/><E129/><V119/><F119/><W135/><G38/><T54/><D117/><U112/><E112/><V80/><F37/><W74/><G20/><T53/><D114/><U27/><E111/><V133/><F34/><W113/><G113/><T86/><D134/><N who="3" m="51241" /><G74/><T16/><D31/><U93/><E32/><V116/><F29/><W55/><G81/><T15/><D86/><U90/><E83/><V13/><F80/><W130/><G130/><T57/><D44/><U91/><REACH who="1" step="1"/><E14/><REACH who="1" ten="247,179,304,250" step="2"/><V85/><F13/><W89/><G89/><T23/><D17/><U4/><E4/><V1/><F6/><W95/><G95/><T28/><D28/><U30/><E30/><V75/><F5/><W105/><G105/><T78/><D78/><AGARI ba="1,2" hai="8,9,25,27,58,59,77,78,90,91,92,93,97,98" machi="78" ten="25,6400,0" yaku="1,1,22,2,8,1,53,0" doraHai="121" doraHaiUra="24" who="1" fromWho="0" sc="247,-67,179,87,304,0,250,0" owari="180,-32.0,266,6.6,304,40.4,250,-15.0" /></mjloggm>