<mjloggm ver="2.3"><GO type="225" lobby="0"/><UN n0="%E3%81%82%E3%81%B9%E3%81%99%E3%81%91" n1="%E3%82%B2%E3%82%B9%E8%8C%82%E5%8B%9D" n2="%4C%4F%4C%49%54%41" n3="%6D%75%75%6D%75%72%61" dan="16,16,16,16" rate="2113.94,2088.88,2219.06,2097.05" sx="M,F,F,F"/><TAIKYOKU oya="0"/><INIT seed="0,0,0,4,3,3" ten="250,250,250,250" oya="0" hai0="132,28,22,108,6,64,8,73,41,59,49,62,102" hai1="83,67,61,2,16,117,44,81,37,72,39,9,122" hai2="63,75,131,50,43,15,101,33,123,79,32,129,94" hai3="109,25,135,7,134,53,84,5,30,0,18,99,26"/><T68/><D132/><N who="3" m="50729" /><G0/><T29/><D73/><U36/><E122/><V80/><F123/><W42/><G109/><T66/><D108/><U91/><E117/><V110/><F110/><W48/><G42/><T118/><D118/><U87/><E44/><N who="2" m="25887" /><F63/><W46/><G84/><T120/><D120/><U12/><E2/><V4/><F94/><W77/><G77/><T119/><D68/><U70/><REACH who="1" step="1"/><E72/><REACH who="1" ten="250,240,250,250" step="2"/><V56/><F75/><W114/><G114/><T19/><D119/><U133/><E133/><V130/><F129/><W14/><G99/><T27/><D41/><U107/><E107/><V124/><F131/><W105/><G105/><T106/><D106/><U24/><E24/><N who="3" m="9322" /><G30/><T47/><D29/><U126/><E126/><V1/><F124/><W86/><G86/><T51/><D28/><U21/><E21/><AGARI ba="0,1" hai="5,7,14,18,21,46,48,53" m="9322,50729" machi="21" ten="30,3900,0" yaku="20,1,52,2" doraHai="3" who="3" fromWho="1" sc="250,0,240,-39,250,0,250,49" /><INIT seed="1,0,0,5,5,85" ten="250,201,250,299" oya="1" hai0="0,12,25,119,11,93,84,26,4,67,78,73,102" hai1="76,116,124,45,107,68,14,115,33,122,6,38,31" hai2="2,47,23,121,114,37,125,54,55,64,77,81,80" hai3="61,96,51,16,101,110,32,8,89,117,42,29,15"/><U65/><E116/><V40/><F121/><W98/><G117/><T17/><D73/><U52/><E122/><V13/><F2/><W90/><G110/><T123/><D119/><U95/><E107/><V92/><F125/><W53/><G42/><T109/><D109/><U120/><E120/><V48/><F114/><W39/><G39/><T135/><D135/><U72/><E115/><V59/><F64/><W111/><G111/><T28/><D123/><U22/><E33/><V10/><F23/><W131/><G131/><T56/><D26/><N who="1" m="16855" /><E72/><V97/><F55/><W94/><G32/><T24/><D28/><U103/><E38/><V49/><F77/><W88/><G29/><T63/><D78/><U44/><E124/><V118/><F37/><W66/><G96/><T74/><D74/><U5/><E65/><V91/><REACH who="2" step="1"/><F118/><REACH who="2" ten="250,201,240,299" step="2"/><W46/><REACH who="3" step="1"/><G101/><REACH who="3" ten="250,201,240,289" step="2"/><T43/><D102/><U87/><E103/><V41/><F41/><W105/><G105/><T128/><D43/><U20/><E68/><AGARI ba="0,2" hai="8,15,16,46,51,53,61,66,68,88,89,90,94,98" machi="68" ten="30,12000,2" yaku="1,1,7,1,52,3,54,2,53,0" doraHai="85" doraHaiUra="83" who="3" fromWho="1" sc="250,0,201,-120,240,0,289,140" /><INIT seed="2,0,0,4,2,127" ten="250,81,240,429" oya="2" hai0="120,113,67,102,121,48,104,75,129,68,11,100,0" hai1="54,111,16,13,29,2,115,25,66,28,101,36,92" hai2="64,69,12,43,70,27,98,61,89,91,93,46,65" hai3="73,110,21,81,131,8,77,1,135,49,76,88,30"/><V126/><F126/><W38/><G38/><T107/><D113/><U117/><E115/><V6/><F27/><W96/><G110/><T10/><D48/><U108/><E36/><V125/><F125/><W5/><G131/><T22/><D22/><N who="1" m="13511" /><E66/><V97/><F6/><W72/><G135/><T44/><D44/><U85/><E54/><V116/><F12/><W62/><G62/><T20/><D75/><U71/><E71/><V19/><F19/><W24/><G49/><T63/><D129/><U78/><E101/><V87/><F116/><W106/><G106/><T119/><D102/><U83/><E92/><V112/><F112/><W74/><REACH who="3" step="1"/><G96/><REACH who="3" ten="250,81,240,419" step="2"/><T105/><D107/><U103/><E117/><V53/><F53/><W50/><G50/><T18/><D105/><U109/><E2/><V45/><F45/><W7/><G7/><T42/><D0/><U80/><E103/><V41/><F41/><W59/><G59/><T32/><D42/><U39/><E39/><V56/><F65/><W34/><G34/><T130/><D100/><U90/><E13/><V40/><F40/><W51/><G51/><T3/><D104/><U47/><E47/><V132/><F132/><W57/><G57/><T15/><D3/><U128/><E128/><V133/><F133/><W60/><G60/><T95/><D130/><U82/><E78/><V35/><F35/><W23/><G23/><T17/><D32/><U123/><E123/><V134/><F134/><W86/><AGARI ba="0,1" hai="1,5,8,21,24,30,72,73,74,76,77,81,86,88" machi="86" ten="40,5200,0" yaku="1,1,0,1,54,1,53,0" doraHai="127" doraHaiUra="52" who="3" fromWho="3" sc="250,-13,81,-13,240,-26,419,62" /><INIT seed="3,0,0,4,5,99" ten="237,68,214,481" oya="3" hai0="57,17,70,115,47,39,48,23,131,110,118,45,16" hai1="111,20,25,120,14,129,35,55,21,29,33,107,105" hai2="102,92,87,38,112,36,100,95,27,86,109,76,73" hai3="31,97,114,124,84,6,28,128,4,130,37,52,5"/><W60/><G37/><T63/><D110/><U59/><E105/><V96/><F109/><W123/><G123/><T8/><D118/><U132/><E107/><V93/><F27/><W7/><G114/><T58/><D131/><U134/><E59/><V67/><F67/><W46/><G124/><T42/><D115/><U117/><E55/><V61/><F112/><W119/><G119/><T50/><D8/><U75/><E75/><V62/><F93/><W91/><G6/><T15/><D17/><U3/><E111/><V10/><F10/><W78/><G78/><T66/><D39/><U69/><E69/><V54/><F54/><AGARI ba="0,0" hai="15,16,23,42,45,47,48,50,54,57,58,63,66,70" machi="54" ten="30,2000,0" yaku="7,1,54,1" doraHai="99" who="0" fromWho="2" sc="237,20,68,0,214,-20,481,0" owari="257,5.7,68,-43.2,194,-20.6,481,58.1" /></mjloggm>