<mjloggm ver="2.3"><GO type="225" lobby="0"/><UN n0="%6D%61%74%69%67%75%73%61" n1="%E3%81%AF%E3%82%88%E3%81%8A%E3%81%98%E3%81%95%E3%82%93" n2="%E7%B4%94%E6%BD%94%E3%83%94%E3%83%A9%E3%83%8B%E3%82%A2" n3="%E4%B8%89%E5%88%86%E5%B0%8F%E5%83%A7" dan="17,17,17,16" rate="2171.19,2144.92,2216.86,2088.41" sx="M,M,M,M"/><TAIKYOKU oya="0"/><INIT seed="0,0,0,0,0,12" ten="250,250,250,250" oya="0" hai0="33,47,6,54,67,62,130,92,30,51,27,60,20" hai1="18,129,29,101,45,3,11,8,98,116,93,57,46" hai2="126,133,83,72,121,132,131,76,69,59,5,19,53" hai3="50,21,122,35,48,115,14,37,39,70,73,103,17"/><T28/><D130/><U0/><E116/><V49/><F121/><W107/><G115/><T9/><D33/><U96/><E129/><V25/><F69/><W79/><G35/><T40/><D30/><U15/><E29/><V77/><F126/><W36/><G70/><T41/><D92/><U43/><E46/><V127/><F127/><W32/><G32/><T68/><REACH who="0" step="1"/><D62/><REACH who="0" ten="240,250,250,250" step="2"/><U100/><E57/><V118/><F59/><W16/><G122/><T88/><D88/><U24/><E24/><V123/><F25/><W31/><G31/><T89/><D89/><U61/><E61/><V55/><F123/><W134/><G134/><T81/><D81/><U66/><E66/><V78/><F83/><W80/><REACH who="3" step="1"/><G17/><REACH who="3" ten="240,250,250,240" step="2"/><T111/><D111/><U71/><E71/><V82/><F19/><W85/><G85/><T7/><D7/><U58/><E18/><V23/><F5/><W109/><G109/><T1/><AGARI ba="0,2" hai="1,6,9,20,27,28,40,41,47,51,54,60,67,68" machi="1" ten="20,3900,0" yaku="1,1,0,1,7,1,53,0" doraHai="12" doraHaiUra="112" who="0" fromWho="0" sc="240,59,250,-13,250,-13,240,-13" /><INIT seed="0,1,0,2,5,22" ten="299,237,237,227" oya="0" hai0="47,5,32,8,82,100,106,65,119,14,62,43,20" hai1="46,98,130,87,59,4,73,24,88,96,66,31,123" hai2="36,0,30,16,11,129,10,99,15,18,128,40,109" hai3="97,80,81,34,75,101,19,42,63,56,121,92,91"/><T102/><D119/><U90/><E123/><V72/><F72/><W27/><G121/><T69/><D32/><U37/><E73/><V105/><F36/><W28/><G75/><T114/><D114/><U39/><E130/><N who="2" m="50283" /><F40/><W54/><G42/><T131/><D131/><U77/><E4/><N who="2" m="1287" /><F99/><N who="1" m="37929" /><E39/><V7/><F105/><W83/><REACH who="3" step="1"/><G19/><REACH who="3" ten="299,237,237,217" step="2"/><N who="2" m="7209" /><F109/><W84/><AGARI ba="1,1" hai="27,28,34,54,56,63,80,81,83,84,91,92,97,101" machi="84" ten="30,4000,0" yaku="1,1,0,1,52,1,53,0" doraHai="22" doraHaiUra="124" who="3" fromWho="3" sc="299,-21,237,-11,237,-11,217,53" /><INIT seed="1,0,0,2,5,29" ten="278,226,226,270" oya="1" hai0="11,105,63,20,25,126,97,89,116,96,100,50,119" hai1="118,98,129,36,75,43,130,9,1,47,53,77,92" hai2="73,122,83,57,17,103,26,60,72,94,78,21,80" hai3="55,0,15,62,10,22,131,106,91,51,85,14,19"/><U45/><E118/><V95/><F122/><W114/><G106/><T74/><D74/><U93/><E77/><V12/><F103/><W71/><G0/><T67/><D126/><U35/><E75/><V70/><F70/><W124/><G114/><T23/><D23/><U40/><E53/><V81/><F78/><W109/><G109/><T132/><D132/><U86/><E86/><V128/><F128/><N who="1" m="49257" /><E35/><V108/><F108/><W104/><G104/><T3/><D50/><N who="1" m="26919" /><E98/><V31/><F73/><W134/><G134/><T38/><D38/><U54/><E54/><V27/><F72/><W61/><G124/><T30/><D96/><U79/><E79/><V101/><F101/><W110/><G71/><T102/><D100/><U64/><E64/><V52/><REACH who="2" step="1"/><F26/><REACH who="2" ten="278,226,216,270" step="2"/><W8/><G110/><T13/><D102/><U18/><E1/><V123/><F123/><W127/><G131/><T39/><D3/><U65/><E65/><V68/><F68/><W46/><G127/><T4/><D105/><U58/><E58/><V115/><F115/><W88/><G91/><T6/><D89/><U37/><E37/><V125/><F125/><W33/><G88/><T66/><D39/><U24/><E24/><V87/><F87/><W41/><G85/><T2/><D97/><U107/><E107/><V99/><F99/><W76/><G76/><T133/><D67/><U44/><E44/><V112/><F112/><W120/><G46/><T111/><D111/><U82/><E82/><V7/><F7/><W48/><G120/><T28/><D133/><U32/><E32/><AGARI ba="0,1" hai="12,17,21,27,31,32,52,57,60,80,81,83,94,95" machi="32" ten="40,5200,0" yaku="1,1,52,1,54,1,53,0" doraHai="29" doraHaiUra="84" who="2" fromWho="1" sc="278,0,226,-52,216,62,270,0" /><INIT seed="2,0,0,1,2,101" ten="278,174,278,270" oya="2" hai0="42,11,36,8,129,12,85,35,132,9,52,62,28" hai1="79,19,48,18,70,124,83,59,104,1,77,114,127" hai2="68,44,78,90,130,119,64,65,22,116,115,135,34" hai3="84,89,20,103,16,105,53,106,39,50,54,86,40"/><V4/><F34/><W27/><G103/><T93/><D36/><U71/><E114/><V120/><F115/><W117/><G117/><T102/><D42/><U30/><E1/><V110/><F120/><W49/><G39/><T21/><D35/><U33/><E33/><V63/><F64/><W14/><G40/><T13/><D129/><U5/><E30/><V24/><F130/><W126/><G126/><N who="1" m="48170" /><E5/><V87/><F135/><W26/><G14/><T23/><D132/><U31/><E31/><V66/><F66/><W0/><G0/><T122/><D122/><U15/><E48/><V75/><F4/><W131/><G131/><T32/><D32/><U97/><E59/><V10/><F10/><W51/><G27/><N who="0" m="16495" /><D23/><U46/><E46/><V82/><F44/><W134/><G134/><T61/><D61/><U17/><E15/><V56/><F68/><N who="1" m="26153" /><E83/><V38/><F38/><W108/><G86/><T125/><D85/><U100/><AGARI ba="0,0" hai="17,18,19,77,79,97,100,104" m="26153,48170" machi="100" ten="40,2700,0" yaku="18,1,52,1" doraHai="101" who="1" fromWho="1" sc="278,-7,174,27,278,-13,270,-7" /><INIT seed="3,0,0,4,3,41" ten="271,201,265,263" oya="3" hai0="56,112,39,133,8,71,64,33,91,89,60,132,19" hai1="86,15,1,92,115,109,87,70,18,65,101,104,48" hai2="119,102,32,120,78,40,31,5,27,127,24,21,25" hai3="47,26,62,42,90,6,93,16,46,11,84,69,135"/><W83/><G135/><N who="0" m="51787" /><D33/><U74/><E115/><V128/><F78/><N who="3" m="46199" /><G42/><T55/><D39/><U36/><E74/><V23/><F102/><W53/><G69/><T44/><D112/><U96/><E36/><V29/><F40/><W50/><G62/><N who="0" m="40343" /><D44/><N who="3" m="16937" /><G6/><T121/><D121/><U38/><E38/><V100/><F100/><W52/><G50/><T43/><D43/><U114/><E1/><V98/><F120/><W67/><G67/><T88/><D8/><U97/><E114/><V80/><F119/><W99/><G11/><T3/><D19/><U81/><E48/><V122/><F122/><W116/><G116/><T4/><D4/><U94/><E104/><V35/><F5/><W7/><G7/><T108/><D3/><U68/><E65/><V30/><F80/><W106/><G106/><T73/><D73/><U58/><E58/><V54/><F54/><W117/><G117/><T34/><D34/><U85/><E81/><V2/><F2/><W66/><G66/><T9/><D9/><U22/><REACH who="1" step="1"/><E109/><AGARI ba="0,0" hai="55,56,60,88,89,91,108,109" m="40343,51787" machi="109" ten="40,2600,0" yaku="20,1,54,1" doraHai="41" who="0" fromWho="1" sc="271,26,201,-26,265,0,263,0" /><INIT seed="4,0,0,2,4,24" ten="297,175,265,263" oya="0" hai0="39,41,49,67,0,115,94,29,38,90,55,122,85" hai1="31,77,37,70,46,114,75,4,74,25,96,86,59" hai2="124,104,71,54,14,57,58,56,76,27,3,100,113" hai3="13,20,10,19,119,42,134,123,125,6,1,130,69"/><T95/><D0/><U26/><E70/><V22/><F3/><W73/><G119/><T126/><D122/><U48/><E114/><V40/><F113/><W92/><G73/><T80/><D115/><U106/><E4/><V28/><F71/><W87/><G69/><T72/><D67/><U2/><E2/><V66/><F124/><W129/><G125/><T103/><D41/><U102/><E25/><V61/><F76/><W109/><G109/><T79/><D29/><U64/><E37/><V33/><F40/><W108/><G108/><T120/><D120/><U9/><E9/><V23/><F33/><W47/><G123/><T84/><D126/><U78/><E59/><N who="2" m="37183" /><F104/><W65/><G65/><T98/><D72/><U101/><E102/><V121/><F100/><W133/><G87/><T99/><D99/><U127/><E64/><V53/><F121/><W93/><G93/><T128/><D128/><N who="3" m="49257" /><G92/><T97/><D97/><U16/><E127/><V105/><F105/><W11/><G11/><T82/><D95/><U63/><E86/><V35/><F35/><W81/><G81/><T112/><D112/><U21/><E75/><V12/><F22/><W18/><G18/><T110/><D110/><U62/><E74/><V117/><F117/><W52/><G52/><AGARI ba="0,0" hai="12,14,23,27,28,52,53,54,56,57,58" m="37183" machi="52" ten="30,3900,0" yaku="8,1,52,1,54,1" doraHai="24" who="2" fromWho="3" sc="297,0,175,0,265,39,263,-39" owari="297,9.7,175,-32.5,304,40.4,224,-17.6" /></mjloggm>