<mjloggm ver="2.3"><GO type="225" lobby="0"/><UN n0="%6D%75%75%6D%75%72%61" n1="%E2%98%86%41%64%72%69%61%6E" n2="%E3%81%A9%E3%82%93%E3%82%88%E3%81%8F%4D%6B%2E%32" n3="%E7%AD%89%E3%80%85%E5%8A%9B%E5%8A%87%E5%A0%B4" dan="16,17,16,16" rate="2134.18,2193.18,2188.07,2148.62" sx="F,M,M,M"/><TAIKYOKU oya="0"/><INIT seed="0,0,0,1,4,46" ten="250,250,250,250" oya="0" hai0="63,52,106,133,75,2,45,70,71,1,60,90,77" hai1="95,127,18,81,7,86,115,126,92,124,78,68,38" hai2="112,3,28,132,98,34,27,118,40,108,29,65,48" hai3="51,39,31,58,11,83,135,123,129,24,72,85,64"/><T116/><D116/><U67/><E38/><V20/><F112/><W117/><G39/><T9/><D106/><U15/><E7/><V19/><F118/><W110/><G117/><T76/><D133/><U121/><E121/><V84/><F132/><W99/><G135/><T101/><D101/><U14/><E115/><V97/><F3/><W33/><G110/><T13/><D90/><U12/><E18/><V47/><F108/><W89/><G129/><T105/><D105/><U25/><E25/><V96/><F65/><W131/><G131/><T26/><D26/><U37/><E37/><V4/><F4/><W122/><G72/><T23/><D23/><U69/><REACH who="1" step="1"/><E67/><REACH who="1" ten="250,240,250,250" step="2"/><V54/><F34/><W91/><G64/><T36/><D36/><U61/><E61/><V130/><F130/><W53/><G11/><T94/><D9/><U114/><E114/><V113/><F113/><W100/><REACH who="3" step="1"/><G89/><REACH who="3" ten="250,240,250,240" step="2"/><T50/><D76/><U125/><N who="1" m="31744" /><DORA hai="134" /><U88/><E88/><V119/><F119/><W80/><G80/><T66/><D77/><U87/><E87/><V73/><F73/><W82/><G82/><T42/><D75/><U93/><AGARI ba="0,2" hai="12,14,15,68,69,78,81,86,92,93,95" m="31744" machi="93" ten="70,16000,3" yaku="1,1,0,1,29,2,18,1,52,4,53,0" doraHai="46,134" doraHaiUra="111,43" who="1" fromWho="1" sc="250,-80,240,180,250,-40,240,-40" /><INIT seed="1,0,0,3,1,89" ten="170,420,210,200" oya="1" hai0="130,13,118,77,98,96,115,39,66,61,29,42,12" hai1="16,9,68,86,87,120,8,110,81,22,94,32,80" hai2="93,107,75,30,90,74,51,21,7,46,117,28,11" hai3="20,83,48,111,60,103,126,33,127,65,63,18,104"/><U97/><E120/><V37/><F117/><W132/><G33/><T72/><D118/><U4/><E68/><V50/><F107/><W38/><G38/><T54/><D115/><U128/><E32/><V49/><F37/><W67/><G111/><T14/><D130/><U45/><E128/><V125/><F125/><W69/><G132/><T71/><D29/><U112/><E45/><V25/><F30/><W100/><G48/><T43/><D54/><U124/><E124/><V2/><REACH who="2" step="1"/><F46/><REACH who="2" ten="170,420,200,200" step="2"/><W134/><G104/><T6/><D39/><U101/><E110/><V44/><F44/><W116/><G116/><T31/><D31/><U109/><E109/><V1/><F1/><W17/><G127/><T55/><D6/><U64/><E112/><V79/><F79/><W47/><G47/><T70/><D77/><N who="1" m="46351" /><E4/><V62/><F62/><W73/><G63/><T0/><D0/><U106/><E106/><V10/><F10/><W113/><G60/><T40/><D61/><U122/><E122/><V58/><F58/><W27/><G126/><T5/><D5/><U135/><E135/><V85/><AGARI ba="0,1" hai="2,7,11,21,25,28,49,50,51,74,75,85,90,93" machi="85" ten="30,4000,0" yaku="1,1,0,1,52,1,53,0" doraHai="89" doraHaiUra="133" who="2" fromWho="2" sc="170,-10,420,-20,200,50,200,-10" /><INIT seed="2,0,0,3,0,88" ten="160,400,250,190" oya="2" hai0="41,4,60,75,85,20,80,23,19,107,42,1,113" hai1="53,36,65,21,47,58,108,99,66,57,126,14,87" hai2="81,120,61,111,79,131,56,117,34,112,10,11,38" hai3="25,93,123,105,122,50,40,7,8,71,89,33,101"/><V82/><F38/><W109/><G71/><T116/><D113/><U90/><E36/><V68/><F68/><W118/><G118/><T69/><D116/><U43/><E108/><V6/><F117/><W115/><G109/><T135/><D135/><U15/><E126/><V124/><F34/><W127/><G127/><T9/><D75/><U17/><E99/><V55/><F124/><W67/><G115/><T84/><D107/><U97/><E97/><V12/><F111/><W110/><G110/><T72/><D72/><U98/><E98/><V48/><F112/><W46/><G67/><N who="1" m="25610" /><E43/><V62/><F120/><W103/><G105/><T13/><D69/><U95/><E15/><V119/><F131/><W134/><G134/><T74/><D60/><U26/><E26/><V78/><F119/><W73/><G73/><T0/><D74/><U18/><E18/><V16/><F81/><W102/><G25/><T31/><D84/><U5/><E5/><V51/><F62/><W59/><G33/><T104/><D104/><U37/><E37/><V83/><F83/><W128/><G128/><T106/><D106/><U44/><E58/><V52/><F82/><W76/><G59/><T132/><D132/><U49/><AGARI ba="0,0" hai="14,17,21,44,47,49,53,57,87,90,95" m="25610" machi="49" ten="30,4000,0" yaku="25,1,8,1,52,1" doraHai="88" who="1" fromWho="1" sc="160,-10,400,40,250,-20,190,-10" /><INIT seed="3,0,0,4,5,86" ten="150,440,230,180" oya="3" hai0="27,109,80,42,69,74,123,113,29,62,49,105,16" hai1="57,45,44,31,128,41,120,95,76,61,82,24,43" hai2="8,23,13,94,21,104,102,100,126,112,28,17,133" hai3="116,92,130,66,132,83,88,71,5,84,122,127,63"/><W32/><G116/><T114/><D123/><U68/><E68/><V58/><F104/><W48/><G122/><T3/><D3/><U39/><E128/><V98/><F112/><N who="0" m="43114" /><D105/><U15/><E120/><V59/><F126/><W115/><G115/><T9/><D109/><U36/><E95/><V131/><F131/><W22/><G130/><T93/><D69/><U108/><E15/><V90/><F133/><W55/><G32/><T64/><D42/><U34/><E108/><V121/><F121/><W85/><G127/><T0/><D0/><U11/><E11/><V56/><F28/><W20/><G5/><T2/><D2/><U30/><E24/><V107/><F107/><W101/><G132/><T81/><D49/><U14/><E14/><N who="2" m="9399" /><F23/><W106/><G106/><T91/><D74/><U124/><E34/><V12/><F12/><W51/><G51/><T37/><D37/><U134/><E134/><V26/><F26/><W52/><G55/><T53/><D53/><U89/><E89/><V1/><F1/><W118/><G118/><T40/><D40/><U99/><E99/><V135/><F135/><W103/><G22/><N who="0" m="13767" /><D29/><U129/><E129/><V110/><F110/><W54/><G20/><T79/><D9/><U35/><E35/><V117/><F117/><W78/><G54/><T60/><D64/><N who="1" m="38959" /><E124/><V18/><AGARI ba="0,0" hai="8,13,18,56,58,59,90,94,98,100,102" m="9399" machi="18" ten="30,2000,0" yaku="8,1,52,1" doraHai="86" who="2" fromWho="2" sc="150,-5,440,-5,230,20,180,-10" owari="145,-35.5,435,53.5,250,5.0,170,-23.0" /></mjloggm>