<mjloggm ver="2.3"><GO type="225" lobby="0"/><UN n0="%E6%B0%B7%E5%B7%9D%E9%87%8C%E5%A5%88" n1="%E3%82%BF%E3%83%BC%E3%83%90%E3%83%B3%E9%87%8E%E5%8F%A3" n2="%E3%82%A2%E3%82%A4%E3%82%B9%E3%83%86%E3%82%A3%E3%83%BC%E3%81%82%E3%81%B9" n3="%72%61%6B%33" dan="16,16,16,17" rate="2143.18,2079.78,2102.13,2158.97" sx="F,M,M,M"/><TAIKYOKU oya="0"/><INIT seed="0,0,0,0,0,67" ten="250,250,250,250" oya="0" hai0="75,98,31,41,36,128,5,94,3,129,34,13,6" hai1="123,105,84,22,17,29,18,135,20,130,11,76,66" hai2="45,78,99,14,25,97,30,52,44,21,68,113,118" hai3="73,1,110,72,116,103,59,48,114,61,133,55,96"/><T32/><D3/><U108/><E105/><V93/><F113/><W27/><G114/><T46/><D75/><U81/><E123/><V126/><F126/><W107/><G116/><T9/><D5/><U125/><E125/><V131/><F131/><N who="0" m="50250" /><D31/><U100/><E130/><V60/><F78/><W109/><G1/><T119/><D119/><U2/><E108/><N who="3" m="41578" /><G133/><T90/><AGARI ba="0,0" hai="6,9,13,32,34,36,41,46,90,94,98" m="50250" machi="90" ten="30,1500,0" yaku="19,1" doraHai="67" who="0" fromWho="0" sc="250,15,250,-5,250,-5,250,-5" /><INIT seed="0,1,0,5,5,31" ten="265,245,245,245" oya="0" hai0="77,73,74,99,107,118,101,67,47,127,13,49,94" hai1="30,105,83,69,93,14,135,98,28,124,122,16,117" hai2="103,87,35,63,37,39,60,29,54,125,21,64,120" hai3="80,38,62,75,36,33,18,119,129,65,51,110,52"/><T109/><D118/><U24/><E122/><V85/><F21/><W17/><G119/><T114/><D114/><U96/><E117/><V130/><F120/><W108/><G129/><T48/><D127/><U133/><E124/><V2/><F2/><W45/><G33/><T27/><D109/><N who="3" m="42089" /><G80/><T79/><D67/><U55/><E69/><V76/><F125/><W7/><G7/><T11/><D107/><U59/><E83/><V104/><F54/><W116/><G75/><T61/><D61/><N who="1" m="36095" /><E105/><V32/><F29/><N who="1" m="11369" /><E24/><V0/><F0/><W102/><G102/><T19/><D27/><U5/><E5/><V82/><F130/><W41/><G116/><T43/><REACH who="0" step="1"/><D49/><REACH who="0" ten="255,245,245,245" step="2"/><U95/><E98/><V71/><F63/><W123/><G123/><T58/><D58/><U34/><E96/><V121/><F121/><W78/><G36/><T86/><D86/><U134/><E34/><V22/><F85/><W56/><G78/><AGARI ba="1,1" hai="11,13,19,43,47,48,73,74,77,78,79,94,99,101" machi="78" ten="40,3900,0" yaku="1,1,53,1" doraHai="31" doraHaiUra="4" who="0" fromWho="3" sc="255,52,245,0,245,0,245,-42" /><INIT seed="0,2,0,4,5,98" ten="307,245,245,203" oya="0" hai0="29,77,43,15,17,124,115,34,74,31,2,0,62" hai1="106,66,55,84,36,46,70,97,100,28,37,130,108" hai2="94,14,81,127,101,30,53,109,38,51,82,79,67" hai3="22,47,71,58,61,123,18,95,50,41,118,3,20"/><T133/><D115/><U59/><E108/><V6/><F109/><W7/><G118/><T87/><D74/><U35/><E130/><V13/><F38/><W112/><G112/><T40/><D133/><U16/><E46/><V42/><F42/><N who="0" m="15914" /><D34/><U1/><E1/><V90/><F67/><W76/><G123/><T33/><D33/><U132/><E132/><V39/><F39/><W99/><G71/><T8/><D2/><U120/><E84/><V128/><F30/><W26/><G20/><T131/><D0/><U134/><E120/><V45/><F127/><W75/><G3/><T78/><D124/><U49/><E16/><V121/><F128/><W25/><G75/><T113/><D113/><U122/><E122/><V72/><F6/><W54/><G7/><T103/><D103/><U110/><E110/><V135/><F101/><W4/><G4/><T88/><D62/><N who="1" m="40279" /><E134/><V73/><F121/><W56/><G56/><T117/><D117/><U96/><E96/><V85/><REACH who="2" step="1"/><F135/><REACH who="2" ten="307,245,235,203" step="2"/><W107/><G107/><T104/><D104/><U27/><AGARI ba="2,1" hai="27,28,35,36,37,49,55,59,97,100,106" m="40279" machi="27" ten="30,2000,0" yaku="25,1,52,1" doraHai="98" who="1" fromWho="1" sc="307,-12,245,36,235,-7,203,-7" /><INIT seed="1,0,0,3,1,26" ten="295,281,228,196" oya="1" hai0="11,84,97,104,71,94,9,0,113,47,95,124,135" hai1="29,76,39,25,78,8,19,55,17,49,99,38,130" hai2="87,74,42,50,10,79,110,24,96,62,30,85,61" hai3="33,44,35,111,108,68,115,43,120,105,63,28,127"/><U69/><E69/><V123/><F110/><W58/><G120/><T31/><D113/><U102/><E130/><V121/><F74/><W37/><G115/><T18/><D71/><U7/><E39/><V75/><F75/><W27/><G127/><T2/><D104/><U117/><E38/><V88/><F10/><W64/><G33/><T116/><D116/><U40/><E40/><V109/><F109/><W126/><G126/><T72/><D72/><U65/><E65/><V3/><F3/><W73/><G73/><T129/><D47/><U101/><E101/><V133/><F133/><W100/><G58/><T128/><D124/><U83/><E83/><N who="2" m="47359" /><F96/><AGARI ba="0,0" hai="27,28,35,37,43,44,63,64,68,96,100,105,108,111" machi="96" ten="40,8000,1" yaku="25,2,23,2,52,1" doraHai="26" who="3" fromWho="2" sc="295,0,281,0,228,-80,196,80" /><INIT seed="2,0,0,0,4,51" ten="295,281,148,276" oya="2" hai0="15,124,60,8,85,96,115,97,113,20,62,1,135" hai1="33,22,106,53,48,3,6,28,47,30,127,93,21" hai2="74,12,63,43,109,95,132,86,64,49,26,110,58" hai3="121,41,67,133,99,126,46,114,36,101,66,116,37"/><V0/><F74/><W112/><G116/><T25/><D1/><U89/><E106/><V14/><F0/><W18/><G121/><T120/><D120/><U102/><E127/><V82/><F132/><W17/><G37/><T81/><D124/><U65/><E65/><N who="3" m="24586" /><G133/><T45/><D45/><U80/><E3/><V10/><F95/><N who="3" m="58623" /><G126/><T32/><D32/><U61/><E6/><V111/><F26/><W98/><G98/><N who="0" m="37995" /><D115/><AGARI ba="0,0" hai="17,18,36,41,46,112,114,115" m="58623,24586" machi="115" ten="30,1000,0" yaku="11,1" doraHai="51" who="3" fromWho="0" sc="295,-10,281,0,148,0,276,10" /><INIT seed="3,0,0,0,2,126" ten="285,281,148,286" oya="3" hai0="134,123,100,58,61,117,86,113,20,125,14,122,90" hai1="64,102,69,111,133,36,25,42,30,106,103,4,75" hai2="45,0,96,40,62,9,99,68,23,27,115,17,84" hai3="48,63,7,57,80,46,19,43,6,76,107,67,88"/><W18/><G107/><T44/><D117/><U31/><E75/><V50/><F115/><W105/><G105/><T11/><D125/><U56/><E4/><N who="3" m="1578" /><G76/><T94/><D134/><U118/><E69/><V93/><F0/><W39/><G39/><T110/><D110/><U73/><E73/><V130/><F130/><W92/><G80/><T16/><D113/><U15/><E111/><V53/><F9/><W32/><G32/><T35/><D35/><U71/><E71/><V135/><F135/><W12/><G12/><T95/><D44/><U60/><E133/><V120/><F120/><W131/><G131/><T129/><D129/><U8/><E106/><V55/><F68/><W2/><G2/><T81/><D123/><U85/><E85/><AGARI ba="0,0" hai="18,19,43,46,48,57,63,67,85,88,92" m="1578" machi="85" ten="30,2900,0" yaku="8,1,54,1" doraHai="126" who="3" fromWho="1" sc="285,0,281,-29,148,0,286,29" owari="285,8.5,252,-14.8,148,-35.2,315,41.5" /></mjloggm>