<mjloggm ver="2.3"><GO type="225" lobby="0"/><UN n0="%E3%81%AF%E3%82%88%E3%81%8A%E3%81%98%E3%81%95%E3%82%93" n1="%E3%81%B2%E3%81%AA%E3%81%AE%E3%82%8A%E3%81%8F" n2="%E5%8D%8D%E6%B1%A0%E8%A2%8B%E6%9C%80%E5%BC%B7%E5%8D%8D" n3="%E5%84%AA%40%41%42%43" dan="16,17,16,17" rate="2174.57,2177.96,2141.04,2219.08" sx="M,M,M,M"/><TAIKYOKU oya="0"/><INIT seed="0,0,0,3,4,48" ten="250,250,250,250" oya="0" hai0="105,103,2,62,51,61,117,28,78,122,11,15,30" hai1="89,85,9,54,77,41,91,123,90,66,10,92,32" hai2="22,128,135,52,60,68,8,129,24,44,118,107,34" hai3="26,23,111,86,3,4,65,108,80,19,57,132,39"/><T5/><D117/><U131/><E123/><V121/><F121/><W59/><G39/><T21/><D122/><U72/><E32/><V27/><F118/><W70/><G132/><T58/><D78/><U67/><E131/><N who="2" m="50251" /><F135/><W33/><G33/><T98/><D51/><U1/><E41/><V130/><F107/><W106/><G106/><T100/><D103/><U43/><E43/><V112/><F112/><W16/><G70/><T87/><D87/><U133/><E133/><V102/><F102/><W40/><G40/><T73/><D73/><U74/><E74/><V31/><F8/><N who="1" m="3177" /><E1/><V7/><F7/><W63/><G4/><T76/><D76/><U6/><E6/><V88/><F88/><N who="1" m="33897" /><E72/><V120/><F120/><W114/><G114/><T17/><REACH who="0" step="1"/><D62/><REACH who="0" ten="240,250,250,250" step="2"/><U75/><E77/><V109/><F130/><W56/><G63/><T69/><D69/><U124/><E75/><V47/><F68/><W53/><G86/><T84/><D84/><U36/><E36/><V125/><F125/><W97/><G97/><T20/><D20/><U55/><E124/><V71/><F71/><W99/><G23/><T104/><D104/><U126/><E126/><V42/><F42/><W64/><G99/><T119/><D119/><U29/><E29/><N who="2" m="19751" /><F109/><W25/><G111/><T35/><D35/><U110/><E110/><V115/><F115/><W94/><G108/><T14/><D14/><U82/><E82/><V46/><F60/><W50/><G80/><T101/><D101/><U13/><E13/><V37/><F37/><W127/><G127/><T45/><D45/><U49/><E49/><AGARI ba="0,1" hai="22,27,31,44,46,47,49,52" m="19751,50251" machi="49" ten="30,7700,0" yaku="6,1,19,1,52,1,54,1" doraHai="48" who="2" fromWho="1" sc="240,0,250,-77,250,87,250,0" /><INIT seed="1,0,0,3,3,59" ten="240,173,337,250" oya="1" hai0="82,51,71,126,112,49,66,132,24,53,99,45,76" hai1="116,117,100,102,115,74,92,108,75,22,56,62,81" hai2="42,118,78,95,44,14,40,20,8,129,72,37,16" hai3="60,114,26,130,28,43,5,41,31,63,86,70,91"/><U125/><E115/><V128/><F118/><W107/><G114/><T89/><D112/><U55/><E125/><V135/><F135/><W94/><G107/><T2/><D2/><U10/><E108/><V17/><F42/><N who="3" m="15883" /><G70/><T12/><D132/><U93/><E10/><V110/><F110/><W3/><G3/><T96/><D126/><U79/><E75/><V32/><F32/><W68/><G68/><T0/><D0/><U64/><E22/><V69/><F69/><W88/><G130/><N who="2" m="50281" /><F95/><N who="3" m="54679" /><G5/><T18/><D89/><U15/><E93/><V57/><F57/><W131/><G131/><T21/><D71/><U123/><E123/><V85/><F72/><W111/><G111/><T38/><D38/><U19/><E64/><V104/><F104/><W121/><G121/><T54/><D66/><U98/><REACH who="1" step="1"/><E102/><REACH who="1" ten="240,163,337,250" step="2"/><V133/><F133/><W124/><G124/><T30/><D21/><U7/><E7/><N who="2" m="3359" /><F20/><N who="3" m="15431" /><G31/><T67/><D30/><U58/><E58/><V103/><F103/><W34/><G34/><T11/><D67/><U46/><E46/><V47/><F44/><W80/><G80/><AGARI ba="0,1" hai="16,17,37,40,47,78,80,85" m="3359,50281" machi="80" ten="30,2000,0" yaku="19,1,54,1" doraHai="59" who="2" fromWho="3" sc="240,0,163,0,337,30,250,-20" /><INIT seed="2,0,0,3,5,46" ten="240,163,367,230" oya="2" hai0="43,23,110,31,86,38,9,87,93,56,94,126,13" hai1="76,61,73,104,119,36,59,72,75,51,14,111,78" hai2="17,22,133,97,6,82,123,20,57,29,99,71,12" hai3="53,44,77,5,89,132,117,69,100,1,134,65,121"/><V125/><F71/><W24/><G117/><T83/><D38/><U79/><E119/><V60/><F133/><N who="3" m="51307" /><G121/><T124/><D43/><U50/><E36/><V45/><F125/><N who="0" m="48234" /><D110/><U66/><E111/><V128/><F128/><W0/><G100/><T127/><N who="0" m="48242" /><T48/><DORA hai="102" /><D23/><U131/><E131/><V85/><F6/><W55/><G77/><N who="0" m="46447" /><D31/><U7/><REACH who="1" step="1"/><E104/><REACH who="1" ten="240,153,367,230" step="2"/><V25/><F123/><W32/><G1/><T106/><D106/><U68/><E68/><V135/><F135/><W70/><G0/><T74/><D74/><U26/><E26/><V81/><F25/><W92/><G70/><T67/><D67/><U28/><E28/><V91/><F29/><W63/><G24/><T39/><D39/><U114/><E114/><V130/><F130/><W107/><G107/><T88/><D94/><U34/><E34/><V64/><F81/><W42/><G32/><T49/><D56/><U2/><E2/><V120/><F57/><W19/><G65/><T98/><D87/><U33/><E33/><V54/><F64/><W52/><G69/><T27/><D27/><U84/><E84/><V30/><F85/><W16/><G92/><T129/><D129/><U18/><E18/><AGARI ba="0,1" hai="9,13,18,48,49,88,93,98" m="46447,48242" machi="18" ten="40,8000,1" yaku="18,1,52,2,54,1" doraHai="46,102" who="0" fromWho="1" sc="240,90,153,-80,367,0,230,0" /><INIT seed="3,0,0,1,4,31" ten="330,73,367,230" oya="3" hai0="112,111,76,44,110,28,80,35,41,26,113,40,93" hai1="107,14,13,106,85,116,95,100,16,114,11,91,48" hai2="18,24,69,121,118,58,97,12,37,56,79,92,68" hai3="63,60,125,66,73,104,6,120,109,72,130,36,62"/><W1/><G120/><T3/><D93/><U89/><E114/><N who="0" m="44137" /><D3/><U81/><E116/><V47/><F79/><W134/><G104/><T94/><D94/><U20/><E100/><V71/><F121/><W19/><G36/><N who="0" m="21511" /><D41/><U83/><E106/><V131/><F24/><W33/><G134/><T5/><D5/><U57/><E107/><V0/><F131/><W74/><G130/><T22/><D22/><U90/><E83/><V34/><F34/><W115/><G115/><T61/><D61/><U59/><E48/><V87/><F87/><AGARI ba="0,0" hai="26,28,35,76,80,87,110,111" m="21511,44137" machi="87" ten="30,2000,0" yaku="11,1,52,1" doraHai="31" who="0" fromWho="2" sc="330,20,73,0,367,-20,230,0" owari="350,45.0,73,-42.7,347,14.7,230,-17.0" /></mjloggm>