<mjloggm ver="2.3"><GO type="225" lobby="0"/><UN n0="%66%72%61%63%74%75%72%65" n1="%47%32%E9%BE%8D%E9%96%80" n2="%E3%81%82%E3%81%84%E3%81%82%E3%81%8A%E3%81%84" n3="%E3%81%AF%E3%82%88%E3%81%8A%E3%81%98%E3%81%95%E3%82%93" dan="16,16,18,16" rate="2033.28,2094.01,2223.25,2150.37" sx="M,M,M,M"/><TAIKYOKU oya="0"/><INIT seed="0,0,0,3,3,24" ten="250,250,250,250" oya="0" hai0="16,109,124,54,119,107,98,108,63,58,126,47,111" hai1="135,42,115,50,72,65,15,71,88,69,37,128,40" hai2="41,100,95,52,116,29,70,23,75,14,89,130,32" hai3="60,87,113,84,81,68,59,6,36,57,8,134,73"/><T118/><D107/><U103/><E72/><V33/><F75/><W17/><G113/><T86/><D98/><U48/><E103/><V99/><F70/><N who="1" m="26633" /><E88/><V39/><F116/><N who="0" m="44586" /><D86/><U9/><E15/><V11/><F130/><W61/><G36/><T82/><D82/><U13/><E13/><V129/><F129/><W1/><G134/><T62/><D16/><U102/><E9/><V104/><F41/><W101/><G101/><T49/><D63/><U121/><E102/><V21/><F39/><W117/><G117/><T7/><D7/><U3/><E3/><V19/><F52/><AGARI ba="0,0" hai="47,49,52,54,58,62,108,109,111,124,126" m="44586" machi="52" ten="40,12000,1" yaku="14,1,10,1,34,2,54,1" doraHai="24" who="0" fromWho="2" sc="250,120,250,0,250,-120,250,0" /><INIT seed="0,1,0,4,3,37" ten="370,250,130,250" oya="0" hai0="100,125,50,18,98,68,55,46,9,122,33,15,126" hai1="101,5,75,47,2,31,14,132,82,135,74,86,85" hai2="61,92,115,108,8,112,128,1,113,134,89,87,72" hai3="114,58,127,77,41,90,78,62,131,73,60,32,96"/><T67/><D33/><U6/><E2/><V104/><F104/><W23/><G114/><T124/><D122/><U63/><E101/><V43/><F72/><W76/><G32/><T105/><D67/><U49/><E31/><V57/><F108/><W12/><G73/><T42/><D68/><U40/><E63/><V121/><F121/><W30/><G127/><T20/><D55/><U91/><E5/><V80/><F134/><N who="1" m="51241" /><E86/><V79/><F128/><W19/><G131/><T117/><REACH who="0" step="1"/><D9/><AGARI ba="1,0" hai="6,9,14,40,47,49,74,75,82,85,91" m="51241" machi="9" ten="30,2000,0" yaku="20,1,52,1" doraHai="37" who="1" fromWho="0" sc="370,-23,250,23,130,0,250,0" /><INIT seed="1,0,0,1,2,82" ten="347,273,130,250" oya="1" hai0="123,26,51,4,135,87,8,63,66,55,127,121,65" hai1="84,48,53,98,99,106,37,110,91,94,15,80,49" hai2="9,57,17,18,31,115,132,32,3,79,23,72,78" hai3="104,41,95,16,81,67,89,11,52,74,46,103,128"/><U34/><E37/><V92/><F132/><W114/><G114/><T20/><D135/><U43/><E34/><V14/><F115/><W75/><G128/><T7/><D127/><U62/><E110/><V27/><F72/><W50/><G104/><T69/><D65/><U113/><E113/><V39/><F39/><W54/><G75/><T118/><D118/><U129/><E129/><V56/><F92/><W117/><G117/><T77/><D4/><U90/><E43/><V116/><F116/><W47/><G67/><T134/><D134/><U40/><E40/><V100/><F100/><W44/><G103/><T60/><D60/><U73/><E73/><V71/><F71/><W131/><G131/><T24/><D24/><U120/><E120/><V125/><F125/><W61/><G81/><T105/><D105/><U21/><E99/><V42/><F42/><W107/><G74/><T122/><D77/><U86/><E98/><V45/><F45/><N who="3" m="25903" /><G61/><T109/><D109/><U111/><E111/><V133/><F133/><W97/><G107/><T68/><D69/><U1/><E1/><V93/><F93/><W28/><G28/><T124/><D124/><U59/><E106/><V101/><F101/><W64/><G64/><T5/><D66/><U0/><E0/><V13/><REACH who="2" step="1"/><F3/><REACH who="2" ten="347,273,120,250" step="2"/><W19/><G47/><N who="0" m="28159" /><D121/><U12/><E12/><V85/><F85/><W58/><G46/><T29/><D87/><U30/><E15/><V70/><F70/><W130/><G130/><T38/><D68/><U83/><E94/><V76/><AGARI ba="0,1" hai="9,13,14,17,18,23,27,31,32,56,57,76,78,79" machi="76" ten="30,2000,0" yaku="1,1,0,1,53,0" doraHai="82" doraHaiUra="2" who="2" fromWho="2" sc="347,-5,273,-10,120,30,250,-5" /><INIT seed="2,0,0,0,2,113" ten="342,263,150,245" oya="2" hai0="84,9,15,82,37,55,33,8,93,129,7,57,61" hai1="71,63,83,28,4,126,1,86,60,99,120,44,19" hai2="52,51,108,94,105,96,11,0,2,119,81,114,89" hai3="50,110,41,130,123,101,128,35,98,92,102,30,78"/><V73/><F114/><W16/><G110/><T21/><D33/><U88/><E126/><V122/><F122/><W70/><G123/><T112/><D129/><N who="3" m="49769" /><G70/><T106/><D106/><U17/><E120/><V56/><F119/><W133/><G133/><T116/><D37/><U22/><E1/><V85/><F108/><W6/><G6/><T46/><D116/><U66/><E4/><V76/><REACH who="2" step="1"/><F11/><REACH who="2" ten="342,263,140,245" step="2"/><W27/><G78/><T117/><D117/><U111/><E111/><V67/><F67/><W42/><G102/><AGARI ba="0,1" hai="0,2,51,52,56,73,76,81,85,89,94,96,102,105" machi="102" ten="40,12000,1" yaku="1,1,24,2,54,1,53,0" doraHai="113" doraHaiUra="62" who="2" fromWho="3" sc="342,0,263,0,140,130,245,-120" /><INIT seed="2,1,0,4,3,73" ten="342,263,270,125" oya="2" hai0="11,20,53,86,44,108,21,124,58,18,6,105,40" hai1="57,93,71,96,41,134,0,52,83,45,109,46,82" hai2="24,104,65,80,32,129,4,87,89,88,79,66,64" hai3="42,39,117,8,63,26,62,76,3,7,107,29,54"/><V120/><F120/><W51/><G117/><T10/><D108/><U22/><E71/><V122/><F122/><W99/><G42/><T101/><D124/><U60/><E0/><V5/><F104/><W116/><G39/><T31/><D105/><U12/><E134/><V91/><REACH who="2" step="1"/><F129/><REACH who="2" ten="342,263,260,125" step="2"/><W74/><G116/><T94/><D31/><AGARI ba="1,1" hai="4,5,24,31,32,64,65,66,79,80,87,88,89,91" machi="31" ten="40,12000,1" yaku="1,1,2,1,52,1,54,1,53,1" doraHai="73" doraHaiUra="27" who="2" fromWho="0" sc="342,-123,263,0,260,133,125,0" /><INIT seed="2,2,0,5,2,58" ten="219,263,393,125" oya="2" hai0="124,88,75,112,7,48,74,62,72,133,1,127,91" hai1="31,126,43,8,11,45,76,34,111,0,14,87,73" hai2="2,86,83,30,135,105,38,64,118,6,77,32,79" hai3="99,54,107,96,69,24,19,21,65,121,115,4,67"/><V53/><F118/><W27/><G121/><T26/><D112/><U42/><E111/><V71/><F135/><W16/><G115/><T132/><D48/><U18/><E73/><V23/><F38/><W59/><G4/><T66/><D26/><U47/><E18/><V92/><F105/><W13/><G69/><T93/><D7/><U108/><E31/><V94/><F32/><W28/><G107/><T35/><D1/><U68/><E34/><V3/><F79/><W56/><G28/><T120/><D35/><U36/><E108/><V12/><F53/><W61/><G24/><T103/><D103/><U128/><E126/><N who="0" m="48169" /><D120/><U5/><E0/><V81/><F81/><W114/><G114/><T10/><D10/><U116/><E11/><V134/><F30/><W44/><G44/><T70/><D91/><U40/><E8/><V100/><F134/><W15/><G27/><T131/><D131/><U95/><E128/><V84/><F6/><W119/><G119/><T60/><D60/><U78/><E116/><V52/><F100/><W9/><G67/><T50/><D50/><AGARI ba="2,0" hai="9,13,15,16,19,21,50,54,56,59,61,65,96,99" machi="50" ten="30,7700,0" yaku="7,1,8,1,52,1,54,1" doraHai="58" who="3" fromWho="0" sc="219,-83,263,0,393,0,125,83" /><INIT seed="3,0,0,4,0,61" ten="136,263,393,208" oya="3" hai0="97,77,41,30,28,76,51,72,38,53,35,84,122" hai1="29,4,73,118,135,101,89,44,116,24,39,18,114" hai2="128,112,68,6,106,110,20,95,16,78,70,79,82" hai3="98,65,85,58,13,87,15,115,94,104,134,111,26"/><W117/><G115/><T2/><D2/><U126/><E114/><V107/><F112/><W131/><G117/><T49/><D122/><U10/><E73/><V25/><F79/><W124/><G104/><T86/><D38/><U19/><E101/><V23/><F110/><W75/><G75/><T105/><D72/><U31/><E135/><V103/><F6/><W1/><G1/><T64/><D105/><U11/><E126/><V109/><F109/><W7/><G111/><T48/><D41/><U119/><E89/><V81/><F95/><W99/><G124/><T8/><D8/><N who="1" m="3115" /><E4/><V127/><F127/><W14/><G7/><T80/><D53/><U133/><E133/><V96/><F107/><W27/><G131/><T74/><D74/><U123/><E123/><V83/><F78/><W71/><G71/><T50/><N who="0" m="12288" /><DORA hai="12" /><T63/><D97/><U43/><E31/><V92/><F128/><W40/><G40/><T90/><D35/><AGARI ba="0,0" hai="18,19,24,29,35,39,43,44,116,118,119" m="3115" machi="35" ten="30,3900,0" yaku="12,1,52,2" doraHai="61,12" who="1" fromWho="0" sc="136,-39,263,39,393,0,208,0" owari="97,-40.3,302,10.2,393,49.3,208,-19.2" /></mjloggm>