<mjloggm ver="2.3"><GO type="225" lobby="0"/><UN n0="%E3%83%B4%E3%83%A0%EF%BC%99%E3%81%A6" n1="%E3%81%A9%E3%82%8F%E3%82%93%E3%81%94" n2="%E2%98%86%41%64%72%69%61%6E" n3="%E5%A4%96%E5%B7%9D%E7%AB%9C%E6%88%90" dan="17,16,17,16" rate="2196.58,2228.51,2143.59,2153.18" sx="M,M,M,M"/><TAIKYOKU oya="0"/><INIT seed="0,0,0,4,2,58" ten="250,250,250,250" oya="0" hai0="70,11,1,31,46,75,88,51,98,72,25,52,7" hai1="89,47,95,16,22,74,42,12,80,48,134,83,109" hai2="49,10,40,77,33,71,135,93,129,110,35,17,124" hai3="115,85,84,79,117,69,3,13,64,90,39,105,92"/><T19/><D70/><U128/><E109/><V122/><F122/><W81/><G3/><T73/><D19/><U126/><E134/><V130/><F71/><W94/><G39/><T4/><D4/><U63/><E128/><V23/><F77/><W107/><G13/><T106/><D106/><N who="3" m="40457" /><G64/><T59/><D46/><U21/><E126/><V86/><F124/><W30/><G30/><T0/><D0/><U45/><E74/><V14/><F110/><W99/><G69/><T119/><D119/><U6/><E6/><V97/><F86/><N who="3" m="48447" /><G117/><T104/><D104/><U121/><E121/><V133/><F10/><W76/><G115/><T55/><D55/><U112/><E112/><V36/><F36/><W62/><G62/><T54/><D54/><U57/><E22/><V100/><F49/><W132/><G132/><N who="2" m="50761" /><F40/><W65/><G65/><T60/><D51/><U101/><E101/><V127/><F127/><W114/><G114/><T37/><D37/><U118/><E47/><V32/><AGARI ba="0,0" hai="14,17,23,32,33,35,93,97,100,129,130" m="50761" machi="32" ten="40,1500,0" yaku="20,1" doraHai="58" who="2" fromWho="2" sc="250,-7,250,-4,250,15,250,-4" /><INIT seed="1,0,0,3,0,14" ten="243,246,265,246" oya="1" hai0="123,60,91,68,2,109,73,113,96,100,135,119,126" hai1="104,37,54,62,51,61,49,45,71,6,76,86,48" hai2="133,74,121,67,94,50,103,12,27,99,77,26,72" hai3="80,116,46,42,82,93,55,31,127,9,107,1,75"/><U43/><E104/><V41/><F121/><W111/><G116/><T21/><RYUUKYOKU type="yao9" ba="0,0" sc="243,0,246,0,265,0,246,0" hai0="2,21,60,68,73,91,96,100,109,113,119,123,126,135" /><INIT seed="1,1,0,2,2,53" ten="243,246,265,246" oya="1" hai0="1,124,99,90,18,76,82,84,95,72,131,118,132" hai1="133,42,29,70,3,108,88,105,44,114,110,112,101" hai2="63,31,102,68,100,35,94,104,60,117,121,115,23" hai3="10,47,57,67,116,41,34,27,64,91,38,54,32"/><U26/><E70/><V9/><F117/><W97/><G116/><T52/><D118/><U128/><E3/><V39/><F121/><W85/><G97/><T16/><D1/><U30/><E133/><V50/><F39/><W2/><G27/><T6/><D6/><U65/><E65/><V51/><F115/><W122/><G122/><T15/><D132/><U81/><E128/><V89/><F35/><W71/><G10/><T119/><D119/><U106/><E101/><N who="2" m="39019" /><F104/><N who="1" m="40041" /><E81/><V12/><F68/><W77/><G77/><T75/><D131/><U109/><E88/><V37/><F37/><W69/><G67/><T0/><D0/><U79/><E79/><V14/><F14/><W134/><G2/><T28/><D28/><N who="1" m="10859" /><E26/><N who="2" m="16863" /><F63/><N who="3" m="40095" /><G71/><T5/><D72/><U93/><E93/><V21/><F60/><W40/><G134/><T48/><D75/><U66/><E66/><V83/><F83/><N who="3" m="49599" /><G41/><T62/><D62/><U80/><E80/><V25/><F25/><W74/><G74/><T45/><D82/><U46/><E42/><V135/><F135/><W92/><G92/><T20/><D76/><U59/><E59/><V103/><N who="2" m="39027" /><V8/><DORA hai="24" /><F21/><W113/><G113/><AGARI ba="1,0" hai="44,46,108,109,110,112,113,114" m="10859,40041" machi="113" ten="40,18000,2" yaku="28,2,14,1,10,1,52,3" doraHai="53,24" who="1" fromWho="3" sc="243,0,246,183,265,0,246,-183" /><INIT seed="1,2,0,0,3,61" ten="243,429,265,63" oya="1" hai0="24,127,97,78,38,90,84,40,17,42,57,18,1" hai1="107,113,74,22,66,43,62,53,83,94,104,132,82" hai2="36,41,106,16,30,26,55,2,79,35,124,115,93" hai3="122,0,120,77,98,86,110,70,125,6,27,25,49"/><U8/><E113/><V81/><F106/><W29/><G70/><T52/><D1/><U4/><E132/><V56/><F2/><W133/><G49/><T109/><D109/><U108/><E108/><V51/><F115/><W10/><G110/><T117/><D117/><U20/><E53/><V54/><F124/><W7/><G98/><T96/><D127/><U118/><E43/><V92/><F55/><W64/><G125/><T58/><D58/><U101/><E118/><V87/><REACH who="2" step="1"/><F16/><REACH who="2" ten="243,429,255,63" step="2"/><W131/><G0/><T23/><D17/><U73/><E107/><V89/><F89/><W67/><G29/><T34/><D18/><U111/><E104/><V102/><F102/><W75/><G10/><T68/><D90/><U100/><E111/><V65/><F65/><W48/><G133/><T105/><D105/><U37/><E101/><V103/><F103/><W116/><G116/><T45/><D42/><U46/><E100/><V129/><F129/><W123/><G123/><T80/><D40/><U47/><E66/><V21/><F21/><W28/><G28/><T63/><D23/><U50/><E22/><V5/><F5/><W119/><G119/><T60/><D34/><U69/><E20/><V95/><F95/><W33/><G33/><T12/><D12/><U130/><E94/><V88/><F88/><W14/><G14/><T99/><D24/><U126/><E126/><V13/><F13/><W128/><G77/><T3/><D3/><U76/><E130/><V59/><F59/><W9/><G9/><T44/><D38/><U121/><E37/><V72/><F72/><RYUUKYOKU ba="2,1" sc="243,15,429,-15,255,15,63,-15" hai0="44,45,52,57,60,63,68,78,80,84,96,97,99" hai2="26,30,35,36,41,51,54,56,79,81,87,92,93" /><INIT seed="2,3,1,5,3,132" ten="258,414,270,48" oya="2" hai0="100,47,130,120,7,24,17,60,51,44,55,54,43" hai1="93,3,103,25,84,106,134,73,94,121,131,127,95" hai2="31,90,40,109,50,108,118,70,65,81,64,114,18" hai3="16,135,102,116,133,42,12,0,9,57,22,88,87"/><V111/><F118/><W10/><G116/><T107/><D120/><U41/><E3/><V14/><F114/><W115/><G102/><T129/><D7/><U71/><E71/><V74/><F31/><W19/><G115/><T86/><D86/><U5/><E41/><V79/><F70/><W112/><G112/><T77/><D77/><U68/><E5/><V91/><F40/><W37/><G0/><T72/><D72/><U4/><E4/><V23/><REACH who="2" step="1"/><F50/><REACH who="2" ten="258,414,260,48" step="2"/><W124/><G124/><T6/><D43/><U101/><E68/><V75/><F75/><W97/><G42/><T20/><D51/><U48/><E73/><V11/><F11/><W8/><G37/><T62/><D20/><U125/><E48/><V59/><F59/><W39/><G39/><T46/><D46/><U82/><E121/><V1/><F1/><W33/><G57/><T83/><D44/><U45/><E45/><V78/><F78/><W26/><G33/><T96/><D47/><U66/><E125/><V56/><F56/><W49/><G49/><T34/><D34/><U113/><E127/><V61/><F61/><W2/><G2/><T99/><D60/><U67/><E113/><V13/><F13/><W105/><G135/><T76/><D62/><U58/><E58/><V69/><F69/><W36/><G133/><T85/><D76/><U21/><E134/><V29/><F29/><W123/><G36/><T104/><D24/><U53/><E25/><V89/><AGARI ba="3,2" hai="14,18,23,64,65,74,79,81,89,90,91,108,109,111" machi="89" ten="40,12000,1" yaku="1,1,0,1,14,1,10,1,53,0" doraHai="132" doraHaiUra="38" who="2" fromWho="2" sc="258,-43,414,-43,260,149,48,-43" /><INIT seed="2,4,0,5,4,74" ten="215,371,409,5" oya="2" hai0="89,4,104,20,128,36,97,44,111,41,31,64,99" hai1="1,98,24,12,105,55,86,17,70,69,108,45,21" hai2="8,43,100,87,72,5,56,75,78,119,48,120,29" hai3="107,93,25,6,109,10,113,60,116,33,88,53,7"/><V62/><F119/><W110/><G116/><T92/><D111/><N who="3" m="42505" /><G107/><T80/><D128/><U85/><E108/><V47/><F120/><W37/><G37/><T65/><D4/><U23/><E1/><V54/><F100/><W79/><G113/><T16/><D31/><U68/><E105/><V118/><F29/><N who="3" m="19631" /><G10/><T22/><D22/><U123/><E123/><V51/><F62/><W73/><G53/><T91/><D80/><U101/><E98/><V117/><F118/><W61/><G6/><T115/><D115/><U46/><E101/><V127/><F127/><W2/><G7/><T35/><D35/><U19/><REACH who="1" step="1"/><E55/><REACH who="1" ten="215,361,409,5" step="2"/><V49/><F117/><W67/><G2/><T96/><D104/><U106/><E106/><V3/><F54/><W50/><G67/><T27/><REACH who="0" step="1"/><D99/><REACH who="0" ten="205,361,409,5" step="2"/><U84/><AGARI ba="4,2" hai="12,17,19,21,23,24,45,46,68,69,70,84,85,86" machi="84" ten="40,2700,0" yaku="1,1,0,1,53,0" doraHai="74" doraHaiUra="95" who="1" fromWho="1" sc="205,-11,361,59,409,-17,5,-11" owari="194,-20.6,420,52.0,392,19.2,-6,-50.6" /></mjloggm>