<mjloggm ver="2.3"><GO type="225" lobby="0"/><UN n0="%45%6C%79%73%69%75%6D" n1="%6D%75%75%6D%75%72%61" n2="%E8%81%B7%E6%A5%AD%E3%80%81%E9%A2%A8%32" n3="%E6%A1%9C%E8%8A%B1%E9%96%83%E3%80%85" dan="17,16,16,17" rate="2089.73,2152.43,2151.82,2121.27" sx="F,F,M,M"/><TAIKYOKU oya="0"/><INIT seed="0,0,0,0,3,91" ten="250,250,250,250" oya="0" hai0="20,78,105,15,23,109,83,76,112,101,7,88,30" hai1="9,47,40,121,122,97,120,71,38,93,24,26,31" hai2="13,2,56,92,103,86,19,57,27,16,115,49,17" hai3="12,69,59,74,54,130,111,89,5,116,53,96,35"/><T55/><D112/><U44/><E71/><V75/><F2/><W124/><G111/><T114/><D114/><U63/><E63/><V48/><F75/><W90/><G74/><T6/><D109/><U104/><E104/><V61/><F115/><W62/><G124/><T4/><D105/><U127/><E127/><V8/><F27/><W65/><G130/><T21/><D101/><U119/><E119/><V72/><F72/><W126/><G126/><T18/><D55/><U118/><E118/><V82/><F103/><W70/><G35/><T3/><D3/><U58/><E58/><N who="2" m="22635" /><F61/><W32/><G32/><T102/><D102/><U110/><E110/><V33/><F33/><W46/><G116/><T117/><D117/><U29/><E47/><V123/><F123/><W50/><G69/><T84/><REACH who="0" step="1"/><D30/><REACH who="0" ten="240,250,250,250" step="2"/><U22/><E120/><V98/><F17/><W135/><G62/><T125/><D125/><U28/><E121/><V36/><F19/><W80/><G54/><T132/><D132/><U95/><E122/><V10/><F16/><W79/><G53/><T42/><D42/><U134/><E134/><V25/><F13/><W64/><G12/><T99/><D99/><U107/><E107/><V37/><F98/><W94/><G96/><T100/><D100/><U129/><E97/><V67/><F67/><W14/><G65/><T52/><D52/><U43/><E28/><V68/><F68/><W87/><G70/><T0/><D0/><U81/><E29/><V1/><F1/><W77/><G135/><T60/><D60/><U85/><E31/><V133/><F133/><RYUUKYOKU ba="0,1" sc="240,30,250,-10,250,-10,250,-10" hai0="4,6,7,15,18,20,21,23,76,78,83,84,88" /><INIT seed="0,1,1,2,4,86" ten="270,240,240,240" oya="0" hai0="98,65,131,23,7,113,120,99,67,51,89,41,114" hai1="21,102,85,87,83,88,60,130,2,134,50,71,119" hai2="79,24,106,19,68,36,66,40,14,37,26,73,92" hai3="25,90,0,11,111,39,59,16,105,31,44,42,32"/><T64/><D120/><U49/><E119/><V125/><F106/><W123/><G111/><T3/><D131/><U35/><E130/><V75/><F79/><W126/><G126/><T115/><D23/><U93/><E35/><V124/><F66/><W107/><G123/><T74/><D74/><N who="2" m="28170" /><F68/><W101/><G59/><T122/><D122/><U47/><E2/><V43/><F92/><W57/><G57/><T45/><REACH who="0" step="1"/><D89/><REACH who="0" ten="260,240,240,240" step="2"/><U52/><E21/><V9/><F125/><W72/><G72/><T118/><D118/><U132/><E102/><V27/><F124/><W116/><G116/><T81/><D81/><U38/><E132/><V69/><F24/><W61/><G101/><T135/><D135/><U12/><E134/><V22/><F22/><W80/><G80/><T28/><D28/><U33/><E33/><V128/><F26/><W62/><G90/><T103/><D103/><U70/><E83/><V13/><F27/><W4/><G105/><T63/><D63/><U55/><E60/><V17/><F128/><W133/><G107/><T46/><D46/><U121/><E88/><V15/><F9/><AGARI ba="1,2" hai="3,7,9,41,45,51,64,65,67,98,99,113,114,115" machi="9" ten="50,2400,0" yaku="1,1,53,0" doraHai="86" doraHaiUra="20" who="0" fromWho="2" sc="260,47,240,0,240,-27,240,0" /><INIT seed="0,2,0,5,1,9" ten="307,240,213,240" oya="0" hai0="48,89,112,61,100,21,24,80,67,113,1,8,88" hai1="23,65,40,2,118,63,103,6,101,129,117,35,83" hai2="119,86,30,20,39,51,52,5,87,29,81,22,121" hai3="11,34,74,90,36,60,37,102,78,120,84,133,41"/><T15/><D1/><U33/><E129/><V92/><F39/><W125/><G34/><T31/><D100/><U17/><E40/><V122/><F119/><W42/><G125/><T93/><D48/><U111/><E111/><V69/><F69/><W54/><G102/><T99/><D89/><U96/><E103/><V77/><F5/><W62/><G74/><T44/><D44/><U66/><E2/><V72/><F72/><W71/><G78/><T127/><D80/><U124/><E6/><V0/><F0/><W132/><G84/><T19/><REACH who="0" step="1"/><D127/><REACH who="0" ten="297,240,213,240" step="2"/><U13/><E124/><V26/><F121/><W114/><G90/><T108/><D108/><U38/><E38/><V106/><F122/><W56/><G120/><T76/><D76/><U32/><E83/><V49/><F49/><W116/><G37/><T28/><D28/><U25/><E117/><V18/><F30/><W135/><G36/><T107/><D107/><U14/><E118/><V79/><F106/><W4/><G116/><T3/><D3/><U75/><E101/><V16/><F29/><W97/><G132/><T53/><D53/><U104/><E104/><V134/><F134/><W115/><G133/><T55/><D55/><U50/><E50/><V58/><F92/><W57/><G135/><T27/><D27/><U10/><E25/><N who="2" m="14471" /><F81/><W47/><G47/><T45/><D45/><U128/><E128/><V123/><F123/><W46/><G46/><T64/><D64/><U131/><E131/><V73/><F73/><W110/><G110/><T98/><D98/><U85/><E96/><V7/><F7/><RYUUKYOKU ba="2,1" sc="297,15,240,-15,213,15,240,-15" hai0="8,15,19,21,24,31,61,67,88,93,99,112,113" hai2="18,22,26,51,52,58,77,79,86,87" /><INIT seed="0,3,1,2,0,21" ten="312,225,228,225" oya="0" hai0="104,123,19,15,122,105,34,67,41,64,131,94,102" hai1="135,125,87,89,86,85,4,84,119,7,0,43,101" hai2="8,52,95,128,36,71,60,61,47,74,130,23,117" hai3="97,13,92,107,69,121,59,35,109,29,18,30,20"/><T79/><D34/><U70/><E119/><V22/><F74/><W54/><G69/><T124/><D41/><U25/><E125/><V57/><F117/><W98/><G109/><T42/><D42/><U12/><E135/><V93/><F36/><W96/><G121/><T88/><D79/><U46/><E0/><V113/><F113/><W65/><G107/><T39/><D39/><U114/><E70/><V14/><F47/><W58/><G35/><T112/><D112/><U108/><E108/><V27/><F23/><W17/><G92/><T115/><D115/><U126/><E114/><V91/><F71/><W99/><N who="3" m="24576" /><DORA hai="48" /><W50/><REACH who="3" step="1"/><G18/><REACH who="3" ten="312,225,228,215" step="2"/><T24/><D105/><U134/><E134/><V10/><F95/><W72/><G72/><T28/><D104/><U110/><E110/><V26/><F128/><W103/><G103/><T62/><D102/><U116/><E101/><V53/><F130/><W75/><G75/><T55/><D131/><U78/><E116/><V81/><F93/><W80/><G80/><T37/><D123/><U73/><E126/><V120/><F120/><W83/><G83/><T3/><D124/><U118/><E118/><V90/><F81/><W111/><G111/><T1/><D122/><U45/><E73/><V5/><F90/><W2/><G2/><T63/><D88/><U106/><E89/><V56/><F91/><W32/><G32/><T76/><D94/><U82/><E82/><V66/><F5/><W68/><G68/><T51/><D1/><U11/><E106/><V44/><F66/><W38/><G38/><T49/><D37/><RYUUKYOKU ba="3,2" sc="312,-10,225,-10,228,-10,215,30" hai3="13,17,20,29,30,50,54,58,59,65" /><INIT seed="1,4,2,5,2,128" ten="302,215,218,245" oya="1" hai0="106,90,11,82,29,37,62,28,52,38,13,5,134" hai1="10,68,17,131,9,67,111,88,45,66,79,42,116" hai2="83,102,27,91,0,126,93,119,1,129,115,33,59" hai3="55,118,113,63,100,31,6,30,8,87,122,71,2"/><U24/><E116/><V135/><F119/><W121/><G118/><T94/><D106/><U21/><E131/><V97/><F129/><W7/><G113/><T114/><D114/><U34/><E79/><V73/><F115/><W95/><G7/><T107/><D107/><U32/><E111/><V84/><F126/><W51/><G63/><T92/><D134/><U39/><E88/><V54/><F135/><W132/><G71/><T15/><D38/><U48/><E39/><V4/><F4/><W23/><G23/><T49/><D62/><U112/><E112/><V133/><F133/><W96/><G87/><N who="0" m="50551" /><D13/><U125/><E125/><V43/><F43/><W75/><G75/><T108/><D37/><U69/><E69/><V123/><F123/><W77/><G77/><T47/><D108/><U35/><REACH who="1" step="1"/><E68/><REACH who="1" ten="302,205,218,245" step="2"/><V57/><F73/><W109/><G109/><T50/><D50/><U85/><E85/><V78/><F91/><W127/><G127/><T18/><D5/><U22/><E22/><V117/><F117/><W20/><G132/><T53/><D11/><AGARI ba="4,3" hai="9,10,11,17,21,24,32,34,35,42,45,48,66,67" machi="11" ten="40,2000,0" yaku="1,1,53,0" doraHai="128" doraHaiUra="65" who="1" fromWho="0" sc="302,-32,205,62,218,0,245,0" /><INIT seed="1,5,0,5,2,25" ten="270,267,218,245" oya="1" hai0="93,63,106,3,57,101,15,2,0,113,102,132,52" hai1="19,29,87,95,129,14,126,18,96,55,80,71,99" hai2="66,131,115,30,9,32,134,98,5,46,48,82,89" hai3="127,7,41,128,84,51,60,69,121,123,90,83,64"/><U38/><E129/><V78/><F115/><W43/><G128/><T125/><D113/><U120/><E120/><V88/><F131/><W34/><G127/><T114/><D114/><U56/><E126/><V47/><F134/><W68/><G68/><T10/><D125/><U11/><E71/><V12/><F66/><W58/><G34/><T62/><D132/><U124/><E124/><V27/><F98/><W73/><G73/><T40/><D106/><U91/><E38/><V65/><F65/><W22/><G7/><T20/><D40/><U79/><E29/><V135/><F135/><W59/><G69/><T110/><D110/><U28/><E28/><V130/><F130/><W118/><G118/><T31/><D63/><U54/><E56/><V107/><F107/><W26/><G123/><T53/><D53/><U105/><REACH who="1" step="1"/><E19/><REACH who="1" ten="270,257,218,245" step="2"/><V4/><F47/><W13/><G121/><T42/><D31/><U72/><E72/><V35/><F35/><W108/><G108/><T50/><D57/><U36/><E36/><V45/><F46/><W37/><G37/><T76/><D62/><U70/><E70/><V112/><F112/><W122/><G122/><T61/><D61/><U117/><E117/><V77/><F77/><W67/><G67/><T75/><D76/><U133/><E133/><V109/><F109/><W23/><G59/><T24/><D75/><U21/><E21/><V92/><F78/><W85/><G58/><T86/><D20/><U8/><E8/><N who="2" m="4103" /><F45/><W119/><G119/><T97/><D10/><U49/><E49/><V94/><F48/><W111/><G51/><RYUUKYOKU ba="5,1" sc="270,-10,257,30,218,-10,245,-10" hai1="11,14,18,54,55,79,80,87,91,95,96,99,105" /><INIT seed="1,6,1,3,4,44" ten="260,287,208,235" oya="1" hai0="60,88,132,22,97,48,10,63,32,113,115,49,122" hai1="24,0,33,68,43,39,121,61,103,86,37,127,101" hai2="87,21,26,30,75,8,19,47,9,5,89,134,124" hai3="79,17,14,105,96,40,98,55,36,82,11,116,23"/><U84/><E121/><V38/><F75/><W72/><G116/><T54/><D32/><U95/><E0/><V129/><F124/><W119/><G119/><T53/><D122/><U120/><E120/><V108/><F108/><W70/><G70/><T100/><D132/><U45/><E127/><V13/><F134/><W52/><G36/><T93/><D113/><U90/><E39/><V125/><F125/><W112/><G40/><T91/><D115/><U106/><E106/><V133/><F133/><W99/><G112/><T69/><D10/><U46/><E46/><V27/><F129/><W114/><G114/><T130/><D130/><U16/><E86/><V81/><F38/><W42/><G42/><T12/><D69/><U128/><E128/><V83/><F47/><W109/><G109/><T65/><D65/><U25/><E33/><V92/><REACH who="2" step="1"/><F27/><REACH who="2" ten="260,287,198,235" step="2"/><W67/><G105/><T59/><D12/><AGARI ba="6,2" hai="5,8,9,12,13,19,21,26,30,81,83,87,89,92" machi="12" ten="30,7700,0" yaku="1,1,2,1,7,1,8,1,53,0" doraHai="44" doraHaiUra="111" who="2" fromWho="0" sc="260,-95,287,0,198,115,235,0" /><INIT seed="2,0,0,1,3,27" ten="165,287,313,235" oya="2" hai0="89,118,57,11,104,133,2,127,106,116,109,51,101" hai1="3,125,0,99,71,40,61,41,35,72,129,33,82" hai2="1,111,62,96,107,66,24,119,75,108,90,91,121" hai3="73,26,70,32,16,98,47,38,67,126,34,50,112"/><V80/><F1/><W46/><G126/><T59/><D127/><U92/><E125/><V54/><F121/><W31/><G112/><T43/><D109/><N who="2" m="42058" /><F119/><W60/><G73/><T85/><D133/><U13/><E129/><V7/><F7/><W56/><G34/><T81/><D2/><U124/><E124/><V123/><F123/><W14/><G98/><T4/><D4/><U100/><E3/><V117/><F117/><N who="0" m="45162" /><D11/><U22/><E0/><V48/><F24/><W36/><G70/><T102/><D43/><U6/><E72/><V17/><F17/><W30/><G30/><T52/><D59/><U37/><E37/><V103/><F80/><W110/><G47/><T20/><D20/><U49/><E82/><V87/><F87/><W64/><G64/><T94/><D81/><U65/><E6/><V19/><F19/><W113/><G113/><T114/><D114/><U15/><E15/><V130/><F130/><W115/><G115/><T5/><D5/><U84/><E13/><V120/><F75/><W97/><G97/><T23/><D23/><U95/><E84/><V58/><F120/><W28/><G28/><T74/><D74/><U83/><E22/><V45/><AGARI ba="0,0" hai="45,48,54,58,62,66,90,91,96,103,107" m="42058" machi="45" ten="30,3000,0" yaku="14,1,10,1" doraHai="27" who="2" fromWho="2" sc="165,-10,287,-10,313,30,235,-10" /><INIT seed="2,1,0,4,5,110" ten="155,277,343,225" oya="2" hai0="37,32,41,114,28,73,25,21,39,65,122,12,81" hai1="89,45,127,74,23,3,128,121,102,134,103,26,15" hai2="101,61,10,50,57,18,117,133,98,51,97,130,8" hai3="93,56,53,72,108,126,94,76,22,38,99,129,47"/><V88/><F117/><W67/><G126/><T54/><D122/><U80/><E3/><V83/><F130/><W109/><G67/><T104/><D104/><U100/><E127/><V20/><F133/><W44/><G129/><T118/><D118/><U55/><E128/><V116/><F116/><W75/><G22/><T24/><D65/><U96/><E134/><V27/><F98/><W60/><G93/><T77/><D12/><U62/><E121/><V85/><F97/><W48/><G38/><T135/><D135/><U59/><E74/><V64/><F101/><W82/><G72/><T19/><D54/><U123/><E123/><V125/><F125/><W113/><G113/><T1/><D1/><U40/><E15/><V34/><F34/><W111/><REACH who="3" step="1"/><G60/><REACH who="3" ten="155,277,343,215" step="2"/><T131/><D131/><U16/><E102/><AGARI ba="1,1" hai="44,47,48,53,56,75,76,82,94,99,102,108,109,111" machi="102" ten="40,5200,0" yaku="1,1,2,1,14,1,53,0" doraHai="110" doraHaiUra="36" who="3" fromWho="1" sc="155,0,277,-55,343,0,215,65" /><INIT seed="3,0,0,4,1,16" ten="155,222,343,280" oya="3" hai0="114,104,2,23,87,76,93,38,119,32,88,97,56" hai1="75,6,46,65,9,123,118,102,132,80,117,33,5" hai2="89,105,19,22,28,7,49,58,66,135,113,4,42" hai3="57,37,127,11,69,96,133,24,106,43,41,92,82"/><W125/><G69/><T64/><D32/><U84/><E75/><V27/><F105/><W71/><G71/><T31/><D119/><N who="1" m="45579" /><E132/><V74/><F113/><W122/><G106/><T81/><D38/><U111/><E111/><V115/><F115/><W48/><G122/><T108/><D114/><U134/><E123/><V26/><F74/><W62/><G48/><T45/><D2/><U101/><E33/><V51/><F135/><W126/><G133/><T3/><D3/><U103/><E134/><V25/><F89/><W109/><G37/><T77/><D108/><U39/><E65/><V63/><F28/><W72/><G11/><T52/><D104/><U91/><E9/><V21/><F27/><W53/><G109/><T35/><D35/><U83/><E83/><V18/><F42/><AGARI ba="0,0" hai="5,6,39,42,46,80,84,91,101,102,103" m="45579" machi="42" ten="30,1000,0" yaku="12,1" doraHai="16" who="1" fromWho="2" sc="155,0,222,10,343,-10,280,0" owari="155,-34.5,232,-16.8,333,43.3,280,8.0" /></mjloggm>