<mjloggm ver="2.3"><GO type="225" lobby="0"/><UN n0="%E3%81%AF%E3%82%88%E3%81%8A%E3%81%98%E3%81%95%E3%82%93" n1="%E7%9C%9F%E4%B8%80" n2="%E9%80%9F%E6%B0%B4%E5%87%9B%E9%A6%99" n3="%E2%91%A3%E9%81%BF%E9%81%8A%E6%88%AF%E3%80%90%E6%9D%B1%E5%8D%97%E3%80%91" dan="16,17,16,16" rate="2126.41,2211.54,2161.42,2088.16" sx="M,M,F,M"/><TAIKYOKU oya="0"/><INIT seed="0,0,0,5,2,21" ten="250,250,250,250" oya="0" hai0="38,35,132,112,119,58,98,99,105,41,62,78,113" hai1="47,30,70,36,57,125,15,37,114,103,97,129,108" hai2="60,77,90,83,52,111,3,116,4,94,26,55,63" hai3="133,25,29,117,135,59,115,49,66,67,50,31,53"/><T75/><D35/><U89/><E70/><V20/><F111/><W101/><G117/><T43/><D119/><U118/><E118/><V79/><F4/><W46/><G31/><T56/><D132/><N who="3" m="50761" /><G101/><T91/><D78/><N who="2" m="29706" /><F83/><W13/><G13/><T86/><D75/><U64/><E108/><V88/><F3/><W7/><G7/><T16/><D38/><U130/><E114/><V44/><F116/><W120/><G115/><T85/><D62/><N who="2" m="23594" /><F44/><W9/><G9/><T74/><D91/><N who="2" m="34858" /><F94/><W28/><G28/><AGARI ba="0,0" hai="20,26,28,52,55" m="34858,23594,29706" machi="28" ten="30,7700,0" yaku="8,1,52,1,54,2" doraHai="21" who="2" fromWho="3" sc="250,0,250,0,250,77,250,-77" /><INIT seed="1,0,0,2,4,38" ten="250,250,327,173" oya="1" hai0="125,2,65,13,69,85,7,64,130,91,18,124,121" hai1="123,87,113,70,133,135,72,8,46,47,104,59,88" hai2="132,44,122,61,79,63,34,14,116,0,36,108,99" hai3="37,96,43,27,3,95,22,67,24,97,110,92,115"/><U89/><E123/><V66/><F0/><W117/><G115/><T128/><D121/><U112/><E70/><V62/><F34/><W68/><G117/><T106/><D106/><U118/><E118/><V55/><F116/><W120/><G3/><T84/><D7/><U77/><E104/><V15/><F122/><W23/><G120/><T56/><D2/><U131/><E131/><N who="0" m="50217" /><D69/><U129/><E129/><V93/><F79/><W12/><G110/><T78/><D78/><U86/><E8/><V74/><F74/><W73/><G73/><T90/><D84/><U6/><E77/><V17/><F132/><W50/><G37/><T32/><D32/><U60/><E72/><V52/><F14/><W16/><G68/><T54/><D64/><U100/><E6/><V5/><F5/><W25/><G67/><T1/><D65/><U119/><E119/><V45/><F108/><W58/><G23/><N who="0" m="11727" /><D1/><U10/><E10/><N who="2" m="6391" /><F36/><W29/><G29/><T101/><D101/><U134/><E100/><N who="2" m="60527" /><F66/><W57/><G97/><T35/><D35/><U98/><E98/><V9/><F9/><W76/><G76/><T71/><D71/><U126/><E113/><V114/><F114/><W103/><G95/><N who="0" m="54735" /><D91/><N who="1" m="34891" /><E112/><V51/><F44/><AGARI ba="0,0" hai="12,16,22,24,25,27,43,44,50,57,58,92,96,103" machi="44" ten="40,5200,0" yaku="8,1,52,1,54,1" doraHai="38" who="3" fromWho="2" sc="250,0,250,0,327,-52,173,52" /><INIT seed="2,0,0,4,0,66" ten="250,250,275,225" oya="2" hai0="23,110,17,32,35,22,39,37,70,78,129,34,116" hai1="112,20,91,58,122,75,94,125,124,31,63,50,27" hai2="89,24,59,92,118,41,2,47,36,85,3,40,133" hai3="48,88,65,101,77,72,46,43,98,120,106,82,49"/><V33/><F118/><W60/><G120/><T111/><D78/><U96/><E112/><V38/><F133/><W93/><G49/><T127/><D116/><U108/><E122/><V6/><F6/><W86/><G60/><T103/><D103/><U109/><E50/><V0/><F59/><W99/><G65/><T25/><D127/><N who="1" m="48715" /><E75/><V18/><F18/><W80/><G99/><T8/><D129/><U81/><E81/><AGARI ba="0,0" hai="43,46,48,72,77,80,81,82,86,88,93,98,101,106" machi="81" ten="40,5200,0" yaku="24,2,54,1" doraHai="66" who="3" fromWho="1" sc="250,0,250,-52,275,0,225,52" /><INIT seed="3,0,0,2,2,101" ten="250,198,275,277" oya="3" hai0="133,122,85,113,94,127,128,68,63,126,93,24,98" hai1="116,102,60,7,75,61,119,92,30,106,33,107,125" hai2="17,108,129,72,57,121,14,11,67,10,28,55,62" hai3="54,49,27,26,120,82,91,23,87,123,48,71,118"/><W105/><G118/><N who="1" m="45098" /><E75/><V83/><F108/><W131/><G131/><T65/><D122/><U19/><E125/><N who="0" m="47625" /><D128/><U42/><E7/><V89/><F129/><W103/><G71/><T111/><D111/><U132/><E132/><V20/><F121/><W59/><G49/><T37/><D37/><U15/><E42/><V21/><F72/><W44/><G27/><T12/><D133/><U114/><E114/><V84/><F67/><W29/><REACH who="3" step="1"/><G59/><REACH who="3" ten="250,198,275,267" step="2"/><T73/><D24/><AGARI ba="0,1" hai="10,11,14,17,20,21,24,28,55,57,62,83,84,89" machi="24" ten="40,1300,0" yaku="8,1" doraHai="101" who="2" fromWho="0" sc="250,-13,198,0,275,23,267,0" /><INIT seed="4,0,0,5,1,87" ten="237,198,298,267" oya="0" hai0="12,47,55,5,51,16,32,31,34,93,4,22,69" hai1="28,84,39,45,40,44,121,24,70,73,19,76,26" hai2="96,129,6,111,48,113,71,57,67,91,23,131,120" hai3="42,3,100,54,10,85,105,0,59,126,62,38,56"/><T9/><D69/><U90/><E121/><V7/><F111/><W133/><G126/><T63/><D63/><U118/><E118/><V2/><F2/><W130/><G133/><T25/><D34/><U58/><E70/><V112/><F71/><W128/><G105/><T88/><D32/><U127/><E127/><V33/><F33/><W116/><G100/><T37/><D37/><U53/><E45/><V82/><F23/><W80/><G116/><T83/><D83/><U81/><E19/><V41/><F41/><W74/><G74/><T27/><D25/><U61/><REACH who="1" step="1"/><E28/><REACH who="1" ten="237,188,298,267" step="2"/><V92/><F120/><W132/><G132/><T125/><D125/><U78/><E78/><V104/><F131/><W60/><G130/><T99/><AGARI ba="0,1" hai="4,5,9,12,16,22,27,31,47,51,55,88,93,99" machi="99" ten="20,18000,2" yaku="0,1,7,1,8,1,52,1,54,2" doraHai="87" who="0" fromWho="0" sc="237,190,188,-60,298,-60,267,-60" owari="427,52.7,128,-37.2,238,3.8,207,-19.3" /></mjloggm>