<mjloggm ver="2.3"><GO type="225" lobby="0"/><UN n0="%E6%B4%BE%E9%81%A3%E3%81%AE%E3%82%B8%E3%83%A3%E3%83%83%E3%82%AF" n1="%E3%82%BC%E3%83%AB%E3%83%80%E3%81%AE%E4%BC%9D%E8%AA%AC" n2="%E3%81%A9%E3%82%8F%E3%82%93%E3%81%94" n3="%E3%81%82%E3%81%99%E3%81%AB%E3%82%83%E3%82%80" dan="16,17,16,16" rate="2185.87,2221.17,2109.64,2124.09" sx="M,M,M,F"/><TAIKYOKU oya="0"/><INIT seed="0,0,0,5,2,7" ten="250,250,250,250" oya="0" hai0="23,102,21,115,9,4,88,94,20,14,36,12,95" hai1="107,77,63,85,72,100,2,83,109,41,96,53,81" hai2="61,15,98,0,74,123,24,82,6,103,58,105,131" hai3="5,48,13,29,39,119,11,125,84,114,110,19,91"/><T65/><D36/><U66/><E109/><V69/><F123/><W60/><G114/><T99/><D115/><U26/><E2/><V71/><F131/><W87/><G39/><T73/><D73/><U37/><E53/><V128/><F128/><W46/><G110/><T31/><D65/><U68/><E26/><V86/><F74/><W45/><G119/><T55/><D55/><U54/><E54/><V117/><F0/><W93/><G125/><T40/><D40/><U126/><E126/><V118/><F24/><W124/><G124/><T78/><D78/><U25/><E25/><V97/><F97/><W111/><G29/><T89/><D102/><U101/><E101/><V133/><F133/><W104/><G104/><T28/><D14/><U113/><E113/><V49/><F49/><W51/><G60/><T8/><D8/><U56/><E68/><V134/><F134/><W120/><G120/><T38/><D38/><U17/><E17/><V43/><F43/><N who="3" m="24639" /><G19/><T22/><N who="0" m="5120" /><DORA hai="67" /><T10/><D10/><U32/><E32/><V79/><F15/><W42/><G111/><T122/><D122/><U130/><E130/><V33/><F6/><W50/><G50/><T112/><D112/><U57/><E57/><V121/><F33/><W16/><G5/><T44/><D44/><N who="1" m="23599" /><E72/><V116/><F121/><W34/><G34/><T132/><D132/><U27/><E27/><V70/><F70/><W127/><G127/><T129/><D129/><U80/><E107/><V47/><F47/><W106/><G106/><T3/><D3/><U76/><E76/><V75/><F75/><RYUUKYOKU ba="0,0" sc="250,0,250,0,250,0,250,0" hai0="4,9,12,28,31,88,89,94,95,99" hai1="56,63,66,77,80,81,83,85,96,100" hai2="58,61,69,71,79,82,86,98,103,105,116,117,118" hai3="11,13,16,42,46,51,84,87,91,93" /><INIT seed="0,1,0,3,1,105" ten="250,250,250,250" oya="0" hai0="70,129,58,51,16,116,72,106,115,32,85,59,46" hai1="125,45,111,38,11,134,39,42,69,63,92,79,28" hai2="126,26,74,49,24,87,36,44,3,82,52,124,8" hai3="54,94,60,130,7,0,33,62,77,61,35,41,10"/><T48/><D70/><U109/><E28/><V23/><F36/><W9/><G130/><T123/><D106/><U98/><E125/><N who="2" m="48235" /><F74/><W25/><G77/><T1/><D1/><U73/><E134/><V68/><F68/><W65/><G41/><T12/><D32/><U121/><E121/><V132/><F132/><W101/><G65/><T76/><D116/><U13/><E39/><V53/><F53/><W14/><G25/><T95/><D115/><U20/><E20/><V40/><F40/><W119/><G119/><T18/><D123/><U5/><E63/><V78/><F23/><W107/><G107/><T21/><D18/><U113/><E69/><V103/><F103/><W30/><G30/><T122/><D122/><U55/><E55/><V15/><F3/><W114/><G114/><T91/><D129/><U135/><E135/><V99/><F99/><W64/><G64/><T120/><D120/><U112/><E112/><V81/><F82/><W67/><G67/><T80/><D51/><U19/><E113/><V86/><F87/><W6/><REACH who="3" step="1"/><G54/><AGARI ba="1,0" hai="12,16,21,46,48,54,58,59,72,76,80,85,91,95" machi="54" ten="30,5800,0" yaku="7,1,52,1,54,1" doraHai="105" who="0" fromWho="3" sc="250,61,250,0,250,0,250,-61" /><INIT seed="0,2,0,0,0,131" ten="311,250,250,189" oya="0" hai0="91,106,117,10,84,27,72,126,110,60,80,13,35" hai1="83,89,40,3,9,12,76,2,5,18,114,111,19" hai2="87,39,112,74,122,4,29,28,23,124,25,55,68" hai3="37,86,59,62,73,134,47,92,107,17,128,130,65"/><T109/><D117/><U119/><E119/><V42/><F74/><W38/><G73/><T45/><D106/><U116/><E116/><V52/><F122/><W97/><G107/><T20/><D126/><U8/><E111/><N who="0" m="42505" /><D72/><U135/><E114/><V94/><F112/><W63/><G86/><T79/><D45/><U121/><E121/><V46/><F68/><W77/><G77/><T31/><D60/><U70/><E70/><V105/><F105/><W90/><G62/><T123/><D123/><U49/><E89/><V78/><F124/><W67/><G67/><T132/><D91/><U30/><E30/><V57/><F4/><W11/><G47/><T33/><D132/><U118/><E118/><V98/><F29/><W14/><REACH who="3" step="1"/><G134/><REACH who="3" ten="311,250,250,179" step="2"/><T50/><D50/><U101/><E135/><V104/><F104/><W85/><G85/><T64/><D64/><U113/><E49/><N who="2" m="26839" /><F57/><W71/><G71/><T120/><D120/><U43/><E113/><V61/><F61/><W22/><G22/><T0/><D0/><U34/><E2/><V81/><F39/><AGARI ba="2,1" hai="11,14,17,37,38,39,59,63,65,90,92,97,128,130" machi="39" ten="40,1300,0" yaku="1,1,53,0" doraHai="131" doraHaiUra="32" who="3" fromWho="2" sc="311,0,250,0,250,-19,179,29" /><INIT seed="1,0,0,3,4,1" ten="311,250,231,208" oya="1" hai0="90,91,39,106,98,113,81,112,65,83,42,14,70" hai1="128,16,19,35,46,125,40,111,103,28,88,68,101" hai2="85,61,9,97,25,123,47,102,84,60,38,135,127" hai3="89,20,79,53,63,66,31,130,114,118,93,55,29"/><U94/><E68/><V120/><F135/><W13/><G114/><T69/><D39/><U37/><E125/><V4/><F127/><W71/><G130/><T3/><D3/><U51/><E128/><V58/><F25/><W18/><G79/><T23/><D42/><U2/><E2/><V124/><F124/><W129/><G129/><T0/><D0/><U107/><E107/><V109/><F109/><W10/><G118/><T33/><D33/><U126/><E126/><V64/><F120/><W87/><G29/><T50/><D50/><U32/><E111/><V72/><F72/><W21/><G31/><T56/><D56/><U121/><E121/><V17/><F17/><W48/><REACH who="3" step="1"/><G53/><REACH who="3" ten="311,250,231,198" step="2"/><T76/><D76/><U57/><E28/><V54/><F123/><W27/><G27/><T8/><D113/><U45/><E32/><V30/><F30/><W99/><G99/><T95/><D98/><U11/><E35/><V122/><F122/><W73/><G73/><T104/><D112/><U26/><E26/><V77/><F77/><W67/><G67/><T74/><D65/><U43/><E43/><N who="2" m="23031" /><F97/><W5/><G5/><T100/><D74/><U133/><E40/><V49/><F64/><W22/><G22/><T7/><D23/><U80/><E19/><V24/><F24/><W82/><G82/><T15/><D7/><U75/><E80/><V78/><F78/><W115/><G115/><T12/><D81/><U108/><E16/><V34/><F34/><W92/><G92/><T36/><D83/><U86/><E75/><V6/><F4/><W116/><G116/><RYUUKYOKU ba="0,1" sc="311,-10,250,-10,231,-10,198,30" hai3="10,13,18,20,21,48,55,63,66,71,87,89,93" /><INIT seed="2,1,1,1,3,116" ten="301,240,221,228" oya="2" hai0="126,14,101,70,26,117,106,86,84,93,62,87,47" hai1="82,64,128,129,4,3,100,66,48,78,88,18,35" hai2="7,55,19,102,32,124,115,53,79,99,37,36,109" hai3="23,28,57,6,2,83,105,56,132,25,54,118,119"/><V60/><F115/><W97/><G132/><T50/><D106/><U103/><E35/><V71/><F32/><W96/><G83/><T15/><D126/><U73/><E18/><V127/><F79/><W95/><G105/><T80/><D117/><U9/><E48/><V122/><F7/><W121/><G121/><T30/><D80/><U131/><REACH who="1" step="1"/><E88/><REACH who="1" ten="301,230,221,228" step="2"/><V41/><F19/><W135/><G118/><T42/><D50/><U34/><E34/><V46/><F37/><W72/><G119/><T107/><D101/><AGARI ba="1,2" hai="3,4,9,64,66,73,78,82,100,101,103,128,129,131" machi="101" ten="40,5200,0" yaku="1,1,19,1,53,1" doraHai="116" doraHaiUra="104" who="1" fromWho="0" sc="301,-55,230,75,221,0,228,0" /><INIT seed="3,0,0,2,1,82" ten="246,305,221,228" oya="3" hai0="55,97,90,73,133,116,50,121,13,106,76,127,49" hai1="81,25,24,92,5,83,117,128,54,68,33,43,91" hai2="6,18,52,56,7,114,123,79,16,124,63,80,58" hai3="115,98,22,120,57,9,119,113,23,94,134,84,37"/><W130/><G119/><T35/><D35/><U20/><E68/><V51/><F114/><W3/><G120/><T126/><D116/><U108/><E117/><V48/><F124/><W111/><G37/><T2/><D2/><U61/><E108/><V44/><F123/><W12/><G111/><T100/><D121/><U75/><E128/><V110/><F110/><W39/><G39/><T74/><D133/><U34/><E75/><V19/><F51/><W103/><G134/><T72/><D13/><U86/><E34/><V85/><F58/><W4/><G130/><T65/><D65/><AGARI ba="0,0" hai="6,7,16,18,19,44,48,52,56,63,65,79,80,85" machi="65" ten="40,8000,1" yaku="8,1,52,1,54,2" doraHai="82" who="2" fromWho="0" sc="246,-80,305,0,221,80,228,0" owari="166,-33.4,305,40.5,301,10.1,228,-17.2" /></mjloggm>