<mjloggm ver="2.3"><GO type="225" lobby="0"/><UN n0="%E3%82%B2%E3%82%B9%E8%8C%82%E5%8B%9D" n1="%E3%81%A8%E3%82%93%E3%81%A8%E3%81%93%E3%81%A8%E3%82%93" n2="%E3%81%BF%E3%81%BF%E3%81%9A" n3="%28%EF%BF%A3%E2%96%BD%EF%BF%A3%29%CE%B4%E2%8C%92%E3%83%BB" dan="16,16,16,16" rate="2085.75,2114.69,2111.83,2082.47" sx="F,F,M,M"/><TAIKYOKU oya="0"/><INIT seed="0,0,0,5,3,111" ten="250,250,250,250" oya="0" hai0="57,134,125,106,61,101,87,14,40,133,8,132,103" hai1="50,124,9,131,43,47,66,38,1,135,19,98,21" hai2="126,107,74,93,90,41,35,3,80,77,110,121,86" hai3="65,109,45,81,102,115,127,20,5,113,82,29,59"/><T16/><D125/><U44/><E124/><V105/><F3/><W62/><G127/><T63/><D40/><U12/><E131/><V27/><F126/><W32/><G109/><T83/><D106/><U2/><E135/><V100/><F110/><W25/><G5/><T91/><REACH who="0" step="1"/><D61/><REACH who="0" ten="240,250,250,250" step="2"/><U17/><E66/><AGARI ba="0,1" hai="8,14,16,57,63,66,83,87,91,101,103,132,133,134" machi="66" ten="40,12000,1" yaku="1,1,2,1,20,1,54,1,53,0" doraHai="111" doraHaiUra="33" who="0" fromWho="1" sc="240,130,250,-120,250,0,250,0" /><INIT seed="0,1,0,3,1,1" ten="370,130,250,250" oya="0" hai0="70,99,20,11,134,59,22,77,12,120,61,48,46" hai1="93,105,102,2,92,83,104,26,132,72,125,54,90" hai2="67,123,96,4,126,110,89,122,19,76,56,95,78" hai3="113,9,29,84,25,24,103,131,121,66,82,73,16"/><T135/><D120/><U31/><E2/><V94/><F110/><W118/><G73/><T5/><D70/><U27/><E125/><V116/><F126/><W28/><G121/><T17/><D77/><U98/><E132/><V108/><F108/><W97/><G118/><T37/><D37/><U69/><E69/><V107/><F107/><W39/><G39/><T18/><D99/><U111/><E111/><V63/><F116/><W15/><G113/><T129/><D129/><U79/><E54/><V87/><F123/><W100/><G66/><T30/><D30/><N who="3" m="11881" /><G131/><T101/><D101/><N who="3" m="38985" /><G97/><T88/><D88/><AGARI ba="1,0" hai="9,15,16,24,25,82,84,88" m="38985,11881" machi="88" ten="30,3900,0" yaku="8,1,54,2" doraHai="1" who="3" fromWho="0" sc="370,-42,130,0,250,0,250,42" /><INIT seed="1,0,0,5,2,93" ten="328,130,250,292" oya="1" hai0="54,127,116,1,62,113,104,55,128,0,81,53,103" hai1="92,75,46,130,40,131,20,41,107,115,77,125,126" hai2="101,31,10,85,4,48,35,6,24,19,108,43,102" hai3="129,21,14,67,100,11,72,50,89,65,13,105,74"/><U122/><E107/><V30/><F108/><W110/><G110/><T51/><D113/><U97/><E20/><V73/><F73/><W90/><G105/><T117/><D127/><N who="1" m="48651" /><E40/><V84/><F43/><W45/><G100/><T38/><D128/><N who="1" m="49195" /><E46/><V28/><F48/><W76/><G129/><T60/><D38/><U56/><E56/><V96/><F35/><W134/><G76/><T69/><D81/><N who="1" m="45247" /><E41/><V59/><F59/><W114/><G21/><T94/><D104/><U34/><E34/><V7/><F24/><W37/><G45/><T132/><D51/><U82/><E115/><V8/><F19/><W78/><G114/><T15/><D69/><U9/><E9/><N who="2" m="3691" /><F96/><W70/><G11/><T22/><D62/><U68/><E68/><V109/><F109/><W86/><G50/><T64/><D60/><U118/><E118/><V36/><F36/><W119/><G37/><T42/><D116/><U5/><E5/><V79/><F79/><W12/><G78/><T87/><D117/><U63/><E63/><V32/><F32/><W80/><G119/><T49/><D42/><U61/><E61/><V29/><N who="2" m="7168" /><DORA hai="111" /><V123/><F123/><W33/><G33/><T91/><D49/><U3/><E3/><V120/><F120/><W83/><G70/><T98/><D0/><U26/><E122/><V16/><F16/><W66/><G14/><T124/><D1/><U58/><E26/><V18/><F18/><W25/><G13/><T39/><D124/><U99/><E58/><V17/><F17/><W27/><G12/><T106/><D106/><U133/><E99/><RYUUKYOKU ba="0,0" sc="328,-10,130,-10,250,30,292,-10" hai2="4,6,7,84,85,101,102" /><INIT seed="2,1,0,2,2,126" ten="318,120,280,282" oya="2" hai0="2,100,53,48,44,97,80,130,57,38,86,43,92" hai1="60,40,122,70,0,15,78,69,129,88,56,112,107" hai2="84,14,72,24,116,46,32,121,131,58,98,77,128" hai3="52,6,76,101,12,39,87,117,105,106,5,41,59"/><V7/><F116/><W20/><G117/><T42/><D42/><U134/><E0/><V22/><F121/><W71/><G71/><T102/><D130/><N who="2" m="49706" /><F98/><W94/><G106/><T37/><D2/><U50/><E112/><V45/><F72/><W25/><G105/><T10/><D10/><U49/><E134/><V47/><F32/><W99/><G39/><T55/><D55/><U19/><E107/><V91/><F77/><W79/><G41/><T62/><D102/><U3/><E78/><AGARI ba="1,0" hai="37,38,43,44,48,53,57,62,78,80,86,92,97,100" machi="78" ten="30,1000,0" yaku="7,1" doraHai="126" who="0" fromWho="1" sc="318,13,120,-13,280,0,282,0" /><INIT seed="3,0,0,1,2,43" ten="331,107,280,282" oya="3" hai0="34,6,111,47,62,130,9,28,59,94,32,134,82" hai1="77,16,76,48,103,135,107,10,113,18,120,102,71" hai2="67,40,108,98,14,17,89,87,109,85,80,105,110" hai3="81,3,30,128,58,50,131,27,24,88,12,29,41"/><W118/><G3/><T35/><D111/><U56/><E71/><V122/><F122/><W112/><G118/><T53/><D130/><N who="3" m="49705" /><G112/><T127/><D127/><U106/><E113/><V39/><F67/><W119/><G119/><T33/><D134/><U11/><E56/><V75/><F75/><W2/><G2/><T95/><D82/><U45/><E48/><V37/><F85/><N who="3" m="50223" /><G12/><T44/><D28/><N who="3" m="10857" /><G58/><T8/><D32/><U97/><E97/><V21/><REACH who="2" step="1"/><F40/><REACH who="2" ten="331,107,270,282" step="2"/><W116/><G116/><T55/><D34/><U101/><E101/><AGARI ba="0,1" hai="14,17,21,37,39,80,87,89,98,101,105,108,109,110" machi="101" ten="40,5200,0" yaku="1,1,2,1,14,1,53,0" doraHai="43" doraHaiUra="57" who="2" fromWho="1" sc="331,0,107,-52,270,62,282,0" owari="331,13.1,55,-44.5,332,43.2,282,-11.8" /></mjloggm>