<mjloggm ver="2.3"><GO type="225" lobby="0"/><UN n0="%E3%81%BF%E3%81%BF%E3%81%9A" n1="%6D%75%75%6D%75%72%61" n2="%E3%81%86%E3%82%8C%E3%81%9F%E3%82%93%E6%9E%95" n3="%E8%B1%86%59%E5%A4%AA%E9%83%8E" dan="16,17,16,16" rate="2155.36,2210.86,2081.59,2039.55" sx="M,F,F,M"/><TAIKYOKU oya="0"/><INIT seed="0,0,0,4,0,52" ten="250,250,250,250" oya="0" hai0="17,41,73,86,40,102,54,90,27,94,39,89,97" hai1="42,108,38,121,78,99,115,43,114,101,110,69,130" hai2="65,28,48,2,36,67,19,33,58,93,3,60,118" hai3="81,44,49,16,29,20,14,45,47,106,123,18,107"/><T105/><D39/><U122/><E69/><V127/><F118/><W75/><G123/><N who="1" m="47114" /><E38/><V71/><F36/><W77/><G29/><T26/><D73/><U111/><E43/><N who="0" m="16457" /><D105/><N who="1" m="63679" /><E42/><V23/><F127/><W98/><G98/><T6/><D6/><U32/><E32/><V74/><F74/><W9/><REACH who="3" step="1"/><G49/><REACH who="3" ten="250,250,250,240" step="2"/><T22/><D102/><U134/><E134/><V7/><F48/><W55/><G55/><T112/><D112/><N who="1" m="43051" /><E130/><V13/><F28/><W135/><G135/><T50/><D50/><U103/><E103/><V46/><F71/><W61/><G61/><T92/><D54/><U133/><E133/><V83/><F60/><W68/><G68/><T117/><D117/><U124/><E124/><V1/><F33/><W37/><G37/><T125/><D125/><U100/><E100/><V59/><F67/><W5/><G5/><T10/><D10/><U30/><E30/><V34/><F65/><W70/><G70/><T4/><D4/><U63/><E63/><V82/><F34/><W11/><G11/><T120/><D120/><U79/><AGARI ba="0,1" hai="78,79,108,110,111" m="43051,63679,47114" machi="79" ten="40,8000,1" yaku="14,1,11,1,34,2" doraHai="52" who="1" fromWho="1" sc="250,-40,250,90,250,-20,240,-20" /><INIT seed="1,0,0,5,0,18" ten="210,340,230,220" oya="1" hai0="44,1,76,121,100,93,77,66,40,25,101,105,55" hai1="116,5,23,110,111,12,109,102,125,42,78,72,38" hai2="15,19,48,133,57,0,24,132,39,130,97,120,65" hai3="41,14,33,99,53,2,16,68,96,59,106,81,90"/><U89/><E116/><V98/><F120/><W30/><G68/><T37/><D1/><U92/><E125/><V104/><F39/><W51/><G2/><T26/><D66/><U10/><E102/><V7/><F0/><W119/><G106/><T13/><D105/><U128/><E128/><V126/><F126/><W9/><G119/><T20/><D121/><U22/><E78/><N who="0" m="30313" /><D37/><U70/><E70/><V27/><F130/><W113/><G113/><T123/><D123/><U63/><E72/><V8/><F65/><W80/><G41/><T36/><D40/><U85/><E63/><V122/><F122/><W60/><G60/><T54/><D36/><U135/><E135/><N who="2" m="51787" /><F104/><W49/><G49/><N who="0" m="28967" /><D55/><U21/><E21/><N who="2" m="13375" /><F7/><W56/><G33/><T82/><D82/><U75/><E75/><V31/><F57/><W94/><G59/><T127/><D127/><U91/><E91/><V45/><F48/><W88/><G30/><N who="0" m="17703" /><D26/><U134/><E134/><V11/><F45/><AGARI ba="0,0" hai="5,10,12,22,23,38,42,45,85,89,92,109,110,111" machi="45" ten="40,12000,1" yaku="14,1,10,1,52,2" doraHai="18" who="1" fromWho="2" sc="210,0,340,120,230,-120,220,0" /><INIT seed="1,1,0,3,5,98" ten="210,460,110,220" oya="1" hai0="56,88,30,6,53,122,67,131,113,74,118,71,38" hai1="102,37,68,51,77,10,54,49,52,61,94,44,85" hai2="8,34,13,24,115,50,108,97,124,127,117,65,62" hai3="41,66,69,63,7,36,64,116,107,20,14,22,78"/><U12/><E77/><V105/><F117/><W45/><G116/><T129/><D113/><U128/><E128/><V101/><F115/><W27/><G66/><T32/><D118/><U47/><E37/><V4/><F108/><W57/><G78/><T123/><D74/><U126/><E126/><V15/><F50/><W104/><G69/><T109/><D6/><U17/><E68/><V75/><F75/><W18/><REACH who="3" step="1"/><G7/><REACH who="3" ten="210,460,110,210" step="2"/><T87/><D67/><U46/><E54/><V90/><F90/><W132/><G132/><T82/><D71/><U121/><E52/><V70/><REACH who="2" step="1"/><F15/><REACH who="2" ten="210,460,100,210" step="2"/><W86/><G86/><N who="0" m="50263" /><D131/><U72/><E72/><V11/><F11/><W91/><G91/><T81/><D129/><U55/><E10/><V112/><F112/><W95/><G95/><T93/><D93/><U103/><E94/><V5/><F5/><W92/><G92/><T134/><D134/><U73/><E73/><V48/><F48/><W31/><AGARI ba="1,2" hai="14,18,20,22,27,31,36,41,45,57,63,64,104,107" machi="31" ten="20,2700,0" yaku="1,1,0,1,7,1,53,0" doraHai="98" doraHaiUra="130" who="3" fromWho="3" sc="210,-8,460,-14,100,-8,210,50" /><INIT seed="2,0,0,5,3,118" ten="202,446,92,260" oya="2" hai0="93,104,116,107,132,94,134,82,46,112,108,71,87" hai1="49,48,68,80,135,2,98,73,95,50,54,130,53" hai2="126,15,67,41,66,25,47,37,59,32,90,131,105" hai3="101,57,111,45,69,3,125,61,133,92,12,83,100"/><V115/><F115/><W19/><G3/><T89/><D71/><U74/><E2/><V18/><F131/><W127/><G111/><T16/><D112/><U109/><E130/><V34/><F126/><N who="3" m="48139" /><G69/><T10/><D46/><U51/><E68/><V11/><F105/><N who="0" m="40522" /><D108/><U121/><E135/><N who="0" m="51753" /><D116/><U1/><E1/><V30/><F34/><W39/><G83/><T43/><D43/><U86/><E109/><V36/><F36/><W14/><G92/><N who="0" m="35435" /><D10/><U119/><E119/><V63/><REACH who="2" step="1"/><F90/><REACH who="2" ten="202,446,82,260" step="2"/><W91/><G133/><T40/><D40/><U28/><E98/><V64/><AGARI ba="0,1" hai="11,15,18,25,30,32,37,41,47,59,63,64,66,67" machi="64" ten="20,12000,1" yaku="1,1,2,1,0,1,7,1,53,1" doraHai="118" doraHaiUra="5" who="2" fromWho="2" sc="202,-40,446,-40,82,130,260,-40" /><INIT seed="2,1,0,4,2,80" ten="162,406,212,220" oya="2" hai0="69,91,118,131,133,39,81,88,32,64,113,86,20" hai1="127,62,58,75,73,24,94,79,82,55,44,45,53" hai2="41,38,111,63,89,48,107,42,119,100,50,8,61" hai3="105,72,123,115,83,35,103,68,54,109,71,15,36"/><V13/><F119/><W116/><RYUUKYOKU type="yao9" ba="1,0" sc="162,0,406,0,212,0,220,0" hai3="15,35,36,54,68,71,72,83,103,105,109,115,116,123" /><INIT seed="2,2,0,2,2,130" ten="162,406,212,220" oya="2" hai0="54,101,21,41,18,83,49,80,115,121,28,48,19" hai1="68,22,59,40,0,84,81,105,87,92,109,76,60" hai2="10,106,133,103,15,122,56,52,99,62,8,111,45" hai3="35,4,61,29,77,125,117,37,78,102,57,38,25"/><V9/><F122/><W31/><G117/><T69/><D121/><U86/><E105/><V47/><F111/><W82/><G125/><T110/><D69/><U118/><E109/><V16/><REACH who="2" step="1"/><F133/><REACH who="2" ten="162,406,202,220" step="2"/><W91/><G38/><T43/><D110/><U113/><E118/><V89/><F89/><W112/><G37/><T51/><D115/><U132/><E113/><V11/><AGARI ba="2,1" hai="8,9,10,11,15,16,45,47,52,56,62,99,103,106" machi="11" ten="30,11700,0" yaku="1,1,0,1,54,2,53,0" doraHai="130" doraHaiUra="104" who="2" fromWho="2" sc="162,-41,406,-41,202,133,220,-41" /><INIT seed="2,3,0,5,1,74" ten="121,365,335,179" oya="2" hai0="118,35,29,49,41,96,125,89,39,37,30,5,0" hai1="61,25,77,87,2,86,27,115,99,95,131,12,17" hai2="112,85,123,53,94,3,135,117,52,22,78,102,69" hai3="83,51,13,67,11,31,91,101,114,28,42,110,24"/><V75/><F112/><W81/><G110/><T43/><D0/><U32/><E2/><V18/><F117/><W84/><G67/><T9/><D118/><U126/><E115/><V134/><F123/><W132/><G132/><N who="2" m="50729" /><F3/><W88/><G101/><T38/><D125/><U40/><E126/><V80/><F69/><W62/><G62/><T14/><D35/><U23/><E131/><V36/><F36/><W105/><G105/><T109/><D109/><U8/><E32/><V45/><F45/><N who="3" m="26039" /><G24/><T121/><D121/><U47/><E47/><V97/><F75/><W76/><G91/><T116/><D116/><U20/><E40/><V34/><F34/><W7/><G114/><T63/><D63/><U130/><E130/><V50/><F50/><W70/><G70/><T65/><D65/><U6/><E61/><V64/><F64/><W113/><G113/><T73/><D73/><U56/><E56/><V79/><F79/><W33/><G33/><T26/><D49/><U60/><E77/><V122/><F122/><W1/><G1/><T100/><D89/><N who="1" m="55791" /><E60/><V133/><N who="2" m="50737" /><V55/><DORA hai="120" /><F55/><W111/><G111/><T68/><D68/><U4/><E4/><V93/><F93/><W98/><G98/><T128/><D128/><U108/><E108/><V19/><F19/><AGARI ba="3,0" hai="6,8,12,17,19,20,23,25,27,86,87" m="55791" machi="19" ten="30,1000,0" yaku="8,1" doraHai="74,120" who="1" fromWho="2" sc="121,0,365,19,335,-19,179,0" /><INIT seed="3,0,0,3,5,73" ten="121,384,316,179" oya="3" hai0="2,94,22,77,40,109,29,123,18,30,32,92,23" hai1="82,133,114,131,52,95,58,68,47,87,88,91,93" hai2="31,53,101,120,63,83,51,1,59,5,24,4,134" hai3="56,57,108,46,12,97,75,78,38,129,33,124,70"/><W100/><G70/><T49/><D123/><U64/><E114/><V99/><F134/><W45/><G33/><T128/><D128/><U7/><E131/><V112/><F120/><W113/><G113/><T39/><D39/><U19/><E68/><V86/><F1/><W36/><G129/><T27/><D109/><U42/><E133/><V116/><F116/><W72/><G12/><T111/><D111/><U44/><E64/><V13/><F13/><W0/><G108/><T107/><D107/><U14/><E7/><V67/><F112/><W21/><G21/><T135/><D135/><U26/><E26/><V130/><F130/><W16/><G0/><T9/><D77/><U84/><E82/><V60/><F60/><W105/><G124/><T35/><D40/><U81/><E81/><V125/><F125/><W65/><G65/><T43/><D43/><U11/><E42/><V74/><F74/><W3/><G3/><T25/><D49/><AGARI ba="0,0" hai="11,14,19,44,47,49,52,58,84,87,88,91,93,95" machi="49" ten="30,8000,1" yaku="7,1,9,1,8,1,54,2" doraHai="73" who="1" fromWho="0" sc="121,-80,384,80,316,0,179,0" owari="41,-45.9,464,56.4,316,11.6,179,-22.1" /></mjloggm>