<mjloggm ver="2.3"><GO type="225" lobby="0"/><UN n0="%E3%81%B5%E3%81%98%E3%81%8B%E3%81%A4" n1="%E5%A4%9C%E5%85%89%E5%A4%A9%E6%A5%BC" n2="%E5%84%AA%40%41%42%43" n3="%E9%A6%AC%E4%BA%86%E9%9A%94%E5%A3%81" dan="17,17,17,18" rate="2212.62,2180.76,2166.51,2205.51" sx="M,F,M,M"/><TAIKYOKU oya="0"/><INIT seed="0,0,0,3,2,21" ten="250,250,250,250" oya="0" hai0="124,9,45,2,1,4,18,55,93,84,96,33,58" hai1="25,53,43,26,8,120,111,85,59,121,77,103,41" hai2="12,30,76,115,131,135,125,31,66,61,99,7,112" hai3="73,52,10,50,36,6,95,116,32,11,80,102,44"/><T16/><D124/><U42/><E111/><V24/><F131/><W47/><G116/><T70/><D70/><U92/><E120/><V46/><F135/><W134/><G32/><T29/><D45/><U48/><E121/><V74/><F125/><W122/><G134/><T130/><D84/><U75/><E75/><V86/><F74/><W56/><G122/><T83/><D83/><N who="1" m="47343" /><E8/><V23/><F31/><W119/><G119/><T78/><D78/><U88/><E103/><V34/><F46/><W127/><G127/><T94/><D94/><U65/><E65/><V132/><F132/><W0/><G10/><T49/><D1/><U68/><E68/><V104/><F86/><AGARI ba="0,0" hai="25,26,41,42,43,48,53,59,86,88,92" m="47343" machi="86" ten="30,7700,0" yaku="8,1,52,2,54,1" doraHai="21" who="1" fromWho="2" sc="250,0,250,77,250,-77,250,0" /><INIT seed="1,0,0,4,2,37" ten="250,327,173,250" oya="1" hai0="43,34,126,96,36,24,78,46,72,71,97,55,106" hai1="77,87,86,88,53,27,73,35,13,44,8,132,103" hai2="23,122,134,135,32,60,70,64,82,12,98,115,54" hai3="41,39,52,6,5,68,130,127,65,7,84,118,63"/><U50/><E132/><V9/><F32/><W14/><G130/><T107/><D126/><U30/><E103/><V67/><F122/><W15/><G127/><T19/><D71/><U125/><E125/><V3/><F3/><W58/><G118/><T111/><D111/><U101/><E101/><V33/><F33/><W26/><G26/><T21/><D55/><U51/><E73/><V120/><F120/><W121/><G84/><T85/><D72/><U47/><E77/><V59/><F115/><W105/><G105/><T108/><D108/><U69/><E69/><V100/><F23/><W56/><G56/><T62/><D62/><U1/><E1/><V102/><F82/><W10/><G14/><T49/><D36/><U81/><E87/><V93/><F100/><W16/><G6/><T4/><D4/><U48/><E47/><V114/><F114/><W11/><G11/><T109/><D109/><U104/><E104/><V42/><F42/><W90/><G90/><T131/><D131/><U74/><E74/><V22/><F22/><W94/><G94/><T133/><D133/><N who="2" m="50698" /><F70/><W91/><G91/><T123/><D123/><U119/><E119/><V113/><F113/><W18/><G121/><T117/><D34/><U89/><E89/><V129/><F129/><W110/><G110/><T66/><D117/><U76/><E76/><V31/><F31/><W25/><G39/><T17/><D78/><U99/><E99/><N who="0" m="37961" /><D107/><U112/><E112/><V28/><F28/><W45/><G41/><N who="0" m="24783" /><D106/><U75/><E75/><V128/><F128/><W61/><G45/><T79/><D43/><RYUUKYOKU ba="0,0" sc="250,-30,327,10,173,10,250,10" hai1="8,13,27,30,35,44,48,50,51,53,81,86,88" hai2="9,12,54,59,60,64,67,93,98,102" hai3="5,7,10,15,16,18,25,52,58,61,63,65,68" /><INIT seed="1,1,0,4,4,120" ten="220,337,183,260" oya="1" hai0="2,50,8,25,18,119,14,123,67,104,62,73,94" hai1="72,115,85,130,7,36,121,110,131,37,135,134,109" hai2="48,87,77,57,34,86,65,112,116,28,21,97,27" hai3="47,54,63,49,90,76,43,12,128,84,114,129,106"/><U105/><E7/><V92/><F116/><W99/><G114/><T42/><D119/><U6/><E6/><V55/><F112/><W22/><G76/><T40/><D123/><U81/><E115/><V10/><F34/><W44/><G106/><T53/><D104/><U35/><E105/><V113/><F113/><W74/><G74/><T101/><D73/><U100/><E72/><V38/><F38/><N who="1" m="14953" /><E100/><V108/><F10/><W20/><G99/><N who="0" m="59639" /><D25/><U23/><E23/><V4/><F4/><W75/><G75/><T70/><D70/><U83/><E35/><V95/><F95/><W1/><G1/><T17/><D17/><U33/><E33/><V117/><F77/><W122/><G122/><T91/><D91/><N who="1" m="51631" /><E83/><V89/><F117/><W19/><G20/><T51/><D2/><U31/><E31/><V64/><F87/><W11/><G22/><T127/><D67/><U5/><E5/><V82/><F65/><W102/><G102/><T111/><D62/><U41/><E41/><N who="0" m="15977" /><D53/><U78/><E78/><V24/><F64/><W98/><G63/><T13/><D13/><U96/><E96/><V9/><F27/><W126/><G98/><T32/><D32/><U66/><E66/><V0/><F0/><W45/><G43/><T68/><D68/><U16/><E16/><V52/><F55/><W133/><G54/><T124/><D51/><U71/><E71/><V93/><F9/><W132/><G49/><T125/><D50/><U59/><E121/><V80/><F108/><AGARI ba="1,0" hai="8,14,18,108,111,124,125,127" m="15977,59639" machi="108" ten="40,5200,0" yaku="18,1,52,2" doraHai="120" who="0" fromWho="2" sc="220,55,337,0,183,-55,260,0" /><INIT seed="2,0,0,1,1,96" ten="275,337,128,260" oya="2" hai0="108,16,104,80,61,134,122,17,101,39,114,56,73" hai1="40,54,10,92,120,11,3,21,70,48,112,69,66" hai2="71,62,105,29,26,2,45,113,129,94,98,20,32" hai3="121,67,14,13,22,109,55,5,95,65,34,128,77"/><V47/><F113/><W59/><G121/><T130/><D122/><U131/><E112/><V100/><F129/><W74/><G34/><T117/><D130/><U57/><E131/><V49/><F2/><W58/><G128/><T23/><D114/><U27/><E120/><V90/><F20/><W135/><G109/><T64/><D39/><U4/><E11/><V38/><F38/><W83/><G135/><T133/><D108/><U86/><E40/><V88/><F94/><W72/><G72/><T28/><D117/><U52/><E66/><N who="2" m="41431" /><F47/><W118/><G118/><T76/><D28/><U89/><E54/><AGARI ba="0,0" hai="26,29,32,45,49,54,88,90,98,100,105" m="41431" machi="54" ten="30,5800,0" yaku="25,1,52,1,54,1" doraHai="96" who="2" fromWho="1" sc="275,0,337,-58,128,58,260,0" /><INIT seed="2,1,0,3,0,12" ten="275,279,186,260" oya="2" hai0="105,65,101,78,24,127,0,86,9,67,46,22,47" hai1="77,97,18,104,83,81,82,79,13,63,118,23,51" hai2="6,110,89,19,37,34,50,52,38,54,98,106,32" hai3="44,60,31,53,107,56,74,132,113,71,25,27,43"/><V100/><F37/><W69/><G74/><T122/><D127/><U126/><E118/><V115/><F38/><W80/><G107/><T28/><D122/><U88/><E126/><V14/><F115/><W48/><G113/><T21/><D105/><U39/><E39/><V102/><F6/><W68/><G132/><T109/><D101/><U16/><E104/><V8/><F102/><W121/><G121/><T129/><D129/><U95/><E51/><V55/><F110/><W57/><G80/><N who="0" m="47383" /><D0/><U15/><E63/><V5/><F89/><W58/><REACH who="3" step="1"/><G27/><REACH who="3" ten="275,279,186,250" step="2"/><N who="0" m="16495" /><D109/><U66/><E79/><V93/><F106/><W117/><G117/><T111/><D111/><U35/><E77/><V11/><REACH who="2" step="1"/><F50/><REACH who="2" ten="275,279,176,250" step="2"/><W7/><G7/><T99/><D24/><U59/><E88/><V20/><F20/><AGARI ba="1,2" hai="20,25,31,43,44,48,53,56,57,58,60,68,69,71" machi="20" ten="40,1300,0" yaku="1,1,53,0" doraHai="12" doraHaiUra="73" who="3" fromWho="2" sc="275,0,279,0,176,-16,250,36" /><INIT seed="3,0,0,1,2,2" ten="275,279,160,286" oya="3" hai0="123,72,63,78,90,43,47,87,49,33,80,11,19" hai1="16,133,98,10,62,70,94,83,127,107,128,101,71" hai2="24,129,77,7,126,76,88,69,82,55,111,115,103" hai3="18,122,60,8,104,42,91,27,9,130,121,51,110"/><W131/><G104/><T28/><D123/><U124/><E128/><N who="3" m="49194" /><G110/><T116/><D116/><U6/><E133/><V21/><F129/><W29/><G60/><T79/><D33/><U120/><E120/><N who="3" m="46186" /><G18/><T86/><D72/><U118/><E118/><V20/><F115/><W45/><G91/><N who="0" m="51655" /><D63/><U40/><E62/><V97/><F111/><W125/><G125/><N who="1" m="48202" /><E107/><V25/><F126/><W134/><G134/><T109/><D28/><U36/><E16/><N who="2" m="12295" /><F69/><W117/><G117/><T105/><D105/><U12/><E71/><V30/><F7/><W106/><G106/><T100/><D109/><U22/><E70/><V74/><F74/><W34/><AGARI ba="0,0" hai="8,9,27,29,34,42,45,51" m="46186,49194" machi="34" ten="30,1500,0" yaku="19,1" doraHai="2" who="3" fromWho="3" sc="275,-5,279,-5,160,-5,286,15" owari="270,-13.0,274,7.4,155,-34.5,301,40.1" /></mjloggm>