<mjloggm ver="2.3"><GO type="225" lobby="0"/><UN n0="%E5%B0%8F%E9%B3%A5%E9%81%8A%E7%B7%B4%E7%84%A1%32%31%E6%AD%B3" n1="%E3%81%8B%E3%82%8F%E3%81%A1%E3%82%83%E3%82%93%35%38" n2="%E3%83%81%E3%83%83%E3%82%BF%E3%82%BD%E3%83%BC" n3="%6D%75%75%73%61%6E%6D%75" dan="16,16,16,16" rate="2192.59,2096.47,2148.28,2130.43" sx="F,M,F,F"/><TAIKYOKU oya="0"/><INIT seed="0,0,0,5,5,47" ten="250,250,250,250" oya="0" hai0="92,97,18,61,122,120,86,15,123,133,10,34,59" hai1="70,0,42,38,33,49,55,8,82,12,76,63,130" hai2="73,1,129,69,13,2,58,91,64,80,31,105,124" hai3="36,56,115,114,51,77,66,23,40,87,98,93,131"/><T54/><D34/><U121/><E121/><V79/><F69/><W85/><G131/><T81/><D133/><U25/><E130/><V108/><F129/><W88/><G36/><T62/><D62/><U100/><E100/><V132/><F105/><W78/><G114/><T16/><D18/><U65/><E0/><V22/><F108/><W46/><G115/><T126/><D126/><U71/><E71/><V128/><F132/><W43/><G43/><T89/><REACH who="0" step="1"/><D122/><REACH who="0" ten="240,250,250,250" step="2"/><U26/><E33/><V67/><F124/><W135/><G135/><T72/><D72/><U20/><E63/><V109/><F73/><W75/><G75/><T119/><D119/><U68/><E68/><V19/><F128/><W44/><G23/><T17/><D17/><U53/><E70/><V60/><F22/><W94/><G66/><T116/><D116/><U29/><E65/><V84/><F67/><W106/><G40/><T118/><D118/><U30/><E42/><V111/><F31/><W90/><G106/><T112/><D112/><U50/><E29/><V24/><F19/><W14/><G14/><T37/><D37/><U113/><E38/><V45/><F13/><W39/><G39/><T134/><D134/><U102/><E113/><V4/><F64/><W117/><G117/><T107/><D107/><U57/><E20/><V101/><F60/><W104/><G104/><T11/><D11/><U95/><E30/><V74/><F74/><W52/><G98/><T3/><D3/><U110/><E12/><V28/><F1/><W125/><G125/><T103/><AGARI ba="0,1" hai="10,15,16,54,59,61,81,86,89,92,97,103,120,123" machi="103" ten="20,7800,0" yaku="1,1,0,1,7,1,54,1,53,0" doraHai="47" doraHaiUra="127" who="0" fromWho="0" sc="240,88,250,-26,250,-26,250,-26" /><INIT seed="0,1,0,2,0,73" ten="328,224,224,224" oya="0" hai0="35,38,29,40,94,98,48,71,90,6,131,123,11" hai1="42,106,34,45,133,19,88,17,60,58,39,62,15" hai2="105,116,26,117,130,44,103,3,108,36,135,63,53" hai3="72,10,124,31,67,68,54,97,102,50,122,21,107"/><T104/><D123/><U65/><E133/><V109/><F3/><W33/><G122/><T80/><D71/><U14/><E106/><V81/><F26/><W99/><G124/><T114/><D114/><U87/><E34/><V66/><F103/><W55/><G97/><T76/><D104/><U49/><E39/><V16/><F105/><W22/><G10/><T111/><D131/><U113/><E113/><V25/><F130/><W74/><G74/><T7/><D111/><N who="2" m="42570" /><F81/><W89/><G72/><N who="0" m="43015" /><D6/><U69/><E14/><V82/><F82/><W100/><G100/><T57/><D48/><U85/><E85/><V13/><F25/><N who="3" m="18671" /><G89/><T95/><D57/><U125/><E125/><V118/><F135/><W78/><G78/><T75/><D75/><U56/><E69/><N who="2" m="42207" /><F36/><W110/><G110/><T112/><D112/><U83/><REACH who="1" step="1"/><E15/><REACH who="1" ten="328,214,224,224" step="2"/><V27/><F27/><W101/><G107/><T9/><D38/><U32/><E32/><V12/><F12/><W18/><G68/><T4/><D35/><U79/><E79/><V52/><F44/><W127/><G127/><T128/><D128/><U43/><E43/><V0/><F0/><W96/><G96/><T24/><D98/><U59/><E59/><V70/><F70/><W5/><G99/><T8/><D40/><U121/><E121/><V93/><F93/><W126/><G126/><T46/><D95/><U120/><E120/><V77/><F77/><W132/><G132/><T91/><D94/><U1/><E1/><V20/><AGARI ba="1,1" hai="13,16,20,52,53,116,117,118" m="42207,42570" machi="20" ten="40,8000,1" yaku="12,1,14,1,54,2" doraHai="73" who="2" fromWho="2" sc="328,-41,214,-21,224,93,224,-21" /><INIT seed="1,0,0,4,1,49" ten="287,193,317,203" oya="1" hai0="62,100,42,109,77,1,7,120,88,98,35,46,123" hai1="41,57,60,93,128,75,25,115,87,122,32,52,63" hai2="56,134,31,69,80,113,3,43,79,40,67,12,55" hai3="24,119,8,10,132,102,133,101,125,5,71,86,36"/><U70/><E115/><V48/><F134/><N who="3" m="51819" /><G71/><T38/><D109/><U78/><E122/><N who="0" m="46633" /><D35/><U94/><E75/><V16/><F3/><W22/><G36/><T99/><D77/><U126/><E126/><V23/><F113/><W90/><G125/><T135/><D135/><U110/><E128/><V108/><F108/><W14/><G10/><N who="0" m="2415" /><D100/><U83/><E41/><V89/><F89/><W96/><G96/><T92/><D62/><U27/><E110/><V19/><F31/><N who="3" m="17815" /><G119/><T74/><D74/><U95/><REACH who="1" step="1"/><E32/><REACH who="1" ten="287,183,317,203" step="2"/><V111/><F111/><W33/><G33/><T84/><AGARI ba="0,1" hai="38,42,46,84,88,92,98,99" m="2415,46633" machi="84" ten="30,2000,0" yaku="13,1,54,1" doraHai="49" who="0" fromWho="0" sc="287,30,183,-10,317,-5,203,-5" /><INIT seed="2,0,0,5,0,62" ten="317,173,312,198" oya="2" hai0="67,80,121,92,95,59,24,76,100,77,78,94,105" hai1="38,32,29,54,6,102,103,109,58,98,73,128,131" hai2="104,42,5,60,21,65,50,115,113,51,110,64,17" hai3="108,87,123,134,75,49,114,66,8,74,122,69,99"/><V127/><F104/><W0/><G108/><T85/><D121/><N who="3" m="46089" /><G49/><N who="2" m="18441" /><F5/><N who="3" m="1063" /><G87/><T88/><D105/><U82/><E98/><V63/><F17/><W31/><G99/><N who="0" m="59495" /><D24/><U48/><E38/><V16/><F16/><W23/><G23/><T71/><D71/><U72/><E109/><V124/><F21/><W61/><G134/><T15/><D15/><U3/><E6/><V133/><F110/><W84/><G84/><T57/><D57/><U30/><E3/><V28/><F28/><W27/><G114/><N who="2" m="43529" /><F42/><W91/><G91/><T40/><D40/><U20/><E29/><V12/><F12/><W119/><G119/><T41/><D41/><U37/><E30/><V68/><F133/><W7/><G7/><T53/><D53/><U125/><E54/><V33/><F33/><N who="3" m="20735" /><G75/><T101/><D101/><U26/><E102/><V132/><F132/><W35/><G74/><T4/><D4/><U36/><E103/><V19/><F19/><W126/><G126/><T96/><D96/><U10/><E125/><V93/><F93/><W45/><G45/><T34/><D34/><AGARI ba="0,0" hai="34,35,61,66,69" m="20735,1063,46089" machi="34" ten="30,2000,0" yaku="23,1,52,1" doraHai="62" who="3" fromWho="0" sc="317,-20,173,0,312,0,198,20" /><INIT seed="3,0,0,0,5,76" ten="297,173,312,218" oya="3" hai0="63,83,122,16,46,25,62,11,123,29,124,73,34" hai1="42,74,115,75,17,71,15,30,60,90,116,45,50" hai2="133,119,5,80,91,69,93,44,125,86,27,26,97" hai3="55,22,109,49,48,77,9,10,51,101,89,112,0"/><W70/><G112/><T37/><D124/><U20/><E116/><V78/><F133/><W117/><G70/><T13/><D73/><U131/><E131/><V38/><F125/><W128/><G117/><T110/><D83/><U129/><E129/><V33/><F69/><W47/><G128/><T96/><D96/><U59/><E115/><V121/><F121/><W105/><G0/><T14/><D110/><U24/><E71/><V67/><F67/><W87/><G105/><T88/><D88/><U126/><E126/><V106/><F33/><W127/><G101/><T68/><D13/><U111/><E111/><V64/><F64/><W19/><G77/><T99/><D99/><U31/><E90/><V8/><F119/><W85/><G85/><T61/><D68/><U3/><E3/><V132/><F132/><W134/><G109/><T28/><D28/><U94/><E94/><V39/><F39/><W35/><G35/><T100/><D100/><U21/><REACH who="1" step="1"/><E30/><REACH who="1" ten="297,163,312,218" step="2"/><V53/><F106/><W120/><G127/><T23/><D123/><U43/><E43/><V52/><F91/><W79/><G120/><T72/><D122/><U12/><E12/><V81/><F93/><W4/><G89/><T98/><D29/><U57/><E57/><V95/><F95/><W18/><G134/><T54/><D46/><U56/><E56/><V7/><F44/><W82/><G47/><T1/><D1/><U40/><E40/><V92/><F92/><W58/><G58/><T130/><D130/><U65/><AGARI ba="0,1" hai="15,17,20,21,24,31,42,45,50,59,60,65,74,75" machi="65" ten="20,2700,0" yaku="1,1,0,1,7,1,53,0" doraHai="76" doraHaiUra="114" who="1" fromWho="1" sc="297,-7,163,37,312,-7,218,-13" owari="290,9.0,200,-30.0,305,40.5,205,-19.5" /></mjloggm>