<mjloggm ver="2.3"><GO type="225" lobby="0"/><UN n0="%E8%A8%88%E7%AE%97%E6%A9%9F%E8%87%AA%E7%84%B6" n1="%E3%83%8F%E3%82%AC%E3%82%BF%E3%82%AB%E3%81%AE%E3%81%88%E3%81%98%E3%81%8D" n2="%73%6C%69%63%6B%33%31%39" n3="%67%61%79%75%6E%79" dan="17,16,16,16" rate="2241.08,2160.97,2191.50,2156.40" sx="M,M,M,M"/><TAIKYOKU oya="0"/><INIT seed="0,0,0,2,1,18" ten="250,250,250,250" oya="0" hai0="128,43,87,41,66,71,31,113,8,97,40,125,111" hai1="58,88,109,29,10,129,35,57,101,30,122,80,131" hai2="133,115,108,75,54,83,72,19,93,96,107,38,0" hai3="106,59,28,44,60,62,70,48,81,78,127,42,51"/><T25/><D113/><U121/><E101/><N who="2" m="62887" /><F38/><W26/><G106/><T103/><D128/><N who="1" m="49227" /><E109/><V46/><F54/><W20/><G127/><T74/><D74/><N who="2" m="28202" /><F19/><W82/><G70/><T89/><D125/><U91/><E10/><V79/><F46/><N who="3" m="25687" /><G78/><T14/><D111/><U64/><E80/><N who="3" m="30826" /><G59/><N who="1" m="22538" /><E64/><V85/><F0/><W37/><G37/><T86/><D66/><U34/><E29/><V9/><F9/><W6/><G6/><T65/><D65/><U55/><E55/><AGARI ba="0,0" hai="20,26,28,44,51,55,60,62" m="30826,25687" machi="55" ten="30,2000,0" yaku="8,1,52,1" doraHai="18" who="3" fromWho="1" sc="250,0,250,-20,250,0,250,20" /><INIT seed="1,0,0,0,5,70" ten="250,230,250,270" oya="1" hai0="81,106,105,41,104,16,5,91,121,56,92,11,59" hai1="51,112,79,27,43,122,134,67,85,125,75,6,117" hai2="15,110,12,55,76,71,25,30,73,3,74,8,118" hai3="57,10,86,103,108,93,38,4,32,48,19,29,102"/><U22/><E112/><V53/><F118/><W77/><G108/><T97/><D121/><U63/><E117/><V78/><F71/><W89/><G77/><T114/><D114/><U66/><E75/><V45/><F3/><W0/><G38/><T129/><D129/><U124/><E6/><V113/><F113/><W58/><G19/><T39/><D81/><N who="1" m="47295" /><E122/><V83/><F110/><W46/><G29/><T60/><D60/><U26/><E134/><V72/><F45/><W50/><G32/><T88/><D91/><U130/><E130/><V96/><F96/><W135/><G135/><T123/><D123/><U119/><E63/><V49/><F49/><W116/><G116/><T36/><D16/><N who="1" m="12615" /><E27/><V126/><F126/><N who="1" m="48745" /><E119/><V98/><F98/><W18/><G18/><T34/><D34/><U101/><E101/><V90/><F74/><W115/><G115/><T47/><REACH who="0" step="1"/><D36/><REACH who="0" ten="240,230,250,270" step="2"/><U17/><E17/><V65/><F90/><W2/><G103/><T21/><D21/><U1/><E1/><AGARI ba="0,1" hai="1,5,11,39,41,47,56,59,88,92,97,104,105,106" machi="1" ten="40,8000,1" yaku="1,1,52,1,54,1,53,1" doraHai="70" doraHaiUra="69" who="0" fromWho="1" sc="240,90,230,-80,250,0,270,0" /><INIT seed="2,0,0,3,0,108" ten="330,150,250,270" oya="2" hai0="55,1,15,5,74,20,103,39,76,63,131,95,36" hai1="72,33,14,62,122,56,31,24,59,0,78,71,53" hai2="87,37,66,26,48,43,88,116,82,96,104,109,81" hai3="9,22,86,77,111,34,129,135,47,8,91,114,30"/><V57/><F116/><W38/><G34/><T18/><D131/><U112/><E112/><V67/><F37/><W45/><G111/><T134/><D134/><U16/><E122/><V13/><F109/><W126/><G135/><T128/><D128/><U3/><E71/><V2/><F2/><W21/><G77/><T132/><D132/><U65/><E78/><V69/><F69/><W101/><G126/><T68/><D1/><U125/><E72/><V10/><F26/><W54/><G101/><T107/><D107/><U93/><E93/><V92/><F104/><W115/><G129/><T100/><D5/><U97/><E97/><V29/><F29/><W84/><G54/><T25/><D15/><U130/><E130/><V35/><F35/><W121/><G38/><T124/><D124/><U118/><E118/><V28/><F28/><W127/><G127/><T73/><D100/><U7/><E7/><N who="2" m="3295" /><F81/><W11/><G121/><T46/><D68/><U19/><E19/><V75/><F75/><W50/><G30/><T27/><D27/><U42/><E42/><V61/><F66/><W83/><G86/><T102/><D73/><U94/><E94/><V23/><F23/><N who="3" m="8715" /><G50/><N who="0" m="29143" /><D63/><U12/><E12/><V70/><F70/><W52/><G52/><T89/><D36/><U58/><E125/><V32/><F32/><W17/><G17/><T120/><D39/><U40/><E40/><V90/><F43/><W113/><AGARI ba="0,0" hai="8,9,11,45,47,83,84,91,113,114,115" m="8715" machi="113" ten="40,8000,1" yaku="11,1,52,3" doraHai="108" who="3" fromWho="3" sc="330,-20,150,-20,250,-40,270,80" /><INIT seed="3,0,0,0,2,69" ten="310,130,210,350" oya="3" hai0="115,46,67,126,35,14,116,119,63,58,105,132,93" hai1="32,112,61,16,103,57,111,38,123,30,22,45,107" hai2="75,50,79,128,41,134,24,19,25,108,80,64,21" hai3="71,117,27,85,97,91,15,101,99,33,62,49,12"/><W8/><G117/><N who="0" m="45131" /><D93/><U114/><E123/><V34/><F108/><W82/><G71/><N who="0" m="42495" /><D14/><U130/><E111/><V120/><F120/><W4/><G15/><T44/><D105/><U106/><E130/><V94/><F64/><W48/><G33/><T95/><D95/><U31/><E31/><V124/><F124/><W5/><G5/><T2/><D2/><U100/><E30/><V87/><F134/><W96/><G101/><T83/><D83/><U129/><E32/><V84/><F34/><W121/><G121/><T98/><D98/><U109/><E109/><V76/><F76/><W122/><G122/><T92/><D92/><U55/><E129/><V54/><F41/><W102/><G102/><T66/><D35/><U68/><E68/><V131/><F75/><W70/><G27/><T104/><D104/><U78/><E78/><V118/><F118/><W0/><G0/><T7/><D7/><U86/><E103/><V1/><F1/><W133/><G133/><T90/><D90/><U17/><E86/><V26/><F128/><W10/><G10/><T52/><D132/><U81/><E81/><V28/><F28/><W73/><G73/><T9/><D126/><U72/><E72/><V135/><F135/><W51/><G70/><T89/><D66/><U40/><E106/><V36/><F80/><W29/><G29/><T77/><D77/><U18/><REACH who="1" step="1"/><E22/><REACH who="1" ten="310,120,210,350" step="2"/><N who="2" m="13407" /><F84/><W6/><G82/><T3/><D89/><U65/><E65/><V60/><F87/><W37/><G85/><T11/><D115/><U23/><E23/><V47/><F21/><W39/><G91/><RYUUKYOKU ba="0,1" sc="310,-10,120,30,210,-10,350,-10" hai1="16,17,18,38,40,45,55,57,61,100,107,112,114" owari="300,10.0,150,-35.0,200,-20.0,350,45.0" /></mjloggm>