<mjloggm ver="2.3"><GO type="225" lobby="0"/><UN n0="%E3%81%BF%E3%81%BF%E3%81%9A" n1="%E3%82%BC%E3%83%AB%E3%83%80%E3%81%AE%E4%BC%9D%E8%AA%AC" n2="%E3%81%8B%E3%82%8F%E3%81%A1%E3%82%83%E3%82%93%35%38" n3="%77%72%77%72%77%72%77%72" dan="18,18,17,17" rate="2257.43,2210.35,2249.94,2178.91" sx="M,M,M,M"/><TAIKYOKU oya="0"/><INIT seed="0,0,0,5,5,37" ten="250,250,250,250" oya="0" hai0="56,62,35,55,81,77,42,128,1,135,5,112,117" hai1="134,78,63,46,115,26,12,51,38,32,53,108,92" hai2="97,101,69,24,88,106,34,119,131,13,68,94,60" hai3="96,0,124,84,127,11,75,130,27,10,83,64,70"/><T89/><D112/><U85/><E115/><V15/><F131/><W122/><G130/><T33/><D128/><U8/><E108/><V54/><F119/><W72/><G122/><T67/><D117/><U103/><E38/><V126/><F126/><N who="3" m="48171" /><G96/><T21/><D135/><U39/><E39/><V109/><F109/><W22/><G64/><T61/><D89/><U93/><E134/><V45/><F68/><W91/><G70/><T100/><D100/><U43/><E32/><V82/><F82/><W129/><G129/><T23/><D1/><U57/><E26/><V132/><F132/><W105/><G105/><T44/><D5/><N who="1" m="3087" /><E103/><V99/><F45/><W59/><G59/><N who="0" m="37311" /><D33/><U65/><E65/><N who="2" m="41127" /><F54/><W40/><G40/><T71/><D35/><U20/><E20/><N who="0" m="7753" /><D71/><U133/><E133/><V28/><AGARI ba="0,0" hai="13,15,24,28,34,88,94,97,99,101,106" m="41127" machi="28" ten="30,2000,0" yaku="25,1,54,1" doraHai="37" who="2" fromWho="2" sc="250,-10,250,-5,250,20,250,-5" /><INIT seed="1,0,0,1,4,127" ten="240,245,270,245" oya="1" hai0="15,124,12,45,129,121,72,114,23,61,62,80,56" hai1="83,88,82,109,13,102,1,103,25,117,89,91,33" hai2="3,76,38,87,55,100,75,57,34,29,43,28,130" hai3="47,35,63,21,118,133,115,81,52,20,27,64,8"/><U4/><E1/><V84/><F3/><W59/><G115/><T105/><D114/><U77/><E117/><V31/><F34/><W5/><G118/><T78/><D105/><U26/><E109/><V48/><F100/><N who="1" m="38441" /><E33/><V101/><F101/><W96/><G133/><T17/><D124/><U74/><E74/><V58/><F38/><W39/><G96/><T134/><D134/><U108/><E108/><V128/><F43/><W125/><G125/><T50/><D121/><U32/><E32/><V92/><F58/><W14/><G81/><N who="1" m="30730" /><E77/><V68/><F68/><W24/><G24/><N who="1" m="9322" /><E13/><V111/><F111/><W132/><G132/><T54/><D129/><N who="2" m="49770" /><F92/><W94/><G94/><T18/><REACH who="0" step="1"/><D56/><REACH who="0" ten="230,245,270,245" step="2"/><U22/><E4/><V69/><F69/><W116/><G116/><T53/><D53/><U106/><E106/><V95/><F95/><W40/><G52/><T123/><D123/><U9/><E9/><AGARI ba="0,1" hai="9,12,15,17,18,23,45,50,54,61,62,72,78,80" machi="9" ten="30,7700,0" yaku="1,1,7,1,53,2" doraHai="127" doraHaiUra="10" who="0" fromWho="1" sc="230,87,245,-77,270,0,245,0" /><INIT seed="2,0,0,5,4,95" ten="317,168,270,245" oya="2" hai0="96,62,41,85,111,36,39,13,115,67,103,114,117" hai1="87,84,89,40,49,106,26,75,27,105,31,82,68" hai2="55,45,30,93,28,104,53,48,107,24,102,2,100" hai3="42,119,99,70,32,78,90,69,83,128,37,50,10"/><V101/><F2/><W63/><G119/><T65/><D117/><U64/><E75/><V14/><F30/><W4/><G32/><T1/><D1/><U51/><E68/><V66/><F66/><W120/><G120/><T29/><D29/><U92/><E64/><V35/><F14/><W74/><G128/><T86/><D13/><U71/><E71/><V25/><F25/><W6/><G6/><T130/><D130/><U5/><E5/><V19/><F19/><W12/><G37/><T94/><D111/><U43/><E31/><V127/><F127/><W52/><G63/><T134/><D134/><U20/><E92/><V21/><F35/><W44/><G90/><T15/><D15/><U81/><REACH who="1" step="1"/><E89/><REACH who="1" ten="317,158,270,245" step="2"/><V16/><F28/><W112/><G69/><T118/><D65/><U46/><E46/><N who="2" m="27799" /><F107/><W73/><G70/><T34/><D67/><U132/><E132/><V110/><F104/><W108/><G73/><T77/><D118/><U56/><E56/><V33/><F33/><W17/><G108/><T57/><D34/><U97/><E97/><N who="2" m="59439" /><F110/><W76/><G4/><T125/><D96/><U8/><E8/><V58/><F45/><N who="3" m="27727" /><G99/><T72/><D72/><U79/><E79/><V38/><F38/><N who="3" m="21591" /><G76/><T61/><D77/><U131/><E131/><V59/><F59/><W116/><G116/><T123/><D57/><U54/><E54/><V80/><F80/><W11/><G11/><T129/><D129/><U47/><E47/><V18/><F18/><W7/><G7/><T91/><D36/><U122/><E122/><V9/><F9/><W109/><G109/><RYUUKYOKU ba="0,1" sc="317,-30,158,10,270,10,245,10" hai1="20,26,27,40,43,49,51,81,82,84,87,105,106" hai2="16,21,24,55,58,101,102" hai3="10,12,17,74,78,83,112" /><INIT seed="2,1,1,1,4,0" ten="287,168,280,255" oya="2" hai0="107,17,43,90,41,61,126,79,82,119,74,60,86" hai1="122,47,12,11,121,56,98,71,54,58,23,101,62" hai2="78,32,65,20,27,31,63,29,100,91,64,111,123" hai3="57,105,15,55,73,96,118,38,49,99,50,52,75"/><V128/><F123/><N who="1" m="47113" /><E23/><V14/><F128/><W106/><G118/><T127/><D107/><U25/><E25/><V6/><F111/><W13/><REACH who="3" step="1"/><G57/><REACH who="3" ten="287,168,280,245" step="2"/><T35/><D119/><U84/><E84/><V10/><F78/><W87/><G87/><T102/><D79/><U117/><E117/><V42/><F100/><W132/><G132/><T9/><D102/><U22/><E22/><V36/><F32/><W83/><G83/><T81/><D81/><U108/><E108/><V37/><F91/><W95/><G95/><T104/><D35/><U67/><E47/><V80/><F80/><W44/><G44/><T7/><D104/><N who="1" m="63543" /><E54/><V97/><F97/><W26/><G26/><T76/><D76/><U59/><E59/><V21/><F42/><W125/><G125/><N who="0" m="47627" /><D74/><U39/><E39/><AGARI ba="1,2" hai="13,15,38,39,49,50,52,55,73,75,96,99,105,106" machi="39" ten="25,6400,0" yaku="1,1,22,2,54,1,53,0" doraHai="0" doraHaiUra="116" who="3" fromWho="1" sc="287,0,168,-67,280,0,245,87" /><INIT seed="3,0,0,2,2,133" ten="287,101,280,332" oya="3" hai0="38,62,91,52,117,4,65,73,132,112,58,30,104" hai1="35,17,72,56,95,107,119,134,111,14,9,49,31" hai2="15,97,59,79,87,19,43,21,54,80,33,3,0" hai3="105,23,131,60,83,113,55,84,124,50,47,48,2"/><W127/><G113/><T81/><D117/><U98/><E111/><V74/><F33/><W40/><G105/><T5/><D132/><U75/><E107/><V41/><F74/><W53/><G2/><T22/><D104/><U120/><E120/><V101/><F0/><W99/><G99/><T68/><D38/><U46/><E134/><V39/><F39/><W29/><G131/><T77/><D112/><U100/><E119/><V85/><F3/><W102/><G102/><T129/><D129/><U122/><E122/><V64/><F64/><W26/><G60/><T89/><D30/><U92/><E75/><V109/><F109/><W37/><G37/><T135/><D135/><U130/><E72/><V12/><F12/><W8/><G8/><T11/><D22/><U123/><E123/><V126/><F126/><N who="3" m="48171" /><G48/><T18/><D18/><U36/><E130/><V42/><F87/><W13/><G13/><T116/><D116/><U51/><E36/><V45/><F45/><W27/><G27/><T93/><D11/><U10/><E35/><V110/><F110/><W88/><AGARI ba="0,0" hai="23,26,29,40,47,50,53,55,83,84,88" m="48171" machi="88" ten="30,12000,1" yaku="18,1,52,3,54,1" doraHai="133" who="3" fromWho="3" sc="287,-40,101,-40,280,-40,332,120" owari="247,4.7,61,-43.9,240,-16.0,452,55.2" /></mjloggm>