<mjloggm ver="2.3"><GO type="225" lobby="0"/><UN n0="%E3%81%8C%E3%81%9F" n1="%E6%A1%9C%E8%8A%B1%E9%96%83%E3%80%85" n2="%E3%81%B5%E3%81%98%E3%81%8B%E3%81%A4" n3="%4C%4F%4C%49%54%41" dan="16,16,16,16" rate="2126.61,2129.70,2159.60,2170.75" sx="F,M,M,F"/><TAIKYOKU oya="0"/><INIT seed="0,0,0,1,5,44" ten="250,250,250,250" oya="0" hai0="56,54,117,10,119,7,38,31,130,106,25,78,74" hai1="133,66,105,121,97,88,84,100,92,102,115,49,52" hai2="89,62,99,22,4,103,83,32,21,70,26,11,23" hai3="14,58,42,3,76,71,5,129,28,9,93,34,19"/><T113/><D113/><U30/><E121/><V17/><F83/><W68/><G129/><T50/><D106/><U118/><E133/><V53/><F89/><W64/><G76/><T47/><D130/><U48/><E118/><V80/><F80/><W24/><G42/><T12/><D78/><U101/><E115/><V135/><F135/><W8/><G64/><T127/><D74/><U77/><E66/><V43/><F43/><W2/><G2/><T126/><D38/><U61/><E30/><V40/><F40/><W122/><G122/><T116/><REACH who="0" step="1"/><D47/><REACH who="0" ten="240,250,250,250" step="2"/><U27/><E105/><N who="2" m="63743" /><F26/><W65/><G24/><T16/><D16/><U29/><E77/><V94/><F17/><W98/><G19/><T95/><D95/><U46/><E61/><V69/><F94/><W86/><G93/><T120/><D120/><U91/><E49/><V20/><F62/><W96/><G5/><T108/><D108/><U0/><E91/><V132/><F132/><W85/><G28/><T82/><D82/><U35/><REACH who="1" step="1"/><E0/><REACH who="1" ten="240,240,250,250" step="2"/><V13/><F70/><W131/><G71/><T36/><D36/><U59/><E59/><V33/><F69/><W114/><G68/><T123/><D123/><U112/><E112/><V41/><F4/><W18/><G114/><T124/><D124/><U125/><E125/><V45/><F45/><W90/><G58/><T39/><D39/><U75/><E75/><V134/><F134/><W128/><G3/><T111/><D111/><U55/><E55/><V81/><F53/><W72/><G72/><T109/><D109/><U104/><AGARI ba="0,2" hai="27,29,35,46,48,52,84,88,92,97,100,101,102,104" machi="104" ten="20,12000,2" yaku="1,1,0,1,7,1,52,1,54,2,53,0" doraHai="44" doraHaiUra="110" who="1" fromWho="1" sc="240,-60,240,140,250,-30,250,-30" /><INIT seed="1,0,0,2,3,131" ten="180,380,220,220" oya="1" hai0="54,67,77,81,107,86,100,18,52,88,84,92,126" hai1="78,90,34,22,39,118,6,62,66,68,110,117,43" hai2="57,4,123,17,14,1,80,76,21,125,42,105,73" hai3="89,134,28,47,82,109,41,96,74,11,35,115,70"/><U93/><E34/><V94/><F123/><W27/><G115/><T36/><D36/><U29/><E78/><V133/><F125/><W122/><G122/><T44/><D126/><U130/><E6/><V116/><F116/><W97/><G70/><T56/><D44/><U87/><E130/><V61/><F105/><W135/><G109/><T98/><REACH who="0" step="1"/><D18/><REACH who="0" ten="170,380,220,220" step="2"/><U132/><E110/><V113/><F17/><W38/><G11/><T99/><D99/><U31/><E117/><V91/><F113/><W65/><G65/><T3/><D3/><U106/><E118/><V46/><F1/><W55/><G55/><T120/><D120/><U102/><E39/><V32/><F46/><W85/><REACH who="3" step="1"/><G74/><REACH who="3" ten="170,380,220,210" step="2"/><T60/><AGARI ba="0,2" hai="52,54,56,60,67,77,81,84,86,88,92,98,100,107" machi="60" ten="30,7900,0" yaku="1,1,0,1,54,2,53,0" doraHai="131" doraHaiUra="114" who="0" fromWho="0" sc="170,99,380,-39,220,-20,210,-20" /><INIT seed="2,0,0,0,4,57" ten="269,341,200,190" oya="2" hai0="37,45,82,31,65,6,78,14,119,41,2,93,131" hai1="23,114,70,81,28,90,84,99,87,24,25,0,58" hai2="44,88,12,60,102,113,7,16,26,75,96,109,5" hai3="36,111,132,72,61,73,127,130,47,115,52,30,83"/><V34/><F113/><W110/><G115/><T105/><D105/><U129/><E114/><V121/><F121/><W120/><G120/><T15/><D131/><U66/><E129/><V29/><F75/><W89/><G130/><T106/><D106/><U48/><E0/><V38/><F109/><N who="3" m="41483" /><G127/><T18/><D119/><U42/><E70/><V49/><F38/><W101/><G101/><T112/><D112/><U43/><E99/><V108/><F108/><W100/><G100/><T118/><D118/><U85/><E24/><V1/><F88/><W10/><G132/><T19/><D31/><U98/><E98/><V125/><F125/><W71/><G30/><T94/><D65/><U68/><E68/><V134/><F134/><W50/><G10/><N who="0" m="2391" /><D15/><U123/><E123/><V35/><F35/><W103/><G36/><T21/><D18/><U53/><E66/><V4/><F1/><W95/><G83/><T63/><D63/><U62/><E48/><V69/><F69/><W133/><G103/><T3/><D3/><U97/><E97/><V124/><F124/><W91/><G133/><T51/><D51/><U107/><E107/><N who="2" m="63943" /><F60/><W122/><G122/><T79/><D79/><N who="1" m="46143" /><E85/><V55/><F4/><W54/><G71/><T20/><D20/><U104/><E104/><V76/><F76/><W56/><G91/><T40/><D40/><U33/><E33/><V17/><F5/><W59/><G59/><T128/><D128/><U126/><E126/><V64/><F64/><W8/><G8/><T80/><D78/><U116/><E116/><V32/><F34/><W39/><G39/><RYUUKYOKU ba="0,0" sc="269,0,341,0,200,0,190,0" hai0="14,19,21,37,41,45,80,82,93,94" hai1="23,25,28,42,43,53,58,62,87,90" hai2="7,12,16,17,26,29,32,44,49,55" hai3="47,50,52,54,56,61,72,73,89,95" /><INIT seed="2,1,0,5,2,28" ten="269,341,200,190" oya="2" hai0="94,76,51,48,100,40,65,88,54,14,126,115,132" hai1="47,59,129,31,2,82,66,64,8,5,128,70,90" hai2="104,125,72,116,63,3,35,49,19,105,127,85,130" hai3="36,6,32,43,22,0,79,15,4,53,25,84,21"/><V80/><F116/><W12/><G36/><T101/><D115/><U113/><E113/><V44/><F130/><N who="1" m="50281" /><E70/><V110/><F72/><W131/><G43/><T42/><D126/><N who="2" m="48138" /><F3/><W24/><G53/><T55/><D132/><U78/><E31/><V111/><F63/><W1/><G84/><N who="0" m="52487" /><D65/><U18/><E59/><V60/><F60/><W68/><G79/><T11/><D76/><U75/><E18/><V77/><F19/><W10/><G68/><T20/><D20/><U67/><E90/><V73/><F35/><W74/><G74/><T61/><D61/><U26/><E26/><V38/><F38/><W33/><G131/><T123/><D123/><U106/><E106/><N who="2" m="41067" /><F73/><W37/><G37/><T91/><D91/><U103/><E103/><N who="0" m="39497" /><D51/><U108/><E66/><V13/><F13/><W86/><G86/><T112/><D112/><U81/><E67/><V41/><AGARI ba="1,0" hai="41,44,49,77,80,85,110,111" m="41067,48138" machi="41" ten="40,2100,0" yaku="18,1" doraHai="28" who="2" fromWho="2" sc="269,-8,341,-8,200,24,190,-8" /><INIT seed="2,2,0,1,3,43" ten="261,333,224,182" oya="2" hai0="130,96,62,78,92,118,26,129,90,25,85,68,114" hai1="46,35,42,110,10,113,99,13,132,97,55,81,93" hai2="33,127,86,56,45,51,88,36,37,34,125,95,108" hai3="53,58,123,67,14,22,101,2,54,135,23,32,64"/><V71/><F71/><W47/><G2/><T131/><D114/><U84/><E113/><V87/><F56/><W16/><G123/><T29/><D118/><U70/><E110/><V115/><F115/><W105/><G32/><N who="2" m="12393" /><F86/><W109/><G109/><T75/><D75/><U49/><E132/><V111/><F36/><W126/><G126/><N who="2" m="48137" /><F37/><W120/><G120/><T40/><D40/><AGARI ba="2,0" hai="40,45,51,87,88,95,108,111" m="48137,12393" machi="40" ten="40,7700,0" yaku="18,1,52,1,54,1" doraHai="43" who="2" fromWho="0" sc="261,-83,333,0,224,83,182,0" /><INIT seed="2,3,0,5,1,1" ten="178,333,307,182" oya="2" hai0="39,55,108,6,27,101,28,122,79,43,38,58,81" hai1="95,96,5,11,133,56,99,75,29,3,62,102,47" hai2="19,98,25,128,132,54,35,40,80,116,32,16,91" hai3="90,126,2,22,114,82,74,20,68,124,125,115,92"/><V104/><F116/><W87/><G68/><T46/><D122/><U77/><E133/><V26/><F132/><W53/><G2/><T84/><D108/><U72/><E29/><V103/><F40/><W97/><G53/><T48/><D101/><U130/><E130/><V107/><F128/><W66/><G66/><T123/><D123/><U13/><E77/><V88/><F54/><W71/><G71/><T45/><D6/><U118/><E118/><V61/><F61/><W110/><G74/><T18/><D18/><N who="2" m="6698" /><F80/><W15/><G15/><T69/><D69/><U64/><E3/><V121/><F98/><W24/><G110/><T100/><D100/><U63/><E47/><V113/><F103/><N who="3" m="60839" /><G24/><N who="2" m="9321" /><F113/><AGARI ba="3,0" hai="20,22,82,87,90,113,114,115,124,125,126" m="60839" machi="113" ten="40,2600,0" yaku="11,1,18,1" doraHai="1" who="3" fromWho="2" sc="178,0,333,0,307,-35,182,35" /><INIT seed="3,0,0,2,2,49" ten="178,333,272,217" oya="3" hai0="91,87,62,68,0,85,111,13,112,20,122,106,114" hai1="71,21,97,15,130,78,99,51,6,125,80,63,84" hai2="1,59,69,25,43,128,42,88,31,70,103,74,18" hai3="110,61,94,58,82,65,127,100,113,45,131,41,33"/><W22/><G33/><T24/><D122/><U14/><E125/><V135/><F128/><W96/><G113/><T5/><D106/><U83/><E130/><V95/><F135/><W66/><G131/><T76/><D111/><U37/><E37/><V35/><F74/><W34/><G34/><T53/><D0/><U17/><E51/><V30/><F103/><W40/><G127/><T134/><D134/><U60/><E71/><V77/><F77/><W72/><G110/><T16/><D76/><U9/><E83/><V109/><F1/><W28/><G82/><T86/><D91/><U117/><E117/><V102/><F102/><W104/><G72/><T132/><D132/><U48/><E48/><V23/><F109/><W39/><G41/><T44/><D68/><U12/><E12/><V120/><F120/><W8/><G104/><T3/><D3/><U123/><E123/><V118/><F118/><W107/><G107/><T52/><D44/><U75/><E75/><V36/><F36/><W126/><G126/><T133/><D133/><U92/><E97/><N who="2" m="57575" /><F35/><W105/><G105/><T46/><D46/><U47/><E47/><V67/><F70/><W73/><G73/><T90/><D90/><AGARI ba="0,0" hai="6,9,14,15,17,21,60,63,78,80,84,90,92,99" machi="90" ten="30,2000,0" yaku="7,1,8,1" doraHai="49" who="1" fromWho="0" sc="178,-20,333,20,272,0,217,0" owari="158,-34.2,353,45.3,272,7.2,217,-18.3" /></mjloggm>