<mjloggm ver="2.3"><GO type="225" lobby="0"/><UN n0="%72%69%6F%75%63%68%61%6E" n1="%6D%75%75%6D%75%72%61" n2="%E3%81%8A%E3%81%8B%E3%81%8F%E3%82%89" n3="%E6%98%A5%E3%81%AE%E3%81%8B%E3%81%91%E3%82%89" dan="17,16,17,16" rate="2152.68,2126.19,2113.12,2077.84" sx="M,F,M,F"/><TAIKYOKU oya="0"/><INIT seed="0,0,0,1,2,120" ten="250,250,250,250" oya="0" hai0="61,73,133,46,86,92,34,55,57,82,69,20,125" hai1="3,85,27,115,111,79,81,10,101,91,124,99,44" hai2="11,135,9,130,7,105,94,126,110,100,78,52,0" hai3="45,131,76,90,71,80,29,121,1,68,116,38,66"/><T8/><D125/><U28/><E124/><V43/><F126/><W96/><G29/><T59/><D133/><U50/><E115/><V33/><F105/><W30/><G30/><T2/><D34/><U37/><E37/><V32/><F43/><W23/><G23/><T54/><D73/><U41/><E111/><V106/><F106/><W95/><G116/><T6/><D69/><U19/><E79/><V62/><F135/><W36/><G131/><T102/><D46/><U113/><E113/><V63/><F78/><W26/><G26/><T53/><D20/><U14/><E3/><V98/><F130/><W107/><G121/><T24/><D24/><U72/><E72/><V35/><F11/><W89/><G1/><T56/><D102/><U93/><E27/><V129/><F129/><W127/><G127/><T47/><D92/><U17/><REACH who="1" step="1"/><E28/><REACH who="1" ten="250,240,250,250" step="2"/><V64/><F110/><W108/><G108/><T74/><D74/><U112/><E112/><V118/><F118/><W117/><G76/><T39/><D39/><U51/><E51/><V88/><F100/><W132/><G117/><T122/><D122/><U83/><E83/><V87/><F63/><W103/><G132/><T75/><D75/><U67/><E67/><V128/><F64/><W48/><G66/><T119/><D119/><U4/><AGARI ba="0,1" hai="4,10,14,17,19,41,44,50,81,85,91,93,99,101" machi="4" ten="20,5200,0" yaku="1,1,0,1,7,1,8,1,53,0" doraHai="120" doraHaiUra="123" who="1" fromWho="1" sc="250,-26,240,62,250,-13,250,-13" /><INIT seed="1,0,0,3,5,79" ten="224,302,237,237" oya="1" hai0="97,123,71,124,89,76,20,34,81,93,45,6,46" hai1="77,17,127,133,38,10,126,28,44,72,122,112,0" hai2="73,51,96,37,116,83,55,103,21,90,47,114,119" hai3="105,22,74,43,1,95,98,35,70,121,3,25,14"/><U9/><E112/><V101/><F114/><W65/><G121/><T132/><D34/><U106/><E122/><V110/><F110/><W102/><G74/><T134/><D124/><N who="1" m="47659" /><E106/><V23/><F37/><W53/><G43/><T62/><D123/><U80/><E28/><V15/><F103/><W125/><G125/><T31/><D6/><N who="1" m="1223" /><E133/><N who="0" m="51305" /><D71/><U32/><E32/><V41/><F41/><W52/><G14/><T104/><D62/><U12/><E44/><V107/><F15/><W67/><G35/><T49/><D104/><U68/><E68/><V108/><F108/><W59/><G105/><T48/><D45/><U54/><E54/><V30/><F30/><W91/><G70/><T16/><D31/><U130/><E130/><V84/><REACH who="2" step="1"/><F73/><REACH who="2" ten="224,302,227,237" step="2"/><W29/><G3/><T99/><D46/><U50/><E50/><V85/><F85/><W57/><G1/><T86/><D99/><U27/><E27/><AGARI ba="0,1" hai="16,20,27,48,49,76,81,86,89,93,97" m="51305" machi="27" ten="30,3900,0" yaku="20,1,52,1,54,1" doraHai="79" who="0" fromWho="1" sc="224,49,302,-39,227,0,237,0" /><INIT seed="2,0,0,1,3,75" ten="273,263,227,237" oya="2" hai0="60,100,2,30,110,52,80,14,25,99,132,103,33" hai1="120,58,133,59,73,29,32,48,84,55,130,43,16" hai2="117,18,76,86,19,21,72,93,23,68,126,15,115" hai3="0,114,35,102,17,40,31,116,83,53,128,8,44"/><V123/><F115/><W95/><G116/><T129/><D2/><U11/><E73/><V121/><F117/><W6/><G114/><T62/><D110/><U64/><E130/><V96/><F126/><W111/><G111/><T3/><D3/><U65/><E133/><V90/><F68/><W78/><G128/><T122/><D122/><U39/><E32/><V56/><F72/><W131/><G131/><T91/><D129/><U98/><E39/><V81/><REACH who="2" step="1"/><F56/><REACH who="2" ten="273,263,217,237" step="2"/><W45/><G45/><T63/><D132/><U94/><E59/><V104/><F104/><W26/><G44/><T66/><D66/><U89/><E65/><V28/><F28/><W85/><G31/><T112/><D112/><U10/><E29/><V107/><F107/><W119/><G119/><T77/><D30/><U105/><E58/><V97/><F97/><W127/><G35/><T67/><D99/><U57/><E105/><V71/><F71/><W22/><G127/><T20/><D67/><U82/><E64/><V37/><F37/><W69/><G69/><T106/><D33/><U50/><E120/><V54/><F54/><W109/><G109/><T125/><D52/><U87/><E57/><V5/><F5/><W41/><REACH who="3" step="1"/><G53/><REACH who="3" ten="273,263,217,227" step="2"/><T1/><D125/><U38/><E55/><V118/><F118/><W135/><G135/><T49/><D106/><U124/><E124/><V88/><F88/><W4/><G4/><T24/><D63/><U101/><E89/><V51/><F51/><W61/><G61/><T12/><D62/><U113/><E50/><V92/><F92/><W108/><G108/><RYUUKYOKU ba="0,2" sc="273,-15,263,-15,217,15,227,15" hai2="15,18,19,21,23,76,81,86,90,93,96,121,123" hai3="0,6,8,17,22,26,40,41,78,83,85,95,102" /><INIT seed="2,1,2,3,0,91" ten="258,248,232,242" oya="2" hai0="18,71,44,89,58,38,109,59,63,112,54,78,43" hai1="107,26,103,98,5,135,15,47,8,49,125,2,37" hai2="7,131,128,13,67,28,117,127,84,52,3,14,62" hai3="116,77,12,70,88,79,4,74,104,80,36,110,95"/><V42/><F117/><W86/><G70/><T72/><D112/><U83/><E135/><V81/><F127/><W82/><G36/><T22/><D109/><U55/><E125/><V113/><F113/><W64/><G64/><T19/><D71/><U1/><E37/><V99/><F42/><W48/><G116/><T29/><D89/><U34/><REACH who="1" step="1"/><E83/><REACH who="1" ten="258,238,232,242" step="2"/><V39/><F39/><W61/><G82/><T108/><D108/><U97/><E97/><V65/><F99/><W101/><G80/><T6/><D38/><U45/><E45/><V24/><F81/><W25/><G110/><T32/><D44/><U96/><E96/><V75/><F75/><W66/><G74/><T133/><D72/><U102/><E102/><V87/><F84/><W51/><G101/><T33/><D133/><U111/><E111/><V46/><F87/><W56/><G104/><T134/><D134/><U114/><E114/><V10/><F46/><W60/><G79/><T100/><D100/><U30/><AGARI ba="1,3" hai="1,2,5,8,15,26,30,34,47,49,55,98,103,107" machi="30" ten="30,4000,0" yaku="1,1,0,1,53,1" doraHai="91" doraHaiUra="94" who="1" fromWho="1" sc="258,-11,238,73,232,-21,242,-11" /><INIT seed="3,0,0,1,3,126" ten="247,311,211,231" oya="3" hai0="90,99,93,13,102,9,87,113,69,49,48,124,6" hai1="83,43,17,42,45,50,86,35,14,64,135,133,22" hai2="65,11,28,130,40,53,19,46,5,134,107,111,120" hai3="109,81,55,2,62,101,103,82,51,8,71,21,68"/><W92/><G109/><T123/><D123/><U119/><E35/><V20/><F107/><W41/><G41/><T74/><D74/><U116/><E64/><V72/><F72/><W77/><G21/><T70/><D124/><U18/><E18/><V106/><F106/><W75/><G82/><T121/><D121/><U59/><E59/><V0/><F111/><W31/><G31/><T85/><D85/><U61/><E61/><V47/><F120/><W57/><G92/><T84/><D84/><U25/><E25/><V79/><F79/><W94/><G94/><T58/><D113/><U104/><E43/><V88/><F65/><W105/><G62/><T98/><D98/><U100/><E100/><V36/><F28/><W10/><G10/><T3/><D3/><U117/><E104/><V30/><F30/><W23/><G23/><T54/><D49/><U12/><E12/><V115/><F115/><W33/><G33/><T26/><D26/><U112/><E112/><V80/><F134/><W78/><G78/><AGARI ba="0,0" hai="14,17,22,42,45,50,78,83,86,116,117,119,133,135" machi="78" ten="40,1300,0" yaku="12,1" doraHai="126" who="1" fromWho="3" sc="247,0,311,13,211,0,231,-13" owari="247,4.7,324,42.4,211,-28.9,218,-18.2" /></mjloggm>