<mjloggm ver="2.3"><GO type="225" lobby="0"/><UN n0="%E6%A1%9C%E8%8A%B1%E9%96%83%E3%80%85" n1="%E3%83%81%E3%83%AF%E3%83%AF%E9%9A%8A%E9%95%B7" n2="%63%68%78%62%64" n3="%E3%82%A2%E3%83%A1%E3%82%A2%E3%83%A9%E3%83%AC" dan="16,17,16,16" rate="2184.24,2166.26,2118.04,2144.30" sx="M,M,M,M"/><TAIKYOKU oya="0"/><INIT seed="0,0,0,2,5,46" ten="250,250,250,250" oya="0" hai0="10,75,130,125,59,97,66,20,52,15,115,71,24" hai1="135,17,85,28,12,30,44,69,73,27,64,19,11" hai2="26,98,104,40,118,31,96,79,37,48,16,39,86" hai3="99,29,1,93,8,2,13,83,55,116,113,60,68"/><T43/><D115/><U21/><E73/><V88/><F118/><W9/><G113/><T56/><D75/><U95/><E135/><V111/><F111/><W53/><G116/><T61/><D125/><U102/><E69/><V127/><F127/><W117/><G117/><T123/><D123/><U5/><E64/><V109/><F109/><W72/><G29/><T47/><D130/><U128/><E128/><V134/><F134/><W34/><G34/><T77/><D77/><U49/><E5/><V45/><F79/><W58/><G68/><T94/><D20/><U122/><E122/><V129/><F129/><W100/><G8/><T131/><D24/><U36/><E36/><V120/><F120/><W18/><G72/><T105/><D105/><U23/><E23/><N who="2" m="13671" /><F104/><W32/><G32/><T62/><D131/><U114/><E114/><V121/><F39/><W67/><G83/><T63/><D71/><U101/><E101/><V81/><F37/><W89/><G100/><N who="0" m="60471" /><D62/><U80/><E102/><V4/><F121/><W91/><G91/><T25/><D25/><U119/><E95/><V103/><F103/><W112/><G112/><T107/><D107/><U133/><E119/><V6/><F31/><W132/><G132/><T110/><D110/><U65/><E133/><V70/><F70/><W92/><G92/><T126/><D126/><U106/><E106/><V3/><F3/><W35/><G35/><T41/><D47/><U38/><E38/><V57/><F57/><W74/><G74/><T14/><D14/><U42/><E65/><V90/><F90/><AGARI ba="0,0" hai="11,12,17,19,21,27,28,30,42,44,49,80,85,90" machi="90" ten="30,3900,0" yaku="7,1,8,1,52,1" doraHai="46" who="1" fromWho="2" sc="250,0,250,39,250,-39,250,0" /><INIT seed="1,0,0,0,5,65" ten="250,289,211,250" oya="1" hai0="21,20,41,17,82,55,121,39,116,93,97,109,34" hai1="42,76,64,68,130,71,133,120,77,103,112,47,99" hai2="19,107,123,25,69,33,11,3,58,30,110,94,90" hai3="88,16,46,102,122,9,50,52,113,4,81,0,2"/><U119/><E112/><V49/><F123/><W117/><G122/><T95/><D121/><U56/><E120/><V87/><F110/><W105/><G113/><T5/><D34/><U29/><E119/><V63/><F107/><W10/><G117/><T23/><D116/><U115/><E115/><V53/><F69/><W79/><G105/><T101/><D109/><U18/><E29/><V36/><F36/><W72/><G102/><T38/><D5/><U86/><E130/><V131/><F131/><W106/><G106/><T24/><D39/><U57/><E133/><V89/><F89/><W15/><REACH who="3" step="1"/><G88/><REACH who="3" ten="250,289,211,240" step="2"/><T66/><D101/><U27/><E103/><V31/><F31/><W111/><G111/><T135/><D95/><U132/><E132/><V83/><F94/><W54/><G54/><T48/><D55/><U96/><E96/><V59/><F59/><W13/><AGARI ba="0,1" hai="0,2,4,9,10,13,15,16,46,50,52,72,79,81" machi="13" ten="20,12000,2" yaku="1,1,0,1,7,1,54,2,53,1" doraHai="65" doraHaiUra="73" who="3" fromWho="3" sc="250,-30,289,-60,211,-30,240,130" /><INIT seed="2,0,0,0,0,49" ten="220,229,181,370" oya="2" hai0="98,25,104,5,53,126,36,85,110,27,4,47,38" hai1="70,82,121,74,59,68,45,135,92,122,113,62,7" hai2="43,124,100,125,128,23,108,9,64,132,130,116,14" hai3="24,19,18,84,3,29,44,6,60,103,76,22,48"/><V8/><F116/><W1/><G103/><T30/><D110/><U50/><E113/><V89/><F100/><W101/><G101/><T133/><D104/><U102/><E135/><V109/><F64/><W97/><G97/><T78/><D98/><N who="1" m="59719" /><E7/><N who="2" m="3359" /><F43/><W46/><G46/><T129/><D27/><U123/><E74/><V112/><F112/><W51/><G51/><N who="0" m="28927" /><D38/><U34/><E34/><V32/><F32/><W52/><G60/><T16/><D30/><U39/><E39/><V11/><F89/><W79/><G6/><T35/><D35/><U106/><E106/><V114/><F114/><W77/><REACH who="3" step="1"/><G84/><REACH who="3" ten="220,229,181,360" step="2"/><T120/><D85/><U83/><E45/><V21/><F132/><W91/><G91/><T69/><D4/><U107/><E107/><V26/><F23/><W41/><G41/><T95/><D36/><U71/><E50/><V56/><F56/><W81/><G81/><T99/><D133/><U105/><E105/><V33/><F33/><W31/><G31/><T37/><D37/><U57/><E57/><V93/><F93/><W87/><G87/><T63/><D95/><U13/><E83/><V80/><F80/><W88/><G88/><T55/><D63/><U12/><E82/><V61/><F61/><W15/><G15/><T86/><D86/><U115/><E115/><V28/><F11/><W127/><G127/><N who="2" m="48713" /><F9/><W119/><G119/><T65/><D126/><U66/><AGARI ba="0,1" hai="12,13,59,62,66,68,70,71,121,122,123" m="59719" machi="66" ten="40,1500,0" yaku="13,1" doraHai="49" who="1" fromWho="1" sc="220,-4,229,25,181,-7,360,-4" /><INIT seed="3,0,0,1,1,98" ten="216,254,174,356" oya="3" hai0="93,86,6,59,104,111,32,61,2,110,112,22,16" hai1="134,126,62,5,26,71,57,122,53,25,39,38,35" hai2="82,23,8,83,119,33,54,10,97,48,115,21,117" hai3="123,128,3,131,44,105,24,87,20,80,14,27,99"/><W30/><G123/><T91/><D32/><U72/><E122/><V74/><F97/><W34/><G3/><T78/><D104/><U135/><E72/><V45/><F33/><W58/><G14/><T47/><D112/><U85/><E126/><V89/><F74/><W49/><G58/><T36/><D78/><U43/><E5/><V51/><F115/><W52/><G99/><T88/><D91/><U40/><E71/><V15/><F89/><W102/><G102/><T41/><D6/><U90/><E39/><V133/><F15/><W11/><G11/><T9/><D9/><U120/><E120/><V125/><F133/><N who="1" m="50697" /><E38/><V121/><F121/><W19/><G105/><T76/><D76/><U18/><E18/><V84/><F84/><W129/><G87/><T68/><D68/><U4/><E4/><V100/><F45/><W96/><G96/><T103/><D103/><U28/><E25/><V63/><F63/><W60/><G60/><T109/><D2/><U56/><E56/><V107/><F107/><W92/><G92/><AGARI ba="0,0" hai="26,28,35,40,43,53,57,62,85,90,92" m="50697" machi="92" ten="30,1000,0" yaku="20,1" doraHai="98" who="1" fromWho="3" sc="216,0,254,10,174,0,356,-10" owari="216,-18.4,264,6.4,174,-32.6,346,44.6" /></mjloggm>