<mjloggm ver="2.3"><GO type="225" lobby="0"/><UN n0="%6D%75%75%6D%75%72%61" n1="%54%4F%52" n2="%72%69%6F%75%63%68%61%6E" n3="%E3%81%86%E3%83%BC%E3%81%B1%E3%83%BC" dan="16,17,16,17" rate="2142.20,2231.66,2214.65,2176.13" sx="F,M,M,F"/><TAIKYOKU oya="0"/><INIT seed="0,0,0,5,4,76" ten="250,250,250,250" oya="0" hai0="71,65,93,84,6,40,111,80,90,3,60,59,22" hai1="124,95,56,77,99,55,125,33,16,75,118,58,72" hai2="45,44,132,69,131,114,117,17,38,36,24,32,48" hai3="57,20,82,7,79,46,121,39,102,81,28,11,37"/><T51/><D111/><U15/><E33/><V119/><F114/><W0/><G121/><T54/><D40/><U128/><E118/><N who="2" m="45067" /><F69/><W108/><G108/><T47/><D3/><U25/><E25/><V52/><F131/><W88/><G102/><T10/><D22/><U4/><E4/><V78/><F132/><W73/><G57/><T64/><D64/><U85/><E128/><V34/><F78/><W107/><G107/><T13/><REACH who="0" step="1"/><D93/><REACH who="0" ten="240,250,250,250" step="2"/><U62/><E124/><V9/><F9/><W97/><G20/><T87/><D87/><U109/><E125/><V23/><F36/><W42/><G37/><T106/><D106/><U115/><E109/><V5/><F5/><W19/><G97/><T133/><D133/><U134/><E134/><V18/><F18/><W126/><G126/><T31/><D31/><U130/><E130/><V105/><F105/><W50/><G19/><T66/><D66/><U98/><E75/><V127/><F127/><W53/><G28/><T1/><D1/><U129/><E72/><V103/><F32/><W70/><G39/><T49/><D49/><N who="1" m="30831" /><E129/><V2/><F34/><W29/><G29/><T122/><D122/><U96/><E115/><V89/><F2/><W104/><G104/><T74/><D74/><U110/><E110/><V43/><F38/><W135/><G135/><T61/><D61/><U123/><E123/><V14/><F43/><W94/><G42/><T26/><D26/><U83/><E95/><V92/><F24/><W68/><G94/><T86/><D86/><U116/><E116/><V120/><F120/><W101/><G101/><RYUUKYOKU ba="0,1" sc="240,15,250,-15,250,-15,250,15" hai0="6,10,13,47,51,54,59,60,65,71,80,84,90" hai3="0,7,11,46,50,53,68,70,73,79,81,82,88" /><INIT seed="0,1,1,5,3,36" ten="255,235,235,265" oya="0" hai0="106,131,23,35,22,101,132,28,97,113,109,5,62" hai1="91,78,134,127,61,76,92,26,15,121,38,0,107" hai2="40,39,84,49,37,66,88,46,4,10,11,114,19" hai3="116,129,118,17,70,67,16,77,3,133,105,50,52"/><T74/><D113/><U110/><E0/><V7/><F114/><W30/><G3/><T31/><D131/><U85/><E121/><V24/><F66/><W124/><G105/><T1/><D132/><U108/><E134/><V64/><F64/><W89/><G30/><T135/><D135/><U115/><E115/><V63/><F63/><W59/><G129/><T71/><D109/><N who="1" m="42091" /><E127/><V55/><F37/><W14/><G124/><T79/><D74/><U119/><E119/><V117/><F117/><W51/><G77/><T82/><D71/><U80/><E107/><V130/><F130/><W57/><G133/><T60/><D1/><U123/><E38/><V100/><F100/><W44/><G70/><T29/><D5/><N who="2" m="2122" /><F39/><W95/><G67/><T6/><D35/><U27/><E123/><V98/><F98/><W18/><G14/><T103/><D103/><U75/><E78/><V102/><F102/><W45/><G118/><T53/><D6/><U111/><E111/><V20/><F55/><N who="3" m="30151" /><G116/><T21/><D53/><U42/><E61/><V73/><F73/><W68/><G68/><T83/><D79/><U65/><E65/><V47/><F47/><W96/><AGARI ba="1,1" hai="16,17,18,45,51,52,57,59,89,95,96" m="30151" machi="96" ten="30,4000,0" yaku="8,1,54,2" doraHai="36" who="3" fromWho="3" sc="255,-21,235,-11,235,-11,265,53" /><INIT seed="1,0,0,3,3,35" ten="234,224,224,318" oya="1" hai0="65,135,81,112,55,17,79,125,124,32,90,45,24" hai1="113,115,27,106,11,89,56,41,4,50,3,29,74" hai2="109,40,118,1,102,68,28,26,36,123,94,100,7" hai3="22,46,30,5,130,38,121,75,93,25,77,59,51"/><U129/><E129/><V133/><F109/><W16/><G121/><T57/><D112/><U95/><E106/><V71/><F133/><W131/><G38/><T126/><D135/><U103/><E103/><V83/><F118/><W114/><G114/><T34/><D90/><U48/><E74/><V76/><F123/><W58/><G93/><T61/><D17/><U12/><E12/><V49/><F49/><W67/><G5/><T33/><D24/><U72/><E72/><N who="2" m="43399" /><F94/><W8/><G77/><T64/><REACH who="0" step="1"/><D45/><REACH who="0" ten="224,224,224,318" step="2"/><U85/><E115/><V111/><F111/><W53/><G130/><T37/><D37/><U82/><E113/><V42/><F102/><W78/><G131/><T63/><D63/><U101/><E48/><V84/><F100/><W54/><G30/><T116/><D116/><U134/><E134/><V127/><F36/><W39/><G39/><T2/><D2/><U69/><E101/><V92/><F26/><W44/><G46/><T15/><D15/><U96/><E50/><V70/><F28/><W19/><G44/><T117/><D117/><U120/><E27/><V73/><F1/><W66/><G19/><T88/><D88/><U99/><E29/><V47/><F47/><W10/><G16/><T122/><D122/><U62/><E89/><N who="2" m="53287" /><F7/><W91/><G91/><T60/><D60/><U13/><E62/><V105/><F105/><W98/><G25/><T0/><D0/><U23/><E3/><V104/><F104/><W97/><G51/><T107/><D107/><U52/><E120/><V9/><F40/><W14/><G14/><T21/><D21/><RYUUKYOKU ba="0,1" sc="224,30,224,-10,224,-10,318,-10" hai0="32,33,34,55,57,61,64,65,79,81,124,125,126" /><INIT seed="2,1,1,3,1,12" ten="254,214,214,308" oya="2" hai0="22,93,1,106,98,60,79,62,133,83,40,130,37" hai1="80,107,21,85,0,17,15,30,128,14,65,91,112" hai2="72,29,42,36,70,8,135,45,9,82,102,97,134" hai3="3,71,4,104,126,96,125,99,63,7,74,121,44"/><V32/><F70/><W66/><G121/><T100/><D130/><U24/><E128/><V43/><F42/><W115/><G74/><T34/><D133/><N who="2" m="50698" /><F29/><W124/><G115/><T92/><D34/><U31/><E112/><V69/><F69/><W50/><G3/><T55/><D1/><U131/><E0/><V81/><F32/><W67/><G66/><T28/><D37/><U59/><E107/><N who="2" m="63951" /><F72/><W48/><G50/><T86/><D40/><U54/><E65/><V20/><F20/><W46/><G46/><T13/><D55/><U90/><E131/><V103/><F103/><N who="3" m="62567" /><G99/><T56/><D28/><N who="1" m="10795" /><E91/><V47/><F45/><W11/><G11/><AGARI ba="1,1" hai="8,9,11,36,43,47,81,82" m="63951,50698" machi="11" ten="30,1500,0" yaku="20,1" doraHai="12" who="2" fromWho="3" sc="254,0,214,0,214,28,308,-18" /><INIT seed="2,2,0,5,0,14" ten="254,214,242,290" oya="2" hai0="67,135,115,126,68,113,97,110,124,17,74,8,96" hai1="41,57,6,66,72,53,51,86,64,109,43,39,123" hai2="108,13,11,23,29,26,31,42,125,71,12,10,73" hai3="46,65,22,33,105,35,37,27,93,38,21,122,3"/><V84/><F73/><W76/><G122/><T99/><D74/><U103/><E72/><V7/><F71/><W117/><G105/><T121/><D121/><U128/><E123/><V87/><F125/><N who="0" m="48234" /><D110/><U107/><E109/><V0/><F108/><W4/><G117/><T9/><D135/><U24/><E128/><V2/><F42/><W75/><G93/><T134/><D134/><U95/><E107/><V118/><F118/><W47/><G65/><T92/><D92/><U34/><E6/><N who="2" m="3159" /><F87/><W104/><G104/><T25/><D67/><U32/><E64/><V80/><F80/><W54/><G4/><T119/><D68/><U91/><E103/><V49/><F49/><W127/><G3/><N who="2" m="1065" /><F84/><W1/><G1/><T79/><D79/><U55/><E66/><V78/><F78/><W89/><G127/><T106/><D106/><U100/><E100/><V70/><F70/><W48/><G89/><T132/><D132/><U130/><E130/><V63/><F63/><W52/><G75/><T62/><D62/><U56/><E39/><V111/><F111/><W18/><G76/><T94/><D94/><U98/><E86/><V112/><F112/><N who="0" m="43082" /><D119/><U44/><E44/><V102/><F102/><W69/><G69/><T58/><D58/><U19/><E43/><V61/><F61/><W20/><G46/><T116/><D116/><U114/><E41/><V40/><F40/><W16/><G54/><T101/><D101/><U30/><E114/><V131/><F131/><W120/><G47/><T81/><D81/><U59/><E95/><V90/><F90/><W83/><G120/><RYUUKYOKU ba="2,0" sc="254,15,214,-15,242,15,290,-15" hai0="8,9,17,25,96,97,99" hai2="7,11,13,23,26,29,31" /><INIT seed="2,3,0,0,3,133" ten="269,199,257,275" oya="2" hai0="102,60,79,96,119,61,21,69,51,103,58,108,8" hai1="76,110,70,54,39,44,125,99,20,77,106,97,109" hai2="40,115,22,120,117,52,33,31,2,38,9,68,19" hai3="75,82,101,116,37,14,64,83,48,34,67,100,55"/><V84/><F115/><W127/><G116/><T121/><D121/><U27/><E70/><V11/><F117/><W130/><G34/><T50/><D119/><U46/><E39/><V49/><F120/><W1/><G1/><T57/><D69/><U74/><E54/><V85/><F68/><W91/><G37/><T24/><D8/><U95/><E106/><V90/><F33/><W131/><G14/><T113/><D79/><N who="1" m="30283" /><E74/><V124/><F124/><W26/><G26/><T0/><D0/><U59/><E59/><N who="0" m="22537" /><D108/><N who="1" m="41579" /><E99/><V5/><F38/><W10/><G10/><T29/><D113/><U132/><E132/><V66/><F40/><W18/><G75/><T56/><D96/><U13/><E13/><V35/><F66/><W80/><G67/><N who="0" m="39303" /><D61/><U6/><E6/><V92/><F11/><W36/><G64/><T43/><D43/><U53/><E53/><V128/><F85/><W135/><G36/><T12/><D12/><U41/><E41/><V73/><F73/><W86/><G135/><T93/><D103/><N who="1" m="60863" /><E125/><V94/><F2/><W7/><G7/><T72/><D72/><U71/><E71/><V88/><F5/><W114/><G127/><T98/><AGARI ba="3,0" hai="21,24,29,50,51,93,98,102" m="39303,22537" machi="98" ten="30,2000,0" yaku="25,1,8,1" doraHai="133" who="0" fromWho="0" sc="269,29,199,-8,257,-13,275,-8" /><INIT seed="3,0,0,2,2,63" ten="298,191,244,267" oya="3" hai0="98,89,104,57,58,100,55,110,134,60,21,41,4" hai1="117,47,120,34,33,20,5,43,54,31,82,23,90" hai2="61,106,18,133,94,45,14,79,3,126,103,74,118" hai3="69,49,32,87,11,124,12,48,107,88,68,13,129"/><W66/><G32/><T77/><D110/><U51/><E120/><V1/><F118/><W132/><G107/><T85/><D134/><U125/><E117/><V29/><F133/><W17/><G132/><T7/><D77/><U112/><E112/><V122/><F122/><W95/><G129/><T121/><D41/><U109/><E109/><V22/><F126/><W76/><G124/><T67/><D21/><U44/><E125/><V93/><F45/><W2/><G2/><T111/><D111/><U59/><E5/><V53/><F106/><W8/><G76/><T46/><D46/><U101/><E101/><V91/><F29/><W9/><G8/><T135/><D121/><U115/><E115/><V39/><F39/><W131/><G131/><T130/><D130/><U6/><E6/><V15/><F15/><W113/><G113/><T73/><D73/><U72/><E47/><V114/><F114/><W37/><G37/><T38/><D38/><U81/><E72/><V50/><F61/><W123/><G123/><T35/><D35/><U40/><E40/><V75/><F75/><W80/><G69/><T108/><D108/><U16/><E23/><V25/><F74/><W92/><G68/><T52/><D135/><U102/><E102/><V56/><F103/><W119/><G119/><T99/><D99/><U36/><E31/><N who="2" m="17847" /><F79/><W71/><G48/><N who="0" m="30855" /><D55/><U24/><REACH who="1" step="1"/><E81/><REACH who="1" ten="298,181,244,267" step="2"/><V27/><F1/><W84/><G80/><N who="0" m="49319" /><D7/><U30/><E30/><V26/><F3/><W127/><G127/><T62/><D4/><U78/><E78/><V105/><F91/><W10/><G88/><RYUUKYOKU ba="0,1" sc="298,15,181,15,244,-15,267,-15" hai0="58,60,62,67,98,100,104" hai1="16,20,24,33,34,36,43,44,51,54,59,82,90" owari="323,42.3,196,-30.4,229,-17.1,252,5.2" /></mjloggm>