<mjloggm ver="2.3"><GO type="225" lobby="0"/><UN n0="%73%6C%69%63%6B%33%31%39" n1="%6D%75%75%6D%75%72%61" n2="%E3%82%BC%E3%83%AB%E3%83%80%E3%81%AE%E4%BC%9D%E8%AA%AC" n3="%E5%A4%96%E5%B7%9D%E7%AB%9C%E6%88%90" dan="16,17,17,16" rate="2116.09,2258.55,2229.31,2155.18" sx="M,F,M,M"/><TAIKYOKU oya="0"/><INIT seed="0,0,0,5,3,25" ten="250,250,250,250" oya="0" hai0="66,40,108,9,79,51,114,94,18,62,43,122,11" hai1="88,19,120,21,14,95,0,35,89,45,92,134,123" hai2="44,128,42,32,61,15,36,101,127,102,77,109,72" hai3="64,118,16,75,129,82,13,52,100,50,104,3,119"/><T55/><D114/><U91/><E134/><V54/><F109/><W47/><G3/><T132/><D122/><U29/><E0/><V115/><F115/><W26/><G129/><T6/><D132/><U112/><E112/><V71/><F128/><W53/><G64/><T98/><D79/><U65/><E65/><V38/><F38/><W17/><G100/><T67/><D108/><U48/><E120/><V124/><F32/><W4/><G104/><T125/><D125/><N who="2" m="48202" /><F15/><W85/><G75/><T105/><D105/><U103/><E123/><V110/><F110/><W12/><G119/><T97/><D18/><N who="3" m="7273" /><G26/><T63/><D51/><U39/><E39/><V57/><F71/><W20/><G20/><T58/><D55/><N who="3" m="21065" /><G4/><T33/><D33/><U10/><E35/><V131/><F131/><W27/><G27/><T30/><D58/><U22/><E103/><V78/><F72/><W96/><G96/><T2/><D2/><U70/><E70/><V41/><F102/><W74/><G74/><T69/><D69/><U121/><E121/><V5/><F5/><W116/><G116/><T86/><D6/><U113/><E113/><V34/><F101/><W24/><G24/><T81/><D97/><U84/><E21/><V23/><F23/><W28/><G118/><T1/><D98/><N who="1" m="57607" /><E22/><V31/><F42/><N who="3" m="24951" /><G28/><T135/><D30/><U7/><E29/><V68/><F68/><W90/><AGARI ba="0,0" hai="12,13,82,85,90" m="24951,21065,7273" machi="90" ten="30,4000,0" yaku="8,1,54,2" doraHai="25" who="3" fromWho="3" sc="250,-20,250,-10,250,-10,250,40" /><INIT seed="1,0,0,3,3,62" ten="230,240,240,290" oya="1" hai0="132,10,54,91,48,129,81,93,49,34,20,22,104" hai1="39,55,43,13,126,59,124,60,89,25,80,44,67" hai2="112,18,72,3,33,103,135,41,99,50,0,66,122" hai3="15,85,31,19,75,42,109,123,116,83,26,23,125"/><U2/><E2/><V7/><F122/><W98/><G123/><T115/><D104/><U90/><E13/><V111/><F111/><W36/><G109/><T128/><D34/><U74/><E25/><V106/><F135/><W30/><G125/><N who="1" m="48234" /><E55/><V52/><F112/><W45/><G75/><T9/><D81/><U76/><AGARI ba="0,0" hai="39,43,44,59,60,67,74,76,80,89,90" m="48234" machi="76" ten="30,3000,0" yaku="18,1,52,1" doraHai="62" who="1" fromWho="1" sc="230,-10,240,30,240,-10,290,-10" /><INIT seed="1,1,0,2,3,127" ten="220,270,230,280" oya="1" hai0="63,117,114,111,119,65,112,77,128,6,24,16,64" hai1="126,131,56,5,43,109,15,41,86,46,22,31,57" hai2="120,21,7,12,96,98,113,28,44,59,99,0,37" hai3="134,58,27,135,92,40,81,107,67,66,95,70,29"/><U25/><E126/><V129/><F120/><W71/><G107/><T87/><D77/><U104/><E104/><V132/><F132/><N who="3" m="50731" /><G40/><T2/><D87/><U62/><E109/><V11/><F129/><W74/><G81/><T45/><D111/><U101/><E131/><V110/><F110/><W33/><G74/><T68/><D2/><U34/><E101/><V116/><F116/><N who="0" m="44618" /><D6/><U4/><E86/><V17/><F113/><N who="0" m="43626" /><D16/><U108/><E108/><V84/><F59/><W88/><G95/><T125/><D24/><U38/><E43/><V32/><F84/><N who="3" m="52231" /><G58/><N who="0" m="36983" /><D125/><U53/><REACH who="1" step="1"/><E56/><REACH who="1" ten="220,260,230,280" step="2"/><V9/><F96/><W54/><G54/><T76/><D128/><U60/><E60/><V93/><F98/><W123/><G123/><T47/><D76/><U36/><E36/><V78/><F37/><W75/><G75/><T39/><D39/><U51/><E51/><V52/><F78/><W103/><G103/><T35/><D35/><U48/><E48/><V91/><F32/><W26/><G70/><T85/><D85/><U30/><E30/><V61/><F28/><N who="3" m="19607" /><G71/><T118/><D118/><U20/><E20/><AGARI ba="1,1" hai="20,27,29,66,67" m="19607,52231,50731" machi="20" ten="30,2000,0" yaku="20,1,54,1" doraHai="127" who="3" fromWho="1" sc="220,0,260,-23,230,0,280,33" /><INIT seed="2,0,0,0,5,76" ten="220,237,230,313" oya="2" hai0="27,125,74,87,114,55,110,124,72,120,5,95,11" hai1="75,130,122,18,28,101,99,32,34,121,85,111,33" hai2="80,67,23,21,9,116,68,119,17,107,96,117,63" hai3="37,82,132,26,64,59,103,88,71,19,65,36,52"/><V106/><F9/><W6/><G132/><T49/><D120/><N who="1" m="46187" /><E75/><V41/><F41/><W12/><G71/><T89/><D114/><U94/><E111/><V45/><F45/><W35/><G103/><T123/><D27/><N who="1" m="18463" /><E130/><V47/><F47/><W109/><G109/><T53/><D53/><U90/><E18/><V98/><F80/><AGARI ba="0,0" hai="33,34,80,85,90,94,99,101" m="18463,46187" machi="80" ten="30,2000,0" yaku="13,1,52,1" doraHai="76" who="1" fromWho="2" sc="220,0,237,20,230,-20,313,0" /><INIT seed="3,0,0,3,0,114" ten="220,257,210,313" oya="3" hai0="20,99,45,80,21,109,39,40,47,48,52,46,118" hai1="105,68,22,27,121,43,19,87,60,85,112,92,55" hai2="97,66,58,61,8,36,94,101,133,124,122,16,37" hai3="6,125,49,51,0,127,89,38,2,117,91,35,126"/><W64/><G117/><T84/><D109/><U13/><E105/><V18/><F124/><W103/><G38/><T31/><D118/><U29/><E112/><V95/><F133/><W102/><G35/><T65/><D65/><U14/><E121/><V106/><F122/><W69/><G64/><T59/><D99/><U131/><E131/><V73/><F73/><W110/><G69/><T119/><D119/><U7/><E68/><V17/><REACH who="2" step="1"/><F8/><REACH who="2" ten="220,257,200,313" step="2"/><N who="3" m="2119" /><G110/><T74/><D74/><U135/><E135/><V34/><F34/><W78/><G127/><T23/><REACH who="0" step="1"/><D31/><REACH who="0" ten="210,257,200,313" step="2"/><U56/><E29/><V33/><F33/><W75/><G75/><T67/><D67/><U63/><E85/><V115/><F115/><W42/><G126/><T53/><D53/><U72/><E87/><V129/><F129/><W1/><G125/><T57/><D57/><U26/><E72/><V77/><F77/><AGARI ba="0,2" hai="20,21,23,39,40,45,46,47,48,52,59,77,80,84" machi="77" ten="40,2600,0" yaku="1,1,54,1,53,0" doraHai="114" doraHaiUra="15" who="0" fromWho="2" sc="210,46,257,0,200,-26,313,0" owari="256,-14.4,257,5.7,174,-32.6,313,41.3" /></mjloggm>