<mjloggm ver="2.3"><GO type="225" lobby="0"/><UN n0="%30%2E%31%32%30" n1="%E3%81%B2%E3%81%AA%E3%81%AE%E3%82%8A%E3%81%8F" n2="%73%61%6E%64%69%72%69%73" n3="%E3%81%AF%E3%82%88%E3%81%8A%E3%81%98%E3%81%95%E3%82%93" dan="16,16,16,16" rate="2120.47,2153.73,2135.10,2157.63" sx="M,M,M,M"/><TAIKYOKU oya="0"/><INIT seed="0,0,0,3,1,124" ten="250,250,250,250" oya="0" hai0="111,27,3,87,116,9,82,66,119,22,10,118,79" hai1="76,129,1,92,125,60,43,127,59,47,81,105,54" hai2="62,23,108,85,109,15,57,40,91,14,38,7,135" hai3="122,120,30,63,114,25,130,68,20,104,110,58,65"/><T16/><D111/><N who="2" m="42570" /><F135/><W39/><G110/><T46/><D3/><U19/><E105/><V126/><F126/><N who="1" m="48137" /><E1/><V51/><F38/><W32/><G114/><T36/><REACH who="0" step="1"/><D66/><REACH who="0" ten="240,250,250,250" step="2"/><U37/><E92/><N who="2" m="54383" /><F7/><W88/><G104/><T101/><D101/><U102/><E102/><V64/><F23/><W55/><G20/><T8/><D8/><U28/><E28/><V134/><F134/><W56/><G30/><T11/><D11/><U103/><E103/><V84/><F84/><W106/><G106/><T67/><D67/><U90/><E19/><V121/><F121/><W117/><G65/><T113/><D113/><U53/><E53/><N who="2" m="31935" /><F40/><AGARI ba="0,1" hai="9,10,16,22,27,36,40,46,79,82,87,116,118,119" machi="40" ten="40,7700,0" yaku="1,1,54,1,53,1" doraHai="124" doraHaiUra="21" who="0" fromWho="2" sc="240,87,250,0,250,-77,250,0" /><INIT seed="0,1,0,0,5,45" ten="327,250,173,250" oya="0" hai0="94,78,74,56,83,40,126,103,124,32,112,130,16" hai1="38,46,132,72,117,21,90,50,20,129,30,87,114" hai2="68,88,134,101,110,41,128,28,53,121,111,69,96" hai3="35,2,58,22,127,76,98,73,106,89,104,37,59"/><T82/><D32/><U0/><E117/><V42/><F121/><W62/><G35/><T57/><D112/><U119/><E119/><V25/><F134/><W102/><G37/><T8/><D82/><U115/><E132/><V54/><F128/><W55/><G2/><T84/><D40/><U125/><E38/><V133/><F133/><W49/><G127/><N who="0" m="48683" /><D130/><U27/><E125/><V107/><F42/><W109/><G109/><T31/><D31/><U7/><E72/><V131/><F41/><W95/><G22/><T63/><D57/><U60/><E129/><V39/><F39/><W3/><G3/><T9/><D16/><U97/><E0/><V24/><F131/><W17/><G17/><T6/><D6/><U66/><E7/><V91/><F28/><W11/><G11/><T51/><D63/><U77/><E77/><V113/><F113/><W47/><G59/><T65/><D65/><U43/><E21/><V26/><F69/><W64/><G76/><T67/><D67/><U33/><E33/><V108/><REACH who="2" step="1"/><F68/><REACH who="2" ten="327,250,163,250" step="2"/><W122/><G122/><T86/><D74/><U81/><E114/><V23/><F23/><W14/><G73/><T48/><D9/><U120/><E115/><V85/><F85/><W75/><G75/><T10/><D86/><U61/><E120/><V118/><F118/><W123/><G123/><T44/><D84/><U12/><E87/><V70/><F70/><W18/><G89/><AGARI ba="1,1" hai="24,25,26,53,54,88,89,91,96,101,107,108,110,111" machi="89" ten="50,6400,0" yaku="1,1,14,1,54,1,53,0" doraHai="45" doraHaiUra="71" who="2" fromWho="3" sc="327,0,250,0,163,77,250,-67" /><INIT seed="1,0,0,5,0,27" ten="327,250,240,183" oya="1" hai0="16,32,63,56,36,68,14,20,31,72,13,115,9" hai1="22,89,133,40,126,57,17,5,90,29,53,131,85" hai2="37,34,78,107,120,134,66,41,84,116,108,125,119" hai3="47,76,12,128,103,101,124,74,86,132,55,73,82"/><U71/><E71/><V25/><F84/><W49/><G124/><T99/><D36/><U33/><E126/><V88/><F125/><W51/><G128/><T113/><D68/><U93/><E131/><V105/><F88/><W35/><G132/><T4/><D72/><U130/><E133/><V45/><F120/><W15/><G35/><T65/><D99/><U60/><E5/><V110/><F78/><W6/><G73/><T42/><D42/><U117/><E117/><N who="2" m="45131" /><F66/><W64/><G64/><T3/><D13/><U70/><E70/><V7/><F7/><W83/><G12/><T21/><D21/><U67/><E130/><V0/><F0/><W79/><G15/><T50/><D50/><U1/><E1/><V112/><F134/><W30/><G6/><T18/><D18/><U48/><E40/><V104/><F112/><W46/><REACH who="3" step="1"/><G30/><AGARI ba="0,0" hai="25,30,34,37,41,45,104,105,107,108,110" m="45131" machi="30" ten="40,2600,0" yaku="23,1,52,1" doraHai="27" who="2" fromWho="3" sc="327,0,250,0,240,26,183,-26" /><INIT seed="2,0,0,0,2,78" ten="327,250,266,157" oya="2" hai0="96,121,102,128,122,119,13,24,0,111,12,134,104" hai1="130,61,38,51,42,3,80,19,39,133,43,127,87" hai2="67,60,107,116,70,47,40,6,16,53,113,34,123" hai3="71,66,63,20,31,118,26,17,83,72,112,32,88"/><V37/><F113/><W57/><G118/><T18/><D0/><U4/><E133/><V89/><F123/><W131/><G131/><T86/><D119/><U11/><E130/><V108/><F116/><W56/><G112/><T77/><D128/><U110/><E110/><V8/><F108/><W95/><G72/><T2/><D2/><U54/><E127/><V99/><F34/><W48/><G48/><T46/><D134/><U65/><E19/><V132/><F132/><W125/><G125/><T76/><D111/><U75/><E75/><V1/><F53/><W58/><G95/><T22/><D22/><U74/><E74/><V64/><F64/><W21/><REACH who="3" step="1"/><G17/><REACH who="3" ten="327,250,266,147" step="2"/><T23/><D121/><U100/><E39/><V109/><F109/><W93/><G93/><T5/><D122/><U36/><E38/><V14/><F107/><W69/><G69/><T90/><D104/><U82/><E36/><V115/><F115/><W73/><G73/><T25/><D18/><U10/><E51/><V101/><F16/><W30/><G30/><T124/><D124/><U50/><E50/><V79/><F70/><W7/><G7/><T91/><D5/><U98/><E4/><V15/><F37/><W97/><G97/><T33/><D96/><U92/><E98/><V28/><F28/><W94/><G94/><T29/><D29/><U103/><E92/><V85/><F99/><W62/><G62/><T120/><D120/><U105/><E61/><V44/><F60/><W129/><G129/><T135/><D135/><U84/><E105/><V126/><F126/><W9/><G9/><RYUUKYOKU ba="0,1" sc="327,-10,250,-10,266,-10,147,30" hai3="20,21,26,31,32,56,57,58,63,66,71,83,88" /><INIT seed="3,1,1,4,1,110" ten="317,240,256,177" oya="3" hai0="2,7,134,132,60,111,85,86,96,52,73,15,84" hai1="90,127,91,19,105,31,87,120,54,36,18,51,16" hai2="126,12,24,104,0,11,48,25,107,66,100,50,119" hai3="82,114,33,95,130,9,129,58,81,128,8,41,38"/><W93/><G33/><T64/><D73/><U47/><E120/><V78/><F119/><W35/><G35/><T21/><D2/><U32/><E105/><V102/><F0/><W45/><G114/><T34/><D34/><U61/><E127/><V68/><F78/><W103/><G58/><N who="0" m="34887" /><D64/><U26/><E36/><V118/><F118/><W40/><G103/><T75/><D75/><U59/><REACH who="1" step="1"/><E87/><REACH who="1" ten="317,230,256,177" step="2"/><V28/><F104/><W56/><G56/><T72/><D72/><U49/><E49/><V23/><F107/><W115/><G115/><T27/><D86/><U112/><E112/><V3/><F50/><W113/><G113/><T131/><D85/><U117/><E117/><V88/><F48/><W94/><REACH who="3" step="1"/><G41/><AGARI ba="1,2" hai="16,18,19,26,31,32,41,47,51,54,59,61,90,91" machi="41" ten="40,2600,0" yaku="1,1,54,1,53,0" doraHai="110" doraHaiUra="6" who="1" fromWho="3" sc="317,0,230,49,256,0,177,-29" owari="317,41.7,279,7.9,256,-14.4,148,-35.2" /></mjloggm>