<mjloggm ver="2.3"><GO type="225" lobby="0"/><UN n0="%E8%90%BD%E6%97%A5" n1="%4E%49%4A%49%49%52%4F" n2="%E7%89%B9%E6%9D%B1%E3%81%AF%E4%B8%96%E7%95%8C%E3%82%92%E6%95%91%E3%81%86" n3="%E4%BF%BA%E3%81%A8%E5%A6%96%E5%A4%A2" dan="19,16,16,17" rate="2241.77,2196.08,2098.61,2190.76" sx="F,M,M,F"/><TAIKYOKU oya="0"/><INIT seed="0,0,0,2,0,123" ten="250,250,250,250" oya="0" hai0="106,63,53,3,29,22,127,111,89,9,121,97,110" hai1="54,44,27,49,31,62,83,20,73,126,125,134,132" hai2="11,80,65,96,1,91,69,52,8,28,37,7,76" hai3="120,103,129,133,32,67,81,26,60,112,59,23,117"/><T75/><D121/><U98/><E98/><V30/><F37/><W86/><G120/><T5/><D127/><N who="1" m="48651" /><E62/><V88/><F11/><W101/><G117/><T87/><D75/><U113/><E113/><V68/><F68/><W90/><G112/><T46/><D97/><U36/><E36/><V13/><F1/><W119/><G119/><T107/><D29/><U33/><E33/><V84/><F52/><W135/><G32/><T15/><D22/><U66/><E66/><V124/><F124/><W2/><G2/><T19/><D63/><U42/><E42/><V115/><F115/><W92/><G129/><T118/><D118/><U6/><E6/><V100/><F65/><W74/><G74/><T47/><D106/><U14/><E14/><V70/><F70/><W79/><G79/><AGARI ba="0,0" hai="20,27,31,44,49,54,73,79,83,132,134" m="48651" machi="79" ten="30,1000,0" yaku="18,1" doraHai="123" who="1" fromWho="3" sc="250,0,250,10,250,0,250,-10" /><INIT seed="1,0,0,5,1,95" ten="250,260,250,240" oya="1" hai0="126,30,85,96,2,29,18,59,13,36,9,19,97" hai1="88,102,12,70,48,26,31,119,133,57,1,78,53" hai2="89,52,24,93,62,76,100,22,43,86,124,58,23" hai3="92,110,32,112,127,63,104,40,50,94,64,77,16"/><U51/><E119/><V99/><F124/><W20/><G112/><T8/><D126/><U105/><E70/><V83/><F43/><W131/><G127/><T132/><D132/><U80/><E1/><V123/><F123/><W0/><G32/><T129/><D36/><U45/><E133/><V35/><F35/><W73/><G104/><T120/><D120/><U87/><E12/><V134/><F134/><W55/><G40/><T11/><D129/><U56/><E78/><V65/><F24/><W118/><G0/><T27/><D85/><U66/><E66/><V41/><F41/><W17/><G110/><T122/><D122/><U107/><E102/><V115/><F115/><W25/><G118/><T39/><D39/><U15/><E15/><V71/><REACH who="2" step="1"/><F76/><REACH who="2" ten="250,260,240,240" step="2"/><W113/><G113/><T135/><D135/><U130/><E130/><V4/><F4/><W84/><G131/><T49/><D27/><U5/><E5/><V3/><F3/><W75/><G75/><T61/><D2/><U14/><E14/><V10/><F10/><N who="0" m="4202" /><D19/><U38/><E38/><V67/><F67/><W72/><G73/><T7/><D7/><U44/><E105/><V109/><F109/><W34/><G72/><T82/><D30/><U101/><E107/><V28/><F28/><W33/><G33/><T128/><D128/><U69/><E31/><V111/><F111/><W37/><G34/><T125/><D125/><U6/><E26/><V46/><F46/><N who="3" m="28119" /><G37/><T106/><D29/><U42/><E6/><V60/><AGARI ba="0,1" hai="22,23,52,58,60,62,65,71,83,86,89,93,99,100" machi="60" ten="20,8000,1" yaku="1,1,0,1,7,1,52,1,54,1,53,0" doraHai="95" doraHaiUra="116" who="2" fromWho="2" sc="250,-20,260,-40,240,90,240,-20" /><INIT seed="2,0,0,4,0,102" ten="230,220,330,220" oya="2" hai0="7,24,91,12,120,38,36,42,18,78,35,103,116" hai1="75,57,25,117,94,100,98,96,28,44,87,4,76" hai2="29,99,17,37,71,33,112,0,77,55,51,81,49" hai3="67,127,9,72,3,6,113,123,59,31,5,11,66"/><V14/><F37/><W106/><G123/><T129/><D120/><U13/><E117/><V97/><F0/><W70/><G70/><T41/><D116/><U108/><E75/><V8/><F71/><W64/><G72/><T88/><D129/><U80/><E108/><V60/><F112/><W62/><G113/><T40/><D78/><U73/><E57/><V84/><F60/><W85/><G127/><T107/><D7/><U53/><E53/><V83/><F51/><W46/><G31/><T86/><D24/><U101/><E44/><V58/><F33/><W56/><G46/><T115/><D35/><U92/><E13/><V104/><F29/><W23/><G23/><T26/><D26/><U125/><E4/><V68/><F104/><W65/><G106/><T135/><D135/><U52/><E52/><V114/><F68/><W119/><G119/><T133/><D133/><U63/><E63/><V61/><F114/><W27/><G27/><T34/><D34/><U45/><E45/><N who="2" m="28079" /><F83/><W95/><G56/><T50/><D50/><U47/><E125/><V1/><F1/><W21/><G21/><N who="0" m="11463" /><D115/><U131/><E131/><V82/><F82/><W110/><G110/><T69/><D69/><U30/><E47/><V118/><F118/><W93/><REACH who="3" step="1"/><G85/><REACH who="3" ten="230,220,330,210" step="2"/><T20/><D20/><N who="1" m="15399" /><E73/><V111/><F111/><W105/><G105/><T89/><D86/><U43/><E30/><V48/><F48/><W54/><G54/><AGARI ba="0,1" hai="8,14,17,54,58,61,77,81,84,97,99" m="28079" machi="54" ten="30,1500,0" yaku="8,1" doraHai="102" who="2" fromWho="3" sc="230,0,220,0,330,25,210,-15" /><INIT seed="2,1,0,5,0,110" ten="230,220,355,195" oya="2" hai0="28,105,98,120,128,20,19,122,125,50,135,109,104" hai1="46,70,43,133,73,126,69,78,76,92,94,9,68" hai2="18,84,64,12,130,40,115,16,95,47,72,96,86" hai3="60,49,119,118,39,63,93,55,91,85,36,56,124"/><V71/><F72/><W52/><G124/><T42/><D109/><U107/><E126/><V33/><F33/><W29/><G29/><T24/><D125/><U89/><E107/><V25/><F115/><W131/><G131/><T10/><D128/><U77/><E133/><V74/><F74/><W129/><G129/><T111/><D111/><U41/><E73/><V2/><F2/><W17/><G17/><T62/><D135/><U79/><N who="1" m="19456" /><DORA hai="113" /><U53/><E9/><V5/><F130/><W11/><G11/><T67/><D42/><U23/><E23/><N who="2" m="13559" /><F5/><W26/><G26/><T99/><D50/><U13/><E13/><V0/><F64/><W101/><G101/><T44/><D44/><U59/><E46/><V134/><F71/><W112/><G112/><T100/><D99/><U7/><E7/><V81/><F81/><W57/><REACH who="3" step="1"/><G49/><REACH who="3" ten="230,220,355,185" step="2"/><T14/><REACH who="0" step="1"/><D105/><REACH who="0" ten="220,220,355,185" step="2"/><U66/><E94/><V75/><F134/><W80/><G80/><T61/><D61/><U8/><E92/><V87/><F40/><W116/><AGARI ba="1,2" hai="36,39,52,55,56,57,60,63,85,91,93,116,118,119" machi="116" ten="30,12000,2" yaku="1,1,0,1,9,1,52,3,54,1,53,0" doraHai="110,113" doraHaiUra="34,132" who="3" fromWho="3" sc="220,-31,220,-31,355,-61,185,143" /><INIT seed="3,0,0,5,4,107" ten="189,189,294,328" oya="3" hai0="5,126,63,117,19,7,77,27,54,33,114,55,103" hai1="130,81,78,53,125,122,82,91,59,87,34,90,62" hai2="22,6,116,112,45,113,93,0,60,15,123,43,23" hai3="101,119,24,131,89,65,40,121,109,132,49,129,58"/><W3/><G119/><T11/><D117/><U97/><E122/><V104/><F104/><W79/><G121/><T26/><D126/><U21/><E125/><V76/><F116/><W14/><G3/><T10/><D114/><U127/><E127/><V111/><F123/><W84/><G132/><T52/><D103/><U108/><E34/><V56/><F111/><W41/><G109/><T8/><D63/><U105/><E108/><V102/><F0/><W74/><G101/><T66/><D66/><U4/><E130/><N who="3" m="49674" /><G14/><T9/><D77/><U72/><E4/><V70/><F70/><W51/><G24/><N who="0" m="9259" /><D33/><U12/><E105/><V30/><F76/><W128/><G74/><T92/><D92/><N who="1" m="56479" /><E72/><V20/><F30/><W71/><G79/><T86/><D86/><N who="1" m="50519" /><E12/><AGARI ba="0,0" hai="5,7,8,9,10,11,12,19,52,54,55" m="9259" machi="12" ten="40,2600,0" yaku="8,1,54,1" doraHai="107" who="0" fromWho="1" sc="189,26,189,-26,294,0,328,0" owari="215,-18.5,163,-33.7,294,9.4,328,42.8" /></mjloggm>