<mjloggm ver="2.3"><GO type="225" lobby="0"/><UN n0="%6D%75%75%73%61%6E%6D%75" n1="%E6%81%A5%E6%99%92%E3%81%97" n2="%E3%81%AA%E3%82%81%E3%81%93%E9%9B%80%E5%A3%AB" n3="%72%69%6F%75%63%68%61%6E" dan="17,16,16,16" rate="2169.44,2117.48,2009.38,2180.72" sx="F,M,M,M"/><TAIKYOKU oya="0"/><INIT seed="0,0,0,0,4,22" ten="250,250,250,250" oya="0" hai0="111,38,88,124,52,5,29,27,54,35,15,121,57" hai1="21,123,18,48,6,47,107,19,64,106,11,89,16" hai2="85,46,37,51,43,87,110,23,44,99,122,14,128" hai3="32,70,129,33,100,112,105,0,30,45,65,62,80"/><T28/><D121/><U127/><E123/><V134/><F122/><W109/><G112/><T69/><D69/><U74/><E127/><V117/><F110/><W91/><G109/><T132/><D111/><U1/><E74/><V119/><F134/><W84/><G129/><T71/><D71/><U82/><E64/><V61/><F61/><W63/><G0/><T79/><D38/><U72/><E21/><V97/><F128/><W8/><G8/><N who="0" m="4495" /><D35/><U66/><E66/><V55/><F99/><W104/><G62/><N who="0" m="36135" /><D124/><U101/><E101/><V73/><F97/><W98/><G105/><T78/><D132/><U17/><N who="1" m="4096" /><DORA hai="86" /><U94/><E82/><V135/><F14/><W24/><G33/><T20/><D29/><U12/><E72/><V36/><F73/><W126/><G45/><T81/><D54/><U133/><E1/><V10/><F10/><W40/><REACH who="3" step="1"/><G40/><REACH who="3" ten="250,250,250,240" step="2"/><T49/><D49/><U56/><E133/><V67/><F135/><W103/><G103/><T25/><D25/><U95/><E106/><V108/><F108/><W75/><G75/><T34/><D34/><U9/><E107/><V92/><F23/><W13/><G13/><T2/><D2/><U68/><E12/><V41/><F41/><W77/><G77/><T96/><D81/><U114/><E114/><V31/><F43/><W58/><G58/><T53/><D53/><N who="1" m="29855" /><E56/><V4/><F46/><W102/><G102/><T93/><AGARI ba="0,1" hai="20,27,28,78,79,88,93,96" m="36135,4495" machi="93" ten="30,12000,1" yaku="8,1,52,2,54,2" doraHai="22,86" who="0" fromWho="0" sc="250,130,250,-40,250,-40,240,-40" /><INIT seed="0,1,0,0,4,21" ten="380,210,210,200" oya="0" hai0="126,74,44,41,59,66,61,80,55,46,27,127,16" hai1="35,82,58,93,132,105,19,88,124,4,33,121,116" hai2="53,100,10,49,89,91,81,54,104,79,36,131,7" hai3="64,73,52,14,12,26,92,1,63,94,107,6,110"/><T85/><D74/><U3/><E116/><V23/><F36/><W28/><G107/><T128/><D128/><U125/><E121/><V90/><F131/><W98/><G73/><T71/><D71/><U108/><E105/><V96/><F23/><W69/><G110/><T106/><D106/><U65/><E108/><V5/><F49/><W123/><G123/><T43/><D66/><U51/><E132/><V97/><F96/><W77/><G77/><T67/><D67/><U47/><E82/><V34/><F34/><W117/><G117/><T18/><D44/><U78/><E78/><V70/><F70/><W122/><G122/><T24/><D126/><N who="1" m="48747" /><E4/><V31/><F31/><W8/><G52/><T114/><D127/><U2/><E19/><N who="0" m="7209" /><D114/><U17/><E17/><V86/><REACH who="2" step="1"/><F5/><REACH who="2" ten="380,210,200,200" step="2"/><W115/><G115/><T20/><D20/><U135/><E33/><V102/><F102/><W112/><G112/><T62/><D62/><N who="1" m="38103" /><E35/><V118/><F118/><W75/><G75/><T60/><D60/><U84/><E135/><V133/><F133/><W119/><G119/><T103/><D103/><U101/><E101/><V40/><F40/><AGARI ba="1,1" hai="2,3,40,47,51,84,88,93" m="38103,48747" machi="40" ten="30,2000,0" yaku="18,1,54,1" doraHai="21" who="1" fromWho="2" sc="380,0,210,33,200,-23,200,0" /><INIT seed="1,0,0,1,4,93" ten="380,243,177,200" oya="1" hai0="21,51,71,128,88,23,68,69,118,58,117,18,11" hai1="13,62,125,29,36,99,105,112,90,34,133,2,72" hai2="56,8,47,30,57,126,0,22,131,129,9,83,1" hai3="121,106,104,24,102,25,19,74,113,108,109,27,103"/><U124/><E112/><V73/><F47/><W39/><G121/><T14/><D128/><N who="2" m="49226" /><F126/><N who="1" m="48745" /><E2/><N who="2" m="1131" /><F22/><W41/><G74/><T61/><D117/><U55/><E72/><V64/><F30/><W98/><G113/><T52/><D118/><U46/><E133/><V16/><F64/><W122/><G122/><T4/><D4/><U17/><E29/><V97/><F97/><N who="3" m="61519" /><G41/><T100/><D100/><N who="1" m="62623" /><E90/><V80/><F16/><W114/><G39/><T28/><D88/><U15/><E34/><V135/><F135/><W75/><G75/><T45/><REACH who="0" step="1"/><D28/><REACH who="0" ten="370,243,177,200" step="2"/><U43/><E17/><V32/><F73/><W59/><G114/><T48/><D48/><U76/><E76/><V120/><F120/><W5/><G5/><T31/><D31/><U85/><E85/><V82/><F32/><W20/><G59/><AGARI ba="0,1" hai="13,15,36,43,46,55,59,62" m="62623,48745" machi="59" ten="30,2900,0" yaku="18,1,52,1" doraHai="93" who="1" fromWho="3" sc="370,0,243,39,177,0,200,-29" /><AGARI ba="0,0" hai="8,9,56,57,59,80,82,83" m="1131,49226" machi="59" ten="40,5200,0" yaku="28,2,19,1" doraHai="93" who="2" fromWho="3" sc="370,0,282,0,177,52,171,-52" /><INIT seed="1,1,0,4,2,24" ten="370,282,229,119" oya="1" hai0="63,36,73,8,28,52,60,74,78,64,89,11,131" hai1="62,23,37,81,77,16,115,39,21,75,82,42,126" hai2="0,32,71,102,133,55,117,54,67,79,100,121,86" hai3="69,41,76,40,112,94,109,118,25,91,103,58,66"/><U20/><E115/><V10/><F117/><W116/><G112/><T17/><D36/><U7/><E126/><V123/><F32/><W97/><G109/><T124/><D124/><U5/><E62/><V113/><F67/><W93/><G69/><T56/><D131/><U111/><E111/><V33/><F33/><W107/><G76/><T4/><D28/><U3/><E82/><V106/><F86/><W96/><G107/><T57/><D89/><U85/><E85/><V99/><F102/><W51/><G25/><T59/><D59/><U125/><E125/><V31/><F133/><W18/><G18/><T128/><D128/><U119/><E119/><V45/><F31/><W90/><G103/><T135/><D135/><U80/><E80/><V134/><F79/><W29/><G29/><T101/><D101/><U88/><E88/><V95/><F106/><W35/><G35/><T114/><D114/><U1/><E7/><N who="2" m="1383" /><F71/><W84/><G84/><T44/><D78/><U49/><E39/><V13/><F13/><W27/><G27/><T12/><REACH who="0" step="1"/><D44/><REACH who="0" ten="360,282,229,119" step="2"/><N who="1" m="23631" /><E49/><N who="2" m="28975" /><F134/><W104/><G104/><T43/><D43/><N who="3" m="16457" /><G51/><T38/><D38/><U127/><E127/><V130/><F113/><W61/><G118/><T68/><D68/><U83/><E77/><V108/><F130/><W53/><G116/><T92/><D92/><U72/><E83/><V26/><F108/><W19/><G66/><T98/><D98/><U110/><E110/><V48/><F26/><W47/><G47/><T14/><AGARI ba="1,1" hai="4,8,11,12,14,17,52,56,57,60,63,64,73,74" machi="14" ten="20,5200,0" yaku="1,1,0,1,7,1,54,1,53,0" doraHai="24" doraHaiUra="22" who="0" fromWho="0" sc="360,65,282,-27,229,-14,119,-14" /><INIT seed="2,0,0,5,4,42" ten="425,255,215,105" oya="2" hai0="30,105,86,131,96,130,98,112,110,126,133,32,51" hai1="58,8,56,2,27,104,47,88,6,53,115,23,113" hai2="83,95,49,72,124,28,89,18,80,77,10,54,26" hai3="38,29,101,52,37,84,5,103,21,135,99,64,39"/><V97/><F124/><W107/><G135/><T12/><D133/><U69/><E69/><V76/><F10/><W44/><G64/><T62/><D126/><U73/><E104/><V48/><F18/><W106/><G5/><T91/><D112/><U129/><E73/><V45/><F49/><W114/><G114/><T16/><D110/><U82/><E129/><N who="0" m="49161" /><D105/><U20/><E20/><V109/><F109/><W59/><G84/><T1/><D1/><U57/><E113/><V60/><F60/><W102/><G99/><T14/><D62/><U123/><E123/><V78/><REACH who="2" step="1"/><F80/><REACH who="2" ten="425,255,205,105" step="2"/><W70/><G70/><T128/><D128/><U15/><E82/><V90/><F90/><W40/><G29/><T87/><D51/><N who="1" m="28927" /><E115/><V79/><F79/><W35/><G35/><AGARI ba="0,1" hai="26,28,35,45,48,54,72,76,77,78,83,89,95,97" machi="35" ten="30,11600,0" yaku="1,1,7,1,52,1,53,1" doraHai="42" doraHaiUra="22" who="2" fromWho="3" sc="425,0,255,0,205,126,105,-116" owari="425,52.5,255,-14.5,331,13.1,-11,-51.1" /></mjloggm>