<mjloggm ver="2.3"><GO type="225" lobby="0"/><UN n0="%E3%81%9F%E3%81%93%E2%98%86%E7%84%BC%E3%81%8D" n1="%72%69%6F%75%63%68%61%6E" n2="%33%74%72%65%65" n3="%6D%75%75%6D%75%72%61" dan="16,17,17,16" rate="2103.03,2281.99,2220.23,2172.79" sx="M,M,F,F"/><TAIKYOKU oya="0"/><INIT seed="0,0,0,4,4,37" ten="250,250,250,250" oya="0" hai0="131,72,117,132,17,79,0,122,14,8,98,74,65" hai1="71,134,28,68,6,26,32,43,119,55,24,39,38" hai2="123,62,82,111,115,75,76,106,44,34,100,30,84" hai3="95,73,12,91,9,51,86,113,83,13,89,52,27"/><T69/><D117/><U124/><E119/><V19/><F115/><W18/><G113/><T93/><D122/><U129/><E124/><V47/><F123/><W33/><G73/><T61/><D131/><U4/><E134/><V120/><F120/><W2/><G2/><T7/><D132/><U130/><E55/><V135/><F135/><W16/><G33/><T114/><D79/><U105/><E105/><V10/><F111/><W48/><G27/><N who="1" m="10282" /><E28/><V77/><F30/><W81/><G51/><T15/><D0/><U87/><E87/><V5/><F34/><W90/><G95/><T46/><D46/><U23/><E23/><V127/><F19/><W121/><G121/><T54/><D54/><U92/><E92/><V1/><F127/><W101/><G101/><T49/><D49/><U50/><E50/><V36/><F36/><N who="1" m="13865" /><E43/><V96/><F84/><W63/><G63/><T118/><D114/><U110/><E32/><V64/><REACH who="2" step="1"/><F77/><REACH who="2" ten="250,250,240,250" step="2"/><W41/><G86/><T80/><D118/><U58/><E110/><V108/><F108/><W94/><G18/><T102/><REACH who="0" step="1"/><D80/><REACH who="0" ten="240,250,240,250" step="2"/><U97/><E129/><V56/><AGARI ba="0,2" hai="1,5,10,44,47,56,62,64,75,76,82,96,100,106" machi="56" ten="20,2700,0" yaku="1,1,0,1,7,1,53,0" doraHai="37" doraHaiUra="125" who="2" fromWho="2" sc="240,-13,250,-7,240,47,250,-7" /><INIT seed="1,0,0,5,2,3" ten="227,243,287,243" oya="1" hai0="37,39,87,27,34,102,95,111,116,47,67,64,89" hai1="52,42,129,56,93,100,114,121,49,115,101,66,78" hai2="79,68,41,33,36,123,35,108,0,71,107,17,88" hai3="25,105,132,2,22,69,85,40,46,127,84,92,11"/><U91/><E121/><V112/><F88/><W130/><G105/><T128/><D116/><U73/><E129/><V62/><F17/><W134/><G130/><T9/><D111/><U74/><E66/><N who="2" m="41047" /><F123/><W135/><G69/><T117/><D117/><U50/><E115/><V60/><F79/><W51/><G127/><T1/><D102/><U65/><E114/><V80/><F80/><W81/><G92/><T18/><D128/><U106/><E65/><N who="2" m="41383" /><F108/><W58/><G58/><T12/><D39/><U21/><E106/><V110/><F110/><W76/><G85/><T55/><D37/><U109/><E109/><V99/><F0/><W45/><G45/><T14/><D1/><U83/><E74/><V29/><F29/><W82/><G82/><N who="0" m="49399" /><D14/><U126/><E126/><V57/><F57/><W19/><G2/><T23/><D34/><U32/><E32/><V94/><F94/><W13/><REACH who="3" step="1"/><G132/><REACH who="3" ten="227,243,287,233" step="2"/><T125/><D95/><U98/><REACH who="1" step="1"/><E21/><REACH who="1" ten="227,233,287,233" step="2"/><V70/><F112/><W59/><G59/><T90/><D125/><U5/><E5/><AGARI ba="0,2" hai="5,11,13,19,22,25,40,46,51,76,81,84,134,135" machi="5" ten="40,8000,1" yaku="1,1,25,2,52,1,53,1" doraHai="3" doraHaiUra="43" who="3" fromWho="1" sc="227,0,233,-80,287,0,233,100" /><INIT seed="2,0,0,3,2,128" ten="227,153,287,333" oya="2" hai0="5,67,133,70,84,30,1,45,42,2,122,16,31" hai1="22,53,86,66,89,51,38,113,10,110,60,19,109" hai2="71,105,102,74,27,132,35,69,33,52,26,103,129" hai3="57,98,32,34,114,12,28,72,58,81,90,123,91"/><V24/><F129/><W49/><G123/><T36/><D122/><U107/><E113/><V92/><F74/><W7/><G114/><T13/><D84/><U124/><E124/><V117/><F117/><W17/><G7/><T25/><D133/><U41/><E107/><V104/><F92/><W131/><G131/><T101/><D101/><N who="2" m="38410" /><F52/><W87/><G72/><T93/><D93/><U96/><E96/><V9/><F9/><W111/><G98/><T43/><D42/><U4/><E38/><V82/><F82/><W130/><G28/><T76/><D76/><U44/><E41/><V11/><F11/><W47/><G91/><T55/><D55/><U134/><E134/><V112/><F112/><W73/><G73/><T95/><D95/><U77/><E77/><V0/><F0/><W21/><G34/><N who="2" m="12809" /><F132/><W75/><G75/><T37/><D67/><U126/><E126/><V125/><F125/><W106/><G32/><T115/><D37/><U62/><E4/><V54/><F54/><N who="3" m="30015" /><G106/><AGARI ba="0,0" hai="24,26,27,69,71,104,105,106" m="12809,38410" machi="106" ten="40,3900,0" yaku="28,2" doraHai="128" who="2" fromWho="3" sc="227,0,153,0,287,39,333,-39" /><INIT seed="2,1,0,1,5,120" ten="227,153,326,294" oya="2" hai0="99,47,86,65,8,63,12,92,53,35,73,96,82" hai1="111,118,54,113,71,41,30,129,9,127,4,112,45" hai2="68,16,72,87,103,3,88,107,20,115,59,102,122" hai3="97,15,2,10,36,133,38,106,61,33,85,91,18"/><V5/><F115/><W51/><G133/><T130/><D35/><U57/><E118/><V1/><F68/><W23/><G33/><T80/><D73/><U79/><E127/><V134/><F122/><W126/><G126/><T76/><D82/><U75/><E129/><V34/><F34/><W93/><G61/><T124/><D130/><U123/><E123/><V74/><F134/><W43/><G51/><T94/><D47/><U70/><E30/><V60/><F74/><W44/><G38/><T27/><D27/><U132/><E132/><V105/><F72/><W89/><G106/><T128/><D53/><U42/><E42/><V32/><F32/><W21/><G2/><T100/><D128/><U98/><E98/><V66/><F105/><W64/><G64/><T31/><D31/><U101/><E101/><V46/><F46/><W52/><G52/><T7/><D124/><U131/><E131/><V11/><F1/><W58/><G58/><T125/><D125/><U14/><E111/><V40/><F40/><W95/><AGARI ba="1,0" hai="10,15,18,21,23,36,43,44,85,89,91,93,95,97" machi="95" ten="20,1500,0" yaku="0,1,7,1" doraHai="120" who="3" fromWho="3" sc="227,-5,153,-5,326,-8,294,18" /><INIT seed="3,0,0,2,0,118" ten="222,148,318,312" oya="3" hai0="101,23,90,11,99,64,83,35,38,115,28,113,62" hai1="121,65,52,54,3,39,107,22,7,104,114,33,86" hai2="116,129,9,111,89,2,53,126,131,56,98,32,37" hai3="31,94,68,96,80,88,26,63,127,59,42,84,14"/><W5/><G127/><T81/><D38/><U78/><E114/><N who="0" m="43529" /><D35/><U36/><E33/><V92/><F126/><W40/><G68/><N who="0" m="42007" /><D11/><U30/><E65/><V12/><F32/><W120/><G120/><T66/><D66/><U122/><E22/><V8/><F37/><N who="1" m="14409" /><E86/><V34/><F34/><W133/><G133/><T128/><D128/><N who="2" m="49226" /><F2/><W95/><G5/><T1/><D1/><U61/><E3/><V13/><F116/><W110/><G110/><T4/><D90/><U57/><E7/><V76/><F111/><W44/><G14/><N who="2" m="5737" /><F76/><N who="3" m="46087" /><G44/><T123/><D4/><U16/><E78/><V6/><F6/><W134/><G134/><T45/><D123/><N who="1" m="47115" /><E30/><V73/><F73/><W103/><G31/><T19/><D28/><U43/><E43/><V48/><AGARI ba="0,0" hai="8,9,48,53,56,89,92,98" m="5737,49226" machi="48" ten="30,1100,0" yaku="19,1" doraHai="118" who="2" fromWho="2" sc="222,-3,148,-3,318,11,312,-5" owari="219,-18.1,145,-35.5,329,42.9,307,10.7" /></mjloggm>