<mjloggm ver="2.3"><GO type="225" lobby="0"/><UN n0="%E3%81%BE%E3%81%A8%E3%81%9F" n1="%E3%83%8F%E3%83%B3%E3%83%89%E3%83%A9%E3%83%BC%E3%83%BB%E3%83%AF%E3%83%B3" n2="%E3%81%A4%E3%81%A3%E3%81%B1%E3%82%8A%E3%83%9D%E3%83%BC%E3%83%AB" n3="%E5%8D%A0%E3%81%84%E5%B8%AB%E8%A3%8F%E3%81%AA%E3%81%84%E3%81%97" dan="17,17,16,17" rate="2252.95,2236.55,2065.25,2162.27" sx="M,M,M,M"/><TAIKYOKU oya="0"/><INIT seed="0,0,0,4,2,122" ten="250,250,250,250" oya="0" hai0="99,8,2,95,49,116,131,5,19,113,68,104,12" hai1="45,3,62,18,124,120,16,0,31,20,135,61,106" hai2="100,43,117,11,81,128,6,133,89,67,134,87,91" hai3="47,129,24,41,50,32,86,60,96,102,121,27,103"/><T98/><D116/><U85/><E120/><V110/><F117/><W10/><G121/><T118/><D68/><U25/><E106/><V75/><F75/><W126/><G126/><T1/><D1/><U119/><E119/><V94/><F128/><W46/><G129/><T36/><D36/><U112/><E124/><V73/><F73/><W82/><G60/><T55/><D131/><U132/><E112/><V97/><F43/><W130/><G32/><T58/><D118/><U37/><E85/><V35/><F67/><W88/><G130/><T83/><D104/><U29/><E45/><V123/><F35/><W69/><G69/><T56/><D83/><U34/><E37/><V76/><F123/><W4/><G46/><T65/><D113/><U105/><E105/><V42/><F42/><W70/><G70/><T84/><D58/><U66/><E66/><V48/><F48/><W79/><G79/><T93/><D93/><U125/><E125/><V111/><F91/><W107/><REACH who="3" step="1"/><G102/><REACH who="3" ten="250,250,250,240" step="2"/><T59/><D59/><U17/><E62/><V7/><F100/><W101/><G101/><T44/><D44/><U38/><E61/><V108/><F6/><W9/><G9/><T14/><D65/><U40/><E38/><V21/><F21/><W63/><G63/><T71/><D71/><U52/><E34/><V15/><AGARI ba="0,1" hai="7,11,15,76,81,87,89,94,97,108,110,111,133,134" machi="15" ten="40,8000,1" yaku="0,1,14,1,52,3" doraHai="122" who="2" fromWho="2" sc="250,-40,250,-20,250,90,240,-20" /><INIT seed="1,0,0,5,4,88" ten="210,230,340,220" oya="1" hai0="123,38,37,115,15,9,25,91,39,27,23,0,24" hai1="52,103,94,58,44,84,19,69,41,22,1,71,106" hai2="92,131,29,73,89,11,104,95,107,35,133,126,17" hai3="51,3,97,36,85,68,81,86,6,78,87,60,40"/><U114/><E114/><V93/><F73/><W98/><G36/><T82/><D115/><U47/><E1/><V102/><F102/><W13/><G3/><T61/><D123/><U119/><E119/><V118/><F118/><W62/><G68/><T56/><D0/><U4/><E4/><V120/><F120/><W53/><G98/><T125/><D125/><U117/><E117/><V45/><F45/><N who="3" m="26023" /><G97/><T96/><D82/><U112/><E112/><V99/><F29/><W83/><G53/><T76/><D76/><U42/><E106/><V48/><F17/><W79/><G86/><T77/><D77/><U7/><E7/><V28/><F11/><AGARI ba="0,0" hai="6,11,13,60,62,78,79,81,83,85,87" m="26023" machi="11" ten="30,2000,0" yaku="25,1,8,1" doraHai="88" who="3" fromWho="2" sc="210,0,230,0,340,-20,220,20" /><INIT seed="2,0,0,1,5,132" ten="210,230,320,240" oya="2" hai0="7,130,96,33,111,135,128,52,54,127,10,40,48" hai1="34,53,100,134,30,2,82,125,70,104,114,78,122" hai2="13,61,101,103,68,16,102,14,129,115,107,1,126" hai3="77,120,22,23,133,25,41,88,21,20,99,15,83"/><V69/><F1/><W9/><G120/><T12/><D135/><U27/><E114/><V45/><F115/><W47/><G133/><T35/><D111/><U17/><E134/><V87/><F107/><W86/><G99/><T50/><D40/><U64/><E17/><V58/><F126/><W84/><G22/><T89/><D127/><U91/><E53/><N who="0" m="20585" /><D89/><U24/><E91/><V26/><F129/><N who="0" m="49770" /><D96/><N who="1" m="61447" /><E27/><V46/><F69/><W57/><G57/><T66/><D66/><U79/><E79/><V60/><F68/><W67/><G67/><T80/><D80/><U62/><E122/><V92/><F61/><W55/><G55/><T28/><D28/><U110/><E110/><V116/><F60/><W73/><G73/><T81/><D81/><U18/><E18/><V123/><F16/><N who="3" m="8303" /><G84/><T36/><D36/><U59/><E59/><V5/><F58/><W42/><G42/><T119/><D119/><U76/><E125/><V29/><F116/><W6/><G6/><T74/><D74/><N who="1" m="43287" /><E78/><V32/><F123/><W19/><G77/><T95/><D95/><U0/><AGARI ba="0,0" hai="0,2,24,30,34,62,64,70" m="43287,61447" machi="0" ten="30,4000,0" yaku="25,1,33,2" doraHai="132" who="1" fromWho="1" sc="210,-10,230,40,320,-20,240,-10" /><INIT seed="3,0,0,3,5,26" ten="200,270,300,230" oya="3" hai0="3,69,4,116,6,117,29,56,59,67,97,21,102" hai1="110,8,66,52,87,109,134,18,133,13,130,22,124" hai2="123,118,17,88,91,41,108,47,39,100,34,64,90" hai3="105,38,30,46,113,74,86,27,19,79,20,135,24"/><W95/><G113/><T119/><D69/><U82/><E66/><V98/><F118/><W84/><G105/><T33/><D33/><U60/><E130/><V103/><F34/><W25/><G135/><N who="1" m="51722" /><E124/><V48/><F108/><N who="1" m="41577" /><E8/><V45/><F123/><W51/><G38/><T127/><D127/><U43/><E43/><V7/><F7/><W120/><G120/><T107/><D3/><U111/><N who="1" m="41585" /><U121/><DORA hai="128" /><E121/><V85/><F64/><W92/><G74/><T31/><D56/><N who="1" m="34823" /><E87/><N who="3" m="33322" /><G79/><T99/><D99/><U106/><E106/><V57/><F98/><W0/><G0/><T63/><REACH who="0" step="1"/><D21/><REACH who="0" ten="190,270,300,230" step="2"/><U40/><E40/><V96/><F41/><N who="3" m="25039" /><G19/><T76/><D76/><U55/><E55/><V75/><F17/><W11/><G11/><T32/><D32/><U16/><E18/><V122/><F122/><W72/><G72/><T35/><D35/><U42/><E42/><V2/><F75/><W129/><G129/><T62/><D62/><U71/><E71/><V80/><F85/><W112/><G112/><T53/><D53/><U104/><E104/><V131/><F131/><W5/><G5/><AGARI ba="0,1" hai="4,5,6,29,31,59,63,67,97,102,107,116,117,119" machi="5" ten="40,5200,0" yaku="1,1,52,2,53,0" doraHai="26,128" doraHaiUra="83,10" who="0" fromWho="3" sc="190,62,270,0,300,0,230,-52" owari="252,-14.8,270,7.0,300,40.0,178,-32.2" /></mjloggm>