<mjloggm ver="2.3"><GO type="225" lobby="0"/><UN n0="%2D%E8%B1%8A%E5%8F%A3%E3%82%81%E3%81%90%E3%81%BF%2D" n1="%E2%91%A3%E9%81%BF%E9%81%8A%E6%88%AF%E3%80%90%E6%9D%B1%E5%8D%97%E3%80%91" n2="%E3%81%BF%E3%81%BF%E3%81%9A" n3="%E3%83%B4%E3%82%A3%E3%83%AF%E3%82%B3%E3%82%B0%E3%83%8B" dan="17,16,16,16" rate="2133.13,2052.69,2150.71,2142.51" sx="F,M,M,M"/><TAIKYOKU oya="0"/><INIT seed="0,0,0,0,2,28" ten="250,250,250,250" oya="0" hai0="110,74,35,96,60,2,61,50,58,52,62,100,17" hai1="75,78,121,113,118,14,69,127,73,43,90,94,64" hai2="109,59,0,67,65,15,37,9,80,56,45,3,33" hai3="101,87,46,16,108,63,72,86,57,39,13,27,97"/><T5/><D74/><N who="1" m="28171" /><E78/><V123/><F123/><W133/><G108/><T71/><D110/><U83/><E121/><V8/><F109/><W105/><G133/><T135/><D135/><U36/><E83/><V128/><F80/><W103/><G72/><T1/><D71/><U34/><E14/><V122/><F122/><W99/><G27/><T82/><D35/><U119/><E94/><V68/><F128/><W31/><G31/><T134/><D134/><U116/><E90/><V25/><F25/><W115/><G115/><T102/><D82/><U6/><E6/><V23/><F23/><W106/><G39/><T81/><D81/><U55/><E55/><V53/><F45/><W93/><G46/><T104/><D5/><U30/><E113/><V26/><F37/><W51/><G51/><T131/><D131/><U19/><E19/><V85/><F85/><W95/><G106/><T54/><D102/><U4/><E4/><V44/><F44/><W126/><G105/><T38/><D38/><U12/><E12/><V66/><F68/><W79/><G126/><T20/><REACH who="0" step="1"/><D54/><REACH who="0" ten="240,250,250,250" step="2"/><U10/><E36/><V117/><F53/><N who="3" m="34223" /><G79/><T84/><D84/><U18/><E69/><V120/><F120/><W48/><G48/><T124/><D124/><U111/><E127/><V92/><F33/><W22/><AGARI ba="0,1" hai="13,16,22,86,87,93,95,97,99,101,103" m="34223" machi="22" ten="30,2000,0" yaku="8,1,54,1" doraHai="28" who="3" fromWho="3" sc="240,-10,250,-5,250,-5,250,30" /><INIT seed="1,0,0,5,5,83" ten="230,245,245,280" oya="1" hai0="85,80,60,69,112,109,128,15,35,79,97,99,55" hai1="10,16,75,74,40,132,52,82,39,129,70,116,101" hai2="22,77,63,76,2,113,96,66,134,86,20,3,43" hai3="36,133,126,115,53,30,31,28,23,90,25,19,48"/><U91/><E116/><V14/><F134/><W42/><G133/><T106/><D112/><U4/><E132/><V62/><F113/><W73/><G115/><T67/><D109/><U107/><E70/><V89/><F43/><W72/><G126/><T50/><D128/><U124/><E124/><V104/><F104/><W121/><G121/><T6/><D35/><U130/><E40/><V47/><F47/><W131/><G131/><N who="1" m="50186" /><E39/><V34/><F34/><W8/><G8/><T102/><D99/><N who="1" m="61887" /><E4/><V71/><F96/><W87/><G36/><T0/><D0/><U127/><E127/><V29/><F2/><W21/><G21/><T114/><D114/><U49/><E91/><V24/><F3/><W88/><G90/><T58/><D6/><U108/><E82/><V125/><F125/><W17/><G17/><T135/><D135/><U7/><E108/><V118/><F118/><W81/><REACH who="3" step="1"/><G42/><REACH who="3" ten="230,245,245,270" step="2"/><T51/><REACH who="0" step="1"/><D15/><REACH who="0" ten="220,245,245,270" step="2"/><N who="1" m="7287" /><E7/><V5/><F5/><W98/><G98/><T18/><D18/><U103/><E103/><V44/><F14/><W11/><G11/><T13/><D13/><U37/><E37/><V46/><F20/><W105/><G105/><T26/><D26/><U27/><E27/><V12/><F22/><W94/><G94/><T93/><D93/><U45/><AGARI ba="0,2" hai="45,49,52,74,75" m="7287,61887,50186" machi="45" ten="30,6000,0" yaku="19,1,54,2" doraHai="83" who="1" fromWho="1" sc="220,-20,245,80,245,-20,270,-20" /><INIT seed="1,1,0,3,2,8" ten="200,325,225,250" oya="1" hai0="37,92,69,66,60,74,17,56,123,28,62,130,118" hai1="63,125,19,30,113,9,21,33,78,46,10,59,16" hai2="110,104,32,1,88,13,45,106,83,11,82,22,24" hai3="47,93,18,36,87,134,116,132,79,109,54,121,29"/><U7/><E113/><V117/><F117/><W27/><G109/><T23/><D118/><U15/><E78/><V95/><F110/><W20/><G116/><T126/><D126/><U31/><E125/><V48/><F1/><W34/><G121/><T55/><D123/><U80/><E80/><V40/><F32/><W124/><G124/><T98/><D130/><U128/><E46/><V41/><F106/><W114/><G114/><T111/><D111/><U61/><E61/><V12/><F104/><W3/><G3/><T70/><D37/><U101/><E101/><V64/><F64/><W53/><G36/><T89/><D74/><U44/><E44/><V39/><F39/><W84/><G93/><T100/><D28/><U133/><E128/><V71/><F71/><W81/><G84/><T4/><D4/><U14/><E33/><V122/><F40/><W108/><G108/><T107/><D107/><U42/><E42/><V75/><F122/><W120/><G120/><T135/><D135/><N who="3" m="51753" /><G47/><T112/><D112/><U25/><E133/><V6/><F75/><W105/><G105/><T65/><D100/><U131/><E131/><V0/><F83/><W102/><G102/><T99/><D99/><U127/><E127/><V2/><F2/><W57/><G57/><T129/><D129/><U77/><E77/><V97/><F82/><W49/><G49/><T115/><D115/><U38/><E38/><V91/><F91/><W94/><G94/><T52/><D56/><U73/><E73/><V90/><F90/><W96/><G96/><T76/><D76/><U86/><E86/><RYUUKYOKU ba="1,0" sc="200,0,325,0,225,0,250,0" hai0="17,23,52,55,60,62,65,66,69,70,89,92,98" hai1="7,9,10,14,15,16,19,21,25,30,31,59,63" hai2="0,6,11,12,13,22,24,41,45,48,88,95,97" hai3="18,20,27,29,34,53,54,79,81,87" /><INIT seed="1,2,0,1,5,29" ten="200,325,225,250" oya="1" hai0="10,122,45,95,116,91,127,40,19,22,62,43,48" hai1="7,83,30,33,119,1,71,75,82,135,18,69,32" hai2="129,109,113,106,112,16,3,44,105,132,120,86,46" hai3="56,20,93,0,51,15,100,64,4,55,85,81,84"/><U12/><E119/><V92/><F120/><W114/><G114/><N who="2" m="44137" /><F3/><W70/><G0/><T102/><D127/><U97/><E135/><V59/><F132/><W21/><G70/><T27/><D116/><U76/><E83/><V52/><F109/><W89/><G64/><T125/><D125/><U117/><E117/><V28/><F28/><W61/><G61/><T9/><D122/><U25/><E97/><V90/><F129/><W121/><G121/><T49/><D102/><U72/><E75/><V11/><F11/><N who="3" m="4583" /><G100/><T111/><D111/><U128/><E128/><V65/><F65/><W42/><G42/><T31/><D62/><U60/><E60/><N who="2" m="35943" /><F16/><W131/><G131/><T103/><D103/><U108/><E108/><V23/><F23/><W36/><G36/><T24/><D48/><U94/><E33/><V80/><F80/><W74/><G74/><T134/><D134/><U66/><E66/><V107/><AGARI ba="2,0" hai="44,46,86,90,92,105,106,107" m="35943,44137" machi="107" ten="40,2700,0" yaku="11,1,54,1" doraHai="29" who="2" fromWho="2" sc="200,-9,325,-15,225,33,250,-9" /><INIT seed="2,0,0,5,1,58" ten="191,310,258,241" oya="2" hai0="82,14,5,53,94,8,38,42,4,92,114,113,111" hai1="93,122,15,37,109,7,17,95,118,130,100,117,43" hai2="121,86,54,45,126,119,6,50,25,87,55,79,52" hai3="56,39,0,1,29,123,89,129,47,90,78,88,60"/><V131/><F119/><N who="1" m="45577" /><E7/><V105/><F121/><W135/><G123/><T19/><D111/><U74/><E122/><V99/><F126/><W110/><G110/><T23/><D5/><U125/><E109/><V57/><F131/><W63/><G129/><T24/><D82/><U21/><E130/><V73/><F6/><W98/><G135/><T11/><D11/><U67/><E74/><V32/><F73/><W127/><G127/><T102/><D42/><U12/><E67/><V84/><F79/><W81/><G29/><T66/><D38/><U124/><E15/><V65/><F105/><W112/><G98/><T70/><D53/><U41/><E37/><V30/><F99/><W97/><G97/><T62/><REACH who="0" step="1"/><D102/><REACH who="0" ten="181,310,258,241" step="2"/><U49/><E100/><V108/><F108/><W51/><G39/><T104/><D104/><U80/><E80/><V18/><F65/><W13/><G81/><T132/><D132/><U16/><E125/><V107/><F107/><W115/><G0/><T2/><D2/><U40/><E40/><V34/><F45/><W20/><G1/><T91/><D91/><U116/><E43/><V71/><F54/><N who="3" m="31839" /><G47/><T61/><D61/><U9/><E124/><V77/><F55/><W59/><G78/><T28/><D28/><U36/><E36/><V72/><F77/><W69/><G60/><T46/><D46/><N who="1" m="25807" /><E116/><V44/><F44/><W85/><G90/><T3/><D3/><U134/><E134/><V26/><F30/><W106/><G106/><T120/><D120/><U33/><E33/><N who="2" m="12907" /><F52/><W48/><G89/><T64/><D64/><U133/><E133/><RYUUKYOKU ba="0,1" sc="181,15,310,15,258,-15,241,-15" hai0="4,8,14,19,23,24,62,66,70,92,94,113,114" hai1="9,12,16,17,21,93,95" /><INIT seed="3,1,1,0,3,38" ten="196,325,243,226" oya="3" hai0="112,2,44,129,39,124,85,54,78,37,95,52,91" hai1="71,120,134,1,63,8,105,121,99,92,115,96,79" hai2="25,7,109,9,17,73,55,114,30,26,98,83,119" hai3="75,29,68,19,3,18,24,20,82,108,70,125,61"/><W88/><G3/><T100/><D2/><U0/><E105/><V16/><F114/><W64/><G125/><T58/><D124/><U42/><E115/><V27/><F98/><W49/><G70/><T111/><D112/><U14/><E1/><N who="2" m="239" /><F55/><W33/><G108/><T13/><D111/><U22/><E99/><V127/><F83/><W97/><G75/><T67/><D129/><U59/><E71/><V47/><F47/><W87/><G97/><T72/><D100/><U5/><E79/><V89/><F89/><W32/><REACH who="3" step="1"/><G49/><REACH who="3" ten="196,325,243,216" step="2"/><T126/><D126/><U113/><E113/><V41/><F73/><W36/><G36/><T51/><D67/><U106/><E0/><V130/><F109/><W46/><G46/><T123/><D123/><U117/><E96/><V107/><F127/><W77/><G77/><T66/><D66/><U104/><E121/><V94/><F130/><W102/><G102/><T11/><D72/><U76/><E120/><V133/><F107/><W128/><G128/><T28/><D78/><U23/><E76/><V116/><F119/><W118/><G118/><T135/><D135/><U62/><E106/><V132/><F116/><W45/><G45/><T86/><D86/><U122/><E104/><V21/><F132/><W65/><G65/><T110/><D110/><U35/><E117/><V131/><F133/><W43/><G43/><T74/><D74/><U101/><E42/><V4/><F41/><W6/><G6/><N who="0" m="3319" /><D37/><U84/><E134/><V57/><F131/><W60/><G60/><N who="0" m="35911" /><D39/><U40/><E122/><V48/><F48/><W53/><G53/><RYUUKYOKU ba="1,2" sc="196,15,325,-15,243,-15,216,15" hai0="28,44,51,54,85,91,95" hai3="18,19,20,24,29,32,33,61,64,68,82,87,88" /><INIT seed="3,2,2,3,2,103" ten="211,310,228,231" oya="3" hai0="30,135,66,25,106,123,52,39,94,24,104,119,70" hai1="124,122,47,38,16,114,42,98,113,18,105,85,129" hai2="11,112,8,13,78,108,79,34,102,83,118,75,77" hai3="40,9,84,2,86,3,10,127,63,33,50,43,67"/><W90/><G33/><T110/><D119/><U96/><E122/><V4/><F112/><W130/><G127/><T65/><D123/><U80/><E124/><V45/><F118/><W19/><G130/><T69/><D39/><U121/><E129/><V12/><F108/><W48/><G19/><T59/><D94/><U74/><E74/><V49/><F102/><W26/><G26/><T99/><D99/><U55/><E121/><V22/><F22/><W57/><G2/><T20/><D110/><U32/><E32/><V133/><F133/><W60/><G3/><T95/><D95/><U29/><E29/><V126/><F34/><W81/><G60/><T53/><D59/><U71/><E71/><V101/><F101/><W56/><G86/><T93/><D93/><U97/><E105/><V17/><F126/><W6/><G6/><T36/><D36/><U44/><E114/><V87/><REACH who="2" step="1"/><F75/><REACH who="2" ten="211,310,218,231" step="2"/><W7/><G9/><T64/><D135/><U134/><E134/><V27/><F27/><N who="0" m="10314" /><D20/><U91/><E113/><V100/><F100/><W5/><G10/><T107/><D30/><U23/><E23/><V28/><F28/><W15/><G15/><T88/><D88/><U72/><E72/><V46/><F46/><N who="3" m="25671" /><G56/><T73/><D73/><U51/><AGARI ba="2,3" hai="16,18,38,42,44,47,51,55,80,85,91,96,97,98" machi="51" ten="30,2000,0" yaku="0,1,54,1" doraHai="103" who="1" fromWho="1" sc="211,-7,310,56,218,-7,231,-12" owari="204,-29.6,366,46.6,211,-18.9,219,1.9" /></mjloggm>