<mjloggm ver="2.3"><GO type="225" lobby="0"/><UN n0="%E3%81%A1%E3%82%85%E3%81%86%E3%81%A9%E3%81%8F%E8%B1%A1%E3%81%95%E3%82%93" n1="%E3%81%AA%E3%81%A1%30%39%32%37" n2="%E3%82%82%E3%81%90%E3%82%89" n3="%E3%81%9F%E3%81%93%E2%98%86%E7%84%BC%E3%81%8D" dan="17,16,16,16" rate="2184.94,2006.22,2231.22,2103.88" sx="M,M,M,M"/><TAIKYOKU oya="0"/><INIT seed="0,0,0,0,2,135" ten="250,250,250,250" oya="0" hai0="117,79,73,62,39,129,133,70,59,44,97,110,95" hai1="33,15,109,85,19,106,124,93,64,1,56,53,18" hai2="40,57,91,46,13,71,96,50,76,72,120,78,123" hai3="25,98,63,49,134,115,35,27,82,66,125,38,11"/><T32/><D32/><U26/><E106/><V119/><F71/><W45/><G38/><T55/><D117/><U36/><E109/><V60/><F119/><W80/><G115/><T118/><D118/><U74/><E74/><V112/><F112/><W77/><G134/><T68/><D133/><U88/><E36/><V0/><F0/><W54/><G125/><T12/><D110/><U100/><E1/><V23/><F72/><W30/><G27/><T92/><D129/><U48/><E124/><V5/><F123/><W61/><G77/><T21/><D95/><U116/><E116/><V28/><F120/><W43/><G43/><T89/><D79/><U75/><E75/><V107/><F5/><W105/><G11/><T6/><D73/><U104/><E64/><N who="2" m="38927" /><F107/><W3/><G63/><T90/><D89/><U126/><E126/><V127/><F127/><W128/><G128/><T84/><D97/><U52/><E53/><V111/><F111/><W121/><G3/><T29/><D6/><U7/><E7/><V8/><F8/><W65/><G65/><T22/><D22/><U51/><E51/><V41/><F41/><W69/><REACH who="3" step="1"/><G121/><REACH who="3" ten="250,250,250,240" step="2"/><T132/><D132/><U37/><E37/><V83/><F76/><W81/><G81/><T16/><REACH who="0" step="1"/><D29/><REACH who="0" ten="240,250,250,240" step="2"/><U4/><E4/><V67/><F78/><W99/><G99/><T58/><D58/><U114/><E114/><V103/><F28/><W14/><G14/><T2/><D2/><U86/><E15/><V108/><F13/><W47/><G47/><T87/><D87/><U113/><E86/><N who="2" m="50655" /><F46/><W20/><G20/><RYUUKYOKU ba="0,2" sc="240,15,250,-15,250,-15,240,15" hai0="12,16,21,39,44,55,59,62,68,70,84,90,92" hai3="25,30,35,45,49,54,61,66,69,80,82,98,105" /><INIT seed="0,1,2,1,5,72" ten="255,235,235,255" oya="0" hai0="129,100,21,54,14,45,122,23,48,62,32,11,51" hai1="134,102,25,90,7,121,117,125,55,113,68,24,20" hai2="103,104,66,13,85,84,27,33,38,75,39,53,91" hai3="133,6,60,110,115,52,4,49,43,120,126,42,61"/><T109/><D122/><U88/><E117/><V2/><F2/><W99/><G115/><T37/><D32/><U131/><E121/><V128/><F75/><W26/><G120/><T106/><D37/><U132/><E68/><V108/><F85/><W112/><G112/><T114/><D114/><U22/><E113/><V78/><F53/><W56/><G110/><T67/><D109/><U116/><E116/><V98/><F13/><W83/><G133/><T93/><D106/><U35/><E35/><V47/><F47/><N who="3" m="27711" /><G126/><T124/><D124/><U41/><E41/><N who="3" m="15370" /><G26/><T57/><D129/><U10/><E131/><V34/><F34/><W101/><G83/><T3/><D3/><U119/><E119/><V65/><F39/><W18/><G18/><N who="0" m="8543" /><D48/><U71/><E71/><V82/><F38/><W94/><G61/><T36/><D36/><U8/><E125/><V29/><F128/><W73/><G73/><T16/><D16/><U50/><E50/><V96/><F108/><W111/><G111/><T123/><D123/><U70/><E70/><V44/><F33/><W59/><G59/><T95/><D95/><U127/><E127/><V9/><F44/><W130/><G130/><T1/><D1/><U69/><E69/><V77/><F27/><W92/><G94/><T5/><D5/><U86/><E55/><AGARI ba="1,2" hai="4,6,55,56,60,92,99,101" m="15370,27711" machi="55" ten="30,2000,0" yaku="8,1,54,1" doraHai="72" who="3" fromWho="1" sc="255,0,235,-23,235,0,255,43" /><INIT seed="1,0,0,4,5,103" ten="255,212,235,298" oya="1" hai0="21,80,29,86,68,104,89,121,5,85,33,76,37" hai1="40,23,2,82,12,30,0,116,7,81,101,36,77" hai2="123,115,83,45,66,88,4,133,53,52,110,131,100" hai3="132,109,117,18,128,34,10,51,44,42,31,32,13"/><U61/><E116/><V124/><F123/><W65/><G109/><T9/><D68/><U119/><E119/><V39/><F110/><W127/><G128/><T56/><D37/><U54/><E101/><V48/><F131/><W55/><G132/><T122/><D33/><U113/><E113/><V78/><F133/><W63/><G127/><T16/><D29/><U60/><E36/><V74/><F124/><W1/><G31/><T27/><D56/><U3/><E40/><V126/><F115/><W69/><G1/><T98/><D98/><U102/><E102/><V28/><F100/><W41/><G41/><T114/><D114/><U38/><E38/><V8/><F66/><W49/><REACH who="3" step="1"/><G117/><REACH who="3" ten="255,212,235,288" step="2"/><T71/><D122/><U97/><E30/><V50/><F28/><W94/><G94/><T19/><D121/><U135/><E135/><V87/><F126/><W106/><G106/><T26/><D104/><U129/><E0/><V43/><F39/><W91/><G91/><T108/><D108/><U130/><E2/><V93/><F50/><W11/><G11/><T59/><D9/><U118/><E3/><AGARI ba="0,1" hai="3,4,8,43,45,48,52,53,74,78,83,87,88,93" machi="3" ten="30,3900,0" yaku="7,1,54,2" doraHai="103" who="2" fromWho="1" sc="255,0,212,-39,235,49,288,0" /><INIT seed="2,0,0,0,5,27" ten="255,173,284,288" oya="2" hai0="126,94,87,5,73,113,99,111,7,63,86,67,135" hai1="6,125,109,37,130,22,57,18,54,41,64,46,49" hai2="104,36,21,93,115,9,95,100,11,105,119,90,117" hai3="20,33,132,84,38,110,4,133,26,114,70,13,83"/><V81/><F36/><W76/><G38/><T12/><D113/><U108/><E130/><V103/><F21/><W66/><G110/><T124/><D73/><U10/><E125/><N who="0" m="48233" /><D111/><U30/><E64/><V28/><F81/><W112/><G33/><T31/><D135/><N who="3" m="51785" /><G66/><T106/><D106/><U45/><E45/><V122/><F90/><W96/><G96/><T134/><D134/><U17/><E109/><V60/><F60/><W78/><G70/><N who="0" m="42367" /><D31/><U50/><E37/><V23/><F23/><W116/><G116/><T91/><D12/><U72/><E72/><V43/><F115/><N who="3" m="44075" /><G13/><T56/><D56/><U48/><E48/><V24/><F119/><W131/><G4/><AGARI ba="0,0" hai="4,5,7,86,87,91,94,99" m="42367,48233" machi="4" ten="30,1000,0" yaku="18,1" doraHai="27" who="0" fromWho="3" sc="255,10,173,0,284,0,288,-10" /><INIT seed="3,0,0,4,0,66" ten="265,173,284,278" oya="3" hai0="96,8,41,74,115,36,106,14,55,46,118,108,35" hai1="63,91,37,7,84,113,27,19,49,77,95,83,90" hai2="44,131,33,22,86,72,2,104,53,82,30,4,54" hai3="50,80,109,69,40,110,62,73,23,51,133,57,5"/><W34/><G34/><T6/><D118/><U100/><E37/><V87/><F104/><W134/><G5/><T130/><D108/><N who="3" m="41577" /><G23/><T89/><D130/><U59/><E113/><V78/><F131/><W93/><G93/><T10/><D74/><U122/><E122/><V67/><F33/><W18/><G18/><T70/><D35/><U1/><E49/><N who="3" m="18442" /><G40/><T103/><D115/><U21/><E7/><V0/><F4/><W68/><G80/><T45/><D89/><U13/><E1/><V25/><F82/><W15/><G15/><T132/><D8/><U128/><E128/><V135/><F22/><W127/><G127/><T56/><D41/><U112/><E112/><V114/><F2/><W43/><G43/><T12/><D36/><U107/><E107/><V111/><F0/><W28/><G28/><T116/><D12/><U124/><E124/><V102/><F30/><W92/><G92/><T20/><D20/><U97/><REACH who="1" step="1"/><E13/><REACH who="1" ten="265,163,284,278" step="2"/><V16/><F114/><W94/><G134/><T121/><D132/><U61/><E61/><V11/><F135/><W76/><G62/><T42/><D121/><U47/><E47/><V101/><F44/><W58/><G133/><T105/><D45/><U126/><E126/><V64/><F111/><W26/><G26/><T38/><D46/><U65/><AGARI ba="0,1" hai="19,21,27,59,63,65,77,83,84,90,91,95,97,100" machi="65" ten="20,5200,0" yaku="1,1,0,1,7,1,8,1,53,0" doraHai="66" doraHaiUra="31" who="1" fromWho="1" sc="265,-13,163,62,284,-13,278,-26" /><INIT seed="4,0,0,2,1,112" ten="252,225,271,252" oya="0" hai0="17,27,56,83,79,76,5,15,44,107,100,40,36" hai1="47,59,113,64,109,50,122,102,11,54,115,81,133" hai2="118,52,48,75,90,19,88,124,92,120,110,2,106" hai3="66,37,116,22,33,71,70,32,57,129,85,104,25"/><T62/><D107/><U63/><E102/><V98/><F110/><W135/><G85/><T13/><D100/><U82/><E109/><V74/><F120/><W77/><G66/><T130/><D130/><U0/><E122/><V14/><F2/><W4/><G22/><T105/><D105/><U24/><E133/><V125/><F118/><W45/><G57/><T91/><D5/><U26/><E11/><N who="2" m="6623" /><F90/><W128/><G25/><N who="1" m="9834" /><E0/><V18/><F18/><W97/><G45/><T12/><D91/><U10/><E10/><V86/><F98/><W23/><G23/><T43/><D43/><U101/><E101/><V3/><F3/><W41/><G41/><T20/><REACH who="0" step="1"/><D83/><REACH who="0" ten="242,225,271,252" step="2"/><N who="1" m="31755" /><E115/><V80/><F106/><W29/><G129/><T51/><D51/><N who="1" m="29055" /><E113/><V9/><F92/><W1/><G104/><T58/><D58/><U42/><E42/><V61/><F75/><W78/><G128/><T93/><D93/><U95/><E95/><V89/><F74/><W117/><G4/><T99/><D99/><U69/><E69/><V49/><F89/><W31/><G97/><T111/><D111/><U6/><E6/><V21/><F88/><W65/><G1/><T7/><D7/><U55/><E50/><V67/><F49/><W132/><G37/><T53/><AGARI ba="0,1" hai="12,13,15,17,20,27,36,40,44,53,56,62,76,79" machi="53" ten="30,3000,0" yaku="1,1,0,1,53,0" doraHai="112" doraHaiUra="134" who="0" fromWho="0" sc="242,40,225,-10,271,-10,252,-10" /><INIT seed="4,1,0,0,3,12" ten="282,215,261,242" oya="0" hai0="117,89,46,42,93,82,26,58,92,37,43,21,62" hai1="120,1,61,48,91,31,0,69,29,44,24,38,127" hai2="83,111,81,84,118,130,34,105,90,2,8,77,76" hai3="64,78,22,6,41,55,134,32,85,75,131,122,116"/><T80/><D117/><U71/><E120/><V50/><F111/><W59/><G75/><T110/><D42/><U96/><E38/><V73/><F34/><W98/><G32/><T19/><D110/><U100/><E127/><V109/><F109/><W60/><G116/><T74/><D74/><U51/><E91/><V30/><F30/><W56/><G6/><T54/><D92/><U112/><E112/><V39/><F39/><W79/><G41/><T107/><D107/><U40/><E51/><V53/><F105/><W106/><G131/><T70/><D70/><U20/><E31/><V94/><F130/><W99/><G134/><T87/><AGARI ba="1,0" hai="19,21,26,37,43,46,54,58,62,80,82,87,89,93" machi="87" ten="20,3900,0" yaku="0,1,7,1,52,1" doraHai="12" who="0" fromWho="0" sc="282,42,215,-14,261,-14,242,-14" owari="324,42.4,201,-29.9,247,4.7,228,-17.2" /></mjloggm>