<mjloggm ver="2.3"><GO type="225" lobby="0"/><UN n0="%E3%82%82%E3%81%90%E3%82%89" n1="%E9%9D%92%E5%AD%A6%E9%9D%9E%E3%83%AA%E3%82%A2%E5%8B%A2" n2="%E3%81%95%E3%81%8D%E3%81%9F%E3%81%BE%E6%9E%97%E6%AA%8E" n3="%E9%80%9F%E6%B0%B4%E5%87%9B%E9%A6%99" dan="17,16,16,16" rate="2192.71,2077.14,2129.43,2139.90" sx="F,M,M,F"/><TAIKYOKU oya="0"/><INIT seed="0,0,0,3,1,120" ten="250,250,250,250" oya="0" hai0="56,59,3,127,128,31,74,116,114,15,54,8,67" hai1="62,6,13,82,21,50,68,106,94,87,122,113,0" hai2="71,14,32,98,133,33,69,86,30,26,76,55,119" hai3="44,93,131,19,103,129,41,52,90,25,130,34,57"/><T121/><D121/><U84/><E122/><V104/><F133/><W125/><G103/><T124/><D116/><U97/><E106/><V63/><F119/><W7/><G7/><T35/><D114/><U135/><E135/><V85/><F33/><W1/><G1/><T107/><D74/><U89/><E113/><V48/><F14/><W110/><G125/><N who="0" m="48203" /><D107/><U132/><E132/><V46/><F76/><W64/><G64/><T47/><D128/><U11/><E50/><V27/><F27/><W101/><G101/><T72/><D72/><U100/><E84/><V23/><F23/><W20/><G34/><T126/><D67/><U38/><E38/><V65/><REACH who="2" step="1"/><F69/><REACH who="2" ten="250,250,240,250" step="2"/><W81/><G25/><N who="0" m="18927" /><D3/><U70/><E0/><V60/><F60/><W10/><G20/><T78/><D78/><U95/><E62/><V102/><AGARI ba="0,1" hai="26,30,32,46,48,55,63,65,71,85,86,98,102,104" machi="102" ten="30,8000,1" yaku="1,1,0,1,25,2,53,1" doraHai="120" doraHaiUra="43" who="2" fromWho="2" sc="250,-40,250,-20,240,90,250,-20" /><INIT seed="1,0,0,1,2,88" ten="210,230,330,230" oya="1" hai0="14,16,112,33,22,40,97,45,24,129,9,126,21" hai1="92,15,7,80,70,64,46,96,53,115,131,19,125" hai2="27,37,29,83,75,85,124,117,66,67,35,42,74" hai3="68,121,39,122,114,130,23,123,119,1,3,18,79"/><U111/><E125/><V93/><F117/><W61/><G79/><T94/><D112/><U73/><E115/><V108/><F108/><W25/><G39/><T8/><D129/><U101/><E131/><V71/><F124/><W59/><G68/><T12/><D33/><U54/><E111/><V113/><F113/><W56/><G114/><T11/><D126/><U84/><E73/><V128/><F128/><W26/><G130/><T49/><REACH who="0" step="1"/><D22/><REACH who="0" ten="200,230,330,230" step="2"/><U78/><E7/><V91/><F35/><W44/><G119/><T4/><D4/><U120/><E120/><V63/><F75/><W89/><G122/><T87/><D87/><U86/><E84/><V51/><F85/><W118/><G123/><T30/><D30/><U36/><E36/><V32/><F29/><W76/><G121/><T6/><D6/><U38/><E38/><V41/><F32/><W28/><G118/><T105/><D105/><U109/><E109/><V5/><F5/><W69/><G28/><T10/><N who="0" m="2048" /><DORA hai="135" /><T116/><D116/><U104/><E104/><V48/><F74/><W98/><G23/><T72/><D72/><U20/><REACH who="1" step="1"/><E46/><REACH who="1" ten="200,220,330,230" step="2"/><V62/><F37/><W132/><G44/><T107/><D107/><U13/><E13/><V58/><F27/><W65/><G26/><T103/><AGARI ba="0,2" hai="12,14,16,21,24,40,45,49,94,97,103" m="2048" machi="103" ten="40,8000,1" yaku="1,1,0,1,8,1,52,1,54,1,53,0" doraHai="88,135" doraHaiUra="50,55" who="0" fromWho="0" sc="200,100,220,-40,330,-20,230,-20" /><INIT seed="2,0,0,0,0,105" ten="300,180,310,210" oya="2" hai0="117,23,77,135,84,1,0,126,128,60,106,95,76" hai1="103,114,10,125,40,32,121,101,64,13,51,53,69" hai2="57,97,26,110,85,120,45,8,127,36,66,43,63" hai3="91,55,119,118,122,61,86,111,104,68,72,80,93"/><V16/><F120/><W70/><G122/><T58/><D106/><U9/><E114/><V79/><F127/><W113/><G104/><T65/><D126/><U87/><E125/><V2/><F110/><W7/><G111/><T98/><D128/><U35/><E121/><V3/><F97/><W18/><G113/><T89/><D135/><U134/><E134/><V30/><F79/><W20/><G7/><T107/><D117/><U71/><E40/><V33/><REACH who="2" step="1"/><F85/><REACH who="2" ten="300,180,300,210" step="2"/><W5/><G119/><T49/><D76/><U19/><E87/><V56/><F56/><W109/><G118/><T67/><D77/><U14/><E69/><V17/><F17/><W92/><G109/><T62/><D84/><U59/><E71/><V46/><F46/><W133/><G68/><T108/><D108/><U4/><REACH who="1" step="1"/><E64/><REACH who="1" ten="300,170,300,210" step="2"/><V47/><F47/><W15/><G70/><T83/><D67/><U82/><E82/><V100/><F100/><AGARI ba="0,2" hai="4,9,10,13,14,19,32,35,51,53,59,100,101,103" machi="100" ten="40,2600,0" yaku="1,1,53,1" doraHai="105" doraHaiUra="48" who="1" fromWho="2" sc="300,0,170,46,300,-26,210,0" /><INIT seed="3,0,0,3,3,40" ten="300,216,274,210" oya="3" hai0="121,34,31,49,21,92,114,117,78,5,67,101,134" hai1="43,105,69,118,77,19,106,91,30,102,98,112,128" hai2="96,59,20,44,51,83,65,8,127,28,70,25,94" hai3="0,104,47,64,76,15,35,53,16,125,13,63,130"/><W46/><G0/><T113/><D121/><U10/><E112/><N who="0" m="43113" /><D134/><U38/><E69/><V82/><F70/><W133/><G35/><T86/><D117/><U99/><E128/><V132/><F132/><W4/><G104/><T115/><D67/><U57/><E77/><V110/><F110/><W54/><G133/><T66/><D66/><U75/><E75/><V24/><F24/><W116/><G116/><T100/><D115/><U17/><E19/><V109/><F109/><W81/><G130/><T45/><D5/><U119/><E17/><V56/><F56/><N who="3" m="36967" /><G125/><T22/><D34/><U80/><E57/><V79/><F79/><W108/><G108/><T74/><D74/><U62/><E105/><V124/><F8/><N who="3" m="4231" /><G81/><N who="0" m="47415" /><D92/><U11/><E106/><V97/><F127/><W42/><G76/><T93/><D93/><U14/><E118/><V88/><F124/><W129/><G129/><T87/><D87/><U18/><E119/><V27/><F97/><W48/><G47/><T120/><D120/><U85/><E99/><V3/><F3/><W33/><G33/><T41/><D22/><AGARI ba="0,0" hai="15,16,22,42,46,48,53,54" m="4231,36967" machi="22" ten="30,5800,0" yaku="8,1,52,1,54,1" doraHai="40" who="3" fromWho="0" sc="300,-58,216,0,274,0,210,58" /><INIT seed="3,1,0,5,0,42" ten="242,216,274,268" oya="3" hai0="43,135,62,84,103,104,86,60,75,129,101,25,33" hai1="56,71,131,31,49,19,41,30,111,44,8,107,121" hai2="63,93,6,35,51,70,50,37,14,78,26,87,17" hai3="79,98,46,2,18,4,97,23,74,120,45,115,132"/><W119/><G115/><T83/><D75/><U1/><E111/><V82/><F37/><W89/><G120/><T16/><D104/><U122/><E131/><V5/><F70/><W108/><G119/><T81/><D135/><U12/><E71/><V110/><F110/><W36/><G132/><T34/><D43/><U94/><E107/><V67/><F35/><W69/><G69/><T9/><D129/><U58/><E1/><V65/><F26/><W96/><G89/><T48/><D48/><U95/><E121/><V117/><F117/><W91/><G91/><T64/><D64/><U105/><E105/><V85/><F67/><W127/><G127/><T99/><D99/><U57/><REACH who="1" step="1"/><E122/><REACH who="1" ten="242,206,274,268" step="2"/><V28/><F65/><W124/><G108/><T113/><D113/><U59/><N who="1" m="14336" /><DORA hai="100" /><U53/><E53/><V123/><F123/><W29/><G124/><T39/><D62/><U21/><E21/><V7/><F63/><W15/><G2/><T72/><D60/><U112/><E112/><V32/><F32/><W118/><G23/><T128/><D34/><U90/><E90/><N who="2" m="53455" /><F28/><AGARI ba="1,1" hai="8,12,19,28,30,31,41,44,49,94,95" m="14336" machi="28" ten="50,6400,0" yaku="1,1,8,1,52,1,53,0" doraHai="42,100" doraHaiUra="133,126" who="1" fromWho="2" sc="242,0,206,77,274,-67,268,0" /><INIT seed="4,0,0,0,2,54" ten="242,283,207,268" oya="0" hai0="70,87,65,14,23,63,68,69,30,75,37,52,46" hai1="84,7,26,129,102,101,93,61,20,9,36,78,62" hai2="10,21,48,49,96,116,5,114,38,34,0,45,76" hai3="25,71,41,91,124,33,74,83,134,50,118,31,15"/><T130/><D75/><U29/><E129/><V51/><F114/><W28/><G71/><T115/><D115/><U2/><E36/><V117/><F34/><W79/><G118/><N who="2" m="45673" /><F76/><W35/><G134/><T106/><D106/><U113/><E113/><V43/><F21/><W18/><G124/><T100/><D100/><U131/><E131/><V16/><F96/><W119/><G119/><T8/><D130/><U47/><E47/><N who="2" m="24055" /><F16/><W27/><G91/><T3/><D87/><U4/><E84/><V103/><F103/><W109/><G109/><T81/><D81/><U104/><E78/><V127/><F127/><W73/><G73/><T85/><D85/><U44/><E102/><V111/><F111/><W90/><G90/><T1/><D30/><U97/><E104/><V17/><F17/><W110/><G110/><T86/><D86/><U82/><E82/><V135/><F135/><W112/><G112/><T11/><D11/><U108/><E108/><V13/><F13/><W122/><G122/><T19/><D3/><U125/><E125/><V88/><F45/><N who="3" m="25903" /><G18/><T66/><D23/><U126/><E44/><V120/><F120/><W94/><G15/><T121/><D1/><N who="1" m="143" /><E126/><V98/><F98/><W77/><G77/><T59/><D121/><U107/><E107/><V64/><F64/><W42/><G94/><T32/><D32/><U105/><E105/><V133/><F133/><W95/><G95/><T89/><D89/><AGARI ba="0,0" hai="0,5,10,48,49,51,88,89" m="24055,45673" machi="89" ten="30,2000,0" yaku="12,1,54,1" doraHai="54" who="2" fromWho="0" sc="242,-20,283,0,207,20,268,0" /><INIT seed="5,0,0,4,2,105" ten="222,283,227,268" oya="1" hai0="103,73,83,82,32,62,51,68,93,47,88,133,123" hai1="131,114,135,91,26,79,66,52,107,134,49,19,35" hai2="44,0,109,8,7,14,110,126,56,23,129,69,113" hai3="25,78,21,50,71,98,4,81,74,9,45,55,46"/><U30/><E114/><V15/><F69/><W22/><G71/><T132/><D32/><U96/><E131/><V111/><F44/><W121/><G121/><T2/><D2/><U59/><E79/><V27/><F56/><W20/><G98/><N who="0" m="57639" /><D103/><N who="1" m="62951" /><E19/><N who="2" m="12799" /><F129/><W5/><G5/><T116/><D116/><U65/><E91/><V90/><F90/><W70/><G70/><T18/><D18/><U63/><E63/><V120/><F120/><W40/><G25/><T48/><D123/><U95/><E95/><V128/><F128/><W12/><REACH who="3" step="1"/><G22/><REACH who="3" ten="222,283,227,258" step="2"/><T104/><D104/><U64/><E26/><V115/><F126/><W10/><G10/><T89/><D89/><U58/><E35/><V80/><F80/><W1/><G1/><T61/><D68/><U102/><E134/><N who="0" m="51817" /><D83/><U24/><E135/><V127/><F127/><W117/><G117/><T100/><D100/><U37/><E102/><V13/><AGARI ba="0,1" hai="0,7,8,13,14,15,109,110,111,113,115" m="12799" machi="13" ten="40,2700,0" yaku="34,2" doraHai="105" who="2" fromWho="2" sc="222,-7,283,-13,227,37,258,-7" /><INIT seed="6,0,0,4,3,36" ten="215,270,264,251" oya="2" hai0="21,79,111,72,86,35,11,112,135,65,38,74,97" hai1="20,84,96,15,51,48,13,91,127,26,88,49,16" hai2="114,34,121,106,8,125,45,95,43,103,14,134,94" hai3="60,23,27,39,3,33,89,64,24,120,6,61,81"/><V41/><F121/><W55/><G39/><T92/><D111/><U109/><E127/><V37/><F34/><W93/><G81/><T105/><D35/><U76/><E109/><V78/><F78/><W110/><G110/><T25/><D112/><U70/><E70/><V62/><F106/><W66/><G6/><T77/><D135/><U82/><E96/><V118/><F118/><W7/><G7/><T30/><D38/><U58/><E58/><V42/><F134/><W90/><G3/><T67/><D105/><U50/><E48/><N who="2" m="26671" /><F125/><W17/><G120/><T19/><D74/><U132/><E132/><V63/><F37/><W87/><G33/><T2/><D72/><U18/><E26/><V99/><F95/><W108/><G108/><T104/><D104/><U117/><E117/><V1/><F1/><W56/><G24/><T57/><D86/><U52/><E52/><V10/><F10/><AGARI ba="0,0" hai="10,13,15,16,18,20,49,50,51,76,82,84,88,91" machi="10" ten="40,5200,0" yaku="8,1,54,2" doraHai="36" who="1" fromWho="2" sc="215,0,270,52,264,-52,251,0" owari="215,-18.5,322,42.2,212,-28.8,251,5.1" /></mjloggm>