<mjloggm ver="2.3"><GO type="225" lobby="0"/><UN n0="%E3%81%AF%E3%82%88%E3%81%8A%E3%81%98%E3%81%95%E3%82%93" n1="%E3%81%B2%E3%81%AA%E3%81%AE%E3%82%8A%E3%81%8F" n2="%E6%98%93%E5%88%A9%E8%96%A9%E4%BC%AF" n3="%4C%4F%4C%49%54%41" dan="17,17,16,16" rate="2155.25,2143.80,2065.57,2184.35" sx="M,M,F,F"/><TAIKYOKU oya="0"/><INIT seed="0,0,0,3,3,77" ten="250,250,250,250" oya="0" hai0="128,37,50,5,24,25,119,129,52,90,8,2,74" hai1="27,101,107,110,98,49,71,45,109,96,23,22,54" hai2="30,3,38,111,97,43,1,68,123,135,10,124,117" hai3="115,63,32,13,87,72,94,75,12,70,134,78,65"/><T11/><D37/><U46/><E71/><V121/><F68/><W113/><G32/><T83/><D119/><U51/><E98/><V104/><F111/><W40/><G134/><T112/><D112/><U76/><E76/><V105/><F117/><W92/><G40/><T15/><D74/><U0/><E0/><V59/><F124/><W116/><G116/><T57/><D90/><U41/><REACH who="1" step="1"/><E23/><REACH who="1" ten="250,240,250,250" step="2"/><V53/><F97/><W81/><G113/><T127/><D127/><U14/><E14/><V114/><F3/><W47/><G115/><T36/><D129/><U35/><E35/><V7/><F1/><W29/><G12/><T48/><D128/><U80/><E80/><V84/><F114/><W120/><G13/><T33/><D33/><U89/><E89/><V125/><F125/><W61/><G78/><T20/><D83/><U79/><E79/><V91/><F91/><W60/><G70/><T130/><D130/><U42/><E42/><V66/><F43/><W62/><G81/><T56/><D20/><U126/><E126/><V108/><F84/><W82/><G82/><T4/><D36/><U19/><AGARI ba="0,1" hai="19,22,27,41,45,46,49,51,54,96,101,107,109,110" machi="19" ten="30,4000,0" yaku="1,1,0,1,53,1" doraHai="77" doraHaiUra="99" who="1" fromWho="1" sc="250,-20,240,50,250,-10,250,-10" /><INIT seed="1,0,0,3,1,45" ten="230,290,240,240" oya="1" hai0="85,24,127,63,111,81,79,75,19,124,56,95,91" hai1="89,68,20,55,2,86,47,72,109,118,23,133,18" hai2="90,117,128,42,53,77,126,1,99,32,120,80,4" hai3="82,122,21,35,105,38,71,114,12,15,88,5,134"/><U94/><E118/><V121/><F117/><W104/><G35/><T11/><D111/><U54/><E72/><V30/><F126/><W43/><G71/><T69/><D69/><U64/><E2/><V83/><F42/><W101/><G122/><T3/><D24/><U51/><E133/><V131/><F30/><W66/><G114/><T28/><D28/><U78/><E78/><V36/><F32/><W106/><G66/><T33/><D33/><U37/><E37/><V70/><F70/><W41/><G134/><T40/><D40/><U60/><E109/><V135/><F36/><W73/><G101/><T9/><D19/><U74/><E74/><V84/><F4/><W16/><G38/><T13/><D3/><U27/><REACH who="1" step="1"/><E23/><REACH who="1" ten="230,280,240,240" step="2"/><V87/><F1/><W29/><G73/><T31/><D127/><U50/><E50/><V125/><F125/><W116/><G116/><T115/><D124/><U26/><E26/><V100/><F135/><W10/><REACH who="3" step="1"/><G29/><REACH who="3" ten="230,280,240,230" step="2"/><T8/><D31/><U92/><E92/><V44/><F120/><W107/><N who="3" m="26624" /><DORA hai="98" /><W112/><G112/><T46/><D115/><U52/><AGARI ba="0,2" hai="18,20,27,47,51,52,54,55,60,64,68,86,89,94" machi="52" ten="20,18000,2" yaku="1,1,0,1,7,1,52,1,54,1,53,1" doraHai="45,98" doraHaiUra="119,58" who="1" fromWho="1" sc="230,-60,280,200,240,-60,230,-60" /><INIT seed="1,1,0,4,5,60" ten="170,480,180,170" oya="1" hai0="19,94,70,30,71,61,132,73,51,98,35,135,74" hai1="118,89,29,65,114,59,130,101,81,93,45,128,20" hai2="115,9,110,21,12,28,44,79,88,7,58,27,75" hai3="8,117,106,99,56,126,36,22,39,77,76,72,113"/><U49/><E114/><V127/><F115/><W46/><G113/><T42/><D19/><U84/><E118/><V122/><F110/><W120/><G120/><T54/><D42/><U105/><E105/><V103/><F127/><W116/><G126/><T0/><D0/><U47/><E47/><V48/><F103/><N who="3" m="62847" /><G22/><T64/><D70/><U2/><E2/><V57/><F122/><W131/><G131/><T18/><D18/><U52/><E29/><V129/><F129/><W26/><G26/><T96/><D96/><U38/><E38/><N who="3" m="14378" /><G72/><T16/><D16/><U97/><E20/><V23/><F23/><W66/><G46/><T31/><D74/><U134/><E134/><N who="0" m="51241" /><D73/><U5/><E5/><V95/><F79/><W109/><G8/><T1/><D1/><U10/><E10/><V11/><F75/><W124/><G109/><T112/><D35/><U121/><E121/><V108/><F11/><W37/><G37/><T102/><D112/><U25/><E25/><V14/><F14/><W107/><G124/><T3/><D3/><U85/><E85/><N who="2" m="52623" /><F108/><W123/><G123/><T53/><D53/><AGARI ba="1,0" hai="7,9,12,21,27,28,44,48,53,57,58" m="52623" machi="53" ten="30,2000,0" yaku="8,1,54,1" doraHai="60" who="2" fromWho="0" sc="170,-23,480,0,180,23,170,0" /><INIT seed="2,0,0,4,3,88" ten="147,480,203,170" oya="2" hai0="48,3,133,125,101,70,81,68,78,8,97,75,0" hai1="108,118,14,43,27,89,5,36,109,23,15,32,53" hai2="56,44,100,41,25,58,98,21,38,50,29,123,4" hai3="121,106,67,134,1,112,13,22,87,71,65,19,9"/><V130/><F123/><W45/><G121/><T33/><D125/><U6/><E32/><V64/><F130/><W128/><G106/><N who="0" m="63791" /><D48/><U114/><E36/><V120/><F120/><W93/><G134/><T42/><D133/><U31/><E43/><V59/><F38/><W11/><G128/><T37/><D33/><U131/><E118/><V40/><F4/><W132/><G132/><T129/><D129/><U116/><E116/><V95/><REACH who="2" step="1"/><F41/><REACH who="2" ten="147,480,193,170" step="2"/><W119/><G119/><T62/><D0/><U16/><E6/><V61/><AGARI ba="0,1" hai="21,25,29,40,44,50,56,58,59,61,64,95,98,100" machi="61" ten="30,24000,3" yaku="1,1,2,1,0,1,25,2,8,1,52,1,53,1" doraHai="88" doraHaiUra="99" who="2" fromWho="2" sc="147,-80,480,-80,193,250,170,-80" /><INIT seed="2,1,0,3,2,36" ten="67,400,443,90" oya="2" hai0="71,49,77,41,98,119,8,67,51,34,15,59,97" hai1="99,104,114,85,126,73,128,94,26,1,109,62,134" hai2="28,58,81,40,7,76,133,96,17,125,93,116,42" hai3="75,84,130,86,48,39,121,132,32,54,53,111,33"/><V9/><F116/><W19/><G121/><T66/><D34/><U70/><RYUUKYOKU type="yao9" ba="1,0" sc="67,0,400,0,443,0,90,0" hai1="1,26,62,70,73,85,94,99,104,109,114,126,128,134" /><INIT seed="2,2,0,3,5,39" ten="67,400,443,90" oya="2" hai0="6,35,14,32,92,64,70,59,119,83,18,34,38" hai1="124,2,23,104,109,72,15,82,21,46,68,61,42" hai2="114,31,43,103,12,111,22,16,60,13,52,33,123" hai3="74,84,99,107,44,4,26,81,87,77,58,90,11"/><V51/><F114/><W120/><G120/><T28/><D70/><U20/><E104/><V112/><F112/><W56/><G26/><T129/><D38/><U127/><E2/><V36/><F123/><W66/><G66/><T10/><D129/><U135/><E109/><V73/><F73/><W93/><G44/><T62/><D119/><U17/><E135/><V50/><F36/><W125/><G125/><N who="1" m="48202" /><E68/><V65/><F111/><W106/><G84/><T97/><D83/><U98/><E98/><V105/><F43/><W108/><G107/><T110/><D110/><U29/><E61/><V71/><F13/><N who="3" m="5351" /><G108/><T54/><D64/><U0/><E29/><V131/><F131/><W116/><G116/><T85/><D85/><U9/><E0/><V128/><F128/><W91/><G91/><T101/><REACH who="0" step="1"/><D28/><REACH who="0" ten="57,400,443,90" step="2"/><U49/><E82/><V89/><F65/><W94/><G94/><T27/><D27/><U102/><E72/><V122/><F71/><W67/><G67/><T41/><D41/><U1/><E1/><V30/><F30/><W115/><G115/><T86/><D86/><U79/><E79/><V80/><F31/><W96/><G96/><T133/><D133/><U76/><E76/><V113/><F113/><W55/><G55/><T37/><D37/><U8/><E102/><AGARI ba="2,1" hai="56,58,74,77,81,87,90,93,99,102,106" m="5351" machi="102" ten="30,1000,0" yaku="24,1" doraHai="39" who="3" fromWho="1" sc="57,0,400,-16,443,0,90,26" /><INIT seed="3,0,0,5,5,125" ten="57,384,443,116" oya="3" hai0="82,32,1,91,81,40,103,119,52,55,68,105,92" hai1="28,99,57,42,7,85,37,16,110,38,58,27,86" hai2="63,98,79,106,44,65,121,50,64,122,54,130,129" hai3="101,13,77,46,70,23,113,62,24,9,108,67,127"/><W128/><G113/><T72/><D119/><U131/><E7/><V10/><F79/><W89/><G127/><T21/><D32/><U45/><E38/><V94/><F106/><W117/><G117/><T126/><D126/><U104/><E110/><V97/><F10/><W107/><G77/><T0/><D68/><U87/><E28/><V118/><F98/><W29/><G89/><T90/><D40/><U59/><E104/><V30/><F30/><W60/><G60/><T20/><D105/><U71/><E71/><N who="2" m="42399" /><F65/><W12/><G9/><T41/><D41/><U34/><E34/><V8/><F8/><W5/><G67/><T120/><D103/><U83/><E99/><V132/><F132/><W11/><G11/><T102/><D102/><U76/><REACH who="1" step="1"/><E131/><REACH who="1" ten="57,374,443,116" step="2"/><N who="2" m="50187" /><F118/><W14/><G128/><T96/><D96/><U43/><E43/><V35/><F35/><W61/><G29/><T56/><D72/><U111/><E111/><V33/><F33/><W15/><G108/><T47/><D120/><U109/><E109/><V25/><F97/><W78/><G107/><T133/><D133/><U36/><E36/><V112/><F122/><W124/><G124/><T39/><D39/><U17/><E17/><V3/><F121/><W123/><G123/><T93/><REACH who="0" step="1"/><D56/><REACH who="0" ten="47,374,443,116" step="2"/><U116/><E116/><V75/><F75/><W134/><G134/><T49/><D49/><U4/><E4/><V84/><F50/><W19/><G5/><T6/><D6/><U18/><E18/><V115/><F115/><W95/><G70/><T53/><D53/><U22/><AGARI ba="0,2" hai="16,22,27,37,42,45,57,58,59,76,83,85,86,87" machi="22" ten="30,12000,2" yaku="1,1,0,1,54,1,53,3" doraHai="125" doraHaiUra="80" who="1" fromWho="1" sc="47,-30,374,140,443,-30,116,-60" owari="17,-48.3,514,61.4,413,21.3,56,-34.4" /></mjloggm>