<mjloggm ver="2.3"><GO type="225" lobby="0"/><UN n0="%E3%81%8B%E3%82%8F%E3%81%A1%E3%82%83%E3%82%93%35%38" n1="%E6%A0%B9%E5%85%83%E3%81%8B%E3%82%89%E5%90%B9%E3%81%A3%E9%A3%9B%E3%81%B6" n2="%E4%BF%BA%E3%81%A8%E5%A6%96%E5%A4%A2" n3="%E9%80%9F%E6%B0%B4%E5%87%9B%E9%A6%99" dan="16,16,17,17" rate="2105.87,2179.47,2208.53,2158.12" sx="M,F,F,F"/><TAIKYOKU oya="0"/><INIT seed="0,0,0,2,2,79" ten="250,250,250,250" oya="0" hai0="32,24,14,28,34,119,120,99,84,90,122,1,41" hai1="70,54,7,112,117,17,73,72,127,125,107,78,30" hai2="44,131,38,27,91,49,75,82,77,85,26,59,69" hai3="57,16,9,15,71,5,40,63,101,51,83,100,128"/><T18/><D119/><U98/><E117/><V31/><F69/><W36/><G36/><T89/><D32/><U45/><E112/><V133/><F133/><W35/><G128/><T93/><D41/><U67/><E30/><V134/><F134/><W109/><G35/><T53/><D53/><U21/><E7/><V2/><F131/><W94/><G71/><T118/><D1/><U65/><E107/><V47/><F2/><W39/><G39/><T74/><D74/><U129/><E98/><V52/><F38/><W12/><G109/><T105/><D118/><U3/><E3/><V22/><REACH who="2" step="1"/><F27/><REACH who="2" ten="250,250,240,250" step="2"/><W115/><G115/><T106/><D122/><U88/><E70/><V58/><F58/><W130/><G130/><T103/><D120/><U33/><E129/><V0/><F0/><W4/><G57/><T104/><REACH who="0" step="1"/><D90/><REACH who="0" ten="240,250,240,250" step="2"/><U114/><E88/><V62/><F62/><W29/><G63/><T42/><D42/><U95/><E114/><V6/><F6/><W10/><G4/><T113/><D113/><U92/><E127/><V121/><F121/><W126/><G126/><T96/><D96/><U64/><E125/><V56/><F56/><W111/><G40/><T102/><D102/><U116/><E116/><V86/><F86/><W97/><G100/><T76/><D76/><U80/><E73/><V20/><F20/><AGARI ba="0,2" hai="14,18,20,24,28,34,84,89,93,99,103,104,105,106" machi="20" ten="30,5800,0" yaku="1,1,7,1,53,1" doraHai="79" doraHaiUra="25" who="0" fromWho="2" sc="240,78,250,0,240,-58,250,0" /><INIT seed="0,1,0,3,5,23" ten="318,250,182,250" oya="0" hai0="43,80,128,4,50,113,97,28,130,86,94,100,51" hai1="10,69,5,132,125,12,67,129,115,102,27,89,121" hai2="55,58,95,20,13,29,31,36,1,63,22,134,104" hai3="44,3,79,76,18,103,105,92,85,99,101,87,37"/><T78/><D113/><U107/><E121/><V109/><F104/><W30/><G18/><T53/><D4/><U19/><E125/><V60/><F1/><W6/><G30/><T21/><D43/><U47/><E129/><N who="0" m="49769" /><D53/><U9/><E132/><V84/><F109/><W73/><G44/><T61/><D61/><U46/><E102/><V52/><F36/><W119/><G6/><T59/><D59/><U17/><E107/><V110/><F110/><W126/><G3/><T112/><D112/><U90/><E69/><V32/><F134/><W91/><G37/><T127/><D127/><U118/><E67/><V65/><F32/><W82/><G126/><T123/><D123/><U24/><E118/><V62/><F65/><W71/><G71/><T38/><D38/><U106/><E106/><V25/><F55/><W57/><G57/><T124/><D124/><U0/><E115/><V39/><F39/><W96/><G119/><T133/><D133/><U8/><E0/><V93/><F84/><N who="3" m="32331" /><G79/><T135/><D135/><U88/><E5/><V120/><F120/><W26/><G26/><AGARI ba="1,0" hai="21,26,28,50,51,78,80,86,94,97,100" m="49769" machi="26" ten="30,2900,0" yaku="19,1,52,1" doraHai="23" who="0" fromWho="3" sc="318,32,250,0,182,0,250,-32" /><INIT seed="0,2,0,1,5,42" ten="350,250,182,218" oya="0" hai0="22,106,21,81,56,128,97,69,100,53,20,95,108" hai1="10,36,47,41,57,48,49,64,60,66,125,72,96" hai2="85,132,6,133,99,131,62,98,102,34,124,7,75" hai3="135,107,32,88,67,25,14,50,26,33,134,17,121"/><T103/><D69/><N who="1" m="42119" /><E72/><V119/><F75/><W86/><G67/><T45/><D128/><U120/><E96/><V58/><F34/><W39/><G39/><T127/><D127/><U111/><E10/><V43/><F131/><W52/><G107/><T82/><D108/><U84/><E84/><V30/><F30/><W16/><G17/><T112/><D112/><U29/><E29/><V92/><F124/><W78/><G78/><T80/><D106/><U54/><E111/><V87/><F43/><W63/><G63/><N who="0" m="36239" /><D103/><U76/><E76/><V55/><F119/><W91/><G91/><T79/><D79/><U23/><E23/><V15/><F99/><W71/><G71/><T37/><D37/><U2/><E2/><V126/><F126/><W28/><G121/><T8/><D8/><U68/><E120/><V61/><F61/><W19/><G33/><T44/><AGARI ba="2,0" hai="20,21,22,44,45,80,81,82,95,97,100" m="36239" machi="44" ten="40,7800,0" yaku="8,1,52,2" doraHai="42" who="0" fromWho="0" sc="350,84,250,-28,182,-28,218,-28" /><INIT seed="0,3,0,1,2,3" ten="434,222,154,190" oya="0" hai0="101,54,37,8,120,88,132,64,67,35,47,89,9" hai1="28,50,7,86,19,121,87,34,70,95,0,55,124" hai2="85,77,43,48,49,105,13,130,116,24,32,80,114" hai3="128,18,125,59,42,44,41,1,83,90,104,12,17"/><T10/><D35/><U106/><E121/><V135/><F114/><W71/><G104/><T27/><D120/><U99/><E70/><V61/><F130/><W46/><G71/><T74/><D74/><U6/><E106/><V92/><F105/><W76/><G1/><T29/><D101/><U36/><E36/><V33/><F135/><W30/><G30/><T118/><D118/><U22/><E0/><V40/><F116/><W69/><G69/><T58/><D132/><U113/><E28/><V100/><F61/><W122/><G128/><T134/><D134/><U117/><E34/><V79/><F24/><W21/><G125/><T20/><D47/><N who="3" m="17961" /><G76/><T91/><REACH who="0" step="1"/><D37/><REACH who="0" ten="424,222,154,190" step="2"/><U31/><E117/><V14/><F33/><W38/><G38/><T109/><D109/><U96/><E113/><V84/><F32/><W56/><G122/><T102/><D102/><U75/><E75/><V98/><F43/><W94/><G41/><T107/><D107/><U66/><E124/><V78/><F40/><W65/><G42/><T131/><D131/><U57/><E66/><V25/><F100/><W23/><G65/><T126/><D126/><U62/><E55/><V51/><F80/><W115/><G83/><T110/><D110/><U39/><E39/><V112/><F112/><W72/><G115/><T45/><D45/><U60/><E95/><V129/><F129/><W127/><G72/><T53/><D53/><U133/><E133/><V15/><F92/><W4/><G127/><T11/><N who="0" m="2048" /><DORA hai="93" /><T5/><D5/><U111/><E111/><V81/><F81/><W119/><G94/><RYUUKYOKU ba="3,1" sc="424,30,222,-10,154,-10,190,-10" hai0="20,27,29,54,58,64,67,88,89,91" /><INIT seed="0,4,1,2,1,128" ten="454,212,144,180" oya="0" hai0="29,16,62,37,6,77,34,54,120,13,124,93,88" hai1="85,56,46,66,122,20,126,104,28,95,115,38,43" hai2="111,57,3,8,5,87,108,106,119,47,53,90,64" hai3="68,76,23,121,48,81,110,1,130,113,131,33,24"/><T92/><D120/><U15/><E122/><V132/><F106/><W117/><G1/><T103/><D37/><U105/><E126/><V69/><F119/><W75/><G68/><T82/><D34/><U125/><E125/><V0/><F0/><W30/><G121/><T98/><D124/><U4/><E115/><V134/><F47/><W31/><G117/><T2/><D2/><U17/><E28/><V109/><F64/><W60/><G113/><T99/><D29/><U100/><E4/><V65/><F65/><W114/><G114/><T22/><D6/><U86/><E86/><V21/><F21/><W97/><G110/><T32/><D32/><U44/><E44/><V129/><F69/><W55/><G60/><T35/><D35/><U107/><E85/><V26/><F26/><W78/><G78/><T123/><D123/><U101/><E95/><N who="2" m="54751" /><F129/><N who="3" m="49163" /><G97/><T59/><D82/><U89/><E89/><V9/><F9/><W36/><G36/><T39/><D39/><U52/><REACH who="1" step="1"/><E66/><REACH who="1" ten="454,202,144,180" step="2"/><V127/><F127/><W14/><G33/><T96/><D96/><U50/><AGARI ba="4,2" hai="15,17,20,38,43,46,50,52,56,100,101,104,105,107" machi="50" ten="30,7900,0" yaku="1,1,2,1,0,1,54,1,53,0" doraHai="128" doraHaiUra="112" who="1" fromWho="1" sc="454,-43,202,111,144,-24,180,-24" /><INIT seed="1,0,0,3,4,97" ten="411,313,120,156" oya="1" hai0="121,130,47,126,94,122,129,67,44,36,24,69,107" hai1="112,79,65,135,42,74,17,133,22,111,48,56,33" hai2="119,61,52,63,6,124,80,29,38,127,14,72,46" hai3="10,35,30,28,43,4,49,54,100,7,76,95,2"/><U86/><E112/><V31/><F119/><W40/><G35/><T91/><D107/><U128/><E33/><V114/><F114/><W120/><G76/><T75/><D75/><U34/><E34/><V132/><F132/><W70/><G70/><T53/><D126/><N who="2" m="48170" /><F72/><W20/><G120/><N who="0" m="46187" /><D24/><N who="1" m="14415" /><E74/><V78/><F78/><W116/><G116/><T99/><D53/><N who="1" m="31783" /><E128/><N who="0" m="49257" /><D36/><U87/><E111/><V39/><F80/><W101/><G2/><T117/><D117/><U13/><E65/><V1/><F1/><W85/><G10/><T134/><D134/><N who="1" m="51211" /><E79/><V118/><F118/><W12/><G43/><T51/><D51/><U18/><E42/><N who="2" m="22871" /><F39/><W93/><G40/><T5/><D5/><U15/><E15/><V11/><F63/><AGARI ba="0,0" hai="44,47,63,67,69,91,94,99" m="49257,46187" machi="63" ten="30,2000,0" yaku="13,1,19,1" doraHai="97" who="0" fromWho="2" sc="411,20,313,0,120,-20,156,0" /><INIT seed="2,0,0,3,0,70" ten="431,313,100,156" oya="2" hai0="125,25,50,56,47,131,49,114,54,135,128,26,95" hai1="37,108,97,75,78,48,91,132,40,12,46,79,88" hai2="58,109,17,4,83,104,52,85,80,45,119,113,86" hai3="94,27,60,36,11,21,96,8,31,69,73,13,66"/><V14/><F113/><W116/><G73/><T118/><D114/><U29/><E132/><V93/><F119/><W35/><G116/><T2/><D135/><U81/><E108/><V38/><F104/><W68/><G68/><T121/><D118/><U99/><E79/><V16/><F109/><W107/><G107/><T122/><D2/><U103/><E29/><V7/><F93/><W115/><G115/><T1/><D1/><U120/><E120/><N who="0" m="46185" /><D95/><U30/><E30/><V126/><F126/><W123/><G123/><T67/><D125/><U28/><E28/><V124/><F124/><W43/><G35/><T90/><D90/><U105/><E99/><V10/><F17/><W74/><G74/><T6/><D6/><U9/><REACH who="1" step="1"/><E48/><REACH who="1" ten="431,303,100,156" step="2"/><N who="2" m="28687" /><F38/><W20/><G36/><T41/><D50/><U92/><E92/><V18/><F4/><AGARI ba="0,1" hai="4,9,12,37,40,46,75,78,81,88,91,97,103,105" machi="4" ten="30,7700,0" yaku="1,1,7,1,52,1,54,1,53,0" doraHai="70" doraHaiUra="23" who="1" fromWho="2" sc="431,0,303,87,100,-77,156,0" /><INIT seed="3,0,0,2,5,96" ten="431,390,23,156" oya="3" hai0="50,74,40,106,58,43,114,60,98,93,83,61,84" hai1="134,102,33,7,53,9,6,128,51,95,116,42,126" hai2="109,94,118,110,32,24,3,45,79,127,57,78,4" hai3="123,35,36,129,71,44,13,107,121,15,17,23,92"/><W16/><G107/><T1/><D1/><U103/><E33/><V19/><F118/><W25/><G71/><T26/><D74/><U111/><E111/><V122/><F45/><W8/><G36/><T66/><D106/><U135/><E42/><V54/><F122/><W105/><G105/><T101/><D114/><U20/><E116/><V56/><F127/><W72/><G72/><T38/><D38/><U63/><E63/><V10/><F109/><W11/><G44/><T97/><D97/><U64/><E64/><V48/><F110/><W82/><G82/><T67/><D50/><U104/><E104/><V14/><F57/><W27/><G92/><T113/><D113/><U28/><E95/><V29/><REACH who="2" step="1"/><F94/><REACH who="2" ten="431,390,13,156" step="2"/><W18/><G129/><T100/><D43/><U65/><E128/><V37/><F37/><W77/><G121/><T68/><D40/><U75/><E75/><V21/><AGARI ba="0,1" hai="3,4,10,14,19,21,24,29,32,48,54,56,78,79" machi="21" ten="20,12000,2" yaku="1,1,0,1,7,1,24,2,53,1" doraHai="96" doraHaiUra="2" who="2" fromWho="2" sc="431,-30,390,-30,13,130,156,-60" owari="401,50.1,360,16.0,143,-25.7,96,-40.4" /></mjloggm>