<mjloggm ver="2.3"><GO type="225" lobby="0"/><UN n0="%E3%82%BC%E3%83%AB%E3%83%80%E3%81%AE%E4%BC%9D%E8%AA%AC" n1="%E6%A1%9C%E8%8A%B1%E9%96%83%E3%80%85" n2="%E3%83%81%E3%83%AF%E3%83%AF%E9%9A%8A%E9%95%B7" n3="%E3%81%BF%E3%81%BF%E3%81%9A" dan="17,16,16,18" rate="2228.85,2215.14,2128.16,2267.16" sx="M,M,M,M"/><TAIKYOKU oya="0"/><INIT seed="0,0,0,4,1,135" ten="250,250,250,250" oya="0" hai0="66,2,16,52,43,72,12,0,104,60,11,121,115" hai1="37,101,57,28,31,1,36,82,112,122,46,14,73" hai2="95,26,128,90,133,40,33,51,70,47,62,58,54" hai3="84,20,41,120,21,102,100,132,107,131,13,79,53"/><T34/><D115/><U118/><E1/><V87/><F133/><W88/><G132/><T22/><D121/><U5/><E122/><V106/><F106/><W78/><G120/><T64/><D72/><U71/><E71/><V6/><F128/><W29/><G131/><T94/><D104/><U75/><E118/><V69/><REACH who="2" step="1"/><F6/><REACH who="2" ten="250,250,240,250" step="2"/><W42/><G107/><T19/><D34/><U119/><E5/><V93/><F93/><N who="3" m="54407" /><G102/><T44/><D94/><U35/><E101/><V127/><F127/><W113/><G100/><T81/><D81/><U130/><E82/><V4/><F4/><W38/><G113/><T15/><D0/><U99/><E130/><V10/><F10/><W55/><G38/><T117/><D2/><U86/><E37/><V125/><F125/><W25/><G79/><T110/><D117/><U92/><E36/><V17/><F17/><N who="3" m="10287" /><G78/><T32/><D32/><U114/><E119/><V68/><F68/><W48/><G55/><T9/><D9/><U61/><E35/><V111/><F111/><W67/><G67/><T76/><D76/><U83/><E114/><V49/><F49/><W80/><G80/><T30/><D110/><U98/><E112/><V59/><F59/><AGARI ba="0,1" hai="21,25,29,41,42,48,53,59" m="10287,54407" machi="59" ten="30,3900,0" yaku="25,1,8,1,54,1" doraHai="135" who="3" fromWho="2" sc="250,0,250,0,240,-39,250,49" /><INIT seed="1,0,0,4,2,7" ten="250,250,201,299" oya="1" hai0="104,34,86,60,28,41,14,80,45,77,102,17,73" hai1="16,110,13,106,55,91,48,29,49,38,121,66,71" hai2="50,3,117,43,12,109,24,79,115,134,105,126,74" hai3="129,135,133,132,95,21,42,40,47,61,128,88,20"/><U112/><E112/><V5/><F3/><W52/><G61/><T46/><D73/><U111/><E121/><V57/><F105/><W108/><G108/><N who="1" m="41514" /><E38/><V59/><F109/><W81/><G81/><T68/><D34/><U6/><E106/><V36/><F36/><W76/><G76/><T92/><D28/><U4/><E29/><V33/><F117/><W87/><G52/><T27/><D27/><U70/><E91/><V116/><F116/><W44/><G20/><T120/><D104/><U130/><E130/><N who="3" m="50282" /><G21/><T125/><D120/><U10/><E66/><V31/><F115/><W123/><G123/><T75/><D102/><U98/><E98/><V72/><F79/><W64/><G64/><T54/><D77/><U118/><E118/><V8/><F33/><W18/><G18/><T19/><D19/><U15/><E4/><V114/><F5/><W58/><G58/><T9/><D17/><U127/><E55/><V113/><F113/><W63/><G63/><T56/><D54/><U53/><E53/><V82/><F114/><W35/><G35/><T101/><D60/><U97/><E97/><V30/><F30/><W39/><G39/><T124/><D56/><U84/><E84/><V65/><F57/><W67/><G67/><T26/><D86/><U11/><E127/><V32/><F126/><W23/><G23/><T83/><D124/><U51/><AGARI ba="0,0" hai="6,10,11,13,15,16,48,49,51,70,71" m="41514" machi="51" ten="30,12000,1" yaku="14,1,10,1,52,2,54,1" doraHai="7" who="1" fromWho="1" sc="250,-40,250,120,201,-40,299,-40" /><INIT seed="1,1,0,4,2,3" ten="210,370,161,259" oya="1" hai0="53,123,18,65,117,113,34,13,120,24,59,19,100" hai1="119,49,40,25,21,92,131,77,67,52,70,98,6" hai2="122,109,55,11,121,104,32,79,33,56,132,20,97" hai3="111,26,58,39,106,87,90,124,86,15,68,115,36"/><U82/><E119/><V88/><F109/><W133/><G68/><T103/><D113/><U108/><E131/><V76/><F132/><W17/><G115/><T41/><D117/><U96/><E108/><V110/><F110/><W46/><G111/><T78/><D41/><U64/><E40/><V4/><F20/><W22/><G133/><T81/><D65/><U27/><E27/><V130/><F130/><W45/><G124/><T112/><D112/><U54/><E54/><V118/><F118/><W102/><G106/><T16/><D13/><U35/><E35/><V127/><F127/><W69/><G102/><T116/><D116/><U94/><E6/><V129/><F129/><W5/><G69/><T134/><D134/><U30/><E94/><V12/><F32/><W37/><G58/><T8/><D8/><U7/><E7/><V60/><F33/><W75/><G75/><N who="0" m="43231" /><D24/><U51/><E51/><V95/><REACH who="2" step="1"/><F104/><REACH who="2" ten="210,370,151,259" step="2"/><W61/><G22/><T23/><D23/><U126/><E126/><V10/><F10/><W125/><G125/><T66/><D34/><U93/><E21/><V73/><F73/><W89/><G26/><T91/><D123/><AGARI ba="1,1" hai="4,11,12,55,56,60,76,79,88,95,97,121,122,123" machi="123" ten="40,5200,0" yaku="1,1,52,1,54,1,53,0" doraHai="3" doraHaiUra="101" who="2" fromWho="0" sc="210,-55,370,0,151,65,259,0" /><INIT seed="2,0,0,0,2,57" ten="155,370,216,259" oya="2" hai0="90,133,97,86,35,132,18,30,58,11,61,89,39" hai1="99,66,34,70,67,2,17,109,119,114,120,56,8" hai2="107,125,72,105,75,29,52,50,124,92,91,23,60" hai3="21,33,20,9,53,101,69,128,130,46,54,100,73"/><V65/><F75/><W98/><G33/><T6/><D39/><U25/><E70/><V78/><F72/><W135/><G73/><T129/><D129/><N who="3" m="49769" /><G135/><N who="0" m="51787" /><D18/><U111/><E56/><N who="2" m="36999" /><F78/><W31/><G69/><T15/><D97/><U113/><E99/><N who="2" m="57759" /><F29/><W19/><G31/><T28/><D90/><U121/><E119/><V7/><F7/><W0/><G101/><T40/><D40/><U122/><E34/><V44/><F23/><N who="3" m="8779" /><G46/><T71/><D71/><U93/><E120/><V81/><F81/><W59/><G59/><T47/><D47/><U49/><E122/><V117/><F117/><W74/><G74/><T82/><D35/><U13/><E121/><V55/><F55/><AGARI ba="0,0" hai="6,11,15,28,30,55,58,61,82,86,89" m="51787" machi="55" ten="30,2000,0" yaku="20,1,52,1" doraHai="57" who="0" fromWho="2" sc="155,20,370,0,216,-20,259,0" /><INIT seed="3,0,0,3,4,0" ten="175,370,196,259" oya="3" hai0="132,114,103,87,84,115,120,14,72,4,117,74,64" hai1="22,60,55,104,75,33,80,91,37,67,116,62,40" hai2="118,16,130,19,51,134,109,12,88,99,83,43,41" hai3="17,66,76,32,95,35,21,39,52,112,2,59,30"/><W38/><G112/><N who="0" m="43051" /><D120/><U113/><E33/><V119/><F109/><W102/><G76/><T61/><D117/><U131/><E113/><V125/><F130/><W133/><G133/><T23/><D132/><U63/><E131/><V7/><F134/><W50/><G2/><T96/><D74/><U90/><E104/><V110/><F125/><W70/><G30/><T123/><D72/><U106/><E106/><V98/><F110/><W122/><G122/><T27/><D123/><U46/><E116/><V93/><F119/><W45/><G102/><T126/><D126/><U49/><E22/><V13/><F118/><W1/><G95/><N who="0" m="58783" /><D27/><U36/><E36/><V54/><F99/><W6/><G38/><T24/><D24/><U97/><E97/><V124/><F124/><W53/><G17/><N who="2" m="6729" /><F83/><W68/><G21/><T5/><D23/><U100/><E100/><V25/><F25/><W9/><G53/><T29/><D29/><U26/><E26/><V10/><F13/><W82/><G82/><T101/><D101/><U77/><E67/><V78/><F78/><W86/><G86/><N who="0" m="32811" /><D14/><U42/><E37/><V58/><AGARI ba="0,0" hai="7,10,12,41,43,51,54,58,88,93,98" m="6729" machi="58" ten="30,7900,0" yaku="8,1,52,1,54,2" doraHai="0" who="2" fromWho="2" sc="175,-20,370,-20,196,79,259,-39" owari="155,-34.5,350,45.0,275,7.5,220,-18.0" /></mjloggm>