<mjloggm ver="2.3"><GO type="225" lobby="0"/><UN n0="%E3%81%86%E3%83%BC%E3%81%B1%E3%83%BC" n1="%6D%75%75%6D%75%72%61" n2="%E7%AD%89%E3%80%85%E5%8A%9B%E5%8A%87%E5%A0%B4" n3="%E3%81%82%E3%81%B9%E3%81%99%E3%81%91" dan="17,17,16,16" rate="2156.31,2194.91,2074.85,2115.95" sx="M,F,M,M"/><TAIKYOKU oya="0"/><INIT seed="0,0,0,2,3,123" ten="250,250,250,250" oya="0" hai0="31,14,74,93,64,27,19,66,63,72,42,24,80" hai1="2,39,97,4,118,33,67,26,127,119,114,68,122" hai2="110,100,135,101,71,81,65,89,76,25,28,128,82" hai3="50,56,5,12,3,55,70,96,91,108,90,59,121"/><T111/><D42/><U109/><RYUUKYOKU type="yao9" ba="0,0" sc="250,0,250,0,250,0,250,0" hai1="2,4,26,33,39,67,68,97,109,114,118,119,122,127" /><INIT seed="0,1,0,2,1,45" ten="250,250,250,250" oya="0" hai0="95,118,75,107,99,14,130,120,81,51,79,63,125" hai1="132,13,48,83,16,9,119,12,104,30,23,121,36" hai2="53,60,113,5,96,88,129,61,134,57,97,89,40" hai3="19,10,127,106,17,76,131,128,65,82,112,38,103"/><T109/><D118/><U115/><E119/><V123/><F123/><W33/><G112/><T27/><D120/><U73/><E121/><V49/><F113/><W0/><G33/><T29/><D130/><N who="3" m="49705" /><G38/><T22/><D125/><U71/><E115/><V108/><F129/><W110/><G110/><T37/><D37/><U100/><E36/><V116/><F116/><W114/><G114/><T69/><D109/><U117/><E117/><V111/><F134/><W101/><G127/><T126/><D126/><U31/><E71/><V77/><F111/><W122/><G122/><T44/><D107/><U135/><E104/><V35/><F108/><W21/><G65/><T68/><D14/><U2/><E100/><N who="3" m="38474" /><G21/><T85/><D75/><U78/><E2/><V56/><F35/><W26/><G26/><T55/><REACH who="0" step="1"/><D63/><REACH who="0" ten="240,250,250,250" step="2"/><U74/><E73/><V7/><F61/><W4/><G106/><T43/><D43/><U41/><E132/><V67/><F40/><W6/><G6/><T62/><D62/><U94/><E135/><V25/><F5/><W34/><G34/><T102/><AGARI ba="1,1" hai="22,27,29,44,51,55,68,69,79,81,85,95,99,102" machi="102" ten="20,12000,1" yaku="1,1,0,1,7,1,52,1,53,1" doraHai="45" doraHaiUra="46" who="0" fromWho="0" sc="240,133,250,-41,250,-41,250,-41" /><INIT seed="0,2,0,0,0,68" ten="373,209,209,209" oya="0" hai0="62,55,32,10,109,93,119,114,112,7,48,70,25" hai1="51,64,79,120,131,101,42,4,75,31,66,82,76" hai2="19,125,98,12,61,45,13,134,127,67,8,52,116" hai3="50,26,115,40,1,21,124,105,18,53,81,89,11"/><T44/><D119/><U135/><E120/><V36/><F134/><W71/><G115/><T92/><D109/><U60/><E135/><V128/><F128/><W85/><G105/><T63/><D32/><U28/><E131/><V110/><F110/><W118/><G118/><T117/><D117/><U49/><E79/><V126/><F116/><W102/><G71/><T97/><D25/><U96/><E4/><V14/><F98/><W87/><G102/><T56/><D70/><U133/><E133/><V38/><F67/><W129/><G124/><T84/><D84/><U88/><E66/><V35/><F35/><W121/><G129/><T130/><D63/><U57/><E88/><V17/><F13/><W100/><G100/><T122/><D93/><U94/><REACH who="1" step="1"/><E42/><REACH who="1" ten="373,199,209,209" step="2"/><V73/><F73/><W5/><G40/><N who="0" m="24583" /><D122/><U58/><E58/><N who="2" m="35015" /><F45/><W108/><G121/><T37/><D130/><U74/><E74/><V123/><F123/><W9/><G108/><T99/><D114/><U6/><E6/><V78/><F78/><N who="3" m="46263" /><G5/><T90/><D112/><U23/><E23/><AGARI ba="2,1" hai="8,12,14,17,19,23,36,38,125,126,127" m="35015" machi="23" ten="30,7700,0" yaku="18,1,52,2,54,1" doraHai="68" who="2" fromWho="1" sc="373,0,199,-83,209,93,209,0" /><INIT seed="1,0,0,0,2,131" ten="373,116,302,209" oya="1" hai0="75,128,28,72,90,83,56,89,46,134,53,51,71" hai1="8,11,129,62,125,26,27,91,96,94,35,14,88" hai2="36,34,47,119,93,84,121,37,127,133,7,107,86" hai3="57,23,24,64,118,2,132,1,6,80,73,55,99"/><U10/><E129/><V82/><F107/><W106/><G64/><T52/><D71/><U114/><E114/><V30/><F119/><W58/><G118/><T45/><D128/><U65/><E125/><V81/><F121/><W108/><G108/><T4/><D134/><U48/><E14/><V18/><F127/><W60/><G132/><T103/><D103/><U42/><E91/><V87/><F133/><W100/><G6/><T92/><D28/><U0/><E0/><V21/><F34/><W13/><G13/><T66/><D66/><U110/><E110/><V109/><F109/><W122/><G122/><T70/><D70/><U33/><E33/><V116/><F116/><W40/><G40/><T130/><D4/><U135/><E135/><V117/><F30/><W25/><G58/><T124/><D130/><U102/><E102/><V126/><F7/><W104/><G104/><T9/><D9/><U39/><E39/><V67/><F37/><W68/><G68/><T59/><D124/><U123/><E123/><V79/><F67/><W95/><G23/><T54/><D54/><U43/><E35/><V3/><F3/><W15/><G106/><T12/><D12/><U113/><E113/><V74/><F126/><W69/><G15/><T44/><D83/><U50/><E42/><N who="2" m="22983" /><F117/><W32/><G69/><T20/><D20/><U19/><E43/><V63/><F82/><W41/><G41/><T112/><D112/><U115/><E115/><V120/><F120/><W61/><G32/><T49/><D90/><U105/><E105/><V98/><F81/><W111/><G111/><RYUUKYOKU ba="0,0" sc="373,30,116,-10,302,-10,209,-10" hai0="44,45,46,49,51,52,53,56,59,72,75,89,92" /><INIT seed="2,1,0,4,2,62" ten="403,106,292,199" oya="2" hai0="80,104,28,36,1,46,71,39,93,23,97,74,123" hai1="111,86,135,91,69,94,61,128,72,124,125,79,119" hai2="15,88,114,106,81,92,109,43,116,12,65,50,51" hai3="9,84,0,53,117,67,11,57,68,78,5,70,19"/><V60/><F114/><W73/><G73/><T105/><D1/><U58/><E69/><V76/><F116/><W30/><G117/><T44/><D71/><U118/><E111/><V63/><F106/><W25/><G11/><T10/><D10/><U13/><E13/><V8/><F109/><W112/><G19/><T100/><D123/><U33/><E33/><V35/><F35/><W55/><G112/><T115/><D115/><U16/><E16/><V27/><F27/><W75/><G75/><T113/><D113/><U87/><E128/><V41/><F63/><W45/><G45/><T37/><D46/><U90/><E135/><V38/><F38/><W102/><G102/><T3/><D3/><U85/><E58/><N who="2" m="37015" /><F76/><W56/><G70/><T132/><D44/><U130/><E61/><V131/><F81/><N who="3" m="47159" /><G57/><T42/><D132/><U26/><E26/><V31/><F31/><W108/><G108/><T59/><D59/><U18/><E130/><V129/><F131/><W64/><G56/><T133/><D133/><U34/><E34/><V52/><F129/><W48/><G68/><T6/><D39/><U47/><E47/><N who="2" m="27743" /><F51/><W110/><G48/><T122/><D37/><U96/><E18/><N who="2" m="8455" /><F15/><W107/><G107/><T4/><D122/><U77/><E72/><V21/><F21/><N who="3" m="15663" /><G110/><T95/><D104/><U127/><E91/><V121/><F121/><W22/><G22/><T2/><D23/><U120/><E120/><V126/><F126/><N who="1" m="32257" /><U49/><DORA hai="24" /><E49/><V99/><AGARI ba="1,0" hai="41,43,88,92,99" m="8455,27743,37015" machi="99" ten="30,11700,0" yaku="8,1,52,1,54,2" doraHai="62,24" who="2" fromWho="2" sc="403,-40,106,-40,292,120,199,-40" /><INIT seed="2,2,0,5,3,44" ten="363,66,412,159" oya="2" hai0="99,19,41,80,15,47,69,67,0,39,65,85,100" hai1="122,16,75,98,120,131,11,37,105,9,91,55,92" hai2="88,52,2,135,79,49,84,101,89,102,134,118,6" hai3="25,32,83,104,113,125,116,93,106,48,103,110,51"/><V86/><F118/><W111/><G116/><T58/><D69/><U35/><E35/><V17/><F79/><W97/><G125/><T133/><D133/><N who="2" m="50698" /><F17/><W94/><G113/><T4/><D58/><U10/><E37/><V38/><F38/><W70/><G70/><T54/><D54/><U128/><E75/><V50/><F6/><W74/><G94/><T90/><D0/><U87/><E55/><V27/><F2/><W123/><G123/><N who="1" m="47146" /><E105/><V21/><F27/><W77/><G25/><T96/><D4/><U8/><E87/><N who="2" m="33323" /><F21/><W130/><G32/><T42/><D42/><U56/><E56/><N who="2" m="32783" /><F50/><N who="3" m="18987" /><G130/><N who="1" m="49706" /><E8/><V5/><F5/><W107/><G107/><T33/><D33/><U7/><E7/><V126/><F126/><W78/><G106/><T68/><D39/><U112/><E112/><V82/><F82/><W24/><G104/><T43/><D80/><U45/><E45/><V53/><F53/><W36/><G36/><T61/><D47/><U72/><E72/><V59/><F59/><W57/><G57/><T23/><D68/><U66/><E66/><V63/><F63/><W40/><G83/><T28/><D67/><U121/><N who="1" m="47154" /><U117/><DORA hai="115" /><E117/><V1/><F1/><W20/><G74/><T119/><D65/><U31/><E31/><V71/><F71/><W29/><G40/><N who="0" m="15435" /><D119/><U81/><E81/><V12/><F12/><AGARI ba="2,0" hai="9,10,11,12,16,91,92,98" m="49706,47154" machi="12" ten="50,6400,0" yaku="13,1,19,1,54,1" doraHai="44,115" who="1" fromWho="2" sc="363,0,66,70,412,-70,159,0" /><INIT seed="3,0,0,2,0,44" ten="363,136,342,159" oya="3" hai0="100,24,50,80,109,17,38,1,11,43,73,49,0" hai1="53,122,129,13,36,5,79,87,95,114,41,127,66" hai2="78,90,111,91,3,102,67,15,69,61,97,77,121" hai3="6,47,132,124,131,23,96,135,83,16,59,126,42"/><W134/><G96/><T60/><D100/><U92/><E122/><V46/><F3/><W103/><G103/><T117/><D117/><U35/><E114/><V14/><F111/><W34/><G34/><T55/><D0/><U84/><E35/><V19/><F121/><W2/><G83/><T85/><D109/><U116/><E116/><V112/><F112/><W68/><G68/><T74/><D73/><U25/><E36/><V28/><F28/><W89/><G89/><T113/><D113/><U128/><E41/><V63/><F15/><N who="3" m="9631" /><G59/><N who="0" m="34943" /><D74/><U52/><E66/><V32/><F32/><W110/><G110/><T4/><D38/><U7/><E25/><V125/><F125/><N who="3" m="48235" /><G6/><N who="1" m="2058" /><E13/><V75/><F14/><W48/><G2/><T29/><D1/><U76/><E127/><V20/><F69/><W119/><G119/><T120/><D4/><U39/><E39/><V108/><F108/><W101/><G101/><T86/><D120/><U82/><E95/><V71/><F102/><W106/><G106/><T54/><D80/><N who="1" m="47111" /><E92/><V133/><F71/><W18/><G18/><T70/><D70/><U31/><E31/><V81/><F19/><W10/><G10/><T123/><D29/><U62/><E62/><V98/><F63/><W27/><G27/><T45/><D123/><U30/><E30/><V21/><F61/><W104/><G104/><T65/><D65/><U88/><E79/><V93/><F78/><W26/><G26/><T99/><D24/><U64/><E64/><V56/><F67/><W51/><G51/><T115/><D115/><U72/><E72/><V130/><F75/><RYUUKYOKU ba="0,0" sc="363,-15,136,15,342,-15,159,15" hai1="52,53,82,87,88,128,129" hai3="42,47,48,131,132,134,135" /><INIT seed="3,1,0,1,5,0" ten="348,151,327,174" oya="3" hai0="103,11,124,16,125,32,15,27,104,96,35,79,54" hai1="59,88,132,62,36,25,92,24,94,98,121,23,87" hai2="7,113,67,77,61,55,31,93,60,33,82,43,13" hai3="112,126,53,102,109,100,97,20,34,4,122,21,120"/><W101/><G112/><T119/><D119/><U131/><E121/><V74/><F113/><W134/><G34/><T115/><D115/><U12/><E36/><V58/><F43/><W44/><G126/><N who="0" m="48747" /><D79/><U28/><E131/><V75/><F75/><W86/><G97/><T39/><D39/><U71/><E71/><V68/><F93/><W106/><G106/><T46/><D27/><N who="1" m="16511" /><E12/><V63/><F63/><W116/><G53/><T130/><D130/><U14/><E14/><V30/><REACH who="2" step="1"/><F33/><REACH who="2" ten="348,151,317,174" step="2"/><W66/><G122/><T133/><D133/><U50/><E132/><V80/><F80/><W56/><G134/><T22/><D22/><U76/><E50/><AGARI ba="1,1" hai="11,15,16,32,35,46,50,54,96,103,104" m="48747" machi="50" ten="30,2000,0" yaku="18,1,54,1" doraHai="0" who="0" fromWho="1" sc="348,33,151,-23,317,0,174,0" owari="381,48.1,128,-37.2,317,11.7,174,-22.6" /></mjloggm>