<mjloggm ver="2.3"><GO type="225" lobby="0"/><UN n0="%E7%B4%94%E6%BD%94%E3%83%94%E3%83%A9%E3%83%8B%E3%82%A2" n1="%E5%B0%8F%E9%B3%A5%E9%81%8A%E7%B7%B4%E7%84%A1%32%31%E6%AD%B3" n2="%E5%A4%96%E5%B7%9D%E7%AB%9C%E6%88%90" n3="%E3%83%AC%E3%82%A4%E3%83%88%E3%83%B3%E5%87%86%E6%95%99%E6%8E%88" dan="18,16,16,18" rate="2292.57,2136.87,2215.82,2203.97" sx="M,F,M,M"/><TAIKYOKU oya="0"/><INIT seed="0,0,0,5,0,32" ten="250,250,250,250" oya="0" hai0="52,102,53,21,51,22,110,10,61,58,131,72,70" hai1="107,14,43,73,75,78,59,108,93,135,125,87,94" hai2="40,80,91,38,54,13,49,82,88,34,30,26,17" hai3="12,55,71,36,29,16,81,85,84,11,65,69,68"/><T57/><D72/><U124/><E43/><V98/><F38/><W101/><G36/><T99/><D131/><U62/><E107/><V19/><F40/><W105/><G29/><T134/><D134/><U23/><E135/><V0/><F0/><W8/><G65/><T95/><D70/><U15/><E108/><V114/><F114/><W6/><G81/><T39/><D39/><U111/><E111/><V132/><F132/><W67/><G67/><T46/><D110/><U119/><E119/><V60/><F60/><W24/><G55/><T116/><D116/><U45/><E45/><V112/><F112/><W129/><G129/><T25/><D10/><U115/><E115/><V74/><F98/><W77/><G77/><T89/><D46/><U90/><E78/><V31/><F31/><W103/><G24/><T83/><D83/><U4/><E93/><V63/><F63/><W126/><G126/><N who="1" m="48746" /><E15/><V33/><F33/><W120/><G120/><T1/><D1/><U117/><E117/><V7/><F80/><W48/><G105/><T104/><REACH who="0" step="1"/><D25/><REACH who="0" ten="240,250,250,250" step="2"/><U123/><E73/><V66/><F74/><W9/><G8/><T41/><D41/><U42/><E75/><V121/><F82/><W92/><G9/><T35/><D35/><U18/><E42/><V79/><F79/><W96/><G6/><T27/><D27/><U128/><E4/><V106/><F7/><W3/><G3/><T44/><D44/><U20/><E128/><V28/><F34/><W5/><G5/><T50/><D50/><U64/><E23/><V56/><F26/><W133/><G48/><RYUUKYOKU ba="0,1" sc="240,15,250,15,250,-15,250,-15" hai0="21,22,51,52,53,57,58,61,89,95,99,102,104" hai1="14,18,20,59,62,64,87,90,94,123" /><INIT seed="0,1,1,0,3,75" ten="255,265,235,235" oya="0" hai0="43,108,102,84,61,46,27,132,39,71,36,76,35" hai1="125,110,72,53,7,16,34,99,112,121,10,94,115" hai2="15,64,119,97,57,3,79,58,86,62,60,32,21" hai3="95,104,120,77,67,23,103,131,85,4,0,100,82"/><T51/><D132/><U81/><E34/><V2/><F32/><W54/><G131/><T65/><D102/><U105/><E105/><V44/><F119/><W17/><G120/><T78/><D108/><U69/><E121/><V74/><F74/><W109/><G109/><T113/><D113/><N who="1" m="43595" /><E69/><V45/><F97/><W40/><G104/><T129/><D129/><U24/><E53/><V92/><F2/><W114/><G114/><T66/><D66/><U5/><E110/><V134/><F134/><W48/><G40/><T8/><D8/><U22/><E10/><V26/><F15/><W1/><G67/><T91/><D39/><U107/><E107/><V25/><F3/><W127/><G127/><T128/><D36/><U59/><E59/><V117/><F117/><W12/><G1/><T126/><D126/><U133/><E133/><V42/><F42/><W6/><G0/><T33/><D33/><U30/><E30/><N who="2" m="17711" /><F26/><W20/><G20/><T11/><D11/><U111/><E125/><V37/><F37/><W88/><G4/><T13/><D13/><U96/><E111/><V73/><F73/><W118/><G6/><N who="1" m="2058" /><E94/><V123/><F123/><W101/><G118/><T50/><D128/><U116/><E116/><V68/><F68/><W9/><G9/><T56/><D35/><U41/><E41/><V130/><F130/><W122/><G122/><T28/><D28/><U87/><E72/><V55/><F92/><W31/><G31/><T135/><D135/><U14/><E14/><V52/><F64/><W90/><G95/><N who="0" m="54759" /><D27/><U49/><E49/><V38/><F38/><RYUUKYOKU ba="1,1" sc="255,0,265,0,235,0,235,0" hai0="43,46,50,51,56,61,65,71,76,78" hai1="16,22,24,81,87,96,99" hai2="44,45,52,55,57,58,60,62,79,86" hai3="12,17,23,48,54,77,82,85,88,90,100,101,103" /><INIT seed="0,2,1,3,2,108" ten="255,265,235,235" oya="0" hai0="110,87,36,29,83,111,61,17,127,18,24,42,79" hai1="14,118,67,45,43,109,59,57,11,15,1,92,9" hai2="6,55,68,30,70,133,27,134,77,10,75,115,89" hai3="28,26,97,0,100,31,124,102,12,22,103,117,84"/><T13/><D127/><U131/><E118/><V64/><F115/><W129/><G117/><T44/><D61/><U93/><E1/><N who="2" m="335" /><F64/><W73/><G73/><T123/><D123/><U21/><E21/><V25/><F25/><W119/><G124/><T53/><D53/><U51/><E109/><N who="0" m="41481" /><D13/><U47/><E131/><V126/><F89/><W91/><G0/><T74/><D74/><U35/><E35/><AGARI ba="2,1" hai="17,18,24,29,35,36,42,44,79,83,87" m="41481" machi="35" ten="30,2900,0" yaku="14,1,10,1" doraHai="108" who="0" fromWho="1" sc="255,45,265,-35,235,0,235,0" /><INIT seed="0,3,0,1,2,120" ten="300,230,235,235" oya="0" hai0="0,9,97,16,75,96,67,126,79,18,128,4,69" hai1="131,127,72,53,11,87,129,37,105,135,1,64,29" hai2="46,48,84,15,76,114,92,121,73,118,32,112,38" hai3="122,102,56,21,130,39,59,19,52,100,47,124,24"/><T117/><D117/><U25/><E64/><V113/><F121/><W28/><G122/><T7/><D126/><U54/><E87/><V115/><F115/><W111/><G124/><T42/><D128/><U104/><E11/><V57/><F118/><W101/><G130/><T61/><D7/><U85/><E85/><V94/><F32/><W106/><G106/><T50/><D50/><U63/><E63/><V132/><F132/><W41/><G59/><T10/><D42/><U58/><E58/><V65/><F38/><W31/><REACH who="3" step="1"/><G111/><REACH who="3" ten="300,230,235,225" step="2"/><T68/><D69/><U110/><E104/><V6/><F57/><W43/><G43/><T133/><D133/><U51/><E110/><V17/><F114/><W26/><G26/><T93/><D10/><U81/><E105/><V30/><F113/><W90/><G90/><T35/><D35/><U123/><E127/><V20/><F112/><W22/><G22/><T71/><D68/><U3/><E123/><V27/><F27/><W45/><G45/><T91/><REACH who="0" step="1"/><D96/><REACH who="0" ten="290,230,235,225" step="2"/><U103/><E135/><V74/><F20/><W8/><G8/><T33/><D33/><U60/><E131/><V89/><F46/><W125/><G125/><T88/><D88/><U95/><E129/><V78/><F89/><W36/><G36/><T116/><D116/><U5/><E37/><V119/><F119/><W82/><G82/><AGARI ba="3,2" hai="0,4,9,16,18,61,67,71,75,79,82,91,93,97" machi="82" ten="40,7700,0" yaku="1,1,54,1,53,1" doraHai="120" doraHaiUra="34" who="0" fromWho="3" sc="290,106,230,0,235,0,225,-86" /><INIT seed="0,4,0,1,5,11" ten="396,230,235,139" oya="0" hai0="42,24,10,119,50,79,135,120,66,12,40,96,44" hai1="106,34,88,38,117,39,113,124,61,52,41,87,94" hai2="7,121,33,16,107,100,83,108,69,133,22,67,53" hai3="98,8,131,29,0,15,21,48,65,74,14,18,25"/><T112/><D119/><U59/><E124/><V4/><F121/><W49/><G74/><T115/><D120/><U73/><E117/><V132/><F33/><W130/><G65/><T103/><D135/><N who="2" m="51786" /><F108/><W116/><G116/><T37/><D79/><U111/><E111/><V32/><F32/><N who="3" m="20527" /><G98/><T3/><D3/><U99/><E113/><V92/><F107/><W118/><G118/><T81/><D81/><U91/><E73/><V95/><F53/><W26/><G49/><T71/><D24/><U105/><E34/><V93/><F100/><W97/><G48/><T90/><D90/><U57/><E57/><V122/><F122/><W62/><G62/><T89/><D89/><U77/><E77/><V80/><F67/><W20/><G97/><T43/><D66/><U45/><E38/><V60/><F60/><W58/><G58/><T5/><D71/><U6/><E6/><N who="2" m="2091" /><F69/><W75/><G75/><T9/><D37/><U2/><REACH who="1" step="1"/><E2/><REACH who="1" ten="396,220,235,139" step="2"/><V36/><F36/><W82/><G0/><T23/><D5/><U85/><E85/><V1/><F1/><W101/><G131/><T63/><D115/><U46/><E46/><V55/><F55/><W126/><G130/><T125/><D112/><U72/><E72/><V51/><F51/><W28/><G126/><T70/><D125/><U134/><E134/><V47/><F47/><W27/><G101/><T128/><D128/><U114/><E114/><V76/><F76/><W109/><G109/><T54/><D70/><U13/><E13/><AGARI ba="4,1" hai="13,16,22,80,83,92,93,95" m="2091,51786" machi="13" ten="30,3900,0" yaku="20,1,52,1,54,1" doraHai="11" who="2" fromWho="1" sc="396,0,220,-51,235,61,139,0" /><INIT seed="1,0,0,2,3,114" ten="396,169,296,139" oya="1" hai0="64,13,0,92,23,17,77,21,129,18,94,83,115" hai1="60,3,102,71,9,7,135,128,119,32,55,6,134" hai2="29,37,40,28,63,33,100,132,123,82,84,130,89" hai3="58,113,4,96,2,86,78,108,103,133,124,121,76"/><U120/><E120/><V44/><F123/><W67/><G113/><T68/><D115/><U36/><E36/><V81/><F130/><W88/><G121/><T66/><D129/><U48/><E32/><V101/><F132/><N who="1" m="50729" /><E6/><V109/><F109/><W11/><G108/><T80/><D0/><U35/><E35/><V53/><F82/><N who="0" m="31274" /><D68/><U122/><E102/><V47/><F33/><W43/><G124/><T10/><D77/><U105/><E105/><V75/><F75/><W16/><G43/><T25/><D23/><U24/><E24/><V38/><F38/><W104/><G133/><T97/><D94/><U65/><E128/><V106/><F106/><W99/><G99/><T50/><D50/><U20/><E20/><V14/><F14/><W116/><G4/><T110/><D110/><U69/><E69/><V12/><F12/><W79/><G2/><T93/><D92/><U90/><E90/><AGARI ba="0,0" hai="10,13,17,18,21,25,64,66,90,93,97" m="31274" machi="90" ten="30,1000,0" yaku="8,1" doraHai="114" who="0" fromWho="1" sc="396,10,169,-10,296,0,139,0" /><INIT seed="2,0,0,3,0,25" ten="406,159,296,139" oya="2" hai0="54,107,71,114,104,127,100,28,132,61,41,106,79" hai1="43,97,22,125,55,84,111,7,62,129,39,90,5" hai2="56,102,87,113,75,16,96,17,109,85,58,24,26" hai3="115,80,105,69,73,66,93,3,31,4,122,13,60"/><V11/><F113/><W94/><G122/><T49/><D114/><U27/><E111/><V40/><F75/><W6/><G115/><T70/><D127/><U131/><E125/><V48/><F109/><W76/><G105/><T46/><D132/><U134/><E134/><V77/><F40/><W21/><G3/><T88/><D100/><U18/><E43/><V124/><F124/><W95/><REACH who="3" step="1"/><G13/><REACH who="3" ten="406,159,296,129" step="2"/><T99/><D107/><U103/><E39/><V110/><F110/><W128/><G128/><N who="1" m="49226" /><E62/><V68/><F26/><AGARI ba="0,1" hai="4,6,21,26,31,60,66,69,73,76,80,93,94,95" machi="26" ten="40,5200,0" yaku="1,1,52,1,53,1" doraHai="25" doraHaiUra="67" who="3" fromWho="2" sc="406,0,159,0,296,-52,129,62" /><INIT seed="3,0,0,3,4,14" ten="406,159,244,191" oya="3" hai0="34,60,63,12,6,128,46,133,5,125,17,92,83" hai1="105,16,79,57,74,48,4,123,27,51,50,43,11" hai2="0,82,41,10,109,124,7,110,36,72,67,56,100" hai3="87,69,89,19,120,98,78,3,119,114,116,103,47"/><W65/><G114/><T9/><D34/><U29/><E105/><V130/><F130/><W94/><G3/><T45/><D125/><U38/><E123/><V118/><F118/><W68/><G120/><T64/><D128/><U84/><E74/><V8/><F8/><W32/><G32/><T126/><D126/><U90/><E79/><N who="2" m="44391" /><F100/><W93/><G78/><T99/><D133/><U117/><E117/><V127/><F56/><W40/><G68/><T96/><D83/><U55/><E38/><V61/><F127/><W115/><G115/><T30/><D30/><U77/><E77/><V80/><F80/><W39/><G65/><T112/><D96/><U26/><E43/><V35/><F35/><W21/><REACH who="3" step="1"/><G69/><REACH who="3" ten="406,159,244,181" step="2"/><T58/><D112/><U33/><E27/><AGARI ba="0,1" hai="19,21,27,39,40,47,87,89,93,94,98,103,116,119" machi="27" ten="30,11600,0" yaku="1,1,2,1,7,1,52,1,53,0" doraHai="14" doraHaiUra="44" who="3" fromWho="1" sc="406,0,159,-116,244,0,181,126" /><INIT seed="3,1,0,5,0,80" ten="406,43,244,307" oya="3" hai0="52,131,133,48,89,65,51,66,87,91,111,93,0" hai1="114,105,64,135,119,86,5,128,16,127,37,112,120" hai2="99,126,59,110,71,39,57,47,109,132,118,2,35" hai3="122,62,4,50,43,129,69,70,55,36,123,100,34"/><W103/><G34/><T75/><D75/><U67/><E105/><V41/><F99/><W38/><G4/><T33/><D0/><U23/><E37/><N who="3" m="14442" /><G100/><T40/><D33/><U30/><E30/><V31/><F31/><W56/><G103/><T130/><D111/><N who="2" m="42506" /><F2/><W14/><G14/><T24/><D133/><U28/><E28/><V88/><F88/><W25/><G25/><T7/><D7/><U11/><E120/><V32/><F32/><W92/><G92/><T12/><D12/><U84/><E127/><V10/><F10/><W74/><G74/><T9/><D9/><U72/><E128/><N who="0" m="49193" /><D24/><U81/><E119/><V54/><F35/><W107/><G107/><T101/><D101/><U134/><E135/><V17/><F17/><W44/><G129/><T58/><D89/><U26/><E72/><V94/><F94/><W15/><G15/><T108/><D108/><U3/><E81/><V79/><F79/><W125/><G125/><T13/><D13/><U121/><E121/><AGARI ba="1,0" hai="43,44,50,55,56,62,69,70,121,122,123" m="14442" machi="121" ten="30,2900,0" yaku="34,2" doraHai="80" who="3" fromWho="1" sc="406,0,43,-32,244,0,307,32" /><INIT seed="3,2,0,0,0,21" ten="406,11,244,339" oya="3" hai0="108,104,23,81,12,30,22,125,102,60,43,39,59" hai1="49,116,9,48,129,26,50,55,131,13,71,20,82" hai2="75,96,35,85,80,99,8,62,16,11,41,127,122" hai3="7,46,52,130,79,28,38,119,117,128,112,32,89"/><W86/><G112/><T10/><D108/><U34/><E34/><V18/><F75/><W132/><G7/><T70/><D70/><U2/><E71/><V6/><F35/><W88/><G79/><T36/><D125/><U76/><E2/><V94/><F127/><W100/><G100/><T44/><D39/><U106/><E116/><V27/><F122/><W65/><G65/><T111/><D111/><U19/><E106/><V121/><F121/><W78/><G78/><T98/><D81/><U113/><E131/><N who="3" m="50218" /><G38/><T63/><D63/><U103/><E103/><V40/><F62/><W3/><G3/><T57/><D57/><U115/><E115/><V67/><F67/><W31/><G132/><T37/><D30/><N who="3" m="11305" /><G32/><T110/><D110/><U29/><E113/><V83/><F6/><W84/><G84/><T73/><D73/><U124/><E124/><V33/><F33/><W0/><G0/><T69/><D69/><U134/><E134/><V56/><F85/><W133/><G133/><T72/><D72/><U14/><E14/><V87/><F87/><W74/><G74/><T114/><D37/><U61/><E129/><V15/><F15/><W105/><G105/><T90/><D114/><U53/><E76/><V95/><REACH who="2" step="1"/><F56/><REACH who="2" ten="406,11,234,339" step="2"/><W77/><G86/><T91/><D59/><U135/><E135/><V64/><F64/><W47/><G119/><T120/><D120/><U45/><E82/><V54/><F54/><W58/><G117/><T17/><D60/><U1/><REACH who="1" step="1"/><E1/><REACH who="1" ten="406,1,234,339" step="2"/><V97/><F97/><W51/><G77/><T25/><D98/><U24/><E24/><AGARI ba="2,2" hai="8,11,16,18,24,27,40,41,80,83,94,95,96,99" machi="24" ten="25,16000,3" yaku="1,1,6,1,22,2,8,1,52,2,54,1,53,0" doraHai="21" doraHaiUra="107" who="2" fromWho="1" sc="406,0,1,-166,234,186,339,0" owari="406,20.6,-165,-66.5,420,52.0,339,-6.1" /></mjloggm>