<mjloggm ver="2.3"><GO type="225" lobby="0"/><UN n0="%E7%AB%8B%E8%8A%B1%E9%9F%BF" n1="%E3%81%B5%E3%81%98%E3%81%8B%E3%81%A4" n2="%73%6C%69%63%6B%33%31%39" n3="%E5%8F%AF%E5%85%90%E9%82%A3%E7%94%B1%E5%A4%9A" dan="17,16,16,17" rate="2138.21,2148.26,2106.26,2173.32" sx="F,M,M,F"/><TAIKYOKU oya="0"/><INIT seed="0,0,0,0,0,122" ten="250,250,250,250" oya="0" hai0="42,9,124,0,21,55,20,29,44,46,15,66,125" hai1="129,98,53,4,120,108,47,71,112,25,95,74,49" hai2="6,58,12,75,1,92,90,41,133,127,68,115,38" hai3="14,99,116,70,72,85,34,17,119,60,134,79,3"/><T88/><D66/><U117/><E120/><V96/><F68/><W37/><G3/><T114/><D114/><U101/><E117/><V89/><F115/><W121/><G37/><T56/><D0/><U73/><E112/><V23/><F75/><W16/><G34/><T65/><D65/><U11/><E71/><V102/><F1/><W57/><G70/><T40/><D88/><U106/><E129/><V19/><F133/><W10/><G72/><T50/><D29/><U45/><E25/><V62/><F127/><N who="0" m="48714" /><D46/><U51/><E106/><V93/><F6/><W27/><G121/><T103/><D103/><U32/><E32/><V2/><F2/><W126/><G126/><T83/><D83/><U59/><E59/><V7/><F7/><W80/><G57/><T36/><D42/><U31/><E31/><V54/><F41/><W100/><G80/><T52/><D55/><U43/><E108/><V64/><F38/><W63/><G119/><T18/><AGARI ba="0,0" hai="9,15,18,20,21,36,40,44,50,52,56" m="48714" machi="18" ten="30,3000,0" yaku="18,1,54,1" doraHai="122" who="0" fromWho="0" sc="250,30,250,-10,250,-10,250,-10" /><INIT seed="0,1,0,0,5,116" ten="280,240,240,240" oya="0" hai0="112,73,117,23,10,20,96,123,62,22,17,48,39" hai1="13,81,46,120,114,14,135,4,104,34,93,7,43" hai2="88,78,54,100,97,71,31,63,52,19,99,3,45" hai3="85,18,33,41,125,55,24,16,74,50,61,32,53"/><T107/><D112/><U69/><E114/><V66/><F3/><W58/><G74/><T106/><D39/><U8/><E104/><V105/><F78/><W9/><G125/><T42/><D117/><U115/><E115/><V67/><F67/><W5/><G41/><T56/><D73/><U122/><E69/><V40/><F19/><W25/><G85/><T84/><D123/><U2/><E34/><V47/><F31/><W126/><G126/><T103/><D106/><U79/><E93/><V49/><REACH who="2" step="1"/><F45/><REACH who="2" ten="280,240,230,240" step="2"/><W68/><G18/><T21/><D17/><U87/><E135/><V44/><F44/><W113/><G113/><T127/><D127/><U86/><E2/><V1/><F1/><W129/><G16/><T89/><D22/><U38/><REACH who="1" step="1"/><E87/><REACH who="1" ten="280,230,230,240" step="2"/><V51/><F51/><W11/><G50/><T90/><D48/><U133/><E133/><V29/><F29/><W76/><G33/><T101/><D84/><U77/><E77/><V110/><F110/><W12/><G32/><T80/><D62/><U121/><E121/><V37/><F37/><W119/><G76/><T92/><D107/><U124/><E124/><V118/><F118/><W94/><G119/><T28/><D28/><U75/><E75/><V26/><F26/><W59/><G61/><T6/><D96/><U98/><E98/><V131/><F131/><W83/><G129/><T130/><D130/><U27/><E27/><V72/><F72/><W95/><G25/><T132/><D132/><U134/><E134/><V60/><F60/><W64/><G24/><T91/><D6/><U102/><E102/><RYUUKYOKU ba="1,2" sc="280,-15,230,15,230,15,240,-15" hai1="4,7,8,13,14,38,43,46,79,81,86,120,122" hai2="40,47,49,52,54,63,66,71,88,97,99,100,105" /><INIT seed="1,2,2,3,5,122" ten="265,245,245,225" oya="1" hai0="118,66,10,28,18,95,23,61,127,116,16,86,7" hai1="112,85,102,26,36,97,42,75,70,89,69,120,92" hai2="73,30,24,106,110,133,21,76,135,35,131,58,100" hai3="38,48,51,87,83,119,50,78,3,47,52,63,67"/><U60/><E120/><V65/><F131/><W94/><G119/><T56/><D127/><U80/><E112/><V2/><F2/><W64/><G3/><T123/><D123/><U37/><E75/><V17/><F110/><W31/><G38/><T59/><D59/><U96/><E26/><V13/><F100/><W33/><G33/><T45/><D45/><U39/><E42/><V71/><F106/><W5/><G31/><T79/><D28/><U121/><E121/><V43/><F71/><W128/><G128/><T111/><D111/><U93/><REACH who="1" step="1"/><E60/><REACH who="1" ten="265,235,245,225" step="2"/><V8/><F43/><W82/><G63/><T1/><D118/><U25/><E25/><V129/><F129/><W90/><G50/><T114/><D116/><U77/><AGARI ba="2,3" hai="36,37,39,69,70,77,80,85,89,92,93,96,97,102" machi="77" ten="30,6000,0" yaku="1,1,0,1,53,1" doraHai="122" doraHaiUra="81" who="1" fromWho="1" sc="265,-22,235,96,245,-22,225,-22" /><INIT seed="1,3,0,4,5,60" ten="243,331,223,203" oya="1" hai0="51,56,75,3,113,57,42,114,124,127,121,58,32" hai1="52,77,5,99,26,71,45,129,94,109,11,96,134" hai2="118,8,33,120,14,117,47,62,44,105,76,37,90" hai3="64,7,103,35,48,9,1,43,122,39,92,4,132"/><U38/><E134/><V89/><F120/><W15/><G122/><T22/><D32/><U27/><E129/><V128/><F33/><W110/><G132/><T123/><D3/><U19/><E77/><V84/><F105/><W133/><G133/><T68/><D68/><U91/><E71/><V49/><F37/><W28/><G110/><T69/><D69/><U79/><E79/><V101/><F101/><W55/><G39/><T41/><D75/><U30/><E109/><V18/><F128/><W73/><G73/><T80/><D80/><U108/><E108/><V66/><F47/><W21/><G43/><N who="0" m="16395" /><D22/><N who="1" m="15735" /><E38/><V16/><F117/><W125/><G125/><N who="0" m="48203" /><D51/><N who="1" m="28783" /><E5/><N who="2" m="3343" /><F118/><W34/><G7/><T112/><AGARI ba="3,0" hai="56,57,58,112,113,114,121,123" m="48203,16395" machi="112" ten="50,8000,1" yaku="28,2,18,1,34,2" doraHai="60" who="0" fromWho="0" sc="243,89,331,-43,223,-23,203,-23" /><INIT seed="2,0,0,5,5,16" ten="332,288,200,180" oya="2" hai0="135,13,125,89,58,131,36,24,31,29,33,3,57" hai1="26,116,15,10,38,21,103,37,5,65,47,126,119" hai2="39,100,82,28,61,51,86,34,106,115,73,101,63" hai3="35,98,18,66,84,6,42,46,110,75,108,62,117"/><V118/><F115/><W55/><G117/><T114/><D114/><U90/><E126/><V27/><F39/><W44/><G75/><T121/><D3/><U49/><E103/><V2/><F118/><W52/><G35/><T68/><D68/><U17/><E65/><V105/><F73/><W25/><G6/><T96/><D36/><U30/><E38/><V97/><F2/><W79/><G98/><T77/><D77/><U20/><E37/><V4/><F4/><W0/><G0/><T12/><D121/><U95/><E95/><V88/><F101/><W32/><G79/><T69/><D69/><U120/><E120/><V40/><REACH who="2" step="1"/><F105/><REACH who="2" ten="332,288,190,180" step="2"/><W127/><G127/><T85/><D125/><U1/><REACH who="1" step="1"/><E90/><REACH who="1" ten="332,278,190,180" step="2"/><V111/><F111/><W54/><G110/><T48/><D89/><U124/><E124/><V67/><F67/><W72/><G66/><T60/><D131/><U104/><E104/><V102/><F102/><W113/><G108/><T14/><D135/><U8/><E8/><V22/><F22/><W23/><G113/><T53/><D33/><U99/><E99/><V50/><F50/><W41/><G32/><T130/><D48/><U78/><E78/><V76/><F76/><W93/><G72/><T74/><D96/><U56/><E56/><V11/><F11/><W112/><G112/><T64/><D58/><U70/><E70/><V81/><F81/><W43/><G62/><T123/><D57/><U9/><E9/><V132/><F132/><W128/><G128/><T94/><D60/><U59/><E59/><V134/><F134/><W91/><AGARI ba="0,2" hai="18,23,25,41,42,43,44,46,52,54,55,84,91,93" machi="91" ten="40,8000,1" yaku="5,1,0,1,8,1,52,1,54,1" doraHai="16" who="3" fromWho="3" sc="332,-20,278,-20,190,-40,180,100" /><INIT seed="3,0,0,5,2,98" ten="312,258,150,280" oya="3" hai0="91,4,52,105,99,48,23,120,12,92,102,62,88" hai1="41,42,95,22,75,86,0,57,69,50,90,87,47" hai2="40,66,84,83,56,71,81,101,14,37,78,29,9" hai3="51,110,121,68,129,133,20,21,76,8,60,58,106"/><W63/><G121/><T124/><D120/><U77/><E69/><V3/><F71/><W19/><G129/><T117/><D117/><U46/><E0/><V111/><F111/><W67/><G133/><T10/><D124/><U1/><E1/><V16/><F3/><W123/><G123/><T114/><D114/><U112/><E112/><V59/><F66/><W54/><G110/><T107/><D62/><U30/><E75/><V72/><F29/><W49/><G106/><T43/><D43/><U93/><E57/><V94/><F37/><W25/><G8/><T26/><D107/><U109/><E109/><V7/><F40/><W100/><G100/><T134/><D105/><U130/><E130/><V35/><F35/><W116/><G116/><T32/><D32/><U97/><E77/><V24/><F24/><W64/><G76/><T125/><D125/><U65/><E65/><V82/><F7/><W108/><G108/><T17/><D134/><U27/><REACH who="1" step="1"/><E95/><REACH who="1" ten="312,248,150,280" step="2"/><V132/><F132/><W28/><REACH who="3" step="1"/><G67/><REACH who="3" ten="312,248,150,270" step="2"/><T119/><D119/><U53/><E53/><V38/><F38/><AGARI ba="0,2" hai="22,27,30,38,41,42,46,47,50,86,87,90,93,97" machi="38" ten="30,2000,0" yaku="1,1,7,1,53,0" doraHai="98" doraHaiUra="15" who="1" fromWho="2" sc="312,0,248,40,150,-20,270,0" owari="312,41.2,288,8.8,130,-37.0,270,-13.0" /></mjloggm>