<mjloggm ver="2.3"><GO type="225" lobby="0"/><UN n0="%E6%80%AA%E3%81%97%E3%81%99%E3%81%8E%E3%82%8B%E3%83%81%E3%83%BC" n1="%E3%81%86%E3%81%A9%E3%82%93%E3%81%93" n2="%E5%AE%AE%E4%BF%9D%E9%B6%8F%E8%82%89" n3="%72%61%6B%33" dan="16,16,16,16" rate="2076.48,2128.07,2139.02,2151.19" sx="M,M,M,M"/><TAIKYOKU oya="0"/><INIT seed="0,0,0,1,0,34" ten="250,250,250,250" oya="0" hai0="118,14,23,90,79,2,100,103,102,93,119,135,54" hai1="18,1,66,124,99,11,76,19,15,133,88,44,67" hai2="132,65,45,69,64,114,134,108,107,3,35,116,12" hai3="75,70,37,49,129,73,127,4,26,53,128,6,25"/><T115/><D115/><U40/><E133/><N who="2" m="51307" /><F107/><W61/><G37/><T92/><D135/><U52/><E124/><V110/><F35/><W77/><G127/><T62/><D2/><U104/><E76/><V10/><F114/><W74/><G77/><T72/><D72/><U0/><E19/><N who="2" m="8599" /><F116/><W63/><G49/><T50/><D79/><U22/><E52/><V130/><F130/><N who="3" m="50283" /><G53/><T43/><D62/><N who="3" m="23561" /><G70/><T36/><D43/><U86/><E99/><V59/><F69/><W78/><G78/><T96/><D36/><U121/><E104/><V98/><F59/><W101/><G101/><T9/><D23/><U83/><E121/><V105/><F45/><W32/><G32/><T16/><REACH who="0" step="1"/><D92/><REACH who="0" ten="240,250,250,250" step="2"/><U120/><E120/><V38/><F38/><W48/><G48/><T42/><D42/><U84/><E0/><V27/><F3/><W123/><G123/><T82/><D82/><U109/><E1/><V58/><F105/><W56/><G56/><AGARI ba="0,1" hai="9,14,16,50,54,56,90,93,96,100,102,103,118,119" machi="56" ten="40,3900,0" yaku="1,1,54,1,53,0" doraHai="34" doraHaiUra="17" who="0" fromWho="3" sc="240,49,250,0,250,0,250,-39" /><INIT seed="0,1,0,4,0,48" ten="289,250,250,211" oya="0" hai0="126,89,30,102,71,70,108,124,96,88,38,133,65" hai1="107,7,13,14,52,73,26,44,2,94,122,5,21" hai2="1,98,106,121,130,3,41,103,18,80,53,100,4" hai3="92,67,123,83,112,23,34,104,110,17,29,99,57"/><T15/><D38/><U119/><E107/><V60/><F121/><W78/><G110/><T9/><D108/><U20/><E122/><V101/><F130/><W33/><G123/><T16/><D30/><U93/><E73/><V54/><F41/><W120/><G104/><N who="0" m="63559" /><D133/><U86/><E2/><V51/><F60/><W82/><G112/><T39/><D39/><U19/><E119/><V22/><F1/><W90/><G120/><T31/><D31/><U64/><E64/><V131/><F131/><W58/><G29/><T42/><D42/><U116/><E116/><V12/><F80/><W84/><G83/><T79/><D79/><U95/><E86/><V47/><REACH who="2" step="1"/><F54/><REACH who="2" ten="289,250,240,211" step="2"/><W75/><G67/><T77/><D65/><U43/><E43/><V36/><F36/><W91/><G75/><T117/><D117/><U46/><E52/><V111/><F111/><W72/><G72/><T28/><D71/><U68/><E68/><V127/><F127/><N who="0" m="48682" /><D70/><U50/><E50/><V8/><AGARI ba="1,1" hai="3,4,8,12,18,22,47,51,53,98,100,101,103,106" machi="8" ten="30,4000,0" yaku="1,1,0,1,52,1,53,0" doraHai="48" doraHaiUra="59" who="2" fromWho="2" sc="289,-21,250,-11,240,53,211,-11" /><INIT seed="1,0,0,2,0,42" ten="268,239,293,200" oya="1" hai0="127,10,101,116,26,126,87,34,89,44,104,74,33" hai1="117,49,81,16,80,63,107,57,15,64,90,112,36" hai2="129,120,18,71,88,98,46,82,6,134,118,96,0" hai3="93,121,37,3,53,110,41,76,19,131,78,25,75"/><U28/><E112/><V40/><F118/><W99/><G121/><T8/><D74/><U59/><E36/><V135/><F71/><W45/><G3/><T95/><D116/><U85/><E107/><V62/><F120/><W79/><G75/><T102/><D44/><U130/><E130/><V39/><F129/><W29/><G131/><T97/><D102/><U92/><E28/><V56/><F18/><W111/><G19/><T50/><D50/><U12/><E12/><V72/><F6/><W9/><G9/><N who="0" m="3691" /><D26/><U84/><E117/><V68/><F68/><W103/><REACH who="3" step="1"/><G53/><REACH who="3" ten="268,239,293,190" step="2"/><T132/><D132/><N who="2" m="50730" /><F0/><W66/><G66/><T133/><D133/><U23/><E85/><N who="2" m="50231" /><F72/><W24/><G24/><T20/><D87/><U113/><E113/><V67/><AGARI ba="0,1" hai="39,40,46,56,62,67,96,98" m="50231,50730" machi="67" ten="30,4000,0" yaku="20,1,52,1,54,1" doraHai="42" who="2" fromWho="2" sc="268,-10,239,-20,293,50,190,-10" /><INIT seed="2,0,0,5,2,122" ten="258,219,343,180" oya="2" hai0="42,105,32,75,71,29,1,52,48,38,118,44,62" hai1="91,97,123,17,107,14,9,51,34,21,39,18,20" hai2="129,28,133,87,10,127,61,76,19,67,25,30,66" hai3="77,104,33,134,49,63,68,82,124,53,57,13,40"/><V106/><F106/><W46/><G124/><T3/><D118/><U103/><E39/><V92/><F127/><W47/><G134/><T45/><D75/><U8/><E34/><V119/><F119/><W59/><G33/><T108/><D108/><U101/><E123/><V0/><F0/><W120/><G104/><T86/><D105/><U85/><E51/><V31/><F129/><W109/><G109/><T79/><D29/><U74/><E103/><V64/><F133/><W6/><G120/><T131/><D131/><U35/><E35/><V4/><F4/><W72/><G68/><T94/><D32/><U113/><E74/><V121/><F121/><W81/><G81/><T128/><D128/><U96/><E96/><V102/><F76/><W130/><G130/><T16/><D16/><U58/><E58/><V37/><F37/><W84/><G72/><T126/><D126/><U24/><REACH who="1" step="1"/><E113/><REACH who="1" ten="258,209,343,180" step="2"/><V88/><F102/><W11/><REACH who="3" step="1"/><G63/><REACH who="3" ten="258,209,343,170" step="2"/><T70/><D62/><U83/><AGARI ba="0,2" hai="8,9,14,17,18,20,21,24,83,85,91,97,101,107" machi="83" ten="20,8000,1" yaku="1,1,2,1,0,1,7,1,53,1" doraHai="122" doraHaiUra="98" who="1" fromWho="1" sc="258,-20,209,100,343,-40,170,-20" /><INIT seed="3,0,0,1,5,127" ten="238,309,303,150" oya="3" hai0="43,54,6,14,111,89,16,5,27,125,131,62,20" hai1="38,57,66,134,77,36,10,40,1,11,46,9,71" hai2="37,119,25,61,63,59,53,35,107,103,86,133,28" hai3="80,132,112,44,79,81,122,130,23,98,39,64,88"/><W7/><G122/><T84/><D131/><U31/><E38/><V74/><F119/><W91/><G112/><T58/><D111/><U72/><E31/><V104/><F74/><W70/><G130/><T110/><D110/><U85/><E85/><V2/><F37/><W96/><G132/><T99/><D125/><U4/><E71/><V34/><F2/><W50/><G39/><T90/><D43/><U19/><E19/><V3/><F3/><W52/><G7/><T32/><D32/><U48/><E134/><V41/><F133/><W102/><G23/><T93/><D14/><U13/><E13/><V24/><F41/><W51/><G98/><T97/><D97/><U135/><E135/><V55/><F103/><W17/><G17/><T8/><D8/><U92/><E92/><AGARI ba="0,0" hai="5,6,16,20,27,54,58,62,84,89,90,92,93,99" machi="92" ten="30,8000,1" yaku="7,1,25,2,8,1,54,1" doraHai="127" who="0" fromWho="1" sc="238,80,309,-80,303,0,150,0" owari="318,41.8,229,-17.1,303,10.3,150,-35.0" /></mjloggm>