<mjloggm ver="2.3"><GO type="225" lobby="0"/><UN n0="%72%61%6B%33" n1="%E3%81%A0%E3%81%8A" n2="%E3%81%A6%E3%81%A4%EF%BC%A3" n3="%E9%87%8E%E3%80%85%E5%AE%AE%E8%97%8D" dan="17,16,16,17" rate="2241.10,2037.96,2070.81,2153.46" sx="M,M,M,F"/><TAIKYOKU oya="0"/><INIT seed="0,0,0,1,3,102" ten="250,250,250,250" oya="0" hai0="37,40,11,67,107,88,114,96,129,79,83,36,45" hai1="26,24,95,43,103,71,7,94,52,117,65,46,101" hai2="41,17,12,31,69,22,29,16,1,77,72,110,125" hai3="119,42,84,59,49,87,58,53,81,108,39,70,51"/><T30/><D114/><U118/><E7/><V122/><F69/><W62/><G119/><T121/><D121/><U15/><E71/><V73/><F122/><W89/><G108/><T123/><D123/><U38/><E65/><V105/><F105/><W57/><G70/><T35/><D129/><U90/><E15/><V4/><F41/><W28/><G28/><T75/><D67/><U33/><E52/><V86/><F86/><W32/><G32/><T9/><D37/><U112/><E112/><V48/><F48/><W106/><G106/><T18/><D18/><U109/><E109/><V0/><F77/><W61/><G39/><T134/><D134/><U10/><E10/><V55/><F55/><W115/><G87/><T27/><REACH who="0" step="1"/><D107/><REACH who="0" ten="240,250,250,250" step="2"/><U91/><E38/><V78/><F110/><W124/><G115/><T97/><D97/><U127/><E117/><V13/><F4/><W113/><G113/><T54/><D54/><U116/><E118/><V104/><F104/><W85/><G53/><T120/><D120/><U133/><E116/><V126/><F78/><W23/><G42/><T135/><D135/><U82/><E133/><V3/><F3/><W14/><G124/><T34/><D34/><U92/><E127/><V130/><F130/><W99/><G99/><T5/><D5/><U25/><E33/><V132/><F132/><W56/><G56/><T131/><D131/><U98/><E98/><V21/><AGARI ba="0,1" hai="0,1,12,13,16,17,21,22,29,31,72,73,125,126" machi="21" ten="25,6400,0" yaku="0,1,22,2,54,1" doraHai="102" who="2" fromWho="2" sc="240,-32,250,-16,250,74,250,-16" /><INIT seed="1,0,0,3,4,108" ten="208,234,324,234" oya="1" hai0="61,44,15,31,134,70,133,105,14,118,129,104,51" hai1="28,58,26,111,99,45,18,101,85,92,110,50,57" hai2="100,19,125,13,2,56,60,6,25,62,54,97,33" hai3="135,59,74,49,38,66,76,53,113,126,102,30,123"/><U114/><E18/><V84/><F125/><W3/><G123/><T103/><D118/><U1/><E1/><V122/><F122/><W127/><G3/><T130/><D31/><U71/><E71/><V69/><F2/><W88/><G38/><T9/><D61/><U121/><E121/><V98/><F6/><W94/><G102/><T120/><D70/><U115/><E85/><V21/><F84/><W82/><G135/><N who="0" m="51723" /><D120/><U65/><E110/><V64/><F97/><W87/><G113/><T35/><D35/><U96/><E96/><V16/><F33/><W20/><REACH who="3" step="1"/><G66/><REACH who="3" ten="208,234,324,224" step="2"/><T12/><D103/><U40/><E111/><V72/><F100/><W63/><G63/><T46/><D9/><U8/><E8/><V5/><F62/><W117/><G117/><T86/><D86/><U37/><E37/><V112/><F112/><W128/><G128/><N who="0" m="49259" /><D51/><U78/><E114/><V132/><F69/><W131/><G131/><T36/><D36/><U52/><E115/><V90/><F132/><W23/><G23/><T4/><D4/><U83/><E65/><V43/><F5/><W91/><G91/><T119/><D119/><U29/><E50/><V124/><F90/><W107/><G107/><AGARI ba="0,1" hai="12,14,15,44,46,104,105,107" m="49259,51723" machi="107" ten="40,8000,1" yaku="28,2,20,1,19,1" doraHai="108" who="0" fromWho="3" sc="208,90,234,0,324,0,224,-80" /><INIT seed="2,0,0,3,0,44" ten="298,234,324,144" oya="2" hai0="90,106,67,79,86,87,39,133,34,9,72,89,132" hai1="121,113,19,69,81,125,102,109,108,83,30,68,52" hai2="51,26,130,5,12,42,54,135,84,122,118,64,77" hai3="92,49,58,61,40,128,104,66,114,78,129,76,31"/><V11/><F122/><W17/><G104/><T23/><D34/><U95/><E113/><V21/><F118/><W43/><G31/><T93/><D39/><U55/><E125/><V107/><F135/><N who="0" m="51786" /><D9/><U62/><E121/><V71/><F107/><W15/><G92/><N who="0" m="54327" /><D23/><U22/><E30/><V41/><F130/><N who="3" m="50283" /><G114/><T47/><D47/><U99/><E81/><N who="2" m="47151" /><F64/><W28/><G28/><T103/><D67/><N who="1" m="41079" /><E83/><V123/><F71/><W36/><G36/><T10/><D10/><U134/><E69/><V127/><F127/><W4/><G4/><T6/><D6/><U94/><E94/><V29/><F123/><W111/><G111/><N who="1" m="42570" /><E134/><V27/><F27/><AGARI ba="0,0" hai="19,22,27,52,55,95,99,102" m="42570,41079" machi="27" ten="30,2000,0" yaku="14,1,54,1" doraHai="44" who="1" fromWho="2" sc="298,0,234,20,324,-20,144,0" /><INIT seed="3,0,0,0,1,92" ten="298,254,304,144" oya="3" hai0="37,7,39,14,70,74,127,68,63,16,0,41,131" hai1="135,112,109,103,72,18,120,32,117,94,27,67,33" hai2="114,24,106,73,123,17,79,59,71,6,82,55,87" hai3="80,31,2,99,93,30,125,47,64,4,42,54,118"/><W43/><G118/><T15/><D74/><U5/><E72/><V56/><F114/><W113/><G113/><T40/><D0/><U29/><E112/><V12/><F71/><W20/><G64/><T124/><D131/><U89/><E117/><V75/><F106/><W46/><G125/><N who="0" m="48203" /><D7/><U34/><E120/><V52/><F73/><W76/><G4/><T105/><D105/><U96/><E109/><V95/><F123/><W49/><G2/><T85/><D85/><U22/><E135/><V8/><F75/><W25/><G31/><T107/><D107/><U111/><E67/><V61/><F95/><W21/><G21/><N who="0" m="11415" /><D15/><U78/><E78/><V28/><F6/><W98/><G47/><N who="0" m="23951" /><D63/><U13/><E111/><V110/><F110/><W122/><G122/><T134/><D134/><U48/><E48/><V115/><F115/><W35/><G35/><T38/><D41/><N who="3" m="15369" /><G93/><T36/><AGARI ba="0,0" hai="36,38,39,68,70" m="23951,11415,48203" machi="36" ten="40,2700,0" yaku="18,1,54,1" doraHai="92" who="0" fromWho="0" sc="298,27,254,-7,304,-7,144,-13" owari="325,42.5,247,-15.3,297,9.7,131,-36.9" /></mjloggm>