<mjloggm ver="2.3"><GO type="225" lobby="0"/><UN n0="%E6%A1%9C%E8%8A%B1%E9%96%83%E3%80%85" n1="%E5%BA%97%E9%95%B7%4D" n2="%E5%86%B7%E5%87%8D%E3%82%AE%E3%83%A7%E3%83%BC%E3%82%B6" n3="%E4%BF%BA%E3%81%A8%E5%A6%96%E5%A4%A2" dan="17,16,17,16" rate="2194.69,2074.84,2186.70,2119.49" sx="M,M,M,F"/><TAIKYOKU oya="0"/><INIT seed="0,0,0,3,5,22" ten="250,250,250,250" oya="0" hai0="11,59,23,27,41,121,91,88,35,117,0,75,42" hai1="80,58,63,119,110,45,13,67,31,9,95,129,5" hai2="105,36,60,116,21,6,89,39,61,128,112,130,56" hai3="43,1,19,7,104,50,65,8,32,93,85,109,52"/><T37/><D117/><U62/><E119/><V107/><F112/><W126/><G104/><N who="2" m="40009" /><F6/><W3/><G109/><T70/><D70/><U30/><E110/><V120/><F120/><W79/><G126/><T82/><D121/><U47/><E129/><N who="2" m="49771" /><F116/><W46/><G65/><T57/><D35/><U92/><E80/><V40/><F40/><W74/><G74/><T127/><D127/><U125/><E125/><V118/><F118/><W29/><G19/><T135/><D135/><U124/><E124/><V87/><F21/><W66/><G66/><T98/><D0/><U69/><E63/><N who="2" m="24139" /><F56/><N who="0" m="21578" /><D11/><U33/><E69/><V76/><F76/><W101/><G1/><T53/><D75/><U34/><E34/><V132/><F132/><W134/><G134/><T24/><D23/><U18/><E5/><V103/><F103/><W20/><G32/><T44/><D42/><U15/><E15/><V122/><F122/><W113/><G113/><T10/><D10/><U54/><E33/><V16/><F16/><W114/><G114/><T102/><D102/><U84/><E67/><V97/><F97/><W68/><G68/><T38/><D38/><N who="2" m="14378" /><F87/><W26/><G43/><T14/><D14/><U106/><E106/><V86/><F86/><W17/><G17/><T64/><D64/><U133/><E133/><V108/><F108/><W96/><REACH who="3" step="1"/><G85/><REACH who="3" ten="250,250,250,240" step="2"/><N who="0" m="50231" /><D53/><U131/><E84/><V48/><F48/><W25/><G25/><T77/><D77/><AGARI ba="0,1" hai="3,7,8,20,26,29,46,50,52,77,79,93,96,101" machi="77" ten="40,8000,1" yaku="1,1,52,1,54,1,53,1" doraHai="22" doraHaiUra="99" who="3" fromWho="0" sc="250,-80,250,0,250,0,240,90" /><INIT seed="1,0,0,0,2,0" ten="170,250,250,330" oya="1" hai0="9,37,17,7,36,113,52,11,96,41,57,20,33" hai1="102,65,82,49,67,40,45,63,26,89,48,1,39" hai2="70,38,119,78,24,55,56,91,8,3,43,90,115" hai3="104,76,114,32,6,73,68,130,51,64,42,101,116"/><U79/><E1/><V99/><F119/><W88/><G114/><T98/><D33/><U131/><E131/><V135/><F115/><W92/><G32/><T127/><D113/><U66/><E102/><V61/><F135/><W15/><G130/><T107/><D11/><U93/><E26/><V83/><F24/><W74/><G116/><T126/><D41/><U97/><REACH who="1" step="1"/><E63/><REACH who="1" ten="170,240,250,330" step="2"/><V72/><F70/><W125/><G101/><T21/><D126/><U46/><E46/><N who="2" m="23927" /><F99/><W50/><G68/><T30/><D98/><U95/><E95/><V87/><F87/><AGARI ba="0,1" hai="39,40,45,48,49,65,66,67,79,82,87,89,93,97" machi="87" ten="40,2000,0" yaku="1,1,53,0" doraHai="0" doraHaiUra="22" who="1" fromWho="2" sc="170,0,240,30,250,-20,330,0" /><INIT seed="1,1,0,4,1,22" ten="170,270,230,330" oya="1" hai0="105,64,121,49,45,8,134,90,32,27,83,132,5" hai1="80,111,20,55,118,57,86,79,24,71,7,88,53" hai2="58,87,107,47,35,48,46,104,15,84,76,52,54" hai3="92,3,100,135,127,62,50,95,73,39,61,119,77"/><U110/><E118/><V108/><F108/><N who="1" m="41513" /><E71/><V29/><F46/><W128/><G39/><T41/><D105/><U34/><E34/><V113/><F113/><W97/><G3/><T89/><D64/><U26/><E7/><V40/><F15/><W12/><G119/><T93/><D83/><N who="1" m="49247" /><E57/><V123/><F123/><W65/><G135/><T120/><D132/><U69/><E69/><V36/><F54/><N who="1" m="20489" /><E20/><V82/><REACH who="2" step="1"/><F87/><AGARI ba="1,0" hai="24,26,79,80,87" m="20489,49247,41513" machi="87" ten="30,12000,1" yaku="14,1,10,1,52,2,54,1" doraHai="22" who="1" fromWho="2" sc="170,0,270,123,230,-123,330,0" /><INIT seed="1,2,0,3,1,49" ten="170,393,107,330" oya="1" hai0="71,98,101,113,72,27,108,52,127,120,35,77,118" hai1="134,18,50,20,12,3,121,109,0,37,16,84,8" hai2="102,42,129,123,61,55,5,65,60,117,31,75,56" hai3="95,66,32,76,47,67,15,58,57,24,112,2,107"/><U133/><E37/><V105/><F117/><W39/><G112/><T88/><D113/><U131/><E121/><V44/><F123/><W83/><G107/><T81/><D120/><U125/><E84/><V119/><F119/><W85/><G2/><N who="1" m="554" /><E50/><V70/><F129/><W79/><G15/><T45/><D108/><U100/><E100/><V11/><F75/><W1/><G1/><T59/><D127/><U92/><E92/><V86/><F86/><W106/><G106/><T135/><D135/><N who="1" m="51723" /><E125/><V122/><F31/><W132/><G132/><T104/><D118/><U9/><E131/><V33/><F33/><W54/><G76/><T17/><D71/><U22/><E109/><V82/><F82/><W48/><G95/><T13/><D45/><U63/><E63/><V110/><F110/><W124/><G124/><T80/><D88/><U73/><E73/><V97/><F122/><W43/><G58/><T30/><D77/><U91/><E91/><V130/><F130/><W99/><G99/><T126/><D72/><U7/><E7/><V41/><REACH who="2" step="1"/><F44/><REACH who="2" ten="170,393,97,330" step="2"/><W46/><G47/><T90/><D126/><U115/><E115/><V78/><F78/><W36/><G36/><T96/><D96/><U87/><E87/><V21/><F21/><W64/><G32/><T29/><D81/><U14/><AGARI ba="2,1" hai="8,9,12,14,16,18,20,22" m="51723,554" machi="14" ten="40,12000,1" yaku="20,1,34,2,54,1" doraHai="49" who="1" fromWho="1" sc="170,-42,393,136,97,-42,330,-42" /><INIT seed="1,3,0,2,5,31" ten="128,529,55,288" oya="1" hai0="123,0,119,120,86,129,21,18,26,104,102,54,116" hai1="81,58,126,69,7,46,97,91,78,68,96,85,50" hai2="74,114,128,117,127,83,64,45,42,131,94,89,4" hai3="107,121,5,32,23,24,98,41,25,3,56,82,118"/><U53/><E126/><V122/><F122/><N who="0" m="46634" /><D129/><N who="2" m="49738" /><F117/><W51/><G121/><T99/><D0/><U90/><E7/><V70/><F4/><W2/><G118/><T6/><D6/><U77/><E69/><V84/><F127/><W14/><G25/><T62/><D86/><U29/><E68/><V8/><F8/><W47/><G82/><T75/><D75/><U109/><E109/><V9/><F9/><W27/><G27/><T16/><D18/><U66/><E29/><V34/><F34/><W35/><G14/><T71/><D54/><U36/><E36/><N who="2" m="21703" /><F114/><W130/><G130/><T101/><D102/><U112/><E112/><V133/><F133/><W52/><G5/><T115/><D115/><U80/><E97/><N who="2" m="57551" /><F74/><W15/><G15/><T73/><D73/><U12/><E12/><V59/><F70/><W100/><G2/><T44/><D44/><U11/><E11/><V67/><F59/><W39/><G3/><T135/><D135/><U63/><E96/><V1/><F1/><W95/><REACH who="3" step="1"/><G107/><REACH who="3" ten="128,529,55,278" step="2"/><T30/><D30/><AGARI ba="3,1" hai="23,24,30,32,35,39,41,47,51,52,56,95,98,100" machi="30" ten="30,12000,2" yaku="1,1,2,1,7,1,52,2,54,1,53,0" doraHai="31" doraHaiUra="87" who="3" fromWho="0" sc="128,-129,529,0,55,0,278,139" owari="-1,-50.1,529,62.9,55,-34.5,417,21.7" /></mjloggm>