<mjloggm ver="2.3"><GO type="225" lobby="0"/><UN n0="%E3%81%BF%E3%81%BF%E3%81%9A" n1="%2D%E8%B1%8A%E5%8F%A3%E3%82%81%E3%81%90%E3%81%BF%2D" n2="%E3%81%AF%E3%82%88%E3%81%8A%E3%81%98%E3%81%95%E3%82%93" n3="%E3%81%B5%E3%81%98%E3%81%8B%E3%81%A4" dan="17,16,17,16" rate="2245.94,2132.61,2169.89,2212.92" sx="M,F,M,M"/><TAIKYOKU oya="0"/><INIT seed="0,0,0,5,2,66" ten="250,250,250,250" oya="0" hai0="134,37,63,46,72,9,56,82,8,75,80,33,114" hai1="124,7,23,99,50,61,84,133,4,57,79,53,95" hai2="44,103,12,29,27,59,110,121,73,127,109,71,67" hai3="70,42,74,129,88,69,5,116,25,10,96,26,117"/><T40/><D114/><U14/><E124/><V17/><F121/><W39/><G74/><T13/><D33/><U76/><E133/><V87/><F73/><W52/><G129/><T102/><D102/><U113/><E113/><V131/><F103/><W108/><G117/><T97/><D97/><U41/><E23/><V118/><F127/><W120/><G116/><T36/><D134/><U64/><E41/><V93/><F118/><W28/><G26/><T92/><D92/><U94/><E94/><V89/><F131/><W122/><G52/><T86/><D36/><U101/><E14/><V11/><F59/><W105/><G108/><N who="2" m="41577" /><F44/><N who="3" m="23647" /><G105/><T104/><D8/><U16/><E16/><N who="2" m="8223" /><F67/><W22/><G96/><T65/><D82/><U126/><E126/><V111/><N who="2" m="41585" /><V100/><DORA hai="6" /><F100/><W30/><G88/><T48/><D104/><U119/><E119/><V54/><F54/><W38/><G38/><T24/><D37/><U62/><E84/><V15/><F71/><W112/><G112/><T81/><D81/><U45/><REACH who="1" step="1"/><E62/><REACH who="1" ten="250,240,250,250" step="2"/><V91/><F87/><W68/><G30/><T19/><REACH who="0" step="1"/><D24/><REACH who="0" ten="240,240,250,250" step="2"/><U90/><E90/><AGARI ba="0,2" hai="9,13,19,40,46,48,56,63,65,72,75,80,86,90" machi="90" ten="30,18000,2" yaku="1,1,2,1,7,1,52,1,53,2" doraHai="66,6" doraHaiUra="58,83" who="0" fromWho="1" sc="240,200,240,-180,250,0,250,0" /><INIT seed="0,1,0,4,5,38" ten="440,60,250,250" oya="0" hai0="76,4,123,5,14,25,41,43,108,9,15,64,42" hai1="133,68,26,28,7,75,1,110,12,11,19,34,36" hai2="73,113,35,134,48,13,72,121,3,109,47,86,128" hai3="53,116,31,79,30,65,67,85,46,120,92,131,117"/><T32/><D123/><U96/><E75/><V71/><RYUUKYOKU type="yao9" ba="1,0" sc="440,0,60,0,250,0,250,0" hai2="3,13,35,47,48,71,72,73,86,109,113,121,128,134" /><INIT seed="0,2,0,2,5,95" ten="440,60,250,250" oya="0" hai0="30,120,114,19,106,82,69,91,130,47,49,100,92" hai1="38,94,13,97,34,64,87,81,37,9,2,43,31" hai2="66,20,72,134,119,21,68,56,62,104,39,48,7" hai3="3,27,28,112,79,76,121,89,4,61,108,63,131"/><T115/><D120/><U90/><E2/><V14/><F72/><W70/><G112/><T127/><D69/><U44/><E64/><V11/><F104/><W50/><G121/><T71/><D71/><U129/><E129/><V22/><F39/><W86/><G131/><T45/><D30/><U57/><E57/><V67/><F134/><W40/><G63/><T109/><D106/><U80/><E38/><V118/><F67/><W16/><G4/><T132/><D132/><U59/><E59/><V55/><AGARI ba="2,0" hai="7,11,14,20,21,22,48,55,56,62,66,68,118,119" machi="55" ten="30,1100,0" yaku="0,1" doraHai="95" who="2" fromWho="2" sc="440,-7,60,-5,250,17,250,-5" /><INIT seed="1,0,0,1,0,121" ten="433,55,267,245" oya="1" hai0="106,104,92,0,43,107,51,81,40,135,75,87,96" hai1="131,82,36,73,29,60,9,119,130,97,85,15,112" hai2="70,27,42,44,101,13,61,47,20,23,102,3,18" hai3="64,79,133,24,118,65,93,57,25,45,74,114,129"/><U128/><E112/><V41/><F3/><W55/><G114/><T113/><D113/><U98/><E36/><V116/><F116/><W53/><G133/><T49/><D0/><U54/><E73/><V66/><F44/><W17/><G74/><T105/><D75/><U7/><E29/><V126/><F126/><W95/><G79/><T108/><D135/><U99/><E119/><V100/><REACH who="2" step="1"/><F47/><REACH who="2" ten="433,55,257,245" step="2"/><W16/><G45/><T14/><D40/><U31/><E31/><AGARI ba="0,1" hai="13,18,20,23,27,31,41,42,61,66,70,100,101,102" machi="31" ten="40,5200,0" yaku="1,1,2,1,53,1" doraHai="121" doraHaiUra="11" who="2" fromWho="1" sc="433,0,55,-52,257,62,245,0" /><INIT seed="2,0,0,4,4,102" ten="433,3,319,245" oya="2" hai0="67,120,63,88,68,1,103,25,12,110,44,21,119" hai1="5,116,61,49,64,86,30,81,114,6,60,113,118" hai2="92,104,13,11,48,71,99,22,53,124,56,105,20" hai3="123,130,40,39,43,94,84,96,37,47,58,82,31"/><V108/><F124/><W50/><G123/><T52/><D120/><U127/><E30/><V34/><F71/><W19/><G130/><T72/><D1/><U128/><E49/><V135/><F135/><W129/><G129/><T125/><D72/><U122/><E128/><V85/><F34/><W32/><G58/><T42/><D103/><U69/><E122/><V45/><F108/><W0/><G0/><T93/><D125/><U73/><E127/><V109/><F109/><W7/><G7/><T29/><D110/><U91/><E73/><V111/><F111/><W38/><G19/><T70/><D70/><U57/><E5/><V79/><F56/><W15/><G15/><T65/><D119/><U95/><E6/><V55/><F55/><W23/><G32/><T35/><D67/><U46/><E46/><V2/><F2/><W101/><G23/><T54/><D12/><U3/><E3/><V9/><F22/><W16/><G31/><T131/><D131/><U24/><E24/><V74/><F74/><W112/><G112/><T97/><D35/><U121/><E121/><V80/><F20/><W106/><G106/><T117/><D117/><N who="1" m="45163" /><E81/><V89/><REACH who="2" step="1"/><F9/><REACH who="2" ten="433,3,309,245" step="2"/><W27/><G40/><T66/><D65/><N who="1" m="41135" /><E114/><V115/><F115/><W17/><REACH who="3" step="1"/><G27/><REACH who="3" ten="433,3,309,235" step="2"/><T78/><D54/><N who="1" m="33847" /><E113/><V90/><F90/><AGARI ba="0,2" hai="16,17,37,38,39,43,47,50,82,84,90,94,96,101" machi="90" ten="40,5200,0" yaku="1,1,54,1,53,1" doraHai="102" doraHaiUra="83" who="3" fromWho="2" sc="433,0,3,0,309,-52,235,72" /><INIT seed="3,0,0,3,1,88" ten="433,3,257,307" oya="3" hai0="133,130,57,80,111,102,47,34,119,84,5,8,66" hai1="51,36,55,23,82,73,89,85,27,28,14,42,39" hai2="91,2,37,129,108,13,0,125,26,134,21,1,109" hai3="18,54,60,10,53,29,11,43,50,96,126,63,132"/><W121/><G126/><T70/><D119/><U98/><E73/><V127/><F37/><W16/><G132/><T4/><D34/><U38/><E42/><V22/><F91/><W62/><G121/><T61/><D133/><U67/><E67/><V3/><N who="2" m="0" /><DORA hai="40" /><V104/><F104/><W6/><G29/><T75/><D75/><U72/><E72/><V120/><F134/><W32/><G32/><T92/><D130/><U83/><E83/><V48/><F48/><W105/><G105/><T30/><D30/><U44/><E14/><V101/><F101/><W9/><G6/><T90/><D111/><N who="2" m="42570" /><F129/><W79/><G79/><T64/><D47/><U41/><E98/><V31/><F120/><W117/><G96/><N who="0" m="59655" /><D70/><U71/><E71/><V52/><F52/><N who="3" m="20075" /><G117/><T131/><D131/><U7/><E7/><N who="0" m="2633" /><D8/><U128/><E128/><V110/><N who="2" m="42578" /><V87/><DORA hai="118" /><F87/><W93/><G93/><N who="0" m="54471" /><D66/><U45/><E38/><V115/><F115/><W81/><G81/><AGARI ba="0,0" hai="57,61,64,80,81" m="54471,2633,59655" machi="81" ten="30,3900,0" yaku="8,1,52,2" doraHai="88,40,118" who="0" fromWho="3" sc="433,39,3,0,257,0,307,-39" owari="472,57.2,3,-49.7,257,-14.3,268,6.8" /></mjloggm>