<mjloggm ver="2.3"><GO type="225" lobby="0"/><UN n0="%E8%81%B7%E6%A5%AD%E3%80%81%E9%A2%A8%32" n1="%E6%A1%9C%E8%8A%B1%E9%96%83%E3%80%85" n2="%65%6B%61%72%75%74%65" n3="%E7%B4%94%E6%BD%94%E3%83%94%E3%83%A9%E3%83%8B%E3%82%A2" dan="16,17,16,18" rate="2137.23,2168.40,2204.43,2308.86" sx="M,M,M,M"/><TAIKYOKU oya="0"/><INIT seed="0,0,0,0,1,122" ten="250,250,250,250" oya="0" hai0="39,49,55,88,76,69,97,119,6,9,118,104,107" hai1="92,28,12,75,10,79,46,54,51,74,84,41,63" hai2="94,85,131,4,73,5,21,14,52,117,59,83,0" hai3="18,42,58,124,82,48,61,27,60,2,86,90,113"/><T128/><D39/><U43/><E28/><V66/><F117/><W32/><G113/><T11/><D69/><U123/><E123/><V20/><F0/><W8/><G124/><T67/><D67/><U13/><E13/><V110/><F73/><W7/><G42/><T26/><D128/><U116/><E116/><V40/><F40/><W126/><G126/><T99/><D76/><U95/><E74/><V133/><F66/><W115/><G115/><T108/><D26/><U36/><E75/><V37/><F37/><W127/><G127/><T68/><D68/><U70/><E70/><V62/><F131/><W121/><G121/><T35/><D35/><U31/><E31/><V57/><F94/><N who="1" m="35881" /><E63/><N who="2" m="36263" /><F133/><W125/><G125/><T29/><D29/><U96/><E96/><V129/><F129/><W106/><G106/><T87/><D6/><N who="2" m="2666" /><F14/><W101/><G32/><T65/><D107/><U53/><E41/><V89/><F110/><W24/><G24/><T78/><D108/><U25/><E25/><V105/><F105/><W47/><G27/><T72/><D104/><U120/><E120/><V135/><F135/><W93/><G18/><T130/><D130/><U134/><E134/><V77/><F89/><W114/><G114/><T112/><D112/><U22/><E36/><V30/><F30/><W1/><G1/><T16/><D72/><U34/><E34/><V15/><F15/><W38/><G38/><T81/><D118/><U50/><E10/><V3/><F3/><W71/><G71/><T100/><D11/><U64/><E64/><V23/><F23/><W91/><G2/><RYUUKYOKU ba="0,0" sc="250,-10,250,-10,250,30,250,-10" hai2="20,21,59,62,77,83,85" /><INIT seed="1,1,0,3,2,9" ten="240,240,280,240" oya="1" hai0="10,68,56,66,38,102,99,101,116,78,53,111,85" hai1="43,60,128,129,69,0,34,72,103,117,113,23,27" hai2="62,109,57,35,88,135,104,134,74,124,93,45,24" hai3="97,82,86,32,58,131,130,76,120,6,123,15,59"/><U41/><E113/><V71/><F74/><W115/><G32/><T121/><D116/><U2/><E72/><V112/><F104/><W39/><G39/><T16/><D111/><U29/><E117/><V132/><F109/><W3/><G3/><N who="1" m="1066" /><E23/><V96/><F124/><W90/><G115/><T19/><D38/><U48/><E48/><V87/><F112/><W22/><G59/><T105/><D121/><U75/><E75/><V79/><F71/><W73/><G58/><T114/><D114/><U49/><E49/><V95/><F45/><W4/><G4/><T65/><D68/><U133/><E103/><N who="0" m="39433" /><D105/><U107/><E107/><V14/><F24/><W21/><G97/><T17/><D99/><U83/><E83/><N who="2" m="47615" /><F95/><N who="3" m="54743" /><G120/><T91/><D78/><U12/><E133/><V44/><F44/><W33/><G33/><T11/><D11/><U81/><E81/><V8/><F35/><W31/><G31/><T100/><D10/><U106/><E106/><V26/><F26/><W94/><G94/><N who="0" m="54639" /><D100/><U30/><E30/><V5/><F57/><W52/><G123/><T51/><AGARI ba="1,0" hai="16,17,19,51,53,56,65,66" m="54639,39433" machi="51" ten="30,2000,0" yaku="8,1,54,1" doraHai="9" who="0" fromWho="0" sc="240,23,240,-11,280,-6,240,-6" /><INIT seed="2,0,0,3,5,101" ten="263,229,274,234" oya="2" hai0="30,11,77,113,112,35,3,83,118,134,6,19,89" hai1="97,80,94,124,108,127,2,47,37,26,56,99,120" hai2="93,55,24,87,20,41,110,45,22,34,38,85,9" hai3="15,81,130,25,75,123,133,52,4,132,66,115,67"/><V32/><F110/><W96/><G123/><T57/><D134/><N who="3" m="51817" /><G25/><T105/><D118/><U131/><E108/><V18/><F9/><N who="3" m="4519" /><G130/><T61/><D89/><U42/><E131/><V103/><F55/><W12/><G12/><T0/><D0/><U128/><E128/><V16/><F87/><W29/><G29/><T54/><D105/><U91/><E120/><V60/><F60/><W65/><G96/><T71/><D71/><U28/><E2/><V13/><REACH who="2" step="1"/><F103/><REACH who="2" ten="263,229,264,234" step="2"/><W104/><G52/><T125/><D54/><U69/><E127/><V8/><F8/><W14/><G115/><T27/><D125/><U76/><E124/><V64/><F64/><W5/><G75/><T82/><D112/><U95/><E42/><V100/><F100/><W122/><G122/><T51/><D61/><U1/><E97/><V121/><F121/><W40/><G40/><T23/><D113/><U33/><E99/><V74/><F74/><W129/><G129/><T53/><REACH who="0" step="1"/><D77/><REACH who="0" ten="253,229,264,234" step="2"/><U73/><E76/><V90/><AGARI ba="0,2" hai="13,16,18,20,22,24,32,34,38,41,45,85,90,93" machi="90" ten="30,6000,0" yaku="1,1,0,1,54,1,53,0" doraHai="101" doraHaiUra="102" who="2" fromWho="2" sc="253,-20,229,-20,264,80,234,-20" /><INIT seed="2,1,0,5,3,43" ten="233,209,344,214" oya="2" hai0="83,123,108,33,116,89,20,55,37,135,56,14,26" hai1="4,64,119,109,27,30,127,44,53,1,6,79,35" hai2="129,110,39,107,132,31,100,25,76,134,133,125,102" hai3="15,24,96,16,93,61,18,104,103,105,2,22,67"/><V62/><F39/><W54/><G54/><T72/><D108/><U42/><E119/><V128/><F110/><W17/><G2/><T101/><D123/><U97/><E109/><V84/><F62/><W92/><G92/><T60/><D116/><U86/><E127/><V88/><F76/><W0/><G0/><T8/><D37/><U77/><E64/><V46/><F46/><W12/><G12/><T131/><D135/><U78/><E53/><V112/><F112/><W94/><G94/><T50/><D101/><N who="2" m="39018" /><F107/><W87/><G87/><N who="0" m="50431" /><D72/><U63/><E63/><V115/><F115/><W98/><G98/><T28/><D33/><U85/><E97/><V130/><F125/><W117/><G117/><T23/><D131/><U80/><E1/><V106/><F106/><W59/><G15/><T68/><D68/><U49/><REACH who="1" step="1"/><E86/><REACH who="1" ten="233,199,344,214" step="2"/><V81/><F130/><W32/><G32/><AGARI ba="1,1" hai="25,31,32,81,84,88,128,129,132,133,134" m="39018" machi="32" ten="40,3900,0" yaku="20,1,54,1" doraHai="43" who="2" fromWho="3" sc="233,0,199,0,344,52,214,-42" /><INIT seed="2,2,0,4,4,22" ten="233,199,396,172" oya="2" hai0="134,24,131,74,69,103,13,38,61,80,86,88,96" hai1="83,19,121,57,46,91,125,18,122,51,71,34,118" hai2="21,126,68,105,84,15,56,115,76,132,45,6,113" hai3="107,124,75,40,135,3,79,26,14,67,17,0,98"/><V102/><F68/><W114/><G114/><T10/><D38/><U66/><E118/><V60/><F105/><W33/><G124/><T133/><D131/><U32/><E71/><V109/><F102/><N who="3" m="62935" /><G14/><T48/><D48/><U90/><E125/><V5/><F45/><W72/><G17/><N who="1" m="6154" /><E66/><V92/><F6/><W108/><G40/><T41/><D41/><N who="1" m="25039" /><E57/><V44/><F44/><W11/><G108/><T30/><D74/><N who="3" m="28201" /><G79/><T29/><D69/><U23/><E23/><V59/><F76/><W93/><G93/><T27/><D61/><U116/><E116/><V53/><F92/><W9/><G9/><T55/><D55/><U37/><E37/><V78/><F5/><N who="3" m="1447" /><G67/><T87/><D87/><N who="1" m="50559" /><E91/><V128/><F126/><W89/><G89/><T42/><D42/><U81/><E81/><V82/><F109/><W7/><G7/><N who="0" m="3295" /><D103/><U12/><E12/><V1/><F15/><W119/><G119/><T28/><D96/><U43/><E43/><V70/><F115/><W130/><G130/><T47/><D47/><U95/><E95/><V50/><F128/><W31/><G3/><T49/><D49/><U36/><E36/><V58/><F1/><W77/><G77/><T97/><D97/><U20/><E20/><V117/><F113/><W94/><G94/><T73/><D73/><U123/><AGARI ba="2,0" hai="32,34,121,122,123" m="50559,25039,6154" machi="123" ten="40,1500,0" yaku="13,1" doraHai="22" who="1" fromWho="1" sc="233,-6,199,21,396,-9,172,-6" /><INIT seed="3,0,0,1,3,55" ten="227,220,387,166" oya="3" hai0="14,7,93,129,5,124,85,45,132,102,38,54,58" hai1="83,123,10,108,105,34,75,61,63,39,13,30,60" hai2="80,90,135,69,100,20,41,73,91,25,57,17,26" hai3="78,49,3,27,127,0,12,22,110,56,18,130,53"/><W74/><G127/><T43/><D124/><U40/><E123/><V4/><F41/><W52/><G130/><T103/><D129/><U51/><E39/><V47/><F91/><W99/><G110/><T70/><D132/><U44/><E105/><V84/><F90/><W37/><G37/><T133/><D70/><U64/><E108/><V88/><F88/><W81/><G99/><T24/><D133/><U107/><E107/><V79/><F84/><W134/><G134/><T48/><D85/><U2/><E2/><V8/><F25/><W29/><REACH who="3" step="1"/><G53/><REACH who="3" ten="227,220,387,156" step="2"/><T104/><D54/><U98/><E98/><V101/><F135/><W59/><G59/><T126/><D58/><U117/><E117/><V112/><F57/><W9/><AGARI ba="0,1" hai="0,3,9,12,18,22,27,29,49,52,56,74,78,81" machi="9" ten="20,12000,1" yaku="1,1,0,1,7,1,52,1,54,1,53,0" doraHai="55" doraHaiUra="131" who="3" fromWho="3" sc="227,-40,220,-40,387,-40,156,130" /><INIT seed="3,1,0,4,4,38" ten="187,180,347,286" oya="3" hai0="5,108,27,69,88,64,89,39,113,13,34,95,125" hai1="104,110,84,57,29,74,6,100,73,78,22,65,36" hai2="45,62,132,131,99,56,9,83,127,20,68,121,41" hai3="116,55,2,28,98,134,46,124,75,16,44,17,35"/><W107/><G116/><T93/><D39/><U67/><E36/><V114/><F20/><W19/><G2/><T12/><D113/><U30/><E74/><V115/><F99/><W126/><G75/><T21/><D34/><U58/><E73/><V72/><F83/><W91/><G134/><T123/><D123/><U14/><E104/><V109/><F9/><W48/><G44/><T79/><D79/><U63/><E100/><V106/><F56/><N who="1" m="21609" /><E110/><V7/><F62/><W51/><G51/><T128/><D108/><U47/><E47/><V70/><F45/><W129/><G129/><T15/><D128/><U81/><E63/><V61/><F61/><W92/><REACH who="3" step="1"/><G107/><REACH who="3" ten="187,180,347,276" step="2"/><T94/><D125/><U130/><E130/><V80/><F106/><W31/><G31/><N who="1" m="11786" /><E6/><V3/><F7/><W90/><G90/><N who="0" m="34923" /><D69/><U112/><E112/><V1/><F72/><W103/><G103/><T18/><D64/><U96/><E96/><V4/><F132/><W26/><AGARI ba="1,1" hai="16,17,19,26,28,35,46,48,55,91,92,98,124,126" machi="26" ten="30,6000,0" yaku="1,1,0,1,54,1,53,0" doraHai="38" doraHaiUra="102" who="3" fromWho="3" sc="187,-21,180,-21,347,-21,276,73" owari="166,-23.4,159,-34.1,326,12.6,349,44.9" /></mjloggm>