<mjloggm ver="2.3"><GO type="225" lobby="0"/><UN n0="%53%61%63%68%69%30%34" n1="%72%69%6F%75%63%68%61%6E" n2="%6D%75%75%6D%75%72%61" n3="%E3%81%A9%E3%82%93%E3%82%88%E3%81%8F%4D%6B%2E%32" dan="16,16,16,16" rate="2074.88,2150.37,2138.05,2191.26" sx="M,M,F,M"/><TAIKYOKU oya="0"/><INIT seed="0,0,0,0,2,102" ten="250,250,250,250" oya="0" hai0="81,40,36,122,2,75,47,82,66,8,100,96,35" hai1="10,16,48,6,86,129,67,87,7,29,52,108,85" hai2="11,31,109,90,37,46,60,121,24,88,17,26,98" hai3="23,69,93,116,0,25,79,106,58,12,130,80,18"/><T76/><D122/><U65/><E108/><V13/><F109/><W70/><G116/><T84/><D35/><U63/><E129/><V123/><F60/><W55/><G0/><T103/><D66/><N who="1" m="25099" /><E29/><V3/><F3/><W127/><G130/><T133/><D133/><U83/><E63/><V95/><F90/><W110/><G110/><T54/><D54/><U134/><E134/><V118/><F118/><W97/><G127/><T50/><D50/><U131/><E131/><V62/><F62/><W61/><G12/><T5/><REACH who="0" step="1"/><D96/><REACH who="0" ten="240,250,250,250" step="2"/><U41/><E41/><V104/><F104/><W91/><REACH who="3" step="1"/><G106/><REACH who="3" ten="240,250,250,240" step="2"/><T74/><D74/><AGARI ba="0,2" hai="18,23,25,55,58,61,69,70,74,79,80,91,93,97" machi="74" ten="30,8000,1" yaku="1,1,2,1,7,1,25,2,53,0" doraHai="102" doraHaiUra="32" who="3" fromWho="0" sc="240,-80,250,0,250,0,240,100" /><INIT seed="1,0,0,0,1,4" ten="160,250,250,340" oya="1" hai0="15,78,106,125,134,67,6,98,3,21,34,25,99" hai1="28,88,86,37,18,9,126,54,36,55,97,2,11" hai2="119,76,79,124,108,103,64,62,39,112,122,8,102" hai3="114,19,22,71,7,41,75,42,95,90,45,115,118"/><U120/><E120/><V49/><F122/><W94/><G71/><T61/><D125/><U83/><E126/><V69/><F124/><W43/><G75/><T24/><D134/><U29/><E36/><V131/><F39/><W74/><G74/><T32/><D78/><U72/><E37/><V57/><F119/><W14/><G118/><T50/><D3/><U127/><E72/><V60/><F108/><W47/><G7/><T27/><D50/><U26/><E127/><V59/><F131/><W92/><REACH who="3" step="1"/><G90/><REACH who="3" ten="160,250,250,330" step="2"/><T63/><D34/><U52/><E2/><V40/><F69/><W117/><G117/><T12/><D32/><U33/><E28/><V53/><F112/><AGARI ba="0,1" hai="14,19,22,41,42,43,45,47,92,94,95,112,114,115" machi="112" ten="50,8000,1" yaku="1,1,53,3" doraHai="4" doraHaiUra="110" who="3" fromWho="2" sc="160,0,250,0,250,-80,330,90" /><INIT seed="2,0,0,5,0,65" ten="160,250,170,420" oya="2" hai0="30,57,4,64,90,127,122,51,45,135,6,117,16" hai1="128,5,123,79,29,35,18,61,0,75,103,20,121" hai2="88,54,53,22,15,96,27,67,77,132,93,66,49" hai3="43,33,92,24,94,41,19,111,37,28,60,13,81"/><V23/><F132/><W38/><G111/><T112/><D122/><N who="1" m="46603" /><E128/><V118/><F118/><W108/><G108/><T1/><D112/><U74/><E103/><V78/><F15/><W82/><G60/><N who="0" m="37903" /><D1/><U70/><E79/><N who="2" m="30219" /><F54/><W105/><G105/><T63/><D135/><U113/><E113/><V115/><F115/><W133/><G133/><T2/><D2/><U84/><E84/><V129/><F129/><W9/><G38/><T14/><D127/><U56/><E70/><V109/><F109/><W31/><G37/><T76/><D117/><U68/><E68/><V71/><F71/><W48/><G31/><T42/><D76/><U3/><E29/><N who="2" m="17655" /><F23/><W7/><G19/><T21/><D30/><U125/><E125/><V89/><F89/><W130/><G130/><T126/><D126/><U116/><E35/><V80/><F80/><W55/><G82/><T34/><D34/><U97/><E116/><V100/><F100/><W32/><G81/><T59/><D90/><U52/><E0/><V25/><F25/><W98/><G33/><T119/><D119/><U47/><E3/><V11/><F11/><W83/><G83/><T86/><D86/><U87/><E87/><V124/><F124/><W46/><G94/><T73/><D73/><U99/><E5/><V40/><F40/><W106/><G106/><T102/><D102/><AGARI ba="0,0" hai="7,9,13,24,28,32,41,43,46,48,55,92,98,102" machi="102" ten="30,1000,0" yaku="7,1" doraHai="65" who="3" fromWho="0" sc="160,-10,250,0,170,0,420,10" /><INIT seed="3,0,0,5,1,83" ten="150,250,170,430" oya="3" hai0="45,82,93,104,125,13,100,36,69,102,66,57,20" hai1="64,122,6,74,62,108,61,73,9,135,114,121,99" hai2="120,127,27,46,54,51,58,11,44,12,123,81,80" hai3="59,119,95,15,130,131,67,96,115,32,18,111,41"/><W40/><G119/><T84/><D69/><U28/><E108/><V106/><F106/><W55/><G32/><T85/><D104/><U50/><E114/><V1/><F1/><W23/><G67/><T98/><D125/><U63/><E64/><V56/><F27/><W29/><G29/><T75/><D75/><U124/><E28/><V43/><F127/><W76/><G76/><N who="0" m="46151" /><D36/><U110/><E110/><V35/><F35/><W17/><G17/><N who="0" m="10287" /><D45/><U53/><E73/><V78/><F80/><W133/><G133/><T94/><D85/><U48/><E135/><V87/><F120/><W14/><G14/><T21/><D21/><U10/><E74/><V88/><F78/><W90/><G111/><T116/><D116/><U38/><E38/><V39/><F123/><W89/><G115/><T7/><D7/><AGARI ba="0,0" hai="7,11,12,39,43,44,46,51,54,56,58,81,87,88" machi="7" ten="30,3900,0" yaku="7,1,52,1,54,1" doraHai="83" who="2" fromWho="0" sc="150,-39,250,0,170,39,430,0" owari="111,-38.9,250,5.0,209,-19.1,430,53.0" /></mjloggm>