<mjloggm ver="2.3"><GO type="225" lobby="0"/><UN n0="%E6%B8%A9%E2%98%85%E6%83%85%E2%98%85%E6%8E%AA%E2%98%85%E7%BD%AE" n1="%E3%81%BD%E3%81%A1%E3%81%9F%E3%81%93%E3%82%84" n2="%E4%B8%89%E5%88%86%E5%B0%8F%E5%83%A7" n3="%E3%81%AF%E3%82%88%E3%81%8A%E3%81%98%E3%81%95%E3%82%93" dan="17,17,16,17" rate="2148.55,2191.40,2110.19,2163.02" sx="M,M,M,M"/><TAIKYOKU oya="0"/><INIT seed="0,0,0,5,3,107" ten="250,250,250,250" oya="0" hai0="92,56,46,51,25,24,63,34,101,97,68,109,124" hai1="120,64,135,48,16,60,114,88,12,119,42,110,10" hai2="17,112,47,76,4,28,33,6,59,87,127,18,128" hai3="43,71,86,108,84,44,36,65,80,20,93,83,31"/><T13/><D124/><U115/><E119/><V91/><F112/><N who="1" m="43049" /><E120/><V29/><F127/><W130/><G108/><T23/><D68/><N who="1" m="41991" /><E110/><V27/><F76/><W126/><G130/><T118/><D118/><U77/><E77/><V102/><F102/><W22/><G126/><T32/><D109/><U67/><E67/><V105/><F105/><W75/><G93/><T69/><D69/><U41/><E135/><V116/><F128/><W3/><G3/><T62/><D62/><U73/><E73/><V89/><F47/><W131/><G131/><T19/><D34/><U122/><E122/><V8/><F33/><W58/><G71/><T113/><D32/><U78/><E78/><V133/><F133/><W117/><G117/><T103/><D103/><U11/><E48/><V72/><F72/><W66/><G75/><T37/><D37/><U104/><E104/><V98/><F91/><N who="3" m="51591" /><G58/><T1/><D1/><U81/><E10/><V38/><F8/><W0/><G0/><T49/><D113/><U40/><E81/><V106/><F38/><W95/><G95/><T123/><D123/><U99/><E88/><V85/><F89/><N who="3" m="51423" /><G31/><T50/><REACH who="0" step="1"/><D46/><REACH who="0" ten="240,250,250,250" step="2"/><U94/><E94/><V53/><F106/><W15/><G36/><T129/><D129/><U52/><E99/><V132/><F98/><W45/><G44/><T134/><D134/><U9/><E9/><V39/><F39/><N who="3" m="21759" /><G22/><T111/><D111/><U21/><E21/><V35/><F35/><W79/><G79/><T96/><D96/><U82/><E82/><V26/><F132/><W30/><G30/><N who="2" m="11881" /><F116/><W70/><G70/><RYUUKYOKU ba="0,1" sc="240,10,250,10,250,-30,250,10" hai0="13,19,23,24,25,49,50,51,56,63,92,97,101" hai1="11,12,16,40,41,42,52" hai3="15,20,65,66" /><INIT seed="0,1,1,0,4,125" ten="250,260,220,260" oya="0" hai0="119,15,135,109,124,53,64,116,113,29,8,88,9" hai1="86,128,122,4,46,30,41,34,131,62,43,99,103" hai2="121,48,129,36,27,24,73,39,100,12,94,54,56" hai3="98,10,66,31,72,33,134,40,38,120,52,75,2"/><T81/><D113/><U60/><E122/><V91/><F73/><W58/><G66/><T115/><D115/><U110/><E110/><V57/><F121/><W111/><G120/><T13/><D124/><U65/><E4/><V44/><F100/><W108/><G134/><T95/><D135/><U50/><E43/><V112/><F112/><W37/><G98/><T76/><D64/><U69/><E62/><V7/><F36/><W70/><G70/><T90/><D29/><U82/><E30/><V132/><F132/><W67/><G67/><T35/><D35/><U32/><E34/><V47/><F129/><N who="1" m="49737" /><E32/><V79/><F79/><W16/><G31/><T59/><D109/><N who="3" m="42057" /><G33/><T49/><D119/><U107/><E86/><V63/><F39/><N who="3" m="14859" /><G40/><T6/><D116/><U5/><E5/><V26/><F7/><N who="3" m="1399" /><G16/><T25/><D6/><U77/><E77/><V83/><F12/><N who="0" m="4682" /><D76/><U68/><E68/><V78/><F78/><W102/><G102/><T45/><D25/><U130/><E130/><V0/><F0/><W1/><G1/><T11/><D11/><U80/><AGARI ba="1,1" hai="41,46,50,60,65,69,80,82,99,103,107" m="49737" machi="80" ten="30,7900,0" yaku="19,1,52,3" doraHai="125" who="1" fromWho="1" sc="250,-40,260,92,220,-21,260,-21" /><INIT seed="1,0,0,5,0,96" ten="210,352,199,239" oya="1" hai0="42,86,14,118,2,124,71,53,115,95,72,45,58" hai1="127,98,99,87,9,134,114,62,6,30,107,4,48" hai2="32,13,52,91,23,122,43,103,76,41,44,38,36" hai3="83,50,130,100,31,85,102,56,51,24,90,1,65"/><U129/><E114/><V110/><F32/><W75/><G1/><T126/><D2/><U22/><E129/><V101/><F122/><W106/><G75/><T113/><D72/><U16/><E134/><V10/><F110/><W3/><G3/><T8/><D71/><U19/><E127/><N who="0" m="48681" /><D118/><U109/><E109/><V128/><F128/><W73/><G73/><T80/><D95/><U89/><E62/><V121/><F121/><W111/><G130/><T120/><D120/><U33/><E33/><V27/><F76/><W88/><G106/><T82/><D58/><U40/><E30/><N who="2" m="17791" /><F36/><W57/><G111/><T92/><D92/><U11/><E107/><V81/><F38/><W55/><G90/><N who="0" m="51527" /><D53/><U131/><E131/><V112/><F112/><W28/><G28/><T94/><D94/><U54/><E54/><V64/><F64/><W116/><G116/><T135/><D82/><U34/><E98/><V59/><F91/><W108/><G108/><T47/><D135/><U104/><E99/><V70/><F70/><W17/><G51/><N who="0" m="27063" /><D47/><U15/><E104/><V21/><F81/><W77/><G77/><T132/><D132/><U60/><E40/><N who="2" m="15435" /><F44/><W79/><G79/><T105/><D105/><U125/><E125/><V97/><F97/><W5/><G31/><T123/><D123/><U37/><E37/><V18/><F10/><W74/><G74/><T133/><D133/><U63/><E89/><V7/><F7/><AGARI ba="0,0" hai="7,8,14,113,115" m="27063,51527,48681" machi="7" ten="30,1000,0" yaku="18,1" doraHai="96" who="0" fromWho="2" sc="210,10,352,0,199,-10,239,0" /><INIT seed="2,0,0,4,4,102" ten="220,352,189,239" oya="2" hai0="15,108,48,13,56,44,29,65,47,109,66,107,76" hai1="94,62,98,22,57,8,105,69,83,19,18,37,129" hai2="118,67,31,122,0,52,1,96,17,64,11,54,27" hai3="53,39,91,128,4,119,45,49,61,60,24,93,73"/><V40/><F118/><W130/><G119/><T135/><D135/><U63/><E105/><V68/><F122/><W55/><G73/><T86/><D107/><U132/><E37/><V104/><F40/><W6/><G39/><T78/><D29/><U14/><E129/><N who="3" m="49770" /><G24/><T35/><D35/><U95/><E132/><V28/><F11/><W106/><G106/><T90/><D56/><U43/><E43/><V110/><F110/><W21/><G21/><T87/><D90/><U10/><E69/><V3/><F17/><W125/><G125/><T85/><D85/><U117/><E117/><V20/><F31/><W120/><G120/><T16/><D16/><U116/><E116/><V127/><F127/><W134/><G134/><T38/><D38/><U71/><E71/><V97/><F97/><N who="3" m="57535" /><G53/><T77/><D77/><U5/><E8/><V121/><F121/><W51/><G49/><AGARI ba="0,0" hai="13,15,44,47,48,49,65,66,76,78,86,87,108,109" machi="49" ten="25,1600,0" yaku="22,2" doraHai="102" who="0" fromWho="3" sc="220,16,352,0,189,0,239,-16" /><INIT seed="3,0,0,1,4,108" ten="236,352,189,223" oya="3" hai0="26,49,105,110,31,80,21,82,109,34,35,16,83" hai1="77,125,10,92,132,134,15,127,118,71,41,91,60" hai2="72,20,86,37,24,44,120,74,112,12,11,85,36" hai3="64,1,42,95,73,29,52,62,84,47,119,18,19"/><W2/><G73/><T61/><D105/><U56/><E77/><V117/><F117/><W115/><G115/><T98/><D98/><N who="1" m="57631" /><E41/><V58/><F74/><W94/><G119/><T63/><D49/><U53/><E71/><V27/><F72/><W97/><G29/><T133/><D133/><N who="1" m="51307" /><E118/><V67/><F120/><W93/><G97/><T68/><D35/><U8/><E8/><V128/><F128/><W17/><G84/><T39/><D39/><U45/><E45/><V9/><F44/><W13/><G13/><N who="0" m="9359" /><D68/><U6/><AGARI ba="0,0" hai="6,10,15,53,56,60,125,127" m="51307,57631" machi="6" ten="30,1100,0" yaku="20,1" doraHai="108" who="1" fromWho="1" sc="236,-3,352,11,189,-3,223,-5" owari="233,3.3,363,46.3,186,-31.4,218,-18.2" /></mjloggm>