<mjloggm ver="2.3"><GO type="225" lobby="0"/><UN n0="%E3%81%93%E3%82%93%E3%81%A9%E3%83%BC%E3%81%95%E3%82%93" n1="%E3%82%A2%E3%83%A1%E3%82%A2%E3%83%A9%E3%83%AC" n2="%E3%81%BF%E3%81%BF%E3%81%9A" n3="%E3%81%95%E3%81%8D%E3%81%9F%E3%81%BE%E6%9E%97%E6%AA%8E" dan="16,16,18,16" rate="2079.78,2147.71,2236.77,2067.51" sx="M,M,M,M"/><TAIKYOKU oya="0"/><INIT seed="0,0,0,0,0,36" ten="250,250,250,250" oya="0" hai0="45,56,135,124,71,109,123,121,44,76,19,128,39" hai1="117,42,37,13,9,61,92,22,7,90,67,72,99" hai2="46,81,1,41,110,8,68,23,87,98,5,64,91" hai3="21,80,94,78,55,49,114,60,6,52,50,58,32"/><T118/><D118/><U74/><E117/><V16/><F110/><W75/><G114/><T15/><D76/><U79/><E79/><V40/><F46/><N who="0" m="18026" /><D15/><U24/><E37/><V63/><REACH who="2" step="1"/><F98/><REACH who="2" ten="250,250,240,250" step="2"/><W89/><G32/><T31/><D109/><U93/><E42/><V14/><AGARI ba="0,1" hai="1,5,8,14,16,23,40,41,63,64,68,81,87,91" machi="14" ten="20,12000,2" yaku="1,1,2,1,0,1,7,1,52,2,54,1,53,0" doraHai="36" doraHaiUra="101" who="2" fromWho="2" sc="250,-60,250,-30,240,130,250,-30" /><INIT seed="1,0,0,4,2,43" ten="190,220,370,220" oya="1" hai0="10,96,32,120,133,98,30,12,86,117,65,20,128" hai1="109,7,46,100,31,19,111,88,95,71,34,80,90" hai2="78,5,26,41,94,36,83,37,74,89,14,92,2" hai3="3,56,4,107,48,122,58,35,129,135,123,6,18"/><U40/><E71/><V13/><F26/><W116/><G107/><T110/><D117/><U97/><E7/><V55/><F55/><W0/><G129/><T102/><D110/><N who="1" m="41995" /><E80/><V60/><F60/><W50/><G35/><T106/><D120/><U126/><E126/><V8/><F36/><W11/><G18/><T63/><D128/><U38/><E19/><V16/><F89/><N who="1" m="34409" /><E34/><V124/><F124/><W101/><G101/><T47/><D133/><U45/><E45/><N who="2" m="23727" /><F13/><W99/><G99/><T42/><D96/><U33/><E33/><V15/><F14/><W132/><REACH who="3" step="1"/><G11/><AGARI ba="0,0" hai="2,5,8,11,15,16,74,78,83,92,94" m="23727" machi="11" ten="30,3900,0" yaku="25,1,52,1,54,1" doraHai="43" who="2" fromWho="3" sc="190,0,220,0,370,39,220,-39" /><INIT seed="2,0,0,0,5,85" ten="190,220,409,181" oya="2" hai0="24,73,15,90,5,16,66,77,117,6,71,11,17" hai1="115,20,62,114,96,95,27,8,108,51,54,60,87" hai2="104,65,45,12,116,110,23,81,39,99,47,41,46" hai3="119,22,122,56,34,107,43,58,86,121,130,109,19"/><V13/><F116/><W79/><G119/><T83/><D71/><U120/><E108/><V55/><F110/><W82/><G109/><T125/><D66/><U129/><E120/><V40/><F65/><W103/><G34/><T118/><D117/><U127/><E127/><V9/><F55/><W112/><G112/><T75/><D118/><U131/><E87/><V101/><F81/><W113/><G113/><T26/><D125/><U42/><E42/><V33/><F33/><W133/><G133/><T64/><D73/><U61/><E8/><V111/><F111/><W2/><G2/><T72/><D64/><U1/><E1/><V53/><F53/><W18/><G43/><T32/><D72/><U21/><E114/><V25/><F9/><W0/><G0/><T7/><D32/><U57/><E115/><V123/><F46/><W3/><G3/><T92/><REACH who="0" step="1"/><D17/><REACH who="0" ten="180,220,409,181" step="2"/><U97/><E129/><V63/><F123/><W84/><G130/><T98/><AGARI ba="0,1" hai="5,6,7,11,15,16,24,26,75,77,83,90,92,98" machi="98" ten="30,8000,1" yaku="1,1,2,1,0,1,52,1,54,1,53,0" doraHai="85" doraHaiUra="132" who="0" fromWho="0" sc="180,90,220,-20,409,-40,181,-20" /><INIT seed="3,0,0,2,0,75" ten="270,200,369,161" oya="3" hai0="10,17,55,9,63,80,1,37,58,46,105,113,130" hai1="16,11,81,78,131,49,73,119,43,0,19,62,4" hai2="29,70,120,35,50,103,23,25,15,65,109,32,74" hai3="6,18,98,102,123,83,128,8,39,30,93,42,100"/><W89/><G123/><T106/><D130/><U101/><E131/><V134/><F74/><W24/><G128/><T92/><D113/><U72/><E119/><V99/><F120/><W116/><G116/><T129/><D129/><U97/><E72/><V85/><F109/><W124/><G124/><T112/><D80/><U69/><E43/><V68/><F134/><W95/><G83/><T132/><D112/><U135/><E135/><V36/><F36/><W87/><G18/><T2/><D132/><U45/><E45/><V96/><F70/><W76/><G76/><T26/><D92/><U33/><E49/><V86/><F35/><W115/><G115/><T125/><D125/><U12/><E33/><V28/><F28/><W48/><G39/><T61/><D17/><U34/><E34/><V133/><F32/><W31/><G102/><T20/><D37/><U22/><E19/><V14/><F103/><W13/><REACH who="3" step="1"/><G24/><REACH who="3" ten="270,200,369,151" step="2"/><T110/><D26/><U41/><E41/><V7/><F25/><W127/><G127/><T53/><D110/><U27/><E27/><V126/><F126/><W52/><G52/><T79/><D53/><U94/><E69/><V66/><F68/><W111/><G111/><T64/><D55/><U71/><E71/><V40/><F133/><W121/><G121/><T44/><D79/><U122/><E122/><V88/><F40/><W57/><G57/><T117/><D58/><U67/><E67/><V5/><F65/><W54/><G54/><T107/><D64/><U104/><E62/><V47/><F66/><W108/><G108/><T59/><D117/><RYUUKYOKU ba="0,1" sc="270,-15,200,15,369,-15,151,15" hai1="0,4,11,12,16,22,73,78,81,94,97,101,104" hai3="6,8,13,30,31,42,48,87,89,93,95,98,100" /><INIT seed="3,1,1,1,5,17" ten="255,215,354,166" oya="3" hai0="120,55,23,31,93,1,6,38,79,99,52,0,15" hai1="118,18,35,30,26,28,85,44,2,84,57,16,22" hai2="129,37,114,110,133,80,75,48,115,82,92,83,88" hai3="7,126,14,9,67,49,40,54,65,5,59,34,103"/><W69/><G126/><T42/><D0/><U74/><E74/><V62/><F37/><W134/><G34/><T105/><D105/><U68/><E68/><V60/><F75/><W131/><G131/><T33/><D120/><U90/><E2/><V19/><F129/><W86/><G134/><T101/><D33/><U132/><E132/><V45/><F133/><W39/><G103/><T112/><D1/><U64/><E118/><V13/><F110/><W73/><G73/><T128/><D128/><U53/><E35/><V24/><F24/><W8/><G69/><T21/><D112/><U107/><E107/><V47/><F115/><W94/><G39/><T36/><D38/><U116/><E30/><V78/><F78/><W123/><G40/><T113/><D36/><U66/><E44/><N who="2" m="16971" /><F48/><W43/><G43/><T25/><D42/><U121/><E84/><N who="2" m="52231" /><F114/><W27/><G27/><N who="0" m="16879" /><D79/><U32/><E121/><V87/><F87/><W20/><G20/><AGARI ba="1,1" hai="13,19,20,60,62,80,82,83" m="52231,16971" machi="20" ten="30,3900,0" yaku="8,1,52,1,54,1" doraHai="17" who="2" fromWho="3" sc="255,0,215,0,354,52,166,-42" owari="255,5.5,215,-18.5,406,50.6,124,-37.6" /></mjloggm>