<mjloggm ver="2.3"><GO type="225" lobby="0"/><UN n0="%E3%81%A4%E3%81%A3%E3%81%B1%E3%82%8A%E3%83%9D%E3%83%BC%E3%83%AB" n1="%50%65%74%65%72%50%61%6E" n2="%E9%A2%A8%E7%B8%AB" n3="%E5%A4%9C%E3%81%AE%E3%82%AC%E3%82%B9%E3%83%91%E3%83%BC%E3%83%AB" dan="17,16,16,16" rate="2207.70,2174.71,2138.60,2120.78" sx="M,M,M,M"/><TAIKYOKU oya="0"/><INIT seed="0,0,0,4,0,18" ten="250,250,250,250" oya="0" hai0="54,96,116,85,45,82,15,5,102,86,106,87,63" hai1="88,12,37,29,30,36,42,100,22,107,62,7,135" hai2="113,55,28,58,25,13,20,68,21,10,53,34,44" hai3="43,4,81,3,56,90,60,129,83,125,33,132,51"/><T114/><D114/><U26/><E135/><V35/><F68/><W80/><G33/><T8/><D116/><U97/><E30/><V74/><F74/><W47/><G132/><T49/><REACH who="0" step="1"/><D63/><REACH who="0" ten="240,250,250,250" step="2"/><U122/><E62/><N who="2" m="36175" /><F113/><W73/><G60/><T67/><D67/><U61/><E61/><V124/><F124/><W105/><G125/><T11/><D11/><U104/><E122/><V126/><F35/><W110/><G129/><T121/><D121/><U84/><E107/><V123/><F34/><W17/><G105/><T69/><D69/><U77/><E77/><AGARI ba="0,1" hai="5,8,15,45,49,54,77,82,85,86,87,96,102,106" machi="77" ten="30,2900,0" yaku="1,1,7,1,53,0" doraHai="18" doraHaiUra="111" who="0" fromWho="1" sc="240,39,250,-29,250,0,250,0" /><INIT seed="0,1,0,2,5,132" ten="279,221,250,250" oya="0" hai0="8,104,38,28,27,71,87,29,123,41,16,79,127" hai1="124,7,22,105,30,36,13,114,74,35,19,26,52" hai2="98,4,23,69,59,76,112,17,5,40,37,73,6" hai3="56,89,121,95,135,64,125,63,39,60,21,44,47"/><T126/><D123/><U86/><E74/><V25/><F69/><W115/><G135/><T11/><D104/><U31/><E105/><V108/><F108/><W133/><G133/><T12/><D71/><U77/><E36/><V68/><F68/><W33/><G33/><T128/><D128/><U110/><E110/><V78/><F112/><W122/><G115/><T90/><D79/><U48/><E114/><V24/><F98/><W65/><G21/><T101/><D101/><U120/><E120/><N who="3" m="46186" /><G125/><N who="0" m="47627" /><D11/><U117/><E117/><V91/><F73/><W2/><G2/><T82/><D27/><U111/><E111/><V62/><F25/><W109/><G109/><T3/><D3/><U85/><E124/><V96/><F91/><W57/><G39/><T20/><D20/><U100/><E100/><V102/><F40/><W34/><G34/><T10/><D8/><U45/><E77/><V46/><F37/><W55/><G65/><T75/><D75/><U118/><E118/><V70/><F70/><W92/><G89/><T61/><D61/><U14/><E31/><V83/><F76/><W51/><G63/><T43/><D43/><U131/><E131/><V58/><F62/><W80/><G60/><T84/><D84/><U81/><E86/><N who="2" m="48503" /><F102/><W0/><G0/><T54/><D54/><U103/><E103/><V67/><F67/><W9/><G64/><T94/><D41/><U106/><E106/><V129/><F129/><W53/><G53/><T134/><D134/><U113/><E113/><V72/><F72/><W50/><G55/><T107/><D38/><U1/><E85/><RYUUKYOKU ba="1,0" sc="279,0,221,0,250,0,250,0" /><INIT seed="1,2,0,3,2,45" ten="279,221,250,250" oya="1" hai0="97,12,62,3,82,34,43,23,54,69,59,16,42" hai1="15,21,131,79,129,85,33,9,132,72,8,13,4" hai2="0,1,51,50,118,2,70,77,75,125,74,32,7" hai3="5,17,61,30,39,44,135,38,46,84,76,66,122"/><U111/><E72/><V58/><F70/><W107/><G107/><T63/><D3/><U37/><E37/><V89/><F32/><W104/><G104/><T128/><D128/><N who="1" m="49227" /><E33/><V67/><F118/><W52/><G30/><T60/><D34/><U68/><E68/><V102/><F102/><W93/><G122/><T27/><D69/><U6/><E79/><V41/><F7/><W19/><G5/><T117/><D117/><U120/><E85/><V22/><F77/><W18/><G135/><T130/><D130/><U90/><E90/><V127/><F22/><W114/><G114/><T24/><D97/><U110/><E120/><V87/><F41/><N who="0" m="15370" /><D82/><U106/><E106/><V94/><F74/><W108/><G108/><N who="1" m="41514" /><E21/><V71/><F75/><W78/><G78/><T36/><D36/><U14/><E132/><V115/><F71/><W99/><G39/><T91/><D91/><U119/><E119/><V73/><F73/><W112/><G112/><T29/><D29/><U47/><E47/><V53/><F115/><W20/><G38/><T92/><D92/><U100/><E100/><V65/><F127/><W49/><G46/><T25/><AGARI ba="2,0" hai="12,16,23,24,25,27,54,59,60,62,63" m="15370" machi="25" ten="30,2000,0" yaku="8,1,54,1" doraHai="45" who="0" fromWho="0" sc="279,26,221,-12,250,-7,250,-7" /><INIT seed="2,0,0,2,2,127" ten="305,209,243,243" oya="2" hai0="21,74,65,70,67,108,16,9,119,132,75,80,61" hai1="19,121,76,89,62,126,107,71,91,60,113,79,115" hai2="51,39,64,58,134,41,48,4,66,129,111,43,83" hai3="135,82,96,38,102,45,3,94,10,68,56,7,26"/><V128/><F4/><W1/><G135/><T54/><D132/><U0/><E107/><V13/><F134/><W116/><G68/><T44/><D108/><U40/><E0/><V131/><F39/><W125/><G125/><T114/><D114/><U120/><E126/><V93/><F83/><W63/><G116/><T85/><D119/><U118/><E118/><V77/><F77/><W22/><G82/><T95/><D67/><N who="2" m="25642" /><F111/><W57/><G3/><T33/><D33/><U2/><E2/><V133/><F133/><W32/><G32/><T101/><D95/><U87/><E40/><N who="2" m="15435" /><F58/><W69/><G69/><T53/><D101/><U25/><E71/><V55/><F13/><W11/><G38/><T17/><D75/><U35/><E35/><V123/><F123/><W42/><G7/><T112/><D74/><U12/><E12/><V130/><N who="2" m="32768" /><DORA hai="46" /><V103/><F55/><W72/><G72/><T92/><D54/><U47/><E79/><V106/><F106/><W29/><G1/><T14/><D53/><U81/><E76/><V49/><F93/><W8/><G57/><BYE who="2" /><T99/><D92/><U117/><E81/><V97/><F97/><UN n2="%E9%A2%A8%E7%B8%AB" /><W30/><G30/><T124/><D99/><U73/><E120/><V34/><F103/><W36/><G56/><T109/><D109/><U88/><E121/><V78/><F78/><W20/><G102/><T105/><D105/><U110/><E73/><V24/><F34/><W122/><G122/><T15/><D80/><U52/><E110/><V5/><F5/><W23/><G96/><T104/><D104/><U59/><E117/><RYUUKYOKU ba="0,0" sc="305,-10,209,-10,243,30,243,-10" hai2="24,48,49,51" /><INIT seed="2,1,0,0,0,39" ten="295,199,273,233" oya="2" hai0="66,128,57,28,68,94,60,69,43,30,116,133,32" hai1="72,89,108,107,110,118,121,117,21,6,95,63,61" hai2="12,40,100,134,17,65,104,130,20,135,131,124,36" hai3="97,105,114,27,3,38,126,109,113,55,13,85,96"/><V18/><F65/><W47/><G3/><T70/><D128/><N who="2" m="49194" /><F100/><W81/><G109/><N who="1" m="42090" /><E6/><V98/><F98/><W62/><G126/><T4/><D133/><N who="2" m="50698" /><F104/><W29/><G105/><T71/><D32/><U52/><E107/><V26/><F124/><W35/><G13/><T56/><D116/><N who="1" m="44651" /><E121/><V99/><F99/><W103/><G103/><T111/><D111/><U11/><E72/><V83/><F83/><W22/><G35/><T125/><D125/><U51/><E21/><N who="2" m="13615" /><F36/><W90/><G38/><T0/><D94/><U44/><E11/><V7/><F40/><W8/><G8/><T37/><D43/><U79/><E79/><V76/><F76/><W16/><G97/><AGARI ba="1,0" hai="44,51,52,61,63,89,95,97" m="44651,42090" machi="97" ten="30,2000,0" yaku="14,1,54,1" doraHai="39" who="1" fromWho="3" sc="295,0,199,23,273,0,233,-23" /><INIT seed="3,0,0,4,2,79" ten="295,222,273,210" oya="3" hai0="6,109,39,42,12,135,53,97,62,74,60,34,91" hai1="88,69,18,21,58,30,26,10,99,122,51,63,89" hai2="77,133,87,59,41,23,134,72,98,33,130,125,54" hai3="116,46,86,27,22,112,68,81,84,50,110,29,111"/><W67/><G112/><T132/><D109/><N who="3" m="41481" /><G116/><T40/><D34/><U100/><E122/><V20/><F41/><N who="0" m="15978" /><D39/><U61/><E51/><V115/><F33/><W128/><G128/><T65/><D53/><U104/><E63/><V126/><F72/><W131/><G131/><T92/><D74/><U90/><E69/><V36/><F98/><W83/><G67/><T49/><D49/><U4/><E30/><V7/><F7/><W9/><G68/><T64/><D64/><U102/><E102/><V56/><F36/><W14/><G50/><T70/><D70/><U24/><E24/><V35/><F35/><W15/><G46/><T120/><D120/><U123/><E123/><V94/><F59/><W80/><G15/><T37/><D65/><U45/><E45/><V25/><F115/><W103/><G103/><T127/><D37/><U78/><E78/><V44/><F77/><W118/><G118/><T95/><D62/><U73/><E73/><V93/><F25/><W47/><G47/><T119/><D60/><U52/><REACH who="1" step="1"/><E90/><REACH who="1" ten="295,212,273,210" step="2"/><N who="2" m="53471" /><F44/><W8/><G8/><N who="0" m="4119" /><D119/><U1/><AGARI ba="0,1" hai="1,4,10,18,21,26,52,58,61,88,89,99,100,104" machi="1" ten="20,12000,2" yaku="1,1,0,1,7,1,54,2,53,1" doraHai="79" doraHaiUra="96" who="1" fromWho="1" sc="295,-30,212,130,273,-30,210,-60" owari="265,6.5,342,44.2,243,-15.7,150,-35.0" /></mjloggm>