<mjloggm ver="2.3"><GO type="225" lobby="0"/><UN n0="%72%69%6F%75%63%68%61%6E" n1="%E3%81%8C%E3%81%9F" n2="%E3%81%BF%E3%81%BF%E3%81%9A" n3="%E3%81%82%E3%81%99%E3%81%AB%E3%82%83%E3%82%80" dan="16,16,17,16" rate="2175.02,2102.17,2265.67,2148.78" sx="M,M,M,F"/><TAIKYOKU oya="0"/><INIT seed="0,0,0,0,4,105" ten="250,250,250,250" oya="0" hai0="79,42,68,104,95,19,129,26,83,47,63,103,32" hai1="31,7,34,101,116,17,50,8,55,99,115,14,120" hai2="36,66,12,0,65,89,43,9,92,27,3,111,108" hai3="39,16,117,124,97,44,87,52,29,122,74,90,60"/><T72/><D129/><U96/><E116/><V75/><F27/><W84/><G117/><T70/><D95/><U15/><E120/><V61/><F75/><W94/><G122/><T64/><D19/><U102/><E115/><V106/><F106/><W132/><G74/><T41/><D68/><U86/><E86/><N who="2" m="52279" /><F43/><W131/><G131/><T20/><D20/><U37/><E37/><V2/><F36/><W28/><G132/><T73/><D73/><U24/><E101/><V93/><F61/><W119/><G124/><T48/><D41/><U4/><E102/><V53/><F53/><W91/><G39/><T38/><D48/><U125/><E125/><V130/><F93/><W62/><G97/><N who="0" m="61551" /><D26/><U30/><E30/><V54/><F54/><W135/><G135/><T58/><D58/><U110/><E110/><N who="2" m="42027" /><F130/><W85/><G85/><T25/><D25/><U21/><REACH who="1" step="1"/><E7/><AGARI ba="0,0" hai="0,2,3,7,9,12,65,66" m="42027,52279" machi="7" ten="40,1300,0" yaku="14,1" doraHai="105" who="2" fromWho="1" sc="250,0,250,-13,250,13,250,0" /><INIT seed="1,0,0,3,4,110" ten="250,237,263,250" oya="1" hai0="23,37,32,72,41,81,93,36,108,106,129,38,127" hai1="75,76,39,83,44,22,65,59,102,90,4,80,25" hai2="40,132,128,11,101,28,62,43,105,12,20,86,71" hai3="29,31,125,119,95,111,8,69,87,109,120,53,33"/><U64/><E102/><V131/><F86/><W122/><G69/><T113/><D113/><U63/><E4/><V49/><F101/><W6/><G125/><T66/><D106/><U26/><E26/><N who="2" m="16455" /><F105/><W98/><G87/><T107/><D107/><U91/><E83/><V70/><F62/><W134/><G53/><T21/><D32/><U45/><E65/><V88/><F88/><N who="3" m="55655" /><G134/><T114/><D114/><U60/><E60/><V58/><F132/><W14/><G119/><T54/><D108/><N who="3" m="41545" /><G33/><T67/><D127/><U19/><REACH who="1" step="1"/><E44/><REACH who="1" ten="250,227,263,250" step="2"/><V85/><F71/><W77/><G77/><N who="0" m="44199" /><D67/><U130/><E130/><V3/><F70/><W0/><G0/><T116/><D66/><U82/><E82/><V5/><F3/><W46/><G46/><T55/><D129/><U52/><E52/><N who="2" m="32015" /><F131/><W124/><G124/><T47/><D54/><U123/><E123/><AGARI ba="0,1" hai="6,8,14,29,31,120,122,123" m="41545,55655" machi="123" ten="30,2000,0" yaku="14,1,54,1" doraHai="110" who="3" fromWho="1" sc="250,0,227,-20,263,0,250,30" /><INIT seed="2,0,0,3,5,131" ten="250,207,263,280" oya="2" hai0="117,123,10,82,38,94,54,47,64,134,112,56,89" hai1="30,124,98,46,0,130,13,31,86,24,127,22,118" hai2="109,50,101,62,75,5,96,99,97,72,90,18,1" hai3="74,107,100,29,126,41,15,32,65,20,66,103,133"/><V4/><F109/><W19/><G74/><T39/><D134/><U105/><E118/><V17/><F101/><W48/><G133/><T51/><D123/><U69/><E0/><V11/><F5/><W55/><G41/><T23/><D112/><U27/><E69/><V87/><F62/><W35/><G126/><N who="1" m="48170" /><E130/><V80/><REACH who="2" step="1"/><F50/><REACH who="2" ten="250,207,253,280" step="2"/><W57/><G103/><T44/><D38/><U91/><E105/><V73/><AGARI ba="0,1" hai="1,4,11,17,18,72,73,75,80,87,90,96,97,99" machi="73" ten="40,7800,0" yaku="1,1,2,1,0,1,53,0" doraHai="131" doraHaiUra="122" who="2" fromWho="2" sc="250,-26,207,-26,253,88,280,-26" /><INIT seed="2,1,0,4,4,64" ten="224,181,341,254" oya="2" hai0="103,79,70,59,51,102,127,117,123,104,56,119,32" hai1="108,16,75,77,97,88,91,21,58,125,8,24,85" hai2="31,55,65,11,111,57,129,20,61,27,121,42,71" hai3="6,95,18,33,135,80,52,30,44,3,49,37,15"/><V87/><F121/><W12/><G135/><T4/><D123/><U126/><E108/><V35/><F129/><W13/><G37/><T113/><D32/><U112/><E112/><V131/><F131/><W29/><G80/><T68/><D113/><U98/><E75/><V36/><F111/><W82/><G3/><T73/><D127/><N who="1" m="48651" /><E77/><V78/><F11/><N who="3" m="4215" /><G33/><T63/><D4/><U47/><E58/><N who="0" m="22057" /><D51/><U19/><E47/><N who="2" m="24007" /><F87/><W83/><G95/><T22/><D22/><N who="1" m="13383" /><E8/><V116/><F78/><W128/><G13/><T118/><D63/><U72/><E72/><V17/><F116/><W50/><G50/><T122/><D122/><U107/><E107/><V69/><F35/><W25/><G128/><T48/><D48/><U41/><E41/><V45/><F45/><W120/><G120/><T5/><D5/><U92/><E91/><V54/><F17/><W134/><G134/><T2/><D2/><U105/><E105/><V0/><F0/><W90/><G82/><N who="0" m="45423" /><D104/><U14/><AGARI ba="1,0" hai="14,19,21,85,88,92,97,98" m="13383,48651" machi="14" ten="30,4000,0" yaku="18,1,54,2" doraHai="64" who="1" fromWho="1" sc="224,-11,181,43,341,-21,254,-11" /><INIT seed="3,0,0,2,2,9" ten="213,224,320,243" oya="3" hai0="105,53,59,113,108,49,1,61,6,21,65,128,116" hai1="89,10,132,130,11,126,98,131,32,34,85,92,121" hai2="52,47,124,23,102,76,36,82,111,46,63,5,14" hai3="31,18,20,50,71,77,40,37,8,51,70,26,100"/><W15/><G37/><T2/><D116/><U42/><E121/><V72/><F111/><W19/><G100/><T88/><D105/><U94/><E42/><V55/><F124/><W0/><G77/><T125/><D6/><U81/><E126/><V54/><F102/><W33/><G40/><T122/><D122/><U79/><E132/><V104/><F104/><W39/><G39/><T27/><D125/><U44/><E44/><V120/><F120/><W48/><G19/><T119/><D119/><U58/><E58/><V133/><F133/><W68/><REACH who="3" step="1"/><G70/><REACH who="3" ten="213,224,320,233" step="2"/><T135/><D135/><U115/><E115/><V30/><F36/><W64/><G64/><T3/><D108/><U69/><E69/><V16/><F30/><W103/><G103/><T86/><D113/><U96/><E130/><V41/><F41/><W56/><G56/><T13/><D128/><U28/><E131/><V117/><F117/><W91/><G91/><T123/><D123/><U112/><E112/><V90/><F90/><W97/><G97/><T134/><D134/><U107/><E107/><V43/><F43/><W83/><G83/><T60/><D65/><U35/><E28/><V84/><F46/><W129/><G129/><T62/><D27/><U38/><E38/><V114/><F114/><W99/><G99/><T22/><REACH who="0" step="1"/><D13/><REACH who="0" ten="203,224,320,233" step="2"/><U95/><E96/><V66/><F66/><W87/><G87/><T17/><D17/><U78/><E98/><V101/><F84/><W110/><G110/><T73/><D73/><U118/><E118/><V57/><F72/><W29/><G29/><T67/><D67/><RYUUKYOKU ba="0,2" sc="203,10,224,10,320,-30,233,10" hai0="1,2,3,21,22,49,53,59,60,61,62,86,88" hai1="10,11,32,34,35,78,79,81,85,89,92,94,95" hai3="0,8,15,18,20,26,31,33,48,50,51,68,71" /><INIT seed="3,1,2,0,3,52" ten="213,234,290,243" oya="3" hai0="108,97,29,95,93,4,87,0,1,67,80,36,117" hai1="24,77,56,135,27,54,57,13,3,7,15,60,83" hai2="50,100,69,88,25,68,40,58,103,32,31,35,105" hai3="99,107,125,41,119,134,89,96,44,104,19,120,70"/><W98/><G119/><T111/><D117/><U18/><E135/><V61/><F32/><W26/><G120/><T110/><D36/><U62/><E3/><N who="0" m="1097" /><D4/><U115/><E115/><V72/><F72/><W6/><G6/><T124/><D124/><U73/><E7/><V133/><F133/><W5/><G5/><T84/><D29/><U23/><REACH who="1" step="1"/><E15/><REACH who="1" ten="213,224,290,243" step="2"/><V45/><F69/><W123/><G70/><T101/><D67/><AGARI ba="1,3" hai="13,18,23,24,27,54,56,57,60,62,67,73,77,83" machi="67" ten="30,12000,2" yaku="1,1,2,1,7,1,52,2,53,2" doraHai="52" doraHaiUra="22" who="1" fromWho="0" sc="213,-123,224,153,290,0,243,0" owari="90,-41.0,377,47.7,290,9.0,243,-15.7" /></mjloggm>