<mjloggm ver="2.3"><GO type="225" lobby="0"/><UN n0="%E6%A1%9C%E8%8A%B1%E9%96%83%E3%80%85" n1="%E5%B0%8F%E9%B3%A5%E9%81%8A%E7%B7%B4%E7%84%A1%32%31%E6%AD%B3" n2="%E3%81%BE%E3%81%A8%E3%81%9F" n3="%77%72%77%72%77%72%77%72" dan="16,16,16,16" rate="2122.40,2168.88,2100.54,2214.71" sx="M,F,M,M"/><TAIKYOKU oya="0"/><INIT seed="0,0,0,3,2,134" ten="250,250,250,250" oya="0" hai0="106,117,37,3,132,25,63,83,54,20,127,124,125" hai1="49,32,69,45,5,0,103,17,15,90,131,64,86" hai2="44,133,92,93,1,9,53,91,12,68,55,81,50" hai3="2,21,10,75,130,62,7,52,78,61,42,41,19"/><T39/><D132/><U23/><E131/><V84/><F68/><W88/><G130/><T67/><D117/><U16/><E103/><V56/><F133/><W35/><G35/><T47/><D3/><U99/><E99/><V31/><F31/><W129/><G129/><T11/><D11/><U57/><E69/><V33/><F1/><W95/><G78/><T101/><D83/><U80/><E32/><V110/><F33/><W36/><G75/><T114/><D114/><U113/><E113/><V24/><F24/><W104/><G104/><T70/><D101/><U65/><E57/><V66/><F66/><W74/><G74/><T108/><D106/><U43/><E5/><V34/><F34/><W4/><G4/><T96/><D96/><U76/><E0/><V72/><F72/><W107/><G62/><T26/><D108/><U28/><E28/><V120/><F120/><W97/><G36/><N who="0" m="13899" /><D20/><U79/><E17/><V22/><F22/><W73/><G73/><T71/><D71/><U82/><REACH who="1" step="1"/><E90/><REACH who="1" ten="250,240,250,250" step="2"/><V94/><F110/><W58/><REACH who="3" step="1"/><G107/><REACH who="3" ten="250,240,250,240" step="2"/><T112/><D112/><U126/><E126/><V116/><F116/><W13/><AGARI ba="0,2" hai="2,7,10,13,19,21,41,42,52,58,61,88,95,97" machi="13" ten="20,12000,2" yaku="1,1,2,1,0,1,7,1,54,2,53,0" doraHai="134" doraHaiUra="123" who="3" fromWho="3" sc="250,-60,240,-30,250,-30,240,140" /><INIT seed="1,0,0,1,3,103" ten="190,210,220,380" oya="1" hai0="113,123,100,35,33,71,111,91,90,80,0,122,19" hai1="25,52,29,55,50,69,74,56,7,36,95,30,108" hai2="88,132,99,3,1,12,70,13,8,4,128,94,84" hai3="61,5,65,93,127,53,28,134,125,98,77,42,22"/><U106/><E106/><V76/><F132/><W2/><G134/><T115/><D71/><U40/><E74/><V105/><F128/><W16/><G42/><T79/><D0/><U57/><E69/><V26/><F70/><W72/><G28/><T44/><D19/><U63/><E108/><V81/><F26/><W45/><G77/><T24/><D44/><U120/><E120/><N who="0" m="46121" /><D111/><U48/><E36/><V104/><F12/><W66/><G5/><T112/><D100/><U118/><E118/><V82/><F82/><W43/><G53/><T64/><D64/><U101/><E7/><V116/><REACH who="2" step="1"/><F116/><REACH who="2" ten="190,210,210,380" step="2"/><W54/><G2/><AGARI ba="0,1" hai="1,2,3,4,8,13,76,81,84,88,94,99,104,105" machi="2" ten="40,8000,1" yaku="1,1,2,1,52,2,54,1,53,0" doraHai="103" doraHaiUra="17" who="2" fromWho="3" sc="190,0,210,0,210,90,380,-80" /><INIT seed="2,0,0,1,3,83" ten="190,210,300,300" oya="2" hai0="61,95,47,122,19,17,124,118,128,37,7,120,6" hai1="31,133,134,129,52,88,11,100,78,109,96,3,70" hai2="77,92,65,8,27,25,127,69,4,16,30,55,21" hai3="50,73,40,91,5,81,43,44,49,22,53,57,15"/><V36/><F127/><W58/><G73/><T45/><D124/><U135/><E70/><V85/><F36/><W20/><G43/><T13/><D128/><U35/><E129/><V89/><F77/><W117/><G117/><T14/><D95/><U59/><E78/><V102/><F102/><W0/><G0/><T101/><D101/><U104/><E109/><V90/><F55/><W99/><G58/><T72/><D72/><U64/><E64/><V33/><F65/><W9/><G99/><T98/><D98/><U106/><E106/><V94/><F69/><W34/><G34/><T126/><D126/><U60/><E31/><V80/><F90/><W76/><G76/><T103/><D103/><U97/><E35/><V56/><F56/><W74/><G74/><T115/><D115/><U42/><E42/><V63/><F63/><W62/><G49/><T51/><D51/><U123/><E123/><V29/><F30/><W87/><AGARI ba="0,0" hai="5,9,15,20,22,40,44,50,53,57,62,81,87,91" machi="87" ten="30,4000,0" yaku="0,1,8,1,52,1" doraHai="83" who="3" fromWho="3" sc="190,-10,210,-10,300,-20,300,40" /><INIT seed="3,0,0,4,0,45" ten="180,200,280,340" oya="3" hai0="30,78,126,71,43,122,87,98,19,115,35,38,127" hai1="60,8,80,99,69,5,109,116,123,28,31,108,47" hai2="135,129,63,4,9,66,121,93,131,106,52,128,33" hai3="42,124,27,26,110,79,92,14,0,132,100,6,13"/><W83/><G132/><T107/><D122/><U117/><E99/><V18/><F135/><W49/><G124/><N who="0" m="47659" /><D19/><U17/><E80/><V97/><F106/><W57/><G110/><N who="1" m="42602" /><E47/><V3/><F33/><W114/><G114/><T50/><D38/><U67/><E17/><V25/><F121/><W10/><G83/><N who="0" m="47607" /><D71/><U73/><E73/><V77/><F77/><W64/><G79/><T7/><D7/><U118/><E123/><V70/><F18/><W58/><G100/><N who="0" m="62871" /><D115/><U34/><E34/><V46/><F25/><W75/><G6/><T101/><D101/><U21/><E21/><V44/><REACH who="2" step="1"/><F52/><REACH who="2" ten="180,200,270,340" step="2"/><W113/><G26/><N who="0" m="18903" /><D50/><U104/><E104/><V81/><F81/><W120/><G120/><T111/><D111/><U86/><E118/><V11/><F11/><W94/><G42/><AGARI ba="0,1" hai="42,43" m="18903,62871,47607,47659" machi="42" ten="30,1000,0" yaku="18,1" doraHai="45" who="0" fromWho="3" sc="180,20,200,0,270,0,340,-10" owari="200,-20.0,200,-30.0,270,7.0,330,43.0" /></mjloggm>