<mjloggm ver="2.3"><GO type="225" lobby="0"/><UN n0="%6D%75%75%6D%75%72%61" n1="%E5%84%AA%40%41%42%43" n2="%E4%B8%89%E5%86%A0%E7%8E%8B%E3%83%BB%E5%B1%B1%E7%94%B0%E5%93%B2%E4%BA%BA" n3="%E3%81%9F%E3%81%A3%E3%81%A1%E3%82%87" dan="16,17,17,16" rate="2083.59,2223.31,2212.50,2098.75" sx="F,M,M,M"/><TAIKYOKU oya="0"/><INIT seed="0,0,0,0,5,62" ten="250,250,250,250" oya="0" hai0="83,2,47,90,118,49,64,72,61,12,120,28,66" hai1="111,85,48,57,7,101,76,73,51,132,0,55,44" hai2="104,41,18,63,105,108,9,40,27,82,3,45,70" hai3="71,78,35,103,13,8,20,29,58,93,77,126,84"/><T124/><D2/><U14/><E111/><V89/><F108/><W1/><G126/><T53/><D118/><U135/><E0/><V121/><F41/><W15/><G35/><T16/><D120/><U106/><E73/><V100/><F121/><W33/><G71/><T133/><D124/><U68/><E106/><V42/><F42/><W10/><G33/><T130/><D130/><U116/><E68/><V6/><F100/><W19/><G1/><T11/><D133/><N who="1" m="51275" /><E101/><V67/><F18/><N who="3" m="8487" /><G58/><N who="0" m="35023" /><D72/><U37/><E37/><V131/><F27/><N who="3" m="16615" /><G103/><T23/><D28/><U87/><E76/><V4/><F4/><W119/><G119/><T125/><D125/><U86/><E116/><V39/><REACH who="2" step="1"/><F131/><REACH who="2" ten="250,250,240,250" step="2"/><W56/><G56/><T43/><D11/><N who="1" m="4479" /><E44/><V24/><F24/><W17/><G17/><T60/><D60/><AGARI ba="0,1" hai="48,51,55,57,60,85,86,87" m="4479,51275" machi="60" ten="30,1000,0" yaku="20,1" doraHai="62" who="1" fromWho="0" sc="250,-10,250,20,240,0,250,0" /><INIT seed="1,0,0,2,2,135" ten="240,270,240,250" oya="1" hai0="112,91,2,100,37,110,40,129,16,34,108,123,15" hai1="81,128,80,92,25,12,47,106,90,113,85,7,86" hai2="48,83,105,118,114,97,36,79,121,89,4,62,120" hai3="127,0,124,46,98,82,51,22,84,93,13,76,134"/><U23/><E128/><V10/><F118/><W87/><G134/><T73/><D112/><U72/><E106/><V11/><F114/><W52/><G0/><T75/><D129/><U125/><E125/><N who="3" m="48202" /><G22/><T3/><D34/><U65/><E72/><N who="0" m="27721" /><D123/><U104/><E104/><V44/><F62/><W39/><G13/><T55/><D100/><U116/><E65/><V117/><F11/><W71/><G71/><T1/><D55/><U122/><E122/><V20/><F20/><W74/><G39/><T35/><D35/><U101/><E116/><V6/><F36/><W132/><G132/><T58/><D58/><U88/><E47/><V78/><F117/><W50/><G51/><T54/><D54/><U109/><E109/><N who="0" m="42089" /><D91/><AGARI ba="0,0" hai="46,50,52,74,76,82,84,87,91,93,98" m="48202" machi="91" ten="30,8000,1" yaku="18,1,52,3,54,1" doraHai="135" who="3" fromWho="0" sc="240,-80,270,0,240,0,250,80" /><INIT seed="2,0,0,3,3,63" ten="160,270,240,330" oya="2" hai0="123,44,131,4,109,99,5,15,34,21,29,72,90" hai1="84,105,22,112,74,135,60,11,3,132,17,9,54" hai2="79,2,102,48,1,12,8,82,124,127,81,41,46" hai3="14,92,0,31,95,7,134,120,36,70,89,103,13"/><V80/><F102/><W55/><G120/><T118/><D123/><U133/><E74/><V119/><F119/><W115/><G115/><T6/><D72/><U111/><E112/><V20/><F20/><W91/><G36/><T47/><D118/><U45/><E105/><V26/><F26/><W68/><G31/><T24/><D109/><U69/><E111/><V128/><F128/><W18/><G103/><T85/><D131/><U66/><E3/><V88/><F79/><W106/><G0/><T126/><D126/><N who="2" m="48170" /><F88/><W64/><G18/><AGARI ba="0,0" hai="1,2,8,12,18,41,46,48,80,81,82" m="48170" machi="18" ten="30,1500,0" yaku="18,1" doraHai="63" who="2" fromWho="3" sc="160,0,270,0,240,15,330,-15" /><INIT seed="2,1,0,0,3,14" ten="160,270,255,315" oya="2" hai0="129,84,122,117,75,40,58,115,47,46,56,77,1" hai1="33,45,97,118,89,113,20,88,43,102,121,13,28" hai2="73,19,74,126,9,71,60,61,68,63,53,0,3" hai3="98,39,7,134,41,80,51,133,92,23,25,4,64"/><V131/><F126/><W130/><G39/><T106/><D122/><U96/><E113/><V22/><F131/><W79/><G64/><T44/><D115/><U114/><E118/><V94/><F53/><W127/><G51/><T36/><D129/><U120/><E33/><V107/><F107/><W35/><G41/><T24/><D1/><U87/><E97/><V100/><F100/><N who="3" m="60487" /><G35/><T95/><D117/><U128/><E114/><V62/><F94/><W5/><G127/><T16/><D106/><U48/><E128/><V67/><F71/><W124/><G124/><T112/><D112/><U12/><E28/><V30/><F30/><N who="3" m="17727" /><G130/><T57/><D75/><U54/><E43/><V34/><F34/><W82/><G79/><T27/><D27/><U10/><E20/><V6/><REACH who="2" step="1"/><F0/><REACH who="2" ten="160,270,245,315" step="2"/><W18/><G133/><T103/><D103/><U8/><E120/><V50/><F50/><W29/><G134/><T52/><D36/><U83/><E121/><V90/><F90/><W42/><G29/><T111/><D111/><U86/><E102/><V116/><F116/><W26/><G42/><T123/><D123/><U37/><E37/><V104/><F104/><W55/><G55/><T81/><D95/><N who="1" m="54679" /><E96/><V15/><AGARI ba="1,1" hai="3,6,9,15,19,22,60,61,62,63,67,68,73,74" machi="15" ten="30,6000,0" yaku="1,1,0,1,52,1,53,0" doraHai="14" doraHaiUra="91" who="2" fromWho="2" sc="160,-21,270,-21,245,73,315,-21" /><INIT seed="2,2,0,4,1,109" ten="139,249,318,294" oya="2" hai0="82,102,44,112,28,15,103,130,66,25,131,91,10" hai1="95,94,54,45,52,133,100,33,23,62,60,129,38" hai2="115,21,58,75,77,114,9,12,88,78,24,0,72" hai3="118,64,68,55,106,13,4,83,63,80,90,26,73"/><V105/><F105/><W17/><G118/><T121/><D121/><U122/><E33/><V46/><F0/><W59/><G106/><T79/><D66/><U127/><E133/><V39/><F77/><W132/><G132/><T29/><D91/><U98/><E129/><V51/><F39/><W70/><G70/><T124/><D124/><U35/><E35/><V42/><F58/><W56/><G68/><T76/><D44/><U116/><E116/><V87/><F75/><W41/><G41/><T93/><D93/><U43/><E127/><V22/><F72/><W107/><G107/><T47/><D47/><U117/><E117/><V50/><F50/><W18/><G73/><T111/><D111/><U135/><E122/><V20/><F78/><W19/><G90/><T119/><D119/><U101/><E135/><V36/><F24/><W126/><G26/><T6/><D25/><U14/><E62/><V86/><F36/><W53/><G126/><T104/><D104/><U40/><E43/><V110/><F110/><W27/><G27/><T128/><D112/><U67/><E23/><V71/><F71/><W31/><G64/><T92/><D92/><U69/><E14/><V85/><REACH who="2" step="1"/><F88/><REACH who="2" ten="139,249,308,294" step="2"/><W37/><G37/><T7/><D79/><U123/><E123/><V48/><F48/><W99/><G59/><T81/><D76/><U74/><E74/><V120/><F120/><W49/><G49/><T89/><D89/><U2/><E2/><V30/><F30/><N who="0" m="11882" /><D6/><AGARI ba="2,1" hai="6,9,12,20,21,22,42,46,51,85,86,87,114,115" machi="6" ten="40,7700,0" yaku="1,1,52,2,53,0" doraHai="109" doraHaiUra="34" who="2" fromWho="0" sc="139,-83,249,0,308,93,294,0" /><INIT seed="2,3,0,2,3,7" ten="56,249,401,294" oya="2" hai0="37,24,65,120,54,132,29,126,127,106,2,118,51" hai1="113,13,71,46,98,14,67,92,78,19,9,93,129" hai2="108,57,4,38,130,88,107,76,87,33,90,83,82" hai3="48,109,85,77,70,135,43,131,5,64,73,41,45"/><V25/><F38/><W62/><G73/><T10/><D120/><U86/><E113/><V96/><F33/><W125/><G109/><T99/><D37/><U61/><E129/><V80/><F25/><W59/><G125/><T128/><D128/><U124/><E124/><V84/><F130/><W15/><G131/><T49/><D65/><U1/><E1/><V69/><F69/><W116/><G135/><T30/><D132/><U133/><E133/><V121/><F57/><W134/><G134/><T31/><D24/><U81/><E98/><V11/><F108/><W32/><G32/><T53/><D118/><U114/><E114/><V3/><F121/><W60/><G116/><T95/><D106/><U23/><REACH who="1" step="1"/><E46/><REACH who="1" ten="56,239,401,294" step="2"/><V74/><F96/><W58/><G45/><N who="0" m="27823" /><D127/><U91/><E91/><V28/><F88/><W100/><G100/><N who="0" m="60543" /><D126/><U112/><E112/><V115/><F3/><W22/><G77/><T40/><D2/><U66/><E66/><V123/><F76/><W72/><G64/><T119/><D119/><U94/><E94/><V12/><F115/><W55/><G70/><T103/><D103/><U6/><AGARI ba="3,1" hai="6,9,13,14,19,23,61,67,71,78,81,86,92,93" machi="6" ten="20,5200,0" yaku="1,1,0,1,7,1,52,1,53,0" doraHai="7" doraHaiUra="36" who="1" fromWho="1" sc="56,-16,239,71,401,-29,294,-16" /><INIT seed="3,0,0,4,5,78" ten="40,310,372,278" oya="3" hai0="103,65,63,126,112,124,67,30,74,77,60,90,73" hai1="19,101,4,68,114,111,48,125,23,25,118,20,58" hai2="31,130,119,86,133,0,50,79,47,11,97,135,100" hai3="110,75,36,105,69,84,38,57,122,83,89,8,24"/><W10/><G122/><T76/><D30/><U52/><E114/><V7/><F119/><W88/><G69/><T109/><D112/><U93/><E118/><V35/><F130/><W82/><G105/><T134/><D109/><U26/><E111/><V72/><F72/><W91/><G110/><T92/><D134/><N who="2" m="51210" /><F79/><W123/><G123/><T56/><D103/><U81/><E125/><V87/><F31/><W37/><G24/><T41/><D77/><U53/><E68/><V85/><F35/><W55/><G75/><T6/><D76/><U98/><E4/><V32/><F32/><W3/><G3/><T66/><D74/><U99/><E99/><V54/><F86/><W18/><G84/><T62/><D73/><U132/><E132/><V9/><F9/><W120/><G120/><T42/><D6/><U102/><E53/><V40/><F54/><W12/><REACH who="3" step="1"/><G8/><REACH who="3" ten="40,310,372,268" step="2"/><T108/><D108/><U49/><E81/><V33/><F33/><W17/><G17/><T27/><D27/><U96/><E48/><AGARI ba="0,1" hai="10,12,18,36,37,38,48,55,57,82,83,88,89,91" machi="48" ten="50,12000,1" yaku="1,1,52,2,54,1,53,0" doraHai="78" doraHaiUra="29" who="3" fromWho="1" sc="40,0,310,-120,372,0,268,130" owari="40,-46.0,190,-21.0,372,17.2,398,49.8" /></mjloggm>