<mjloggm ver="2.3"><GO type="225" lobby="0"/><UN n0="%72%61%6B%33" n1="%33%74%72%65%65" n2="%E3%81%9F%E3%81%93%E2%98%86%E7%84%BC%E3%81%8D" n3="%E3%81%8B%E3%82%8F%E3%81%A1%E3%82%83%E3%82%93%35%38" dan="16,17,16,16" rate="2132.29,2234.32,2081.66,2128.31" sx="M,F,M,M"/><TAIKYOKU oya="0"/><INIT seed="0,0,0,0,1,81" ten="250,250,250,250" oya="0" hai0="119,59,21,75,112,56,13,101,129,77,41,87,123" hai1="109,4,32,54,69,46,38,47,7,53,11,61,100" hai2="8,105,86,28,89,78,125,74,90,36,43,34,82" hai3="126,37,122,79,40,6,42,116,94,80,49,20,29"/><T113/><D119/><U51/><E109/><V0/><F105/><W18/><G116/><T67/><D123/><U3/><E32/><V50/><F125/><W111/><G37/><T25/><D129/><U106/><E4/><V72/><F36/><W39/><G39/><T132/><D132/><U84/><E38/><V71/><F71/><W63/><G29/><T95/><D41/><U14/><E3/><V98/><F28/><W60/><G6/><T134/><D134/><U73/><E73/><V33/><F0/><W88/><G111/><T108/><D108/><U64/><E106/><V76/><F8/><W127/><G122/><T133/><D13/><U130/><E100/><V121/><F43/><N who="3" m="16427" /><G49/><T124/><D124/><N who="3" m="47657" /><G80/><N who="0" m="47503" /><D133/><U91/><E130/><V30/><F50/><W10/><G79/><T44/><D44/><U22/><E22/><V92/><F30/><W102/><G102/><T23/><D23/><U135/><E135/><V57/><F76/><W118/><G10/><T66/><D75/><U31/><E31/><V27/><F121/><W115/><G115/><T110/><D110/><U58/><REACH who="1" step="1"/><E54/><REACH who="1" ten="250,240,250,250" step="2"/><V9/><F33/><W45/><G118/><T120/><D120/><U114/><E114/><V19/><F74/><W48/><G20/><T15/><D15/><U70/><E70/><V1/><F34/><W104/><G104/><T68/><D68/><U107/><E107/><V96/><F72/><W16/><G18/><N who="0" m="12471" /><D113/><U55/><E55/><V131/><F1/><W26/><G16/><T12/><D112/><U85/><E85/><N who="2" m="48343" /><F19/><W2/><G2/><T83/><D12/><RYUUKYOKU ba="0,1" sc="250,-10,240,30,250,-10,250,-10" hai1="7,11,14,46,47,51,53,58,61,64,69,84,91" /><INIT seed="1,1,1,4,3,28" ten="240,270,240,240" oya="1" hai0="52,1,79,71,70,6,21,127,85,47,30,64,87" hai1="42,88,122,68,20,19,49,59,91,56,107,31,12" hai2="75,61,53,24,18,51,44,60,82,62,50,65,93" hai3="58,45,134,135,102,73,112,113,104,37,67,57,128"/><U101/><E122/><V35/><F93/><W2/><G73/><T39/><D1/><U120/><E120/><V69/><F18/><W17/><G2/><T26/><D6/><U125/><E68/><V25/><F25/><W55/><G17/><T131/><D127/><U92/><E125/><V34/><F24/><W86/><G86/><T41/><D131/><U7/><E107/><V99/><F99/><W74/><G74/><T78/><D71/><U80/><E31/><V40/><F82/><W72/><G72/><T119/><D119/><U129/><E129/><V43/><F75/><W8/><G8/><T4/><D4/><U38/><E38/><V108/><F108/><W94/><G94/><T100/><D100/><U116/><E116/><V121/><F121/><W76/><G76/><T16/><D30/><U114/><E114/><N who="3" m="44138" /><G102/><T132/><D132/><N who="3" m="50729" /><G104/><T103/><D103/><U98/><E7/><V13/><F13/><W22/><G22/><T96/><D96/><U54/><E42/><V124/><F43/><N who="3" m="22767" /><G128/><T33/><D79/><U27/><E12/><V118/><F124/><W109/><G109/><T23/><D78/><U97/><E97/><V5/><F118/><W48/><G67/><T105/><D64/><U14/><E14/><V123/><F5/><W66/><G66/><T77/><D105/><U133/><E133/><V106/><F123/><W111/><G111/><T95/><D87/><N who="1" m="50279" /><E101/><V110/><F106/><W89/><G89/><T130/><D130/><U63/><E59/><AGARI ba="1,1" hai="48,55,57,58,59" m="22767,50729,44138" machi="59" ten="30,3900,0" yaku="20,1,34,2" doraHai="28" who="3" fromWho="1" sc="240,0,270,-42,240,0,240,52" /><INIT seed="2,0,0,1,1,116" ten="240,228,240,292" oya="2" hai0="48,106,50,89,110,115,55,5,2,27,43,15,26" hai1="32,17,13,59,129,38,18,127,65,105,111,93,108" hai2="97,123,128,124,62,20,69,35,10,28,23,87,100" hai3="102,4,101,77,34,11,49,131,7,91,45,14,39"/><V41/><F128/><W79/><G39/><T70/><D115/><U22/><E105/><V9/><F41/><W0/><G34/><T24/><D110/><N who="1" m="42027" /><E38/><V114/><F87/><W80/><G131/><T125/><D125/><U81/><E127/><V86/><F86/><N who="3" m="50631" /><G4/><T63/><D106/><U99/><E129/><V120/><F114/><W12/><G12/><T46/><D2/><U112/><E112/><V76/><F76/><N who="3" m="29259" /><G0/><T113/><D113/><U52/><E32/><V21/><F124/><W56/><G56/><T16/><D89/><N who="1" m="55727" /><E18/><V96/><F97/><W40/><AGARI ba="0,0" hai="7,11,14,40,45,49,101,102" m="29259,50631" machi="40" ten="30,1100,0" yaku="8,1" doraHai="116" who="3" fromWho="3" sc="240,-3,228,-3,240,-5,292,11" /><INIT seed="3,0,0,4,1,0" ten="237,225,235,303" oya="3" hai0="127,2,107,31,97,80,59,8,102,33,119,37,46" hai1="58,96,40,23,13,25,6,14,12,60,38,34,75" hai2="94,4,27,70,109,92,35,103,48,73,44,54,11" hai3="71,106,42,1,82,112,18,68,105,84,17,111,36"/><W116/><G1/><T28/><D119/><U30/><E75/><V120/><F109/><W9/><G9/><T56/><D127/><U93/><E38/><V72/><F70/><W81/><G84/><T7/><D80/><U78/><E40/><V45/><F45/><W24/><G24/><T132/><D132/><U110/><E110/><V89/><F94/><W131/><G111/><T122/><D122/><U104/><E104/><V101/><F120/><W77/><G42/><T121/><D121/><U64/><E78/><V114/><F114/><W95/><G95/><T41/><REACH who="0" step="1"/><D33/><REACH who="0" ten="227,225,235,303" step="2"/><U123/><E123/><V53/><F35/><W108/><G108/><T61/><D61/><U43/><E34/><V15/><F73/><W22/><G81/><T55/><D55/><U113/><E113/><V79/><F54/><W124/><G82/><T86/><D86/><U83/><E83/><V125/><F72/><W76/><G124/><T57/><AGARI ba="0,1" hai="2,7,8,28,31,37,41,46,56,57,59,97,102,107" machi="57" ten="30,4000,0" yaku="1,1,0,1,52,1,53,0" doraHai="0" doraHaiUra="117" who="0" fromWho="0" sc="227,50,225,-10,235,-10,303,-20" /><INIT seed="4,0,0,4,2,51" ten="277,215,225,283" oya="0" hai0="98,123,72,92,128,106,127,58,56,68,101,76,46" hai1="34,44,48,40,60,125,55,65,108,94,53,67,83" hai2="107,61,86,43,81,31,69,73,129,30,110,80,8" hai3="104,21,52,88,38,4,23,85,24,18,3,79,103"/><T2/><D123/><U95/><E34/><V37/><F107/><W82/><G38/><T45/><D68/><U36/><E108/><V118/><F110/><W10/><G104/><T84/><D2/><U32/><E32/><V130/><F43/><W117/><G103/><T71/><D71/><U5/><E125/><V89/><F37/><W47/><G117/><T0/><D0/><U77/><E5/><V114/><F8/><W13/><G52/><N who="1" m="20042" /><E36/><V16/><F16/><W14/><G47/><T50/><D127/><U26/><E26/><V75/><F114/><W74/><G21/><T70/><D70/><U17/><E17/><V42/><F42/><W96/><G96/><T124/><D124/><U19/><E19/><V99/><F99/><W119/><G119/><T100/><D45/><U59/><E65/><N who="2" m="41135" /><F73/><W20/><G20/><T111/><D111/><U66/><E66/><V28/><F75/><W33/><G33/><T132/><D72/><U54/><N who="1" m="20050" /><U126/><DORA hai="57" /><E126/><V120/><F120/><W112/><G112/><T29/><D46/><U131/><E131/><N who="2" m="50187" /><F118/><W64/><G64/><T78/><D128/><U122/><E122/><V133/><F133/><W35/><G35/><T91/><D132/><U93/><E77/><N who="0" m="29801" /><D50/><U135/><E135/><V134/><F134/><W105/><G105/><T1/><D1/><U9/><E9/><V41/><F41/><W15/><G3/><T25/><D106/><U116/><E116/><V49/><F49/><W113/><G113/><T102/><D98/><U121/><E121/><V62/><F62/><W90/><G74/><RYUUKYOKU ba="0,0" sc="277,0,215,0,225,0,283,0" hai0="25,29,56,58,84,91,92,100,101,102" hai1="40,44,48,59,60,67,83,93,94,95" hai2="28,30,31,80,81,86,89" hai3="4,10,13,14,15,18,23,24,79,82,85,88,90" /><INIT seed="4,1,0,3,2,104" ten="277,215,225,283" oya="0" hai0="50,42,73,78,18,125,5,10,81,51,39,3,29" hai1="44,40,22,35,71,1,90,134,101,68,105,128,28" hai2="4,85,53,31,6,80,93,46,27,63,84,126,59" hai3="37,7,112,116,88,108,26,87,64,135,86,109,99"/><T131/><D125/><U95/><E1/><V98/><F126/><W52/><G37/><T49/><D131/><U102/><E35/><V133/><F133/><W121/><G116/><T117/><D117/><U32/><E32/><V11/><F11/><W30/><G64/><T20/><D29/><U123/><E123/><V92/><F93/><W15/><G99/><T70/><D70/><U9/><E134/><V100/><F84/><W38/><G38/><T0/><D0/><U62/><E128/><V14/><F14/><W47/><G87/><T72/><D72/><U21/><E105/><V33/><REACH who="2" step="1"/><F46/><REACH who="2" ten="277,215,215,283" step="2"/><W83/><G47/><N who="0" m="24031" /><D51/><U120/><E120/><V24/><F24/><AGARI ba="1,1" hai="3,5,10,18,20,24,49,50,73,78,81" m="24031" machi="24" ten="30,2900,0" yaku="25,1,52,1" doraHai="104" who="0" fromWho="2" sc="277,42,215,0,215,-32,283,0" owari="319,41.9,215,-18.5,183,-31.7,283,8.3" /></mjloggm>