<mjloggm ver="2.3"><GO type="225" lobby="0"/><UN n0="%E3%81%B2%E3%81%AA%E3%81%AE%E3%82%8A%E3%81%8F" n1="%48%61%61%61%6C%61%6E%64" n2="%E5%8D%A0%E3%81%84%E5%B8%AB%E8%A3%8F%E3%81%AA%E3%81%84%E3%81%97" n3="%47%48%4F%53%54" dan="17,18,16,17" rate="2196.19,2176.67,2129.02,2292.89" sx="M,M,M,M"/><TAIKYOKU oya="0"/><INIT seed="0,0,0,5,4,88" ten="250,250,250,250" oya="0" hai0="27,17,135,113,122,103,96,89,18,107,65,35,4" hai1="134,119,19,12,14,54,73,20,79,80,51,34,90" hai2="48,1,97,36,131,105,45,117,42,7,6,72,104" hai3="93,121,70,100,71,84,128,106,77,39,132,92,110"/><T28/><D113/><U58/><E119/><V16/><F117/><W24/><G39/><T26/><D122/><U81/><E34/><V22/><F131/><W62/><G121/><T114/><D114/><U64/><E134/><V76/><F48/><W116/><G116/><T82/><D4/><U59/><E12/><V99/><F99/><N who="3" m="61727" /><G71/><T60/><D27/><U8/><E20/><V23/><F23/><W85/><G128/><T111/><D111/><U47/><REACH who="1" step="1"/><E64/><REACH who="1" ten="250,240,250,250" step="2"/><V123/><F22/><W67/><G132/><T87/><REACH who="0" step="1"/><D135/><REACH who="0" ten="240,240,250,250" step="2"/><U49/><E49/><V74/><F36/><W115/><G110/><T29/><D29/><U41/><E41/><V95/><F42/><W118/><G115/><T0/><D0/><U127/><E127/><V69/><F1/><W66/><G118/><T25/><D25/><U126/><E126/><V112/><F112/><W109/><G109/><T108/><D108/><U37/><E37/><V102/><F123/><W32/><G24/><T11/><D11/><U3/><E3/><V129/><F129/><W44/><G32/><T43/><D43/><U98/><E98/><V30/><F97/><W120/><G120/><T83/><D83/><U53/><E53/><V50/><F30/><W46/><G67/><T125/><D125/><U40/><E40/><V63/><F7/><W56/><G66/><T133/><D133/><U68/><E68/><AGARI ba="0,2" hai="17,18,26,28,35,60,65,68,82,87,89,96,103,107" machi="68" ten="30,11600,0" yaku="1,1,7,1,25,2,53,0" doraHai="88" doraHaiUra="130" who="0" fromWho="1" sc="240,136,240,-116,250,0,250,0" /><INIT seed="0,1,0,5,4,18" ten="376,124,250,250" oya="0" hai0="28,101,121,87,89,21,52,0,114,102,88,39,55" hai1="123,77,104,71,126,120,108,27,135,54,105,132,73" hai2="63,118,133,125,53,15,128,26,13,95,8,92,48" hai3="51,79,41,58,80,76,22,134,7,72,50,127,91"/><T43/><D121/><N who="1" m="46667" /><E54/><V2/><F128/><W75/><G127/><T11/><D114/><U112/><E27/><V9/><F133/><N who="1" m="51273" /><E71/><V90/><F125/><W30/><G134/><T45/><D0/><U62/><E62/><V100/><F118/><W60/><G7/><T66/><D66/><U86/><E126/><V107/><F107/><N who="1" m="41033" /><E112/><V29/><F2/><W16/><G30/><T6/><D6/><U96/><E96/><N who="2" m="59423" /><F63/><W97/><G41/><T93/><D11/><N who="2" m="4170" /><F26/><W78/><G60/><T19/><D28/><U10/><E10/><V130/><F130/><W3/><G3/><T37/><D37/><U68/><E68/><V110/><F29/><W84/><G58/><T99/><D55/><U111/><E86/><N who="2" m="52311" /><F110/><W83/><G51/><T47/><D47/><AGARI ba="1,0" hai="13,15,47,48,53" m="52311,4170,59423" machi="47" ten="30,1000,0" yaku="8,1" doraHai="18" who="2" fromWho="0" sc="376,-13,124,0,250,13,250,0" /><INIT seed="1,0,0,4,1,8" ten="363,124,263,250" oya="1" hai0="112,7,33,2,67,43,31,46,61,131,11,128,127" hai1="118,4,29,6,106,101,93,107,30,76,53,129,23" hai2="123,57,71,100,65,51,18,24,92,45,96,125,25" hai3="109,90,99,59,114,14,55,63,103,15,102,5,135"/><U0/><E118/><V9/><F123/><W39/><G114/><T50/><D112/><U40/><E129/><N who="0" m="49737" /><D127/><U27/><E40/><V3/><F71/><W35/><G35/><T84/><D84/><U68/><E68/><V91/><F125/><W1/><G39/><T88/><D88/><U28/><E76/><V104/><F3/><W120/><G120/><T38/><D33/><U41/><E41/><V21/><F9/><W86/><G109/><T111/><D31/><N who="1" m="11851" /><E107/><V47/><F25/><W132/><G5/><N who="1" m="2154" /><E106/><V89/><F104/><N who="3" m="63583" /><G103/><T32/><D32/><U34/><E0/><V117/><F117/><W87/><G1/><T75/><D75/><U122/><E122/><V121/><F121/><W126/><G87/><T134/><D134/><N who="3" m="51241" /><G126/><T124/><D124/><U54/><E34/><V79/><F79/><W81/><AGARI ba="0,0" hai="14,15,55,59,63,81,86,90" m="51241,63583" machi="81" ten="30,4000,0" yaku="20,1,52,2" doraHai="8" who="3" fromWho="3" sc="363,-10,124,-20,263,-10,250,40" /><INIT seed="2,0,0,4,2,60" ten="353,104,253,290" oya="2" hai0="72,12,22,78,97,58,53,88,128,94,4,30,50" hai1="91,79,83,106,109,17,74,129,40,0,15,65,80" hai2="11,98,46,33,110,69,123,121,96,119,70,102,113" hai3="95,75,16,86,8,42,115,89,31,25,47,130,56"/><V85/><F113/><W126/><G130/><T59/><D128/><U27/><E129/><V7/><F119/><W120/><G126/><T108/><D108/><U1/><E109/><V29/><F110/><W76/><G115/><T10/><D72/><U37/><E106/><V62/><F85/><W99/><G120/><T3/><D78/><U132/><E132/><V28/><F46/><W18/><G75/><T34/><D34/><U55/><E27/><N who="2" m="18591" /><F96/><W45/><G56/><N who="0" m="32823" /><D3/><U107/><E107/><N who="2" m="63959" /><F29/><W118/><G118/><T92/><D92/><U48/><E40/><V43/><F43/><W51/><G47/><T23/><D30/><U127/><E37/><V21/><F21/><AGARI ba="0,0" hai="4,10,12,21,22,23,58,59,88,94,97" m="32823" machi="21" ten="30,2000,0" yaku="8,1,54,1" doraHai="60" who="0" fromWho="2" sc="353,20,104,0,253,-20,290,0" /><INIT seed="3,0,0,1,1,56" ten="373,104,233,290" oya="3" hai0="29,132,47,114,95,4,26,98,51,118,78,63,6" hai1="37,57,103,96,75,128,60,92,23,14,18,52,134" hai2="121,21,112,107,50,45,130,61,113,11,127,131,32" hai3="30,36,88,105,53,67,54,125,7,28,79,86,90"/><W123/><G123/><T70/><D118/><U76/><E128/><N who="2" m="49195" /><F32/><W68/><G36/><T8/><D132/><U120/><E134/><V62/><F107/><W41/><G105/><T42/><D78/><U9/><E37/><V64/><F127/><W31/><G41/><T33/><D8/><U55/><E120/><V122/><F21/><W80/><G125/><T22/><D33/><U12/><E75/><V25/><F25/><W109/><G109/><T101/><D114/><N who="2" m="44138" /><F11/><W3/><G3/><T59/><D70/><U99/><E76/><V2/><F2/><W135/><G135/><T65/><AGARI ba="0,0" hai="4,6,22,26,29,42,47,51,59,63,65,95,98,101" machi="65" ten="20,12000,2" yaku="0,1,7,1,25,2,8,1,52,1" doraHai="56" who="0" fromWho="0" sc="373,120,104,-30,233,-30,290,-60" owari="493,59.3,74,-42.6,203,-19.7,230,3.0" /></mjloggm>