<mjloggm ver="2.3"><GO type="225" lobby="0"/><UN n0="%48%61%61%61%6C%61%6E%64" n1="%E5%8D%A0%E3%81%84%E5%B8%AB%E8%A3%8F%E3%81%AA%E3%81%84%E3%81%97" n2="%E7%99%BD%E6%97%A5%E9%9B%AA%E8%8F%9C" n3="%E3%83%89%E3%83%A9%E3%81%8F%E3%82%8C" dan="18,17,17,17" rate="2163.51,2153.19,2195.29,2309.48" sx="M,M,M,M"/><TAIKYOKU oya="0"/><INIT seed="0,0,0,5,3,77" ten="250,250,250,250" oya="0" hai0="31,129,26,75,34,63,116,37,14,132,51,49,50" hai1="121,96,30,0,120,22,91,83,117,128,45,53,21" hai2="86,73,71,133,102,92,103,106,111,62,43,57,115" hai3="81,68,1,11,36,105,72,48,97,87,109,66,15"/><T59/><D116/><U29/><E0/><V55/><F115/><W3/><G36/><T123/><D123/><U8/><E117/><V25/><F73/><W135/><G72/><T112/><D112/><U93/><E128/><V107/><F111/><W40/><G109/><T64/><D37/><U76/><E8/><V46/><F133/><W108/><G108/><T84/><D75/><U78/><E78/><V80/><F71/><W125/><G125/><T79/><D129/><U124/><E124/><V33/><F33/><W12/><G135/><T114/><D114/><U27/><E45/><V119/><F25/><W47/><G15/><T42/><D132/><U23/><E53/><V70/><F70/><W118/><G118/><T17/><D42/><U35/><REACH who="1" step="1"/><E29/><REACH who="1" ten="250,240,250,250" step="2"/><V56/><F119/><W85/><G1/><T10/><D79/><U60/><E60/><V20/><F62/><W74/><G3/><T32/><REACH who="0" step="1"/><D84/><AGARI ba="0,1" hai="21,22,23,27,30,35,76,83,84,91,93,96,120,121" machi="84" ten="40,2600,0" yaku="1,1,52,1,53,0" doraHai="77" doraHaiUra="113" who="1" fromWho="0" sc="250,-26,240,36,250,0,250,0" /><INIT seed="1,0,0,0,1,54" ten="224,276,250,250" oya="1" hai0="114,78,92,9,40,67,94,128,110,122,70,87,28" hai1="39,5,106,57,49,100,71,131,101,50,13,60,129" hai2="23,31,85,123,86,83,24,12,74,135,105,62,45" hai3="3,59,48,56,51,132,58,102,46,18,76,117,99"/><U6/><E39/><V7/><F123/><W34/><G3/><T93/><D114/><U69/><E106/><V133/><F105/><W103/><G117/><T73/><D122/><U16/><E49/><N who="3" m="19018" /><G34/><T55/><D110/><U47/><E71/><V89/><F45/><W53/><G132/><N who="2" m="50761" /><F62/><W108/><G108/><T35/><D128/><N who="1" m="49227" /><E69/><V11/><F86/><W124/><G124/><T107/><D107/><U119/><E119/><V121/><F121/><W27/><G76/><T81/><D40/><N who="1" m="24935" /><E5/><V61/><F61/><N who="3" m="35983" /><G46/><T75/><D70/><U44/><E6/><V14/><F74/><W79/><G79/><T120/><D120/><U96/><E96/><V80/><F80/><W72/><G72/><T17/><D73/><U21/><E44/><V95/><F83/><W66/><G66/><AGARI ba="0,0" hai="13,16,21,57,60,66,100,101" m="24935,49227" machi="66" ten="30,5800,0" yaku="19,1,52,1,54,1" doraHai="54" who="1" fromWho="3" sc="224,0,276,58,250,0,250,-58" /><INIT seed="1,1,0,4,2,112" ten="224,334,250,192" oya="1" hai0="69,32,132,97,45,8,81,25,128,66,118,35,124" hai1="83,18,14,131,129,40,94,133,115,123,36,108,100" hai2="38,15,77,110,5,50,2,111,95,44,93,21,80" hai3="102,107,72,122,88,13,68,114,31,76,41,49,9"/><U84/><E115/><V104/><F104/><W135/><G114/><T23/><D124/><U62/><E123/><V61/><F38/><W1/><G122/><T86/><D128/><N who="1" m="49227" /><E133/><V37/><F37/><W58/><G68/><T109/><D132/><U103/><E40/><V116/><F2/><W78/><G1/><T46/><D109/><N who="2" m="41482" /><F61/><W134/><G31/><T12/><D97/><U120/><E36/><V119/><F21/><W113/><G113/><T56/><D69/><U117/><E120/><V28/><F28/><W91/><G72/><T98/><D98/><N who="1" m="59479" /><E103/><V55/><F95/><W6/><G134/><T33/><D118/><U71/><E108/><V106/><F106/><W24/><G135/><T4/><D66/><U65/><E117/><V105/><F105/><W101/><G107/><T63/><D63/><U34/><E34/><V29/><F93/><W19/><G102/><T54/><D33/><U85/><E83/><V16/><F5/><W121/><G101/><T127/><D32/><U99/><E99/><V89/><F29/><W73/><G121/><T20/><D35/><U126/><E126/><V74/><F89/><W92/><G91/><N who="0" m="51663" /><D127/><U43/><E62/><V3/><F3/><W22/><G73/><T60/><D23/><U48/><E71/><V39/><F39/><W57/><G78/><T47/><D20/><N who="1" m="11351" /><E65/><V53/><F53/><W30/><G76/><T75/><D75/><U0/><E0/><V51/><F51/><W11/><G30/><T87/><D87/><N who="1" m="33355" /><E48/><V125/><F125/><W64/><G49/><T52/><D54/><U79/><E79/><RYUUKYOKU ba="1,0" sc="224,10,334,10,250,10,192,-30" hai0="4,8,12,25,45,46,47,52,56,60" hai1="43" hai2="15,16,44,50,55,74,77,80,116,119" /><INIT seed="1,2,0,1,4,15" ten="234,344,260,162" oya="1" hai0="131,68,38,125,58,76,98,107,55,20,105,62,48" hai1="51,9,88,132,32,130,104,103,40,56,25,26,90" hai2="29,10,69,106,6,46,83,5,63,129,50,82,13" hai3="21,24,66,74,116,2,100,18,121,108,79,85,128"/><U7/><E32/><V120/><F120/><W73/><G121/><T65/><D125/><U22/><E130/><V75/><F106/><W8/><G128/><T70/><D131/><U53/><E132/><V112/><F129/><W0/><G116/><T119/><D119/><U72/><E72/><V27/><F112/><W123/><G123/><T87/><D70/><U1/><E25/><V135/><F135/><W47/><G108/><T97/><D38/><U117/><E117/><V39/><F39/><W49/><G66/><T11/><D11/><U110/><E110/><V109/><F109/><W57/><G57/><T102/><D20/><U37/><E40/><V113/><F113/><W118/><G100/><T77/><D87/><U41/><E41/><V61/><F5/><W14/><G118/><T91/><D91/><U95/><E104/><V67/><F63/><W3/><G85/><T134/><D134/><U93/><E37/><V35/><REACH who="2" step="1"/><F75/><REACH who="2" ten="234,344,250,162" step="2"/><W86/><G79/><T92/><D107/><U28/><REACH who="1" step="1"/><E95/><REACH who="1" ten="234,334,250,162" step="2"/><V60/><F60/><W43/><REACH who="3" step="1"/><G86/><REACH who="3" ten="234,334,250,152" step="2"/><T19/><D105/><U16/><E16/><AGARI ba="2,3" hai="0,2,3,8,14,16,18,21,24,43,47,49,73,74" machi="16" ten="40,8000,1" yaku="1,1,2,1,52,2,54,1,53,0" doraHai="15" doraHaiUra="127" who="3" fromWho="1" sc="234,0,334,-86,250,0,152,116" /><INIT seed="2,0,0,3,1,101" ten="234,248,250,268" oya="2" hai0="4,20,32,120,29,18,41,118,91,98,42,30,70" hai1="95,94,119,27,37,127,89,83,13,135,74,40,122" hai2="92,23,109,134,46,56,53,22,112,21,124,25,7" hai3="14,77,96,85,117,5,10,87,130,50,78,76,64"/><V79/><F112/><W31/><G117/><T33/><D120/><U61/><E119/><V51/><F124/><W105/><G130/><T43/><D118/><U108/><E108/><V67/><F134/><W11/><G64/><T48/><D70/><U88/><E127/><V131/><F131/><W128/><G128/><T26/><D4/><U86/><E135/><V97/><F7/><W114/><G114/><T72/><D72/><U80/><E122/><V49/><F79/><W36/><G36/><T59/><D32/><U35/><E40/><V60/><F51/><W126/><G126/><T15/><D30/><U9/><E37/><V44/><F109/><W104/><G31/><T116/><D116/><U45/><E45/><V57/><REACH who="2" step="1"/><F25/><REACH who="2" ten="234,248,240,268" step="2"/><W100/><G50/><T16/><D48/><U19/><E27/><V47/><F47/><W129/><G129/><T113/><D113/><U58/><E74/><V12/><F12/><W133/><G133/><T1/><D15/><U110/><E110/><V17/><F17/><W132/><G132/><T125/><D125/><U84/><E35/><V62/><F62/><W2/><REACH who="3" step="1"/><G104/><REACH who="3" ten="234,248,240,258" step="2"/><T73/><D29/><U39/><E39/><V81/><F81/><W55/><G55/><AGARI ba="0,2" hai="9,13,19,55,58,61,80,83,84,86,88,89,94,95" machi="55" ten="30,7700,0" yaku="7,1,9,1,8,1,54,1" doraHai="101" who="1" fromWho="3" sc="234,0,248,97,240,0,258,-77" /><INIT seed="3,0,0,3,4,126" ten="234,345,240,181" oya="3" hai0="9,66,28,34,65,62,123,129,104,8,86,36,33" hai1="6,119,19,50,44,20,118,45,2,76,96,88,102" hai2="78,48,10,92,56,67,94,95,122,24,59,41,90" hai3="100,73,87,83,80,115,91,81,108,14,54,74,135"/><W63/><G115/><T3/><D123/><U71/><E71/><V111/><F122/><W106/><G14/><T101/><D36/><U7/><E76/><V117/><F117/><N who="1" m="44553" /><E88/><V121/><F78/><W35/><G35/><T98/><D65/><U58/><E58/><V114/><F59/><W77/><G54/><T15/><D86/><U0/><E45/><V75/><F56/><W133/><G63/><T69/><D28/><U16/><E19/><V17/><F17/><W72/><G108/><T113/><D113/><U64/><E64/><V23/><F67/><W43/><G43/><T125/><D125/><U55/><E0/><V38/><F41/><W112/><G112/><T53/><D53/><U27/><E2/><V18/><F18/><W70/><G70/><T89/><D89/><U57/><E57/><V47/><F90/><W97/><REACH who="3" step="1"/><G77/><REACH who="3" ten="234,345,240,171" step="2"/><T51/><D33/><U39/><E55/><N who="2" m="30111" /><F111/><W30/><G30/><T82/><D34/><U109/><E109/><V52/><F114/><W110/><G110/><T120/><D15/><U40/><E40/><V1/><F52/><W84/><G84/><T46/><D62/><U37/><E96/><V49/><F121/><W103/><G103/><T22/><D120/><U99/><E99/><V85/><F85/><W29/><G29/><T11/><D98/><U134/><E102/><V61/><F61/><W116/><G116/><T107/><D101/><U13/><E13/><V68/><F68/><W32/><G32/><T26/><D69/><U127/><E127/><V5/><F1/><W25/><G25/><T31/><D26/><RYUUKYOKU ba="0,1" sc="234,-10,345,-10,240,-10,171,30" hai3="72,73,74,80,81,83,87,91,97,100,106,133,135" /><INIT seed="3,1,1,3,0,101" ten="224,335,230,201" oya="3" hai0="0,114,1,21,71,99,116,30,13,66,106,76,36" hai1="31,2,125,91,70,88,128,38,75,51,73,81,6" hai2="24,67,107,9,25,93,78,14,92,69,122,115,23" hai3="7,62,84,85,100,50,77,98,32,33,44,94,134"/><W40/><G134/><T130/><D116/><U117/><E38/><V10/><F115/><W82/><G7/><T58/><D71/><U124/><E128/><V60/><F107/><W132/><G132/><T104/><D36/><U64/><E31/><V43/><F122/><W49/><G62/><N who="0" m="38231" /><D76/><U12/><E2/><N who="0" m="1129" /><D99/><U53/><E117/><V20/><F78/><W95/><REACH who="3" step="1"/><G50/><REACH who="3" ten="224,335,230,191" step="2"/><T54/><D130/><U48/><E48/><V79/><F60/><W63/><G63/><T120/><D120/><U89/><E51/><V135/><F135/><W41/><G41/><T90/><D114/><U68/><E6/><V19/><F43/><W11/><G11/><T87/><D54/><U22/><E53/><V118/><F10/><W8/><G8/><T131/><D131/><U42/><E42/><V59/><F9/><W17/><G17/><T29/><D29/><U129/><E129/><V3/><F19/><W86/><G86/><T127/><D30/><U123/><E123/><V56/><F67/><W102/><G102/><T4/><D4/><U112/><E64/><V119/><F119/><W108/><G108/><T18/><D127/><U35/><E112/><V61/><F118/><W57/><G57/><T97/><D87/><U110/><E110/><V109/><F109/><W133/><G133/><T55/><D55/><U46/><E124/><V113/><F113/><W74/><G74/><T105/><D97/><U72/><E125/><V96/><F96/><W45/><G45/><T28/><D28/><U15/><E46/><V65/><F3/><W5/><G5/><T103/><D103/><RYUUKYOKU ba="1,2" sc="224,15,335,-15,230,-15,191,15" hai0="13,18,21,90,104,105,106" hai3="32,33,40,44,49,77,82,84,85,94,95,98,100" /><INIT seed="3,2,2,2,5,0" ten="239,320,215,206" oya="3" hai0="5,70,126,10,8,18,16,90,82,25,128,96,30" hai1="113,125,17,118,57,53,23,69,122,47,101,43,68" hai2="19,35,56,59,91,44,20,80,121,67,4,65,107" hai3="21,93,75,92,83,103,131,71,120,24,34,108,72"/><W78/><G120/><T116/><D70/><U135/><E113/><V61/><F35/><W2/><G71/><T52/><D116/><U123/><E118/><V95/><F107/><W97/><G131/><T104/><D128/><U89/><E101/><V79/><F121/><W117/><G117/><T22/><D126/><U27/><E125/><V134/><F134/><W14/><G2/><T110/><D110/><U9/><E69/><V87/><F4/><W74/><G108/><T3/><D10/><U58/><E9/><V111/><F44/><W64/><G64/><N who="2" m="24649" /><F61/><W112/><G112/><T88/><D52/><U49/><E57/><N who="2" m="22091" /><F111/><W100/><G34/><T39/><D39/><U127/><E68/><V84/><F19/><W86/><G14/><T119/><D119/><U102/><E135/><V7/><F7/><W50/><G50/><T124/><D124/><U29/><E17/><V1/><F1/><W77/><G24/><T85/><D104/><U11/><E127/><V60/><F60/><W32/><G21/><AGARI ba="2,2" hai="20,21,79,80,84,87,91,95" m="22091,24649" machi="21" ten="30,1000,0" yaku="8,1" doraHai="0" who="2" fromWho="3" sc="239,0,320,0,215,36,206,-16" owari="239,-16.1,320,42.0,251,5.1,190,-31.0" /></mjloggm>