<mjloggm ver="2.3"><GO type="225" lobby="0"/><UN n0="%6D%75%75%73%61%6E%6D%75" n1="%E7%AB%8B%E8%8A%B1%E9%9F%BF" n2="%4C%4F%4C%49%54%41" n3="%72%65%6E%6B%75%6E" dan="17,17,16,17" rate="2163.59,2171.98,2173.56,2251.53" sx="F,F,F,M"/><TAIKYOKU oya="0"/><INIT seed="0,0,0,0,3,134" ten="250,250,250,250" oya="0" hai0="2,130,57,4,90,34,69,88,39,127,0,63,98" hai1="93,75,10,128,36,8,72,22,66,117,121,45,3" hai2="70,38,109,30,110,114,27,95,29,40,44,119,104" hai3="33,62,97,92,15,76,101,77,132,54,14,135,123"/><T102/><D69/><U89/><E117/><V115/><F119/><W99/><G33/><T50/><D39/><U133/><E121/><V7/><F104/><W106/><G123/><T6/><D34/><U122/><E122/><V23/><F70/><W118/><G118/><T79/><D79/><N who="3" m="30281" /><G54/><T58/><D130/><U91/><E66/><V116/><F116/><W74/><G62/><T112/><D112/><U17/><E133/><N who="3" m="51274" /><G74/><T20/><D20/><U73/><E128/><V18/><F7/><W86/><G86/><T46/><D6/><U105/><E105/><V21/><F95/><W32/><G32/><T120/><D120/><U12/><E3/><V65/><F65/><W108/><G108/><N who="2" m="41577" /><F29/><W56/><G56/><T31/><D31/><U47/><E91/><AGARI ba="0,0" hai="14,15,91,92,97,99,101,106" m="51274,30281" machi="91" ten="30,1000,0" yaku="20,1" doraHai="134" who="3" fromWho="1" sc="250,0,250,-10,250,0,250,10" /><INIT seed="1,0,0,3,3,15" ten="250,240,250,260" oya="1" hai0="95,18,37,130,89,124,74,115,45,33,128,69,25" hai1="100,63,20,72,97,117,56,28,39,87,104,22,67" hai2="0,93,29,94,76,107,80,73,38,47,21,35,10" hai3="99,46,129,135,122,83,109,131,59,27,86,19,24"/><U13/><E117/><V88/><F107/><W2/><G122/><T55/><D115/><U71/><E72/><V34/><F93/><W123/><G123/><T48/><D74/><U65/><E39/><V96/><F29/><W119/><G2/><T90/><D124/><U49/><E28/><V26/><F21/><W68/><G68/><T118/><D118/><U4/><E87/><V113/><F26/><W70/><G70/><T11/><D69/><U75/><E75/><V98/><F98/><W121/><G121/><T53/><D37/><U58/><E71/><V60/><F60/><W125/><G125/><T101/><D33/><U92/><E104/><V50/><F113/><W102/><G119/><T23/><D11/><N who="1" m="4327" /><E67/><V12/><F0/><W127/><G127/><T30/><D30/><U40/><E58/><V8/><F8/><W7/><G129/><N who="0" m="49771" /><D55/><U111/><E111/><V52/><F38/><W5/><G109/><T110/><D110/><U32/><E32/><V134/><F134/><W16/><G131/><T43/><D53/><U84/><E84/><V85/><F73/><W31/><G135/><T78/><D78/><U66/><E66/><V62/><F62/><W79/><G59/><T91/><D101/><U17/><E17/><AGARI ba="0,0" hai="10,12,17,34,35,47,50,52,76,80,85,88,94,96" machi="17" ten="30,7700,0" yaku="7,1,52,1,54,2" doraHai="15" who="2" fromWho="1" sc="250,0,240,-77,250,77,260,0" /><INIT seed="2,0,0,2,3,105" ten="250,163,327,260" oya="2" hai0="16,109,91,18,88,55,58,110,117,20,93,66,90" hai1="59,123,30,44,116,100,113,9,57,10,43,7,47" hai2="80,36,73,19,96,111,62,28,77,41,51,21,13" hai3="133,67,23,87,60,56,78,64,128,75,46,11,52"/><V5/><F36/><W115/><G128/><T29/><D117/><U72/><E113/><V131/><F131/><W25/><G133/><T50/><D66/><U34/><E116/><V53/><F111/><N who="0" m="42506" /><D93/><U124/><E124/><V114/><F114/><W135/><G135/><T1/><D1/><U38/><E123/><V94/><F62/><W102/><G102/><T98/><D98/><U85/><E100/><V49/><F41/><W26/><G115/><T4/><D4/><U45/><E10/><V118/><F118/><W89/><G11/><T14/><D14/><U33/><E85/><V37/><F37/><W129/><G46/><T39/><D39/><U3/><E45/><V12/><F28/><W121/><G121/><T125/><D125/><U42/><E47/><V35/><F35/><W83/><G129/><T0/><D0/><U103/><E43/><V112/><F112/><W69/><G69/><T108/><N who="0" m="42514" /><T54/><DORA hai="101" /><D55/><U126/><E103/><V107/><F53/><W127/><G127/><T71/><D71/><U6/><E6/><V63/><F94/><W68/><G68/><T76/><D76/><U24/><E126/><V27/><F5/><W82/><REACH who="3" step="1"/><G26/><AGARI ba="0,0" hai="16,18,20,26,29,50,54,58,88,90,91" m="42514" machi="26" ten="50,6400,0" yaku="14,1,54,2" doraHai="105,101" who="0" fromWho="3" sc="250,64,163,0,327,0,260,-64" /><INIT seed="3,0,0,5,5,30" ten="314,163,327,196" oya="3" hai0="36,69,31,124,18,84,51,59,65,17,112,16,72" hai1="0,107,129,61,135,99,114,103,4,121,109,57,76" hai2="39,19,73,11,133,35,89,45,92,68,14,100,71" hai3="50,123,126,118,8,96,1,106,24,97,7,5,90"/><W60/><G123/><T128/><D72/><U44/><E121/><V77/><F35/><W102/><G118/><T37/><D69/><U116/><E114/><V130/><F100/><W66/><G126/><T110/><D124/><U27/><E116/><V12/><F133/><W117/><G117/><T75/><D75/><U86/><E135/><V9/><F130/><W15/><G50/><T40/><D128/><U127/><E129/><V29/><F29/><W70/><G24/><T2/><D2/><U81/><E127/><V131/><F131/><W48/><G48/><T32/><D112/><U108/><E44/><V58/><F58/><W62/><G62/><T79/><D110/><U64/><REACH who="1" step="1"/><E27/><REACH who="1" ten="314,153,327,196" step="2"/><V120/><F120/><W41/><G41/><T56/><D40/><U87/><E87/><V74/><F73/><W25/><G25/><T6/><D37/><U43/><E43/><V94/><F74/><W54/><G54/><T52/><D36/><U26/><E26/><V98/><F39/><W91/><REACH who="3" step="1"/><G96/><REACH who="3" ten="314,153,327,186" step="2"/><T3/><D32/><U38/><E38/><V85/><F98/><W67/><G67/><T46/><D31/><U33/><E33/><V34/><F34/><W105/><G105/><T119/><D119/><U20/><E20/><V111/><F45/><W22/><G22/><T113/><D113/><U78/><E78/><V13/><F77/><W115/><G115/><T23/><D23/><U122/><E122/><V47/><F47/><W63/><G63/><N who="0" m="38119" /><D46/><U104/><E104/><V80/><F111/><W49/><G49/><T93/><D79/><U21/><E21/><RYUUKYOKU ba="0,2" sc="314,-15,153,15,327,-15,186,15" hai1="0,4,57,61,64,76,81,86,99,103,107,108,109" hai3="1,5,7,8,15,60,66,70,90,91,97,102,106" /><INIT seed="3,1,2,3,4,107" ten="299,168,312,201" oya="3" hai0="7,17,4,122,120,3,117,15,88,125,43,53,45" hai1="60,20,99,97,114,0,90,13,12,16,134,36,74" hai2="103,98,115,81,18,71,87,58,48,80,50,21,23" hai3="119,38,33,8,85,91,59,6,22,30,29,28,34"/><W11/><G38/><T27/><D117/><U69/><E114/><V63/><F71/><W131/><G119/><T123/><D3/><U110/><E0/><V67/><F115/><W44/><G131/><T5/><D125/><U19/><E36/><V47/><F18/><W92/><G44/><T102/><D102/><U64/><E110/><V10/><F10/><W32/><G6/><T14/><D53/><U133/><E74/><V56/><F56/><W26/><REACH who="3" step="1"/><G59/><REACH who="3" ten="299,168,312,191" step="2"/><T96/><D45/><U132/><E90/><V105/><F47/><W104/><G104/><T37/><D37/><U9/><AGARI ba="1,3" hai="9,12,13,16,19,20,60,64,69,97,99,132,133,134" machi="9" ten="30,4000,0" yaku="0,1,20,1,54,1" doraHai="107" who="1" fromWho="1" sc="299,-11,168,73,312,-11,191,-21" owari="288,8.8,241,-15.9,301,40.1,170,-33.0" /></mjloggm>