<mjloggm ver="2.3"><GO type="225" lobby="0"/><UN n0="%E3%81%AF%E3%82%88%E3%81%8A%E3%81%98%E3%81%95%E3%82%93" n1="%6D%75%75%6D%75%72%61" n2="%73%75%7A%75%6D%65%33" n3="%E3%81%99%E3%81%84%E3%81%BE%E3%81%9B%E3%83%BC%E3%82%93" dan="16,16,17,16" rate="2195.43,2171.97,2210.66,2118.44" sx="M,F,M,M"/><TAIKYOKU oya="0"/><INIT seed="0,0,0,2,5,26" ten="250,250,250,250" oya="0" hai0="129,7,31,120,59,14,119,37,6,28,122,126,44" hai1="18,125,108,67,45,27,19,63,0,13,55,57,22" hai2="38,24,16,75,134,35,135,112,12,87,66,48,34" hai3="89,74,84,132,71,93,21,40,10,62,47,76,91"/><T68/><D68/><U115/><E108/><V49/><F38/><W130/><G130/><T61/><D119/><U110/><E110/><V127/><F75/><W105/><G132/><N who="2" m="50729" /><F112/><W9/><G105/><T97/><D129/><U30/><E115/><V3/><F3/><W82/><G21/><T17/><D126/><U70/><E125/><V4/><F66/><W96/><G62/><T15/><D37/><U104/><E0/><V94/><F4/><N who="0" m="1578" /><D122/><U118/><E118/><V54/><F127/><W2/><G71/><T100/><D120/><U123/><E123/><V92/><F48/><W101/><G2/><T23/><D44/><U60/><E104/><V8/><F87/><W53/><G53/><N who="0" m="34031" /><D14/><U43/><REACH who="1" step="1"/><E13/><REACH who="1" ten="250,240,250,250" step="2"/><V88/><F24/><W83/><REACH who="3" step="1"/><G101/><REACH who="3" ten="250,240,250,240" step="2"/><T50/><D100/><U69/><E69/><V103/><F103/><W99/><G99/><T77/><D97/><U86/><E86/><N who="2" m="52247" /><F94/><W111/><G111/><T109/><D109/><U117/><E117/><V85/><F85/><W107/><G107/><T11/><D77/><U5/><E5/><V72/><F72/><W133/><G133/><T98/><D98/><U64/><E64/><V90/><F90/><W81/><G81/><T20/><D15/><U80/><E80/><V124/><F124/><W79/><G79/><T33/><D11/><U128/><E128/><V73/><F73/><W36/><AGARI ba="0,2" hai="9,10,36,40,47,74,76,82,83,84,89,91,93,96" machi="36" ten="20,2700,0" yaku="1,1,0,1,7,1,53,0" doraHai="26" doraHaiUra="114" who="3" fromWho="3" sc="250,-13,240,-7,250,-7,240,47" /><INIT seed="1,0,0,1,5,54" ten="237,233,243,287" oya="1" hai0="36,21,65,22,47,90,93,94,68,120,82,97,16" hai1="129,57,76,79,8,134,19,30,25,118,44,28,77" hai2="46,132,3,106,130,62,7,119,55,45,133,71,51" hai3="40,34,0,91,70,17,61,67,83,58,117,89,99"/><U81/><E118/><V86/><F119/><W60/><G117/><T111/><D111/><U128/><E134/><N who="2" m="51819" /><F106/><W104/><G0/><T35/><D35/><U24/><E44/><N who="2" m="28135" /><F86/><W1/><G1/><T116/><D116/><U39/><E39/><V85/><F85/><W98/><G34/><T23/><D120/><U27/><E81/><V135/><N who="2" m="51827" /><V112/><DORA hai="18" /><F112/><W73/><G40/><T38/><D82/><U126/><E126/><V101/><F101/><W115/><G115/><T15/><D93/><U123/><E123/><V72/><F72/><W113/><G113/><T31/><D31/><N who="1" m="11819" /><E19/><V124/><F124/><W88/><G104/><T52/><D38/><U69/><E69/><V109/><F109/><W20/><G73/><T10/><D36/><U9/><E57/><V26/><F26/><W12/><REACH who="3" step="1"/><G83/><REACH who="3" ten="237,233,243,277" step="2"/><T125/><D125/><U32/><E32/><V127/><F127/><W114/><G114/><T56/><D68/><U100/><E100/><V63/><F71/><W29/><G29/><T102/><D102/><U33/><E33/><V48/><F3/><W43/><G43/><T53/><D47/><U49/><E49/><V13/><F45/><W84/><G84/><T96/><D97/><U64/><E64/><AGARI ba="0,1" hai="12,17,20,58,60,61,64,67,70,88,89,91,98,99" machi="64" ten="40,12000,2" yaku="1,1,52,2,54,1,53,2" doraHai="54,18" doraHaiUra="66,14" who="3" fromWho="1" sc="237,0,233,-120,243,0,277,130" /><INIT seed="2,0,0,5,3,12" ten="237,113,243,407" oya="2" hai0="76,34,75,1,101,102,59,22,117,128,17,130,70" hai1="116,120,27,18,71,21,126,125,61,72,89,30,67" hai2="31,107,65,110,42,122,46,87,129,58,39,69,4" hai3="115,77,119,35,93,11,19,88,52,96,108,37,0"/><V85/><F122/><W10/><G119/><T32/><D70/><U114/><E116/><V64/><F107/><W28/><G37/><T48/><D1/><U103/><E114/><V24/><F129/><N who="0" m="49770" /><D117/><U5/><E120/><V57/><F4/><W33/><G108/><T14/><D76/><U20/><E72/><V44/><F110/><W133/><G133/><T80/><D80/><U132/><E132/><V109/><F109/><W23/><G77/><T2/><D2/><U99/><E5/><V62/><F44/><W123/><G123/><T86/><D86/><U51/><E51/><V41/><F41/><W50/><G115/><T63/><D48/><U73/><E73/><V121/><F121/><W68/><G68/><T134/><D75/><U40/><E40/><V81/><F65/><W100/><G100/><N who="0" m="38507" /><D134/><U92/><REACH who="1" step="1"/><E103/><REACH who="1" ten="237,103,243,407" step="2"/><V7/><F7/><W90/><G50/><T113/><D113/><U94/><E94/><V127/><F42/><W118/><G93/><T9/><D9/><U112/><E112/><V54/><F81/><W3/><G118/><T56/><D63/><U55/><E55/><V135/><F54/><W36/><G52/><T66/><D66/><U16/><E16/><V83/><F62/><W97/><G19/><T131/><D131/><U6/><E6/><V95/><F83/><W53/><G53/><T29/><D29/><U45/><E45/><V8/><F46/><W105/><G28/><T82/><D82/><U84/><E84/><V49/><F87/><W79/><G0/><T78/><D78/><U111/><E111/><V60/><F135/><RYUUKYOKU ba="0,1" sc="237,15,103,15,243,-15,407,-15" hai0="14,17,22,32,34,56,59" hai1="18,20,21,27,30,61,67,71,89,92,99,125,126" /><INIT seed="3,1,1,5,1,44" ten="252,118,228,392" oya="3" hai0="24,76,57,11,33,46,41,125,52,97,93,128,121" hai1="119,59,129,88,55,131,45,87,79,19,112,74,16" hai2="30,25,13,82,58,34,23,38,0,80,83,135,127" hai3="54,65,51,86,4,9,14,40,126,99,36,6,117"/><W118/><G126/><T94/><D121/><U48/><E112/><V12/><F0/><W29/><G65/><T69/><D69/><U28/><E119/><V133/><F38/><W50/><G50/><T20/><D33/><U78/><E74/><V2/><F2/><W22/><G4/><T122/><D122/><U114/><E28/><V26/><F58/><W102/><G86/><T35/><D35/><U115/><E115/><V49/><F49/><W37/><G40/><T75/><D11/><U43/><E114/><V84/><F84/><W124/><G37/><T62/><D128/><N who="1" m="49227" /><E78/><V68/><F68/><W123/><G36/><T71/><D76/><U104/><E104/><V32/><F127/><W113/><G124/><T7/><D71/><U56/><E79/><V66/><F66/><W60/><G123/><T90/><D75/><U77/><E77/><V134/><F32/><W53/><G113/><T130/><D125/><U39/><E59/><V109/><F109/><W91/><G29/><AGARI ba="1,1" hai="12,13,23,25,26,29,30,34,80,82,83,133,134,135" machi="29" ten="50,1600,0" yaku="20,1" doraHai="44" who="2" fromWho="3" sc="252,0,118,0,228,29,392,-19" owari="252,-14.8,118,-38.2,257,5.7,373,47.3" /></mjloggm>