<mjloggm ver="2.3"><GO type="225" lobby="0"/><UN n0="%E5%A4%9C%E5%85%89%E5%A4%A9%E6%A5%BC" n1="%65%6B%61%72%75%74%65" n2="%E3%81%B5%E3%81%98%E3%81%8B%E3%81%A4" n3="%E3%83%81%E3%83%AF%E3%83%AF%E9%9A%8A%E9%95%B7" dan="17,16,17,16" rate="2162.89,2189.89,2217.29,2089.63" sx="F,M,M,M"/><TAIKYOKU oya="0"/><INIT seed="0,0,0,2,4,15" ten="250,250,250,250" oya="0" hai0="109,66,76,114,46,26,58,17,81,134,38,24,124" hai1="31,78,11,57,89,79,116,49,33,60,54,48,84" hai2="117,45,42,91,83,88,6,44,12,68,128,34,120" hai3="133,72,0,64,99,39,65,132,77,104,5,123,121"/><T85/><D114/><U110/><E116/><V19/><F120/><N who="3" m="46155" /><G39/><T22/><D124/><U61/><E110/><V59/><F117/><W82/><G0/><T130/><D109/><U96/><E96/><V90/><F68/><W113/><G5/><T32/><D130/><U8/><E31/><V102/><F34/><W1/><G1/><T43/><D134/><N who="3" m="51817" /><G113/><T106/><D106/><U95/><E33/><V51/><F128/><W35/><G35/><T37/><D32/><U47/><E78/><V30/><F30/><W111/><G111/><T71/><D71/><U25/><E25/><V2/><F2/><W108/><G108/><T105/><D105/><U28/><E28/><V29/><F29/><W115/><G115/><T135/><D26/><U101/><E79/><V18/><F102/><AGARI ba="0,0" hai="64,65,72,77,82,99,102,104" m="51817,46155" machi="102" ten="30,2000,0" yaku="13,1,20,1" doraHai="15" who="3" fromWho="2" sc="250,0,250,0,250,-20,250,20" /><INIT seed="1,0,0,1,0,131" ten="250,250,230,270" oya="1" hai0="95,100,56,77,45,31,43,125,47,53,35,62,46" hai1="39,82,81,127,68,129,84,48,12,18,27,135,42" hai2="115,7,34,124,67,36,106,71,85,116,112,28,83" hai3="0,37,90,15,111,14,13,59,96,51,78,86,52"/><U49/><E68/><V69/><F116/><W110/><G0/><T121/><D121/><U30/><E129/><V118/><F36/><W98/><G37/><T20/><D125/><U33/><E127/><V120/><F106/><W80/><REACH who="3" step="1"/><G78/><REACH who="3" ten="250,250,230,260" step="2"/><T10/><D77/><U41/><E39/><V94/><F124/><W40/><G40/><T61/><D43/><U88/><E42/><V114/><F118/><W22/><G22/><T5/><D35/><U73/><E41/><V102/><F34/><W134/><G134/><T92/><D20/><N who="1" m="15719" /><E135/><V64/><F120/><W4/><G4/><T65/><D5/><U1/><E1/><V50/><F7/><W108/><AGARI ba="0,1" hai="13,14,15,51,52,59,80,86,90,96,98,108,110,111" machi="108" ten="40,8000,1" yaku="1,1,0,1,14,1,54,1,53,0" doraHai="131" doraHaiUra="113" who="3" fromWho="3" sc="250,-20,250,-40,230,-20,260,90" /><INIT seed="2,0,0,3,5,57" ten="230,210,210,350" oya="2" hai0="13,94,44,121,15,56,82,116,69,80,20,76,66" hai1="58,108,96,27,47,39,59,24,5,22,12,11,91" hai2="74,6,122,65,128,42,100,52,84,99,105,81,102" hai3="55,85,64,38,75,115,112,63,68,73,54,30,1"/><V79/><F122/><W117/><G38/><T134/><D121/><U114/><E114/><N who="3" m="43562" /><G1/><T48/><D134/><U119/><E119/><V133/><F133/><W77/><G117/><T4/><D69/><U2/><E108/><V19/><F42/><W32/><G85/><T53/><D116/><U18/><E27/><V3/><F100/><W50/><G77/><T78/><D4/><U129/><E129/><V17/><F128/><W67/><G67/><T7/><D7/><U120/><E120/><V60/><F84/><W37/><G37/><T10/><D94/><N who="1" m="56415" /><E39/><V110/><F110/><W95/><G95/><T103/><D103/><U118/><E118/><V89/><F89/><W130/><G130/><T40/><D66/><U87/><E2/><V106/><F106/><W36/><G36/><T35/><D78/><U62/><E47/><V97/><F97/><W31/><G55/><T71/><D76/><U61/><E87/><V0/><F52/><W23/><G32/><T8/><D35/><U41/><E41/><V72/><F72/><N who="3" m="27723" /><G23/><T21/><D20/><U109/><E109/><V51/><F0/><W34/><G34/><T33/><D21/><U93/><E93/><V98/><F98/><W101/><G101/><T90/><D33/><U135/><E135/><V127/><F3/><W104/><G104/><T9/><D90/><U46/><E46/><AGARI ba="0,0" hai="30,31,46,50,54,63,64,68" m="27723,43562" machi="46" ten="30,2000,0" yaku="11,1,52,1" doraHai="57" who="3" fromWho="1" sc="230,0,210,-20,210,0,350,20" /><INIT seed="3,0,0,4,4,40" ten="230,190,210,370" oya="3" hai0="73,63,16,44,33,116,29,36,121,106,87,0,128" hai1="30,111,53,110,43,35,28,108,103,23,78,89,101" hai2="60,15,96,49,90,45,83,57,50,59,64,9,81" hai3="18,19,92,77,62,61,97,56,52,67,112,113,68"/><W99/><G77/><T4/><D116/><U102/><E35/><V118/><F118/><W6/><G6/><T84/><D73/><U71/><E71/><V7/><F96/><W94/><G113/><T27/><D121/><U117/><E117/><V114/><F114/><W107/><G107/><T115/><D115/><U75/><E43/><N who="2" m="24767" /><F90/><W54/><G112/><T91/><D106/><U86/><E53/><AGARI ba="0,0" hai="7,9,15,50,53,57,59,60,64,81,83" m="24767" machi="53" ten="30,2000,0" yaku="8,1,52,1" doraHai="40" who="2" fromWho="1" sc="230,0,190,-20,210,20,370,0" owari="230,3.0,170,-33.0,230,-17.0,370,47.0" /></mjloggm>