<mjloggm ver="2.3"><GO type="225" lobby="0"/><UN n0="%6D%75%75%6D%75%72%61" n1="%E5%8F%AF%E5%85%90%E9%82%A3%E7%94%B1%E5%A4%9A" n2="%72%69%6F%75%63%68%61%6E" n3="%E6%9A%87%E4%BA%BA%EF%BC%A0%E9%85%8D%E4%BF%A1%E5%9E%A2" dan="17,16,17,17" rate="2191.49,2193.09,2248.47,2183.75" sx="F,F,M,F"/><TAIKYOKU oya="0"/><INIT seed="0,0,0,4,4,20" ten="250,250,250,250" oya="0" hai0="14,52,89,44,25,117,41,124,36,67,47,62,72" hai1="63,105,16,133,43,12,106,99,61,38,57,13,10" hai2="7,112,71,85,11,98,93,123,56,86,17,92,131" hai3="129,6,88,9,118,65,95,60,134,34,107,0,39"/><T30/><D117/><U23/><E133/><V42/><F123/><W40/><G118/><T66/><D72/><U2/><E2/><V80/><F112/><W96/><G134/><T21/><D124/><U45/><E99/><V46/><F131/><W128/><G107/><T121/><D121/><U90/><E90/><V97/><F71/><W33/><G40/><T29/><D29/><U82/><E82/><V8/><F56/><W120/><G39/><T109/><D109/><U5/><REACH who="1" step="1"/><E63/><REACH who="1" ten="250,240,250,250" step="2"/><V49/><F80/><W59/><REACH who="3" step="1"/><G120/><REACH who="3" ten="250,240,250,240" step="2"/><T15/><D36/><U54/><AGARI ba="0,2" hai="5,10,12,13,16,23,38,43,45,54,57,61,105,106" machi="54" ten="20,8000,1" yaku="1,1,2,1,0,1,7,1,54,1,53,0" doraHai="20" doraHaiUra="111" who="1" fromWho="1" sc="250,-40,240,100,250,-20,240,-20" /><INIT seed="1,0,0,4,2,47" ten="210,340,230,220" oya="1" hai0="53,56,122,71,49,110,101,119,109,96,19,64,14" hai1="128,91,76,20,132,23,102,88,9,29,27,78,83" hai2="13,87,58,42,46,26,40,31,32,37,17,129,33" hai3="120,50,41,54,90,134,10,21,66,125,123,61,15"/><U5/><E128/><V45/><F129/><W97/><G41/><T92/><D119/><U82/><E132/><V30/><F58/><W8/><G134/><T130/><D130/><U0/><E102/><V98/><F98/><W108/><G108/><T68/><D122/><U93/><E23/><V70/><F70/><W3/><G125/><T63/><REACH who="0" step="1"/><D71/><REACH who="0" ten="200,340,230,220" step="2"/><U2/><E2/><V133/><F133/><W86/><G123/><T62/><D62/><U84/><REACH who="1" step="1"/><E93/><REACH who="1" ten="200,330,230,220" step="2"/><V94/><F94/><W131/><G120/><T67/><D67/><U60/><E60/><V73/><F33/><W117/><G131/><T75/><D75/><AGARI ba="0,2" hai="0,5,9,20,27,29,75,76,78,82,83,84,88,91" machi="75" ten="30,5800,0" yaku="1,1,7,1,54,1,53,0" doraHai="47" doraHaiUra="100" who="1" fromWho="0" sc="200,-58,330,78,230,0,220,0" /><INIT seed="1,1,0,2,4,113" ten="142,408,230,220" oya="1" hai0="128,21,20,76,100,88,62,111,28,59,30,92,38" hai1="17,44,75,130,102,98,80,120,107,129,78,3,12" hai2="87,34,79,133,95,96,122,60,49,118,0,85,8" hai3="108,53,31,56,19,90,81,135,127,103,4,22,16"/><U7/><E120/><V74/><F118/><W105/><G108/><T73/><D111/><U55/><E7/><V110/><F122/><W114/><G114/><T104/><D38/><U9/><E3/><V83/><F110/><W48/><G135/><T132/><D132/><U84/><E75/><V123/><F123/><W109/><G109/><T51/><D128/><U71/><E71/><V77/><F133/><W27/><G127/><T66/><D51/><U112/><E112/><V50/><F34/><W106/><G4/><T2/><D2/><U52/><REACH who="1" step="1"/><E44/><REACH who="1" ten="142,398,230,220" step="2"/><V134/><F74/><W101/><G106/><T124/><D124/><U11/><E11/><V47/><F47/><W72/><G105/><T125/><D125/><U18/><E18/><N who="3" m="6698" /><G72/><T6/><D6/><U40/><E40/><V115/><F115/><W1/><G1/><T23/><D104/><U32/><E32/><V126/><F126/><W36/><G36/><T64/><D28/><U57/><E57/><V24/><F0/><W97/><G56/><T70/><D30/><U37/><E37/><V91/><F134/><W45/><G45/><T29/><D29/><U13/><E13/><V68/><F68/><W82/><G31/><T65/><D70/><U131/><AGARI ba="1,1" hai="9,12,17,52,55,78,80,84,98,102,107,129,130,131" machi="131" ten="30,12000,1" yaku="1,1,0,1,19,1,54,1,53,1" doraHai="113" doraHaiUra="94" who="1" fromWho="1" sc="142,-41,398,133,230,-41,220,-41" /><INIT seed="1,2,0,1,4,35" ten="101,531,189,179" oya="1" hai0="80,15,49,34,14,110,96,73,78,74,107,9,103" hai1="91,84,46,3,51,45,68,39,1,85,12,10,131" hai2="17,5,133,25,99,116,44,48,32,98,113,86,56" hai3="75,109,95,72,119,21,108,2,23,114,31,30,105"/><U77/><E68/><V90/><F116/><W54/><G105/><T60/><D110/><N who="3" m="42601" /><G114/><T22/><D34/><U129/><E39/><V65/><F133/><W6/><G119/><T101/><D101/><U59/><E59/><V67/><F113/><W135/><G135/><T102/><D102/><U43/><E46/><V70/><F70/><W132/><G132/><T89/><D60/><U13/><E13/><V115/><F115/><W50/><G95/><T121/><D121/><U76/><E76/><V82/><F5/><W52/><G23/><T63/><D63/><U36/><E36/><V18/><F32/><W53/><G50/><T87/><D22/><U28/><E28/><N who="3" m="10794" /><G21/><T97/><D49/><U134/><E134/><V61/><F65/><W58/><G58/><T125/><D125/><U88/><E77/><V47/><F47/><W24/><G24/><T106/><D106/><U124/><E124/><V94/><F25/><W38/><G38/><T126/><D126/><U112/><E112/><V42/><REACH who="2" step="1"/><F98/><REACH who="2" ten="101,531,179,179" step="2"/><W104/><G104/><T117/><D117/><U16/><E131/><V128/><F128/><W71/><G71/><T4/><REACH who="0" step="1"/><D15/><REACH who="0" ten="91,531,179,179" step="2"/><U127/><E127/><V130/><F130/><W69/><G69/><T92/><AGARI ba="2,2" hai="4,9,14,73,74,78,80,87,89,92,96,97,103,107" machi="92" ten="30,7900,0" yaku="1,1,2,1,0,1,53,1" doraHai="35" doraHaiUra="79" who="0" fromWho="0" sc="91,105,531,-41,179,-22,179,-22" /><INIT seed="2,0,0,5,4,108" ten="196,490,157,157" oya="2" hai0="60,18,95,53,112,4,76,21,36,133,123,66,125" hai1="58,49,69,47,126,111,93,80,9,29,110,132,32" hai2="31,88,42,127,107,6,85,44,91,55,97,131,134" hai3="89,63,124,33,92,122,38,70,116,129,15,1,105"/><V73/><F73/><W101/><RYUUKYOKU type="yao9" ba="0,0" sc="196,0,490,0,157,0,157,0" hai3="1,15,33,38,63,70,89,92,101,105,116,122,124,129" /><INIT seed="2,1,0,5,2,88" ten="196,490,157,157" oya="2" hai0="3,131,36,119,0,43,106,46,67,118,133,77,21" hai1="135,18,38,64,101,104,65,1,27,117,7,5,31" hai2="90,59,130,74,98,71,115,17,41,53,93,26,79" hai3="49,129,13,51,50,58,95,32,113,80,10,107,37"/><V114/><F71/><W109/><G107/><T94/><D131/><U92/><E117/><N who="0" m="44553" /><D106/><U126/><E38/><V110/><F130/><W2/><G129/><T45/><D133/><U69/><E135/><V84/><F74/><W52/><G37/><N who="0" m="21743" /><D67/><U85/><E126/><V61/><F110/><W56/><G109/><T34/><D34/><U55/><E18/><V81/><REACH who="2" step="1"/><F41/><REACH who="2" ten="196,490,147,157" step="2"/><W60/><G113/><T66/><D36/><U57/><E69/><V48/><F48/><W72/><G72/><T124/><D124/><U102/><E65/><V47/><F47/><W89/><G56/><T132/><D46/><U128/><E64/><V120/><F120/><W108/><G108/><T103/><D132/><U127/><E128/><V24/><F24/><W39/><G39/><T78/><D66/><U121/><E127/><V70/><F70/><W112/><G112/><T86/><D3/><U22/><E121/><V23/><AGARI ba="1,1" hai="17,23,26,53,59,61,79,81,84,90,93,98,114,115" machi="23" ten="30,18000,2" yaku="1,1,0,1,25,2,52,1,53,1" doraHai="88" doraHaiUra="19" who="2" fromWho="2" sc="196,-61,490,-61,147,193,157,-61" /><INIT seed="2,2,0,1,4,24" ten="135,429,340,96" oya="2" hai0="23,90,30,125,12,83,4,72,26,22,58,129,120" hai1="105,62,36,115,27,33,6,123,53,55,103,34,21" hai2="1,40,89,60,3,68,54,48,110,52,32,69,66" hai3="59,42,47,117,93,46,28,88,108,41,100,134,45"/><V133/><F32/><W49/><G117/><T35/><D120/><U87/><E115/><V109/><F133/><W13/><G134/><T118/><D118/><U131/><E36/><V127/><F127/><W92/><G108/><N who="2" m="41577" /><F89/><W8/><G100/><T84/><D125/><U11/><E123/><V114/><F114/><W74/><G74/><T85/><D129/><U113/><E131/><V5/><F5/><W94/><G59/><T82/><D72/><U102/><E113/><V116/><F116/><W71/><G71/><N who="2" m="27209" /><F1/><W29/><G88/><T111/><D111/><U65/><E33/><V76/><F76/><W50/><REACH who="3" step="1"/><G47/><REACH who="3" ten="135,429,340,86" step="2"/><T0/><D58/><U19/><E102/><V64/><F3/><W57/><G57/><T51/><D0/><U97/><E87/><V20/><F20/><W78/><G78/><T98/><D22/><U96/><E34/><V101/><F101/><W14/><G14/><T132/><D132/><U80/><E96/><V43/><F66/><W104/><G104/><T135/><D135/><U18/><E97/><V73/><F73/><W63/><G63/><T81/><D98/><U25/><E103/><V124/><F124/><W99/><G99/><T2/><D2/><N who="1" m="471" /><E105/><V70/><F48/><W122/><G122/><T10/><D51/><U128/><E128/><V38/><F38/><W56/><G56/><T67/><D67/><U7/><E65/><V106/><F106/><W77/><G77/><N who="0" m="46127" /><D83/><U126/><E126/><V15/><F15/><W39/><G39/><T86/><D85/><U44/><E80/><V121/><F121/><W95/><G95/><RYUUKYOKU ba="2,1" sc="135,10,429,-30,340,10,86,10" hai0="4,10,12,23,26,30,35,82,86,90" hai2="40,43,52,54,60,64,70" hai3="8,13,28,29,41,42,45,46,49,50,92,93,94" /><INIT seed="2,3,1,5,4,115" ten="145,399,350,96" oya="2" hai0="53,116,90,12,1,2,122,71,11,87,85,57,16" hai1="35,120,39,80,76,126,128,99,60,32,45,40,108" hai2="34,17,132,119,125,135,63,59,10,43,121,14,95" hai3="27,97,79,4,5,66,42,38,20,113,105,103,64"/><V56/><F119/><W29/><G113/><T134/><D122/><U98/><E120/><V65/><F121/><W70/><G79/><T22/><D71/><U73/><E108/><V30/><F125/><W86/><G86/><T72/><D72/><U61/><E126/><V52/><F43/><W15/><G70/><T3/><D134/><U131/><E98/><V83/><F83/><W117/><G117/><T102/><D116/><U23/><E23/><V77/><F77/><W84/><G84/><T94/><D87/><U0/><E99/><V19/><F30/><W104/><G104/><T69/><D69/><U88/><E88/><V26/><F34/><N who="1" m="12841" /><E0/><V100/><F95/><W8/><REACH who="3" step="1"/><G5/><REACH who="3" ten="145,399,350,86" step="2"/><T81/><D81/><U24/><E80/><V58/><F135/><W55/><G55/><T9/><REACH who="0" step="1"/><D102/><REACH who="0" ten="135,399,350,86" step="2"/><U91/><E73/><V118/><F100/><W49/><G49/><AGARI ba="3,3" hai="1,2,3,9,11,12,16,22,49,53,57,85,90,94" machi="49" ten="40,8000,1" yaku="1,1,2,1,25,2,54,1,53,0" doraHai="115" doraHaiUra="25" who="0" fromWho="3" sc="135,119,399,0,350,0,86,-89" owari="254,-14.6,399,49.9,350,15.0,-3,-50.3" /></mjloggm>