<mjloggm ver="2.3"><GO type="225" lobby="0"/><UN n0="%E5%B0%8F%E9%B3%A5%E9%81%8A%E7%B7%B4%E7%84%A1%32%31%E6%AD%B3" n1="%E8%B1%86%59%E5%A4%AA%E9%83%8E" n2="%E3%83%AD%E3%83%83%E3%83%86%E9%9B%80%E7%90%83" n3="%E3%81%BF%E3%81%BF%E3%81%9A" dan="16,16,17,16" rate="2151.10,2013.79,2177.18,2179.16" sx="F,M,M,M"/><TAIKYOKU oya="0"/><INIT seed="0,0,0,2,5,74" ten="250,250,250,250" oya="0" hai0="81,100,130,8,61,92,96,65,9,69,112,66,34" hai1="106,99,24,28,116,82,56,86,119,2,41,19,80" hai2="23,60,17,54,35,38,87,72,114,31,71,14,5" hai3="107,43,67,125,118,94,6,25,89,62,121,104,7"/><T58/><D112/><U49/><E2/><V76/><F114/><W124/><G118/><T40/><D130/><U123/><E80/><N who="2" m="47495" /><F38/><W44/><G25/><T4/><D34/><U57/><E123/><V120/><F72/><W45/><G121/><T127/><D127/><N who="3" m="48713" /><G94/><T110/><D40/><U103/><E19/><V11/><F71/><N who="3" m="42487" /><G89/><T84/><D110/><U98/><E98/><V126/><F35/><W21/><G45/><T27/><D27/><U128/><E128/><V16/><F126/><W1/><G21/><T97/><D97/><U70/><E70/><V22/><F120/><W48/><G1/><T33/><D33/><U13/><E13/><V26/><F23/><W108/><G108/><T105/><D105/><AGARI ba="0,0" hai="6,7,43,44,48,104,105,107" m="42487,48713" machi="105" ten="30,1000,0" yaku="18,1" doraHai="74" who="3" fromWho="0" sc="250,-10,250,0,250,0,250,10" /><INIT seed="1,0,0,3,5,122" ten="240,250,250,260" oya="1" hai0="26,73,86,41,52,8,55,23,84,133,16,125,129" hai1="64,7,3,62,74,120,109,27,37,24,105,94,47" hai2="110,92,32,103,20,112,134,54,51,124,102,104,101" hai3="38,89,66,58,5,45,17,36,117,40,44,34,68"/><U43/><E94/><V115/><F32/><W63/><G34/><T113/><D113/><N who="2" m="43594" /><F104/><W93/><G117/><T81/><D129/><U31/><E27/><V50/><F124/><W28/><G28/><T79/><D133/><U88/><E88/><V39/><F39/><W12/><G5/><T61/><D125/><U119/><E119/><V35/><F35/><W98/><G68/><T57/><D41/><U42/><E42/><V130/><F130/><W6/><G6/><T67/><D8/><N who="1" m="2175" /><E105/><V126/><F134/><W132/><G45/><T128/><D128/><U131/><E120/><V9/><F9/><W0/><G0/><T108/><D108/><U127/><E127/><V90/><F110/><W11/><G132/><T72/><REACH who="0" step="1"/><D86/><REACH who="0" ten="230,250,250,260" step="2"/><U29/><E109/><V78/><F126/><W46/><G46/><T10/><D10/><U91/><E131/><V116/><F116/><W69/><G69/><T18/><D18/><U25/><E31/><V30/><F30/><W121/><G121/><T22/><D22/><U114/><E29/><V2/><F20/><W85/><G85/><T111/><D111/><U95/><E114/><V13/><F2/><W97/><G98/><T118/><D118/><U83/><E74/><AGARI ba="0,1" hai="16,23,26,52,55,57,61,67,72,73,74,79,81,84" machi="74" ten="40,5200,0" yaku="1,1,54,2,53,0" doraHai="122" doraHaiUra="123" who="0" fromWho="1" sc="230,62,250,-52,250,0,260,0" /><INIT seed="2,0,0,3,0,81" ten="292,198,250,260" oya="2" hai0="18,82,49,57,53,23,54,110,39,87,52,119,73" hai1="31,7,133,79,90,62,66,37,72,16,0,108,129" hai2="56,102,38,24,48,115,80,65,47,97,105,88,34" hai3="111,89,132,107,21,99,25,9,78,96,100,98,46"/><V44/><F115/><W36/><G111/><T55/><D110/><U1/><E108/><V128/><F128/><W69/><G69/><T64/><D39/><U51/><E37/><V127/><F127/><W135/><G78/><T77/><D119/><U22/><E31/><V35/><F38/><W3/><G9/><T4/><D4/><U134/><E51/><V121/><F121/><W5/><G5/><T101/><D101/><U45/><E45/><V70/><F70/><W122/><G122/><T85/><REACH who="0" step="1"/><D64/><REACH who="0" ten="282,198,250,260" step="2"/><U106/><E129/><V118/><F118/><W113/><G113/><T59/><D59/><N who="1" m="37215" /><E7/><V15/><F56/><W74/><G3/><T67/><D67/><U19/><E0/><V11/><F65/><W42/><G100/><T91/><D91/><U12/><E90/><V75/><F88/><W125/><G89/><T63/><D63/><U68/><E1/><V112/><F112/><W29/><G107/><T131/><D131/><U103/><E68/><V120/><F120/><W26/><G125/><T43/><D43/><U61/><E61/><V116/><F116/><W20/><REACH who="3" step="1"/><G74/><REACH who="3" ten="282,198,250,250" step="2"/><T6/><D6/><U13/><E79/><V32/><F75/><W40/><G40/><T124/><D124/><U30/><E72/><V94/><F105/><W71/><G71/><T14/><AGARI ba="0,2" hai="14,18,23,49,52,53,54,55,57,73,77,82,85,87" machi="14" ten="30,8000,1" yaku="1,1,0,1,52,2,54,1,53,0" doraHai="81" doraHaiUra="109" who="0" fromWho="0" sc="282,100,198,-20,250,-40,250,-20" /><INIT seed="3,0,0,1,2,100" ten="382,178,210,230" oya="3" hai0="41,94,32,92,71,47,126,79,0,98,122,19,5" hai1="59,28,87,96,14,111,73,67,95,52,13,90,2" hai2="86,75,132,119,55,99,61,101,68,7,40,12,43" hai3="63,107,82,48,49,81,97,130,118,70,27,84,80"/><W88/><G118/><T69/><D32/><U11/><E2/><V10/><F119/><W42/><G130/><T34/><D34/><U127/><E73/><V109/><F75/><W102/><G27/><T20/><D94/><U129/><E127/><V35/><F35/><W65/><REACH who="3" step="1"/><G42/><REACH who="3" ten="382,178,210,220" step="2"/><T128/><D41/><U44/><E28/><V22/><F43/><W36/><G36/><T33/><D128/><U105/><E129/><V31/><F40/><W23/><G23/><T18/><D20/><U54/><E111/><V108/><F22/><W56/><G56/><T91/><D33/><U1/><E67/><V37/><F31/><W57/><G57/><T106/><D69/><U72/><E72/><V76/><F37/><W9/><G9/><T17/><D71/><U45/><E54/><V112/><F55/><W89/><G89/><T24/><D91/><U3/><E3/><V26/><F109/><W4/><G4/><T50/><D24/><U121/><E1/><V117/><F26/><W125/><G125/><T25/><D25/><U74/><E121/><V77/><F108/><W93/><AGARI ba="0,1" hai="48,49,63,65,70,80,81,82,84,88,93,97,102,107" machi="93" ten="30,11700,0" yaku="1,1,0,1,52,1,54,1,53,0" doraHai="100" doraHaiUra="104" who="3" fromWho="3" sc="382,-39,178,-39,210,-39,220,127" owari="343,14.3,139,-36.1,171,-22.9,347,44.7" /></mjloggm>