<mjloggm ver="2.3"><GO type="225" lobby="0"/><UN n0="%33%74%72%65%65" n1="%E3%83%A2%E3%82%B0%E3%83%9E%E3%83%AA%E3%83%A2" n2="%E7%AD%89%E3%80%85%E5%8A%9B%E5%8A%87%E5%A0%B4" n3="%E3%81%86%E3%81%A1%E3%83%BC" dan="16,16,16,17" rate="2133.48,2103.36,2130.25,2196.43" sx="F,M,M,M"/><TAIKYOKU oya="0"/><INIT seed="0,0,0,2,0,99" ten="250,250,250,250" oya="0" hai0="90,100,105,15,24,36,86,68,53,92,14,2,9" hai1="88,119,82,16,42,60,25,22,18,108,125,19,57" hai2="54,120,20,30,85,10,74,23,64,87,0,135,133" hai3="114,70,51,37,71,49,5,131,43,41,117,107,134"/><T81/><D68/><U8/><E125/><V34/><F74/><W12/><G107/><T79/><D36/><U38/><E108/><V1/><F64/><W121/><G12/><T26/><D2/><N who="2" m="1130" /><F54/><W69/><G5/><T3/><D3/><U31/><E119/><V106/><F106/><W21/><G21/><N who="2" m="8265" /><F87/><W98/><G98/><N who="0" m="61591" /><D53/><N who="1" m="33839" /><E42/><N who="3" m="15882" /><G134/><N who="2" m="51209" /><F85/><W129/><G117/><T50/><D50/><N who="3" m="18953" /><G37/><T113/><D81/><U77/><E77/><V93/><F93/><W47/><G114/><T118/><D79/><U73/><E73/><V35/><F120/><W13/><G121/><T46/><D118/><U7/><E38/><V101/><F101/><W104/><G104/><T45/><D45/><U111/><E111/><V6/><F30/><W103/><G103/><T61/><D46/><U67/><E67/><V27/><F27/><W33/><G47/><T89/><D24/><U102/><E102/><V75/><F75/><W44/><G44/><T55/><D26/><U80/><E88/><V28/><F28/><W32/><G13/><AGARI ba="0,0" hai="7,8,13,16,18,19,22,25,31,80,82" m="33839" machi="13" ten="30,2000,0" yaku="8,1,54,1" doraHai="99" who="1" fromWho="3" sc="250,0,250,20,250,0,250,-20" /><AGARI ba="0,0" hai="6,10,13,34,35" m="51209,8265,1130" machi="13" ten="30,3900,0" yaku="20,1,34,2" doraHai="99" who="2" fromWho="3" sc="250,0,270,0,250,39,230,-39" /><INIT seed="1,0,0,0,0,91" ten="250,270,289,191" oya="1" hai0="134,20,113,52,64,23,60,47,79,42,82,48,83" hai1="36,38,115,37,126,27,74,129,71,111,89,8,106" hai2="75,62,117,43,0,78,59,15,132,33,28,93,76" hai3="68,67,41,54,7,30,105,26,31,53,85,118,130"/><U35/><RYUUKYOKU type="yao9" ba="0,0" sc="250,0,270,0,289,0,191,0" hai1="8,27,35,36,37,38,71,74,89,106,111,115,126,129" /><INIT seed="1,1,0,1,4,59" ten="250,270,289,191" oya="1" hai0="110,107,79,8,63,99,73,94,120,5,30,47,16" hai1="52,72,86,17,105,6,3,23,11,56,119,133,78" hai2="84,77,95,65,100,21,10,40,61,98,134,32,106" hai3="70,25,93,55,90,37,111,64,68,92,44,97,36"/><U41/><E119/><V108/><F32/><W83/><G111/><T24/><D110/><U104/><E72/><V112/><F108/><W43/><G37/><T58/><D120/><U67/><E133/><V15/><F134/><W34/><G83/><T123/><D123/><U89/><E41/><V29/><F112/><W38/><G38/><T87/><D73/><U115/><E67/><V4/><F40/><W69/><G55/><T60/><D58/><U66/><E66/><V0/><F0/><W45/><G45/><T18/><D47/><U53/><E78/><V116/><F116/><W1/><G1/><T74/><D74/><U121/><E121/><V26/><F106/><W135/><G135/><T2/><D107/><U102/><E102/><V88/><F77/><W96/><G25/><T129/><D129/><U35/><E53/><V82/><F65/><W42/><G34/><T14/><D87/><U28/><E115/><V81/><F82/><W7/><G7/><T54/><D54/><U75/><E75/><V9/><F10/><W91/><REACH who="3" step="1"/><G43/><REACH who="3" ten="250,270,289,181" step="2"/><T31/><D79/><U126/><E35/><V22/><F4/><W48/><G48/><T13/><D2/><U19/><E6/><V131/><F81/><W113/><G113/><T20/><D5/><U101/><E52/><V12/><F26/><W71/><G71/><T49/><D49/><U114/><E114/><V118/><F118/><W39/><G39/><T128/><D128/><U27/><E27/><V50/><F131/><W57/><G57/><T51/><D51/><U125/><E3/><V46/><F50/><RYUUKYOKU ba="1,1" sc="250,-10,270,-10,289,-10,181,30" hai3="36,42,44,64,68,69,70,90,91,92,93,96,97" /><INIT seed="2,2,1,5,2,27" ten="240,260,279,211" oya="2" hai0="9,96,108,16,84,81,34,43,66,69,47,127,100" hai1="70,124,130,120,23,125,129,102,15,65,4,62,68" hai2="80,18,56,111,103,74,29,25,118,37,101,51,88" hai3="55,106,21,31,107,83,73,19,44,71,26,50,86"/><V99/><F118/><W40/><G73/><T113/><D113/><U109/><E102/><V105/><F37/><W78/><G71/><T61/><D108/><U122/><E109/><V91/><F111/><W0/><G0/><T92/><D34/><U64/><E4/><V79/><F103/><W60/><G60/><T52/><D127/><N who="1" m="48715" /><E15/><V28/><F18/><W116/><G116/><T110/><D110/><U98/><E23/><V24/><F25/><W87/><G40/><T20/><D9/><U14/><E14/><V53/><REACH who="2" step="1"/><F29/><REACH who="2" ten="240,260,269,211" step="2"/><W128/><G128/><N who="1" m="49258" /><E98/><V35/><AGARI ba="2,2" hai="24,28,35,51,53,56,74,79,80,88,91,99,101,105" machi="35" ten="20,18000,2" yaku="1,1,0,1,7,1,52,1,54,1,53,1" doraHai="27" doraHaiUra="76" who="2" fromWho="2" sc="240,-62,260,-62,269,206,211,-62" /><INIT seed="2,3,0,5,3,93" ten="178,198,475,149" oya="2" hai0="60,113,44,45,36,11,87,43,30,80,97,2,128" hai1="95,15,121,26,90,111,99,61,81,103,25,109,94" hai2="35,24,49,41,134,12,7,1,98,131,88,133,108" hai3="102,106,122,125,65,130,31,71,39,54,18,34,120"/><V13/><F1/><W37/><G54/><T50/><D113/><U85/><E121/><N who="3" m="46698" /><G18/><T117/><D128/><U68/><E15/><V127/><F127/><W3/><G3/><T96/><D117/><U101/><E101/><V124/><F124/><W135/><G125/><T107/><D107/><U100/><E100/><V79/><F79/><W64/><G130/><T73/><D73/><U112/><E112/><V123/><F123/><W70/><G64/><T77/><D30/><U86/><E61/><V52/><F41/><W51/><G51/><T33/><D33/><U5/><E68/><N who="3" m="26154" /><G65/><T53/><REACH who="0" step="1"/><D60/><REACH who="0" ten="168,198,475,149" step="2"/><U115/><E115/><V17/><F131/><W6/><G135/><T62/><D62/><U42/><E42/><V28/><F134/><W84/><G6/><AGARI ba="3,1" hai="2,6,11,36,43,44,45,50,53,77,80,87,96,97" machi="6" ten="40,8000,1" yaku="1,1,52,2,53,1" doraHai="93" doraHaiUra="0" who="0" fromWho="3" sc="168,99,198,0,475,0,149,-89" /><INIT seed="3,0,0,4,4,39" ten="267,198,475,60" oya="3" hai0="62,50,117,129,97,22,99,119,29,14,52,55,42" hai1="45,127,24,54,65,49,11,46,31,36,3,83,115" hai2="122,111,105,108,67,64,82,70,98,2,91,38,35" hai3="133,109,32,77,104,96,56,120,110,107,9,118,78"/><W81/><G120/><T10/><D129/><U19/><E115/><V20/><F35/><W84/><G32/><T94/><D117/><U57/><E127/><V58/><F70/><W53/><G118/><T103/><D119/><U112/><E112/><V121/><F2/><W27/><G133/><T134/><D99/><U59/><E83/><V13/><F38/><W17/><G78/><T41/><D134/><U93/><E93/><N who="2" m="56639" /><F105/><W80/><G80/><T5/><D62/><U86/><E86/><V135/><F135/><W61/><G96/><T90/><D103/><U7/><E19/><N who="2" m="10351" /><F82/><W60/><G60/><T68/><D68/><U74/><E74/><V76/><F76/><W95/><G95/><T69/><D69/><U87/><E87/><V47/><F47/><W79/><G79/><T0/><D0/><U75/><E75/><V18/><F18/><W6/><G17/><T102/><D90/><U106/><E106/><V4/><F4/><W124/><G124/><T132/><D132/><U130/><E130/><V12/><F12/><W92/><G92/><T126/><D126/><U44/><E65/><N who="2" m="25163" /><F58/><W131/><G131/><T101/><D101/><U125/><E125/><V71/><F71/><W15/><REACH who="3" step="1"/><G27/><REACH who="3" ten="267,198,475,50" step="2"/><N who="0" m="16631" /><D94/><U21/><E36/><V123/><AGARI ba="0,1" hai="108,111,121,122,123" m="25163,10351,56639" machi="123" ten="40,1500,0" yaku="13,1" doraHai="39" who="2" fromWho="2" sc="267,-4,198,-4,475,25,50,-7" owari="263,6.3,194,-20.6,500,60.0,43,-45.7" /></mjloggm>