<mjloggm ver="2.3"><GO type="225" lobby="0"/><UN n0="%6D%75%75%6D%75%72%61" n1="%E5%8D%A0%E3%81%84%E5%B8%AB%E8%A3%8F%E3%81%AA%E3%81%84%E3%81%97" n2="%38%63%E3%81%AF%E3%81%A3%E3%81%97%E3%83%BC" n3="%72%65%6E%6B%75%6E" dan="16,17,16,17" rate="2150.03,2169.07,2128.08,2256.67" sx="F,M,M,M"/><TAIKYOKU oya="0"/><INIT seed="0,0,0,0,3,7" ten="250,250,250,250" oya="0" hai0="12,8,49,58,33,5,92,20,71,96,77,101,84" hai1="16,94,35,93,21,114,104,13,3,10,79,44,132" hai2="28,61,119,9,19,62,22,83,17,112,45,105,25" hai3="59,67,60,39,97,65,109,117,57,115,91,122,135"/><T108/><D71/><U75/><E104/><V27/><F105/><W106/><G39/><T1/><D33/><U118/><E118/><V68/><F112/><W36/><G36/><T124/><D124/><U70/><E70/><V72/><F119/><W89/><G115/><T6/><D108/><U53/><E114/><V95/><F45/><W30/><G30/><T128/><D128/><U126/><E126/><V15/><F68/><W29/><G29/><T90/><D77/><U50/><E35/><V116/><F116/><W125/><G117/><T24/><D1/><U121/><E121/><V74/><F95/><W73/><G73/><T78/><D78/><U99/><E132/><V85/><F74/><W88/><G109/><T102/><D5/><N who="1" m="3279" /><E3/><V41/><F41/><W0/><G0/><T98/><D58/><U111/><E111/><V4/><F72/><W76/><G76/><T18/><REACH who="0" step="1"/><D49/><REACH who="0" ten="240,250,250,250" step="2"/><U2/><E2/><V51/><F51/><W23/><G125/><T34/><D34/><U64/><E79/><N who="2" m="46335" /><F4/><W56/><G135/><T86/><D86/><U26/><E75/><V133/><F133/><W130/><G130/><T129/><D129/><U103/><E64/><V87/><F87/><W66/><G66/><T42/><D42/><U69/><E69/><V131/><F131/><W40/><G40/><T110/><D110/><U123/><E123/><V48/><F48/><W14/><G122/><T55/><D55/><U127/><E127/><V80/><F80/><W37/><G37/><T32/><D32/><U38/><E38/><V52/><F52/><W47/><G65/><RYUUKYOKU ba="0,1" sc="240,10,250,10,250,10,250,-30" hai0="6,8,12,18,20,24,84,90,92,96,98,101,102" hai1="16,21,26,44,50,53,93,94,99,103" hai2="9,15,17,19,22,25,27,28,61,62" /><INIT seed="0,1,1,4,3,3" ten="250,260,260,220" oya="0" hai0="19,25,41,86,116,15,17,67,100,95,27,84,104" hai1="75,36,103,113,4,121,82,34,65,20,97,119,5" hai2="72,128,80,38,21,91,105,11,6,118,29,79,48" hai3="92,96,39,130,107,134,60,74,42,85,46,99,57"/><T55/><D116/><U108/><E34/><V50/><F38/><W30/><G130/><T26/><D104/><U18/><E119/><V98/><F118/><W59/><G134/><T16/><D67/><U124/><E121/><V81/><F128/><W120/><G74/><T93/><D41/><U78/><E36/><V61/><F61/><W64/><G120/><T58/><D15/><U110/><E65/><V76/><F29/><W54/><G30/><T112/><D112/><U89/><E89/><V117/><F21/><W8/><G107/><T94/><D100/><U2/><E2/><V125/><F125/><W12/><G85/><T133/><D133/><U127/><E113/><V28/><F28/><W63/><REACH who="3" step="1"/><G92/><REACH who="3" ten="250,260,260,210" step="2"/><T123/><D123/><U47/><E124/><V83/><F117/><W51/><G51/><AGARI ba="1,2" hai="16,17,19,25,26,27,51,55,58,84,86,93,94,95" machi="51" ten="50,12000,1" yaku="29,2,8,1,54,1" doraHai="3" who="0" fromWho="3" sc="250,143,260,0,260,0,210,-123" /><INIT seed="0,2,0,4,4,90" ten="393,260,260,87" oya="0" hai0="39,34,8,32,76,121,59,111,51,72,103,107,96" hai1="37,26,64,89,17,29,16,99,24,116,22,73,25" hai2="20,5,40,2,77,45,101,129,83,124,48,35,7" hai3="86,62,70,49,131,23,57,67,91,46,104,68,43"/><T112/><D112/><U92/><E116/><V118/><F35/><W123/><G131/><T0/><D39/><U98/><E73/><V19/><F129/><W10/><G104/><T119/><D119/><U55/><E37/><V100/><F118/><W42/><G123/><T88/><D121/><U69/><E69/><V95/><F124/><W80/><G43/><T127/><D127/><U125/><E64/><V53/><F40/><W113/><G113/><T132/><D132/><U81/><E81/><V120/><F120/><W108/><G108/><T33/><D111/><U84/><E125/><V50/><F50/><W41/><G41/><T79/><D72/><U38/><E38/><V133/><F2/><W3/><G3/><T74/><D74/><U21/><E55/><V106/><F106/><W27/><REACH who="3" step="1"/><G10/><REACH who="3" ten="393,260,260,77" step="2"/><T6/><D0/><U105/><REACH who="1" step="1"/><E105/><REACH who="1" ten="393,250,260,77" step="2"/><V87/><F133/><W31/><AGARI ba="2,2" hai="23,27,31,42,46,49,57,62,67,68,70,80,86,91" machi="31" ten="20,5200,0" yaku="1,1,2,1,0,1,7,1,53,0" doraHai="90" doraHaiUra="134" who="3" fromWho="3" sc="393,-28,250,-15,260,-15,77,78" /><INIT seed="1,0,0,4,2,72" ten="365,235,245,155" oya="1" hai0="112,126,104,0,58,64,68,5,129,120,34,13,20" hai1="105,116,7,94,17,44,135,27,84,3,55,28,80" hai2="92,113,43,93,75,60,52,42,10,8,106,21,9" hai3="57,65,37,35,62,47,89,54,109,95,110,59,50"/><U71/><E105/><V74/><F106/><W102/><G35/><T123/><D112/><U128/><E116/><V83/><F113/><W69/><G102/><T49/><D129/><U125/><E71/><V121/><F121/><N who="0" m="46666" /><D34/><U101/><E128/><V46/><F21/><W82/><G82/><T51/><D126/><U103/><E125/><V99/><F93/><W119/><G119/><T108/><D108/><U73/><E73/><V38/><F43/><W18/><G18/><N who="0" m="10319" /><D104/><U36/><E135/><V2/><F2/><W131/><G131/><T25/><D68/><U127/><E127/><V39/><F39/><W30/><G30/><T1/><D25/><U124/><E124/><V130/><F130/><W90/><G90/><T32/><D32/><U96/><E103/><V29/><F29/><W31/><G31/><T86/><D86/><U6/><E3/><N who="0" m="1097" /><D5/><U40/><E28/><V41/><F41/><N who="3" m="22959" /><G95/><T87/><D87/><U12/><E27/><V4/><F4/><W118/><G89/><T66/><D58/><N who="3" m="22025" /><G118/><T117/><D117/><U88/><REACH who="1" step="1"/><E55/><REACH who="1" ten="365,225,245,155" step="2"/><V48/><F75/><W24/><G24/><T111/><D111/><U100/><E100/><V132/><F74/><W33/><G33/><T114/><D114/><U85/><E85/><V16/><F52/><W23/><G109/><T61/><D61/><U79/><E79/><V70/><F60/><W81/><G110/><T63/><D63/><U56/><E56/><V26/><F26/><W22/><G81/><T53/><D53/><U76/><E76/><V14/><F83/><W122/><G122/><T134/><D134/><RYUUKYOKU ba="0,1" sc="365,10,225,10,245,-30,155,10" hai0="49,51,64,66" hai1="6,7,12,17,36,40,44,80,84,88,94,96,101" hai3="22,23,50,54,62,65,69" /><INIT seed="1,1,1,1,3,1" ten="375,235,215,165" oya="1" hai0="91,49,70,111,61,115,31,58,33,114,50,72,86" hai1="51,44,77,27,9,20,40,6,97,18,32,19,43" hai2="87,128,26,34,17,109,71,64,85,117,54,95,84" hai3="15,56,22,37,74,88,83,121,99,66,30,4,28"/><U36/><E32/><V39/><F117/><W38/><G121/><T134/><D72/><U29/><E77/><V48/><F39/><W126/><G126/><T0/><D70/><U45/><REACH who="1" step="1"/><E97/><REACH who="1" ten="375,225,215,165" step="2"/><V98/><F128/><W80/><G74/><T122/><D33/><U42/><E42/><V103/><F109/><W23/><G37/><T90/><D111/><U124/><E124/><V60/><F34/><W53/><G38/><T96/><D96/><U102/><E102/><V47/><F85/><N who="3" m="50215" /><G99/><T10/><D86/><U13/><AGARI ba="1,2" hai="6,9,13,18,19,20,27,29,36,40,43,44,45,51" machi="13" ten="20,7800,0" yaku="1,1,0,1,7,1,52,1,53,0" doraHai="1" doraHaiUra="81" who="1" fromWho="1" sc="375,-27,225,101,215,-27,165,-27" /><INIT seed="1,2,0,4,5,72" ten="348,326,188,138" oya="1" hai0="2,19,114,46,108,26,89,49,40,93,100,119,13" hai1="71,50,38,105,36,124,21,29,102,32,110,52,80" hai2="16,78,65,117,22,85,30,43,103,61,104,45,55" hai3="73,63,51,15,75,107,7,95,96,0,127,123,34"/><U44/><E71/><V131/><F117/><W3/><G34/><T94/><D119/><U35/><E124/><V125/><F125/><W115/><G107/><T58/><D114/><U23/><E38/><V11/><F55/><W130/><G115/><T47/><D108/><U42/><E110/><V12/><F131/><W111/><G123/><T4/><D2/><U28/><E32/><V97/><F30/><W27/><G111/><T126/><D126/><U10/><E35/><V8/><F85/><W88/><G130/><T87/><D26/><U69/><E69/><V82/><F82/><W135/><G27/><T92/><D4/><U24/><E10/><V122/><F78/><W9/><G135/><T74/><D74/><U41/><E105/><V20/><F11/><W18/><G127/><T113/><D113/><U67/><E102/><V6/><F6/><W37/><G37/><T121/><D121/><U25/><E36/><V17/><F17/><W120/><G120/><T53/><D40/><U60/><E80/><V56/><REACH who="2" step="1"/><F122/><REACH who="2" ten="348,326,178,138" step="2"/><W98/><G75/><T106/><D19/><U79/><E79/><V116/><F116/><W118/><G73/><T128/><D128/><U64/><E42/><V101/><F101/><W70/><G118/><T62/><D100/><U76/><E76/><V54/><F54/><W66/><G7/><T59/><D89/><U132/><E132/><V68/><F68/><W112/><G112/><T31/><D31/><U77/><E77/><V57/><F57/><AGARI ba="2,1" hai="21,23,24,25,28,29,41,44,50,52,57,60,64,67" machi="57" ten="40,7700,0" yaku="9,1,8,1,54,1" doraHai="72" who="1" fromWho="2" sc="348,0,326,93,178,-83,138,0" /><INIT seed="1,3,0,4,3,72" ten="348,419,95,138" oya="1" hai0="115,55,61,92,96,5,124,43,44,29,65,59,97" hai1="123,28,132,41,25,24,3,57,18,113,128,126,50" hai2="71,14,15,117,7,125,67,103,13,108,38,122,105" hai3="68,84,99,27,8,95,73,39,48,63,10,110,22"/><U40/><E113/><V60/><F122/><W88/><G73/><T102/><D115/><U37/><E123/><V104/><F117/><W118/><G39/><T80/><D124/><U51/><E37/><V134/><F125/><W94/><G118/><T42/><D29/><U52/><E3/><V30/><F108/><W33/><G33/><T47/><D5/><U93/><E126/><V131/><F131/><W121/><G121/><T135/><D135/><U20/><E128/><V119/><F119/><W0/><G110/><T49/><D96/><U78/><E132/><V111/><F38/><W85/><G0/><T54/><REACH who="0" step="1"/><D80/><REACH who="0" ten="338,419,95,138" step="2"/><U9/><E28/><V58/><F134/><W83/><G99/><T114/><D114/><U74/><E93/><V16/><F30/><W112/><G112/><T91/><D91/><U133/><E133/><V17/><F7/><W120/><G95/><T90/><D90/><U1/><E18/><V64/><F111/><W129/><G129/><T98/><D98/><U127/><E127/><V82/><F103/><W81/><G81/><T2/><D2/><U31/><E1/><V106/><F82/><W130/><G130/><T109/><D109/><U26/><E31/><V12/><N who="2" m="3072" /><DORA hai="32" /><V36/><REACH who="2" step="1"/><F36/><AGARI ba="3,1" hai="36,42,43,44,47,49,54,55,59,61,65,92,97,102" machi="36" ten="30,2000,0" yaku="1,1,7,1,53,0" doraHai="72,32" doraHaiUra="100,76" who="0" fromWho="2" sc="338,39,419,0,95,-29,138,0" /><INIT seed="2,0,0,2,1,98" ten="377,419,66,138" oya="2" hai0="28,86,95,78,67,15,27,74,112,59,54,40,69" hai1="88,108,18,36,110,102,81,73,50,100,130,96,132" hai2="44,1,24,106,20,134,62,22,30,51,4,118,84" hai3="90,122,93,64,53,79,16,99,14,49,111,115,33"/><V61/><F118/><W57/><G111/><N who="1" m="42538" /><E36/><V3/><F134/><W133/><G115/><T76/><D112/><U75/><E130/><V65/><F106/><W114/><G114/><T109/><D109/><U39/><E39/><V83/><F61/><W46/><G133/><T34/><D74/><N who="1" m="28171" /><E132/><V60/><F60/><W105/><G33/><T0/><D0/><U103/><E18/><V123/><F20/><W37/><G105/><T124/><D40/><U48/><E81/><V131/><F4/><W104/><G104/><T6/><D124/><U35/><E35/><V47/><F123/><W43/><G122/><T119/><D119/><U25/><E25/><V135/><F135/><W19/><G79/><T113/><D113/><U97/><E97/><V12/><F12/><W125/><G125/><T9/><D69/><U71/><E71/><V127/><F127/><W63/><REACH who="3" step="1"/><G14/><REACH who="3" ten="377,419,66,128" step="2"/><T10/><D15/><U72/><E72/><V55/><F131/><W26/><G26/><T66/><D27/><U92/><AGARI ba="0,1" hai="48,50,88,92,96,100,102,103" m="28171,42538" machi="92" ten="40,8000,1" yaku="14,1,52,3,54,1" doraHai="98" who="1" fromWho="1" sc="377,-20,419,90,66,-40,128,-20" /><INIT seed="3,0,0,5,1,83" ten="357,509,26,108" oya="3" hai0="29,53,88,132,6,116,130,43,97,22,91,65,79" hai1="72,20,126,70,24,129,135,15,13,69,46,93,39" hai2="35,62,121,108,10,124,134,37,50,58,3,99,32" hai3="104,84,36,23,102,0,63,95,41,86,117,55,49"/><W44/><G117/><T80/><D116/><U103/><E72/><V76/><F37/><W25/><G0/><T114/><D130/><U68/><E126/><V111/><F50/><W54/><G104/><T100/><D132/><U14/><E135/><V26/><F134/><W71/><G71/><T74/><D43/><U51/><E39/><V96/><F76/><W81/><G63/><T59/><D65/><U123/><E123/><V90/><F124/><W18/><G36/><T11/><D114/><U61/><E129/><V128/><F121/><W122/><G122/><T34/><D34/><U131/><E131/><V19/><F128/><W17/><G17/><T75/><D75/><U52/><E93/><V21/><F99/><N who="3" m="59775" /><G84/><T66/><D66/><U133/><E133/><V112/><F112/><W98/><G98/><T45/><D29/><U115/><E115/><V40/><F40/><W2/><G2/><T85/><D74/><U33/><E103/><V94/><F10/><W57/><G57/><T7/><D45/><U113/><E113/><V120/><F3/><W28/><G28/><T56/><D56/><U106/><E106/><V118/><F118/><W89/><AGARI ba="0,0" hai="18,23,25,41,44,49,54,55,81,86,89" m="59775" machi="89" ten="30,3000,0" yaku="8,1,52,1" doraHai="83" who="3" fromWho="3" sc="357,-10,509,-10,26,-10,108,30" /><INIT seed="3,1,0,3,5,44" ten="347,499,16,138" oya="3" hai0="96,128,15,86,123,87,59,115,52,80,127,38,19" hai1="33,74,10,100,124,54,20,101,17,16,63,119,23" hai2="118,98,36,93,108,131,55,134,133,27,105,72,104" hai3="24,40,103,121,32,5,91,110,92,71,49,85,0"/><W107/><G71/><T47/><D123/><U111/><E111/><V113/><F36/><W53/><G121/><T34/><D34/><U129/><E33/><V90/><F55/><W45/><G110/><T73/><D128/><U18/><E74/><V64/><F64/><W117/><G117/><T41/><D127/><U1/><E129/><V126/><F27/><W106/><G0/><T125/><D125/><U37/><E37/><V50/><F131/><W22/><G32/><T130/><D130/><U97/><E124/><V12/><F12/><W61/><G5/><T21/><D115/><U77/><E77/><V57/><F126/><W28/><G103/><T43/><D43/><U26/><E100/><V122/><F108/><W99/><G85/><T46/><D46/><U62/><E119/><V51/><F57/><W30/><G30/><T70/><D70/><U83/><E83/><V4/><F4/><W81/><G81/><T67/><D67/><U13/><E1/><V65/><F65/><W3/><G3/><T79/><D96/><U135/><E54/><V8/><F118/><W84/><G84/><T11/><D21/><U31/><E31/><V132/><F113/><W82/><G82/><T6/><D6/><U76/><E20/><V9/><F72/><W88/><G91/><T60/><AGARI ba="1,0" hai="11,15,19,38,41,47,52,59,60,73,79,80,86,87" machi="60" ten="20,2700,0" yaku="0,1,7,1,54,1" doraHai="44" who="0" fromWho="0" sc="347,30,499,-8,16,-8,138,-14" owari="377,17.7,491,59.1,8,-49.2,124,-27.6" /></mjloggm>