<mjloggm ver="2.3"><GO type="225" lobby="0"/><UN n0="%E2%91%A3%E9%81%BF%E9%81%8A%E6%88%AF%E3%80%90%E6%9D%B1%E5%8D%97%E3%80%91" n1="%E9%80%9F%E6%B0%B4%E5%87%9B%E9%A6%99" n2="%E6%A0%B9%E5%85%83%E3%81%8B%E3%82%89%E5%90%B9%E3%81%A3%E9%A3%9B%E3%81%B6" n3="%E5%88%9D%E5%8F%B7%E6%A9%9F%E3%81%A8%E4%BA%8C%E5%8F%B7%E6%A9%9F" dan="16,16,16,17" rate="2133.68,2118.03,2154.45,2175.43" sx="M,F,F,M"/><TAIKYOKU oya="0"/><INIT seed="0,0,0,0,2,85" ten="250,250,250,250" oya="0" hai0="35,135,73,70,38,30,75,113,131,109,27,9,122" hai1="99,80,76,21,18,124,7,72,107,101,26,119,133" hai2="55,134,111,40,62,5,88,130,74,81,121,47,92" hai3="11,84,69,50,110,6,2,132,14,91,32,116,129"/><T57/><RYUUKYOKU type="yao9" ba="0,0" sc="250,0,250,0,250,0,250,0" hai0="9,27,30,35,38,57,70,73,75,109,113,122,131,135" /><INIT seed="0,1,0,0,0,53" ten="250,250,250,250" oya="0" hai0="71,93,56,77,15,98,46,34,43,65,40,126,6" hai1="51,104,79,32,25,80,59,95,127,128,55,62,4" hai2="108,8,58,18,13,117,49,133,22,48,28,82,16" hai3="38,111,12,27,35,90,107,84,125,30,130,61,119"/><T7/><D71/><U83/><E104/><V105/><F108/><W20/><G119/><T123/><D123/><U87/><E128/><V96/><F133/><W75/><G111/><T134/><D134/><U24/><E127/><V97/><F117/><W92/><G38/><T29/><D126/><U66/><E32/><V100/><F28/><W89/><G130/><T54/><D77/><U70/><E4/><V132/><F132/><W39/><G39/><T115/><D65/><U63/><E95/><V122/><F122/><W74/><G107/><T114/><D34/><U45/><REACH who="1" step="1"/><E83/><REACH who="1" ten="250,240,250,250" step="2"/><V120/><F120/><W52/><G125/><T73/><D7/><U135/><E135/><V3/><F82/><W31/><G35/><T88/><D6/><U118/><E118/><V23/><F105/><W47/><G92/><T9/><D93/><U60/><E60/><V72/><F97/><W10/><G61/><T94/><D98/><U131/><E131/><V81/><F96/><W2/><G2/><T116/><D94/><U68/><E68/><V19/><F81/><W106/><G106/><T36/><D116/><U64/><AGARI ba="1,1" hai="24,25,45,51,55,59,62,63,64,66,70,79,80,87" machi="64" ten="20,5200,0" yaku="1,1,0,1,7,1,52,1,53,0" doraHai="53" doraHaiUra="102" who="1" fromWho="1" sc="250,-27,240,65,250,-14,250,-14" /><INIT seed="1,0,0,4,3,56" ten="223,305,236,236" oya="1" hai0="129,57,4,133,60,77,42,69,95,19,20,96,122" hai1="59,9,86,5,128,81,40,16,66,33,71,13,11" hai2="94,28,62,132,10,34,53,54,32,35,98,102,80" hai3="101,92,65,127,111,49,123,106,23,105,31,103,63"/><U21/><E128/><V67/><F132/><W121/><G49/><T6/><D133/><U124/><E71/><V61/><F28/><W116/><G116/><T130/><D69/><U104/><E33/><V93/><F10/><W131/><G131/><N who="0" m="50187" /><D77/><U18/><E104/><V109/><F109/><W126/><G111/><T7/><D42/><U114/><E114/><V45/><F80/><W41/><G41/><T2/><D2/><U108/><E108/><V25/><F25/><N who="3" m="16831" /><G103/><N who="0" m="60831" /><D122/><U26/><E124/><N who="3" m="47658" /><G92/><T47/><D47/><U135/><E40/><V110/><F110/><W74/><G74/><T14/><D6/><U46/><E135/><V79/><F45/><W113/><G113/><T83/><D83/><U36/><E36/><V52/><F79/><W17/><G17/><T55/><AGARI ba="0,0" hai="4,7,14,19,20,55,57,60" m="60831,50187" machi="55" ten="30,2000,0" yaku="19,1,52,1" doraHai="56" who="0" fromWho="0" sc="223,20,305,-10,236,-5,236,-5" /><INIT seed="2,0,0,1,4,78" ten="243,295,231,231" oya="2" hai0="118,52,122,63,72,74,80,132,69,57,10,42,99" hai1="31,114,19,73,86,58,51,4,79,62,76,28,34" hai2="26,50,105,24,111,89,32,8,115,71,95,20,59" hai3="106,119,6,2,11,17,90,112,46,129,7,75,55"/><V15/><F115/><W92/><G119/><T102/><D122/><U116/><E73/><V25/><F71/><W113/><G75/><T33/><D118/><U1/><E114/><N who="3" m="44138" /><G106/><T16/><D33/><U67/><E116/><V40/><F32/><W134/><G129/><T64/><D42/><U54/><E34/><V97/><F111/><W61/><G134/><T60/><D132/><U130/><E130/><V82/><F105/><W91/><G7/><T120/><D120/><U94/><E4/><N who="2" m="3463" /><F59/><N who="3" m="35071" /><G92/><T108/><D108/><U70/><E1/><V83/><F20/><W56/><G46/><AGARI ba="0,0" hai="24,25,26,40,46,50,82,83,89,95,97" m="3463" machi="46" ten="30,5800,0" yaku="8,1,52,2" doraHai="78" who="2" fromWho="3" sc="243,0,295,0,231,58,231,-58" /><INIT seed="2,1,0,1,5,47" ten="243,295,289,173" oya="2" hai0="89,8,106,95,48,133,49,73,129,0,132,57,36" hai1="11,16,111,72,60,70,127,114,92,121,17,44,6" hai2="9,67,35,56,14,29,12,50,75,124,23,131,104" hai3="65,86,37,93,27,63,1,4,5,51,84,19,69"/><V39/><F75/><W24/><G37/><T25/><D106/><U46/><E72/><V58/><F104/><W91/><G24/><T3/><D36/><U31/><E114/><V66/><F39/><W105/><G105/><T10/><D73/><U20/><E111/><V53/><F124/><W41/><G1/><T15/><D25/><U120/><E127/><V94/><F131/><W42/><G42/><T125/><D125/><U62/><E31/><V77/><F35/><W116/><G116/><T110/><D110/><U55/><E92/><V103/><F77/><W34/><G86/><T54/><D49/><N who="1" m="29095" /><E46/><V88/><F103/><W74/><G74/><T61/><D61/><N who="1" m="23659" /><E20/><V108/><F108/><W71/><G71/><T13/><D129/><U43/><E43/><V18/><F58/><W118/><G118/><T123/><D123/><N who="1" m="47179" /><E70/><V101/><F101/><W109/><G109/><T126/><D126/><U81/><E81/><V90/><F29/><W115/><G115/><T33/><D33/><U130/><E130/><V79/><F79/><W28/><G19/><N who="0" m="8615" /><D3/><AGARI ba="1,0" hai="3,6,11,16,17" m="47179,23659,29095" machi="3" ten="30,3900,0" yaku="13,1,52,1,54,1" doraHai="47" who="1" fromWho="0" sc="243,-42,295,42,289,0,173,0" /><INIT seed="3,0,0,3,5,100" ten="201,337,289,173" oya="3" hai0="13,67,7,29,94,93,66,74,121,118,107,86,111" hai1="59,97,50,85,99,80,122,132,96,71,73,58,124" hai2="127,119,40,135,33,88,43,38,4,101,37,23,0" hai3="120,20,35,54,75,18,91,32,24,83,25,108,51"/><W5/><G120/><T82/><D121/><U64/><E71/><V9/><F119/><W19/><G5/><T15/><D118/><U110/><E73/><V46/><F127/><W8/><G108/><T104/><D29/><U109/><E122/><V11/><F33/><W69/><G69/><T113/><D7/><U65/><E132/><V28/><F101/><W3/><G3/><T102/><D102/><U89/><E124/><V105/><F135/><W45/><G75/><T79/><D111/><N who="1" m="42507" /><E50/><V62/><F62/><W87/><REACH who="3" step="1"/><G25/><REACH who="3" ten="201,337,289,163" step="2"/><T70/><D74/><U125/><E125/><V42/><F4/><W39/><G39/><T26/><D26/><U21/><E64/><V133/><F0/><W2/><G2/><T90/><D70/><U98/><E65/><V76/><F38/><W106/><G106/><T84/><D66/><U22/><E22/><V52/><F105/><W16/><G16/><T61/><D67/><U131/><E21/><V78/><F23/><W112/><G112/><T115/><D13/><AGARI ba="0,1" hai="8,13,18,19,20,24,32,35,45,51,54,83,87,91" machi="13" ten="40,7700,0" yaku="1,1,25,2,53,0" doraHai="100" doraHaiUra="53" who="3" fromWho="0" sc="201,-77,337,0,289,0,163,87" /><INIT seed="3,1,0,1,3,86" ten="124,337,289,250" oya="3" hai0="24,7,74,46,21,121,54,132,8,29,119,70,64" hai1="124,37,17,16,73,19,42,40,2,31,77,110,65" hai2="101,95,22,36,126,115,96,84,85,130,76,90,109" hai3="30,18,63,6,3,59,52,44,78,112,107,103,11"/><W1/><G112/><T128/><D121/><U94/><E2/><V61/><F109/><W91/><G78/><T131/><D74/><U102/><E37/><V98/><F115/><W100/><G107/><T0/><D70/><U13/><E73/><V104/><F36/><W9/><G30/><T48/><D64/><U39/><E39/><V83/><F126/><W75/><G75/><T127/><D119/><U111/><E77/><V60/><F130/><W66/><G91/><T129/><D46/><U56/><E124/><V99/><F22/><W80/><G80/><T43/><D48/><U113/><E113/><V68/><F61/><W79/><G79/><T47/><D54/><U123/><E31/><V51/><F51/><W87/><G87/><T4/><D47/><U134/><E134/><V89/><REACH who="2" step="1"/><F76/><REACH who="2" ten="124,337,279,250" step="2"/><W34/><G34/><T14/><D43/><U58/><E123/><V62/><F62/><W45/><G66/><AGARI ba="1,1" hai="60,66,68,83,84,85,89,90,95,96,98,99,101,104" machi="66" ten="40,5200,0" yaku="1,1,52,2,53,0" doraHai="86" doraHaiUra="49" who="2" fromWho="3" sc="124,0,337,0,279,65,250,-55" owari="124,-37.6,337,13.7,344,44.4,195,-20.5" /></mjloggm>