<mjloggm ver="2.3"><GO type="225" lobby="0"/><UN n0="%E3%81%BB%E3%82%8B%E3%81%B2%E3%81%99%E2%98%86%E5%A4%A7%E5%90%89" n1="%E3%81%B5%E3%81%98%E3%81%8B%E3%81%A4" n2="%E3%81%82%E3%81%99%E3%81%AB%E3%82%83%E3%82%80" n3="%E3%82%A2%E3%83%BC%E3%83%A2%E3%83%AD%E3%83%BC%E3%83%B4%E3%82%A1" dan="16,16,16,16" rate="2137.88,2141.19,2098.31,2112.09" sx="M,M,F,M"/><TAIKYOKU oya="0"/><INIT seed="0,0,0,2,2,12" ten="250,250,250,250" oya="0" hai0="4,73,49,134,76,11,10,103,8,69,35,23,65" hai1="78,85,15,108,116,74,61,100,126,29,63,41,13" hai2="107,109,94,105,112,62,97,1,0,101,60,32,40" hai3="130,42,88,45,133,2,57,14,106,81,110,91,132"/><T70/><D134/><N who="3" m="51817" /><G110/><T127/><D35/><U123/><E108/><V17/><F109/><W77/><G130/><T52/><D127/><U21/><E126/><V68/><F32/><W98/><G2/><T56/><D103/><U36/><E123/><V3/><F112/><W119/><G119/><T55/><D4/><U129/><E116/><V33/><F33/><W34/><G57/><T121/><D121/><U27/><E74/><V25/><F40/><W104/><G14/><T59/><D65/><U16/><E100/><V79/><F79/><W96/><G96/><T90/><D90/><N who="3" m="34345" /><G98/><T58/><D23/><N who="1" m="15615" /><E36/><V5/><F5/><W114/><G114/><T122/><D122/><U7/><E41/><V89/><F68/><W124/><G124/><T31/><D31/><U51/><E51/><V22/><REACH who="2" step="1"/><F107/><REACH who="2" ten="250,250,240,250" step="2"/><W24/><G34/><T83/><REACH who="0" step="1"/><D58/><REACH who="0" ten="240,250,240,250" step="2"/><U26/><E129/><V44/><F44/><W43/><G45/><T82/><D82/><N who="1" m="47319" /><E7/><V28/><F28/><W47/><G47/><T75/><D75/><U86/><E86/><AGARI ba="0,2" hai="0,1,3,17,22,25,60,62,86,89,94,97,101,105" machi="86" ten="40,2600,0" yaku="1,1,52,1,53,0" doraHai="12" doraHaiUra="46" who="2" fromWho="1" sc="240,0,250,-26,240,46,250,0" /><INIT seed="1,0,0,3,3,25" ten="240,224,286,250" oya="1" hai0="133,111,36,122,35,112,19,83,5,98,91,82,73" hai1="88,58,67,62,41,15,44,55,14,16,120,21,6" hai2="110,84,93,3,129,96,26,124,40,103,76,37,109" hai3="87,123,27,51,106,10,52,65,126,47,32,108,102"/><U24/><E120/><V20/><F3/><W99/><G123/><T22/><D112/><U59/><E6/><V53/><F124/><W132/><G108/><N who="2" m="41577" /><F129/><W78/><G132/><T2/><D111/><U0/><E0/><V46/><F53/><W118/><G126/><T90/><D122/><U1/><E1/><V104/><F76/><W9/><G65/><T30/><D133/><U39/><REACH who="1" step="1"/><E88/><REACH who="1" ten="240,214,286,250" step="2"/><N who="2" m="53383" /><F26/><W42/><G27/><T28/><D2/><U128/><E128/><V113/><F113/><W135/><G135/><T101/><D91/><U107/><E107/><V130/><F130/><W125/><G125/><T117/><D90/><U119/><E119/><V11/><F20/><W77/><G118/><T43/><D22/><U66/><E66/><V79/><F79/><W57/><G77/><T49/><D117/><U33/><E33/><V7/><F7/><W134/><G32/><T54/><D5/><U115/><E115/><V100/><F100/><W85/><G134/><T34/><D101/><U63/><AGARI ba="0,1" hai="14,15,16,21,24,39,41,44,55,58,59,62,63,67" machi="63" ten="20,12000,1" yaku="1,1,0,1,7,1,54,1,53,1" doraHai="25" doraHaiUra="48" who="1" fromWho="1" sc="240,-40,214,130,286,-40,250,-40" /><INIT seed="1,1,0,1,0,70" ten="200,344,246,210" oya="1" hai0="13,36,24,4,101,129,59,126,32,103,21,47,28" hai1="125,90,54,98,91,33,82,79,34,105,16,112,23" hai2="80,71,114,60,66,113,118,17,56,29,30,77,123" hai3="9,134,14,2,117,73,86,89,25,135,61,55,81"/><U41/><E112/><V10/><F118/><W45/><G2/><T131/><D126/><U109/><E125/><V78/><F123/><W1/><G1/><T92/><D59/><U3/><E3/><V46/><F71/><W110/><G110/><T99/><D103/><U124/><E41/><V67/><F67/><W102/><G102/><T57/><D57/><U19/><E109/><V15/><F46/><W44/><G73/><T51/><D36/><U22/><E124/><V50/><F50/><N who="3" m="29127" /><G61/><T20/><D4/><U106/><E98/><V68/><F68/><W132/><G25/><T49/><D49/><U64/><E64/><V74/><REACH who="2" step="1"/><F77/><REACH who="2" ten="200,344,236,210" step="2"/><W115/><G45/><T84/><D51/><U121/><E79/><V37/><F37/><W27/><G117/><T83/><D47/><U8/><E121/><V104/><F104/><W63/><G63/><T76/><REACH who="0" step="1"/><D13/><REACH who="0" ten="190,344,236,210" step="2"/><U88/><E106/><V69/><F69/><W38/><G38/><T85/><D85/><U94/><E105/><V96/><F96/><W18/><G27/><T35/><D35/><U120/><E33/><V130/><F130/><AGARI ba="1,2" hai="20,21,24,28,32,76,83,84,92,99,101,129,130,131" machi="130" ten="40,8000,1" yaku="1,1,19,1,53,3" doraHai="70" doraHaiUra="127" who="0" fromWho="2" sc="190,103,344,0,236,-83,210,0" /><INIT seed="2,0,0,1,2,68" ten="293,344,153,210" oya="2" hai0="125,37,61,114,130,106,96,6,93,94,18,88,98" hai1="21,85,0,5,4,126,116,132,100,99,91,89,63" hai2="83,115,90,46,71,95,57,121,35,12,50,105,2" hai3="47,112,84,78,22,131,7,123,79,14,49,41,40"/><V87/><F71/><W31/><G123/><T117/><D114/><U69/><E116/><V77/><F2/><W118/><G131/><T13/><D130/><U9/><E126/><V16/><F121/><W86/><G112/><T42/><D117/><U135/><E5/><V97/><F115/><W119/><G119/><T39/><D106/><N who="1" m="63775" /><E21/><V15/><F35/><W76/><G40/><T3/><D42/><U34/><E85/><N who="3" m="32874" /><G118/><T129/><D129/><U25/><E89/><V43/><F105/><W74/><G74/><T32/><D32/><U111/><E91/><V27/><F57/><W28/><G22/><AGARI ba="0,0" hai="12,15,16,22,27,43,46,50,77,83,87,90,95,97" machi="22" ten="40,3900,0" yaku="8,1,54,1" doraHai="68" who="2" fromWho="3" sc="293,0,344,0,153,39,210,-39" /><INIT seed="2,1,0,4,3,18" ten="293,344,192,171" oya="2" hai0="58,0,109,53,88,46,134,80,133,77,75,68,87" hai1="33,111,59,85,6,44,36,45,98,10,63,28,39" hai2="71,23,69,132,16,13,47,60,34,97,110,121,3" hai3="89,5,17,7,37,99,79,128,130,25,72,55,116"/><V21/><F34/><W115/><G116/><T135/><D109/><U120/><E111/><V52/><F110/><W38/><G72/><T90/><D68/><U82/><E120/><V118/><F121/><W35/><G79/><T8/><D46/><U76/><E98/><V74/><F118/><W104/><G115/><T86/><D0/><U26/><E36/><V1/><F74/><W62/><G37/><T32/><D8/><U83/><E82/><V2/><F132/><W126/><G38/><T94/><D32/><U124/><E124/><V49/><F97/><W103/><G126/><T92/><D58/><U84/><E84/><V81/><F81/><W107/><G107/><T27/><D53/><U22/><E33/><V48/><F60/><W67/><G89/><T12/><D12/><N who="1" m="5207" /><E39/><V106/><F106/><W78/><G78/><T29/><D27/><U112/><E112/><V31/><REACH who="2" step="1"/><F48/><REACH who="2" ten="293,344,182,171" step="2"/><W91/><G35/><T102/><D102/><U42/><E42/><V114/><F114/><W73/><G73/><T19/><D135/><U100/><E100/><V11/><F11/><W30/><G103/><T9/><D9/><U40/><E40/><V101/><F101/><W14/><G104/><T61/><D134/><U50/><E50/><V131/><F131/><W24/><G128/><T117/><D133/><U95/><E95/><V64/><F64/><AGARI ba="1,1" hai="22,26,28,44,45,59,63,64,76,83,85" m="5207" machi="64" ten="30,2000,0" yaku="8,1,52,1" doraHai="18" who="1" fromWho="2" sc="293,0,344,33,182,-23,171,0" /><INIT seed="3,0,0,5,3,55" ten="293,377,159,171" oya="3" hai0="74,89,57,66,19,106,99,11,34,76,33,100,43" hai1="108,37,131,12,1,82,28,86,98,15,70,104,114" hai2="49,95,20,81,128,123,133,69,78,127,105,92,10" hai3="111,135,59,16,67,23,65,61,54,41,13,42,36"/><W45/><G135/><T132/><D132/><U58/><E108/><V126/><F133/><W83/><G111/><T27/><D43/><U21/><E70/><V29/><F105/><W62/><G42/><T107/><D107/><U97/><E37/><V25/><F69/><W84/><REACH who="3" step="1"/><G62/><REACH who="3" ten="293,377,159,161" step="2"/><T17/><D34/><U120/><E120/><V30/><F123/><W130/><G130/><T71/><D33/><U0/><E131/><V73/><F128/><W38/><G38/><T48/><D48/><U87/><E114/><V50/><F50/><W7/><G7/><T118/><D118/><U121/><E121/><V26/><F49/><W18/><G18/><T96/><D19/><U116/><E116/><V93/><REACH who="2" step="1"/><F10/><REACH who="2" ten="293,377,149,161" step="2"/><W119/><G119/><T4/><D11/><U125/><E125/><V31/><F31/><W39/><G39/><T32/><D17/><U56/><E28/><V14/><F14/><W75/><G75/><T129/><D129/><U103/><E12/><V44/><F44/><W113/><G113/><T94/><D32/><AGARI ba="0,2" hai="20,25,26,29,30,32,73,78,81,92,93,95,126,127" machi="32" ten="40,5200,0" yaku="1,1,53,2" doraHai="55" doraHaiUra="22" who="2" fromWho="0" sc="293,-52,377,0,149,72,161,0" owari="241,4.1,377,47.7,221,-17.9,161,-33.9" /></mjloggm>