<mjloggm ver="2.3"><GO type="225" lobby="0"/><UN n0="%E3%82%B5%E3%83%AB%E3%82%B7%E3%83%B3" n1="%E3%83%B4%E3%83%A0%EF%BC%99%E3%81%A6" n2="%E3%81%86%E3%81%A3%E3%81%97%E3%83%BC%30%30" n3="%E5%B8%86%E7%AB%8B%E5%A4%8F%E8%A1%A3" dan="16,17,16,16" rate="2110.54,2211.10,2113.85,2097.22" sx="M,M,M,M"/><TAIKYOKU oya="0"/><INIT seed="0,0,0,1,0,132" ten="250,250,250,250" oya="0" hai0="57,105,38,102,94,70,25,9,54,103,124,130,28" hai1="48,123,53,118,95,39,71,55,82,107,87,96,80" hai2="110,20,112,77,11,79,131,51,60,21,47,4,3" hai3="89,69,121,17,97,13,43,99,133,36,85,33,104"/><T41/><D70/><U50/><E118/><V46/><F112/><W111/><G69/><T78/><D130/><U88/><E123/><V1/><F110/><W92/><G33/><T106/><D78/><U101/><E39/><V72/><F131/><W125/><G111/><T65/><D65/><U127/><E127/><V84/><F84/><W66/><G66/><T31/><D124/><U81/><E71/><V12/><F12/><W16/><G125/><T91/><D38/><U115/><E115/><V27/><F51/><W23/><G133/><T40/><D9/><U129/><E129/><V74/><F11/><W2/><G2/><T35/><D31/><U113/><E113/><V98/><F98/><W117/><G117/><T114/><D114/><U30/><E30/><V22/><F22/><W7/><G7/><T0/><D0/><U10/><E10/><V128/><F128/><W90/><G121/><T42/><D105/><U59/><REACH who="1" step="1"/><E107/><REACH who="1" ten="250,240,250,250" step="2"/><V134/><F134/><W76/><G104/><T75/><D106/><U18/><E18/><V126/><F126/><W15/><G36/><T37/><D37/><U108/><E108/><V83/><F4/><W52/><G17/><T86/><REACH who="0" step="1"/><D75/><REACH who="0" ten="240,240,250,250" step="2"/><U34/><E34/><V120/><F120/><W68/><G68/><T29/><D29/><U63/><E63/><AGARI ba="0,2" hai="25,28,35,40,41,42,54,57,63,86,91,94,102,103" machi="63" ten="40,2000,0" yaku="1,1,53,0" doraHai="132" doraHaiUra="100" who="0" fromWho="1" sc="240,40,240,-20,250,0,250,0" /><INIT seed="0,1,0,3,3,43" ten="280,220,250,250" oya="0" hai0="88,31,114,97,41,48,44,52,53,98,22,16,125" hai1="61,55,119,50,54,13,81,118,83,10,82,102,123" hai2="42,117,66,6,12,112,120,94,132,37,71,35,72" hai3="27,34,64,108,131,5,56,47,106,116,93,103,110"/><T133/><D114/><U129/><E129/><V45/><F94/><W135/><G116/><T62/><D133/><U25/><E123/><V89/><F89/><W4/><G135/><T26/><D125/><U51/><E102/><V18/><F18/><W76/><G76/><T86/><D31/><U0/><E0/><V15/><F15/><W33/><G106/><T7/><D7/><U101/><E101/><V92/><F92/><W58/><G131/><T9/><D9/><U111/><E111/><N who="3" m="42538" /><G47/><T74/><D74/><U128/><E61/><V115/><F12/><W11/><G64/><T127/><D127/><U75/><E75/><V49/><F45/><W69/><G69/><T104/><D104/><U38/><E38/><V8/><F66/><W28/><G34/><T85/><D85/><U90/><E90/><V24/><F35/><W39/><G39/><T96/><D62/><U60/><E60/><V23/><F71/><W70/><G70/><T21/><D21/><U77/><E77/><V95/><F37/><W80/><G80/><AGARI ba="1,0" hai="16,22,26,41,44,48,52,53,80,86,88,96,97,98" machi="80" ten="40,12000,1" yaku="8,1,52,1,54,3" doraHai="43" who="0" fromWho="3" sc="280,123,220,0,250,0,250,-123" /><INIT seed="0,2,0,3,4,29" ten="403,220,250,127" oya="0" hai0="0,99,2,10,24,123,84,27,80,90,87,35,4" hai1="66,58,81,110,5,106,46,127,113,59,16,43,96" hai2="36,17,132,101,22,25,129,88,3,75,18,118,89" hai3="92,52,120,51,121,135,78,20,39,48,93,108,91"/><T12/><D123/><N who="3" m="47177" /><G39/><T97/><D87/><U21/><E110/><V33/><F36/><W61/><G108/><T102/><D99/><U105/><E127/><V53/><F75/><W114/><G114/><T124/><D124/><U37/><E113/><V50/><F129/><W119/><G119/><T76/><D76/><U49/><E5/><V111/><F111/><W122/><N who="3" m="47185" /><W19/><DORA hai="7" /><G78/><T15/><D15/><U70/><E81/><V45/><F132/><W47/><G135/><T31/><REACH who="0" step="1"/><D24/><REACH who="0" ten="393,220,250,127" step="2"/><U38/><E96/><V44/><F25/><N who="3" m="14495" /><G91/><T134/><D134/><U69/><E106/><AGARI ba="2,1" hai="0,2,4,10,12,27,31,35,80,84,90,97,102,106" machi="106" ten="30,18000,2" yaku="1,1,7,1,52,2,53,2" doraHai="29,7" doraHaiUra="103,1" who="0" fromWho="1" sc="393,196,220,-186,250,0,127,0" /><INIT seed="0,3,0,0,4,59" ten="589,34,250,127" oya="0" hai0="26,131,99,66,122,105,4,57,7,83,39,65,75" hai1="109,36,47,108,114,95,82,54,70,12,80,0,87" hai2="121,48,1,29,85,2,124,128,16,28,86,10,84" hai3="103,110,76,90,89,11,64,115,106,6,37,68,133"/><T88/><D122/><U104/><E0/><V52/><F121/><W98/><G110/><N who="1" m="42602" /><E104/><V46/><F124/><W17/><G115/><T25/><D39/><U125/><E125/><V129/><F2/><W30/><G133/><T72/><D131/><N who="2" m="50250" /><F1/><W42/><G17/><T77/><D75/><U44/><E114/><V94/><F94/><W24/><G76/><T107/><D107/><U31/><E31/><V49/><F49/><W13/><G42/><T22/><D26/><U5/><E70/><V33/><F33/><W119/><G37/><T20/><D20/><U78/><E36/><V127/><F127/><W135/><G135/><T112/><D112/><U15/><E95/><V69/><F69/><W9/><G9/><T62/><D66/><U91/><E5/><V8/><F8/><W43/><G43/><T111/><D111/><U71/><E71/><V21/><F10/><W117/><G117/><T101/><REACH who="0" step="1"/><D88/><REACH who="0" ten="579,34,250,127" step="2"/><U60/><E80/><V92/><F92/><W132/><G132/><T3/><D3/><U120/><E91/><V123/><F123/><W100/><G90/><T18/><AGARI ba="3,1" hai="4,7,18,22,25,57,62,65,72,77,83,99,101,105" machi="18" ten="20,7800,0" yaku="1,1,0,1,7,1,52,1,53,0" doraHai="59" doraHaiUra="51" who="0" fromWho="0" sc="579,97,34,-29,250,-29,127,-29" /><INIT seed="0,4,0,3,4,40" ten="676,5,221,98" oya="0" hai0="14,50,93,128,8,23,56,84,123,64,91,54,103" hai1="61,33,86,79,115,130,45,129,135,35,80,98,9" hai2="72,133,131,13,78,94,4,112,125,74,39,126,18" hai3="99,117,48,106,67,11,71,107,10,69,108,53,44"/><T113/><D123/><U5/><E135/><V124/><F39/><W26/><G117/><T76/><D128/><N who="1" m="49259" /><E115/><V42/><F42/><W77/><G108/><T65/><D113/><U46/><E61/><V118/><F112/><W83/><G26/><T12/><D103/><U1/><E98/><V85/><F131/><W58/><G71/><T90/><D76/><U70/><E70/><V17/><F118/><W60/><G69/><T119/><D119/><U22/><E22/><V89/><F133/><W102/><G107/><T51/><D90/><U25/><E25/><V0/><F0/><W96/><G96/><T66/><D23/><U95/><E95/><V92/><F94/><W82/><G82/><T81/><D93/><U3/><E3/><V41/><F41/><W111/><G111/><T34/><D34/><AGARI ba="4,0" hai="1,5,9,33,34,35,45,46,79,80,86" m="49259" machi="34" ten="30,3900,0" yaku="19,1,52,2" doraHai="40" who="1" fromWho="0" sc="676,-51,5,51,221,0,98,0" /><INIT seed="1,0,0,5,3,109" ten="625,56,221,98" oya="1" hai0="120,95,57,93,8,125,92,44,134,82,131,40,113" hai1="111,77,11,56,128,121,105,52,9,74,43,110,22" hai2="35,46,26,97,33,17,102,14,1,32,103,23,38" hai3="29,86,61,58,101,45,87,12,84,15,59,106,64"/><U112/><E121/><V81/><F1/><W127/><G127/><T65/><D125/><U60/><E105/><V6/><F81/><W126/><G126/><T63/><D120/><U85/><E74/><V123/><F123/><W55/><G106/><T20/><D131/><U28/><E128/><V78/><F78/><W76/><G101/><T71/><D134/><U68/><E112/><V118/><F118/><W133/><G133/><T31/><D113/><U19/><E43/><V18/><F6/><W115/><G115/><T96/><D82/><N who="1" m="47311" /><E28/><V124/><F124/><W72/><G72/><T129/><D129/><U10/><E68/><V54/><F54/><W132/><G132/><T99/><D71/><U69/><E69/><V36/><F46/><W62/><G76/><T80/><D80/><U91/><E91/><V24/><F102/><W0/><G0/><T27/><REACH who="0" step="1"/><D8/><REACH who="0" ten="615,56,221,98" step="2"/><U30/><E30/><V89/><F38/><AGARI ba="0,1" hai="20,27,31,38,40,44,57,63,65,92,93,95,96,99" machi="38" ten="40,2600,0" yaku="1,1,2,1,53,0" doraHai="109" doraHaiUra="107" who="0" fromWho="2" sc="615,36,56,0,221,-26,98,0" /><INIT seed="2,0,0,1,4,36" ten="651,56,195,98" oya="2" hai0="43,127,93,129,22,134,69,48,94,98,84,68,126" hai1="37,21,26,66,45,80,1,15,8,13,31,47,89" hai2="75,106,91,119,112,76,29,39,3,59,82,12,115" hai3="135,20,99,42,96,86,88,79,97,61,123,101,109"/><V133/><F3/><W102/><G109/><T52/><D129/><U49/><E66/><V54/><F39/><W113/><G123/><T122/><D122/><U70/><E70/><V100/><F119/><W92/><G135/><T107/><D134/><U132/><E132/><V116/><F116/><W95/><G113/><T11/><D43/><U30/><E30/><V6/><F29/><W40/><G61/><T2/><D22/><U72/><E37/><V64/><F64/><W44/><G44/><T24/><D24/><U125/><E45/><V56/><F56/><W73/><G73/><T53/><D84/><U103/><E103/><N who="3" m="39434" /><G79/><T108/><D107/><U4/><E125/><N who="0" m="47625" /><D53/><U32/><E32/><V41/><F91/><N who="3" m="53367" /><G20/><T14/><D2/><U17/><E31/><V128/><F128/><W77/><G77/><T90/><D94/><U5/><E5/><V120/><F120/><W28/><G28/><T124/><D124/><U0/><E0/><V118/><F118/><W18/><G18/><N who="0" m="8543" /><D108/><U78/><REACH who="1" step="1"/><E89/><REACH who="1" ten="651,46,195,98" step="2"/><V19/><F133/><W87/><AGARI ba="0,1" hai="40,42,87,88,95,96,97,99" m="53367,39434" machi="87" ten="30,7900,0" yaku="8,1,52,2,54,1" doraHai="36" who="3" fromWho="3" sc="651,-20,46,-20,195,-39,98,89" /><INIT seed="3,0,0,1,1,81" ten="631,26,156,187" oya="3" hai0="31,60,32,74,43,104,46,23,72,102,53,35,98" hai1="131,66,83,29,62,100,115,119,123,13,16,55,73" hai2="126,38,111,122,54,20,7,10,82,47,30,116,88" hai3="99,65,134,42,69,5,79,91,68,128,86,48,90"/><W84/><BYE who="1" /><G128/><T25/><D53/><U85/><E85/><N who="3" m="32874" /><G69/><T21/><D60/><U103/><E103/><V121/><F116/><W15/><G68/><T8/><D8/><U106/><E106/><V9/><F111/><W2/><G2/><T33/><REACH who="0" step="1"/><D23/><REACH who="0" ten="621,26,156,187" step="2"/><U4/><E4/><V45/><F126/><W75/><G65/><T117/><D117/><U108/><E108/><V50/><F38/><AGARI ba="0,1" hai="21,25,31,32,33,35,38,43,46,72,74,98,102,104" machi="38" ten="40,1300,0" yaku="1,1,53,0" doraHai="81" doraHaiUra="112" who="0" fromWho="2" sc="621,23,26,0,156,-13,187,0" owari="644,74.4,26,-47.4,143,-25.7,187,-1.3" /></mjloggm>