<mjloggm ver="2.3"><GO type="225" lobby="0"/><UN n0="%E3%82%B2%E3%82%B9%E8%8C%82%E5%8B%9D" n1="%E5%B8%86%E7%AB%8B%E5%A4%8F%E8%A1%A3" n2="%E3%83%B4%E3%82%A3%E3%83%AF%E3%82%B3%E3%82%B0%E3%83%8B" n3="%E6%A0%B9%E5%85%83%E3%81%8B%E3%82%89%E5%90%B9%E3%81%A3%E9%A3%9B%E3%81%B6" dan="16,16,16,17" rate="2057.66,2109.29,2159.66,2149.86" sx="F,M,M,F"/><TAIKYOKU oya="0"/><INIT seed="0,0,0,0,0,65" ten="250,250,250,250" oya="0" hai0="17,11,132,128,87,6,51,64,70,107,52,5,61" hai1="117,104,24,82,48,119,96,68,109,98,103,99,55" hai2="88,112,93,120,3,101,75,29,53,34,2,122,41" hai3="131,8,108,50,4,23,118,134,114,28,91,47,97"/><T31/><D31/><U78/><E109/><V62/><F112/><W110/><G114/><T67/><D67/><U94/><BYE who="0" /><E24/><V36/><F75/><W116/><G118/><T15/><D15/><U72/><E68/><V135/><F101/><W92/><G116/><T85/><D85/><U95/><E55/><V113/><F34/><W129/><G131/><T105/><D105/><U106/><E48/><V124/><F113/><W89/><G129/><T76/><D76/><U63/><E63/><V79/><F29/><W18/><G134/><T80/><D80/><U90/><E106/><V69/><F79/><W126/><G28/><T100/><D100/><AGARI ba="0,0" hai="72,78,82,90,94,95,96,98,99,100,103,104,117,119" machi="100" ten="30,7700,0" yaku="7,1,34,3" doraHai="65" who="1" fromWho="0" sc="250,-77,250,77,250,0,250,0" /><INIT seed="1,0,0,1,4,115" ten="173,327,250,250" oya="1" hai0="107,42,102,129,68,57,13,124,60,46,94,45,132" hai1="11,18,34,116,106,53,113,58,73,96,104,32,97" hai2="111,65,4,33,84,51,37,7,62,79,83,88,86" hai3="112,74,90,109,56,127,110,93,123,41,47,122,99"/><U134/><E113/><V118/><F118/><W44/><G56/><T105/><D105/><U71/><E71/><V3/><F111/><N who="3" m="42507" /><G47/><T8/><D8/><U70/><E70/><V63/><F37/><W92/><G44/><T2/><D2/><U6/><E73/><V29/><F3/><W40/><G41/><T76/><D76/><U85/><E116/><V16/><F33/><W24/><G40/><T135/><D135/><U61/><E134/><V50/><F29/><W98/><G127/><T82/><D82/><U30/><E18/><V36/><F36/><W22/><G74/><T126/><D126/><U35/><E30/><V49/><F63/><W125/><G125/><T54/><D54/><U95/><E85/><V59/><REACH who="2" step="1"/><F16/><REACH who="2" ten="173,327,240,250" step="2"/><N who="3" m="12359" /><G112/><T131/><D131/><U12/><REACH who="1" step="1"/><E97/><REACH who="1" ten="173,317,240,250" step="2"/><V55/><F55/><W43/><G43/><T77/><D77/><U17/><E17/><V39/><F39/><W0/><G122/><T101/><D101/><AGARI ba="0,2" hai="6,11,12,32,34,35,53,58,61,95,96,101,104,106" machi="101" ten="40,3900,0" yaku="1,1,53,1" doraHai="115" doraHaiUra="9" who="1" fromWho="0" sc="173,-39,317,59,240,0,250,0" /><INIT seed="1,1,0,0,3,112" ten="134,376,240,250" oya="1" hai0="1,51,133,2,20,36,44,27,116,65,92,76,124" hai1="85,129,18,82,69,13,60,119,125,62,104,110,17" hai2="114,21,46,115,113,84,74,30,42,128,7,57,130" hai3="77,70,101,123,71,64,52,117,23,15,108,103,132"/><U34/><E119/><V49/><F74/><W47/><G123/><T127/><D127/><U100/><E34/><V107/><F107/><W40/><G108/><T32/><D32/><U12/><E125/><V79/><F79/><W38/><G132/><T68/><D68/><U58/><E129/><N who="2" m="49771" /><F84/><W86/><G117/><T66/><D66/><U4/><E110/><V26/><F7/><W96/><G64/><T75/><D75/><U19/><E69/><V43/><F57/><W59/><G77/><T89/><D89/><U90/><E104/><V134/><F134/><W99/><G86/><T126/><D126/><U118/><E118/><V45/><F45/><W131/><G131/><T93/><D93/><U35/><E35/><V78/><F78/><W122/><G122/><T6/><D6/><U8/><E100/><V33/><F33/><W54/><G71/><T53/><D53/><AGARI ba="1,0" hai="21,26,30,42,43,46,49,53,113,114,115" m="49771" machi="53" ten="40,2600,0" yaku="11,1,19,1" doraHai="112" who="2" fromWho="0" sc="134,-29,376,0,240,29,250,0" /><INIT seed="2,0,0,1,5,18" ten="105,376,269,250" oya="2" hai0="32,95,64,46,26,78,130,121,37,47,105,36,44" hai1="56,69,77,100,129,42,111,49,16,117,5,97,39" hai2="27,13,57,11,59,94,48,6,116,31,118,58,115" hai3="125,62,113,35,107,75,99,106,23,70,65,132,119"/><V80/><F115/><W4/><G119/><T52/><D52/><N who="1" m="31759" /><E117/><V112/><F112/><W131/><G113/><T68/><D68/><U72/><E5/><V134/><F134/><W51/><G132/><T98/><D98/><U91/><E69/><V128/><F128/><W133/><G133/><T122/><D122/><U17/><E129/><V60/><F116/><W54/><G125/><T135/><D135/><U71/><E71/><V67/><F118/><W127/><G127/><T25/><D25/><U103/><E39/><V2/><F2/><W15/><G75/><T1/><D1/><U104/><E42/><V22/><F80/><W53/><G35/><T14/><D14/><U87/><E103/><V29/><F29/><W3/><G131/><T33/><D33/><U93/><E111/><V120/><F120/><W90/><G3/><T63/><D63/><U41/><E41/><V76/><F76/><W19/><G4/><T96/><D96/><U45/><E45/><V61/><F61/><W7/><G7/><T123/><D123/><U0/><E0/><V34/><F34/><W114/><G54/><T88/><D88/><U81/><AGARI ba="0,0" hai="16,17,72,77,81,87,91,93,97,100,104" m="31759" machi="81" ten="30,4000,0" yaku="24,1,54,2" doraHai="18" who="1" fromWho="1" sc="105,-10,376,40,269,-20,250,-10" /><INIT seed="3,0,0,0,5,48" ten="95,416,249,240" oya="3" hai0="14,7,103,89,51,120,69,22,107,44,58,2,19" hai1="40,54,122,52,101,83,16,12,92,65,134,73,27" hai2="9,84,60,49,106,109,1,45,80,31,20,95,119" hai3="21,50,71,96,124,113,130,132,34,78,97,63,59"/><W72/><G113/><T56/><D56/><U36/><E122/><V26/><F119/><W43/><G34/><T30/><D30/><U127/><E127/><V86/><F106/><W98/><G124/><T90/><D90/><U33/><E134/><V102/><F109/><W91/><G132/><T87/><D87/><U4/><E4/><V82/><F1/><W10/><G130/><T74/><D74/><U88/><E65/><V62/><F9/><W35/><G35/><T118/><D118/><U114/><E114/><V128/><F128/><W61/><G71/><T116/><D116/><U64/><E64/><V85/><F102/><W100/><G72/><T38/><D38/><U81/><E27/><N who="2" m="16871" /><F95/><N who="3" m="58399" /><G78/><T79/><D79/><U67/><E33/><V41/><F26/><W23/><G10/><T117/><D117/><U15/><E73/><V3/><F3/><W104/><G104/><T8/><D8/><U66/><E101/><V11/><F11/><W75/><G75/><T47/><D47/><N who="1" m="23943" /><E15/><V105/><F105/><W111/><G111/><T135/><D135/><U53/><E83/><AGARI ba="0,0" hai="41,45,49,60,62,80,82,83,84,85,86" m="16871" machi="83" ten="30,1000,0" yaku="8,1" doraHai="48" who="2" fromWho="1" sc="95,0,416,-10,249,10,240,0" owari="95,-40.5,406,50.6,259,5.9,240,-16.0" /></mjloggm>