<mjloggm ver="2.3"><GO type="225" lobby="0"/><UN n0="%E3%83%97%E3%83%92" n1="%72%65%6E%6B%75%6E" n2="%E3%81%86%E3%81%A9%E3%82%93%E3%81%93" n3="%E3%83%B4%E3%82%A3%E3%83%AF%E3%82%B3%E3%82%B0%E3%83%8B" dan="17,17,16,16" rate="2210.67,2219.83,2173.27,2188.71" sx="M,M,M,M"/><TAIKYOKU oya="0"/><INIT seed="0,0,0,0,3,43" ten="250,250,250,250" oya="0" hai0="124,73,86,133,59,21,27,90,123,22,62,42,111" hai1="13,29,10,58,75,9,70,85,128,99,5,52,54" hai2="114,19,31,48,127,84,35,134,7,8,12,108,112" hai3="87,72,101,100,34,126,11,82,36,76,103,93,49"/><T68/><D123/><U125/><E75/><V74/><F74/><W3/><G34/><T116/><D73/><U4/><E70/><V130/><F108/><W18/><G126/><T0/><D116/><U129/><E125/><V25/><F127/><W121/><G121/><T132/><D124/><U38/><E38/><V120/><F120/><W65/><G36/><T109/><D0/><U66/><E29/><V37/><F37/><W16/><G65/><N who="0" m="39135" /><D68/><U97/><E85/><V23/><F130/><N who="1" m="50281" /><E66/><V118/><F134/><N who="0" m="51818" /><D42/><U60/><E54/><V33/><F118/><W24/><G24/><T55/><D55/><U53/><E53/><V20/><F48/><W47/><G72/><T89/><D86/><U44/><E44/><V105/><F105/><W14/><G3/><AGARI ba="0,0" hai="3,4,5,9,10,13,52,58,60,97,99" m="50281" machi="3" ten="30,2000,0" yaku="19,1,54,1" doraHai="43" who="1" fromWho="3" sc="250,0,250,20,250,0,250,-20" /><INIT seed="1,0,0,0,0,42" ten="250,270,250,230" oya="1" hai0="44,131,10,6,2,123,40,12,78,107,90,74,36" hai1="61,84,56,91,128,69,118,65,51,35,8,66,72" hai2="125,97,60,94,64,37,28,54,0,100,31,82,116" hai3="57,15,109,48,105,127,18,108,126,50,79,9,38"/><U92/><E118/><V7/><F116/><W3/><G105/><T71/><D131/><U55/><E128/><V120/><F120/><W41/><G3/><T113/><D123/><U26/><E72/><V47/><F125/><N who="3" m="47627" /><G79/><T25/><D113/><U135/><E135/><V70/><F7/><W99/><G99/><T67/><D12/><U11/><REACH who="1" step="1"/><E66/><REACH who="1" ten="250,260,250,230" step="2"/><V58/><F0/><W119/><G119/><T112/><D67/><U93/><E93/><V106/><F94/><W102/><G102/><T134/><D134/><U53/><E53/><V29/><F82/><W98/><G98/><T77/><D74/><U30/><AGARI ba="0,1" hai="8,11,26,30,35,51,55,56,61,65,69,84,91,92" machi="30" ten="30,6000,0" yaku="1,1,0,1,53,1" doraHai="42" doraHaiUra="52" who="1" fromWho="1" sc="250,-20,260,70,250,-20,230,-20" /><INIT seed="1,1,0,4,4,76" ten="230,330,230,210" oya="1" hai0="69,5,93,123,128,118,103,59,126,132,7,112,2" hai1="113,122,135,61,52,21,114,14,20,71,18,17,49" hai2="12,134,79,43,117,54,95,26,11,31,29,57,66" hai3="27,104,108,68,32,13,41,83,56,125,129,60,30"/><U24/><E122/><V34/><F117/><W121/><G121/><T42/><D42/><U23/><E135/><V92/><F134/><W10/><G108/><T65/><D59/><U120/><E120/><V89/><F66/><W70/><G125/><T127/><D93/><U130/><E130/><V73/><F43/><W99/><G129/><T102/><D65/><U109/><E109/><V84/><F31/><W48/><G104/><T85/><D85/><U53/><E21/><V107/><F107/><W131/><G99/><T91/><D91/><U16/><E18/><V33/><F79/><W4/><G131/><T64/><D64/><U72/><E72/><V55/><F73/><W97/><G97/><T133/><D123/><U36/><E36/><V74/><F74/><W1/><G1/><T35/><D128/><U45/><REACH who="1" step="1"/><E71/><REACH who="1" ten="230,320,230,210" step="2"/><V82/><F34/><W44/><REACH who="3" step="1"/><G83/><REACH who="3" ten="230,320,230,200" step="2"/><T81/><D132/><U111/><E111/><V6/><REACH who="2" step="1"/><F55/><AGARI ba="1,2" hai="4,10,13,27,30,32,41,44,48,55,56,60,68,70" machi="55" ten="30,7700,0" yaku="1,1,2,1,7,1,53,1" doraHai="76" doraHaiUra="39" who="3" fromWho="2" sc="230,0,320,0,230,-80,200,100" /><INIT seed="2,0,0,3,4,103" ten="230,320,150,300" oya="2" hai0="106,83,1,116,76,71,9,30,47,21,43,126,61" hai1="98,73,49,58,8,89,69,96,63,85,0,101,54" hai2="107,12,22,77,5,75,28,7,11,6,70,114,72" hai3="81,45,124,56,62,82,48,23,13,88,2,128,90"/><V118/><F70/><W24/><G2/><T84/><D126/><U132/><E73/><V25/><F114/><W41/><G124/><T59/><D116/><U94/><E132/><V95/><F118/><W108/><G108/><T80/><D71/><U115/><E115/><V91/><F107/><W66/><G13/><T117/><D117/><U52/><E69/><V26/><F26/><W87/><G128/><T92/><D1/><U10/><E0/><V31/><F31/><W17/><REACH who="3" step="1"/><G81/><REACH who="3" ten="230,320,150,290" step="2"/><T119/><D80/><N who="1" m="49319" /><E98/><V64/><F64/><W99/><G99/><T102/><D83/><U109/><E109/><V46/><F46/><AGARI ba="0,1" hai="8,10,46,49,52,54,58,63,94,96,101" m="49319" machi="46" ten="30,2000,0" yaku="8,1,54,1" doraHai="103" who="1" fromWho="2" sc="230,0,320,30,150,-20,290,0" /><INIT seed="3,0,0,3,1,135" ten="230,350,130,290" oya="3" hai0="59,47,79,118,23,5,24,127,82,4,86,114,6" hai1="10,123,78,91,17,34,84,44,95,111,109,66,1" hai2="115,43,57,77,7,134,39,13,28,81,45,102,2" hai3="31,22,8,88,12,20,48,120,67,41,52,38,54"/><W70/><G120/><T50/><D118/><U100/><E34/><V33/><F115/><W58/><G31/><T19/><D114/><U104/><E123/><V130/><F134/><W99/><G38/><T73/><D73/><U55/><E66/><V37/><F130/><W122/><G122/><T119/><D119/><U92/><E78/><V72/><F39/><W133/><G133/><T40/><D59/><U62/><E104/><V16/><F102/><W80/><G41/><T69/><D69/><U61/><E95/><V49/><F28/><W103/><G70/><T125/><AGARI ba="0,0" hai="4,5,6,19,23,24,40,47,50,79,82,86,125,127" machi="125" ten="30,4000,0" yaku="0,1,52,2" doraHai="135" who="0" fromWho="0" sc="230,40,350,-10,130,-10,290,-20" owari="270,7.0,340,44.0,120,-38.0,270,-13.0" /></mjloggm>