<mjloggm ver="2.3"><GO type="225" lobby="0"/><UN n0="%E3%81%B2%E3%81%AA%E3%81%AE%E3%82%8A%E3%81%8F" n1="%E6%98%93%E5%88%A9%E8%96%A9%E4%BC%AF" n2="%E3%81%A4%E3%81%A3%E3%81%B1%E3%82%8A%E3%83%9D%E3%83%BC%E3%83%AB" n3="%E3%81%AF%E3%82%88%E3%81%8A%E3%81%98%E3%81%95%E3%82%93" dan="16,16,16,17" rate="2111.13,2028.46,2131.36,2191.44" sx="M,F,M,M"/><TAIKYOKU oya="0"/><INIT seed="0,0,0,5,2,97" ten="250,250,250,250" oya="0" hai0="76,17,99,44,117,45,40,16,80,21,55,106,63" hai1="3,98,53,28,26,30,1,83,46,7,127,112,12" hai2="71,110,114,124,14,4,35,39,52,96,34,47,92" hai3="86,58,60,57,36,111,128,19,126,9,89,8,100"/><T103/><D117/><U6/><E98/><V75/><F114/><W50/><G36/><T129/><D129/><U42/><E53/><V125/><F75/><W113/><G113/><T61/><D55/><U87/><E127/><N who="2" m="48715" /><F71/><W108/><G126/><T77/><D77/><U133/><E133/><V67/><F67/><W33/><G33/><T54/><D54/><U31/><E26/><V20/><F110/><N who="3" m="42027" /><G128/><T70/><D17/><U49/><E112/><V119/><F119/><W27/><G50/><T132/><D70/><U134/><E134/><V116/><F116/><W101/><G27/><T105/><D105/><U74/><E74/><V118/><F118/><W79/><G79/><T51/><D45/><U29/><N who="1" m="7168" /><DORA hai="23" /><U85/><E85/><V120/><F39/><W107/><G107/><T84/><REACH who="0" step="1"/><D132/><REACH who="0" ten="240,250,250,250" step="2"/><U59/><E59/><V88/><F120/><W94/><G57/><T90/><D90/><U91/><REACH who="1" step="1"/><E7/><REACH who="1" ten="240,240,250,250" step="2"/><V11/><F4/><W131/><G131/><T62/><D62/><U123/><E123/><V78/><F52/><N who="3" m="33863" /><G19/><T2/><D2/><U73/><E73/><V13/><F78/><W24/><G24/><AGARI ba="0,2" hai="16,21,24,40,44,51,61,63,76,80,84,99,103,106" machi="24" ten="30,12000,1" yaku="1,1,7,1,52,2,54,1,53,0" doraHai="97,23" doraHaiUra="48,25" who="0" fromWho="3" sc="240,140,240,0,250,0,250,-120" /><INIT seed="0,1,0,1,5,2" ten="380,240,250,130" oya="0" hai0="85,58,35,124,5,62,127,98,28,45,106,84,41" hai1="115,119,29,52,77,92,74,10,56,55,30,94,14" hai2="113,53,101,6,117,25,17,104,72,69,68,16,123" hai3="46,61,3,120,26,37,38,105,27,13,59,93,73"/><T80/><D35/><U111/><E119/><V114/><F72/><W33/><G105/><T109/><D28/><U18/><E111/><V88/><F123/><W22/><G3/><T100/><D109/><U15/><E115/><V76/><F76/><W4/><G73/><T95/><D106/><U21/><E74/><V49/><F117/><W24/><G120/><T47/><D5/><N who="1" m="3407" /><E77/><V118/><F118/><W130/><G33/><T32/><D32/><U122/><E55/><V121/><F121/><W70/><G70/><T60/><D60/><N who="1" m="35847" /><E122/><V64/><F64/><W31/><G130/><T97/><D97/><U63/><E63/><V54/><F104/><W129/><G129/><T90/><D85/><U48/><E48/><V83/><F49/><W102/><G38/><T8/><D41/><U57/><E57/><V36/><F36/><W125/><G125/><N who="0" m="48203" /><D8/><U1/><E1/><V79/><F69/><W40/><G31/><AGARI ba="1,0" hai="15,18,21,29,30,31,92,94" m="35847,3407" machi="31" ten="30,3900,0" yaku="8,1,52,1,54,1" doraHai="2" who="1" fromWho="3" sc="380,0,240,42,250,0,130,-42" /><INIT seed="1,0,0,3,5,32" ten="380,282,250,88" oya="1" hai0="120,118,124,1,21,128,96,0,134,54,56,41,109" hai1="70,110,76,26,30,85,59,129,27,100,44,47,9" hai2="18,111,66,84,106,130,88,34,15,29,64,115,24" hai3="80,72,49,83,11,50,8,37,98,123,51,135,36"/><U10/><E70/><V116/><F116/><W104/><G123/><T95/><D109/><U4/><E129/><V45/><F106/><W82/><G72/><T5/><D118/><U55/><E110/><V97/><F111/><W25/><G104/><T46/><D128/><U35/><E100/><V78/><F130/><W19/><G98/><T12/><D134/><U126/><E27/><V107/><F78/><W91/><G135/><T121/><D124/><U3/><E10/><V33/><F33/><W31/><G91/><T113/><D113/><U42/><E126/><V75/><F75/><W62/><G62/><T103/><D5/><U90/><E42/><V23/><F115/><W39/><G19/><N who="0" m="10471" /><D46/><U14/><E14/><V133/><F133/><W7/><G7/><T40/><D40/><U99/><E99/><V125/><F45/><W65/><G65/><T108/><D41/><U117/><E76/><V105/><F125/><W94/><G94/><T57/><D57/><U22/><E35/><V43/><F43/><W122/><REACH who="3" step="1"/><G122/><REACH who="3" ten="380,282,250,78" step="2"/><N who="0" m="47211" /><D108/><U58/><E117/><V112/><F112/><W69/><G69/><T28/><D95/><U87/><E4/><V13/><F97/><W93/><G93/><T38/><D96/><U16/><E90/><V6/><F107/><W127/><G127/><T77/><D103/><U71/><E71/><V2/><F105/><W101/><G101/><T119/><D119/><U79/><E79/><V89/><F89/><W61/><G61/><T53/><D77/><U52/><E16/><V92/><F18/><W81/><N who="3" m="20480" /><DORA hai="102" /><W63/><G63/><RYUUKYOKU ba="0,1" sc="380,-10,282,-10,250,-10,78,30" hai3="8,11,25,31,36,37,39,49,50,51" /><INIT seed="2,1,1,5,4,129" ten="370,272,240,108" oya="2" hai0="77,43,112,7,71,87,1,103,33,62,89,91,54" hai1="25,76,9,68,108,22,42,125,36,107,95,120,49" hai2="51,116,123,113,0,55,130,94,132,131,69,67,127" hai3="128,4,27,35,39,126,41,23,30,16,83,106,45"/><V34/><RYUUKYOKU type="yao9" ba="1,1" sc="370,0,272,0,240,0,108,0" hai2="0,34,51,55,67,69,94,113,116,123,127,130,131,132" /><INIT seed="2,2,1,4,4,34" ten="370,272,240,108" oya="2" hai0="42,7,0,36,19,70,46,78,69,77,43,24,23" hai1="72,2,113,3,74,5,82,91,111,127,119,112,61" hai2="9,121,92,29,40,55,125,110,32,17,35,120,134" hai3="124,31,53,116,63,86,117,62,30,37,80,129,52"/><V27/><F40/><W88/><G37/><T65/><D43/><U21/><E5/><V13/><F92/><W15/><G124/><T105/><D105/><U103/><E119/><V57/><F125/><W56/><G129/><T100/><D100/><U18/><E127/><V114/><F114/><W106/><G106/><T93/><D93/><U102/><E111/><V68/><F68/><W133/><G133/><T76/><D65/><U22/><E61/><V54/><F134/><W44/><G117/><T25/><D25/><U38/><E18/><V126/><F126/><W33/><G116/><T60/><D60/><U108/><E82/><V73/><F73/><N who="1" m="28265" /><E91/><V71/><F71/><W87/><G33/><T90/><D90/><U83/><E83/><V94/><F35/><W12/><G87/><T95/><D95/><U59/><E59/><V48/><F110/><W47/><G63/><T118/><D118/><U8/><E8/><V16/><F94/><W96/><G96/><T123/><D123/><U51/><E51/><V67/><F67/><W49/><G44/><T39/><D36/><U109/><E38/><V41/><F41/><W98/><G98/><T131/><D131/><U20/><E109/><V45/><F17/><W128/><G128/><T104/><D104/><U79/><E79/><V26/><F26/><W115/><G115/><N who="1" m="44106" /><E108/><V81/><F81/><W14/><AGARI ba="2,1" hai="12,14,15,30,31,47,49,52,53,56,62,80,86,88" machi="14" ten="30,7900,0" yaku="0,1,8,1,54,2" doraHai="34" who="3" fromWho="3" sc="370,-22,272,-22,240,-41,108,95" /><INIT seed="3,0,0,3,5,65" ten="348,250,199,203" oya="3" hai0="30,128,18,43,96,59,20,126,23,16,27,102,60" hai1="32,111,116,103,19,15,92,54,108,55,31,5,2" hai2="125,14,71,44,26,67,68,88,76,64,75,24,17" hai3="100,10,82,48,89,45,50,93,0,58,6,73,1"/><W12/><G100/><T7/><D7/><U66/><E116/><V134/><F76/><W129/><G129/><T77/><D77/><U36/><E36/><V70/><F75/><W106/><G106/><T99/><D126/><U8/><E66/><V98/><F125/><W107/><G107/><T34/><D43/><U104/><E92/><V39/><F67/><W81/><G58/><T74/><D74/><U56/><E103/><V28/><F64/><W90/><G50/><T25/><D102/><U105/><E105/><V114/><F114/><W131/><G131/><T38/><D38/><U113/><E113/><V13/><F134/><W11/><G73/><T52/><D128/><U57/><E56/><V121/><F121/><W69/><G69/><T97/><D97/><U130/><E104/><V85/><F98/><W94/><G0/><T120/><D120/><U119/><E119/><V109/><F109/><N who="1" m="42057" /><E57/><V84/><F84/><N who="3" m="52391" /><G10/><T37/><D37/><U78/><E78/><V22/><F44/><W21/><G21/><T122/><D122/><U42/><E42/><V123/><F39/><W133/><G1/><T61/><D60/><U83/><E130/><V127/><F127/><W4/><G4/><T3/><D3/><U29/><E32/><V53/><F53/><N who="1" m="19977" /><E83/><V35/><REACH who="2" step="1"/><F123/><REACH who="2" ten="348,250,189,203" step="2"/><W62/><G133/><T118/><D118/><U135/><E135/><V33/><F33/><W72/><G72/><T79/><D79/><U41/><E41/><V40/><F40/><N who="3" m="24615" /><G62/><T101/><D101/><U115/><E115/><V80/><AGARI ba="0,1" hai="13,14,17,22,24,26,28,35,68,70,71,80,85,88" machi="80" ten="30,12000,2" yaku="1,1,0,1,52,3,54,1,53,0" doraHai="65" doraHaiUra="46" who="2" fromWho="2" sc="348,-30,250,-30,189,130,203,-60" owari="318,11.8,220,-18.0,319,41.9,143,-35.7" /></mjloggm>