<mjloggm ver="2.3"><GO type="225" lobby="0"/><UN n0="%72%65%6E%6B%75%6E" n1="%E3%81%BF%E3%81%BF%E3%81%9A" n2="%E3%81%8B%E3%82%8F%E3%81%A1%E3%82%83%E3%82%93%35%38" n3="%E6%B8%A9%E2%98%85%E6%83%85%E2%98%85%E6%8E%AA%E2%98%85%E7%BD%AE" dan="17,17,16,17" rate="2220.29,2283.71,2144.03,2258.95" sx="M,M,M,M"/><TAIKYOKU oya="0"/><INIT seed="0,0,0,0,4,2" ten="250,250,250,250" oya="0" hai0="21,78,14,125,89,71,128,81,110,97,23,51,122" hai1="15,90,33,27,112,10,20,6,132,123,75,117,88" hai2="54,133,104,55,38,56,94,70,120,76,103,19,135" hai3="8,57,86,36,99,85,47,41,12,67,31,29,73"/><T102/><D71/><U50/><E117/><V16/><F70/><W66/><G73/><T80/><D122/><U105/><E123/><V5/><F120/><W74/><G74/><T69/><D69/><U37/><E37/><V13/><F38/><W124/><G124/><T98/><D125/><U61/><E75/><V32/><F32/><W0/><G0/><T118/><D118/><U48/><E105/><V126/><F126/><W64/><G57/><T7/><D128/><U121/><E121/><V79/><F104/><W114/><G99/><N who="0" m="37899" /><D102/><U3/><E132/><N who="2" m="50763" /><F94/><W82/><G114/><T115/><D115/><U83/><E61/><N who="2" m="35991" /><F103/><W87/><REACH who="3" step="1"/><G82/><REACH who="3" ten="250,250,250,240" step="2"/><T65/><D81/><U119/><E119/><V24/><F55/><W49/><G49/><N who="1" m="19050" /><E83/><V116/><F116/><W131/><G131/><T45/><D51/><U22/><E112/><V60/><F60/><W111/><G111/><T62/><D80/><U58/><E58/><V63/><F63/><W113/><G113/><T46/><D62/><U68/><E68/><V53/><F53/><W129/><G129/><T96/><D110/><U100/><E100/><V106/><F79/><W72/><G72/><T59/><D78/><U134/><E134/><V93/><F76/><W44/><G44/><N who="0" m="17003" /><D59/><U18/><E3/><V130/><F130/><W4/><AGARI ba="0,1" hai="4,8,12,29,31,36,41,47,64,66,67,85,86,87" machi="4" ten="30,8000,1" yaku="1,1,0,1,52,1,53,2" doraHai="2" doraHaiUra="26" who="3" fromWho="3" sc="250,-40,250,-20,250,-20,240,90" /><INIT seed="1,0,0,1,5,117" ten="210,230,230,330" oya="1" hai0="80,116,66,36,110,61,112,82,42,40,21,105,19" hai1="132,39,74,56,12,108,95,90,72,30,43,67,73" hai2="103,59,126,20,130,28,26,107,69,38,25,79,35" hai3="23,96,94,131,125,109,81,102,115,45,9,57,6"/><U8/><E132/><V70/><F38/><W7/><G115/><T29/><D105/><U18/><E108/><V55/><F79/><W77/><G109/><T60/><D112/><U97/><E30/><V33/><F126/><W78/><G125/><T27/><D116/><U134/><E134/><V128/><F103/><W0/><G131/><N who="2" m="50217" /><F107/><W64/><G7/><T10/><D110/><U11/><E11/><V114/><F114/><W135/><G135/><T91/><D36/><U47/><E67/><V46/><F46/><W101/><G101/><T44/><D44/><U121/><REACH who="1" step="1"/><E56/><REACH who="1" ten="210,220,230,330" step="2"/><V118/><F118/><W1/><G64/><T48/><D29/><U52/><E52/><V13/><F33/><W133/><G57/><N who="0" m="37135" /><D10/><U4/><E4/><V17/><F35/><W111/><G6/><T88/><D61/><U50/><E50/><N who="2" m="31223" /><F28/><W113/><G111/><T62/><D62/><U41/><E41/><N who="0" m="15977" /><D48/><U53/><E53/><V124/><F124/><W14/><G133/><T24/><D19/><U76/><E76/><V99/><F70/><W3/><G78/><T75/><D21/><U104/><E104/><V37/><F69/><W93/><G23/><T86/><D75/><U15/><E15/><V120/><F13/><W85/><G113/><T16/><D16/><U58/><E58/><V122/><F37/><W127/><G127/><T100/><D24/><U119/><E119/><V89/><F25/><W34/><G34/><T49/><D27/><U123/><AGARI ba="0,1" hai="8,12,18,39,43,47,72,73,74,90,95,97,121,123" machi="123" ten="40,18000,2" yaku="1,1,0,1,52,2,53,3" doraHai="117" doraHaiUra="106" who="1" fromWho="1" sc="210,-60,220,190,230,-60,330,-60" /><INIT seed="1,1,0,0,2,20" ten="150,410,170,270" oya="1" hai0="124,15,102,23,4,128,30,27,25,38,3,89,100" hai1="116,26,64,73,2,123,69,80,103,77,50,65,41" hai2="71,12,51,39,37,84,6,47,79,74,44,55,111" hai3="56,101,108,68,121,42,0,11,120,59,92,33,94"/><U32/><E116/><V9/><F74/><W67/><G33/><T58/><D38/><U118/><E118/><V16/><F71/><W115/><G115/><T45/><D124/><U70/><E123/><V112/><F111/><W53/><G11/><N who="0" m="4583" /><D3/><U90/><E2/><V78/><F112/><W95/><G101/><N who="0" m="39019" /><D128/><U36/><E50/><N who="2" m="29127" /><F39/><W46/><G56/><T113/><D113/><U21/><E90/><V24/><F37/><N who="3" m="21839" /><G108/><T22/><D45/><N who="1" m="23719" /><E21/><N who="2" m="13351" /><F84/><W43/><G43/><AGARI ba="1,0" hai="6,9,12,43,47,51,78,79" m="13351,29127" machi="43" ten="30,3900,0" yaku="8,1,52,1,54,1" doraHai="20" who="2" fromWho="3" sc="150,0,410,0,170,42,270,-42" /><INIT seed="2,0,0,1,3,69" ten="150,410,212,228" oya="2" hai0="39,51,19,44,96,43,100,1,12,99,128,104,118" hai1="86,17,35,132,98,7,52,53,23,31,74,117,0" hai2="91,78,13,22,41,123,25,92,71,110,50,80,38" hai3="109,9,111,47,93,108,63,45,32,36,103,105,58"/><V65/><F123/><W2/><G32/><T57/><D128/><U33/><E74/><V4/><F110/><W83/><G105/><T116/><D1/><U84/><E117/><V49/><F71/><W5/><G83/><T120/><D120/><U60/><E98/><V55/><F65/><N who="3" m="39159" /><G36/><T62/><D96/><AGARI ba="0,0" hai="2,5,9,45,47,93,96,103,108,109,111" m="39159" machi="96" ten="30,1000,0" yaku="14,1" doraHai="69" who="3" fromWho="0" sc="150,-10,410,0,212,0,228,10" /><INIT seed="3,0,0,5,0,93" ten="140,410,212,238" oya="3" hai0="32,6,36,15,107,59,41,23,55,45,19,104,67" hai1="106,77,28,112,131,115,62,108,68,69,70,33,120" hai2="97,124,17,103,84,135,72,94,85,96,125,14,16" hai3="0,27,9,20,127,52,134,111,13,73,26,105,5"/><W81/><G105/><T76/><D32/><U60/><E77/><V86/><F72/><W54/><G134/><T91/><D76/><U88/><E88/><V114/><F114/><W21/><G127/><N who="2" m="48713" /><F135/><W39/><G39/><T25/><D67/><U99/><E120/><V126/><F126/><W38/><G38/><T83/><D6/><U89/><E89/><N who="2" m="55375" /><F14/><W58/><G111/><T100/><D100/><N who="1" m="62751" /><E62/><V4/><F4/><W44/><G0/><T11/><D83/><U10/><E10/><V90/><F90/><W122/><G122/><T42/><D42/><U129/><E60/><V8/><F8/><W133/><G133/><T109/><D109/><U53/><E53/><N who="3" m="20586" /><G73/><T48/><REACH who="0" step="1"/><D91/><REACH who="0" ten="130,410,212,238" step="2"/><U57/><E57/><V46/><F46/><W66/><G66/><T29/><AGARI ba="0,1" hai="11,15,19,23,25,29,36,41,45,48,55,59,104,107" machi="29" ten="20,5200,0" yaku="1,1,2,1,0,1,7,1,53,0" doraHai="93" doraHaiUra="92" who="0" fromWho="0" sc="130,62,410,-13,212,-13,238,-26" owari="192,-30.8,397,49.7,199,-20.1,212,1.2" /></mjloggm>