<mjloggm ver="2.3"><GO type="225" lobby="0"/><UN n0="%E3%81%BF%E3%81%BF%E3%81%9A" n1="%E3%83%99%E3%83%AB%E3%83%A2%E3%83%83%E3%83%88" n2="%E6%B8%A9%E2%98%85%E6%83%85%E2%98%85%E6%8E%AA%E2%98%85%E7%BD%AE" n3="%E3%81%A8%E3%82%93%E3%81%A8%E3%81%93%E3%81%A8%E3%82%93" dan="16,16,17,16" rate="2142.49,2099.70,2205.05,2112.03" sx="M,M,M,F"/><TAIKYOKU oya="0"/><INIT seed="0,0,0,3,1,118" ten="250,250,250,250" oya="0" hai0="62,17,64,69,105,31,19,103,66,35,106,92,57" hai1="55,98,29,79,122,48,104,52,97,133,120,67,85" hai2="114,61,13,111,94,93,5,96,112,1,46,71,121" hai3="20,40,91,43,74,30,78,22,75,4,38,125,95"/><T132/><D132/><U47/><E67/><V116/><F1/><W102/><G125/><T77/><D77/><U89/><E79/><V45/><F116/><W23/><G30/><T110/><D92/><U51/><E133/><V134/><F134/><W37/><G102/><T72/><D72/><U11/><E29/><V73/><F73/><W128/><G4/><T88/><D88/><U27/><E27/><V42/><F111/><W7/><G7/><T18/><D110/><U117/><E11/><V60/><F71/><W81/><G74/><T76/><D76/><U107/><E117/><V3/><F3/><W109/><G128/><T12/><D12/><U135/><E135/><V44/><F42/><W10/><G10/><T56/><D66/><U115/><E115/><V16/><F5/><W113/><G113/><T83/><D83/><U68/><E68/><V100/><F121/><W99/><REACH who="3" step="1"/><G109/><REACH who="3" ten="250,250,250,240" step="2"/><T39/><D106/><U0/><E0/><V123/><F114/><W9/><G9/><T126/><D126/><U90/><E85/><V32/><F112/><W84/><G84/><T50/><D103/><U2/><E2/><V26/><F123/><W54/><G54/><N who="0" m="31831" /><D31/><U33/><E47/><V124/><F124/><W70/><G70/><T82/><D69/><U86/><E86/><V49/><F46/><W63/><G63/><N who="2" m="24137" /><F45/><W8/><G8/><T101/><D62/><U127/><E127/><V36/><F44/><W34/><G34/><AGARI ba="0,1" hai="33,34,48,51,52,55,89,90,97,98,104,107,120,122" machi="34" ten="25,8000,1" yaku="22,2,52,2,54,1" doraHai="118" who="1" fromWho="3" sc="250,0,250,90,250,0,240,-80" /><INIT seed="1,0,0,0,2,17" ten="250,340,250,160" oya="1" hai0="48,34,74,62,117,45,47,27,82,58,66,120,57" hai1="78,51,7,8,85,133,101,3,110,121,64,98,96" hai2="69,88,9,84,1,75,104,114,124,16,116,90,25" hai3="18,131,12,28,108,24,113,67,105,60,5,49,119"/><U118/><E121/><V126/><F116/><W130/><G105/><T33/><D117/><U46/><E64/><V19/><F69/><W77/><G119/><T32/><D120/><U54/><E118/><V92/><F114/><W80/><G113/><T56/><D27/><U36/><E133/><V127/><F75/><W26/><G108/><T23/><D23/><U42/><E110/><V132/><F104/><W61/><G5/><T43/><REACH who="0" step="1"/><D47/><REACH who="0" ten="240,340,250,160" step="2"/><U35/><E35/><V11/><F132/><W4/><G24/><T71/><D71/><U109/><E109/><V115/><F115/><W89/><G26/><T41/><D41/><U73/><E42/><V94/><F25/><W107/><G28/><T22/><D22/><U122/><E122/><V99/><F11/><W102/><G130/><T38/><D38/><U29/><E29/><V128/><F128/><W79/><G131/><T37/><D37/><U81/><E36/><V93/><F93/><W65/><G107/><T59/><D59/><U44/><E44/><V20/><F20/><W15/><G80/><T134/><D134/><U52/><E46/><V86/><F99/><W103/><G4/><AGARI ba="0,1" hai="1,4,9,16,19,84,86,88,90,92,94,124,126,127" machi="4" ten="40,8000,1" yaku="9,1,18,1,54,2" doraHai="17" who="2" fromWho="3" sc="240,0,340,0,250,90,160,-80" /><INIT seed="2,0,0,4,0,53" ten="240,340,340,80" oya="2" hai0="109,126,20,124,45,132,27,127,31,46,63,70,122" hai1="111,15,74,22,88,71,11,77,64,91,116,79,130" hai2="133,3,34,7,8,23,19,60,86,113,1,61,17" hai3="121,26,56,98,42,84,96,72,117,100,40,37,102"/><V21/><F113/><W49/><G72/><T12/><D109/><U32/><E32/><V55/><F34/><W2/><G117/><T94/><D122/><U76/><E116/><V83/><F133/><W129/><G121/><T120/><D120/><U67/><E74/><V24/><F1/><W44/><G2/><T107/><D107/><U58/><E71/><V66/><F55/><W65/><G129/><T13/><D132/><U128/><E22/><V90/><REACH who="2" step="1"/><F66/><REACH who="2" ten="240,340,330,80" step="2"/><W89/><G65/><T33/><D33/><U75/><E67/><V125/><F125/><W16/><G37/><T108/><D108/><U10/><E111/><V68/><F68/><W57/><G40/><T104/><D70/><U114/><E114/><V4/><F4/><W51/><G51/><T101/><D124/><U80/><E128/><V134/><F134/><W115/><G115/><T28/><D126/><U39/><E130/><V81/><F81/><N who="3" m="49295" /><G102/><T41/><D127/><U36/><E80/><V48/><F48/><W103/><G100/><T93/><D41/><U6/><E39/><V105/><F105/><W97/><G103/><T135/><D135/><U5/><E36/><V82/><F82/><W0/><G0/><T73/><D104/><U118/><E118/><V85/><F85/><W14/><G26/><AGARI ba="0,1" hai="3,7,8,17,19,21,23,24,26,60,61,83,86,90" machi="26" ten="30,5800,0" yaku="1,1,7,1,9,1,53,0" doraHai="53" doraHaiUra="112" who="2" fromWho="3" sc="240,0,340,0,330,68,80,-58" /><INIT seed="2,1,0,2,3,103" ten="240,340,398,22" oya="2" hai0="121,51,33,47,66,16,57,110,71,117,43,98,84" hai1="106,12,128,60,126,131,102,6,81,65,48,18,10" hai2="123,56,32,22,111,36,1,90,114,130,88,20,97" hai3="127,61,72,19,17,28,75,120,44,11,77,74,40"/><V119/><F123/><W35/><G120/><T4/><D121/><U31/><E126/><V5/><F119/><W24/><G127/><T113/><D113/><U104/><E81/><V133/><F114/><W41/><G77/><T8/><D117/><U83/><E83/><V27/><F36/><W109/><G109/><T25/><D110/><U67/><E31/><V129/><F111/><W86/><G86/><T91/><D98/><U89/><E89/><N who="2" m="34411" /><F97/><W45/><G61/><T80/><D71/><U29/><E102/><V39/><F39/><W14/><REACH who="3" step="1"/><G19/><REACH who="3" ten="240,340,398,12" step="2"/><T85/><D85/><U69/><E18/><N who="2" m="12695" /><F130/><N who="1" m="49705" /><E29/><V38/><F129/><W134/><G134/><T79/><D79/><U108/><E108/><V78/><F133/><W55/><G55/><T73/><D73/><U135/><E135/><V96/><F78/><W112/><G112/><T125/><D125/><U9/><E67/><V87/><F87/><W115/><G115/><T42/><D16/><N who="1" m="8207" /><E48/><V26/><F38/><W58/><G58/><T23/><D57/><U62/><E62/><V92/><F26/><W132/><G132/><T3/><D66/><U63/><E63/><V101/><F96/><W49/><G49/><T2/><D43/><AGARI ba="1,1" hai="11,14,17,24,28,35,40,41,43,44,45,72,74,75" machi="43" ten="40,1300,0" yaku="1,1,53,0" doraHai="103" doraHaiUra="94" who="3" fromWho="0" sc="240,-16,340,0,398,0,12,26" /><INIT seed="3,0,0,0,1,119" ten="224,340,398,38" oya="3" hai0="94,127,5,42,35,17,106,33,37,21,43,77,86" hai1="59,128,91,26,87,48,70,34,60,98,126,116,123" hai2="73,118,2,108,78,30,90,47,76,55,88,113,124" hai3="46,121,129,36,79,115,52,23,7,28,45,130,58"/><W40/><G115/><T13/><D106/><U10/><E116/><V103/><F118/><W107/><G107/><T64/><D127/><U9/><E126/><V120/><F113/><W114/><G114/><T8/><D64/><U11/><E128/><N who="3" m="49258" /><G79/><T111/><D111/><U109/><E109/><V19/><F30/><W85/><G7/><T122/><D122/><U29/><E98/><V89/><F2/><W99/><G85/><T117/><D117/><U66/><E48/><N who="2" m="29087" /><F73/><W62/><G99/><T18/><D37/><U134/><E134/><V12/><F124/><W100/><G100/><T65/><D65/><U24/><E24/><V61/><F120/><W1/><G1/><T93/><D35/><U81/><REACH who="1" step="1"/><E70/><REACH who="1" ten="224,330,398,38" step="2"/><V135/><F135/><W41/><G121/><AGARI ba="0,1" hai="9,10,11,26,29,34,59,60,66,81,87,91,121,123" machi="121" ten="40,12000,2" yaku="1,1,2,1,52,2,53,3" doraHai="119" doraHaiUra="6" who="1" fromWho="3" sc="224,0,330,130,398,0,38,-120" owari="224,-17.6,460,56.0,398,19.8,-82,-58.2" /></mjloggm>