<mjloggm ver="2.3"><GO type="225" lobby="0"/><UN n0="%E9%BB%92%E9%89%84%E7%8F%A0%E9%9B%AB" n1="%43%68%65" n2="%E3%81%AF%E3%82%88%E3%81%8A%E3%81%98%E3%81%95%E3%82%93" n3="%E7%B4%94%E6%BD%94%E3%83%94%E3%83%A9%E3%83%8B%E3%82%A2" dan="16,16,16,16" rate="2177.92,2156.90,2184.09,2083.32" sx="M,M,M,M"/><TAIKYOKU oya="0"/><INIT seed="0,0,0,5,5,99" ten="250,250,250,250" oya="0" hai0="32,124,3,102,30,79,20,28,84,14,11,33,23" hai1="105,61,86,101,98,80,65,77,83,93,113,67,90" hai2="46,58,38,85,88,128,134,95,68,81,72,59,25" hai3="82,56,97,4,54,8,9,5,31,114,119,135,122"/><T130/><D79/><U100/><E113/><V116/><F68/><W63/><G114/><T103/><D84/><U34/><E34/><N who="0" m="13417" /><D130/><U127/><E127/><V62/><F128/><W42/><G82/><T107/><D107/><U89/><E67/><V71/><F134/><W74/><G135/><T29/><D124/><U15/><E15/><V75/><F116/><W78/><G119/><T26/><D103/><N who="1" m="62711" /><E61/><V125/><F125/><W133/><G97/><T47/><D102/><U6/><E6/><V50/><F38/><W21/><G78/><T69/><D47/><U126/><E65/><V121/><F121/><W27/><G122/><T64/><D64/><U19/><E19/><V52/><F71/><W57/><G74/><T91/><D91/><U48/><E48/><V111/><F111/><W55/><G42/><T40/><D40/><U70/><E70/><V66/><F81/><W39/><G39/><T109/><D69/><U41/><E41/><V131/><F131/><W87/><G87/><T13/><D109/><U96/><E126/><V110/><F110/><W76/><G76/><T120/><D120/><U60/><E60/><V49/><F25/><W17/><G133/><T37/><D37/><U118/><E118/><V7/><F7/><N who="3" m="2635" /><G17/><N who="0" m="10287" /><D3/><U117/><E117/><V132/><F132/><W43/><G43/><AGARI ba="0,0" hai="43,46,49,50,52,58,59,62,66,72,75,85,88,95" machi="43" ten="30,3900,0" yaku="7,1,54,2" doraHai="99" who="2" fromWho="3" sc="250,0,250,0,250,39,250,-39" /><INIT seed="1,0,0,4,3,82" ten="250,250,289,211" oya="1" hai0="17,10,43,128,65,20,95,36,110,62,58,117,47" hai1="126,102,4,71,68,49,122,12,132,51,123,0,106" hai2="7,93,11,45,91,131,31,9,118,25,39,1,133" hai3="66,99,104,111,81,87,88,90,41,73,42,46,6"/><U78/><E0/><V5/><F118/><W100/><G111/><T52/><D117/><U69/><E126/><V67/><F131/><W44/><G73/><T15/><D110/><U113/><E113/><V56/><F133/><W101/><G66/><T116/><D116/><U34/><E34/><V21/><F39/><W2/><G2/><T3/><D128/><U112/><E112/><V92/><F45/><W38/><G6/><N who="2" m="2057" /><F1/><W40/><G100/><T8/><D3/><U114/><E114/><V33/><F33/><W27/><G90/><T18/><D18/><U29/><E29/><V79/><F79/><W109/><G109/><T19/><D19/><U60/><E78/><V14/><F14/><W119/><G119/><T48/><REACH who="0" step="1"/><D95/><REACH who="0" ten="240,250,289,211" step="2"/><U120/><E120/><V74/><F93/><W64/><G38/><T72/><D72/><U127/><E123/><V61/><F74/><W83/><G83/><T13/><D13/><U107/><E12/><V135/><F135/><W97/><G27/><T28/><D28/><U75/><E75/><V24/><F25/><W54/><G97/><AGARI ba="0,1" hai="9,11,21,24,31,56,61,67,91,92,97" m="2057" machi="97" ten="30,1000,0" yaku="8,1" doraHai="82" who="2" fromWho="3" sc="240,0,250,0,289,20,211,-10" /><INIT seed="2,0,0,2,4,19" ten="240,250,309,201" oya="2" hai0="129,111,55,69,44,110,58,30,37,66,109,113,86" hai1="62,4,59,42,41,16,33,0,97,128,121,14,67" hai2="100,54,74,65,8,32,134,70,105,125,52,28,120" hai3="40,123,21,81,2,117,20,51,77,124,99,26,12"/><V91/><F120/><W50/><G2/><T5/><D5/><U82/><E121/><V98/><F125/><W80/><G124/><T35/><D35/><U119/><E119/><V112/><F112/><W43/><G117/><T57/><D30/><U114/><E114/><V60/><F134/><W56/><G123/><T130/><D86/><U131/><E33/><V118/><F118/><W7/><G99/><T38/><D113/><U132/><E132/><V127/><F127/><W24/><G12/><T17/><D17/><U84/><E97/><V116/><F116/><W101/><G7/><T75/><D75/><U31/><E31/><V34/><F74/><W15/><G15/><T10/><D10/><U135/><E135/><V104/><F105/><W83/><G77/><T61/><D58/><U76/><E4/><V95/><F32/><W93/><G93/><T89/><D89/><U27/><E27/><N who="3" m="10282" /><G101/><T49/><D37/><U18/><E18/><V63/><F60/><W39/><G39/><T22/><D22/><N who="3" m="8809" /><G56/><T102/><D102/><U53/><E0/><V72/><F72/><W45/><G45/><T106/><D106/><U6/><E6/><V71/><F70/><W3/><G3/><T23/><D23/><U92/><E92/><V96/><F8/><W87/><G87/><T133/><D133/><U46/><E14/><V88/><F91/><W64/><G64/><T48/><D38/><U68/><E16/><V126/><F126/><W13/><G13/><T47/><D69/><U1/><E1/><V29/><F29/><W94/><G94/><T25/><D25/><AGARI ba="0,0" hai="25,28,34,52,54,63,65,71,88,95,96,98,100,104" machi="25" ten="40,12000,1" yaku="6,1,25,2,54,2" doraHai="19" who="2" fromWho="0" sc="240,-120,250,0,309,120,201,0" /><INIT seed="2,1,0,3,5,108" ten="120,250,429,201" oya="2" hai0="34,59,28,38,91,100,1,7,61,114,127,104,67" hai1="60,23,79,42,51,46,50,109,58,53,57,10,44" hai2="76,43,18,0,120,96,20,37,13,8,112,69,66" hai3="63,33,84,122,14,56,88,130,126,9,74,47,45"/><V54/><F120/><W30/><G74/><T106/><D38/><N who="1" m="21591" /><E23/><V24/><F0/><W98/><G122/><T125/><D114/><U5/><E10/><V99/><F112/><W49/><G126/><T48/><D1/><U86/><E86/><V36/><F76/><W12/><G130/><T78/><D7/><U132/><E79/><V27/><F27/><W135/><G135/><T110/><D78/><U25/><E25/><V81/><F81/><W116/><G116/><T11/><D11/><U133/><E5/><V80/><F80/><W26/><G98/><T21/><D110/><U118/><E118/><V85/><F85/><W55/><G63/><T95/><D34/><U102/><E102/><V31/><F54/><W105/><G105/><T121/><D121/><U64/><E109/><V97/><F43/><AGARI ba="1,0" hai="43,46,50,51,53,57,58,60,64,132,133" m="21591" machi="43" ten="30,2000,0" yaku="34,2" doraHai="108" who="1" fromWho="2" sc="120,0,250,23,429,-23,201,0" /><INIT seed="3,0,0,2,5,91" ten="120,273,406,201" oya="3" hai0="93,13,119,21,89,112,28,5,11,32,8,101,51" hai1="85,83,53,103,18,122,48,130,16,104,129,31,133" hai2="134,95,56,61,57,33,92,4,132,76,109,84,107" hai3="7,67,37,128,22,43,24,63,96,40,127,10,126"/><W117/><G117/><T123/><D123/><U73/><E73/><V60/><F107/><W81/><G81/><T90/><D119/><U45/><E122/><V62/><F33/><W64/><G128/><N who="1" m="49258" /><E31/><V86/><F4/><W118/><G118/><T106/><D112/><U105/><E133/><N who="2" m="51307" /><F109/><W39/><G96/><T74/><D74/><U98/><E105/><V52/><F76/><AGARI ba="0,0" hai="16,18,45,48,53,76,83,85,98,103,104" m="49258" machi="76" ten="30,2000,0" yaku="19,1,54,1" doraHai="91" who="1" fromWho="2" sc="120,0,273,20,406,-20,201,0" owari="120,-38.0,293,9.3,386,48.6,201,-19.9" /></mjloggm>