<mjloggm ver="2.3"><GO type="225" lobby="0"/><UN n0="%4C%4F%4C%49%54%41" n1="%73%6C%69%63%6B%33%31%39" n2="%E3%81%82%E3%83%BC%E3%81%97" n3="%E9%80%9F%E6%B0%B4%E5%87%9B%E9%A6%99" dan="16,17,16,16" rate="2170.62,2193.56,2125.64,2167.17" sx="F,M,M,F"/><TAIKYOKU oya="0"/><INIT seed="0,0,0,1,0,68" ten="250,250,250,250" oya="0" hai0="33,84,3,114,103,99,72,107,45,4,100,56,122" hai1="6,46,50,63,51,18,15,39,54,76,66,0,57" hai2="115,90,61,77,93,32,29,92,120,2,102,105,60" hai3="97,75,67,106,118,85,62,121,47,74,37,16,119"/><T64/><D114/><U21/><E76/><V71/><F115/><W48/><G85/><T20/><D122/><U38/><E0/><V43/><F2/><W69/><G48/><T126/><D72/><N who="3" m="27689" /><G16/><T134/><D33/><U112/><E112/><V52/><F120/><W73/><N who="3" m="27697" /><W101/><DORA hai="17" /><G121/><T26/><D100/><U41/><REACH who="1" step="1"/><E6/><REACH who="1" ten="250,240,250,250" step="2"/><V132/><F77/><W30/><G119/><T12/><D4/><U5/><E5/><V88/><F132/><W78/><G78/><T23/><D134/><U96/><E96/><V81/><F105/><W130/><G118/><T22/><D99/><U19/><E19/><V98/><F98/><W44/><G97/><T113/><D107/><U128/><E128/><V14/><F102/><W28/><G101/><T86/><D103/><U70/><AGARI ba="0,1" hai="15,18,21,38,39,41,46,50,51,54,57,63,66,70" machi="70" ten="20,12000,2" yaku="1,1,0,1,7,1,52,3,53,1" doraHai="68,17" doraHaiUra="42,79" who="1" fromWho="1" sc="250,-60,240,130,250,-30,250,-30" /><INIT seed="1,0,0,3,5,96" ten="190,370,220,220" oya="1" hai0="105,11,102,45,77,84,24,113,70,124,87,64,44" hai1="98,54,65,61,63,100,85,88,72,101,40,23,93" hai2="119,80,42,121,115,53,14,56,46,107,66,16,125" hai3="36,90,5,108,2,62,55,31,29,81,97,82,28"/><U15/><E72/><V104/><F119/><W118/><G36/><T69/><D113/><U111/><E40/><V10/><F121/><W26/><G108/><T48/><D124/><U58/><E111/><V91/><F125/><W109/><G109/><T38/><D77/><U78/><E78/><V122/><F66/><W9/><G118/><T71/><D64/><U133/><E133/><V37/><F122/><W47/><G82/><T30/><D11/><U49/><E98/><V0/><F0/><W59/><G47/><T135/><D135/><U20/><E61/><V132/><F115/><W86/><REACH who="3" step="1"/><G97/><REACH who="3" ten="190,370,220,210" step="2"/><T129/><D38/><U19/><E23/><AGARI ba="0,1" hai="2,5,9,23,26,28,29,31,55,59,62,81,86,90" machi="23" ten="30,3900,0" yaku="1,1,2,1,7,1,53,0" doraHai="96" doraHaiUra="75" who="3" fromWho="1" sc="190,0,370,-39,220,0,210,49" /><INIT seed="2,0,0,5,1,16" ten="190,331,220,259" oya="2" hai0="9,21,23,54,47,94,41,74,63,109,28,62,26" hai1="33,97,66,36,134,130,11,3,43,69,113,100,129" hai2="13,42,4,56,34,51,86,12,55,124,76,125,131" hai3="40,25,106,52,135,104,105,75,31,39,65,64,73"/><V108/><F34/><W17/><G17/><T98/><D74/><U82/><E33/><V90/><F76/><W30/><G135/><T123/><D123/><U8/><E113/><V116/><F116/><W110/><G110/><T68/><D109/><U70/><E134/><V91/><F108/><W114/><G114/><T120/><D120/><U58/><E82/><V132/><F132/><W103/><G103/><T1/><D68/><U29/><E29/><V18/><F131/><N who="1" m="50185" /><E58/><V93/><F42/><W111/><G111/><T44/><D1/><U22/><E22/><N who="2" m="11591" /><F91/><W128/><G128/><T2/><D2/><U107/><E66/><V49/><F49/><W15/><G31/><T119/><D9/><AGARI ba="0,0" hai="4,9,13,51,55,56,86,90,93,124,125" m="11591" machi="9" ten="30,2900,0" yaku="25,1,52,1" doraHai="16" who="2" fromWho="0" sc="190,-29,331,0,220,29,259,0" /><INIT seed="2,1,0,3,2,70" ten="161,331,249,259" oya="2" hai0="92,77,44,84,129,52,33,7,68,29,117,78,115" hai1="59,74,105,64,26,102,122,24,62,47,119,0,67" hai2="118,94,46,25,10,34,124,3,60,88,132,106,41" hai3="39,27,17,110,2,45,108,8,38,81,42,15,135"/><V101/><F118/><W65/><G135/><T120/><D120/><U82/><E0/><V66/><F132/><W35/><G2/><T121/><D121/><U93/><E122/><V114/><F114/><W36/><G65/><T130/><D115/><U99/><E119/><V54/><F54/><W6/><G81/><T109/><D68/><U51/><E64/><V72/><F72/><W103/><G103/><T100/><D109/><N who="3" m="42089" /><G35/><T9/><D117/><U19/><E105/><V131/><F131/><N who="0" m="50186" /><D29/><U107/><E107/><V112/><F124/><W63/><G63/><T4/><D33/><U14/><E82/><V80/><F80/><W21/><AGARI ba="1,0" hai="6,8,15,17,21,27,36,38,39,42,45" m="42089" machi="21" ten="30,7900,0" yaku="14,1,52,3" doraHai="70" who="3" fromWho="3" sc="161,-21,331,-21,249,-40,259,82" /><INIT seed="3,0,0,1,4,4" ten="140,310,209,341" oya="3" hai0="98,58,7,135,86,65,130,79,96,74,99,87,94" hai1="42,75,82,39,25,77,115,56,38,57,91,6,72" hai2="29,83,85,12,81,45,30,1,134,78,125,3,20" hai3="100,23,2,47,15,117,43,5,97,55,69,108,67"/><W114/><G117/><T18/><D7/><U89/><E115/><V88/><F134/><W106/><G114/><T14/><D130/><U54/><E75/><V131/><F125/><W118/><G118/><T28/><D28/><U21/><E6/><V112/><F112/><W71/><G67/><T122/><D122/><U127/><E127/><V24/><F30/><W119/><G119/><T31/><D135/><U0/><E0/><V126/><F126/><W133/><G133/><T111/><D111/><U10/><E10/><V41/><F12/><W62/><G2/><T48/><D31/><U35/><E35/><V59/><F59/><W92/><G106/><T128/><D74/><U32/><E32/><V16/><F29/><W120/><G120/><T22/><D128/><U124/><E124/><V60/><F60/><W26/><G15/><T105/><D105/><U40/><E39/><V61/><F61/><W46/><G5/><T44/><D79/><U50/><E56/><V9/><F9/><W101/><G47/><T129/><D129/><U52/><E54/><V103/><F103/><W90/><G55/><T33/><D33/><U66/><E66/><V27/><F27/><W113/><G69/><T19/><D19/><U37/><E38/><V132/><F132/><W11/><G11/><T93/><D65/><U68/><E68/><V116/><F116/><W34/><G34/><T121/><D58/><U107/><E107/><V123/><F131/><W80/><G113/><T49/><D121/><U109/><E109/><V70/><F123/><W73/><G108/><T76/><D44/><RYUUKYOKU ba="0,0" sc="140,0,310,0,209,0,341,0" owari="140,-36.0,310,11.0,209,-19.1,341,44.1" /></mjloggm>