<mjloggm ver="2.3"><GO type="225" lobby="0"/><UN n0="%E3%81%AF%E3%82%88%E3%81%8A%E3%81%98%E3%81%95%E3%82%93" n1="%E9%B3%B3%E6%9D%B1%E3%81%AE%E3%81%86%E3%81%95%E3%81%8E%E3%81%95%E3%82%93" n2="%E5%A4%9C%E5%85%89%E5%A4%A9%E6%A5%BC" n3="%E3%81%92%E3%81%A3%E3%81%A1" dan="17,17,16,17" rate="2183.51,2242.88,2166.30,2229.11" sx="M,M,F,M"/><TAIKYOKU oya="0"/><INIT seed="0,0,0,5,0,50" ten="250,250,250,250" oya="0" hai0="89,41,120,102,22,59,99,49,5,91,25,52,101" hai1="54,21,29,121,103,43,126,15,45,93,80,10,55" hai2="127,132,95,67,73,88,107,47,8,96,112,2,28" hai3="42,128,92,39,32,57,123,111,53,94,117,63,4"/><T108/><D120/><U36/><E121/><V30/><F112/><W76/><G117/><T34/><D34/><U106/><E106/><V60/><F73/><W40/><G123/><T79/><D108/><U0/><E0/><V78/><F78/><W115/><G115/><T90/><D5/><U81/><E126/><V23/><F127/><W12/><G128/><T113/><D113/><U118/><E118/><V97/><F132/><W35/><G111/><T134/><D134/><U69/><E69/><V62/><F47/><W3/><G3/><T65/><D79/><U37/><E37/><V114/><F62/><W27/><G76/><T48/><D65/><U51/><E103/><V7/><F23/><W26/><G35/><T19/><D99/><U38/><E93/><N who="3" m="35946" /><G39/><T75/><D75/><U87/><E36/><V116/><F116/><W124/><G32/><T133/><D133/><U44/><E87/><V86/><F114/><W135/><G124/><T83/><D83/><N who="1" m="31819" /><E44/><AGARI ba="0,0" hai="19,22,25,41,44,48,49,52,59,89,90,91,101,102" machi="44" ten="40,7700,0" yaku="8,1,52,1,54,1" doraHai="50" who="0" fromWho="1" sc="250,77,250,-77,250,0,250,0" /><INIT seed="0,1,0,3,3,35" ten="327,173,250,250" oya="0" hai0="50,89,59,40,97,74,14,134,128,70,83,103,112" hai1="66,23,87,86,126,1,32,118,49,56,135,121,123" hai2="108,19,114,115,24,111,64,71,8,55,105,60,92" hai3="102,48,44,120,110,4,6,116,51,65,16,33,3"/><T127/><D70/><U81/><E32/><V42/><F105/><W93/><G116/><T18/><D112/><U131/><E118/><V69/><F69/><W53/><G33/><T91/><D127/><U104/><E104/><V9/><F55/><W5/><G110/><N who="2" m="42025" /><F42/><W113/><G113/><N who="2" m="43017" /><F92/><W95/><G65/><T85/><D74/><U100/><E23/><AGARI ba="1,0" hai="8,9,19,23,24,60,64,71" m="43017,42025" machi="23" ten="30,1000,0" yaku="14,1" doraHai="35" who="2" fromWho="1" sc="327,0,173,-13,250,13,250,0" /><INIT seed="1,0,0,2,4,67" ten="327,160,263,250" oya="1" hai0="28,44,106,54,107,14,119,129,104,74,27,73,117" hai1="75,90,9,125,99,114,98,112,68,134,0,29,89" hai2="43,109,93,61,122,12,78,86,69,26,100,52,63" hai3="21,40,37,113,10,36,124,15,96,71,92,55,5"/><U81/><E29/><V57/><F122/><W64/><G113/><N who="1" m="43626" /><E9/><V135/><F43/><W84/><G124/><T79/><D14/><U60/><E0/><V88/><F69/><W30/><G71/><T85/><D27/><U23/><E23/><V22/><F78/><W33/><G64/><T118/><D28/><U95/><E60/><N who="2" m="35879" /><F135/><W128/><G33/><T77/><D44/><U7/><E7/><V25/><F100/><W72/><G72/><T102/><D54/><U39/><E39/><V31/><F31/><W49/><G40/><T126/><D126/><U116/><E68/><V62/><F109/><W48/><G84/><T70/><D70/><U115/><N who="1" m="43634" /><U132/><DORA hai="120" /><E125/><V6/><F22/><W3/><G49/><T131/><D102/><N who="1" m="60767" /><E116/><V59/><F59/><W24/><G3/><T53/><D53/><U4/><E4/><V108/><F108/><W97/><G37/><T127/><D127/><U38/><E38/><V18/><F18/><W58/><G36/><T56/><D56/><U87/><E75/><N who="0" m="28681" /><D85/><N who="1" m="50351" /><E99/><V111/><F6/><W47/><G97/><T83/><D83/><AGARI ba="0,0" hai="83,87,90,132,134" m="50351,60767,43634" machi="83" ten="40,3900,0" yaku="34,2" doraHai="67,120" who="1" fromWho="0" sc="327,-39,160,39,263,0,250,0" /><INIT seed="1,1,0,0,0,77" ten="288,199,263,250" oya="1" hai0="75,0,134,6,129,5,42,3,110,49,29,52,59" hai1="43,125,39,40,68,118,89,90,48,124,80,74,126" hai2="130,92,95,8,58,44,83,53,63,85,71,34,36" hai3="106,123,76,30,35,41,70,37,100,98,88,97,20"/><U82/><E118/><V60/><F34/><W33/><G70/><T72/><D110/><U105/><E68/><V121/><F121/><W132/><G123/><T66/><D129/><U46/><E105/><V54/><F130/><W116/><G116/><T86/><D134/><U67/><E67/><V11/><F36/><W1/><G1/><T23/><D42/><U18/><E18/><V112/><F112/><W94/><G132/><T27/><D66/><U113/><E113/><V69/><F69/><W109/><G109/><T128/><D128/><U117/><E117/><V78/><F71/><W84/><G41/><T7/><REACH who="0" step="1"/><D86/><REACH who="0" ten="278,199,263,250" step="2"/><U131/><E131/><V133/><F133/><W103/><G37/><T102/><D102/><U104/><E104/><V38/><F38/><W2/><G103/><T65/><D65/><U127/><N who="1" m="31744" /><DORA hai="73" /><U31/><E31/><V14/><F11/><W81/><REACH who="3" step="1"/><G2/><AGARI ba="1,1" hai="0,2,3,5,6,7,23,27,29,49,52,59,72,75" machi="2" ten="40,5200,0" yaku="1,1,54,1,53,1" doraHai="77,73" doraHaiUra="22,101" who="0" fromWho="3" sc="278,65,199,0,263,0,250,-55" /><INIT seed="2,0,0,0,1,92" ten="343,199,263,195" oya="2" hai0="78,59,60,103,82,4,133,12,51,29,80,89,17" hai1="123,40,16,62,124,28,38,55,67,58,0,108,115" hai2="36,23,41,93,122,33,30,100,66,98,113,42,3" hai3="64,9,79,31,110,32,53,49,116,84,63,128,76"/><V11/><F113/><W14/><G116/><T26/><D133/><U45/><E115/><V85/><F33/><W61/><G110/><T127/><D127/><U75/><E108/><V52/><F66/><W48/><G128/><T22/><D4/><U8/><E124/><V54/><F122/><W87/><G31/><T69/><D69/><U97/><E123/><V1/><F1/><W39/><G39/><T94/><D51/><U125/><E125/><V134/><F36/><W104/><G104/><T72/><D103/><U77/><E28/><V106/><F3/><W95/><G32/><T135/><D135/><U74/><E67/><V57/><F11/><W50/><G53/><N who="2" m="20585" /><F57/><N who="3" m="36911" /><G63/><T129/><D129/><U83/><E75/><V15/><F106/><W70/><G70/><T34/><D80/><U43/><E43/><V126/><F126/><W56/><G56/><T13/><D59/><U112/><E112/><V132/><F132/><W109/><G109/><T68/><D60/><U101/><E0/><V105/><F134/><W121/><G121/><T46/><D46/><U118/><E118/><V73/><F73/><W6/><G95/><T107/><D107/><U119/><E119/><V99/><F105/><W20/><G20/><T10/><D68/><U71/><E71/><V27/><F23/><W21/><G21/><T111/><D111/><U35/><E35/><V88/><F42/><W130/><G130/><T7/><D34/><U24/><E40/><V117/><F41/><W44/><G44/><T90/><D94/><N who="1" m="58551" /><E45/><V96/><F117/><W5/><G5/><N who="0" m="3151" /><D29/><U37/><E8/><AGARI ba="0,0" hai="7,8,13,17,22,26,72,78,82,89,90" m="3151" machi="8" ten="30,1000,0" yaku="6,1" doraHai="92" who="0" fromWho="1" sc="343,10,199,-10,263,0,195,0" /><INIT seed="3,0,0,0,5,61" ten="353,189,263,195" oya="3" hai0="8,41,9,114,51,35,49,26,133,38,50,65,57" hai1="2,32,125,71,58,24,12,129,29,39,28,16,36" hai2="25,104,109,98,37,107,130,111,92,117,74,97,96" hai3="40,53,84,54,127,93,27,76,99,87,52,86,60"/><W46/><G127/><T112/><D133/><U62/><E71/><V81/><F37/><W70/><G27/><T34/><D65/><U5/><E29/><V79/><F117/><W83/><G60/><T68/><D68/><U3/><E125/><V126/><F25/><W106/><G106/><N who="2" m="40489" /><F126/><W75/><G70/><T119/><D119/><U132/><E132/><V103/><F130/><W95/><REACH who="3" step="1"/><G99/><AGARI ba="0,0" hai="74,79,81,92,96,97,98,99,103,109,111" m="40489" machi="99" ten="40,2600,0" yaku="34,2" doraHai="61" who="2" fromWho="3" sc="353,0,189,0,263,26,195,-26" owari="353,45.3,189,-21.1,289,8.9,169,-33.1" /></mjloggm>