<mjloggm ver="2.3"><GO type="225" lobby="0"/><UN n0="%E3%83%9D%E3%82%B1%E3%83%83%E3%83%88" n1="%E7%B4%94%E6%BD%94%E3%83%94%E3%83%A9%E3%83%8B%E3%82%A2" n2="%E3%83%B4%E3%82%A3%E3%83%AF%E3%82%B3%E3%82%B0%E3%83%8B" n3="%E6%B4%BE%E9%81%A3%E3%81%AE%E3%82%B8%E3%83%A3%E3%83%83%E3%82%AF" dan="16,17,16,17" rate="2105.93,2169.21,2208.18,2194.43" sx="M,M,M,M"/><TAIKYOKU oya="0"/><INIT seed="0,0,0,1,0,66" ten="250,250,250,250" oya="0" hai0="86,57,56,46,59,103,30,3,105,63,0,82,76" hai1="93,73,31,53,26,95,9,126,134,91,5,32,61" hai2="41,119,36,111,80,16,39,52,109,92,42,70,27" hai3="33,108,85,75,49,81,44,37,104,102,107,64,110"/><T60/><D30/><U122/><E122/><V8/><F119/><W45/><G33/><T10/><D46/><U125/><E73/><V123/><F123/><W2/><G2/><T97/><REACH who="0" step="1"/><D0/><REACH who="0" ten="240,250,250,250" step="2"/><U19/><E31/><V35/><F111/><W83/><G45/><T98/><D98/><U47/><E47/><V89/><F109/><W14/><G44/><T115/><D115/><U121/><E121/><V74/><F41/><W129/><G110/><T17/><D17/><U131/><E19/><V96/><F42/><W58/><G108/><T55/><D55/><U34/><E53/><V94/><F52/><W120/><G120/><T106/><D106/><U69/><E125/><V7/><F16/><W1/><G104/><T114/><D114/><U4/><E126/><V118/><F36/><W24/><G107/><T48/><D48/><U79/><E32/><V54/><F39/><W113/><G49/><T78/><D78/><U101/><E34/><V20/><F54/><W99/><G1/><T87/><D87/><U38/><E38/><V130/><F35/><W25/><G85/><T77/><D77/><U51/><E51/><V67/><F96/><W88/><G99/><T21/><D21/><U6/><E79/><V29/><F20/><W28/><G28/><T68/><D68/><U84/><E69/><V135/><F29/><W50/><G50/><T43/><D43/><U124/><E124/><V65/><F70/><W132/><G37/><T100/><D100/><U40/><E101/><V62/><F118/><W133/><G113/><T127/><D127/><U128/><E40/><RYUUKYOKU ba="0,1" sc="240,30,250,-10,250,-10,250,-10" hai0="3,10,56,57,59,60,63,76,82,86,97,103,105" /><INIT seed="0,1,1,0,2,33" ten="270,240,240,240" oya="0" hai0="114,119,49,14,75,61,0,70,26,124,102,88,95" hai1="118,6,66,40,47,100,1,59,43,111,82,10,108" hai2="30,71,97,13,87,121,58,117,62,50,131,48,51" hai3="15,16,39,113,20,98,12,74,35,68,64,60,79"/><T44/><D114/><U2/><E118/><V45/><F121/><W42/><G113/><T94/><D119/><U76/><E100/><V120/><F120/><W112/><G112/><T63/><D75/><N who="1" m="43295" /><E59/><V78/><F117/><W56/><G35/><T84/><D0/><N who="1" m="327" /><E66/><V96/><F71/><W110/><G110/><N who="1" m="42026" /><E43/><V18/><F131/><W132/><G132/><T86/><D70/><U81/><E81/><N who="2" m="47543" /><F30/><W93/><G68/><T133/><D133/><U115/><E115/><V52/><F45/><W22/><G74/><T106/><D102/><U32/><E32/><V89/><F89/><W105/><G105/><T9/><D106/><U55/><E55/><V90/><F90/><W127/><G79/><T122/><D122/><U21/><E21/><AGARI ba="1,1" hai="13,18,21,48,50,51,52,58,62,96,97" m="47543" machi="21" ten="30,2000,0" yaku="8,1,54,1" doraHai="33" who="2" fromWho="1" sc="270,0,240,-23,240,33,240,0" /><INIT seed="1,0,0,5,1,60" ten="270,217,273,240" oya="1" hai0="4,1,87,114,115,130,35,93,28,7,62,100,26" hai1="75,43,104,61,14,22,108,128,5,16,118,76,37" hai2="71,99,103,10,132,134,0,20,13,82,69,8,63" hai3="116,23,51,101,67,110,124,122,12,129,78,34,85"/><U70/><E118/><V47/><F82/><W52/><G34/><T119/><D119/><U81/><E104/><V44/><F20/><W48/><G122/><T54/><D130/><U50/><E128/><V127/><F0/><W91/><G129/><T3/><D3/><U89/><E37/><V73/><F73/><W111/><G78/><T113/><D1/><U24/><E108/><N who="3" m="41514" /><G101/><T105/><D105/><U39/><E39/><V42/><F127/><W107/><G107/><T58/><D100/><U41/><E50/><V6/><F10/><W88/><G124/><T2/><D2/><U65/><REACH who="1" step="1"/><E89/><REACH who="1" ten="270,207,273,240" step="2"/><V25/><F103/><W57/><G116/><T19/><D114/><U15/><E15/><V11/><F13/><W18/><G91/><T83/><D115/><U117/><E117/><V79/><F134/><W126/><G126/><T109/><D113/><U72/><E72/><V95/><F132/><W102/><G102/><T53/><D109/><U97/><E97/><V64/><F99/><W33/><G33/><T27/><D35/><U66/><E66/><V29/><F64/><W45/><G67/><T21/><D87/><U123/><E123/><V86/><F86/><W84/><G88/><T36/><D36/><U32/><E32/><V55/><F69/><W94/><G94/><T77/><D93/><U90/><E90/><V74/><F71/><W96/><G96/><T17/><D83/><U92/><E92/><V135/><F95/><W9/><G23/><T49/><D21/><U38/><E38/><V80/><F74/><W68/><G68/><T98/><D98/><RYUUKYOKU ba="0,1" sc="270,-15,207,15,273,-15,240,15" hai1="5,14,16,22,24,41,43,61,65,70,75,76,81" hai3="9,12,18,45,48,51,52,57,84,85" /><INIT seed="1,1,1,2,4,53" ten="255,222,258,255" oya="1" hai0="96,35,4,13,26,94,93,65,0,45,51,83,32" hai1="113,41,101,20,115,82,92,12,31,127,91,99,97" hai2="69,60,128,117,18,133,56,125,1,29,109,130,40" hai3="75,66,6,126,110,19,55,54,43,108,38,8,114"/><U71/><E71/><V68/><F109/><N who="3" m="42091" /><G114/><T36/><D36/><U48/><E127/><V33/><F1/><W89/><G126/><T86/><D0/><U123/><E123/><V112/><F125/><W90/><G75/><T95/><D65/><U73/><E41/><V44/><F18/><W121/><G121/><T119/><D119/><U64/><E64/><N who="2" m="38919" /><F117/><W118/><G118/><T124/><D124/><U132/><E48/><N who="2" m="26631" /><F112/><W111/><N who="3" m="42099" /><W30/><DORA hai="21" /><G30/><T2/><D2/><U135/><E12/><V61/><F133/><N who="1" m="51273" /><E20/><V85/><F85/><W62/><G19/><T11/><D26/><U5/><E5/><V80/><F80/><W122/><G122/><T49/><D49/><U52/><E52/><V42/><F61/><W103/><G54/><N who="0" m="30063" /><D35/><U76/><E31/><V63/><F63/><W70/><G55/><T28/><D28/><U67/><E67/><V100/><F42/><W87/><G43/><T72/><D32/><U14/><E14/><V22/><F33/><W39/><G39/><T74/><D74/><U15/><E15/><V34/><F34/><W17/><G38/><T79/><D72/><U3/><E3/><V46/><F22/><W106/><G6/><T131/><D131/><N who="2" m="50218" /><F29/><W81/><G8/><T57/><D57/><U88/><E115/><V84/><F46/><W50/><G50/><T9/><D11/><U47/><E47/><V107/><F69/><W58/><G70/><T27/><D27/><U10/><E113/><V120/><F120/><W37/><G37/><T7/><D4/><U16/><E97/><AGARI ba="1,1" hai="7,9,13,79,83,86,93,94,95,96,97" m="30063" machi="97" ten="30,1000,0" yaku="8,1" doraHai="53,21" who="0" fromWho="1" sc="255,23,222,-13,258,0,255,0" /><INIT seed="2,0,0,2,2,72" ten="278,209,258,255" oya="2" hai0="133,129,40,101,76,7,0,107,131,27,41,87,9" hai1="4,96,14,84,15,95,122,46,73,55,103,94,63" hai2="38,130,64,56,16,116,106,36,53,132,105,97,49" hai3="120,45,71,108,10,8,109,98,78,51,18,74,65"/><V32/><F116/><W93/><G120/><T110/><D110/><N who="3" m="42601" /><G65/><T12/><D133/><U126/><E73/><V100/><F132/><W111/><G71/><T125/><D125/><U37/><E126/><V83/><F106/><W77/><N who="3" m="42609" /><W62/><DORA hai="17" /><G62/><T1/><D101/><U35/><E35/><V112/><F112/><W25/><G74/><T119/><D107/><U115/><E115/><V75/><F32/><W104/><G104/><T99/><D99/><U33/><E33/><V127/><F127/><W66/><G66/><T113/><D27/><U19/><E122/><V90/><F64/><W28/><G28/><T39/><D119/><U61/><E37/><V92/><F130/><W68/><G68/><T13/><D39/><U118/><E118/><V43/><F43/><N who="3" m="25023" /><G8/><T135/><D135/><U54/><E46/><V79/><REACH who="2" step="1"/><F16/><REACH who="2" ten="278,209,248,255" step="2"/><W102/><G10/><T81/><D113/><U134/><E134/><V114/><F114/><W67/><G67/><T48/><D40/><U86/><E19/><V47/><F47/><W34/><G34/><T22/><D129/><U82/><E4/><V52/><F52/><W69/><G69/><T124/><D131/><U24/><E24/><V121/><F121/><W2/><G18/><N who="0" m="10575" /><D124/><U88/><E55/><V31/><F31/><W20/><G25/><T11/><D11/><U70/><E54/><V58/><F58/><W117/><G117/><T59/><D59/><U128/><E128/><V23/><F23/><W3/><G20/><T123/><D123/><U57/><E57/><V50/><F50/><W5/><G5/><RYUUKYOKU ba="0,1" sc="278,10,209,-30,248,10,255,10" hai0="0,1,7,9,12,41,48,76,81,87" hai2="36,38,49,53,56,75,79,83,90,92,97,100,105" hai3="2,3,77,78,93,98,102" /><INIT seed="2,1,1,4,4,14" ten="288,179,258,265" oya="2" hai0="89,17,62,108,21,43,28,86,77,2,34,48,32" hai1="13,39,16,7,52,25,24,109,23,92,46,68,91" hai2="37,65,90,49,132,128,118,0,5,60,83,102,9" hai3="100,1,33,30,134,111,126,63,40,64,51,42,76"/><V36/><F118/><W10/><G76/><T50/><D2/><U72/><E72/><V4/><F4/><W114/><G100/><T106/><D106/><U59/><E68/><V58/><F132/><W12/><G1/><T35/><D28/><U15/><E109/><V105/><F128/><W124/><G111/><T26/><D108/><U96/><E39/><V101/><F49/><W70/><G134/><T18/><D77/><U110/><E46/><V125/><F125/><N who="3" m="48235" /><G114/><T8/><D62/><N who="1" m="36199" /><E110/><V79/><F90/><W67/><G67/><T74/><D74/><U98/><E98/><V61/><F61/><W11/><G11/><AGARI ba="1,1" hai="7,11,13,15,16,23,24,25,91,92,96" m="36199" machi="11" ten="30,7700,0" yaku="8,1,52,1,54,2" doraHai="14" who="1" fromWho="3" sc="288,0,179,90,258,0,265,-80" /><INIT seed="3,0,0,1,0,66" ten="288,269,258,185" oya="3" hai0="37,11,113,84,26,115,71,14,2,119,87,65,124" hai1="54,126,27,131,16,91,52,98,44,49,31,12,135" hai2="7,117,112,30,111,123,39,40,85,25,29,58,33" hai3="6,24,22,0,104,23,106,43,132,116,53,80,94"/><W28/><G116/><T120/><D120/><U68/><E68/><V86/><F112/><N who="0" m="43082" /><D119/><U17/><E126/><V97/><F117/><W46/><G132/><T62/><D124/><U3/><E3/><V110/><F123/><W42/><G94/><T101/><D37/><U70/><E70/><V118/><F118/><W61/><G80/><T134/><D2/><U35/><E135/><V64/><F29/><W60/><G23/><T103/><D26/><U47/><E131/><V72/><F72/><W55/><G104/><T79/><D134/><U13/><E91/><V51/><F7/><W125/><G106/><T63/><D63/><N who="3" m="24137" /><G0/><T76/><D84/><U21/><E98/><V92/><F85/><W114/><G114/><T36/><D36/><U82/><E82/><V10/><F86/><W50/><G125/><T34/><D34/><U81/><E81/><V57/><F10/><W19/><G6/><N who="0" m="3447" /><D87/><U59/><E54/><N who="3" m="20490" /><G43/><T95/><D95/><U41/><E41/><V93/><F93/><W127/><G127/><T38/><D38/><U128/><E128/><V108/><F39/><W56/><G56/><T130/><D130/><U122/><E122/><V74/><F74/><W88/><G28/><T20/><D20/><AGARI ba="0,0" hai="12,13,16,17,20,21,27,31,35,44,47,49,52,59" machi="20" ten="30,7700,0" yaku="7,1,9,1,54,2" doraHai="66" who="1" fromWho="0" sc="288,-77,269,77,258,0,185,0" owari="211,-18.9,346,44.6,258,5.8,185,-31.5" /></mjloggm>