<mjloggm ver="2.3"><GO type="225" lobby="0"/><UN n0="%6D%75%75%6D%75%72%61" n1="%E2%91%A3%E9%81%BF%E9%81%8A%E6%88%AF%E3%80%90%E6%9D%B1%E5%8D%97%E3%80%91" n2="%E3%83%B4%E3%82%A3%E3%83%AF%E3%82%B3%E3%82%B0%E3%83%8B" n3="%6E%69%63%6F%6E%74%6F" dan="16,16,16,17" rate="2178.12,2115.75,2161.03,2162.96" sx="F,M,M,M"/><TAIKYOKU oya="0"/><INIT seed="0,0,0,1,1,95" ten="250,250,250,250" oya="0" hai0="48,97,42,26,62,50,44,116,4,107,127,40,79" hai1="130,109,14,54,96,124,93,58,43,37,75,99,82" hai2="103,56,53,70,81,1,33,84,52,6,125,89,94" hai3="110,17,98,30,72,90,29,13,31,121,126,63,118"/><T92/><D116/><U102/><E109/><V87/><F125/><W106/><G110/><T49/><D127/><U19/><E124/><V21/><F33/><W45/><G118/><T32/><D107/><U46/><E130/><V61/><F70/><W23/><G126/><T28/><D79/><U39/><E39/><V36/><F36/><W35/><G72/><T135/><D135/><U34/><E34/><V38/><F38/><W112/><G112/><T74/><D74/><U8/><E75/><V101/><F1/><W123/><G45/><T67/><D4/><U122/><E82/><V11/><F21/><W114/><G114/><T20/><D32/><U129/><E129/><V3/><REACH who="2" step="1"/><F53/><REACH who="2" ten="250,250,240,250" step="2"/><W88/><G35/><T132/><D132/><U83/><E122/><N who="3" m="46602" /><G63/><T55/><D42/><U51/><E83/><V73/><F73/><W91/><G106/><T24/><D40/><U100/><REACH who="1" step="1"/><E99/><AGARI ba="0,1" hai="13,17,23,29,30,31,88,90,91,98,99" m="46602" machi="99" ten="40,8000,1" yaku="13,1,52,2,54,1" doraHai="95" who="3" fromWho="1" sc="250,0,250,-80,240,0,250,90" /><INIT seed="1,0,0,1,4,116" ten="250,170,240,340" oya="1" hai0="40,43,64,117,57,17,51,20,48,30,133,37,11" hai1="62,131,56,89,124,129,25,24,9,97,110,52,83" hai2="22,77,19,72,49,119,91,85,115,107,26,54,132" hai3="122,86,135,74,81,84,21,8,42,50,65,93,103"/><U121/><E124/><V98/><F119/><W70/><G122/><T118/><D117/><U102/><E9/><V76/><F132/><W41/><G70/><T112/><D118/><U6/><BYE who="3" /><E6/><V78/><F115/><W130/><G130/><N who="1" m="49674" /><E110/><UN n3="%6E%69%63%6F%6E%74%6F" /><V109/><F109/><W126/><G65/><T33/><D112/><U101/><E121/><V68/><F68/><W3/><G135/><T7/><D133/><U111/><E111/><V104/><F98/><N who="3" m="59855" /><G74/><T71/><D37/><U53/><E53/><V82/><REACH who="2" step="1"/><F72/><REACH who="2" ten="250,170,230,340" step="2"/><W105/><G126/><T45/><D71/><U55/><E97/><V47/><AGARI ba="0,1" hai="19,22,26,47,49,54,76,77,78,82,85,91,104,107" machi="47" ten="30,4000,0" yaku="1,1,2,1,0,1,53,0" doraHai="116" doraHaiUra="10" who="2" fromWho="2" sc="250,-10,170,-20,230,50,340,-10" /><INIT seed="2,0,0,5,4,34" ten="240,150,280,330" oya="2" hai0="86,126,5,132,22,24,98,67,121,18,105,27,115" hai1="12,114,29,91,93,133,92,83,118,31,81,110,74" hai2="56,97,30,44,60,6,38,103,52,94,37,72,85" hai3="90,102,89,42,8,109,1,20,16,15,39,36,79"/><V124/><F72/><W54/><G109/><T113/><D121/><U69/><E118/><V48/><F124/><W17/><G102/><T111/><D126/><U46/><E69/><V68/><F68/><W23/><G79/><T63/><D111/><U51/><E110/><V45/><F30/><W123/><G123/><T75/><D132/><U11/><E133/><V65/><F6/><W57/><G39/><T32/><D75/><U128/><E114/><V125/><F125/><W73/><G73/><T21/><D86/><U76/><E128/><V33/><F33/><W50/><G36/><T101/><D5/><U127/><E127/><V129/><F129/><W104/><G104/><T64/><D64/><U49/><E49/><V119/><F119/><W117/><G117/><T122/><D122/><U107/><E107/><V14/><F44/><N who="3" m="25879" /><G1/><T130/><D130/><U87/><E31/><V47/><F47/><W95/><G95/><T25/><D32/><U58/><E58/><V55/><F14/><N who="3" m="7239" /><G23/><T7/><D7/><U28/><E93/><V26/><F26/><W40/><G40/><T82/><D25/><U62/><E92/><V13/><F13/><W53/><G53/><T116/><D116/><U59/><E59/><V9/><F9/><W99/><G99/><T134/><D134/><U0/><E62/><AGARI ba="0,0" hai="15,17,20,54,57,62,89,90" m="7239,25879" machi="62" ten="30,2000,0" yaku="8,1,54,1" doraHai="34" who="3" fromWho="1" sc="240,0,150,-20,280,0,330,20" /><INIT seed="3,0,0,4,0,82" ten="240,130,280,350" oya="3" hai0="76,34,122,91,105,98,88,68,114,24,45,118,48" hai1="109,25,131,71,52,125,102,33,54,123,93,79,80" hai2="110,55,124,117,90,115,73,97,32,111,10,9,99" hai3="47,22,121,58,4,60,64,17,70,86,50,5,31"/><W29/><G121/><T40/><D118/><U107/><E123/><V134/><F115/><W49/><G70/><T108/><D122/><U63/><E109/><V11/><F32/><W92/><G50/><T21/><D108/><U113/><E113/><V28/><F73/><W6/><G86/><T78/><D68/><U133/><E131/><V62/><F117/><W51/><G51/><T120/><D120/><U15/><E125/><V0/><F0/><W42/><G92/><T37/><D34/><U46/><E133/><V96/><F134/><W59/><G59/><T35/><D35/><U84/><E15/><AGARI ba="0,0" hai="4,5,6,15,17,22,29,31,42,47,49,58,60,64" machi="15" ten="40,2000,0" yaku="8,1" doraHai="82" who="3" fromWho="1" sc="240,0,130,-20,280,0,350,20" owari="240,-16.0,110,-39.0,280,8.0,370,47.0" /></mjloggm>