<mjloggm ver="2.3"><GO type="225" lobby="0"/><UN n0="%E3%83%81%E3%83%AF%E3%83%AF%E9%9A%8A%E9%95%B7" n1="%E3%81%8B%E3%82%8F%E3%81%A1%E3%82%83%E3%82%93%35%38" n2="%E7%89%B9%E6%9D%B1%E3%81%AF%E4%B8%96%E7%95%8C%E3%82%92%E6%95%91%E3%81%86" n3="%28%EF%BF%A3%E2%96%BD%EF%BF%A3%29%CE%B4%E2%8C%92%E3%83%BB" dan="16,16,16,17" rate="2111.91,2143.47,2114.12,2248.27" sx="M,M,M,M"/><TAIKYOKU oya="0"/><INIT seed="0,0,0,1,3,56" ten="250,250,250,250" oya="0" hai0="35,1,123,46,110,51,13,114,61,118,16,6,17" hai1="134,34,79,124,105,122,40,131,53,133,47,44,89" hai2="36,29,39,128,2,82,41,20,64,3,87,68,24" hai3="21,8,28,96,42,98,95,60,45,26,85,92,72"/><T112/><D118/><U106/><E34/><V55/><F128/><W67/><G72/><T88/><D123/><U15/><E122/><V9/><F55/><W31/><G31/><T104/><D35/><U135/><E124/><V76/><F41/><W48/><G8/><T116/><D116/><U19/><E131/><V25/><F25/><W52/><G42/><T130/><D104/><N who="1" m="40043" /><E79/><V75/><F87/><W78/><G92/><T115/><D130/><U132/><E132/><V99/><F99/><W0/><G0/><T32/><D32/><U27/><E27/><V108/><F108/><W117/><G117/><T4/><D110/><U93/><E53/><V111/><F111/><W80/><REACH who="3" step="1"/><G95/><REACH who="3" ten="250,250,250,240" step="2"/><T129/><D1/><U126/><E40/><V100/><F3/><W57/><AGARI ba="0,1" hai="21,26,28,45,48,52,57,60,67,78,80,85,96,98" machi="57" ten="20,12000,2" yaku="1,1,2,1,0,1,7,1,8,1,52,1,54,1,53,0" doraHai="56" doraHaiUra="102" who="3" fromWho="3" sc="250,-60,250,-30,250,-30,240,130" /><INIT seed="1,0,0,3,5,44" ten="190,220,220,370" oya="1" hai0="46,28,73,11,122,93,100,40,52,78,103,69,75" hai1="59,4,57,106,53,5,110,89,79,71,62,42,120" hai2="22,31,8,125,6,112,64,58,99,45,65,19,48" hai3="38,131,129,3,92,123,18,32,72,55,14,41,119"/><U101/><E120/><V34/><F125/><W60/><G72/><T25/><D69/><U27/><E71/><V127/><F127/><W113/><G32/><T97/><D122/><U116/><E116/><V76/><F112/><W56/><G3/><T108/><D108/><U61/><E110/><V77/><F31/><W66/><G123/><T74/><D103/><U87/><E79/><V36/><F34/><W15/><G113/><T96/><D96/><U81/><E42/><V102/><F36/><W10/><G119/><T29/><D29/><U111/><E111/><V126/><F58/><W67/><G41/><T105/><D105/><U17/><E101/><V124/><F77/><W26/><G38/><T91/><D100/><U98/><E98/><V43/><F76/><W86/><G26/><T23/><D11/><U115/><E106/><V84/><F84/><W88/><REACH who="3" step="1"/><G15/><REACH who="3" ten="190,220,220,360" step="2"/><T35/><D35/><U21/><REACH who="1" step="1"/><E115/><REACH who="1" ten="190,210,220,360" step="2"/><V133/><F124/><W47/><G47/><T104/><D40/><U63/><E63/><V1/><F126/><W13/><G13/><T117/><D46/><U135/><E135/><V128/><F133/><W118/><G118/><T121/><D117/><U94/><E94/><V30/><F30/><W9/><BYE who="2" /><G9/><T68/><D121/><U80/><E80/><V2/><F2/><W39/><G39/><T20/><D93/><UN n2="%E7%89%B9%E6%9D%B1%E3%81%AF%E4%B8%96%E7%95%8C%E3%82%92%E6%95%91%E3%81%86" /><U49/><E49/><V54/><F43/><W85/><G85/><T7/><D73/><U12/><E12/><V37/><F37/><W95/><G95/><T50/><D74/><U24/><E24/><N who="2" m="14431" /><F1/><W90/><G90/><RYUUKYOKU ba="0,2" sc="190,-15,210,15,220,-15,360,15" hai1="4,5,17,21,27,53,57,59,61,62,81,87,89" hai3="10,14,18,55,56,60,66,67,86,88,92,129,131" /><INIT seed="1,1,2,3,3,3" ten="175,225,205,375" oya="1" hai0="125,86,104,12,108,9,96,64,7,115,51,69,119" hai1="57,22,30,79,39,128,70,116,26,134,87,89,48" hai2="23,75,25,31,68,16,133,34,45,95,110,35,80" hai3="107,58,44,124,38,98,53,47,42,130,106,55,54"/><U93/><E116/><V97/><F68/><W0/><G0/><T20/><D119/><U71/><E39/><V40/><F110/><W36/><G124/><T72/><D72/><U37/><E37/><V83/><F133/><W2/><G2/><T103/><D115/><U21/><E134/><V85/><F75/><W56/><G130/><T28/><D108/><U112/><E112/><V59/><F59/><W126/><G126/><T8/><D125/><U66/><E128/><V74/><F74/><W113/><G113/><T65/><D69/><U132/><E132/><V46/><F35/><W127/><G127/><T19/><D51/><U32/><E79/><V114/><F114/><W10/><G10/><T88/><D28/><U52/><REACH who="1" step="1"/><E70/><REACH who="1" ten="175,215,205,375" step="2"/><V33/><F33/><W24/><G36/><T4/><D64/><U6/><E6/><V122/><F122/><W29/><G44/><T1/><D65/><U60/><AGARI ba="1,3" hai="21,22,26,30,32,48,52,57,60,66,71,87,89,93" machi="60" ten="30,6000,0" yaku="1,1,0,1,54,1,53,0" doraHai="3" doraHaiUra="99" who="1" fromWho="1" sc="175,-21,215,93,205,-21,375,-21" /><INIT seed="1,2,0,0,5,131" ten="154,308,184,354" oya="1" hai0="12,130,107,132,73,95,98,56,45,17,31,2,21" hai1="34,94,96,33,69,52,100,8,20,49,61,110,120" hai2="116,9,109,14,122,125,86,63,26,66,47,16,23" hai3="11,15,77,83,32,80,53,1,85,74,134,25,76"/><U105/><E120/><V117/><F109/><W10/><G1/><T59/><D107/><U29/><E110/><V48/><F125/><W36/><G36/><T78/><D2/><U90/><E8/><V50/><F86/><W7/><G11/><T119/><D119/><U102/><E102/><V62/><F122/><W133/><REACH who="3" step="1"/><G53/><REACH who="3" ten="154,308,184,344" step="2"/><T114/><D130/><U87/><E20/><V64/><F117/><W129/><G129/><T27/><D114/><U30/><E33/><V70/><F116/><W126/><G126/><T67/><D21/><U13/><E34/><V104/><F104/><W103/><G103/><T118/><D118/><U79/><E105/><V18/><REACH who="2" step="1"/><F47/><REACH who="2" ten="154,308,174,344" step="2"/><W81/><G81/><T5/><D45/><U128/><E128/><V123/><F123/><W91/><G91/><T75/><D78/><U65/><E79/><V84/><F84/><W57/><G57/><AGARI ba="2,2" hai="9,14,16,18,23,26,48,50,57,62,63,64,66,70" machi="57" ten="30,3900,0" yaku="1,1,7,1,54,1,53,0" doraHai="131" doraHaiUra="108" who="2" fromWho="3" sc="154,0,308,0,174,65,344,-45" /><INIT seed="2,0,0,4,3,60" ten="154,308,239,299" oya="2" hai0="14,29,112,43,72,73,97,121,130,87,115,59,111" hai1="37,69,71,0,16,23,26,28,81,44,116,42,110" hai2="96,58,129,5,103,127,84,50,118,132,109,99,98" hai3="92,30,90,125,93,9,2,64,22,54,10,105,47"/><V4/><F118/><W11/><G105/><T83/><D121/><U63/><E116/><V15/><F129/><W135/><G135/><T128/><D29/><U104/><E104/><V133/><F127/><W122/><G122/><T126/><D43/><U89/><E0/><V131/><F131/><N who="0" m="50218" /><D14/><U34/><E110/><V114/><F114/><N who="0" m="43562" /><D59/><U48/><E37/><V67/><F15/><W66/><G125/><T31/><D31/><U18/><E18/><V74/><F58/><W65/><G2/><T106/><D126/><U134/><E134/><V45/><F5/><W76/><G76/><N who="0" m="46567" /><D111/><U49/><E49/><V113/><F50/><N who="3" m="29023" /><G90/><T17/><D17/><U35/><E35/><V20/><F4/><W120/><G120/><T101/><AGARI ba="0,0" hai="72,73,97,101,106" m="46567,43562,50218" machi="101" ten="40,5200,0" yaku="19,1,34,2" doraHai="60" who="0" fromWho="0" sc="154,52,308,-13,239,-26,299,-13" /><INIT seed="3,0,0,2,3,56" ten="206,295,213,286" oya="3" hai0="91,82,124,77,96,107,123,125,24,113,50,12,94" hai1="2,85,15,75,68,6,20,93,14,7,5,111,133" hai2="27,69,8,86,51,95,120,81,135,126,64,115,13" hai3="98,101,83,70,65,59,72,61,1,97,108,9,84"/><W29/><G108/><T60/><D123/><U21/><E75/><V100/><F115/><W88/><G72/><T33/><D113/><U0/><E68/><V47/><F120/><W53/><G29/><T131/><D131/><U41/><E41/><V38/><F38/><W43/><G43/><T102/><D50/><U58/><E111/><V54/><F135/><W57/><G98/><T17/><D60/><U132/><E58/><V104/><F104/><W26/><G26/><T80/><D24/><U116/><E116/><V74/><F74/><W31/><G31/><T62/><D62/><U63/><E63/><V25/><F69/><W92/><REACH who="3" step="1"/><G53/><REACH who="3" ten="206,295,213,276" step="2"/><T16/><D33/><U52/><E52/><V4/><F54/><W18/><G18/><T67/><D17/><N who="1" m="10295" /><E85/><V89/><F86/><W30/><G30/><T121/><D121/><U3/><E93/><V55/><F95/><W36/><G36/><T110/><D110/><U10/><E21/><V11/><F55/><W105/><G105/><T103/><D107/><U35/><E35/><V42/><F42/><W118/><G118/><T45/><D96/><U32/><E32/><V87/><F87/><W19/><G19/><AGARI ba="0,1" hai="0,2,3,5,6,7,10,15,19,132,133" m="10295" machi="19" ten="40,2600,0" yaku="34,2" doraHai="56" who="1" fromWho="3" sc="206,0,295,36,213,0,276,-26" owari="206,-29.4,331,43.1,213,-18.7,250,5.0" /></mjloggm>