<mjloggm ver="2.3"><GO type="225" lobby="0"/><UN n0="%E3%81%9F%E3%81%A3%E3%81%A1%E3%82%87" n1="%E9%81%85%E5%88%BB%E3%81%AE%E3%83%97%E3%83%AA%E3%83%B3%E3%82%B9%E2%99%AA" n2="%E3%83%B4%E3%83%A0%EF%BC%99%E3%81%A6" n3="%E6%A1%9C%E8%8A%B1%E9%96%83%E3%80%85" dan="16,16,17,18" rate="2093.76,2174.32,2194.77,2213.13" sx="M,F,M,M"/><TAIKYOKU oya="0"/><INIT seed="0,0,0,4,1,0" ten="250,250,250,250" oya="0" hai0="83,10,111,94,61,82,86,41,2,95,49,75,50" hai1="125,108,15,116,40,97,74,128,9,77,96,109,104" hai2="129,35,106,110,68,100,32,47,45,30,79,14,29" hai3="27,38,122,70,88,105,1,39,81,69,119,48,25"/><T64/><D75/><U107/><E116/><V34/><F68/><W113/><G119/><T87/><D111/><N who="1" m="42571" /><E125/><V51/><F110/><W43/><G113/><T114/><D114/><U112/><E112/><V117/><F117/><W126/><G105/><N who="1" m="40522" /><E128/><V52/><F129/><W54/><G1/><T127/><D127/><U8/><E40/><V46/><F79/><W20/><G25/><T133/><D133/><U76/><E74/><V84/><F84/><N who="0" m="32298" /><D2/><U72/><E72/><V131/><F131/><W18/><G88/><T118/><D118/><U67/><E67/><V62/><F62/><W55/><G81/><N who="0" m="30731" /><D41/><U63/><E63/><V6/><F106/><W103/><G43/><T90/><D90/><U135/><E135/><V121/><F100/><W33/><G126/><T19/><D64/><U60/><E60/><V92/><F92/><N who="0" m="35370" /><D61/><U5/><E9/><V36/><F51/><W102/><G48/><T66/><D66/><U12/><E12/><AGARI ba="0,0" hai="10,12,19,49,50" m="35370,30731,32298" machi="12" ten="30,1500,0" yaku="8,1" doraHai="0" who="0" fromWho="1" sc="250,15,250,-15,250,0,250,0" /><INIT seed="0,1,0,3,2,130" ten="265,235,250,250" oya="0" hai0="7,66,86,105,77,62,53,59,108,19,46,34,35" hai1="16,116,29,33,63,55,121,11,92,112,1,111,37" hai2="103,97,8,102,128,36,113,120,42,71,70,123,32" hai3="119,24,101,43,52,89,94,125,100,79,5,45,12"/><T109/><D105/><U107/><E107/><V106/><F128/><W83/><G119/><T73/><D73/><U129/><E116/><V47/><F113/><W118/><G125/><T2/><D2/><U31/><E129/><V27/><F102/><W38/><G24/><T67/><D7/><U114/><E37/><V9/><F9/><W75/><G118/><T131/><D131/><U80/><E121/><N who="2" m="46667" /><F8/><W69/><G69/><T96/><D96/><U65/><E111/><N who="0" m="42569" /><D19/><U61/><E80/><V85/><F85/><W44/><G12/><T4/><D4/><U78/><E78/><V99/><F99/><W57/><G45/><T28/><D28/><AGARI ba="1,0" hai="27,28,32,36,42,47,70,71,97,103,106" m="46667" machi="28" ten="30,1000,0" yaku="23,1" doraHai="130" who="2" fromWho="0" sc="265,-13,235,0,250,13,250,0" /><INIT seed="1,0,0,5,2,94" ten="252,235,263,250" oya="1" hai0="95,135,22,114,133,104,119,120,82,131,36,105,69" hai1="127,6,71,74,88,27,59,51,57,79,0,25,38" hai2="45,28,91,14,68,20,10,109,41,21,89,61,75" hai3="26,24,99,56,8,1,103,107,48,84,87,124,117"/><U5/><E38/><V31/><F75/><W42/><G124/><T129/><D36/><U126/><E71/><V46/><F109/><W108/><G108/><T70/><D22/><U134/><E134/><N who="0" m="51209" /><D82/><U4/><E0/><V128/><F128/><N who="0" m="49226" /><D95/><U78/><E88/><V80/><F80/><W106/><G117/><T52/><D119/><U17/><E17/><V23/><F23/><W30/><G107/><N who="0" m="41035" /><D52/><U113/><E113/><V16/><F21/><W98/><G106/><T122/><D114/><U35/><E35/><V132/><F132/><W85/><G26/><N who="1" m="9738" /><E74/><V63/><F28/><W90/><G24/><T13/><D13/><U44/><E44/><V65/><F45/><W47/><G30/><T102/><D102/><U97/><E51/><V54/><F31/><W2/><G103/><T110/><D110/><U34/><E34/><V112/><F112/><W76/><G90/><T7/><D7/><U81/><E81/><V60/><F91/><W100/><G100/><T125/><D125/><N who="1" m="47627" /><E79/><V33/><F89/><W64/><G76/><T66/><D66/><U15/><E15/><V29/><F33/><W101/><G101/><T43/><D43/><U116/><E78/><V72/><F72/><W123/><G64/><T111/><D111/><U49/><E49/><N who="2" m="28983" /><F41/><W96/><G42/><T83/><D83/><U77/><E77/><V92/><F92/><W55/><G47/><T73/><D73/><U62/><E116/><V115/><F115/><W18/><G1/><T32/><D32/><U40/><E40/><V53/><F53/><W121/><G2/><T67/><D67/><RYUUKYOKU ba="0,0" sc="252,10,235,-30,263,10,250,10" hai0="69,70,120,122" hai2="10,14,16,20,29,60,61,63,65,68" hai3="8,18,48,55,56,84,85,87,96,98,99,121,123" /><INIT seed="2,1,0,4,0,45" ten="262,205,273,260" oya="2" hai0="75,76,73,10,85,110,17,132,0,55,62,35,90" hai1="3,9,27,16,122,72,69,59,86,114,96,13,43" hai2="48,50,54,123,49,23,37,7,11,79,89,130,99" hai3="4,52,127,1,22,6,20,83,133,120,78,5,81"/><V40/><F123/><W82/><G120/><T103/><D35/><U77/><E114/><V87/><F130/><W68/><G1/><T117/><D117/><U128/><E122/><V31/><F37/><W121/><G121/><T2/><D110/><U100/><E69/><V109/><F40/><W66/><G127/><T15/><D103/><U131/><E72/><V102/><F79/><W107/><G107/><T105/><D105/><U91/><E77/><V101/><F54/><W24/><G133/><T115/><D132/><U104/><E43/><V38/><F38/><W57/><G68/><T116/><D116/><U61/><E27/><N who="2" m="16895" /><F99/><W97/><G66/><T119/><D115/><U41/><E41/><V126/><F109/><W25/><G97/><T112/><D112/><U21/><E21/><N who="3" m="8298" /><G78/><T56/><D76/><U84/><E3/><V14/><F126/><W58/><G58/><T46/><D46/><U125/><E125/><V113/><F113/><W88/><G88/><T106/><D106/><U53/><REACH who="1" step="1"/><E86/><REACH who="1" ten="262,195,273,260" step="2"/><V74/><F74/><W70/><G70/><T44/><D73/><U36/><E36/><V19/><F7/><W95/><G25/><T39/><D119/><U71/><E71/><V67/><F67/><W8/><G24/><T29/><D75/><U108/><E108/><V118/><F118/><W32/><G32/><T33/><D33/><U94/><AGARI ba="1,1" hai="9,13,16,53,59,61,84,91,94,96,100,104,128,131" machi="94" ten="30,4000,0" yaku="1,1,0,1,54,1,53,0" doraHai="45" doraHaiUra="28" who="1" fromWho="1" sc="262,-11,195,53,273,-21,260,-11" /><INIT seed="3,0,0,1,4,89" ten="251,248,252,249" oya="3" hai0="92,45,5,97,116,20,35,115,72,91,118,14,29" hai1="98,108,87,12,84,122,22,1,32,74,110,80,133" hai2="38,125,23,16,114,129,95,107,126,81,40,102,131" hai3="13,25,8,105,63,9,121,77,26,55,18,51,53"/><W104/><G121/><T31/><D72/><U56/><E122/><V128/><F114/><W93/><G77/><T100/><D35/><U48/><E1/><V123/><F123/><W99/><G104/><T59/><D115/><U37/><E37/><V112/><F112/><W96/><G105/><T90/><D45/><U71/><E71/><V109/><F109/><N who="1" m="42089" /><E32/><V4/><F4/><W70/><G8/><N who="0" m="4367" /><D116/><U66/><E133/><V86/><F107/><W36/><G36/><T28/><D118/><U3/><E3/><V132/><F132/><W41/><G96/><T15/><D59/><U44/><E98/><N who="2" m="59743" /><F40/><W130/><G130/><T103/><D103/><U50/><E74/><V0/><F0/><W42/><G55/><T78/><D78/><N who="1" m="46103" /><E87/><V33/><F33/><W76/><G76/><T75/><D75/><U30/><E44/><V79/><F38/><W68/><G68/><T64/><D64/><U62/><E30/><V6/><F6/><W67/><G42/><T106/><D106/><U124/><E124/><V101/><F101/><W10/><G41/><T2/><D2/><U60/><E60/><V111/><F111/><W94/><G51/><T17/><AGARI ba="0,0" hai="15,17,20,28,29,31,90,91,92,97,100" m="4367" machi="17" ten="30,2000,0" yaku="8,1,52,1" doraHai="89" who="0" fromWho="0" sc="251,20,248,-5,252,-5,249,-10" /><INIT seed="4,0,0,1,2,6" ten="271,243,247,239" oya="0" hai0="100,79,123,12,80,46,75,102,14,134,43,61,66" hai1="18,8,91,63,86,92,90,107,16,19,45,98,20" hai2="70,31,133,93,9,106,64,110,95,54,73,30,89" hai3="24,125,62,76,60,2,42,84,56,59,118,35,23"/><T53/><D123/><U121/><E121/><V126/><F106/><W33/><G118/><T122/><D122/><U81/><E107/><V78/><F110/><W114/><G2/><T127/><D127/><U117/><E117/><V67/><F73/><W74/><G74/><T15/><D53/><U116/><E116/><V10/><F78/><W58/><G125/><T28/><D28/><N who="2" m="10794" /><F70/><W44/><G114/><T128/><D134/><U103/><E45/><V112/><F112/><W71/><G71/><T25/><D25/><N who="1" m="14471" /><E63/><N who="3" m="24106" /><G35/><T37/><REACH who="0" step="1"/><D128/><REACH who="0" ten="261,243,247,239" step="2"/><U111/><E111/><V69/><F126/><W17/><G33/><T11/><D11/><U49/><E8/><V104/><F9/><W94/><G76/><T4/><D4/><U55/><E103/><V39/><F10/><W119/><G119/><T108/><D108/><U52/><E55/><V47/><F54/><W36/><G36/><T51/><D51/><U41/><E41/><V109/><F133/><W101/><G42/><T21/><D21/><U135/><E135/><V113/><F109/><W5/><G5/><T7/><D7/><U50/><E50/><V124/><F124/><W97/><G44/><T26/><D26/><U57/><AGARI ba="0,1" hai="18,19,49,52,57,81,86,90,91,92,98" m="14471" machi="57" ten="30,4000,0" yaku="8,1,54,2" doraHai="6" who="1" fromWho="1" sc="261,-20,243,50,247,-10,239,-10" /><INIT seed="5,0,0,2,3,116" ten="241,293,237,229" oya="1" hai0="78,130,3,114,71,5,48,128,89,135,57,25,6" hai1="70,40,14,94,2,108,134,109,17,4,118,101,63" hai2="64,127,8,41,38,97,56,22,35,113,24,19,132" hai3="76,42,45,83,79,28,86,55,72,85,10,69,1"/><U104/><E118/><V67/><F127/><W59/><G69/><T87/><D71/><U95/><E134/><V21/><F132/><W29/><G1/><T129/><D135/><U82/><E40/><V32/><F113/><W77/><G10/><T65/><D3/><U100/><E104/><V39/><F8/><W102/><G102/><N who="1" m="39530" /><E82/><V52/><F41/><W92/><G92/><N who="0" m="54335" /><D114/><U84/><E84/><N who="3" m="32362" /><G72/><T112/><D112/><U117/><E4/><V133/><F133/><W74/><G74/><T11/><D78/><N who="3" m="19969" /><W115/><DORA hai="73" /><G83/><T111/><D11/><N who="1" m="6367" /><E2/><V103/><F38/><W0/><G0/><T107/><D107/><U13/><E13/><V68/><F39/><W54/><G115/><T98/><D111/><N who="1" m="42571" /><E117/><V27/><F68/><W36/><G36/><T88/><D128/><U81/><E81/><V60/><F32/><W125/><G125/><T120/><D129/><U58/><E70/><V106/><F35/><W93/><G93/><N who="0" m="56615" /><D130/><U96/><E96/><V49/><F106/><W16/><G16/><T80/><D5/><U43/><E43/><V47/><F97/><W126/><G126/><T131/><D6/><U53/><AGARI ba="0,0" hai="53,58,63,94,95" m="42571,6367,39530" machi="53" ten="30,1500,0" yaku="10,1" doraHai="116,73" who="1" fromWho="1" sc="241,-5,293,15,237,-5,229,-5" owari="236,3.6,308,40.8,232,-16.8,224,-27.6" /></mjloggm>