<mjloggm ver="2.3"><GO type="225" lobby="0"/><UN n0="%33%74%72%65%65" n1="%73%6C%69%63%6B%33%31%39" n2="%6D%69%6B%75%36%31%38" n3="%E6%97%A5%E6%9B%9C%E6%97%A5%E3%82%88%E3%82%8A%E3%81%AE%E4%BD%BF%E8%80%85" dan="16,16,16,18" rate="2095.80,2162.10,2080.64,2173.12" sx="F,M,M,M"/><TAIKYOKU oya="0"/><INIT seed="0,0,0,5,4,40" ten="250,250,250,250" oya="0" hai0="33,5,134,93,98,39,112,109,3,50,30,107,29" hai1="72,113,70,102,87,1,21,58,48,28,116,32,124" hai2="64,22,117,65,86,13,85,36,132,38,111,130,76" hai3="54,20,51,2,9,14,125,123,46,129,88,90,96"/><T108/><D112/><U91/><E116/><V118/><F111/><N who="0" m="42570" /><D39/><U52/><E1/><V49/><F132/><W61/><G125/><T44/><D107/><U133/><E72/><V23/><F130/><W7/><G129/><T55/><D134/><U19/><E70/><V45/><F49/><W79/><G123/><T95/><D33/><U84/><E133/><V35/><F13/><W8/><G79/><T81/><D81/><U47/><E124/><V73/><F76/><W120/><G120/><T43/><D43/><U94/><E113/><V10/><F10/><W106/><G20/><T62/><D62/><U82/><E32/><V60/><F35/><W0/><G61/><T4/><D93/><U41/><E28/><N who="0" m="10857" /><D3/><U42/><E58/><V104/><F60/><W59/><G59/><T53/><D53/><U31/><E31/><V67/><F67/><W74/><G0/><T101/><AGARI ba="0,0" hai="4,5,44,50,55,95,98,101" m="10857,42570" machi="101" ten="30,6000,0" yaku="14,1,10,1,52,1" doraHai="40" who="0" fromWho="0" sc="250,60,250,-20,250,-20,250,-20" /><INIT seed="0,1,0,2,2,103" ten="310,230,230,230" oya="0" hai0="82,91,72,126,83,52,133,135,0,94,123,98,17" hai1="88,102,115,15,37,7,3,47,19,22,64,67,27" hai2="104,134,59,129,92,79,90,118,1,25,36,38,33" hai3="106,75,31,53,132,89,44,71,58,5,78,109,54"/><T39/><D39/><U96/><E115/><V113/><F113/><W68/><G5/><T70/><D70/><U57/><E3/><V107/><F1/><W122/><G31/><T125/><D0/><U21/><E37/><V100/><F134/><N who="0" m="51210" /><D17/><U85/><E47/><V110/><F110/><W29/><G29/><T42/><D42/><U4/><E57/><V6/><F6/><N who="1" m="2089" /><E96/><V86/><F100/><W66/><G58/><T130/><D123/><U8/><E102/><V34/><F129/><W128/><G71/><T26/><D26/><U117/><E117/><V9/><F9/><W105/><G68/><T127/><D72/><U84/><E84/><V11/><F11/><W108/><G75/><T116/><D116/><U41/><E41/><V63/><F118/><W16/><G122/><T97/><D130/><U60/><E60/><V119/><F119/><W2/><G128/><T43/><D43/><U120/><E120/><V111/><F111/><W32/><G2/><T45/><D98/><U74/><E74/><V114/><F114/><W51/><G109/><T46/><D46/><U61/><E61/><V35/><F25/><W95/><G108/><T80/><D45/><U65/><E27/><V124/><F38/><W48/><G44/><T40/><D40/><U56/><E56/><V12/><F36/><W76/><G132/><T14/><D14/><U112/><E112/><V62/><F12/><W24/><G24/><T121/><D121/><U99/><E99/><N who="2" m="57751" /><F63/><W13/><G13/><T18/><D18/><U87/><E87/><V73/><F73/><W69/><G69/><RYUUKYOKU ba="1,0" sc="310,15,230,15,230,-15,230,-15" hai0="52,80,82,83,91,94,97,125,126,127" hai1="8,15,19,21,22,64,65,67,85,88" /><INIT seed="0,2,0,1,5,113" ten="325,245,215,215" oya="0" hai0="3,105,129,92,127,120,78,88,86,47,75,73,134" hai1="18,44,130,13,61,32,63,46,74,49,62,66,116" hai2="24,76,67,123,68,132,117,107,110,124,8,7,0" hai3="52,43,26,41,99,72,39,59,89,55,101,31,69"/><T108/><D3/><U4/><E74/><V12/><F123/><W112/><G112/><T48/><D120/><U100/><E32/><V95/><F107/><W80/><G69/><T16/><D134/><U65/><E130/><V14/><F132/><W119/><G119/><T50/><D129/><U40/><E116/><V30/><F110/><W102/><G39/><T28/><D105/><U9/><E100/><N who="3" m="38506" /><G72/><T5/><D5/><U58/><E46/><V2/><F117/><W79/><G79/><T70/><D28/><U19/><REACH who="1" step="1"/><E62/><REACH who="1" ten="325,235,215,215" step="2"/><V53/><F124/><W125/><G125/><T38/><D127/><U87/><E87/><V54/><F2/><W85/><G99/><T81/><D73/><U111/><E111/><V133/><F133/><W51/><G55/><N who="2" m="21001" /><F0/><W121/><G121/><T21/><D108/><U131/><E131/><V83/><F67/><W45/><G45/><T118/><D118/><U20/><E20/><AGARI ba="2,1" hai="20,26,31,41,43,51,52,59,80,85,89" m="38506" machi="20" ten="30,2000,0" yaku="8,1,54,1" doraHai="113" who="3" fromWho="1" sc="325,0,235,-26,215,0,215,36" /><INIT seed="1,0,0,1,2,17" ten="325,209,215,251" oya="1" hai0="34,56,2,58,26,57,104,67,33,106,39,117,91" hai1="84,7,12,133,3,40,27,41,86,64,95,96,116" hai2="121,129,88,46,13,1,52,16,72,128,132,25,82" hai3="43,30,23,65,89,20,90,6,87,32,111,73,110"/><U77/><E116/><V18/><F121/><W74/><G43/><N who="1" m="16458" /><E3/><V63/><F1/><W103/><G65/><T69/><D39/><U93/><E133/><V114/><F132/><W125/><G103/><T50/><D2/><U70/><E70/><V37/><F37/><W21/><G6/><T76/><D33/><U92/><E64/><V10/><F114/><W94/><G125/><T66/><D76/><U55/><E27/><V19/><F72/><W53/><G53/><T11/><D34/><U14/><E55/><V78/><F78/><W112/><G89/><T100/><D26/><U24/><E24/><V101/><F101/><W29/><G112/><T31/><D69/><U120/><E120/><V59/><F46/><W62/><G62/><T83/><D67/><U135/><E135/><V107/><F107/><W79/><G32/><T85/><D106/><U60/><E60/><V98/><F25/><W54/><G54/><T5/><D66/><U99/><E7/><V9/><F9/><W68/><G68/><T0/><D117/><U123/><E123/><V119/><F119/><W15/><G15/><N who="1" m="5674" /><E77/><V44/><F44/><W113/><G113/><T45/><D31/><N who="3" m="11785" /><G79/><T130/><D104/><U81/><E81/><V109/><F82/><W131/><G131/><N who="2" m="50249" /><F109/><AGARI ba="0,0" hai="20,21,23,73,74,87,90,94,109,110,111" m="11785" machi="109" ten="30,7700,0" yaku="14,1,52,3" doraHai="17" who="3" fromWho="2" sc="325,0,209,0,215,-77,251,77" /><INIT seed="2,0,0,4,1,105" ten="325,209,138,328" oya="2" hai0="55,99,12,8,69,72,75,107,112,40,24,119,113" hai1="78,7,46,15,109,76,49,131,100,94,44,108,36" hai2="127,97,90,83,17,1,81,45,126,33,28,96,13" hai3="48,92,120,79,58,102,27,51,50,65,39,26,125"/><V89/><F1/><W62/><G120/><T71/><D40/><N who="1" m="22535" /><E131/><V106/><F33/><W66/><G39/><T2/><D55/><U18/><E7/><V101/><F28/><W80/><G125/><N who="2" m="47625" /><F45/><W10/><G10/><T115/><D119/><U98/><E49/><V32/><F32/><W19/><G66/><T9/><D24/><U25/><E46/><V53/><F53/><W132/><G132/><T87/><D87/><U84/><E25/><V52/><F52/><W104/><G104/><T43/><D43/><U0/><E0/><V70/><F70/><N who="0" m="26634" /><D9/><N who="1" m="6511" /><E84/><N who="2" m="50319" /><F13/><W42/><G42/><T29/><D12/><U91/><E100/><V123/><F17/><W54/><G19/><T63/><D29/><U22/><E22/><V37/><F37/><W130/><G54/><T21/><D21/><U128/><E128/><V111/><F123/><W23/><G130/><T133/><D63/><U82/><E82/><V118/><F118/><W134/><G23/><T57/><D57/><U47/><E47/><V38/><F38/><W121/><G121/><T135/><D8/><U30/><E30/><V34/><F34/><W41/><G41/><T114/><D2/><U20/><E20/><V67/><F67/><W86/><G26/><T95/><D114/><U35/><E35/><V68/><F68/><W74/><G27/><T103/><D113/><U129/><E129/><V11/><F11/><W73/><G65/><T3/><D3/><U14/><E14/><V64/><F64/><W60/><G62/><T56/><D112/><U122/><E122/><V124/><N who="2" m="47633" /><V77/><DORA hai="110" /><F106/><RYUUKYOKU ba="0,0" sc="325,-10,209,30,138,-10,328,-10" hai1="76,78,91,94,98,108,109" /><INIT seed="3,1,0,1,4,124" ten="315,239,128,318" oya="3" hai0="41,129,5,37,30,105,77,6,57,116,65,15,16" hai1="98,80,72,108,67,66,13,8,85,78,46,69,90" hai2="93,55,87,35,3,0,127,20,52,32,28,89,126" hai3="1,38,43,115,56,95,50,42,121,79,132,25,34"/><W100/><G115/><T119/><D105/><U11/><E108/><V36/><F36/><W10/><G121/><T73/><D129/><U109/><E109/><V71/><F71/><W7/><G38/><T60/><D30/><U68/><E69/><V82/><F20/><W131/><G131/><T70/><D57/><U122/><E122/><V123/><F123/><W61/><G132/><T2/><D2/><U83/><E68/><V18/><F18/><W110/><G110/><T96/><D96/><U135/><E135/><V33/><F28/><W84/><G50/><T24/><D24/><U9/><E13/><V62/><F82/><W59/><G59/><T45/><D77/><U14/><E14/><V94/><F62/><W114/><G114/><T40/><D40/><U120/><E120/><V64/><F64/><W134/><G134/><T31/><D73/><U86/><E72/><V92/><F89/><N who="3" m="53671" /><G100/><T130/><D31/><U51/><REACH who="1" step="1"/><E98/><REACH who="1" ten="315,229,128,318" step="2"/><V26/><F26/><W21/><G1/><N who="2" m="585" /><F87/><W111/><G111/><T128/><D128/><U74/><E74/><V27/><F27/><W91/><G25/><T104/><D130/><U103/><E103/><V75/><F75/><W19/><G34/><N who="2" m="8705" /><V102/><DORA hai="117" /><F102/><W17/><G17/><T81/><D16/><U113/><E113/><V29/><F29/><W39/><G19/><T47/><D70/><U48/><E48/><V88/><F88/><W54/><G91/><T101/><D101/><U22/><E22/><V125/><AGARI ba="1,1" hai="52,55,92,93,94,125,126,127" m="8705,585" machi="125" ten="60,8000,1" yaku="28,2,18,1,54,1" doraHai="124,117" who="2" fromWho="2" sc="315,-21,229,-21,128,93,318,-41" /><INIT seed="4,0,0,1,2,25" ten="294,208,221,277" oya="0" hai0="11,98,31,6,103,29,70,37,15,53,79,42,26" hai1="38,49,126,115,102,123,127,2,3,71,110,5,23" hai2="43,125,120,118,56,7,36,83,44,54,116,32,65" hai3="86,107,78,27,84,72,92,61,129,13,45,63,96"/><T39/><D70/><U85/><E110/><V88/><F120/><W101/><G129/><T77/><D39/><U22/><E38/><V30/><F125/><N who="1" m="47625" /><E123/><V75/><F65/><W48/><G13/><T90/><D37/><U94/><E71/><V95/><F7/><W134/><G134/><T132/><D132/><U74/><E74/><V58/><F58/><W104/><G104/><T87/><D42/><U9/><E115/><V122/><F122/><W68/><G68/><T57/><D98/><N who="1" m="59735" /><E2/><V100/><F100/><W128/><G128/><T82/><D103/><U34/><E34/><V1/><F1/><W46/><G72/><T62/><D29/><U19/><E19/><V21/><F32/><AGARI ba="0,0" hai="6,11,15,26,31,32,53,57,62,77,79,82,87,90" machi="32" ten="30,2900,0" yaku="7,1,52,1" doraHai="25" who="0" fromWho="2" sc="294,29,208,0,221,-29,277,0" owari="323,42.3,208,-19.2,192,-30.8,277,7.7" /></mjloggm>