<mjloggm ver="2.3"><GO type="225" lobby="0"/><UN n0="%E3%81%B6%E3%82%8B%E3%82%8B%E3%81%B6%E3%81%B6" n1="%E3%81%B2%E3%81%AA%E3%81%AE%E3%82%8A%E3%81%8F" n2="%6D%75%75%6D%75%72%61" n3="%72%61%6B%33" dan="16,17,16,18" rate="2057.94,2198.96,2128.28,2244.63" sx="M,M,F,M"/><TAIKYOKU oya="0"/><INIT seed="0,0,0,1,2,7" ten="250,250,250,250" oya="0" hai0="20,116,130,84,115,128,8,82,78,107,74,134,15" hai1="88,55,61,133,98,53,66,40,83,46,41,51,100" hai2="126,32,10,30,135,27,67,108,119,31,103,11,52" hai3="80,121,68,101,24,23,132,60,16,65,72,19,44"/><T75/><D116/><U1/><E133/><V37/><F135/><W48/><G132/><T4/><D134/><U0/><E0/><V33/><F37/><W112/><G121/><T125/><D115/><U123/><E123/><V2/><F119/><W38/><G112/><T109/><D107/><U69/><E1/><V17/><F67/><W114/><G38/><T9/><D125/><U36/><E41/><V91/><F108/><W95/><G114/><T63/><D109/><U94/><REACH who="1" step="1"/><E36/><REACH who="1" ten="250,240,250,250" step="2"/><V127/><F2/><W58/><G68/><T106/><D128/><U93/><E93/><V25/><F126/><W54/><G80/><T18/><D130/><U6/><E6/><V28/><F127/><W122/><G122/><T87/><D106/><U90/><E90/><V49/><F91/><W89/><G72/><T39/><D39/><U111/><E111/><V5/><F5/><W43/><G101/><T13/><D75/><U120/><E120/><V77/><F103/><W34/><G34/><T113/><D113/><U57/><E57/><V29/><F77/><W14/><G43/><T22/><REACH who="0" step="1"/><D63/><REACH who="0" ten="240,240,250,250" step="2"/><U21/><E21/><AGARI ba="0,2" hai="4,8,9,13,15,18,20,21,22,74,78,82,84,87" machi="21" ten="40,12000,1" yaku="1,1,2,1,52,2,53,0" doraHai="7" doraHaiUra="26" who="0" fromWho="1" sc="240,140,240,-120,250,0,250,0" /><INIT seed="0,1,0,1,2,133" ten="380,120,250,250" oya="0" hai0="119,29,43,85,100,19,111,12,13,41,93,135,84" hai1="44,94,56,30,88,59,15,4,70,7,82,128,5" hai2="53,115,61,10,134,28,109,89,108,131,62,35,34" hai3="78,126,49,37,76,75,73,114,42,92,130,45,36"/><T97/><D119/><U27/><E70/><V14/><F115/><W48/><G92/><T79/><D135/><U96/><E128/><V104/><F134/><W81/><G130/><T110/><D29/><U8/><E44/><V20/><F131/><W47/><G114/><T132/><D132/><U77/><E7/><V91/><F104/><W124/><G81/><N who="0" m="47167" /><D85/><U50/><E50/><V17/><F10/><W39/><G39/><T95/><D95/><U6/><E6/><V65/><F53/><W54/><G54/><T107/><D107/><U64/><E64/><V117/><F117/><W1/><G1/><T40/><D19/><U33/><REACH who="1" step="1"/><E5/><REACH who="1" ten="380,110,250,250" step="2"/><V87/><F65/><W52/><G52/><T18/><D18/><U90/><E90/><V46/><F89/><W122/><REACH who="3" step="1"/><G122/><REACH who="3" ten="380,110,250,240" step="2"/><T21/><D40/><AGARI ba="1,2" hai="36,37,40,42,45,47,48,49,73,75,76,78,124,126" machi="40" ten="25,12000,2" yaku="1,1,2,1,22,2,52,2,53,0" doraHai="133" doraHaiUra="51" who="3" fromWho="0" sc="380,-123,110,0,250,0,240,143" /><INIT seed="1,0,0,3,2,1" ten="257,110,250,383" oya="1" hai0="71,94,65,132,115,9,130,24,53,104,78,83,112" hai1="16,81,131,114,75,88,4,125,38,30,110,35,44" hai2="26,33,73,48,57,80,93,116,99,107,127,42,0" hai3="77,129,63,96,109,14,102,87,31,98,51,13,74"/><U128/><E114/><V95/><F116/><W15/><G109/><T2/><D94/><U47/><E35/><V72/><F0/><W28/><G129/><N who="1" m="49738" /><E30/><V62/><F127/><W43/><G74/><T39/><D130/><U100/><E125/><V41/><F107/><W121/><G121/><T91/><D132/><U17/><E100/><V56/><F33/><W46/><G63/><T18/><D115/><U89/><E110/><V135/><F135/><W49/><G49/><T59/><D104/><U84/><E75/><V124/><F124/><W32/><G32/><T34/><D34/><U134/><E134/><V58/><F26/><W68/><G68/><T55/><D71/><U70/><E70/><V5/><F62/><W40/><G40/><T45/><D24/><U118/><E118/><V6/><F58/><W25/><G25/><T119/><D59/><U123/><E123/><V133/><F133/><W97/><G102/><T64/><D112/><U105/><E105/><V20/><F48/><W66/><G66/><T12/><D65/><U101/><E101/><V7/><F57/><W82/><AGARI ba="0,0" hai="13,14,15,28,31,43,46,51,77,82,87,96,97,98" machi="82" ten="40,2700,0" yaku="0,1,8,1" doraHai="1" who="3" fromWho="3" sc="257,-7,110,-13,250,-7,383,27" /><INIT seed="2,0,0,1,4,126" ten="250,97,243,410" oya="2" hai0="122,29,30,20,48,54,102,101,111,103,120,65,8" hai1="14,124,87,125,2,27,73,106,134,28,78,7,49" hai2="47,77,4,46,95,5,118,32,80,0,121,42,33" hai3="56,19,82,35,83,89,108,107,92,9,135,12,53"/><V64/><F118/><W52/><G107/><T44/><D111/><U21/><E106/><V76/><F121/><W18/><G135/><T39/><D39/><U94/><E134/><V112/><F112/><W129/><G129/><T130/><D130/><U25/><E73/><V115/><F115/><W3/><G3/><T93/><D93/><U70/><E70/><V45/><F42/><W75/><G35/><T31/><D8/><U60/><E60/><V34/><F0/><W43/><G43/><T37/><D37/><U71/><E71/><V98/><F64/><W57/><G75/><T36/><D36/><U86/><E2/><V10/><F10/><W104/><G104/><T132/><D132/><U85/><E78/><V17/><F17/><W105/><G105/><T119/><D119/><U113/><E113/><V26/><F26/><W55/><G19/><T127/><D127/><N who="1" m="48715" /><E27/><V41/><F41/><W15/><G15/><T128/><D128/><U90/><E49/><V79/><F80/><N who="3" m="30763" /><G108/><T97/><D20/><U116/><E116/><V96/><F95/><W72/><G72/><T23/><D23/><U50/><E50/><V69/><F69/><W109/><G109/><T51/><D48/><U117/><E117/><V24/><F24/><W88/><G89/><T38/><D38/><U68/><E68/><V16/><F16/><W114/><G114/><T67/><REACH who="0" step="1"/><D97/><AGARI ba="0,0" hai="4,5,32,33,34,45,46,47,76,77,79,96,97,98" machi="97" ten="50,12000,1" yaku="29,2,28,2" doraHai="126" who="2" fromWho="0" sc="250,-120,97,0,243,120,410,0" /><AGARI ba="0,0" hai="9,12,18,52,53,55,56,57,88,92,97" m="30763" machi="97" ten="30,3900,0" yaku="8,1,54,2" doraHai="126" who="3" fromWho="0" sc="130,-39,97,0,363,0,410,39" /><INIT seed="2,1,0,4,5,60" ten="91,97,363,449" oya="2" hai0="66,116,18,105,10,41,93,34,37,54,1,8,98" hai1="118,31,121,17,126,87,107,134,101,78,85,21,16" hai2="111,46,117,56,131,119,115,43,91,113,2,50,12" hai3="109,99,9,100,52,13,64,55,125,122,23,11,49"/><V71/><F2/><W26/><G122/><T112/><D112/><N who="2" m="43082" /><F91/><W19/><G109/><T133/><D105/><U135/><E118/><N who="2" m="45067" /><F12/><W45/><G125/><T47/><D116/><U44/><E126/><V82/><F82/><W58/><G64/><T38/><D133/><N who="1" m="50699" /><E121/><V89/><F89/><W15/><G15/><T75/><D75/><U88/><E31/><V77/><F77/><W51/><G13/><T124/><D54/><U28/><E78/><V103/><F103/><W68/><G68/><T40/><D124/><U114/><E114/><V108/><F71/><W48/><REACH who="3" step="1"/><G51/><REACH who="3" ten="91,97,363,439" step="2"/><T3/><D1/><U120/><E120/><V36/><F131/><W123/><G123/><T80/><D3/><U69/><E69/><V5/><F5/><W63/><G63/><T86/><D10/><U104/><E28/><V110/><F56/><W62/><G62/><T7/><D8/><U53/><E17/><V132/><F132/><W97/><G97/><T106/><D7/><U128/><E128/><V73/><F73/><W92/><AGARI ba="1,1" hai="9,11,19,23,26,45,48,49,52,55,58,92,99,100" machi="92" ten="20,8000,1" yaku="1,1,0,1,7,1,8,1,54,1,53,0" doraHai="60" doraHaiUra="72" who="3" fromWho="3" sc="91,-21,97,-21,363,-41,439,93" /><INIT seed="3,0,0,2,1,128" ten="70,76,322,532" oya="3" hai0="88,111,16,116,72,130,29,108,56,1,48,69,50" hai1="68,118,105,131,93,92,86,76,14,63,96,47,91" hai2="18,113,123,126,8,119,90,17,74,35,135,87,124" hai3="53,79,89,24,59,85,58,84,34,49,134,7,70"/><W133/><G70/><T22/><D130/><U95/><E131/><V51/><F74/><W125/><G125/><T117/><D69/><U43/><E118/><N who="0" m="45673" /><D1/><U40/><E76/><V97/><F97/><W10/><G79/><T44/><D72/><U2/><E2/><V5/><F51/><W64/><G34/><T20/><D88/><U73/><E73/><V45/><F45/><W55/><G24/><N who="0" m="16519" /><D56/><U106/><E43/><V101/><F101/><W11/><G64/><T33/><D33/><U32/><E32/><V71/><F71/><W4/><G89/><T39/><D39/><U61/><E14/><V15/><F90/><W27/><G27/><N who="0" m="14791" /><D44/><U54/><E54/><V127/><F87/><W21/><G21/><T6/><D6/><U129/><E129/><V28/><F119/><W99/><G49/><T0/><D0/><U120/><E120/><V114/><F123/><W9/><G9/><T100/><D100/><N who="1" m="62599" /><E106/><V23/><F114/><W82/><G99/><T104/><D104/><U26/><E26/><V122/><F113/><W132/><G132/><T102/><D102/><U42/><E42/><V38/><F38/><W12/><G12/><T3/><D3/><U62/><E68/><V107/><F107/><W37/><G37/><T13/><D13/><U30/><E30/><V78/><F78/><W52/><G55/><T83/><D83/><AGARI ba="0,0" hai="4,7,10,11,52,53,58,59,82,83,84,85,133,134" machi="83" ten="25,12000,1" yaku="22,2,52,2,54,1" doraHai="128" who="3" fromWho="0" sc="70,-120,76,0,322,0,532,120" owari="-50,-55.0,76,-32.4,322,12.2,652,75.2" /></mjloggm>