<mjloggm ver="2.3"><GO type="225" lobby="0"/><UN n0="%E3%82%B7%E3%83%B3%E5%A4%AA%E6%9C%97" n1="%E6%B8%A9%E2%98%85%E6%83%85%E2%98%85%E6%8E%AA%E2%98%85%E7%BD%AE" n2="%66%67%67%68%68%64%66" n3="%E3%81%B5%E3%81%98%E3%81%8B%E3%81%A4" dan="16,17,16,16" rate="2141.46,2201.21,2097.36,2172.97" sx="M,M,M,M"/><TAIKYOKU oya="0"/><INIT seed="0,0,0,0,4,64" ten="250,250,250,250" oya="0" hai0="133,15,29,34,135,88,94,124,23,48,32,131,104" hai1="26,31,77,41,120,60,86,113,116,123,40,67,103" hai2="11,2,109,100,7,101,37,118,55,59,83,12,14" hai3="122,69,92,99,108,111,17,84,114,45,95,128,62"/><T25/><D104/><U27/><E116/><V36/><F109/><N who="3" m="42059" /><G114/><T80/><D131/><U102/><E113/><V24/><F118/><W58/><G128/><T5/><D124/><U97/><E26/><V89/><F36/><W38/><G122/><T129/><D129/><U3/><E3/><V74/><F37/><W8/><G84/><T106/><D106/><U1/><E1/><V117/><F117/><W21/><G8/><N who="0" m="4495" /><D80/><U115/><E103/><V126/><F126/><W132/><G132/><N who="0" m="50763" /><D48/><U90/><E115/><V50/><F74/><W47/><G38/><T42/><D42/><U70/><E77/><V78/><F78/><W61/><G92/><T82/><D82/><U6/><E123/><V52/><F83/><W121/><G62/><T76/><D76/><U105/><E120/><V127/><F127/><W51/><G51/><T22/><D32/><N who="1" m="20607" /><E6/><V30/><F7/><W107/><G107/><T119/><D119/><U72/><E72/><V49/><F50/><W87/><G121/><T57/><D57/><U56/><E56/><V44/><F59/><W66/><G58/><T81/><D81/><AGARI ba="0,0" hai="40,41,60,67,70,81,86,90,97,102,105" m="20607" machi="81" ten="30,2000,0" yaku="25,1,52,1" doraHai="64" who="1" fromWho="0" sc="250,-20,250,20,250,0,250,0" /><INIT seed="1,0,0,0,5,59" ten="230,270,250,250" oya="1" hai0="51,128,61,15,25,70,105,40,75,27,89,127,31" hai1="4,96,37,104,94,87,52,38,46,106,107,97,126" hai2="9,69,130,48,95,78,14,1,3,26,79,36,103" hai3="19,93,29,123,55,99,76,74,16,118,109,110,33"/><U101/><E126/><V120/><F36/><W45/><G123/><T83/><D127/><U20/><E4/><V73/><F120/><W13/><G118/><T85/><D128/><U67/><E67/><V2/><F69/><W112/><G112/><T64/><D75/><U0/><E0/><V80/><F130/><W11/><G76/><T122/><D122/><U84/><E20/><V121/><F121/><W77/><G33/><T65/><D65/><U100/><E37/><V115/><F115/><W88/><G29/><T24/><D105/><U17/><E17/><V135/><F135/><W68/><G68/><T66/><D66/><U113/><E113/><V7/><F79/><W86/><G74/><T23/><REACH who="0" step="1"/><D15/><REACH who="0" ten="220,270,250,250" step="2"/><U91/><E107/><V22/><F14/><N who="3" m="7263" /><G110/><T34/><D34/><U58/><E106/><V133/><F133/><W102/><G109/><T119/><D119/><U131/><E131/><V35/><F35/><W81/><G13/><T114/><D114/><U39/><E104/><V63/><F1/><W125/><G125/><T6/><D6/><U90/><E39/><V47/><F2/><W134/><G134/><T50/><D50/><N who="1" m="30999" /><E38/><V82/><F73/><W92/><G19/><T56/><D56/><U60/><E46/><AGARI ba="0,1" hai="23,24,25,27,31,40,46,51,61,64,70,83,85,89" machi="46" ten="40,2600,0" yaku="1,1,52,1,53,0" doraHai="59" doraHaiUra="71" who="0" fromWho="1" sc="220,36,270,-26,250,0,250,0" /><INIT seed="2,0,0,1,0,41" ten="256,244,250,250" oya="2" hai0="55,60,122,32,46,15,131,102,96,87,76,133,65" hai1="99,74,22,123,9,24,114,79,119,115,0,43,37" hai2="98,10,57,34,110,48,89,64,30,16,68,94,118" hai3="63,59,135,36,38,69,103,71,117,127,134,81,53"/><V95/><F118/><W45/><G103/><T42/><D133/><N who="3" m="50697" /><G81/><T13/><D131/><U40/><E119/><V101/><F68/><N who="3" m="26187" /><G117/><T108/><D32/><U83/><E43/><V12/><F110/><W52/><G127/><T58/><D108/><U86/><E99/><V125/><F125/><W112/><G112/><T109/><D109/><U130/><E86/><V27/><F48/><AGARI ba="0,0" hai="36,38,45,48,52,53,59,63" m="26187,50697" machi="48" ten="30,8000,1" yaku="20,1,34,2,52,1,54,1" doraHai="41" who="3" fromWho="2" sc="256,0,244,0,250,-80,250,80" /><INIT seed="3,0,0,2,1,101" ten="256,244,170,330" oya="3" hai0="57,93,34,135,3,41,116,70,4,106,72,123,86" hai1="48,77,8,1,49,118,92,32,69,108,29,28,95" hai2="71,47,55,109,112,19,98,60,80,90,127,128,84" hai3="113,31,87,35,74,79,122,66,59,120,91,110,75"/><W78/><G66/><T111/><RYUUKYOKU type="yao9" ba="0,0" sc="256,0,244,0,170,0,330,0" hai0="3,4,34,41,57,70,72,86,93,106,111,116,123,135" /><INIT seed="3,1,0,2,2,127" ten="256,244,170,330" oya="3" hai0="57,80,28,44,88,111,10,78,90,102,89,83,105" hai1="128,48,23,32,82,86,16,42,25,63,41,134,114" hai2="79,67,94,85,22,117,58,7,101,120,71,110,9" hai3="87,133,31,2,33,113,72,93,4,99,61,46,96"/><W132/><G72/><T68/><D68/><U119/><E114/><V77/><F110/><W115/><G61/><T69/><D111/><U26/><E134/><V97/><F117/><W100/><G46/><T50/><D69/><U8/><E119/><V70/><F120/><W129/><G129/><T6/><D28/><U64/><E128/><V12/><F71/><W3/><G31/><T21/><D21/><N who="1" m="13479" /><E32/><V29/><F70/><W130/><G33/><T24/><D24/><U52/><E8/><V39/><F39/><W37/><G130/><T98/><D57/><N who="1" m="36975" /><E23/><V14/><F85/><W112/><G87/><T121/><D121/><U1/><E26/><V38/><F38/><W73/><G73/><T54/><REACH who="0" step="1"/><D78/><REACH who="0" ten="246,244,170,330" step="2"/><N who="1" m="46423" /><E1/><AGARI ba="1,1" hai="1,6,10,44,50,54,80,83,88,89,90,98,102,105" machi="1" ten="40,2600,0" yaku="1,1,54,1,53,0" doraHai="127" doraHaiUra="60" who="0" fromWho="1" sc="246,39,244,-29,170,0,330,0" owari="285,8.5,215,-18.5,170,-33.0,330,43.0" /></mjloggm>