<mjloggm ver="2.3"><GO type="225" lobby="0"/><UN n0="%E2%98%86%E5%AD%AB%E7%87%95%E5%A7%BF%E2%98%86" n1="%E3%83%AC%E3%82%A4%E3%83%88%E3%83%B3%E5%87%86%E6%95%99%E6%8E%88" n2="%E3%83%97%E3%83%92" n3="%E7%99%BD%E6%97%A5%E9%9B%AA%E8%8F%9C" dan="16,19,16,16" rate="2169.24,2285.30,2154.38,2196.55" sx="M,M,M,M"/><TAIKYOKU oya="0"/><INIT seed="0,0,0,0,5,122" ten="250,250,250,250" oya="0" hai0="15,103,118,22,85,35,81,11,36,131,134,115,40" hai1="135,46,1,71,101,77,28,58,126,86,75,124,121" hai2="108,53,44,112,10,68,49,130,26,79,99,72,55" hai3="33,105,100,120,59,96,31,63,34,57,43,8,133"/><T52/><D115/><U2/><E121/><V30/><F112/><W12/><G120/><T4/><D35/><U38/><E71/><V61/><F130/><W76/><G133/><T37/><D118/><U3/><E135/><V45/><F72/><W89/><G76/><T107/><D134/><U84/><E101/><V125/><F79/><W117/><G117/><T78/><D131/><U56/><E28/><V42/><F125/><N who="1" m="48233" /><E75/><V27/><F27/><W82/><G43/><T128/><D128/><U21/><E21/><V70/><F10/><W0/><G0/><T109/><D109/><U83/><E86/><V92/><F108/><W39/><G39/><T97/><D40/><AGARI ba="0,0" hai="1,2,3,38,40,46,56,58,77,83,84" m="48233" machi="40" ten="40,1300,0" yaku="18,1" doraHai="122" who="1" fromWho="0" sc="250,-13,250,13,250,0,250,0" /><INIT seed="1,0,0,2,5,111" ten="237,263,250,250" oya="1" hai0="53,55,72,26,78,89,86,77,49,129,35,126,63" hai1="39,50,91,64,8,17,60,1,109,73,121,6,27" hai2="29,85,41,81,52,120,10,123,14,30,127,98,16" hai3="38,93,102,116,57,61,28,44,74,100,106,66,135"/><U125/><E39/><V131/><F127/><W51/><G74/><T99/><D72/><U45/><E121/><V132/><F131/><W34/><G135/><T108/><D108/><U130/><E109/><V97/><F132/><W46/><G106/><T90/><D126/><U133/><E133/><V112/><F41/><W124/><G124/><T3/><D3/><U71/><E125/><V83/><F120/><W37/><G116/><T21/><D35/><U59/><E73/><V13/><F123/><W68/><G46/><T101/><D63/><U4/><E4/><V18/><F112/><W113/><G113/><T114/><D129/><U96/><E71/><V103/><F103/><W9/><G9/><T62/><D62/><U105/><E130/><V15/><F15/><W87/><G102/><T31/><D55/><U36/><E36/><V115/><F115/><W104/><G57/><T69/><D69/><U19/><E27/><V134/><F134/><W110/><G87/><T5/><D5/><U25/><E25/><V11/><F85/><W22/><G110/><T40/><D40/><U32/><E32/><V94/><F94/><W79/><G93/><N who="0" m="58607" /><D114/><U12/><E1/><V56/><F56/><W84/><G34/><T70/><D70/><U33/><E33/><V117/><F117/><W65/><G68/><T0/><D0/><U122/><E122/><V54/><AGARI ba="0,0" hai="10,11,13,14,16,18,29,30,52,54,81,83,97,98" machi="54" ten="25,12000,2" yaku="0,1,22,2,8,1,54,2" doraHai="111" who="2" fromWho="2" sc="237,-30,263,-60,250,120,250,-30" /><INIT seed="2,0,0,5,3,92" ten="207,203,370,220" oya="2" hai0="84,68,117,50,69,35,63,55,102,76,83,91,3" hai1="125,99,79,34,71,29,10,7,121,98,120,40,96" hai2="78,113,134,123,132,80,103,119,88,25,82,16,46" hai3="59,105,100,53,104,49,45,13,135,67,115,11,130"/><V110/><F113/><W12/><G130/><T39/><D39/><U61/><E125/><V133/><F119/><W62/><G135/><T126/><D126/><U28/><E40/><V8/><F123/><N who="1" m="47177" /><E34/><V97/><F110/><W2/><G115/><T20/><D35/><U122/><N who="1" m="47185" /><U129/><DORA hai="54" /><E129/><V77/><F46/><W128/><G128/><T66/><D117/><U36/><E36/><V44/><F44/><W52/><G2/><T18/><D3/><N who="1" m="383" /><E79/><N who="2" m="30219" /><F103/><W60/><G100/><T101/><D68/><U81/><E81/><V85/><F80/><W41/><G13/><T87/><D87/><U70/><E70/><V109/><F109/><W86/><G86/><T75/><D76/><U22/><E22/><N who="2" m="13511" /><F8/><W93/><G93/><T21/><D75/><U23/><E23/><V19/><F19/><W65/><G104/><T9/><D9/><U42/><E42/><V95/><F82/><W24/><G105/><T106/><D20/><U89/><E89/><V56/><F56/><N who="3" m="36999" /><G24/><T107/><D106/><U17/><E17/><AGARI ba="0,0" hai="11,12,17,41,45,49,52,53,59,62,67" m="36999" machi="17" ten="30,7700,0" yaku="8,1,52,2,54,1" doraHai="92,54" who="3" fromWho="1" sc="207,0,203,-77,370,0,220,77" /><INIT seed="3,0,0,5,5,79" ten="207,126,370,297" oya="3" hai0="129,43,40,41,76,15,8,55,123,25,118,2,119" hai1="109,122,60,126,59,30,105,135,54,11,17,66,20" hai2="84,104,98,65,47,117,16,22,133,74,61,48,92" hai3="68,88,49,52,44,58,69,83,94,51,112,121,72"/><W130/><G112/><T33/><D123/><U100/><E122/><V1/><F74/><W120/><G130/><T131/><D76/><U53/><E109/><V89/><F1/><W46/><G120/><T0/><D55/><U128/><E128/><N who="0" m="49225" /><D25/><U82/><E135/><V39/><F39/><W80/><G121/><T99/><D99/><U93/><E105/><V125/><F133/><W35/><G35/><T75/><D75/><U24/><E126/><V96/><F125/><W6/><G6/><N who="0" m="3479" /><D33/><U95/><E95/><V26/><F104/><W64/><G64/><T116/><AGARI ba="0,0" hai="0,2,40,41,43,116,118,119" m="3479,49225" machi="116" ten="40,1500,0" yaku="19,1" doraHai="79" who="0" fromWho="0" sc="207,15,126,-4,370,-4,297,-7" owari="222,-17.8,122,-37.8,366,46.6,290,9.0" /></mjloggm>