<mjloggm ver="2.3"><GO type="225" lobby="0"/><UN n0="%E3%81%B5%E3%81%98%E3%81%8B%E3%81%A4" n1="%E3%83%97%E3%83%92" n2="%E3%83%97%E3%83%AC%E3%83%B4%E3%82%A1%E3%83%86%E3%82%A3" n3="%E3%81%99%E3%81%84%E3%81%BE%E3%81%9B%E3%83%BC%E3%82%93" dan="16,17,16,17" rate="2188.34,2172.86,2076.84,2245.89" sx="M,M,F,M"/><TAIKYOKU oya="0"/><INIT seed="0,0,0,2,3,50" ten="250,250,250,250" oya="0" hai0="29,60,125,59,27,129,96,71,110,40,25,89,7" hai1="74,135,86,121,79,117,12,35,23,66,107,82,98" hai2="32,28,114,56,42,75,18,31,122,115,87,6,33" hai3="19,47,97,2,85,93,21,16,67,102,64,14,62"/><T48/><D125/><U132/><E35/><V94/><F75/><W37/><G2/><T4/><D129/><U51/><E117/><V84/><F42/><W17/><G37/><T58/><D71/><U20/><E121/><V61/><F122/><W81/><G47/><N who="0" m="25703" /><D110/><U134/><E66/><N who="3" m="25130" /><G62/><T73/><D73/><U13/><E74/><V63/><F56/><N who="0" m="21546" /><D60/><U78/><E51/><V70/><F18/><W10/><G21/><N who="1" m="8266" /><E79/><AGARI ba="0,0" hai="10,14,16,17,19,79,81,85,93,97,102" m="25130" machi="79" ten="30,2000,0" yaku="8,1,54,1" doraHai="50" who="3" fromWho="1" sc="250,0,250,-20,250,0,250,20" /><INIT seed="1,0,0,2,1,6" ten="250,230,250,270" oya="1" hai0="61,0,115,35,1,109,108,52,131,47,16,12,110" hai1="44,55,19,22,4,96,60,102,107,134,23,116,118" hai2="65,106,130,127,37,88,42,8,73,122,28,66,3" hai3="25,103,89,69,72,34,95,91,92,40,24,39,63"/><U13/><E134/><V70/><F122/><W93/><G72/><T50/><D115/><U17/><E4/><N who="2" m="1055" /><F28/><W132/><G132/><T114/><D114/><U78/><E78/><V117/><F117/><W74/><G74/><T11/><D131/><U126/><E126/><V20/><F20/><W54/><G40/><T85/><D35/><U7/><E7/><V15/><F15/><W32/><G39/><T113/><D113/><U9/><E22/><V53/><F53/><W30/><G103/><T36/><D36/><U26/><REACH who="1" step="1"/><E60/><REACH who="1" ten="250,220,250,270" step="2"/><N who="2" m="40231" /><F130/><W67/><G34/><T94/><D61/><U98/><E98/><V80/><F66/><W97/><G32/><T18/><D18/><U105/><E105/><V135/><F135/><W125/><G67/><T64/><D64/><U76/><E76/><N who="2" m="44047" /><F127/><W101/><G125/><T29/><D29/><U133/><E133/><V21/><F21/><W124/><G124/><T87/><D94/><U46/><E46/><N who="2" m="23887" /><F88/><W51/><G91/><T83/><D87/><U86/><E86/><V59/><F59/><W104/><G30/><T82/><D83/><U31/><E31/><V10/><F106/><W14/><G89/><AGARI ba="0,1" hai="0,1,11,12,16,47,50,52,82,85,89,108,109,110" machi="89" ten="40,12000,2" yaku="25,2,14,1,52,1,54,2" doraHai="6" who="0" fromWho="3" sc="250,130,220,0,250,0,270,-120" /><INIT seed="2,0,0,0,0,0" ten="380,220,250,150" oya="2" hai0="19,34,126,110,102,52,49,101,38,61,81,95,8" hai1="31,41,75,116,77,25,29,85,72,113,28,53,104" hai2="65,100,35,93,37,7,86,66,88,83,14,59,74" hai3="107,47,70,130,39,11,132,79,71,2,20,40,128"/><V54/><F35/><W105/><G132/><T89/><D34/><U44/><E113/><V16/><F37/><W96/><G20/><T51/><D38/><U135/><E116/><V68/><F68/><W46/><G46/><T10/><D126/><U67/><E104/><V17/><F74/><W27/><G27/><T133/><D133/><U48/><E135/><V108/><F108/><W90/><G79/><T26/><D110/><U60/><E53/><V84/><F100/><W42/><G42/><T23/><D81/><U57/><E25/><V123/><F123/><W131/><G90/><T30/><D61/><U117/><E117/><V94/><F94/><W114/><G114/><T119/><D49/><U6/><E6/><V91/><F7/><N who="3" m="1527" /><G107/><T22/><D8/><U124/><REACH who="1" step="1"/><E124/><REACH who="1" ten="380,210,250,150" step="2"/><V58/><F17/><W1/><G1/><T56/><D119/><U4/><E4/><V115/><F115/><W112/><G112/><T80/><D26/><U32/><E32/><V33/><F33/><W118/><G118/><T111/><D111/><U3/><E3/><V121/><F121/><W43/><G43/><T5/><D5/><U64/><E64/><N who="2" m="24683" /><F54/><W127/><G127/><T15/><D52/><U24/><E24/><V73/><F73/><W13/><G13/><T98/><D15/><U63/><E63/><V76/><F76/><W120/><G120/><T62/><D62/><U12/><E12/><V134/><F134/><W129/><N who="3" m="32768" /><DORA hai="45" /><W97/><G105/><T36/><D10/><AGARI ba="0,1" hai="10,14,16,58,59,83,84,86,88,91,93" m="24683" machi="10" ten="30,5800,0" yaku="8,1,54,2" doraHai="0,45" who="2" fromWho="0" sc="380,-58,210,0,250,68,150,0" /><INIT seed="2,1,0,1,2,107" ten="322,210,318,150" oya="2" hai0="130,23,116,114,129,4,91,80,27,22,20,75,126" hai1="25,121,6,9,72,89,81,34,55,39,67,120,101" hai2="123,82,109,95,13,8,21,69,92,36,17,135,111" hai3="66,38,88,87,131,10,117,110,119,115,15,2,63"/><V84/><F69/><W31/><G110/><N who="2" m="41993" /><F36/><W78/><G131/><N who="0" m="50187" /><D114/><U51/><E39/><V26/><F123/><W105/><G115/><T98/><D126/><U74/><E101/><V61/><F61/><W19/><G38/><T45/><D45/><U47/><E67/><V106/><F106/><W71/><G105/><T53/><D116/><U35/><E89/><N who="2" m="51351" /><F135/><W132/><G132/><T48/><D4/><AGARI ba="1,0" hai="4,8,13,17,21,26,92,95" m="51351,41993" machi="4" ten="30,2900,0" yaku="14,1,10,1" doraHai="107" who="2" fromWho="0" sc="322,-32,210,0,318,32,150,0" /><INIT seed="2,2,0,5,1,58" ten="290,210,350,150" oya="2" hai0="120,79,74,17,34,47,31,3,24,119,96,0,20" hai1="49,75,15,131,82,69,36,76,110,103,106,61,98" hai2="53,101,113,14,87,6,73,133,88,23,59,123,80" hai3="62,77,126,63,121,12,37,16,29,18,125,72,94"/><V54/><F123/><W89/><G37/><T128/><D120/><U41/><E110/><V109/><F113/><W10/><G121/><T115/><D115/><U44/><E131/><V40/><F133/><W134/><G134/><T64/><D128/><U71/><E49/><V104/><F73/><W70/><G29/><T43/><D96/><U65/><REACH who="1" step="1"/><E15/><REACH who="1" ten="290,200,350,150" step="2"/><V86/><F109/><W68/><G18/><T107/><D0/><U108/><E108/><V21/><F6/><W30/><G30/><T114/><D114/><U5/><E5/><V50/><F14/><W11/><G11/><T60/><D3/><U92/><E92/><N who="2" m="54295" /><F104/><W95/><G95/><T118/><D107/><U78/><E78/><N who="2" m="46487" /><F40/><W81/><G70/><AGARI ba="2,1" hai="36,41,44,61,65,69,70,71,75,76,82,98,103,106" machi="70" ten="30,12000,2" yaku="1,1,7,1,33,3,52,1,53,0" doraHai="58" doraHaiUra="127" who="1" fromWho="3" sc="290,0,200,136,350,0,150,-126" /><INIT seed="3,0,0,1,5,112" ten="290,336,350,24" oya="3" hai0="88,108,91,103,134,46,62,21,73,97,31,25,4" hai1="6,105,92,109,7,58,26,129,83,70,116,104,93" hai2="123,14,22,78,99,110,33,87,32,80,40,100,77" hai3="5,82,20,130,52,59,101,49,0,95,2,64,1"/><W56/><G130/><T67/><D134/><U113/><E113/><V114/><F114/><W11/><G20/><T16/><D108/><U84/><E70/><V39/><F110/><W17/><G17/><T68/><D73/><U120/><E109/><V94/><F123/><W118/><G118/><T8/><D46/><U106/><E120/><V121/><F121/><W12/><G82/><T29/><D29/><U135/><E135/><V10/><F77/><W54/><G64/><T53/><D53/><U18/><E129/><V69/><F69/><W35/><G35/><T9/><D31/><U76/><E116/><V55/><F40/><W89/><G101/><T50/><D50/><U13/><E26/><V81/><F39/><W27/><G27/><T3/><REACH who="0" step="1"/><D8/><REACH who="0" ten="280,336,350,24" step="2"/><U65/><E65/><V90/><F55/><W74/><G74/><T44/><D44/><U47/><E47/><V15/><F22/><W19/><G54/><T75/><D75/><U38/><E38/><V111/><F111/><W41/><G41/><T125/><D125/><U85/><E58/><V51/><F51/><W36/><G36/><T131/><D131/><U48/><E48/><V63/><F63/><W127/><G127/><T115/><D115/><U66/><E66/><V30/><F30/><W72/><G72/><T37/><D37/><U24/><E24/><V128/><F128/><W124/><G124/><T23/><D23/><N who="1" m="11727" /><E84/><N who="2" m="48151" /><F10/><N who="3" m="6551" /><G59/><T117/><D117/><U126/><E126/><V71/><F71/><W34/><G34/><T107/><AGARI ba="0,1" hai="3,4,9,16,21,25,62,67,68,88,91,97,103,107" machi="107" ten="20,8000,1" yaku="1,1,0,1,7,1,54,2,53,0" doraHai="112" doraHaiUra="133" who="0" fromWho="0" sc="280,90,336,-20,350,-20,24,-40" owari="370,47.0,316,-8.4,330,13.0,-16,-51.6" /></mjloggm>