<mjloggm ver="2.3"><GO type="225" lobby="0"/><UN n0="%E5%8D%A0%E3%81%84%E5%B8%AB%E8%A3%8F%E3%81%AA%E3%81%84%E3%81%97" n1="%E7%AB%8B%E8%8A%B1%E9%9F%BF" n2="%E3%81%82%E3%81%B9%E3%81%99%E3%81%91" n3="%65%2D%73%65%70%65%6E%3B" dan="16,17,16,16" rate="2143.56,2146.24,2107.74,2149.96" sx="M,F,M,M"/><TAIKYOKU oya="0"/><INIT seed="0,0,0,5,2,83" ten="250,250,250,250" oya="0" hai0="78,65,28,25,4,20,2,119,47,80,53,63,99" hai1="82,36,94,27,102,26,98,0,8,62,109,1,15" hai2="67,51,90,72,87,95,81,40,108,128,122,61,56" hai3="74,45,110,123,64,6,21,39,32,16,116,88,118"/><T79/><D119/><U42/><E109/><V59/><F122/><W126/><G74/><T50/><D78/><U130/><E130/><V89/><F108/><W125/><G32/><T37/><D37/><U35/><E42/><V17/><F128/><W3/><G110/><T75/><D4/><U30/><E36/><V71/><F72/><W135/><G64/><T104/><D2/><U12/><E27/><V5/><F5/><W134/><G123/><T41/><D99/><U120/><E120/><V68/><F17/><W85/><G6/><T132/><D104/><U7/><E15/><V127/><F127/><N who="3" m="48651" /><G3/><T93/><D93/><U70/><E70/><V106/><F106/><W131/><G45/><T117/><D117/><N who="3" m="45161" /><G39/><T101/><D101/><U91/><E62/><V112/><F112/><W34/><G34/><T9/><D9/><U46/><E46/><V97/><REACH who="2" step="1"/><F40/><REACH who="2" ten="250,250,240,250" step="2"/><W23/><G131/><T107/><D107/><U19/><E19/><V24/><F24/><N who="3" m="14375" /><G23/><T124/><D124/><U129/><E129/><V92/><F92/><AGARI ba="0,1" hai="85,88,92,134,135" m="14375,45161,48651" machi="92" ten="30,7700,0" yaku="18,1,52,1,54,2" doraHai="83" who="3" fromWho="2" sc="250,0,250,0,240,-77,250,87" /><INIT seed="1,0,0,5,5,135" ten="250,250,163,337" oya="1" hai0="107,71,32,106,41,118,30,22,93,50,26,125,15" hai1="108,23,47,36,134,133,99,89,127,126,29,65,5" hai2="20,62,90,35,116,113,18,16,52,53,117,79,31" hai3="67,114,48,84,69,102,111,12,92,121,76,0,39"/><U24/><E65/><V103/><F113/><W40/><G114/><T3/><D118/><U72/><E72/><V68/><F79/><W63/><G0/><T120/><D71/><U129/><E5/><V88/><F103/><W6/><G121/><T58/><D120/><U77/><E77/><V132/><F35/><W7/><G39/><T80/><D80/><U54/><E129/><V51/><F31/><W10/><G6/><T37/><D37/><U38/><E108/><V34/><F34/><W2/><G102/><T85/><D3/><U61/><E38/><V70/><F51/><W128/><G128/><T96/><D125/><N who="1" m="47627" /><E61/><V57/><F132/><N who="1" m="50793" /><E54/><V59/><REACH who="2" step="1"/><F20/><REACH who="2" ten="250,250,153,337" step="2"/><W64/><G111/><T81/><D22/><U122/><E122/><V109/><F109/><W78/><G76/><T83/><D32/><U98/><E89/><V13/><F13/><W46/><G12/><T55/><D15/><U19/><E29/><V86/><F86/><W91/><G78/><T14/><D85/><U131/><E131/><V8/><F8/><W49/><G10/><T130/><D30/><U97/><E97/><V21/><F21/><W44/><G91/><T87/><D130/><U9/><E9/><V42/><F42/><AGARI ba="0,1" hai="19,23,24,36,42,47,98,99" m="50793,47627" machi="42" ten="30,12000,1" yaku="18,1,20,1,52,3" doraHai="135" who="1" fromWho="2" sc="250,0,250,130,153,-120,337,0" /><INIT seed="1,1,0,5,5,25" ten="250,380,33,337" oya="1" hai0="68,71,93,97,73,117,42,27,61,34,17,56,66" hai1="21,35,58,114,48,91,57,87,37,72,9,98,100" hai2="116,11,44,54,52,18,49,103,86,128,118,53,16" hai3="123,33,83,122,60,28,3,31,111,84,115,135,62"/><U90/><E35/><V109/><F109/><W81/><G115/><T38/><D117/><U5/><E37/><V78/><F128/><W63/><G3/><T126/><D73/><U85/><E72/><V8/><F103/><W101/><G111/><T132/><D132/><U108/><E114/><V4/><F4/><W13/><G101/><T55/><D126/><U107/><E21/><V121/><F121/><W102/><G102/><T92/><D97/><U106/><E106/><V14/><F118/><W2/><G2/><T19/><D19/><U113/><E113/><V59/><F116/><W26/><G135/><T0/><D0/><U40/><E40/><V110/><F110/><W24/><G13/><T119/><D119/><U43/><E43/><V29/><F29/><W75/><G75/><T105/><D105/><U69/><E69/><V32/><F32/><W94/><G94/><T41/><D41/><U131/><E131/><V104/><F104/><W51/><G51/><N who="0" m="30847" /><D68/><U46/><E46/><V77/><F44/><W89/><REACH who="3" step="1"/><G83/><REACH who="3" ten="250,380,33,327" step="2"/><T127/><D127/><U95/><E108/><V22/><F11/><W7/><G7/><T130/><D130/><U45/><E48/><V79/><REACH who="2" step="1"/><F86/><REACH who="2" ten="250,380,23,327" step="2"/><W15/><G15/><AGARI ba="1,2" hai="8,14,15,16,18,22,49,52,53,54,59,77,78,79" machi="15" ten="40,8000,1" yaku="1,1,2,1,8,1,54,2,53,0" doraHai="25" doraHaiUra="112" who="2" fromWho="3" sc="250,0,380,0,23,103,327,-83" /><INIT seed="2,0,0,2,4,70" ten="250,380,126,244" oya="2" hai0="15,44,20,129,50,73,36,51,40,57,6,75,99" hai1="128,5,85,33,104,58,88,122,22,0,125,27,74" hai2="127,47,46,30,82,67,83,13,123,105,110,1,119" hai3="69,77,43,48,132,23,37,96,24,42,76,93,95"/><V112/><F119/><W65/><G93/><T108/><D108/><U53/><E74/><V59/><F112/><W86/><G65/><T87/><D129/><U52/><E33/><V4/><F123/><W35/><G69/><T113/><D113/><U21/><E104/><V11/><F1/><W14/><G35/><T17/><D99/><U118/><E118/><V66/><F105/><W34/><G34/><T18/><D6/><U29/><E128/><V38/><F110/><W78/><G132/><T64/><D64/><N who="2" m="24618" /><F127/><W114/><G114/><T2/><D2/><U133/><E133/><V56/><F38/><W32/><G32/><T12/><D87/><U135/><E135/><V98/><F30/><N who="3" m="17695" /><G37/><T10/><D51/><U80/><E125/><V71/><F98/><W97/><G14/><T9/><D20/><U121/><E22/><V45/><F71/><W102/><G96/><T55/><AGARI ba="0,0" hai="9,10,12,15,17,18,36,40,44,50,55,57,73,75" machi="55" ten="30,4000,0" yaku="0,1,9,1,52,1" doraHai="70" who="0" fromWho="0" sc="250,40,380,-10,126,-20,244,-10" /><INIT seed="3,0,0,2,5,82" ten="290,370,106,234" oya="3" hai0="98,33,88,104,65,14,3,16,55,119,50,93,74" hai1="94,85,48,31,44,112,26,27,19,23,92,129,20" hai2="110,95,90,70,127,84,107,76,117,102,54,111,24" hai3="125,51,91,43,105,81,40,89,115,12,8,77,13"/><W68/><G68/><T118/><D3/><U121/><E112/><V134/><F70/><W100/><G115/><T21/><D33/><U135/><E121/><V106/><F24/><W128/><G128/><T53/><D74/><U75/><E75/><V46/><F46/><W83/><G125/><T132/><D132/><U9/><E135/><V103/><F54/><W4/><G83/><T41/><D65/><U22/><E9/><V120/><F134/><W101/><G13/><T29/><D41/><U124/><E124/><V130/><F117/><W87/><G43/><T131/><D131/><U113/><E113/><V5/><F5/><W71/><G71/><T18/><D29/><U86/><E23/><V17/><F17/><W57/><G105/><T59/><D104/><U73/><E73/><V30/><F30/><W42/><G42/><T52/><D18/><U61/><E61/><V64/><F64/><W96/><G57/><T97/><D97/><U69/><E69/><V37/><F127/><W66/><G66/><T114/><D114/><U126/><E126/><V47/><F120/><W49/><G49/><T45/><D55/><N who="1" m="30087" /><E129/><V34/><F34/><W2/><G2/><T36/><D36/><U123/><E123/><V28/><F130/><W0/><G0/><T133/><D133/><U122/><E122/><V56/><F37/><W72/><G72/><T6/><D6/><U78/><E78/><V62/><F76/><W25/><G25/><T15/><D15/><U109/><E109/><V60/><F107/><W67/><G67/><T32/><D32/><U80/><E27/><RYUUKYOKU ba="0,0" sc="290,30,370,-10,106,-10,234,-10" hai0="14,16,21,45,50,52,53,59,88,93,98,118,119" owari="320,12.0,360,46.0,96,-40.4,224,-17.6" /></mjloggm>