<mjloggm ver="2.3"><GO type="225" lobby="0"/><UN n0="%E9%80%86%E9%80%A3%E5%B8%AF%E3%81%AE%E9%AC%BC" n1="%E5%8F%AF%E5%85%90%E9%82%A3%E7%94%B1%E5%A4%9A" n2="%E6%9A%87%E4%BA%BA%EF%BC%A0%E9%85%8D%E4%BF%A1%E5%9E%A2" n3="%E3%81%99%E3%81%84%E3%81%BE%E3%81%9B%E3%83%BC%E3%82%93" dan="16,17,17,17" rate="2094.67,2195.21,2209.74,2262.82" sx="M,F,F,M"/><TAIKYOKU oya="0"/><INIT seed="0,0,0,5,5,100" ten="250,250,250,250" oya="0" hai0="92,44,64,85,30,33,29,58,97,126,40,82,69" hai1="93,17,130,89,16,133,1,5,119,108,8,77,11" hai2="118,103,37,80,111,55,74,66,86,131,52,87,19" hai3="2,95,109,114,125,83,102,127,91,53,121,79,26"/><T49/><D126/><N who="3" m="48137" /><G2/><T124/><D124/><U132/><E119/><V4/><F37/><W104/><G114/><T43/><D69/><U67/><E77/><V13/><F118/><W54/><G109/><T134/><D134/><N who="1" m="51819" /><E67/><V38/><F38/><W50/><G121/><T56/><D43/><U27/><E108/><V78/><F111/><W60/><G60/><T117/><D117/><U62/><E62/><V70/><F4/><W46/><G26/><T57/><D33/><U129/><E93/><V3/><F3/><W20/><G20/><T115/><D64/><U98/><E98/><V75/><F66/><W51/><G104/><T68/><D68/><U39/><E89/><V34/><F70/><W135/><G102/><T88/><REACH who="0" step="1"/><D115/><REACH who="0" ten="240,250,250,250" step="2"/><U120/><E120/><V32/><F32/><W22/><G135/><T101/><AGARI ba="0,1" hai="29,30,40,44,49,56,57,58,82,85,88,92,97,101" machi="101" ten="30,12000,1" yaku="1,1,2,1,0,1,8,1,54,1,53,0" doraHai="100" doraHaiUra="10" who="0" fromWho="0" sc="240,130,250,-40,250,-40,250,-40" /><INIT seed="0,1,0,1,0,15" ten="370,210,210,210" oya="0" hai0="29,98,65,20,13,110,115,39,38,37,32,16,102" hai1="131,68,33,46,113,84,130,36,0,117,128,40,55" hai2="69,70,61,82,7,83,30,49,22,111,51,135,125" hai3="31,53,95,56,129,81,5,24,11,57,54,66,34"/><T108/><D115/><U75/><E75/><V50/><F111/><N who="0" m="42538" /><D65/><U126/><E0/><V48/><F135/><W124/><G124/><T86/><D86/><U112/><E33/><V100/><F125/><W76/><G129/><T104/><D29/><U120/><E126/><V79/><F7/><W47/><G95/><T60/><D60/><U89/><E117/><V2/><F2/><W119/><G119/><T103/><D103/><U127/><E127/><V78/><F100/><W99/><G99/><T87/><D87/><U8/><E68/><V62/><F49/><W4/><G66/><T80/><D80/><N who="2" m="30762" /><F69/><W58/><G47/><T21/><D32/><U122/><E84/><V26/><F70/><W107/><G107/><T118/><D118/><U74/><E74/><V92/><F92/><W123/><G123/><N who="1" m="47146" /><E89/><V25/><F25/><W109/><G109/><T42/><D42/><U63/><E8/><AGARI ba="1,0" hai="8,13,16,20,21,37,38,39,98,102,104" m="42538" machi="8" ten="40,12000,1" yaku="14,1,10,1,52,1,54,1" doraHai="15" who="0" fromWho="1" sc="370,123,210,-123,210,0,210,0" /><INIT seed="0,2,0,3,5,44" ten="493,87,210,210" oya="0" hai0="92,98,73,18,83,89,129,48,29,122,22,19,130" hai1="21,16,58,117,49,101,135,8,26,6,94,110,78" hai2="74,79,97,14,24,5,131,4,56,72,100,30,80" hai3="51,88,2,35,124,64,63,75,76,65,125,20,99"/><T45/><D122/><U42/><E117/><V7/><F131/><N who="0" m="50186" /><D29/><U0/><E110/><V13/><F74/><W82/><G35/><T17/><D73/><U115/><E135/><V39/><F39/><W106/><G2/><T55/><D83/><U34/><E115/><V90/><F90/><W68/><G65/><T132/><D132/><U54/><E78/><V104/><REACH who="2" step="1"/><F56/><REACH who="2" ten="493,87,200,210" step="2"/><W86/><G88/><T46/><D46/><U102/><E42/><V93/><F93/><W62/><G75/><T12/><AGARI ba="2,1" hai="12,17,18,19,22,45,48,55,89,92,98" m="50186" machi="12" ten="30,3000,0" yaku="19,1,52,1" doraHai="44" who="0" fromWho="0" sc="493,46,87,-12,200,-12,210,-12" /><INIT seed="0,3,0,2,2,86" ten="539,75,188,198" oya="0" hai0="123,29,4,106,88,97,40,127,7,100,26,109,102" hai1="6,98,115,25,60,74,27,39,18,30,17,111,72" hai2="8,120,51,58,61,50,55,75,14,124,77,35,65" hai3="78,16,132,19,82,1,36,9,12,24,22,3,107"/><T66/><D123/><U122/><E39/><V125/><F35/><W116/><G116/><T134/><D127/><N who="2" m="48714" /><F120/><W92/><G107/><T52/><D134/><U34/><E122/><V99/><F99/><W121/><G121/><T80/><D109/><U2/><E111/><V33/><F33/><W46/><G132/><T89/><D102/><U101/><E115/><V15/><F15/><W85/><REACH who="3" step="1"/><G92/><REACH who="3" ten="539,75,188,188" step="2"/><T118/><D118/><U110/><E110/><V91/><F65/><W37/><G37/><T96/><D66/><U64/><E2/><V43/><F43/><AGARI ba="3,1" hai="1,3,9,12,16,19,22,24,36,43,46,78,82,85" machi="43" ten="40,5200,0" yaku="1,1,54,1,53,1" doraHai="86" doraHaiUra="38" who="3" fromWho="2" sc="539,0,75,0,188,-61,188,71" /><INIT seed="1,0,0,3,5,29" ten="539,75,127,259" oya="1" hai0="16,60,92,103,58,12,7,114,102,115,41,131,75" hai1="133,2,24,40,70,105,127,21,83,135,53,120,8" hai2="111,57,31,101,54,46,14,59,38,118,13,95,17" hai3="56,112,108,63,106,72,76,128,122,73,28,3,5"/><U78/><E120/><V107/><F111/><W49/><G112/><T18/><D75/><U124/><E105/><V47/><F107/><W94/><G106/><T6/><D131/><U30/><E70/><V74/><F74/><W117/><G122/><T25/><D41/><U110/><E40/><V134/><F118/><W123/><G123/><T10/><D6/><N who="1" m="1111" /><E53/><V44/><F38/><W52/><G128/><T116/><D116/><U129/><E129/><V88/><F134/><N who="1" m="51209" /><E83/><V36/><F36/><W15/><G3/><T67/><D103/><U64/><E64/><V55/><F101/><W48/><G117/><T37/><D37/><U50/><E50/><N who="2" m="30967" /><F31/><W22/><G49/><T91/><D102/><U1/><E78/><V96/><F17/><W119/><G76/><T126/><D126/><N who="1" m="48171" /><E1/><V39/><F39/><W4/><G119/><T104/><D104/><U69/><E69/><V33/><F54/><W130/><G130/><T62/><D62/><U109/><AGARI ba="0,0" hai="21,24,30,109,110" m="48171,51209,1111" machi="109" ten="40,12000,1" yaku="20,1,18,1,34,2" doraHai="29" who="1" fromWho="1" sc="539,-40,75,120,127,-40,259,-40" /><INIT seed="1,1,0,5,2,34" ten="499,195,87,219" oya="1" hai0="79,44,22,128,123,88,116,51,101,78,102,16,24" hai1="8,64,55,45,30,27,23,75,60,31,131,43,67" hai2="63,135,33,117,58,9,2,103,72,96,39,99,71" hai3="92,29,68,10,130,54,11,40,3,21,61,115,85"/><U36/><E75/><V106/><F117/><W111/><G115/><T69/><D128/><U132/><E131/><V35/><F135/><W19/><G130/><T133/><D123/><U56/><E132/><V108/><F108/><W84/><G111/><T127/><D127/><U114/><E114/><V6/><F58/><N who="3" m="35031" /><G3/><T73/><D69/><U80/><E80/><V97/><F97/><W74/><G74/><T38/><D38/><U89/><E89/><V18/><F18/><W82/><G68/><T113/><D116/><U121/><E121/><V57/><F57/><W28/><G40/><T7/><D133/><U109/><E109/><V90/><F72/><W126/><G92/><T120/><D120/><U134/><E134/><V13/><F13/><W100/><G85/><T50/><D113/><U49/><E8/><N who="3" m="3114" /><G100/><T52/><D7/><U87/><E87/><V41/><F90/><N who="3" m="51479" /><G126/><T119/><D119/><U98/><E98/><V86/><F86/><W105/><G105/><T129/><D129/><U104/><E104/><V95/><F95/><W4/><G4/><T83/><D79/><U25/><REACH who="1" step="1"/><E36/><REACH who="1" ten="499,185,87,219" step="2"/><V47/><REACH who="2" step="1"/><F99/><REACH who="2" ten="499,185,77,219" step="2"/><W112/><G112/><T70/><D88/><U66/><E66/><AGARI ba="1,2" hai="2,6,9,33,35,39,41,47,63,66,71,96,103,106" machi="66" ten="40,12000,2" yaku="1,1,2,1,33,3,52,1,53,1" doraHai="34" doraHaiUra="62" who="2" fromWho="1" sc="499,0,185,-123,77,143,219,0" /><INIT seed="2,0,0,1,5,124" ten="499,62,220,219" oya="2" hai0="44,117,71,82,13,2,80,31,47,75,19,10,77" hai1="21,68,99,63,38,29,59,32,4,43,121,56,64" hai2="28,25,3,54,114,104,76,112,17,7,78,14,116" hai3="96,123,20,9,94,102,12,120,16,35,88,62,128"/><V131/><F116/><W97/><G128/><T30/><D117/><U108/><E108/><V66/><F104/><W79/><G35/><T42/><D71/><U24/><E121/><V87/><F66/><W130/><G130/><T74/><D47/><U18/><E4/><V49/><F7/><W105/><G79/><T83/><D2/><U93/><E43/><V132/><F3/><W1/><G1/><T133/><D133/><U98/><E38/><V90/><F132/><W46/><G62/><T34/><D34/><U127/><E127/><V5/><F5/><W48/><G20/><T0/><D0/><U115/><E115/><V134/><F134/><W58/><G58/><T65/><D65/><U81/><E81/><V103/><F103/><W113/><REACH who="3" step="1"/><G113/><REACH who="3" ten="499,62,220,209" step="2"/><T69/><D69/><U23/><E32/><V22/><F131/><W52/><AGARI ba="0,1" hai="9,12,16,46,48,52,88,94,96,97,102,105,120,123" machi="52" ten="20,16000,3" yaku="1,1,2,1,0,1,7,1,54,3,53,1" doraHai="124" doraHaiUra="40" who="3" fromWho="3" sc="499,-40,62,-40,220,-80,209,170" /><INIT seed="3,0,0,5,3,117" ten="459,22,140,379" oya="3" hai0="27,46,71,125,78,94,121,93,50,66,109,5,110" hai1="132,97,116,99,54,88,104,134,123,95,4,127,113" hai2="119,33,86,131,73,98,36,1,49,76,75,70,82" hai3="89,128,130,20,38,122,51,126,80,40,26,16,11"/><W34/><G38/><T15/><D125/><U61/><E4/><V96/><F119/><W111/><G126/><T43/><D121/><U35/><E35/><V17/><F36/><W53/><G40/><T42/><D42/><U91/><E116/><V13/><F1/><W55/><G122/><T74/><D27/><U114/><E61/><V23/><F70/><W72/><G34/><T9/><D66/><U3/><E3/><V60/><F33/><W92/><G111/><N who="0" m="42507" /><D71/><U12/><E12/><V112/><F112/><W120/><G120/><T47/><D47/><U105/><E123/><V8/><F131/><N who="3" m="50219" /><G11/><T118/><D118/><U25/><E25/><V129/><F129/><W62/><G62/><T63/><D63/><U28/><E28/><V101/><F60/><W6/><G6/><T18/><D5/><U21/><E21/><V84/><F8/><W124/><G124/><T44/><D44/><U64/><E127/><V41/><F41/><W19/><G19/><T57/><D57/><U56/><E56/><V24/><F24/><W37/><G37/><T59/><D59/><U106/><E64/><V58/><F58/><W22/><G22/><T83/><AGARI ba="0,0" hai="9,15,18,43,46,50,74,78,83,93,94" m="42507" machi="83" ten="30,1100,0" yaku="14,1" doraHai="117" who="0" fromWho="0" sc="459,11,22,-3,140,-3,379,-5" owari="470,57.0,19,-48.1,137,-26.3,374,17.4" /></mjloggm>