<mjloggm ver="2.3"><GO type="225" lobby="0"/><UN n0="%E3%82%A2%E3%83%BC%E3%83%A2%E3%83%AD%E3%83%BC%E3%83%B4%E3%82%A1" n1="%28%EF%BF%A3%E2%96%BD%EF%BF%A3%29%CE%B4%E2%8C%92%E3%83%BB" n2="%E9%85%92%E4%BA%95%37%33" n3="%E7%89%B9%E6%9D%B1%E3%81%AF%E4%B8%96%E7%95%8C%E3%82%92%E6%95%91%E3%81%86" dan="16,16,16,16" rate="2067.39,2131.26,2108.77,2131.96" sx="M,M,M,M"/><TAIKYOKU oya="0"/><INIT seed="0,0,0,3,3,43" ten="250,250,250,250" oya="0" hai0="120,119,86,35,59,51,94,16,84,17,40,74,89" hai1="10,99,126,73,54,64,71,56,47,2,41,27,76" hai2="96,78,1,23,53,3,67,124,79,91,15,83,81" hai3="113,87,49,130,102,14,60,93,115,101,55,33,90"/><T68/><D119/><U104/><E126/><V97/><F124/><W125/><G33/><T131/><D120/><U48/><E27/><V114/><F67/><W21/><G125/><T88/><D131/><U37/><E104/><V92/><F114/><W127/><G127/><T80/><D68/><U111/><E99/><V42/><F42/><W44/><G130/><T18/><D35/><U98/><E98/><V135/><F135/><W5/><G60/><T7/><D74/><U107/><E107/><V20/><F15/><W77/><G77/><T24/><D7/><U39/><E111/><V109/><F53/><W133/><G133/><T45/><D59/><U106/><E106/><V69/><F92/><W110/><G110/><T121/><D121/><U117/><E117/><V57/><F57/><W30/><G115/><T100/><D100/><U82/><E64/><V62/><F62/><W95/><G95/><T11/><D11/><U34/><E34/><V70/><F91/><W75/><G75/><T28/><D28/><U118/><E71/><V12/><F12/><W132/><G132/><T103/><D103/><U72/><E72/><V26/><F26/><AGARI ba="0,0" hai="16,17,18,24,26,40,45,51,80,84,86,88,89,94" machi="26" ten="40,12000,1" yaku="8,1,52,1,54,2" doraHai="43" who="0" fromWho="2" sc="250,120,250,0,250,-120,250,0" /><INIT seed="0,1,0,4,5,78" ten="370,250,130,250" oya="0" hai0="67,102,95,94,109,21,14,114,101,104,124,127,59" hai1="11,100,113,36,46,18,44,27,43,80,28,33,19" hai2="32,61,116,58,134,135,87,64,47,62,39,50,76" hai3="129,45,99,70,2,26,31,13,84,48,119,77,120"/><T41/><D114/><U107/><E113/><V111/><F32/><W68/><G119/><T63/><D41/><U20/><E107/><V93/><F39/><W110/><G2/><T6/><D109/><U75/><E100/><N who="0" m="38505" /><D104/><U54/><E11/><V16/><F111/><W85/><G110/><T125/><D6/><U88/><E33/><V53/><F116/><W66/><G99/><T83/><D83/><U24/><E24/><V38/><F38/><W23/><G129/><T122/><D122/><U10/><E10/><V69/><F93/><N who="0" m="35338" /><D21/><U128/><E128/><V121/><F121/><W34/><G23/><T105/><D105/><U65/><E65/><V4/><F4/><W73/><G66/><T5/><D5/><U71/><E71/><V7/><F7/><W29/><G68/><T96/><D14/><U15/><E15/><V60/><F16/><N who="1" m="6185" /><E75/><V8/><F8/><W123/><G70/><T3/><D96/><U35/><E35/><V12/><F12/><W115/><G34/><T103/><N who="0" m="38513" /><T108/><DORA hai="9" /><D108/><U1/><E1/><AGARI ba="1,0" hai="1,3,59,63,67,124,125,127" m="35338,38513" machi="1" ten="40,2000,0" yaku="18,1" doraHai="78,9" who="0" fromWho="1" sc="370,23,250,-23,130,0,250,0" /><INIT seed="0,2,0,2,3,54" ten="393,227,130,250" oya="0" hai0="103,63,62,64,70,3,33,30,84,80,53,21,11" hai1="34,120,132,23,1,72,28,125,117,52,113,25,31" hai2="45,40,121,57,2,10,131,110,135,14,112,119,5" hai3="26,47,81,44,99,86,71,58,74,55,77,128,68"/><T13/><D103/><U134/><E72/><V96/><F112/><W104/><G128/><T48/><D33/><U67/><E67/><V79/><F121/><W12/><G12/><T91/><D3/><U19/><E120/><V123/><F123/><W89/><G26/><N who="0" m="16719" /><D64/><U20/><E113/><V97/><F110/><W127/><G127/><T73/><D73/><U107/><E107/><V38/><F135/><N who="1" m="51753" /><E117/><V100/><F131/><W115/><G115/><T98/><D98/><U78/><E78/><V133/><F133/><W35/><G35/><T39/><D39/><U36/><E36/><V87/><F119/><W8/><G8/><T7/><D70/><U6/><E125/><V85/><F79/><W102/><G71/><T41/><D41/><U56/><E34/><V93/><F2/><W109/><G68/><T88/><D91/><U49/><E23/><V37/><F37/><W75/><G109/><T69/><D69/><U43/><E43/><V76/><F76/><W29/><G29/><N who="1" m="11338" /><E1/><V105/><REACH who="2" step="1"/><F57/><AGARI ba="2,0" hai="7,11,13,48,53,57,62,63,80,84,88" m="16719" machi="57" ten="30,5800,0" yaku="8,1,52,1,54,1" doraHai="54" who="0" fromWho="2" sc="393,64,227,0,130,-64,250,0" /><INIT seed="0,3,0,0,0,3" ten="457,227,66,250" oya="0" hai0="126,0,5,101,95,14,85,28,128,131,76,12,10" hai1="80,21,71,119,129,97,44,109,41,78,32,106,27" hai2="124,112,34,50,92,127,114,58,121,31,7,30,24" hai3="93,79,52,57,2,51,82,9,1,105,96,113,103"/><T20/><D126/><N who="2" m="48170" /><F92/><W123/><G113/><N who="2" m="43625" /><F58/><W89/><G9/><T102/><D28/><U134/><E71/><V90/><F90/><W81/><G123/><T40/><D40/><U33/><E106/><V69/><F50/><W120/><G120/><T130/><D20/><U23/><E97/><V64/><F64/><W75/><REACH who="3" step="1"/><G82/><REACH who="3" ten="457,227,66,240" step="2"/><N who="0" m="47303" /><D102/><U35/><E80/><V86/><F86/><AGARI ba="3,1" hai="1,2,51,52,57,75,79,81,86,89,93,96,103,105" machi="86" ten="30,8000,1" yaku="1,1,7,1,24,2,54,1,53,0" doraHai="3" doraHaiUra="118" who="3" fromWho="2" sc="457,0,227,0,66,-89,240,99" owari="457,55.7,227,-17.3,-23,-52.3,339,13.9" /></mjloggm>