<mjloggm ver="2.3"><GO type="225" lobby="0"/><UN n0="%72%69%6F%75%63%68%61%6E" n1="%E3%81%BF%E3%81%BF%E3%81%9A" n2="%E3%81%99%E3%81%84%E3%81%BE%E3%81%9B%E3%83%BC%E3%82%93" n3="%E7%99%BD%E6%97%A5%E9%9B%AA%E8%8F%9C" dan="16,17,18,17" rate="2164.62,2281.99,2182.75,2226.35" sx="M,M,M,M"/><TAIKYOKU oya="0"/><INIT seed="0,0,0,4,2,129" ten="250,250,250,250" oya="0" hai0="110,84,74,38,29,41,90,113,14,135,95,39,82" hai1="73,123,71,65,36,86,133,75,64,97,15,8,31" hai2="99,124,23,28,7,116,88,131,59,89,48,98,20" hai3="125,22,118,57,18,0,132,51,106,114,27,21,72"/><T94/><D135/><U32/><E123/><V127/><F131/><W92/><G106/><T43/><D113/><U37/><E86/><V16/><F7/><W100/><G72/><T13/><D110/><U2/><E2/><V117/><F28/><W63/><G0/><T34/><D41/><U45/><E97/><N who="2" m="36875" /><F59/><W54/><G118/><N who="2" m="45673" /><F48/><W126/><G114/><T79/><D94/><U49/><E133/><V115/><F115/><W12/><G92/><T120/><D120/><U93/><E93/><V111/><F111/><W61/><G100/><T62/><D62/><U6/><E37/><V4/><F4/><W25/><G132/><T81/><D95/><U53/><E36/><V103/><F103/><W52/><G12/><T50/><D38/><U3/><E3/><V96/><N who="2" m="36883" /><V69/><DORA hai="68" /><F69/><W26/><G26/><T101/><D50/><U83/><E71/><V56/><F56/><W44/><REACH who="3" step="1"/><G63/><REACH who="3" ten="250,250,250,240" step="2"/><T1/><D1/><U104/><E104/><V10/><F127/><W67/><G67/><T134/><D101/><U9/><E65/><V87/><F124/><W119/><G119/><T107/><D107/><U58/><E64/><V105/><F105/><W55/><G55/><T112/><D112/><U60/><E75/><V19/><F87/><W42/><G42/><T80/><D134/><U11/><E73/><V47/><F47/><W122/><G122/><T128/><D128/><U33/><E83/><V66/><F66/><W130/><G130/><T70/><D82/><U78/><E45/><V109/><F109/><W121/><G121/><T76/><D81/><RYUUKYOKU ba="0,1" sc="250,-10,250,-10,250,-10,240,30" hai3="18,21,22,25,27,44,51,52,54,57,61,125,126" /><INIT seed="1,1,1,5,4,100" ten="240,240,240,270" oya="1" hai0="109,131,80,115,116,49,46,14,112,30,121,24,38" hai1="105,120,89,101,63,48,19,122,87,54,94,18,113" hai2="62,104,45,15,69,114,40,61,22,71,111,76,117" hai3="37,130,66,73,68,4,98,96,72,124,34,133,60"/><U102/><E113/><V6/><F117/><W118/><G37/><T125/><D116/><U88/><E63/><V75/><F114/><W44/><G118/><T59/><D109/><U7/><E7/><V85/><F111/><W39/><G34/><T32/><D131/><U47/><E101/><V9/><F75/><W20/><G130/><T27/><D125/><U0/><E0/><V29/><F104/><W67/><G124/><T78/><D121/><U93/><E120/><V23/><F71/><W52/><G67/><T36/><D38/><U26/><E122/><V110/><F110/><W108/><G4/><T12/><D36/><U123/><E26/><V95/><F69/><W41/><G133/><T10/><D59/><U28/><E28/><V25/><F23/><W55/><G20/><T135/><D24/><U84/><E123/><V82/><REACH who="2" step="1"/><F95/><REACH who="2" ten="240,240,230,270" step="2"/><W21/><G21/><T129/><D129/><U126/><E126/><V57/><F57/><W1/><G108/><T132/><D115/><U91/><E91/><V83/><F83/><W128/><G73/><T8/><D112/><U17/><E102/><V92/><F92/><W77/><G128/><T35/><D35/><U64/><E105/><V90/><F90/><W119/><G119/><T65/><D135/><U107/><E107/><V33/><F33/><W79/><G72/><N who="0" m="43079" /><D132/><U31/><E31/><V16/><F16/><W127/><G127/><T81/><D81/><U56/><E56/><V106/><F106/><W5/><G68/><T70/><D70/><U74/><E74/><V134/><F134/><W11/><G77/><RYUUKYOKU ba="1,2" sc="240,-15,240,15,230,15,270,-15" hai1="17,18,19,47,48,54,64,84,87,88,89,93,94" hai2="6,9,15,22,25,29,40,45,61,62,76,82,85" /><INIT seed="1,2,2,4,0,111" ten="225,255,245,255" oya="1" hai0="43,107,72,121,62,25,110,75,28,15,47,134,42" hai1="8,18,19,5,89,54,53,20,48,99,0,58,22" hai2="7,128,66,17,63,12,91,90,30,120,57,38,6" hai3="36,101,92,112,132,44,105,82,32,88,69,60,39"/><U109/><E109/><V26/><F120/><W3/><G3/><T100/><D110/><U135/><E135/><V129/><F38/><W49/><G112/><T33/><D134/><U96/><E89/><N who="2" m="33803" /><F26/><W117/><G32/><T14/><D121/><U11/><E0/><V106/><F30/><W125/><G132/><T123/><D123/><U98/><E5/><V133/><F106/><W67/><G125/><T103/><D42/><U50/><E98/><V127/><F127/><W115/><G115/><T23/><D62/><U108/><E108/><V76/><F76/><W55/><G117/><T70/><D70/><U81/><REACH who="1" step="1"/><E58/><REACH who="1" ten="225,245,245,255" step="2"/><V74/><F133/><W1/><G1/><T79/><D103/><U16/><E16/><V83/><F17/><W31/><G101/><T97/><D79/><U41/><E41/><V87/><F6/><W122/><G122/><T13/><REACH who="0" step="1"/><D33/><REACH who="0" ten="215,245,245,255" step="2"/><U37/><E37/><AGARI ba="2,4" hai="13,14,15,23,25,28,37,43,47,72,75,97,100,107" machi="37" ten="40,5200,0" yaku="1,1,2,1,53,1" doraHai="111" doraHaiUra="21" who="0" fromWho="1" sc="215,98,245,-58,245,0,255,0" /><INIT seed="2,0,0,3,0,135" ten="313,187,245,255" oya="2" hai0="6,113,30,114,85,34,75,134,55,129,63,125,31" hai1="11,87,17,2,90,16,67,116,47,24,120,81,93" hai2="108,88,95,97,50,105,28,122,109,133,35,104,112" hai3="131,56,51,4,99,94,72,123,41,98,32,25,12"/><V45/><F112/><W82/><G123/><T53/><D125/><U70/><E116/><V69/><F69/><W71/><G71/><T18/><D75/><U15/><E120/><V65/><F65/><W13/><G131/><T3/><D134/><U42/><E2/><V49/><F133/><W26/><G32/><T100/><D129/><U118/><E118/><V111/><F122/><W79/><G99/><T58/><D100/><U106/><E106/><N who="2" m="41067" /><F45/><W73/><G72/><T14/><D85/><U52/><E70/><V8/><F8/><W22/><G4/><T36/><D36/><U103/><E67/><V61/><F61/><W89/><G26/><AGARI ba="0,0" hai="26,28,35,49,50,88,95,97,108,109,111" m="41067" machi="26" ten="40,7700,0" yaku="14,1,10,1,54,1" doraHai="135" who="2" fromWho="3" sc="313,0,187,0,245,77,255,-77" /><INIT seed="2,1,0,4,2,16" ten="313,187,322,178" oya="2" hai0="17,15,121,126,60,116,110,78,30,11,45,59,134" hai1="96,112,29,95,13,81,117,113,54,5,66,19,82" hai2="70,44,99,115,12,55,130,50,35,74,51,8,34" hai3="9,31,125,4,69,2,20,108,85,76,106,87,88"/><V63/><F115/><W132/><G69/><T67/><D121/><U73/><E117/><V131/><F74/><W53/><G106/><T38/><D116/><U56/><E112/><V128/><F99/><W27/><G108/><T104/><D110/><U6/><E113/><V123/><F123/><W86/><G125/><T52/><D126/><U33/><E66/><N who="2" m="41311" /><F51/><W40/><G132/><T42/><D134/><U135/><E29/><V57/><F57/><W61/><G40/><T23/><D104/><U101/><E33/><V93/><F93/><W80/><REACH who="3" step="1"/><G76/><REACH who="3" ten="313,187,322,168" step="2"/><T124/><D124/><U77/><E135/><V65/><F131/><W103/><G103/><T114/><D114/><U107/><E107/><V32/><F130/><W90/><G90/><T100/><D78/><U43/><E43/><V26/><F128/><W49/><G49/><N who="0" m="26807" /><D100/><U28/><E28/><V48/><F48/><W84/><G84/><T58/><D38/><U97/><E97/><V0/><F50/><W36/><G36/><T102/><D102/><U7/><E77/><V72/><F44/><W98/><G98/><T39/><D39/><U83/><E73/><V64/><F72/><W79/><G79/><T37/><D37/><U75/><E75/><V1/><F35/><W46/><G46/><T105/><D105/><U10/><E56/><AGARI ba="1,1" hai="2,4,9,20,27,31,53,56,61,80,85,86,87,88" machi="56" ten="40,5200,0" yaku="1,1,52,1,54,1,53,0" doraHai="16" doraHaiUra="92" who="3" fromWho="1" sc="313,0,187,-55,322,0,168,65" /><INIT seed="3,0,0,5,5,20" ten="313,132,322,233" oya="3" hai0="24,76,109,90,28,112,10,16,111,35,66,37,42" hai1="126,79,129,119,9,113,94,48,56,12,25,41,33" hai2="108,115,92,100,38,83,2,19,110,61,80,58,71" hai3="123,81,103,7,87,4,67,63,40,121,88,101,130"/><W118/><G118/><T51/><D112/><U44/><E113/><V5/><F115/><W95/><G130/><T73/><D37/><U14/><E119/><V11/><F71/><W131/><G131/><T84/><D66/><U106/><E129/><V132/><F38/><W65/><G40/><T34/><D73/><U77/><E106/><V135/><F19/><W29/><G121/><T31/><D76/><U64/><E126/><V117/><F117/><W57/><G123/><T47/><D34/><U99/><E33/><V86/><F100/><N who="3" m="38475" /><G29/><N who="0" m="19879" /><D16/><U127/><E127/><V32/><F92/><W17/><G67/><T69/><D10/><U85/><E25/><V82/><F86/><N who="3" m="52631" /><G17/><T97/><D69/><U114/><E114/><V1/><F1/><W6/><G6/><T21/><D21/><U96/><E94/><V134/><F32/><W22/><G22/><T128/><D97/><U59/><E14/><V27/><F27/><W75/><G75/><T116/><D128/><U52/><E64/><AGARI ba="0,0" hai="2,5,11,58,61,64,80,82,83,108,110,132,134,135" machi="64" ten="50,1600,0" yaku="20,1" doraHai="20" who="2" fromWho="1" sc="313,0,132,-16,322,16,233,0" owari="313,11.3,116,-38.4,338,43.8,233,-16.7" /></mjloggm>