<mjloggm ver="2.3"><GO type="225" lobby="0"/><UN n0="%E8%A8%88%E7%AE%97%E6%A9%9F%E8%87%AA%E7%84%B6" n1="%E8%BE%9B%E5%8F%A3%E3%82%AB%E3%83%AC%E3%83%BC%E3%83%A9%E3%82%A4%E3%82%B9" n2="%72%61%6B%33" n3="%73%6C%69%63%6B%33%31%39" dan="17,16,16,17" rate="2204.79,2135.80,2156.22,2171.91" sx="M,M,M,M"/><TAIKYOKU oya="0"/><INIT seed="0,0,0,4,1,75" ten="250,250,250,250" oya="0" hai0="14,129,18,109,22,9,37,84,88,68,122,92,131" hai1="4,127,58,101,95,6,91,96,1,111,74,85,63" hai2="10,118,17,79,61,44,36,78,115,13,51,56,123" hai3="5,28,23,50,3,67,80,116,126,60,38,19,106"/><T134/><D122/><U98/><E111/><V103/><F123/><W27/><G116/><T87/><D68/><U73/><E127/><V11/><F115/><W49/><G38/><T16/><D37/><U32/><E32/><V59/><F118/><W133/><G106/><T0/><D134/><U54/><E98/><V34/><F34/><W25/><G126/><T114/><D114/><U108/><E108/><V48/><F36/><W112/><G112/><T94/><D109/><U125/><E125/><V64/><F103/><W21/><G133/><T39/><D39/><U76/><E1/><V132/><F132/><W53/><G53/><T105/><D105/><N who="1" m="63655" /><E74/><V110/><F110/><W120/><G120/><T70/><D70/><U8/><E8/><V135/><F135/><W40/><G40/><T69/><D69/><U52/><E54/><N who="2" m="31815" /><F10/><W15/><G3/><T77/><D0/><U89/><E89/><V93/><F93/><W66/><G80/><AGARI ba="0,0" hai="4,6,52,58,63,73,76,80,85,91,95" m="63655" machi="80" ten="30,3900,0" yaku="24,1,52,1,54,1" doraHai="75" who="1" fromWho="3" sc="250,0,250,39,250,0,250,-39" /><INIT seed="1,0,0,3,3,98" ten="250,289,250,211" oya="1" hai0="57,85,10,123,51,113,22,65,111,129,16,6,2" hai1="84,71,3,81,118,86,53,126,26,63,37,122,8" hai2="87,50,4,17,31,20,25,32,21,11,41,54,74" hai3="97,36,127,128,109,68,92,93,105,58,33,42,49"/><U59/><E118/><V0/><F74/><W60/><G33/><T107/><D113/><U80/><E122/><V120/><F120/><W27/><G109/><T7/><D123/><U61/><E126/><V124/><F124/><W131/><G127/><T12/><D111/><U117/><E117/><V121/><F121/><W133/><G133/><T70/><D129/><N who="3" m="49737" /><G36/><T103/><D6/><U28/><E37/><V114/><F114/><W43/><G68/><T88/><D70/><U91/><E8/><V115/><F115/><W72/><G72/><T73/><D73/><U90/><E3/><V67/><F67/><W15/><G27/><T82/><D51/><U83/><E83/><V106/><F106/><W125/><G15/><T89/><D107/><U130/><E130/><V104/><F104/><W19/><G19/><T69/><D69/><U78/><E78/><V1/><F1/><W66/><G125/><T38/><D38/><U101/><E101/><V134/><F134/><W23/><G23/><T102/><REACH who="0" step="1"/><D89/><REACH who="0" ten="240,289,250,211" step="2"/><U79/><E71/><V95/><F4/><W13/><G105/><T34/><D34/><U99/><E63/><AGARI ba="0,1" hai="2,7,10,12,16,22,57,63,65,82,85,88,102,103" machi="63" ten="40,8000,1" yaku="1,1,52,2,54,2,53,0" doraHai="98" doraHaiUra="46" who="0" fromWho="1" sc="240,90,289,-80,250,0,211,0" /><INIT seed="2,0,0,0,2,129" ten="330,209,250,211" oya="2" hai0="131,31,64,88,128,130,36,1,79,102,119,85,53" hai1="57,9,47,116,63,14,114,106,87,42,25,6,90" hai2="43,78,26,59,124,107,44,69,80,89,97,71,103" hai3="126,95,127,120,112,34,12,86,10,35,55,65,73"/><V27/><F124/><N who="3" m="47659" /><G73/><T96/><D1/><U32/><E114/><V45/><F45/><W56/><G120/><T20/><D36/><U46/><E116/><V0/><F0/><W113/><G65/><T121/><D121/><U72/><E106/><V3/><F3/><W135/><G86/><T99/><D119/><U60/><E72/><V48/><F59/><W92/><G95/><N who="0" m="56423" /><D64/><U98/><E98/><V70/><REACH who="2" step="1"/><F89/><REACH who="2" ten="330,209,240,211" step="2"/><W38/><G38/><T117/><D117/><U28/><E57/><V5/><F5/><W23/><G56/><T51/><D130/><U123/><E123/><V11/><F11/><W83/><G10/><T109/><D128/><U133/><E47/><V24/><F24/><W39/><G39/><T84/><D131/><U8/><E8/><V29/><F29/><W111/><G112/><T110/><D31/><U37/><REACH who="1" step="1"/><E133/><REACH who="1" ten="330,199,240,211" step="2"/><V17/><F17/><W18/><G135/><T7/><D7/><U50/><E50/><V49/><F49/><W2/><G113/><T74/><D51/><U101/><E101/><V76/><F76/><W21/><G111/><T58/><D109/><U22/><E22/><V19/><F19/><W132/><G132/><T82/><D20/><U104/><E104/><V108/><F108/><W68/><G23/><T94/><D110/><U52/><E52/><V134/><F134/><W122/><G55/><T33/><D53/><U40/><E40/><V54/><F54/><W91/><G122/><T66/><D58/><U118/><E118/><V16/><F16/><W67/><G18/><T15/><D79/><U81/><AGARI ba="0,2" hai="6,9,14,25,28,32,37,42,46,60,63,81,87,90" machi="81" ten="20,5200,0" yaku="1,1,5,1,0,1,7,1,53,0" doraHai="129" doraHaiUra="115" who="1" fromWho="1" sc="330,-13,199,72,240,-26,211,-13" /><INIT seed="3,0,0,5,1,96" ten="317,271,214,198" oya="3" hai0="23,120,47,18,46,121,5,124,15,27,22,108,93" hai1="24,34,10,76,84,54,126,16,26,28,109,0,36" hai2="11,113,6,2,99,69,65,72,107,117,51,111,104" hai3="42,129,29,40,61,103,118,115,71,78,52,123,101"/><W79/><G129/><T66/><D66/><U13/><E109/><V53/><F113/><W17/><G115/><T122/><D108/><U75/><E36/><V62/><F111/><W35/><G118/><T56/><D56/><U39/><E39/><V8/><F117/><W60/><G123/><T86/><D124/><U106/><E106/><V119/><F119/><W3/><G3/><T50/><D5/><U114/><E114/><V102/><F11/><W21/><G35/><T95/><D86/><U41/><E41/><N who="3" m="15978" /><G29/><T38/><D38/><U68/><E68/><V77/><F107/><W25/><G71/><T130/><D130/><U64/><E64/><V73/><REACH who="2" step="1"/><F77/><REACH who="2" ten="317,271,204,198" step="2"/><N who="3" m="29195" /><G52/><T133/><D121/><U92/><E76/><V98/><F98/><W82/><G82/><T37/><D120/><U43/><E54/><V58/><AGARI ba="0,1" hai="2,6,8,51,53,58,62,65,69,72,73,99,102,104" machi="58" ten="20,8000,1" yaku="1,1,0,1,7,1,52,1,53,1" doraHai="96" doraHaiUra="1" who="2" fromWho="2" sc="317,-20,271,-20,204,90,198,-40" /><INIT seed="4,0,0,0,3,65" ten="297,251,294,158" oya="0" hai0="77,43,121,83,86,112,129,59,31,88,72,12,110" hai1="20,21,101,41,84,1,96,33,67,47,22,25,131" hai2="29,93,70,116,10,71,54,14,36,30,11,135,60" hai3="68,120,44,18,51,66,57,35,117,16,85,94,114"/><T95/><D121/><U82/><E131/><V92/><F54/><W34/><G117/><T48/><D129/><U118/><E118/><V74/><F116/><W62/><G120/><T115/><D31/><U91/><E1/><V125/><F60/><W100/><G114/><N who="0" m="43563" /><D110/><U126/><E126/><V46/><F14/><W49/><G34/><T0/><D0/><U133/><E133/><V8/><F74/><W102/><G35/><T80/><D12/><U104/><E67/><V69/><F135/><W89/><G68/><T42/><D80/><U111/><E111/><V64/><F64/><W27/><G49/><T53/><AGARI ba="0,0" hai="42,43,48,53,59,72,77,83,86,88,95" m="43563" machi="53" ten="30,3000,0" yaku="15,1,54,1" doraHai="65" who="0" fromWho="0" sc="297,30,251,-10,294,-10,158,-10" owari="327,42.7,241,-15.9,284,8.4,148,-35.2" /></mjloggm>