<mjloggm ver="2.3"><GO type="225" lobby="0"/><UN n0="%E3%81%8B%E3%82%8F%E3%81%A1%E3%82%83%E3%82%93%35%38" n1="%E6%9D%B1%E9%A2%A8%E3%81%AE%E3%81%8D%E3%82%83%E3%81%B7%E3%81%95%E3%82%93" n2="%47%68%6F%73%74%55%30" n3="%4C%4F%4C%49%54%41" dan="16,17,17,16" rate="2134.56,2156.08,2173.99,2180.02" sx="M,M,F,F"/><TAIKYOKU oya="0"/><INIT seed="0,0,0,4,5,95" ten="250,250,250,250" oya="0" hai0="76,48,38,81,45,108,78,1,20,13,42,122,28" hai1="49,12,30,68,69,2,32,31,90,101,102,19,21" hai2="135,113,99,79,123,70,64,132,61,82,94,16,128" hai3="115,65,103,10,59,60,86,17,57,83,119,55,36"/><T40/><D122/><U117/><E2/><V50/><F123/><W58/><G36/><T104/><D1/><U131/><E117/><V109/><F113/><W96/><G115/><T89/><D104/><U112/><E131/><V87/><F128/><W127/><G127/><T97/><D108/><U124/><E124/><V35/><F35/><W52/><G119/><T118/><D118/><U25/><E112/><V37/><F37/><W8/><G17/><N who="0" m="10287" /><D38/><U84/><E30/><V4/><F4/><W67/><G8/><T39/><D39/><U0/><E0/><V106/><F106/><W33/><G10/><T5/><D28/><U73/><E73/><V51/><F109/><W105/><G33/><T14/><D42/><U91/><E49/><V44/><F16/><W18/><G18/><T41/><D41/><U133/><E133/><N who="2" m="51275" /><F44/><W134/><G134/><T46/><D46/><U34/><E34/><V43/><F43/><W74/><G74/><T92/><D81/><U62/><E91/><AGARI ba="0,0" hai="50,51,61,64,70,79,82,87,91,94,99" m="51275" machi="91" ten="30,2000,0" yaku="20,1,52,1" doraHai="95" who="2" fromWho="1" sc="250,0,250,-20,250,20,250,0" /><INIT seed="1,0,0,0,4,1" ten="250,230,270,250" oya="1" hai0="126,75,84,103,59,111,31,71,13,5,93,133,120" hai1="130,27,99,23,30,42,43,62,55,135,41,44,97" hai2="70,39,101,37,3,129,6,117,112,33,85,66,18" hai3="92,106,114,88,124,52,26,11,78,115,10,96,4"/><U38/><E135/><V69/><F117/><W56/><G124/><T125/><D71/><U86/><E130/><V14/><F33/><W122/><G122/><T76/><D133/><U123/><E123/><V12/><F101/><W34/><G78/><T68/><D68/><U46/><E86/><V132/><F132/><W95/><G106/><T48/><D75/><U7/><E7/><V57/><F3/><W83/><G83/><N who="0" m="47207" /><D31/><U67/><E55/><V51/><F112/><W65/><G65/><T109/><D59/><U77/><E77/><V29/><F29/><W15/><G26/><T100/><D48/><U107/><E107/><V104/><F51/><W22/><G22/><T79/><D120/><U127/><E127/><N who="0" m="48649" /><D79/><U80/><E80/><V73/><F57/><W94/><G34/><T61/><D61/><U87/><E87/><V119/><F85/><W24/><G24/><T110/><D93/><U32/><E32/><V108/><F119/><W89/><G11/><AGARI ba="0,0" hai="5,11,13,100,103,109,110,111" m="48649,47207" machi="11" ten="40,5200,0" yaku="14,1,18,1,52,1" doraHai="1" who="0" fromWho="3" sc="250,52,230,0,270,0,250,-52" /><INIT seed="2,0,0,1,4,26" ten="302,230,270,198" oya="2" hai0="57,128,34,131,117,70,85,41,108,48,115,69,4" hai1="120,50,31,43,92,40,102,77,79,75,96,6,59" hai2="88,65,1,95,97,53,73,74,82,15,54,61,91" hai3="2,0,51,8,126,23,125,106,42,5,17,24,39"/><V25/><F1/><N who="3" m="47" /><G106/><T10/><D34/><U60/><E120/><V66/><F15/><N who="3" m="9663" /><G51/><T58/><D115/><U123/><E123/><V7/><F7/><W9/><G42/><N who="1" m="15914" /><E6/><V135/><F82/><W110/><G39/><T28/><D108/><U55/><E75/><V68/><F66/><W32/><G110/><T13/><D117/><U83/><E31/><V98/><F74/><W35/><G9/><T36/><D36/><U80/><E50/><V76/><F73/><W62/><G62/><T101/><D101/><U112/><E112/><V130/><F61/><W86/><G86/><T84/><D84/><U132/><E132/><V63/><F135/><W33/><G24/><T56/><D85/><U46/><E46/><V121/><F121/><W105/><G105/><T38/><D38/><U124/><E124/><AGARI ba="0,0" hai="0,2,32,33,35,124,125,126" m="9663,47" machi="124" ten="40,5200,0" yaku="18,1,34,2" doraHai="26" who="3" fromWho="1" sc="302,0,230,-52,270,0,198,52" /><INIT seed="3,0,0,4,1,115" ten="302,178,270,250" oya="3" hai0="135,60,106,31,81,103,109,121,123,122,97,132,0" hai1="69,89,15,125,56,47,38,49,111,116,55,114,9" hai2="85,100,131,110,65,40,61,91,14,50,120,78,19" hai3="117,63,46,83,26,68,28,73,45,4,90,74,101"/><W5/><G101/><T25/><D109/><U34/><E34/><V3/><F3/><W43/><G45/><T48/><D0/><U22/><E114/><V105/><F110/><W84/><G117/><T99/><D99/><U11/><E111/><V21/><F131/><W96/><G96/><T33/><D48/><U2/><E69/><V87/><F78/><W118/><G118/><T129/><D129/><U29/><E116/><V53/><F40/><W23/><G68/><T36/><D36/><U8/><E125/><V24/><F120/><W30/><G30/><T112/><D112/><U64/><E2/><V58/><F105/><W88/><G90/><T7/><D7/><U70/><E89/><V77/><F100/><W67/><G73/><T130/><D130/><U32/><E32/><V1/><F1/><W35/><G74/><T59/><D81/><U42/><E29/><V72/><F91/><W16/><G63/><T52/><AGARI ba="0,0" hai="25,31,33,52,59,60,97,103,106,121,122,123,132,135" machi="52" ten="40,2700,0" yaku="0,1,54,1" doraHai="115" who="0" fromWho="0" sc="302,27,178,-7,270,-7,250,-13" owari="329,42.9,171,-32.9,263,6.3,237,-16.3" /></mjloggm>