<mjloggm ver="2.3"><GO type="225" lobby="0"/><UN n0="%E8%B1%86%59%E5%A4%AA%E9%83%8E" n1="%E8%A8%88%E7%AE%97%E6%A9%9F%E8%87%AA%E7%84%B6" n2="%54%4F%52" n3="%72%61%6B%33" dan="16,17,17,17" rate="2055.46,2213.52,2244.83,2282.07" sx="M,M,M,M"/><TAIKYOKU oya="0"/><INIT seed="0,0,0,1,4,114" ten="250,250,250,250" oya="0" hai0="105,65,60,119,128,82,21,11,75,12,54,61,29" hai1="92,113,55,103,104,124,7,2,134,94,86,34,6" hai2="74,115,26,19,89,5,67,38,58,97,132,120,64" hai3="63,66,135,107,125,123,14,16,100,106,127,59,51"/><T99/><D119/><U133/><E34/><V24/><F115/><W68/><G135/><N who="1" m="51722" /><E113/><V32/><F132/><W81/><G81/><T9/><D128/><U116/><E124/><N who="3" m="47690" /><G123/><T73/><D82/><U72/><E72/><V88/><F120/><W27/><G27/><T52/><D75/><U46/><E2/><V20/><F74/><W62/><G51/><T112/><D73/><U36/><E55/><N who="0" m="21033" /><D105/><N who="3" m="39945" /><G100/><T50/><D99/><N who="1" m="61567" /><E116/><V126/><F126/><W84/><G84/><T40/><D112/><U77/><E77/><V28/><F38/><W4/><G4/><N who="1" m="1578" /><E86/><V1/><F97/><W91/><G91/><T117/><D117/><U76/><E76/><V23/><F32/><W93/><G93/><T15/><D65/><U96/><E96/><V130/><F130/><W71/><G63/><N who="0" m="24139" /><D9/><AGARI ba="0,0" hai="9,14,16,59,62,66,68,71" m="39945,47690" machi="9" ten="30,2000,0" yaku="18,1,54,1" doraHai="114" who="3" fromWho="0" sc="250,-20,250,0,250,0,250,20" /><INIT seed="1,0,0,3,2,53" ten="230,250,250,270" oya="1" hai0="20,5,72,74,2,83,42,55,119,14,37,26,40" hai1="125,49,77,33,69,110,7,4,21,112,99,60,16" hai2="58,111,82,97,91,80,54,73,63,41,108,103,129" hai3="19,23,56,121,45,64,109,81,90,134,116,27,133"/><U35/><E112/><V128/><F41/><W131/><G121/><T1/><D119/><U48/><E77/><N who="2" m="44079" /><F91/><W93/><G109/><N who="2" m="42057" /><F82/><W10/><G131/><T126/><D126/><U47/><E110/><V6/><F6/><W88/><G116/><T78/><D74/><U46/><E125/><V8/><F8/><W15/><G45/><T3/><D55/><U86/><E86/><V120/><F120/><W84/><G90/><T57/><D37/><U101/><E4/><V85/><F85/><W132/><G81/><T92/><D42/><U24/><E7/><V70/><F70/><W28/><G64/><T31/><D40/><U115/><E115/><V44/><F44/><W114/><G114/><T89/><D5/><U105/><E46/><V122/><F122/><W17/><REACH who="3" step="1"/><G56/><REACH who="3" ten="230,250,250,260" step="2"/><T117/><D57/><U71/><E47/><V76/><F76/><W96/><G96/><T130/><D117/><U36/><E69/><V75/><F75/><W32/><G32/><T124/><D124/><U95/><E33/><V65/><F65/><W61/><G61/><T13/><REACH who="0" step="1"/><D130/><REACH who="0" ten="220,250,250,260" step="2"/><U67/><E67/><V38/><F38/><W52/><G52/><T106/><D106/><AGARI ba="0,2" hai="54,58,63,97,103,106,128,129" m="42057,44079" machi="106" ten="30,2000,0" yaku="14,1,52,1" doraHai="53" who="2" fromWho="0" sc="220,-20,250,0,250,40,260,0" /><INIT seed="2,0,0,3,0,108" ten="200,250,290,260" oya="2" hai0="13,99,3,128,121,42,65,76,84,110,78,79,9" hai1="88,48,14,127,123,98,82,21,129,119,60,111,72" hai2="12,102,97,90,67,54,16,29,5,77,75,32,10" hai3="62,30,0,22,104,132,69,37,74,52,57,2,73"/><V63/><F54/><W93/><G104/><T130/><D121/><U44/><E119/><V117/><F117/><W66/><G132/><T26/><D3/><U125/><E111/><V106/><F90/><W113/><G113/><T50/><D65/><U85/><E123/><V92/><F92/><W35/><G35/><T105/><D26/><U107/><E129/><V81/><F29/><W39/><G93/><T118/><D118/><U124/><E72/><N who="3" m="27754" /><G22/><T122/><D122/><U112/><E60/><V51/><F51/><W28/><G69/><T20/><D20/><U120/><E120/><V94/><F32/><W7/><G7/><T114/><D114/><U27/><E14/><V53/><F53/><W103/><G103/><N who="0" m="62719" /><D84/><U45/><E112/><V61/><F106/><W25/><G25/><T115/><D115/><U96/><E107/><V1/><REACH who="2" step="1"/><F67/><REACH who="2" ten="200,250,280,260" step="2"/><W31/><G66/><T19/><D110/><U46/><REACH who="1" step="1"/><E48/><REACH who="1" ten="200,240,280,260" step="2"/><V70/><F70/><W86/><G37/><T126/><D50/><U33/><E33/><V49/><F49/><W41/><G39/><T24/><D130/><U133/><E133/><V116/><F116/><W131/><G131/><T80/><D128/><U38/><E38/><V58/><F58/><W91/><G57/><T56/><D56/><U100/><E100/><V59/><F59/><W109/><G109/><T6/><D42/><U4/><E4/><V11/><AGARI ba="0,2" hai="1,5,10,11,12,16,61,63,75,77,81,94,97,102" machi="11" ten="20,12000,1" yaku="1,1,0,1,7,1,54,1,53,1" doraHai="108" doraHaiUra="15" who="2" fromWho="2" sc="200,-40,240,-40,280,140,260,-40" /><INIT seed="2,1,0,5,2,44" ten="160,200,420,220" oya="2" hai0="85,68,26,77,98,74,6,71,118,64,36,53,132" hai1="86,24,125,23,5,110,58,13,97,57,18,82,69" hai2="17,127,87,41,0,43,52,122,116,4,101,81,84" hai3="61,11,60,42,112,115,32,73,56,89,34,134,93"/><V27/><F116/><W80/><G134/><T21/><D36/><U129/><E69/><V48/><F122/><W113/><G11/><T16/><D74/><U114/><E114/><V19/><F127/><W37/><G37/><T90/><D132/><U22/><E125/><V50/><F101/><W78/><G42/><N who="2" m="15881" /><F0/><W96/><REACH who="3" step="1"/><G60/><REACH who="3" ten="160,200,420,210" step="2"/><T76/><D6/><U88/><E5/><V10/><F4/><W31/><G31/><T106/><D118/><U135/><E135/><V75/><F10/><W25/><G25/><T15/><D26/><U108/><E110/><V104/><F27/><W117/><G117/><T123/><D123/><U105/><E108/><V103/><F17/><W107/><G107/><T94/><D53/><AGARI ba="1,1" hai="32,34,53,56,61,73,78,80,89,93,96,112,113,115" machi="53" ten="40,2600,0" yaku="1,1,11,1,53,0" doraHai="44" doraHaiUra="63" who="3" fromWho="0" sc="160,-29,200,0,420,0,210,39" /><INIT seed="3,0,0,0,3,88" ten="131,200,420,249" oya="3" hai0="98,132,130,56,0,44,72,5,68,106,105,53,4" hai1="120,80,83,84,82,114,57,25,27,55,33,70,32" hai2="31,16,22,131,20,86,19,52,28,126,67,111,91" hai3="119,102,37,78,89,24,6,21,99,85,128,116,110"/><W93/><G128/><T133/><D68/><U64/><E114/><V112/><F112/><W134/><G134/><N who="0" m="51819" /><D72/><U14/><E120/><V87/><F131/><W124/><G124/><T100/><D44/><U29/><E70/><V92/><F126/><W43/><G110/><T77/><D77/><U1/><E1/><V127/><F127/><W12/><G78/><T62/><D130/><U41/><E64/><V17/><F111/><W122/><G122/><T38/><D38/><U94/><E41/><V76/><F67/><W74/><G74/><T97/><D0/><U90/><E14/><V51/><F31/><W26/><G37/><T60/><D60/><U34/><REACH who="1" step="1"/><E29/><REACH who="1" ten="131,190,420,249" step="2"/><V135/><F135/><W104/><G43/><T107/><D98/><U73/><E73/><V15/><F28/><W59/><G99/><T103/><D103/><U49/><AGARI ba="0,1" hai="25,27,32,33,34,49,55,57,80,82,83,84,90,94" machi="49" ten="40,5200,0" yaku="1,1,0,1,52,1,53,0" doraHai="88" doraHaiUra="7" who="1" fromWho="1" sc="131,-13,190,62,420,-13,249,-26" owari="118,-38.2,252,5.2,407,50.7,223,-17.7" /></mjloggm>