<mjloggm ver="2.3"><GO type="225" lobby="0"/><UN n0="%48%61%61%61%6C%61%6E%64" n1="%E6%A1%9C%E8%8A%B1%E9%96%83%E3%80%85" n2="%E3%81%BF%E3%81%BF%E3%81%9A" n3="%E3%82%A2%E3%83%BC%E3%83%A2%E3%83%AD%E3%83%BC%E3%83%B4%E3%82%A1" dan="18,16,17,16" rate="2272.79,2111.69,2239.99,2138.77" sx="M,M,M,M"/><TAIKYOKU oya="0"/><INIT seed="0,0,0,1,5,63" ten="250,250,250,250" oya="0" hai0="9,127,65,19,50,16,111,86,117,73,32,55,66" hai1="89,49,40,0,12,22,14,135,24,92,115,23,8" hai2="94,95,110,93,126,30,76,48,21,27,59,100,67" hai3="61,28,4,29,87,56,35,109,81,71,3,13,39"/><T98/><D73/><U83/><E135/><V82/><F110/><W42/><G71/><T75/><D75/><U45/><E115/><V43/><F126/><W118/><G118/><T62/><D117/><U121/><E121/><V84/><F43/><W36/><G3/><T7/><D32/><U131/><E131/><V130/><F130/><W58/><G35/><T38/><D38/><U47/><E83/><V1/><F1/><W53/><G109/><T20/><D111/><U134/><E134/><V125/><F125/><W79/><G36/><T78/><D98/><U34/><E47/><V69/><F69/><W102/><G102/><T97/><D97/><U108/><E108/><V5/><F5/><W74/><G74/><T114/><D114/><U116/><E116/><V57/><F57/><W96/><G96/><T77/><D127/><U85/><E0/><V90/><F100/><W120/><G120/><T41/><D41/><U88/><E89/><V46/><F46/><W101/><G101/><T105/><D105/><U99/><E99/><N who="2" m="57783" /><F48/><N who="3" m="30759" /><G42/><T18/><D20/><U52/><E40/><V70/><F70/><W17/><G4/><T112/><D112/><U124/><E124/><V129/><F129/><W68/><G68/><T44/><D86/><U51/><E51/><V33/><F33/><W106/><G106/><T119/><D119/><U15/><REACH who="1" step="1"/><E8/><REACH who="1" ten="250,240,250,250" step="2"/><V80/><F82/><W104/><G39/><T128/><D128/><U91/><E91/><V25/><F25/><W72/><G104/><T54/><D9/><U133/><E133/><V31/><F31/><AGARI ba="0,1" hai="12,14,15,22,23,24,31,34,45,49,52,85,88,92" machi="31" ten="40,5200,0" yaku="1,1,54,2,53,0" doraHai="63" doraHaiUra="132" who="1" fromWho="2" sc="250,0,240,62,250,-52,250,0" /><INIT seed="1,0,0,2,1,8" ten="250,302,198,250" oya="1" hai0="97,78,15,100,77,131,132,48,65,119,107,89,4" hai1="60,53,134,26,35,41,9,39,99,113,110,33,64" hai2="101,23,94,1,10,19,2,11,37,71,125,5,14" hai3="115,104,63,62,124,30,112,28,133,31,80,58,76"/><U72/><E113/><V3/><F71/><W69/><G104/><T32/><D119/><U42/><E134/><V7/><F37/><W83/><G133/><T13/><D132/><U106/><E72/><V135/><F135/><W38/><G38/><T61/><D131/><U36/><E53/><V118/><F118/><W24/><G124/><T27/><D48/><U68/><E110/><V22/><F101/><W67/><G24/><T20/><D89/><U122/><E122/><V91/><F125/><W128/><G128/><T92/><D107/><U34/><E9/><V16/><F94/><W129/><G129/><T87/><D32/><N who="1" m="12395" /><E41/><V95/><F95/><W103/><G103/><T86/><D4/><N who="2" m="1610" /><F91/><W105/><G105/><T17/><D87/><U109/><E42/><V51/><F51/><W21/><G21/><T130/><D130/><U55/><E55/><V46/><F46/><W82/><REACH who="3" step="1"/><G76/><REACH who="3" ten="250,302,198,240" step="2"/><T75/><D78/><U57/><E39/><V40/><F40/><W117/><G117/><T84/><D77/><U127/><E36/><V98/><F98/><W49/><G49/><T108/><D97/><U123/><E127/><V56/><F56/><W116/><G116/><T50/><D50/><U111/><E57/><V88/><F88/><W114/><G114/><T73/><D100/><N who="1" m="62751" /><E123/><V12/><AGARI ba="0,1" hai="1,2,3,10,11,12,14,16,19,22,23" m="1610" machi="12" ten="40,16000,3" yaku="35,5,52,2,54,1" doraHai="8" who="2" fromWho="2" sc="250,-40,302,-80,198,170,240,-40" /><INIT seed="2,0,0,1,4,8" ten="210,222,368,200" oya="2" hai0="15,43,97,6,112,127,132,101,100,89,86,114,2" hai1="56,45,131,104,3,70,81,46,26,52,9,1,75" hai2="17,54,64,99,25,117,116,16,39,123,111,19,11" hai3="92,53,14,4,110,31,106,109,61,5,130,40,68"/><V84/><F123/><W58/><G106/><T87/><D2/><U124/><E70/><V91/><F39/><W126/><G130/><T38/><D127/><U34/><E104/><V50/><F64/><W36/><G126/><T128/><D128/><U135/><E131/><V44/><F99/><W79/><G31/><T57/><D132/><U71/><E71/><V66/><F66/><N who="3" m="41039" /><G92/><N who="0" m="56463" /><D38/><U12/><E135/><V118/><F111/><N who="3" m="42507" /><G79/><T93/><D114/><U62/><E124/><V27/><REACH who="2" step="1"/><F11/><REACH who="2" ten="210,222,358,200" step="2"/><W72/><G36/><T105/><D112/><U63/><E9/><V33/><F33/><W121/><G121/><T10/><D10/><U94/><E34/><V102/><F102/><W30/><G4/><T7/><D100/><U113/><E113/><V55/><F55/><W77/><G5/><T133/><D101/><U74/><E52/><V35/><F35/><W32/><G40/><T73/><D43/><U67/><E67/><V37/><F37/><W122/><G122/><T80/><D6/><U115/><E115/><V49/><F49/><W13/><G53/><T119/><D7/><U107/><E1/><V103/><F103/><W120/><G120/><T21/><D133/><U48/><E3/><V51/><F51/><W98/><G98/><T23/><D105/><U69/><E48/><V134/><F134/><W18/><G32/><T95/><D119/><U125/><E125/><V82/><AGARI ba="0,1" hai="16,17,19,25,27,44,50,54,82,84,91,116,117,118" machi="82" ten="40,7800,0" yaku="1,1,0,1,54,1,53,0" doraHai="8" doraHaiUra="24" who="2" fromWho="2" sc="210,-26,222,-26,358,88,200,-26" /><INIT seed="2,1,0,5,3,111" ten="184,196,446,174" oya="2" hai0="12,66,79,118,6,28,16,131,33,1,127,125,104" hai1="85,84,46,93,48,59,122,77,128,113,82,57,108" hai2="110,132,63,114,107,81,38,97,3,50,120,121,49" hai3="11,36,25,74,34,37,60,41,19,35,133,62,47"/><V106/><F38/><W105/><G133/><T29/><D104/><U23/><E108/><V10/><F110/><W22/><G105/><T5/><D79/><U99/><E113/><V24/><F114/><W112/><G112/><T80/><D80/><N who="1" m="47119" /><E23/><V8/><F132/><W102/><G74/><T31/><D66/><U119/><E128/><V55/><F63/><W129/><G129/><T86/><D131/><U89/><E119/><V43/><F24/><W134/><G134/><T20/><D118/><U40/><E122/><V32/><F32/><W9/><G102/><AGARI ba="1,0" hai="40,46,48,57,59,82,85,89,93,99,102" m="47119" machi="102" ten="30,1000,0" yaku="8,1" doraHai="111" who="1" fromWho="3" sc="184,0,196,13,446,0,174,-13" /><INIT seed="3,0,0,5,4,87" ten="184,209,446,161" oya="3" hai0="75,64,66,6,38,34,80,9,20,28,14,111,81" hai1="29,130,4,118,117,91,134,77,15,94,115,100,45" hai2="108,104,121,114,113,86,119,122,102,44,36,56,17" hai3="18,22,74,73,124,132,3,2,71,89,127,72,97"/><W7/><G71/><T19/><D38/><U37/><E115/><V50/><F108/><W63/><G63/><T105/><D105/><U125/><E125/><N who="3" m="48202" /><G132/><T126/><D111/><U68/><E134/><V61/><F119/><W13/><G7/><T21/><D126/><U60/><E77/><V99/><F36/><W25/><G13/><N who="0" m="5303" /><D75/><N who="3" m="19201" /><W103/><DORA hai="101" /><G89/><T82/><D34/><U116/><E91/><V16/><F114/><W54/><G54/><T76/><D76/><U92/><E60/><V57/><F113/><W23/><G22/><T1/><D1/><U133/><E68/><V30/><F121/><W88/><G103/><T65/><D65/><U69/><E100/><V46/><F122/><W40/><G40/><T98/><D66/><U131/><E69/><V48/><F61/><W78/><G78/><T90/><D64/><U123/><E133/><V33/><F102/><W135/><G135/><T11/><D28/><U10/><E29/><V67/><F30/><W47/><G47/><T24/><D24/><U53/><E123/><V62/><F44/><W0/><G0/><T128/><D128/><N who="1" m="49195" /><E53/><V55/><F46/><W58/><G58/><T31/><D31/><U109/><E109/><V112/><F56/><W35/><G35/><T70/><D70/><U12/><E12/><V107/><F33/><W43/><G43/><AGARI ba="0,0" hai="4,10,15,37,43,45,92,94,116,117,118" m="49195" machi="43" ten="40,2600,0" yaku="12,1,19,1" doraHai="87,101" who="1" fromWho="3" sc="184,0,209,26,446,0,161,-26" owari="184,-21.6,235,3.5,446,54.6,135,-36.5" /></mjloggm>