<mjloggm ver="2.3"><GO type="225" lobby="0"/><UN n0="%E9%80%86%E9%80%A3%E5%B8%AF%E3%81%AE%E9%AC%BC" n1="%E3%83%B4%E3%83%A0%EF%BC%99%E3%81%A6" n2="%4C%4F%4C%49%54%41" n3="%E4%BF%BA%E3%81%A8%E5%A6%96%E5%A4%A2" dan="17,16,16,16" rate="2121.41,2129.70,2181.16,2144.67" sx="M,M,F,F"/><TAIKYOKU oya="0"/><INIT seed="0,0,0,0,2,25" ten="250,250,250,250" oya="0" hai0="26,131,53,88,130,34,39,75,117,71,79,97,82" hai1="47,114,17,55,27,95,121,73,81,109,105,77,54" hai2="100,66,85,128,134,65,108,90,48,29,44,103,78" hai3="56,126,16,24,59,5,46,28,49,107,62,14,61"/><T43/><D117/><U40/><E121/><V115/><F115/><W133/><G107/><T7/><D71/><U101/><E114/><V18/><F108/><W13/><G133/><T91/><D53/><U72/><E109/><V76/><F128/><N who="0" m="49194" /><D7/><U36/><E105/><V22/><F134/><W106/><G106/><T83/><D97/><U70/><E70/><V31/><F78/><W64/><G5/><T10/><D10/><U4/><E72/><V9/><F76/><W11/><G126/><T129/><N who="0" m="49202" /><T35/><DORA hai="50" /><D83/><U45/><E45/><V6/><F9/><W96/><G96/><T112/><D112/><U113/><E113/><V98/><F6/><W52/><G14/><T102/><D102/><N who="2" m="38954" /><F98/><W104/><G104/><T21/><D43/><U60/><E60/><N who="3" m="23146" /><G64/><N who="2" m="24681" /><F90/><N who="0" m="34346" /><D39/><U89/><E101/><V99/><F99/><W37/><G37/><T15/><D15/><U116/><E116/><V118/><F118/><W63/><N who="3" m="23154" /><W30/><DORA hai="23" /><G24/><T32/><D32/><U110/><E110/><V57/><F85/><W58/><AGARI ba="0,0" hai="11,13,16,28,30,46,49,52,56,58,59" m="23154" machi="58" ten="40,12000,2" yaku="8,1,52,3,54,2" doraHai="25,50,23" who="3" fromWho="3" sc="250,-60,250,-30,250,-30,250,120" /><INIT seed="1,0,0,0,4,105" ten="190,220,220,370" oya="1" hai0="108,95,86,57,70,18,43,120,19,25,127,79,55" hai1="51,133,49,2,37,92,46,74,16,52,23,63,22" hai2="84,10,116,109,129,56,81,103,7,61,1,3,11" hai3="121,111,36,12,72,28,93,114,30,126,122,107,62"/><U53/><E37/><V54/><F116/><W130/><G107/><T33/><D70/><U15/><E2/><V27/><F109/><W68/><G114/><T40/><D120/><U102/><E133/><V8/><F129/><W83/><G36/><T29/><D127/><U42/><E74/><V119/><F119/><W75/><G111/><T80/><D108/><U134/><E134/><V94/><F27/><W66/><G130/><T50/><REACH who="0" step="1"/><D95/><REACH who="0" ten="180,220,220,370" step="2"/><U101/><E92/><V24/><F94/><W113/><G113/><T82/><D82/><U47/><E23/><V20/><F1/><W44/><G126/><T118/><D118/><U128/><E128/><V59/><F20/><W87/><G93/><T4/><D4/><U98/><E98/><V106/><F7/><W100/><G122/><T65/><D65/><U124/><E124/><V60/><F3/><W34/><G121/><T123/><D123/><U45/><E63/><V69/><F61/><W90/><G62/><T115/><D115/><U9/><E22/><V35/><F60/><W21/><G66/><T117/><D117/><U91/><E91/><V5/><F106/><W97/><G90/><T71/><D71/><U38/><AGARI ba="0,1" hai="9,15,16,38,42,45,46,47,49,51,52,53,101,102" machi="38" ten="20,12000,1" yaku="0,1,7,1,9,1,54,2" doraHai="105" who="1" fromWho="1" sc="180,-40,220,130,220,-40,370,-40" /><INIT seed="1,1,0,5,4,53" ten="140,350,180,330" oya="1" hai0="121,33,66,71,122,58,46,51,99,75,17,85,86" hai1="130,98,37,22,73,128,97,70,110,126,117,127,111" hai2="35,64,59,132,29,48,27,67,93,31,105,54,52" hai3="12,101,13,24,19,45,87,123,60,40,116,102,125"/><U25/><E37/><V78/><F105/><W108/><G123/><T124/><D75/><U36/><E36/><V120/><F120/><W3/><G108/><N who="1" m="41514" /><E73/><V79/><F132/><W106/><G3/><T100/><D33/><U15/><E70/><V82/><F31/><W95/><G125/><N who="1" m="47626" /><E15/><V43/><F43/><W20/><G106/><T83/><D71/><U63/><E63/><V30/><F30/><W65/><G116/><T68/><D68/><U74/><E74/><V23/><F35/><W113/><G113/><T118/><D118/><U21/><E117/><V47/><F93/><W89/><G12/><T41/><D124/><U88/><E88/><V2/><F2/><W103/><BYE who="2" /><G13/><UN n2="%4C%4F%4C%49%54%41" /><T10/><D122/><U9/><E9/><V26/><F26/><W16/><G19/><T104/><D121/><U62/><E62/><N who="2" m="36215" /><F82/><W50/><G101/><T34/><D83/><U55/><E55/><V44/><F44/><W72/><G72/><T7/><D100/><U14/><E14/><V8/><F8/><W92/><G95/><T94/><D94/><U49/><E49/><V4/><F4/><W81/><G81/><T91/><D7/><U109/><E109/><V107/><F107/><W0/><G0/><T133/><D104/><U134/><E134/><V129/><F129/><N who="1" m="49769" /><E25/><V61/><F61/><W42/><G42/><T119/><D133/><U11/><E11/><V115/><F115/><W6/><G6/><T114/><D119/><U57/><E57/><AGARI ba="1,0" hai="16,20,24,40,45,50,57,60,65,87,89,92,102,103" machi="57" ten="30,7700,0" yaku="7,1,8,1,52,1,54,1" doraHai="53" who="3" fromWho="1" sc="140,0,350,-80,180,0,330,80" /><INIT seed="2,0,0,2,1,77" ten="140,270,180,410" oya="2" hai0="69,1,103,49,47,0,65,34,116,2,44,120,133" hai1="105,128,6,75,132,63,38,125,12,8,124,70,36" hai2="78,51,27,84,21,68,122,85,94,46,57,37,119" hai3="118,113,43,74,23,89,14,18,40,5,73,45,95"/><V88/><F119/><W17/><G118/><T19/><D120/><U131/><E105/><V134/><F68/><W76/><G113/><T115/><D116/><U114/><E114/><V33/><F33/><W72/><G5/><T101/><D115/><U26/><E26/><V31/><F122/><W126/><G126/><N who="1" m="48746" /><E75/><V91/><F37/><W20/><G76/><T90/><D34/><U32/><E32/><V86/><F134/><W10/><G45/><T30/><D133/><U60/><E132/><V7/><F7/><W92/><G10/><T104/><D30/><U93/><E93/><V87/><F57/><W83/><G83/><T127/><D90/><U66/><E63/><V98/><F78/><W81/><G81/><T80/><D80/><U42/><E42/><V15/><F15/><W121/><G121/><T39/><D104/><U109/><E109/><V50/><F46/><W129/><G129/><AGARI ba="0,0" hai="6,8,12,36,38,60,66,70,128,129,131" m="48746" machi="129" ten="30,2000,0" yaku="19,1,18,1" doraHai="77" who="1" fromWho="3" sc="140,0,270,20,180,0,410,-20" /><INIT seed="3,0,0,0,5,80" ten="140,290,180,390" oya="3" hai0="93,16,42,83,15,111,110,77,104,46,61,127,124" hai1="98,85,112,68,31,134,1,49,115,30,105,54,13" hai2="51,91,21,132,25,60,19,108,57,4,12,114,6" hai3="120,79,71,130,17,92,36,3,74,11,113,48,117"/><W45/><G113/><T18/><D104/><U32/><E1/><V27/><F114/><W133/><G117/><T87/><D61/><U119/><E119/><V0/><F108/><N who="0" m="41514" /><D93/><U37/><E37/><V106/><F106/><W65/><G17/><N who="0" m="6763" /><D15/><U43/><E68/><V86/><F51/><AGARI ba="0,0" hai="42,46,51,77,83,87,124,127" m="6763,41514" machi="51" ten="30,3900,0" yaku="14,1,52,1,54,1" doraHai="80" who="0" fromWho="2" sc="140,39,290,0,180,-39,390,0" owari="179,-22.1,290,9.0,141,-35.9,390,49.0" /></mjloggm>