<mjloggm ver="2.3"><GO type="225" lobby="0"/><UN n0="%E3%81%B5%E3%81%98%E3%81%8B%E3%81%A4" n1="%E8%81%B7%E6%A5%AD%E3%80%81%E9%A2%A8%32" n2="%63%68%78%62%64" n3="%E3%82%BF%E3%83%BC%E3%83%90%E3%83%B3%E9%87%8E%E5%8F%A3" dan="16,16,16,16" rate="2073.81,2136.47,2172.70,2140.37" sx="M,M,M,M"/><TAIKYOKU oya="0"/><INIT seed="0,0,0,3,0,57" ten="250,250,250,250" oya="0" hai0="76,35,130,71,61,19,41,125,52,31,87,55,60" hai1="99,59,24,122,94,40,114,135,33,92,111,106,46" hai2="51,73,83,15,86,117,96,49,78,67,13,38,104" hai3="129,37,56,107,112,63,128,21,68,74,85,50,58"/><T17/><D71/><U101/><E122/><V4/><F38/><W123/><G74/><T121/><D35/><U42/><E111/><V131/><F117/><W97/><G107/><T133/><D121/><U7/><E114/><V65/><F131/><N who="3" m="50251" /><G97/><T26/><D130/><U39/><E135/><V124/><F124/><W119/><G85/><T29/><D125/><U102/><E102/><V53/><F73/><W45/><G21/><N who="0" m="13631" /><D41/><U28/><E7/><V84/><F84/><W12/><G12/><N who="2" m="4681" /><F104/><W3/><G3/><T1/><D1/><U48/><REACH who="1" step="1"/><E59/><REACH who="1" ten="250,240,250,250" step="2"/><V100/><F4/><W109/><G123/><T126/><D126/><U22/><E22/><V9/><F100/><W79/><G112/><T120/><D120/><U115/><E115/><V44/><F9/><W11/><G109/><T16/><D133/><U70/><E70/><V34/><F34/><W30/><G11/><T98/><D98/><U20/><E20/><V77/><F96/><W27/><G68/><T103/><D103/><U127/><E127/><V116/><F116/><W89/><G119/><T6/><D6/><U14/><E14/><V23/><F23/><W113/><G113/><T108/><D108/><U134/><E134/><V88/><F51/><W5/><G50/><T47/><D31/><U18/><E18/><N who="0" m="7273" /><D29/><U8/><E8/><V105/><F105/><W93/><G30/><T118/><D118/><U0/><E0/><V62/><F62/><N who="0" m="24170" /><D47/><AGARI ba="0,1" hai="24,28,33,39,40,42,46,47,48,92,94,99,101,106" machi="47" ten="40,5200,0" yaku="1,1,53,2" doraHai="57" doraHaiUra="36" who="1" fromWho="0" sc="250,-52,240,62,250,0,250,0" /><INIT seed="1,0,0,5,1,75" ten="198,302,250,250" oya="1" hai0="46,85,128,44,79,43,31,73,14,57,120,86,111" hai1="135,95,121,92,29,53,113,127,104,119,89,42,84" hai2="91,108,4,36,99,7,59,82,107,54,37,41,63" hai3="125,114,96,35,109,110,55,97,117,105,17,28,47"/><U38/><E121/><V51/><F108/><N who="3" m="41579" /><G114/><T19/><D111/><U6/><E113/><V1/><F107/><W124/><G17/><T27/><D120/><U56/><E104/><V34/><F34/><W118/><G28/><T45/><D128/><U130/><E119/><N who="3" m="45578" /><G35/><T67/><D43/><U50/><E29/><V0/><F37/><W81/><G47/><T12/><D73/><U74/><E74/><V52/><F36/><W32/><G32/><T133/><D133/><U62/><E135/><V129/><F41/><W25/><G25/><T58/><D67/><U98/><E130/><V33/><F33/><W122/><G55/><T21/><D31/><U72/><E38/><V106/><F129/><W18/><G18/><T30/><D86/><U64/><E72/><V93/><F106/><W116/><N who="3" m="45586" /><W61/><DORA hai="90" /><G61/><T65/><D65/><U77/><E42/><V94/><F82/><W131/><G122/><T15/><REACH who="0" step="1"/><D30/><REACH who="0" ten="188,302,250,250" step="2"/><U26/><E64/><V48/><F0/><W68/><G131/><T69/><D69/><U126/><E84/><N who="2" m="52455" /><F1/><W22/><G68/><T101/><D101/><U23/><E98/><V13/><F13/><W40/><G40/><T115/><D115/><U5/><E26/><V87/><F87/><W112/><G112/><T3/><D3/><U100/><E100/><N who="2" m="60535" /><F63/><W8/><G97/><T76/><D76/><U103/><E77/><V78/><F78/><W2/><G96/><T11/><D11/><U83/><E62/><V102/><F102/><W16/><G2/><T132/><D132/><U60/><E103/><V80/><F80/><AGARI ba="0,1" hai="12,14,15,19,21,27,44,45,46,57,58,79,80,85" machi="80" ten="40,8000,1" yaku="1,1,6,1,8,1,52,1,53,1" doraHai="75,90" doraHaiUra="20,123" who="0" fromWho="2" sc="188,90,302,0,250,-80,250,0" /><INIT seed="2,0,0,5,0,62" ten="278,302,170,250" oya="2" hai0="55,111,63,72,87,95,119,0,84,107,75,93,124" hai1="34,127,78,101,20,112,115,71,94,6,89,41,65" hai2="12,10,121,90,130,59,30,14,88,54,73,2,42" hai3="97,48,5,132,49,47,104,98,39,36,51,25,108"/><V44/><F73/><N who="0" m="28234" /><D63/><U50/><E34/><V117/><F121/><W4/><G108/><T100/><D55/><U120/><E78/><V118/><F130/><W16/><G132/><T28/><D28/><U56/><E50/><V110/><F30/><W52/><G104/><T80/><D0/><U116/><E56/><V53/><F110/><W24/><G49/><T82/><D111/><U85/><E41/><V103/><F2/><W102/><G102/><T23/><D23/><U77/><E20/><V61/><F103/><W40/><G40/><T64/><D64/><U45/><E65/><V26/><F26/><W128/><G128/><T17/><D17/><U58/><E58/><V81/><F53/><W114/><G52/><T113/><D113/><U133/><E115/><V43/><F14/><W7/><G7/><T37/><D37/><U38/><E38/><V91/><F81/><N who="0" m="31338" /><D124/><U32/><E127/><V86/><F86/><N who="0" m="32810" /><D119/><U31/><E116/><V76/><F76/><W29/><G114/><T21/><D21/><U57/><E31/><V70/><F70/><W18/><G29/><T11/><D11/><U19/><E71/><V68/><F68/><W60/><G47/><T123/><D123/><U67/><E120/><V135/><F135/><W13/><G60/><T8/><D8/><U109/><E133/><V69/><F69/><W79/><G13/><T33/><D33/><U96/><E32/><V129/><F129/><W1/><G1/><T92/><D107/><U99/><E112/><V83/><F83/><W105/><G105/><T134/><D134/><U9/><E9/><RYUUKYOKU ba="0,0" sc="278,15,302,-15,170,-15,250,15" hai0="92,93,95,100" hai3="4,5,16,18,24,25,36,39,48,51,79,97,98" /><INIT seed="3,1,0,4,4,126" ten="293,287,155,265" oya="3" hai0="109,135,111,134,84,121,69,108,115,107,7,12,59" hai1="130,67,114,77,103,124,4,49,0,118,125,13,58" hai2="68,6,99,50,39,98,88,105,123,21,15,79,93" hai3="30,117,9,86,65,17,51,5,104,36,8,92,74"/><W38/><G74/><T43/><D69/><U1/><E130/><V10/><F39/><W80/><G104/><T66/><D121/><U100/><E114/><V28/><F68/><W63/><G117/><T96/><D115/><U81/><E118/><V73/><F123/><W112/><G112/><T133/><D43/><U32/><E32/><V101/><F50/><W85/><G30/><T78/><D7/><U22/><E22/><V54/><F54/><W26/><G51/><T94/><D12/><U102/><E13/><V52/><F52/><W56/><G92/><T75/><D75/><N who="1" m="43199" /><E49/><V95/><F73/><W90/><G85/><T129/><D107/><U131/><E4/><V11/><F11/><W122/><G122/><T116/><D116/><U14/><E131/><V91/><F79/><W127/><G127/><N who="1" m="48714" /><E14/><V61/><F61/><AGARI ba="1,0" hai="0,1,58,61,67,100,102,103" m="48714,43199" machi="61" ten="30,1000,0" yaku="18,1" doraHai="126" who="1" fromWho="2" sc="293,0,287,13,155,-13,265,0" owari="293,9.3,300,40.0,142,-35.8,265,-13.5" /></mjloggm>