<mjloggm ver="2.3"><GO type="225" lobby="0"/><UN n0="%E7%99%BD%E6%97%A5%E9%9B%AA%E8%8F%9C" n1="%E3%81%BF%E3%81%BF%E3%81%9A" n2="%E3%81%92%E3%81%A3%E3%81%A1" n3="%77%72%77%72%77%72%77%72" dan="17,17,17,17" rate="2211.26,2335.26,2216.15,2170.90" sx="M,M,M,M"/><TAIKYOKU oya="0"/><INIT seed="0,0,0,5,4,99" ten="250,250,250,250" oya="0" hai0="113,97,2,46,95,126,70,20,76,51,30,3,122" hai1="21,82,130,66,22,124,105,59,77,117,72,62,9" hai2="98,61,0,134,121,35,56,111,65,127,90,55,91" hai3="118,11,31,68,73,100,135,52,81,87,14,63,33"/><T132/><D113/><U128/><E117/><V93/><F121/><W112/><G112/><T15/><D70/><U96/><E124/><V103/><F127/><W64/><G118/><T45/><D122/><U36/><E36/><V54/><F111/><W123/><G123/><T28/><D76/><U10/><E21/><V1/><F35/><W50/><G135/><T106/><D106/><U16/><E105/><V13/><F134/><W120/><G120/><T23/><D126/><U115/><E115/><V37/><F37/><W19/><G73/><T133/><D15/><U114/><E96/><V43/><F43/><W32/><G31/><T6/><D97/><U79/><E77/><V88/><REACH who="2" step="1"/><F13/><REACH who="2" ten="250,250,240,250" step="2"/><W116/><G116/><T75/><D132/><U60/><E114/><V29/><F29/><W4/><G33/><T48/><D133/><U41/><E41/><V107/><F107/><W34/><G32/><T57/><D30/><U24/><REACH who="1" step="1"/><E60/><REACH who="1" ten="250,240,240,250" step="2"/><V27/><F27/><W101/><G34/><T39/><D39/><U58/><E58/><V5/><F5/><W17/><G4/><T49/><D6/><U40/><E40/><V71/><F71/><W109/><G109/><T110/><D57/><U25/><E25/><V44/><F44/><W7/><G7/><T12/><D110/><U86/><E86/><V108/><F108/><W47/><G19/><T26/><D46/><U85/><E85/><V104/><F104/><W42/><G42/><T125/><D45/><U92/><E92/><V102/><F102/><W38/><G38/><T18/><D125/><U83/><E83/><RYUUKYOKU ba="0,2" sc="250,-30,240,10,240,10,250,10" hai1="9,10,16,22,24,59,62,66,72,79,82,128,130" hai2="0,1,54,55,56,61,65,88,90,91,93,98,103" hai3="11,14,17,47,50,52,63,64,68,81,87,100,101" /><INIT seed="1,1,2,3,5,32" ten="220,250,250,260" oya="1" hai0="49,88,111,94,99,128,67,41,2,3,108,1,8" hai1="29,40,105,16,95,86,132,72,65,19,62,96,118" hai2="60,26,18,97,5,104,66,69,103,37,33,34,39" hai3="51,46,44,30,100,31,75,84,77,119,107,73,45"/><U53/><E118/><V79/><F79/><W120/><G120/><T129/><D67/><U102/><E132/><V87/><F87/><W122/><G122/><T38/><D38/><U93/><E72/><V90/><F90/><W85/><G119/><T135/><D135/><U98/><E40/><V134/><F134/><W110/><G110/><N who="0" m="42027" /><D8/><U25/><E53/><V89/><F89/><W48/><G100/><T13/><D13/><U9/><E86/><V15/><F5/><W27/><G107/><T124/><D124/><U109/><E109/><V70/><F70/><W17/><G17/><T12/><D12/><U14/><E19/><V133/><F133/><W10/><G10/><T22/><D22/><U36/><E36/><V59/><F59/><W57/><G57/><T35/><D35/><N who="1" m="20911" /><E98/><V23/><REACH who="2" step="1"/><F34/><REACH who="2" ten="220,250,240,260" step="2"/><W78/><G44/><AGARI ba="1,3" hai="1,2,3,41,44,49,88,94,99,128,129" m="42027" machi="44" ten="40,8000,1" yaku="14,1,52,3,54,1" doraHai="32" who="0" fromWho="3" sc="220,113,250,0,240,0,260,-83" /><INIT seed="2,0,0,2,0,91" ten="333,250,240,177" oya="2" hai0="22,42,48,92,61,21,54,76,52,103,111,63,36" hai1="17,12,104,96,75,117,41,43,87,110,77,123,74" hai2="86,108,10,80,118,13,19,84,128,132,125,3,69" hai3="32,120,88,55,95,124,33,31,122,114,66,58,5"/><V24/><F118/><W68/><G124/><T106/><D106/><U83/><E117/><V121/><F121/><W133/><G133/><T51/><D111/><U131/><E110/><V44/><F108/><W39/><G39/><T67/><D76/><U4/><E123/><V60/><F132/><W107/><G107/><T25/><D36/><U47/><E131/><V97/><F128/><W28/><G5/><T35/><D42/><U37/><E4/><V46/><F3/><W1/><G1/><T0/><D0/><U30/><E30/><V130/><F125/><W72/><G72/><T56/><D35/><U27/><E27/><V90/><F130/><W102/><G102/><T93/><D103/><U45/><E96/><V29/><F97/><W57/><G68/><T11/><D11/><U20/><E104/><V49/><F86/><W99/><G114/><T71/><D21/><U65/><E65/><V16/><F19/><W8/><G8/><T18/><D63/><U34/><E34/><V2/><F2/><W9/><G9/><T105/><D105/><U59/><E59/><AGARI ba="0,0" hai="18,22,25,48,51,52,54,56,59,61,67,71,92,93" machi="59" ten="30,8000,1" yaku="7,1,9,1,52,2,54,1" doraHai="91" who="0" fromWho="1" sc="333,80,250,-80,240,0,177,0" /><INIT seed="3,0,0,1,5,40" ten="413,170,240,177" oya="3" hai0="26,37,45,28,10,27,79,58,7,93,47,72,117" hai1="132,108,43,104,25,56,77,23,59,135,8,71,70" hai2="2,0,50,42,16,109,78,99,24,62,36,32,111" hai3="91,5,9,1,124,101,98,34,20,67,55,66,89"/><W54/><G124/><T52/><D117/><U100/><E108/><N who="2" m="41547" /><F36/><W21/><G34/><T127/><D72/><U121/><E121/><V75/><F62/><W114/><G114/><T11/><D79/><U125/><E125/><V12/><F99/><W64/><G21/><T31/><D37/><U41/><E77/><V119/><F119/><W81/><G20/><T82/><D82/><U57/><E100/><V51/><F78/><W118/><G118/><T123/><D123/><U22/><E104/><V133/><F75/><W129/><G129/><T128/><D128/><U15/><E71/><V106/><F106/><W126/><G126/><T96/><D27/><U29/><E70/><V90/><F90/><W131/><G131/><T14/><D31/><U13/><E135/><V85/><F85/><W69/><G69/><T61/><D11/><U103/><E103/><V120/><F133/><W94/><REACH who="3" step="1"/><G81/><REACH who="3" ten="413,170,240,167" step="2"/><T92/><D127/><U73/><E132/><V88/><F32/><W76/><G76/><T3/><D28/><U134/><E134/><V113/><F113/><W95/><G95/><T68/><D93/><U30/><E73/><V97/><F120/><W44/><G44/><T46/><D68/><U83/><E83/><V17/><F24/><W116/><G116/><T130/><D47/><U60/><E60/><V107/><F107/><W115/><G115/><T122/><D122/><U48/><E30/><V6/><F0/><W19/><G19/><T39/><D3/><U102/><E29/><V87/><F2/><W110/><G110/><T112/><D92/><U49/><E25/><RYUUKYOKU ba="0,1" sc="413,-10,170,-10,240,-10,167,30" hai3="1,5,9,54,55,64,66,67,89,91,94,98,101" /><INIT seed="3,1,1,5,0,24" ten="403,160,230,197" oya="3" hai0="19,21,82,61,48,106,91,58,12,34,114,22,103" hai1="1,44,51,62,133,98,79,121,63,104,95,119,115" hai2="52,3,50,107,123,32,78,97,112,47,113,81,124" hai3="80,43,89,15,128,75,100,110,2,14,37,0,45"/><W55/><G128/><T66/><D34/><U84/><E121/><V99/><F3/><W5/><G100/><T92/><D106/><U69/><E115/><V49/><F32/><W20/><G110/><T108/><D108/><U93/><E1/><V11/><F123/><W54/><G0/><T38/><D38/><U72/><E69/><V131/><F131/><W85/><G75/><T134/><D134/><U130/><E130/><V74/><F124/><W35/><G35/><T118/><D118/><U18/><E133/><V67/><F67/><W117/><G117/><T109/><D109/><U33/><E33/><V26/><F26/><W64/><G64/><T13/><D48/><U23/><E72/><V129/><F129/><W87/><G87/><N who="0" m="50679" /><D13/><N who="1" m="9679" /><E104/><V4/><F107/><W7/><G14/><T135/><D135/><U86/><E119/><V88/><F74/><W111/><G111/><T28/><D28/><U96/><E84/><V125/><F125/><W122/><G122/><T94/><D103/><N who="1" m="60815" /><E86/><V120/><F120/><W127/><G127/><T70/><D114/><U53/><E79/><V31/><F78/><W77/><G77/><T132/><D70/><U16/><E16/><V76/><F76/><W83/><G83/><T6/><D6/><N who="3" m="2057" /><G2/><T56/><D66/><U65/><E65/><V71/><F81/><W8/><G20/><T29/><D132/><U25/><E25/><V17/><F113/><W73/><G73/><T60/><D22/><U90/><E90/><V102/><F112/><W68/><G68/><T59/><D21/><U30/><E30/><V36/><F31/><RYUUKYOKU ba="1,1" sc="403,-15,160,15,230,-15,197,15" hai1="44,51,53,62,63,95,98" hai3="8,15,37,43,45,54,55,80,85,89" /><INIT seed="3,2,1,3,1,103" ten="388,175,215,212" oya="3" hai0="5,0,96,10,116,62,106,46,23,38,65,82,113" hai1="92,119,26,28,16,80,7,9,90,107,59,122,87" hai2="29,71,35,74,1,34,88,19,17,48,86,15,112" hai3="53,54,118,43,115,49,60,61,32,79,52,128,98"/><W56/><G32/><T124/><D116/><U68/><E122/><V114/><F74/><W8/><G118/><T63/><D124/><U77/><E119/><V78/><F78/><W42/><G115/><T117/><D117/><U22/><E68/><V85/><F71/><W31/><G31/><T132/><D132/><U121/><E121/><V12/><F29/><W20/><G20/><T111/><D111/><U133/><E133/><V18/><F18/><W83/><G128/><T14/><D113/><U40/><E107/><V89/><F48/><W130/><G130/><T36/><D63/><N who="3" m="24137" /><G98/><T37/><D82/><U110/><E110/><V131/><F131/><W6/><G56/><T44/><D23/><U25/><E59/><V129/><F129/><W95/><G95/><T27/><D27/><U72/><E40/><N who="3" m="15402" /><G49/><T75/><D38/><U100/><E100/><V102/><F102/><W30/><G30/><T93/><D37/><U120/><E120/><V91/><F91/><W24/><G24/><T2/><D93/><U127/><E127/><V108/><F108/><W104/><G104/><T109/><D106/><U123/><E123/><V39/><F39/><W47/><G47/><T73/><D46/><U70/><E70/><V67/><F67/><W69/><G69/><T66/><D66/><U41/><E41/><V126/><F126/><W134/><G134/><T125/><D125/><U51/><E51/><V50/><F50/><W105/><G105/><T33/><D36/><U13/><E28/><V101/><F101/><W64/><G64/><T94/><D65/><U99/><E25/><RYUUKYOKU ba="2,1" sc="388,-15,175,15,215,15,212,-15" hai1="7,9,13,16,22,26,72,77,80,87,90,92,99" hai2="1,12,15,17,19,34,35,85,86,88,89,112,114" owari="383,48.3,190,-31.0,230,3.0,197,-20.3" /></mjloggm>