<mjloggm ver="2.3"><GO type="225" lobby="0"/><UN n0="%72%69%6F%75%63%68%61%6E" n1="%E3%81%AF%E3%82%88%E3%81%8A%E3%81%98%E3%81%95%E3%82%93" n2="%E4%B8%8B%E6%AE%B5%E3%83%81%E3%82%A7%E3%83%AA%E3%83%BC" n3="%E9%80%86%E9%80%A3%E5%B8%AF%E3%81%AE%E9%AC%BC" dan="17,16,16,16" rate="2239.49,2170.73,2119.90,2168.00" sx="M,M,M,M"/><TAIKYOKU oya="0"/><INIT seed="0,0,0,5,0,90" ten="250,250,250,250" oya="0" hai0="94,101,134,14,78,12,24,25,88,118,39,74,110" hai1="41,126,38,9,42,0,123,89,99,37,57,58,69" hai2="67,130,97,124,18,19,135,52,6,122,5,61,87" hai3="50,115,36,84,44,114,8,116,55,48,62,86,34"/><T108/><D118/><U10/><E69/><V70/><F122/><W43/><G116/><T106/><D134/><U77/><E77/><V3/><F135/><W133/><G34/><T27/><D39/><U46/><E123/><V76/><F124/><W112/><G133/><T33/><D33/><U40/><E126/><V22/><F130/><W2/><G62/><T95/><D106/><U20/><E20/><V107/><F18/><W65/><G65/><T66/><D66/><U35/><E35/><V72/><F72/><W21/><G21/><T60/><D60/><U16/><E0/><V92/><F107/><W4/><REACH who="3" step="1"/><G36/><REACH who="3" ten="250,250,250,240" step="2"/><T54/><D110/><U104/><E37/><V85/><F67/><W71/><G71/><T82/><D108/><U75/><E38/><V127/><F70/><W1/><G1/><T113/><D113/><U102/><E9/><V93/><F3/><W128/><G128/><T119/><D119/><U64/><E10/><V129/><F129/><W96/><G96/><T120/><D120/><U125/><E64/><V111/><F127/><W23/><G23/><T98/><REACH who="0" step="1"/><D54/><REACH who="0" ten="240,250,250,240" step="2"/><U132/><E125/><V49/><F52/><W83/><G83/><T47/><D47/><AGARI ba="0,2" hai="2,4,8,43,44,47,48,50,55,84,86,112,114,115" machi="47" ten="40,1300,0" yaku="1,1,53,0" doraHai="90" doraHaiUra="79" who="3" fromWho="0" sc="240,-13,250,0,250,0,240,33" /><INIT seed="1,0,0,2,4,102" ten="227,250,250,273" oya="1" hai0="21,15,104,6,99,40,47,9,31,0,126,84,45" hai1="67,118,48,79,23,113,75,83,92,49,131,26,71" hai2="2,133,13,70,38,120,8,25,65,50,76,122,96" hai3="43,74,34,115,128,94,52,112,82,134,42,85,117"/><U98/><E131/><V12/><F38/><W77/><G128/><T10/><D126/><U11/><E113/><V114/><F114/><W69/><G117/><T51/><D84/><U130/><E118/><V37/><F37/><W107/><G134/><T20/><D31/><U72/><E72/><V87/><F2/><W88/><G34/><T53/><D99/><U80/><E80/><V32/><F133/><W106/><G69/><T16/><REACH who="0" step="1"/><D104/><REACH who="0" ten="217,250,250,273" step="2"/><U66/><E130/><V111/><F96/><W97/><G107/><T5/><D5/><U35/><E35/><V62/><F87/><W73/><G73/><T116/><D116/><U59/><E98/><V61/><F122/><W17/><G115/><T129/><D129/><U127/><E127/><V93/><F120/><W44/><G112/><T105/><D105/><U91/><E75/><V1/><F1/><W46/><G17/><T86/><D86/><U39/><E79/><V90/><F76/><W33/><G33/><T132/><D132/><U57/><E83/><V89/><F32/><W135/><G135/><T123/><D123/><U30/><E30/><V63/><F70/><W24/><G106/><T78/><D78/><U55/><E71/><V58/><F93/><W124/><G74/><T22/><D22/><U29/><E92/><V101/><F8/><W108/><G124/><T7/><D7/><U56/><E11/><V36/><F65/><W3/><G3/><T103/><D103/><U119/><E119/><V81/><F101/><W54/><G97/><T14/><D14/><U125/><E125/><V95/><F12/><RYUUKYOKU ba="0,1" sc="217,30,250,-10,250,-10,273,-10" hai0="0,6,9,10,15,16,20,21,40,45,47,51,53" /><INIT seed="2,1,1,2,2,124" ten="247,240,240,263" oya="2" hai0="66,106,5,7,131,82,30,64,15,70,20,90,10" hai1="108,47,48,4,34,9,94,97,31,120,112,93,122" hai2="75,69,43,109,17,12,123,16,24,80,81,50,53" hai3="59,58,57,19,119,45,115,65,99,77,132,26,25"/><V79/><F123/><N who="1" m="47145" /><E108/><V33/><F69/><W67/><G119/><T101/><D131/><U42/><E112/><V13/><F109/><W49/><G132/><T46/><D70/><U55/><E31/><V88/><F43/><W73/><G115/><T71/><D71/><U133/><E34/><V114/><F114/><W56/><G99/><T28/><D5/><U125/><E125/><V2/><F2/><W18/><G77/><T121/><D121/><U62/><E133/><V6/><F33/><W83/><G83/><T74/><D46/><N who="1" m="28055" /><E62/><V27/><F6/><W68/><G73/><T130/><D130/><U39/><E97/><V37/><F37/><W103/><G68/><T107/><D28/><U92/><E93/><V76/><F88/><W104/><G103/><T22/><D101/><U116/><E116/><V95/><F95/><W60/><G104/><T86/><D74/><U113/><E113/><V38/><F38/><W117/><G117/><T8/><D30/><U98/><E98/><V111/><F111/><W128/><G67/><N who="0" m="25643" /><D107/><U134/><E134/><V63/><F63/><W135/><G135/><T23/><D106/><U44/><E47/><V126/><F126/><W96/><G96/><T89/><D90/><U110/><E110/><V54/><F75/><W14/><G128/><T51/><D51/><AGARI ba="1,1" hai="12,13,16,17,24,27,50,51,53,54,76,79,80,81" machi="51" ten="25,9600,0" yaku="22,2,8,1,54,1" doraHai="124" who="2" fromWho="0" sc="247,-99,240,0,240,109,263,0" /><INIT seed="2,2,0,4,2,119" ten="148,240,349,263" oya="2" hai0="73,99,44,8,63,34,26,31,107,75,82,30,46" hai1="12,96,120,13,40,122,104,67,77,14,91,11,128" hai2="131,64,58,88,68,3,72,109,130,115,108,83,111" hai3="132,20,0,21,41,33,81,1,78,116,100,74,45"/><V65/><F115/><W125/><G116/><T39/><D31/><U117/><E117/><V38/><F38/><W112/><G33/><T103/><D8/><U59/><E128/><N who="2" m="49195" /><F3/><W89/><G132/><T50/><D82/><U60/><E40/><V15/><F68/><W62/><G125/><T43/><REACH who="0" step="1"/><D63/><REACH who="0" ten="138,240,349,263" step="2"/><U36/><E77/><N who="2" m="44455" /><F58/><W28/><G81/><T51/><D51/><U19/><E36/><V113/><F113/><W17/><G62/><T70/><D70/><U76/><E76/><V92/><F15/><W10/><G78/><T61/><D61/><U56/><E59/><V110/><F110/><W97/><G112/><T79/><D79/><U55/><E67/><V135/><F135/><W57/><G0/><T32/><D32/><U69/><E69/><V98/><AGARI ba="2,1" hai="64,65,88,92,98,108,109,111" m="44455,49195" machi="98" ten="40,12000,1" yaku="14,1,10,1,19,1,54,1" doraHai="119" who="2" fromWho="2" sc="138,-42,240,-42,349,136,263,-42" /><INIT seed="2,3,0,4,4,122" ten="96,198,485,221" oya="2" hai0="3,46,67,68,83,104,115,10,102,29,1,80,71" hai1="0,103,57,49,11,13,120,77,42,58,116,48,4" hai2="105,54,108,30,6,36,32,38,23,22,8,28,76" hai3="74,69,40,92,33,27,24,47,91,51,111,78,9"/><V123/><F105/><W114/><G114/><T130/><D115/><U55/><E116/><V129/><F76/><W82/><G69/><T64/><D46/><U112/><E112/><V26/><F123/><W31/><G27/><T126/><D104/><U81/><E120/><V79/><F79/><W56/><G9/><T60/><D102/><U135/><E135/><V101/><F101/><W95/><G111/><T89/><D29/><U39/><E103/><V7/><F129/><W119/><G119/><T90/><D10/><U41/><E0/><V72/><F72/><W127/><G127/><T59/><D59/><U88/><E39/><V128/><F128/><W106/><G106/><T50/><D50/><U132/><E132/><V113/><F8/><W99/><G95/><T94/><D130/><U17/><E17/><V98/><F98/><W12/><G12/><T70/><D126/><U133/><E133/><V52/><F26/><W73/><REACH who="3" step="1"/><G56/><REACH who="3" ten="96,198,485,211" step="2"/><T20/><D20/><U110/><E110/><V84/><F113/><W66/><G66/><N who="0" m="25131" /><D60/><U14/><E14/><V16/><F108/><W45/><G45/><T37/><D37/><U43/><E58/><V65/><F65/><W34/><G34/><T21/><D21/><U18/><E18/><V107/><F32/><W75/><AGARI ba="3,1" hai="24,31,33,40,47,51,73,74,75,78,82,91,92,99" machi="75" ten="20,2700,0" yaku="1,1,0,1,7,1,53,0" doraHai="122" doraHaiUra="118" who="3" fromWho="3" sc="96,-10,198,-10,485,-16,211,46" /><INIT seed="3,0,0,0,4,14" ten="86,188,469,257" oya="3" hai0="126,75,100,16,107,15,77,58,9,27,80,98,1" hai1="124,38,117,94,63,109,68,88,93,67,85,111,72" hai2="114,122,35,83,6,110,92,19,130,37,0,57,52" hai3="47,108,131,36,113,12,2,49,5,54,76,61,86"/><W135/><G113/><T39/><D126/><U43/><E72/><V69/><F114/><W104/><G135/><T62/><D39/><U8/><E124/><V121/><F69/><W129/><G104/><T116/><D1/><U70/><E117/><V22/><F37/><W45/><G2/><T89/><D116/><U102/><E8/><N who="2" m="2119" /><F35/><W56/><G108/><N who="1" m="41546" /><E43/><V60/><F110/><W74/><G74/><T44/><D44/><U115/><E115/><V25/><F83/><W42/><G76/><T87/><D27/><U84/><E38/><V34/><F92/><W91/><G5/><T32/><D32/><U24/><E24/><V73/><F73/><W40/><REACH who="3" step="1"/><G12/><REACH who="3" ten="86,188,469,247" step="2"/><T106/><D106/><U11/><E11/><V20/><F122/><W23/><G23/><T28/><D28/><U30/><E30/><V119/><F121/><W50/><G50/><T29/><D29/><U96/><E84/><V21/><F119/><W81/><AGARI ba="0,1" hai="36,40,42,45,47,49,54,56,61,81,86,91,129,131" machi="81" ten="30,3000,0" yaku="1,1,0,1,53,0" doraHai="14" doraHaiUra="101" who="3" fromWho="3" sc="86,-10,188,-10,469,-10,247,40" /><INIT seed="3,1,0,4,2,115" ten="76,178,459,287" oya="3" hai0="124,77,86,101,87,69,23,1,37,95,88,32,14" hai1="8,3,130,97,16,99,123,110,4,51,35,131,25" hai2="2,70,58,113,117,109,27,103,0,68,114,75,126" hai3="34,127,54,102,19,28,134,26,42,66,82,62,9"/><W45/><G134/><T20/><D1/><U94/><E123/><V121/><F75/><W125/><G102/><T61/><D124/><U81/><E110/><V38/><F38/><W129/><G129/><N who="1" m="49162" /><E81/><V52/><F121/><W18/><G54/><T118/><D32/><U36/><E36/><V40/><F40/><W30/><G30/><T29/><D37/><U53/><E94/><V5/><F5/><W15/><G82/><T46/><D46/><N who="1" m="27895" /><E16/><V85/><F126/><W71/><REACH who="3" step="1"/><G19/><REACH who="3" ten="76,178,459,277" step="2"/><T79/><D101/><U76/><E76/><V80/><F103/><W104/><G104/><T6/><D77/><U105/><E105/><V100/><F100/><W106/><G106/><T33/><D79/><U41/><E41/><V11/><F52/><W56/><G56/><T98/><D69/><U83/><E83/><V116/><F58/><W39/><AGARI ba="1,1" hai="9,15,18,26,28,34,39,42,45,62,66,71,125,127" machi="39" ten="30,6000,0" yaku="1,1,0,1,53,1" doraHai="115" doraHaiUra="59" who="3" fromWho="3" sc="76,-21,178,-21,459,-21,277,73" /><INIT seed="3,2,0,2,0,55" ten="55,157,438,350" oya="3" hai0="24,63,52,112,121,45,37,18,33,61,59,20,102" hai1="30,27,87,125,86,8,127,71,116,7,80,98,28" hai2="84,76,91,5,88,67,10,2,49,83,82,93,34" hai3="4,16,41,101,97,70,72,133,92,134,114,17,110"/><W106/><G114/><T89/><D121/><U60/><E116/><V25/><F67/><W19/><G72/><T43/><D112/><U40/><E40/><V3/><F3/><W128/><G128/><T62/><D102/><U53/><E98/><V47/><F34/><W79/><G70/><T11/><D33/><U132/><E132/><V96/><F25/><W111/><G79/><T48/><D11/><U109/><E109/><N who="3" m="41482" /><G4/><T104/><D104/><U68/><E53/><V124/><F124/><N who="1" m="47689" /><E60/><V122/><F122/><W126/><G126/><T15/><REACH who="0" step="1"/><D89/><REACH who="0" ten="45,157,438,350" step="2"/><N who="1" m="51399" /><E8/><V74/><F74/><W35/><G35/><T131/><D131/><U51/><E7/><V77/><F83/><W46/><G106/><T21/><D21/><U103/><E103/><V66/><F66/><W26/><G26/><T81/><D81/><U73/><E27/><V32/><F32/><W113/><G113/><T36/><D36/><AGARI ba="2,1" hai="16,17,19,36,41,46,92,97,101,133,134" m="41482" machi="36" ten="30,5800,0" yaku="14,1,10,1,54,1" doraHai="55" who="3" fromWho="0" sc="45,-64,157,0,438,0,350,74" owari="-19,-51.9,157,-24.3,438,53.8,424,22.4" /></mjloggm>