<mjloggm ver="2.3"><GO type="225" lobby="0"/><UN n0="%E3%81%86%E3%81%A3%E3%81%97%E3%83%BC%30%30" n1="%E3%81%B7%E3%82%8A%E3%82%93%E8%81%96%E4%BA%BA" n2="%E3%81%8C%E3%81%9F" n3="%E9%80%9F%E6%B0%B4%E5%87%9B%E9%A6%99" dan="16,16,16,16" rate="2139.75,2137.15,2065.13,2055.99" sx="M,M,F,F"/><TAIKYOKU oya="0"/><INIT seed="0,0,0,5,3,38" ten="250,250,250,250" oya="0" hai0="45,90,9,116,118,30,27,80,108,33,15,20,36" hai1="120,25,110,101,99,39,57,18,64,66,96,107,71" hai2="1,104,4,91,89,76,124,59,98,79,113,135,0" hai3="62,41,42,37,12,24,21,53,126,23,132,83,73"/><T6/><D108/><U102/><E110/><V17/><F113/><W54/><G132/><T114/><D114/><U72/><E120/><V94/><F135/><W85/><G73/><T133/><D133/><U28/><E18/><V119/><F104/><W63/><G37/><T35/><D90/><U13/><E13/><V16/><F124/><W47/><G126/><T48/><D36/><U32/><E57/><V128/><F59/><W106/><G106/><T109/><D109/><U77/><E66/><V74/><F94/><W3/><G3/><T56/><D56/><U52/><E52/><N who="3" m="20074" /><G47/><T50/><D80/><U130/><E39/><V10/><F10/><W81/><G12/><T88/><D88/><U7/><E7/><V44/><F44/><W75/><G75/><T92/><D92/><U61/><E77/><V122/><F74/><W121/><G121/><T105/><D105/><N who="1" m="63655" /><E72/><V51/><F122/><W58/><G83/><T131/><D131/><AGARI ba="0,0" hai="25,28,32,61,64,71,99,102,107,130,131" m="63655" machi="131" ten="30,2000,0" yaku="25,1,23,1" doraHai="38" who="1" fromWho="0" sc="250,-20,250,20,250,0,250,0" /><INIT seed="1,0,0,0,0,55" ten="230,270,250,250" oya="1" hai0="75,66,93,5,65,41,7,132,69,23,27,72,135" hai1="73,57,83,30,0,123,6,90,129,98,87,122,4" hai2="18,36,32,97,120,121,22,105,42,102,67,43,8" hai3="82,107,3,88,85,80,20,108,95,126,78,48,1"/><U49/><E129/><V28/><F8/><W61/><G107/><T103/><D41/><U77/><E30/><V35/><F67/><W70/><G108/><T117/><D117/><U96/><E122/><V10/><F10/><W34/><G34/><T60/><D66/><U39/><E39/><V113/><F113/><W33/><G33/><T111/><D111/><U81/><E123/><V58/><F32/><W52/><G126/><T106/><D106/><U94/><E96/><V130/><F130/><W51/><G1/><T54/><D54/><U59/><E49/><N who="3" m="19018" /><G3/><T11/><D93/><U91/><REACH who="1" step="1"/><E0/><REACH who="1" ten="230,260,250,250" step="2"/><V25/><F36/><W100/><G100/><T19/><D103/><U13/><E13/><V63/><F120/><W112/><G112/><T124/><D124/><U53/><E53/><V116/><F121/><W56/><G70/><T68/><D69/><U45/><E45/><V128/><F128/><W114/><G114/><T101/><D101/><U134/><E134/><N who="0" m="51241" /><D7/><AGARI ba="0,1" hai="4,6,7,57,59,73,77,81,83,87,90,91,94,98" machi="7" ten="40,7700,0" yaku="1,1,52,2,53,0" doraHai="55" doraHaiUra="47" who="1" fromWho="0" sc="230,-77,260,87,250,0,250,0" /><INIT seed="1,1,0,1,5,135" ten="153,347,250,250" oya="1" hai0="101,115,125,127,134,82,13,43,61,91,11,56,90" hai1="119,86,81,59,103,120,27,64,113,124,35,29,54" hai2="76,40,78,65,96,122,46,102,133,95,42,74,62" hai3="129,12,6,123,30,83,21,20,23,45,92,41,110"/><U47/><E113/><V104/><F122/><W88/><G123/><T111/><D115/><U85/><E120/><V53/><F133/><W22/><G110/><T52/><D134/><U4/><E103/><V75/><F75/><W49/><G129/><T25/><D111/><U68/><E119/><V57/><F104/><W24/><G83/><T16/><D101/><U32/><E4/><V105/><F105/><W94/><G94/><T58/><D43/><N who="2" m="16426" /><F74/><W31/><G31/><T5/><D82/><U7/><E7/><V114/><F114/><W121/><G121/><T17/><D58/><U112/><E112/><V18/><F18/><N who="0" m="7274" /><D25/><U14/><E14/><V50/><AGARI ba="1,0" hai="46,50,53,57,62,65,76,78,95,96,102" m="16426" machi="50" ten="30,1100,0" yaku="8,1" doraHai="135" who="2" fromWho="2" sc="153,-4,347,-6,250,14,250,-4" /><INIT seed="2,0,0,3,4,87" ten="149,341,264,246" oya="2" hai0="61,111,59,5,21,32,2,100,127,78,39,71,63" hai1="11,56,83,38,124,130,12,98,67,85,43,24,131" hai2="35,48,55,40,68,10,34,135,15,82,20,119,17" hai3="93,64,95,80,99,123,126,65,102,77,19,128,13"/><V16/><F119/><W122/><G123/><T86/><D32/><U36/><E124/><V96/><F68/><W116/><G122/><T62/><D127/><U29/><E98/><V33/><F135/><W97/><G126/><T76/><D111/><U45/><E56/><V129/><F129/><N who="1" m="49161" /><E67/><V0/><F0/><W118/><G128/><T69/><D39/><U23/><E45/><V37/><F37/><W42/><G42/><T109/><D109/><U75/><E43/><V115/><F115/><W94/><G94/><T132/><D132/><U4/><E75/><V49/><F40/><W66/><G80/><T90/><D100/><U73/><E73/><V114/><F114/><W46/><G46/><T9/><D59/><U60/><E60/><V84/><F96/><W3/><G77/><AGARI ba="0,0" hai="4,11,12,23,24,29,36,38,77,83,85" m="49161" machi="77" ten="30,1000,0" yaku="19,1" doraHai="87" who="1" fromWho="3" sc="149,0,341,10,264,0,246,-10" /><INIT seed="3,0,0,5,1,129" ten="149,351,264,236" oya="3" hai0="130,80,43,61,42,106,91,62,75,118,99,5,72" hai1="19,116,110,22,120,27,107,105,98,90,10,8,109" hai2="70,41,52,126,78,127,94,114,58,64,132,59,54" hai3="133,92,39,83,74,81,128,96,48,36,113,31,46"/><W102/><G113/><T119/><D130/><U53/><E120/><V117/><F114/><W40/><G128/><T16/><D5/><U85/><E116/><V14/><F117/><W86/><G31/><T88/><D106/><U101/><E53/><V57/><F78/><W26/><G26/><T30/><D30/><U7/><E105/><V35/><F35/><W67/><G67/><T38/><D99/><U121/><E121/><V111/><F111/><N who="1" m="42505" /><E7/><V73/><F73/><W25/><G25/><T63/><D80/><AGARI ba="0,0" hai="8,10,19,22,27,80,85,90,98,101,107" m="42505" machi="80" ten="30,1000,0" yaku="14,1" doraHai="129" who="1" fromWho="0" sc="149,-10,351,10,264,0,236,0" owari="139,-36.1,361,46.1,264,6.4,236,-16.4" /></mjloggm>