<mjloggm ver="2.3"><GO type="225" lobby="0"/><UN n0="%E5%B8%86%E7%AB%8B%E5%A4%8F%E8%A1%A3" n1="%E6%9D%B1%E9%A2%A8%E3%81%AE%E3%81%8D%E3%82%83%E3%81%B7%E3%81%95%E3%82%93" n2="%E3%83%A9%E3%83%96%E3%83%AC%E3%83%BC" n3="%E3%83%81%E3%83%AF%E3%83%AF%E9%9A%8A%E9%95%B7" dan="16,17,16,16" rate="2135.38,2208.06,2062.85,2117.93" sx="M,M,M,M"/><TAIKYOKU oya="0"/><INIT seed="0,0,0,5,2,68" ten="250,250,250,250" oya="0" hai0="0,27,116,85,94,92,1,81,46,26,80,89,130" hai1="48,41,69,120,125,131,105,3,71,55,88,19,36" hai2="58,37,20,127,75,97,29,9,121,115,33,103,93" hai3="77,95,128,8,60,15,47,100,118,101,38,122,4"/><T5/><D116/><U42/><E105/><V32/><F75/><W11/><G118/><T40/><D130/><U67/><E120/><V31/><F115/><W74/><G128/><T119/><D119/><U53/><E3/><V59/><F127/><W22/><G122/><T54/><D0/><U49/><E131/><V18/><F33/><W7/><G22/><T62/><D1/><U114/><E19/><V107/><F37/><W44/><G38/><T56/><D5/><U76/><E76/><V72/><F72/><W109/><G109/><T21/><D94/><U96/><E125/><V57/><F32/><W102/><G95/><T35/><D27/><U112/><E96/><V61/><F9/><W111/><G111/><T117/><D35/><U6/><E6/><V2/><F2/><W133/><G133/><T113/><D113/><U23/><E23/><V13/><F107/><W90/><G90/><T110/><D110/><U30/><E67/><V123/><F121/><W134/><G134/><T63/><D62/><U82/><E82/><V43/><F43/><W99/><G99/><T10/><D10/><U66/><E66/><N who="2" m="39215" /><F123/><W50/><G74/><T14/><D117/><U70/><E70/><V106/><F106/><W135/><G135/><T84/><D84/><U51/><E114/><V79/><F79/><W91/><G77/><T65/><D65/><U28/><E112/><V108/><F108/><W25/><G4/><T129/><D129/><U73/><E73/><V45/><F45/><W16/><G7/><T39/><D14/><U34/><E34/><V124/><F124/><RYUUKYOKU ba="0,0" sc="250,15,250,-15,250,15,250,-15" hai0="21,26,39,40,46,54,56,63,80,81,85,89,92" hai2="13,18,20,29,31,58,59,93,97,103" /><INIT seed="0,1,0,4,3,52" ten="265,235,265,235" oya="0" hai0="29,71,132,124,93,61,120,34,117,21,89,108,14" hai1="102,46,10,91,84,69,60,133,25,92,100,20,26" hai2="134,79,43,63,125,48,128,41,127,42,47,83,110" hai3="85,22,135,40,15,77,96,57,11,50,44,104,101"/><T38/><D120/><U98/><E133/><V24/><F134/><W118/><G135/><T59/><D132/><U115/><E115/><V80/><F128/><W116/><G22/><T54/><D117/><U4/><E46/><V109/><F24/><W55/><G85/><T16/><D124/><N who="2" m="47690" /><F63/><W31/><G77/><T74/><D38/><U107/><E102/><V5/><F5/><W105/><G105/><T35/><D74/><U58/><E69/><V2/><F2/><W68/><G31/><T82/><D108/><N who="2" m="41578" /><F83/><W122/><G68/><T121/><D121/><U32/><E32/><V30/><F30/><W67/><G122/><T129/><D129/><U36/><E36/><V27/><F27/><W90/><G118/><T53/><D71/><U37/><E37/><V23/><F23/><W39/><G116/><T88/><D29/><U8/><E4/><V62/><F62/><W76/><G39/><T1/><D1/><U113/><E113/><V0/><F0/><W33/><G33/><T28/><D28/><U9/><REACH who="1" step="1"/><E20/><REACH who="1" ten="265,225,265,235" step="2"/><V65/><F65/><AGARI ba="1,1" hai="8,9,10,25,26,58,60,65,84,91,92,98,100,107" machi="65" ten="40,8000,1" yaku="1,1,2,1,52,1,53,1" doraHai="52" doraHaiUra="87" who="1" fromWho="2" sc="265,0,225,93,265,-83,235,0" /><INIT seed="1,0,0,1,5,64" ten="265,318,182,235" oya="1" hai0="125,0,59,17,114,43,29,13,56,52,47,35,89" hai1="30,65,73,100,19,25,135,122,96,10,91,55,41" hai2="113,6,72,44,129,23,48,98,95,42,104,69,128" hai3="60,24,108,54,133,103,76,131,83,58,99,36,16"/><U106/><E73/><V45/><F104/><W109/><G36/><T31/><D114/><U119/><E119/><V70/><F72/><W32/><G131/><N who="2" m="50249" /><F6/><W39/><G39/><T5/><D125/><U101/><E122/><V85/><F85/><W7/><G133/><T8/><D89/><U57/><E135/><V71/><F23/><W50/><G7/><T126/><D126/><U75/><E75/><V115/><F45/><W49/><G32/><T4/><D4/><U62/><E41/><V120/><F120/><W67/><G24/><T33/><D33/><U74/><E74/><V110/><F110/><N who="3" m="42603" /><G16/><T118/><D118/><U97/><E91/><AGARI ba="0,0" hai="42,44,48,69,70,71,91,95,98,113,115" m="50249" machi="91" ten="40,8000,1" yaku="19,1,52,3" doraHai="64" who="2" fromWho="1" sc="265,0,318,-80,182,80,235,0" /><INIT seed="2,0,0,1,4,107" ten="265,238,262,235" oya="2" hai0="76,98,72,28,94,128,69,45,114,8,46,24,124" hai1="70,17,0,22,47,84,78,77,33,118,108,133,14" hai2="101,18,85,48,83,130,26,71,54,80,31,134,15" hai3="123,112,30,91,132,7,110,62,43,99,27,44,90"/><V16/><F71/><W89/><G123/><T6/><D114/><U57/><E0/><V38/><F38/><W100/><G112/><T88/><D69/><U126/><E70/><V115/><F115/><W34/><G110/><T32/><D128/><U120/><E33/><V42/><F42/><W79/><G132/><T64/><D64/><U53/><E118/><V52/><F130/><W104/><G7/><T102/><D124/><U127/><E133/><V122/><F101/><W87/><G62/><T86/><D76/><U73/><E108/><V109/><F122/><W97/><G97/><T68/><D72/><U66/><E66/><V103/><F103/><W36/><REACH who="3" step="1"/><G79/><REACH who="3" ten="265,238,262,225" step="2"/><T96/><D98/><U19/><E120/><V59/><F134/><W60/><G60/><T61/><D61/><U25/><E78/><V13/><F109/><W41/><G41/><T12/><REACH who="0" step="1"/><D68/><REACH who="0" ten="255,238,262,225" step="2"/><U4/><E127/><V35/><F85/><AGARI ba="0,2" hai="27,30,34,36,43,44,85,87,89,90,91,99,100,104" machi="85" ten="40,1300,0" yaku="1,1,53,0" doraHai="107" doraHaiUra="49" who="3" fromWho="2" sc="255,0,238,0,262,-13,225,33" /><INIT seed="3,0,0,5,2,17" ten="255,238,249,258" oya="3" hai0="103,125,33,117,27,36,119,124,26,75,88,50,41" hai1="82,20,60,54,52,15,127,12,126,63,37,61,19" hai2="18,34,62,49,86,14,76,106,118,87,105,84,80" hai3="35,43,10,2,79,89,4,38,13,59,42,68,31"/><W109/><G68/><T92/><D36/><U30/><E37/><V131/><F118/><W112/><G112/><T128/><D75/><U47/><E30/><V97/><F34/><W90/><G109/><T99/><D128/><U69/><E69/><V114/><F114/><W65/><G79/><T113/><D113/><U96/><E82/><V91/><F131/><W135/><G135/><T21/><D33/><U130/><E130/><V101/><F62/><N who="3" m="38111" /><G2/><T133/><D27/><U107/><E12/><V32/><F32/><W53/><G38/><T3/><D3/><U9/><E9/><V40/><F106/><W70/><G70/><T57/><D133/><U81/><E81/><V85/><F40/><N who="3" m="15403" /><G35/><T98/><D119/><U73/><E73/><V74/><F49/><W8/><G8/><T5/><D117/><U83/><E83/><V11/><REACH who="2" step="1"/><F74/><REACH who="2" ten="255,238,239,258" step="2"/><W95/><G4/><T6/><D6/><U71/><E71/><V25/><F25/><W64/><G64/><T129/><D26/><U93/><E107/><V56/><F56/><W22/><G53/><N who="0" m="31927" /><D5/><U102/><REACH who="1" step="1"/><E47/><REACH who="1" ten="255,228,239,258" step="2"/><V16/><F16/><W108/><G108/><T100/><D129/><U7/><E7/><V55/><F55/><AGARI ba="0,2" hai="15,19,20,52,54,55,60,61,63,93,96,102,126,127" machi="55" ten="40,5200,0" yaku="1,1,52,1,54,1,53,0" doraHai="17" doraHaiUra="46" who="1" fromWho="2" sc="255,0,228,72,239,-52,258,0" owari="255,-14.5,300,40.0,187,-31.3,258,5.8" /></mjloggm>