<mjloggm ver="2.3"><GO type="225" lobby="0"/><UN n0="%E3%81%99%E3%81%84%E3%81%BE%E3%81%9B%E3%83%BC%E3%82%93" n1="%E3%81%A8%E3%82%93%E3%81%A8%E3%81%93%E3%81%A8%E3%82%93" n2="%E9%A6%AC%E4%BA%86%E9%9A%94%E5%A3%81" n3="%6D%75%75%6D%75%72%61" dan="17,16,17,16" rate="2214.80,2113.10,2181.91,2114.64" sx="M,F,M,F"/><TAIKYOKU oya="0"/><INIT seed="0,0,0,5,5,20" ten="250,250,250,250" oya="0" hai0="33,114,49,113,132,67,53,55,89,66,22,28,135" hai1="106,69,72,131,86,45,81,119,3,46,90,12,64" hai2="133,83,82,79,91,75,93,95,118,74,18,9,39" hai3="62,96,59,35,65,117,123,26,2,14,73,124,6"/><T44/><D33/><U120/><E3/><V68/><F68/><W51/><G117/><T30/><D89/><U76/><E120/><V48/><F39/><W104/><G73/><T99/><D99/><U100/><E119/><V25/><F118/><W71/><G124/><T92/><D92/><N who="1" m="54359" /><E12/><V19/><F133/><N who="0" m="51274" /><D22/><U78/><E78/><V15/><F48/><W61/><G123/><T10/><D10/><U105/><E105/><V112/><F112/><N who="0" m="43114" /><D28/><U101/><E101/><V84/><F75/><W115/><G115/><T7/><D30/><U110/><E110/><V34/><REACH who="2" step="1"/><F18/><REACH who="2" ten="250,250,240,250" step="2"/><W94/><G51/><N who="0" m="28903" /><D7/><U1/><E131/><V126/><F126/><W130/><G6/><T17/><D17/><U40/><E40/><V63/><F63/><W54/><G62/><T56/><AGARI ba="0,1" hai="49,55,56,66,67" m="28903,43114,51274" machi="56" ten="30,6000,0" yaku="20,1,34,2" doraHai="20" who="0" fromWho="0" sc="250,70,250,-20,240,-20,250,-20" /><INIT seed="0,1,0,2,3,23" ten="320,230,220,230" oya="0" hai0="109,25,112,35,32,30,79,91,53,21,71,46,74" hai1="40,61,99,126,105,63,48,56,98,51,114,27,85" hai2="37,62,86,2,15,113,43,34,94,89,59,8,128" hai3="17,134,121,66,50,122,78,106,65,124,125,9,131"/><T54/><D112/><U3/><E3/><V108/><F113/><W96/><G78/><T55/><D71/><U129/><E114/><V24/><F108/><W60/><G50/><T22/><D109/><U84/><E129/><V38/><F128/><W69/><G131/><T10/><D10/><U52/><E126/><N who="3" m="48746" /><G66/><T29/><D91/><U36/><E36/><V97/><F2/><W28/><G28/><T120/><D46/><U73/><E73/><V67/><F43/><W45/><G45/><T102/><D102/><U117/><E117/><V44/><F44/><W101/><G134/><T4/><D4/><U107/><E40/><V82/><F34/><W72/><G72/><T123/><D79/><U13/><E13/><AGARI ba="1,0" hai="9,13,17,60,65,69,96,101,106,121,122" m="48746" machi="13" ten="30,1000,0" yaku="18,1" doraHai="23" who="3" fromWho="1" sc="320,0,230,-13,220,0,230,13" /><INIT seed="1,0,0,0,4,66" ten="320,217,220,243" oya="1" hai0="79,125,119,4,12,76,39,87,31,131,1,105,86" hai1="34,90,37,63,8,40,114,75,13,109,88,64,33" hai2="15,92,132,2,28,0,57,120,84,115,23,47,30" hai3="9,19,85,89,98,55,17,56,14,110,96,20,45"/><U70/><E114/><V42/><F120/><W94/><G110/><T25/><D1/><U38/><E75/><V121/><F121/><W61/><REACH who="3" step="1"/><G45/><REACH who="3" ten="320,217,220,233" step="2"/><T127/><D127/><U129/><E109/><V100/><F115/><W82/><G82/><T107/><D125/><U74/><E129/><V99/><F132/><W117/><G117/><T103/><D119/><U116/><E116/><V7/><F0/><W128/><G128/><T93/><D131/><U35/><E74/><V36/><F2/><W111/><G111/><T122/><D122/><U50/><E50/><V83/><F83/><W62/><G62/><T65/><D76/><U26/><E38/><V95/><F47/><W3/><G3/><T29/><D79/><U91/><E37/><V27/><F36/><W49/><G49/><T112/><D39/><U46/><E46/><V43/><F43/><W59/><G59/><T67/><D112/><U6/><REACH who="1" step="1"/><E40/><REACH who="1" ten="320,207,220,233" step="2"/><V108/><F42/><W81/><G81/><T18/><D107/><U130/><E130/><V133/><F108/><W106/><G106/><T41/><D105/><U72/><E72/><V78/><F133/><W24/><AGARI ba="0,2" hai="9,14,17,19,20,24,55,56,61,85,89,94,96,98" machi="24" ten="20,8000,1" yaku="1,1,0,1,7,1,8,1,53,1" doraHai="66" doraHaiUra="48" who="3" fromWho="3" sc="320,-20,207,-40,220,-20,233,100" /><INIT seed="2,0,0,4,3,30" ten="300,167,200,333" oya="2" hai0="119,66,23,121,6,131,2,106,54,50,103,133,122" hai1="11,111,112,124,76,105,84,1,47,52,15,40,21" hai2="29,14,57,87,74,48,90,100,32,104,98,77,49" hai3="99,91,113,34,68,31,80,3,17,73,128,114,72"/><V51/><F14/><W8/><G68/><T38/><D38/><U58/><E112/><N who="3" m="43114" /><G128/><T95/><D106/><U12/><E105/><V78/><F57/><W82/><G17/><T24/><D131/><U61/><E111/><V135/><F135/><W59/><G59/><T35/><D133/><U60/><E124/><V110/><F110/><W20/><G20/><T127/><D35/><U81/><E1/><V19/><F19/><W92/><G31/><T63/><D127/><U45/><E40/><V101/><F101/><W4/><G34/><T116/><D6/><U26/><E61/><V65/><F65/><W7/><G7/><T93/><D2/><U88/><E76/><V27/><REACH who="2" step="1"/><F74/><AGARI ba="0,0" hai="3,4,8,72,73,74,80,82,91,92,99" m="43114" machi="74" ten="30,1000,0" yaku="11,1" doraHai="30" who="3" fromWho="2" sc="300,0,167,0,200,-10,333,10" /><INIT seed="3,0,0,3,3,1" ten="300,167,190,343" oya="3" hai0="52,131,104,125,34,58,59,111,96,77,84,61,7" hai1="93,91,123,64,122,115,20,22,47,40,120,33,106" hai2="121,105,57,27,128,135,28,82,83,9,3,30,99" hai3="92,114,108,39,103,68,32,19,11,109,6,102,101"/><W79/><G114/><T85/><D34/><U113/><E106/><V132/><F128/><W25/><G68/><T21/><D131/><U112/><E33/><V73/><F121/><W63/><G39/><T15/><D111/><N who="3" m="42569" /><G63/><T100/><D125/><U124/><E64/><V127/><F57/><W80/><G92/><T130/><D130/><U23/><E124/><V48/><F48/><W13/><G32/><T110/><D77/><U129/><E129/><V53/><F53/><W66/><G66/><T62/><D110/><U126/><E126/><V26/><F127/><W86/><G25/><T71/><D71/><U90/><E93/><V50/><F50/><AGARI ba="0,0" hai="20,22,23,40,47,50,90,91,112,113,115,120,122,123" machi="50" ten="50,3200,0" yaku="29,2" doraHai="1" who="1" fromWho="2" sc="300,0,167,32,190,-32,343,0" owari="300,10.0,199,-20.1,158,-34.2,343,44.3" /></mjloggm>