<mjloggm ver="2.3"><GO type="225" lobby="0"/><UN n0="%E6%9D%B1%E9%A2%A8%E3%81%AE%E3%81%8D%E3%82%83%E3%81%B7%E3%81%95%E3%82%93" n1="%E5%86%B7%E5%87%8D%E3%82%AE%E3%83%A7%E3%83%BC%E3%82%B6" n2="%E3%83%99%E3%83%AB%E3%83%A2%E3%83%83%E3%83%88" n3="%E5%8D%A0%E3%81%84%E5%B8%AB%E8%A3%8F%E3%81%AA%E3%81%84%E3%81%97" dan="16,17,16,16" rate="2230.18,2202.38,2102.29,2162.22" sx="M,M,M,M"/><TAIKYOKU oya="0"/><INIT seed="0,0,0,2,4,8" ten="250,250,250,250" oya="0" hai0="116,129,19,113,92,63,25,56,106,16,9,66,4" hai1="52,13,67,26,90,127,84,47,6,81,40,10,5" hai2="98,112,27,117,53,131,23,91,93,61,107,121,79" hai3="68,57,31,51,130,99,37,48,95,30,44,78,54"/><T21/><D106/><U49/><E127/><V89/><F112/><W73/><G130/><T109/><D113/><U2/><E67/><V80/><F121/><W122/><G122/><T105/><D105/><U85/><E26/><V32/><F32/><W41/><G68/><T88/><D116/><U82/><E2/><V15/><F15/><W20/><G78/><T36/><D36/><U126/><E126/><V103/><F131/><W55/><G73/><T101/><D129/><U39/><E5/><V59/><F117/><W71/><G71/><T65/><D101/><U123/><E123/><V124/><F124/><W108/><G108/><T115/><D115/><U29/><E29/><V75/><REACH who="2" step="1"/><F107/><REACH who="2" ten="250,250,240,250" step="2"/><W133/><G133/><T125/><D125/><U94/><REACH who="1" step="1"/><E84/><REACH who="1" ten="250,240,240,250" step="2"/><V1/><F1/><W46/><REACH who="3" step="1"/><G20/><REACH who="3" ten="250,240,240,240" step="2"/><T3/><D109/><U45/><AGARI ba="0,3" hai="6,10,13,39,40,45,47,49,52,81,82,85,90,94" machi="45" ten="20,12000,2" yaku="1,1,2,1,0,1,7,1,52,1,54,1,53,1" doraHai="8" doraHaiUra="7" who="1" fromWho="1" sc="250,-60,240,150,240,-30,240,-30" /><INIT seed="1,0,0,0,0,21" ten="190,390,210,210" oya="1" hai0="40,87,63,116,8,104,69,25,122,90,33,4,93" hai1="102,111,100,31,80,74,59,51,68,132,42,46,43" hai2="35,27,9,6,3,14,64,24,88,73,96,129,38" hai3="112,109,119,5,107,41,72,76,84,1,12,127,105"/><U114/><E114/><V124/><F73/><W134/><G12/><T91/><D116/><U13/><E68/><V115/><F38/><W18/><G41/><T34/><D122/><U16/><E132/><V0/><F64/><W10/><G18/><T121/><D121/><U106/><E106/><V44/><F35/><W60/><G84/><T81/><D40/><U20/><E111/><V98/><F115/><W118/><G112/><T135/><D104/><U70/><E70/><V36/><F3/><W19/><G19/><T95/><D81/><U103/><E59/><V85/><F36/><W48/><G48/><T66/><D25/><N who="2" m="9802" /><F0/><W65/><G109/><T52/><D52/><U17/><E31/><V128/><F44/><W75/><G134/><T53/><D53/><N who="1" m="29943" /><E74/><V113/><F113/><W108/><G108/><T83/><D83/><U57/><E80/><N who="2" m="49191" /><F124/><W58/><G127/><T110/><D110/><U94/><E57/><V30/><F30/><W2/><G2/><T45/><D45/><U37/><E37/><V56/><F56/><W32/><G75/><T22/><D135/><U50/><E13/><V97/><F129/><W123/><G123/><T78/><D33/><U23/><E23/><V47/><F128/><W39/><G39/><T117/><D34/><U86/><E20/><V67/><F67/><W89/><G32/><T62/><D66/><U133/><E133/><V11/><F47/><W101/><G105/><T29/><D69/><U26/><E42/><V28/><F28/><W82/><G89/><T126/><D29/><U130/><E130/><V131/><F131/><RYUUKYOKU ba="0,0" sc="190,-15,390,-15,210,15,210,15" hai2="6,9,11,14,96,97,98" hai3="1,5,10,58,60,65,72,76,82,101,107,118,119" /><INIT seed="2,1,0,3,3,120" ten="175,375,225,225" oya="2" hai0="60,30,37,61,77,113,29,44,41,132,75,39,73" hai1="6,59,100,58,32,40,79,131,12,83,23,122,94" hai2="98,66,53,31,16,69,127,21,135,89,80,19,101" hai3="34,128,129,52,106,26,35,133,49,103,33,42,87"/><V9/><F135/><W108/><G133/><T90/><D132/><U22/><E32/><V17/><F127/><W118/><G118/><T10/><D113/><U107/><E107/><V20/><F9/><W104/><G42/><T123/><D123/><U57/><E131/><N who="3" m="50250" /><G108/><T70/><D10/><N who="1" m="4183" /><E40/><V99/><F69/><W46/><G103/><T116/><D116/><U111/><E111/><V47/><F66/><W18/><G87/><T82/><D37/><U54/><E54/><V13/><F31/><W105/><G18/><T95/><D75/><U7/><E7/><V1/><F1/><W96/><G96/><N who="2" m="36905" /><F101/><W36/><G36/><T3/><D3/><U71/><E71/><V125/><F125/><W74/><G74/><T130/><D130/><U15/><E100/><V115/><F115/><W0/><G0/><T64/><REACH who="0" step="1"/><D61/><REACH who="0" ten="165,375,225,225" step="2"/><U134/><E122/><V121/><F121/><W97/><G97/><AGARI ba="1,1" hai="29,30,39,41,44,60,64,70,73,77,82,90,95,97" machi="97" ten="30,3900,0" yaku="1,1,2,1,7,1,53,0" doraHai="120" doraHaiUra="48" who="0" fromWho="3" sc="165,52,375,0,225,0,225,-42" /><INIT seed="3,0,0,2,0,69" ten="217,375,225,183" oya="3" hai0="112,120,111,129,63,119,58,108,127,46,90,126,115" hai1="15,21,84,10,106,94,128,34,135,133,29,114,131" hai2="53,66,44,103,98,38,5,117,39,40,82,102,96" hai3="14,17,99,130,30,71,75,16,4,48,41,54,47"/><W64/><G75/><T80/><D80/><U3/><E106/><V37/><F66/><W104/><G130/><N who="1" m="49706" /><E34/><V113/><F113/><N who="0" m="43594" /><D90/><N who="1" m="53575" /><E3/><V1/><F117/><W20/><G30/><T36/><D129/><U51/><E51/><V122/><F122/><W31/><G31/><T68/><D68/><U93/><E93/><V22/><F82/><W7/><G17/><T33/><D33/><U67/><E67/><V61/><F22/><W13/><G13/><T105/><D105/><U62/><E62/><V77/><F77/><W50/><G99/><T118/><D120/><U109/><E109/><N who="0" m="42057" /><D46/><U73/><E73/><V52/><F44/><W110/><G110/><T123/><D123/><U86/><E86/><V132/><F1/><W76/><G104/><T43/><D118/><U60/><E114/><V25/><F102/><W28/><G28/><T124/><D119/><U116/><E116/><V91/><F103/><W49/><G76/><T2/><D2/><U18/><E60/><V89/><F91/><W55/><G71/><T125/><D125/><U11/><E29/><V24/><F61/><W9/><G64/><N who="0" m="39031" /><D43/><U107/><E107/><V65/><F40/><W92/><G92/><T27/><D27/><N who="2" m="10314" /><F65/><W74/><G74/><T8/><D8/><AGARI ba="0,0" hai="8,10,11,15,18,21,133,135" m="53575,49706" machi="8" ten="30,1000,0" yaku="19,1" doraHai="69" who="1" fromWho="0" sc="217,-10,375,10,225,0,183,0" owari="207,-19.3,385,48.5,225,2.5,183,-31.7" /></mjloggm>