<mjloggm ver="2.3"><GO type="225" lobby="0"/><UN n0="%E4%BF%BA%E3%81%A8%E5%A6%96%E5%A4%A2" n1="%E6%97%A5%E6%9B%9C%E6%97%A5%E3%82%88%E3%82%8A%E3%81%AE%E4%BD%BF%E8%80%85" n2="%E3%81%B5%E3%81%98%E3%81%8B%E3%81%A4" n3="%E3%81%BF%E3%81%BF%E3%81%9A" dan="17,17,16,18" rate="2169.07,2098.10,2161.22,2225.15" sx="F,M,M,M"/><TAIKYOKU oya="0"/><INIT seed="0,0,0,3,2,65" ten="250,250,250,250" oya="0" hai0="71,130,2,53,43,134,117,49,12,106,73,66,99" hai1="31,132,128,122,116,67,69,25,100,18,60,42,35" hai2="13,88,79,114,75,113,55,28,56,119,112,24,82" hai3="41,74,0,97,4,89,6,98,46,59,3,120,50"/><T40/><D2/><U121/><E116/><V51/><F119/><W92/><G74/><T61/><D73/><U54/><E128/><V9/><F88/><W17/><G120/><T127/><D117/><U68/><E132/><V102/><F102/><W83/><G83/><T131/><D12/><U118/><E118/><V39/><F39/><W81/><G81/><T27/><D27/><U19/><E42/><N who="0" m="15913" /><D99/><U37/><E37/><V34/><REACH who="2" step="1"/><F114/><REACH who="2" ten="250,250,240,250" step="2"/><W124/><G89/><T95/><D134/><U33/><E100/><V21/><F21/><W109/><G98/><T123/><D123/><U133/><E122/><V62/><F62/><W14/><G97/><T115/><D115/><U104/><E121/><V29/><F29/><W94/><G92/><T44/><D95/><U36/><E31/><V64/><F64/><W52/><G94/><T48/><D106/><U11/><E67/><V15/><F15/><W8/><G0/><T91/><D91/><U87/><E36/><V103/><F103/><W32/><G3/><T80/><D80/><U1/><E104/><V93/><F93/><W22/><G22/><T57/><D127/><U101/><E101/><V110/><F110/><W105/><G124/><T7/><D7/><AGARI ba="0,1" hai="7,9,13,24,28,34,51,55,56,75,79,82,112,113" machi="7" ten="30,3900,0" yaku="1,1,7,1,53,1" doraHai="65" doraHaiUra="72" who="2" fromWho="0" sc="250,-39,250,0,240,49,250,0" /><INIT seed="1,0,0,3,5,116" ten="211,250,289,250" oya="1" hai0="11,74,100,120,15,69,119,53,28,76,115,103,113" hai1="61,51,40,125,106,52,24,14,10,33,96,75,2" hai2="126,110,38,94,29,23,9,127,32,105,4,22,12" hai3="71,27,131,63,3,79,93,78,21,19,111,118,65"/><U6/><E75/><V122/><F105/><W128/><G118/><T26/><D119/><U124/><E40/><V8/><F38/><W36/><G111/><T45/><D69/><U104/><E61/><V90/><F110/><W16/><G36/><T50/><D115/><U31/><E2/><N who="2" m="23" /><F90/><W80/><G3/><T109/><D113/><U0/><E0/><V25/><F94/><W85/><G93/><T91/><D109/><U54/><E54/><V114/><F114/><W89/><REACH who="3" step="1"/><G19/><REACH who="3" ten="211,250,289,240" step="2"/><T59/><D120/><U56/><REACH who="1" step="1"/><E96/><REACH who="1" ten="211,240,289,240" step="2"/><V30/><F122/><W130/><AGARI ba="0,2" hai="16,21,27,63,65,71,78,79,80,85,89,128,130,131" machi="130" ten="30,8000,1" yaku="1,1,2,1,0,1,19,1,54,1,53,0" doraHai="116" doraHaiUra="121" who="3" fromWho="3" sc="211,-20,240,-40,289,-20,240,100" /><INIT seed="2,0,0,5,3,60" ten="191,200,269,340" oya="2" hai0="24,119,40,44,101,113,56,67,61,78,43,79,15" hai1="34,28,83,102,118,4,47,93,14,116,131,71,36" hai2="120,72,27,82,91,76,41,3,62,70,37,16,81" hai3="54,98,59,12,85,9,87,42,58,84,55,95,125"/><V122/><F3/><W29/><G125/><T75/><D113/><U99/><E71/><V106/><F106/><W30/><G42/><T117/><D101/><U89/><E131/><V90/><F41/><W38/><G38/><T130/><D130/><U18/><E4/><V21/><F37/><W115/><G115/><T48/><D40/><U50/><E36/><V11/><F11/><W1/><G1/><T22/><D15/><U7/><E7/><V114/><F114/><W127/><G127/><T53/><D43/><U57/><E57/><N who="3" m="21514" /><G30/><T126/><D126/><U133/><E133/><V17/><F17/><N who="3" m="8335" /><G29/><N who="0" m="17559" /><D75/><U97/><E28/><V105/><F105/><W104/><G104/><T32/><D32/><U96/><E34/><V107/><F107/><W23/><G23/><T10/><D10/><N who="1" m="6487" /><E118/><AGARI ba="0,0" hai="44,48,53,56,61,67,78,79,117,118,119" m="17559" machi="118" ten="30,2000,0" yaku="12,1,52,1" doraHai="60" who="0" fromWho="1" sc="191,20,200,-20,269,0,340,0" /><INIT seed="3,0,0,3,1,3" ten="211,180,269,340" oya="3" hai0="80,58,72,124,79,26,74,12,96,40,33,11,7" hai1="24,106,8,105,65,51,57,2,16,1,110,9,63" hai2="75,100,129,25,101,62,39,10,64,35,107,73,88" hai3="14,77,0,21,20,98,17,67,43,86,55,111,71"/><W115/><G115/><T132/><D132/><U134/><E134/><V102/><F129/><W126/><G0/><T46/><D124/><U50/><E1/><V82/><F39/><W93/><G43/><T28/><D58/><U130/><E130/><V19/><F107/><W122/><G122/><T81/><D96/><U104/><E110/><V84/><F35/><W59/><G20/><T31/><D31/><U90/><E90/><V53/><F53/><W34/><G21/><T68/><D68/><U60/><E60/><V135/><F135/><W87/><G14/><T44/><D40/><U29/><E8/><V91/><F91/><W120/><G87/><T47/><D47/><U45/><E45/><V41/><F41/><W6/><G77/><AGARI ba="0,0" hai="7,11,12,26,28,33,44,46,72,74,77,79,80,81" machi="77" ten="40,2600,0" yaku="9,1,52,1" doraHai="3" who="0" fromWho="3" sc="211,26,180,0,269,0,340,-26" owari="237,-16.3,180,-32.0,269,6.9,314,41.4" /></mjloggm>