<mjloggm ver="2.3"><GO type="225" lobby="0"/><UN n0="%74%61%6B%65%2D%79%6F%75" n1="%48%61%61%61%6C%61%6E%64" n2="%E3%81%8F%E3%81%BE%E3%81%96%E3%82%8F" n3="%E3%81%A1%E3%82%85%E3%81%86%E3%81%A9%E3%81%8F%E8%B1%A1%E3%81%95%E3%82%93" dan="17,17,16,17" rate="2153.42,2245.95,2025.45,2189.32" sx="M,M,M,M"/><TAIKYOKU oya="0"/><INIT seed="0,0,0,4,3,132" ten="250,250,250,250" oya="0" hai0="93,85,84,69,126,64,128,46,41,52,118,9,27" hai1="62,47,87,108,8,106,58,2,81,110,91,38,44" hai2="53,104,37,123,20,90,23,63,40,107,49,121,12" hai3="19,7,125,31,33,13,113,6,95,34,21,39,42"/><T83/><D118/><U10/><E106/><V73/><F73/><W122/><G42/><T86/><D128/><U129/><E129/><V15/><F37/><W60/><G39/><T5/><D69/><U32/><E32/><N who="3" m="12394" /><G60/><T35/><D64/><U92/><E81/><V0/><F0/><W98/><G95/><T26/><D93/><U100/><E100/><V45/><F63/><W11/><G98/><T77/><D126/><U24/><E24/><V130/><F130/><W67/><G67/><T43/><D52/><N who="1" m="34119" /><E2/><V111/><F53/><W29/><G113/><T131/><D131/><U59/><E59/><V115/><F115/><W117/><G117/><T56/><D56/><U65/><E65/><V17/><F90/><W102/><G102/><T71/><D71/><U70/><E70/><V97/><F97/><W36/><G36/><T75/><D35/><U114/><E114/><V4/><F104/><W135/><G122/><T22/><D22/><U82/><E92/><V48/><F107/><W18/><G135/><T57/><D57/><U96/><E96/><V66/><F66/><W72/><G72/><T76/><D76/><U119/><E119/><V120/><F121/><W3/><G125/><T101/><D101/><U28/><E38/><V124/><F124/><W105/><G105/><T79/><D79/><U133/><E133/><V61/><F61/><W16/><G6/><T127/><D127/><U55/><E91/><V134/><F134/><W50/><G50/><N who="0" m="26959" /><D43/><U116/><E116/><V51/><F120/><W88/><G88/><T89/><D89/><U80/><E55/><RYUUKYOKU ba="0,0" sc="250,15,250,-15,250,-15,250,15" hai0="5,9,26,27,75,77,83,84,85,86" hai3="3,7,11,13,16,18,19,21,29,31" /><INIT seed="0,1,0,1,3,107" ten="265,235,235,265" oya="0" hai0="75,26,122,78,64,86,63,111,7,29,0,19,90" hai1="72,62,44,50,88,83,95,97,119,102,74,34,101" hai2="81,84,52,32,5,104,27,12,80,13,66,40,15" hai3="108,1,71,16,89,9,2,60,61,70,25,39,6"/><T55/><D122/><U96/><E34/><V85/><F104/><W33/><G39/><T17/><D111/><U118/><E62/><V105/><F105/><W128/><G128/><T68/><D55/><U41/><E101/><V43/><F5/><W8/><G108/><T125/><D125/><U51/><E51/><V67/><F32/><W134/><G134/><T77/><D0/><U106/><REACH who="1" step="1"/><E83/><REACH who="1" ten="265,225,235,265" step="2"/><V49/><F81/><W30/><G61/><T22/><D7/><U76/><E76/><V100/><F100/><W115/><G60/><T133/><D133/><U113/><E113/><V82/><F82/><W93/><G115/><T37/><D77/><U120/><E120/><V3/><F80/><W126/><G1/><T65/><D78/><U99/><E99/><V56/><F3/><W57/><G71/><T20/><D63/><U53/><E53/><V117/><F84/><W132/><G70/><T11/><D86/><U10/><E10/><V24/><F85/><W79/><G132/><T31/><D11/><U129/><E129/><V121/><F121/><W42/><G79/><T14/><D68/><U124/><E124/><V103/><F103/><W54/><G126/><T18/><D64/><U73/><AGARI ba="1,1" hai="41,44,50,72,73,74,88,95,96,97,102,106,118,119" machi="73" ten="30,12000,2" yaku="1,1,0,1,52,3,54,1,53,0" doraHai="107" doraHaiUra="109" who="1" fromWho="1" sc="265,-61,225,133,235,-31,265,-31" /><INIT seed="1,0,0,0,0,120" ten="204,358,204,234" oya="1" hai0="119,7,58,37,84,23,95,83,34,109,30,41,52" hai1="27,63,35,42,56,75,12,104,117,55,47,22,70" hai2="28,88,18,91,135,25,106,15,93,13,14,44,26" hai3="112,124,57,69,134,9,54,127,123,10,4,38,1"/><U77/><E117/><V132/><F106/><W115/><G69/><T16/><D119/><U87/><E104/><V98/><F91/><W72/><G72/><T116/><D116/><U85/><E35/><V114/><F114/><W5/><G38/><T59/><D7/><U86/><E12/><V64/><F64/><W105/><G105/><T101/><D34/><U36/><E75/><V2/><F2/><N who="3" m="151" /><G123/><T107/><D107/><U46/><E46/><V8/><F44/><W133/><G54/><T49/><D30/><U78/><REACH who="1" step="1"/><E70/><REACH who="1" ten="204,348,204,234" step="2"/><V129/><F129/><W76/><G57/><T102/><D58/><U110/><E110/><V126/><F126/><N who="3" m="48171" /><G76/><T130/><D59/><U128/><E128/><V108/><F108/><W90/><G90/><T81/><D130/><U80/><E80/><V32/><F88/><W65/><G65/><T61/><D83/><U11/><E11/><V125/><F125/><W97/><G112/><T60/><D81/><U118/><E118/><V45/><F45/><W66/><G115/><T40/><D109/><U51/><E51/><V6/><F93/><W50/><G50/><T17/><D49/><U74/><E74/><V131/><F131/><W94/><G10/><T67/><D95/><U53/><E53/><V82/><F82/><W89/><G66/><T33/><D52/><U99/><E99/><V0/><F98/><W19/><G1/><T29/><D67/><U79/><E79/><V39/><F39/><W68/><G68/><T20/><D37/><U96/><E96/><V121/><F121/><W31/><G97/><T103/><D103/><RYUUKYOKU ba="0,1" sc="204,-15,348,15,204,15,234,-15" hai1="22,27,36,42,47,55,56,63,77,78,85,86,87" hai2="0,6,8,13,14,15,18,25,26,28,32,132,135" /><INIT seed="1,1,1,0,3,126" ten="189,363,219,219" oya="1" hai0="69,108,20,90,85,4,119,133,53,47,117,34,5" hai1="60,2,52,100,81,78,112,14,27,95,132,66,96" hai2="24,67,129,55,23,9,35,80,57,84,58,31,15" hai3="70,54,121,110,94,83,29,130,77,75,104,7,99"/><U51/><E2/><V122/><F122/><W63/><G121/><T46/><D34/><U68/><E132/><V10/><F129/><W98/><G7/><T48/><D133/><U116/><E112/><V76/><F35/><W97/><G29/><T40/><D69/><U18/><E27/><V26/><F26/><W36/><G36/><T113/><D113/><U3/><E3/><V6/><F67/><W19/><G110/><T115/><D115/><U44/><E116/><V42/><F42/><W38/><G38/><T106/><D106/><U33/><E33/><V41/><F41/><W45/><G104/><T109/><D20/><U8/><REACH who="1" step="1"/><E81/><REACH who="1" ten="189,353,219,219" step="2"/><V124/><F124/><W125/><G125/><T102/><D117/><U61/><E61/><V17/><REACH who="2" step="1"/><F55/><REACH who="2" ten="189,353,209,219" step="2"/><W0/><G54/><T28/><D53/><U111/><E111/><V89/><F89/><W25/><G70/><T37/><D109/><U93/><E93/><V114/><F114/><W91/><G94/><T12/><D108/><U120/><E120/><V64/><F64/><W105/><G105/><T134/><D90/><U59/><E59/><V87/><F87/><W13/><G91/><T1/><D85/><U72/><E72/><V50/><F50/><W123/><G75/><T56/><D48/><U16/><E16/><V88/><F88/><W135/><G19/><T103/><D56/><U39/><E39/><V62/><F62/><W74/><G63/><T22/><D37/><U127/><E127/><V21/><F21/><W128/><G135/><T30/><D22/><U65/><E65/><V107/><F107/><RYUUKYOKU ba="1,3" sc="189,-15,353,15,209,15,219,-15" hai1="8,14,18,44,51,52,60,66,68,78,95,96,100" hai2="6,9,10,15,17,23,24,31,57,58,76,80,84" /><INIT seed="1,2,3,4,0,70" ten="174,368,224,204" oya="1" hai0="10,38,110,67,131,122,22,47,102,82,118,135,1" hai1="130,107,40,127,133,97,134,132,86,69,68,125,116" hai2="77,26,44,2,43,109,25,3,53,83,124,98,61" hai3="46,20,79,58,87,29,72,115,128,39,81,15,101"/><U88/><E116/><V90/><F109/><W17/><G115/><T14/><D118/><U106/><E40/><V100/><F124/><N who="1" m="47689" /><E130/><V91/><F2/><W104/><G128/><T105/><D131/><U49/><E49/><V9/><F53/><W60/><G29/><T108/><D135/><U85/><E85/><V129/><F61/><W54/><G72/><T74/><D122/><U37/><E37/><V13/><F3/><W34/><G34/><T41/><D67/><U50/><E50/><V75/><F91/><W28/><G28/><T23/><D105/><N who="1" m="39947" /><E97/><V78/><F78/><W24/><G104/><T62/><D41/><U66/><E66/><V73/><F73/><W56/><G56/><T35/><D38/><U8/><E8/><V33/><F100/><W94/><G101/><T12/><D102/><U92/><AGARI ba="2,3" hai="68,69,86,88,92,132,133,134" m="39947,47689" machi="92" ten="40,7800,0" yaku="20,1,18,1,54,1" doraHai="70" who="1" fromWho="1" sc="174,-28,368,114,224,-28,204,-28" /><INIT seed="1,3,0,2,2,12" ten="146,482,196,176" oya="1" hai0="102,127,82,56,129,120,77,2,122,28,91,89,1" hai1="93,17,116,13,52,117,67,8,39,80,7,15,114" hai2="53,16,0,101,61,3,111,84,19,132,44,40,113" hai3="103,92,4,51,37,115,109,26,108,59,36,130,128"/><U58/><E114/><V9/><F113/><W135/><G4/><T41/><D129/><N who="3" m="49769" /><G26/><T118/><D118/><U73/><E39/><N who="3" m="14922" /><G92/><T63/><D41/><U23/><E67/><V100/><F111/><N who="3" m="42571" /><G103/><T90/><D102/><U55/><E93/><V33/><F101/><W46/><G115/><T121/><D28/><U88/><E55/><V64/><F100/><W20/><G20/><T97/><D97/><U133/><E133/><V54/><F53/><N who="3" m="32191" /><G46/><T98/><D98/><U85/><E73/><V110/><F33/><W62/><G62/><AGARI ba="3,0" hai="7,8,13,15,17,23,52,58,62,80,85,88,116,117" machi="62" ten="30,11600,0" yaku="7,1,52,1,54,2" doraHai="12" who="1" fromWho="3" sc="146,0,482,125,196,0,176,-125" /><INIT seed="1,4,0,1,4,78" ten="146,607,196,51" oya="1" hai0="1,9,71,89,5,11,132,83,70,95,122,127,73" hai1="82,133,18,108,38,106,47,6,42,120,118,125,119" hai2="0,27,84,54,79,32,103,53,130,31,117,26,98" hai3="110,29,51,50,58,28,3,46,77,49,104,34,19"/><U13/><E120/><V8/><F130/><W92/><G104/><T44/><D122/><U115/><E115/><V12/><F0/><W121/><G121/><T112/><D112/><U81/><E125/><V41/><F41/><W2/><G110/><T36/><D127/><U116/><E108/><V16/><F117/><W66/><G19/><T124/><D124/><U102/><E6/><V109/><F109/><W76/><G92/><T94/><D132/><U86/><E133/><V91/><F79/><W21/><G46/><T114/><D114/><U40/><E40/><V33/><F33/><W60/><G34/><T25/><D36/><U85/><E102/><V111/><F27/><W14/><G76/><T93/><D44/><U68/><E68/><V7/><F111/><W10/><G77/><T126/><D126/><U35/><E106/><V75/><F75/><W62/><G62/><T123/><D123/><U105/><E105/><V63/><F63/><W113/><G113/><T57/><D73/><U39/><E35/><V90/><F7/><W100/><G100/><T134/><D134/><U88/><E39/><V52/><REACH who="2" step="1"/><F84/><REACH who="2" ten="146,607,186,51" step="2"/><W72/><G72/><T128/><D5/><U43/><E42/><V61/><F61/><W80/><G2/><T107/><D1/><U99/><E86/><V24/><F24/><N who="3" m="16399" /><G3/><T87/><D128/><U96/><E43/><V37/><F37/><W129/><G129/><T20/><D25/><U17/><E38/><V48/><F48/><W69/><G69/><T4/><D71/><U101/><E118/><V22/><F22/><W135/><G50/><RYUUKYOKU ba="4,1" sc="146,-10,607,-10,186,30,51,-10" hai2="8,12,16,26,31,32,52,53,54,90,91,98,103" /><INIT seed="2,5,1,5,1,36" ten="136,597,216,41" oya="2" hai0="63,121,67,128,88,15,8,11,4,127,66,59,109" hai1="54,112,55,77,25,102,125,10,101,2,124,31,135" hai2="39,43,69,90,3,1,0,26,34,14,89,113,38" hai3="29,18,111,72,71,32,47,99,78,20,70,96,98"/><V118/><F113/><W108/><G32/><T37/><D121/><U45/><E112/><V56/><F69/><W76/><G29/><T65/><D109/><N who="3" m="42057" /><G47/><T7/><D128/><U6/><E77/><N who="3" m="29802" /><G72/><T19/><D127/><N who="1" m="48715" /><E135/><V16/><F118/><W21/><G18/><T44/><D19/><U9/><E9/><V42/><F39/><W97/><N who="3" m="24576" /><DORA hai="68" /><W114/><G114/><T95/><D37/><U51/><E54/><V27/><F38/><W120/><G120/><T106/><D44/><U80/><E80/><V40/><F56/><W61/><G61/><T13/><D106/><U73/><E73/><V132/><F132/><W17/><G17/><T53/><D53/><U52/><E55/><V24/><F34/><AGARI ba="5,1" hai="2,6,10,25,31,34,45,51,52,101,102" m="48715" machi="34" ten="30,2000,0" yaku="18,1,54,1" doraHai="36,68" who="1" fromWho="2" sc="136,0,597,45,216,-35,41,0" /><INIT seed="3,0,0,4,5,107" ten="136,642,181,41" oya="3" hai0="57,1,128,50,116,124,40,39,99,72,67,121,84" hai1="42,81,114,11,4,95,0,18,20,33,22,78,44" hai2="91,26,37,8,89,86,129,76,92,49,30,61,73" hai3="12,125,83,87,29,85,17,118,36,19,69,74,3"/><W101/><G118/><T28/><D116/><U113/><E33/><V48/><F37/><W23/><G3/><T70/><D121/><U88/><E20/><N who="2" m="15687" /><F73/><W77/><G36/><T55/><D128/><U111/><E111/><V135/><F76/><W79/><G69/><T25/><D124/><U14/><E44/><V6/><F135/><W34/><G125/><T24/><D1/><U38/><E42/><V115/><F115/><W58/><G101/><T15/><D72/><U126/><E38/><V54/><F129/><W132/><G132/><T2/><D2/><U10/><E22/><V93/><F8/><W62/><G79/><T27/><D15/><U80/><E80/><V100/><F6/><W109/><G109/><T90/><D99/><U117/><E117/><V104/><F104/><W45/><G45/><N who="0" m="23711" /><D28/><U63/><E63/><V65/><F65/><W120/><G120/><T60/><D25/><U96/><E126/><V112/><F112/><W131/><G131/><T16/><D16/><U35/><E35/><V82/><F82/><AGARI ba="0,0" hai="24,27,50,55,57,60,67,70,82,84,90" m="23711" machi="82" ten="30,1000,0" yaku="24,1" doraHai="107" who="0" fromWho="2" sc="136,10,642,0,181,-10,41,0" owari="146,-25.4,642,74.2,171,-2.9,41,-45.9" /></mjloggm>