<mjloggm ver="2.3"><GO type="225" lobby="0"/><UN n0="%48%61%61%61%6C%61%6E%64" n1="%E3%81%A1%E3%82%85%E3%81%86%E3%81%A9%E3%81%8F%E8%B1%A1%E3%81%95%E3%82%93" n2="%E3%81%A6%E3%81%A4%EF%BC%A3" n3="%72%61%6B%33" dan="17,16,16,17" rate="2243.21,2112.22,2080.09,2284.59" sx="M,M,M,M"/><TAIKYOKU oya="0"/><INIT seed="0,0,0,0,4,66" ten="250,250,250,250" oya="0" hai0="63,57,113,72,112,95,16,70,68,48,31,34,13" hai1="32,12,90,109,61,73,75,51,47,40,125,0,53" hai2="107,82,96,87,56,93,49,10,81,64,15,114,120" hai3="1,27,35,24,38,92,65,8,7,30,41,26,84"/><T121/><D121/><U133/><E0/><V123/><F107/><W128/><G38/><T91/><D72/><U69/><E32/><V50/><F114/><W83/><G41/><T80/><D80/><U28/><E28/><V134/><F134/><W17/><G128/><T101/><D101/><U55/><E133/><V46/><F123/><W119/><G119/><T22/><D48/><U77/><E109/><V78/><F81/><W44/><G44/><T33/><D112/><U131/><E131/><V98/><F98/><W5/><G5/><T18/><D113/><U97/><E125/><V115/><F115/><W71/><G92/><T45/><D45/><U85/><E97/><V36/><F36/><W25/><G17/><T39/><D18/><U127/><E127/><V129/><F129/><W89/><REACH who="3" step="1"/><G65/><REACH who="3" ten="250,250,250,240" step="2"/><T132/><D39/><U43/><E43/><V23/><F120/><W79/><G79/><T11/><D132/><U124/><E124/><V74/><F46/><W58/><G58/><T76/><D76/><U59/><E77/><V6/><F74/><W21/><G21/><T126/><D126/><U52/><E59/><V106/><F106/><W42/><G42/><T20/><D20/><U105/><E105/><V117/><F117/><W62/><G62/><T104/><D104/><U110/><E61/><N who="2" m="37927" /><F23/><W3/><G3/><T67/><D22/><U100/><E40/><V88/><AGARI ba="0,1" hai="6,10,15,49,50,78,82,87,88,93,96" m="37927" machi="88" ten="30,2000,0" yaku="8,1,54,1" doraHai="66" who="2" fromWho="2" sc="250,-10,250,-5,250,30,240,-5" /><INIT seed="1,0,0,1,3,71" ten="240,245,280,235" oya="1" hai0="130,115,97,54,42,50,53,118,80,57,11,116,38" hai1="75,27,10,7,61,17,65,133,95,85,67,93,72" hai2="127,76,88,40,68,6,15,86,78,69,120,0,98" hai3="113,124,34,103,89,121,64,19,39,20,74,29,44"/><U14/><E133/><V122/><F0/><W5/><G113/><T12/><D115/><U87/><E65/><V58/><F127/><W35/><G121/><T131/><D97/><U16/><E87/><V23/><F69/><W123/><G74/><T99/><D99/><U100/><E93/><V79/><F68/><W47/><G5/><T63/><D80/><U83/><E100/><V66/><F98/><W2/><G2/><T117/><D12/><U119/><E95/><V60/><F40/><W41/><G29/><T91/><D11/><U51/><E51/><V56/><F56/><W135/><G124/><T48/><D91/><U110/><E110/><V9/><REACH who="2" step="1"/><F23/><REACH who="2" ten="240,245,270,235" step="2"/><W84/><G20/><T24/><D42/><U129/><E119/><V30/><F30/><W81/><G41/><T22/><D117/><U52/><E129/><V43/><F43/><W114/><G114/><T111/><D118/><U112/><E112/><V32/><F32/><W77/><G34/><T37/><D116/><U108/><E108/><V1/><F1/><W90/><G35/><T55/><D111/><U73/><E27/><V4/><F4/><W105/><G123/><T31/><D130/><U25/><E25/><V104/><F104/><W36/><G105/><T45/><D131/><U70/><REACH who="1" step="1"/><E52/><REACH who="1" ten="240,235,270,235" step="2"/><V59/><F59/><AGARI ba="0,2" hai="22,24,31,37,38,45,48,50,53,54,55,57,59,63" machi="59" ten="30,3900,0" yaku="7,1,52,2" doraHai="71" who="0" fromWho="2" sc="240,59,235,0,270,-39,235,0" /><INIT seed="2,0,0,1,2,121" ten="299,235,231,235" oya="2" hai0="28,15,70,36,44,43,29,59,108,131,21,115,3" hai1="4,98,11,74,71,56,73,111,24,72,134,103,17" hai2="34,105,129,61,96,106,8,33,102,67,6,81,42" hai3="32,58,99,47,95,82,133,94,85,69,90,57,40"/><V100/><F129/><W79/><G133/><T80/><D115/><U0/><E71/><V66/><F42/><W124/><G124/><T109/><D3/><U49/><E134/><V112/><F112/><W46/><G69/><T113/><D70/><U123/><E123/><V125/><F125/><W114/><G114/><T37/><D113/><U93/><E111/><N who="0" m="42569" /><D131/><U91/><E24/><V25/><F81/><W89/><G32/><T83/><D37/><U27/><E27/><V118/><F118/><W20/><G20/><T65/><D15/><U128/><E17/><V77/><F77/><W10/><G10/><T78/><D21/><U122/><E122/><V2/><F25/><W130/><G130/><T23/><D23/><U88/><E128/><V101/><F101/><W117/><G117/><T104/><D104/><U45/><REACH who="1" step="1"/><E56/><REACH who="1" ten="299,225,231,235" step="2"/><V31/><F31/><N who="0" m="11850" /><D78/><U132/><E132/><V18/><F18/><W84/><REACH who="3" step="1"/><G47/><REACH who="3" ten="299,225,231,225" step="2"/><T7/><D7/><U53/><AGARI ba="0,2" hai="0,4,11,45,49,53,72,73,74,88,91,93,98,103" machi="53" ten="30,4000,0" yaku="1,1,0,1,54,1,53,0" doraHai="121" doraHaiUra="52" who="1" fromWho="1" sc="299,-10,225,60,231,-20,225,-10" /><INIT seed="3,0,0,2,5,40" ten="289,285,211,215" oya="3" hai0="7,69,116,37,86,122,31,55,63,108,12,81,74" hai1="0,23,112,135,13,46,17,2,51,131,21,32,48" hai2="10,6,36,15,9,26,44,28,5,125,130,100,34" hai3="97,120,65,19,121,68,117,16,75,35,30,91,14"/><W115/><G115/><T25/><D116/><U124/><E112/><V38/><F100/><W76/><G117/><T114/><D122/><U129/><E32/><V113/><F113/><W90/><G68/><T8/><D114/><U93/><E124/><V29/><F125/><W70/><G70/><T49/><D37/><U4/><E135/><V85/><F130/><N who="1" m="49673" /><E4/><V110/><F110/><W67/><G35/><T62/><D74/><U42/><E93/><V107/><F107/><W80/><G30/><T92/><D92/><U59/><E21/><V54/><F28/><W103/><G121/><T57/><D69/><U126/><E126/><V89/><F54/><AGARI ba="0,0" hai="0,2,13,17,23,42,46,48,51,54,59" m="49673" machi="54" ten="30,2000,0" yaku="19,1,52,1" doraHai="40" who="1" fromWho="2" sc="289,0,285,20,211,-20,215,0" owari="289,8.9,305,40.5,191,-30.9,215,-18.5" /></mjloggm>