<mjloggm ver="2.3"><GO type="225" lobby="0"/><UN n0="%E9%B3%B3%E6%9D%B1%E3%81%AE%E3%81%86%E3%81%95%E3%81%8E%E3%81%95%E3%82%93" n1="%E5%A4%96%E5%B7%9D%E7%AB%9C%E6%88%90" n2="%6D%75%75%6D%75%72%61" n3="%E6%A0%B9%E5%85%83%E3%81%8B%E3%82%89%E5%90%B9%E3%81%A3%E9%A3%9B%E3%81%B6" dan="17,16,16,17" rate="2280.04,2244.10,2140.34,2221.20" sx="M,M,F,F"/><TAIKYOKU oya="0"/><INIT seed="0,0,0,4,4,28" ten="250,250,250,250" oya="0" hai0="6,76,66,131,39,38,99,40,57,21,87,55,5" hai1="74,30,52,106,96,59,15,83,91,3,70,79,115" hai2="135,49,9,48,86,50,4,94,77,82,93,73,116" hai3="2,14,51,75,107,19,124,90,29,65,104,117,103"/><T97/><D131/><U33/><E3/><V130/><F130/><W120/><G117/><T24/><D66/><U22/><E70/><V31/><F116/><W108/><G108/><T81/><D39/><U101/><E115/><V53/><F135/><W56/><G2/><T0/><D40/><U123/><E123/><V105/><F105/><W98/><G75/><T41/><D41/><U68/><E68/><V44/><F31/><W1/><G1/><T129/><D38/><U121/><E121/><V54/><F73/><W18/><G29/><N who="0" m="17551" /><D0/><U47/><E47/><N who="2" m="27807" /><F50/><W71/><G124/><T110/><D110/><U100/><E100/><V32/><F32/><W89/><G104/><T23/><D23/><U128/><E128/><V34/><F34/><W36/><G36/><T46/><D46/><U69/><E69/><V13/><AGARI ba="0,0" hai="4,9,13,44,49,54,77,82,86,93,94" m="27807" machi="13" ten="30,1100,0" yaku="8,1" doraHai="28" who="2" fromWho="2" sc="250,-5,250,-3,250,11,250,-3" /><INIT seed="1,0,0,4,0,119" ten="245,247,261,247" oya="1" hai0="60,111,9,28,69,38,121,89,3,85,35,41,77" hai1="86,2,21,53,109,108,26,44,107,132,78,45,14" hai2="15,23,74,31,117,34,22,96,83,12,93,59,130" hai3="55,29,50,37,56,58,123,63,91,57,82,8,18"/><U11/><E2/><V135/><F117/><W0/><G37/><T90/><D111/><N who="1" m="42571" /><E107/><V19/><F130/><W80/><G123/><T88/><D28/><N who="1" m="17487" /><E53/><V133/><F34/><W120/><G120/><T52/><D35/><U128/><E128/><V118/><F118/><W71/><G29/><T5/><D121/><U48/><E48/><V68/><F68/><W87/><G71/><T75/><D75/><U40/><E40/><V65/><F74/><W131/><G131/><T124/><D124/><U39/><E39/><V47/><F47/><N who="3" m="28127" /><G0/><T127/><D127/><U6/><E132/><N who="2" m="50763" /><F83/><AGARI ba="0,0" hai="6,11,14,44,45,78,83,86" m="17487,42571" machi="83" ten="30,2900,0" yaku="14,1,10,1" doraHai="119" who="1" fromWho="2" sc="245,0,247,29,261,-29,247,0" /><INIT seed="1,1,0,5,3,16" ten="245,276,232,247" oya="1" hai0="129,128,22,15,65,126,101,81,33,114,27,72,12" hai1="112,99,85,32,117,25,28,10,130,53,83,31,94" hai2="51,92,116,80,113,42,74,107,90,134,2,67,35" hai3="3,96,41,105,103,47,13,120,52,127,61,1,43"/><U40/><E112/><V54/><F116/><W86/><G120/><T24/><D114/><U19/><E117/><V62/><F113/><W82/><G127/><T70/><D126/><U46/><E130/><N who="0" m="50281" /><D101/><U36/><E53/><V115/><F115/><W8/><G1/><T87/><D72/><U100/><E28/><V48/><F107/><W20/><G3/><T45/><D33/><U64/><E64/><V106/><F106/><W66/><G20/><T29/><D45/><U98/><E98/><V23/><F35/><W4/><G66/><T5/><D5/><U21/><E10/><V57/><F2/><W49/><REACH who="3" step="1"/><G61/><REACH who="3" ten="245,276,232,237" step="2"/><N who="0" m="40239" /><D27/><U124/><E124/><V68/><F134/><W71/><G71/><T44/><D44/><U78/><REACH who="1" step="1"/><E32/><REACH who="1" ten="245,266,232,237" step="2"/><V89/><F68/><W60/><G60/><T26/><D26/><U91/><E91/><AGARI ba="1,2" hai="4,8,13,41,43,47,49,52,82,86,91,96,103,105" machi="91" ten="30,3900,0" yaku="1,1,7,1,54,1,53,0" doraHai="16" doraHaiUra="55" who="3" fromWho="1" sc="245,0,266,-42,232,0,237,62" /><AGARI ba="1,0" hai="12,15,22,24,29,81,87,91" m="40239,50281" machi="91" ten="30,2000,0" yaku="19,1,52,1" doraHai="16" who="0" fromWho="1" sc="245,20,224,-20,232,0,299,0" /><INIT seed="2,0,0,3,5,3" ten="265,204,232,299" oya="2" hai0="88,45,19,11,40,127,132,96,128,60,93,63,43" hai1="99,64,117,119,57,69,9,67,28,95,31,25,66" hai2="15,18,6,51,135,129,107,89,4,29,62,33,81" hai3="113,80,39,37,86,53,75,13,14,1,10,104,8"/><V106/><F129/><W58/><G104/><T41/><D128/><U0/><E69/><V94/><F135/><W27/><G75/><T100/><D127/><U56/><E0/><V103/><F33/><W35/><G113/><T83/><D132/><U26/><E9/><V124/><F124/><W82/><G1/><T36/><D36/><U134/><E134/><V47/><F81/><W21/><G35/><T112/><D112/><U79/><E79/><V74/><F74/><W85/><G58/><N who="1" m="22634" /><E95/><V2/><F2/><W71/><G21/><T108/><D45/><U126/><E99/><N who="2" m="57807" /><F107/><W17/><G27/><N who="1" m="10250" /><E126/><V91/><F106/><W55/><G17/><T78/><D100/><U20/><E20/><N who="2" m="11359" /><F91/><W121/><G121/><T122/><D122/><U101/><E101/><V44/><F103/><W76/><G76/><T30/><D88/><U16/><E16/><V24/><F62/><W22/><G22/><T87/><D63/><U68/><E68/><AGARI ba="0,0" hai="8,10,13,14,37,39,53,55,68,71,80,82,85,86" machi="68" ten="25,1600,0" yaku="22,2" doraHai="3" who="3" fromWho="1" sc="265,0,204,-16,232,0,299,16" /><INIT seed="3,0,0,4,1,100" ten="265,188,232,315" oya="3" hai0="123,37,114,41,113,67,103,49,47,112,55,54,72" hai1="60,93,107,134,6,22,51,90,87,83,106,7,30" hai2="117,52,94,40,129,126,98,46,61,96,3,95,69" hai3="118,28,108,82,71,131,88,91,66,121,125,32,81"/><W84/><G118/><T33/><D72/><U16/><E30/><V39/><F117/><W19/><G121/><T92/><D33/><U11/><E134/><V14/><F3/><W99/><G125/><T25/><D25/><U116/><E116/><V0/><F0/><W1/><G1/><T43/><D103/><U135/><E135/><V26/><F126/><W70/><G131/><T20/><D20/><U120/><E120/><V102/><F129/><W119/><G66/><T101/><D123/><U104/><E51/><V128/><F128/><W73/><G19/><T29/><D29/><U97/><E60/><V79/><F79/><N who="3" m="44271" /><G108/><T109/><D101/><U132/><E11/><V18/><F69/><W38/><G38/><T31/><D92/><U127/><E132/><V122/><F26/><N who="3" m="18455" /><G99/><T124/><D31/><U12/><REACH who="1" step="1"/><E127/><REACH who="1" ten="265,178,232,315" step="2"/><V53/><F122/><W50/><G50/><T23/><D124/><U35/><E35/><V58/><F61/><W59/><G119/><T65/><D23/><U10/><E10/><V63/><F63/><W21/><G71/><T2/><D49/><U130/><E130/><V45/><F39/><W74/><G21/><T111/><D37/><U15/><E15/><V68/><F68/><W80/><G70/><T76/><D2/><U17/><E17/><V34/><F18/><W78/><G59/><T57/><D57/><U110/><E110/><V36/><F58/><W13/><G13/><T86/><D111/><U105/><N who="1" m="26624" /><DORA hai="44" /><U5/><E5/><V64/><F14/><W75/><G75/><T89/><D109/><U85/><E85/><RYUUKYOKU ba="0,1" sc="265,-15,178,15,232,-15,315,15" hai1="6,7,12,16,22,83,87,90,93,97" hai3="74,78,80,82,84,88,91" owari="250,5.0,193,-30.7,217,-18.3,340,44.0" /></mjloggm>