<mjloggm ver="2.3"><GO type="225" lobby="0"/><UN n0="%E6%B8%A1%E5%A4%A9%E8%97%8D" n1="%E3%81%99%E3%81%84%E3%81%BE%E3%81%9B%E3%83%BC%E3%82%93" n2="%E3%83%81%E3%83%AF%E3%83%AF%E9%9A%8A%E9%95%B7" n3="%E3%82%BC%E3%83%AB%E3%83%80%E3%81%AE%E4%BC%9D%E8%AA%AC" dan="16,18,16,17" rate="2091.26,2211.26,2120.84,2216.39" sx="M,M,M,M"/><TAIKYOKU oya="0"/><INIT seed="0,0,0,3,4,12" ten="250,250,250,250" oya="0" hai0="44,58,97,100,120,25,34,70,3,90,41,46,85" hai1="33,40,37,88,110,135,80,78,72,117,115,48,1" hai2="107,93,69,22,111,114,131,0,122,27,119,112,62" hai3="95,57,24,5,51,19,10,18,39,126,50,116,102"/><T17/><D120/><U49/><E117/><V15/><F0/><W2/><G116/><T86/><D3/><U65/><E110/><V64/><F107/><W56/><G39/><T99/><D70/><U101/><E33/><V104/><F104/><W66/><G126/><T128/><D128/><U55/><E135/><V94/><F119/><W23/><G18/><T127/><D127/><U77/><E77/><V105/><F105/><W29/><G19/><T20/><D34/><U134/><E101/><V42/><F122/><W53/><G66/><T91/><D58/><U47/><E65/><V129/><F111/><W31/><G31/><T81/><D100/><U30/><E30/><V60/><F42/><W35/><G35/><T54/><D54/><U16/><E134/><V124/><F124/><W87/><G87/><T106/><D106/><U59/><E115/><V123/><F123/><W4/><G4/><T133/><D133/><U76/><E72/><V73/><F73/><W130/><G130/><N who="2" m="49673" /><F15/><W7/><G7/><T75/><D75/><U121/><E121/><V89/><F60/><W45/><G51/><N who="0" m="27023" /><D46/><U21/><E1/><V14/><F112/><W38/><G38/><T68/><D68/><U61/><E37/><V67/><F114/><W11/><G11/><T113/><D113/><U92/><E61/><V108/><F64/><W52/><G53/><T98/><D85/><N who="1" m="50215" /><E92/><AGARI ba="0,0" hai="17,20,25,81,86,90,91,92,97,98,99" m="27023" machi="92" ten="30,2900,0" yaku="8,1,52,1" doraHai="12" who="0" fromWho="1" sc="250,29,250,-29,250,0,250,0" /><INIT seed="0,1,0,5,4,67" ten="279,221,250,250" oya="0" hai0="133,68,48,112,79,41,105,127,90,54,104,118,40" hai1="26,21,53,18,100,116,60,35,98,13,34,39,4" hai2="30,106,43,87,64,69,49,65,81,46,7,115,59" hai3="91,51,29,121,24,45,27,75,126,61,95,107,2"/><T102/><D112/><U82/><E116/><V119/><F115/><W132/><G107/><T111/><D118/><U5/><E39/><V71/><F119/><W74/><G2/><T17/><D127/><U23/><E82/><V135/><F106/><W94/><G126/><T12/><D133/><U33/><E53/><V63/><F135/><W50/><G132/><T128/><D128/><U84/><E84/><V131/><F131/><W8/><G121/><T16/><D68/><U124/><E60/><V72/><F72/><W0/><G61/><T120/><D120/><U73/><E73/><V57/><F64/><W20/><G95/><T37/><D37/><U88/><E124/><V31/><F7/><W44/><G8/><T15/><D79/><U97/><E97/><V1/><F1/><W134/><G0/><T9/><D102/><U129/><E129/><V76/><REACH who="2" step="1"/><F59/><REACH who="2" ten="279,221,240,250" step="2"/><W70/><G75/><T93/><D105/><U32/><N who="1" m="8192" /><DORA hai="55" /><U89/><E4/><V103/><F103/><W114/><G74/><T62/><D104/><U117/><E5/><V130/><F130/><W96/><G114/><T38/><D38/><U113/><E117/><V14/><F14/><W56/><G134/><T108/><D12/><U99/><E113/><V25/><F25/><W122/><G27/><T78/><D15/><U123/><E100/><V3/><F3/><W125/><G24/><T77/><D111/><U11/><E123/><V58/><F58/><W85/><G122/><T92/><D108/><U101/><E13/><V47/><F47/><N who="3" m="17995" /><G125/><T110/><D110/><U19/><E26/><RYUUKYOKU ba="1,1" sc="279,-10,221,-10,240,30,250,-10" hai2="30,31,43,46,49,57,63,65,69,71,76,81,87" /><INIT seed="1,2,1,2,3,74" ten="269,211,270,240" oya="1" hai0="13,49,37,9,63,23,28,99,69,78,66,34,82" hai1="85,55,5,72,119,125,127,76,133,22,89,1,31" hai2="110,7,38,104,101,120,73,3,62,109,128,54,86" hai3="84,40,2,10,6,95,25,20,17,114,97,106,71"/><U91/><E119/><V115/><F73/><W52/><G114/><T126/><D37/><U121/><E121/><V24/><F120/><W93/><G71/><T27/><D126/><N who="1" m="48139" /><E72/><V90/><F38/><W50/><G40/><T98/><D34/><U64/><E64/><V112/><F128/><W45/><REACH who="3" step="1"/><G84/><REACH who="3" ten="269,211,270,230" step="2"/><T36/><D36/><U108/><E85/><V129/><F115/><W107/><G107/><T96/><BYE who="3" /><D49/><U15/><E133/><V81/><F112/><W26/><G26/><T77/><REACH who="0" step="1"/><D82/><REACH who="0" ten="259,211,270,230" step="2"/><U68/><E108/><V47/><F109/><W134/><G134/><T61/><D61/><U67/><E31/><V130/><F110/><W14/><G14/><T51/><D51/><UN n3="%E3%82%BC%E3%83%AB%E3%83%80%E3%81%AE%E4%BC%9D%E8%AA%AC" /><U116/><E15/><V80/><F80/><W57/><G57/><T100/><D100/><AGARI ba="2,3" hai="2,6,10,17,20,25,45,50,52,93,95,97,100,106" machi="100" ten="40,5200,0" yaku="1,1,54,1,53,1" doraHai="74" doraHaiUra="43" who="3" fromWho="0" sc="259,-58,211,0,270,0,230,88" /><INIT seed="2,0,0,0,2,121" ten="201,211,270,318" oya="2" hai0="0,93,129,24,30,43,124,70,67,34,17,102,47" hai1="76,125,42,114,118,123,62,31,95,103,22,133,55" hai2="131,130,35,68,74,52,11,135,78,126,5,79,97" hai3="72,39,90,94,63,128,84,111,29,88,44,83,81"/><V101/><F35/><W1/><G111/><T33/><D129/><N who="2" m="49162" /><F68/><W61/><G128/><T113/><D113/><U41/><E114/><V3/><F126/><W73/><G1/><T109/><D124/><U75/><E125/><V23/><F135/><W36/><G29/><T77/><D0/><U46/><E118/><V65/><F74/><W48/><G73/><T107/><D107/><U86/><E133/><V25/><F65/><W54/><G72/><T57/><D70/><U119/><E119/><V116/><F52/><W122/><G122/><T96/><D77/><U40/><E75/><V53/><F53/><W106/><G106/><T87/><D87/><U134/><E134/><V38/><F38/><W108/><G108/><T8/><D109/><U58/><E123/><V20/><F20/><W10/><G10/><T104/><D104/><U100/><E46/><V49/><F49/><W28/><G28/><T110/><D110/><U14/><E31/><N who="2" m="17855" /><F116/><W51/><G51/><T32/><D67/><U13/><E22/><V21/><F21/><W18/><G36/><T59/><D33/><U115/><E115/><V120/><F120/><W127/><G39/><N who="0" m="22015" /><D34/><U71/><E71/><V82/><F82/><N who="3" m="49175" /><G127/><T27/><D32/><U80/><E95/><AGARI ba="0,0" hai="3,5,11,78,79,95,97,101" m="17855,49162" machi="95" ten="30,1500,0" yaku="19,1" doraHai="121" who="2" fromWho="1" sc="201,0,211,-15,270,15,318,0" /><INIT seed="2,1,0,0,2,127" ten="201,196,285,318" oya="2" hai0="30,133,87,9,110,103,129,49,135,37,126,35,113" hai1="121,48,21,124,60,74,46,105,96,94,72,63,10" hai2="45,77,52,39,47,83,108,3,0,111,114,78,102" hai3="15,130,128,1,56,85,115,91,44,31,100,24,65"/><V61/><F114/><W28/><G1/><T76/><D37/><U34/><E34/><V11/><F102/><W119/><G119/><T33/><D113/><U50/><E124/><V55/><F39/><W64/><G115/><T122/><D126/><U5/><E105/><V116/><F116/><W42/><G100/><T99/><D122/><U95/><E121/><V41/><F41/><W29/><G15/><T81/><D110/><N who="2" m="42026" /><F77/><W80/><G24/><T70/><D70/><U18/><E74/><V27/><F27/><W40/><G40/><T68/><D68/><U88/><E72/><V89/><F89/><W51/><G56/><T75/><D75/><U6/><E95/><V131/><F131/><AGARI ba="1,0" hai="28,29,31,42,44,51,64,65,80,85,91,128,130,131" machi="131" ten="40,8000,1" yaku="19,1,52,3" doraHai="127" who="3" fromWho="2" sc="201,0,196,0,285,-83,318,83" /><INIT seed="3,0,0,2,0,123" ten="201,196,202,401" oya="3" hai0="108,126,32,95,39,65,63,75,28,64,17,46,66" hai1="4,117,42,69,102,12,36,81,29,71,77,121,87" hai2="111,20,127,103,26,22,35,54,51,113,100,43,120" hai3="30,130,104,9,3,88,109,133,31,45,21,2,73"/><W112/><G45/><T125/><D75/><U5/><E121/><V68/><F120/><W15/><G88/><T118/><D118/><U62/><E117/><V116/><F68/><W89/><G89/><T44/><D108/><U107/><E36/><V92/><F111/><W119/><G21/><T70/><D17/><U50/><E29/><V10/><F116/><W76/><G15/><T23/><D32/><U78/><E78/><V1/><F113/><W106/><G76/><T7/><D7/><U37/><E37/><V99/><F43/><W34/><G9/><T14/><D95/><U122/><E122/><V59/><F127/><N who="0" m="48650" /><D14/><U91/><E4/><V48/><F35/><W110/><G130/><T86/><D86/><U60/><E107/><V84/><F84/><W132/><G73/><T6/><D6/><U90/><E102/><V96/><F103/><W24/><G24/><N who="0" m="16415" /><D44/><N who="1" m="25879" /><E69/><V128/><F100/><W11/><G11/><T61/><D70/><U25/><E25/><V41/><F26/><W18/><G18/><T19/><D19/><U85/><E71/><V58/><F1/><W80/><G80/><T57/><D57/><U131/><E131/><V74/><F128/><W134/><G119/><T56/><D56/><U52/><E77/><V105/><F74/><W101/><G132/><T33/><D33/><U83/><E52/><N who="2" m="32007" /><F41/><AGARI ba="0,0" hai="39,41,46,61,63,64,65,66" m="16415,48650" machi="41" ten="30,1000,0" yaku="18,1" doraHai="123" who="0" fromWho="2" sc="201,10,196,0,202,-10,401,0" owari="211,1.1,196,-20.4,192,-30.8,401,50.1" /></mjloggm>