<mjloggm ver="2.3"><GO type="225" lobby="0"/><UN n0="%E6%B0%B7%E5%B7%9D%E9%87%8C%E5%A5%88" n1="%E5%8F%AF%E5%85%90%E9%82%A3%E7%94%B1%E5%A4%9A" n2="%72%61%6B%33" n3="%E6%B4%BE%E9%81%A3%E3%81%AE%E3%82%B8%E3%83%A3%E3%83%83%E3%82%AF" dan="16,17,16,17" rate="2175.62,2246.28,2091.36,2202.14" sx="F,F,M,M"/><TAIKYOKU oya="0"/><INIT seed="0,0,0,3,3,97" ten="250,250,250,250" oya="0" hai0="117,106,52,99,15,122,111,11,80,118,131,31,33" hai1="43,10,34,30,67,9,45,12,92,90,37,35,55" hai2="8,42,28,64,101,17,113,126,75,7,134,133,60" hai3="19,73,46,51,20,21,129,91,88,47,100,66,130"/><T62/><D122/><U70/><E30/><V121/><F113/><W84/><G73/><T107/><D131/><N who="3" m="50185" /><G66/><T94/><D107/><U22/><E22/><N who="3" m="8810" /><G19/><T79/><D106/><U105/><E105/><V74/><F121/><W93/><G91/><T112/><D112/><U25/><E25/><V44/><F17/><W81/><G51/><T102/><D111/><U87/><E9/><V114/><F28/><W13/><G13/><T104/><D104/><U95/><E67/><V125/><F114/><W116/><G116/><T119/><D33/><U36/><E36/><V78/><F75/><W6/><G6/><T124/><D31/><U27/><E27/><V24/><F24/><W127/><G127/><T71/><D124/><U50/><E70/><V16/><F16/><W54/><G54/><T132/><D132/><U96/><E12/><V53/><F53/><W128/><N who="3" m="50193" /><W123/><DORA hai="0" /><G123/><T61/><D71/><U1/><E10/><V2/><F126/><W58/><G58/><T39/><D39/><U49/><E37/><N who="2" m="21583" /><F125/><W83/><G83/><T109/><D109/><U85/><E34/><V72/><F72/><W63/><G63/><T48/><D48/><U76/><E35/><V40/><F60/><W14/><G14/><T115/><D115/><U41/><E50/><V135/><F64/><W65/><G65/><T77/><D52/><U56/><E56/><V82/><F40/><W32/><G32/><T5/><REACH who="0" step="1"/><D79/><REACH who="0" ten="240,250,250,250" step="2"/><U4/><E76/><V110/><F110/><W103/><G47/><T98/><D98/><N who="1" m="57623" /><E55/><V29/><F29/><W68/><G68/><RYUUKYOKU ba="0,1" sc="240,15,250,-15,250,15,250,-15" hai0="5,11,15,61,62,77,80,94,99,102,117,118,119" hai2="2,7,8,74,78,82,101,133,134,135" /><INIT seed="0,1,1,3,2,32" ten="255,235,265,235" oya="0" hai0="55,31,46,119,104,120,22,54,11,78,49,96,126" hai1="61,34,91,28,72,13,94,118,106,102,107,18,45" hai2="74,14,133,15,111,66,87,88,99,92,58,129,37" hai3="10,51,73,76,121,19,84,5,75,4,47,59,25"/><T90/><D119/><U17/><E118/><V39/><F74/><W93/><G121/><T80/><D120/><U30/><E72/><V125/><F111/><W6/><G59/><T112/><D112/><U103/><E34/><V79/><F125/><W108/><G108/><T65/><D126/><U114/><E114/><V7/><F129/><W33/><G33/><T29/><D65/><U1/><E1/><V82/><F133/><W42/><G76/><T130/><D130/><U113/><E113/><V23/><F15/><W98/><G84/><N who="0" m="48151" /><D104/><U26/><E61/><V38/><F23/><N who="3" m="13567" /><G73/><T81/><D11/><N who="1" m="6335" /><E45/><V67/><REACH who="2" step="1"/><F58/><REACH who="2" ten="255,235,255,235" step="2"/><W0/><G75/><T35/><D22/><N who="1" m="13655" /><E106/><V12/><F12/><W100/><G0/><T36/><D35/><U127/><E107/><V48/><F48/><W50/><G10/><AGARI ba="1,2" hai="7,10,14,37,38,39,66,67,79,82,87,88,92,99" machi="10" ten="40,2600,0" yaku="1,1,54,1,53,0" doraHai="32" doraHaiUra="132" who="2" fromWho="3" sc="255,0,235,0,255,49,235,-29" /><INIT seed="1,0,0,4,0,84" ten="255,235,304,206" oya="1" hai0="56,99,117,37,78,109,2,12,104,22,34,11,46" hai1="73,4,55,49,60,40,91,100,58,89,126,17,107" hai2="133,134,71,44,101,0,54,28,1,132,95,75,70" hai3="102,93,31,124,121,5,116,14,27,63,25,80,83"/><U105/><E73/><V76/><F28/><W43/><G121/><T50/><D117/><U82/><E126/><V125/><F125/><W103/><G124/><T53/><D34/><U74/><E4/><V123/><F123/><W36/><G116/><T20/><D109/><U113/><E113/><V106/><F54/><W120/><G120/><T30/><D2/><N who="2" m="1130" /><F44/><W45/><G63/><T115/><D115/><U59/><E107/><V118/><F118/><W8/><G27/><T35/><D78/><U29/><E29/><V13/><F13/><W79/><G93/><T112/><D112/><U92/><E105/><V6/><F6/><W67/><G67/><T98/><D35/><U7/><E7/><V21/><F21/><N who="0" m="8298" /><D37/><U135/><E135/><V66/><F66/><W24/><G80/><T16/><D30/><U33/><E33/><V10/><F10/><W62/><G62/><N who="0" m="36111" /><D104/><U9/><E74/><V81/><F106/><W130/><G25/><T15/><D15/><N who="1" m="7407" /><E82/><V111/><F111/><W69/><G69/><T23/><N who="0" m="8306" /><T94/><DORA hai="47" /><D94/><U129/><E129/><V26/><F26/><W65/><G130/><T119/><D119/><U96/><E59/><V97/><AGARI ba="0,0" hai="70,71,75,76,81,95,97,101,132,133,134" m="1130" machi="97" ten="40,1500,0" yaku="20,1" doraHai="84,47" who="2" fromWho="2" sc="255,-4,235,-7,304,15,206,-4" /><INIT seed="2,0,0,1,1,96" ten="251,228,319,202" oya="2" hai0="84,10,56,24,57,1,123,62,66,40,29,74,131" hai1="88,59,116,120,82,3,2,48,103,34,64,102,58" hai2="7,27,9,95,53,32,38,85,109,122,115,121,50" hai3="12,75,25,31,30,28,6,81,37,60,80,135,106"/><V114/><F38/><W47/><G135/><T98/><D123/><U134/><E116/><V67/><F67/><W112/><G112/><T69/><D74/><U92/><E34/><V72/><F72/><W14/><G106/><T118/><D40/><U89/><E120/><V44/><F109/><W113/><G113/><T8/><D131/><U93/><E82/><V111/><F111/><W68/><G75/><T94/><D84/><U5/><E134/><V130/><F130/><W78/><G25/><T73/><D73/><U77/><E77/><V119/><F119/><W91/><G91/><T79/><D79/><U126/><E126/><V110/><F110/><W39/><G78/><T99/><D99/><U125/><E125/><V23/><F32/><W105/><G105/><T19/><D19/><U100/><E5/><V129/><F129/><W132/><G132/><T55/><D1/><N who="1" m="11" /><E48/><V65/><F50/><W11/><G12/><T0/><D69/><U63/><E63/><V86/><F114/><W70/><G60/><N who="0" m="35871" /><D0/><U108/><E64/><V71/><F65/><W101/><G39/><T41/><D41/><U42/><E42/><V97/><F115/><W76/><G37/><T18/><D29/><N who="3" m="7425" /><W51/><DORA hai="117" /><G76/><T87/><D118/><U22/><E108/><V20/><F122/><W107/><G68/><T133/><D133/><U26/><E26/><V35/><F27/><W128/><G70/><T49/><D49/><U124/><E124/><V46/><F71/><W54/><G128/><T4/><D66/><U45/><E89/><V52/><F121/><W21/><G21/><RYUUKYOKU ba="0,0" sc="251,-10,228,-10,319,-10,202,30" hai3="6,11,14,47,51,54,80,81,101,107" /><INIT seed="3,1,0,2,3,43" ten="241,218,309,232" oya="3" hai0="123,134,84,80,61,23,2,10,41,60,13,48,21" hai1="100,51,0,132,25,26,125,35,118,6,96,130,15" hai2="82,63,45,86,98,29,104,75,39,5,28,117,76" hai3="16,22,79,108,49,129,110,70,7,124,85,57,74"/><W101/><G70/><T83/><D123/><U114/><E114/><V54/><F117/><W69/><G69/><T50/><D2/><U122/><E122/><V115/><F115/><W95/><G124/><T11/><D134/><U127/><E132/><V73/><F63/><N who="0" m="24138" /><D11/><N who="1" m="4599" /><E0/><V19/><F5/><W3/><G129/><T128/><D128/><U33/><E130/><V105/><F19/><W18/><G74/><T66/><D66/><U38/><E38/><V121/><F104/><W89/><G101/><T14/><D14/><U131/><E131/><V94/><F75/><W67/><G79/><N who="0" m="46111" /><D83/><U97/><E118/><V77/><F77/><W34/><G34/><N who="1" m="12810" /><E51/><N who="0" m="19497" /><D41/><U71/><E71/><V31/><F39/><W17/><G67/><T1/><D1/><U102/><E102/><V99/><F105/><W59/><G22/><T53/><D53/><U46/><E46/><V90/><F45/><W107/><G107/><T112/><D112/><U20/><E100/><V111/><F54/><N who="3" m="31951" /><G59/><T37/><D37/><U27/><E20/><V32/><F32/><W93/><G93/><T91/><D91/><U55/><E55/><V42/><F121/><W12/><G3/><T8/><D8/><U58/><E58/><V24/><F42/><W4/><G12/><T36/><D36/><U68/><E68/><V78/><F78/><W106/><G106/><T81/><D81/><U62/><E62/><V92/><F73/><W47/><G47/><T103/><D103/><U119/><E119/><V126/><F76/><W109/><AGARI ba="1,0" hai="4,7,16,17,18,85,89,95,108,109,110" m="31951" machi="109" ten="40,7800,0" yaku="14,1,10,1,54,1" doraHai="43" who="3" fromWho="3" sc="241,-27,218,-27,309,-27,232,81" owari="214,-18.6,191,-30.9,282,8.2,313,41.3" /></mjloggm>