<mjloggm ver="2.3"><GO type="225" lobby="0"/><UN n0="%E3%81%86%E3%81%A9%E3%82%93%E3%81%93" n1="%33%74%72%65%65" n2="%72%65%6E%6B%75%6E" n3="%E6%A1%9C%E8%8A%B1%E9%96%83%E3%80%85" dan="16,16,17,16" rate="2177.90,2132.11,2203.56,2201.61" sx="M,F,M,M"/><TAIKYOKU oya="0"/><INIT seed="0,0,0,0,3,134" ten="250,250,250,250" oya="0" hai0="12,113,66,64,62,3,65,123,74,0,58,107,108" hai1="27,49,79,72,17,129,91,16,133,120,101,22,127" hai2="89,115,56,68,67,23,33,30,112,135,98,92,128" hai3="48,126,46,43,42,71,4,84,94,114,125,38,131"/><T76/><D113/><U60/><E120/><V28/><F135/><W21/><G114/><T9/><D123/><U40/><E133/><V54/><F33/><W93/><G131/><T5/><D107/><U32/><E129/><V35/><F35/><W10/><G71/><T83/><REACH who="0" step="1"/><D108/><REACH who="0" ten="240,250,250,250" step="2"/><U11/><E32/><V102/><F128/><W130/><G130/><T109/><D109/><U44/><E101/><V52/><F115/><W57/><G125/><T106/><D106/><U20/><E127/><V25/><F112/><W78/><G126/><T117/><D117/><U110/><E110/><V50/><F102/><W6/><G94/><T55/><AGARI ba="0,1" hai="0,3,5,9,12,55,58,62,64,65,66,74,76,83" machi="55" ten="30,6000,0" yaku="1,1,0,1,53,1" doraHai="134" doraHaiUra="53" who="0" fromWho="0" sc="240,70,250,-20,250,-20,250,-20" /><INIT seed="0,1,0,1,1,119" ten="310,230,230,230" oya="0" hai0="122,132,52,95,123,63,17,51,46,22,85,39,118" hai1="90,105,84,16,78,15,12,58,8,43,36,0,121" hai2="33,135,41,24,7,30,129,62,4,66,97,23,42" hai3="91,75,72,32,81,1,44,68,37,57,70,120,87"/><T107/><D107/><U74/><E121/><V125/><F129/><W48/><G32/><T126/><D118/><U54/><E105/><V65/><F135/><W89/><G1/><T92/><D132/><U101/><E101/><V80/><F125/><W133/><G133/><T35/><D35/><U27/><E74/><V34/><F34/><W18/><G37/><T127/><D39/><U83/><E78/><V3/><F33/><W60/><G18/><T56/><D92/><U9/><E0/><V61/><F80/><W28/><G28/><T113/><D113/><U55/><E27/><V109/><F97/><W93/><G75/><T112/><D112/><U114/><E114/><V124/><F124/><N who="0" m="47658" /><D95/><U26/><E26/><V59/><F109/><W86/><G120/><T13/><D85/><U79/><E79/><V53/><F53/><AGARI ba="1,0" hai="13,17,22,46,51,52,53,56,63,122,123" m="47658" machi="53" ten="30,11600,0" yaku="18,1,52,2,54,1" doraHai="119" who="0" fromWho="2" sc="310,119,230,0,230,-119,230,0" /><INIT seed="0,2,0,3,3,72" ten="429,230,111,230" oya="0" hai0="5,33,115,49,83,124,99,76,60,70,112,123,102" hai1="8,2,61,65,75,42,88,38,100,25,108,67,55" hai2="7,91,45,95,73,126,22,97,104,92,129,135,131" hai3="113,12,31,24,69,80,96,84,34,28,85,18,19"/><T101/><D123/><U105/><E108/><V114/><F7/><W116/><G116/><T63/><D33/><U20/><E75/><V47/><F22/><W107/><G113/><T11/><D124/><U15/><E2/><V132/><F114/><W35/><G69/><T94/><D102/><U111/><E111/><V3/><F3/><W0/><G0/><T66/><D63/><U50/><E100/><V10/><F10/><W4/><G85/><T119/><D49/><U13/><E105/><V90/><F73/><W133/><G133/><N who="2" m="51273" /><F104/><W64/><G4/><T78/><D119/><U30/><E13/><V109/><F47/><W16/><G31/><T59/><D70/><U127/><E15/><V130/><F45/><W98/><G35/><T57/><D57/><U23/><E8/><V121/><F109/><W82/><G12/><T62/><D62/><U81/><E20/><V106/><F106/><W93/><G107/><T71/><D71/><U43/><E23/><V122/><F126/><W46/><G46/><T89/><D112/><U26/><E30/><V74/><F74/><W29/><G29/><T51/><D115/><U32/><E127/><V9/><F9/><W118/><G118/><T40/><D11/><U21/><E21/><V48/><F48/><W39/><G34/><T53/><D5/><U87/><E32/><V58/><F58/><W44/><G28/><T110/><D110/><U128/><E50/><V54/><F54/><W14/><G19/><T36/><D53/><U52/><E52/><V120/><F120/><W1/><G18/><T6/><D51/><RYUUKYOKU ba="2,0" sc="429,-10,230,-10,111,30,230,-10" hai2="90,91,92,95,97,121,122,129,130,131" /><INIT seed="1,3,0,0,0,12" ten="419,220,141,220" oya="1" hai0="81,127,122,93,34,82,91,75,119,1,6,15,0" hai1="19,135,44,46,96,29,24,133,25,43,42,117,87" hai2="3,8,99,105,33,50,126,106,14,53,16,17,114" hai3="84,21,23,55,89,5,11,113,69,103,73,92,121"/><U56/><E117/><V101/><F33/><W70/><G113/><T116/><D34/><U45/><E96/><V76/><F114/><W77/><G121/><T28/><D28/><U95/><E56/><V86/><F126/><W104/><G55/><T111/><D15/><U97/><E87/><V26/><F3/><N who="3" m="447" /><G21/><T118/><D6/><U90/><E19/><V27/><F105/><W20/><G20/><T62/><D62/><U124/><E124/><V47/><REACH who="2" step="1"/><F17/><REACH who="2" ten="419,220,131,220" step="2"/><W31/><G31/><T100/><D127/><U67/><E29/><V72/><F72/><W134/><G104/><T30/><D75/><U102/><E135/><V79/><F79/><W37/><G77/><T66/><D1/><U41/><E133/><V13/><F13/><W128/><G73/><T71/><D0/><U120/><E120/><V130/><F130/><W107/><G128/><T10/><D119/><U39/><E24/><V54/><F54/><W48/><G107/><T129/><D122/><U4/><E25/><V115/><F115/><W57/><G134/><T98/><D129/><U125/><E125/><V112/><F112/><W68/><G68/><T52/><D71/><U78/><E78/><V110/><F110/><W18/><G70/><T80/><D111/><U83/><E4/><V131/><F131/><W7/><G69/><T85/><D116/><U36/><E67/><V109/><F109/><W108/><G7/><T61/><D66/><U49/><E43/><V60/><F60/><W63/><G63/><T59/><D118/><U9/><E42/><V32/><F32/><W123/><G108/><RYUUKYOKU ba="3,1" sc="419,-10,220,-10,131,30,220,-10" hai2="8,14,16,26,27,47,50,53,76,86,99,101,106" /><INIT seed="2,4,1,4,2,115" ten="409,210,161,210" oya="2" hai0="25,131,133,60,43,100,132,5,83,38,0,106,33" hai1="45,63,74,61,75,109,77,71,98,79,16,80,84" hai2="96,59,127,78,49,19,85,94,69,124,121,89,105" hai3="81,2,50,24,118,135,55,52,70,64,35,22,125"/><V6/><F69/><W1/><G35/><T28/><D131/><U93/><E109/><V17/><F121/><W54/><G118/><T107/><D60/><N who="1" m="23115" /><E75/><V58/><F6/><W30/><G70/><T21/><D43/><U10/><E74/><V53/><F58/><W4/><G64/><T76/><D38/><U48/><E71/><V68/><F68/><W72/><G125/><N who="2" m="48201" /><F78/><W104/><G135/><N who="0" m="51787" /><D100/><AGARI ba="4,1" hai="17,19,49,53,59,85,89,94,96,100,105" m="48201" machi="100" ten="30,1500,0" yaku="18,1" doraHai="115" who="2" fromWho="0" sc="409,-27,210,0,161,37,210,0" /><INIT seed="2,5,0,3,5,109" ten="382,210,198,210" oya="2" hai0="57,31,49,15,72,77,87,105,33,19,12,103,130" hai1="131,89,1,116,121,0,30,102,80,29,123,51,65" hai2="81,23,40,129,93,96,99,132,46,8,50,39,47" hai3="58,67,70,25,88,104,90,56,126,55,76,71,16"/><V36/><F129/><W7/><G126/><T38/><D38/><U113/><E113/><V74/><F132/><W97/><G7/><T53/><D72/><U9/><E116/><V117/><F117/><W73/><G73/><T85/><D130/><U100/><E131/><V62/><F62/><N who="3" m="38359" /><G104/><T43/><D43/><U125/><E125/><V26/><F8/><W54/><G71/><T17/><D105/><U27/><E65/><V108/><F108/><W79/><G70/><T44/><D103/><U112/><E112/><V59/><F59/><W48/><G55/><T69/><D69/><U75/><E75/><V134/><F134/><W94/><G90/><T84/><D77/><U2/><E100/><V110/><F110/><W3/><G3/><T34/><D44/><U106/><E102/><V92/><F92/><W107/><G107/><T82/><D82/><U22/><E106/><V5/><F5/><W13/><G25/><T6/><D6/><N who="1" m="1223" /><E1/><V52/><F39/><W120/><G120/><T68/><D68/><U10/><E121/><V4/><F4/><W135/><G135/><T61/><D61/><U124/><E123/><V128/><F128/><W45/><G45/><T20/><REACH who="0" step="1"/><D31/><REACH who="0" ten="372,210,198,210" step="2"/><U11/><E30/><V42/><F42/><W119/><G119/><T21/><AGARI ba="5,1" hai="12,15,17,19,20,21,33,34,49,53,57,84,85,87" machi="21" ten="30,7900,0" yaku="1,1,2,1,0,1,9,1,53,0" doraHai="109" doraHaiUra="41" who="0" fromWho="0" sc="372,104,210,-25,198,-44,210,-25" /><INIT seed="3,0,0,0,2,70" ten="476,185,154,185" oya="3" hai0="118,67,85,103,110,0,77,105,88,36,95,119,90" hai1="93,76,31,80,66,7,25,51,83,41,131,114,50" hai2="47,42,26,33,116,49,104,82,124,87,9,115,55" hai3="1,39,16,5,89,63,130,60,128,134,99,14,4"/><W84/><G134/><T132/><D0/><U32/><E114/><V12/><F124/><W91/><G1/><T121/><D36/><U40/><E131/><N who="3" m="50218" /><G99/><N who="0" m="61695" /><D67/><U24/><E7/><N who="3" m="2634" /><G39/><T68/><D68/><U127/><E127/><V8/><F115/><W102/><G102/><T120/><D110/><U52/><E66/><V62/><F104/><W46/><G46/><T113/><D113/><U92/><E41/><V108/><F116/><N who="0" m="44586" /><D77/><U111/><E76/><V78/><F108/><W74/><G74/><T44/><D44/><U6/><E40/><V35/><F26/><W34/><G34/><T19/><D19/><U56/><E25/><V2/><F2/><W81/><G89/><N who="0" m="53679" /><D132/><U98/><E111/><V22/><F22/><AGARI ba="0,0" hai="14,16,22,60,63,81,84,91" m="2634,50218" machi="22" ten="30,2900,0" yaku="19,1,54,1" doraHai="70" who="3" fromWho="2" sc="476,0,185,0,154,-29,185,29" /><INIT seed="3,1,0,0,2,132" ten="476,185,125,214" oya="3" hai0="98,114,56,100,62,122,42,121,119,106,88,60,61" hai1="46,120,110,44,23,34,64,63,85,82,38,102,12" hai2="135,11,51,105,65,25,92,107,74,4,32,125,75" hai3="112,48,130,90,83,118,14,72,81,31,22,57,127"/><W89/><G112/><T94/><D119/><U59/><E120/><V1/><F135/><W6/><G118/><T27/><D114/><U9/><E34/><V15/><F92/><W97/><G130/><T123/><D42/><U36/><E110/><V96/><F51/><W33/><G33/><T131/><D131/><U117/><E117/><V87/><F87/><W80/><G72/><T91/><D27/><U50/><E23/><V93/><F93/><W18/><G31/><T128/><D128/><U43/><E46/><V17/><F65/><W66/><G127/><T2/><D2/><U40/><E102/><V16/><F125/><W8/><G97/><T103/><REACH who="0" step="1"/><D56/><REACH who="0" ten="466,185,125,214" step="2"/><U29/><E43/><V126/><F126/><W55/><G66/><T30/><D30/><U24/><E24/><AGARI ba="1,1" hai="6,8,14,18,22,24,48,55,57,80,81,83,89,90" machi="24" ten="40,2000,0" yaku="8,1" doraHai="132" who="3" fromWho="1" sc="466,0,185,-23,125,0,214,33" /><INIT seed="3,2,0,4,4,2" ten="466,162,125,247" oya="3" hai0="85,19,33,20,90,62,45,106,55,127,135,29,46" hai1="23,35,96,40,56,24,7,58,0,86,69,134,30" hai2="42,78,89,10,53,54,27,110,51,11,95,80,99" hai3="65,50,104,102,133,60,97,109,131,72,75,71,70"/><W114/><G114/><T59/><D106/><U112/><E112/><V115/><F110/><W74/><G131/><T28/><D135/><U125/><E69/><V113/><F113/><W43/><G133/><T98/><D98/><U120/><E120/><V17/><F115/><W18/><G109/><T32/><D32/><U128/><E134/><V92/><F92/><W38/><G50/><T119/><D127/><U122/><E122/><V3/><F42/><W84/><G84/><T126/><D119/><U101/><E128/><V87/><F3/><W111/><G18/><T44/><D33/><U79/><E125/><V73/><F73/><W100/><G100/><T52/><D55/><U16/><E40/><V77/><F77/><W37/><G111/><T31/><D126/><U14/><E86/><V12/><F27/><W41/><G41/><T67/><D67/><U76/><E76/><V117/><F117/><W94/><G94/><N who="0" m="54607" /><D44/><U26/><E26/><AGARI ba="2,0" hai="19,20,26,28,29,31,45,46,52,59,62" m="54607" machi="26" ten="30,2000,0" yaku="8,1,54,1" doraHai="2" who="0" fromWho="1" sc="466,26,162,-26,125,0,247,0" owari="492,59.2,136,-26.4,125,-37.5,247,4.7" /></mjloggm>