<mjloggm ver="2.3"><GO type="225" lobby="0"/><UN n0="%74%61%6B%75%61%6B%61" n1="%E3%81%A8%E3%82%93%E3%81%A8%E3%81%93%E3%81%A8%E3%82%93" n2="%4B%2E%32%2E%4B%2E" n3="%E3%81%B8%E3%82%80%E3%81%B8%E3%82%80%EF%BC%92%E5%8F%B7" dan="16,16,17,16" rate="2102.63,2119.85,2189.09,2115.21" sx="M,M,M,M"/><TAIKYOKU oya="0"/><INIT seed="0,0,0,2,2,6" ten="250,250,250,250" oya="0" hai0="70,4,11,52,112,121,18,63,28,88,0,90,25" hai1="22,120,75,123,50,79,95,106,43,77,3,40,5" hai2="83,31,45,86,102,124,135,82,131,54,2,29,32" hai3="129,69,67,48,104,41,84,14,132,37,42,46,73"/><T62/><D121/><U49/><E106/><V91/><F2/><W27/><G73/><T9/><D112/><U8/><E95/><V119/><F32/><W60/><G104/><T72/><D72/><U108/><E108/><V81/><F124/><W10/><G132/><T133/><D133/><U110/><E110/><V39/><F135/><W93/><G129/><T36/><D36/><U57/><E22/><V56/><F131/><W96/><G27/><T66/><D18/><U118/><E118/><V130/><F102/><W23/><G23/><T12/><D0/><U13/><E3/><V111/><F111/><W126/><G84/><T53/><D9/><U33/><E33/><V19/><F19/><W116/><G126/><T128/><D128/><U134/><E134/><V34/><F34/><W38/><G42/><T105/><D105/><U61/><E75/><V117/><F45/><W115/><G115/><T107/><D107/><U109/><E109/><V21/><F39/><W17/><REACH who="3" step="1"/><G116/><REACH who="3" ten="250,250,250,240" step="2"/><N who="2" m="44617" /><F130/><W16/><G16/><T64/><D25/><U97/><E120/><V58/><F21/><W55/><G55/><T20/><D20/><U59/><E123/><V26/><F54/><W127/><G127/><T125/><D125/><U94/><E43/><V85/><F85/><W74/><G74/><T100/><D53/><N who="1" m="33967" /><E40/><V65/><F26/><W122/><G122/><T80/><D52/><N who="1" m="32143" /><E50/><V99/><F99/><W87/><G87/><T113/><D64/><U47/><E47/><V101/><F65/><W30/><G30/><T24/><D113/><U51/><E51/><V98/><F29/><RYUUKYOKU ba="0,1" sc="250,-15,250,15,250,-15,240,15" hai1="5,8,13,77,79,94,97" hai3="10,14,17,37,38,41,46,48,60,67,69,93,96" /><INIT seed="1,1,1,4,0,100" ten="235,265,235,255" oya="1" hai0="85,10,31,101,29,106,73,51,133,5,25,43,93" hai1="13,17,68,79,11,130,111,19,32,24,54,44,109" hai2="89,56,1,75,87,39,46,22,2,134,63,45,96" hai3="71,6,94,36,105,125,91,92,0,27,40,102,107"/><U18/><E68/><V78/><F134/><W127/><G71/><T72/><D133/><U15/><E79/><V115/><F115/><W69/><G69/><T59/><D106/><N who="3" m="40457" /><G27/><T119/><D119/><U65/><E65/><V104/><F22/><W64/><G64/><T112/><D112/><U88/><E130/><V52/><F78/><W118/><G40/><T37/><D37/><U30/><E88/><V26/><F75/><W113/><G36/><T108/><D108/><N who="1" m="41547" /><E11/><V23/><F39/><W49/><G49/><AGARI ba="1,1" hai="13,15,17,18,19,24,30,32,44,49,54" m="41547" machi="49" ten="30,2900,0" yaku="14,1,10,1" doraHai="100" who="1" fromWho="3" sc="235,0,265,42,235,0,255,-32" /><INIT seed="1,2,0,2,5,43" ten="235,307,235,223" oya="1" hai0="44,49,5,14,21,77,74,106,76,57,26,40,93" hai1="68,82,117,48,35,64,67,25,90,111,91,124,50" hai2="62,38,131,75,72,28,65,55,51,3,53,39,20" hai3="87,23,52,42,101,71,123,8,112,100,81,32,61"/><U78/><E117/><V134/><F3/><W29/><G112/><T129/><D106/><U19/><E124/><V92/><F131/><W13/><G123/><T85/><D129/><U56/><E68/><V37/><F134/><W24/><G42/><T10/><D74/><U98/><E111/><V94/><F28/><W108/><G32/><T122/><D122/><U80/><E35/><V95/><F20/><W121/><G108/><T110/><D110/><U130/><E130/><V115/><F115/><W119/><G119/><T4/><D4/><U27/><E56/><V31/><F31/><W120/><G120/><T12/><D12/><U99/><REACH who="1" step="1"/><E19/><REACH who="1" ten="235,297,235,223" step="2"/><V45/><REACH who="2" step="1"/><F55/><REACH who="2" ten="235,297,225,223" step="2"/><W128/><G128/><T114/><D114/><U70/><E70/><AGARI ba="2,2" hai="37,38,39,45,51,53,62,65,70,72,75,92,94,95" machi="70" ten="50,6400,0" yaku="1,1,2,1,52,1,53,0" doraHai="43" doraHaiUra="9" who="2" fromWho="1" sc="235,0,297,-70,225,90,223,0" /><INIT seed="2,0,0,4,4,53" ten="235,227,315,223" oya="2" hai0="0,70,28,130,50,55,13,5,32,78,6,24,2" hai1="118,3,21,134,56,64,83,38,124,87,69,35,84" hai2="105,39,43,62,19,75,97,115,61,40,94,93,113" hai3="129,86,34,16,106,103,9,119,45,54,31,107,23"/><V37/><F75/><W112/><G119/><T29/><D70/><U91/><E35/><V81/><F81/><W7/><G103/><T110/><D78/><U76/><E118/><V18/><F97/><W123/><G123/><T11/><D110/><U68/><E3/><N who="0" m="1065" /><D50/><U116/><E116/><V15/><REACH who="2" step="1"/><F15/><REACH who="2" ten="235,227,305,223" step="2"/><W44/><G112/><T67/><D130/><U49/><E83/><V98/><F98/><W95/><G129/><T30/><D67/><U51/><E64/><V33/><F33/><W125/><G34/><T121/><D121/><U89/><E134/><V46/><F46/><W127/><G44/><T27/><D55/><U135/><E135/><V17/><F17/><W108/><G45/><T4/><D32/><U73/><E73/><V90/><F90/><N who="3" m="53719" /><G54/><T59/><D59/><U122/><E56/><V96/><F96/><W66/><G66/><T128/><D128/><U25/><E122/><V14/><F14/><N who="3" m="5439" /><G31/><T120/><D120/><U47/><E47/><V126/><F126/><N who="3" m="48139" /><G108/><T92/><D92/><U60/><E124/><V132/><F132/><W88/><G88/><T104/><D104/><AGARI ba="0,1" hai="18,19,37,39,40,43,61,62,93,94,104,105,113,115" machi="104" ten="25,4800,0" yaku="1,1,22,2,53,0" doraHai="53" doraHaiUra="42" who="2" fromWho="0" sc="235,-48,227,0,305,58,223,0" /><INIT seed="2,1,0,0,4,133" ten="187,227,363,223" oya="2" hai0="55,104,47,134,67,111,84,30,4,127,88,76,123" hai1="131,0,15,94,93,44,126,72,81,21,91,78,49" hai2="48,42,5,59,71,52,109,3,122,33,106,82,34" hai3="124,8,100,98,60,51,73,11,108,113,65,128,9"/><V87/><F122/><W132/><G132/><T61/><D123/><U117/><E117/><V114/><F114/><W31/><G113/><T66/><D134/><U45/><E0/><V95/><F106/><W135/><G135/><T25/><D111/><U121/><E121/><V6/><F109/><W80/><G108/><T101/><D76/><U107/><E107/><V1/><F71/><W36/><G36/><T32/><D4/><U99/><E131/><V40/><F95/><W89/><G128/><T75/><D75/><U22/><E126/><V46/><F5/><W2/><G2/><T7/><D7/><U26/><E49/><V86/><F40/><W24/><G51/><T56/><D127/><U41/><E41/><V35/><F6/><W10/><G124/><T74/><D74/><U103/><E15/><V18/><F18/><W83/><G89/><T16/><D47/><U37/><E37/><V79/><REACH who="2" step="1"/><F87/><REACH who="2" ten="187,227,353,223" step="2"/><W14/><G73/><T29/><D29/><U112/><E112/><V57/><F57/><N who="3" m="37007" /><G98/><T43/><D43/><U115/><E115/><V119/><F119/><W20/><G100/><T85/><D85/><U38/><E103/><V77/><F77/><W62/><G62/><AGARI ba="1,1" hai="1,3,33,34,35,42,46,48,52,59,62,79,82,86" machi="62" ten="40,7700,0" yaku="1,1,54,1,53,1" doraHai="133" doraHaiUra="50" who="2" fromWho="3" sc="187,0,227,0,353,90,223,-80" /><INIT seed="2,2,0,4,4,9" ten="187,227,443,143" oya="2" hai0="85,13,122,114,77,44,1,127,81,88,51,130,62" hai1="28,99,70,106,56,80,128,115,50,116,64,46,82" hai2="123,14,118,96,27,19,33,102,6,105,63,30,109" hai3="23,120,67,90,16,76,57,32,100,22,11,98,24"/><V58/><F118/><W52/><G120/><T36/><D122/><U92/><E115/><V17/><F123/><W117/><G117/><T59/><D114/><U131/><E106/><V42/><F109/><W83/><G67/><N who="0" m="39391" /><D36/><U135/><E70/><V129/><F129/><N who="1" m="49737" /><E28/><V69/><F42/><W4/><G90/><T60/><D1/><U124/><E124/><V5/><F19/><W71/><G71/><T40/><D127/><U132/><E56/><V29/><F29/><W91/><G91/><T107/><D107/><U20/><E20/><V45/><F45/><W0/><G32/><T37/><D37/><U43/><E64/><V104/><F104/><W121/><G121/><T113/><D113/><U49/><E49/><V103/><F103/><W21/><G100/><T39/><D39/><U110/><E110/><V55/><REACH who="2" step="1"/><F69/><REACH who="2" ten="187,227,433,143" step="2"/><W84/><REACH who="3" step="1"/><G98/><REACH who="3" ten="187,227,433,133" step="2"/><T65/><D130/><U3/><E116/><V126/><F126/><W78/><G78/><T34/><D77/><U75/><E132/><V108/><F108/><W93/><G93/><T133/><D133/><U111/><E135/><V41/><F41/><W87/><G87/><T15/><D34/><U53/><E111/><V54/><F54/><W35/><G35/><T38/><D38/><U95/><E43/><V125/><F125/><W12/><G12/><N who="0" m="4683" /><D65/><U8/><E3/><V119/><F119/><W134/><G134/><T101/><D101/><U26/><E75/><V86/><F86/><W74/><G74/><T18/><D18/><U10/><E99/><V66/><F66/><W89/><G89/><T97/><D97/><RYUUKYOKU ba="2,2" sc="187,10,227,-30,433,10,133,10" hai0="40,44,51,60,81,85,88" hai2="5,6,14,17,27,30,33,55,58,63,96,102,105" hai3="0,4,11,16,21,22,23,24,52,57,76,83,84" /><INIT seed="2,3,2,0,5,54" ten="197,197,443,143" oya="2" hai0="15,4,117,74,133,51,18,5,95,86,6,65,108" hai1="114,66,69,110,37,11,82,125,72,99,45,89,112" hai2="85,34,21,105,1,49,42,93,134,116,47,9,0" hai3="28,78,8,35,14,40,13,36,127,113,81,16,48"/><V3/><F105/><W77/><G36/><T126/><D74/><U98/><E110/><V104/><F104/><W131/><G131/><T30/><D108/><U132/><E132/><V59/><F34/><W26/><G127/><T123/><D123/><U124/><E11/><V80/><F116/><W55/><G113/><N who="1" m="43626" /><E89/><V12/><F93/><W10/><G40/><T100/><D126/><N who="1" m="48747" /><E37/><V23/><F134/><W129/><G129/><T102/><D133/><U103/><E45/><V101/><F101/><W50/><G81/><T68/><D117/><U90/><E103/><V91/><F23/><W135/><G135/><T29/><D102/><U111/><E111/><V84/><F21/><W41/><G41/><T56/><D68/><U67/><E72/><V19/><F85/><W22/><G35/><T32/><D32/><U70/><E82/><V94/><F80/><W52/><G50/><T71/><D71/><N who="1" m="27147" /><E90/><V83/><F83/><W53/><G48/><T79/><D51/><U60/><E60/><V75/><F75/><W44/><G44/><T31/><D100/><U122/><E122/><V115/><F115/><W7/><AGARI ba="3,2" hai="7,8,10,13,14,16,22,26,28,52,53,55,77,78" machi="7" ten="30,7900,0" yaku="0,1,8,1,54,2" doraHai="54" who="3" fromWho="3" sc="197,-23,197,-23,443,-42,143,108" /><INIT seed="3,0,0,4,3,52" ten="174,174,401,251" oya="3" hai0="57,65,109,130,48,103,100,104,32,102,24,31,38" hai1="53,113,92,99,34,90,16,129,6,64,134,21,71" hai2="66,116,20,119,55,29,19,61,106,85,2,126,80" hai3="59,82,11,62,120,26,28,13,110,9,5,118,112"/><W91/><G112/><T89/><D38/><U98/><E113/><V30/><F106/><W60/><G118/><T50/><D109/><U122/><E122/><V7/><F55/><W68/><G110/><T58/><D104/><U72/><E34/><V42/><F42/><W63/><G120/><T97/><D130/><U27/><E72/><V69/><F126/><W114/><G68/><T33/><D33/><U14/><E129/><V83/><F7/><W54/><G9/><T12/><D12/><U25/><E134/><V86/><F2/><W1/><G1/><T76/><D76/><U8/><E99/><V43/><F43/><W101/><G101/><T84/><D97/><U67/><E71/><V108/><F108/><W15/><G15/><T127/><D127/><U23/><E53/><V35/><F116/><W46/><G46/><T107/><D107/><U87/><E98/><V18/><F35/><W0/><G0/><T105/><D105/><U111/><E111/><V125/><F125/><W132/><G132/><T45/><D65/><U10/><E10/><V56/><F69/><W44/><G44/><T124/><D124/><U123/><E123/><V22/><F22/><N who="3" m="15447" /><G114/><T77/><D45/><U81/><E81/><N who="2" m="31307" /><F119/><W115/><G115/><T121/><D121/><U51/><E51/><N who="0" m="19497" /><D77/><U47/><E47/><V96/><F29/><AGARI ba="0,0" hai="6,8,14,16,21,23,25,27,29,64,67,87,90,92" machi="29" ten="30,3900,0" yaku="7,1,8,1,54,1" doraHai="52" who="1" fromWho="2" sc="174,0,174,39,401,-39,251,0" owari="174,-32.6,213,-18.7,362,46.2,251,5.1" /></mjloggm>