<mjloggm ver="2.3"><GO type="225" lobby="0"/><UN n0="%4C%4F%4C%49%54%41" n1="%37%2F%32%E3%81%AB%E7%94%9F%E3%81%BE%E3%82%8C%E3%81%A6" n2="%E7%82%BA%E4%BA%86%E6%89%93%E6%95%97%E7%94%B7%E5%8F%8B%E7%9A%84" n3="%6D%75%75%6D%75%72%61" dan="16,17,16,16" rate="2191.44,2152.22,2037.77,2135.86" sx="F,M,F,F"/><TAIKYOKU oya="0"/><INIT seed="0,0,0,2,2,126" ten="250,250,250,250" oya="0" hai0="10,77,36,114,12,100,65,29,34,55,51,97,7" hai1="95,71,9,94,37,49,125,23,59,96,20,26,27" hai2="76,106,103,46,93,85,123,128,32,33,13,98,92" hai3="8,70,17,40,109,104,41,83,107,82,64,60,5"/><T69/><D114/><U89/><E125/><V56/><F123/><W74/><G109/><T42/><D77/><U122/><E71/><V132/><F132/><W66/><G66/><T63/><D29/><U24/><E37/><V133/><F133/><W91/><G17/><T80/><D34/><U134/><E122/><V88/><F76/><W58/><G70/><T113/><D80/><U102/><E9/><V81/><F128/><W75/><G82/><T48/><D113/><U3/><E3/><V127/><F127/><W53/><G64/><T0/><D12/><U22/><E134/><V86/><F46/><W110/><G110/><T47/><REACH who="0" step="1"/><D55/><REACH who="0" ten="240,250,250,250" step="2"/><N who="1" m="32239" /><E26/><V19/><F33/><W35/><G35/><T73/><D73/><U118/><E118/><V44/><F32/><W78/><G75/><T6/><D6/><U87/><AGARI ba="0,1" hai="20,22,23,24,27,87,89,94,95,96,102" m="32239" machi="87" ten="30,1100,0" yaku="8,1" doraHai="126" who="1" fromWho="1" sc="240,-5,250,21,250,-3,250,-3" /><INIT seed="1,0,0,0,3,75" ten="235,271,247,247" oya="1" hai0="105,134,13,24,39,130,66,99,127,25,74,9,88" hai1="67,49,57,72,113,47,6,52,125,91,18,124,27" hai2="55,20,123,71,59,37,12,63,30,35,45,108,38" hai3="62,15,128,84,60,69,120,10,132,135,109,42,104"/><U79/><E113/><V95/><F123/><W26/><G120/><T110/><D39/><U33/><E6/><V48/><F35/><W64/><G109/><T32/><D110/><U107/><E107/><V73/><F108/><W116/><G128/><T29/><D130/><U103/><E103/><V118/><F118/><W131/><G131/><T133/><D74/><U0/><E91/><V50/><F73/><W61/><G104/><T90/><D127/><N who="1" m="48715" /><E0/><V34/><F34/><W81/><G26/><T87/><D66/><U106/><E106/><V56/><F71/><W94/><G94/><T77/><D25/><U44/><E67/><V117/><F117/><W100/><G42/><T93/><D105/><U28/><E18/><V83/><F95/><W114/><G100/><T96/><D96/><U36/><E36/><V68/><F83/><AGARI ba="0,0" hai="27,28,33,44,47,49,52,57,72,79,83" m="48715" machi="83" ten="30,5800,0" yaku="18,1,52,1,54,1" doraHai="75" who="1" fromWho="2" sc="235,0,271,58,247,-58,247,0" /><INIT seed="1,1,0,0,5,100" ten="235,329,189,247" oya="1" hai0="101,8,82,27,11,13,120,44,14,47,132,59,21" hai1="43,22,78,19,103,29,70,34,114,106,17,90,80" hai2="33,32,76,107,92,35,111,16,102,104,18,85,71" hai3="24,20,110,9,77,37,42,36,51,53,56,25,84"/><U73/><E114/><V93/><F71/><W67/><G110/><T96/><D132/><U79/><E78/><V46/><F111/><W112/><G112/><T3/><D3/><U55/><E43/><V126/><F46/><W54/><G67/><T65/><D120/><U74/><E74/><V57/><F57/><W97/><G42/><T115/><D115/><U64/><E55/><V23/><F126/><W7/><G97/><T12/><D82/><U129/><E90/><V127/><F127/><W75/><G75/><T105/><D59/><U94/><E94/><V15/><F18/><W45/><G77/><T41/><D65/><U72/><E22/><V4/><F4/><W99/><G84/><T6/><D11/><U61/><E73/><V10/><F23/><W95/><G9/><T131/><D131/><U86/><E86/><V83/><REACH who="2" step="1"/><F92/><REACH who="2" ten="235,329,179,247" step="2"/><W87/><G7/><T38/><REACH who="0" step="1"/><D47/><REACH who="0" ten="225,329,179,247" step="2"/><U98/><E129/><V130/><F130/><W121/><G45/><T118/><D118/><U39/><E70/><V2/><F2/><W134/><G56/><T88/><D88/><U58/><E58/><V63/><F63/><W48/><G121/><T109/><D109/><U49/><E61/><V0/><F0/><W135/><G135/><T68/><D68/><U81/><E79/><V113/><F113/><W30/><G134/><T26/><D26/><U108/><E108/><V40/><F40/><W119/><G25/><T69/><D69/><U128/><E128/><V122/><F122/><W89/><G119/><T91/><D91/><U28/><E64/><V125/><F125/><RYUUKYOKU ba="1,2" sc="225,15,329,-15,179,15,247,-15" hai0="6,8,12,13,14,21,27,38,41,44,96,101,105" hai2="10,15,16,32,33,35,76,83,85,93,102,104,107" /><INIT seed="2,2,2,1,4,60" ten="240,314,194,232" oya="2" hai0="9,114,86,55,42,68,69,64,118,27,36,45,95" hai1="77,74,11,16,56,18,29,97,88,116,59,72,20" hai2="53,115,15,130,40,31,34,91,65,58,32,82,100" hai3="47,119,78,51,101,105,96,39,30,6,2,19,110"/><V0/><F115/><W76/><G119/><T25/><D114/><U89/><E116/><V24/><F0/><W62/><G110/><T92/><D118/><U43/><E43/><V70/><F130/><W13/><G39/><T87/><D55/><U12/><E29/><V128/><F128/><W17/><G30/><T44/><D42/><U90/><E97/><V1/><F1/><W57/><G2/><T122/><D9/><U121/><E121/><V93/><F40/><W71/><G6/><T49/><D49/><U113/><E113/><V41/><F41/><W79/><G71/><T117/><D117/><U33/><E33/><V61/><F15/><W99/><G99/><T22/><D22/><U120/><E120/><V37/><F37/><W3/><G3/><T54/><D54/><U111/><E111/><V67/><F70/><W8/><G19/><T131/><D122/><U4/><E18/><V94/><F82/><W107/><G51/><T14/><D14/><U80/><REACH who="1" step="1"/><E72/><REACH who="1" ten="240,304,194,232" step="2"/><V108/><F108/><W46/><REACH who="3" step="1"/><G107/><REACH who="3" ten="240,304,194,222" step="2"/><T103/><D36/><U83/><E83/><V127/><F34/><W135/><G135/><T125/><D131/><U5/><E5/><V133/><F133/><W26/><G26/><AGARI ba="2,4" hai="4,11,12,16,20,26,56,59,74,77,80,88,89,90" machi="26" ten="40,8000,1" yaku="1,1,54,2,53,1" doraHai="60" doraHaiUra="21" who="1" fromWho="3" sc="240,0,304,126,194,0,222,-86" /><INIT seed="3,0,0,3,3,37" ten="240,430,194,136" oya="3" hai0="125,9,126,35,91,17,12,112,86,50,129,73,33" hai1="74,60,53,34,79,22,23,71,87,120,4,103,5" hai2="122,102,52,29,54,8,16,124,104,41,14,78,88" hai3="121,92,57,98,84,135,25,117,7,58,3,93,82"/><W66/><G117/><T59/><D73/><U11/><E74/><V21/><F104/><W32/><G121/><T134/><D134/><U20/><E34/><V44/><F102/><W127/><G135/><T31/><D31/><U100/><E120/><V18/><F122/><W6/><G127/><N who="0" m="48651" /><D129/><U13/><E4/><V63/><F29/><W68/><G68/><T90/><D112/><U99/><E99/><V24/><F78/><W107/><G107/><T62/><D50/><U89/><E79/><V55/><F124/><W27/><G32/><N who="0" m="12363" /><D86/><U130/><E130/><V101/><F101/><W115/><G115/><T128/><D128/><U64/><E53/><AGARI ba="0,0" hai="9,12,17,53,59,62,90,91" m="12363,48651" machi="53" ten="30,1000,0" yaku="18,1" doraHai="37" who="0" fromWho="1" sc="240,10,430,-10,194,0,136,0" owari="250,5.0,420,52.0,194,-20.6,136,-36.4" /></mjloggm>