<mjloggm ver="2.3"><GO type="225" lobby="0"/><UN n0="%E3%81%9F%E3%81%93%E2%98%86%E7%84%BC%E3%81%8D" n1="%E3%81%A1%E3%82%85%E3%81%86%E3%81%A9%E3%81%8F%E8%B1%A1%E3%81%95%E3%82%93" n2="%6D%75%75%6D%75%72%61" n3="%E6%9C%AA%E6%9D%A5%E5%B0%91%E5%B9%B4" dan="16,17,16,16" rate="2095.95,2179.99,2117.53,2156.04" sx="M,M,F,M"/><TAIKYOKU oya="0"/><INIT seed="0,0,0,0,2,37" ten="250,250,250,250" oya="0" hai0="9,82,104,16,86,18,120,89,57,0,17,43,6" hai1="87,103,32,134,62,50,10,39,36,51,132,90,80" hai2="60,95,72,26,97,125,116,55,98,78,27,133,96" hai3="131,8,58,61,30,49,118,7,71,31,126,22,25"/><T124/><D120/><U81/><E32/><V73/><F133/><N who="1" m="51305" /><E103/><V68/><F125/><W129/><G118/><T42/><D124/><U20/><E62/><V66/><F116/><W67/><G126/><T110/><D104/><U74/><E10/><V59/><F95/><W112/><G112/><T52/><REACH who="0" step="1"/><D110/><REACH who="0" ten="240,250,250,250" step="2"/><U48/><E20/><V69/><F69/><W75/><G71/><T53/><D53/><U13/><E13/><V135/><F135/><W19/><G129/><T4/><D4/><U119/><E119/><V29/><F68/><W46/><G131/><T5/><D5/><U65/><E65/><V77/><F66/><W128/><G128/><T28/><D28/><U106/><E106/><V121/><F121/><W14/><REACH who="3" step="1"/><G75/><REACH who="3" ten="240,250,250,240" step="2"/><T21/><D21/><U94/><E74/><V15/><F73/><W12/><G12/><T56/><D56/><U64/><E64/><V115/><F72/><W127/><G127/><T117/><D117/><U92/><E80/><V114/><F15/><W63/><G63/><AGARI ba="0,2" hai="0,6,9,16,17,18,42,43,52,57,63,82,86,89" machi="63" ten="40,12000,1" yaku="1,1,52,2,54,2,53,0" doraHai="37" doraHaiUra="70" who="0" fromWho="3" sc="240,140,250,0,250,0,240,-120" /><INIT seed="0,1,0,1,2,50" ten="380,250,250,120" oya="0" hai0="120,35,31,14,73,51,36,21,75,88,44,9,127" hai1="104,117,39,47,27,42,0,81,67,77,64,66,115" hai2="6,107,13,83,54,28,2,108,99,61,118,25,37" hai3="71,125,19,43,7,16,34,111,55,48,52,26,30"/><T18/><D36/><U85/><E117/><V129/><F118/><W130/><G71/><T63/><D127/><U3/><E104/><V123/><F123/><W23/><G125/><T132/><D132/><U93/><E115/><V122/><F122/><W70/><G70/><T15/><D63/><U98/><REACH who="1" step="1"/><E27/><REACH who="1" ten="380,240,250,120" step="2"/><V112/><F25/><W40/><G130/><T5/><D120/><U110/><E110/><V10/><F107/><W82/><G111/><T68/><D35/><U20/><E20/><V69/><F108/><W113/><G113/><T135/><D135/><U46/><E46/><V62/><F112/><W133/><G133/><T109/><D109/><U97/><E97/><V74/><F99/><W128/><G128/><T59/><D21/><U78/><E78/><V29/><F129/><W45/><G34/><T87/><D44/><U80/><E80/><V24/><F83/><W103/><G103/><AGARI ba="1,1" hai="0,3,39,42,47,64,66,67,77,81,85,93,98,103" machi="103" ten="40,1300,0" yaku="1,1,53,0" doraHai="50" doraHaiUra="134" who="1" fromWho="3" sc="380,0,240,26,250,0,120,-16" /><INIT seed="1,0,0,2,3,61" ten="380,266,250,104" oya="1" hai0="34,41,60,92,117,107,19,81,79,66,59,12,123" hai1="91,118,4,52,17,54,77,15,126,113,94,130,38" hai2="69,101,23,82,30,1,7,89,90,44,127,95,56" hai3="76,131,114,128,31,134,67,78,25,105,108,88,80"/><U62/><E113/><V70/><F127/><W36/><G114/><T111/><D111/><U68/><E118/><V58/><F101/><W28/><G108/><T39/><D107/><U73/><E38/><V55/><F1/><W50/><G105/><T40/><D34/><U11/><E126/><V47/><F7/><W132/><G36/><T71/><D123/><U8/><E130/><N who="3" m="49706" /><G50/><T75/><D117/><U20/><E77/><N who="3" m="29802" /><G25/><T124/><D124/><U116/><E73/><V45/><F30/><N who="3" m="11307" /><G67/><T106/><D106/><U85/><E116/><V14/><F45/><W72/><G72/><T27/><D27/><U74/><E74/><V102/><F44/><W83/><G88/><T43/><D92/><U13/><REACH who="1" step="1"/><E8/><REACH who="1" ten="380,256,250,104" step="2"/><V109/><F109/><W121/><G121/><T125/><D125/><U64/><AGARI ba="0,1" hai="4,11,13,15,17,20,52,54,62,64,68,85,91,94" machi="64" ten="30,12000,1" yaku="1,1,2,1,0,1,52,1,54,1,53,0" doraHai="61" doraHaiUra="21" who="1" fromWho="1" sc="380,-40,256,130,250,-40,104,-40" /><INIT seed="1,1,0,2,2,21" ten="340,386,210,64" oya="1" hai0="122,11,52,29,101,36,81,0,28,88,134,77,120" hai1="58,5,80,110,85,35,111,39,30,24,132,68,48" hai2="57,12,127,129,60,84,94,86,32,37,96,97,3" hai3="126,43,26,1,8,45,118,59,92,107,22,13,34"/><U106/><E39/><V112/><F3/><W124/><G118/><T104/><D36/><U99/><E68/><V61/><F129/><W117/><G117/><T19/><D134/><U119/><E119/><V17/><F127/><W114/><G107/><T50/><D104/><U82/><E5/><V33/><F37/><W135/><G114/><T46/><D101/><N who="1" m="62783" /><E85/><V87/><F112/><W23/><G135/><T65/><D65/><U75/><E75/><V74/><F74/><W14/><G59/><T93/><D0/><U66/><E132/><V73/><F73/><W7/><G92/><T83/><D11/><U91/><E91/><V42/><F42/><W98/><G98/><N who="0" m="57639" /><D19/><U49/><E66/><V47/><F96/><W25/><G45/><T4/><D4/><U95/><E95/><V20/><F47/><W116/><G43/><T130/><D130/><U71/><E71/><V53/><REACH who="2" step="1"/><F61/><REACH who="2" ten="340,386,200,64" step="2"/><W103/><G103/><AGARI ba="1,1" hai="12,17,20,32,33,53,57,60,84,86,87,94,97,103" machi="103" ten="40,2600,0" yaku="1,1,2,1,53,0" doraHai="21" doraHaiUra="27" who="2" fromWho="3" sc="340,0,386,0,200,39,64,-29" /><INIT seed="2,0,0,3,0,56" ten="340,386,239,35" oya="2" hai0="16,47,69,92,76,126,130,82,89,121,4,67,18" hai1="59,24,79,88,57,118,25,61,127,43,39,26,54" hai2="87,129,83,31,78,74,17,102,116,19,32,20,65" hai3="73,96,7,64,27,34,28,45,50,11,68,91,66"/><V55/><F116/><W5/><G73/><T133/><D121/><U95/><E118/><V2/><F129/><W9/><G68/><T46/><D130/><U58/><E127/><V115/><F115/><W8/><G96/><T122/><D4/><U13/><E79/><V41/><F2/><W29/><G91/><T75/><D126/><U120/><E120/><V112/><F112/><W60/><G29/><T10/><D133/><U117/><E117/><V119/><F119/><W23/><G34/><T21/><D122/><U81/><E81/><V94/><F32/><W98/><G98/><T101/><D101/><U36/><E13/><V12/><F41/><W70/><REACH who="3" step="1"/><G66/><REACH who="3" ten="340,386,239,25" step="2"/><T131/><D67/><U105/><E88/><N who="2" m="53535" /><F31/><W40/><AGARI ba="0,1" hai="5,7,8,9,11,23,27,28,40,45,50,60,64,70" machi="40" ten="30,4000,0" yaku="1,1,0,1,52,1,53,0" doraHai="56" doraHaiUra="51" who="3" fromWho="3" sc="340,-10,386,-10,239,-20,25,50" /><INIT seed="3,0,0,2,3,131" ten="330,376,219,75" oya="3" hai0="124,35,119,50,55,11,64,129,110,10,117,48,25" hai1="99,42,115,73,98,54,96,123,112,59,19,39,130" hai2="2,104,84,85,32,72,76,109,87,26,44,65,16" hai3="78,118,108,107,103,49,92,68,8,89,133,67,52"/><W125/><G118/><T18/><D129/><U120/><E130/><V53/><F104/><W51/><G125/><T3/><D124/><U70/><E70/><V116/><F2/><W60/><G108/><T21/><D110/><U37/><E73/><V69/><F72/><W47/><G78/><T81/><D64/><U12/><E42/><V135/><F32/><W121/><G121/><T95/><D50/><U75/><E75/><V46/><F69/><W111/><G111/><T28/><D81/><U9/><E123/><V22/><F65/><W20/><G103/><T17/><D95/><U6/><E6/><V15/><F109/><W5/><G107/><T102/><D102/><U1/><E1/><V100/><F100/><W83/><G20/><T43/><D43/><U27/><E27/><V134/><F76/><W77/><G51/><T45/><D17/><U97/><E97/><V63/><F116/><W41/><G133/><N who="2" m="50697" /><F26/><W80/><G41/><T101/><D101/><U33/><E33/><V24/><F24/><W90/><G77/><T38/><D38/><U132/><E132/><V86/><F86/><W56/><G68/><T91/><D3/><U7/><E120/><V74/><F74/><W88/><REACH who="3" step="1"/><G92/><REACH who="3" ten="330,376,219,65" step="2"/><T127/><D127/><U0/><E37/><V13/><F44/><W62/><G62/><T14/><D119/><U126/><E126/><V93/><F93/><W58/><G58/><T30/><D117/><U23/><E39/><V36/><F36/><W29/><G29/><T128/><D30/><U82/><E82/><V79/><F79/><W4/><G4/><RYUUKYOKU ba="0,1" sc="330,-15,376,15,219,-15,65,15" hai1="0,7,9,12,19,23,54,59,96,98,99,112,115" hai3="5,8,47,49,52,56,60,67,80,83,88,89,90" /><INIT seed="3,1,1,3,3,38" ten="315,391,204,80" oya="3" hai0="23,46,56,87,35,116,97,42,27,131,66,92,85" hai1="129,113,33,105,104,58,43,90,45,41,24,119,95" hai2="75,69,94,64,78,52,68,0,50,89,2,9,124" hai3="51,79,37,30,83,67,31,65,82,71,4,7,28"/><W61/><G37/><T55/><D35/><U121/><E113/><V26/><F124/><W135/><G135/><T81/><D116/><U21/><E33/><V123/><F123/><W49/><G67/><T53/><D131/><U110/><E41/><V101/><F101/><W8/><G82/><T13/><D13/><U32/><E32/><V72/><F26/><W112/><G112/><T127/><D127/><U86/><E110/><V120/><F120/><W60/><G60/><T16/><D66/><U10/><E10/><V80/><F75/><W34/><G34/><T48/><D81/><U118/><E58/><V93/><F93/><W109/><G109/><T11/><D11/><U84/><E84/><V111/><F111/><W36/><G36/><T29/><D29/><N who="1" m="17551" /><E129/><V57/><F64/><W115/><G115/><T74/><D74/><U134/><E134/><V77/><F77/><W18/><G18/><T88/><REACH who="0" step="1"/><D55/><REACH who="0" ten="305,391,204,80" step="2"/><U106/><E121/><V100/><F100/><W62/><G62/><AGARI ba="1,2" hai="16,23,27,42,46,48,53,56,62,85,87,88,92,97" machi="62" ten="30,16000,3" yaku="1,1,2,1,7,1,25,2,8,1,52,1,54,2,53,0" doraHai="38" doraHaiUra="63" who="0" fromWho="3" sc="305,183,391,0,204,0,80,-163" owari="488,58.8,391,19.1,204,-19.6,-83,-58.3" /></mjloggm>