<mjloggm ver="2.3"><GO type="225" lobby="0"/><UN n0="%E5%82%8D%E8%8B%A5%E7%84%A1%E4%BA%BA%35%31" n1="%72%61%6B%33" n2="%E5%B8%86%E7%AB%8B%E5%A4%8F%E8%A1%A3" n3="%E3%81%A9%E3%82%8F%E3%82%93%E3%81%94" dan="16,16,16,16" rate="2075.40,2078.40,2132.54,2069.56" sx="M,M,M,M"/><TAIKYOKU oya="0"/><INIT seed="0,0,0,0,1,29" ten="250,250,250,250" oya="0" hai0="77,122,1,34,79,65,106,83,131,70,74,50,0" hai1="128,2,104,85,32,35,72,99,97,84,47,28,37" hai2="113,8,80,49,7,67,108,86,127,5,63,90,51" hai3="116,52,115,105,78,98,126,58,123,94,40,95,45"/><T11/><D122/><U25/><E72/><V19/><F108/><W59/><G116/><T100/><D50/><U109/><E2/><V75/><F127/><W135/><G115/><T43/><D43/><U27/><E109/><V112/><F112/><W6/><G126/><T96/><D131/><U88/><E128/><V12/><F75/><W76/><G123/><T26/><D79/><U114/><E114/><V39/><F39/><W38/><G135/><T10/><D11/><U117/><E117/><V118/><F118/><W68/><G6/><T18/><D10/><U81/><E104/><V44/><F51/><W110/><G68/><T17/><D18/><U16/><E85/><V120/><F120/><W56/><G110/><T20/><REACH who="0" step="1"/><D34/><REACH who="0" ten="240,250,250,250" step="2"/><U3/><E3/><V23/><F23/><W64/><G78/><T130/><D130/><U125/><E125/><V62/><F113/><W14/><G76/><T46/><D46/><U36/><E32/><V102/><F102/><W66/><G40/><T132/><D132/><U60/><E36/><V92/><F7/><W119/><G38/><T33/><D33/><U4/><E4/><V54/><F5/><W31/><G119/><T24/><D24/><U71/><E47/><V73/><F73/><W48/><G45/><T87/><D87/><U121/><E37/><V41/><F41/><W21/><G48/><T124/><D124/><U82/><E121/><V22/><F22/><W111/><G21/><T9/><D9/><U15/><E35/><V30/><F19/><W69/><G111/><T101/><D101/><U129/><E129/><RYUUKYOKU ba="0,1" sc="240,30,250,-10,250,-10,250,-10" hai0="0,1,17,20,26,65,70,74,77,83,96,100,106" /><INIT seed="0,1,1,4,5,17" ten="270,240,240,240" oya="0" hai0="98,105,97,45,38,126,42,116,30,8,134,87,3" hai1="61,53,22,0,89,75,11,67,88,103,13,78,46" hai2="9,58,91,29,68,2,36,63,28,19,104,25,122" hai3="7,12,57,107,23,114,10,44,74,6,20,51,49"/><T59/><D116/><U65/><E0/><V121/><F68/><W95/><G114/><T52/><D134/><U27/><E103/><V64/><F104/><W18/><G74/><T34/><D126/><U135/><E135/><V41/><F29/><W33/><G33/><T71/><D71/><U83/><E46/><V99/><F41/><W86/><G107/><T76/><D105/><U60/><E60/><V118/><F36/><W84/><G57/><T55/><D55/><U94/><E53/><V32/><F118/><W81/><G95/><T130/><D130/><U35/><E35/><V101/><F101/><W127/><G127/><T54/><D54/><U73/><E73/><V4/><F99/><W56/><G56/><T1/><D30/><U85/><E89/><V128/><F91/><N who="3" m="51599" /><G86/><T106/><D34/><U77/><E77/><V66/><F66/><W16/><G10/><T131/><D131/><U125/><E125/><V48/><F48/><N who="3" m="18507" /><G44/><T132/><D132/><U102/><E102/><V47/><F47/><W40/><G40/><T119/><D119/><U93/><E93/><V37/><F37/><W69/><G69/><T31/><D106/><U111/><E61/><V133/><F133/><W26/><AGARI ba="1,1" hai="6,7,12,16,18,20,23,26" m="18507,51599" machi="26" ten="30,7900,0" yaku="8,1,52,2,54,1" doraHai="17" who="3" fromWho="3" sc="270,-40,240,-21,240,-21,240,92" /><INIT seed="1,0,0,3,0,46" ten="230,219,219,332" oya="1" hai0="110,44,27,84,93,119,83,112,40,0,113,26,15" hai1="59,77,122,38,18,17,94,123,21,121,6,10,92" hai2="25,102,56,128,50,95,131,58,130,47,124,79,66" hai3="54,13,42,89,48,126,125,85,72,28,33,60,111"/><U103/><E38/><V1/><F1/><W115/><G72/><T12/><D110/><U53/><E77/><V100/><F124/><N who="3" m="47723" /><G115/><T68/><D68/><U91/><E103/><N who="2" m="39467" /><F95/><W39/><G111/><T81/><D119/><U30/><E30/><V2/><F2/><W52/><G13/><T75/><D0/><U64/><E64/><V70/><F79/><W117/><G117/><T16/><D15/><U82/><E82/><V22/><F66/><W88/><G39/><T55/><D75/><U134/><E134/><V8/><F8/><W99/><G99/><T73/><D81/><U80/><E80/><V118/><F70/><W35/><G89/><N who="0" m="51359" /><D93/><U132/><E132/><V109/><F109/><W108/><G108/><T7/><D73/><U20/><E92/><V101/><N who="2" m="39475" /><V96/><DORA hai="97" /><F96/><W120/><G120/><T57/><D113/><U71/><E71/><V49/><F118/><W4/><G35/><T29/><D112/><U63/><E6/><V106/><F106/><W116/><G4/><T19/><D7/><U9/><E20/><V34/><F34/><W67/><G67/><T5/><D5/><U86/><REACH who="1" step="1"/><E21/><REACH who="1" ten="230,209,219,332" step="2"/><V127/><F127/><W104/><G104/><T107/><D107/><U65/><E65/><V135/><F135/><W114/><G116/><T98/><D98/><U36/><E36/><V90/><F90/><W14/><G88/><T61/><D29/><U3/><E3/><V24/><F22/><W74/><G33/><T41/><D19/><AGARI ba="0,1" hai="9,10,17,18,19,53,59,63,86,91,94,121,122,123" machi="19" ten="40,2000,0" yaku="1,1,53,0" doraHai="46,97" doraHaiUra="133,23" who="1" fromWho="0" sc="230,-20,209,30,219,0,332,0" /><INIT seed="1,1,0,4,1,24" ten="210,239,219,332" oya="1" hai0="14,1,38,70,21,67,73,29,49,100,50,6,0" hai1="99,68,44,123,15,39,113,116,95,16,115,108,126" hai2="121,20,51,45,2,110,43,89,36,52,97,75,76" hai3="93,64,3,109,92,5,127,114,120,57,34,33,58"/><U88/><E116/><V78/><F121/><W60/><G114/><T47/><D73/><U77/><E123/><V112/><F112/><W122/><G109/><T59/><D38/><U105/><E68/><V74/><F110/><W90/><G127/><T80/><D70/><U48/><E108/><V98/><F2/><W53/><G3/><T84/><D100/><U94/><E126/><V82/><F89/><W35/><G5/><T83/><D80/><U62/><E105/><V22/><F78/><W103/><G103/><T69/><D69/><U79/><E39/><V96/><REACH who="2" step="1"/><F75/><REACH who="2" ten="210,239,209,332" step="2"/><W17/><G122/><T128/><D0/><U119/><E115/><V23/><F23/><W135/><G120/><T111/><D1/><U106/><E113/><V41/><F41/><W28/><G35/><T40/><D111/><U81/><E119/><V63/><F63/><W26/><G34/><T8/><D128/><U10/><E62/><V101/><F101/><W85/><G60/><N who="0" m="38303" /><D50/><U129/><E129/><V118/><F118/><W134/><G33/><T55/><D40/><U9/><E106/><V65/><F65/><W87/><G64/><T42/><D42/><N who="1" m="24599" /><E81/><V61/><F61/><W130/><G130/><T124/><D124/><U117/><E117/><V31/><F31/><W132/><G28/><T25/><D55/><U133/><E95/><V27/><F27/><W13/><G26/><T66/><D66/><U54/><E54/><V11/><F11/><N who="1" m="4105" /><E133/><N who="3" m="51306" /><G53/><N who="0" m="29887" /><D83/><U86/><E86/><AGARI ba="1,1" hai="6,8,14,21,25,29,84,86" m="29887,38303" machi="86" ten="30,2000,0" yaku="8,1,52,1" doraHai="24" who="0" fromWho="1" sc="210,33,239,-23,209,0,332,0" /><INIT seed="2,0,0,0,1,122" ten="243,216,209,332" oya="2" hai0="12,90,43,92,25,45,82,27,133,26,115,95,1" hai1="110,101,66,16,106,73,85,17,109,132,80,125,37" hai2="54,114,124,78,13,35,121,97,21,52,103,30,96" hai3="108,50,11,40,86,22,83,34,84,41,0,2,128"/><V49/><F124/><W60/><G34/><T91/><D1/><U8/><E125/><V31/><F114/><W47/><G128/><T48/><D133/><U5/><E132/><V29/><F121/><W23/><G60/><T4/><D115/><U62/><E73/><V28/><F78/><W61/><G61/><T89/><REACH who="0" step="1"/><D82/><REACH who="0" ten="233,216,209,332" step="2"/><U79/><E37/><V53/><F35/><W9/><G83/><T42/><D42/><U112/><E112/><V70/><F70/><W116/><G2/><T65/><D65/><U59/><E106/><V68/><F68/><W77/><G0/><T131/><D131/><U100/><E100/><V118/><F118/><W19/><G41/><T102/><D102/><U135/><E101/><V87/><F103/><W10/><G40/><T123/><D123/><U33/><E135/><V14/><F49/><W55/><G50/><T107/><D107/><U99/><E33/><V111/><F111/><N who="1" m="42505" /><E99/><N who="2" m="37963" /><F87/><W88/><G86/><T76/><D76/><U3/><AGARI ba="0,1" hai="3,5,8,16,17,59,62,66,79,80,85" m="42505" machi="3" ten="30,8000,1" yaku="14,1,52,3,54,1" doraHai="122" who="1" fromWho="1" sc="233,-20,216,90,209,-40,332,-20" /><INIT seed="3,0,0,3,2,9" ten="213,306,169,312" oya="3" hai0="105,62,27,111,20,42,12,90,113,114,48,73,46" hai1="80,54,89,51,115,135,86,23,0,76,100,14,18" hai2="10,21,22,37,60,67,97,117,131,71,118,29,106" hai3="129,102,19,126,107,59,11,40,39,125,53,66,25"/><W101/><G66/><T124/><D111/><U112/><E135/><V88/><F37/><W108/><G108/><T132/><D132/><U104/><E0/><V123/><F131/><W28/><G129/><T43/><D124/><N who="3" m="47721" /><G107/><T50/><D73/><U55/><E55/><V58/><F123/><W41/><G19/><T1/><D1/><U63/><E63/><V26/><F58/><W52/><G11/><T4/><D105/><U81/><E100/><N who="3" m="38506" /><G39/><T17/><D62/><U121/><E104/><V44/><F106/><W3/><G3/><T2/><D2/><U8/><E23/><V34/><F10/><W109/><G109/><T84/><D4/><U68/><E68/><V134/><F134/><W33/><G53/><T120/><D120/><U116/><E116/><V91/><F34/><W32/><G32/><T13/><D114/><U45/><E121/><V69/><F69/><W85/><G85/><AGARI ba="0,0" hai="8,14,18,45,51,54,76,80,81,85,86,89,112,115" machi="85" ten="30,7700,0" yaku="7,1,25,2,52,1" doraHai="9" who="1" fromWho="3" sc="213,0,306,77,169,0,312,-77" owari="213,-18.7,383,48.3,169,-33.1,235,3.5" /></mjloggm>