<mjloggm ver="2.3"><GO type="225" lobby="0"/><UN n0="%E3%81%AF%E3%82%88%E3%81%8A%E3%81%98%E3%81%95%E3%82%93" n1="%E5%A4%8F%E9%88%B4%E9%88%B4%E5%A4%8F" n2="%E3%81%99%E3%81%84%E3%81%BE%E3%81%9B%E3%83%BC%E3%82%93" n3="%E3%81%BF%E3%81%BF%E3%81%9A" dan="17,16,17,16" rate="2147.72,2130.85,2223.98,2161.70" sx="M,M,M,M"/><TAIKYOKU oya="0"/><INIT seed="0,0,0,2,0,1" ten="250,250,250,250" oya="0" hai0="69,51,123,121,106,35,57,75,88,101,110,16,11" hai1="9,55,125,102,21,85,135,41,96,53,131,103,43" hai2="2,18,82,39,8,70,76,66,15,107,54,132,61" hai3="92,90,3,24,115,77,33,23,105,49,99,30,59"/><T34/><D69/><U64/><E131/><V116/><F107/><W48/><G115/><T40/><D75/><U36/><E135/><V58/><F132/><W97/><G3/><T79/><D79/><U27/><E125/><V91/><F39/><W6/><G77/><T71/><D71/><U17/><E64/><V89/><F2/><W72/><G72/><T38/><D38/><U4/><E85/><V60/><REACH who="2" step="1"/><F116/><REACH who="2" ten="250,250,240,250" step="2"/><W13/><G105/><T10/><D106/><U84/><E36/><V124/><F124/><W63/><G33/><T119/><D34/><U134/><E134/><V128/><F128/><W94/><G13/><T62/><D35/><U25/><E25/><V111/><F111/><W14/><G14/><T5/><D110/><U118/><E118/><V65/><F65/><W114/><G114/><T109/><D119/><U100/><E27/><V31/><F31/><W93/><G30/><T19/><D109/><U26/><E26/><V133/><F133/><W126/><G126/><T7/><D121/><U130/><E130/><V47/><F47/><W117/><G24/><T108/><D123/><U20/><E102/><V52/><F52/><W78/><G117/><T73/><D101/><U87/><E55/><V80/><F80/><W104/><G104/><T113/><D108/><U50/><E53/><V0/><F0/><W81/><G81/><T67/><D113/><U86/><E100/><V112/><F112/><W74/><G94/><T28/><D28/><U95/><E95/><V37/><F37/><W42/><G93/><T120/><D120/><U45/><E103/><RYUUKYOKU ba="0,1" sc="250,-10,250,-10,240,30,250,-10" hai2="8,15,18,54,58,60,61,66,70,76,82,89,91" /><INIT seed="1,1,1,0,2,135" ten="240,240,270,240" oya="1" hai0="43,64,41,99,26,56,100,65,133,106,72,68,126" hai1="53,57,102,15,45,116,79,17,69,108,46,49,12" hai2="28,10,48,59,95,30,132,25,76,50,36,114,44" hai3="122,0,38,29,58,37,54,121,117,81,71,110,9"/><U11/><E116/><V23/><F132/><W107/><G107/><T24/><D133/><U123/><E123/><N who="3" m="47114" /><G29/><T87/><D72/><U73/><E69/><V52/><F114/><W20/><G20/><T120/><D68/><U127/><E108/><V85/><F36/><N who="3" m="13931" /><G81/><T91/><D120/><U82/><E127/><V84/><F10/><W63/><G0/><T113/><D113/><U8/><REACH who="1" step="1"/><E102/><REACH who="1" ten="240,230,270,240" step="2"/><V70/><F70/><W33/><G117/><T5/><D126/><U47/><E47/><V90/><F76/><W109/><G33/><T128/><D100/><U101/><E101/><V61/><F48/><N who="3" m="31047" /><G9/><T130/><D128/><U98/><E98/><N who="2" m="57719" /><F30/><W83/><G83/><T93/><D130/><U111/><E111/><V18/><F28/><W66/><AGARI ba="1,2" hai="63,66,71,109,110" m="31047,13931,47114" machi="66" ten="40,2700,0" yaku="34,2" doraHai="135" who="3" fromWho="3" sc="240,-8,230,-14,270,-8,240,50" /><INIT seed="2,0,0,5,2,114" ten="232,216,262,290" oya="2" hai0="70,28,88,54,48,39,38,61,107,125,50,119,68" hai1="36,35,56,101,121,96,64,76,86,21,108,0,79" hai2="46,9,8,63,12,93,31,58,87,112,102,25,4" hai3="116,40,20,23,45,127,6,98,117,47,82,118,44"/><V60/><F112/><W33/><G33/><T65/><D107/><U3/><E35/><V34/><F46/><W89/><G40/><T37/><D88/><U24/><E36/><V26/><F26/><W81/><G6/><T106/><D106/><U77/><E108/><V10/><F63/><W5/><G5/><T15/><D15/><U69/><E69/><V27/><F27/><W111/><G111/><T78/><D78/><U19/><E121/><V43/><F43/><W128/><G128/><T57/><D28/><U110/><E110/><V30/><F30/><W1/><G1/><T134/><D125/><U99/><E86/><V55/><REACH who="2" step="1"/><F87/><REACH who="2" ten="232,216,252,290" step="2"/><W85/><G127/><T42/><D134/><U135/><E135/><V75/><F75/><W133/><G133/><T103/><D42/><U124/><E124/><V123/><F123/><W11/><G11/><T13/><D61/><U16/><E24/><V91/><F91/><W132/><G132/><T80/><D39/><U97/><E21/><V49/><F49/><W129/><G129/><T66/><D48/><U52/><E64/><V113/><F113/><W92/><REACH who="3" step="1"/><G81/><REACH who="3" ten="232,216,252,280" step="2"/><T95/><D80/><U100/><E0/><V74/><F74/><W67/><G67/><T29/><D65/><U131/><E3/><V53/><F53/><W90/><AGARI ba="0,2" hai="20,23,44,45,47,82,85,89,90,92,98,116,117,118" machi="90" ten="40,8000,1" yaku="1,1,0,1,52,3,53,0" doraHai="114" doraHaiUra="73" who="3" fromWho="3" sc="232,-20,216,-20,252,-40,280,100" /><INIT seed="3,0,0,5,2,86" ten="212,196,212,380" oya="3" hai0="81,77,107,54,123,69,113,28,109,87,67,64,98" hai1="112,102,97,82,130,126,33,11,39,51,70,118,93" hai2="4,125,73,110,24,31,21,127,16,42,100,129,12" hai3="61,38,6,59,120,96,48,49,117,111,80,72,58"/><W68/><G38/><T94/><D123/><U99/><E112/><V83/><F110/><W27/><G6/><T0/><D0/><U2/><E39/><V57/><F129/><W66/><G27/><T1/><D1/><U132/><E33/><V84/><F4/><W105/><G80/><T53/><D107/><U26/><E70/><V75/><F100/><W44/><G49/><T29/><D109/><U90/><E130/><V55/><F42/><W124/><G59/><T25/><D113/><U121/><E121/><V37/><F37/><W91/><G91/><T47/><D69/><U119/><E132/><V74/><F55/><N who="0" m="21002" /><D47/><U89/><E51/><V95/><F95/><W8/><G96/><T116/><D116/><N who="1" m="44587" /><E126/><N who="2" m="48139" /><F57/><W88/><G8/><T92/><D92/><N who="1" m="56463" /><E26/><V52/><F52/><W13/><G13/><T50/><D50/><U122/><E122/><V23/><F74/><W22/><G105/><T10/><D25/><U85/><E11/><V63/><F63/><W103/><G61/><T135/><D10/><U65/><E2/><V104/><F104/><W9/><G68/><T41/><D41/><U134/><E134/><V45/><F45/><W3/><G44/><T115/><D135/><U17/><E17/><V20/><F23/><W36/><G9/><T131/><D115/><U108/><E108/><V18/><F18/><W79/><G3/><T133/><D133/><U5/><E5/><V34/><F34/><W76/><G111/><T32/><D131/><U106/><E106/><V62/><F62/><W101/><G124/><T35/><D35/><U60/><E60/><RYUUKYOKU ba="0,0" sc="212,-15,196,15,212,15,380,-15" hai1="65,82,85,90,93,99,102" hai2="12,16,20,21,24,31,73,75,83,84" owari="197,-30.3,211,-18.9,227,2.7,365,46.5" /></mjloggm>