<mjloggm ver="2.3"><GO type="225" lobby="0"/><UN n0="%E5%8D%A0%E3%81%84%E5%B8%AB%E8%A3%8F%E3%81%AA%E3%81%84%E3%81%97" n1="%E4%B8%AD%E5%B9%B4%E3%81%AE%E5%8D%B1%E6%A9%9F" n2="%72%69%6F%75%63%68%61%6E" n3="%E3%81%99%E3%81%84%E3%81%BE%E3%81%9B%E3%83%BC%E3%82%93" dan="17,17,17,16" rate="2143.02,2165.47,2234.70,2122.99" sx="M,M,M,M"/><TAIKYOKU oya="0"/><INIT seed="0,0,0,4,4,89" ten="250,250,250,250" oya="0" hai0="68,5,130,111,27,38,122,117,47,123,84,23,129" hai1="82,40,119,18,127,50,132,26,74,110,65,120,54" hai2="103,29,73,87,101,61,24,77,100,43,41,93,63" hai3="42,133,71,53,115,98,17,94,75,118,107,80,19"/><T6/><D68/><U81/><E120/><N who="0" m="46121" /><D117/><U64/><E119/><V96/><F73/><W76/><G118/><T31/><D84/><U25/><E74/><V44/><F77/><W14/><G115/><T106/><D106/><U55/><E127/><V131/><F87/><W121/><G121/><T1/><D47/><N who="1" m="25959" /><E132/><V124/><F131/><N who="0" m="50186" /><D38/><U79/><E110/><V92/><F124/><W37/><G133/><T83/><D83/><N who="1" m="31755" /><E79/><V15/><F15/><W59/><G107/><T109/><D1/><U34/><E34/><V39/><F41/><W0/><G0/><T126/><D126/><U52/><E18/><V35/><REACH who="2" step="1"/><F92/><REACH who="2" ten="250,250,240,250" step="2"/><W28/><G94/><T72/><D72/><U60/><E60/><AGARI ba="0,1" hai="24,29,35,39,43,44,60,61,63,93,96,100,101,103" machi="60" ten="40,5200,0" yaku="1,1,2,1,52,1,53,0" doraHai="89" doraHaiUra="86" who="2" fromWho="1" sc="250,0,250,-52,240,62,250,0" /><INIT seed="1,0,0,2,1,125" ten="250,198,302,250" oya="1" hai0="39,100,10,67,48,34,108,119,79,96,91,71,81" hai1="46,16,50,92,123,118,117,121,103,58,97,40,135" hai2="60,44,49,87,3,69,90,53,14,131,55,27,82" hai3="75,73,24,62,130,33,86,63,122,120,78,0,126"/><U52/><E135/><V109/><F131/><W25/><G0/><T6/><D39/><U12/><E121/><V15/><F109/><W19/><G126/><T18/><D108/><U115/><E123/><V30/><F3/><W54/><G86/><T26/><D91/><U65/><E65/><V28/><F69/><W35/><G54/><T21/><D34/><U8/><REACH who="1" step="1"/><E115/><REACH who="1" ten="250,188,302,250" step="2"/><V57/><REACH who="2" step="1"/><F30/><REACH who="2" ten="250,188,292,250" step="2"/><W17/><G120/><T132/><D71/><U74/><E74/><V41/><F41/><W22/><G122/><T80/><D132/><U43/><E43/><V68/><F68/><W106/><G75/><T23/><D119/><U51/><AGARI ba="0,2" hai="8,12,16,40,46,50,51,52,58,92,97,103,117,118" machi="51" ten="20,12000,1" yaku="1,1,0,1,7,1,54,2,53,0" doraHai="125" doraHaiUra="128" who="1" fromWho="1" sc="250,-40,188,140,292,-40,250,-40" /><INIT seed="1,1,0,3,1,34" ten="210,328,252,210" oya="1" hai0="75,45,93,130,91,70,6,79,19,22,9,58,15" hai1="107,47,132,74,37,83,86,5,126,85,48,4,55" hai2="52,80,101,60,25,113,95,99,1,66,88,98,8" hai3="61,121,104,131,128,63,115,54,87,62,78,106,13"/><U39/><E107/><V100/><F113/><W68/><G115/><T3/><D70/><U69/><E69/><V46/><F25/><W67/><G121/><T110/><D110/><U76/><E126/><V97/><F80/><N who="3" m="47511" /><G13/><T38/><D130/><N who="3" m="49705" /><G54/><T41/><D58/><U10/><E4/><V118/><F118/><W2/><G2/><T89/><D93/><U43/><E132/><V11/><F101/><W23/><G23/><T84/><D84/><U90/><E90/><V117/><F117/><W24/><G24/><T49/><D49/><U103/><E39/><V7/><F8/><W102/><G106/><T105/><D105/><U94/><E94/><V20/><F20/><W51/><G51/><T112/><D112/><U29/><E103/><V81/><F81/><AGARI ba="1,0" hai="3,6,9,15,19,22,38,41,45,75,79,81,89,91" machi="81" ten="40,5200,0" yaku="25,2,52,1" doraHai="34" who="0" fromWho="2" sc="210,55,328,0,252,-55,210,0" /><INIT seed="2,0,0,3,0,52" ten="265,328,197,210" oya="2" hai0="43,103,13,126,63,66,41,15,51,77,96,70,123" hai1="90,105,86,9,134,122,64,8,50,32,116,33,11" hai2="75,113,93,112,31,6,84,110,3,5,23,37,35" hai3="34,39,88,20,73,87,49,117,2,76,107,131,12"/><V120/><F75/><W101/><G117/><T78/><D123/><U124/><E116/><V129/><F120/><W79/><G39/><T7/><D126/><U68/><E105/><V106/><F106/><W26/><G2/><T27/><D7/><U30/><E122/><V25/><F37/><W40/><G131/><T38/><D38/><U71/><E124/><V121/><F121/><W16/><G73/><T74/><D27/><U46/><E134/><V28/><F129/><W133/><G133/><T47/><D43/><U58/><E30/><V114/><F3/><W80/><G101/><T100/><D100/><U62/><E32/><V67/><F67/><W82/><G107/><T1/><D1/><U115/><E33/><V97/><F84/><N who="3" m="48135" /><G34/><T42/><D74/><U89/><E115/><V48/><F110/><W17/><G79/><T119/><D77/><U65/><E65/><V109/><F109/><W108/><G108/><T98/><D78/><U102/><E102/><V104/><F104/><W21/><G49/><T92/><D119/><U128/><E89/><N who="2" m="55471" /><F48/><W111/><G111/><T4/><D51/><U127/><E127/><V130/><F130/><W99/><G99/><T54/><D98/><U44/><E128/><V24/><F35/><W53/><G53/><T91/><D103/><U55/><REACH who="1" step="1"/><E68/><REACH who="1" ten="265,318,197,210" step="2"/><V118/><F118/><W19/><G40/><T57/><D42/><U18/><E18/><AGARI ba="0,1" hai="12,16,17,18,19,20,21,26,82,87,88" m="48135" machi="18" ten="30,3900,0" yaku="8,1,54,2" doraHai="52" who="3" fromWho="1" sc="265,0,318,-39,197,0,210,49" /><INIT seed="3,0,0,5,2,124" ten="265,279,197,259" oya="3" hai0="44,101,28,127,77,95,113,1,87,34,106,41,71" hai1="66,58,12,116,81,63,3,114,105,107,75,98,99" hai2="68,62,91,64,104,117,111,83,131,39,69,102,65" hai3="15,115,19,72,82,51,135,79,23,16,54,92,118"/><W27/><G115/><T18/><D113/><U112/><E3/><V6/><F117/><W47/><G118/><T35/><D1/><U129/><E116/><V85/><F111/><W33/><G135/><T22/><D71/><U109/><E109/><V125/><F125/><W134/><G134/><T0/><D0/><U59/><E75/><V49/><F39/><W13/><G33/><T37/><D28/><U31/><E31/><V38/><F38/><W21/><REACH who="3" step="1"/><G92/><REACH who="3" ten="265,279,197,249" step="2"/><T57/><D95/><U89/><E112/><V60/><F131/><W76/><G76/><T73/><D77/><U40/><E129/><V50/><REACH who="2" step="1"/><F6/><REACH who="2" ten="265,279,187,249" step="2"/><W93/><G93/><T121/><D127/><U119/><E119/><V130/><F130/><W20/><G20/><T45/><D22/><U120/><E114/><V29/><F29/><W86/><G86/><T9/><D87/><N who="1" m="50415" /><E105/><V126/><F126/><W10/><G10/><T103/><D106/><U46/><E107/><V11/><F11/><W80/><G80/><T108/><D9/><U14/><E99/><AGARI ba="0,2" hai="49,50,60,62,64,65,68,69,83,85,91,99,102,104" machi="99" ten="40,2600,0" yaku="1,1,9,1,53,0" doraHai="124" doraHaiUra="17" who="2" fromWho="1" sc="265,0,279,-26,187,46,249,0" /><INIT seed="4,0,0,2,2,88" ten="265,253,233,249" oya="0" hai0="12,44,48,33,117,43,23,50,14,20,22,39,53" hai1="52,94,42,24,51,29,85,30,134,41,47,110,76" hai2="93,113,71,96,109,65,27,18,129,112,34,114,73" hai3="19,89,87,0,135,84,127,38,1,60,77,98,95"/><T115/><D33/><U92/><E110/><V5/><F129/><W69/><G38/><T58/><D117/><U32/><E134/><V97/><F109/><W72/><G135/><T80/><D115/><N who="2" m="29442" /><V131/><DORA hai="67" /><F131/><W16/><G127/><T74/><D74/><U8/><E8/><V83/><F5/><W81/><G0/><T100/><D100/><U54/><E54/><V3/><F3/><W25/><G1/><T62/><D80/><N who="1" m="47239" /><E32/><V116/><F116/><W68/><G60/><T17/><D12/><U121/><E121/><V123/><F123/><W2/><G2/><T126/><D126/><U99/><E99/><V26/><F18/><W9/><G19/><T64/><REACH who="0" step="1"/><D39/><REACH who="0" ten="255,253,233,249" step="2"/><U11/><E24/><N who="2" m="9259" /><F34/><W59/><G25/><T106/><D106/><U13/><E30/><V102/><F102/><W49/><G72/><T75/><D75/><U31/><E31/><V10/><F93/><N who="1" m="35945" /><E29/><V120/><F120/><W45/><G98/><T35/><D35/><U21/><E21/><V103/><F103/><W40/><G81/><T90/><D90/><U130/><E130/><V6/><F83/><W118/><G89/><T37/><D37/><U111/><E111/><V56/><F73/><W133/><G133/><T57/><AGARI ba="0,1" hai="14,17,20,22,23,43,44,48,50,53,57,58,62,64" machi="57" ten="20,12000,1" yaku="1,1,0,1,7,1,8,1,53,1" doraHai="88,67" doraHaiUra="36,108" who="0" fromWho="0" sc="255,130,253,-40,233,-40,249,-40" owari="385,48.5,213,1.3,193,-30.7,209,-19.1" /></mjloggm>