<mjloggm ver="2.3"><GO type="225" lobby="0"/><UN n0="%E8%B6%85%E7%B4%9A%E9%B3%B3%E5%87%B0" n1="%72%69%6F%75%63%68%61%6E" n2="%72%61%6B%33" n3="%E3%81%BF%E3%81%BF%E3%81%9A" dan="16,17,16,16" rate="2118.97,2228.02,2165.15,2145.67" sx="M,M,M,M"/><TAIKYOKU oya="0"/><INIT seed="0,0,0,3,5,85" ten="250,250,250,250" oya="0" hai0="89,76,41,7,44,114,69,133,70,58,21,23,77" hai1="47,100,66,93,117,72,119,51,26,106,28,35,80" hai2="19,88,125,33,64,32,40,61,24,116,132,124,46" hai3="103,38,81,78,120,5,115,86,121,4,111,75,55"/><T123/><D114/><U126/><E126/><N who="2" m="48747" /><F132/><W87/><G115/><T112/><D112/><U91/><E66/><V90/><F116/><W96/><G38/><T18/><D123/><N who="3" m="47177" /><G55/><T130/><D133/><U104/><E100/><V30/><F19/><W20/><G20/><T99/><D130/><U92/><E92/><V129/><F32/><W98/><G98/><T109/><D109/><U73/><E106/><V79/><F79/><W67/><G67/><T13/><D58/><U27/><E104/><V29/><F29/><W34/><G34/><T68/><D7/><N who="3" m="2633" /><G111/><T62/><D62/><U54/><E26/><V52/><F52/><W108/><G108/><T36/><REACH who="0" step="1"/><D23/><REACH who="0" ten="240,250,250,250" step="2"/><U110/><E110/><V113/><F129/><W8/><G8/><T14/><D14/><U15/><E15/><V25/><F113/><W39/><G39/><T0/><D0/><U6/><E119/><V10/><F25/><W131/><G131/><T50/><D50/><U12/><E117/><V56/><F10/><W57/><G57/><T134/><D134/><U122/><E122/><V16/><F16/><W17/><G17/><T94/><AGARI ba="0,1" hai="13,18,21,36,41,44,68,69,70,76,77,89,94,99" machi="94" ten="40,7800,0" yaku="1,1,0,1,52,1,53,0" doraHai="85" doraHaiUra="48" who="0" fromWho="0" sc="240,88,250,-26,250,-26,250,-26" /><INIT seed="0,1,0,2,5,103" ten="328,224,224,224" oya="0" hai0="3,118,92,52,60,31,67,97,69,11,15,26,132" hai1="36,85,18,57,13,119,122,109,43,88,75,40,5" hai2="95,7,80,10,22,106,58,49,23,102,29,24,79" hai3="46,54,117,129,68,111,127,42,63,112,66,99,131"/><T114/><D114/><U70/><E109/><V21/><F95/><W56/><G99/><T32/><D118/><U72/><E119/><V77/><F77/><W62/><G117/><T124/><D124/><U9/><E122/><V64/><F64/><N who="3" m="40983" /><G112/><T94/><D132/><U134/><E134/><V110/><F110/><W45/><G111/><T76/><D76/><U133/><E70/><V4/><F58/><N who="3" m="37239" /><G127/><T116/><D116/><U35/><E133/><V130/><F49/><N who="3" m="30799" /><G46/><T89/><D3/><U84/><E35/><V2/><F4/><W86/><G86/><T108/><D94/><U73/><E85/><V126/><F126/><W53/><G53/><T34/><D108/><U78/><E78/><V90/><F90/><W98/><G98/><T37/><D52/><U121/><E121/><V104/><F102/><W123/><G123/><T74/><D74/><U71/><E71/><V17/><F130/><W59/><G59/><T61/><D32/><U0/><E57/><V1/><F1/><W115/><G115/><T16/><D61/><U27/><E27/><V113/><F113/><W25/><G25/><T135/><D135/><U101/><E101/><V20/><REACH who="2" step="1"/><F29/><REACH who="2" ten="328,224,214,224" step="2"/><W81/><G81/><T19/><D69/><U41/><E0/><V125/><F125/><W128/><G129/><T8/><D60/><U44/><REACH who="1" step="1"/><E5/><REACH who="1" ten="328,214,214,224" step="2"/><V51/><F51/><AGARI ba="1,2" hai="42,45,51,128,131" m="30799,37239,40983" machi="51" ten="30,2000,0" yaku="34,2" doraHai="103" who="3" fromWho="2" sc="328,0,214,0,214,-23,224,43" /><INIT seed="1,0,0,1,1,127" ten="328,214,191,267" oya="1" hai0="108,67,0,73,70,135,71,3,29,95,92,25,23" hai1="130,124,114,45,72,2,50,82,79,75,90,134,31" hai2="63,26,14,1,61,107,93,28,36,51,120,101,4" hai3="87,97,59,21,27,83,6,41,58,9,105,118,99"/><U30/><E130/><V94/><F36/><W121/><G121/><T109/><D73/><U18/><E114/><V42/><F1/><W20/><G118/><T76/><D76/><U64/><E134/><V57/><F120/><W104/><G41/><T110/><D135/><U24/><E124/><V38/><F38/><W8/><G87/><T122/><D122/><U132/><E132/><V55/><F107/><W131/><G27/><T46/><D46/><U7/><E72/><V10/><F101/><W103/><G103/><T52/><D52/><U96/><E64/><V39/><F39/><W123/><G123/><T40/><D40/><U81/><E7/><V77/><F77/><W53/><G53/><T16/><D29/><U43/><E2/><N who="0" m="553" /><D67/><U34/><E30/><V106/><F106/><W78/><G78/><T69/><AGARI ba="0,0" hai="16,23,25,69,70,71,92,95,108,109,110" m="553" machi="69" ten="50,3200,0" yaku="14,1,54,1" doraHai="127" who="0" fromWho="0" sc="328,32,214,-16,191,-8,267,-8" /><INIT seed="2,0,0,4,1,69" ten="360,198,183,259" oya="2" hai0="135,57,33,7,5,54,28,26,79,73,105,116,107" hai1="53,77,83,62,18,100,49,1,134,0,87,45,106" hai2="102,25,10,24,50,89,40,121,6,60,29,124,70" hai3="123,2,47,31,11,86,93,129,8,63,127,17,99"/><V78/><F121/><W32/><G123/><T130/><D130/><U19/><E134/><V42/><F124/><W30/><G127/><T94/><D135/><U48/><E62/><V112/><F112/><W133/><G133/><T96/><D116/><U110/><E110/><V43/><F102/><W76/><G129/><T56/><D56/><U103/><E106/><V58/><F70/><W95/><G32/><T98/><D98/><U66/><E66/><V38/><F78/><W113/><G113/><T34/><D34/><U36/><E36/><V108/><F108/><W14/><G63/><T37/><D37/><U125/><E125/><V109/><F109/><W59/><G59/><T84/><D73/><U120/><E120/><V82/><F38/><W68/><G68/><T97/><D107/><U13/><E18/><V65/><F50/><W75/><G75/><T46/><D46/><N who="1" m="27799" /><E0/><V52/><F65/><W35/><G35/><T22/><D33/><U55/><E1/><V126/><F126/><W92/><G47/><T111/><D111/><U71/><E71/><V15/><REACH who="2" step="1"/><F29/><REACH who="2" ten="360,198,173,259" step="2"/><W9/><G30/><T101/><D28/><U114/><E114/><V16/><F16/><W39/><G31/><T81/><D101/><U80/><E80/><V118/><F118/><W64/><G39/><T132/><D132/><U21/><AGARI ba="0,1" hai="13,19,21,45,49,55,77,83,87,100,103" m="27799" machi="21" ten="30,1100,0" yaku="8,1" doraHai="69" who="1" fromWho="1" sc="360,-3,198,21,173,-5,259,-3" /><INIT seed="3,0,0,5,1,48" ten="357,219,168,256" oya="3" hai0="42,109,34,73,29,83,68,25,10,50,60,105,123" hai1="74,99,64,77,76,8,102,1,14,72,126,119,0" hai2="40,94,97,4,81,101,75,20,86,19,121,18,91" hai3="16,63,30,51,45,133,124,71,70,2,17,131,107"/><W82/><G107/><T49/><D109/><U28/><E126/><V111/><F111/><W100/><G2/><T3/><D123/><U87/><E119/><V44/><F121/><W7/><G7/><T114/><D114/><U118/><E118/><V24/><F75/><W32/><G100/><T106/><D3/><U23/><E64/><V92/><F4/><W98/><G98/><T59/><D10/><U120/><E120/><V110/><F110/><W96/><G96/><T134/><D134/><U5/><E0/><V15/><F44/><W65/><G71/><T12/><D12/><U43/><E43/><V52/><F40/><W9/><G9/><T13/><D13/><U21/><E1/><V36/><F36/><W57/><G133/><T132/><D132/><U67/><E67/><V53/><F94/><W115/><G70/><T93/><D68/><U46/><E46/><V122/><F122/><W31/><G115/><T56/><D93/><N who="1" m="58735" /><E72/><V35/><F35/><W54/><G124/><T90/><D25/><N who="1" m="16431" /><E74/><V128/><F128/><W27/><G31/><T39/><D60/><U47/><E47/><V69/><F69/><W127/><G131/><T108/><D42/><U117/><E117/><V135/><F135/><W104/><G104/><T79/><D73/><U88/><E23/><AGARI ba="0,0" hai="15,18,19,20,23,24,52,53,81,86,91,92,97,101" machi="23" ten="30,8000,1" yaku="7,1,8,1,52,2,54,1" doraHai="48" who="2" fromWho="1" sc="357,0,219,-80,168,80,256,0" owari="357,45.7,139,-36.1,248,-15.2,256,5.6" /></mjloggm>