<mjloggm ver="2.3"><GO type="225" lobby="0"/><UN n0="%E5%B0%8F%E9%B3%A5%E9%81%8A%E7%B7%B4%E7%84%A1%32%31%E6%AD%B3" n1="%E3%83%A9%E3%83%96%E3%83%AC%E3%83%BC" n2="%E8%B7%AF%E9%9C%B8" n3="%E6%9D%B1%E9%A2%A8%E3%81%AE%E3%81%8D%E3%82%83%E3%81%B7%E3%81%95%E3%82%93" dan="16,18,17,16" rate="2177.70,2174.97,2137.10,2132.06" sx="F,M,M,M"/><TAIKYOKU oya="0"/><INIT seed="0,0,0,4,5,104" ten="250,250,250,250" oya="0" hai0="102,25,4,82,128,135,99,111,18,133,131,121,46" hai1="26,89,117,5,115,125,67,58,91,132,88,76,69" hai2="118,73,87,65,57,28,130,9,86,107,14,100,0" hai3="122,15,81,17,60,23,101,80,54,19,40,47,11"/><T62/><D4/><U92/><E69/><V108/><F73/><W16/><G101/><T106/><D121/><U96/><E117/><V110/><F118/><W134/><G134/><N who="0" m="51211" /><D46/><U30/><E125/><V12/><F28/><W1/><G1/><T79/><D62/><N who="1" m="38359" /><E115/><V37/><F37/><W113/><G113/><T98/><D18/><U13/><E76/><V78/><F130/><N who="0" m="49706" /><D25/><U27/><E132/><V50/><F0/><W94/><G122/><T41/><D41/><U56/><E56/><V20/><F65/><W90/><G19/><T84/><D98/><U53/><E53/><N who="2" m="31927" /><F20/><W21/><G11/><T45/><D45/><U95/><E96/><N who="2" m="61831" /><F12/><W51/><G60/><T66/><D66/><U127/><E30/><V109/><F78/><W120/><G40/><T34/><D34/><U70/><E13/><V35/><F35/><W55/><G55/><T74/><D84/><U112/><E112/><V36/><F36/><W44/><G44/><T61/><D61/><U32/><E32/><V52/><F52/><W43/><G54/><T119/><D119/><U59/><E59/><V42/><F42/><W10/><G10/><T64/><D64/><U6/><E70/><V124/><F14/><N who="3" m="9367" /><G120/><T71/><D71/><U75/><E27/><V93/><F9/><W31/><G31/><T33/><D33/><U116/><E26/><V103/><F86/><AGARI ba="0,0" hai="15,17,23,43,47,51,80,81,86,90,94" m="9367" machi="86" ten="30,2000,0" yaku="8,1,54,1" doraHai="104" who="3" fromWho="2" sc="250,0,250,0,250,-20,250,20" /><INIT seed="1,0,0,4,5,36" ten="250,250,230,270" oya="1" hai0="29,60,104,107,65,126,119,40,8,18,17,113,20" hai1="57,96,19,22,27,34,109,114,101,68,14,47,130" hai2="6,2,124,121,123,23,99,131,94,66,24,59,102" hai3="88,117,50,25,98,112,56,30,63,106,111,118,62"/><U54/><E114/><V87/><F131/><W75/><G75/><T61/><D113/><U3/><E130/><V91/><F124/><W21/><G111/><T129/><D126/><U37/><E68/><V90/><F2/><W69/><G112/><T93/><D119/><N who="3" m="45577" /><G69/><T38/><D93/><U103/><E3/><V128/><F6/><W53/><G106/><T74/><D74/><U46/><E109/><V42/><F128/><W85/><G98/><T122/><D122/><U16/><E34/><V33/><F33/><W55/><G55/><T92/><D92/><AGARI ba="0,0" hai="21,25,30,50,53,56,62,63,85,88,92" m="45577" machi="92" ten="30,2000,0" yaku="12,1,54,1" doraHai="36" who="3" fromWho="0" sc="250,-20,250,0,230,0,270,20" /><INIT seed="2,0,0,5,1,98" ten="230,250,230,290" oya="2" hai0="129,108,75,91,60,95,79,23,8,89,22,19,78" hai1="45,100,83,67,126,54,69,84,114,41,103,124,94" hai2="135,58,119,36,13,81,65,93,97,128,133,16,87" hai3="117,52,38,4,92,7,43,73,86,105,12,20,132"/><V0/><F119/><W99/><G73/><T25/><D108/><U74/><E114/><V107/><F0/><W15/><G38/><T88/><D129/><U96/><E74/><V40/><F107/><W32/><G43/><T102/><D75/><U17/><E54/><V62/><F128/><W112/><G32/><T56/><D8/><U66/><E17/><V118/><F118/><W134/><G86/><T110/><D23/><U50/><E69/><V24/><F36/><W44/><G105/><T53/><D110/><U37/><E37/><V125/><F40/><W28/><G112/><T109/><D109/><U104/><E104/><V10/><F125/><N who="1" m="48233" /><E103/><N who="2" m="60847" /><F133/><N who="3" m="51307" /><G117/><T27/><D27/><U2/><E2/><V82/><F135/><W127/><G127/><T116/><D116/><U1/><E1/><V55/><F87/><W11/><G28/><T31/><D31/><U5/><E5/><N who="3" m="2122" /><G20/><T30/><D30/><U130/><E130/><V90/><F24/><W34/><G11/><T123/><D123/><U14/><E14/><V29/><F29/><W115/><G34/><T80/><D80/><N who="2" m="30826" /><F90/><AGARI ba="0,0" hai="41,45,50,66,67,83,84,90,94,96,100" m="48233" machi="90" ten="30,2000,0" yaku="18,1,52,1" doraHai="98" who="1" fromWho="2" sc="230,0,250,20,230,-20,290,0" /><INIT seed="3,0,0,0,0,20" ten="230,270,210,290" oya="3" hai0="22,54,74,83,129,2,3,109,63,88,33,76,71" hai1="113,8,18,91,84,98,82,81,50,125,41,95,131" hai2="107,12,27,32,134,119,114,104,103,94,37,55,123" hai3="126,128,51,21,58,73,47,92,48,97,66,15,26"/><W14/><G73/><T10/><D109/><U100/><E113/><V135/><F114/><W6/><G128/><T121/><D129/><U23/><E131/><V62/><F119/><W133/><G126/><T78/><D121/><U85/><E8/><V9/><F37/><W68/><G133/><N who="2" m="50697" /><F123/><W118/><G68/><T132/><D33/><U127/><E41/><V0/><F0/><W96/><G118/><T89/><D78/><U7/><E7/><V79/><F79/><W64/><G97/><T28/><D132/><U108/><E108/><V124/><F124/><N who="1" m="47689" /><E50/><N who="3" m="18986" /><G47/><T106/><D106/><N who="1" m="63767" /><E85/><V117/><F117/><W25/><G25/><AGARI ba="0,0" hai="18,23,25,81,82,84,91,95" m="63767,47689" machi="25" ten="30,2000,0" yaku="18,1,52,1" doraHai="20" who="1" fromWho="3" sc="230,0,270,20,210,0,290,-20" /><INIT seed="4,0,0,0,2,133" ten="230,290,210,270" oya="0" hai0="99,27,21,128,64,87,48,9,20,0,59,42,56" hai1="95,41,47,1,73,25,127,89,114,13,102,55,91" hai2="85,125,112,63,26,71,72,39,105,11,126,77,110" hai3="17,36,109,53,10,31,14,2,23,81,97,51,123"/><T78/><D128/><U3/><E73/><V108/><F112/><W46/><G123/><T118/><D118/><U116/><E116/><V129/><F129/><W96/><G109/><N who="2" m="42089" /><F85/><W121/><G121/><T119/><D119/><U44/><E114/><V57/><F105/><W61/><G36/><T18/><D0/><U19/><E102/><V94/><F39/><W135/><G135/><T33/><D33/><U93/><E55/><V24/><F94/><W6/><G61/><N who="0" m="37927" /><D9/><U115/><E25/><V86/><F86/><W32/><REACH who="3" step="1"/><G81/><REACH who="3" ten="230,290,210,260" step="2"/><N who="0" m="47543" /><D99/><U70/><E115/><V29/><F71/><W82/><G82/><T37/><D37/><U8/><E70/><V88/><F72/><W34/><G34/><T132/><D132/><U101/><E1/><V98/><F77/><W117/><G117/><T38/><D38/><U28/><E3/><V79/><F79/><W50/><G50/><T111/><D111/><U134/><E134/><V84/><F63/><W65/><G65/><T92/><D48/><U106/><E106/><V107/><F29/><W49/><G49/><T90/><D42/><U16/><E41/><V45/><F98/><W22/><G22/><T7/><D21/><U122/><E122/><V74/><F74/><W40/><G40/><T5/><D59/><U80/><E80/><N who="2" m="49159" /><F57/><W124/><G124/><N who="2" m="47721" /><F45/><W52/><G52/><T69/><D69/><U76/><E76/><V103/><F11/><W12/><G12/><T66/><D66/><U100/><E127/><V60/><F60/><W113/><G113/><T4/><D92/><U43/><E95/><V67/><F67/><RYUUKYOKU ba="0,1" sc="230,10,290,-30,210,10,260,10" hai0="4,5,7,18,20,27,90" hai2="24,26,103,107" hai3="2,6,10,14,17,23,31,32,46,51,53,96,97" /><INIT seed="4,1,1,5,5,100" ten="240,260,220,270" oya="0" hai0="7,107,53,43,108,36,76,30,56,68,45,120,50" hai1="31,29,98,123,52,121,82,57,67,17,59,132,88" hai2="19,117,124,20,99,135,122,63,81,48,33,110,128" hai3="42,127,35,51,72,55,8,84,109,89,75,6,11"/><T18/><D120/><U91/><E98/><V61/><F122/><W70/><G70/><T47/><D7/><U39/><E39/><V5/><F33/><W28/><G109/><T116/><D30/><U126/><E126/><V21/><F110/><W131/><G42/><N who="0" m="22727" /><D18/><U60/><E132/><V71/><F124/><W3/><G131/><T49/><D76/><U13/><E123/><V113/><F128/><W24/><G11/><T10/><D10/><N who="1" m="6327" /><E121/><V101/><F117/><W94/><REACH who="3" step="1"/><G127/><REACH who="3" ten="240,260,220,260" step="2"/><T93/><D108/><U111/><E111/><V38/><F113/><W80/><G80/><T96/><D116/><U73/><E82/><V74/><F81/><W97/><G97/><T85/><D68/><U86/><E86/><V54/><F71/><W26/><G26/><T32/><D85/><U46/><E73/><V87/><F135/><W90/><G90/><T103/><D32/><U9/><E9/><V118/><F87/><W77/><G77/><T0/><D0/><U83/><E83/><V23/><F74/><W78/><G78/><T129/><D129/><U92/><E91/><V40/><F99/><W79/><G79/><T134/><D134/><U133/><E133/><V15/><F40/><W34/><G34/><T114/><D114/><U22/><E88/><V25/><F118/><W65/><G65/><T58/><D43/><U2/><E67/><V125/><F125/><W66/><G66/><T95/><D96/><U16/><E2/><V112/><F112/><W4/><G4/><T44/><D103/><U104/><E22/><N who="2" m="8811" /><F101/><W12/><G12/><T69/><D69/><RYUUKYOKU ba="1,2" sc="240,-10,260,-10,220,-10,260,30" hai3="3,6,8,24,28,35,51,55,72,75,84,89,94" /><INIT seed="5,2,2,1,2,26" ten="230,250,210,290" oya="1" hai0="40,94,65,123,93,118,37,18,110,100,31,29,36" hai1="68,105,103,126,130,13,14,124,56,81,121,41,129" hai2="106,75,11,28,113,64,112,1,17,3,125,30,61" hai3="7,5,67,21,107,48,133,10,120,92,53,54,127"/><U50/><E121/><V101/><F75/><W33/><G33/><T70/><D118/><U85/><E68/><N who="2" m="41999" /><F125/><N who="1" m="48233" /><E105/><V63/><F63/><W2/><G133/><T45/><D37/><U38/><E38/><V114/><F17/><W131/><G107/><T83/><D110/><U19/><E103/><V73/><F73/><W32/><G131/><N who="1" m="50186" /><E19/><V59/><F59/><W77/><G32/><T9/><D100/><U71/><E71/><V135/><F135/><W97/><G7/><T49/><D36/><U108/><E108/><V79/><F79/><W102/><G77/><T51/><D70/><U4/><E4/><N who="2" m="1423" /><F3/><W23/><G127/><T78/><D123/><U72/><E72/><V52/><F52/><W95/><G54/><T122/><D122/><U88/><E56/><V15/><F15/><W84/><G120/><T58/><D65/><U57/><E57/><V76/><F76/><W89/><G67/><T60/><D60/><U111/><E111/><V43/><F43/><W39/><G39/><T80/><D78/><U55/><E55/><V25/><F25/><W74/><G74/><T47/><D58/><AGARI ba="2,2" hai="2,5,10,21,23,48,53,58,84,89,92,95,97,102" machi="58" ten="30,1000,0" yaku="7,1" doraHai="26" who="3" fromWho="0" sc="230,-16,250,0,210,0,290,36" owari="214,-18.6,250,5.0,210,-29.0,326,42.6" /></mjloggm>