<mjloggm ver="2.3"><GO type="225" lobby="0"/><UN n0="%E3%81%9F%E3%81%A3%E3%81%A1%E3%82%87" n1="%E3%81%B2%E3%81%AA%E3%81%AE%E3%82%8A%E3%81%8F" n2="%33%74%72%65%65" n3="%E3%81%B7%E3%82%8A%E3%82%93%E8%81%96%E4%BA%BA" dan="16,16,17,16" rate="2094.11,2200.13,2130.51,2148.71" sx="M,M,F,M"/><TAIKYOKU oya="0"/><INIT seed="0,0,0,2,1,17" ten="250,250,250,250" oya="0" hai0="100,115,20,103,36,6,49,105,48,134,118,73,94" hai1="123,114,132,28,69,80,82,113,25,88,63,74,7" hai2="31,104,26,58,33,54,19,10,18,85,47,53,27" hai3="13,97,61,22,3,111,83,127,87,2,0,1,129"/><T21/><D118/><U50/><E123/><V125/><F125/><W98/><G127/><T5/><D115/><N who="1" m="44043" /><E132/><V71/><F71/><W41/><G129/><T75/><D36/><U84/><E7/><V121/><F121/><W86/><G41/><T11/><D94/><N who="1" m="54535" /><E74/><V93/><F104/><W64/><G87/><T122/><D122/><U102/><E102/><V130/><F130/><W95/><G95/><T117/><D117/><U42/><E63/><V40/><F10/><W32/><G32/><T59/><D11/><U9/><E69/><V101/><F27/><W23/><G13/><T44/><D105/><U8/><E8/><V38/><F54/><W131/><G131/><T92/><D92/><U107/><E9/><V30/><F30/><W81/><G81/><T15/><D15/><U57/><E107/><V51/><F101/><W4/><G111/><T79/><D44/><N who="1" m="25879" /><E57/><V66/><F66/><W109/><G109/><T12/><D12/><U108/><E108/><V90/><AGARI ba="0,0" hai="18,19,26,31,33,38,40,47,51,53,58,85,90,93" machi="90" ten="30,1100,0" yaku="0,1" doraHai="17" who="2" fromWho="2" sc="250,-5,250,-3,250,11,250,-3" /><INIT seed="1,0,0,1,2,73" ten="245,247,261,247" oya="1" hai0="28,38,20,26,122,127,22,91,65,64,3,83,46" hai1="104,135,68,67,125,95,111,8,9,129,70,103,35" hai2="87,21,24,10,41,132,126,18,52,120,16,74,48" hai3="84,29,79,62,99,113,2,72,66,11,100,47,121"/><U4/><E35/><V1/><F74/><W82/><G113/><T45/><D3/><U78/><E104/><V15/><F120/><W27/><G47/><T59/><D122/><U7/><E135/><V76/><F132/><W134/><G134/><T49/><D127/><U85/><E125/><V63/><F126/><W57/><G121/><T12/><D38/><U37/><E37/><V71/><F1/><W36/><G36/><T17/><D59/><U117/><E117/><V33/><F33/><W61/><G61/><T6/><D6/><U31/><E31/><V51/><F41/><W34/><G11/><T81/><D45/><U88/><E129/><V123/><F123/><W55/><G2/><T97/><D97/><U50/><E111/><V5/><F5/><W118/><G118/><T40/><REACH who="0" step="1"/><D91/><REACH who="0" ten="235,247,261,247" step="2"/><U115/><E7/><V77/><F71/><W131/><G131/><T101/><D101/><U44/><E103/><V58/><F87/><W116/><G116/><T133/><D133/><U14/><E115/><V128/><F128/><W19/><G84/><T23/><D23/><U54/><E9/><V124/><F124/><W108/><G108/><T119/><D119/><U42/><E42/><V25/><F25/><W106/><REACH who="3" step="1"/><G19/><REACH who="3" ten="235,247,261,237" step="2"/><T89/><D89/><U39/><E39/><V107/><F107/><W60/><G60/><T98/><D98/><N who="1" m="57703" /><E67/><AGARI ba="0,2" hai="27,29,34,55,57,62,66,67,72,79,82,99,100,106" machi="67" ten="40,2600,0" yaku="1,1,52,1,53,0" doraHai="73" doraHaiUra="130" who="3" fromWho="1" sc="235,0,247,-26,261,0,237,46" /><AGARI ba="0,0" hai="12,17,20,22,26,28,40,46,49,64,65,67,81,83" machi="67" ten="40,2600,0" yaku="1,1,8,1,53,0" doraHai="73" doraHaiUra="130" who="0" fromWho="1" sc="235,26,221,-26,261,0,283,0" /><INIT seed="2,0,0,5,2,72" ten="261,195,261,283" oya="2" hai0="44,33,80,118,7,128,101,32,46,16,115,42,3" hai1="84,43,73,40,99,26,11,122,61,103,39,129,71" hai2="110,123,113,102,88,111,66,20,62,74,97,30,106" hai3="13,92,27,78,70,2,90,67,52,86,89,10,94"/><V133/><F113/><W117/><G117/><T75/><D115/><U125/><E73/><V14/><F123/><W124/><G2/><T120/><D46/><U93/><E122/><V28/><F133/><W9/><G70/><T127/><D120/><U68/><E129/><V58/><F74/><W65/><G10/><N who="0" m="2431" /><D118/><U45/><E43/><V107/><F107/><W56/><G27/><T15/><D128/><U114/><E114/><V59/><F59/><W91/><G124/><T31/><D101/><U38/><E38/><V69/><F69/><W105/><G105/><T109/><D31/><U12/><E125/><V51/><F51/><W8/><G8/><N who="0" m="6247" /><D109/><N who="2" m="41482" /><F14/><W19/><G78/><N who="0" m="44127" /><D127/><U57/><E26/><N who="2" m="16455" /><F30/><W116/><G89/><AGARI ba="0,0" hai="58,62,66,88,89,97,102,106" m="16455,41482" machi="89" ten="30,5800,0" yaku="14,1,10,1,54,1" doraHai="72" who="2" fromWho="3" sc="261,0,195,0,261,58,283,-58" /><INIT seed="2,1,0,2,2,69" ten="261,195,319,225" oya="2" hai0="55,76,99,131,5,95,15,102,104,83,91,42,66" hai1="40,18,98,60,72,50,1,49,86,10,84,121,17" hai2="112,59,27,135,97,115,120,46,20,77,110,24,57" hai3="45,100,67,116,35,29,6,62,52,127,43,118,96"/><V38/><F120/><W103/><G6/><T32/><D32/><U3/><E72/><V36/><F77/><W19/><G19/><T4/><D131/><U71/><E121/><V122/><F122/><W26/><G103/><T92/><D66/><U16/><E71/><V44/><F20/><W75/><G75/><T124/><D124/><U88/><E60/><V134/><F97/><W94/><G127/><T111/><D111/><AGARI ba="1,0" hai="24,27,36,38,44,46,57,59,110,111,112,115,134,135" machi="111" ten="25,9600,0" yaku="22,2,52,2" doraHai="69" who="2" fromWho="0" sc="261,-99,195,0,319,99,225,0" /><INIT seed="2,2,0,3,4,122" ten="162,195,418,225" oya="2" hai0="99,86,32,43,107,132,98,93,54,8,134,40,17" hai1="112,72,1,45,129,60,33,102,6,76,29,61,30" hai2="92,13,55,23,73,68,52,125,71,57,51,69,91" hai3="70,39,49,116,97,48,96,94,25,42,16,85,66"/><V120/><F120/><W83/><G39/><T24/><D107/><U3/><E112/><V105/><F105/><W128/><G128/><T117/><D117/><U103/><E129/><V41/><F73/><W4/><G4/><T27/><D54/><U31/><E33/><V50/><F41/><W115/><G115/><T111/><D32/><U0/><E6/><V15/><F125/><W133/><G116/><T75/><D75/><U22/><E22/><V58/><REACH who="2" step="1"/><F23/><REACH who="2" ten="162,195,408,225" step="2"/><N who="3" m="13543" /><G42/><T80/><D40/><U59/><E72/><V63/><F63/><W62/><G133/><N who="0" m="51307" /><D43/><U74/><E61/><V89/><F89/><W46/><G70/><T18/><D8/><U101/><E74/><V47/><F47/><W2/><G46/><T44/><D44/><U130/><E45/><V108/><F108/><W90/><G62/><T14/><D111/><U35/><E130/><V26/><F26/><W100/><G66/><T78/><D24/><U34/><REACH who="1" step="1"/><E76/><REACH who="1" ten="162,185,408,225" step="2"/><V56/><F56/><W5/><G5/><T109/><D78/><U87/><E87/><AGARI ba="2,2" hai="13,15,50,51,52,55,57,58,68,69,71,87,91,92" machi="87" ten="40,7700,0" yaku="1,1,9,1,54,1,53,0" doraHai="122" doraHaiUra="28" who="2" fromWho="1" sc="162,0,185,-83,408,103,225,0" /><INIT seed="2,3,0,4,0,44" ten="162,102,511,225" oya="2" hai0="25,76,72,66,6,48,87,124,115,107,33,86,17" hai1="40,15,69,61,91,95,131,60,32,125,82,94,78" hai2="14,117,98,35,8,39,16,96,28,113,51,130,70" hai3="58,53,85,46,109,83,54,118,71,135,105,126,1"/><V18/><F113/><W65/><G105/><T134/><D115/><U57/><E131/><V36/><F117/><W34/><G1/><T41/><D107/><U22/><E32/><V114/><F114/><W121/><G34/><T90/><D124/><U63/><E69/><V9/><F70/><W120/><G71/><T81/><D134/><U2/><E2/><V68/><F68/><W112/><G112/><T67/><D6/><U127/><E57/><V49/><F35/><W73/><G73/><T13/><D33/><U100/><E40/><V129/><F14/><W38/><G118/><T88/><D25/><U133/><E133/><V47/><F47/><W37/><G135/><T103/><D103/><U84/><E100/><V7/><F7/><W116/><G116/><T21/><D76/><U19/><REACH who="1" step="1"/><E94/><REACH who="1" ten="162,92,511,225" step="2"/><V119/><F119/><W79/><G120/><T75/><D72/><AGARI ba="3,1" hai="15,19,22,60,61,63,72,78,82,84,91,95,125,127" machi="72" ten="40,5200,0" yaku="1,1,2,1,53,1" doraHai="44" doraHaiUra="10" who="1" fromWho="0" sc="162,-61,92,71,511,0,225,0" /><INIT seed="3,0,0,1,4,92" ten="101,163,511,225" oya="3" hai0="25,41,124,13,93,1,50,102,56,24,106,0,85" hai1="17,100,86,55,73,123,134,57,48,61,51,28,8" hai2="80,121,60,82,43,53,68,16,26,71,81,33,70" hai3="98,35,45,2,30,64,84,46,31,22,135,130,76"/><W59/><G35/><T127/><D106/><U38/><E73/><V63/><F121/><W110/><G2/><T44/><D85/><U103/><E38/><V36/><F53/><W122/><G122/><T91/><D13/><N who="1" m="7335" /><E134/><V79/><F79/><W54/><G135/><T69/><D69/><U42/><E123/><V62/><F33/><W47/><G64/><T128/><D128/><U29/><E86/><V94/><F94/><W78/><G130/><T107/><D56/><U112/><E112/><V89/><F89/><W52/><G54/><T95/><D107/><U5/><E5/><V27/><F16/><W114/><G114/><T119/><D119/><U75/><E75/><V120/><F120/><W14/><G98/><T10/><D0/><U9/><E9/><V111/><F111/><W118/><G118/><T117/><D117/><U87/><E87/><V6/><F6/><W67/><G67/><T108/><D108/><U3/><E3/><V105/><F105/><W96/><G96/><N who="0" m="57407" /><D10/><U131/><E131/><V129/><F129/><W66/><G66/><T20/><D1/><U72/><E72/><V58/><F58/><W126/><G110/><T12/><D124/><U83/><E83/><V7/><F7/><W115/><G126/><T133/><D127/><U101/><E61/><V40/><F36/><W125/><G125/><T113/><D133/><U65/><E65/><V11/><F11/><W109/><G109/><T18/><D113/><U49/><E42/><AGARI ba="0,0" hai="26,27,40,42,43,60,62,63,68,70,71,80,81,82" machi="42" ten="50,8000,1" yaku="29,2,28,2" doraHai="92" who="2" fromWho="1" sc="101,0,163,-80,511,80,225,0" owari="101,-29.9,83,-41.7,591,69.1,225,2.5" /></mjloggm>