<mjloggm ver="2.3"><GO type="225" lobby="0"/><UN n0="%E3%81%AF%E3%82%88%E3%81%8A%E3%81%98%E3%81%95%E3%82%93" n1="%E3%81%B2%E3%81%AA%E3%81%AE%E3%82%8A%E3%81%8F" n2="%E3%81%9F%E3%81%93%E2%98%86%E7%84%BC%E3%81%8D" n3="%E3%81%82%E3%81%84%E3%81%82%E3%81%8A%E3%81%84" dan="16,16,16,18" rate="2095.98,2091.41,2112.62,2212.69" sx="M,M,M,M"/><TAIKYOKU oya="0"/><INIT seed="0,0,0,1,0,82" ten="250,250,250,250" oya="0" hai0="27,0,25,67,46,14,21,51,49,87,95,98,9" hai1="10,133,65,34,134,45,97,36,81,32,122,118,41" hai2="130,79,37,126,29,50,99,48,1,59,53,2,40" hai3="58,15,113,73,18,112,61,19,6,128,63,86,124"/><T121/><D121/><U78/><E122/><V16/><F29/><W116/><G73/><T83/><D0/><U68/><E118/><V66/><F37/><W111/><G116/><T69/><D69/><U117/><E117/><V92/><F66/><W85/><G6/><T96/><D67/><U42/><E42/><V91/><F130/><W100/><G128/><T44/><D95/><U23/><E23/><V88/><F79/><W94/><G111/><T33/><D33/><U71/><E97/><N who="0" m="37481" /><D21/><U84/><E10/><V4/><F126/><W101/><G58/><T76/><D49/><U89/><E78/><V31/><F31/><W131/><G131/><T120/><D120/><U7/><E7/><V8/><F91/><W119/><G119/><T102/><D102/><U43/><E43/><V39/><F39/><W109/><G109/><T22/><D22/><U135/><REACH who="1" step="1"/><E65/><REACH who="1" ten="250,240,250,250" step="2"/><V70/><F4/><W55/><G124/><T107/><D107/><U129/><E129/><V115/><F8/><W54/><G15/><T28/><D28/><U125/><E125/><V47/><F40/><W35/><G94/><T75/><D14/><U52/><E52/><V56/><F92/><W110/><G110/><T26/><D9/><U74/><E74/><V24/><F53/><W77/><G77/><T11/><D11/><U114/><E114/><V60/><F115/><W104/><G104/><T3/><D75/><U106/><E106/><V20/><F20/><W105/><G105/><T57/><D3/><U5/><E5/><V64/><F64/><W127/><G127/><T80/><D83/><RYUUKYOKU ba="0,1" sc="250,10,240,10,250,-30,250,10" hai0="25,26,27,44,46,51,57,76,80,87" hai1="32,34,36,41,45,68,71,81,84,89,133,134,135" hai3="18,19,35,54,55,61,63,85,86,100,101,112,113" /><INIT seed="0,1,1,4,2,106" ten="260,250,220,260" oya="0" hai0="21,53,126,94,64,11,118,103,42,58,16,54,30" hai1="61,84,63,96,112,82,116,85,51,25,19,7,76" hai2="104,48,8,14,27,115,131,55,69,101,105,122,99" hai3="0,20,124,24,47,91,29,41,44,114,9,108,52"/><T26/><D126/><U10/><E116/><V78/><F115/><W113/><G124/><T123/><D123/><U71/><E112/><V32/><F122/><W117/><G117/><T62/><D118/><U5/><E71/><V86/><F131/><W45/><G41/><T13/><D42/><U111/><E111/><V109/><F69/><W67/><G108/><T83/><D83/><U57/><E51/><V133/><F105/><W89/><G67/><T132/><D132/><U56/><E96/><AGARI ba="1,1" hai="11,13,16,21,26,30,53,54,58,62,64,94,96,103" machi="96" ten="40,12000,1" yaku="25,2,8,1,54,1" doraHai="106" who="0" fromWho="1" sc="260,133,250,-123,220,0,260,0" /><INIT seed="0,2,0,4,5,28" ten="393,127,220,260" oya="0" hai0="38,41,83,112,88,42,45,52,113,68,2,125,123" hai1="95,72,22,129,115,122,82,25,105,0,84,31,118" hai2="94,7,62,21,29,127,116,120,70,119,47,126,4" hai3="69,67,55,79,114,44,49,9,34,5,11,134,40"/><T18/><D123/><U61/><E122/><V56/><F94/><W32/><G114/><T3/><D68/><U43/><E115/><V97/><F97/><W81/><G134/><T20/><D113/><U63/><E118/><N who="2" m="45099" /><F70/><W103/><G103/><T50/><D112/><U6/><E105/><V64/><F47/><W121/><G121/><T77/><D125/><N who="2" m="47626" /><F120/><W89/><G89/><T76/><D2/><U1/><E129/><V19/><F29/><W111/><G111/><T117/><D3/><U106/><E106/><V92/><F92/><W33/><G40/><N who="0" m="15467" /><D38/><U27/><E43/><V128/><F128/><W51/><G49/><T36/><D36/><U86/><E95/><V10/><F10/><W132/><G132/><T71/><D71/><U108/><E108/><V96/><F96/><W80/><G80/><T133/><D133/><U23/><E82/><V74/><F74/><W24/><G24/><AGARI ba="2,0" hai="4,7,19,21,24,56,62,64" m="47626,45099" machi="24" ten="30,2000,0" yaku="12,1,18,1" doraHai="28" who="2" fromWho="3" sc="393,0,127,0,220,26,260,-26" /><INIT seed="1,0,0,1,4,83" ten="393,127,246,234" oya="1" hai0="41,34,134,60,33,68,36,17,67,81,54,55,47" hai1="8,73,117,74,120,79,38,48,132,122,78,121,89" hai2="86,114,61,4,80,76,50,96,64,28,69,22,12" hai3="23,75,63,99,84,57,29,126,40,66,27,105,49"/><U37/><E117/><V43/><F96/><W58/><G126/><T110/><D110/><U106/><E106/><V65/><F65/><W72/><G84/><T98/><D134/><U14/><E132/><V109/><F109/><W103/><REACH who="3" step="1"/><G57/><REACH who="3" ten="393,127,246,224" step="2"/><T90/><D68/><U130/><E130/><V112/><F114/><W59/><G59/><T25/><D81/><U11/><E89/><V5/><F112/><W125/><G125/><T116/><D90/><U35/><E35/><V46/><F28/><W92/><G92/><T21/><D33/><U24/><E24/><V42/><F22/><W123/><G123/><T101/><D34/><U0/><E0/><V133/><F133/><W115/><G115/><T102/><D116/><U16/><E14/><V20/><F20/><W2/><G2/><T82/><D82/><U104/><E104/><V30/><F30/><W45/><AGARI ba="0,1" hai="23,27,29,40,45,49,58,63,66,72,75,99,103,105" machi="45" ten="30,2000,0" yaku="1,1,0,1,53,0" doraHai="83" doraHaiUra="10" who="3" fromWho="3" sc="393,-5,127,-10,246,-5,224,30" /><INIT seed="2,0,0,1,5,28" ten="388,117,241,254" oya="2" hai0="123,68,21,131,93,97,99,42,71,30,134,44,32" hai1="57,104,132,19,7,66,117,43,24,125,26,81,116" hai2="92,1,102,121,41,62,9,72,63,39,22,29,96" hai3="135,82,127,49,52,95,128,80,25,111,76,126,6"/><V10/><F121/><W5/><G111/><T87/><D32/><U83/><E104/><V109/><F72/><W17/><G135/><T78/><D123/><U61/><E132/><V18/><F109/><W88/><G128/><T106/><D131/><U56/><E125/><N who="3" m="47626" /><G17/><T114/><D114/><U38/><E7/><N who="3" m="2570" /><G25/><T64/><D30/><U124/><E124/><V113/><F113/><W13/><G13/><T16/><D64/><U48/><E38/><V105/><F1/><W2/><G76/><T84/><D99/><U94/><E66/><V54/><F29/><W73/><G73/><T46/><D106/><U3/><E3/><V4/><F105/><W35/><G35/><T40/><D78/><U34/><E34/><V112/><F112/><W107/><G2/><T120/><D68/><U33/><E33/><V108/><F108/><W47/><G107/><T115/><D71/><U45/><E19/><V11/><F4/><W51/><G49/><N who="0" m="26759" /><D120/><U20/><E116/><V100/><F39/><W60/><G60/><T133/><D115/><U14/><E61/><V70/><F63/><W130/><G130/><T27/><D134/><U55/><E117/><V23/><F70/><W129/><G129/><T50/><D133/><U53/><E14/><V15/><F22/><W0/><G0/><T103/><AGARI ba="0,0" hai="16,21,27,42,46,50,84,87,93,97,103" m="26759" machi="103" ten="30,2000,0" yaku="8,1,54,1" doraHai="28" who="0" fromWho="0" sc="388,20,117,-5,241,-10,254,-5" /><INIT seed="3,0,0,0,1,83" ten="408,112,231,249" oya="3" hai0="35,20,68,131,6,19,73,119,135,77,97,23,123" hai1="125,61,105,34,74,76,24,11,28,103,82,113,89" hai2="33,32,134,124,96,56,1,63,30,39,87,3,27" hai3="100,88,117,109,98,130,62,79,64,40,52,69,108"/><W94/><G117/><T16/><D68/><U38/><E125/><V17/><F39/><W92/><G130/><T0/><D35/><U55/><E113/><V42/><F42/><W54/><G79/><T60/><D123/><U81/><E38/><V49/><F32/><W128/><G40/><T72/><D119/><U15/><E81/><V78/><F96/><W95/><G128/><T127/><D131/><U126/><E126/><V104/><F104/><W46/><G46/><T75/><D77/><U51/><E61/><V36/><F36/><W110/><G94/><T120/><D120/><U67/><E67/><V10/><F134/><W132/><G132/><T57/><D135/><U118/><E118/><V37/><F49/><W44/><G44/><T80/><D80/><U18/><E103/><V22/><F37/><W66/><G64/><T114/><D127/><U133/><E133/><V115/><F115/><W111/><G111/><T71/><D71/><U122/><E122/><V47/><F47/><W65/><G65/><N who="0" m="39055" /><D114/><U5/><E105/><V4/><F1/><W43/><G43/><T31/><D97/><AGARI ba="0,0" hai="52,54,62,66,69,88,92,95,97,98,100,108,109,110" machi="97" ten="40,12000,1" yaku="14,1,10,1,54,2" doraHai="83" who="3" fromWho="0" sc="408,-120,112,0,231,0,249,120" owari="288,8.8,112,-38.8,231,-16.9,369,46.9" /></mjloggm>