<mjloggm ver="2.3"><GO type="225" lobby="0"/><UN n0="%E3%81%9F%E3%81%93%E2%98%86%E7%84%BC%E3%81%8D" n1="%E3%81%82%E3%81%84%E3%81%82%E3%81%8A%E3%81%84" n2="%E3%81%95%E3%81%8D%E3%81%9F%E3%81%BE%E6%9E%97%E6%AA%8E" n3="%E3%81%AF%E3%82%88%E3%81%8A%E3%81%98%E3%81%95%E3%82%93" dan="16,18,16,16" rate="2037.28,2219.23,2161.04,2158.68" sx="M,M,M,M"/><TAIKYOKU oya="0"/><INIT seed="0,0,0,0,3,110" ten="250,250,250,250" oya="0" hai0="92,84,126,20,111,79,13,100,98,105,6,72,9" hai1="53,54,113,99,87,37,8,108,4,30,41,106,51" hai2="134,86,58,69,119,124,56,2,90,85,14,33,39" hai3="91,65,104,129,1,10,109,73,63,31,76,17,135"/><T29/><D126/><U42/><E108/><V120/><F134/><W74/><G109/><T117/><D117/><U94/><E106/><V28/><F2/><W22/><G104/><T27/><D111/><U62/><E37/><V116/><F69/><W115/><G115/><T77/><D72/><U52/><E113/><V82/><F39/><W71/><G135/><T66/><D66/><U112/><E112/><V70/><F124/><W46/><G129/><T132/><D132/><U16/><E30/><V125/><F125/><W81/><G31/><T96/><REACH who="0" step="1"/><D84/><REACH who="0" ten="240,250,250,250" step="2"/><U118/><E87/><V93/><F86/><W48/><G73/><T123/><D123/><U130/><E118/><V12/><F120/><W0/><G74/><T49/><D49/><U26/><E130/><V95/><F116/><W61/><G65/><T121/><D121/><U36/><E51/><V75/><F75/><W47/><G48/><T24/><D24/><U57/><E36/><V64/><F64/><W34/><G63/><T18/><D18/><U44/><E26/><V40/><F85/><W131/><G17/><T15/><D15/><N who="1" m="7271" /><E4/><V60/><F12/><W122/><G61/><T7/><D7/><U45/><E41/><V97/><F40/><W23/><G122/><T43/><D43/><U83/><E42/><V107/><F14/><W128/><G131/><T88/><AGARI ba="0,1" hai="6,9,13,20,27,29,77,79,88,92,96,98,100,105" machi="88" ten="20,12000,1" yaku="1,1,0,1,7,1,54,1,53,1" doraHai="110" doraHaiUra="103" who="0" fromWho="0" sc="240,130,250,-40,250,-40,250,-40" /><INIT seed="0,1,0,3,2,12" ten="370,210,210,210" oya="0" hai0="78,104,124,3,90,115,52,77,75,85,45,26,70" hai1="125,61,42,39,74,71,30,73,40,91,88,27,25" hai2="134,31,46,129,5,47,4,93,87,0,10,99,123" hai3="114,62,92,63,102,16,55,122,132,108,101,84,48"/><T21/><D3/><U119/><E119/><V49/><F123/><W133/><G114/><T112/><D70/><U57/><E71/><V28/><F134/><N who="3" m="51819" /><G108/><T33/><D33/><U103/><E103/><N who="3" m="39434" /><G122/><T94/><D104/><U80/><E125/><V29/><F129/><W34/><G34/><T64/><D64/><U126/><E126/><V107/><F107/><W95/><G84/><T15/><D15/><U58/><E80/><V135/><F87/><W44/><G92/><T127/><D115/><U41/><E61/><V109/><F109/><W89/><G89/><N who="1" m="34378" /><E30/><V54/><F135/><W121/><G95/><T22/><D22/><U20/><E20/><V110/><F110/><W9/><G121/><T32/><D32/><U60/><E60/><V81/><F81/><W2/><G2/><T36/><D112/><U66/><E66/><V53/><F0/><W111/><G111/><T14/><D14/><AGARI ba="1,0" hai="9,14,16,44,48,55,62,63" m="39434,51819" machi="14" ten="30,3900,0" yaku="20,1,52,1,54,1" doraHai="12" who="3" fromWho="0" sc="370,-42,210,0,210,0,210,42" /><INIT seed="1,0,0,0,3,71" ten="328,210,210,252" oya="1" hai0="78,87,9,1,26,103,98,35,102,77,128,16,68" hai1="67,111,15,69,127,63,43,34,91,92,66,95,99" hai2="30,73,28,7,55,5,113,52,29,70,48,88,120" hai3="58,114,61,82,32,24,133,56,65,124,80,84,27"/><U2/><E2/><V117/><F117/><W62/><G114/><T90/><D68/><U118/><E118/><V50/><F120/><W79/><G124/><T60/><D60/><U94/><E34/><V23/><F73/><W119/><G119/><T57/><D57/><U4/><E127/><V107/><F107/><W64/><G133/><T20/><D35/><U89/><E67/><V41/><F70/><W93/><G32/><T110/><D110/><U100/><E111/><V129/><F129/><W132/><G132/><T74/><D74/><U8/><REACH who="1" step="1"/><E43/><REACH who="1" ten="328,200,210,252" step="2"/><V51/><F41/><W76/><REACH who="3" step="1"/><G93/><AGARI ba="0,1" hai="4,8,15,63,66,69,89,91,92,93,94,95,99,100" machi="93" ten="40,3900,0" yaku="1,1,2,1,53,0" doraHai="71" doraHaiUra="123" who="1" fromWho="3" sc="328,0,200,49,210,0,252,-39" /><INIT seed="1,1,0,2,4,114" ten="328,249,210,213" oya="1" hai0="39,84,78,7,123,125,20,41,133,116,89,82,73" hai1="63,115,119,55,88,46,54,124,33,48,49,9,17" hai2="76,22,98,37,59,72,15,105,36,0,29,128,102" hai3="35,10,18,94,69,53,13,45,93,34,85,130,57"/><U12/><E115/><V131/><F0/><W4/><G69/><T101/><D133/><U95/><E124/><V121/><F121/><W99/><G130/><N who="2" m="49705" /><F72/><W87/><G45/><T6/><D116/><U60/><E119/><V25/><F76/><W26/><G35/><T75/><D123/><U122/><E33/><V97/><F59/><W135/><G135/><T127/><D20/><U50/><E122/><V129/><N who="2" m="49713" /><V56/><DORA hai="118" /><F56/><W8/><G34/><T108/><D108/><U38/><E38/><V113/><F113/><W107/><G107/><T86/><D41/><U79/><E79/><V104/><F15/><N who="3" m="7527" /><G26/><T68/><D68/><U23/><E9/><V65/><F65/><W92/><G99/><T27/><D27/><U30/><E30/><V91/><F91/><W103/><G103/><AGARI ba="1,0" hai="22,25,29,36,37,97,98,102,103,104,105" m="49713" machi="103" ten="40,1300,0" yaku="19,1" doraHai="114,118" who="2" fromWho="3" sc="328,0,249,0,210,16,213,-16" /><INIT seed="2,0,0,5,0,32" ten="328,249,226,197" oya="2" hai0="35,113,66,88,12,47,114,65,15,103,30,63,72" hai1="121,3,104,51,40,108,106,16,122,83,101,107,110" hai2="46,132,0,126,111,49,102,78,116,105,133,68,123" hai3="37,71,70,81,7,6,53,43,95,50,39,89,128"/><V25/><F116/><W19/><G128/><T22/><D72/><U45/><E3/><V85/><F123/><N who="1" m="47113" /><E83/><N who="2" m="47351" /><F68/><W131/><G131/><T76/><D76/><U80/><E80/><V135/><F126/><W120/><G120/><T42/><D103/><U134/><E134/><V9/><F25/><W73/><G81/><T23/><D66/><U127/><E127/><V91/><F91/><W74/><G19/><T98/><D35/><U129/><E129/><V4/><F111/><N who="1" m="42537" /><E16/><V55/><F102/><AGARI ba="0,0" hai="40,45,51,101,102,104,106,107" m="42537,47113" machi="102" ten="40,2600,0" yaku="13,1,14,1" doraHai="32" who="1" fromWho="2" sc="328,0,249,26,226,-26,197,0" /><INIT seed="3,0,0,1,5,27" ten="328,275,200,197" oya="3" hai0="1,94,17,87,88,82,74,66,4,100,3,16,58" hai1="103,64,77,122,68,47,126,114,79,98,101,34,62" hai2="129,59,32,108,20,70,96,105,53,83,91,5,54" hai3="104,11,12,119,2,89,132,131,55,67,7,45,10"/><W22/><G119/><T111/><D111/><U123/><E114/><V48/><F108/><W37/><G104/><T23/><D17/><U95/><E126/><V51/><F32/><W69/><G131/><T36/><D36/><U125/><E125/><V50/><F70/><W24/><G132/><T84/><D74/><U80/><E103/><V81/><F129/><W57/><G69/><T92/><D4/><U116/><E116/><V30/><F5/><W110/><G110/><T124/><D100/><U115/><E115/><V33/><F33/><W113/><G113/><T14/><D94/><U26/><E79/><V43/><F105/><W121/><G121/><T15/><D15/><U6/><E6/><V29/><F20/><W109/><G109/><T25/><D25/><U76/><E76/><V60/><F43/><N who="3" m="22767" /><G67/><T106/><D106/><U44/><E44/><V86/><F96/><W134/><G89/><T135/><D135/><U40/><E26/><V39/><F39/><W112/><G112/><T35/><D35/><U13/><E13/><V31/><F83/><W9/><G134/><T0/><D124/><U93/><E93/><V21/><F21/><W130/><G130/><T85/><D92/><U133/><E34/><V127/><F127/><W71/><G71/><T61/><AGARI ba="0,0" hai="0,1,3,14,16,23,58,61,66,82,84,85,87,88" machi="61" ten="40,5200,0" yaku="0,1,54,2" doraHai="27" who="0" fromWho="0" sc="328,52,275,-13,200,-13,197,-26" owari="380,48.0,262,6.2,187,-21.3,171,-32.9" /></mjloggm>