<mjloggm ver="2.3"><GO type="225" lobby="0"/><UN n0="%E7%99%BD%E6%97%A5%E9%9B%AA%E8%8F%9C" n1="%6D%75%75%73%61%6E%6D%75" n2="%E5%A4%9C%E3%81%AE%E3%82%AC%E3%82%B9%E3%83%91%E3%83%BC%E3%83%AB" n3="%72%61%6B%33" dan="17,16,16,16" rate="2225.50,2123.72,2131.87,2091.98" sx="M,F,M,M"/><TAIKYOKU oya="0"/><INIT seed="0,0,0,3,5,1" ten="250,250,250,250" oya="0" hai0="102,76,30,8,129,91,124,52,88,46,28,43,107" hai1="127,3,56,93,69,108,60,45,134,32,97,66,126" hai2="65,21,17,101,113,11,122,20,118,133,40,96,135" hai3="86,75,100,2,116,64,33,105,83,12,63,85,117"/><T110/><D124/><N who="1" m="47659" /><E32/><V7/><F113/><W27/><G2/><T111/><D129/><U89/><E3/><V81/><F122/><W23/><G75/><T22/><D76/><U19/><E108/><N who="0" m="41513" /><D8/><U90/><E134/><N who="2" m="51211" /><F118/><W42/><G33/><T130/><D130/><U57/><E19/><V67/><F40/><W82/><G105/><T34/><D34/><U112/><E112/><V132/><N who="2" m="51219" /><V61/><DORA hai="26" /><F81/><W103/><G23/><N who="2" m="8777" /><F17/><W62/><G27/><N who="0" m="16503" /><D30/><U50/><E90/><V114/><F61/><W120/><G117/><T106/><D52/><AGARI ba="0,0" hai="45,50,52,56,57,60,66,69,89,93,97" m="47659" machi="52" ten="30,2000,0" yaku="18,1,54,1" doraHai="1,26" who="1" fromWho="0" sc="250,-20,250,20,250,0,250,0" /><INIT seed="1,0,0,4,3,20" ten="230,270,250,250" oya="1" hai0="130,13,72,37,69,8,30,110,82,84,9,56,71" hai1="19,12,40,114,128,120,55,104,46,23,38,68,6" hai2="106,43,10,11,135,87,73,34,14,75,116,59,74" hai3="26,131,4,95,124,29,36,97,2,129,22,67,17"/><U93/><E114/><V86/><F116/><W101/><G124/><T39/><D72/><U118/><E104/><V102/><F135/><W7/><G36/><T44/><D110/><U51/><E118/><V126/><F126/><W60/><G17/><T52/><D130/><N who="3" m="49673" /><G2/><T125/><D125/><U3/><E120/><V92/><F106/><W89/><G89/><T57/><D30/><U48/><E128/><V31/><F43/><W42/><G42/><T94/><D94/><U0/><E68/><AGARI ba="0,0" hai="4,7,22,26,29,60,67,68,95,97,101" m="49673" machi="68" ten="30,2000,0" yaku="19,1,52,1" doraHai="20" who="3" fromWho="1" sc="230,0,270,-20,250,0,250,20" /><INIT seed="2,0,0,1,5,83" ten="230,250,250,270" oya="2" hai0="132,104,91,5,73,0,69,54,44,122,135,75,119" hai1="55,24,65,82,12,98,46,116,105,89,84,41,60" hai2="114,23,92,126,10,31,17,1,33,15,49,7,30" hai3="86,80,45,85,52,27,93,77,39,64,127,102,131"/><V97/><F114/><W13/><G127/><T112/><D122/><U59/><E116/><V81/><F126/><W67/><G131/><T8/><D112/><U101/><E12/><V125/><F125/><W70/><G70/><T129/><D129/><U94/><E24/><V133/><F133/><N who="0" m="51274" /><D69/><U38/><REACH who="1" step="1"/><E65/><REACH who="1" ten="230,240,250,270" step="2"/><V58/><F33/><W28/><G13/><T40/><D119/><U35/><E35/><V130/><F130/><W118/><G118/><T123/><D123/><U109/><E109/><V25/><F15/><W48/><G64/><T110/><D110/><U72/><E72/><V4/><F4/><W3/><G67/><T20/><D75/><U103/><E103/><V47/><F25/><W124/><G124/><T26/><D73/><U50/><E50/><V78/><F49/><W111/><G111/><T29/><D5/><U9/><E9/><V96/><F10/><W100/><G100/><T106/><D8/><U62/><E62/><V21/><F7/><W120/><G120/><T16/><D0/><U121/><E121/><V117/><F1/><W88/><G3/><T6/><D6/><U115/><E115/><V128/><F128/><W53/><G102/><T107/><D26/><U43/><E43/><V18/><F117/><W34/><G39/><T79/><D40/><AGARI ba="0,1" hai="27,28,34,40,45,48,52,53,77,80,85,86,88,93" machi="40" ten="30,8000,1" yaku="7,1,52,2,54,2" doraHai="83" who="3" fromWho="0" sc="230,-80,240,0,250,0,270,90" /><INIT seed="3,0,0,4,0,128" ten="150,240,250,360" oya="3" hai0="12,77,20,33,14,101,121,89,74,123,119,17,59" hai1="122,13,3,41,97,24,132,90,79,42,9,75,96" hai2="124,65,103,38,91,83,115,18,87,66,1,93,63" hai3="88,28,19,11,112,130,81,52,100,62,85,95,51"/><W34/><G112/><T131/><D119/><U58/><E3/><V16/><F115/><W70/><G130/><T94/><D131/><U39/><E122/><V118/><F118/><W44/><G34/><T71/><D71/><U92/><E39/><V4/><F38/><W126/><G126/><T37/><D33/><U7/><E132/><V72/><F124/><W15/><G28/><T46/><D101/><U49/><E75/><V45/><F45/><W110/><G110/><T40/><D77/><U60/><E79/><V31/><F31/><W10/><G10/><T102/><D102/><U114/><E114/><V32/><F32/><W99/><G62/><T109/><D74/><U35/><E35/><V113/><F113/><W127/><G127/><T105/><D105/><U36/><E36/><V111/><F111/><W86/><G86/><T68/><D68/><AGARI ba="0,0" hai="11,15,19,44,51,52,68,70,81,85,88,95,99,100" machi="68" ten="40,12000,1" yaku="25,2,54,2" doraHai="128" who="3" fromWho="0" sc="150,-120,240,0,250,0,360,120" owari="30,-47.0,240,-16.0,250,5.0,480,58.0" /></mjloggm>