<mjloggm ver="2.3"><GO type="225" lobby="0"/><UN n0="%E3%81%BF%E3%81%BF%E3%81%9A" n1="%E5%84%AA%40%41%42%43" n2="%E3%81%93%E3%81%91%E6%A4%8D%E7%89%A9" n3="%48%61%61%61%6C%61%6E%64" dan="18,17,16,18" rate="2252.27,2169.33,2103.55,2196.98" sx="M,M,M,M"/><TAIKYOKU oya="0"/><INIT seed="0,0,0,0,2,95" ten="250,250,250,250" oya="0" hai0="46,28,73,16,70,111,57,44,115,3,74,105,30" hai1="50,1,14,61,88,101,85,90,96,93,17,120,92" hai2="130,9,12,15,128,107,32,20,22,112,106,126,35" hai3="7,62,114,100,34,68,81,83,2,8,132,108,78"/><T116/><D115/><U49/><E120/><V59/><F59/><W26/><G114/><T24/><D116/><U53/><E1/><V0/><F112/><W47/><G108/><T65/><D70/><U38/><E38/><V109/><F126/><W76/><G132/><T48/><D3/><U64/><E53/><V113/><F113/><W131/><G131/><N who="2" m="50217" /><F0/><W41/><G100/><T18/><D105/><N who="2" m="39946" /><F109/><W40/><G62/><N who="0" m="38095" /><D74/><U121/><E101/><V94/><F94/><W66/><G66/><T77/><D73/><U52/><E52/><V43/><F43/><W19/><G68/><T86/><D111/><U97/><E85/><V13/><F9/><W102/><G102/><T123/><D123/><U125/><E125/><V31/><F31/><N who="0" m="11818" /><D24/><U110/><E110/><V124/><F124/><W135/><G26/><T23/><D23/><AGARI ba="0,0" hai="12,13,15,20,22,23,32,35" m="39946,50217" machi="23" ten="40,5200,0" yaku="28,2,19,1" doraHai="95" who="2" fromWho="0" sc="250,-52,250,0,250,52,250,0" /><INIT seed="1,0,0,2,2,71" ten="198,250,302,250" oya="1" hai0="130,10,107,64,28,11,35,12,128,83,47,41,60" hai1="18,100,102,112,1,126,125,66,3,81,119,67,116" hai2="38,77,84,54,37,52,85,8,133,62,82,16,127" hai3="120,48,75,65,109,40,87,5,55,32,124,108,115"/><U110/><E81/><V106/><F106/><W4/><G120/><T99/><D83/><U74/><E18/><V58/><F85/><W104/><G115/><T80/><D80/><U72/><REACH who="1" step="1"/><E110/><REACH who="1" ten="198,240,302,250" step="2"/><V26/><F127/><W36/><G109/><T6/><D130/><U30/><E30/><V101/><F133/><W14/><G108/><T93/><D128/><U94/><E94/><V68/><F16/><W33/><G124/><T113/><D113/><AGARI ba="0,1" hai="1,3,66,67,72,74,100,102,112,113,116,119,125,126" machi="113" ten="25,4800,0" yaku="1,1,22,2,53,0" doraHai="71" doraHaiUra="91" who="1" fromWho="0" sc="198,-48,240,58,302,0,250,0" /><INIT seed="1,1,0,2,1,86" ten="150,298,302,250" oya="1" hai0="97,23,5,18,134,0,25,88,93,36,70,33,87" hai1="40,16,122,65,4,46,43,110,115,19,57,38,1" hai2="34,64,67,48,6,35,21,58,62,61,45,12,129" hai3="28,32,29,47,82,104,94,22,56,27,91,77,103"/><U51/><E115/><V131/><F6/><W68/><G68/><T59/><D70/><U11/><E122/><V69/><F12/><W49/><G104/><T132/><D36/><U30/><E110/><V52/><REACH who="2" step="1"/><F21/><REACH who="2" ten="150,298,292,250" step="2"/><W92/><G22/><T78/><D33/><AGARI ba="1,1" hai="33,34,35,45,48,52,58,61,62,64,67,69,129,131" machi="33" ten="40,8000,1" yaku="1,1,2,1,54,1,53,1" doraHai="86" doraHaiUra="44" who="2" fromWho="0" sc="150,-83,298,0,292,93,250,0" /><INIT seed="2,0,0,1,2,10" ten="67,298,385,250" oya="2" hai0="4,0,5,23,115,50,107,57,71,118,111,87,108" hai1="35,92,101,53,133,76,21,8,2,63,37,86,91" hai2="49,112,11,124,48,67,3,75,125,100,105,84,69" hai3="99,28,66,65,122,31,83,24,98,41,106,64,44"/><V131/><F75/><W59/><G122/><T22/><D107/><U81/><E35/><V90/><F112/><W62/><G83/><T19/><D71/><U89/><E37/><V109/><F105/><W117/><G117/><T40/><D87/><U25/><E133/><V58/><F69/><W126/><G126/><T17/><D40/><U79/><E101/><V127/><F100/><W94/><G106/><T33/><D50/><U73/><E2/><V135/><F135/><W85/><G85/><T30/><D57/><N who="1" m="35247" /><E8/><V27/><F27/><W43/><G31/><T14/><D115/><U45/><E45/><V88/><F131/><W61/><G44/><T20/><D118/><U16/><E73/><V32/><F32/><W121/><G121/><T104/><D104/><U52/><E52/><N who="2" m="32007" /><F67/><W119/><G119/><T120/><D120/><U130/><E130/><V95/><F109/><N who="0" m="42058" /><D0/><U6/><E6/><N who="0" m="2665" /><D19/><U39/><E39/><V36/><F36/><W18/><G18/><T80/><D80/><U13/><E25/><AGARI ba="0,0" hai="14,17,20,22,23,25,30,33" m="2665,42058" machi="25" ten="30,7700,0" yaku="14,1,34,2,52,1" doraHai="10" who="0" fromWho="1" sc="67,77,298,-77,385,0,250,0" /><INIT seed="3,0,0,0,2,108" ten="144,221,385,250" oya="3" hai0="32,55,135,18,34,66,106,90,51,111,77,129,36" hai1="48,40,2,116,0,59,65,42,121,97,67,24,43" hai2="119,118,3,54,68,16,30,41,21,6,85,102,49" hai3="120,27,115,88,94,63,100,19,72,29,125,112,56"/><W103/><G120/><T101/><D36/><U25/><E121/><V87/><F68/><W52/><G72/><T84/><D66/><N who="1" m="25099" /><E97/><V9/><F102/><W122/><G122/><T31/><D111/><U86/><E86/><V124/><F124/><W117/><G117/><T131/><D77/><U57/><E48/><V133/><F133/><W107/><G125/><T110/><D135/><U14/><E14/><V45/><F30/><W82/><G82/><T62/><D110/><U83/><E83/><V81/><F87/><W74/><G74/><T130/><D62/><U60/><E60/><V69/><F69/><W12/><G107/><T104/><D18/><U35/><E35/><V17/><F17/><W105/><G105/><T91/><D31/><U93/><E93/><V20/><F20/><N who="3" m="13727" /><G12/><T1/><D1/><N who="1" m="619" /><E116/><V76/><F41/><W11/><G11/><T7/><D7/><U22/><E22/><V37/><F37/><W132/><G132/><T99/><D106/><U13/><E13/><AGARI ba="0,0" hai="3,6,9,13,16,21,45,49,54,76,81,85,118,119" machi="13" ten="30,2000,0" yaku="7,1,54,1" doraHai="108" who="2" fromWho="1" sc="144,0,221,-20,385,20,250,0" owari="144,-35.6,201,-19.9,405,50.5,250,5.0" /></mjloggm>