<mjloggm ver="2.3"><GO type="225" lobby="0"/><UN n0="%E6%A0%B9%E5%85%83%E3%81%8B%E3%82%89%E5%90%B9%E3%81%A3%E9%A3%9B%E3%81%B6" n1="%E3%81%AF%E3%82%88%E3%81%8A%E3%81%98%E3%81%95%E3%82%93" n2="%72%69%6F%75%63%68%61%6E" n3="%E5%AE%AE%E4%BF%9D%E9%B6%8F%E8%82%89" dan="16,16,17,16" rate="2174.28,2152.92,2258.89,2108.84" sx="F,M,M,M"/><TAIKYOKU oya="0"/><INIT seed="0,0,0,2,5,128" ten="250,250,250,250" oya="0" hai0="74,22,131,37,126,48,114,103,88,38,63,90,30" hai1="27,107,59,2,97,121,118,20,65,40,47,69,31" hai2="5,0,86,80,78,104,110,83,96,1,39,29,35" hai3="12,15,55,8,87,113,125,98,32,77,26,51,66"/><T105/><D114/><U18/><E118/><V116/><F116/><W129/><G113/><T71/><D74/><U16/><E121/><V56/><F110/><W11/><G129/><T91/><D131/><U134/><E69/><V64/><F39/><W94/><G125/><T100/><D126/><U43/><E2/><V120/><F120/><W4/><G66/><T101/><D105/><U95/><E107/><V52/><F64/><W92/><G32/><T122/><D122/><U57/><E134/><V19/><F5/><W45/><G26/><T14/><D48/><N who="1" m="26727" /><E43/><V132/><F132/><W119/><G119/><T60/><D14/><U49/><E49/><V50/><F19/><N who="1" m="7209" /><E65/><V46/><F46/><W70/><G70/><T62/><D71/><U44/><E44/><V34/><F34/><W111/><G111/><T79/><D79/><U89/><AGARI ba="0,0" hai="20,27,31,57,59,89,95,97" m="7209,26727" machi="89" ten="30,2000,0" yaku="8,1,54,1" doraHai="128" who="1" fromWho="1" sc="250,-10,250,20,250,-5,250,-5" /><INIT seed="1,0,0,1,5,95" ten="240,270,245,245" oya="1" hai0="14,15,77,19,13,99,25,41,91,81,134,69,7" hai1="27,92,127,50,18,78,88,52,9,100,43,79,61" hai2="135,125,6,126,65,128,73,20,3,28,131,89,83" hai3="124,36,54,113,30,97,133,106,32,114,101,34,29"/><U93/><E127/><N who="2" m="48651" /><F65/><W45/><G124/><T68/><D134/><U40/><E61/><V132/><F6/><W96/><G54/><T60/><D41/><N who="1" m="15947" /><E93/><V39/><F3/><W102/><G45/><T82/><D7/><U108/><E100/><V76/><F39/><W129/><G36/><T56/><D25/><U107/><E107/><V8/><F8/><W37/><G37/><T17/><D69/><U103/><E103/><V48/><F48/><W94/><G129/><N who="2" m="49737" /><F89/><W116/><G133/><N who="2" m="51273" /><F20/><W84/><G116/><T120/><D91/><U26/><E9/><V121/><F28/><W111/><G111/><T72/><D17/><U85/><E108/><V12/><F12/><W0/><G0/><T46/><D19/><U47/><E26/><V55/><F121/><W123/><G123/><T66/><D15/><U122/><E122/><V71/><F55/><W118/><G118/><T115/><D13/><U70/><E70/><AGARI ba="0,0" hai="70,71,73,76,83" m="51273,49737,48651" machi="70" ten="40,32000,5" yakuman="39" doraHai="95" who="2" fromWho="1" paoWho="3" sc="240,0,270,-160,245,320,245,-160" /><INIT seed="2,0,0,2,4,31" ten="240,110,565,85" oya="2" hai0="37,0,105,134,101,78,84,46,117,64,17,124,19" hai1="4,32,128,82,24,76,62,110,22,113,41,127,99" hai2="112,50,43,56,65,42,21,39,14,29,114,91,10" hai3="20,45,131,109,88,116,67,104,72,25,108,98,48"/><V60/><F39/><W69/><G116/><T55/><D124/><U68/><E113/><V86/><F114/><W106/><G131/><T34/><D134/><U66/><E127/><V103/><F112/><W111/><G72/><T120/><D0/><U58/><E128/><V135/><F135/><W52/><G67/><T94/><D64/><U6/><E110/><V12/><F103/><W79/><G79/><T18/><D105/><U75/><E68/><V129/><F129/><W125/><G69/><T35/><D120/><U7/><E41/><V85/><F85/><W40/><G40/><T49/><D37/><U115/><E115/><V121/><F121/><W89/><G125/><T16/><N who="0" m="4096" /><DORA hai="26" /><T73/><D73/><U81/><E22/><V133/><F133/><W30/><G98/><T13/><D13/><U63/><E63/><V44/><F42/><W126/><G126/><T54/><D54/><U71/><E71/><V92/><REACH who="2" step="1"/><F10/><REACH who="2" ten="240,110,555,85" step="2"/><W95/><G95/><T57/><D84/><U2/><E75/><V107/><F107/><AGARI ba="0,1" hai="20,25,30,45,48,52,88,89,104,106,107,108,109,111" machi="107" ten="50,8000,1" yaku="14,1,52,1,54,2" doraHai="31,26" who="3" fromWho="2" sc="240,0,110,0,555,-80,85,90" /><INIT seed="3,0,0,1,2,80" ten="240,110,475,175" oya="3" hai0="102,110,134,34,91,26,112,67,17,103,40,4,129" hai1="84,87,79,83,13,37,59,64,18,47,70,25,71" hai2="69,52,30,120,68,132,35,96,23,45,10,74,3" hai3="114,20,101,89,122,135,8,62,43,12,33,76,2"/><W100/><G33/><T58/><D110/><U55/><E25/><V63/><F35/><W60/><G2/><T9/><D40/><U66/><E70/><V95/><F74/><W86/><G76/><T85/><D129/><U126/><E126/><V65/><F132/><W115/><G43/><T108/><D108/><U116/><E116/><V111/><F111/><W131/><G122/><T75/><D75/><U31/><E31/><V28/><F120/><W125/><G131/><T133/><D58/><U15/><E71/><V53/><F68/><W107/><G135/><N who="0" m="51723" /><D67/><U82/><E37/><V44/><F44/><W118/><G20/><N who="0" m="13583" /><D112/><U92/><E92/><V54/><F45/><W41/><G89/><T77/><D77/><U61/><E47/><V7/><REACH who="2" step="1"/><F23/><REACH who="2" ten="240,110,465,175" step="2"/><W105/><G115/><T46/><D34/><U22/><E13/><V121/><F121/><W113/><G12/><N who="0" m="5159" /><D46/><U109/><E109/><V42/><F42/><W48/><G114/><T6/><D6/><U93/><E93/><AGARI ba="0,1" hai="85,91,93,102,103" m="5159,13583,51723" machi="93" ten="30,2000,0" yaku="20,1,52,1" doraHai="80" who="0" fromWho="1" sc="240,30,110,-20,465,0,175,0" owari="270,7.0,90,-41.0,465,56.5,175,-22.5" /></mjloggm>