<mjloggm ver="2.3"><GO type="225" lobby="0"/><UN n0="%E9%B3%B3%E6%9D%B1%E3%81%AE%E3%81%86%E3%81%95%E3%81%8E%E3%81%95%E3%82%93" n1="%E3%81%A9%E3%82%8F%E3%82%93%E3%81%94" n2="%2D%E8%B1%8A%E5%8F%A3%E3%82%81%E3%81%90%E3%81%BF%2D" n3="%E3%81%BF%E3%81%BF%E3%81%9A" dan="17,16,16,17" rate="2294.13,2081.60,2100.79,2320.84" sx="M,M,F,M"/><TAIKYOKU oya="0"/><INIT seed="0,0,0,1,2,48" ten="250,250,250,250" oya="0" hai0="124,2,5,29,75,28,76,117,14,87,78,61,86" hai1="33,109,123,23,99,45,10,97,85,62,65,58,6" hai2="89,24,41,94,70,7,27,15,53,52,125,67,57" hai3="40,47,42,30,21,68,81,132,133,32,122,116,35"/><T22/><D117/><U128/><E109/><V60/><F41/><W3/><G116/><T120/><D120/><U34/><E128/><V92/><F92/><W91/><G68/><T74/><D2/><U72/><E72/><V69/><F69/><W1/><G21/><T20/><D14/><U0/><E123/><V80/><F80/><W63/><G63/><T17/><D61/><U56/><E34/><N who="3" m="12842" /><G30/><T26/><D17/><U102/><E33/><V77/><F77/><W71/><G71/><T25/><REACH who="0" step="1"/><D5/><REACH who="0" ten="240,250,250,250" step="2"/><U31/><E0/><V126/><F15/><W108/><G122/><T130/><D130/><U4/><E6/><V100/><F7/><W11/><G1/><T79/><D79/><U13/><E4/><V113/><F60/><W134/><G3/><T90/><D90/><U112/><E62/><N who="2" m="38351" /><F70/><W12/><G12/><T95/><D95/><U73/><E13/><V18/><F18/><W135/><G134/><T93/><D93/><U16/><E16/><V8/><F89/><W49/><G11/><T106/><D106/><U103/><E10/><V110/><F8/><W64/><G64/><T104/><D104/><U19/><E19/><V121/><F121/><W127/><G91/><T88/><D88/><U82/><E65/><V66/><F66/><W54/><G133/><T39/><D39/><U114/><E31/><V46/><F94/><W96/><G135/><T37/><D37/><U9/><E9/><V98/><F24/><W101/><G132/><T44/><D44/><U55/><E45/><V43/><F27/><W59/><G47/><T119/><D119/><RYUUKYOKU ba="0,1" sc="240,30,250,-10,250,-10,250,-10" hai0="20,22,25,26,28,29,74,75,76,78,86,87,124" /><INIT seed="0,1,1,0,1,2" ten="270,240,240,240" oya="0" hai0="37,67,41,101,14,85,110,5,125,29,103,26,38" hai1="42,25,107,104,53,34,118,73,17,129,113,1,48" hai2="0,77,78,55,12,4,19,40,134,121,57,31,86" hai3="131,72,46,74,20,43,94,11,61,135,60,106,99"/><T116/><D116/><U68/><E118/><V52/><F121/><W120/><G106/><T93/><D125/><U59/><E73/><V75/><F75/><W119/><G119/><T8/><D110/><U96/><E68/><V80/><F134/><W82/><G135/><T65/><D38/><U18/><E1/><V15/><F31/><W95/><G20/><N who="0" m="15559" /><D37/><U47/><E129/><V35/><F35/><W33/><G33/><T36/><D36/><U3/><E3/><V54/><F40/><W114/><G43/><T58/><D41/><U84/><E34/><V62/><F78/><W69/><G114/><T45/><D45/><U132/><E107/><V23/><F0/><W66/><G46/><T89/><D58/><U10/><E104/><V92/><F92/><W24/><G131/><T124/><D124/><U22/><E132/><V109/><F109/><W21/><G120/><T50/><D50/><N who="1" m="31159" /><E113/><V44/><F44/><W115/><G115/><T51/><D51/><U87/><E96/><V112/><F112/><W56/><G74/><T102/><AGARI ba="1,1" hai="5,8,14,65,67,85,89,93,101,102,103" m="15559" machi="102" ten="30,3000,0" yaku="8,1,52,1" doraHai="2" who="0" fromWho="0" sc="270,43,240,-11,240,-11,240,-11" /><INIT seed="0,2,0,4,2,36" ten="313,229,229,229" oya="0" hai0="53,41,74,52,39,82,90,60,35,16,118,84,33" hai1="119,125,10,47,126,49,51,123,55,54,59,1,83" hai2="24,79,102,15,25,104,98,103,134,22,28,2,80" hai3="96,44,12,40,92,101,94,30,65,86,109,111,48"/><T17/><D74/><U89/><E123/><V66/><F2/><W42/><G30/><T69/><D118/><U14/><E1/><V68/><F134/><W0/><G0/><T116/><D116/><U112/><E119/><V135/><F135/><W57/><G12/><T106/><D106/><U56/><E112/><V29/><F103/><W76/><G65/><T37/><D69/><U85/><REACH who="1" step="1"/><E47/><REACH who="1" ten="313,219,229,229" step="2"/><V127/><F127/><W117/><G117/><T105/><D35/><U122/><E122/><V45/><F45/><W88/><G57/><T95/><D33/><U132/><E132/><V61/><F15/><W23/><G23/><T11/><D11/><U31/><E31/><V130/><F130/><W114/><G114/><T78/><D37/><U129/><E129/><V97/><F97/><W21/><G21/><T133/><D39/><U121/><E121/><V50/><F28/><W128/><G128/><T19/><D133/><U72/><E72/><V81/><F25/><W91/><G111/><T27/><D27/><U13/><E13/><V58/><F68/><W5/><G109/><T113/><D113/><U100/><E100/><V43/><F102/><W3/><G101/><T20/><D20/><U34/><E34/><V77/><F29/><W67/><G3/><T124/><D124/><U70/><E70/><V108/><F108/><W62/><G96/><T120/><D120/><U7/><AGARI ba="2,1" hai="7,10,14,49,51,54,55,56,59,83,85,89,125,126" machi="7" ten="30,4000,0" yaku="1,1,0,1,9,1,53,0" doraHai="36" doraHaiUra="107" who="1" fromWho="1" sc="313,-22,219,56,229,-12,229,-12" /><INIT seed="1,0,0,3,1,76" ten="291,275,217,217" oya="1" hai0="112,117,22,101,13,80,74,6,119,110,107,34,8" hai1="31,130,89,27,40,68,2,64,48,133,131,82,66" hai2="28,56,41,121,123,86,84,1,111,0,29,92,124" hai3="100,36,70,23,132,15,11,118,108,32,120,57,60"/><U51/><E2/><V12/><F41/><W38/><G120/><T45/><D112/><U72/><E133/><V87/><F92/><W129/><G32/><T4/><D34/><U115/><E115/><V35/><F35/><W98/><G70/><T109/><D4/><U127/><E127/><V44/><F44/><W102/><G132/><T19/><D45/><N who="1" m="25639" /><E51/><V47/><F47/><W75/><G108/><N who="0" m="41579" /><D107/><U122/><E68/><V126/><F111/><W53/><G75/><T106/><D101/><U46/><E46/><V58/><F87/><W99/><G129/><N who="1" m="49162" /><E122/><V5/><F5/><W61/><G118/><T97/><D106/><U37/><E37/><V39/><REACH who="2" step="1"/><F12/><REACH who="2" ten="291,275,207,217" step="2"/><W113/><G113/><T88/><D6/><U59/><E72/><V96/><F96/><N who="3" m="36907" /><G38/><AGARI ba="0,1" hai="0,1,28,29,38,39,56,58,84,86,121,123,124,126" machi="38" ten="25,3200,0" yaku="1,1,22,2,53,0" doraHai="76" doraHaiUra="50" who="2" fromWho="3" sc="291,0,275,0,207,42,217,-32" /><INIT seed="2,0,0,2,3,87" ten="291,275,249,185" oya="2" hai0="22,85,67,39,36,24,27,110,117,12,15,98,94" hai1="97,131,45,55,6,21,132,122,9,49,104,71,111" hai2="17,75,88,114,106,19,0,135,25,116,38,96,35" hai3="47,40,78,129,101,37,73,80,4,2,70,109,124"/><V118/><F114/><W107/><G109/><T34/><D110/><U120/><E111/><V30/><F38/><W81/><G124/><T99/><D34/><U26/><E71/><V10/><F75/><W54/><G129/><T133/><D133/><U127/><E127/><V20/><F106/><W72/><G54/><T66/><D85/><U113/><E113/><V77/><F77/><W65/><G81/><T83/><D94/><U121/><E132/><V69/><F69/><W89/><G73/><T63/><D22/><U100/><E131/><V126/><F135/><W90/><G65/><T50/><D50/><U23/><REACH who="1" step="1"/><E26/><REACH who="1" ten="291,265,249,185" step="2"/><V130/><F126/><W125/><G70/><T32/><D24/><U91/><E91/><V61/><F130/><W46/><G125/><T60/><D27/><U64/><E64/><V58/><F118/><W93/><G46/><T79/><D117/><U108/><E108/><V5/><F116/><W3/><G107/><T8/><D67/><U7/><E7/><V119/><F119/><W56/><G56/><T14/><D66/><U86/><E86/><V103/><F88/><W28/><G28/><T33/><D99/><U31/><E31/><V128/><F128/><W112/><G112/><T82/><D98/><U62/><E62/><V95/><F35/><W29/><G29/><T57/><D32/><U68/><E68/><V74/><F74/><W53/><G4/><T48/><D33/><U43/><E43/><V41/><F41/><W123/><G53/><AGARI ba="0,1" hai="0,5,10,17,19,20,25,30,53,58,61,95,96,103" machi="53" ten="30,1500,0" yaku="7,1" doraHai="87" who="2" fromWho="3" sc="291,0,265,0,249,25,185,-15" /><INIT seed="2,1,0,3,2,106" ten="291,265,274,170" oya="2" hai0="1,73,134,44,18,130,42,50,34,132,47,56,10" hai1="68,35,29,20,75,78,26,11,71,117,84,72,55" hai2="110,124,127,80,114,53,51,62,43,133,97,79,135" hai3="118,92,15,93,37,131,121,103,17,123,115,89,64"/><V0/><F0/><W82/><G118/><T45/><D34/><U126/><E117/><V13/><F114/><W122/><G115/><T65/><D130/><U36/><E84/><V41/><F97/><W85/><G37/><T67/><D73/><U128/><E128/><V116/><F13/><W102/><G64/><N who="0" m="24651" /><D18/><U46/><E126/><N who="2" m="48171" /><F62/><W90/><G131/><T66/><D10/><U14/><E35/><V25/><F25/><W60/><G60/><N who="0" m="38151" /><D1/><U23/><E23/><V30/><F30/><W120/><N who="3" m="30720" /><DORA hai="8" /><W88/><G17/><T70/><D70/><U39/><E71/><V6/><F6/><W87/><G15/><T105/><D105/><U94/><E68/><V113/><F113/><W31/><G31/><T54/><D44/><U69/><E69/><V74/><F116/><W5/><G5/><T7/><D7/><U49/><E14/><V33/><F33/><W12/><G12/><T22/><D22/><U40/><E11/><V109/><F135/><W57/><G57/><T48/><AGARI ba="1,0" hai="42,45,47,48,50,54,132,134" m="38151,24651" machi="48" ten="30,2000,0" yaku="34,2" doraHai="106,8" who="0" fromWho="0" sc="291,23,265,-6,274,-11,170,-6" /><INIT seed="3,0,0,0,4,48" ten="314,259,263,164" oya="3" hai0="89,88,65,96,22,45,127,21,37,112,128,55,103" hai1="2,69,54,29,114,82,32,109,61,25,117,51,64" hai2="118,44,52,92,13,126,46,19,53,125,41,120,30" hai3="18,3,124,42,95,33,66,94,119,134,36,12,72"/><W115/><G115/><T102/><D112/><U1/><E114/><V10/><F118/><W71/><G119/><T108/><D65/><U39/><E117/><V11/><F120/><W101/><G3/><T81/><D108/><U16/><E109/><V113/><F113/><W83/><G33/><T31/><D128/><U34/><E34/><V77/><F77/><W28/><G28/><T68/><D68/><U84/><E39/><V80/><F80/><W4/><G4/><T122/><D122/><U107/><E107/><V121/><F121/><W60/><G124/><N who="2" m="47721" /><F30/><W87/><G72/><T50/><D37/><U56/><REACH who="1" step="1"/><E16/><REACH who="1" ten="314,249,263,164" step="2"/><N who="2" m="8247" /><F92/><W130/><G130/><T17/><D127/><U6/><E6/><V90/><F90/><AGARI ba="0,1" hai="1,2,25,29,32,51,54,56,61,64,69,82,84,90" machi="90" ten="30,7700,0" yaku="1,1,7,1,52,1,53,1" doraHai="48" doraHaiUra="27" who="1" fromWho="2" sc="314,0,249,87,263,-77,164,0" owari="314,11.4,336,43.6,186,-21.4,164,-33.6" /></mjloggm>