<mjloggm ver="2.3"><GO type="225" lobby="0"/><UN n0="%E3%81%AF%E3%82%88%E3%81%8A%E3%81%98%E3%81%95%E3%82%93" n1="%E6%A1%9C%E8%8A%B1%E9%96%83%E3%80%85" n2="%E5%8D%A0%E3%81%84%E5%B8%AB%E8%A3%8F%E3%81%AA%E3%81%84%E3%81%97" n3="%74%2E%6F%2E%6F%2E%73" dan="17,16,17,18" rate="2156.13,2171.75,2228.89,2157.73" sx="M,M,M,M"/><TAIKYOKU oya="0"/><INIT seed="0,0,0,4,2,76" ten="250,250,250,250" oya="0" hai0="129,10,87,11,45,28,0,38,23,5,94,43,60" hai1="88,56,44,107,47,131,37,66,36,14,69,84,24" hai2="30,105,89,32,41,42,21,109,79,117,95,83,16" hai3="40,86,111,115,54,9,6,81,15,17,4,1,74"/><T35/><D129/><U73/><E73/><V134/><F109/><W67/><G115/><T53/><D35/><U91/><E131/><V118/><F105/><W55/><G111/><T90/><D10/><U7/><E69/><V99/><F134/><W71/><G74/><T101/><D101/><U68/><E68/><V121/><F121/><W46/><G67/><T112/><D112/><U48/><E107/><V29/><F32/><W110/><G71/><T22/><REACH who="0" step="1"/><D28/><REACH who="0" ten="240,250,250,250" step="2"/><U102/><E102/><V50/><F29/><W58/><G110/><T61/><D61/><U51/><E7/><V77/><F30/><W70/><G4/><T123/><D123/><U8/><E8/><V120/><F120/><W52/><G6/><T93/><D93/><U119/><E119/><V116/><F50/><W63/><G1/><T132/><D132/><U18/><E51/><V20/><F20/><W108/><G108/><T128/><D128/><U78/><E48/><V33/><F33/><W34/><G34/><T80/><D80/><U126/><E37/><V13/><REACH who="2" step="1"/><F77/><REACH who="2" ten="240,250,240,250" step="2"/><W127/><G9/><T65/><D65/><U133/><E78/><V96/><F96/><W31/><G31/><T59/><AGARI ba="0,2" hai="0,5,11,22,23,38,43,45,53,59,60,87,90,94" machi="59" ten="30,3000,0" yaku="1,1,0,1,53,0" doraHai="76" doraHaiUra="27" who="0" fromWho="0" sc="240,50,250,-10,240,-10,250,-10" /><INIT seed="0,1,0,1,1,123" ten="290,240,230,240" oya="0" hai0="65,18,5,63,29,12,77,13,114,133,105,70,19" hai1="61,22,67,52,85,104,90,132,113,28,120,127,36" hai2="98,117,64,46,35,122,25,108,33,119,118,59,66" hai3="102,31,94,48,62,41,107,24,20,134,43,126,55"/><T49/><D114/><U92/><E120/><V99/><F122/><W8/><G126/><T71/><D133/><U79/><E127/><V2/><F2/><W3/><G107/><T57/><D105/><U75/><E132/><V86/><F46/><W51/><G134/><T40/><D29/><U100/><E36/><V130/><F130/><W91/><G102/><T96/><D96/><N who="2" m="36906" /><F108/><W11/><G62/><T124/><D124/><U10/><E113/><V97/><N who="2" m="36914" /><V16/><DORA hai="4" /><F86/><N who="3" m="52599" /><G3/><T14/><D77/><U6/><E100/><V72/><F72/><W82/><G82/><T7/><D70/><U56/><E79/><V0/><F0/><W95/><G95/><T69/><D69/><U74/><E104/><V89/><F89/><W21/><G21/><T23/><D71/><U34/><E34/><N who="2" m="12811" /><F59/><N who="3" m="33255" /><G51/><T50/><D50/><U47/><E47/><V44/><F44/><W135/><G135/><T1/><D1/><U58/><E22/><AGARI ba="1,0" hai="16,22,25,64,66,117,118,119" m="12811,36914" machi="22" ten="50,3200,0" yaku="12,1,54,1" doraHai="123,4" who="2" fromWho="1" sc="290,0,240,-35,230,35,240,0" /><INIT seed="1,0,0,4,5,127" ten="290,205,265,240" oya="1" hai0="80,65,7,50,26,132,66,43,74,38,11,117,124" hai1="60,49,77,42,19,48,23,113,112,107,0,67,54" hai2="21,114,97,44,12,4,129,110,70,47,73,57,131" hai3="37,15,20,79,125,39,22,109,106,103,119,134,69"/><U41/><E0/><V78/><F70/><W16/><G69/><T13/><D117/><U71/><E107/><V89/><F110/><W128/><G109/><T1/><D124/><U108/><E77/><V3/><F3/><W99/><G125/><T6/><D132/><U52/><E108/><V92/><F114/><N who="1" m="44137" /><E19/><N who="2" m="10471" /><F4/><W40/><G134/><T123/><D123/><U82/><E82/><V24/><F24/><W83/><G119/><T18/><D26/><U45/><E23/><V102/><F102/><W8/><G40/><T75/><D7/><U126/><E126/><V30/><F30/><W28/><G37/><T96/><D96/><U68/><E68/><V91/><F91/><W61/><G61/><T84/><D38/><U115/><N who="1" m="44145" /><U93/><DORA hai="34" /><E93/><V2/><F2/><W17/><G39/><T130/><D75/><U56/><AGARI ba="0,0" hai="41,42,45,48,49,52,54,56,60,67,71" m="44145" machi="56" ten="40,7800,0" yaku="34,2,54,1" doraHai="127,34" who="1" fromWho="1" sc="290,-26,205,78,265,-26,240,-26" /><INIT seed="1,1,0,1,3,123" ten="264,283,239,214" oya="1" hai0="84,67,41,65,125,38,104,49,33,12,103,53,107" hai1="25,116,119,13,50,86,82,135,4,30,91,10,117" hai2="66,80,120,5,96,47,24,56,34,45,55,109,118" hai3="85,133,78,71,32,112,132,63,88,54,79,89,29"/><U111/><E135/><N who="3" m="51786" /><G112/><T35/><D125/><U59/><E59/><V52/><F118/><W31/><G89/><T23/><D41/><U18/><E50/><V36/><F120/><W129/><G129/><T8/><D38/><U122/><E122/><V101/><F36/><W16/><G16/><T3/><D3/><U97/><E97/><V134/><F134/><W42/><G42/><T72/><D72/><U7/><REACH who="1" step="1"/><E111/><REACH who="1" ten="264,273,239,214" step="2"/><V126/><F109/><W93/><G71/><T39/><D49/><U110/><E110/><V61/><F126/><W81/><G32/><AGARI ba="1,1" hai="4,7,10,13,18,25,30,32,82,86,91,116,117,119" machi="32" ten="40,2000,0" yaku="1,1,53,0" doraHai="123" doraHaiUra="108" who="1" fromWho="3" sc="264,0,273,33,239,0,214,-23" /><INIT seed="1,2,0,2,2,39" ten="264,306,239,191" oya="1" hai0="127,6,97,35,26,42,54,70,46,36,68,1,79" hai1="32,63,69,133,105,91,23,112,57,83,95,27,131" hai2="78,14,124,122,102,114,15,125,22,117,88,101,93" hai3="82,80,11,18,118,109,45,58,64,107,16,13,116"/><U24/><E112/><V55/><F117/><N who="3" m="45163" /><G107/><T73/><D127/><N who="2" m="48714" /><F122/><W3/><G3/><T12/><D12/><N who="2" m="4650" /><F114/><W72/><G109/><T7/><D54/><U84/><E105/><V51/><F22/><W110/><G110/><T121/><D97/><U134/><E69/><V85/><F78/><N who="3" m="44103" /><G82/><N who="0" m="45423" /><D6/><U115/><E131/><V90/><F90/><W5/><G45/><AGARI ba="2,0" hai="45,51,55,85,88,93,101,102" m="4650,48714" machi="45" ten="30,2000,0" yaku="18,1,54,1" doraHai="39" who="2" fromWho="3" sc="264,0,306,0,239,26,191,-26" /><INIT seed="2,0,0,0,4,94" ten="264,306,265,165" oya="2" hai0="72,91,129,22,3,81,121,52,89,117,4,57,125" hai1="39,45,13,120,84,49,27,132,78,97,44,134,11" hai2="111,30,96,2,93,50,1,31,54,53,19,107,14" hai3="65,21,29,123,48,131,55,114,63,122,17,69,116"/><V92/><F107/><W26/><G116/><T28/><D121/><U56/><E120/><V36/><F36/><W86/><G131/><T108/><D129/><U87/><E39/><V128/><F128/><W58/><G114/><T80/><D117/><U119/><E119/><V71/><F71/><W113/><G113/><T64/><D108/><U109/><E109/><V20/><F111/><W105/><G105/><T133/><D125/><U118/><E118/><V77/><F77/><W83/><REACH who="3" step="1"/><G29/><REACH who="3" ten="264,306,265,155" step="2"/><T126/><D28/><U35/><E134/><V60/><F30/><W0/><G0/><T101/><D3/><U95/><E132/><V51/><F1/><W112/><G112/><T75/><D133/><U70/><E35/><V16/><F2/><W25/><G25/><T10/><D126/><U40/><E27/><V124/><F31/><W46/><G46/><T9/><D75/><U18/><E45/><V100/><F124/><W99/><G99/><T32/><D72/><U73/><E73/><V15/><F96/><W127/><G127/><T8/><D32/><U41/><E44/><V59/><F14/><W102/><G102/><T98/><D101/><U62/><E97/><V90/><F100/><W66/><G66/><T43/><D64/><U104/><E104/><V82/><F15/><W76/><AGARI ba="0,1" hai="17,21,26,48,55,58,63,65,69,76,83,86,122,123" machi="76" ten="20,2700,0" yaku="1,1,0,1,7,1,53,0" doraHai="94" doraHaiUra="103" who="3" fromWho="3" sc="264,-7,306,-7,265,-13,155,37" /><INIT seed="3,0,0,4,0,57" ten="257,299,252,192" oya="3" hai0="88,72,53,42,112,5,56,108,70,127,6,45,54" hai1="32,59,102,69,85,60,44,9,58,29,8,84,81" hai2="134,13,15,38,26,103,31,119,131,62,36,22,78" hai3="37,77,39,83,126,1,109,99,40,50,116,87,104"/><W107/><G116/><T25/><D70/><U48/><E69/><V74/><F119/><W23/><G126/><T68/><D68/><U24/><E102/><V124/><F124/><W71/><G71/><T105/><D72/><U120/><E59/><V95/><F131/><W113/><G113/><T28/><D105/><U19/><E120/><V3/><F3/><W66/><G1/><T17/><D108/><U130/><E19/><V90/><F134/><W20/><G66/><T65/><D112/><U51/><E51/><V128/><F128/><W106/><G99/><T52/><D17/><U67/><E85/><V4/><F103/><W76/><G109/><T64/><D127/><U133/><E133/><V46/><F78/><W41/><G50/><N who="0" m="26935" /><D65/><U129/><E129/><V135/><F74/><W97/><G97/><T82/><D25/><U43/><E130/><V89/><F38/><W49/><G49/><T35/><D28/><U21/><E32/><V91/><F135/><W47/><REACH who="3" step="1"/><G76/><AGARI ba="0,0" hai="8,9,21,24,29,43,44,48,58,60,67,76,81,84" machi="76" ten="30,3900,0" yaku="7,1,8,1,52,1" doraHai="57" who="1" fromWho="3" sc="257,0,299,39,252,0,192,-39" owari="257,5.7,338,43.8,252,-14.8,153,-34.7" /></mjloggm>