<mjloggm ver="2.3"><GO type="225" lobby="0"/><UN n0="%E3%81%BF%E3%81%BF%E3%81%9A" n1="%E3%81%B5%E3%81%98%E3%81%8B%E3%81%A4" n2="%E3%81%BE%E3%81%A8%E3%81%9F" n3="%77%72%77%72%77%72%77%72" dan="16,16,16,17" rate="2150.53,2211.51,2099.72,2247.92" sx="M,M,M,M"/><TAIKYOKU oya="0"/><INIT seed="0,0,0,0,0,106" ten="250,250,250,250" oya="0" hai0="24,32,2,125,103,110,94,70,33,38,20,126,21" hai1="89,26,67,13,92,88,62,5,3,114,65,64,79" hai2="63,46,51,58,4,52,82,6,44,37,7,132,100" hai3="133,86,131,71,75,101,29,11,117,93,98,57,76"/><T35/><D38/><U73/><E114/><V56/><F132/><W128/><G71/><T113/><D70/><U112/><E112/><V16/><F100/><W99/><G29/><T91/><D113/><U85/><E3/><V31/><F31/><W83/><G117/><T96/><D2/><U36/><E36/><V48/><F37/><W129/><G133/><T134/><D134/><U87/><E26/><V39/><F39/><W123/><G11/><T19/><D110/><U108/><E108/><V127/><F127/><N who="0" m="48650" /><D21/><U135/><E135/><V97/><F97/><N who="3" m="59567" /><G57/><T121/><D121/><U74/><E79/><V10/><F82/><N who="3" m="45343" /><G123/><T41/><D41/><U72/><E13/><N who="2" m="7223" /><F63/><W69/><G69/><T14/><D103/><U115/><E115/><V107/><F107/><W90/><AGARI ba="0,0" hai="83,86,90,98,99,128,129,131" m="45343,59567" machi="90" ten="30,7900,0" yaku="19,1,34,2,52,1" doraHai="106" who="3" fromWho="3" sc="250,-39,250,-20,250,-20,250,79" /><INIT seed="1,0,0,0,3,29" ten="211,230,230,329" oya="1" hai0="135,10,77,59,118,36,38,63,46,68,15,58,17" hai1="96,24,54,52,93,7,105,127,87,53,66,70,125" hai2="5,48,115,128,104,4,18,82,80,55,9,117,94" hai3="30,76,129,20,21,44,122,0,107,119,51,132,14"/><U45/><E105/><V95/><F104/><W28/><G107/><T130/><D118/><U78/><E7/><V131/><F18/><W75/><G0/><T111/><D111/><U126/><E24/><V134/><F134/><W47/><G122/><T101/><D135/><U56/><E78/><V81/><F117/><W34/><G34/><T1/><D101/><U19/><E87/><V109/><F109/><W108/><G108/><T123/><D123/><U113/><E19/><V116/><F116/><W74/><G119/><T102/><D102/><U37/><E113/><V3/><F4/><W11/><G129/><N who="2" m="49737" /><F115/><W110/><G110/><T31/><D130/><U26/><E26/><V13/><F13/><W40/><G75/><T27/><D1/><U72/><E72/><V62/><F62/><W79/><G74/><T50/><D77/><N who="3" m="29769" /><G44/><AGARI ba="0,0" hai="3,5,9,44,48,55,80,81,82,94,95" m="49737" machi="44" ten="30,1000,0" yaku="19,1" doraHai="29" who="2" fromWho="3" sc="211,0,230,0,230,10,329,-10" /><INIT seed="2,0,0,4,1,121" ten="211,230,240,319" oya="2" hai0="66,44,55,59,58,126,84,74,108,24,65,37,41" hai1="76,43,32,95,12,103,135,50,79,124,5,102,25" hai2="125,46,10,112,62,116,16,130,120,133,72,70,132" hai3="80,48,61,2,85,90,57,64,29,101,110,128,104"/><V13/><F120/><W122/><G122/><T3/><D74/><U35/><E124/><V7/><F125/><W119/><G119/><T114/><D126/><U109/><E135/><N who="2" m="51787" /><F116/><W26/><G2/><T18/><D3/><U134/><E134/><V45/><F72/><W54/><G110/><T97/><D114/><U51/><E5/><V33/><F33/><W6/><G6/><T96/><D108/><U39/><E12/><N who="2" m="5215" /><F112/><W73/><G128/><T99/><D84/><U81/><E109/><V63/><F130/><W98/><G73/><T131/><D131/><U17/><E35/><V105/><F105/><W71/><G26/><T15/><D24/><U38/><E32/><V82/><F82/><W68/><REACH who="3" step="1"/><G29/><REACH who="3" ten="211,230,240,309" step="2"/><T8/><REACH who="0" step="1"/><D59/><AGARI ba="0,1" hai="48,54,57,59,61,64,68,71,80,85,90,98,101,104" machi="59" ten="30,3900,0" yaku="1,1,2,1,7,1,53,0" doraHai="121" doraHaiUra="107" who="3" fromWho="0" sc="211,-39,230,0,240,0,309,49" /><INIT seed="3,0,0,0,1,92" ten="172,230,240,358" oya="3" hai0="121,32,123,4,82,7,22,69,84,70,27,20,106" hai1="8,89,81,126,21,125,132,86,39,95,135,31,80" hai2="90,25,56,72,66,100,28,105,120,74,54,17,130" hai3="44,53,15,9,115,1,98,93,102,101,129,40,45"/><W41/><G1/><T36/><D36/><U63/><E39/><V122/><F90/><W77/><G77/><T131/><D106/><U48/><E8/><V18/><F66/><W14/><G53/><T97/><D32/><U2/><E2/><V117/><F100/><W134/><G129/><T124/><D131/><U52/><E63/><V64/><F64/><W127/><G134/><N who="1" m="51242" /><E21/><V113/><F105/><W23/><G127/><N who="1" m="48650" /><E31/><V96/><F130/><W55/><G23/><T61/><D124/><U107/><E107/><V24/><F28/><W62/><G62/><T119/><D61/><U42/><E42/><V51/><F25/><W26/><G26/><T11/><D27/><U58/><AGARI ba="0,0" hai="48,52,58,80,81,86,89,95" m="48650,51242" machi="58" ten="30,4000,0" yaku="20,1,18,1,54,1" doraHai="92" who="1" fromWho="1" sc="172,-10,230,40,240,-10,358,-20" owari="162,-33.8,270,7.0,230,-17.0,338,43.8" /></mjloggm>