<mjloggm ver="2.3"><GO type="225" lobby="0"/><UN n0="%E5%A4%9C%E3%81%AE%E3%82%AC%E3%82%B9%E3%83%91%E3%83%BC%E3%83%AB" n1="%70%6E%64%73%6E%67" n2="%E4%BF%BA%E3%81%A8%E5%A6%96%E5%A4%A2" n3="%E3%81%B2%E3%81%AA%E3%81%AE%E3%82%8A%E3%81%8F" dan="17,16,17,17" rate="2166.96,2117.51,2170.62,2164.69" sx="M,M,F,M"/><TAIKYOKU oya="0"/><INIT seed="0,0,0,0,4,93" ten="250,250,250,250" oya="0" hai0="17,10,94,72,124,77,105,113,12,116,2,119,127" hai1="123,131,115,134,57,39,55,87,69,51,76,61,112" hai2="34,130,63,103,46,121,99,120,102,11,27,43,40" hai3="74,79,56,49,106,8,118,62,50,6,41,31,13"/><T16/><D113/><N who="1" m="43595" /><E76/><V81/><F130/><W91/><G118/><T4/><D105/><U66/><E87/><V73/><F11/><W84/><G106/><T67/><D67/><U59/><E123/><V24/><F63/><W28/><G79/><T122/><D122/><U132/><E131/><V18/><F18/><W85/><G85/><T7/><D77/><U5/><E5/><V9/><F9/><W95/><G74/><T90/><D72/><U92/><E92/><V100/><F73/><W37/><G37/><T108/><D108/><U64/><E39/><V47/><F100/><W35/><G35/><T71/><D71/><U86/><E86/><V128/><F34/><W78/><G78/><T97/><D4/><U89/><E89/><V36/><F36/><W14/><G14/><T54/><D54/><N who="1" m="31967" /><E66/><V125/><F128/><W30/><REACH who="3" step="1"/><G41/><REACH who="3" ten="250,250,250,240" step="2"/><T21/><REACH who="0" step="1"/><D17/><REACH who="0" ten="240,250,250,240" step="2"/><U110/><E110/><V129/><F129/><W82/><G82/><T52/><D52/><AGARI ba="0,2" hai="6,8,13,28,30,31,49,50,52,56,62,84,91,95" machi="52" ten="40,8000,1" yaku="1,1,8,1,54,1,53,1" doraHai="93" doraHaiUra="0" who="3" fromWho="0" sc="240,-80,250,0,250,0,240,100" /><INIT seed="1,0,0,3,5,85" ten="160,250,250,340" oya="1" hai0="55,95,112,82,97,134,68,39,15,58,129,50,90" hai1="106,84,72,14,102,121,38,1,4,2,16,120,44" hai2="31,43,130,74,27,79,49,114,117,86,135,89,92" hai3="104,118,29,65,75,125,60,28,45,6,46,56,62"/><U111/><E72/><V115/><F117/><W131/><G75/><T76/><D112/><N who="2" m="43050" /><F135/><W67/><G104/><T83/><D134/><U113/><E113/><V47/><F130/><W132/><G132/><T9/><D129/><U126/><E126/><V52/><F74/><W63/><G131/><T26/><D68/><U123/><E4/><V122/><F79/><W11/><G118/><T42/><D76/><U35/><E35/><N who="2" m="20991" /><F122/><W108/><G108/><T73/><D73/><U22/><E111/><V124/><F124/><W30/><G125/><T0/><D0/><U18/><E18/><V57/><F57/><N who="3" m="37007" /><G63/><T91/><D26/><U80/><E102/><V109/><F109/><W12/><AGARI ba="0,0" hai="6,11,12,28,29,30,45,46,56,62,67" m="37007" machi="12" ten="30,1100,0" yaku="8,1" doraHai="85" who="3" fromWho="3" sc="160,-3,250,-5,250,-3,340,11" /><INIT seed="2,0,0,5,0,56" ten="157,245,247,351" oya="2" hai0="113,106,11,9,102,63,105,99,85,86,5,75,35" hai1="109,13,38,78,76,98,8,94,40,95,80,3,131" hai2="48,24,19,74,112,123,88,10,37,22,6,45,83" hai3="71,120,16,87,114,23,96,1,101,73,2,125,14"/><V57/><F112/><W21/><G73/><T66/><D113/><U119/><E119/><V130/><F123/><W82/><G120/><T43/><D75/><U15/><E3/><V129/><F37/><W134/><G114/><T32/><D106/><U89/><E109/><V100/><F100/><W92/><G71/><T67/><D67/><U55/><E131/><V124/><F57/><W42/><G134/><T81/><D43/><U31/><E31/><V93/><F124/><W103/><G103/><T28/><D86/><U111/><E111/><V49/><F83/><W90/><G125/><T44/><D44/><U60/><E40/><V34/><F34/><W62/><G42/><T97/><D97/><U41/><E41/><V39/><F39/><W79/><G62/><T133/><D133/><U30/><E30/><V47/><F47/><W104/><G23/><T72/><D72/><U107/><E107/><V7/><F7/><W26/><G26/><T132/><D132/><U118/><E118/><V110/><F74/><W36/><G36/><T65/><D65/><U58/><E38/><V18/><F18/><W108/><G108/><T116/><D116/><U91/><E80/><V29/><F19/><W84/><AGARI ba="0,0" hai="1,2,14,16,21,79,82,84,87,90,92,96,101,104" machi="84" ten="20,2700,0" yaku="0,1,7,1,54,1" doraHai="56" who="3" fromWho="3" sc="157,-7,245,-7,247,-13,351,27" /><INIT seed="3,0,0,1,3,7" ten="150,238,234,378" oya="3" hai0="65,67,45,30,18,43,120,39,68,49,53,40,44" hai1="114,112,122,50,54,27,11,81,47,24,15,12,75" hai2="26,20,34,57,72,117,9,110,36,100,87,109,14" hai3="82,3,48,96,2,135,31,77,88,35,107,119,86"/><W69/><G69/><T19/><D30/><U128/><E122/><V76/><F117/><W58/><G35/><T70/><D19/><U63/><E128/><V46/><F34/><W28/><G3/><T83/><D83/><U8/><E75/><V23/><F72/><W42/><G58/><N who="0" m="33071" /><D18/><N who="1" m="8455" /><E112/><V116/><F57/><W0/><G48/><N who="0" m="26631" /><D120/><U38/><E38/><V85/><F116/><W101/><G77/><T111/><D111/><N who="2" m="42506" /><F100/><W127/><G31/><T71/><AGARI ba="0,0" hai="39,43,45,65,67,68,70,71" m="26631,33071" machi="71" ten="30,8000,1" yaku="35,5" doraHai="7" who="0" fromWho="0" sc="150,80,238,-20,234,-20,378,-40" owari="230,3.0,218,-18.2,214,-28.6,338,43.8" /></mjloggm>