<mjloggm ver="2.3"><GO type="225" lobby="0"/><UN n0="%E7%B5%82%E6%9C%AB%E3%81%AE%E6%95%91%E3%81%84" n1="%E6%9D%B1%E9%A2%A8%E3%81%AE%E3%81%8D%E3%82%83%E3%81%B7%E3%81%95%E3%82%93" n2="%E3%83%97%E3%83%AC%E3%83%B4%E3%82%A1%E3%83%86%E3%82%A3" n3="%E3%81%BF%E3%81%BF%E3%81%9A" dan="16,16,16,16" rate="2091.92,2172.52,2081.22,2143.60" sx="F,M,F,M"/><TAIKYOKU oya="0"/><INIT seed="0,0,0,5,5,95" ten="250,250,250,250" oya="0" hai0="101,63,4,42,122,26,96,88,135,5,117,3,49" hai1="61,84,51,25,2,36,16,6,12,13,124,57,27" hai2="23,126,119,38,108,1,39,103,73,120,18,123,15" hai3="7,22,127,80,121,111,56,37,94,74,114,100,58"/><T55/><D117/><U70/><E36/><V102/><F119/><W97/><G114/><T91/><D122/><U76/><E70/><V40/><F73/><W105/><G37/><T87/><D135/><U133/><E2/><V24/><F1/><W54/><G121/><T112/><D112/><U53/><E124/><V64/><F108/><W30/><G111/><T17/><D42/><U118/><E133/><V71/><F126/><W134/><G127/><T31/><D63/><U89/><E76/><V28/><F120/><W90/><G134/><T72/><D17/><U46/><E6/><V21/><F123/><W32/><G7/><T107/><D72/><U98/><E12/><V47/><F39/><W110/><G110/><T11/><D4/><U62/><E62/><V14/><F71/><W35/><G22/><T9/><D9/><U66/><E118/><V82/><F64/><W129/><G129/><T43/><D43/><U52/><E66/><V93/><F82/><W115/><G115/><T85/><D85/><U0/><E0/><V8/><F93/><W130/><G130/><T132/><D87/><U86/><E86/><V10/><F23/><W68/><G68/><T79/><D79/><U109/><E109/><V125/><F125/><W33/><G30/><T106/><D106/><U44/><E44/><V131/><F131/><W78/><REACH who="3" step="1"/><G54/><REACH who="3" ten="250,250,250,240" step="2"/><T29/><D132/><U59/><E53/><V128/><F128/><W81/><G81/><T50/><D31/><U75/><E52/><V83/><F83/><W113/><G113/><T65/><D65/><U34/><E34/><RYUUKYOKU ba="0,1" sc="250,-15,250,-15,250,15,240,15" hai2="8,10,14,15,18,21,24,28,38,40,47,102,103" hai3="32,33,35,56,58,74,78,80,90,94,97,100,105" /><INIT seed="1,1,1,0,3,113" ten="235,235,265,255" oya="1" hai0="80,83,59,21,65,87,90,4,57,10,76,28,74" hai1="22,0,8,121,32,39,50,101,85,114,125,60,27" hai2="118,67,63,9,124,35,102,58,30,123,112,93,1" hai3="115,94,82,126,128,109,41,105,51,16,12,81,49"/><U120/><E39/><V11/><F112/><W75/><G105/><T42/><D65/><U72/><E72/><V43/><F123/><W79/><G115/><T18/><D28/><U127/><E114/><V108/><F108/><W19/><G109/><T6/><D42/><U70/><E101/><V88/><F124/><N who="1" m="47689" /><E85/><V100/><F43/><W40/><G126/><T44/><D44/><U33/><E50/><N who="3" m="18954" /><G75/><T73/><D73/><U15/><E60/><V23/><F35/><N who="1" m="13385" /><E0/><V24/><F118/><W14/><G128/><T110/><D110/><U55/><E55/><V47/><F47/><W31/><G31/><T96/><D96/><U53/><E53/><V129/><F1/><W46/><G94/><T77/><D77/><U104/><E70/><V131/><F129/><W48/><G79/><T92/><D92/><U132/><E132/><V54/><F131/><W7/><G7/><T56/><REACH who="0" step="1"/><D10/><REACH who="0" ten="225,235,265,255" step="2"/><N who="2" m="3594" /><F67/><W122/><G41/><T117/><D117/><U107/><E107/><V3/><F3/><W103/><G122/><T89/><D89/><U71/><E104/><V66/><F66/><W99/><G99/><AGARI ba="1,2" hai="23,24,30,54,58,63,88,93,99,100,102" m="3594" machi="99" ten="30,2000,0" yaku="8,1,54,1" doraHai="113" who="2" fromWho="3" sc="225,0,235,0,265,43,255,-23" /><INIT seed="2,0,0,2,4,70" ten="225,235,308,232" oya="2" hai0="114,109,106,55,40,134,133,24,15,130,33,123,4" hai1="35,31,0,88,126,20,104,113,49,71,102,14,60" hai2="28,19,116,99,98,5,18,93,47,41,29,59,52" hai3="6,97,118,79,135,17,38,34,90,51,2,86,105"/><V62/><F116/><W69/><G118/><T112/><D106/><U80/><E126/><V81/><F5/><W57/><G69/><T110/><D55/><U68/><E113/><N who="0" m="43625" /><D40/><U27/><E0/><V56/><F81/><W50/><G34/><T92/><D92/><U117/><E117/><V107/><F107/><W36/><G79/><T100/><D100/><U45/><E60/><V101/><F98/><W16/><G2/><T78/><D78/><U77/><E102/><V87/><F87/><W12/><G6/><T64/><D64/><U63/><E63/><V122/><F59/><W46/><G135/><N who="0" m="51723" /><D123/><U129/><E104/><V32/><F122/><W43/><G97/><T131/><D15/><U53/><E129/><N who="0" m="49161" /><D4/><U9/><E77/><V25/><REACH who="2" step="1"/><F28/><AGARI ba="0,0" hai="24,28,33,109,110" m="49161,51723,43625" machi="28" ten="40,8000,1" yaku="20,1,19,1,23,1,34,2" doraHai="70" who="0" fromWho="2" sc="225,80,235,0,308,-80,232,0" /><INIT seed="3,0,0,4,1,39" ten="305,235,228,232" oya="3" hai0="26,45,43,34,22,134,52,10,102,48,119,133,57" hai1="0,12,121,99,132,110,47,49,35,74,84,86,92" hai2="88,55,118,89,125,82,44,114,108,7,77,116,64" hai3="36,67,81,50,11,101,130,129,135,80,18,53,28"/><W17/><G36/><T79/><D119/><U59/><E74/><V87/><F114/><W71/><G28/><T91/><D34/><U66/><E0/><V76/><F108/><W93/><G135/><N who="0" m="51723" /><D102/><U15/><E35/><V46/><F125/><W9/><G67/><T60/><D79/><N who="2" m="30282" /><F116/><W4/><G71/><T38/><D10/><N who="3" m="3593" /><G4/><T33/><D91/><N who="2" m="34890" /><F118/><W40/><G40/><T113/><D33/><U104/><E104/><V42/><F64/><W30/><G30/><N who="0" m="17751" /><D113/><U63/><E132/><V31/><F31/><W70/><G70/><T73/><D73/><U72/><E72/><V124/><F124/><W94/><G130/><T107/><D107/><U65/><E65/><V68/><F68/><W126/><G129/><T37/><AGARI ba="0,0" hai="37,38,43,45,48,52,57,60" m="17751,51723" machi="37" ten="30,4000,0" yaku="20,1,52,1,54,1" doraHai="39" who="0" fromWho="0" sc="305,40,235,-10,228,-10,232,-20" owari="345,44.5,225,2.5,218,-18.2,212,-28.8" /></mjloggm>