<mjloggm ver="2.3"><GO type="225" lobby="0"/><UN n0="%E6%98%93%E5%88%A9%E8%96%A9%E4%BC%AF" n1="%4D%6F%6E%61%6E%61" n2="%6D%75%75%73%61%6E%6D%75" n3="%72%69%6F%75%63%68%61%6E" dan="16,16,16,16" rate="2026.95,2117.28,2128.28,2166.04" sx="F,F,F,M"/><TAIKYOKU oya="0"/><INIT seed="0,0,0,0,0,9" ten="250,250,250,250" oya="0" hai0="126,51,6,89,133,97,125,55,33,58,60,109,118" hai1="31,72,21,36,88,38,105,56,0,75,100,7,26" hai2="43,132,95,42,5,111,23,52,131,108,14,124,11" hai3="82,48,41,129,45,13,81,17,67,135,34,91,22"/><T128/><D33/><U8/><E56/><V32/><F32/><W80/><G129/><T53/><D6/><U84/><E100/><V20/><F131/><W3/><G135/><T79/><D128/><U122/><E105/><V30/><F132/><W37/><G3/><T76/><D133/><U123/><E38/><V74/><F124/><N who="0" m="47722" /><D118/><U35/><E36/><V1/><F74/><W102/><G34/><T77/><D109/><N who="2" m="42058" /><F95/><W106/><G67/><N who="0" m="39319" /><D51/><U4/><E4/><V94/><F94/><AGARI ba="0,0" hai="53,55,76,77,79,89,94,97" m="39319,47722" machi="94" ten="30,1500,0" yaku="18,1" doraHai="9" who="0" fromWho="2" sc="250,15,250,0,250,-15,250,0" /><INIT seed="0,1,0,4,2,116" ten="265,250,235,250" oya="0" hai0="34,58,121,43,70,63,16,78,101,44,113,10,24" hai1="23,66,88,93,12,21,59,103,110,126,100,91,54" hai2="37,41,73,71,117,69,114,9,32,39,30,79,94" hai3="14,2,131,98,51,26,119,106,1,15,36,105,33"/><T123/><D113/><U134/><E110/><V125/><F114/><W80/><G119/><T76/><D70/><U22/><E126/><V4/><F117/><W67/><G36/><T74/><D101/><U18/><E134/><V3/><F94/><W57/><G131/><T55/><D34/><U8/><E66/><V56/><F56/><W83/><G33/><T35/><D35/><U47/><E47/><N who="2" m="23983" /><F39/><W38/><G38/><T128/><D128/><U118/><E118/><V112/><F112/><W53/><G26/><T109/><D109/><U31/><E31/><V45/><F45/><W82/><G67/><T50/><D10/><U104/><E104/><V60/><F60/><W89/><G106/><T68/><D68/><U72/><E72/><V85/><F85/><W52/><G53/><T6/><D6/><U92/><E92/><V122/><F125/><W40/><G40/><T42/><D42/><U127/><E91/><V19/><F19/><W49/><G51/><T96/><D96/><U111/><E111/><V95/><F95/><W5/><G89/><T115/><D115/><U75/><E75/><V65/><F65/><W61/><G49/><T25/><D25/><U62/><REACH who="1" step="1"/><E127/><REACH who="1" ten="265,240,235,250" step="2"/><V0/><F0/><W20/><G1/><T102/><D102/><U99/><AGARI ba="1,1" hai="8,12,18,21,22,23,54,59,62,88,93,99,100,103" machi="99" ten="30,8000,1" yaku="1,1,2,1,0,1,8,1,54,1,53,0" doraHai="116" doraHaiUra="77" who="1" fromWho="1" sc="265,-41,240,93,235,-21,250,-21" /><INIT seed="1,0,0,3,1,87" ten="224,333,214,229" oya="1" hai0="39,128,4,121,133,19,126,99,35,14,131,113,59" hai1="82,111,98,16,54,46,56,38,52,24,112,13,68" hai2="11,77,0,81,65,57,60,28,103,71,102,75,5" hai3="51,25,41,129,110,92,93,58,117,34,30,95,96"/><U23/><E112/><V1/><F1/><W53/><G110/><T86/><D39/><U83/><E68/><V85/><F28/><W37/><G129/><N who="0" m="49739" /><D99/><U27/><E111/><V109/><F109/><W104/><G117/><T116/><D116/><U12/><E38/><V47/><F47/><W18/><G18/><T69/><D69/><U70/><E70/><V94/><REACH who="2" step="1"/><F71/><REACH who="2" ten="224,333,204,229" step="2"/><W74/><G74/><T42/><D113/><U105/><E46/><V29/><F29/><W45/><REACH who="3" step="1"/><G104/><REACH who="3" ten="224,333,204,219" step="2"/><T3/><D121/><U124/><E105/><V78/><F78/><W108/><G108/><T72/><D72/><U120/><E120/><V67/><F67/><W90/><AGARI ba="0,2" hai="25,30,34,37,41,45,51,53,58,90,92,93,95,96" machi="90" ten="20,5200,0" yaku="1,1,0,1,7,1,52,1,53,0" doraHai="87" doraHaiUra="76" who="3" fromWho="3" sc="224,-13,333,-26,204,-13,219,72" /><INIT seed="2,0,0,3,5,135" ten="211,307,191,291" oya="2" hai0="25,115,41,36,38,95,69,131,97,20,5,16,52" hai1="47,104,63,55,56,102,88,19,45,125,76,15,118" hai2="72,22,40,126,78,83,49,117,92,123,67,116,26" hai3="43,42,6,8,30,93,9,1,134,119,48,133,59"/><V0/><F123/><W109/><G109/><T13/><D115/><U21/><E125/><V18/><F0/><W28/><G119/><T112/><D112/><U60/><E118/><V94/><F126/><W4/><G93/><T86/><D69/><U51/><E76/><V127/><F127/><W62/><G48/><T106/><D131/><U114/><E114/><V61/><F116/><W3/><G59/><T33/><D41/><U90/><E102/><V85/><F117/><W46/><REACH who="3" step="1"/><G62/><REACH who="3" ten="211,307,191,281" step="2"/><N who="1" m="23594" /><E104/><V113/><F113/><W64/><G64/><T81/><D106/><U29/><E29/><V98/><F72/><W2/><G2/><T100/><D38/><U74/><E74/><V66/><F61/><W23/><G23/><T128/><D36/><U54/><E54/><V7/><F7/><W108/><G108/><T101/><D128/><U31/><E31/><V91/><REACH who="2" step="1"/><F94/><REACH who="2" ten="211,307,181,281" step="2"/><W10/><G10/><T57/><D5/><U122/><E122/><V68/><F68/><W35/><G35/><T70/><D70/><U11/><E11/><V24/><F24/><W82/><G82/><T37/><D33/><U105/><E105/><V121/><F121/><W129/><G129/><T80/><D25/><U34/><E34/><V107/><F107/><W103/><G103/><T111/><D101/><U120/><E120/><V58/><F58/><W87/><G87/><T89/><D100/><U84/><E84/><V75/><F75/><W32/><G32/><T96/><D111/><U110/><E110/><V17/><F17/><W39/><G39/><T27/><D37/><U65/><E45/><AGARI ba="0,2" hai="18,22,26,40,45,49,66,67,78,83,85,91,92,98" machi="45" ten="40,12000,1" yaku="1,1,6,1,8,1,53,1" doraHai="135" doraHaiUra="79" who="2" fromWho="1" sc="211,0,307,-120,181,140,281,0" /><AGARI ba="0,0" hai="1,3,4,6,8,9,28,30,42,43,45,46,133,134" machi="45" ten="25,6400,0" yaku="1,1,6,1,22,2,53,0" doraHai="135" doraHaiUra="79" who="3" fromWho="1" sc="211,0,187,-64,321,0,281,64" /><INIT seed="2,1,0,1,5,124" ten="211,123,321,345" oya="2" hai0="99,12,59,121,114,90,116,119,40,31,28,62,103" hai1="34,81,115,123,94,20,21,75,101,98,83,45,26" hai2="53,100,77,108,74,22,29,35,6,54,97,33,73" hai3="102,56,78,37,2,61,79,60,38,51,88,46,76"/><V132/><F132/><W14/><G2/><T42/><D121/><U122/><E115/><V112/><F112/><W7/><G102/><T66/><D114/><U71/><E71/><V86/><F6/><W17/><G7/><T131/><D131/><U30/><E75/><V95/><F74/><W111/><G111/><T4/><D90/><U23/><REACH who="1" step="1"/><E45/><REACH who="1" ten="211,113,321,345" step="2"/><V69/><F69/><W117/><G46/><T44/><D44/><U92/><E92/><V49/><F73/><W126/><G126/><T87/><D119/><U48/><E48/><V106/><F49/><W16/><G117/><T50/><D50/><U128/><E128/><V24/><F108/><W19/><G37/><T113/><D116/><U96/><E96/><V107/><F106/><W5/><G38/><T63/><D99/><U10/><E10/><V36/><F36/><W1/><G51/><T120/><D113/><U32/><E32/><V57/><F35/><W39/><G39/><T89/><D87/><U3/><E3/><V64/><F33/><W47/><G1/><T125/><D125/><U9/><E9/><V134/><F107/><W109/><G47/><T82/><D63/><U91/><E91/><V135/><F134/><W8/><G109/><T72/><D62/><N who="3" m="24169" /><G88/><T65/><D89/><U27/><E27/><V118/><F135/><W11/><G8/><T25/><D72/><U52/><E52/><V18/><F118/><W68/><G68/><T43/><D25/><U58/><E58/><AGARI ba="1,1" hai="5,11,14,16,17,19,56,58,76,78,79" m="24169" machi="58" ten="40,2600,0" yaku="8,1,54,1" doraHai="124" who="3" fromWho="1" sc="211,0,113,-29,321,0,345,39" /><INIT seed="3,0,0,2,1,66" ten="211,84,321,384" oya="3" hai0="24,100,14,40,135,39,32,1,47,58,83,86,132" hai1="45,20,87,96,5,134,46,115,129,118,105,76,89" hai2="18,57,59,128,28,104,99,119,122,130,12,33,8" hai3="75,98,113,106,56,78,21,79,116,26,17,29,23"/><W110/><G113/><T71/><D1/><U107/><E115/><V48/><F119/><W22/><G116/><T19/><D71/><U31/><E118/><V50/><F122/><W11/><G75/><T67/><D100/><U125/><E5/><V117/><F117/><W41/><G110/><T6/><D6/><U84/><E31/><V0/><F0/><W126/><G126/><T74/><D74/><U13/><E20/><N who="3" m="7786" /><G106/><T70/><D70/><U91/><E13/><V54/><F104/><W68/><G68/><T101/><D101/><U80/><E46/><V102/><F102/><W93/><G41/><T121/><D121/><U51/><E45/><V15/><F99/><W123/><G123/><T44/><D44/><U25/><E51/><V9/><F28/><W94/><G56/><T55/><D67/><U3/><E25/><V69/><F69/><W49/><G49/><T52/><D24/><U103/><E3/><V10/><F33/><W53/><G53/><T4/><D32/><U81/><E125/><V127/><F127/><W131/><G131/><T120/><D4/><U85/><E129/><N who="2" m="49771" /><F54/><W88/><G94/><T43/><D120/><U111/><E111/><V62/><F62/><W63/><G63/><T27/><D43/><U35/><E35/><V82/><F18/><W7/><G17/><T61/><D55/><U38/><E38/><V36/><F36/><W16/><G7/><T65/><D47/><U42/><E42/><V77/><F48/><W73/><G16/><T109/><D40/><U2/><E2/><V37/><F37/><W60/><G60/><RYUUKYOKU ba="0,0" sc="211,0,84,0,321,0,384,0" owari="211,-18.9,84,-41.6,321,12.1,384,48.4" /></mjloggm>