<mjloggm ver="2.3"><GO type="225" lobby="0"/><UN n0="%E5%AF%82%E5%AF%9E%E3%82%AE%E3%83%8D%E3%82%B9%E3%83%93%E3%83%BC%E3%83%AB" n1="%E3%82%BC%E3%83%AB%E3%83%80%E3%81%AE%E4%BC%9D%E8%AA%AC" n2="%54%4F%52" n3="%E3%81%82%E3%82%93%E3%81%AA%E3%81%A4" dan="16,16,17,16" rate="2143.14,2111.76,2256.31,2113.26" sx="M,M,M,M"/><TAIKYOKU oya="0"/><INIT seed="0,0,0,3,0,84" ten="250,250,250,250" oya="0" hai0="36,74,55,72,120,31,131,126,64,7,54,37,66" hai1="49,90,63,53,86,127,88,4,41,82,125,89,28" hai2="113,50,61,92,38,108,47,102,2,104,122,123,106" hai3="68,48,15,57,77,44,95,132,24,121,51,114,18"/><T69/><D120/><U117/><E117/><V94/><F113/><W60/><G114/><T118/><D31/><U99/><E4/><V87/><F2/><W105/><G105/><T97/><D7/><U79/><E28/><V1/><F1/><W11/><G68/><T10/><D10/><U103/><E63/><V124/><F38/><W91/><G121/><T67/><D69/><U14/><E14/><V21/><F61/><W27/><G77/><T3/><D3/><U13/><E13/><V70/><F70/><W58/><G51/><T73/><D118/><U109/><E41/><V78/><F21/><W32/><G32/><T25/><D25/><U20/><E109/><V115/><F115/><W35/><G35/><T110/><D110/><U6/><E6/><V45/><F108/><W96/><G132/><T62/><D62/><U0/><E20/><V128/><F106/><W22/><G11/><T75/><D75/><U116/><E0/><V42/><F104/><W81/><G81/><T23/><D23/><U130/><E116/><V71/><F71/><W85/><G96/><T16/><D97/><U80/><E80/><N who="2" m="47511" /><F122/><W133/><G133/><T111/><D111/><U101/><E130/><V33/><F33/><W129/><G129/><T100/><D131/><U34/><E34/><V65/><F128/><W43/><REACH who="3" step="1"/><G58/><REACH who="3" ten="250,250,250,240" step="2"/><T39/><D37/><U8/><E8/><V52/><F123/><W30/><G30/><T135/><D39/><U5/><E99/><V134/><F134/><W98/><G98/><T83/><D135/><U12/><E49/><V46/><F50/><RYUUKYOKU ba="0,1" sc="250,-10,250,-10,250,-10,240,30" hai3="15,18,22,24,27,43,44,48,57,60,85,91,95" /><INIT seed="1,1,1,5,1,122" ten="240,240,240,270" oya="1" hai0="28,69,66,25,13,110,61,68,52,32,67,33,36" hai1="98,0,55,39,42,132,114,59,58,104,43,15,115" hai2="88,60,90,130,81,123,99,50,26,101,56,11,7" hai3="107,109,29,5,17,12,119,131,41,134,70,14,46"/><U127/><E0/><V37/><F37/><W44/><G70/><T75/><D36/><U24/><E15/><V78/><F123/><W16/><G107/><T95/><D75/><U103/><E127/><V65/><F26/><W62/><G134/><T51/><D110/><U31/><E132/><V21/><F21/><W23/><G109/><T76/><D76/><U73/><E73/><V10/><F50/><W105/><G105/><T128/><D128/><U49/><E58/><V27/><F27/><W100/><G100/><T40/><D40/><U1/><E1/><V116/><F116/><W91/><G5/><T86/><D13/><U35/><REACH who="1" step="1"/><E39/><REACH who="1" ten="240,230,240,270" step="2"/><V63/><F130/><W111/><G131/><T77/><D69/><U92/><E92/><V6/><F56/><W118/><G118/><T117/><D117/><U57/><E57/><V45/><F6/><W135/><G119/><T94/><D94/><U38/><E38/><V80/><F7/><W113/><G135/><T124/><D95/><U96/><E96/><V47/><F99/><W97/><G97/><T74/><D74/><U3/><E3/><V85/><F85/><W121/><G12/><T72/><D72/><U93/><E93/><V22/><F101/><W126/><G14/><T34/><D124/><U133/><E133/><V71/><F71/><W8/><G126/><T83/><D67/><U84/><E84/><V120/><F65/><W9/><G121/><T54/><REACH who="0" step="1"/><D51/><REACH who="0" ten="230,230,240,270" step="2"/><U87/><E87/><V2/><F2/><W53/><G111/><T20/><AGARI ba="1,3" hai="20,25,28,32,33,34,52,54,61,66,68,77,83,86" machi="20" ten="30,7900,0" yaku="1,1,2,1,0,1,54,1,53,0" doraHai="122" doraHaiUra="4" who="0" fromWho="0" sc="230,112,230,-40,240,-21,270,-21" /><INIT seed="2,0,0,1,0,62" ten="342,190,219,249" oya="2" hai0="23,48,47,82,44,101,13,40,103,117,112,75,67" hai1="96,63,51,77,120,125,43,95,55,4,3,127,126" hai2="42,81,116,87,32,33,99,39,36,54,5,56,97" hai3="68,115,130,91,22,133,98,111,128,70,27,124,132"/><V37/><F116/><W1/><G1/><T29/><D112/><U45/><E120/><V65/><F42/><W25/><G115/><T84/><D75/><U31/><E31/><V122/><F122/><W69/><G111/><T66/><D117/><U85/><E3/><V90/><F5/><W49/><G49/><T58/><D47/><U21/><E4/><V118/><F118/><W93/><G124/><T129/><D129/><N who="3" m="49769" /><G22/><T38/><D38/><U19/><E77/><V52/><F65/><N who="0" m="24586" /><D58/><U20/><E85/><V104/><F54/><W72/><G72/><T30/><D13/><U0/><E0/><V26/><F26/><AGARI ba="0,0" hai="25,26,27,68,69,70,91,93,98,132,133" m="49769" machi="26" ten="40,1300,0" yaku="19,1" doraHai="62" who="3" fromWho="2" sc="342,0,190,0,219,-13,249,13" /><INIT seed="3,0,0,1,5,20" ten="342,190,206,262" oya="3" hai0="132,122,84,96,72,63,71,8,21,121,27,44,64" hai1="16,89,23,110,82,80,127,2,56,35,5,58,115" hai2="83,65,76,24,74,90,28,13,14,98,12,119,102" hai3="25,79,104,91,135,29,128,118,106,51,124,113,61"/><W66/><G113/><T117/><D72/><U109/><E115/><V6/><F119/><W47/><G118/><T55/><D117/><U31/><E127/><V69/><F69/><W62/><G124/><T126/><D126/><U60/><E31/><V116/><F116/><W108/><G79/><T133/><D8/><N who="1" m="2103" /><E35/><V18/><F65/><W49/><G135/><N who="0" m="51787" /><D96/><U88/><E80/><V94/><F6/><W50/><G91/><N who="1" m="34890" /><E82/><V77/><F77/><W34/><G47/><T3/><D84/><U112/><E60/><V129/><F129/><W1/><G62/><T95/><D95/><U101/><E101/><V103/><REACH who="2" step="1"/><F18/><REACH who="2" ten="342,190,196,262" step="2"/><W48/><G66/><T17/><D3/><U134/><E134/><V120/><F120/><W100/><G1/><T52/><D17/><U9/><E112/><V43/><F43/><W41/><G41/><T73/><D64/><U40/><E40/><V97/><F97/><W93/><G128/><T68/><D71/><U42/><E42/><V0/><F0/><W36/><G36/><T67/><D67/><U39/><E39/><V70/><F70/><W78/><G78/><T15/><D68/><U81/><E81/><V19/><F19/><W38/><G38/><T130/><D130/><U30/><E9/><V54/><F54/><W4/><G4/><T87/><D52/><U46/><E46/><V53/><F53/><W10/><G10/><T33/><D44/><U123/><E123/><V85/><F85/><W26/><G49/><T32/><D121/><U107/><E107/><V131/><F131/><W22/><G50/><T75/><D122/><RYUUKYOKU ba="0,1" sc="342,-10,190,-10,196,30,262,-10" hai2="12,13,14,24,28,74,76,83,90,94,98,102,103" owari="342,44.2,180,-32.0,226,-17.4,252,5.2" /></mjloggm>