<mjloggm ver="2.3"><GO type="225" lobby="0"/><UN n0="%4B%2E%32%2E%4B%2E" n1="%72%65%6E%6B%75%6E" n2="%E3%83%81%E3%83%83%E3%82%BF%E3%82%BD%E3%83%BC" n3="%E6%81%A5%E6%99%92%E3%81%97" dan="17,17,17,16" rate="2183.66,2279.91,2183.17,2107.95" sx="M,M,F,M"/><TAIKYOKU oya="0"/><INIT seed="0,0,0,1,2,128" ten="250,250,250,250" oya="0" hai0="51,38,50,91,71,121,54,86,133,122,132,1,82" hai1="6,78,66,61,106,25,56,80,8,22,101,3,110" hai2="105,16,69,7,79,39,76,58,97,64,92,17,131" hai3="2,124,83,15,118,32,41,113,42,36,12,72,73"/><T103/><D38/><U93/><E110/><V85/><F131/><W75/><G113/><T68/><D1/><U112/><E112/><V127/><F127/><W10/><G118/><T24/><D103/><U98/><E106/><V18/><F69/><N who="0" m="26698" /><D24/><U96/><E96/><V135/><F135/><N who="0" m="51786" /><D50/><U28/><E80/><V13/><F39/><W104/><G83/><T53/><D53/><U49/><E78/><V63/><F85/><W87/><G36/><T62/><D62/><U114/><E114/><V100/><F105/><W21/><G87/><T33/><D33/><U31/><E31/><V95/><F92/><W0/><G104/><T11/><D11/><AGARI ba="0,0" hai="7,11,13,16,17,18,58,63,64,76,79,95,97,100" machi="11" ten="40,2600,0" yaku="8,1,54,1" doraHai="128" who="2" fromWho="0" sc="250,-26,250,0,250,26,250,0" /><INIT seed="1,0,0,3,1,97" ten="224,250,276,250" oya="1" hai0="37,8,79,38,95,44,111,91,65,52,1,78,56" hai1="14,121,2,94,62,18,4,43,85,54,0,104,73" hai2="21,106,36,12,58,55,125,50,25,69,42,81,60" hai3="15,35,127,71,26,48,39,105,122,46,134,5,92"/><U61/><E121/><V17/><F125/><W110/><G122/><T29/><D29/><U24/><E73/><V135/><F135/><W114/><G114/><T33/><D33/><U7/><E104/><V120/><F120/><W27/><G127/><T16/><D111/><U93/><E43/><V113/><F113/><W13/><G105/><T63/><D38/><U103/><E24/><V126/><F126/><W20/><G39/><T83/><D1/><U64/><E54/><V99/><F81/><W128/><G128/><T124/><D124/><U19/><E85/><V3/><F3/><W86/><G110/><T117/><D117/><U84/><E84/><V10/><F36/><W82/><G71/><T115/><D115/><U129/><E14/><V116/><F116/><W23/><G35/><T102/><D102/><U80/><E80/><V112/><F112/><W6/><G92/><T123/><D123/><U34/><E34/><V132/><F132/><W108/><G108/><T22/><D8/><U96/><E96/><V57/><F69/><W100/><G134/><T74/><D79/><U51/><E51/><V101/><F42/><N who="3" m="24663" /><G15/><T40/><D65/><U133/><E133/><V131/><F131/><W68/><G68/><T98/><REACH who="0" step="1"/><D22/><REACH who="0" ten="214,250,276,250" step="2"/><U77/><E129/><V32/><F32/><W72/><G23/><T109/><D109/><U49/><E64/><N who="2" m="38927" /><F10/><W130/><G130/><T11/><D11/><U67/><E67/><V53/><F53/><W89/><G100/><T90/><D90/><U31/><E103/><V87/><F87/><W70/><G72/><T9/><D9/><RYUUKYOKU ba="0,1" sc="214,15,250,-15,276,15,250,-15" hai0="16,37,40,44,52,56,63,74,78,83,91,95,98" hai2="12,17,21,25,50,55,58,99,101,106" /><INIT seed="2,1,1,3,5,44" ten="229,235,291,235" oya="2" hai0="30,135,102,95,20,92,79,12,46,53,115,42,35" hai1="65,37,127,63,21,43,109,100,113,101,112,119,67" hai2="0,103,84,89,4,18,110,51,68,1,86,25,73" hai3="85,87,69,11,36,59,54,45,74,16,76,104,26"/><V94/><F73/><W72/><G104/><T23/><D115/><U24/><E119/><V99/><F68/><W62/><G69/><T10/><D35/><U22/><E37/><V52/><F110/><W96/><G96/><T122/><D122/><U61/><E43/><V66/><F66/><W117/><G117/><T38/><D135/><U116/><E24/><V77/><F4/><W34/><G34/><T111/><D111/><U48/><E109/><V90/><F77/><W107/><G107/><T106/><D79/><U15/><E15/><V2/><F84/><W50/><G36/><T82/><D82/><U27/><E27/><V5/><F5/><W133/><G133/><T33/><D106/><U55/><E55/><V56/><REACH who="2" step="1"/><F86/><REACH who="2" ten="229,235,281,235" step="2"/><N who="3" m="32779" /><G74/><T3/><D3/><U131/><E116/><V134/><F134/><W6/><G72/><T47/><D33/><U105/><E113/><V78/><F78/><W60/><G76/><T64/><D64/><U114/><E67/><V8/><F8/><W40/><G6/><T71/><D71/><U97/><E65/><V88/><F88/><W128/><G11/><T19/><D10/><U80/><E114/><V70/><F70/><W93/><G128/><T17/><D102/><U39/><E131/><V123/><F123/><W129/><G129/><T126/><D23/><AGARI ba="1,2" hai="0,1,2,18,23,25,51,52,56,89,90,94,99,103" machi="23" ten="40,7700,0" yaku="1,1,52,1,54,1,53,0" doraHai="44" doraHaiUra="81" who="2" fromWho="0" sc="229,-80,235,0,281,100,235,0" /><INIT seed="2,2,0,5,1,77" ten="149,235,381,235" oya="2" hai0="92,85,107,53,5,62,15,45,86,108,105,80,94" hai1="84,22,88,93,34,76,70,111,51,21,113,118,20" hai2="29,82,26,120,71,97,60,40,75,90,102,122,0" hai3="42,123,124,121,119,106,57,28,39,49,37,126,43"/><V10/><F40/><N who="3" m="15403" /><G106/><T18/><D108/><U91/><E111/><V131/><F131/><W30/><G119/><T78/><D5/><U14/><E118/><V44/><F44/><W12/><G12/><T73/><D105/><U9/><E113/><V50/><F50/><W47/><G57/><T17/><D107/><U96/><E34/><V25/><F25/><W56/><G56/><T67/><D18/><U100/><E70/><V65/><F10/><W125/><G49/><T24/><D24/><U74/><E74/><V68/><F0/><W81/><G81/><N who="0" m="47287" /><D73/><U2/><E51/><V115/><F115/><W13/><G13/><T72/><D72/><U46/><E46/><V41/><F41/><N who="3" m="22959" /><G39/><T130/><D130/><U112/><E2/><V55/><F55/><W133/><G133/><T132/><D132/><U110/><E110/><V48/><F48/><W27/><G30/><T8/><D67/><U36/><E36/><V103/><F71/><W135/><G135/><T127/><D45/><U31/><E31/><V38/><F38/><W89/><G89/><N who="0" m="51399" /><D53/><U54/><E54/><V64/><F65/><W1/><G1/><T7/><D62/><U129/><E129/><V58/><F68/><W59/><G59/><T101/><D7/><N who="1" m="3391" /><E112/><V98/><F58/><W114/><G114/><T117/><D117/><U79/><E100/><V6/><F64/><W61/><G61/><T104/><D104/><U95/><AGARI ba="2,0" hai="20,21,22,76,79,84,88,91,93,95,96" m="3391" machi="95" ten="30,2000,0" yaku="8,1,54,1" doraHai="77" who="1" fromWho="1" sc="149,-7,235,26,381,-12,235,-7" /><INIT seed="3,0,0,2,1,78" ten="142,261,369,228" oya="3" hai0="90,2,46,21,114,103,128,9,12,122,92,91,84" hai1="127,58,112,28,41,8,106,81,118,117,43,120,89" hai2="13,115,34,105,109,38,93,76,37,126,72,54,42" hai3="123,33,4,95,74,113,27,29,101,64,68,80,50"/><W55/><G113/><T132/><D132/><U26/><E112/><V1/><F54/><W5/><G123/><T77/><D128/><U83/><E120/><V129/><F93/><W66/><G101/><T23/><D2/><U44/><E106/><V52/><F52/><W59/><G95/><T88/><D122/><U3/><E58/><V14/><F14/><W121/><G121/><T102/><D114/><U11/><E127/><V61/><F13/><W116/><G116/><N who="1" m="44650" /><E89/><V70/><F61/><W6/><REACH who="3" step="1"/><G68/><REACH who="3" ten="142,261,369,218" step="2"/><T15/><D77/><AGARI ba="0,1" hai="4,5,6,27,29,33,50,55,59,64,66,74,77,80" machi="77" ten="40,7700,0" yaku="1,1,2,1,52,1,53,0" doraHai="78" doraHaiUra="98" who="3" fromWho="0" sc="142,-77,261,0,369,0,218,87" /><INIT seed="3,1,0,4,4,83" ten="65,261,369,305" oya="3" hai0="16,42,108,54,43,82,113,110,56,87,130,57,69" hai1="104,28,64,47,63,115,102,59,52,9,65,134,118" hai2="17,68,97,62,66,101,95,29,6,99,49,81,48" hai3="94,121,73,36,96,120,80,111,123,22,44,7,119"/><W122/><G119/><T100/><D100/><U116/><E115/><V132/><F132/><W32/><G32/><T61/><D82/><U72/><E72/><V86/><F6/><W37/><G111/><T78/><D78/><U26/><E102/><V35/><F99/><W67/><G67/><T131/><D69/><U46/><E104/><V90/><F17/><W112/><G112/><T21/><D113/><U98/><E98/><V91/><F91/><W109/><G109/><T79/><D79/><U53/><E9/><V114/><F114/><W24/><G7/><T84/><D21/><U89/><E89/><V20/><F35/><W58/><G58/><T30/><D30/><U135/><E26/><V25/><AGARI ba="1,0" hai="20,25,29,48,49,62,66,68,81,86,90,95,97,101" machi="25" ten="30,2000,0" yaku="0,1,52,1" doraHai="83" who="2" fromWho="2" sc="65,-6,261,-6,369,23,305,-11" owari="59,-44.1,255,-14.5,392,49.2,294,9.4" /></mjloggm>