<mjloggm ver="2.3"><GO type="225" lobby="0"/><UN n0="%E3%81%B5%E3%81%98%E3%81%8B%E3%81%A4" n1="%E4%B8%8B%E6%AE%B5%E3%83%81%E3%82%A7%E3%83%AA%E3%83%BC" n2="%E4%BF%BA%E3%81%A8%E5%A6%96%E5%A4%A2" n3="%E3%81%86%E3%81%A9%E3%82%93%E3%81%93" dan="16,16,17,16" rate="2151.17,2115.00,2183.04,2131.37" sx="M,M,F,M"/><TAIKYOKU oya="0"/><INIT seed="0,0,0,2,2,135" ten="250,250,250,250" oya="0" hai0="131,94,113,124,133,53,90,34,126,46,132,115,38" hai1="67,65,130,98,82,45,96,57,24,35,128,29,22" hai2="33,118,134,76,2,129,62,102,6,4,80,73,84" hai3="72,79,120,77,111,40,91,70,63,3,15,108,48"/><T119/><D119/><U11/><E45/><V54/><F134/><N who="0" m="51818" /><D131/><N who="1" m="50219" /><E11/><V1/><F118/><W47/><G3/><T122/><D34/><U43/><E43/><V26/><F129/><W121/><G15/><T36/><D122/><N who="3" m="47209" /><G91/><T52/><D94/><U50/><E35/><V93/><F73/><W13/><G13/><T60/><D90/><U64/><E82/><V42/><F42/><W16/><G16/><T127/><D60/><N who="1" m="37903" /><E50/><V116/><F116/><W85/><G85/><T20/><D20/><U18/><E18/><V31/><F2/><W99/><G99/><AGARI ba="0,0" hai="22,24,29,65,67,96,98,99" m="37903,50219" machi="99" ten="30,1000,0" yaku="19,1" doraHai="135" who="1" fromWho="3" sc="250,0,250,10,250,0,250,-10" /><INIT seed="1,0,0,5,1,58" ten="250,260,250,240" oya="1" hai0="118,34,69,37,111,62,84,35,40,101,20,7,1" hai1="112,73,66,48,76,0,88,28,42,100,36,74,117" hai2="21,105,23,71,8,72,83,77,113,70,106,95,27" hai3="6,11,116,94,45,44,115,132,22,64,133,65,128"/><U26/><E112/><V56/><F113/><W99/><G115/><T126/><D118/><U107/><E0/><V32/><F32/><W17/><G128/><T108/><D101/><U13/><E36/><V82/><F8/><W54/><G116/><T14/><D84/><U24/><E117/><V123/><F123/><W78/><G78/><T81/><D81/><U97/><E66/><N who="3" m="25706" /><G54/><T80/><D80/><U104/><E104/><V31/><F95/><W114/><G114/><T19/><D126/><U129/><E129/><V4/><F4/><W134/><G22/><T10/><D40/><U85/><E76/><V60/><F82/><W61/><G61/><T110/><D37/><U2/><E2/><V30/><F70/><W18/><G44/><T75/><D75/><U109/><E109/><V79/><F71/><W39/><G45/><T16/><D69/><U25/><E28/><V103/><F103/><N who="3" m="60919" /><G39/><T125/><D62/><U41/><E13/><AGARI ba="0,0" hai="6,11,13,17,18,132,133,134" m="60919,25706" machi="13" ten="30,1000,0" yaku="20,1" doraHai="58" who="3" fromWho="1" sc="250,0,260,-10,250,0,240,10" /><INIT seed="2,0,0,5,4,80" ten="250,250,250,250" oya="2" hai0="79,121,25,62,48,125,41,63,6,89,39,107,104" hai1="111,31,108,75,54,53,35,51,1,90,93,59,43" hai2="117,65,69,133,47,68,33,85,86,88,16,57,99" hai3="110,15,8,28,2,40,123,61,127,22,21,24,37"/><V64/><F117/><W135/><G123/><T74/><D121/><U105/><E105/><V91/><F33/><W23/><G61/><T94/><D125/><U32/><E1/><V115/><F115/><W20/><G40/><T81/><D62/><U60/><E43/><V72/><F72/><W67/><G67/><N who="2" m="25673" /><F68/><W118/><G37/><T102/><D63/><U30/><E75/><V109/><F69/><W129/><G118/><T78/><D78/><U130/><E130/><V45/><F133/><W113/><G113/><T36/><D6/><U100/><E100/><V134/><F134/><W122/><G135/><T27/><D39/><U119/><E119/><V112/><F57/><W83/><G122/><T9/><D9/><U82/><E82/><N who="2" m="49207" /><F112/><W71/><G71/><T52/><D104/><U131/><E131/><V49/><F99/><W34/><G129/><T76/><D36/><U0/><E0/><V87/><F109/><N who="1" m="42057" /><E32/><V10/><F91/><W96/><G110/><T101/><D107/><U58/><E35/><V3/><F3/><W98/><G83/><T12/><D74/><U5/><E5/><V13/><F47/><W103/><G103/><T126/><D102/><U92/><E90/><V66/><N who="2" m="25681" /><V128/><DORA hai="42" /><F128/><W114/><G114/><T116/><D101/><U38/><E38/><V19/><F19/><N who="3" m="10367" /><G127/><T77/><D126/><U55/><E55/><AGARI ba="0,0" hai="10,13,16,45,49,55,86,87" m="49207,25681" machi="55" ten="30,24000,3" yaku="25,1,8,1,52,4,54,2" doraHai="80,42" who="2" fromWho="1" sc="250,0,250,-240,250,240,250,0" /><INIT seed="2,1,0,4,0,103" ten="250,10,490,250" oya="2" hai0="75,101,47,102,8,83,89,87,99,78,96,33,86" hai1="123,100,11,109,5,64,108,26,134,132,2,112,60" hai2="51,67,121,90,95,7,56,61,34,72,80,28,52" hai3="63,31,15,24,105,104,116,128,107,91,35,131,10"/><V37/><F121/><W43/><G116/><T106/><D33/><U46/><E46/><V71/><F7/><W13/><G43/><T53/><D8/><U73/><E73/><V59/><F34/><W23/><G91/><T133/><D53/><U19/><E112/><V74/><F28/><W17/><REACH who="3" step="1"/><G63/><REACH who="3" ten="250,10,490,240" step="2"/><T118/><D118/><U77/><E77/><V114/><F90/><W125/><G125/><T27/><D133/><N who="1" m="51307" /><E100/><V69/><F61/><W94/><G94/><N who="0" m="54591" /><D47/><U12/><E60/><V4/><F95/><W6/><AGARI ba="1,1" hai="6,10,13,15,17,23,24,31,35,104,105,107,128,131" machi="6" ten="40,12000,2" yaku="1,1,0,1,52,3,53,2" doraHai="103" doraHaiUra="9" who="3" fromWho="3" sc="250,-31,10,-31,490,-61,240,133" owari="219,-18.1,-21,-52.1,429,52.9,373,17.3" /></mjloggm>