<mjloggm ver="2.3"><GO type="225" lobby="0"/><UN n0="%E3%81%AF%E3%82%88%E3%81%8A%E3%81%98%E3%81%95%E3%82%93" n1="%72%65%6E%6B%75%6E" n2="%E5%8D%A0%E3%81%84%E5%B8%AB%E8%A3%8F%E3%81%AA%E3%81%84%E3%81%97" n3="%E3%81%A1%E3%82%85%E3%81%86%E3%81%A9%E3%81%8F%E8%B1%A1%E3%81%95%E3%82%93" dan="16,17,17,17" rate="2148.81,2266.70,2149.14,2118.34" sx="M,M,M,M"/><TAIKYOKU oya="0"/><INIT seed="0,0,0,2,4,45" ten="250,250,250,250" oya="0" hai0="3,98,61,99,57,80,63,112,70,25,31,89,7" hai1="107,38,130,125,131,23,114,88,39,69,56,20,48" hai2="58,132,95,108,128,72,93,75,104,2,92,126,27" hai3="102,94,47,43,0,74,60,52,54,134,30,4,44"/><T96/><D112/><U124/><E69/><V118/><F108/><W122/><G74/><T90/><D70/><U64/><E107/><V91/><F104/><W113/><G113/><T12/><D3/><U85/><E114/><V55/><F2/><W41/><G134/><T35/><D80/><U8/><E8/><V21/><F132/><W37/><G30/><T110/><D110/><U127/><E23/><V71/><F71/><W100/><G122/><T86/><D86/><U6/><E6/><V28/><F126/><W46/><G60/><T109/><D109/><U119/><E20/><V76/><F128/><N who="1" m="49193" /><E119/><V13/><F118/><W11/><G44/><T82/><D82/><N who="1" m="49207" /><E64/><V121/><F121/><W101/><REACH who="3" step="1"/><G94/><REACH who="3" ten="250,250,250,240" step="2"/><T129/><D129/><U81/><E81/><V111/><F93/><W78/><G78/><T79/><D79/><U133/><E133/><V49/><F92/><W66/><G66/><T32/><D32/><U115/><E115/><V59/><F76/><W36/><AGARI ba="0,1" hai="0,4,11,36,37,41,43,46,47,52,54,100,101,102" machi="36" ten="30,7900,0" yaku="1,1,0,1,9,1,54,1,53,0" doraHai="45" doraHaiUra="116" who="3" fromWho="3" sc="250,-39,250,-20,250,-20,240,89" /><INIT seed="1,0,0,2,4,42" ten="211,230,230,329" oya="1" hai0="31,63,105,97,57,71,60,16,1,51,69,76,45" hai1="54,89,24,133,81,28,77,126,100,37,93,98,135" hai2="95,53,96,11,90,84,22,92,55,56,38,21,20" hai3="61,121,18,122,73,111,120,123,101,74,109,14,12"/><U48/><E37/><V124/><F124/><W26/><G101/><T50/><D1/><U82/><E126/><V3/><F38/><W114/><G123/><T41/><D31/><U80/><E77/><V5/><REACH who="2" step="1"/><F56/><REACH who="2" ten="211,230,220,329" step="2"/><W87/><G120/><T70/><D70/><U132/><E100/><AGARI ba="0,1" hai="3,5,11,20,21,22,53,55,84,90,92,95,96,100" machi="100" ten="40,2600,0" yaku="1,1,2,1,53,0" doraHai="42" doraHaiUra="67" who="2" fromWho="1" sc="211,0,230,-26,220,36,329,0" /><INIT seed="2,0,0,5,0,127" ten="211,204,256,329" oya="2" hai0="133,43,76,18,116,57,74,120,99,83,12,35,38" hai1="80,4,105,47,1,61,53,19,95,45,48,75,88" hai2="34,103,92,59,31,5,26,70,119,67,134,17,24" hai3="78,82,33,46,124,94,27,111,13,77,128,41,30"/><V40/><F119/><W23/><G124/><T132/><D120/><U0/><E105/><V100/><F70/><W2/><G111/><T85/><D116/><U72/><E61/><V117/><F117/><W22/><G2/><T96/><D35/><U123/><E123/><V54/><F134/><N who="0" m="51818" /><D74/><U126/><E126/><V106/><F106/><W108/><G78/><T32/><D32/><U25/><E45/><V8/><F40/><W135/><G135/><T10/><D57/><U98/><E4/><V16/><F67/><W69/><G69/><T71/><D71/><U130/><E130/><V87/><F87/><W121/><G121/><T102/><D102/><U122/><E122/><V86/><F100/><W14/><G128/><T90/><D90/><U42/><E42/><V21/><F103/><W15/><G94/><T36/><D43/><U3/><REACH who="1" step="1"/><E80/><REACH who="1" ten="211,194,256,329" step="2"/><V9/><F5/><W65/><G41/><T37/><AGARI ba="0,1" hai="10,12,18,36,37,38,76,83,85,96,99" m="51818" machi="37" ten="40,1500,0" yaku="20,1" doraHai="127" who="0" fromWho="0" sc="211,25,194,-4,256,-7,329,-4" /><INIT seed="3,0,0,2,2,66" ten="236,190,249,325" oya="3" hai0="47,122,28,59,49,78,54,80,53,63,93,44,107" hai1="57,100,73,14,61,22,75,134,71,21,38,119,108" hai2="92,123,7,115,77,12,114,102,104,9,36,70,8" hai3="118,23,110,31,124,91,2,25,51,87,132,65,35"/><W56/><G118/><T125/><D107/><U24/><E38/><V0/><F92/><W99/><G2/><T68/><D122/><U62/><E119/><V17/><F36/><W84/><G99/><T86/><D125/><U98/><E108/><V83/><F123/><W20/><G132/><T130/><D130/><U3/><E3/><V43/><F43/><W37/><G84/><T105/><D105/><U29/><E134/><V6/><F17/><W133/><G23/><T46/><D68/><U117/><E117/><V90/><F90/><W41/><G51/><T4/><D4/><U129/><E129/><V127/><F70/><W109/><G25/><T34/><D34/><U128/><E128/><V45/><F45/><W106/><G56/><N who="0" m="35215" /><D28/><U111/><E111/><V40/><F40/><W50/><G41/><N who="0" m="24719" /><D93/><U76/><E71/><V18/><F6/><W113/><G35/><T19/><D19/><U67/><E73/><V27/><F27/><W95/><G20/><T5/><D5/><U26/><E75/><N who="2" m="43455" /><F127/><W72/><G124/><T30/><D30/><N who="1" m="17679" /><E14/><V96/><F12/><W69/><G133/><T74/><D74/><U131/><E131/><V82/><F0/><W81/><G106/><T52/><D54/><U11/><E11/><V85/><F9/><W94/><G87/><T33/><D33/><U32/><E32/><V55/><F104/><W64/><G64/><T39/><D39/><U60/><E76/><V97/><F8/><W103/><G91/><T48/><AGARI ba="0,0" hai="46,47,48,52,59,78,80,86" m="24719,35215" machi="48" ten="30,2000,0" yaku="8,1,54,1" doraHai="66" who="0" fromWho="0" sc="236,20,190,-5,249,-5,325,-10" owari="256,5.6,185,-31.5,244,-15.6,315,41.5" /></mjloggm>