<mjloggm ver="2.3"><GO type="225" lobby="0"/><UN n0="%6D%75%75%6D%75%72%61" n1="%4B%2E%32%2E%4B%2E" n2="%E3%83%A9%E3%83%96%E3%83%AC%E3%83%BC" n3="%E3%83%87%E3%83%A9%E3%82%B3%E3%83%83%E3%82%B3" dan="16,16,18,16" rate="2162.44,2218.80,2207.15,2113.70" sx="F,M,M,M"/><TAIKYOKU oya="0"/><INIT seed="0,0,0,0,5,120" ten="250,250,250,250" oya="0" hai0="72,48,56,97,14,41,66,95,119,91,42,71,118" hai1="108,61,45,100,60,109,43,54,131,90,50,107,40" hai2="17,15,3,96,24,44,22,55,6,81,62,88,106" hai3="115,99,34,35,98,122,123,86,28,85,31,78,29"/><T133/><D72/><U79/><E131/><V23/><F106/><W103/><G78/><T21/><D133/><U8/><E79/><V89/><F3/><W93/><G115/><T38/><D38/><U125/><E90/><V5/><F89/><W9/><G9/><T80/><D71/><U39/><E8/><V102/><F102/><W7/><G7/><T59/><D118/><U70/><E125/><V114/><F114/><W33/><REACH who="3" step="1"/><G99/><REACH who="3" ten="250,250,250,240" step="2"/><T2/><D97/><N who="1" m="61839" /><E43/><V110/><F5/><W105/><G105/><T124/><D42/><U57/><E60/><V32/><F6/><W49/><G49/><T25/><D48/><U135/><E135/><V53/><F62/><W18/><G18/><T65/><D41/><U68/><E68/><V4/><F4/><W11/><G11/><T19/><D19/><U83/><E83/><V87/><F96/><W67/><G67/><AGARI ba="0,1" hai="39,40,45,50,54,57,61,67,70,108,109" m="61839" machi="67" ten="30,3900,0" yaku="24,1,52,2" doraHai="120" who="1" fromWho="3" sc="250,0,250,49,250,0,240,-39" /><INIT seed="1,0,0,2,4,112" ten="250,299,250,201" oya="1" hai0="107,84,88,20,38,76,123,60,19,34,2,78,95" hai1="82,33,42,72,87,26,86,6,67,93,24,54,46" hai2="102,8,29,83,75,71,16,70,134,129,65,113,114" hai3="127,17,120,4,104,23,56,108,10,98,73,103,128"/><U57/><E67/><V21/><F102/><W12/><G108/><T85/><D107/><U31/><E6/><V110/><F110/><W35/><G120/><T74/><D123/><U115/><E115/><N who="2" m="44043" /><F134/><W132/><G132/><T77/><D34/><U39/><E24/><N who="2" m="16527" /><F129/><W51/><G128/><T3/><D38/><U96/><E82/><V81/><F65/><W105/><G127/><T36/><D36/><U28/><E28/><V111/><F111/><W9/><G73/><T0/><D74/><U59/><E72/><V53/><F53/><W55/><G35/><T27/><REACH who="0" step="1"/><D60/><REACH who="0" ten="240,299,250,201" step="2"/><U50/><REACH who="1" step="1"/><E59/><REACH who="1" ten="240,289,250,201" step="2"/><V32/><F75/><W133/><G133/><T49/><D49/><U7/><E7/><V58/><F58/><W5/><G5/><T14/><D14/><U91/><AGARI ba="0,2" hai="26,31,33,39,42,46,50,54,57,86,87,91,93,96" machi="91" ten="20,3900,0" yaku="1,1,0,1,7,1,53,0" doraHai="112" doraHaiUra="11" who="1" fromWho="1" sc="240,-13,289,59,250,-13,201,-13" /><INIT seed="1,1,0,2,5,102" ten="227,348,237,188" oya="1" hai0="33,132,51,129,34,12,73,23,54,123,59,47,2" hai1="86,115,40,4,96,65,39,74,61,101,70,114,63" hai2="84,82,21,121,98,66,10,103,15,37,27,24,17" hai3="124,111,110,78,55,48,58,106,62,53,60,26,104"/><U91/><E74/><V89/><F121/><W92/><G124/><T13/><D123/><U100/><E4/><V109/><F109/><N who="3" m="41483" /><G78/><T0/><D129/><U20/><E61/><N who="3" m="23658" /><G92/><T1/><D132/><U118/><E118/><V32/><F37/><W11/><G53/><T64/><D73/><U99/><E20/><V25/><F32/><W125/><G125/><T88/><D64/><U16/><E100/><V130/><F66/><W83/><G83/><T56/><D34/><U117/><E101/><V135/><F135/><W131/><G131/><T113/><D33/><U41/><E117/><V71/><F71/><W28/><G11/><T68/><D68/><U52/><E52/><V85/><F85/><W93/><G93/><T44/><D113/><U97/><E97/><V5/><F130/><W7/><G7/><T122/><D122/><U14/><E99/><V50/><REACH who="2" step="1"/><F50/><REACH who="2" ten="227,348,227,188" step="2"/><W127/><G127/><T133/><D133/><U29/><E114/><V116/><F116/><W31/><G31/><T80/><D51/><U18/><E29/><V72/><F72/><W22/><AGARI ba="1,1" hai="22,26,28,48,55,58,104,106" m="23658,41483" machi="22" ten="30,4000,0" yaku="14,1,52,2" doraHai="102" who="3" fromWho="3" sc="227,-11,348,-21,227,-11,188,53" /><INIT seed="2,0,0,5,2,65" ten="216,327,216,241" oya="2" hai0="2,51,18,64,120,103,20,112,67,90,134,93,107" hai1="66,80,78,94,82,47,110,105,23,96,72,87,133" hai2="59,128,85,54,9,115,25,89,132,88,41,27,21" hai3="104,100,31,92,6,116,43,62,1,117,71,45,38"/><V4/><F115/><W97/><G92/><T19/><D112/><U40/><E110/><V63/><F128/><W119/><G31/><T73/><D120/><U111/><E111/><V53/><F132/><W130/><G130/><T15/><D134/><U29/><E133/><V95/><F41/><W123/><G123/><T129/><D73/><U16/><E66/><V11/><F4/><W50/><G50/><T118/><D129/><U121/><E29/><V0/><F0/><W135/><G135/><T49/><D2/><U13/><E105/><V17/><F27/><W127/><G127/><T58/><D118/><U101/><E121/><V3/><F54/><W37/><G37/><T56/><D107/><U61/><E61/><V108/><F3/><W106/><G106/><T114/><D103/><U99/><E99/><N who="2" m="57831" /><F108/><W12/><G12/><T131/><D114/><U33/><E33/><V126/><F126/><W7/><G1/><T35/><D35/><U55/><E55/><V22/><F21/><W44/><G44/><T60/><D131/><U68/><E68/><V52/><F53/><W10/><G10/><T70/><D19/><U102/><E102/><V124/><F124/><W36/><G36/><T113/><D113/><U14/><E14/><V28/><F28/><W34/><G34/><T39/><D39/><N who="1" m="21919" /><E72/><V125/><F125/><W98/><G98/><N who="0" m="57655" /><D70/><U48/><E101/><V91/><F91/><W122/><G122/><T32/><D32/><U83/><E13/><V57/><F59/><W74/><G74/><T81/><D81/><AGARI ba="0,0" hai="9,11,17,22,25,52,57,63,81,85,89" m="57831" machi="81" ten="30,11600,0" yaku="25,1,8,1,54,2" doraHai="65" who="2" fromWho="0" sc="216,-116,327,0,216,116,241,0" /><INIT seed="2,1,0,1,3,111" ten="100,327,332,241" oya="2" hai0="135,83,102,14,53,95,18,106,48,67,38,92,109" hai1="105,29,33,96,115,101,64,22,118,16,25,56,100" hai2="72,73,76,4,28,90,91,49,36,116,58,12,47" hai3="82,31,129,34,71,20,66,80,75,30,78,55,133"/><V88/><F116/><W3/><G129/><T11/><D38/><U2/><E118/><V107/><F107/><W103/><G133/><T45/><D135/><U10/><E115/><V124/><F36/><W98/><G3/><T59/><D109/><U54/><E64/><V61/><F28/><W120/><G120/><T46/><D106/><U15/><E100/><V51/><F124/><W128/><G128/><T1/><D1/><U41/><E41/><V70/><F70/><W123/><G123/><T74/><D74/><U44/><E44/><V42/><F51/><W32/><G80/><T85/><D102/><U104/><E104/><V110/><F73/><W27/><G55/><T7/><D7/><U87/><E87/><V19/><F4/><W39/><G39/><T63/><REACH who="0" step="1"/><D46/><REACH who="0" ten="90,327,332,241" step="2"/><U130/><E130/><V89/><F110/><W50/><G103/><T99/><D99/><U5/><E5/><V13/><F72/><W40/><G98/><T122/><D122/><U125/><E2/><V117/><F47/><W0/><G0/><T21/><D21/><U94/><E22/><V97/><F97/><W57/><G20/><T60/><D60/><U112/><E105/><V62/><F62/><W68/><G75/><T81/><D81/><U119/><E119/><V23/><F61/><W127/><G82/><T79/><AGARI ba="1,1" hai="11,14,18,45,48,53,59,63,67,79,83,85,92,95" machi="79" ten="20,8000,1" yaku="1,1,0,1,7,1,8,1,53,1" doraHai="111" doraHaiUra="9" who="0" fromWho="0" sc="90,93,327,-21,332,-41,241,-21" /><INIT seed="3,0,0,2,2,125" ten="183,306,291,220" oya="3" hai0="96,132,30,128,42,72,3,116,29,28,123,76,36" hai1="10,97,129,38,45,79,89,131,11,6,133,75,69" hai2="5,117,33,13,105,17,46,62,1,121,85,86,14" hai3="106,50,91,102,70,63,49,104,59,118,81,22,53"/><W66/><G118/><T24/><D116/><U114/><E114/><V56/><F105/><W127/><G127/><T135/><D123/><U64/><E133/><N who="0" m="51273" /><D3/><U40/><E64/><V7/><F33/><W15/><G102/><T77/><D72/><U26/><E69/><V20/><F1/><W98/><G49/><T80/><D96/><U52/><E52/><N who="2" m="34055" /><F121/><W94/><REACH who="3" step="1"/><G81/><REACH who="3" ten="183,306,291,210" step="2"/><T67/><D80/><U74/><E38/><V99/><F117/><W82/><G82/><T103/><D103/><U120/><E120/><V37/><F37/><W19/><AGARI ba="0,1" hai="15,19,22,50,53,59,63,66,70,91,94,98,104,106" machi="19" ten="30,6000,0" yaku="1,1,0,1,53,1" doraHai="125" doraHaiUra="57" who="3" fromWho="3" sc="183,-20,306,-20,291,-20,210,70" /><INIT seed="3,1,0,2,0,37" ten="163,286,271,280" oya="3" hai0="10,23,128,86,64,97,115,68,127,31,60,57,26" hai1="29,111,101,116,8,18,46,90,119,125,36,35,44" hai2="117,83,9,49,63,75,114,15,0,85,72,109,12" hai3="27,22,78,45,52,104,58,98,130,7,110,96,17"/><W41/><G110/><T92/><D128/><U69/><E69/><V132/><F114/><W94/><G130/><T5/><D115/><U120/><E120/><V4/><F117/><N who="1" m="45129" /><E111/><V50/><F109/><W73/><G104/><T133/><D133/><U134/><E134/><V121/><F121/><W32/><G7/><T131/><D131/><U30/><E125/><V88/><F132/><W112/><G112/><T76/><D127/><U11/><E101/><V39/><F39/><W20/><G32/><T16/><D68/><U71/><E71/><V34/><F63/><N who="3" m="36295" /><G73/><T53/><D64/><U122/><E122/><V67/><F67/><W21/><G78/><T103/><D31/><U82/><E46/><V25/><F75/><W77/><G77/><T93/><D76/><U38/><E38/><V51/><F72/><W6/><G6/><T113/><D113/><U81/><E81/><V126/><F126/><W105/><G105/><T106/><REACH who="0" step="1"/><D86/><REACH who="0" ten="153,286,271,280" step="2"/><U70/><E70/><V129/><F129/><W124/><G124/><T14/><AGARI ba="1,1" hai="5,10,14,16,23,26,53,57,60,92,93,97,103,106" machi="14" ten="20,12000,2" yaku="1,1,2,1,0,1,7,1,54,1,53,1" doraHai="37" doraHaiUra="59" who="0" fromWho="0" sc="153,133,286,-31,271,-31,280,-61" /><INIT seed="4,0,0,3,4,106" ten="286,255,240,219" oya="0" hai0="66,131,12,109,78,34,54,111,43,21,107,59,38" hai1="5,72,73,48,47,45,6,91,1,105,99,22,24" hai2="85,37,62,42,101,115,57,18,122,69,104,90,46" hai3="128,15,113,56,97,51,33,100,83,31,60,40,4"/><T67/><D107/><U88/><E105/><V130/><F115/><W3/><G113/><T68/><D34/><U102/><E1/><V132/><F130/><W95/><G128/><T70/><D131/><U86/><E102/><V11/><F132/><W55/><G3/><T36/><D78/><U123/><E99/><V39/><F69/><N who="0" m="26730" /><D21/><U63/><E63/><V121/><F39/><N who="0" m="14890" /><D43/><U65/><E65/><N who="0" m="24585" /><D12/><U74/><E22/><V53/><F101/><W58/><G33/><T94/><D94/><U98/><E98/><V23/><F104/><W44/><G31/><T87/><D87/><U49/><E86/><V112/><F112/><W127/><G127/><T126/><D126/><U93/><E74/><V77/><F77/><W16/><G58/><T119/><D119/><U71/><E71/><V135/><F135/><W26/><G83/><T64/><N who="0" m="24593" /><T133/><DORA hai="81" /><D133/><U25/><E93/><V20/><F20/><W82/><G82/><T8/><D8/><U108/><E25/><V30/><F11/><N who="3" m="6271" /><G4/><T19/><D19/><U0/><E0/><V114/><F30/><W28/><G28/><T117/><D117/><U2/><E2/><V13/><F114/><W79/><G79/><T125/><D125/><U35/><E5/><V50/><F37/><W134/><G134/><T92/><D92/><AGARI ba="0,0" hai="13,18,23,42,46,50,53,57,62,85,90,92,121,122" machi="92" ten="30,2000,0" yaku="7,1,52,1" doraHai="106,81" who="2" fromWho="0" sc="286,-20,255,0,240,20,219,0" /><INIT seed="5,0,0,1,2,103" ten="266,255,260,219" oya="1" hai0="131,123,132,65,14,34,21,4,118,115,45,36,55" hai1="95,86,42,129,104,5,17,37,54,47,8,75,83" hai2="134,44,61,117,31,98,27,35,79,58,26,18,63" hai3="91,11,85,67,92,90,101,52,38,15,1,3,7"/><U81/><E129/><V133/><F117/><W77/><G38/><T62/><D34/><U12/><E104/><V127/><F79/><W111/><G111/><T51/><D118/><U9/><E75/><V109/><F109/><W29/><G67/><T2/><D115/><U113/><E113/><V10/><F44/><W59/><G29/><T72/><D72/><U87/><E54/><V25/><F127/><W0/><G77/><T56/><D131/><U30/><E30/><V50/><F50/><W120/><G120/><T76/><D132/><N who="2" m="50794" /><F63/><W71/><G71/><T102/><D76/><U49/><E37/><V82/><F82/><N who="1" m="31241" /><E95/><V74/><F74/><W105/><G91/><T20/><D36/><U68/><E68/><V16/><F35/><W89/><G89/><T53/><D2/><U78/><E78/><V43/><F43/><W116/><G116/><T119/><D119/><U125/><E125/><V24/><F10/><W6/><G6/><T108/><D108/><U13/><AGARI ba="0,0" hai="5,8,9,12,13,17,42,47,49,86,87" m="31241" machi="13" ten="30,1500,0" yaku="8,1" doraHai="103" who="1" fromWho="1" sc="266,-5,255,15,260,-5,219,-5" /><INIT seed="5,1,0,0,1,3" ten="261,270,255,214" oya="1" hai0="80,17,102,34,4,50,89,95,92,90,98,33,111" hai1="23,30,61,18,60,2,21,77,19,5,39,94,55" hai2="47,70,52,8,118,46,119,11,64,67,63,82,36" hai3="88,107,108,27,85,57,121,26,74,15,99,62,69"/><U117/><E39/><V97/><F82/><W38/><G108/><T59/><D111/><U32/><E117/><V72/><F72/><W134/><G121/><T103/><D17/><U45/><E77/><V101/><F67/><W115/><G134/><T43/><D80/><U130/><E130/><V128/><F128/><W41/><G115/><T126/><D126/><U29/><E32/><V76/><F76/><W9/><G74/><T131/><D131/><U25/><E94/><V14/><F11/><W66/><G69/><T133/><D133/><U42/><E2/><V49/><F46/><W7/><G38/><T113/><D113/><U87/><E87/><V114/><F36/><W12/><G12/><T48/><D59/><N who="1" m="34943" /><E61/><V35/><F35/><W31/><G41/><T122/><D43/><U37/><E37/><V127/><F127/><W79/><G31/><T40/><D40/><U104/><E104/><V54/><F54/><W93/><REACH who="3" step="1"/><G79/><REACH who="3" ten="261,270,255,204" step="2"/><T124/><D122/><U86/><E30/><V68/><F70/><W78/><G78/><T20/><D124/><U105/><E29/><V0/><F0/><W75/><G75/><T129/><D129/><U28/><E28/><V22/><F114/><W6/><G6/><T1/><D1/><U13/><E5/><V132/><F132/><W112/><G112/><T116/><D116/><U106/><E13/><V96/><F119/><W71/><G71/><T56/><D4/><U83/><E42/><V100/><F118/><W123/><G123/><T110/><D110/><U24/><E21/><V58/><F22/><W65/><G65/><RYUUKYOKU ba="1,1" sc="261,-10,270,-10,255,-10,204,30" hai3="7,9,15,26,27,57,62,66,85,88,93,99,107" /><INIT seed="6,2,1,2,3,55" ten="251,260,245,234" oya="2" hai0="72,105,89,17,48,76,40,60,83,12,29,132,16" hai1="32,33,128,100,67,43,64,42,56,24,59,8,38" hai2="4,1,108,117,9,41,115,103,6,112,81,10,125" hai3="123,51,37,45,98,13,66,11,92,116,46,54,130"/><V90/><F117/><W35/><G116/><T101/><D132/><U23/><E128/><V14/><F103/><W121/><G130/><T19/><D29/><U85/><E100/><V5/><F41/><N who="1" m="15369" /><E32/><V88/><F125/><W75/><G35/><T65/><D89/><N who="2" m="34410" /><F6/><W97/><G75/><T78/><D78/><U77/><E38/><V18/><F5/><W79/><G79/><T7/><D7/><U3/><E8/><V127/><F127/><W102/><G66/><T122/><D122/><U126/><E3/><V91/><N who="2" m="34418" /><V106/><DORA hai="124" /><F106/><W28/><G98/><T87/><D72/><U58/><E33/><V119/><F119/><W25/><G45/><T84/><D84/><U109/><E64/><V80/><F108/><W44/><G44/><N who="0" m="25607" /><D101/><U34/><E109/><V57/><F57/><W110/><G110/><T133/><D105/><U134/><E34/><V26/><F26/><W104/><G104/><T63/><D133/><U114/><E134/><V113/><AGARI ba="2,1" hai="1,4,9,10,14,18,80,81,112,113,115" m="34418" machi="113" ten="40,3900,0" yaku="15,1,54,1" doraHai="55,124" who="2" fromWho="2" sc="251,-15,260,-15,245,55,234,-15" owari="236,-16.4,245,4.5,300,40.0,219,-28.1" /></mjloggm>