<mjloggm ver="2.3"><GO type="225" lobby="0"/><UN n0="%E3%81%BF%E3%81%BF%E3%81%9A" n1="%E3%81%8B%E3%82%8F%E3%81%A1%E3%82%83%E3%82%93%35%38" n2="%E6%9D%B1%E9%A2%A8%E3%81%AE%E3%81%8D%E3%82%83%E3%81%B7%E3%81%95%E3%82%93" n3="%65%6B%61%72%75%74%65" dan="18,17,17,16" rate="2249.15,2175.31,2199.10,2163.69" sx="M,M,M,M"/><TAIKYOKU oya="0"/><INIT seed="0,0,0,0,0,48" ten="250,250,250,250" oya="0" hai0="83,117,21,64,43,118,60,41,65,71,76,123,62" hai1="113,24,106,88,131,50,15,87,108,91,110,66,109" hai2="70,133,42,92,23,135,61,104,81,1,13,129,2" hai3="22,38,68,0,26,45,19,120,55,103,94,47,9"/><T128/><D123/><U102/><E131/><V33/><F104/><W4/><G120/><T98/><D128/><U67/><E113/><V96/><F33/><W107/><G68/><T69/><D21/><U79/><E79/><V63/><F42/><W73/><G73/><T37/><D98/><N who="1" m="61783" /><E15/><V34/><F34/><W130/><G130/><T5/><D5/><U17/><E91/><V84/><F129/><W53/><G107/><T132/><D132/><N who="2" m="50762" /><F23/><W31/><G31/><T27/><D27/><U6/><E6/><V100/><F13/><W126/><G126/><T105/><D105/><U39/><E39/><V114/><F114/><W30/><G30/><T116/><REACH who="0" step="1"/><D37/><REACH who="0" ten="240,250,250,250" step="2"/><U59/><E24/><V49/><F49/><W74/><G38/><T11/><D11/><U85/><E50/><V25/><F25/><W78/><G26/><T16/><D16/><U54/><E17/><V124/><F124/><W97/><G22/><T57/><D57/><U115/><E115/><V82/><F70/><W10/><G19/><T77/><D77/><U20/><E20/><V3/><F84/><AGARI ba="0,1" hai="41,43,60,62,64,65,69,71,76,83,84,116,117,118" machi="84" ten="40,3900,0" yaku="1,1,9,1,53,0" doraHai="48" doraHaiUra="29" who="0" fromWho="2" sc="240,49,250,0,250,-39,250,0" /><INIT seed="0,1,0,0,4,80" ten="289,250,211,250" oya="0" hai0="114,88,48,22,83,77,8,20,3,78,131,23,64" hai1="18,37,85,16,118,65,40,50,35,56,98,124,97" hai2="121,71,126,111,44,135,132,79,12,53,122,107,5" hai3="59,24,1,67,86,103,89,14,95,25,129,57,112"/><T125/><D114/><U119/><E35/><V99/><F71/><W49/><G1/><T6/><D125/><U52/><E124/><V105/><F12/><W9/><G129/><T55/><D131/><U10/><E37/><V115/><F5/><W45/><G103/><T26/><D64/><U38/><E38/><V13/><F13/><W30/><G112/><T84/><REACH who="0" step="1"/><D26/><REACH who="0" ten="279,250,211,250" step="2"/><N who="3" m="10345" /><G67/><T113/><D113/><U33/><E119/><V76/><F115/><W41/><G30/><T104/><D104/><U17/><E118/><V120/><F126/><W11/><G11/><T96/><D96/><U66/><E10/><V75/><F99/><N who="1" m="37897" /><E33/><V106/><F111/><W73/><G73/><T123/><D123/><U101/><E101/><V117/><F117/><W92/><G92/><T74/><D74/><U46/><E85/><V91/><F75/><W36/><G36/><T29/><D29/><U82/><E82/><V93/><F53/><W58/><G58/><AGARI ba="1,1" hai="3,6,8,20,22,23,48,55,58,77,78,83,84,88" machi="58" ten="40,7700,0" yaku="1,1,52,1,54,1,53,0" doraHai="80" doraHaiUra="134" who="0" fromWho="3" sc="279,90,250,0,211,0,250,-80" /><INIT seed="0,2,0,2,1,44" ten="369,250,211,170" oya="0" hai0="36,131,22,39,111,12,116,40,55,109,42,105,115" hai1="18,78,71,3,96,132,58,104,108,47,64,15,77" hai2="130,27,52,82,123,88,31,84,70,100,127,76,37" hai3="103,56,53,24,121,35,25,128,75,66,120,87,92"/><T80/><D115/><U107/><E3/><V135/><F70/><W133/><G75/><T4/><D116/><U20/><E71/><V23/><F37/><N who="0" m="14410" /><D105/><U17/><E108/><N who="0" m="41545" /><D131/><U106/><E132/><V57/><F127/><W48/><G128/><T26/><D80/><U65/><E96/><V86/><F123/><W11/><G11/><N who="0" m="4199" /><D55/><U16/><E106/><V98/><F135/><W126/><G133/><T14/><D14/><U119/><E107/><V10/><F130/><W113/><G113/><T43/><D43/><U110/><E104/><V99/><F10/><W124/><G66/><T83/><D83/><U45/><E65/><V67/><F67/><W32/><G121/><T30/><AGARI ba="2,0" hai="22,26,30,40,42" m="4199,41545,14410" machi="30" ten="30,3000,0" yaku="14,1,10,1" doraHai="44" who="0" fromWho="0" sc="369,36,250,-12,211,-12,170,-12" /><INIT seed="0,3,0,2,5,13" ten="405,238,199,158" oya="0" hai0="35,94,124,72,57,74,103,84,76,121,69,79,4" hai1="30,95,7,31,23,85,29,73,81,114,5,53,90" hai2="41,135,28,67,83,55,24,117,36,40,134,133,86" hai3="38,118,39,130,111,17,46,15,97,116,26,131,92"/><T71/><D121/><U49/><E114/><V10/><F117/><N who="3" m="45163" /><G26/><T19/><D35/><U14/><E73/><V0/><F36/><N who="3" m="13867" /><G46/><T96/><D4/><U68/><E68/><V60/><F55/><W22/><G92/><T123/><D123/><U70/><E70/><N who="2" m="42343" /><F10/><W107/><G97/><T65/><D124/><U89/><E23/><N who="2" m="15391" /><F0/><W48/><G48/><T52/><D65/><U104/><E104/><V112/><F112/><W33/><G107/><T34/><D34/><U45/><REACH who="1" step="1"/><E14/><REACH who="1" ten="405,228,199,158" step="2"/><V101/><F101/><W54/><G33/><T18/><D71/><U58/><E58/><V91/><AGARI ba="3,1" hai="40,41,83,86,91,133,134,135" m="15391,42343" machi="91" ten="30,1100,0" yaku="20,1" doraHai="13" who="2" fromWho="2" sc="405,-8,228,-6,199,30,158,-6" /><INIT seed="1,0,0,3,3,116" ten="397,222,229,152" oya="1" hai0="9,34,54,51,105,115,14,94,126,28,17,73,125" hai1="8,109,90,118,47,83,35,56,130,59,134,71,58" hai2="120,110,82,46,77,52,41,78,117,11,123,20,88" hai3="61,48,92,21,3,131,80,22,7,27,63,45,81"/><U122/><E35/><V18/><F117/><W111/><G111/><T66/><D105/><U114/><E118/><V44/><F110/><W40/><G131/><T69/><D73/><U97/><E109/><V30/><F30/><W26/><G3/><T29/><D115/><U53/><E71/><V85/><F11/><W57/><G7/><T113/><D113/><U25/><E114/><V132/><F132/><W108/><G92/><T100/><D34/><U76/><E122/><V128/><F128/><W33/><G33/><T106/><D106/><U55/><E130/><V87/><F52/><W4/><G63/><T103/><D66/><U127/><E134/><V65/><F65/><W43/><G4/><T23/><D69/><U96/><E127/><N who="0" m="48649" /><D94/><U112/><E112/><V39/><F46/><W89/><G43/><T36/><D36/><U133/><E133/><V124/><F124/><W101/><G101/><N who="0" m="38987" /><D9/><U70/><E8/><V102/><F102/><W19/><G89/><T38/><D38/><U42/><E70/><V74/><F74/><W1/><G1/><T62/><D62/><U95/><E96/><V6/><F6/><W119/><G119/><T98/><D98/><U13/><E83/><N who="2" m="49215" /><F77/><W16/><G108/><T64/><D64/><AGARI ba="0,0" hai="16,19,21,22,26,27,40,45,48,57,61,64,80,81" machi="64" ten="30,7700,0" yaku="7,1,9,1,8,1,54,1" doraHai="116" who="3" fromWho="0" sc="397,-77,222,0,229,0,152,77" /><INIT seed="2,0,0,5,5,46" ten="320,222,229,229" oya="2" hai0="30,13,134,47,106,93,44,128,0,135,38,104,6" hai1="71,35,103,82,69,17,118,70,66,11,87,3,4" hai2="12,56,95,110,55,24,16,41,117,112,81,27,107" hai3="111,63,84,25,98,48,105,23,43,73,65,133,79"/><V14/><F117/><W99/><G111/><T28/><D0/><U109/><E118/><V33/><F112/><W120/><G133/><N who="0" m="50699" /><D128/><U115/><E115/><V122/><F107/><N who="0" m="41002" /><D38/><U88/><E109/><V100/><F110/><W19/><G73/><T45/><D93/><U9/><E103/><V132/><F132/><W108/><G120/><T21/><D21/><U113/><E113/><V53/><F122/><W77/><G108/><T39/><D39/><U58/><E35/><V89/><F41/><W2/><G2/><T49/><D49/><U119/><E119/><V114/><F114/><W76/><G84/><T74/><D74/><U42/><E42/><V15/><F100/><W62/><G105/><T97/><D97/><N who="3" m="36873" /><G65/><T50/><D50/><U68/><E68/><V1/><F1/><W85/><G85/><T116/><D116/><U22/><E11/><AGARI ba="0,0" hai="6,11,13,28,30,44,45,47" m="41002,50699" machi="11" ten="40,1300,0" yaku="20,1" doraHai="46" who="0" fromWho="1" sc="320,13,222,-13,229,0,229,0" /><INIT seed="3,0,0,4,3,71" ten="333,209,229,229" oya="3" hai0="1,112,122,50,40,22,24,37,76,82,64,118,25" hai1="48,31,46,60,102,79,134,94,93,114,81,133,91" hai2="35,70,59,106,44,66,38,101,78,57,53,14,104" hai3="62,63,97,128,65,33,73,116,129,20,42,11,84"/><W75/><G116/><T87/><D1/><U108/><E31/><V30/><F78/><W113/><G113/><T125/><D37/><U58/><E114/><V99/><F106/><W10/><G33/><T123/><D64/><U89/><E102/><V109/><F109/><W67/><G20/><T49/><D112/><U85/><E108/><V2/><F2/><W95/><G42/><T130/><D118/><U96/><E58/><V3/><F3/><W88/><G84/><T61/><D61/><U23/><E23/><V7/><F7/><W47/><G47/><T51/><D40/><U132/><E60/><N who="3" m="23082" /><G67/><T119/><D119/><U100/><E94/><V0/><F0/><W98/><G98/><T74/><D25/><U39/><E39/><V127/><F66/><W41/><G41/><AGARI ba="0,0" hai="41,46,48,79,81,85,89,91,93,96,100,132,133,134" machi="41" ten="40,1300,0" yaku="20,1" doraHai="71" who="1" fromWho="3" sc="333,0,209,13,229,0,229,-13" owari="333,43.3,222,-17.8,229,2.9,216,-28.4" /></mjloggm>