<mjloggm ver="2.3"><GO type="225" lobby="0"/><UN n0="%E3%82%B3%E3%83%90%E3%83%AC%E3%82%A4" n1="%E4%BA%AE%E6%B5%81%E6%89%93%E8%80%85" n2="%E3%81%86%E3%81%A9%E3%82%93%E3%81%93" n3="%47%68%6F%73%74%55%30" dan="16,16,16,17" rate="2132.52,2123.97,2124.25,2158.24" sx="M,F,M,F"/><TAIKYOKU oya="0"/><INIT seed="0,0,0,0,1,90" ten="250,250,250,250" oya="0" hai0="3,82,132,1,100,68,106,69,44,24,88,134,31" hai1="35,26,50,115,111,40,55,75,77,73,9,0,121" hai2="70,113,38,96,84,71,53,54,116,48,118,65,13" hai3="58,117,87,104,17,83,85,125,61,22,126,42,78"/><T72/><D44/><N who="1" m="25863" /><E121/><V59/><F84/><W123/><G117/><N who="2" m="45161" /><F13/><W41/><G104/><T56/><D56/><U98/><E0/><V57/><F96/><W36/><G123/><T16/><D106/><U29/><E9/><V110/><F38/><W124/><G85/><N who="0" m="50231" /><D100/><U99/><E55/><N who="2" m="31975" /><F110/><W45/><G41/><T7/><D72/><N who="1" m="27723" /><E77/><V51/><F113/><W122/><G122/><T10/><D3/><U120/><E120/><V97/><F97/><W74/><G74/><T28/><D69/><N who="2" m="26122" /><F54/><N who="3" m="34007" /><G17/><T21/><D68/><U101/><E101/><V95/><F95/><W32/><G22/><T23/><D23/><U6/><E6/><V20/><F20/><W19/><G19/><T4/><D4/><U92/><E92/><V47/><F47/><W131/><G32/><N who="0" m="20487" /><D31/><U25/><E25/><V112/><F112/><W11/><G11/><T49/><D1/><U108/><E115/><V5/><F5/><W66/><G78/><T18/><D7/><U62/><E62/><V64/><AGARI ba="0,0" hai="51,53,59,64,65" m="26122,31975,45161" machi="64" ten="40,5200,0" yaku="12,1,34,2" doraHai="90" who="2" fromWho="2" sc="250,-26,250,-13,250,52,250,-13" /><INIT seed="1,0,0,3,0,59" ten="224,237,302,237" oya="1" hai0="120,66,121,1,90,12,69,72,126,40,8,10,44" hai1="42,87,29,70,124,50,134,25,65,0,53,85,71" hai2="81,34,129,83,56,125,110,117,104,93,74,15,23" hai3="37,73,108,27,122,119,21,92,116,47,75,45,78"/><U46/><E0/><V91/><F34/><W109/><G92/><T82/><D66/><U111/><E111/><N who="3" m="42570" /><G122/><T22/><D69/><U16/><E134/><V79/><F110/><W51/><G37/><T100/><D100/><U112/><E112/><V133/><F133/><W17/><G45/><T61/><D61/><N who="1" m="40239" /><E71/><V60/><F104/><W2/><G2/><T131/><D1/><U89/><E89/><V132/><F132/><W41/><G78/><T68/><D68/><U6/><E6/><V84/><F117/><AGARI ba="0,0" hai="17,21,27,41,47,51,73,75,116,117,119" m="42570" machi="117" ten="30,2000,0" yaku="12,1,14,1" doraHai="59" who="3" fromWho="2" sc="224,0,237,0,302,-20,237,20" /><INIT seed="2,0,0,2,2,36" ten="224,237,282,257" oya="2" hai0="112,58,134,33,9,63,116,17,50,21,19,46,79" hai1="31,18,16,62,119,96,30,115,55,7,43,59,122" hai2="106,14,98,95,66,12,13,129,131,104,132,65,47" hai3="73,113,45,76,118,82,103,93,38,91,4,100,3"/><V6/><F6/><W108/><G118/><T80/><D33/><U0/><E115/><V105/><F47/><W128/><G113/><T126/><D116/><U35/><E119/><V23/><F23/><W52/><G108/><T24/><D112/><U90/><E122/><V94/><F132/><W75/><G128/><N who="2" m="49225" /><F98/><W40/><G73/><T1/><D134/><U86/><E96/><V130/><F130/><W70/><G70/><T37/><D37/><U87/><E35/><V34/><F34/><W109/><G109/><T15/><D1/><U44/><E0/><V28/><F28/><N who="1" m="10793" /><E7/><V71/><F71/><W121/><G121/><T114/><D114/><U56/><E56/><V51/><F51/><W123/><G123/><T120/><D120/><U68/><E68/><V85/><F85/><N who="1" m="32265" /><E90/><V107/><F107/><W133/><G133/><T11/><D11/><U53/><E43/><V20/><F20/><W124/><G4/><T5/><D58/><N who="1" m="35151" /><E44/><V67/><AGARI ba="0,0" hai="12,13,14,65,66,67,94,95,104,105,106" m="49225" machi="67" ten="50,12000,1" yaku="29,2,28,2,19,1" doraHai="36" who="2" fromWho="2" sc="224,-40,237,-40,282,120,257,-40" /><INIT seed="2,1,0,5,1,107" ten="184,197,402,217" oya="2" hai0="42,109,11,115,32,92,86,100,5,63,21,4,110" hai1="57,52,1,30,46,97,120,104,101,0,99,18,108" hai2="132,54,38,128,119,78,24,87,56,64,48,35,113" hai3="122,124,17,66,40,79,117,20,96,31,95,65,75"/><V125/><F113/><W90/><G117/><T60/><D32/><U27/><E108/><N who="0" m="41577" /><D115/><U23/><E120/><V43/><F119/><W55/><G122/><T83/><D42/><U98/><E46/><V131/><F64/><W72/><G124/><T3/><D5/><U89/><E30/><V103/><F103/><W41/><G31/><T123/><D123/><U91/><E97/><V36/><F125/><W106/><G106/><T84/><D21/><U73/><E73/><V69/><F69/><W118/><G118/><T47/><D47/><U102/><E91/><V9/><F9/><W61/><G55/><T121/><D121/><U28/><E28/><V85/><F43/><W70/><G65/><T93/><D86/><U58/><E58/><V94/><F24/><W68/><G68/><T80/><D80/><U111/><E111/><V34/><F54/><W81/><G75/><T2/><D2/><U88/><E88/><BYE who="1" /><V45/><F85/><UN n1="%E4%BA%AE%E6%B5%81%E6%89%93%E8%80%85" /><W71/><G71/><T33/><D33/><U53/><E53/><V67/><F34/><W37/><G37/><T13/><D3/><U8/><E89/><V127/><F38/><W129/><G129/><T16/><D4/><U49/><E8/><V10/><F10/><W51/><G51/><T22/><D11/><U7/><E7/><V112/><F131/><W76/><G76/><N who="0" m="46183" /><D100/><U59/><E59/><V29/><F128/><W133/><G40/><T126/><D126/><U114/><E114/><V44/><F127/><W62/><G41/><T26/><D26/><U82/><E82/><V15/><F36/><W6/><G6/><RYUUKYOKU ba="1,0" sc="184,15,197,15,402,-15,217,-15" hai0="13,16,22,60,63,92,93" hai1="0,1,18,23,27,49,52,57,98,99,101,102,104" /><INIT seed="3,2,0,4,0,40" ten="199,212,387,202" oya="3" hai0="91,68,67,43,33,48,135,132,2,104,61,108,57" hai1="119,53,29,32,49,112,102,71,96,31,5,88,131" hai2="81,113,73,51,77,22,124,115,74,72,92,87,66" hai3="62,129,58,59,114,12,116,13,25,35,78,39,70"/><W24/><G114/><T52/><D2/><U23/><E88/><V0/><F0/><W94/><G116/><T34/><D104/><U80/><E23/><V128/><F66/><W127/><G39/><T75/><D75/><U16/><E16/><V84/><F51/><W123/><G123/><T14/><D108/><U26/><E80/><N who="2" m="47119" /><F22/><W134/><G70/><T107/><D107/><U18/><E26/><N who="3" m="10346" /><G35/><T42/><D14/><N who="3" m="5737" /><G129/><T27/><D91/><U21/><E102/><V41/><F41/><N who="0" m="15370" /><D27/><U99/><E131/><V130/><F92/><W85/><G127/><T122/><D122/><U56/><E112/><N who="2" m="43083" /><F124/><W38/><G38/><T93/><D93/><U19/><E32/><V45/><F128/><W9/><G134/><N who="0" m="51243" /><D34/><U126/><E126/><V36/><F130/><W1/><G1/><T7/><D33/><U15/><E15/><V8/><F73/><W125/><G125/><T106/><D106/><U69/><E119/><V90/><F74/><W4/><G62/><N who="0" m="40055" /><D7/><U120/><E5/><V46/><F36/><W20/><G20/><T95/><D95/><U86/><E21/><V105/><F105/><W54/><G94/><T55/><D48/><N who="1" m="30759" /><E120/><V89/><F72/><W100/><G100/><T117/><D117/><U63/><E49/><V44/><F8/><W11/><G4/><T83/><D83/><U97/><E18/><V60/><F60/><W118/><G118/><T28/><D28/><N who="1" m="10827" /><E19/><V111/><F81/><N who="3" m="47287" /><G54/><AGARI ba="2,0" hai="52,54,55,57,61" m="40055,51243,15370" machi="54" ten="30,7700,0" yaku="20,1,34,2,54,1" doraHai="40" who="0" fromWho="3" sc="199,83,212,0,387,0,202,-83" owari="282,8.2,212,-18.8,387,48.7,119,-38.1" /></mjloggm>