<mjloggm ver="2.3"><GO type="225" lobby="0"/><UN n0="%E3%81%82%E3%81%B9%E3%81%99%E3%81%91" n1="%E6%AF%9B%E8%8D%92%E3%82%8C%E3%83%BB%E3%82%B9%E3%83%9F%E3%82%B9" n2="%E3%83%AC%E3%82%A4%E3%83%88%E3%83%B3%E5%87%86%E6%95%99%E6%8E%88" n3="%73%61%6E%64%69%72%69%73" dan="16,16,18,16" rate="2108.32,2084.23,2273.39,2144.09" sx="M,F,M,M"/><TAIKYOKU oya="0"/><INIT seed="0,0,0,3,3,69" ten="250,250,250,250" oya="0" hai0="6,33,8,135,70,18,108,14,62,88,25,97,34" hai1="132,11,119,37,0,7,13,118,49,112,113,23,117" hai2="45,96,47,51,106,56,104,101,129,107,121,110,24" hai3="43,76,131,73,26,15,64,105,95,86,20,81,5"/><T29/><D135/><U35/><E49/><V114/><F114/><N who="1" m="44137" /><E37/><V1/><F1/><W75/><G105/><T120/><D120/><U115/><N who="1" m="44145" /><U46/><DORA hai="128" /><E46/><V52/><F121/><W50/><G131/><T32/><D108/><U41/><E41/><V4/><F4/><W65/><G95/><T127/><D127/><U61/><E61/><V82/><F129/><W57/><G75/><T36/><D36/><U42/><E42/><V102/><F24/><W17/><G73/><T77/><D77/><U98/><E98/><V85/><F110/><W3/><G3/><T59/><D70/><U83/><E83/><V38/><F102/><W90/><G90/><T116/><D116/><U2/><E132/><V122/><F122/><W58/><G58/><T103/><D18/><N who="1" m="10703" /><E0/><V134/><F134/><W22/><G57/><T89/><D89/><U10/><E11/><V67/><F47/><N who="3" m="25983" /><G5/><T93/><REACH who="0" step="1"/><D103/><REACH who="0" ten="240,250,250,250" step="2"/><U39/><E39/><V60/><F38/><W55/><G76/><AGARI ba="0,1" hai="45,51,52,56,60,67,76,82,85,96,101,104,106,107" machi="76" ten="30,2000,0" yaku="7,1,54,1" doraHai="69,128" who="2" fromWho="3" sc="240,0,250,0,250,30,250,-20" /><INIT seed="1,0,0,3,1,48" ten="240,250,280,230" oya="1" hai0="3,103,115,72,119,123,81,49,132,45,54,107,44" hai1="33,59,127,117,16,8,30,14,121,9,47,6,63" hai2="11,51,93,133,126,67,15,122,56,18,76,42,25" hai3="38,53,86,105,100,75,124,111,118,2,97,17,52"/><U66/><E117/><V134/><F122/><W84/><G75/><T135/><D115/><U112/><E127/><V31/><F126/><W108/><G124/><T98/><D119/><U82/><E112/><V113/><F113/><W77/><G118/><T5/><D123/><U87/><E121/><V50/><F76/><W65/><G38/><T94/><D3/><U21/><E47/><V130/><F130/><W26/><G65/><T102/><D5/><U46/><E46/><V4/><F4/><W106/><G106/><T36/><D103/><U32/><E30/><V27/><F27/><W23/><G2/><T60/><D60/><U58/><E58/><V114/><F42/><W116/><G116/><T68/><D68/><U131/><E131/><V22/><F93/><W101/><G101/><T125/><D125/><U57/><E57/><V43/><F43/><W12/><G26/><T69/><D69/><U92/><E92/><V34/><F34/><W109/><G86/><T29/><D29/><U64/><E64/><V70/><F70/><W128/><G128/><T80/><D94/><U104/><E104/><V37/><F37/><W110/><G110/><T99/><D99/><U19/><E19/><V41/><F41/><W13/><G13/><T78/><D81/><AGARI ba="0,0" hai="12,17,23,52,53,77,81,84,97,100,105,108,109,111" machi="81" ten="40,8000,1" yaku="14,1,52,2,54,1" doraHai="48" who="3" fromWho="0" sc="240,-80,250,0,280,0,230,80" /><INIT seed="2,0,0,1,2,24" ten="160,250,280,310" oya="2" hai0="93,46,55,45,111,97,56,41,12,82,81,73,115" hai1="103,33,19,127,130,71,58,86,18,40,34,123,120" hai2="85,17,32,134,10,11,22,109,132,69,3,23,7" hai3="61,110,21,47,68,26,16,67,0,53,89,4,1"/><V30/><F69/><W119/><G119/><T62/><D115/><U114/><E71/><V14/><F85/><W118/><G118/><T65/><D111/><U37/><E114/><V5/><F109/><W13/><G110/><T36/><D73/><U90/><E127/><V113/><F113/><W106/><G106/><T125/><D125/><U122/><E130/><V28/><F23/><W77/><G77/><T91/><D46/><N who="1" m="23823" /><E103/><V72/><F72/><W84/><G53/><T99/><D12/><U87/><E86/><V6/><F6/><W124/><G47/><T117/><D117/><U38/><E38/><V43/><F43/><W2/><G124/><T27/><D99/><U79/><E79/><V31/><F32/><N who="1" m="12393" /><E58/><V64/><F64/><W59/><G68/><T51/><REACH who="0" step="1"/><D27/><AGARI ba="0,0" hai="3,5,7,10,11,14,17,22,27,28,30,31,132,134" machi="27" ten="40,18000,2" yaku="34,3,52,3" doraHai="24" who="2" fromWho="0" sc="160,-180,250,0,280,180,310,0" owari="-20,-52.0,250,-15.0,460,56.0,310,11.0" /></mjloggm>