<mjloggm ver="2.3"><GO type="225" lobby="0"/><UN n0="%E5%86%B7%E5%87%8D%E3%82%AE%E3%83%A7%E3%83%BC%E3%82%B6" n1="%E3%81%B5%E3%81%98%E3%81%8B%E3%81%A4" n2="%E5%8D%A0%E3%81%84%E5%B8%AB%E8%A3%8F%E3%81%AA%E3%81%84%E3%81%97" n3="%72%65%6E%6B%75%6E" dan="17,16,16,17" rate="2203.45,2106.14,2167.07,2242.71" sx="M,M,M,M"/><TAIKYOKU oya="0"/><INIT seed="0,0,0,5,4,98" ten="250,250,250,250" oya="0" hai0="120,94,111,78,35,50,101,4,38,113,121,64,23" hai1="122,102,48,134,76,74,108,41,47,107,128,11,90" hai2="31,43,77,29,5,26,22,125,17,46,133,96,34" hai3="84,114,55,20,70,85,21,62,72,95,42,97,52"/><T123/><D35/><U45/><E122/><V112/><F112/><W129/><G72/><T2/><D38/><U18/><E134/><V99/><F133/><W49/><G114/><T82/><D113/><U13/><E108/><V100/><F125/><W83/><G129/><T59/><D111/><U60/><E128/><V8/><F77/><N who="3" m="46191" /><G70/><T106/><D106/><U75/><E60/><V1/><F31/><W27/><G85/><T69/><D69/><U39/><E90/><V104/><F99/><W132/><G132/><T79/><D79/><U16/><E76/><V124/><F124/><W7/><G7/><T115/><D115/><U58/><E58/><V91/><F91/><N who="3" m="55551" /><G62/><T65/><D4/><U57/><E57/><V73/><F73/><W109/><G109/><T24/><D2/><U36/><E18/><V25/><F46/><N who="3" m="25815" /><G20/><T87/><D120/><U86/><E86/><V33/><REACH who="2" step="1"/><F43/><REACH who="2" ten="250,250,240,250" step="2"/><W40/><G40/><T135/><D121/><U61/><E41/><V0/><F0/><W15/><G55/><N who="0" m="32247" /><D135/><U118/><E75/><V19/><F19/><W56/><G52/><T37/><D123/><U119/><E74/><V103/><F103/><W54/><G54/><T66/><D37/><N who="1" m="14411" /><E102/><V117/><F117/><W92/><G56/><T9/><D101/><U53/><E47/><V3/><F3/><W67/><G67/><T6/><D66/><U68/><E107/><V89/><F89/><W105/><G105/><T110/><D110/><U81/><E81/><V130/><F130/><W14/><G92/><T71/><D94/><U126/><E126/><V30/><F30/><AGARI ba="0,1" hai="14,15,21,27,30" m="25815,55551,46191" machi="30" ten="30,2000,0" yaku="6,1,8,1" doraHai="98" who="3" fromWho="2" sc="250,0,250,0,240,-20,250,30" /><INIT seed="1,0,0,0,1,70" ten="250,250,220,280" oya="1" hai0="21,87,121,17,109,51,84,116,11,104,24,110,86" hai1="88,9,130,19,46,94,43,108,112,89,7,57,53" hai2="26,67,74,39,41,20,1,100,128,95,134,90,50" hai3="111,115,13,48,103,33,69,131,10,5,35,83,2"/><U36/><E112/><V68/><F1/><W23/><G115/><T92/><D116/><U62/><E130/><V29/><F128/><W37/><G131/><T77/><D104/><U61/><E108/><N who="0" m="41577" /><D121/><U18/><E62/><V85/><F74/><W30/><G69/><T132/><D132/><U66/><E66/><V32/><F134/><W59/><G111/><T71/><D71/><U118/><E118/><V8/><F8/><W78/><G103/><T72/><D72/><U124/><E124/><V42/><F50/><W28/><G37/><T133/><D133/><U27/><E27/><V31/><F31/><W16/><G33/><T4/><D51/><U117/><E117/><V113/><F113/><W3/><G3/><N who="0" m="415" /><D77/><U79/><E79/><V22/><F100/><W129/><G129/><T25/><D25/><U64/><E64/><V105/><F105/><W76/><G35/><T127/><D127/><U44/><E44/><V120/><F120/><W97/><G78/><T81/><D81/><U14/><E89/><AGARI ba="0,0" hai="17,21,24,84,86,87,89,92" m="415,41577" machi="89" ten="30,1000,0" yaku="14,1" doraHai="70" who="0" fromWho="1" sc="250,10,250,-10,220,0,280,0" /><INIT seed="2,0,0,0,1,107" ten="260,240,220,280" oya="2" hai0="17,132,34,91,45,28,126,18,92,19,27,4,15" hai1="40,101,66,97,57,83,62,39,2,71,121,117,3" hai2="82,12,102,89,124,103,65,37,1,123,76,58,129" hai3="106,122,85,31,52,116,47,56,24,93,68,110,69"/><V88/><F123/><W128/><G106/><T115/><D115/><U72/><E117/><V5/><F1/><W127/><G116/><T77/><D126/><U9/><E121/><V42/><F124/><W53/><G53/><T75/><D132/><U118/><E118/><V108/><F37/><W87/><G127/><T113/><D113/><U8/><E8/><N who="2" m="4111" /><F129/><W105/><G122/><T11/><D45/><N who="1" m="23711" /><E57/><V67/><F42/><W29/><G105/><T13/><D77/><N who="1" m="44455" /><E9/><V51/><F108/><W84/><G110/><T63/><D63/><U111/><E111/><V36/><F36/><W21/><G128/><T98/><REACH who="0" step="1"/><D75/><REACH who="0" ten="250,240,220,280" step="2"/><U109/><E109/><V86/><F65/><W59/><G47/><T70/><D70/><U104/><AGARI ba="0,1" hai="2,3,62,66,71,97,101,104" m="44455,23711" machi="104" ten="30,4000,0" yaku="33,2,52,1" doraHai="107" who="1" fromWho="1" sc="250,-10,240,50,220,-20,280,-10" /><INIT seed="3,0,0,1,3,26" ten="240,290,200,270" oya="3" hai0="79,85,6,21,38,13,51,75,74,45,32,43,103" hai1="78,126,99,109,98,59,112,42,73,29,127,25,116" hai2="130,90,19,4,28,58,61,3,18,55,108,62,81" hai3="12,5,95,107,131,65,46,40,123,37,72,86,121"/><W36/><G107/><T66/><D32/><U27/><E112/><V70/><F108/><W122/><G72/><T87/><D66/><U115/><E115/><V92/><F130/><W34/><G131/><T105/><D85/><U41/><E109/><V24/><F3/><W128/><G128/><T91/><D38/><U77/><E59/><V111/><F111/><W118/><G118/><T56/><D56/><U39/><E39/><V120/><F4/><W117/><G34/><T17/><D6/><U22/><E27/><V110/><F110/><W96/><G86/><T83/><REACH who="0" step="1"/><D79/><REACH who="0" ten="230,290,200,270" step="2"/><U9/><E78/><V54/><F120/><W67/><G37/><T69/><D69/><U23/><E77/><V119/><F119/><W102/><G117/><T16/><D16/><U63/><E116/><V82/><F18/><W133/><REACH who="3" step="1"/><G133/><REACH who="3" ten="230,290,200,260" step="2"/><T101/><D101/><U8/><E73/><V89/><F19/><W31/><G31/><T20/><D20/><U106/><E23/><N who="2" m="15391" /><F70/><W80/><G80/><N who="2" m="30825" /><F92/><W134/><G134/><T97/><AGARI ba="0,2" hai="13,17,21,43,45,51,74,75,83,87,91,97,103,105" machi="97" ten="30,2000,0" yaku="1,1,0,1,53,0" doraHai="26" doraHaiUra="64" who="0" fromWho="0" sc="230,40,290,-5,200,-5,260,-10" /><INIT seed="4,0,0,4,5,10" ten="270,285,195,250" oya="0" hai0="69,105,112,59,5,121,87,7,82,56,1,122,73" hai1="44,133,111,37,132,46,77,50,43,113,110,13,49" hai2="134,95,92,99,34,40,70,51,4,116,20,68,3" hai3="32,102,25,100,98,83,53,64,124,28,104,120,26"/><T88/><D69/><U109/><E77/><V107/><F34/><W119/><G119/><T128/><D112/><U33/><E33/><V117/><F134/><N who="1" m="51817" /><E113/><V0/><F107/><W39/><G39/><T61/><D105/><U71/><E71/><N who="2" m="27179" /><F20/><W58/><G120/><T18/><D128/><U123/><E123/><V9/><F0/><W21/><G64/><T30/><D30/><U72/><E72/><V75/><F75/><W60/><G124/><T2/><D73/><U19/><E46/><N who="2" m="26055" /><F99/><W130/><G130/><T57/><D61/><U94/><E94/><V106/><F106/><W62/><G62/><T78/><D78/><U81/><E81/><V15/><F3/><W35/><G100/><T90/><D90/><U22/><AGARI ba="0,0" hai="13,19,22,37,43,44,49,50,109,110,111" m="51817" machi="22" ten="40,2700,0" yaku="20,1,52,1" doraHai="10" who="1" fromWho="1" sc="270,-13,285,27,195,-7,250,-7" owari="257,5.7,312,41.2,188,-31.2,243,-15.7" /></mjloggm>