<mjloggm ver="2.3"><GO type="225" lobby="0"/><UN n0="%E3%81%82%E3%81%B9%E3%81%99%E3%81%91" n1="%E6%B4%BE%E9%81%A3%E3%81%AE%E3%82%B8%E3%83%A3%E3%83%83%E3%82%AF" n2="%E3%82%B2%E3%82%B9%E8%8C%82%E5%8B%9D" n3="%E3%81%A8%E3%82%93%E3%81%A8%E3%81%93%E3%81%A8%E3%82%93" dan="16,17,16,16" rate="2106.56,2199.11,2066.12,2126.29" sx="M,M,F,F"/><TAIKYOKU oya="0"/><INIT seed="0,0,0,4,3,17" ten="250,250,250,250" oya="0" hai0="16,100,87,5,63,79,6,74,59,13,127,104,4" hai1="12,97,58,72,39,46,134,52,119,33,2,123,78" hai2="106,14,3,77,108,54,111,124,18,98,42,65,44" hai3="92,110,83,20,101,133,25,112,47,129,80,50,26"/><T128/><D74/><U36/><E2/><V90/><F124/><W0/><G112/><T117/><D127/><U9/><E119/><V41/><F3/><W48/><G0/><T1/><D117/><U95/><E33/><V114/><F114/><W116/><G116/><T40/><D128/><U131/><E123/><V8/><F65/><W28/><G129/><T60/><D1/><U51/><E131/><V56/><F77/><W35/><G110/><N who="2" m="42025" /><F44/><W21/><G133/><T7/><D40/><U64/><E134/><V105/><F105/><W84/><G35/><T130/><D130/><U11/><E11/><V102/><F90/><N who="3" m="53319" /><G101/><T113/><D63/><AGARI ba="0,0" hai="8,14,18,41,42,54,56,63,98,102,106" m="42025" machi="63" ten="30,1000,0" yaku="14,1" doraHai="17" who="2" fromWho="0" sc="250,-10,250,0,250,10,250,0" /><INIT seed="1,0,0,0,1,27" ten="240,250,260,250" oya="1" hai0="8,75,62,69,17,97,39,7,129,114,96,77,56" hai1="21,36,61,73,14,86,108,6,2,126,85,93,88" hai2="51,131,103,10,110,18,40,50,100,123,9,47,30" hai3="78,74,5,87,32,26,4,66,29,25,120,45,121"/><U105/><E73/><V125/><F110/><W92/><G74/><T24/><D114/><U20/><E36/><V23/><F123/><W81/><G66/><T117/><D117/><U72/><E72/><V63/><F125/><W83/><G92/><T102/><D69/><U59/><E105/><V57/><F51/><W64/><G64/><T95/><D39/><U13/><E126/><V54/><F30/><W15/><G45/><T128/><D97/><U49/><E49/><V60/><F60/><W132/><G132/><T12/><D77/><U55/><E108/><V52/><F40/><W76/><G15/><N who="1" m="5642" /><E2/><V124/><F124/><W134/><G134/><T33/><D75/><U58/><E58/><V111/><F111/><W38/><G38/><T112/><D112/><U34/><E34/><V65/><F65/><W135/><G135/><T84/><D84/><N who="1" m="32363" /><E6/><V48/><F50/><W115/><G115/><T80/><D7/><U70/><E70/><V19/><F19/><W11/><G32/><T68/><D68/><U119/><E119/><V94/><F10/><W41/><G11/><T16/><D33/><U106/><E106/><V71/><F9/><W130/><G120/><T101/><D17/><U109/><E109/><V89/><F71/><W22/><G121/><T90/><D24/><U31/><E31/><V113/><F113/><W107/><G107/><T133/><D133/><U91/><E91/><V44/><F18/><W1/><G26/><T37/><D37/><U42/><E42/><V35/><F35/><N who="3" m="20911" /><G41/><T0/><D0/><U43/><E43/><N who="2" m="24607" /><F89/><W127/><G127/><RYUUKYOKU ba="0,0" sc="240,-10,250,30,260,-10,250,-10" hai1="20,21,55,59,61,88,93" /><INIT seed="1,1,0,0,3,75" ten="230,280,250,240" oya="1" hai0="61,32,102,20,26,60,100,101,83,103,34,56,95" hai1="119,124,123,97,17,18,67,46,76,25,9,117,30" hai2="2,86,3,57,22,71,55,52,5,53,7,108,13" hai3="64,28,106,42,62,128,74,107,104,21,63,41,129"/><U112/><E123/><V134/><F71/><W36/><G74/><T78/><D95/><U44/><E112/><V54/><F108/><W50/><G36/><T120/><D120/><U38/><E67/><V39/><F39/><W113/><G113/><T114/><D114/><U98/><E124/><V109/><F109/><W1/><G1/><T31/><N who="0" m="25600" /><DORA hai="133" /><T122/><D122/><U93/><E9/><V94/><F134/><W130/><G50/><T68/><D68/><U121/><E121/><V111/><F111/><W73/><G73/><T40/><D40/><N who="3" m="15465" /><G64/><T110/><D110/><U8/><E38/><V37/><F37/><W77/><G77/><T35/><REACH who="0" step="1"/><D56/><REACH who="0" ten="220,280,250,240" step="2"/><U29/><E93/><V84/><F94/><W45/><G45/><T87/><AGARI ba="1,1" hai="20,26,31,32,34,35,60,61,78,83,87" m="25600" machi="87" ten="50,8000,1" yaku="1,1,2,1,0,1,52,1,53,1" doraHai="75,133" doraHaiUra="81,43" who="0" fromWho="0" sc="220,93,280,-41,250,-21,240,-21" /><INIT seed="2,0,0,5,3,9" ten="313,239,229,219" oya="2" hai0="128,129,37,133,66,120,119,94,86,62,42,53,43" hai1="1,59,101,17,55,29,70,26,54,46,72,10,3" hai2="77,131,123,130,22,80,39,85,126,31,99,64,56" hai3="96,108,117,61,87,51,47,113,21,100,36,60,79"/><V104/><F123/><W65/><G117/><T90/><D120/><U24/><E70/><V25/><F39/><W12/><G36/><T35/><D35/><U122/><E72/><V4/><F126/><W76/><G108/><T7/><D133/><U103/><E122/><V114/><F114/><W132/><G132/><T127/><D127/><U116/><E116/><V81/><F4/><W82/><G113/><T134/><D134/><U50/><E1/><V74/><F64/><W107/><G76/><T109/><D109/><U102/><E29/><V20/><F56/><W97/><G97/><T92/><D53/><U13/><REACH who="1" step="1"/><E3/><REACH who="1" ten="313,229,229,219" step="2"/><V32/><F130/><W58/><G61/><AGARI ba="0,1" hai="10,13,17,24,26,46,50,54,55,59,61,101,102,103" machi="61" ten="40,8000,1" yaku="1,1,2,1,8,1,52,1,53,0" doraHai="9" doraHaiUra="106" who="1" fromWho="3" sc="313,0,229,90,229,0,219,-80" /><INIT seed="3,0,0,3,4,117" ten="313,319,229,139" oya="3" hai0="30,130,18,69,120,33,121,94,89,125,100,134,68" hai1="8,41,55,122,87,5,92,31,28,1,129,56,43" hai2="20,97,61,103,49,70,26,111,45,32,48,54,79" hai3="85,78,77,39,112,11,67,37,73,34,17,42,133"/><W7/><G112/><T98/><D134/><U123/><E129/><V60/><F111/><W83/><G34/><T114/><D130/><U95/><E122/><V16/><F32/><W110/><G133/><T91/><D18/><U2/><E123/><V115/><F115/><W46/><G110/><T108/><D33/><U65/><E2/><V127/><F127/><W84/><G37/><T128/><D30/><U76/><E65/><V126/><F126/><W53/><G67/><T44/><D44/><U27/><E31/><V10/><F70/><W66/><G66/><T19/><D19/><U113/><E113/><V86/><F10/><W105/><G105/><T88/><D128/><U15/><E1/><V102/><F102/><W9/><G53/><T119/><D91/><N who="1" m="53375" /><E95/><N who="2" m="58815" /><F48/><W124/><G124/><T57/><D119/><U75/><E75/><V23/><F23/><W6/><G17/><T72/><D69/><U36/><E76/><V21/><F21/><W82/><REACH who="3" step="1"/><G73/><REACH who="3" ten="313,319,229,129" step="2"/><T24/><D72/><U0/><E36/><V25/><F26/><W58/><G58/><T12/><D108/><U116/><E116/><V131/><F131/><W74/><G74/><T52/><D57/><U62/><E27/><V47/><F45/><W38/><G38/><T35/><D35/><U51/><E28/><V109/><F109/><W14/><G14/><T63/><D12/><U29/><E29/><V90/><F25/><W99/><G99/><T80/><D125/><U81/><E15/><V135/><F135/><W64/><G64/><T13/><D121/><U50/><E56/><V3/><F47/><RYUUKYOKU ba="0,1" sc="313,-10,319,-10,229,-10,129,30" hai3="6,7,9,11,39,42,46,77,78,82,83,84,85" /><INIT seed="3,1,1,1,5,96" ten="303,309,219,159" oya="3" hai0="35,25,45,135,95,94,70,119,43,100,28,120,34" hai1="65,66,16,61,98,128,3,52,92,89,129,6,83" hai2="79,121,68,55,11,122,13,132,111,105,69,133,63" hai3="90,7,21,67,78,118,87,130,49,59,115,17,110"/><W74/><G115/><T36/><D119/><U62/><E83/><V134/><F105/><W54/><G118/><T33/><D120/><N who="2" m="46186" /><F79/><W125/><G125/><T103/><D70/><U101/><E89/><V22/><F22/><W50/><G130/><N who="1" m="50282" /><E16/><N who="2" m="8255" /><F111/><W82/><G110/><T81/><D81/><U88/><E88/><V64/><F55/><W9/><G67/><N who="1" m="25610" /><E52/><V116/><F116/><W0/><G49/><T113/><D113/><U19/><E19/><V29/><F29/><W123/><G123/><T53/><D53/><U51/><E51/><V42/><F42/><W112/><G112/><T127/><D127/><U40/><E40/><V37/><F37/><W76/><REACH who="3" step="1"/><G74/><REACH who="3" ten="303,309,219,149" step="2"/><T99/><D135/><U57/><E57/><AGARI ba="1,2" hai="57,63,64,68,69,132,133,134" m="8255,46186" machi="57" ten="40,5200,0" yaku="20,1,13,1,54,1" doraHai="96" who="2" fromWho="1" sc="303,0,309,-55,219,75,149,0" owari="303,40.3,254,-14.6,294,9.4,149,-35.1" /></mjloggm>