<mjloggm ver="2.3"><GO type="225" lobby="0"/><UN n0="%E3%82%B3%E3%83%90%E3%83%AC%E3%82%A4" n1="%61%6D%65%6B%69" n2="%E6%98%93%E5%88%A9%E8%96%A9%E4%BC%AF" n3="%E5%A4%9C%E3%81%AE%E3%82%AC%E3%82%B9%E3%83%91%E3%83%BC%E3%83%AB" dan="16,16,16,17" rate="2072.46,2093.43,2020.59,2180.16" sx="M,M,F,M"/><TAIKYOKU oya="0"/><INIT seed="0,0,0,4,4,96" ten="250,250,250,250" oya="0" hai0="15,55,133,25,99,81,69,56,19,74,48,119,37" hai1="0,17,89,62,76,77,122,107,116,47,50,130,128" hai2="31,28,118,124,2,131,94,134,51,4,29,6,97" hai3="80,106,70,26,84,114,22,110,57,1,79,27,85"/><T60/><D119/><U83/><E107/><V42/><F118/><W88/><G114/><T54/><D37/><U20/><E0/><V33/><F33/><W41/><G70/><T65/><D133/><U58/><E122/><V126/><F131/><W12/><G1/><T3/><D3/><U135/><E135/><V86/><F86/><W78/><G110/><T7/><D7/><U32/><E32/><V46/><F134/><W9/><G106/><T75/><D25/><U49/><E116/><V5/><REACH who="2" step="1"/><F2/><REACH who="2" ten="250,250,240,250" step="2"/><W23/><G79/><T121/><D121/><U63/><E77/><V87/><F87/><W64/><G78/><T117/><D117/><U11/><E76/><V120/><F120/><W109/><G85/><T113/><D113/><U91/><E130/><V102/><AGARI ba="0,1" hai="4,5,6,28,29,31,42,46,51,94,97,102,124,126" machi="102" ten="40,5200,0" yaku="1,1,0,1,52,1,53,0" doraHai="96" doraHaiUra="71" who="2" fromWho="2" sc="250,-26,250,-13,240,62,250,-13" /><INIT seed="1,0,0,0,5,102" ten="224,237,302,237" oya="1" hai0="129,112,30,60,92,3,117,5,108,120,89,54,119" hai1="29,80,100,105,41,25,67,27,19,127,14,45,125" hai2="56,12,43,66,24,34,59,17,73,1,6,37,64" hai3="97,128,72,55,42,15,126,98,20,91,114,113,77"/><U52/><E67/><V39/><F73/><W33/><G33/><T23/><D112/><U131/><E131/><V11/><F59/><W93/><G42/><T48/><D129/><U16/><E80/><V118/><F118/><W40/><G40/><T84/><D120/><U95/><E95/><V78/><F78/><W35/><G35/><T132/><D132/><U88/><E41/><V63/><F64/><W110/><G128/><T70/><D108/><U76/><E76/><V135/><F43/><W47/><G110/><T87/><D70/><U61/><E88/><V28/><REACH who="2" step="1"/><F135/><REACH who="2" ten="224,237,292,237" step="2"/><W107/><G77/><T82/><D117/><U58/><E45/><V21/><AGARI ba="0,1" hai="1,6,11,12,17,21,24,28,34,37,39,56,63,66" machi="21" ten="20,12000,2" yaku="1,1,2,1,0,1,7,1,24,2,53,0" doraHai="102" doraHaiUra="124" who="2" fromWho="2" sc="224,-30,237,-60,292,130,237,-30" /><INIT seed="2,0,0,0,3,122" ten="194,177,422,207" oya="2" hai0="50,65,127,112,103,60,73,131,94,19,101,22,76" hai1="53,89,87,18,68,95,0,14,88,130,128,3,20" hai2="30,83,21,106,40,28,58,38,98,41,111,114,10" hai3="63,125,44,25,35,129,54,27,117,15,47,110,104"/><V86/><F114/><W45/><G117/><T108/><D112/><U135/><E68/><V64/><F111/><W96/><G110/><T81/><D108/><U9/><E135/><V37/><F38/><W1/><G1/><T26/><D131/><U43/><E43/><V80/><F80/><W82/><G129/><N who="1" m="49770" /><E53/><V115/><F10/><W109/><G109/><T23/><D127/><U134/><E134/><V102/><F37/><W4/><G125/><T84/><D50/><U71/><E71/><V13/><F30/><W48/><G35/><T92/><D73/><U5/><E89/><V34/><F34/><W49/><G82/><T69/><D103/><U113/><E113/><V97/><F97/><W123/><G123/><T8/><D101/><U67/><E67/><V133/><F115/><W121/><G121/><T51/><D51/><N who="3" m="19529" /><G96/><T16/><REACH who="0" step="1"/><D8/><REACH who="0" ten="184,177,422,207" step="2"/><U46/><E46/><V78/><F133/><W70/><G47/><T118/><D118/><U7/><E7/><V124/><F124/><W12/><G4/><T77/><D77/><U31/><E31/><V105/><F102/><W99/><G45/><T75/><D75/><U72/><E72/><V39/><F78/><W74/><G74/><T93/><D93/><U52/><E3/><V100/><F100/><W132/><G132/><T24/><AGARI ba="0,1" hai="16,19,22,23,24,26,60,65,69,76,81,84,92,94" machi="24" ten="20,12000,2" yaku="1,1,0,1,7,1,9,1,54,1,53,1" doraHai="122" doraHaiUra="57" who="0" fromWho="0" sc="184,130,177,-30,422,-60,207,-30" /><INIT seed="3,0,0,4,0,115" ten="314,147,362,177" oya="3" hai0="85,84,130,43,31,38,68,44,7,42,74,128,64" hai1="78,61,45,51,118,100,14,122,70,75,126,127,89" hai2="65,19,39,108,66,119,131,21,79,73,20,57,124" hai3="123,29,18,47,4,94,102,5,46,116,95,9,60"/><W26/><G123/><T32/><D74/><U24/><E122/><V71/><F71/><W62/><G116/><T113/><D7/><U8/><E100/><V72/><F39/><W90/><G102/><T99/><D113/><U17/><E75/><V2/><F2/><W121/><G121/><T34/><D99/><U93/><E78/><V1/><F1/><W33/><G18/><T81/><D43/><U52/><E24/><V82/><F119/><W59/><G95/><T87/><D81/><U12/><E118/><V3/><F3/><W25/><G25/><T111/><D111/><U13/><E61/><V104/><F104/><W50/><G50/><T125/><D125/><U15/><REACH who="1" step="1"/><E70/><REACH who="1" ten="314,137,362,177" step="2"/><V49/><F73/><W120/><G120/><T92/><D31/><U23/><E23/><V107/><F21/><W58/><G62/><T83/><D83/><U77/><E77/><V35/><F82/><W76/><G76/><T117/><D117/><U6/><E6/><V101/><F72/><W36/><G5/><T0/><D92/><U80/><E80/><V69/><F79/><W53/><G4/><T134/><D134/><U112/><E112/><V55/><F69/><W10/><G10/><T106/><D106/><U98/><AGARI ba="0,1" hai="8,12,13,14,15,17,45,51,52,89,93,98,126,127" machi="98" ten="30,4000,0" yaku="1,1,0,1,54,1,53,0" doraHai="115" doraHaiUra="28" who="1" fromWho="1" sc="314,-10,137,50,362,-10,177,-20" owari="304,10.4,187,-21.3,352,45.2,157,-34.3" /></mjloggm>