<mjloggm ver="2.3"><GO type="225" lobby="0"/><UN n0="%E3%82%B8%E3%83%A3%E3%83%9E%E3%83%BC%E3%83%AB%E3%83%9E%E3%83%AC%E3%83%BC" n1="%E6%98%93%E5%88%A9%E8%96%A9%E4%BC%AF" n2="%E5%AE%AE%E4%BF%9D%E9%B6%8F%E8%82%89" n3="%E5%AF%82%E5%AF%9E%E3%82%AE%E3%83%8D%E3%82%B9%E3%83%93%E3%83%BC%E3%83%AB" dan="17,16,16,16" rate="2201.96,2120.42,2130.21,2133.66" sx="M,F,M,M"/><TAIKYOKU oya="0"/><INIT seed="0,0,0,4,0,67" ten="250,250,250,250" oya="0" hai0="83,126,69,123,62,71,135,18,132,61,31,32,1" hai1="120,37,111,118,104,53,93,17,9,73,85,98,66" hai2="40,7,84,78,116,44,29,59,99,22,133,96,15" hai3="115,110,112,28,27,50,33,81,39,127,23,91,100"/><T6/><D123/><U54/><E73/><V75/><F75/><W8/><G39/><T89/><D126/><U4/><E37/><V48/><F133/><N who="0" m="51274" /><D18/><U87/><E118/><V134/><F134/><W97/><G127/><T72/><D31/><U47/><E120/><V114/><F114/><W70/><G110/><T113/><D32/><U24/><E104/><V68/><F68/><N who="0" m="26186" /><D113/><U42/><E66/><V49/><F116/><W95/><G70/><T74/><D89/><U58/><E24/><N who="2" m="16535" /><F7/><W5/><G33/><T35/><D35/><U38/><E17/><V103/><F15/><W43/><G5/><T119/><D119/><U76/><E111/><V106/><F106/><W102/><G115/><T25/><D25/><U10/><E10/><V19/><F19/><W13/><G8/><N who="0" m="2127" /><D74/><U130/><E9/><V30/><F30/><W2/><G112/><T65/><D65/><U26/><E26/><V12/><F12/><W94/><G13/><T124/><D124/><U34/><E34/><V64/><F103/><W60/><G102/><T80/><D72/><U117/><E4/><V63/><F49/><W77/><G50/><T107/><D107/><U86/><E117/><V11/><F11/><W125/><G125/><T20/><D20/><U92/><E86/><V82/><AGARI ba="0,0" hai="40,44,48,59,63,64,78,82,84,96,99" m="16535" machi="82" ten="30,1100,0" yaku="8,1" doraHai="67" who="2" fromWho="2" sc="250,-5,250,-3,250,11,250,-3" /><INIT seed="1,0,0,5,5,9" ten="245,247,261,247" oya="1" hai0="82,75,72,87,123,55,47,51,58,31,96,114,25" hai1="24,61,67,64,105,99,46,53,18,59,113,44,116" hai2="38,104,121,28,42,135,62,32,109,41,20,3,12" hai3="19,27,131,10,120,4,80,6,128,88,73,35,86"/><U103/><E113/><V11/><F121/><W124/><G120/><T117/><D123/><U43/><E116/><V71/><F109/><W112/><G112/><T37/><D114/><U108/><E108/><V90/><F135/><W115/><G115/><T69/><D69/><U0/><E0/><V107/><F32/><W30/><G73/><T79/><D117/><U52/><E64/><V91/><F3/><W1/><G124/><T118/><D118/><U60/><E60/><V63/><F71/><W89/><G6/><T16/><D96/><U13/><E24/><V26/><F38/><W33/><G33/><T122/><D122/><U34/><E34/><V17/><F104/><W94/><REACH who="3" step="1"/><G19/><REACH who="3" ten="245,247,261,237" step="2"/><T7/><D7/><U95/><E105/><V2/><F17/><W78/><G78/><T130/><D16/><U57/><E57/><V126/><F126/><W92/><G92/><T65/><D75/><U50/><E46/><V125/><F107/><W133/><G133/><T21/><D72/><U106/><E106/><V85/><F125/><W36/><G36/><T40/><D130/><U97/><E97/><AGARI ba="0,1" hai="1,4,10,27,30,35,80,86,88,89,94,97,128,131" machi="97" ten="40,5200,0" yaku="1,1,54,1,53,1" doraHai="9" doraHaiUra="77" who="3" fromWho="1" sc="245,0,247,-52,261,0,237,62" /><INIT seed="2,0,0,0,2,41" ten="245,195,261,299" oya="2" hai0="53,84,54,94,106,99,118,16,104,128,0,67,78" hai1="102,44,129,68,103,115,105,131,6,9,70,10,135" hai2="4,64,101,95,56,87,35,36,38,89,19,57,80" hai3="55,42,18,117,112,71,66,126,85,125,73,20,8"/><V124/><F124/><N who="3" m="47723" /><G73/><T29/><D0/><U107/><E6/><V27/><F4/><W17/><G117/><T46/><D29/><U121/><E121/><V32/><F32/><W120/><G120/><T34/><D34/><U65/><E65/><V109/><F109/><W116/><G42/><T5/><D5/><U114/><REACH who="1" step="1"/><E135/><REACH who="1" ten="245,185,261,299" step="2"/><V28/><F64/><W12/><G66/><T40/><D67/><U77/><E77/><V31/><F35/><W119/><G119/><T83/><D118/><U1/><E1/><V24/><F38/><W110/><G116/><T37/><D128/><U7/><E7/><V92/><F36/><W82/><G110/><T60/><D54/><U91/><E91/><V25/><F101/><W97/><G55/><T13/><D53/><U100/><E100/><V86/><F19/><W2/><G2/><T49/><D37/><U47/><AGARI ba="0,1" hai="9,10,44,47,68,70,102,103,105,107,114,115,129,131" machi="47" ten="25,12000,2" yaku="1,1,0,1,22,2,52,2,53,0" doraHai="41" doraHaiUra="75" who="1" fromWho="1" sc="245,-30,185,130,261,-60,299,-30" /><INIT seed="3,0,0,2,0,76" ten="215,315,201,269" oya="3" hai0="19,99,115,50,32,95,49,118,31,65,25,92,53" hai1="133,93,45,109,127,6,16,9,26,48,96,18,84" hai2="73,126,85,7,74,105,1,15,70,47,86,23,52" hai3="2,55,124,90,68,43,64,102,24,129,17,108,116"/><W82/><G2/><T51/><D118/><U71/><E71/><V5/><F70/><W111/><G116/><T72/><D115/><U67/><E67/><V57/><F105/><W38/><G102/><T107/><D72/><U81/><E109/><N who="3" m="42058" /><G129/><T123/><D65/><U37/><E37/><V121/><F126/><W79/><G90/><T56/><D123/><U29/><E133/><V97/><F1/><W122/><G55/><T91/><D107/><U58/><E58/><V54/><F121/><W112/><G112/><T22/><D95/><U21/><E6/><N who="2" m="2059" /><F74/><N who="3" m="43383" /><G122/><T125/><D125/><U128/><E128/><V10/><F73/><W120/><G120/><T33/><D33/><U94/><E127/><V87/><F97/><W62/><G124/><T119/><D119/><U14/><E96/><V3/><F3/><W12/><G24/><AGARI ba="0,0" hai="19,22,24,25,31,32,49,50,51,53,56,91,92,99" machi="24" ten="30,1000,0" yaku="7,1" doraHai="76" who="0" fromWho="3" sc="215,10,315,0,201,0,269,-10" owari="225,-17.5,315,41.5,201,-29.9,259,5.9" /></mjloggm>