<mjloggm ver="2.3"><GO type="225" lobby="0"/><UN n0="%4B%2E%32%2E%4B%2E" n1="%E3%81%97%E3%82%93%E3%81%97%E3%82%93%E3%81%97%E3%82%93" n2="%E6%A1%9C%E8%8A%B1%E9%96%83%E3%80%85" n3="%E9%80%9F%E6%B0%B4%E5%87%9B%E9%A6%99" dan="16,16,17,16" rate="2131.88,2091.80,2132.31,2091.35" sx="M,F,M,F"/><TAIKYOKU oya="0"/><INIT seed="0,0,0,0,3,80" ten="250,250,250,250" oya="0" hai0="58,0,99,72,12,93,89,118,87,94,107,95,47" hai1="135,43,101,90,67,33,16,126,109,34,96,91,106" hai2="28,32,8,116,102,7,120,21,121,60,111,59,125" hai3="124,18,45,63,4,92,86,17,98,78,44,65,119"/><T73/><D0/><U41/><E109/><V64/><F111/><W68/><G119/><T42/><D118/><U20/><E67/><V131/><F116/><W83/><G124/><T110/><D110/><U25/><E126/><V5/><F125/><W133/><G133/><T6/><D58/><U57/><E135/><V11/><F32/><W48/><G4/><T36/><D107/><U113/><E113/><V108/><F108/><W122/><G122/><T115/><D115/><U114/><E57/><V24/><F131/><W132/><G132/><T9/><REACH who="0" step="1"/><D95/><REACH who="0" ten="240,250,250,250" step="2"/><U29/><E114/><V76/><F121/><W112/><G112/><T117/><D117/><U30/><E106/><V3/><F120/><W104/><G104/><T105/><D105/><U55/><E34/><V85/><F3/><W69/><G69/><T39/><D39/><U97/><E33/><V50/><F50/><W134/><G134/><T79/><D79/><U54/><E101/><AGARI ba="0,1" hai="6,9,12,36,42,47,72,73,87,89,93,94,99,101" machi="101" ten="30,5800,0" yaku="1,1,7,1,52,1,53,0" doraHai="80" doraHaiUra="75" who="0" fromWho="1" sc="240,68,250,-58,250,0,250,0" /><INIT seed="0,1,0,0,0,43" ten="308,192,250,250" oya="0" hai0="6,35,12,134,99,2,96,7,98,102,70,68,133" hai1="16,24,8,94,44,73,106,27,3,116,86,78,129" hai2="109,103,46,52,4,59,119,124,54,69,25,41,104" hai3="75,23,49,120,22,57,40,100,88,36,131,5,19"/><T18/><D35/><U47/><E106/><V84/><F69/><N who="0" m="26730" /><D102/><U67/><E116/><V83/><F109/><W126/><G75/><T31/><D31/><U118/><E118/><V42/><F124/><W74/><G74/><T91/><D91/><N who="1" m="53623" /><E3/><V76/><F119/><W108/><G126/><T114/><D2/><U89/><E73/><V51/><F4/><W9/><G120/><T1/><D1/><U82/><E78/><V60/><REACH who="2" step="1"/><F25/><REACH who="2" ten="308,192,240,250" step="2"/><N who="1" m="9801" /><E129/><V48/><F48/><W63/><G108/><T128/><D128/><U66/><E82/><V20/><F20/><W87/><G23/><N who="0" m="11719" /><D114/><U90/><E67/><V61/><F61/><W21/><G131/><T58/><D6/><U11/><E66/><V38/><F38/><W77/><G36/><T93/><D7/><U13/><E11/><V30/><F30/><W65/><G22/><T17/><D17/><U28/><E28/><V56/><F56/><W32/><G9/><T79/><D58/><U97/><E89/><V92/><F92/><AGARI ba="1,1" hai="8,13,16,44,47,90,92,97" m="9801,53623" machi="92" ten="30,7700,0" yaku="8,1,52,2,54,1" doraHai="43" who="1" fromWho="2" sc="308,0,192,90,240,-80,250,0" /><INIT seed="1,0,0,4,3,0" ten="308,282,160,250" oya="1" hai0="102,40,128,9,24,106,19,63,13,130,131,20,22" hai1="94,99,118,67,89,65,26,35,81,41,58,129,28" hai2="75,73,127,116,7,108,77,51,42,135,80,8,55" hai3="134,23,34,97,114,3,6,69,93,31,117,29,21"/><U38/><E118/><V36/><F116/><W120/><G69/><T52/><D40/><U4/><E129/><V25/><F108/><W87/><G120/><T122/><D122/><U92/><E81/><V86/><F135/><W47/><G114/><T64/><D52/><U100/><E58/><V46/><F127/><W107/><G107/><T43/><D43/><U45/><REACH who="1" step="1"/><E4/><REACH who="1" ten="308,272,160,250" step="2"/><V60/><F60/><W82/><G6/><T16/><D128/><U74/><E74/><V18/><F18/><W50/><G82/><T71/><REACH who="0" step="1"/><D9/><REACH who="0" ten="298,272,160,250" step="2"/><U54/><E54/><V90/><F55/><W44/><G117/><T78/><D78/><U72/><E72/><V133/><F77/><W14/><G134/><T111/><D111/><U109/><E109/><V59/><F133/><W5/><G47/><T62/><D62/><U15/><E15/><V98/><F73/><W33/><G14/><T32/><D32/><U84/><AGARI ba="0,2" hai="26,28,35,38,41,45,65,67,84,89,92,94,99,100" machi="84" ten="20,3900,0" yaku="1,1,0,1,7,1,53,0" doraHai="0" doraHaiUra="53" who="1" fromWho="1" sc="298,-13,272,59,160,-13,250,-13" /><INIT seed="1,1,0,5,2,48" ten="285,331,147,237" oya="1" hai0="107,29,32,53,36,76,82,105,97,28,122,33,78" hai1="3,121,117,14,12,4,104,116,73,56,10,30,42" hai2="72,69,41,57,6,87,38,83,80,106,118,114,113" hai3="109,27,44,124,11,79,112,127,50,128,100,26,31"/><U71/><E71/><V123/><F118/><W67/><G112/><N who="2" m="43113" /><F123/><W20/><G109/><T120/><D36/><U135/><E73/><V115/><N who="2" m="43121" /><V84/><DORA hai="119" /><F69/><W108/><G108/><T103/><D53/><U70/><E104/><V17/><F106/><W39/><G39/><T43/><D43/><U52/><E70/><V92/><F6/><W5/><G128/><T8/><D8/><U35/><E42/><V13/><F57/><W59/><G100/><T102/><D82/><N who="2" m="31274" /><F92/><W99/><G59/><T18/><D18/><U110/><E110/><V64/><F64/><W60/><G67/><T37/><D37/><U49/><E121/><V34/><F34/><W88/><G5/><T81/><D81/><U40/><E116/><V98/><F98/><AGARI ba="1,0" hai="28,29,32,33,76,78,97,98,102,103,105,107,120,122" machi="98" ten="25,6400,0" yaku="22,2,52,2" doraHai="48,119" who="0" fromWho="2" sc="285,67,331,0,147,-67,237,0" /><INIT seed="2,0,0,1,0,111" ten="352,331,80,237" oya="2" hai0="27,20,10,54,133,22,40,42,41,60,5,107,37" hai1="47,67,36,104,87,59,35,32,15,11,101,91,119" hai2="52,63,95,65,118,130,75,86,1,46,82,117,53" hai3="31,39,34,4,88,80,8,92,105,110,121,12,125"/><V123/><F123/><W23/><G39/><T30/><D107/><U135/><E119/><V73/><F1/><W48/><G121/><T69/><D133/><U120/><E120/><V127/><F127/><W124/><G105/><T81/><D81/><U49/><E36/><V116/><F130/><W17/><G80/><T7/><D37/><U38/><E38/><V132/><F132/><W16/><G110/><T64/><D20/><U93/><E135/><V85/><F95/><W89/><G89/><T78/><D78/><U128/><E128/><V68/><F85/><W90/><G90/><T103/><D103/><U70/><E70/><V114/><F114/><W45/><G34/><T56/><REACH who="0" step="1"/><D10/><REACH who="0" ten="342,331,80,237" step="2"/><U19/><E101/><V115/><F115/><W29/><G125/><T66/><D66/><U25/><E104/><V0/><F0/><W26/><G124/><T106/><D106/><U6/><E67/><V102/><F102/><W62/><G62/><AGARI ba="0,1" hai="5,7,22,27,30,40,41,42,54,56,60,62,64,69" machi="62" ten="40,1300,0" yaku="1,1,53,0" doraHai="111" doraHaiUra="122" who="0" fromWho="3" sc="342,23,331,0,80,0,237,-13" /><INIT seed="3,0,0,4,3,21" ten="365,331,80,224" oya="3" hai0="4,74,6,42,2,59,78,68,47,34,56,116,82" hai1="130,66,25,46,35,81,40,132,15,19,64,112,118" hai2="20,16,41,113,111,30,109,98,123,72,76,43,80" hai3="62,55,93,0,5,14,102,87,94,117,121,128,38"/><W45/><G121/><T27/><D116/><U10/><E112/><V125/><F113/><W108/><G0/><T79/><D68/><U105/><E105/><V32/><F123/><W103/><G117/><T57/><D78/><U51/><E118/><V77/><F125/><W65/><G128/><T49/><REACH who="0" step="1"/><D2/><REACH who="0" ten="355,331,80,224" step="2"/><U48/><E132/><V58/><F77/><W91/><G108/><T124/><D124/><U135/><E130/><V44/><F58/><W50/><G38/><T84/><D84/><U29/><E135/><V54/><F98/><W7/><G14/><T31/><AGARI ba="0,1" hai="4,6,27,31,34,42,47,49,56,57,59,74,79,82" machi="31" ten="30,4000,0" yaku="1,1,0,1,52,1,53,0" doraHai="21" doraHaiUra="100" who="0" fromWho="0" sc="355,50,331,-10,80,-10,224,-20" owari="405,50.5,321,12.1,70,-43.0,204,-19.6" /></mjloggm>