<mjloggm ver="2.3"><GO type="225" lobby="0"/><UN n0="%E5%80%89%E6%A9%8B%EF%BC%A0%E4%BA%8B%E5%8B%99" n1="%E3%83%AD%E3%83%83%E3%83%86%E9%9B%80%E7%90%83" n2="%E3%83%AB%E3%83%9B%E3%83%B3%E3%83%87%E3%82%A3%E3%82%A8" n3="%E3%81%A1%E3%82%85%E3%81%86%E3%81%A9%E3%81%8F%E8%B1%A1%E3%81%95%E3%82%93" dan="16,17,17,16" rate="2078.59,2267.12,2198.10,2080.59" sx="M,M,M,M"/><TAIKYOKU oya="0"/><INIT seed="0,0,0,4,5,41" ten="250,250,250,250" oya="0" hai0="133,63,76,117,123,119,3,4,61,46,101,134,81" hai1="23,5,52,79,77,127,83,11,72,12,82,110,38" hai2="111,89,86,45,18,112,96,8,104,64,58,103,122" hai3="128,98,87,70,125,91,54,44,26,93,6,56,62"/><T22/><D123/><U121/><E110/><V92/><F111/><W124/><G70/><T39/><D101/><U60/><E127/><N who="3" m="48714" /><G6/><T55/><D22/><U59/><E38/><V27/><F112/><W85/><G128/><T78/><D3/><U102/><E102/><V16/><F122/><W114/><G114/><T71/><D4/><U75/><E23/><V2/><F2/><W131/><G131/><T100/><D100/><U115/><E115/><V130/><F130/><W57/><G56/><T40/><D76/><U13/><REACH who="1" step="1"/><E121/><REACH who="1" ten="250,240,250,250" step="2"/><V24/><F103/><W99/><G26/><T14/><D119/><U95/><E95/><V1/><F92/><W32/><G32/><T17/><D117/><U107/><E107/><V37/><F37/><W21/><G21/><T48/><D134/><U20/><E20/><V50/><F104/><W36/><G99/><T105/><D133/><U29/><E29/><V129/><F96/><W73/><G73/><T7/><D105/><U43/><E43/><AGARI ba="0,1" hai="36,43,44,54,57,62,85,87,91,93,98" m="48714" machi="43" ten="30,2000,0" yaku="18,1,52,1" doraHai="41" who="3" fromWho="1" sc="250,0,240,-20,250,0,250,30" /><INIT seed="1,0,0,4,0,83" ten="250,220,250,280" oya="1" hai0="7,84,134,106,87,133,53,71,33,85,58,63,60" hai1="59,30,79,123,100,50,36,31,110,119,103,48,116" hai2="15,91,47,111,112,10,25,18,94,73,24,113,105" hai3="70,109,45,49,92,44,88,35,126,86,65,27,17"/><U135/><E123/><V120/><F105/><W12/><G109/><T67/><D106/><U131/><E36/><V6/><F73/><W102/><G126/><T40/><D33/><U124/><E124/><V95/><F95/><W39/><G102/><T57/><D40/><U99/><E131/><V121/><F47/><W1/><G1/><T68/><D7/><U41/><E135/><AGARI ba="0,0" hai="53,57,58,60,63,67,68,71,84,85,87,133,134,135" machi="135" ten="40,8000,1" yaku="20,1,52,3" doraHai="83" who="0" fromWho="1" sc="250,80,220,-80,250,0,280,0" /><INIT seed="2,0,0,0,3,78" ten="330,140,250,280" oya="2" hai0="34,84,22,7,23,12,28,88,93,103,30,126,31" hai1="72,95,129,120,11,41,80,65,97,4,63,16,13" hai2="26,59,127,35,116,38,110,104,43,91,5,111,94" hai3="69,53,128,123,3,77,14,105,0,29,44,83,39"/><V131/><F116/><W100/><G123/><T33/><D126/><U99/><E129/><V109/><F104/><W130/><G14/><T6/><D103/><U1/><E120/><V85/><F127/><W106/><G29/><T122/><D122/><U73/><E41/><V134/><F131/><N who="3" m="50219" /><G69/><T115/><D115/><U79/><E73/><V133/><F5/><W76/><G76/><T92/><D92/><U82/><E82/><V18/><F59/><W86/><G100/><T108/><D108/><U60/><E95/><V55/><F55/><W96/><G96/><T21/><REACH who="0" step="1"/><D12/><REACH who="0" ten="320,140,250,280" step="2"/><U56/><REACH who="1" step="1"/><E63/><REACH who="1" ten="320,130,250,280" step="2"/><V2/><F109/><W101/><G106/><T61/><D61/><U50/><E50/><V58/><F110/><W118/><G105/><T113/><D113/><U27/><E27/><V40/><F26/><W9/><G118/><T90/><D90/><U117/><E117/><V45/><F91/><W25/><G39/><T51/><D51/><U68/><E68/><V62/><F62/><W37/><G37/><T81/><D81/><U20/><AGARI ba="0,2" hai="1,4,11,13,16,20,56,60,65,72,79,80,97,99" machi="20" ten="20,12000,2" yaku="1,1,0,1,7,1,52,1,54,1,53,1" doraHai="78" doraHaiUra="52" who="1" fromWho="1" sc="320,-30,130,140,250,-60,280,-30" /><INIT seed="3,0,0,5,3,27" ten="290,270,190,250" oya="3" hai0="96,38,95,25,22,80,49,55,14,5,63,128,43" hai1="88,20,85,124,109,77,132,73,122,54,1,11,70" hai2="99,108,2,42,34,15,51,130,65,110,64,52,37" hai3="3,113,115,114,72,74,102,32,9,67,16,58,4"/><W127/><G127/><T44/><D128/><U35/><E35/><V8/><F2/><W36/><G36/><T84/><D63/><U48/><E122/><V0/><F0/><W71/><G58/><T111/><D111/><N who="2" m="42538" /><F34/><W120/><G120/><T28/><D5/><U47/><E70/><V103/><F42/><W45/><G45/><T119/><D119/><U12/><E132/><V129/><F37/><W76/><G102/><N who="0" m="60703" /><D38/><U90/><E73/><N who="3" m="28266" /><G16/><T53/><D14/><U87/><E77/><AGARI ba="0,0" hai="22,25,28,43,44,49,53,55,77,80,84" m="60703" machi="77" ten="30,2000,0" yaku="8,1,52,1" doraHai="27" who="0" fromWho="1" sc="290,20,270,-20,190,0,250,0" owari="310,41.0,250,5.0,190,-31.0,250,-15.0" /></mjloggm>