<mjloggm ver="2.3"><GO type="225" lobby="0"/><UN n0="%E3%81%AF%E3%82%88%E3%81%8A%E3%81%98%E3%81%95%E3%82%93" n1="%E3%81%B5%E3%81%98%E3%81%8B%E3%81%A4" n2="%E3%81%AA%E3%82%81%E3%81%93%E9%9B%80%E5%A3%AB" n3="%E7%99%BD%E5%92%B2%E8%8A%B1%E3%81%A1%E3%82%83%E3%82%93" dan="17,16,16,16" rate="2188.92,2135.35,2053.57,2069.57" sx="M,M,M,F"/><TAIKYOKU oya="0"/><INIT seed="0,0,0,5,1,38" ten="250,250,250,250" oya="0" hai0="7,70,15,45,77,41,60,40,95,74,29,82,106" hai1="107,78,90,115,39,84,113,72,110,43,109,11,116" hai2="2,48,105,104,64,121,23,18,9,131,54,93,92" hai3="0,22,12,46,21,31,4,19,114,73,51,79,69"/><T36/><D106/><U85/><E39/><V63/><F121/><W101/><G114/><N who="1" m="43530" /><E11/><V53/><F131/><W97/><G69/><T96/><D29/><U108/><E43/><V120/><F104/><W111/><G111/><T76/><D77/><U71/><E71/><V83/><F105/><W81/><G0/><T8/><D45/><U25/><E25/><V100/><F54/><W135/><G135/><T75/><D74/><U35/><E35/><V56/><F100/><W34/><G34/><T17/><D36/><U66/><E66/><V28/><F28/><W49/><G4/><T5/><D5/><U68/><E68/><V117/><F9/><W16/><G31/><T20/><D60/><U32/><E32/><V133/><F2/><W122/><G122/><T65/><D65/><U118/><E107/><V47/><F133/><W13/><REACH who="3" step="1"/><G46/><REACH who="3" ten="250,250,250,240" step="2"/><T57/><D70/><U103/><E72/><V128/><F120/><W91/><G91/><T112/><D112/><U102/><E78/><V55/><F128/><W61/><G61/><T10/><D57/><U86/><E90/><V119/><F117/><AGARI ba="0,1" hai="84,85,86,102,103,108,109,110,116,117,118" m="43530" machi="117" ten="40,12000,2" yaku="28,2,14,1,11,1,34,2" doraHai="38" who="1" fromWho="2" sc="250,0,250,130,250,-120,240,0" /><INIT seed="1,0,0,1,5,114" ten="250,380,130,240" oya="1" hai0="68,97,130,34,51,38,110,104,72,46,111,1,58" hai1="124,102,40,96,132,82,86,47,52,33,94,71,8" hai2="101,118,44,120,3,62,7,39,0,100,48,31,73" hai3="80,95,85,66,41,35,4,112,108,36,113,117,84"/><U61/><E33/><V90/><F120/><W64/><G35/><T74/><D34/><U70/><E124/><V106/><F73/><W65/><G108/><N who="0" m="41515" /><D68/><U81/><E132/><V76/><F76/><W32/><G32/><T63/><D38/><U98/><E8/><V79/><F79/><W126/><G126/><T88/><D1/><U55/><E82/><V49/><F62/><W23/><G4/><T109/><N who="0" m="41523" /><T54/><DORA hai="129" /><D130/><U42/><E98/><V15/><F15/><W103/><G80/><T29/><D29/><U2/><E2/><V67/><F44/><W17/><G36/><T107/><D88/><U121/><E121/><V75/><F75/><N who="0" m="28714" /><D97/><U78/><E40/><AGARI ba="0,0" hai="40,46,51,54,58,63,104,107" m="28714,41523" machi="40" ten="40,1300,0" yaku="14,1" doraHai="114,129" who="0" fromWho="1" sc="250,13,380,-13,130,0,240,0" /><INIT seed="2,0,0,5,2,98" ten="263,367,130,240" oya="2" hai0="61,77,93,129,58,99,0,51,101,69,120,100,126" hai1="135,19,57,47,25,106,118,20,86,90,10,24,82" hai2="60,97,74,73,110,107,109,3,40,114,68,36,79" hai3="133,16,14,91,67,38,48,128,115,125,113,81,70"/><V104/><F114/><N who="3" m="43531" /><G133/><T121/><D0/><U62/><E118/><V65/><F3/><W66/><G128/><T92/><D129/><U6/><E135/><V127/><F127/><W42/><G125/><T89/><D126/><U9/><E106/><V130/><F130/><W56/><G70/><T117/><D117/><U122/><E122/><V34/><F34/><W112/><G38/><T96/><D77/><U111/><E111/><N who="2" m="42507" /><F79/><W49/><G112/><T33/><D33/><U50/><E25/><V2/><F2/><W124/><G42/><T54/><D89/><U131/><E6/><V11/><F11/><N who="3" m="6239" /><G124/><T22/><D22/><U134/><E134/><V55/><F55/><N who="3" m="31847" /><G49/><T15/><D15/><U84/><E131/><V39/><F39/><W13/><G13/><T5/><D5/><U53/><E86/><AGARI ba="0,0" hai="66,67,81,86,91" m="31847,6239,43531" machi="86" ten="30,2000,0" yaku="11,1,54,1" doraHai="98" who="3" fromWho="1" sc="263,0,367,-20,130,0,240,20" /><INIT seed="3,0,0,0,4,45" ten="263,347,130,260" oya="3" hai0="68,107,109,16,60,118,57,15,126,96,4,125,97" hai1="56,28,9,67,91,114,78,116,129,76,111,20,77" hai2="44,120,7,63,65,11,22,64,13,104,122,41,103" hai3="0,61,133,123,127,70,86,25,66,117,2,23,1"/><W131/><G117/><T26/><D118/><U89/><E114/><V29/><F104/><W19/><G123/><T85/><D109/><U119/><E111/><V95/><F103/><W40/><G127/><N who="0" m="48651" /><D68/><U54/><E129/><V5/><F5/><W112/><G112/><T134/><D134/><U31/><E67/><V33/><F95/><W18/><G131/><T132/><D132/><U106/><E106/><V38/><F64/><W94/><G133/><T49/><D107/><U48/><E119/><V34/><F22/><W74/><G74/><T52/><D85/><U135/><E135/><V92/><F92/><W88/><REACH who="3" step="1"/><G40/><REACH who="3" ten="263,347,130,250" step="2"/><T30/><D4/><U69/><E116/><V36/><F36/><W81/><G81/><T55/><D26/><U130/><E130/><V124/><F124/><W82/><G82/><T105/><D30/><AGARI ba="0,1" hai="0,1,2,18,19,23,25,30,61,66,70,86,88,94" machi="30" ten="40,7700,0" yaku="1,1,54,1,53,1" doraHai="45" doraHaiUra="24" who="3" fromWho="0" sc="263,-77,347,0,130,0,250,87" /><INIT seed="3,1,0,1,4,75" ten="186,347,130,337" oya="3" hai0="112,85,27,74,98,13,77,97,36,33,92,135,114" hai1="116,90,80,25,84,72,82,125,91,62,16,113,88" hai2="128,70,5,23,50,28,71,102,18,51,3,45,106" hai3="126,0,65,61,107,120,119,89,39,21,76,26,95"/><W56/><G119/><T40/><D135/><U104/><E113/><N who="0" m="43625" /><D74/><U87/><E104/><V9/><F128/><W17/><G120/><T127/><D127/><U53/><E125/><V64/><F64/><W49/><G107/><T4/><D40/><U63/><E72/><V22/><F102/><W67/><G0/><T133/><D36/><U101/><E101/><V79/><F106/><W103/><G39/><T35/><D133/><U2/><E2/><V15/><F51/><W93/><G76/><T20/><D13/><U24/><E116/><V48/><F48/><W34/><G34/><N who="0" m="12811" /><D4/><U1/><E1/><V14/><F3/><W66/><G126/><T78/><D85/><N who="1" m="32843" /><E25/><V83/><F23/><W60/><G103/><N who="0" m="60839" /><D98/><U43/><E43/><V94/><F94/><N who="3" m="35851" /><G89/><T99/><D99/><U54/><E91/><V6/><F6/><W12/><G12/><T42/><D42/><U46/><E90/><V32/><F32/><W73/><G73/><T81/><D81/><U86/><E82/><V124/><F124/><W58/><G49/><T109/><D109/><U41/><E41/><V38/><F38/><W37/><G37/><T121/><D121/><U47/><E88/><V132/><F132/><W19/><G19/><AGARI ba="1,0" hai="19,20,27,77,78" m="60839,12811,43625" machi="19" ten="30,3900,0" yaku="11,1,52,2" doraHai="75" who="0" fromWho="3" sc="186,42,347,0,130,0,337,-42" owari="228,-17.2,347,44.7,130,-37.0,295,9.5" /></mjloggm>