<mjloggm ver="2.3"><GO type="225" lobby="0"/><UN n0="%4C%4F%4C%49%54%41" n1="%E3%81%AF%E3%82%88%E3%81%8A%E3%81%98%E3%81%95%E3%82%93" n2="%E6%9D%B1%E9%A2%A8%E3%81%AE%E3%81%8D%E3%82%83%E3%81%B7%E3%81%95%E3%82%93" n3="%E3%82%B7%E3%83%B3%E5%A4%AA%E6%9C%97" dan="16,17,16,16" rate="2195.55,2209.18,2122.42,2166.67" sx="F,M,M,M"/><TAIKYOKU oya="0"/><INIT seed="0,0,0,5,1,4" ten="250,250,250,250" oya="0" hai0="80,124,45,41,81,90,57,19,72,6,50,96,118" hai1="14,24,13,74,62,37,16,114,84,15,22,125,109" hai2="133,130,67,134,47,28,60,59,23,34,65,55,9" hai3="98,97,113,120,63,73,102,116,83,29,1,105,100"/><T31/><D118/><U44/><E74/><V25/><F130/><W52/><G116/><T89/><D124/><U107/><E125/><V77/><F77/><W75/><G120/><T110/><D31/><U128/><E128/><V32/><F9/><W93/><G113/><T71/><D71/><U119/><E119/><V2/><F2/><W20/><G1/><T95/><D110/><U64/><E107/><V53/><F47/><W66/><G83/><T91/><D6/><U94/><E114/><V35/><REACH who="2" step="1"/><F53/><REACH who="2" ten="250,250,240,250" step="2"/><W115/><G52/><T7/><D72/><U121/><E109/><V17/><F17/><W106/><G115/><T68/><D7/><U123/><E44/><V131/><F131/><W39/><G73/><T21/><D19/><U104/><E37/><V122/><F122/><W92/><G75/><T43/><D45/><U69/><E121/><V26/><F26/><N who="3" m="16583" /><G39/><T54/><D54/><U76/><E123/><V103/><F103/><W135/><G135/><AGARI ba="0,1" hai="23,25,28,32,34,35,55,59,60,65,67,133,134,135" machi="135" ten="50,3200,0" yaku="1,1,20,1,53,0" doraHai="4" doraHaiUra="111" who="2" fromWho="3" sc="250,0,250,0,240,42,250,-32" /><INIT seed="1,0,0,4,0,38" ten="250,250,282,218" oya="1" hai0="20,89,68,57,48,65,98,71,105,23,119,115,42" hai1="90,37,15,118,103,29,75,116,45,21,16,43,7" hai2="54,22,17,33,101,73,19,28,76,67,81,49,127" hai3="82,70,27,0,122,85,133,62,32,46,80,132,44"/><U102/><E75/><V95/><F67/><W13/><G122/><T88/><D119/><U86/><E7/><V63/><F63/><W96/><G0/><T56/><D115/><U39/><E39/><V112/><F112/><W55/><G96/><T50/><D98/><U111/><E111/><V24/><F127/><W125/><G125/><T99/><D99/><U135/><E135/><N who="3" m="51786" /><G13/><T14/><D14/><U104/><E29/><V113/><F113/><W69/><G82/><T107/><D65/><U61/><E61/><V131/><F131/><W84/><G85/><T10/><D10/><U110/><E110/><V78/><F78/><W114/><G114/><T8/><D8/><U31/><E31/><V2/><F2/><W128/><G128/><T108/><D108/><U35/><E35/><V4/><F4/><W93/><G93/><T100/><D100/><U106/><E103/><V52/><F95/><W1/><G1/><T130/><D130/><U41/><E41/><AGARI ba="0,0" hai="20,23,41,42,48,50,56,57,68,71,88,89,105,107" machi="41" ten="25,8000,1" yaku="22,2,52,2,54,1" doraHai="38" who="0" fromWho="1" sc="250,80,250,-80,282,0,218,0" /><INIT seed="2,0,0,3,4,27" ten="330,170,282,218" oya="2" hai0="114,115,134,69,99,74,39,41,81,37,108,45,28" hai1="127,8,0,96,53,9,65,129,38,17,102,47,12" hai2="25,13,120,92,80,54,117,32,51,46,6,123,58" hai3="20,103,79,100,119,14,104,43,112,98,30,97,101"/><V56/><F117/><W10/><G119/><T11/><D37/><U135/><E127/><V44/><F92/><W40/><G112/><T19/><D69/><U91/><E129/><V22/><F80/><W131/><G131/><T89/><D28/><U70/><E135/><V77/><F77/><W110/><G110/><T121/><D121/><U62/><E91/><V128/><F32/><W94/><G79/><T29/><D29/><U75/><E75/><V126/><F126/><W84/><G103/><T52/><D108/><U64/><E65/><V85/><F85/><W111/><G84/><T82/><D82/><U116/><E116/><V15/><F128/><W57/><G57/><T125/><D125/><U21/><E0/><V132/><F132/><W59/><G59/><T36/><D36/><U113/><E113/><V107/><F107/><W73/><G73/><T18/><D134/><U7/><E7/><V118/><F118/><W93/><G104/><T86/><D74/><U124/><E124/><V63/><F120/><W105/><G105/><T55/><D99/><U66/><E66/><V16/><F123/><W49/><G49/><T60/><D60/><U50/><REACH who="1" step="1"/><E38/><REACH who="1" ten="330,160,282,218" step="2"/><V26/><F6/><N who="3" m="3415" /><G111/><T35/><D115/><U87/><E87/><V1/><F1/><W4/><G4/><T130/><D130/><U48/><E48/><V2/><F2/><W61/><G61/><T23/><D39/><U90/><E90/><V24/><F63/><W67/><G67/><T83/><D114/><U109/><E109/><V122/><F122/><W88/><G88/><T34/><D89/><RYUUKYOKU ba="0,1" sc="330,-15,160,15,282,-15,218,15" hai1="8,9,12,17,21,47,50,53,62,64,70,96,102" hai3="20,30,40,43,93,94,97,98,100,101" /><INIT seed="3,1,1,3,0,108" ten="315,175,267,233" oya="3" hai0="107,6,58,5,2,55,79,124,4,83,17,131,1" hai1="133,64,24,94,21,28,76,88,85,111,52,16,46" hai2="3,92,102,125,22,23,110,74,20,34,36,11,30" hai3="126,119,42,31,121,8,69,48,106,26,13,57,59"/><W47/><G126/><T122/><D122/><U38/><E111/><V90/><F74/><W67/><G121/><T117/><D107/><U56/><E133/><V14/><F36/><W118/><G106/><T54/><D117/><U130/><E130/><V73/><F73/><W114/><G114/><T25/><D54/><U70/><E70/><V82/><F125/><W35/><G69/><T40/><D124/><U95/><E76/><V103/><F110/><W105/><G105/><T75/><D40/><U29/><E94/><V63/><F3/><W50/><G59/><T15/><D25/><U112/><E112/><V71/><F82/><W134/><G134/><T12/><D12/><U132/><E132/><V100/><F71/><W32/><G32/><T66/><D66/><U93/><E95/><V89/><F63/><W135/><G135/><T68/><D131/><U49/><E38/><V113/><F113/><W98/><G98/><T87/><D75/><U65/><E65/><V27/><REACH who="2" step="1"/><F92/><REACH who="2" ten="315,175,257,233" step="2"/><W97/><G119/><T101/><D68/><U78/><E78/><V60/><F60/><AGARI ba="1,2" hai="16,21,24,28,29,46,49,52,56,60,64,85,88,93" machi="60" ten="40,8000,1" yaku="8,1,54,3" doraHai="108" who="1" fromWho="2" sc="315,0,175,103,257,-83,233,0" owari="315,41.5,278,7.8,174,-32.6,233,-16.7" /></mjloggm>