<mjloggm ver="2.3"><GO type="225" lobby="0"/><UN n0="%E3%81%BE%E3%81%A8%E3%81%9F" n1="%E7%A7%8B%E6%9C%88%E7%9C%9F%E7%90%86%E4%BA%9E" n2="%72%69%6F%75%63%68%61%6E" n3="%E6%80%AA%E3%81%97%E3%81%99%E3%81%8E%E3%82%8B%E3%83%81%E3%83%BC" dan="16,16,17,16" rate="2163.15,2128.85,2238.20,2151.74" sx="M,F,M,M"/><TAIKYOKU oya="0"/><INIT seed="0,0,0,3,4,113" ten="250,250,250,250" oya="0" hai0="69,71,57,89,126,105,52,114,7,34,35,48,38" hai1="125,4,62,18,83,103,124,42,49,76,120,78,25" hai2="27,16,82,91,5,79,127,14,29,93,88,20,47" hai3="135,115,104,23,95,60,63,15,53,11,73,6,106"/><T85/><D114/><U74/><E120/><V121/><F121/><W132/><G73/><T129/><D126/><N who="1" m="48747" /><E78/><V1/><F127/><W130/><G130/><T10/><D105/><U116/><E116/><V26/><F47/><W28/><G95/><T9/><D38/><U43/><E103/><V99/><F91/><W66/><G53/><T86/><D86/><U119/><E119/><V72/><REACH who="2" step="1"/><F29/><REACH who="2" ten="250,250,240,250" step="2"/><W21/><G28/><T8/><D129/><U117/><E117/><V54/><F54/><W12/><G115/><T77/><D77/><U67/><E76/><V32/><F32/><W2/><G66/><T123/><D123/><U84/><E67/><V40/><F40/><W36/><G132/><T50/><D7/><U22/><E4/><V70/><F70/><W97/><G6/><T61/><D35/><U44/><E43/><V92/><F92/><W33/><G33/><T81/><REACH who="0" step="1"/><D34/><REACH who="0" ten="240,250,240,250" step="2"/><U68/><E83/><V75/><F75/><W59/><G106/><T65/><D65/><U58/><E74/><V37/><F37/><W102/><G36/><T94/><D94/><U55/><E84/><V30/><F30/><W100/><G104/><T45/><D45/><U109/><E109/><V112/><F112/><W133/><G135/><T41/><D41/><U87/><E87/><V98/><F98/><W39/><G97/><T111/><D111/><U31/><E31/><V108/><F108/><W19/><G39/><T0/><D0/><U51/><E68/><AGARI ba="0,2" hai="8,9,10,48,50,52,57,61,68,69,71,81,85,89" machi="68" ten="40,3900,0" yaku="1,1,54,1,53,0" doraHai="113" doraHaiUra="134" who="0" fromWho="1" sc="240,59,250,-39,240,0,250,0" /><INIT seed="0,1,0,1,3,74" ten="299,211,240,250" oya="0" hai0="50,116,106,92,87,121,17,118,79,131,47,18,83" hai1="86,3,54,29,120,61,49,70,1,99,62,2,33" hai2="97,115,89,78,39,20,25,81,122,113,98,60,102" hai3="27,56,48,124,52,71,7,16,88,103,127,85,30"/><T91/><D121/><U21/><E120/><V46/><F122/><W44/><G71/><T45/><D106/><U57/><E33/><V109/><F109/><W129/><G129/><T34/><D131/><U38/><E38/><V114/><F89/><W67/><G7/><T126/><D34/><U35/><E35/><V22/><F60/><N who="3" m="38279" /><G103/><T80/><D126/><N who="3" m="48169" /><G30/><T82/><D47/><U0/><N who="1" m="0" /><DORA hai="63" /><U75/><E75/><V72/><F102/><W96/><G96/><T37/><D37/><U123/><E123/><V6/><F6/><W117/><G117/><T28/><D28/><U64/><E99/><V43/><REACH who="2" step="1"/><F20/><REACH who="2" ten="299,211,230,250" step="2"/><N who="3" m="13703" /><G88/><T5/><D91/><U42/><E62/><V108/><F108/><W93/><G93/><T111/><D111/><U119/><E119/><V134/><F134/><W95/><G95/><T101/><D92/><U41/><REACH who="1" step="1"/><E86/><AGARI ba="1,1" hai="44,48,52,85,86" m="13703,48169,38279" machi="86" ten="30,7700,0" yaku="18,1,52,1,54,2" doraHai="74,63" who="3" fromWho="1" sc="299,0,211,-80,230,0,250,90" /><INIT seed="1,0,0,4,5,45" ten="299,131,230,340" oya="1" hai0="7,64,38,16,5,62,123,88,32,46,1,117,12" hai1="41,55,90,8,39,29,105,71,113,6,81,125,96" hai2="49,2,15,93,61,76,4,9,52,58,57,11,87" hai3="66,121,3,94,133,50,120,23,106,104,51,83,110"/><U63/><E113/><V118/><F118/><W13/><G3/><T25/><D117/><U78/><E125/><V56/><F61/><W24/><G13/><T21/><D123/><U101/><E29/><V128/><F128/><W89/><G66/><T53/><D88/><U27/><E27/><V80/><REACH who="2" step="1"/><F93/><REACH who="2" ten="299,131,220,340" step="2"/><W10/><G94/><T85/><D62/><U65/><E90/><V40/><F40/><W114/><G120/><T34/><D64/><U0/><E55/><V84/><F84/><W70/><G121/><T28/><D53/><U116/><E116/><V111/><F111/><W17/><G110/><T100/><D100/><U102/><E102/><V19/><AGARI ba="0,1" hai="2,4,9,11,15,19,49,52,56,57,58,76,80,87" machi="19" ten="20,8000,1" yaku="1,1,0,1,7,1,52,1,54,1,53,0" doraHai="45" doraHaiUra="67" who="2" fromWho="2" sc="299,-20,131,-40,220,90,340,-20" /><INIT seed="2,0,0,0,4,107" ten="279,91,310,320" oya="2" hai0="31,33,91,121,97,29,48,88,60,69,80,5,63" hai1="117,130,2,3,70,135,98,22,27,126,85,86,1" hai2="21,26,79,43,99,106,19,4,78,123,114,119,58" hai3="67,71,76,14,25,54,16,52,50,82,100,62,118"/><V41/><F114/><W74/><G118/><T18/><D121/><U129/><E117/><V11/><F119/><W125/><G125/><T15/><D5/><U13/><E70/><V122/><F123/><W55/><G100/><T34/><D34/><U133/><E98/><V87/><F122/><W93/><G93/><T37/><D37/><U47/><E47/><V66/><F66/><W84/><G25/><T104/><D33/><U77/><E77/><V53/><F78/><W24/><G24/><T51/><D104/><U72/><E72/><V83/><F106/><W6/><G6/><T90/><D97/><U102/><E102/><V94/><F58/><W12/><G84/><T92/><D80/><U113/><E113/><V96/><F53/><W8/><G14/><T112/><D92/><U111/><E86/><V23/><F23/><W28/><REACH who="3" step="1"/><G28/><REACH who="3" ten="279,91,310,310" step="2"/><N who="0" m="10827" /><D112/><U30/><E85/><V0/><REACH who="2" step="1"/><F96/><REACH who="2" ten="279,91,300,310" step="2"/><W61/><G61/><N who="0" m="23627" /><D69/><U73/><E111/><V7/><F7/><W42/><G42/><T105/><D105/><U65/><E65/><V134/><F134/><N who="1" m="51209" /><E73/><V127/><F127/><W38/><G38/><T103/><D103/><AGARI ba="0,2" hai="0,4,11,19,21,26,41,43,79,83,87,94,99,103" machi="103" ten="30,5800,0" yaku="1,1,7,1,53,1" doraHai="107" doraHaiUra="75" who="2" fromWho="0" sc="279,-58,91,0,300,78,310,0" /><INIT seed="2,1,0,0,2,91" ten="221,91,378,310" oya="2" hai0="28,56,16,75,38,53,127,122,89,65,36,93,96" hai1="118,19,33,35,124,31,99,22,37,97,103,71,15" hai2="106,67,18,24,112,46,58,114,92,54,47,26,9" hai3="68,34,101,100,52,49,120,29,81,111,132,60,17"/><V90/><F106/><W13/><G120/><T119/><D122/><U73/><E73/><V76/><F76/><W107/><G111/><T78/><D127/><U126/><E37/><V5/><F67/><W48/><G132/><T116/><D28/><U102/><E71/><V129/><F129/><W25/><G81/><T135/><D65/><U39/><E39/><V12/><F114/><W110/><G110/><T86/><D75/><U115/><E115/><V32/><F112/><W1/><G1/><T62/><D135/><U30/><E22/><V27/><F32/><W45/><G48/><T80/><REACH who="0" step="1"/><D16/><REACH who="0" ten="211,91,378,310" step="2"/><U69/><E69/><V87/><REACH who="2" step="1"/><F18/><REACH who="2" ten="211,91,368,310" step="2"/><W123/><G17/><T133/><D133/><U61/><E19/><V88/><F88/><W8/><G34/><T66/><D66/><U108/><E108/><V79/><F79/><W113/><G113/><T7/><D7/><U23/><E23/><V70/><F70/><W104/><G68/><T85/><D85/><U51/><E118/><AGARI ba="1,2" hai="36,38,53,56,62,78,80,86,89,93,96,116,118,119" machi="118" ten="40,8000,1" yaku="1,1,12,1,52,1,53,1" doraHai="91" doraHaiUra="55" who="0" fromWho="1" sc="211,103,91,-83,368,0,310,0" /><INIT seed="3,0,0,4,3,133" ten="314,8,368,310" oya="3" hai0="23,73,86,81,115,62,76,91,18,102,58,14,124" hai1="127,94,97,129,36,51,42,100,35,34,39,126,27" hai2="15,3,74,60,125,123,28,67,96,43,112,121,37" hai3="0,99,95,33,85,70,53,2,71,78,109,83,30"/><W6/><G109/><T9/><D115/><U12/><E129/><V82/><F125/><N who="1" m="47625" /><E12/><V25/><F112/><W47/><G71/><T20/><D124/><U88/><E100/><V80/><F3/><W65/><G65/><T31/><D102/><U64/><E64/><V68/><F96/><W116/><G70/><T93/><REACH who="0" step="1"/><D31/><REACH who="0" ten="304,8,368,310" step="2"/><N who="1" m="19839" /><E35/><N who="2" m="20879" /><F15/><W16/><G2/><T87/><D87/><U44/><AGARI ba="0,1" hai="36,39,42,44,51,88,94,97" m="19839,47625" machi="44" ten="30,8000,1" yaku="18,1,52,3,54,1" doraHai="133" who="1" fromWho="1" sc="304,-20,8,90,368,-20,310,-40" owari="284,8.4,98,-40.2,348,44.8,270,-13.0" /></mjloggm>