<mjloggm ver="2.3"><GO type="225" lobby="0"/><UN n0="%48%61%61%61%6C%61%6E%64" n1="%72%69%6F%75%63%68%61%6E" n2="%E3%81%BF%E3%81%BF%E3%81%9A" n3="%E4%BF%BA%E3%81%A8%E5%A6%96%E5%A4%A2" dan="17,16,17,17" rate="2159.23,2139.46,2228.00,2197.58" sx="M,M,M,F"/><TAIKYOKU oya="0"/><INIT seed="0,0,0,4,5,83" ten="250,250,250,250" oya="0" hai0="0,39,60,9,77,5,63,122,112,128,120,62,90" hai1="89,12,82,132,115,100,7,106,113,41,65,30,61" hai2="49,92,34,126,102,109,81,103,91,99,133,88,87" hai3="75,78,134,108,33,45,130,71,20,26,50,54,18"/><T67/><D112/><N who="1" m="43083" /><E132/><V79/><F34/><W84/><G134/><T17/><D128/><U59/><E30/><V52/><F133/><W86/><G130/><T66/><D39/><U110/><E110/><V70/><F109/><W3/><G108/><T97/><D77/><U117/><E117/><V4/><F126/><W46/><G33/><T13/><D120/><U73/><E41/><V19/><F70/><W22/><G71/><T6/><D122/><U43/><E43/><V94/><F19/><N who="3" m="12575" /><G75/><T74/><D74/><U14/><E7/><N who="0" m="2569" /><D0/><U124/><E124/><V104/><F4/><W58/><G78/><T31/><D31/><U101/><E73/><V114/><F114/><W51/><G3/><T76/><D76/><U40/><E40/><V105/><F105/><W80/><G80/><T47/><D47/><N who="3" m="17929" /><G50/><T2/><D2/><U107/><E106/><V57/><F104/><W131/><G131/><T8/><D8/><U42/><E42/><V111/><F111/><W35/><G35/><T24/><D24/><AGARI ba="0,0" hai="18,22,24,51,54,58,84,86" m="17929,12575" machi="24" ten="30,3900,0" yaku="8,1,52,2" doraHai="83" who="3" fromWho="0" sc="250,-39,250,0,250,0,250,39" /><INIT seed="1,0,0,5,5,65" ten="211,250,250,289" oya="1" hai0="116,100,104,103,92,56,14,66,70,121,78,130,63" hai1="93,0,89,123,84,105,29,20,16,13,133,122,47" hai2="21,107,77,113,10,36,128,118,94,98,42,9,22" hai3="1,129,37,31,17,24,40,95,85,88,119,96,11"/><U67/><E0/><V32/><F118/><W61/><G119/><T127/><D116/><U19/><E133/><V99/><F32/><W120/><G120/><T33/><D121/><U112/><E112/><V83/><F113/><W30/><G129/><T53/><D130/><U35/><E105/><V43/><F128/><W106/><G37/><T97/><D127/><U125/><E125/><V38/><F94/><W68/><G40/><T2/><D2/><U55/><E67/><V71/><F77/><W72/><G72/><T8/><D33/><U45/><E45/><V44/><F83/><W54/><G1/><T49/><D78/><U117/><E117/><V79/><F79/><W28/><G106/><T110/><D110/><U64/><E64/><V15/><F15/><N who="3" m="7423" /><G68/><T25/><D25/><U41/><E55/><V74/><F44/><W81/><G61/><T60/><D60/><U86/><E86/><V58/><F58/><W101/><G54/><T34/><D34/><U12/><E29/><V76/><F76/><W52/><G52/><T108/><D108/><U91/><E91/><V62/><F62/><W126/><G126/><T115/><D115/><U114/><E35/><V80/><F107/><W18/><G18/><T69/><D104/><U102/><E102/><V109/><F109/><W75/><G75/><T26/><D26/><AGARI ba="0,0" hai="24,26,28,30,31,81,85,88,95,96,101" m="7423" machi="26" ten="30,2000,0" yaku="8,1,54,1" doraHai="65" who="3" fromWho="0" sc="211,-20,250,0,250,0,289,20" /><INIT seed="2,0,0,4,4,94" ten="191,250,250,309" oya="2" hai0="42,113,18,117,19,58,16,65,109,2,103,44,46" hai1="66,98,36,126,20,26,22,88,82,81,32,31,108" hai2="29,10,30,76,79,24,114,23,131,104,28,3,48" hai3="9,47,55,91,111,12,57,121,129,60,87,74,78"/><V62/><F114/><W21/><G121/><T130/><D113/><U38/><E108/><V15/><F131/><W127/><G111/><T85/><D109/><U7/><E126/><V17/><F104/><W39/><G129/><T134/><D130/><U33/><E7/><V120/><F120/><W132/><G127/><T112/><D112/><U83/><E66/><V25/><F62/><W52/><G132/><T86/><D134/><U89/><E98/><V67/><F67/><W107/><G107/><T8/><D117/><U71/><E71/><V35/><F48/><W118/><G21/><N who="1" m="8298" /><E26/><N who="2" m="18839" /><F79/><W95/><G118/><T105/><D2/><U14/><E14/><N who="2" m="9655" /><F76/><W53/><G78/><T73/><D8/><U70/><E31/><N who="2" m="11787" /><F3/><W64/><G74/><T84/><D73/><U59/><E59/><V13/><F13/><W135/><G135/><T100/><D105/><U92/><E92/><V123/><F123/><W77/><G77/><T97/><D97/><U116/><E116/><V34/><F34/><N who="1" m="13417" /><E70/><V122/><F122/><W133/><G133/><T106/><D106/><U5/><E5/><AGARI ba="0,0" hai="5,10,15,24,25" m="11787,9655,18839" machi="5" ten="30,12000,1" yaku="35,5" doraHai="94" who="2" fromWho="1" sc="191,0,250,-120,250,120,309,0" /><INIT seed="2,1,0,0,4,46" ten="191,130,370,309" oya="2" hai0="18,31,23,101,84,13,48,22,107,94,30,95,41" hai1="109,4,27,6,82,134,97,77,72,19,67,120,35" hai2="47,49,16,1,63,90,130,79,60,43,71,100,50" hai3="135,103,42,65,38,51,54,98,66,128,91,39,53"/><V59/><F1/><W131/><G91/><N who="0" m="53607" /><D107/><U36/><E109/><V17/><F130/><N who="3" m="49707" /><G135/><T7/><D7/><U14/><E134/><V89/><F100/><W8/><G8/><T9/><D41/><U56/><E120/><V10/><F79/><W26/><G26/><T37/><D37/><N who="3" m="13833" /><G98/><N who="0" m="59615" /><D48/><U29/><E36/><V21/><F71/><W75/><G75/><T74/><D74/><U61/><REACH who="1" step="1"/><E97/><REACH who="1" ten="191,120,370,309" step="2"/><V105/><F105/><W45/><G103/><T102/><D102/><U28/><E28/><AGARI ba="1,1" hai="9,13,18,22,23,28,30,31" m="59615,53607" machi="28" ten="30,1000,0" yaku="8,1" doraHai="46" who="0" fromWho="1" sc="191,23,120,-13,370,0,309,0" /><INIT seed="3,0,0,4,0,89" ten="214,107,370,309" oya="3" hai0="59,112,79,98,53,127,87,2,123,12,129,14,20" hai1="22,119,66,6,32,65,74,94,84,38,1,67,43" hai2="96,9,44,40,122,26,131,102,45,72,29,107,78" hai3="135,55,125,35,47,64,10,48,58,23,28,3,92"/><W4/><G35/><T97/><D2/><U83/><E119/><V99/><F131/><W101/><G135/><T90/><D127/><U18/><E32/><V104/><F122/><W33/><G33/><T27/><D129/><U105/><E105/><V130/><F130/><W77/><G77/><T16/><D112/><U60/><E74/><V121/><F121/><W128/><G125/><T85/><D123/><U13/><E38/><V36/><F44/><W54/><G64/><T42/><D42/><U75/><E75/><V50/><F9/><W17/><G28/><T108/><D108/><U73/><E73/><V113/><F113/><W71/><G71/><T103/><D79/><U11/><E43/><V81/><F50/><W91/><G101/><T39/><D85/><U41/><E41/><V110/><F110/><W111/><G111/><T133/><D133/><U31/><E31/><V134/><F134/><W109/><G109/><T57/><D57/><U118/><E118/><V24/><F29/><W30/><G30/><T95/><D39/><U0/><E0/><V82/><F82/><W51/><G128/><T80/><D98/><U52/><E83/><V117/><F117/><W63/><G63/><AGARI ba="0,0" hai="12,14,16,20,27,53,59,63,80,87,90,95,97,103" machi="63" ten="30,7700,0" yaku="7,1,8,1,52,1,54,1" doraHai="89" who="0" fromWho="3" sc="214,77,107,0,370,0,309,-77" owari="291,9.1,107,-39.3,370,47.0,232,-16.8" /></mjloggm>