<mjloggm ver="2.3"><GO type="225" lobby="0"/><UN n0="%E3%81%99%E3%81%84%E3%81%BE%E3%81%9B%E3%83%BC%E3%82%93" n1="%6D%75%75%6D%75%72%61" n2="%E9%B3%B3%E6%9D%B1%E3%81%AE%E3%81%BF%E3%81%91%E3%81%AB%E3%82%83%E3%82%93" n3="%48%61%61%61%6C%61%6E%64" dan="17,16,16,18" rate="2239.77,2051.02,2029.28,2196.79" sx="M,F,F,M"/><TAIKYOKU oya="0"/><INIT seed="0,0,0,0,4,50" ten="250,250,250,250" oya="0" hai0="85,5,79,105,47,97,26,121,64,16,129,30,107" hai1="101,111,99,132,65,83,114,122,45,66,37,115,46" hai2="113,130,133,25,51,89,134,96,72,7,62,90,56" hai3="128,80,21,12,9,76,40,82,52,1,77,131,94"/><T54/><D121/><U6/><E122/><V11/><F113/><N who="1" m="43017" /><E111/><V67/><F72/><W120/><G120/><T44/><D129/><N who="3" m="49737" /><G40/><T60/><D5/><U63/><E132/><N who="2" m="50795" /><F130/><W84/><G94/><T32/><D16/><U125/><E125/><V124/><F124/><W2/><G21/><T112/><D112/><U102/><E37/><V57/><F25/><W8/><G52/><T3/><D3/><N who="3" m="1033" /><G12/><T74/><D54/><U108/><E6/><V53/><F96/><W104/><G104/><T15/><D107/><U61/><E99/><V93/><F93/><W127/><G127/><T103/><D15/><AGARI ba="0,0" hai="7,11,15,51,53,56,57,62,67,89,90" m="50795" machi="15" ten="30,2000,0" yaku="20,1,52,1" doraHai="50" who="2" fromWho="0" sc="250,-20,250,0,250,20,250,0" /><INIT seed="1,0,0,4,4,2" ten="230,250,270,250" oya="1" hai0="110,127,38,101,16,107,90,124,76,41,72,81,6" hai1="36,49,92,80,10,19,68,99,113,56,44,89,8" hai2="23,32,122,55,106,24,100,79,27,29,11,85,53" hai3="98,20,14,126,69,52,26,120,48,37,104,128,0"/><U67/><E113/><V133/><F122/><W109/><G120/><T42/><D110/><U33/><E33/><V73/><F73/><W47/><G0/><T103/><D38/><U118/><E118/><V77/><F133/><W91/><G109/><T84/><D6/><U13/><E68/><V111/><F111/><W74/><G126/><N who="0" m="48171" /><D16/><U130/><E130/><V35/><F100/><N who="0" m="38474" /><D107/><U30/><E36/><V131/><F106/><W71/><G104/><T88/><D90/><U18/><E30/><V123/><F123/><W65/><G37/><T4/><D4/><U121/><E121/><V54/><F131/><W83/><G14/><T46/><D46/><U108/><E108/><V119/><F119/><W17/><G128/><T102/><N who="0" m="38482" /><T64/><DORA hai="50" /><D64/><U1/><E1/><V45/><F45/><W114/><G65/><T135/><D135/><U129/><E129/><V5/><F85/><W22/><G47/><T59/><D59/><U3/><E3/><V61/><F61/><W132/><G69/><T63/><D63/><U66/><E56/><V105/><F105/><W40/><G71/><T7/><D7/><U9/><E67/><V86/><F86/><W78/><G132/><T43/><D72/><U93/><E66/><V97/><F97/><W21/><G98/><T87/><D43/><U117/><E99/><V82/><F24/><W115/><G40/><T94/><AGARI ba="0,0" hai="41,42,76,81,84,87,88,94" m="38482,48171" machi="94" ten="40,2700,0" yaku="18,1,54,1" doraHai="2,50" who="0" fromWho="0" sc="230,27,250,-13,270,-7,250,-7" /><INIT seed="2,0,0,1,3,2" ten="257,237,263,243" oya="2" hai0="88,10,109,93,64,113,58,95,75,87,30,62,65" hai1="86,5,25,100,102,125,121,56,74,19,23,18,46" hai2="130,47,49,73,44,122,99,128,129,108,77,24,71" hai3="61,115,76,33,81,36,0,40,51,124,60,22,127"/><V21/><F122/><W4/><G33/><T85/><D113/><U67/><E74/><V9/><F71/><W84/><G36/><T98/><D109/><U82/><E121/><V29/><F108/><W78/><G115/><T112/><D75/><U13/><E125/><N who="3" m="48202" /><G78/><T80/><D112/><U131/><E131/><V54/><F99/><W8/><G22/><T38/><D38/><U120/><E46/><AGARI ba="0,0" hai="0,4,8,40,46,51,60,61,76,81,84" m="48202" machi="46" ten="30,2000,0" yaku="18,1,52,1" doraHai="2" who="3" fromWho="1" sc="257,0,237,-20,263,0,243,20" /><INIT seed="3,0,0,0,4,9" ten="257,217,263,263" oya="3" hai0="54,78,83,67,56,113,74,50,90,59,133,2,97" hai1="40,6,81,14,25,42,33,44,130,60,20,105,48" hai2="49,34,10,64,27,95,1,102,125,39,0,117,38" hai3="65,89,69,53,28,96,123,52,132,41,22,126,129"/><W79/><G123/><T84/><D133/><U8/><E105/><V18/><F117/><W94/><G132/><T109/><D109/><U127/><E127/><V63/><F125/><W103/><G126/><T120/><D2/><U31/><E130/><V32/><F49/><W4/><G129/><T118/><D118/><U128/><E128/><V72/><F72/><W82/><G41/><T101/><D120/><U30/><E42/><V46/><F46/><W19/><G28/><T24/><D24/><U111/><E111/><V70/><F1/><W26/><G4/><T93/><D113/><U110/><E110/><V106/><F95/><W75/><G65/><T108/><D108/><U23/><E30/><N who="2" m="19551" /><F18/><W91/><G69/><T21/><D21/><U51/><E51/><V100/><F100/><W12/><G26/><T58/><REACH who="0" step="1"/><D67/><REACH who="0" ten="247,217,263,263" step="2"/><U112/><E112/><V122/><F34/><W99/><G22/><T7/><D7/><U71/><REACH who="1" step="1"/><E81/><AGARI ba="0,1" hai="50,54,56,58,59,74,78,81,83,84,90,93,97,101" machi="81" ten="30,3900,0" yaku="1,1,7,1,53,1" doraHai="9" doraHaiUra="80" who="0" fromWho="1" sc="247,49,217,-39,263,0,263,0" /><INIT seed="4,0,0,4,4,87" ten="296,178,263,263" oya="0" hai0="19,94,2,80,122,130,105,128,5,55,46,124,133" hai1="86,32,47,63,132,112,113,29,99,78,50,39,120" hai2="51,115,43,35,77,121,75,83,107,30,18,88,119" hai3="134,58,102,1,71,100,65,40,27,52,13,85,89"/><T64/><D105/><U127/><E120/><V82/><F121/><W53/><G1/><T26/><D122/><U7/><E39/><V22/><F107/><W17/><G40/><T42/><D124/><U59/><E127/><V37/><F37/><W45/><G134/><T62/><D55/><N who="3" m="21065" /><G27/><T49/><D133/><U95/><E132/><V123/><F123/><W66/><G71/><T16/><D26/><U114/><E7/><V97/><F35/><W103/><G58/><N who="0" m="36951" /><D80/><N who="1" m="47383" /><E32/><V33/><F33/><W61/><G61/><T11/><D94/><U25/><E25/><V108/><F30/><W116/><G45/><T111/><D111/><U15/><E15/><V84/><F108/><W3/><G3/><T21/><D21/><U74/><E74/><V0/><F0/><W104/><G104/><T135/><D135/><U36/><E36/><V20/><F119/><W79/><G116/><T126/><D126/><U118/><E118/><V98/><F22/><N who="3" m="11567" /><G79/><T34/><D34/><U56/><E29/><V48/><F43/><W69/><G69/><T31/><D31/><U92/><E63/><V38/><F38/><W28/><G28/><T76/><D76/><U81/><E81/><AGARI ba="0,0" hai="65,66,81,85,89,100,102,103" m="11567,21065" machi="81" ten="30,3900,0" yaku="8,1,52,1,54,1" doraHai="87" who="3" fromWho="1" sc="296,0,178,-39,263,0,263,39" owari="296,9.6,139,-36.1,263,-13.7,302,40.2" /></mjloggm>