<mjloggm ver="2.3"><GO type="225" lobby="0"/><UN n0="%E3%81%95%E3%81%8D%E3%81%9F%E3%81%BE%E6%9E%97%E6%AA%8E" n1="%E9%80%9F%E6%B0%B4%E5%87%9B%E9%A6%99" n2="%46%65%6D%69%72%69%6E%73" n3="%E3%81%8A%E3%81%8B%E3%81%8F%E3%82%89" dan="16,17,16,17" rate="2115.63,2193.78,2121.40,2107.15" sx="M,F,M,M"/><TAIKYOKU oya="0"/><INIT seed="0,0,0,0,2,18" ten="250,250,250,250" oya="0" hai0="45,28,46,3,44,33,109,41,65,66,25,54,57" hai1="99,6,116,30,2,51,5,122,121,48,96,63,87" hai2="73,97,118,10,11,22,20,125,49,32,21,93,134" hai3="75,37,23,98,86,129,70,77,17,24,19,105,15"/><T84/><D3/><U79/><E30/><V88/><F32/><W31/><G37/><T67/><D109/><U113/><E63/><V85/><F73/><W90/><G70/><T131/><D131/><U74/><E87/><V89/><F134/><W26/><G129/><T83/><D41/><U13/><E13/><V60/><F125/><W64/><G64/><T123/><D123/><U4/><E79/><V124/><F124/><W40/><G40/><T8/><D8/><U104/><E104/><V127/><F127/><W110/><G110/><T76/><REACH who="0" step="1"/><D65/><REACH who="0" ten="240,250,250,250" step="2"/><U102/><E2/><V59/><F118/><W78/><G75/><T133/><D133/><U71/><E74/><V9/><F49/><AGARI ba="0,1" hai="25,28,33,44,45,46,49,54,57,66,67,76,83,84" machi="49" ten="40,2000,0" yaku="1,1,53,0" doraHai="18" doraHaiUra="38" who="0" fromWho="2" sc="240,30,250,0,250,-20,250,0" /><INIT seed="0,1,0,2,1,18" ten="270,250,230,250" oya="0" hai0="52,74,70,83,109,82,112,132,26,84,73,115,37" hai1="108,57,106,65,135,14,78,38,23,102,17,129,6" hai2="48,50,113,62,116,20,33,45,60,123,13,117,122" hai3="134,120,0,101,63,118,127,3,10,36,35,93,80"/><T43/><D70/><U24/><E38/><V131/><F33/><W76/><G35/><T94/><D37/><U9/><E108/><V44/><F13/><W12/><G118/><T77/><D43/><U11/><E135/><V128/><REACH who="2" step="1"/><F20/><REACH who="2" ten="270,250,220,250" step="2"/><W81/><G12/><T91/><D26/><U25/><E25/><V49/><F49/><W66/><G0/><T75/><D132/><U39/><E24/><V125/><F125/><W114/><G3/><T71/><D109/><U55/><E23/><V72/><F72/><W22/><G22/><T79/><D112/><AGARI ba="1,1" hai="44,45,48,50,60,62,112,113,116,117,122,123,128,131" machi="112" ten="25,12000,2" yaku="1,1,22,2,34,3,53,0" doraHai="18" doraHaiUra="32" who="2" fromWho="0" sc="270,-123,250,0,220,133,250,0" /><INIT seed="1,0,0,4,3,71" ten="147,250,353,250" oya="1" hai0="53,93,98,29,118,42,8,19,68,28,18,73,7" hai1="101,57,94,0,95,39,81,56,74,131,67,127,24" hai2="128,15,5,72,21,116,107,4,30,129,120,3,32" hai3="48,64,51,79,16,121,33,105,110,88,59,75,84"/><U85/><E0/><V90/><F72/><W113/><G33/><T12/><D118/><U36/><E74/><V134/><F107/><W126/><G113/><T43/><D73/><U100/><E131/><N who="2" m="50251" /><F120/><W115/><G105/><T83/><D68/><U117/><E117/><V80/><F3/><W2/><G126/><T91/><D83/><U27/><E85/><N who="2" m="50471" /><F134/><W99/><G2/><T132/><D132/><U46/><E46/><V123/><F123/><W62/><G115/><T31/><REACH who="0" step="1"/><D53/><REACH who="0" ten="137,250,353,250" step="2"/><U63/><E81/><V76/><F116/><W61/><G75/><T111/><D111/><U26/><E127/><V125/><F125/><W70/><G110/><T133/><D133/><U124/><E124/><V106/><F76/><W97/><G70/><T86/><D86/><U11/><E11/><V10/><F10/><W109/><G79/><T14/><D14/><U23/><E23/><V58/><F21/><W92/><G109/><T135/><D135/><U17/><E17/><AGARI ba="0,1" hai="7,8,12,17,18,19,28,29,31,42,43,91,93,98" machi="17" ten="40,2600,0" yaku="1,1,8,1,53,0" doraHai="71" doraHaiUra="130" who="0" fromWho="1" sc="137,36,250,-26,353,0,250,0" /><INIT seed="2,0,0,3,5,59" ten="173,224,353,250" oya="2" hai0="126,46,84,129,112,87,35,100,76,38,125,22,86" hai1="85,119,26,114,6,28,111,120,69,104,63,33,93" hai2="5,74,12,110,53,101,94,68,113,48,27,54,65" hai3="89,29,132,105,17,83,40,95,122,9,135,34,64"/><V4/><F74/><W80/><G105/><T124/><D35/><U20/><E114/><V52/><F113/><W127/><G40/><T56/><D112/><U55/><E119/><V14/><F27/><N who="3" m="18751" /><G64/><T47/><D38/><U11/><E111/><V130/><F48/><W16/><G127/><T7/><D7/><U72/><E72/><V50/><F50/><W45/><G45/><N who="0" m="16907" /><D129/><U8/><E104/><V49/><F49/><W79/><G9/><T61/><D100/><U96/><E120/><V109/><F130/><W134/><G122/><T25/><D76/><U43/><E43/><V62/><F4/><W128/><G128/><T78/><D78/><U58/><E69/><V115/><F5/><W42/><G42/><T98/><D98/><U117/><E117/><V71/><F115/><W31/><G31/><N who="0" m="17847" /><D56/><U36/><E36/><V30/><F68/><W99/><G83/><T116/><D116/><U37/><E37/><V19/><F30/><W106/><G106/><T18/><D18/><U41/><E41/><V107/><F19/><W66/><G66/><T57/><D57/><U82/><E33/><V131/><F107/><W118/><G118/><T15/><D15/><U102/><REACH who="1" step="1"/><E6/><REACH who="1" ten="173,214,353,250" step="2"/><V67/><F131/><W44/><G44/><T103/><D103/><U60/><E60/><AGARI ba="0,1" hai="60,61,84,86,87,124,125,126" m="17847,16907" machi="60" ten="40,5200,0" yaku="18,1,52,2" doraHai="59" who="0" fromWho="1" sc="173,62,214,-52,353,0,250,0" /><INIT seed="3,0,0,4,3,71" ten="235,162,353,250" oya="3" hai0="103,29,105,3,20,104,43,128,36,4,19,122,62" hai1="38,101,80,16,48,45,113,60,106,89,91,51,74" hai2="63,11,102,39,88,50,116,7,110,108,76,18,94" hai3="117,17,100,40,97,109,56,8,112,9,27,73,35"/><W57/><G112/><T99/><D122/><U6/><E113/><V46/><F39/><W79/><G117/><T81/><D29/><U95/><E60/><V30/><F30/><W70/><G70/><T31/><D31/><U86/><E6/><V10/><F76/><W129/><G35/><T13/><D105/><U131/><E131/><V93/><F102/><W67/><G40/><T61/><D128/><U65/><E65/><V59/><F18/><W0/><G0/><T92/><D104/><U78/><E91/><V126/><F116/><W120/><G120/><T115/><D115/><U24/><E24/><V15/><F10/><W32/><G32/><T55/><D81/><U42/><REACH who="1" step="1"/><E16/><REACH who="1" ten="235,152,353,250" step="2"/><V69/><F63/><W1/><G67/><T2/><D19/><U68/><E68/><V25/><F69/><W28/><G17/><T98/><D4/><U82/><E82/><V83/><F88/><W41/><G27/><T52/><D61/><U14/><E14/><V111/><F83/><W23/><G129/><T37/><D62/><U53/><E53/><V44/><F25/><W84/><G1/><T127/><D13/><U114/><E114/><V22/><F15/><W54/><G54/><T64/><D52/><U87/><E87/><V26/><F26/><W118/><G84/><T135/><D55/><U75/><E75/><V49/><F7/><W33/><G73/><T132/><D2/><U72/><E72/><V121/><F121/><W133/><G28/><T47/><D3/><U90/><E90/><V125/><F110/><W12/><G109/><T66/><D64/><RYUUKYOKU ba="0,1" sc="235,-10,152,30,353,-10,250,-10" hai1="38,42,45,48,51,74,78,80,86,89,95,101,106" owari="225,-17.5,182,-31.8,353,45.3,240,4.0" /></mjloggm>