<mjloggm ver="2.3"><GO type="225" lobby="0"/><UN n0="%E3%83%81%E3%83%83%E3%82%BF%E3%82%BD%E3%83%BC" n1="%E3%83%8F%E3%83%B3%E3%83%89%E3%83%A9%E3%83%BC%E3%83%BB%E3%83%AF%E3%83%B3" n2="%6D%75%75%73%61%6E%6D%75" n3="%E7%8D%A3%E8%87%AD%E3%81%84%E8%82%89%E7%90%83" dan="17,17,17,16" rate="2151.03,2200.43,2161.37,2124.46" sx="F,M,F,M"/><TAIKYOKU oya="0"/><INIT seed="0,0,0,1,5,33" ten="250,250,250,250" oya="0" hai0="102,12,55,19,9,87,88,111,119,116,132,49,17" hai1="62,44,105,114,29,25,77,53,106,57,10,5,112" hai2="22,45,42,115,43,95,97,8,48,31,103,60,18" hai3="92,67,130,98,84,14,69,96,93,81,108,1,4"/><T32/><D132/><U28/><E77/><V126/><F126/><W109/><G130/><T58/><D32/><U83/><E83/><V94/><F115/><N who="1" m="44073" /><E44/><V21/><F60/><W99/><G14/><T71/><D71/><U50/><E50/><V27/><F8/><N who="3" m="2063" /><G67/><T89/><D111/><N who="3" m="42569" /><G69/><T79/><D102/><U78/><E78/><AGARI ba="0,0" hai="78,81,84,92,93,96,98,99" m="42569,2063" machi="78" ten="30,2000,0" yaku="14,1,52,1" doraHai="33" who="3" fromWho="1" sc="250,0,250,-20,250,0,250,20" /><INIT seed="1,0,0,2,3,89" ten="250,230,250,270" oya="1" hai0="131,14,112,95,62,113,33,103,69,16,114,109,5" hai1="75,39,88,0,97,57,21,127,8,78,128,3,115" hai2="134,74,81,18,129,7,91,72,46,28,119,2,60" hai3="124,96,55,66,24,45,82,123,83,80,6,120,25"/><U1/><E115/><V135/><F119/><W106/><G124/><T108/><D131/><U61/><E39/><V37/><F129/><W47/><G66/><T67/><D33/><U105/><E128/><V53/><F28/><W4/><G106/><T79/><D5/><N who="3" m="2153" /><G96/><T36/><D79/><U19/><E127/><V38/><F18/><W22/><G22/><T32/><D36/><U35/><E35/><V90/><F60/><W73/><G55/><T102/><D32/><U133/><E133/><V125/><F125/><W132/><G73/><T49/><D49/><U92/><E105/><V107/><F107/><W98/><G98/><T59/><D69/><U48/><E48/><V52/><F46/><N who="3" m="17419" /><G132/><T84/><D103/><U100/><E100/><V76/><F7/><W101/><G101/><T43/><D43/><U10/><E78/><V15/><F76/><W70/><G70/><T71/><D71/><U117/><E75/><V87/><F87/><W56/><G56/><T20/><REACH who="0" step="1"/><D84/><REACH who="0" ten="240,230,250,270" step="2"/><U11/><E117/><V63/><F63/><W51/><G51/><T110/><D110/><U9/><N who="1" m="2048" /><DORA hai="77" /><U118/><E118/><V116/><F116/><W42/><G42/><T68/><D68/><U12/><REACH who="1" step="1"/><E0/><REACH who="1" ten="240,220,250,270" step="2"/><V121/><F2/><W111/><G111/><T104/><D104/><U64/><AGARI ba="0,2" hai="1,3,12,19,21,57,61,64,88,92,97" m="2048" machi="64" ten="40,18000,2" yaku="1,1,2,1,0,1,52,1,54,1,53,1" doraHai="89,77" doraHaiUra="30,94" who="1" fromWho="1" sc="240,-60,220,200,250,-60,270,-60" /><INIT seed="1,1,0,2,0,45" ten="180,420,190,210" oya="1" hai0="113,88,75,108,31,26,23,12,65,50,103,36,78" hai1="67,82,71,7,117,46,126,90,130,77,47,34,120" hai2="101,0,64,95,16,10,18,39,6,60,132,21,97" hai3="100,2,48,24,74,115,106,73,8,86,118,41,69"/><U121/><E117/><V127/><F127/><W92/><G115/><T9/><D108/><U76/><E34/><V93/><F132/><W70/><G118/><T89/><D113/><U33/><E33/><V19/><F39/><W3/><G24/><T107/><D36/><U79/><E7/><V63/><F63/><W111/><G111/><T58/><D103/><U85/><E126/><V44/><F44/><W52/><G41/><T110/><D107/><U123/><E130/><V15/><REACH who="2" step="1"/><F93/><REACH who="2" ten="180,420,180,210" step="2"/><W59/><G106/><T94/><D110/><U102/><E46/><V30/><F30/><W27/><G27/><T104/><D104/><U37/><E47/><V112/><F112/><W114/><G114/><T80/><D94/><U13/><E37/><V66/><F66/><W109/><G109/><T1/><D1/><U68/><E67/><V131/><F131/><W62/><G62/><T84/><D65/><U125/><E125/><V56/><AGARI ba="1,1" hai="0,6,10,15,16,18,19,21,56,60,64,95,97,101" machi="56" ten="20,8000,1" yaku="1,1,0,1,7,1,54,1,53,1" doraHai="45" doraHaiUra="99" who="2" fromWho="2" sc="180,-21,420,-41,180,93,210,-21" /><INIT seed="2,0,0,0,5,98" ten="159,379,273,189" oya="2" hai0="81,72,103,4,28,120,48,26,58,30,101,6,119" hai1="93,8,135,124,59,43,32,52,79,78,21,31,14" hai2="24,99,23,96,70,123,131,90,129,108,85,61,107" hai3="122,16,10,113,12,128,45,88,80,39,13,112,2"/><V91/><F123/><W60/><G122/><T47/><D120/><U34/><E34/><V102/><F108/><W94/><G2/><T67/><D119/><U118/><E32/><V33/><F33/><W130/><G80/><T0/><D0/><U69/><E69/><V56/><F96/><W111/><G60/><N who="0" m="38295" /><D72/><U50/><E118/><V15/><F15/><W42/><G13/><T51/><D81/><U62/><E93/><V115/><F70/><W63/><G63/><T9/><D51/><U121/><E124/><V40/><F40/><W73/><G73/><T117/><D117/><U76/><E135/><V104/><F104/><W7/><G7/><N who="0" m="2603" /><D9/><U105/><E105/><V36/><F36/><W110/><G110/><T100/><D26/><N who="1" m="16847" /><E121/><V44/><F115/><N who="3" m="44107" /><G111/><T89/><D89/><U114/><E114/><V17/><F91/><W57/><G57/><T1/><D1/><U126/><E126/><V83/><REACH who="2" step="1"/><F44/><REACH who="2" ten="159,379,263,189" step="2"/><W95/><G88/><T53/><AGARI ba="0,1" hai="28,30,47,48,53,100,101,103" m="2603,38295" machi="53" ten="30,7900,0" yaku="8,1,52,3" doraHai="98" who="0" fromWho="0" sc="159,89,379,-20,263,-39,189,-20" /><INIT seed="3,0,0,4,5,3" ten="248,359,224,169" oya="3" hai0="22,55,10,131,65,5,109,62,97,34,45,120,75" hai1="47,28,1,56,58,121,33,16,90,32,59,44,0" hai2="118,15,9,122,12,85,91,20,95,46,19,81,115" hai3="70,133,6,51,129,42,68,84,66,27,43,93,135"/><W107/><G107/><T36/><D109/><U83/><E16/><V92/><F115/><W23/><G129/><T127/><D131/><U113/><E90/><V80/><F118/><W69/><G66/><T57/><D127/><U78/><E28/><V105/><F105/><W101/><G51/><T117/><D120/><U98/><E98/><V8/><F122/><W108/><G108/><T106/><D34/><U74/><E121/><V48/><F92/><W26/><G6/><T39/><D117/><U35/><E113/><V24/><F12/><W71/><N who="3" m="17408" /><DORA hai="112" /><W72/><G72/><T125/><D125/><U49/><E44/><V111/><F111/><W116/><G116/><T73/><D36/><U17/><E17/><N who="2" m="12303" /><F9/><W94/><G84/><T104/><D39/><U96/><E96/><V102/><F102/><W76/><G76/><T103/><D106/><U87/><E87/><V4/><F19/><W11/><G11/><T128/><D128/><U130/><E130/><V86/><F86/><W114/><G114/><T13/><D22/><U53/><AGARI ba="0,0" hai="0,1,32,33,35,47,49,53,56,58,59,74,78,83" machi="53" ten="40,1500,0" yaku="0,1" doraHai="3,112" who="1" fromWho="1" sc="248,-4,359,15,224,-4,169,-7" owari="244,4.4,374,47.4,220,-18.0,162,-33.8" /></mjloggm>