<mjloggm ver="2.3"><GO type="225" lobby="0"/><UN n0="%E5%8D%A0%E3%81%84%E5%B8%AB%E8%A3%8F%E3%81%AA%E3%81%84%E3%81%97" n1="%E3%81%B5%E3%81%98%E3%81%8B%E3%81%A4" n2="%E5%A4%96%E5%B7%9D%E7%AB%9C%E6%88%90" n3="%E3%81%82%E3%81%99%E3%81%AB%E3%82%83%E3%82%80" dan="17,16,16,16" rate="2199.64,2222.50,2121.19,2140.97" sx="M,M,M,F"/><TAIKYOKU oya="0"/><INIT seed="0,0,0,2,2,34" ten="250,250,250,250" oya="0" hai0="0,21,57,134,73,45,25,102,18,108,118,122,44" hai1="120,16,106,104,20,60,23,6,62,131,35,56,69" hai2="114,48,112,110,128,113,29,74,8,129,105,37,27" hai3="89,100,109,130,4,13,53,5,30,82,19,115,43"/><T85/><D118/><U49/><E120/><V36/><F74/><W58/><G109/><T67/><D73/><U47/><E131/><N who="2" m="50251" /><F105/><W63/><G115/><T81/><D122/><U31/><E6/><V91/><F91/><W64/><G130/><T84/><D108/><U111/><E111/><V79/><F79/><W11/><G43/><T52/><D134/><U55/><E35/><N who="2" m="20927" /><F110/><W65/><G30/><T24/><D0/><U103/><E69/><V14/><F48/><W117/><G117/><T121/><D121/><U17/><E62/><V38/><F14/><W66/><REACH who="3" step="1"/><G100/><REACH who="3" ten="250,250,250,240" step="2"/><T95/><D102/><U92/><E31/><V124/><F8/><W71/><G71/><T80/><D21/><N who="1" m="8267" /><E106/><V32/><F32/><W88/><G88/><T90/><D90/><U61/><E104/><V22/><F22/><W50/><G50/><T87/><D24/><U28/><E28/><V99/><F99/><W125/><G125/><AGARI ba="0,1" hai="36,37,38,112,113,114,124,125" m="20927,50251" machi="125" ten="50,3200,0" yaku="19,1,23,1" doraHai="34" who="2" fromWho="3" sc="250,0,250,0,250,42,240,-32" /><INIT seed="1,0,0,3,4,60" ten="250,250,292,208" oya="1" hai0="8,100,4,14,29,108,132,104,125,96,17,6,124" hai1="36,131,80,26,103,44,30,101,133,33,40,31,105" hai2="59,102,115,120,2,13,123,61,7,58,9,75,34" hai3="76,19,42,106,49,52,112,86,73,77,11,65,54"/><U43/><E133/><V70/><F75/><W50/><G73/><T56/><D132/><U82/><E131/><V68/><F58/><W107/><G42/><T84/><D108/><U71/><E43/><V53/><F34/><W89/><G112/><T47/><D47/><U109/><E31/><V3/><F115/><W135/><G135/><T128/><D128/><U97/><E109/><V87/><F102/><W23/><G11/><T113/><D113/><U18/><E103/><V55/><F55/><N who="3" m="21035" /><G107/><T129/><D129/><U72/><E18/><V27/><F27/><N who="3" m="14847" /><G106/><T93/><D56/><U126/><E126/><N who="0" m="48745" /><D29/><U16/><E72/><V10/><F70/><W114/><G114/><T67/><D67/><U32/><E32/><V63/><F2/><W1/><G1/><T35/><D35/><U81/><REACH who="1" step="1"/><E16/><REACH who="1" ten="250,240,292,208" step="2"/><V25/><F25/><W5/><G5/><T99/><D17/><U20/><E20/><V15/><F7/><W88/><G49/><T117/><D4/><U45/><E45/><V51/><F51/><W74/><G50/><T94/><D6/><U28/><E28/><V39/><F123/><W130/><G74/><T83/><D100/><U127/><E127/><V41/><F120/><W24/><G130/><T122/><D122/><U92/><E92/><V116/><F41/><W91/><G24/><T95/><D104/><U79/><E79/><N who="3" m="30282" /><G86/><T121/><D121/><U90/><E90/><V57/><F87/><W78/><G78/><N who="0" m="46199" /><D99/><U62/><E62/><V46/><F63/><W21/><G21/><T48/><D96/><U85/><E85/><V110/><F110/><RYUUKYOKU ba="0,1" sc="250,-15,240,15,292,-15,208,15" hai1="26,30,33,36,40,44,71,80,81,82,97,101,105" hai3="65,88,89,91" /><INIT seed="1,1,1,4,4,104" ten="235,255,277,223" oya="1" hai0="53,94,75,38,109,119,126,81,66,14,89,86,116" hai1="106,130,97,77,72,48,134,80,101,29,73,93,85" hai2="124,30,35,60,24,133,51,83,108,40,78,71,0" hai3="46,82,122,61,110,21,57,5,105,98,25,44,102"/><U22/><E29/><V129/><F0/><W31/><G110/><T10/><D38/><U28/><E134/><V55/><F108/><W118/><G122/><T107/><D109/><U1/><E1/><V120/><F120/><W103/><G118/><T54/><D126/><U74/><E130/><V8/><F124/><W69/><G69/><T92/><D66/><U34/><E34/><V128/><F8/><W18/><G103/><T41/><D41/><U49/><REACH who="1" step="1"/><E106/><REACH who="1" ten="235,245,277,223" step="2"/><V95/><F133/><W135/><G135/><T68/><D116/><U23/><E23/><V67/><F129/><W19/><G31/><T96/><D119/><U63/><E63/><V43/><F128/><W111/><G111/><T127/><D107/><U79/><E79/><V4/><F78/><W50/><G105/><T56/><D127/><U42/><E42/><V39/><F43/><W62/><G21/><T45/><D10/><U52/><E52/><V131/><F55/><W76/><G62/><T117/><D53/><U87/><E87/><V3/><F131/><W58/><G61/><T27/><D54/><U100/><E100/><V2/><F60/><W16/><G76/><T32/><D32/><U115/><E115/><V99/><F40/><W47/><G102/><T12/><D117/><U70/><E70/><V9/><F71/><W33/><G33/><T13/><D68/><U113/><E113/><V121/><F121/><W36/><G36/><T88/><D56/><U112/><E112/><V20/><F39/><W7/><G57/><T59/><D59/><U132/><E132/><V11/><F2/><RYUUKYOKU ba="1,2" sc="235,-10,245,30,277,-10,223,-10" hai1="22,28,48,49,72,73,74,77,80,85,93,97,101" /><INIT seed="1,2,2,3,2,78" ten="225,275,267,213" oya="1" hai0="1,48,79,70,116,80,13,99,113,40,65,89,19" hai1="101,3,44,61,102,27,2,96,64,28,49,85,73" hai2="133,14,41,107,83,59,69,108,58,130,26,57,36" hai3="134,87,100,17,71,38,12,76,31,16,105,32,33"/><U104/><E73/><V91/><F107/><W35/><G71/><T34/><D113/><U131/><E102/><V4/><F69/><W129/><G38/><T94/><D116/><U6/><E6/><V95/><F108/><W124/><G124/><T60/><D1/><U135/><E135/><V22/><F133/><W46/><G134/><T62/><D34/><U132/><E131/><V72/><F36/><W29/><G129/><T77/><D77/><U109/><E109/><V123/><F123/><W97/><G17/><T92/><D92/><U30/><E30/><V15/><F41/><W112/><G112/><T106/><D106/><U82/><E49/><V74/><F74/><W122/><G46/><T68/><D48/><U120/><E44/><V126/><F126/><W37/><G37/><T67/><D40/><U45/><E45/><V119/><F119/><W110/><G122/><T20/><D79/><N who="1" m="46303" /><E120/><V90/><F72/><W128/><G128/><T42/><D42/><U63/><E63/><V24/><F4/><W125/><G125/><T9/><D80/><U75/><E75/><V21/><F130/><W10/><REACH who="3" step="1"/><G110/><REACH who="3" ten="225,275,267,203" step="2"/><T114/><D114/><U50/><E132/><V84/><F59/><W118/><G118/><T8/><AGARI ba="2,3" hai="8,9,13,19,20,60,62,65,67,68,70,89,94,99" machi="8" ten="30,2000,0" yaku="0,1,9,1" doraHai="78" who="0" fromWho="0" sc="225,56,275,-12,267,-7,203,-7" /><INIT seed="2,0,0,4,5,28" ten="281,263,260,196" oya="2" hai0="115,40,3,63,111,39,20,57,49,98,127,85,132" hai1="37,55,41,122,25,96,81,24,106,70,13,116,47" hai2="9,80,91,22,53,121,92,10,44,2,71,89,7" hai3="69,42,68,113,97,78,110,90,5,118,86,51,31"/><V79/><F121/><W65/><G110/><T119/><D3/><U45/><E116/><V23/><F71/><W15/><G118/><T62/><D115/><U54/><E70/><V50/><F10/><W34/><G113/><T105/><D119/><U8/><E81/><V133/><F133/><W35/><G31/><T107/><D39/><U102/><E122/><V129/><F129/><W48/><G78/><T21/><D132/><U29/><E47/><V114/><F114/><W11/><G69/><T36/><D36/><U104/><E104/><V67/><F67/><W27/><G27/><T12/><D111/><U17/><REACH who="1" step="1"/><E24/><REACH who="1" ten="281,253,260,196" step="2"/><V88/><REACH who="2" step="1"/><F92/><REACH who="2" ten="281,253,250,196" step="2"/><W26/><G68/><T130/><D105/><U1/><E1/><V103/><F103/><W93/><G65/><T60/><D107/><U126/><E126/><V4/><F4/><W94/><G26/><T66/><D127/><U109/><E109/><V38/><F38/><W33/><REACH who="3" step="1"/><G42/><REACH who="3" ten="281,253,250,186" step="2"/><T112/><D40/><U18/><E18/><V61/><F61/><W14/><G14/><T75/><D12/><U59/><E59/><V30/><F30/><W82/><G82/><T125/><D63/><U124/><E124/><V52/><F52/><W56/><G56/><T16/><D125/><U43/><E43/><V32/><F32/><AGARI ba="0,3" hai="8,13,17,25,29,32,37,41,45,54,55,96,102,106" machi="32" ten="30,3900,0" yaku="1,1,7,1,52,1,53,0" doraHai="28" doraHaiUra="77" who="1" fromWho="2" sc="281,0,253,69,250,-39,186,0" /><INIT seed="3,0,0,3,0,6" ten="281,322,211,186" oya="3" hai0="130,71,26,100,134,15,57,0,40,99,78,20,94" hai1="117,53,52,111,82,89,55,92,102,125,122,73,35" hai2="79,126,86,67,30,1,121,45,112,63,19,107,32" hai3="21,17,108,65,50,93,119,29,118,83,61,77,106"/><W9/><G106/><T48/><D71/><U66/><E122/><V10/><F107/><W80/><G108/><T2/><D134/><U12/><E35/><V133/><F45/><W24/><G50/><T7/><D130/><U85/><E111/><V95/><F121/><W116/><G93/><T13/><D78/><U91/><E125/><V109/><F109/><W132/><G132/><T124/><D124/><U43/><E43/><V120/><F120/><W41/><G41/><T46/><D0/><U114/><E114/><V54/><F54/><W58/><REACH who="3" step="1"/><G77/><REACH who="3" ten="281,322,211,176" step="2"/><T131/><D48/><U11/><E92/><V44/><F133/><W69/><G69/><T33/><D40/><U128/><E128/><V64/><F79/><W74/><G74/><T68/><D68/><U105/><E73/><V96/><F95/><W22/><G22/><T39/><D20/><U47/><E105/><V115/><F126/><W87/><G87/><T60/><D94/><U34/><E34/><V8/><F86/><W28/><G28/><T3/><D33/><U90/><E102/><V104/><F32/><W49/><G49/><T56/><D100/><U110/><E110/><V72/><F30/><W127/><G127/><T135/><D135/><U31/><E31/><V5/><F72/><W88/><G88/><T38/><D131/><U113/><E91/><V62/><F104/><W42/><G42/><T37/><D37/><U76/><E90/><V101/><F101/><W98/><G98/><T84/><D38/><U97/><E97/><V70/><F96/><W14/><AGARI ba="0,1" hai="9,14,17,21,24,29,58,61,65,80,83,116,118,119" machi="14" ten="40,7800,0" yaku="1,1,0,1,52,1,53,0" doraHai="6" doraHaiUra="81" who="3" fromWho="3" sc="281,-26,322,-26,211,-26,176,88" /><INIT seed="3,1,0,1,3,69" ten="255,296,185,264" oya="3" hai0="53,110,102,96,0,17,94,86,6,120,10,122,105" hai1="21,59,52,127,54,83,81,95,62,67,135,51,109" hai2="119,33,132,39,1,117,80,15,93,34,60,75,7" hai3="28,40,107,129,43,104,4,85,61,116,106,97,82"/><W113/><G113/><T38/><D110/><U25/><E109/><V31/><F93/><W50/><G116/><T111/><D111/><U91/><E127/><V35/><F60/><W71/><G28/><T29/><D29/><N who="1" m="17583" /><E135/><V47/><F15/><W41/><G4/><T11/><D53/><N who="1" m="20587" /><E51/><V64/><F64/><W98/><G129/><T46/><D46/><U44/><E44/><V133/><F31/><W20/><G20/><T26/><D38/><U123/><E123/><V22/><F22/><W45/><G71/><T76/><D26/><U37/><E37/><V90/><F90/><W124/><G124/><T131/><D131/><U126/><E126/><V65/><F65/><W16/><G16/><T9/><D9/><U30/><E30/><V78/><F119/><W118/><G118/><T24/><D24/><U14/><E14/><V112/><F112/><W121/><G121/><T114/><D114/><U84/><AGARI ba="1,0" hai="59,62,67,81,83,84,91,95" m="20587,17583" machi="84" ten="30,2000,0" yaku="8,1,54,1" doraHai="69" who="1" fromWho="1" sc="255,-6,296,23,185,-6,264,-11" owari="249,-15.1,319,41.9,179,-32.1,253,5.3" /></mjloggm>