<mjloggm ver="2.3"><GO type="225" lobby="0"/><UN n0="%E3%81%BF%E3%81%BF%E3%81%9A" n1="%E9%8A%80%E3%81%B0%E3%81%95%E3%81%BF" n2="%28%EF%BF%A3%E2%96%BD%EF%BF%A3%29%CE%B4%E2%8C%92%E3%83%BB" n3="%6D%75%75%6D%75%72%61" dan="16,17,16,17" rate="2148.28,2188.21,2135.50,2200.02" sx="M,M,M,F"/><TAIKYOKU oya="0"/><INIT seed="0,0,0,5,0,104" ten="250,250,250,250" oya="0" hai0="70,0,116,53,113,102,108,92,17,110,10,4,27" hai1="130,69,37,125,56,54,46,39,94,95,23,79,96" hai2="129,8,58,45,24,73,80,64,29,34,44,65,115" hai3="119,82,100,7,124,97,31,51,41,77,59,14,90"/><T121/><D113/><U20/><E69/><V86/><F115/><W2/><G119/><T55/><D116/><U38/><E130/><V62/><F129/><W74/><G124/><T6/><D70/><U71/><E71/><V43/><F65/><W89/><G2/><T21/><D121/><U9/><E125/><V40/><F8/><W78/><G78/><T126/><D4/><U16/><E9/><V47/><REACH who="2" step="1"/><F73/><REACH who="2" ten="250,250,240,250" step="2"/><W15/><G74/><T134/><D126/><U98/><E79/><AGARI ba="0,1" hai="24,29,34,40,43,44,45,47,58,62,64,79,80,86" machi="79" ten="40,2600,0" yaku="1,1,2,1,53,0" doraHai="104" doraHaiUra="114" who="2" fromWho="1" sc="250,0,250,-26,240,36,250,0" /><INIT seed="1,0,0,3,1,13" ten="250,224,276,250" oya="1" hai0="129,29,113,79,39,26,99,82,31,2,111,100,47" hai1="134,40,71,0,50,6,135,38,132,17,42,45,101" hai2="103,3,1,86,83,95,131,34,97,117,7,53,9" hai3="107,19,116,66,104,133,93,115,37,28,35,96,70"/><U12/><E71/><V68/><F34/><W64/><G115/><T119/><D113/><U92/><E0/><V126/><F117/><W80/><G116/><T76/><D119/><U27/><E6/><V110/><F68/><W56/><G70/><T59/><D111/><U60/><E27/><V58/><F110/><W84/><G37/><T88/><D129/><U57/><E101/><V24/><F24/><W109/><G109/><T87/><D2/><U128/><E92/><V14/><F126/><W16/><G133/><T21/><D31/><U98/><E98/><V15/><F15/><W127/><G127/><T55/><D47/><U32/><E32/><V75/><F75/><W62/><G35/><T85/><D39/><U102/><E102/><V90/><REACH who="2" step="1"/><F131/><REACH who="2" ten="250,224,266,250" step="2"/><W67/><G28/><T25/><D25/><U122/><E128/><V81/><F81/><W120/><G120/><T114/><D114/><U94/><E122/><V22/><F22/><W74/><G74/><T89/><D76/><U51/><E42/><V63/><AGARI ba="0,1" hai="1,3,7,9,14,53,58,63,83,86,90,95,97,103" machi="63" ten="20,5200,0" yaku="1,1,0,1,7,1,53,1" doraHai="13" doraHaiUra="91" who="2" fromWho="2" sc="250,-13,224,-26,266,62,250,-13" /><INIT seed="2,0,0,3,2,48" ten="237,198,328,237" oya="2" hai0="74,4,120,29,64,109,42,78,114,34,97,87,53" hai1="32,111,73,30,57,75,41,65,94,7,18,118,79" hai2="61,56,135,67,85,77,106,132,110,107,25,90,84" hai3="99,117,9,108,6,126,46,36,55,116,103,26,104"/><V23/><F77/><W83/><G108/><T134/><D120/><U100/><E111/><V63/><F110/><W12/><G126/><T122/><D109/><U127/><E118/><V88/><F63/><W69/><G69/><T22/><D122/><U14/><E127/><V45/><F45/><W15/><G26/><T125/><D125/><U121/><E121/><V123/><F123/><W98/><G83/><T133/><D114/><U70/><E70/><V93/><F135/><W31/><G31/><T21/><D42/><U35/><E7/><V128/><F132/><N who="0" m="50794" /><D4/><U33/><E41/><V62/><F62/><W47/><G36/><T50/><D64/><U52/><E65/><V10/><F10/><W5/><G99/><T0/><D0/><U71/><E71/><V119/><F128/><W102/><G102/><T66/><D97/><U95/><E30/><V13/><F13/><W40/><G40/><T59/><D74/><U124/><E124/><V82/><REACH who="2" step="1"/><F119/><REACH who="2" ten="237,198,318,237" step="2"/><W68/><G12/><T113/><D66/><U19/><E14/><V130/><F130/><W17/><G116/><T129/><D129/><U2/><E2/><V80/><F80/><W115/><G117/><T11/><D11/><U24/><E79/><V76/><F76/><W44/><G9/><T81/><D113/><U1/><E1/><V54/><F54/><W16/><G115/><T3/><D3/><U86/><E52/><V43/><F43/><W37/><G55/><T96/><D78/><U112/><E112/><V39/><F39/><W92/><G37/><T8/><D53/><U101/><E75/><RYUUKYOKU ba="0,1" sc="237,-10,198,-10,318,30,237,-10" hai2="23,25,56,61,67,82,84,85,88,90,93,106,107" /><INIT seed="2,1,1,4,2,83" ten="227,188,348,227" oya="2" hai0="113,108,51,32,47,80,18,5,87,114,125,12,90" hai1="34,50,86,40,97,37,70,105,115,19,7,128,71" hai2="75,120,133,48,121,131,20,109,57,22,66,6,44" hai3="72,98,60,53,117,62,85,129,123,81,84,25,1"/><V41/><F75/><W10/><G117/><T46/><D108/><U4/><E115/><V79/><F79/><W52/><G123/><T65/><D125/><U35/><E37/><V116/><F116/><W103/><G72/><T82/><D32/><U61/><E128/><V106/><F106/><W14/><G1/><T29/><D29/><U68/><E61/><N who="3" m="23658" /><G129/><T23/><D65/><U9/><E19/><V119/><F131/><W99/><G25/><T73/><D46/><U95/><E105/><V63/><F119/><W2/><G2/><T124/><D124/><U58/><E4/><V122/><F109/><W101/><G99/><T111/><D111/><U102/><E86/><N who="3" m="33386" /><G81/><T11/><D80/><U100/><E100/><N who="3" m="38474" /><G98/><T0/><REACH who="0" step="1"/><D73/><REACH who="0" ten="217,188,348,227" step="2"/><U56/><E35/><V13/><F122/><W36/><G36/><T42/><AGARI ba="1,2" hai="0,5,11,12,18,23,42,47,51,82,87,90,113,114" machi="42" ten="20,8000,1" yaku="1,1,2,1,0,1,7,1,52,1,53,0" doraHai="83" doraHaiUra="118" who="0" fromWho="0" sc="217,103,188,-21,348,-41,227,-21" /><INIT seed="3,0,0,3,1,111" ten="320,167,307,206" oya="3" hai0="27,61,105,69,78,1,116,120,44,133,31,98,64" hai1="79,124,0,107,68,115,119,20,36,96,42,70,99" hai2="135,65,17,57,101,77,8,128,97,127,114,55,30" hai3="10,12,33,106,15,56,123,130,26,74,2,86,132"/><W134/><G74/><T58/><D120/><U102/><E0/><V47/><F114/><W35/><G106/><T59/><D116/><U83/><E119/><V3/><F77/><W122/><G86/><T73/><D1/><U118/><E118/><V11/><F3/><W112/><G56/><T51/><D133/><N who="3" m="51305" /><G130/><T34/><D78/><U54/><E124/><V43/><F127/><W39/><G39/><T13/><D13/><N who="3" m="5193" /><G112/><T25/><D25/><U23/><E115/><V14/><F128/><W50/><G50/><T19/><D19/><U131/><E131/><V88/><F135/><W66/><G66/><T91/><D73/><U100/><E54/><V49/><F65/><W71/><G71/><T117/><D117/><U81/><E36/><V82/><F82/><W29/><G33/><T60/><D60/><U6/><E42/><V22/><F30/><W113/><G113/><T104/><D104/><U80/><E79/><V4/><F4/><AGARI ba="0,0" hai="2,4,10,26,29,35,122,123" m="5193,51305" machi="4" ten="30,5800,0" yaku="20,1,34,2" doraHai="111" who="3" fromWho="2" sc="320,0,167,0,307,-58,206,58" /><INIT seed="3,1,0,0,5,61" ten="320,167,249,264" oya="3" hai0="45,69,135,41,85,78,122,6,46,57,13,91,18" hai1="116,35,3,64,72,134,79,117,63,52,19,51,125" hai2="7,87,37,83,84,128,97,4,115,98,56,131,106" hai3="5,80,53,126,47,104,43,133,66,44,92,58,23"/><W112/><G104/><T67/><D69/><N who="1" m="42143" /><E35/><V27/><F37/><W55/><G112/><T93/><D135/><U34/><E34/><V33/><F115/><W48/><G133/><T130/><D130/><N who="2" m="49706" /><F56/><W40/><G126/><T30/><D57/><N who="1" m="32927" /><E79/><N who="2" m="46207" /><F87/><W36/><G80/><T132/><D85/><U59/><E72/><V100/><F98/><W28/><G5/><T22/><D6/><U88/><E3/><V102/><F102/><W74/><G92/><T15/><D91/><U24/><E24/><V124/><F124/><W76/><G76/><T114/><D93/><U31/><E31/><AGARI ba="1,0" hai="4,7,27,31,33,97,100,106" m="46207,49706" machi="31" ten="30,1000,0" yaku="19,1" doraHai="61" who="2" fromWho="1" sc="320,0,167,-13,249,13,264,0" owari="320,42.0,154,-34.6,262,-13.8,264,6.4" /></mjloggm>