<mjloggm ver="2.3"><GO type="225" lobby="0"/><UN n0="%74%61%6B%75%61%6B%61" n1="%61%69%73%79%6F" n2="%E3%81%9F%E3%81%8C%E3%82%84%E3%81%99" n3="%48%61%61%61%6C%61%6E%64" dan="16,17,17,18" rate="2149.45,2208.99,2210.86,2209.69" sx="M,M,M,M"/><TAIKYOKU oya="0"/><INIT seed="0,0,0,0,4,74" ten="250,250,250,250" oya="0" hai0="133,31,112,125,114,8,44,67,16,109,97,98,0" hai1="47,58,110,73,103,107,12,32,29,64,28,84,7" hai2="76,38,116,21,62,86,51,96,20,15,63,82,55" hai3="17,60,11,99,72,65,22,104,34,70,1,9,127"/><T119/><D119/><U50/><E73/><V106/><F38/><W53/><G127/><T94/><D125/><U95/><E107/><V118/><F96/><W52/><G34/><T10/><D133/><U132/><E32/><V92/><F92/><W83/><G104/><T45/><D31/><U115/><E110/><V48/><F48/><W33/><G33/><T61/><D109/><U68/><E68/><V66/><F106/><W57/><G99/><T128/><D128/><U124/><E124/><V79/><F79/><W100/><G100/><T93/><D61/><N who="1" m="37943" /><E115/><V88/><F76/><W80/><G53/><T75/><D75/><U85/><E85/><V41/><F41/><W3/><G3/><T78/><D0/><U39/><E39/><V129/><F63/><W89/><G1/><T42/><D78/><U24/><E24/><V134/><F129/><W126/><G126/><T121/><D42/><U123/><E123/><V6/><F134/><W90/><G72/><T25/><D25/><U135/><E135/><V35/><F35/><W131/><G131/><T69/><D67/><U130/><E130/><V54/><F118/><W59/><G70/><T108/><D69/><U23/><E132/><V91/><F91/><N who="3" m="34827" /><G83/><T14/><D108/><U30/><E84/><V26/><F116/><W46/><G80/><T77/><D77/><U101/><E95/><V56/><F26/><N who="3" m="14671" /><G46/><T36/><D36/><U2/><E2/><V18/><F6/><W81/><G81/><T122/><D14/><U111/><E111/><V102/><F66/><W4/><G4/><T13/><D13/><RYUUKYOKU ba="0,0" sc="250,15,250,-15,250,-15,250,15" hai0="8,10,16,44,45,93,94,97,98,112,114,121,122" hai3="9,11,52,57,59,60,65" /><INIT seed="0,1,0,4,3,85" ten="265,235,235,265" oya="0" hai0="45,7,4,49,100,10,19,1,108,126,114,107,39" hai1="91,35,101,73,33,89,64,12,23,65,115,51,20" hai2="17,29,57,41,132,22,122,94,62,106,40,109,27" hai3="76,124,31,34,63,13,117,53,93,48,113,28,6"/><T82/><D114/><U3/><E3/><V52/><F106/><W43/><G113/><T66/><D126/><U123/><E73/><V37/><F122/><W88/><G117/><T87/><D108/><U14/><E115/><V118/><F109/><W60/><G76/><T77/><D39/><U47/><E47/><V92/><F118/><W84/><G124/><T112/><D112/><U46/><E46/><V116/><F116/><W32/><G32/><T30/><D30/><N who="3" m="11305" /><G34/><T18/><D7/><U128/><E51/><V67/><F132/><W11/><G43/><T98/><REACH who="0" step="1"/><D66/><REACH who="0" ten="255,235,235,265" step="2"/><U5/><E5/><V50/><F37/><W110/><G110/><T121/><D121/><U15/><E123/><V0/><F0/><W86/><G86/><T78/><D78/><U8/><E12/><V95/><REACH who="2" step="1"/><F29/><REACH who="2" ten="255,235,225,265" step="2"/><W58/><AGARI ba="1,2" hai="6,11,13,48,53,58,60,63,84,88,93" m="11305" machi="58" ten="30,4000,0" yaku="8,1,52,1,54,1" doraHai="85" who="3" fromWho="3" sc="255,-21,235,-11,225,-11,265,63" /><INIT seed="1,0,0,0,2,118" ten="234,224,214,328" oya="1" hai0="75,78,115,4,26,15,93,22,14,62,88,119,86" hai1="41,51,37,134,68,106,80,111,84,0,116,110,114" hai2="94,16,53,105,25,108,67,52,122,92,34,81,47" hai3="72,90,121,100,19,27,70,3,33,85,5,128,24"/><U55/><E0/><V23/><F105/><W36/><G72/><T1/><D119/><U21/><E116/><V124/><F122/><W10/><G121/><T74/><D115/><U135/><E106/><V28/><F108/><N who="1" m="41513" /><E68/><V31/><F124/><W101/><G36/><T45/><D1/><U40/><E114/><V43/><F67/><W127/><G70/><T132/><D132/><N who="1" m="50731" /><E37/><V63/><F81/><W64/><G64/><T8/><D15/><U20/><E40/><V131/><F131/><W58/><G128/><T125/><D125/><U104/><E104/><V12/><F31/><W71/><G71/><T29/><D78/><N who="1" m="46103" /><E41/><V117/><F117/><W123/><G3/><T60/><REACH who="0" step="1"/><D45/><AGARI ba="0,0" hai="20,21,45,51,55" m="46103,50731,41513" machi="45" ten="30,5800,0" yaku="14,1,10,1,20,1" doraHai="118" who="1" fromWho="0" sc="234,-58,224,58,214,0,328,0" /><INIT seed="1,1,0,0,3,32" ten="176,282,214,328" oya="1" hai0="38,18,39,96,5,42,117,56,110,133,40,72,47" hai1="105,13,53,94,102,37,87,85,70,51,28,89,67" hai2="78,107,52,95,84,106,25,128,29,9,61,27,122" hai3="121,22,48,100,8,119,43,116,36,135,59,73,50"/><U46/><E37/><V82/><F27/><W99/><G121/><T131/><D72/><U34/><E70/><V77/><F122/><W123/><G123/><T80/><D117/><N who="3" m="45129" /><G73/><T93/><D110/><U12/><E67/><V57/><F128/><W62/><G135/><T104/><D131/><U90/><E28/><V91/><F9/><W114/><G114/><T109/><D104/><U124/><E34/><V112/><F112/><W115/><G115/><T11/><D109/><U130/><E124/><V81/><F81/><W75/><G75/><T21/><D133/><U125/><E125/><V54/><F54/><N who="3" m="34167" /><G22/><T120/><D120/><U17/><E130/><V98/><REACH who="2" step="1"/><F77/><REACH who="2" ten="176,282,204,328" step="2"/><W30/><G8/><T71/><D80/><N who="1" m="49319" /><E105/><V134/><F134/><W6/><G30/><T65/><D11/><N who="1" m="6303" /><E13/><V118/><F118/><W16/><G6/><T63/><D5/><U4/><E4/><V23/><AGARI ba="1,1" hai="23,25,29,52,57,61,78,82,84,91,95,98,106,107" machi="23" ten="20,5200,0" yaku="1,1,0,1,7,1,54,1,53,0" doraHai="32" doraHaiUra="97" who="2" fromWho="2" sc="176,-14,282,-27,204,65,328,-14" /><INIT seed="2,0,0,1,1,133" ten="162,255,269,314" oya="2" hai0="105,109,9,84,128,132,2,101,135,28,22,51,112" hai1="73,14,34,61,93,40,123,60,24,31,41,103,125" hai2="85,100,66,99,56,92,48,52,83,107,57,0,49" hai3="36,44,95,63,75,88,38,6,129,46,42,131,11"/><V104/><F0/><W91/><G75/><T102/><D112/><U64/><E73/><V16/><F16/><W90/><G95/><T12/><D109/><U10/><E60/><V8/><F8/><W111/><G111/><T126/><D128/><N who="3" m="49225" /><G63/><T67/><D67/><U118/><E118/><V122/><F122/><W71/><G71/><T33/><D51/><U116/><E116/><V4/><F4/><W114/><G114/><T68/><D68/><U113/><E113/><V17/><F17/><W35/><G35/><T89/><D33/><U18/><E123/><V124/><F124/><W59/><G59/><T72/><D72/><U39/><E125/><V32/><F32/><W13/><G44/><T43/><D126/><U21/><E39/><AGARI ba="0,0" hai="6,11,13,36,38,39,42,46,88,90,91" m="49225" machi="39" ten="30,2000,0" yaku="19,1,54,1" doraHai="133" who="3" fromWho="1" sc="162,0,255,-20,269,0,314,20" /><INIT seed="3,0,0,3,2,13" ten="162,235,269,334" oya="3" hai0="7,124,19,95,87,81,15,86,94,101,47,16,17" hai1="78,64,22,110,122,73,93,104,121,107,128,71,109" hai2="123,79,30,102,85,45,33,63,46,2,67,21,100" hai3="70,126,83,44,27,36,96,62,18,41,131,53,56"/><W133/><G126/><T25/><D124/><U103/><E22/><V66/><F2/><W118/><G118/><T74/><D74/><U98/><E64/><N who="2" m="24619" /><F33/><W82/><G70/><T32/><D32/><U65/><E65/><V20/><F63/><W108/><G131/><T34/><D34/><U132/><E71/><V0/><F0/><W120/><G120/><N who="1" m="46186" /><E128/><V55/><F123/><W69/><G69/><T105/><D25/><U57/><E57/><V99/><F99/><W31/><G133/><T61/><D61/><U9/><E9/><V42/><F55/><W4/><G96/><N who="0" m="59543" /><D105/><N who="1" m="40523" /><E132/><V29/><F21/><W125/><G62/><T80/><D47/><U8/><E8/><V112/><F46/><W39/><G44/><T58/><D58/><U129/><E129/><V51/><F112/><W116/><G125/><T48/><D48/><U40/><E40/><V106/><F106/><W76/><G41/><T14/><D95/><U37/><E37/><V35/><F35/><W54/><G36/><T23/><D7/><U6/><E6/><V38/><F38/><W1/><G4/><T75/><D75/><U92/><E93/><V24/><F30/><W91/><G31/><T115/><D115/><U111/><E73/><V130/><F130/><W113/><G39/><T43/><D43/><U119/><E119/><V72/><F72/><W5/><G116/><T59/><D59/><U12/><E110/><V134/><F134/><W84/><G108/><T52/><D52/><U97/><E109/><V90/><F42/><W28/><G56/><T88/><D23/><U135/><E111/><RYUUKYOKU ba="0,0" sc="162,30,235,-10,269,-10,334,-10" hai0="14,15,16,17,19,80,81,86,87,88" owari="192,-30.8,225,-17.5,259,5.9,324,42.4" /></mjloggm>