<mjloggm ver="2.3"><GO type="225" lobby="0"/><UN n0="%E3%81%A1%E3%82%85%E3%81%86%E3%81%A9%E3%81%8F%E8%B1%A1%E3%81%95%E3%82%93" n1="%E3%81%9F%E3%81%93%E2%98%86%E7%84%BC%E3%81%8D" n2="%54%4F%52" n3="%E3%83%AB%E3%83%9B%E3%83%B3%E3%83%87%E3%82%A3%E3%82%A8" dan="17,16,17,16" rate="2193.00,2076.84,2229.01,2175.74" sx="M,M,M,M"/><TAIKYOKU oya="0"/><INIT seed="0,0,0,5,3,27" ten="250,250,250,250" oya="0" hai0="10,131,78,46,88,87,97,133,64,8,89,5,2" hai1="4,20,120,111,18,71,125,127,79,113,54,102,55" hai2="132,90,91,37,23,61,47,60,95,75,15,126,63" hai3="108,12,44,25,101,104,32,52,130,43,135,36,38"/><T51/><D133/><U74/><E71/><V129/><F132/><W122/><G135/><T31/><D131/><U68/><E68/><V77/><F129/><W119/><G130/><T106/><D64/><U16/><E120/><V85/><F126/><N who="1" m="48137" /><E102/><V107/><F107/><W65/><G122/><T14/><D31/><U73/><E4/><V29/><F75/><N who="1" m="28681" /><E79/><V62/><F77/><W117/><G108/><T81/><D97/><U67/><E111/><V57/><F90/><W21/><G101/><T124/><D106/><U99/><E67/><V110/><F110/><W1/><G65/><T115/><D115/><U0/><E99/><V9/><F37/><W69/><G36/><T76/><D124/><U83/><E0/><V80/><F80/><W94/><G1/><T93/><D89/><U92/><E92/><V96/><F96/><W123/><G69/><T128/><D93/><U86/><E20/><V19/><F47/><W82/><G82/><T24/><D24/><U66/><E66/><N who="2" m="39183" /><F23/><W109/><G94/><T134/><D134/><U59/><E59/><V17/><F19/><N who="1" m="7209" /><E113/><V41/><F41/><W34/><G104/><T7/><REACH who="0" step="1"/><D128/><REACH who="0" ten="240,250,250,250" step="2"/><U114/><E114/><V49/><F29/><W6/><G109/><T58/><D58/><U121/><E121/><V35/><F35/><W33/><G123/><T53/><AGARI ba="0,1" hai="2,5,7,8,10,14,46,51,53,76,78,81,87,88" machi="53" ten="20,7800,0" yaku="1,1,0,1,7,1,54,1,53,0" doraHai="27" doraHaiUra="26" who="0" fromWho="0" sc="240,88,250,-26,250,-26,250,-26" /><INIT seed="0,1,0,4,3,56" ten="328,224,224,224" oya="0" hai0="74,27,45,7,0,43,95,15,67,82,79,59,64" hai1="54,1,102,16,75,122,91,104,130,119,65,117,33" hai2="96,131,31,77,37,40,113,135,92,100,51,110,9" hai3="94,120,32,57,23,48,111,3,72,29,42,107,49"/><T36/><D15/><U24/><E1/><V30/><F113/><W118/><G107/><T76/><D76/><U17/><E122/><V132/><F37/><W22/><G72/><T62/><D95/><U84/><E75/><V83/><F110/><W78/><G3/><T10/><D27/><U70/><E54/><AGARI ba="1,0" hai="0,7,10,36,43,45,54,59,62,64,67,74,79,82" machi="54" ten="30,11600,0" yaku="7,1,25,2,52,1" doraHai="56" who="0" fromWho="1" sc="328,119,224,-119,224,0,224,0" /><INIT seed="0,2,0,1,2,33" ten="447,105,224,224" oya="0" hai0="83,135,65,114,98,118,121,77,80,15,92,28,74" hai1="45,9,64,1,10,61,54,35,81,51,66,55,109" hai2="129,111,38,13,117,40,100,128,5,73,58,75,120" hai3="26,76,34,44,47,23,20,105,18,49,8,30,123"/><T93/><D121/><U37/><E35/><V42/><F120/><W2/><G105/><T50/><D114/><U88/><E9/><V22/><F111/><W89/><G123/><T101/><D28/><U107/><E107/><V90/><F100/><W48/><G76/><N who="0" m="44055" /><D15/><U14/><E109/><V67/><F117/><W7/><G89/><N who="0" m="55567" /><D50/><U24/><E24/><V115/><F115/><W125/><G125/><T97/><D65/><U62/><E37/><V16/><F75/><W78/><G78/><T52/><D52/><U82/><E14/><V102/><F73/><W71/><G71/><T46/><D46/><U57/><E82/><V96/><F90/><W70/><G70/><T56/><D56/><U3/><E10/><V72/><F72/><W59/><G59/><T112/><D112/><U84/><E54/><V94/><F5/><W17/><G23/><T19/><D19/><U32/><E32/><V31/><F31/><W108/><G108/><T116/><D135/><U25/><E25/><V91/><F102/><W99/><G99/><T106/><D106/><U122/><E122/><V131/><REACH who="2" step="1"/><F38/><REACH who="2" ten="447,105,214,224" step="2"/><W60/><G30/><T43/><D116/><U119/><REACH who="1" step="1"/><E119/><REACH who="1" ten="447,95,214,224" step="2"/><V27/><F27/><W104/><G26/><T79/><D118/><U6/><E6/><V4/><F4/><W85/><G7/><T68/><D77/><U11/><E11/><V126/><F126/><W0/><G8/><T86/><D79/><U103/><E103/><V36/><F36/><W29/><G29/><T87/><D101/><U124/><E124/><V127/><F127/><W132/><G104/><RYUUKYOKU ba="2,2" sc="447,-15,95,15,214,15,224,-15" hai1="1,3,45,51,55,57,61,62,64,66,81,84,88" hai2="13,16,22,40,42,58,67,91,94,96,128,129,131" /><INIT seed="1,3,2,0,2,118" ten="432,110,229,209" oya="1" hai0="84,45,115,86,37,131,32,31,33,23,46,98,109" hai1="19,97,123,4,124,119,21,2,14,27,30,82,78" hai2="100,29,122,18,64,107,94,110,57,75,11,36,0" hai3="28,22,70,125,54,34,113,111,132,81,89,99,65"/><U9/><E119/><V104/><F75/><W80/><G113/><T71/><D71/><U56/><E124/><V135/><F36/><W53/><G34/><T85/><D115/><U43/><E43/><V5/><F29/><W55/><G70/><T79/><D79/><U76/><E56/><V35/><F35/><W17/><G125/><T68/><D68/><U25/><E97/><V96/><F110/><W129/><G111/><T134/><D109/><U95/><E95/><V105/><F135/><W49/><G28/><T40/><D134/><U62/><E62/><V93/><F93/><N who="3" m="56751" /><G65/><T13/><D131/><U127/><E127/><V8/><F8/><W90/><G129/><T87/><D98/><U130/><E130/><V50/><F18/><W59/><G132/><T16/><D31/><U88/><E27/><V91/><F122/><W1/><G1/><T15/><D13/><U44/><E44/><V61/><REACH who="2" step="1"/><F50/><REACH who="2" ten="432,110,219,209" step="2"/><W72/><G72/><T67/><D32/><N who="1" m="20559" /><E123/><V74/><F74/><W63/><G49/><T101/><D33/><U128/><E128/><V83/><F83/><N who="3" m="31819" /><G90/><AGARI ba="3,3" hai="0,5,11,57,61,64,90,91,94,96,100,104,105,107" machi="90" ten="40,1300,0" yaku="1,1,53,0" doraHai="118" doraHaiUra="26" who="2" fromWho="3" sc="432,0,110,0,219,52,209,-22" /><INIT seed="2,0,0,4,3,60" ten="432,110,271,187" oya="2" hai0="78,12,135,115,46,32,53,117,72,71,35,113,118" hai1="90,33,47,82,70,37,68,111,64,40,25,112,36" hai2="29,100,109,129,17,97,34,26,10,18,58,133,93" hai3="63,44,105,28,45,57,88,38,94,85,27,54,87"/><V77/><F129/><W0/><G0/><T123/><D71/><N who="1" m="27179" /><E90/><V104/><F133/><W2/><G2/><T108/><D135/><U91/><E91/><V132/><F132/><W23/><G105/><T96/><D96/><U31/><E82/><V110/><F77/><W126/><G126/><T3/><D3/><U122/><E25/><V92/><F58/><W55/><G38/><N who="1" m="14954" /><E31/><V42/><F42/><W20/><G55/><T74/><D108/><N who="2" m="41578" /><F10/><W73/><G73/><T6/><D123/><U66/><E33/><V50/><F50/><W75/><G75/><T124/><D46/><U14/><E14/><V1/><F1/><W43/><G43/><T4/><D53/><U51/><E111/><V41/><F41/><W79/><G20/><T131/><D78/><U61/><E122/><V21/><F17/><W11/><G11/><T19/><D19/><U16/><E16/><V7/><F7/><W59/><G59/><T81/><D12/><AGARI ba="0,0" hai="12,18,21,26,29,34,92,93,97,100,104" m="41578" machi="12" ten="30,2900,0" yaku="14,1,10,1" doraHai="60" who="2" fromWho="0" sc="432,-29,110,0,271,29,187,0" /><INIT seed="2,1,0,1,0,127" ten="403,110,300,187" oya="2" hai0="11,106,13,118,19,55,49,122,99,33,41,27,50" hai1="64,117,9,17,102,98,101,6,10,40,54,80,94" hai2="133,60,129,16,104,31,3,70,42,61,47,95,46" hai3="109,128,97,83,34,75,32,29,110,53,88,87,21"/><V124/><F104/><W111/><G75/><T48/><D122/><U18/><E117/><V67/><F3/><W22/><G128/><T76/><D118/><U65/><E102/><V23/><F124/><W90/><G53/><T85/><D106/><U74/><E40/><V62/><F133/><W135/><G135/><T73/><D73/><U12/><E54/><V116/><F116/><W52/><G52/><T108/><D108/><U78/><REACH who="1" step="1"/><E17/><REACH who="1" ten="403,100,300,187" step="2"/><V28/><F42/><W37/><G37/><T105/><D55/><U39/><E39/><V7/><F47/><W82/><G29/><T8/><D19/><U114/><E114/><V14/><F46/><W79/><G111/><T24/><D41/><U26/><E26/><V72/><F28/><W103/><G110/><T5/><D24/><U77/><E77/><V132/><F31/><W89/><G109/><T15/><D27/><U123/><E123/><V84/><F132/><W121/><G121/><T4/><D76/><U100/><E100/><V130/><F61/><W134/><G134/><T69/><D105/><U57/><E57/><V1/><F62/><W43/><G43/><T126/><D126/><U56/><E56/><V91/><REACH who="2" step="1"/><F72/><REACH who="2" ten="403,100,290,187" step="2"/><W2/><G34/><T71/><D49/><U120/><E120/><V51/><F51/><W58/><G32/><T59/><D50/><U44/><E44/><V131/><F131/><W68/><G58/><T119/><D48/><U35/><E35/><V20/><F20/><W125/><G21/><T66/><D33/><U25/><E25/><V92/><F92/><W112/><G22/><RYUUKYOKU ba="1,2" sc="403,-15,100,15,290,15,187,-15" hai1="6,9,10,12,18,64,65,74,78,80,94,98,101" hai2="1,7,14,16,23,60,67,70,84,91,95,129,130" /><INIT seed="2,2,2,5,1,5" ten="388,115,305,172" oya="2" hai0="90,11,34,72,111,109,25,15,92,38,112,133,83" hai1="63,19,79,129,2,97,55,30,0,71,18,116,24" hai2="73,28,14,27,91,117,9,70,126,31,114,40,46" hai3="102,42,17,12,54,99,50,130,118,128,80,23,13"/><V45/><F114/><W106/><G118/><T43/><D112/><U81/><E116/><V57/><F117/><W123/><G123/><T85/><D133/><U134/><E134/><V22/><F70/><W35/><G35/><T88/><D38/><U1/><E97/><V75/><F126/><W115/><G115/><T64/><D64/><U65/><E55/><V60/><F91/><W69/><G69/><T107/><D107/><U100/><E100/><V68/><F68/><W59/><G80/><T93/><D43/><U67/><E129/><N who="3" m="49770" /><G42/><T119/><D119/><U113/><E67/><V53/><F31/><W29/><G29/><T108/><D72/><U84/><REACH who="1" step="1"/><E113/><REACH who="1" ten="388,105,305,172" step="2"/><V66/><F66/><W125/><G125/><T132/><D132/><U124/><E124/><V20/><F40/><W41/><G41/><T105/><D105/><U103/><E103/><V135/><F135/><W122/><G122/><T77/><D109/><U76/><E76/><V48/><F53/><W82/><G82/><T39/><D83/><U89/><E89/><V96/><F96/><W52/><G54/><T3/><D77/><U26/><E26/><AGARI ba="2,3" hai="12,13,17,23,26,50,52,59,99,102,106" m="49770" machi="26" ten="30,2000,0" yaku="19,1,54,1" doraHai="5" who="3" fromWho="1" sc="388,0,105,-26,305,0,172,56" /><INIT seed="3,0,0,0,0,41" ten="388,79,305,228" oya="3" hai0="128,114,45,32,118,68,42,106,69,94,119,5,108" hai1="63,28,21,75,25,58,60,61,16,34,74,99,120" hai2="104,23,85,102,19,56,97,30,29,80,51,93,71" hai3="116,78,76,70,77,64,43,95,1,73,111,96,92"/><W89/><G1/><T15/><D106/><U123/><E58/><V131/><F71/><W121/><G116/><T55/><D32/><U79/><E79/><V53/><F104/><W133/><G121/><T112/><D55/><U90/><E123/><V33/><F33/><W100/><G133/><T84/><D108/><U44/><E120/><V72/><F72/><W113/><G113/><N who="0" m="43627" /><D128/><U125/><E125/><V54/><F54/><W62/><G111/><T86/><D5/><U39/><E75/><V52/><F131/><W6/><G6/><T7/><D7/><U81/><E74/><V14/><REACH who="2" step="1"/><F53/><REACH who="2" ten="388,79,295,228" step="2"/><W0/><G73/><T91/><D68/><U135/><E135/><V46/><F46/><W4/><G43/><T59/><D69/><U31/><E34/><V82/><F82/><W24/><G24/><T3/><D45/><U20/><E39/><V37/><F37/><W87/><G0/><T17/><D3/><U129/><E129/><V103/><F103/><W101/><G4/><T130/><D42/><U48/><E81/><V27/><F27/><W8/><G8/><N who="0" m="6375" /><D130/><U83/><E21/><V2/><F2/><W35/><G35/><T47/><D47/><U18/><E28/><V122/><F122/><W11/><G11/><T127/><D118/><U117/><E117/><V57/><F57/><W10/><G10/><T38/><D59/><U126/><E126/><V67/><F67/><W105/><REACH who="3" step="1"/><G100/><REACH who="3" ten="388,79,295,218" step="2"/><T98/><D127/><U88/><E31/><V50/><F50/><W9/><G9/><T107/><D119/><U65/><E65/><V40/><F40/><RYUUKYOKU ba="0,2" sc="388,-15,79,-15,295,15,218,15" hai2="14,19,23,29,30,51,52,56,80,85,93,97,102" hai3="62,64,70,76,77,78,87,89,92,95,96,101,105" /><INIT seed="3,1,2,0,0,112" ten="373,64,310,233" oya="3" hai0="23,55,105,18,104,95,42,66,64,4,79,93,28" hai1="52,6,91,106,133,124,71,10,5,115,29,109,11" hai2="85,26,7,74,125,73,60,43,84,22,123,62,53" hai3="111,98,121,51,132,24,31,9,12,77,103,0,75"/><W50/><G121/><T76/><D4/><U2/><E106/><V117/><F117/><W16/><G132/><T40/><D28/><U3/><E71/><V32/><F123/><W118/><G118/><T65/><D55/><U82/><E82/><V33/><F125/><W96/><G111/><T101/><D101/><U83/><E83/><V129/><F129/><W114/><G114/><T88/><D105/><U56/><E115/><V97/><F43/><N who="0" m="16426" /><D104/><U27/><E109/><V100/><F7/><W61/><G0/><T89/><D89/><U130/><E130/><V19/><F33/><W45/><G75/><T70/><D70/><U90/><E124/><V8/><F8/><W36/><G36/><T58/><D58/><U59/><E59/><V122/><F32/><W69/><G77/><N who="0" m="29771" /><D88/><U34/><REACH who="1" step="1"/><E133/><REACH who="1" ten="373,54,310,233" step="2"/><V14/><F122/><W87/><G69/><T113/><D113/><U13/><E13/><AGARI ba="1,3" hai="13,18,23,64,65,66,93,95" m="29771,16426" machi="13" ten="30,1000,0" yaku="8,1" doraHai="112" who="0" fromWho="1" sc="373,43,54,-13,310,0,233,0" owari="416,51.6,41,-45.9,310,11.0,233,-16.7" /></mjloggm>