<mjloggm ver="2.3"><GO type="225" lobby="0"/><UN n0="%E5%8D%A0%E3%81%84%E5%B8%AB%E8%A3%8F%E3%81%AA%E3%81%84%E3%81%97" n1="%E3%82%BC%E3%83%AB%E3%83%80%E3%81%AE%E4%BC%9D%E8%AA%AC" n2="%E3%81%8B%E3%82%8F%E3%81%A1%E3%82%83%E3%82%93%35%38" n3="%E3%81%BE%E3%81%A8%E3%81%9F" dan="17,17,17,16" rate="2190.13,2222.73,2199.43,2127.50" sx="M,M,M,M"/><TAIKYOKU oya="0"/><INIT seed="0,0,0,1,0,29" ten="250,250,250,250" oya="0" hai0="19,91,30,48,64,46,43,2,68,49,121,78,53" hai1="103,47,32,57,26,13,12,80,116,119,130,131,96" hai2="42,15,11,110,14,37,39,128,134,9,77,24,104" hai3="70,82,87,120,58,79,86,72,88,28,65,113,36"/><T16/><D121/><U132/><E57/><V102/><F77/><W89/><G113/><T115/><D115/><U125/><E47/><V1/><F1/><W62/><G36/><T105/><D2/><U97/><E80/><V124/><F42/><W109/><G109/><T85/><D105/><U51/><E51/><V81/><F81/><W0/><G0/><T108/><D108/><U107/><E96/><V22/><F110/><W118/><G118/><N who="1" m="45098" /><E125/><V74/><F74/><W5/><G5/><T59/><D78/><U101/><E101/><V126/><F102/><W122/><G70/><T76/><D76/><U71/><E71/><V34/><F22/><W35/><G86/><T92/><REACH who="0" step="1"/><D30/><REACH who="0" ten="240,250,250,250" step="2"/><N who="1" m="19543" /><E132/><V45/><F134/><W3/><G72/><T83/><D83/><U127/><E127/><V50/><F124/><W123/><G3/><T55/><D55/><U41/><E41/><V21/><F126/><W10/><G79/><T66/><D66/><U17/><E107/><V33/><F104/><W98/><G82/><T23/><D23/><U73/><E73/><V6/><F21/><W106/><G106/><T4/><D4/><U133/><E133/><V100/><F6/><W7/><G7/><T61/><AGARI ba="0,1" hai="16,19,43,46,48,49,53,59,61,64,68,85,91,92" machi="61" ten="30,11700,0" yaku="1,1,0,1,54,1,53,1" doraHai="29" doraHaiUra="60" who="0" fromWho="0" sc="240,127,250,-39,250,-39,250,-39" /><INIT seed="0,1,0,3,1,28" ten="367,211,211,211" oya="0" hai0="21,23,129,34,90,17,85,42,78,58,20,37,86" hai1="117,99,11,89,35,134,66,101,43,14,67,62,69" hai2="12,55,56,33,133,80,128,110,130,25,100,2,94" hai3="121,22,26,115,103,109,68,13,53,51,61,3,46"/><T19/><D129/><N who="2" m="49770" /><F2/><W96/><G115/><T24/><D37/><U27/><E117/><V31/><F110/><W105/><G3/><T1/><D1/><U6/><E134/><V127/><F133/><W7/><G109/><T72/><D42/><U64/><E89/><V88/><F127/><W5/><G13/><T49/><D34/><U40/><E40/><V44/><F12/><W48/><G48/><T50/><D72/><U70/><E43/><V52/><F44/><W104/><G104/><T106/><D106/><N who="1" m="63807" /><E70/><V114/><F114/><W73/><G73/><T76/><D21/><U84/><E84/><N who="2" m="50183" /><F56/><W116/><G68/><T108/><D108/><U57/><E57/><V38/><F38/><W131/><G46/><T41/><D58/><U95/><E95/><V82/><F82/><W98/><G131/><T47/><D41/><U122/><E122/><V93/><F93/><W135/><G105/><T54/><D90/><U132/><E132/><V83/><F83/><W79/><G135/><T39/><D39/><U4/><E4/><V113/><F113/><W111/><G5/><T124/><D47/><U0/><E0/><V9/><F9/><W15/><G7/><T92/><D92/><U123/><E123/><V125/><F125/><W16/><G111/><T30/><D124/><U45/><E45/><V87/><F87/><W102/><G121/><T32/><D85/><U63/><E69/><V65/><F65/><W120/><G116/><T74/><D86/><U81/><E81/><V91/><F91/><W75/><G120/><T97/><D74/><U71/><E71/><RYUUKYOKU ba="1,0" sc="367,-15,211,15,211,15,211,-15" hai1="6,11,14,27,35,62,63,64,66,67" hai2="25,31,33,52,55,94,100" /><INIT seed="1,2,0,5,3,16" ten="352,226,226,196" oya="1" hai0="64,84,132,33,44,52,73,23,62,91,107,103,11" hai1="70,97,66,104,76,15,65,59,40,43,98,10,134" hai2="85,94,3,53,48,75,68,4,124,127,81,34,111" hai3="25,47,20,114,130,42,95,109,13,87,5,80,31"/><U71/><E76/><V51/><F34/><W123/><G114/><T77/><D33/><U102/><E134/><V9/><F68/><W21/><G123/><T82/><D132/><U55/><E71/><V110/><F94/><W99/><G130/><T35/><D35/><U18/><E98/><V88/><F75/><W12/><G5/><T100/><D11/><U30/><E30/><V116/><F116/><W36/><G20/><T28/><D107/><U8/><E8/><V125/><REACH who="2" step="1"/><F51/><REACH who="2" ten="352,226,216,196" step="2"/><W86/><G109/><T122/><D73/><U57/><E70/><V113/><F113/><W19/><G31/><T27/><D122/><U45/><E57/><AGARI ba="2,1" hai="3,4,9,48,53,57,81,85,88,110,111,124,125,127" machi="57" ten="40,8000,1" yaku="1,1,18,1,54,1,53,1" doraHai="16" doraHaiUra="49" who="2" fromWho="1" sc="352,0,226,-86,216,96,196,0" /><INIT seed="2,0,0,0,5,117" ten="352,140,312,196" oya="2" hai0="92,106,83,59,111,85,129,8,87,125,51,27,12" hai1="26,33,11,25,75,23,5,113,58,98,72,81,66" hai2="130,70,96,32,95,50,36,10,90,1,97,3,123" hai3="121,54,109,115,28,14,91,88,41,124,20,43,34"/><V101/><F130/><W49/><G109/><T47/><D106/><U102/><E113/><V18/><F36/><W52/><G124/><T104/><D104/><U69/><E81/><V67/><F32/><W82/><G115/><T48/><D111/><U103/><E58/><V16/><F123/><W77/><G34/><T108/><D108/><U128/><E128/><V44/><F67/><W116/><G121/><T35/><D125/><U126/><E126/><V100/><F70/><W63/><G63/><T89/><D129/><U57/><E57/><V22/><F18/><N who="3" m="10327" /><G28/><T105/><D105/><N who="1" m="63703" /><E103/><V94/><F10/><W122/><G122/><T68/><D68/><U31/><E25/><V21/><F90/><N who="3" m="34347" /><G116/><T53/><D35/><U133/><E23/><V55/><REACH who="2" step="1"/><F22/><REACH who="2" ten="352,140,302,196" step="2"/><W7/><G7/><T127/><D127/><U74/><E133/><V42/><F42/><N who="3" m="15883" /><G49/><T60/><D48/><U80/><E5/><V120/><F120/><W71/><G71/><T65/><D8/><U24/><E11/><V2/><F2/><W38/><G38/><T134/><D134/><U30/><E69/><V76/><F76/><W56/><G56/><T9/><D9/><U13/><E33/><V99/><F99/><W37/><G37/><T0/><D0/><U64/><E31/><V112/><F112/><W135/><G135/><T15/><D27/><AGARI ba="0,1" hai="1,3,16,21,27,44,50,55,94,95,96,97,100,101" machi="27" ten="30,18000,2" yaku="1,1,7,1,9,1,54,1,53,2" doraHai="117" doraHaiUra="93" who="2" fromWho="0" sc="352,-180,140,0,302,190,196,0" /><INIT seed="2,1,0,3,0,94" ten="172,140,492,196" oya="2" hai0="119,24,35,40,118,13,53,102,92,131,58,71,101" hai1="65,39,32,60,46,64,134,9,117,12,133,128,74" hai2="77,31,18,41,67,63,57,34,7,2,19,47,110" hai3="38,104,11,27,70,126,17,100,1,16,26,86,4"/><V98/><F110/><W59/><G70/><T76/><D131/><U130/><E74/><V83/><F34/><W123/><G38/><T30/><D71/><U73/><E73/><V113/><F31/><W90/><G123/><T114/><D114/><U49/><E32/><V22/><F113/><W42/><G42/><T84/><D40/><N who="1" m="22815" /><E12/><V43/><F7/><W0/><G59/><T89/><D13/><U44/><E9/><V99/><F2/><W135/><G0/><T51/><REACH who="0" step="1"/><D76/><REACH who="0" ten="162,140,492,196" step="2"/><U15/><E15/><V124/><F43/><W69/><G69/><T3/><D3/><U52/><E117/><AGARI ba="1,1" hai="24,30,35,51,53,58,84,89,92,101,102,117,118,119" machi="117" ten="40,5200,0" yaku="1,1,12,1,53,1" doraHai="94" doraHaiUra="54" who="0" fromWho="1" sc="162,65,140,-55,492,0,196,0" /><INIT seed="3,0,0,5,1,51" ten="227,85,492,196" oya="3" hai0="71,81,73,1,121,6,50,89,70,103,126,67,80" hai1="69,123,113,4,129,10,12,7,93,104,25,47,53" hai2="120,116,52,48,29,72,122,83,86,14,65,66,46" hai3="97,3,127,110,40,124,108,33,31,20,21,58,99"/><W74/><G74/><T35/><D121/><N who="2" m="46698" /><F116/><W27/><G40/><T79/><D35/><U5/><E123/><V41/><F72/><W44/><G44/><T56/><D126/><N who="3" m="48169" /><G58/><T133/><D133/><U128/><E104/><V23/><F41/><W9/><G99/><T45/><D103/><U24/><E69/><V94/><F94/><W38/><G97/><T84/><D6/><U61/><E113/><V75/><F75/><W59/><G59/><T2/><D56/><U100/><E129/><V49/><F49/><W111/><G38/><T37/><D37/><U102/><E128/><V117/><F117/><W0/><G9/><T88/><D89/><U19/><E93/><V55/><F55/><W118/><G118/><T98/><D98/><U22/><E25/><N who="2" m="16575" /><F14/><W90/><G90/><AGARI ba="0,0" hai="46,48,52,65,66,83,86,90" m="16575,46698" machi="90" ten="30,3900,0" yaku="13,1,52,1,54,1" doraHai="51" who="2" fromWho="3" sc="227,0,85,0,492,39,196,-39" owari="227,2.7,85,-41.5,531,63.1,157,-24.3" /></mjloggm>