<mjloggm ver="2.3"><GO type="225" lobby="0"/><UN n0="%E3%81%BE%E3%81%A8%E3%81%9F" n1="%E7%8D%85%E5%AD%90%E6%80%92%E3%82%93" n2="%72%69%6F%75%63%68%61%6E" n3="%E5%A4%8F%E9%88%B4%E9%88%B4%E5%A4%8F" dan="16,16,17,16" rate="2142.62,2178.60,2225.59,2107.87" sx="M,M,M,M"/><TAIKYOKU oya="0"/><INIT seed="0,0,0,0,2,70" ten="250,250,250,250" oya="0" hai0="21,134,110,106,26,116,132,20,107,36,52,23,121" hai1="22,88,42,48,103,75,62,98,71,125,108,38,93" hai2="45,65,96,30,126,59,18,14,41,113,64,40,100" hai3="80,16,127,7,123,89,73,131,112,87,37,24,56"/><T17/><D116/><U5/><E75/><V77/><F126/><W82/><G112/><T91/><D121/><U68/><E125/><V12/><F113/><W92/><G127/><T51/><D110/><U105/><E108/><V61/><F30/><W83/><G123/><T119/><D119/><U4/><E48/><V104/><F77/><W33/><G131/><T118/><D118/><U55/><E22/><V81/><F81/><W2/><G37/><T1/><D1/><U3/><E55/><V6/><F64/><W114/><G114/><T102/><D91/><U31/><E31/><V11/><REACH who="2" step="1"/><F45/><REACH who="2" ten="250,250,240,250" step="2"/><W28/><G73/><T135/><D102/><U29/><E29/><V8/><AGARI ba="0,1" hai="6,8,11,12,14,18,40,41,59,61,65,96,100,104" machi="8" ten="20,8000,1" yaku="1,1,2,1,0,1,7,1,53,1" doraHai="70" doraHaiUra="54" who="2" fromWho="2" sc="250,-40,250,-20,240,90,250,-20" /><INIT seed="1,0,0,5,0,3" ten="210,230,330,230" oya="1" hai0="134,119,111,13,63,12,52,33,100,28,135,15,30" hai1="101,107,31,104,6,38,45,126,120,16,1,118,49" hai2="73,54,113,95,75,32,21,66,36,128,74,110,37" hai3="20,93,117,69,39,25,123,92,76,42,40,108,109"/><U94/><E118/><V125/><F32/><W62/><G123/><T24/><D119/><U53/><E120/><V2/><F110/><N who="3" m="42603" /><G76/><T99/><D111/><U81/><E126/><V91/><F125/><W64/><G117/><T59/><REACH who="0" step="1"/><D28/><REACH who="0" ten="200,230,330,230" step="2"/><U82/><E31/><V9/><F113/><W41/><G39/><T96/><D96/><N who="1" m="59543" /><E38/><V112/><F36/><W4/><G4/><T7/><D7/><U44/><E6/><V23/><F37/><W105/><G105/><AGARI ba="0,1" hai="12,13,15,24,30,33,52,59,63,99,100,105,134,135" machi="105" ten="40,2600,0" yaku="1,1,54,1,53,0" doraHai="3" doraHaiUra="83" who="0" fromWho="3" sc="200,36,230,0,330,0,230,-26" /><INIT seed="2,0,0,3,1,91" ten="236,230,330,204" oya="2" hai0="130,56,19,2,1,97,50,41,0,93,127,80,108" hai1="8,113,88,134,59,38,35,28,51,40,125,55,37" hai2="86,109,64,115,128,29,114,82,69,73,36,74,98" hai3="77,9,46,79,10,34,63,57,72,131,61,17,47"/><V67/><F128/><W26/><G131/><T95/><D130/><U23/><E113/><V16/><F36/><W45/><G72/><T21/><D108/><U43/><E125/><V103/><F109/><W87/><G34/><T44/><D127/><U107/><E35/><V42/><F29/><W83/><G77/><T84/><D56/><U33/><E33/><V129/><F129/><W70/><G70/><T122/><D97/><U123/><E107/><V96/><F42/><W14/><G26/><T4/><D4/><U94/><E134/><V49/><F49/><W25/><G25/><T132/><D132/><U22/><E123/><V111/><F111/><W7/><REACH who="3" step="1"/><G57/><REACH who="3" ten="236,230,330,194" step="2"/><T30/><D122/><U48/><E28/><V104/><F73/><W78/><G78/><T5/><D30/><U89/><E59/><V85/><F69/><W110/><G110/><T31/><D31/><U71/><E71/><V99/><F115/><W135/><G135/><T58/><D58/><U81/><E38/><V52/><F74/><W126/><G126/><T24/><REACH who="0" step="1"/><D5/><REACH who="0" ten="226,230,330,194" step="2"/><U101/><E37/><V75/><F114/><W13/><AGARI ba="0,2" hai="7,9,10,13,14,17,45,46,47,61,63,79,83,87" machi="13" ten="30,7900,0" yaku="1,1,0,1,8,1,53,1" doraHai="91" doraHaiUra="12" who="3" fromWho="3" sc="226,-20,230,-20,330,-39,194,99" /><INIT seed="3,0,0,2,3,3" ten="206,210,291,293" oya="3" hai0="104,73,93,10,100,36,4,61,109,77,55,20,31" hai1="15,108,69,110,12,27,26,102,95,101,97,24,119" hai2="90,79,76,122,63,50,52,130,116,37,67,14,103" hai3="48,19,59,71,126,29,35,118,124,8,22,107,114"/><W88/><G114/><T106/><D36/><U42/><E69/><V33/><F116/><W132/><G118/><T80/><D109/><N who="1" m="42091" /><E119/><V75/><F37/><W32/><G71/><T16/><D31/><U128/><E128/><V18/><F33/><W74/><G74/><T46/><D93/><U129/><E129/><V87/><F130/><W45/><G107/><T21/><D21/><U40/><E101/><V11/><F75/><W57/><G8/><T99/><D104/><U123/><E123/><V23/><F103/><W125/><G88/><T51/><D61/><U38/><E38/><V85/><F122/><W62/><G132/><T28/><D28/><U68/><E68/><V53/><F23/><W135/><G135/><T54/><D54/><N who="2" m="21098" /><F50/><W2/><G2/><T17/><REACH who="0" step="1"/><D20/><REACH who="0" ten="196,210,291,293" step="2"/><U112/><E112/><V44/><F44/><W56/><G62/><T111/><D111/><U6/><E6/><V72/><F63/><W133/><G29/><T83/><D83/><U66/><E66/><V120/><F67/><W98/><G133/><T43/><D43/><AGARI ba="0,1" hai="12,15,24,26,27,40,42,43,95,97,102" m="42091" machi="43" ten="30,1000,0" yaku="14,1" doraHai="3" who="1" fromWho="0" sc="196,-10,210,20,291,0,293,0" /><INIT seed="4,0,0,4,5,11" ten="186,230,291,293" oya="0" hai0="17,90,131,132,82,66,40,100,6,8,45,22,20" hai1="91,94,36,105,51,59,58,75,18,114,53,93,4" hai2="9,38,64,0,121,97,101,28,120,72,43,125,47" hai3="88,27,115,67,80,135,69,107,21,86,109,30,26"/><T124/><D132/><U77/><E105/><N who="2" m="63663" /><F28/><W57/><G109/><T1/><D131/><U70/><E70/><V33/><F33/><W104/><G69/><T16/><D124/><U39/><E114/><V110/><F110/><W102/><G102/><T73/><D100/><U108/><E108/><V76/><F64/><W2/><G2/><T103/><D103/><U111/><E111/><V34/><F34/><W19/><G115/><T49/><D66/><U23/><E4/><N who="2" m="1159" /><F125/><W15/><G27/><T35/><D35/><U117/><E117/><V65/><F65/><W129/><G135/><T126/><D126/><U46/><E93/><V79/><F79/><W122/><G122/><N who="2" m="47209" /><F76/><W95/><G129/><T12/><D90/><U112/><E112/><V7/><F7/><W85/><G57/><T60/><D60/><U89/><E89/><V128/><F72/><W61/><G61/><T99/><D99/><U44/><E75/><V81/><F81/><W14/><G67/><T62/><D62/><U96/><E77/><V13/><F13/><N who="3" m="4619" /><G107/><T87/><D73/><U56/><REACH who="1" step="1"/><E46/><REACH who="1" ten="186,220,291,293" step="2"/><V119/><F128/><W54/><G104/><T42/><D82/><U63/><E63/><V41/><F41/><W68/><G68/><T25/><REACH who="0" step="1"/><D87/><REACH who="0" ten="176,220,291,293" step="2"/><U106/><E106/><V29/><F119/><W52/><G85/><T92/><D92/><U48/><E48/><V5/><F5/><W31/><G95/><T3/><D3/><U130/><E130/><V133/><F133/><W123/><G123/><T134/><D134/><U71/><E71/><V10/><F10/><W24/><G80/><RYUUKYOKU ba="0,2" sc="176,10,220,10,291,10,293,-30" hai0="1,6,8,12,16,17,20,22,25,40,42,45,49" hai1="18,23,36,39,44,51,53,56,58,59,91,94,96" hai2="29,38,43,47" /><INIT seed="4,1,2,3,5,45" ten="186,230,301,263" oya="0" hai0="20,26,133,55,44,128,78,126,35,67,85,32,65" hai1="84,68,66,75,43,105,115,94,15,108,21,64,39" hai2="41,99,112,77,127,114,95,102,120,106,40,53,11" hai3="116,91,98,93,3,8,14,22,132,58,25,10,62"/><T72/><D126/><U27/><E108/><V86/><F120/><W52/><G116/><T123/><D123/><U17/><E105/><V30/><F127/><W31/><G132/><T109/><D133/><U74/><E115/><N who="2" m="44075" /><F30/><W129/><G129/><T63/><D128/><U12/><E39/><V5/><F53/><W49/><G3/><T34/><D72/><U82/><E43/><V7/><F7/><N who="3" m="3359" /><G10/><T4/><D4/><U101/><E68/><V90/><F77/><W59/><G59/><T69/><D109/><U36/><E36/><V0/><AGARI ba="1,2" hai="0,5,11,40,41,86,90,95,99,102,106" m="44075" machi="0" ten="30,1100,0" yaku="15,1" doraHai="45" who="2" fromWho="2" sc="186,-6,230,-4,301,34,263,-4" owari="180,-32.0,226,-17.4,335,43.5,259,5.9" /></mjloggm>