<mjloggm ver="2.3"><GO type="225" lobby="0"/><UN n0="%E9%B3%B3%E6%9D%B1%E3%81%AE%E3%81%86%E3%81%95%E3%81%8E%E3%81%95%E3%82%93" n1="%E3%83%97%E3%83%AC%E3%83%B4%E3%82%A1%E3%83%86%E3%82%A3" n2="%E8%B6%85%E7%B4%9A%E9%B3%B3%E5%87%B0" n3="%E3%83%97%E3%83%92" dan="17,16,16,16" rate="2234.75,2068.10,2160.73,2171.79" sx="M,F,M,M"/><TAIKYOKU oya="0"/><INIT seed="0,0,0,3,4,98" ten="250,250,250,250" oya="0" hai0="65,100,85,125,8,130,93,89,22,76,135,42,43" hai1="4,56,44,47,12,18,103,20,63,75,88,78,39" hai2="104,101,21,134,108,128,111,118,33,99,83,29,126" hai3="77,2,120,36,10,92,80,50,79,31,97,115,52"/><T62/><D130/><U54/><E39/><V49/><F128/><W13/><G115/><T15/><D135/><U14/><E75/><V113/><F113/><W133/><G36/><T59/><D125/><U109/><E78/><V81/><F126/><W116/><G133/><T26/><D76/><U123/><E123/><V70/><F134/><W35/><G2/><T61/><D61/><U16/><E4/><V110/><F70/><W117/><G120/><T40/><D100/><U64/><E109/><V11/><F118/><W27/><G116/><T129/><D129/><U5/><E5/><V69/><F69/><W71/><G71/><T86/><D86/><U46/><E103/><V124/><F124/><W51/><G51/><T45/><D8/><U72/><E72/><V67/><F67/><W34/><G34/><T112/><D15/><U1/><E1/><V3/><F33/><W96/><G117/><T41/><D112/><U106/><E106/><V32/><F32/><W38/><G38/><T23/><REACH who="0" step="1"/><D26/><REACH who="0" ten="240,250,250,250" step="2"/><U60/><E60/><V114/><F114/><W7/><G79/><T48/><AGARI ba="0,1" hai="22,23,40,41,42,43,45,48,59,62,65,85,89,93" machi="48" ten="30,11700,0" yaku="1,1,2,1,0,1,8,1,53,0" doraHai="98" doraHaiUra="95" who="0" fromWho="0" sc="240,127,250,-39,250,-39,250,-39" /><INIT seed="0,1,0,2,1,45" ten="367,211,211,211" oya="0" hai0="101,75,32,17,69,44,47,94,92,97,55,26,90" hai1="98,124,27,5,106,43,6,100,15,57,40,89,46" hai2="78,14,104,54,12,118,20,25,126,74,134,115,87" hai3="38,76,16,67,60,29,24,39,21,102,23,120,73"/><T68/><D75/><U58/><E124/><V107/><F115/><W13/><G120/><T93/><D47/><U66/><E40/><V123/><F123/><W28/><G28/><T131/><D131/><U48/><E89/><V127/><F134/><W130/><G130/><T117/><D117/><U50/><E15/><V132/><F132/><W7/><G7/><T31/><D17/><U86/><E86/><V109/><F118/><W80/><REACH who="3" step="1"/><G102/><REACH who="3" ten="367,211,211,201" step="2"/><T33/><D33/><U91/><E5/><V61/><F126/><W19/><G19/><T119/><D119/><U83/><E6/><V71/><F127/><W84/><G84/><T95/><REACH who="0" step="1"/><D101/><REACH who="0" ten="357,211,211,201" step="2"/><U4/><E4/><V96/><F74/><W99/><G99/><T37/><D37/><U59/><E100/><V133/><F96/><W3/><G3/><T52/><D52/><N who="1" m="31879" /><E98/><V128/><F128/><W105/><G105/><T64/><D64/><U77/><E106/><V10/><F107/><W18/><G18/><T88/><D88/><U122/><E66/><V34/><F104/><W22/><G22/><T62/><D62/><U53/><E91/><V35/><F133/><W63/><G63/><T72/><D72/><N who="1" m="43431" /><E122/><V2/><F2/><W36/><G36/><T1/><D1/><U85/><E85/><V41/><F87/><W129/><G129/><T82/><D82/><U51/><E27/><V65/><F65/><W135/><G135/><T79/><D79/><U49/><E53/><V11/><F25/><W42/><G42/><T81/><D81/><U8/><E8/><V111/><F78/><W70/><AGARI ba="1,2" hai="13,16,21,23,24,29,38,39,60,67,70,73,76,80" machi="70" ten="20,8000,1" yaku="1,1,5,1,0,1,7,1,54,1,53,0" doraHai="45" doraHaiUra="114" who="3" fromWho="3" sc="357,-41,211,-21,211,-21,201,103" /><INIT seed="1,0,0,2,2,15" ten="316,190,190,304" oya="1" hai0="110,93,11,25,12,68,55,71,62,99,86,56,23" hai1="111,135,66,130,37,81,34,59,76,88,105,17,9" hai2="131,82,41,85,125,18,98,70,72,116,19,74,115" hai3="102,26,69,94,43,133,5,75,58,42,127,117,29"/><U101/><E130/><V109/><F116/><W103/><G69/><T6/><D110/><U61/><E34/><V63/><F109/><W7/><G75/><T132/><D132/><U120/><E111/><V126/><F131/><W47/><G127/><N who="2" m="48649" /><F115/><W48/><G133/><T30/><REACH who="0" step="1"/><D86/><REACH who="0" ten="306,190,190,304" step="2"/><N who="1" m="50255" /><E135/><V10/><F74/><W50/><G117/><T121/><D121/><U84/><E120/><V128/><F72/><W1/><G1/><T100/><AGARI ba="0,1" hai="6,11,12,23,25,30,55,56,62,68,71,93,99,100" machi="100" ten="20,5200,0" yaku="1,1,0,1,7,1,53,1" doraHai="15" doraHaiUra="4" who="0" fromWho="0" sc="306,62,190,-26,190,-13,304,-13" /><INIT seed="2,0,0,1,4,94" ten="368,164,177,291" oya="2" hai0="3,18,125,95,101,61,114,14,134,75,123,63,60" hai1="126,5,124,129,87,16,12,38,102,32,105,65,31" hai2="119,131,110,11,91,67,83,28,116,53,86,43,128" hai3="34,71,29,104,25,57,59,115,82,66,69,17,93"/><V90/><F110/><W27/><G104/><T120/><D114/><U99/><E38/><V96/><F67/><W117/><G117/><T44/><D3/><U19/><E129/><N who="2" m="49739" /><F43/><W4/><G4/><T106/><D106/><U1/><E65/><V22/><F11/><W33/><G115/><T56/><D75/><U80/><E1/><V42/><F42/><W113/><G82/><T52/><D134/><U0/><E0/><V49/><F28/><W68/><G113/><T2/><D2/><U109/><E109/><V89/><F22/><W107/><G107/><T37/><D125/><N who="1" m="48235" /><E5/><V103/><F53/><W77/><G66/><T21/><D37/><U127/><N who="1" m="48243" /><U81/><DORA hai="97" /><E80/><V45/><F49/><W108/><G34/><T48/><D123/><U62/><E62/><V76/><F45/><W46/><G33/><T51/><D120/><U54/><E54/><V9/><F9/><W130/><G46/><T47/><D48/><U111/><E111/><V10/><F10/><W58/><G108/><T50/><D51/><U41/><E41/><V135/><F135/><W73/><G69/><T39/><D39/><U121/><E121/><V8/><F8/><W36/><G68/><T13/><D47/><U6/><E6/><V72/><F72/><W64/><G71/><T70/><D70/><U132/><E132/><V133/><F133/><W112/><G73/><T55/><D55/><U7/><E7/><V20/><F20/><W15/><G36/><T122/><D122/><U78/><E12/><V92/><AGARI ba="0,0" hai="76,83,86,89,90,91,92,96,103,116,119" m="49739" machi="92" ten="30,12000,1" yaku="19,1,34,2,52,2" doraHai="94,97" who="2" fromWho="2" sc="368,-40,164,-40,177,120,291,-40" /><INIT seed="2,1,0,0,5,68" ten="328,124,297,251" oya="2" hai0="44,38,79,41,53,131,104,32,25,1,8,114,37" hai1="90,29,23,20,75,100,0,43,133,34,3,81,60" hai2="50,85,105,9,48,73,66,122,36,115,35,83,10" hai3="49,65,57,59,24,130,58,28,31,27,118,12,98"/><V74/><F115/><W63/><G118/><T132/><D114/><U113/><E113/><V97/><F122/><W88/><G130/><T129/><D104/><U135/><E100/><V109/><F35/><W125/><G12/><T52/><D38/><U17/><E60/><V6/><F109/><W84/><G98/><T89/><D132/><U87/><E75/><V46/><F66/><W96/><G96/><T51/><D89/><U116/><E116/><V62/><F62/><W69/><G49/><T126/><D126/><U47/><E34/><V119/><F119/><W22/><G125/><T108/><D108/><U71/><E71/><V80/><F97/><W14/><G14/><T21/><D79/><U64/><E64/><V92/><F92/><W82/><REACH who="3" step="1"/><G69/><REACH who="3" ten="328,124,297,241" step="2"/><T91/><D51/><U99/><E99/><V93/><F48/><W33/><AGARI ba="1,1" hai="22,24,27,28,31,33,57,58,59,63,65,82,84,88" machi="33" ten="20,16000,3" yaku="1,1,2,1,0,1,7,1,54,1,53,3" doraHai="68" doraHaiUra="55" who="3" fromWho="3" sc="328,-41,124,-41,297,-81,241,173" /><INIT seed="3,0,0,3,4,44" ten="287,83,216,414" oya="3" hai0="114,73,53,113,21,63,94,11,129,96,75,23,6" hai1="5,51,58,74,131,98,16,28,1,18,81,8,123" hai2="110,78,101,26,30,100,34,45,82,59,3,0,134" hai3="119,43,122,49,56,127,20,117,7,106,66,85,33"/><W24/><G122/><T126/><D129/><U15/><E123/><V52/><F110/><W125/><G106/><T76/><D126/><N who="3" m="48137" /><G33/><T72/><D76/><U67/><E131/><V60/><F134/><W99/><G7/><T83/><D83/><U115/><E115/><N who="0" m="44041" /><D53/><U35/><E74/><V71/><F71/><W42/><G85/><T29/><D63/><U70/><E81/><V105/><F45/><N who="3" m="25783" /><G99/><T124/><D29/><U47/><E70/><V13/><F13/><W48/><G43/><T112/><D124/><U40/><E98/><V92/><F105/><W54/><G66/><T61/><D61/><U27/><E67/><V69/><F69/><W97/><G97/><T91/><D112/><U109/><E109/><V128/><F128/><W111/><G111/><T95/><D95/><U102/><E102/><V64/><F64/><W46/><G46/><T116/><D116/><U39/><E58/><V14/><F14/><AGARI ba="0,0" hai="6,11,14,21,23,72,73,75,91,94,96" m="44041" machi="14" ten="40,1300,0" yaku="11,1" doraHai="44" who="0" fromWho="2" sc="287,13,83,0,216,-13,414,0" owari="300,10.0,83,-41.7,203,-19.7,414,51.4" /></mjloggm>