<mjloggm ver="2.3"><GO type="225" lobby="0"/><UN n0="%EF%BC%B3%E3%81%9E%E3%81%88%E2%98%86" n1="%E3%81%B5%E3%81%98%E3%81%8B%E3%81%A4" n2="%E7%99%BD%E6%97%A5%E9%9B%AA%E8%8F%9C" n3="%E5%8D%A0%E3%81%84%E5%B8%AB%E8%A3%8F%E3%81%AA%E3%81%84%E3%81%97" dan="16,17,17,17" rate="2092.23,2214.79,2205.65,2228.93" sx="F,M,M,M"/><TAIKYOKU oya="0"/><INIT seed="0,0,0,2,3,33" ten="250,250,250,250" oya="0" hai0="17,120,91,54,123,125,26,79,35,36,74,55,11" hai1="88,38,77,128,116,130,12,47,93,8,122,90,82" hai2="0,7,94,24,13,4,126,135,75,92,124,9,6" hai3="53,105,101,29,68,114,43,31,34,5,57,81,108"/><T41/><D125/><N who="2" m="48234" /><F75/><W15/><G114/><T39/><D35/><U16/><E116/><V106/><F106/><W104/><G68/><T50/><D55/><U66/><E122/><V78/><F78/><W67/><G108/><T2/><D26/><U45/><E66/><V98/><F135/><W27/><G29/><T21/><D21/><U102/><E102/><N who="2" m="60743" /><F24/><W73/><G101/><T10/><D17/><U89/><E93/><V20/><F20/><W61/><G43/><T100/><D11/><U18/><E18/><N who="2" m="8495" /><F94/><W58/><G5/><N who="0" m="1335" /><D91/><U118/><E118/><V70/><F70/><W52/><G15/><T76/><D100/><U121/><E121/><V84/><F84/><W46/><G46/><N who="0" m="23847" /><D39/><U40/><REACH who="1" step="1"/><E45/><REACH who="1" ten="250,240,250,250" step="2"/><V113/><F113/><W14/><G105/><T1/><D123/><U133/><E133/><V28/><F28/><W23/><G104/><T49/><D120/><U32/><E32/><V99/><F99/><W22/><G34/><T119/><D119/><U95/><E95/><V30/><F30/><W129/><G31/><T60/><D74/><AGARI ba="0,1" hai="8,12,16,38,40,47,74,77,82,88,89,90,128,130" machi="74" ten="40,5200,0" yaku="1,1,54,2,53,0" doraHai="33" doraHaiUra="65" who="1" fromWho="0" sc="250,-52,240,62,250,0,250,0" /><INIT seed="1,0,0,2,3,53" ten="198,302,250,250" oya="1" hai0="24,117,5,14,94,130,123,15,65,69,99,7,36" hai1="83,6,68,91,33,35,49,41,44,66,122,90,30" hai2="37,27,134,10,103,98,128,106,132,19,20,79,18" hai3="108,45,58,31,39,0,77,23,127,16,26,125,48"/><U80/><E122/><V78/><F37/><W73/><G108/><T81/><D117/><U112/><E6/><V118/><F118/><W84/><G0/><T55/><D36/><U74/><E112/><V100/><F128/><W107/><G107/><T93/><D130/><U29/><E68/><V46/><F46/><W129/><G129/><T109/><D109/><U63/><E74/><V86/><F103/><W8/><G73/><T40/><D40/><U116/><E116/><V34/><F34/><W71/><G71/><T2/><D2/><U75/><E75/><V4/><F19/><W102/><G102/><T97/><D69/><U32/><E80/><V12/><REACH who="2" step="1"/><F86/><REACH who="2" ten="198,302,240,250" step="2"/><W51/><G84/><T64/><D123/><U61/><E44/><V43/><F43/><W50/><G45/><T85/><D85/><N who="1" m="50495" /><E41/><V114/><F114/><W96/><G39/><T126/><D126/><U25/><E35/><V111/><F111/><W133/><G127/><T95/><D5/><U1/><E33/><V56/><F56/><W52/><G125/><T88/><D7/><U87/><E87/><V101/><F101/><W104/><G77/><AGARI ba="0,1" hai="4,10,12,18,20,27,77,78,79,98,100,106,132,134" machi="77" ten="40,1300,0" yaku="1,1,53,0" doraHai="53" doraHaiUra="113" who="2" fromWho="3" sc="198,0,302,0,240,23,250,-13" /><INIT seed="2,0,0,5,0,78" ten="198,302,263,237" oya="2" hai0="71,47,121,108,111,95,129,116,68,0,92,56,87" hai1="39,4,41,48,55,51,119,96,76,3,15,106,103" hai2="10,6,107,23,124,44,67,100,114,135,13,123,69" hai3="1,35,25,65,30,53,80,43,86,54,110,12,8"/><V120/><F114/><W38/><G1/><T40/><D0/><U52/><E119/><V117/><F117/><W50/><G38/><T88/><D116/><U84/><E3/><V36/><F124/><W29/><G65/><T133/><D121/><U57/><E39/><V20/><F135/><W75/><G75/><T58/><D133/><U115/><E115/><V131/><F131/><W34/><G110/><N who="0" m="42027" /><D129/><U31/><E31/><V128/><F128/><W105/><G105/><T127/><D127/><U89/><E76/><V122/><F107/><W73/><G73/><T134/><D134/><U49/><E41/><V126/><F100/><W17/><G43/><T46/><D95/><U66/><E66/><V27/><F126/><W24/><REACH who="3" step="1"/><G50/><REACH who="3" ten="198,302,263,227" step="2"/><N who="0" m="26951" /><D47/><U22/><E49/><V132/><F132/><W60/><G60/><T42/><D42/><U74/><E74/><V93/><F44/><W28/><G28/><T19/><D19/><U79/><E51/><V32/><F36/><W104/><G104/><T70/><AGARI ba="0,1" hai="56,58,68,70,71,87,88,92" m="26951,42027" machi="70" ten="40,2700,0" yaku="14,1,54,1" doraHai="78" who="0" fromWho="0" sc="198,37,302,-7,263,-13,227,-7" /><INIT seed="3,0,0,3,0,118" ten="235,295,250,220" oya="3" hai0="0,122,104,62,110,123,18,97,66,41,88,58,23" hai1="135,127,36,24,13,26,129,92,14,89,68,25,108" hai2="43,55,7,132,79,47,111,16,37,1,70,86,114" hai3="28,131,90,109,113,102,101,67,75,8,17,6,39"/><W69/><G113/><T87/><D0/><U83/><E68/><V100/><F70/><W49/><G39/><T107/><D41/><U128/><E36/><V12/><F114/><W19/><G131/><N who="1" m="50250" /><E108/><V52/><F111/><W130/><G109/><T116/><D116/><U45/><E127/><V76/><F132/><W96/><G130/><T29/><D29/><U22/><E135/><V61/><F100/><N who="3" m="38507" /><G75/><T112/><D112/><U91/><E45/><V72/><F86/><W31/><G69/><T60/><D97/><N who="1" m="57487" /><E22/><N who="2" m="11527" /><F61/><W99/><G67/><T63/><D62/><U59/><E59/><V10/><F79/><W103/><N who="3" m="38515" /><W105/><DORA hai="3" /><G105/><T125/><D63/><U38/><E38/><V56/><F56/><W126/><G126/><T121/><D125/><U106/><E106/><V54/><F54/><W119/><G119/><T30/><D110/><U51/><E51/><V40/><F40/><W64/><G64/><T20/><D20/><U80/><E91/><V115/><F115/><W11/><G49/><T34/><D34/><U85/><E85/><V73/><F73/><W46/><G46/><T94/><REACH who="0" step="1"/><D30/><REACH who="0" ten="225,295,250,220" step="2"/><N who="3" m="11305" /><G99/><T15/><AGARI ba="0,1" hai="15,18,23,58,60,66,87,88,94,104,107,121,122,123" machi="15" ten="30,12000,2" yaku="1,1,0,1,52,3,54,1,53,0" doraHai="118,3" doraHaiUra="4,2" who="0" fromWho="0" sc="225,130,295,-30,250,-30,220,-60" owari="355,45.5,265,6.5,220,-18.0,160,-34.0" /></mjloggm>