<mjloggm ver="2.3"><GO type="225" lobby="0"/><UN n0="%E6%A1%9C%E8%8A%B1%E9%96%83%E3%80%85" n1="%E5%8C%97%E6%AC%A7%E3%81%AE%E3%82%82%E3%81%93%E3%81%86" n2="%72%69%6F%75%63%68%61%6E" n3="%E3%83%AB%E3%83%9B%E3%83%B3%E3%83%87%E3%82%A3%E3%82%A8" dan="18,17,17,17" rate="2223.89,2144.52,2257.89,2201.44" sx="M,M,M,M"/><TAIKYOKU oya="0"/><INIT seed="0,0,0,0,1,101" ten="250,250,250,250" oya="0" hai0="18,74,93,118,126,8,79,2,65,47,42,132,46" hai1="114,125,24,100,91,5,134,40,59,50,119,123,28" hai2="21,90,106,83,88,121,117,15,52,89,92,73,37" hai3="80,36,60,97,130,78,85,124,11,14,111,62,67"/><T81/><D118/><U27/><E119/><V76/><F121/><W69/><G111/><T53/><D132/><U43/><E123/><V32/><F117/><W64/><G36/><T71/><D126/><U116/><E134/><V48/><F37/><W98/><G130/><T41/><D93/><U49/><E125/><V95/><F32/><W29/><G29/><T31/><D31/><U9/><E114/><V103/><F15/><W96/><G124/><T122/><D122/><U115/><E115/><V57/><REACH who="2" step="1"/><F21/><REACH who="2" ten="250,250,240,250" step="2"/><W58/><REACH who="3" step="1"/><G96/><AGARI ba="0,1" hai="48,52,57,73,76,83,88,89,90,92,95,96,103,106" machi="96" ten="40,8000,1" yaku="1,1,2,1,52,1,54,2,53,0" doraHai="101" doraHaiUra="4" who="2" fromWho="3" sc="250,0,250,0,240,90,250,-80" /><INIT seed="1,0,0,1,5,0" ten="250,250,330,170" oya="1" hai0="131,106,133,30,54,3,10,120,70,37,127,17,12" hai1="64,56,18,66,69,112,117,7,80,111,34,113,73" hai2="87,4,114,63,110,96,11,77,6,32,59,65,51" hai3="116,13,38,60,19,62,35,85,100,119,76,16,135"/><U118/><E34/><V95/><F32/><W128/><G38/><T101/><D127/><U102/><E102/><V83/><F110/><W68/><G35/><T36/><D133/><U105/><E105/><V50/><F114/><W72/><G72/><T124/><D124/><U28/><E28/><V130/><F130/><W84/><G135/><T24/><D131/><U20/><E69/><V43/><F43/><W74/><G74/><T108/><D108/><U58/><E111/><V8/><F8/><W107/><G128/><T93/><D93/><U89/><E73/><V40/><F40/><W41/><G41/><T104/><D120/><U42/><E42/><V15/><REACH who="2" step="1"/><F4/><REACH who="2" ten="250,250,320,170" step="2"/><W86/><G76/><T33/><D37/><U55/><E7/><V122/><F122/><W126/><G126/><T25/><D10/><U49/><E112/><V22/><F22/><W81/><G81/><T90/><D36/><U39/><E39/><V88/><AGARI ba="0,1" hai="6,11,15,50,51,59,63,65,77,83,87,88,95,96" machi="88" ten="20,16000,3" yaku="1,1,0,1,7,1,8,1,52,1,54,1,53,2" doraHai="0" doraHaiUra="46" who="2" fromWho="2" sc="250,-40,250,-80,320,170,170,-40" /><INIT seed="2,0,0,1,3,16" ten="210,170,490,130" oya="2" hai0="6,11,88,103,101,86,19,64,5,46,129,4,44" hai1="80,63,38,98,109,12,1,85,115,78,22,51,96" hai2="29,3,56,55,132,81,36,107,94,45,23,8,102" hai3="48,10,25,62,70,66,18,7,69,74,58,114,105"/><V49/><F132/><W37/><G105/><T35/><D35/><U133/><E115/><V47/><F107/><W100/><G114/><T77/><D77/><U13/><E38/><V68/><F68/><W21/><G74/><T33/><D33/><U32/><E32/><V126/><F126/><W83/><G37/><T39/><D64/><U95/><E1/><V54/><F81/><W15/><G100/><N who="0" m="38475" /><D39/><U90/><E109/><V28/><F36/><W120/><G120/><T30/><D30/><U2/><E2/><V131/><F131/><W92/><G92/><N who="0" m="54295" /><D129/><U116/><E116/><V26/><F28/><W124/><G124/><T91/><D91/><U97/><E133/><V112/><F112/><W125/><G125/><T57/><D57/><U99/><E63/><V118/><F118/><W14/><G83/><T111/><D111/><U52/><REACH who="1" step="1"/><E22/><REACH who="1" ten="210,160,490,130" step="2"/><V121/><F121/><W113/><G113/><T104/><D104/><U93/><E93/><V67/><F3/><W127/><G127/><T71/><D71/><U0/><E0/><V119/><F94/><W89/><G89/><T106/><D106/><U34/><E34/><V123/><F102/><W31/><REACH who="3" step="1"/><G48/><REACH who="3" ten="210,160,490,120" step="2"/><T128/><D128/><U117/><E117/><V42/><F119/><W135/><G135/><T72/><D72/><U41/><E41/><V108/><F42/><W134/><G134/><T59/><D59/><AGARI ba="0,2" hai="12,13,51,52,59,78,80,85,90,95,96,97,98,99" machi="59" ten="40,8000,1" yaku="1,1,8,1,54,1,53,1" doraHai="16" doraHaiUra="82" who="1" fromWho="0" sc="210,-80,160,100,490,0,120,0" /><INIT seed="3,0,0,2,4,127" ten="130,260,490,120" oya="3" hai0="67,86,129,116,99,27,64,10,120,82,77,106,35" hai1="110,17,80,96,73,124,93,84,42,15,25,135,24" hai2="59,94,57,60,62,71,114,79,47,8,21,19,105" hai3="115,121,37,55,28,31,118,53,6,4,102,81,107"/><W49/><G115/><T90/><D120/><U5/><E110/><V9/><F114/><W63/><G118/><T61/><D116/><U50/><E73/><V122/><F105/><W91/><G37/><T100/><D129/><U65/><E135/><V113/><F113/><W131/><G121/><T85/><D10/><U69/><E5/><N who="3" m="2154" /><G107/><T128/><D128/><U123/><E69/><V2/><F122/><W112/><G102/><T133/><D133/><U89/><E65/><N who="2" m="39055" /><F71/><W117/><G131/><T95/><REACH who="0" step="1"/><D61/><REACH who="0" ten="120,260,490,120" step="2"/><U83/><E124/><V41/><F94/><W126/><G126/><T38/><D38/><U72/><E123/><V87/><F87/><N who="3" m="50671" /><G117/><T132/><D132/><U34/><E72/><V45/><F41/><W78/><G78/><T13/><D13/><U104/><E15/><N who="2" m="9471" /><F79/><W30/><G112/><T76/><D76/><U32/><E84/><V1/><F2/><W18/><G63/><T98/><D98/><U51/><E42/><V58/><F58/><N who="3" m="33071" /><G55/><T3/><D3/><U12/><E104/><V130/><F1/><W7/><N who="3" m="2162" /><W48/><DORA hai="134" /><G48/><T44/><D44/><N who="2" m="16970" /><F130/><W20/><G31/><AGARI ba="0,1" hai="27,31,35,64,67,77,82,85,86,90,95,99,100,106" machi="31" ten="40,1300,0" yaku="1,1,53,0" doraHai="127,134" doraHaiUra="14,16" who="0" fromWho="3" sc="120,23,260,0,490,0,120,-13" owari="143,-25.7,260,6.0,490,59.0,107,-39.3" /></mjloggm>