<mjloggm ver="2.3"><GO type="225" lobby="0"/><UN n0="%6D%75%75%6D%75%72%61" n1="%E3%81%82%E3%81%99%E3%81%AB%E3%82%83%E3%82%80" n2="%4B%2E%32%2E%4B%2E" n3="%72%69%6F%75%63%68%61%6E" dan="16,16,16,17" rate="2217.37,2143.21,2095.59,2202.39" sx="F,F,M,M"/><TAIKYOKU oya="0"/><INIT seed="0,0,0,1,3,29" ten="250,250,250,250" oya="0" hai0="10,112,14,92,37,51,101,13,59,26,104,97,71" hai1="23,84,81,62,12,100,40,50,39,94,78,111,93" hai2="2,75,123,127,6,115,133,52,69,125,98,77,32" hai3="42,27,95,7,106,128,105,8,45,135,102,99,38"/><T31/><D112/><U120/><E111/><V57/><F69/><W54/><G128/><T103/><D37/><U17/><E120/><V49/><F123/><W73/><G135/><T60/><D71/><U88/><E39/><V110/><F115/><W16/><G73/><T53/><D104/><U122/><E122/><V19/><F133/><W9/><G54/><T20/><D103/><U87/><E62/><V117/><F110/><W131/><G131/><T33/><D13/><U108/><E108/><V83/><F117/><W70/><G70/><T118/><D118/><U130/><E130/><V0/><F6/><W65/><G65/><T18/><REACH who="0" step="1"/><D60/><REACH who="0" ten="240,250,250,250" step="2"/><U119/><E119/><V85/><F0/><W90/><G102/><T15/><D15/><U47/><REACH who="1" step="1"/><E100/><REACH who="1" ten="240,240,250,250" step="2"/><V116/><F116/><W107/><REACH who="3" step="1"/><G7/><REACH who="3" ten="240,240,250,240" step="2"/><T91/><D91/><U66/><E66/><V132/><F132/><W24/><G24/><T89/><D89/><U41/><E41/><V121/><F121/><W56/><G56/><T126/><D126/><U61/><E61/><V113/><F113/><W25/><G25/><T82/><D82/><AGARI ba="0,3" hai="12,17,23,40,47,50,78,81,82,84,87,88,93,94" machi="82" ten="30,8000,1" yaku="1,1,7,1,8,1,54,1,53,1" doraHai="29" doraHaiUra="72" who="1" fromWho="0" sc="240,-80,240,110,250,0,240,0" /><INIT seed="1,0,0,3,4,16" ten="160,350,250,240" oya="1" hai0="84,66,116,59,108,0,117,88,77,99,129,91,31" hai1="113,87,135,111,30,1,121,51,107,93,118,98,29" hai2="61,76,104,20,75,102,119,5,115,72,103,83,96" hai3="100,54,124,64,132,41,47,69,130,63,18,42,65"/><U23/><E113/><V92/><F115/><W58/><G130/><T78/><D129/><U4/><E118/><V133/><F119/><W57/><G100/><T35/><D108/><U71/><E121/><V15/><F133/><W90/><G132/><T50/><D0/><U53/><E71/><V106/><F72/><W134/><G134/><T94/><D116/><U32/><E32/><V62/><F92/><W128/><G128/><T81/><D117/><U36/><E36/><V6/><F6/><W131/><G131/><T21/><D35/><U85/><E135/><V110/><F110/><W89/><G124/><T25/><REACH who="0" step="1"/><D50/><REACH who="0" ten="150,350,250,240" step="2"/><U73/><E111/><V122/><F122/><W3/><G3/><T22/><D22/><U68/><E23/><V39/><F20/><W67/><G69/><T10/><D10/><U34/><E68/><V112/><F112/><W52/><G47/><T105/><D105/><U14/><E107/><V19/><F39/><W95/><G18/><T43/><D43/><N who="3" m="16393" /><G95/><T28/><D28/><U86/><E1/><V49/><F19/><W79/><G79/><T55/><D55/><U80/><E34/><V97/><F49/><AGARI ba="0,1" hai="49,52,54,57,58,63,64,65,67,89,90" m="16393" machi="49" ten="30,2000,0" yaku="8,1,54,1" doraHai="16" who="3" fromWho="2" sc="150,0,350,0,250,-20,240,30" /><INIT seed="2,0,0,0,5,60" ten="150,350,230,270" oya="2" hai0="95,1,81,87,84,36,50,8,31,75,90,41,37" hai1="125,115,85,17,4,97,58,54,35,25,6,5,98" hai2="130,117,23,69,103,94,46,122,96,132,71,47,32" hai3="105,124,118,22,19,113,9,108,116,107,91,34,77"/><V12/><F117/><W26/><G108/><T112/><D112/><U55/><E115/><V104/><F122/><W133/><G113/><T74/><D31/><U100/><E125/><V67/><F32/><W53/><G34/><T83/><D50/><U99/><E100/><V73/><F73/><W66/><G124/><T59/><D59/><U72/><E72/><V18/><F130/><W40/><G133/><T2/><D2/><U80/><E58/><V106/><F132/><W114/><G114/><T38/><D95/><U82/><E35/><V63/><REACH who="2" step="1"/><F71/><REACH who="2" ten="150,350,220,270" step="2"/><W93/><G118/><T119/><D119/><U20/><E82/><V101/><F101/><W62/><G116/><T123/><D123/><U64/><E80/><V33/><F33/><W70/><G70/><T89/><REACH who="0" step="1"/><D41/><REACH who="0" ten="140,350,220,270" step="2"/><U39/><E97/><V102/><F102/><W129/><G40/><T0/><D0/><U61/><E98/><V45/><AGARI ba="0,2" hai="12,18,23,45,46,47,63,67,69,94,96,103,104,106" machi="45" ten="30,6000,0" yaku="1,1,0,1,52,1,53,0" doraHai="60" doraHaiUra="30" who="2" fromWho="2" sc="140,-20,350,-20,220,80,270,-20" /><INIT seed="2,1,0,3,3,131" ten="120,330,300,250" oya="2" hai0="101,36,50,96,33,106,61,123,9,54,132,71,86" hai1="111,130,89,34,95,124,26,117,90,74,18,110,48" hai2="14,11,64,2,94,122,116,81,55,15,39,82,43" hai3="65,83,114,23,129,6,37,57,56,51,62,87,135"/><V77/><F116/><W16/><G135/><T80/><D123/><U121/><E121/><V119/><F119/><W76/><G129/><T53/><D36/><U78/><E130/><V47/><F122/><W19/><G114/><T41/><D33/><U72/><E117/><V58/><F64/><W70/><G37/><T20/><D41/><U79/><E124/><V45/><F45/><W84/><G6/><T31/><D9/><U68/><E68/><V21/><F94/><W113/><G113/><T7/><D7/><U8/><E48/><V125/><F125/><W12/><G87/><T73/><D73/><U109/><E8/><V100/><F100/><W99/><G99/><T108/><D108/><U30/><E18/><V133/><F21/><W0/><G0/><T93/><D106/><U126/><E126/><V24/><F24/><W105/><G105/><T27/><D71/><U59/><E59/><V127/><F127/><W42/><REACH who="3" step="1"/><G19/><REACH who="3" ten="120,330,300,240" step="2"/><T63/><D132/><U97/><E72/><V38/><F38/><W25/><G25/><T52/><REACH who="0" step="1"/><D50/><REACH who="0" ten="110,330,300,240" step="2"/><U128/><E74/><V107/><F107/><W46/><AGARI ba="1,2" hai="12,16,23,42,46,51,56,57,62,65,70,76,83,84" machi="46" ten="30,4000,0" yaku="1,1,0,1,54,1,53,0" doraHai="131" doraHaiUra="22" who="3" fromWho="3" sc="110,-11,330,-11,300,-21,240,63" /><INIT seed="3,0,0,4,1,56" ten="99,319,279,303" oya="3" hai0="44,37,89,19,110,64,41,63,84,109,73,46,59" hai1="86,123,71,14,130,107,11,17,102,0,48,81,127" hai2="60,131,75,5,47,99,82,113,31,27,100,101,7" hai3="126,69,92,134,135,38,93,133,76,35,3,96,50"/><W28/><G126/><T119/><D73/><U124/><E123/><V67/><F113/><W121/><G121/><T128/><D119/><U68/><E130/><V120/><F120/><W1/><G38/><T88/><D128/><U18/><E0/><N who="3" m="74" /><G69/><T94/><D19/><U122/><E122/><V16/><F131/><W42/><G76/><T114/><D114/><U12/><E48/><V80/><F101/><N who="3" m="60551" /><G93/><T23/><D23/><U10/><E102/><V87/><F75/><W29/><G35/><T104/><D104/><U9/><E9/><V72/><F72/><W117/><G117/><T62/><D46/><AGARI ba="0,0" hai="28,29,42,46,50,133,134,135" m="60551,74" machi="46" ten="40,2000,0" yaku="20,1" doraHai="56" who="3" fromWho="0" sc="99,-20,319,0,279,0,303,20" owari="79,-42.1,319,11.9,279,-12.1,323,42.3" /></mjloggm>