<mjloggm ver="2.3"><GO type="225" lobby="0"/><UN n0="%72%61%6B%33" n1="%6D%75%75%6D%75%72%61" n2="%E9%B3%B3%E6%9D%B1%E3%81%AE%E3%81%86%E3%81%95%E3%81%8E%E3%81%95%E3%82%93" n3="%E9%95%B7%E5%B3%B6%E3%83%B3%E3%82%AC%E3%83%B3" dan="16,16,16,17" rate="2180.74,2129.87,2115.76,2123.82" sx="M,F,M,M"/><TAIKYOKU oya="0"/><INIT seed="0,0,0,1,2,13" ten="250,250,250,250" oya="0" hai0="26,38,69,103,75,25,67,82,68,57,93,14,133" hai1="94,50,42,29,108,3,112,98,130,43,20,86,76" hai2="24,58,33,40,17,84,32,53,100,44,49,15,126" hai3="81,85,0,135,36,96,125,83,117,10,119,21,132"/><T73/><D38/><U22/><E3/><V116/><F126/><W124/><G36/><T51/><D133/><N who="3" m="51273" /><G21/><T79/><D75/><U47/><E108/><V6/><F116/><N who="3" m="44619" /><G0/><T54/><D14/><U92/><E130/><V27/><F100/><W122/><G10/><T110/><D110/><U64/><E20/><V91/><F6/><W66/><G66/><T105/><D105/><U123/><E123/><V62/><F32/><W80/><G122/><T37/><D37/><U72/><E64/><V34/><F34/><W77/><G96/><T109/><D109/><U60/><E98/><V104/><F33/><W2/><G2/><T118/><D118/><U102/><E22/><N who="2" m="11583" /><F104/><W111/><G111/><T5/><D5/><U131/><E29/><V115/><F115/><W95/><G95/><AGARI ba="0,0" hai="24,27,40,44,49,53,58,62,84,91,95" m="11583" machi="95" ten="30,2000,0" yaku="8,1,52,1" doraHai="13" who="2" fromWho="3" sc="250,0,250,0,250,20,250,-20" /><INIT seed="1,0,0,3,5,121" ten="250,250,270,230" oya="1" hai0="17,113,107,130,45,84,96,38,79,58,50,3,66" hai1="42,70,86,109,93,72,31,35,20,49,124,53,13" hai2="48,47,68,116,67,60,129,6,55,75,102,51,82" hai3="110,77,52,5,63,0,88,57,10,123,32,122,28"/><U7/><E72/><V74/><F116/><W34/><G77/><T114/><D130/><U30/><E70/><V27/><F129/><W73/><G73/><T118/><D118/><U81/><E35/><V44/><F6/><W125/><G125/><T106/><D3/><U112/><E112/><V117/><F117/><W99/><G110/><T78/><D38/><U21/><E124/><V115/><F115/><W41/><G41/><T29/><D29/><U11/><E42/><V104/><F82/><W90/><G90/><T98/><D17/><U62/><E62/><V56/><F27/><W101/><G88/><T133/><D58/><U18/><E93/><V91/><F91/><W126/><G126/><T100/><D66/><U54/><E20/><V36/><F36/><W43/><G43/><T4/><D4/><U46/><E54/><V111/><F111/><W131/><G131/><T61/><D61/><U108/><E31/><V23/><F23/><W25/><REACH who="3" step="1"/><G34/><REACH who="3" ten="250,250,270,220" step="2"/><T15/><D79/><U22/><E81/><V2/><F74/><W26/><G26/><T14/><D78/><U103/><E103/><V39/><F102/><W65/><G65/><T87/><D100/><U92/><E86/><V33/><F75/><W12/><G12/><T37/><D84/><U1/><REACH who="1" step="1"/><E92/><AGARI ba="0,1" hai="0,5,10,25,28,32,52,57,63,92,99,101,122,123" machi="92" ten="30,7700,0" yaku="1,1,7,1,54,1,53,1" doraHai="121" doraHaiUra="97" who="3" fromWho="1" sc="250,0,250,-77,270,0,220,87" /><INIT seed="2,0,0,0,0,18" ten="250,173,270,307" oya="2" hai0="38,102,108,15,43,128,34,79,125,45,8,22,26" hai1="83,63,16,2,39,81,84,7,88,64,69,5,24" hai2="72,106,30,118,62,9,133,75,51,66,58,104,86" hai3="87,121,67,17,52,11,12,114,54,105,70,93,40"/><V4/><F118/><W35/><G105/><T113/><D113/><U112/><E112/><V41/><F30/><W6/><G114/><T46/><D108/><U76/><E2/><V48/><F133/><W65/><G35/><T135/><D135/><U100/><E39/><V50/><F41/><W49/><G121/><T134/><D134/><U71/><E71/><V130/><F130/><W107/><G107/><T37/><D128/><U59/><E69/><V109/><F109/><W23/><G40/><T103/><D125/><U47/><E47/><V57/><F106/><W14/><G70/><T60/><D34/><U28/><E100/><V85/><F104/><W53/><G49/><T92/><D79/><U97/><E28/><V10/><F57/><W119/><G119/><T94/><D60/><U19/><E19/><V123/><F9/><W99/><G87/><T120/><D120/><U80/><E80/><V127/><F127/><W21/><G21/><T77/><D77/><U3/><E3/><V124/><F124/><W95/><G95/><N who="0" m="36395" /><D38/><U25/><E25/><V89/><F85/><W20/><G20/><T117/><D46/><U33/><E33/><V129/><F123/><W32/><G32/><T31/><D117/><U96/><E83/><N who="2" m="49375" /><F129/><W68/><G68/><T111/><D111/><U0/><E0/><N who="2" m="263" /><F75/><W98/><G98/><N who="1" m="37994" /><E76/><V122/><F122/><W101/><AGARI ba="0,0" hai="6,11,12,14,17,23,52,53,54,65,67,93,99,101" machi="101" ten="30,7900,0" yaku="0,1,8,1,52,1,54,1" doraHai="18" who="3" fromWho="3" sc="250,-20,173,-20,270,-39,307,79" /><INIT seed="3,0,0,3,4,104" ten="230,153,231,386" oya="3" hai0="115,74,60,72,122,134,47,112,81,11,91,107,23" hai1="9,46,85,13,32,21,76,30,31,43,20,124,3" hai2="50,90,98,93,22,97,2,1,28,40,71,117,0" hai3="119,132,18,86,129,101,114,17,41,113,39,109,5"/><W102/><G86/><N who="0" m="50639" /><D122/><U73/><E124/><V45/><F117/><W92/><G18/><T70/><D107/><U12/><E85/><V36/><F71/><W58/><G58/><T27/><D134/><U110/><E110/><V95/><F28/><N who="1" m="10793" /><E46/><V54/><F22/><N who="1" m="8809" /><E43/><V103/><F0/><W89/><G129/><T62/><D47/><AGARI ba="0,0" hai="1,2,36,40,45,47,50,54,90,93,95,97,98,103" machi="47" ten="30,1000,0" yaku="7,1" doraHai="104" who="2" fromWho="0" sc="230,-10,153,0,231,10,386,0" owari="220,-18.0,153,-34.7,241,4.1,386,48.6" /></mjloggm>