<mjloggm ver="2.3"><GO type="225" lobby="0"/><UN n0="%E3%81%8F%E3%82%8A%E3%83%94%E3%83%BC" n1="%54%4F%52" n2="%E3%81%A0%E3%81%8A" n3="%E3%83%AD%E3%83%83%E3%83%86%E9%9B%80%E7%90%83" dan="16,17,16,17" rate="2107.81,2250.70,2024.26,2267.18" sx="M,M,M,M"/><TAIKYOKU oya="0"/><INIT seed="0,0,0,3,5,131" ten="250,250,250,250" oya="0" hai0="88,118,102,135,114,51,33,86,27,72,69,95,64" hai1="103,93,11,92,119,105,82,44,89,13,15,128,42" hai2="36,109,46,70,97,99,76,58,19,107,49,132,65" hai3="4,112,1,29,18,125,62,79,16,74,50,116,38"/><T53/><D114/><U87/><E119/><V34/><F34/><W122/><G38/><T130/><D118/><U6/><E128/><V3/><F3/><W94/><G112/><T48/><D130/><U47/><E105/><V39/><F76/><W67/><G116/><T59/><D72/><U61/><E61/><V83/><F83/><W8/><G125/><T73/><D73/><U32/><E32/><V28/><F28/><W40/><G122/><T25/><D135/><U2/><E47/><V68/><F68/><W41/><G29/><T85/><D33/><U26/><E26/><V98/><F107/><W0/><G0/><T126/><D126/><U133/><E133/><V121/><F70/><W54/><G94/><T129/><D129/><U21/><E21/><V96/><F109/><W30/><G30/><T9/><D69/><U71/><E71/><V100/><F121/><W12/><G62/><N who="0" m="37983" /><D51/><U91/><E103/><V115/><F115/><W66/><G79/><T106/><D86/><U78/><E92/><N who="2" m="58375" /><F132/><W23/><G18/><T43/><D43/><N who="3" m="16457" /><G74/><T5/><D102/><U20/><E20/><V113/><F113/><W111/><G111/><T134/><D106/><U56/><E56/><V104/><F104/><W10/><G23/><T120/><D120/><U24/><E24/><V63/><F19/><W127/><G127/><T101/><D101/><U31/><E31/><V77/><F77/><W124/><G124/><T81/><D134/><U17/><E17/><V108/><F108/><W7/><G16/><T90/><D95/><U14/><E93/><V110/><F110/><RYUUKYOKU ba="0,0" sc="250,-30,250,10,250,10,250,10" hai1="2,6,11,13,14,15,42,44,78,82,87,89,91" hai2="36,39,46,49,58,63,65,97,98,99" hai3="1,4,7,8,10,12,50,54,66,67" /><INIT seed="1,1,0,5,1,60" ten="220,260,260,260" oya="1" hai0="95,123,48,99,16,35,65,89,83,53,50,52,57" hai1="126,10,64,66,125,31,13,33,49,47,81,68,91" hai2="38,61,26,127,0,132,88,37,55,17,73,72,51" hai3="93,28,14,113,76,92,12,39,109,19,40,34,98"/><U94/><E81/><V78/><F0/><W58/><G113/><T43/><D35/><U100/><E100/><V112/><F127/><N who="1" m="48649" /><E68/><V104/><F104/><W130/><G109/><T24/><D123/><U2/><E2/><V90/><F132/><W97/><G130/><T7/><D7/><N who="1" m="3295" /><E31/><V108/><F108/><W117/><G28/><T27/><D43/><N who="1" m="24831" /><E33/><V74/><F74/><W70/><G70/><T79/><D65/><U44/><E44/><V86/><F73/><W5/><G34/><T121/><D121/><U135/><E135/><V1/><F72/><W11/><G93/><T20/><D83/><U84/><AGARI ba="1,0" hai="64,66,84,91,94" m="24831,3295,48649" machi="84" ten="30,6000,0" yaku="18,1,52,2" doraHai="60" who="1" fromWho="1" sc="220,-21,260,63,260,-21,260,-21" /><INIT seed="1,2,0,4,5,89" ten="199,323,239,239" oya="1" hai0="103,125,85,88,82,128,55,63,24,124,56,76,48" hai1="127,15,0,23,118,22,87,37,32,34,4,131,16" hai2="98,110,31,7,45,68,51,100,106,53,27,92,93" hai3="84,116,119,105,132,52,47,129,117,12,96,71,104"/><U109/><E37/><V8/><F110/><W94/><G129/><T25/><D128/><U40/><E131/><V102/><F68/><W36/><G132/><T120/><D120/><U99/><E40/><V115/><F115/><W13/><G71/><T14/><D103/><U35/><E109/><V78/><F78/><W90/><G36/><T59/><D14/><N who="3" m="5737" /><G96/><T69/><D69/><U30/><E118/><V130/><F102/><W123/><G123/><T75/><D125/><U64/><E64/><V121/><F130/><W65/><G65/><T3/><D3/><U77/><E99/><V112/><F112/><W72/><G72/><T60/><D124/><U50/><E50/><AGARI ba="2,0" hai="47,50,52,84,90,94,104,105,116,117,119" m="5737" machi="50" ten="40,5200,0" yaku="12,1,52,1,54,1" doraHai="89" who="3" fromWho="1" sc="199,0,323,-58,239,0,239,58" /><INIT seed="2,0,0,4,0,91" ten="199,265,239,297" oya="2" hai0="14,20,117,41,104,45,10,87,18,119,35,127,73" hai1="123,120,102,112,40,88,3,130,26,128,92,126,83" hai2="34,76,96,55,21,70,38,114,113,63,39,68,108" hai3="131,72,22,48,58,62,107,29,122,129,24,0,16"/><V19/><F34/><W82/><G122/><N who="1" m="46634" /><E3/><V79/><F108/><W135/><G107/><T36/><D73/><U100/><E40/><V59/><F70/><W42/><G0/><T71/><D35/><U31/><E112/><V86/><F68/><W93/><G135/><T80/><D71/><U97/><E126/><V74/><F74/><W15/><G93/><T124/><D104/><U6/><E6/><V1/><F1/><W17/><G48/><T23/><D23/><N who="1" m="15839" /><E83/><V109/><F109/><W27/><G42/><T95/><D95/><U78/><E78/><V13/><F96/><W98/><G98/><T99/><D99/><U103/><AGARI ba="0,0" hai="88,92,97,100,102,103,128,130" m="15839,46634" machi="103" ten="40,5200,0" yaku="13,1,52,1,54,1" doraHai="91" who="1" fromWho="1" sc="199,-13,265,52,239,-26,297,-13" /><INIT seed="3,0,0,0,0,123" ten="186,317,213,284" oya="3" hai0="11,84,35,18,13,0,81,130,68,62,71,82,97" hai1="104,40,32,70,109,107,96,85,56,38,91,36,23" hai2="19,125,66,111,86,39,4,79,112,42,24,51,74" hai3="53,52,132,46,117,120,16,63,21,131,103,34,129"/><W1/><G117/><T7/><D130/><N who="3" m="49673" /><G34/><T60/><D82/><U12/><E32/><V59/><F74/><W55/><G1/><T134/><D134/><U43/><E70/><V89/><F39/><W114/><G114/><T67/><D35/><U122/><E122/><V75/><F75/><W10/><G10/><T8/><D97/><U94/><E109/><V41/><F79/><W27/><G120/><T48/><D48/><U100/><E107/><V102/><F102/><W128/><G132/><T44/><D44/><U77/><E38/><V93/><F112/><W6/><G6/><T28/><D28/><U83/><E36/><V25/><F111/><W78/><G128/><T15/><D0/><U133/><E133/><V73/><F73/><W5/><G5/><T2/><D2/><U22/><E56/><V54/><F125/><W64/><G103/><T80/><REACH who="0" step="1"/><D84/><REACH who="0" ten="176,317,213,284" step="2"/><U30/><E30/><V95/><F86/><W113/><G113/><T106/><D106/><U45/><E45/><V3/><F51/><N who="3" m="28791" /><G78/><T9/><D9/><U47/><E47/><V69/><F3/><W116/><G116/><T31/><D31/><U88/><E77/><V29/><F29/><W118/><G118/><T115/><D115/><U105/><E105/><V101/><F4/><W65/><G65/><T135/><D135/><U87/><E23/><V61/><F66/><W17/><G17/><T119/><D119/><U50/><E50/><N who="2" m="31191" /><F41/><W90/><G90/><T57/><D57/><AGARI ba="0,1" hai="16,21,27,53,55,57,63,64" m="28791,49673" machi="57" ten="30,5800,0" yaku="19,1,54,2" doraHai="123" who="3" fromWho="0" sc="176,-58,317,0,213,0,284,68" owari="118,-38.2,317,11.7,213,-18.7,352,45.2" /></mjloggm>