<mjloggm ver="2.3"><GO type="225" lobby="0"/><UN n0="%E6%B0%B7%E5%B7%9D%E9%87%8C%E5%A5%88" n1="%E3%81%86%E3%82%8C%E3%81%9F%E3%82%93%E6%9E%95" n2="%E6%B4%BE%E9%81%A3%E3%81%AE%E3%82%B8%E3%83%A3%E3%83%83%E3%82%AF" n3="%E7%B4%94%E6%BD%94%E3%83%94%E3%83%A9%E3%83%8B%E3%82%A2" dan="16,16,17,17" rate="2074.80,2090.35,2193.99,2227.42" sx="F,F,M,M"/><TAIKYOKU oya="0"/><INIT seed="0,0,0,5,5,110" ten="250,250,250,250" oya="0" hai0="56,77,104,13,24,121,15,89,49,73,109,80,122" hai1="108,112,90,58,61,51,45,114,19,87,81,111,54" hai2="75,118,64,72,68,16,91,14,0,31,43,39,123" hai3="40,92,21,18,97,41,12,117,1,126,62,71,3"/><T36/><D36/><U17/><E17/><V22/><F0/><W107/><G107/><T28/><D104/><U113/><REACH who="1" step="1"/><E19/><REACH who="1" ten="250,240,250,250" step="2"/><V131/><F123/><W103/><G18/><T129/><D109/><U100/><E100/><V30/><F118/><W6/><G103/><T37/><D129/><U132/><E132/><V29/><F131/><W116/><G117/><T135/><D135/><U83/><E83/><V82/><F82/><W70/><G116/><T105/><D105/><U32/><E32/><V47/><REACH who="2" step="1"/><F91/><REACH who="2" ten="250,240,240,250" step="2"/><W79/><G79/><T74/><D89/><U52/><AGARI ba="0,2" hai="45,51,52,54,58,61,81,87,90,108,111,112,113,114" machi="52" ten="40,12000,2" yaku="1,1,0,1,11,1,52,3,54,1,53,0" doraHai="110" doraHaiUra="98" who="1" fromWho="1" sc="250,-60,240,140,240,-30,250,-30" /><INIT seed="1,0,0,2,5,9" ten="190,380,210,220" oya="1" hai0="50,12,117,25,28,76,1,107,128,67,122,58,27" hai1="16,53,46,131,84,73,14,133,135,118,7,3,23" hai2="130,65,95,13,57,127,42,98,85,69,121,70,33" hai3="110,120,109,38,6,63,124,54,102,115,59,26,88"/><U43/><E118/><V90/><F121/><W80/><G120/><T44/><D122/><U64/><E73/><V86/><F33/><W66/><G38/><T4/><D1/><U48/><E131/><V82/><F42/><W0/><G115/><T74/><D107/><U113/><E113/><V123/><F123/><W93/><G124/><T112/><D112/><U129/><E129/><V10/><F130/><W114/><G114/><T92/><D128/><U40/><E64/><V47/><F127/><W15/><G0/><T17/><D117/><U62/><E84/><V61/><F47/><W36/><G36/><T22/><D76/><U68/><E68/><V81/><F85/><N who="3" m="50215" /><G26/><T11/><D74/><U99/><E99/><V60/><F60/><W125/><G125/><T71/><D71/><U51/><E62/><V83/><REACH who="2" step="1"/><F86/><REACH who="2" ten="190,380,200,220" step="2"/><W104/><G63/><T116/><D116/><U20/><E43/><V126/><F126/><W56/><G59/><T103/><D58/><U5/><E40/><V31/><F31/><W18/><G56/><T105/><D67/><U94/><E46/><V132/><F132/><W35/><G66/><T79/><D79/><U75/><E133/><V111/><F111/><W19/><G35/><T24/><D28/><U8/><E135/><V106/><F106/><W52/><G104/><T21/><D105/><U30/><E30/><V2/><F2/><W49/><G110/><T101/><D92/><U29/><E3/><V72/><F72/><W87/><G87/><T39/><D44/><U108/><E75/><V34/><F34/><W37/><G109/><RYUUKYOKU ba="0,1" sc="190,-10,380,-10,200,30,220,-10" hai2="10,13,57,61,65,69,70,81,82,83,90,95,98" /><INIT seed="2,1,1,1,3,122" ten="180,370,230,210" oya="2" hai0="35,29,0,89,124,63,11,85,90,77,91,82,3" hai1="42,114,113,55,9,103,134,105,86,125,43,94,39" hai2="93,54,116,12,104,45,70,66,32,5,51,129,81" hai3="96,130,4,98,30,27,34,47,2,8,20,21,106"/><V120/><F116/><W40/><G130/><T68/><D124/><U84/><E125/><V33/><F104/><W100/><REACH who="3" step="1"/><G98/><REACH who="3" ten="180,370,230,200" step="2"/><T74/><D74/><U25/><E114/><V56/><F129/><W1/><G1/><T80/><D80/><U41/><E113/><V48/><F81/><W133/><G133/><T13/><D35/><U123/><E134/><V88/><F32/><W101/><G101/><T24/><D0/><U16/><E103/><V107/><F33/><W79/><G79/><T14/><D3/><U46/><E123/><V7/><F120/><W99/><G99/><T37/><D37/><AGARI ba="1,2" hai="2,4,8,20,21,27,30,34,37,40,47,96,100,106" machi="37" ten="30,2000,0" yaku="1,1,7,1,53,0" doraHai="122" doraHaiUra="15" who="3" fromWho="0" sc="180,-23,370,0,230,0,200,43" /><INIT seed="3,0,0,0,0,111" ten="157,370,230,243" oya="3" hai0="82,81,100,33,42,119,71,78,15,45,44,5,125" hai1="74,54,58,13,99,88,77,84,98,86,34,79,114" hai2="37,55,117,68,118,63,48,25,108,94,39,83,4" hai3="96,7,124,30,50,109,17,56,43,129,51,3,59"/><W11/><G109/><T47/><D119/><U115/><E34/><V116/><F108/><W0/><G124/><T90/><D125/><U80/><E13/><V20/><F4/><W110/><G110/><T53/><D71/><U105/><E54/><V132/><F132/><W67/><G129/><T60/><D33/><U31/><E58/><V49/><F83/><W29/><G96/><N who="1" m="36906" /><E31/><V107/><F94/><W61/><G3/><T18/><D100/><U21/><E21/><V62/><F107/><W102/><G102/><T76/><D5/><U112/><E105/><V133/><F133/><W27/><G50/><T38/><D38/><U26/><E26/><V9/><F9/><W73/><G73/><T8/><D42/><U52/><E52/><V106/><F106/><W2/><G2/><T103/><D103/><U85/><E74/><V97/><F97/><W91/><G91/><T1/><D1/><U120/><E120/><V10/><F10/><W28/><G56/><T32/><D32/><U41/><E41/><V35/><F35/><W40/><G51/><T70/><D70/><U19/><E19/><N who="2" m="12447" /><F48/><W22/><AGARI ba="0,0" hai="0,7,11,17,22,27,28,29,30,40,43,59,61,67" machi="22" ten="30,1500,0" yaku="0,1" doraHai="111" who="3" fromWho="3" sc="157,-5,370,-5,230,-5,243,15" /><INIT seed="3,1,0,5,0,61" ten="152,365,225,258" oya="3" hai0="43,8,62,121,99,70,12,134,45,64,2,58,78" hai1="14,15,60,86,21,68,24,108,65,19,87,84,117" hai2="27,107,30,80,29,89,54,6,63,112,39,53,113" hai3="124,100,131,111,97,103,135,116,18,1,10,44,106"/><W28/><G116/><T5/><D134/><U48/><E117/><V4/><F107/><W47/><G135/><T71/><D121/><U41/><REACH who="1" step="1"/><E108/><REACH who="1" ten="152,355,225,258" step="2"/><V23/><F113/><W34/><G111/><T75/><D2/><U114/><E114/><V56/><F112/><W104/><G1/><T85/><D75/><U129/><E129/><V125/><F125/><W109/><G109/><T38/><REACH who="0" step="1"/><D99/><REACH who="0" ten="142,355,225,258" step="2"/><U67/><E67/><N who="2" m="39399" /><F39/><W128/><G97/><T9/><D9/><U133/><E133/><V122/><F122/><W110/><G10/><T7/><D7/><U73/><E73/><V96/><F96/><W88/><G110/><T46/><D46/><AGARI ba="1,2" hai="14,15,19,21,24,41,46,48,60,65,68,84,86,87" machi="46" ten="40,2600,0" yaku="1,1,52,1,53,0" doraHai="61" doraHaiUra="94" who="1" fromWho="0" sc="142,-29,355,49,225,0,258,0" owari="113,-38.7,404,50.4,225,-17.5,258,5.8" /></mjloggm>