<mjloggm ver="2.3"><GO type="225" lobby="0"/><UN n0="%E3%81%AF%E3%82%88%E3%81%8A%E3%81%98%E3%81%95%E3%82%93" n1="%E7%B4%94%E6%BD%94%E3%83%94%E3%83%A9%E3%83%8B%E3%82%A2" n2="%E3%81%B2%E3%81%AA%E3%81%AE%E3%82%8A%E3%81%8F" n3="%E3%80%93%E3%81%97%E3%83%BC%E3%82%89%E3%80%93" dan="17,16,17,16" rate="2187.46,2082.10,2148.32,2170.99" sx="M,M,M,M"/><TAIKYOKU oya="0"/><INIT seed="0,0,0,5,0,30" ten="250,250,250,250" oya="0" hai0="55,53,50,113,111,54,26,76,91,9,89,117,85" hai1="17,133,96,5,75,93,74,66,0,116,57,86,22" hai2="92,106,129,12,58,37,79,6,98,110,56,49,21" hai3="71,121,82,61,122,14,63,4,81,38,123,51,46"/><T120/><D113/><U23/><E116/><V19/><F37/><W15/><G38/><T118/><D120/><U105/><E133/><V134/><F134/><W10/><G15/><T64/><D111/><U112/><E112/><V16/><F110/><W18/><G4/><T41/><D64/><U20/><E17/><V83/><F106/><W130/><G130/><T25/><D9/><U101/><E66/><V95/><F6/><W104/><G104/><T29/><D118/><U115/><E57/><V72/><F49/><W27/><G27/><N who="0" m="10251" /><D29/><U35/><E35/><V80/><F129/><W28/><G28/><T84/><D117/><U62/><E62/><N who="3" m="23562" /><G71/><T108/><D108/><U8/><E115/><V126/><F126/><W69/><G69/><T13/><D13/><U44/><E44/><V45/><F45/><W87/><G87/><N who="0" m="33355" /><D76/><U73/><REACH who="1" step="1"/><E86/><REACH who="1" ten="250,240,250,250" step="2"/><V128/><F128/><W107/><G107/><AGARI ba="0,1" hai="0,5,8,20,22,23,73,74,75,93,96,101,105,107" machi="107" ten="50,6400,0" yaku="1,1,2,1,53,1" doraHai="30" doraHaiUra="33" who="1" fromWho="3" sc="250,0,240,74,250,0,250,-64" /><INIT seed="1,0,0,4,4,49" ten="250,314,250,186" oya="1" hai0="100,71,81,101,55,111,92,16,133,14,69,50,135" hai1="54,121,37,28,13,105,124,77,30,59,2,64,123" hai2="43,27,26,97,68,7,25,76,118,129,74,32,88" hai3="3,63,21,117,90,113,35,34,112,65,115,47,126"/><U58/><E2/><V80/><F118/><W96/><G3/><T9/><D111/><U95/><E105/><V85/><F129/><W19/><G117/><T70/><D81/><U122/><E37/><V78/><F68/><W11/><G126/><T89/><D89/><U10/><E124/><V107/><F43/><W46/><G11/><T99/><REACH who="0" step="1"/><D101/><REACH who="0" ten="240,314,250,186" step="2"/><U18/><E77/><V104/><F78/><W56/><G90/><T86/><D86/><U45/><E122/><V33/><F7/><W91/><G91/><T109/><D109/><U114/><E121/><V51/><F107/><W48/><G96/><T20/><D20/><U75/><E123/><V93/><F51/><W29/><G29/><T94/><D94/><U42/><E95/><V41/><F41/><W67/><G47/><AGARI ba="0,1" hai="9,14,16,47,50,55,69,70,71,92,99,100,133,135" machi="47" ten="40,5200,0" yaku="1,1,52,1,54,1,53,0" doraHai="49" doraHaiUra="73" who="0" fromWho="3" sc="240,62,314,0,250,0,186,-52" /><INIT seed="2,0,0,1,4,34" ten="302,314,250,134" oya="2" hai0="13,18,26,98,100,77,14,120,92,56,39,113,43" hai1="23,76,82,25,61,102,47,19,21,37,36,44,32" hai2="51,7,78,9,50,31,3,6,79,115,75,104,89" hai3="29,116,66,40,67,42,80,108,64,53,69,30,93"/><V103/><F115/><W33/><G69/><T91/><D120/><U130/><E32/><V112/><F112/><W81/><G116/><T71/><D71/><U4/><E130/><V123/><F123/><W107/><G33/><T60/><D113/><U121/><E121/><V16/><F31/><W1/><G107/><T72/><D72/><U90/><E102/><V8/><F89/><W131/><G93/><T74/><D74/><U41/><E90/><V62/><F62/><W54/><G67/><T45/><D77/><U22/><E4/><V88/><F88/><W109/><REACH who="3" step="1"/><G131/><REACH who="3" ten="302,314,250,124" step="2"/><T2/><D92/><U122/><E122/><V94/><F104/><W110/><G110/><T87/><D98/><U105/><E105/><V86/><F94/><W38/><G38/><T58/><D39/><U65/><E36/><V5/><F75/><W99/><G99/><T55/><D87/><U124/><E124/><V48/><F86/><W132/><G132/><T96/><D96/><U128/><E128/><V46/><F103/><W133/><G133/><T24/><D100/><U63/><E37/><V97/><F97/><W35/><G35/><T119/><D119/><U134/><E134/><V114/><F114/><W28/><G28/><T135/><D135/><U125/><E125/><V83/><F83/><W57/><G57/><T11/><D58/><U17/><E82/><V70/><F70/><W73/><G73/><T118/><D56/><U85/><E85/><V68/><F68/><W59/><G59/><T27/><D118/><U106/><E106/><V101/><F101/><W129/><G129/><RYUUKYOKU ba="0,1" sc="302,-10,314,-10,250,-10,124,30" hai3="1,29,30,40,42,53,54,64,66,80,81,108,109" /><INIT seed="3,1,1,4,1,55" ten="292,304,240,154" oya="3" hai0="54,78,62,24,25,128,67,111,44,97,76,40,52" hai1="33,14,119,4,18,82,95,98,34,38,132,106,73" hai2="53,72,8,70,9,100,26,48,109,88,92,43,94" hai3="123,105,83,32,74,81,31,11,57,50,75,59,114"/><W60/><G105/><T116/><D116/><U102/><E119/><V112/><F72/><W133/><G123/><T71/><D111/><U39/><E4/><V3/><F70/><W129/><G114/><T1/><D1/><U21/><E132/><V131/><F109/><W121/><G121/><T127/><D127/><U65/><E65/><V47/><F112/><W27/><G133/><T20/><D128/><U28/><E106/><V118/><F118/><W117/><G117/><T10/><D10/><N who="2" m="4202" /><F3/><W17/><G129/><T120/><D120/><U96/><E96/><N who="2" m="59415" /><F26/><W85/><G81/><T56/><D24/><U16/><E34/><V125/><F125/><W101/><G101/><T7/><D7/><U87/><E73/><V29/><F29/><W37/><G37/><N who="0" m="21519" /><D54/><U135/><E135/><V68/><F68/><W19/><G75/><T42/><D97/><U79/><E18/><V122/><F122/><W41/><G74/><T124/><D42/><U104/><E104/><V86/><F131/><W30/><G30/><N who="0" m="17703" /><D124/><U5/><E5/><V115/><F115/><W99/><G99/><T126/><D126/><U130/><E130/><V91/><F91/><N who="3" m="51647" /><G11/><T107/><D107/><U35/><E35/><V110/><F110/><W77/><G77/><T108/><D108/><U6/><E6/><V64/><F64/><N who="3" m="38927" /><G41/><AGARI ba="1,1" hai="41,43,47,48,53,86,88,92" m="59415,4202" machi="41" ten="30,2000,0" yaku="8,1,54,1" doraHai="55" who="2" fromWho="3" sc="292,0,304,0,240,33,154,-23" owari="292,9.2,304,40.4,273,-12.7,131,-36.9" /></mjloggm>