<mjloggm ver="2.3"><GO type="225" lobby="0"/><UN n0="%E3%81%A8%E3%82%93%E3%81%A8%E3%81%93%E3%81%A8%E3%82%93" n1="%E3%82%BC%E3%83%AB%E3%83%80%E3%81%AE%E4%BC%9D%E8%AA%AC" n2="%E5%8F%AF%E5%85%90%E9%82%A3%E7%94%B1%E5%A4%9A" n3="%E3%83%97%E3%83%AC%E3%83%B4%E3%82%A1%E3%83%86%E3%82%A3" dan="16,17,16,16" rate="2110.37,2215.34,2228.53,2145.33" sx="M,M,F,F"/><TAIKYOKU oya="0"/><INIT seed="0,0,0,4,0,66" ten="250,250,250,250" oya="0" hai0="52,36,23,121,20,68,123,88,0,18,85,101,17" hai1="61,34,3,50,22,106,39,69,37,31,29,64,96" hai2="80,110,24,129,51,127,57,21,111,33,60,44,38" hai3="4,128,58,70,91,92,11,19,93,117,48,113,9"/><T49/><D36/><U53/><E22/><V119/><F33/><W2/><G113/><T26/><D0/><U55/><E3/><V108/><F127/><W83/><G117/><T132/><D132/><U1/><E1/><V7/><F119/><W73/><G128/><T126/><D126/><U8/><E8/><V5/><F129/><W103/><G70/><T47/><D101/><N who="1" m="62759" /><E29/><V86/><F38/><N who="1" m="14345" /><E50/><V59/><F44/><W28/><G103/><T43/><D68/><U104/><E104/><V130/><F130/><W40/><G28/><T16/><D43/><U75/><E75/><V41/><F41/><W134/><G134/><T94/><D18/><U14/><E14/><AGARI ba="0,0" hai="14,16,17,20,23,26,47,49,52,85,88,94,121,123" machi="14" ten="30,11600,0" yaku="7,1,54,3" doraHai="66" who="0" fromWho="1" sc="250,116,250,-116,250,0,250,0" /><INIT seed="0,1,0,0,0,93" ten="366,134,250,250" oya="0" hai0="11,43,74,70,124,117,116,102,83,9,71,69,12" hai1="101,38,44,5,28,61,89,14,3,130,67,132,84" hai2="126,26,41,103,6,82,42,64,90,37,50,45,27" hai3="1,21,33,122,24,2,76,121,131,56,125,30,120"/><T23/><D124/><U95/><E132/><V106/><F126/><W49/><G125/><T99/><D43/><U135/><E135/><V100/><F106/><W75/><G75/><T108/><D23/><U36/><E130/><V66/><F37/><W22/><G76/><T62/><D62/><U77/><E3/><N who="3" m="1034" /><G56/><T65/><D65/><N who="2" m="25194" /><F6/><W16/><G49/><T68/><D108/><U18/><E5/><V25/><F42/><W54/><G54/><T31/><D31/><U17/><E77/><V133/><F133/><W92/><G92/><T79/><N who="0" m="17408" /><DORA hai="57" /><T35/><D35/><U113/><E28/><V51/><F51/><W0/><N who="3" m="1042" /><W85/><DORA hai="29" /><G85/><AGARI ba="1,0" hai="25,26,27,41,45,50,82,85,90,100,103" m="25194" machi="85" ten="30,1000,0" yaku="8,1" doraHai="93,57,29" who="2" fromWho="3" sc="366,0,134,0,250,13,250,-13" /><INIT seed="1,0,0,5,3,12" ten="366,134,263,237" oya="1" hai0="14,74,71,15,122,72,33,82,123,65,22,51,4" hai1="125,86,124,76,38,128,87,90,101,8,16,131,35" hai2="60,93,39,103,24,20,127,120,56,62,42,77,58" hai3="66,28,43,118,88,29,6,112,36,26,59,97,98"/><U1/><E38/><V25/><F120/><N who="0" m="46122" /><D33/><U40/><E40/><V95/><F127/><N who="1" m="48713" /><E101/><V47/><F77/><W23/><G112/><T73/><D51/><U9/><E76/><V102/><F39/><W48/><G118/><T53/><D53/><U21/><E35/><V108/><F42/><W3/><G36/><T18/><D65/><U5/><E8/><V31/><F20/><W80/><G3/><T79/><D71/><U44/><E44/><V114/><F47/><N who="3" m="25727" /><G6/><T109/><D109/><U64/><E64/><V34/><F108/><W111/><G29/><T27/><D4/><U99/><E99/><V55/><F114/><W70/><G70/><T78/><D79/><U37/><E37/><V96/><F34/><W69/><G69/><T10/><D10/><U119/><E119/><V130/><F31/><W30/><G30/><T110/><D110/><U107/><E107/><V41/><F41/><W52/><G66/><T32/><D32/><U2/><E2/><V100/><F96/><W85/><G111/><T116/><D116/><U57/><E57/><V81/><F56/><W67/><G67/><T7/><D7/><U83/><E87/><AGARI ba="0,0" hai="14,15,18,22,27,72,73,74,78,82,87" m="46122" machi="87" ten="40,2600,0" yaku="13,1,52,1" doraHai="12" who="0" fromWho="1" sc="366,26,134,-26,263,0,237,0" /><INIT seed="2,0,0,1,1,92" ten="392,108,263,237" oya="2" hai0="30,12,98,121,51,87,62,86,118,116,89,31,72" hai1="49,95,110,58,119,127,126,11,82,96,54,131,93" hai2="47,13,3,57,85,19,134,59,28,68,7,2,135" hai3="32,106,73,46,112,90,88,70,35,44,105,25,132"/><V65/><F28/><W39/><G73/><T50/><D72/><U41/><E119/><N who="0" m="45609" /><D121/><U100/><E110/><V117/><F117/><W120/><G120/><T15/><D62/><U53/><E131/><V97/><F7/><W6/><G6/><T27/><D98/><N who="1" m="59471" /><E82/><V9/><F68/><W61/><G112/><T55/><D50/><U128/><E128/><V60/><F85/><N who="0" m="32266" /><D89/><N who="1" m="55407" /><E11/><V75/><F75/><W124/><G61/><T83/><D83/><U129/><E129/><V78/><F78/><W125/><G70/><T43/><D43/><U71/><E71/><V133/><F59/><W81/><G81/><T16/><D27/><U84/><E84/><V111/><F111/><W77/><G25/><T34/><D34/><U109/><E109/><V36/><F97/><W24/><G24/><T130/><D130/><U48/><E41/><AGARI ba="0,0" hai="2,3,9,13,19,36,41,47,57,60,65,133,134,135" machi="41" ten="40,2000,0" yaku="20,1" doraHai="92" who="2" fromWho="1" sc="392,0,108,-20,263,20,237,0" /><INIT seed="2,1,0,2,4,62" ten="392,88,283,237" oya="2" hai0="133,130,127,55,84,19,113,32,8,96,122,56,28" hai1="7,12,2,23,41,9,93,36,126,90,83,82,121" hai2="6,18,87,20,131,135,57,1,104,129,61,31,76" hai3="48,102,11,37,66,75,74,97,42,4,71,65,116"/><V52/><F104/><W134/><G116/><T106/><D122/><U34/><E126/><V51/><F135/><W21/><G134/><T67/><D113/><U107/><E107/><V27/><F1/><W10/><G71/><T15/><D133/><U89/><E121/><V77/><F6/><W91/><G37/><T78/><D130/><N who="2" m="49674" /><F87/><W58/><G21/><T68/><D127/><U54/><E34/><V81/><F81/><W38/><G38/><T16/><D84/><U112/><E112/><V13/><F51/><W73/><G91/><T94/><D78/><U125/><E125/><V98/><F98/><W70/><G70/><T115/><D106/><U63/><E2/><V29/><F29/><W40/><G58/><T60/><D115/><U30/><E83/><V95/><F95/><W35/><G35/><AGARI ba="1,0" hai="13,18,20,27,31,35,52,57,61,76,77" m="49674" machi="35" ten="30,2900,0" yaku="19,1,54,1" doraHai="62" who="2" fromWho="3" sc="392,0,88,0,283,32,237,-32" /><INIT seed="2,2,0,5,1,53" ten="392,88,315,205" oya="2" hai0="94,17,75,32,18,13,97,90,56,8,104,60,115" hai1="42,83,91,109,11,46,67,0,33,49,34,47,45" hai2="114,16,21,29,38,73,121,64,23,20,110,118,9" hai3="61,125,36,93,2,55,59,35,122,131,25,81,70"/><V54/><F73/><W88/><G122/><T80/><D115/><U98/><E109/><V63/><F114/><W76/><G36/><T30/><D104/><U43/><E67/><V39/><F121/><W58/><G2/><T27/><D75/><U108/><E108/><V120/><F120/><W95/><G125/><T100/><D18/><U68/><E68/><V123/><F123/><W19/><G131/><T124/><D124/><U117/><E117/><V99/><F118/><W5/><G5/><T111/><D111/><U1/><E1/><V92/><F110/><W107/><G107/><T14/><D13/><U62/><E62/><V57/><F29/><W133/><G133/><T37/><D37/><U96/><E0/><V6/><F6/><W78/><G70/><T15/><D15/><U134/><E11/><V24/><F9/><W84/><G35/><N who="1" m="13322" /><E134/><V127/><F127/><W41/><G41/><N who="1" m="15370" /><E49/><V71/><F38/><W101/><G101/><T135/><D135/><U31/><E31/><V26/><F39/><W10/><G10/><T126/><D126/><U77/><E77/><N who="3" m="29802" /><G19/><T65/><REACH who="0" step="1"/><D80/><REACH who="0" ten="382,88,315,205" step="2"/><U4/><E4/><V119/><F119/><W48/><G25/><T87/><D87/><U105/><E105/><V79/><F26/><W82/><G82/><T112/><D112/><U44/><N who="1" m="11264" /><DORA hai="22" /><U72/><E72/><V28/><F16/><W128/><G128/><T7/><D7/><U40/><N who="1" m="15378" /><U74/><DORA hai="3" /><E74/><V51/><F79/><W12/><G12/><T116/><D116/><U66/><E66/><AGARI ba="2,1" hai="48,55,58,59,61,66,81,84,88,93,95" m="29802" machi="66" ten="30,7700,0" yaku="8,1,52,2,54,1" doraHai="53,22,3" who="3" fromWho="1" sc="382,0,88,-83,315,0,205,93" /><INIT seed="3,0,0,3,4,3" ten="382,5,315,298" oya="3" hai0="95,33,14,78,66,40,6,42,15,2,96,73,91" hai1="86,16,55,99,21,124,93,84,65,7,61,94,62" hai2="56,132,135,53,23,47,70,77,113,127,83,4,69" hai3="60,87,85,109,26,119,92,18,38,128,110,49,107"/><W82/><G107/><T28/><D66/><U133/><E124/><V134/><F113/><W67/><G38/><T29/><D2/><U9/><E133/><N who="2" m="34051" /><V130/><DORA hai="121" /><F127/><W27/><G119/><T20/><D33/><U34/><E34/><V68/><F23/><W46/><G128/><T98/><D73/><U64/><E55/><V111/><F130/><W74/><G74/><T114/><D78/><U11/><E21/><V52/><F47/><W129/><G129/><T30/><D114/><U44/><E44/><V118/><F118/><W10/><G92/><N who="0" m="56351" /><D6/><U90/><E99/><V57/><F4/><W43/><G87/><T126/><D126/><U22/><E22/><V100/><F100/><W36/><G36/><T17/><D14/><U0/><E0/><V39/><F39/><W104/><G104/><T5/><D5/><U8/><E7/><V120/><F120/><W35/><G10/><T131/><D131/><U97/><E16/><V58/><F111/><N who="3" m="42507" /><G18/><T76/><D76/><U25/><E25/><V32/><F32/><W103/><G35/><T12/><D15/><U105/><E105/><V50/><F50/><W31/><G31/><T106/><D106/><U51/><E51/><V79/><F79/><N who="3" m="46303" /><G103/><AGARI ba="0,0" hai="12,17,20,28,29,30,40,42,95,98,103" m="56351" machi="103" ten="30,1000,0" yaku="8,1" doraHai="3,121" who="0" fromWho="3" sc="382,10,5,0,315,0,298,-10" owari="392,49.2,5,-49.5,315,11.5,288,-11.2" /></mjloggm>