<mjloggm ver="2.3"><GO type="225" lobby="0"/><UN n0="%28%EF%BF%A3%E2%96%BD%EF%BF%A3%29%CE%B4%E2%8C%92%E3%83%BB" n1="%E6%9D%B1%E9%A2%A8%E3%81%AE%E3%81%8D%E3%82%83%E3%81%B7%E3%81%95%E3%82%93" n2="%E3%83%B4%E3%83%A0%EF%BC%99%E3%81%A6" n3="%E8%BE%9B%E5%8F%A3%E3%82%AB%E3%83%AC%E3%83%BC%E3%83%A9%E3%82%A4%E3%82%B9" dan="17,16,16,17" rate="2241.54,2177.45,2125.19,2232.46" sx="M,M,M,M"/><TAIKYOKU oya="0"/><INIT seed="0,0,0,0,2,135" ten="250,250,250,250" oya="0" hai0="29,133,130,128,76,88,61,54,28,13,114,106,72" hai1="95,26,18,81,82,132,50,39,70,9,1,108,87" hai2="117,102,118,32,74,86,123,12,35,110,16,53,83" hai3="68,7,78,113,62,101,97,91,8,14,94,44,65"/><T36/><D36/><U19/><E39/><V124/><F123/><W24/><G113/><T6/><D106/><U77/><E70/><V104/><F74/><W109/><G109/><T57/><D114/><U10/><E108/><V90/><F110/><W58/><G78/><T100/><D100/><U60/><E132/><V11/><F124/><W52/><G24/><T73/><D133/><U59/><E1/><V92/><F104/><W134/><G134/><T105/><D105/><U49/><E95/><V111/><F111/><W37/><G37/><T96/><D13/><U25/><E60/><V21/><F21/><W98/><G44/><T15/><D15/><U71/><E71/><V80/><F53/><W131/><G131/><N who="0" m="50219" /><D6/><U84/><REACH who="1" step="1"/><E77/><REACH who="1" ten="250,240,250,250" step="2"/><V41/><F102/><W93/><REACH who="3" step="1"/><G68/><REACH who="3" ten="250,240,250,240" step="2"/><T3/><D76/><U38/><E38/><V107/><F118/><W122/><G122/><T17/><D73/><U27/><E27/><V48/><F117/><W69/><G69/><T99/><D72/><U45/><E45/><V64/><F107/><W121/><G121/><T42/><D57/><AGARI ba="0,2" hai="9,10,18,19,25,26,49,50,57,59,81,82,84,87" machi="57" ten="25,6400,0" yaku="1,1,22,2,8,1,53,0" doraHai="135" doraHaiUra="127" who="1" fromWho="0" sc="250,-64,240,84,250,0,240,0" /><INIT seed="1,0,0,4,0,17" ten="186,324,250,240" oya="1" hai0="112,12,61,68,27,89,49,102,97,121,41,122,65" hai1="18,92,34,126,86,5,42,66,108,96,28,106,14" hai2="25,15,32,133,82,93,13,11,6,74,125,43,118" hai3="87,47,55,52,69,38,90,103,109,113,19,101,23"/><U16/><E126/><V71/><F118/><W134/><G113/><T127/><D112/><U64/><E106/><V84/><F125/><W135/><G69/><T21/><D127/><U29/><E42/><V75/><F71/><W80/><G109/><T98/><D12/><U60/><E108/><V128/><F128/><W22/><G38/><T7/><D7/><U72/><E72/><V105/><F105/><W44/><G44/><N who="0" m="25743" /><D89/><U4/><E86/><V70/><F93/><W46/><G46/><T48/><D48/><U24/><E28/><V132/><F70/><W35/><G35/><T26/><D26/><U79/><E79/><N who="2" m="46175" /><F13/><N who="3" m="9583" /><G23/><T116/><D102/><N who="3" m="38921" /><G47/><T45/><D45/><U10/><E5/><V100/><F100/><W78/><G78/><T3/><D3/><U54/><E4/><V114/><F114/><W36/><G36/><T110/><D116/><U94/><E94/><V0/><F0/><W58/><G58/><T2/><D2/><U33/><E33/><V83/><F43/><W123/><G123/><N who="0" m="47115" /><D110/><U120/><E120/><V99/><F32/><W30/><G30/><AGARI ba="0,0" hai="21,27,30,61,65,68,97,98" m="47115,25743" machi="30" ten="30,2000,0" yaku="13,1,52,1" doraHai="17" who="0" fromWho="3" sc="186,20,324,0,250,0,240,-20" /><INIT seed="2,0,0,1,2,105" ten="206,324,250,220" oya="2" hai0="71,122,49,27,30,23,24,66,53,124,67,65,109" hai1="80,15,98,76,92,36,128,45,77,82,46,17,68" hai2="18,73,79,16,112,4,85,81,10,75,29,52,57" hai3="86,40,129,26,0,88,104,94,25,84,95,97,11"/><V61/><F112/><W115/><G129/><T35/><D122/><U13/><E68/><V32/><F29/><W132/><G132/><T120/><D120/><U60/><E128/><V123/><F32/><W12/><G115/><T134/><D134/><U102/><E60/><V51/><F61/><W38/><G0/><T55/><D109/><U100/><E36/><V133/><F123/><W50/><G38/><T93/><D124/><U89/><E89/><V69/><F69/><W130/><G104/><T127/><D127/><U37/><E37/><V47/><F57/><W21/><G130/><T70/><D93/><U7/><E7/><V111/><F111/><W44/><G21/><T106/><D106/><U96/><E92/><V41/><F133/><W117/><G117/><T58/><REACH who="0" step="1"/><D55/><REACH who="0" ten="196,324,250,220" step="2"/><U54/><E54/><V91/><F52/><W108/><G108/><T107/><D107/><U28/><E28/><AGARI ba="0,1" hai="23,24,27,28,30,35,49,53,58,65,66,67,70,71" machi="28" ten="40,1300,0" yaku="1,1,53,0" doraHai="105" doraHaiUra="116" who="0" fromWho="1" sc="196,23,324,-13,250,0,220,0" /><INIT seed="3,0,0,3,0,92" ten="219,311,250,220" oya="3" hai0="122,6,40,1,27,126,60,2,100,3,7,96,50" hai1="115,33,117,21,36,111,14,72,90,95,17,8,28" hai2="82,89,84,71,49,134,77,103,30,56,132,99,51" hai3="76,37,69,91,88,74,16,78,102,34,112,104,131"/><W124/><G69/><T22/><D122/><U120/><E36/><V116/><F71/><W39/><G34/><T26/><D126/><U23/><E72/><V42/><F116/><W52/><G112/><T75/><D75/><U119/><E115/><V4/><F30/><W59/><G104/><T73/><D73/><U108/><E120/><V70/><F70/><W110/><G102/><T38/><D38/><N who="3" m="14345" /><G16/><T97/><D60/><U128/><E128/><V32/><F32/><W105/><G105/><T55/><D40/><U45/><E45/><N who="2" m="25783" /><F89/><N who="3" m="34379" /><G74/><T0/><N who="0" m="0" /><DORA hai="10" /><T67/><D67/><U31/><E33/><V15/><F51/><N who="3" m="31135" /><G124/><T35/><D35/><U25/><E31/><V20/><F20/><W11/><G11/><T58/><D27/><U121/><E8/><N who="2" m="4487" /><F56/><W48/><G48/><T129/><D129/><U80/><E121/><V107/><AGARI ba="0,0" hai="77,82,84,99,103,107,132,134" m="4487,25783" machi="107" ten="30,4000,0" yaku="25,1,52,2" doraHai="92,10" who="2" fromWho="2" sc="219,-10,311,-10,250,40,220,-20" owari="209,-19.1,301,40.1,290,9.0,200,-30.0" /></mjloggm>