<mjloggm ver="2.3"><GO type="225" lobby="0"/><UN n0="%72%69%6F%75%63%68%61%6E" n1="%E3%81%A1%E3%82%85%E3%81%86%E3%81%A9%E3%81%8F%E8%B1%A1%E3%81%95%E3%82%93" n2="%E3%81%86%E3%82%8B%E3%81%8A%E3%81%A1%E3%82%83" n3="%E3%82%82%E3%81%90%E3%82%89" dan="17,17,16,17" rate="2235.98,2230.59,2062.69,2164.66" sx="M,M,F,M"/><TAIKYOKU oya="0"/><INIT seed="0,0,0,4,5,34" ten="250,250,250,250" oya="0" hai0="86,41,74,8,120,15,38,79,39,66,31,127,54" hai1="70,76,17,111,103,10,52,113,91,37,57,82,119" hai2="97,81,23,93,44,36,27,65,115,122,98,68,124" hai3="58,135,7,78,94,99,61,106,28,123,110,1,49"/><T25/><D127/><U32/><E119/><V22/><F122/><W20/><G123/><T47/><D120/><U90/><E70/><V130/><F115/><W77/><G106/><T83/><D66/><U50/><E32/><V46/><F130/><W16/><G110/><T2/><D54/><U63/><E37/><V67/><F124/><W11/><G49/><T21/><D38/><U42/><E111/><V14/><F68/><W43/><G28/><T117/><D117/><U53/><E103/><V71/><F71/><W126/><G43/><T18/><REACH who="0" step="1"/><D74/><REACH who="0" ten="240,250,250,250" step="2"/><U112/><E42/><V125/><F67/><W104/><G126/><T0/><AGARI ba="0,1" hai="0,2,8,15,18,21,25,31,39,41,47,79,83,86" machi="0" ten="30,18000,2" yaku="1,1,2,1,0,1,52,2,53,1" doraHai="34" doraHaiUra="73" who="0" fromWho="0" sc="240,190,250,-60,250,-60,250,-60" /><INIT seed="0,1,0,2,2,26" ten="430,190,190,190" oya="0" hai0="77,46,100,64,1,56,135,85,60,67,94,3,93" hai1="87,11,121,44,73,103,81,70,28,78,54,80,19" hai2="76,9,119,97,108,35,129,110,75,88,130,33,53" hai3="59,128,116,98,117,65,7,45,13,34,66,101,99"/><T113/><D113/><U57/><E121/><V83/><F9/><W89/><G128/><N who="2" m="49257" /><F53/><W107/><G34/><N who="2" m="12809" /><F119/><W111/><G111/><N who="2" m="42537" /><F97/><W104/><G45/><T71/><D46/><U38/><E70/><V32/><N who="2" m="12817" /><V131/><N who="2" m="49265" /><DORA hai="2" /><V63/><DORA hai="20" /><F63/><W133/><G59/><T25/><D60/><U0/><E44/><V40/><F40/><W5/><G13/><T47/><D56/><U27/><E38/><V124/><F88/><W109/><G109/><T82/><D47/><U21/><E103/><V86/><F86/><W12/><G12/><T96/><D64/><U127/><E11/><V122/><F122/><W91/><REACH who="3" step="1"/><G101/><REACH who="3" ten="430,190,190,180" step="2"/><T51/><D100/><U50/><E57/><V102/><F102/><W17/><G17/><T72/><D1/><U48/><E0/><V23/><F23/><W55/><G55/><T14/><D3/><U41/><E19/><V90/><F90/><W42/><G42/><T8/><D8/><U79/><E41/><V132/><F132/><AGARI ba="1,1" hai="5,7,65,66,89,91,98,99,104,107,116,117,132,133" machi="132" ten="25,8000,1" yaku="1,1,22,2,52,2,53,0" doraHai="26,2,20" doraHaiUra="39,58,125" who="3" fromWho="2" sc="430,0,190,0,190,-83,180,93" /><INIT seed="1,0,0,4,1,20" ten="430,190,107,273" oya="1" hai0="96,65,70,103,47,49,1,119,31,58,0,3,24" hai1="36,18,68,22,25,53,5,66,40,61,104,79,122" hai2="23,7,132,113,130,41,72,86,123,118,62,87,98" hai3="34,48,100,44,6,52,107,17,121,15,92,54,77"/><U120/><E104/><V127/><F118/><W84/><G121/><T106/><D119/><U56/><E79/><V89/><F72/><W110/><G34/><N who="0" m="20839" /><D58/><U108/><E5/><V30/><F123/><W10/><G110/><T74/><D74/><U73/><E73/><V128/><F127/><W21/><G107/><T69/><D49/><N who="1" m="30767" /><E108/><V67/><F132/><W116/><G116/><T13/><D13/><U45/><AGARI ba="0,0" hai="18,22,25,36,40,45,61,66,68,120,122" m="30767" machi="45" ten="30,3000,0" yaku="24,1,52,1" doraHai="20" who="1" fromWho="1" sc="430,-10,190,30,107,-10,273,-10" /><INIT seed="1,1,0,2,0,58" ten="420,220,97,263" oya="1" hai0="86,129,67,79,35,31,75,108,50,131,59,74,36" hai1="9,97,29,132,6,17,65,73,83,39,3,19,113" hai2="43,25,64,116,44,24,109,51,70,16,127,28,92" hai3="60,95,72,99,89,30,114,135,125,10,57,96,115"/><U122/><E113/><V80/><F116/><W54/><G72/><T104/><D108/><U85/><E122/><V12/><F109/><W62/><G135/><T7/><D36/><U46/><E132/><V124/><F80/><W48/><G125/><N who="2" m="48201" /><F92/><W88/><G30/><T55/><D104/><U47/><E29/><V14/><F14/><W128/><G128/><N who="0" m="49227" /><D7/><U8/><E73/><N who="0" m="27657" /><D67/><U53/><E65/><V111/><F111/><W103/><G10/><T76/><D86/><U2/><E97/><V100/><F100/><W90/><REACH who="3" step="1"/><G99/><REACH who="3" ten="420,220,97,253" step="2"/><T110/><D110/><U84/><E6/><V11/><F28/><W82/><G82/><T118/><D118/><U102/><E83/><V78/><F78/><W133/><G133/><T49/><D49/><U41/><E39/><V71/><F71/><W15/><G15/><T119/><D119/><U126/><E126/><V91/><F91/><W117/><G117/><T106/><D106/><U101/><E41/><V33/><F33/><W0/><G0/><T123/><D123/><U77/><E77/><V20/><F11/><W81/><G81/><T66/><D31/><U130/><E130/><V120/><F120/><W34/><G34/><T56/><D35/><U22/><E22/><V32/><F32/><W40/><G40/><T52/><D76/><U61/><REACH who="1" step="1"/><E53/><REACH who="1" ten="420,210,97,253" step="2"/><V5/><F5/><W121/><G121/><T98/><D79/><U18/><E18/><V4/><F4/><W27/><G27/><T23/><D55/><U134/><E134/><V45/><F25/><W94/><G94/><T87/><D23/><U13/><E13/><RYUUKYOKU ba="1,2" sc="420,-15,210,15,97,-15,253,15" hai1="2,3,8,9,17,19,46,47,61,84,85,101,102" hai3="48,54,57,60,62,88,89,90,95,96,103,114,115" /><INIT seed="1,2,2,1,5,3" ten="405,225,82,268" oya="1" hai0="5,134,7,1,66,103,90,14,128,18,79,107,71" hai1="72,106,86,88,129,60,104,17,67,84,82,78,98" hai2="65,37,58,48,62,133,27,41,124,64,83,112,119" hai3="95,122,53,76,9,30,109,51,0,74,24,40,47"/><U127/><E127/><V93/><F119/><W28/><G109/><T44/><D128/><U29/><E129/><V80/><F124/><W63/><G122/><T20/><D134/><U56/><E29/><V13/><F133/><W69/><G95/><T81/><D1/><U36/><E36/><V50/><F112/><W121/><G121/><T31/><D90/><U73/><E73/><V4/><F37/><W16/><G74/><T61/><D44/><U135/><E135/><V131/><F131/><W15/><G76/><T57/><D71/><U100/><E104/><V11/><F65/><W33/><G28/><T46/><D46/><U70/><E17/><V97/><F27/><W22/><G69/><T35/><D103/><U10/><E10/><V89/><REACH who="2" step="1"/><F41/><REACH who="2" ten="405,225,72,268" step="2"/><W102/><G102/><T26/><REACH who="0" step="1"/><D107/><REACH who="0" ten="395,225,72,268" step="2"/><U54/><E70/><V75/><F75/><AGARI ba="2,4" hai="5,7,14,18,20,26,31,35,57,61,66,75,79,81" machi="75" ten="30,8000,1" yaku="1,1,2,1,7,1,52,2,53,0" doraHai="3" doraHaiUra="68" who="0" fromWho="2" sc="395,126,225,0,72,-86,268,0" owari="521,62.1,225,-17.5,-14,-51.4,268,6.8" /></mjloggm>