<mjloggm ver="2.3"><GO type="225" lobby="0"/><UN n0="%E6%9A%87%E4%BA%BA%EF%BC%A0%E9%85%8D%E4%BF%A1%E5%9E%A2" n1="%E5%A4%96%E5%B7%9D%E7%AB%9C%E6%88%90" n2="%EF%BC%81%E3%81%BC%E3%81%9F%E3%82%82%E3%81%A1%EF%BC%81" n3="%E3%83%B4%E3%82%A3%E3%83%AF%E3%82%B3%E3%82%B0%E3%83%8B" dan="17,16,17,16" rate="2182.11,2181.72,2177.22,2181.76" sx="F,M,M,M"/><TAIKYOKU oya="0"/><INIT seed="0,0,0,1,4,32" ten="250,250,250,250" oya="0" hai0="130,43,72,3,70,97,94,59,129,66,100,44,41" hai1="89,9,14,107,28,135,81,40,79,29,33,35,52" hai2="58,74,90,67,109,99,114,96,92,111,73,133,22" hai3="103,88,118,61,120,62,36,126,13,2,113,11,132"/><T91/><D72/><N who="2" m="27754" /><F22/><W23/><G113/><T4/><D70/><U16/><E135/><V17/><F17/><W27/><G118/><T8/><D100/><U49/><E40/><V115/><F58/><W51/><G132/><T21/><D21/><U50/><E50/><V18/><F18/><W83/><G126/><T48/><REACH who="0" step="1"/><D43/><REACH who="0" ten="240,250,250,250" step="2"/><U25/><E35/><V82/><F133/><W54/><G103/><T112/><D112/><U15/><E33/><V104/><F115/><W68/><G68/><T0/><D0/><U53/><E107/><V30/><F114/><W125/><G2/><T93/><D93/><U26/><E15/><V55/><F104/><W84/><G13/><T45/><D45/><U60/><E25/><V124/><F92/><W42/><G23/><T47/><D47/><N who="1" m="27711" /><E26/><V102/><F102/><W39/><G27/><T75/><D75/><U80/><E29/><V127/><F127/><W12/><G42/><T64/><D64/><U76/><E28/><V20/><F67/><W77/><G125/><T86/><D86/><N who="1" m="50375" /><E81/><V106/><F124/><W131/><G83/><T122/><D122/><U63/><E53/><V57/><F111/><W95/><G54/><T31/><D31/><U105/><E105/><V101/><F109/><W85/><G12/><T110/><D110/><U98/><E98/><N who="2" m="61751" /><F30/><W46/><G46/><T37/><D37/><U121/><E121/><V116/><F99/><W108/><G108/><T5/><D5/><U34/><E34/><V87/><F96/><W24/><G120/><T1/><D1/><U10/><E10/><V56/><F82/><RYUUKYOKU ba="0,1" sc="240,15,250,15,250,-15,250,-15" hai0="3,4,8,41,44,48,59,66,91,94,97,129,130" hai1="9,14,16,60,63,76,79" /><INIT seed="0,1,1,0,4,78" ten="255,265,235,235" oya="0" hai0="61,14,15,66,76,87,70,29,1,50,44,43,92" hai1="126,93,119,12,118,133,11,100,130,91,55,57,64" hai2="6,9,51,99,28,65,47,62,68,114,16,53,97" hai3="8,18,19,33,34,26,96,52,10,39,74,5,3"/><T134/><D134/><U110/><E133/><V107/><F114/><W80/><G39/><T86/><D1/><U83/><E64/><V115/><F115/><W135/><G135/><T132/><D132/><U60/><E126/><V0/><F107/><W121/><G96/><T88/><REACH who="0" step="1"/><D29/><REACH who="0" ten="245,265,235,235" step="2"/><U120/><E119/><V108/><F108/><W94/><G3/><T25/><D25/><U131/><E118/><V102/><F28/><W2/><G26/><T77/><D77/><U24/><E110/><V41/><F102/><W82/><G2/><T22/><D22/><U105/><E24/><V123/><F123/><W84/><G121/><T38/><D38/><U36/><E36/><V113/><F113/><W124/><G124/><T79/><D79/><U101/><E120/><V111/><F111/><W58/><G33/><T95/><D95/><U90/><E101/><V128/><F128/><W40/><G94/><T42/><D42/><U63/><E130/><V13/><REACH who="2" step="1"/><F41/><REACH who="2" ten="245,265,225,235" step="2"/><W59/><G40/><T73/><D73/><U71/><E131/><V37/><F37/><W21/><G74/><T54/><D54/><U112/><E112/><V17/><F17/><W32/><G52/><T81/><AGARI ba="1,3" hai="14,15,43,44,50,61,66,70,76,81,86,87,88,92" machi="81" ten="30,11700,0" yaku="1,1,0,1,52,1,54,1,53,0" doraHai="78" doraHaiUra="35" who="0" fromWho="0" sc="245,150,265,-40,225,-40,235,-40" /><INIT seed="0,2,0,5,2,105" ten="395,225,185,195" oya="0" hai0="81,97,78,133,114,48,17,80,126,73,86,128,30" hai1="6,87,36,110,5,74,29,100,94,55,58,10,119" hai2="1,47,14,121,130,35,38,112,113,125,69,124,79" hai3="90,2,99,15,117,89,103,71,41,95,13,102,24"/><T37/><D114/><U83/><E36/><V20/><F69/><W9/><G117/><T72/><D37/><U75/><E119/><V129/><F79/><W33/><G71/><T135/><D30/><U61/><E110/><V21/><F38/><W66/><G41/><T42/><D128/><N who="2" m="49258" /><F47/><W28/><G66/><T4/><D126/><N who="2" m="48746" /><F1/><W132/><G2/><T8/><D17/><U34/><E5/><V101/><F101/><W59/><G59/><T43/><D97/><U118/><E118/><V115/><F121/><W122/><G122/><T46/><D42/><U31/><E29/><V7/><F35/><W53/><G102/><T111/><D111/><U39/><E31/><V127/><F127/><W63/><G103/><T64/><D64/><U49/><E34/><V16/><F7/><W11/><G90/><T134/><D81/><U60/><E39/><V44/><F44/><W67/><G33/><T131/><D131/><U109/><E109/><V65/><F65/><W98/><G67/><T116/><D116/><U50/><E100/><V85/><F85/><W23/><G98/><T27/><D27/><U22/><E83/><V106/><F106/><W0/><G24/><T45/><D45/><U68/><E68/><V70/><F70/><W19/><G99/><T52/><D43/><U108/><E108/><V84/><F84/><W25/><G25/><T54/><D54/><U120/><E120/><V123/><F123/><W93/><G53/><T56/><D46/><U91/><E55/><V18/><F115/><W32/><G32/><T88/><D78/><U40/><E40/><RYUUKYOKU ba="2,0" sc="395,15,225,-15,185,15,195,-15" hai0="4,8,48,52,56,72,73,80,86,88,133,134,135" hai2="14,16,18,20,21,112,113" /><INIT seed="0,3,0,2,1,50" ten="410,210,200,180" oya="0" hai0="77,116,121,53,124,9,16,127,110,94,10,103,115" hai1="44,28,26,55,60,118,92,59,69,89,70,3,1" hai2="78,88,62,58,46,34,132,134,6,102,38,75,35" hai3="81,86,76,48,133,8,39,104,13,19,72,120,42"/><T5/><D115/><U82/><E118/><V122/><F122/><W95/><G133/><N who="2" m="51305" /><F102/><W91/><G120/><T99/><D121/><U49/><E82/><N who="2" m="45407" /><F6/><W63/><G39/><T61/><D116/><U105/><E105/><V51/><F38/><W71/><G104/><T106/><D110/><U52/><E1/><V20/><F20/><W32/><G32/><T109/><D109/><U107/><E3/><V68/><F68/><W101/><G101/><T2/><D77/><U113/><E107/><V27/><F27/><W80/><G80/><T96/><D96/><U83/><E83/><V111/><F111/><W57/><G71/><T15/><REACH who="0" step="1"/><D106/><REACH who="0" ten="400,210,200,180" step="2"/><U84/><E113/><V90/><F90/><W125/><G76/><T73/><D73/><U30/><E30/><V97/><F97/><W18/><G72/><T14/><D14/><U65/><E65/><N who="2" m="39127" /><F88/><W130/><G91/><T31/><D31/><U131/><REACH who="1" step="1"/><E131/><REACH who="1" ten="400,200,200,180" step="2"/><V74/><F74/><W64/><G130/><T100/><D100/><U45/><E45/><V40/><AGARI ba="3,2" hai="34,35,40,46,51" m="39127,45407,51305" machi="40" ten="30,1100,0" yaku="20,1" doraHai="50" who="2" fromWho="2" sc="400,-8,200,-6,200,40,180,-6" /><INIT seed="1,0,0,2,2,57" ten="392,194,240,174" oya="1" hai0="122,41,1,83,79,61,73,62,106,15,7,40,52" hai1="2,135,39,107,104,120,54,124,12,88,93,47,109" hai2="100,8,99,35,53,63,75,21,89,102,6,128,82" hai3="14,72,10,31,13,48,132,26,87,84,85,4,130"/><U95/><E2/><V60/><F35/><W116/><G132/><T92/><D106/><U42/><E120/><V50/><F128/><W66/><G130/><T70/><D1/><U115/><E115/><V74/><F102/><W67/><G72/><T91/><D122/><U81/><E135/><V33/><F33/><W129/><G129/><T103/><D103/><U17/><E95/><V49/><F49/><W117/><G48/><T78/><D78/><U68/><E68/><V97/><F21/><W34/><REACH who="3" step="1"/><G14/><REACH who="3" ten="392,194,240,164" step="2"/><T108/><D15/><U38/><E38/><V32/><F75/><W19/><G19/><T86/><D73/><U9/><E17/><V114/><F74/><W36/><G36/><T80/><D7/><U11/><E12/><V110/><F50/><W22/><G22/><T133/><D133/><U23/><E23/><V119/><F6/><W18/><G18/><T105/><D40/><U134/><E42/><V111/><F8/><W24/><G24/><T5/><D41/><U69/><E39/><V94/><F111/><W96/><G96/><T123/><D108/><U30/><E109/><V28/><F99/><W43/><G43/><T45/><D5/><U51/><E134/><V71/><F97/><W118/><AGARI ba="0,1" hai="4,10,13,26,31,34,66,67,84,85,87,116,117,118" machi="118" ten="40,8000,1" yaku="1,1,0,1,12,1,53,1" doraHai="57" doraHaiUra="27" who="3" fromWho="3" sc="392,-20,194,-40,240,-20,164,90" /><INIT seed="2,0,0,1,1,96" ten="372,154,220,254" oya="2" hai0="134,43,69,34,70,110,21,114,125,50,86,80,124" hai1="122,68,27,78,30,9,106,32,35,12,33,113,67" hai2="40,62,89,74,131,79,31,18,58,94,135,53,29" hai3="63,133,39,26,24,112,44,76,56,77,119,25,37"/><V52/><F131/><W95/><G119/><T111/><D34/><N who="1" m="13419" /><E67/><V61/><F135/><W6/><G133/><T11/><D134/><U102/><E78/><V99/><F40/><W65/><G112/><T28/><D114/><U120/><E68/><V42/><F42/><W48/><G6/><T132/><D132/><U59/><E59/><N who="2" m="35047" /><F74/><W20/><G39/><T84/><D11/><U15/><E113/><V60/><F79/><N who="3" m="30283" /><G95/><T123/><D123/><N who="1" m="47147" /><E106/><V64/><F62/><W85/><G85/><N who="0" m="32875" /><D80/><U57/><E57/><V0/><F0/><W8/><G8/><T117/><D117/><U36/><E36/><V54/><F18/><N who="3" m="12311" /><G37/><T129/><D129/><U14/><E102/><V47/><F64/><W83/><G83/><T45/><D69/><U10/><AGARI ba="0,0" hai="9,10,12,14,15,27,30,35" m="47147,13419" machi="10" ten="40,5200,0" yaku="13,1,34,2" doraHai="96" who="1" fromWho="1" sc="372,-13,154,52,220,-26,254,-13" /><INIT seed="3,0,0,3,4,87" ten="359,206,194,241" oya="3" hai0="112,53,126,36,12,118,102,113,66,46,131,44,78" hai1="3,2,49,1,127,72,129,47,97,67,110,23,33" hai2="9,4,34,29,124,14,7,41,64,135,132,85,134" hai3="63,61,90,30,69,35,111,65,83,6,48,32,43"/><W76/><G30/><T103/><D103/><U45/><E33/><V59/><F41/><W60/><G6/><T117/><D117/><U26/><E72/><V106/><F106/><W16/><G16/><T94/><D94/><U88/><E110/><V19/><F124/><W100/><G100/><T84/><D84/><U5/><E127/><V92/><F64/><W122/><G122/><T18/><D18/><U55/><E129/><V73/><F73/><W114/><G114/><T116/><D116/><U71/><E47/><V99/><F59/><W50/><G61/><T38/><D38/><U68/><E5/><V80/><F29/><W56/><G76/><T89/><D89/><U22/><E67/><V39/><F39/><W82/><G65/><T133/><D133/><U81/><E23/><V37/><F37/><W62/><G69/><T17/><D17/><U79/><E79/><N who="2" m="46239" /><F34/><W95/><G43/><T28/><D28/><U109/><E109/><V105/><F105/><W123/><G111/><T15/><D15/><U108/><E108/><V24/><F24/><W54/><G123/><T8/><D8/><U40/><E40/><V125/><F125/><W52/><G32/><T57/><D57/><U104/><E81/><V96/><F96/><N who="3" m="57463" /><G35/><T93/><D93/><N who="1" m="56487" /><E104/><V25/><F25/><W115/><G115/><T130/><D130/><U51/><E51/><V86/><F86/><W77/><G77/><T10/><D10/><U91/><E91/><AGARI ba="0,0" hai="4,7,9,14,19,91,92,99,132,134,135" m="46239" machi="91" ten="30,2000,0" yaku="20,1,52,1" doraHai="87" who="2" fromWho="1" sc="359,0,206,-20,194,20,241,0" owari="359,45.9,186,-31.4,214,-18.6,241,4.1" /></mjloggm>