<mjloggm ver="2.3"><GO type="225" lobby="0"/><UN n0="%E3%81%A1%E3%82%85%E3%81%86%E3%81%A9%E3%81%8F%E8%B1%A1%E3%81%95%E3%82%93" n1="%E6%A1%9C%E8%8A%B1%E9%96%83%E3%80%85" n2="%E3%83%B4%E3%83%A0%EF%BC%99%E3%81%A6" n3="%72%69%6F%75%63%68%61%6E" dan="16,18,17,17" rate="2077.79,2227.48,2202.30,2243.34" sx="M,M,M,M"/><TAIKYOKU oya="0"/><INIT seed="0,0,0,0,5,108" ten="250,250,250,250" oya="0" hai0="58,35,131,24,132,10,124,37,19,56,93,5,103" hai1="50,20,40,54,33,97,21,0,100,91,13,127,118" hai2="92,53,8,107,77,113,67,70,18,9,102,69,4" hai3="76,48,46,83,128,125,2,72,96,73,14,121,129"/><T122/><D122/><U109/><E33/><V101/><F107/><W66/><G125/><T112/><D37/><U75/><E0/><V135/><F77/><W22/><G121/><T99/><D124/><U31/><E118/><V114/><F53/><W117/><G117/><T94/><D132/><U130/><E75/><V32/><F32/><W80/><G2/><T47/><D131/><N who="3" m="50249" /><G66/><T41/><D94/><U133/><E91/><V71/><F67/><W30/><G96/><T126/><D126/><U49/><E20/><V15/><F135/><W62/><G62/><T106/><D106/><U34/><E34/><V12/><REACH who="2" step="1"/><F92/><REACH who="2" ten="250,250,240,250" step="2"/><W52/><G80/><T39/><D35/><U65/><E54/><V85/><F85/><N who="3" m="48359" /><G14/><T61/><D112/><AGARI ba="0,1" hai="4,8,9,12,15,18,69,70,71,101,102,112,113,114" machi="112" ten="50,8000,1" yaku="1,1,52,3,53,0" doraHai="108" doraHaiUra="89" who="2" fromWho="0" sc="250,-80,250,0,240,90,250,0" /><INIT seed="1,0,0,5,5,7" ten="170,250,330,250" oya="1" hai0="80,98,118,20,52,0,115,57,94,97,129,21,33" hai1="76,88,82,6,31,132,35,128,131,79,73,135,81" hai2="29,99,10,37,47,116,105,49,41,45,59,39,77" hai3="111,109,134,53,69,3,55,34,38,11,114,87,8"/><U124/><E6/><V127/><F116/><W117/><G114/><T24/><D118/><U122/><E122/><V15/><F127/><W123/><G123/><T119/><D115/><U104/><E104/><V107/><F29/><W50/><G117/><T19/><D119/><U2/><E2/><V93/><F77/><W30/><G38/><T40/><D129/><N who="1" m="49739" /><E31/><V27/><F59/><W62/><G134/><N who="1" m="51242" /><E35/><V68/><F68/><W90/><G3/><T74/><D0/><U102/><E102/><V108/><F27/><N who="3" m="18783" /><G62/><T84/><D74/><N who="1" m="43159" /><E88/><V44/><F105/><W130/><G69/><T23/><D33/><U63/><E63/><V112/><F107/><W36/><G36/><T64/><D64/><U66/><E66/><V71/><F37/><W51/><G130/><T18/><D97/><U12/><E12/><V101/><F39/><W85/><G85/><T126/><D24/><U26/><E26/><V133/><F15/><W17/><G17/><T110/><D18/><U43/><E43/><V32/><F41/><W60/><G60/><N who="0" m="35879" /><D40/><U4/><E4/><V103/><F32/><W91/><G90/><N who="0" m="55639" /><D19/><U96/><E96/><V92/><F133/><W5/><G5/><T1/><D1/><U75/><E124/><V125/><F125/><W65/><G65/><T22/><D126/><U120/><E120/><V28/><F101/><W42/><G42/><T86/><N who="0" m="5120" /><DORA hai="100" /><T121/><D121/><U56/><E73/><V61/><F103/><W113/><G113/><T25/><D25/><U106/><E106/><V83/><F112/><W78/><G91/><N who="0" m="51591" /><D86/><U14/><E14/><RYUUKYOKU ba="0,0" sc="170,15,250,15,330,-15,250,-15" hai0="110" hai1="56,75,79,82" /><INIT seed="1,1,0,5,0,114" ten="185,265,315,235" oya="1" hai0="80,72,98,7,100,118,92,40,78,71,129,67,8" hai1="54,94,19,97,12,31,42,64,102,127,70,75,106" hai2="28,61,53,25,34,47,86,96,124,32,125,130,2" hai3="55,95,119,69,43,115,82,132,76,104,81,0,59"/><U39/><E75/><V90/><F2/><W107/><G69/><T41/><D129/><U21/><E127/><N who="2" m="48715" /><F130/><W89/><G119/><T85/><D118/><U50/><E39/><V105/><F105/><W110/><G110/><T37/><D85/><U20/><E42/><V35/><F96/><W11/><G132/><T77/><D77/><U79/><E79/><V18/><F18/><W63/><G115/><T29/><D29/><U121/><E121/><V17/><F17/><W56/><G43/><T60/><REACH who="0" step="1"/><D37/><REACH who="0" ten="175,265,315,235" step="2"/><U135/><E31/><V131/><F131/><W83/><G76/><T15/><AGARI ba="1,1" hai="7,8,15,40,41,60,67,71,72,78,80,92,98,100" machi="15" ten="20,8000,1" yaku="1,1,2,1,0,1,7,1,53,1" doraHai="114" doraHaiUra="5" who="0" fromWho="0" sc="175,93,265,-41,315,-21,235,-21" /><INIT seed="2,0,0,1,1,95" ten="268,224,294,214" oya="2" hai0="122,45,37,31,24,135,77,7,2,97,105,118,52" hai1="34,132,124,50,23,4,25,90,88,91,11,116,63" hai2="1,110,73,15,121,26,56,72,115,133,76,67,58" hai3="70,101,66,103,99,83,35,61,39,9,18,55,69"/><V128/><F115/><W114/><G39/><T127/><D122/><U64/><E116/><V126/><F121/><W80/><G114/><T54/><D77/><U68/><E132/><V94/><F1/><W123/><G123/><T113/><D113/><U111/><E111/><V74/><F76/><W129/><G129/><T65/><D65/><U81/><E124/><V78/><F78/><W84/><G35/><T22/><D135/><U96/><E34/><V8/><F133/><W33/><G33/><T16/><D127/><U60/><E50/><V38/><F126/><W87/><G70/><T13/><D118/><U57/><E81/><V89/><F38/><W102/><G55/><T20/><D37/><U42/><E42/><V119/><F119/><W71/><G71/><T6/><D45/><U28/><E63/><V10/><F128/><W92/><G83/><T53/><REACH who="0" step="1"/><D2/><REACH who="0" ten="258,224,294,214" step="2"/><U131/><E131/><V108/><F67/><W79/><REACH who="3" step="1"/><G87/><REACH who="3" ten="258,224,294,204" step="2"/><T41/><D41/><U12/><E68/><V43/><F43/><W120/><G120/><T134/><D134/><U106/><E106/><V30/><F73/><W109/><G109/><T0/><D0/><U51/><E51/><V62/><F72/><W117/><G117/><T46/><D46/><U49/><E49/><V112/><F74/><W36/><G36/><T75/><D75/><U47/><E47/><V98/><F112/><W82/><G82/><T100/><AGARI ba="0,2" hai="6,7,13,16,20,22,24,31,52,53,54,97,100,105" machi="100" ten="30,16000,3" yaku="1,1,0,1,52,1,54,2,53,3" doraHai="95" doraHaiUra="48" who="0" fromWho="0" sc="258,180,224,-40,294,-80,204,-40" /><INIT seed="3,0,0,3,5,46" ten="438,184,214,164" oya="3" hai0="12,76,80,129,90,63,5,30,72,70,84,8,62" hai1="47,14,26,16,39,127,105,55,3,17,99,110,132" hai2="73,2,0,91,56,7,28,51,27,29,121,124,103" hai3="31,22,118,86,116,119,44,9,58,120,128,71,112"/><W107/><G112/><T81/><D129/><U52/><E3/><V117/><F117/><W134/><G120/><T83/><D70/><U19/><E110/><V18/><F73/><W131/><G71/><T78/><D30/><U101/><E127/><V59/><F121/><W41/><G107/><T100/><D100/><U133/><E26/><V20/><F103/><W54/><G134/><N who="1" m="51818" /><E14/><V69/><F69/><W115/><G115/><T49/><D49/><N who="1" m="28735" /><E55/><N who="2" m="31871" /><F0/><W88/><G9/><T15/><D15/><U66/><E66/><V123/><F2/><W1/><G1/><T114/><D114/><U130/><E39/><V109/><F109/><W93/><G31/><T21/><D21/><U106/><E130/><N who="3" m="49706" /><G22/><T79/><D79/><U102/><E102/><V94/><F124/><W67/><G67/><T68/><D68/><U43/><E43/><V122/><F122/><W89/><G89/><T82/><D82/><U6/><E6/><V92/><F7/><W77/><G77/><T35/><D35/><U108/><E108/><V60/><F123/><W40/><G44/><T36/><D36/><U111/><E111/><V87/><F28/><W85/><G54/><T135/><D135/><U104/><AGARI ba="0,0" hai="16,17,19,99,101,104,105,106" m="28735,51818" machi="104" ten="40,8000,1" yaku="20,1,52,1,54,2" doraHai="46" who="1" fromWho="1" sc="438,-20,184,80,214,-20,164,-40" owari="418,51.8,264,6.4,194,-20.6,124,-37.6" /></mjloggm>