<mjloggm ver="2.3"><GO type="225" lobby="0"/><UN n0="%2D%E8%B1%8A%E5%8F%A3%E3%82%81%E3%81%90%E3%81%BF%2D" n1="%E4%BA%BA%E9%96%93%E3%83%81%E3%83%A3%E3%83%BC%E3%83%8F%E3%83%B3" n2="%E3%81%82%E3%81%99%E3%81%AB%E3%82%83%E3%82%80" n3="%72%65%6E%6B%75%6E" dan="16,16,16,17" rate="2142.28,2104.62,2091.93,2178.41" sx="F,M,F,M"/><TAIKYOKU oya="0"/><INIT seed="0,0,0,2,0,107" ten="250,250,250,250" oya="0" hai0="0,68,15,5,51,94,108,135,116,104,47,134,115" hai1="54,38,125,52,36,113,76,55,39,32,70,37,127" hai2="133,4,59,91,79,105,129,21,3,75,130,83,67" hai3="43,86,57,123,13,74,101,69,121,18,131,28,110"/><T89/><D115/><U120/><E32/><V41/><F105/><W80/><G69/><T97/><D116/><U17/><N who="1" m="9216" /><DORA hai="2" /><U72/><E120/><V7/><F41/><W62/><G101/><T87/><D68/><U9/><E113/><V114/><F3/><W58/><G28/><T102/><D0/><U6/><E70/><V60/><F114/><W66/><G43/><T65/><D65/><U34/><E34/><V56/><F133/><W92/><G110/><T8/><REACH who="0" step="1"/><D108/><REACH who="0" ten="240,250,250,250" step="2"/><U95/><E125/><V112/><F112/><W53/><G121/><T73/><D73/><U44/><E127/><V31/><F129/><W122/><G74/><T103/><D103/><U14/><E72/><V126/><F130/><W64/><G131/><T71/><D71/><U111/><E111/><V93/><F126/><W106/><G122/><T26/><D26/><U24/><E76/><V81/><F79/><N who="3" m="46367" /><G64/><T99/><D99/><U50/><REACH who="1" step="1"/><E95/><REACH who="1" ten="240,240,250,250" step="2"/><V119/><F93/><W49/><G123/><T40/><AGARI ba="0,2" hai="5,8,15,40,47,51,87,89,94,97,102,104,134,135" machi="40" ten="30,11700,0" yaku="1,1,0,1,52,1,53,1" doraHai="107,2" doraHaiUra="100,23" who="0" fromWho="0" sc="240,137,240,-39,250,-39,250,-39" /><INIT seed="0,1,0,3,0,90" ten="377,201,211,211" oya="0" hai0="42,56,6,34,85,134,37,94,4,122,40,39,127" hai1="48,83,41,54,35,113,18,126,64,36,19,98,76" hai2="2,116,91,31,58,68,21,109,46,77,12,92,60" hai3="117,133,63,100,9,11,23,45,47,25,121,53,71"/><T89/><D122/><U22/><E35/><V80/><F2/><W97/><G117/><T124/><D34/><U82/><E126/><N who="0" m="48169" /><D134/><U7/><E113/><V38/><F109/><W3/><G133/><T115/><D115/><U61/><E7/><N who="0" m="2601" /><D56/><U15/><E98/><V120/><F68/><W123/><G3/><T59/><D59/><U84/><E36/><AGARI ba="1,0" hai="36,37,39,40,42,85,89,94" m="2601,48169" machi="36" ten="30,2900,0" yaku="18,1,52,1" doraHai="90" who="0" fromWho="1" sc="377,32,201,-32,211,0,211,0" /><INIT seed="0,2,0,3,2,102" ten="409,169,211,211" oya="0" hai0="35,28,10,74,7,84,97,93,124,68,91,83,80" hai1="92,114,14,101,62,86,95,127,24,85,120,67,12" hai2="29,94,104,45,3,31,129,30,103,117,2,133,25" hai3="4,131,40,39,11,54,105,64,41,72,23,49,115"/><T77/><D68/><U69/><E120/><V123/><F123/><W109/><G72/><T66/><D66/><U53/><E127/><V98/><F133/><W13/><G115/><T121/><D121/><U22/><E114/><V18/><F129/><W134/><G131/><T65/><D65/><U56/><E14/><V100/><F117/><W73/><G73/><T70/><D70/><U111/><E12/><V34/><F34/><W106/><G64/><T43/><D124/><U61/><E111/><V130/><F130/><W81/><G81/><T8/><D43/><U63/><E63/><V79/><F79/><W89/><G89/><T15/><D10/><U57/><E69/><V76/><F76/><W32/><G32/><T46/><D46/><U27/><E101/><V90/><F103/><W36/><G134/><T108/><D108/><U6/><E6/><V51/><F18/><W21/><G41/><T128/><D128/><U17/><REACH who="1" step="1"/><E24/><REACH who="1" ten="409,159,211,211" step="2"/><V87/><REACH who="2" step="1"/><F25/><REACH who="2" ten="409,159,201,211" step="2"/><W9/><G109/><T122/><D122/><U1/><E1/><V58/><F58/><W20/><G4/><T132/><D132/><U37/><E37/><V118/><F118/><W52/><G36/><T60/><D7/><U42/><E42/><AGARI ba="2,2" hai="2,3,29,30,31,42,45,51,87,90,94,98,100,104" machi="42" ten="40,2600,0" yaku="1,1,52,1,53,0" doraHai="102" doraHaiUra="59" who="2" fromWho="1" sc="409,0,159,-32,201,52,211,0" /><INIT seed="1,0,0,4,3,58" ten="409,127,253,211" oya="1" hai0="128,61,66,105,8,120,118,96,91,2,93,121,41" hai1="16,73,116,79,42,56,12,92,135,3,1,51,4" hai2="20,14,133,130,54,49,95,18,59,77,55,35,9" hai3="6,76,132,36,63,13,45,90,111,27,114,39,117"/><U17/><E116/><V24/><F133/><W7/><G114/><T80/><D118/><U22/><E135/><V50/><F130/><W112/><G112/><T57/><D128/><U97/><E4/><V88/><F35/><W104/><G104/><T127/><D127/><U98/><E73/><V100/><F77/><W108/><G76/><T11/><D2/><U126/><E126/><V64/><F100/><W30/><G132/><T69/><D105/><U53/><E79/><V123/><F64/><W115/><G115/><T26/><D41/><U85/><E42/><V81/><F81/><W40/><G36/><T34/><D80/><U103/><E22/><V129/><F123/><N who="0" m="47178" /><D69/><U106/><E106/><V33/><F33/><W110/><G117/><T122/><D122/><U83/><E98/><V10/><F14/><W62/><G90/><T46/><D46/><U60/><E51/><V29/><F29/><AGARI ba="0,0" hai="8,11,26,29,34,57,61,66,91,93,96" m="47178" machi="29" ten="30,2000,0" yaku="13,1,52,1" doraHai="58" who="0" fromWho="2" sc="409,20,127,0,253,-20,211,0" /><INIT seed="2,0,0,2,1,66" ten="429,127,233,211" oya="2" hai0="94,83,8,117,97,130,128,12,41,132,42,95,22" hai1="58,91,56,45,36,68,35,49,135,118,92,89,38" hai2="3,98,17,47,43,74,37,102,6,82,109,114,106" hai3="4,28,75,131,101,51,48,23,87,127,108,103,29"/><V30/><F114/><W134/><G75/><T72/><D132/><U100/><E35/><V96/><F96/><W79/><G134/><T20/><D72/><U0/><E135/><V65/><F17/><W116/><G116/><T31/><D83/><U115/><E0/><V53/><F53/><W59/><G4/><T40/><D94/><U63/><E118/><V18/><F18/><W13/><G108/><T44/><D44/><U21/><E115/><V9/><F65/><W122/><G122/><T52/><D52/><N who="1" m="29743" /><E21/><V129/><F30/><W78/><G87/><T25/><D22/><U93/><E92/><V32/><F32/><W112/><G23/><T16/><REACH who="0" step="1"/><D117/><REACH who="0" ten="419,127,233,211" step="2"/><U34/><E34/><V54/><F54/><W70/><G112/><T77/><D77/><U124/><E93/><V99/><F99/><W71/><G59/><N who="1" m="22570" /><E100/><AGARI ba="0,1" hai="8,12,16,20,25,31,40,41,42,95,97,100,128,130" machi="100" ten="40,2600,0" yaku="1,1,54,1,53,0" doraHai="66" doraHaiUra="73" who="0" fromWho="1" sc="419,36,127,-26,233,0,211,0" /><INIT seed="3,0,0,1,4,96" ten="455,101,233,211" oya="3" hai0="33,3,14,49,8,77,53,104,54,36,21,19,126" hai1="29,71,38,66,47,88,20,73,57,24,68,110,51" hai2="95,13,114,72,121,119,115,67,89,87,2,31,133" hai3="30,69,75,1,101,12,52,9,112,61,127,55,90"/><W91/><G75/><T124/><D36/><U34/><E110/><V17/><F119/><W113/><G1/><T7/><D104/><U92/><E73/><V44/><F2/><W56/><G69/><T35/><D77/><U62/><E34/><N who="0" m="12809" /><D49/><U27/><E27/><V64/><F72/><W43/><G30/><T135/><D135/><U0/><E0/><V50/><F31/><W4/><G43/><T107/><D107/><U5/><E5/><V131/><F133/><W122/><G122/><T118/><D118/><U93/><E38/><V76/><F121/><W103/><G127/><AGARI ba="0,0" hai="3,7,8,14,19,21,53,54,124,126,127" m="12809" machi="127" ten="30,1000,0" yaku="18,1" doraHai="96" who="0" fromWho="3" sc="455,10,101,0,233,0,211,-10" owari="465,56.5,101,-39.9,233,3.3,201,-19.9" /></mjloggm>