<mjloggm ver="2.3"><GO type="225" lobby="0"/><UN n0="%73%6C%69%63%6B%33%31%39" n1="%E3%82%BC%E3%83%AB%E3%83%80%E3%81%AE%E4%BC%9D%E8%AA%AC" n2="%E8%BE%9B%E5%8F%A3%E3%82%AB%E3%83%AC%E3%83%BC%E3%83%A9%E3%82%A4%E3%82%B9" n3="%E9%BB%92%E7%8A%AC%40%E3%81%A6%E3%82%93%E3%81%BB%E3%83%BC" dan="16,16,16,17" rate="2159.86,2213.91,2234.63,2167.31" sx="M,M,M,M"/><TAIKYOKU oya="0"/><INIT seed="0,0,0,3,2,58" ten="250,250,250,250" oya="0" hai0="101,14,135,97,35,17,62,86,130,117,55,105,11" hai1="102,49,131,63,95,50,27,2,19,106,81,84,115" hai2="20,40,89,4,107,37,121,0,41,71,120,38,113" hai3="109,99,88,1,12,87,91,32,36,75,43,100,94"/><T25/><D117/><U61/><E2/><V6/><F107/><W93/><G1/><T8/><D135/><U119/><E131/><V78/><F0/><W67/><G32/><T16/><D130/><U108/><E108/><V80/><F89/><W79/><G109/><T28/><D86/><U33/><E106/><V123/><F113/><W76/><G36/><T98/><D98/><N who="1" m="59743" /><E33/><V39/><F71/><W7/><G43/><T53/><REACH who="0" step="1"/><D62/><REACH who="0" ten="240,250,250,250" step="2"/><N who="1" m="23563" /><E119/><V110/><F110/><W18/><G75/><T127/><D127/><U129/><E129/><V69/><F121/><W30/><G100/><T51/><D51/><U48/><E115/><V132/><F132/><W112/><G112/><T116/><D116/><U111/><E111/><V3/><F123/><W22/><G7/><T46/><D46/><U23/><E49/><V103/><F4/><W73/><G73/><T9/><D9/><U133/><E133/><V54/><F6/><W125/><G125/><T96/><D96/><U90/><AGARI ba="0,1" hai="19,23,27,48,50,81,84,90" m="23563,59743" machi="90" ten="30,7900,0" yaku="8,1,52,3" doraHai="58" who="1" fromWho="1" sc="240,-39,250,89,250,-20,250,-20" /><INIT seed="1,0,0,5,2,70" ten="201,339,230,230" oya="1" hai0="94,75,135,56,33,49,45,5,85,84,92,91,78" hai1="113,40,32,17,42,46,77,130,111,118,43,117,133" hai2="58,99,11,2,55,105,90,106,4,125,60,29,65" hai3="97,19,132,93,21,0,61,37,9,107,102,18,28"/><U12/><E113/><V98/><F125/><W134/><G28/><T114/><D135/><N who="3" m="51753" /><G107/><T83/><D33/><U50/><E133/><V81/><F29/><W57/><G37/><T103/><D114/><U6/><E32/><V30/><F30/><W24/><G0/><T69/><D69/><U108/><E6/><V122/><F122/><W66/><G18/><T1/><D56/><U63/><E77/><V36/><F36/><W62/><G62/><T53/><D103/><U79/><E79/><V72/><F72/><W112/><G9/><T95/><REACH who="0" step="1"/><D75/><REACH who="0" ten="191,339,230,230" step="2"/><U59/><E117/><V52/><F106/><W47/><G112/><T16/><D16/><U127/><E118/><V109/><F109/><N who="1" m="42057" /><E127/><V7/><F7/><W34/><G34/><T126/><D126/><U100/><E100/><V121/><F121/><W120/><G120/><T110/><D110/><U82/><E130/><V3/><F105/><W123/><G123/><T35/><D35/><U101/><E101/><V31/><F31/><W8/><G8/><AGARI ba="0,1" hai="1,5,8,45,49,53,78,83,84,85,91,92,94,95" machi="8" ten="40,1300,0" yaku="1,1,53,0" doraHai="70" doraHaiUra="128" who="0" fromWho="3" sc="191,23,339,0,230,0,230,-13" /><INIT seed="2,0,0,5,5,103" ten="214,339,230,217" oya="2" hai0="18,85,130,72,94,113,16,70,82,109,28,125,51" hai1="59,43,45,39,1,89,102,66,8,30,46,37,52" hai2="88,15,20,74,65,27,60,7,22,92,77,29,129" hai3="90,23,104,57,17,117,101,5,135,4,93,99,53"/><V107/><F129/><W78/><G135/><T121/><D113/><U118/><E118/><V47/><F107/><W36/><G36/><T96/><D121/><U98/><E30/><V33/><F47/><W86/><G117/><T83/><D70/><U56/><E89/><V126/><F126/><W100/><G100/><N who="0" m="60439" /><D72/><U42/><E66/><V71/><F74/><W114/><G78/><N who="0" m="46295" /><D28/><U38/><E38/><V21/><F77/><W11/><G11/><T12/><D83/><U31/><E31/><V116/><F116/><W62/><REACH who="3" step="1"/><G114/><REACH who="3" ten="214,339,230,207" step="2"/><T131/><D125/><U105/><E8/><V58/><F71/><W34/><G34/><T80/><D109/><U2/><E59/><V49/><F49/><AGARI ba="0,1" hai="1,2,37,39,42,43,45,46,49,52,56,98,102,105" machi="49" ten="30,7700,0" yaku="7,1,9,1,52,1,54,1" doraHai="103" who="1" fromWho="2" sc="214,0,339,87,230,-77,207,0" /><INIT seed="3,0,0,5,4,121" ten="214,426,153,207" oya="3" hai0="67,132,94,108,30,54,64,89,4,84,72,80,26" hai1="119,70,29,49,102,0,68,118,16,82,55,24,85" hai2="2,97,91,47,110,90,76,126,15,125,106,60,92" hai3="9,105,69,127,59,131,39,33,1,27,116,109,61"/><W5/><G59/><T65/><D108/><U28/><E0/><V115/><F2/><W3/><G3/><T40/><D132/><U51/><E102/><N who="2" m="62799" /><F15/><W13/><G13/><T8/><D40/><U73/><E73/><V23/><F23/><W122/><G61/><T19/><D19/><U104/><E104/><V128/><F47/><W50/><G50/><T95/><D72/><U12/><E49/><V79/><F60/><W17/><G17/><T35/><REACH who="0" step="1"/><D54/><REACH who="0" ten="204,426,153,207" step="2"/><U113/><E55/><V103/><F115/><W99/><G109/><T62/><D62/><U20/><E16/><V123/><F110/><W100/><G122/><T42/><D42/><U135/><E113/><V129/><F123/><W10/><G116/><T31/><D31/><U78/><E135/><V57/><F57/><W114/><G114/><T86/><D86/><U112/><E85/><N who="2" m="52303" /><F103/><W124/><G100/><T63/><D63/><U38/><E112/><V22/><F22/><W74/><G33/><T34/><D34/><U48/><E20/><V11/><F11/><W6/><G10/><T41/><D41/><U53/><E53/><V44/><F44/><W18/><G9/><T43/><D43/><U25/><E29/><V45/><F45/><W71/><G18/><T36/><D36/><U58/><E28/><V101/><F101/><W111/><G39/><T117/><D117/><U37/><E37/><V75/><F91/><W96/><G6/><T81/><D81/><U52/><E38/><V134/><F134/><W98/><G5/><T32/><D32/><U133/><E133/><V88/><F88/><RYUUKYOKU ba="0,1" sc="204,30,426,-10,153,-10,207,-10" hai0="4,8,26,30,35,64,65,67,80,84,89,94,95" owari="234,3.4,426,52.6,143,-35.7,197,-20.3" /></mjloggm>