<mjloggm ver="2.3"><GO type="225" lobby="0"/><UN n0="%E3%82%8C%E3%81%99%E3%81%93" n1="%E3%83%8F%E3%83%B3%E3%83%89%E3%83%A9%E3%83%BC%E3%83%BB%E3%83%AF%E3%83%B3" n2="%E7%9A%AE%E3%80%85" n3="%E3%83%9D%E3%82%B1%E3%83%83%E3%83%88" dan="17,17,16,16" rate="2169.08,2199.89,2071.43,2108.90" sx="F,M,M,M"/><TAIKYOKU oya="0"/><INIT seed="0,0,0,1,0,110" ten="250,250,250,250" oya="0" hai0="35,81,69,23,57,133,50,39,132,36,41,70,7" hai1="49,93,92,42,87,85,28,48,108,122,100,89,6" hai2="47,106,105,51,96,55,131,8,123,90,86,118,127" hai3="24,111,124,80,64,2,63,17,30,46,76,53,13"/><T78/><D35/><U135/><E122/><V37/><F123/><W73/><G111/><T77/><D7/><U61/><E108/><V72/><F131/><W40/><G124/><T83/><D23/><U10/><E135/><N who="0" m="51785" /><D57/><U58/><E28/><V126/><F72/><W134/><G53/><T9/><D50/><U16/><E42/><V31/><F31/><W33/><G2/><T71/><D9/><U104/><E104/><V12/><F37/><N who="0" m="14410" /><D41/><U3/><E16/><N who="2" m="8199" /><F96/><W88/><G134/><T62/><D62/><U29/><E29/><V98/><F98/><W68/><G40/><T94/><D94/><U116/><E116/><V101/><F101/><W21/><G46/><T109/><D109/><U66/><E100/><V38/><F38/><W125/><G125/><N who="2" m="47625" /><F118/><W74/><G33/><T130/><D130/><U97/><E97/><V18/><F18/><W117/><G17/><T112/><D112/><U65/><E65/><V56/><F56/><W4/><G117/><T54/><D54/><U14/><E3/><V60/><F60/><W107/><G63/><T121/><D121/><U59/><E58/><V27/><F27/><W119/><G119/><T120/><D120/><U19/><E19/><V52/><F55/><W32/><G24/><T84/><D84/><U102/><E102/><V79/><F79/><AGARI ba="0,0" hai="69,70,71,77,78,79,81,83" m="14410,51785" machi="79" ten="40,7700,0" yaku="28,2,20,1" doraHai="110" who="0" fromWho="2" sc="250,77,250,0,250,-77,250,0" /><INIT seed="0,1,0,1,4,115" ten="327,250,173,250" oya="0" hai0="135,121,70,58,80,75,126,51,131,88,45,98,27" hai1="91,133,13,110,65,62,54,32,26,77,97,16,132" hai2="37,52,29,41,71,56,107,92,86,102,36,112,68" hai3="21,10,42,14,85,81,1,7,22,33,35,89,31"/><T19/><D121/><U69/><E110/><V111/><F112/><W15/><G42/><T46/><D70/><U93/><E77/><V120/><F120/><W82/><G82/><T55/><D131/><U60/><E32/><N who="3" m="12362" /><G89/><T64/><D135/><U118/><E118/><V109/><F107/><W130/><G85/><N who="0" m="50215" /><D75/><U40/><E40/><V117/><F29/><W61/><G61/><N who="0" m="37943" /><D126/><U50/><E26/><V67/><F86/><W105/><G81/><T106/><D106/><U128/><E62/><N who="2" m="40055" /><F71/><W48/><G48/><T87/><D87/><U113/><E128/><V6/><F6/><W47/><G47/><N who="0" m="28159" /><D98/><U116/><E113/><V83/><F83/><W2/><G105/><T134/><D134/><U95/><E133/><V103/><F92/><W129/><G129/><T17/><D27/><U108/><E132/><V24/><F24/><N who="3" m="16791" /><G130/><T4/><D4/><U18/><E95/><V84/><F84/><W38/><G38/><N who="2" m="14953" /><F103/><W119/><G119/><T90/><D90/><U79/><E116/><V114/><F102/><W99/><G99/><T3/><D46/><U49/><E91/><V43/><F114/><W59/><G59/><T123/><D123/><U104/><E93/><V127/><F127/><W0/><G14/><T100/><D100/><N who="1" m="62479" /><E13/><V63/><F117/><W66/><G66/><T74/><D74/><U5/><E65/><V34/><F34/><W72/><G72/><T30/><D45/><U11/><E69/><V124/><F124/><W9/><G21/><T39/><D39/><U125/><E125/><V53/><F53/><W25/><G25/><T44/><D44/><RYUUKYOKU ba="1,0" sc="327,-15,250,-15,173,15,250,15" hai2="41,43,52,56,63,109,111" hai3="0,1,2,7,9,10,15" /><INIT seed="1,2,0,4,3,85" ten="312,235,188,265" oya="1" hai0="123,19,62,79,127,70,96,133,109,61,104,118,94" hai1="111,125,10,74,52,47,114,39,42,23,78,11,50" hai2="2,29,75,120,9,71,72,37,20,89,53,77,7" hai3="24,60,35,132,67,128,12,55,68,97,8,17,13"/><U119/><E114/><V113/><F113/><W38/><G132/><T95/><D118/><U56/><E119/><V41/><F120/><W64/><G128/><T49/><D104/><U59/><E125/><V106/><F71/><W112/><G112/><T30/><D70/><U83/><E111/><V99/><F106/><W84/><G38/><T6/><D6/><U16/><REACH who="1" step="1"/><E59/><REACH who="1" ten="312,225,188,265" step="2"/><V103/><F72/><W124/><G124/><T1/><D127/><U130/><E130/><V3/><F75/><W66/><G68/><T0/><D109/><U121/><E121/><V134/><F134/><W122/><G122/><T27/><D133/><U129/><E129/><V58/><F58/><W25/><G66/><T31/><D123/><U135/><E135/><V46/><F46/><W81/><G67/><T21/><D0/><U22/><E22/><V90/><F2/><W36/><G64/><T45/><D1/><U98/><E98/><V126/><F126/><W87/><G97/><T51/><D96/><U92/><E92/><V76/><F99/><W63/><G35/><T69/><D69/><U91/><E91/><V65/><F65/><W107/><G107/><T26/><D95/><U86/><E86/><V18/><F103/><W108/><G87/><T57/><D94/><U34/><E34/><V44/><F53/><W33/><G55/><T110/><D110/><U4/><E4/><V93/><F93/><W54/><G54/><T5/><D5/><U32/><E32/><V102/><F102/><W15/><G108/><T80/><D21/><U100/><E100/><V105/><F105/><RYUUKYOKU ba="2,1" sc="312,-10,225,30,188,-10,265,-10" hai1="10,11,16,23,39,42,47,50,52,56,74,78,83" /><INIT seed="1,3,1,4,3,71" ten="302,255,178,255" oya="1" hai0="108,28,74,134,114,117,35,27,12,33,8,60,109" hai1="126,1,132,110,11,59,87,91,46,72,13,51,135" hai2="116,63,120,104,53,44,113,56,10,82,55,0,14" hai3="29,22,76,127,75,32,16,42,7,100,36,20,121"/><U89/><E72/><V130/><F116/><W54/><G121/><T112/><D74/><U128/><E1/><V47/><F120/><W119/><G119/><T57/><D57/><U67/><E128/><V90/><F104/><W31/><G100/><T103/><D103/><U125/><E110/><N who="0" m="42601" /><D60/><U97/><E97/><V52/><F0/><W88/><G7/><N who="0" m="3103" /><D117/><U66/><E59/><V45/><F130/><W122/><G127/><N who="1" m="48650" /><E66/><V49/><F113/><N who="0" m="43626" /><D134/><N who="1" m="51243" /><E67/><V17/><F55/><W85/><G54/><T111/><N who="0" m="42609" /><T18/><DORA hai="48" /><D18/><N who="1" m="8511" /><E87/><AGARI ba="3,1" hai="10,14,17,44,45,47,49,52,53,56,63,82,87,90" machi="87" ten="40,12000,2" yaku="25,2,8,1,52,2,54,1" doraHai="71,48" who="2" fromWho="1" sc="302,0,255,-129,178,139,255,0" /><INIT seed="2,0,0,4,3,129" ten="302,126,317,255" oya="2" hai0="54,59,103,37,135,1,10,41,3,88,79,108,109" hai1="64,125,69,105,29,106,90,94,124,128,85,134,2" hai2="40,115,86,76,30,61,44,26,81,35,36,80,52" hai3="104,113,11,12,16,4,77,82,57,114,68,74,14"/><V99/><F115/><N who="3" m="44043" /><G68/><T19/><D135/><U55/><E2/><V18/><F99/><W17/><G104/><N who="1" m="40042" /><E29/><V6/><F6/><W62/><G14/><N who="0" m="7639" /><D103/><U38/><E55/><AGARI ba="0,0" hai="4,11,12,16,17,55,57,62,74,77,82" m="44043" machi="55" ten="30,2000,0" yaku="11,1,54,1" doraHai="129" who="3" fromWho="1" sc="302,0,126,-20,317,0,255,20" /><INIT seed="3,0,0,4,5,113" ten="302,106,317,275" oya="3" hai0="5,130,9,51,96,92,94,36,114,88,57,107,104" hai1="30,45,127,37,86,68,13,38,74,19,76,35,106" hai2="101,85,21,56,18,122,126,65,47,129,54,62,27" hai3="40,39,32,118,1,131,58,0,78,64,91,120,103"/><W24/><G120/><T25/><D36/><U99/><E127/><V7/><F126/><W119/><G131/><T28/><D130/><U87/><E87/><V50/><F129/><W14/><G14/><T110/><D114/><U72/><E86/><V81/><F7/><W124/><G124/><T4/><D110/><U112/><E112/><V33/><F101/><W134/><G91/><T121/><D121/><U135/><E135/><V102/><F102/><W29/><G134/><T79/><D79/><U17/><E17/><V105/><F122/><W48/><G78/><T93/><D107/><U83/><E19/><V109/><F109/><W98/><G48/><T115/><D104/><U97/><E13/><V108/><F108/><W10/><G58/><T26/><D115/><U43/><E97/><V46/><F33/><W63/><G10/><T95/><D9/><U61/><E38/><V70/><F105/><N who="3" m="63735" /><G63/><T60/><D51/><U90/><E90/><AGARI ba="0,0" hai="18,21,27,46,47,50,54,56,62,65,70,81,85,90" machi="90" ten="30,1000,0" yaku="7,1" doraHai="113" who="2" fromWho="1" sc="302,0,106,-10,317,10,275,0" owari="302,10.2,96,-40.4,327,42.7,275,-12.5" /></mjloggm>