<mjloggm ver="2.3"><GO type="225" lobby="0"/><UN n0="%4B%2E%32%2E%4B%2E" n1="%E3%81%8B%E3%82%8F%E3%81%A1%E3%82%83%E3%82%93%35%38" n2="%6B%65%6E%6E%64%69" n3="%E3%81%A9%E3%82%8F%E3%82%93%E3%81%94" dan="16,16,16,16" rate="2139.87,2093.64,2159.43,2131.03" sx="M,M,M,M"/><TAIKYOKU oya="0"/><INIT seed="0,0,0,0,3,54" ten="250,250,250,250" oya="0" hai0="107,127,70,109,16,33,56,114,97,2,135,35,1" hai1="73,18,101,58,126,121,89,116,84,69,48,72,27" hai2="39,23,92,104,30,91,24,21,74,120,26,64,62" hai3="41,108,94,81,36,77,134,99,68,131,15,46,133"/><T37/><RYUUKYOKU type="yao9" ba="0,0" sc="250,0,250,0,250,0,250,0" hai0="1,2,16,33,35,37,56,70,97,107,109,114,127,135" /><INIT seed="0,1,0,0,5,35" ten="250,250,250,250" oya="0" hai0="31,26,13,99,107,43,66,118,7,128,117,100,42" hai1="9,8,54,97,71,65,101,72,127,22,34,90,2" hai2="123,133,135,24,104,53,84,134,48,18,119,25,19" hai3="115,93,51,27,32,49,129,14,85,56,105,114,15"/><T122/><D122/><U39/><E34/><V116/><F123/><W120/><G105/><T82/><D128/><U5/><E127/><V28/><F104/><W30/><G120/><T88/><D66/><U121/><E121/><V61/><F61/><W68/><G68/><T83/><D117/><N who="2" m="45130" /><F84/><W73/><G73/><T45/><D118/><U29/><E72/><V58/><F25/><W98/><G129/><T87/><D82/><U47/><E65/><V44/><F58/><W57/><G85/><T36/><D43/><U23/><E71/><V69/><F69/><W92/><G27/><T52/><D52/><U41/><E29/><V108/><F108/><W1/><G30/><T67/><D67/><U125/><E125/><V21/><AGARI ba="1,0" hai="18,19,21,24,28,44,48,53,133,134,135" m="45130" machi="21" ten="40,2700,0" yaku="20,1,12,1" doraHai="35" who="2" fromWho="2" sc="250,-14,250,-8,250,30,250,-8" /><INIT seed="1,0,0,0,5,64" ten="236,242,280,242" oya="1" hai0="74,53,125,105,19,99,132,70,109,115,108,66,77" hai1="82,98,9,4,76,69,126,16,62,3,129,54,18" hai2="128,7,83,45,104,122,55,49,86,84,79,31,78" hai3="57,121,47,93,113,56,11,44,130,10,50,95,124"/><U71/><E126/><V75/><F122/><W123/><G124/><T133/><D125/><U103/><E129/><V58/><F128/><W131/><REACH who="3" step="1"/><G50/><REACH who="3" ten="236,242,280,232" step="2"/><T112/><D112/><AGARI ba="0,1" hai="10,11,44,47,56,57,93,95,112,113,121,123,130,131" machi="112" ten="25,12000,2" yaku="1,1,2,1,22,2,53,2" doraHai="64" doraHaiUra="118" who="3" fromWho="0" sc="236,-120,242,0,280,0,232,130" /><INIT seed="2,0,0,2,2,94" ten="116,242,280,362" oya="2" hai0="88,62,85,38,124,101,73,57,105,100,89,65,126" hai1="55,24,66,131,10,84,50,22,98,45,132,56,107" hai2="102,61,87,76,114,7,95,83,91,40,121,13,6" hai3="21,117,69,15,43,37,46,32,82,120,80,130,42"/><V81/><F114/><W1/><G120/><T133/><D73/><U30/><E132/><V70/><F121/><W4/><G117/><T71/><D133/><U116/><E116/><V128/><F128/><W41/><G69/><T49/><D38/><U54/><E131/><V78/><F40/><W108/><G32/><T112/><D112/><U19/><E84/><V28/><F102/><W16/><G130/><T129/><D129/><U39/><E66/><V34/><F34/><W90/><G108/><T20/><D20/><U33/><E10/><V67/><F28/><W134/><G134/><T96/><D101/><U47/><E39/><V53/><F13/><W51/><G37/><T0/><D0/><U2/><E2/><V14/><F53/><W122/><G122/><T8/><D8/><U11/><E11/><V23/><F14/><W35/><G35/><T74/><D74/><U25/><REACH who="1" step="1"/><E55/><REACH who="1" ten="116,232,280,362" step="2"/><V17/><F6/><W119/><G119/><T58/><D89/><U9/><E9/><V127/><F7/><W79/><G4/><T113/><D113/><U106/><E106/><V44/><F91/><W5/><G5/><T18/><D18/><U64/><E64/><V103/><F67/><W125/><G1/><T123/><D123/><U86/><E86/><V75/><F87/><N who="3" m="48543" /><G125/><N who="0" m="48235" /><D49/><U92/><E92/><AGARI ba="0,1" hai="57,58,62,65,71,85,88,92,96,100,105" m="48235" machi="92" ten="30,3900,0" yaku="18,1,52,1,54,1" doraHai="94" who="0" fromWho="1" sc="116,49,232,-39,280,0,362,0" /><INIT seed="3,0,0,1,5,0" ten="165,193,280,362" oya="3" hai0="21,102,123,7,87,125,6,75,92,77,41,91,62" hai1="70,20,122,115,116,127,88,93,64,32,129,2,67" hai2="9,34,1,13,90,105,36,94,89,57,108,132,12" hai3="4,46,133,134,65,28,40,113,104,109,59,130,103"/><W61/><G113/><T85/><D123/><U119/><E32/><V5/><F105/><W99/><G109/><T33/><D33/><U29/><E115/><V50/><F36/><W24/><G130/><T96/><D75/><U37/><E37/><V35/><F108/><W43/><G4/><N who="0" m="1579" /><D125/><U111/><E111/><V31/><F132/><N who="3" m="50795" /><G46/><T128/><D128/><U53/><E129/><V49/><F90/><W52/><G65/><N who="1" m="25162" /><E70/><V44/><F35/><AGARI ba="0,0" hai="24,28,35,40,43,52,59,61,99,103,104" m="50795" machi="35" ten="30,2900,0" yaku="20,1,54,1" doraHai="0" who="3" fromWho="2" sc="165,0,193,0,280,-29,362,29" owari="165,-33.5,193,-20.7,251,5.1,391,49.1" /></mjloggm>