<mjloggm ver="2.3"><GO type="225" lobby="0"/><UN n0="%E3%81%BF%E3%81%BF%E3%81%9A" n1="%E6%A1%9C%E8%8A%B1%E9%96%83%E3%80%85" n2="%E3%82%B2%E3%82%B9%E8%8C%82%E5%8B%9D" n3="%E6%98%93%E5%88%A9%E8%96%A9%E4%BC%AF" dan="16,16,16,16" rate="2182.66,2043.44,2078.11,2023.07" sx="M,M,F,F"/><TAIKYOKU oya="0"/><INIT seed="0,0,0,3,2,106" ten="250,250,250,250" oya="0" hai0="18,113,66,10,62,83,108,96,64,59,11,92,43" hai1="71,31,4,91,3,117,16,13,127,57,60,8,85" hai2="52,41,34,101,99,5,77,27,122,131,53,116,111" hai3="14,100,19,32,1,125,39,58,36,2,7,54,87"/><T55/><D113/><U102/><E127/><V118/><F122/><W69/><G69/><T35/><D35/><U73/><E117/><N who="2" m="45163" /><F111/><W126/><G32/><T30/><D108/><U120/><E120/><V82/><F131/><W76/><G100/><T81/><D30/><U98/><E71/><V22/><F34/><W94/><G7/><T72/><D43/><U132/><E132/><V93/><F5/><W67/><G67/><N who="0" m="25643" /><D72/><U21/><E31/><N who="2" m="17911" /><F41/><W75/><G75/><AGARI ba="0,0" hai="52,53,75,77,82,93,99,101" m="17911,45163" machi="75" ten="30,3900,0" yaku="12,1,52,1,54,1" doraHai="106" who="2" fromWho="3" sc="250,0,250,0,250,39,250,-39" /><INIT seed="1,0,0,3,0,123" ten="250,250,289,211" oya="1" hai0="49,56,68,1,15,24,105,84,43,74,9,39,44" hai1="61,25,36,125,38,101,51,47,29,3,116,16,23" hai2="5,132,40,20,115,102,28,58,95,113,32,59,63" hai3="92,18,98,122,130,89,70,48,97,57,114,135,50"/><U111/><E116/><V91/><F32/><W64/><G114/><N who="2" m="43529" /><F132/><W11/><G122/><T120/><D74/><U46/><E125/><V124/><F124/><W33/><G33/><T75/><D75/><U37/><E3/><V30/><F40/><W79/><G130/><T35/><D1/><U83/><E101/><V72/><F102/><W45/><G135/><T10/><D105/><U22/><E111/><V133/><F133/><W119/><G119/><T94/><D68/><U65/><E83/><V2/><F72/><W54/><G79/><T80/><D94/><U42/><E47/><V121/><F121/><W26/><G70/><T87/><D120/><U12/><REACH who="1" step="1"/><E36/><REACH who="1" ten="250,240,289,211" step="2"/><V34/><F2/><W62/><G48/><T93/><D39/><U14/><E14/><V66/><F95/><W52/><G26/><T86/><D93/><U129/><E129/><V99/><F63/><W96/><REACH who="3" step="1"/><G54/><REACH who="3" ten="250,240,289,201" step="2"/><T107/><D24/><U6/><E6/><V117/><F5/><W53/><G53/><T55/><D55/><U13/><E13/><AGARI ba="0,2" hai="11,13,18,45,50,52,57,62,64,89,92,96,97,98" machi="13" ten="40,5200,0" yaku="1,1,8,1,54,1,53,0" doraHai="123" doraHaiUra="131" who="3" fromWho="1" sc="250,0,240,-52,289,0,201,72" /><INIT seed="2,0,0,4,5,28" ten="250,188,289,273" oya="2" hai0="10,80,27,45,50,90,58,22,89,93,66,19,48" hai1="102,79,113,131,112,94,39,25,125,128,9,74,38" hai2="12,40,121,2,36,5,32,6,23,110,81,13,56" hai3="31,55,116,95,85,30,8,4,14,65,33,3,63"/><V87/><F121/><W108/><G116/><T130/><D130/><N who="1" m="49707" /><E9/><V78/><F32/><W88/><G108/><T129/><D129/><U99/><E25/><V21/><F110/><W59/><G33/><T103/><D10/><U98/><E39/><V97/><F97/><W123/><G123/><T60/><D80/><N who="1" m="45175" /><E38/><V106/><F106/><W120/><G120/><T54/><D48/><U92/><E125/><V64/><F40/><W82/><G3/><T67/><D66/><U122/><E122/><V62/><F36/><W57/><REACH who="3" step="1"/><G82/><REACH who="3" ten="250,188,289,263" step="2"/><T114/><D114/><U91/><AGARI ba="0,1" hai="91,92,94,98,99,102,112,113" m="45175,49707" machi="91" ten="30,4000,0" yaku="19,1,34,2" doraHai="28" who="1" fromWho="1" sc="250,-10,188,50,289,-20,263,-10" /><INIT seed="3,0,0,0,5,34" ten="240,238,269,253" oya="3" hai0="63,124,88,73,105,89,60,11,71,76,123,66,47" hai1="117,41,122,49,12,31,87,6,58,3,39,62,69" hai2="72,75,23,90,26,24,14,1,13,52,91,70,25" hai3="50,59,82,0,30,19,133,103,36,86,129,54,79"/><W7/><G36/><T108/><D123/><U40/><E122/><V116/><F1/><W118/><G118/><T51/><D105/><U68/><E117/><V37/><F37/><W78/><G133/><T112/><D108/><U67/><E31/><V35/><F116/><W28/><G129/><T32/><D32/><U99/><E12/><V9/><F35/><W126/><G126/><T84/><D124/><U114/><E114/><V77/><F70/><W109/><G109/><T85/><D73/><U8/><E39/><V55/><F23/><W104/><G79/><T100/><D100/><U56/><E99/><V15/><F9/><W10/><REACH who="3" step="1"/><G19/><REACH who="3" ten="240,238,269,243" step="2"/><T22/><D76/><U130/><E130/><V81/><F72/><W27/><G27/><T65/><D112/><U93/><E68/><V101/><F26/><W95/><G95/><T94/><D71/><U127/><E127/><V2/><F25/><W33/><G33/><T96/><D94/><U119/><E119/><V80/><F24/><W45/><G45/><T83/><D47/><U5/><E5/><V121/><F77/><W111/><G111/><T107/><D107/><U16/><E16/><V115/><F115/><W98/><AGARI ba="0,1" hai="0,7,10,28,30,50,54,59,78,82,86,98,103,104" machi="98" ten="30,11700,0" yaku="1,1,0,1,52,1,53,1" doraHai="34" doraHaiUra="102" who="3" fromWho="3" sc="240,-39,238,-39,269,-39,243,127" owari="201,-19.9,199,-30.1,230,3.0,370,47.0" /></mjloggm>