<mjloggm ver="2.3"><GO type="225" lobby="0"/><UN n0="%E3%81%99%E3%81%84%E3%81%BE%E3%81%9B%E3%83%BC%E3%82%93" n1="%E9%A2%A8%E3%81%A7%E9%B3%B4%E3%81%8F" n2="%E3%81%AF%E3%82%88%E3%81%8A%E3%81%98%E3%81%95%E3%82%93" n3="%E5%84%AA%40%41%42%43" dan="17,16,17,18" rate="2235.50,2174.66,2147.30,2202.09" sx="M,M,M,M"/><TAIKYOKU oya="0"/><INIT seed="0,0,0,4,1,99" ten="250,250,250,250" oya="0" hai0="52,93,34,86,4,98,3,18,75,95,96,33,22" hai1="39,67,41,81,102,127,121,115,123,8,11,135,38" hai2="105,20,89,1,60,15,12,48,122,58,107,57,109" hai3="0,129,110,90,114,6,2,87,17,130,97,120,77"/><T92/><D75/><U24/><E81/><V23/><F1/><W53/><G114/><T125/><D125/><U35/><E127/><V82/><F122/><W51/><G120/><T100/><D3/><U64/><E41/><V94/><F109/><W19/><G110/><T26/><D4/><U70/><E24/><V88/><F82/><W124/><G77/><T104/><D98/><U68/><E115/><V46/><F48/><W54/><G97/><T30/><D86/><U13/><E13/><V65/><F60/><W25/><G124/><T21/><REACH who="0" step="1"/><D52/><REACH who="0" ten="240,250,250,250" step="2"/><U59/><E135/><V72/><F72/><W47/><G6/><T84/><D84/><U9/><E123/><V43/><F43/><W131/><G53/><T16/><D16/><N who="3" m="6217" /><G25/><AGARI ba="0,1" hai="18,21,22,25,26,30,33,34,92,93,95,96,100,104" machi="25" ten="40,12000,1" yaku="1,1,52,1,53,2" doraHai="99" doraHaiUra="28" who="0" fromWho="3" sc="240,130,250,0,250,0,250,-120" /><INIT seed="0,1,0,1,0,91" ten="370,250,250,130" oya="0" hai0="83,5,127,19,80,84,46,21,95,116,61,17,112" hai1="48,67,88,94,102,22,66,59,111,101,12,100,135" hai2="123,77,92,70,64,25,57,89,82,85,9,33,99" hai3="0,47,115,15,55,114,97,76,50,90,130,35,20"/><T53/><D112/><U103/><N who="1" m="25600" /><DORA hai="119" /><U124/><E111/><V36/><F123/><W54/><G35/><T6/><D116/><U68/><E68/><V45/><F70/><W81/><G0/><T126/><D19/><N who="1" m="10599" /><E124/><V24/><F33/><W128/><G55/><T110/><D110/><U40/><E135/><V96/><F96/><W1/><G1/><T74/><D74/><U129/><E129/><N who="3" m="49770" /><G15/><T131/><D131/><U58/><E40/><V108/><F108/><W109/><G20/><T75/><D75/><U23/><E23/><V2/><F2/><W98/><G109/><T106/><D106/><U26/><E26/><V107/><F107/><W79/><G79/><T10/><D127/><U3/><E3/><V72/><F9/><W60/><G60/><T32/><D32/><U39/><E39/><V4/><F4/><W41/><G41/><T86/><D10/><U65/><E48/><V78/><F36/><W29/><G29/><T56/><D126/><U120/><E120/><V30/><F30/><W42/><G42/><T133/><D133/><U14/><E14/><V34/><F34/><W11/><G11/><T16/><D5/><U51/><E51/><V73/><F78/><W18/><G18/><T71/><D6/><U69/><E69/><V8/><F8/><W7/><G7/><T117/><D71/><U38/><E38/><V122/><F122/><W31/><G31/><T49/><D17/><U93/><E93/><V44/><F24/><W43/><G43/><T63/><D16/><U132/><E132/><V118/><F118/><W105/><G105/><RYUUKYOKU ba="1,0" sc="370,-10,250,30,250,-10,130,-10" hai1="58,59,65,66,67,88,94" /><INIT seed="1,2,0,5,3,90" ten="360,280,240,120" oya="1" hai0="116,38,131,66,1,13,49,32,20,43,94,99,70" hai1="23,82,26,8,122,102,79,71,0,106,17,121,68" hai2="115,133,59,77,107,89,86,7,96,124,91,61,16" hai3="130,109,52,9,113,36,34,37,128,27,46,45,21"/><U18/><E106/><V104/><F7/><W111/><G34/><T78/><D32/><U54/><E102/><V88/><F124/><W129/><G27/><T55/><D116/><U12/><E0/><V112/><F133/><W25/><G25/><T31/><D1/><U95/><E54/><V62/><F16/><W105/><G21/><T127/><D127/><U60/><E95/><N who="2" m="56423" /><F62/><W74/><G74/><T92/><D92/><U126/><E126/><V81/><F91/><W33/><G9/><T14/><D31/><U132/><E132/><V44/><F44/><N who="3" m="17003" /><G33/><T4/><D20/><U119/><E119/><V120/><F120/><W85/><G85/><T101/><D14/><U75/><REACH who="1" step="1"/><E68/><REACH who="1" ten="360,270,240,120" step="2"/><V10/><F104/><W97/><G105/><T30/><D70/><U73/><E73/><V2/><F107/><W83/><G97/><T84/><D99/><U114/><E114/><V103/><F103/><W87/><G113/><T65/><D101/><U5/><E5/><V47/><F2/><W76/><G52/><T98/><D55/><U50/><E50/><V19/><F112/><W63/><G63/><T118/><D49/><U64/><AGARI ba="2,1" hai="8,12,17,18,23,26,60,64,71,75,79,82,121,122" machi="64" ten="30,3000,0" yaku="1,1,0,1,53,0" doraHai="90" doraHaiUra="24" who="1" fromWho="1" sc="360,-12,270,46,240,-12,120,-12" /><INIT seed="1,3,0,5,3,83" ten="348,316,228,108" oya="1" hai0="79,107,63,101,94,80,12,66,88,62,114,3,82" hai1="74,124,109,1,112,24,90,128,64,127,37,122,91" hai2="21,42,103,98,55,35,116,44,41,49,68,20,32" hai3="115,54,84,78,36,75,71,48,29,104,135,65,39"/><U96/><E37/><V0/><F116/><W8/><G115/><T23/><D3/><U46/><E1/><V43/><F68/><W93/><G104/><T95/><D114/><U81/><E112/><V111/><F0/><W100/><G135/><T2/><D2/><U99/><E64/><V58/><F111/><W119/><G119/><T72/><D82/><U51/><E24/><V47/><F32/><W57/><G29/><T50/><D50/><U76/><E122/><V97/><F35/><W61/><G75/><T131/><D131/><U13/><E13/><V133/><F133/><W110/><G110/><T6/><D95/><U31/><E31/><V33/><F33/><W85/><G8/><T67/><D67/><U22/><E22/><N who="2" m="8811" /><F103/><W105/><G105/><T18/><D6/><U108/><E128/><V120/><F120/><W5/><G5/><T126/><D126/><N who="1" m="48171" /><E109/><V69/><F69/><W16/><G16/><T89/><D66/><U117/><E117/><V77/><F77/><W25/><G25/><T30/><D30/><U4/><E4/><V123/><F123/><W121/><G121/><T60/><D107/><U134/><E134/><V113/><F113/><W132/><G132/><T106/><D106/><U92/><E108/><V73/><F73/><W14/><G14/><T38/><D38/><N who="3" m="14377" /><G78/><T40/><D72/><U34/><E34/><V56/><F44/><N who="3" m="27911" /><G71/><T15/><D15/><U10/><E10/><V59/><AGARI ba="3,0" hai="41,42,43,47,49,55,56,58,59,97,98" m="8811" machi="59" ten="40,1500,0" yaku="8,1" doraHai="83" who="2" fromWho="2" sc="348,-7,316,-10,228,24,108,-7" /><INIT seed="2,0,0,3,1,1" ten="341,306,252,101" oya="2" hai0="68,86,73,115,4,125,92,87,48,19,99,107,77" hai1="22,100,23,34,135,105,33,26,116,59,119,5,62" hai2="121,129,74,103,42,83,80,8,51,60,35,123,82" hai3="108,118,38,6,45,63,37,52,97,133,14,101,93"/><V18/><F35/><W50/><G118/><T47/><D68/><U44/><E105/><V11/><F74/><W20/><G108/><T76/><D107/><U30/><E100/><V104/><F129/><W79/><G133/><T81/><D115/><U46/><E135/><V25/><F60/><W95/><G79/><T90/><D125/><U7/><E59/><V10/><F104/><W110/><G110/><T117/><D117/><U132/><E26/><V126/><F103/><W112/><G112/><T2/><D19/><U49/><E132/><V85/><F126/><W43/><G93/><T91/><D77/><U124/><E49/><V111/><F111/><W88/><G101/><T114/><D114/><U53/><E53/><V54/><F42/><W127/><G127/><T61/><D61/><U9/><E62/><V21/><REACH who="2" step="1"/><F85/><REACH who="2" ten="341,306,242,101" step="2"/><W122/><G122/><T57/><D87/><U31/><E124/><V40/><F40/><W69/><G43/><T102/><D73/><U120/><REACH who="1" step="1"/><E9/><REACH who="1" ten="341,296,242,101" step="2"/><V28/><F28/><W70/><G69/><T131/><D102/><U78/><E78/><V3/><F3/><W56/><G70/><T98/><D2/><U71/><E71/><V106/><F106/><W15/><G38/><T29/><D76/><U128/><E128/><V72/><F72/><W96/><G37/><T55/><D131/><U134/><E134/><V130/><F130/><W113/><G113/><T27/><D29/><U64/><E64/><V58/><AGARI ba="0,2" hai="8,10,11,18,21,25,51,54,58,80,82,83,121,123" machi="58" ten="30,3000,0" yaku="1,1,0,1,53,0" doraHai="1" doraHaiUra="36" who="2" fromWho="2" sc="341,-10,296,-10,242,50,101,-10" /><INIT seed="2,1,0,3,1,23" ten="331,286,292,91" oya="2" hai0="131,96,28,67,37,97,133,52,40,122,13,4,82" hai1="6,0,64,127,15,124,8,77,62,104,29,125,53" hai2="85,16,109,32,75,69,68,19,11,42,24,7,54" hai3="74,70,102,106,10,5,100,22,31,38,71,110,91"/><V33/><F75/><W107/><G22/><T45/><D122/><U73/><E104/><N who="3" m="39978" /><G31/><T101/><D131/><U113/><E113/><V99/><F99/><W86/><G10/><T126/><D126/><U95/><E95/><V39/><F54/><W12/><G5/><T135/><D28/><U17/><E53/><V90/><F109/><W9/><G12/><T94/><D67/><U26/><E77/><V47/><F69/><N who="3" m="26123" /><G9/><T89/><D52/><U105/><E73/><V115/><F115/><W27/><G74/><T111/><D111/><U56/><E105/><V83/><F68/><W92/><G92/><T58/><D58/><U49/><E49/><V51/><F39/><W63/><G86/><T57/><D57/><U55/><E55/><V46/><F47/><W25/><G91/><T121/><D121/><U3/><REACH who="1" step="1"/><E6/><REACH who="1" ten="331,276,292,91" step="2"/><V2/><F33/><AGARI ba="1,1" hai="0,3,8,15,17,26,29,33,56,62,64,124,125,127" machi="33" ten="40,12000,2" yaku="1,1,2,1,18,1,52,1,53,2" doraHai="23" doraHaiUra="34" who="1" fromWho="2" sc="331,0,276,133,292,-123,91,0" /><INIT seed="3,0,0,0,5,109" ten="331,409,169,91" oya="3" hai0="23,87,58,75,132,36,9,105,93,81,73,22,20" hai1="33,134,14,86,99,88,122,79,107,120,64,116,68" hai2="127,12,28,82,115,66,94,130,89,125,71,49,95" hai3="8,31,50,38,100,67,84,47,19,108,126,106,80"/><W78/><G126/><N who="2" m="48137" /><F130/><W123/><G123/><T61/><D105/><U55/><E88/><V37/><F115/><W39/><G108/><T77/><D36/><U3/><E86/><N who="2" m="50391" /><F37/><W10/><G31/><T40/><D40/><U103/><E55/><V51/><F28/><W17/><G67/><T60/><D132/><U42/><E14/><V74/><F74/><W34/><G34/><T44/><D44/><U48/><E33/><V13/><F71/><W41/><G39/><T96/><D9/><N who="3" m="3689" /><G106/><T32/><D32/><U5/><E107/><V72/><F72/><W18/><G38/><T62/><D75/><U35/><E79/><V1/><F1/><W128/><G128/><T121/><D73/><U43/><E64/><V21/><F66/><W54/><G100/><N who="0" m="60431" /><D121/><U101/><E134/><V26/><F26/><W91/><G78/><T104/><D104/><U52/><E68/><V11/><F21/><W27/><G41/><T45/><D45/><U112/><E43/><V16/><F13/><W56/><G47/><T133/><D133/><U70/><E42/><V113/><F113/><W135/><G135/><T118/><D118/><U0/><E116/><V69/><F69/><W76/><G76/><T25/><D25/><AGARI ba="0,0" hai="17,18,19,25,27,50,54,56,80,84,91" m="3689" machi="25" ten="30,1500,0" yaku="8,1" doraHai="109" who="3" fromWho="0" sc="331,-15,409,0,169,0,91,15" /><INIT seed="3,1,0,4,1,93" ten="316,409,169,106" oya="3" hai0="3,23,50,121,44,39,33,114,56,13,58,57,115" hai1="54,102,0,99,108,90,134,42,49,78,60,20,30" hai2="67,74,59,61,89,4,126,71,80,105,133,135,12" hai3="53,28,22,97,95,65,128,88,34,66,16,47,104"/><W122/><G122/><T107/><D121/><U132/><E0/><V116/><F116/><W63/><G128/><T68/><D68/><U46/><E78/><N who="2" m="44119" /><F105/><W125/><G125/><T62/><D33/><U75/><E90/><V48/><F126/><W119/><G119/><T1/><D39/><U15/><E75/><V31/><F31/><W130/><G130/><T109/><D107/><U129/><E108/><V18/><F4/><W76/><G76/><T83/><D62/><U21/><E129/><V10/><F89/><W131/><G131/><T9/><D23/><U94/><E15/><V52/><F48/><N who="3" m="28831" /><G104/><T25/><D25/><U110/><E110/><V111/><F111/><W123/><G34/><T64/><D83/><U73/><E73/><V6/><F6/><W37/><G37/><T36/><D36/><U86/><E30/><V79/><F79/><W127/><G127/><T85/><D109/><U91/><E132/><N who="2" m="50763" /><F52/><W2/><G2/><T101/><D1/><U72/><E134/><V112/><F112/><W45/><G123/><T87/><D3/><U70/><E72/><V98/><F71/><W5/><G28/><T17/><D115/><U117/><E117/><V8/><F8/><W118/><G118/><T81/><D114/><U24/><E70/><V19/><F19/><W106/><G5/><T41/><D17/><U96/><E102/><V103/><F103/><N who="3" m="62831" /><G45/><T77/><D101/><U69/><E60/><V82/><F98/><N who="1" m="37417" /><E69/><V14/><F82/><W7/><G7/><N who="0" m="3263" /><D87/><U27/><E42/><V51/><F51/><W100/><G63/><N who="0" m="37991" /><D81/><U32/><E32/><RYUUKYOKU ba="1,0" sc="316,10,409,10,169,10,106,-30" hai0="41,44,50,57,58,77,85" hai1="20,21,24,27,46,49,54,86,91,94" hai2="10,12,14,18,59,61,67" owari="326,12.6,419,51.9,179,-22.1,76,-42.4" /></mjloggm>