<mjloggm ver="2.3"><GO type="225" lobby="0"/><UN n0="%E5%A4%9C%E5%85%89%E5%A4%A9%E6%A5%BC" n1="%E7%89%B9%E6%9D%B1%E3%81%AF%E4%B8%96%E7%95%8C%E3%82%92%E6%95%91%E3%81%86" n2="%E5%A4%9C%E3%81%AE%E3%82%AC%E3%82%B9%E3%83%91%E3%83%BC%E3%83%AB" n3="%28%EF%BF%A3%E2%96%BD%EF%BF%A3%29%CE%B4%E2%8C%92%E3%83%BB" dan="17,16,16,16" rate="2197.67,2030.69,2201.29,2144.60" sx="M,M,M,M"/><TAIKYOKU oya="0"/><INIT seed="0,0,0,1,2,80" ten="250,250,250,250" oya="0" hai0="71,27,64,96,129,16,47,25,120,94,78,114,50" hai1="107,75,90,35,44,79,19,51,56,100,32,116,66" hai2="59,24,103,3,121,87,117,40,111,38,41,14,67" hai3="105,93,36,62,82,76,23,72,39,68,46,132,113"/><T89/><D114/><U2/><E116/><V49/><F121/><W63/><G105/><T73/><D120/><U92/><E2/><V48/><F3/><W15/><G113/><T119/><D119/><U9/><E107/><V30/><F117/><W126/><G126/><T31/><D129/><U95/><E100/><V91/><F38/><W7/><G132/><T127/><D127/><U130/><E130/><V60/><F111/><W104/><G104/><T102/><D73/><U26/><E79/><V98/><F14/><W85/><G68/><T133/><D78/><U37/><E37/><V108/><F108/><W110/><G110/><T17/><D27/><U97/><E95/><N who="2" m="58847" /><F41/><W81/><G93/><T43/><D133/><U12/><E75/><V124/><F40/><W4/><G39/><T122/><D122/><U58/><E66/><V99/><F99/><W101/><G101/><T69/><D69/><U54/><REACH who="1" step="1"/><E26/><REACH who="1" ten="250,240,250,250" step="2"/><V1/><F1/><W74/><G74/><T70/><D102/><U33/><AGARI ba="0,1" hai="9,12,19,32,33,35,44,51,54,56,58,90,92,97" machi="33" ten="30,4000,0" yaku="1,1,2,1,0,1,53,0" doraHai="80" doraHaiUra="115" who="1" fromWho="1" sc="250,-20,240,50,250,-10,250,-10" /><INIT seed="1,0,0,4,0,33" ten="230,290,240,240" oya="1" hai0="67,40,22,10,2,121,88,19,15,9,80,28,61" hai1="93,64,41,83,63,129,131,95,125,5,134,132,45" hai2="126,34,104,85,105,14,7,26,37,32,97,118,109" hai3="112,16,65,11,119,128,0,101,99,27,17,52,72"/><U75/><E5/><V98/><F118/><W62/><G72/><T120/><D40/><U3/><E3/><V133/><F37/><W81/><G112/><T76/><D28/><U86/><E63/><V60/><F109/><W90/><G119/><T24/><D2/><U50/><E75/><V42/><F42/><W82/><G128/><N who="1" m="49226" /><E64/><V68/><F126/><W135/><G135/><N who="1" m="51754" /><E125/><V6/><F133/><W20/><G0/><T55/><D67/><U74/><E74/><V47/><F60/><W70/><G52/><T25/><D55/><U127/><E127/><V59/><F7/><W51/><G51/><T78/><D61/><U23/><E23/><V12/><F6/><W115/><G115/><T117/><D117/><U71/><E71/><V73/><F73/><W31/><G11/><N who="0" m="4107" /><D121/><U124/><E124/><V96/><F68/><W89/><G31/><T94/><D120/><U18/><E18/><V43/><F34/><W39/><G17/><T116/><D116/><U92/><E92/><V102/><F32/><W54/><G54/><T8/><N who="0" m="4115" /><T13/><DORA hai="106" /><D80/><U56/><E56/><V21/><F59/><W57/><G70/><T49/><D49/><U123/><E123/><V114/><F114/><W1/><G1/><T103/><D22/><U108/><E108/><V100/><F21/><W48/><G48/><T53/><D19/><U30/><E30/><V4/><F4/><W122/><G122/><T38/><D94/><U113/><E113/><V77/><F104/><N who="3" m="63551" /><G39/><T107/><D38/><U66/><E66/><V36/><F105/><W69/><G69/><RYUUKYOKU ba="0,0" sc="230,-15,290,15,240,-15,240,15" hai1="41,45,50,83,86,93,95" hai3="16,20,27,57,62,65,81,82,89,90" /><INIT seed="1,1,0,2,5,113" ten="215,305,225,255" oya="1" hai0="73,75,54,131,31,87,53,32,41,52,60,114,1" hai1="6,14,90,36,135,100,108,115,112,5,110,17,39" hai2="49,50,12,96,10,77,82,27,62,71,116,25,35" hai3="88,28,84,107,22,69,67,106,23,85,43,94,2"/><U61/><E100/><V117/><F96/><W51/><G2/><T129/><D114/><N who="1" m="43563" /><E61/><V56/><F71/><W3/><G3/><T21/><D1/><U15/><E90/><V30/><F27/><W103/><G84/><T121/><D32/><U123/><E123/><V120/><F120/><W128/><G28/><T105/><D105/><U4/><E135/><V19/><F50/><W109/><G103/><T124/><D121/><U118/><E118/><V102/><F49/><W68/><G68/><T9/><D41/><U29/><E29/><V40/><F40/><W18/><G51/><T55/><D87/><U133/><E133/><V66/><REACH who="2" step="1"/><F102/><REACH who="2" ten="215,305,215,255" step="2"/><W86/><G43/><T11/><D60/><U38/><E17/><V104/><F104/><W16/><G69/><T97/><D97/><U99/><E99/><V72/><AGARI ba="1,1" hai="10,12,19,25,30,35,56,62,66,72,77,82,116,117" machi="72" ten="20,8000,1" yaku="1,1,0,1,7,1,52,2,53,0" doraHai="113" doraHaiUra="45" who="2" fromWho="2" sc="215,-21,305,-41,215,93,255,-21" /><INIT seed="2,0,0,4,2,57" ten="194,264,308,234" oya="2" hai0="9,93,30,70,88,48,123,105,73,112,84,76,99" hai1="44,120,96,52,75,50,60,46,132,27,71,31,65" hai2="68,35,42,40,1,114,109,45,32,21,14,107,54" hai3="102,24,61,104,12,115,5,49,74,124,81,91,111"/><V78/><F114/><W92/><G115/><T103/><D123/><U23/><E120/><V20/><F1/><W36/><G36/><T113/><D70/><U66/><E132/><V72/><F107/><W135/><G135/><T28/><D48/><U133/><E133/><V131/><F68/><W4/><G111/><T108/><D108/><U129/><E129/><V10/><F109/><W19/><G24/><T117/><D117/><U85/><E75/><V77/><F54/><W82/><G49/><T89/><D9/><U128/><E128/><V34/><F34/><W26/><G26/><T25/><D89/><U106/><E65/><V2/><F2/><W79/><G82/><T116/><D30/><U119/><E85/><V41/><F41/><W56/><G102/><T43/><D43/><U126/><E126/><V29/><F131/><W53/><G104/><T101/><D101/><U51/><E119/><V94/><F94/><W122/><G122/><T100/><D100/><U80/><E80/><V118/><F118/><W37/><G37/><T95/><D95/><U11/><E11/><V58/><F10/><W98/><REACH who="3" step="1"/><G124/><REACH who="3" ten="194,264,308,224" step="2"/><T38/><D38/><U87/><E50/><V13/><F35/><W33/><G33/><N who="0" m="20623" /><D116/><U59/><E46/><V8/><F32/><W90/><G90/><T62/><D62/><U130/><E130/><V63/><F63/><W39/><G39/><T3/><D3/><U22/><E44/><V97/><F45/><W64/><G64/><T134/><D134/><U83/><E66/><V86/><F77/><W69/><G69/><T7/><D7/><RYUUKYOKU ba="0,1" sc="194,15,264,-15,308,-15,224,15" hai0="73,76,84,88,93,99,103,105,112,113" hai3="4,5,12,19,53,56,61,74,79,81,91,92,98" /><INIT seed="3,1,1,0,5,114" ten="209,249,293,239" oya="3" hai0="36,58,118,128,13,81,50,73,55,30,60,64,46" hai1="134,67,110,43,5,132,94,1,33,12,70,42,27" hai2="82,86,107,76,59,3,52,75,100,39,93,77,31" hai3="54,35,123,90,105,99,95,38,117,22,120,0,53"/><W87/><G35/><T56/><D30/><N who="1" m="19679" /><E1/><V98/><F39/><W115/><G38/><T124/><D73/><U15/><E110/><V104/><F3/><W92/><G0/><T34/><D34/><U51/><E94/><V88/><F76/><W17/><G105/><T85/><D124/><U16/><E5/><V57/><F31/><W32/><G32/><T9/><D36/><U41/><E51/><V97/><F59/><W61/><G115/><T101/><D101/><U10/><E15/><V37/><F37/><W49/><G117/><T11/><D118/><U89/><E89/><V79/><F79/><W84/><G120/><T14/><D128/><U66/><E70/><V119/><F119/><W71/><G123/><T113/><D113/><U62/><E62/><V78/><F78/><W133/><G133/><AGARI ba="1,1" hai="10,12,16,41,42,43,66,67,132,133,134" m="19679" machi="133" ten="30,2000,0" yaku="20,1,54,1" doraHai="114" who="1" fromWho="3" sc="209,0,249,33,293,0,239,-23" /><INIT seed="4,0,0,0,1,12" ten="209,282,293,216" oya="0" hai0="23,76,70,4,9,85,37,135,19,13,35,83,106" hai1="6,97,72,122,87,79,40,107,96,57,82,91,46" hai2="110,84,99,61,58,119,0,118,22,125,55,86,62" hai3="47,129,67,30,81,123,112,102,8,38,116,31,28"/><T51/><D135/><U59/><E122/><V77/><F0/><W126/><G116/><N who="2" m="44585" /><F110/><W34/><G112/><T109/><D109/><U43/><E6/><V93/><F125/><W94/><G129/><T48/><D37/><U90/><E43/><V26/><F62/><W50/><G38/><T45/><D70/><U63/><E107/><V2/><F77/><W18/><G34/><T21/><D35/><U101/><E101/><N who="2" m="60655" /><F2/><W54/><G123/><T60/><D106/><U74/><E74/><V127/><F127/><W71/><G126/><T88/><D60/><U75/><E75/><V17/><AGARI ba="0,0" hai="17,22,26,55,58,61,84,86" m="60655,44585" machi="17" ten="30,2000,0" yaku="12,1,52,1" doraHai="12" who="2" fromWho="2" sc="209,-10,282,-5,293,20,216,-5" owari="199,-30.1,277,7.7,313,41.3,211,-18.9" /></mjloggm>