<mjloggm ver="2.3"><GO type="225" lobby="0"/><UN n0="%73%6C%69%63%6B%33%31%39" n1="%E3%81%9F%E3%81%A3%E3%81%A1%E3%82%87" n2="%E6%80%AA%E3%81%97%E3%81%99%E3%81%8E%E3%82%8B%E3%83%81%E3%83%BC" n3="%E3%83%A9%E3%83%96%E3%83%AC%E3%83%BC" dan="17,16,16,18" rate="2187.20,2063.87,2130.02,2275.31" sx="M,M,M,M"/><TAIKYOKU oya="0"/><INIT seed="0,0,0,2,5,32" ten="250,250,250,250" oya="0" hai0="76,97,47,18,85,13,50,11,24,55,82,56,77" hai1="5,38,100,54,86,135,31,37,58,115,108,25,15" hai2="30,52,69,51,26,73,99,49,87,39,88,62,128" hai3="6,90,78,70,57,4,36,40,45,117,75,17,94"/><T2/><D2/><U126/><E108/><V93/><F73/><W134/><G70/><T20/><D97/><U110/><E110/><V71/><F39/><W121/><G117/><T68/><D68/><U102/><E126/><V123/><F123/><W33/><G33/><T0/><D0/><U74/><E135/><V98/><F128/><W96/><G78/><T27/><D27/><U23/><E74/><V29/><F71/><W64/><G75/><T101/><D101/><U106/><E106/><V107/><F107/><W1/><G1/><T65/><D65/><U19/><E5/><V81/><F98/><W119/><G119/><T130/><D130/><U133/><E133/><V16/><F49/><W67/><G67/><T46/><REACH who="0" step="1"/><D76/><REACH who="0" ten="240,250,250,250" step="2"/><U79/><E115/><V3/><F3/><W125/><G134/><T80/><D80/><N who="1" m="47391" /><E37/><V21/><F69/><W92/><G121/><T35/><D35/><U132/><E38/><V120/><F120/><W109/><G109/><T44/><D44/><U10/><E132/><V131/><F131/><W28/><G64/><T22/><D22/><U66/><E66/><V34/><F34/><W83/><G83/><T7/><AGARI ba="0,1" hai="7,11,13,18,20,24,46,47,50,55,56,77,82,85" machi="7" ten="20,7800,0" yaku="1,1,0,1,7,1,8,1,53,0" doraHai="32" doraHaiUra="95" who="0" fromWho="0" sc="240,88,250,-26,250,-26,250,-26" /><INIT seed="0,1,0,2,3,123" ten="328,224,224,224" oya="0" hai0="132,133,69,65,36,85,71,90,110,38,57,86,5" hai1="83,39,121,61,43,35,6,59,44,107,112,68,37" hai2="3,84,8,100,72,66,58,106,98,128,19,130,101" hai3="40,129,48,118,13,93,104,67,54,89,33,120,64"/><T42/><BYE who="1" /><D5/><U75/><E75/><V105/><F72/><W116/><G104/><T47/><D86/><U45/><E45/><V108/><F108/><W80/><G33/><T95/><D36/><U96/><E96/><N who="2" m="61575" /><F84/><W114/><G114/><T49/><D110/><U27/><E27/><V94/><F106/><W92/><G129/><N who="2" m="49769" /><F19/><W102/><G40/><T82/><D82/><UN n1="%E3%81%9F%E3%81%A3%E3%81%A1%E3%82%87" /><U51/><E107/><V113/><F113/><W87/><G120/><T16/><D16/><U111/><E121/><V91/><F101/><W62/><G118/><T24/><D24/><U127/><E111/><V88/><F91/><W53/><G102/><T55/><REACH who="0" step="1"/><D65/><REACH who="0" ten="318,224,224,224" step="2"/><U81/><E112/><V56/><F66/><W46/><G67/><T15/><D15/><U124/><E127/><V97/><F98/><W25/><G25/><T12/><D12/><U134/><E124/><V73/><F73/><W78/><G64/><T28/><D28/><U11/><E81/><V23/><F23/><W32/><G116/><T74/><D74/><U135/><E83/><V31/><F31/><W20/><G20/><T70/><AGARI ba="1,1" hai="38,42,47,49,55,57,69,70,71,85,90,95,132,133" machi="70" ten="40,3900,0" yaku="1,1,0,1,53,0" doraHai="123" doraHaiUra="79" who="0" fromWho="0" sc="318,52,224,-14,224,-14,224,-14" /><INIT seed="0,2,0,1,0,66" ten="370,210,210,210" oya="0" hai0="123,109,58,71,73,72,42,39,18,67,35,76,46" hai1="64,8,2,105,57,132,108,117,27,56,54,25,5" hai2="16,49,80,50,112,100,113,63,7,124,59,24,82" hai3="29,37,104,94,88,118,89,85,122,107,21,84,6"/><T75/><D123/><U30/><E117/><V62/><F124/><W92/><G37/><T26/><D18/><U97/><E108/><V79/><F7/><W45/><G118/><T15/><D15/><U53/><E132/><V86/><F100/><W61/><G122/><T106/><D58/><U4/><E4/><V36/><F36/><W55/><G6/><T12/><D12/><U102/><E64/><V131/><F131/><W134/><G134/><T68/><D109/><U93/><E105/><V115/><F82/><W95/><G94/><T0/><D0/><U130/><E130/><V77/><F77/><W31/><G61/><N who="0" m="40047" /><D106/><U51/><REACH who="1" step="1"/><E30/><REACH who="1" ten="370,200,210,210" step="2"/><V91/><F112/><W119/><G119/><T33/><D76/><U44/><E44/><V111/><F79/><W90/><G107/><T38/><D71/><U126/><E126/><V34/><F111/><W74/><G45/><N who="0" m="23767" /><D26/><U3/><E3/><V87/><F113/><W110/><G104/><T121/><D121/><U114/><E114/><V23/><F115/><W69/><G69/><T47/><D47/><U127/><E127/><V14/><F24/><W103/><G110/><T116/><D116/><U52/><E52/><V20/><F59/><W11/><G55/><T99/><D99/><U19/><E19/><V60/><F16/><W96/><G96/><T13/><D13/><U133/><E133/><V41/><F14/><W65/><G65/><T101/><D46/><U129/><E129/><V135/><F135/><W70/><G70/><T28/><D28/><U81/><E81/><V48/><F80/><W43/><G31/><RYUUKYOKU ba="2,1" sc="370,-10,200,30,210,-10,210,-10" hai1="2,5,8,25,27,51,53,54,56,57,93,97,102" /><INIT seed="1,3,1,0,5,57" ten="360,230,200,200" oya="1" hai0="86,22,114,37,21,15,50,89,23,124,47,14,131" hai1="69,94,0,104,68,18,58,103,101,81,135,2,32" hai2="102,80,5,113,30,119,126,4,95,24,72,52,16" hai3="51,71,73,132,96,48,91,70,56,35,106,84,121"/><U78/><E32/><V88/><F119/><W130/><G121/><T93/><D114/><U7/><E18/><V55/><F113/><W134/><G73/><T74/><D74/><N who="1" m="43223" /><E94/><V85/><F126/><W33/><G130/><T31/><D131/><U92/><E92/><V99/><F72/><W61/><G35/><T39/><D124/><U79/><E58/><V97/><F97/><W34/><G34/><T26/><D39/><U111/><E103/><V38/><F38/><W12/><G33/><T65/><D37/><U118/><E118/><V83/><F83/><N who="3" m="49567" /><G12/><N who="0" m="4651" /><D65/><U17/><E17/><V11/><F30/><W75/><G75/><T10/><D10/><N who="1" m="2407" /><E2/><V54/><F11/><W59/><G51/><T8/><D8/><U128/><E128/><V29/><F29/><W19/><G48/><T63/><D63/><U87/><E87/><V13/><F13/><W125/><G19/><T25/><D31/><U115/><E115/><V28/><F28/><W120/><G125/><T116/><D116/><U107/><E135/><N who="3" m="51754" /><G120/><T45/><D50/><U62/><E79/><V122/><F122/><W108/><G59/><T98/><D86/><U127/><E127/><V40/><F40/><W36/><G36/><T117/><D117/><U64/><E69/><N who="3" m="26122" /><G56/><T67/><D45/><U77/><E77/><V60/><F60/><W109/><G61/><T123/><D47/><U66/><E66/><V41/><F41/><W110/><G109/><T100/><D67/><U129/><E129/><V46/><F46/><W90/><G90/><T20/><N who="0" m="5120" /><DORA hai="9" /><T53/><D123/><U133/><E133/><RYUUKYOKU ba="3,1" sc="360,-15,230,-15,200,15,200,15" hai2="4,5,16,24,52,54,55,80,85,88,95,99,102" hai3="96,106,108,110" /><INIT seed="2,4,1,0,4,50" ten="345,215,215,215" oya="2" hai0="133,98,70,57,63,114,6,131,96,111,33,16,91" hai1="132,24,49,74,31,120,135,106,66,41,12,53,22" hai2="116,51,126,89,102,117,118,105,47,17,134,34,115" hai3="59,25,87,76,129,9,123,48,39,28,101,52,86"/><V80/><F115/><W2/><G123/><T128/><D114/><U125/><E106/><V79/><F126/><W84/><G39/><T92/><D33/><U35/><E74/><V0/><F134/><N who="1" m="51241" /><E125/><V109/><F109/><W69/><G69/><T127/><D133/><U75/><E75/><V62/><F0/><W42/><G42/><T45/><D127/><U14/><E120/><V40/><F34/><W11/><G129/><N who="0" m="49739" /><D111/><U97/><E97/><V30/><F30/><W112/><G112/><T130/><D130/><U103/><E103/><V64/><F89/><W73/><G101/><T7/><D70/><U21/><E66/><V107/><F17/><W1/><G1/><T85/><D45/><N who="1" m="27823" /><E41/><V83/><F102/><W29/><G73/><T23/><D96/><U68/><E68/><V27/><F107/><W88/><G76/><T110/><D85/><N who="3" m="32873" /><G2/><T54/><D110/><U124/><E124/><V4/><F79/><W37/><G37/><T8/><D8/><N who="3" m="3145" /><G25/><AGARI ba="4,1" hai="6,7,16,23,25,54,57,63,91,92,98" m="49739" machi="25" ten="30,7700,0" yaku="25,1,19,1,52,1,54,1" doraHai="50" who="0" fromWho="3" sc="345,99,215,0,215,0,215,-89" /><INIT seed="3,0,0,1,0,127" ten="444,215,215,126" oya="3" hai0="3,88,21,47,109,113,132,60,117,7,54,95,107" hai1="98,79,78,52,126,41,12,129,130,104,96,74,101" hai2="69,18,93,114,100,1,89,26,71,25,135,53,59" hai3="131,13,63,17,42,81,10,133,27,2,46,35,39"/><W32/><G133/><T99/><D117/><U62/><E126/><V20/><F114/><W5/><G63/><T37/><D132/><U65/><E52/><V91/><F1/><W16/><G131/><N who="1" m="50186" /><E41/><V80/><F135/><W15/><G27/><T22/><D22/><U103/><E74/><V106/><F26/><W102/><G102/><T77/><D37/><U8/><E12/><V40/><F40/><W97/><G97/><T11/><D95/><N who="1" m="58527" /><E8/><V38/><F38/><W64/><G64/><T86/><D7/><U124/><E124/><V111/><F106/><W75/><G15/><T50/><D3/><U134/><E134/><V44/><F44/><W119/><G119/><T90/><D90/><U34/><E34/><V118/><F118/><W115/><G115/><T83/><D60/><U19/><E19/><V105/><F105/><W48/><G48/><T94/><D50/><U51/><E51/><V9/><F9/><N who="3" m="6191" /><G17/><T66/><D113/><U108/><E108/><V36/><F111/><W30/><G30/><T33/><D99/><U85/><E85/><N who="2" m="50343" /><F100/><W70/><G70/><AGARI ba="0,0" hai="62,65,70,78,79,98,103,104" m="58527,50186" machi="70" ten="30,7700,0" yaku="19,1,52,3" doraHai="127" who="1" fromWho="3" sc="444,0,215,77,215,0,126,-77" owari="444,54.4,292,9.2,215,-18.5,49,-45.1" /></mjloggm>