<mjloggm ver="2.3"><GO type="225" lobby="0"/><UN n0="%E3%81%BE%E3%81%A8%E3%81%9F" n1="%E5%AF%82%E5%AF%9E%E3%82%AE%E3%83%8D%E3%82%B9%E3%83%93%E3%83%BC%E3%83%AB" n2="%43%68%65" n3="%E6%A1%9C%E8%8A%B1%E9%96%83%E3%80%85" dan="16,16,16,18" rate="2170.48,2128.98,2158.47,2216.28" sx="M,M,M,M"/><TAIKYOKU oya="0"/><INIT seed="0,0,0,1,2,75" ten="250,250,250,250" oya="0" hai0="72,81,78,123,111,61,53,4,112,15,127,91,126" hai1="8,22,44,66,58,77,48,49,117,92,83,11,5" hai2="79,1,128,114,70,30,97,67,69,3,24,94,41" hai3="124,43,121,74,119,131,54,135,87,88,32,51,36"/><T84/><D123/><U82/><E117/><V0/><F114/><W110/><RYUUKYOKU type="yao9" ba="0,0" sc="250,0,250,0,250,0,250,0" hai3="32,36,43,51,54,74,87,88,110,119,121,124,131,135" /><INIT seed="0,1,0,5,5,13" ten="250,250,250,250" oya="0" hai0="23,20,62,125,52,30,75,117,45,46,116,99,42" hai1="128,16,96,135,109,7,86,54,83,66,27,101,43" hai2="74,61,129,126,71,72,11,78,76,94,120,89,124" hai3="88,114,49,37,80,31,36,79,22,112,67,35,82"/><T24/><D75/><N who="2" m="28714" /><F71/><W106/><G35/><T131/><D131/><U9/><E128/><V122/><F61/><W58/><G106/><T56/><D125/><N who="2" m="48234" /><F11/><W1/><G79/><N who="2" m="30249" /><F129/><W57/><G57/><T38/><D99/><AGARI ba="1,0" hai="89,94,99,120,122" m="30249,48234,28714" machi="99" ten="30,3900,0" yaku="18,1,34,2" doraHai="13" who="2" fromWho="0" sc="250,-42,250,0,250,42,250,0" /><INIT seed="1,0,0,5,0,1" ten="208,250,292,250" oya="1" hai0="5,78,131,35,87,47,9,134,75,22,103,113,135" hai1="115,88,4,18,66,82,25,130,77,96,2,58,72" hai2="61,117,37,45,21,110,111,39,46,100,13,26,122" hai3="73,109,133,15,129,27,32,3,104,132,12,81,124"/><U52/><E115/><V23/><F117/><W36/><RYUUKYOKU type="yao9" ba="0,0" sc="208,0,250,0,292,0,250,0" hai3="3,12,15,27,32,36,73,81,104,109,124,129,132,133" /><INIT seed="1,1,0,5,3,42" ten="208,250,292,250" oya="1" hai0="77,71,54,104,23,26,25,45,13,84,90,67,60" hai1="86,62,114,41,43,16,48,38,79,28,65,36,109" hai2="59,31,9,49,122,97,118,94,119,19,17,32,29" hai3="63,24,131,101,103,91,55,92,8,73,116,123,18"/><U72/><E114/><V75/><F122/><W56/><G123/><T44/><D104/><U10/><E72/><V108/><F75/><W115/><G115/><T64/><D77/><U68/><E28/><V3/><F108/><W80/><G131/><T58/><D67/><U112/><E112/><V21/><F19/><W129/><G129/><T53/><D13/><U87/><E109/><V50/><F32/><W66/><G116/><T102/><D102/><U4/><E16/><V127/><F127/><W76/><G66/><T70/><D70/><U40/><E48/><V96/><F96/><N who="3" m="57375" /><G8/><T130/><D130/><U106/><E106/><V46/><F9/><W82/><G82/><T12/><D12/><U117/><E117/><V27/><F3/><W95/><G95/><N who="0" m="54727" /><D71/><U51/><E51/><V34/><F34/><W30/><G30/><N who="0" m="17727" /><D26/><U61/><E79/><V11/><F11/><W35/><G35/><T22/><D22/><AGARI ba="1,0" hai="18,22,24,55,56,63,73,76,80,101,103" m="57375" machi="22" ten="30,1000,0" yaku="25,1" doraHai="42" who="3" fromWho="0" sc="208,-13,250,0,292,0,250,13" /><INIT seed="2,0,0,3,3,113" ten="195,250,292,263" oya="2" hai0="25,84,24,78,9,128,38,63,125,32,16,88,66" hai1="7,71,110,3,19,70,41,73,134,39,0,68,18" hai2="50,118,77,62,35,122,96,101,52,27,90,127,115" hai3="102,21,108,135,79,85,12,49,95,132,20,107,105"/><V4/><F115/><W72/><G49/><T76/><D125/><U103/><E103/><V15/><F122/><W10/><G108/><T67/><D128/><U53/><E110/><V64/><F127/><W94/><G72/><T98/><D38/><U87/><E87/><V48/><F118/><W46/><G46/><T74/><D98/><U86/><E86/><V75/><F90/><N who="3" m="53583" /><G79/><T111/><D111/><U40/><E53/><V116/><F116/><W69/><G69/><T55/><D74/><U33/><E73/><V81/><F15/><W109/><G21/><T13/><D55/><U43/><E33/><V97/><F4/><N who="3" m="3143" /><G20/><T5/><D5/><U58/><E7/><V130/><F130/><W57/><G57/><T17/><D17/><N who="1" m="6155" /><E58/><V65/><F50/><W123/><G123/><T28/><D25/><U42/><E42/><V30/><F62/><W8/><G8/><T100/><D100/><U121/><E121/><V47/><REACH who="2" step="1"/><F97/><REACH who="2" ten="195,250,282,263" step="2"/><N who="3" m="59711" /><G109/><T120/><D120/><U91/><E91/><V131/><F131/><W37/><G37/><T44/><D44/><U83/><E39/><V99/><F99/><W117/><G117/><T133/><D133/><AGARI ba="0,1" hai="105,107,132,133,135" m="59711,3143,53583" machi="133" ten="30,1000,0" yaku="20,1" doraHai="113" who="3" fromWho="0" sc="195,-10,250,0,282,0,263,20" /><INIT seed="3,0,0,4,5,133" ten="185,250,282,283" oya="3" hai0="8,53,32,103,74,105,67,18,47,92,38,107,6" hai1="7,56,49,30,23,45,71,78,34,86,64,35,135" hai2="121,40,44,102,130,10,96,87,123,5,85,116,97" hai3="48,59,2,132,90,12,62,61,77,124,65,37,76"/><W128/><G2/><T118/><D74/><U120/><E71/><V91/><F116/><W21/><G37/><T0/><D118/><U25/><E120/><N who="2" m="46155" /><F130/><W117/><G124/><T89/><D32/><U110/><E110/><V9/><F9/><W122/><G122/><T75/><D75/><U28/><E135/><V113/><F113/><W108/><G132/><T63/><D103/><U93/><E7/><V69/><F69/><W84/><G117/><T4/><D4/><U81/><E30/><V42/><F42/><W72/><G72/><T134/><D18/><U119/><E119/><V50/><F91/><W99/><G128/><T43/><D53/><U112/><E93/><N who="2" m="58639" /><F97/><W46/><G62/><T101/><D101/><U17/><E28/><V11/><F11/><W52/><G99/><T31/><D31/><U98/><E98/><V83/><F83/><N who="3" m="49439" /><G108/><T70/><D134/><U79/><E79/><V13/><AGARI ba="0,0" hai="5,10,13,40,44,50,85,87" m="58639,46155" machi="13" ten="30,1100,0" yaku="13,1" doraHai="133" who="2" fromWho="2" sc="185,-3,250,-3,282,11,283,-5" /><INIT seed="4,0,0,0,3,44" ten="182,247,293,278" oya="0" hai0="30,132,92,19,59,23,71,18,63,97,134,85,40" hai1="94,93,77,88,106,122,84,67,10,73,25,7,29" hai2="61,91,14,86,17,101,120,39,60,118,12,26,113" hai3="1,31,45,24,69,8,102,37,76,121,20,42,38"/><T55/><D71/><U133/><E122/><V80/><F120/><W33/><G121/><T75/><D75/><U47/><E106/><V4/><F39/><W90/><G69/><T82/><D40/><U125/><E125/><V32/><F113/><W53/><G102/><T111/><D111/><U49/><E67/><V127/><F127/><W54/><G38/><T126/><D126/><U78/><E94/><V104/><F118/><W5/><G90/><T89/><D30/><U135/><E73/><V62/><F32/><W9/><G76/><T108/><D108/><U124/><E124/><V0/><F0/><W66/><G66/><T130/><D130/><U51/><E78/><V123/><F123/><W131/><G131/><T96/><D96/><U117/><E77/><V57/><F101/><W70/><G70/><T116/><D116/><U112/><E112/><V56/><F104/><W109/><G109/><T48/><D63/><U79/><E79/><V128/><F128/><W119/><G119/><T35/><D35/><N who="1" m="20911" /><E47/><V129/><F129/><W105/><G105/><T36/><D36/><U87/><E87/><V43/><F43/><W115/><G115/><T98/><D18/><U16/><E16/><V65/><F4/><N who="3" m="1039" /><G33/><T58/><D58/><N who="2" m="22634" /><F65/><W99/><G99/><T6/><D6/><U22/><E117/><V11/><F11/><W21/><G21/><AGARI ba="0,0" hai="12,14,17,21,26,60,61,62,80,86,91" m="22634" machi="21" ten="30,1000,0" yaku="8,1" doraHai="44" who="2" fromWho="3" sc="182,0,247,0,293,10,278,-10" owari="182,-31.8,247,-15.3,303,40.3,268,6.8" /></mjloggm>