<mjloggm ver="2.3"><GO type="225" lobby="0"/><UN n0="%6D%75%75%73%61%6E%6D%75" n1="%E5%BA%97%E9%95%B7%4D" n2="%6B%69%72%61%64%6F%6B%69" n3="%74%61%6B%75%61%6B%61" dan="16,16,16,16" rate="2108.28,2128.57,2121.14,2092.37" sx="F,M,M,M"/><TAIKYOKU oya="0"/><INIT seed="0,0,0,2,4,98" ten="250,250,250,250" oya="0" hai0="12,84,122,105,32,28,6,14,49,125,72,90,23" hai1="123,4,112,111,19,17,21,43,115,101,86,7,96" hai2="31,113,80,61,1,20,121,91,39,11,13,119,103" hai3="132,133,22,63,120,87,117,60,2,69,107,75,0"/><T46/><D122/><U104/><E123/><V82/><F121/><W29/><G120/><RYUUKYOKU type="kaze4" ba="0,0" sc="250,0,250,0,250,0,250,0" /><INIT seed="0,1,0,4,0,36" ten="250,250,250,250" oya="0" hai0="15,13,68,84,98,127,117,51,111,52,26,37,130" hai1="22,57,72,69,124,131,79,88,18,31,54,101,87" hai2="42,25,21,60,3,53,95,64,92,133,11,27,10" hai3="12,134,35,105,107,7,19,97,2,110,67,99,38"/><T125/><D117/><U45/><E69/><V112/><F112/><W89/><G35/><T44/><D130/><U119/><E119/><V104/><F104/><W116/><G116/><T56/><D68/><U100/><E131/><V63/><F133/><W114/><G114/><T17/><D111/><U20/><E124/><N who="0" m="47689" /><D98/><U23/><E79/><V43/><F53/><W73/><G73/><T77/><D26/><N who="2" m="9738" /><F3/><W81/><G99/><T94/><D17/><U126/><E72/><V91/><F21/><N who="1" m="8297" /><E31/><V122/><F122/><W48/><G110/><T0/><D0/><U82/><E45/><V83/><F83/><W113/><G2/><T16/><D16/><U93/><E82/><V118/><F118/><W34/><G19/><T80/><D94/><N who="2" m="35882" /><F91/><W90/><G90/><T40/><AGARI ba="1,0" hai="13,15,37,40,44,51,52,56,77,80,84" m="47689" machi="40" ten="30,6000,0" yaku="18,1,52,1,54,1" doraHai="36" who="0" fromWho="0" sc="250,63,250,-21,250,-21,250,-21" /><INIT seed="0,2,0,4,1,66" ten="313,229,229,229" oya="0" hai0="26,39,57,102,51,100,71,62,90,110,27,9,10" hai1="14,25,63,132,99,31,15,73,107,77,50,93,87" hai2="42,89,17,134,109,94,33,36,46,111,130,21,127" hai3="3,23,24,59,135,44,98,114,97,34,8,30,123"/><T53/><D39/><U104/><E132/><V22/><F33/><W54/><G114/><T78/><D110/><N who="2" m="41994" /><F134/><W96/><G135/><T80/><D90/><U106/><E73/><V88/><F127/><W2/><G123/><T124/><D124/><U74/><E74/><V37/><F130/><W128/><G128/><T122/><D122/><U7/><E7/><V112/><F112/><W18/><G44/><T58/><D71/><U1/><E1/><V70/><F70/><W91/><G91/><N who="2" m="34889" /><F94/><W101/><G101/><T86/><D100/><U119/><E119/><V4/><F4/><W121/><G121/><T29/><D102/><U79/><E50/><N who="2" m="26967" /><F22/><W95/><G95/><T81/><D80/><U108/><E108/><V55/><F55/><W92/><G92/><T60/><D51/><U19/><E99/><V38/><F38/><W116/><G116/><T72/><D72/><U76/><E93/><V56/><F56/><W82/><G82/><T20/><REACH who="0" step="1"/><D27/><AGARI ba="2,0" hai="17,21,27,36,37" m="26967,34889,41994" machi="27" ten="30,2000,0" yaku="14,1,54,1" doraHai="66" who="2" fromWho="0" sc="313,-26,229,0,229,26,229,0" /><INIT seed="1,0,0,2,2,75" ten="287,229,255,229" oya="1" hai0="30,71,35,84,77,133,125,6,21,61,17,110,13" hai1="3,104,127,22,36,103,117,119,47,76,132,27,55" hai2="97,134,52,12,111,70,124,5,24,115,0,91,95" hai3="45,86,54,107,33,11,8,93,81,99,114,66,128"/><U58/><E3/><V40/><F70/><W98/><G114/><T129/><D110/><U74/><E127/><V69/><F111/><W4/><G33/><T1/><D125/><U90/><E132/><V79/><F124/><W46/><G128/><T109/><D129/><U26/><E26/><V16/><F69/><W64/><G107/><T108/><D133/><U80/><E90/><V57/><F134/><W72/><G72/><T50/><D50/><U23/><E23/><N who="2" m="13415" /><F0/><W31/><G31/><T88/><D77/><U34/><E34/><V19/><F115/><W37/><G99/><T96/><D96/><U135/><E103/><V67/><F40/><W49/><G45/><T42/><D42/><U62/><E104/><V51/><F67/><W78/><G37/><T83/><D30/><U9/><E9/><N who="2" m="6543" /><F79/><W94/><G94/><T101/><D35/><U112/><E112/><V2/><F2/><W118/><G118/><T44/><D101/><U131/><E131/><V92/><F92/><W87/><G11/><T18/><D1/><U116/><E135/><V38/><F38/><W89/><REACH who="3" step="1"/><G98/><REACH who="3" ten="287,229,255,219" step="2"/><T105/><D105/><U100/><E100/><V120/><F120/><W29/><G29/><T85/><D108/><U7/><E7/><AGARI ba="0,1" hai="5,7,51,52,57,91,95,97" m="6543,13415" machi="7" ten="30,3900,0" yaku="8,1,54,2" doraHai="75" who="2" fromWho="1" sc="287,0,229,-39,255,49,219,0" /><INIT seed="2,0,0,4,4,39" ten="287,190,304,219" oya="2" hai0="45,9,53,47,29,74,17,22,26,78,84,54,125" hai1="70,82,86,5,135,8,112,107,95,67,38,83,56" hai2="46,7,130,71,104,24,0,110,41,30,15,134,27" hai3="3,85,42,64,2,73,75,57,117,113,116,119,132"/><V72/><F72/><W99/><G132/><T36/><D74/><U109/><E107/><V87/><F134/><W11/><G113/><T77/><D125/><U114/><E38/><V96/><F71/><W37/><G99/><T21/><D9/><U131/><E135/><V62/><F0/><W40/><G85/><T68/><D68/><U79/><E70/><V1/><F1/><W88/><G88/><T91/><D54/><U128/><E95/><V94/><F62/><W44/><G40/><T34/><D34/><U102/><E102/><V31/><F104/><W90/><G90/><T10/><D10/><U101/><E101/><N who="2" m="60567" /><F130/><N who="1" m="49705" /><E109/><V100/><F87/><W127/><G2/><T80/><D36/><U133/><E133/><V92/><F110/><W50/><G127/><T25/><REACH who="0" step="1"/><D53/><REACH who="0" ten="277,190,304,219" step="2"/><U48/><E48/><N who="2" m="26703" /><F30/><W51/><G37/><T52/><D52/><U108/><E108/><V115/><F31/><W4/><REACH who="3" step="1"/><G50/><REACH who="3" ten="277,190,304,209" step="2"/><T55/><D55/><U6/><E114/><V89/><F115/><W118/><N who="3" m="29696" /><DORA hai="129" /><W49/><G49/><T76/><AGARI ba="0,2" hai="17,21,22,25,26,29,45,47,76,77,78,80,84,91" machi="76" ten="30,8000,1" yaku="1,1,0,1,8,1,53,2" doraHai="39,129" doraHaiUra="126,43" who="0" fromWho="0" sc="277,100,190,-20,304,-40,209,-20" /><INIT seed="3,0,0,0,3,124" ten="377,170,264,189" oya="3" hai0="104,24,102,18,2,70,62,78,113,55,80,29,57" hai1="133,94,49,21,46,87,97,33,44,3,117,131,71" hai2="16,115,112,126,121,5,93,19,74,25,38,72,1" hai3="11,65,118,48,28,82,10,56,53,42,68,63,92"/><W101/><G118/><T110/><D2/><U66/><E33/><V84/><F38/><W35/><G82/><T90/><D70/><U76/><E3/><V89/><F126/><W60/><G35/><T125/><D125/><U13/><E117/><V58/><F121/><W52/><G28/><T107/><D90/><U129/><E71/><V119/><F119/><W14/><G42/><T91/><D91/><U88/><E66/><V69/><F69/><W4/><G10/><T30/><D18/><N who="1" m="10447" /><E49/><V128/><F128/><N who="1" m="49225" /><E133/><V122/><F122/><W26/><G26/><T36/><D24/><U111/><E111/><V15/><F25/><W41/><G41/><T79/><D36/><U134/><E134/><V37/><F37/><W39/><G39/><T95/><D110/><U64/><E64/><V47/><F112/><W0/><G0/><T20/><D113/><U43/><E43/><V120/><F1/><W51/><REACH who="3" step="1"/><G53/><REACH who="3" ten="377,170,264,179" step="2"/><T32/><D55/><U105/><E105/><V6/><F115/><W75/><G75/><T73/><D73/><U83/><AGARI ba="0,1" hai="44,46,76,83,87,88,94,97" m="49225,10447" machi="83" ten="30,8000,1" yaku="19,1,52,3,54,1" doraHai="124" who="1" fromWho="1" sc="377,-20,170,90,264,-20,179,-40" owari="357,45.7,260,6.0,244,-15.6,139,-36.1" /></mjloggm>