<mjloggm ver="2.3"><GO type="225" lobby="0"/><UN n0="%E3%82%BC%E3%83%AB%E3%83%80%E3%81%AE%E4%BC%9D%E8%AA%AC" n1="%4B%2E%32%2E%4B%2E" n2="%72%69%6F%75%63%68%61%6E" n3="%E3%81%B5%E3%81%98%E3%81%8B%E3%81%A4" dan="17,16,16,17" rate="2241.92,2116.33,2216.41,2170.18" sx="M,M,M,M"/><TAIKYOKU oya="0"/><INIT seed="0,0,0,0,0,13" ten="250,250,250,250" oya="0" hai0="11,74,60,24,102,104,94,50,121,119,62,65,133" hai1="118,86,123,116,40,111,10,76,45,110,105,23,68" hai2="108,84,12,1,57,14,44,107,61,58,49,38,28" hai3="71,95,72,89,19,90,22,103,4,120,77,46,125"/><T98/><D119/><N who="1" m="45611" /><E105/><V17/><F108/><N who="1" m="41513" /><E76/><V79/><F1/><W93/><G71/><T26/><D121/><U32/><E86/><V43/><F107/><W134/><G120/><T112/><D112/><U73/><E73/><V2/><F2/><W25/><G134/><T114/><D114/><U41/><E23/><V53/><F28/><W34/><G125/><T27/><D133/><U52/><E10/><V132/><F132/><W85/><G4/><T16/><D74/><U6/><E6/><V99/><F99/><W109/><G109/><T47/><D104/><U56/><E32/><V36/><F12/><W33/><G103/><T39/><D39/><N who="1" m="21663" /><E68/><V51/><F79/><W115/><G115/><T131/><D11/><U20/><E20/><V100/><F100/><W66/><G77/><T124/><D27/><U48/><E41/><V82/><F82/><W9/><G72/><T97/><D26/><U15/><E15/><V30/><F84/><N who="3" m="52391" /><G34/><T122/><D97/><U8/><E8/><V129/><F30/><W3/><G33/><T113/><D113/><U0/><E0/><V91/><F91/><W80/><G3/><T35/><D35/><U55/><E55/><N who="2" m="33983" /><F14/><W87/><G9/><T31/><D31/><U63/><E123/><V5/><F5/><W128/><G80/><T130/><D122/><U42/><E42/><V70/><F70/><W101/><G87/><T96/><D96/><U126/><E126/><V59/><F17/><W135/><G101/><T18/><D124/><U83/><E83/><V106/><F106/><W81/><G135/><T117/><D117/><RYUUKYOKU ba="0,0" sc="250,-10,250,30,250,-10,250,-10" hai1="48,52,56,63" /><INIT seed="1,1,0,3,0,83" ten="240,280,240,240" oya="1" hai0="125,21,84,122,38,106,2,115,57,114,78,12,20" hai1="39,49,110,112,72,34,42,24,50,73,131,97,27" hai2="58,8,17,45,123,22,5,52,119,26,118,87,33" hai3="41,92,29,126,120,9,113,40,108,134,16,71,67"/><U111/><E112/><V25/><F123/><W36/><G113/><T14/><D38/><U109/><E131/><V66/><F66/><W4/><G120/><T51/><D106/><U56/><E97/><V85/><F45/><W37/><G29/><T90/><D122/><U81/><E34/><V105/><F105/><W23/><G126/><T130/><D2/><U62/><E39/><V60/><F119/><W30/><G134/><T64/><D130/><U129/><E129/><V104/><F104/><W28/><G92/><T35/><D35/><U75/><E81/><V65/><F118/><W102/><G102/><T107/><D107/><U89/><E89/><V13/><REACH who="2" step="1"/><F65/><REACH who="2" ten="240,280,230,240" step="2"/><W3/><G67/><T132/><D64/><N who="1" m="38983" /><E42/><V91/><F91/><W101/><G71/><T1/><D90/><U88/><E88/><V7/><F7/><W44/><G101/><T0/><D115/><U100/><E100/><V46/><F46/><W128/><G128/><T116/><D114/><U79/><E79/><V99/><F99/><W19/><G41/><T82/><D116/><U11/><E111/><V70/><F70/><W10/><G108/><T117/><D117/><U74/><E110/><V76/><F76/><W121/><G121/><T69/><D69/><U133/><E109/><V18/><F18/><W63/><G37/><T15/><D132/><U32/><E133/><V80/><F80/><W59/><G19/><T96/><D96/><U48/><E75/><V53/><F53/><N who="3" m="34287" /><G10/><T124/><D124/><U95/><E11/><V54/><F54/><W127/><G127/><T61/><D125/><RYUUKYOKU ba="1,1" sc="240,-15,280,-15,230,15,240,15" hai2="5,8,13,17,22,25,26,33,52,58,60,85,87" hai3="3,4,9,16,23,28,30,36,40,44" /><INIT seed="2,2,1,1,5,0" ten="225,265,245,255" oya="2" hai0="113,12,26,74,46,51,89,20,41,7,105,106,118" hai1="66,72,128,122,81,71,49,5,30,56,129,111,85" hai2="36,2,97,77,99,76,82,22,48,125,6,43,92" hai3="54,59,55,103,95,18,78,27,13,133,52,126,123"/><V23/><F125/><W73/><G123/><T35/><D113/><U38/><E38/><V14/><F36/><W132/><G126/><T109/><D74/><U45/><E71/><V63/><F2/><W120/><G120/><T70/><D70/><U115/><E122/><V10/><F63/><W33/><G78/><N who="2" m="30313" /><F82/><W15/><G73/><T67/><D67/><U84/><E72/><V32/><F32/><W93/><G59/><T47/><D109/><U134/><E115/><V124/><F124/><W1/><G1/><T57/><D57/><U86/><E81/><V90/><F99/><N who="3" m="59887" /><G95/><T44/><D118/><U58/><E134/><N who="3" m="51818" /><G33/><T98/><D35/><U53/><E111/><V24/><F24/><W3/><G3/><T108/><D108/><U80/><E80/><V88/><F90/><W28/><G28/><T64/><D106/><U21/><E66/><V69/><F69/><W50/><G50/><T11/><D64/><U79/><E79/><V65/><F65/><W127/><G127/><T112/><D112/><U62/><E62/><V91/><F91/><W87/><G87/><T130/><D105/><U107/><E107/><V16/><F16/><W101/><G101/><T9/><D89/><U17/><E30/><V83/><F83/><W119/><G119/><T121/><D98/><U94/><E86/><V61/><F61/><W34/><G34/><T8/><D121/><U42/><E85/><V110/><F110/><W31/><G31/><N who="0" m="17863" /><D130/><U117/><E129/><V37/><F37/><W19/><G27/><T131/><D131/><U39/><E128/><V135/><F135/><RYUUKYOKU ba="2,1" sc="225,10,265,-30,245,10,255,10" hai0="7,8,9,11,12,41,44,46,47,51" hai2="6,10,14,22,23,43,48,88,92,97" hai3="13,15,18,19,52,54,55" /><INIT seed="2,3,1,1,5,126" ten="235,235,255,265" oya="2" hai0="134,82,127,77,104,107,9,25,122,129,2,93,21" hai1="68,120,4,92,50,90,125,66,24,54,99,5,83" hai2="52,133,103,84,12,121,56,26,78,130,85,63,124" hai3="113,42,40,81,44,118,38,74,18,67,30,27,65"/><V28/><F130/><W102/><G118/><T51/><D122/><U73/><E120/><V112/><F112/><W32/><G113/><T128/><D127/><U7/><E125/><V46/><F124/><W123/><G123/><T69/><D69/><U34/><E68/><V37/><F121/><W88/><G102/><T59/><D93/><U111/><E66/><V62/><F133/><W55/><G42/><T48/><D134/><U49/><E111/><V108/><F108/><W132/><G132/><T41/><D2/><U110/><E110/><V79/><F103/><W20/><G55/><T33/><D33/><U109/><E109/><V98/><F98/><W116/><G116/><T131/><D9/><U64/><E64/><V47/><F12/><W14/><REACH who="3" step="1"/><G88/><REACH who="3" ten="235,235,255,255" step="2"/><T117/><D117/><U114/><E114/><V71/><F37/><W135/><G135/><T53/><D41/><U1/><E54/><V86/><F46/><W45/><G45/><T105/><D48/><U11/><E50/><V10/><F47/><W94/><G94/><T97/><D97/><U17/><E49/><V95/><F95/><W101/><G101/><T70/><D105/><U35/><E99/><V115/><F115/><W58/><G58/><T19/><D70/><U72/><E92/><V96/><F96/><W119/><G119/><T6/><D6/><U15/><E5/><V0/><F71/><W43/><G43/><T8/><D8/><U61/><E7/><N who="2" m="1383" /><F62/><W76/><AGARI ba="3,2" hai="14,18,20,27,30,32,38,40,44,65,67,74,76,81" machi="76" ten="30,4000,0" yaku="1,1,0,1,53,1" doraHai="126" doraHaiUra="29" who="3" fromWho="3" sc="235,-13,235,-13,255,-23,255,69" /><INIT seed="3,0,0,5,4,49" ten="222,222,232,324" oya="3" hai0="111,119,101,35,118,43,125,71,45,123,103,23,82" hai1="51,7,134,31,135,112,27,133,96,53,0,94,129" hai2="44,106,59,19,104,9,61,1,20,62,24,46,28" hai3="66,92,22,80,30,14,10,29,109,131,90,91,64"/><W38/><G38/><T56/><D35/><U83/><E129/><V33/><F62/><W84/><G131/><T37/><D123/><U73/><E112/><V120/><F120/><W39/><G39/><T124/><D71/><U17/><E17/><V21/><F106/><W108/><G22/><T75/><D111/><N who="3" m="42569" /><G30/><T87/><D56/><N who="1" m="32831" /><E7/><N who="2" m="1263" /><F104/><W68/><G29/><T86/><D23/><N who="1" m="15871" /><E0/><V115/><F21/><W69/><G69/><T57/><D57/><U100/><E83/><V95/><F95/><W110/><G110/><T117/><D75/><AGARI ba="0,0" hai="73,75,94,96,100,133,134,135" m="15871,32831" machi="75" ten="30,2000,0" yaku="20,1,52,1" doraHai="49" who="1" fromWho="0" sc="222,-20,222,20,232,0,324,0" owari="202,-29.8,242,4.2,232,-16.8,324,42.4" /></mjloggm>