<mjloggm ver="2.3"><GO type="225" lobby="0"/><UN n0="%E6%B4%BE%E9%81%A3%E3%81%AE%E3%82%B8%E3%83%A3%E3%83%83%E3%82%AF" n1="%72%69%6F%75%63%68%61%6E" n2="%E3%83%89%E3%83%A9%E3%81%8F%E3%82%8C" n3="%E3%82%BC%E3%83%AB%E3%83%80%E3%81%AE%E4%BC%9D%E8%AA%AC" dan="17,17,17,18" rate="2228.37,2248.82,2214.87,2246.28" sx="M,M,M,M"/><TAIKYOKU oya="0"/><INIT seed="0,0,0,4,3,69" ten="250,250,250,250" oya="0" hai0="94,9,87,96,37,18,46,35,106,53,27,57,90" hai1="58,62,44,135,3,60,51,24,82,134,72,110,66" hai2="83,99,76,67,32,41,86,102,39,17,100,130,108" hai3="115,98,127,120,68,31,133,118,114,11,95,64,125"/><T79/><D35/><U73/><E3/><V16/><F108/><W122/><G31/><T0/><D0/><U113/><E110/><V131/><F32/><W77/><G11/><T7/><D7/><U42/><E113/><N who="3" m="43018" /><G64/><T92/><D106/><U128/><E128/><N who="2" m="49195" /><F67/><W14/><G14/><T20/><D9/><U2/><E2/><V10/><F10/><W30/><G30/><T15/><D79/><U123/><E123/><N who="3" m="47146" /><G68/><T19/><D19/><N who="2" m="7242" /><F99/><W97/><G118/><T4/><D4/><U101/><E101/><V29/><F29/><W103/><G133/><N who="1" m="50698" /><E24/><V36/><F41/><W34/><G34/><T126/><D126/><N who="3" m="48137" /><G98/><T55/><D27/><U124/><E124/><V12/><F12/><W13/><G13/><T23/><D23/><U88/><E62/><V50/><F50/><W52/><G52/><T28/><D28/><U81/><E66/><V129/><N who="2" m="49203" /><V26/><DORA hai="33" /><F26/><W105/><G77/><T85/><D55/><U21/><E60/><V84/><F84/><W45/><G45/><T119/><D119/><U48/><E48/><V47/><F47/><W93/><AGARI ba="0,0" hai="93,95,97,103,105" m="48137,47146,43018" machi="93" ten="40,8000,1" yaku="13,1,18,1,34,2" doraHai="69,33" who="3" fromWho="3" sc="250,-40,250,-20,250,-20,250,80" /><INIT seed="1,0,0,4,1,66" ten="210,230,230,330" oya="1" hai0="22,53,69,132,114,95,118,113,17,111,89,79,34" hai1="48,6,52,31,101,8,80,105,54,125,73,18,117" hai2="57,63,70,50,131,85,86,20,102,65,3,106,94" hai3="13,62,30,32,46,92,60,35,88,37,119,24,45"/><U7/><E117/><V26/><F131/><W122/><G122/><T133/><D34/><U84/><E125/><V42/><F3/><W93/><G119/><T115/><D118/><U123/><E123/><V61/><F106/><W83/><G83/><T104/><D104/><U130/><E73/><V134/><F134/><N who="0" m="51818" /><D79/><U74/><E74/><V21/><F21/><W100/><G32/><T10/><D10/><U43/><E130/><V127/><F127/><W78/><G78/><T135/><N who="0" m="51826" /><T72/><DORA hai="71" /><D72/><U44/><E31/><V81/><F81/><W64/><G13/><N who="0" m="9519" /><D53/><N who="1" m="20587" /><E101/><V28/><F102/><W11/><G11/><T116/><D116/><U5/><E105/><V110/><F110/><W39/><G100/><T36/><D111/><U27/><E27/><V68/><F94/><W56/><G93/><T2/><D2/><U0/><E0/><V108/><F108/><W103/><G103/><T91/><D69/><U55/><N who="1" m="20595" /><U29/><DORA hai="67" /><E29/><V51/><F70/><W87/><REACH who="3" step="1"/><G62/><REACH who="3" ten="210,230,230,320" step="2"/><T126/><D126/><U109/><E109/><V33/><F33/><W23/><G23/><T12/><D12/><N who="1" m="7431" /><E5/><V75/><F20/><W14/><G14/><T25/><D25/><U15/><E15/><V97/><F26/><W96/><G96/><N who="0" m="57455" /><D91/><AGARI ba="0,1" hai="6,7,43,44,48,80,84,91" m="7431,20595" machi="91" ten="30,2900,0" yaku="8,1,54,1" doraHai="66,71,67" who="1" fromWho="0" sc="210,-29,230,39,230,0,320,0" /><INIT seed="1,1,0,3,0,71" ten="181,269,230,320" oya="1" hai0="66,21,50,51,54,79,15,91,10,58,18,109,19" hai1="12,38,125,45,90,30,124,11,39,49,43,76,61" hai2="72,3,73,52,70,32,97,22,17,62,68,84,94" hai3="122,48,118,95,110,35,96,55,107,57,42,0,36"/><U47/><E76/><V88/><F32/><W9/><G122/><T75/><D109/><U1/><E1/><V33/><F33/><W4/><G35/><T120/><D120/><U60/><E30/><V53/><F3/><W5/><G110/><T69/><D69/><U114/><E114/><V112/><F112/><W123/><G123/><T23/><D66/><U135/><E135/><V83/><F73/><W40/><G118/><T129/><D129/><U119/><E119/><V28/><F28/><W127/><G127/><N who="1" m="48714" /><E90/><V27/><F72/><W103/><G36/><N who="1" m="13866" /><E45/><V132/><F132/><W78/><G78/><T64/><D64/><U41/><E43/><V2/><F2/><W99/><G5/><AGARI ba="1,0" hai="5,11,12,41,47,49,60,61" m="13866,48714" machi="5" ten="30,11600,0" yaku="18,1,52,3" doraHai="71" who="1" fromWho="3" sc="181,0,269,119,230,0,320,-119" /><INIT seed="1,2,0,3,1,23" ten="181,388,230,201" oya="1" hai0="54,93,5,29,95,87,19,50,70,123,114,91,30" hai1="79,41,26,4,126,92,13,134,31,59,97,115,129" hai2="122,51,43,11,94,99,57,18,27,67,65,36,35" hai3="102,6,103,86,68,69,85,37,90,24,106,111,64"/><U100/><E115/><V7/><F122/><W62/><G111/><T128/><D114/><U33/><E129/><V61/><F36/><W40/><G69/><T38/><D38/><U66/><E126/><V56/><F35/><W47/><G106/><T42/><D70/><U52/><E134/><V135/><F135/><W75/><G75/><T17/><D42/><U89/><E79/><V83/><F83/><W58/><G6/><T63/><D123/><U49/><E41/><V107/><F107/><W9/><G9/><T88/><D63/><U45/><E4/><V34/><F43/><W15/><G15/><T113/><D113/><U80/><E13/><V14/><F51/><W82/><G68/><T120/><D5/><U76/><E66/><V16/><F27/><W130/><G130/><T112/><D128/><U53/><E100/><V46/><F46/><W84/><G84/><N who="0" m="52359" /><D120/><U1/><E1/><V110/><F34/><W104/><G104/><T12/><D112/><U3/><E3/><V32/><F32/><W127/><G127/><T124/><D124/><U0/><E0/><V73/><F73/><W125/><G125/><T116/><D116/><U21/><E33/><V131/><F110/><W28/><G86/><T72/><D72/><U105/><E105/><V101/><F131/><W119/><G119/><T132/><D132/><U48/><E76/><V60/><AGARI ba="2,0" hai="7,11,14,16,18,56,57,60,61,65,67,94,99,101" machi="60" ten="30,7900,0" yaku="0,1,9,1,8,1,54,1" doraHai="23" who="2" fromWho="2" sc="181,-22,388,-41,230,85,201,-22" /><INIT seed="2,0,0,5,0,69" ten="159,347,315,179" oya="2" hai0="62,64,45,95,39,72,58,81,91,49,2,121,114" hai1="25,127,126,61,74,90,32,51,94,44,57,63,115" hai2="106,22,96,98,117,8,54,108,110,16,11,26,100" hai3="10,27,66,78,13,38,42,24,17,28,104,128,67"/><V56/><F98/><W112/><G104/><T97/><D114/><U93/><E115/><V92/><F117/><W43/><G112/><T122/><D2/><U85/><E74/><V82/><F82/><W7/><G128/><T3/><D3/><U18/><E94/><V33/><F33/><W53/><G78/><T21/><D21/><N who="1" m="13495" /><E32/><V102/><F102/><W15/><G53/><T101/><D39/><U71/><E71/><V116/><F106/><W107/><G107/><T76/><REACH who="0" step="1"/><D101/><REACH who="0" ten="149,347,315,179" step="2"/><U125/><E57/><V6/><F116/><W9/><G38/><T135/><D135/><U68/><E68/><V29/><F29/><W133/><G133/><T50/><D50/><U19/><E19/><V59/><F6/><W0/><G0/><T105/><D105/><U119/><E119/><V5/><F5/><W130/><G130/><T129/><D129/><U65/><E65/><N who="3" m="24586" /><G28/><T134/><D134/><U120/><E120/><V83/><F8/><W70/><G70/><T41/><AGARI ba="0,1" hai="41,45,49,58,62,64,72,76,81,91,95,97,121,122" machi="41" ten="20,2700,0" yaku="1,1,0,1,7,1,53,0" doraHai="69" doraHaiUra="109" who="0" fromWho="0" sc="149,37,347,-7,315,-13,179,-7" /><INIT seed="3,0,0,1,1,75" ten="186,340,302,172" oya="3" hai0="33,82,40,76,81,78,90,6,55,17,133,69,19" hai1="29,42,34,36,84,0,22,2,60,52,16,32,118" hai2="28,38,79,39,125,37,71,86,92,135,5,51,96" hai3="67,101,85,129,53,102,63,68,112,108,18,103,14"/><W88/><G112/><T21/><D33/><U106/><E106/><V56/><F71/><W62/><G129/><T117/><D117/><U65/><E118/><V26/><F135/><W95/><G108/><T122/><D122/><U105/><E105/><V93/><F125/><W134/><G134/><T35/><D35/><U24/><E32/><V46/><F5/><W114/><G114/><T15/><D69/><U50/><E84/><V113/><F56/><W25/><G25/><N who="0" m="14511" /><D40/><U130/><E130/><V9/><F9/><W23/><G62/><T98/><D6/><U66/><E42/><V131/><F113/><W80/><REACH who="3" step="1"/><G53/><REACH who="3" ten="186,340,302,162" step="2"/><T109/><D109/><U41/><E60/><V61/><F61/><W132/><G132/><T83/><D55/><U94/><E52/><V4/><F131/><W45/><G45/><T73/><D133/><U123/><E24/><V13/><F26/><W89/><G89/><T47/><D47/><U99/><E123/><V115/><F46/><W48/><G48/><T59/><D73/><U43/><E50/><V8/><F51/><W44/><G44/><T120/><D120/><U27/><E27/><V57/><F115/><W127/><G127/><T116/><D116/><U72/><E34/><V20/><F39/><W7/><G7/><T74/><D74/><U1/><E36/><V121/><F4/><W3/><G3/><T70/><D70/><U54/><E72/><V107/><F38/><W87/><G87/><T11/><D59/><U64/><E54/><V91/><F37/><W58/><G58/><T100/><D90/><N who="1" m="55767" /><E29/><V104/><F28/><RYUUKYOKU ba="0,1" sc="186,10,340,10,302,-30,162,10" hai0="11,15,19,76,78,81,82,83,98,100" hai1="0,1,2,16,22,41,43,64,65,66" hai3="14,18,23,63,67,68,80,85,88,95,101,102,103" /><INIT seed="3,1,1,1,4,133" ten="196,350,272,172" oya="3" hai0="82,52,40,116,86,28,132,118,119,27,96,85,126" hai1="121,59,36,24,10,23,69,54,87,8,106,99,122" hai2="95,62,84,26,48,41,43,98,0,50,33,120,31" hai3="57,76,105,44,32,17,6,128,97,12,115,90,83"/><W34/><G115/><T89/><D40/><U134/><E69/><V55/><F0/><W15/><G128/><T79/><D132/><U30/><E134/><V94/><F120/><W56/><G32/><T100/><D126/><U75/><E75/><V110/><F110/><W80/><G34/><T47/><D47/><U18/><E36/><V111/><F111/><W68/><G68/><T51/><D51/><U103/><E87/><V67/><F50/><W61/><G105/><T3/><D3/><U46/><E46/><V124/><F84/><N who="3" m="48135" /><G44/><T114/><D52/><U38/><E38/><V64/><F124/><W130/><G130/><T131/><D131/><U72/><E72/><V16/><F95/><N who="3" m="56567" /><G83/><T20/><D114/><U7/><E30/><V53/><F33/><W117/><G117/><T42/><D42/><U25/><E25/><V66/><F31/><W77/><G77/><T113/><D113/><U58/><E58/><N who="3" m="22634" /><G6/><T104/><D116/><U9/><REACH who="1" step="1"/><E7/><REACH who="1" ten="196,340,272,172" step="2"/><V108/><F108/><W92/><G61/><AGARI ba="1,2" hai="8,9,10,18,23,24,54,59,61,99,103,106,121,122" machi="61" ten="40,2600,0" yaku="1,1,2,1,53,0" doraHai="133" doraHaiUra="81" who="1" fromWho="3" sc="196,0,340,49,272,0,172,-29" owari="196,-20.4,389,48.9,272,7.2,143,-35.7" /></mjloggm>