<mjloggm ver="2.3"><GO type="225" lobby="0"/><UN n0="%E3%81%AF%E3%82%88%E3%81%8A%E3%81%98%E3%81%95%E3%82%93" n1="%72%69%6F%75%63%68%61%6E" n2="%E8%91%89%E5%B1%B1%E9%99%BD%E5%92%8C" n3="%E5%AE%AE%E4%BF%9D%E9%B6%8F%E8%82%89" dan="16,17,16,16" rate="2147.03,2261.95,2094.81,2101.43" sx="M,M,F,M"/><TAIKYOKU oya="0"/><INIT seed="0,0,0,4,3,93" ten="250,250,250,250" oya="0" hai0="35,113,116,82,58,50,49,53,120,52,130,8,29" hai1="86,65,7,61,44,134,13,77,25,62,45,94,64" hai2="90,76,118,2,63,15,10,48,47,92,16,107,68" hai3="121,79,132,75,133,89,103,88,32,22,59,21,14"/><T24/><D130/><U91/><E134/><N who="3" m="51818" /><G32/><T109/><D120/><U119/><E119/><V96/><F118/><W51/><G121/><T69/><D116/><U102/><E77/><V115/><F115/><W80/><G103/><T23/><D113/><U135/><E135/><V6/><F76/><W5/><G5/><T55/><D69/><U122/><E122/><V4/><F107/><W41/><G14/><T26/><D109/><U37/><E37/><V101/><F101/><W57/><G41/><T99/><D82/><U27/><E102/><V85/><F85/><W12/><G51/><T100/><D8/><N who="1" m="4255" /><E61/><V56/><F68/><W54/><G12/><T43/><D43/><U28/><E25/><V46/><F2/><W60/><G57/><T114/><D114/><U11/><E11/><V18/><F4/><W40/><G40/><T42/><D42/><U105/><E105/><V70/><F70/><W31/><G31/><T19/><REACH who="0" step="1"/><D50/><REACH who="0" ten="240,250,250,250" step="2"/><U87/><E87/><V34/><F48/><W81/><G80/><T125/><D125/><U97/><E86/><V9/><F10/><W98/><G98/><T83/><D83/><U66/><E62/><V67/><F34/><W74/><G74/><T20/><D20/><AGARI ba="0,1" hai="20,21,22,54,59,60,75,79,81,88,89" m="51818" machi="20" ten="30,2000,0" yaku="20,1,54,1" doraHai="93" who="3" fromWho="0" sc="240,-20,250,0,250,0,250,30" /><INIT seed="1,0,0,2,5,18" ten="220,250,250,280" oya="1" hai0="53,68,72,27,85,78,128,33,124,23,46,82,123" hai1="80,48,30,62,42,104,97,76,130,47,49,66,61" hai2="92,98,95,133,50,79,90,83,12,5,73,112,102" hai3="26,58,81,116,20,10,4,101,70,120,74,41,14"/><U132/><E130/><V35/><F133/><W115/><G120/><T8/><D128/><U21/><E132/><V57/><F35/><W89/><G70/><T125/><D68/><U126/><E126/><N who="0" m="48745" /><D123/><U111/><E111/><V122/><F122/><W40/><G115/><T7/><D33/><U106/><E49/><V59/><F112/><W91/><G116/><T22/><D27/><U56/><E97/><V121/><F121/><W39/><G101/><T60/><D72/><U0/><E0/><V134/><F134/><W71/><G71/><T105/><D105/><U135/><E135/><V44/><F5/><W131/><G131/><T69/><D69/><U110/><E61/><V94/><F12/><W119/><G119/><T45/><D60/><U84/><REACH who="1" step="1"/><E110/><REACH who="1" ten="220,240,250,280" step="2"/><V11/><F50/><W3/><G3/><N who="0" m="127" /><D53/><U93/><E93/><V114/><F114/><W36/><G36/><T6/><D6/><U65/><E65/><V51/><F94/><W54/><G39/><T52/><D46/><U1/><E1/><V9/><F44/><W113/><G113/><T127/><N who="0" m="48753" /><T31/><DORA hai="2" /><D31/><U55/><E55/><V19/><F51/><AGARI ba="0,1" hai="22,23,45,51,52,78,82,85" m="127,48753" machi="51" ten="40,8000,1" yaku="18,1,52,3,54,1" doraHai="18,2" who="0" fromWho="2" sc="220,90,240,0,250,-80,280,0" /><INIT seed="2,0,0,0,4,87" ten="310,240,170,280" oya="2" hai0="129,50,11,25,77,97,34,48,131,78,20,108,132" hai1="26,75,57,17,76,102,47,6,105,124,5,31,0" hai2="41,107,133,123,29,109,66,65,103,14,116,112,135" hai3="32,128,54,72,113,84,4,81,130,43,86,73,100"/><V51/><F116/><W98/><G32/><T12/><D108/><U18/><E124/><V134/><F123/><W58/><G113/><T91/><D132/><U119/><E119/><V90/><F112/><W79/><G43/><T3/><D3/><U67/><E47/><N who="2" m="26095" /><F109/><W115/><G4/><T30/><D34/><U122/><E122/><V94/><F29/><W104/><G115/><T61/><D61/><N who="1" m="38319" /><E105/><V24/><F24/><W63/><REACH who="3" step="1"/><G86/><REACH who="3" ten="310,240,170,270" step="2"/><T68/><D129/><AGARI ba="0,1" hai="54,58,63,72,73,79,81,84,98,100,104,128,129,130" machi="129" ten="40,5200,0" yaku="1,1,2,1,19,1,53,0" doraHai="87" doraHaiUra="88" who="3" fromWho="0" sc="310,-52,240,0,170,0,270,62" /><INIT seed="3,0,0,0,5,18" ten="258,240,170,332" oya="3" hai0="15,125,113,53,49,44,91,73,116,56,55,47,124" hai1="123,62,40,32,130,17,3,121,108,7,1,25,51" hai2="101,110,81,129,82,13,8,27,45,48,14,96,11" hai3="46,88,35,80,38,65,26,83,2,33,94,109,22"/><W24/><G2/><T74/><D116/><U61/><E108/><V97/><F129/><W86/><G109/><T98/><D113/><U41/><E51/><V78/><F110/><W37/><G65/><T93/><D15/><U19/><E25/><V69/><F69/><W30/><G33/><T52/><D44/><U9/><E9/><V104/><F104/><W36/><REACH who="3" step="1"/><G46/><REACH who="3" ten="258,240,170,322" step="2"/><T103/><D47/><U117/><E117/><V118/><F118/><W64/><G64/><T4/><D56/><U63/><E32/><V134/><F134/><W12/><G12/><T5/><D125/><U132/><E132/><V21/><F13/><W122/><G122/><T90/><D124/><U59/><E59/><V75/><F8/><W87/><G87/><T100/><D74/><U43/><E130/><V133/><F133/><W92/><G92/><T111/><D93/><U120/><E7/><V28/><F81/><W50/><G50/><T107/><D49/><U102/><E102/><V99/><F101/><W95/><G95/><T131/><D111/><U29/><E29/><AGARI ba="0,1" hai="22,24,26,29,30,35,36,37,38,80,83,86,88,94" machi="29" ten="40,18000,2" yaku="1,1,52,1,54,1,53,3" doraHai="18" doraHaiUra="68" who="3" fromWho="1" sc="258,0,240,-180,170,0,322,190" owari="258,5.8,60,-44.0,170,-23.0,512,61.2" /></mjloggm>