<mjloggm ver="2.3"><GO type="225" lobby="0"/><UN n0="%70%68%65%6E%6F%6D%65" n1="%33%74%72%65%65" n2="%72%61%6B%33" n3="%E3%81%86%E3%81%A9%E3%82%93%E3%81%93" dan="17,17,16,16" rate="2169.23,2216.67,2216.68,2145.22" sx="M,F,M,M"/><TAIKYOKU oya="0"/><INIT seed="0,0,0,4,5,126" ten="250,250,250,250" oya="0" hai0="14,96,105,85,5,69,64,109,59,18,16,123,21" hai1="32,38,40,94,101,51,77,48,53,7,60,80,17" hai2="57,49,71,129,78,99,37,73,39,30,119,63,25" hai3="31,9,13,50,133,68,61,128,56,27,45,29,121"/><T23/><D23/><U91/><BYE who="0" /><E32/><UN n0="%70%68%65%6E%6F%6D%65" /><V19/><F129/><W111/><G68/><T114/><D114/><U72/><E7/><V76/><F119/><W15/><G128/><T87/><D123/><U36/><E101/><V58/><F19/><W55/><G111/><T127/><D127/><U0/><E0/><V8/><F8/><W116/><G116/><T106/><D69/><U90/><E90/><V110/><F110/><W24/><G133/><T81/><D109/><U52/><E60/><V75/><F99/><W118/><G118/><T102/><D5/><U22/><E40/><V107/><F71/><W65/><G121/><T11/><D105/><U41/><E41/><V74/><F49/><W124/><G124/><T70/><D70/><U82/><E82/><V20/><F107/><W89/><G89/><T84/><D59/><U42/><E42/><V1/><F1/><W134/><G134/><T44/><D44/><U35/><E35/><V98/><F98/><W4/><REACH who="3" step="1"/><G13/><REACH who="3" ten="250,250,250,240" step="2"/><T86/><D64/><U2/><E2/><V3/><F3/><W112/><G112/><T122/><D122/><U43/><E38/><V115/><F115/><W46/><G46/><T135/><D135/><U131/><E36/><N who="2" m="13899" /><F57/><W120/><G120/><T66/><D66/><U10/><E131/><V104/><F58/><W83/><G83/><T67/><D67/><U130/><E130/><V47/><F47/><W26/><AGARI ba="0,1" hai="4,9,15,24,26,27,29,31,45,50,55,56,61,65" machi="26" ten="30,4000,0" yaku="1,1,0,1,8,1,53,0" doraHai="126" doraHaiUra="92" who="3" fromWho="3" sc="250,-20,250,-10,250,-10,240,50" /><INIT seed="1,0,0,3,3,18" ten="230,240,240,290" oya="1" hai0="128,73,123,124,41,90,80,45,71,29,36,76,84" hai1="101,5,1,65,6,127,47,8,67,9,39,24,59" hai2="43,34,118,94,120,58,114,135,14,62,109,87,112" hai3="53,74,122,28,110,31,70,4,129,16,37,64,81"/><U98/><E127/><V134/><F34/><W111/><G122/><T83/><D124/><U20/><E59/><V19/><F120/><W3/><G37/><T100/><D123/><U44/><E44/><V48/><F94/><W119/><G119/><T105/><D128/><U95/><E47/><N who="2" m="25727" /><F87/><W121/><G121/><T60/><D29/><U21/><E39/><V113/><F118/><W27/><G129/><T12/><D12/><U38/><E38/><V96/><F96/><W68/><G53/><T117/><D117/><U108/><E108/><N who="3" m="41514" /><G4/><T132/><D132/><N who="2" m="50730" /><F109/><W7/><G7/><T66/><REACH who="0" step="1"/><D100/><REACH who="0" ten="220,240,240,290" step="2"/><U99/><E99/><V57/><F62/><W97/><G28/><T130/><D130/><U49/><E98/><V55/><F55/><W15/><G31/><T33/><D33/><U26/><E101/><V32/><F32/><W54/><G97/><T51/><D51/><U92/><E49/><V2/><F2/><AGARI ba="0,1" hai="1,2,5,6,8,9,20,21,24,26,65,67,92,95" machi="2" ten="25,9600,0" yaku="22,2,52,2" doraHai="18" who="1" fromWho="2" sc="220,0,240,106,240,-96,290,0" /><INIT seed="1,1,0,2,1,54" ten="220,346,144,290" oya="1" hai0="20,59,99,78,51,84,115,76,50,0,1,40,67" hai1="36,33,108,15,29,63,126,4,37,31,70,89,34" hai2="83,61,114,105,16,77,129,102,3,82,55,9,10" hai3="122,94,25,52,90,28,133,71,38,35,93,32,62"/><U5/><E89/><V14/><F129/><W66/><G122/><T135/><D115/><U41/><E41/><V48/><F114/><W43/><G133/><T87/><D20/><U73/><E63/><V98/><F61/><W118/><G118/><T125/><D40/><U42/><E42/><V96/><F96/><W23/><G93/><T19/><D19/><U86/><E86/><V57/><REACH who="2" step="1"/><F77/><REACH who="2" ten="220,346,134,290" step="2"/><W119/><G119/><T112/><D99/><U68/><E68/><V75/><F75/><W44/><G52/><T104/><D78/><U85/><E70/><V100/><F100/><W106/><G106/><T131/><D76/><U27/><E73/><V56/><F56/><W26/><G26/><T130/><D104/><U22/><E27/><V97/><F97/><AGARI ba="1,1" hai="23,25,28,32,35,38,43,44,62,66,71,90,94,97" machi="97" ten="30,1000,0" yaku="7,1" doraHai="54" who="3" fromWho="2" sc="220,0,346,0,134,-13,290,23" /><INIT seed="2,0,0,0,4,81" ten="220,346,121,313" oya="2" hai0="79,75,117,123,51,74,15,101,109,52,4,65,24" hai1="40,46,112,7,55,57,42,131,56,53,118,97,129" hai2="120,19,104,27,105,133,94,100,71,95,60,31,25" hai3="47,77,107,62,83,67,98,23,1,64,78,115,20"/><V87/><F120/><W17/><G115/><T125/><D123/><U10/><E97/><V91/><F133/><W59/><G1/><T93/><D109/><U13/><E112/><V122/><F122/><W103/><G47/><T96/><D125/><U121/><E118/><V8/><F27/><W9/><G67/><T18/><D117/><U50/><E121/><V28/><F28/><W38/><G38/><T72/><D65/><U126/><E126/><V32/><F71/><W111/><G111/><T63/><D63/><U116/><E116/><V30/><F30/><W135/><G135/><T36/><D36/><U34/><E34/><V102/><F60/><W44/><G44/><T26/><D4/><U70/><E70/><V68/><F68/><W119/><G119/><T130/><D79/><U2/><E2/><V58/><F58/><N who="1" m="22633" /><E55/><V113/><F113/><W66/><G66/><T16/><D130/><AGARI ba="0,0" hai="7,10,13,40,42,46,50,53,129,130,131" m="22633" machi="130" ten="30,1000,0" yaku="19,1" doraHai="81" who="1" fromWho="0" sc="220,-10,346,10,121,0,313,0" /><INIT seed="3,0,0,0,3,25" ten="210,356,121,313" oya="3" hai0="125,115,14,79,34,45,93,65,84,38,23,121,39" hai1="101,56,86,57,28,109,51,76,71,98,122,30,113" hai2="85,17,110,103,46,87,74,15,47,134,130,100,5" hai3="21,77,126,73,3,37,117,62,91,132,118,40,52"/><W2/><G132/><T106/><D106/><U88/><E113/><V107/><F74/><W11/><G126/><T70/><D34/><U63/><E122/><V116/><F116/><W90/><G21/><T43/><D121/><U83/><E109/><V124/><F110/><W29/><G29/><N who="1" m="11370" /><E71/><V12/><F124/><W1/><G11/><T53/><D84/><N who="1" m="48231" /><E63/><V78/><F134/><W6/><G6/><T72/><D45/><U69/><E69/><V61/><F130/><W16/><G16/><T50/><D53/><U0/><E0/><V81/><F107/><W104/><G104/><T22/><D23/><U27/><E27/><V58/><F5/><W10/><G10/><T68/><D93/><N who="1" m="58575" /><E51/><V92/><F87/><W49/><G62/><T24/><D43/><U33/><E33/><V48/><F92/><AGARI ba="0,0" hai="56,57,86,88,92" m="58575,48231,11370" machi="92" ten="30,8000,1" yaku="8,1,52,3,54,1" doraHai="25" who="1" fromWho="2" sc="210,0,356,80,121,-80,313,0" owari="210,-19.0,436,53.6,41,-45.9,313,11.3" /></mjloggm>