<mjloggm ver="2.3"><GO type="225" lobby="0"/><UN n0="%E5%B8%86%E7%AB%8B%E5%A4%8F%E8%A1%A3" n1="%70%68%65%6E%6F%6D%65" n2="%45%6C%79%73%69%75%6D" n3="%E3%83%B4%E3%83%A0%EF%BC%99%E3%81%A6" dan="16,17,18,17" rate="2109.62,2171.41,2147.37,2239.60" sx="M,M,F,M"/><TAIKYOKU oya="0"/><INIT seed="0,0,0,2,2,90" ten="250,250,250,250" oya="0" hai0="21,112,57,124,60,103,53,55,126,47,86,35,101" hai1="68,36,127,2,12,95,99,111,34,56,109,118,23" hai2="18,11,26,75,33,67,62,107,79,44,98,40,72" hai3="22,130,89,61,46,129,82,134,76,104,30,6,43"/><T97/><D35/><U14/><E68/><V74/><F11/><W0/><G104/><T49/><D112/><U51/><E36/><V115/><F115/><W32/><G32/><T93/><D86/><U1/><E34/><V50/><F18/><W125/><G125/><T78/><D78/><U132/><E118/><V13/><F13/><N who="1" m="5225" /><E23/><V9/><F9/><W135/><G61/><T114/><D114/><U4/><E4/><V20/><F20/><W106/><G106/><T63/><D21/><U29/><E29/><V58/><F26/><W37/><G89/><T15/><D15/><U113/><E113/><V81/><F33/><W108/><G108/><N who="1" m="41546" /><E132/><N who="3" m="50730" /><G22/><T39/><D39/><U85/><E85/><V84/><F84/><N who="3" m="48199" /><G30/><T110/><D110/><U3/><E127/><N who="0" m="48681" /><D63/><U66/><E66/><V120/><F67/><W19/><G19/><T73/><D73/><U119/><E119/><V117/><F117/><W54/><G6/><T45/><D103/><N who="1" m="60927" /><E3/><V94/><F74/><W116/><G0/><T122/><D122/><U105/><E105/><V131/><F107/><W71/><G71/><T80/><D80/><U8/><E8/><V27/><F120/><W96/><G116/><T77/><D77/><U100/><E100/><V128/><F75/><W88/><G96/><T38/><D38/><U5/><E5/><V24/><F98/><W121/><G121/><T70/><D70/><U59/><E51/><V31/><F50/><N who="3" m="29015" /><G88/><T10/><D10/><U91/><E91/><V69/><F72/><W92/><G92/><T7/><D7/><U17/><E17/><V65/><F94/><RYUUKYOKU ba="0,0" sc="250,10,250,10,250,-30,250,10" hai0="45,47,49,53,55,57,60,93,97,101" hai1="1,2,56,59" hai3="37,43,129,130" /><INIT seed="0,1,0,5,2,12" ten="260,260,220,260" oya="0" hai0="84,10,75,94,95,3,70,33,114,104,50,135,60" hai1="73,102,132,124,61,63,2,69,107,34,77,90,99" hai2="120,119,118,6,19,111,24,82,4,109,57,7,100" hai3="72,56,98,8,65,9,17,64,5,134,87,41,101"/><T14/><D114/><U44/><E90/><V79/><F120/><W36/><G72/><T43/><D135/><U20/><E124/><V32/><F100/><W11/><G134/><T67/><D75/><U71/><E132/><V28/><F57/><W13/><G87/><T113/><D113/><U128/><E128/><V29/><F82/><W25/><G25/><T40/><D104/><U31/><E44/><V39/><F39/><W76/><G76/><T131/><D131/><U66/><E2/><V51/><F51/><W42/><G36/><T30/><D3/><U47/><E47/><V58/><F58/><W85/><G85/><T62/><D62/><U16/><E34/><V53/><F53/><W49/><G49/><T103/><D33/><U48/><E48/><V108/><F79/><W46/><G46/><T83/><D30/><N who="2" m="11882" /><F32/><W96/><G96/><T86/><D50/><U105/><E31/><V15/><F24/><W117/><G56/><T78/><D94/><U22/><E105/><V81/><F81/><W106/><G42/><T127/><D127/><U59/><E63/><V115/><F115/><W1/><G41/><T37/><D37/><U26/><REACH who="1" step="1"/><E22/><AGARI ba="1,0" hai="4,6,7,15,19,22,108,109,111,118,119" m="11882" machi="22" ten="40,8000,1" yaku="14,1,34,2,52,1" doraHai="12" who="2" fromWho="1" sc="260,0,260,-83,220,83,260,0" /><INIT seed="1,0,0,1,4,91" ten="260,177,303,260" oya="1" hai0="1,81,72,23,129,96,43,10,20,13,111,87,108" hai1="135,121,123,69,42,3,11,92,53,71,54,61,19" hai2="68,119,45,76,51,7,58,93,67,27,8,113,22" hai3="125,59,60,62,133,104,29,64,74,46,9,109,80"/><U40/><E135/><V101/><F119/><W117/><G104/><T6/><D129/><U95/><E11/><V35/><F35/><W112/><G112/><T130/><D130/><U18/><REACH who="1" step="1"/><E61/><REACH who="1" ten="260,167,303,260" step="2"/><V88/><F8/><W122/><G62/><T47/><D10/><U70/><E70/><V132/><F68/><W26/><G133/><T4/><D4/><U105/><E105/><V34/><F7/><W28/><G60/><T98/><D6/><U52/><E52/><V90/><F132/><W63/><G9/><T99/><D1/><AGARI ba="0,1" hai="1,3,18,19,40,42,53,54,69,71,92,95,121,123" machi="1" ten="25,12000,1" yaku="1,1,22,2,52,2,53,0" doraHai="91" doraHaiUra="16" who="1" fromWho="0" sc="260,-120,167,130,303,0,260,0" /><INIT seed="1,1,0,0,5,118" ten="140,297,303,260" oya="1" hai0="116,26,134,19,106,72,98,24,40,61,77,60,5" hai1="74,65,29,70,4,11,1,86,51,35,109,47,107" hai2="93,71,41,37,63,97,0,62,59,20,76,12,131" hai3="30,31,120,45,23,84,14,16,122,111,75,64,42"/><U79/><E109/><V56/><F0/><W96/><G75/><T28/><D116/><U102/><E65/><V55/><F131/><W100/><G111/><T34/><D134/><U92/><E70/><V57/><F76/><W117/><G117/><T44/><D19/><U127/><E127/><V46/><F71/><W33/><G84/><T91/><D26/><U49/><E49/><N who="2" m="26831" /><F55/><W88/><G64/><T68/><D5/><U132/><E132/><V78/><F78/><W108/><G108/><T54/><D54/><U73/><E107/><V105/><F105/><W135/><G88/><T95/><D106/><U43/><E79/><V112/><F37/><W48/><G135/><T103/><D103/><U53/><E53/><V39/><F39/><W18/><G18/><T67/><D61/><U15/><E1/><V85/><F85/><W125/><G125/><T36/><REACH who="0" step="1"/><D77/><REACH who="0" ten="130,297,303,260" step="2"/><U69/><E102/><N who="2" m="60719" /><F112/><W3/><G31/><T129/><D129/><U115/><E29/><V128/><F128/><W25/><G3/><T113/><D113/><U101/><E115/><V133/><F133/><W8/><G33/><T90/><D90/><N who="1" m="53335" /><E101/><V58/><F62/><W66/><G66/><T123/><D123/><U32/><E35/><V126/><F126/><W9/><G9/><T87/><D87/><U89/><E32/><V99/><F63/><W130/><G130/><T38/><D38/><U104/><E89/><V13/><F13/><W94/><AGARI ba="1,1" hai="8,14,16,23,25,30,42,45,48,94,96,100,120,122" machi="94" ten="20,8000,1" yaku="0,1,7,1,52,2,54,1" doraHai="118" who="3" fromWho="3" sc="130,-21,297,-41,303,-21,260,93" /><INIT seed="2,0,0,1,0,35" ten="109,256,282,353" oya="2" hai0="1,21,114,87,57,5,28,103,122,61,102,93,37" hai1="18,77,58,34,75,25,116,56,65,112,83,10,0" hai2="22,84,52,100,80,8,44,60,70,68,91,128,113" hai3="79,99,90,74,6,89,36,15,110,24,59,49,4"/><V48/><F128/><W126/><G36/><T135/><D37/><U64/><E112/><V81/><F113/><W3/><G3/><T11/><D135/><U125/><E116/><V82/><F100/><W104/><G74/><T69/><D122/><U53/><E125/><V106/><F106/><W108/><G79/><T39/><D39/><U127/><E127/><V41/><F8/><W40/><G126/><T94/><D114/><U46/><E46/><V13/><F13/><W33/><G33/><T29/><D69/><U95/><E58/><V78/><F22/><W63/><G24/><T73/><D73/><U134/><E134/><V50/><F60/><W47/><G104/><T26/><D29/><U9/><E95/><V119/><F119/><W133/><G133/><T17/><D17/><U30/><E10/><V115/><F115/><W45/><G45/><T97/><D87/><U2/><E18/><V118/><F118/><W105/><G105/><T20/><D20/><U109/><E109/><N who="3" m="42090" /><G15/><T96/><REACH who="0" step="1"/><D57/><REACH who="0" ten="99,256,282,353" step="2"/><U111/><E111/><V62/><F68/><W54/><G99/><T121/><D121/><U98/><E98/><V117/><F117/><W32/><G32/><T76/><D76/><U27/><E34/><V12/><F78/><W55/><G40/><T7/><D7/><AGARI ba="0,1" hai="4,6,7,47,49,54,55,59,63,89,90" m="42090" machi="7" ten="30,1000,0" yaku="14,1" doraHai="35" who="3" fromWho="0" sc="99,-10,256,0,282,0,353,20" /><INIT seed="3,0,0,0,0,80" ten="89,256,282,373" oya="3" hai0="76,114,11,87,6,57,28,101,50,109,38,81,4" hai1="16,120,56,58,43,18,106,31,30,41,35,46,83" hai2="3,8,95,67,79,74,111,61,92,71,86,96,10" hai3="70,12,88,116,26,48,39,37,23,124,110,65,20"/><W126/><G116/><T1/><D109/><U55/><E106/><V105/><F111/><W84/><G110/><T94/><D114/><U97/><E120/><V7/><F10/><W68/><G48/><T36/><D36/><N who="3" m="13897" /><G12/><T130/><D38/><U89/><E35/><V125/><F125/><N who="3" m="48235" /><G65/><T17/><D130/><U103/><E103/><V90/><F105/><W112/><G112/><T99/><D1/><U91/><E83/><V118/><F118/><W64/><G64/><T14/><REACH who="0" step="1"/><D28/><REACH who="0" ten="79,256,282,373" step="2"/><U93/><E30/><V40/><F3/><W54/><G68/><T27/><D27/><U107/><E31/><V69/><F69/><W115/><G70/><T19/><D19/><U122/><E122/><V24/><F71/><W34/><G115/><T121/><D121/><U5/><E5/><V44/><F24/><W42/><G26/><T128/><D128/><U45/><E18/><V60/><F7/><W85/><G34/><T0/><D0/><U15/><E107/><V51/><F67/><W29/><G29/><T32/><D32/><U77/><E16/><V123/><F123/><W100/><G20/><T63/><D63/><N who="1" m="36255" /><E15/><V73/><F60/><W66/><G23/><T132/><D132/><U49/><E77/><V113/><F61/><W53/><G66/><T104/><D104/><U62/><E62/><V98/><F113/><W52/><G100/><T59/><D59/><U133/><E133/><V127/><F127/><W75/><G75/><N who="2" m="28681" /><F79/><W25/><G25/><T78/><D78/><U134/><E134/><V102/><F8/><W108/><G108/><T119/><D119/><RYUUKYOKU ba="0,1" sc="79,15,256,-15,282,15,373,-15" hai0="4,6,11,14,17,50,57,76,81,87,94,99,101" hai2="40,44,51,86,90,92,95,96,98,102" owari="94,-40.6,241,-15.9,297,9.7,368,46.8" /></mjloggm>