<mjloggm ver="2.3"><GO type="225" lobby="0"/><UN n0="%E3%81%9F%E3%81%93%E2%98%86%E7%84%BC%E3%81%8D" n1="%E3%82%AF%E3%82%A3%E3%82%A6" n2="%E3%81%BF%E3%81%BF%E3%81%9A" n3="%E3%81%8B%E3%82%8F%E3%81%A1%E3%82%83%E3%82%93%35%38" dan="16,16,17,16" rate="2102.16,2111.02,2218.97,2119.89" sx="M,M,M,M"/><TAIKYOKU oya="0"/><INIT seed="0,0,0,1,0,102" ten="250,250,250,250" oya="0" hai0="55,134,54,99,42,81,1,8,58,110,70,91,7" hai1="120,14,108,62,5,89,121,47,60,127,65,107,50" hai2="124,66,31,56,69,135,78,105,114,115,37,40,11" hai3="101,131,79,129,35,96,13,22,118,88,29,19,75"/><T97/><D70/><N who="1" m="42279" /><E89/><V27/><F56/><W33/><G118/><T3/><D134/><U15/><E5/><V17/><F17/><W49/><G49/><T109/><D1/><U95/><E95/><V71/><F11/><W80/><G88/><T43/><D54/><U18/><E18/><V68/><F78/><W6/><G6/><T83/><D91/><U52/><E14/><V59/><F59/><W116/><G116/><T9/><D9/><U12/><E15/><V24/><F24/><W117/><G117/><T63/><D97/><U21/><E12/><V123/><F123/><N who="1" m="47177" /><E21/><V133/><F66/><W32/><REACH who="3" step="1"/><G29/><REACH who="3" ten="250,250,250,240" step="2"/><T106/><D83/><U82/><E82/><V72/><F31/><W16/><G16/><T73/><D81/><U25/><E25/><V100/><F27/><W64/><G64/><T112/><D73/><U0/><E0/><V26/><F26/><W125/><G125/><T77/><D77/><U98/><E127/><V61/><F124/><W45/><G45/><T85/><D85/><U103/><E62/><V87/><F87/><W122/><G122/><T113/><D42/><U67/><E67/><V4/><F61/><W130/><G130/><T46/><D46/><U20/><E20/><V126/><F126/><W57/><G57/><T48/><D43/><U76/><E76/><V51/><F51/><W41/><G41/><T111/><REACH who="0" step="1"/><D48/><REACH who="0" ten="240,250,250,240" step="2"/><U28/><E50/><V10/><F72/><W90/><G90/><T84/><D84/><U44/><E47/><N who="2" m="23951" /><F4/><W86/><G86/><T132/><D132/><N who="2" m="50762" /><F10/><W128/><G128/><T53/><D53/><RYUUKYOKU ba="0,2" sc="240,10,250,-30,250,10,240,10" hai0="3,7,8,55,58,63,99,106,109,110,111,112,113" hai2="68,69,71,100,105,114,115" hai3="13,19,22,32,33,35,75,79,80,96,101,129,131" /><INIT seed="0,1,2,3,2,32" ten="250,220,260,250" oya="0" hai0="126,37,4,30,93,109,69,60,42,25,122,133,7" hai1="102,94,78,67,63,77,116,22,98,40,73,70,134" hai2="81,106,45,127,124,56,46,2,114,27,8,68,31" hai3="76,88,71,108,101,117,92,38,119,86,105,104,96"/><T3/><D122/><U110/><E116/><N who="3" m="44618" /><G38/><T41/><D133/><U131/><E110/><V58/><F68/><W115/><G71/><T61/><D109/><U55/><E131/><V103/><F114/><W19/><G19/><T29/><D69/><U47/><E134/><V65/><F81/><N who="3" m="47399" /><G108/><T85/><D37/><U11/><E55/><V54/><F103/><W87/><G115/><T57/><D85/><U83/><E22/><V123/><F106/><AGARI ba="1,2" hai="87,88,92,96,101,104,105,106" m="47399,44618" machi="106" ten="30,3900,0" yaku="34,2,54,1" doraHai="32" who="3" fromWho="2" sc="250,0,220,0,260,-42,250,62" /><INIT seed="1,0,0,2,2,65" ten="250,220,218,312" oya="1" hai0="117,7,88,50,44,90,13,89,34,100,102,21,132" hai1="37,111,41,135,49,125,97,55,48,66,38,12,120" hai2="110,43,75,107,103,51,127,10,24,19,59,119,92" hai3="2,94,84,116,31,81,14,56,73,98,58,28,87"/><U134/><E97/><V9/><F119/><W86/><G2/><T6/><D34/><U30/><E30/><N who="3" m="11306" /><G73/><T33/><D33/><U115/><E12/><V124/><F75/><W27/><G116/><T130/><D130/><U109/><E115/><V0/><F107/><W118/><G118/><T54/><D132/><N who="1" m="50731" /><E120/><V96/><F110/><N who="1" m="41993" /><E125/><N who="2" m="48203" /><F0/><W11/><G27/><T62/><D62/><U18/><E66/><V101/><F101/><N who="0" m="39018" /><D117/><U129/><E129/><V63/><F51/><N who="1" m="19529" /><E41/><V113/><F43/><W122/><G122/><T16/><AGARI ba="0,0" hai="6,7,13,16,21,44,50,54,88,89,90" m="39018" machi="16" ten="30,4000,0" yaku="8,1,54,2" doraHai="65" who="0" fromWho="0" sc="250,40,220,-20,218,-10,312,-10" /><INIT seed="2,0,0,2,2,54" ten="290,200,208,302" oya="2" hai0="100,61,105,27,94,16,55,125,14,19,67,110,126" hai1="43,108,44,50,60,107,129,48,98,122,101,69,95" hai2="45,51,114,39,117,71,42,116,13,18,123,134,103" hai3="36,57,37,1,10,80,109,131,73,82,20,35,99"/><V132/><F103/><W65/><G35/><T11/><D55/><U5/><E108/><V121/><F114/><W34/><G34/><T75/><D75/><U25/><E129/><V113/><F113/><W79/><G82/><T53/><D53/><U127/><E127/><N who="0" m="48649" /><D105/><U83/><E122/><N who="2" m="46603" /><F13/><W128/><G109/><T12/><D27/><U133/><E133/><N who="2" m="51307" /><F18/><W119/><G131/><T90/><D100/><U86/><E5/><V7/><F7/><W62/><G128/><T89/><D94/><U115/><E115/><V38/><F71/><W4/><G1/><T102/><D102/><U104/><E25/><V15/><F15/><W130/><G130/><T58/><D110/><U112/><E112/><V33/><F33/><W9/><G4/><T118/><D118/><AGARI ba="0,0" hai="38,39,42,45,51,116,117,118" m="51307,46603" machi="118" ten="40,7700,0" yaku="20,1,34,2" doraHai="54" who="2" fromWho="0" sc="290,-77,200,0,208,77,302,0" /><INIT seed="2,1,0,1,4,51" ten="213,200,285,302" oya="2" hai0="69,93,54,19,95,42,120,28,113,0,82,85,111" hai1="100,80,99,35,4,90,116,46,107,96,3,41,48" hai2="64,16,29,124,23,71,22,37,65,14,87,61,5" hai3="13,94,123,91,60,128,31,72,47,81,89,79,7"/><V133/><F133/><W15/><G123/><T2/><D69/><U66/><E116/><V33/><F124/><W117/><G117/><T114/><D42/><U52/><E35/><V101/><F37/><W103/><G128/><T76/><D120/><U18/><E66/><V17/><F101/><W121/><G121/><T135/><D135/><U1/><E4/><V9/><F33/><W21/><G103/><T75/><D28/><U34/><E34/><V112/><F112/><W125/><G91/><T67/><D67/><U115/><E115/><V57/><F29/><W44/><G125/><T68/><D68/><U78/><E41/><V10/><F87/><W62/><G15/><T86/><D111/><U45/><E45/><V88/><F88/><W11/><G47/><T40/><D40/><U110/><E110/><V63/><REACH who="2" step="1"/><F17/><REACH who="2" ten="213,200,275,302" step="2"/><W132/><G132/><T134/><D19/><U106/><E18/><V32/><F32/><W127/><G127/><T104/><D134/><U24/><E107/><V53/><F53/><W49/><G31/><T73/><D104/><U6/><E90/><V109/><F109/><W39/><G39/><T20/><D54/><U131/><E131/><V83/><F83/><W56/><G89/><T84/><D85/><U98/><E98/><V97/><F97/><W118/><G81/><T70/><D82/><U122/><E96/><V126/><F126/><W129/><G129/><T25/><D84/><N who="1" m="48151" /><E122/><V105/><F105/><W36/><G36/><T8/><D86/><U30/><E6/><V55/><F55/><N who="3" m="30119" /><G7/><T92/><D114/><U50/><E50/><RYUUKYOKU ba="1,1" sc="213,-15,200,15,275,15,302,-15" hai1="1,3,24,30,46,48,52,99,100,106" hai2="5,9,10,14,16,22,23,57,61,63,64,65,71" /><INIT seed="2,2,1,1,0,124" ten="198,215,290,287" oya="2" hai0="66,61,37,112,72,71,34,109,59,117,103,47,88" hai1="98,79,41,19,73,11,76,45,87,91,118,116,65" hai2="95,70,132,93,30,110,134,8,99,40,67,102,54" hai3="21,133,55,26,125,60,85,14,122,129,31,135,126"/><V77/><F40/><W23/><G85/><T80/><D112/><U42/><E65/><V10/><F30/><W115/><G115/><T38/><D34/><U17/><E45/><V1/><F110/><W0/><G0/><T29/><D29/><U64/><E64/><V2/><F77/><W44/><G122/><T83/><D109/><U68/><E87/><V127/><F127/><N who="3" m="48651" /><G129/><T108/><D103/><U97/><E91/><V33/><F33/><W84/><G84/><T123/><D108/><U46/><E46/><V49/><F67/><W51/><G60/><T5/><D5/><U62/><E62/><V89/><F70/><W32/><G14/><T20/><D117/><U35/><E35/><V82/><F82/><W43/><G43/><T12/><D88/><U105/><E105/><V121/><F121/><W22/><AGARI ba="2,1" hai="21,22,23,26,31,32,44,51,55,133,135" m="48651" machi="22" ten="40,1500,0" yaku="18,1" doraHai="124" who="3" fromWho="3" sc="198,-6,215,-6,290,-9,287,31" /><INIT seed="3,0,0,3,5,8" ten="192,209,281,318" oya="3" hai0="134,18,82,115,29,92,41,104,87,57,30,75,124" hai1="77,14,72,125,60,48,132,73,106,126,58,51,24" hai2="86,37,76,121,67,110,55,64,128,129,94,97,133" hai3="21,15,10,52,3,120,70,74,1,22,28,80,102"/><W5/><G70/><T122/><D104/><U19/><E132/><V38/><F55/><W63/><G102/><T98/><D75/><N who="1" m="28747" /><E106/><V107/><F107/><W71/><G71/><T123/><D134/><U35/><E77/><V109/><F133/><W42/><G42/><T65/><D41/><U117/><E117/><V53/><F53/><W66/><G80/><T78/><D115/><U50/><E24/><V135/><F135/><W116/><G52/><T45/><D45/><U95/><E95/><V7/><F86/><W39/><G66/><N who="2" m="25129" /><F76/><W108/><G74/><T34/><D34/><U96/><E96/><V49/><F49/><W6/><G63/><N who="0" m="38127" /><D124/><N who="1" m="47723" /><E35/><V25/><F25/><W99/><G99/><T88/><D123/><U46/><E58/><V33/><F33/><W23/><G120/><T119/><D119/><U84/><E84/><V12/><F121/><W20/><G116/><T44/><D44/><U100/><E46/><V16/><F7/><W27/><G5/><T62/><D122/><U105/><E60/><V0/><F0/><W103/><G1/><T101/><D62/><U54/><E54/><V127/><F127/><W13/><G3/><T90/><D18/><U79/><E79/><V113/><F113/><W130/><G6/><T36/><D36/><N who="2" m="13930" /><F94/><W56/><G39/><T32/><D32/><U89/><E105/><V61/><F61/><W118/><G118/><T9/><D9/><N who="1" m="6607" /><E48/><V17/><F97/><W40/><G56/><T2/><D2/><U91/><E100/><V31/><F31/><AGARI ba="0,0" hai="29,30,31,78,82,87,88,90,92,98,101" m="38127" machi="31" ten="30,2000,0" yaku="8,1,54,1" doraHai="8" who="0" fromWho="2" sc="192,20,209,0,281,-20,318,0" owari="212,-18.8,209,-29.1,261,6.1,318,41.8" /></mjloggm>