<mjloggm ver="2.3"><GO type="225" lobby="0"/><UN n0="%72%69%6F%75%63%68%61%6E" n1="%28%EF%BF%A3%E2%96%BD%EF%BF%A3%29%CE%B4%E2%8C%92%E3%83%BB" n2="%E5%87%BA%E6%B0%B4" n3="%2D%E8%B1%8A%E5%8F%A3%E3%82%81%E3%81%90%E3%81%BF%2D" dan="17,16,16,16" rate="2149.76,2105.40,2103.30,2101.38" sx="M,M,F,F"/><TAIKYOKU oya="0"/><INIT seed="0,0,0,0,3,74" ten="250,250,250,250" oya="0" hai0="43,72,49,3,50,94,117,64,115,69,78,71,52" hai1="27,116,126,17,80,58,135,57,60,101,36,93,1" hai2="59,70,5,129,90,81,88,84,66,28,62,86,110" hai3="82,114,22,63,13,42,26,127,32,99,121,133,97"/><T23/><D115/><U92/><E36/><V96/><F110/><W25/><G114/><T75/><D117/><U11/><E116/><V40/><F129/><W125/><G133/><T31/><D3/><U54/><E135/><V76/><F28/><N who="3" m="19479" /><G13/><T45/><D94/><U77/><E126/><N who="3" m="48138" /><G121/><T2/><D2/><U111/><E111/><V68/><F5/><W37/><G63/><T38/><D49/><U39/><E39/><V123/><F123/><W29/><G82/><T106/><D106/><U55/><E101/><V89/><F40/><W98/><G37/><T19/><D31/><U128/><E128/><V4/><F4/><W104/><G42/><T109/><D109/><U107/><E107/><AGARI ba="0,0" hai="22,25,29,97,98,99,104,107" m="48138,19479" machi="107" ten="30,1000,0" yaku="18,1" doraHai="74" who="3" fromWho="1" sc="250,0,250,-10,250,0,250,10" /><INIT seed="1,0,0,0,3,54" ten="250,240,250,260" oya="1" hai0="103,80,29,112,118,90,95,1,47,21,109,52,64" hai1="30,82,40,79,106,44,69,115,125,56,129,122,25" hai2="94,12,38,28,26,57,110,32,135,130,20,31,55" hai3="3,128,85,66,24,123,42,15,105,92,67,63,88"/><U124/><E69/><V133/><F38/><W132/><G3/><T107/><D112/><U0/><E106/><V84/><F110/><W27/><G123/><T7/><D118/><U34/><E122/><V71/><F71/><W13/><G105/><T8/><D109/><U16/><E0/><V23/><F130/><W14/><G128/><T114/><D114/><U62/><E129/><V78/><F12/><W65/><G132/><N who="2" m="50761" /><F31/><W6/><G6/><T2/><D64/><U43/><E115/><V49/><F94/><W61/><G42/><T50/><D80/><AGARI ba="0,0" hai="20,23,26,28,32,49,55,57,78,80,84" m="50761" machi="80" ten="30,2000,0" yaku="20,1,52,1" doraHai="54" who="2" fromWho="0" sc="250,-20,240,0,250,20,260,0" /><INIT seed="2,0,0,5,2,3" ten="230,240,270,260" oya="2" hai0="67,55,15,80,10,16,53,9,42,11,135,5,50" hai1="23,132,58,64,59,21,66,130,4,94,29,71,47" hai2="84,13,113,77,63,116,46,107,51,108,133,85,100" hai3="123,91,82,27,110,104,30,78,120,39,35,22,88"/><V24/><F113/><W37/><G104/><T69/><D135/><U38/><E132/><V118/><F133/><W26/><G110/><T52/><D80/><U1/><E130/><V119/><F108/><W122/><G39/><T131/><D131/><U106/><E106/><V103/><F24/><W102/><G102/><T68/><D67/><U56/><E71/><V124/><F63/><W28/><REACH who="3" step="1"/><G37/><REACH who="3" ten="230,240,270,250" step="2"/><T79/><D79/><U109/><E109/><V19/><F107/><W44/><G44/><N who="0" m="25879" /><D69/><U0/><E47/><V70/><F70/><W17/><G17/><T72/><D68/><U125/><E38/><V7/><F103/><W41/><G41/><T65/><D72/><AGARI ba="0,1" hai="22,26,27,28,30,35,72,78,82,88,91,120,122,123" machi="72" ten="40,2600,0" yaku="1,1,54,1,53,0" doraHai="3" doraHaiUra="57" who="3" fromWho="0" sc="230,-26,240,0,270,0,250,36" /><INIT seed="3,0,0,2,3,50" ten="204,240,270,286" oya="3" hai0="98,76,77,22,90,2,6,99,45,126,15,134,89" hai1="109,58,27,8,101,124,60,88,122,32,57,81,41" hai2="36,17,129,14,61,108,113,9,96,54,56,94,65" hai3="34,46,74,92,51,1,135,68,75,117,16,110,59"/><W70/><G117/><T80/><D126/><U0/><E122/><V131/><F113/><W97/><G1/><T29/><D134/><U3/><E124/><V132/><F132/><W128/><G34/><T91/><D45/><U79/><E109/><V120/><F36/><W20/><G135/><T100/><D2/><U12/><E41/><V25/><F108/><W4/><G4/><T19/><D6/><U47/><E47/><V127/><F127/><W11/><G11/><T33/><D100/><U105/><E58/><V28/><F120/><W119/><G119/><T73/><REACH who="0" step="1"/><D77/><REACH who="0" ten="194,240,270,286" step="2"/><U23/><E0/><V67/><F131/><W103/><G128/><T53/><D53/><U111/><E3/><V82/><F129/><W69/><G110/><T37/><D37/><U24/><E101/><V26/><F67/><W104/><G104/><T10/><D10/><U49/><E105/><V35/><F65/><W95/><G59/><T52/><D52/><N who="1" m="33831" /><E111/><V21/><F54/><W39/><G39/><T31/><D31/><U62/><E79/><V13/><F56/><W112/><G70/><T40/><D40/><U18/><E62/><V38/><F61/><W118/><G118/><T66/><D66/><U116/><E116/><V55/><F38/><W78/><G78/><T83/><D83/><U71/><E71/><V121/><F82/><W86/><G69/><T48/><D48/><U87/><E49/><V30/><F30/><W115/><G68/><T106/><D106/><U107/><E107/><V123/><F28/><W63/><G63/><T72/><D72/><U93/><E81/><RYUUKYOKU ba="0,1" sc="194,30,240,-10,270,-10,286,-10" hai0="15,19,22,29,33,73,76,80,89,90,91,98,99" /><INIT seed="4,1,1,5,4,39" ten="224,230,260,276" oya="0" hai0="47,112,38,41,0,119,102,132,103,22,52,36,15" hai1="29,107,108,71,134,55,12,32,14,101,6,35,99" hai2="128,121,17,131,110,34,96,49,61,13,78,5,129" hai3="94,118,58,73,46,48,90,83,43,9,65,18,109"/><T42/><D119/><U117/><E117/><V92/><F110/><W31/><G109/><T124/><D0/><U66/><E108/><V7/><F121/><W57/><G31/><T68/><D68/><U116/><E116/><V115/><F34/><W59/><G73/><T30/><D112/><U133/><E55/><V1/><F1/><W113/><G83/><T105/><D124/><U114/><E35/><V120/><F120/><W72/><G72/><T27/><D132/><N who="1" m="50795" /><E6/><V75/><F61/><N who="3" m="38063" /><G113/><T62/><D105/><U63/><E114/><V86/><F75/><W56/><G118/><T4/><D4/><U8/><E8/><N who="2" m="6311" /><F49/><W10/><G18/><T50/><D15/><U87/><E87/><AGARI ba="1,1" hai="9,10,43,46,48,56,58,59,87,90,94" m="38063" machi="87" ten="30,2000,0" yaku="8,1,52,1" doraHai="39" who="3" fromWho="1" sc="224,0,230,-23,260,0,276,33" owari="224,-17.6,207,-29.3,260,6.0,309,40.9" /></mjloggm>