<mjloggm ver="2.3"><GO type="225" lobby="0"/><UN n0="%E3%81%A4%E3%81%A3%E3%81%B1%E3%82%8A%E3%83%9D%E3%83%BC%E3%83%AB" n1="%33%74%72%65%65" n2="%E6%98%93%E5%88%A9%E8%96%A9%E4%BC%AF" n3="%72%69%6F%75%63%68%61%6E" dan="17,16,16,16" rate="2222.74,2131.46,2058.61,2168.92" sx="M,F,F,M"/><TAIKYOKU oya="0"/><INIT seed="0,0,0,5,2,29" ten="250,250,250,250" oya="0" hai0="103,38,125,21,128,3,75,4,84,0,64,113,20" hai1="56,51,18,129,17,135,104,54,107,106,126,63,101" hai2="10,69,78,12,53,35,93,87,67,102,97,8,116" hai3="1,110,6,31,33,43,19,95,70,88,111,16,47"/><T28/><D113/><U27/><E135/><V83/><F116/><W61/><G6/><T132/><D75/><U99/><E129/><V82/><F69/><W119/><G119/><T23/><D38/><U9/><E126/><V120/><F120/><W114/><G1/><T90/><D132/><U121/><E121/><V34/><F67/><N who="3" m="41327" /><G114/><T5/><D128/><U49/><E9/><V30/><F30/><W86/><G31/><T32/><D125/><U2/><E2/><V122/><F122/><W45/><G33/><T76/><D76/><U85/><E85/><V59/><F83/><W42/><G47/><T50/><D64/><U40/><E27/><V131/><F10/><W71/><G71/><T77/><D77/><U133/><E133/><V91/><F78/><W105/><G105/><T81/><D103/><U115/><E115/><V26/><F26/><W62/><G62/><T41/><D3/><U79/><E79/><V15/><F15/><W7/><G7/><T124/><D124/><U55/><E106/><V44/><F44/><W24/><G24/><T96/><D96/><U123/><E104/><V37/><F37/><N who="3" m="21711" /><G43/><T117/><D117/><U65/><E40/><V22/><F22/><W118/><G118/><T108/><D0/><U100/><E123/><V73/><F73/><W52/><G52/><N who="1" m="20010" /><E101/><V134/><F134/><W92/><G92/><T66/><D5/><U72/><E72/><V39/><F39/><W74/><G74/><T11/><D4/><U127/><E127/><V25/><F25/><W36/><G36/><T60/><D41/><U46/><E46/><RYUUKYOKU ba="0,0" sc="250,-15,250,15,250,-15,250,15" hai1="17,18,49,51,56,63,65,99,100,107" hai3="16,19,86,88,95,110,111" /><INIT seed="1,1,0,2,4,25" ten="235,265,235,265" oya="1" hai0="47,52,41,99,27,108,5,26,122,112,51,105,46" hai1="12,33,20,87,115,90,118,86,124,9,60,14,8" hai2="67,58,68,17,1,75,2,23,98,59,96,63,70" hai3="64,40,131,56,81,92,126,89,111,107,34,10,19"/><U35/><E115/><V3/><F75/><W39/><G107/><T0/><D112/><U36/><E36/><V44/><F44/><W85/><G111/><T100/><D108/><U54/><E118/><V93/><F59/><W130/><G126/><T95/><D122/><U125/><E60/><V6/><F6/><W43/><G34/><T30/><D105/><U45/><E45/><V79/><F79/><W31/><G31/><T7/><D0/><U71/><E20/><V120/><F120/><W84/><G39/><T114/><D27/><U53/><REACH who="1" step="1"/><E90/><REACH who="1" ten="235,255,235,265" step="2"/><V28/><F98/><W121/><G121/><T42/><D114/><U62/><E62/><V15/><REACH who="2" step="1"/><F28/><REACH who="2" ten="235,255,225,265" step="2"/><W83/><G131/><T110/><D110/><U106/><E106/><V116/><F116/><W109/><G130/><T55/><D42/><U22/><E22/><V32/><F32/><W29/><G109/><T88/><D47/><U134/><E134/><V4/><F4/><N who="0" m="1610" /><D88/><AGARI ba="1,2" hai="1,2,3,15,17,23,58,63,67,68,70,88,93,96" machi="88" ten="40,2600,0" yaku="1,1,54,1,53,0" doraHai="25" doraHaiUra="21" who="2" fromWho="0" sc="235,-29,255,0,225,49,265,0" /><INIT seed="2,0,0,2,1,82" ten="206,255,274,265" oya="2" hai0="122,22,127,91,80,45,68,104,55,129,74,102,2" hai1="112,85,20,37,114,117,10,23,60,133,57,100,134" hai2="107,34,110,3,92,89,33,51,59,61,53,48,123" hai3="46,72,95,24,86,125,81,135,6,66,40,105,9"/><V16/><F123/><W128/><G105/><T44/><D122/><U21/><E117/><V41/><F107/><W119/><G119/><T98/><D68/><U47/><E100/><V38/><F3/><W126/><G128/><T58/><D129/><U96/><E96/><V77/><F77/><W63/><G135/><N who="1" m="51722" /><E10/><V43/><F38/><W31/><G72/><T124/><D2/><U7/><E7/><V115/><F115/><W30/><G95/><T118/><D118/><U11/><E11/><V35/><F110/><W27/><G27/><T94/><D22/><U131/><E131/><V0/><F0/><W62/><G62/><T78/><D127/><N who="3" m="48649" /><G24/><T79/><D79/><U67/><E114/><V15/><F61/><W101/><G101/><T13/><D13/><U8/><E112/><V50/><F50/><N who="3" m="26951" /><G6/><T70/><D70/><U97/><E37/><V12/><F51/><W109/><G9/><T113/><D113/><U106/><E8/><V64/><F64/><W26/><G26/><T87/><D124/><U39/><E106/><V65/><F65/><W103/><G103/><T99/><D99/><U29/><E97/><V90/><F15/><W120/><G109/><T36/><D36/><U108/><E108/><V69/><F69/><N who="3" m="42207" /><G120/><T93/><D93/><U52/><E29/><V54/><F35/><W42/><G42/><N who="2" m="15881" /><F92/><W132/><G132/><T56/><D56/><U5/><E39/><V25/><F34/><W18/><G18/><T32/><D32/><U28/><E28/><N who="2" m="19599" /><F54/><W75/><G75/><T88/><D91/><AGARI ba="0,0" hai="30,31,81,86,91" m="42207,26951,48649" machi="91" ten="30,2000,0" yaku="18,1,52,1" doraHai="82" who="3" fromWho="0" sc="206,-20,255,0,274,0,265,20" /><INIT seed="3,0,0,1,2,83" ten="186,255,274,285" oya="3" hai0="105,90,95,132,25,23,36,114,1,42,92,31,34" hai1="69,20,15,100,51,124,71,48,33,128,129,4,6" hai2="63,84,77,70,0,108,21,80,66,74,76,123,50" hai3="118,26,3,37,112,16,59,35,93,55,131,101,104"/><W89/><G112/><T27/><D132/><U44/><E33/><V7/><F108/><W29/><G118/><T75/><D114/><U47/><E20/><V49/><F123/><W28/><G3/><T120/><D120/><U32/><E32/><V12/><F0/><W9/><G37/><T94/><D105/><U115/><E115/><V18/><F7/><W97/><G131/><T8/><D75/><U40/><E100/><V125/><F125/><W24/><G9/><T57/><D57/><U11/><E124/><V109/><F109/><W103/><G16/><T134/><D134/><U72/><E72/><V88/><F77/><W39/><G39/><T45/><D8/><U81/><E81/><AGARI ba="0,0" hai="12,18,21,49,50,63,66,70,74,76,80,81,84,88" machi="81" ten="30,3900,0" yaku="7,1,52,1,54,1" doraHai="83" who="2" fromWho="1" sc="186,0,255,-39,274,39,285,0" owari="186,-31.4,216,-18.4,313,41.3,285,8.5" /></mjloggm>