<mjloggm ver="2.3"><GO type="225" lobby="0"/><UN n0="%E3%83%B4%E3%83%A0%EF%BC%99%E3%81%A6" n1="%E3%81%AF%E3%82%88%E3%81%8A%E3%81%98%E3%81%95%E3%82%93" n2="%E5%B8%86%E7%AB%8B%E5%A4%8F%E8%A1%A3" n3="%E5%80%89%E6%A9%8B%EF%BC%A0%E4%BA%8B%E5%8B%99" dan="17,16,17,16" rate="2171.93,2152.99,2162.77,2131.16" sx="M,M,M,M"/><TAIKYOKU oya="0"/><INIT seed="0,0,0,5,2,117" ten="250,250,250,250" oya="0" hai0="105,101,28,116,113,96,9,52,68,4,39,53,130" hai1="61,123,40,103,129,69,27,49,131,133,72,46,83" hai2="122,18,99,22,47,24,126,115,119,16,84,32,135" hai3="17,57,23,44,91,14,87,97,81,82,90,43,71"/><T20/><D116/><U132/><E103/><V63/><F119/><W86/><G71/><T0/><D113/><U31/><E83/><V41/><F115/><W102/><G57/><T66/><D130/><N who="1" m="49675" /><E72/><V100/><F126/><W76/><G76/><T33/><D20/><U80/><E80/><V36/><F122/><W37/><G102/><T56/><D56/><U134/><E27/><V42/><F135/><W12/><REACH who="3" step="1"/><G97/><REACH who="3" ten="250,250,250,240" step="2"/><T95/><D105/><U112/><E112/><V34/><F99/><W30/><G30/><T60/><REACH who="0" step="1"/><D39/><REACH who="0" ten="240,250,250,240" step="2"/><U8/><E31/><V98/><F36/><W128/><G128/><T59/><D59/><U106/><E106/><V94/><F100/><W111/><G111/><T35/><D35/><U78/><E133/><V5/><F34/><W118/><G118/><T65/><D65/><U48/><E132/><V79/><F32/><W107/><G107/><T11/><D11/><U1/><E134/><V45/><F22/><W54/><G54/><T114/><D114/><U74/><E8/><V21/><F21/><W29/><G29/><T25/><AGARI ba="0,2" hai="0,4,9,25,28,33,52,53,60,66,68,95,96,101" machi="25" ten="30,6000,0" yaku="1,1,0,1,54,1,53,0" doraHai="117" doraHaiUra="109" who="0" fromWho="0" sc="240,80,250,-20,250,-20,240,-20" /><INIT seed="0,1,0,2,2,13" ten="320,230,230,220" oya="0" hai0="33,36,46,131,88,40,67,27,130,12,47,53,85" hai1="9,48,45,121,81,70,62,35,111,129,134,87,105" hai2="103,71,66,4,91,17,51,69,114,11,29,98,107" hai3="82,92,84,0,32,99,41,133,21,31,96,3,79"/><T119/><D119/><U14/><E121/><V76/><F114/><W89/><G133/><T73/><D73/><U93/><E105/><V34/><F76/><W10/><G32/><T106/><D106/><U94/><E35/><V123/><F123/><W128/><G128/><N who="0" m="49195" /><D67/><U90/><E129/><V22/><F51/><W25/><G41/><T20/><D12/><U42/><E111/><V39/><F39/><W112/><G112/><T86/><D33/><U122/><E122/><V2/><F66/><W115/><G115/><T60/><D85/><U23/><E134/><V28/><F91/><W95/><REACH who="3" step="1"/><G10/><REACH who="3" ten="320,230,230,210" step="2"/><T132/><D132/><U120/><E120/><V63/><F34/><W118/><G118/><T16/><D40/><U77/><E9/><V5/><F11/><W64/><G64/><T125/><D36/><U80/><E42/><V83/><F4/><W126/><G126/><T135/><D125/><U117/><E117/><V97/><F5/><W30/><G30/><T49/><D135/><U6/><E6/><V110/><F29/><W59/><G59/><N who="0" m="33199" /><D60/><U1/><E62/><V26/><F63/><W24/><G24/><T108/><D108/><U100/><E45/><V113/><F110/><W116/><G116/><T55/><D55/><U8/><E8/><V43/><F113/><W58/><G58/><T102/><D102/><AGARI ba="1,1" hai="0,3,21,25,31,79,82,84,89,92,95,96,99,102" machi="102" ten="30,2000,0" yaku="1,1,7,1,53,0" doraHai="13" doraHaiUra="50" who="3" fromWho="0" sc="320,-23,230,0,230,0,210,33" /><INIT seed="1,0,0,4,2,31" ten="297,230,230,243" oya="1" hai0="98,68,70,91,18,74,40,80,34,135,21,11,35" hai1="53,76,127,29,94,37,27,132,19,128,72,7,28" hai2="45,103,49,118,75,126,59,61,105,30,106,32,5" hai3="104,89,90,131,60,92,23,57,84,13,120,66,62"/><U129/><E37/><V33/><F75/><W26/><G120/><T117/><D117/><U63/><E127/><V112/><F118/><W133/><G104/><T130/><D11/><U1/><E132/><V134/><F134/><W41/><G133/><T17/><D135/><U102/><E76/><V107/><F126/><W93/><G131/><N who="1" m="50250" /><E72/><V79/><F112/><W2/><G2/><T22/><D130/><U64/><E53/><V87/><F5/><W15/><G62/><T46/><D74/><U125/><E125/><V8/><F8/><W108/><G41/><T52/><D52/><U47/><E47/><V67/><F103/><W65/><G65/><T116/><D116/><U114/><E114/><V86/><F30/><W110/><G108/><T109/><D109/><U42/><E42/><V44/><F44/><W97/><REACH who="3" step="1"/><G110/><REACH who="3" ten="297,230,230,233" step="2"/><T88/><D40/><U3/><E63/><V4/><F61/><W78/><G78/><T39/><D68/><U83/><E64/><V123/><F67/><W96/><G96/><T71/><D98/><N who="1" m="59735" /><E1/><V50/><F79/><W54/><G54/><T14/><D70/><U119/><E119/><V81/><F123/><W99/><G99/><T113/><D71/><U100/><E3/><V111/><F111/><W73/><G73/><T24/><D113/><U10/><E100/><V9/><F50/><W85/><G85/><N who="0" m="50215" /><D91/><U56/><E56/><V121/><F59/><W69/><G69/><T101/><D101/><U16/><E83/><V55/><F121/><W124/><G124/><T48/><D48/><U43/><E43/><V77/><F86/><RYUUKYOKU ba="0,1" sc="297,10,230,-30,230,10,233,10" hai0="14,17,18,21,22,24,34,35,39,46" hai2="4,9,32,33,45,49,55,77,81,87,105,106,107" hai3="13,15,23,26,57,60,66,84,89,90,92,93,97" /><INIT seed="2,1,1,3,0,43" ten="307,200,240,243" oya="2" hai0="2,108,75,131,36,58,34,4,81,39,35,121,100" hai1="86,23,93,17,120,27,89,95,13,90,107,28,79" hai2="69,118,127,41,111,8,26,94,29,25,134,98,96" hai3="71,109,64,12,78,51,62,67,103,132,116,60,54"/><V33/><F118/><W38/><G78/><N who="0" m="44255" /><D121/><U114/><E114/><V104/><F69/><N who="3" m="42119" /><G12/><T112/><D112/><U91/><E107/><V3/><F134/><W18/><G18/><T24/><D58/><U6/><E120/><V97/><F127/><W80/><G80/><T1/><D108/><U99/><E6/><V52/><F111/><W85/><G85/><T101/><D101/><U10/><REACH who="1" step="1"/><E79/><REACH who="1" ten="307,190,240,243" step="2"/><V37/><F104/><W20/><G109/><T11/><D4/><U14/><E14/><V19/><F3/><W32/><G116/><T56/><D1/><U105/><E105/><V53/><F94/><W65/><G132/><T77/><D77/><U5/><E5/><V70/><F70/><W83/><G83/><T88/><D2/><U59/><E59/><V102/><F102/><AGARI ba="1,2" hai="10,13,17,23,27,28,86,89,90,91,93,95,99,102" machi="102" ten="30,7700,0" yaku="1,1,7,1,8,1,53,1" doraHai="43" doraHaiUra="22" who="1" fromWho="2" sc="307,0,190,100,240,-80,243,0" /><INIT seed="3,0,0,0,4,30" ten="307,290,160,243" oya="3" hai0="95,65,74,109,122,84,90,38,92,106,89,101,14" hai1="33,112,27,53,58,115,77,59,8,34,7,13,35" hai2="66,79,39,119,29,69,88,9,93,41,37,121,86" hai3="2,94,21,127,73,91,83,6,18,1,3,123,16"/><W4/><G123/><T50/><D38/><U42/><E42/><V75/><F119/><W22/><G83/><T70/><D122/><U98/><E77/><V47/><F121/><W116/><G73/><T78/><D109/><U100/><E27/><V63/><F29/><W71/><G71/><T32/><D32/><U85/><E85/><V110/><F110/><W51/><G51/><T44/><D14/><U129/><E129/><V54/><F39/><W76/><G76/><T118/><D118/><U5/><E5/><N who="3" m="2154" /><G94/><T46/><D89/><U61/><REACH who="1" step="1"/><E59/><REACH who="1" ten="307,280,160,243" step="2"/><V126/><F126/><W55/><G91/><T102/><D102/><U87/><E87/><V96/><F75/><W11/><G55/><T40/><D78/><U72/><E72/><V125/><F125/><W25/><G127/><T80/><D74/><U20/><E20/><V49/><F9/><W114/><G116/><T130/><D130/><U64/><E64/><V99/><REACH who="2" step="1"/><F79/><REACH who="2" ten="307,280,150,243" step="2"/><W132/><G114/><T108/><D108/><U68/><E68/><V36/><F36/><W10/><G132/><T15/><D70/><U43/><E43/><V82/><F82/><W56/><G10/><T105/><D80/><U31/><E31/><V120/><F120/><W117/><G117/><T67/><D40/><U62/><E62/><V104/><F104/><AGARI ba="0,2" hai="7,8,13,33,34,35,53,58,61,98,100,104,112,115" machi="104" ten="40,8000,1" yaku="1,1,52,3,53,0" doraHai="30" doraHaiUra="60" who="1" fromWho="2" sc="307,0,280,100,150,-80,243,0" owari="307,10.7,380,48.0,70,-43.0,243,-15.7" /></mjloggm>