<mjloggm ver="2.3"><GO type="225" lobby="0"/><UN n0="%E3%81%AF%E3%82%88%E3%81%8A%E3%81%98%E3%81%95%E3%82%93" n1="%E8%83%83%E3%81%A8%E8%85%B8" n2="%E3%82%B7%E3%83%B3%E5%A4%AA%E6%9C%97" n3="%E8%B6%85%E7%B4%9A%E9%B3%B3%E5%87%B0" dan="17,17,16,16" rate="2177.85,2245.94,2168.24,2119.26" sx="M,M,M,M"/><TAIKYOKU oya="0"/><INIT seed="0,0,0,5,4,23" ten="250,250,250,250" oya="0" hai0="85,100,25,55,21,47,54,96,41,88,66,123,125" hai1="129,46,114,34,121,57,8,31,112,1,97,130,40" hai2="93,32,37,82,24,98,9,134,42,10,43,20,22" hai3="3,87,79,120,118,60,30,107,14,122,75,77,35"/><T61/><D125/><U78/><E78/><V105/><F105/><W101/><G118/><T73/><D123/><N who="3" m="47145" /><G3/><T7/><D73/><U6/><E97/><V58/><F134/><W19/><G75/><T84/><D7/><U113/><E57/><V90/><F32/><W4/><G4/><T16/><D85/><U91/><E91/><V128/><F128/><N who="1" m="49257" /><E46/><V69/><F69/><W131/><G131/><T71/><D96/><U62/><E62/><V92/><F82/><W127/><G127/><T51/><D100/><U135/><E40/><V33/><F33/><W83/><G60/><T115/><D115/><U133/><E121/><V89/><F58/><W15/><G79/><T94/><AGARI ba="0,0" hai="16,21,25,41,47,51,54,55,61,66,71,84,88,94" machi="94" ten="20,12000,1" yaku="0,1,7,1,52,1,54,2" doraHai="23" who="0" fromWho="0" sc="250,120,250,-40,250,-40,250,-40" /><INIT seed="0,1,0,3,5,35" ten="370,210,210,210" oya="0" hai0="125,31,99,13,40,8,24,108,17,113,19,135,112" hai1="68,131,52,44,93,50,28,33,118,129,1,26,60" hai2="42,98,79,3,12,126,81,16,61,39,67,92,116" hai3="29,25,77,64,5,62,66,91,53,96,46,63,123"/><T58/><D40/><U88/><E118/><V7/><F116/><W130/><G130/><N who="1" m="49674" /><E68/><V103/><F126/><W107/><G123/><T85/><D85/><N who="1" m="52367" /><E60/><V111/><F111/><W27/><G77/><T114/><D99/><U47/><E47/><V83/><F39/><W133/><G133/><T121/><D58/><U75/><E75/><V20/><F42/><W32/><G5/><T37/><D37/><U76/><E76/><V109/><F109/><W6/><G6/><T127/><D108/><U80/><E80/><V134/><F134/><W45/><G25/><T105/><D105/><U23/><E33/><V106/><F106/><W87/><G64/><T74/><D74/><U78/><E78/><V100/><F100/><W36/><G36/><T15/><D135/><U4/><E4/><V72/><F83/><W10/><G63/><T14/><D121/><U65/><E65/><V86/><F72/><W11/><G46/><T119/><D119/><U124/><E124/><N who="0" m="47689" /><D8/><U102/><E102/><V54/><F7/><W57/><G45/><T59/><D59/><U18/><E28/><V43/><F43/><W41/><G41/><T69/><D69/><U55/><E55/><V120/><F120/><W73/><G73/><T122/><D122/><U34/><E34/><AGARI ba="1,0" hai="13,14,15,17,19,24,31,34,112,113,114" m="47689" machi="34" ten="40,7700,0" yaku="18,1,34,2" doraHai="35" who="0" fromWho="1" sc="370,80,210,-80,210,0,210,0" /><INIT seed="0,2,0,3,3,47" ten="450,130,210,210" oya="0" hai0="102,62,37,104,81,52,34,27,22,89,9,55,103" hai1="122,83,50,79,42,64,53,17,132,31,48,49,73" hai2="114,124,96,85,44,105,90,98,84,76,121,70,87" hai3="2,12,133,7,58,20,106,118,110,57,25,46,113"/><T95/><D37/><U80/><E122/><V131/><F70/><W127/><G113/><T35/><D104/><U69/><E132/><V123/><F44/><W91/><G118/><T41/><D34/><U23/><E31/><V100/><F114/><W19/><G106/><T45/><D35/><U129/><E129/><V135/><F131/><W59/><G133/><T63/><D9/><U128/><E128/><V38/><F38/><W99/><G110/><T108/><D108/><U71/><E42/><V119/><F135/><W6/><G127/><T21/><D81/><U40/><E40/><V16/><F16/><W43/><G2/><T4/><D4/><U65/><E80/><N who="2" m="47111" /><F124/><W112/><G112/><T86/><D41/><U74/><E74/><V134/><F134/><W68/><G68/><T51/><D21/><U29/><E29/><V10/><F10/><W39/><G25/><T26/><D26/><U32/><E32/><V61/><F61/><N who="0" m="23050" /><D55/><U67/><REACH who="1" step="1"/><E53/><REACH who="1" ten="450,120,210,210" step="2"/><V60/><F119/><W56/><G39/><T120/><D120/><U28/><E28/><AGARI ba="2,1" hai="22,27,28,45,51,52,86,89,95,102,103" m="23050" machi="28" ten="30,5800,0" yaku="8,1,52,1,54,1" doraHai="47" who="0" fromWho="1" sc="450,74,120,-64,210,0,210,0" /><INIT seed="0,3,0,4,1,98" ten="524,56,210,210" oya="0" hai0="70,82,85,11,87,126,66,113,111,105,35,52,23" hai1="93,36,67,40,99,130,71,16,96,112,97,79,22" hai2="58,120,4,115,128,31,63,100,72,109,81,8,15" hai3="62,119,50,51,1,78,134,10,89,60,48,7,5"/><T12/><D35/><U28/><E130/><V91/><F109/><W65/><G119/><T118/><D113/><U18/><E112/><V59/><F115/><W77/><G134/><T110/><D118/><U27/><E79/><V133/><F128/><W114/><G114/><T117/><D117/><U42/><E36/><V92/><F133/><W74/><G5/><T2/><D105/><U54/><E54/><V125/><F125/><W13/><G1/><T57/><D126/><U73/><E73/><V38/><F38/><W6/><G74/><T37/><D37/><U135/><E135/><V132/><F132/><W32/><G32/><T17/><D70/><U90/><E67/><V124/><F124/><W121/><G121/><T39/><D66/><U106/><E71/><V43/><F43/><N who="1" m="16425" /><E106/><V19/><F58/><W123/><G123/><T129/><D39/><U20/><E28/><V84/><F31/><W64/><G89/><T94/><D129/><U33/><E33/><V80/><F120/><W69/><REACH who="3" step="1"/><G6/><REACH who="3" ten="524,56,210,200" step="2"/><T95/><D2/><U55/><E55/><V25/><F72/><W83/><G83/><T76/><D82/><U56/><E56/><AGARI ba="3,1" hai="7,10,13,48,50,51,56,60,62,64,65,69,77,78" machi="56" ten="40,5200,0" yaku="1,1,53,2" doraHai="98" doraHaiUra="61" who="3" fromWho="1" sc="524,0,56,-61,210,0,200,71" owari="524,62.4,-5,-50.5,210,-19.0,271,7.1" /></mjloggm>