<mjloggm ver="2.3"><GO type="225" lobby="0"/><UN n0="%E3%81%B2%E3%81%AA%E3%81%AE%E3%82%8A%E3%81%8F" n1="%E3%81%A9%E3%82%93%E3%82%88%E3%81%8F%4D%6B%2E%32" n2="%E3%81%AA%E3%81%A1%30%39%32%37" n3="%6D%75%75%6D%75%72%61" dan="17,16,16,17" rate="2131.63,2160.42,2080.72,2149.69" sx="M,M,M,F"/><TAIKYOKU oya="0"/><INIT seed="0,0,0,2,5,90" ten="250,250,250,250" oya="0" hai0="100,3,56,52,99,92,89,125,85,118,86,0,25" hai1="88,42,123,78,116,87,72,112,133,20,39,47,82" hai2="119,27,97,4,31,83,8,81,71,37,61,124,106" hai3="58,59,53,64,134,48,40,24,127,33,110,113,70"/><T73/><D118/><U43/><E116/><V111/><F119/><W15/><G113/><T67/><D73/><U115/><E123/><V21/><F111/><W49/><G110/><T66/><D86/><U122/><E122/><V16/><F124/><W1/><G1/><T109/><D125/><U135/><E20/><V41/><F37/><W60/><G127/><T32/><D109/><U79/><E43/><V96/><F41/><W131/><G131/><T38/><D38/><U30/><E30/><V77/><F31/><W84/><G134/><N who="1" m="51210" /><E79/><V13/><F106/><W46/><G24/><T51/><D32/><U104/><E104/><V105/><F105/><W22/><G33/><T11/><D25/><U26/><E26/><V114/><F114/><W102/><G102/><T18/><D18/><U28/><E28/><V65/><REACH who="2" step="1"/><F83/><AGARI ba="0,0" hai="39,42,47,72,78,82,83,87,88,112,115" m="51210" machi="83" ten="30,2000,0" yaku="20,1,54,1" doraHai="90" who="1" fromWho="2" sc="250,0,250,20,250,-20,250,0" /><INIT seed="1,0,0,4,4,30" ten="250,270,230,250" oya="1" hai0="121,109,14,77,76,129,46,128,38,96,119,35,10" hai1="23,6,117,50,39,125,26,28,86,92,21,65,40" hai2="4,1,24,37,124,70,16,95,57,49,75,113,97" hai3="131,112,130,111,3,19,29,105,120,63,122,91,22"/><U80/><E117/><V118/><F118/><W8/><G105/><T47/><D119/><U69/><E39/><V61/><F37/><W11/><G91/><T43/><D109/><U20/><E125/><V13/><F75/><W45/><G45/><T66/><D121/><N who="3" m="46697" /><G63/><T108/><D108/><U88/><E6/><V55/><F124/><W116/><G111/><T79/><D47/><N who="1" m="25959" /><E69/><V64/><F113/><W5/><G116/><T36/><D36/><U31/><E65/><V51/><F24/><N who="3" m="16535" /><G112/><T59/><D96/><N who="1" m="57351" /><E31/><V110/><F110/><W85/><G85/><T67/><D59/><U104/><E104/><V42/><F4/><N who="3" m="1055" /><G19/><T41/><D41/><U71/><E71/><V123/><F42/><W18/><G18/><T82/><D67/><U58/><E58/><V133/><F123/><W83/><G83/><T107/><D82/><U68/><E68/><V134/><F70/><W33/><G33/><T87/><D66/><U101/><E101/><V0/><F64/><W62/><G62/><T106/><D35/><U126/><E126/><V100/><F61/><W93/><G93/><T32/><D32/><U102/><E102/><V25/><F51/><W12/><AGARI ba="0,0" hai="5,11,12,130,131" m="1055,16535,46697" machi="12" ten="30,2000,0" yaku="34,2" doraHai="30" who="3" fromWho="3" sc="250,-5,270,-10,230,-5,250,20" /><INIT seed="2,0,0,2,4,90" ten="245,260,225,270" oya="2" hai0="119,48,75,28,36,18,33,7,21,4,77,39,61" hai1="66,0,76,125,24,58,117,2,132,131,63,15,105" hai2="10,38,118,89,59,51,11,13,65,14,40,85,78" hai3="122,16,5,103,123,32,52,20,43,29,80,42,23"/><V110/><F118/><W74/><G32/><T83/><D119/><U6/><E117/><V26/><F38/><W130/><G130/><T88/><D33/><U27/><E105/><V56/><F110/><W46/><G5/><T98/><D28/><U106/><E106/><V9/><F78/><W102/><G74/><T93/><D39/><U22/><E131/><V107/><F107/><W96/><G80/><T97/><D97/><U127/><E76/><V72/><F72/><W86/><G86/><T71/><D36/><U104/><E104/><V100/><F100/><N who="3" m="38443" /><G96/><T31/><D31/><U87/><E87/><V30/><F40/><W67/><G67/><T112/><D112/><U129/><E129/><V82/><F65/><W37/><G37/><T69/><D48/><U79/><E79/><V94/><F82/><W113/><G113/><T116/><D116/><U120/><E120/><V49/><F49/><N who="3" m="28727" /><G123/><T17/><D61/><U99/><E99/><V114/><F114/><W54/><G54/><T101/><D101/><U91/><E91/><V44/><F44/><W55/><G55/><T53/><D53/><U109/><E6/><V19/><F51/><W57/><G57/><N who="2" m="22089" /><F13/><N who="3" m="9231" /><G122/><T70/><REACH who="0" step="1"/><D18/><REACH who="0" ten="235,260,225,270" step="2"/><U64/><E63/><V47/><F47/><W135/><G135/><T3/><D3/><U41/><E0/><V133/><F133/><W12/><G12/><AGARI ba="0,1" hai="4,7,12,17,21,69,70,71,75,77,83,88,93,98" machi="12" ten="40,8000,1" yaku="1,1,52,1,54,1,53,1" doraHai="90" doraHaiUra="73" who="0" fromWho="3" sc="235,90,260,0,225,0,270,-80" /><INIT seed="3,0,0,2,1,20" ten="325,260,225,190" oya="3" hai0="33,10,110,51,60,8,41,126,36,68,118,99,57" hai1="105,65,30,13,69,43,32,14,12,98,111,134,73" hai2="11,56,44,61,58,103,35,129,74,122,64,114,71" hai3="75,104,112,72,117,31,79,6,48,9,29,96,90"/><W63/><G112/><T132/><D33/><U4/><E73/><V80/><F114/><W100/><G117/><T50/><D118/><U37/><E134/><V49/><F129/><W34/><G90/><T115/><D68/><U45/><E111/><V0/><F35/><W86/><G86/><T124/><D110/><U87/><E87/><V52/><F122/><W2/><G48/><N who="0" m="18475" /><D132/><U1/><E1/><V125/><F125/><N who="0" m="48234" /><D99/><U22/><E4/><V97/><F11/><W53/><G79/><T120/><D120/><U76/><E22/><V19/><F19/><W23/><G34/><T21/><D21/><U83/><E83/><V85/><F0/><W102/><G102/><T89/><D89/><U70/><E76/><V54/><F54/><W26/><REACH who="3" step="1"/><G31/><REACH who="3" ten="325,260,225,180" step="2"/><T130/><D115/><U28/><E32/><V109/><F74/><W3/><G3/><T16/><D130/><U106/><E28/><V66/><F109/><W82/><G82/><T93/><D36/><U25/><E30/><V108/><F108/><W116/><G116/><T24/><D41/><U91/><E91/><V42/><F85/><W94/><G94/><T92/><D92/><U88/><E88/><V101/><F80/><W18/><G18/><T131/><D93/><U39/><E39/><N who="2" m="21599" /><F97/><W107/><G107/><T46/><D131/><U47/><E98/><V135/><F135/><W5/><G5/><T27/><D16/><U40/><E105/><V38/><F38/><W123/><G123/><T15/><D8/><U113/><E106/><V55/><F71/><W119/><G119/><T133/><D10/><RYUUKYOKU ba="0,1" sc="325,-15,260,-15,225,15,180,15" hai2="49,52,55,56,58,61,64,66,101,103" hai3="2,6,9,23,26,29,53,63,72,75,96,100,104" /><INIT seed="3,1,1,3,1,1" ten="310,245,240,195" oya="3" hai0="44,21,121,62,118,5,106,109,126,58,127,9,40" hai1="82,31,6,134,13,79,4,73,128,132,54,114,123" hai2="47,77,115,122,51,53,3,59,37,38,76,111,29" hai3="65,34,2,52,30,69,64,98,80,63,22,74,17"/><W35/><G2/><T88/><D106/><U95/><E123/><V45/><F3/><W101/><G65/><T104/><D104/><U129/><E114/><V120/><F29/><W124/><G124/><N who="0" m="47659" /><D118/><U36/><E36/><N who="2" m="13931" /><F111/><W99/><G30/><T50/><D109/><U85/><E31/><V43/><F115/><W61/><G74/><T91/><D21/><U83/><E95/><V57/><F77/><W96/><G101/><T27/><D27/><U14/><E54/><N who="2" m="31967" /><F76/><W133/><G133/><N who="1" m="51306" /><E14/><V113/><F113/><W135/><G135/><T84/><D84/><U28/><E28/><V72/><F72/><W71/><G80/><T19/><D19/><U102/><E102/><V94/><F94/><W56/><REACH who="3" step="1"/><G71/><REACH who="3" ten="310,245,240,185" step="2"/><T33/><D121/><N who="2" m="46698" /><F43/><W117/><G117/><T67/><D33/><U25/><E83/><V100/><F100/><W42/><G42/><T131/><D131/><U90/><E73/><V112/><F112/><W12/><AGARI ba="1,2" hai="12,17,22,34,35,52,56,61,63,64,69,96,98,99" machi="12" ten="30,11700,0" yaku="1,1,0,1,54,1,53,1" doraHai="1" doraHaiUra="55" who="3" fromWho="3" sc="310,-40,245,-40,240,-40,185,140" owari="270,7.0,205,-19.5,200,-30.0,325,42.5" /></mjloggm>