<mjloggm ver="2.3"><GO type="225" lobby="0"/><UN n0="%43%68%65" n1="%E4%B8%89%E5%86%A0%E7%8E%8B%E3%83%BB%E5%B1%B1%E7%94%B0%E5%93%B2%E4%BA%BA" n2="%E5%B8%86%E7%AB%8B%E5%A4%8F%E8%A1%A3" n3="%72%61%6B%33" dan="16,16,17,16" rate="2082.25,2138.17,2146.86,2214.07" sx="M,M,M,M"/><TAIKYOKU oya="0"/><INIT seed="0,0,0,3,4,22" ten="250,250,250,250" oya="0" hai0="0,55,123,131,26,61,57,114,74,97,17,8,39" hai1="94,133,122,32,50,120,86,19,81,67,128,45,30" hai2="62,78,37,103,102,9,88,72,31,16,36,65,71" hai3="6,21,11,2,115,127,82,85,20,119,40,100,121"/><T87/><D114/><U3/><E3/><V68/><F68/><W41/><G115/><T101/><D74/><U18/><E133/><V106/><F31/><W53/><G119/><T12/><D123/><U38/><E38/><V14/><F102/><W77/><G121/><T73/><D73/><U27/><E18/><V126/><F126/><W56/><G127/><T52/><D131/><U98/><E67/><V15/><F15/><W130/><G130/><T29/><D39/><U89/><E19/><V28/><F28/><W99/><G21/><T124/><D124/><U4/><E4/><V47/><F47/><W96/><G20/><N who="0" m="15559" /><D0/><U60/><E60/><V51/><F51/><W64/><G64/><N who="0" m="38959" /><D87/><U109/><E128/><V34/><F34/><W132/><G132/><T75/><D75/><U23/><E32/><V112/><F112/><W90/><G77/><T59/><D59/><U134/><E134/><V118/><F118/><W117/><G117/><T135/><D135/><U44/><E122/><V25/><F78/><W125/><G125/><T104/><D104/><U129/><E120/><V43/><F72/><W105/><G99/><T93/><AGARI ba="0,0" hai="8,12,17,52,55,93,97,101" m="38959,15559" machi="93" ten="30,11700,0" yaku="25,1,8,1,52,1,54,1" doraHai="22" who="0" fromWho="0" sc="250,117,250,-39,250,-39,250,-39" /><INIT seed="0,1,0,4,5,94" ten="367,211,211,211" oya="0" hai0="135,92,58,24,106,21,6,121,26,72,107,118,103" hai1="29,81,37,99,85,95,79,128,88,43,49,56,40" hai2="66,119,132,134,54,34,44,115,129,27,42,83,130" hai3="7,46,96,31,125,61,32,109,108,69,84,104,23"/><T38/><D118/><U100/><E128/><N who="2" m="49259" /><F83/><W131/><G131/><T16/><D121/><U68/><E68/><V127/><F34/><W91/><G125/><T8/><D38/><U73/><E37/><N who="2" m="21583" /><F27/><N who="3" m="18559" /><G46/><T112/><D72/><U65/><E29/><V102/><F102/><N who="3" m="62535" /><G23/><T87/><D112/><U67/><E67/><V105/><F105/><W57/><G7/><T124/><D135/><N who="2" m="51754" /><F115/><W122/><G122/><T15/><D124/><U114/><E114/><V50/><F127/><W90/><G84/><T45/><D26/><U4/><E4/><V39/><F39/><W36/><G36/><T2/><D2/><U52/><REACH who="1" step="1"/><E65/><REACH who="1" ten="367,201,211,211" step="2"/><V53/><F66/><N who="3" m="41167" /><G57/><T64/><D58/><U11/><E11/><V97/><F119/><W28/><G28/><T55/><D64/><U62/><E62/><V47/><F97/><W41/><G41/><AGARI ba="1,1" hai="41,47,50,53,54" m="51754,21583,49259" machi="41" ten="30,7700,0" yaku="19,1,20,1,34,2" doraHai="94" who="2" fromWho="3" sc="367,0,201,0,211,90,211,-80" /><INIT seed="1,0,0,3,0,29" ten="367,201,301,131" oya="1" hai0="18,92,8,20,121,7,36,77,28,108,21,57,80" hai1="35,110,69,95,103,105,1,66,102,128,43,50,9" hai2="73,39,70,61,19,98,71,99,74,64,96,122,30" hai3="86,134,10,3,11,126,104,0,13,130,82,26,4"/><U31/><E95/><V51/><F122/><W62/><G104/><T58/><D108/><U116/><E116/><V65/><F39/><W85/><G126/><T84/><D36/><U83/><E83/><V54/><F19/><W15/><G134/><T14/><D121/><U68/><E110/><V111/><F111/><W24/><G62/><T49/><D28/><U109/><E109/><V41/><F41/><W38/><G38/><T123/><D123/><U124/><E124/><V52/><F30/><W55/><G55/><T47/><D92/><U131/><E50/><V76/><F76/><W56/><G56/><N who="0" m="21611" /><D18/><U93/><E93/><V42/><F42/><AGARI ba="0,0" hai="7,8,14,20,21,42,47,49,77,80,84" m="21611" machi="42" ten="30,2000,0" yaku="25,1,8,1" doraHai="29" who="0" fromWho="2" sc="367,20,201,0,301,-20,131,0" /><INIT seed="2,0,0,3,3,1" ten="387,201,281,131" oya="2" hai0="99,9,71,77,130,105,41,15,116,11,25,54,50" hai1="7,79,127,118,66,37,51,4,52,73,45,65,89" hai2="33,72,27,119,29,128,10,131,114,0,111,67,47" hai3="98,102,62,126,49,91,60,85,17,76,42,40,6"/><V90/><F90/><W8/><G126/><T21/><D130/><N who="2" m="49706" /><F67/><N who="1" m="25609" /><E73/><V100/><F100/><W19/><G76/><T55/><D116/><U113/><E37/><V106/><F106/><W28/><G28/><T109/><D71/><U43/><E113/><V3/><F47/><W78/><G78/><T97/><D109/><U31/><E127/><V92/><F92/><W125/><G125/><T84/><D41/><U135/><E135/><V115/><F72/><W70/><G70/><T22/><D11/><U123/><E123/><V96/><F96/><W121/><G121/><T2/><D2/><N who="2" m="554" /><F119/><W132/><G132/><T18/><D22/><U68/><E118/><V74/><F74/><W81/><G62/><T12/><D12/><U24/><E79/><V5/><F111/><W122/><G60/><T117/><D117/><U134/><E134/><V107/><F107/><W13/><G122/><T26/><D26/><U101/><E101/><V44/><F44/><W133/><G133/><T80/><D105/><U59/><E68/><V83/><F83/><W57/><G42/><T32/><D32/><U124/><E124/><V87/><F87/><W75/><G75/><T108/><D108/><U30/><E89/><V20/><F33/><W129/><G129/><T104/><D104/><U36/><E36/><V53/><F53/><N who="0" m="19978" /><D50/><U69/><E69/><V16/><F29/><AGARI ba="0,0" hai="9,15,18,21,25,29,77,80,84,97,99" m="19978" machi="29" ten="30,1000,0" yaku="8,1" doraHai="1" who="0" fromWho="2" sc="387,10,201,0,281,-10,131,0" /><INIT seed="3,0,0,0,4,108" ten="397,201,271,131" oya="3" hai0="13,117,109,91,120,77,114,46,40,99,8,83,122" hai1="36,104,65,69,6,23,21,127,87,44,55,26,59" hai2="123,19,110,0,121,74,82,67,64,133,113,107,11" hai3="100,105,54,135,52,57,86,50,66,101,111,92,35"/><W76/><G105/><T14/><D117/><U49/><E104/><V27/><F113/><W112/><G112/><T15/><D109/><U106/><E106/><V1/><F107/><W31/><G111/><T103/><D91/><U61/><E127/><V56/><F133/><W18/><G135/><T4/><D114/><U68/><E6/><V88/><F110/><W39/><G39/><N who="0" m="21791" /><D99/><U84/><E21/><N who="2" m="13759" /><F88/><N who="3" m="53271" /><G35/><T96/><D96/><U12/><E12/><V63/><F67/><W95/><G31/><T80/><D80/><U33/><E33/><V41/><F41/><W78/><G66/><T37/><D103/><N who="3" m="39497" /><G95/><T73/><D37/><U25/><E25/><V29/><F29/><W43/><G43/><T115/><D115/><U70/><REACH who="1" step="1"/><E36/><REACH who="1" ten="397,191,271,131" step="2"/><V34/><F34/><W38/><G38/><T119/><D119/><U30/><AGARI ba="0,1" hai="23,26,30,44,49,55,59,61,65,68,69,70,84,87" machi="30" ten="30,8000,1" yaku="1,1,2,1,0,1,53,2" doraHai="108" doraHaiUra="81" who="1" fromWho="1" sc="397,-20,191,90,271,-20,131,-40" owari="377,47.7,281,8.1,251,-14.9,91,-40.9" /></mjloggm>