<mjloggm ver="2.3"><GO type="225" lobby="0"/><UN n0="%E4%BF%BA%E3%81%A8%E5%A6%96%E5%A4%A2" n1="%E3%81%AA%E3%82%81%E3%81%93%E9%9B%80%E5%A3%AB" n2="%E6%81%A5%E6%99%92%E3%81%97" n3="%E7%89%B9%E6%9D%B1%E3%81%AF%E4%B8%96%E7%95%8C%E3%82%92%E6%95%91%E3%81%86" dan="16,16,16,16" rate="2103.98,2014.25,2109.69,2142.16" sx="F,M,M,M"/><TAIKYOKU oya="0"/><INIT seed="0,0,0,4,2,21" ten="250,250,250,250" oya="0" hai0="49,102,106,9,128,94,17,76,23,57,105,26,18" hai1="50,108,116,32,7,43,40,107,99,126,75,4,70" hai2="39,6,25,63,31,88,124,90,122,10,100,135,120" hai3="111,3,15,91,65,134,127,19,27,77,41,73,16"/><T1/><D128/><U86/><E116/><V30/><F39/><W56/><G3/><T115/><D115/><U13/><E75/><V104/><F124/><W117/><G117/><T45/><D76/><U35/><E70/><V33/><F135/><W84/><G134/><T89/><D57/><U5/><E108/><V37/><F37/><W103/><G111/><T0/><D102/><U114/><E126/><V92/><F31/><W69/><G69/><T79/><D79/><U44/><E86/><V83/><F104/><W112/><G112/><T67/><D67/><U68/><E68/><V95/><F63/><N who="3" m="38119" /><G73/><T98/><D0/><U2/><E2/><V66/><F66/><W28/><G77/><T59/><D59/><U38/><E13/><V36/><F36/><W58/><G41/><T74/><D74/><U131/><E131/><V87/><F100/><W113/><G113/><T78/><D78/><U11/><E11/><V55/><F55/><W109/><G109/><T101/><D101/><N who="1" m="62911" /><E114/><V129/><F129/><W96/><G15/><T132/><D132/><U119/><E119/><V71/><F71/><W121/><G58/><T133/><D133/><U64/><E64/><V47/><F47/><W85/><G121/><N who="2" m="46697" /><F90/><W61/><G61/><T72/><D72/><U8/><E8/><V12/><F33/><N who="3" m="20639" /><G127/><T20/><D9/><U93/><E93/><N who="2" m="35915" /><F30/><W46/><G46/><T54/><D1/><U125/><E125/><V130/><F130/><W81/><G84/><T42/><D42/><N who="1" m="24855" /><E38/><V24/><F6/><N who="1" m="1537" /><U34/><AGARI ba="0,0" hai="32,34,35,40,43" m="1537,24855,62911" machi="34" ten="40,1500,0" yaku="4,1" doraHai="21" who="1" fromWho="1" sc="250,-7,250,15,250,-4,250,-4" /><INIT seed="1,0,0,2,5,75" ten="243,265,246,246" oya="1" hai0="4,32,84,9,38,123,120,67,97,102,121,89,93" hai1="125,20,107,34,24,106,116,50,114,29,100,118,111" hai2="26,82,52,40,49,95,58,83,65,42,119,5,44" hai3="122,53,103,45,134,14,126,1,94,92,15,129,101"/><U115/><E125/><V127/><F119/><W19/><G1/><T91/><D38/><U71/><E50/><V56/><F127/><W8/><G126/><T112/><D112/><N who="1" m="43051" /><E20/><V98/><F5/><W17/><G122/><T109/><D32/><U16/><E16/><V13/><F13/><W59/><G129/><T18/><D18/><U3/><E3/><V7/><F7/><W27/><G134/><T2/><D67/><U37/><E37/><V77/><F26/><W60/><G45/><T70/><D70/><U79/><E79/><V113/><F113/><W96/><G27/><T30/><D30/><U73/><E73/><V128/><F128/><W104/><REACH who="3" step="1"/><G103/><REACH who="3" ten="243,265,246,236" step="2"/><T124/><D124/><U131/><E131/><V23/><F44/><W86/><G86/><T36/><D109/><U80/><E100/><V39/><F39/><W105/><G105/><T74/><D36/><U35/><E107/><V78/><F42/><W63/><G63/><T0/><D74/><U85/><E106/><V43/><F40/><W51/><G51/><T55/><D0/><U33/><E111/><V48/><F43/><W12/><G12/><T72/><D72/><U76/><E118/><V68/><F49/><W6/><G6/><T132/><D132/><U41/><E116/><V10/><F48/><W57/><G57/><T88/><D84/><U47/><E71/><V28/><F68/><W64/><G64/><T46/><D46/><U117/><E117/><V21/><F65/><W54/><G54/><AGARI ba="0,1" hai="2,4,9,54,55,88,89,91,93,97,102,120,121,123" machi="54" ten="50,3200,0" yaku="13,1,54,1" doraHai="75" who="0" fromWho="3" sc="243,42,265,0,246,0,236,-32" /><INIT seed="2,0,0,4,0,114" ten="285,265,246,204" oya="2" hai0="27,7,131,40,127,58,128,32,115,130,120,93,29" hai1="67,86,105,74,56,75,66,63,121,43,62,8,26" hai2="41,38,24,129,17,9,133,11,107,28,71,1,37" hai3="10,48,97,60,34,80,81,42,116,23,95,111,4"/><V21/><F107/><W2/><G111/><T109/><D115/><U72/><E105/><V22/><F71/><W73/><G34/><T108/><D40/><U134/><E134/><V33/><F41/><W65/><G73/><T101/><D120/><U113/><E113/><V132/><F129/><W68/><G23/><N who="2" m="8713" /><F37/><W13/><G2/><T123/><D123/><U50/><E26/><N who="2" m="18583" /><F38/><W15/><G15/><T117/><D58/><U18/><E86/><V51/><F51/><W25/><G25/><T55/><D55/><U77/><E50/><V112/><F112/><W57/><G116/><T99/><D117/><U46/><E46/><V35/><F17/><W31/><G31/><T64/><D64/><U54/><E43/><V79/><F79/><W92/><G92/><T91/><D101/><U45/><E45/><V119/><F119/><W70/><G70/><T82/><D7/><U47/><E47/><V6/><F11/><W61/><G42/><T98/><D98/><U44/><E44/><V30/><AGARI ba="0,0" hai="1,6,9,24,30,35,132,133" m="18583,8713" machi="30" ten="30,3000,0" yaku="34,2" doraHai="114" who="2" fromWho="2" sc="285,-10,265,-10,246,30,204,-10" /><INIT seed="2,1,0,4,3,31" ten="275,255,276,194" oya="2" hai0="121,80,55,99,122,113,85,89,57,115,65,86,14" hai1="125,11,56,104,32,52,129,87,124,23,100,71,97" hai2="41,79,119,66,39,28,19,42,48,7,38,21,116" hai3="24,25,5,43,110,58,101,123,59,82,106,112,2"/><V94/><F7/><W33/><G123/><T128/><D65/><U127/><E71/><V73/><F116/><W27/><G110/><T15/><D128/><U20/><E129/><V118/><F119/><W135/><G135/><T68/><D68/><U98/><E98/><V37/><F118/><W130/><G130/><T69/><D69/><U22/><E87/><V76/><F28/><W46/><G112/><T117/><D117/><U109/><E109/><V78/><F73/><W50/><G82/><T95/><D121/><U102/><E102/><V1/><F1/><W126/><G126/><T93/><D122/><U75/><E75/><V36/><F36/><W13/><G2/><T96/><D115/><U29/><E11/><V77/><N who="2" m="19456" /><DORA hai="3" /><V108/><F108/><W17/><G5/><T9/><D80/><U60/><E29/><V70/><F48/><W45/><G45/><T134/><D134/><U10/><E10/><V26/><REACH who="2" step="1"/><F94/><REACH who="2" ten="275,255,266,194" step="2"/><W111/><G111/><T72/><D72/><U54/><REACH who="1" step="1"/><E32/><REACH who="1" ten="275,245,266,194" step="2"/><V107/><F107/><W4/><G33/><T114/><D114/><U18/><E18/><V53/><F53/><AGARI ba="1,2" hai="20,22,23,52,53,54,56,60,97,100,104,124,125,127" machi="53" ten="50,6400,0" yaku="1,1,18,1,54,1,53,0" doraHai="31,3" doraHaiUra="90,35" who="1" fromWho="2" sc="275,0,245,87,266,-67,194,0" /><INIT seed="3,0,0,2,5,131" ten="275,332,199,194" oya="3" hai0="103,7,39,43,99,85,83,46,107,110,41,116,68" hai1="70,0,45,52,94,129,105,24,6,65,120,5,97" hai2="10,59,27,95,71,77,121,123,9,75,58,14,23" hai3="130,132,133,88,53,55,76,118,4,37,16,128,73"/><W90/><G118/><T127/><D116/><U79/><E120/><N who="2" m="46155" /><F71/><W22/><G37/><T113/><D68/><U57/><E105/><V89/><F77/><W63/><G4/><T64/><D64/><U80/><E45/><V1/><F75/><W112/><G112/><T21/><D113/><U91/><E0/><V101/><F101/><W100/><G100/><T26/><D110/><U61/><E24/><V33/><F33/><W38/><G38/><T122/><D122/><U66/><E129/><N who="3" m="49770" /><G76/><T67/><D67/><N who="1" m="25611" /><E70/><V86/><F1/><W19/><G73/><T13/><D41/><U48/><E48/><V106/><F106/><W109/><G109/><T108/><D108/><U15/><E15/><V81/><F81/><W40/><G40/><T119/><D119/><U117/><E117/><V30/><F10/><W50/><G63/><T36/><D36/><U92/><E92/><V56/><F56/><N who="3" m="32823" /><G55/><T18/><D7/><AGARI ba="0,0" hai="7,9,14,23,27,30,58,59,86,89,95" m="46155" machi="7" ten="30,1000,0" yaku="13,1" doraHai="131" who="2" fromWho="0" sc="275,-10,332,0,199,10,194,0" owari="265,6.5,332,43.2,209,-19.1,194,-30.6" /></mjloggm>