<mjloggm ver="2.3"><GO type="225" lobby="0"/><UN n0="%E3%82%B7%E3%83%B3%E5%A4%AA%E6%9C%97" n1="%E6%98%BC%E4%B8%8B%E3%81%8C%E3%82%8A%E3%81%AE%E5%9B%A3%E5%9C%B0%E5%A6%BB" n2="%E3%81%BF%E3%81%BF%E3%81%9A" n3="%E3%81%A4%E3%81%A3%E3%81%B1%E3%82%8A%E3%83%9D%E3%83%BC%E3%83%AB" dan="16,16,18,17" rate="2133.58,2148.34,2261.61,2252.09" sx="M,F,M,M"/><TAIKYOKU oya="0"/><INIT seed="0,0,0,3,0,51" ten="250,250,250,250" oya="0" hai0="102,70,11,81,62,73,44,21,13,111,93,10,77" hai1="107,115,76,65,58,6,97,100,26,99,17,33,125" hai2="114,8,3,113,28,78,37,135,128,9,101,53,123" hai3="20,52,69,2,79,120,47,126,90,35,24,83,42"/><T36/><D111/><U85/><E125/><V27/><F37/><W105/><G105/><T121/><D121/><U72/><E72/><V86/><F101/><W4/><G126/><T71/><D10/><U96/><E6/><V68/><F68/><W75/><G69/><T80/><D80/><U25/><E115/><V0/><F53/><W94/><G35/><T7/><D21/><U108/><E108/><V87/><F78/><W82/><G82/><T60/><D62/><U103/><E33/><V45/><F45/><W5/><G2/><T67/><D102/><U15/><E85/><V34/><F123/><W16/><G120/><T22/><D22/><U118/><E76/><V55/><F55/><W88/><G90/><T134/><D134/><U131/><E118/><V63/><F63/><W41/><G41/><T110/><D110/><U32/><E32/><V46/><F46/><W64/><G64/><T133/><D133/><U40/><E40/><V30/><F135/><W38/><REACH who="3" step="1"/><G52/><REACH who="3" ten="250,250,250,240" step="2"/><T50/><D93/><U89/><E89/><V39/><F34/><W130/><G130/><T109/><D109/><U92/><E131/><V54/><F54/><W124/><G124/><T129/><D129/><U66/><E66/><V29/><F128/><W104/><G104/><T84/><D71/><U106/><E65/><V49/><F0/><W1/><G1/><T12/><D73/><U43/><E107/><V122/><F3/><W56/><G56/><T19/><D36/><U74/><E106/><V98/><F39/><W91/><G91/><T18/><D12/><U117/><E100/><RYUUKYOKU ba="0,1" sc="250,15,250,-15,250,-15,240,15" hai0="7,11,13,18,19,44,50,60,67,70,77,81,84" hai3="4,5,16,20,24,38,42,47,75,79,83,88,94" /><INIT seed="0,1,1,3,3,113" ten="265,235,235,255" oya="0" hai0="131,108,106,22,71,59,65,1,94,67,18,26,101" hai1="75,48,104,24,116,31,114,129,91,79,69,110,128" hai2="11,19,53,118,72,2,112,78,124,130,63,122,88" hai3="13,109,73,34,83,47,41,14,45,56,10,97,135"/><T87/><D131/><N who="1" m="50251" /><E114/><V70/><F130/><W27/><G109/><T127/><D1/><U123/><E123/><V103/><F112/><W77/><G135/><T0/><D127/><U117/><E69/><V7/><F122/><W35/><G56/><T9/><D108/><U58/><E104/><V64/><F124/><W39/><G47/><T57/><D106/><U36/><E36/><V54/><F103/><W111/><G111/><T95/><D71/><U119/><E91/><V5/><F118/><W115/><G115/><T126/><D126/><U4/><E4/><V33/><F33/><W134/><G134/><T93/><D101/><U68/><E68/><V82/><F5/><W76/><G76/><T52/><D87/><U6/><E6/><V38/><F19/><W107/><G27/><T21/><D59/><U28/><E110/><V12/><F12/><W98/><G14/><N who="0" m="7503" /><D0/><U44/><E58/><V99/><REACH who="2" step="1"/><F38/><REACH who="2" ten="265,235,225,255" step="2"/><W40/><G34/><T15/><D15/><U89/><E24/><V30/><F30/><W90/><G13/><T74/><D74/><U8/><E8/><V46/><F46/><N who="3" m="23839" /><G10/><T51/><D22/><U102/><E102/><V62/><F62/><W3/><G35/><T81/><D81/><N who="1" m="45311" /><E89/><V16/><F16/><AGARI ba="1,2" hai="16,21,26,51,52,57,65,67,93,94,95" m="7503" machi="16" ten="30,5800,0" yaku="8,1,54,2" doraHai="113" who="0" fromWho="2" sc="265,81,235,0,225,-61,255,0" /><INIT seed="0,2,0,3,3,53" ten="346,235,164,255" oya="0" hai0="77,92,98,28,5,19,133,129,44,134,20,27,78" hai1="105,128,14,117,89,122,13,88,79,107,102,104,125" hai2="51,37,91,109,55,57,9,120,26,10,34,59,100" hai3="126,33,56,84,54,8,64,22,7,6,80,119,0"/><T32/><D129/><U29/><E117/><V17/><F120/><W101/><G33/><T23/><D5/><U131/><E122/><V52/><F37/><W30/><G119/><T11/><D44/><U58/><E102/><V83/><F109/><W112/><G112/><T87/><D11/><N who="2" m="4106" /><F34/><W41/><G126/><T74/><D74/><U18/><E29/><V40/><F100/><W127/><G127/><T4/><D4/><U39/><E39/><V90/><F40/><W113/><G7/><T82/><D77/><U75/><E125/><V110/><F83/><W60/><G113/><T99/><D99/><U123/><E123/><V16/><F110/><W48/><G101/><T42/><D42/><U43/><E43/><V24/><F24/><W81/><G41/><T62/><D62/><U73/><E79/><V106/><F106/><W111/><G111/><T50/><D50/><U45/><E107/><V115/><F115/><W66/><G81/><T116/><D116/><U3/><E3/><V36/><F36/><W72/><G72/><T15/><REACH who="0" step="1"/><D32/><REACH who="0" ten="336,235,164,255" step="2"/><U124/><E124/><V135/><F135/><W76/><G60/><T47/><D47/><U95/><E45/><V97/><F97/><W130/><G130/><T38/><D38/><U21/><E131/><V93/><F91/><AGARI ba="2,1" hai="15,19,20,23,27,28,78,82,87,91,92,98,133,134" machi="91" ten="40,2000,0" yaku="1,1,53,0" doraHai="53" doraHaiUra="71" who="0" fromWho="2" sc="336,36,235,0,164,-26,255,0" /><INIT seed="0,3,0,3,4,96" ten="372,235,138,255" oya="0" hai0="37,132,47,102,119,100,50,10,106,112,36,126,116" hai1="131,125,16,0,58,4,120,43,91,128,55,75,105" hai2="28,62,66,88,76,72,93,34,79,11,12,122,109" hai3="63,20,30,60,49,31,98,24,38,64,61,111,2"/><T52/><D112/><U17/><E120/><V21/><F122/><W127/><G111/><T83/><D132/><U68/><E68/><V27/><F109/><W32/><G127/><T121/><D121/><U57/><E75/><V14/><F34/><W74/><G38/><T113/><D113/><U70/><E70/><V15/><F72/><W13/><G2/><T25/><D126/><U87/><E125/><V118/><F118/><W71/><G74/><T39/><D106/><U78/><E78/><V69/><REACH who="2" step="1"/><F11/><REACH who="2" ten="372,235,128,255" step="2"/><W81/><G32/><T51/><D116/><U134/><E134/><V103/><F103/><W115/><G115/><T19/><D119/><U114/><E114/><V9/><F9/><W89/><G71/><T33/><D33/><U1/><E131/><V56/><F56/><W23/><G23/><T92/><D10/><U90/><E128/><V73/><F73/><W80/><G20/><T101/><D100/><U8/><E8/><V26/><F26/><W65/><G24/><T18/><D25/><U135/><E135/><V22/><F22/><W5/><G5/><T59/><D101/><U94/><E4/><V104/><F104/><W82/><G13/><T45/><D59/><U41/><E105/><V97/><AGARI ba="3,1" hai="12,14,15,21,27,28,62,66,69,76,79,88,93,97" machi="97" ten="30,4000,0" yaku="1,1,0,1,54,1,53,0" doraHai="96" doraHaiUra="29" who="2" fromWho="2" sc="372,-23,235,-13,128,59,255,-13" /><INIT seed="1,0,0,4,4,129" ten="349,222,187,242" oya="1" hai0="55,52,51,37,131,116,10,19,107,90,57,96,75" hai1="29,12,42,15,58,6,89,121,32,62,93,76,124" hai2="84,81,41,44,83,126,47,13,91,24,69,94,1" hai3="95,63,100,48,111,108,43,36,123,74,115,119,17"/><U18/><E121/><V23/><F1/><W133/><G123/><T130/><D37/><U61/><E124/><V26/><F126/><W125/><G125/><T45/><D75/><U72/><E42/><V78/><F69/><W28/><G74/><T97/><D116/><U56/><E6/><V102/><F102/><W39/><G28/><T80/><D107/><U5/><E5/><V110/><F110/><N who="3" m="42027" /><G115/><T34/><D34/><U64/><E32/><V112/><F112/><W16/><G63/><T20/><D10/><U101/><E101/><V3/><F3/><W134/><G48/><T2/><D2/><U99/><E29/><V79/><F13/><W21/><G119/><T0/><D0/><U30/><E30/><V25/><F23/><W105/><G105/><T109/><D109/><U88/><E89/><V11/><F11/><W122/><G122/><T117/><D117/><U27/><E76/><V104/><F104/><W120/><G43/><T128/><D80/><U68/><E72/><V46/><F41/><W127/><G120/><T106/><D90/><U65/><E68/><V33/><REACH who="2" step="1"/><F33/><REACH who="2" ten="349,222,177,242" step="2"/><W87/><G100/><T73/><D106/><U14/><E27/><V118/><F118/><W135/><G127/><T9/><D131/><U49/><E49/><V103/><F103/><W4/><G4/><T82/><D128/><U114/><E114/><V70/><F70/><W132/><N who="3" m="33792" /><DORA hai="60" /><W7/><G7/><T38/><D51/><U71/><E71/><V66/><F66/><W67/><G67/><T54/><D130/><U50/><E50/><V85/><F85/><RYUUKYOKU ba="0,1" sc="349,-15,222,15,177,15,242,-15" hai1="12,14,15,18,56,58,61,62,64,65,88,93,99" hai2="24,25,26,44,46,47,78,79,81,83,84,91,94" /><INIT seed="1,1,1,2,1,127" ten="334,237,192,227" oya="1" hai0="121,64,21,130,33,134,57,3,29,77,20,102,93" hai1="128,109,118,74,65,61,88,67,84,40,110,51,60" hai2="32,37,69,79,49,81,113,19,96,11,80,46,68" hai3="75,0,106,123,22,91,39,100,4,2,89,25,17"/><U34/><E118/><V73/><F32/><W59/><G123/><T101/><D3/><U47/><E74/><V135/><F135/><W126/><G39/><T44/><D134/><U6/><E34/><V115/><F37/><W70/><G70/><T12/><D121/><U72/><E72/><V27/><F81/><W97/><G126/><T78/><D33/><U129/><E6/><V86/><F73/><W122/><G122/><T131/><D44/><U66/><E61/><V43/><F96/><W105/><G75/><T82/><D64/><U16/><E60/><V107/><F107/><W24/><G106/><T124/><D57/><U55/><E40/><V103/><F103/><W7/><G59/><T63/><D63/><U53/><E53/><V112/><REACH who="2" step="1"/><F11/><REACH who="2" ten="334,237,182,227" step="2"/><W15/><G91/><T94/><D82/><N who="1" m="49175" /><E16/><V28/><F28/><W104/><G104/><T133/><D133/><U10/><E10/><V132/><F132/><W38/><G38/><T108/><D124/><U36/><E36/><V54/><F54/><W35/><G35/><T116/><D29/><U98/><E98/><V58/><F58/><W114/><G105/><T41/><D102/><U62/><E62/><V111/><F111/><AGARI ba="1,2" hai="47,51,55,65,66,67,109,110,111,128,129" m="49175" machi="111" ten="30,12000,1" yaku="14,1,10,1,52,2,54,1" doraHai="127" who="1" fromWho="2" sc="334,0,237,143,182,-123,227,0" /><INIT seed="1,2,0,3,3,16" ten="334,380,59,227" oya="1" hai0="63,25,86,19,10,132,30,106,119,98,50,127,68" hai1="104,20,71,108,21,9,7,28,13,38,80,117,96" hai2="76,115,14,54,116,79,6,53,107,66,33,135,121" hai3="41,97,88,120,111,52,1,51,89,67,75,49,22"/><U34/><E117/><V109/><F116/><W3/><G75/><T61/><D119/><U57/><E71/><V73/><F121/><W83/><G120/><T77/><D132/><U110/><E38/><V100/><F33/><W8/><G111/><N who="1" m="42538" /><E80/><V15/><F109/><W122/><G122/><T36/><D127/><U118/><E118/><V56/><F135/><W18/><G67/><T45/><D36/><U129/><E129/><V99/><F115/><W40/><G3/><T84/><D68/><U26/><E57/><V134/><F134/><W85/><G49/><T90/><D77/><U112/><E112/><V2/><F2/><W43/><G8/><T11/><D84/><U64/><E64/><V126/><F126/><W123/><G1/><T113/><D113/><U24/><E26/><V65/><F73/><W103/><G123/><T44/><D44/><U5/><E7/><V78/><F66/><W92/><G89/><T12/><D10/><U114/><E114/><V32/><F6/><W39/><G39/><T70/><D70/><U62/><E62/><V46/><F65/><W125/><G125/><T47/><D47/><U95/><E104/><V128/><F128/><W0/><G0/><T102/><D25/><U69/><E69/><V27/><F46/><N who="3" m="27767" /><G43/><N who="0" m="24895" /><D30/><U87/><E87/><V35/><F53/><W131/><G131/><T74/><D74/><U58/><E58/><V29/><REACH who="2" step="1"/><F35/><REACH who="2" ten="334,380,49,227" step="2"/><W59/><G59/><T23/><D63/><AGARI ba="2,1" hai="14,15,27,29,32,54,56,63,76,78,79,99,100,107" machi="63" ten="40,5200,0" yaku="1,1,2,1,53,1" doraHai="16" doraHaiUra="101" who="2" fromWho="0" sc="334,-58,380,0,49,68,227,0" /><INIT seed="2,0,0,2,5,52" ten="276,380,117,227" oya="2" hai0="22,12,81,7,1,130,120,80,32,54,15,72,89" hai1="25,134,98,68,36,70,103,37,18,88,82,19,64" hai2="42,110,114,66,105,21,126,16,39,83,62,79,63" hai3="11,10,20,9,93,117,123,112,115,104,78,69,58"/><V46/><F114/><N who="3" m="43563" /><G69/><T119/><D130/><U41/><E134/><V128/><F105/><W91/><G104/><T31/><D120/><U44/><E36/><V122/><F122/><W51/><G123/><T74/><D119/><U38/><E38/><V111/><F128/><W43/><G78/><T95/><D32/><U133/><E133/><V0/><F0/><W48/><G117/><T61/><D1/><U77/><E88/><V57/><F126/><W131/><G131/><T108/><D108/><U113/><E113/><V109/><F63/><W47/><G20/><T85/><D74/><U67/><E68/><V90/><F90/><W23/><G23/><T92/><D72/><U17/><E25/><N who="2" m="14503" /><F79/><W94/><G91/><T84/><D7/><U129/><E129/><V35/><F83/><W86/><G86/><T127/><D127/><U132/><E132/><V101/><F101/><W29/><G29/><T100/><D100/><U121/><E121/><V40/><F42/><W116/><G116/><T14/><D22/><U49/><E70/><V118/><F118/><W55/><AGARI ba="0,0" hai="9,10,11,43,47,48,51,55,58,93,94" m="43563" machi="55" ten="40,2700,0" yaku="11,1,52,1" doraHai="52" who="3" fromWho="3" sc="276,-7,380,-7,117,-13,227,27" /><INIT seed="3,0,0,5,5,1" ten="269,373,104,254" oya="3" hai0="121,99,21,118,65,22,84,25,27,28,91,80,53" hai1="52,113,5,37,44,55,59,135,115,79,17,2,58" hai2="34,102,42,13,77,129,19,109,36,57,83,89,12" hai3="56,60,119,106,61,101,93,15,48,8,3,14,117"/><W46/><G106/><T111/><D111/><U86/><E135/><V45/><F34/><W122/><G122/><T70/><D121/><U10/><E17/><V112/><F112/><W0/><G0/><T64/><D118/><U107/><E107/><V20/><F109/><W104/><G3/><T130/><D130/><U114/><E37/><V73/><F129/><W6/><G104/><T92/><D70/><U124/><E124/><V32/><F32/><W16/><G119/><T54/><D64/><U105/><E105/><V62/><F102/><W88/><G101/><N who="0" m="60647" /><D65/><U23/><E23/><V76/><F12/><W47/><G117/><T81/><D80/><U49/><E55/><V33/><F33/><W85/><G56/><T97/><D97/><U75/><E75/><V125/><F125/><W95/><G95/><T87/><D84/><U96/><E96/><V7/><F77/><W24/><G24/><T134/><D134/><U35/><E35/><V126/><F89/><W51/><G47/><T38/><D38/><U18/><E2/><V43/><F43/><N who="3" m="24671" /><G51/><T40/><D40/><U116/><E116/><V71/><F71/><W50/><G50/><T94/><D94/><U132/><E49/><V63/><F126/><W108/><G108/><T66/><D66/><U67/><E67/><V11/><F57/><W127/><G127/><T128/><D128/><U31/><E59/><V82/><F82/><W123/><G123/><T4/><D4/><U110/><E132/><V78/><REACH who="2" step="1"/><F76/><REACH who="2" ten="269,373,94,254" step="2"/><W133/><G133/><T29/><AGARI ba="0,1" hai="21,22,25,27,28,29,53,54,81,87,91" m="60647" machi="29" ten="30,1100,0" yaku="8,1" doraHai="1" who="0" fromWho="0" sc="269,21,373,-3,94,-3,254,-5" owari="290,9.0,370,47.0,91,-40.9,249,-15.1" /></mjloggm>