<mjloggm ver="2.3"><GO type="225" lobby="0"/><UN n0="%E5%BE%80%E5%B9%B4%E3%81%AE%E3%82%B4%E3%83%AA%E3%83%A9" n1="%73%6C%69%63%6B%33%31%39" n2="%4E%49%4A%49%49%52%4F" n3="%E3%83%9E%E3%82%AB%E3%83%92%E3%82%AD" dan="16,17,16,16" rate="2092.23,2181.47,2193.54,2081.01" sx="M,M,M,M"/><TAIKYOKU oya="0"/><INIT seed="0,0,0,0,0,34" ten="250,250,250,250" oya="0" hai0="91,110,121,115,47,74,24,20,39,83,18,124,67" hai1="108,38,84,13,129,29,100,109,58,93,123,21,65" hai2="79,92,131,102,94,45,52,89,5,43,98,10,42" hai3="59,61,87,114,28,85,53,130,26,22,46,17,132"/><T19/><D115/><U119/><E38/><V62/><F79/><W75/><G114/><T31/><D121/><U51/><E123/><V116/><F131/><W0/><G75/><T36/><D124/><U90/><E119/><V95/><F116/><W103/><G130/><T44/><D67/><U9/><E129/><V120/><F120/><W25/><G132/><T55/><D110/><U135/><E135/><V111/><F111/><W27/><G0/><T64/><D64/><U2/><E100/><V70/><F70/><W11/><G103/><T33/><D19/><N who="1" m="10479" /><E29/><V126/><F126/><W128/><G128/><T99/><D74/><U107/><E107/><V106/><F89/><W8/><G46/><T69/><D69/><U63/><E63/><V7/><F7/><W104/><G104/><T16/><D18/><U134/><E65/><V57/><REACH who="2" step="1"/><F45/><REACH who="2" ten="250,250,240,250" step="2"/><W82/><G28/><T3/><D44/><U54/><E134/><V71/><F71/><W40/><G40/><T81/><D39/><U78/><E78/><V68/><F68/><W96/><G59/><T125/><D125/><U30/><E30/><V23/><F23/><W15/><G22/><T49/><D36/><U66/><E66/><V76/><F76/><W113/><G113/><T37/><D37/><U117/><E117/><V112/><F112/><W133/><G133/><T32/><D32/><U118/><E118/><V6/><F6/><AGARI ba="0,1" hai="2,6,9,51,54,58,84,90,93,108,109" m="10479" machi="6" ten="30,2000,0" yaku="25,1,52,1" doraHai="34" who="1" fromWho="2" sc="250,0,250,30,240,-20,250,0" /><INIT seed="1,0,0,4,2,91" ten="250,280,220,250" oya="1" hai0="33,74,111,14,23,89,109,134,35,53,124,65,18" hai1="108,51,125,103,110,133,118,88,115,130,99,128,12" hai2="37,36,98,77,40,21,10,86,129,96,28,60,113" hai3="92,114,22,64,30,131,29,15,49,3,54,117,47"/><U68/><E68/><V43/><F129/><N who="1" m="49769" /><E115/><V61/><F10/><W6/><G131/><T24/><D74/><U107/><E51/><V7/><F7/><W38/><G114/><T87/><D65/><U0/><E0/><V80/><F113/><W11/><G117/><T20/><D134/><U127/><E12/><V112/><F112/><W39/><G64/><T120/><D53/><U45/><E45/><V81/><F28/><W4/><G4/><T55/><D55/><U116/><E133/><V34/><F21/><W19/><G30/><T82/><D124/><N who="1" m="47691" /><E88/><V122/><F122/><W135/><G135/><T119/><D119/><AGARI ba="0,0" hai="99,103,107,108,110,116,118,119" m="47691,49769" machi="119" ten="40,12000,1" yaku="19,1,18,1,23,1,34,2" doraHai="91" who="1" fromWho="0" sc="250,-120,280,120,220,0,250,0" /><INIT seed="1,1,0,3,4,133" ten="130,400,220,250" oya="1" hai0="25,88,12,72,103,34,42,119,11,4,108,7,129" hai1="114,102,120,14,105,134,5,125,39,49,92,61,78" hai2="18,24,97,83,52,53,112,48,3,77,67,65,17" hai3="94,35,93,47,73,43,21,128,87,57,44,56,76"/><U16/><E114/><V28/><F3/><W33/><G73/><T1/><D119/><U29/><E120/><V75/><F112/><W15/><G128/><T109/><D129/><U2/><E39/><V124/><F124/><W80/><G35/><T106/><D72/><U110/><E134/><V89/><F53/><W59/><G33/><T66/><D66/><U84/><E105/><V86/><F67/><W20/><G15/><T116/><D116/><U9/><E110/><V63/><F97/><W85/><G85/><T132/><D42/><U64/><E125/><V41/><F41/><W69/><G69/><T22/><D132/><U37/><E37/><V10/><F10/><W95/><G43/><T96/><D88/><U100/><E29/><V104/><F104/><W117/><G117/><T55/><D55/><U98/><E49/><V54/><F54/><W6/><G6/><T68/><D68/><U101/><E78/><V126/><F126/><W99/><G99/><T111/><D34/><U38/><E84/><V50/><F50/><W107/><G107/><T113/><D113/><U90/><E38/><V82/><F63/><W118/><G118/><T123/><D123/><U127/><E127/><V13/><F13/><W71/><G71/><T74/><D74/><U40/><E40/><V32/><REACH who="2" step="1"/><F65/><REACH who="2" ten="130,400,210,250" step="2"/><W70/><G70/><T19/><REACH who="0" step="1"/><D1/><REACH who="0" ten="120,400,210,250" step="2"/><U8/><E64/><V51/><F51/><W0/><G0/><T60/><D60/><U121/><E121/><V131/><F131/><W30/><G47/><AGARI ba="1,2" hai="17,18,24,28,32,47,48,52,75,77,82,83,86,89" machi="47" ten="30,7700,0" yaku="1,1,7,1,54,1,53,1" doraHai="133" doraHaiUra="31" who="2" fromWho="3" sc="120,0,400,0,210,100,250,-80" /><INIT seed="2,0,0,4,4,13" ten="120,400,310,170" oya="2" hai0="35,67,52,72,108,31,130,102,120,104,63,99,64" hai1="101,42,38,86,115,12,129,91,66,40,117,94,54" hai2="85,0,19,6,92,83,75,34,59,79,98,47,29" hai3="21,32,45,90,56,69,105,93,48,126,122,73,33"/><V114/><F114/><W14/><G69/><T134/><D120/><U128/><E115/><V28/><F75/><W111/><G105/><T87/><D72/><U118/><E66/><V77/><F77/><W106/><G106/><T27/><D108/><U84/><E101/><V30/><F34/><W4/><G122/><T97/><D134/><U7/><E54/><V36/><F59/><W110/><G73/><T123/><D123/><U124/><E124/><V132/><F132/><W80/><G80/><T100/><D87/><U25/><E25/><V37/><F47/><W53/><G126/><T81/><D81/><U20/><E84/><V60/><F60/><W17/><G4/><T15/><D130/><N who="1" m="50283" /><E38/><V18/><F36/><W58/><G58/><T103/><D99/><U71/><E71/><V96/><F37/><W113/><G45/><T62/><D67/><U95/><E95/><V24/><F24/><W116/><G113/><T88/><D63/><U57/><E57/><V74/><F74/><W11/><G116/><N who="1" m="44650" /><E20/><V3/><F96/><W68/><G68/><T61/><D61/><U49/><E49/><V107/><F107/><W133/><G133/><T26/><D26/><U44/><E44/><V89/><REACH who="2" step="1"/><F6/><REACH who="2" ten="120,400,300,170" step="2"/><N who="3" m="3447" /><G33/><T43/><D64/><U121/><E121/><V2/><AGARI ba="0,1" hai="0,2,3,18,19,28,29,30,79,83,85,89,92,98" machi="2" ten="40,12000,1" yaku="1,1,0,1,52,2,53,0" doraHai="13" doraHaiUra="55" who="2" fromWho="2" sc="120,-40,400,-40,300,130,170,-40" /><INIT seed="2,1,0,2,5,134" ten="80,360,430,130" oya="2" hai0="126,67,102,127,106,77,64,44,16,131,1,63,89" hai1="132,79,100,15,42,43,29,49,10,24,101,41,38" hai2="91,128,98,103,85,93,119,19,51,39,9,31,58" hai3="0,48,52,40,6,88,129,99,3,28,8,133,45"/><V125/><F119/><W71/><G133/><T78/><D131/><U34/><E132/><V36/><F128/><W61/><G129/><T25/><D1/><U37/><E79/><N who="0" m="30217" /><D89/><U96/><E49/><V47/><F31/><W83/><G3/><T107/><D44/><U7/><REACH who="1" step="1"/><E101/><REACH who="1" ten="80,350,430,130" step="2"/><V121/><F121/><W74/><G48/><T118/><D118/><U82/><E82/><V26/><F36/><W27/><G83/><T2/><D2/><U90/><E90/><V18/><F39/><W124/><G88/><T114/><D114/><U50/><E50/><V21/><F51/><W94/><G0/><T46/><D46/><U20/><E20/><V109/><F47/><W117/><G45/><T35/><D102/><U66/><E66/><N who="0" m="25129" /><D63/><U80/><E80/><V70/><F103/><W97/><G61/><T110/><D110/><U57/><E57/><V92/><F58/><W108/><G108/><T22/><D35/><U23/><E23/><V62/><F109/><W56/><G56/><T95/><D95/><AGARI ba="1,1" hai="7,10,15,24,29,34,37,38,41,42,43,95,96,100" machi="95" ten="40,1300,0" yaku="1,1,53,0" doraHai="134" doraHaiUra="12" who="1" fromWho="0" sc="80,-16,350,26,430,0,130,0" /><INIT seed="3,0,0,4,5,67" ten="64,376,430,130" oya="3" hai0="12,127,75,116,85,20,49,86,36,3,120,112,114" hai1="98,43,70,61,50,129,69,82,25,18,93,134,91" hai2="8,110,63,103,33,62,47,107,95,52,115,2,21" hai3="106,130,64,96,37,6,39,26,40,59,109,28,13"/><W29/><G130/><T72/><D36/><U102/><E129/><V77/><F107/><W66/><G106/><T11/><D3/><U57/><E134/><V35/><F115/><N who="0" m="44074" /><D20/><U80/><E43/><V45/><F110/><W41/><G109/><T125/><D49/><U123/><E50/><V27/><F77/><W94/><G39/><T48/><D48/><U126/><E126/><N who="0" m="48137" /><D12/><U9/><E123/><V88/><F8/><W81/><G37/><T10/><D120/><U131/><E131/><V74/><F74/><N who="0" m="28202" /><D116/><U79/><E102/><V42/><F103/><W108/><G13/><T16/><D16/><U100/><E100/><V132/><F2/><W5/><G26/><T54/><D54/><N who="1" m="33975" /><E9/><AGARI ba="0,0" hai="9,10,11,85,86" m="28202,48137,44074" machi="9" ten="40,8000,1" yaku="28,2,11,1,18,1" doraHai="67" who="0" fromWho="1" sc="64,80,376,-80,430,0,130,0" owari="144,-25.6,296,9.6,430,53.0,130,-37.0" /></mjloggm>