<mjloggm ver="2.3"><GO type="225" lobby="0"/><UN n0="%77%72%77%72%77%72%77%72" n1="%E3%82%B4%E3%83%AA%E3%83%91%E3%83%A9" n2="%E3%81%8B%E3%82%8F%E3%81%A1%E3%82%83%E3%82%93%35%38" n3="%E3%81%B5%E3%81%98%E3%81%8B%E3%81%A4" dan="17,16,16,16" rate="2234.74,2154.99,2146.93,2202.28" sx="M,M,M,M"/><TAIKYOKU oya="0"/><INIT seed="0,0,0,0,5,38" ten="250,250,250,250" oya="0" hai0="27,108,124,42,78,20,135,112,63,28,107,50,115" hai1="77,59,76,6,118,67,61,91,39,33,52,55,51" hai2="71,23,121,44,88,68,130,106,54,81,34,127,8" hai3="73,30,40,5,79,15,66,104,32,72,65,10,41"/><T93/><D107/><U110/><E33/><V114/><F34/><W18/><G104/><T64/><D135/><U0/><E110/><V90/><F114/><W1/><BYE who="2" /><G66/><T14/><D108/><U98/><E39/><V133/><F133/><W70/><G65/><UN n2="%E3%81%8B%E3%82%8F%E3%81%A1%E3%82%83%E3%82%93%35%38" /><T4/><D124/><U3/><E118/><V99/><F121/><W46/><G70/><T19/><D78/><U2/><E6/><V113/><F113/><W125/><G125/><T9/><D93/><U119/><E119/><V117/><F117/><W45/><G30/><T25/><D50/><U123/><E123/><V49/><F127/><W97/><G32/><T60/><D60/><U75/><E75/><V56/><F130/><W43/><G97/><T131/><D131/><U21/><E21/><V24/><F8/><W22/><REACH who="3" step="1"/><G73/><REACH who="3" ten="250,250,250,240" step="2"/><T101/><D115/><U100/><E67/><V31/><F71/><W95/><G95/><T17/><D112/><U26/><E91/><V86/><F68/><W80/><AGARI ba="0,1" hai="1,5,10,15,18,22,40,41,43,45,46,72,79,80" machi="80" ten="30,8000,1" yaku="1,1,0,1,52,3,53,0" doraHai="38" doraHaiUra="85" who="3" fromWho="3" sc="250,-40,250,-20,250,-20,240,90" /><INIT seed="1,0,0,5,4,16" ten="210,230,230,330" oya="1" hai0="99,26,106,36,3,52,89,0,47,17,84,33,8" hai1="38,40,31,98,50,11,113,133,72,102,78,39,112" hai2="43,135,4,12,55,54,20,61,111,65,71,120,122" hai3="45,91,62,35,22,97,29,28,77,56,100,25,9"/><U110/><E31/><V2/><F2/><W57/><G77/><T76/><D76/><U1/><E50/><V15/><F4/><W123/><G123/><T49/><D36/><U42/><E133/><V51/><F135/><W13/><G45/><T108/><D108/><U46/><E110/><V19/><F111/><W10/><G91/><T103/><D33/><U87/><E87/><V7/><F43/><W37/><G37/><T126/><D126/><U114/><E40/><V67/><F67/><W127/><G127/><T73/><D73/><U118/><E118/><V58/><REACH who="2" step="1"/><F54/><REACH who="2" ten="210,230,220,330" step="2"/><N who="3" m="34071" /><G35/><T119/><D119/><U86/><E1/><V95/><F95/><N who="3" m="58431" /><G57/><T104/><D104/><U90/><E113/><V80/><F80/><W69/><G69/><T74/><D0/><U59/><E114/><V134/><F134/><W109/><G109/><T70/><D70/><U66/><E112/><V117/><F117/><W14/><G29/><T68/><D68/><U130/><E66/><V82/><F82/><W115/><G115/><T63/><D3/><U48/><E42/><V6/><F6/><W44/><G44/><T92/><D106/><U23/><E46/><V83/><F83/><W64/><G64/><T81/><D74/><U116/><E72/><V60/><F60/><W18/><G28/><T5/><D63/><U27/><E116/><V132/><F132/><W21/><G9/><AGARI ba="0,1" hai="7,9,12,15,19,20,51,55,58,61,65,71,120,122" machi="9" ten="40,2600,0" yaku="1,1,52,1,53,0" doraHai="16" doraHaiUra="105" who="2" fromWho="3" sc="210,0,230,0,220,36,330,-26" /><INIT seed="2,0,0,1,3,101" ten="210,230,256,304" oya="2" hai0="64,80,23,20,128,18,44,132,111,117,24,51,57" hai1="113,100,35,55,19,72,91,42,124,81,30,10,60" hai2="88,102,49,70,43,95,135,85,59,17,74,27,4" hai3="92,21,112,78,7,125,5,52,3,9,47,110,89"/><V41/><F70/><W79/><G110/><T8/><D111/><U11/><E113/><V38/><F38/><W50/><G125/><T65/><D128/><U108/><E108/><V16/><F74/><W116/><G116/><T46/><D117/><U96/><E42/><N who="2" m="15883" /><F135/><W12/><G112/><T126/><D126/><U98/><E124/><V28/><F4/><N who="3" m="3111" /><G3/><T66/><D132/><U25/><E19/><N who="2" m="7243" /><F102/><W53/><G21/><T127/><D127/><U62/><E10/><V1/><F1/><W134/><G134/><T40/><D8/><U131/><E11/><V33/><F33/><W114/><G114/><T36/><D20/><U106/><E131/><V69/><F69/><W105/><G105/><T34/><D34/><U39/><E39/><V14/><F14/><W54/><G5/><T61/><REACH who="0" step="1"/><D80/><REACH who="0" ten="200,230,256,304" step="2"/><U94/><E81/><V37/><F37/><W13/><G13/><T97/><D97/><U119/><E119/><V26/><F28/><W68/><G7/><T118/><D118/><U15/><E15/><V103/><F103/><W129/><G129/><T0/><D0/><U67/><E98/><V123/><F123/><W31/><G47/><T29/><D29/><U83/><E100/><V84/><F84/><N who="3" m="52263" /><G31/><T99/><D99/><U22/><E96/><V75/><F75/><W45/><G68/><T133/><D133/><U104/><E72/><V2/><F2/><W130/><G130/><T48/><D48/><U58/><E35/><V107/><F107/><W56/><G45/><T87/><D87/><N who="1" m="52607" /><E83/><V93/><F93/><W90/><G90/><T6/><D6/><RYUUKYOKU ba="0,1" sc="200,0,230,0,256,0,304,0" hai0="18,23,24,36,40,44,46,51,57,61,64,65,66" hai1="22,25,30,55,58,60,62,67,104,106" hai2="26,27,49,59,85,88,95" hai3="50,52,53,54,56,78,79" /><INIT seed="2,1,1,5,3,108" ten="200,230,256,304" oya="2" hai0="42,122,34,135,97,63,24,23,103,127,11,116,4" hai1="48,78,87,121,30,72,58,102,27,101,132,14,82" hai2="0,88,84,98,67,35,133,6,89,114,126,124,118" hai3="95,15,7,29,64,123,51,39,76,109,36,75,47"/><V5/><F118/><W77/><G109/><T19/><D122/><U50/><E132/><V65/><F35/><W117/><G123/><T57/><D135/><U80/><E121/><V129/><F133/><W61/><G117/><T125/><D116/><U59/><E14/><V33/><F33/><W119/><G29/><T111/><D111/><U25/><E72/><V22/><F129/><W130/><G119/><T54/><D42/><U21/><E25/><V53/><F114/><W96/><G130/><T66/><D34/><U60/><E82/><V120/><F120/><W1/><G1/><T37/><D37/><U32/><E32/><V92/><F53/><W40/><G75/><T83/><D83/><U94/><E58/><V115/><F22/><W9/><G39/><T74/><D74/><U107/><E107/><V85/><F98/><W8/><G8/><T113/><D113/><U62/><E62/><V45/><F45/><W68/><G36/><T52/><D127/><N who="2" m="48682" /><F115/><W110/><G110/><T13/><REACH who="0" step="1"/><D125/><REACH who="0" ten="190,230,256,304" step="2"/><U91/><E102/><AGARI ba="1,2" hai="7,9,15,40,47,51,61,64,68,76,77,95,96,102" machi="102" ten="30,1000,0" yaku="7,1" doraHai="108" who="3" fromWho="1" sc="190,0,230,-13,256,0,304,33" /><INIT seed="3,0,0,5,5,41" ten="190,217,256,337" oya="3" hai0="85,130,99,28,80,67,1,113,14,70,10,3,23" hai1="84,111,92,44,30,15,127,68,63,91,95,52,116" hai2="104,29,40,132,74,25,76,16,59,18,66,0,4" hai3="77,73,33,69,53,32,78,60,112,47,61,13,83"/><W131/><G78/><T21/><D130/><U43/><E111/><V135/><F104/><W125/><G112/><T65/><D113/><U114/><E114/><V108/><F59/><W90/><G61/><T94/><D1/><U98/><E127/><V27/><F66/><W75/><G75/><T89/><D3/><U110/><E110/><V22/><F76/><W119/><G47/><T64/><D28/><U46/><E30/><N who="2" m="17719" /><F40/><W6/><G6/><T79/><REACH who="0" step="1"/><D70/><REACH who="0" ten="180,217,256,337" step="2"/><U121/><E68/><V12/><F0/><W115/><G69/><T19/><AGARI ba="0,1" hai="10,14,19,21,23,64,65,67,79,80,85,89,94,99" machi="19" ten="30,7900,0" yaku="1,1,2,1,0,1,8,1,53,0" doraHai="41" doraHaiUra="20" who="0" fromWho="0" sc="180,89,217,-20,256,-20,337,-39" /><INIT seed="4,0,0,0,3,72" ten="269,197,236,298" oya="0" hai0="81,19,96,50,77,87,43,20,7,42,89,86,121" hai1="3,5,128,11,55,91,4,36,57,26,6,35,22" hai2="107,0,127,16,84,125,70,112,98,34,61,30,15" hai3="28,58,8,64,79,92,108,10,123,63,129,27,88"/><T109/><D121/><U65/><E128/><V23/><F112/><W2/><G108/><T21/><D109/><U59/><E36/><V103/><F84/><N who="3" m="52231" /><G79/><T49/><D96/><U135/><E35/><V85/><F85/><W116/><G116/><T13/><D7/><U46/><E135/><V100/><F0/><W29/><G2/><T40/><D20/><U95/><E46/><V130/><F100/><W94/><G129/><T45/><D49/><U93/><E57/><V18/><F18/><W80/><G80/><AGARI ba="0,0" hai="13,19,21,40,42,43,45,50,77,80,81,86,87,89" machi="80" ten="30,5800,0" yaku="7,1,8,1,52,1" doraHai="72" who="0" fromWho="3" sc="269,58,197,0,236,0,298,-58" owari="327,42.7,197,-30.3,236,-16.4,240,4.0" /></mjloggm>