<mjloggm ver="2.3"><GO type="225" lobby="0"/><UN n0="%65%6B%61%72%75%74%65" n1="%E5%A4%A7%E5%A4%A7%E5%B2%A1%E5%B1%B1%EF%BC%A0%E6%A8%AA%E6%B5%9C" n2="%E4%BF%BA%E3%81%A8%E5%A6%96%E5%A4%A2" n3="%72%69%6F%75%63%68%61%6E" dan="16,16,17,17" rate="2080.48,2173.14,2135.28,2236.94" sx="M,M,F,M"/><TAIKYOKU oya="0"/><INIT seed="0,0,0,0,2,29" ten="250,250,250,250" oya="0" hai0="112,36,61,64,54,49,63,22,83,97,71,4,90" hai1="95,91,16,44,18,123,131,25,117,26,60,12,88" hai2="37,20,55,94,45,115,53,85,31,82,50,11,87" hai3="116,73,69,96,7,8,78,30,59,126,130,101,86"/><T100/><D112/><U110/><E117/><V103/><F115/><W122/><G116/><T133/><D133/><U119/><E123/><V58/><F37/><W98/><G122/><T23/><D36/><U41/><E110/><V99/><F11/><W46/><G69/><T1/><D63/><U68/><E131/><V129/><F129/><W13/><G130/><T76/><D90/><N who="1" m="34347" /><E68/><V27/><REACH who="2" step="1"/><F82/><REACH who="2" ten="250,250,240,250" step="2"/><N who="3" m="47447" /><G126/><T74/><D4/><U35/><E119/><V52/><F52/><W118/><G118/><T17/><D1/><U47/><E41/><V92/><F92/><W102/><G7/><T135/><D135/><U2/><E95/><V10/><F10/><W125/><G125/><T6/><D6/><U14/><E2/><V19/><F19/><W48/><G8/><T62/><D17/><U75/><E18/><V3/><F3/><W66/><G13/><T114/><D114/><U81/><E12/><V72/><F72/><W93/><G93/><T9/><D9/><U0/><E0/><V120/><F120/><W24/><G73/><T104/><REACH who="0" step="1"/><D62/><AGARI ba="0,1" hai="20,27,31,45,50,53,55,58,62,85,87,94,99,103" machi="62" ten="30,3900,0" yaku="1,1,7,1,8,1,53,0" doraHai="29" doraHaiUra="77" who="2" fromWho="0" sc="250,-39,250,0,240,49,250,0" /><INIT seed="1,0,0,3,1,55" ten="211,250,289,250" oya="1" hai0="105,9,135,33,0,84,107,119,114,60,45,61,115" hai1="77,100,49,134,69,26,42,92,106,72,121,66,113" hai2="76,122,127,19,15,126,67,128,116,50,95,112,118" hai3="59,80,11,91,96,89,102,56,131,6,51,16,68"/><U81/><E113/><V54/><F112/><W10/><G68/><T5/><D119/><U38/><E121/><V83/><F122/><W25/><G131/><T98/><D135/><U99/><E49/><V70/><F95/><N who="3" m="58655" /><G51/><T132/><D132/><U2/><E26/><V93/><F93/><W39/><G39/><T130/><D130/><U13/><E13/><V40/><F40/><W109/><G109/><T97/><D33/><U88/><E2/><V31/><F31/><W43/><G43/><T23/><D84/><N who="1" m="52231" /><E134/><V12/><F12/><N who="3" m="5207" /><G11/><T34/><D34/><U22/><E22/><V3/><F3/><W75/><G75/><T58/><D23/><U90/><E90/><N who="3" m="34314" /><G80/><T32/><D32/><U57/><E69/><V125/><F70/><W111/><G111/><T7/><D0/><U120/><E120/><V1/><F1/><W4/><G4/><T82/><D9/><U87/><E87/><V133/><F128/><W28/><G28/><T62/><D82/><U79/><E79/><V85/><F133/><W129/><G129/><T27/><D107/><U104/><E106/><V36/><F36/><W17/><G17/><T30/><D105/><U71/><E71/><V47/><F19/><W73/><G73/><T103/><D114/><U94/><E94/><V21/><F21/><AGARI ba="0,0" hai="16,21,25,56,59" m="34314,5207,58655" machi="21" ten="30,7700,0" yaku="8,1,52,2,54,1" doraHai="55" who="3" fromWho="2" sc="211,0,250,0,289,-77,250,77" /><INIT seed="2,0,0,3,0,49" ten="211,250,212,327" oya="2" hai0="114,120,23,32,31,52,4,20,121,2,115,108,39" hai1="17,40,89,135,122,34,132,44,125,126,131,1,10" hai2="45,67,130,88,86,79,59,55,29,117,57,99,103" hai3="68,13,112,25,14,81,54,7,61,87,133,78,6"/><V18/><F117/><W74/><G133/><N who="1" m="51274" /><E34/><V9/><F130/><W80/><G112/><T105/><D105/><U65/><E65/><V41/><F79/><W26/><G68/><T24/><D39/><U35/><E35/><V56/><F67/><W129/><G129/><T76/><D76/><U82/><E131/><V101/><F29/><W91/><G13/><T107/><D107/><U12/><E1/><V22/><F9/><W5/><REACH who="3" step="1"/><G14/><REACH who="3" ten="211,250,212,317" step="2"/><T28/><D114/><U118/><E118/><V33/><F33/><W73/><G73/><T106/><D32/><U83/><E122/><V111/><F111/><W123/><G123/><T75/><D115/><U42/><E126/><V92/><F86/><W127/><G127/><T66/><D75/><U94/><E125/><V0/><F0/><W100/><G100/><T69/><D69/><U98/><E42/><V19/><F103/><W51/><G51/><AGARI ba="0,1" hai="10,12,17,40,44,51,82,83,89,94,98" m="51274" machi="51" ten="30,1000,0" yaku="20,1" doraHai="49" who="1" fromWho="3" sc="211,0,250,20,212,0,317,-10" /><INIT seed="3,0,0,0,4,35" ten="211,270,212,307" oya="3" hai0="64,14,68,15,29,90,53,82,43,73,33,17,58" hai1="119,130,95,34,4,11,1,135,76,65,61,79,39" hai2="12,116,38,27,56,36,25,99,112,83,22,93,70" hai3="122,20,60,23,37,57,87,50,42,9,105,55,47"/><W8/><G122/><T30/><D43/><U133/><E34/><V46/><F112/><W3/><G105/><T13/><D68/><U121/><E121/><V126/><F116/><W85/><G3/><T16/><D64/><U104/><E104/><V128/><F70/><W97/><G97/><T102/><D102/><U28/><E28/><N who="0" m="10857" /><D73/><U32/><E32/><V89/><F128/><W26/><G20/><T21/><D33/><U86/><E39/><V88/><F126/><W134/><G134/><N who="1" m="51210" /><E130/><V127/><F127/><W111/><G111/><T94/><D82/><U2/><E95/><N who="2" m="56807" /><F38/><W98/><G98/><N who="0" m="57687" /><D21/><U7/><E86/><N who="3" m="32778" /><G37/><T108/><D108/><U118/><E119/><V120/><F120/><W66/><G66/><T113/><D113/><U45/><E118/><V132/><F132/><W92/><G92/><T44/><D44/><U72/><E45/><V74/><F36/><W109/><G109/><T80/><D80/><U69/><E72/><V123/><F123/><W103/><G103/><T6/><D6/><U18/><E18/><AGARI ba="0,0" hai="8,9,18,23,26,42,47,50,55,57,60" m="32778" machi="18" ten="30,1500,0" yaku="8,1" doraHai="35" who="3" fromWho="1" sc="211,0,270,-15,212,0,307,15" owari="211,-28.9,255,5.5,212,-18.8,322,42.2" /></mjloggm>