<mjloggm ver="2.3"><GO type="225" lobby="0"/><UN n0="%E9%80%9F%E6%B0%B4%E5%87%9B%E9%A6%99" n1="%E9%81%85%E5%88%BB%E3%81%AE%E3%83%97%E3%83%AA%E3%83%B3%E3%82%B9%E2%99%AA" n2="%E8%81%B7%E6%A5%AD%E3%80%81%E9%A2%A8%32" n3="%48%61%61%61%6C%61%6E%64" dan="16,16,16,17" rate="2058.38,2166.35,2134.56,2242.48" sx="F,F,M,M"/><TAIKYOKU oya="0"/><INIT seed="0,0,0,5,5,10" ten="250,250,250,250" oya="0" hai0="39,80,5,75,111,24,28,42,106,97,43,35,56" hai1="133,101,34,46,128,38,47,66,82,57,109,96,81" hai2="73,29,68,21,52,41,129,32,88,30,17,40,105" hai3="31,25,67,123,72,14,71,59,64,112,33,86,113"/><T90/><D111/><U3/><E3/><V120/><F120/><W4/><G72/><T55/><D5/><U16/><E34/><V99/><F68/><W132/><G71/><T7/><D7/><U9/><E109/><V85/><F73/><W51/><G123/><T83/><D39/><U95/><E128/><V49/><F99/><W117/><G117/><T131/><D131/><U104/><E133/><V91/><F105/><W27/><G132/><T116/><D116/><U62/><E104/><V114/><F114/><W108/><G108/><T78/><D80/><N who="1" m="30827" /><E38/><V89/><F85/><W110/><G86/><T126/><D126/><U60/><E60/><V87/><F87/><W119/><G119/><T84/><D84/><U102/><E102/><V1/><F32/><W44/><G110/><T74/><D74/><U130/><E130/><V70/><F70/><W2/><G2/><T19/><D19/><U63/><E63/><V13/><F1/><W77/><G33/><T124/><D124/><U58/><E58/><N who="2" m="33039" /><F129/><W127/><G127/><T6/><D6/><U125/><E125/><V94/><F94/><W37/><G4/><T54/><D54/><U36/><E36/><V93/><F93/><W69/><G37/><T53/><D53/><U12/><AGARI ba="0,0" hai="9,12,16,46,47,57,62,66,95,96,101" m="30827" machi="12" ten="30,4000,0" yaku="8,1,52,1,54,1" doraHai="10" who="1" fromWho="1" sc="250,-20,250,40,250,-10,250,-10" /><INIT seed="1,0,0,4,3,81" ten="230,290,240,240" oya="1" hai0="104,110,45,2,127,52,54,135,42,128,60,11,38" hai1="68,98,31,30,19,86,134,77,126,8,124,80,95" hai2="130,116,63,59,56,79,41,46,5,133,90,24,75" hai3="82,97,15,13,37,44,29,89,32,65,0,69,26"/><U61/><E134/><V105/><F116/><W121/><G121/><T48/><D11/><U23/><E8/><V6/><F105/><W117/><G0/><T58/><D104/><U20/><E61/><V12/><F133/><W17/><G117/><T112/><D2/><U72/><E68/><V67/><F130/><W129/><G129/><T64/><D135/><U1/><E1/><V62/><F79/><W14/><G65/><T7/><D7/><U78/><E78/><V120/><F75/><W119/><G69/><N who="0" m="42119" /><D128/><U123/><E72/><V101/><F101/><W113/><G113/><T88/><D88/><N who="1" m="55655" /><E123/><V35/><F120/><W36/><G119/><T100/><D100/><U71/><E71/><V21/><F35/><W83/><G17/><T4/><D4/><U115/><E115/><V70/><F6/><W57/><G57/><N who="0" m="32903" /><D112/><U118/><E118/><V47/><F5/><W66/><G66/><T33/><D33/><U73/><E73/><V9/><F67/><W114/><G114/><T40/><D127/><N who="1" m="48683" /><E23/><V76/><F21/><W28/><G32/><T43/><D110/><U85/><E85/><V3/><F9/><W106/><G97/><T27/><D27/><AGARI ba="0,0" hai="19,20,27,30,31,77,80,86" m="48683,55655" machi="27" ten="30,5800,0" yaku="18,1,52,1,54,1" doraHai="81" who="1" fromWho="0" sc="230,-58,290,58,240,0,240,0" /><INIT seed="1,1,0,3,5,74" ten="172,348,240,240" oya="1" hai0="1,38,67,45,50,11,0,131,85,110,6,48,66" hai1="91,71,16,24,134,34,47,63,62,123,111,17,35" hai2="54,108,130,27,114,10,65,42,5,101,103,41,106" hai3="84,33,95,13,15,96,105,52,83,30,31,98,55"/><U58/><E123/><V90/><F108/><W26/><G105/><T79/><D110/><U28/><E111/><V126/><F126/><W20/><G31/><T51/><D131/><U120/><E120/><V39/><F130/><W29/><G29/><T44/><D0/><U2/><E2/><V14/><F114/><W7/><G33/><T32/><D32/><U121/><E121/><V116/><F116/><W133/><G133/><T89/><D79/><U125/><E35/><V25/><F39/><W97/><G95/><T72/><D72/><U22/><E125/><V92/><F65/><W100/><G100/><N who="2" m="38473" /><F54/><N who="3" m="20523" /><G7/><T117/><D117/><U81/><E134/><V132/><F106/><W99/><N who="3" m="24576" /><DORA hai="76" /><W61/><G61/><T68/><D68/><U93/><E71/><V102/><F102/><W69/><G69/><T4/><D4/><U82/><E47/><V75/><F75/><W87/><G87/><T118/><D118/><U112/><E112/><V19/><F5/><W107/><G107/><T104/><D104/><U37/><E37/><V73/><F73/><W46/><G46/><T88/><D89/><AGARI ba="1,0" hai="13,15,20,26,30,83,84,89" m="24576,20523" machi="89" ten="40,5200,0" yaku="8,1,52,1,54,1" doraHai="74,76" who="3" fromWho="0" sc="172,-55,348,0,240,0,240,55" /><INIT seed="2,0,0,4,2,131" ten="117,348,240,295" oya="2" hai0="122,128,19,46,130,97,92,35,120,54,133,115,78" hai1="3,36,40,89,100,26,90,59,71,80,51,73,117" hai2="96,1,129,6,34,66,8,37,106,22,108,69,112" hai3="28,85,45,44,41,14,5,81,13,56,50,38,102"/><V74/><RYUUKYOKU type="yao9" ba="0,0" sc="117,0,348,0,240,0,295,0" hai2="1,6,8,22,34,37,66,69,74,96,106,108,112,129" /><INIT seed="2,1,0,3,0,74" ten="117,348,240,295" oya="2" hai0="81,73,13,130,57,42,88,44,124,84,113,5,65" hai1="11,112,135,59,103,14,10,37,122,15,19,32,91" hai2="82,17,0,68,43,8,107,40,97,69,96,30,92" hai3="33,89,110,71,48,127,134,26,90,120,3,23,31"/><V52/><F30/><W16/><G120/><T111/><D113/><U121/><E112/><V77/><F107/><W101/><G110/><T66/><D111/><U95/><E37/><V38/><F68/><W56/><G71/><T49/><D130/><U62/><E32/><V58/><F69/><W61/><G127/><T129/><D124/><U7/><E103/><V6/><F17/><W67/><G134/><T51/><D129/><U108/><E135/><V25/><F25/><W27/><G3/><T36/><D73/><U94/><E108/><V21/><F21/><W86/><G101/><T106/><D106/><U1/><E1/><V41/><F38/><W125/><G125/><T132/><D132/><U50/><E50/><V70/><F70/><W35/><G35/><T133/><D133/><U46/><E46/><V72/><REACH who="2" step="1"/><F92/><REACH who="2" ten="117,348,230,295" step="2"/><W55/><G33/><T109/><D109/><U2/><E95/><V63/><AGARI ba="1,1" hai="0,6,8,40,41,43,52,58,63,72,77,82,96,97" machi="63" ten="30,18000,2" yaku="1,1,2,1,0,1,52,1,54,1,53,1" doraHai="74" doraHaiUra="75" who="2" fromWho="2" sc="117,-61,348,-61,230,193,295,-61" /><INIT seed="2,2,0,5,3,37" ten="56,287,423,234" oya="2" hai0="94,18,68,130,58,87,132,55,122,109,127,89,23" hai1="29,19,98,77,80,93,115,30,92,7,81,60,128" hai2="135,103,70,27,41,24,52,71,116,21,33,5,79" hai3="96,117,2,13,75,105,67,38,15,54,10,86,44"/><V113/><F113/><W22/><G117/><T0/><D122/><U1/><E115/><V28/><F116/><W133/><G75/><T131/><D109/><U59/><E128/><V124/><F135/><W78/><G67/><T3/><D68/><U88/><E7/><V74/><F124/><W134/><G2/><T83/><D132/><U121/><E1/><V63/><F5/><W57/><G22/><T99/><D127/><U108/><E108/><V25/><F25/><W91/><G78/><T101/><D131/><U90/><E121/><V47/><F103/><W32/><G32/><T112/><D130/><U106/><E19/><V110/><F79/><W14/><G10/><T123/><D123/><U114/><E106/><V65/><F74/><W53/><G96/><T40/><D112/><U72/><E81/><V46/><F110/><W129/><G105/><T43/><D0/><U102/><E114/><V20/><F33/><W107/><G107/><T6/><D6/><U56/><E102/><V12/><F12/><W11/><G11/><T17/><D3/><U69/><E69/><V85/><F85/><W82/><G129/><T95/><D95/><U16/><E16/><N who="0" m="6249" /><D23/><U8/><E8/><V97/><F71/><W61/><G38/><T73/><D73/><U34/><E34/><V66/><F70/><W4/><G4/><T36/><D36/><U119/><E119/><V35/><F35/><W126/><G126/><T49/><AGARI ba="2,0" hai="40,43,49,55,58,83,87,89,94,99,101" m="6249" machi="49" ten="30,7900,0" yaku="8,1,52,2,54,1" doraHai="37" who="0" fromWho="0" sc="56,85,287,-22,423,-41,234,-22" /><INIT seed="3,0,0,2,4,5" ten="141,265,382,212" oya="3" hai0="104,107,37,53,71,87,83,32,13,35,45,8,55" hai1="105,18,16,132,54,34,47,90,111,67,126,95,133" hai2="119,79,113,17,86,56,68,6,41,88,46,129,82" hai3="124,29,50,23,66,75,10,108,59,40,98,69,20"/><W7/><G124/><T12/><D37/><U39/><E105/><V102/><F68/><W3/><G75/><T93/><D71/><U116/><E34/><V11/><F119/><W26/><G108/><T103/><D103/><U51/><E111/><V84/><F113/><W123/><G123/><T27/><D93/><U63/><E39/><V57/><F129/><W96/><G69/><T78/><D107/><U120/><E120/><V42/><F17/><W65/><G23/><T15/><D104/><U0/><E0/><V61/><F102/><W135/><G135/><N who="1" m="51786" /><E116/><V31/><F31/><W4/><G4/><T109/><D109/><U110/><E126/><V118/><F46/><W24/><G24/><T134/><D134/><U62/><E110/><V85/><F85/><W21/><G21/><T28/><D35/><U58/><E63/><V115/><F115/><W30/><G30/><T99/><D99/><AGARI ba="0,0" hai="16,18,47,51,54,58,62,67,90,95,99" m="51786" machi="99" ten="30,2000,0" yaku="20,1,54,1" doraHai="5" who="1" fromWho="0" sc="141,-20,265,20,382,0,212,0" owari="121,-37.9,285,8.5,382,48.2,212,-18.8" /></mjloggm>