<mjloggm ver="2.3"><GO type="225" lobby="0"/><UN n0="%E3%82%82%E3%82%93%E3%81%8D%E3%82%93%E3%81%90" n1="%E3%82%BF%E3%83%BC%E3%83%90%E3%83%B3%E9%87%8E%E5%8F%A3" n2="%E3%81%BF%E3%81%BF%E3%81%9A" n3="%E3%83%97%E3%83%AC%E3%83%B4%E3%82%A1%E3%83%86%E3%82%A3" dan="16,16,16,16" rate="2084.94,2132.15,2172.60,2074.96" sx="M,M,M,F"/><TAIKYOKU oya="0"/><INIT seed="0,0,0,5,4,34" ten="250,250,250,250" oya="0" hai0="7,49,48,103,30,35,110,113,88,22,90,53,37" hai1="81,123,47,119,5,72,13,128,11,29,38,60,114" hai2="4,24,58,25,14,120,56,55,101,23,124,71,36" hai3="85,62,40,87,97,131,108,73,126,12,69,78,93"/><T133/><D37/><U127/><E119/><V2/><F120/><W86/><G108/><T118/><D35/><U92/><E123/><V82/><F71/><W42/><G126/><T18/><D113/><U27/><E127/><V112/><F124/><W130/><G12/><T0/><D30/><U80/><E128/><N who="3" m="49194" /><G69/><T10/><D118/><U46/><E114/><V129/><F112/><W76/><G62/><T6/><D6/><U52/><E92/><V105/><F129/><W33/><G33/><T116/><D116/><U135/><E135/><V74/><F36/><W44/><G44/><N who="1" m="16938" /><E72/><V67/><F67/><W20/><G20/><T125/><D125/><U99/><E99/><V17/><F101/><N who="3" m="60591" /><G40/><T107/><D133/><U121/><E38/><V66/><F105/><W75/><G42/><T54/><D110/><U19/><E29/><V43/><F43/><W117/><G117/><T26/><D103/><U122/><E122/><V61/><F74/><AGARI ba="0,0" hai="73,74,75,76,78,85,86,87" m="60591,49194" machi="74" ten="40,5200,0" yaku="19,1,34,2" doraHai="34" who="3" fromWho="2" sc="250,0,250,0,250,-52,250,52" /><INIT seed="1,0,0,0,0,86" ten="250,250,198,302" oya="1" hai0="9,126,13,78,77,61,27,82,97,21,65,115,84" hai1="124,79,67,93,58,46,135,57,80,55,114,100,118" hai2="52,4,44,125,56,39,7,122,116,120,10,69,23" hai3="130,29,74,91,134,66,53,99,106,121,16,83,96"/><U123/><E123/><V24/><F116/><W102/><G121/><T76/><D126/><U108/><E118/><V37/><F4/><W71/><G134/><T104/><D115/><U133/><E114/><V85/><F69/><W41/><G41/><T105/><D104/><U94/><E124/><V62/><F125/><W50/><G29/><T32/><D32/><U112/><E112/><V54/><F39/><W3/><G3/><T15/><D97/><N who="1" m="59439" /><E108/><V19/><F85/><W45/><G130/><T6/><D15/><U42/><E94/><V81/><F81/><W18/><G74/><T70/><REACH who="0" step="1"/><D105/><REACH who="0" ten="240,250,198,302" step="2"/><U0/><E0/><V90/><F90/><W87/><REACH who="3" step="1"/><G99/><REACH who="3" ten="240,250,198,292" step="2"/><T73/><D73/><U75/><E133/><V51/><REACH who="2" step="1"/><F37/><REACH who="2" ten="240,250,188,292" step="2"/><W109/><G109/><T12/><D12/><AGARI ba="0,3" hai="7,10,12,19,23,24,44,51,52,54,56,62,120,122" machi="12" ten="30,7700,0" yaku="1,1,2,1,7,1,54,1,53,0" doraHai="86" doraHaiUra="113" who="2" fromWho="0" sc="240,-77,250,0,188,107,292,0" /><INIT seed="2,0,0,3,1,95" ten="163,250,295,292" oya="2" hai0="59,56,23,91,47,88,109,34,77,9,65,73,52" hai1="48,125,105,122,33,44,19,14,79,13,60,117,49" hai2="1,135,97,94,68,81,89,82,21,120,119,22,5" hai3="43,62,41,72,29,115,12,11,74,61,6,93,46"/><V15/><F119/><W110/><G110/><T106/><D109/><U100/><E117/><V130/><F120/><W4/><G115/><T76/><D34/><U128/><E33/><V36/><F68/><W30/><G93/><T67/><D106/><U39/><E122/><V38/><F1/><W127/><G46/><T55/><D73/><U78/><E128/><V7/><F130/><W20/><G20/><T86/><D47/><U126/><E60/><V104/><F135/><W90/><G90/><T40/><D23/><N who="1" m="11759" /><E39/><V0/><F0/><W3/><G3/><T123/><D123/><U53/><E14/><V133/><F133/><W42/><G12/><T108/><D108/><U114/><E48/><V51/><F104/><W84/><G84/><T31/><D86/><U28/><E28/><N who="3" m="10858" /><G11/><T63/><D31/><U83/><E83/><N who="2" m="31755" /><F38/><W17/><G17/><T107/><D107/><U37/><E37/><V85/><F36/><W8/><G8/><T111/><D111/><U71/><E71/><V16/><F22/><W57/><G57/><T116/><D116/><U35/><E35/><V24/><F24/><W99/><G127/><N who="1" m="48650" /><E114/><V2/><F2/><W103/><G74/><T124/><D124/><U129/><E129/><V102/><F51/><W45/><G72/><T132/><D132/><U32/><E32/><V64/><F64/><W112/><G112/><T25/><D25/><U121/><E121/><V66/><F66/><W98/><G45/><T70/><D70/><U58/><E44/><V80/><AGARI ba="0,0" hai="5,7,15,16,21,80,85,89,94,97,102" m="31755" machi="80" ten="30,6000,0" yaku="8,1,52,1,54,1" doraHai="95" who="2" fromWho="2" sc="163,-20,250,-20,295,60,292,-20" /><INIT seed="2,1,0,3,1,6" ten="143,230,355,272" oya="2" hai0="132,67,32,43,68,61,97,64,8,111,11,109,24" hai1="53,129,80,116,96,35,114,41,88,31,48,108,59" hai2="58,121,133,4,134,9,56,55,94,118,83,73,47" hai3="119,106,104,135,112,5,89,126,12,66,122,52,103"/><V28/><F118/><W25/><G119/><T92/><D43/><U81/><E116/><V63/><F121/><W113/><G122/><T26/><D132/><N who="2" m="50794" /><F28/><W33/><G135/><T14/><D14/><U86/><E114/><N who="3" m="44138" /><G66/><T13/><D13/><U51/><E108/><N who="0" m="41545" /><D67/><U72/><E129/><V42/><F94/><W45/><G103/><N who="0" m="60839" /><D32/><U102/><E72/><V99/><F99/><W90/><G126/><T3/><D3/><U82/><E35/><V54/><F83/><W101/><G101/><T100/><D100/><U34/><E34/><V74/><F56/><W75/><G75/><T40/><D40/><U10/><E31/><V70/><F55/><W23/><G33/><T60/><D60/><U127/><E127/><V105/><F70/><W65/><G65/><T107/><D107/><N who="3" m="41001" /><G25/><AGARI ba="1,0" hai="8,11,24,25,26,61,64,68" m="60839,41545" machi="25" ten="30,3900,0" yaku="14,1,52,2" doraHai="6" who="0" fromWho="3" sc="143,42,230,0,355,0,272,-42" /><INIT seed="3,0,0,2,2,111" ten="185,230,355,230" oya="3" hai0="119,19,61,66,32,109,12,57,0,67,73,55,114" hai1="17,120,100,43,129,104,123,3,2,101,124,50,20" hai2="46,93,106,132,77,81,31,79,33,34,92,105,107" hai3="38,51,62,135,65,24,125,68,78,113,52,15,45"/><W112/><G125/><T59/><D119/><U133/><E124/><V25/><F46/><W27/><G135/><T14/><D109/><U54/><E43/><V134/><F34/><W91/><G78/><T23/><D0/><U97/><E133/><N who="2" m="51307" /><F79/><W29/><G15/><T18/><D73/><AGARI ba="0,0" hai="25,31,33,73,77,81,92,93,105,106,107" m="51307" machi="73" ten="40,1300,0" yaku="20,1" doraHai="111" who="2" fromWho="0" sc="185,-13,230,0,355,13,230,0" owari="172,-32.8,230,3.0,368,46.8,230,-17.0" /></mjloggm>