<mjloggm ver="2.3"><GO type="225" lobby="0"/><UN n0="%E6%98%A5%E3%81%AE%E3%81%8B%E3%81%91%E3%82%89" n1="%E9%B3%B3%E6%9D%B1%E3%81%AE%E3%81%86%E3%81%95%E3%81%8E%E3%81%95%E3%82%93" n2="%E3%82%82%E3%81%90%E3%82%89" n3="%74%61%6B%75%61%6B%61" dan="16,16,16,17" rate="2060.12,2120.23,2157.76,2188.60" sx="F,M,M,M"/><TAIKYOKU oya="0"/><INIT seed="0,0,0,2,5,9" ten="250,250,250,250" oya="0" hai0="85,97,86,127,3,72,101,93,99,113,0,59,67" hai1="131,34,96,20,110,66,122,77,17,5,39,57,79" hai2="7,69,19,120,76,36,16,8,81,114,80,65,100" hai3="37,116,124,118,115,126,61,78,117,84,48,51,108"/><T107/><D113/><U63/><E122/><V26/><F120/><W10/><G78/><T38/><D38/><U13/><E110/><V54/><F114/><W64/><G84/><T134/><D134/><U18/><E131/><V90/><F100/><W55/><G10/><T128/><D72/><U123/><E123/><V49/><F36/><W119/><G115/><T88/><D128/><U6/><E34/><V58/><F90/><W22/><G22/><T4/><D127/><N who="3" m="48681" /><G108/><T47/><D47/><U121/><E39/><V44/><F26/><W132/><N who="3" m="29696" /><DORA hai="24" /><W87/><G87/><T32/><D32/><U62/><E121/><V89/><F89/><W29/><G29/><T133/><D133/><U60/><E96/><V12/><F81/><W74/><G74/><T52/><D86/><U111/><E111/><V105/><F105/><W125/><G125/><T70/><D4/><N who="1" m="1643" /><E17/><V68/><F80/><W130/><G130/><T31/><D31/><U102/><E102/><V2/><F19/><W75/><G75/><T112/><D112/><U33/><E33/><V40/><F76/><AGARI ba="0,0" hai="13,18,20,57,60,62,63,66,76,77,79" m="1643" machi="76" ten="30,2000,0" yaku="8,1,52,1" doraHai="9,24" who="1" fromWho="2" sc="250,0,250,20,250,-20,250,0" /><INIT seed="1,0,0,0,3,18" ten="250,270,230,250" oya="1" hai0="71,43,120,77,20,126,103,68,84,50,46,45,8" hai1="90,112,101,81,39,22,93,135,5,105,11,82,25" hai2="123,65,35,111,64,0,80,125,51,34,87,91,58" hai3="10,100,107,115,23,85,97,15,113,133,42,59,121"/><U79/><E112/><V63/><F123/><W88/><G121/><T69/><D120/><U99/><E135/><V26/><F0/><W1/><G133/><T9/><D126/><U131/><E131/><V57/><F125/><W116/><G116/><T73/><D73/><U52/><E39/><V118/><F118/><W6/><G42/><T106/><D46/><U132/><E132/><V53/><F111/><W128/><G128/><T29/><D103/><U31/><E79/><V48/><F48/><W37/><G37/><T49/><D106/><U44/><E44/><V102/><F102/><W24/><G59/><T117/><D50/><U28/><E28/><V94/><F65/><W21/><G1/><T33/><D33/><U92/><E52/><V4/><F4/><W60/><G60/><T40/><D40/><U55/><E55/><V27/><REACH who="2" step="1"/><F94/><REACH who="2" ten="250,270,220,250" step="2"/><W61/><G61/><T83/><REACH who="0" step="1"/><D117/><REACH who="0" ten="240,270,220,250" step="2"/><U47/><E105/><V89/><F89/><W7/><G115/><T12/><D12/><N who="1" m="5231" /><E47/><V110/><F110/><W54/><G113/><T41/><D41/><U119/><E119/><V98/><F98/><AGARI ba="0,2" hai="22,25,31,81,82,90,92,93,98,99,101" m="5231" machi="98" ten="30,2900,0" yaku="8,1,52,1" doraHai="18" who="1" fromWho="2" sc="240,0,270,49,220,-29,250,0" /><INIT seed="1,1,0,0,3,21" ten="240,319,191,250" oya="1" hai0="134,129,30,77,42,54,14,67,119,89,87,0,117" hai1="70,27,96,6,111,39,20,7,52,71,81,41,98" hai2="31,74,5,46,29,132,75,108,102,8,90,56,64" hai3="66,114,109,86,115,2,125,65,3,40,91,107,32"/><U55/><E39/><V44/><F108/><W82/><G109/><T24/><D0/><U110/><E20/><V15/><F132/><W93/><G107/><T124/><D134/><U60/><E41/><V4/><F102/><W50/><G32/><T122/><D129/><U123/><E81/><V10/><F90/><W94/><G125/><T22/><D124/><U26/><E60/><V126/><F126/><W43/><G82/><T97/><D122/><AGARI ba="1,0" hai="6,7,26,27,52,55,70,71,96,98,110,111,122,123" machi="122" ten="25,12000,1" yaku="22,2,52,2,54,1" doraHai="21" who="1" fromWho="0" sc="240,-123,319,123,191,0,250,0" /><INIT seed="1,2,0,2,1,89" ten="117,442,191,250" oya="1" hai0="115,43,24,126,90,60,42,53,17,7,92,74,67" hai1="35,76,52,88,56,73,114,118,112,135,2,113,66" hai2="125,79,64,33,59,39,12,54,26,20,103,41,36" hai3="108,69,120,23,129,31,45,101,55,75,57,116,62"/><U104/><E118/><V51/><F125/><W1/><G120/><T70/><D115/><U107/><E2/><V30/><F79/><W124/><G108/><T34/><D126/><U83/><E35/><V16/><F41/><W130/><G124/><T86/><D74/><U84/><E66/><V134/><F134/><W85/><G75/><T25/><D7/><U87/><E135/><V80/><F80/><W14/><G1/><T119/><D119/><U63/><REACH who="1" step="1"/><E73/><REACH who="1" ten="117,432,191,250" step="2"/><V46/><F64/><W48/><G116/><T97/><D34/><U18/><E18/><V99/><REACH who="2" step="1"/><F59/><REACH who="2" ten="117,432,181,250" step="2"/><W9/><G57/><T8/><D67/><U81/><AGARI ba="2,2" hai="52,56,63,76,81,83,84,87,88,104,107,112,113,114" machi="81" ten="40,12000,1" yaku="1,1,0,1,54,2,53,0" doraHai="89" doraHaiUra="123" who="1" fromWho="1" sc="117,-42,432,146,181,-42,250,-42" /><INIT seed="1,3,0,5,3,83" ten="75,578,139,208" oya="1" hai0="24,73,11,8,21,106,115,126,129,34,38,118,55" hai1="134,33,44,74,64,111,9,52,100,2,87,84,32" hai2="91,66,122,6,67,17,131,23,101,114,68,76,26" hai3="89,43,103,25,59,47,75,72,123,128,81,71,107"/><U3/><E74/><V40/><F122/><W4/><G71/><T85/><D115/><U36/><E64/><V41/><F114/><W0/><G123/><T80/><D118/><U10/><E100/><V15/><F131/><W78/><G128/><T7/><D129/><U117/><E117/><V98/><F76/><W29/><G89/><T97/><D126/><U70/><E70/><V69/><F69/><W110/><G110/><T37/><D34/><U105/><E111/><V88/><F68/><W65/><G72/><T5/><D73/><U28/><E28/><V104/><F67/><W50/><G103/><T39/><D55/><U112/><E112/><V1/><F1/><W48/><G107/><T79/><D97/><U133/><E52/><V57/><F41/><W120/><G120/><T63/><D63/><U35/><E44/><V116/><F40/><W16/><G59/><T27/><D106/><U94/><E94/><N who="2" m="58583" /><F116/><W130/><G130/><T53/><D53/><U12/><E36/><V90/><F104/><W30/><G65/><T127/><D127/><U135/><E105/><V45/><F45/><W119/><G119/><T95/><D95/><U14/><E33/><V125/><F125/><W51/><G47/><T93/><D93/><U61/><E134/><V108/><F108/><W86/><G43/><T20/><D39/><U96/><E96/><V113/><F113/><W99/><G99/><T22/><D38/><U46/><E46/><V132/><F132/><W121/><G121/><T82/><D37/><U124/><E124/><V54/><F66/><W102/><G75/><RYUUKYOKU ba="3,0" sc="75,-10,578,30,139,-10,208,-10" hai1="2,3,9,10,12,14,32,35,61,84,87,133,135" /><INIT seed="1,4,0,3,3,0" ten="65,608,129,198" oya="1" hai0="21,57,93,1,38,51,63,66,30,111,74,75,52" hai1="47,99,54,125,25,85,119,18,13,101,133,120,104" hai2="39,71,15,59,3,2,11,134,123,131,53,126,89" hai3="60,46,62,33,73,114,36,23,24,129,44,58,90"/><U17/><E119/><V128/><F123/><W117/><G114/><T98/><D38/><U103/><E120/><V35/><F35/><W94/><G129/><N who="2" m="49737" /><F134/><W97/><G117/><T32/><D32/><U43/><E133/><V108/><F108/><W107/><G33/><T42/><D1/><U100/><E125/><V109/><F109/><W91/><G73/><T48/><D48/><U132/><E132/><V8/><F126/><W122/><G122/><T116/><D42/><U16/><E25/><V72/><F71/><W96/><G36/><T86/><D86/><U68/><E68/><V130/><F72/><W78/><G78/><T20/><D116/><U83/><E54/><V84/><F11/><W65/><G62/><T77/><D111/><U22/><E99/><V110/><F39/><W87/><G107/><T41/><D41/><U127/><E104/><V37/><F37/><W40/><G40/><T14/><D77/><N who="1" m="46319" /><E127/><V12/><F12/><W88/><G97/><T70/><D21/><U10/><E22/><V56/><F110/><W5/><G5/><T6/><D30/><U80/><E80/><N who="2" m="49287" /><F130/><W50/><G50/><AGARI ba="4,0" hai="10,13,16,17,18,43,47,50,100,101,103" m="46319" machi="50" ten="30,2900,0" yaku="8,1,54,1" doraHai="0" who="1" fromWho="3" sc="65,0,608,41,129,0,198,-41" /><INIT seed="1,5,0,0,5,116" ten="65,649,129,157" oya="1" hai0="96,72,93,113,97,71,124,88,43,133,99,53,4" hai1="70,11,109,39,2,54,5,47,51,34,65,3,22" hai2="121,19,26,14,107,84,50,23,94,85,74,112,77" hai3="61,115,102,62,32,28,91,95,108,123,30,134,52"/><U128/><E128/><V68/><F107/><W25/><G115/><T40/><D113/><U58/><E34/><V105/><F68/><W49/><G108/><T79/><D133/><U9/><E109/><V82/><F112/><W76/><G134/><T122/><D124/><U98/><E22/><V12/><F105/><W87/><G123/><T35/><D35/><U117/><E117/><V63/><F121/><W57/><G28/><T64/><D4/><U131/><E131/><V111/><F111/><W89/><G102/><T6/><D6/><U17/><E98/><V80/><F63/><W110/><G110/><T48/><D71/><U126/><E126/><V7/><F7/><W29/><G29/><T44/><D64/><U104/><E104/><V78/><F50/><W103/><G103/><T86/><REACH who="0" step="1"/><D122/><REACH who="0" ten="55,649,129,157" step="2"/><U41/><E17/><V83/><REACH who="2" step="1"/><F94/><REACH who="2" ten="55,649,119,157" step="2"/><W106/><G106/><T90/><D90/><AGARI ba="5,2" hai="12,14,19,23,26,74,77,78,80,82,83,84,85,90" machi="90" ten="30,3900,0" yaku="1,1,2,1,7,1,53,0" doraHai="116" doraHaiUra="46" who="2" fromWho="0" sc="55,-54,649,0,119,74,157,0" /><INIT seed="2,0,0,5,2,36" ten="1,649,193,157" oya="2" hai0="39,0,110,125,111,12,70,80,85,105,26,118,94" hai1="73,130,95,82,102,17,2,13,89,129,52,77,54" hai2="134,29,121,120,96,45,71,100,135,93,74,47,124" hai3="18,88,128,67,42,97,60,20,131,28,84,59,11"/><V5/><F71/><W65/><G28/><T61/><D0/><U22/><E102/><V108/><F74/><W123/><G123/><T76/><D12/><U101/><E101/><V113/><F113/><W49/><G97/><T133/><D61/><U14/><E2/><V86/><F124/><W104/><G104/><T33/><D26/><U23/><E23/><V27/><F5/><W7/><G67/><T3/><D70/><U63/><E13/><V24/><F108/><N who="0" m="41514" /><D39/><U15/><E15/><V83/><F121/><W68/><G68/><T1/><D33/><U16/><E17/><V81/><F81/><W92/><G7/><T127/><D3/><U32/><E32/><V10/><F10/><W19/><G11/><T40/><D1/><U43/><E43/><V112/><F112/><W44/><REACH who="3" step="1"/><G20/><REACH who="3" ten="1,649,193,147" step="2"/><T62/><D62/><U122/><E122/><V53/><F120/><W64/><G64/><T4/><D4/><U31/><E31/><V116/><F96/><W79/><G79/><T35/><D35/><U58/><REACH who="1" step="1"/><E54/><REACH who="1" ten="1,639,193,147" step="2"/><V50/><F53/><W69/><G69/><T34/><D34/><U51/><E51/><V90/><F50/><W56/><G56/><T21/><D21/><U75/><E75/><V109/><F29/><W25/><G25/><T107/><D125/><U37/><E37/><V106/><F24/><W30/><G30/><T55/><D127/><U78/><E78/><V72/><F27/><W99/><G99/><AGARI ba="0,2" hai="14,16,22,52,58,63,73,77,82,89,95,99,129,130" machi="99" ten="40,8000,1" yaku="1,1,54,2,53,1" doraHai="36" doraHaiUra="48" who="1" fromWho="3" sc="1,0,639,100,193,0,147,-80" /><INIT seed="3,0,0,1,1,113" ten="1,739,193,67" oya="3" hai0="75,100,76,56,24,51,46,118,102,38,111,47,13" hai1="80,115,41,87,11,52,114,123,95,64,134,44,125" hai2="109,68,106,107,135,128,16,63,42,15,31,0,74" hai3="19,57,130,129,18,86,99,37,4,120,22,84,93"/><W91/><G120/><T83/><D111/><U25/><E123/><V3/><F74/><W17/><G37/><T103/><D24/><U55/><E134/><V53/><F135/><W1/><G22/><T82/><D38/><U67/><E125/><V48/><F106/><W54/><G4/><T27/><D27/><U124/><E124/><V131/><F107/><W108/><G1/><T26/><D26/><U2/><E95/><V14/><F14/><W61/><G108/><T35/><D35/><U45/><E25/><V33/><F31/><W62/><G62/><T66/><D13/><U28/><E11/><V59/><F33/><W65/><G65/><T71/><D71/><U92/><E92/><V85/><F109/><W116/><G116/><T58/><D66/><U79/><E2/><V78/><F68/><W30/><G30/><T21/><D21/><U94/><E94/><V132/><F132/><W32/><G32/><T97/><D97/><U72/><E28/><V60/><F60/><W6/><G6/><T5/><D5/><U39/><E72/><V23/><F63/><W110/><G110/><T77/><D100/><U34/><E34/><V9/><F23/><W10/><G10/><T29/><D29/><U121/><E121/><V50/><F0/><W7/><G7/><T81/><D81/><U43/><E64/><V40/><F3/><W119/><G99/><T105/><D105/><U20/><E20/><V69/><F69/><W49/><G17/><T133/><D133/><U12/><E67/><V8/><F16/><W90/><G18/><T89/><D75/><RYUUKYOKU ba="0,0" sc="1,0,739,0,193,0,67,0" owari="1,-49.9,739,83.9,193,-0.7,67,-33.3" /></mjloggm>