<mjloggm ver="2.3"><GO type="225" lobby="0"/><UN n0="%E3%81%82%E3%83%BC%E3%81%97" n1="%73%6C%69%63%6B%33%31%39" n2="%E3%81%95%E3%81%8D%E3%81%9F%E3%81%BE%E6%9E%97%E6%AA%8E" n3="%E3%81%B2%E3%81%AA%E3%81%AE%E3%82%8A%E3%81%8F" dan="16,17,16,16" rate="2120.50,2181.24,2095.26,2091.93" sx="M,M,M,M"/><TAIKYOKU oya="0"/><INIT seed="0,0,0,2,0,42" ten="250,250,250,250" oya="0" hai0="8,89,28,102,94,126,6,47,125,31,33,58,40" hai1="108,16,65,53,26,115,14,43,97,48,109,101,90" hai2="135,75,73,25,12,123,71,51,52,111,30,72,88" hai3="10,68,35,131,91,79,17,86,15,0,81,44,105"/><T37/><D102/><U127/><E127/><N who="0" m="48649" /><D58/><U41/><E115/><V117/><F123/><W87/><G68/><T74/><D74/><U93/><E65/><V38/><F38/><W7/><G131/><T19/><D19/><U54/><E26/><V122/><F122/><W83/><G35/><T104/><D104/><U21/><E54/><V120/><F120/><W82/><G105/><T34/><D34/><U130/><E130/><V11/><F71/><W23/><REACH who="3" step="1"/><G82/><REACH who="3" ten="250,250,250,240" step="2"/><T60/><D33/><U39/><E39/><V78/><F117/><W55/><G55/><T59/><D59/><U132/><E132/><V57/><F135/><W92/><G92/><T96/><D60/><U66/><E66/><V113/><F113/><W27/><G27/><T118/><D118/><U69/><E69/><V56/><F56/><W9/><G9/><T98/><D98/><U134/><E134/><V85/><F25/><W22/><G22/><T128/><D128/><U50/><E21/><V32/><F32/><W116/><G116/><T99/><D99/><U106/><E106/><V49/><F57/><W36/><G36/><T24/><D24/><U62/><E62/><V119/><F119/><W20/><G20/><T61/><D61/><U1/><E93/><V63/><F63/><W46/><AGARI ba="0,1" hai="0,7,10,15,17,23,44,46,79,81,83,86,87,91" machi="46" ten="30,8000,1" yaku="1,1,0,1,52,2,53,1" doraHai="42" doraHaiUra="2" who="3" fromWho="3" sc="250,-40,250,-20,250,-20,240,90" /><INIT seed="1,0,0,0,4,84" ten="210,230,230,330" oya="1" hai0="69,78,81,108,93,97,94,72,19,62,20,86,45" hai1="37,82,44,89,134,34,102,43,6,128,30,135,116" hai2="100,132,131,57,123,29,50,111,129,90,80,114,40" hai3="101,56,39,46,109,125,95,124,48,35,11,8,122"/><U119/><E102/><V85/><F111/><W41/><G35/><T26/><D108/><U24/><E6/><V60/><F123/><W33/><G33/><T87/><D45/><U42/><E42/><V32/><F114/><W65/><G109/><T52/><D69/><U130/><E82/><V71/><F71/><W23/><G122/><T13/><D13/><U83/><E83/><V31/><F132/><N who="1" m="50729" /><E89/><V61/><F100/><W54/><G65/><T103/><REACH who="0" step="1"/><D94/><REACH who="0" ten="200,230,230,330" step="2"/><U70/><E70/><V74/><F131/><AGARI ba="0,1" hai="24,30,34,37,43,44,116,119,128,130,131" m="50729" machi="131" ten="30,5800,0" yaku="19,1,20,1,23,1" doraHai="84" who="1" fromWho="2" sc="200,0,230,68,230,-58,330,0" /><INIT seed="1,1,0,2,1,104" ten="200,298,172,330" oya="1" hai0="26,3,131,54,2,52,45,100,9,5,39,94,17" hai1="73,22,75,91,34,90,105,109,125,14,25,21,71" hai2="115,27,55,92,8,102,70,41,16,20,10,38,103" hai3="107,126,83,112,7,121,64,60,44,127,122,12,82"/><U61/><E105/><V67/><F115/><W81/><G107/><T74/><D131/><U69/><E34/><V68/><F38/><W0/><G0/><T11/><D100/><U46/><E46/><V4/><F41/><W86/><G112/><T132/><D94/><U114/><E114/><V116/><F116/><W47/><G86/><T32/><D132/><U108/><E125/><N who="3" m="47626" /><G7/><T113/><D113/><U97/><E14/><V77/><F77/><W110/><G12/><T106/><D106/><U48/><E48/><V42/><F42/><W33/><G33/><T53/><D74/><N who="1" m="28171" /><E61/><V111/><F111/><N who="1" m="42569" /><E21/><V65/><F20/><W129/><G110/><T40/><D32/><U57/><E57/><V123/><F70/><N who="1" m="26633" /><E97/><V18/><F68/><W80/><G47/><T58/><D58/><U134/><E134/><V59/><F59/><W88/><G44/><T130/><D130/><U99/><E99/><V66/><F66/><W89/><G129/><T1/><D26/><U43/><E43/><V128/><F27/><W96/><G64/><T37/><D37/><U135/><E135/><V72/><F72/><W78/><G60/><T51/><D39/><U101/><E101/><V63/><F63/><W119/><G96/><T36/><D36/><U50/><E50/><V56/><F56/><W98/><G98/><T85/><D40/><U28/><AGARI ba="1,0" hai="22,25,28,90,91" m="26633,42569,28171" machi="28" ten="40,12000,1" yaku="14,1,10,1,52,3" doraHai="104" who="1" fromWho="1" sc="200,-41,298,123,172,-41,330,-41" /><INIT seed="1,2,0,0,3,129" ten="159,421,131,289" oya="1" hai0="26,31,106,78,87,21,12,83,66,132,5,98,50" hai1="1,112,70,123,128,42,77,44,113,107,105,94,45" hai2="103,10,130,124,38,109,13,100,46,67,125,16,59" hai3="29,2,84,9,35,131,62,19,96,40,24,49,41"/><U86/><E1/><V85/><F109/><W30/><G30/><T88/><D66/><U73/><E70/><V53/><F130/><W61/><G131/><T36/><D36/><U89/><E128/><V51/><F85/><W3/><G3/><T27/><D132/><U17/><E123/><V76/><F76/><W32/><G32/><T58/><D27/><U8/><E45/><V22/><F67/><W69/><G69/><T80/><D106/><U116/><E116/><V82/><F82/><W15/><G2/><T68/><D68/><U93/><E93/><V7/><F38/><W121/><G121/><T56/><D50/><U108/><E108/><V4/><F4/><W74/><G74/><T110/><D110/><U79/><E105/><V37/><F46/><W102/><G84/><N who="0" m="50183" /><D98/><U91/><E91/><V114/><F114/><W52/><G61/><T20/><D20/><U75/><E107/><V101/><REACH who="2" step="1"/><F37/><REACH who="2" ten="159,421,121,289" step="2"/><W65/><G65/><T127/><D127/><U92/><E75/><V28/><F28/><W0/><G29/><T47/><D47/><U25/><E73/><V81/><F81/><W18/><G40/><T34/><D34/><U95/><E112/><V104/><F104/><W64/><G41/><T122/><D122/><U54/><E42/><V90/><F90/><W134/><G35/><T39/><D39/><U126/><E113/><V99/><F99/><W120/><G64/><T55/><D55/><U57/><E54/><V23/><F23/><W118/><G52/><T6/><D6/><U119/><E44/><V14/><AGARI ba="2,1" hai="7,10,13,14,16,22,51,53,59,100,101,103,124,125" machi="14" ten="30,4000,0" yaku="1,1,0,1,54,1,53,0" doraHai="129" doraHaiUra="43" who="2" fromWho="2" sc="159,-12,421,-22,121,56,289,-12" /><INIT seed="2,0,0,1,5,58" ten="147,399,177,277" oya="2" hai0="29,116,19,28,81,132,47,0,43,49,25,71,123" hai1="56,114,113,31,27,128,129,70,61,4,16,88,119" hai2="54,105,69,74,86,101,46,104,124,2,57,14,102" hai3="80,5,32,17,73,135,121,11,3,15,127,90,6"/><V22/><F69/><W39/><G121/><T117/><D123/><U130/><E119/><V95/><F74/><W24/><G39/><T99/><D0/><U38/><E38/><V115/><F115/><W37/><G37/><T89/><D132/><U12/><E70/><V109/><F2/><W82/><G135/><T62/><D19/><U9/><E4/><V97/><F124/><W84/><G127/><T23/><D29/><U94/><E27/><V63/><F109/><W120/><G120/><T21/><D21/><U67/><E31/><V134/><F134/><W75/><G5/><T13/><D13/><U20/><E9/><V8/><F22/><N who="3" m="11583" /><G80/><T106/><D81/><U125/><E125/><V93/><F86/><AGARI ba="0,0" hai="12,16,20,56,61,67,86,88,94,113,114,128,129,130" machi="86" ten="40,8000,1" yaku="19,1,52,1,54,2" doraHai="58" who="1" fromWho="2" sc="147,0,399,80,177,-80,277,0" /><INIT seed="3,0,0,0,0,73" ten="147,479,97,277" oya="3" hai0="113,64,42,25,71,21,130,50,53,65,105,120,46" hai1="109,31,95,48,37,63,15,126,114,81,96,16,30" hai2="85,6,119,56,51,108,24,47,100,86,40,13,134" hai3="88,38,92,0,84,117,87,45,14,112,90,66,52"/><W116/><G112/><T83/><D120/><U17/><E37/><V128/><F108/><W67/><G0/><T26/><D105/><U132/><E114/><V110/><F110/><W19/><G38/><T35/><D113/><U9/><E109/><V127/><F127/><W32/><G32/><T27/><D35/><U82/><E126/><V55/><F119/><W97/><G117/><T1/><D1/><U36/><E36/><V22/><F134/><W39/><G39/><T44/><D71/><U80/><E132/><V3/><F3/><W34/><G34/><T10/><D10/><U11/><E63/><V99/><F128/><W69/><G69/><T61/><D83/><U68/><E48/><V58/><F58/><W135/><G135/><T98/><D98/><U43/><E43/><V91/><F91/><W104/><G104/><T94/><D94/><U101/><E68/><V12/><F86/><W60/><G97/><T131/><D21/><U41/><E41/><V49/><F85/><W129/><G129/><N who="0" m="49163" /><D61/><U70/><E70/><V123/><F123/><W29/><G116/><T54/><D46/><U2/><E2/><V124/><F124/><W59/><G29/><N who="1" m="10762" /><E9/><V20/><F20/><N who="3" m="11383" /><G45/><T5/><D5/><AGARI ba="0,0" hai="5,11,15,16,17,80,81,82,95,96,101" m="10762" machi="5" ten="30,2000,0" yaku="8,1,54,1" doraHai="73" who="1" fromWho="0" sc="147,-20,479,20,97,0,277,0" owari="127,-27.3,499,59.9,97,-40.3,277,7.7" /></mjloggm>