<mjloggm ver="2.3"><GO type="225" lobby="0"/><UN n0="%E3%81%A4%E3%81%A3%E3%81%B1%E3%82%8A%E3%83%9D%E3%83%BC%E3%83%AB" n1="%E3%82%A2%E3%83%A1%E3%82%A2%E3%83%A9%E3%83%AC" n2="%E3%81%BF%E3%81%BF%E3%81%9A" n3="%E6%A1%9C%E8%8A%B1%E9%96%83%E3%80%85" dan="17,16,18,16" rate="2237.77,2172.42,2256.33,2213.01" sx="M,M,M,M"/><TAIKYOKU oya="0"/><INIT seed="0,0,0,3,0,96" ten="250,250,250,250" oya="0" hai0="81,42,58,77,122,35,93,53,63,33,107,71,84" hai1="135,131,129,59,105,2,27,7,119,25,82,1,49" hai2="24,88,65,110,97,127,128,17,12,112,68,73,95" hai3="46,38,130,62,132,6,99,66,56,109,44,69,48"/><T121/><D107/><U52/><E119/><V116/><F112/><W0/><G109/><T9/><D42/><U22/><E105/><V45/><F110/><W125/><G125/><T115/><D115/><U123/><E123/><V43/><F127/><W3/><G132/><T11/><D71/><U21/><E135/><V117/><F73/><W118/><G118/><N who="2" m="45673" /><F128/><N who="1" m="49225" /><E82/><V16/><F24/><N who="1" m="9289" /><E7/><V85/><F12/><W102/><G130/><T64/><D122/><U92/><E92/><N who="2" m="54287" /><F65/><W36/><G6/><T104/><D104/><U55/><E55/><V67/><F67/><W40/><G36/><T133/><D121/><U57/><E57/><V50/><F68/><W108/><G108/><T79/><D133/><U5/><E5/><V86/><F86/><W60/><G46/><T98/><D53/><U18/><E22/><V19/><F17/><W106/><REACH who="3" step="1"/><G38/><REACH who="3" ten="250,250,250,240" step="2"/><T120/><D120/><U26/><AGARI ba="0,1" hai="1,2,18,21,26,49,52,59" m="9289,49225" machi="26" ten="30,2000,0" yaku="19,1,54,1" doraHai="96" who="1" fromWho="1" sc="250,-10,250,30,250,-5,240,-5" /><INIT seed="1,0,0,4,3,52" ten="240,280,245,235" oya="1" hai0="56,74,4,118,27,114,24,35,109,128,99,49,36" hai1="63,111,90,83,78,94,67,34,112,57,80,119,18" hai2="14,41,135,77,100,89,48,91,25,32,104,93,2" hai3="127,102,82,108,40,123,70,21,3,13,64,105,98"/><U58/><E112/><V26/><F2/><W122/><G3/><T133/><D114/><U23/><E119/><V134/><F77/><W85/><G40/><T19/><D118/><U101/><E34/><V113/><F113/><W87/><G108/><T84/><D74/><U79/><E101/><V44/><F14/><W126/><G70/><T68/><D68/><U72/><E111/><V30/><F25/><W132/><G64/><T51/><D36/><U15/><E58/><V106/><F100/><W8/><G21/><N who="0" m="13375" /><D35/><U131/><E131/><V33/><F33/><W103/><G132/><N who="2" m="50729" /><F91/><N who="3" m="51639" /><G103/><T110/><D133/><U38/><E38/><V31/><F30/><W39/><G39/><T43/><D128/><U54/><E67/><V42/><F41/><W45/><G13/><T59/><D43/><U62/><E62/><V20/><F32/><W81/><G8/><T17/><D110/><U66/><E66/><V6/><F6/><W46/><G46/><T60/><D109/><U120/><E120/><N who="3" m="46122" /><G45/><T5/><D27/><U69/><E69/><V1/><F1/><W16/><G16/><T129/><D17/><U86/><E72/><V115/><F115/><W88/><AGARI ba="0,0" hai="81,87,88,98,102,105,126,127" m="46122,51639" machi="88" ten="30,4000,0" yaku="34,2,54,1" doraHai="52" who="3" fromWho="3" sc="240,-10,280,-20,245,-10,235,40" /><INIT seed="2,0,0,2,5,93" ten="230,260,235,275" oya="2" hai0="88,14,104,65,8,69,94,106,91,100,73,57,81" hai1="19,33,24,84,96,76,133,111,48,135,13,75,117" hai2="55,53,62,103,44,89,54,39,7,29,92,9,78" hai3="113,32,110,30,59,60,23,45,6,40,99,72,132"/><V80/><F103/><W66/><G110/><T85/><D69/><U61/><E117/><V105/><F105/><W108/><G108/><T109/><D109/><U118/><E118/><V77/><F29/><W97/><G32/><T28/><D28/><N who="1" m="19591" /><E75/><V17/><F17/><W27/><G132/><N who="1" m="50762" /><E48/><V101/><F101/><W22/><G113/><T36/><D36/><U67/><E96/><N who="3" m="36938" /><G72/><T70/><D70/><U46/><E46/><V127/><F127/><W50/><G22/><T58/><D100/><U63/><E67/><V119/><F119/><W125/><G125/><T21/><D21/><N who="1" m="11503" /><E111/><V82/><F39/><W95/><G95/><T74/><D74/><U5/><E5/><AGARI ba="0,0" hai="5,6,23,27,30,40,45,50,59,60,66" m="36938" machi="5" ten="30,7700,0" yaku="8,1,52,3" doraHai="93" who="3" fromWho="1" sc="230,0,260,-77,235,0,275,77" /><INIT seed="3,0,0,4,2,78" ten="230,183,235,352" oya="3" hai0="117,39,0,90,100,133,42,119,112,88,24,32,104" hai1="128,34,80,27,85,66,67,135,70,26,73,86,37" hai2="95,6,13,28,49,17,50,99,130,82,116,118,89" hai3="9,40,125,132,1,54,120,36,35,108,12,72,29"/><W64/><G120/><T5/><D104/><U94/><E135/><V131/><F6/><W43/><G1/><T58/><D100/><U71/><E128/><N who="2" m="49195" /><F28/><W15/><G72/><T31/><D133/><U18/><E37/><V79/><F49/><W68/><G54/><T105/><D105/><U110/><E110/><V126/><F50/><W59/><G59/><T76/><D76/><U62/><E73/><N who="2" m="43375" /><F126/><W83/><G12/><T14/><D0/><U20/><E94/><V102/><F102/><W56/><G15/><T16/><D5/><U2/><E2/><V109/><F109/><W23/><G29/><T53/><D112/><U87/><E34/><V113/><F113/><W44/><G35/><T61/><D42/><U122/><E122/><V46/><F46/><W69/><G44/><T127/><D127/><U111/><E111/><V98/><F99/><W21/><G43/><T134/><D39/><U57/><E27/><V96/><F98/><W10/><G40/><T114/><D114/><U75/><E75/><V106/><F106/><W52/><G36/><T101/><D101/><U7/><E7/><V124/><F124/><W74/><G125/><T19/><D19/><U103/><E103/><V45/><F45/><W55/><G132/><T115/><D115/><U60/><REACH who="1" step="1"/><E57/><REACH who="1" ten="230,173,235,352" step="2"/><V4/><F4/><W51/><G56/><N who="0" m="34959" /><D134/><U107/><E107/><V30/><F30/><W77/><G108/><T81/><D58/><U93/><E93/><V91/><F95/><W8/><G74/><T33/><D33/><U63/><E63/><V129/><F129/><W121/><G121/><RYUUKYOKU ba="0,1" sc="230,-10,173,30,235,-10,352,-10" hai1="18,20,26,60,62,66,67,70,71,80,85,86,87" owari="220,-18.0,203,-29.7,225,2.5,352,45.2" /></mjloggm>