<mjloggm ver="2.3"><GO type="225" lobby="0"/><UN n0="%E3%81%86%E3%81%A9%E3%82%93%E3%81%93" n1="%E8%91%B5%E3%81%A1%E3%82%83%E3%82%93" n2="%6D%75%75%73%61%6E%6D%75" n3="%E6%98%93%E5%88%A9%E8%96%A9%E4%BC%AF" dan="16,17,17,16" rate="2130.31,2144.20,2161.03,2072.98" sx="M,F,F,F"/><TAIKYOKU oya="0"/><INIT seed="0,0,0,2,0,116" ten="250,250,250,250" oya="0" hai0="24,129,82,79,7,73,44,38,6,31,68,77,69" hai1="76,84,90,4,100,39,96,127,117,124,53,114,93" hai2="29,81,74,22,65,50,16,5,75,112,9,8,59" hai3="83,102,78,47,122,99,72,95,134,52,49,126,97"/><T91/><D129/><U1/><E117/><V25/><F112/><W113/><G113/><T94/><D79/><U60/><E114/><V118/><F118/><W3/><G126/><N who="1" m="48170" /><E39/><V37/><F37/><W55/><G134/><T123/><D123/><U2/><E76/><V66/><F81/><W63/><G3/><T125/><D125/><U26/><E26/><V14/><F74/><W15/><G122/><T27/><D27/><U46/><E46/><V86/><BYE who="1" /><F86/><UN n1="%E8%91%B5%E3%81%A1%E3%82%83%E3%82%93" /><W71/><G15/><T80/><D80/><N who="1" m="49415" /><E4/><V45/><F59/><AGARI ba="0,0" hai="1,2,53,59,60,93,96,100" m="49415,48170" machi="59" ten="30,1000,0" yaku="18,1" doraHai="116" who="1" fromWho="2" sc="250,0,250,10,250,-10,250,0" /><INIT seed="1,0,0,1,4,76" ten="250,260,240,250" oya="1" hai0="4,75,99,54,37,106,87,58,68,118,53,44,102" hai1="124,56,81,8,0,24,89,84,3,108,26,134,42" hai2="52,69,103,5,28,65,51,114,41,60,86,110,50" hai3="11,85,57,121,14,117,2,27,19,128,115,16,17"/><U12/><E124/><V123/><F123/><W63/><G121/><T131/><D75/><U88/><E134/><V46/><F110/><W48/><G115/><T22/><D68/><U70/><E70/><V21/><F114/><W36/><G36/><T122/><D118/><U82/><E108/><V77/><F5/><W9/><G128/><T7/><D131/><U74/><E42/><V95/><F103/><W23/><G117/><T79/><D122/><U72/><E56/><V78/><F95/><W47/><G85/><T64/><D64/><U125/><E125/><V135/><F135/><W130/><G130/><T111/><D111/><U116/><E116/><V43/><F43/><W101/><G101/><T13/><D37/><U30/><E84/><V18/><F28/><W97/><G97/><T45/><D4/><U55/><E55/><V98/><F98/><W91/><G91/><T100/><D54/><U132/><E132/><V127/><F86/><W20/><G19/><T59/><D102/><U109/><E109/><V105/><F105/><W33/><G33/><T34/><D34/><U104/><E30/><V32/><F32/><W67/><REACH who="3" step="1"/><G2/><REACH who="3" ten="250,260,240,240" step="2"/><T49/><D100/><U120/><E120/><V119/><F119/><W66/><G66/><T73/><D99/><U93/><E3/><V129/><F129/><W1/><G1/><T133/><D87/><U126/><E0/><V40/><F127/><W71/><G71/><T80/><D133/><U83/><E126/><V112/><F112/><W62/><G62/><T15/><D73/><U61/><E74/><V96/><F96/><RYUUKYOKU ba="0,1" sc="250,-10,260,-10,240,-10,240,30" hai3="9,11,14,16,17,20,23,27,47,48,57,63,67" /><INIT seed="2,1,1,0,1,134" ten="240,250,230,270" oya="2" hai0="92,126,132,24,122,27,67,94,89,128,52,29,11" hai1="82,64,113,32,12,30,63,99,22,120,107,34,86" hai2="73,116,118,41,135,123,72,129,75,18,90,53,84" hai3="114,100,16,25,5,87,119,10,127,13,101,121,39"/><V8/><F123/><W124/><G39/><T69/><D122/><U77/><E120/><V36/><F135/><W59/><G121/><T55/><D132/><U20/><E113/><V81/><F129/><W111/><G119/><T95/><D128/><U105/><E34/><V70/><F70/><W97/><G111/><T31/><D126/><N who="3" m="48169" /><G114/><T21/><D89/><U104/><E99/><V61/><F36/><W44/><G44/><T68/><D11/><U9/><E30/><V115/><F115/><W42/><G42/><T93/><D93/><U43/><E32/><V45/><F116/><W47/><G47/><T110/><D110/><U38/><E43/><V3/><F118/><W54/><G87/><T57/><D67/><U19/><REACH who="1" step="1"/><E38/><REACH who="1" ten="240,240,230,270" step="2"/><V125/><F125/><W130/><G130/><T6/><D31/><U83/><E83/><V33/><F41/><W96/><G96/><T58/><D29/><U109/><E109/><V85/><F33/><W74/><G97/><T35/><D35/><U56/><AGARI ba="1,2" hai="9,12,19,20,22,56,63,64,77,82,86,104,105,107" machi="56" ten="30,2000,0" yaku="1,1,0,1,53,0" doraHai="134" doraHaiUra="37" who="1" fromWho="1" sc="240,-6,240,43,230,-11,270,-6" /><INIT seed="3,0,0,5,5,3" ten="234,283,219,264" oya="3" hai0="1,28,101,48,2,23,76,45,5,71,61,127,109" hai1="10,83,40,19,37,13,52,72,108,93,6,105,51" hai2="97,15,59,41,116,70,14,39,50,132,91,123,16" hai3="86,77,113,118,100,46,27,102,117,4,94,55,60"/><W12/><G113/><T95/><D109/><U24/><E105/><V68/><F116/><W114/><G114/><T120/><D120/><U43/><E108/><V31/><F39/><W18/><G27/><T96/><D127/><U82/><E37/><V9/><F123/><W125/><G125/><T62/><D76/><U38/><E38/><V128/><F128/><W107/><G107/><T124/><D124/><U99/><E24/><V57/><F132/><W80/><G4/><T69/><D69/><U74/><E19/><V78/><F68/><W42/><G60/><N who="0" m="23147" /><D1/><U7/><E7/><N who="2" m="3391" /><F70/><W130/><G55/><N who="0" m="30095" /><D2/><U26/><E26/><V32/><F32/><W111/><G111/><T112/><D71/><U129/><E74/><V49/><F78/><W122/><G130/><T53/><D112/><U58/><E72/><V0/><F31/><W90/><G122/><T35/><D35/><U119/><E119/><V25/><F25/><W110/><G110/><T104/><D104/><U63/><E129/><V21/><F0/><W64/><G64/><T89/><D23/><U79/><E79/><V81/><F41/><N who="1" m="15945" /><E63/><V47/><F47/><W87/><G118/><T126/><D126/><U103/><AGARI ba="0,0" hai="6,10,13,51,52,58,82,83,93,99,103" m="15945" machi="103" ten="30,4000,0" yaku="8,1,52,1,54,1" doraHai="3" who="1" fromWho="1" sc="234,-10,283,40,219,-10,264,-20" owari="224,-17.6,323,42.3,209,-29.1,244,4.4" /></mjloggm>