<mjloggm ver="2.3"><GO type="225" lobby="0"/><UN n0="%E5%8F%AF%E5%85%90%E9%82%A3%E7%94%B1%E5%A4%9A" n1="%E7%99%BD%E9%9B%AA%E4%B9%83%E6%84%9B" n2="%6D%75%75%6D%75%72%61" n3="%E6%9A%87%E4%BA%BA%EF%BC%A0%E9%85%8D%E4%BF%A1%E5%9E%A2" dan="17,16,17,17" rate="2245.78,2108.87,2217.48,2189.40" sx="F,F,F,F"/><TAIKYOKU oya="0"/><INIT seed="0,0,0,4,3,116" ten="250,250,250,250" oya="0" hai0="23,15,83,72,53,75,112,91,74,104,28,37,56" hai1="5,57,97,47,126,130,63,3,92,101,88,66,79" hai2="77,121,32,29,68,111,0,95,131,7,16,36,2" hai3="12,25,117,34,13,49,125,46,96,50,59,103,100"/><T135/><D112/><U73/><E126/><V35/><F111/><W80/><G117/><T39/><D104/><U38/><E130/><V78/><F131/><W10/><G125/><T120/><D135/><U69/><E69/><V102/><F68/><W115/><G115/><T118/><D118/><U48/><E38/><V45/><F121/><W44/><G80/><T93/><D83/><U67/><E73/><V54/><F102/><W64/><G25/><T129/><D129/><U134/><E134/><V107/><F107/><W24/><G24/><T11/><D120/><U109/><E109/><V30/><F95/><W89/><G34/><T52/><D28/><U76/><E67/><V132/><F132/><W14/><G10/><T70/><D70/><U87/><E5/><V62/><F62/><N who="3" m="37983" /><G89/><T81/><D81/><U6/><E6/><V40/><F7/><W41/><G96/><T106/><D106/><U31/><E31/><V8/><F8/><W105/><G105/><T18/><D11/><U42/><E3/><V55/><F36/><W27/><G27/><T61/><REACH who="0" step="1"/><D53/><AGARI ba="0,0" hai="12,13,14,41,44,46,49,50,53,100,103" m="37983" machi="53" ten="30,1000,0" yaku="8,1" doraHai="116" who="3" fromWho="0" sc="250,-10,250,0,250,0,250,10" /><INIT seed="1,0,0,5,5,21" ten="240,250,250,260" oya="1" hai0="43,71,44,24,134,121,27,26,120,34,96,99,72" hai1="37,49,77,75,100,19,76,46,119,132,63,104,94" hai2="35,64,36,20,12,92,93,112,5,69,15,13,55" hai3="28,60,58,133,62,66,125,127,135,106,109,115,88"/><U16/><E119/><V85/><F35/><W126/><G115/><T83/><D71/><U111/><E104/><V31/><F112/><W101/><G28/><T110/><D34/><U86/><E37/><V80/><F36/><W113/><G113/><T68/><D68/><U45/><E75/><V103/><F69/><N who="3" m="42183" /><G88/><T29/><D29/><U131/><E132/><N who="3" m="50762" /><G101/><T51/><D110/><U48/><E131/><V42/><F5/><W79/><G79/><N who="1" m="30282" /><E63/><V39/><F103/><W7/><G7/><T118/><D118/><U90/><E111/><V23/><F80/><W52/><G106/><T32/><D32/><U81/><E81/><V87/><F64/><W38/><G109/><T98/><D134/><U89/><E100/><V97/><F93/><W117/><G117/><T124/><D124/><U114/><E90/><V3/><F92/><W84/><G84/><T22/><D83/><U102/><E102/><V4/><F85/><W0/><G38/><T14/><REACH who="0" step="1"/><D72/><REACH who="0" ten="230,250,250,260" step="2"/><U53/><E114/><V57/><F31/><W129/><G0/><T105/><D105/><U82/><E82/><V91/><F3/><W73/><G73/><T70/><D70/><U107/><E107/><V78/><F78/><W17/><G17/><AGARI ba="0,1" hai="14,17,22,24,26,27,43,44,51,96,98,99,120,121" machi="17" ten="50,8000,1" yaku="1,1,52,3,53,1" doraHai="21" doraHaiUra="8" who="0" fromWho="3" sc="230,90,250,0,250,0,260,-80" /><INIT seed="2,0,0,3,4,108" ten="320,250,250,180" oya="2" hai0="15,88,3,7,57,45,102,104,1,126,13,31,79" hai1="66,17,2,4,78,93,16,80,5,125,96,14,114" hai2="121,70,132,98,38,110,19,55,124,130,8,81,28" hai3="6,109,11,90,60,74,71,119,135,65,87,9,20"/><V18/><F121/><W0/><G135/><T120/><D120/><U63/><E125/><V48/><F38/><W122/><G109/><T41/><D79/><U51/><E114/><V82/><F110/><W111/><G111/><T112/><D112/><U50/><E2/><V69/><F124/><W36/><G122/><T127/><D31/><U72/><E51/><V67/><F28/><W85/><G119/><T29/><D29/><U128/><E50/><V75/><F132/><W49/><G36/><T115/><D115/><U95/><E95/><V24/><F130/><W117/><G117/><T34/><D34/><U116/><E17/><V86/><F98/><W33/><G33/><T133/><D133/><U32/><E32/><V35/><F35/><W27/><G74/><T62/><D1/><U91/><E128/><V52/><F75/><W134/><G134/><T106/><D3/><U40/><E40/><V56/><F67/><W73/><G73/><T53/><D126/><U61/><E61/><N who="2" m="35975" /><F70/><W107/><G107/><T23/><D127/><U26/><E26/><V89/><F69/><W46/><G9/><T68/><D68/><U101/><E116/><V64/><F64/><W84/><G20/><T42/><D23/><U22/><E101/><V58/><F24/><W97/><G27/><T12/><D102/><U105/><E105/><V44/><F8/><W118/><G118/><T54/><D106/><U100/><E100/><V113/><F113/><W43/><REACH who="3" step="1"/><G97/><REACH who="3" ten="320,250,250,170" step="2"/><T47/><D104/><U59/><AGARI ba="0,1" hai="4,5,14,16,22,59,63,66,72,78,80,91,93,96" machi="59" ten="20,2700,0" yaku="0,1,7,1,54,1" doraHai="108" who="1" fromWho="1" sc="320,-7,250,37,250,-13,170,-7" /><INIT seed="3,0,0,4,0,47" ten="313,287,237,163" oya="3" hai0="126,108,122,6,1,32,50,18,103,84,23,54,93" hai1="31,130,61,117,116,112,0,65,38,8,106,98,76" hai2="128,37,94,96,57,19,10,92,119,70,45,88,75" hai3="59,77,4,21,80,104,34,44,63,90,109,9,120"/><W97/><G120/><T72/><D122/><U110/><E112/><V74/><F70/><W33/><G21/><T24/><D72/><U95/><E110/><V129/><F119/><N who="1" m="45641" /><E130/><N who="2" m="50283" /><F57/><W11/><G109/><T40/><D108/><U12/><E38/><V114/><F114/><W7/><G44/><N who="0" m="25863" /><D1/><U46/><E76/><V22/><F10/><N who="3" m="3595" /><G33/><T62/><D32/><U39/><E31/><V26/><F94/><N who="3" m="56535" /><G104/><T107/><D107/><U101/><E0/><V41/><AGARI ba="0,0" hai="19,22,26,37,41,45,74,75,88,92,96" m="50283" machi="41" ten="30,2000,0" yaku="19,1,54,1" doraHai="47" who="2" fromWho="2" sc="313,-5,287,-5,237,20,163,-10" owari="308,40.8,282,8.2,257,-14.3,153,-34.7" /></mjloggm>