<mjloggm ver="2.3"><GO type="225" lobby="0"/><UN n0="%E3%83%97%E3%83%AC%E3%83%B4%E3%82%A1%E3%83%86%E3%82%A3" n1="%77%72%77%72%77%72%77%72" n2="%E8%AB%B8%E8%91%9B%E4%BA%AE" n3="%E6%98%93%E5%88%A9%E8%96%A9%E4%BC%AF" dan="16,16,16,16" rate="2122.35,2167.44,2137.24,2039.53" sx="F,M,M,F"/><TAIKYOKU oya="0"/><INIT seed="0,0,0,4,4,42" ten="250,250,250,250" oya="0" hai0="74,94,92,128,45,102,65,57,4,90,28,123,32" hai1="84,31,55,50,59,47,12,63,121,126,69,64,117" hai2="44,56,40,107,81,118,61,46,0,67,91,27,19" hai3="95,79,35,53,37,70,115,16,100,110,113,104,41"/><T120/><D74/><U116/><E31/><V135/><F0/><W48/><G35/><T30/><D128/><U22/><E121/><V130/><F107/><W125/><G70/><T78/><D78/><U88/><E126/><V26/><F130/><W8/><G104/><T24/><D30/><U58/><E12/><V124/><F124/><W38/><G125/><T127/><D127/><U97/><E97/><V86/><F135/><W89/><G110/><T5/><D102/><U83/><REACH who="1" step="1"/><E22/><REACH who="1" ten="250,240,250,250" step="2"/><N who="2" m="13663" /><F118/><AGARI ba="0,1" hai="47,50,55,58,59,63,64,69,83,84,88,116,117,118" machi="118" ten="40,5200,0" yaku="1,1,52,1,54,1,53,0" doraHai="42" doraHaiUra="36" who="1" fromWho="2" sc="250,0,240,62,250,-52,250,0" /><INIT seed="1,0,0,2,4,57" ten="250,302,198,250" oya="1" hai0="98,51,76,18,117,122,32,80,77,20,92,96,113" hai1="2,90,5,133,79,135,75,50,42,108,119,7,125" hai2="104,101,27,25,85,35,40,6,17,83,30,31,1" hai3="69,103,111,54,105,46,123,52,59,26,115,11,44"/><U87/><E119/><V74/><F74/><W100/><G123/><T36/><D117/><U28/><E2/><V110/><F110/><W91/><G69/><T118/><D118/><U106/><E106/><V33/><F40/><W37/><G115/><T34/><D36/><U56/><E108/><V120/><F120/><W3/><G111/><T64/><D113/><U134/><E125/><V128/><F128/><W41/><G46/><T58/><D122/><U21/><E79/><V60/><F17/><W94/><G105/><T82/><D34/><U126/><E75/><V88/><F104/><W10/><G26/><T61/><D32/><U66/><E126/><V112/><F112/><W81/><G81/><T67/><D67/><U86/><E86/><V78/><F101/><W9/><G3/><T129/><D129/><U114/><E114/><V13/><F1/><W102/><REACH who="3" step="1"/><G59/><REACH who="3" ten="250,302,198,240" step="2"/><T49/><D80/><N who="1" m="49511" /><E42/><V131/><F131/><W124/><G124/><T84/><D77/><U55/><E66/><V43/><F43/><W130/><G130/><T19/><D19/><U12/><E12/><V68/><F78/><W95/><G95/><T116/><D116/><U127/><E127/><V71/><REACH who="2" step="1"/><F60/><REACH who="2" ten="250,302,188,240" step="2"/><W89/><G89/><N who="0" m="55311" /><D98/><AGARI ba="0,2" hai="9,10,11,37,41,44,52,54,91,94,98,100,102,103" machi="98" ten="40,2600,0" yaku="1,1,54,1,53,0" doraHai="57" doraHaiUra="8" who="3" fromWho="0" sc="250,-26,302,0,188,0,240,46" /><INIT seed="2,0,0,2,5,92" ten="224,302,188,286" oya="2" hai0="104,102,122,68,57,43,95,116,78,4,46,108,20" hai1="84,77,132,113,13,19,91,35,3,98,58,50,10" hai2="123,8,111,44,14,28,131,45,80,117,32,73,75" hai3="47,85,2,24,63,114,82,12,6,94,17,64,90"/><V76/><F117/><W9/><G114/><T97/><D68/><U27/><E113/><V71/><F123/><W112/><G112/><T52/><D122/><U37/><E37/><V133/><F71/><W60/><G47/><T51/><D116/><U69/><E69/><V16/><F131/><W55/><G55/><T15/><D108/><U130/><E130/><V23/><F133/><W40/><G40/><T74/><D74/><U39/><E39/><V107/><F111/><W89/><G64/><T31/><D78/><U134/><E3/><V11/><F75/><W30/><G6/><T66/><D66/><U34/><E77/><V72/><F72/><W41/><G41/><T79/><D79/><U61/><E50/><V22/><F107/><W33/><REACH who="3" step="1"/><G2/><REACH who="3" ten="224,302,188,276" step="2"/><T105/><D4/><U18/><E134/><V5/><F45/><W101/><G101/><T120/><D120/><U109/><E132/><V126/><F126/><W0/><G0/><T21/><D31/><U118/><E109/><V119/><F119/><W7/><G7/><T96/><D15/><U103/><E13/><V88/><F44/><W106/><G106/><T129/><D105/><U54/><E118/><V83/><F5/><W110/><G110/><T121/><D129/><U115/><E115/><V29/><F29/><W127/><G127/><T93/><D121/><U65/><E65/><V128/><F128/><W100/><G100/><N who="0" m="60431" /><D104/><U56/><E103/><V87/><REACH who="2" step="1"/><F32/><REACH who="2" ten="224,302,178,276" step="2"/><W135/><G135/><T49/><AGARI ba="0,2" hai="20,21,43,46,49,51,52,57,95,97,102" m="60431" machi="49" ten="30,7900,0" yaku="8,1,52,2,54,1" doraHai="92" who="0" fromWho="0" sc="224,99,302,-20,178,-39,276,-20" /><INIT seed="3,0,0,0,0,76" ten="323,282,139,256" oya="3" hai0="18,42,56,31,105,99,130,48,39,51,41,49,92" hai1="98,73,114,75,10,127,59,65,17,20,133,52,22" hai2="74,46,40,34,14,30,55,58,111,70,90,47,6" hai3="24,63,103,69,44,64,102,101,113,79,82,87,107"/><W96/><G113/><T104/><D130/><U36/><E114/><V66/><F111/><W13/><G13/><T119/><D119/><U85/><E36/><V108/><F108/><W118/><G118/><T116/><D116/><U131/><E131/><V19/><F6/><W97/><G44/><T94/><D31/><U57/><E133/><V38/><F47/><W43/><G43/><N who="0" m="16395" /><D39/><U117/><E117/><V21/><F74/><W54/><G54/><N who="0" m="31815" /><D105/><U60/><E127/><V16/><F34/><W78/><G78/><T26/><D104/><U29/><E98/><V100/><F100/><W28/><G97/><T93/><D99/><U115/><E115/><V37/><F37/><W53/><G53/><T62/><D62/><U128/><E128/><V11/><F30/><W71/><G71/><T25/><D25/><U1/><E1/><V23/><F90/><W134/><G134/><T135/><D135/><U67/><E67/><V84/><F84/><W5/><G5/><T35/><D35/><AGARI ba="0,0" hai="24,28,35,63,64,69,79,82,87,96,101,102,103,107" machi="35" ten="30,11600,0" yaku="7,1,25,2,52,1" doraHai="76" who="3" fromWho="0" sc="323,-116,282,0,139,0,256,116" owari="207,-19.3,282,8.2,139,-36.1,372,47.2" /></mjloggm>