<mjloggm ver="2.3"><GO type="225" lobby="0"/><UN n0="%6E%69%63%6F%6E%74%6F" n1="%E3%81%BE%E3%83%BC%E3%81%8F%E3%82%93" n2="%6D%75%75%6D%75%72%61" n3="%30%2E%31%32%30" dan="17,16,17,16" rate="2137.89,2097.62,2190.56,2122.53" sx="M,M,F,M"/><TAIKYOKU oya="0"/><INIT seed="0,0,0,2,2,46" ten="250,250,250,250" oya="0" hai0="1,102,56,53,59,28,87,69,123,54,58,72,33" hai1="98,0,114,112,125,74,24,44,21,106,6,121,66" hai2="84,88,110,79,134,117,109,51,133,127,9,49,131" hai3="77,42,67,99,57,38,36,18,71,47,10,3,128"/><T11/><D123/><U83/><E121/><V100/><F127/><W43/><G71/><T26/><D72/><U78/><E125/><V129/><F79/><W92/><G77/><T19/><D69/><U118/><E118/><V113/><F100/><W120/><G120/><T105/><D105/><U108/><E108/><N who="2" m="41579" /><F113/><N who="1" m="43625" /><E66/><V60/><F60/><W2/><G128/><N who="2" m="49225" /><F9/><W35/><G10/><T32/><D102/><N who="1" m="62807" /><E6/><V37/><F37/><W115/><G38/><T124/><D124/><U5/><E5/><V116/><F116/><W107/><G36/><T126/><D126/><U23/><E0/><V62/><F62/><W81/><G2/><T55/><D1/><U34/><E44/><V119/><F119/><W40/><G47/><T31/><D11/><U94/><E94/><N who="2" m="54535" /><F117/><W104/><G115/><T65/><D65/><U64/><E64/><V68/><F68/><W130/><G67/><T30/><REACH who="0" step="1"/><D87/><REACH who="0" ten="240,250,250,250" step="2"/><U91/><E91/><V25/><F25/><W22/><G130/><T13/><D13/><U7/><E7/><V41/><F41/><W14/><G40/><T82/><D82/><U52/><E52/><V96/><F96/><W4/><G42/><T85/><D85/><U103/><E103/><V61/><F61/><W8/><G43/><T89/><D89/><U90/><E90/><V63/><F63/><W15/><G81/><T122/><D122/><U50/><E74/><V29/><F29/><W135/><G3/><T70/><D70/><U95/><E83/><V86/><F86/><W132/><G8/><T93/><D93/><U97/><E95/><V27/><F27/><RYUUKYOKU ba="0,1" sc="240,15,250,-15,250,15,250,-15" hai0="19,26,28,30,31,32,33,53,54,55,56,58,59" hai2="49,51,133,134" /><INIT seed="0,1,1,1,1,83" ten="255,235,265,235" oya="0" hai0="109,90,18,112,40,25,57,72,73,125,128,69,46" hai1="20,54,53,118,67,37,23,75,68,106,98,127,129" hai2="105,34,84,92,79,14,47,50,76,10,45,94,60" hai3="104,113,48,31,122,32,33,52,123,41,3,16,116"/><T91/><D112/><U27/><E118/><V101/><F34/><N who="3" m="13419" /><G31/><T59/><D69/><U13/><E37/><V117/><F117/><W120/><G116/><T51/><D128/><U29/><E75/><V110/><F110/><W119/><G119/><T28/><D109/><U7/><E129/><V39/><F105/><W12/><G104/><T9/><D125/><U133/><E127/><V81/><F39/><W62/><G3/><T21/><D73/><U115/><E133/><V134/><F134/><W111/><G111/><T86/><D90/><U56/><E115/><V63/><F79/><W89/><G89/><T132/><D72/><U4/><E68/><V17/><F47/><N who="3" m="27679" /><G62/><N who="2" m="23593" /><F101/><W124/><G124/><T0/><D132/><U43/><E43/><AGARI ba="1,1" hai="10,14,17,43,45,50,76,81,84,92,94" m="23593" machi="43" ten="30,2000,0" yaku="8,1,52,1" doraHai="83" who="2" fromWho="1" sc="255,0,235,-23,265,33,235,0" /><INIT seed="1,0,0,5,0,120" ten="255,212,298,235" oya="1" hai0="106,100,130,7,83,11,43,84,134,61,123,105,50" hai1="117,57,22,45,79,67,28,63,112,53,26,104,68" hai2="66,9,46,41,98,87,86,113,70,2,59,80,58" hai3="35,4,92,119,78,17,122,15,14,27,47,3,135"/><U21/><E117/><V93/><F113/><W96/><G122/><T25/><D123/><U38/><E112/><V33/><F33/><W121/><G119/><T90/><D130/><U124/><E104/><V16/><F70/><W97/><G121/><T99/><D134/><U64/><E124/><V44/><F2/><W72/><G135/><T76/><D25/><U102/><E102/><V82/><F66/><W40/><G97/><T73/><D61/><U30/><E79/><V10/><F98/><W127/><G127/><T71/><D71/><U51/><E67/><V85/><F93/><W60/><G60/><T8/><D106/><U111/><E111/><V24/><F24/><W89/><G17/><T6/><D6/><U39/><REACH who="1" step="1"/><E68/><REACH who="1" ten="255,202,298,235" step="2"/><V18/><F85/><W81/><G4/><T69/><D69/><U62/><E62/><V13/><F86/><W132/><G132/><T115/><D7/><U23/><E23/><V12/><F87/><W5/><G5/><T36/><D115/><U75/><E75/><V1/><F1/><W114/><G3/><T128/><D73/><U34/><E34/><V54/><F80/><W129/><G114/><T95/><D84/><U109/><E109/><V20/><F82/><W126/><G126/><T32/><D32/><U116/><E116/><V88/><F20/><W110/><G110/><T131/><D83/><U101/><E101/><V125/><F125/><W118/><G118/><T56/><D100/><U77/><E77/><V29/><F88/><W19/><G89/><T31/><D90/><U94/><E94/><V49/><F9/><RYUUKYOKU ba="0,1" sc="255,-10,202,30,298,-10,235,-10" hai1="21,22,26,28,30,38,39,45,51,53,57,63,64" /><INIT seed="1,1,1,5,5,101" ten="245,232,288,225" oya="1" hai0="116,62,72,50,130,74,31,8,32,107,128,13,1" hai1="127,15,89,53,33,34,79,133,95,17,63,131,2" hai2="68,90,92,60,115,117,129,109,7,84,134,37,54" hai3="20,55,26,4,40,27,120,51,16,98,22,108,59"/><U97/><E2/><V80/><F117/><W78/><G108/><T100/><D116/><U126/><E79/><V5/><F109/><W10/><G120/><T70/><D1/><U114/><E114/><V25/><F115/><W118/><G118/><T122/><D122/><U24/><E24/><V0/><F37/><W52/><G78/><T29/><D50/><U96/><E97/><V38/><F38/><W81/><G81/><T106/><D100/><U39/><E39/><V88/><F129/><N who="0" m="49770" /><D74/><U73/><E73/><V23/><F0/><W110/><G110/><T21/><D21/><N who="3" m="8297" /><G40/><T85/><D85/><U30/><E30/><N who="0" m="11273" /><D32/><U48/><E63/><V91/><F134/><W87/><G87/><T58/><D70/><U112/><E133/><V67/><F54/><W121/><G121/><T94/><D94/><U119/><E112/><V93/><F93/><W64/><G64/><N who="0" m="38999" /><D72/><U61/><E61/><V135/><F135/><W28/><G28/><T12/><D12/><U125/><E119/><V6/><REACH who="2" step="1"/><F80/><REACH who="2" ten="245,232,278,225" step="2"/><W46/><G98/><T19/><AGARI ba="1,2" hai="8,13,19,106,107" m="38999,11273,49770" machi="19" ten="30,4000,0" yaku="19,1,52,2" doraHai="101" who="0" fromWho="0" sc="245,63,232,-21,278,-11,225,-11" /><INIT seed="2,0,0,2,3,51" ten="308,211,267,214" oya="2" hai0="65,130,31,112,71,128,30,121,4,87,124,59,58" hai1="97,86,133,43,48,37,85,67,14,20,66,111,61" hai2="72,104,53,101,45,38,23,115,41,64,29,46,54" hai3="116,6,13,120,80,35,21,24,12,92,109,69,90"/><V2/><F115/><W105/><G116/><T40/><D112/><U32/><E32/><V34/><F34/><W99/><G120/><T63/><D121/><U123/><E111/><V57/><F72/><W26/><G109/><T88/><D124/><U131/><E133/><V73/><F2/><W126/><G126/><T47/><D4/><U108/><E131/><N who="0" m="50217" /><D59/><U122/><E108/><V52/><F73/><W129/><G129/><T70/><D70/><U68/><E67/><V114/><F114/><W113/><G113/><T11/><D11/><U10/><E37/><V89/><F45/><W117/><G117/><T1/><D71/><U91/><E97/><V95/><F104/><W106/><G69/><T3/><D3/><U132/><E132/><V42/><F101/><W107/><G6/><T27/><D27/><U127/><E20/><V62/><F41/><W76/><G24/><T83/><D1/><U94/><E85/><V16/><F29/><W60/><G35/><T8/><D8/><U74/><E74/><V134/><F134/><W18/><G60/><T102/><D102/><U103/><E103/><V55/><N who="2" m="13312" /><DORA hai="50" /><V77/><F77/><W0/><G0/><T49/><AGARI ba="0,0" hai="30,31,40,47,49,58,63,65,83,87,88" m="50217" machi="49" ten="30,2000,0" yaku="19,1,54,1" doraHai="51,50" who="0" fromWho="0" sc="308,20,211,-5,267,-10,214,-5" /><INIT seed="3,0,0,3,4,68" ten="328,206,257,209" oya="3" hai0="41,102,18,92,7,64,48,109,121,51,112,58,124" hai1="61,83,67,70,24,103,1,128,90,78,4,115,114" hai2="82,12,52,43,88,98,71,62,100,107,94,19,127" hai3="110,49,36,10,132,130,118,79,25,13,134,16,85"/><W42/><G118/><T77/><D121/><U57/><E128/><V9/><F127/><W17/><G130/><T38/><D124/><U45/><E103/><V89/><F107/><W95/><G49/><T23/><D38/><U56/><E114/><V65/><F43/><W26/><G110/><T76/><D109/><U50/><E115/><V30/><F30/><W2/><G2/><T116/><D116/><U63/><E90/><V40/><F40/><W14/><G95/><T72/><D72/><U6/><E24/><V60/><F82/><W135/><G85/><T22/><D7/><U129/><E129/><V3/><F3/><W96/><G96/><N who="0" m="59655" /><D23/><U119/><E119/><V113/><F113/><W54/><G54/><N who="0" m="32071" /><D64/><U81/><E1/><V39/><F39/><W101/><G101/><T28/><D28/><U27/><E27/><V15/><F15/><W86/><G14/><N who="0" m="9559" /><D112/><U108/><E108/><V123/><F123/><W59/><G17/><T80/><D80/><N who="1" m="30795" /><E70/><V0/><F0/><W117/><G117/><T20/><D20/><U32/><E32/><V106/><F106/><W84/><G26/><T99/><D99/><U105/><E105/><V47/><F47/><AGARI ba="0,0" hai="41,47,51,76,77" m="9559,32071,59655" machi="47" ten="30,1000,0" yaku="8,1" doraHai="68" who="0" fromWho="2" sc="328,10,206,0,257,-10,209,0" owari="338,43.8,206,-29.4,247,4.7,209,-19.1" /></mjloggm>