<mjloggm ver="2.3"><GO type="225" lobby="0"/><UN n0="%6D%75%75%6D%75%72%61" n1="%72%69%6F%75%63%68%61%6E" n2="%E9%B3%B3%E6%9D%B1%E3%81%AE%E3%81%86%E3%81%95%E3%81%8E%E3%81%95%E3%82%93" n3="%E3%81%95%E3%81%8D%E3%81%9F%E3%81%BE%E6%9E%97%E6%AA%8E" dan="16,17,16,16" rate="2182.66,2294.93,2154.84,2158.42" sx="F,M,M,M"/><TAIKYOKU oya="0"/><INIT seed="0,0,0,1,2,127" ten="250,250,250,250" oya="0" hai0="87,3,29,94,86,24,61,5,52,92,16,25,101" hai1="81,111,80,135,21,30,67,124,27,82,46,110,77" hai2="74,93,119,22,69,85,115,33,117,90,0,57,105" hai3="98,112,113,35,62,129,8,48,106,10,54,7,99"/><T109/><D109/><N who="1" m="41483" /><E135/><V96/><F33/><W122/><G129/><T38/><D38/><U6/><E124/><V131/><F69/><W39/><G39/><T51/><D61/><U116/><E116/><N who="2" m="44619" /><F0/><W17/><G35/><T50/><D3/><U66/><E6/><V26/><F115/><W123/><G62/><T134/><D134/><U18/><E46/><V12/><F74/><W70/><G70/><T19/><D5/><U37/><E37/><V91/><F57/><W118/><G118/><T1/><D51/><U108/><N who="1" m="41491" /><U63/><DORA hai="88" /><E30/><N who="2" m="17751" /><F12/><W31/><G31/><T114/><D1/><U84/><E66/><V49/><F49/><W13/><G113/><T56/><D114/><U14/><E14/><V126/><F126/><W2/><G112/><T133/><D133/><U100/><E100/><N who="2" m="62599" /><F90/><W121/><REACH who="3" step="1"/><G106/><REACH who="3" ten="250,250,250,240" step="2"/><T36/><D36/><U128/><E128/><AGARI ba="0,1" hai="85,91,93,128,131" m="62599,17751,44619" machi="128" ten="30,7700,0" yaku="12,1,52,3" doraHai="127,88" who="2" fromWho="1" sc="250,0,250,-77,250,87,240,0" /><INIT seed="1,0,0,2,5,132" ten="250,173,337,240" oya="1" hai0="97,14,38,85,62,24,84,29,107,101,17,31,94" hai1="3,1,12,79,34,71,41,124,58,116,57,11,78" hai2="63,33,44,115,61,75,93,55,81,95,102,25,39" hai3="122,15,9,30,59,82,13,6,100,118,51,103,128"/><U19/><E116/><V10/><F115/><W60/><G128/><T120/><D120/><U49/><E71/><V52/><F10/><W26/><G118/><T80/><D38/><U46/><E34/><V98/><F93/><W131/><G131/><T105/><D62/><U32/><E32/><V113/><F113/><W64/><G122/><T70/><D70/><U108/><E108/><V48/><F39/><W16/><G82/><T65/><D65/><U0/><REACH who="1" step="1"/><E124/><REACH who="1" ten="250,163,337,240" step="2"/><V53/><F33/><W130/><G130/><T4/><D107/><U20/><E20/><V45/><F63/><W96/><G96/><T35/><D105/><U56/><AGARI ba="0,1" hai="0,1,3,11,12,19,41,46,49,56,57,58,78,79" machi="56" ten="40,7800,0" yaku="1,1,0,1,53,1" doraHai="132" doraHaiUra="47" who="1" fromWho="1" sc="250,-26,163,88,337,-26,240,-26" /><INIT seed="1,1,0,3,1,24" ten="224,251,311,214" oya="1" hai0="40,120,88,1,83,63,0,130,43,115,31,80,65" hai1="129,34,135,94,77,64,122,42,46,16,56,47,89" hai2="29,93,85,128,113,104,123,38,67,116,86,32,97" hai3="108,35,49,10,78,62,92,14,68,55,70,36,61"/><U133/><E122/><V66/><F116/><W101/><G108/><T53/><D115/><U30/><E129/><V48/><F38/><W6/><G36/><T17/><D130/><U81/><E64/><V90/><F123/><W71/><G78/><T51/><D120/><U54/><E16/><V100/><F128/><W107/><G107/><T72/><D17/><U25/><E42/><V45/><F113/><W103/><G35/><T26/><D72/><U98/><E133/><V76/><F76/><W131/><G131/><T21/><D1/><U37/><E37/><V5/><F85/><W110/><G110/><T59/><D0/><U134/><E135/><V27/><REACH who="2" step="1"/><F5/><REACH who="2" ten="224,251,301,214" step="2"/><W112/><G112/><T57/><D80/><U11/><E134/><V95/><F95/><W126/><G126/><T8/><D8/><U52/><E11/><V60/><F60/><W79/><G62/><T44/><D44/><U125/><E125/><V15/><F15/><W111/><G61/><T91/><D83/><U4/><E4/><V13/><F13/><W22/><G111/><T117/><D117/><U82/><E81/><V58/><F58/><N who="3" m="33135" /><G79/><T114/><D114/><U84/><E54/><AGARI ba="1,1" hai="27,29,32,45,48,54,66,67,86,90,93,97,100,104" machi="54" ten="30,7700,0" yaku="1,1,7,1,52,1,53,1" doraHai="24" doraHaiUra="96" who="2" fromWho="1" sc="224,0,251,-80,301,90,214,0" /><INIT seed="2,0,0,2,5,62" ten="224,171,391,214" oya="2" hai0="9,19,124,40,59,44,3,6,13,18,93,135,86" hai1="97,109,76,21,130,45,43,41,132,37,112,118,66" hai2="106,46,34,52,50,16,17,115,90,120,126,30,11" hai3="111,82,104,81,116,105,38,64,85,35,91,58,95"/><V129/><F115/><W72/><G111/><T1/><D135/><U56/><E112/><V113/><F113/><W87/><G38/><T125/><D59/><U103/><E118/><V65/><F120/><W28/><G116/><T36/><D93/><U7/><E109/><V96/><F65/><W20/><G35/><T80/><D18/><U8/><E132/><V121/><F121/><W15/><G72/><T42/><D40/><U79/><E130/><V33/><F129/><W133/><G133/><T49/><D36/><U123/><E123/><V99/><F126/><N who="0" m="48746" /><D19/><U131/><E131/><V2/><F17/><W100/><G105/><T29/><D29/><U48/><E21/><V31/><F31/><W83/><G104/><T71/><D71/><U114/><E114/><V75/><F30/><W47/><G47/><T14/><D14/><U5/><E41/><V122/><F16/><N who="3" m="10271" /><G100/><T127/><N who="0" m="48754" /><T117/><DORA hai="119" /><D117/><U22/><E22/><V107/><F46/><W102/><G102/><T134/><D134/><U24/><E24/><V92/><F33/><W98/><G28/><T55/><D42/><U12/><E5/><V89/><F107/><W39/><G39/><T60/><D60/><AGARI ba="0,0" hai="58,60,64,81,82,83,85,87,91,95,98" m="10271" machi="60" ten="30,3900,0" yaku="8,1,52,1,54,1" doraHai="62,119" who="3" fromWho="0" sc="224,-39,171,0,391,0,214,39" /><INIT seed="3,0,0,2,0,40" ten="185,171,391,253" oya="3" hai0="23,135,78,102,99,18,73,8,105,24,38,45,131" hai1="1,57,83,124,36,66,34,49,127,52,4,133,5" hai2="128,89,84,61,46,125,123,37,14,60,35,100,122" hai3="109,30,27,11,10,19,88,2,62,15,111,51,103"/><W90/><G103/><T42/><D131/><U9/><E133/><V6/><F35/><W120/><G120/><N who="2" m="46121" /><F125/><N who="1" m="48201" /><E34/><V119/><F119/><W21/><G62/><N who="2" m="24169" /><F128/><W93/><G51/><T70/><D135/><U114/><E114/><V81/><F100/><W101/><G101/><T22/><D70/><U112/><E112/><V72/><F72/><W20/><G93/><T87/><D73/><U16/><E36/><V48/><F37/><W74/><G74/><T67/><D67/><U98/><E66/><V43/><F14/><W82/><G82/><T31/><D8/><N who="3" m="3113" /><G2/><T104/><D104/><U64/><E64/><V110/><F6/><N who="1" m="2665" /><E1/><V39/><F39/><W107/><G107/><T92/><D105/><U79/><E98/><V116/><F116/><W97/><G97/><T80/><D18/><U118/><E118/><V115/><F115/><W58/><G58/><T126/><D126/><U121/><E121/><V55/><F81/><W29/><G29/><T85/><D87/><N who="1" m="48639" /><E9/><V59/><F59/><W71/><G71/><T41/><D23/><U86/><E86/><V32/><F48/><W54/><G21/><T130/><D130/><U75/><E75/><V117/><F89/><W47/><G90/><T65/><D65/><U53/><E53/><V91/><F91/><W0/><G88/><T68/><D68/><U33/><E33/><V17/><F32/><W113/><G113/><T69/><D69/><U129/><E129/><V77/><F84/><W108/><G54/><T63/><D42/><U44/><E16/><V106/><F117/><W56/><G19/><T50/><D38/><RYUUKYOKU ba="0,0" sc="185,15,171,15,391,-15,253,-15" hai0="22,24,31,41,45,50,63,78,80,85,92,99,102" hai1="44,49,52,57" owari="200,-20.0,186,-31.4,376,47.6,238,3.8" /></mjloggm>