<mjloggm ver="2.3"><GO type="225" lobby="0"/><UN n0="%E5%B0%8F%37%34" n1="%E3%82%A2%E3%82%A4%E3%82%B9%E3%83%86%E3%82%A3%E3%83%BC%E3%81%82%E3%81%B9" n2="%E3%81%82%E3%80%81%E8%B2%A0%E3%81%91%E3%81%BE%E3%81%97%E3%81%9F" n3="%6D%75%75%6D%75%72%61" dan="16,16,16,16" rate="2095.70,2122.22,2131.85,2087.75" sx="M,M,M,F"/><TAIKYOKU oya="0"/><INIT seed="0,0,0,3,5,116" ten="250,250,250,250" oya="0" hai0="40,34,87,103,63,45,8,39,36,60,9,81,57" hai1="37,47,119,100,51,22,97,78,25,131,115,64,108" hai2="74,38,15,92,132,2,43,117,107,99,121,53,54" hai3="102,20,91,104,113,123,44,30,122,65,0,125,28"/><T24/><D103/><U110/><E119/><V23/><F2/><W90/><G113/><T94/><D94/><U75/><E37/><V12/><F74/><W17/><G0/><T96/><D96/><U68/><E115/><V133/><F107/><W11/><G11/><T71/><D39/><U18/><E131/><V124/><F124/><W27/><G125/><T1/><D1/><U67/><E78/><V95/><F117/><W48/><G65/><T129/><D129/><U6/><E6/><V7/><F7/><W14/><G102/><T106/><D106/><U72/><E75/><V42/><F38/><W127/><G104/><T79/><D71/><U98/><E72/><V19/><F19/><W49/><G127/><T118/><D118/><U16/><E18/><V84/><F23/><W101/><G101/><T85/><D85/><U58/><E58/><V26/><F99/><N who="1" m="37897" /><E68/><V86/><F26/><W41/><G49/><T82/><D82/><U10/><E10/><V4/><F4/><W46/><G46/><T52/><REACH who="0" step="1"/><D63/><REACH who="0" ten="240,250,250,250" step="2"/><U77/><E100/><V112/><REACH who="2" step="1"/><F112/><REACH who="2" ten="240,250,240,250" step="2"/><W69/><G69/><T50/><D50/><U128/><E128/><V114/><F114/><W35/><REACH who="3" step="1"/><G28/><AGARI ba="0,2" hai="8,9,24,28,34,36,40,45,52,57,60,79,81,87" machi="28" ten="40,3900,0" yaku="1,1,54,1,53,0" doraHai="116" doraHaiUra="32" who="0" fromWho="3" sc="240,59,250,0,240,0,250,-39" /><INIT seed="0,1,0,4,3,51" ten="299,250,240,211" oya="0" hai0="21,13,12,67,32,19,43,14,31,110,78,58,113" hai1="73,25,70,56,123,52,50,128,129,90,134,101,81" hai2="62,130,57,107,53,79,112,115,29,24,23,103,46" hai3="34,10,60,20,8,54,86,9,80,121,77,96,55"/><T27/><D113/><U41/><E123/><V59/><F130/><N who="1" m="50281" /><E134/><V35/><F79/><W16/><G34/><T109/><D78/><N who="1" m="44239" /><E70/><V114/><F46/><W0/><G0/><T64/><D43/><U26/><E101/><V49/><F35/><W102/><G60/><N who="0" m="37911" /><D67/><U69/><E69/><V105/><REACH who="2" step="1"/><F103/><REACH who="2" ten="299,250,230,211" step="2"/><W48/><G121/><T104/><D104/><U126/><E126/><V6/><F6/><W99/><G48/><T75/><D75/><U45/><E90/><V38/><F38/><AGARI ba="1,1" hai="25,26,38,41,45,50,52,56" m="44239,50281" machi="38" ten="30,3900,0" yaku="19,1,52,1,54,1" doraHai="51" who="1" fromWho="2" sc="299,0,250,52,230,-42,211,0" /><INIT seed="1,0,0,3,2,54" ten="299,302,188,211" oya="1" hai0="9,63,111,3,128,121,74,89,37,43,2,108,51" hai1="82,120,16,61,45,68,44,5,13,11,41,133,97" hai2="12,31,53,109,101,29,56,84,70,10,73,14,18" hai3="26,48,66,8,52,4,38,104,125,30,39,117,107"/><U60/><E120/><V58/><F109/><N who="0" m="42058" /><D74/><U42/><E133/><V67/><F73/><W57/><G125/><T36/><D121/><U110/><E110/><V33/><F33/><W93/><G117/><T103/><D128/><U49/><E68/><V15/><F70/><W134/><G134/><T72/><D72/><U118/><E118/><V21/><F101/><W78/><G66/><T119/><D119/><U77/><E97/><V19/><F15/><W62/><G78/><T98/><D89/><U20/><E82/><V25/><F25/><W85/><G48/><T76/><D76/><U0/><REACH who="1" step="1"/><E77/><REACH who="1" ten="299,292,188,211" step="2"/><V34/><F34/><W81/><G81/><T87/><D98/><U112/><E112/><V1/><F1/><W35/><G104/><T22/><D3/><U6/><E6/><V55/><F84/><W47/><G107/><T50/><D2/><U24/><E24/><V116/><F116/><W88/><G47/><T86/><D87/><U32/><E32/><V130/><F130/><W131/><G131/><T122/><D86/><U92/><E92/><V46/><F46/><W23/><G35/><T28/><D28/><U115/><E115/><V71/><F71/><W95/><G93/><T106/><D122/><U64/><E64/><V114/><F67/><W79/><G79/><T132/><D132/><U59/><E59/><N who="2" m="22571" /><F114/><W27/><G26/><T17/><D106/><U105/><E105/><V7/><F7/><W75/><G75/><T83/><D83/><U80/><E80/><V102/><F102/><W65/><G65/><T127/><D103/><U126/><E126/><RYUUKYOKU ba="0,1" sc="299,-30,292,10,188,10,211,10" hai1="0,5,11,13,16,20,41,42,44,45,49,60,61" hai2="10,12,14,18,19,21,29,31,53,55" hai3="4,8,23,27,30,38,39,52,57,62,85,88,95" /><INIT seed="1,1,1,5,3,82" ten="269,302,198,221" oya="1" hai0="101,47,12,129,11,65,33,67,52,42,26,83,13" hai1="7,132,55,113,4,86,49,88,117,51,78,108,8" hai2="14,31,18,10,16,96,66,59,46,114,104,21,100" hai3="68,110,76,75,120,91,17,106,112,74,23,124,0"/><U105/><E117/><V25/><F114/><W80/><G112/><T119/><D119/><U36/><E36/><V56/><F66/><W115/><G115/><T84/><D12/><U45/><E105/><V73/><F73/><W5/><G120/><T89/><D129/><U53/><E113/><V22/><REACH who="2" step="1"/><F46/><REACH who="2" ten="269,302,188,221" step="2"/><W30/><G74/><T111/><D65/><U19/><E132/><V97/><F97/><W125/><G75/><T79/><D67/><U98/><E98/><V57/><F57/><W62/><G124/><T61/><D47/><N who="1" m="27839" /><E108/><V69/><F69/><W90/><G125/><T116/><D111/><U2/><E2/><V95/><F95/><W15/><G110/><T109/><D109/><U128/><E128/><V72/><F72/><W81/><G106/><T126/><D126/><U24/><E78/><V6/><F6/><W3/><G3/><T134/><D79/><U60/><E60/><V85/><F85/><W92/><G0/><T77/><D77/><U131/><E131/><V54/><F54/><W37/><G68/><T107/><D116/><U102/><E102/><V38/><F38/><W43/><G37/><T99/><D61/><U27/><E7/><V48/><F48/><W28/><G76/><T9/><D52/><U58/><E4/><V32/><F32/><W63/><G5/><T94/><D33/><U71/><E45/><V44/><F44/><W133/><G63/><T41/><D107/><U35/><E35/><V39/><F39/><W64/><G62/><T40/><D99/><U122/><E71/><V50/><F50/><W29/><G64/><RYUUKYOKU ba="1,2" sc="269,-10,302,-10,188,30,221,-10" hai2="10,14,16,18,21,22,25,31,56,59,96,100,104" /><INIT seed="2,2,2,2,3,6" ten="259,292,218,211" oya="2" hai0="22,26,114,33,12,100,79,125,77,10,44,24,84" hai1="112,128,45,93,9,135,66,96,127,63,49,0,38" hai2="91,126,86,121,92,108,28,15,94,133,132,64,35" hai3="69,104,43,21,95,131,74,58,51,23,31,99,82"/><V54/><F121/><W47/><G69/><T13/><D114/><U113/><E127/><V29/><F126/><W107/><G131/><T68/><D68/><U85/><E38/><V87/><F64/><W102/><G58/><T109/><D125/><U59/><E128/><V83/><F108/><W4/><G4/><T62/><D109/><U67/><E67/><V40/><F40/><W60/><G60/><T37/><D100/><U117/><E117/><V17/><F54/><W14/><G14/><T122/><D122/><U56/><E56/><V2/><F2/><W89/><G21/><T129/><D129/><U55/><E135/><V8/><F94/><W52/><G43/><T75/><D75/><U101/><E0/><V11/><F11/><W72/><G72/><T1/><D62/><U30/><E9/><V70/><F70/><W20/><G20/><T76/><D1/><U90/><REACH who="1" step="1"/><E30/><REACH who="1" ten="259,282,218,211" step="2"/><V36/><F36/><W19/><G31/><T80/><D37/><U32/><E32/><V120/><F120/><W115/><G115/><T53/><D33/><U25/><E25/><V78/><REACH who="2" step="1"/><F35/><REACH who="2" ten="259,282,208,211" step="2"/><W46/><G23/><T41/><D10/><U48/><E48/><V88/><F88/><W34/><G34/><T61/><D22/><U7/><E7/><V106/><F106/><AGARI ba="2,4" hai="45,49,55,59,63,66,85,90,93,96,101,106,112,113" machi="106" ten="30,2000,0" yaku="1,1,7,1,53,0" doraHai="6" doraHaiUra="71" who="1" fromWho="2" sc="259,0,282,66,208,-26,211,0" /><INIT seed="3,0,0,5,1,47" ten="259,348,182,211" oya="3" hai0="107,68,43,21,51,44,105,80,115,81,41,34,38" hai1="133,119,33,116,123,59,118,127,32,6,7,52,89" hai2="131,11,60,73,120,128,109,114,132,135,22,106,103" hai3="72,67,1,125,28,5,93,57,82,3,61,134,26"/><W95/><G125/><T94/><D34/><N who="1" m="13419" /><E123/><V2/><F60/><W98/><G134/><N who="2" m="51241" /><F11/><W39/><G39/><T100/><D115/><U58/><E133/><V130/><F22/><W50/><G5/><N who="1" m="1546" /><E127/><V85/><F2/><W49/><G3/><T64/><D68/><U108/><E108/><V99/><F114/><W0/><G0/><T86/><D64/><U15/><E89/><V31/><F31/><W25/><G1/><T77/><D38/><U69/><E69/><V55/><F55/><W29/><G29/><T112/><D41/><U96/><E96/><V40/><F40/><W48/><G28/><T24/><D112/><U12/><E59/><V88/><F109/><W101/><G93/><T75/><D100/><U122/><E122/><V30/><F30/><W62/><G62/><AGARI ba="0,0" hai="12,15,52,58,62,116,118,119" m="1546,13419" machi="62" ten="40,2600,0" yaku="12,1,54,1" doraHai="47" who="1" fromWho="3" sc="259,0,348,26,182,0,211,-26" owari="259,5.9,374,47.4,182,-31.8,185,-21.5" /></mjloggm>