<mjloggm ver="2.3"><GO type="225" lobby="0"/><UN n0="%EF%BC%B3%E3%81%9E%E3%81%88%E2%98%86" n1="%72%69%6F%75%63%68%61%6E" n2="%E3%81%B5%E3%81%98%E3%81%8B%E3%81%A4" n3="%E3%81%8C%E3%81%9F" dan="16,16,17,16" rate="2084.22,2186.11,2223.20,2118.88" sx="M,M,M,M"/><TAIKYOKU oya="0"/><INIT seed="0,0,0,2,0,124" ten="250,250,250,250" oya="0" hai0="3,18,107,108,20,14,40,76,79,37,15,42,7" hai1="115,81,106,65,73,25,46,89,51,94,90,129,16" hai2="24,67,49,0,101,61,130,6,103,82,43,41,135" hai3="120,48,44,62,68,66,109,133,27,104,59,13,56"/><T102/><D3/><U29/><E129/><V8/><F135/><W114/><G104/><T10/><D108/><U123/><E123/><V21/><F130/><W119/><G27/><T78/><D37/><U71/><E106/><V34/><F34/><W2/><G2/><T121/><D121/><U63/><E115/><V85/><F43/><W22/><G120/><T45/><REACH who="0" step="1"/><D45/><REACH who="0" ten="240,250,250,250" step="2"/><U126/><E126/><V92/><F41/><W122/><G109/><T52/><D52/><U128/><E128/><V86/><F49/><W96/><G122/><T64/><D64/><U69/><E65/><V26/><F67/><W134/><G114/><T70/><D70/><U72/><E46/><V100/><F61/><W50/><G119/><T38/><D38/><U55/><E51/><V116/><F116/><W12/><G68/><T125/><D125/><U75/><E55/><V131/><F131/><W98/><G66/><T110/><D110/><U53/><E53/><V9/><F0/><W93/><G44/><T31/><D31/><U54/><E29/><V117/><F117/><W80/><G62/><T97/><AGARI ba="0,1" hai="7,10,14,15,18,20,40,42,76,78,79,97,102,107" machi="97" ten="30,11700,0" yaku="1,1,0,1,53,2" doraHai="124" doraHaiUra="39" who="0" fromWho="0" sc="240,127,250,-39,250,-39,250,-39" /><INIT seed="0,1,0,0,4,39" ten="367,211,211,211" oya="0" hai0="114,128,74,77,80,44,50,70,17,130,47,18,2" hai1="112,104,88,26,125,55,5,51,126,4,106,110,59" hai2="90,27,25,95,100,109,64,102,65,48,57,0,22" hai3="21,33,78,31,24,73,99,75,35,105,19,56,7"/><T37/><D114/><U103/><E110/><V45/><F109/><W11/><G33/><T14/><D2/><U61/><E112/><V63/><F0/><W28/><G28/><T94/><D70/><U120/><E120/><V69/><F69/><W23/><G23/><T89/><D37/><U8/><E103/><V54/><F65/><W135/><G135/><T91/><D47/><U85/><E26/><V66/><F66/><W9/><G9/><T93/><D94/><U131/><E131/><V13/><F13/><W3/><G78/><T87/><D91/><U133/><E133/><V79/><F27/><W121/><G121/><T76/><D76/><U49/><E106/><V122/><F79/><W30/><G30/><T124/><D124/><N who="1" m="47723" /><E104/><V60/><F60/><W92/><G56/><T62/><D62/><U84/><E85/><N who="2" m="52687" /><F122/><W53/><G53/><T16/><REACH who="0" step="1"/><D14/><REACH who="0" ten="357,211,211,211" step="2"/><N who="1" m="5383" /><E5/><V58/><F58/><W118/><G105/><T81/><D81/><AGARI ba="1,1" hai="49,51,55,59,61,81,84,88" m="5383,47723" machi="81" ten="30,2000,0" yaku="18,1,54,1" doraHai="39" who="1" fromWho="0" sc="357,-23,211,33,211,0,211,0" /><INIT seed="1,0,0,2,3,112" ten="334,244,211,211" oya="1" hai0="101,36,132,125,126,43,82,2,60,5,108,124,71" hai1="70,134,94,51,46,13,34,4,85,113,22,25,129" hai2="135,69,44,19,73,102,116,24,12,72,21,97,66" hai3="9,93,52,88,35,123,55,59,103,79,41,61,128"/><U74/><E113/><V114/><F114/><W26/><G123/><T29/><D108/><U7/><E74/><V50/><F135/><W105/><G41/><T81/><D132/><U23/><E134/><V86/><F86/><W110/><G110/><T53/><D29/><U3/><E129/><V106/><F116/><W18/><G128/><T31/><D31/><U40/><E70/><V120/><F120/><W133/><G133/><T80/><D101/><U64/><E64/><V10/><F66/><W122/><G122/><T78/><D71/><U118/><E118/><V67/><F67/><W95/><G105/><T92/><D92/><U1/><E34/><V98/><F98/><N who="3" m="59855" /><G35/><T90/><D90/><N who="1" m="53583" /><E1/><V38/><F38/><W115/><G115/><T121/><D121/><U91/><E3/><V6/><REACH who="2" step="1"/><F69/><REACH who="2" ten="334,244,201,211" step="2"/><W20/><G79/><T17/><D36/><U99/><E99/><V57/><F57/><W111/><G111/><T49/><D78/><U109/><E109/><V83/><F83/><W89/><G95/><T37/><D37/><U8/><E91/><N who="3" m="34890" /><G55/><AGARI ba="0,1" hai="6,10,12,19,21,24,44,50,55,72,73,97,102,106" machi="55" ten="30,2000,0" yaku="1,1,7,1,53,0" doraHai="112" doraHaiUra="39" who="2" fromWho="3" sc="334,0,244,0,201,30,211,-20" /><INIT seed="2,0,0,0,0,89" ten="334,244,231,191" oya="2" hai0="88,62,11,126,80,109,124,26,69,105,0,123,99" hai1="114,71,43,98,102,12,76,66,133,5,45,42,35" hai2="60,36,51,9,16,121,134,115,119,81,33,118,39" hai3="53,25,82,41,108,19,8,127,96,101,24,116,95"/><V38/><F121/><W131/><G116/><T91/><D123/><U6/><E114/><V120/><F115/><W77/><G108/><T73/><D109/><U32/><E133/><V31/><F120/><W48/><G131/><T94/><D26/><U78/><E71/><V30/><F134/><W68/><G68/><T52/><D105/><U21/><E66/><V57/><F51/><W28/><G41/><N who="1" m="15370" /><E45/><V117/><F81/><W92/><G127/><N who="0" m="48683" /><D73/><U3/><E3/><V56/><F33/><W58/><G28/><T49/><D80/><U122/><E122/><V70/><F70/><W13/><REACH who="3" step="1"/><G92/><REACH who="3" ten="334,244,231,181" step="2"/><T125/><D125/><U44/><E32/><V129/><F129/><W83/><G83/><T111/><D111/><U100/><E35/><V74/><F118/><W37/><G37/><T40/><D69/><U97/><E44/><V34/><F39/><W106/><G106/><T59/><D40/><U110/><E110/><V75/><F38/><W130/><G130/><T17/><D94/><N who="1" m="58423" /><E76/><V65/><F36/><W61/><G61/><T7/><D62/><U93/><E78/><V132/><F60/><W64/><G64/><T113/><D113/><U84/><E84/><AGARI ba="0,1" hai="8,13,19,24,25,48,53,58,77,82,84,95,96,101" machi="84" ten="30,7700,0" yaku="1,1,7,1,8,1,52,1,53,0" doraHai="89" doraHaiUra="112" who="3" fromWho="1" sc="334,0,244,-77,231,0,181,87" /><INIT seed="3,0,0,2,1,125" ten="334,167,231,268" oya="3" hai0="82,51,33,71,22,0,73,72,40,28,18,85,101" hai1="75,70,128,89,92,36,78,98,68,132,93,39,131" hai2="102,43,117,21,34,42,87,11,59,46,118,121,44" hai3="27,104,61,109,57,77,49,17,130,20,129,90,55"/><W86/><G104/><T6/><D71/><N who="1" m="27179" /><E78/><V69/><F69/><W16/><G77/><T100/><D40/><U116/><E75/><V29/><F34/><W105/><G105/><T56/><D51/><U15/><E15/><V8/><F102/><W79/><G79/><N who="0" m="46303" /><D56/><U23/><E23/><V37/><F59/><W65/><G17/><T97/><D97/><N who="1" m="57487" /><E132/><V67/><F21/><W113/><G109/><T133/><D101/><N who="1" m="60623" /><E116/><V108/><F117/><W58/><REACH who="3" step="1"/><G113/><REACH who="3" ten="334,167,231,258" step="2"/><T120/><D18/><U26/><E26/><V24/><F24/><W134/><G134/><T91/><D133/><U30/><E30/><V31/><F31/><W111/><G111/><T99/><D28/><U54/><E54/><V35/><F29/><W107/><G107/><T7/><D33/><U106/><E106/><V9/><F108/><W103/><G103/><T122/><D100/><U62/><E62/><V3/><F35/><W83/><AGARI ba="0,1" hai="16,20,27,49,55,57,58,61,65,83,86,90,129,130" machi="83" ten="30,18000,2" yaku="1,1,0,1,52,2,54,1,53,1" doraHai="125" doraHaiUra="47" who="3" fromWho="3" sc="334,-60,167,-60,231,-60,258,190" owari="274,7.4,107,-39.3,171,-22.9,448,54.8" /></mjloggm>