<mjloggm ver="2.3"><GO type="225" lobby="0"/><UN n0="%E9%B3%B3%E6%9D%B1%E3%81%AE%E3%81%86%E3%81%95%E3%81%8E%E3%81%95%E3%82%93" n1="%43%68%65" n2="%E6%A1%9C%E8%8A%B1%E9%96%83%E3%80%85" n3="%E6%97%A5%E6%9B%9C%E6%97%A5%E3%82%88%E3%82%8A%E3%81%AE%E4%BD%BF%E8%80%85" dan="17,16,17,18" rate="2257.57,2135.47,2128.80,2150.42" sx="M,M,M,M"/><TAIKYOKU oya="0"/><INIT seed="0,0,0,1,3,131" ten="250,250,250,250" oya="0" hai0="95,135,106,19,18,3,71,69,114,1,41,7,43" hai1="64,94,78,28,33,66,124,57,16,26,25,10,118" hai2="90,40,60,115,54,85,80,116,74,65,35,76,123" hai3="61,113,132,51,72,27,53,96,83,105,55,68,11"/><T29/><D106/><U9/><E118/><V56/><F123/><W34/><G113/><T101/><D114/><U98/><E78/><V81/><F115/><W107/><G11/><T92/><D29/><U100/><E124/><V109/><F109/><W127/><G127/><T67/><D67/><U12/><E26/><V39/><F35/><W62/><G72/><T117/><D7/><U6/><REACH who="1" step="1"/><E57/><REACH who="1" ten="250,240,250,250" step="2"/><V134/><F116/><W22/><G27/><T8/><D117/><U75/><E75/><V21/><F74/><W128/><G128/><T31/><D31/><U5/><E5/><V52/><F76/><W110/><G110/><T15/><D69/><U87/><E87/><V47/><F81/><W77/><G68/><T91/><D71/><U58/><E58/><V23/><REACH who="2" step="1"/><F134/><REACH who="2" ten="250,240,240,250" step="2"/><W103/><G132/><T120/><D135/><U108/><E108/><V48/><F48/><W49/><G49/><T126/><D126/><U86/><E86/><V112/><F112/><W121/><G51/><T20/><D120/><U133/><E133/><V97/><F97/><W13/><G121/><T82/><D82/><U99/><E99/><V119/><F119/><W32/><G83/><T70/><D70/><U102/><E102/><V130/><F130/><W44/><G77/><T111/><D101/><U89/><E89/><V30/><F30/><W46/><G103/><T88/><D111/><U45/><E45/><V104/><F104/><W42/><G96/><T59/><D91/><U129/><E129/><V93/><F93/><W50/><G107/><T2/><D92/><U37/><E37/><RYUUKYOKU ba="0,2" sc="250,-15,240,15,240,15,250,-15" hai1="6,9,10,12,16,25,28,33,64,66,94,98,100" hai2="21,23,39,40,47,52,54,56,60,65,80,85,90" /><INIT seed="1,1,2,0,5,48" ten="235,255,255,235" oya="1" hai0="34,105,124,27,115,64,116,21,90,43,51,8,12" hai1="53,114,129,9,91,5,119,85,55,35,112,57,6" hai2="93,72,22,130,26,24,95,58,63,97,122,121,33" hai3="28,81,69,49,47,40,84,133,78,87,31,41,135"/><U36/><E119/><V128/><F72/><W30/><G69/><T86/><D115/><U56/><E35/><V92/><F33/><W132/><REACH who="3" step="1"/><G87/><REACH who="3" ten="235,255,255,225" step="2"/><T127/><D86/><U125/><E85/><V42/><F122/><W110/><G110/><T70/><D70/><U117/><E114/><V37/><F121/><W54/><AGARI ba="1,3" hai="28,30,31,40,41,47,49,54,78,81,84,132,133,135" machi="54" ten="40,8000,1" yaku="1,1,0,1,20,1,52,1,53,1" doraHai="48" doraHaiUra="76" who="3" fromWho="3" sc="235,-21,255,-41,255,-21,225,113" /><INIT seed="2,0,0,4,4,37" ten="214,214,234,338" oya="2" hai0="109,51,59,22,105,73,48,61,119,52,74,63,64" hai1="26,79,18,33,81,135,6,60,4,106,127,24,92" hai2="99,128,107,17,124,112,113,55,104,114,94,62,90" hai3="77,121,85,93,100,132,117,0,131,1,3,69,115"/><V88/><F124/><W12/><G117/><T70/><D119/><U87/><E106/><V44/><F128/><W36/><G121/><T16/><D109/><U72/><E127/><V56/><F90/><W110/><G69/><T58/><D105/><U95/><E135/><V2/><F2/><W30/><G36/><T98/><D98/><U11/><E72/><V103/><F103/><W25/><G12/><T9/><D9/><U35/><E35/><V78/><F78/><W21/><G100/><T129/><D129/><U68/><E68/><V14/><REACH who="2" step="1"/><F44/><REACH who="2" ten="214,214,224,338" step="2"/><W75/><G131/><T76/><D76/><U57/><E79/><V39/><F39/><W27/><G0/><T34/><D34/><U42/><E81/><V89/><F89/><W53/><G1/><T23/><D22/><AGARI ba="0,1" hai="14,17,22,55,56,62,88,94,99,104,107,112,113,114" machi="22" ten="40,3900,0" yaku="1,1,54,1,53,0" doraHai="37" doraHaiUra="97" who="2" fromWho="0" sc="214,-39,214,0,224,49,338,0" /><INIT seed="2,1,0,3,1,28" ten="175,214,273,338" oya="2" hai0="16,42,6,133,91,131,41,27,132,45,5,64,34" hai1="110,33,71,14,51,93,26,102,60,9,128,50,37" hai2="135,67,120,115,86,122,44,43,29,97,85,125,61" hai3="82,23,8,10,20,57,83,109,39,55,22,100,31"/><V1/><F115/><W84/><G39/><T46/><D64/><U32/><E37/><V17/><F1/><W38/><G38/><T36/><D91/><U68/><E110/><V69/><F125/><W73/><G73/><T88/><D131/><U134/><E128/><V76/><F135/><N who="0" m="51786" /><D45/><U48/><E134/><V2/><F2/><W24/><G109/><T62/><D62/><U113/><E113/><V78/><F29/><W129/><G129/><T58/><D58/><U15/><E26/><V52/><F17/><W77/><G100/><T106/><D42/><U119/><E119/><V65/><F97/><W49/><REACH who="3" step="1"/><G82/><REACH who="3" ten="175,214,273,328" step="2"/><T95/><D106/><U101/><E101/><V98/><F122/><W90/><G90/><T87/><D34/><AGARI ba="1,1" hai="8,10,20,22,23,24,31,34,49,55,57,77,83,84" machi="34" ten="40,2600,0" yaku="1,1,52,1,53,0" doraHai="28" doraHaiUra="111" who="3" fromWho="0" sc="175,-29,214,0,273,0,328,39" /><INIT seed="3,0,0,2,5,127" ten="146,214,273,367" oya="3" hai0="41,83,98,37,122,91,111,63,14,44,16,38,109" hai1="1,51,45,49,84,61,71,39,119,76,7,40,12" hai2="50,28,131,86,33,23,11,114,67,74,18,19,55" hai3="133,77,20,27,113,118,54,99,17,135,85,58,117"/><W42/><G42/><T47/><D122/><U128/><E1/><V46/><F74/><W34/><G34/><T78/><D63/><U96/><E119/><V120/><F33/><W26/><G26/><T125/><D125/><U132/><E132/><N who="3" m="50762" /><G99/><T92/><D44/><U35/><E35/><V130/><F114/><W101/><G101/><T6/><D6/><U106/><E96/><V88/><F67/><W13/><G27/><T93/><D93/><U89/><E76/><V36/><F36/><W104/><G104/><T2/><D2/><U30/><E30/><V129/><F120/><W107/><G107/><T70/><D70/><U73/><E73/><V105/><F105/><W21/><G21/><T115/><D115/><U81/><E106/><V66/><F66/><W97/><G97/><T103/><D103/><U80/><E80/><N who="2" m="49223" /><F11/><W64/><G64/><T95/><D95/><U48/><E61/><V31/><F18/><W56/><G113/><T108/><D47/><U0/><E0/><V65/><F65/><W59/><G54/><T72/><REACH who="0" step="1"/><D41/><REACH who="0" ten="136,214,273,367" step="2"/><N who="1" m="22719" /><E71/><V123/><F123/><W57/><G57/><T22/><AGARI ba="0,1" hai="14,16,22,37,38,72,78,83,91,92,98,108,109,111" machi="22" ten="30,8000,1" yaku="1,1,0,1,14,1,54,1,53,1" doraHai="127" doraHaiUra="10" who="0" fromWho="0" sc="136,90,214,-20,273,-20,367,-40" owari="226,-17.4,194,-30.6,253,5.3,327,42.7" /></mjloggm>