<mjloggm ver="2.3"><GO type="225" lobby="0"/><UN n0="%E5%B8%86%E7%AB%8B%E5%A4%8F%E8%A1%A3" n1="%72%61%6B%33" n2="%45%6C%79%73%69%75%6D" n3="%4B%2E%32%2E%4B%2E" dan="16,16,17,17" rate="2097.08,2088.48,2117.33,2181.58" sx="M,M,F,M"/><TAIKYOKU oya="0"/><INIT seed="0,0,0,1,4,57" ten="250,250,250,250" oya="0" hai0="23,9,95,120,64,119,77,70,8,34,73,61,19" hai1="126,74,6,94,116,20,103,109,42,80,110,4,25" hai2="127,13,55,104,123,92,69,78,96,82,113,27,121" hai3="89,46,115,39,68,112,72,75,60,107,128,18,131"/><T44/><D119/><U84/><E116/><V15/><F113/><N who="3" m="43595" /><G107/><T58/><D120/><U125/><E42/><V83/><F104/><W33/><G89/><T0/><D34/><U2/><E74/><N who="3" m="28202" /><G18/><T32/><D32/><U36/><E36/><V88/><F127/><N who="1" m="48649" /><E94/><V99/><F99/><W85/><G85/><T102/><D77/><N who="1" m="46095" /><E103/><V40/><F96/><W129/><G33/><T71/><D73/><U12/><E2/><V14/><F78/><W47/><G39/><T90/><D102/><U111/><E12/><V54/><F13/><W48/><G48/><T106/><D0/><U101/><E101/><V100/><F14/><W28/><G28/><AGARI ba="0,0" hai="4,6,20,25,28,109,110,111" m="46095,48649" machi="28" ten="40,2600,0" yaku="14,1,18,1" doraHai="57" who="1" fromWho="3" sc="250,0,250,26,250,0,250,-26" /><INIT seed="1,0,0,3,0,74" ten="250,276,250,224" oya="1" hai0="43,28,13,20,75,133,100,41,25,23,63,26,42" hai1="116,47,96,56,134,36,84,33,127,131,103,73,82" hai2="132,50,7,121,93,40,70,5,85,114,123,29,109" hai3="78,110,61,53,108,31,18,34,64,4,6,91,44"/><U17/><E116/><V87/><F70/><W72/><G91/><T66/><D133/><U79/><E134/><V90/><F132/><W19/><G34/><T124/><D124/><U0/><E127/><V86/><F109/><N who="3" m="42091" /><G31/><T35/><D75/><U115/><E115/><V71/><F71/><N who="3" m="42383" /><G44/><T130/><D130/><U77/><E131/><V122/><F114/><W49/><G6/><T135/><D135/><U1/><E33/><V15/><F29/><W24/><G4/><T112/><D112/><U120/><E120/><V67/><F5/><W117/><G24/><T113/><D113/><U51/><E17/><V38/><F7/><W68/><G68/><T12/><D100/><U59/><E36/><V80/><F38/><W126/><G117/><T106/><D35/><U111/><E111/><V27/><F27/><W104/><G104/><T101/><D101/><U69/><E69/><V10/><F90/><W81/><G126/><T119/><D106/><U129/><E129/><V128/><F128/><W9/><G9/><T11/><D11/><U58/><E103/><V45/><F10/><W83/><G83/><T22/><D119/><U97/><E97/><V55/><F15/><N who="0" m="5706" /><D28/><U48/><E96/><V94/><F80/><W39/><G39/><T16/><D26/><U105/><E105/><V2/><F2/><N who="1" m="1129" /><E47/><V107/><F107/><W37/><G37/><T54/><D66/><U46/><E46/><N who="2" m="28119" /><F67/><W21/><G21/><T98/><D98/><U88/><E88/><V52/><F40/><W95/><G95/><N who="2" m="36361" /><F122/><W65/><G65/><T62/><D54/><U92/><E92/><RYUUKYOKU ba="0,0" sc="250,0,276,0,250,0,224,0" hai0="16,20,22,23,25,41,42,43,62,63" hai1="48,51,56,58,59,73,77,79,82,84" hai2="45,52,85,86,87,121,123" hai3="18,19,49,53,72,78,81" /><INIT seed="1,1,0,0,4,44" ten="250,276,250,224" oya="1" hai0="95,103,55,47,64,89,39,91,53,132,98,109,88" hai1="59,94,46,99,118,41,52,1,5,72,119,135,82" hai2="11,28,42,63,15,96,17,76,13,48,34,12,85" hai3="2,49,74,67,3,115,60,25,8,14,20,93,102"/><U35/><E35/><V121/><F121/><W126/><G74/><T33/><D33/><U24/><E24/><V101/><F34/><W80/><G115/><T124/><D109/><U61/><E135/><V9/><F28/><W117/><G126/><T97/><D124/><U7/><E72/><V79/><F63/><W81/><G117/><T73/><D132/><U110/><E82/><V16/><F85/><W58/><G3/><T57/><D73/><U112/><E112/><V131/><F13/><W86/><G2/><T19/><D39/><U75/><E75/><V38/><F38/><W78/><G81/><T114/><D114/><U54/><E54/><V127/><F131/><W23/><G25/><T129/><D129/><U128/><E110/><V26/><F26/><W133/><G49/><N who="0" m="28863" /><D19/><U71/><E71/><V123/><F123/><W108/><G108/><T77/><D77/><U69/><E69/><V36/><F36/><W50/><G50/><N who="0" m="30967" /><D64/><U134/><E134/><V29/><F29/><W66/><G67/><T40/><D40/><U83/><E128/><V105/><F127/><W106/><G106/><T4/><D4/><N who="1" m="1611" /><E1/><V45/><AGARI ba="1,0" hai="9,11,12,15,16,17,42,45,48,76,79,96,101,105" machi="45" ten="30,7900,0" yaku="0,1,9,1,52,1,54,1" doraHai="44" who="2" fromWho="2" sc="250,-21,276,-40,250,82,224,-21" /><INIT seed="2,0,0,0,1,100" ten="229,236,332,203" oya="2" hai0="32,49,92,23,91,52,76,125,67,102,70,72,25" hai1="109,75,21,66,33,121,110,103,90,6,104,73,55" hai2="113,58,34,77,11,19,46,69,122,20,18,135,2" hai3="106,87,28,1,97,56,54,61,96,79,24,12,7"/><V93/><F69/><W15/><G1/><T114/><D114/><U117/><E33/><V59/><F122/><W51/><G106/><T124/><D32/><U111/><E117/><V105/><F105/><W128/><G128/><T57/><D102/><U60/><E121/><V107/><F107/><W63/><G79/><T129/><D129/><U4/><E55/><V133/><F34/><W123/><G87/><T62/><D76/><U37/><E37/><V17/><F113/><W0/><G0/><T108/><D72/><N who="1" m="27723" /><E21/><V39/><F77/><W35/><G123/><T36/><D36/><U68/><E90/><V29/><F93/><W31/><G15/><T41/><D41/><U94/><E94/><V14/><F2/><W85/><G85/><T99/><REACH who="0" step="1"/><D108/><REACH who="0" ten="219,236,332,203" step="2"/><U119/><E119/><V13/><F39/><W38/><G38/><T132/><D132/><U84/><E84/><V43/><F133/><W116/><G116/><T127/><D127/><U95/><E95/><V5/><F135/><W81/><G35/><T22/><D22/><U88/><E88/><V74/><F74/><W45/><G81/><T78/><D78/><U30/><E103/><V27/><F43/><W10/><G24/><T86/><D86/><U3/><E111/><V82/><F82/><W71/><G71/><T48/><D48/><U26/><E110/><V65/><F20/><W112/><G112/><T40/><D40/><U101/><E109/><V89/><F27/><W16/><G63/><T115/><D115/><U130/><E26/><V131/><F131/><W44/><G61/><T9/><D9/><RYUUKYOKU ba="0,1" sc="219,30,236,-10,332,-10,203,-10" hai0="23,25,49,52,57,62,67,70,91,92,99,124,125" /><INIT seed="3,1,1,0,1,100" ten="249,226,322,193" oya="3" hai0="116,31,20,47,66,90,88,91,59,106,94,79,95" hai1="83,102,67,37,128,113,8,125,10,135,98,0,15" hai2="119,52,75,41,50,111,132,65,49,51,131,1,11" hai3="81,107,26,12,6,114,43,133,80,42,5,108,23"/><W17/><G114/><T36/><D116/><U56/><E37/><V110/><F75/><W44/><G133/><T69/><D106/><U118/><E113/><V18/><F119/><W73/><G108/><N who="2" m="41513" /><F132/><W87/><G73/><T3/><D3/><U68/><E68/><V60/><F131/><W45/><G107/><T86/><D69/><U54/><E67/><V22/><F41/><N who="3" m="15371" /><G80/><N who="0" m="47391" /><D47/><N who="3" m="17993" /><G12/><T78/><D78/><AGARI ba="1,1" hai="5,6,17,23,26,78,81,87" m="17993,15371" machi="78" ten="30,1500,0" yaku="8,1" doraHai="100" who="3" fromWho="0" sc="249,-18,226,0,322,0,193,28" /><INIT seed="3,2,0,4,4,132" ten="231,226,322,221" oya="3" hai0="133,71,53,75,43,25,55,128,57,28,113,39,83" hai1="77,64,91,76,90,80,1,45,54,61,79,30,107" hai2="10,108,22,34,62,60,15,51,24,50,6,110,33" hai3="103,88,11,41,23,104,3,119,29,117,92,124,127"/><W123/><G123/><T70/><D75/><U38/><E107/><V35/><F51/><W95/><G41/><T5/><D83/><U67/><E1/><V118/><F50/><W100/><G29/><T59/><D5/><U130/><E130/><V12/><F12/><W63/><G23/><T82/><D82/><U56/><E30/><N who="2" m="17687" /><F118/><N who="3" m="45067" /><G63/><T13/><D13/><U66/><E80/><V106/><F106/><W120/><G120/><T99/><D28/><U101/><E101/><N who="3" m="38986" /><G104/><T40/><D25/><U126/><E126/><N who="3" m="48170" /><G88/><N who="1" m="33834" /><E38/><V9/><F9/><W2/><G2/><T46/><D39/><U68/><E68/><V98/><F60/><W44/><G44/><AGARI ba="2,0" hai="44,45,54,56,61,64,66,67,76,77,79" m="33834" machi="44" ten="40,2600,0" yaku="8,1,54,1" doraHai="132" who="1" fromWho="3" sc="231,0,226,32,322,0,221,-32" owari="231,-16.9,258,5.8,322,42.2,189,-31.1" /></mjloggm>