<mjloggm ver="2.3"><GO type="225" lobby="0"/><UN n0="%E2%91%A3%E9%81%BF%E9%81%8A%E6%88%AF%E3%80%90%E6%9D%B1%E5%8D%97%E3%80%91" n1="%E3%81%A1%E3%82%85%E3%81%86%E3%81%A9%E3%81%8F%E8%B1%A1%E3%81%95%E3%82%93" n2="%E6%9C%AA%E6%9D%A5%E5%B0%91%E5%B9%B4" n3="%E3%81%95%E3%81%8D%E3%81%9F%E3%81%BE%E6%9E%97%E6%AA%8E" dan="16,17,16,16" rate="2081.49,2180.91,2159.42,2061.84" sx="M,M,M,M"/><TAIKYOKU oya="0"/><INIT seed="0,0,0,2,3,38" ten="250,250,250,250" oya="0" hai0="78,88,47,20,37,80,49,30,40,77,110,128,45" hai1="118,124,2,111,116,5,130,75,74,41,123,23,66" hai2="90,135,64,81,86,46,53,1,55,32,34,12,79" hai3="39,133,76,59,43,52,122,85,9,114,51,83,93"/><T13/><D128/><U87/><E123/><V61/><F1/><W31/><G114/><T18/><D30/><U127/><E66/><V21/><F135/><W113/><G133/><T57/><D110/><U44/><E111/><V131/><F131/><W100/><G113/><T91/><D57/><U26/><E130/><V98/><F46/><N who="3" m="26079" /><G122/><T14/><D14/><U62/><E62/><V33/><F98/><N who="3" m="59471" /><G39/><T103/><D103/><U29/><E87/><V101/><F101/><W107/><G107/><T35/><D35/><U108/><E5/><V67/><F79/><W106/><G106/><T129/><D78/><U19/><E2/><V120/><F120/><W63/><G9/><T60/><D60/><U102/><E102/><V56/><REACH who="2" step="1"/><F67/><REACH who="2" ten="250,250,240,250" step="2"/><W16/><G16/><AGARI ba="0,1" hai="12,16,21,32,33,34,53,55,56,61,64,81,86,90" machi="16" ten="40,5200,0" yaku="1,1,2,1,54,1,53,0" doraHai="38" doraHaiUra="71" who="2" fromWho="3" sc="250,0,250,0,240,62,250,-52" /><INIT seed="1,0,0,4,3,108" ten="250,250,302,198" oya="1" hai0="50,116,63,117,100,124,49,43,11,38,20,133,126" hai1="125,87,115,132,93,48,0,28,26,58,78,127,14" hai2="72,18,8,75,21,9,88,12,64,81,2,122,30" hai3="95,1,130,121,89,97,32,107,42,44,109,114,33"/><U106/><E0/><V59/><F122/><W83/><G121/><T4/><D100/><U71/><E71/><V134/><F134/><W40/><G1/><T52/><D20/><U105/><E132/><V119/><F119/><W96/><G109/><T77/><D77/><U17/><E58/><V91/><F8/><W22/><G130/><T131/><D133/><U13/><E48/><N who="0" m="18537" /><D11/><U51/><E51/><V62/><F30/><W70/><G70/><T112/><D4/><U68/><E68/><V111/><F111/><W39/><G42/><T118/><D131/><U34/><E115/><V29/><F29/><W53/><G53/><T129/><D129/><U56/><E56/><V74/><REACH who="2" step="1"/><F81/><REACH who="2" ten="250,250,292,198" step="2"/><W5/><G83/><T24/><D43/><U94/><E28/><V57/><F57/><W73/><G44/><T61/><D38/><U69/><E69/><V85/><F85/><W128/><G40/><T23/><D112/><U99/><E87/><V16/><F16/><W135/><G39/><T80/><D80/><U103/><E34/><V31/><F31/><W60/><G33/><T10/><D10/><U86/><E86/><V110/><F110/><W41/><G32/><T113/><D113/><U6/><E17/><V82/><F82/><W65/><G114/><T102/><D118/><U37/><E37/><V84/><F84/><W15/><G135/><T66/><D117/><U45/><E45/><V54/><F54/><W19/><G128/><T76/><D116/><U27/><E6/><AGARI ba="0,1" hai="2,6,9,12,18,21,59,62,64,72,74,75,88,91" machi="6" ten="40,5200,0" yaku="1,1,54,1,53,1" doraHai="108" doraHaiUra="7" who="2" fromWho="1" sc="250,0,250,-52,292,62,198,0" /><INIT seed="2,0,0,3,1,71" ten="250,198,354,198" oya="2" hai0="78,75,70,107,98,53,38,77,62,119,76,73,8" hai1="50,19,24,111,54,13,124,105,90,2,118,44,60" hai2="11,10,6,65,80,132,4,58,51,127,104,122,123" hai3="49,114,52,108,126,15,14,66,61,69,86,21,22"/><V120/><F104/><W100/><G108/><T110/><D110/><U87/><E111/><V30/><F132/><W28/><G126/><T47/><D119/><U97/><E118/><V74/><F127/><W117/><G117/><T42/><D8/><U12/><E124/><V56/><F30/><W64/><G114/><T45/><D107/><U72/><E72/><V125/><F125/><W134/><G134/><T23/><D98/><U129/><E129/><V112/><F112/><W131/><G131/><T95/><D95/><U1/><E24/><V39/><F39/><W116/><G116/><T17/><D70/><U16/><E60/><V43/><F43/><W106/><G66/><T40/><D62/><U89/><E105/><V92/><F92/><W18/><G86/><T94/><D53/><U5/><E97/><V115/><F115/><W35/><G35/><T3/><D94/><U68/><E68/><V93/><F93/><W32/><G32/><T33/><D3/><U29/><E29/><V7/><F65/><W41/><G41/><T36/><D33/><U0/><E5/><V102/><F102/><W101/><G106/><T83/><D75/><U88/><REACH who="1" step="1"/><E87/><REACH who="1" ten="250,188,354,198" step="2"/><V135/><F135/><W91/><G91/><T79/><D79/><U81/><E81/><V26/><F80/><W85/><G85/><T96/><D96/><U37/><E37/><V130/><F74/><W27/><G15/><AGARI ba="0,1" hai="15,17,23,36,38,40,42,45,47,73,76,77,78,83" machi="15" ten="30,7700,0" yaku="7,1,9,1,52,2" doraHai="71" who="0" fromWho="3" sc="250,87,188,0,354,0,198,-77" /><AGARI ba="0,0" hai="0,1,2,12,13,15,16,19,44,50,54,88,89,90" machi="15" ten="50,6400,0" yaku="1,1,54,2,53,0" doraHai="71" doraHaiUra="31" who="1" fromWho="3" sc="337,0,188,64,354,0,121,-64" /><INIT seed="3,0,0,2,5,108" ten="337,252,354,57" oya="3" hai0="51,55,132,24,86,112,37,41,42,109,1,103,134" hai1="21,25,50,38,69,90,98,80,75,133,53,17,96" hai2="39,100,126,36,20,64,106,26,30,19,84,79,46" hai3="111,0,123,60,3,35,74,44,99,57,2,45,119"/><W12/><G119/><T48/><D1/><U97/><E38/><V54/><F126/><W94/><G123/><T6/><D6/><U28/><E133/><N who="0" m="51305" /><D103/><U95/><E69/><V63/><F106/><W72/><G35/><T33/><D86/><U68/><E68/><V31/><F100/><W122/><G122/><T13/><D13/><U127/><E127/><V110/><F110/><W71/><G71/><T87/><D109/><U77/><REACH who="1" step="1"/><E28/><REACH who="1" ten="337,242,354,57" step="2"/><V88/><F39/><W59/><G111/><T93/><D37/><U9/><E9/><V107/><F36/><W116/><G116/><T15/><D112/><U14/><E14/><V18/><F30/><W113/><G113/><T125/><D125/><U16/><E16/><V130/><F19/><W114/><G114/><T128/><D128/><U32/><E32/><V67/><F18/><W22/><G12/><T101/><D15/><U78/><E78/><V81/><F130/><W117/><G117/><T47/><D33/><U40/><E40/><N who="0" m="15465" /><D24/><U52/><E52/><V129/><F129/><W83/><G22/><T58/><D48/><U56/><AGARI ba="0,1" hai="17,21,25,50,53,56,75,77,80,90,95,96,97,98" machi="56" ten="20,5200,0" yaku="1,1,0,1,7,1,53,1" doraHai="108" doraHaiUra="85" who="1" fromWho="1" sc="337,-13,242,62,354,-13,57,-26" owari="324,12.4,304,-9.6,341,44.1,31,-46.9" /></mjloggm>