<mjloggm ver="2.3"><GO type="225" lobby="0"/><UN n0="%E3%83%A9%E3%83%BC%E3%83%A1%E3%83%B3%E4%BA%94%E9%83%8E" n1="%6D%75%75%73%61%6E%6D%75" n2="%E7%89%B9%E6%9D%B1%E3%81%AF%E4%B8%96%E7%95%8C%E3%82%92%E6%95%91%E3%81%86" n3="%30%2E%31%32%30" dan="16,16,16,16" rate="2167.06,2096.96,2139.43,2128.62" sx="M,F,M,M"/><TAIKYOKU oya="0"/><INIT seed="0,0,0,1,2,10" ten="250,250,250,250" oya="0" hai0="70,90,63,110,9,37,100,86,35,127,93,31,53" hai1="43,45,6,51,1,81,131,3,87,103,25,52,125" hai2="69,77,8,117,14,23,75,111,105,119,108,133,47" hai3="32,79,128,126,5,89,41,130,60,65,97,106,91"/><T29/><D37/><U98/><E125/><V99/><F69/><W85/><G85/><T21/><D35/><U134/><E131/><V82/><F47/><W24/><G24/><T19/><D127/><U122/><E122/><V42/><F42/><W54/><G54/><T96/><D110/><N who="2" m="42026" /><F23/><W16/><G16/><T33/><D9/><U107/><E134/><V124/><F124/><W15/><G15/><N who="0" m="9471" /><D70/><U94/><E25/><V112/><F112/><W78/><G126/><T68/><D68/><U11/><E43/><V109/><N who="2" m="42034" /><V46/><DORA hai="12" /><F46/><W88/><G41/><T38/><D33/><U4/><E4/><N who="2" m="3335" /><F133/><W92/><G5/><T55/><D38/><U76/><REACH who="1" step="1"/><E3/><REACH who="1" ten="250,240,250,250" step="2"/><V84/><F75/><W66/><G128/><T58/><D53/><U39/><E39/><V40/><F40/><W95/><G130/><T59/><D58/><U34/><E34/><V20/><F119/><W83/><G32/><T49/><D49/><U48/><E48/><V120/><F117/><W132/><G132/><T36/><D36/><U18/><E18/><V2/><F2/><W62/><G62/><T67/><D55/><U27/><E27/><V13/><F120/><W44/><G60/><T71/><D71/><U30/><E30/><V129/><F129/><W57/><G44/><T74/><D74/><U114/><E114/><V56/><F56/><W121/><G57/><T7/><D7/><U80/><E80/><AGARI ba="0,1" hai="29,31,59,63,67,80,86,90,93,96,100" m="9471" machi="80" ten="30,5800,0" yaku="8,1,52,2" doraHai="10,12" who="0" fromWho="1" sc="250,68,240,-58,250,0,250,0" /><INIT seed="0,1,0,4,3,59" ten="318,182,250,250" oya="0" hai0="37,2,48,10,87,5,18,122,134,83,61,93,99" hai1="81,57,89,44,132,123,109,40,117,56,8,63,32" hai2="20,28,67,49,16,82,119,25,11,92,85,65,97" hai3="98,115,74,104,26,54,34,114,110,60,22,105,78"/><T125/><D122/><U53/><E117/><V51/><F119/><W106/><G110/><T21/><D37/><U129/><E123/><V120/><F120/><W76/><G98/><T113/><D113/><U9/><E32/><V73/><F73/><W88/><G34/><T102/><D125/><U6/><E109/><V69/><F69/><W112/><G74/><T39/><D39/><U108/><E132/><V35/><F11/><W75/><G75/><T0/><D0/><U121/><E108/><V80/><F80/><W95/><G54/><T135/><D48/><N who="2" m="18506" /><F28/><W55/><G55/><T47/><D47/><U111/><E121/><V27/><F27/><W72/><G72/><T19/><D61/><N who="1" m="35983" /><E111/><V77/><F35/><W84/><REACH who="3" step="1"/><G60/><REACH who="3" ten="318,182,250,240" step="2"/><T86/><D135/><U23/><E129/><V116/><F116/><W79/><G79/><T36/><D134/><U100/><E100/><AGARI ba="1,1" hai="16,20,25,65,67,77,82,85,92,97,100" m="18506" machi="100" ten="30,2000,0" yaku="8,1,54,1" doraHai="59" who="2" fromWho="1" sc="318,0,182,-23,250,33,240,0" /><INIT seed="1,0,0,1,4,93" ten="318,159,283,240" oya="1" hai0="96,70,23,15,111,88,102,57,21,18,40,33,110" hai1="31,25,131,84,76,113,55,41,36,37,64,24,121" hai2="106,127,59,104,47,4,56,66,35,112,60,43,94" hai3="101,124,49,86,34,61,44,11,119,12,46,1,67"/><U116/><E113/><V95/><F35/><W28/><G124/><T99/><D70/><U62/><E116/><V65/><F127/><W9/><G119/><T74/><D33/><U2/><E121/><V81/><F4/><W79/><G1/><T20/><D74/><U42/><E2/><V29/><F29/><W8/><G101/><T91/><D40/><U48/><E131/><V0/><F0/><W128/><G128/><T107/><D57/><U22/><E37/><V13/><F13/><W53/><G46/><T117/><D117/><U6/><E6/><V27/><F27/><W126/><G126/><T109/><D99/><U77/><E36/><V130/><F81/><N who="3" m="47423" /><G34/><T52/><D52/><U134/><E134/><V89/><F130/><W129/><G129/><T125/><D125/><U17/><E77/><V54/><F95/><W71/><G71/><T118/><D118/><U82/><E25/><V38/><F112/><W100/><G100/><T58/><D58/><U85/><E85/><V30/><F30/><W114/><G114/><T132/><D132/><U72/><E31/><V120/><F120/><W83/><G83/><T108/><N who="0" m="27648" /><DORA hai="39" /><T45/><D45/><U16/><E17/><V103/><F103/><W75/><G75/><T3/><D3/><U135/><E72/><V32/><F32/><W98/><G98/><T14/><D14/><U92/><E135/><V51/><REACH who="2" step="1"/><F65/><REACH who="2" ten="318,159,273,240" step="2"/><W7/><G28/><T105/><D105/><U26/><E92/><V10/><F10/><AGARI ba="0,1" hai="10,15,18,20,21,23,88,91,96,102,107" m="27648" machi="10" ten="70,8000,1" yaku="14,1,52,1,54,1" doraHai="93,39" who="0" fromWho="2" sc="318,90,159,0,273,-80,240,0" /><INIT seed="2,0,0,3,3,41" ten="408,159,193,240" oya="2" hai0="91,18,36,83,49,114,113,127,23,40,128,63,96" hai1="100,58,94,16,8,75,24,80,122,66,34,87,109" hai2="131,15,70,42,107,37,57,56,67,65,44,105,50" hai3="85,43,126,35,64,47,102,125,71,55,10,69,1"/><V32/><F32/><W118/><G35/><T30/><D36/><U11/><E109/><V73/><F73/><W33/><G33/><T115/><D30/><U21/><E75/><V60/><F131/><W14/><G1/><T28/><D28/><U112/><E112/><V38/><F107/><W62/><G102/><T93/><D128/><U19/><E122/><V54/><F15/><W12/><G118/><T72/><D127/><N who="3" m="48649" /><G55/><T74/><D63/><N who="1" m="38263" /><E34/><V61/><F105/><W135/><G135/><T20/><D83/><U3/><E3/><V84/><F84/><W133/><G133/><T95/><D95/><U101/><E19/><V98/><F98/><W76/><G69/><T79/><D79/><U31/><E31/><V99/><F99/><W86/><G76/><T17/><D17/><U111/><E111/><V22/><F22/><W129/><G129/><T81/><D81/><U2/><E2/><V52/><F54/><W25/><G25/><T26/><D23/><U120/><E120/><V108/><F108/><W51/><G12/><T9/><D9/><N who="1" m="3659" /><E94/><V4/><F4/><AGARI ba="0,0" hai="4,10,14,43,47,51,62,64,71,85,86" m="48649" machi="4" ten="30,2000,0" yaku="18,1,52,1" doraHai="41" who="3" fromWho="2" sc="408,0,159,0,193,-20,240,20" /><INIT seed="3,0,0,1,1,43" ten="408,159,173,260" oya="3" hai0="92,53,35,52,15,71,108,21,79,112,25,83,113" hai1="26,59,5,132,29,84,63,131,80,1,45,65,68" hai2="128,109,30,88,18,118,97,14,3,69,102,16,50" hai3="134,78,94,126,81,101,116,87,17,111,77,115,72"/><W42/><G115/><N who="0" m="44107" /><D108/><U0/><E131/><V57/><F118/><W66/><G116/><T61/><D92/><U64/><E132/><V135/><F3/><W124/><G134/><T117/><D117/><U120/><E120/><V31/><F69/><W20/><G111/><T121/><D121/><U110/><E110/><V119/><F119/><W24/><G66/><N who="0" m="41423" /><D15/><U49/><E5/><V73/><F128/><W103/><G42/><T54/><D35/><U34/><E64/><V105/><F109/><W33/><G33/><T56/><D56/><U98/><E98/><V107/><F107/><W74/><G94/><T2/><D2/><U8/><E8/><V39/><F135/><W85/><G101/><T75/><D53/><U70/><E1/><V4/><F57/><W27/><G103/><T67/><D67/><U100/><E100/><V12/><F12/><W96/><G96/><T129/><D129/><U13/><E13/><V86/><F102/><W36/><G27/><T47/><D47/><U133/><E0/><V7/><F97/><W9/><G9/><T60/><D60/><U32/><E34/><V76/><F105/><W19/><G36/><T106/><D106/><U125/><E133/><V91/><F14/><W48/><G72/><T38/><D38/><U99/><E99/><V93/><F39/><W95/><G74/><T90/><D90/><N who="2" m="34346" /><F93/><W11/><G95/><T123/><D123/><U44/><E125/><V114/><F73/><W127/><G126/><T37/><D37/><U6/><E6/><N who="2" m="2091" /><F114/><W62/><G127/><T46/><D46/><N who="1" m="18027" /><E49/><V51/><F51/><RYUUKYOKU ba="0,0" sc="408,15,159,15,173,-15,260,-15" hai0="21,25,52,54,75,79,83" hai1="26,29,32,59,63,65,68,70,80,84" owari="423,52.3,174,-22.6,158,-34.2,245,4.5" /></mjloggm>