<mjloggm ver="2.3"><GO type="225" lobby="0"/><UN n0="%E3%81%A1%E3%82%85%E3%81%86%E3%81%A9%E3%81%8F%E8%B1%A1%E3%81%95%E3%82%93" n1="%E3%81%AF%E3%82%88%E3%81%8A%E3%81%98%E3%81%95%E3%82%93" n2="%33%74%72%65%65" n3="%E4%B8%AD%E5%B9%B4%E3%81%AE%E5%8D%B1%E6%A9%9F" dan="16,16,17,16" rate="2114.05,2188.72,2128.77,2107.43" sx="M,M,F,M"/><TAIKYOKU oya="0"/><INIT seed="0,0,0,4,4,69" ten="250,250,250,250" oya="0" hai0="108,46,50,31,82,95,131,53,80,120,96,107,113" hai1="35,47,59,51,103,68,14,109,5,117,111,118,64" hai2="127,1,52,17,42,112,110,78,57,15,124,92,0" hai3="81,11,20,62,23,61,43,55,90,98,126,106,37"/><T2/><D120/><U128/><E35/><V27/><F112/><W66/><G126/><N who="2" m="48169" /><F42/><W24/><G11/><T4/><D113/><U74/><E74/><V6/><F78/><W33/><G55/><T132/><D107/><U129/><E103/><V130/><F92/><W76/><G33/><T60/><D108/><N who="1" m="41547" /><E68/><V58/><F58/><W105/><G90/><T86/><D131/><N who="1" m="50251" /><E14/><V102/><F102/><W97/><G105/><T45/><D132/><U29/><E29/><V87/><F110/><W122/><G122/><T104/><D31/><U77/><E5/><V7/><F7/><W91/><G106/><T75/><D104/><U121/><E77/><V101/><F6/><W28/><G23/><T133/><D133/><U38/><E38/><V41/><F15/><W65/><G91/><T99/><D4/><U71/><E71/><V10/><F101/><W83/><G76/><T3/><D75/><U119/><E121/><V25/><F130/><W48/><G37/><T22/><D2/><U56/><E64/><V115/><F1/><W85/><G66/><T12/><D3/><U125/><E125/><V135/><F0/><W134/><G65/><T19/><D12/><U79/><E79/><V9/><F115/><W123/><G134/><T89/><D19/><U94/><E94/><V116/><F17/><W39/><G123/><T49/><D95/><U72/><E72/><V93/><F93/><W73/><G73/><T114/><D114/><U21/><E21/><V67/><F135/><W30/><G30/><T32/><D22/><U16/><E16/><V13/><F67/><RYUUKYOKU ba="0,0" sc="250,-10,250,30,250,-10,250,-10" hai1="47,51,56,59,117,118,119" /><INIT seed="1,1,0,2,1,1" ten="240,280,240,240" oya="1" hai0="135,56,3,22,86,119,128,7,10,38,48,51,97" hai1="121,124,11,36,94,17,77,6,130,63,47,45,115" hai2="90,80,31,107,66,75,29,74,132,15,52,13,73" hai3="0,103,91,117,43,120,35,60,20,95,40,113,99"/><U92/><E115/><V108/><F108/><W57/><G35/><T2/><D119/><U27/><E121/><V30/><F132/><W102/><G113/><T133/><D38/><U101/><E124/><V71/><F107/><W21/><G0/><N who="0" m="359" /><D128/><U37/><E130/><V109/><F109/><W84/><G120/><T67/><D97/><U42/><E77/><V131/><F131/><W59/><G117/><T69/><D69/><U78/><E78/><V89/><F66/><W26/><G57/><T41/><D86/><U82/><E82/><V93/><F71/><W49/><G49/><N who="0" m="19019" /><D41/><U61/><E17/><V83/><F52/><N who="3" m="33895" /><G21/><T44/><D44/><U54/><E27/><V70/><F70/><W65/><G65/><T81/><D81/><N who="2" m="31306" /><F93/><N who="3" m="54503" /><G103/><T5/><D22/><U4/><E11/><V33/><F33/><W88/><G102/><T116/><D116/><U32/><E32/><V104/><F104/><W123/><G123/><T122/><D122/><U28/><E101/><V106/><F106/><W125/><G125/><T8/><D2/><U23/><E23/><V19/><F19/><AGARI ba="1,0" hai="19,20,26,40,43,88,95,99" m="54503,33895" machi="19" ten="30,7700,0" yaku="25,1,8,1,54,2" doraHai="1" who="3" fromWho="2" sc="240,0,280,0,240,-80,240,80" /><INIT seed="2,0,0,4,1,61" ten="240,280,160,320" oya="2" hai0="16,92,29,70,50,104,58,71,132,53,111,31,40" hai1="33,113,5,18,102,64,109,35,86,69,36,51,89" hai2="11,42,94,112,80,4,10,98,114,95,121,110,125" hai3="103,79,126,26,65,49,101,17,96,91,32,72,78"/><V60/><F121/><W38/><G38/><T20/><D104/><U7/><E36/><V106/><F106/><W21/><G126/><T120/><D120/><U84/><E113/><V115/><F125/><W22/><G32/><T90/><D111/><U47/><E109/><V54/><F110/><W25/><G72/><T122/><D122/><U0/><E102/><V97/><F42/><W28/><G49/><T57/><D132/><U131/><E131/><V15/><F80/><W85/><G65/><T117/><D40/><U43/><E86/><V82/><F82/><W107/><G103/><T45/><D71/><U14/><E0/><V81/><F81/><AGARI ba="0,0" hai="17,21,22,25,26,28,78,79,81,85,91,96,101,107" machi="81" ten="30,1000,0" yaku="7,1" doraHai="61" who="3" fromWho="2" sc="240,0,280,0,160,-10,320,10" /><INIT seed="3,0,0,5,4,32" ten="240,280,150,330" oya="3" hai0="126,105,76,132,108,121,73,60,98,53,101,67,106" hai1="34,59,72,42,103,130,20,92,127,1,75,82,12" hai2="109,79,96,100,65,107,44,5,71,46,22,125,61" hai3="16,68,83,58,64,99,114,95,63,6,11,91,0"/><W74/><G114/><T41/><D121/><U70/><E70/><V94/><F109/><W118/><G118/><T62/><D108/><U93/><E34/><V43/><F125/><W27/><G68/><T15/><D126/><U87/><E127/><V120/><F120/><W122/><G122/><T111/><D111/><U66/><E42/><V31/><F79/><W48/><G74/><T47/><D132/><U17/><E1/><V119/><F119/><W14/><G83/><T57/><D15/><U135/><E130/><V110/><F110/><W30/><G48/><T38/><D76/><U85/><E135/><V21/><F94/><W18/><G0/><T39/><D73/><U52/><E66/><V3/><F31/><W102/><G91/><T10/><D10/><U115/><E115/><V8/><REACH who="2" step="1"/><F46/><REACH who="2" ten="240,280,140,330" step="2"/><W4/><G30/><T97/><D47/><U2/><E93/><V56/><F56/><W81/><G81/><T50/><D57/><U113/><E92/><V24/><F24/><W28/><G28/><T69/><D106/><U54/><E82/><V9/><F9/><W80/><G80/><T88/><D105/><U124/><E59/><V36/><AGARI ba="0,1" hai="3,5,8,21,22,36,43,44,61,65,71,96,100,107" machi="36" ten="20,8000,1" yaku="1,1,0,1,7,1,52,1,53,1" doraHai="32" doraHaiUra="7" who="2" fromWho="2" sc="240,-20,280,-20,140,90,330,-40" /><INIT seed="4,0,0,5,0,49" ten="220,260,230,290" oya="0" hai0="36,120,96,91,113,23,105,80,46,124,116,94,70" hai1="34,126,104,25,28,41,135,79,81,48,31,134,82" hai2="100,33,125,47,92,107,89,115,38,18,2,114,111" hai3="29,74,52,122,24,40,76,20,43,68,12,55,15"/><T65/><D116/><U101/><E126/><V44/><F111/><W131/><G68/><T19/><D120/><U88/><E28/><V61/><F125/><W39/><G39/><T62/><D124/><U10/><E10/><V4/><F33/><W78/><G122/><T117/><D117/><U99/><E79/><N who="3" m="30250" /><G74/><T98/><D113/><N who="2" m="43018" /><F38/><W121/><G121/><T1/><D1/><U64/><E64/><V128/><F128/><W106/><G106/><T133/><D133/><N who="1" m="50699" /><E88/><V51/><F89/><W112/><G131/><T75/><D80/><U32/><E34/><V17/><F2/><W59/><G55/><T72/><D36/><U132/><N who="1" m="50707" /><U56/><DORA hai="130" /><E41/><N who="3" m="15946" /><G112/><T8/><D46/><U3/><E3/><V123/><F47/><W21/><G21/><T83/><D8/><U58/><E48/><AGARI ba="0,0" hai="12,15,20,24,29,48,52,59" m="15946,30250" machi="48" ten="30,3900,0" yaku="8,1,52,1,54,1" doraHai="49,130" who="3" fromWho="1" sc="220,0,260,-39,230,0,290,39" owari="220,-28.0,221,-17.9,230,3.0,329,42.9" /></mjloggm>