<mjloggm ver="2.3"><GO type="225" lobby="0"/><UN n0="%72%61%6B%33" n1="%E3%81%8F%E3%82%8A%E3%83%94%E3%83%BC" n2="%73%69%72%6F%75%74" n3="%E8%81%B7%E6%A5%AD%E3%80%81%E9%A2%A8%32" dan="17,16,16,16" rate="2288.96,2079.37,2141.89,2098.69" sx="M,M,M,M"/><TAIKYOKU oya="0"/><INIT seed="0,0,0,5,3,25" ten="250,250,250,250" oya="0" hai0="1,50,37,70,135,66,15,61,104,28,51,69,57" hai1="92,87,67,133,27,115,73,58,24,120,100,101,0" hai2="5,22,108,122,79,36,3,99,72,116,95,47,56" hai3="123,75,52,19,131,81,82,14,96,107,60,43,74"/><T114/><D1/><U129/><E73/><V11/><F122/><W93/><G123/><T90/><D104/><U119/><E119/><V46/><F108/><W7/><G107/><T59/><D114/><U9/><E120/><V121/><F121/><W12/><G131/><T118/><D118/><U8/><E129/><V4/><F116/><W55/><G43/><T113/><D113/><U21/><E133/><V68/><F68/><W117/><G117/><T63/><D15/><U76/><E0/><V110/><F5/><W98/><G60/><T30/><D90/><U85/><E115/><V48/><F110/><W16/><G93/><T134/><D66/><U29/><E27/><V41/><F56/><W86/><G86/><N who="1" m="32778" /><E76/><V31/><F79/><W38/><G7/><T91/><D91/><U132/><E132/><V106/><F72/><W127/><G38/><AGARI ba="0,0" hai="28,30,37,38,50,51,57,59,61,63,69,70,134,135" machi="38" ten="25,9600,0" yaku="22,2,52,2" doraHai="25" who="0" fromWho="3" sc="250,96,250,0,250,0,250,-96" /><INIT seed="0,1,0,2,3,85" ten="346,250,250,154" oya="0" hai0="38,25,2,26,50,72,11,87,76,24,61,32,75" hai1="13,125,64,67,17,105,14,62,90,109,77,91,20" hai2="116,1,47,19,31,27,0,36,98,66,34,119,33" hai3="104,37,46,8,107,10,44,71,22,40,18,12,128"/><T35/><D38/><U39/><E39/><V4/><F66/><N who="1" m="25129" /><E105/><V73/><F98/><W53/><G71/><T108/><D61/><U74/><E74/><V89/><F73/><W88/><G107/><T101/><D101/><U126/><E77/><V59/><F59/><W123/><G104/><T100/><D100/><U7/><E62/><V42/><F19/><W99/><G123/><T60/><D60/><U127/><E109/><V81/><F34/><W117/><G117/><N who="2" m="45129" /><F4/><W106/><G106/><T29/><D108/><U113/><E113/><V130/><F130/><W68/><G68/><T121/><D121/><U54/><E54/><V21/><F33/><W112/><G128/><T93/><D50/><U23/><E23/><V5/><F5/><W111/><G112/><T118/><D118/><U97/><E97/><V6/><F6/><W51/><REACH who="3" step="1"/><G111/><REACH who="3" ten="346,250,250,144" step="2"/><T133/><D35/><U95/><E95/><AGARI ba="1,1" hai="8,10,12,18,22,37,40,44,46,51,53,88,95,99" machi="95" ten="40,8000,1" yaku="1,1,2,1,52,1,54,1,53,1" doraHai="85" doraHaiUra="84" who="3" fromWho="1" sc="346,0,250,-83,250,0,144,93" /><INIT seed="1,0,0,3,1,13" ten="346,167,250,237" oya="1" hai0="132,17,2,8,55,30,90,1,117,68,15,106,41" hai1="7,10,99,66,94,3,6,22,92,72,96,60,134" hai2="0,12,34,102,5,135,108,103,73,58,49,127,44" hai3="98,43,48,40,125,107,25,122,69,36,74,79,28"/><U23/><E134/><V37/><F34/><W86/><G69/><T112/><D106/><U118/><E118/><V81/><F135/><W62/><G36/><T26/><D68/><U97/><E72/><V50/><F108/><W130/><G122/><T119/><D41/><U116/><E116/><N who="0" m="44617" /><D55/><U85/><E7/><V120/><F120/><W46/><G125/><T129/><D90/><U123/><E123/><V42/><F127/><W71/><G43/><T32/><D132/><U80/><E94/><V20/><F37/><W52/><G40/><T57/><D57/><U16/><E92/><V27/><F0/><N who="0" m="106" /><D129/><U61/><E23/><V21/><F21/><W109/><G109/><T78/><D78/><U31/><E31/><V124/><F124/><W77/><G74/><T84/><D84/><U82/><E66/><V18/><F81/><W93/><G86/><T88/><D88/><U64/><E85/><V131/><F73/><W19/><G107/><T104/><D104/><U115/><E115/><AGARI ba="0,0" hai="8,15,17,26,30,32,112,115" m="106,44617" machi="115" ten="30,3900,0" yaku="34,2,52,1" doraHai="13" who="0" fromWho="1" sc="346,39,167,-39,250,0,237,0" /><INIT seed="2,0,0,5,0,24" ten="385,128,250,237" oya="2" hai0="60,116,64,111,109,53,103,26,48,106,110,37,82" hai1="96,93,88,32,83,118,42,7,66,59,6,44,11" hai2="113,133,112,92,127,41,29,68,107,71,21,35,99" hai3="70,62,46,0,79,76,101,135,86,16,67,97,51"/><V22/><F41/><W12/><G0/><T30/><D37/><U45/><E118/><V65/><F92/><W39/><G86/><T89/><D116/><U17/><E32/><V56/><F56/><W120/><G135/><T1/><D1/><U90/><E17/><V130/><F133/><W121/><G39/><T20/><D106/><U18/><E18/><V115/><F130/><W4/><G4/><T15/><D15/><U54/><E66/><V28/><F127/><W25/><G25/><T27/><D27/><U33/><E33/><V2/><F2/><W117/><G121/><T69/><D103/><U94/><E83/><V38/><F38/><W3/><G3/><T43/><D43/><U73/><E73/><V128/><F128/><W63/><G63/><T52/><D48/><U40/><E59/><V108/><F35/><W19/><G19/><T134/><D134/><U75/><E75/><V81/><F81/><W100/><G100/><T122/><D122/><U105/><E105/><V57/><F57/><W129/><G120/><T78/><D89/><U13/><E6/><V98/><F112/><W5/><G5/><T14/><D14/><U132/><E132/><V80/><F80/><W9/><G129/><T49/><D49/><U8/><E8/><V104/><REACH who="2" step="1"/><F65/><REACH who="2" ten="385,128,240,237" step="2"/><W77/><G117/><T123/><D123/><U124/><E124/><V126/><F126/><W91/><G67/><T50/><D50/><N who="1" m="28999" /><E45/><V95/><F95/><W55/><G46/><T36/><D36/><U87/><E40/><V72/><F72/><AGARI ba="0,1" hai="20,26,30,52,53,60,64,69,72,78,82,109,110,111" machi="72" ten="40,5200,0" yaku="14,1,52,1,54,1" doraHai="24" who="0" fromWho="2" sc="385,62,128,0,240,-52,237,0" /><INIT seed="3,0,0,5,1,77" ten="447,128,188,237" oya="3" hai0="91,62,25,35,41,11,71,17,83,79,4,126,38" hai1="52,90,55,53,43,24,98,50,115,78,32,84,127" hai2="94,107,58,113,81,37,28,110,2,3,12,124,87" hai3="103,95,39,93,23,36,116,86,85,75,66,64,73"/><W57/><G116/><T54/><D126/><U33/><E115/><V125/><F110/><W45/><G23/><T109/><D109/><U97/><E127/><N who="2" m="48715" /><F107/><W63/><G45/><T118/><D91/><U26/><E33/><V40/><F113/><W14/><G14/><T133/><D133/><U108/><E108/><V20/><F94/><W74/><G103/><T59/><D71/><U122/><E122/><V96/><F96/><W7/><G7/><T88/><D88/><U44/><E32/><V0/><F58/><W68/><G57/><T9/><D118/><U134/><E134/><V46/><F28/><W135/><G135/><T16/><D9/><U67/><E67/><V102/><F102/><W47/><G47/><N who="0" m="23991" /><D25/><U34/><E34/><V89/><F20/><W114/><G75/><N who="0" m="43519" /><D35/><U132/><E132/><V42/><F42/><W6/><G68/><T15/><D15/><AGARI ba="0,0" hai="0,2,3,12,15,37,40,46,81,87,89" m="48715" machi="15" ten="40,2600,0" yaku="18,1,52,1" doraHai="77" who="2" fromWho="0" sc="447,-26,128,0,188,26,237,0" owari="421,52.1,128,-37.2,214,-18.6,237,3.7" /></mjloggm>