<mjloggm ver="2.3"><GO type="225" lobby="0"/><UN n0="%E3%81%86%E3%81%A9%E3%82%93%E3%81%93" n1="%65%6B%61%72%75%74%65" n2="%73%61%6E%64%69%72%69%73" n3="%E3%81%9F%E3%81%8C%E3%82%84%E3%81%99" dan="16,16,16,16" rate="2148.58,2139.68,2131.49,2200.73" sx="M,M,M,M"/><TAIKYOKU oya="0"/><INIT seed="0,0,0,1,0,72" ten="250,250,250,250" oya="0" hai0="10,15,9,57,79,131,47,134,99,53,87,73,17" hai1="28,41,110,49,115,76,54,44,94,35,105,84,68" hai2="3,81,42,21,51,119,58,114,92,124,29,55,69" hai3="16,97,75,8,70,18,90,133,52,71,85,0,66"/><T112/><D112/><U43/><E115/><V46/><F114/><W60/><G75/><T113/><D113/><U40/><E105/><V93/><F3/><W127/><G71/><T48/><D73/><U45/><E68/><V128/><F69/><W62/><G97/><T67/><D131/><U27/><E110/><V91/><F128/><W107/><G107/><T123/><D123/><U106/><E106/><V20/><F124/><W89/><G127/><T65/><D134/><U117/><E117/><V23/><F119/><W111/><G111/><T64/><D99/><U56/><REACH who="1" step="1"/><E94/><REACH who="1" ten="250,240,250,250" step="2"/><V104/><F104/><W83/><G133/><T82/><REACH who="0" step="1"/><D10/><REACH who="0" ten="240,240,250,250" step="2"/><U122/><E122/><V24/><F81/><AGARI ba="0,2" hai="27,28,35,40,41,43,44,45,49,54,56,76,81,84" machi="81" ten="40,8000,1" yaku="1,1,52,1,53,3" doraHai="72" doraHaiUra="37" who="1" fromWho="2" sc="240,0,240,100,250,-80,250,0" /><INIT seed="1,0,0,0,4,72" ten="240,340,170,250" oya="1" hai0="121,75,117,40,1,11,29,45,17,99,126,12,97" hai1="63,105,47,120,44,132,57,33,109,90,30,14,100" hai2="101,9,38,4,25,119,26,69,115,95,79,66,78" hai3="127,65,0,49,54,122,39,15,28,108,106,83,85"/><U67/><E120/><V19/><F119/><W73/><G0/><T134/><D117/><U123/><E123/><V77/><F38/><W94/><G106/><T43/><D121/><U48/><E132/><V56/><F69/><W104/><G104/><T34/><D134/><U31/><E109/><V52/><F115/><W87/><G39/><T27/><D126/><U62/><E105/><V84/><F66/><W61/><G122/><T80/><D43/><U68/><E100/><V125/><F125/><W70/><G127/><T135/><D135/><U71/><E14/><N who="2" m="7631" /><F4/><W112/><G112/><T41/><D41/><U20/><E33/><V76/><N who="2" m="19456" /><DORA hai="8" /><V88/><F101/><W24/><G65/><T23/><D80/><U37/><E71/><V133/><F133/><W129/><G83/><T107/><D107/><U103/><E103/><V18/><F18/><W82/><G82/><T92/><D92/><U81/><E67/><V7/><F7/><W124/><G94/><T32/><D75/><U59/><E68/><V130/><F130/><W2/><G70/><T5/><D34/><U113/><E37/><AGARI ba="0,0" hai="1,5,11,12,17,23,27,29,32,37,40,45,97,99" machi="37" ten="30,7700,0" yaku="7,1,24,2,52,1" doraHai="72,8" who="0" fromWho="1" sc="240,77,340,-77,170,0,250,0" /><INIT seed="2,0,0,1,5,106" ten="317,263,170,250" oya="2" hai0="31,111,96,87,24,90,126,85,67,26,114,14,58" hai1="120,104,33,16,65,105,9,101,32,82,54,112,17" hai2="41,68,86,38,132,53,34,122,75,72,99,135,108" hai3="81,110,40,52,84,107,127,6,93,8,77,91,116"/><V134/><F122/><W103/><G40/><T36/><D114/><U73/><E112/><V35/><F68/><W121/><G116/><T12/><D36/><U79/><E120/><V30/><F108/><W7/><G121/><T49/><D111/><U98/><E104/><V129/><F129/><W70/><G70/><T92/><D126/><U123/><E123/><V115/><F115/><W43/><G43/><T97/><D26/><U25/><E65/><V88/><F99/><W78/><G110/><T94/><D85/><U15/><REACH who="1" step="1"/><E54/><REACH who="1" ten="317,253,170,250" step="2"/><V48/><F41/><W13/><G107/><T113/><D67/><U51/><E51/><V56/><F38/><W27/><G127/><T19/><D49/><U44/><E44/><V59/><F59/><W42/><G42/><T55/><D55/><U71/><E71/><V11/><F11/><W74/><G52/><T29/><D58/><U39/><E39/><V5/><F5/><W131/><G6/><T22/><D113/><U2/><E2/><V118/><F118/><W46/><G46/><T21/><D21/><AGARI ba="0,1" hai="9,15,16,17,21,25,32,33,73,79,82,98,101,105" machi="21" ten="40,5200,0" yaku="1,1,52,1,54,1,53,0" doraHai="106" doraHaiUra="83" who="1" fromWho="0" sc="317,-52,253,62,170,0,250,0" /><INIT seed="3,0,0,0,5,58" ten="265,315,170,250" oya="3" hai0="61,9,101,47,6,32,92,65,2,104,40,76,129" hai1="118,11,28,110,115,53,84,72,52,12,25,54,56" hai2="10,133,67,124,121,91,71,17,128,16,0,134,98" hai3="99,82,46,37,120,36,1,22,8,94,38,130,125"/><W74/><BYE who="0" /><G22/><T4/><D4/><U27/><E72/><UN n0="%E3%81%86%E3%81%A9%E3%82%93%E3%81%93" /><V81/><F121/><W7/><G120/><T19/><D129/><U113/><E110/><V35/><F35/><W122/><G122/><T44/><D32/><U131/><E131/><V69/><F128/><W117/><G117/><T126/><D104/><U50/><E118/><V63/><F124/><W18/><G18/><T93/><D126/><U73/><E73/><V55/><F71/><W77/><G130/><T33/><D33/><U49/><E84/><V79/><F55/><W89/><REACH who="3" step="1"/><G125/><REACH who="3" ten="265,315,170,240" step="2"/><T42/><D19/><U109/><E109/><V34/><F34/><W13/><G13/><T64/><D2/><U48/><E12/><V20/><F0/><W51/><G51/><T68/><D6/><U57/><E50/><V59/><F10/><W103/><G103/><T39/><D101/><U88/><E49/><V116/><F116/><W30/><G30/><T96/><D9/><U97/><E48/><V86/><F69/><W111/><G111/><T31/><D31/><U43/><E28/><V3/><F3/><W123/><G123/><T5/><D5/><U23/><E23/><V26/><REACH who="2" step="1"/><F17/><REACH who="2" ten="265,315,160,240" step="2"/><W90/><G90/><T70/><D70/><U15/><E88/><V21/><F21/><W80/><G80/><T78/><D68/><U108/><E11/><V100/><F100/><W66/><G66/><T29/><D65/><U85/><E108/><V132/><F132/><W14/><G14/><T62/><D64/><U83/><E15/><V87/><F87/><W41/><AGARI ba="0,2" hai="1,7,8,36,37,38,41,46,74,77,82,89,94,99" machi="41" ten="30,11700,0" yaku="1,1,0,1,25,2,53,0" doraHai="58" doraHaiUra="102" who="3" fromWho="3" sc="265,-39,315,-39,160,-39,240,137" owari="226,-17.4,276,7.6,121,-37.9,377,47.7" /></mjloggm>