<mjloggm ver="2.3"><GO type="225" lobby="0"/><UN n0="%E3%81%8F%E3%82%8A%E3%83%94%E3%83%BC" n1="%E4%B8%8B%E6%AE%B5%E3%83%81%E3%82%A7%E3%83%AA%E3%83%BC" n2="%E3%83%B4%E3%83%A0%EF%BC%99%E3%81%A6" n3="%E9%BB%92%E5%85%89%E3%82%8A%E3%81%99%E3%82%8B%47" dan="16,16,17,16" rate="2117.12,2133.96,2177.76,2079.06" sx="M,M,M,M"/><TAIKYOKU oya="0"/><INIT seed="0,0,0,4,4,30" ten="250,250,250,250" oya="0" hai0="28,29,70,23,13,60,129,131,61,98,83,93,103" hai1="34,86,62,76,99,50,117,38,65,16,48,113,42" hai2="9,55,100,22,14,102,31,69,88,68,10,108,123" hai3="59,96,128,24,74,106,95,21,111,67,37,35,56"/><T92/><D83/><U46/><E117/><V89/><F123/><W81/><G37/><T116/><D116/><U8/><E113/><V133/><F108/><W3/><G3/><T109/><D109/><U73/><E73/><V114/><F114/><W120/><G111/><T72/><D72/><U134/><E134/><V45/><F133/><W80/><G120/><T58/><D93/><U53/><E99/><V51/><F68/><W90/><G128/><N who="0" m="49227" /><D61/><U115/><E115/><V1/><F69/><W40/><G40/><T119/><D70/><N who="1" m="42295" /><E50/><V107/><F1/><W121/><G121/><T124/><D124/><U26/><E86/><V125/><F125/><W64/><G106/><T52/><D119/><U17/><E76/><V7/><F9/><W11/><G11/><T12/><D29/><N who="1" m="19767" /><E8/><V110/><F110/><W94/><G94/><T77/><D77/><U75/><E75/><V91/><F107/><W63/><G74/><T132/><D132/><U135/><E135/><V54/><F54/><W43/><G43/><T39/><D39/><U71/><E71/><V127/><F127/><W57/><G67/><T27/><AGARI ba="0,0" hai="12,13,23,27,28,52,58,60,92,98,103" m="49227" machi="27" ten="30,3000,0" yaku="19,1,54,1" doraHai="30" who="0" fromWho="0" sc="250,30,250,-10,250,-10,250,-10" /><INIT seed="0,1,0,1,1,119" ten="280,240,240,240" oya="0" hai0="62,65,9,114,125,46,23,3,11,118,15,91,122" hai1="83,117,60,116,22,30,48,76,12,129,10,132,70" hai2="35,52,44,87,128,1,50,130,101,108,71,19,59" hai3="32,89,86,92,2,69,18,24,55,41,40,5,54"/><T74/><D114/><U97/><E132/><V84/><F71/><W42/><G69/><T85/><D118/><U79/><E129/><N who="2" m="49771" /><F1/><W115/><G115/><T78/><D122/><U134/><E134/><V25/><F108/><W21/><REACH who="3" step="1"/><G32/><REACH who="3" ten="280,240,240,230" step="2"/><T113/><D113/><U121/><E70/><V102/><F35/><W90/><G90/><T51/><D91/><U37/><E116/><V111/><F111/><W88/><G88/><T16/><D78/><U98/><E76/><V126/><F126/><W100/><G100/><T82/><D125/><U43/><E79/><V112/><F112/><W57/><G57/><N who="0" m="37071" /><D74/><U13/><E117/><V99/><F101/><W39/><G39/><T124/><D124/><U56/><E37/><V81/><F59/><W75/><G75/><T29/><D3/><U45/><E56/><V61/><F61/><W109/><G109/><T36/><D36/><U58/><E58/><V77/><F102/><W67/><G67/><T72/><D72/><U47/><E60/><V26/><F99/><W107/><G107/><T64/><D64/><U133/><E98/><V106/><F106/><W93/><G93/><T66/><D66/><U34/><E97/><V127/><F127/><W94/><G94/><T95/><D95/><U135/><E34/><V68/><F68/><W49/><G49/><T6/><D85/><U105/><E48/><V8/><F84/><W110/><G110/><T27/><D82/><U28/><E83/><V38/><F38/><W73/><G73/><T4/><D9/><AGARI ba="1,1" hai="2,5,9,18,21,24,40,41,42,54,55,86,89,92" machi="9" ten="40,1300,0" yaku="1,1,53,0" doraHai="119" doraHaiUra="131" who="3" fromWho="0" sc="280,-16,240,0,240,0,230,26" /><INIT seed="1,0,0,5,5,118" ten="264,240,240,256" oya="1" hai0="6,8,91,83,95,117,11,129,121,90,1,59,44" hai1="104,89,16,124,119,116,127,98,24,93,82,75,60" hai2="63,131,135,10,109,110,68,28,114,48,38,58,41" hai3="92,57,36,17,80,9,4,25,45,130,37,94,33"/><U32/><E60/><V18/><F28/><W56/><G130/><T5/><D117/><N who="1" m="45131" /><E32/><V79/><F79/><W101/><G80/><T106/><D106/><U86/><E24/><V85/><F85/><W102/><G33/><T115/><D115/><U97/><E16/><V64/><F18/><W26/><G17/><T39/><D129/><U2/><E2/><V77/><F77/><W105/><G105/><T40/><D121/><U111/><E111/><N who="2" m="42507" /><F10/><W50/><G50/><T13/><D83/><U71/><E71/><V47/><F131/><W74/><G45/><T84/><D91/><N who="1" m="51671" /><E75/><V122/><F122/><W100/><G74/><T0/><D59/><N who="3" m="22601" /><G9/><T51/><D39/><N who="3" m="14921" /><G4/><T61/><D61/><U42/><E42/><V108/><F108/><W52/><G52/><T20/><REACH who="0" step="1"/><D20/><REACH who="0" ten="254,240,240,256" step="2"/><U72/><E72/><V132/><F114/><W134/><G134/><N who="2" m="51241" /><F38/><W76/><G76/><T112/><D112/><U103/><AGARI ba="0,1" hai="89,93,97,98,103,104,124,127" m="51671,45131" machi="103" ten="30,3000,0" yaku="34,2" doraHai="118" who="1" fromWho="1" sc="254,-10,240,40,240,-10,256,-10" /><INIT seed="1,1,0,2,3,1" ten="244,280,230,246" oya="1" hai0="75,68,45,31,55,125,119,39,126,130,44,85,23" hai1="62,92,135,10,66,13,9,90,123,110,122,116,64" hai2="76,80,128,35,120,0,34,37,43,114,107,79,113" hai3="30,134,65,88,29,17,103,5,25,21,86,22,73"/><U106/><E106/><V117/><F117/><W57/><G73/><T48/><D75/><U15/><E116/><V83/><F120/><W74/><G74/><T36/><D119/><U127/><E135/><V63/><F107/><W4/><G103/><T26/><D130/><U53/><E127/><N who="0" m="48649" /><D68/><U7/><E110/><V78/><F63/><N who="3" m="38127" /><G134/><T95/><D45/><U41/><E41/><V6/><F128/><W82/><G30/><T111/><D111/><U56/><E123/><V124/><F124/><W16/><G29/><T14/><D14/><AGARI ba="1,0" hai="4,5,14,16,17,21,22,25,82,86,88" m="38127" machi="14" ten="30,8000,1" yaku="8,1,52,2,54,2" doraHai="1" who="3" fromWho="0" sc="244,-83,280,0,230,0,246,83" /><INIT seed="2,0,0,2,1,34" ten="161,280,230,329" oya="2" hai0="67,58,65,37,26,112,32,63,7,126,87,113,27" hai1="24,23,133,28,43,118,46,75,132,102,82,35,52" hai2="88,69,117,95,11,135,78,60,124,91,64,61,110" hai3="51,104,39,59,9,25,90,125,66,76,84,98,53"/><V41/><F117/><W122/><G39/><T114/><D126/><U97/><E118/><V96/><F124/><W47/><G125/><T100/><D37/><U4/><E4/><V62/><F135/><N who="1" m="51785" /><E82/><V14/><F110/><W12/><G25/><T42/><D42/><U77/><E77/><V106/><F41/><W99/><G76/><T116/><D116/><U94/><E75/><V13/><F78/><W20/><G20/><T120/><D120/><U3/><E23/><V29/><F106/><W131/><G104/><T109/><D109/><U5/><E52/><V49/><F29/><W72/><G72/><T19/><D7/><U73/><E73/><V44/><F91/><W129/><G122/><T8/><D100/><U31/><E31/><V30/><F30/><W45/><G66/><T15/><D32/><U128/><E128/><V17/><REACH who="2" step="1"/><F14/><REACH who="2" ten="161,280,220,329" step="2"/><W127/><G127/><T101/><D101/><U107/><E107/><V111/><F111/><W2/><G12/><T93/><REACH who="0" step="1"/><D67/><REACH who="0" ten="151,280,220,329" step="2"/><U10/><E43/><V134/><F134/><W71/><G131/><T108/><D108/><U48/><E35/><V50/><F50/><W80/><G129/><T83/><D83/><U38/><E38/><V55/><AGARI ba="0,2" hai="11,13,17,44,49,55,60,61,62,64,69,88,95,96" machi="55" ten="20,7800,0" yaku="1,1,0,1,7,1,54,1,53,0" doraHai="34" doraHaiUra="74" who="2" fromWho="2" sc="151,-26,280,-26,220,98,329,-26" /><INIT seed="2,1,0,2,2,114" ten="125,254,318,303" oya="2" hai0="130,105,34,72,117,100,3,124,61,37,76,2,77" hai1="115,8,109,29,78,30,134,94,64,99,70,28,88" hai2="45,84,74,17,15,90,22,80,32,0,6,40,20" hai3="102,87,89,42,58,85,116,65,4,46,82,103,56"/><V133/><F133/><W1/><G116/><T38/><D61/><U24/><E115/><V120/><F120/><W49/><G1/><N who="0" m="11" /><D77/><U26/><E134/><V67/><F32/><W112/><G112/><T25/><D130/><U69/><E109/><V132/><F132/><W5/><G87/><T7/><D7/><N who="3" m="2633" /><G65/><T111/><D111/><U59/><E8/><V110/><F110/><W68/><G68/><T101/><D101/><AGARI ba="1,0" hai="42,46,49,56,58,82,85,89,101,102,103" m="2633" machi="101" ten="30,1000,0" yaku="8,1" doraHai="114" who="3" fromWho="0" sc="125,-13,254,0,318,0,303,13" /><INIT seed="3,0,0,5,0,51" ten="112,254,318,316" oya="3" hai0="116,96,115,15,2,112,24,84,5,16,121,1,98" hai1="81,3,54,12,19,44,135,7,69,33,120,46,82" hai2="47,4,62,9,123,75,92,25,70,41,109,95,23" hai3="43,45,40,79,91,30,18,53,26,126,28,80,119"/><W125/><G119/><T67/><D116/><U13/><E69/><V130/><F75/><N who="3" m="43135" /><G91/><T58/><D121/><U122/><E33/><V56/><F123/><W132/><G132/><T35/><D84/><U106/><E106/><V72/><F72/><W94/><G94/><T76/><D76/><U89/><E89/><V105/><F105/><W61/><G18/><T73/><D73/><U27/><E19/><N who="2" m="12543" /><F70/><W63/><G53/><T14/><D67/><U114/><E27/><V74/><F74/><W133/><G133/><T90/><D90/><U127/><E135/><V31/><F31/><N who="3" m="11819" /><G26/><T88/><D58/><U8/><E8/><V128/><F109/><W21/><G21/><N who="0" m="13351" /><D88/><U66/><E66/><N who="2" m="39239" /><F47/><W101/><G101/><T100/><D98/><U42/><E42/><N who="3" m="15914" /><G45/><T39/><D96/><U87/><E7/><V0/><F41/><W108/><G108/><T86/><D86/><U29/><E29/><V6/><F6/><W103/><G103/><T97/><D39/><U78/><E78/><V113/><F113/><N who="0" m="43594" /><D97/><U37/><E114/><V110/><F110/><W129/><G129/><AGARI ba="0,0" hai="0,4,9,92,95,128,129,130" m="39239,12543" machi="129" ten="30,1000,0" yaku="19,1" doraHai="51" who="2" fromWho="3" sc="112,0,254,0,318,10,316,-10" owari="112,-38.8,254,-14.6,328,42.8,306,10.6" /></mjloggm>