<mjloggm ver="2.3"><GO type="225" lobby="0"/><UN n0="%6D%75%75%6D%75%72%61" n1="%72%61%6B%33" n2="%E3%81%82%E3%81%B9%E3%81%99%E3%81%91" n3="%72%69%6F%75%63%68%61%6E" dan="16,16,16,17" rate="2130.78,2165.32,2080.03,2217.53" sx="F,M,M,M"/><TAIKYOKU oya="0"/><INIT seed="0,0,0,4,3,50" ten="250,250,250,250" oya="0" hai0="69,133,36,62,89,42,29,17,80,61,2,55,5" hai1="9,1,60,54,34,117,77,53,41,19,73,48,95" hai2="116,107,119,86,39,97,20,90,64,81,31,32,49" hai3="79,127,26,12,104,21,120,96,46,102,14,70,134"/><T37/><D133/><U105/><E105/><V128/><F39/><W23/><G134/><T38/><D29/><U118/><E34/><V93/><F32/><W27/><G127/><T59/><D42/><U35/><E35/><V8/><F64/><W47/><G120/><T68/><D17/><U13/><E1/><V122/><F122/><W110/><G110/><T99/><D62/><U135/><E135/><V11/><F128/><W71/><G79/><T52/><D55/><U24/><E95/><V88/><F107/><W28/><G12/><T75/><D75/><U63/><E24/><N who="2" m="16775" /><F49/><W25/><G14/><T57/><D57/><U115/><E115/><V114/><F114/><W94/><G104/><T113/><D113/><U56/><E41/><V15/><F15/><W78/><G78/><T83/><D99/><U74/><E63/><V67/><F67/><W22/><REACH who="3" step="1"/><G28/><REACH who="3" ten="250,250,250,240" step="2"/><T100/><D100/><U109/><E109/><V10/><F119/><W84/><G84/><T101/><D101/><U30/><E30/><V98/><F116/><W91/><G91/><T131/><D131/><U33/><E74/><V85/><AGARI ba="0,1" hai="8,10,11,81,85,86,88,90,93,97,98" m="16775" machi="85" ten="30,2000,0" yaku="8,1,54,1" doraHai="50" who="2" fromWho="2" sc="250,-10,250,-5,250,30,240,-5" /><INIT seed="1,0,0,3,4,129" ten="240,245,280,235" oya="1" hai0="19,89,5,64,12,44,82,33,130,34,126,7,79" hai1="62,95,29,92,128,23,97,91,28,24,46,102,38" hai2="65,55,63,104,8,52,43,16,10,114,77,1,57" hai3="125,76,116,72,21,108,67,41,86,27,124,54,36"/><U26/><E128/><V90/><F104/><W87/><G108/><T111/><D130/><U135/><E135/><V48/><F114/><W61/><G116/><T60/><D111/><U59/><E38/><V9/><F1/><W121/><G121/><T81/><D126/><N who="3" m="48745" /><G54/><N who="2" m="20521" /><F77/><W73/><G76/><T118/><D118/><U49/><E46/><N who="2" m="25695" /><F90/><W107/><G107/><T109/><D109/><U25/><E49/><V66/><F65/><W4/><G4/><T31/><D44/><U96/><E28/><V2/><F2/><W120/><G120/><T68/><D89/><U47/><E47/><V35/><F35/><W71/><G41/><T119/><D119/><U84/><E84/><N who="3" m="32298" /><G36/><T39/><D39/><U11/><E11/><V123/><F123/><W78/><G78/><T113/><D113/><U93/><E93/><V122/><F122/><W22/><G22/><T42/><D42/><U32/><E32/><V15/><AGARI ba="0,0" hai="8,9,10,15,16,57,63,66" m="25695,20521" machi="15" ten="30,4000,0" yaku="8,1,54,2" doraHai="129" who="2" fromWho="2" sc="240,-10,245,-20,280,40,235,-10" /><INIT seed="2,0,0,1,4,53" ten="230,225,320,225" oya="2" hai0="91,45,89,124,52,119,20,81,21,97,60,59,83" hai1="6,103,88,94,24,69,115,106,66,51,54,2,120" hai2="62,34,57,0,131,107,134,121,122,43,75,40,127" hai3="95,87,61,37,86,4,35,110,55,25,105,15,114"/><V70/><RYUUKYOKU type="yao9" ba="0,0" sc="230,0,225,0,320,0,225,0" hai2="0,34,40,43,57,62,70,75,107,121,122,127,131,134" /><INIT seed="2,1,0,3,2,30" ten="230,225,320,225" oya="2" hai0="50,29,3,42,113,37,116,70,122,32,77,1,31" hai1="127,71,33,68,8,131,24,49,22,123,82,55,91" hai2="73,48,104,135,98,102,90,100,128,72,26,57,107" hai3="44,40,61,52,9,65,67,125,4,87,120,108,43"/><V53/><F135/><W110/><G120/><T105/><D122/><U88/><E123/><V121/><F121/><W5/><G125/><T93/><D105/><U62/><E127/><V66/><F128/><W130/><G130/><T129/><D113/><U80/><E131/><V119/><F119/><W27/><G87/><T25/><D129/><U23/><E8/><V17/><F66/><N who="3" m="25099" /><G27/><T0/><D70/><U64/><E68/><V13/><F26/><W124/><G124/><T96/><D37/><U69/><E69/><V35/><F35/><W60/><G4/><T12/><D116/><U18/><E33/><V84/><F102/><W85/><G85/><T94/><D31/><U38/><E38/><V106/><F73/><W126/><G126/><T16/><D77/><U86/><E23/><V36/><F72/><W134/><G134/><T21/><REACH who="0" step="1"/><D96/><REACH who="0" ten="220,225,320,225" step="2"/><U78/><REACH who="1" step="1"/><E82/><REACH who="1" ten="220,215,320,225" step="2"/><V92/><F36/><W133/><G133/><T103/><D103/><U7/><E7/><V63/><F100/><W99/><G5/><T79/><D79/><U56/><AGARI ba="1,2" hai="18,22,24,49,55,56,62,64,71,78,80,86,88,91" machi="56" ten="20,5200,0" yaku="1,1,0,1,7,1,54,1,53,0" doraHai="30" doraHaiUra="89" who="1" fromWho="1" sc="220,-14,215,75,320,-27,225,-14" /><INIT seed="3,0,0,1,5,104" ten="206,290,293,211" oya="3" hai0="40,34,75,26,49,19,79,7,126,44,90,1,57" hai1="60,56,119,36,102,2,10,55,99,85,39,46,88" hai2="65,80,29,123,66,82,114,116,33,63,62,61,6" hai3="94,131,50,121,103,124,15,11,135,67,122,115,38"/><W32/><G115/><T48/><D126/><U5/><E119/><V24/><F116/><W128/><G38/><T45/><D57/><U112/><E112/><V125/><F114/><W87/><G135/><T69/><D69/><U41/><E39/><V97/><F6/><W59/><G124/><T54/><D90/><U72/><E72/><V9/><F9/><W92/><G32/><T8/><D19/><U106/><E88/><V100/><F63/><N who="3" m="38399" /><G50/><T109/><D109/><U76/><E85/><V77/><F77/><W133/><G133/><T25/><REACH who="0" step="1"/><D34/><REACH who="0" ten="196,290,293,211" step="2"/><U0/><E76/><V83/><F125/><W53/><G121/><T27/><D27/><U18/><E18/><V73/><F24/><W95/><G122/><T105/><D105/><U68/><E68/><V20/><F123/><W28/><G131/><T52/><D52/><U110/><E110/><V127/><F33/><W70/><G70/><T21/><D21/><U98/><E98/><V12/><F20/><W91/><G128/><T4/><D4/><U134/><E134/><V101/><F127/><W47/><G103/><T120/><D120/><U71/><E71/><V3/><F101/><W78/><G78/><T43/><D43/><U14/><AGARI ba="0,1" hai="0,2,5,10,14,36,41,46,55,56,60,99,102,106" machi="14" ten="20,1500,0" yaku="0,1,7,1" doraHai="104" who="1" fromWho="1" sc="196,-4,290,25,293,-4,211,-7" owari="192,-30.8,315,41.5,289,8.9,204,-19.6" /></mjloggm>