<mjloggm ver="2.3"><GO type="225" lobby="0"/><UN n0="%6D%75%75%6D%75%72%61" n1="%4D%50%43%32%38%30%30" n2="%54%4F%52" n3="%E3%82%B5%E3%83%AB%E3%82%B7%E3%83%B3" dan="17,16,17,16" rate="2191.64,2126.51,2249.07,2098.05" sx="F,M,M,M"/><TAIKYOKU oya="0"/><INIT seed="0,0,0,0,1,32" ten="250,250,250,250" oya="0" hai0="24,124,89,8,111,76,29,126,117,35,88,34,90" hai1="119,121,0,110,50,18,30,100,82,31,107,49,57" hai2="72,11,23,7,16,130,36,26,27,73,9,104,75" hai3="112,93,113,10,48,64,108,83,98,61,67,17,109"/><T62/><D117/><U37/><E119/><V106/><F36/><W1/><G48/><T118/><D118/><U42/><E107/><V63/><F130/><W132/><G132/><T54/><D35/><U134/><E100/><V92/><F27/><W122/><G122/><T96/><D111/><N who="3" m="42569" /><G83/><T3/><D76/><U59/><E110/><V81/><F81/><W125/><G125/><N who="0" m="48235" /><D96/><U69/><E82/><V56/><F92/><W78/><G78/><T38/><D38/><U52/><E69/><V133/><F133/><W46/><G46/><T58/><D90/><U6/><E121/><V97/><F97/><W128/><G128/><T102/><D102/><U60/><E18/><V15/><REACH who="2" step="1"/><F11/><REACH who="2" ten="250,250,240,250" step="2"/><W33/><G93/><T116/><D116/><U5/><E134/><V45/><F45/><W79/><G98/><T51/><D51/><U94/><E94/><V14/><F14/><W41/><G112/><T74/><D74/><U47/><E37/><V39/><F39/><W129/><G113/><T12/><D3/><U123/><E123/><V84/><F84/><W53/><G1/><T80/><D80/><U105/><E0/><V55/><AGARI ba="0,1" hai="7,9,15,16,23,26,55,56,63,72,73,75,104,106" machi="55" ten="30,4000,0" yaku="1,1,0,1,54,1,53,0" doraHai="32" doraHaiUra="68" who="2" fromWho="2" sc="250,-20,250,-10,240,50,250,-10" /><INIT seed="1,0,0,5,1,116" ten="230,240,290,240" oya="1" hai0="48,96,119,84,60,32,25,59,104,125,28,113,89" hai1="75,66,133,58,114,97,135,26,88,53,54,50,127" hai2="24,55,81,4,43,94,61,77,93,102,126,67,8" hai3="39,41,63,71,108,82,40,44,105,7,132,38,11"/><U110/><E114/><V51/><F126/><W33/><G33/><T121/><D113/><U47/><E75/><V109/><F109/><W16/><G105/><T115/><D115/><U49/><E127/><V20/><F43/><W64/><G108/><T124/><D119/><U2/><E2/><V98/><F93/><W68/><G132/><N who="1" m="50762" /><E110/><V79/><F55/><W87/><G71/><T22/><D32/><U14/><E26/><V86/><F51/><W95/><G95/><T111/><D111/><U46/><E14/><V99/><F99/><W122/><G41/><T13/><D13/><U56/><E66/><V112/><F112/><W134/><G39/><T120/><D48/><U117/><E117/><V42/><F42/><W9/><G134/><T72/><D72/><U57/><E97/><V91/><F8/><W130/><G130/><T18/><D28/><U103/><E103/><V70/><REACH who="2" step="1"/><F4/><REACH who="2" ten="230,240,280,240" step="2"/><W90/><G7/><T0/><D96/><U106/><E106/><V52/><F52/><N who="1" m="20073" /><E50/><V65/><F65/><W6/><G6/><T78/><D104/><U76/><E49/><V30/><AGARI ba="0,1" hai="20,24,30,61,67,70,77,79,81,86,91,94,98,102" machi="30" ten="20,5200,0" yaku="1,1,0,1,7,1,53,1" doraHai="116" doraHaiUra="83" who="2" fromWho="2" sc="230,-13,240,-26,280,62,240,-13" /><INIT seed="2,0,0,2,3,89" ten="217,214,342,227" oya="2" hai0="41,94,11,87,6,118,26,59,66,82,116,27,72" hai1="96,60,5,47,52,55,117,97,7,132,39,18,80" hai2="114,20,124,0,133,19,122,62,34,130,53,12,121" hai3="25,91,69,106,33,125,65,71,70,3,113,42,2"/><V99/><F114/><W32/><G65/><T110/><D72/><U95/><E117/><N who="0" m="45161" /><D110/><U50/><E39/><V15/><F0/><N who="3" m="43" /><G25/><N who="0" m="9227" /><D41/><N who="1" m="24943" /><E132/><V86/><F34/><N who="3" m="13419" /><G91/><N who="0" m="53631" /><D82/><U98/><E80/><V90/><F133/><W104/><G42/><T105/><D105/><N who="3" m="40553" /><G125/><T119/><N who="0" m="45169" /><T38/><DORA hai="120" /><D38/><U51/><E18/><V30/><F124/><W83/><G83/><T56/><D66/><U14/><E14/><AGARI ba="0,0" hai="6,11,14,56,59" m="53631,9227,45169" machi="14" ten="40,2600,0" yaku="12,1,52,1" doraHai="89,120" who="0" fromWho="1" sc="217,26,214,-26,342,0,227,0" /><INIT seed="3,0,0,0,5,123" ten="243,188,342,227" oya="3" hai0="6,3,107,86,76,95,62,37,36,2,92,61,52" hai1="85,90,119,91,102,50,118,45,51,73,83,57,127" hai2="128,133,105,120,121,124,94,125,5,44,122,8,7" hai3="1,39,103,56,75,131,130,14,126,81,132,23,58"/><W112/><G112/><T24/><D107/><U32/><E32/><V34/><F133/><W68/><G1/><T79/><D24/><U82/><E127/><N who="2" m="48715" /><F128/><N who="3" m="49195" /><G132/><T111/><D52/><U100/><E57/><N who="3" m="22122" /><G39/><T116/><D86/><U13/><E13/><V69/><F105/><W53/><G68/><T20/><D20/><U21/><E73/><V134/><F134/><W104/><G53/><T74/><D74/><U41/><E21/><V72/><F69/><W35/><G35/><T40/><D40/><U108/><E108/><V84/><F72/><W71/><G71/><T15/><D111/><U33/><E33/><V11/><F34/><W26/><G126/><T12/><D6/><N who="2" m="2058" /><F44/><W10/><G10/><T42/><D42/><U60/><E41/><V109/><F109/><W4/><G14/><T110/><D110/><U48/><E45/><V47/><F47/><W30/><G4/><T117/><AGARI ba="0,0" hai="2,3,12,15,36,37,61,62,76,79,92,95,116,117" machi="117" ten="25,3200,0" yaku="0,1,22,2" doraHai="123" who="0" fromWho="0" sc="243,32,188,-8,342,-8,227,-16" owari="275,7.5,180,-32.0,334,43.4,211,-18.9" /></mjloggm>