<mjloggm ver="2.3"><GO type="225" lobby="0"/><UN n0="%E3%82%A2%E3%83%A1%E3%82%A2%E3%83%A9%E3%83%AC" n1="%28%EF%BF%A3%E2%96%BD%EF%BF%A3%29%CE%B4%E2%8C%92%E3%83%BB" n2="%74%2E%6F%2E%6F%2E%73" n3="%E9%80%86%E9%80%A3%E5%B8%AF%E3%81%AE%E9%AC%BC" dan="16,17,17,17" rate="2096.83,2267.82,2110.85,2123.01" sx="M,M,M,M"/><TAIKYOKU oya="0"/><INIT seed="0,0,0,3,1,45" ten="250,250,250,250" oya="0" hai0="57,5,15,67,31,123,44,78,9,125,10,76,128" hai1="22,43,89,84,112,26,74,58,88,117,61,3,66" hai2="49,27,14,116,113,118,50,6,11,30,121,1,70" hai3="72,120,115,29,135,40,21,54,33,2,77,130,0"/><T65/><D123/><U111/><E74/><V100/><F121/><W119/><G120/><T63/><D128/><U83/><E3/><V133/><F113/><W82/><G130/><T99/><D125/><U129/><E112/><V28/><F70/><W24/><G115/><T80/><D31/><U101/><E111/><V104/><F133/><W4/><G135/><T48/><D99/><U124/><E117/><N who="2" m="45163" /><F30/><W18/><G119/><T42/><D10/><U96/><E43/><V62/><F62/><W37/><G54/><T98/><D98/><U94/><E129/><V107/><F1/><W79/><G79/><T122/><D122/><U69/><E124/><V131/><F131/><W12/><G0/><T59/><D80/><U8/><E8/><V92/><F92/><W126/><G126/><T23/><D23/><U68/><REACH who="1" step="1"/><E89/><REACH who="1" ten="250,240,250,250" step="2"/><V64/><F100/><W35/><G2/><T90/><D90/><U41/><E41/><V46/><F11/><W38/><G40/><T34/><D34/><U108/><E108/><V95/><F104/><W105/><G105/><T47/><D42/><U109/><E109/><V132/><F107/><W97/><G35/><T93/><D9/><U16/><AGARI ba="0,1" hai="16,22,26,58,61,66,68,69,83,84,88,94,96,101" machi="16" ten="20,12000,2" yaku="1,1,0,1,7,1,54,2,53,1" doraHai="45" doraHaiUra="55" who="1" fromWho="1" sc="250,-60,240,130,250,-30,250,-30" /><INIT seed="1,0,0,1,5,124" ten="190,370,220,220" oya="1" hai0="53,111,98,86,110,32,80,92,35,68,89,77,34" hai1="82,12,105,94,54,133,70,50,65,75,25,2,59" hai2="61,96,104,109,43,135,90,0,103,64,119,118,85" hai3="47,71,5,69,10,78,7,20,22,28,134,60,57"/><U6/><E105/><V48/><F0/><W44/><G134/><T27/><D68/><U1/><E133/><V101/><F135/><W11/><G78/><T15/><D27/><U115/><E75/><V45/><F109/><W123/><G123/><T131/><D15/><U95/><E82/><V40/><F103/><W120/><G120/><T26/><D26/><U24/><E12/><V128/><F40/><W9/><G28/><T4/><D4/><U114/><E65/><V56/><REACH who="2" step="1"/><F128/><REACH who="2" ten="190,370,210,220" step="2"/><W87/><G5/><T79/><D131/><U52/><E6/><V18/><F18/><W67/><G7/><T74/><D79/><U31/><E1/><V19/><F19/><W3/><G3/><T107/><REACH who="0" step="1"/><D53/><REACH who="0" ten="180,370,210,220" step="2"/><N who="1" m="32183" /><E2/><V112/><F112/><W30/><G30/><T72/><D72/><U83/><E31/><V121/><F121/><W55/><G55/><T39/><D39/><U132/><E54/><V49/><F49/><W88/><G71/><T130/><D130/><U91/><E52/><V33/><F33/><W93/><REACH who="3" step="1"/><G69/><REACH who="3" ten="180,370,210,210" step="2"/><T63/><D63/><U99/><E70/><V126/><F126/><W36/><G36/><T16/><D16/><U62/><E132/><V113/><F113/><W97/><G97/><T117/><D117/><U58/><E114/><V129/><F129/><W102/><G102/><AGARI ba="0,3" hai="32,34,35,74,77,80,86,89,92,98,102,107,110,111" machi="102" ten="50,6400,0" yaku="1,1,24,2,53,0" doraHai="124" doraHaiUra="42" who="0" fromWho="3" sc="180,94,370,0,210,0,210,-64" /><INIT seed="2,0,0,2,0,123" ten="274,370,210,146" oya="2" hai0="122,72,45,109,67,119,76,117,69,32,8,10,135" hai1="112,61,95,75,48,4,14,118,85,51,46,57,33" hai2="42,21,3,107,129,77,64,89,28,36,24,73,78" hai3="31,130,1,99,126,81,34,49,124,93,86,88,0"/><V114/><F114/><W52/><G130/><T20/><D122/><U128/><E75/><V108/><F3/><W15/><G34/><T133/><D32/><U7/><E33/><V38/><F107/><W30/><G0/><T43/><D109/><U91/><E118/><N who="0" m="45065" /><D20/><U90/><E128/><V25/><F129/><W60/><G1/><T41/><D67/><N who="1" m="39343" /><E14/><V39/><F64/><W132/><G132/><N who="0" m="50763" /><D69/><U106/><E106/><V94/><F42/><N who="0" m="15882" /><D45/><U9/><E46/><V100/><F108/><W98/><G15/><T55/><D55/><U56/><E7/><V127/><F21/><W16/><G60/><T92/><D92/><U12/><E95/><V27/><F94/><W104/><G104/><T120/><D120/><U53/><E9/><N who="0" m="3689" /><D72/><U121/><E112/><V66/><F73/><W83/><G99/><T19/><D19/><U110/><E53/><V65/><F65/><W102/><G16/><T115/><D115/><U74/><E110/><V23/><F66/><W35/><G35/><T79/><AGARI ba="0,0" hai="76,79" m="3689,15882,50763,45065" machi="79" ten="40,8000,1" yaku="28,2,12,1,20,1" doraHai="123" who="0" fromWho="0" sc="274,80,370,-20,210,-40,146,-20" /><INIT seed="3,0,0,2,1,84" ten="354,350,170,126" oya="3" hai0="124,103,118,75,82,97,106,15,131,6,77,85,134" hai1="69,129,126,102,94,54,122,67,4,135,113,44,19" hai2="128,28,63,95,43,111,78,90,92,2,91,93,16" hai3="79,30,76,49,127,31,37,64,104,3,71,62,58"/><W109/><G127/><T21/><D118/><U70/><E113/><V57/><F2/><W101/><G3/><T23/><D124/><U46/><E126/><V120/><F111/><W52/><G109/><T34/><D34/><U7/><E122/><V133/><F28/><W33/><G30/><T110/><D110/><U99/><E135/><V40/><F78/><W86/><G37/><T72/><D134/><U50/><E129/><V65/><F133/><W132/><G132/><T47/><D131/><U11/><E67/><V35/><F35/><W26/><REACH who="3" step="1"/><G86/><REACH who="3" ten="354,350,170,116" step="2"/><T100/><D85/><U32/><E32/><V14/><F128/><W48/><G48/><T1/><D1/><U130/><E130/><V25/><F120/><W114/><G114/><T123/><D123/><U83/><E50/><V13/><F25/><W42/><G42/><N who="2" m="15913" /><F13/><W24/><G24/><T121/><D121/><U38/><E38/><V117/><F117/><W27/><G27/><T119/><D119/><U105/><E99/><AGARI ba="0,1" hai="26,31,33,49,52,58,62,64,71,76,79,99,101,104" machi="99" ten="40,12000,1" yaku="1,1,25,2,54,1,53,1" doraHai="84" doraHaiUra="51" who="3" fromWho="1" sc="354,0,350,-120,170,0,116,130" /><INIT seed="3,1,0,0,4,41" ten="354,230,170,246" oya="3" hai0="3,128,110,72,94,89,104,2,30,95,117,9,121" hai1="19,39,12,129,36,10,46,29,106,119,118,115,42" hai2="88,111,127,92,84,17,59,68,23,60,83,45,135" hai3="5,38,107,105,43,44,18,120,37,55,116,73,126"/><W47/><G116/><N who="1" m="44586" /><E106/><V103/><F111/><W124/><G120/><T28/><D110/><U131/><E115/><V11/><F127/><N who="3" m="48683" /><G73/><T90/><D9/><U108/><E108/><V76/><F135/><W75/><G75/><T133/><D72/><U125/><E125/><V123/><F123/><W69/><G69/><T1/><D117/><U82/><E29/><V100/><F68/><W16/><G5/><T62/><D62/><U97/><E97/><V80/><F11/><W51/><G38/><N who="1" m="14378" /><E82/><V112/><F112/><W54/><G54/><T77/><D121/><U70/><E70/><V63/><F45/><W56/><G56/><T87/><D77/><U101/><E101/><V49/><F49/><AGARI ba="1,0" hai="10,12,19,42,46,49,129,131" m="14378,44586" machi="49" ten="30,2000,0" yaku="12,1,52,1" doraHai="41" who="1" fromWho="2" sc="354,0,230,23,170,-23,246,0" owari="354,45.4,253,5.3,147,-35.3,246,-15.4" /></mjloggm>