<mjloggm ver="2.3"><GO type="225" lobby="0"/><UN n0="%E4%B8%89%E5%86%A0%E7%8E%8B%E3%83%BB%E5%B1%B1%E7%94%B0%E5%93%B2%E4%BA%BA" n1="%E3%81%82%E3%83%BC%E3%81%97" n2="%E2%91%A3%E9%81%BF%E9%81%8A%E6%88%AF%E3%80%90%E6%9D%B1%E5%8D%97%E3%80%91" n3="%E9%80%86%E9%80%A3%E5%B8%AF%E3%81%AE%E9%AC%BC" dan="16,16,16,16" rate="2105.37,2096.89,2100.14,2161.86" sx="M,M,M,M"/><TAIKYOKU oya="0"/><INIT seed="0,0,0,0,3,83" ten="250,250,250,250" oya="0" hai0="78,41,25,112,121,45,135,59,97,68,101,57,29" hai1="2,31,89,50,70,82,115,113,0,107,15,62,76" hai2="119,52,6,4,122,84,85,28,35,55,27,40,53" hai3="47,108,69,118,5,80,106,77,105,79,44,104,99"/><T22/><D112/><N who="1" m="43083" /><E107/><V134/><F122/><W43/><G69/><T30/><D121/><U95/><E31/><V8/><F119/><W1/><G118/><T133/><D68/><U21/><E50/><V11/><F40/><W39/><G108/><T16/><D78/><U54/><E15/><V132/><F11/><W81/><G47/><T66/><D30/><U124/><E21/><V48/><F6/><W111/><G111/><T71/><D71/><U120/><E124/><V17/><F17/><W72/><G99/><T103/><D29/><U128/><E128/><V126/><F48/><W110/><G110/><T131/><D131/><U117/><E117/><V38/><F38/><W36/><G36/><T92/><D103/><U58/><E70/><V96/><F96/><W61/><G61/><T32/><D32/><U123/><E120/><V7/><F7/><W88/><G88/><T109/><D109/><U60/><E60/><V75/><F75/><N who="3" m="43071" /><G106/><T63/><REACH who="0" step="1"/><D57/><REACH who="0" ten="240,250,250,250" step="2"/><U127/><E123/><V64/><F126/><W49/><G79/><T98/><D98/><N who="1" m="57711" /><E127/><V102/><F102/><W14/><G105/><T56/><D56/><U24/><E24/><V87/><REACH who="2" step="1"/><F64/><REACH who="2" ten="240,250,240,250" step="2"/><W116/><G116/><T9/><D9/><U3/><E3/><AGARI ba="0,2" hai="3,4,8,27,28,35,52,53,55,84,85,87,132,134" machi="3" ten="40,12000,2" yaku="1,1,2,1,52,3,54,1,53,0" doraHai="83" doraHaiUra="125" who="2" fromWho="1" sc="240,0,250,-120,240,140,250,0" /><INIT seed="1,0,0,1,2,72" ten="240,130,380,250" oya="1" hai0="4,75,130,104,82,17,6,2,112,60,97,78,61" hai1="127,113,99,103,68,121,83,20,34,74,38,118,88" hai2="105,133,65,110,70,117,19,107,37,71,14,69,49" hai3="128,89,50,79,91,53,93,106,28,98,15,125,0"/><U44/><E121/><V13/><F110/><W115/><G0/><T132/><D112/><U18/><E118/><V11/><F117/><W33/><G128/><T56/><D130/><U24/><E113/><V10/><F37/><W22/><G125/><T126/><D126/><U9/><E68/><V67/><F49/><W66/><G115/><T111/><D111/><U7/><E34/><V63/><F133/><W55/><G33/><T39/><D132/><U129/><E127/><V29/><F29/><W35/><G106/><T5/><D39/><U57/><E129/><V80/><F80/><W41/><G66/><T76/><D76/><U87/><E74/><V100/><F100/><W73/><G35/><T31/><D31/><U16/><E57/><V27/><F27/><W109/><G109/><T85/><D2/><U40/><E18/><V42/><F42/><W51/><G91/><T43/><D43/><U84/><E84/><V131/><F131/><W94/><G94/><T62/><D17/><U46/><E46/><V52/><F71/><W26/><G15/><T30/><D30/><U25/><E25/><V77/><F19/><W54/><REACH who="3" step="1"/><G41/><REACH who="3" ten="240,130,380,240" step="2"/><T135/><D135/><U108/><E108/><V36/><F107/><W64/><G64/><T21/><D104/><N who="1" m="63615" /><E9/><V95/><F11/><W45/><G45/><T90/><D21/><U58/><E58/><V23/><F10/><W102/><G102/><T59/><REACH who="0" step="1"/><D97/><REACH who="0" ten="230,130,380,240" step="2"/><U123/><E123/><V116/><F23/><W48/><G48/><T86/><D86/><U3/><E3/><V119/><F36/><W1/><G1/><RYUUKYOKU ba="0,2" sc="230,10,130,10,380,-30,240,10" hai0="4,5,6,56,59,60,61,62,75,78,82,85,90" hai1="7,16,20,24,38,40,44,83,87,88" hai3="22,26,28,50,51,53,54,55,73,79,89,93,98" /><INIT seed="1,1,2,3,2,29" ten="240,140,350,250" oya="1" hai0="53,33,3,91,127,34,11,108,41,68,22,107,52" hai1="50,59,105,62,18,82,5,8,58,71,85,110,73" hai2="75,124,69,1,79,84,109,21,55,60,19,35,70" hai3="100,24,54,17,87,117,113,25,132,92,133,126,14"/><U26/><E105/><V104/><F35/><N who="0" m="13322" /><D68/><U97/><E73/><V61/><F104/><W83/><G113/><T65/><D65/><U37/><E37/><V76/><F75/><W56/><G126/><T102/><D41/><U4/><E97/><V63/><F124/><W74/><G117/><T119/><D119/><U7/><E71/><V134/><F1/><W95/><G74/><T48/><D127/><U103/><E103/><V47/><F70/><W6/><G6/><T116/><D116/><U10/><E110/><V64/><F109/><W46/><G46/><T51/><D107/><U42/><E42/><V115/><F115/><W67/><G67/><T30/><D102/><U31/><E50/><N who="0" m="18985" /><D108/><U122/><E122/><V12/><F69/><W93/><G100/><T118/><D118/><U78/><E18/><V114/><F64/><W9/><G133/><T120/><D91/><U86/><E85/><V101/><F134/><W38/><G38/><T121/><D22/><N who="1" m="15831" /><E59/><V111/><F101/><W20/><G132/><T2/><D30/><U129/><E129/><V13/><F111/><W94/><N who="3" m="23552" /><DORA hai="135" /><W131/><G20/><T90/><D90/><U27/><E27/><V39/><F39/><W72/><G131/><T106/><D106/><U16/><E16/><V57/><F114/><W0/><G72/><T89/><D89/><U32/><E32/><V96/><F21/><W125/><G125/><T45/><D45/><U40/><E40/><V80/><F47/><W81/><G0/><N who="0" m="43" /><D11/><U23/><E23/><V130/><F19/><W77/><G83/><T28/><D28/><RYUUKYOKU ba="1,2" sc="240,10,140,10,350,-30,250,10" hai0="52,53,120,121" hai1="4,5,7,8,10,58,62,78,82,86" hai3="9,14,17,24,25,54,56,77,81,87" /><INIT seed="1,2,2,5,4,101" ten="250,150,320,260" oya="1" hai0="127,78,133,75,11,12,124,77,67,51,79,126,20" hai1="64,82,22,37,34,4,130,113,71,88,73,60,89" hai2="42,24,50,44,111,13,28,23,40,48,31,29,8" hai3="94,84,91,33,27,32,43,58,63,100,62,72,90"/><U70/><E34/><V7/><REACH who="2" step="1"/><F111/><REACH who="2" ten="250,150,310,260" step="2"/><W45/><G33/><T132/><D75/><U109/><E113/><V10/><F10/><W56/><G72/><T112/><D112/><U74/><E109/><V76/><F76/><W86/><G32/><T47/><D20/><U118/><E118/><V103/><F103/><W92/><G100/><T46/><D78/><U52/><E37/><V128/><F128/><W6/><G6/><N who="0" m="3191" /><D77/><U1/><E130/><V65/><F65/><W25/><G43/><N who="0" m="25055" /><D79/><U114/><E114/><V87/><F87/><W21/><G21/><T117/><D67/><U69/><E22/><V106/><F106/><W49/><G45/><AGARI ba="2,3" hai="7,8,13,23,24,28,29,31,40,42,44,45,48,50" machi="45" ten="40,12000,2" yaku="21,2,9,1,8,1,53,3" doraHai="101" doraHaiUra="26" who="2" fromWho="3" sc="250,0,150,0,310,156,260,-126" /><INIT seed="2,0,0,3,3,133" ten="250,150,466,134" oya="2" hai0="51,114,95,61,106,92,5,116,21,67,60,99,74" hai1="111,53,36,86,25,54,85,57,42,108,129,62,55" hai2="121,37,89,70,7,19,97,96,65,131,0,16,68" hai3="104,79,102,30,120,14,23,69,27,15,115,1,44"/><V135/><F121/><W66/><G115/><T98/><D74/><U109/><E25/><V10/><F135/><W12/><G120/><T48/><D106/><U3/><E3/><V29/><F37/><W64/><G1/><T34/><D34/><U130/><E86/><V112/><F112/><W103/><G79/><T13/><D116/><U24/><E24/><V39/><F39/><W47/><G69/><T105/><D105/><U80/><E85/><V101/><F29/><W9/><G9/><T11/><D21/><U43/><E80/><V33/><F33/><W45/><REACH who="3" step="1"/><G104/><REACH who="3" ten="250,150,466,124" step="2"/><T91/><D114/><U83/><E83/><V58/><F70/><W32/><G32/><T90/><D60/><U72/><E72/><V117/><F68/><AGARI ba="0,1" hai="5,11,13,48,51,61,67,68,90,91,92,95,98,99" machi="68" ten="30,2000,0" yaku="7,1,9,1" doraHai="133" who="0" fromWho="2" sc="250,30,150,0,466,-20,124,0" /><INIT seed="3,0,0,4,3,104" ten="280,150,446,124" oya="3" hai0="4,21,71,46,41,27,20,57,113,103,39,96,1" hai1="128,24,58,3,129,119,26,120,54,29,49,72,32" hai2="62,106,110,44,40,81,86,61,98,76,59,87,47" hai3="22,5,7,15,56,14,73,48,6,126,121,83,70"/><W63/><G121/><T109/><D71/><U43/><E120/><V67/><F110/><W78/><G126/><T38/><D109/><U18/><E72/><V117/><F117/><W116/><G116/><T100/><D1/><U65/><E119/><V95/><F106/><W130/><G130/><N who="1" m="50282" /><E3/><V17/><F47/><W28/><G48/><T68/><D4/><U105/><E105/><V52/><F17/><W31/><G70/><T60/><D20/><N who="1" m="13335" /><E43/><V51/><F87/><W30/><REACH who="3" step="1"/><G22/><REACH who="3" ten="280,150,446,114" step="2"/><T53/><D68/><U23/><E65/><AGARI ba="0,1" hai="5,6,7,14,15,28,30,31,56,63,65,73,78,83" machi="65" ten="40,7700,0" yaku="1,1,2,1,52,1,53,0" doraHai="104" doraHaiUra="92" who="3" fromWho="1" sc="280,0,150,-77,446,0,114,87" /><INIT seed="3,1,0,5,5,122" ten="280,73,446,201" oya="3" hai0="24,77,67,26,10,92,68,12,33,60,14,49,93" hai1="47,127,2,34,96,135,57,82,128,35,134,0,124" hai2="98,22,36,87,84,83,43,39,50,30,90,44,38" hai3="53,70,1,37,80,112,121,94,55,102,56,65,117"/><W126/><G121/><T8/><D77/><U62/><E47/><V130/><F130/><W66/><G117/><T76/><D76/><U115/><E82/><V51/><F98/><W118/><G1/><N who="1" m="618" /><E96/><V101/><F101/><W86/><G118/><T58/><D33/><N who="1" m="12299" /><E57/><V15/><F87/><W132/><G37/><T133/><D133/><N who="1" m="50699" /><E62/><V110/><F51/><W113/><G70/><T29/><D49/><U64/><E64/><V78/><F90/><W5/><G56/><T108/><D93/><U71/><E71/><V109/><F30/><W111/><G55/><T21/><D29/><U59/><E59/><V105/><F105/><W103/><G53/><T75/><D92/><U25/><E25/><V120/><F120/><W91/><G66/><T99/><D26/><U54/><E54/><V89/><F89/><W116/><G65/><T106/><D24/><U41/><E41/><V20/><F15/><W88/><G91/><T40/><D14/><U100/><E100/><V6/><F6/><W61/><G5/><T31/><D58/><U16/><E115/><V46/><F44/><W4/><G113/><T123/><D40/><U13/><E128/><V3/><F3/><W72/><G112/><T63/><D63/><U9/><E127/><V32/><F32/><W104/><G126/><T129/><D60/><U7/><E124/><V42/><F43/><W28/><G103/><T74/><D67/><U18/><E7/><V45/><F46/><W48/><G4/><T69/><D69/><U131/><E131/><V11/><F42/><W27/><G102/><T97/><D129/><RYUUKYOKU ba="1,0" sc="280,-10,73,30,446,-10,201,-10" hai1="9,13,16,18" owari="270,7.0,103,-39.7,436,53.6,191,-20.9" /></mjloggm>