<mjloggm ver="2.3"><GO type="225" lobby="0"/><UN n0="%E7%99%BD%E9%9B%AA%E4%B9%83%E6%84%9B" n1="%28%EF%BF%A3%E2%96%BD%EF%BF%A3%29%CE%B4%E2%8C%92%E3%83%BB" n2="%E3%81%B8%E3%82%80%E3%81%B8%E3%82%80%EF%BC%92%E5%8F%B7" n3="%E5%B0%8F%E9%B3%A5%E9%81%8A%E7%B7%B4%E7%84%A1%32%31%E6%AD%B3" dan="16,16,16,16" rate="2071.72,2118.50,2137.87,2193.90" sx="F,M,M,F"/><TAIKYOKU oya="0"/><INIT seed="0,0,0,2,4,58" ten="250,250,250,250" oya="0" hai0="82,57,123,69,46,15,124,20,73,60,120,97,54" hai1="13,100,115,104,40,30,5,118,26,64,3,83,128" hai2="52,70,41,96,31,76,11,113,87,29,62,42,34" hai3="103,59,55,48,121,2,18,9,47,28,95,36,14"/><T109/><D124/><U131/><E40/><N who="2" m="15467" /><F70/><W106/><G106/><T72/><D46/><U24/><E83/><N who="2" m="47591" /><F34/><W4/><G121/><T56/><D69/><U117/><E64/><V94/><F11/><W49/><G36/><T16/><D109/><U61/><E100/><N who="2" m="60439" /><F113/><W81/><G28/><T86/><D97/><U102/><E104/><V50/><F62/><W65/><G65/><T111/><D111/><U1/><E61/><V67/><F67/><W23/><G81/><T35/><D35/><N who="1" m="20935" /><E102/><V44/><AGARI ba="0,0" hai="29,31,44,50,52" m="60439,47591,15467" machi="44" ten="30,2000,0" yaku="8,1,54,1" doraHai="58" who="2" fromWho="2" sc="250,-10,250,-5,250,20,250,-5" /><INIT seed="1,0,0,3,1,67" ten="240,245,270,245" oya="1" hai0="39,6,31,40,0,1,130,106,90,66,112,96,43" hai1="127,63,98,14,87,71,109,107,92,37,49,94,82" hai2="36,86,117,38,110,75,69,35,55,88,54,74,105" hai3="5,42,80,53,17,124,103,28,91,115,26,120,119"/><U34/><E37/><V132/><F117/><W61/><G115/><T29/><D112/><U19/><E127/><V27/><F105/><W126/><G120/><T65/><D130/><U25/><E109/><V46/><F69/><W116/><G5/><T4/><D96/><U100/><E49/><V125/><F110/><W68/><G42/><T135/><D90/><U58/><E34/><V77/><F77/><W44/><G17/><T102/><D39/><U2/><E25/><V78/><F78/><W22/><G103/><T95/><D95/><U3/><E3/><V50/><F125/><N who="3" m="48235" /><G44/><T20/><D20/><U85/><E2/><V33/><F132/><W8/><G8/><T62/><D62/><U10/><E71/><V21/><F36/><W32/><G53/><T73/><D102/><U12/><E12/><V23/><F23/><W7/><G7/><T15/><D15/><U133/><E133/><V16/><F38/><W84/><G32/><T114/><D135/><U113/><E113/><V128/><F128/><W70/><G61/><T30/><D30/><U47/><E47/><V97/><F33/><W72/><G72/><T122/><D114/><U59/><E59/><V76/><F35/><W131/><G131/><T134/><D134/><U83/><E87/><V52/><F75/><W13/><G13/><T48/><D73/><U121/><E121/><V111/><F111/><W51/><G51/><T45/><D122/><U11/><E11/><V99/><F74/><W56/><G56/><T64/><D45/><U18/><E10/><V89/><F46/><W24/><G24/><RYUUKYOKU ba="0,0" sc="240,-10,245,-10,270,-10,245,30" hai3="22,26,28,68,70,80,84,91,116,119" /><INIT seed="2,1,0,4,1,43" ten="230,235,260,275" oya="2" hai0="103,106,34,122,82,52,64,62,24,132,31,125,7" hai1="104,40,21,113,78,16,121,100,131,126,56,13,36" hai2="134,83,110,93,94,133,41,0,27,46,115,114,108" hai3="29,38,5,1,37,30,33,53,68,15,6,117,17"/><V111/><F0/><W116/><G68/><T135/><D122/><U26/><E113/><N who="2" m="43019" /><F27/><W22/><G53/><T96/><D125/><U118/><E118/><V80/><F93/><W28/><G33/><T35/><D7/><U44/><E121/><V77/><F94/><W39/><REACH who="3" step="1"/><G1/><REACH who="3" ten="230,235,260,265" step="2"/><T91/><D35/><U73/><E126/><V47/><F80/><W55/><G55/><T9/><D52/><U20/><E131/><V10/><F41/><W127/><G127/><T66/><D66/><U71/><E71/><V60/><F60/><W23/><G23/><T128/><D128/><U8/><E21/><V32/><F32/><W49/><G49/><T98/><D9/><U57/><E8/><V124/><F10/><W97/><G97/><T2/><D2/><U18/><E20/><V87/><F124/><W4/><AGARI ba="1,1" hai="4,5,6,15,17,22,28,29,30,37,38,39,116,117" machi="4" ten="40,8000,1" yaku="1,1,0,1,29,2,53,0" doraHai="43" doraHaiUra="48" who="3" fromWho="3" sc="230,-21,235,-21,260,-41,265,93" /><INIT seed="3,0,0,5,2,119" ten="209,214,219,358" oya="3" hai0="68,107,109,78,98,61,41,80,81,79,13,63,74" hai1="135,123,73,36,47,42,5,30,92,87,69,85,2" hai2="19,102,83,121,122,129,89,95,29,32,56,114,86" hai3="4,20,127,66,118,21,51,37,71,111,53,112,18"/><W115/><G118/><T26/><D41/><U0/><E69/><V106/><F114/><W91/><G20/><T108/><D26/><U134/><E73/><V50/><F129/><W117/><G4/><T6/><D6/><U22/><E123/><N who="2" m="47115" /><F19/><W105/><G21/><T34/><D34/><U11/><E0/><V70/><F70/><W55/><G18/><T64/><D13/><U40/><E40/><V9/><F9/><W103/><G71/><T90/><D61/><U72/><E72/><V33/><F106/><W133/><G105/><T10/><D10/><U104/><E104/><V125/><F125/><W60/><G127/><T75/><D90/><U8/><E8/><V25/><F33/><W43/><G37/><T131/><D131/><U44/><E44/><V77/><F102/><AGARI ba="0,0" hai="63,64,68,74,75,78,79,80,81,98,102,107,108,109" machi="102" ten="40,5200,0" yaku="9,1,23,2" doraHai="119" who="0" fromWho="2" sc="209,52,214,0,219,-52,358,0" owari="261,6.1,214,-18.6,167,-33.3,358,45.8" /></mjloggm>