<mjloggm ver="2.3"><GO type="225" lobby="0"/><UN n0="%E3%83%A9%E3%83%96%E3%83%AC%E3%83%BC" n1="%E8%B6%85%E7%B4%9A%E9%B3%B3%E5%87%B0" n2="%E6%B8%A1%E5%A4%A9%E8%97%8D" n3="%E3%81%BF%E3%81%BF%E3%81%9A" dan="18,16,16,16" rate="2170.74,2137.01,2108.76,2132.77" sx="M,M,M,M"/><TAIKYOKU oya="0"/><INIT seed="0,0,0,0,4,33" ten="250,250,250,250" oya="0" hai0="52,82,90,105,78,113,45,63,41,6,119,103,104" hai1="79,80,36,86,127,40,51,25,43,55,114,121,70" hai2="24,130,107,123,37,20,117,58,84,101,72,94,73" hai3="46,39,0,50,100,66,38,134,118,96,111,135,95"/><T2/><D113/><U131/><E121/><V129/><F123/><W65/><G118/><T5/><D119/><U4/><E70/><V133/><F117/><W109/><G0/><T44/><D90/><U125/><E114/><V106/><F37/><N who="3" m="13835" /><G66/><T92/><D92/><U57/><E131/><N who="2" m="50187" /><F58/><W35/><G65/><T56/><D6/><U53/><E4/><V120/><F120/><W31/><G31/><T15/><D15/><U132/><E132/><N who="3" m="50730" /><G35/><T89/><D89/><U61/><E25/><V21/><F133/><W17/><G17/><T48/><D45/><N who="1" m="27887" /><E36/><V128/><F128/><W126/><G126/><AGARI ba="0,0" hai="40,43,55,57,61,79,80,86,125,126,127" m="27887" machi="126" ten="30,1000,0" yaku="18,1" doraHai="33" who="1" fromWho="3" sc="250,0,250,10,250,0,250,-10" /><INIT seed="1,0,0,1,0,90" ten="250,260,250,240" oya="1" hai0="118,69,60,95,98,74,129,10,14,92,101,32,73" hai1="44,127,126,117,56,128,116,81,5,78,52,16,125" hai2="15,67,88,19,42,108,121,50,26,96,49,23,39" hai3="77,38,66,131,45,130,9,87,59,97,102,109,80"/><U25/><E128/><N who="3" m="49194" /><G9/><T20/><D32/><U18/><E5/><V94/><F108/><W55/><G109/><T2/><D118/><N who="1" m="45675" /><E44/><V51/><F121/><W99/><G66/><T91/><D20/><U72/><E25/><V68/><F39/><W0/><G0/><T107/><D2/><U35/><E35/><V7/><F68/><W6/><G6/><T40/><D40/><U85/><E72/><V134/><F134/><W8/><G8/><T71/><D71/><U27/><E27/><V132/><F132/><W70/><G70/><T113/><D113/><U53/><E53/><V122/><F122/><W105/><G99/><T83/><D74/><U17/><E17/><V36/><F36/><W28/><G28/><T3/><D73/><U1/><E1/><V62/><F67/><W115/><G115/><T93/><D3/><U84/><E84/><V114/><F114/><W4/><G4/><N who="0" m="3399" /><D129/><U120/><E120/><V54/><F42/><N who="3" m="22743" /><G55/><T65/><D65/><U43/><E43/><V64/><F64/><W41/><G41/><T103/><D69/><U112/><E112/><V63/><F54/><W123/><G123/><T133/><D133/><U82/><E82/><V12/><F7/><W100/><G59/><T110/><D110/><U11/><E11/><V58/><F58/><W79/><G87/><N who="0" m="50687" /><D60/><AGARI ba="0,0" hai="16,18,52,56,60,78,81,85,125,126,127" m="45675" machi="60" ten="40,7700,0" yaku="18,1,54,2" doraHai="90" who="1" fromWho="0" sc="250,-77,260,77,250,0,240,0" /><AGARI ba="0,0" hai="12,15,19,23,26,49,50,51,60,62,63,88,94,96" machi="60" ten="40,5200,0" yaku="8,1,52,1,54,1" doraHai="90" who="2" fromWho="0" sc="173,-52,337,0,250,52,240,0" /><INIT seed="1,1,0,4,0,106" ten="121,337,302,240" oya="1" hai0="26,9,36,60,135,91,134,131,17,129,107,49,5" hai1="55,68,52,92,7,15,64,56,122,13,30,74,14" hai2="85,42,37,111,110,118,112,29,95,63,33,45,2" hai3="121,22,41,21,50,126,34,31,97,24,53,51,86"/><U54/><E122/><V47/><F118/><W44/><G121/><T43/><D107/><U40/><E68/><V78/><F2/><W133/><G133/><N who="0" m="50699" /><D60/><N who="1" m="37895" /><E74/><V127/><F127/><W104/><G126/><T93/><D93/><U101/><E40/><V132/><F132/><W116/><G116/><T10/><D49/><U6/><E30/><V32/><F112/><W123/><G123/><T67/><D67/><U27/><E27/><V72/><F72/><W0/><G0/><T19/><D43/><U120/><E120/><V94/><F45/><W48/><G86/><T79/><D79/><U103/><E92/><N who="2" m="35371" /><F29/><W83/><G83/><T28/><D91/><U115/><E115/><V76/><F63/><W1/><G1/><N who="0" m="175" /><D36/><U108/><E108/><N who="2" m="41515" /><F76/><W46/><G50/><T35/><D10/><U12/><N who="1" m="3072" /><DORA hai="8" /><U69/><E69/><V16/><F78/><W100/><AGARI ba="1,0" hai="21,22,24,31,34,41,44,46,48,51,53,97,100,104" machi="100" ten="30,1100,0" yaku="0,1" doraHai="106,8" who="3" fromWho="3" sc="121,-4,337,-6,302,-4,240,14" /><INIT seed="2,0,0,0,3,124" ten="117,331,298,254" oya="2" hai0="67,100,125,114,117,103,59,116,42,71,25,122,33" hai1="37,126,46,84,106,115,48,43,76,4,51,70,26" hai2="64,80,111,108,128,49,87,20,52,57,120,129,112" hai3="73,105,102,38,14,47,69,65,60,53,58,6,131"/><V110/><F120/><W98/><G73/><T118/><D122/><U95/><E115/><V17/><F64/><W12/><G6/><T0/><D114/><U41/><E106/><V19/><F112/><W130/><G12/><T55/><D0/><U79/><E70/><V107/><F107/><W45/><G14/><T91/><D125/><U121/><E126/><V88/><F17/><W72/><G72/><T27/><D71/><U63/><E121/><V18/><F18/><W134/><G134/><T56/><D42/><U97/><E4/><V99/><F99/><W44/><REACH who="3" step="1"/><G38/><REACH who="3" ten="117,331,298,244" step="2"/><T54/><D67/><U40/><E37/><V31/><F31/><W94/><G94/><T36/><D36/><U89/><E95/><V61/><F49/><AGARI ba="0,1" hai="44,45,47,49,53,58,60,65,69,98,102,105,130,131" machi="49" ten="40,5200,0" yaku="1,1,52,2,53,0" doraHai="124" doraHaiUra="32" who="3" fromWho="2" sc="117,0,331,0,298,-52,244,62" /><INIT seed="3,0,0,0,3,43" ten="117,331,246,306" oya="3" hai0="77,19,27,118,16,37,26,24,135,129,91,62,114" hai1="92,11,107,84,74,6,128,90,12,44,110,72,15" hai2="102,111,120,100,42,96,46,3,38,49,80,47,97" hai3="14,53,130,31,33,28,117,93,95,22,81,50,85"/><W75/><G75/><T2/><D118/><U51/><E107/><V69/><F69/><W13/><G130/><T121/><D129/><U76/><E128/><V18/><F3/><W101/><G117/><T55/><D37/><U34/><E34/><V132/><F111/><W56/><G33/><T52/><D2/><U48/><E110/><V66/><F66/><W98/><G95/><T30/><D77/><U32/><E32/><V108/><F108/><W59/><G59/><T17/><D121/><U36/><E12/><V87/><F132/><W83/><G83/><T134/><D62/><U40/><REACH who="1" step="1"/><E76/><REACH who="1" ten="117,321,246,306" step="2"/><V20/><F120/><W29/><G22/><T10/><D10/><U0/><E0/><V71/><F71/><W106/><G106/><T119/><D119/><U60/><E60/><V39/><F100/><W116/><G116/><T73/><D73/><AGARI ba="0,1" hai="6,11,15,36,40,44,48,51,72,73,74,84,90,92" machi="73" ten="40,5200,0" yaku="1,1,52,1,53,1" doraHai="43" doraHaiUra="68" who="1" fromWho="0" sc="117,-52,321,62,246,0,306,0" owari="65,-43.5,383,48.3,246,-15.4,306,10.6" /></mjloggm>