<mjloggm ver="2.3"><GO type="225" lobby="0"/><UN n0="%E3%82%BC%E3%83%AB%E3%83%80%E3%81%AE%E4%BC%9D%E8%AA%AC" n1="%E3%81%82%E3%81%B9%E3%81%99%E3%81%91" n2="%E4%B8%89%E5%86%A0%E7%8E%8B%E3%83%BB%E5%B1%B1%E7%94%B0%E5%93%B2%E4%BA%BA" n3="%6E%69%63%6B%6C%6F%77" dan="16,16,16,16" rate="2208.99,2122.14,2133.13,2124.48" sx="M,M,M,F"/><TAIKYOKU oya="0"/><INIT seed="0,0,0,3,4,17" ten="250,250,250,250" oya="0" hai0="107,76,83,93,106,67,121,117,37,9,51,124,109" hai1="72,28,101,116,13,58,57,104,133,41,94,128,90" hai2="10,43,118,68,99,119,0,3,1,55,110,108,69" hai3="20,66,64,95,63,134,78,44,14,80,112,132,49"/><T16/><D37/><U22/><E116/><N who="2" m="44587" /><F43/><W120/><G112/><T12/><D117/><U33/><E72/><V74/><F74/><W54/><G120/><T32/><D121/><U40/><E33/><V60/><F55/><W100/><G100/><T73/><D32/><U130/><E133/><V24/><F99/><W47/><G95/><T56/><D124/><U36/><E101/><V86/><F86/><W103/><G103/><T7/><D109/><N who="2" m="42090" /><F10/><W82/><G47/><T114/><D114/><U34/><E104/><V21/><F60/><W71/><G66/><T29/><D93/><U19/><E36/><V105/><F105/><W115/><G115/><T45/><D29/><AGARI ba="0,0" hai="0,1,3,21,24,29,68,69" m="42090,44587" machi="29" ten="40,5200,0" yaku="12,1,14,1,52,1" doraHai="17" who="2" fromWho="0" sc="250,-52,250,0,250,52,250,0" /><INIT seed="1,0,0,4,1,133" ten="198,250,302,250" oya="1" hai0="95,34,106,13,21,44,45,19,59,42,66,129,7" hai1="65,111,25,85,8,35,64,93,38,80,115,91,48" hai2="20,54,96,131,75,51,50,57,101,112,86,102,77" hai3="53,104,78,89,81,98,43,73,5,76,90,63,46"/><U88/><E115/><V72/><F112/><W71/><G78/><T40/><D106/><U105/><E38/><V22/><F131/><W60/><G60/><T23/><D34/><U31/><E105/><V94/><F75/><W125/><G5/><T92/><D129/><U3/><E111/><V18/><F72/><W24/><G24/><T17/><D7/><U82/><E3/><V122/><F122/><W12/><G12/><T114/><D114/><U83/><E8/><V68/><F68/><W124/><G53/><T74/><D74/><U110/><E110/><V108/><F108/><W61/><G61/><T37/><D59/><U126/><E126/><N who="3" m="48746" /><G98/><T127/><D127/><U100/><E100/><V6/><F101/><W121/><G121/><T41/><D66/><U10/><E10/><V26/><F26/><W130/><G104/><T47/><REACH who="0" step="1"/><D37/><REACH who="0" ten="188,250,302,250" step="2"/><U49/><E65/><V2/><F6/><W79/><G130/><T14/><AGARI ba="0,1" hai="13,14,17,19,21,23,40,41,42,44,45,47,92,95" machi="14" ten="30,8000,1" yaku="1,1,2,1,0,1,9,1,8,1,53,0" doraHai="133" doraHaiUra="118" who="0" fromWho="0" sc="188,90,250,-40,302,-20,250,-20" /><INIT seed="2,0,0,5,1,44" ten="278,210,282,230" oya="2" hai0="82,117,17,80,19,52,24,114,128,100,129,105,84" hai1="1,104,42,74,87,85,110,76,130,25,101,34,43" hai2="133,15,20,67,18,41,78,45,68,58,55,4,116" hai3="3,29,13,31,62,61,127,54,71,51,89,103,32"/><V112/><F133/><W97/><G3/><T21/><D114/><U113/><E1/><V93/><F116/><W37/><G37/><T109/><D117/><U14/><E14/><V57/><F112/><W63/><G127/><T47/><D109/><U40/><E113/><V86/><F4/><W107/><G13/><T96/><D19/><U50/><E110/><V9/><F68/><W79/><G79/><T91/><REACH who="0" step="1"/><D82/><REACH who="0" ten="268,210,282,230" step="2"/><U16/><E130/><V56/><F18/><W125/><G125/><T65/><D65/><U106/><E16/><V94/><F67/><W69/><G29/><T81/><D81/><U66/><E66/><V108/><F108/><W120/><G120/><T27/><D27/><U0/><E25/><V59/><F9/><W10/><G31/><T11/><D11/><U30/><E30/><V134/><F134/><W7/><G10/><T26/><D26/><U72/><E106/><V73/><F20/><W95/><G7/><T98/><D98/><U2/><E104/><V77/><F15/><W118/><G118/><T49/><AGARI ba="0,1" hai="17,21,24,47,49,52,80,84,91,96,100,105,128,129" machi="49" ten="30,7900,0" yaku="1,1,0,1,52,1,54,1,53,0" doraHai="44" doraHaiUra="8" who="0" fromWho="0" sc="268,89,210,-20,282,-39,230,-20" /><INIT seed="3,0,0,3,3,61" ten="357,190,243,210" oya="3" hai0="69,14,110,116,7,18,114,107,81,98,131,40,32" hai1="8,74,0,127,122,25,66,36,57,5,71,54,75" hai2="3,132,55,129,15,72,20,112,115,73,133,46,93" hai3="121,83,105,11,113,88,37,67,85,76,97,51,104"/><W56/><G113/><T53/><D116/><U92/><E122/><V42/><F3/><W58/><G37/><T86/><D69/><U95/><E127/><V30/><F55/><N who="3" m="31871" /><G105/><T79/><D32/><U13/><E36/><V27/><F73/><W44/><G104/><T16/><D40/><U135/><E135/><N who="2" m="51787" /><F72/><W77/><G121/><T28/><D28/><U45/><E45/><V1/><F1/><W4/><G44/><T70/><D53/><U6/><E25/><V26/><F129/><W63/><G97/><T126/><D18/><U118/><E118/><V47/><F47/><W64/><G64/><T99/><D99/><U82/><E75/><V89/><F15/><AGARI ba="0,0" hai="4,11,15,58,63,67,76,77,83,85,88" m="31871" machi="15" ten="30,5800,0" yaku="8,1,52,1,54,1" doraHai="61" who="3" fromWho="2" sc="357,0,190,0,243,-58,210,58" /><INIT seed="3,1,0,5,0,117" ten="357,190,185,268" oya="3" hai0="21,38,83,97,59,85,17,53,111,94,132,42,54" hai1="50,5,131,35,87,55,51,69,75,25,122,74,114" hai2="71,14,68,19,115,105,49,2,41,134,62,135,91" hai3="63,113,78,24,95,9,108,39,1,116,43,133,121"/><W125/><G113/><T12/><D111/><U29/><E122/><V36/><F2/><W103/><G116/><T112/><D112/><U0/><E114/><V104/><F36/><W118/><G118/><T99/><D132/><N who="2" m="50730" /><F115/><W56/><G78/><N who="0" m="46327" /><D38/><U93/><E69/><N who="2" m="26699" /><F62/><W72/><G24/><T30/><D42/><U45/><E131/><V37/><F37/><W58/><G95/><T44/><D30/><U120/><E120/><V28/><F28/><W101/><G56/><T98/><D44/><U92/><E51/><V102/><F102/><W89/><G103/><N who="0" m="60855" /><D53/><U22/><E35/><V48/><F91/><W16/><G43/><T81/><D81/><U119/><E119/><V79/><F79/><W57/><G89/><T129/><D129/><U66/><E0/><V47/><F49/><AGARI ba="1,0" hai="12,17,21,49,54,59,98,99" m="60855,46327" machi="49" ten="30,1000,0" yaku="8,1" doraHai="117" who="0" fromWho="2" sc="357,13,190,0,185,-13,268,0" owari="370,47.0,190,-21.0,172,-32.8,268,6.8" /></mjloggm>