<mjloggm ver="2.3"><GO type="225" lobby="0"/><UN n0="%6E%69%63%6F%6E%74%6F" n1="%70%68%65%6E%6F%6D%65" n2="%74%61%6B%75%61%6B%61" n3="%E9%B3%B3%E6%9D%B1%E3%81%AE%E3%81%86%E3%81%95%E3%81%8E%E3%81%95%E3%82%93" dan="17,16,16,16" rate="2140.90,2146.58,2157.13,2244.66" sx="M,M,M,M"/><TAIKYOKU oya="0"/><INIT seed="0,0,0,0,1,86" ten="250,250,250,250" oya="0" hai0="128,18,83,25,60,13,121,85,119,20,81,32,91" hai1="134,43,130,106,101,17,111,47,49,93,59,28,95" hai2="127,53,80,8,15,115,48,12,22,133,64,58,2" hai3="50,24,30,26,56,3,33,118,5,125,108,89,23"/><T6/><D119/><U21/><E111/><V65/><F115/><W98/><G118/><T96/><D121/><U72/><E130/><V35/><F35/><W67/><G108/><T102/><D128/><U113/><E134/><V78/><F133/><W88/><G125/><T4/><D83/><U76/><E113/><V109/><F127/><W63/><G98/><T37/><D37/><U131/><E28/><V105/><F105/><W9/><REACH who="3" step="1"/><G50/><REACH who="3" ten="250,250,250,240" step="2"/><T116/><D116/><U87/><E131/><V31/><F109/><W114/><G114/><T61/><D32/><U124/><E49/><V41/><F48/><W34/><G34/><T45/><D45/><U97/><E97/><V132/><F132/><W129/><G129/><T52/><D25/><U135/><E47/><V99/><F99/><W11/><G11/><T74/><D74/><U1/><E72/><V36/><F8/><W16/><AGARI ba="0,1" hai="3,5,9,16,23,24,26,30,33,56,63,67,88,89" machi="16" ten="20,12000,2" yaku="1,1,0,1,7,1,52,2,54,2,53,0" doraHai="86" doraHaiUra="103" who="3" fromWho="3" sc="250,-60,250,-30,250,-30,240,130" /><INIT seed="1,0,0,2,3,115" ten="190,220,220,370" oya="1" hai0="57,44,49,33,81,8,99,42,14,131,23,1,106" hai1="19,78,68,20,119,3,73,133,0,11,16,39,135" hai2="80,30,38,95,117,5,37,92,104,113,90,12,54" hai3="43,132,124,116,118,29,134,24,93,40,60,58,127"/><U28/><E39/><V110/><F104/><W126/><G93/><T50/><D131/><U96/><E68/><V52/><F110/><W130/><G130/><T35/><D1/><N who="1" m="587" /><E78/><V82/><F113/><W111/><G111/><T26/><D81/><N who="2" m="31338" /><F117/><N who="3" m="45163" /><G43/><T18/><D99/><U9/><E73/><V121/><F37/><W59/><G40/><T79/><D79/><U107/><E119/><V53/><F38/><W86/><G86/><T102/><D102/><U123/><E123/><V47/><F121/><W83/><G83/><T75/><D75/><U94/><E107/><V103/><F92/><W72/><G72/><T55/><REACH who="0" step="1"/><D106/><REACH who="0" ten="180,220,220,370" step="2"/><U63/><E96/><V128/><F128/><W67/><G59/><T71/><D71/><U77/><E94/><V48/><F95/><W97/><G97/><T91/><D91/><U36/><E77/><V112/><F90/><W76/><G76/><T2/><D2/><U56/><E56/><V65/><F112/><W120/><G120/><T6/><AGARI ba="0,1" hai="6,8,14,18,23,26,33,35,42,44,49,50,55,57" machi="6" ten="20,2700,0" yaku="1,1,0,1,7,1,53,0" doraHai="115" doraHaiUra="32" who="0" fromWho="0" sc="180,37,220,-13,220,-7,370,-7" /><INIT seed="2,0,0,5,1,123" ten="217,207,213,363" oya="2" hai0="63,115,9,122,54,52,112,4,127,126,119,69,59" hai1="14,61,8,44,64,76,13,135,30,121,116,131,0" hai2="105,118,132,37,7,27,60,20,100,32,17,21,23" hai3="50,83,41,93,10,62,47,98,43,3,86,133,40"/><V120/><F120/><W124/><G133/><T70/><D122/><U56/><E121/><V91/><F37/><W25/><G124/><N who="0" m="47659" /><D119/><U134/><E116/><V99/><F118/><W24/><G62/><T34/><D34/><U80/><E131/><V114/><F114/><N who="0" m="43562" /><D54/><U90/><E30/><V31/><F132/><N who="1" m="50729" /><E90/><V89/><F7/><W107/><G107/><T117/><D117/><U12/><E44/><V26/><F21/><W68/><G68/><T94/><D94/><U96/><E96/><V11/><F11/><W113/><G113/><T110/><D110/><U102/><E102/><V129/><F129/><W45/><G3/><AGARI ba="0,0" hai="3,4,9,52,59,63,69,70" m="43562,47659" machi="3" ten="30,2000,0" yaku="18,1,54,1" doraHai="123" who="0" fromWho="3" sc="217,20,207,0,213,0,363,-20" /><INIT seed="3,0,0,1,5,50" ten="237,207,213,343" oya="3" hai0="104,28,14,38,101,64,29,132,76,41,7,131,110" hai1="78,25,1,97,37,34,60,56,126,6,96,5,61" hai2="133,111,42,39,94,106,95,23,45,52,31,2,89" hai3="128,73,124,70,90,43,47,108,30,65,81,99,71"/><W82/><G30/><T127/><D101/><U107/><E37/><V26/><F106/><W67/><G82/><T10/><D104/><U51/><E126/><V16/><F111/><W84/><G99/><N who="1" m="37962" /><E1/><V121/><F133/><W19/><G19/><T83/><D131/><U48/><E34/><V68/><F68/><W105/><G65/><T72/><D132/><U116/><E107/><V35/><F121/><W123/><G67/><T92/><D110/><U55/><E116/><V49/><F89/><W66/><G84/><T87/><D64/><N who="1" m="38919" /><E78/><V24/><F2/><W103/><G73/><T4/><D127/><U80/><E80/><V58/><AGARI ba="0,0" hai="16,23,24,26,31,35,39,42,45,49,52,58,94,95" machi="58" ten="20,8000,1" yaku="0,1,7,1,52,1,54,2" doraHai="50" who="2" fromWho="2" sc="237,-20,207,-20,213,80,343,-40" owari="217,-18.3,187,-31.3,293,9.3,303,40.3" /></mjloggm>