<mjloggm ver="2.3"><GO type="225" lobby="0"/><UN n0="%E3%82%A2%E3%83%BC%E3%83%A2%E3%83%AD%E3%83%BC%E3%83%B4%E3%82%A1" n1="%E5%A4%9C%E3%81%AE%E3%82%AC%E3%82%B9%E3%83%91%E3%83%BC%E3%83%AB" n2="%E9%87%8E%E3%80%85%E5%AE%AE%E8%97%8D" n3="%E3%81%B5%E3%81%98%E3%81%8B%E3%81%A4" dan="16,16,17,16" rate="2123.37,2113.68,2175.98,2210.78" sx="M,M,F,M"/><TAIKYOKU oya="0"/><INIT seed="0,0,0,0,0,27" ten="250,250,250,250" oya="0" hai0="97,88,111,33,72,4,31,13,133,55,50,16,26" hai1="105,93,131,14,69,124,56,28,41,70,132,75,51" hai2="74,92,113,120,32,81,76,129,34,49,126,100,64" hai3="11,48,46,87,58,104,109,121,68,98,102,66,106"/><T134/><D72/><U135/><E105/><V101/><F120/><W94/><G109/><T21/><D111/><U63/><E75/><V40/><F113/><W36/><G121/><T117/><D117/><U23/><E124/><V130/><F126/><W39/><G68/><T37/><D37/><U22/><E131/><N who="2" m="50187" /><F64/><W45/><G45/><T61/><D61/><U86/><E70/><V3/><F3/><W30/><G11/><T89/><D4/><U67/><E14/><V65/><F65/><W77/><G58/><N who="0" m="33143" /><D97/><U54/><E41/><V123/><F123/><W60/><G66/><T12/><D13/><U43/><E43/><V99/><F101/><W53/><G60/><T125/><D125/><U83/><E93/><V18/><F40/><W91/><G106/><T80/><D80/><U35/><E132/><AGARI ba="0,0" hai="12,16,21,26,31,33,88,89,132,133,134" m="33143" machi="132" ten="30,11600,0" yaku="20,1,52,1,54,2" doraHai="27" who="0" fromWho="1" sc="250,116,250,-116,250,0,250,0" /><INIT seed="0,1,0,1,0,33" ten="366,134,250,250" oya="0" hai0="40,34,38,102,41,63,100,105,107,119,22,87,79" hai1="88,1,125,29,30,18,43,44,122,84,59,53,82" hai2="103,3,42,118,73,61,115,111,31,8,116,62,113" hai3="77,19,66,57,56,108,98,55,70,80,85,121,104"/><T83/><D119/><N who="2" m="45610" /><F73/><W24/><G108/><T27/><D34/><U117/><E122/><V52/><F111/><W120/><G70/><T112/><D112/><U15/><E117/><V0/><F42/><N who="0" m="16490" /><D107/><U124/><E1/><N who="2" m="587" /><F31/><W26/><G120/><T14/><D105/><U130/><E130/><V99/><F8/><W49/><G104/><T5/><D63/><N who="2" m="24074" /><F52/><W48/><G55/><T134/><D38/><U90/><E53/><V114/><F114/><W25/><G121/><T106/><D106/><AGARI ba="1,0" hai="99,103,106,113,115" m="24074,587,45610" machi="106" ten="30,7700,0" yaku="12,1,52,3" doraHai="33" who="2" fromWho="0" sc="366,-80,134,0,250,80,250,0" /><INIT seed="1,0,0,4,2,132" ten="286,134,330,250" oya="1" hai0="51,90,30,58,71,118,12,54,66,41,63,21,78" hai1="91,33,29,119,19,50,93,92,9,72,14,128,82" hai2="15,133,108,125,53,49,104,11,20,68,100,31,109" hai3="89,117,95,87,84,35,17,38,52,59,130,127,8"/><U79/><E119/><V4/><F68/><W48/><G117/><T28/><D118/><U106/><E106/><V13/><F133/><W74/><G35/><T134/><D134/><U97/><E128/><V135/><F135/><W47/><G130/><T44/><D78/><U120/><E120/><V46/><F125/><W1/><G74/><T88/><D30/><U101/><E29/><V39/><F39/><W102/><G102/><T43/><D43/><U42/><E33/><V26/><F15/><W65/><G127/><T3/><D3/><U23/><E42/><V99/><AGARI ba="0,0" hai="4,11,13,20,26,31,46,49,53,99,100,104,108,109" machi="99" ten="30,1100,0" yaku="0,1" doraHai="132" who="2" fromWho="2" sc="286,-3,134,-5,330,11,250,-3" /><INIT seed="2,0,0,5,5,21" ten="283,129,341,247" oya="2" hai0="47,50,1,114,84,32,22,67,128,85,117,109,110" hai1="113,55,59,49,135,112,78,54,87,107,120,8,105" hai2="99,30,20,104,6,24,38,76,40,102,62,56,53" hai3="129,103,123,125,17,61,68,127,26,39,35,9,34"/><V41/><F38/><W23/><G39/><T83/><D114/><U15/><E135/><V16/><F6/><W77/><G77/><N who="0" m="46191" /><D32/><U122/><E78/><V46/><F46/><W48/><G103/><T121/><D1/><U96/><E87/><V12/><REACH who="2" step="1"/><F76/><REACH who="2" ten="283,129,331,247" step="2"/><W70/><G127/><T115/><D47/><U88/><E112/><V94/><F94/><W71/><G125/><T116/><D115/><U131/><E113/><V44/><F44/><W60/><G123/><T72/><D121/><U63/><E122/><V66/><F66/><W58/><G70/><T82/><D67/><U93/><E120/><V97/><F97/><W29/><G68/><T73/><D116/><U45/><REACH who="1" step="1"/><E131/><REACH who="1" ten="283,119,331,247" step="2"/><V126/><F126/><W10/><G129/><T7/><D128/><U42/><E42/><V111/><F111/><W133/><G133/><T18/><D109/><U98/><E98/><V90/><F90/><W3/><G71/><T74/><D110/><U11/><E11/><AGARI ba="0,2" hai="11,12,16,20,24,30,40,41,53,56,62,99,102,104" machi="11" ten="30,11600,0" yaku="1,1,7,1,52,1,54,1,53,0" doraHai="21" doraHaiUra="64" who="2" fromWho="1" sc="283,0,119,-116,331,136,247,0" /><INIT seed="2,1,0,3,0,49" ten="283,3,467,247" oya="2" hai0="30,121,7,96,110,19,28,117,87,134,27,13,24" hai1="43,22,4,72,33,131,66,77,8,45,103,56,63" hai2="100,69,133,48,94,135,55,83,65,1,76,82,12" hai3="32,17,120,20,99,60,108,54,126,113,58,46,85"/><V59/><F1/><W31/><G120/><T79/><D121/><U116/><E33/><V115/><F115/><W41/><G113/><T107/><D7/><U67/><E131/><V114/><F114/><W2/><G2/><T102/><D110/><U90/><E103/><V29/><F29/><W125/><G108/><T101/><D134/><N who="2" m="51210" /><F12/><W118/><G118/><T78/><D102/><U81/><E116/><V25/><F25/><N who="3" m="18543" /><G99/><T68/><D68/><U71/><E22/><V84/><F82/><W75/><G75/><T47/><D117/><U97/><E97/><N who="2" m="59447" /><F65/><W21/><G85/><T57/><D87/><U129/><E90/><V111/><F69/><W106/><G106/><T3/><D3/><U95/><E95/><V74/><F111/><W92/><G92/><T80/><D80/><U130/><E67/><V0/><F0/><W98/><G98/><T91/><D28/><U6/><E71/><V132/><F132/><W122/><G122/><T104/><D30/><U5/><E129/><V62/><F74/><W119/><G119/><T53/><D104/><U73/><E130/><V109/><F109/><W70/><G70/><T86/><D27/><U52/><E73/><V40/><F40/><W105/><G105/><T88/><D24/><U9/><E66/><V38/><F38/><N who="3" m="21815" /><G17/><T10/><D107/><U93/><E93/><V51/><AGARI ba="1,0" hai="48,51,55,59,62,76,83,84" m="59447,51210" machi="51" ten="30,3000,0" yaku="20,1,52,1" doraHai="49" who="2" fromWho="2" sc="283,-11,3,-11,467,33,247,-11" owari="272,7.2,-8,-50.8,500,60.0,236,-16.4" /></mjloggm>