<mjloggm ver="2.3"><GO type="225" lobby="0"/><UN n0="%E8%B1%86%59%E5%A4%AA%E9%83%8E" n1="%72%69%6F%75%63%68%61%6E" n2="%EF%BC%AE%EF%BC%A1%EF%BC%AF%33%33%39" n3="%4C%4F%4C%49%54%41" dan="16,17,17,16" rate="2053.17,2238.67,2151.80,2189.04" sx="M,M,M,F"/><TAIKYOKU oya="0"/><INIT seed="0,0,0,5,0,12" ten="250,250,250,250" oya="0" hai0="23,134,73,74,46,111,82,110,33,102,86,15,59" hai1="10,11,58,25,131,101,55,27,84,80,72,37,50" hai2="75,106,119,108,16,57,112,109,135,32,49,13,78" hai3="31,41,7,38,56,107,51,85,97,95,88,18,79"/><T54/><D33/><U19/><E131/><V122/><F112/><W26/><G38/><T104/><D46/><U21/><E37/><V47/><F122/><W42/><G7/><T14/><D102/><U92/><E72/><V1/><F1/><W117/><G117/><T127/><D104/><U115/><E115/><V68/><F68/><W35/><G107/><T98/><D98/><N who="1" m="59591" /><E25/><V8/><F106/><W128/><G128/><T22/><D14/><U133/><E133/><V48/><F32/><W64/><G51/><N who="0" m="31199" /><D134/><U94/><E94/><V53/><F135/><W70/><G70/><T99/><D99/><U83/><E83/><V60/><F119/><W24/><G79/><AGARI ba="0,0" hai="10,11,19,21,27,50,55,58,79,80,84" m="59591" machi="79" ten="30,2000,0" yaku="8,1,52,1" doraHai="12" who="1" fromWho="3" sc="250,0,250,20,250,0,250,-20" /><INIT seed="1,0,0,3,5,39" ten="250,270,250,230" oya="1" hai0="71,91,12,42,22,78,32,52,65,68,117,36,109" hai1="35,57,113,92,80,79,135,10,23,102,47,122,25" hai2="75,97,121,16,30,90,41,100,33,105,56,115,60" hai3="9,132,58,21,46,123,98,94,61,53,87,93,128"/><U5/><E113/><V134/><F121/><W83/><G123/><T119/><D32/><U59/><E122/><V13/><F75/><W131/><G132/><T110/><D78/><U120/><E135/><V89/><F134/><W84/><G9/><T126/><D91/><U18/><E120/><V0/><F0/><W11/><G11/><T63/><D12/><U72/><E35/><V6/><F6/><W133/><G133/><T55/><D22/><U96/><REACH who="1" step="1"/><E47/><REACH who="1" ten="250,260,250,230" step="2"/><V125/><F115/><W51/><G46/><N who="0" m="23879" /><D126/><U124/><E124/><V107/><F125/><W95/><G131/><T129/><D129/><U70/><E70/><V43/><F33/><W103/><G128/><T54/><D71/><U28/><E28/><V86/><F30/><W40/><G58/><T82/><D82/><U45/><E45/><V34/><F34/><W77/><G83/><T112/><D112/><U24/><E24/><V1/><F1/><AGARI ba="0,1" hai="1,5,10,18,23,25,57,59,72,79,80,92,96,102" machi="1" ten="30,5800,0" yaku="1,1,7,1,53,1" doraHai="39" doraHaiUra="74" who="1" fromWho="2" sc="250,0,260,68,250,-58,230,0" /><INIT seed="1,1,0,3,3,105" ten="250,328,192,230" oya="1" hai0="10,20,65,78,70,37,13,4,76,17,47,112,94" hai1="87,102,86,14,40,62,43,35,23,27,128,18,106" hai2="82,109,121,1,49,98,54,68,81,88,0,127,11" hai3="111,12,25,34,72,59,52,83,58,73,110,96,30"/><U126/><E126/><V123/><F68/><W84/><G96/><T33/><D33/><U97/><E128/><V90/><F127/><W50/><G12/><T19/><D19/><U67/><E87/><V79/><F109/><N who="3" m="41483" /><G58/><T119/><D119/><U26/><E86/><V60/><F60/><W44/><G44/><T8/><D8/><U22/><E35/><V71/><F71/><W132/><G132/><T120/><D112/><U46/><E46/><V89/><F98/><W113/><G113/><T53/><D94/><U24/><REACH who="1" step="1"/><E23/><REACH who="1" ten="250,318,192,230" step="2"/><V39/><F39/><W100/><G100/><T7/><D37/><U135/><E135/><V64/><F121/><W9/><G9/><T3/><D120/><U107/><E107/><V21/><F123/><W32/><G34/><T129/><D129/><U85/><E85/><V2/><F11/><W75/><G84/><T16/><D7/><U101/><E101/><V104/><F104/><W77/><AGARI ba="1,1" hai="25,30,32,50,52,59,72,73,75,77,83" m="41483" machi="77" ten="30,8000,1" yaku="14,1,52,3,54,1" doraHai="105" who="3" fromWho="3" sc="250,-21,318,-41,192,-21,230,93" /><INIT seed="2,0,0,5,1,96" ten="229,277,171,323" oya="2" hai0="31,75,73,70,37,115,79,97,95,25,24,34,47" hai1="84,14,134,27,77,109,29,124,106,59,9,119,12" hai2="32,85,56,76,57,90,132,13,53,41,58,49,94" hai3="4,68,107,36,5,89,123,99,110,118,91,105,135"/><V102/><F32/><W35/><G118/><T69/><D25/><U130/><E109/><V100/><F132/><W67/><G123/><T129/><D129/><U111/><E111/><V116/><F116/><W63/><G110/><T19/><D19/><U8/><E119/><V2/><F2/><W114/><G36/><T112/><D95/><U108/><E108/><V131/><F131/><W82/><G114/><T133/><D133/><U45/><E130/><V30/><F30/><W0/><G135/><T7/><D7/><U64/><E134/><V33/><F33/><W128/><G128/><T113/><D97/><U125/><E106/><V20/><F41/><W80/><G0/><T44/><D44/><U38/><E77/><V71/><F71/><W1/><G1/><T16/><D16/><N who="1" m="8199" /><E84/><V51/><F76/><W121/><G121/><T10/><D10/><U17/><E38/><V83/><F83/><W127/><G127/><N who="1" m="48714" /><E45/><N who="2" m="27823" /><F51/><W74/><G74/><N who="0" m="28171" /><D79/><U54/><E64/><V43/><F43/><AGARI ba="0,0" hai="24,31,34,37,43,47,69,70,112,113,115" m="28171" machi="43" ten="40,1300,0" yaku="23,1" doraHai="96" who="0" fromWho="2" sc="229,13,277,0,171,-13,323,0" /><INIT seed="3,0,0,2,2,34" ten="242,277,158,323" oya="3" hai0="27,38,133,17,62,112,131,93,91,110,30,46,103" hai1="80,21,20,25,74,84,92,82,3,37,66,43,85" hai2="130,102,19,105,42,83,72,99,13,4,7,98,55" hai3="22,6,81,79,45,75,39,108,24,95,57,60,100"/><W118/><G118/><T44/><D112/><U53/><E74/><V40/><F130/><W54/><G108/><T5/><D110/><U111/><E111/><V41/><F72/><W121/><G121/><T101/><D131/><U86/><E66/><V50/><F83/><W106/><G106/><T18/><D5/><U52/><E37/><V68/><F68/><W26/><G6/><T64/><D133/><U32/><E43/><V51/><F105/><W116/><G116/><T15/><D103/><U120/><E120/><V11/><F102/><W8/><G8/><T12/><D101/><U113/><E113/><V94/><F94/><W78/><G78/><T49/><D38/><U47/><E3/><V56/><F7/><W29/><G26/><T65/><D49/><U104/><E104/><V33/><F33/><W0/><G0/><T126/><D126/><U71/><E71/><V35/><F35/><W127/><G127/><T96/><D27/><U69/><E69/><V109/><F109/><W61/><G24/><T14/><D30/><N who="1" m="17703" /><E32/><V134/><F134/><W1/><G1/><T129/><D129/><U16/><E92/><V90/><F90/><W67/><G95/><T119/><D119/><U48/><E53/><V89/><F89/><W87/><G54/><T88/><D91/><U107/><E107/><V31/><F31/><W124/><G75/><T135/><D135/><U132/><E132/><V58/><REACH who="2" step="1"/><F4/><REACH who="2" ten="242,277,148,323" step="2"/><W115/><G29/><T70/><REACH who="0" step="1"/><D65/><REACH who="0" ten="232,277,148,323" step="2"/><U125/><E125/><V23/><F23/><W76/><G22/><T2/><D2/><U73/><E21/><RYUUKYOKU ba="0,2" sc="232,15,277,-15,148,15,323,-15" hai0="12,14,15,17,18,44,46,62,64,70,88,93,96" hai2="11,13,19,40,41,42,50,51,55,56,58,98,99" owari="247,-15.3,262,6.2,163,-33.7,328,42.8" /></mjloggm>