<mjloggm ver="2.3"><GO type="225" lobby="0"/><UN n0="%E9%95%B7%E5%B7%9E%E3%81%AE%E5%85%8B" n1="%E7%B4%94%E6%BD%94%E3%83%94%E3%83%A9%E3%83%8B%E3%82%A2" n2="%E3%82%8C%E3%81%99%E3%81%93" n3="%E9%B3%B3%E6%9D%B1%E3%81%AE%E3%81%BF%E3%81%91%E3%81%AB%E3%82%83%E3%82%93" dan="16,17,17,16" rate="2072.36,2247.01,2228.99,2100.64" sx="M,M,F,F"/><TAIKYOKU oya="0"/><INIT seed="0,0,0,2,4,43" ten="250,250,250,250" oya="0" hai0="19,54,61,71,119,75,76,93,83,104,10,80,79" hai1="123,132,73,57,77,126,110,69,40,29,52,63,12" hai2="95,85,26,105,64,25,97,70,8,11,72,31,103" hai3="9,130,33,36,4,120,16,102,21,122,66,42,53"/><T124/><D119/><U6/><E123/><N who="3" m="47146" /><G130/><T92/><D104/><U67/><E110/><V118/><F72/><W90/><G66/><T7/><D19/><U135/><E126/><V39/><F39/><W50/><G102/><T113/><D113/><U44/><E29/><V2/><F118/><W78/><G78/><T60/><D124/><U48/><E77/><V27/><F2/><N who="3" m="151" /><G33/><T99/><D71/><U20/><E73/><V62/><REACH who="2" step="1"/><F31/><REACH who="2" ten="250,250,240,250" step="2"/><W15/><G36/><T30/><D30/><U125/><E125/><V13/><F13/><W107/><G107/><T89/><D93/><U111/><E111/><V101/><F101/><W127/><G127/><T41/><D41/><U109/><E109/><V5/><F5/><W81/><G42/><T34/><D34/><U98/><E6/><V17/><F17/><W35/><G35/><T86/><REACH who="0" step="1"/><D54/><REACH who="0" ten="240,250,240,250" step="2"/><U133/><E40/><V88/><AGARI ba="0,2" hai="8,11,25,26,27,62,64,70,85,88,95,97,103,105" machi="88" ten="30,4000,0" yaku="1,1,0,1,54,1,53,0" doraHai="43" doraHaiUra="24" who="2" fromWho="2" sc="240,-20,250,-10,240,60,250,-10" /><INIT seed="1,0,0,2,0,98" ten="220,240,300,240" oya="1" hai0="10,31,76,99,3,1,110,55,2,68,58,34,132" hai1="88,85,83,43,73,119,14,22,112,37,126,80,35" hai2="101,94,62,74,131,7,128,44,123,90,121,28,135" hai3="49,103,57,64,32,69,97,54,41,102,77,15,19"/><U114/><E35/><V124/><F74/><W8/><G32/><T46/><D68/><U6/><E119/><V71/><F124/><W82/><G41/><T39/><D110/><U20/><E126/><V106/><F135/><W48/><G48/><T45/><D132/><U18/><E20/><V66/><F28/><W16/><G97/><T13/><D76/><U0/><E0/><V61/><F7/><W78/><G78/><T89/><D39/><U105/><E6/><V117/><F117/><W42/><G42/><T24/><D89/><U33/><E33/><V23/><F44/><W47/><G69/><T40/><D40/><U113/><E105/><V26/><F62/><N who="3" m="37967" /><G19/><T12/><D12/><U5/><E5/><V63/><F63/><W122/><G122/><T107/><D107/><U60/><E60/><V79/><F79/><W134/><G134/><T72/><D72/><U75/><REACH who="1" step="1"/><E80/><REACH who="1" ten="220,230,300,240" step="2"/><V25/><F23/><W125/><G125/><T30/><D34/><U93/><E93/><V38/><F121/><W95/><G95/><T51/><D24/><U108/><E108/><V17/><F123/><W133/><G133/><T11/><D10/><U27/><E27/><V67/><F26/><W29/><G29/><T9/><D11/><U92/><E92/><V21/><F106/><W118/><G118/><T115/><D115/><U104/><E104/><V52/><F94/><W116/><G116/><T109/><D1/><U96/><E96/><V59/><F25/><W56/><G8/><T127/><D99/><U129/><E129/><V36/><F128/><W50/><G82/><RYUUKYOKU ba="0,1" sc="220,-10,230,30,300,-10,240,-10" hai1="14,18,22,37,43,73,75,83,85,88,112,113,114" /><INIT seed="1,1,1,2,2,97" ten="210,260,290,230" oya="1" hai0="1,44,103,61,80,70,121,77,135,99,68,102,8" hai1="27,19,81,87,45,14,110,31,11,94,15,16,71" hai2="90,105,122,34,56,4,95,36,3,73,127,131,120" hai3="124,32,33,79,6,114,108,10,129,9,92,12,43"/><U23/><E71/><V60/><F34/><N who="3" m="13419" /><G92/><T65/><D135/><U63/><E110/><V126/><F131/><W7/><G79/><T113/><D113/><U49/><E63/><V48/><F73/><W59/><G59/><T132/><D132/><U115/><E115/><V28/><F36/><W82/><G82/><T74/><D121/><U42/><E94/><V24/><F105/><W117/><G43/><T30/><D30/><U53/><E14/><V22/><F48/><W100/><G100/><T21/><D21/><U88/><E42/><V57/><F4/><AGARI ba="1,1" hai="4,11,15,16,19,23,27,31,45,49,53,81,87,88" machi="4" ten="30,11600,0" yaku="7,1,8,1,54,2" doraHai="97" who="1" fromWho="2" sc="210,0,260,129,290,-119,230,0" /><INIT seed="1,2,0,0,4,52" ten="210,389,171,230" oya="1" hai0="104,26,56,0,99,12,113,35,112,10,23,40,22" hai1="16,116,80,29,5,114,130,125,67,60,72,69,61" hai2="36,7,59,9,120,132,75,34,32,8,3,133,66" hai3="45,17,68,124,88,54,89,25,107,65,15,41,82"/><U92/><E114/><V42/><F120/><W73/><G107/><T121/><D104/><U90/><E116/><V48/><F75/><W81/><G124/><T33/><D40/><U58/><E125/><V109/><F109/><W70/><G25/><T78/><D78/><U46/><E130/><V96/><F96/><W103/><G103/><T131/><D99/><U97/><E29/><V44/><F9/><W63/><G70/><T118/><D118/><U31/><E31/><V85/><F85/><W2/><G2/><T79/><D79/><U37/><E5/><V76/><F76/><W4/><G4/><T94/><D94/><U30/><E30/><V62/><REACH who="2" step="1"/><F36/><REACH who="2" ten="210,389,161,230" step="2"/><W24/><G73/><T123/><D113/><U101/><E72/><V126/><F126/><W95/><G82/><T38/><D112/><U127/><E127/><V100/><F100/><W135/><G81/><T47/><D38/><U55/><E80/><V93/><F93/><W57/><G95/><T106/><D106/><U71/><E101/><V51/><F51/><W11/><G89/><T122/><D123/><U19/><REACH who="1" step="1"/><E71/><REACH who="1" ten="210,379,161,230" step="2"/><V83/><F83/><W111/><G68/><T18/><D122/><U84/><E84/><V50/><F50/><W110/><G110/><T64/><D121/><U74/><E74/><V14/><F14/><W115/><G111/><T21/><D12/><U134/><E134/><AGARI ba="2,2" hai="3,7,8,32,34,42,44,48,59,62,66,132,133,134" machi="134" ten="40,5200,0" yaku="1,1,20,1,52,1,53,0" doraHai="52" doraHaiUra="117" who="2" fromWho="1" sc="210,0,379,-58,161,78,230,0" /><INIT seed="2,0,0,3,5,131" ten="210,321,239,230" oya="2" hai0="78,97,18,40,16,117,132,83,82,35,33,94,91" hai1="47,95,98,39,45,86,96,19,51,120,68,79,24" hai2="8,14,109,34,20,59,3,71,76,60,62,42,6" hai3="7,81,72,22,65,66,31,23,90,2,129,63,13"/><V64/><F109/><W89/><G129/><T130/><D130/><U104/><E68/><V133/><F34/><W116/><G116/><T29/><D117/><U70/><E70/><V41/><F76/><W55/><G2/><T44/><D35/><U123/><E104/><V88/><F133/><W27/><G72/><T134/><D29/><U37/><E45/><V36/><F36/><W0/><G0/><T54/><D54/><U74/><E74/><V121/><F121/><N who="1" m="46665" /><E86/><V53/><F3/><W124/><G124/><T100/><D91/><N who="3" m="34825" /><G81/><T73/><D83/><U10/><E79/><V11/><F11/><N who="3" m="4351" /><G23/><T102/><D100/><N who="1" m="60447" /><E98/><V125/><F125/><W77/><G77/><T107/><D107/><U112/><E112/><V111/><F111/><W127/><G127/><T110/><D110/><U30/><E19/><V87/><REACH who="2" step="1"/><F20/><REACH who="2" ten="210,321,229,230" step="2"/><W119/><G119/><T101/><D33/><N who="1" m="20679" /><E10/><V75/><F75/><W114/><G114/><T25/><D25/><U4/><E4/><V38/><F38/><W21/><G21/><T122/><D122/><U61/><E39/><V48/><F48/><W12/><G12/><T118/><D118/><U52/><E37/><V28/><F28/><W108/><G108/><T85/><D73/><U99/><E61/><V69/><F69/><W67/><G63/><T103/><D134/><U56/><E47/><V113/><F113/><W128/><G128/><T49/><D132/><U15/><E51/><V43/><F43/><W1/><G1/><T93/><D97/><U84/><E99/><V80/><AGARI ba="0,1" hai="6,8,14,41,42,53,59,60,62,64,71,80,87,88" machi="80" ten="20,7800,0" yaku="1,1,0,1,7,1,54,1,53,0" doraHai="131" doraHaiUra="46" who="2" fromWho="2" sc="210,-26,321,-26,229,88,230,-26" /><INIT seed="2,1,0,5,5,80" ten="184,295,317,204" oya="2" hai0="96,70,110,119,26,73,46,90,44,132,5,42,31" hai1="32,72,89,37,43,129,10,135,64,28,94,54,125" hai2="15,6,84,24,22,91,103,111,88,58,11,86,8" hai3="99,30,66,126,38,83,127,20,29,100,53,41,102"/><V2/><F111/><W17/><G66/><T124/><D70/><U98/><E72/><V115/><F115/><W93/><G53/><T56/><D73/><U117/><E117/><V0/><F103/><W65/><G65/><T33/><D124/><N who="3" m="47657" /><G100/><T134/><D110/><U3/><E125/><V92/><F58/><W79/><G41/><T107/><D5/><U67/><E129/><V76/><F11/><W101/><G101/><T27/><D27/><U118/><E118/><V61/><F61/><W87/><G38/><T23/><D33/><U120/><E120/><V25/><F76/><W121/><G121/><T4/><D4/><U49/><E43/><V113/><F113/><W21/><G21/><T14/><D14/><AGARI ba="1,0" hai="14,17,20,29,30,79,83,87,93,99,102" m="47657" machi="14" ten="30,2000,0" yaku="18,1,52,1" doraHai="80" who="3" fromWho="0" sc="184,-23,295,0,317,0,204,23" /><INIT seed="3,0,0,5,5,105" ten="161,295,317,227" oya="3" hai0="90,80,56,35,133,45,102,109,86,54,20,6,60" hai1="131,71,59,24,14,124,85,89,15,97,36,43,37" hai2="121,84,135,132,55,50,21,128,78,39,87,9,8" hai3="70,0,91,66,51,12,68,52,93,81,22,49,27"/><W25/><G0/><T11/><D35/><U74/><E71/><V1/><F39/><W88/><G51/><T94/><D109/><U127/><E97/><V107/><F128/><W30/><G70/><T13/><D133/><N who="2" m="51274" /><F121/><W77/><G68/><T73/><D45/><N who="1" m="23783" /><E37/><V104/><F21/><W32/><G66/><T58/><D20/><U100/><E100/><V106/><F78/><W75/><G12/><T92/><D102/><U26/><E59/><N who="2" m="33271" /><F9/><W69/><G69/><T82/><D58/><U57/><E57/><V42/><F42/><W53/><G53/><T4/><D6/><AGARI ba="0,0" hai="1,6,8,84,87,104,106,107" m="33271,51274" machi="6" ten="40,1300,0" yaku="20,1" doraHai="105" who="2" fromWho="0" sc="161,-13,295,0,317,13,227,0" owari="148,-35.2,295,9.5,330,43.0,227,-17.3" /></mjloggm>