<mjloggm ver="2.3"><GO type="225" lobby="0"/><UN n0="%E3%82%B5%E3%83%AB%E3%82%B7%E3%83%B3" n1="%E2%91%A3%E9%81%BF%E9%81%8A%E6%88%AF%E3%80%90%E6%9D%B1%E5%8D%97%E3%80%91" n2="%E3%83%B4%E3%83%A0%EF%BC%99%E3%81%A6" n3="%48%61%61%61%6C%61%6E%64" dan="16,16,17,17" rate="2113.34,2121.61,2193.84,2141.51" sx="M,M,M,M"/><TAIKYOKU oya="0"/><INIT seed="0,0,0,0,4,117" ten="250,250,250,250" oya="0" hai0="54,78,134,98,48,5,64,44,17,103,41,135,89" hai1="126,69,0,2,121,109,87,85,14,56,34,25,115" hai2="7,97,1,26,63,53,124,45,62,23,3,38,22" hai3="19,82,8,73,20,93,52,125,75,13,9,88,49"/><T102/><D78/><U46/><E69/><V84/><F124/><W35/><G35/><T79/><D79/><U33/><E126/><V67/><F84/><W68/><G68/><T119/><D119/><U100/><E115/><V114/><F114/><W80/><G125/><T55/><D5/><U11/><E100/><N who="0" m="38441" /><D64/><U6/><E46/><V32/><F45/><N who="3" m="27695" /><G75/><T77/><D77/><U132/><E56/><V86/><F86/><N who="3" m="52375" /><G73/><T31/><D31/><U71/><E87/><V21/><F32/><W120/><G120/><T110/><D110/><U70/><E85/><V83/><F38/><W57/><G57/><T111/><D111/><U16/><E71/><V76/><F76/><W37/><G37/><T94/><D17/><U43/><E70/><V81/><F7/><W18/><G18/><T91/><D91/><U15/><E109/><V65/><F1/><W108/><G108/><T101/><D89/><U39/><E121/><V60/><F3/><W116/><G116/><T30/><D30/><U128/><E0/><V122/><F122/><W113/><G113/><T47/><D47/><U28/><E34/><V104/><F104/><W66/><G66/><T74/><D74/><U112/><E112/><V133/><F65/><W95/><G95/><T24/><D55/><U92/><E92/><V50/><F53/><W12/><G12/><T58/><D54/><U90/><E15/><V36/><F36/><W42/><G42/><T105/><D58/><U59/><E59/><V127/><F67/><W130/><G130/><T40/><D105/><U4/><E128/><V106/><F127/><RYUUKYOKU ba="0,0" sc="250,-10,250,-10,250,-10,250,30" hai3="8,9,13,19,20,80,82" /><INIT seed="1,1,0,1,5,126" ten="240,240,240,280" oya="1" hai0="0,71,23,82,96,21,66,25,102,100,45,15,30" hai1="11,35,85,63,101,51,89,129,59,65,64,55,118" hai2="14,124,106,88,57,108,3,27,50,13,73,17,33" hai3="133,31,116,122,52,56,61,94,87,7,123,68,81"/><U104/><E118/><V38/><F38/><W44/><G116/><T115/><D0/><U83/><E35/><V130/><F73/><W84/><G133/><T16/><D115/><U125/><E125/><V9/><F124/><W36/><G68/><T54/><D71/><U112/><E112/><V6/><F106/><W103/><G31/><T34/><D66/><U5/><E104/><V75/><F75/><W90/><G7/><T97/><D34/><U39/><E39/><V77/><F77/><W93/><G93/><T91/><D82/><U72/><E101/><N who="0" m="39017" /><D91/><U62/><E72/><V105/><F105/><W26/><G26/><T69/><D69/><U32/><E32/><V29/><F13/><W24/><G24/><T10/><D23/><U41/><E41/><V95/><F108/><W98/><REACH who="3" step="1"/><G84/><REACH who="3" ten="240,240,240,270" step="2"/><T92/><D92/><U128/><E5/><V1/><F6/><W74/><G74/><T18/><D30/><U20/><E20/><V117/><F117/><W111/><G111/><T134/><D134/><U110/><E11/><V60/><F29/><W12/><G12/><T107/><D107/><U53/><E110/><V49/><F9/><W86/><G86/><T121/><D121/><U2/><E2/><V70/><F1/><W37/><G37/><T58/><D45/><N who="1" m="27887" /><E63/><AGARI ba="1,1" hai="10,15,16,18,21,25,54,58,63,96,97" m="39017" machi="63" ten="30,2000,0" yaku="8,1,54,1" doraHai="126" who="0" fromWho="1" sc="240,33,240,-23,240,0,270,0" /><INIT seed="2,0,0,2,3,3" ten="273,217,240,270" oya="2" hai0="53,10,79,16,74,106,54,38,25,37,39,62,118" hai1="44,32,111,34,94,134,27,87,71,1,48,122,105" hai2="91,7,127,40,124,6,121,41,78,76,86,110,107" hai3="20,114,99,46,33,135,130,50,45,52,132,30,59"/><V80/><F107/><W72/><G130/><T63/><D106/><U89/><E122/><V23/><F23/><W133/><G114/><T82/><D118/><U36/><E36/><V128/><F128/><W2/><G33/><T31/><D63/><U18/><E1/><V49/><F121/><W117/><G117/><T15/><REACH who="0" step="1"/><D62/><REACH who="0" ten="263,217,240,270" step="2"/><U112/><E105/><V19/><F124/><W69/><G133/><T14/><D14/><U4/><E134/><V51/><F127/><W17/><G132/><T83/><D83/><U43/><E112/><V8/><F110/><W58/><G135/><T88/><D88/><U61/><E111/><V93/><F76/><W126/><G2/><T26/><D26/><U81/><E71/><V9/><F78/><W102/><G69/><T70/><D70/><U12/><E61/><V29/><F80/><W68/><G68/><T24/><D24/><U125/><E125/><V104/><F104/><W123/><G126/><T115/><D115/><U108/><E108/><V13/><F13/><W120/><G123/><T85/><D85/><U131/><E131/><V119/><F86/><W47/><G120/><T66/><D66/><U42/><E81/><V92/><F119/><W57/><G72/><T101/><D101/><U90/><E89/><V64/><F91/><W100/><G100/><T95/><D95/><U5/><E27/><V109/><F109/><W22/><G102/><T116/><D116/><U113/><E113/><V11/><F64/><W28/><G99/><T56/><D56/><U97/><E87/><V65/><F65/><W60/><G60/><RYUUKYOKU ba="0,1" sc="263,30,217,-10,240,-10,270,-10" hai0="10,15,16,25,31,37,38,39,53,54,74,79,82" /><INIT seed="3,1,1,1,1,2" ten="293,207,230,260" oya="3" hai0="96,102,47,75,113,40,130,50,14,15,52,82,62" hai1="120,105,9,55,133,127,111,107,124,122,70,10,104" hai2="68,31,37,72,118,39,58,128,35,80,4,69,126" hai3="0,125,53,19,64,12,67,121,63,46,51,99,97"/><W42/><G121/><N who="1" m="46698" /><E55/><V57/><F118/><W79/><G125/><N who="1" m="48202" /><E70/><V20/><F126/><W16/><G0/><T54/><D130/><U18/><E133/><V36/><F20/><N who="3" m="11271" /><G79/><T98/><D113/><U77/><E18/><V27/><F128/><W123/><G123/><T41/><D54/><U131/><E131/><V81/><F57/><N who="3" m="35247" /><G19/><T92/><D62/><U61/><E61/><V88/><F69/><W49/><G49/><T21/><D21/><U134/><E134/><V108/><F35/><W116/><G116/><T112/><D112/><U74/><E111/><V94/><F108/><W93/><G97/><T22/><D96/><U89/><E89/><AGARI ba="1,1" hai="42,46,51,64,67,89,93,99" m="35247,11271" machi="89" ten="30,2900,0" yaku="8,1,54,1" doraHai="2" who="3" fromWho="1" sc="293,0,207,-32,230,0,260,42" owari="293,9.3,175,-32.5,230,-17.0,302,40.2" /></mjloggm>