<mjloggm ver="2.3"><GO type="225" lobby="0"/><UN n0="%E9%B3%B3%E6%9D%B1%E3%81%AE%E3%81%86%E3%81%95%E3%81%8E%E3%81%95%E3%82%93" n1="%72%69%6F%75%63%68%61%6E" n2="%E3%82%A2%E3%82%A4%E3%82%B9%E3%83%86%E3%82%A3%E3%83%BC%E3%81%82%E3%81%B9" n3="%E3%82%B2%E3%82%B9%E8%8C%82%E5%8B%9D" dan="17,16,16,16" rate="2231.94,2136.71,2107.30,2094.06" sx="M,M,M,F"/><TAIKYOKU oya="0"/><INIT seed="0,0,0,2,2,44" ten="250,250,250,250" oya="0" hai0="108,81,84,41,122,36,111,120,26,21,118,64,110" hai1="99,116,102,128,124,91,134,119,48,6,77,104,25" hai2="66,10,15,101,107,114,132,129,24,100,43,28,90" hai3="135,31,89,39,94,61,93,51,45,87,62,115,105"/><T27/><D118/><U32/><E128/><V46/><F114/><W95/><G115/><T126/><D126/><U17/><E134/><V52/><F132/><W117/><G117/><T83/><D64/><U63/><E124/><V13/><F13/><W16/><G135/><T49/><D36/><U47/><E6/><V82/><F107/><W12/><G105/><T40/><D83/><U88/><E77/><V123/><F66/><W42/><G31/><N who="0" m="17871" /><D27/><U75/><E75/><V60/><F129/><W86/><G39/><T30/><D30/><U53/><E63/><N who="3" m="24074" /><G89/><N who="0" m="51343" /><D41/><U96/><E91/><V80/><F82/><W72/><G72/><T131/><D131/><U33/><E33/><V121/><F24/><W20/><AGARI ba="0,0" hai="12,16,20,42,45,51,86,87,93,94,95" m="24074" machi="20" ten="30,4000,0" yaku="8,1,52,1,54,1" doraHai="44" who="3" fromWho="3" sc="250,-20,250,-10,250,-10,250,40" /><INIT seed="1,0,0,1,3,134" ten="230,240,240,290" oya="1" hai0="112,107,102,21,103,123,18,74,10,129,120,27,57" hai1="124,60,46,98,42,56,132,51,93,26,127,79,100" hai2="41,99,55,119,67,0,104,50,40,63,84,44,83" hai3="43,117,135,35,14,85,4,109,91,131,65,87,86"/><U71/><E132/><V80/><F0/><W39/><G135/><T118/><D112/><U73/><E71/><V28/><F119/><W96/><G109/><T75/><D118/><U101/><E100/><N who="0" m="38441" /><D107/><U105/><E93/><V5/><F5/><W25/><G117/><T47/><D129/><U78/><E26/><V15/><F15/><W113/><G113/><T121/><D57/><U23/><E23/><V128/><F99/><W34/><G131/><T30/><D47/><U29/><E29/><V13/><F104/><W66/><G43/><T106/><D106/><U122/><E122/><N who="0" m="31233" /><T133/><DORA hai="36" /><D133/><U89/><E89/><V70/><F83/><W125/><G39/><T58/><D58/><U48/><E48/><V53/><F128/><W2/><G2/><T88/><D88/><U45/><E45/><V94/><F94/><W61/><G96/><T54/><D54/><N who="1" m="33815" /><E73/><N who="0" m="27657" /><D10/><U8/><E8/><V95/><F95/><W19/><G91/><T33/><D33/><U77/><E78/><V17/><F55/><W38/><G35/><T82/><D82/><U37/><E37/><V92/><F92/><W32/><G38/><T11/><D11/><U111/><E111/><V68/><F70/><W62/><G32/><T3/><D3/><U130/><E130/><V97/><F97/><W31/><G4/><T52/><D52/><U1/><E1/><V6/><F6/><W110/><G110/><T69/><D69/><U16/><E77/><V59/><F68/><W20/><G66/><T90/><D90/><U72/><E79/><V12/><F67/><W9/><G34/><RYUUKYOKU ba="0,0" sc="230,30,240,-10,240,-10,290,-10" hai0="18,21,27,30" /><INIT seed="2,1,0,4,4,97" ten="260,230,230,280" oya="2" hai0="50,49,89,14,66,36,6,29,31,60,16,109,74" hai1="4,11,113,68,86,120,52,70,82,20,45,1,87" hai2="78,56,13,54,19,122,92,104,65,98,124,126,79" hai3="132,134,30,8,33,121,47,130,105,15,63,38,23"/><V42/><F104/><W88/><G121/><T39/><D74/><U43/><E113/><V118/><F118/><W69/><G105/><T7/><D109/><U59/><E120/><V96/><F65/><W76/><G76/><T119/><D119/><U62/><E20/><V53/><F42/><W10/><G33/><T32/><D39/><U127/><E127/><N who="2" m="48683" /><F98/><W102/><G102/><T37/><D37/><U111/><E111/><V129/><F129/><W24/><G130/><T81/><D36/><U35/><E35/><V55/><F56/><W135/><G15/><T9/><D32/><U106/><E106/><V114/><F114/><W77/><G77/><T27/><D31/><U22/><E22/><N who="2" m="11631" /><F122/><W46/><G46/><T112/><D29/><U93/><E93/><V18/><F18/><W116/><G116/><T57/><D112/><U108/><E108/><V94/><F94/><W71/><G71/><T61/><D27/><U2/><E2/><V34/><F34/><W17/><G30/><T41/><D41/><U110/><E110/><V99/><F99/><W51/><G38/><T64/><D6/><U125/><E125/><V83/><F83/><W85/><G69/><N who="1" m="26730" /><E82/><V67/><F67/><N who="0" m="25642" /><D7/><U72/><E43/><V21/><F21/><W91/><G91/><AGARI ba="1,0" hai="53,54,55,78,79,91,92,96" m="11631,48683" machi="91" ten="30,1500,0" yaku="18,1" doraHai="97" who="2" fromWho="3" sc="260,0,230,0,230,18,280,-18" /><INIT seed="2,2,0,4,5,134" ten="260,230,248,262" oya="2" hai0="96,55,110,80,78,94,120,86,9,122,35,72,68" hai1="25,46,135,130,11,65,63,82,119,30,41,40,4" hai2="47,90,124,59,108,92,117,58,0,111,87,2,97" hai3="1,22,69,20,6,105,57,125,98,93,132,95,100"/><V60/><F117/><W85/><G69/><T33/><D68/><U32/><E119/><V56/><F60/><W83/><G132/><T44/><D9/><U28/><E135/><V19/><F124/><W37/><G37/><T104/><D55/><U64/><E130/><V12/><F47/><W121/><G121/><T36/><D110/><N who="2" m="42026" /><F87/><W61/><G125/><T50/><D36/><U13/><E30/><V67/><F67/><W75/><G75/><T115/><D115/><U34/><E32/><V129/><F129/><W5/><G93/><T52/><D33/><U29/><E29/><V38/><F38/><W114/><G105/><T3/><D35/><U128/><E128/><V126/><F126/><W123/><G123/><T91/><D3/><U103/><E103/><AGARI ba="2,0" hai="44,50,52,72,78,80,86,91,94,96,103,104,120,122" machi="103" ten="40,5200,0" yaku="24,2,54,1" doraHai="134" who="0" fromWho="1" sc="260,58,230,-58,248,0,262,0" /><INIT seed="3,0,0,1,4,82" ten="318,172,248,262" oya="3" hai0="66,83,118,41,129,68,128,127,15,132,103,4,94" hai1="29,17,38,123,57,114,122,23,106,113,9,33,84" hai2="61,115,16,131,74,43,30,36,42,13,1,108,98" hai3="46,92,99,31,107,70,51,12,40,35,97,126,55"/><W28/><G126/><T105/><D118/><U5/><E106/><V19/><F1/><W90/><G70/><T45/><D105/><U78/><E38/><V72/><F115/><W101/><G35/><T44/><D127/><U0/><E57/><V8/><F108/><W73/><G73/><T102/><D132/><U26/><E78/><V109/><F109/><W88/><G90/><T39/><D83/><U112/><E84/><V119/><F30/><W24/><G24/><AGARI ba="0,0" hai="0,5,9,17,23,24,26,29,33,112,113,114,122,123" machi="24" ten="40,5200,0" yaku="34,3" doraHai="82" who="1" fromWho="3" sc="318,0,172,52,248,0,262,-52" owari="318,41.8,224,-17.6,248,4.8,210,-29.0" /></mjloggm>