<mjloggm ver="2.3"><GO type="225" lobby="0"/><UN n0="%E8%B6%85%E7%B4%9A%E9%B3%B3%E5%87%B0" n1="%E7%89%B9%E6%9D%B1%E3%81%AF%E4%B8%96%E7%95%8C%E3%82%92%E6%95%91%E3%81%86" n2="%E5%A4%9C%E3%81%AE%E3%82%AC%E3%82%B9%E3%83%91%E3%83%BC%E3%83%AB" n3="%E4%BF%BA%E3%81%A8%E5%A6%96%E5%A4%A2" dan="16,16,17,17" rate="2202.79,2129.59,2235.05,2212.19" sx="F,M,M,F"/><TAIKYOKU oya="0"/><INIT seed="0,0,0,5,2,83" ten="250,250,250,250" oya="0" hai0="101,105,121,34,57,60,30,110,128,11,66,109,61" hai1="125,97,70,1,14,25,53,88,102,12,123,127,56" hai2="63,94,13,9,112,131,6,71,116,26,81,19,36" hai3="119,74,80,41,86,84,27,69,77,79,0,28,73"/><T39/><D121/><U75/><E123/><V68/><F112/><W132/><G119/><T114/><D114/><U4/><E70/><V18/><F36/><W133/><G69/><T129/><D39/><U96/><E75/><V65/><F116/><W117/><G117/><T90/><D11/><N who="1" m="2447" /><E25/><V45/><F131/><N who="0" m="50250" /><D61/><N who="1" m="35983" /><E88/><V51/><F71/><W95/><G41/><T32/><D90/><U58/><E58/><V20/><F81/><N who="3" m="47151" /><G0/><T15/><D15/><N who="1" m="5675" /><E102/><V23/><F68/><W111/><G27/><N who="0" m="18527" /><D34/><U107/><E107/><V100/><F26/><W93/><G28/><T22/><D22/><U55/><E96/><AGARI ba="0,0" hai="57,60,66,96,101,105,109,110" m="18527,50250" machi="96" ten="30,1500,0" yaku="19,1" doraHai="83" who="0" fromWho="1" sc="250,15,250,-15,250,0,250,0" /><INIT seed="0,1,0,0,5,20" ten="265,235,250,250" oya="0" hai0="42,73,9,60,8,103,110,132,109,69,57,101,62" hai1="25,80,17,67,4,36,66,119,74,117,91,79,108" hai2="93,31,47,38,10,120,18,94,65,37,99,113,45" hai3="92,78,39,81,88,118,53,2,0,76,11,102,75"/><T86/><D73/><U1/><E108/><N who="0" m="41577" /><D132/><U61/><E67/><V89/><F120/><W64/><G118/><T85/><D42/><U44/><E91/><V131/><F113/><W7/><G39/><T52/><D62/><U71/><E17/><V129/><F65/><W95/><G0/><T15/><D69/><U105/><E25/><V46/><F31/><W12/><G64/><T121/><D9/><N who="1" m="2191" /><E105/><V116/><F116/><W48/><G76/><T27/><D121/><U112/><E112/><V98/><F18/><W68/><G68/><T97/><D27/><U87/><E87/><N who="0" m="33289" /><D97/><U96/><E96/><V130/><REACH who="2" step="1"/><F10/><REACH who="2" ten="265,235,240,250" step="2"/><W50/><G11/><T123/><D123/><U106/><E106/><V49/><F49/><W5/><G48/><T111/><N who="0" m="41585" /><T28/><DORA hai="35" /><D28/><U24/><E24/><V30/><F30/><W107/><G107/><T128/><D128/><U134/><E134/><V124/><F124/><W14/><G5/><AGARI ba="1,1" hai="5,8,15,52,57,60,101,103" m="33289,41585" machi="5" ten="40,7700,0" yaku="14,1,10,1,54,1" doraHai="20,35" who="0" fromWho="3" sc="265,90,235,0,240,0,250,-80" /><INIT seed="0,2,0,0,1,38" ten="355,235,240,170" oya="0" hai0="9,21,94,87,36,120,26,111,76,20,46,72,118" hai1="74,73,44,49,88,123,67,65,91,127,114,119,63" hai2="8,85,68,13,103,41,99,55,23,83,54,77,24" hai3="11,93,104,3,58,33,5,112,37,18,57,131,81"/><T80/><D118/><U19/><E119/><V113/><F68/><W0/><G104/><T108/><D120/><U56/><E123/><V2/><F2/><W86/><G112/><T42/><D9/><U61/><E127/><V12/><F113/><W40/><G131/><T1/><D1/><U43/><E114/><V62/><F41/><W31/><G0/><T102/><D26/><U124/><E124/><V59/><F55/><W106/><G106/><T122/><D122/><U10/><E74/><V60/><F60/><W64/><G93/><T89/><REACH who="0" step="1"/><D102/><REACH who="0" ten="345,235,240,170" step="2"/><U47/><E73/><V78/><F8/><W70/><G11/><T48/><D48/><U129/><E129/><V98/><F103/><W117/><G3/><T116/><D116/><U29/><E29/><V14/><F78/><W66/><G31/><AGARI ba="2,1" hai="12,13,14,23,24,31,54,59,62,77,83,85,98,99" machi="31" ten="40,1300,0" yaku="8,1" doraHai="38" who="2" fromWho="3" sc="345,0,235,0,240,29,170,-19" /><INIT seed="1,0,0,1,4,36" ten="345,235,269,151" oya="1" hai0="120,65,121,118,46,77,17,11,96,126,83,72,30" hai1="56,122,103,51,128,117,123,68,125,74,90,84,82" hai2="34,59,79,115,49,4,92,131,55,75,97,44,108" hai3="0,78,25,80,22,18,54,119,67,26,130,7,31"/><U88/><E68/><V135/><F34/><W132/><G132/><T109/><D118/><U13/><E117/><V99/><F135/><W106/><G119/><T69/><D109/><U48/><E128/><V52/><F108/><W37/><G130/><T100/><D126/><U50/><E125/><V57/><F131/><W58/><G106/><T101/><D30/><U19/><E103/><V45/><F4/><W29/><G37/><T6/><D17/><U8/><E74/><V47/><F115/><W28/><G67/><T85/><D85/><U110/><E110/><V23/><F23/><W62/><G7/><T113/><D113/><U104/><E104/><V38/><F38/><W81/><G0/><T86/><D86/><U102/><E102/><V105/><F105/><W114/><G114/><T42/><D65/><U43/><E90/><V21/><F21/><W61/><G61/><T89/><D69/><U112/><E112/><V95/><F92/><W133/><G133/><T93/><D121/><U73/><E73/><V1/><F1/><W2/><G2/><N who="0" m="471" /><D120/><U10/><E43/><V70/><F70/><W87/><REACH who="3" step="1"/><G80/><REACH who="3" ten="345,235,269,141" step="2"/><T91/><D83/><U9/><E123/><V3/><F3/><W16/><G16/><T39/><D39/><U116/><E122/><V66/><F66/><W129/><G129/><T63/><D63/><U14/><E116/><V40/><F95/><W71/><G71/><T60/><D93/><U76/><E19/><V20/><F49/><W98/><G98/><T127/><D96/><U64/><E51/><V35/><F99/><W24/><AGARI ba="0,1" hai="18,22,24,25,26,28,29,31,54,58,62,78,81,87" machi="24" ten="30,7900,0" yaku="1,1,5,1,0,1,8,1,53,0" doraHai="36" doraHaiUra="124" who="3" fromWho="3" sc="345,-20,235,-39,269,-20,141,89" /><INIT seed="2,0,0,3,5,70" ten="325,196,249,230" oya="2" hai0="104,17,89,68,75,12,131,74,46,40,49,2,3" hai1="30,100,112,65,47,69,48,5,124,14,16,62,57" hai2="67,115,38,88,11,0,127,126,20,73,53,123,35" hai3="32,23,83,29,25,109,71,81,128,91,41,133,19"/><V132/><F115/><W1/><G71/><T92/><D104/><U130/><E130/><V103/><F123/><W118/><G118/><T45/><D68/><U6/><E124/><N who="2" m="47659" /><F35/><W54/><G128/><T27/><D131/><U36/><E112/><V72/><F132/><W87/><G133/><T61/><D27/><U34/><E100/><V120/><F120/><W93/><G1/><T58/><D46/><U119/><E119/><V44/><F67/><W76/><G109/><T125/><D125/><U42/><E30/><V22/><F103/><W113/><G113/><T78/><D78/><U79/><E34/><V82/><F53/><W85/><G41/><T86/><D3/><U94/><E94/><V99/><F11/><W114/><G114/><T51/><D2/><U26/><E26/><V31/><F0/><W43/><G43/><T9/><D51/><U107/><E107/><V101/><F31/><W18/><G32/><T134/><D134/><U66/><E79/><V96/><F44/><W97/><REACH who="3" step="1"/><G54/><AGARI ba="0,0" hai="9,12,17,40,45,49,54,58,61,74,75,86,89,92" machi="54" ten="30,1000,0" yaku="7,1" doraHai="70" who="0" fromWho="3" sc="325,10,196,0,249,0,230,-10" /><INIT seed="3,0,0,1,5,86" ten="335,196,249,220" oya="3" hai0="6,4,103,33,116,22,68,92,112,23,81,75,32" hai1="36,45,30,91,123,88,108,65,113,87,18,48,26" hai2="111,10,46,124,16,47,114,100,43,96,107,117,130" hai3="78,17,50,106,21,53,122,63,5,3,39,31,51"/><W74/><G122/><T72/><D116/><U73/><E123/><V11/><F114/><W64/><G39/><T62/><D112/><U119/><E113/><V79/><F117/><W8/><G106/><T133/><D133/><U19/><E119/><V77/><F111/><W27/><G78/><T25/><D62/><U29/><E73/><V13/><F124/><W102/><G74/><T59/><D59/><U125/><E36/><V61/><F130/><W131/><G102/><T109/><D68/><U0/><E0/><V38/><F47/><W52/><G131/><T115/><D115/><U14/><E108/><V134/><F134/><W55/><REACH who="3" step="1"/><G31/><REACH who="3" ten="335,196,249,210" step="2"/><T20/><D75/><U90/><E125/><V12/><F79/><W71/><AGARI ba="0,1" hai="3,5,8,17,21,27,50,51,52,53,55,63,64,71" machi="71" ten="30,18000,2" yaku="1,1,2,1,0,1,54,1,53,3" doraHai="86" doraHaiUra="49" who="3" fromWho="3" sc="335,-60,196,-60,249,-60,210,190" owari="275,7.5,136,-36.4,189,-21.1,400,50.0" /></mjloggm>