<mjloggm ver="2.3"><GO type="225" lobby="0"/><UN n0="%E3%81%A8%E3%82%93%E3%81%A8%E3%81%93%E3%81%A8%E3%82%93" n1="%E3%82%A2%E3%82%A4%E3%82%B9%E3%83%86%E3%82%A3%E3%83%BC%E3%81%82%E3%81%B9" n2="%E5%A4%96%E5%B7%9D%E7%AB%9C%E6%88%90" n3="%6D%75%75%6D%75%72%61" dan="16,16,16,16" rate="2158.72,2129.07,2167.40,2137.48" sx="F,M,M,F"/><TAIKYOKU oya="0"/><INIT seed="0,0,0,4,1,128" ten="250,250,250,250" oya="0" hai0="64,39,82,60,68,5,71,88,106,7,121,30,84" hai1="108,123,21,130,109,90,43,72,8,55,44,42,98" hai2="131,114,4,54,11,132,31,96,52,13,118,26,122" hai3="77,62,18,112,10,111,45,103,51,53,19,117,58"/><T57/><D121/><U28/><E123/><V115/><F122/><W14/><G117/><T85/><D39/><U22/><E72/><V110/><F118/><W116/><G116/><T74/><D74/><U127/><E130/><V66/><F131/><W50/><G111/><N who="1" m="42570" /><E127/><V17/><F110/><W48/><G112/><T76/><D106/><U32/><E8/><V24/><F66/><W3/><G3/><T67/><D30/><U33/><E55/><V12/><F96/><W80/><G103/><T101/><D101/><U38/><E43/><V65/><F65/><W56/><G19/><T23/><D23/><N who="1" m="8715" /><E28/><V9/><F31/><W46/><REACH who="3" step="1"/><G56/><REACH who="3" ten="250,250,250,240" step="2"/><T100/><D100/><U75/><E75/><AGARI ba="0,1" hai="10,14,18,45,46,48,50,51,53,58,62,75,77,80" machi="75" ten="40,2600,0" yaku="1,1,2,1,53,0" doraHai="128" doraHaiUra="36" who="3" fromWho="1" sc="250,0,250,-26,250,0,240,36" /><INIT seed="1,0,0,2,2,114" ten="250,224,250,276" oya="1" hai0="132,99,110,86,81,135,131,42,21,25,19,117,60" hai1="57,65,39,63,20,35,89,45,14,30,85,61,15" hai2="12,47,120,24,67,56,1,54,16,106,27,33,82" hai3="73,8,18,108,17,91,88,127,94,122,41,80,107"/><U6/><E35/><V2/><F120/><W3/><G107/><T96/><D110/><U123/><E123/><V23/><F106/><W113/><G113/><T28/><D131/><U38/><E38/><V111/><F111/><W62/><G122/><T115/><D115/><U69/><E6/><V87/><F33/><W40/><G108/><T97/><D42/><N who="3" m="16489" /><G73/><T58/><D28/><U105/><E105/><V100/><F100/><W31/><G3/><T9/><D9/><U53/><E45/><V134/><F134/><W104/><G104/><T72/><D72/><U126/><E39/><V92/><F92/><W93/><G127/><T102/><D102/><U0/><E0/><V4/><F1/><W129/><G129/><T11/><D11/><U46/><E46/><V64/><F47/><W22/><G62/><T26/><D26/><BYE who="0" /><N who="2" m="9770" /><F4/><W79/><G31/><T128/><D128/><U51/><E63/><N who="2" m="36247" /><F2/><UN n0="%E3%81%A8%E3%82%93%E3%81%A8%E3%81%93%E3%81%A8%E3%82%93" /><W133/><G22/><T125/><D125/><U103/><E103/><V66/><F66/><W5/><G133/><T7/><D7/><U37/><E37/><V43/><F43/><W98/><G5/><T71/><D71/><U116/><E126/><V70/><F70/><W68/><G68/><T32/><D32/><U59/><E69/><V44/><F44/><W50/><G8/><T49/><D117/><U78/><E116/><V76/><AGARI ba="0,0" hai="12,16,23,64,67,76,82,87" m="36247,9770" machi="76" ten="30,2000,0" yaku="8,1,54,1" doraHai="114" who="2" fromWho="2" sc="250,-5,224,-10,250,20,276,-5" /><INIT seed="2,0,0,2,3,135" ten="245,214,270,271" oya="2" hai0="114,124,107,86,14,52,81,111,112,75,101,27,29" hai1="35,79,44,94,98,42,66,38,119,87,92,110,134" hai2="77,41,6,121,33,23,132,49,80,3,0,20,71" hai3="36,53,2,133,116,16,82,113,54,109,34,127,118"/><V72/><F121/><W125/><G133/><T84/><D111/><U46/><E134/><V24/><F71/><W131/><G34/><T15/><D75/><U102/><E110/><V68/><F68/><W96/><G109/><T120/><D120/><U21/><E35/><V128/><F128/><W12/><G2/><T61/><D101/><U78/><E119/><N who="3" m="45610" /><G36/><T1/><D107/><U40/><E66/><V103/><F103/><W104/><G104/><T83/><D1/><U26/><E94/><V95/><F95/><W88/><G131/><T105/><D105/><U45/><E87/><V67/><F67/><W123/><G123/><T99/><D99/><U48/><REACH who="1" step="1"/><E46/><REACH who="1" ten="245,204,270,271" step="2"/><V126/><F33/><W117/><G117/><T43/><D112/><U13/><E13/><V37/><F132/><W5/><G113/><T106/><D14/><U74/><E74/><V65/><F65/><W55/><G96/><T57/><D15/><U22/><E22/><V4/><F0/><W39/><G5/><T58/><D106/><U10/><E10/><V31/><F20/><W51/><G82/><T76/><D114/><U130/><E130/><V70/><F6/><W90/><G12/><T7/><D7/><U63/><E63/><V73/><F73/><W85/><G85/><T60/><D84/><U56/><E56/><V8/><F3/><W25/><G25/><T108/><D83/><U115/><E115/><V129/><F129/><W64/><G64/><N who="0" m="38927" /><D108/><U9/><E9/><V32/><F32/><W93/><G93/><T59/><D59/><U100/><E100/><V11/><F80/><RYUUKYOKU ba="0,1" sc="245,-10,204,30,270,-10,271,-10" hai1="21,26,38,40,42,44,45,48,78,79,92,98,102" /><INIT seed="3,1,1,4,1,133" ten="235,234,260,261" oya="3" hai0="29,72,10,101,50,118,15,123,108,98,116,52,36" hai1="86,77,51,12,128,24,91,75,121,93,3,69,124" hai2="48,67,2,56,66,8,14,63,88,80,126,78,46" hai3="74,58,110,125,39,132,7,70,26,20,62,6,1"/><W120/><G120/><T94/><D123/><U43/><E121/><V117/><F117/><W104/><G132/><T102/><D36/><U25/><E3/><V114/><F114/><W113/><G113/><T127/><D72/><U33/><E69/><V83/><F2/><W22/><G70/><T99/><D108/><U37/><E37/><V55/><F126/><W134/><G134/><T81/><D81/><N who="1" m="47407" /><E75/><V95/><F78/><W109/><G104/><T119/><D29/><U64/><E33/><V79/><F67/><W21/><G74/><T27/><D27/><N who="1" m="10315" /><E124/><V68/><F79/><W13/><G1/><T122/><D122/><U18/><E128/><V135/><F68/><W106/><G106/><T96/><D127/><U92/><E64/><V30/><F30/><N who="3" m="17735" /><G39/><T129/><D129/><U111/><E111/><N who="3" m="42506" /><G125/><T47/><REACH who="0" step="1"/><D102/><REACH who="0" ten="225,234,260,261" step="2"/><U89/><E91/><V107/><F135/><W38/><G38/><T41/><D41/><U85/><E43/><V35/><F35/><W84/><G13/><T73/><D73/><U115/><E115/><V44/><F14/><W11/><G84/><T112/><D112/><U31/><E31/><V16/><F83/><W5/><G11/><T42/><D42/><U4/><E85/><N who="2" m="52623" /><F80/><W60/><G21/><T17/><AGARI ba="1,2" hai="10,15,17,47,50,52,94,96,98,99,101,116,118,119" machi="17" ten="30,4000,0" yaku="1,1,0,1,54,1,53,0" doraHai="133" doraHaiUra="0" who="0" fromWho="0" sc="225,63,234,-11,260,-11,261,-21" /><INIT seed="4,0,0,0,3,88" ten="288,223,249,240" oya="0" hai0="121,50,130,66,105,123,95,54,85,32,9,131,122" hai1="7,117,89,56,34,124,33,2,67,106,40,115,23" hai2="58,15,94,35,47,100,128,102,48,83,68,92,119" hai3="74,19,25,70,42,18,46,60,11,79,5,39,65"/><T107/><D32/><U98/><E117/><V71/><F35/><W57/><G25/><T1/><D66/><U38/><E124/><V17/><F71/><W55/><G79/><T0/><D95/><N who="2" m="36394" /><F68/><W91/><G91/><T53/><D85/><U99/><E89/><V80/><F119/><W86/><G86/><T77/><D77/><U22/><E115/><V21/><F58/><W69/><G74/><T3/><D9/><U120/><E120/><V28/><F28/><W49/><REACH who="3" step="1"/><G69/><REACH who="3" ten="288,223,249,230" step="2"/><T30/><D122/><U110/><E34/><V24/><F24/><W45/><G45/><T104/><D121/><U59/><E33/><V90/><F128/><W4/><G4/><T44/><D123/><U75/><E75/><V64/><F90/><W127/><G127/><T129/><D30/><U41/><E7/><V73/><F73/><W51/><G51/><T8/><D129/><U61/><E38/><V62/><F83/><W134/><G134/><T20/><D130/><U114/><E59/><N who="2" m="36959" /><F80/><W14/><AGARI ba="0,1" hai="5,11,14,18,19,39,42,46,49,55,57,60,65,70" machi="14" ten="20,12000,2" yaku="1,1,0,1,7,1,24,2,53,1" doraHai="88" doraHaiUra="10" who="3" fromWho="3" sc="288,-60,223,-30,249,-30,230,130" owari="228,2.8,193,-30.7,219,-18.1,360,46.0" /></mjloggm>