<mjloggm ver="2.3"><GO type="225" lobby="0"/><UN n0="%6D%75%75%73%61%6E%6D%75" n1="%E8%A8%88%E7%AE%97%E6%A9%9F%E8%87%AA%E7%84%B6" n2="%28%EF%BF%A3%E2%96%BD%EF%BF%A3%29%CE%B4%E2%8C%92%E3%83%BB" n3="%E7%B4%94%E6%BD%94%E3%83%94%E3%83%A9%E3%83%8B%E3%82%A2" dan="16,17,17,17" rate="2096.49,2179.45,2265.60,2226.28" sx="F,M,M,M"/><TAIKYOKU oya="0"/><INIT seed="0,0,0,3,4,98" ten="250,250,250,250" oya="0" hai0="102,44,69,64,91,45,86,104,49,0,101,30,73" hai1="81,121,122,33,83,103,7,20,66,48,36,74,54" hai2="129,72,113,134,61,112,17,82,90,92,65,46,19" hai3="6,4,58,135,2,80,105,1,76,10,63,133,79"/><T32/><D73/><U12/><E33/><V89/><F134/><N who="3" m="51211" /><G105/><T120/><D120/><U118/><E36/><V11/><F129/><W26/><G26/><T114/><D114/><U116/><E66/><V37/><F90/><W84/><G6/><T107/><D0/><U95/><E20/><V52/><F82/><N who="1" m="31241" /><E54/><V27/><F72/><W15/><G79/><T67/><D32/><U40/><E48/><V60/><F37/><W88/><G76/><T34/><D34/><U75/><E40/><V131/><F19/><W119/><G119/><N who="1" m="45610" /><E12/><V100/><F11/><W18/><G18/><T42/><D30/><U21/><E21/><V35/><F35/><W94/><G80/><T78/><D78/><U14/><E14/><V130/><F112/><W38/><G38/><T39/><D49/><U59/><E7/><V53/><F17/><W71/><G71/><T16/><D16/><U47/><E74/><V87/><F113/><W106/><G106/><N who="0" m="40491" /><D69/><U5/><E5/><V23/><F23/><W93/><G94/><N who="0" m="54647" /><D39/><U13/><E75/><V97/><F27/><W22/><G22/><T124/><D124/><U57/><E13/><V132/><F132/><W3/><G1/><T50/><D44/><U125/><E47/><V43/><F46/><W28/><G28/><T24/><D24/><U115/><E115/><V70/><F43/><W77/><G77/><T108/><D108/><U55/><E125/><V29/><F29/><W51/><G51/><T109/><D109/><U111/><E111/><V9/><F9/><W99/><G84/><T110/><D110/><U68/><E68/><RYUUKYOKU ba="0,0" sc="250,15,250,-15,250,-15,250,15" hai0="42,45,50,64,67,101,102" hai3="2,3,4,10,15,58,63,88,93,99" /><INIT seed="0,1,0,3,0,13" ten="265,235,235,265" oya="0" hai0="46,28,102,72,79,44,3,45,86,69,64,91,35" hai1="25,66,129,119,58,96,104,42,21,39,130,120,48" hai2="68,49,122,75,90,85,76,131,101,38,33,47,10" hai3="106,93,8,132,29,67,123,92,114,99,57,30,43"/><T107/><D3/><U1/><E119/><V134/><F33/><W80/><G114/><T7/><D7/><U70/><E120/><V60/><F38/><W6/><G132/><T94/><D72/><U61/><E1/><V87/><F122/><W15/><G123/><T108/><D79/><U23/><E39/><V26/><F134/><W98/><G43/><T63/><D108/><U88/><E104/><V112/><F131/><N who="1" m="50185" /><E42/><V113/><F101/><N who="3" m="60615" /><G80/><T52/><D107/><U11/><E11/><V40/><F26/><W5/><G5/><T83/><D35/><U124/><E124/><V133/><F133/><W2/><G106/><T121/><D28/><U53/><E25/><V78/><F10/><W14/><G14/><T111/><D121/><U77/><E77/><N who="2" m="29803" /><F75/><W4/><G4/><T117/><D111/><U32/><E32/><V115/><F90/><N who="3" m="55735" /><G2/><T55/><D117/><U126/><E126/><V97/><F97/><W103/><G103/><T54/><REACH who="0" step="1"/><D102/><REACH who="0" ten="255,235,235,265" step="2"/><U27/><E27/><V41/><F115/><W73/><G73/><T59/><D59/><U71/><E71/><V65/><F113/><W81/><G6/><T18/><D18/><U135/><E135/><V127/><F112/><W118/><G30/><T95/><AGARI ba="1,1" hai="44,45,46,52,54,55,63,64,69,83,86,91,94,95" machi="95" ten="40,7800,0" yaku="1,1,0,1,54,1,53,0" doraHai="13" doraHaiUra="125" who="0" fromWho="0" sc="255,91,235,-27,235,-27,265,-27" /><INIT seed="0,2,0,5,0,104" ten="346,208,208,238" oya="0" hai0="74,133,103,24,123,73,16,10,9,121,32,12,119" hai1="19,21,43,37,114,39,93,58,120,22,125,76,98" hai2="6,83,80,106,31,130,38,112,20,97,35,92,118" hai3="0,128,62,75,8,87,134,15,17,50,48,69,27"/><T52/><D119/><U78/><E120/><V122/><F38/><W129/><G0/><T53/><D133/><U33/><E33/><V47/><F122/><W7/><G134/><T36/><D36/><U54/><E125/><V40/><F112/><W64/><G75/><T70/><D70/><U86/><E114/><V25/><F106/><W55/><G87/><T63/><D121/><U131/><E131/><N who="3" m="50250" /><G55/><T94/><D123/><U84/><E43/><V108/><F130/><W116/><G116/><T46/><D10/><U44/><E44/><V102/><F118/><W82/><G82/><T101/><D53/><U56/><E54/><V113/><F113/><W11/><G11/><T2/><D2/><U1/><E1/><V41/><F108/><W79/><G79/><T107/><D107/><U26/><E98/><V89/><F6/><W90/><G90/><T127/><D127/><U13/><E93/><N who="2" m="58671" /><F35/><W4/><G4/><T99/><D101/><U135/><E135/><V85/><F47/><W126/><G126/><T14/><D46/><U3/><E3/><V117/><F117/><W5/><G7/><T124/><D12/><U29/><E37/><V57/><F57/><N who="1" m="22121" /><E39/><V60/><F60/><W30/><G5/><T42/><D124/><U71/><E71/><V61/><F61/><W96/><G96/><T88/><D103/><U115/><E115/><V72/><F72/><W111/><G111/><T51/><D42/><AGARI ba="2,0" hai="20,25,31,40,41,42,80,83,85,89,92" m="58671" machi="42" ten="30,1000,0" yaku="8,1" doraHai="104" who="2" fromWho="0" sc="346,-16,208,0,208,16,238,0" /><INIT seed="1,0,0,1,2,82" ten="330,208,224,238" oya="1" hai0="117,58,119,67,24,98,8,14,109,38,100,23,122" hai1="41,71,5,89,49,76,43,135,66,35,77,19,130" hai2="118,83,7,11,1,112,40,17,97,121,12,123,47" hai3="94,103,31,46,68,57,34,29,101,25,63,4,86"/><U62/><E35/><V26/><F118/><W64/><G4/><T36/><D36/><U21/><E130/><V18/><F112/><W110/><G110/><T99/><D38/><U55/><E135/><V37/><F97/><W133/><G133/><T74/><D74/><U48/><E5/><V96/><F96/><W27/><G68/><T90/><D109/><U80/><E89/><V50/><F26/><W54/><G54/><T30/><D122/><U92/><E92/><V79/><F50/><W93/><G46/><T22/><D98/><U60/><E60/><V75/><REACH who="2" step="1"/><F18/><REACH who="2" ten="330,208,214,238" step="2"/><W52/><G101/><T126/><D24/><U15/><E48/><V111/><F111/><W107/><G103/><T3/><D117/><U72/><REACH who="1" step="1"/><E76/><REACH who="1" ten="330,198,214,238" step="2"/><V42/><F42/><W127/><G63/><T32/><D119/><U53/><E53/><V115/><F115/><W87/><G52/><T114/><D114/><U56/><AGARI ba="0,2" hai="15,19,21,41,43,49,55,56,62,66,71,72,77,80" machi="56" ten="20,3900,0" yaku="1,1,0,1,7,1,53,0" doraHai="82" doraHaiUra="132" who="1" fromWho="1" sc="330,-13,198,59,214,-13,238,-13" /><INIT seed="1,1,0,4,4,29" ten="317,257,201,225" oya="1" hai0="124,19,36,64,22,105,80,8,130,116,113,75,102" hai1="2,93,37,108,38,5,85,101,67,90,33,94,60" hai2="134,74,103,65,20,16,71,12,40,32,54,44,131" hai3="121,7,91,125,73,115,48,14,11,47,132,18,3"/><U87/><E108/><V21/><F74/><W34/><G115/><T27/><D113/><U100/><E2/><V59/><F131/><W30/><G121/><T122/><D116/><U52/><E5/><V81/><F134/><W6/><G73/><T119/><D119/><U104/><E104/><V89/><F103/><W96/><G125/><T98/><D36/><U79/><E33/><V62/><F32/><W4/><G132/><T9/><D124/><U1/><E1/><V10/><F89/><W128/><G128/><T56/><D130/><U83/><E52/><V84/><F84/><W109/><G109/><T42/><D42/><U86/><E101/><V53/><F81/><W15/><G96/><T45/><D45/><U120/><E120/><V69/><F69/><W112/><G91/><T107/><D107/><U28/><E28/><V57/><F71/><W111/><G111/><T46/><D46/><U92/><E86/><V99/><F99/><W97/><G97/><T13/><D122/><U78/><E100/><V35/><F35/><W63/><G63/><T51/><D75/><U110/><E110/><V26/><F59/><W17/><G48/><T49/><D80/><N who="1" m="49447" /><E78/><V0/><F0/><W133/><G47/><T72/><D72/><U129/><E129/><V76/><F76/><W118/><G118/><T58/><D51/><U82/><E82/><V135/><F135/><W106/><G106/><T126/><D126/><U117/><E117/><V127/><F127/><W39/><G133/><T70/><D49/><U88/><E79/><V114/><F114/><W23/><G112/><RYUUKYOKU ba="1,0" sc="317,-10,257,30,201,-10,225,-10" hai1="37,38,60,67,83,87,88,92,93,94" /><INIT seed="1,2,0,4,5,41" ten="307,287,191,215" oya="1" hai0="80,50,34,111,131,62,31,16,25,61,113,124,11" hai1="60,87,108,53,52,121,36,77,89,95,32,22,110" hai2="75,105,135,23,33,134,14,107,5,8,46,85,48" hai3="117,0,1,40,106,51,83,122,81,125,65,74,112"/><U128/><E32/><V71/><F33/><W12/><G106/><T94/><D113/><U88/><E121/><V129/><F75/><W69/><G112/><T13/><D111/><N who="1" m="42539" /><E128/><V19/><F71/><W39/><G39/><T24/><D131/><U114/><E114/><V72/><F72/><W67/><G69/><T57/><D124/><U90/><E36/><V130/><F85/><W27/><G74/><T127/><D127/><U101/><E22/><V35/><F35/><W99/><G99/><T118/><D118/><U56/><E77/><V116/><F116/><W37/><G37/><T2/><D2/><U9/><E101/><V10/><F130/><W38/><G38/><T123/><D123/><U70/><E70/><V64/><F64/><W100/><G100/><T76/><D25/><U44/><E9/><V17/><F10/><W7/><G27/><T18/><D94/><U97/><E87/><V103/><F129/><W82/><G117/><T66/><D18/><U58/><E44/><V20/><F20/><W104/><G104/><N who="2" m="40009" /><F103/><W84/><G84/><N who="0" m="48135" /><D34/><U79/><E79/><V59/><F59/><W78/><G78/><T93/><D93/><U6/><E6/><V28/><F28/><W21/><G125/><T92/><D92/><U54/><E54/><N who="2" m="29975" /><F23/><W26/><G122/><T29/><D66/><U115/><E115/><V126/><F126/><W73/><G73/><T4/><D4/><U120/><E120/><V3/><F3/><N who="3" m="1099" /><G7/><T109/><D109/><U55/><E55/><V68/><F68/><W45/><G26/><T30/><D24/><U91/><E91/><RYUUKYOKU ba="2,0" sc="307,0,287,0,191,0,215,0" hai0="11,13,16,29,30,31,50,57,61,62" hai1="52,53,56,58,60,88,89,90,95,97" hai2="5,8,14,17,19,134,135" hai3="12,21,40,45,51,65,67,81,82,83" /><INIT seed="1,3,0,2,0,47" ten="307,287,191,215" oya="1" hai0="49,106,26,82,94,134,14,40,128,98,80,11,64" hai1="8,3,36,130,100,61,29,34,27,30,42,57,125" hai2="28,48,93,96,23,60,76,101,31,119,97,75,25" hai3="13,2,79,91,6,67,121,102,133,44,32,123,17"/><U120/><E120/><V38/><F38/><W127/><G91/><T73/><D106/><U5/><E130/><V65/><F119/><W129/><G67/><T63/><D128/><U9/><E125/><V103/><F75/><W24/><G79/><T104/><D104/><U71/><E29/><V41/><F76/><W84/><G84/><T16/><D73/><U50/><E100/><V72/><F72/><W108/><G44/><N who="0" m="25735" /><D134/><U33/><E36/><V66/><F31/><N who="3" m="19559" /><G102/><N who="0" m="60759" /><D26/><U51/><E71/><V114/><F114/><W7/><G133/><T110/><D110/><U105/><E105/><V92/><F60/><W20/><G108/><T19/><D19/><U87/><E33/><V68/><F68/><W89/><G89/><T124/><D124/><U58/><E42/><V12/><F12/><N who="3" m="9255" /><G129/><T35/><D35/><U56/><E61/><V54/><F41/><W99/><G99/><T74/><D74/><U46/><E87/><V78/><F78/><W1/><G13/><T95/><D95/><U135/><E135/><V53/><F53/><W83/><G83/><N who="0" m="31787" /><D63/><U86/><E86/><V132/><F132/><W21/><G127/><T55/><D55/><U15/><REACH who="1" step="1"/><E46/><AGARI ba="3,0" hai="23,25,28,46,48,54,65,66,92,93,96,97,101,103" machi="46" ten="30,7700,0" yaku="7,1,9,1,8,1,52,1" doraHai="47" who="2" fromWho="1" sc="307,0,287,-86,191,86,215,0" /><INIT seed="2,0,0,2,3,114" ten="307,201,277,215" oya="2" hai0="11,19,135,7,24,8,65,18,5,38,72,82,53" hai1="92,59,40,108,86,74,97,126,4,23,33,81,109" hai2="22,113,115,0,52,99,67,39,128,56,21,32,60" hai3="133,25,12,68,1,42,71,47,104,57,121,70,55"/><V49/><F32/><W48/><G1/><T83/><D38/><U76/><E33/><V111/><F0/><W101/><G121/><T45/><D135/><U28/><E4/><N who="0" m="1609" /><D72/><U63/><E40/><V84/><F39/><W43/><G133/><T129/><D65/><U64/><E126/><V89/><F128/><W34/><G12/><N who="0" m="7431" /><D129/><U13/><E74/><V17/><F111/><W96/><G34/><T93/><D93/><U94/><E94/><V20/><F99/><W119/><G25/><T27/><D11/><U10/><E10/><V35/><F35/><W50/><REACH who="3" step="1"/><G43/><REACH who="3" ten="307,201,277,205" step="2"/><T134/><D134/><U36/><E36/><V103/><F115/><W118/><AGARI ba="0,1" hai="42,47,48,50,55,57,68,70,71,96,101,104,118,119" machi="118" ten="40,8000,1" yaku="1,1,2,1,0,1,52,2,53,0" doraHai="114" doraHaiUra="80" who="3" fromWho="3" sc="307,-20,201,-20,277,-40,205,90" /><INIT seed="3,0,0,0,1,97" ten="287,181,237,295" oya="3" hai0="1,109,35,51,36,5,102,93,24,75,18,53,103" hai1="114,76,73,129,128,33,28,25,123,34,57,3,126" hai2="50,89,4,21,2,68,65,125,11,14,116,26,79" hai3="115,7,44,96,45,29,106,124,20,132,81,66,55"/><W70/><G115/><T80/><D36/><U32/><E57/><V67/><F116/><W135/><G7/><T82/><D109/><U127/><E76/><V43/><F125/><N who="1" m="47625" /><E73/><V10/><F68/><W52/><G124/><T121/><D75/><U71/><E71/><V117/><F117/><W6/><G6/><T37/><D37/><U91/><E91/><V92/><F79/><W107/><G81/><N who="0" m="31339" /><D121/><U40/><E40/><V47/><F11/><W84/><G84/><T9/><D1/><U63/><E63/><V59/><F59/><W101/><G106/><T17/><D35/><N who="1" m="13387" /><E114/><V111/><F2/><W88/><G88/><T56/><D24/><U62/><E62/><V119/><F111/><W112/><G112/><T105/><D105/><U131/><E3/><V27/><F119/><W22/><G66/><N who="2" m="25097" /><F21/><W12/><G70/><T39/><D39/><U120/><AGARI ba="0,0" hai="25,28,34,120,123,128,129,131" m="13387,47625" machi="120" ten="40,8000,1" yaku="19,1,18,1,23,1,34,2" doraHai="97" who="1" fromWho="1" sc="287,-20,181,80,237,-20,295,-40" /><INIT seed="4,0,0,3,0,32" ten="267,261,217,255" oya="0" hai0="1,10,68,51,21,38,7,64,65,120,3,45,29" hai1="14,98,76,129,16,118,131,41,95,49,46,47,77" hai2="40,115,92,56,109,87,78,42,105,88,5,107,128" hai3="31,114,134,54,63,91,55,67,93,86,13,23,81"/><T57/><D38/><U102/><E118/><V99/><F109/><W113/><G134/><T119/><D68/><U26/><E26/><V15/><F128/><W6/><G6/><T72/><D72/><U135/><E135/><V101/><F115/><N who="3" m="44043" /><G13/><T20/><D119/><U111/><E111/><V112/><F112/><W96/><G23/><T75/><D75/><U27/><E27/><V58/><F107/><W50/><G50/><T71/><D71/><U127/><E127/><V106/><F106/><W123/><G31/><T85/><D120/><U90/><E46/><V25/><F25/><W52/><G123/><T126/><D126/><U39/><E39/><V132/><F132/><W19/><G19/><T8/><D29/><U110/><E110/><V62/><F78/><N who="3" m="46391" /><G54/><T133/><D133/><U28/><E28/><V122/><F122/><W35/><G35/><T83/><D57/><AGARI ba="0,0" hai="52,55,57,63,67,91,93,96" m="46391,44043" machi="57" ten="30,2000,0" yaku="15,1,54,1" doraHai="32" who="3" fromWho="0" sc="267,-20,261,0,217,0,255,20" /><INIT seed="5,0,0,3,2,89" ten="247,261,217,275" oya="1" hai0="46,105,102,67,24,20,128,130,73,84,65,4,44" hai1="25,70,103,125,5,38,87,45,29,21,79,109,34" hai2="51,111,95,98,22,91,31,2,93,11,10,62,19" hai3="72,88,132,9,82,117,32,1,42,40,17,96,23"/><U76/><E70/><V12/><F111/><W43/><G32/><T110/><D73/><U123/><E123/><V124/><F124/><W71/><G71/><T108/><D4/><U6/><E125/><V16/><F2/><W28/><G132/><T104/><D84/><U50/><E38/><V27/><F62/><W14/><G117/><T75/><D20/><U99/><E34/><V106/><F106/><N who="0" m="41066" /><D24/><U83/><E76/><V118/><F118/><W54/><G54/><T33/><D102/><U47/><E47/><N who="0" m="17961" /><D75/><U35/><E35/><V100/><F51/><W121/><G121/><T58/><D58/><U122/><E109/><N who="0" m="42089" /><D33/><U8/><E8/><N who="2" m="3115" /><F12/><W97/><G1/><T64/><AGARI ba="0,0" hai="64,65,67,128,130" m="42089,17961,41066" machi="64" ten="40,2700,0" yaku="28,2" doraHai="89" who="0" fromWho="0" sc="247,27,261,-13,217,-7,275,-7" /><INIT seed="6,0,0,4,1,56" ten="274,248,210,268" oya="2" hai0="7,23,53,17,21,11,64,34,83,42,106,110,19" hai1="14,71,94,63,18,117,98,102,113,29,16,52,134" hai2="4,46,78,70,93,57,30,107,60,35,101,75,9" hai3="2,89,123,68,80,97,5,105,26,62,15,6,127"/><V67/><F93/><W118/><G123/><T1/><D34/><U126/><E117/><V111/><F57/><W124/><G118/><T115/><D106/><U88/><E113/><V38/><F111/><W28/><G2/><T85/><D42/><U108/><E108/><V119/><F119/><W8/><G6/><T0/><D53/><U100/><E126/><N who="3" m="48170" /><G80/><T77/><D110/><U20/><E134/><V51/><F51/><W33/><G89/><T125/><D115/><U61/><E29/><V130/><F130/><W69/><G62/><N who="1" m="23562" /><E71/><V86/><F86/><W22/><G33/><T76/><D64/><U103/><E18/><V10/><F4/><W65/><G65/><T66/><D66/><U91/><E91/><V87/><F87/><W132/><G132/><T122/><D122/><U99/><E52/><V32/><F32/><W82/><G82/><T96/><D83/><U90/><E88/><V43/><F78/><W45/><G69/><T49/><D76/><U36/><E36/><V92/><F92/><AGARI ba="0,0" hai="14,16,20,90,92,94,98,99,100,102,103" m="23562" machi="92" ten="30,8000,1" yaku="8,1,52,3,54,1" doraHai="56" who="1" fromWho="2" sc="274,0,248,80,210,-80,268,0" owari="274,7.4,328,42.8,130,-37.0,268,-13.2" /></mjloggm>