<mjloggm ver="2.3"><GO type="225" lobby="0"/><UN n0="%E3%81%AA%E3%82%81%E3%81%93%E9%9B%80%E5%A3%AB" n1="%28%EF%BF%A3%E2%96%BD%EF%BF%A3%29%CE%B4%E2%8C%92%E3%83%BB" n2="%2D%E8%B1%8A%E5%8F%A3%E3%82%81%E3%81%90%E3%81%BF%2D" n3="%E4%BA%BA%E9%96%93%E3%83%81%E3%83%A3%E3%83%BC%E3%83%8F%E3%83%B3" dan="16,16,17,16" rate="2059.37,2141.63,2185.72,2093.41" sx="M,M,F,M"/><TAIKYOKU oya="0"/><INIT seed="0,0,0,4,2,88" ten="250,250,250,250" oya="0" hai0="71,27,19,126,116,79,13,125,12,87,68,104,95" hai1="31,35,120,3,117,118,133,124,61,22,65,48,69" hai2="7,128,90,23,102,75,110,92,16,15,40,57,62" hai3="74,44,20,8,86,60,50,37,54,58,1,103,78"/><T46/><D104/><U39/><E3/><V52/><F110/><W98/><G74/><T59/><D116/><U105/><E120/><V89/><F128/><W14/><G37/><T18/><D59/><U77/><E77/><V111/><F111/><W28/><G1/><T26/><D79/><U24/><E124/><V33/><F75/><W9/><G78/><T82/><D87/><U10/><E10/><N who="2" m="4575" /><F40/><W56/><G86/><T135/><D135/><U107/><E133/><V76/><F33/><W72/><G72/><T85/><D85/><U36/><E48/><V0/><F0/><W121/><G58/><T109/><D109/><U67/><E22/><V93/><F76/><W30/><G121/><T53/><D53/><U21/><E21/><V64/><F64/><W129/><G20/><T84/><D84/><U122/><E67/><V106/><F106/><N who="1" m="40457" /><E122/><V51/><F51/><W91/><G9/><T45/><D82/><U66/><E66/><V101/><F89/><W115/><G129/><T4/><D4/><U38/><AGARI ba="0,0" hai="24,31,35,36,38,39,61,65,69,117,118" m="40457" machi="38" ten="40,1500,0" yaku="23,1" doraHai="88" who="1" fromWho="1" sc="250,-7,250,15,250,-4,250,-4" /><INIT seed="1,0,0,0,4,105" ten="243,265,246,246" oya="1" hai0="48,128,79,59,117,68,31,123,133,22,5,33,40" hai1="32,11,72,41,67,30,49,73,115,108,134,8,101" hai2="112,114,66,64,10,2,77,118,28,38,20,43,86" hai3="130,39,63,13,50,35,89,46,116,17,51,55,37"/><U52/><E115/><N who="2" m="44075" /><F118/><W12/><G35/><T87/><D117/><U9/><E41/><V122/><F122/><W124/><G116/><T56/><D68/><U34/><E101/><V94/><F43/><W132/><G124/><T47/><D33/><U0/><E0/><V74/><F38/><W113/><G113/><T121/><D133/><U62/><E134/><V3/><F20/><W88/><G132/><T99/><D99/><U93/><E93/><V126/><F28/><W14/><G130/><T24/><D5/><U106/><E106/><V71/><F126/><W131/><G131/><T75/><D87/><U127/><E127/><V25/><F25/><W27/><G39/><T80/><REACH who="0" step="1"/><D128/><REACH who="0" ten="233,265,246,246" step="2"/><U95/><E34/><V120/><F71/><W111/><G111/><T83/><D83/><U18/><E108/><V65/><F120/><AGARI ba="0,1" hai="22,24,31,40,47,48,56,59,75,79,80,120,121,123" machi="120" ten="40,8000,1" yaku="1,1,13,1,52,1,53,2" doraHai="105" doraHaiUra="54" who="0" fromWho="2" sc="233,90,265,0,246,-80,246,0" /><INIT seed="2,0,0,3,2,130" ten="323,265,166,246" oya="2" hai0="87,35,23,34,79,14,95,63,38,100,47,37,111" hai1="58,117,77,104,120,71,36,118,90,69,116,76,2" hai2="6,114,44,91,21,107,119,101,55,39,109,0,22" hai3="113,18,99,84,88,67,29,103,9,48,28,110,52"/><V17/><F114/><W102/><G113/><T131/><D111/><U93/><E104/><V97/><F119/><W135/><G110/><T46/><D34/><U98/><E36/><V43/><F109/><W115/><G115/><T78/><D35/><U53/><E2/><V124/><F124/><W27/><G67/><T80/><D79/><U33/><E33/><V134/><F134/><W50/><G135/><T3/><D3/><U64/><E120/><V83/><F55/><W25/><G48/><T8/><D38/><U57/><E57/><V133/><F133/><W12/><G27/><T73/><D23/><U65/><E65/><V49/><F49/><W16/><G18/><T26/><D26/><U112/><E112/><V13/><F22/><N who="3" m="15415" /><G99/><N who="0" m="59519" /><D73/><U68/><REACH who="1" step="1"/><E64/><REACH who="1" ten="323,255,166,246" step="2"/><V127/><F127/><W45/><G29/><T92/><D37/><U126/><E126/><V60/><F60/><AGARI ba="0,1" hai="53,58,60,68,69,71,76,77,90,93,98,116,117,118" machi="60" ten="50,1600,0" yaku="1,1,53,0" doraHai="130" doraHaiUra="61" who="1" fromWho="2" sc="323,0,255,26,166,-16,246,0" /><INIT seed="3,0,0,1,1,47" ten="323,281,150,246" oya="3" hai0="38,60,14,44,23,58,113,35,40,8,80,3,19" hai1="51,64,5,20,130,67,41,13,36,118,110,7,39" hai2="16,105,74,124,24,70,77,86,84,102,96,43,75" hai3="66,83,57,116,91,9,88,50,10,15,94,11,134"/><W101/><G116/><T49/><D113/><U32/><E32/><V103/><F70/><W104/><G134/><T87/><D35/><U82/><E118/><V76/><F43/><W6/><G104/><T95/><D3/><U133/><E133/><V22/><F124/><W46/><G101/><T115/><D95/><U31/><E39/><V90/><F103/><W71/><G71/><T0/><D0/><U100/><E36/><V128/><F128/><W12/><G83/><T72/><D72/><U121/><E110/><V45/><F45/><W42/><G94/><T69/><D69/><U99/><E130/><V62/><F62/><N who="3" m="38223" /><G10/><T123/><D123/><U55/><E41/><V34/><F34/><W119/><G119/><T125/><D125/><U53/><E53/><V135/><F135/><W73/><G73/><T18/><D38/><U68/><E82/><V81/><REACH who="2" step="1"/><F76/><REACH who="2" ten="323,281,140,246" step="2"/><W61/><G61/><T107/><D60/><U127/><E127/><V63/><F63/><W131/><G131/><T109/><D44/><U85/><E68/><V1/><F1/><W29/><G29/><T59/><D40/><U112/><E100/><V97/><F97/><W132/><G132/><T79/><D79/><U78/><E78/><V17/><F17/><AGARI ba="0,1" hai="6,9,11,12,15,17,42,46,50,88,91" m="38223" machi="17" ten="30,5800,0" yaku="8,1,52,1,54,1" doraHai="47" who="3" fromWho="2" sc="323,0,281,0,140,-58,246,68" /><INIT seed="3,1,0,5,3,134" ten="323,281,82,314" oya="3" hai0="62,79,4,77,71,55,127,95,101,69,80,92,129" hai1="13,110,88,117,99,6,25,32,43,89,48,2,36" hai2="64,37,15,115,82,85,50,74,9,47,45,56,16" hai3="103,78,122,59,86,30,46,126,116,123,5,107,8"/><W0/><G116/><T34/><D34/><U21/><E36/><V7/><F115/><W120/><G126/><T98/><D127/><U67/><E117/><V57/><F74/><W112/><G112/><T72/><D129/><U35/><E110/><V28/><F37/><W75/><G30/><T54/><D79/><U93/><E2/><V104/><F104/><W1/><G86/><T44/><D4/><U132/><E132/><V121/><F121/><W3/><G59/><T83/><D83/><U18/><E67/><V14/><F28/><W17/><G17/><T20/><D55/><U10/><REACH who="1" step="1"/><E89/><REACH who="1" ten="323,271,82,314" step="2"/><V105/><F105/><W102/><G46/><AGARI ba="1,1" hai="6,10,13,18,21,25,32,35,43,46,48,88,93,99" machi="46" ten="40,5200,0" yaku="1,1,2,1,54,1,53,0" doraHai="134" doraHaiUra="53" who="1" fromWho="3" sc="323,0,271,65,82,0,314,-55" owari="323,12.3,336,43.6,82,-41.8,259,-14.1" /></mjloggm>