<mjloggm ver="2.3"><GO type="225" lobby="0"/><UN n0="%30%2E%31%32%30" n1="%E3%83%8F%E3%83%B3%E3%83%89%E3%83%A9%E3%83%BC%E3%83%BB%E3%83%AF%E3%83%B3" n2="%E3%83%9D%E3%82%B1%E3%83%83%E3%83%88" n3="%6C%61%6D%62" dan="16,17,16,16" rate="2150.18,2178.22,2121.58,2176.47" sx="M,M,M,M"/><TAIKYOKU oya="0"/><INIT seed="0,0,0,0,5,97" ten="250,250,250,250" oya="0" hai0="9,50,20,3,127,12,1,123,26,69,134,90,111" hai1="11,5,56,89,19,28,45,73,27,103,7,117,47" hai2="87,105,74,129,0,65,24,124,13,17,85,122,59" hai3="76,66,102,125,107,37,96,99,115,35,68,14,43"/><T52/><D123/><U98/><E117/><V4/><F122/><W6/><G115/><T63/><D111/><U33/><E73/><V126/><F74/><W18/><G35/><T72/><D72/><U114/><E114/><V71/><F71/><W38/><G6/><T135/><D127/><U95/><E56/><V41/><F105/><W116/><G116/><T62/><D90/><U128/><E128/><V88/><F41/><W51/><G76/><T2/><D2/><U109/><E109/><V100/><F24/><W16/><G125/><T110/><D110/><U57/><E57/><V93/><F129/><W60/><G99/><T64/><D63/><U36/><E36/><V101/><F124/><W10/><REACH who="3" step="1"/><G18/><REACH who="3" ten="250,250,250,240" step="2"/><T42/><D135/><U75/><E5/><V44/><F126/><W92/><G92/><T70/><D134/><U25/><E7/><V131/><F4/><W133/><G133/><T54/><D1/><U81/><E19/><V83/><F0/><W119/><G119/><T132/><D3/><U55/><E95/><V82/><F131/><W118/><G118/><T80/><D132/><U30/><E98/><V86/><F93/><W49/><G49/><T34/><D34/><U121/><E33/><V104/><F17/><W53/><G53/><T58/><D54/><U130/><E55/><V61/><F83/><W46/><AGARI ba="0,1" hai="10,14,16,37,38,43,46,51,60,66,68,96,102,107" machi="46" ten="30,7900,0" yaku="1,1,0,1,52,1,54,1,53,0" doraHai="97" doraHaiUra="23" who="3" fromWho="3" sc="250,-39,250,-20,250,-20,240,89" /><INIT seed="1,0,0,4,0,41" ten="211,230,230,329" oya="1" hai0="105,73,16,93,63,22,45,37,110,75,24,39,33" hai1="87,35,109,122,104,34,134,5,67,131,31,27,108" hai2="60,115,54,133,26,7,99,95,58,19,82,84,89" hai3="44,8,10,47,68,98,14,111,120,94,46,18,112"/><U92/><E122/><V121/><F133/><W117/><G112/><T103/><D110/><N who="1" m="42603" /><E104/><V38/><F115/><W96/><G120/><T113/><D113/><U11/><E134/><V81/><F121/><W13/><G111/><T80/><D105/><U59/><E131/><V20/><F38/><W32/><G32/><T130/><D130/><U53/><E67/><V40/><F40/><W70/><G117/><T100/><D33/><N who="1" m="20735" /><E92/><V49/><F7/><W71/><REACH who="3" step="1"/><G94/><REACH who="3" ten="211,230,230,319" step="2"/><T50/><D93/><U86/><E34/><V48/><REACH who="2" step="1"/><F82/><REACH who="2" ten="211,230,220,319" step="2"/><W4/><AGARI ba="0,2" hai="4,8,10,13,14,18,44,46,47,68,70,71,96,98" machi="4" ten="40,12000,2" yaku="1,1,2,1,0,1,52,3,53,0" doraHai="41" doraHaiUra="62" who="3" fromWho="3" sc="211,-30,230,-60,220,-30,319,140" /><INIT seed="2,0,0,3,3,49" ten="181,170,190,459" oya="2" hai0="82,84,37,72,124,118,43,85,105,101,109,65,106" hai1="11,87,100,79,4,60,89,21,73,34,127,19,92" hai2="3,113,9,111,81,110,129,14,116,114,119,135,13" hai3="51,104,130,69,5,17,108,41,59,131,10,63,39"/><V7/><F81/><W93/><G104/><T62/><D72/><U133/><E34/><V91/><F91/><W24/><G39/><T112/><D109/><N who="2" m="41482" /><F129/><N who="3" m="49163" /><G69/><T15/><D82/><U33/><E33/><V52/><F52/><N who="3" m="34279" /><G93/><T77/><D105/><U103/><E133/><V115/><F135/><W120/><G17/><T70/><D106/><U46/><E127/><V2/><F2/><W31/><G120/><T99/><D124/><U107/><E107/><V68/><F68/><W25/><G108/><T80/><D70/><U35/><E35/><V74/><F74/><W58/><G31/><T76/><D80/><U42/><E103/><V95/><F95/><W126/><G126/><T66/><D101/><U45/><E100/><V57/><F57/><W48/><G58/><T86/><D37/><U97/><E73/><V67/><F67/><W83/><G83/><T96/><D65/><U12/><E79/><V30/><F30/><W8/><G51/><T18/><D66/><U64/><E97/><V117/><AGARI ba="0,0" hai="3,7,9,13,14,113,114,115,116,117,119" m="41482" machi="117" ten="50,12000,1" yaku="14,1,10,1,34,2" doraHai="49" who="2" fromWho="2" sc="181,-40,170,-40,190,120,459,-40" /><INIT seed="2,1,0,4,4,10" ten="141,130,310,419" oya="2" hai0="3,101,55,134,90,36,32,107,82,52,83,49,24" hai1="92,56,60,122,9,125,26,108,78,73,93,59,27" hai2="121,117,96,35,95,103,12,115,126,62,87,129,70" hai3="18,42,40,6,130,15,25,124,50,39,97,28,89"/><V72/><F115/><W41/><G39/><T99/><D36/><U22/><E108/><V81/><F117/><W128/><G6/><T57/><D3/><U76/><E125/><V84/><F121/><W102/><G89/><T135/><D90/><U123/><E9/><V63/><F35/><W4/><G4/><T106/><D106/><U13/><E73/><V7/><F126/><W74/><G74/><T47/><D32/><U45/><E45/><V80/><F72/><W65/><G65/><T19/><D24/><U98/><E22/><V111/><F129/><N who="3" m="49771" /><G124/><T100/><D100/><U51/><E51/><V109/><F70/><W110/><G50/><N who="0" m="28767" /><D19/><U119/><E60/><N who="2" m="23083" /><F111/><W5/><G5/><T34/><D49/><U104/><E104/><V94/><F109/><W88/><G88/><T20/><D107/><U38/><E38/><V133/><F133/><W105/><G110/><T127/><D127/><U86/><E119/><V67/><F67/><W68/><G68/><T43/><D134/><U113/><E113/><V16/><F7/><W30/><G25/><T118/><D135/><U21/><E123/><V31/><F31/><W77/><G77/><T0/><D118/><U61/><E122/><V120/><F120/><W114/><G114/><T116/><D116/><U14/><E76/><V66/><F66/><W79/><G79/><T54/><D0/><U44/><E78/><V8/><F94/><W23/><AGARI ba="1,0" hai="15,18,23,28,30,40,41,42,97,102,105" m="49771" machi="23" ten="30,2000,0" yaku="19,1,52,1" doraHai="10" who="3" fromWho="3" sc="141,-6,130,-6,310,-11,419,23" /><INIT seed="3,0,0,4,2,94" ten="135,124,299,442" oya="3" hai0="130,73,21,55,87,61,120,11,32,49,0,71,84" hai1="123,3,59,8,91,82,115,77,53,14,66,41,97" hai2="127,4,65,102,51,98,6,24,33,64,122,47,44" hai3="92,90,105,110,89,70,27,96,99,34,29,2,67"/><W83/><G2/><T95/><D32/><U85/><E115/><V26/><F127/><W116/><G116/><T37/><D37/><U40/><E3/><V1/><F1/><W45/><G45/><T30/><D73/><U39/><E66/><V112/><F33/><W76/><G110/><T54/><D120/><U135/><E39/><V50/><F102/><W74/><G67/><T81/><D0/><U36/><E36/><V93/><F93/><W25/><G70/><T108/><D108/><U106/><E135/><V134/><F134/><W35/><G105/><T18/><D71/><U111/><E123/><V52/><F122/><W5/><G5/><T38/><D38/><U100/><E77/><V19/><F19/><W15/><G15/><N who="0" m="7551" /><D130/><U31/><E31/><V113/><REACH who="2" step="1"/><F52/><REACH who="2" ten="135,124,289,442" step="2"/><W86/><G92/><T48/><D95/><N who="1" m="58431" /><E111/><V126/><F126/><W109/><G34/><T129/><D54/><U80/><E106/><V107/><F107/><W101/><G35/><T7/><D55/><U119/><E119/><V103/><F103/><W75/><G29/><T58/><D30/><U23/><E82/><V69/><F69/><W121/><G83/><T22/><D81/><U42/><E23/><V104/><F104/><W114/><G121/><T79/><D21/><U124/><E124/><V117/><F117/><W63/><G101/><T131/><D22/><U57/><E53/><V68/><F68/><W128/><G128/><N who="0" m="49227" /><D79/><U60/><E60/><V132/><F132/><W13/><G76/><T88/><D88/><U43/><N who="1" m="10240" /><DORA hai="28" /><U20/><E20/><V46/><F46/><RYUUKYOKU ba="0,1" sc="135,-15,124,15,289,15,442,-15" hai1="8,14,57,59,80,85,91" hai2="4,6,24,26,44,47,50,51,64,65,98,112,113" owari="120,-38.0,139,-26.1,304,10.4,437,53.7" /></mjloggm>