<mjloggm ver="2.3"><GO type="225" lobby="0"/><UN n0="%4E%49%4A%49%49%52%4F" n1="%73%69%72%6F%75%74" n2="%4D%50%43%32%38%30%30" n3="%E9%BB%92%E9%89%84%E7%8F%A0%E9%9B%AB" dan="16,16,16,16" rate="2193.07,2042.75,2181.51,2190.39" sx="M,M,M,F"/><TAIKYOKU oya="0"/><INIT seed="0,0,0,2,5,9" ten="250,250,250,250" oya="0" hai0="13,87,118,130,93,67,84,113,60,43,33,135,26" hai1="6,128,70,31,52,25,41,47,54,123,132,116,74" hai2="66,35,99,88,86,30,133,44,92,20,119,122,1" hai3="14,4,15,82,105,0,100,97,17,64,50,110,73"/><T71/><D118/><U91/><E116/><V90/><F119/><W27/><G64/><T38/><D113/><U76/><E123/><V129/><F122/><W96/><G110/><T103/><D130/><U69/><E128/><V39/><F1/><W12/><G0/><T79/><D135/><U109/><E109/><V102/><F133/><W98/><G4/><T22/><D33/><U81/><E132/><V7/><F7/><W2/><G2/><T16/><D43/><U28/><E6/><V83/><F35/><W95/><G105/><T34/><D38/><U45/><E91/><V55/><F129/><W75/><G75/><T107/><D79/><U114/><E114/><V62/><F30/><W5/><G5/><T37/><D93/><U85/><E74/><V112/><F112/><W115/><G115/><T101/><D37/><U127/><E127/><V89/><F20/><N who="3" m="13711" /><G73/><T120/><D120/><U21/><E31/><V68/><REACH who="2" step="1"/><F55/><REACH who="2" ten="250,250,240,250" step="2"/><W8/><G8/><T10/><D34/><U58/><E54/><V124/><F124/><W48/><G82/><T117/><D117/><U65/><E65/><V59/><F59/><W57/><G57/><T53/><D53/><U125/><E125/><V18/><F18/><W29/><G29/><T80/><D107/><U23/><E21/><V49/><F49/><AGARI ba="0,1" hai="12,14,15,48,49,50,95,96,97,98,100" m="13711" machi="49" ten="30,7700,0" yaku="8,1,52,3" doraHai="9" who="3" fromWho="2" sc="250,0,250,0,240,-77,250,87" /><INIT seed="1,0,0,4,5,106" ten="250,250,163,337" oya="1" hai0="11,51,72,100,70,12,66,33,69,135,81,111,14" hai1="124,87,64,20,84,55,24,45,4,116,44,48,118" hai2="38,54,121,21,115,123,16,110,60,0,132,8,101" hai3="77,105,82,93,47,19,133,63,9,23,107,85,26"/><U13/><E124/><V78/><F38/><W6/><G133/><T114/><D114/><U18/><E64/><V36/><F36/><W113/><G113/><T108/><D135/><U130/><E130/><V99/><F132/><W7/><G7/><T128/><D33/><U46/><E118/><V79/><F115/><W30/><G30/><T41/><D128/><U119/><E119/><V76/><F110/><N who="0" m="42026" /><D100/><U3/><E3/><V25/><F60/><W91/><G63/><N who="0" m="40159" /><D70/><U103/><E103/><V102/><F102/><W28/><G28/><T125/><D125/><U109/><E109/><V37/><F37/><W57/><G57/><T1/><D1/><U97/><E116/><V29/><F54/><W80/><G47/><N who="1" m="17994" /><E97/><V71/><F71/><W35/><G35/><T15/><D51/><U104/><E104/><V94/><REACH who="2" step="1"/><F29/><REACH who="2" ten="250,250,153,337" step="2"/><W65/><G65/><T56/><D41/><U43/><E43/><V134/><F134/><W75/><G82/><T86/><D56/><U122/><E122/><V32/><F32/><W95/><G95/><T50/><D50/><U89/><E55/><V27/><F27/><W58/><G58/><T127/><D127/><U90/><E48/><V96/><F96/><W10/><G93/><T34/><D34/><U59/><E59/><V68/><F68/><W117/><G80/><T92/><D81/><N who="1" m="49295" /><E46/><V112/><F112/><W39/><G39/><T62/><D92/><U49/><E49/><V22/><F22/><W98/><G107/><T42/><D42/><U126/><E126/><V31/><F31/><W53/><G105/><T52/><D52/><RYUUKYOKU ba="0,1" sc="250,-10,250,-10,153,30,337,-10" hai2="0,8,16,21,25,76,78,79,94,99,101,121,123" /><INIT seed="2,1,1,0,0,12" ten="240,240,183,327" oya="2" hai0="117,128,4,48,100,45,1,79,41,33,9,18,70" hai1="5,19,111,88,53,115,71,86,77,103,121,112,131" hai2="35,28,67,3,17,66,110,127,55,40,6,49,30" hai3="125,60,114,99,38,124,134,29,7,108,122,25,89"/><V11/><F127/><N who="3" m="48715" /><G122/><T96/><D70/><U76/><E71/><V54/><F110/><W37/><G108/><T82/><D128/><U87/><E111/><V73/><F73/><W74/><G74/><T75/><D117/><U113/><E131/><V36/><F36/><W26/><G134/><T130/><D130/><U129/><E129/><V69/><F40/><W27/><G114/><T78/><D78/><U65/><E65/><V39/><F39/><N who="3" m="14859" /><G7/><T135/><D135/><U92/><E5/><V101/><F101/><W94/><G60/><T80/><D80/><U84/><E103/><V102/><F102/><W104/><G104/><T52/><D33/><AGARI ba="1,1" hai="25,26,27,29,33,89,94,99" m="14859,48715" machi="33" ten="30,1000,0" yaku="18,1" doraHai="12" who="3" fromWho="0" sc="240,-13,240,0,183,0,327,23" /><INIT seed="3,0,0,4,2,98" ten="227,240,183,350" oya="3" hai0="100,16,3,112,118,76,107,79,44,105,96,67,37" hai1="87,55,15,11,72,33,90,22,39,28,59,25,9" hai2="78,51,99,97,38,106,126,95,8,60,14,109,119" hai3="41,110,58,80,92,127,29,1,54,133,53,20,43"/><W30/><G1/><T52/><D118/><U48/><E72/><V93/><F38/><W117/><G117/><T4/><D107/><U91/><E91/><V130/><F119/><W116/><G116/><T121/><D121/><U104/><E104/><V34/><F34/><W111/><G133/><T89/><D112/><U75/><E75/><V46/><F126/><W81/><G92/><T134/><D134/><U17/><REACH who="1" step="1"/><E39/><REACH who="1" ten="227,230,183,350" step="2"/><V12/><F130/><W49/><G127/><T63/><D37/><U18/><E18/><V82/><F109/><W77/><G111/><T88/><D105/><U45/><E45/><V86/><F60/><N who="3" m="35919" /><G110/><T61/><D89/><U13/><E13/><V10/><F106/><W62/><G77/><T108/><D79/><U57/><E57/><V35/><F35/><W5/><G62/><T47/><D76/><U131/><E131/><V42/><F14/><W26/><G30/><T36/><D36/><U123/><E123/><V114/><F114/><W129/><G129/><T85/><D61/><U0/><E0/><V71/><F71/><W83/><G5/><T2/><D63/><U124/><E124/><V113/><F113/><W101/><G101/><T56/><D100/><U7/><E7/><N who="2" m="3103" /><F10/><W69/><G69/><T21/><D2/><U74/><E74/><V103/><F99/><W65/><G65/><T66/><D66/><U68/><E68/><V135/><F95/><AGARI ba="0,1" hai="9,11,15,17,22,25,28,33,48,55,59,87,90,95" machi="95" ten="30,8000,1" yaku="1,1,7,1,25,2,53,1" doraHai="98" doraHaiUra="27" who="1" fromWho="2" sc="227,0,230,90,183,-80,350,0" owari="227,-17.3,320,12.0,103,-39.7,350,45.0" /></mjloggm>