<mjloggm ver="2.3"><GO type="225" lobby="0"/><UN n0="%E3%81%82%E3%81%99%E3%81%AB%E3%82%83%E3%82%80" n1="%E3%81%8B%E3%82%8F%E3%81%A1%E3%82%83%E3%82%93%35%38" n2="%E9%A6%AC%E4%BA%86%E9%9A%94%E5%A3%81" n3="%E6%81%A5%E6%99%92%E3%81%97" dan="16,17,17,16" rate="2157.24,2156.58,2222.35,2124.71" sx="F,M,M,M"/><TAIKYOKU oya="0"/><INIT seed="0,0,0,3,5,63" ten="250,250,250,250" oya="0" hai0="43,17,38,68,2,112,103,3,11,119,7,67,81" hai1="106,76,108,79,49,48,24,135,60,8,27,65,110" hai2="91,88,118,54,66,19,131,123,42,41,89,36,34" hai3="122,124,129,32,20,1,128,55,72,18,99,104,28"/><T121/><D112/><U26/><E106/><V75/><F123/><W16/><G72/><T64/><D121/><U80/><E135/><V93/><F75/><W35/><G122/><T21/><D119/><U96/><E96/><V111/><F34/><N who="3" m="12843" /><G55/><T9/><D68/><U59/><E8/><V132/><F132/><W51/><G51/><T130/><D130/><N who="3" m="50281" /><G1/><T14/><D103/><U97/><E97/><V25/><F131/><W100/><G124/><T84/><D43/><N who="2" m="16394" /><F36/><W87/><G87/><T22/><D38/><U30/><E30/><V95/><F54/><W120/><G120/><T50/><D50/><U0/><E0/><V127/><F127/><W90/><G90/><T83/><D83/><U12/><E12/><V125/><F125/><W13/><G13/><T78/><REACH who="0" step="1"/><D2/><REACH who="0" ten="240,250,250,250" step="2"/><U126/><E126/><V29/><F118/><W116/><G116/><T47/><D47/><U44/><E49/><V74/><F91/><W31/><G31/><T45/><D45/><U117/><E117/><V105/><F29/><W39/><G39/><T23/><AGARI ba="0,1" hai="3,7,9,11,14,17,21,22,23,64,67,78,81,84" machi="23" ten="30,11700,0" yaku="1,1,0,1,52,2,53,0" doraHai="63" doraHaiUra="56" who="0" fromWho="0" sc="240,127,250,-39,250,-39,250,-39" /><INIT seed="0,1,0,3,2,25" ten="367,211,211,211" oya="0" hai0="116,50,122,117,119,43,34,39,31,99,44,3,63" hai1="16,51,102,83,89,33,21,65,81,37,71,12,24" hai2="79,4,68,130,52,111,8,91,18,58,9,2,61" hai3="109,5,97,104,95,48,98,85,1,66,126,20,35"/><T38/><D3/><U30/><E37/><V112/><F112/><W23/><G35/><T103/><D122/><U75/><E75/><V69/><F111/><W132/><G109/><T36/><D63/><U26/><E89/><V13/><F130/><W128/><G128/><T15/><D15/><U41/><E41/><V114/><F114/><W27/><G126/><T84/><D84/><U17/><E51/><V101/><F101/><W88/><G132/><T113/><D113/><U74/><E102/><V105/><F105/><W11/><G23/><T73/><D73/><U47/><E47/><V118/><F118/><W53/><G66/><T19/><D19/><U42/><E42/><V64/><F79/><W77/><G77/><T55/><D55/><U120/><E120/><V96/><F96/><W29/><G104/><N who="0" m="63615" /><D50/><U133/><E133/><V32/><F32/><W131/><G131/><T62/><D62/><U67/><E71/><V46/><F91/><W57/><AGARI ba="1,0" hai="1,5,11,20,27,29,48,53,57,85,88,95,97,98" machi="57" ten="20,5200,0" yaku="0,1,7,1,52,1,54,1" doraHai="25" who="3" fromWho="3" sc="367,-27,211,-14,211,-14,211,55" /><INIT seed="1,0,0,3,1,2" ten="340,197,197,266" oya="1" hai0="112,116,100,5,52,8,10,106,22,48,30,76,55" hai1="11,28,104,121,35,88,95,43,49,45,111,135,53" hai2="29,72,47,132,113,18,46,101,131,115,117,77,62" hai3="119,65,102,93,37,107,23,61,129,103,90,92,98"/><U9/><E121/><V83/><F117/><W70/><G119/><T38/><D112/><N who="2" m="43082" /><F131/><W133/><G129/><T42/><D116/><U4/><E104/><V15/><F132/><W96/><G133/><T19/><D30/><U60/><E135/><V21/><F101/><W50/><G37/><T127/><D127/><U85/><E111/><V128/><F128/><W17/><G50/><T79/><D38/><U86/><E35/><V120/><F120/><W27/><REACH who="3" step="1"/><G90/><REACH who="3" ten="340,197,197,256" step="2"/><T71/><D48/><U13/><E28/><V97/><F62/><W126/><G126/><T125/><D125/><U31/><E31/><V73/><F29/><W36/><G36/><T66/><D42/><U84/><E60/><V82/><F97/><W7/><G7/><T0/><D5/><U114/><E114/><V63/><F63/><W78/><G78/><AGARI ba="0,1" hai="15,18,21,46,47,72,73,77,78,82,83" m="43082" machi="78" ten="30,1000,0" yaku="11,1" doraHai="2" who="2" fromWho="3" sc="340,0,197,0,197,20,256,-10" /><INIT seed="2,0,0,2,1,110" ten="340,197,217,246" oya="2" hai0="94,64,88,2,109,127,37,57,0,41,30,97,111" hai1="105,132,77,92,28,27,75,71,35,10,79,40,29" hai2="74,38,84,54,51,62,49,108,103,19,24,23,89" hai3="72,67,122,47,112,22,113,60,39,31,6,107,124"/><V21/><F74/><W14/><G122/><T8/><D127/><U65/><E132/><V52/><F38/><W25/><G124/><T61/><D30/><U70/><E105/><V120/><F120/><W66/><G72/><T93/><D41/><U115/><E40/><V95/><F108/><N who="0" m="41546" /><D37/><U125/><E125/><V20/><F62/><W126/><G126/><T5/><D94/><U42/><E42/><V44/><F103/><W11/><G39/><T69/><D0/><U85/><E75/><V58/><AGARI ba="0,0" hai="19,20,21,23,24,44,49,51,52,54,58,84,89,95" machi="58" ten="20,7800,0" yaku="0,1,7,1,8,1,54,1" doraHai="110" who="2" fromWho="2" sc="340,-26,197,-26,217,78,246,-26" /><INIT seed="2,1,0,2,5,64" ten="314,171,295,220" oya="2" hai0="100,80,31,6,70,30,128,67,93,87,73,37,65" hai1="106,76,116,18,75,134,9,33,38,92,112,69,4" hai2="119,43,89,50,72,20,66,53,34,39,90,133,5" hai3="35,120,109,71,47,103,96,94,15,79,125,114,52"/><V29/><F119/><W14/><G120/><T85/><D37/><U0/><RYUUKYOKU type="yao9" ba="1,0" sc="314,0,171,0,295,0,220,0" hai1="0,4,9,18,33,38,69,75,76,92,106,112,116,134" /><INIT seed="2,2,0,3,3,123" ten="314,171,295,220" oya="2" hai0="23,81,28,34,87,56,11,30,31,2,59,96,35" hai1="32,115,49,63,133,44,13,101,69,95,91,8,18" hai2="50,134,130,71,53,19,52,7,12,103,78,88,6" hai3="70,131,24,127,85,40,37,48,83,41,46,126,80"/><V21/><F71/><W114/><G131/><T104/><D34/><U4/><E133/><V105/><F134/><W73/><G70/><T74/><D74/><U75/><E115/><V111/><F130/><W93/><G114/><T61/><D35/><U86/><E75/><V109/><F78/><W1/><G1/><T27/><D2/><U108/><E32/><V68/><F68/><W92/><G41/><T125/><D125/><N who="3" m="47625" /><G73/><T57/><D11/><U10/><E101/><V22/><F103/><W26/><G48/><T110/><D110/><N who="2" m="41994" /><F105/><W25/><G83/><T62/><D104/><U118/><E118/><V33/><F33/><W100/><G100/><T128/><D128/><U36/><E108/><V90/><F21/><W64/><G64/><T121/><D121/><U76/><E76/><AGARI ba="2,0" hai="24,25,26,37,40,46,76,80,85,92,93" m="47625" machi="76" ten="30,1000,0" yaku="18,1" doraHai="123" who="3" fromWho="1" sc="314,0,171,-16,295,0,220,16" /><INIT seed="3,0,0,0,3,28" ten="314,155,295,236" oya="3" hai0="79,52,77,34,31,124,54,76,101,92,61,71,95" hai1="19,64,86,83,39,114,41,130,99,4,85,14,32" hai2="89,109,65,24,45,2,15,26,82,33,125,3,78" hai3="38,53,60,18,23,70,129,40,80,35,16,20,91"/><W58/><G129/><T48/><D34/><U1/><E114/><V118/><F118/><W113/><G113/><T25/><D71/><U62/><E130/><V5/><F109/><W98/><G70/><T27/><D124/><U122/><E122/><V126/><F65/><W107/><G107/><T103/><D61/><U133/><E133/><V49/><F89/><W63/><G38/><T11/><D11/><U67/><E1/><V81/><F15/><W56/><G40/><T120/><D120/><U123/><E123/><V7/><F78/><W75/><G75/><T22/><D27/><U42/><E4/><V127/><F5/><W87/><G98/><T47/><D54/><U69/><E64/><V88/><F88/><N who="3" m="51303" /><G35/><T100/><AGARI ba="0,0" hai="22,25,31,47,48,52,76,77,79,92,95,100,101,103" machi="100" ten="30,4000,0" yaku="0,1,8,1,54,1" doraHai="28" who="0" fromWho="0" sc="314,40,155,-10,295,-10,236,-20" owari="354,45.4,145,-35.5,285,8.5,216,-18.4" /></mjloggm>