<mjloggm ver="2.3"><GO type="225" lobby="0"/><UN n0="%E3%81%BF%E3%81%BF%E3%81%9A" n1="%E3%83%97%E3%83%AC%E3%83%B4%E3%82%A1%E3%83%86%E3%82%A3" n2="%E3%81%8B%E3%82%8F%E3%81%A1%E3%82%83%E3%82%93%35%38" n3="%E9%87%8E%E3%80%85%E5%AE%AE%E8%97%8D" dan="16,16,16,17" rate="2205.60,2026.74,2180.03,2185.59" sx="M,F,M,F"/><TAIKYOKU oya="0"/><INIT seed="0,0,0,3,2,20" ten="250,250,250,250" oya="0" hai0="5,77,46,22,61,51,62,70,43,84,131,118,128" hai1="14,132,4,87,126,66,18,101,91,104,103,67,52" hai2="42,41,60,63,57,117,15,40,102,17,82,73,64" hai3="2,53,74,129,1,110,124,69,95,122,12,39,31"/><T33/><D118/><U99/><E126/><V10/><F117/><W48/><G39/><T59/><D33/><U119/><E119/><V86/><F73/><W27/><G74/><T115/><D115/><U116/><E116/><V76/><F102/><W47/><G122/><T111/><D111/><U75/><E132/><V25/><F63/><W45/><G124/><T123/><D123/><U88/><E75/><V38/><F38/><W36/><G69/><T105/><D105/><U112/><E112/><V65/><REACH who="2" step="1"/><F25/><REACH who="2" ten="250,250,240,250" step="2"/><W44/><G36/><T92/><D62/><U72/><E72/><V97/><F97/><W81/><G110/><T134/><D61/><U54/><E104/><V107/><F107/><W37/><G37/><T56/><D134/><U19/><E99/><V13/><F13/><W0/><G129/><T7/><D70/><U120/><E120/><V35/><F35/><W125/><G125/><T23/><D131/><U21/><E14/><V32/><F32/><W83/><G12/><T96/><D128/><U108/><E108/><V6/><F6/><W49/><G49/><T100/><D5/><U113/><E113/><V127/><F127/><W114/><G114/><T80/><D7/><U71/><E71/><V90/><F90/><W133/><G133/><T130/><D130/><U79/><E4/><V11/><F11/><W109/><G109/><T78/><D77/><U93/><E21/><AGARI ba="0,1" hai="21,22,23,43,46,51,56,59,78,80,84,92,96,100" machi="21" ten="40,2000,0" yaku="8,1" doraHai="20" who="0" fromWho="1" sc="250,30,250,-20,240,0,250,0" /><INIT seed="0,1,0,4,5,10" ten="280,230,240,250" oya="0" hai0="22,123,28,102,77,19,132,88,4,48,5,46,111" hai1="39,96,42,8,25,124,49,115,6,63,45,110,127" hai2="91,0,107,119,98,66,14,52,17,58,79,62,72" hai3="31,27,61,57,100,21,65,129,50,7,12,113,29"/><T104/><D123/><U122/><E122/><V85/><F0/><W3/><G113/><T97/><D132/><U40/><E115/><V69/><F119/><W120/><G120/><T9/><D77/><U47/><E110/><V93/><F72/><W81/><G129/><T105/><D111/><U89/><E25/><V135/><F135/><W56/><G3/><T86/><D28/><U55/><E96/><V13/><F17/><N who="3" m="12719" /><G100/><T60/><D60/><U83/><E89/><V41/><F41/><W99/><G99/><T26/><D9/><U51/><E83/><V109/><F109/><W70/><G70/><T126/><D126/><N who="1" m="48171" /><E8/><V117/><F117/><W114/><G81/><T68/><D68/><U15/><E6/><V131/><F131/><W64/><G114/><T24/><D26/><U112/><E112/><V59/><F69/><W82/><G82/><T37/><D37/><N who="1" m="21647" /><E15/><N who="2" m="5643" /><F107/><W36/><G36/><T101/><D101/><U38/><E63/><N who="2" m="36295" /><F79/><W34/><G34/><T44/><D105/><U33/><E33/><V2/><F2/><W11/><G31/><T67/><D4/><U80/><E80/><V73/><F73/><W16/><G29/><T74/><D5/><U94/><E94/><V18/><F18/><W134/><G134/><T92/><D74/><U20/><E20/><V23/><F23/><W35/><G35/><T30/><D19/><U32/><E32/><V87/><AGARI ba="1,0" hai="59,62,66,85,87,91,93,98" m="36295,5643" machi="87" ten="30,8000,1" yaku="8,1,52,3,54,1" doraHai="10" who="2" fromWho="2" sc="280,-41,230,-21,240,83,250,-21" /><INIT seed="1,0,0,2,3,56" ten="239,209,323,229" oya="1" hai0="86,117,79,42,116,36,26,54,10,72,43,65,132" hai1="1,101,104,9,130,69,48,60,57,77,99,20,109" hai2="115,23,59,61,33,34,31,120,93,58,3,102,121" hai3="73,90,8,114,51,22,125,78,124,84,39,67,126"/><U81/><E130/><V52/><F3/><W44/><G114/><T131/><D72/><U45/><E109/><V89/><F102/><W94/><G39/><T28/><D131/><U87/><E20/><V47/><F115/><W80/><G22/><T68/><D54/><U49/><E69/><V105/><F105/><W106/><G8/><T100/><D132/><U128/><E128/><V74/><F74/><W107/><REACH who="3" step="1"/><G67/><REACH who="3" ten="239,209,323,219" step="2"/><T129/><D10/><U62/><E9/><V46/><F33/><W35/><G35/><T76/><D129/><U27/><E27/><N who="2" m="16895" /><F34/><W5/><G5/><T70/><D36/><U14/><E1/><V29/><F29/><W95/><G95/><T21/><D26/><U53/><REACH who="1" step="1"/><E14/><REACH who="1" ten="239,199,323,219" step="2"/><V91/><F121/><W103/><G103/><T4/><D100/><U17/><E17/><V88/><F120/><W134/><G134/><T110/><D21/><U18/><E18/><V63/><F93/><W40/><AGARI ba="0,2" hai="40,44,51,73,78,80,84,90,94,106,107,124,125,126" machi="40" ten="30,4000,0" yaku="1,1,0,1,18,1,53,0" doraHai="56" doraHaiUra="64" who="3" fromWho="3" sc="239,-10,199,-20,323,-10,219,60" /><INIT seed="2,0,0,3,4,74" ten="229,179,313,279" oya="2" hai0="75,78,128,25,112,116,24,20,45,54,40,66,61" hai1="10,85,91,99,38,67,43,59,123,127,87,125,7" hai2="108,47,106,30,95,86,5,102,97,104,9,63,35" hai3="55,130,124,122,62,58,93,107,3,73,60,118,71"/><V4/><F108/><W96/><G3/><T129/><D112/><U41/><E123/><V14/><F4/><W83/><G107/><T70/><D54/><U34/><E34/><V121/><F121/><W50/><G122/><T89/><D89/><U49/><E38/><V1/><F1/><W115/><G118/><T126/><D126/><U110/><E110/><V48/><F63/><W98/><G124/><T134/><D134/><U57/><E125/><V42/><F35/><W81/><G115/><T52/><D116/><U80/><E127/><V117/><F30/><W69/><G130/><N who="0" m="50283" /><D20/><U53/><E99/><V103/><F117/><W65/><G73/><T23/><D23/><U21/><E67/><V26/><F26/><W32/><G32/><T92/><D92/><U100/><E100/><V22/><F22/><W44/><G98/><T114/><D52/><U39/><E39/><V37/><F103/><W101/><REACH who="3" step="1"/><G71/><REACH who="3" ten="229,179,313,269" step="2"/><T28/><D114/><U2/><E59/><V72/><F72/><W64/><AGARI ba="0,1" hai="44,50,55,58,60,62,64,65,69,81,83,93,96,101" machi="64" ten="20,5200,0" yaku="1,1,2,1,0,1,7,1,53,0" doraHai="74" doraHaiUra="15" who="3" fromWho="3" sc="229,-13,179,-13,313,-26,269,62" /><INIT seed="3,0,0,1,4,10" ten="216,166,287,331" oya="3" hai0="92,120,37,61,118,45,4,56,2,95,35,52,77" hai1="91,53,110,24,18,117,26,62,131,114,5,48,19" hai2="127,90,63,68,59,39,80,121,135,16,6,51,21" hai3="124,23,81,13,40,128,25,50,112,67,96,8,82"/><W43/><G112/><T41/><D118/><U94/><E114/><V108/><F39/><W57/><G124/><T89/><D120/><U115/><E115/><V47/><F68/><W54/><G67/><T116/><D116/><U106/><E106/><V22/><F127/><W84/><G96/><T70/><D35/><U98/><E117/><V93/><F108/><W104/><G104/><T65/><D77/><U58/><E110/><V87/><F135/><W97/><G97/><T101/><D101/><U12/><E131/><V49/><F6/><N who="3" m="3223" /><G128/><T85/><D4/><U99/><E99/><N who="2" m="57783" /><F22/><W111/><G111/><T134/><D134/><U79/><E79/><N who="2" m="46495" /><F47/><W44/><G44/><T28/><D28/><U74/><E74/><V46/><F46/><W122/><G122/><T31/><D31/><U69/><E5/><V113/><F113/><W73/><G73/><T27/><D27/><U102/><E102/><V119/><F119/><W132/><G132/><T103/><D103/><U29/><E19/><V30/><F30/><N who="3" m="17727" /><G82/><T9/><D9/><U78/><E78/><AGARI ba="0,0" hai="40,43,50,54,57,78,81,84" m="17727,3223" machi="78" ten="30,2900,0" yaku="8,1,52,1" doraHai="10" who="3" fromWho="1" sc="216,0,166,-29,287,0,331,29" owari="216,-18.4,137,-36.3,287,8.7,360,46.0" /></mjloggm>