<mjloggm ver="2.3"><GO type="225" lobby="0"/><UN n0="%77%72%77%72%77%72%77%72" n1="%E9%B3%B3%E6%9D%B1%E3%81%AE%E3%81%BF%E3%81%91%E3%81%AB%E3%82%83%E3%82%93" n2="%E3%82%A2%E3%82%A4%E3%82%B9%E3%83%86%E3%82%A3%E3%83%BC%E3%81%82%E3%81%B9" n3="%E3%83%97%E3%83%AC%E3%83%B4%E3%82%A1%E3%83%86%E3%82%A3" dan="16,16,16,16" rate="2181.79,2103.66,2079.05,2048.84" sx="M,F,M,F"/><TAIKYOKU oya="0"/><INIT seed="0,0,0,2,4,0" ten="250,250,250,250" oya="0" hai0="66,72,21,17,92,28,55,89,58,44,133,65,6" hai1="27,32,134,3,120,121,126,116,102,81,129,11,2" hai2="12,109,82,114,130,103,26,45,49,113,67,77,22" hai3="87,106,128,117,122,88,100,43,111,15,74,16,78"/><T62/><D133/><U59/><E116/><V85/><F109/><W94/><G111/><T95/><D72/><U84/><E134/><V47/><F130/><W30/><G128/><T123/><D123/><U51/><E129/><V61/><F12/><W46/><G122/><T33/><D44/><U63/><E126/><V34/><F103/><W104/><G117/><T70/><D33/><U99/><E51/><V118/><F34/><W86/><G30/><T29/><D6/><U8/><E27/><V20/><F20/><W115/><G115/><T18/><D95/><U52/><E32/><V56/><F118/><W119/><G119/><T69/><D17/><U7/><E11/><V125/><F125/><W1/><G1/><T42/><D42/><U75/><E75/><V24/><F24/><W5/><G5/><T64/><D70/><U53/><E53/><V14/><F14/><W68/><G68/><T108/><D69/><U131/><E2/><V80/><F82/><W23/><G74/><T35/><D35/><U83/><E83/><V73/><F73/><W10/><G10/><T91/><D91/><U105/><REACH who="1" step="1"/><E131/><REACH who="1" ten="250,240,250,250" step="2"/><V25/><F26/><W107/><G78/><AGARI ba="0,1" hai="3,7,8,52,59,63,78,81,84,99,102,105,120,121" machi="78" ten="30,8000,1" yaku="1,1,2,1,7,1,52,1,54,1,53,0" doraHai="0" doraHaiUra="135" who="1" fromWho="3" sc="250,0,240,90,250,0,250,-80" /><INIT seed="1,0,0,4,4,114" ten="250,330,250,170" oya="1" hai0="70,29,54,135,25,19,68,40,2,86,20,66,30" hai1="103,31,5,18,130,3,6,16,65,102,106,22,108" hai2="10,41,92,60,83,35,105,76,112,36,59,4,33" hai3="93,49,94,38,53,98,90,63,23,77,57,46,48"/><U81/><E130/><V128/><F105/><W58/><G77/><T115/><D115/><U89/><E65/><V56/><F128/><W62/><G38/><T91/><D2/><U14/><E3/><V64/><F112/><W118/><G118/><T24/><D135/><U84/><E31/><V117/><F117/><W75/><G75/><T96/><D40/><U15/><E108/><V13/><F56/><W95/><G48/><T12/><D96/><U17/><E106/><V67/><F64/><W21/><G21/><T80/><D54/><U74/><E74/><V109/><F109/><W119/><G119/><T107/><D107/><U43/><E43/><V47/><REACH who="2" step="1"/><F92/><REACH who="2" ten="250,330,240,170" step="2"/><W121/><G121/><T127/><D66/><U129/><E129/><V123/><F123/><W125/><G58/><T113/><D113/><U55/><E55/><V34/><F34/><W11/><G63/><T72/><D68/><U100/><E18/><V82/><F82/><W79/><G62/><T124/><D70/><U44/><E44/><V42/><F42/><W32/><G57/><T116/><D116/><U78/><E17/><V1/><F1/><W8/><G32/><T133/><D133/><U69/><E69/><V122/><F122/><W104/><G104/><T132/><D132/><U110/><E110/><V45/><F45/><W28/><G94/><T9/><REACH who="0" step="1"/><D72/><AGARI ba="0,1" hai="4,10,13,33,35,36,41,47,59,60,67,72,76,83" machi="72" ten="30,2000,0" yaku="1,1,7,1,53,0" doraHai="114" doraHaiUra="51" who="2" fromWho="0" sc="250,-20,330,0,240,30,170,0" /><INIT seed="2,0,0,5,0,82" ten="230,330,270,170" oya="2" hai0="49,113,66,37,102,111,132,48,77,106,16,94,121" hai1="60,76,135,2,79,89,85,100,134,12,65,0,119" hai2="92,35,126,123,87,88,23,30,43,73,64,114,103" hai3="44,124,54,20,91,122,42,101,17,50,78,86,107"/><V4/><F123/><W31/><G122/><T14/><D121/><U53/><E53/><V21/><F73/><W128/><G124/><T26/><D113/><U133/><E100/><V9/><F114/><W75/><G128/><T74/><D106/><U110/><E12/><N who="2" m="5159" /><F35/><W34/><G34/><T130/><D37/><U116/><E110/><V68/><F68/><W118/><G31/><T28/><D111/><U72/><E2/><V1/><F1/><W99/><G118/><N who="1" m="45098" /><E0/><V71/><F71/><W115/><G115/><T98/><D130/><U52/><E72/><V15/><F126/><W7/><G7/><T58/><D132/><U127/><E127/><V33/><F33/><W29/><G29/><T56/><D77/><U55/><E79/><V125/><F125/><W69/><G69/><T18/><D74/><U105/><E76/><V22/><F64/><W96/><G96/><T120/><D66/><U83/><E105/><V8/><F43/><W32/><G32/><T46/><D120/><U57/><AGARI ba="0,0" hai="52,55,57,60,65,83,85,89,133,134,135" m="45098" machi="57" ten="40,5200,0" yaku="20,1,52,1,54,1" doraHai="82" who="1" fromWho="1" sc="230,-13,330,52,270,-26,170,-13" /><INIT seed="3,0,0,3,0,97" ten="217,382,244,157" oya="3" hai0="68,50,5,57,19,20,44,93,124,125,89,131,35" hai1="60,69,129,104,26,63,18,98,119,85,132,1,13" hai2="127,42,130,17,33,84,29,82,102,54,25,9,10" hai3="112,56,77,37,83,73,53,11,28,40,103,134,12"/><W96/><G112/><T101/><D68/><U30/><E85/><V118/><F118/><W3/><G134/><T76/><D35/><U55/><E63/><V34/><F34/><W0/><G28/><T111/><D111/><U8/><E129/><V122/><F130/><W99/><G99/><N who="0" m="59631" /><D131/><U121/><E121/><V58/><F42/><W62/><G40/><T32/><D32/><U105/><E98/><V78/><F122/><W2/><G37/><T79/><D5/><U38/><E55/><V75/><F102/><W70/><G70/><T52/><D89/><U126/><E26/><V45/><F45/><W107/><REACH who="3" step="1"/><G0/><REACH who="3" ten="217,382,244,147" step="2"/><T65/><D125/><U6/><E30/><V51/><F127/><W114/><G114/><T88/><D124/><U67/><E38/><V135/><F135/><W47/><G47/><T14/><D88/><U27/><E126/><V120/><F120/><W100/><G100/><T39/><D39/><U49/><E132/><V43/><F43/><W64/><G64/><T109/><D109/><U108/><E108/><V71/><F71/><W21/><G21/><T61/><AGARI ba="0,1" hai="14,19,20,44,50,52,57,61,65,76,79" m="59631" machi="61" ten="30,4000,0" yaku="8,1,52,1,54,1" doraHai="97" who="0" fromWho="0" sc="217,50,382,-10,244,-10,147,-20" owari="267,6.7,372,47.2,234,-16.6,127,-37.3" /></mjloggm>