<mjloggm ver="2.3"><GO type="225" lobby="0"/><UN n0="%43%68%65" n1="%73%6C%69%63%6B%33%31%39" n2="%30%2E%31%32%30" n3="%6D%75%75%6D%75%72%61" dan="16,17,16,17" rate="2132.91,2167.93,2078.63,2174.26" sx="M,M,M,F"/><TAIKYOKU oya="0"/><INIT seed="0,0,0,5,3,124" ten="250,250,250,250" oya="0" hai0="123,43,60,87,67,92,17,13,95,104,127,110,2" hai1="109,105,41,57,78,84,46,90,122,135,20,106,91" hai2="47,23,58,40,48,108,26,79,18,81,39,133,88" hai3="35,118,129,116,59,1,97,72,31,89,14,16,75"/><T101/><D123/><U32/><E32/><V19/><F133/><W64/><G1/><T121/><D2/><U3/><E3/><V99/><F108/><W65/><G129/><T85/><D121/><U62/><E122/><V4/><F4/><W56/><G35/><T130/><D127/><U44/><E109/><V113/><F113/><W29/><G89/><T132/><D43/><U102/><E135/><V66/><F39/><W70/><G97/><T27/><D27/><U7/><E7/><V36/><F36/><W77/><G77/><T93/><D132/><U74/><E74/><V73/><F19/><W76/><G76/><T50/><D130/><U125/><E102/><V9/><F9/><W82/><G82/><T71/><D110/><U117/><E78/><V126/><F126/><W12/><REACH who="3" step="1"/><G16/><REACH who="3" ten="250,250,250,240" step="2"/><T69/><D17/><U120/><E91/><V98/><F88/><W107/><G107/><T24/><D104/><U6/><E125/><V0/><F0/><W25/><G25/><T63/><D24/><U15/><E120/><V114/><F114/><W134/><G134/><T103/><D93/><U22/><E105/><V49/><F98/><W8/><G8/><T28/><D92/><N who="1" m="54343" /><E106/><V100/><F99/><W131/><G131/><T111/><D95/><U21/><E20/><V83/><F83/><W11/><G11/><T51/><D111/><U45/><E22/><V94/><F94/><W10/><G10/><T52/><D13/><U115/><E115/><V55/><F100/><W30/><G30/><T68/><D28/><U34/><E21/><V86/><F86/><RYUUKYOKU ba="0,1" sc="250,-15,250,-15,250,15,240,15" hai2="18,23,26,40,47,48,49,55,58,66,73,79,81" hai3="12,14,29,31,56,59,64,65,70,72,75,116,118" /><INIT seed="1,1,1,5,4,79" ten="235,235,265,255" oya="1" hai0="131,127,108,122,123,94,73,133,134,84,100,128,55" hai1="18,104,119,97,38,28,67,62,58,124,23,85,112" hai2="57,14,82,76,40,50,102,45,48,71,64,22,65" hai3="66,17,130,49,135,9,110,113,29,61,111,69,8"/><U26/><E124/><V125/><F125/><W33/><G113/><T87/><D127/><U103/><E119/><V70/><F102/><W109/><G130/><N who="0" m="49707" /><D73/><U5/><E112/><V51/><F22/><W81/><G135/><N who="0" m="51723" /><D108/><U72/><E72/><V54/><F82/><W2/><G2/><T101/><D55/><U47/><E5/><V98/><F14/><W78/><G49/><N who="2" m="19049" /><F98/><W117/><G117/><T32/><D32/><U116/><E116/><V96/><F96/><W25/><REACH who="3" step="1"/><G17/><REACH who="3" ten="235,235,265,245" step="2"/><T126/><D126/><U120/><E120/><N who="0" m="46121" /><D94/><U92/><E18/><V60/><F76/><W24/><G24/><T80/><D87/><AGARI ba="1,2" hai="8,9,25,29,33,61,66,69,78,81,87,109,110,111" machi="87" ten="40,8000,1" yaku="1,1,14,1,52,1,53,2" doraHai="79" doraHaiUra="7" who="3" fromWho="0" sc="235,-83,235,0,265,0,245,103" /><INIT seed="2,0,0,2,5,61" ten="152,235,265,348" oya="2" hai0="18,37,114,30,125,79,67,7,109,113,81,4,86" hai1="91,120,116,38,22,42,66,119,102,64,41,103,26" hai2="50,44,112,130,55,46,34,69,0,98,32,58,93" hai3="97,95,39,101,54,13,70,128,127,85,51,28,133"/><V19/><F130/><W45/><G128/><T52/><D109/><U49/><E38/><V75/><F112/><W121/><G121/><T27/><D125/><U1/><E1/><V87/><F75/><W108/><G127/><T123/><D123/><U5/><E5/><V89/><F69/><W16/><G108/><T115/><D37/><U118/><E120/><V71/><F71/><W35/><G133/><T14/><D27/><U94/><E118/><V104/><F0/><W12/><G39/><T29/><D7/><U17/><E119/><V65/><F46/><W23/><G70/><T132/><D4/><U131/><E131/><V111/><F111/><W129/><G129/><T2/><D2/><U77/><E77/><V92/><F104/><W31/><G35/><T107/><D107/><U10/><E10/><V124/><F124/><W73/><G73/><T90/><D79/><U63/><E116/><V122/><F122/><W110/><G110/><T134/><D67/><N who="1" m="25643" /><E63/><N who="2" m="38135" /><F34/><W15/><G85/><T57/><D134/><U78/><E78/><V53/><F32/><W11/><G13/><T117/><D117/><U105/><E105/><V56/><F19/><AGARI ba="0,0" hai="11,12,15,16,19,23,28,31,45,51,54,95,97,101" machi="19" ten="30,3900,0" yaku="7,1,8,1,54,1" doraHai="61" who="3" fromWho="2" sc="152,0,235,0,265,-39,348,39" /><INIT seed="3,0,0,4,2,24" ten="152,235,226,387" oya="3" hai0="112,133,96,82,125,107,26,135,87,53,57,81,58" hai1="84,33,75,60,115,100,109,23,127,18,6,36,105" hai2="64,129,63,34,88,131,68,22,117,20,116,98,110" hai3="121,108,74,31,128,49,12,106,101,7,67,90,39"/><W9/><G121/><T114/><D26/><U29/><E115/><N who="0" m="44073" /><D53/><U69/><E36/><V43/><F43/><W19/><G74/><T44/><D44/><U40/><E75/><V3/><F3/><W122/><G106/><T21/><D21/><N who="2" m="8298" /><F34/><W50/><G101/><N who="0" m="62887" /><D58/><U59/><E69/><V56/><F110/><W0/><G90/><N who="0" m="51567" /><D57/><U104/><E104/><V52/><F98/><W134/><G128/><N who="2" m="49225" /><F88/><W62/><G134/><N who="0" m="51211" /><D82/><U92/><E105/><V2/><F2/><W79/><G122/><T80/><D80/><U54/><E33/><V78/><F78/><W76/><G108/><T93/><D93/><U47/><E109/><V28/><F28/><W46/><G39/><T25/><D25/><U10/><E29/><V99/><F99/><W85/><G31/><T123/><D123/><U38/><E92/><V5/><F5/><W16/><G0/><T48/><D48/><AGARI ba="0,0" hai="48,52,56,63,64,68,116,117" m="49225,8298" machi="48" ten="30,2000,0" yaku="19,1,54,1" doraHai="24" who="2" fromWho="0" sc="152,-20,235,0,226,20,387,0" owari="132,-36.8,235,-16.5,246,4.6,387,48.7" /></mjloggm>