<mjloggm ver="2.3"><GO type="225" lobby="0"/><UN n0="%E3%82%B7%E3%83%B3%E5%A4%AA%E6%9C%97" n1="%E3%81%B2%E3%81%BE%E3%81%A4%E3%81%B6%E3%81%97" n2="%E9%9B%80%E6%A5%B5%E3%81%AE%E3%81%B8" n3="%45%6C%79%73%69%75%6D" dan="16,17,16,17" rate="2163.44,2181.94,2130.03,2124.29" sx="M,M,M,F"/><TAIKYOKU oya="0"/><INIT seed="0,0,0,0,5,78" ten="250,250,250,250" oya="0" hai0="98,42,112,16,121,6,48,58,40,119,45,102,73" hai1="19,29,125,34,60,61,134,90,31,9,0,10,132" hai2="17,94,68,1,82,86,54,80,76,69,37,131,128" hai3="3,23,24,70,62,123,117,41,122,7,100,32,126"/><T106/><D112/><U110/><E90/><V55/><F1/><W84/><G117/><T47/><D119/><U97/><E97/><V2/><F2/><W30/><G126/><T88/><D121/><N who="3" m="46089" /><G100/><T43/><D73/><U51/><E51/><V22/><F37/><W120/><G120/><T44/><D6/><U127/><E0/><V8/><F8/><N who="1" m="3177" /><E19/><V35/><F35/><W91/><G41/><T67/><D67/><U38/><E38/><V63/><F94/><N who="3" m="54631" /><G3/><T113/><D113/><U49/><E49/><V56/><F55/><W83/><G7/><T103/><D103/><U85/><E85/><V15/><REACH who="2" step="1"/><F80/><REACH who="2" ten="250,250,240,250" step="2"/><W12/><G83/><T77/><D40/><U118/><E34/><V92/><F92/><W75/><G32/><T79/><D42/><U21/><E118/><V124/><F124/><W89/><G23/><T93/><D43/><U114/><E21/><V99/><F99/><W64/><G64/><T108/><D106/><U66/><E66/><V116/><F116/><W11/><G11/><T52/><D102/><U81/><E81/><V129/><AGARI ba="0,1" hai="15,17,22,54,56,63,68,69,76,82,86,128,129,131" machi="129" ten="30,8000,1" yaku="1,1,0,1,19,1,52,1,53,1" doraHai="78" doraHaiUra="14" who="2" fromWho="2" sc="250,-40,250,-20,240,90,250,-20" /><INIT seed="1,0,0,2,3,129" ten="210,230,330,230" oya="1" hai0="4,57,17,78,123,51,79,113,45,9,34,93,41" hai1="23,131,121,13,100,92,55,76,26,101,35,46,91" hai2="130,1,60,105,88,116,20,119,54,65,40,33,132" hai3="62,37,19,25,84,14,63,7,69,117,89,107,81"/><U18/><E131/><V12/><F33/><W53/><G107/><T97/><D123/><U68/><E121/><V10/><F105/><W86/><G37/><T2/><D113/><U95/><E68/><V94/><F40/><W11/><G69/><T73/><D34/><U83/><E46/><V21/><F130/><W124/><G124/><T118/><D118/><U47/><E47/><V42/><F42/><W80/><G117/><T126/><D126/><U66/><E55/><V64/><F1/><W120/><G120/><T71/><D71/><U31/><E66/><V6/><F116/><W39/><G39/><T112/><D112/><U38/><E38/><V103/><F103/><W27/><G53/><T48/><D73/><U43/><E43/><V128/><F128/><W59/><G59/><T114/><D114/><U67/><E67/><N who="2" m="25675" /><F132/><W127/><G127/><T3/><D3/><U28/><E28/><V56/><F119/><W5/><G5/><T111/><D111/><U52/><E52/><V109/><F109/><W24/><REACH who="3" step="1"/><G7/><REACH who="3" ten="210,230,330,220" step="2"/><T102/><D57/><U0/><E0/><V87/><AGARI ba="0,1" hai="6,10,12,20,21,54,56,60,87,88,94" m="25675" machi="87" ten="30,2000,0" yaku="8,1,54,1" doraHai="129" who="2" fromWho="2" sc="210,-5,230,-10,330,30,220,-5" /><INIT seed="2,0,0,4,2,10" ten="205,220,360,215" oya="2" hai0="80,46,124,52,15,81,45,39,91,99,73,23,71" hai1="121,123,1,69,103,122,118,0,28,115,106,100,54" hai2="11,133,19,6,31,9,109,134,132,116,57,129,108" hai3="56,30,24,120,111,17,59,3,37,87,58,114,22"/><V127/><F116/><W86/><G120/><T51/><D71/><U55/><E118/><V94/><F127/><W47/><G3/><N who="1" m="1098" /><E69/><V130/><F6/><W14/><G111/><N who="2" m="42569" /><F31/><W135/><G135/><T60/><D124/><U89/><E28/><V102/><F57/><W92/><G114/><T72/><D72/><U76/><E76/><V101/><F19/><W65/><G65/><T85/><D99/><U4/><E4/><V63/><F63/><W43/><REACH who="3" step="1"/><G92/><REACH who="3" ten="205,220,360,205" step="2"/><T5/><D81/><U34/><E115/><V83/><F83/><W131/><G131/><N who="2" m="50185" /><F94/><W36/><G36/><T105/><D39/><U13/><E123/><V7/><F7/><W48/><G48/><T49/><D60/><U126/><E122/><V40/><F40/><W68/><G68/><T128/><D128/><U119/><E121/><V75/><F75/><W88/><G88/><T27/><D73/><U61/><E89/><V2/><F2/><W82/><G82/><T66/><D66/><U29/><E126/><V32/><F132/><W26/><G26/><T50/><D5/><U18/><E119/><V79/><F134/><W112/><G112/><T25/><D49/><U77/><E106/><V117/><F133/><W70/><G70/><T74/><D105/><U107/><E107/><V21/><F117/><W95/><G95/><T33/><D74/><U8/><E61/><V35/><F79/><W42/><G42/><N who="0" m="24887" /><D33/><AGARI ba="0,1" hai="14,17,22,24,30,33,37,43,47,56,58,59,86,87" machi="33" ten="40,5200,0" yaku="1,1,52,1,53,1" doraHai="10" doraHaiUra="41" who="3" fromWho="0" sc="205,-52,220,0,360,0,205,62" /><INIT seed="3,0,0,3,0,66" ten="153,220,360,267" oya="3" hai0="125,100,91,55,115,122,10,94,23,35,38,108,30" hai1="96,85,2,13,48,24,89,26,76,111,93,4,78" hai2="3,47,88,71,59,82,112,28,92,17,39,119,63" hai3="62,73,9,103,1,120,34,57,43,45,64,69,36"/><W134/><G120/><T131/><D38/><U22/><E111/><V95/><F71/><W42/><G134/><T33/><D55/><U70/><E70/><V52/><F3/><W80/><G42/><T83/><D83/><U27/><E2/><V21/><F112/><W56/><G103/><T25/><D100/><U0/><E0/><V86/><F119/><W107/><G34/><T67/><D67/><U19/><E4/><V97/><F28/><W46/><G46/><T53/><D53/><U77/><REACH who="1" step="1"/><E48/><REACH who="1" ten="153,210,360,267" step="2"/><V132/><F39/><W16/><G107/><T104/><D108/><U116/><E116/><V130/><F132/><W31/><G31/><T106/><D115/><U128/><E128/><V8/><F130/><W11/><G11/><T99/><D131/><U75/><E75/><V114/><F8/><W61/><G1/><T74/><D122/><U68/><E68/><V102/><F114/><W113/><G113/><T118/><D118/><U124/><E124/><V18/><F47/><W12/><REACH who="3" step="1"/><G62/><REACH who="3" ten="153,210,360,257" step="2"/><T32/><D125/><U121/><E121/><V50/><F63/><W65/><G65/><T41/><D104/><U37/><E37/><V7/><F102/><W14/><G14/><T127/><D106/><U90/><E90/><V6/><F88/><W54/><G54/><T79/><D127/><U126/><E126/><V84/><F52/><W110/><G110/><T15/><D41/><U87/><AGARI ba="0,2" hai="13,19,22,24,26,27,76,77,78,85,87,89,93,96" machi="87" ten="40,5200,0" yaku="1,1,0,1,8,1,53,0" doraHai="66" doraHaiUra="123" who="1" fromWho="1" sc="153,-13,210,72,360,-13,257,-26" owari="140,-36.0,282,8.2,347,44.7,231,-16.9" /></mjloggm>