<mjloggm ver="2.3"><GO type="225" lobby="0"/><UN n0="%E3%82%A2%E3%83%BC%E3%83%A2%E3%83%AD%E3%83%BC%E3%83%B4%E3%82%A1" n1="%E3%83%A9%E3%83%BC%E3%83%A1%E3%83%B3%E4%BA%94%E9%83%8E" n2="%E3%81%86%E3%81%A9%E3%82%93%E3%81%93" n3="%4C%4F%4C%49%54%41" dan="16,16,16,16" rate="2147.33,2042.18,2179.82,2157.73" sx="M,M,M,F"/><TAIKYOKU oya="0"/><INIT seed="0,0,0,0,2,26" ten="250,250,250,250" oya="0" hai0="121,55,85,20,57,88,14,25,97,31,114,18,29" hai1="100,8,33,87,9,120,1,0,27,60,36,69,115" hai2="105,51,74,24,107,68,47,76,89,7,78,131,70" hai3="2,81,39,22,71,122,13,48,126,53,118,19,59"/><T42/><D114/><U106/><E120/><V35/><F7/><W12/><G2/><T113/><D113/><U124/><E115/><V73/><F89/><W58/><G71/><T75/><D75/><U108/><E36/><V84/><F84/><W6/><G118/><T41/><D97/><N who="1" m="61711" /><E87/><V102/><F131/><W17/><G39/><T63/><D121/><U62/><E62/><V61/><F78/><W80/><G126/><T127/><D127/><U119/><E108/><V64/><F70/><W43/><G43/><N who="0" m="16395" /><D14/><U135/><E119/><V111/><F76/><W45/><G6/><T134/><D134/><U99/><E99/><N who="2" m="61663" /><F107/><W128/><G128/><T5/><D5/><U66/><E135/><V49/><F111/><W32/><G32/><T96/><D96/><U65/><E65/><V82/><F82/><AGARI ba="0,0" hai="18,20,25,29,31,55,57,63,82,85,88" m="16395" machi="82" ten="30,11600,0" yaku="8,1,52,2,54,1" doraHai="26" who="0" fromWho="2" sc="250,116,250,0,250,-116,250,0" /><INIT seed="0,1,0,3,3,72" ten="366,250,134,250" oya="0" hai0="56,61,114,100,118,59,25,71,0,4,91,30,40" hai1="84,7,86,17,127,122,96,51,50,103,112,19,38" hai2="36,116,44,83,12,68,115,53,29,97,98,131,10" hai3="88,87,23,92,113,15,95,117,33,63,126,111,130"/><T31/><D114/><U67/><E122/><V107/><F115/><W5/><G113/><T62/><D118/><U121/><E121/><V74/><F68/><W105/><G105/><T54/><D71/><U26/><E112/><V21/><F131/><W8/><G33/><T85/><D40/><U55/><E38/><V124/><F116/><W57/><G117/><T22/><D100/><U89/><E127/><V108/><F124/><W9/><G111/><T49/><D0/><U77/><E67/><V119/><F119/><W110/><G110/><T34/><D4/><U64/><E64/><V27/><F107/><W65/><G130/><T32/><D31/><U35/><E7/><V125/><F125/><W1/><G23/><T45/><D45/><U109/><E50/><V78/><F108/><W69/><G126/><T133/><D133/><U46/><E109/><V93/><F93/><W58/><REACH who="3" step="1"/><G92/><REACH who="3" ten="366,250,134,240" step="2"/><T37/><D34/><U104/><E35/><V24/><F24/><W14/><G14/><T123/><D32/><U73/><E26/><V81/><F81/><W94/><G94/><T82/><D123/><U60/><E104/><V42/><REACH who="2" step="1"/><F53/><REACH who="2" ten="366,250,124,240" step="2"/><W20/><G20/><T80/><D80/><U99/><E55/><V132/><F132/><W129/><G129/><T75/><D82/><U48/><E73/><V11/><F11/><W76/><G76/><T90/><D75/><U66/><E77/><V135/><F135/><W79/><G79/><T120/><D54/><U101/><E66/><V16/><AGARI ba="1,2" hai="10,12,16,21,27,29,36,42,44,74,78,83,97,98" machi="16" ten="20,12000,2" yaku="1,1,0,1,7,1,52,1,54,1,53,1" doraHai="72" doraHaiUra="13" who="2" fromWho="2" sc="366,-61,250,-31,124,143,240,-31" /><INIT seed="1,0,0,3,3,115" ten="305,219,267,209" oya="1" hai0="131,127,84,106,109,120,11,110,10,78,108,128,2" hai1="113,89,47,118,46,67,62,70,45,42,100,29,35" hai2="90,5,125,38,44,31,59,48,111,6,34,63,126" hai3="133,36,18,88,117,43,50,52,55,123,96,24,116"/><U8/><E113/><V79/><F38/><W40/><G123/><T135/><D120/><U58/><E100/><V83/><F90/><W82/><G133/><T92/><D106/><U101/><E101/><V85/><F111/><W74/><G36/><T80/><D135/><U14/><E118/><N who="3" m="45674" /><G55/><T104/><D104/><U94/><E70/><V57/><F31/><W60/><G60/><T86/><D127/><N who="2" m="48650" /><F34/><W12/><G24/><T73/><D128/><U66/><E66/><N who="2" m="39279" /><F59/><N who="3" m="33175" /><G74/><T13/><D131/><U0/><E42/><AGARI ba="0,0" hai="5,6,42,44,48,79,83,85" m="39279,48650" machi="42" ten="30,1000,0" yaku="18,1" doraHai="115" who="2" fromWho="1" sc="305,0,219,-10,267,10,209,0" /><INIT seed="2,0,0,2,0,72" ten="305,209,277,209" oya="2" hai0="124,33,114,116,59,102,79,67,38,89,83,69,12" hai1="93,27,100,108,55,65,92,17,49,25,40,105,119" hai2="28,127,45,128,26,39,99,48,71,42,129,18,11" hai3="95,115,51,50,82,73,19,88,60,90,96,81,10"/><V24/><F71/><W46/><G115/><T85/><D114/><U78/><E119/><V5/><F127/><W15/><G73/><T29/><D38/><U7/><E40/><V120/><F120/><W6/><G60/><T91/><D69/><U74/><E108/><V36/><F18/><W8/><G90/><T37/><D37/><U122/><E122/><V109/><F39/><W103/><G103/><T125/><D102/><U97/><E7/><V126/><F126/><N who="0" m="48746" /><D116/><U57/><E65/><V21/><F109/><W75/><G75/><T44/><D44/><U80/><REACH who="1" step="1"/><E17/><REACH who="1" ten="305,199,277,209" step="2"/><V110/><F110/><W53/><REACH who="3" step="1"/><G51/><REACH who="3" ten="305,199,277,199" step="2"/><T84/><D67/><U22/><E22/><V35/><F48/><W31/><G31/><T14/><D29/><U106/><E106/><V23/><F23/><W131/><G131/><T4/><D33/><U98/><E98/><V104/><F99/><W9/><G9/><T43/><D43/><U112/><E112/><V41/><F104/><W77/><G77/><T54/><D79/><U2/><E2/><AGARI ba="0,2" hai="2,6,8,10,15,19,46,50,53,81,82,88,95,96" machi="2" ten="30,7700,0" yaku="1,1,7,1,54,1,53,1" doraHai="72" doraHaiUra="86" who="3" fromWho="1" sc="305,0,199,-77,277,0,199,97" /><INIT seed="3,0,0,2,2,11" ten="305,122,277,296" oya="3" hai0="108,98,73,40,9,135,94,65,86,19,127,33,121" hai1="93,59,83,79,80,29,21,114,7,87,45,123,134" hai2="119,31,101,89,51,91,13,15,122,105,85,41,4" hai3="68,111,109,102,112,90,20,28,25,34,42,3,104"/><W10/><G112/><T64/><D121/><U115/><E134/><V71/><F122/><W95/><G68/><T78/><D33/><U120/><E120/><V46/><F71/><W53/><G42/><T30/><D73/><U113/><E123/><V32/><F119/><W6/><G53/><T36/><D30/><U24/><E45/><V61/><F61/><W133/><G133/><T99/><D135/><U82/><E59/><V69/><F69/><W103/><G34/><T56/><D36/><U63/><E63/><V50/><F91/><W23/><G23/><T92/><D40/><U14/><REACH who="1" step="1"/><E93/><REACH who="1" ten="305,112,277,296" step="2"/><V37/><F105/><W17/><G104/><T96/><D92/><U39/><E39/><V76/><F37/><W27/><G109/><T52/><D94/><U49/><E49/><V74/><F50/><W12/><G111/><T0/><D108/><U8/><AGARI ba="0,1" hai="7,8,14,21,24,29,79,80,82,83,87,113,114,115" machi="8" ten="40,8000,1" yaku="1,1,0,1,52,1,53,1" doraHai="11" doraHaiUra="75" who="1" fromWho="1" sc="305,-20,112,90,277,-20,296,-40" /><INIT seed="4,0,0,0,2,134" ten="285,202,257,256" oya="0" hai0="17,0,12,105,106,55,82,107,118,80,87,114,29" hai1="76,70,20,27,97,90,71,77,68,48,93,69,124" hai2="119,75,14,2,83,122,109,37,85,66,25,28,123" hai3="33,34,120,62,108,86,126,102,50,110,73,1,117"/><T5/><D118/><U36/><N who="1" m="17408" /><DORA hai="4" /><U81/><E36/><V78/><F109/><W129/><G73/><T131/><D29/><U52/><E81/><V94/><F2/><W100/><G117/><T47/><D114/><U39/><E39/><V103/><F37/><W63/><G1/><T10/><D131/><U21/><E124/><V74/><F119/><W41/><G50/><T3/><D80/><U127/><E127/><V54/><F66/><W72/><G72/><T9/><D0/><U31/><REACH who="1" step="1"/><E20/><REACH who="1" ten="285,192,257,256" step="2"/><V30/><F83/><W51/><G126/><T22/><D22/><U96/><E96/><V57/><F122/><W59/><G110/><T67/><D82/><U128/><E128/><V98/><F123/><W88/><G120/><T89/><D87/><U101/><E101/><V56/><F103/><W121/><G108/><T95/><D89/><U38/><E38/><V130/><F98/><W104/><G121/><T19/><D105/><U35/><E35/><V92/><F85/><W11/><G129/><T40/><D106/><U125/><E125/><V7/><F130/><W116/><G116/><T46/><D107/><U15/><E15/><V23/><F14/><W79/><G33/><T24/><D12/><U113/><E113/><V8/><F75/><W61/><G34/><T16/><D3/><U115/><E115/><V99/><F74/><W84/><G104/><T18/><D24/><U133/><E133/><V32/><F32/><W43/><G100/><T111/><D111/><U53/><E53/><V49/><F54/><W64/><G102/><T45/><D55/><RYUUKYOKU ba="0,1" sc="285,-10,192,30,257,-10,256,-10" hai1="21,27,31,48,52,76,77,90,93,97" /><INIT seed="5,1,1,1,3,77" ten="275,222,247,246" oya="1" hai0="43,93,37,74,44,129,118,114,9,125,100,55,94" hai1="16,121,122,111,26,130,128,109,88,112,120,63,64" hai2="45,53,5,17,72,89,135,85,103,2,91,73,132" hai3="119,67,28,4,71,0,108,1,134,116,80,25,50"/><U15/><E112/><V47/><F103/><W86/><G108/><N who="1" m="41546" /><E26/><V35/><F35/><W20/><G134/><N who="2" m="51241" /><F17/><W18/><G50/><T51/><D118/><N who="3" m="45097" /><G4/><T7/><D74/><N who="2" m="28778" /><F53/><W12/><G71/><T31/><D114/><U11/><E88/><N who="2" m="33867" /><F85/><W110/><G67/><T84/><D100/><U10/><E10/><AGARI ba="1,1" hai="2,5,10,45,47" m="33867,28778,51241" machi="10" ten="40,2600,0" yaku="20,1,54,1" doraHai="77" who="2" fromWho="1" sc="275,0,222,-29,247,39,246,0" /><INIT seed="6,0,0,5,3,29" ten="275,193,286,246" oya="2" hai0="28,15,96,67,13,44,116,120,23,105,75,17,115" hai1="99,50,63,52,31,77,37,66,53,36,76,100,68" hai2="125,4,62,48,122,89,51,54,49,79,19,132,64" hai3="123,21,97,93,65,16,110,85,94,0,103,119,22"/><V102/><F122/><W112/><G110/><T27/><D75/><U127/><E127/><V58/><F125/><W135/><G119/><T2/><D120/><U30/><E30/><V82/><F132/><W70/><G0/><T3/><D67/><U5/><E5/><V107/><F4/><W73/><G73/><T101/><D115/><U81/><E31/><V88/><F102/><W8/><G123/><T121/><D121/><U83/><E83/><V43/><F107/><W108/><G108/><T84/><D116/><U113/><E113/><V134/><F134/><W57/><G70/><T39/><D15/><U80/><E80/><V61/><F43/><W38/><G38/><T41/><REACH who="0" step="1"/><D84/><REACH who="0" ten="265,193,286,246" step="2"/><U98/><E98/><V42/><F42/><W129/><G85/><T24/><D24/><U56/><E53/><V72/><REACH who="2" step="1"/><F19/><REACH who="2" ten="265,193,276,246" step="2"/><W95/><G16/><T59/><D59/><AGARI ba="0,2" hai="48,49,51,54,58,59,61,62,64,72,79,82,88,89" machi="59" ten="40,7700,0" yaku="1,1,2,1,54,1,53,0" doraHai="29" doraHaiUra="92" who="2" fromWho="0" sc="265,-77,193,0,276,97,246,0" owari="188,-31.2,193,-20.7,373,47.3,246,4.6" /></mjloggm>