<mjloggm ver="2.3"><GO type="225" lobby="0"/><UN n0="%73%6C%69%63%6B%33%31%39" n1="%E5%A4%9C%E3%81%AE%E3%82%AC%E3%82%B9%E3%83%91%E3%83%BC%E3%83%AB" n2="%4C%4F%4C%49%54%41" n3="%47%68%6F%73%74%55%30" dan="16,16,16,17" rate="2115.78,2130.11,2147.52,2182.85" sx="M,M,F,M"/><TAIKYOKU oya="0"/><INIT seed="0,0,0,4,1,80" ten="250,250,250,250" oya="0" hai0="66,48,113,112,45,16,21,79,5,1,62,109,70" hai1="52,110,55,58,134,121,22,33,11,36,135,106,50" hai2="128,111,96,105,37,39,56,6,127,108,122,114,133" hai3="104,76,27,12,44,131,117,19,93,4,78,94,132"/><T71/><D71/><U64/><E33/><V61/><F6/><W75/><G117/><T92/><D109/><N who="2" m="42058" /><F105/><W40/><G104/><T60/><D60/><U119/><E110/><V7/><F7/><W20/><G131/><T14/><D79/><U28/><E106/><V87/><F96/><W54/><G132/><N who="1" m="50730" /><E121/><V8/><F133/><W126/><G54/><T89/><D5/><U86/><E36/><V17/><F114/><W46/><G46/><T34/><D34/><U73/><E73/><V95/><F127/><W9/><G126/><T25/><D1/><U0/><E119/><V103/><F128/><W68/><G68/><T23/><D48/><U100/><E100/><V31/><F31/><W72/><G72/><T118/><D45/><U83/><E0/><V32/><F32/><W116/><G116/><T125/><D125/><U99/><E99/><N who="2" m="59903" /><F87/><W74/><G74/><T2/><D2/><U26/><E11/><V123/><F39/><W3/><G76/><T41/><D41/><U65/><E55/><N who="2" m="33951" /><F37/><N who="3" m="21519" /><G12/><AGARI ba="0,0" hai="8,12,17,122,123" m="33951,59903,42058" machi="12" ten="30,1000,0" yaku="14,1" doraHai="80" who="2" fromWho="3" sc="250,0,250,0,250,10,250,-10" /><INIT seed="1,0,0,1,1,120" ten="250,250,260,240" oya="1" hai0="133,73,79,48,36,39,116,83,68,101,6,26,87" hai1="93,42,23,97,57,86,49,46,32,112,60,84,4" hai2="132,21,13,8,43,110,33,109,53,20,125,123,61" hai3="65,119,128,118,0,63,99,18,17,47,58,64,95"/><U3/><E112/><V135/><F123/><W37/><G128/><T111/><D116/><N who="3" m="44585" /><G0/><T27/><D68/><U15/><E32/><V114/><F114/><W10/><G64/><T104/><D133/><N who="2" m="51274" /><F33/><W40/><G10/><T75/><D6/><U134/><E3/><V102/><F125/><W24/><G24/><T96/><D73/><U30/><E134/><V51/><F43/><W85/><G85/><T115/><D115/><U50/><E50/><V22/><F102/><AGARI ba="0,0" hai="17,18,37,40,47,58,63,65,95,99,102" m="44585" machi="102" ten="30,1000,0" yaku="12,1" doraHai="120" who="3" fromWho="2" sc="250,0,250,0,260,-10,240,10" /><INIT seed="2,0,0,4,3,96" ten="250,250,250,250" oya="2" hai0="133,47,52,49,75,134,73,113,116,72,115,91,20" hai1="102,62,131,21,64,11,22,128,56,54,99,110,106" hai2="130,6,0,1,34,85,86,43,93,31,108,89,26" hai3="3,5,135,129,120,112,45,77,70,12,44,50,104"/><V63/><F130/><N who="1" m="49705" /><E110/><V51/><F108/><W74/><G129/><T101/><D116/><U124/><E124/><V132/><F132/><N who="0" m="50794" /><D91/><U97/><E11/><V121/><F121/><W82/><G135/><T8/><D8/><U126/><E126/><V65/><F6/><W4/><G120/><T94/><D20/><N who="1" m="7787" /><E99/><AGARI ba="0,0" hai="47,49,52,72,73,75,94,99,101,113,115" m="50794" machi="99" ten="40,5200,0" yaku="20,1,52,1,54,1" doraHai="96" who="0" fromWho="1" sc="250,52,250,-52,250,0,250,0" /><INIT seed="3,0,0,0,2,81" ten="302,198,250,250" oya="3" hai0="55,56,103,3,27,16,57,92,132,115,124,37,43" hai1="11,51,15,28,35,64,63,113,126,22,119,128,97" hai2="72,13,70,134,39,74,50,78,42,88,96,24,84" hai3="9,60,111,29,19,75,17,54,68,36,6,121,89"/><W83/><G121/><T130/><D3/><U12/><E113/><V120/><F70/><W46/><G111/><T14/><D115/><U47/><E35/><V133/><F39/><W20/><G29/><T86/><D130/><U93/><E128/><V8/><F120/><W131/><G131/><T40/><D37/><U85/><E126/><V23/><F96/><W61/><G68/><T112/><D112/><U76/><E119/><V87/><F50/><N who="3" m="29015" /><G75/><T5/><D132/><N who="2" m="50794" /><F42/><W71/><G71/><T91/><D57/><U129/><E129/><V25/><F25/><N who="3" m="14479" /><G6/><T62/><D103/><U114/><E114/><V118/><F118/><W48/><G48/><T117/><D117/><U26/><E11/><V58/><F58/><W45/><G45/><T107/><D107/><U67/><E63/><V104/><F104/><W4/><G4/><T66/><D124/><U30/><E30/><N who="2" m="17695" /><F13/><N who="3" m="7599" /><G36/><T102/><D43/><U101/><E15/><V38/><F38/><W65/><G65/><T98/><D40/><U41/><REACH who="1" step="1"/><E12/><REACH who="1" ten="302,188,250,250" step="2"/><V135/><F135/><W53/><G53/><T44/><D5/><U127/><E127/><V33/><F33/><W122/><G122/><T32/><D32/><U18/><E18/><V80/><F8/><W90/><G60/><T49/><D14/><U123/><E123/><V10/><F10/><W77/><G61/><T105/><D16/><U7/><E7/><V95/><AGARI ba="0,1" hai="72,74,78,80,84,87,88,95" m="17695,50794" machi="95" ten="30,7900,0" yaku="20,1,52,2,54,1" doraHai="81" who="2" fromWho="2" sc="302,-20,188,-20,250,89,250,-39" owari="282,8.2,168,-33.2,339,43.9,211,-18.9" /></mjloggm>