<mjloggm ver="2.3"><GO type="225" lobby="0"/><UN n0="%E8%83%83%E3%81%A8%E8%85%B8" n1="%E3%81%BF%E3%81%BF%E3%81%9A" n2="%E9%B3%B3%E6%9D%B1%E3%81%AE%E3%81%86%E3%81%95%E3%81%8E%E3%81%95%E3%82%93" n3="%28%EF%BF%A3%E2%96%BD%EF%BF%A3%29%CE%B4%E2%8C%92%E3%83%BB" dan="17,16,17,16" rate="2247.56,2141.66,2232.78,2118.74" sx="M,M,M,M"/><TAIKYOKU oya="0"/><INIT seed="0,0,0,0,0,89" ten="250,250,250,250" oya="0" hai0="60,51,103,94,102,11,23,57,112,82,97,26,8" hai1="48,72,115,77,32,107,15,133,22,120,85,71,135" hai2="62,30,109,74,20,39,129,13,3,5,14,119,73" hai3="49,90,83,86,128,75,117,45,126,19,132,66,127"/><T9/><D112/><U41/><E120/><V125/><F39/><W98/><G117/><T50/><D82/><U1/><E1/><V101/><F119/><W99/><G128/><T134/><D103/><U105/><E32/><V113/><F113/><W43/><G132/><N who="1" m="50762" /><E71/><V88/><F3/><W4/><G4/><T31/><REACH who="0" step="1"/><D134/><REACH who="0" ten="240,250,250,250" step="2"/><U65/><E115/><V46/><F101/><W36/><G127/><T44/><D44/><N who="1" m="25615" /><E72/><V80/><F73/><W54/><G126/><T76/><D76/><U18/><E65/><AGARI ba="0,1" hai="8,9,11,23,26,31,50,51,57,60,65,94,97,102" machi="65" ten="40,12000,1" yaku="1,1,25,2,8,1,52,1,53,0" doraHai="89" doraHaiUra="0" who="0" fromWho="1" sc="240,130,250,-120,250,0,250,0" /><INIT seed="0,1,0,1,2,5" ten="370,130,250,250" oya="0" hai0="41,101,113,50,56,121,98,107,83,14,117,76,37" hai1="66,22,62,130,15,82,85,86,43,69,0,23,99" hai2="133,134,57,106,88,119,70,125,129,60,116,8,2" hai3="71,89,78,128,131,30,93,100,34,3,73,12,68"/><T104/><D113/><U122/><E0/><V18/><F106/><W58/><G3/><T103/><D117/><N who="2" m="45130" /><F129/><N who="3" m="49739" /><G100/><T47/><D121/><U46/><E130/><V132/><F125/><W75/><G34/><T55/><D14/><U111/><E111/><V40/><F70/><N who="3" m="26667" /><G78/><T16/><D101/><U118/><E118/><V61/><F40/><W27/><G58/><T80/><D104/><U96/><E122/><V63/><F88/><W91/><G91/><T77/><D77/><U35/><E35/><V1/><F57/><W44/><G44/><T127/><D127/><U84/><E82/><V105/><F105/><W97/><G27/><T67/><D67/><U17/><REACH who="1" step="1"/><E23/><REACH who="1" ten="370,120,250,250" step="2"/><V124/><F124/><W42/><G75/><T9/><D80/><U49/><AGARI ba="1,1" hai="15,17,22,43,46,49,62,66,69,84,85,86,96,99" machi="49" ten="30,7900,0" yaku="1,1,2,1,0,1,53,1" doraHai="5" doraHaiUra="13" who="1" fromWho="1" sc="370,-40,120,92,250,-21,250,-21" /><INIT seed="1,0,0,3,0,57" ten="330,212,229,229" oya="1" hai0="85,6,54,29,121,133,67,84,108,61,12,51,109" hai1="103,131,7,48,24,35,102,69,82,15,81,18,91" hai2="115,1,64,100,119,26,47,135,93,17,44,107,70" hai3="11,41,46,101,28,117,0,79,66,72,110,104,99"/><U62/><E131/><V56/><F119/><W60/><G110/><N who="0" m="42603" /><D133/><U22/><E48/><V114/><F107/><W83/><G117/><T125/><D125/><U20/><E35/><V129/><F70/><W97/><G97/><T89/><D121/><U123/><E123/><V9/><F135/><W42/><G28/><T8/><D29/><U77/><E91/><V50/><F129/><W52/><G0/><T95/><D51/><U27/><E7/><V76/><F76/><W86/><G11/><T59/><D84/><U3/><E3/><V88/><F100/><W92/><G52/><AGARI ba="0,0" hai="6,8,12,52,54,59,61,67,85,89,95" m="42603" machi="52" ten="30,3900,0" yaku="14,1,52,1,54,1" doraHai="57" who="0" fromWho="3" sc="330,39,212,0,229,0,229,-39" /><INIT seed="2,0,0,2,4,35" ten="369,212,229,190" oya="2" hai0="104,112,30,89,8,3,44,55,25,98,13,133,84" hai1="34,117,23,46,115,18,1,12,11,64,5,123,132" hai2="121,21,86,118,100,16,103,65,47,37,134,57,77" hai3="61,53,106,54,68,73,71,62,2,107,122,75,42"/><V95/><F118/><W111/><G42/><T41/><D112/><U51/><E115/><V24/><F121/><W22/><G22/><T114/><D114/><U28/><E117/><V70/><F70/><W99/><G99/><T38/><D133/><U48/><E132/><V97/><F134/><W20/><G20/><T131/><D131/><U108/><E108/><V102/><F37/><W17/><G17/><T105/><D55/><U93/><E123/><V92/><F47/><W63/><G122/><T116/><D116/><U72/><E72/><V82/><REACH who="2" step="1"/><F97/><REACH who="2" ten="369,212,219,190" step="2"/><W124/><G111/><T126/><D98/><U130/><E130/><V80/><F80/><W9/><G63/><AGARI ba="0,1" hai="16,21,24,57,63,65,77,82,86,92,95,100,102,103" machi="63" ten="40,7700,0" yaku="1,1,8,1,54,1,53,0" doraHai="35" doraHaiUra="109" who="2" fromWho="3" sc="369,0,212,0,219,87,190,-77" /><INIT seed="2,1,0,4,4,19" ten="369,212,306,113" oya="2" hai0="116,14,87,30,42,105,26,41,133,70,89,62,22" hai1="132,73,130,20,71,83,40,74,123,126,104,106,12" hai2="66,69,21,29,117,16,98,77,53,102,13,118,52" hai3="44,115,28,134,1,90,94,38,7,92,122,119,127"/><V91/><F77/><W55/><G119/><T2/><D2/><U37/><E12/><V110/><F110/><W111/><G122/><T27/><D116/><U85/><E20/><V51/><F91/><W99/><G111/><T114/><D114/><U107/><E123/><V120/><F120/><W5/><G115/><T35/><D133/><U81/><E71/><V124/><F124/><W64/><G127/><T61/><D105/><U80/><E40/><V36/><F36/><W32/><G134/><T101/><D101/><U23/><E23/><V17/><F29/><W48/><G38/><T43/><D14/><U86/><E37/><V25/><F69/><W96/><G1/><T24/><D70/><U8/><E8/><V67/><F118/><W9/><G9/><T0/><D0/><U100/><E126/><V34/><F117/><W50/><G64/><N who="2" m="24617" /><F34/><W109/><G109/><T93/><REACH who="0" step="1"/><D24/><REACH who="0" ten="359,212,306,113" step="2"/><U72/><E132/><V60/><F102/><W65/><G65/><T10/><D10/><U68/><E68/><V135/><F25/><W84/><G32/><T129/><D129/><U121/><E121/><V95/><F135/><W49/><G28/><AGARI ba="1,1" hai="22,26,27,28,30,35,41,42,43,61,62,87,89,93" machi="28" ten="40,2600,0" yaku="1,1,52,1,53,0" doraHai="19" doraHaiUra="97" who="0" fromWho="3" sc="359,39,212,0,306,0,113,-29" /><INIT seed="3,0,0,3,3,9" ten="398,212,306,84" oya="3" hai0="113,29,124,88,85,107,100,95,11,50,104,15,82" hai1="80,66,77,32,10,78,76,39,131,21,106,43,129" hai2="17,89,115,55,35,81,90,72,38,83,133,19,44" hai3="52,8,102,70,120,130,63,22,105,7,103,13,110"/><W45/><G120/><T62/><D124/><U30/><E106/><V0/><F35/><W114/><G114/><T58/><D113/><U122/><E122/><V24/><F115/><W51/><G130/><T1/><D1/><U12/><E66/><V98/><F0/><W71/><G110/><T48/><D29/><U59/><E59/><V118/><F118/><W42/><G105/><T33/><D33/><U121/><E121/><V16/><F72/><W94/><G71/><T37/><D37/><U53/><E53/><V112/><F133/><W99/><G70/><T65/><D107/><U128/><E32/><V3/><F3/><W96/><G22/><T67/><D67/><U84/><E43/><V40/><F112/><W134/><G134/><T36/><D36/><U57/><E57/><V46/><F24/><W47/><G63/><T20/><D20/><U31/><E39/><V116/><F116/><W93/><G42/><T28/><D28/><N who="1" m="10795" /><E21/><V27/><F27/><W127/><G127/><T56/><D104/><U109/><E109/><V135/><F135/><W111/><G111/><T60/><D60/><U75/><E75/><V6/><F6/><AGARI ba="0,0" hai="6,10,12,76,77,78,80,84,128,129,131" m="10795" machi="6" ten="30,2000,0" yaku="19,1,52,1" doraHai="9" who="1" fromWho="2" sc="398,0,212,20,306,-20,84,0" owari="398,49.8,232,-16.8,286,8.6,84,-41.6" /></mjloggm>