<mjloggm ver="2.3"><GO type="225" lobby="0"/><UN n0="%74%61%6B%65%2D%79%6F%75" n1="%E3%81%AF%E3%82%88%E3%81%8A%E3%81%98%E3%81%95%E3%82%93" n2="%41%54%53%4D" n3="%E5%B8%86%E7%AB%8B%E5%A4%8F%E8%A1%A3" dan="17,16,16,16" rate="2242.64,2165.94,2099.27,2128.51" sx="M,M,M,M"/><TAIKYOKU oya="0"/><INIT seed="0,0,0,0,0,104" ten="250,250,250,250" oya="0" hai0="29,79,2,70,35,34,93,26,80,83,41,96,44" hai1="58,87,67,39,127,57,1,28,51,74,78,118,49" hai2="12,25,22,45,108,111,89,18,126,5,11,99,16" hai3="82,128,0,131,59,10,102,9,98,76,32,103,30"/><T3/><D70/><U97/><E118/><V113/><F113/><W120/><G120/><T129/><D35/><U84/><E1/><V112/><F112/><W119/><G119/><T15/><D129/><N who="3" m="49737" /><G32/><T17/><D93/><U38/><E97/><V56/><F126/><W31/><G59/><T21/><D96/><U65/><E78/><V106/><F56/><W55/><G55/><T64/><D64/><U91/><E91/><V81/><F45/><W133/><G133/><T48/><REACH who="0" step="1"/><D80/><REACH who="0" ten="240,250,250,250" step="2"/><U109/><E67/><V43/><F81/><W23/><G98/><T94/><D94/><U123/><E65/><V63/><F99/><W124/><G82/><T47/><D47/><U77/><E57/><V100/><F106/><W6/><G103/><T85/><AGARI ba="0,1" hai="2,3,15,17,21,26,29,34,41,44,48,79,83,85" machi="85" ten="20,3900,0" yaku="1,1,0,1,7,1,53,0" doraHai="104" doraHaiUra="134" who="0" fromWho="0" sc="240,49,250,-13,250,-13,250,-13" /><INIT seed="0,1,0,5,4,34" ten="289,237,237,237" oya="0" hai0="88,27,74,81,6,69,64,22,46,91,25,63,128" hai1="134,35,58,110,107,124,20,67,127,10,118,62,79" hai2="3,100,16,132,11,112,33,111,103,61,50,53,71" hai3="52,19,21,68,43,126,121,12,28,47,80,49,39"/><T17/><D128/><U104/><E35/><V93/><F112/><W83/><G126/><N who="1" m="48170" /><E118/><V109/><F33/><W31/><G121/><T13/><D46/><U94/><E110/><N who="2" m="41995" /><F132/><W101/><G68/><T108/><D108/><U72/><E134/><V113/><F113/><W14/><G101/><T7/><D7/><U105/><E20/><V122/><F122/><W1/><G1/><T75/><D6/><U2/><E94/><V9/><F93/><W44/><REACH who="3" step="1"/><G12/><REACH who="3" ten="289,237,237,227" step="2"/><T37/><D13/><U87/><E2/><V102/><F3/><W48/><G48/><T96/><D37/><U82/><E10/><V65/><F16/><W90/><G90/><T115/><D91/><U85/><AGARI ba="1,1" hai="58,62,67,72,79,82,85,87,104,105,107" m="48170" machi="85" ten="40,1500,0" yaku="18,1" doraHai="34" who="1" fromWho="1" sc="289,-8,237,28,237,-5,227,-5" /><INIT seed="1,0,0,2,0,82" ten="281,265,232,222" oya="1" hai0="44,90,58,126,54,116,101,50,25,102,35,108,64" hai1="66,52,42,117,32,118,11,67,94,96,122,119,130" hai2="36,6,46,57,31,80,73,113,72,9,37,89,120" hai3="68,100,109,23,49,24,106,75,55,4,56,76,134"/><U16/><E122/><V51/><F120/><W53/><G109/><T28/><D116/><U127/><E32/><V135/><F135/><W39/><G134/><T133/><D133/><U14/><E127/><V27/><F57/><W103/><G39/><T22/><D108/><U121/><E121/><V33/><F113/><W41/><G41/><T45/><D126/><U111/><E111/><V104/><F104/><W65/><G4/><T99/><D35/><U74/><E74/><V93/><F80/><W8/><G8/><T107/><D101/><U40/><E130/><V63/><F63/><W78/><G75/><T47/><REACH who="0" step="1"/><D90/><REACH who="0" ten="271,265,232,222" step="2"/><U70/><E117/><V110/><F110/><W114/><G103/><T97/><D97/><U71/><E118/><V30/><F33/><W69/><G100/><T59/><D59/><U13/><E119/><V12/><F89/><W17/><G69/><T105/><D105/><U129/><E70/><V43/><F93/><W115/><G106/><T124/><D124/><U91/><E71/><V15/><F46/><N who="3" m="27831" /><G115/><T112/><D112/><U132/><E132/><V60/><F72/><W0/><G114/><T88/><D88/><U131/><E129/><V10/><F73/><W95/><G95/><T7/><D7/><U86/><E131/><V123/><F6/><W87/><G68/><T77/><D77/><U79/><E79/><V19/><F123/><W62/><G78/><T83/><D83/><U20/><E96/><V81/><F81/><N who="3" m="47527" /><G0/><T26/><D26/><N who="1" m="14599" /><E94/><V38/><F27/><W85/><G85/><T21/><D21/><U48/><E86/><RYUUKYOKU ba="0,1" sc="271,15,265,-15,232,-15,222,15" hai0="22,25,28,44,45,47,50,54,58,64,99,102,107" hai3="17,23,24,55,56,62,65" /><INIT seed="2,1,1,2,1,48" ten="286,250,217,237" oya="2" hai0="118,103,130,42,102,124,59,46,128,89,135,61,97" hai1="47,123,127,35,56,99,120,95,40,80,62,117,53" hai2="43,63,79,74,73,17,72,1,31,49,58,60,38" hai3="129,45,13,131,33,75,82,134,0,11,30,23,71"/><V83/><F1/><W4/><G71/><T25/><D135/><U101/><E117/><V18/><F31/><W94/><G94/><N who="0" m="56527" /><D118/><U24/><E127/><V100/><F100/><W111/><G45/><T20/><D124/><U37/><E80/><V78/><F38/><W106/><G106/><T105/><D105/><U126/><E126/><V98/><F98/><W28/><G134/><T93/><D93/><U21/><REACH who="1" step="1"/><E35/><REACH who="1" ten="286,240,217,237" step="2"/><V54/><F83/><W65/><G33/><T113/><D130/><U122/><E122/><V115/><F115/><W85/><G131/><T15/><D113/><U112/><E112/><V114/><F114/><W66/><G129/><T12/><D128/><U110/><E110/><V8/><F78/><W104/><G111/><T90/><D103/><U70/><E70/><V26/><F79/><W67/><G75/><T44/><D102/><U87/><E87/><V119/><F119/><W69/><G69/><T36/><D90/><U125/><E125/><V88/><F88/><W109/><G109/><T14/><D36/><U51/><E51/><V32/><F32/><W116/><G116/><T121/><D121/><U68/><E68/><V84/><F84/><W2/><G85/><T22/><D61/><U107/><E107/><V9/><F63/><W19/><G104/><T10/><D42/><U76/><E76/><V41/><F60/><W81/><G81/><T108/><D108/><U52/><E52/><V64/><F64/><W133/><G82/><T96/><D96/><U91/><E91/><V39/><F39/><W34/><G133/><T7/><D7/><RYUUKYOKU ba="1,2" sc="286,-10,240,30,217,-10,237,-10" hai1="21,24,37,40,47,53,56,62,95,99,101,120,123" /><INIT seed="3,2,2,5,3,124" ten="276,270,207,227" oya="3" hai0="34,77,126,85,16,64,102,8,49,88,57,97,63" hai1="4,112,36,35,59,113,28,47,135,23,128,87,123" hai2="53,14,79,19,61,132,66,115,107,72,43,13,25" hai3="89,125,6,74,129,12,69,50,105,48,78,40,39"/><W76/><G129/><T110/><D126/><U17/><E123/><V10/><F115/><W118/><G118/><T92/><D110/><U75/><E75/><V31/><F107/><W98/><G69/><T9/><D34/><U117/><E128/><V37/><F132/><W90/><G39/><T114/><D114/><U15/><E135/><V70/><F53/><W119/><G119/><T94/><D77/><N who="3" m="29801" /><G105/><T111/><D111/><U5/><E117/><V96/><F96/><W121/><G121/><T84/><D84/><U7/><E59/><V22/><F79/><W71/><G71/><T45/><D16/><N who="1" m="10655" /><E47/><V60/><F60/><W95/><G74/><T51/><D51/><N who="3" m="19497" /><G125/><T27/><D27/><N who="1" m="18847" /><E36/><V20/><F72/><W44/><G44/><T54/><AGARI ba="2,2" hai="8,9,45,49,54,57,63,64,85,88,92,94,97,102" machi="54" ten="20,5200,0" yaku="0,1,7,1,8,1,54,1" doraHai="124" who="0" fromWho="0" sc="276,78,270,-15,207,-15,227,-28" owari="354,45.4,255,5.5,192,-30.8,199,-20.1" /></mjloggm>