<mjloggm ver="2.3"><GO type="225" lobby="0"/><UN n0="%4C%4F%4C%49%54%41" n1="%33%74%72%65%65" n2="%6B%69%72%61%64%6F%6B%69" n3="%E7%B4%94%E6%BD%94%E3%83%94%E3%83%A9%E3%83%8B%E3%82%A2" dan="16,16,16,17" rate="2139.92,2065.05,2109.14,2227.82" sx="F,F,M,M"/><TAIKYOKU oya="0"/><INIT seed="0,0,0,3,0,87" ten="250,250,250,250" oya="0" hai0="1,51,21,5,46,3,52,13,35,2,60,58,113" hai1="61,119,4,90,94,17,135,126,50,63,79,123,37" hai2="65,6,74,42,43,59,78,115,15,130,20,14,40" hai3="12,132,69,128,73,114,28,9,111,118,22,29,80"/><T33/><D113/><U41/><E119/><V98/><F115/><W97/><G80/><T8/><REACH who="0" step="1"/><D21/><REACH who="0" ten="240,250,250,250" step="2"/><U32/><E123/><V56/><F20/><W99/><G22/><T0/><N who="0" m="0" /><DORA hai="116" /><T117/><D117/><U84/><E32/><V7/><F130/><W107/><G128/><T101/><D101/><U133/><E133/><V72/><F14/><W31/><G12/><T38/><D38/><U109/><E37/><V95/><F15/><W93/><G132/><T57/><D57/><U64/><E135/><V24/><F59/><W54/><G118/><T86/><D86/><U120/><E84/><V76/><F56/><W112/><G114/><T85/><D85/><U91/><E120/><V62/><F72/><W23/><G23/><T124/><D124/><U105/><E126/><V36/><F74/><W16/><G73/><T92/><D92/><U49/><E94/><V100/><F36/><W70/><G93/><T127/><D127/><U26/><E105/><V121/><F121/><W47/><G107/><T66/><AGARI ba="0,1" hai="5,8,13,33,35,46,51,52,58,60,66" m="0" machi="66" ten="60,11700,0" yaku="1,1,0,1,54,1,53,0" doraHai="87,116" doraHaiUra="71,131" who="0" fromWho="0" sc="240,127,250,-39,250,-39,250,-39" /><INIT seed="0,1,0,1,5,115" ten="367,211,211,211" oya="0" hai0="15,88,106,3,70,132,73,81,78,122,84,37,108" hai1="55,60,62,125,133,87,36,1,4,134,13,130,101" hai2="58,54,21,22,30,110,61,20,19,94,77,118,86" hai3="38,45,7,16,71,96,59,80,97,31,65,34,43"/><T67/><D3/><U120/><E120/><V93/><F110/><W18/><G7/><T83/><D37/><U23/><E101/><V57/><F30/><W91/><G71/><T56/><D70/><U25/><E36/><V135/><F135/><N who="1" m="51721" /><E130/><V109/><F109/><W40/><G40/><T72/><D132/><U35/><E125/><V113/><F113/><W126/><G126/><T11/><D122/><U79/><E1/><V90/><F118/><W66/><G96/><T99/><D108/><U47/><E35/><V98/><F58/><W76/><G91/><T46/><D46/><U114/><E79/><V32/><F32/><W121/><G97/><T100/><D73/><U0/><E87/><V116/><F116/><W14/><G18/><T105/><D67/><U44/><E0/><V51/><F77/><W29/><G121/><T128/><D56/><N who="1" m="34847" /><E62/><V5/><F5/><W39/><G39/><T41/><D128/><U12/><E114/><V107/><F107/><W6/><G34/><T127/><D127/><U68/><E68/><V104/><F104/><W52/><G65/><T48/><D106/><U28/><E4/><V10/><F61/><N who="3" m="36071" /><G6/><T129/><D129/><U111/><E111/><V53/><F54/><W26/><G66/><T119/><D119/><U9/><E9/><V64/><F10/><N who="3" m="6231" /><G26/><T123/><D123/><U131/><E131/><V17/><REACH who="2" step="1"/><F64/><REACH who="2" ten="367,211,201,211" step="2"/><W95/><G76/><N who="0" m="46119" /><D105/><U89/><E28/><V63/><F63/><W69/><G29/><T42/><D78/><U82/><E44/><V112/><F112/><W2/><G31/><T24/><D11/><RYUUKYOKU ba="1,1" sc="367,-10,211,-10,201,30,211,-10" hai2="17,19,20,21,22,51,53,57,86,90,93,94,98" /><INIT seed="1,2,1,4,0,81" ten="357,201,231,201" oya="1" hai0="19,64,69,130,34,47,10,128,76,88,1,73,134" hai1="58,33,78,75,37,87,43,127,67,133,26,53,111" hai2="35,25,119,20,63,112,91,92,5,29,32,71,125" hai3="96,12,68,27,124,18,98,56,101,123,23,122,121"/><U14/><E133/><V131/><F119/><W62/><G124/><T44/><D34/><U51/><E127/><V9/><F125/><W49/><G68/><T60/><D134/><U22/><E111/><V99/><F131/><N who="0" m="50218" /><D88/><U54/><E75/><V84/><F112/><W15/><G49/><T103/><D103/><U105/><E105/><V21/><F35/><W48/><G48/><T40/><D40/><U30/><E37/><V120/><F120/><W104/><REACH who="3" step="1"/><G96/><REACH who="3" ten="357,201,231,191" step="2"/><T46/><D69/><U77/><E51/><V66/><REACH who="2" step="1"/><F99/><REACH who="2" ten="357,201,221,191" step="2"/><W6/><G6/><T8/><D44/><U79/><E43/><V113/><F113/><W45/><G45/><T61/><D46/><U135/><E135/><V72/><F72/><W89/><G89/><T132/><D47/><U129/><E129/><V17/><F17/><W118/><G118/><T116/><D19/><U108/><E108/><V93/><F93/><W74/><G74/><T102/><D132/><U115/><E115/><V7/><F7/><W110/><G110/><T39/><D116/><U85/><E79/><V55/><F55/><AGARI ba="2,3" hai="12,15,18,23,27,55,56,62,98,101,104,121,122,123" machi="55" ten="40,1300,0" yaku="1,1,53,0" doraHai="81" doraHaiUra="38" who="3" fromWho="2" sc="357,0,201,0,221,-19,191,49" /><INIT seed="2,0,0,0,2,101" ten="357,201,202,240" oya="2" hai0="94,117,43,41,61,40,34,87,29,57,97,11,59" hai1="53,95,32,78,79,51,129,3,20,107,98,106,105" hai2="99,134,5,68,62,74,25,70,84,26,118,63,64" hai3="113,80,81,122,33,42,120,22,119,77,58,47,67"/><V0/><F74/><W91/><G33/><T52/><D117/><U85/><E32/><V46/><F118/><W90/><G113/><T49/><D34/><U15/><E3/><V55/><F134/><W128/><G128/><T82/><D29/><U111/><E129/><V69/><F84/><W121/><G119/><T125/><D11/><U116/><E116/><V50/><F99/><W48/><G22/><T110/><D110/><U114/><E114/><V9/><REACH who="2" step="1"/><F63/><REACH who="2" ten="357,201,192,240" step="2"/><W75/><G81/><T83/><D87/><U102/><E85/><V100/><F100/><W123/><G123/><T86/><D86/><U72/><E72/><V135/><F135/><W44/><G122/><T73/><D73/><U76/><E111/><V38/><F38/><W14/><G121/><T18/><D83/><U39/><E39/><V103/><F103/><W108/><G120/><T60/><D60/><U24/><E15/><V30/><F30/><W96/><G108/><T19/><D82/><U31/><REACH who="1" step="1"/><E79/><REACH who="1" ten="357,191,192,240" step="2"/><V23/><F23/><W92/><G77/><T88/><D125/><U28/><E28/><V89/><F89/><W27/><G75/><T16/><D88/><U10/><E10/><V131/><F131/><W12/><G90/><T56/><D97/><U54/><E54/><V133/><F133/><W45/><G80/><T4/><D52/><U8/><E8/><V1/><F1/><W35/><G12/><T71/><D41/><U130/><E130/><V104/><F104/><W127/><G14/><T13/><D40/><U65/><E65/><V21/><F21/><W109/><G67/><RYUUKYOKU ba="0,2" sc="357,-15,191,15,192,15,240,-15" hai1="20,24,31,51,53,76,78,95,98,102,105,106,107" hai2="0,5,9,25,26,46,50,55,62,64,68,69,70" /><INIT seed="2,1,2,1,5,70" ten="342,206,207,225" oya="2" hai0="66,97,16,107,26,34,92,128,63,4,69,19,134" hai1="99,53,52,2,11,39,55,17,74,119,80,37,10" hai2="130,13,23,120,77,41,28,71,20,93,129,3,51" hai3="100,12,35,121,33,78,7,135,59,64,76,114,79"/><V90/><F120/><W110/><G121/><T32/><D128/><N who="2" m="49258" /><F3/><W58/><G110/><T54/><D134/><U6/><E119/><V47/><F71/><W101/><G135/><T24/><D4/><U60/><E60/><V108/><F108/><W104/><G104/><T102/><D92/><U111/><E111/><V81/><F28/><W36/><G36/><T117/><D117/><U96/><E96/><N who="2" m="57399" /><F13/><W14/><G64/><T103/><D103/><U48/><E48/><V105/><F105/><W87/><G79/><T84/><D84/><AGARI ba="1,2" hai="20,23,41,47,51,77,81,84" m="57399,49258" machi="84" ten="30,1500,0" yaku="19,1" doraHai="70" who="2" fromWho="0" sc="342,-18,206,0,207,38,225,0" /><INIT seed="2,2,0,5,3,3" ten="324,206,245,225" oya="2" hai0="53,71,70,33,9,78,38,1,7,36,86,10,108" hai1="87,29,30,60,28,55,35,51,56,85,111,122,126" hai2="116,98,54,129,125,0,44,105,46,45,77,84,2" hai3="90,39,75,124,16,135,26,19,17,119,121,69,57"/><V31/><F116/><W64/><G121/><T59/><D33/><U52/><E122/><V92/><F129/><W99/><G39/><T133/><D108/><U65/><E111/><V74/><F31/><W83/><G124/><T112/><D112/><U114/><E114/><V32/><F32/><W103/><G135/><T27/><D133/><U117/><E117/><V41/><F74/><W37/><G37/><T128/><D128/><U72/><E35/><V48/><F105/><W76/><G90/><T18/><D70/><U15/><E126/><V49/><F45/><W123/><G123/><T127/><D71/><U34/><E72/><V67/><F67/><W58/><G26/><T68/><D68/><U96/><E34/><V134/><F134/><W93/><REACH who="3" step="1"/><G119/><REACH who="3" ten="324,206,245,215" step="2"/><T91/><D91/><U61/><E15/><V82/><F125/><W6/><G6/><T63/><D27/><U4/><E4/><V100/><AGARI ba="2,1" hai="0,2,41,44,46,48,49,54,77,82,84,92,98,100" machi="100" ten="20,2100,0" yaku="0,1,7,1" doraHai="3" who="2" fromWho="2" sc="324,-9,206,-9,245,37,215,-9" /><INIT seed="2,3,0,5,5,20" ten="315,197,282,206" oya="2" hai0="61,18,109,5,60,110,101,135,78,64,122,95,32" hai1="15,99,57,37,106,112,13,30,82,114,46,77,87" hai2="21,117,79,125,127,89,43,85,63,59,119,80,76" hai3="2,88,11,24,58,100,69,72,53,17,102,12,111"/><V130/><F43/><W75/><G69/><T131/><D122/><U96/><E114/><V16/><F130/><W113/><G2/><T108/><D32/><U97/><E112/><V39/><F39/><W107/><G111/><T54/><D135/><U3/><E106/><V7/><F7/><W26/><G113/><T94/><D131/><U83/><E3/><V92/><F117/><W98/><G100/><T62/><D5/><U8/><E30/><V0/><F0/><W68/><G68/><N who="0" m="41991" /><D78/><U9/><E37/><V49/><F119/><W28/><G28/><T103/><D18/><U73/><E46/><V86/><F79/><W38/><G38/><T51/><D101/><U14/><REACH who="1" step="1"/><E57/><REACH who="1" ten="315,187,282,206" step="2"/><V84/><F125/><W65/><G65/><T1/><D1/><U6/><E6/><V22/><F127/><W42/><G42/><T45/><D45/><U118/><E118/><V67/><F59/><W35/><G35/><T91/><D109/><U52/><E52/><V129/><F129/><W66/><G66/><T134/><D110/><U27/><E27/><V33/><F67/><W36/><G36/><T126/><D126/><U34/><E34/><V44/><F33/><W115/><G115/><T29/><D108/><U71/><E71/><V23/><F44/><W128/><G128/><T123/><D54/><U104/><E104/><V40/><F40/><W105/><G105/><T90/><D29/><U47/><E47/><V116/><F116/><W132/><G132/><T55/><D134/><U93/><E93/><V31/><F92/><W50/><G107/><T56/><D95/><RYUUKYOKU ba="3,1" sc="315,-10,187,30,282,-10,206,-10" hai1="8,9,13,14,15,73,77,82,83,87,96,97,99" /><INIT seed="3,4,1,2,3,15" ten="305,217,272,196" oya="3" hai0="127,27,105,109,86,125,66,76,85,123,37,132,94" hai1="81,103,7,57,117,43,82,107,5,100,91,13,54" hai2="41,40,124,97,71,26,18,19,68,98,8,59,4" hai3="22,90,3,39,23,63,108,77,32,96,11,64,21"/><W6/><G32/><T56/><D105/><U130/><E130/><V135/><F135/><W133/><G133/><T50/><D132/><U89/><E117/><V44/><F68/><W52/><G39/><T88/><D37/><U79/><E43/><N who="2" m="16459" /><F71/><W33/><G33/><T72/><D109/><U92/><E107/><V119/><F119/><W20/><G108/><T129/><D129/><U67/><E67/><V62/><F44/><W17/><G77/><T58/><D123/><U46/><E46/><V49/><F49/><W16/><N who="3" m="5120" /><DORA hai="126" /><W51/><G90/><N who="0" m="53583" /><D27/><U55/><E57/><V78/><F78/><W65/><G96/><N who="2" m="36969" /><F26/><W1/><G1/><T9/><D72/><U83/><E79/><V36/><F124/><N who="0" m="47690" /><D50/><U95/><E81/><V29/><F29/><W111/><G111/><T69/><D69/><U134/><E134/><V70/><F70/><W122/><G122/><T87/><D66/><N who="3" m="25705" /><G63/><T131/><D131/><U113/><E113/><V99/><F99/><W74/><G74/><T120/><D120/><U47/><E100/><V12/><F36/><W128/><G128/><T24/><D24/><U84/><E103/><V93/><F93/><W102/><G102/><T106/><D106/><U42/><E95/><V53/><AGARI ba="4,1" hai="4,8,12,18,19,53,59,62" m="36969,16459" machi="53" ten="30,4000,0" yaku="8,1,52,2" doraHai="15,126" who="2" fromWho="2" sc="305,-14,217,-14,272,62,196,-24" owari="291,9.1,203,-19.7,334,43.4,172,-32.8" /></mjloggm>