<mjloggm ver="2.3"><GO type="225" lobby="0"/><UN n0="%6D%75%75%6D%75%72%61" n1="%E3%81%AA%E3%81%A1%30%39%32%37" n2="%E5%90%88%E6%B3%95%E3%82%B4%E3%83%AA%E3%83%A9" n3="%6E%69%63%6F%6E%74%6F" dan="17,16,16,17" rate="2192.30,2103.77,2009.19,2143.89" sx="F,M,M,M"/><TAIKYOKU oya="0"/><INIT seed="0,0,0,0,4,72" ten="250,250,250,250" oya="0" hai0="65,39,88,120,33,124,110,30,115,31,118,90,49" hai1="109,76,119,73,74,123,45,77,104,18,101,17,27" hai2="92,6,80,53,129,13,70,35,29,125,54,113,2" hai3="51,117,66,63,99,79,89,23,108,107,37,121,127"/><T25/><D115/><U9/><E119/><V131/><F113/><W12/><G108/><T8/><D118/><U48/><E123/><V94/><F70/><W130/><G130/><N who="2" m="49673" /><F2/><W122/><G117/><T19/><D39/><U52/><E109/><V106/><F106/><W87/><G37/><T22/><D120/><N who="3" m="46185" /><G51/><T10/><D124/><U43/><E104/><V32/><F125/><W14/><G23/><T38/><D38/><U71/><E71/><V83/><F13/><W98/><G127/><T132/><D132/><U26/><E101/><V61/><F6/><W135/><G135/><T47/><D65/><U93/><E93/><N who="2" m="35947" /><F61/><W103/><G99/><T44/><D110/><U69/><E69/><V57/><F57/><N who="3" m="37231" /><G89/><N who="0" m="34411" /><D33/><N who="2" m="12874" /><F29/><N who="0" m="10762" /><D47/><U78/><E74/><V16/><F16/><N who="1" m="6249" /><E73/><V64/><F64/><W95/><G107/><T15/><D15/><U0/><E0/><V68/><F68/><W28/><G28/><T20/><D22/><U126/><E126/><V41/><F41/><AGARI ba="0,0" hai="8,10,19,20,25,41,44,49" m="10762,34411" machi="41" ten="30,2900,0" yaku="8,1,54,1" doraHai="72" who="0" fromWho="2" sc="250,29,250,0,250,-29,250,0" /><INIT seed="0,1,0,1,3,88" ten="279,250,221,250" oya="0" hai0="28,100,5,39,73,79,45,0,90,58,46,106,15" hai1="70,86,135,11,124,68,14,82,101,25,103,32,33" hai2="62,111,78,20,40,34,1,44,17,65,74,102,21" hai3="129,8,16,126,4,69,13,116,24,118,113,134,67"/><T128/><D0/><U122/><E122/><V59/><F34/><W42/><G42/><T94/><D128/><U43/><E135/><V119/><F1/><W29/><G67/><T26/><D106/><U133/><E133/><V104/><F111/><W110/><G69/><T66/><D100/><U120/><E120/><V22/><F119/><N who="3" m="45611" /><G134/><T37/><D73/><U93/><E124/><V115/><F115/><W85/><G85/><T109/><D79/><U77/><E43/><V52/><F65/><W51/><G51/><T50/><D109/><U84/><E68/><V9/><F74/><W123/><G123/><T3/><D3/><U130/><E130/><V31/><F78/><W107/><G107/><T55/><D66/><U18/><E70/><V56/><F56/><W121/><G121/><T105/><D105/><U91/><REACH who="1" step="1"/><E25/><REACH who="1" ten="279,240,221,250" step="2"/><V89/><F40/><W108/><G129/><T75/><D37/><U99/><E99/><V7/><F104/><W64/><G126/><T95/><D39/><U81/><E81/><V80/><F80/><W35/><G113/><T71/><D71/><U27/><E27/><V57/><F62/><W87/><G64/><T76/><D50/><U36/><E36/><V98/><F98/><W114/><G114/><T117/><D117/><U38/><E38/><V41/><F41/><W63/><G63/><T97/><D97/><U6/><E6/><V12/><F7/><W132/><G132/><T49/><D5/><U92/><E92/><V48/><F48/><W127/><G127/><T131/><D49/><U72/><E72/><V10/><F44/><RYUUKYOKU ba="1,1" sc="279,-10,240,30,221,-10,250,-10" hai1="11,14,18,32,33,77,82,84,86,91,93,101,103" /><INIT seed="1,2,1,0,0,115" ten="269,270,211,240" oya="1" hai0="107,86,59,30,83,21,18,15,67,127,52,130,72" hai1="117,64,35,92,132,6,71,85,9,12,62,33,102" hai2="131,55,122,105,1,118,23,26,106,104,75,111,123" hai3="84,124,0,70,29,41,97,121,10,103,65,80,11"/><U56/><E117/><V54/><F1/><W93/><G121/><T129/><D127/><U2/><E132/><V87/><F75/><W60/><G124/><T27/><D72/><U68/><E2/><V113/><F118/><W81/><G0/><T109/><D107/><U110/><E110/><V16/><F111/><W89/><G41/><T51/><D67/><U7/><E7/><V3/><F3/><W4/><G4/><T13/><D109/><U99/><REACH who="1" step="1"/><E85/><REACH who="1" ten="269,260,211,240" step="2"/><V58/><F113/><W133/><G133/><T76/><REACH who="0" step="1"/><D13/><REACH who="0" ten="259,260,211,240" step="2"/><U73/><E73/><V69/><F122/><W94/><G84/><T88/><D88/><U20/><E20/><AGARI ba="2,3" hai="15,18,20,21,27,30,51,52,59,76,83,86,129,130" machi="20" ten="40,2600,0" yaku="1,1,54,1,53,0" doraHai="115" doraHaiUra="116" who="0" fromWho="1" sc="259,62,260,-32,211,0,240,0" /><INIT seed="2,0,0,2,4,113" ten="321,228,211,240" oya="2" hai0="114,1,125,30,73,107,64,94,39,27,16,96,130" hai1="9,112,55,35,79,97,36,11,14,80,99,76,6" hai2="60,88,102,50,51,82,77,78,37,129,92,122,61" hai3="116,84,105,67,0,18,85,20,134,10,33,75,32"/><V68/><F122/><W59/><G75/><T72/><D114/><U22/><E112/><V132/><F37/><W133/><G105/><T8/><D107/><U7/><E35/><N who="3" m="13386" /><G85/><T95/><D130/><U19/><E36/><V52/><F129/><W17/><G84/><T58/><D125/><U98/><E80/><V111/><F132/><N who="3" m="50795" /><G59/><T115/><D58/><U66/><E66/><V44/><F111/><W124/><G67/><T34/><D73/><U83/><E55/><N who="2" m="30151" /><F68/><W70/><G70/><T31/><D94/><U4/><REACH who="1" step="1"/><E76/><REACH who="1" ten="321,218,211,240" step="2"/><N who="2" m="29291" /><F82/><W128/><G128/><T86/><D39/><U135/><E135/><V47/><F102/><W62/><G62/><T104/><D64/><U81/><E81/><V87/><AGARI ba="0,1" hai="47,51,52,60,61,87,88,92" m="29291,30151" machi="87" ten="30,6000,0" yaku="8,1,54,2" doraHai="113" who="2" fromWho="2" sc="321,-20,218,-20,211,70,240,-20" /><INIT seed="2,1,0,5,1,135" ten="301,198,281,220" oya="2" hai0="60,32,105,72,85,11,112,118,25,22,129,18,116" hai1="40,50,14,114,38,65,110,35,99,28,31,90,62" hai2="43,67,84,15,98,24,51,16,123,134,100,96,88" hai3="58,74,70,30,8,132,69,113,103,36,48,94,44"/><V10/><F123/><W54/><G74/><T66/><D72/><U7/><E114/><V42/><F134/><W133/><G30/><T17/><D112/><U56/><E110/><V101/><F67/><W92/><G8/><T109/><D109/><U124/><E35/><V86/><F24/><W39/><G92/><T52/><D105/><U33/><E33/><V0/><F0/><W49/><G94/><T78/><D32/><U57/><E38/><N who="3" m="14378" /><G103/><N who="2" m="39497" /><F84/><W91/><G91/><T61/><D129/><U77/><E77/><V59/><F96/><W63/><G113/><T37/><D37/><U64/><E90/><V97/><F97/><W5/><G5/><T107/><D107/><U47/><E99/><V3/><F3/><W120/><G120/><T45/><D66/><U6/><E124/><V87/><F87/><W23/><G23/><N who="0" m="13551" /><D11/><U131/><E131/><V27/><F27/><W115/><G115/><T111/><D111/><U119/><E119/><N who="0" m="45609" /><D85/><U127/><E127/><V89/><F98/><W9/><G9/><T80/><D78/><U117/><E117/><V126/><F126/><W83/><G83/><T125/><D80/><U1/><E1/><V76/><F76/><W128/><G128/><T19/><D125/><U93/><E93/><N who="2" m="54423" /><F89/><W55/><G133/><T53/><D18/><U95/><E95/><V2/><F2/><W13/><G132/><T12/><D53/><AGARI ba="1,0" hai="10,15,16,42,43,51,53,59" m="54423,39497" machi="53" ten="30,5800,0" yaku="8,1,54,2" doraHai="135" who="2" fromWho="0" sc="301,-61,198,0,281,61,220,0" /><INIT seed="2,2,0,4,5,6" ten="240,198,342,220" oya="2" hai0="32,131,22,37,58,8,42,59,123,101,86,51,83" hai1="75,62,50,15,57,121,98,28,1,66,109,12,102" hai2="133,52,95,69,29,81,116,46,30,84,73,107,94" hai3="64,71,119,67,35,23,124,5,80,112,45,26,36"/><V68/><F116/><W13/><G119/><T18/><D32/><U120/><E75/><V27/><F107/><W31/><G124/><T53/><D123/><N who="1" m="47179" /><E1/><V113/><F73/><W78/><G112/><T19/><D131/><U14/><E109/><V126/><F113/><W44/><G71/><T20/><D37/><U118/><E118/><V34/><F126/><W99/><G99/><T65/><D42/><U2/><E2/><V40/><F133/><W7/><G7/><T39/><D39/><U132/><E132/><V33/><F69/><W87/><G36/><T55/><D65/><N who="3" m="25161" /><G35/><T79/><D101/><U92/><E50/><V104/><F40/><W4/><G4/><T70/><D70/><U111/><E111/><V0/><F104/><W76/><G76/><T93/><D93/><U60/><E60/><V38/><F95/><W54/><G54/><T25/><D55/><U48/><E48/><V88/><F0/><W100/><G100/><T21/><D58/><U105/><E28/><V91/><F68/><W82/><G82/><T63/><D51/><U130/><E130/><V49/><F38/><W77/><G77/><T47/><D47/><U43/><E43/><V16/><F34/><W61/><G61/><T110/><D110/><U3/><E3/><V90/><F29/><W122/><G122/><T11/><D19/><U97/><E97/><V114/><F114/><W108/><G108/><T24/><D18/><U41/><E41/><V74/><F16/><W56/><G56/><T125/><D125/><U128/><E128/><V9/><F33/><N who="3" m="20727" /><G5/><T115/><D115/><RYUUKYOKU ba="2,0" sc="240,10,198,10,342,-30,220,10" hai0="8,11,20,21,22,24,25,53,59,63,79,83,86" hai1="12,14,15,57,62,66,92,98,102,105" hai3="13,23,44,45,78,80,87" /><INIT seed="3,3,0,5,3,35" ten="250,208,312,230" oya="3" hai0="24,84,48,92,4,126,91,135,67,112,50,70,82" hai1="37,36,57,99,55,107,22,108,94,58,54,79,41" hai2="83,109,103,97,19,44,85,28,25,59,123,95,130" hai3="116,8,125,18,49,11,87,101,12,62,33,134,68"/><W64/><G116/><T121/><D121/><U65/><E108/><V66/><F109/><W89/><G134/><T78/><D135/><U61/><E107/><V34/><F123/><W111/><G125/><T21/><D126/><U71/><E79/><V2/><F2/><W106/><G111/><T16/><D112/><U20/><E37/><V73/><F130/><W117/><G117/><T15/><D70/><U104/><E104/><BYE who="1" /><V40/><F73/><W39/><G39/><UN n1="%E3%81%AA%E3%81%A1%30%39%32%37" /><T31/><D67/><U114/><E114/><V124/><F19/><W60/><G33/><T1/><D4/><U131/><E131/><V7/><F7/><W23/><G62/><T53/><D1/><U69/><E41/><V86/><F83/><W29/><G29/><T132/><D53/><U98/><E36/><V75/><F75/><W63/><G63/><T115/><D115/><U10/><E10/><BYE who="1" /><UN n1="%E3%81%AA%E3%81%A1%30%39%32%37" /><V0/><F0/><W88/><G49/><T122/><D122/><U120/><E120/><V46/><F46/><W74/><BYE who="2" /><G89/><UN n2="%E5%90%88%E6%B3%95%E3%82%B4%E3%83%AA%E3%83%A9" /><T110/><D110/><U77/><E77/><V42/><F42/><W27/><G27/><T129/><D132/><U47/><E47/><V30/><F30/><W38/><BYE who="1" /><G38/><T45/><D45/><UN n1="%E3%81%AA%E3%81%A1%30%39%32%37" /><U128/><E128/><V127/><F127/><W113/><G113/><T43/><D43/><U32/><E32/><BYE who="1" /><UN n1="%E3%81%AA%E3%81%A1%30%39%32%37" /><V90/><F90/><W96/><REACH who="3" step="1"/><G74/><REACH who="3" ten="250,208,312,220" step="2"/><N who="0" m="43351" /><D129/><U80/><E80/><BYE who="1" /><AGARI ba="3,1" hai="8,11,12,18,23,60,64,68,80,87,88,96,101,106" machi="80" ten="30,5800,0" yaku="1,1,7,1,54,1,53,0" doraHai="35" doraHaiUra="51" who="3" fromWho="1" sc="250,0,208,-67,312,0,220,77" /><INIT seed="3,4,0,0,5,100" ten="250,141,312,297" oya="3" hai0="23,29,65,13,123,38,26,0,88,102,74,41,75" hai1="36,135,134,132,54,44,30,119,120,21,55,98,6" hai2="28,68,43,18,39,97,69,111,133,12,128,70,40" hai3="35,87,76,5,129,114,62,31,113,86,92,77,89"/><W10/><G129/><T46/><D0/><U52/><E52/><V4/><F39/><W57/><G113/><T66/><D123/><U85/><E85/><V1/><F28/><W24/><G114/><T19/><D102/><U124/><E124/><V112/><F112/><W34/><G34/><T32/><D74/><U79/><E79/><V49/><F4/><W33/><G87/><T107/><D75/><U80/><E80/><V17/><F1/><W15/><G35/><T47/><D107/><U3/><E3/><V90/><F128/><W131/><REACH who="3" step="1"/><G131/><REACH who="3" ten="250,141,312,287" step="2"/><T25/><D32/><U84/><E84/><V61/><F70/><W42/><G42/><T59/><D41/><U91/><E91/><V118/><F69/><W83/><G83/><T64/><D38/><U127/><E127/><V115/><F68/><W82/><G82/><T11/><D26/><U63/><E63/><V81/><F115/><W95/><G95/><T110/><D110/><U50/><E50/><V109/><F49/><W78/><G78/><T37/><D37/><U93/><E93/><V104/><F61/><W14/><G14/><T103/><D103/><U121/><E121/><V60/><F60/><W73/><G73/><T130/><D130/><U116/><E116/><V22/><F118/><W72/><G72/><T94/><REACH who="0" step="1"/><D59/><REACH who="0" ten="240,141,312,287" step="2"/><U51/><E51/><V99/><F40/><W9/><G9/><T108/><D108/><U122/><E122/><V126/><F43/><W27/><G27/><T125/><D125/><U71/><E71/><V20/><F126/><W48/><G48/><T56/><D56/><RYUUKYOKU ba="4,2" sc="240,15,141,-15,312,-15,287,15" hai0="11,13,19,23,25,29,46,47,64,65,66,88,94" hai3="5,10,15,24,31,33,57,62,76,77,86,89,92" owari="255,-14.5,126,-37.4,297,9.7,322,42.2" /></mjloggm>