<mjloggm ver="2.3"><GO type="225" lobby="0"/><UN n0="%E5%8D%A0%E3%81%84%E5%B8%AB%E8%A3%8F%E3%81%AA%E3%81%84%E3%81%97" n1="%E4%BF%BA%E3%81%A8%E5%A6%96%E5%A4%A2" n2="%E3%81%BF%E3%81%BF%E3%81%9A" n3="%E4%BA%BA%E9%96%93%E3%83%81%E3%83%A3%E3%83%BC%E3%83%8F%E3%83%B3" dan="17,17,18,16" rate="2193.83,2187.10,2226.45,2115.19" sx="M,F,M,M"/><TAIKYOKU oya="0"/><INIT seed="0,0,0,4,3,17" ten="250,250,250,250" oya="0" hai0="96,49,46,93,34,56,128,83,104,70,108,76,32" hai1="38,60,87,14,134,31,81,91,103,25,102,85,67" hai2="77,126,92,132,16,22,64,86,52,55,63,50,111" hai3="40,0,1,48,66,119,47,116,7,115,131,59,13"/><T109/><D70/><U82/><E38/><V71/><F111/><N who="0" m="42570" /><D104/><U57/><E14/><V72/><F72/><W24/><G115/><T129/><D56/><U15/><E15/><V74/><F74/><W26/><G131/><N who="0" m="50251" /><D83/><U114/><E134/><V75/><F75/><W122/><G122/><T100/><D76/><U113/><E113/><V97/><F132/><W33/><G59/><T45/><D45/><U120/><E120/><V27/><F126/><W10/><G66/><T11/><D11/><U106/><E106/><V2/><F2/><W78/><G78/><T80/><D80/><U117/><E117/><V9/><F9/><N who="3" m="4287" /><G48/><T99/><D99/><U6/><E114/><V61/><F61/><W127/><G47/><T12/><D12/><U130/><E130/><V68/><F68/><W69/><G40/><AGARI ba="0,0" hai="32,34,40,46,49,93,96,100" m="50251,42570" machi="40" ten="30,5800,0" yaku="14,1,10,1,19,1" doraHai="17" who="0" fromWho="3" sc="250,58,250,0,250,0,250,-58" /><INIT seed="0,1,0,0,5,108" ten="308,250,250,192" oya="0" hai0="67,61,18,17,77,104,66,30,1,109,111,39,38" hai1="45,22,5,31,29,46,47,98,26,84,15,4,106" hai2="76,124,23,62,65,86,33,81,14,42,103,114,20" hai3="105,9,119,87,135,43,129,7,6,100,95,8,82"/><T123/><D123/><U83/><E31/><V63/><F33/><W101/><G119/><T93/><D104/><U2/><E2/><V19/><F124/><W133/><G105/><T68/><D1/><U35/><E35/><V71/><F114/><W94/><G129/><T70/><D30/><U55/><E15/><V118/><F118/><W27/><G43/><T16/><D93/><U10/><E10/><V59/><F42/><W126/><G87/><T44/><D77/><U60/><E98/><V41/><F41/><W97/><G97/><T130/><D44/><U102/><E102/><N who="3" m="39530" /><G27/><T40/><D40/><U112/><E112/><V96/><F23/><W120/><G82/><T11/><D11/><N who="3" m="4169" /><G120/><T72/><D72/><U56/><REACH who="1" step="1"/><E106/><REACH who="1" ten="308,240,250,192" step="2"/><V134/><F134/><N who="3" m="51211" /><G126/><T85/><D130/><U113/><E113/><V25/><F14/><W78/><G78/><AGARI ba="1,1" hai="4,5,22,26,29,45,46,47,55,56,60,78,83,84" machi="78" ten="40,2600,0" yaku="1,1,8,1,53,0" doraHai="108" doraHaiUra="90" who="1" fromWho="3" sc="308,0,240,39,250,0,192,-29" /><INIT seed="1,0,0,1,5,116" ten="308,279,250,163" oya="1" hai0="120,96,82,110,126,86,71,67,24,40,5,27,74" hai1="132,105,7,95,17,133,41,130,11,83,34,91,85" hai2="76,50,47,30,20,109,65,58,134,87,118,53,129" hai3="21,69,90,51,1,78,101,108,49,68,80,115,0"/><U14/><E105/><V25/><F118/><W61/><G101/><T117/><D117/><U52/><E34/><V6/><F109/><W18/><G115/><T32/><D110/><U63/><E130/><V88/><F129/><W62/><G90/><T121/><D74/><U10/><E41/><V22/><F134/><N who="1" m="51817" /><E95/><V113/><F113/><W37/><G37/><T124/><D40/><U19/><E10/><V56/><F6/><W57/><G108/><T59/><D5/><U127/><E127/><N who="0" m="48681" /><D96/><U42/><E42/><V31/><F76/><W111/><G111/><T122/><D71/><N who="3" m="27209" /><G80/><T102/><D102/><U112/><E112/><V16/><F65/><N who="3" m="39087" /><G21/><T55/><D67/><U119/><E119/><V84/><F84/><W35/><G78/><N who="0" m="46423" /><D32/><U8/><E8/><V128/><F128/><W81/><G35/><T72/><D72/><U28/><E28/><N who="2" m="10795" /><F22/><W44/><G1/><T75/><D75/><U92/><E83/><AGARI ba="0,0" hai="16,20,25,47,50,53,56,58,83,87,88" m="10795" machi="83" ten="30,3900,0" yaku="8,1,54,2" doraHai="116" who="2" fromWho="1" sc="308,0,279,-39,250,39,163,0" /><INIT seed="2,0,0,3,4,24" ten="308,240,289,163" oya="2" hai0="111,87,86,7,60,97,69,26,29,108,55,105,84" hai1="20,3,74,30,41,132,95,114,56,103,129,61,40" hai2="53,38,98,109,42,10,31,37,58,66,18,77,4" hai3="118,107,123,115,57,79,34,6,22,1,15,2,43"/><V80/><F66/><W72/><G107/><T78/><D7/><U52/><E114/><V33/><F18/><N who="3" m="10591" /><G57/><T134/><D134/><U46/><E3/><N who="3" m="1034" /><G43/><N who="1" m="16458" /><E132/><V119/><F119/><W90/><G90/><T82/><D55/><U131/><E74/><V94/><F109/><N who="0" m="42058" /><D60/><U89/><E103/><V112/><F112/><W75/><G79/><T110/><D69/><U73/><E73/><V128/><F128/><N who="1" m="49225" /><E46/><V127/><F127/><W96/><G75/><T101/><D110/><U21/><E30/><V19/><F19/><W28/><G72/><T83/><D78/><U59/><E59/><V8/><F42/><W54/><G115/><T35/><AGARI ba="0,0" hai="26,29,35,82,83,84,86,87,97,101,105" m="42058" machi="35" ten="30,2000,0" yaku="14,1,52,1" doraHai="24" who="0" fromWho="0" sc="308,20,240,-5,289,-10,163,-5" /><INIT seed="3,0,0,1,5,133" ten="328,235,279,158" oya="3" hai0="17,74,84,90,30,51,56,25,76,1,92,32,7" hai1="61,16,22,118,116,21,91,27,69,24,103,88,65" hai2="97,4,83,119,66,52,78,37,134,20,89,70,38" hai3="73,121,64,15,5,100,128,127,117,111,68,41,122"/><W129/><G73/><T44/><D74/><U131/><E103/><V120/><F119/><N who="1" m="45609" /><E131/><N who="3" m="50250" /><G117/><T80/><D1/><U18/><AGARI ba="0,0" hai="16,18,21,22,24,27,61,65,69,88,91" m="45609" machi="18" ten="30,4000,0" yaku="12,1,54,2" doraHai="133" who="1" fromWho="1" sc="328,-10,235,40,279,-10,158,-20" owari="318,41.8,275,7.5,269,-13.1,138,-36.2" /></mjloggm>