<mjloggm ver="2.3"><GO type="225" lobby="0"/><UN n0="%E3%83%A9%E3%83%BC%E3%83%A1%E3%83%B3%E4%BA%94%E9%83%8E" n1="%E3%81%9F%E3%81%8C%E3%82%84%E3%81%99" n2="%E6%A1%9C%E8%8A%B1%E9%96%83%E3%80%85" n3="%43%68%65" dan="16,16,18,16" rate="2091.59,2139.10,2266.98,2150.31" sx="M,M,M,M"/><TAIKYOKU oya="0"/><INIT seed="0,0,0,4,1,13" ten="250,250,250,250" oya="0" hai0="18,119,61,65,113,23,60,126,64,36,39,35,104" hai1="130,62,70,95,90,69,77,26,100,33,116,88,98" hai2="99,129,38,22,80,50,20,102,135,59,127,131,66" hai3="43,71,53,40,19,32,45,17,63,14,94,82,30"/><T1/><D113/><U132/><E77/><V75/><F38/><W31/><G82/><T103/><D119/><U86/><E116/><V54/><F127/><W48/><G71/><T37/><D1/><U107/><E132/><V89/><F135/><W41/><G63/><T93/><D35/><U76/><E130/><N who="2" m="49675" /><F66/><W122/><G122/><T106/><D126/><U51/><E76/><N who="2" m="44063" /><F89/><W16/><G94/><AGARI ba="0,0" hai="20,22,50,54,59,94,99,102" m="44063,49675" machi="94" ten="30,1000,0" yaku="19,1" doraHai="13" who="2" fromWho="3" sc="250,0,250,0,250,10,250,-10" /><INIT seed="1,0,0,5,3,45" ten="250,250,260,240" oya="1" hai0="54,46,19,37,134,119,25,110,87,44,111,125,57" hai1="89,33,22,82,74,1,129,90,47,26,23,73,132" hai2="67,109,65,34,102,64,80,100,107,68,123,30,40" hai3="95,50,55,42,60,98,58,52,20,117,79,78,106"/><U31/><E1/><V63/><F123/><W11/><G106/><T36/><D119/><U24/><E129/><V118/><F118/><W43/><G117/><T49/><D125/><U70/><E70/><V10/><F102/><W101/><G11/><T93/><D134/><U13/><E132/><V72/><F40/><N who="3" m="15403" /><G20/><N who="0" m="13471" /><D87/><U39/><E39/><N who="0" m="14921" /><D93/><U21/><E33/><V126/><F109/><AGARI ba="0,0" hai="44,46,49,54,57,109,110,111" m="14921,13471" machi="109" ten="30,2000,0" yaku="14,1,52,1" doraHai="45" who="0" fromWho="2" sc="250,20,250,0,260,-20,240,0" /><INIT seed="2,0,0,1,5,11" ten="270,250,240,240" oya="2" hai0="102,105,31,106,6,46,98,69,81,45,43,78,20" hai1="99,130,4,111,24,67,117,12,3,49,14,60,113" hai2="10,7,133,39,123,71,83,127,44,8,90,103,116" hai3="59,115,54,9,41,30,25,134,16,129,1,64,53"/><V110/><F116/><W2/><G134/><T70/><D105/><U42/><E3/><V131/><F123/><W132/><G132/><T66/><D6/><U52/><E117/><V19/><F133/><W109/><G109/><T61/><D70/><U36/><E113/><V50/><F39/><W93/><G115/><T89/><D89/><U5/><E111/><V86/><F110/><W55/><G41/><T47/><D20/><U34/><E130/><V108/><F108/><W37/><G37/><T40/><REACH who="0" step="1"/><D31/><REACH who="0" ten="260,250,240,240" step="2"/><U95/><E4/><V72/><F71/><W0/><G129/><T118/><D118/><U22/><E5/><V107/><F131/><W33/><G64/><T29/><D29/><U51/><E22/><V125/><F19/><W119/><G119/><T74/><AGARI ba="0,1" hai="40,43,45,46,47,61,66,69,74,78,81,98,102,106" machi="74" ten="30,2000,0" yaku="1,1,0,1,53,0" doraHai="11" doraHaiUra="82" who="0" fromWho="0" sc="260,30,250,-5,240,-10,240,-5" /><INIT seed="3,0,0,2,4,32" ten="290,245,230,235" oya="3" hai0="70,79,114,51,38,108,84,49,132,56,28,77,99" hai1="66,18,123,109,30,48,81,57,16,126,107,61,42" hai2="4,98,33,62,90,116,43,101,120,87,50,5,86" hai3="83,54,14,47,89,55,125,23,2,22,15,88,67"/><W31/><G125/><T40/><D70/><U1/><E107/><V121/><F33/><W100/><G100/><T72/><D72/><U80/><E123/><N who="2" m="47179" /><F116/><W12/><G2/><T13/><D108/><U124/><E109/><V96/><F62/><W113/><G113/><T60/><D114/><U75/><E30/><V102/><F43/><W134/><G134/><T7/><D38/><U118/><E1/><V68/><F50/><N who="0" m="18954" /><D132/><U91/><E118/><V85/><F68/><W104/><G104/><T64/><D28/><U19/><E75/><V36/><F36/><W26/><G67/><T95/><D84/><N who="2" m="21506" /><V130/><DORA hai="53" /><F130/><W127/><G127/><T24/><D24/><U122/><E122/><V93/><F90/><N who="3" m="34923" /><G83/><T8/><D40/><U6/><E42/><V133/><F133/><W97/><G47/><T45/><D45/><U27/><E81/><V25/><F25/><N who="3" m="16823" /><G97/><N who="2" m="37481" /><F93/><W29/><AGARI ba="0,0" hai="12,14,15,23,26,29,54,55" m="16823,34923" machi="29" ten="30,3000,0" yaku="8,1,54,1" doraHai="32,53" who="3" fromWho="3" sc="290,-10,245,-10,230,-10,235,30" /><INIT seed="3,1,0,4,1,102" ten="280,235,220,265" oya="3" hai0="90,6,87,16,135,60,116,24,118,124,67,53,104" hai1="131,71,44,29,46,99,64,95,51,74,57,114,8" hai2="0,112,93,134,1,14,75,111,13,37,4,22,79" hai3="69,62,82,41,80,70,34,89,59,128,130,84,103"/><W47/><G34/><T45/><D104/><U10/><E74/><V81/><F112/><W72/><G103/><T20/><D124/><U122/><E122/><V92/><F111/><W3/><G3/><T94/><D135/><U65/><E71/><V11/><F134/><W133/><G133/><T15/><D116/><U63/><E114/><V83/><F83/><W127/><G127/><T66/><D118/><U91/><E131/><N who="3" m="50218" /><G82/><T117/><D117/><U19/><E29/><V27/><F1/><W86/><G86/><T85/><D85/><U61/><E19/><V101/><F37/><N who="3" m="21935" /><G72/><T119/><D119/><U25/><E25/><V107/><F107/><W100/><G100/><T40/><D40/><U55/><E46/><V96/><REACH who="2" step="1"/><F93/><REACH who="2" ten="280,235,210,265" step="2"/><W58/><G58/><N who="0" m="34895" /><D45/><U56/><AGARI ba="1,1" hai="8,10,44,51,55,56,57,61,63,64,65,91,95,99" machi="56" ten="20,5200,0" yaku="0,1,7,1,9,1,8,1" doraHai="102" who="1" fromWho="1" sc="280,-14,235,65,210,-14,265,-27" owari="266,6.6,300,40.0,196,-30.4,238,-16.2" /></mjloggm>