<mjloggm ver="2.3"><GO type="225" lobby="0"/><UN n0="%E4%BA%BA%E9%96%93%E3%83%81%E3%83%A3%E3%83%BC%E3%83%8F%E3%83%B3" n1="%E3%81%86%E3%81%A9%E3%82%93%E3%81%93" n2="%E3%81%B5%E3%81%98%E3%81%8B%E3%81%A4" n3="%33%74%72%65%65" dan="16,16,17,16" rate="2101.32,2158.99,2198.67,2149.26" sx="M,M,M,F"/><TAIKYOKU oya="0"/><INIT seed="0,0,0,4,0,56" ten="250,250,250,250" oya="0" hai0="78,83,68,49,70,105,64,115,86,38,79,75,20" hai1="24,128,3,80,122,69,59,67,16,96,119,123,2" hai2="112,104,90,98,94,45,85,30,63,72,133,101,42" hai3="33,107,92,15,53,76,62,131,31,32,36,88,134"/><T82/><D115/><U127/><E119/><V58/><F112/><W4/><G107/><T100/><D38/><U120/><E128/><V91/><F133/><W55/><G131/><T6/><D6/><U81/><E127/><V65/><F30/><W77/><G134/><T71/><D49/><U116/><E116/><V40/><F72/><W93/><G36/><T57/><D20/><U87/><E69/><V18/><F18/><W126/><G126/><T25/><D25/><U109/><E109/><V37/><F42/><W26/><G33/><T99/><REACH who="0" step="1"/><D57/><REACH who="0" ten="240,250,250,250" step="2"/><U52/><E59/><V48/><F37/><W14/><G4/><T23/><D23/><U111/><E24/><V17/><F17/><W35/><G26/><T21/><D21/><U39/><E39/><V102/><REACH who="2" step="1"/><F104/><REACH who="2" ten="240,250,240,250" step="2"/><W113/><G113/><T28/><D28/><U51/><E16/><V7/><F7/><W114/><G114/><T125/><D125/><U121/><E121/><V8/><F8/><W50/><G31/><T5/><D5/><U12/><E120/><V110/><F110/><W10/><G10/><T74/><D74/><U13/><E122/><V41/><F41/><W1/><G32/><T97/><D97/><U43/><E43/><V124/><F124/><W22/><G35/><T135/><D135/><U19/><E96/><V0/><F0/><W29/><G1/><T27/><D27/><U73/><E19/><V132/><F132/><W118/><G29/><T117/><D117/><U9/><E73/><V54/><F54/><N who="3" m="20491" /><G118/><T47/><D47/><N who="1" m="27775" /><E2/><V89/><F89/><W11/><G88/><RYUUKYOKU ba="0,2" sc="240,15,250,-15,240,15,250,-15" hai0="64,68,70,71,75,78,79,82,83,86,99,100,105" hai2="40,45,48,58,63,65,85,90,91,94,98,101,102" /><INIT seed="0,1,2,2,3,51" ten="255,235,255,235" oya="0" hai0="18,70,49,99,23,95,26,128,10,104,98,38,39" hai1="126,7,16,37,21,25,106,22,64,134,13,32,36" hai2="65,91,105,11,61,97,107,135,122,109,41,111,101" hai3="117,29,15,77,59,75,6,47,69,120,114,3,82"/><T53/><D128/><U17/><E106/><V48/><F122/><W94/><G114/><T110/><D110/><N who="2" m="41994" /><F135/><W130/><G117/><T123/><D123/><U133/><E64/><V132/><F132/><N who="1" m="50793" /><E126/><V40/><F107/><W52/><G69/><T68/><D10/><N who="1" m="4319" /><E32/><V76/><F76/><W125/><G120/><T73/><D73/><U131/><E131/><V30/><F30/><W78/><G125/><T85/><D85/><U4/><E4/><V5/><F91/><W67/><G77/><T33/><D33/><U45/><E45/><V103/><F48/><W55/><G47/><T44/><D104/><U57/><E57/><N who="2" m="37039" /><F103/><W118/><G130/><T46/><D99/><U8/><E8/><V93/><F105/><W83/><G78/><T28/><D28/><U79/><E79/><V89/><F101/><W121/><G29/><T112/><D112/><U63/><E63/><V80/><F80/><W31/><G31/><T72/><D72/><U27/><AGARI ba="1,2" hai="16,17,21,22,25,27,36,37" m="4319,50793" machi="27" ten="30,2000,0" yaku="20,1,54,1" doraHai="51" who="1" fromWho="1" sc="255,-11,235,43,255,-6,235,-6" /><INIT seed="1,0,0,0,1,129" ten="244,278,249,229" oya="1" hai0="126,107,61,87,59,62,97,31,9,49,77,52,27" hai1="89,53,45,39,16,32,135,67,8,130,114,54,11" hai2="7,86,58,124,24,111,121,73,65,83,37,60,108" hai3="29,6,101,43,103,79,74,128,72,48,63,47,20"/><U51/><E114/><V117/><F121/><W4/><G128/><T127/><D9/><U99/><E130/><V92/><F117/><W119/><G119/><T2/><D2/><U85/><E39/><V118/><F118/><W13/><G74/><T40/><D40/><U122/><E32/><V120/><F120/><W81/><G63/><T46/><D77/><U132/><E122/><V57/><F37/><W93/><G93/><T21/><D87/><U30/><E30/><V19/><F7/><W131/><G131/><T76/><D76/><U23/><E99/><V70/><F73/><W64/><G64/><T98/><D107/><U123/><E54/><V109/><F92/><W106/><G106/><T28/><D28/><U78/><E67/><V38/><F124/><N who="0" m="47658" /><D46/><U12/><E78/><N who="2" m="46455" /><F38/><W26/><REACH who="3" step="1"/><G13/><REACH who="3" ten="244,278,249,219" step="2"/><T133/><D133/><N who="1" m="51275" /><E123/><V105/><F105/><W25/><G25/><T69/><D69/><U10/><E8/><V22/><AGARI ba="0,1" hai="19,22,24,57,58,60,65,70,108,109,111" m="46455" machi="22" ten="40,1500,0" yaku="14,1" doraHai="129" who="2" fromWho="2" sc="244,-4,278,-7,249,25,219,-4" /><INIT seed="2,0,0,2,4,94" ten="240,271,274,215" oya="2" hai0="5,90,45,28,135,11,107,19,62,57,51,36,12" hai1="87,80,42,65,67,48,49,117,8,103,133,24,118" hai2="47,23,85,83,10,121,131,7,54,104,115,56,75" hai3="1,105,110,76,69,59,74,98,37,18,0,60,6"/><V109/><F121/><W35/><G59/><T128/><D128/><U32/><E8/><V2/><F115/><W41/><G18/><T130/><D135/><U113/><E113/><V106/><F131/><W4/><G4/><T64/><D130/><U89/><E133/><V100/><F75/><W38/><G110/><T120/><D120/><U22/><E32/><V26/><F47/><N who="3" m="23983" /><G38/><T79/><D107/><U9/><E117/><V119/><F119/><W101/><G35/><T39/><D79/><U63/><E118/><V27/><F109/><W66/><G6/><T88/><D28/><U102/><E9/><V21/><F21/><W108/><G108/><T96/><D5/><U72/><E72/><V33/><F33/><W14/><G14/><T31/><D31/><U126/><E126/><V58/><F58/><W13/><G13/><T92/><REACH who="0" step="1"/><D90/><REACH who="0" ten="230,271,274,215" step="2"/><U77/><E89/><V43/><F7/><W46/><G46/><T81/><D81/><AGARI ba="0,1" hai="0,1,60,66,69,74,76,81,98,101,105" m="23983" machi="81" ten="30,3900,0" yaku="33,2,52,1" doraHai="94" who="3" fromWho="0" sc="230,-39,271,0,274,0,215,49" /><INIT seed="3,0,0,3,0,37" ten="191,271,274,264" oya="3" hai0="97,96,95,64,20,99,133,85,48,9,21,83,51" hai1="63,13,10,129,106,92,7,39,42,41,24,50,114" hai2="17,31,43,94,81,33,116,110,67,44,32,101,15" hai3="6,60,58,134,122,77,73,107,11,108,86,2,70"/><W71/><G122/><T59/><D133/><U123/><E106/><V91/><F116/><W16/><G134/><T46/><D95/><U72/><E114/><V22/><F67/><W55/><G108/><T30/><D9/><U111/><E123/><V56/><F110/><W35/><G35/><T54/><D30/><U78/><E39/><V47/><F101/><W62/><G107/><T28/><D28/><U98/><E129/><V135/><F56/><W74/><G71/><T127/><D127/><U26/><E111/><V38/><F31/><W4/><G4/><T19/><D19/><U121/><E63/><V120/><F120/><W14/><G86/><T65/><D65/><U80/><E121/><V89/><F47/><W115/><G115/><T100/><D100/><U126/><E126/><V23/><F23/><W109/><G109/><T84/><D84/><U8/><E8/><V57/><F57/><W52/><G77/><T76/><REACH who="0" step="1"/><D64/><REACH who="0" ten="181,271,274,264" step="2"/><U88/><E72/><V66/><F66/><W104/><G104/><T124/><D124/><U105/><E105/><V5/><F135/><W112/><G112/><T1/><D1/><U69/><E69/><V12/><F33/><W103/><G103/><T79/><D79/><U119/><E119/><V68/><F68/><W125/><G125/><T132/><D132/><U93/><E93/><V18/><F32/><W27/><G70/><T0/><D0/><U82/><E78/><V29/><F94/><W36/><G2/><T34/><D34/><U131/><E131/><V128/><F128/><W61/><G11/><T49/><D49/><RYUUKYOKU ba="0,1" sc="181,30,271,-10,274,-10,264,-10" hai0="20,21,46,48,51,54,59,76,83,85,96,97,99" /><INIT seed="4,1,1,3,4,132" ten="211,261,264,254" oya="0" hai0="4,11,79,96,102,5,7,64,101,29,36,24,112" hai1="126,48,104,71,89,127,95,114,26,76,35,23,38" hai2="43,73,40,18,94,22,109,27,34,113,133,17,57" hai3="16,81,92,44,123,9,106,93,100,69,99,49,6"/><T54/><D36/><U85/><E38/><V3/><F109/><W60/><G123/><T131/><D112/><U80/><E104/><V65/><F113/><W121/><G121/><T77/><D131/><U19/><E114/><V30/><F3/><W120/><G120/><T111/><D111/><U2/><E2/><V117/><F73/><W97/><G81/><T130/><D130/><U47/><E71/><V8/><F133/><W66/><G99/><T51/><D64/><U90/><E35/><V129/><F34/><W55/><REACH who="3" step="1"/><G16/><REACH who="3" ten="211,261,264,244" step="2"/><T74/><D11/><U0/><E0/><AGARI ba="1,2" hai="0,6,9,44,49,55,60,66,69,92,93,97,100,106" machi="0" ten="30,3900,0" yaku="1,1,2,1,7,1,53,0" doraHai="132" doraHaiUra="105" who="3" fromWho="1" sc="211,0,261,-42,264,0,244,62" owari="211,-28.9,219,-18.1,264,6.4,306,40.6" /></mjloggm>