<mjloggm ver="2.3"><GO type="225" lobby="0"/><UN n0="%33%74%72%65%65" n1="%E3%83%8F%E3%83%B3%E3%83%89%E3%83%A9%E3%83%BC%E3%83%BB%E3%83%AF%E3%83%B3" n2="%28%EF%BF%A3%E2%96%BD%EF%BF%A3%29%CE%B4%E2%8C%92%E3%83%BB" n3="%E3%81%BF%E3%81%BF%E3%81%9A" dan="16,17,16,18" rate="2194.31,2173.67,2127.89,2212.92" sx="F,M,M,M"/><TAIKYOKU oya="0"/><INIT seed="0,0,0,1,4,0" ten="250,250,250,250" oya="0" hai0="114,98,117,33,14,92,110,88,77,62,80,55,72" hai1="79,68,19,67,9,95,8,109,115,96,60,69,41" hai2="13,3,84,54,94,35,34,91,10,116,32,86,87" hai3="12,89,56,82,27,63,83,57,25,73,16,104,129"/><T81/><D114/><U30/><E115/><V76/><F3/><W106/><G129/><T43/><D117/><U122/><E122/><V65/><F116/><W40/><G40/><T123/><D123/><U99/><E109/><V90/><F65/><W44/><G44/><T118/><D118/><U93/><E30/><V47/><F76/><W31/><G73/><T7/><D110/><U97/><E69/><V18/><F87/><W4/><G31/><T105/><D33/><U132/><E132/><V52/><REACH who="2" step="1"/><F47/><REACH who="2" ten="250,250,240,250" step="2"/><W126/><G126/><T22/><D77/><U119/><E79/><V49/><F49/><W1/><G1/><T48/><D72/><U6/><E119/><V51/><F51/><W131/><G63/><T134/><D134/><U64/><E64/><V102/><F102/><W111/><G111/><T45/><D105/><U24/><E60/><V5/><F5/><W71/><G4/><T20/><D62/><U113/><E67/><V61/><F61/><W17/><G71/><T112/><D112/><U23/><E68/><V124/><F124/><W11/><G89/><T21/><D55/><U85/><E113/><V75/><F75/><W66/><G66/><T36/><D36/><U135/><E135/><V127/><F127/><W37/><G37/><T2/><D2/><N who="1" m="87" /><E85/><V53/><F53/><W108/><G108/><T58/><D58/><U121/><E121/><V101/><F101/><W38/><G38/><T130/><D130/><U120/><E120/><V125/><F125/><W50/><G131/><T107/><D107/><N who="3" m="41001" /><G57/><T28/><D28/><N who="1" m="17439" /><E41/><V59/><F59/><RYUUKYOKU ba="0,1" sc="250,10,250,10,240,10,250,-30" hai0="7,14,20,21,22,43,45,48,80,81,88,92,98" hai1="9,19,93,95,96,97,99" hai2="10,13,18,32,34,35,52,54,84,86,90,91,94" /><INIT seed="0,1,1,1,4,34" ten="260,260,250,220" oya="0" hai0="91,98,108,35,95,86,66,111,54,8,71,6,82" hai1="110,72,78,114,88,85,97,118,106,55,93,21,102" hai2="65,31,79,28,38,74,15,1,67,131,57,105,18" hai3="92,127,63,49,50,80,121,11,3,119,70,103,122"/><T16/><D35/><U84/><E118/><V115/><F105/><W126/><G119/><T120/><D120/><N who="3" m="46185" /><G80/><T56/><D71/><U107/><E110/><N who="0" m="42025" /><D66/><U9/><E114/><V60/><F38/><W101/><G63/><T132/><D132/><U45/><E21/><V20/><F115/><W81/><G81/><T19/><D56/><U12/><E72/><V83/><F131/><W109/><G70/><T90/><D54/><U62/><E78/><V77/><F77/><W112/><G112/><T52/><D52/><U130/><E130/><V10/><REACH who="2" step="1"/><F67/><REACH who="2" ten="260,260,240,220" step="2"/><W129/><G129/><T48/><D48/><N who="3" m="18537" /><G109/><T41/><D41/><U89/><E107/><V2/><F2/><AGARI ba="1,2" hai="2,6,8,16,19,82,86,90,91,95,98" m="42025" machi="2" ten="30,11600,0" yaku="14,1,10,1,52,1,54,1" doraHai="34" who="0" fromWho="2" sc="260,139,260,0,240,-119,220,0" /><INIT seed="0,2,0,3,4,27" ten="399,260,121,220" oya="0" hai0="121,56,124,109,128,19,1,24,43,133,80,0,71" hai1="85,72,132,60,135,95,47,108,112,90,106,77,91" hai2="114,76,129,9,70,12,6,61,99,86,113,65,73" hai3="101,57,3,134,8,18,115,122,74,89,4,96,118"/><T39/><D121/><U23/><E106/><V97/><F129/><W107/><G118/><T31/><D71/><U105/><E105/><V126/><F73/><W64/><G115/><T75/><D128/><U37/><E112/><V62/><F126/><W22/><G122/><T38/><D124/><U45/><E108/><V20/><F113/><W52/><G134/><N who="1" m="51242" /><E37/><V54/><F114/><W67/><G74/><T94/><D133/><U68/><E23/><V50/><F62/><W59/><G59/><T82/><D19/><U28/><E28/><V131/><F131/><W69/><G89/><T17/><D17/><U29/><E29/><V92/><F20/><W25/><REACH who="3" step="1"/><G69/><REACH who="3" ten="399,260,121,210" step="2"/><T111/><D75/><U10/><E91/><V127/><F127/><W103/><G103/><T13/><D111/><U30/><E72/><V78/><F86/><W34/><G34/><T100/><D56/><U55/><E68/><V93/><F99/><W110/><G110/><T53/><D100/><U102/><E102/><V15/><F97/><W58/><G58/><T46/><D109/><U79/><E85/><V36/><F78/><W125/><G125/><T33/><D33/><U123/><E79/><V11/><F76/><W66/><G66/><T32/><D32/><U26/><E77/><V83/><F36/><W7/><G7/><T40/><D39/><U119/><E119/><V88/><F88/><W2/><G2/><T98/><D1/><U63/><E90/><V21/><F70/><W5/><G5/><T84/><D38/><U104/><E123/><V35/><F6/><W117/><G117/><RYUUKYOKU ba="2,1" sc="399,-10,260,-10,121,-10,210,30" hai3="3,4,8,18,22,25,52,57,64,67,96,101,107" /><INIT seed="1,3,1,4,1,106" ten="389,250,111,240" oya="1" hai0="123,34,88,135,90,22,36,54,118,81,70,47,72" hai1="14,129,86,66,116,65,53,97,132,38,45,103,89" hai2="85,11,19,112,117,12,79,39,121,109,113,133,50" hai3="9,6,87,100,67,108,92,27,1,60,80,131,29"/><U63/><E116/><V114/><F39/><W98/><G108/><T119/><D34/><U41/><E129/><V21/><F50/><W120/><G131/><T61/><D135/><U82/><E132/><V57/><F133/><W130/><G130/><T8/><D123/><U69/><E14/><V3/><F57/><W44/><G44/><T74/><D22/><U23/><E23/><V127/><F79/><W110/><G110/><T58/><D118/><U125/><E125/><V42/><F85/><W10/><G120/><T71/><D119/><U43/><E66/><V20/><F42/><W104/><G9/><T62/><D8/><U52/><REACH who="1" step="1"/><E41/><REACH who="1" ten="389,240,111,240" step="2"/><V35/><F117/><W128/><G128/><T24/><D24/><U37/><E37/><V17/><F121/><W101/><G27/><T28/><D36/><U2/><E2/><V115/><N who="2" m="28672" /><DORA hai="16" /><V18/><F109/><W99/><G29/><T64/><D28/><U51/><E51/><V31/><F127/><W105/><G67/><T0/><D0/><U7/><E7/><N who="2" m="1535" /><F35/><W91/><REACH who="3" step="1"/><G60/><REACH who="3" ten="389,240,111,230" step="2"/><T78/><D62/><U13/><E13/><V107/><F107/><AGARI ba="3,3" hai="1,6,10,80,87,91,92,98,99,100,101,104,105,107" machi="107" ten="30,3900,0" yaku="1,1,2,1,7,1,53,0" doraHai="106,16" doraHaiUra="46,56" who="3" fromWho="2" sc="389,0,240,0,111,-48,230,78" /><AGARI ba="3,0" hai="38,43,45,52,53,63,65,69,82,86,89,97,103,107" machi="107" ten="30,11600,0" yaku="1,1,7,1,54,1,53,1" doraHai="106,16" doraHaiUra="46,56" who="1" fromWho="2" sc="389,0,240,116,63,-116,308,0" owari="389,48.9,356,15.6,-53,-55.3,308,-9.2" /></mjloggm>