<mjloggm ver="2.3"><GO type="225" lobby="0"/><UN n0="%33%74%72%65%65" n1="%E3%81%AF%E3%82%88%E3%81%8A%E3%81%98%E3%81%95%E3%82%93" n2="%73%75%7A%75%6D%65%33" n3="%6D%75%75%6D%75%72%61" dan="16,17,17,16" rate="2087.47,2209.17,2203.22,2194.29" sx="F,M,M,F"/><TAIKYOKU oya="0"/><INIT seed="0,0,0,2,2,51" ten="250,250,250,250" oya="0" hai0="58,80,118,6,8,98,131,31,27,14,106,61,44" hai1="103,110,25,125,120,92,119,109,13,33,9,34,97" hai2="11,104,127,5,116,35,102,112,49,68,15,67,79" hai3="12,129,85,16,28,115,96,82,7,60,76,132,89"/><T30/><D118/><U124/><E120/><V39/><F116/><W100/><G115/><T84/><D131/><U99/><E119/><V86/><F112/><W37/><G132/><T113/><D113/><U81/><E81/><V0/><F39/><W126/><G126/><N who="1" m="48746" /><E99/><V114/><F114/><W50/><G37/><T54/><D44/><U52/><E25/><V66/><F35/><N who="1" m="13321" /><E13/><V20/><F127/><W3/><G129/><T41/><D41/><U53/><E9/><V55/><F68/><W63/><G28/><T45/><D45/><U108/><AGARI ba="0,0" hai="52,53,92,97,103,108,109,110" m="13321,48746" machi="108" ten="40,8000,1" yaku="14,1,18,1,52,2,54,1" doraHai="51" who="1" fromWho="1" sc="250,-40,250,80,250,-20,250,-20" /><INIT seed="1,0,0,3,2,131" ten="210,330,230,230" oya="1" hai0="17,107,104,44,123,79,75,26,126,7,31,92,10" hai1="88,134,40,129,132,121,2,100,35,58,32,86,80" hai2="20,45,29,122,81,12,61,43,62,68,48,19,101" hai3="99,67,13,18,55,60,57,51,8,64,73,65,38"/><U124/><E121/><V6/><F122/><W15/><G38/><T53/><D123/><U102/><E2/><V76/><F101/><W85/><G73/><T83/><D126/><U5/><E5/><V22/><F68/><W77/><G99/><T52/><D17/><U42/><E129/><V112/><F112/><W49/><REACH who="3" step="1"/><G15/><REACH who="3" ten="210,330,230,220" step="2"/><T108/><D75/><U59/><E124/><V11/><F29/><W21/><G21/><T46/><D31/><U1/><E1/><V115/><F115/><W95/><G95/><T114/><D92/><U74/><E74/><V97/><F97/><W37/><G37/><T118/><D114/><U120/><E120/><V128/><F128/><W3/><G3/><T39/><D39/><U113/><E113/><V109/><F109/><W93/><G93/><T47/><D108/><U30/><E30/><V91/><F22/><W94/><G94/><T16/><D107/><U84/><E80/><AGARI ba="0,1" hai="8,13,18,49,51,55,57,60,64,65,67,77,80,85" machi="80" ten="40,2600,0" yaku="1,1,8,1,53,0" doraHai="131" doraHaiUra="96" who="3" fromWho="1" sc="210,0,330,-26,230,0,220,36" /><INIT seed="2,0,0,4,2,37" ten="210,304,230,256" oya="2" hai0="38,84,70,130,52,97,28,18,128,3,75,74,89" hai1="81,111,73,56,129,102,12,110,14,115,8,77,123" hai2="25,31,35,118,30,61,48,92,94,13,116,29,134" hai3="17,122,91,42,104,72,62,11,64,78,16,50,101"/><V32/><F134/><W121/><G91/><T45/><D70/><U39/><E115/><V49/><F13/><W125/><G125/><T113/><D113/><U105/><E39/><V43/><F61/><W112/><G112/><T87/><D3/><U96/><E129/><N who="0" m="49769" /><D28/><U79/><E123/><V55/><F55/><W57/><G104/><T69/><D69/><U26/><E79/><V23/><F23/><W19/><G101/><T103/><D18/><U44/><E44/><V34/><F25/><W54/><G11/><T33/><D33/><U5/><E26/><V0/><F43/><W83/><REACH who="3" step="1"/><G42/><REACH who="3" ten="210,304,230,246" step="2"/><N who="0" m="22743" /><D89/><U6/><E8/><V63/><F0/><W90/><G90/><T131/><N who="0" m="49777" /><T59/><DORA hai="133" /><D103/><U135/><E102/><V22/><F22/><W119/><G119/><T100/><D100/><U47/><E135/><V99/><F118/><W71/><AGARI ba="0,1" hai="16,17,19,50,54,57,62,64,71,72,78,83,121,122" machi="71" ten="30,4000,0" yaku="1,1,0,1,54,1,53,0" doraHai="37,133" doraHaiUra="85,10" who="3" fromWho="3" sc="210,-10,304,-10,230,-20,246,50" /><INIT seed="3,0,0,4,1,32" ten="200,294,210,296" oya="3" hai0="118,64,96,98,43,90,88,67,8,112,27,2,127" hai1="42,41,20,133,44,87,50,56,29,24,14,52,19" hai2="102,115,129,134,11,93,22,60,116,62,110,86,0" hai3="58,124,125,80,68,119,40,113,75,120,78,84,39"/><W4/><G113/><T108/><D118/><U66/><E133/><V101/><F115/><W117/><G68/><T45/><D112/><U105/><E105/><V47/><F116/><W70/><G120/><T33/><D108/><U38/><E87/><V83/><F110/><W15/><G70/><T123/><D123/><U85/><E85/><V107/><F107/><W9/><G75/><T122/><D122/><U54/><E66/><N who="0" m="25129" /><D127/><N who="3" m="48713" /><G58/><T76/><D76/><U6/><E6/><V53/><F134/><W63/><G63/><T17/><D2/><U73/><E73/><V79/><F22/><W114/><G114/><T61/><D61/><N who="1" m="35991" /><E38/><V130/><F62/><W30/><G30/><T109/><D109/><U21/><AGARI ba="0,0" hai="14,19,20,21,24,29,41,42,44,50,52" m="35991" machi="21" ten="30,2000,0" yaku="8,1,54,1" doraHai="32" who="1" fromWho="1" sc="200,-5,294,20,210,-5,296,-10" owari="195,-30.5,314,41.4,205,-19.5,286,8.6" /></mjloggm>