<mjloggm ver="2.3"><GO type="225" lobby="0"/><UN n0="%E3%81%B5%E3%81%98%E3%81%8B%E3%81%A4" n1="%E6%B4%BE%E9%81%A3%E3%81%AE%E3%82%B8%E3%83%A3%E3%83%83%E3%82%AF" n2="%E3%81%A9%E3%82%8F%E3%82%93%E3%81%94" n3="%E3%81%BF%E3%81%BF%E3%81%9A" dan="16,17,16,17" rate="2173.29,2203.94,2087.34,2307.83" sx="M,M,M,M"/><TAIKYOKU oya="0"/><INIT seed="0,0,0,5,4,1" ten="250,250,250,250" oya="0" hai0="16,113,57,83,71,127,7,44,51,92,79,10,11" hai1="53,64,110,24,72,12,69,13,80,21,38,120,82" hai2="9,23,109,36,55,96,75,41,135,93,90,85,68" hai3="62,78,125,3,27,76,103,134,74,65,105,39,130"/><T117/><D113/><U70/><E38/><V30/><F68/><W73/><G39/><T54/><D117/><U58/><E120/><V94/><F109/><W20/><G3/><T4/><D127/><U63/><E110/><V34/><F75/><W89/><G125/><T48/><D71/><U95/><E95/><V47/><F135/><W104/><G134/><T99/><D11/><U35/><E35/><V33/><F55/><W67/><G89/><T112/><D112/><U59/><E70/><V131/><F131/><W129/><G20/><T118/><D118/><U121/><E121/><V100/><F30/><W119/><G119/><T8/><D8/><U128/><E128/><V56/><F56/><W81/><G27/><T116/><D116/><U29/><E69/><V37/><F37/><W60/><REACH who="3" step="1"/><G81/><REACH who="3" ten="250,250,250,240" step="2"/><N who="1" m="31338" /><E72/><V46/><F23/><W123/><G123/><T32/><D32/><U66/><E66/><V14/><REACH who="2" step="1"/><F46/><REACH who="2" ten="250,250,240,240" step="2"/><W17/><G17/><AGARI ba="0,2" hai="9,14,17,33,34,36,41,47,85,90,93,94,96,100" machi="17" ten="30,7700,0" yaku="1,1,2,1,7,1,53,1" doraHai="1" doraHaiUra="98" who="2" fromWho="3" sc="250,0,250,0,240,97,240,-77" /><INIT seed="1,0,0,4,3,114" ten="250,250,337,163" oya="1" hai0="63,67,112,91,22,8,70,81,76,116,110,4,127" hai1="25,18,34,82,23,65,87,103,89,118,124,119,86" hai2="44,97,24,26,53,95,52,41,78,93,48,12,37" hai3="6,64,104,129,46,57,66,109,117,31,5,0,49"/><U111/><E65/><V54/><F78/><W134/><G104/><T99/><D112/><U60/><E60/><V84/><F37/><W132/><G31/><T96/><D110/><U74/><E74/><V88/><REACH who="2" step="1"/><F12/><REACH who="2" ten="250,250,327,163" step="2"/><W29/><G109/><T51/><D76/><U3/><E111/><V33/><F33/><W32/><G0/><T15/><D127/><U102/><E34/><V120/><F120/><W13/><G13/><T105/><D15/><U121/><E121/><V131/><F131/><W72/><G129/><T9/><D9/><U55/><E124/><V38/><F38/><W92/><G32/><T100/><D8/><U69/><E3/><V19/><F19/><W90/><G29/><T11/><D11/><U85/><E69/><V122/><F122/><W43/><G72/><T39/><D70/><U115/><E115/><V61/><F61/><W98/><G5/><T106/><D4/><U73/><E73/><V108/><F108/><W45/><G6/><T17/><D63/><U56/><E85/><V101/><AGARI ba="0,1" hai="24,26,41,44,48,52,53,54,84,88,93,95,97,101" machi="101" ten="30,8000,1" yaku="1,1,0,1,8,1,54,2,53,0" doraHai="114" doraHaiUra="62" who="2" fromWho="2" sc="250,-20,250,-40,327,90,163,-20" /><INIT seed="2,0,0,4,3,2" ten="230,210,417,143" oya="2" hai0="66,44,106,68,82,45,74,47,21,104,119,101,40" hai1="8,85,120,67,5,122,127,7,24,69,59,70,61" hai2="6,29,100,134,60,49,0,96,50,53,83,124,121" hai3="93,39,80,126,103,57,28,91,32,19,97,42,1"/><V131/><F121/><N who="1" m="46697" /><E127/><V78/><F124/><W72/><G126/><T125/><D125/><U18/><E85/><V110/><F29/><W17/><G32/><T31/><D119/><U15/><E24/><V117/><F117/><W26/><G57/><T63/><D40/><U111/><E111/><V62/><F110/><W64/><G64/><T10/><D10/><U115/><E115/><V102/><F134/><W51/><G1/><T43/><D43/><U16/><E18/><V12/><F0/><W48/><G39/><T76/><REACH who="0" step="1"/><D101/><REACH who="0" ten="220,210,417,143" step="2"/><U23/><E23/><V123/><F102/><W132/><G42/><T4/><D4/><AGARI ba="0,1" hai="4,5,7,8,15,16,59,61,67,69,70" m="46697" machi="4" ten="30,8000,1" yaku="13,1,52,3,54,1" doraHai="2" who="1" fromWho="0" sc="220,-80,210,90,417,0,143,0" /><INIT seed="3,0,0,1,5,126" ten="140,300,417,143" oya="3" hai0="70,88,27,65,80,119,72,67,11,104,87,42,79" hai1="114,38,132,51,75,111,117,74,125,60,43,96,56" hai2="84,76,85,15,10,123,115,90,131,91,9,105,130" hai3="41,86,6,20,32,113,57,66,21,64,68,93,102"/><W0/><G113/><T53/><D104/><U135/><E114/><V97/><F115/><W69/><G32/><T124/><D124/><U46/><E125/><V36/><F36/><W5/><G41/><T54/><D119/><U55/><E111/><V40/><F40/><W45/><G45/><T35/><D42/><U7/><E7/><N who="3" m="2570" /><G0/><T128/><D128/><N who="2" m="49194" /><F123/><W14/><G69/><T95/><D70/><U22/><E22/><N who="3" m="8810" /><G68/><T82/><D35/><U121/><E121/><V98/><F76/><W129/><G129/><T24/><D11/><N who="2" m="4106" /><F15/><W49/><G14/><T99/><D27/><U112/><E112/><V118/><F105/><W17/><G17/><T34/><D24/><U127/><E127/><V19/><F19/><W48/><G86/><N who="2" m="33385" /><F118/><W134/><G134/><T107/><D34/><U110/><E46/><V18/><F18/><W63/><G66/><N who="0" m="25099" /><D107/><U103/><E117/><V94/><F98/><AGARI ba="0,0" hai="48,49,57,63,64,93,98,102" m="8810,2570" machi="98" ten="30,1500,0" yaku="8,1" doraHai="126" who="3" fromWho="2" sc="140,0,300,0,417,-15,143,15" /><INIT seed="3,1,0,2,1,8" ten="140,300,402,158" oya="3" hai0="60,129,80,76,35,19,111,133,123,39,89,58,68" hai1="122,117,30,135,90,77,31,119,0,47,53,61,70" hai2="18,55,46,103,21,14,101,16,62,17,52,13,79" hai3="43,127,11,87,94,23,81,63,86,40,132,69,115"/><W75/><G115/><T20/><D123/><U105/><E122/><V107/><F107/><W118/><G118/><T29/><D68/><U116/><E105/><V54/><F79/><W65/><G127/><T32/><D39/><U7/><E77/><V96/><F96/><W128/><G75/><T78/><D111/><U5/><E135/><V88/><F88/><W50/><G132/><T130/><D133/><U98/><E70/><V126/><F126/><W4/><G128/><N who="0" m="49259" /><D29/><U108/><E108/><V2/><F2/><W41/><G94/><T92/><D80/><U95/><E47/><V45/><F18/><W3/><G81/><T26/><D78/><U106/><E106/><V49/><F62/><W25/><REACH who="3" step="1"/><G50/><REACH who="3" ten="140,300,402,148" step="2"/><T51/><D51/><U97/><E95/><V64/><F49/><W57/><G57/><T104/><D104/><U121/><E121/><V36/><F36/><W34/><G34/><T100/><D76/><U84/><E116/><V48/><F48/><W112/><G112/><T131/><D100/><U125/><E125/><V134/><F134/><W38/><G38/><T109/><D109/><U10/><E117/><V56/><F103/><W22/><G22/><T1/><D131/><U73/><E73/><V24/><F101/><W9/><G9/><T37/><D37/><U74/><E10/><V59/><F56/><W83/><G83/><T120/><D120/><U28/><E74/><V66/><F59/><W114/><G114/><T15/><D1/><U44/><E0/><V124/><F124/><W33/><G33/><T12/><D35/><U27/><E119/><RYUUKYOKU ba="1,1" sc="140,-10,300,-10,402,-10,148,30" hai3="3,4,11,23,25,40,41,43,63,65,69,86,87" /><INIT seed="3,2,1,1,5,124" ten="130,290,392,178" oya="3" hai0="81,104,8,65,38,6,120,108,72,69,26,87,97" hai1="128,48,99,35,37,93,133,132,103,83,42,46,25" hai2="121,1,102,15,57,53,17,126,135,80,96,70,44" hai3="61,33,14,64,66,13,125,112,94,92,77,74,40"/><W68/><G112/><T5/><D120/><U114/><E114/><V36/><F70/><W2/><G2/><T89/><D108/><U7/><E7/><V47/><F1/><W11/><G125/><T21/><D38/><U95/><E83/><V19/><F126/><W59/><G33/><T79/><D69/><U28/><E37/><V119/><F119/><W101/><G40/><T90/><D65/><U49/><E49/><V118/><F118/><W0/><G0/><T60/><D60/><U76/><E76/><V52/><F36/><W31/><G31/><T73/><D90/><U9/><E9/><V51/><F80/><W123/><G123/><T16/><D8/><U122/><E122/><V129/><F121/><W45/><G74/><T91/><D91/><U32/><E32/><V24/><F135/><N who="1" m="51785" /><E95/><V27/><F47/><W110/><G77/><T116/><D116/><U29/><E29/><V23/><F19/><W78/><G78/><T62/><D62/><U43/><E43/><V98/><F44/><W12/><G110/><T134/><D134/><U67/><E67/><V127/><F127/><W30/><G66/><T55/><D55/><U105/><E105/><V4/><F53/><W39/><G68/><T3/><D3/><U50/><E50/><V88/><F52/><W86/><G39/><T58/><D58/><U106/><E106/><V130/><F57/><W131/><G59/><T18/><D18/><U41/><E41/><V82/><F17/><W111/><G61/><T34/><D34/><U56/><E56/><V117/><F117/><W22/><G64/><RYUUKYOKU ba="2,1" sc="130,-10,290,30,392,-10,178,-10" hai1="25,28,35,42,46,48,93,99,103,128" owari="120,-38.0,320,12.0,392,49.2,168,-23.2" /></mjloggm>