<mjloggm ver="2.3"><GO type="225" lobby="0"/><UN n0="%E3%81%B5%E3%81%98%E3%81%8B%E3%81%A4" n1="%E3%80%93%E3%81%97%E3%83%BC%E3%82%89%E3%80%93" n2="%E3%81%BF%E3%81%BF%E3%81%9A" n3="%E4%BA%95%E5%B8%AF" dan="16,16,16,16" rate="2214.76,2062.59,2167.32,2071.29" sx="M,M,M,M"/><TAIKYOKU oya="0"/><INIT seed="0,0,0,0,4,28" ten="250,250,250,250" oya="0" hai0="53,12,66,129,112,128,116,2,56,87,32,83,34" hai1="98,1,99,96,111,63,133,43,16,92,31,93,33" hai2="27,121,107,60,132,40,8,131,101,46,25,97,119" hai3="102,124,55,120,19,65,105,39,90,67,113,47,109"/><T110/><D116/><U77/><E1/><V61/><F121/><W10/><G113/><T35/><D112/><U64/><E133/><V38/><F119/><W126/><G90/><T15/><D2/><U5/><E5/><V125/><F132/><W71/><G102/><T44/><D44/><U68/><E111/><V11/><F125/><W20/><G10/><T103/><D103/><U37/><E77/><V29/><F25/><W3/><G3/><T91/><D66/><U114/><E114/><V30/><F30/><W23/><G105/><T41/><D41/><U100/><E43/><V58/><F131/><N who="0" m="50250" /><D110/><U89/><E37/><V9/><REACH who="2" step="1"/><F58/><REACH who="2" ten="250,250,240,250" step="2"/><W115/><G120/><T36/><D36/><U26/><REACH who="1" step="1"/><E16/><REACH who="1" ten="250,240,240,250" step="2"/><V57/><F57/><W94/><G19/><T0/><D0/><U88/><E88/><V50/><F50/><AGARI ba="0,2" hai="12,15,32,34,35,50,53,56,83,87,91" m="50250" machi="50" ten="40,12000,1" yaku="19,1,52,3" doraHai="28" who="0" fromWho="2" sc="250,140,240,0,240,-120,250,0" /><INIT seed="0,1,0,4,2,9" ten="390,240,120,250" oya="0" hai0="32,89,42,99,66,53,39,80,76,83,11,52,113" hai1="25,4,34,29,65,59,62,15,6,19,122,116,121" hai2="0,68,45,85,37,55,126,48,8,104,3,72,87" hai3="120,40,12,54,69,16,1,124,60,125,106,86,95"/><T117/><D113/><U67/><E116/><V58/><F72/><W100/><G1/><T127/><D117/><U123/><REACH who="1" step="1"/><E65/><REACH who="1" ten="390,230,120,250" step="2"/><V38/><F126/><W7/><G125/><T26/><D66/><U133/><E133/><V96/><F68/><W118/><G69/><T109/><D127/><U73/><E73/><V57/><F37/><W115/><G118/><T63/><D39/><U128/><E128/><V105/><F38/><W24/><G124/><T74/><D74/><U103/><E103/><V23/><F58/><W79/><G100/><T2/><D109/><U77/><E77/><V112/><F112/><W129/><G79/><T81/><D76/><U41/><E41/><V36/><F36/><W61/><G40/><T51/><D42/><U71/><E71/><V17/><F57/><W102/><G102/><T18/><D89/><U82/><E82/><V56/><F56/><W78/><G78/><T50/><D81/><U22/><AGARI ba="1,1" hai="4,6,15,19,22,25,29,34,59,62,67,121,122,123" machi="22" ten="30,4000,0" yaku="1,1,0,1,52,1,53,0" doraHai="9" doraHaiUra="130" who="1" fromWho="1" sc="390,-21,230,53,120,-11,250,-11" /><INIT seed="1,0,0,4,0,13" ten="369,283,109,239" oya="1" hai0="80,36,121,52,116,64,26,6,67,66,50,119,107" hai1="123,29,21,23,112,73,34,14,5,45,57,48,130" hai2="69,101,61,47,49,68,125,18,4,62,108,114,37" hai3="87,122,133,3,9,135,58,41,74,90,97,77,56"/><U54/><E73/><V120/><F4/><N who="3" m="1183" /><G122/><T59/><D107/><U38/><E123/><V83/><F101/><W17/><G97/><T39/><D6/><U99/><E112/><V100/><F100/><W128/><G41/><T31/><D121/><U118/><E118/><V46/><F120/><W96/><G96/><T81/><D81/><U89/><E130/><V55/><F83/><N who="3" m="45495" /><G17/><T131/><D131/><U44/><E34/><V104/><F104/><W129/><G58/><T124/><D124/><U35/><E38/><V60/><F125/><W75/><G56/><T16/><D31/><U134/><E134/><N who="3" m="51210" /><G75/><T43/><D80/><AGARI ba="0,0" hai="80,87,90,128,129" m="51210,45495,1183" machi="80" ten="30,1000,0" yaku="20,1" doraHai="13" who="3" fromWho="0" sc="369,-10,283,0,109,0,239,10" /><INIT seed="2,0,0,2,1,86" ten="359,283,109,249" oya="2" hai0="20,42,102,101,23,6,73,17,26,122,110,130,40" hai1="59,113,128,88,10,66,58,16,44,53,127,80,100" hai2="89,14,85,94,27,111,0,131,97,133,103,3,116" hai3="106,41,121,82,79,39,84,31,75,93,36,124,57"/><V90/><F116/><W54/><G121/><T70/><D73/><U119/><E113/><V118/><F118/><W91/><G124/><T69/><D122/><U51/><E119/><V135/><F131/><W34/><G41/><T15/><D130/><U120/><E128/><V49/><F111/><W117/><G117/><T126/><D110/><U56/><E120/><V5/><F27/><W1/><G1/><T50/><D126/><U55/><E127/><V112/><F112/><W78/><G78/><T29/><D70/><U8/><E100/><N who="0" m="38505" /><D69/><U61/><E55/><V108/><F108/><W95/><G106/><T76/><D76/><U72/><E72/><V104/><F49/><W38/><G31/><T125/><D125/><U37/><E37/><V19/><F5/><W43/><G34/><T12/><D50/><U21/><E66/><V134/><REACH who="2" step="1"/><F90/><REACH who="2" ten="359,283,99,249" step="2"/><W24/><G24/><N who="0" m="16543" /><D6/><U132/><E132/><V33/><F33/><W77/><G77/><T35/><D35/><U11/><E61/><V22/><AGARI ba="0,1" hai="0,3,14,19,22,85,89,94,97,103,104,133,134,135" machi="22" ten="30,11700,0" yaku="1,1,0,1,20,1,52,1,53,0" doraHai="86" doraHaiUra="64" who="2" fromWho="2" sc="359,-39,283,-39,99,127,249,-39" /><INIT seed="2,1,0,0,4,33" ten="320,244,226,210" oya="2" hai0="111,133,35,23,105,127,72,123,126,132,94,81,95" hai1="18,115,47,6,97,27,70,1,53,69,122,54,98" hai2="13,62,99,2,9,11,101,92,88,36,60,107,77" hai3="3,46,28,74,109,110,20,57,22,106,50,52,104"/><V55/><F36/><W8/><G74/><T86/><D35/><U116/><E115/><V63/><F77/><W71/><G71/><T120/><D105/><N who="3" m="40553" /><G28/><T108/><D72/><U119/><E27/><V129/><F129/><W121/><G46/><T49/><D23/><U45/><E18/><V10/><F2/><W79/><G79/><T134/><D49/><U43/><E6/><V21/><F55/><W12/><G121/><N who="0" m="46667" /><D81/><U113/><E122/><V85/><REACH who="2" step="1"/><F21/><REACH who="2" ten="320,244,216,210" step="2"/><W83/><G3/><T84/><D126/><U38/><E1/><V73/><F73/><W40/><G20/><T58/><D127/><U67/><E38/><V64/><F64/><W31/><G22/><T59/><D95/><U17/><E67/><V75/><F75/><W87/><G40/><T117/><D94/><U48/><E43/><V61/><N who="2" m="15360" /><DORA hai="25" /><V41/><F41/><W32/><G32/><T90/><D117/><U96/><E119/><V114/><F114/><W100/><G52/><T4/><D133/><U30/><E116/><V26/><F26/><W39/><G39/><T42/><D42/><U14/><E113/><V51/><F51/><W66/><G50/><T24/><D24/><U80/><E48/><V37/><F37/><W65/><G66/><T44/><D132/><U29/><E53/><V56/><F56/><W19/><G57/><T124/><D59/><U0/><E54/><V103/><F103/><W128/><G100/><T130/><D58/><U76/><E76/><V5/><AGARI ba="1,1" hai="5,9,10,11,13,85,88,92,99,101,107" m="15360" machi="5" ten="40,12000,1" yaku="1,1,0,1,54,1,53,1" doraHai="33,25" doraHaiUra="118,89" who="2" fromWho="2" sc="320,-41,244,-41,216,133,210,-41" /><INIT seed="2,2,0,3,5,29" ten="279,203,349,169" oya="2" hai0="116,81,52,120,101,23,86,51,59,49,12,93,5" hai1="35,111,20,110,91,124,70,130,74,24,67,57,55" hai2="33,3,121,75,32,133,135,84,54,100,28,96,62" hai3="114,127,89,79,13,134,61,112,95,44,4,98,105"/><V90/><F121/><W14/><G127/><T104/><D120/><U85/><E74/><V97/><F3/><W128/><G128/><T78/><D116/><U122/><E122/><V113/><F113/><W99/><G134/><N who="2" m="51209" /><F28/><W123/><G123/><T39/><D39/><U72/><E72/><V47/><F75/><W60/><G79/><T0/><D0/><U65/><E130/><V16/><F16/><W63/><G44/><T94/><D104/><U10/><E10/><V19/><F19/><W106/><G4/><T18/><D101/><U76/><E76/><V42/><F54/><W25/><G25/><T9/><REACH who="0" step="1"/><D51/><REACH who="0" ten="269,203,349,169" step="2"/><N who="1" m="30975" /><E124/><V21/><F62/><W56/><G60/><T132/><D132/><U34/><E111/><V2/><F2/><W131/><G61/><T115/><D115/><N who="3" m="44073" /><G131/><T41/><D41/><U40/><E40/><V118/><F118/><W37/><G37/><T8/><D8/><U6/><E110/><V103/><F103/><N who="3" m="62711" /><G106/><T53/><D53/><AGARI ba="2,1" hai="13,14,53,56,63,89,95,99" m="62711,44073" machi="53" ten="30,1000,0" yaku="11,1" doraHai="29" who="3" fromWho="0" sc="269,-16,203,0,349,0,169,26" /><INIT seed="3,0,0,4,0,44" ten="253,203,349,195" oya="3" hai0="5,29,41,132,72,89,76,28,53,48,92,120,16" hai1="110,104,131,69,26,109,75,112,20,66,74,3,125" hai2="11,103,67,133,135,81,18,0,85,70,97,10,25" hai3="62,39,124,43,129,130,35,80,73,51,63,117,105"/><W126/><G35/><T107/><D120/><U90/><E112/><V99/><F67/><W118/><G105/><T1/><D107/><U23/><E3/><V17/><F70/><W8/><G39/><T21/><D132/><N who="2" m="50762" /><F25/><W78/><G8/><N who="2" m="3113" /><F0/><W50/><G43/><T46/><D5/><U64/><E69/><V36/><F36/><W108/><G108/><T37/><D1/><U42/><E26/><V134/><F134/><W47/><G47/><T24/><D76/><U34/><E66/><V32/><F32/><W88/><G88/><T30/><D72/><U123/><E90/><N who="2" m="51503" /><F97/><W71/><G71/><T115/><D115/><U122/><E34/><V61/><F61/><N who="3" m="23051" /><G118/><T91/><D37/><U111/><E64/><V79/><F79/><W56/><G117/><T86/><D91/><U4/><E110/><V6/><F6/><W31/><G31/><T65/><D65/><U22/><E4/><V106/><AGARI ba="0,0" hai="17,18,99,103,106" m="51503,3113,50762" machi="106" ten="30,1100,0" yaku="20,1" doraHai="44" who="2" fromWho="2" sc="253,-3,203,-3,349,11,195,-5" owari="250,5.0,200,-20.0,360,46.0,190,-31.0" /></mjloggm>