<mjloggm ver="2.3"><GO type="225" lobby="0"/><UN n0="%72%69%6F%75%63%68%61%6E" n1="%E3%81%B7%E3%82%8A%E3%82%93%E8%81%96%E4%BA%BA" n2="%E3%83%A9%E3%83%BC%E3%83%A1%E3%83%B3%E4%BA%94%E9%83%8E" n3="%45%6C%79%73%69%75%6D" dan="17,16,16,17" rate="2282.14,2075.84,2079.04,2109.88" sx="M,M,M,F"/><TAIKYOKU oya="0"/><INIT seed="0,0,0,1,0,124" ten="250,250,250,250" oya="0" hai0="101,35,76,70,13,102,118,89,33,97,58,26,36" hai1="61,67,87,106,92,55,126,62,82,98,52,121,111" hai2="94,91,56,11,100,128,77,19,120,38,79,9,133" hai3="46,12,80,105,130,99,95,24,57,112,17,54,29"/><T49/><D118/><U41/><E106/><V123/><F38/><W27/><G112/><T75/><D70/><U7/><E121/><V59/><F133/><W103/><G46/><T18/><D36/><U117/><E117/><V125/><F100/><W113/><G80/><T108/><D108/><U69/><E41/><V25/><F125/><W85/><G113/><T86/><D75/><U107/><E107/><V37/><F37/><W134/><G134/><T93/><D76/><U127/><E127/><V6/><F25/><W90/><G29/><T74/><D74/><U20/><E111/><V96/><F19/><W45/><G45/><T0/><D0/><U3/><E62/><V34/><F34/><W28/><G28/><T109/><D109/><U15/><E3/><V132/><F132/><W65/><G65/><T4/><D4/><U60/><E60/><V114/><F114/><W81/><G130/><T88/><D89/><U32/><E32/><V122/><F11/><W116/><G116/><T14/><D26/><U84/><E84/><V51/><F128/><W110/><G105/><N who="0" m="63663" /><D102/><N who="1" m="60743" /><E126/><V115/><F115/><W10/><REACH who="3" step="1"/><G110/><REACH who="3" ten="250,250,250,240" step="2"/><T50/><D33/><U48/><E67/><V83/><F83/><W44/><G44/><T40/><D35/><U104/><E82/><V78/><REACH who="2" step="1"/><F51/><AGARI ba="0,1" hai="10,12,17,24,27,51,54,57,81,85,90,95,99,103" machi="51" ten="30,3900,0" yaku="1,1,7,1,8,1,53,0" doraHai="124" doraHaiUra="16" who="3" fromWho="2" sc="250,0,250,0,250,-39,240,49" /><INIT seed="1,0,0,5,3,106" ten="250,250,211,289" oya="1" hai0="92,85,111,70,112,97,87,39,72,26,133,64,27" hai1="67,119,5,86,1,16,8,14,117,17,99,66,125" hai2="110,134,44,71,28,34,109,73,10,84,18,4,50" hai3="60,47,121,130,7,81,128,126,35,100,29,49,124"/><U102/><E125/><N who="3" m="48234" /><G121/><T79/><D111/><N who="2" m="42506" /><F71/><W9/><G100/><T127/><D112/><U96/><E86/><V31/><F134/><W104/><G104/><T48/><D133/><U2/><E102/><V98/><F98/><W82/><G60/><T107/><D39/><U83/><E83/><N who="3" m="31754" /><G29/><N who="2" m="11337" /><F34/><W118/><G35/><T132/><D127/><U0/><E0/><N who="2" m="263" /><F84/><W68/><G68/><T120/><D132/><U129/><E8/><V37/><F37/><W63/><G63/><N who="0" m="40223" /><D85/><U78/><E5/><V54/><F18/><W13/><G118/><T88/><D120/><U58/><E14/><V40/><F40/><AGARI ba="0,0" hai="7,9,13,40,47,49,128,130" m="31754,48234" machi="40" ten="30,1000,0" yaku="18,1" doraHai="106" who="3" fromWho="2" sc="250,0,250,0,211,-10,289,10" /><INIT seed="2,0,0,3,4,68" ten="250,250,201,299" oya="2" hai0="81,97,14,85,79,83,103,0,37,39,29,116,100" hai1="54,77,36,31,71,107,15,70,80,128,121,63,38" hai2="6,123,33,127,2,88,134,89,40,117,58,62,56" hai3="64,90,57,76,94,135,118,52,120,1,21,84,119"/><V75/><F117/><W5/><G120/><T7/><D0/><U16/><E107/><V82/><F123/><W10/><G135/><T96/><D116/><U105/><E105/><V113/><F113/><W114/><G114/><T86/><D29/><U23/><E121/><V34/><F134/><W95/><G64/><T92/><D14/><U109/><E70/><V46/><F127/><W99/><G21/><T12/><D12/><U129/><E31/><V26/><F75/><W73/><G73/><T93/><D7/><U91/><E91/><AGARI ba="0,0" hai="37,39,79,81,83,85,86,91,92,93,96,97,100,103" machi="91" ten="30,7700,0" yaku="7,1,9,1,52,2" doraHai="68" who="0" fromWho="1" sc="250,77,250,-77,201,0,299,0" /><INIT seed="3,0,0,1,3,74" ten="327,173,201,299" oya="3" hai0="27,10,22,89,9,49,81,55,45,132,62,91,64" hai1="87,7,35,103,82,1,46,4,126,90,33,96,116" hai2="32,15,16,29,39,115,108,56,104,20,118,99,43" hai3="17,34,114,100,18,131,51,38,60,30,112,79,70"/><W77/><G38/><T75/><D132/><U12/><E1/><V107/><F118/><W14/><G131/><T106/><D106/><U73/><E116/><V124/><F115/><W121/><G121/><T36/><D36/><U2/><E2/><V11/><F108/><W102/><G112/><T37/><D37/><U13/><E126/><V54/><F124/><W94/><G114/><T105/><D105/><U57/><E57/><V19/><F32/><W0/><G0/><T85/><D75/><U93/><E46/><V8/><F29/><W135/><G135/><T68/><D91/><U101/><E73/><V123/><F123/><W25/><G17/><AGARI ba="0,0" hai="9,10,17,22,27,45,49,55,62,64,68,81,85,89" machi="17" ten="30,1000,0" yaku="7,1" doraHai="74" who="0" fromWho="3" sc="327,10,173,0,201,0,299,-10" owari="337,43.7,173,-32.7,201,-19.9,289,8.9" /></mjloggm>