<mjloggm ver="2.3"><GO type="225" lobby="0"/><UN n0="%E4%BF%BA%E3%81%A8%E5%A6%96%E5%A4%A2" n1="%E6%B4%BE%E9%81%A3%E3%81%AE%E3%82%B8%E3%83%A3%E3%83%83%E3%82%AF" n2="%E3%80%93%E3%81%97%E3%83%BC%E3%82%89%E3%80%93" n3="%E3%83%B4%E3%83%A0%EF%BC%99%E3%81%A6" dan="17,17,16,16" rate="2202.97,2223.83,2176.06,2116.33" sx="F,M,M,M"/><TAIKYOKU oya="0"/><INIT seed="0,0,0,2,1,27" ten="250,250,250,250" oya="0" hai0="126,55,36,7,10,47,130,104,30,110,60,0,14" hai1="114,120,132,75,84,118,61,43,41,93,96,103,127" hai2="24,128,94,85,86,49,116,25,16,64,22,70,51" hai3="105,45,81,79,63,4,8,59,28,92,83,91,87"/><T62/><D104/><U113/><E75/><V66/><F128/><W133/><G133/><T125/><D130/><U5/><E118/><V112/><F112/><W11/><G105/><T77/><D77/><U23/><E120/><V68/><F116/><W32/><G45/><T17/><D110/><U48/><E127/><N who="0" m="48649" /><D30/><U119/><E119/><V109/><F109/><W34/><G81/><T100/><D100/><U18/><E5/><V12/><F70/><W3/><G11/><N who="0" m="2535" /><D55/><U107/><E132/><V95/><F68/><W121/><G121/><T54/><D54/><U38/><E113/><V6/><F6/><W37/><G37/><T67/><D67/><N who="2" m="25642" /><F25/><W135/><G135/><T2/><D2/><U69/><E38/><V56/><F24/><W89/><G28/><T115/><D115/><U129/><E129/><V134/><F134/><W9/><G79/><T1/><D1/><U39/><E39/><V78/><F56/><W20/><G32/><T76/><D76/><U19/><E114/><V53/><F53/><N who="3" m="34287" /><G34/><T33/><D33/><U123/><E123/><V124/><F124/><W101/><G3/><T44/><D44/><U90/><E69/><V52/><F52/><W31/><G4/><T111/><D111/><U65/><E18/><V88/><F78/><W57/><G57/><T13/><D13/><N who="1" m="9711" /><E65/><V99/><F85/><N who="3" m="52271" /><G101/><AGARI ba="0,0" hai="12,16,22,49,51,86,88,94,95,99,101" m="25642" machi="101" ten="30,3900,0" yaku="8,1,54,2" doraHai="27" who="2" fromWho="3" sc="250,0,250,0,250,39,250,-39" /><INIT seed="1,0,0,4,2,75" ten="250,250,289,211" oya="1" hai0="28,135,52,97,106,34,89,101,134,0,100,107,124" hai1="41,120,104,59,40,6,121,82,86,72,103,128,131" hai2="70,71,115,129,61,8,38,22,29,111,92,85,18" hai3="125,24,73,57,81,55,54,4,133,69,68,1,26"/><U83/><E6/><V116/><F38/><W118/><G125/><T102/><D0/><U108/><E59/><V87/><F116/><W19/><G133/><N who="0" m="50699" /><D28/><U74/><E108/><V50/><F29/><W63/><G118/><T64/><D34/><U79/><E103/><N who="0" m="39497" /><D64/><U15/><E15/><V31/><F31/><W42/><G42/><T43/><D43/><U122/><E104/><N who="0" m="39977" /><D52/><U51/><E51/><V21/><F71/><W35/><G55/><T77/><D124/><U25/><E25/><V96/><F70/><W67/><G35/><T98/><N who="0" m="39505" /><T80/><DORA hai="45" /><D89/><N who="1" m="51423" /><E40/><V60/><F60/><W13/><G1/><T7/><D7/><U132/><E41/><V114/><F61/><W2/><G4/><T78/><D78/><N who="1" m="44359" /><E132/><V126/><F126/><W3/><G3/><T105/><N who="0" m="39985" /><T14/><DORA hai="36" /><D14/><U12/><E12/><V123/><F50/><W44/><G2/><T32/><D32/><U33/><E33/><V53/><F53/><W65/><G68/><T47/><D47/><U76/><E76/><V119/><F119/><W95/><G44/><T39/><D39/><U130/><E79/><V56/><F56/><W113/><G69/><T23/><D23/><U99/><E74/><AGARI ba="0,0" hai="74,77,80,97,98" m="39985,39505,50699" machi="74" ten="50,8000,1" yaku="20,1,34,2,52,1" doraHai="75,45,36" who="0" fromWho="1" sc="250,80,250,-80,289,0,211,0" /><INIT seed="2,0,0,4,3,28" ten="330,170,289,211" oya="2" hai0="73,105,119,101,7,124,82,37,107,125,15,0,8" hai1="24,104,81,77,112,23,94,99,52,31,113,54,40" hai2="100,58,21,76,75,65,48,123,87,64,135,89,71" hai3="47,33,132,5,84,42,3,49,55,11,9,93,110"/><V68/><F135/><W69/><G132/><T120/><D120/><U114/><E104/><V18/><F75/><W19/><G69/><T57/><D119/><U16/><E40/><V60/><F76/><W14/><G110/><T67/><D37/><U12/><E81/><V78/><F78/><W50/><G84/><T44/><D44/><U86/><E86/><V20/><F100/><W98/><G33/><T51/><D101/><U116/><E77/><V66/><F21/><W92/><REACH who="3" step="1"/><G98/><REACH who="3" ten="330,170,289,201" step="2"/><T130/><D73/><U126/><E116/><V122/><F71/><W4/><G4/><T90/><D7/><U97/><E126/><V59/><F68/><W35/><G35/><T62/><D124/><U13/><E97/><V61/><F122/><W22/><G22/><T6/><D125/><U85/><E85/><V103/><F123/><W56/><AGARI ba="0,1" hai="3,5,9,11,14,19,42,47,49,50,55,56,92,93" machi="56" ten="20,2700,0" yaku="1,1,0,1,7,1,53,0" doraHai="28" doraHaiUra="117" who="3" fromWho="3" sc="330,-7,170,-7,289,-13,201,37" /><INIT seed="3,0,0,2,2,58" ten="323,163,276,238" oya="3" hai0="39,46,93,80,29,50,67,133,115,15,122,82,101" hai1="17,38,9,108,52,91,56,109,16,24,96,129,27" hai2="8,79,119,87,124,12,40,76,74,126,131,84,100" hai3="36,89,97,103,123,99,57,64,73,127,105,104,41"/><W94/><G123/><T62/><D122/><U95/><E38/><V117/><F40/><W21/><G127/><N who="2" m="48681" /><F100/><W72/><G104/><T135/><D115/><U35/><E129/><V42/><F42/><W55/><G64/><T77/><D39/><U98/><E98/><V83/><F131/><W4/><G4/><T92/><D15/><U48/><E9/><V5/><F79/><W19/><G41/><N who="0" m="24911" /><D29/><U6/><E6/><V43/><F43/><W106/><G106/><T118/><D101/><U63/><E48/><V81/><F81/><N who="0" m="31338" /><D77/><U25/><REACH who="1" step="1"/><E35/><REACH who="1" ten="323,153,276,238" step="2"/><V107/><F8/><W7/><G7/><T2/><D2/><U112/><E112/><V75/><F5/><W132/><G36/><T47/><D118/><U113/><E113/><V102/><F119/><W44/><G99/><T110/><D110/><AGARI ba="0,1" hai="16,17,24,25,27,52,56,63,91,95,96,108,109,110" machi="110" ten="40,8000,1" yaku="1,1,14,1,52,1,54,2,53,0" doraHai="58" doraHaiUra="31" who="1" fromWho="0" sc="323,-80,153,90,276,0,238,0" /><INIT seed="4,0,0,5,0,78" ten="243,243,276,238" oya="0" hai0="125,35,102,13,45,68,40,65,135,59,50,37,119" hai1="93,88,86,1,49,61,77,123,94,117,19,76,0" hai2="127,95,10,92,98,116,24,53,64,23,75,107,79" hai3="16,8,2,122,30,29,67,109,110,60,3,57,84"/><T58/><D35/><U63/><E123/><V14/><F127/><W54/><G122/><T26/><D125/><U38/><E38/><V69/><F116/><W134/><G134/><T85/><D135/><U97/><E117/><V6/><F69/><W11/><G2/><T91/><D119/><U56/><E19/><V51/><F64/><W108/><G3/><T9/><D102/><N who="1" m="60719" /><E0/><V106/><F92/><W44/><G84/><T132/><D132/><U83/><E1/><V28/><F79/><N who="1" m="30281" /><E94/><V74/><F107/><W36/><G8/><T103/><D103/><U99/><E99/><V71/><F71/><W115/><G115/><T87/><D87/><U62/><E49/><V7/><F106/><W25/><G11/><T128/><D37/><U55/><AGARI ba="0,0" hai="55,56,61,62,63,83,86,88" m="30281,60719" machi="55" ten="30,4000,0" yaku="8,1,52,1,54,1" doraHai="78" who="1" fromWho="1" sc="243,-20,243,40,276,-10,238,-10" /><INIT seed="5,0,0,4,3,39" ten="223,283,266,228" oya="1" hai0="68,46,84,38,134,31,89,22,82,99,131,73,1" hai1="32,77,133,44,34,78,124,47,64,114,116,4,105" hai2="9,48,24,58,2,135,19,6,11,67,98,110,54" hai3="87,28,53,5,85,21,90,80,119,40,27,72,108"/><U130/><E116/><V95/><F135/><W30/><G119/><T65/><D1/><U59/><E105/><V57/><F110/><W115/><G108/><T88/><D73/><U43/><E4/><V35/><F35/><W117/><G117/><T23/><D134/><U10/><E10/><V96/><F96/><W111/><G72/><T121/><D131/><U13/><E13/><V37/><F37/><W36/><G115/><T15/><D121/><U50/><E114/><V74/><F74/><W109/><G5/><T91/><D65/><U92/><E133/><V66/><F58/><W63/><G28/><T113/><D68/><U79/><E124/><V93/><F93/><W104/><G104/><T71/><D71/><U52/><E130/><V120/><F120/><W107/><G107/><T123/><D113/><U61/><REACH who="1" step="1"/><E92/><REACH who="1" ten="223,273,266,228" step="2"/><V94/><F95/><W128/><G128/><T41/><D123/><U126/><E126/><V12/><F24/><W102/><G111/><T103/><D99/><U17/><E17/><V25/><F25/><W42/><G109/><T83/><D103/><AGARI ba="0,1" hai="2,6,9,11,12,19,48,54,57,66,67,94,98,103" machi="103" ten="30,1000,0" yaku="7,1" doraHai="39" who="2" fromWho="0" sc="223,-10,273,0,266,20,228,0" /><INIT seed="6,0,0,2,5,103" ten="213,273,286,228" oya="2" hai0="7,113,60,134,48,5,13,100,109,36,72,52,115" hai1="10,21,27,91,105,59,12,123,34,99,25,83,47" hai2="55,119,121,31,107,135,42,22,16,53,40,90,73" hai3="75,43,122,77,44,104,101,63,62,94,64,117,131"/><V69/><F73/><W66/><G117/><T35/><D72/><U3/><E3/><V49/><F69/><W87/><G122/><T51/><D109/><U114/><E114/><N who="0" m="43529" /><D36/><U126/><E126/><V92/><F107/><W8/><G131/><T0/><D0/><U41/><E34/><V37/><F37/><W70/><G8/><T84/><D35/><U20/><E59/><N who="2" m="33199" /><F135/><W133/><G133/><T14/><D134/><U9/><E123/><V79/><F79/><W71/><G75/><T132/><D132/><U33/><E33/><V85/><F119/><W56/><G56/><N who="0" m="34823" /><D100/><U17/><E12/><N who="0" m="4713" /><D84/><U68/><E9/><V76/><F31/><W50/><G77/><T19/><D19/><U98/><E10/><V93/><F76/><W67/><G67/><T61/><D61/><U39/><E17/><V129/><F121/><W80/><G80/><T45/><D51/><U128/><E83/><N who="2" m="49471" /><F55/><AGARI ba="0,0" hai="5,7,45,48,55" m="4713,34823,43529" machi="55" ten="30,2000,0" yaku="15,1,54,1" doraHai="103" who="0" fromWho="2" sc="213,20,273,0,286,-20,228,0" /><INIT seed="7,0,0,3,4,106" ten="233,273,266,228" oya="3" hai0="53,0,51,68,73,74,11,127,100,81,26,25,46" hai1="5,7,43,60,91,123,57,102,129,70,10,37,78" hai2="128,113,76,30,85,105,103,18,12,90,116,131,125" hai3="121,97,65,59,41,49,114,50,86,108,52,77,107"/><W42/><G121/><T33/><D68/><U130/><E123/><V93/><F116/><W101/><G114/><T104/><D81/><U83/><E70/><V64/><F113/><W1/><G1/><T66/><D66/><U89/><E102/><V31/><F64/><W22/><G108/><T110/><D110/><U135/><E135/><V79/><F125/><W71/><G49/><T38/><D38/><U112/><E112/><V88/><F90/><W8/><G8/><T92/><D104/><U132/><E132/><V47/><F47/><W122/><G122/><T24/><D33/><U40/><E7/><V119/><F103/><W19/><G86/><T111/><D111/><U126/><E126/><V4/><F4/><W75/><G75/><T16/><D127/><U35/><E35/><V55/><F55/><W3/><G77/><N who="2" m="29769" /><F105/><W13/><REACH who="3" step="1"/><G3/><REACH who="3" ten="233,273,266,218" step="2"/><T2/><D2/><U63/><E78/><V48/><F48/><W54/><G54/><T20/><D0/><U17/><E10/><N who="2" m="6423" /><F119/><W28/><G28/><T95/><D11/><U115/><E115/><V44/><F31/><W118/><G118/><T62/><D74/><U96/><E37/><V82/><F30/><W98/><G98/><N who="0" m="59463" /><D73/><U133/><E96/><V67/><F85/><W34/><G34/><T94/><D62/><AGARI ba="0,1" hai="13,19,22,41,42,50,52,59,62,65,71,97,101,107" machi="62" ten="40,3900,0" yaku="1,1,54,1,53,0" doraHai="106" doraHaiUra="84" who="3" fromWho="0" sc="233,-39,273,0,266,0,218,49" /><INIT seed="7,1,0,1,2,6" ten="194,273,266,267" oya="3" hai0="33,20,19,46,105,81,14,127,40,115,132,69,88" hai1="82,99,103,95,7,96,94,70,1,54,116,102,0" hai2="37,24,117,27,111,61,43,31,58,47,91,109,126" hai3="93,23,25,4,2,21,79,39,76,51,131,130,135"/><W125/><G39/><T120/><D120/><U9/><E70/><V84/><F117/><W13/><G2/><T65/><D105/><U112/><E112/><V44/><F44/><W48/><G125/><T64/><D127/><U10/><E54/><V12/><F12/><W75/><G93/><T22/><D33/><U92/><E82/><V57/><F27/><W30/><G135/><T3/><D132/><U26/><E26/><V15/><F15/><W108/><G108/><T87/><D115/><U63/><E63/><V17/><F17/><W78/><G75/><T129/><D3/><N who="1" m="1099" /><E7/><V104/><F104/><W77/><G77/><T50/><D129/><N who="3" m="49161" /><G23/><T114/><D114/><U101/><E116/><V118/><F118/><W72/><G72/><T80/><D69/><U86/><E86/><V123/><F58/><W97/><G97/><AGARI ba="1,0" hai="9,10,92,94,95,96,97,99,101,102,103" m="1099" machi="97" ten="40,8000,1" yaku="28,2,52,2" doraHai="6" who="1" fromWho="3" sc="194,0,273,83,266,0,267,-83" owari="194,-20.6,356,45.6,266,6.6,184,-31.6" /></mjloggm>