<mjloggm ver="2.3"><GO type="225" lobby="0"/><UN n0="%E3%82%A2%E3%83%8A%E3%83%BC%E3%81%8D%E3%83%BC" n1="%E3%81%A9%E3%82%93%E3%82%88%E3%81%8F%4D%6B%2E%32" n2="%E6%A1%9C%E8%8A%B1%E9%96%83%E3%80%85" n3="%E3%81%B2%E3%81%AA%E3%81%AE%E3%82%8A%E3%81%8F" dan="16,16,17,17" rate="2082.13,2212.42,2116.67,2184.98" sx="M,M,M,M"/><TAIKYOKU oya="0"/><INIT seed="0,0,0,5,2,134" ten="250,250,250,250" oya="0" hai0="19,128,70,80,13,5,121,118,16,75,50,2,36" hai1="32,10,23,63,76,41,25,58,52,105,116,54,125" hai2="87,77,130,8,37,84,90,120,48,115,51,95,112" hai3="46,27,104,31,20,91,53,133,55,34,108,127,45"/><T124/><D118/><U131/><E116/><V109/><F37/><W82/><G133/><T86/><D121/><U99/><E32/><V38/><F38/><W24/><G104/><T92/><D36/><U68/><E68/><V126/><F120/><W85/><G108/><T0/><D75/><U83/><E131/><V62/><F109/><W73/><G73/><T35/><D35/><U135/><E41/><V43/><F130/><W132/><G132/><T107/><D107/><U106/><E135/><V30/><F30/><W81/><G81/><T96/><D70/><U1/><E54/><V60/><F8/><W88/><G91/><T101/><D128/><U29/><E99/><V64/><F43/><W14/><G14/><T26/><D26/><U11/><E11/><V117/><F77/><W98/><G98/><T97/><D96/><U129/><E129/><V6/><F6/><W28/><REACH who="3" step="1"/><G127/><REACH who="3" ten="250,250,250,240" step="2"/><T21/><D124/><U49/><E125/><V111/><F111/><W123/><G123/><T78/><D2/><U4/><REACH who="1" step="1"/><E63/><REACH who="1" ten="250,240,250,240" step="2"/><V93/><F126/><W59/><G59/><T3/><D97/><U71/><E71/><V89/><F117/><W94/><G94/><T74/><D92/><U110/><E110/><V9/><F9/><W122/><G122/><T113/><D0/><U102/><E102/><V103/><F103/><W40/><G40/><T18/><D3/><U33/><E33/><V44/><F44/><AGARI ba="0,2" hai="20,24,27,28,31,34,44,45,46,53,55,82,85,88" machi="44" ten="40,2600,0" yaku="1,1,54,1,53,0" doraHai="134" doraHaiUra="61" who="3" fromWho="2" sc="250,0,240,0,250,-26,240,46" /><INIT seed="1,0,0,2,2,96" ten="250,240,224,286" oya="1" hai0="134,107,78,33,131,92,14,60,8,55,113,0,83" hai1="127,63,75,70,87,48,112,40,53,81,77,117,54" hai2="129,23,62,37,28,89,135,18,122,69,58,98,11" hai3="45,56,38,102,74,25,95,2,52,130,7,88,72"/><U21/><E117/><V50/><F122/><W91/><G130/><T16/><D131/><U67/><E112/><V32/><F37/><W68/><G68/><T64/><D107/><U10/><E127/><V123/><F123/><W27/><G102/><T57/><D113/><U100/><E21/><V76/><F135/><W105/><G105/><T24/><D134/><U106/><E10/><V93/><F69/><W9/><G91/><T3/><D92/><U110/><E110/><V132/><F32/><W34/><G45/><T90/><D90/><U51/><E40/><V65/><F129/><W126/><G38/><T101/><D101/><U133/><E133/><V103/><F76/><W12/><G2/><T30/><REACH who="0" step="1"/><D64/><REACH who="0" ten="240,240,224,286" step="2"/><U5/><E106/><V6/><F89/><W85/><G126/><T97/><D97/><U111/><E100/><V94/><F94/><W80/><G95/><T29/><D29/><U120/><E67/><V1/><F132/><W15/><G34/><T124/><D124/><U39/><E120/><V35/><F35/><W31/><G31/><T42/><D42/><U19/><E111/><V114/><F114/><W121/><G121/><T43/><D43/><U73/><E54/><V59/><F28/><W36/><G36/><T22/><D22/><U108/><E39/><V4/><F23/><W49/><REACH who="3" step="1"/><G15/><REACH who="3" ten="240,240,224,276" step="2"/><T86/><AGARI ba="0,2" hai="0,3,8,14,16,24,30,33,55,57,60,78,83,86" machi="86" ten="20,5200,0" yaku="1,1,0,1,7,1,54,1,53,0" doraHai="96" doraHaiUra="47" who="0" fromWho="0" sc="240,72,240,-26,224,-13,276,-13" /><INIT seed="2,0,0,2,0,20" ten="312,214,211,263" oya="2" hai0="96,3,72,108,76,59,44,84,80,30,83,47,19" hai1="7,49,93,68,36,25,63,38,51,129,98,22,104" hai2="56,120,4,112,45,125,37,82,121,31,0,26,34" hai3="32,14,81,2,102,95,75,86,11,91,109,128,48"/><V124/><F56/><W90/><G2/><T35/><D108/><U119/><E119/><V5/><F82/><W15/><G109/><T12/><D3/><U50/><E104/><V122/><F112/><W132/><G32/><T64/><D96/><U69/><E7/><V135/><F135/><W92/><G132/><T17/><D17/><U107/><E107/><V131/><F131/><W62/><G75/><T57/><D30/><U18/><E129/><V54/><F54/><W60/><G102/><T10/><D35/><U79/><E79/><V39/><F5/><W24/><G128/><T55/><D64/><U28/><E28/><V97/><F97/><W33/><G81/><T65/><D65/><U114/><E114/><V53/><F53/><W71/><G71/><T21/><D21/><U87/><E87/><V70/><F70/><W6/><G48/><N who="0" m="29063" /><D47/><U106/><E106/><V1/><F1/><W123/><G123/><T133/><D133/><U9/><E9/><N who="2" m="2183" /><F45/><W13/><G62/><T78/><D78/><U29/><E29/><V16/><F16/><W118/><G60/><T103/><D103/><U88/><REACH who="1" step="1"/><E69/><REACH who="1" ten="312,204,211,263" step="2"/><V101/><F101/><W130/><G130/><T105/><D105/><U99/><E99/><V41/><F41/><W52/><G6/><T23/><D76/><U40/><E40/><V100/><F100/><W116/><G86/><T67/><D84/><U73/><E73/><V127/><AGARI ba="0,1" hai="26,31,34,37,39,120,121,122,124,125,127" m="2183" machi="127" ten="40,7800,0" yaku="18,1,23,1,52,1" doraHai="20" who="2" fromWho="2" sc="312,-26,204,-26,211,88,263,-26" /><INIT seed="2,1,0,3,1,120" ten="286,178,299,237" oya="2" hai0="104,103,79,125,110,67,38,1,39,31,89,117,129" hai1="128,72,28,81,126,26,65,17,7,27,78,48,122" hai2="14,83,42,34,109,0,45,135,8,22,13,10,63" hai3="93,105,37,119,86,124,80,60,71,77,30,75,87"/><V116/><F116/><W44/><G119/><T47/><D89/><U69/><E122/><V41/><F135/><W51/><G37/><T64/><D103/><U85/><E126/><V43/><F34/><W24/><G105/><T99/><D99/><U118/><E118/><V66/><F0/><W4/><G4/><T98/><D98/><U11/><E128/><V20/><F83/><W108/><G124/><T29/><D79/><BYE who="0" /><U25/><E28/><V49/><F109/><UN n0="%E3%82%A2%E3%83%8A%E3%83%BC%E3%81%8D%E3%83%BC" /><W36/><G36/><T18/><D104/><U56/><E69/><V61/><F10/><W91/><G71/><T114/><D38/><U132/><E132/><V90/><F90/><W50/><G60/><N who="2" m="23113" /><F66/><W16/><G108/><T130/><D67/><U70/><E70/><V88/><F88/><W68/><G68/><T73/><D64/><U102/><E102/><V74/><F74/><W95/><G95/><T107/><D73/><U123/><E123/><V121/><F14/><W52/><G51/><T19/><D130/><U32/><E32/><V40/><F121/><W82/><G82/><T2/><D129/><U62/><E48/><V84/><F84/><N who="3" m="52455" /><G75/><T21/><D2/><U127/><E127/><V111/><F111/><W55/><G87/><T57/><D110/><U6/><REACH who="1" step="1"/><E72/><REACH who="1" ten="286,168,299,237" step="2"/><V9/><F49/><W12/><G30/><T97/><D29/><U5/><E5/><V96/><F40/><N who="3" m="24839" /><G24/><T113/><D125/><U106/><E106/><V58/><F41/><W59/><G59/><T115/><D57/><U94/><E94/><V101/><F58/><W112/><G112/><T35/><D115/><RYUUKYOKU ba="1,1" sc="286,-15,168,15,299,-15,237,15" hai1="6,7,11,17,25,26,27,56,62,65,78,81,85" hai3="12,16,52,55,77,80,86" /><INIT seed="3,2,1,3,1,69" ten="271,183,284,252" oya="3" hai0="48,100,24,54,90,41,103,58,20,126,30,2,88" hai1="135,102,21,56,32,47,27,45,23,59,74,72,121" hai2="33,127,128,15,52,132,134,37,3,113,65,82,116" hai3="91,124,125,89,80,7,94,10,1,70,36,68,130"/><W53/><G130/><T104/><D2/><U67/><E32/><V85/><F37/><W98/><G36/><T55/><D126/><N who="3" m="48745" /><G53/><N who="0" m="32039" /><D104/><U86/><E121/><V107/><F113/><W63/><G63/><T122/><D122/><U0/><E0/><V93/><F116/><W8/><G8/><T50/><D41/><U111/><E102/><N who="0" m="38953" /><D54/><U87/><E27/><V22/><F52/><W76/><G89/><T6/><D6/><U123/><E123/><V39/><F39/><W26/><G26/><T131/><D131/><U114/><E114/><V49/><F128/><W120/><G120/><T28/><D28/><U96/><E96/><V16/><F49/><W25/><G25/><T110/><D110/><U4/><E4/><V66/><F127/><W40/><G40/><T84/><D84/><AGARI ba="2,1" hai="1,7,10,68,70,76,80,84,91,94,98" m="48745" machi="84" ten="30,1500,0" yaku="18,1" doraHai="69" who="3" fromWho="0" sc="271,-21,183,0,284,0,252,31" /><INIT seed="3,3,0,2,5,39" ten="250,183,284,283" oya="3" hai0="128,77,89,96,113,34,95,121,58,122,87,18,48" hai1="33,17,14,114,1,125,0,112,68,11,40,101,81" hai2="107,116,44,124,45,21,134,42,69,130,36,84,126" hai3="72,22,51,37,67,24,108,60,88,92,132,117,43"/><W3/><G117/><T110/><D34/><U15/><E68/><V12/><F130/><W104/><G37/><T94/><D128/><U35/><E101/><V26/><F134/><W29/><G72/><T71/><D71/><U30/><E81/><V4/><F107/><W127/><G132/><T82/><D110/><U98/><E98/><V99/><F69/><W65/><G3/><N who="1" m="1098" /><E40/><V56/><F99/><W109/><G104/><T106/><D113/><N who="1" m="43627" /><E125/><V75/><F84/><N who="3" m="52231" /><G60/><T66/><D106/><U2/><N who="1" m="1106" /><U47/><DORA hai="13" /><E47/><V9/><F45/><N who="3" m="26047" /><G127/><T27/><D95/><U41/><E41/><V100/><F124/><W119/><G119/><T74/><D74/><U86/><E86/><V91/><F126/><W62/><G62/><T90/><D77/><U20/><E30/><V10/><F116/><W8/><G109/><T97/><D97/><U123/><E123/><V55/><F75/><W16/><G108/><T46/><D66/><U6/><AGARI ba="3,0" hai="6,11,14,15,17,20,33,35" m="43627,1106" machi="6" ten="50,6400,0" yaku="34,2,52,1" doraHai="39,13" who="1" fromWho="1" sc="250,-19,183,73,284,-19,283,-35" /><INIT seed="4,0,0,0,4,83" ten="231,256,265,248" oya="0" hai0="32,126,41,118,121,95,17,90,81,10,72,86,52" hai1="23,85,110,88,100,13,82,30,123,133,125,78,76" hai2="61,128,75,47,73,124,77,31,79,57,120,26,70" hai3="107,34,89,29,131,102,15,122,19,84,27,48,114"/><T103/><D118/><U105/><E110/><V33/><F120/><W112/><G122/><T54/><D121/><U60/><E123/><V1/><F124/><W18/><G131/><T62/><D126/><U68/><E125/><V56/><F1/><W46/><G107/><T106/><D32/><U36/><E36/><V24/><F70/><W53/><G102/><T119/><D119/><U3/><E3/><V109/><F47/><W59/><G59/><T39/><D62/><U64/><E133/><V132/><F109/><W42/><G42/><T63/><D63/><U50/><E50/><V14/><F14/><W108/><G108/><T22/><D10/><U74/><E74/><V117/><F117/><W4/><G4/><T51/><D39/><U58/><E68/><V99/><F99/><W21/><REACH who="3" step="1"/><G18/><REACH who="3" ten="231,256,265,238" step="2"/><T116/><D116/><U93/><E105/><V97/><F57/><W35/><G35/><T69/><D69/><U8/><E100/><V113/><F56/><W104/><G104/><T5/><D5/><N who="1" m="3215" /><E93/><AGARI ba="0,1" hai="15,19,21,27,29,34,46,48,53,84,89,93,112,114" machi="93" ten="40,5200,0" yaku="1,1,52,1,53,1" doraHai="83" doraHaiUra="16" who="3" fromWho="1" sc="231,0,256,-52,265,0,238,62" owari="231,-16.9,204,-29.6,265,6.5,300,40.0" /></mjloggm>