<mjloggm ver="2.3"><GO type="225" lobby="0"/><UN n0="%E3%81%BF%E3%81%BF%E3%81%9A" n1="%33%74%72%65%65" n2="%E5%8F%AF%E5%85%90%E9%82%A3%E7%94%B1%E5%A4%9A" n3="%E3%83%B4%E3%83%A0%EF%BC%99%E3%81%A6" dan="16,16,17,17" rate="2134.75,2152.46,2229.42,2119.42" sx="M,F,F,M"/><TAIKYOKU oya="0"/><INIT seed="0,0,0,4,1,20" ten="250,250,250,250" oya="0" hai0="121,41,102,49,86,77,60,73,132,125,24,9,40" hai1="70,122,17,59,88,109,58,90,15,131,44,78,69" hai2="46,115,8,128,62,61,124,134,107,65,43,79,96" hai3="64,89,4,53,123,48,84,47,26,127,104,114,135"/><T56/><D121/><U25/><E122/><V72/><F115/><W110/><G123/><T32/><D73/><U37/><E109/><V38/><F124/><W55/><G114/><T21/><D125/><U3/><E3/><V66/><F128/><W101/><G127/><T27/><D32/><U22/><E131/><V2/><F134/><W92/><G110/><T81/><D132/><U130/><E130/><V93/><F107/><W45/><G135/><T133/><D133/><U18/><E78/><V82/><F65/><W80/><G64/><T83/><D102/><U12/><E37/><V14/><F66/><W113/><G4/><T108/><D108/><U126/><E126/><V54/><F54/><W51/><G113/><T76/><D9/><U94/><E44/><V35/><F35/><W129/><G129/><T112/><D112/><U68/><E90/><V100/><REACH who="2" step="1"/><F14/><REACH who="2" ten="250,250,240,250" step="2"/><W85/><G104/><T39/><D41/><U34/><E34/><V50/><F50/><W57/><G57/><T91/><D39/><U103/><E12/><V98/><F98/><N who="3" m="59591" /><G84/><N who="0" m="50575" /><D60/><U42/><E42/><V63/><F63/><W19/><G48/><T99/><D56/><U105/><E105/><V116/><F116/><W7/><G53/><T74/><D49/><U10/><REACH who="1" step="1"/><E103/><REACH who="1" ten="250,240,240,250" step="2"/><V111/><F111/><W29/><G47/><T95/><D40/><U6/><E6/><AGARI ba="0,2" hai="2,6,8,38,43,46,61,62,72,79,82,93,96,100" machi="6" ten="40,8000,1" yaku="1,1,25,2,53,1" doraHai="20" doraHaiUra="36" who="2" fromWho="1" sc="250,0,240,-80,240,100,250,0" /><INIT seed="1,0,0,4,5,111" ten="250,160,340,250" oya="1" hai0="10,116,58,98,81,57,0,95,71,107,2,26,84" hai1="97,135,131,4,68,16,124,13,113,56,92,42,67" hai2="101,54,121,100,1,66,11,128,6,47,76,132,24" hai3="119,117,125,102,48,9,46,86,55,106,127,15,14"/><U37/><E113/><V60/><F121/><W8/><G86/><T94/><D116/><N who="3" m="44617" /><G102/><T87/><D71/><U134/><E124/><N who="3" m="47690" /><G106/><T34/><D107/><U17/><E131/><V93/><F128/><W104/><G104/><T126/><D126/><U64/><E68/><V69/><F76/><W80/><G80/><T53/><D10/><AGARI ba="0,0" hai="8,9,10,14,15,46,48,55" m="47690,44617" machi="10" ten="30,2000,0" yaku="12,1,18,1" doraHai="111" who="3" fromWho="0" sc="250,-20,160,0,340,0,250,20" /><INIT seed="2,0,0,2,2,53" ten="230,160,340,270" oya="2" hai0="55,87,18,119,135,124,11,94,37,9,64,4,125" hai1="41,20,68,95,57,114,47,54,32,123,92,82,127" hai2="19,112,133,5,48,69,98,38,14,74,81,93,89" hai3="102,58,8,12,83,96,108,99,77,28,34,129,71"/><V50/><F112/><W0/><G71/><T45/><D64/><U118/><E118/><V22/><F38/><W51/><G0/><T109/><D109/><U2/><E114/><V56/><F69/><W97/><G108/><T24/><D119/><U91/><E32/><V78/><F133/><W107/><G129/><T3/><D135/><U26/><E68/><V126/><F126/><W67/><G28/><T88/><D24/><U111/><E2/><V16/><F5/><W46/><G34/><T65/><D65/><U110/><E127/><N who="0" m="48713" /><D18/><U76/><E123/><V100/><F56/><W104/><G104/><T116/><D11/><U117/><E117/><V36/><F36/><W113/><G113/><T30/><D30/><N who="1" m="17735" /><E111/><V115/><F115/><W52/><G67/><T40/><D55/><U31/><E31/><V85/><REACH who="2" step="1"/><F19/><REACH who="2" ten="230,160,330,270" step="2"/><W39/><G39/><T66/><D116/><U35/><E110/><V121/><F121/><W29/><G46/><N who="0" m="23823" /><D66/><U103/><E47/><AGARI ba="0,1" hai="3,4,9,45,47,87,88,94" m="23823,48713" machi="47" ten="30,2000,0" yaku="18,1,54,1" doraHai="53" who="0" fromWho="1" sc="230,30,160,-20,330,0,270,0" /><INIT seed="3,0,0,5,3,75" ten="260,140,330,270" oya="3" hai0="32,104,63,85,111,0,89,109,18,19,115,55,35" hai1="51,62,23,97,95,118,113,33,29,86,24,6,96" hai2="7,2,12,69,71,27,53,116,128,125,60,131,91" hai3="44,98,99,4,107,1,58,101,122,11,129,65,31"/><W40/><G122/><T78/><D104/><U133/><E113/><V48/><F116/><W38/><G129/><N who="2" m="49737" /><F125/><W82/><G31/><T102/><D102/><U108/><E118/><V66/><F2/><W68/><G98/><T130/><D0/><U100/><E108/><N who="0" m="41545" /><D78/><U70/><E133/><V56/><F27/><W22/><G22/><T87/><D130/><U52/><E6/><V28/><F28/><W105/><G58/><N who="0" m="35295" /><D85/><U126/><E126/><V81/><F81/><W88/><G105/><T8/><D115/><U14/><E14/><V13/><F91/><W45/><G45/><T20/><D8/><U84/><E23/><V54/><F71/><W37/><G37/><T50/><D50/><U41/><E96/><V112/><F112/><W92/><G82/><N who="0" m="49399" /><D18/><U30/><E30/><V123/><F123/><W49/><G49/><T57/><D57/><U61/><E70/><V93/><F93/><W106/><REACH who="3" step="1"/><G101/><REACH who="3" ten="260,140,330,260" step="2"/><T34/><D35/><U110/><E110/><V25/><F25/><AGARI ba="0,1" hai="19,20,25,32,34" m="49399,35295,41545" machi="25" ten="30,1000,0" yaku="14,1" doraHai="75" who="0" fromWho="2" sc="260,20,140,0,330,-10,260,0" owari="280,8.0,140,-36.0,320,42.0,260,-14.0" /></mjloggm>