<mjloggm ver="2.3"><GO type="225" lobby="0"/><UN n0="%E9%80%86%E9%80%A3%E5%B8%AF%E3%81%AE%E9%AC%BC" n1="%E6%80%AA%E3%81%97%E3%81%99%E3%81%8E%E3%82%8B%E3%83%81%E3%83%BC" n2="%70%65%6E%74%6F%6C%61" n3="%E7%9C%9F%E4%B8%80" dan="16,16,16,16" rate="2151.15,2085.63,2111.32,2168.66" sx="M,M,M,M"/><TAIKYOKU oya="0"/><INIT seed="0,0,0,4,5,92" ten="250,250,250,250" oya="0" hai0="31,130,39,56,112,65,53,91,51,6,10,15,28" hai1="114,34,45,84,89,123,67,37,50,122,59,109,116" hai2="24,95,94,2,111,72,27,113,86,9,99,11,8" hai3="60,108,127,117,132,120,101,36,110,97,73,64,38"/><T82/><D130/><U107/><E116/><V1/><F72/><W90/><G117/><T93/><D112/><U77/><E107/><V68/><F68/><W70/><G132/><T47/><D82/><U121/><E34/><V128/><F113/><W57/><G127/><T52/><D65/><U13/><E114/><V63/><F128/><W126/><G126/><T29/><D39/><U12/><E37/><V66/><F2/><W33/><G90/><T75/><D75/><U96/><E109/><N who="3" m="42090" /><G57/><T4/><D4/><U16/><E77/><V80/><F1/><W32/><G73/><T78/><D78/><U30/><E30/><V129/><F95/><N who="3" m="58559" /><G120/><T55/><REACH who="0" step="1"/><D56/><REACH who="0" ten="240,250,250,250" step="2"/><U125/><E59/><N who="2" m="37247" /><F111/><W7/><G7/><T43/><D43/><U88/><E67/><V35/><F129/><W21/><G36/><T100/><D100/><U5/><E125/><V58/><F58/><W20/><G38/><T118/><D118/><U54/><E5/><V74/><F74/><W131/><G131/><T46/><D46/><U104/><E45/><V40/><F40/><W44/><G44/><T81/><D81/><U19/><E121/><V124/><F124/><W61/><G60/><T0/><D0/><U135/><E122/><V22/><F80/><W3/><G3/><T18/><D18/><U119/><E16/><V133/><F133/><W14/><G61/><T69/><D69/><U79/><E135/><V42/><F42/><W76/><G64/><T41/><D41/><U17/><E19/><V115/><F115/><W134/><G70/><T87/><AGARI ba="0,1" hai="6,10,15,28,29,31,47,51,52,53,55,87,91,93" machi="87" ten="30,18000,2" yaku="1,1,0,1,8,1,54,1,53,3" doraHai="92" doraHaiUra="48" who="0" fromWho="0" sc="240,190,250,-60,250,-60,250,-60" /><INIT seed="0,1,0,0,3,129" ten="430,190,190,190" oya="0" hai0="39,17,16,47,8,56,40,103,38,117,41,81,84" hai1="107,116,75,9,121,54,96,74,34,29,123,36,4" hai2="26,125,59,95,66,106,83,27,61,13,85,87,76" hai3="60,119,46,109,110,45,118,128,70,133,102,14,88"/><T65/><D117/><N who="3" m="44553" /><G102/><T49/><D103/><N who="1" m="62951" /><E54/><V19/><F106/><W2/><G2/><T99/><D99/><U3/><E36/><V104/><F125/><W12/><G128/><T97/><D97/><U86/><E86/><V23/><REACH who="2" step="1"/><F104/><REACH who="2" ten="430,190,180,190" step="2"/><W51/><G110/><T64/><D39/><U22/><E116/><V21/><F21/><W92/><G109/><T63/><D38/><U69/><E22/><V124/><F124/><W82/><G51/><T105/><D105/><U25/><E69/><V10/><F10/><W78/><G70/><T91/><D41/><U100/><E100/><V122/><F122/><AGARI ba="1,1" hai="3,4,9,25,29,34,74,75,121,122,123" m="62951" machi="122" ten="30,1000,0" yaku="23,1" doraHai="129" who="1" fromWho="2" sc="430,0,190,23,180,-13,190,0" /><INIT seed="1,0,0,0,0,38" ten="430,213,167,190" oya="1" hai0="129,35,91,110,106,15,20,111,84,122,28,50,64" hai1="116,103,2,120,78,21,9,67,97,36,68,79,82" hai2="113,52,11,29,14,119,94,34,16,75,63,114,90" hai3="135,99,117,26,65,69,43,53,19,4,105,121,95"/><U125/><E116/><V62/><F75/><W88/><G121/><T57/><D122/><U115/><E120/><V22/><F34/><W83/><G135/><T134/><D134/><U7/><E115/><N who="2" m="44043" /><F119/><W101/><G117/><T130/><D106/><U77/><E125/><V131/><F131/><W133/><G133/><T3/><D3/><U32/><E36/><V71/><F71/><W128/><G128/><T25/><D130/><U61/><E32/><V74/><F74/><W59/><G4/><T48/><D129/><U30/><E21/><V56/><F29/><W55/><G69/><T118/><D118/><U60/><E60/><N who="2" m="35847" /><F11/><W47/><G83/><T45/><D35/><U1/><E30/><V96/><AGARI ba="0,0" hai="14,16,22,62,63,90,94,96" m="35847,44043" machi="96" ten="30,4000,0" yaku="11,1,54,2" doraHai="38" who="2" fromWho="2" sc="430,-10,213,-20,167,40,190,-10" /><INIT seed="2,0,0,1,1,41" ten="420,193,207,180" oya="2" hai0="120,95,59,89,44,62,68,127,40,85,91,126,104" hai1="5,128,77,31,106,32,78,58,48,71,24,63,52" hai2="30,9,124,55,14,46,20,8,122,0,92,6,103" hai3="113,11,87,82,25,67,114,105,17,26,101,43,99"/><V134/><F122/><W4/><G67/><T129/><D120/><U102/><E128/><V21/><F124/><W13/><G43/><T119/><D129/><U34/><E5/><V3/><F134/><W1/><G114/><T84/><D104/><U23/><E32/><V109/><F109/><W56/><G56/><T66/><D119/><U19/><E71/><V73/><F73/><W98/><G98/><T37/><REACH who="0" step="1"/><D68/><REACH who="0" ten="410,193,207,180" step="2"/><U131/><E131/><V42/><F0/><W130/><G113/><T39/><D39/><U64/><E106/><V80/><F3/><W94/><G130/><T29/><D29/><U65/><E31/><V81/><F30/><W123/><G105/><T132/><D132/><U28/><E28/><V74/><F9/><W107/><G107/><T90/><D90/><U96/><E34/><V135/><F135/><W61/><G123/><T54/><D54/><U47/><E102/><V38/><F55/><W69/><G69/><T116/><D116/><U133/><E133/><V70/><F70/><W60/><G61/><T50/><D50/><U72/><E65/><V49/><F38/><W53/><G53/><T35/><D35/><U121/><E121/><V100/><F103/><W27/><G60/><T36/><D36/><U45/><E64/><V88/><F100/><W86/><REACH who="3" step="1"/><G82/><AGARI ba="0,1" hai="37,40,44,59,62,66,82,84,85,89,91,95,126,127" machi="82" ten="40,2600,0" yaku="1,1,52,1,53,0" doraHai="41" doraHaiUra="16" who="0" fromWho="3" sc="410,36,193,0,207,0,180,-26" /><INIT seed="3,0,0,5,3,73" ten="446,193,207,154" oya="3" hai0="59,127,123,130,18,0,109,125,5,17,57,76,22" hai1="50,38,27,65,112,62,70,53,6,74,75,21,1" hai2="24,28,63,83,115,13,41,88,121,100,124,43,132" hai3="9,34,58,117,2,116,32,68,16,114,78,14,51"/><W47/><G114/><T26/><D123/><U122/><E122/><V39/><F39/><W131/><G68/><T104/><D109/><U111/><E112/><V133/><F100/><W85/><G2/><T33/><D130/><U56/><E111/><V35/><F121/><W81/><G131/><T118/><D118/><U31/><REACH who="1" step="1"/><E38/><REACH who="1" ten="446,183,207,154" step="2"/><V103/><F115/><W95/><G58/><T84/><D127/><U106/><E106/><V54/><F124/><W96/><G117/><T91/><D104/><U66/><E66/><V60/><F133/><W129/><G116/><T119/><D125/><U55/><E55/><V69/><F54/><W25/><G129/><T99/><D99/><U20/><E20/><V108/><F132/><W23/><G23/><T12/><D18/><U134/><E134/><V79/><F108/><W94/><G25/><T29/><D119/><U7/><E7/><V11/><F69/><W8/><G8/><AGARI ba="0,1" hai="1,6,8,21,27,31,50,53,56,62,65,70,74,75" machi="8" ten="40,2600,0" yaku="1,1,53,1" doraHai="73" doraHaiUra="49" who="1" fromWho="3" sc="446,0,183,36,207,0,154,-26" owari="446,54.6,219,1.9,207,-19.3,128,-37.2" /></mjloggm>