<mjloggm ver="2.3"><GO type="225" lobby="0"/><UN n0="%E3%81%BF%E3%81%BF%E3%81%9A" n1="%E5%AF%82%E5%AF%9E%E3%82%AE%E3%83%8D%E3%82%B9%E3%83%93%E3%83%BC%E3%83%AB" n2="%E6%97%A5%E6%9B%9C%E6%97%A5%E3%82%88%E3%82%8A%E3%81%AE%E4%BD%BF%E8%80%85" n3="%E8%81%B7%E6%A5%AD%E3%80%81%E9%A2%A8%32" dan="17,16,17,16" rate="2187.18,2150.74,2150.51,2154.62" sx="M,M,M,M"/><TAIKYOKU oya="0"/><INIT seed="0,0,0,3,5,28" ten="250,250,250,250" oya="0" hai0="69,25,100,68,4,96,131,7,82,119,85,49,104" hai1="10,106,58,86,31,91,89,34,51,114,13,56,95" hai2="81,41,93,111,118,101,60,16,33,72,14,8,90" hai3="97,43,73,123,36,30,129,135,63,42,37,76,124"/><T127/><D119/><U9/><E114/><V125/><F118/><W50/><G123/><T35/><D131/><U26/><E106/><V11/><F111/><W44/><G129/><T64/><D127/><U24/><E51/><V75/><F125/><W78/><G135/><T21/><D49/><U103/><E103/><V55/><F33/><W115/><G115/><T23/><D23/><U61/><E24/><V74/><F41/><W70/><G124/><T94/><D94/><U67/><E56/><V105/><F105/><W132/><G132/><T98/><D98/><U109/><E109/><V57/><F101/><W29/><G97/><T62/><D68/><U3/><E3/><V65/><F65/><W20/><G70/><T46/><D46/><U128/><E128/><V116/><F116/><W121/><G63/><T83/><D83/><U79/><E79/><V117/><F117/><W107/><G107/><T2/><D2/><U108/><E108/><V134/><F134/><W126/><G126/><T87/><D87/><U110/><E110/><V99/><REACH who="2" step="1"/><F8/><REACH who="2" ten="250,250,240,250" step="2"/><W1/><G43/><T113/><D113/><U15/><E9/><V45/><F45/><W53/><G44/><T32/><D32/><U27/><E10/><V77/><AGARI ba="0,1" hai="11,14,16,55,57,60,72,74,75,77,81,90,93,99" machi="77" ten="30,4000,0" yaku="1,1,0,1,54,1,53,0" doraHai="28" doraHaiUra="102" who="2" fromWho="2" sc="250,-20,250,-10,240,50,250,-10" /><INIT seed="1,0,0,5,2,79" ten="230,240,290,240" oya="1" hai0="39,31,125,32,73,51,97,50,18,45,43,3,96" hai1="95,68,127,8,101,133,57,77,111,47,38,80,48" hai2="11,37,41,30,46,33,100,63,89,85,124,129,36" hai3="27,1,60,118,26,132,53,94,59,19,134,135,107"/><U76/><E133/><V105/><F124/><W24/><G107/><T91/><D73/><U4/><E127/><V13/><F129/><W83/><G1/><T65/><D125/><U84/><E68/><V78/><F78/><W99/><G118/><T10/><D65/><U112/><E112/><V25/><F63/><W54/><G83/><T114/><D114/><U109/><E57/><V14/><F37/><W58/><G19/><T75/><D75/><U42/><E76/><V66/><F66/><N who="3" m="39191" /><G59/><T28/><D32/><U56/><E56/><V88/><F85/><W67/><G67/><T92/><D39/><U49/><E49/><V16/><REACH who="2" step="1"/><F14/><REACH who="2" ten="230,240,280,240" step="2"/><W44/><G44/><N who="0" m="25887" /><D3/><U72/><E38/><V9/><F9/><W17/><G17/><T90/><D10/><U64/><E72/><V29/><F29/><W62/><G62/><T86/><D18/><U98/><REACH who="1" step="1"/><E64/><REACH who="1" ten="230,230,280,240" step="2"/><V122/><F122/><W82/><G135/><T70/><D51/><U126/><E126/><V110/><F110/><W121/><G134/><T7/><D45/><U35/><E35/><V69/><F69/><W102/><G132/><T5/><D70/><U106/><E106/><V55/><F55/><W34/><G34/><T128/><D128/><U2/><AGARI ba="0,2" hai="2,4,8,42,47,48,77,80,84,95,98,101,109,111" machi="2" ten="30,11700,0" yaku="1,1,0,1,52,1,53,1" doraHai="79" doraHaiUra="6" who="1" fromWho="1" sc="230,-39,230,137,280,-39,240,-39" /><INIT seed="1,1,0,5,5,47" ten="191,367,241,201" oya="1" hai0="27,14,129,33,123,96,128,118,38,15,55,132,80" hai1="115,39,1,126,30,63,98,121,12,18,117,50,11" hai2="41,99,13,95,7,93,113,116,119,25,91,131,43" hai3="94,84,125,81,57,6,9,87,49,110,92,24,72"/><U56/><E39/><V90/><F131/><N who="0" m="50250" /><D118/><U67/><E121/><V127/><F127/><W64/><G125/><T68/><D123/><U75/><E126/><V0/><F0/><W54/><G110/><T29/><D132/><U70/><E115/><V76/><F76/><W79/><G24/><T105/><D38/><U100/><E75/><V16/><F113/><W42/><G42/><T28/><D28/><U133/><E133/><V101/><F101/><W86/><REACH who="3" step="1"/><G64/><REACH who="3" ten="191,367,241,191" step="2"/><T78/><D68/><U8/><E70/><V59/><F119/><W106/><G106/><T83/><D55/><U20/><E117/><V51/><F116/><W5/><G5/><T103/><D83/><U107/><E30/><V36/><F25/><W32/><G32/><T85/><AGARI ba="1,1" hai="14,15,27,29,33,78,80,85,96,103,105" m="50250" machi="85" ten="30,1100,0" yaku="19,1" doraHai="47" who="0" fromWho="0" sc="191,24,367,-6,241,-4,191,-4" /><INIT seed="2,0,0,4,4,22" ten="215,361,237,187" oya="2" hai0="72,124,64,0,11,122,58,115,32,79,5,28,114" hai1="26,106,130,62,107,99,60,81,40,128,95,8,34" hai2="117,44,38,18,25,52,84,94,125,42,47,113,80" hai3="27,19,104,4,57,12,66,2,43,76,133,103,16"/><V70/><F113/><W127/><G133/><T65/><D65/><U85/><E40/><V31/><F117/><W88/><G127/><T49/><D49/><U55/><E8/><V126/><F70/><W75/><G75/><T86/><D86/><U97/><E34/><V20/><F94/><W129/><G129/><N who="1" m="49770" /><E26/><V51/><REACH who="2" step="1"/><F31/><REACH who="2" ten="215,361,227,187" step="2"/><W123/><G104/><T109/><D28/><U105/><E95/><V35/><F35/><W93/><G123/><T121/><D32/><U90/><E62/><V67/><F67/><W91/><G66/><T59/><D64/><U7/><E7/><V10/><F10/><N who="3" m="6167" /><G4/><T69/><D69/><U100/><E99/><V135/><F135/><W21/><G2/><T116/><D116/><U112/><E112/><V48/><F48/><W53/><G43/><T56/><D114/><U74/><E74/><V73/><F73/><W13/><G13/><T39/><D115/><U6/><E6/><V108/><F108/><W29/><G29/><T41/><D109/><U71/><E71/><V110/><F110/><W14/><G14/><T111/><D111/><U120/><E120/><V45/><F45/><W3/><G3/><T132/><D132/><U92/><E107/><V89/><AGARI ba="0,1" hai="18,20,25,38,42,44,47,51,52,80,84,89,125,126" machi="89" ten="30,12000,1" yaku="1,1,0,1,52,1,54,1,53,1" doraHai="22" doraHaiUra="17" who="2" fromWho="2" sc="215,-40,361,-40,227,130,187,-40" /><INIT seed="2,1,0,2,4,105" ten="175,321,357,147" oya="2" hai0="127,45,56,33,66,47,40,42,79,58,6,3,24" hai1="67,74,126,20,44,75,85,89,101,57,43,80,46" hai2="52,99,38,21,22,48,65,121,130,23,10,116,12" hai3="115,1,26,104,87,96,39,113,90,120,77,97,92"/><V83/><F116/><W14/><G1/><T69/><D127/><U91/><E126/><V86/><F121/><W111/><G39/><T7/><D79/><U15/><E101/><V118/><F118/><W63/><G120/><T78/><D78/><U8/><E20/><V0/><F130/><W128/><G128/><T108/><D108/><U103/><E103/><V62/><F38/><W27/><G111/><T41/><D69/><U54/><E67/><V50/><F0/><W95/><G63/><T73/><D3/><U71/><E91/><V4/><F99/><W11/><G77/><T51/><D73/><U107/><E107/><V5/><F5/><N who="0" m="1546" /><D24/><U19/><E71/><V84/><F65/><W16/><G104/><T17/><D17/><U123/><E123/><V93/><F93/><W119/><G119/><T132/><D33/><U36/><E46/><N who="0" m="17417" /><D132/><U109/><E109/><V2/><F2/><W134/><G134/><T37/><D37/><U25/><E25/><V28/><F28/><W32/><G32/><T125/><D125/><U76/><E76/><N who="2" m="46183" /><F86/><W117/><G117/><T114/><D114/><N who="3" m="43529" /><G87/><T61/><D56/><AGARI ba="1,0" hai="4,10,12,21,22,23,48,50,52,56,62" m="46183" machi="56" ten="30,2900,0" yaku="8,1,54,1" doraHai="105" who="2" fromWho="0" sc="175,-32,321,0,357,32,147,0" /><INIT seed="2,2,0,5,2,113" ten="143,321,389,147" oya="2" hai0="47,84,110,98,79,114,72,49,11,133,91,17,23" hai1="75,122,118,33,111,0,115,63,69,129,59,44,29" hai2="45,62,16,86,39,99,28,14,90,125,103,37,123" hai3="116,71,78,51,21,26,101,32,97,87,68,117,83"/><V67/><F123/><W109/><G109/><T127/><D114/><U73/><RYUUKYOKU type="yao9" ba="2,0" sc="143,0,321,0,389,0,147,0" hai1="0,29,33,44,59,63,69,73,75,111,115,118,122,129" /><INIT seed="2,3,0,1,1,116" ten="143,321,389,147" oya="2" hai0="97,55,111,13,102,11,58,26,37,47,69,127,123" hai1="114,68,106,132,92,30,96,103,56,91,98,93,83" hai2="3,9,101,48,110,130,66,18,7,38,41,82,100" hai3="32,49,23,125,29,108,61,22,128,62,80,24,0"/><V5/><F38/><W40/><G108/><T118/><D69/><U72/><E68/><V74/><F110/><W25/><G0/><T87/><D111/><U126/><E56/><V129/><F66/><W86/><G128/><N who="2" m="49257" /><F7/><W39/><G39/><T104/><D127/><U81/><E30/><V1/><F1/><W21/><G125/><T121/><D26/><U10/><E10/><V34/><F34/><W117/><G117/><T65/><D118/><U2/><E2/><V57/><F18/><W59/><G25/><T6/><D65/><U42/><E42/><V76/><F57/><W20/><N who="3" m="5120" /><DORA hai="27" /><W78/><REACH who="3" step="1"/><G40/><REACH who="3" ten="143,321,389,137" step="2"/><T90/><D37/><U63/><E126/><V35/><F35/><W134/><G134/><T105/><D47/><AGARI ba="3,1" hai="3,5,9,41,47,48,74,76,82,100,101" m="49257" machi="47" ten="30,1500,0" yaku="19,1" doraHai="116,27" who="2" fromWho="0" sc="143,-24,321,0,389,34,137,0" /><INIT seed="2,4,0,1,1,46" ten="119,321,423,137" oya="2" hai0="81,122,8,57,128,43,48,115,12,25,23,104,26" hai1="47,40,56,67,127,18,117,93,97,134,121,82,17" hai2="15,109,34,60,92,4,80,108,126,3,135,103,35" hai3="64,78,61,75,66,107,71,91,87,7,112,45,68"/><V83/><F3/><W20/><G107/><T29/><D115/><U73/><E117/><V76/><F60/><W85/><G112/><T13/><D122/><U31/><E134/><V2/><F2/><W5/><G75/><T49/><D104/><U69/><E69/><V72/><F83/><N who="3" m="47351" /><G68/><T27/><D128/><U36/><E127/><V14/><F135/><W133/><G71/><T119/><D119/><U33/><E121/><V120/><F120/><W16/><G133/><T24/><D43/><U51/><E73/><V89/><F103/><W86/><G45/><T32/><D81/><U19/><E82/><V74/><F74/><W106/><G106/><T114/><D114/><U130/><E130/><V101/><F101/><W129/><G87/><T59/><D32/><N who="2" m="12330" /><F4/><N who="3" m="1611" /><G61/><T105/><D105/><U54/><E67/><V90/><F126/><W28/><G28/><T96/><D96/><U42/><E42/><V84/><F90/><W132/><G132/><T39/><D39/><U63/><E33/><V52/><F72/><W118/><G118/><T41/><D41/><U110/><E31/><V131/><F131/><W98/><G129/><T94/><D94/><U58/><E58/><N who="0" m="22025" /><D12/><U123/><E123/><V65/><F65/><W10/><G98/><T21/><D21/><U1/><E1/><V44/><F14/><N who="3" m="7255" /><G20/><T62/><D62/><U77/><E63/><V0/><F0/><W124/><G124/><T70/><D70/><U113/><E113/><V6/><F15/><W116/><G116/><T88/><D88/><N who="1" m="55463" /><E77/><V38/><F76/><W95/><AGARI ba="4,0" hai="64,66,86,91,95" m="7255,1611,47351" machi="95" ten="30,2000,0" yaku="8,1,54,1" doraHai="46" who="3" fromWho="3" sc="119,-9,321,-9,423,-14,137,32" /><INIT seed="3,0,0,0,0,8" ten="110,312,409,169" oya="3" hai0="86,85,39,83,50,99,10,6,82,134,1,117,125" hai1="78,29,23,47,105,15,77,33,133,9,129,14,121" hai2="60,67,11,38,19,108,42,101,64,34,74,81,119" hai3="70,76,91,18,51,13,95,124,98,130,41,26,84"/><W58/><G130/><T54/><D117/><U22/><E121/><V110/><F34/><W106/><G124/><T79/><D134/><U27/><E105/><V24/><F101/><W135/><G135/><T71/><D125/><U111/><E133/><V132/><F132/><W62/><G70/><T3/><D39/><U20/><E129/><V131/><F131/><W12/><G106/><T55/><D71/><U4/><E111/><N who="2" m="42539" /><F119/><W61/><G76/><T128/><D128/><U69/><E69/><V94/><F94/><N who="3" m="54631" /><G41/><T96/><D1/><U66/><E66/><V57/><F67/><N who="3" m="39351" /><G62/><T52/><REACH who="0" step="1"/><D50/><REACH who="0" ten="100,312,409,169" step="2"/><U89/><E47/><V107/><F107/><W44/><G51/><T43/><D43/><U36/><E36/><V112/><F42/><W113/><G44/><T7/><D7/><U5/><E89/><AGARI ba="0,1" hai="3,6,10,52,54,55,79,82,83,85,86,89,96,99" machi="89" ten="40,2600,0" yaku="1,1,54,1,53,0" doraHai="8" doraHaiUra="31" who="0" fromWho="1" sc="100,36,312,-26,409,0,169,0" owari="136,-36.4,286,8.6,409,50.9,169,-23.1" /></mjloggm>