<mjloggm ver="2.3"><GO type="225" lobby="0"/><UN n0="%73%69%72%6F%75%74" n1="%E3%83%A9%E3%83%BC%E3%83%A1%E3%83%B3%E4%BA%94%E9%83%8E" n2="%E5%80%89%E6%A9%8B%EF%BC%A0%E4%BA%8B%E5%8B%99" n3="%54%4F%52" dan="16,16,16,17" rate="2131.88,2101.60,2083.64,2246.69" sx="M,M,M,M"/><TAIKYOKU oya="0"/><INIT seed="0,0,0,4,1,112" ten="250,250,250,250" oya="0" hai0="131,118,37,121,94,97,61,70,111,133,117,90,28" hai1="60,69,103,13,77,11,49,48,135,124,75,104,87" hai2="3,15,98,24,116,53,62,128,32,120,122,14,30" hai3="63,88,10,16,115,46,102,89,92,71,100,29,80"/><T50/><D28/><U108/><E108/><V85/><F3/><W55/><G115/><T51/><D121/><U43/><E124/><V106/><F128/><W95/><G29/><T2/><D131/><U54/><E75/><V134/><F134/><W129/><G129/><T4/><D37/><U26/><E135/><V114/><F114/><W127/><G127/><T130/><D130/><U83/><E26/><V44/><F85/><N who="3" m="50215" /><G71/><T57/><D133/><U68/><E43/><V34/><F34/><W58/><G46/><T23/><D23/><U132/><E132/><V74/><F74/><W36/><G36/><T82/><D70/><U67/><E69/><V105/><F116/><W41/><G41/><T123/><D123/><U91/><E77/><V72/><F72/><W96/><G92/><T125/><D125/><U78/><E78/><V19/><F14/><AGARI ba="0,0" hai="10,14,16,55,58,63,89,95,96,100,102" m="50215" machi="14" ten="30,3900,0" yaku="8,1,54,2" doraHai="112" who="3" fromWho="2" sc="250,0,250,0,250,-39,250,39" /><INIT seed="1,0,0,3,0,39" ten="250,250,211,289" oya="1" hai0="104,128,4,72,53,10,15,45,62,38,9,110,58" hai1="125,57,8,65,20,24,22,113,12,131,124,91,86" hai2="49,46,44,127,118,102,30,75,50,13,107,114,97" hai3="105,89,6,23,120,92,96,73,90,80,103,56,123"/><U135/><E113/><V129/><F118/><W117/><G6/><T27/><D104/><U67/><E131/><V108/><F75/><W1/><G1/><T54/><D128/><U52/><E135/><V28/><F129/><W134/><G23/><T116/><D72/><U0/><E0/><V99/><F114/><W85/><G56/><T43/><D116/><U19/><E124/><V16/><F127/><W17/><G17/><T132/><D110/><U21/><E24/><V111/><F99/><N who="3" m="61695" /><G117/><T59/><D132/><U71/><E71/><V66/><F66/><W84/><G73/><T29/><D9/><U60/><REACH who="1" step="1"/><E125/><REACH who="1" ten="250,240,211,289" step="2"/><V51/><F111/><W11/><G134/><T126/><D126/><U133/><E133/><V115/><F108/><W40/><G123/><T3/><D3/><U77/><E77/><V42/><F115/><W76/><G76/><T5/><D27/><U47/><E47/><V2/><F2/><W33/><G120/><T14/><D14/><U112/><E112/><V88/><F46/><W87/><G80/><AGARI ba="0,1" hai="8,12,19,20,21,22,52,57,60,65,67,80,86,91" machi="80" ten="40,7700,0" yaku="1,1,8,1,54,1,53,0" doraHai="39" doraHaiUra="93" who="1" fromWho="3" sc="250,0,240,87,211,0,289,-77" /><INIT seed="1,1,0,1,4,103" ten="250,327,211,212" oya="1" hai0="51,24,108,109,21,79,91,127,118,52,123,96,131" hai1="20,92,70,111,128,10,101,3,11,71,16,54,133" hai2="124,97,95,46,85,132,66,17,113,48,94,7,60" hai3="69,53,0,75,42,61,8,78,55,50,27,100,121"/><U120/><E120/><V14/><F132/><W102/><G121/><T114/><D123/><U57/><E133/><V29/><F124/><W110/><G110/><N who="0" m="42603" /><D127/><U89/><E101/><V45/><F113/><W84/><G75/><T5/><D5/><U19/><E111/><V4/><F29/><W43/><G27/><T37/><D37/><U23/><E128/><V116/><F85/><W119/><G119/><T90/><D118/><U72/><E72/><V106/><F116/><W31/><G31/><T73/><D131/><U105/><E105/><V36/><F36/><W41/><G78/><T112/><D79/><U115/><E3/><V82/><F82/><W88/><G0/><T122/><D73/><U81/><E81/><V44/><F48/><W76/><G76/><T87/><D96/><N who="1" m="57359" /><E70/><V25/><F106/><W77/><G77/><T74/><D74/><U117/><E71/><V107/><F107/><W99/><G99/><T68/><D68/><U47/><E47/><V35/><F97/><W58/><G8/><T130/><D130/><U98/><E98/><V38/><F38/><W83/><REACH who="3" step="1"/><G69/><REACH who="3" ten="250,327,211,202" step="2"/><T134/><D122/><U93/><E117/><V129/><F129/><W15/><G15/><T9/><D134/><U2/><E2/><V6/><F14/><W135/><G135/><T28/><D9/><U18/><E10/><V104/><F104/><W126/><G126/><T65/><D114/><U56/><E115/><V39/><F39/><W59/><AGARI ba="1,1" hai="41,42,43,50,53,55,58,59,61,83,84,88,100,102" machi="59" ten="30,7900,0" yaku="1,1,0,1,8,1,54,1,53,0" doraHai="103" doraHaiUra="1" who="3" fromWho="3" sc="250,-21,327,-40,211,-21,202,92" /><INIT seed="2,0,0,4,1,43" ten="229,287,190,294" oya="2" hai0="59,110,130,73,88,98,33,31,76,108,70,71,122" hai1="41,77,99,55,7,95,75,34,35,19,105,20,107" hai2="15,26,61,29,53,11,66,117,111,106,87,82,74" hai3="23,12,46,16,114,135,4,25,42,124,45,27,58"/><V22/><F117/><W97/><G135/><T8/><D122/><U115/><E115/><V104/><F74/><W64/><G114/><T93/><D130/><U10/><E41/><V102/><F111/><N who="0" m="42538" /><D59/><U62/><E107/><V14/><F53/><W44/><G124/><T1/><D31/><U2/><E105/><V39/><F39/><W81/><G42/><T118/><D33/><U24/><E77/><V134/><F134/><W83/><G97/><T119/><D73/><U91/><E75/><V63/><F102/><W121/><G121/><T56/><D76/><U32/><E32/><V6/><F15/><W116/><G116/><N who="0" m="44587" /><D56/><AGARI ba="0,0" hai="2,7,10,19,20,24,34,35,55,56,62,91,95,99" machi="56" ten="40,2600,0" yaku="25,2" doraHai="43" who="1" fromWho="0" sc="229,-26,287,26,190,0,294,0" /><INIT seed="3,0,0,1,1,126" ten="203,313,190,294" oya="3" hai0="87,18,11,80,74,111,82,123,121,40,55,128,127" hai1="124,52,15,34,75,129,8,46,50,109,21,28,110" hai2="77,37,19,31,95,39,134,56,94,20,100,36,103" hai3="0,29,120,96,1,114,115,116,130,108,62,42,102"/><W105/><G116/><T48/><D111/><N who="1" m="42507" /><E129/><V61/><F31/><W101/><G108/><T44/><D80/><U73/><E34/><V6/><F6/><W59/><G130/><T65/><D74/><U132/><E132/><V76/><F134/><W83/><G120/><T92/><D65/><U64/><E64/><V35/><F35/><W22/><G42/><T71/><D71/><U43/><E43/><V23/><F56/><W32/><G32/><T26/><D40/><U9/><E124/><V7/><F7/><W47/><G47/><T81/><D81/><U106/><E106/><V135/><F135/><W38/><G38/><T122/><D92/><N who="2" m="35370" /><F19/><W84/><G102/><N who="2" m="38953" /><F61/><W78/><G1/><T51/><D51/><U90/><E90/><V12/><F12/><W85/><G0/><T88/><D127/><U14/><E14/><V54/><F54/><W13/><G85/><T63/><D63/><U2/><E2/><V67/><F67/><W117/><G117/><T30/><D128/><U49/><E49/><V113/><F113/><W72/><G72/><N who="1" m="27722" /><E15/><V119/><F119/><W16/><G29/><T131/><D131/><U104/><E104/><V93/><N who="2" m="35378" /><V89/><DORA hai="10" /><F89/><W118/><G118/><T33/><D122/><U79/><E79/><AGARI ba="0,0" hai="20,23,36,37,39,76,77,79" m="38953,35378" machi="79" ten="40,2600,0" yaku="28,2" doraHai="126,10" who="2" fromWho="1" sc="203,0,313,-26,190,26,294,0" /><INIT seed="4,0,0,4,4,135" ten="203,287,216,294" oya="0" hai0="127,116,101,115,23,4,7,118,30,124,134,89,104" hai1="15,119,2,91,65,10,109,88,113,85,84,81,44" hai2="42,17,37,70,45,6,78,8,107,114,96,13,35" hai3="21,75,121,128,14,62,126,93,87,131,82,117,33"/><T105/><D101/><U39/><E109/><V51/><F35/><W5/><G126/><N who="0" m="48171" /><D134/><U61/><E119/><N who="0" m="45609" /><D115/><U41/><E113/><V52/><F114/><W92/><G117/><T57/><D57/><U111/><E111/><V103/><F70/><W32/><G121/><T72/><D72/><U60/><E2/><V20/><F78/><N who="3" m="46551" /><G75/><T130/><D130/><N who="3" m="49705" /><G62/><T71/><D71/><U50/><E39/><V108/><F108/><W25/><G32/><T1/><D89/><U31/><E31/><V95/><F107/><N who="0" m="41034" /><D1/><U122/><E122/><V77/><F77/><W46/><G46/><T40/><D40/><U38/><E65/><V132/><F132/><W102/><G102/><T53/><D53/><U74/><E74/><V80/><F80/><W64/><G64/><T36/><D36/><U47/><E47/><V90/><F103/><W100/><G100/><T49/><D49/><U12/><E38/><V112/><F112/><W79/><G79/><T26/><AGARI ba="0,0" hai="4,7,23,26,30" m="41034,45609,48171" machi="26" ten="40,12000,1" yaku="18,1,52,3" doraHai="135" who="0" fromWho="0" sc="203,120,287,-40,216,-40,294,-40" owari="323,42.3,247,-15.3,176,-32.4,254,5.4" /></mjloggm>