<mjloggm ver="2.3"><GO type="225" lobby="0"/><UN n0="%E8%A8%88%E7%AE%97%E6%A9%9F%E8%87%AA%E7%84%B6" n1="%E6%80%AA%E3%81%97%E3%81%99%E3%81%8E%E3%82%8B%E3%83%81%E3%83%BC" n2="%E3%82%BC%E3%83%AB%E3%83%80%E3%81%AE%E4%BC%9D%E8%AA%AC" n3="%E7%9C%9F%E4%B8%80" dan="17,16,16,17" rate="2218.39,2157.00,2106.85,2256.40" sx="M,M,M,M"/><TAIKYOKU oya="0"/><INIT seed="0,0,0,3,3,47" ten="250,250,250,250" oya="0" hai0="82,105,80,102,19,20,13,9,127,131,132,25,30" hai1="40,18,90,60,64,92,39,63,85,10,94,128,119" hai2="34,5,37,11,95,16,114,93,31,21,43,108,81" hai3="57,53,87,36,58,61,17,88,44,111,41,7,59"/><T130/><D132/><U46/><E119/><V24/><F114/><W122/><G122/><T62/><D127/><U96/><E128/><N who="0" m="49193" /><D62/><U55/><E55/><V86/><F108/><W110/><G7/><T123/><D123/><U73/><E73/><V113/><F113/><W107/><G107/><T126/><D126/><U104/><E104/><V49/><F37/><W121/><G121/><T12/><D12/><U101/><E18/><V48/><F43/><W45/><G45/><T65/><D65/><U84/><E10/><V106/><F106/><W33/><G33/><T77/><D77/><U4/><E4/><V125/><F125/><W78/><G78/><T83/><D105/><U50/><E39/><V74/><F74/><W69/><G69/><T134/><D134/><U97/><REACH who="1" step="1"/><E60/><REACH who="1" ten="250,240,250,250" step="2"/><V99/><F5/><W68/><G17/><T103/><AGARI ba="0,1" hai="9,13,19,20,25,30,80,82,83,102,103" m="49193" machi="103" ten="40,2100,0" yaku="19,1" doraHai="47" who="0" fromWho="0" sc="250,31,240,-7,250,-7,250,-7" /><INIT seed="0,1,0,4,5,90" ten="281,233,243,243" oya="0" hai0="33,118,62,133,74,129,69,119,27,3,89,93,39" hai1="122,44,123,24,65,12,15,126,106,113,99,83,9" hai2="17,91,132,131,48,84,56,115,63,21,86,76,29" hai3="104,88,102,20,0,41,40,42,50,2,35,61,1"/><T96/><D3/><U114/><E126/><V22/><F115/><N who="1" m="44041" /><E65/><V43/><F132/><W111/><G35/><T117/><D39/><U60/><E60/><V73/><F131/><W101/><G111/><T52/><D74/><U128/><E128/><V75/><F75/><W71/><G104/><T135/><D129/><U66/><E66/><V98/><F73/><W97/><G50/><T105/><D105/><U70/><E70/><V18/><F76/><W109/><G109/><T49/><D69/><U100/><E83/><V8/><F8/><W78/><G78/><T57/><REACH who="0" step="1"/><D62/><REACH who="0" ten="271,233,243,243" step="2"/><U47/><E123/><V59/><F63/><W116/><G71/><T67/><D67/><U124/><E122/><V72/><F72/><W19/><G61/><T23/><D23/><U51/><E106/><V36/><F36/><W5/><G116/><T81/><D81/><U112/><E112/><V11/><F21/><W25/><REACH who="3" step="1"/><G5/><REACH who="3" ten="271,233,243,233" step="2"/><T77/><D77/><U13/><E124/><V94/><F22/><W127/><G127/><T6/><D6/><U79/><E9/><V16/><F11/><W37/><G37/><T92/><D92/><AGARI ba="1,2" hai="0,1,2,19,20,25,40,41,42,88,92,97,101,102" machi="92" ten="50,6400,0" yaku="1,1,52,1,54,1,53,0" doraHai="90" doraHaiUra="31" who="3" fromWho="0" sc="271,-67,233,0,243,0,233,87" /><INIT seed="1,0,0,5,0,15" ten="204,233,243,320" oya="1" hai0="59,44,51,124,118,56,42,78,65,66,125,102,27" hai1="48,7,16,79,127,72,116,62,135,22,114,75,110" hai2="120,13,69,61,9,130,90,4,28,67,99,21,80" hai3="50,87,96,26,53,126,18,55,38,97,93,43,86"/><U74/><E114/><V88/><F120/><W81/><G126/><N who="0" m="48747" /><D102/><U20/><E127/><V2/><F130/><W63/><G38/><N who="0" m="21591" /><D78/><U37/><E116/><V5/><F80/><W77/><G87/><T131/><D27/><U117/><E37/><V17/><F5/><W101/><G97/><T83/><D83/><U76/><E117/><V133/><F133/><W113/><G113/><T106/><D106/><U109/><E135/><V36/><F36/><W103/><G101/><T104/><D104/><U68/><E7/><V115/><F115/><W19/><G26/><T58/><D118/><U33/><E48/><V39/><F39/><W92/><G93/><T6/><D6/><U73/><E33/><V45/><F45/><N who="3" m="25919" /><G63/><T29/><D29/><U23/><E72/><V8/><REACH who="2" step="1"/><F99/><REACH who="2" ten="204,233,233,320" step="2"/><W100/><G103/><T41/><D131/><U84/><E84/><V35/><F35/><W30/><G30/><T112/><D112/><U3/><E3/><V10/><F10/><W129/><G129/><T119/><D119/><U34/><E34/><V46/><F46/><AGARI ba="0,1" hai="41,46,51,56,58,59,65,66" m="21591,48747" machi="46" ten="30,3900,0" yaku="18,1,34,2" doraHai="15" who="0" fromWho="2" sc="204,49,233,0,233,-39,320,0" /><INIT seed="2,0,0,1,2,84" ten="253,233,194,320" oya="2" hai0="37,74,51,130,109,90,39,117,59,10,85,120,69" hai1="16,52,106,107,128,31,133,113,131,7,88,34,127" hai2="28,49,64,71,89,76,54,58,60,41,15,132,83" hai3="57,61,124,93,36,122,63,42,95,21,99,56,66"/><V86/><F132/><W70/><G122/><T68/><D120/><U135/><E113/><V121/><F121/><W96/><G124/><T22/><D74/><U46/><E7/><V14/><F28/><W27/><G36/><T1/><D109/><U67/><E67/><V125/><F125/><W32/><G32/><T129/><D117/><U50/><E31/><V3/><F3/><W115/><G42/><T105/><D105/><U80/><E34/><V12/><REACH who="2" step="1"/><F41/><REACH who="2" ten="253,233,184,320" step="2"/><W118/><G115/><T23/><D1/><U101/><E127/><V9/><F9/><W78/><G118/><T62/><D10/><U18/><E133/><V43/><F43/><W5/><G21/><T112/><D22/><U35/><E35/><V30/><F30/><W24/><G70/><T4/><D23/><U110/><E135/><V19/><F19/><N who="1" m="7209" /><E110/><V87/><F87/><W38/><G5/><T20/><D20/><U91/><E106/><V97/><F97/><W103/><G99/><T47/><D4/><U81/><E107/><V0/><F0/><W108/><G96/><T116/><D116/><U92/><E128/><N who="0" m="49257" /><D112/><U44/><E131/><V94/><F94/><W100/><G108/><T6/><D6/><U53/><E92/><V102/><F102/><W98/><G98/><T123/><D123/><U8/><E101/><V17/><F17/><W104/><G104/><T114/><D114/><U72/><E72/><V82/><F82/><N who="1" m="31849" /><E8/><V2/><F2/><W48/><G103/><T134/><D134/><U79/><E79/><AGARI ba="0,1" hai="12,14,15,49,54,58,60,64,71,76,79,83,86,89" machi="79" ten="40,3900,0" yaku="1,1,52,1,53,0" doraHai="84" doraHaiUra="26" who="2" fromWho="1" sc="253,0,233,-39,184,49,320,0" /><INIT seed="2,1,0,1,1,106" ten="253,194,233,320" oya="2" hai0="15,88,66,48,111,130,41,75,38,24,105,18,26" hai1="101,79,86,47,74,69,42,12,35,21,63,45,65" hai2="30,53,78,9,133,5,81,123,32,121,72,23,125" hai3="68,71,60,33,126,19,0,16,14,109,80,11,112"/><V17/><F125/><W56/><G109/><T117/><D105/><U37/><E35/><V58/><F133/><W51/><G33/><T94/><D38/><U28/><E101/><V31/><F31/><W22/><G126/><T43/><D111/><U46/><E86/><V122/><F30/><W132/><G132/><T50/><D130/><U93/><E93/><V85/><F32/><W67/><G112/><T129/><D129/><U90/><E90/><V29/><F29/><W54/><G80/><T98/><D75/><U49/><E49/><N who="0" m="19049" /><D66/><U73/><E79/><V99/><F99/><W119/><G119/><T36/><D36/><U59/><E12/><V113/><F113/><W124/><G124/><T95/><D95/><U89/><E89/><V108/><F108/><W55/><G0/><T92/><D92/><U128/><E128/><V91/><F91/><W84/><G84/><T25/><D117/><U83/><E83/><V40/><F85/><W27/><REACH who="3" step="1"/><G54/><REACH who="3" ten="253,194,233,310" step="2"/><T82/><D82/><U134/><E134/><V96/><F121/><W8/><G8/><AGARI ba="1,1" hai="8,15,18,24,25,26,41,43,88,94,98" m="19049" machi="8" ten="30,2000,0" yaku="8,1,54,1" doraHai="106" who="0" fromWho="3" sc="253,33,194,0,233,0,310,-23" /><INIT seed="3,0,0,5,2,1" ten="286,194,233,287" oya="3" hai0="62,129,39,71,67,64,2,111,116,84,56,134,29" hai1="102,81,119,126,127,21,98,49,14,6,93,17,44" hai2="128,96,13,95,85,123,23,103,65,75,87,28,19" hai3="54,58,12,72,43,92,106,7,105,112,42,133,5"/><W113/><G72/><T31/><D116/><U38/><E119/><V114/><F114/><W15/><G92/><T32/><D39/><U50/><E81/><V66/><F75/><W125/><G58/><T27/><D2/><U86/><E86/><V47/><F128/><W4/><G54/><T121/><D121/><U73/><E73/><V20/><F123/><W108/><G108/><T53/><D129/><U55/><E38/><V88/><F47/><W36/><G36/><T45/><D134/><U79/><E79/><V91/><F28/><W76/><G76/><T104/><D104/><N who="3" m="40041" /><G125/><N who="1" m="47626" /><E49/><V117/><F117/><W70/><G70/><T26/><D111/><U61/><E61/><V37/><F37/><W109/><G109/><T10/><D45/><U101/><E101/><V52/><F52/><W135/><G15/><T41/><D41/><N who="3" m="15369" /><G12/><T124/><D124/><U97/><E97/><V89/><F23/><W51/><G51/><T9/><D84/><AGARI ba="0,0" hai="13,19,20,65,66,84,85,87,88,89,91,95,96,103" machi="84" ten="40,2600,0" yaku="8,1,54,1" doraHai="1" who="2" fromWho="0" sc="286,-26,194,0,233,26,287,0" /><INIT seed="4,0,0,0,0,105" ten="260,194,259,287" oya="0" hai0="96,116,48,24,81,122,44,109,80,112,46,107,33" hai1="57,47,62,37,5,93,49,21,87,129,103,39,121" hai2="30,94,111,51,2,23,15,88,18,117,76,104,119" hai3="83,42,1,52,69,8,132,64,9,126,97,125,86"/><T29/><D116/><N who="2" m="44618" /><F111/><W100/><G132/><T101/><D122/><U66/><E121/><V102/><F2/><W25/><G42/><T55/><D109/><U4/><E129/><V77/><F30/><W41/><G41/><T127/><D112/><U38/><E21/><V123/><F123/><W98/><G25/><T53/><REACH who="0" step="1"/><D127/><REACH who="0" ten="250,194,259,287" step="2"/><U32/><E32/><V124/><F124/><W72/><G126/><T34/><D34/><U108/><E108/><V120/><F120/><W67/><G125/><T114/><D114/><U74/><E74/><V59/><F104/><W73/><G72/><T45/><D45/><U78/><E78/><V63/><F77/><W68/><G73/><T60/><D60/><U89/><REACH who="1" step="1"/><E103/><REACH who="1" ten="250,184,259,287" step="2"/><V85/><F76/><W91/><G100/><T131/><D131/><U3/><E3/><V106/><F102/><W128/><G1/><T50/><AGARI ba="0,2" hai="24,29,33,44,46,48,50,53,55,80,81,96,101,107" machi="50" ten="30,6000,0" yaku="1,1,0,1,9,1,53,0" doraHai="105" doraHaiUra="115" who="0" fromWho="0" sc="250,80,184,-20,259,-20,287,-20" owari="330,43.0,164,-33.6,239,-16.1,267,6.7" /></mjloggm>