<mjloggm ver="2.3"><GO type="225" lobby="0"/><UN n0="%E5%8D%A0%E3%81%84%E5%B8%AB%E8%A3%8F%E3%81%AA%E3%81%84%E3%81%97" n1="%E3%81%99%E3%81%84%E3%81%BE%E3%81%9B%E3%83%BC%E3%82%93" n2="%E4%B8%96%E7%95%8C%E3%81%AE%E4%BA%80%E4%BA%95" n3="%E6%B0%B7%E5%B7%9D%E9%87%8C%E5%A5%88" dan="17,16,17,16" rate="2139.67,2199.34,2211.03,2120.14" sx="M,M,M,F"/><TAIKYOKU oya="0"/><INIT seed="0,0,0,5,1,24" ten="250,250,250,250" oya="0" hai0="128,27,29,126,121,74,108,1,13,33,39,122,84" hai1="45,36,26,65,16,105,42,93,89,99,120,7,8" hai2="38,104,67,69,88,43,57,71,53,85,82,87,135" hai3="47,25,102,19,49,10,70,132,98,41,17,34,2"/><T111/><D74/><U50/><E120/><N who="0" m="46185" /><D39/><U54/><E65/><V114/><F114/><W133/><G70/><T109/><D126/><U60/><E60/><V6/><F135/><N who="3" m="51787" /><G2/><T18/><D84/><U116/><E116/><V107/><F6/><W56/><G10/><N who="0" m="6455" /><D1/><U52/><E105/><V92/><F67/><W124/><G124/><T15/><D15/><N who="1" m="5535" /><E36/><V14/><F14/><W22/><G34/><T81/><D81/><U59/><E59/><V118/><F69/><W110/><G56/><T101/><D101/><U68/><E68/><V23/><F118/><W12/><G110/><T44/><D44/><U112/><E112/><V55/><F71/><W96/><G102/><T73/><D73/><U5/><E5/><V35/><F35/><W119/><G119/><T113/><D113/><U125/><E125/><V31/><F57/><W76/><G76/><T75/><D75/><U91/><E91/><V32/><F32/><W28/><G12/><T80/><D80/><U3/><E3/><V123/><F123/><W66/><G66/><T58/><D58/><U106/><E106/><V48/><F104/><W72/><G72/><T62/><D128/><U21/><AGARI ba="0,0" hai="16,21,26,42,45,50,52,54,89,93,99" m="5535" machi="21" ten="30,4000,0" yaku="8,1,54,2" doraHai="24" who="1" fromWho="1" sc="250,-20,250,40,250,-10,250,-10" /><INIT seed="1,0,0,2,4,125" ten="230,290,240,240" oya="1" hai0="35,119,91,134,135,77,72,33,84,85,34,98,88" hai1="0,90,21,12,20,1,120,58,62,128,118,40,133" hai2="15,101,117,97,115,9,59,57,108,96,54,104,94" hai3="73,24,110,42,114,31,76,99,71,4,2,23,102"/><U41/><E118/><V68/><F117/><W122/><G114/><T26/><D119/><U16/><E120/><V112/><F108/><W53/><G122/><T19/><D72/><U48/><E133/><N who="0" m="50697" /><D98/><U30/><E128/><V56/><F68/><W130/><G71/><T55/><D55/><U74/><E74/><V81/><F81/><W127/><G110/><T87/><D77/><U106/><E106/><V126/><F126/><W7/><G127/><T70/><D70/><U29/><E48/><V75/><F75/><W37/><G2/><T61/><D61/><U79/><E79/><V11/><F54/><W129/><G53/><T10/><D10/><U14/><E58/><V93/><F9/><W113/><G113/><N who="2" m="43593" /><F97/><W95/><G76/><T67/><D67/><U50/><E62/><V28/><F28/><W103/><G103/><T132/><N who="0" m="50705" /><T83/><DORA hai="100" /><D83/><U64/><E64/><V47/><F47/><N who="3" m="24015" /><G73/><T78/><D78/><U3/><E41/><V111/><F111/><W45/><G45/><T36/><D36/><U123/><E123/><V22/><F22/><AGARI ba="0,0" hai="19,22,26,33,34,35,84,85,87,88,91" m="50705" machi="22" ten="50,3200,0" yaku="20,1,54,1" doraHai="125,100" who="0" fromWho="2" sc="230,32,290,0,240,-32,240,0" /><INIT seed="2,0,0,5,5,116" ten="262,290,208,240" oya="2" hai0="45,104,100,115,21,1,47,73,56,70,71,32,48" hai1="7,129,34,66,84,14,77,11,118,123,113,57,2" hai2="127,101,12,110,26,62,95,42,6,60,119,132,75" hai3="36,112,106,10,17,29,96,103,122,40,63,54,18"/><V128/><F119/><W69/><G112/><T81/><D115/><U97/><E113/><V98/><F127/><W93/><G29/><T8/><D21/><U91/><E34/><V52/><F128/><W15/><G36/><T80/><D56/><U24/><E118/><V82/><F132/><W61/><G40/><T33/><D100/><U102/><E77/><V41/><F110/><W120/><G106/><T58/><D58/><U44/><E44/><V68/><F68/><W130/><G130/><T31/><D31/><U16/><E24/><V49/><F82/><W126/><G126/><T114/><D114/><U38/><E38/><V28/><F75/><W124/><G124/><T92/><D92/><U67/><E57/><N who="2" m="32911" /><F26/><W111/><G111/><T85/><D73/><U64/><E123/><V22/><F28/><W108/><G108/><T51/><D1/><U109/><E129/><V83/><F83/><W72/><G72/><T65/><D104/><U105/><E109/><V19/><F6/><W78/><G78/><T35/><D35/><U76/><E76/><V59/><F62/><W27/><G54/><AGARI ba="0,0" hai="12,19,22,41,42,54,59,60,95,98,101" m="32911" machi="54" ten="30,2900,0" yaku="8,1,54,1" doraHai="116" who="2" fromWho="3" sc="262,0,290,0,208,29,240,-29" /><INIT seed="2,1,0,4,1,2" ten="262,290,237,211" oya="2" hai0="92,105,28,12,85,76,62,84,57,100,61,89,4" hai1="14,125,40,36,13,53,135,121,116,108,35,75,8" hai2="52,77,23,63,80,5,45,48,7,95,6,128,72" hai3="64,109,130,83,24,96,34,55,18,94,90,110,60"/><V56/><F128/><W127/><G130/><T102/><D105/><U46/><E116/><V101/><F23/><W111/><G127/><T47/><D28/><U65/><E35/><V15/><F101/><W66/><G83/><N who="0" m="47207" /><D47/><U120/><E108/><V82/><F95/><W3/><G3/><T91/><D91/><U73/><E125/><V30/><F30/><W69/><G69/><T0/><D0/><U58/><E65/><V113/><F113/><W21/><REACH who="3" step="1"/><G34/><REACH who="3" ten="262,290,237,201" step="2"/><T99/><D102/><U87/><E120/><V38/><F82/><W42/><G42/><T10/><D100/><U41/><E41/><V32/><F32/><W49/><G49/><T133/><D61/><U33/><E40/><V93/><F38/><W71/><G71/><T26/><D62/><U79/><E36/><V123/><F123/><W104/><G104/><T106/><D106/><U134/><E33/><V44/><F93/><W51/><G51/><T112/><D92/><U122/><E122/><V59/><REACH who="2" step="1"/><F15/><REACH who="2" ten="262,290,227,201" step="2"/><W50/><G50/><T98/><D12/><U132/><E14/><V103/><F103/><W37/><G37/><T31/><D112/><U11/><E121/><V129/><F129/><W29/><G29/><T114/><D31/><U131/><E131/><V25/><F25/><W115/><G115/><T43/><D26/><U22/><E13/><V119/><F119/><W97/><G97/><T88/><D114/><U27/><E27/><V67/><AGARI ba="1,2" hai="5,6,7,44,45,48,52,56,59,63,67,72,77,80" machi="67" ten="30,24000,3" yaku="1,1,0,1,52,3,54,1,53,3" doraHai="2" doraHaiUra="1" who="2" fromWho="2" sc="262,-81,290,-81,227,263,201,-81" /><INIT seed="2,2,0,0,5,108" ten="181,209,490,120" oya="2" hai0="21,122,125,12,65,2,96,117,62,127,76,89,40" hai1="44,70,17,66,81,84,121,14,8,109,49,11,52" hai2="38,135,16,74,77,130,102,113,91,43,116,15,80" hai3="110,68,19,98,34,88,92,94,120,18,57,10,101"/><V132/><F116/><W129/><G110/><T119/><D2/><U100/><E109/><V105/><F113/><W114/><G129/><T104/><D76/><U83/><E121/><V47/><F130/><W61/><G120/><T87/><D40/><U106/><E70/><V59/><F91/><W23/><G34/><T58/><D122/><U112/><E112/><V6/><F6/><W69/><G10/><T41/><D41/><U27/><E66/><V30/><F30/><W54/><G18/><N who="0" m="10439" /><D96/><U115/><E115/><V22/><F59/><W73/><G73/><T3/><D104/><U123/><E123/><V48/><F38/><W9/><G9/><T64/><D64/><U60/><E60/><V5/><F5/><W46/><G46/><T31/><D31/><U86/><E8/><V28/><F28/><W45/><G45/><T97/><D97/><U99/><E27/><V79/><F79/><W35/><G35/><T133/><D3/><U82/><AGARI ba="2,0" hai="11,14,17,44,49,52,81,82,83,84,86,99,100,106" machi="82" ten="30,2000,0" yaku="0,1,54,1" doraHai="108" who="1" fromWho="1" sc="181,-7,209,26,490,-12,120,-7" /><INIT seed="3,0,0,1,3,130" ten="174,235,478,113" oya="3" hai0="91,94,125,80,92,61,4,46,124,2,38,57,104" hai1="118,131,28,114,70,102,27,103,22,135,62,123,31" hai2="7,49,26,82,110,112,11,34,87,115,65,120,5" hai3="9,84,29,78,107,17,68,52,106,21,3,76,30"/><W113/><G113/><T15/><D104/><U117/><E135/><V58/><F110/><W14/><G68/><T54/><D2/><U133/><E133/><V20/><F34/><W100/><G106/><T88/><D4/><U37/><E131/><V83/><F5/><W111/><G111/><T96/><D80/><U44/><E114/><V79/><F7/><W75/><G75/><T19/><D38/><U128/><E123/><V6/><F6/><W126/><G3/><T101/><D46/><U97/><E128/><V132/><F65/><W99/><G126/><N who="0" m="48747" /><D94/><U23/><E44/><V53/><F58/><W74/><G74/><T1/><D1/><U69/><E37/><V32/><F32/><W43/><G43/><T105/><D105/><U18/><E62/><V64/><F64/><W127/><G127/><T60/><D60/><U81/><E81/><V122/><F87/><W42/><G42/><T129/><D129/><U47/><E47/><V98/><F132/><W116/><G116/><T48/><D61/><U71/><E28/><N who="3" m="10858" /><G107/><T90/><D101/><U0/><E0/><V72/><F72/><W93/><G84/><T13/><D13/><N who="1" m="9551" /><E97/><V8/><F120/><W108/><G108/><T85/><D96/><U12/><E12/><V24/><F122/><W50/><G21/><AGARI ba="0,0" hai="15,19,21,48,54,57,85,88,90,91,92" m="48747" machi="21" ten="30,3900,0" yaku="25,1,18,1,54,1" doraHai="130" who="0" fromWho="3" sc="174,39,235,0,478,0,113,-39" owari="213,-18.7,235,3.5,478,57.8,74,-42.6" /></mjloggm>