<mjloggm ver="2.3"><GO type="225" lobby="0"/><UN n0="%E6%98%93%E5%88%A9%E8%96%A9%E4%BC%AF" n1="%41%6F%54" n2="%E4%B8%96%E7%95%8C%E3%81%AE%E4%BA%80%E4%BA%95" n3="%E5%8D%A0%E3%81%84%E5%B8%AB%E8%A3%8F%E3%81%AA%E3%81%84%E3%81%97" dan="16,16,17,17" rate="2066.42,2047.56,2163.95,2201.00" sx="F,M,M,M"/><TAIKYOKU oya="0"/><INIT seed="0,0,0,1,4,126" ten="250,250,250,250" oya="0" hai0="31,49,64,135,36,58,60,50,92,33,89,48,3" hai1="53,84,67,134,11,5,112,17,1,51,74,93,77" hai2="2,26,66,41,12,119,94,130,123,24,18,128,7" hai3="95,121,73,57,110,115,62,106,132,122,35,0,133"/><T21/><D3/><U86/><E134/><N who="3" m="51818" /><G0/><T45/><D135/><U6/><E112/><V104/><F104/><W114/><G35/><T107/><D33/><U80/><E67/><V96/><F123/><N who="3" m="47115" /><G106/><T101/><D107/><U99/><E17/><V4/><F66/><N who="3" m="39247" /><G73/><T91/><D36/><U127/><E6/><N who="2" m="2091" /><F41/><W43/><G110/><T32/><D32/><U111/><E127/><V20/><F119/><W39/><G95/><T78/><D45/><AGARI ba="0,0" hai="39,43,45,114,115" m="39247,47115,51818" machi="45" ten="30,7700,0" yaku="20,1,13,1,34,2" doraHai="126" who="3" fromWho="0" sc="250,-77,250,0,250,0,250,77" /><INIT seed="1,0,0,2,5,117" ten="173,250,250,327" oya="1" hai0="115,53,85,76,19,1,29,88,41,78,54,109,23" hai1="20,15,93,103,84,65,40,68,111,116,90,18,108" hai2="104,66,100,38,11,57,79,89,12,56,6,74,22" hai3="58,110,94,13,119,5,95,10,132,33,30,62,107"/><U69/><E116/><V101/><F38/><W87/><G119/><T0/><D115/><U14/><E65/><V129/><F129/><W39/><G107/><T42/><D109/><N who="1" m="42059" /><E40/><V36/><F36/><W60/><G110/><T75/><D29/><U4/><E103/><V31/><F79/><W124/><G124/><T99/><D99/><U77/><E77/><V8/><F74/><W26/><G132/><T7/><D75/><U49/><E49/><V25/><F104/><W96/><G39/><T135/><D135/><U16/><E4/><V127/><F127/><W27/><G27/><T92/><D76/><U45/><E45/><V113/><F113/><W112/><G112/><T43/><D78/><U28/><E28/><V21/><F21/><AGARI ba="0,0" hai="14,15,16,18,20,21,68,69,84,90,93" m="42059" machi="21" ten="30,5800,0" yaku="14,1,10,1,54,1" doraHai="117" who="1" fromWho="2" sc="173,0,250,58,250,-58,327,0" /><INIT seed="1,1,0,1,4,47" ten="173,308,192,327" oya="1" hai0="18,134,57,37,11,129,109,50,28,119,100,49,12" hai1="114,81,46,16,40,22,101,113,80,90,34,117,86" hai2="48,107,20,45,67,133,122,42,15,43,64,128,59" hai3="124,102,14,26,106,27,31,24,132,58,0,21,9"/><U126/><E117/><V41/><F107/><W92/><G106/><T1/><D119/><U62/><E126/><V71/><F133/><W52/><G0/><T35/><D134/><U51/><E34/><V61/><F122/><W8/><G124/><T70/><D70/><U79/><E62/><N who="2" m="37983" /><F15/><W97/><G132/><T54/><D37/><U135/><E101/><V33/><F20/><W38/><G38/><T29/><D109/><U32/><E32/><V125/><F33/><W53/><G53/><T66/><D66/><U75/><REACH who="1" step="1"/><E135/><REACH who="1" ten="173,298,192,327" step="2"/><V30/><F125/><W82/><G82/><T25/><D129/><U5/><E5/><V116/><F116/><W104/><G104/><T44/><D29/><U96/><E96/><V4/><F30/><W84/><G84/><T39/><D100/><U17/><E17/><V105/><F4/><W77/><G31/><T6/><D39/><U127/><E127/><V99/><F99/><W78/><G97/><T60/><REACH who="0" step="1"/><D44/><REACH who="0" ten="163,298,192,327" step="2"/><U23/><E23/><AGARI ba="1,2" hai="1,6,11,12,18,23,25,28,35,49,50,54,57,60" machi="23" ten="30,12000,2" yaku="1,1,2,1,7,1,24,2,52,2,53,0" doraHai="47" doraHaiUra="68" who="0" fromWho="1" sc="163,143,298,-123,192,0,327,0" /><INIT seed="2,0,0,4,4,111" ten="306,175,192,327" oya="2" hai0="9,102,22,12,3,16,117,46,127,129,41,42,61" hai1="106,49,29,34,82,58,118,91,121,84,21,36,74" hai2="26,6,108,10,38,13,69,45,66,95,126,5,28" hai3="81,73,79,85,0,33,123,48,77,105,119,120,31"/><V115/><F126/><W70/><G119/><T19/><D117/><U132/><E118/><V54/><F108/><W89/><G0/><T134/><D127/><U43/><E34/><V63/><F95/><W68/><G105/><T24/><D134/><U112/><E112/><V15/><F115/><W56/><G77/><T98/><D129/><U76/><E132/><V67/><F67/><W124/><G124/><T87/><D3/><U122/><E36/><V44/><F38/><W109/><G109/><T133/><D133/><U99/><E21/><V51/><F45/><W131/><G131/><T93/><D61/><U60/><E29/><V116/><F116/><W50/><G68/><T53/><D87/><U23/><E23/><V40/><F40/><W92/><G70/><T37/><D37/><U100/><E49/><AGARI ba="0,0" hai="9,12,16,19,22,24,41,42,46,49,53,93,98,102" machi="49" ten="40,2600,0" yaku="8,1,54,1" doraHai="111" who="0" fromWho="1" sc="306,26,175,-26,192,0,327,0" /><INIT seed="3,0,0,2,2,46" ten="332,149,192,327" oya="3" hai0="132,69,125,35,99,34,6,16,15,95,67,78,63" hai1="121,42,32,64,24,127,5,84,36,31,40,90,54" hai2="52,85,29,105,33,134,48,0,19,103,130,60,91" hai3="93,38,7,113,100,26,20,61,22,124,92,45,47"/><W106/><G113/><T27/><D78/><U23/><E121/><V62/><F0/><W66/><G124/><T86/><D86/><U13/><E127/><V83/><F134/><W108/><G106/><T77/><D77/><U87/><E36/><V116/><F116/><W70/><G108/><T43/><D43/><U30/><E30/><V41/><F130/><W3/><G22/><T10/><D132/><U111/><E111/><V49/><F19/><W74/><G74/><T135/><D135/><U128/><E128/><V94/><F105/><W76/><G76/><T122/><D122/><U102/><E102/><V1/><F1/><W82/><G82/><T2/><D27/><U75/><E75/><V39/><F39/><W50/><G38/><T68/><D68/><U88/><E64/><V44/><F29/><N who="3" m="17607" /><G45/><T79/><D79/><U101/><E101/><V109/><F33/><W37/><G100/><T98/><D98/><U53/><E32/><V28/><F28/><W115/><G115/><T110/><D110/><U120/><E120/><V51/><F109/><W57/><G70/><T21/><D125/><U55/><E87/><N who="2" m="52607" /><F103/><AGARI ba="0,0" hai="2,6,10,15,16,21,34,35,63,67,69,95,99,103" machi="103" ten="30,2000,0" yaku="7,1,54,1" doraHai="46" who="0" fromWho="2" sc="332,20,149,0,192,-20,327,0" owari="352,45.2,149,-35.1,172,-22.8,327,12.7" /></mjloggm>