<mjloggm ver="2.3"><GO type="225" lobby="0"/><UN n0="%E3%81%A4%E3%81%A3%E3%81%B1%E3%82%8A%E3%83%9D%E3%83%BC%E3%83%AB" n1="%E3%82%B7%E3%83%B3%E5%A4%AA%E6%9C%97" n2="%72%69%6F%75%63%68%61%6E" n3="%E8%BE%9B%E5%8F%A3%E3%82%AB%E3%83%AC%E3%83%BC%E3%83%A9%E3%82%A4%E3%82%B9" dan="17,16,16,18" rate="2224.66,2159.78,2167.93,2251.38" sx="M,M,M,M"/><TAIKYOKU oya="0"/><INIT seed="0,0,0,3,0,40" ten="250,250,250,250" oya="0" hai0="2,45,79,131,129,49,5,60,53,63,97,95,93" hai1="81,27,3,122,4,96,120,111,69,7,115,86,15" hai2="105,118,127,92,84,18,57,58,34,109,85,98,33" hai3="20,117,80,75,46,90,89,17,99,103,12,74,121"/><T25/><D79/><U68/><E115/><V47/><F109/><W23/><G117/><T44/><D25/><U87/><E111/><V10/><F127/><W76/><G121/><T24/><D24/><U30/><E96/><V56/><F118/><W82/><G23/><T9/><D45/><U94/><E3/><V42/><F105/><W39/><G75/><T132/><D132/><U16/><E69/><V100/><F33/><W112/><G112/><T48/><D48/><U107/><E107/><V32/><F34/><W41/><REACH who="3" step="1"/><G80/><REACH who="3" ten="250,250,250,240" step="2"/><T72/><D72/><U77/><E120/><V21/><F32/><W119/><G119/><T19/><D131/><U6/><E122/><V104/><F10/><W106/><AGARI ba="0,1" hai="12,17,20,39,41,46,74,76,82,89,90,99,103,106" machi="106" ten="20,5200,0" yaku="1,1,0,1,7,1,52,1,53,0" doraHai="40" doraHaiUra="135" who="3" fromWho="3" sc="250,-26,250,-13,250,-13,240,62" /><INIT seed="1,0,0,1,0,84" ten="224,237,237,302" oya="1" hai0="59,77,79,13,34,5,3,132,48,12,93,70,68" hai1="61,105,54,109,88,14,81,66,15,100,28,40,17" hai2="45,25,83,117,0,42,124,95,67,128,30,80,33" hai3="78,89,31,69,57,110,75,39,10,106,37,123,65"/><U49/><E40/><V96/><F124/><W16/><G123/><T50/><D34/><U43/><E43/><V60/><F128/><W107/><G69/><T97/><D3/><U51/><E28/><V131/><F131/><W20/><G31/><T87/><D132/><U41/><E109/><V26/><F0/><W4/><G75/><T129/><D129/><U133/><E133/><V111/><F25/><W6/><G78/><N who="0" m="29707" /><D70/><U120/><E120/><V74/><F117/><W1/><G4/><T63/><D87/><U76/><E105/><V2/><F2/><W116/><G110/><T53/><D68/><U94/><E100/><V7/><F7/><W122/><G122/><T62/><D50/><U8/><E41/><V11/><F11/><W21/><G21/><T52/><D5/><U29/><E29/><V82/><F74/><W92/><G107/><T102/><D63/><U36/><E36/><V19/><F19/><W98/><G106/><T130/><D130/><U134/><E134/><V35/><F111/><W58/><G116/><T101/><D102/><U47/><E51/><V103/><F33/><W99/><G99/><T115/><D115/><U125/><E125/><V135/><F135/><W22/><G22/><T127/><D127/><U71/><E15/><V113/><F113/><W86/><G98/><T108/><D108/><U85/><REACH who="1" step="1"/><E76/><REACH who="1" ten="224,227,237,302" step="2"/><V72/><F72/><W91/><G39/><T114/><D114/><U119/><E119/><V24/><F24/><N who="3" m="14343" /><G37/><T38/><D38/><U32/><E32/><V64/><F60/><N who="3" m="38031" /><G91/><T90/><D90/><U56/><E56/><AGARI ba="0,1" hai="1,6,10,56,58,86,89,92" m="38031,14343" machi="56" ten="30,3900,0" yaku="6,1,52,1,54,1" doraHai="84" who="3" fromWho="1" sc="224,0,227,-39,237,0,302,49" /><AGARI ba="0,0" hai="12,13,48,52,53,56,59,62,93,97,101" m="29707" machi="56" ten="30,3900,0" yaku="6,1,8,1,54,1" doraHai="84" who="0" fromWho="1" sc="224,39,188,-39,237,0,351,0" /><INIT seed="2,0,0,2,2,91" ten="263,149,237,351" oya="2" hai0="105,21,48,111,114,53,93,80,106,109,69,35,18" hai1="124,67,100,44,23,14,45,133,92,6,94,123,38" hai2="85,25,127,73,122,97,104,113,60,17,27,87,9" hai3="108,1,41,103,5,26,128,115,112,125,54,81,55"/><V117/><F113/><N who="3" m="43595" /><G108/><N who="0" m="41547" /><D35/><U58/><E123/><V62/><F117/><W31/><G125/><T50/><D114/><U42/><E124/><V98/><F122/><W7/><G128/><T52/><D69/><U30/><E133/><V96/><F73/><W20/><G41/><T32/><D80/><U12/><E100/><V29/><F104/><N who="0" m="40042" /><D32/><U82/><E82/><V119/><F119/><W15/><G103/><T57/><D93/><U51/><E14/><N who="2" m="7375" /><F127/><W99/><G99/><N who="2" m="25345" /><V61/><DORA hai="3" /><F29/><W49/><G31/><T46/><D18/><U68/><E68/><V107/><F107/><W39/><G1/><T33/><D33/><U24/><E67/><V64/><F64/><W37/><G37/><T129/><D21/><U102/><E58/><V13/><F13/><W34/><G15/><T90/><D90/><U86/><E86/><AGARI ba="0,0" hai="25,27,60,61,62,85,86,87" m="25345,7375" machi="86" ten="40,2000,0" yaku="8,1" doraHai="91,3" who="2" fromWho="1" sc="263,0,149,-20,237,20,351,0" /><INIT seed="2,1,0,1,3,119" ten="263,129,257,351" oya="2" hai0="125,79,13,50,47,5,105,93,92,58,120,4,111" hai1="129,71,38,107,96,37,49,46,117,29,64,9,65" hai2="15,114,94,0,109,59,24,11,97,43,18,27,87" hai3="128,99,57,133,78,74,72,42,40,56,52,89,132"/><V17/><F114/><W68/><G68/><T90/><D105/><U51/><E29/><V30/><F0/><W83/><G128/><T39/><D39/><N who="1" m="14859" /><E9/><V21/><F109/><W2/><G2/><T102/><D111/><U53/><E96/><V1/><F43/><W135/><G74/><T60/><D13/><U69/><E107/><V100/><F59/><N who="3" m="22603" /><G52/><N who="0" m="29791" /><D79/><U98/><E98/><V66/><F1/><W34/><G34/><T10/><D10/><U112/><E112/><V76/><F66/><N who="1" m="25705" /><E129/><V118/><F118/><W45/><G45/><T32/><D93/><AGARI ba="1,0" hai="40,42,72,78,83,89,93,99,132,133,135" m="22603" machi="93" ten="40,1300,0" yaku="20,1" doraHai="119" who="3" fromWho="0" sc="263,-16,129,0,257,0,351,16" /><INIT seed="3,0,0,1,3,49" ten="247,129,257,367" oya="3" hai0="70,87,74,113,120,20,94,10,108,51,46,107,60" hai1="6,110,71,104,36,90,131,84,125,72,17,42,8" hai2="98,55,127,1,126,63,75,97,102,26,44,91,89" hai3="33,24,81,129,11,114,106,12,38,2,62,4,133"/><W56/><G114/><T65/><D120/><U69/><E110/><V80/><F1/><W9/><G38/><T123/><D123/><U124/><E104/><N who="2" m="63567" /><F26/><W76/><G106/><T7/><D74/><U48/><E131/><V135/><F135/><W15/><G133/><T23/><D107/><U79/><E17/><V105/><F44/><W86/><G129/><T119/><D119/><U85/><E85/><V68/><F55/><W64/><G33/><T34/><D34/><U54/><E90/><N who="2" m="34315" /><F63/><W101/><G101/><T77/><D108/><U130/><E84/><V25/><F68/><W28/><G11/><T3/><D94/><U67/><E130/><V52/><F52/><W13/><G24/><T100/><D100/><U93/><E93/><V21/><F21/><W117/><G117/><T103/><D103/><U59/><E71/><V32/><F105/><W116/><G116/><T78/><D113/><U19/><E19/><V111/><F98/><W47/><G28/><T31/><D31/><U83/><E67/><V39/><F39/><W122/><G122/><T88/><D23/><U27/><E27/><V73/><F111/><W132/><G132/><T30/><D20/><U99/><E99/><V37/><F37/><W82/><G47/><T121/><D30/><U40/><E69/><V95/><F95/><W50/><G50/><T41/><D121/><U22/><E22/><V134/><F134/><W92/><G92/><T112/><D112/><U96/><E96/><V43/><F75/><W45/><G45/><T115/><D115/><U118/><E118/><V16/><F25/><RYUUKYOKU ba="0,0" sc="247,15,129,-15,257,-15,367,15" hai0="3,7,10,41,46,51,60,65,70,77,78,87,88" hai3="2,4,9,12,13,15,56,62,64,76,81,82,86" owari="262,6.2,114,-38.6,242,-15.8,382,48.2" /></mjloggm>