<mjloggm ver="2.3"><GO type="225" lobby="0"/><UN n0="%E6%97%A5%E6%9B%9C%E6%97%A5%E3%82%88%E3%82%8A%E3%81%AE%E4%BD%BF%E8%80%85" n1="%E3%82%B7%E3%83%B3%E5%A4%AA%E6%9C%97" n2="%4E%6F%2E%30%30%30%31" n3="%72%69%6F%75%63%68%61%6E" dan="17,16,18,17" rate="2146.22,2123.03,2211.43,2239.41" sx="M,M,M,M"/><TAIKYOKU oya="0"/><INIT seed="0,0,0,4,3,45" ten="250,250,250,250" oya="0" hai0="121,133,2,48,26,88,5,67,124,34,28,60,95" hai1="105,73,69,39,19,118,55,23,42,100,4,120,63" hai2="111,135,44,132,72,32,112,104,25,13,61,8,101" hai3="108,24,78,76,82,12,109,131,59,54,91,94,58"/><T43/><D121/><U38/><E118/><V66/><F112/><W129/><G12/><T128/><D124/><U9/><E120/><V114/><F114/><W1/><G1/><T36/><D128/><N who="3" m="49225" /><G24/><T106/><D106/><U30/><E73/><V0/><F72/><N who="3" m="43271" /><G78/><T83/><D83/><U27/><E42/><V15/><F111/><N who="3" m="42571" /><G54/><T110/><D110/><U65/><E55/><V71/><F15/><W49/><G49/><T22/><D36/><U11/><E11/><V81/><F13/><W16/><G16/><T33/><D2/><U51/><E51/><V90/><F0/><W64/><G64/><T40/><D5/><U85/><E19/><V115/><F8/><W130/><N who="3" m="49233" /><W125/><DORA hai="74" /><G125/><T92/><D26/><U53/><E53/><V21/><F115/><W77/><G77/><T6/><D48/><U134/><E9/><V126/><F126/><W107/><G107/><T116/><D6/><U62/><E4/><V10/><F10/><W70/><G70/><T56/><D67/><U41/><E69/><V31/><F21/><W35/><G35/><T84/><D22/><U79/><E23/><V18/><F18/><W7/><G7/><T75/><D34/><U127/><E65/><V102/><F104/><W50/><G50/><T68/><D33/><U89/><E127/><V117/><F44/><W3/><G3/><T123/><D68/><U103/><E105/><V37/><F37/><W20/><G20/><T87/><D123/><U119/><E39/><V46/><F46/><W98/><AGARI ba="0,0" hai="58,59,91,94,98" m="42571,43271,49233" machi="98" ten="50,6400,0" yaku="19,1,14,1,52,1" doraHai="45,74" who="3" fromWho="3" sc="250,-32,250,-16,250,-16,250,64" /><INIT seed="1,0,0,5,1,19" ten="218,234,234,314" oya="1" hai0="117,63,47,57,67,4,83,96,108,18,94,105,85" hai1="118,12,98,8,127,43,55,28,69,120,2,33,30" hai2="24,48,87,23,90,91,103,131,95,59,34,123,78" hai3="68,116,106,3,50,26,16,128,71,22,0,75,109"/><U1/><E118/><V126/><F123/><W84/><G75/><T39/><D117/><U129/><E69/><V100/><F34/><W64/><G116/><T25/><D108/><U82/><E120/><V31/><F131/><W81/><G109/><T135/><D135/><U5/><E129/><V111/><F111/><W65/><G128/><T42/><D105/><U114/><E114/><V101/><F126/><W102/><G68/><T72/><D72/><U54/><E127/><V52/><F78/><W74/><G74/><T110/><D110/><U36/><E98/><V99/><REACH who="2" step="1"/><F91/><REACH who="2" ten="218,234,224,314" step="2"/><W51/><G0/><T61/><D4/><U58/><E2/><V35/><F35/><W14/><G3/><T46/><D39/><U53/><E1/><V132/><F132/><W122/><G122/><T89/><D42/><U20/><E33/><V133/><F133/><W6/><G102/><N who="0" m="60695" /><D63/><U119/><E119/><V27/><F27/><W80/><G26/><T17/><D17/><U44/><E58/><V77/><F77/><W11/><G71/><T125/><D125/><U112/><E112/><V121/><F121/><W86/><G6/><T15/><D25/><U107/><E107/><AGARI ba="0,1" hai="23,24,31,48,52,59,87,90,95,99,100,101,103,107" machi="107" ten="30,8000,1" yaku="1,1,7,1,52,1,54,1,53,1" doraHai="19" doraHaiUra="21" who="2" fromWho="1" sc="218,0,234,-80,224,90,314,0" /><INIT seed="2,0,0,3,5,115" ten="218,154,314,314" oya="2" hai0="65,67,84,7,114,98,92,58,19,85,0,29,79" hai1="60,134,64,56,78,8,121,110,63,77,32,96,30" hai2="118,59,51,132,20,72,41,46,117,90,38,54,31" hai3="16,127,57,33,6,70,112,28,94,131,89,99,103"/><V86/><F72/><W81/><G70/><T105/><D105/><U128/><E121/><V9/><F132/><W42/><G112/><T15/><D114/><U76/><E110/><V130/><F130/><W135/><G131/><T25/><D7/><U113/><E113/><V74/><F74/><W45/><G135/><T66/><D0/><U102/><E128/><V44/><F9/><W87/><G127/><T49/><D79/><U101/><E134/><V37/><F31/><W104/><G6/><T50/><D25/><U82/><E8/><V11/><F20/><W120/><G120/><T119/><D29/><U73/><E102/><V24/><F24/><W100/><G57/><T88/><D119/><U62/><E62/><V55/><F11/><W95/><G103/><T39/><D39/><U111/><E111/><V107/><F107/><W71/><G71/><T43/><D43/><U1/><E1/><V48/><REACH who="2" step="1"/><F37/><REACH who="2" ten="218,154,304,314" step="2"/><W125/><G125/><T40/><D15/><U93/><E30/><V91/><F91/><W5/><G28/><T68/><D19/><U83/><E32/><V75/><F75/><W52/><G33/><T47/><D68/><U3/><E3/><V2/><F2/><W21/><G5/><T17/><D17/><U61/><E73/><V22/><F22/><W106/><G104/><T122/><D122/><U10/><E10/><V26/><F26/><W23/><G23/><T13/><D13/><U133/><E133/><V18/><F18/><W108/><G16/><T123/><D123/><U80/><AGARI ba="0,1" hai="56,60,61,63,64,76,77,78,80,82,83,93,96,101" machi="80" ten="30,2000,0" yaku="0,1,8,1" doraHai="115" who="1" fromWho="1" sc="218,-5,154,30,304,-10,314,-5" /><INIT seed="3,0,0,3,4,7" ten="213,184,294,309" oya="3" hai0="71,114,113,35,54,104,30,53,127,129,83,103,14" hai1="2,94,10,70,62,75,20,58,21,90,68,106,120" hai2="19,23,25,39,111,110,44,1,37,13,12,121,32" hai3="60,81,77,28,105,100,84,79,135,85,38,18,73"/><W3/><G38/><T97/><D127/><U95/><E106/><V17/><F121/><W118/><G118/><T115/><D129/><U43/><E75/><V78/><F78/><W87/><G3/><T34/><D71/><U74/><E74/><V69/><F69/><W52/><G135/><T9/><D83/><U116/><E116/><V65/><F65/><W98/><G28/><T41/><D41/><U66/><E120/><V101/><F1/><W119/><G119/><T8/><D30/><U107/><E107/><V88/><F101/><W22/><G60/><T24/><D24/><U82/><E43/><V56/><F56/><W128/><G128/><T130/><D130/><U117/><E117/><V49/><F32/><N who="0" m="12330" /><D9/><U57/><E82/><V109/><F88/><W31/><G31/><T48/><D48/><U99/><E70/><V86/><F86/><W26/><G77/><T15/><D15/><N who="2" m="5706" /><F17/><AGARI ba="0,0" hai="8,14,17,53,54,97,103,104,113,114,115" m="12330" machi="17" ten="40,2600,0" yaku="11,1,52,1" doraHai="7" who="0" fromWho="2" sc="213,26,184,0,294,-26,309,0" owari="239,-16.1,184,-31.6,268,6.8,309,40.9" /></mjloggm>