<mjloggm ver="2.3"><GO type="225" lobby="0"/><UN n0="%65%6B%61%72%75%74%65" n1="%E4%BF%BA%E3%81%A8%E5%A6%96%E5%A4%A2" n2="%E5%A4%9C%E5%85%89%E5%A4%A9%E6%A5%BC" n3="%E5%8D%A0%E3%81%84%E5%B8%AB%E8%A3%8F%E3%81%AA%E3%81%84%E3%81%97" dan="16,17,17,17" rate="2183.87,2194.41,2164.77,2206.82" sx="M,F,F,M"/><TAIKYOKU oya="0"/><INIT seed="0,0,0,5,2,29" ten="250,250,250,250" oya="0" hai0="55,103,19,40,7,2,23,122,77,36,116,117,119" hai1="42,80,83,108,44,58,62,100,3,12,69,78,118" hai2="13,17,10,59,1,105,126,74,60,48,135,25,107" hai3="63,79,129,28,88,106,26,75,72,41,104,0,110"/><T61/><D122/><U85/><E118/><V121/><F121/><W73/><G73/><T127/><BYE who="3" /><D127/><UN n3="%E5%8D%A0%E3%81%84%E5%B8%AB%E8%A3%8F%E3%81%AA%E3%81%84%E3%81%97" /><U24/><E3/><V92/><F74/><W128/><G110/><T21/><D103/><U22/><E108/><V94/><F126/><W67/><G0/><T93/><D77/><U39/><E69/><V27/><F135/><W11/><G41/><T131/><D131/><N who="3" m="50249" /><G11/><T49/><D61/><U68/><E68/><V35/><F105/><N who="3" m="40555" /><G79/><T130/><D130/><U120/><E120/><V6/><F107/><W133/><G88/><T98/><D40/><U134/><E134/><V87/><F87/><W101/><G101/><T32/><D36/><U56/><E100/><V45/><F1/><W97/><G97/><T124/><D124/><U51/><E80/><V5/><F92/><W37/><G37/><T50/><D7/><U132/><E132/><V33/><F94/><W43/><G43/><T8/><D2/><U16/><E39/><V30/><F48/><W111/><G111/><T57/><D49/><U125/><E125/><V102/><F102/><W76/><G76/><T31/><D8/><N who="1" m="6151" /><E62/><V114/><F45/><W109/><G109/><T89/><REACH who="0" step="1"/><D19/><AGARI ba="0,0" hai="19,22,24,42,44,51,56,58,78,83,85" m="6151" machi="19" ten="30,2000,0" yaku="8,1,54,1" doraHai="29" who="1" fromWho="0" sc="250,-20,250,20,250,0,250,0" /><INIT seed="1,0,0,4,1,81" ten="230,270,250,250" oya="1" hai0="132,97,58,56,65,66,74,114,60,80,10,102,110" hai1="42,9,54,87,34,29,24,108,84,57,111,101,59" hai2="31,90,20,25,100,77,127,11,122,120,79,16,44" hai3="112,62,126,50,39,48,116,134,91,131,68,86,82"/><U30/><E30/><V2/><F127/><W21/><G112/><T13/><D114/><U71/><E71/><V6/><F100/><W8/><G39/><T37/><D37/><U7/><E101/><V128/><F128/><W107/><G107/><T123/><D110/><N who="1" m="42027" /><E42/><V46/><F90/><W92/><G131/><T78/><D132/><U63/><E59/><V119/><F119/><W26/><G126/><T41/><D41/><U124/><E124/><V18/><F122/><W53/><G134/><T35/><D35/><U106/><E106/><V67/><F67/><W130/><G8/><T33/><D33/><U98/><E98/><V93/><F120/><W43/><G43/><T12/><D123/><U115/><E115/><V133/><F133/><W23/><G23/><T88/><D102/><U61/><E61/><V96/><F46/><W85/><G116/><T47/><D47/><U5/><E5/><V51/><F31/><N who="3" m="17871" /><G68/><T17/><D13/><AGARI ba="0,0" hai="7,9,13,24,29,34,54,57,63,84,87" m="42027" machi="13" ten="30,11600,0" yaku="14,1,10,1,52,2" doraHai="81" who="1" fromWho="0" sc="230,-116,270,116,250,0,250,0" /><INIT seed="1,1,0,4,1,4" ten="114,386,250,250" oya="1" hai0="89,48,14,102,21,65,55,64,24,127,131,27,100" hai1="28,17,43,26,15,44,58,110,121,99,92,9,3" hai2="74,118,13,83,47,25,59,75,78,31,35,107,94" hai3="130,108,112,124,66,120,96,128,71,11,63,113,79"/><U42/><E121/><V86/><F118/><W135/><G120/><T10/><D127/><U77/><E110/><V93/><F107/><W84/><G108/><T101/><D131/><N who="3" m="50217" /><G124/><T7/><D89/><U122/><E122/><V34/><F34/><W72/><G72/><T80/><D80/><U8/><E77/><V115/><F115/><W105/><G135/><T2/><D2/><U134/><E134/><V76/><F76/><W90/><G79/><T19/><REACH who="0" step="1"/><D27/><REACH who="0" ten="104,386,250,250" step="2"/><U103/><E3/><V16/><F75/><W39/><G90/><T51/><D51/><U67/><E26/><V45/><F74/><W12/><G113/><T22/><D22/><U61/><E8/><V50/><F78/><W95/><G112/><T81/><D81/><U68/><E68/><V109/><F109/><W32/><G71/><T6/><D6/><U69/><E69/><V46/><F83/><W40/><G11/><T111/><D111/><U123/><E123/><V91/><F91/><W29/><G32/><T56/><AGARI ba="1,1" hai="7,10,14,19,21,24,48,55,56,64,65,100,101,102" machi="56" ten="30,7900,0" yaku="1,1,0,1,8,1,52,1,53,0" doraHai="4" doraHaiUra="85" who="0" fromWho="0" sc="104,92,386,-40,250,-21,250,-21" /><INIT seed="2,0,0,2,0,23" ten="196,346,229,229" oya="2" hai0="28,52,12,111,115,105,21,83,75,124,35,17,50" hai1="62,25,71,40,119,2,13,95,113,59,11,44,85" hai2="26,135,4,66,56,30,41,89,39,79,68,64,103" hai3="128,125,109,74,16,53,102,22,81,58,127,5,55"/><V129/><F68/><W96/><G109/><T7/><D115/><U114/><E119/><V104/><F129/><W121/><G5/><T57/><D105/><U76/><E71/><V92/><F135/><W54/><G121/><T0/><D111/><U131/><E2/><V32/><F79/><W14/><G128/><T31/><D124/><N who="3" m="47689" /><G81/><T126/><D126/><U133/><E131/><V98/><F4/><W51/><G74/><T27/><D31/><U6/><E133/><V36/><F41/><W107/><AGARI ba="0,0" hai="14,16,22,51,53,54,55,58,96,102,107" m="47689" machi="107" ten="30,2000,0" yaku="18,1,54,1" doraHai="23" who="3" fromWho="3" sc="196,-5,346,-5,229,-10,229,20" /><INIT seed="3,0,0,3,0,55" ten="191,341,219,249" oya="3" hai0="118,33,24,30,129,122,46,61,115,35,54,98,70" hai1="104,93,97,48,29,38,127,58,106,65,132,99,0" hai2="5,119,108,59,41,78,103,32,6,120,76,49,130" hai3="39,100,66,102,72,94,105,31,40,77,114,14,112"/><W43/><G39/><T16/><D122/><U60/><E38/><V9/><F119/><W85/><G66/><T123/><D123/><U74/><E0/><V22/><F120/><W36/><G36/><T89/><D118/><U12/><E74/><V57/><F32/><W95/><G31/><T116/><D116/><U113/><E113/><V73/><F103/><W126/><G72/><T64/><D115/><U11/><E132/><V3/><F108/><W23/><G105/><T8/><D129/><U117/><E127/><V107/><F107/><W124/><G14/><T91/><D35/><U84/><E117/><V71/><F71/><W128/><G23/><T87/><D98/><U18/><E29/><V79/><F130/><W110/><G128/><T69/><D69/><U121/><E121/><V134/><F134/><W47/><G47/><T109/><D109/><U45/><E84/><V17/><F6/><W51/><G85/><T53/><D46/><U34/><E97/><V21/><F21/><W101/><G110/><T15/><REACH who="0" step="1"/><D89/><REACH who="0" ten="181,341,219,249" step="2"/><U4/><E34/><V92/><F73/><W133/><G114/><T83/><AGARI ba="0,1" hai="8,15,16,24,30,33,53,54,61,64,70,83,87,91" machi="83" ten="20,12000,2" yaku="1,1,2,1,0,1,7,1,54,1,53,1" doraHai="55" doraHaiUra="26" who="0" fromWho="0" sc="181,130,341,-30,219,-30,249,-60" owari="311,41.1,311,11.1,189,-21.1,189,-31.1" /></mjloggm>