<mjloggm ver="2.3"><GO type="225" lobby="0"/><UN n0="%4E%6F%2E%30%30%30%31" n1="%33%74%72%65%65" n2="%E4%BF%BA%E3%81%A8%E5%A6%96%E5%A4%A2" n3="%E3%81%AF%E3%82%88%E3%81%8A%E3%81%98%E3%81%95%E3%82%93" dan="18,17,17,16" rate="2245.65,2237.83,2209.47,2090.33" sx="M,F,F,M"/><TAIKYOKU oya="0"/><INIT seed="0,0,0,4,4,5" ten="250,250,250,250" oya="0" hai0="67,53,21,59,92,10,117,65,30,83,43,25,129" hai1="33,18,52,12,32,76,112,133,78,105,94,4,69" hai2="20,7,114,97,79,116,130,6,89,124,91,73,90" hai3="3,71,108,26,31,100,126,77,95,11,37,127,123"/><T49/><D117/><U8/><E105/><V42/><F114/><W125/><G37/><T135/><D129/><U107/><E107/><V54/><F130/><W87/><G71/><T19/><D135/><U39/><E133/><V82/><F116/><W102/><G108/><T45/><D83/><U86/><E112/><V15/><F124/><W57/><G123/><T2/><D92/><U40/><E69/><V84/><F42/><W16/><G57/><T60/><REACH who="0" step="1"/><D2/><REACH who="0" ten="240,250,250,250" step="2"/><U106/><E106/><V109/><F109/><W111/><G111/><T13/><AGARI ba="0,1" hai="10,13,19,21,25,30,43,45,49,53,59,60,65,67" machi="13" ten="30,18000,2" yaku="1,1,2,1,0,1,8,1,52,1,53,1" doraHai="5" doraHaiUra="44" who="0" fromWho="0" sc="240,190,250,-60,250,-60,250,-60" /><INIT seed="0,1,0,2,5,129" ten="430,190,190,190" oya="0" hai0="2,58,8,47,21,133,98,126,9,19,37,78,110" hai1="51,38,35,94,131,108,109,100,103,82,24,125,81" hai2="104,114,26,42,88,56,33,86,71,0,4,116,10" hai3="31,22,48,46,113,18,55,16,115,101,76,135,99"/><T105/><D126/><U73/><E38/><V20/><F114/><W134/><G76/><T118/><D118/><U28/><E125/><V53/><F116/><W5/><G5/><T11/><D78/><N who="1" m="44239" /><E131/><V79/><F71/><W111/><G111/><N who="1" m="42570" /><E94/><V121/><F79/><W106/><G31/><T27/><D110/><U39/><E39/><V45/><F104/><W29/><G29/><T119/><D2/><U61/><E82/><V6/><F6/><W120/><G18/><T14/><D119/><U15/><E51/><V67/><F67/><W127/><G120/><T64/><D37/><U123/><E123/><V95/><F121/><W87/><G87/><T69/><D69/><U85/><E85/><V117/><F117/><W89/><G89/><T70/><D70/><U66/><E15/><V41/><F33/><W32/><G32/><T13/><D105/><U17/><E17/><V25/><F45/><W83/><G83/><T130/><D47/><U65/><E61/><V44/><F44/><W62/><G62/><N who="0" m="37975" /><D98/><U132/><E66/><V72/><F72/><W96/><G99/><T84/><D84/><U68/><E65/><V112/><F112/><N who="3" m="43083" /><G127/><T36/><D130/><U102/><E68/><V93/><F93/><W91/><G91/><T3/><D3/><U54/><E54/><V60/><F26/><W122/><G122/><T75/><D75/><U80/><E80/><V34/><F34/><W49/><G48/><T23/><D36/><U77/><E77/><V57/><F88/><W1/><G1/><T7/><D7/><U50/><E50/><V63/><F86/><RYUUKYOKU ba="1,0" sc="430,-15,190,15,190,-15,190,15" hai1="24,28,35,100,102,103,132" hai3="16,22,46,49,55,96,101,106,134,135" /><INIT seed="1,2,0,2,5,87" ten="415,205,175,205" oya="1" hai0="117,46,95,77,21,44,97,130,74,118,85,90,79" hai1="56,54,80,7,8,52,75,62,10,134,82,41,120" hai2="48,135,38,101,60,57,13,24,18,94,66,99,22" hai3="110,9,69,33,32,122,42,23,109,88,31,112,131"/><U132/><E120/><V127/><F38/><W5/><G122/><T63/><D130/><U96/><E41/><V14/><F135/><N who="1" m="51753" /><E96/><V67/><F127/><W84/><G112/><T50/><D74/><U124/><E124/><V51/><F66/><W71/><G42/><T83/><D77/><N who="1" m="44095" /><E82/><V29/><REACH who="2" step="1"/><F13/><REACH who="2" ten="415,205,165,205" step="2"/><N who="3" m="5295" /><G71/><T78/><D118/><U37/><E37/><V61/><F61/><W12/><G69/><T34/><D63/><U2/><E10/><AGARI ba="2,1" hai="10,14,18,22,24,29,48,51,57,60,67,94,99,101" machi="10" ten="30,8000,1" yaku="1,1,7,1,25,2,8,1,53,0" doraHai="87" doraHaiUra="86" who="2" fromWho="1" sc="415,0,205,-86,165,96,205,0" /><INIT seed="2,0,0,2,1,106" ten="415,119,261,205" oya="2" hai0="7,29,12,15,48,61,60,59,53,125,25,49,84" hai1="122,98,8,65,9,116,51,79,22,28,134,128,46" hai2="55,107,68,90,54,1,103,70,3,118,130,33,99" hai3="57,75,36,31,83,64,96,58,131,6,69,34,97"/><V52/><F118/><W93/><G36/><T73/><D73/><U41/><E116/><V76/><F33/><W113/><G131/><T124/><D84/><U82/><E134/><V78/><F130/><W74/><G113/><T43/><D48/><U77/><E128/><V109/><F109/><W63/><G6/><T88/><D88/><U112/><E112/><V129/><F129/><W115/><G115/><T5/><D5/><U94/><E122/><V101/><F90/><W119/><G119/><T66/><D43/><U67/><E28/><V80/><F80/><W126/><G126/><N who="0" m="48747" /><D7/><U18/><E65/><V2/><REACH who="2" step="1"/><F101/><REACH who="2" ten="415,119,251,205" step="2"/><W87/><G34/><N who="0" m="20783" /><D60/><U39/><E82/><V17/><F17/><W127/><G31/><T56/><AGARI ba="0,1" hai="12,15,49,53,56,59,61,66" m="20783,48747" machi="56" ten="30,1100,0" yaku="18,1" doraHai="106" who="0" fromWho="0" sc="415,21,119,-3,251,-5,205,-3" /><INIT seed="3,0,0,2,1,14" ten="436,116,246,202" oya="3" hai0="132,124,85,97,118,64,116,93,23,36,125,2,96" hai1="40,120,86,90,131,130,19,126,129,69,1,41,114" hai2="58,6,43,70,38,100,82,3,10,133,11,26,55" hai3="77,101,53,104,117,128,106,88,122,48,25,30,134"/><W66/><G117/><T95/><D2/><U0/><E120/><V65/><F133/><W109/><G122/><T22/><D85/><U76/><E114/><V98/><F82/><W21/><G134/><T17/><D132/><U39/><E76/><V18/><F65/><W112/><G112/><T8/><D8/><U52/><E69/><V79/><F79/><W56/><G128/><T81/><D81/><U62/><E126/><V31/><F70/><W92/><G109/><T103/><D64/><U24/><E39/><V51/><F43/><W80/><G101/><T44/><D44/><U84/><E1/><V61/><F38/><W50/><G50/><T67/><D67/><U78/><E0/><V72/><F72/><W46/><G46/><T127/><D36/><U63/><E78/><V20/><F51/><W28/><G30/><T68/><D68/><U91/><E24/><V83/><F83/><W60/><G48/><T111/><D23/><U29/><E29/><V42/><F42/><W45/><G45/><T35/><D35/><U89/><E62/><V73/><F73/><W13/><G13/><N who="0" m="9519" /><D111/><U75/><E75/><V54/><F3/><W87/><REACH who="3" step="1"/><G66/><REACH who="3" ten="436,116,246,192" step="2"/><T99/><D103/><U16/><E41/><V47/><F100/><W121/><G121/><T12/><D12/><U71/><E40/><V113/><F113/><W74/><AGARI ba="0,1" hai="21,25,28,53,56,60,74,77,80,87,88,92,104,106" machi="74" ten="20,12000,1" yaku="1,1,0,1,7,1,54,1,53,1" doraHai="14" doraHaiUra="27" who="3" fromWho="3" sc="436,-40,116,-40,246,-40,192,130" /><INIT seed="3,1,0,2,2,37" ten="396,76,206,322" oya="3" hai0="130,77,100,26,59,72,82,35,94,112,90,43,34" hai1="74,50,57,62,97,127,66,11,64,53,6,121,108" hai2="55,9,46,128,38,45,24,31,22,3,105,102,79" hai3="4,107,95,14,70,96,92,25,101,15,84,13,47"/><W93/><G70/><T81/><D130/><U42/><E121/><V115/><F115/><W104/><G104/><T58/><D112/><U91/><E108/><V111/><F111/><W76/><G4/><T17/><D100/><U75/><E75/><V30/><F128/><W52/><G25/><T54/><D82/><U134/><E74/><V86/><F102/><W122/><G122/><T51/><D43/><U40/><E127/><V63/><F105/><W123/><G123/><T20/><D59/><U60/><E134/><V133/><F31/><W99/><G84/><AGARI ba="1,0" hai="17,20,26,34,35,51,54,58,72,77,81,84,90,94" machi="84" ten="30,1000,0" yaku="7,1" doraHai="37" who="0" fromWho="3" sc="396,13,76,0,206,0,322,-13" owari="409,50.9,76,-42.4,206,-19.4,309,10.9" /></mjloggm>