<mjloggm ver="2.3"><GO type="225" lobby="0"/><UN n0="%E3%82%B2%E3%82%B9%E8%8C%82%E5%8B%9D" n1="%E6%B4%BE%E9%81%A3%E3%81%AE%E3%82%B8%E3%83%A3%E3%83%83%E3%82%AF" n2="%E4%BE%BF%E6%89%80" n3="%E3%81%B2%E3%81%AA%E3%81%AE%E3%82%8A%E3%81%8F" dan="16,17,16,17" rate="2038.36,2198.03,2071.73,2149.94" sx="F,M,M,M"/><TAIKYOKU oya="0"/><INIT seed="0,0,0,2,0,89" ten="250,250,250,250" oya="0" hai0="83,130,0,59,81,31,44,132,14,121,109,114,42" hai1="17,10,28,13,102,9,108,106,110,115,23,78,49" hai2="88,7,96,80,76,71,64,33,26,11,52,98,8" hai3="84,134,29,128,111,24,21,19,50,63,99,56,131"/><T61/><D121/><U119/><E78/><V22/><F33/><W97/><G111/><N who="1" m="42538" /><E119/><V30/><F71/><W104/><G134/><T92/><D109/><U85/><E115/><V60/><F64/><W122/><G122/><T39/><D0/><U101/><E49/><V38/><F38/><W100/><G99/><T37/><D37/><U113/><E113/><V51/><F60/><W79/><G50/><T27/><D130/><N who="3" m="49705" /><G84/><T93/><D132/><U77/><E106/><V6/><F11/><N who="1" m="4105" /><E28/><V72/><F88/><W2/><G79/><T41/><D42/><U55/><E55/><V129/><F6/><W3/><G29/><T86/><D14/><U35/><E35/><V69/><F129/><W91/><G91/><T62/><D62/><U25/><E13/><V120/><F120/><W74/><G74/><T20/><D114/><U133/><E133/><V5/><F5/><W66/><AGARI ba="0,0" hai="2,3,19,21,24,56,63,66,97,100,104" m="49705" machi="66" ten="30,1100,0" yaku="19,1" doraHai="89" who="3" fromWho="3" sc="250,-5,250,-3,250,-3,250,11" /><INIT seed="1,0,0,3,5,111" ten="245,247,247,261" oya="1" hai0="129,14,28,84,24,132,8,131,1,78,25,5,90" hai1="34,30,56,12,128,49,99,109,2,123,64,37,112" hai2="21,7,79,76,22,89,46,33,51,41,107,60,105" hai3="52,18,120,114,71,73,0,87,86,97,68,104,119"/><U94/><E123/><V57/><F33/><W10/><G120/><T116/><D116/><U126/><E2/><V36/><F105/><W80/><G73/><T47/><D78/><U26/><E37/><V11/><F107/><W130/><G119/><T42/><D132/><U53/><E126/><V83/><F89/><W20/><G130/><T45/><D1/><U15/><E128/><N who="0" m="49225" /><D42/><U69/><E109/><V44/><F44/><N who="0" m="16970" /><D28/><U110/><E110/><V81/><F81/><AGARI ba="0,0" hai="5,8,14,24,25,81,84,90" m="16970,49225" machi="81" ten="30,1000,0" yaku="19,1" doraHai="111" who="0" fromWho="2" sc="245,10,247,0,247,-10,261,0" /><INIT seed="2,0,0,0,1,21" ten="255,247,237,261" oya="2" hai0="102,4,125,8,135,71,115,108,27,65,98,22,74" hai1="129,96,51,118,47,54,1,48,75,62,128,122,134" hai2="114,109,120,124,49,35,23,104,45,88,57,16,13" hai3="9,85,119,55,101,10,0,28,46,116,94,42,33"/><V78/><F114/><W130/><G130/><N who="1" m="50282" /><E1/><V100/><F120/><W132/><G132/><T90/><D115/><U69/><E75/><V29/><F124/><W43/><G55/><T32/><D125/><U121/><E96/><V126/><F126/><W30/><G43/><T79/><D90/><U11/><E11/><V5/><F78/><W91/><G101/><T72/><D108/><U3/><E3/><V110/><F5/><W95/><G10/><T127/><D127/><U60/><E118/><V53/><F45/><W63/><G116/><T107/><D32/><U67/><E134/><V106/><F88/><W83/><G9/><T84/><D84/><U99/><E99/><V80/><F80/><W64/><G0/><T56/><D71/><U36/><E36/><V73/><F73/><W15/><G119/><T44/><D79/><U12/><E12/><V131/><F131/><W97/><G15/><T18/><D44/><N who="1" m="27911" /><E62/><V40/><F40/><AGARI ba="0,0" hai="40,47,51,60,67,69,121,122" m="27911,50282" machi="40" ten="30,3900,0" yaku="19,1,34,2" doraHai="21" who="1" fromWho="2" sc="255,0,247,39,237,-39,261,0" /><INIT seed="3,0,0,0,2,72" ten="255,286,198,261" oya="3" hai0="74,5,17,96,25,8,48,0,66,54,34,57,130" hai1="15,70,12,93,31,49,13,114,24,20,82,32,67" hai2="127,11,124,109,111,117,98,94,80,100,40,119,4" hai3="75,79,133,112,118,61,14,50,73,16,44,53,69"/><W121/><G112/><T28/><D130/><U113/><E93/><V85/><F40/><W129/><G118/><T115/><D115/><U63/><E32/><V18/><F18/><W106/><G121/><T27/><D74/><U95/><E95/><V62/><F62/><W105/><G129/><T91/><D66/><U134/><E134/><V42/><F42/><W36/><G133/><T101/><D91/><U29/><E29/><V89/><F11/><W83/><G36/><T21/><D96/><U71/><E71/><V126/><REACH who="2" step="1"/><F4/><REACH who="2" ten="255,286,188,261" step="2"/><W135/><G135/><T7/><D5/><U76/><REACH who="1" step="1"/><E49/><REACH who="1" ten="255,276,188,261" step="2"/><V99/><F99/><W45/><G50/><T68/><D68/><U23/><E23/><V30/><F30/><W110/><G69/><T97/><D97/><U26/><E26/><V78/><F78/><W102/><G79/><T125/><D48/><U2/><E2/><V58/><F58/><W132/><G132/><T19/><D57/><U38/><E38/><V51/><F51/><W128/><G128/><T59/><D59/><U87/><AGARI ba="0,2" hai="12,13,15,20,24,31,63,67,70,76,82,87,113,114" machi="87" ten="30,4000,0" yaku="1,1,0,1,52,1,53,0" doraHai="72" doraHaiUra="55" who="1" fromWho="1" sc="255,-10,276,60,188,-10,261,-20" owari="245,4.5,336,43.6,178,-32.2,241,-15.9" /></mjloggm>