<mjloggm ver="2.3"><GO type="225" lobby="0"/><UN n0="%6D%75%75%6D%75%72%61" n1="%38%38%32%33%34%36%37" n2="%E7%9C%89%E6%9C%AC%E6%A5%A0%E5%90%BE" n3="%E7%A7%8B%E6%9C%88%E7%9C%9F%E7%90%86%E4%BA%9E" dan="17,16,16,16" rate="2145.92,2079.84,2046.53,2103.86" sx="F,M,M,F"/><TAIKYOKU oya="0"/><INIT seed="0,0,0,0,0,17" ten="250,250,250,250" oya="0" hai0="35,51,38,3,118,67,96,120,56,6,65,36,114" hai1="121,44,8,95,70,39,49,55,72,119,79,14,41" hai2="91,71,63,133,37,112,87,135,43,48,64,50,10" hai3="28,115,26,83,27,101,5,74,131,53,45,105,125"/><T92/><D114/><U11/><E119/><V22/><F10/><W57/><G115/><T132/><D118/><U75/><E121/><V68/><F112/><W46/><G131/><T59/><D120/><U85/><E70/><V84/><F84/><W40/><G125/><T102/><D35/><U20/><E11/><V58/><F87/><W94/><G105/><T7/><D132/><N who="2" m="50762" /><F22/><W117/><G117/><T111/><D111/><U106/><E106/><V60/><F91/><W21/><G5/><T129/><D129/><U86/><E86/><V128/><F128/><W116/><G116/><T0/><D51/><N who="2" m="19498" /><F63/><N who="3" m="36271" /><G74/><T104/><D104/><U33/><E33/><V54/><F64/><W19/><G83/><T109/><D109/><U76/><E20/><V66/><F66/><W34/><G34/><T52/><D92/><U16/><E75/><V61/><F61/><W24/><G40/><T127/><D96/><U98/><E85/><V103/><F103/><W78/><G78/><T9/><D9/><U88/><REACH who="1" step="1"/><E72/><REACH who="1" ten="250,240,250,250" step="2"/><V99/><F99/><N who="3" m="59639" /><G28/><T15/><D0/><U97/><E97/><V80/><F80/><W108/><G108/><T124/><D3/><U81/><E81/><V123/><F123/><W1/><G1/><T122/><D122/><U73/><E73/><V69/><F69/><W93/><G93/><T47/><D6/><U42/><E42/><V31/><F31/><W130/><G130/><T13/><D7/><U90/><E90/><V89/><F89/><W77/><G77/><T12/><D102/><U4/><E4/><V82/><F82/><W18/><G21/><RYUUKYOKU ba="0,1" sc="250,-30,240,10,250,10,250,10" hai1="8,14,16,39,41,44,49,55,76,79,88,95,98" hai2="37,43,54,58,60,68,71" hai3="18,19,24,26,27,45,46" /><INIT seed="1,1,1,3,4,133" ten="220,250,260,260" oya="1" hai0="64,41,4,90,10,3,129,77,12,105,115,126,118" hai1="65,18,17,119,54,29,88,6,124,15,71,107,22" hai2="63,42,87,102,112,104,21,83,89,108,0,36,56" hai3="81,91,53,93,100,59,35,92,101,32,5,34,70"/><U69/><E119/><V7/><F112/><W51/><G70/><T23/><D115/><U80/><E107/><V82/><F108/><W50/><G5/><T114/><D114/><U1/><E29/><V43/><F104/><W27/><G27/><T26/><D118/><U125/><E6/><V116/><F102/><W85/><G92/><T109/><D105/><U94/><E1/><V33/><F33/><W13/><G13/><T79/><D109/><U11/><E80/><V106/><F106/><W68/><G68/><T67/><D129/><U75/><E75/><V98/><F98/><W121/><G121/><T37/><D3/><U134/><E54/><V31/><F7/><W123/><G123/><T95/><D37/><U20/><E134/><V130/><F36/><W131/><G131/><T111/><D41/><N who="2" m="15370" /><F0/><W25/><G25/><T2/><D2/><U57/><E57/><V62/><F62/><W113/><G113/><T48/><D48/><U73/><E73/><V14/><F130/><W72/><REACH who="3" step="1"/><G50/><REACH who="3" ten="220,250,260,250" step="2"/><T30/><D111/><U45/><E71/><V60/><F116/><W8/><G8/><T44/><D4/><U49/><E11/><V117/><F117/><W135/><G135/><T86/><D10/><U55/><E69/><V61/><F83/><W110/><G110/><T28/><D95/><U99/><REACH who="1" step="1"/><E65/><REACH who="1" ten="220,240,260,250" step="2"/><N who="2" m="39047" /><F31/><W66/><G66/><T120/><D30/><U103/><E103/><V78/><F78/><AGARI ba="1,3" hai="32,34,35,51,53,59,72,78,81,85,91,93,100,101" machi="78" ten="40,1300,0" yaku="1,1,53,0" doraHai="133" doraHaiUra="122" who="3" fromWho="2" sc="220,0,240,0,260,-16,250,46" /><INIT seed="2,0,0,4,1,133" ten="220,240,244,296" oya="2" hai0="66,113,99,131,75,50,13,101,25,53,114,95,59" hai1="52,55,60,110,128,93,18,15,63,58,7,54,68" hai2="34,102,72,17,92,73,117,84,40,11,61,108,74" hai3="123,44,24,48,51,46,104,82,96,119,23,1,5"/><V37/><F117/><W6/><G119/><T98/><D131/><U103/><E128/><V47/><F34/><W26/><G123/><T27/><D75/><U39/><E39/><V65/><F108/><W130/><G130/><T105/><D66/><U88/><E110/><V78/><F102/><W129/><G129/><T97/><D13/><U111/><E68/><V36/><F36/><W45/><G82/><T118/><D118/><U8/><E111/><V21/><F11/><W70/><G70/><T71/><D98/><N who="1" m="57639" /><E103/><V85/><F92/><W83/><G1/><T91/><REACH who="0" step="1"/><D71/><REACH who="0" ten="210,240,244,296" step="2"/><U125/><E125/><V29/><F78/><W77/><G96/><T3/><D3/><U87/><E63/><V2/><F2/><W30/><G26/><AGARI ba="0,1" hai="25,26,27,50,53,59,91,95,97,99,101,105,113,114" machi="26" ten="40,1300,0" yaku="1,1,53,0" doraHai="133" doraHaiUra="79" who="0" fromWho="3" sc="210,23,240,0,244,0,296,-13" /><INIT seed="3,0,0,0,1,51" ten="233,240,244,283" oya="3" hai0="71,53,6,0,24,65,42,83,20,77,31,106,41" hai1="116,32,7,22,105,56,46,4,23,48,43,14,125" hai2="18,72,117,29,49,16,81,99,123,98,90,33,55" hai3="101,5,3,131,62,103,34,38,78,97,130,59,104"/><W57/><G38/><T121/><D121/><U10/><E32/><V100/><F117/><W60/><G34/><T25/><D106/><U119/><E105/><V45/><F123/><W44/><G44/><T30/><D71/><U19/><E125/><V108/><F108/><W36/><G36/><T58/><D65/><U102/><E102/><V85/><F72/><W69/><G103/><T134/><D134/><U1/><E56/><N who="3" m="21578" /><G78/><T107/><D107/><U27/><E1/><V11/><F33/><W129/><G69/><T109/><D109/><U74/><E74/><V67/><F67/><W114/><G114/><T37/><D37/><U61/><E61/><N who="3" m="23658" /><G5/><N who="1" m="2122" /><E27/><V132/><F132/><W35/><G35/><T63/><D6/><U133/><E133/><V21/><F100/><W89/><G89/><T111/><D0/><AGARI ba="0,0" hai="0,3,97,101,104,129,130,131" m="23658,21578" machi="0" ten="40,2000,0" yaku="19,1" doraHai="51" who="3" fromWho="0" sc="233,-20,240,0,244,0,283,20" owari="213,-28.7,240,-16.0,244,4.4,303,40.3" /></mjloggm>