<mjloggm ver="2.3"><GO type="225" lobby="0"/><UN n0="%E3%83%8F%E3%83%B3%E3%83%89%E3%83%A9%E3%83%BC%E3%83%BB%E3%83%AF%E3%83%B3" n1="%E3%81%AA%E3%82%81%E3%81%93%E9%9B%80%E5%A3%AB" n2="%77%72%77%72%77%72%77%72" n3="%E7%89%B9%E6%9D%B1%E3%81%AF%E4%B8%96%E7%95%8C%E3%82%92%E6%95%91%E3%81%86" dan="17,16,17,16" rate="2265.88,2095.57,2193.82,2158.02" sx="M,M,M,M"/><TAIKYOKU oya="0"/><INIT seed="0,0,0,5,3,79" ten="250,250,250,250" oya="0" hai0="85,71,14,46,52,111,50,29,110,86,128,113,131" hai1="33,36,24,102,2,61,104,53,109,94,42,6,89" hai2="9,118,125,87,22,23,21,107,18,99,105,77,1" hai3="0,12,41,106,35,65,75,108,27,63,74,84,95"/><T100/><D71/><U34/><E109/><N who="0" m="41481" /><D113/><U114/><E102/><V15/><F125/><W116/><G0/><T123/><D123/><U124/><E104/><V92/><F118/><W73/><G106/><T133/><D133/><U47/><E6/><V135/><F1/><W120/><G108/><T49/><D29/><U25/><E2/><V32/><F32/><W13/><G116/><T134/><D134/><U30/><E124/><V44/><F135/><W17/><G41/><N who="0" m="24783" /><D14/><U8/><E114/><V98/><F44/><W119/><G119/><T39/><D100/><U82/><E25/><V54/><F54/><W96/><G120/><T28/><D28/><U26/><E26/><V76/><F107/><W59/><G35/><T3/><D39/><U67/><E24/><V93/><F105/><W129/><G27/><T101/><D101/><U55/><E30/><V7/><F7/><W16/><G12/><T117/><D117/><U88/><E34/><V10/><F10/><W40/><G13/><T11/><D11/><U78/><E33/><V62/><F9/><W80/><G17/><T51/><D51/><U56/><E8/><V66/><F15/><W115/><G16/><T103/><D103/><U90/><REACH who="1" step="1"/><E94/><REACH who="1" ten="250,240,250,250" step="2"/><V58/><F93/><W91/><G115/><T126/><D126/><U31/><E31/><V127/><F127/><W132/><G132/><T43/><D3/><U5/><E5/><V60/><F18/><W64/><G95/><T122/><D122/><U57/><E57/><N who="2" m="37135" /><F92/><N who="3" m="56351" /><G59/><N who="0" m="33175" /><D43/><U4/><E4/><V70/><F21/><W38/><G40/><T48/><D48/><RYUUKYOKU ba="0,1" sc="250,15,240,15,250,-15,250,-15" hai0="85,86,128,131" hai1="36,42,47,53,55,56,61,67,78,82,88,89,90" /><INIT seed="0,1,1,3,4,4" ten="265,255,235,235" oya="0" hai0="97,68,67,49,77,101,3,135,33,56,55,128,13" hai1="108,6,21,59,95,122,117,48,12,26,57,103,109" hai2="27,63,16,36,19,115,18,42,47,7,129,87,119" hai3="60,62,52,29,127,131,120,104,123,45,39,90,113"/><T28/><D3/><U10/><E117/><V81/><F115/><W84/><G113/><T65/><D128/><U111/><E122/><N who="3" m="46634" /><G131/><T80/><D135/><U112/><E112/><V61/><F129/><W30/><G104/><T85/><D68/><U82/><E48/><V78/><F119/><W124/><G39/><T93/><D33/><U133/><E133/><V5/><REACH who="2" step="1"/><F27/><REACH who="2" ten="265,255,225,235" step="2"/><W53/><G124/><T43/><D28/><N who="3" m="10857" /><G127/><T116/><D116/><U0/><E26/><V35/><F35/><W89/><G89/><T41/><D13/><U91/><E0/><V69/><F69/><W32/><G32/><T34/><D34/><U20/><E91/><V74/><F74/><W17/><G17/><T100/><D100/><U8/><E12/><V1/><F1/><W25/><G25/><T134/><D134/><U83/><E108/><V125/><F125/><W96/><G96/><T88/><D101/><U58/><E103/><V38/><F38/><W66/><G45/><T98/><D98/><U107/><E107/><V73/><F73/><W118/><G118/><T105/><D105/><U37/><E37/><V22/><F22/><N who="1" m="8809" /><E109/><V126/><F126/><W121/><G121/><T70/><D70/><U11/><E111/><V110/><F110/><W14/><G14/><T54/><D97/><U79/><E6/><AGARI ba="1,2" hai="5,6,7,16,18,19,36,42,47,61,63,78,81,87" machi="6" ten="40,2600,0" yaku="1,1,54,1,53,0" doraHai="4" doraHaiUra="99" who="2" fromWho="1" sc="265,0,255,-29,225,49,235,0" /><INIT seed="1,0,0,3,2,85" ten="265,226,274,235" oya="1" hai0="7,64,28,134,111,63,53,20,109,74,43,94,126" hai1="71,78,14,45,96,19,17,24,80,21,12,116,59" hai2="4,26,58,68,103,69,86,61,132,104,42,22,40" hai3="66,97,36,11,81,31,70,2,89,123,106,9,29"/><U52/><E71/><V79/><F132/><W16/><G123/><T133/><D74/><U47/><E116/><V76/><F4/><W131/><G36/><T60/><D7/><U108/><E108/><N who="0" m="41545" /><D94/><U51/><E96/><V92/><F104/><W90/><G70/><N who="0" m="42247" /><D20/><U77/><E77/><N who="2" m="29771" /><F68/><W56/><G2/><T41/><D28/><N who="3" m="10825" /><G106/><T124/><D53/><U1/><E1/><V54/><F69/><W121/><G121/><T82/><D82/><U57/><E57/><V8/><F8/><N who="3" m="3147" /><G81/><T130/><D63/><U117/><E117/><V118/><F118/><W128/><G16/><T33/><D33/><U101/><E19/><N who="2" m="12639" /><F103/><W127/><G97/><T93/><D93/><U120/><E101/><V114/><F92/><W23/><G23/><T95/><D95/><U65/><E120/><V107/><F107/><W34/><G34/><T10/><D10/><U67/><E24/><V110/><F110/><W100/><G100/><T5/><D5/><U75/><REACH who="1" step="1"/><E12/><REACH who="1" ten="265,216,274,235" step="2"/><V112/><F61/><N who="3" m="38183" /><G127/><N who="0" m="48683" /><D130/><AGARI ba="0,1" hai="89,90,128,130,131" m="38183,3147,10825" machi="130" ten="30,3900,0" yaku="19,1,52,2" doraHai="85" who="3" fromWho="0" sc="265,-39,216,0,274,0,235,49" /><INIT seed="2,0,0,5,4,28" ten="226,216,274,284" oya="2" hai0="77,120,18,6,92,44,108,81,23,17,117,1,76" hai1="99,94,11,68,91,111,50,90,134,69,109,63,127" hai2="42,102,51,14,72,0,112,25,47,8,10,35,133" hai3="95,45,128,86,2,121,126,30,46,52,39,135,105"/><V65/><F72/><W9/><G121/><T24/><D120/><U84/><E127/><V56/><F112/><W12/><G105/><T130/><D108/><N who="1" m="41547" /><E134/><V93/><F133/><W82/><G135/><T5/><D130/><U41/><E11/><V15/><F0/><W58/><G2/><T97/><D117/><U13/><E13/><N who="2" m="4619" /><F35/><W38/><G128/><T48/><D18/><U32/><E32/><V98/><F25/><W114/><G126/><T49/><D1/><U27/><E27/><V100/><F102/><W62/><G114/><T106/><D106/><U83/><E63/><AGARI ba="0,0" hai="8,10,42,47,51,56,63,65,93,98,100" m="4619" machi="63" ten="30,1500,0" yaku="8,1" doraHai="28" who="2" fromWho="1" sc="226,0,216,-15,274,15,284,0" /><INIT seed="2,1,0,0,0,5" ten="226,201,289,284" oya="2" hai0="6,29,52,100,48,127,122,84,31,37,91,133,9" hai1="13,33,112,39,8,87,62,88,86,80,123,32,7" hai2="66,46,108,27,55,59,129,4,77,22,20,19,113" hai3="70,79,47,21,97,50,93,23,125,43,42,81,121"/><V115/><F129/><W24/><G125/><T67/><D122/><U15/><E112/><V131/><F131/><W75/><G121/><T58/><D37/><U12/><E123/><V54/><F108/><W11/><G70/><T74/><D74/><U109/><E109/><V49/><F66/><W114/><G114/><T64/><D100/><U76/><E39/><V128/><F128/><W101/><G11/><T116/><D133/><U105/><E105/><V118/><F118/><W117/><G117/><T130/><D130/><U16/><E62/><V95/><F4/><W2/><G2/><T111/><D127/><U30/><E30/><N who="0" m="11273" /><D116/><U61/><E61/><V36/><F22/><W72/><G72/><T53/><D53/><U38/><E38/><V35/><F35/><W51/><G24/><T107/><D107/><U41/><E41/><V34/><F34/><W3/><G3/><T60/><D60/><U102/><E102/><V110/><F110/><W71/><G71/><T90/><D90/><U65/><E65/><V40/><F77/><W134/><G134/><T10/><D111/><U98/><E98/><V132/><F132/><W44/><AGARI ba="1,0" hai="21,23,42,43,44,47,50,51,75,79,81,93,97,101" machi="44" ten="30,2000,0" yaku="0,1,9,1" doraHai="5" who="3" fromWho="3" sc="226,-6,201,-6,289,-11,284,23" /><INIT seed="3,0,0,3,2,116" ten="220,195,278,307" oya="3" hai0="42,67,109,33,81,92,39,95,124,10,32,94,64" hai1="100,132,16,82,7,77,96,114,59,51,78,55,5" hai2="80,41,11,46,12,19,93,129,60,75,104,106,117" hai3="53,105,68,71,0,61,128,31,58,91,123,8,66"/><W84/><G123/><T110/><D124/><U126/><E132/><V26/><F117/><W98/><G31/><T38/><D81/><U6/><E114/><V69/><F129/><W119/><G119/><T25/><D10/><U83/><E126/><V118/><F118/><W79/><G79/><T112/><D112/><U48/><E48/><V133/><F133/><W102/><G128/><T120/><D25/><U1/><E1/><V127/><F127/><W23/><G23/><T49/><D49/><U131/><E131/><V113/><F113/><W35/><G35/><N who="0" m="13387" /><D42/><U111/><E111/><N who="0" m="42505" /><D120/><U90/><E16/><V130/><F26/><W62/><G8/><T21/><D21/><U97/><E78/><V36/><F130/><W121/><G121/><T103/><D103/><U125/><E125/><V28/><F28/><W44/><G0/><T122/><D122/><U87/><REACH who="1" step="1"/><E100/><REACH who="1" ten="220,185,278,307" step="2"/><V43/><F19/><W22/><G102/><T73/><D73/><AGARI ba="0,1" hai="5,6,7,51,55,59,73,77,82,83,87,90,96,97" machi="73" ten="40,2600,0" yaku="1,1,2,1,53,0" doraHai="116" doraHaiUra="13" who="1" fromWho="0" sc="220,-26,185,36,278,0,307,0" owari="194,-30.6,221,-17.9,278,7.8,307,40.7" /></mjloggm>