<mjloggm ver="2.3"><GO type="225" lobby="0"/><UN n0="%6D%75%75%6D%75%72%61" n1="%E5%A4%96%E5%B7%9D%E7%AB%9C%E6%88%90" n2="%E9%B3%B3%E6%9D%B1%E3%81%AE%E3%81%86%E3%81%95%E3%81%8E%E3%81%95%E3%82%93" n3="%74%61%6B%75%61%6B%61" dan="17,16,16,17" rate="2231.04,2122.29,2154.56,2189.21" sx="F,M,M,M"/><TAIKYOKU oya="0"/><INIT seed="0,0,0,5,2,50" ten="250,250,250,250" oya="0" hai0="41,13,105,112,82,34,46,88,99,18,45,32,1" hai1="54,73,59,11,79,47,98,39,52,62,103,108,91" hai2="95,4,68,6,29,78,21,135,71,44,60,20,2" hai3="97,128,7,12,86,5,76,126,121,25,101,72,28"/><T55/><D112/><U133/><E108/><V30/><F78/><W119/><G119/><T63/><D1/><U70/><E133/><V117/><F135/><W77/><G128/><T134/><D134/><U0/><E70/><V130/><F130/><W114/><G114/><T15/><D105/><U122/><E91/><V26/><F117/><W120/><G72/><T107/><D107/><U51/><E122/><N who="3" m="47210" /><G126/><T3/><D3/><U116/><E116/><V93/><F2/><W58/><G58/><N who="0" m="35295" /><D34/><U123/><E123/><V16/><F44/><N who="0" m="17002" /><D32/><U104/><E39/><V33/><F33/><N who="3" m="20623" /><G12/><T42/><D15/><U38/><E38/><V65/><F71/><W92/><G76/><T94/><D82/><AGARI ba="0,0" hai="5,7,77,82,86,92,97,101" m="20623,47210" machi="82" ten="30,1000,0" yaku="13,1" doraHai="50" who="3" fromWho="0" sc="250,-10,250,0,250,0,250,10" /><INIT seed="1,0,0,2,2,111" ten="240,250,250,260" oya="1" hai0="93,71,118,35,116,105,12,8,131,130,30,36,67" hai1="41,88,77,55,7,2,95,24,13,31,20,94,119" hai2="6,98,102,73,40,29,4,134,92,3,74,114,99" hai3="47,75,128,38,101,19,56,64,5,85,78,107,59"/><U60/><E119/><V125/><F134/><W82/><G128/><N who="0" m="49195" /><D105/><U1/><E77/><V11/><F125/><W127/><G127/><T84/><D36/><U133/><E95/><V65/><F40/><W124/><G124/><T34/><D71/><U135/><E41/><V80/><F4/><W61/><G38/><T109/><D67/><U123/><E123/><V26/><F80/><W63/><G47/><T46/><D46/><U91/><E91/><V96/><F65/><W113/><G5/><N who="0" m="3087" /><D109/><U121/><E121/><V76/><F76/><W122/><G122/><T90/><D30/><U0/><E13/><V115/><F92/><W9/><G107/><T27/><D27/><U66/><E55/><V120/><F102/><W100/><G75/><T70/><D70/><U42/><E7/><V28/><F28/><W52/><G113/><N who="2" m="43017" /><F120/><W104/><G104/><T14/><D14/><AGARI ba="0,0" hai="9,14,19,52,56,59,61,63,64,78,82,85,100,101" machi="14" ten="40,2600,0" yaku="8,1,54,1" doraHai="111" who="3" fromWho="0" sc="240,-26,250,0,250,0,260,26" /><INIT seed="2,0,0,4,2,24" ten="214,250,250,286" oya="2" hai0="118,75,76,16,88,25,5,13,2,40,33,108,4" hai1="109,35,73,7,6,94,22,69,135,14,27,12,41" hai2="23,66,54,3,59,71,100,26,89,58,103,21,51" hai3="57,116,18,11,77,62,30,64,80,47,134,86,46"/><V19/><F71/><W115/><G116/><T85/><D118/><U132/><E73/><V8/><F89/><W1/><G134/><N who="1" m="51242" /><E41/><V128/><F128/><W67/><G115/><T48/><D2/><U17/><E94/><V68/><F68/><W87/><G67/><T52/><D108/><U0/><E69/><V65/><F3/><W95/><G30/><T83/><D40/><U105/><E105/><V34/><F34/><W130/><G130/><T9/><D33/><U74/><E74/><V110/><F8/><W120/><G120/><T45/><D25/><N who="1" m="14543" /><E109/><V60/><F110/><W32/><G32/><T28/><D28/><N who="1" m="19871" /><E0/><V101/><F66/><W122/><G1/><T131/><D131/><U99/><E99/><V70/><F70/><W114/><G95/><AGARI ba="0,0" hai="4,5,9,13,16,45,48,52,75,76,83,85,88,95" machi="95" ten="30,7700,0" yaku="7,1,54,3" doraHai="24" who="0" fromWho="3" sc="214,77,250,0,250,0,286,-77" /><INIT seed="3,0,0,2,5,55" ten="291,250,250,209" oya="3" hai0="59,7,34,61,64,117,30,13,67,104,91,101,94" hai1="73,99,46,88,15,105,16,71,58,74,18,130,107" hai2="43,96,26,75,122,127,111,31,125,123,37,133,126" hai3="6,119,120,86,115,78,53,116,8,63,83,25,102"/><W80/><G115/><T121/><D117/><U81/><E71/><V68/><F111/><W51/><G120/><N who="2" m="46121" /><F133/><W54/><G102/><T118/><D121/><U28/><E28/><V20/><F68/><W135/><G135/><T72/><D72/><U4/><E73/><V45/><F96/><W76/><G25/><T100/><D104/><U3/><E3/><V9/><F9/><W11/><G63/><T32/><D32/><U97/><E46/><V48/><F75/><W79/><G79/><T49/><D34/><U98/><E18/><V12/><F12/><W41/><G41/><T52/><D30/><U112/><E4/><V132/><F132/><W14/><G8/><N who="0" m="4255" /><D118/><U0/><E0/><V106/><F106/><W40/><G116/><T109/><D109/><U103/><E112/><V50/><AGARI ba="0,0" hai="20,26,31,37,43,45,48,50,125,126,127" m="46121" machi="50" ten="40,2700,0" yaku="18,1,13,1" doraHai="55" who="2" fromWho="2" sc="291,-7,250,-7,250,27,209,-13" /><INIT seed="4,0,0,1,3,89" ten="284,243,277,196" oya="0" hai0="17,88,16,48,69,91,131,127,22,90,63,6,70" hai1="33,80,101,108,79,120,118,124,81,57,71,35,39" hai2="132,68,32,102,41,36,119,34,134,66,133,54,50" hai3="9,21,117,4,1,115,19,73,128,109,116,51,107"/><T25/><D127/><U110/><E71/><V10/><F102/><W96/><G109/><N who="1" m="42090" /><E57/><N who="2" m="32983" /><F10/><W52/><G73/><T111/><D111/><U121/><E39/><V29/><F29/><W85/><G115/><T100/><D131/><U62/><E62/><N who="2" m="40023" /><F119/><W15/><G128/><T20/><D70/><U84/><E33/><V99/><F99/><W95/><G85/><T55/><D69/><U74/><E35/><V26/><F26/><W46/><REACH who="3" step="1"/><G107/><REACH who="3" ten="284,243,277,186" step="2"/><T72/><D72/><U113/><E113/><V125/><F125/><W106/><G106/><T65/><D65/><U28/><E124/><V42/><F42/><W87/><G87/><T77/><D77/><N who="1" m="44087" /><E118/><V44/><AGARI ba="0,1" hai="32,34,36,41,44,132,133,134" m="40023,32983" machi="44" ten="40,2700,0" yaku="24,1,20,1" doraHai="89" who="2" fromWho="2" sc="284,-13,243,-7,277,37,186,-7" owari="271,7.1,236,-16.4,314,41.4,179,-32.1" /></mjloggm>