<mjloggm ver="2.3"><GO type="225" lobby="0"/><UN n0="%45%6C%79%73%69%75%6D" n1="%E6%98%93%E5%88%A9%E8%96%A9%E4%BC%AF" n2="%E3%83%9F%E3%83%AA%E3%83%80%E3%81%97%E3%82%88" n3="%72%69%6F%75%63%68%61%6E" dan="18,16,16,17" rate="2192.47,2122.92,2071.56,2243.84" sx="F,F,M,M"/><TAIKYOKU oya="0"/><INIT seed="0,0,0,3,1,122" ten="250,250,250,250" oya="0" hai0="67,44,58,65,88,25,59,41,28,105,74,60,134" hai1="48,89,49,111,35,55,36,6,130,97,43,46,127" hai2="100,14,126,2,90,62,82,71,3,18,117,104,108" hai3="26,40,23,66,125,103,113,39,84,80,32,77,30"/><T38/><D105/><U22/><E35/><V99/><F117/><W54/><G125/><T98/><D74/><U95/><E130/><V133/><F126/><W69/><G113/><T109/><D134/><U73/><E73/><V85/><F133/><W15/><G54/><T123/><D123/><U24/><E127/><V51/><F108/><W96/><G40/><T20/><D109/><U21/><E111/><V7/><F7/><W64/><G39/><T45/><D45/><U112/><E112/><V93/><F51/><W92/><REACH who="3" step="1"/><G69/><REACH who="3" ten="250,250,250,240" step="2"/><T37/><D37/><U75/><E36/><V5/><F71/><W16/><AGARI ba="0,1" hai="15,16,23,26,30,32,64,66,77,80,84,92,96,103" machi="16" ten="30,8000,1" yaku="1,1,2,1,0,1,54,1,53,1" doraHai="122" doraHaiUra="83" who="3" fromWho="3" sc="250,-40,250,-20,250,-20,240,90" /><INIT seed="1,0,0,0,1,113" ten="210,230,230,330" oya="1" hai0="38,52,21,81,97,93,80,128,120,27,15,89,54" hai1="40,76,1,112,4,100,25,36,17,90,78,3,55" hai2="14,58,115,47,20,99,57,33,32,18,122,101,29" hai3="26,35,46,66,134,56,8,53,63,51,95,45,135"/><U74/><E112/><V86/><F122/><W31/><G8/><T70/><D70/><U118/><E100/><V9/><F115/><W109/><G109/><T0/><D0/><U84/><E118/><V65/><F47/><W12/><G12/><T59/><D38/><U49/><E36/><V43/><F43/><W125/><G125/><T92/><D120/><U44/><E74/><V42/><F42/><W5/><G5/><T13/><D128/><U28/><E17/><V34/><F65/><W75/><G75/><T117/><D117/><U62/><E3/><V91/><F9/><W130/><G130/><T41/><D41/><U30/><E4/><V16/><F18/><W72/><G72/><T24/><D93/><U103/><E103/><V22/><F22/><W110/><G110/><T60/><D54/><U71/><E28/><V85/><F85/><W67/><G67/><T106/><D106/><U61/><E1/><V127/><F29/><W73/><G73/><T121/><D121/><U82/><E62/><V116/><F116/><W98/><REACH who="3" step="1"/><G46/><REACH who="3" ten="210,230,230,320" step="2"/><T123/><D123/><U7/><E7/><V83/><REACH who="2" step="1"/><F127/><REACH who="2" ten="210,230,220,320" step="2"/><W107/><G107/><AGARI ba="0,2" hai="14,16,20,32,33,34,57,58,83,86,91,99,101,107" machi="107" ten="40,5200,0" yaku="1,1,2,1,54,1,53,0" doraHai="113" doraHaiUra="6" who="2" fromWho="3" sc="210,0,230,0,220,72,320,-52" /><INIT seed="2,0,0,1,1,42" ten="210,230,292,268" oya="2" hai0="50,5,69,107,132,79,41,97,127,96,122,44,10" hai1="133,80,55,73,99,129,78,4,65,48,32,117,15" hai2="59,112,83,25,104,9,47,71,2,114,18,45,12" hai3="70,28,75,60,98,11,53,121,90,23,46,109,38"/><V16/><F71/><W7/><G121/><T39/><D122/><U26/><E117/><V19/><F104/><W93/><G109/><T135/><D69/><U124/><E129/><V95/><F2/><W116/><G116/><T52/><D79/><U92/><E133/><N who="0" m="51273" /><D107/><U85/><E124/><V14/><F83/><W35/><G75/><T54/><D127/><U29/><E65/><V72/><F72/><W131/><G131/><T20/><D20/><U56/><E73/><V40/><F40/><W134/><G134/><T74/><D74/><U111/><E111/><V17/><F114/><W0/><G35/><T37/><D54/><U24/><E29/><V61/><F95/><W81/><G81/><T130/><D130/><U119/><E32/><V76/><F76/><W1/><G70/><T91/><D91/><U82/><E82/><V113/><F113/><W94/><G94/><T103/><D103/><U120/><E120/><V88/><F88/><W43/><G23/><T66/><D66/><U30/><E30/><V36/><F36/><N who="0" m="13898" /><D41/><U105/><E105/><V62/><F62/><W21/><G21/><T34/><D34/><U128/><E128/><V31/><F112/><W102/><G28/><T123/><D123/><U89/><E119/><V100/><F100/><W101/><REACH who="3" step="1"/><G1/><AGARI ba="0,0" hai="1,5,10,44,50,52,96,97" m="13898,51273" machi="1" ten="30,3900,0" yaku="20,1,52,1,54,1" doraHai="42" who="0" fromWho="3" sc="210,39,230,0,292,0,268,-39" /><INIT seed="3,0,0,3,4,50" ten="249,230,292,229" oya="3" hai0="39,28,23,110,54,20,101,48,45,93,78,87,4" hai1="43,12,33,121,38,9,109,115,51,31,132,76,26" hai2="127,27,0,84,124,111,5,16,42,122,107,53,123" hai3="59,41,37,66,61,60,131,91,106,83,7,21,24"/><W25/><G131/><T40/><D110/><U102/><E115/><V134/><F134/><W52/><G106/><T113/><D113/><U8/><E121/><N who="2" m="46091" /><F111/><W14/><G37/><T18/><D4/><U86/><E38/><V130/><F130/><W97/><G41/><T56/><D28/><U90/><E102/><V119/><F119/><W96/><G83/><T75/><D75/><U70/><E70/><V120/><F120/><W88/><G97/><T92/><D101/><U6/><E132/><V125/><F107/><W69/><G96/><T104/><D23/><U68/><E68/><V116/><F116/><W57/><G69/><T22/><D22/><U13/><E76/><V103/><F103/><W47/><G47/><T129/><D129/><U15/><E109/><V73/><F73/><W126/><G126/><T71/><D71/><U46/><E8/><N who="2" m="2087" /><F42/><W108/><G108/><T55/><D104/><U17/><E6/><V117/><F117/><W44/><G44/><T65/><D78/><U35/><E35/><V112/><F112/><W128/><G128/><T1/><D1/><U80/><AGARI ba="0,0" hai="9,12,13,15,17,26,31,33,43,46,51,80,86,90" machi="80" ten="20,1500,0" yaku="0,1,7,1" doraHai="50" who="1" fromWho="1" sc="249,-4,230,15,292,-4,229,-7" /><INIT seed="4,0,0,5,3,125" ten="245,245,288,222" oya="0" hai0="98,90,109,106,54,72,34,6,38,28,86,59,63" hai1="26,112,56,91,97,21,74,24,33,99,13,103,18" hai2="115,20,19,14,76,133,83,127,3,73,1,16,81" hai3="69,129,45,124,89,7,41,52,10,64,32,46,71"/><T49/><D72/><U4/><E74/><V93/><F127/><W2/><G124/><T78/><D38/><U30/><E112/><V57/><F115/><W92/><G32/><T75/><D6/><U128/><E128/><V36/><F36/><W82/><G129/><T51/><D109/><U70/><E70/><V114/><F114/><W120/><G120/><T25/><D78/><U79/><E79/><V85/><F133/><W67/><G82/><T118/><D75/><U11/><E103/><V47/><F47/><W39/><G69/><T65/><D118/><U80/><E56/><V53/><F19/><W121/><G121/><T50/><D86/><U12/><E12/><V110/><F110/><W130/><G130/><T62/><D62/><U96/><REACH who="1" step="1"/><E80/><REACH who="1" ten="245,235,288,222" step="2"/><V101/><F101/><W111/><G111/><T60/><D59/><U132/><E132/><V117/><F117/><W58/><G71/><T126/><D126/><U17/><E17/><V29/><F29/><W116/><G116/><T27/><D28/><U119/><E119/><V8/><F83/><W61/><REACH who="3" step="1"/><G46/><REACH who="3" ten="245,235,288,212" step="2"/><T122/><D122/><U84/><E84/><AGARI ba="0,2" hai="2,7,10,39,41,45,52,58,61,64,67,84,89,92" machi="84" ten="30,8000,1" yaku="1,1,2,1,7,1,54,1,53,1" doraHai="125" doraHaiUra="37" who="3" fromWho="1" sc="245,0,235,-80,288,0,212,100" owari="245,-15.5,155,-34.5,288,8.8,312,41.2" /></mjloggm>