<mjloggm ver="2.3"><GO type="225" lobby="0"/><UN n0="%6D%75%75%6D%75%72%61" n1="%E3%81%82%E3%81%99%E3%81%AB%E3%82%83%E3%82%80" n2="%E7%89%B9%E6%9D%B1%E3%81%AF%E4%B8%96%E7%95%8C%E3%82%92%E6%95%91%E3%81%86" n3="%E5%A4%96%E5%B7%9D%E7%AB%9C%E6%88%90" dan="16,16,16,16" rate="2192.92,2075.18,2161.86,2122.95" sx="F,F,M,M"/><TAIKYOKU oya="0"/><INIT seed="0,0,0,1,1,35" ten="250,250,250,250" oya="0" hai0="51,127,32,30,65,31,77,99,111,100,88,1,12" hai1="126,43,23,27,58,132,6,2,116,50,87,101,28" hai2="38,7,57,34,97,48,109,5,11,130,69,67,49" hai3="37,46,72,61,103,10,33,114,113,91,83,4,70"/><T52/><D127/><U59/><E116/><V39/><F34/><W45/><G45/><T36/><D36/><U9/><E126/><V53/><F109/><W22/><G22/><T64/><D1/><U105/><E132/><V115/><F115/><W41/><G33/><T17/><D111/><U56/><E87/><V121/><F121/><W118/><G103/><T119/><D77/><U66/><E101/><V78/><F130/><W125/><G91/><T117/><D100/><U44/><REACH who="1" step="1"/><E105/><REACH who="1" ten="250,240,250,250" step="2"/><V76/><F97/><W20/><G118/><T124/><D117/><U80/><E80/><V18/><F76/><W21/><G125/><T89/><D119/><U47/><E47/><V62/><F78/><N who="3" m="44487" /><G114/><T108/><D124/><U68/><E68/><V14/><F69/><W71/><G70/><T63/><D108/><U74/><E74/><V54/><F57/><W13/><G113/><T135/><D135/><U75/><E75/><V102/><F102/><W3/><G13/><T123/><D99/><U40/><E40/><V94/><F14/><W82/><G82/><T42/><D42/><U16/><E16/><V110/><F18/><W107/><G107/><T122/><D122/><U104/><E104/><V86/><F110/><W93/><G93/><T29/><D123/><U60/><AGARI ba="0,1" hai="2,6,9,23,27,28,43,44,50,56,58,59,60,66" machi="60" ten="30,4000,0" yaku="1,1,0,1,52,1,53,0" doraHai="35" doraHaiUra="8" who="1" fromWho="1" sc="250,-20,240,50,250,-10,250,-10" /><INIT seed="1,0,0,3,3,29" ten="230,290,240,240" oya="1" hai0="52,125,97,1,49,101,91,69,120,82,112,94,72" hai1="54,61,117,67,96,66,21,19,113,75,34,127,119" hai2="83,121,88,104,107,60,122,28,109,30,25,90,8" hai3="130,58,27,115,126,51,98,37,39,135,17,11,114"/><U62/><E113/><V45/><F109/><W79/><G79/><T93/><D112/><N who="3" m="43049" /><G98/><T12/><D1/><U15/><E75/><V81/><F45/><W77/><G77/><T10/><D125/><U23/><E127/><V99/><F99/><W106/><G106/><T41/><D69/><U85/><E85/><V44/><F44/><W76/><G76/><T43/><D120/><U50/><E96/><V7/><F25/><W133/><G126/><T63/><D63/><U92/><E92/><V35/><F60/><W4/><G17/><N who="0" m="8343" /><D72/><U46/><E34/><V31/><F31/><W105/><G27/><T68/><D68/><U95/><E95/><V48/><F8/><W131/><G105/><T70/><D70/><U53/><E53/><V108/><F108/><W71/><G71/><T118/><D94/><U3/><E66/><V80/><F80/><W0/><G58/><N who="0" m="33039" /><D118/><U65/><E67/><V40/><F7/><W102/><G51/><T5/><D5/><U110/><E65/><V132/><F48/><W124/><G124/><T73/><D73/><U59/><E117/><V87/><F40/><N who="0" m="15434" /><D82/><U64/><E64/><V100/><F100/><AGARI ba="0,0" hai="91,93,97,100,101" m="15434,33039,8343" machi="100" ten="30,2000,0" yaku="8,1,54,1" doraHai="29" who="0" fromWho="2" sc="230,20,290,0,240,-20,240,0" /><INIT seed="2,0,0,2,5,95" ten="250,290,220,240" oya="2" hai0="86,18,135,92,23,26,69,51,53,111,71,107,112" hai1="13,12,15,124,126,14,94,35,11,74,30,10,33" hai2="132,87,119,115,89,59,80,78,116,113,40,64,125" hai3="120,73,81,130,17,97,62,129,77,83,123,21,41"/><V45/><F132/><W24/><G41/><T67/><D112/><U101/><E74/><V54/><F64/><W72/><G62/><T36/><D107/><U6/><E94/><V44/><F125/><N who="1" m="48233" /><E101/><V131/><F131/><N who="3" m="50187" /><G97/><T42/><D111/><U88/><E88/><V76/><F115/><W56/><G56/><T79/><D135/><U93/><E93/><V58/><F113/><W34/><G34/><N who="1" m="12810" /><E30/><V133/><F133/><W105/><G105/><T68/><D92/><U100/><E100/><V43/><F89/><W128/><N who="3" m="50195" /><W104/><DORA hai="37" /><G104/><T57/><D86/><U7/><AGARI ba="0,0" hai="6,7,10,11,12,13,14,15" m="12810,48233" machi="7" ten="30,4000,0" yaku="18,1,34,2" doraHai="95,37" who="1" fromWho="1" sc="250,-10,290,40,220,-20,240,-10" /><INIT seed="3,0,0,3,3,49" ten="240,330,200,230" oya="3" hai0="98,21,2,85,9,4,126,15,89,19,27,86,5" hai1="31,64,103,6,87,62,75,118,123,50,99,104,111" hai2="52,36,53,116,125,28,45,43,83,68,65,105,55" hai3="0,32,30,92,80,96,109,59,7,14,102,48,13"/><W41/><G109/><T70/><D70/><U40/><E75/><V22/><F116/><W124/><G124/><T57/><D126/><U69/><E123/><V11/><F125/><W29/><G0/><T39/><D39/><U47/><E111/><V84/><F105/><W38/><G38/><T101/><D2/><U91/><E6/><N who="0" m="2665" /><D101/><U108/><E108/><V24/><F11/><W117/><G32/><T58/><D98/><U42/><E31/><V129/><F129/><W26/><G26/><T119/><D119/><U12/><E12/><V100/><F100/><W61/><G14/><T8/><D85/><U113/><E113/><V134/><F134/><W82/><G30/><N who="0" m="17775" /><D9/><U37/><E118/><V73/><F73/><W16/><G29/><T17/><D17/><U115/><E115/><V74/><F74/><W93/><G7/><T1/><D1/><U90/><E90/><V20/><F20/><N who="3" m="11279" /><G117/><T128/><D128/><U110/><E37/><V77/><REACH who="2" step="1"/><F68/><REACH who="2" ten="240,330,190,230" step="2"/><W131/><G131/><T112/><D112/><U130/><E130/><V60/><F60/><W51/><G61/><T121/><D121/><U23/><E110/><V72/><F72/><W71/><G71/><T44/><D8/><U122/><E23/><V56/><F56/><W34/><G34/><T76/><D58/><U3/><E122/><V78/><F78/><W88/><G59/><T120/><D57/><U132/><E3/><V94/><F94/><N who="3" m="58647" /><G41/><T95/><D120/><U107/><E107/><V46/><F46/><W81/><G93/><T133/><D133/><U135/><E40/><V114/><F114/><RYUUKYOKU ba="0,1" sc="240,-30,330,10,190,10,230,10" hai1="42,47,50,62,64,69,87,91,99,103,104,132,135" hai2="22,24,28,36,43,45,52,53,55,65,77,83,84" hai3="48,51,80,81,82,88,92" /><INIT seed="3,1,1,1,3,76" ten="210,340,200,240" oya="3" hai0="115,2,1,132,111,15,16,0,4,94,80,103,78" hai1="64,99,29,79,119,117,97,18,91,104,38,34,124" hai2="109,37,98,90,43,106,40,128,49,83,96,23,62" hai3="85,121,133,57,131,28,17,75,123,36,33,108,26"/><W47/><G75/><T114/><D111/><U100/><E38/><V73/><F37/><W54/><G108/><T9/><D132/><U42/><E42/><N who="2" m="15915" /><F109/><W50/><G133/><T13/><D103/><U24/><E79/><V68/><F68/><W116/><G116/><N who="1" m="44618" /><E124/><V8/><F106/><W77/><G131/><T88/><D78/><U84/><E18/><V27/><F73/><W39/><G39/><T45/><D45/><U92/><E64/><V35/><F35/><W89/><G77/><T30/><D30/><U127/><E127/><V44/><F62/><W3/><G3/><T32/><D80/><U55/><E55/><N who="2" m="30119" /><F8/><W58/><G36/><T82/><D32/><U112/><E112/><N who="0" m="43049" /><D82/><U72/><E72/><V6/><F6/><W130/><G130/><T118/><D118/><U95/><E95/><V113/><F128/><W101/><G101/><T74/><D74/><U14/><E14/><V134/><F134/><W70/><G70/><T120/><D120/><U10/><E10/><V48/><F113/><W86/><G123/><T56/><D56/><U125/><E125/><V21/><F21/><W22/><G121/><T25/><D25/><U135/><E135/><V46/><F83/><N who="3" m="49343" /><G86/><AGARI ba="1,1" hai="24,29,34,84,86,91,92,97,99,100,104" m="44618" machi="86" ten="30,1000,0" yaku="12,1" doraHai="76" who="1" fromWho="3" sc="210,0,340,23,200,0,240,-13" owari="210,-19.0,363,46.3,200,-30.0,227,2.7" /></mjloggm>