<mjloggm ver="2.3"><GO type="225" lobby="0"/><UN n0="%6E%65%77%E8%BC%AA%E5%A4%A7%E7%B4%8D%E8%A8%80" n1="%E8%81%B7%E6%A5%AD%E3%80%81%E9%A2%A8%32" n2="%E7%AD%89%E3%80%85%E5%8A%9B%E5%8A%87%E5%A0%B4" n3="%E6%A1%9C%E8%8A%B1%E9%96%83%E3%80%85" dan="16,16,16,17" rate="2100.19,2128.16,2151.51,2152.88" sx="M,M,M,M"/><TAIKYOKU oya="0"/><INIT seed="0,0,0,2,2,105" ten="250,250,250,250" oya="0" hai0="68,90,70,14,115,21,59,133,111,126,77,57,47" hai1="40,102,27,45,65,119,51,38,127,101,39,60,89" hai2="19,85,118,8,107,1,100,82,35,123,71,18,99" hai3="75,116,69,49,86,128,50,88,122,34,36,125,28"/><T131/><D115/><U106/><E119/><V117/><F71/><W113/><RYUUKYOKU type="yao9" ba="0,0" sc="250,0,250,0,250,0,250,0" hai3="28,34,36,49,50,69,75,86,88,113,116,122,125,128" /><INIT seed="0,1,0,5,3,65" ten="250,250,250,250" oya="0" hai0="84,41,123,89,100,87,11,118,2,110,42,120,111" hai1="53,69,61,83,79,1,52,43,31,133,88,20,56" hai2="119,26,75,25,39,24,131,54,73,47,91,81,92" hai3="104,115,102,72,117,19,94,27,64,105,10,128,57"/><T35/><D35/><U13/><E133/><V46/><F131/><W67/><G115/><T16/><D118/><U15/><E1/><V17/><F119/><W44/><G117/><T101/><D2/><U95/><E43/><N who="0" m="16393" /><D11/><U62/><E31/><V93/><F39/><W33/><G44/><T8/><D8/><U113/><E113/><V49/><F75/><W59/><G94/><T107/><D107/><U55/><E20/><V58/><F73/><W129/><G72/><T132/><D16/><U106/><E106/><V74/><F74/><W50/><G10/><T60/><D60/><U38/><E38/><V70/><F25/><W121/><G19/><T21/><D21/><U37/><E37/><V36/><F36/><W63/><G27/><T32/><D32/><U9/><E69/><V109/><F17/><W126/><G33/><T68/><D68/><U3/><E3/><V4/><F70/><W14/><G105/><T28/><D28/><U40/><E40/><V77/><F24/><W51/><G14/><T30/><D30/><U86/><E62/><V29/><F26/><W12/><G12/><N who="1" m="4682" /><E9/><V112/><F29/><W90/><G129/><T34/><D34/><U122/><E122/><N who="0" m="46633" /><D132/><U48/><E61/><V22/><F22/><W71/><G121/><T130/><D130/><U66/><E66/><V125/><F112/><W96/><G128/><T85/><D89/><U114/><E114/><V98/><F91/><W76/><G90/><T127/><D127/><U23/><E23/><V18/><F125/><W108/><G126/><T99/><D101/><U0/><E0/><RYUUKYOKU ba="1,0" sc="250,15,250,15,250,-15,250,-15" hai0="84,85,87,99,100,110,111" hai1="48,52,53,55,56,79,83,86,88,95" /><INIT seed="0,2,0,2,0,50" ten="265,265,235,235" oya="0" hai0="67,133,11,10,65,117,101,42,7,135,85,93,63" hai1="18,17,77,104,81,12,22,23,121,88,69,58,44" hai2="14,75,113,80,24,102,57,120,130,35,94,62,106" hai3="48,78,19,129,6,125,134,95,45,40,26,37,96"/><T105/><D117/><U33/><E121/><V5/><F113/><W4/><G129/><T103/><D42/><U54/><E69/><V51/><F120/><W90/><G134/><N who="0" m="51211" /><D105/><U55/><E33/><V13/><F106/><W89/><G125/><T28/><D28/><U43/><E104/><V99/><F130/><W53/><G78/><T131/><D131/><U66/><E66/><N who="0" m="25097" /><D63/><U70/><E70/><V16/><F62/><W107/><G107/><T71/><D71/><U61/><E43/><V59/><F35/><W1/><G1/><N who="0" m="367" /><D11/><U36/><E36/><V118/><F118/><W122/><G122/><T108/><D108/><U41/><E41/><V83/><F51/><W87/><G37/><T64/><N who="0" m="25105" /><T9/><DORA hai="68" /><D9/><U73/><E44/><V112/><F5/><W132/><G40/><T100/><D85/><N who="1" m="50223" /><E77/><V21/><F75/><W27/><G132/><T127/><D127/><U39/><E39/><V79/><F79/><W38/><G38/><T126/><D126/><U123/><E73/><V8/><F8/><W115/><G115/><T31/><D31/><U98/><E123/><V15/><F112/><W97/><G6/><T34/><D34/><U3/><E3/><V74/><F74/><W20/><G4/><T84/><D84/><U52/><E98/><AGARI ba="2,0" hai="93,98,100,101,103" m="367,25105,51211" machi="98" ten="40,2000,0" yaku="20,1" doraHai="50,68" who="0" fromWho="1" sc="265,26,265,-26,235,0,235,0" /><INIT seed="0,3,0,5,3,50" ten="291,239,235,235" oya="0" hai0="57,46,20,105,120,21,78,121,70,33,12,32,54" hai1="52,76,48,58,102,6,135,43,25,38,74,66,113" hai2="119,64,115,103,97,81,110,41,87,125,85,82,84" hai3="100,44,118,131,34,37,15,61,47,45,5,117,122"/><T59/><D105/><U36/><E113/><V9/><F115/><W2/><G2/><T63/><D70/><U11/><E135/><V55/><F110/><W27/><G37/><T132/><D132/><U75/><E102/><V79/><F125/><W10/><G131/><T127/><D127/><U68/><E76/><V73/><F119/><W8/><G122/><T23/><D12/><U93/><E25/><V77/><F41/><W62/><G100/><T96/><D78/><U51/><E93/><V114/><F114/><W13/><G34/><T99/><D46/><N who="1" m="23911" /><E51/><V108/><F108/><W130/><G130/><T95/><D59/><U111/><E38/><V4/><F64/><W7/><G27/><T123/><REACH who="0" step="1"/><D99/><REACH who="0" ten="281,239,235,235" step="2"/><U112/><E111/><V72/><F97/><W92/><G45/><T107/><D107/><U65/><E112/><V17/><F79/><W60/><G117/><T129/><D129/><U28/><E58/><V94/><F77/><W31/><G118/><T69/><D69/><U40/><E68/><V101/><F73/><W91/><REACH who="3" step="1"/><G31/><REACH who="3" ten="281,239,235,225" step="2"/><T22/><N who="0" m="5120" /><DORA hai="106" /><T90/><AGARI ba="3,2" hai="32,33,54,57,63,90,95,96,120,121,123" m="5120" machi="90" ten="50,12000,1" yaku="1,1,4,1,0,1,52,1,53,1" doraHai="50,106" doraHaiUra="124,56" who="0" fromWho="0" sc="281,149,239,-43,235,-43,225,-43" /><INIT seed="0,4,0,4,0,128" ten="430,196,192,182" oya="0" hai0="8,47,60,46,68,133,61,28,103,55,119,23,124" hai1="4,102,98,91,34,101,105,53,24,74,51,49,90" hai2="2,77,125,104,71,134,92,76,114,131,63,29,5" hai3="32,83,123,80,100,118,135,66,85,37,57,88,13"/><T30/><D119/><U42/><E74/><V73/><F104/><W38/><G118/><T84/><D68/><U75/><E75/><V122/><F122/><W54/><G123/><T96/><D8/><U127/><E127/><V50/><F114/><W67/><G32/><T58/><D124/><U129/><E129/><V26/><F131/><W18/><G100/><T1/><D1/><U12/><E102/><V112/><F112/><W95/><G38/><T94/><D133/><U48/><E42/><V64/><F125/><W7/><G7/><T11/><D11/><U16/><E4/><V97/><F134/><W107/><G37/><T14/><D84/><U132/><E132/><V27/><F2/><W19/><G19/><N who="0" m="10743" /><D61/><U87/><E53/><V17/><F73/><W117/><G107/><T72/><D72/><U111/><E111/><V21/><F5/><W78/><G117/><T44/><AGARI ba="4,0" hai="28,30,44,46,47,55,58,60,94,96,103" m="10743" machi="44" ten="30,1500,0" yaku="8,1" doraHai="128" who="0" fromWho="0" sc="430,27,196,-9,192,-9,182,-9" /><INIT seed="0,5,0,4,0,27" ten="457,187,183,173" oya="0" hai0="51,106,81,47,4,111,115,83,77,74,26,134,73" hai1="11,118,45,33,63,119,121,94,127,12,126,123,85" hai2="24,9,87,36,76,110,109,101,100,53,29,105,104" hai3="78,14,102,31,8,71,46,44,2,38,131,0,120"/><T116/><D115/><U15/><E63/><V10/><F36/><W72/><G71/><T22/><D116/><N who="1" m="44587" /><E45/><V57/><F24/><W55/><G131/><T6/><D134/><U59/><E59/><V129/><F87/><W18/><G120/><N who="1" m="46154" /><E94/><V19/><F76/><W133/><G133/><T48/><D111/><U97/><E97/><V70/><F57/><W75/><G102/><T112/><D112/><U17/><E85/><V132/><F70/><W82/><G72/><T93/><D106/><U79/><E79/><V108/><F53/><W32/><G46/><T35/><D35/><U61/><E61/><V20/><F132/><W84/><G84/><N who="0" m="48175" /><D83/><U125/><E33/><V64/><F105/><W90/><G90/><T128/><D128/><U50/><E50/><N who="0" m="18985" /><D73/><U130/><E130/><V95/><F104/><W37/><G55/><T67/><D74/><U117/><E117/><V42/><F129/><W135/><G135/><T23/><D67/><U89/><E89/><V1/><F64/><W58/><G58/><T25/><D93/><U99/><E99/><V96/><F96/><W88/><G88/><T113/><D113/><U103/><E103/><V98/><F101/><W7/><G44/><T39/><D39/><U3/><E3/><V124/><F1/><W68/><G68/><T66/><D66/><U13/><AGARI ba="5,0" hai="11,12,13,15,17,125,126,127" m="46154,44587" machi="13" ten="40,5200,0" yaku="18,1,34,2" doraHai="27" who="1" fromWho="1" sc="457,-31,187,67,183,-18,173,-18" /><INIT seed="1,0,0,0,5,105" ten="426,254,165,155" oya="1" hai0="77,20,76,3,66,65,86,125,43,51,2,80,0" hai1="131,119,114,85,126,9,72,122,49,88,24,56,100" hai2="13,110,69,31,84,1,74,36,132,59,79,120,98" hai3="10,64,115,117,6,112,19,41,109,95,27,32,113"/><U127/><E114/><V94/><F69/><W92/><G109/><T99/><D125/><N who="1" m="47627" /><E122/><V108/><F1/><W46/><G64/><T134/><D134/><U75/><E119/><V107/><F120/><W18/><G117/><T111/><D111/><N who="2" m="42538" /><F36/><W123/><G123/><T135/><D135/><U82/><E131/><V45/><F107/><W14/><G19/><T68/><D68/><U53/><E100/><V16/><F132/><W17/><G17/><T101/><D77/><U33/><E9/><V116/><F116/><W21/><REACH who="3" step="1"/><G32/><REACH who="3" ten="426,254,165,145" step="2"/><T7/><D65/><U133/><E133/><V42/><F16/><W23/><G23/><T55/><D20/><U38/><E38/><AGARI ba="0,1" hai="6,10,14,18,21,27,38,41,46,92,95,112,113,115" machi="38" ten="40,1300,0" yaku="1,1,53,0" doraHai="105" doraHaiUra="104" who="3" fromWho="1" sc="426,0,254,-13,165,0,145,23" /><INIT seed="2,0,0,0,0,27" ten="426,241,165,168" oya="2" hai0="66,22,100,9,35,70,43,8,121,96,102,112,61" hai1="6,85,44,91,68,72,60,20,90,80,2,65,63" hai2="87,103,52,14,15,13,30,71,78,25,40,125,49" hai3="92,31,18,107,89,119,126,24,134,29,21,32,98"/><V88/><F71/><W34/><G119/><T95/><D121/><U124/><E124/><V23/><F125/><W93/><G126/><T19/><D35/><U42/><E72/><V128/><F128/><W86/><G107/><T74/><D74/><U81/><E63/><V104/><F40/><W130/><G130/><T57/><D70/><U110/><E110/><V122/><F122/><W133/><G34/><T79/><D79/><U84/><E20/><V101/><F78/><W108/><G108/><T135/><D135/><N who="3" m="51721" /><G32/><T45/><D102/><AGARI ba="0,0" hai="18,21,24,29,31,86,89,92,93,98,102" m="51721" machi="102" ten="30,3900,0" yaku="20,1,52,2" doraHai="27" who="3" fromWho="0" sc="426,-39,241,0,165,0,168,39" /><INIT seed="3,0,0,2,4,29" ten="387,241,165,207" oya="3" hai0="1,135,27,108,35,93,82,53,12,62,13,102,101" hai1="114,72,96,24,46,103,133,119,78,63,11,44,134" hai2="10,66,64,7,23,95,68,61,115,89,36,80,99" hai3="127,5,54,22,105,128,118,14,4,83,113,57,132"/><W125/><G113/><T91/><D108/><U106/><E119/><V126/><F115/><W84/><G105/><T123/><D1/><U98/><E96/><V110/><F110/><W70/><G70/><T74/><D123/><U60/><E78/><V58/><F36/><W0/><G118/><T85/><D135/><U32/><E72/><V87/><F126/><N who="3" m="48139" /><G0/><T130/><D130/><U30/><E11/><V56/><F66/><W109/><G109/><T73/><D35/><U111/><E111/><V43/><F43/><W39/><G39/><T38/><D38/><U15/><E15/><N who="0" m="5705" /><D73/><U48/><E46/><V20/><F68/><W9/><G22/><T86/><D74/><U65/><E114/><V41/><F41/><W16/><G132/><N who="1" m="50794" /><E65/><V51/><F7/><W21/><G21/><T3/><D3/><U77/><E77/><V88/><F10/><W55/><G128/><T79/><D27/><U75/><E75/><V112/><F112/><W2/><G2/><T25/><D25/><U37/><E37/><V45/><F45/><W28/><G28/><T34/><D34/><U97/><E97/><V19/><F19/><W100/><G83/><T40/><D40/><AGARI ba="0,0" hai="24,30,32,40,44,48,60,63,98,103,106" m="50794" machi="40" ten="30,2000,0" yaku="20,1,52,1" doraHai="29" who="1" fromWho="0" sc="387,-20,241,20,165,0,207,0" owari="367,46.7,261,6.1,165,-33.5,207,-19.3" /></mjloggm>