<mjloggm ver="2.3"><GO type="225" lobby="0"/><UN n0="%E3%82%B7%E3%83%B3%E5%A4%AA%E6%9C%97" n1="%E3%81%86%E3%81%A9%E3%82%93%E3%81%93" n2="%77%72%77%72%77%72%77%72" n3="%E6%9D%B1%E9%A2%A8%E3%81%AE%E3%81%8D%E3%82%83%E3%81%B7%E3%81%95%E3%82%93" dan="16,16,16,17" rate="2149.26,2181.13,2226.66,2250.24" sx="M,M,M,M"/><TAIKYOKU oya="0"/><INIT seed="0,0,0,0,3,11" ten="250,250,250,250" oya="0" hai0="36,85,56,46,63,7,64,3,92,70,94,14,88" hai1="43,20,84,26,34,17,79,35,53,132,89,50,45" hai2="81,127,95,121,1,124,44,48,126,42,8,51,47" hai3="93,109,125,119,68,87,96,78,19,101,29,73,116"/><T58/><D3/><U99/><E132/><V135/><F121/><W39/><G39/><T62/><D36/><U122/><E122/><V32/><F32/><W107/><G68/><T75/><D75/><U28/><E79/><V118/><F135/><W30/><G19/><T5/><D70/><U113/><E113/><V37/><F118/><W102/><G125/><T134/><D134/><U0/><E0/><V86/><F95/><W49/><G49/><T57/><D46/><U71/><E71/><V80/><F37/><W59/><G59/><N who="0" m="22603" /><D63/><U2/><E2/><V24/><F24/><W112/><G112/><T105/><D105/><U55/><E99/><V13/><F1/><W97/><G29/><T98/><D14/><U52/><REACH who="1" step="1"/><E28/><REACH who="1" ten="250,240,250,250" step="2"/><V106/><F86/><W82/><G30/><T104/><D104/><U76/><E76/><V15/><F106/><N who="3" m="63783" /><G109/><T21/><D21/><U77/><E77/><V38/><F8/><W10/><G10/><T31/><D31/><U114/><E114/><V110/><F110/><W4/><G4/><T74/><D74/><U90/><E90/><AGARI ba="0,1" hai="73,78,82,87,90,93,97,102,107,116,119" m="63783" machi="90" ten="30,3900,0" yaku="24,1,34,2" doraHai="11" who="3" fromWho="1" sc="250,0,240,-39,250,0,250,49" /><AGARI ba="0,0" hai="5,7,58,62,64,85,88,90,92,94,98" m="22603" machi="90" ten="30,2900,0" yaku="8,1,54,1" doraHai="11" who="0" fromWho="1" sc="250,29,201,-29,250,0,299,0" /><INIT seed="0,1,0,2,4,15" ten="279,172,250,299" oya="0" hai0="78,132,105,113,75,51,80,12,125,30,117,104,8" hai1="127,23,16,89,48,11,71,131,54,46,115,82,97" hai2="14,43,102,52,13,91,34,37,69,20,118,56,49" hai3="19,123,45,87,95,90,62,116,24,74,103,32,33"/><T25/><D117/><U1/><E127/><V7/><F34/><W64/><G74/><T79/><D113/><U22/><E115/><V31/><F118/><W106/><G116/><T76/><D125/><U135/><E135/><V128/><F69/><W120/><G45/><T110/><D110/><U17/><E71/><V40/><F128/><W65/><G103/><T93/><D132/><U121/><E121/><N who="3" m="46666" /><G106/><T2/><D2/><U5/><E131/><V9/><F37/><W133/><G133/><T70/><D70/><U83/><E97/><V35/><F35/><N who="3" m="13387" /><G62/><T88/><D78/><U38/><E38/><V4/><F102/><W18/><G24/><T119/><D79/><U0/><E0/><V130/><F130/><W108/><G108/><T84/><D119/><U100/><E100/><V53/><F91/><W96/><G96/><T107/><D51/><U57/><E46/><V3/><F3/><W44/><G44/><T6/><D105/><U109/><E109/><V67/><F67/><AGARI ba="1,0" hai="18,19,64,65,67,87,90,95" m="13387,46666" machi="67" ten="30,3900,0" yaku="13,1,52,2" doraHai="15" who="3" fromWho="2" sc="279,0,172,0,250,-42,299,42" /><INIT seed="1,0,0,2,5,49" ten="279,172,208,341" oya="1" hai0="68,80,17,13,19,104,123,103,34,9,26,0,28" hai1="32,111,117,46,105,44,43,90,35,119,29,118,69" hai2="129,66,73,53,102,31,24,50,1,134,54,127,85" hai3="56,131,84,3,91,82,106,132,39,112,120,16,21"/><U110/><E69/><V8/><F73/><W23/><G106/><T70/><D123/><U67/><E67/><V89/><F129/><W40/><G3/><T113/><D113/><U86/><E105/><V7/><F134/><W71/><G71/><T60/><D0/><U11/><E11/><V122/><F122/><W65/><G120/><T25/><D80/><U42/><E90/><V59/><F102/><W78/><G112/><T18/><D25/><U5/><E86/><V99/><F99/><W130/><G132/><T55/><D55/><U79/><E5/><V124/><F66/><W101/><G101/><T4/><D60/><U128/><E79/><V81/><REACH who="2" step="1"/><F53/><REACH who="2" ten="279,172,198,341" step="2"/><W14/><G131/><T107/><D104/><U133/><E133/><V74/><F74/><W135/><G135/><T61/><D107/><U77/><E128/><V41/><F41/><N who="1" m="15369" /><E77/><V75/><F75/><W30/><G78/><T22/><D103/><U116/><E116/><V27/><F27/><N who="3" m="16751" /><G130/><T88/><D26/><N who="1" m="18487" /><E35/><AGARI ba="0,1" hai="1,7,8,24,31,35,50,54,59,81,85,89,124,127" machi="35" ten="40,2600,0" yaku="1,1,52,1,53,0" doraHai="49" doraHaiUra="126" who="2" fromWho="1" sc="279,0,172,-26,198,36,341,0" /><INIT seed="2,0,0,1,2,30" ten="279,146,234,341" oya="2" hai0="43,16,133,62,23,45,113,118,82,35,87,52,107" hai1="4,95,2,28,78,67,32,50,99,47,55,134,101" hai2="123,115,17,103,36,104,132,85,41,120,81,126,5" hai3="10,128,83,29,112,72,111,109,84,96,25,125,57"/><V33/><F115/><W89/><G112/><T119/><D107/><U66/><E134/><V77/><F132/><W116/><G116/><N who="0" m="44587" /><D113/><U70/><E78/><V86/><F126/><W24/><G128/><T42/><D133/><U110/><E110/><N who="3" m="41994" /><G125/><T88/><D35/><U7/><E2/><V6/><F33/><N who="3" m="20647" /><G25/><N who="0" m="14567" /><D62/><U124/><E124/><V1/><F17/><W98/><G10/><T0/><D0/><U91/><E91/><V53/><F1/><W19/><G19/><T74/><D74/><U129/><E129/><V14/><F5/><W127/><G127/><T108/><D108/><U76/><E76/><V131/><F6/><W48/><G72/><T56/><D56/><U12/><E70/><V61/><F14/><W31/><G31/><T121/><D121/><U105/><E105/><V93/><F104/><W69/><G69/><T122/><D122/><U75/><E75/><V11/><F11/><W26/><G26/><T60/><D60/><U46/><E46/><N who="2" m="23847" /><F131/><W49/><G57/><T97/><D97/><AGARI ba="0,0" hai="48,49,83,84,89,96,97,98" m="20647,41994" machi="97" ten="30,2000,0" yaku="14,1,52,1" doraHai="30" who="3" fromWho="0" sc="279,-20,146,0,234,0,341,20" /><INIT seed="3,0,0,5,2,44" ten="259,146,234,361" oya="3" hai0="70,59,90,47,88,42,102,87,96,135,41,6,36" hai1="11,130,50,104,127,111,77,55,129,76,29,116,128" hai2="101,3,46,1,22,103,9,114,126,120,73,86,105" hai3="26,82,57,40,5,124,18,98,4,25,80,52,115"/><W37/><G98/><T89/><D135/><U58/><E111/><V71/><F73/><W93/><G93/><T112/><D70/><U94/><E104/><V21/><F114/><W20/><G25/><T72/><D72/><U14/><E127/><V85/><F71/><W118/><G40/><T131/><D131/><U119/><E29/><V35/><F35/><W121/><G37/><T24/><D6/><U49/><E94/><V60/><F46/><W95/><G95/><T16/><D42/><U69/><E69/><V81/><F60/><W28/><G28/><T122/><D59/><U84/><E84/><V12/><F81/><W113/><G57/><T97/><D97/><U17/><REACH who="1" step="1"/><E49/><REACH who="1" ten="259,136,234,361" step="2"/><V68/><F85/><W67/><G124/><T33/><D87/><U91/><E91/><V23/><F86/><W61/><G80/><T32/><D88/><U27/><E27/><V31/><F68/><W66/><G26/><T117/><D89/><U43/><E43/><V133/><F31/><W39/><G82/><T34/><D90/><U10/><E10/><V100/><F126/><W15/><G39/><T64/><D24/><U7/><E7/><V109/><F109/><W51/><G4/><T62/><D41/><U53/><E53/><V48/><F105/><W99/><G52/><T83/><D36/><U74/><E74/><V110/><F110/><W56/><G5/><T54/><D54/><U19/><E19/><N who="2" m="8591" /><F48/><W106/><G51/><T134/><D16/><U38/><E38/><V108/><F108/><W107/><G106/><T132/><D34/><U79/><AGARI ba="0,1" hai="11,14,17,50,55,58,76,77,79,116,119,128,129,130" machi="79" ten="40,12000,2" yaku="1,1,5,1,0,1,19,1,52,1,53,1" doraHai="44" doraHaiUra="8" who="1" fromWho="1" sc="259,-30,136,130,234,-30,361,-60" owari="229,-17.1,266,6.6,204,-29.6,301,40.1" /></mjloggm>