<mjloggm ver="2.3"><GO type="225" lobby="0"/><UN n0="%E7%89%B9%E6%9D%B1%E3%81%AF%E4%B8%96%E7%95%8C%E3%82%92%E6%95%91%E3%81%86" n1="%48%61%61%61%6C%61%6E%64" n2="%E6%AD%A6" n3="%E3%81%BF%E3%81%BF%E3%81%9A" dan="16,18,17,18" rate="2082.31,2191.82,2154.21,2263.43" sx="M,M,M,M"/><TAIKYOKU oya="0"/><INIT seed="0,0,0,3,0,91" ten="250,250,250,250" oya="0" hai0="44,49,121,107,101,36,96,103,105,57,99,47,4" hai1="21,126,104,40,35,108,10,45,52,5,7,15,72" hai2="17,132,38,120,64,88,20,77,61,37,29,11,48" hai3="123,74,131,109,14,118,18,73,62,134,114,97,55"/><T71/><D71/><U85/><E72/><V30/><F120/><W98/><G114/><T13/><D121/><U58/><E35/><V116/><F77/><W83/><G123/><T32/><D32/><U19/><E104/><V67/><F132/><W69/><G134/><T56/><D36/><U51/><E108/><V53/><F116/><W133/><G133/><T8/><REACH who="0" step="1"/><D47/><REACH who="0" ten="240,250,250,250" step="2"/><U22/><E126/><V39/><F39/><W127/><G69/><T50/><D50/><U68/><E68/><V90/><F38/><W2/><G127/><T42/><AGARI ba="0,1" hai="4,8,13,42,44,49,56,57,96,99,101,103,105,107" machi="42" ten="20,7800,0" yaku="1,1,0,1,7,1,9,1,53,0" doraHai="91" doraHaiUra="31" who="0" fromWho="0" sc="240,88,250,-26,250,-26,250,-26" /><INIT seed="0,1,0,2,1,127" ten="328,224,224,224" oya="0" hai0="64,131,105,130,49,95,102,111,78,81,7,34,25" hai1="67,44,97,45,125,15,76,18,100,32,14,99,96" hai2="109,59,27,35,101,87,10,20,36,82,114,120,62" hai3="129,29,47,26,31,79,0,93,94,72,92,103,84"/><T85/><D105/><U134/><E125/><V106/><F120/><W98/><G0/><T89/><D102/><U28/><E134/><V6/><F114/><W86/><G129/><N who="0" m="49163" /><D111/><U88/><E76/><V3/><F36/><W30/><G26/><T11/><D64/><U90/><E100/><V58/><F35/><W91/><G47/><N who="1" m="17994" /><E32/><V24/><F109/><W60/><G60/><T33/><D49/><U38/><E38/><V77/><F27/><W51/><G51/><T53/><D53/><U22/><E28/><V107/><F59/><W5/><G5/><T37/><D25/><N who="1" m="14551" /><E67/><V128/><F101/><W74/><G79/><T116/><D116/><U39/><E39/><V69/><F69/><W135/><G135/><T121/><D121/><U57/><E57/><V108/><F108/><W83/><REACH who="3" step="1"/><G84/><REACH who="3" ten="328,224,224,214" step="2"/><N who="0" m="52647" /><D37/><U12/><AGARI ba="1,1" hai="12,14,15,88,90,96,97,99" m="14551,17994" machi="12" ten="40,2700,0" yaku="8,1,54,1" doraHai="127" who="1" fromWho="1" sc="328,-14,224,40,224,-8,214,-8" /><INIT seed="1,0,0,3,2,100" ten="314,264,216,206" oya="1" hai0="103,91,55,93,54,24,39,51,41,113,28,10,26" hai1="126,44,84,32,49,72,86,111,85,71,119,43,30" hai2="5,90,112,123,117,116,18,79,134,45,98,107,17" hai3="60,89,129,82,92,78,70,23,94,76,42,67,95"/><U33/><E72/><V63/><F123/><W56/><G129/><T47/><D113/><U99/><E119/><V15/><F112/><W2/><G2/><T81/><D103/><U25/><E126/><V8/><F134/><W36/><G70/><T102/><D102/><U101/><E71/><V35/><F35/><W19/><G42/><T132/><D132/><U105/><E111/><V75/><F63/><W31/><G31/><T122/><D122/><U38/><REACH who="1" step="1"/><E33/><REACH who="1" ten="314,254,216,206" step="2"/><V118/><F75/><W83/><G36/><AGARI ba="0,1" hai="25,30,32,36,38,43,44,49,84,85,86,99,101,105" machi="36" ten="40,7700,0" yaku="1,1,2,1,52,1,53,0" doraHai="100" doraHaiUra="3" who="1" fromWho="3" sc="314,0,254,87,216,0,206,-77" /><INIT seed="1,1,0,3,2,76" ten="314,341,216,129" oya="1" hai0="31,23,99,2,87,9,20,60,33,24,98,64,112" hai1="21,127,118,44,40,70,50,74,18,3,38,37,121" hai2="4,104,80,22,52,67,88,11,1,30,8,83,46" hai3="65,72,19,27,14,7,35,108,116,0,129,58,105"/><U32/><E118/><V114/><F104/><W93/><G105/><T133/><D112/><U34/><E121/><V134/><F114/><W110/><G72/><T42/><D133/><U132/><E132/><V45/><F134/><W101/><G101/><T71/><D42/><U94/><E127/><V82/><F67/><W95/><G65/><T66/><D66/><U115/><E70/><V6/><F88/><W135/><G58/><T43/><D43/><U59/><E3/><V29/><F22/><N who="3" m="11639" /><G135/><T86/><D86/><U102/><E74/><V79/><F79/><W51/><G51/><T77/><D23/><U47/><E59/><V107/><F107/><W10/><G93/><T120/><D20/><U5/><E115/><V106/><F106/><W62/><G62/><T61/><D61/><U73/><E73/><V96/><F96/><W126/><G95/><T13/><D2/><U92/><E92/><V125/><F125/><W56/><G56/><T68/><D120/><U12/><E94/><V130/><F130/><W16/><G126/><T89/><D77/><U111/><E102/><V41/><F52/><W109/><G129/><T57/><D71/><U85/><E40/><V28/><REACH who="2" step="1"/><F41/><REACH who="2" ten="314,341,206,129" step="2"/><W54/><G54/><T81/><REACH who="0" step="1"/><D68/><REACH who="0" ten="304,341,206,129" step="2"/><U49/><E49/><V84/><F84/><W128/><G128/><T78/><D78/><U97/><E85/><V53/><F53/><W63/><G63/><T117/><D117/><U26/><E50/><V119/><F119/><W17/><G116/><T75/><D75/><U39/><E21/><V15/><AGARI ba="1,2" hai="1,4,6,8,11,15,28,29,30,45,46,80,82,83" machi="15" ten="30,8000,1" yaku="1,1,0,1,52,3,53,0" doraHai="76" doraHaiUra="48" who="2" fromWho="2" sc="304,-21,341,-41,206,103,129,-21" /><INIT seed="2,0,0,0,4,135" ten="283,300,309,108" oya="2" hai0="52,55,73,94,116,78,90,96,53,59,31,33,82" hai1="102,63,11,134,127,87,39,106,20,0,56,62,76" hai2="19,120,110,133,121,34,72,30,14,58,67,99,113" hai3="16,35,81,17,123,3,47,65,117,48,25,29,118"/><V100/><F113/><W50/><G123/><T75/><D116/><U115/><E115/><V130/><F72/><W125/><G3/><T64/><D75/><U43/><E134/><V42/><F133/><W37/><G37/><T80/><D80/><U4/><E106/><V26/><F130/><W46/><G65/><T61/><D31/><U66/><E102/><V10/><F110/><W114/><G114/><T83/><D33/><U51/><E39/><V1/><F42/><W2/><G2/><T89/><REACH who="0" step="1"/><D83/><REACH who="0" ten="273,300,309,108" step="2"/><U44/><E76/><V98/><F30/><W124/><G81/><T27/><D27/><U57/><E127/><N who="3" m="48714" /><G118/><T36/><D36/><U88/><E20/><V5/><F34/><W24/><G117/><T109/><D109/><U13/><E0/><V97/><F26/><W128/><G128/><T105/><D105/><U86/><E13/><V107/><F14/><W68/><G68/><T49/><D49/><N who="3" m="19049" /><G24/><T45/><D45/><AGARI ba="0,1" hai="16,17,25,29,35,45,46,47" m="19049,48714" machi="45" ten="30,8000,1" yaku="18,1,52,3,54,1" doraHai="135" who="3" fromWho="0" sc="273,-80,300,0,309,0,108,90" /><INIT seed="3,0,0,3,0,72" ten="193,300,309,198" oya="3" hai0="80,90,23,92,55,125,15,31,10,95,39,89,62" hai1="123,81,102,9,35,121,75,33,56,7,86,38,106" hai2="63,126,52,101,65,107,134,25,97,119,110,88,22" hai3="103,129,17,2,96,37,60,122,132,66,135,69,85"/><W127/><G122/><T58/><D125/><U124/><E124/><V47/><F126/><W46/><G127/><T109/><D109/><U20/><E75/><V99/><F119/><W113/><G113/><T51/><D39/><U21/><E38/><V68/><F110/><W61/><G129/><T12/><D80/><U4/><E56/><V115/><F115/><W64/><G17/><T0/><D0/><U118/><E118/><V67/><F134/><N who="3" m="51243" /><G2/><T77/><D77/><U112/><E112/><V43/><F67/><N who="3" m="25643" /><G69/><T98/><D62/><N who="3" m="24169" /><G85/><N who="0" m="52271" /><D10/><U30/><E9/><V40/><F68/><W131/><G131/><T108/><D108/><U6/><E121/><V19/><F65/><W48/><G37/><T93/><D93/><U26/><E123/><V27/><F19/><W133/><N who="3" m="51251" /><W16/><DORA hai="130" /><G16/><N who="0" m="10631" /><D15/><U50/><E4/><V28/><F27/><W105/><G48/><T104/><D104/><U128/><E50/><V111/><F25/><W76/><G76/><T53/><D53/><U8/><E128/><V79/><F52/><W49/><G49/><T3/><D3/><U18/><E7/><V84/><F107/><W83/><G83/><T24/><D24/><N who="1" m="16647" /><E6/><V94/><F79/><W87/><G87/><T71/><D71/><U78/><E8/><V34/><F84/><W116/><G116/><T70/><D70/><U82/><E82/><V1/><F1/><W120/><G120/><T11/><D11/><U29/><E18/><V114/><F63/><W32/><G32/><T74/><D74/><U14/><E14/><V73/><F34/><W54/><G54/><RYUUKYOKU ba="0,0" sc="193,10,300,10,309,-30,198,10" hai0="31,51,55,58,90,95,98" hai1="21,26,29,33,35,78,81,86,102,106" hai3="46,96,103,105" /><INIT seed="3,1,0,0,4,50" ten="203,310,279,208" oya="3" hai0="49,48,20,119,65,29,87,24,75,62,89,110,81" hai1="109,60,123,57,56,82,36,72,129,34,106,111,85" hai2="46,47,83,122,32,116,104,135,101,125,128,19,95" hai3="127,40,44,96,132,58,74,76,35,100,39,37,73"/><W92/><G127/><T113/><D119/><U77/><E123/><V102/><F116/><W68/><G68/><T133/><D110/><N who="1" m="41995" /><E129/><V90/><F32/><W59/><G132/><T52/><D133/><U67/><E106/><V53/><F135/><W11/><G35/><T38/><D38/><U115/><E115/><V93/><F104/><W126/><G126/><T54/><D75/><U18/><E36/><V0/><F0/><W88/><G37/><T25/><D113/><U42/><E42/><V99/><F128/><W79/><G11/><T120/><D120/><U30/><E18/><V97/><F122/><W91/><G74/><T9/><D9/><U1/><E1/><V78/><F90/><W118/><G118/><T66/><D25/><N who="1" m="18767" /><E72/><V31/><F31/><W70/><G70/><AGARI ba="1,0" hai="56,57,60,67,70,77,82,85" m="18767,41995" machi="70" ten="30,1000,0" yaku="14,1" doraHai="50" who="1" fromWho="3" sc="203,0,310,13,279,0,208,-13" owari="203,-19.7,323,42.3,279,7.9,195,-30.5" /></mjloggm>