<mjloggm ver="2.3"><GO type="225" lobby="0"/><UN n0="%E3%83%A9%E3%83%BC%E3%83%A1%E3%83%B3%E4%BA%94%E9%83%8E" n1="%E3%81%BF%E3%81%BF%E3%81%9A" n2="%4B%69%74%61%6D%75%72%61" n3="%E3%81%B5%E3%81%98%E3%81%8B%E3%81%A4" dan="16,17,17,16" rate="2073.15,2226.23,2166.24,2204.35" sx="M,M,F,M"/><TAIKYOKU oya="0"/><INIT seed="0,0,0,3,4,31" ten="250,250,250,250" oya="0" hai0="122,55,111,57,42,19,29,97,87,64,83,62,70" hai1="119,132,109,115,33,101,99,131,93,47,78,117,2" hai2="34,127,69,94,112,73,53,0,13,125,126,8,17" hai3="135,10,30,9,45,46,113,128,103,35,130,92,15"/><T36/><D122/><U102/><E2/><V44/><F112/><W120/><G113/><T63/><D111/><U60/><E115/><V104/><F104/><W106/><G106/><T118/><D118/><U129/><E109/><V14/><F73/><W50/><G120/><T81/><D29/><U39/><E60/><V91/><F69/><W90/><G103/><T12/><D97/><N who="1" m="59567" /><E33/><V1/><F34/><W37/><G37/><T82/><D42/><N who="1" m="23007" /><E78/><V76/><F76/><W27/><G46/><T75/><D75/><U72/><E72/><V11/><F53/><W22/><G9/><T121/><D36/><U79/><E79/><V3/><F44/><W77/><G77/><T98/><D98/><U18/><E18/><V134/><F134/><W123/><G22/><T40/><D40/><U25/><E25/><V100/><F100/><W110/><G135/><T21/><REACH who="0" step="1"/><D121/><REACH who="0" ten="240,250,250,250" step="2"/><U59/><E132/><V49/><F127/><W20/><G123/><T105/><D105/><U48/><E99/><V52/><F126/><W107/><G110/><T85/><AGARI ba="0,1" hai="12,19,21,55,57,62,63,64,70,81,82,83,85,87" machi="85" ten="30,3000,0" yaku="1,1,0,1,53,0" doraHai="31" doraHaiUra="108" who="0" fromWho="0" sc="240,40,250,-10,250,-10,250,-10" /><INIT seed="0,1,0,0,1,2" ten="280,240,240,240" oya="0" hai0="15,13,125,84,68,116,52,106,118,128,47,3,64" hai1="107,92,108,81,134,114,11,19,95,18,129,105,130" hai2="40,6,37,1,103,79,73,66,60,48,62,43,22" hai3="54,26,117,0,65,56,123,94,93,55,74,127,42"/><T29/><D106/><N who="1" m="40459" /><E11/><V35/><F103/><W34/><G117/><T99/><D3/><U89/><E108/><V50/><F35/><W38/><G0/><T86/><D29/><U7/><E81/><N who="2" m="45295" /><F22/><W70/><G74/><T121/><D121/><U109/><E109/><V16/><F16/><N who="1" m="6185" /><E7/><V10/><F43/><W53/><G123/><T69/><D64/><U77/><E77/><V75/><F75/><W102/><G34/><T63/><D99/><U44/><E89/><V85/><F85/><W30/><G102/><T97/><D97/><U110/><E110/><V126/><F126/><W58/><G42/><T101/><D125/><U71/><E71/><N who="2" m="42439" /><F62/><N who="3" m="38103" /><G127/><T25/><D116/><U90/><E90/><V122/><F122/><W132/><G70/><T67/><D118/><U9/><E9/><V57/><F57/><W112/><G56/><T28/><D69/><U31/><E44/><AGARI ba="1,0" hai="1,6,10,37,40,44,48,50" m="42439,45295" machi="44" ten="30,2000,0" yaku="25,1,52,1" doraHai="2" who="2" fromWho="1" sc="280,0,240,-23,240,23,240,0" /><INIT seed="1,0,0,1,0,33" ten="280,217,263,240" oya="1" hai0="10,16,78,100,50,128,59,11,15,43,41,8,99" hai1="116,93,107,62,114,120,2,60,71,90,45,84,86" hai2="69,124,77,9,65,76,44,96,14,51,34,61,83" hai3="129,0,18,12,106,79,125,3,17,87,98,91,103"/><U7/><E114/><V72/><F124/><W88/><G125/><T97/><D128/><U104/><E116/><V94/><F34/><W112/><G112/><T56/><D78/><U119/><E119/><V121/><F121/><W111/><G129/><T105/><D97/><U66/><E120/><V48/><F77/><W89/><G111/><T38/><D38/><U6/><E45/><V19/><REACH who="2" step="1"/><F44/><REACH who="2" ten="280,217,253,240" step="2"/><W21/><REACH who="3" step="1"/><G18/><REACH who="3" ten="280,217,253,230" step="2"/><T118/><D118/><U63/><E7/><V53/><F53/><W27/><G27/><T4/><D4/><U5/><E6/><V81/><F81/><AGARI ba="0,2" hai="0,3,12,17,21,79,81,87,88,89,91,98,103,106" machi="81" ten="40,8000,1" yaku="1,1,52,2,54,1,53,0" doraHai="33" doraHaiUra="23" who="3" fromWho="2" sc="280,0,217,0,253,-80,230,100" /><INIT seed="2,0,0,3,3,41" ten="280,217,173,330" oya="2" hai0="131,67,56,116,130,18,85,110,120,133,19,20,79" hai1="101,122,72,1,17,59,46,73,0,77,134,87,92" hai2="114,86,42,61,15,23,4,129,121,108,50,27,30" hai3="102,81,54,84,124,6,60,109,21,126,76,47,127"/><V74/><F114/><W97/><G109/><T132/><D120/><U98/><E122/><V104/><F121/><W112/><G112/><T88/><D110/><U83/><E134/><N who="0" m="51817" /><D79/><U90/><E59/><V8/><F108/><W16/><G6/><T65/><D116/><U28/><E28/><V75/><F104/><W118/><G118/><T48/><D48/><U117/><E117/><V69/><F129/><N who="0" m="49162" /><D56/><U66/><E66/><N who="0" m="25097" /><D20/><U78/><E78/><V128/><F128/><W25/><G60/><T24/><D24/><U9/><E72/><V35/><F61/><W14/><G25/><T26/><D26/><U12/><REACH who="1" step="1"/><E46/><REACH who="1" ten="280,207,173,330" step="2"/><N who="2" m="25943" /><F69/><W2/><G47/><T58/><D58/><U38/><E38/><V99/><F99/><W5/><G97/><T7/><D7/><U113/><E113/><V70/><F70/><W3/><G5/><T125/><D125/><U51/><E51/><V49/><F49/><W22/><G127/><T100/><D100/><U111/><E111/><V89/><F75/><W115/><G102/><T39/><D39/><U68/><E68/><V45/><F74/><W106/><G115/><T71/><D71/><U43/><E43/><V57/><F57/><W32/><G32/><T93/><AGARI ba="0,1" hai="18,19,85,88,93" m="25097,49162,51817" machi="93" ten="40,5200,0" yaku="20,1,19,1,54,1" doraHai="41" who="0" fromWho="0" sc="280,62,207,-13,173,-26,330,-13" /><INIT seed="3,0,0,1,5,99" ten="342,194,147,317" oya="3" hai0="6,131,95,46,28,72,2,15,43,65,47,11,108" hai1="51,58,88,124,105,0,92,25,7,14,130,101,26" hai2="84,109,126,60,54,75,100,13,33,48,62,55,4" hai3="74,3,118,83,24,135,66,16,134,102,132,61,127"/><W34/><G118/><T32/><D72/><U8/><E124/><V128/><F75/><W107/><G127/><T129/><D108/><U91/><E130/><N who="0" m="49673" /><D65/><U87/><E0/><V1/><F128/><W81/><G3/><T104/><D104/><U93/><E105/><V23/><F126/><W73/><G34/><T50/><D95/><U113/><E113/><V117/><F117/><W122/><G122/><T78/><D78/><U41/><E101/><V59/><F33/><W69/><G74/><T119/><D119/><U5/><E5/><V40/><F109/><W17/><G24/><N who="0" m="18439" /><D47/><N who="1" m="26095" /><E58/><V20/><F1/><AGARI ba="0,0" hai="1,2,6,11,15,43,46,50" m="18439,49673" machi="1" ten="30,1000,0" yaku="19,1" doraHai="99" who="0" fromWho="2" sc="342,10,194,0,147,-10,317,0" owari="352,45.2,194,-20.6,137,-36.3,317,11.7" /></mjloggm>