<mjloggm ver="2.3"><GO type="225" lobby="0"/><UN n0="%E3%82%B5%E3%83%AB%E3%82%B7%E3%83%B3" n1="%E4%B8%89%E5%86%A0%E7%8E%8B%E3%83%BB%E5%B1%B1%E7%94%B0%E5%93%B2%E4%BA%BA" n2="%E9%80%9F%E6%B0%B4%E5%87%9B%E9%A6%99" n3="%E9%80%86%E9%80%A3%E5%B8%AF%E3%81%AE%E9%AC%BC" dan="16,16,16,16" rate="2097.50,2102.98,2160.22,2152.35" sx="F,M,F,M"/><TAIKYOKU oya="0"/><INIT seed="0,0,0,4,3,81" ten="250,250,250,250" oya="0" hai0="115,128,78,109,2,11,37,68,100,28,113,15,16" hai1="99,64,58,120,134,112,52,44,69,72,76,102,40" hai2="60,26,46,77,75,63,41,5,114,62,54,21,111" hai3="87,92,133,129,119,29,3,66,121,96,79,6,47"/><T33/><D68/><U86/><E120/><V132/><F114/><W118/><G121/><T50/><D37/><U25/><E112/><V51/><F111/><W57/><G133/><T103/><D113/><U22/><E134/><V13/><F132/><W24/><G129/><T18/><D115/><U90/><E72/><V124/><F124/><W53/><G66/><T23/><D128/><U74/><E74/><V73/><F77/><W35/><G47/><T45/><D78/><U135/><E135/><V104/><F104/><W56/><G6/><N who="0" m="1495" /><D18/><U117/><E76/><V48/><F5/><W127/><G3/><T101/><D101/><U126/><E117/><V130/><F13/><W27/><G127/><T108/><D103/><U83/><E126/><V88/><F130/><W65/><G24/><N who="0" m="18567" /><D100/><U55/><E69/><V67/><F67/><W20/><G35/><T95/><D95/><U32/><E32/><V80/><F75/><W91/><G119/><T107/><D107/><U105/><E58/><V19/><F73/><W10/><G10/><T110/><D50/><U97/><E97/><V116/><F116/><W94/><G118/><T61/><D61/><U7/><E64/><V30/><F19/><W84/><G79/><T123/><D45/><U8/><E8/><V70/><F70/><W43/><G65/><T106/><D106/><U122/><E122/><AGARI ba="0,0" hai="15,16,23,108,109,110,122,123" m="18567,1495" machi="122" ten="30,18000,2" yaku="24,1,14,1,10,1,34,2,54,1" doraHai="81" who="0" fromWho="1" sc="250,180,250,-180,250,0,250,0" /><INIT seed="0,1,0,1,0,37" ten="430,70,250,250" oya="0" hai0="7,106,48,113,95,134,16,97,65,109,107,72,50" hai1="10,8,93,108,60,88,46,121,104,125,79,57,127" hai2="1,29,118,129,116,59,112,91,34,90,56,31,63" hai3="4,101,17,76,124,6,19,82,120,123,9,14,115"/><T83/><D113/><U30/><E121/><V25/><F1/><W54/><G115/><T38/><D7/><U12/><E104/><V100/><F112/><W33/><G124/><T70/><D38/><U98/><E108/><V47/><F129/><W128/><G128/><T42/><D50/><U87/><E30/><V35/><F100/><W66/><G33/><T117/><D117/><U126/><E79/><V122/><F47/><W20/><G66/><T28/><D28/><U2/><E2/><V43/><F25/><W78/><G101/><T45/><D109/><U92/><E12/><V36/><F36/><W3/><G4/><T73/><D73/><U13/><E13/><V132/><F63/><W44/><G19/><T80/><D16/><U61/><E46/><V102/><F102/><W86/><G78/><T94/><D65/><U81/><E93/><V77/><F77/><W96/><G96/><T52/><D94/><U40/><E40/><V22/><F122/><W27/><G3/><T74/><D106/><U84/><E84/><V67/><F67/><W32/><G32/><T0/><D74/><U130/><E130/><V55/><F55/><W89/><G76/><T85/><D72/><U131/><E131/><V105/><F105/><W5/><G5/><T111/><D107/><U51/><E51/><V15/><F15/><W114/><G114/><T21/><D48/><U62/><REACH who="1" step="1"/><E57/><REACH who="1" ten="430,60,250,250" step="2"/><V71/><F116/><W18/><G6/><T133/><D0/><U68/><E68/><V99/><F31/><W69/><G69/><T110/><D70/><U119/><E119/><RYUUKYOKU ba="1,1" sc="430,-15,60,15,250,-15,250,15" hai1="8,10,60,61,62,81,87,88,92,98,125,126,127" hai3="9,14,17,18,20,27,44,54,82,86,89,120,123" /><INIT seed="1,2,1,4,0,8" ten="415,75,235,265" oya="1" hai0="37,90,114,106,127,7,56,105,134,1,113,44,16" hai1="70,132,2,20,50,64,102,34,67,57,6,93,17" hai2="0,27,83,107,129,45,76,120,82,89,123,109,4" hai3="11,72,116,85,31,100,49,14,78,5,22,53,133"/><U29/><E70/><V66/><F107/><W60/><G133/><T121/><D134/><U86/><E132/><V21/><F66/><W119/><G72/><T35/><D35/><U61/><E34/><V130/><F4/><W55/><G100/><T135/><D135/><U51/><E67/><V41/><F0/><W122/><G122/><T124/><D121/><U75/><E75/><N who="2" m="43295" /><F83/><W62/><G78/><T26/><D90/><U13/><E29/><N who="2" m="17647" /><F89/><W9/><G9/><T97/><D106/><U126/><E126/><N who="0" m="48169" /><D7/><U131/><E131/><N who="2" m="50187" /><F109/><W111/><G111/><T24/><D1/><U71/><E71/><V88/><F88/><W15/><G85/><T96/><D96/><N who="1" m="59663" /><E2/><V117/><F117/><W54/><G119/><T52/><D97/><U79/><E6/><V12/><F12/><W3/><G116/><T99/><D26/><U95/><E95/><V115/><F115/><W47/><G3/><T91/><D105/><U98/><E98/><V10/><F10/><W39/><G39/><AGARI ba="2,1" hai="39,41,45,120,123" m="50187,17647,43295" machi="39" ten="30,1000,0" yaku="19,1" doraHai="8" who="2" fromWho="3" sc="415,0,75,0,235,26,265,-16" /><INIT seed="2,0,0,3,5,57" ten="415,75,261,249" oya="2" hai0="78,129,54,107,61,104,48,27,110,134,45,6,52" hai1="42,83,108,49,91,120,41,114,28,132,115,119,75" hai2="123,73,94,5,12,82,17,58,112,9,20,62,59" hai3="97,24,117,71,122,77,85,135,80,37,2,38,66"/><V11/><F112/><W93/><G117/><T130/><D110/><U47/><E28/><V70/><F123/><W98/><G122/><T30/><D134/><U84/><E120/><V7/><F73/><W116/><G2/><T118/><D6/><U40/><E119/><V34/><F82/><W101/><G135/><T53/><D78/><U35/><E35/><V16/><F34/><W81/><G116/><T124/><D118/><U76/><E132/><V102/><F70/><W15/><G24/><T10/><D10/><U23/><E108/><V95/><F59/><W125/><G125/><T39/><D39/><U103/><E23/><V111/><F111/><W21/><G98/><T96/><D124/><U131/><E131/><N who="0" m="50185" /><D96/><U43/><REACH who="1" step="1"/><E103/><REACH who="1" ten="415,65,261,249" step="2"/><V19/><F102/><W13/><G21/><N who="0" m="15727" /><D61/><U87/><E87/><V126/><F126/><W55/><G85/><T90/><D90/><U60/><E60/><V26/><F20/><W3/><G101/><T88/><D88/><U99/><E99/><V29/><F29/><W100/><G97/><T18/><D18/><U1/><E1/><V63/><F26/><W64/><G3/><T0/><D0/><U69/><E69/><V65/><F63/><W74/><G71/><T25/><D25/><U44/><E44/><V67/><F67/><W86/><G100/><T128/><D128/><U68/><E68/><V32/><F32/><W106/><G66/><T113/><D113/><U92/><AGARI ba="0,1" hai="40,41,42,43,47,49,75,76,83,84,91,92,114,115" machi="92" ten="30,2000,0" yaku="1,1,0,1,53,0" doraHai="57" doraHaiUra="121" who="1" fromWho="1" sc="415,-5,65,30,261,-10,249,-5" /><INIT seed="3,0,0,3,0,127" ten="410,95,251,244" oya="3" hai0="2,60,129,3,58,52,10,0,118,87,134,97,69" hai1="16,13,101,122,70,81,29,100,5,132,66,64,27" hai2="121,57,14,65,89,85,119,36,110,124,61,7,71" hai3="34,115,43,68,106,135,107,79,109,15,91,95,126"/><W96/><G115/><T123/><D118/><U23/><E122/><V48/><F119/><W84/><G68/><T104/><D123/><U88/><E132/><V33/><F33/><W94/><G34/><T19/><D134/><U12/><E70/><V83/><F121/><W30/><G135/><T32/><D32/><U1/><E13/><V114/><F114/><W76/><G30/><T93/><D104/><N who="3" m="39977" /><G43/><T102/><D87/><U105/><E105/><V112/><F36/><W26/><G26/><T90/><D102/><U55/><E55/><V59/><F48/><W42/><G42/><T86/><D86/><U63/><E1/><V8/><F57/><W62/><G62/><T38/><D38/><U75/><E5/><V130/><F59/><W120/><G15/><T73/><D73/><U98/><E75/><V25/><F61/><W11/><G11/><T116/><D116/><U117/><E117/><V47/><F25/><W72/><G126/><T46/><D46/><U131/><E131/><V20/><F47/><W78/><G109/><T108/><D129/><U53/><E53/><V9/><F130/><W6/><G6/><T54/><D108/><U24/><E24/><V92/><F110/><W50/><G50/><T21/><D69/><U31/><E31/><V103/><F71/><W39/><G39/><T17/><D10/><N who="1" m="6167" /><E81/><V44/><F7/><W113/><G113/><T49/><D21/><U99/><E66/><V40/><F112/><W80/><G120/><T67/><D49/><U45/><E45/><V111/><F124/><W133/><G133/><T77/><D60/><RYUUKYOKU ba="0,0" sc="410,-10,95,-10,251,-10,244,30" hai3="72,76,78,79,80,84,91,94,95,96" /><INIT seed="3,1,0,1,4,86" ten="400,85,241,274" oya="3" hai0="98,41,92,59,110,43,63,84,95,76,111,48,117" hai1="29,60,118,68,6,124,100,103,19,114,57,104,105" hai2="134,31,51,107,32,53,26,102,72,85,115,25,38" hai3="44,90,52,116,17,77,40,74,21,97,87,113,28"/><W120/><G116/><T66/><D117/><U0/><E118/><V12/><F72/><W112/><G120/><T50/><D111/><U8/><E114/><V47/><F115/><W54/><G74/><T1/><D1/><U81/><E124/><V42/><F134/><W96/><G28/><T23/><D110/><U33/><E103/><V79/><F12/><W55/><G77/><T135/><D135/><U109/><E109/><V123/><F123/><W94/><G113/><T73/><D73/><U67/><E57/><V82/><F25/><W5/><G5/><T16/><D50/><U93/><E93/><N who="0" m="35913" /><D98/><U36/><E100/><V13/><F13/><W131/><G131/><T125/><D48/><U108/><E108/><V71/><F71/><W35/><G35/><T126/><D126/><U56/><E56/><V121/><F121/><W10/><G10/><T88/><D76/><U128/><E128/><V65/><F65/><W24/><REACH who="3" step="1"/><G112/><REACH who="3" ten="400,85,241,264" step="2"/><T20/><D125/><U70/><E81/><V4/><F4/><W83/><G83/><N who="0" m="49183" /><D20/><U22/><E70/><V69/><F69/><W91/><G91/><T119/><D119/><U106/><E36/><AGARI ba="1,1" hai="17,21,24,36,40,44,52,54,55,87,90,94,96,97" machi="36" ten="40,7700,0" yaku="1,1,52,1,54,1,53,0" doraHai="86" doraHaiUra="7" who="3" fromWho="1" sc="400,0,85,-80,241,0,264,90" /><INIT seed="3,2,0,2,0,71" ten="400,5,241,354" oya="3" hai0="54,42,130,16,1,34,50,82,90,127,18,117,116" hai1="108,70,93,110,22,66,30,99,4,123,105,39,73" hai2="46,75,35,43,133,65,68,55,115,128,19,8,98" hai3="80,78,109,5,14,132,124,57,31,49,76,7,84"/><W87/><G132/><T126/><D34/><U11/><E22/><V67/><F75/><W33/><G124/><N who="0" m="47659" /><D1/><U41/><E93/><V26/><F115/><W119/><G119/><N who="0" m="45643" /><D130/><U60/><E123/><V58/><F128/><W24/><G109/><T118/><D42/><U111/><E30/><V59/><F68/><W125/><G125/><T10/><D10/><U36/><E41/><V96/><F133/><W72/><G14/><T134/><D134/><U97/><E97/><V83/><F35/><W37/><G37/><T89/><D118/><U53/><E53/><V113/><F113/><W104/><G104/><T61/><D61/><U129/><E129/><V12/><F83/><W86/><G78/><T79/><D89/><U38/><E73/><V88/><F26/><W23/><G33/><T102/><D90/><U101/><E11/><V13/><F13/><W114/><G114/><T62/><D62/><U45/><E4/><V2/><F2/><W92/><REACH who="3" step="1"/><G92/><REACH who="3" ten="400,5,241,344" step="2"/><T48/><D102/><U3/><E45/><V103/><F103/><W17/><G17/><N who="0" m="6763" /><D54/><AGARI ba="2,1" hai="5,7,23,24,31,49,54,57,72,76,80,84,86,87" machi="54" ten="40,2000,0" yaku="1,1,53,0" doraHai="71" doraHaiUra="135" who="3" fromWho="0" sc="400,-26,5,0,241,0,344,36" owari="374,17.4,5,-49.5,241,-15.9,380,48.0" /></mjloggm>