<mjloggm ver="2.3"><GO type="225" lobby="0"/><UN n0="%E6%A0%B9%E5%85%83%E3%81%8B%E3%82%89%E5%90%B9%E3%81%A3%E9%A3%9B%E3%81%B6" n1="%E6%97%A5%E6%9B%9C%E6%97%A5%E3%82%88%E3%82%8A%E3%81%AE%E4%BD%BF%E8%80%85" n2="%E3%83%B4%E3%82%A3%E3%83%AF%E3%82%B3%E3%82%B0%E3%83%8B" n3="%48%61%61%61%6C%61%6E%64" dan="17,17,16,18" rate="2230.89,2136.53,2174.03,2225.59" sx="F,M,M,M"/><TAIKYOKU oya="0"/><INIT seed="0,0,0,3,2,130" ten="250,250,250,250" oya="0" hai0="51,89,3,129,96,7,61,46,92,31,127,131,87" hai1="28,10,29,39,11,134,16,77,26,57,95,52,23" hai2="17,119,113,91,128,35,50,62,75,25,107,63,82" hai3="5,45,42,30,85,109,98,123,15,125,133,49,67"/><T27/><D127/><U22/><E39/><V80/><F107/><W53/><G125/><T104/><D61/><N who="1" m="36007" /><E134/><V121/><F75/><W64/><G109/><T86/><D7/><U83/><E95/><V58/><F113/><W32/><G123/><T117/><D3/><U38/><E38/><V20/><F121/><W44/><G133/><T71/><D71/><U78/><E29/><V94/><F35/><W59/><G30/><T105/><D117/><U41/><E41/><V9/><F128/><N who="0" m="49226" /><D105/><U106/><E106/><V111/><F111/><W76/><G32/><N who="0" m="20607" /><D104/><U37/><E37/><V122/><F122/><W56/><G67/><T108/><D108/><U8/><E83/><N who="2" m="31787" /><F119/><W47/><G64/><T43/><AGARI ba="0,0" hai="43,46,51,86,87,89,92,96" m="20607,49226" machi="43" ten="30,1500,0" yaku="19,1" doraHai="130" who="0" fromWho="0" sc="250,15,250,-5,250,-5,250,-5" /><INIT seed="0,1,0,5,5,36" ten="265,245,245,245" oya="0" hai0="84,56,68,116,119,104,125,48,73,31,78,117,106" hai1="122,128,127,61,74,118,40,131,10,21,67,58,15" hai2="72,3,75,66,47,41,97,89,95,64,69,133,80" hai3="18,100,93,34,49,109,94,16,38,90,92,0,111"/><T103/><D68/><U76/><E118/><V129/><F133/><W112/><G38/><T79/><D31/><U57/><E122/><V22/><F129/><N who="1" m="49737" /><E127/><V52/><F3/><W123/><G112/><T113/><D113/><U35/><E35/><V59/><F69/><W83/><G123/><T26/><D125/><U54/><E21/><V39/><F22/><W13/><G0/><T86/><D26/><U132/><E132/><V85/><F72/><W27/><G100/><T126/><D126/><U70/><E54/><V29/><F29/><N who="3" m="19775" /><G49/><T43/><D56/><N who="1" m="21611" /><E76/><N who="0" m="29225" /><D73/><U8/><E74/><V50/><REACH who="2" step="1"/><F75/><REACH who="2" ten="265,245,235,245" step="2"/><W30/><G30/><T114/><D114/><U71/><E71/><V45/><F45/><W46/><G46/><N who="0" m="25695" /><D119/><U60/><E70/><V115/><F115/><W55/><G13/><T28/><D28/><U5/><E15/><V12/><F12/><W44/><G44/><T121/><D117/><U81/><E10/><V23/><F23/><W24/><G24/><T63/><D116/><U124/><E124/><V6/><F6/><W19/><G19/><T53/><D121/><U62/><E8/><V110/><F110/><W105/><G111/><T14/><D14/><U51/><E5/><V7/><F7/><W17/><G109/><T134/><D134/><U98/><E67/><V135/><F135/><W130/><G130/><T102/><D106/><U1/><E1/><V37/><F37/><W32/><G105/><T42/><D104/><U33/><E33/><V108/><F108/><W4/><G32/><T107/><D107/><U87/><E51/><V96/><F96/><RYUUKYOKU ba="1,1" sc="265,-10,245,-10,235,30,245,-10" hai2="39,41,47,50,52,59,64,66,80,85,89,95,97" /><INIT seed="1,2,1,1,4,68" ten="255,235,265,235" oya="1" hai0="25,121,74,49,48,128,123,109,130,129,134,104,40" hai1="116,117,59,91,1,45,83,81,28,62,105,120,125" hai2="132,93,80,47,110,70,6,3,34,95,60,78,52" hai3="43,0,111,24,17,66,31,135,90,92,30,12,53"/><U115/><E115/><V10/><F110/><W126/><G0/><T58/><D74/><U37/><E120/><N who="0" m="46153" /><D104/><U89/><E105/><V18/><F34/><W14/><G111/><T5/><D5/><U107/><E107/><V64/><F132/><W96/><G135/><T27/><D134/><U127/><E1/><V42/><F18/><W85/><G126/><N who="1" m="48138" /><E28/><N who="3" m="10794" /><G66/><T50/><D109/><U77/><E91/><V133/><F133/><W29/><N who="3" m="10802" /><W57/><DORA hai="88" /><G43/><T35/><D35/><U103/><E103/><V75/><REACH who="2" step="1"/><F52/><REACH who="2" ten="255,235,255,235" step="2"/><W54/><G54/><T51/><D40/><N who="1" m="22671" /><E89/><V84/><F84/><W86/><G86/><T112/><D112/><U122/><E122/><V82/><F82/><N who="1" m="31241" /><E77/><V65/><F65/><AGARI ba="2,2" hai="59,62,65,116,117" m="31241,22671,48138" machi="65" ten="30,2900,0" yaku="18,1,52,1" doraHai="68,88" who="1" fromWho="2" sc="255,0,235,55,255,-35,235,0" /><INIT seed="1,3,0,0,3,39" ten="255,290,220,235" oya="1" hai0="101,3,4,43,87,97,123,107,45,31,83,77,44" hai1="112,2,30,49,46,117,133,93,69,57,7,54,100" hai2="15,94,32,50,125,103,70,10,71,75,24,85,114" hai3="8,135,66,80,19,16,56,37,95,72,36,48,42"/><U51/><E112/><V127/><F75/><W121/><G121/><T130/><D130/><U22/><E117/><V106/><F106/><W115/><G115/><T122/><D31/><U96/><E69/><V116/><F116/><W84/><G135/><T110/><D110/><U63/><E133/><V12/><F114/><W62/><G72/><T92/><D92/><U9/><E30/><N who="2" m="19527" /><F50/><W124/><G124/><N who="2" m="47689" /><F15/><W90/><G37/><T129/><D129/><U58/><E22/><V105/><F105/><W13/><G36/><T52/><D45/><U59/><REACH who="1" step="1"/><E51/><REACH who="1" ten="255,280,220,235" step="2"/><V74/><F74/><W29/><G29/><T98/><D123/><U41/><AGARI ba="3,1" hai="2,7,9,41,46,49,54,57,58,59,63,93,96,100" machi="41" ten="20,12000,1" yaku="1,1,2,1,0,1,7,1,52,1,53,0" doraHai="39" doraHaiUra="86" who="1" fromWho="1" sc="255,-43,280,139,220,-43,235,-43" /><INIT seed="1,4,0,3,5,19" ten="212,419,177,192" oya="1" hai0="86,53,18,13,29,73,37,35,119,75,11,26,3" hai1="0,97,22,51,126,31,129,122,127,102,83,44,132" hai2="134,15,79,62,118,34,130,72,110,60,21,32,27" hai3="85,101,33,112,67,115,94,12,40,93,103,63,52"/><U24/><E122/><V14/><F118/><W23/><G33/><N who="2" m="12905" /><F79/><W6/><G40/><T50/><D119/><U121/><E121/><V109/><F72/><W16/><G6/><T87/><D37/><U25/><E0/><V80/><F80/><W81/><G115/><T36/><D36/><U124/><E129/><V46/><F46/><W125/><G125/><T20/><D75/><U74/><E132/><V47/><F47/><W98/><G112/><T28/><D73/><U100/><E25/><V45/><F45/><W30/><G30/><T84/><D29/><U4/><E4/><V8/><F62/><W71/><G52/><T107/><D107/><U116/><E116/><V128/><F60/><W17/><G17/><T55/><D50/><U42/><E97/><V68/><F68/><W9/><G9/><T95/><D95/><U96/><E96/><V92/><F92/><W78/><REACH who="3" step="1"/><G94/><REACH who="3" ten="212,419,177,182" step="2"/><T76/><D76/><AGARI ba="4,1" hai="22,24,31,42,44,51,74,76,83,100,102,124,126,127" machi="76" ten="40,3900,0" yaku="18,1,52,1" doraHai="19" who="1" fromWho="0" sc="212,-51,419,61,177,0,182,0" /><INIT seed="1,5,0,5,4,21" ten="161,480,177,182" oya="1" hai0="12,75,120,105,110,55,115,124,84,73,48,25,127" hai1="46,6,41,43,94,128,97,56,135,101,87,106,76" hai2="29,50,90,100,79,23,53,113,121,98,1,34,85" hai3="81,13,64,67,7,133,122,95,91,0,83,18,112"/><U77/><E128/><V63/><F121/><W58/><G122/><T68/><D110/><U14/><E135/><V60/><F34/><W28/><G112/><T33/><D105/><U108/><E108/><V36/><F36/><W4/><G28/><N who="0" m="19599" /><D68/><U17/><E6/><N who="3" m="2090" /><G0/><T78/><D115/><U132/><E132/><V38/><F38/><W125/><G125/><N who="0" m="48203" /><D120/><U54/><E106/><V27/><F79/><N who="1" m="30281" /><E87/><V82/><F1/><W47/><G47/><N who="0" m="28063" /><D12/><U2/><E46/><N who="2" m="27863" /><F113/><W126/><G133/><T35/><D35/><U99/><E2/><V86/><F86/><N who="3" m="52727" /><G126/><T104/><D104/><U42/><E97/><V39/><F39/><W74/><G74/><T117/><D117/><U116/><E116/><V103/><F98/><W123/><G123/><T20/><D20/><N who="1" m="11319" /><E41/><V93/><F82/><AGARI ba="5,0" hai="73,75,78,82,84" m="28063,48203,19599" machi="82" ten="30,2000,0" yaku="18,1,52,1" doraHai="21" who="0" fromWho="2" sc="161,35,480,0,177,-35,182,0" /><INIT seed="2,0,0,4,1,38" ten="196,480,142,182" oya="2" hai0="51,114,13,44,121,41,15,12,33,120,97,116,28" hai1="60,73,14,64,40,111,132,67,53,85,66,56,77" hai2="86,131,107,124,70,87,96,5,93,21,17,31,75" hai3="45,122,130,29,37,109,99,26,63,19,102,2,20"/><V27/><F124/><W10/><G122/><T76/><D114/><U49/><E111/><V84/><F131/><W134/><G109/><T3/><D3/><U4/><E132/><V11/><F75/><W32/><G134/><T0/><D0/><U74/><E74/><V127/><F127/><W91/><G130/><T62/><D116/><U88/><E73/><V9/><F70/><W112/><G112/><T129/><D129/><U16/><E77/><V105/><F31/><W18/><G91/><T24/><D76/><U81/><E4/><V46/><F46/><W42/><G63/><T55/><D62/><U83/><E83/><V89/><REACH who="2" step="1"/><F11/><REACH who="2" ten="196,480,132,182" step="2"/><W113/><G113/><T126/><D126/><U35/><E35/><V52/><F52/><W69/><G69/><T117/><D55/><U25/><E25/><V72/><F72/><W34/><G34/><T79/><D121/><U7/><E7/><V80/><F80/><W47/><G32/><T78/><D120/><U48/><E40/><V125/><F125/><W39/><G42/><T1/><D41/><U6/><E6/><V100/><F100/><W103/><G103/><T30/><D44/><U65/><E53/><V135/><F135/><W92/><G47/><T115/><D115/><U104/><E104/><V108/><F108/><W95/><G45/><T110/><D33/><U123/><E123/><V68/><F68/><W94/><G39/><T59/><D110/><U71/><E71/><V50/><F50/><W58/><G37/><T128/><D128/><U101/><E101/><V106/><F106/><N who="3" m="63839" /><G58/><T119/><D59/><RYUUKYOKU ba="0,1" sc="196,-30,480,10,132,10,182,10" hai1="14,16,48,49,56,60,64,65,66,67,81,85,88" hai2="5,9,17,21,27,84,86,87,89,93,96,105,107" hai3="2,10,18,19,20,26,29,92,94,95" /><INIT seed="2,1,1,4,5,78" ten="166,490,142,192" oya="2" hai0="85,112,116,70,63,87,62,47,22,35,19,106,129" hai1="34,134,24,67,101,36,13,6,45,76,74,124,111" hai2="84,77,122,71,9,132,120,4,75,100,38,130,131" hai3="29,104,105,52,121,115,92,50,118,127,3,11,88"/><V33/><F71/><W54/><G118/><T109/><D112/><U99/><E13/><V73/><F38/><W94/><G121/><N who="2" m="46697" /><F33/><W126/><G115/><T42/><D106/><U5/><E36/><V32/><F32/><W95/><G29/><T108/><D35/><U64/><E34/><V82/><F132/><W57/><G88/><T96/><D96/><U98/><E134/><V51/><F51/><W40/><G40/><T114/><D114/><U23/><E67/><V0/><F100/><W66/><G66/><T18/><D70/><U53/><E64/><V7/><F7/><W15/><G3/><T10/><D116/><U102/><E5/><V68/><F68/><W91/><G91/><T25/><D63/><U8/><E102/><V43/><F43/><W89/><G89/><T80/><D62/><U107/><E101/><V48/><F48/><W81/><G54/><T86/><D42/><U90/><E6/><V113/><F113/><W12/><G50/><T1/><D1/><U46/><E53/><V97/><F97/><W28/><G52/><T30/><D47/><U26/><E99/><V103/><F103/><W79/><G105/><T2/><D2/><U59/><E98/><V125/><F125/><N who="3" m="47627" /><G104/><T55/><D55/><U135/><E124/><V27/><F27/><W128/><G57/><T83/><D25/><U16/><E135/><V56/><F56/><W49/><G49/><T69/><D69/><U60/><E59/><V117/><F117/><W123/><G123/><T58/><D58/><U72/><E107/><V21/><F21/><W20/><G20/><RYUUKYOKU ba="1,1" sc="166,-10,490,-10,142,30,192,-10" hai2="0,4,9,73,75,77,82,84,130,131" /><INIT seed="2,2,1,4,0,59" ten="156,480,172,182" oya="2" hai0="130,125,17,33,12,26,40,6,11,68,8,73,115" hai1="92,41,69,114,42,83,2,43,50,47,122,116,98" hai2="58,21,87,80,44,18,102,134,127,52,77,15,133" hai3="128,65,81,131,67,1,135,5,100,70,82,10,74"/><V79/><F127/><W75/><G135/><N who="2" m="51721" /><F102/><W126/><G126/><T34/><D68/><U90/><E114/><V31/><F44/><W46/><G100/><T118/><D73/><N who="3" m="27657" /><G46/><T0/><D40/><U117/><E2/><V121/><F121/><W103/><G103/><T120/><D115/><U61/><E122/><V96/><F96/><W129/><G70/><T108/><D120/><U28/><E28/><V39/><F31/><W51/><G51/><T88/><D125/><U57/><E69/><V99/><F99/><W132/><G132/><T91/><D118/><U29/><E29/><V95/><F95/><W19/><G19/><T35/><D108/><U85/><E117/><V101/><F101/><W30/><G30/><T105/><D105/><U111/><E116/><V72/><F39/><W78/><G81/><T14/><D34/><U64/><E111/><V22/><F22/><W62/><G62/><T123/><D35/><U3/><E3/><V20/><F20/><W9/><G9/><T97/><D97/><U71/><E71/><V89/><F72/><AGARI ba="2,1" hai="1,5,10,65,67,72,78,82,128,129,131" m="27657" machi="72" ten="40,1300,0" yaku="19,1" doraHai="59" who="3" fromWho="2" sc="156,0,480,0,172,-19,182,29" /><INIT seed="3,0,0,4,0,16" ten="156,480,153,211" oya="3" hai0="6,67,69,15,109,29,52,75,111,43,56,81,44" hai1="68,12,108,106,101,28,127,99,8,37,104,53,123" hai2="46,132,9,58,134,121,4,100,129,112,120,95,87" hai3="130,119,3,110,88,61,2,10,131,118,96,102,85"/><W74/><G74/><T19/><D29/><U33/><E37/><V25/><F129/><N who="3" m="49163" /><G61/><N who="0" m="40175" /><D6/><U42/><E108/><N who="0" m="41545" /><D75/><U77/><E77/><V64/><F112/><W83/><G110/><T84/><D84/><U59/><E28/><V18/><F46/><W22/><G22/><N who="0" m="11647" /><D81/><U135/><E104/><V117/><F117/><N who="3" m="44555" /><G10/><T36/><D56/><U47/><E59/><V93/><F58/><W128/><N who="3" m="49171" /><W40/><DORA hai="20" /><G40/><N who="0" m="22535" /><D52/><U126/><E47/><V14/><F64/><W66/><G66/><T27/><D27/><U48/><E42/><AGARI ba="0,0" hai="42,43" m="22535,11647,41545,40175" machi="42" ten="30,2000,0" yaku="14,1,52,1" doraHai="16,20" who="0" fromWho="1" sc="156,20,480,-20,153,0,211,0" owari="176,-22.4,460,56.0,153,-34.7,211,1.1" /></mjloggm>