<mjloggm ver="2.3"><GO type="225" lobby="0"/><UN n0="%2D%E8%B1%8A%E5%8F%A3%E3%82%81%E3%81%90%E3%81%BF%2D" n1="%E9%80%86%E9%80%A3%E5%B8%AF%E3%81%AE%E9%AC%BC" n2="%72%65%6E%6B%75%6E" n3="%E3%81%BF%E3%81%BF%E3%81%9A" dan="16,16,17,17" rate="2095.01,2177.41,2173.02,2270.25" sx="F,M,M,M"/><TAIKYOKU oya="0"/><INIT seed="0,0,0,0,4,101" ten="250,250,250,250" oya="0" hai0="73,131,110,37,70,85,95,33,44,118,29,129,69" hai1="13,46,100,67,78,119,121,40,12,60,105,116,79" hai2="31,61,22,134,53,7,103,66,57,21,64,5,130" hai3="86,65,75,30,58,71,126,52,38,81,47,51,11"/><T23/><D73/><U4/><E121/><V15/><F130/><N who="0" m="49674" /><D33/><U18/><E4/><N who="2" m="1611" /><F134/><W104/><G104/><T94/><D118/><U113/><E113/><V54/><F103/><W112/><G112/><T49/><D37/><U115/><E115/><V82/><F82/><W50/><G126/><T1/><D1/><U41/><E100/><V14/><F54/><W56/><G75/><T99/><D85/><U76/><E105/><V93/><F93/><N who="0" m="35338" /><D99/><U107/><E107/><V98/><F98/><W74/><G74/><T68/><D110/><U123/><E123/><V17/><F14/><W24/><G11/><T125/><D125/><U43/><E46/><V133/><F133/><W132/><G132/><T16/><D29/><U109/><E109/><V59/><F57/><W32/><G38/><T72/><D72/><U91/><E91/><V25/><AGARI ba="0,0" hai="15,17,21,22,25,31,53,59,61,64,66" m="1611" machi="25" ten="30,1100,0" yaku="8,1" doraHai="101" who="2" fromWho="2" sc="250,-5,250,-3,250,11,250,-3" /><INIT seed="1,0,0,2,0,118" ten="245,247,261,247" oya="1" hai0="119,18,100,70,106,39,66,31,122,121,23,68,55" hai1="69,21,60,134,17,53,96,46,61,115,101,77,92" hai2="89,22,51,16,105,65,37,75,45,112,36,41,120" hai3="104,12,135,103,98,9,43,5,0,20,4,1,13"/><U59/><E134/><V97/><F75/><W67/><G135/><T84/><D119/><U48/><E115/><V72/><F72/><W26/><G43/><T80/><D39/><U94/><E69/><V8/><F112/><W108/><G108/><T63/><D31/><U81/><E94/><V95/><F65/><W62/><G4/><T10/><D10/><U133/><E133/><V15/><F120/><N who="0" m="46186" /><D55/><U11/><E11/><V91/><F105/><W64/><G0/><T3/><D3/><U116/><E116/><V58/><F58/><W29/><G67/><T74/><D74/><U114/><E114/><V44/><F91/><W28/><G29/><T131/><D131/><U49/><E61/><V113/><F113/><W57/><AGARI ba="0,0" hai="1,5,9,12,13,20,26,28,57,62,64,98,103,104" machi="57" ten="20,1500,0" yaku="0,1,7,1" doraHai="118" who="3" fromWho="3" sc="245,-4,247,-7,261,-4,247,15" /><INIT seed="2,0,0,2,5,76" ten="241,240,257,262" oya="2" hai0="135,36,45,54,4,53,72,34,133,68,60,41,39" hai1="125,92,9,27,122,17,32,7,94,75,56,97,49" hai2="51,117,98,40,79,57,132,91,109,118,18,26,11" hai3="102,134,28,12,8,74,128,64,127,129,113,130,20"/><V70/><F70/><W55/><G64/><N who="0" m="40967" /><D4/><U1/><E125/><V107/><F132/><N who="0" m="50762" /><D72/><U69/><E122/><V50/><F79/><W6/><G74/><T83/><D34/><U33/><E69/><V114/><F114/><W126/><G134/><T43/><D83/><U21/><E75/><V46/><F109/><W121/><G102/><T47/><AGARI ba="0,0" hai="36,39,41,43,45,47,53,54" m="50762,40967" machi="47" ten="30,4000,0" yaku="20,1,34,2" doraHai="76" who="0" fromWho="0" sc="241,40,240,-10,257,-20,262,-10" /><INIT seed="3,0,0,4,5,33" ten="281,230,237,252" oya="3" hai0="106,104,74,22,46,132,125,133,37,97,53,38,119" hai1="85,50,44,110,30,23,90,31,15,77,27,60,29" hai2="86,51,3,123,130,7,34,11,21,65,102,63,66" hai3="47,12,35,115,58,6,134,40,99,95,10,91,41"/><W82/><G115/><T89/><D119/><U57/><E110/><V62/><F34/><W117/><G117/><T114/><D74/><U120/><E120/><V127/><F123/><W80/><G134/><T126/><D114/><U16/><E77/><V68/><F127/><N who="0" m="48650" /><D22/><U61/><E57/><V108/><F108/><W18/><G35/><T129/><D129/><U98/><E98/><V93/><F130/><W128/><G128/><T32/><D32/><U83/><REACH who="1" step="1"/><E27/><REACH who="1" ten="281,220,237,252" step="2"/><V64/><F68/><W112/><G112/><T1/><D97/><U107/><E107/><V20/><F102/><W72/><G72/><T43/><D106/><U103/><E103/><V49/><F65/><W131/><G131/><T116/><D104/><U28/><N who="1" m="7168" /><DORA hai="45" /><U88/><E88/><V78/><F66/><W69/><G69/><T25/><D89/><U79/><E79/><V87/><F64/><W124/><G124/><T113/><D25/><U94/><E94/><V39/><F78/><W14/><G58/><T5/><D116/><U105/><E105/><V109/><F109/><W42/><REACH who="3" step="1"/><G47/><REACH who="3" ten="281,220,237,242" step="2"/><T4/><D113/><U73/><E73/><V13/><F87/><W111/><G111/><T67/><D46/><U96/><E96/><V24/><F86/><W122/><G122/><T118/><D118/><U36/><E36/><V2/><F39/><W100/><G100/><T81/><D37/><U84/><E84/><V55/><F93/><W92/><G92/><T52/><D38/><U71/><E71/><V59/><F59/><W76/><G76/><T17/><D133/><U70/><E70/><RYUUKYOKU ba="0,2" sc="281,-15,220,15,237,-15,242,15" hai1="15,16,23,44,50,60,61,83,85,90" hai3="6,10,12,14,18,40,41,42,80,82,91,95,99" /><INIT seed="3,1,2,3,1,113" ten="266,235,222,257" oya="3" hai0="104,62,34,39,78,82,87,18,51,28,48,117,81" hai1="74,52,42,31,133,38,75,66,33,32,84,119,59" hai2="8,129,124,108,61,79,56,71,80,125,127,93,0" hai3="86,105,53,101,98,3,40,120,13,67,64,72,7"/><W37/><G120/><T106/><D117/><U126/><E119/><V60/><F108/><W69/><G72/><T134/><D39/><U116/><E116/><V115/><F115/><W88/><G3/><T21/><D34/><U91/><E133/><V14/><F129/><W107/><G107/><T70/><D28/><U63/><E126/><V43/><F43/><W103/><G103/><T92/><D106/><U90/><E90/><V132/><F132/><W24/><G69/><T99/><D104/><U58/><E42/><V6/><F93/><W36/><G24/><T46/><D82/><U96/><E96/><V26/><F26/><W45/><G37/><T89/><D134/><U12/><E38/><V10/><F71/><W50/><G7/><T122/><D122/><U112/><E112/><V49/><F49/><W130/><G13/><N who="0" m="9423" /><D70/><U95/><E12/><V19/><REACH who="2" step="1"/><F56/><REACH who="2" ten="266,235,212,257" step="2"/><W73/><G130/><T102/><D46/><U76/><E31/><V41/><F41/><W121/><G121/><T47/><D48/><U16/><E59/><V68/><F68/><W5/><G40/><N who="0" m="25063" /><D62/><U123/><E123/><V110/><F110/><W128/><G36/><T29/><D29/><U23/><E58/><V54/><F54/><W109/><G128/><T44/><D44/><U1/><E52/><V17/><F17/><W83/><G109/><T114/><D114/><U15/><E63/><V9/><F9/><W25/><G25/><T57/><D57/><U65/><E16/><V4/><F4/><W30/><G5/><T20/><D20/><U2/><E23/><V55/><F55/><RYUUKYOKU ba="1,3" sc="266,15,235,-15,212,15,257,-15" hai0="78,81,87,89,92,99,102" hai2="0,6,8,10,14,19,60,61,79,80,124,125,127" /><INIT seed="4,2,3,0,3,110" ten="281,220,227,242" oya="0" hai0="13,63,0,104,41,122,53,115,114,95,39,84,16" hai1="50,58,22,17,78,128,135,83,91,49,125,6,24" hai2="18,93,73,60,105,97,9,116,120,75,94,66,64" hai3="74,30,21,23,51,67,96,1,37,113,72,52,86"/><T59/><D0/><U112/><E135/><V70/><F120/><W43/><G1/><T19/><D104/><U108/><E108/><V47/><F105/><W99/><G67/><T55/><D122/><U45/><E128/><V32/><F32/><W29/><G86/><T2/><D2/><U5/><E125/><V89/><F66/><W8/><G8/><T35/><D35/><U46/><E112/><N who="0" m="43049" /><D41/><N who="1" m="24751" /><E58/><V62/><F62/><W25/><G37/><T90/><D39/><U65/><E65/><V124/><F47/><W38/><G52/><N who="0" m="34279" /><D19/><U82/><E78/><V77/><F77/><W87/><G43/><T109/><D109/><U131/><E131/><V119/><F124/><W20/><G38/><T36/><D36/><U79/><E79/><V103/><F18/><W12/><G113/><T69/><D69/><U111/><E111/><V56/><F70/><W81/><G51/><T121/><D121/><U101/><E101/><V71/><F71/><W33/><G33/><T27/><D27/><U100/><E100/><V132/><F132/><W48/><G48/><T107/><D107/><U134/><E134/><V106/><F106/><W3/><G3/><T92/><D95/><U68/><E68/><V118/><REACH who="2" step="1"/><F9/><AGARI ba="2,3" hai="9,13,16,53,55,84,90,92" m="34279,43049" machi="9" ten="30,18000,2" yaku="15,1,52,3,54,2" doraHai="110" who="0" fromWho="2" sc="281,216,220,0,227,-186,242,0" owari="497,59.7,220,-18.0,41,-45.9,242,4.2" /></mjloggm>