<mjloggm ver="2.3"><GO type="225" lobby="0"/><UN n0="%45%6C%79%73%69%75%6D" n1="%E4%B8%AD%E5%B9%B4%E3%81%AE%E5%8D%B1%E6%A9%9F" n2="%E3%82%B7%E3%83%B3%E5%A4%AA%E6%9C%97" n3="%43%68%65" dan="17,16,16,16" rate="2107.30,2132.03,2119.48,2165.19" sx="F,M,M,M"/><TAIKYOKU oya="0"/><INIT seed="0,0,0,4,4,81" ten="250,250,250,250" oya="0" hai0="26,69,24,11,118,19,88,6,61,3,62,55,35" hai1="31,63,78,79,56,125,77,46,32,111,25,33,49" hai2="134,44,29,120,21,73,92,0,74,123,40,85,50" hai3="23,9,43,51,132,133,48,72,87,7,10,37,8"/><T116/><D69/><U66/><E111/><V86/><F134/><N who="3" m="51819" /><G72/><T110/><D110/><U130/><E125/><V18/><F0/><W89/><G37/><T64/><D64/><U91/><E130/><V80/><F29/><W100/><G100/><T70/><D70/><U124/><E124/><V20/><F123/><W98/><G98/><T27/><D35/><U45/><E33/><V53/><F120/><W13/><G43/><T128/><D128/><U30/><E30/><V59/><F21/><W58/><G58/><T93/><D19/><U16/><E49/><N who="3" m="19018" /><G23/><T14/><D3/><U94/><REACH who="1" step="1"/><E16/><REACH who="1" ten="250,240,250,250" step="2"/><V135/><F135/><W65/><G65/><T83/><D118/><U112/><E112/><V119/><F119/><W52/><G52/><T90/><D116/><U105/><E105/><V5/><F40/><W47/><G47/><T2/><D55/><U22/><E22/><V97/><F44/><W109/><G109/><T28/><D28/><U114/><E114/><V101/><F5/><W131/><G131/><T113/><D113/><U39/><E39/><V95/><F18/><W107/><G107/><T84/><REACH who="0" step="1"/><D2/><REACH who="0" ten="240,240,250,250" step="2"/><U115/><E115/><V41/><F53/><W54/><G54/><T4/><D4/><U67/><E67/><V82/><F41/><W60/><G60/><T71/><D71/><U108/><E108/><V17/><F59/><W129/><G129/><T102/><D102/><U38/><E38/><V99/><F17/><W12/><G7/><T117/><D117/><U1/><E1/><V104/><F101/><W68/><G68/><T75/><D75/><RYUUKYOKU ba="0,2" sc="240,10,240,10,250,-30,250,10" hai0="6,11,14,24,26,27,61,62,83,84,88,90,93" hai1="25,31,32,45,46,56,63,66,77,78,79,91,94" hai3="8,9,10,12,13,87,89" /><INIT seed="0,1,2,4,5,29" ten="250,250,220,260" oya="0" hai0="81,25,48,54,90,46,97,84,85,106,27,96,71" hai1="95,113,21,127,7,66,35,122,130,68,62,115,72" hai2="70,8,89,9,74,88,134,14,56,53,49,23,30" hai3="75,87,126,31,28,13,103,117,91,20,128,76,80"/><T77/><D71/><U43/><E122/><V18/><F74/><W67/><G117/><T24/><REACH who="0" step="1"/><D106/><REACH who="0" ten="240,250,220,260" step="2"/><U111/><E115/><V16/><F70/><W4/><G126/><T50/><D50/><U133/><E113/><V33/><F134/><W36/><G36/><T73/><D73/><U132/><E72/><V104/><F104/><W42/><G75/><T40/><D40/><U26/><E127/><V124/><F124/><W41/><G42/><T57/><D57/><U78/><E43/><V79/><F79/><W47/><G41/><T0/><D0/><U63/><E63/><V116/><F116/><W51/><G51/><T83/><AGARI ba="1,3" hai="24,25,27,46,48,54,77,81,83,84,85,90,96,97" machi="83" ten="30,6000,0" yaku="1,1,0,1,8,1,53,0" doraHai="29" doraHaiUra="98" who="0" fromWho="0" sc="240,93,250,-21,220,-21,260,-21" /><INIT seed="0,2,0,5,0,86" ten="333,229,199,239" oya="0" hai0="35,96,122,99,81,110,1,14,103,40,21,94,43" hai1="115,130,42,131,101,60,82,124,46,71,32,106,39" hai2="13,26,111,33,79,24,7,112,125,134,19,47,48" hai3="97,54,113,63,61,45,133,20,41,9,89,55,126"/><T27/><D122/><U22/><E32/><V98/><F112/><W52/><G113/><T108/><D1/><U38/><E115/><V37/><F111/><N who="0" m="42538" /><D35/><U17/><E124/><V5/><F125/><W72/><G72/><T116/><D116/><U104/><E39/><V105/><F134/><W88/><G126/><T4/><D81/><U102/><E82/><V58/><F37/><W74/><G74/><T120/><D120/><U83/><E83/><V2/><F2/><W10/><G133/><T118/><D118/><U50/><E38/><V127/><F127/><W92/><G20/><T18/><D99/><U85/><E85/><V34/><F79/><W91/><G41/><T66/><D66/><N who="1" m="41415" /><E106/><V76/><F76/><W0/><G45/><T93/><D93/><U95/><E95/><V109/><F109/><W121/><G121/><T67/><D67/><U73/><E104/><V87/><F87/><W80/><G0/><T3/><D3/><U68/><E73/><V49/><F105/><W100/><G80/><T59/><D59/><U44/><E44/><V107/><F58/><W129/><G129/><N who="1" m="49162" /><E68/><V114/><F114/><W29/><G29/><T15/><D94/><U84/><E84/><V57/><F107/><W51/><G51/><T77/><D77/><U23/><E50/><N who="2" m="19563" /><F57/><W90/><N who="3" m="22528" /><DORA hai="75" /><W11/><AGARI ba="2,0" hai="9,10,11,52,54,55,61,63,92,97,100" m="22528" machi="11" ten="50,24000,4" yaku="4,1,0,1,29,2,8,1,52,4,54,2" doraHai="86,75" who="3" fromWho="3" sc="333,-122,229,-62,199,-62,239,246" /><INIT seed="1,0,0,4,4,106" ten="211,167,137,485" oya="1" hai0="99,100,111,67,126,73,122,26,54,135,113,33,72" hai1="50,65,108,86,90,91,35,133,104,47,51,8,10" hai2="74,79,117,2,103,129,52,127,130,70,48,78,98" hai3="49,109,123,85,12,64,83,102,43,76,107,9,14"/><U134/><E104/><V46/><F117/><W19/><G123/><T17/><D113/><U36/><E35/><V96/><F2/><W89/><G109/><T53/><D111/><U93/><E108/><V92/><F127/><W6/><G64/><T88/><D122/><U40/><E65/><V27/><F70/><W0/><G0/><T56/><D126/><U105/><E105/><V24/><F98/><W63/><G63/><T82/><D135/><N who="1" m="51723" /><E91/><V31/><F27/><W61/><G61/><T18/><D67/><U34/><E34/><V87/><F87/><W118/><G118/><T120/><D120/><U62/><E62/><V11/><F11/><AGARI ba="0,0" hai="8,10,11,36,40,47,50,51,86,90,93" m="51723" machi="11" ten="30,1500,0" yaku="20,1" doraHai="106" who="1" fromWho="2" sc="211,0,167,15,137,-15,485,0" /><INIT seed="1,1,0,1,4,87" ten="211,182,122,485" oya="1" hai0="10,78,104,66,35,80,95,92,25,30,29,55,125" hai1="43,18,54,99,70,59,15,112,93,63,113,107,56" hai2="82,65,64,105,94,60,126,41,89,57,49,120,90" hai3="50,36,39,79,102,133,103,77,117,110,40,81,27"/><U17/><E70/><V61/><F120/><W22/><G110/><T108/><D108/><U21/><E107/><V12/><F105/><W5/><G133/><T46/><D104/><U75/><E75/><V121/><F121/><W19/><G117/><T2/><D125/><U26/><E43/><V13/><F126/><W14/><G39/><T128/><D30/><U98/><E59/><N who="2" m="36895" /><F41/><W84/><G77/><T85/><D66/><U4/><E4/><V122/><F122/><W51/><G36/><T111/><D128/><U9/><REACH who="1" step="1"/><E99/><REACH who="1" ten="211,172,122,485" step="2"/><N who="2" m="57807" /><F49/><W48/><G40/><T23/><D111/><U91/><AGARI ba="1,1" hai="9,15,17,18,21,26,54,56,63,91,93,98,112,113" machi="91" ten="20,18000,2" yaku="1,1,0,1,7,1,25,2,52,1,53,1" doraHai="87" doraHaiUra="8" who="1" fromWho="1" sc="211,-61,172,193,122,-61,485,-61" /><INIT seed="1,2,0,4,5,66" ten="150,365,61,424" oya="1" hai0="86,83,12,105,112,3,21,49,96,124,25,47,59" hai1="8,31,106,126,99,2,131,82,6,121,53,52,43" hai2="39,22,75,93,111,9,57,17,48,50,74,103,19" hai3="132,45,88,115,102,68,135,133,73,46,10,62,104"/><U130/><E121/><V34/><F111/><W108/><G108/><T38/><D3/><U116/><E116/><V67/><F34/><W32/><G115/><T33/><D112/><U11/><E43/><V26/><F39/><W70/><G73/><T30/><D124/><U114/><E114/><V100/><F75/><W77/><G77/><T42/><D105/><U29/><E82/><V91/><F74/><W109/><G109/><T60/><D96/><U56/><E126/><V4/><F19/><W110/><G110/><T89/><D12/><U78/><E78/><V80/><F80/><W127/><G127/><T36/><REACH who="0" step="1"/><D33/><REACH who="0" ten="140,365,61,424" step="2"/><U35/><E35/><V64/><F103/><W95/><G32/><T125/><D125/><U85/><E99/><V24/><F100/><W101/><G104/><T128/><D128/><N who="1" m="49195" /><E106/><V123/><F123/><W107/><G107/><T40/><D40/><U81/><E2/><V44/><F26/><W51/><G102/><T20/><D20/><U23/><E23/><V92/><F92/><W113/><G101/><T16/><D16/><U28/><E6/><V72/><F72/><W58/><G113/><T84/><D84/><U69/><E85/><N who="2" m="52463" /><F4/><W37/><G133/><T98/><D98/><U118/><E118/><V122/><F122/><W65/><G135/><T87/><D87/><U1/><E1/><V63/><F9/><N who="1" m="3657" /><E81/><V54/><F44/><W119/><G132/><T71/><D71/><N who="3" m="27177" /><G46/><T0/><D0/><U117/><E117/><V76/><F76/><W14/><G119/><T134/><D134/><U120/><E120/><V5/><F5/><RYUUKYOKU ba="2,1" sc="140,15,365,-15,61,15,424,-15" hai0="21,25,30,36,38,42,47,49,59,60,83,86,89" hai2="17,22,24,48,50,54,57,63,64,67" /><INIT seed="2,3,1,4,2,81" ten="155,350,76,409" oya="2" hai0="129,35,104,19,47,70,57,44,50,0,99,120,100" hai1="93,21,91,133,130,7,132,6,95,98,125,37,40" hai2="17,97,66,12,53,73,86,23,84,77,36,109,61" hai3="102,34,4,3,52,108,54,71,38,74,59,2,83"/><V51/><F36/><W116/><G71/><T43/><D120/><U69/><E69/><V80/><F109/><W67/><G116/><T1/><D70/><U15/><E37/><V45/><REACH who="2" step="1"/><F97/><REACH who="2" ten="155,350,66,409" step="2"/><W113/><G38/><T103/><D99/><U20/><E98/><V29/><F29/><W105/><G113/><T55/><D129/><U76/><E130/><V135/><F135/><W41/><G108/><T58/><D104/><U115/><E115/><V134/><F134/><W62/><G105/><T131/><D131/><U64/><E132/><V33/><F33/><W79/><G34/><T9/><D35/><U31/><E133/><V13/><F13/><W42/><G3/><T46/><D0/><U75/><E15/><V124/><F124/><W24/><G2/><T10/><D1/><U122/><E31/><V5/><F5/><W127/><G4/><T11/><D19/><U111/><E125/><V85/><F85/><W107/><G127/><T72/><D72/><U18/><E18/><V22/><F22/><W94/><G107/><T87/><D87/><U114/><E114/><V118/><F118/><W39/><G39/><T106/><D106/><U82/><E111/><V110/><F110/><W65/><G74/><T128/><D128/><U49/><E75/><V14/><F14/><W126/><G126/><T121/><D121/><U92/><E122/><V96/><F96/><W90/><G102/><T112/><D112/><U101/><E101/><V68/><AGARI ba="3,2" hai="12,17,23,45,51,53,61,66,68,73,77,80,84,86" machi="68" ten="20,12000,1" yaku="1,1,0,1,7,1,52,2,53,0" doraHai="81" doraHaiUra="88" who="2" fromWho="2" sc="155,-43,350,-43,66,149,409,-43" /><INIT seed="2,4,0,2,1,2" ten="112,307,215,366" oya="2" hai0="88,41,97,127,104,87,115,26,95,124,113,65,47" hai1="0,122,91,20,58,101,84,32,46,59,11,134,66" hai2="49,102,67,98,130,10,25,38,36,112,62,64,39" hai3="14,40,93,74,45,81,111,34,48,69,61,21,89"/><V16/><F112/><N who="0" m="43082" /><D65/><U72/><E32/><V133/><F133/><W1/><G111/><T8/><D8/><U56/><E72/><V24/><F130/><W96/><G1/><T110/><D26/><U18/><E134/><V3/><F49/><W75/><G34/><T94/><D47/><U13/><E101/><V79/><F79/><W42/><G42/><T30/><D30/><U108/><E108/><V90/><F90/><W19/><REACH who="3" step="1"/><G81/><REACH who="3" ten="112,307,215,356" step="2"/><N who="0" m="49263" /><D41/><U114/><E114/><V6/><F67/><AGARI ba="4,1" hai="14,19,21,40,45,48,61,67,69,74,75,89,93,96" machi="67" ten="40,1300,0" yaku="1,1,53,0" doraHai="2" doraHaiUra="76" who="3" fromWho="2" sc="112,0,307,0,215,-25,356,35" /><INIT seed="3,0,0,5,4,65" ten="112,307,190,391" oya="3" hai0="5,20,110,61,23,18,64,103,75,56,12,67,16" hai1="49,134,112,84,123,44,50,28,40,83,35,113,109" hai2="10,85,69,3,121,38,77,94,117,90,80,58,21" hai3="128,47,63,32,9,34,111,13,31,39,130,24,72"/><W55/><G72/><T59/><D110/><U115/><E109/><V27/><F117/><W91/><G111/><T120/><D120/><U118/><E123/><V73/><F121/><W60/><G34/><T127/><D127/><U53/><E118/><V131/><F38/><W46/><G91/><T89/><D75/><U124/><E124/><V125/><F125/><W22/><G22/><T92/><D103/><U87/><E134/><V29/><F131/><N who="3" m="50219" /><G39/><T78/><D78/><U104/><E104/><V114/><F114/><W81/><G81/><T4/><D64/><U129/><E129/><V98/><F69/><W30/><G30/><T88/><D59/><U41/><E35/><V0/><F10/><W6/><G55/><T82/><D82/><U126/><E126/><V97/><F58/><W25/><G25/><T48/><D48/><U101/><E113/><V36/><F36/><W70/><G70/><T66/><D66/><U106/><E106/><V37/><F37/><W108/><G108/><T45/><D45/><AGARI ba="0,0" hai="6,9,13,24,31,32,45,46,47,60,63" m="50219" machi="45" ten="30,1500,0" yaku="19,1" doraHai="65" who="3" fromWho="0" sc="112,-15,307,0,190,0,391,15" owari="97,-40.3,307,10.7,190,-21.0,406,50.6" /></mjloggm>