<mjloggm ver="2.3"><GO type="225" lobby="0"/><UN n0="%E3%81%BF%E3%81%BF%E3%81%9A" n1="%6C%61%6D%62" n2="%E3%81%95%E3%81%8D%E3%81%9F%E3%81%BE%E6%9E%97%E6%AA%8E" n3="%6D%75%75%73%61%6E%6D%75" dan="18,16,16,17" rate="2221.24,2174.93,2068.42,2126.64" sx="M,M,M,F"/><TAIKYOKU oya="0"/><INIT seed="0,0,0,0,3,42" ten="250,250,250,250" oya="0" hai0="74,135,86,80,118,37,76,129,85,68,105,34,131" hai1="79,124,83,30,113,8,89,27,128,32,109,111,16" hai2="54,91,106,50,52,116,78,24,26,125,67,21,38" hai3="3,66,55,103,14,33,35,73,45,120,119,84,12"/><T134/><D37/><U51/><E128/><N who="0" m="49225" /><D68/><U10/><E124/><V88/><F125/><W36/><G3/><T20/><D34/><U61/><E113/><V47/><F38/><W40/><G73/><T127/><D127/><U19/><E89/><N who="2" m="34379" /><F106/><W63/><G119/><T133/><D20/><U22/><E61/><V132/><F132/><W110/><G110/><N who="1" m="41994" /><E51/><N who="2" m="28799" /><F116/><W49/><G120/><T81/><D118/><U114/><E114/><V102/><F102/><W5/><G103/><T122/><D122/><U59/><E59/><N who="2" m="33239" /><F78/><W96/><G33/><T75/><D105/><U108/><E108/><V93/><F93/><W4/><G35/><T17/><D17/><N who="1" m="6731" /><E32/><V57/><F21/><W77/><G63/><AGARI ba="0,0" hai="24,26,57,63,67" m="33239,28799,34379" machi="63" ten="30,7700,0" yaku="8,1,52,1,54,2" doraHai="42" who="2" fromWho="3" sc="250,0,250,0,250,77,250,-77" /><INIT seed="1,0,0,0,3,53" ten="250,250,327,173" oya="1" hai0="22,124,98,108,0,4,130,118,26,49,134,85,86" hai1="93,77,59,37,18,54,89,127,128,74,83,61,19" hai2="84,6,16,2,112,39,82,23,87,119,114,101,13" hai3="133,21,97,109,73,69,102,123,75,78,50,34,56"/><U55/><E128/><V9/><F119/><W30/><G123/><T100/><D118/><U57/><E127/><V1/><F39/><W68/><G109/><T44/><D124/><U47/><E47/><V91/><F101/><W126/><G34/><T121/><D108/><U120/><E37/><V125/><F125/><W80/><G126/><T65/><D121/><U106/><E106/><V35/><F35/><W103/><G133/><T72/><D72/><U135/><E135/><V33/><F33/><W99/><G75/><T70/><D134/><U43/><E43/><V62/><F62/><W52/><G30/><T113/><D113/><N who="2" m="43626" /><F87/><W117/><G21/><T3/><D130/><U129/><E129/><V15/><AGARI ba="0,0" hai="1,2,6,9,13,15,16,23,82,84,91" m="43626" machi="15" ten="30,2000,0" yaku="11,1,54,1" doraHai="53" who="2" fromWho="2" sc="250,-5,250,-10,327,20,173,-5" /><INIT seed="2,0,0,5,5,24" ten="245,240,347,168" oya="2" hai0="31,34,95,97,26,71,94,108,79,78,90,86,58" hai1="85,37,60,91,53,135,106,12,102,129,115,119,104" hai2="98,123,6,128,81,80,100,134,101,21,114,35,69" hai3="13,38,29,39,9,54,118,23,62,132,2,68,49"/><V73/><F114/><W121/><G118/><T112/><D108/><U126/><E115/><V52/><F123/><W11/><G121/><T19/><D71/><U61/><E119/><V33/><F69/><W83/><G132/><T28/><D112/><U47/><E135/><V70/><F70/><W5/><G83/><T87/><D87/><U113/><E113/><V46/><F134/><W103/><G103/><N who="2" m="39497" /><F73/><W122/><G122/><T44/><D44/><U40/><E126/><V48/><F128/><W50/><G50/><T96/><D58/><U105/><E129/><V89/><F35/><W117/><G117/><T110/><D110/><U133/><E102/><V74/><F33/><W66/><G11/><T16/><D31/><U99/><E99/><V51/><F6/><W127/><G127/><T92/><D97/><U15/><E133/><V27/><F51/><W131/><G131/><T20/><D96/><U75/><E75/><V0/><F0/><W14/><G2/><T120/><D120/><U7/><E7/><V10/><F10/><W88/><G39/><T30/><D19/><U32/><E32/><V76/><F76/><N who="0" m="29226" /><D34/><U56/><REACH who="1" step="1"/><E61/><REACH who="1" ten="245,230,347,168" step="2"/><V55/><F74/><W8/><G5/><T4/><D4/><U67/><E67/><V82/><F98/><W43/><G62/><T109/><D109/><U116/><E116/><V59/><F89/><W17/><G88/><T84/><D84/><U36/><E36/><V107/><F107/><W41/><G38/><T25/><D86/><U57/><E57/><V125/><F125/><W45/><G68/><T124/><D124/><RYUUKYOKU ba="0,1" sc="245,-10,230,30,347,-10,168,-10" hai1="12,15,37,40,47,53,56,60,85,91,104,105,106" /><INIT seed="3,1,1,4,0,75" ten="235,260,337,158" oya="3" hai0="116,19,50,111,38,58,128,48,36,129,53,17,82" hai1="81,102,33,52,46,39,79,83,61,25,99,97,27" hai2="96,91,40,117,20,26,88,22,113,124,110,115,80" hai3="29,132,114,77,84,98,9,69,135,71,70,122,85"/><W11/><G114/><T59/><D82/><N who="1" m="31243" /><E39/><N who="0" m="14889" /><D111/><U87/><E79/><V15/><F110/><W12/><G122/><T24/><D24/><N who="1" m="9291" /><E33/><V37/><F117/><W35/><G35/><T106/><D106/><U54/><E102/><V86/><F124/><W13/><G29/><T100/><D100/><U1/><E1/><V66/><F66/><W56/><G98/><N who="1" m="37386" /><E46/><V92/><F37/><W64/><G71/><T31/><D31/><U34/><E34/><V32/><F32/><W7/><G56/><N who="0" m="21547" /><D116/><U72/><E72/><V126/><F115/><W2/><G2/><T63/><D63/><U133/><E133/><V10/><F126/><W55/><G55/><N who="1" m="21034" /><E87/><V49/><F113/><W76/><REACH who="3" step="1"/><G64/><REACH who="3" ten="235,260,337,148" step="2"/><T74/><D53/><U5/><E5/><AGARI ba="1,2" hai="5,7,9,11,12,13,69,70,76,77,84,85,132,135" machi="5" ten="25,18000,2" yaku="1,1,2,1,22,2,52,2,53,0" doraHai="75" doraHaiUra="93" who="3" fromWho="1" sc="235,0,260,-183,337,0,148,203" owari="235,-16.5,77,-42.3,337,13.7,351,45.1" /></mjloggm>