<mjloggm ver="2.3"><GO type="225" lobby="0"/><UN n0="%E3%82%BF%E3%83%BC%E3%83%90%E3%83%B3%E9%87%8E%E5%8F%A3" n1="%E6%98%93%E5%88%A9%E8%96%A9%E4%BC%AF" n2="%E3%81%99%E3%81%84%E3%81%BE%E3%81%9B%E3%83%BC%E3%82%93" n3="%6D%75%75%6D%75%72%61" dan="16,16,17,17" rate="2127.57,2088.65,2224.67,2183.29" sx="M,F,M,F"/><TAIKYOKU oya="0"/><INIT seed="0,0,0,3,1,42" ten="250,250,250,250" oya="0" hai0="85,28,75,22,128,15,70,52,27,62,106,66,10" hai1="132,131,74,11,26,6,117,50,59,65,60,123,64" hai2="94,43,20,107,33,86,25,124,99,47,133,38,18" hai3="4,57,122,83,84,127,114,78,130,77,30,61,54"/><T80/><D128/><U73/><E117/><V63/><F124/><W91/><G127/><T92/><D106/><U39/><E123/><V51/><F133/><W58/><G130/><T110/><D110/><U81/><E39/><V68/><F33/><W37/><G122/><T32/><D75/><U119/><E119/><V3/><F3/><W56/><G114/><T129/><D129/><U111/><E65/><V100/><F38/><W134/><G134/><T49/><D92/><U102/><E132/><V126/><F126/><W5/><G37/><T35/><D85/><U109/><E102/><V45/><F45/><W34/><G34/><T112/><D80/><U125/><E131/><V135/><F135/><W14/><G30/><T89/><D89/><U55/><E26/><V69/><REACH who="2" step="1"/><F63/><REACH who="2" ten="250,250,240,250" step="2"/><W40/><G61/><T101/><D112/><U24/><E125/><V0/><F0/><W93/><G40/><T7/><REACH who="0" step="1"/><D101/><REACH who="0" ten="240,250,240,250" step="2"/><U48/><E109/><V21/><F21/><W104/><G104/><T13/><D13/><U72/><E111/><V1/><F1/><W118/><G14/><T97/><D97/><U67/><E81/><V36/><F36/><W98/><G118/><T95/><D95/><U71/><E72/><V53/><F53/><W44/><G98/><T115/><D115/><U19/><E73/><V90/><AGARI ba="0,2" hai="18,20,25,43,47,51,68,69,86,90,94,99,100,107" machi="90" ten="30,4000,0" yaku="1,1,0,1,52,1,53,0" doraHai="42" doraHaiUra="120" who="2" fromWho="2" sc="240,-20,250,-10,240,60,250,-10" /><INIT seed="1,0,0,3,2,65" ten="220,240,300,240" oya="1" hai0="135,11,101,50,6,106,13,79,107,77,122,25,132" hai1="24,62,85,30,86,72,119,118,37,63,97,75,130" hai2="108,87,33,34,23,95,3,120,66,17,116,5,0" hai3="60,21,74,44,94,57,35,91,98,61,115,99,80"/><U125/><E37/><V38/><F38/><W111/><G35/><N who="2" m="13321" /><F87/><W40/><G115/><T9/><D122/><U27/><E97/><V39/><F95/><W49/><G111/><T67/><D25/><U109/><E30/><V51/><F51/><W26/><G74/><T29/><D29/><U43/><E43/><V42/><F66/><W32/><G32/><T45/><D67/><U20/><E20/><V54/><F54/><N who="3" m="33847" /><G61/><T114/><D114/><U81/><E81/><V64/><F64/><W126/><G126/><T88/><D9/><U19/><E19/><V52/><F52/><W127/><G127/><T123/><D123/><U76/><E76/><N who="0" m="29257" /><D88/><U2/><E125/><V131/><F108/><W69/><G69/><T16/><D6/><U128/><REACH who="1" step="1"/><E109/><REACH who="1" ten="220,230,300,240" step="2"/><V129/><F120/><W47/><G80/><T59/><D101/><U105/><E105/><V55/><F39/><W89/><G89/><T36/><D106/><U112/><E112/><V134/><F42/><W96/><G44/><T56/><D107/><U10/><E10/><V68/><F17/><AGARI ba="0,1" hai="17,21,26,40,47,49,91,94,96,98,99" m="33847" machi="17" ten="30,2000,0" yaku="25,1,8,1" doraHai="65" who="3" fromWho="2" sc="220,0,230,0,300,-20,240,30" /><INIT seed="2,0,0,1,2,124" ten="220,230,280,270" oya="2" hai0="20,33,23,36,132,19,97,14,62,45,64,123,135" hai1="32,125,48,35,129,111,5,90,26,30,76,86,69" hai2="84,98,114,104,94,34,101,4,10,134,91,60,122" hai3="11,95,77,49,50,79,21,102,57,56,116,0,131"/><V109/><F114/><W47/><G116/><T112/><D123/><U27/><E125/><V113/><F113/><W117/><G117/><T75/><D112/><U78/><E69/><V51/><F122/><W1/><G131/><T52/><D33/><U24/><E111/><V9/><F34/><W31/><G31/><T81/><D97/><U17/><E5/><V63/><F134/><N who="0" m="51242" /><D75/><U40/><E129/><V25/><F25/><W130/><G130/><T58/><D81/><U41/><E17/><V61/><F109/><W42/><G21/><N who="0" m="11511" /><D64/><U119/><E119/><V65/><F51/><W46/><G102/><T15/><D15/><U2/><E2/><V93/><F104/><W87/><G95/><T83/><D83/><U110/><E110/><V6/><F65/><W12/><G12/><T89/><D89/><U13/><E13/><V59/><F59/><W72/><G87/><T120/><D120/><U80/><E27/><V106/><REACH who="2" step="1"/><F106/><REACH who="2" ten="220,230,270,270" step="2"/><W88/><G56/><T54/><D36/><U108/><E108/><V92/><F92/><W38/><G57/><N who="0" m="35111" /><D45/><U100/><E35/><V127/><F127/><W67/><G38/><T96/><D96/><U82/><E26/><V7/><AGARI ba="0,1" hai="4,6,7,9,10,60,61,63,84,91,93,94,98,101" machi="7" ten="30,6000,0" yaku="1,1,0,1,8,1,53,0" doraHai="124" doraHaiUra="128" who="2" fromWho="2" sc="220,-20,230,-20,270,70,270,-20" /><INIT seed="2,1,0,5,5,93" ten="200,210,340,250" oya="2" hai0="7,127,71,115,108,9,46,96,72,104,75,83,61" hai1="121,67,58,109,50,0,27,123,78,17,63,59,19" hai2="77,107,14,12,126,86,114,26,92,81,135,132,32" hai3="47,18,55,21,133,76,37,90,101,119,128,94,64"/><V102/><F114/><W105/><G119/><T98/><D115/><U10/><E109/><V3/><F3/><W23/><G128/><T53/><D108/><U11/><E78/><V103/><F126/><W91/><G133/><T95/><D127/><U35/><E35/><V57/><F107/><W54/><G105/><T111/><D111/><U97/><E27/><V125/><F125/><W39/><G64/><T60/><D60/><U82/><E82/><V73/><F57/><W15/><G76/><T80/><D104/><U8/><E0/><V68/><F68/><W99/><G23/><T70/><D61/><U62/><E50/><V44/><F44/><W30/><G30/><T45/><D95/><U20/><E97/><V6/><F73/><W69/><G69/><T4/><D53/><U134/><E134/><V106/><F106/><W129/><G129/><T38/><D9/><U74/><E74/><V25/><F32/><W131/><G131/><T34/><D34/><U87/><E87/><V122/><F86/><W29/><G29/><T79/><D79/><U112/><E112/><V42/><F77/><W24/><G24/><T56/><D56/><U28/><E28/><V130/><F26/><W33/><G33/><T49/><D49/><U88/><E88/><V116/><F25/><W85/><G85/><T118/><REACH who="0" step="1"/><D38/><REACH who="0" ten="190,210,340,250" step="2"/><U117/><E11/><V40/><F135/><W41/><G37/><T5/><D5/><U43/><E10/><V51/><F132/><W89/><AGARI ba="1,1" hai="15,18,21,39,41,47,54,55,89,90,91,94,99,101" machi="89" ten="30,2000,0" yaku="0,1,52,1" doraHai="93" who="3" fromWho="3" sc="190,-6,210,-6,340,-11,250,33" /><INIT seed="3,0,0,0,1,44" ten="184,204,329,283" oya="3" hai0="119,79,88,39,54,15,131,58,10,73,19,65,29" hai1="110,105,20,49,4,92,100,23,107,8,35,2,106" hai2="55,41,87,122,78,115,47,12,48,134,42,120,27" hai3="108,24,59,11,67,111,104,9,6,102,123,56,89"/><W57/><G123/><T18/><D119/><U112/><E112/><V21/><F115/><W81/><G67/><T46/><D131/><U16/><E35/><V76/><F134/><W103/><G24/><T7/><D29/><U117/><E110/><N who="3" m="42026" /><G104/><T85/><D73/><U128/><E128/><V13/><F122/><W40/><G40/><N who="2" m="15465" /><F120/><W33/><G33/><T121/><D79/><N who="2" m="30250" /><F87/><N who="3" m="50415" /><G11/><T130/><D130/><U70/><E70/><V14/><F14/><AGARI ba="0,0" hai="6,9,14,56,57,59,102,103" m="50415,42026" machi="14" ten="30,2900,0" yaku="14,1,10,1" doraHai="44" who="3" fromWho="2" sc="184,0,204,0,329,-29,283,29" owari="184,-31.6,204,-19.6,300,10.0,312,41.2" /></mjloggm>