<mjloggm ver="2.3"><GO type="225" lobby="0"/><UN n0="%E3%83%81%E3%83%AF%E3%83%AF%E9%9A%8A%E9%95%B7" n1="%E5%B8%86%E7%AB%8B%E5%A4%8F%E8%A1%A3" n2="%E3%81%B5%E3%81%98%E3%81%8B%E3%81%A4" n3="%E4%BA%BA%E9%96%93%E3%83%81%E3%83%A3%E3%83%BC%E3%83%8F%E3%83%B3" dan="16,16,17,16" rate="2139.29,2142.24,2200.30,2094.01" sx="M,M,M,M"/><TAIKYOKU oya="0"/><INIT seed="0,0,0,5,5,83" ten="250,250,250,250" oya="0" hai0="11,109,110,134,96,18,33,6,119,69,68,127,104" hai1="21,60,62,133,28,94,2,85,29,23,78,75,123" hai2="63,48,113,88,98,52,72,115,51,97,111,65,45" hai3="30,0,15,16,81,8,19,132,14,105,103,38,108"/><T61/><D119/><U43/><E123/><V67/><F72/><W35/><G38/><T101/><D33/><U122/><E122/><V4/><F4/><N who="3" m="1031" /><G81/><T39/><D39/><U120/><E2/><V25/><F111/><N who="0" m="42506" /><D127/><U64/><E133/><V49/><F25/><N who="3" m="18895" /><G103/><T32/><D32/><U55/><E75/><V82/><F115/><W40/><G40/><T59/><D18/><N who="3" m="6697" /><G105/><T36/><D134/><U76/><E43/><N who="2" m="24639" /><F113/><W1/><G108/><T5/><D36/><U93/><E120/><V53/><F63/><W24/><G132/><T77/><D77/><U71/><E71/><N who="0" m="27209" /><D11/><U37/><E37/><V3/><F3/><W44/><G44/><T9/><D9/><U84/><REACH who="1" step="1"/><E55/><AGARI ba="0,0" hai="5,6,55,59,61,96,101,104" m="27209,42506" machi="55" ten="30,2900,0" yaku="14,1,10,1" doraHai="83" who="0" fromWho="1" sc="250,29,250,-29,250,0,250,0" /><INIT seed="0,1,0,2,4,6" ten="279,221,250,250" oya="0" hai0="135,66,117,92,7,93,23,26,3,99,124,80,81" hai1="2,113,121,45,14,100,30,63,43,134,47,44,55" hai2="88,112,111,98,94,109,21,71,49,106,32,18,131" hai3="84,60,5,110,20,105,61,22,64,34,102,28,129"/><T73/><D117/><U40/><E2/><V123/><F112/><W11/><G110/><N who="2" m="41993" /><F123/><W27/><G129/><T120/><D120/><U67/><E121/><V70/><F131/><W37/><G37/><T56/><D124/><U13/><E113/><V101/><F32/><W74/><G74/><T72/><D135/><U97/><E55/><V8/><F8/><W59/><G84/><T58/><D72/><U1/><E1/><V114/><F49/><W42/><G42/><T29/><D92/><U96/><E134/><V95/><F114/><W41/><G41/><T51/><D73/><U128/><E128/><V65/><F65/><W10/><G61/><T87/><D58/><U16/><E14/><N who="2" m="9431" /><F106/><W15/><REACH who="3" step="1"/><G10/><REACH who="3" ten="279,221,250,240" step="2"/><T62/><D62/><U39/><E39/><V122/><F122/><W115/><G115/><T52/><D51/><U12/><E43/><V76/><F76/><W116/><G116/><T79/><D79/><U35/><E40/><V119/><F119/><W17/><G17/><T53/><D87/><AGARI ba="1,1" hai="70,71,87,88,94,95,98,101" m="9431,41993" machi="87" ten="30,2000,0" yaku="14,1,54,1" doraHai="6" who="2" fromWho="0" sc="279,-23,221,0,250,33,240,0" /><INIT seed="1,0,0,5,5,34" ten="256,221,283,240" oya="1" hai0="115,113,38,25,53,119,106,129,20,63,103,89,109" hai1="80,102,133,123,99,131,128,105,117,7,1,55,10" hai2="74,111,43,79,83,120,101,16,32,66,50,98,124" hai3="27,97,135,72,127,31,2,30,88,12,52,107,95"/><U134/><E123/><V112/><F120/><W75/><G127/><T44/><D119/><U114/><E117/><V9/><F124/><W93/><G135/><N who="1" m="51722" /><E114/><V68/><F32/><W96/><G107/><T33/><D33/><U91/><E55/><V14/><F112/><W47/><G2/><T73/><D73/><U59/><E59/><V13/><F111/><W60/><G12/><T78/><D109/><U49/><E49/><V54/><F43/><W0/><G0/><T15/><D129/><N who="1" m="49739" /><E91/><V126/><F126/><W118/><G118/><T51/><D115/><U94/><E80/><V56/><F14/><W121/><G121/><T48/><D113/><U85/><E85/><V82/><F82/><W130/><G130/><T61/><D15/><U21/><E21/><V23/><F66/><W65/><G75/><T108/><D108/><U28/><E28/><N who="3" m="10794" /><G72/><T69/><D69/><U26/><E26/><V92/><F68/><W77/><G77/><T87/><D78/><U41/><E41/><V39/><REACH who="2" step="1"/><F23/><REACH who="2" ten="256,221,273,240" step="2"/><W37/><G37/><AGARI ba="0,1" hai="9,13,16,37,39,50,54,56,74,79,83,92,98,101" machi="37" ten="40,8000,1" yaku="1,1,2,1,54,1,53,2" doraHai="34" doraHaiUra="71" who="2" fromWho="3" sc="256,0,221,0,273,90,240,-80" /><INIT seed="2,0,0,5,5,122" ten="256,221,363,160" oya="2" hai0="109,103,135,22,45,86,21,98,94,63,126,54,75" hai1="52,114,4,48,124,19,57,97,44,134,55,87,20" hai2="79,25,15,73,108,1,51,18,83,8,38,16,46" hai3="0,40,129,105,7,2,133,125,34,90,43,111,29"/><V91/><F1/><W9/><G125/><T37/><D75/><U81/><E114/><V123/><F123/><W11/><G105/><T12/><D126/><U53/><E124/><V23/><F38/><W59/><G133/><T99/><D135/><U32/><E32/><V127/><F127/><W67/><G129/><T61/><D37/><U42/><E134/><V132/><F132/><W82/><G111/><T107/><D109/><U65/><E97/><V24/><F108/><W110/><G110/><T3/><D3/><U33/><E33/><V117/><F117/><W78/><G90/><T17/><D86/><U31/><E4/><V96/><F96/><W6/><G29/><T36/><D21/><U30/><E57/><V62/><F62/><W68/><G34/><T35/><D35/><U41/><E65/><V13/><REACH who="2" step="1"/><F91/><REACH who="2" ten="256,221,353,160" step="2"/><W77/><G68/><T119/><D119/><U101/><E101/><V27/><F27/><W89/><G89/><T112/><D36/><U70/><E70/><V80/><F80/><W95/><G95/><T14/><D94/><U131/><E131/><V113/><F113/><W130/><G130/><T5/><D112/><U60/><E60/><V26/><F26/><W28/><G78/><T56/><D99/><U100/><E100/><V85/><F85/><W76/><G76/><T88/><D88/><N who="1" m="51311" /><E42/><AGARI ba="0,1" hai="8,13,15,16,18,23,24,25,42,46,51,73,79,83" machi="42" ten="30,11600,0" yaku="1,1,7,1,54,1,53,1" doraHai="122" doraHaiUra="106" who="2" fromWho="1" sc="256,0,221,-116,353,126,160,0" /><INIT seed="2,1,0,1,0,83" ten="256,105,479,160" oya="2" hai0="12,98,13,67,52,30,107,42,70,33,82,135,129" hai1="88,51,105,41,55,114,108,4,46,16,125,72,22" hai2="71,1,115,113,59,111,2,77,54,100,17,47,134" hai3="87,7,92,97,76,104,58,21,95,102,37,48,57"/><V15/><F71/><W56/><G37/><T75/><D42/><U3/><E114/><V23/><F77/><W109/><G109/><T89/><D129/><U132/><E105/><V84/><F100/><W0/><G0/><T78/><D135/><U127/><E72/><V85/><F47/><W9/><G21/><T79/><D79/><U93/><E108/><V101/><F101/><W91/><G104/><T43/><D43/><U128/><E128/><V123/><F111/><W27/><G27/><T11/><D107/><U124/><E132/><V26/><F134/><W66/><G76/><T103/><D103/><U49/><E4/><V112/><F123/><W62/><REACH who="3" step="1"/><G48/><REACH who="3" ten="256,105,479,150" step="2"/><T99/><D78/><U38/><E3/><V24/><F2/><W74/><G74/><T50/><D75/><U53/><E51/><V6/><F1/><W110/><G110/><T39/><D50/><U119/><E119/><V65/><F115/><W19/><G19/><T94/><D39/><U73/><E73/><V32/><F113/><W40/><G40/><T28/><D33/><U44/><E38/><V106/><F106/><W34/><G34/><T64/><D28/><U8/><E44/><V126/><F32/><W36/><G36/><T117/><D30/><U18/><E18/><N who="2" m="10719" /><F26/><W10/><G10/><T80/><D11/><U120/><E8/><V35/><F24/><W60/><G60/><T69/><D117/><U63/><E63/><V96/><F17/><W20/><G20/><T90/><D12/><N who="1" m="9479" /><E120/><V68/><F112/><W61/><G61/><T25/><D13/><U14/><E14/><RYUUKYOKU ba="1,1" sc="256,-15,105,15,479,-15,150,15" hai1="41,46,49,53,55,88,93,124,125,127" hai3="7,9,56,57,58,62,66,87,91,92,95,97,102" /><INIT seed="3,2,1,2,1,113" ten="241,120,464,165" oya="3" hai0="71,112,84,73,93,78,12,124,86,33,110,120,108" hai1="103,39,63,68,5,109,75,15,115,69,106,94,121" hai2="74,16,126,101,1,72,23,104,44,30,54,76,131" hai3="14,64,60,79,62,52,83,80,85,7,41,88,87"/><W37/><G37/><T43/><D120/><U25/><E115/><V32/><F1/><W95/><G41/><T53/><D112/><U27/><E121/><V31/><F131/><W24/><G24/><T49/><D33/><U89/><E39/><V117/><F126/><W2/><G2/><T3/><D3/><U92/><E75/><V6/><F6/><W42/><G42/><T129/><D71/><U127/><E127/><V4/><F4/><W133/><G133/><T100/><D124/><U99/><E109/><N who="0" m="42089" /><D43/><U61/><E106/><V17/><F32/><W38/><G38/><T97/><D129/><U11/><E69/><V56/><F23/><W98/><G64/><T35/><D35/><U123/><E123/><V65/><F65/><W119/><G119/><T29/><D29/><U48/><E48/><V50/><F117/><W105/><G105/><T21/><D78/><U34/><E68/><V82/><F104/><W59/><G62/><T135/><D73/><U96/><REACH who="1" step="1"/><E34/><REACH who="1" ten="241,110,464,165" step="2"/><V114/><F114/><W122/><G122/><T118/><D49/><U70/><E70/><V125/><F50/><W132/><G132/><T51/><D135/><U13/><E13/><V81/><F72/><W77/><G14/><T46/><D12/><U8/><E8/><V22/><F74/><W20/><G20/><T116/><D21/><U9/><E9/><V47/><F22/><W134/><G134/><T28/><D116/><U91/><E91/><V90/><F125/><W66/><G7/><T40/><D118/><U102/><E102/><V128/><F101/><W10/><G10/><RYUUKYOKU ba="2,2" sc="241,-15,110,15,464,-15,165,15" hai1="5,11,15,25,27,61,63,89,92,94,96,99,103" hai3="52,59,60,66,77,79,80,83,85,87,88,95,98" /><INIT seed="3,3,2,4,2,130" ten="226,125,449,180" oya="3" hai0="47,92,45,133,19,27,73,33,0,29,72,12,5" hai1="57,93,118,46,120,40,3,48,18,68,62,125,100" hai2="60,39,31,36,10,25,112,17,107,123,26,6,14" hai3="106,102,43,15,105,16,128,113,22,115,99,55,54"/><W84/><G128/><T70/><D70/><U9/><E120/><V83/><F107/><W122/><G122/><T135/><D92/><U37/><E125/><V77/><F112/><W69/><G69/><T35/><D35/><U108/><E118/><V114/><F114/><W71/><G71/><T89/><D89/><U2/><E108/><V42/><F42/><W20/><G105/><T80/><D47/><U96/><E9/><V65/><F25/><W41/><G84/><T11/><D45/><U81/><E18/><V8/><F123/><W66/><G66/><T32/><D32/><U94/><E81/><V28/><F28/><W24/><G113/><T61/><D61/><U90/><E68/><V104/><F104/><W53/><REACH who="3" step="1"/><G115/><REACH who="3" ten="226,125,449,170" step="2"/><T126/><D126/><U91/><E37/><V86/><F39/><W52/><N who="3" m="13312" /><DORA hai="82" /><W111/><G111/><T95/><D73/><U7/><E7/><V56/><F36/><W97/><G97/><T4/><D4/><U103/><E2/><V98/><F98/><W49/><G49/><T85/><D72/><U127/><E3/><V63/><F6/><W1/><G1/><T121/><D121/><U74/><E74/><V79/><F63/><W51/><G51/><T129/><D129/><U132/><E127/><V23/><F79/><W109/><G109/><T76/><REACH who="0" step="1"/><D95/><REACH who="0" ten="216,125,449,170" step="2"/><U38/><E38/><V67/><F65/><W44/><G44/><T78/><D78/><U87/><E132/><V13/><F67/><AGARI ba="3,4" hai="40,46,48,57,62,67,87,90,91,93,94,96,100,103" machi="67" ten="30,3900,0" yaku="7,1,8,1,52,1" doraHai="130,82" who="1" fromWho="2" sc="216,0,125,88,449,-48,170,0" owari="216,1.6,213,-18.7,401,50.1,170,-33.0" /></mjloggm>