<mjloggm ver="2.3"><GO type="225" lobby="0"/><UN n0="%72%69%6F%75%63%68%61%6E" n1="%E5%A4%9C%E3%81%AE%E3%82%AC%E3%82%B9%E3%83%91%E3%83%BC%E3%83%AB" n2="%E3%81%8B%E3%82%8F%E3%81%A1%E3%82%83%E3%82%93%35%38" n3="%E3%81%BF%E3%81%BF%E3%81%9A" dan="16,16,16,17" rate="2140.24,2128.07,2127.17,2291.29" sx="M,M,M,M"/><TAIKYOKU oya="0"/><INIT seed="0,0,0,1,3,111" ten="250,250,250,250" oya="0" hai0="132,84,107,86,64,20,11,106,30,127,17,5,92" hai1="87,115,76,89,94,100,24,51,117,7,122,79,38" hai2="19,119,40,14,80,26,104,60,69,116,16,77,28" hai3="2,109,134,52,118,62,95,37,67,88,3,34,48"/><T18/><D127/><U70/><E117/><N who="2" m="45131" /><F104/><W96/><G118/><T101/><D132/><U112/><E122/><V1/><F1/><W85/><G109/><T23/><D30/><U114/><E38/><V78/><F40/><W133/><G37/><T126/><D126/><U35/><E70/><V93/><F93/><W90/><G34/><T49/><D64/><U46/><E7/><V124/><F124/><W41/><G41/><T65/><D65/><U131/><E131/><V8/><F19/><W21/><G21/><T22/><D49/><U10/><E10/><V99/><F99/><W82/><G134/><T43/><D43/><N who="1" m="25055" /><E100/><V4/><F4/><W36/><G133/><T39/><D39/><U12/><E12/><V55/><F80/><W32/><G32/><T72/><D72/><U45/><E45/><V25/><F25/><W129/><G129/><T15/><D107/><U130/><E130/><V74/><F74/><W57/><REACH who="3" step="1"/><G36/><REACH who="3" ten="250,250,250,240" step="2"/><T33/><D33/><U110/><E110/><V103/><F28/><AGARI ba="0,1" hai="24,28,35,76,79,87,89,94,112,114,115" m="25055" machi="28" ten="30,7700,0" yaku="11,1,52,3" doraHai="111" who="1" fromWho="2" sc="250,0,250,87,250,-77,240,0" /><INIT seed="1,0,0,1,2,63" ten="250,337,173,240" oya="1" hai0="107,2,19,118,111,108,83,55,80,119,16,78,70" hai1="73,134,106,98,75,33,91,96,125,14,121,129,99" hai2="60,126,67,135,5,94,115,1,43,3,56,95,92" hai3="84,74,64,44,113,100,57,35,22,77,58,13,47"/><U112/><E33/><V76/><F126/><W54/><G35/><T69/><D2/><U45/><E121/><V8/><F135/><W71/><G74/><T11/><D107/><U12/><E112/><V85/><F115/><W59/><G113/><T28/><D28/><U127/><E134/><V40/><REACH who="2" step="1"/><F1/><REACH who="2" ten="250,337,163,240" step="2"/><W0/><G0/><T88/><D119/><U124/><E125/><V87/><F87/><W120/><G120/><T89/><D118/><U93/><E124/><V101/><F101/><W51/><G100/><T123/><D123/><U103/><E127/><V81/><AGARI ba="0,1" hai="3,5,8,40,43,56,60,67,76,81,85,92,94,95" machi="81" ten="30,4000,0" yaku="1,1,0,1,52,1,53,0" doraHai="63" doraHaiUra="116" who="2" fromWho="2" sc="250,-10,337,-20,163,50,240,-10" /><INIT seed="2,0,0,0,2,60" ten="240,317,213,230" oya="2" hai0="117,65,35,106,113,26,81,33,8,41,34,23,135" hai1="45,124,133,0,18,39,112,53,84,74,21,56,77" hai2="98,9,115,120,111,131,64,59,79,93,28,89,82" hai3="29,36,86,88,40,50,91,128,107,94,38,16,22"/><V76/><F115/><W132/><G29/><T43/><D113/><U67/><E74/><V73/><F120/><W2/><G2/><T61/><D106/><U90/><E77/><V47/><F131/><W19/><G128/><T11/><D135/><U105/><E112/><V101/><F111/><W99/><G132/><T63/><D61/><N who="1" m="38311" /><E39/><V92/><F28/><W1/><G1/><T30/><D117/><U83/><E0/><V102/><F47/><W13/><G19/><T69/><REACH who="0" step="1"/><D81/><REACH who="0" ten="230,317,213,230" step="2"/><U5/><E105/><V118/><F118/><W104/><G107/><T7/><D7/><U58/><E5/><V96/><F9/><AGARI ba="0,1" hai="8,9,11,23,26,30,33,34,35,41,43,63,65,69" machi="9" ten="40,5200,0" yaku="1,1,52,1,53,1" doraHai="60" doraHaiUra="62" who="0" fromWho="2" sc="230,62,317,0,213,-52,230,0" /><INIT seed="3,0,0,1,3,64" ten="292,317,161,230" oya="3" hai0="75,45,26,124,132,107,55,94,121,24,79,25,0" hai1="112,91,128,37,103,76,28,131,119,100,21,105,133" hai2="54,85,16,86,63,78,92,18,8,120,9,70,22" hai3="89,12,14,11,109,113,39,48,97,110,30,98,52"/><W10/><G113/><T73/><D121/><U82/><E112/><V27/><F120/><W49/><G30/><T47/><D107/><U62/><E37/><V43/><F43/><W95/><G39/><T115/><D0/><U7/><E133/><V123/><F123/><W129/><G129/><N who="1" m="49738" /><E105/><V116/><F116/><W80/><G80/><T23/><D115/><U111/><E111/><N who="3" m="42506" /><G48/><T99/><D132/><U127/><E127/><V125/><F125/><W35/><G35/><T65/><D124/><U59/><E91/><V41/><F41/><W60/><G60/><T93/><D79/><U6/><E21/><V101/><F18/><N who="3" m="8471" /><G95/><T36/><D36/><U29/><E29/><V61/><F61/><W51/><G51/><T130/><D130/><U71/><E28/><V17/><F17/><N who="3" m="8415" /><G89/><T108/><D94/><U72/><E119/><V69/><F69/><W87/><G87/><T88/><D108/><U135/><E71/><V20/><F20/><W58/><AGARI ba="0,0" hai="49,52,58,97,98" m="8415,8471,42506" machi="58" ten="30,6000,0" yaku="14,1,10,1,54,1" doraHai="64" who="3" fromWho="3" sc="292,-20,317,-20,161,-20,230,60" /><INIT seed="3,1,0,3,4,130" ten="272,297,141,290" oya="3" hai0="126,64,15,1,31,114,48,33,8,113,50,122,93" hai1="103,41,5,125,37,16,47,73,54,89,67,42,131" hai2="98,55,101,117,74,25,132,79,135,29,51,68,65" hai3="82,97,45,121,69,10,86,119,128,0,26,20,96"/><W72/><G119/><T120/><D126/><U109/><E73/><V87/><F74/><W4/><G121/><N who="0" m="46699" /><D64/><U59/><E131/><V115/><F115/><N who="0" m="44042" /><D93/><U52/><E109/><V134/><F117/><W116/><G128/><T6/><D48/><U11/><E125/><V60/><F87/><W57/><G69/><T80/><D50/><N who="1" m="29023" /><E37/><V104/><F79/><W77/><G116/><T24/><D80/><U111/><E103/><V106/><F106/><W21/><G45/><T91/><D91/><U123/><E111/><V44/><REACH who="2" step="1"/><F134/><REACH who="2" ten="272,297,131,290" step="2"/><W76/><G77/><T49/><D49/><U53/><E123/><V70/><F70/><W133/><G133/><T40/><D40/><U9/><E42/><V22/><AGARI ba="1,1" hai="22,25,29,44,51,55,60,65,68,98,101,104,132,135" machi="22" ten="30,7900,0" yaku="1,1,0,1,52,2,53,0" doraHai="130" doraHaiUra="30" who="2" fromWho="2" sc="272,-21,297,-21,131,92,290,-40" /><INIT seed="4,0,0,4,1,82" ten="251,276,223,250" oya="0" hai0="132,110,95,25,93,33,60,29,45,24,76,73,58" hai1="75,50,111,104,59,91,116,63,13,94,42,31,78" hai2="113,71,124,20,88,52,19,40,101,16,100,49,118" hai3="97,67,62,21,39,27,79,1,55,66,81,98,87"/><T80/><D132/><U53/><E111/><V28/><F71/><W23/><G39/><T70/><D110/><U48/><E116/><V46/><F113/><W128/><G128/><T126/><D126/><U133/><E104/><V56/><F124/><W83/><G1/><T68/><D45/><U105/><E105/><V17/><F118/><W54/><G21/><T44/><D44/><U43/><E133/><V108/><F108/><W35/><G35/><T2/><D2/><U65/><E31/><V131/><F131/><W72/><G54/><T106/><D106/><U115/><E115/><V85/><F20/><W32/><G55/><T134/><D134/><U96/><E78/><V47/><F28/><W64/><G32/><T15/><D24/><U109/><E75/><V7/><F7/><W5/><G5/><T135/><D135/><U77/><E77/><V38/><REACH who="2" step="1"/><F47/><REACH who="2" ten="251,276,213,250" step="2"/><W11/><G11/><T112/><D112/><U10/><E109/><V14/><F14/><W34/><G34/><T114/><D114/><U127/><E127/><V117/><F117/><W74/><G23/><T107/><D15/><U89/><E13/><V103/><F103/><W4/><G4/><T9/><D9/><U121/><E10/><V99/><F99/><N who="3" m="37899" /><G27/><T12/><D12/><U130/><E130/><V120/><F120/><W69/><G74/><N who="0" m="43031" /><D68/><U6/><E121/><V18/><N who="2" m="4096" /><DORA hai="30" /><V102/><F102/><W0/><G0/><T90/><D70/><U57/><E6/><V26/><F26/><W86/><G72/><T129/><D73/><U41/><E96/><V92/><AGARI ba="0,1" hai="38,40,46,49,52,56,85,88,92,100,101" m="4096" machi="92" ten="40,16000,3" yaku="1,1,5,1,0,1,52,1,54,3,53,1" doraHai="82,30" doraHaiUra="22,84" who="2" fromWho="2" sc="251,-80,276,-40,213,170,250,-40" owari="171,-32.9,236,3.6,383,48.3,210,-19.0" /></mjloggm>