<mjloggm ver="2.3"><GO type="225" lobby="0"/><UN n0="%E3%82%B7%E3%83%A5%E3%83%9E%E3%82%A4%E3%82%B1%E3%83%AB" n1="%E8%90%BD%E6%97%A5" n2="%4E%49%4A%49%49%52%4F" n3="%E9%80%9F%E6%B0%B4%E5%87%9B%E9%A6%99" dan="17,19,16,16" rate="2199.09,2234.49,2175.30,2124.37" sx="M,F,M,F"/><TAIKYOKU oya="0"/><INIT seed="0,0,0,5,1,36" ten="250,250,250,250" oya="0" hai0="92,117,11,24,39,76,97,1,22,45,50,69,103" hai1="82,110,4,73,62,119,114,59,85,7,124,99,37" hai2="19,90,112,129,12,87,13,2,93,17,29,53,74" hai3="46,20,14,0,134,83,3,33,133,56,75,71,47"/><T5/><D69/><U9/><E119/><V88/><F2/><W131/><G71/><T51/><D117/><U78/><E110/><V35/><F74/><W15/><G33/><T135/><D135/><U42/><E124/><V21/><F112/><W64/><G64/><T122/><D122/><U108/><E108/><V66/><F129/><W48/><G56/><T61/><D61/><U18/><E114/><V6/><F66/><W60/><G60/><T10/><D76/><U79/><E99/><V96/><F6/><W41/><G131/><T130/><D11/><U77/><E18/><V107/><F35/><W28/><G28/><T89/><D130/><U94/><E7/><V34/><F34/><W121/><G121/><T120/><D120/><U8/><E8/><V54/><F29/><W80/><G75/><T127/><D127/><U132/><E94/><N who="2" m="56391" /><F107/><W116/><G116/><T106/><D39/><U128/><E132/><V70/><F70/><W86/><G86/><T32/><D32/><U52/><E128/><V91/><F91/><W55/><G134/><T31/><REACH who="0" step="1"/><D45/><REACH who="0" ten="240,250,250,250" step="2"/><N who="1" m="23759" /><E85/><AGARI ba="0,1" hai="1,5,10,22,24,31,50,51,85,89,92,97,103,106" machi="85" ten="30,2900,0" yaku="1,1,7,1,53,0" doraHai="36" doraHaiUra="67" who="0" fromWho="1" sc="240,39,250,-29,250,0,250,0" /><INIT seed="0,1,0,5,3,44" ten="279,221,250,250" oya="0" hai0="118,97,28,5,31,88,122,60,11,54,59,126,73" hai1="62,77,96,91,41,7,128,16,40,117,33,27,53" hai2="56,109,64,78,38,30,13,93,120,39,103,23,46" hai3="80,102,111,45,127,48,37,32,124,0,116,81,52"/><T17/><D118/><U21/><E117/><V98/><F109/><W135/><G116/><T85/><D73/><U8/><E128/><V14/><F120/><W76/><G0/><T75/><D75/><U86/><E33/><V65/><F78/><W50/><G32/><T106/><D122/><U125/><E125/><N who="3" m="48202" /><G111/><T66/><D126/><U49/><E62/><V9/><F38/><W51/><G135/><T22/><D66/><U79/><E96/><V87/><F39/><W84/><G37/><T55/><D55/><U83/><E79/><V10/><F87/><N who="3" m="48519" /><G102/><T99/><D106/><U101/><E101/><V34/><F34/><W130/><G130/><T67/><D67/><N who="2" m="25674" /><F56/><W20/><G20/><T35/><D35/><U42/><E77/><AGARI ba="1,0" hai="45,48,50,51,52,77,81,84" m="48519,48202" machi="77" ten="30,8000,1" yaku="18,1,52,3,54,1" doraHai="44" who="3" fromWho="1" sc="279,0,221,-83,250,0,250,83" /><INIT seed="1,0,0,0,4,64" ten="279,138,250,333" oya="1" hai0="21,78,112,34,4,91,60,40,22,25,6,33,79" hai1="109,103,44,61,27,77,20,49,13,115,130,37,92" hai2="26,116,127,124,38,15,83,8,45,65,85,101,102" hai3="135,47,129,126,131,69,84,99,106,46,133,58,121"/><U123/><E115/><V122/><F116/><W80/><G99/><T28/><D40/><U31/><E123/><V120/><F65/><W41/><G106/><T82/><D112/><U1/><E1/><V90/><F26/><W39/><G58/><T5/><D34/><U76/><E130/><N who="3" m="49674" /><G121/><N who="2" m="46697" /><F45/><W12/><G46/><T54/><D33/><U48/><E109/><V134/><F38/><W3/><G3/><T18/><D91/><U42/><E13/><V10/><F10/><W132/><G12/><N who="0" m="9415" /><D82/><U35/><E35/><V87/><F134/><W110/><G110/><T73/><D73/><U94/><E61/><V89/><F15/><W128/><G128/><T74/><D74/><U50/><REACH who="1" step="1"/><E103/><REACH who="1" ten="279,128,250,333" step="2"/><N who="2" m="39435" /><F8/><W108/><G108/><T68/><D60/><U30/><E30/><V81/><AGARI ba="0,1" hai="81,83,85,87,89,90,124,127" m="39435,46697" machi="81" ten="30,2000,0" yaku="34,2" doraHai="64" who="2" fromWho="2" sc="279,-5,128,-10,250,30,333,-5" /><INIT seed="2,0,0,0,0,33" ten="274,118,280,328" oya="2" hai0="133,132,62,119,15,70,22,122,6,71,56,68,31" hai1="106,127,111,66,104,27,23,78,46,67,48,73,35" hai2="53,117,77,126,81,84,49,131,69,85,79,94,90" hai3="11,116,64,114,28,113,74,5,26,14,45,12,93"/><V51/><F117/><W54/><G74/><T9/><D119/><U57/><E111/><V118/><F69/><W99/><G64/><T123/><D31/><U91/><E127/><V120/><F118/><W92/><G116/><T36/><D36/><U8/><E35/><V52/><F126/><W39/><G12/><T41/><D41/><U1/><E91/><V82/><F131/><W80/><G80/><T47/><D47/><U72/><E78/><V50/><REACH who="2" step="1"/><F120/><REACH who="2" ten="274,118,270,328" step="2"/><W129/><G129/><T18/><D122/><U40/><E73/><AGARI ba="0,1" hai="49,50,51,52,53,73,77,79,81,82,84,85,90,94" machi="73" ten="40,7700,0" yaku="1,1,2,1,54,1,53,0" doraHai="33" doraHaiUra="7" who="2" fromWho="1" sc="274,0,118,-77,270,87,328,0" /><INIT seed="2,1,0,0,4,42" ten="274,41,357,328" oya="2" hai0="32,59,40,106,61,101,12,111,0,132,135,88,38" hai1="75,34,108,35,45,39,46,123,86,53,125,116,69" hai2="10,16,109,5,90,97,73,89,62,83,99,2,60" hai3="93,26,134,15,79,107,48,113,31,124,70,63,96"/><V9/><F109/><W17/><G134/><N who="0" m="51243" /><D0/><U19/><E19/><V14/><F73/><W24/><G124/><T105/><D32/><U104/><E86/><V58/><F62/><W78/><G113/><T130/><D111/><U27/><E27/><N who="3" m="10282" /><G70/><T100/><D130/><U4/><E53/><V121/><F121/><W1/><G1/><T11/><D40/><U47/><E108/><V54/><F83/><W56/><G48/><T37/><D12/><U57/><E57/><BYE who="1" /><V64/><REACH who="2" step="1"/><F54/><REACH who="2" ten="274,41,347,328" step="2"/><N who="3" m="34199" /><G107/><T71/><D105/><U25/><E25/><V87/><F87/><W67/><G31/><T81/><D106/><U98/><E98/><AGARI ba="1,1" hai="2,5,9,10,14,16,58,60,64,89,90,97,98,99" machi="98" ten="40,3900,0" yaku="1,1,54,1,53,0" doraHai="42" doraHaiUra="65" who="2" fromWho="1" sc="274,0,41,-42,347,52,328,0" owari="274,-12.6,-1,-50.1,399,49.9,328,12.8" /></mjloggm>