<mjloggm ver="2.3"><GO type="225" lobby="0"/><UN n0="%E3%82%BC%E3%83%AB%E3%83%80%E3%81%AE%E4%BC%9D%E8%AA%AC" n1="%E6%B4%BE%E9%81%A3%E3%81%AE%E3%82%B8%E3%83%A3%E3%83%83%E3%82%AF" n2="%E3%81%A9%E3%82%93%E3%82%88%E3%81%8F%4D%6B%2E%32" n3="%4B%2E%32%2E%4B%2E" dan="16,16,16,16" rate="2175.89,2160.67,2167.68,2200.36" sx="M,M,M,M"/><TAIKYOKU oya="0"/><INIT seed="0,0,0,0,1,2" ten="250,250,250,250" oya="0" hai0="10,44,16,121,51,116,128,83,81,38,91,71,34" hai1="98,88,124,42,30,15,100,73,119,63,89,50,48" hai2="120,54,72,106,52,135,125,65,99,19,12,61,127" hai3="123,75,62,64,53,110,74,7,29,5,93,31,97"/><T78/><D116/><U118/><E73/><V59/><F72/><W134/><G75/><T26/><D121/><U130/><E30/><V46/><F120/><W133/><G74/><T107/><D107/><U69/><E124/><V57/><F135/><N who="3" m="51723" /><G123/><T33/><D71/><U11/><E130/><V132/><F132/><W108/><G53/><T14/><D38/><U28/><E28/><N who="3" m="10826" /><G108/><T27/><D128/><U56/><E69/><V92/><F106/><W21/><G21/><T112/><D112/><U45/><E48/><V68/><F46/><W20/><G20/><T22/><D78/><U85/><E100/><V40/><F40/><W49/><G49/><T87/><D81/><U102/><E102/><V94/><F68/><N who="3" m="42007" /><G110/><T96/><D96/><U41/><E98/><V17/><F65/><W129/><G129/><T79/><D79/><U103/><E42/><V86/><F86/><W32/><G32/><T55/><REACH who="0" step="1"/><D26/><REACH who="0" ten="240,250,250,250" step="2"/><U77/><E119/><V60/><F99/><W37/><G37/><T13/><D13/><AGARI ba="0,1" hai="12,13,17,19,52,54,57,59,60,61,92,94,125,127" machi="13" ten="25,3200,0" yaku="22,2,54,1" doraHai="2" who="2" fromWho="0" sc="240,-32,250,0,250,42,250,0" /><INIT seed="1,0,0,5,0,114" ten="208,250,292,250" oya="1" hai0="31,33,134,111,16,45,124,91,34,73,86,117,72" hai1="89,106,0,71,57,118,48,9,103,24,53,104,18" hai2="92,99,74,132,47,69,82,109,59,25,65,133,94" hai3="67,66,87,19,108,122,10,61,27,63,42,80,39"/><U51/><E71/><V13/><F69/><W15/><G122/><T113/><D113/><U29/><E118/><V116/><F116/><W115/><G115/><T52/><D117/><U76/><E76/><V121/><F121/><W21/><G108/><T125/><D111/><U131/><E131/><V98/><F109/><W126/><G126/><N who="0" m="48747" /><D134/><U119/><E119/><V35/><F47/><W14/><G42/><T97/><D97/><U123/><E123/><V20/><F13/><W23/><G39/><T120/><D120/><U107/><E103/><V1/><F1/><W95/><G95/><N who="0" m="54775" /><D16/><U127/><E127/><V54/><F65/><N who="3" m="24587" /><G15/><T28/><D28/><U96/><E96/><V5/><F98/><W4/><G21/><T41/><D41/><U101/><E101/><V79/><F20/><W85/><G85/><T112/><D112/><U102/><E102/><V105/><F99/><W93/><G93/><T83/><D31/><U11/><E29/><N who="2" m="19887" /><F94/><W30/><G30/><T110/><D110/><U36/><E36/><V56/><F92/><W84/><G84/><T81/><D81/><U50/><E89/><AGARI ba="0,0" hai="4,10,14,19,23,27,61,63,80,87,89" m="24587" machi="89" ten="30,1000,0" yaku="8,1" doraHai="114" who="3" fromWho="1" sc="208,0,250,-10,292,0,250,10" /><INIT seed="2,0,0,0,4,58" ten="208,240,292,260" oya="2" hai0="71,53,132,33,20,24,60,39,108,64,31,40,104" hai1="115,96,18,119,84,19,114,92,90,6,102,73,12" hai2="68,9,2,85,79,50,35,120,23,77,69,66,48" hai3="88,11,99,62,51,113,93,26,126,109,30,105,42"/><V78/><F35/><W125/><G109/><T65/><D108/><U41/><E73/><V130/><F130/><W75/><G113/><T122/><D122/><U131/><E119/><V133/><F120/><W124/><G75/><T106/><D132/><U25/><E131/><V44/><F133/><W80/><G105/><T1/><D1/><U94/><E41/><V63/><F69/><W111/><G111/><T89/><D89/><U118/><E118/><V36/><F36/><W13/><G80/><T103/><D103/><U16/><REACH who="1" step="1"/><E25/><REACH who="1" ten="208,230,292,260" step="2"/><V112/><F112/><W28/><G26/><T55/><D40/><U117/><E117/><V8/><F2/><W76/><G124/><T129/><D129/><U56/><E56/><V43/><F85/><W100/><G42/><T47/><D39/><U83/><E83/><V72/><F72/><W123/><G125/><T14/><D47/><U37/><E37/><V135/><F135/><W134/><G134/><T116/><D116/><U52/><E52/><V45/><F45/><W61/><G126/><T10/><D55/><U81/><E81/><V27/><REACH who="2" step="1"/><F50/><REACH who="2" ten="208,230,282,260" step="2"/><W15/><G51/><T67/><D71/><U91/><E91/><V0/><F0/><W21/><G88/><T70/><D70/><U101/><E101/><V127/><F127/><W7/><G123/><T59/><REACH who="0" step="1"/><D33/><REACH who="0" ten="198,230,282,260" step="2"/><U98/><E98/><V95/><F95/><W17/><G76/><T54/><D54/><U32/><E32/><V128/><F128/><W5/><G93/><T110/><D110/><U46/><E46/><V121/><F121/><W34/><G34/><RYUUKYOKU ba="0,3" sc="198,10,230,10,282,10,260,-30" hai0="10,14,20,24,31,53,59,60,64,65,67,104,106" hai1="6,12,16,18,19,84,90,92,94,96,102,114,115" hai2="8,9,23,27,43,44,48,63,66,68,77,78,79" /><INIT seed="2,1,3,4,0,23" ten="208,240,292,230" oya="2" hai0="34,5,17,7,84,3,113,72,31,29,43,104,24" hai1="39,14,101,111,96,121,94,63,127,119,53,97,49" hai2="35,4,67,46,68,103,37,52,133,89,132,88,128" hai3="87,56,110,129,115,74,18,51,135,123,13,117,69"/><V45/><F35/><W64/><G74/><T26/><D72/><U1/><E1/><V48/><F103/><W27/><G117/><T82/><D113/><U114/><E114/><V21/><F4/><W106/><G115/><T41/><D104/><U108/><E39/><V61/><F128/><W95/><G106/><T73/><D73/><U38/><E38/><V65/><F65/><W71/><G123/><T8/><D17/><U86/><E119/><V58/><F21/><W9/><G110/><T112/><D7/><U11/><E127/><V40/><F46/><W2/><G135/><AGARI ba="1,3" hai="37,40,45,48,52,58,61,67,68,88,89,132,133,135" machi="135" ten="40,12000,1" yaku="24,2,20,1,54,2" doraHai="23" who="2" fromWho="3" sc="208,0,240,0,292,153,230,-123" /><INIT seed="2,2,0,4,0,26" ten="208,240,445,107" oya="2" hai0="39,82,24,37,11,53,50,52,129,130,25,20,115" hai1="108,3,83,23,4,102,134,57,29,104,69,35,33" hai2="94,48,12,127,5,30,77,75,125,92,78,63,60" hai3="123,113,15,111,21,97,85,99,51,34,74,120,2"/><V90/><F48/><W128/><G74/><T116/><D115/><U13/><E69/><V124/><F75/><W114/><G2/><T7/><D116/><U110/><E83/><V79/><F30/><W55/><G34/><T81/><D50/><U1/><E57/><V58/><F58/><W62/><G62/><N who="2" m="23593" /><F90/><W100/><G51/><T105/><D105/><U68/><E68/><V133/><F133/><W32/><G114/><T86/><D11/><AGARI ba="2,0" hai="5,11,12,77,78,79,92,94,124,125,127" m="23593" machi="11" ten="40,2000,0" yaku="18,1" doraHai="26" who="2" fromWho="0" sc="208,-26,240,0,445,26,107,0" /><INIT seed="2,3,0,0,4,74" ten="182,240,471,107" oya="2" hai0="47,101,114,55,126,108,119,121,17,85,50,132,135" hai1="66,2,22,82,131,33,100,21,6,53,63,120,127" hai2="83,133,76,77,110,42,57,49,116,9,54,88,94" hai3="34,29,19,67,15,23,84,68,1,96,59,105,118"/><V130/><F116/><W71/><G118/><T31/><D119/><U115/><E115/><V89/><F130/><W81/><G1/><T70/><D114/><U5/><E33/><V65/><F133/><N who="0" m="51274" /><D121/><U25/><E120/><V51/><F110/><W56/><G34/><T113/><D113/><U128/><E100/><V69/><F69/><W91/><G29/><T86/><D108/><U99/><E99/><N who="2" m="57799" /><F65/><W14/><G71/><T60/><D126/><U38/><E38/><V117/><F117/><W90/><G68/><T8/><D31/><U18/><E66/><V52/><F42/><W7/><G105/><T40/><D101/><U107/><E107/><V27/><F27/><W16/><G7/><T103/><D103/><U64/><E127/><V37/><F37/><W75/><G75/><T30/><D30/><U102/><E102/><V104/><F104/><W3/><G67/><N who="0" m="41319" /><D55/><U125/><E53/><V45/><F9/><W12/><G3/><T73/><D73/><U79/><E125/><V28/><F28/><W4/><G4/><T41/><D40/><U39/><E6/><V36/><F36/><W112/><G112/><T123/><D123/><U124/><E39/><V134/><F134/><W48/><G48/><T122/><D122/><U35/><E35/><V32/><F32/><W93/><REACH who="3" step="1"/><G12/><AGARI ba="3,0" hai="8,12,17,41,47,50,85,86" m="41319,51274" machi="12" ten="30,1000,0" yaku="20,1" doraHai="74" who="0" fromWho="3" sc="182,19,240,0,471,0,107,-19" /><INIT seed="3,0,0,2,4,66" ten="201,240,471,88" oya="3" hai0="95,17,92,35,84,10,124,52,93,87,32,69,63" hai1="91,38,58,9,83,86,111,2,7,88,82,108,5" hai2="30,64,61,29,98,44,36,85,0,117,18,76,59" hai3="4,49,125,51,22,109,119,110,115,57,114,31,126"/><W8/><G57/><N who="0" m="35239" /><D69/><U20/><E38/><V3/><F117/><W25/><G49/><T1/><D1/><U40/><E40/><V73/><F73/><W11/><G51/><T79/><D32/><U103/><E103/><V6/><F6/><W50/><G50/><T65/><D35/><U129/><E129/><V70/><F59/><W24/><G119/><T100/><D124/><N who="3" m="47721" /><G25/><T97/><D65/><U56/><E7/><V67/><F67/><W54/><G11/><T118/><D118/><U41/><E41/><V107/><F18/><W37/><G54/><T53/><D53/><U80/><E20/><V26/><F44/><W116/><G37/><T123/><D123/><U104/><E104/><V120/><F36/><W72/><G72/><T106/><D106/><U75/><E75/><V55/><F55/><W128/><G128/><T134/><D17/><U122/><E122/><V48/><F48/><W89/><G89/><N who="0" m="53287" /><D10/><U77/><E91/><V81/><F120/><W68/><G68/><T15/><D15/><U90/><E90/><V133/><F133/><W127/><N who="3" m="47729" /><W131/><DORA hai="19" /><G131/><T16/><D134/><U42/><E42/><V99/><F30/><W113/><G116/><T28/><D28/><U43/><E43/><V102/><F99/><W135/><G135/><T46/><D46/><U130/><E130/><V12/><F12/><AGARI ba="0,0" hai="4,8,12,22,24,31,109,110,113,114,115" m="47729" machi="12" ten="50,12000,1" yaku="18,1,34,2,52,1" doraHai="66,19" who="3" fromWho="2" sc="201,0,240,0,471,-120,88,120" /><INIT seed="3,1,0,5,3,57" ten="201,240,351,208" oya="3" hai0="26,33,36,25,52,39,42,2,48,70,51,1,116" hai1="119,66,88,6,129,23,11,58,134,105,79,92,22" hai2="43,87,78,63,135,112,113,55,108,89,49,32,28" hai3="21,40,132,107,73,3,45,131,13,100,103,101,128"/><W102/><G132/><T5/><D116/><U127/><E105/><V62/><F78/><W114/><G114/><T126/><D70/><U8/><E119/><V117/><F117/><W50/><G3/><T9/><D1/><U27/><E129/><N who="3" m="49738" /><G73/><T29/><D126/><U34/><E79/><V37/><F37/><W111/><G111/><T99/><D99/><U4/><E34/><V91/><F43/><W0/><G0/><T64/><D64/><U83/><E83/><V77/><F108/><W80/><G80/><T54/><D42/><U41/><E41/><V44/><F135/><W20/><G13/><T59/><REACH who="0" step="1"/><D25/><REACH who="0" ten="191,240,351,208" step="2"/><U72/><E27/><V30/><F113/><W16/><G16/><T15/><D15/><U18/><E127/><V19/><F19/><W125/><G125/><T71/><D71/><U118/><E118/><V14/><F14/><W56/><G56/><AGARI ba="1,1" hai="2,5,9,26,29,33,36,39,48,51,52,54,56,59" machi="56" ten="30,7700,0" yaku="1,1,7,1,9,1,54,1,53,0" doraHai="57" doraHaiUra="38" who="0" fromWho="3" sc="191,90,240,0,351,0,208,-80" owari="281,8.1,240,-16.0,351,45.1,128,-37.2" /></mjloggm>