<mjloggm ver="2.3"><GO type="225" lobby="0"/><UN n0="%73%6C%69%63%6B%33%31%39" n1="%E7%B4%94%E6%BD%94%E3%83%94%E3%83%A9%E3%83%8B%E3%82%A2" n2="%6B%65%6E%6E%64%69" n3="%E3%81%A8%E3%82%93%E3%81%A8%E3%81%93%E3%81%A8%E3%82%93" dan="16,17,16,16" rate="2115.60,2189.91,2162.33,2078.38" sx="M,M,M,M"/><TAIKYOKU oya="0"/><INIT seed="0,0,0,1,1,50" ten="250,250,250,250" oya="0" hai0="83,122,60,123,102,99,13,59,63,106,129,7,38" hai1="74,40,22,96,95,116,11,61,64,80,104,45,18" hai2="8,5,82,1,77,111,85,108,21,58,93,114,88" hai3="117,25,90,54,98,24,119,69,26,17,53,107,34"/><T124/><D38/><U66/><E116/><V94/><F114/><W87/><G34/><T68/><D129/><U128/><E104/><V134/><F134/><W33/><G33/><T71/><D124/><U135/><E11/><V20/><F94/><W12/><G69/><T70/><D63/><U23/><E23/><V30/><F58/><W3/><G3/><T67/><REACH who="0" step="1"/><D83/><REACH who="0" ten="240,250,250,250" step="2"/><U15/><E128/><V32/><F111/><W101/><G117/><T91/><D91/><U100/><E61/><V127/><F108/><W51/><G119/><T6/><D6/><U78/><E135/><V62/><F62/><W92/><REACH who="3" step="1"/><G51/><AGARI ba="0,1" hai="15,18,22,40,45,51,64,66,74,78,80,95,96,100" machi="51" ten="30,1000,0" yaku="7,1" doraHai="50" who="1" fromWho="3" sc="240,0,250,20,250,0,250,-10" /><INIT seed="1,0,0,3,5,70" ten="240,270,250,240" oya="1" hai0="71,74,59,130,8,1,13,44,15,121,93,20,65" hai1="19,49,80,85,34,92,21,110,56,114,102,133,25" hai2="18,64,96,55,27,99,23,48,47,101,91,7,104" hai3="107,32,42,62,40,2,61,58,134,116,129,66,10"/><U67/><E114/><V12/><F64/><N who="3" m="38967" /><G107/><T108/><D74/><U35/><E133/><V125/><F125/><W28/><G28/><T103/><D71/><U72/><E110/><V30/><F7/><W120/><G32/><T73/><D73/><U75/><E75/><V109/><F109/><W11/><G2/><T29/><D1/><U119/><E119/><V132/><F132/><W68/><G10/><T63/><D130/><U17/><E72/><V43/><F91/><W37/><G11/><T86/><D121/><U106/><E106/><V97/><REACH who="2" step="1"/><F55/><REACH who="2" ten="240,270,240,240" step="2"/><W14/><G134/><T131/><D108/><U117/><E67/><V135/><F135/><W79/><G116/><T84/><D65/><U82/><E117/><V0/><F0/><W57/><G120/><T127/><D127/><U124/><E124/><V115/><F115/><W100/><G129/><T60/><D131/><U51/><E102/><V113/><F113/><W33/><G100/><T77/><D103/><U126/><E126/><V6/><F6/><W88/><G88/><T24/><D77/><U78/><E78/><V123/><F123/><W22/><G79/><T105/><D63/><U83/><E85/><V46/><F46/><N who="3" m="23823" /><G68/><T52/><D86/><U81/><E81/><V50/><F50/><W26/><G66/><T87/><D84/><U89/><E80/><V5/><F5/><W36/><G62/><T122/><D60/><U111/><E82/><V95/><F95/><W128/><G128/><T53/><D87/><U41/><E83/><V38/><F38/><W94/><G36/><T54/><D122/><RYUUKYOKU ba="0,1" sc="240,-10,270,-10,240,30,240,-10" hai2="12,18,23,27,30,43,47,48,96,97,99,101,104" /><INIT seed="2,1,1,5,0,13" ten="230,260,270,230" oya="2" hai0="91,125,45,90,100,16,110,82,88,26,6,71,56" hai1="107,84,109,47,9,36,103,75,127,73,14,29,98" hai2="134,2,15,25,40,38,124,133,96,72,63,42,123" hai3="74,122,48,120,86,22,118,78,64,51,104,68,128"/><V60/><F123/><W77/><G104/><T35/><D71/><U41/><E109/><V49/><F2/><W114/><G118/><T126/><D110/><U31/><E127/><N who="0" m="48649" /><D100/><U105/><E105/><V54/><F124/><W116/><G116/><T61/><D6/><U30/><REACH who="1" step="1"/><E84/><REACH who="1" ten="230,250,270,230" step="2"/><V108/><F108/><W89/><G86/><N who="0" m="50263" /><D45/><U131/><E131/><V62/><F134/><W27/><G128/><T101/><D101/><U37/><E37/><V99/><F38/><W43/><G120/><T50/><D50/><U20/><E20/><V52/><F49/><W85/><G51/><T57/><D35/><U76/><E76/><V113/><F133/><W0/><G122/><T58/><D61/><U102/><E102/><V93/><F62/><W59/><G77/><T69/><D69/><U11/><E11/><V1/><F60/><W132/><G68/><T53/><D53/><U21/><E21/><AGARI ba="1,2" hai="16,21,26,56,57,58,90,91" m="50263,48649" machi="21" ten="30,7700,0" yaku="18,1,52,1,54,2" doraHai="13" who="0" fromWho="1" sc="230,100,250,-80,270,0,230,0" /><INIT seed="3,0,0,1,4,100" ten="330,170,270,230" oya="3" hai0="26,54,16,56,94,124,93,13,128,90,112,42,59" hai1="81,35,50,78,17,88,4,114,36,118,18,67,52" hai2="11,22,34,5,12,55,53,99,43,40,9,77,125" hai3="89,121,29,28,123,66,127,46,133,44,63,60,92"/><W20/><G127/><T15/><D124/><U110/><E114/><V14/><F34/><W119/><G119/><T2/><D2/><U82/><E36/><V24/><F77/><W131/><G131/><T61/><D128/><U19/><E35/><V108/><F108/><W62/><G66/><T116/><D42/><N who="2" m="15914" /><F99/><W37/><G133/><T86/><D112/><U97/><E110/><V79/><F79/><W76/><G76/><T122/><D122/><U69/><E118/><V74/><F74/><W109/><G37/><T80/><D26/><U1/><E69/><V73/><F73/><W58/><G109/><T117/><D13/><U68/><E68/><V6/><F125/><W31/><G58/><T72/><D72/><U120/><E67/><V51/><F51/><W10/><G20/><N who="0" m="11295" /><D117/><U33/><E33/><V113/><F113/><W3/><G3/><T38/><D38/><U132/><E132/><V85/><F85/><W84/><REACH who="3" step="1"/><G10/><REACH who="3" ten="330,170,270,220" step="2"/><T107/><D116/><U21/><E21/><V48/><F48/><W75/><G75/><T115/><D115/><U49/><E120/><AGARI ba="0,1" hai="28,29,31,44,46,60,62,63,84,89,92,120,121,123" machi="120" ten="50,4800,0" yaku="1,1,53,1" doraHai="100" doraHaiUra="87" who="3" fromWho="1" sc="330,0,170,-48,270,0,220,58" /><INIT seed="3,1,0,4,2,18" ten="330,122,270,278" oya="3" hai0="94,69,114,77,74,68,84,89,7,76,86,100,30" hai1="99,26,119,123,28,95,104,65,75,71,107,40,35" hai2="44,78,21,122,90,101,15,66,96,130,34,82,132" hai3="53,105,133,32,31,127,121,49,60,16,9,81,63"/><W115/><G115/><T109/><D74/><U129/><E123/><V116/><F116/><W58/><G121/><T110/><D114/><U51/><E119/><V50/><F34/><W11/><G105/><T91/><D100/><U72/><E129/><V124/><F122/><W134/><G127/><T0/><D30/><U13/><E95/><V1/><F1/><W37/><G37/><T33/><D33/><U43/><E107/><V10/><F124/><W83/><G31/><T120/><D120/><U45/><E43/><V73/><F132/><N who="3" m="50795" /><G32/><T38/><D38/><U103/><E13/><V55/><F66/><W118/><G118/><T113/><D7/><U2/><E2/><V24/><F130/><W131/><G131/><T112/><D94/><U23/><E23/><V22/><F90/><W19/><G60/><T42/><D42/><U79/><E79/><V47/><F47/><W117/><G63/><T46/><D0/><U29/><E29/><V12/><F24/><W98/><G98/><T27/><D46/><U102/><E103/><V20/><REACH who="2" step="1"/><F10/><REACH who="2" ten="330,122,260,278" step="2"/><N who="3" m="3595" /><G117/><T108/><D108/><U67/><REACH who="1" step="1"/><E67/><REACH who="1" ten="330,112,260,278" step="2"/><V106/><AGARI ba="1,2" hai="12,15,20,21,22,44,50,55,73,78,82,96,101,106" machi="106" ten="30,8000,1" yaku="1,1,0,1,52,3,53,0" doraHai="18" doraHaiUra="126" who="2" fromWho="2" sc="330,-21,112,-21,260,103,278,-41" owari="309,10.9,91,-40.9,363,46.3,237,-16.3" /></mjloggm>