<mjloggm ver="2.3"><GO type="225" lobby="0"/><UN n0="%28%EF%BF%A3%E2%96%BD%EF%BF%A3%29%CE%B4%E2%8C%92%E3%83%BB" n1="%E6%B8%A9%E2%98%85%E6%83%85%E2%98%85%E6%8E%AA%E2%98%85%E7%BD%AE" n2="%E6%A1%9C%E8%8A%B1%E9%96%83%E3%80%85" n3="%E3%82%A2%E3%82%A4%E3%82%B9%E3%83%86%E3%82%A3%E3%83%BC%E3%81%82%E3%81%B9" dan="16,16,16,16" rate="2141.54,2156.29,2108.14,2063.16" sx="M,M,M,M"/><TAIKYOKU oya="0"/><INIT seed="0,0,0,2,3,127" ten="250,250,250,250" oya="0" hai0="102,130,63,46,85,80,15,129,7,124,106,84,108" hai1="104,68,123,111,122,64,41,14,82,23,98,69,44" hai2="121,27,16,40,117,88,2,12,29,57,67,62,19" hai3="92,38,26,135,79,4,95,99,93,51,134,118,20"/><T35/><D35/><U31/><E111/><V56/><F121/><W133/><G38/><T34/><D34/><U1/><E1/><V0/><F117/><W131/><G118/><T48/><D124/><U101/><E82/><V33/><F40/><W43/><G79/><T13/><D108/><U116/><E116/><V110/><F110/><W96/><G4/><T49/><D63/><U94/><E104/><V81/><F56/><W115/><G115/><T22/><D22/><U109/><E109/><V71/><F71/><W45/><REACH who="3" step="1"/><G131/><REACH who="3" ten="250,250,250,240" step="2"/><N who="0" m="50187" /><D7/><U11/><E123/><V83/><F19/><AGARI ba="0,1" hai="19,20,26,43,45,51,92,93,95,96,99,133,134,135" machi="19" ten="50,3200,0" yaku="1,1,20,1,53,0" doraHai="127" doraHaiUra="73" who="3" fromWho="2" sc="250,0,250,0,250,-32,240,42" /><INIT seed="1,0,0,3,4,104" ten="250,250,218,282" oya="1" hai0="2,21,116,64,12,44,75,117,115,93,26,43,110" hai1="123,111,33,8,25,22,16,38,83,59,74,3,97" hai2="125,63,55,57,130,70,87,94,81,79,65,56,6" hai3="103,10,31,119,9,134,11,78,96,88,105,29,107"/><U71/><E123/><V95/><F125/><W24/><G134/><T67/><D2/><U15/><E71/><V58/><F130/><W46/><G119/><T48/><D115/><U122/><E122/><V90/><F6/><W32/><G31/><T41/><D110/><U106/><E38/><V126/><F126/><W92/><G78/><T50/><D12/><U51/><E111/><V82/><REACH who="2" step="1"/><F55/><REACH who="2" ten="250,250,208,282" step="2"/><W17/><G46/><T49/><D44/><U112/><E112/><V23/><F23/><W62/><G62/><T0/><D21/><U99/><E3/><V1/><F1/><W124/><G124/><T113/><D0/><U68/><E33/><V121/><F121/><W35/><G32/><T133/><D113/><U28/><E106/><V60/><F60/><W77/><G107/><T18/><D116/><U109/><E109/><V42/><F42/><W85/><REACH who="3" step="1"/><G77/><REACH who="3" ten="250,250,208,272" step="2"/><T54/><D117/><U80/><E28/><V5/><F5/><W129/><G129/><T73/><D43/><U61/><E61/><V135/><F135/><W91/><G91/><T13/><D41/><U52/><E52/><V4/><F4/><W84/><G84/><AGARI ba="0,2" hai="56,57,58,63,65,70,79,81,82,84,87,90,94,95" machi="84" ten="40,1300,0" yaku="1,1,53,0" doraHai="104" doraHaiUra="98" who="2" fromWho="3" sc="250,0,250,0,208,33,272,-13" /><INIT seed="2,0,0,5,2,28" ten="250,250,241,259" oya="2" hai0="114,76,54,86,80,103,7,9,42,109,125,126,94" hai1="51,46,82,12,45,120,18,131,26,29,58,132,85" hai2="33,127,124,36,71,55,40,62,25,96,67,49,118" hai3="37,23,30,64,19,15,8,81,112,107,79,34,77"/><V6/><F118/><W128/><G107/><T1/><D114/><U100/><E132/><V38/><F6/><W130/><G37/><N who="2" m="14441" /><F96/><W13/><G64/><T99/><D109/><U10/><E131/><N who="3" m="50218" /><G112/><T129/><D129/><U73/><E73/><V53/><F25/><N who="3" m="18767" /><G81/><T43/><REACH who="0" step="1"/><D54/><REACH who="0" ten="240,250,241,259" step="2"/><N who="2" m="20490" /><F33/><W65/><G65/><T32/><D32/><U122/><E122/><V101/><F101/><W57/><G57/><T93/><D93/><U95/><E100/><V108/><F108/><W41/><G41/><AGARI ba="0,1" hai="1,7,9,41,42,43,76,80,86,94,99,103,125,126" machi="41" ten="40,2600,0" yaku="1,1,53,1" doraHai="28" doraHaiUra="35" who="0" fromWho="3" sc="240,36,250,0,241,0,259,-26" /><INIT seed="3,0,0,2,2,107" ten="276,250,241,233" oya="3" hai0="20,126,24,110,43,121,80,66,3,56,129,106,17" hai1="25,30,101,131,85,81,51,14,75,86,26,102,72" hai2="55,68,65,118,111,36,10,9,79,15,98,1,114" hai3="13,77,50,41,49,127,124,87,73,59,132,96,6"/><W61/><G132/><T35/><D106/><U32/><E131/><V84/><F118/><W130/><G130/><T7/><D43/><U123/><E123/><V88/><F36/><W116/><G116/><T135/><D135/><U16/><E26/><V134/><F114/><W64/><G87/><T31/><D126/><N who="3" m="48169" /><G96/><T69/><D69/><U38/><E38/><V18/><F111/><W58/><G41/><T119/><D110/><U93/><E51/><N who="3" m="19466" /><G6/><T89/><D119/><U103/><E93/><V133/><F98/><W39/><G13/><T37/><D37/><U23/><REACH who="1" step="1"/><E86/><REACH who="1" ten="276,240,241,233" step="2"/><V40/><F84/><W99/><G39/><T11/><D129/><U47/><E47/><V112/><F134/><W90/><G99/><T120/><D121/><U67/><E67/><V27/><F65/><W54/><G90/><AGARI ba="0,1" hai="14,16,23,25,30,32,72,75,81,85,90,101,102,103" machi="90" ten="40,8000,1" yaku="1,1,52,2,54,1,53,0" doraHai="107" doraHaiUra="62" who="1" fromWho="3" sc="276,0,240,90,241,0,233,-80" owari="276,7.6,330,43.0,241,-15.9,153,-34.7" /></mjloggm>