<mjloggm ver="2.3"><GO type="225" lobby="0"/><UN n0="%73%6C%69%63%6B%33%31%39" n1="%E6%B8%A9%E2%98%85%E6%83%85%E2%98%85%E6%8E%AA%E2%98%85%E7%BD%AE" n2="%E5%B0%8F%E9%B3%A5%E9%81%8A%E7%B7%B4%E7%84%A1%32%31%E6%AD%B3" n3="%73%75%7A%75%72%61%6E%65" dan="16,16,16,16" rate="2110.42,2157.25,2172.07,2072.29" sx="M,M,F,M"/><TAIKYOKU oya="0"/><INIT seed="0,0,0,5,1,48" ten="250,250,250,250" oya="0" hai0="55,33,112,93,117,57,62,90,2,17,101,84,98" hai1="15,58,70,45,23,30,61,115,10,27,68,20,3" hai2="35,86,49,50,28,135,12,87,37,76,104,123,130" hai3="36,114,73,92,47,120,125,132,39,21,40,95,26"/><T66/><D112/><U31/><E115/><V72/><F104/><W1/><G114/><T8/><D117/><U14/><E3/><V88/><F123/><W75/><G1/><T51/><D33/><U69/><E45/><V38/><F72/><W127/><G120/><T81/><D2/><U119/><E119/><V107/><F107/><W24/><G21/><T71/><D8/><U105/><E105/><V0/><F0/><W113/><G47/><T122/><D17/><U64/><REACH who="1" step="1"/><E10/><REACH who="1" ten="250,240,250,250" step="2"/><V91/><F135/><W41/><REACH who="3" step="1"/><G113/><REACH who="3" ten="250,240,250,240" step="2"/><T128/><D122/><U56/><E56/><V7/><F37/><W83/><G83/><T109/><D128/><U52/><E52/><V110/><F38/><W129/><G129/><T85/><D109/><U42/><E42/><V63/><F110/><W13/><G13/><T79/><REACH who="0" step="1"/><D101/><REACH who="0" ten="240,240,250,240" step="2"/><U99/><E99/><AGARI ba="0,3" hai="51,55,57,62,66,71,79,81,84,85,90,93,98,99" machi="99" ten="40,7700,0" yaku="1,1,2,1,52,1,53,0" doraHai="48" doraHaiUra="25" who="0" fromWho="1" sc="240,107,240,-77,250,0,240,0" /><INIT seed="0,1,0,2,5,31" ten="347,163,250,240" oya="0" hai0="14,36,26,121,15,85,122,4,88,18,24,50,27" hai1="119,74,67,38,32,25,63,91,56,34,76,123,58" hai2="133,104,37,126,3,44,13,87,33,28,16,23,0" hai3="55,51,52,124,111,9,11,8,131,6,65,40,102"/><T99/><D36/><U78/><E119/><V46/><F104/><W7/><G111/><T105/><D4/><N who="3" m="1577" /><G131/><T96/><D50/><U54/><E38/><V12/><F133/><W116/><G124/><T84/><D84/><U1/><E1/><V80/><F126/><W70/><G70/><T120/><D105/><U82/><E123/><V108/><F12/><W42/><G65/><T112/><D112/><U97/><E76/><V71/><F71/><W94/><G116/><T86/><D86/><U66/><E25/><V101/><F101/><W118/><G118/><T57/><D57/><U62/><REACH who="1" step="1"/><E54/><REACH who="1" ten="347,153,250,240" step="2"/><N who="3" m="20522" /><G51/><T49/><D49/><U61/><E61/><V117/><F37/><W79/><G79/><T81/><REACH who="0" step="1"/><D14/><REACH who="0" ten="337,153,250,240" step="2"/><U64/><E64/><V22/><F13/><W98/><AGARI ba="1,2" hai="8,9,11,40,42,94,98,102" m="20522,1577" machi="98" ten="40,2700,0" yaku="8,1,54,1" doraHai="31" who="3" fromWho="3" sc="337,-14,153,-8,250,-8,240,50" /><INIT seed="1,0,0,4,3,62" ten="323,145,242,290" oya="1" hai0="82,109,11,6,63,34,16,42,32,20,65,126,50" hai1="134,110,116,30,85,46,93,135,8,25,26,87,80" hai2="54,132,59,83,94,89,120,27,17,113,84,103,5" hai3="53,108,60,99,0,52,101,91,61,39,75,131,102"/><U43/><E116/><V96/><F120/><W48/><G39/><T19/><D109/><U111/><E8/><V133/><F113/><W7/><G75/><T35/><D126/><U18/><E18/><V79/><F5/><W104/><G108/><N who="1" m="41514" /><E93/><V10/><F10/><W100/><G131/><T130/><D130/><U40/><E80/><V41/><F41/><N who="1" m="15945" /><E46/><V70/><F70/><W66/><G60/><T106/><D106/><U77/><E77/><V31/><F103/><W22/><G22/><T119/><D19/><U98/><E98/><V78/><F78/><W73/><G73/><T28/><D82/><U86/><E30/><V112/><F112/><W38/><G38/><T125/><D28/><U44/><E44/><V57/><F17/><W117/><G117/><T12/><D119/><U90/><E90/><V37/><F27/><AGARI ba="0,0" hai="25,26,27,85,86,87,134,135" m="15945,41514" machi="27" ten="40,12000,1" yaku="28,2,14,1,10,1" doraHai="62" who="1" fromWho="2" sc="323,0,145,120,242,-120,290,0" /><INIT seed="1,1,0,5,2,8" ten="323,265,122,290" oya="1" hai0="126,67,135,97,56,104,66,77,5,28,2,50,18" hai1="29,4,62,124,51,54,48,103,84,69,38,73,25" hai2="108,107,88,53,57,122,30,95,75,14,90,52,130" hai3="23,13,37,60,12,80,134,85,78,34,59,68,46"/><U117/><E73/><V89/><F107/><W111/><G34/><T87/><D2/><U32/><E117/><V105/><F122/><W93/><G68/><T64/><D5/><U19/><E38/><V91/><F105/><W106/><G106/><T74/><D74/><U114/><E114/><V119/><F75/><W21/><G111/><T98/><D28/><U3/><E124/><V47/><F119/><W17/><G134/><T26/><D104/><U101/><E84/><V86/><F30/><W20/><G17/><T79/><D135/><U49/><E19/><V61/><F130/><W16/><G16/><T6/><D6/><U11/><REACH who="1" step="1"/><E54/><REACH who="1" ten="323,255,122,290" step="2"/><V83/><F108/><W123/><G37/><T43/><D87/><U120/><E120/><V7/><F83/><W36/><G123/><T71/><D126/><U125/><E125/><V31/><F31/><W9/><G36/><T102/><D18/><U35/><E35/><V63/><F47/><W109/><G109/><T40/><D43/><U94/><E94/><V1/><F1/><W92/><G46/><T131/><D40/><U70/><E70/><V24/><F24/><W22/><G9/><T81/><D71/><U45/><E45/><V42/><F42/><W41/><G41/><T10/><D26/><U132/><E132/><V58/><F7/><W112/><G112/><T121/><D10/><U27/><E27/><V128/><F128/><W129/><G129/><T116/><D131/><U127/><E127/><V72/><F72/><W133/><N who="3" m="5120" /><DORA hai="100" /><W15/><G133/><T82/><D116/><U113/><E113/><RYUUKYOKU ba="1,1" sc="323,-30,255,10,122,10,290,10" hai1="3,4,11,25,29,32,48,49,51,62,69,101,103" hai2="14,52,53,57,58,61,63,86,88,89,90,91,95" hai3="12,13,15,59,60,78,80,85,92,93" /><INIT seed="1,2,1,2,1,107" ten="293,265,132,300" oya="1" hai0="17,41,124,14,123,116,3,4,98,1,106,21,59" hai1="90,64,11,2,125,127,47,97,43,100,36,7,61" hai2="122,109,85,131,56,103,110,30,58,82,93,129,74" hai3="54,62,67,13,96,132,102,8,108,78,5,28,91"/><U80/><E90/><V111/><F30/><W71/><G108/><T27/><D116/><U19/><E19/><V76/><F56/><W57/><G132/><T79/><D124/><N who="1" m="47691" /><E80/><V66/><F58/><W134/><G134/><T12/><D123/><U105/><E61/><V48/><F48/><W89/><G78/><T65/><D41/><U130/><E64/><V63/><F63/><W53/><G28/><T69/><D69/><U83/><E83/><V25/><F25/><W6/><G6/><T44/><D79/><U113/><E130/><N who="2" m="49675" /><F66/><W86/><G86/><T16/><D65/><U128/><E128/><V99/><F122/><W22/><G22/><T112/><D17/><U120/><E120/><V39/><F39/><W118/><G118/><T49/><D16/><U135/><E135/><V35/><F35/><W126/><G126/><T68/><D68/><U119/><E119/><V55/><F55/><W115/><G53/><T29/><D21/><U15/><E113/><V88/><F103/><W72/><G115/><T94/><D112/><U45/><E47/><V42/><F42/><W84/><G67/><T51/><D44/><U31/><E31/><V37/><F37/><W24/><G71/><T38/><D29/><U73/><E15/><V0/><F0/><W117/><G13/><T32/><D12/><U87/><E45/><V101/><F101/><W121/><G102/><T33/><D14/><U50/><E36/><V114/><F114/><W77/><G121/><T34/><D1/><U20/><E43/><V9/><F9/><W81/><G117/><T95/><D3/><RYUUKYOKU ba="2,1" sc="293,-10,265,-10,132,30,300,-10" hai2="74,76,82,85,88,93,99,109,110,111" /><INIT seed="2,3,1,1,5,125" ten="283,255,162,290" oya="2" hai0="74,15,80,78,116,89,70,20,101,19,99,91,121" hai1="62,34,92,122,111,10,97,35,13,49,134,56,42" hai2="58,128,17,63,73,107,32,96,33,6,8,88,77" hai3="22,0,40,4,37,68,105,71,50,90,51,95,109"/><V64/><F17/><W113/><G105/><T18/><D121/><U9/><E122/><V16/><F107/><W132/><G109/><T123/><D123/><U112/><E112/><V100/><F73/><W131/><G113/><T115/><D115/><U61/><E111/><V118/><F77/><W119/><G119/><T87/><D70/><U31/><E134/><V24/><F118/><W114/><G114/><T2/><D2/><U25/><E35/><V60/><F60/><W59/><G22/><T65/><D65/><U98/><E98/><V120/><F100/><W1/><G4/><T36/><D36/><U46/><E13/><V21/><F120/><W53/><G37/><T39/><D39/><U85/><E85/><V94/><REACH who="2" step="1"/><F128/><REACH who="2" ten="283,255,152,290" step="2"/><W47/><G131/><T69/><D116/><U110/><E110/><V102/><F102/><W66/><G132/><T79/><D79/><U84/><E62/><V12/><AGARI ba="3,2" hai="6,8,12,16,21,24,32,33,58,63,64,88,94,96" machi="12" ten="20,12000,1" yaku="1,1,0,1,7,1,54,2,53,0" doraHai="125" doraHaiUra="27" who="2" fromWho="2" sc="283,-43,255,-43,152,149,290,-43" /><INIT seed="2,4,0,3,1,3" ten="240,212,301,247" oya="2" hai0="1,31,97,70,33,18,44,34,76,100,114,49,92" hai1="62,125,24,22,39,56,25,133,120,74,135,50,108" hai2="29,123,130,103,73,117,83,55,38,131,111,12,36" hai3="42,30,99,78,57,61,63,118,13,87,105,54,98"/><V58/><F117/><W128/><G118/><T2/><D114/><U82/><E39/><V15/><F123/><W80/><G105/><T96/><D70/><U17/><E120/><V110/><F29/><W95/><G42/><T10/><D76/><N who="1" m="44311" /><E50/><V69/><F103/><W21/><G128/><N who="2" m="49193" /><F69/><W19/><G30/><T129/><D129/><U122/><E122/><V46/><F83/><W0/><G0/><T9/><D97/><U11/><E11/><V35/><F73/><W85/><G61/><T59/><D59/><U23/><E108/><N who="2" m="41515" /><F35/><W107/><G107/><T119/><D119/><U26/><E17/><V52/><F12/><W51/><G63/><T43/><D33/><U45/><E125/><V8/><F46/><W113/><G113/><T37/><D1/><U104/><E45/><V28/><F28/><W124/><G124/><T89/><D100/><U132/><E104/><V6/><F55/><AGARI ba="4,0" hai="22,23,24,25,26,55,56,62,132,133,135" m="44311" machi="55" ten="40,1300,0" yaku="20,1" doraHai="3" who="1" fromWho="2" sc="240,0,212,25,301,-25,247,0" /><INIT seed="3,0,0,2,3,31" ten="240,237,276,247" oya="3" hai0="20,61,24,62,67,58,12,95,75,9,19,0,126" hai1="109,110,32,30,98,48,123,41,37,94,90,96,99" hai2="63,107,64,85,70,134,111,105,103,4,84,108,122" hai3="52,43,114,2,128,106,66,87,10,3,118,79,39"/><W54/><G114/><T51/><D75/><U27/><E123/><V18/><F4/><W40/><G106/><T11/><D126/><U77/><E77/><V57/><F134/><W5/><G66/><T53/><D0/><U69/><E69/><V25/><F57/><W13/><G118/><T17/><D9/><U92/><E37/><V83/><F122/><W100/><G100/><T56/><REACH who="0" step="1"/><D95/><REACH who="0" ten="230,237,276,247" step="2"/><U129/><E129/><V113/><F107/><W50/><G128/><T135/><D135/><U1/><E1/><V81/><F105/><W59/><G2/><T33/><D33/><U88/><E98/><V74/><F74/><W34/><G3/><T89/><D89/><U16/><E16/><V130/><F130/><W7/><G34/><T124/><D124/><U36/><E36/><V38/><F18/><W93/><G5/><T112/><D112/><U73/><E73/><V22/><F38/><W86/><G39/><T127/><D127/><U46/><AGARI ba="0,1" hai="27,30,32,41,46,48,88,90,92,94,96,99,109,110" machi="46" ten="30,7900,0" yaku="0,1,9,1,52,1,54,1" doraHai="31" who="1" fromWho="1" sc="230,-20,237,89,276,-20,247,-39" owari="210,-19.0,326,42.6,256,5.6,208,-29.2" /></mjloggm>