<mjloggm ver="2.3"><GO type="225" lobby="0"/><UN n0="%E5%A4%9C%E3%81%AE%E3%82%AC%E3%82%B9%E3%83%91%E3%83%BC%E3%83%AB" n1="%E3%82%B3%E3%83%90%E3%83%AC%E3%82%A4" n2="%E3%81%A4%E3%81%A3%E3%81%B1%E3%82%8A%E3%83%9D%E3%83%BC%E3%83%AB" n3="%E3%80%93%E3%81%97%E3%83%BC%E3%82%89%E3%80%93" dan="17,16,16,16" rate="2189.70,2076.81,2125.93,2174.18" sx="M,M,M,M"/><TAIKYOKU oya="0"/><INIT seed="0,0,0,3,0,73" ten="250,250,250,250" oya="0" hai0="1,74,41,121,11,51,90,65,101,107,80,112,29" hai1="111,18,71,23,22,16,84,10,120,37,99,47,91" hai2="125,0,130,59,32,36,76,44,7,38,82,92,83" hai3="126,68,58,54,81,115,57,61,100,3,55,9,28"/><T98/><D98/><U40/><BYE who="0" /><E71/><V123/><F123/><W5/><G115/><T26/><D26/><U60/><E120/><V43/><F32/><W127/><G68/><T45/><D45/><U85/><E111/><V95/><F130/><W134/><G134/><T4/><D4/><U96/><E85/><V103/><F125/><W64/><G100/><T113/><D113/><U78/><E10/><N who="2" m="2407" /><F38/><W93/><G93/><T53/><D53/><U14/><E60/><V109/><F109/><W72/><G28/><T131/><D131/><U62/><E62/><V13/><F83/><W89/><G89/><T50/><D50/><U70/><E70/><V21/><F59/><W25/><G25/><T94/><D94/><U106/><E106/><V48/><F48/><W87/><G87/><T133/><D133/><U8/><E8/><V102/><F102/><W63/><REACH who="3" step="1"/><G64/><REACH who="3" ten="250,250,250,240" step="2"/><T110/><D110/><U122/><E122/><V88/><F88/><W116/><G116/><T31/><D31/><U46/><E91/><V79/><F103/><W135/><G135/><T2/><D2/><U118/><E118/><V105/><F105/><W119/><G119/><T35/><D35/><U33/><E33/><V67/><F67/><W20/><G20/><T69/><D69/><U124/><E23/><V117/><F117/><W42/><G42/><T6/><D6/><U34/><E34/><V30/><F30/><W132/><G132/><T49/><D49/><U104/><E22/><V114/><F21/><W75/><G75/><T15/><D15/><U97/><E14/><V77/><F43/><RYUUKYOKU ba="0,1" sc="250,-10,250,-10,250,-10,240,30" hai3="3,5,9,54,55,57,58,61,63,72,81,126,127" /><INIT seed="1,1,1,2,4,2" ten="240,240,240,270" oya="1" hai0="64,58,81,51,56,59,26,40,31,43,57,17,61" hai1="41,33,124,128,34,119,69,89,90,52,50,113,94" hai2="98,96,134,123,95,82,77,131,83,86,100,65,46" hai3="87,22,117,42,16,132,118,11,49,116,133,106,67"/><U115/><E69/><V70/><F123/><W60/><G106/><T73/><D73/><U122/><E119/><V103/><F131/><W45/><G11/><T120/><D120/><U129/><E122/><V15/><F134/><W62/><G87/><T32/><D32/><U66/><E66/><V37/><F70/><W135/><REACH who="3" step="1"/><G67/><REACH who="3" ten="240,240,240,260" step="2"/><T53/><D53/><U108/><E41/><V35/><F65/><W71/><G71/><T4/><D4/><U84/><E115/><V101/><F86/><W68/><G68/><T6/><D6/><U10/><E113/><V97/><F97/><W114/><G114/><T18/><D18/><U80/><E10/><V0/><F96/><W7/><G7/><T27/><D27/><AGARI ba="1,2" hai="16,22,27,42,45,49,60,62,116,117,118,132,133,135" machi="27" ten="50,8000,1" yaku="1,1,12,1,20,1,54,1,53,0" doraHai="2" doraHaiUra="91" who="3" fromWho="0" sc="240,-83,240,0,240,0,260,103" /><INIT seed="2,0,0,2,4,100" ten="157,240,240,363" oya="2" hai0="0,71,72,42,48,13,82,91,68,28,50,106,73" hai1="86,131,41,23,135,9,75,110,65,8,62,7,133" hai2="109,37,44,116,92,79,97,80,57,43,25,39,125" hai3="77,112,52,54,122,36,96,18,67,115,21,58,114"/><V1/><F116/><W130/><G36/><T94/><D94/><U64/><E75/><V121/><F121/><W118/><G118/><T16/><D16/><U126/><E126/><V117/><F117/><W88/><G122/><T61/><D61/><U29/><E131/><V11/><F125/><W38/><G38/><T70/><D70/><U111/><E41/><V17/><F39/><W5/><G5/><T66/><D66/><N who="1" m="25707" /><E86/><V102/><F109/><N who="1" m="41481" /><E62/><V59/><F25/><N who="3" m="14519" /><G77/><T14/><D14/><N who="1" m="5407" /><E9/><V10/><F10/><W26/><G26/><AGARI ba="0,0" hai="23,26,29,133,135" m="5407,41481,25707" machi="26" ten="30,1000,0" yaku="14,1" doraHai="100" who="1" fromWho="3" sc="157,0,240,10,240,0,363,-10" /><INIT seed="3,0,0,1,0,106" ten="157,250,240,353" oya="3" hai0="100,120,13,98,109,38,91,25,103,108,94,56,79" hai1="4,134,97,26,16,85,119,44,10,29,84,68,59" hai2="14,9,52,110,41,133,125,70,104,96,113,81,55" hai3="33,132,11,18,51,116,121,95,111,1,112,63,75"/><W135/><G75/><T127/><D127/><U20/><E68/><V101/><F113/><W76/><G33/><T90/><D90/><U36/><E119/><V89/><F70/><W19/><G76/><T124/><D124/><U0/><E134/><V45/><F125/><W43/><G95/><T72/><D72/><U77/><E97/><V7/><F133/><W40/><G63/><T12/><D12/><U24/><E77/><V128/><F128/><W6/><G112/><T34/><D34/><U62/><E44/><V88/><F110/><W42/><G111/><T115/><D115/><U37/><E36/><V123/><F123/><W131/><G116/><T8/><D8/><U5/><E5/><V73/><F89/><W78/><G121/><T54/><D54/><U49/><E49/><V66/><F66/><W21/><G51/><T107/><D107/><U105/><E105/><V80/><F73/><W74/><G131/><T93/><D93/><U87/><E37/><V15/><F15/><W46/><G1/><T71/><D71/><U114/><E114/><V99/><F99/><W130/><G74/><T69/><D69/><U122/><E122/><V117/><F117/><W3/><G3/><T28/><D28/><U39/><E39/><V30/><F30/><W31/><G31/><T65/><D65/><U47/><E47/><V61/><F61/><W48/><G132/><T67/><D67/><U35/><REACH who="1" step="1"/><E87/><REACH who="1" ten="157,240,240,353" step="2"/><V2/><F2/><N who="3" m="471" /><G46/><T32/><D32/><U27/><E27/><V92/><F104/><W57/><G135/><T126/><D126/><U17/><E17/><RYUUKYOKU ba="0,1" sc="157,-10,240,30,240,-10,353,-10" hai1="0,4,10,16,20,24,26,29,35,59,62,84,85" owari="147,-35.3,270,7.0,230,-17.0,353,45.3" /></mjloggm>