<mjloggm ver="2.3"><GO type="225" lobby="0"/><UN n0="%E6%A1%9C%E8%8A%B1%E9%96%83%E3%80%85" n1="%E8%81%B7%E6%A5%AD%E3%80%81%E9%A2%A8%32" n2="%6D%75%75%6D%75%72%61" n3="%48%61%61%61%6C%61%6E%64" dan="18,16,16,17" rate="2262.94,2078.55,2087.16,2235.53" sx="M,M,F,M"/><TAIKYOKU oya="0"/><INIT seed="0,0,0,1,3,83" ten="250,250,250,250" oya="0" hai0="52,9,97,22,68,7,115,120,16,129,124,103,116" hai1="86,35,101,53,57,94,76,123,10,50,44,104,67" hai2="114,6,102,18,74,31,135,27,105,118,84,32,38" hai3="40,80,70,109,72,17,78,23,4,77,41,58,20"/><T121/><D115/><U1/><E123/><V63/><F114/><W88/><G70/><T85/><D116/><U93/><E35/><V0/><F74/><W131/><G109/><T100/><D68/><U29/><E29/><V125/><F38/><W34/><G34/><T98/><D124/><U133/><E133/><V2/><F135/><W54/><G4/><T12/><D129/><U117/><E117/><V79/><F118/><W119/><G131/><T91/><D120/><U112/><E112/><V48/><F125/><W82/><G119/><T127/><D127/><U81/><E1/><V134/><F134/><W90/><G58/><T110/><D52/><U69/><E69/><V108/><F108/><W8/><G8/><T75/><D75/><U65/><E10/><V61/><F48/><W24/><G54/><T55/><D55/><N who="1" m="30151" /><E104/><V106/><F18/><W132/><G132/><T39/><D39/><U43/><E43/><V95/><F106/><W45/><G23/><T14/><D121/><U64/><E101/><N who="0" m="38985" /><D110/><U46/><E46/><V56/><F105/><W28/><G40/><T15/><D14/><U60/><AGARI ba="0,0" hai="53,57,60,64,65,67,76,81,86,93,94" m="30151" machi="60" ten="30,2000,0" yaku="8,1,52,1" doraHai="83" who="1" fromWho="1" sc="250,-10,250,20,250,-5,250,-5" /><INIT seed="1,0,0,1,5,62" ten="240,270,245,245" oya="1" hai0="127,94,85,132,70,109,125,90,7,57,115,24,21" hai1="117,97,128,76,72,44,53,122,3,73,33,78,20" hai2="28,91,14,31,77,61,55,100,119,48,15,46,67" hai3="88,108,134,52,68,10,4,38,25,124,99,22,87"/><U41/><E122/><V131/><F119/><W30/><G108/><T126/><D70/><U32/><E117/><V45/><F131/><W129/><G129/><T110/><D115/><U113/><E113/><V96/><F77/><W74/><G74/><T8/><D132/><U23/><E3/><V27/><F91/><W16/><G134/><T59/><D59/><U89/><E53/><V130/><F46/><W0/><G124/><T47/><D57/><U39/><E128/><V79/><F79/><W2/><G38/><T42/><D8/><U1/><E1/><V114/><F114/><W105/><G0/><T26/><D7/><U120/><E120/><V12/><F130/><W64/><G52/><T58/><D58/><U63/><E63/><V101/><F96/><W123/><G123/><T92/><D92/><U5/><E5/><V95/><F95/><W11/><G99/><T81/><D94/><U6/><E6/><V36/><F36/><W71/><G105/><T111/><REACH who="0" step="1"/><D21/><REACH who="0" ten="230,270,245,245" step="2"/><U133/><E133/><V37/><F37/><AGARI ba="0,1" hai="24,26,37,42,47,81,85,90,109,110,111,125,126,127" machi="37" ten="50,8000,1" yaku="1,1,2,1,14,1,18,1,53,0" doraHai="62" doraHaiUra="35" who="0" fromWho="2" sc="230,90,270,0,245,-80,245,0" /><INIT seed="2,0,0,3,2,94" ten="320,270,165,245" oya="2" hai0="72,1,91,0,15,78,59,19,73,113,21,48,76" hai1="114,122,53,97,80,68,69,131,90,123,133,38,116" hai2="102,100,86,89,41,129,23,2,6,32,60,125,82" hai3="7,39,64,11,49,83,118,134,20,58,50,124,135"/><V128/><F32/><W5/><G39/><T3/><D113/><U105/><E38/><V34/><F34/><W55/><G118/><T57/><D91/><U43/><E43/><V74/><F74/><W13/><G124/><T16/><D48/><U119/><E114/><V10/><F125/><W126/><G126/><T121/><D121/><N who="1" m="46091" /><E53/><V132/><F132/><N who="3" m="50731" /><G64/><T17/><D15/><U29/><E133/><V84/><F41/><W109/><G109/><T67/><D21/><U45/><E45/><V35/><F35/><W52/><G20/><T117/><D67/><U115/><E29/><V103/><F23/><W56/><G83/><T96/><D96/><U51/><E51/><V77/><REACH who="2" step="1"/><F60/><REACH who="2" ten="320,270,155,245" step="2"/><W36/><G36/><T30/><D117/><U9/><E116/><V79/><F79/><W31/><G31/><T70/><D30/><U120/><E119/><V110/><F110/><W101/><G101/><T47/><D76/><U92/><E120/><V81/><AGARI ba="0,1" hai="2,6,10,77,81,82,84,86,89,100,102,103,128,129" machi="81" ten="30,3000,0" yaku="1,1,0,1,53,0" doraHai="94" doraHaiUra="14" who="2" fromWho="2" sc="320,-10,270,-10,155,40,245,-10" /><INIT seed="2,1,0,3,1,1" ten="310,260,195,235" oya="2" hai0="0,75,15,99,41,62,92,118,9,127,42,57,87" hai1="122,114,26,27,46,11,10,39,117,109,133,2,78" hai2="126,16,70,129,3,134,101,40,35,72,105,60,86" hai3="124,67,56,123,55,115,49,17,5,77,82,128,74"/><V21/><F72/><W8/><G123/><T52/><D0/><U89/><E114/><V25/><F126/><W119/><G119/><T84/><D75/><U54/><E117/><V58/><F129/><W103/><G124/><T96/><D118/><U13/><E109/><V104/><F134/><W95/><G128/><T91/><D127/><U20/><E122/><V68/><F35/><W51/><G67/><T112/><D87/><U64/><E64/><V47/><F3/><W59/><G115/><T81/><D112/><U23/><E78/><V44/><F86/><W79/><G79/><N who="0" m="46143" /><D99/><U14/><E2/><V98/><F104/><W29/><G29/><T38/><D38/><U12/><E39/><V120/><F120/><W69/><G69/><T43/><D43/><U88/><E133/><V50/><REACH who="2" step="1"/><F44/><REACH who="2" ten="310,260,185,235" step="2"/><W53/><G74/><T116/><D116/><U135/><E135/><V33/><F33/><W80/><G77/><T65/><D65/><AGARI ba="1,1" hai="16,21,25,40,47,50,58,60,65,68,70,98,101,105" machi="65" ten="30,5800,0" yaku="1,1,7,1,54,1,53,0" doraHai="1" doraHaiUra="85" who="2" fromWho="0" sc="310,-61,260,0,185,71,235,0" /><INIT seed="2,2,0,0,3,127" ten="249,260,256,235" oya="2" hai0="10,122,108,2,107,23,50,120,124,38,47,58,28" hai1="19,93,113,70,117,49,133,46,115,134,12,90,33" hai2="79,77,13,16,14,0,8,61,63,57,110,109,73" hai3="80,17,128,42,81,74,78,6,34,66,71,83,123"/><V92/><F0/><W131/><G123/><T15/><D107/><U86/><E70/><V69/><F69/><W11/><G34/><T60/><D38/><U51/><E33/><V132/><F132/><N who="1" m="50793" /><E51/><V118/><F118/><W104/><G104/><T121/><D124/><U54/><E117/><V37/><F37/><W87/><G17/><T55/><D2/><U25/><E25/><V18/><F92/><W116/><G116/><T59/><D108/><N who="2" m="41578" /><F73/><W88/><G42/><T64/><D23/><AGARI ba="2,0" hai="12,19,23,46,49,54,86,90,93,113,115" m="50793" machi="23" ten="30,1000,0" yaku="20,1" doraHai="127" who="1" fromWho="0" sc="249,-16,260,16,256,0,235,0" /><INIT seed="3,0,0,2,3,12" ten="233,276,256,235" oya="3" hai0="73,67,55,16,121,31,17,48,98,27,81,105,117" hai1="119,85,128,30,54,68,78,39,1,109,38,57,125" hai2="35,74,43,116,23,21,112,59,92,9,50,106,79" hai3="133,97,93,51,100,64,101,82,14,71,15,58,90"/><W2/><G2/><T91/><D117/><U118/><E109/><V42/><F106/><W72/><G133/><T87/><D121/><U47/><E68/><V129/><F35/><W20/><G71/><T40/><D73/><U29/><E1/><V103/><F112/><W114/><G114/><T122/><D122/><U11/><E125/><V83/><F129/><W66/><G72/><T52/><D67/><N who="3" m="25641" /><G82/><T3/><D3/><U13/><E78/><V95/><F116/><N who="1" m="44585" /><E85/><V22/><F74/><W5/><G15/><T63/><D105/><U61/><E128/><V32/><F32/><W127/><G127/><T46/><D98/><U110/><E110/><V77/><F83/><W84/><G97/><T86/><D86/><U49/><E39/><V25/><F77/><W135/><G135/><T99/><D99/><U80/><E80/><V36/><F79/><W24/><G14/><T62/><D62/><U130/><E38/><V45/><F36/><W60/><G5/><T131/><D131/><U107/><E107/><V120/><F120/><W102/><G60/><T28/><D28/><U89/><E89/><V123/><F123/><W6/><G6/><T56/><D40/><N who="1" m="24807" /><E130/><V8/><F92/><W126/><G126/><T94/><D94/><U75/><E75/><V132/><F132/><W65/><G102/><T53/><D55/><U7/><AGARI ba="0,0" hai="7,11,13,29,30,54,57,61" m="24807,44585" machi="7" ten="30,1100,0" yaku="12,1" doraHai="12" who="1" fromWho="1" sc="233,-3,276,11,256,-3,235,-5" /><INIT seed="4,0,0,2,0,3" ten="230,287,253,230" oya="0" hai0="31,120,102,84,105,92,27,14,121,9,80,82,109" hai1="115,110,113,35,11,8,122,86,52,99,58,123,114" hai2="104,130,37,29,1,61,18,131,33,70,117,28,68" hai3="96,12,26,54,42,19,40,116,83,85,71,46,16"/><T51/><D105/><U67/><E35/><V47/><F104/><W125/><G71/><T129/><D129/><U69/><E110/><V10/><F18/><W106/><G116/><T49/><D109/><U50/><E99/><V95/><F95/><W76/><G125/><T134/><D134/><U103/><E103/><V45/><F117/><W132/><G132/><T36/><D36/><U4/><E86/><V41/><F61/><W13/><G26/><T38/><D38/><U127/><E127/><V112/><F112/><W15/><G54/><T44/><D120/><N who="1" m="46123" /><E4/><V59/><F59/><W55/><G55/><N who="0" m="30119" /><D51/><U6/><E6/><V2/><F37/><W57/><G57/><T111/><D121/><U89/><E89/><V98/><F98/><W97/><G97/><N who="0" m="59687" /><D84/><U119/><E119/><V0/><F0/><W87/><G87/><T79/><D79/><U60/><AGARI ba="0,0" hai="8,11,50,52,58,60,67,69,113,114,115" m="46123" machi="60" ten="40,5200,0" yaku="15,1,11,1,54,1" doraHai="3" who="1" fromWho="1" sc="230,-26,287,52,253,-13,230,-13" owari="204,-29.6,339,43.9,240,4.0,217,-18.3" /></mjloggm>