<mjloggm ver="2.3"><GO type="225" lobby="0"/><UN n0="%E3%81%BF%E3%81%BF%E3%81%9A" n1="%E9%97%98%E5%B0%86%E3%81%A0%E3%82%93%E3%81%A7%E3%81%83" n2="%E3%81%B5%E3%81%98%E3%81%8B%E3%81%A4" n3="%E6%B0%B7%E5%B7%9D%E9%87%8C%E5%A5%88" dan="17,16,16,16" rate="2279.28,2134.90,2189.88,2085.49" sx="M,M,M,F"/><TAIKYOKU oya="0"/><INIT seed="0,0,0,1,5,10" ten="250,250,250,250" oya="0" hai0="73,71,77,131,120,62,78,13,104,69,124,108,6" hai1="64,5,33,61,133,126,38,53,18,59,19,28,14" hai2="32,121,2,52,72,34,125,31,9,70,84,4,87" hai3="90,85,132,116,81,67,74,122,97,23,36,44,118"/><T25/><D120/><U47/><E133/><V46/><F121/><W123/><G67/><T105/><D25/><U102/><E126/><V107/><F125/><W45/><G23/><T41/><D41/><U79/><E79/><V29/><F72/><W109/><G36/><T106/><D124/><U40/><E102/><V20/><F70/><W91/><G44/><T88/><D108/><U115/><E115/><V37/><F107/><W39/><G45/><T95/><D131/><U96/><E96/><V135/><F135/><W127/><G39/><T111/><D111/><U11/><E33/><V75/><F75/><W35/><G35/><T66/><D69/><U63/><REACH who="1" step="1"/><E28/><REACH who="1" ten="250,240,250,250" step="2"/><V27/><F31/><W110/><G127/><T58/><D73/><U51/><E51/><V128/><F34/><W24/><G74/><T101/><D101/><U113/><E113/><V1/><F37/><W86/><G132/><T83/><D78/><U112/><E112/><V93/><F32/><W49/><G49/><T15/><D77/><U117/><E117/><V65/><F29/><W48/><G48/><T7/><D105/><U130/><E130/><V0/><F128/><W119/><G97/><T82/><D106/><U68/><AGARI ba="0,1" hai="5,11,14,18,19,38,40,47,53,59,61,63,64,68" machi="68" ten="20,5200,0" yaku="1,1,0,1,7,1,52,1,53,0" doraHai="10" doraHaiUra="92" who="1" fromWho="1" sc="250,-26,240,62,250,-13,250,-13" /><INIT seed="1,0,0,1,3,0" ten="224,302,237,237" oya="1" hai0="115,59,49,84,92,7,101,9,107,75,106,94,24" hai1="81,111,38,34,35,41,102,100,64,79,20,85,22" hai2="125,26,14,117,61,2,47,124,11,114,65,86,39" hai3="5,43,128,36,80,46,87,90,82,50,69,63,25"/><U28/><E111/><V112/><F86/><W15/><G128/><T17/><D75/><U132/><E132/><V3/><F47/><W62/><G36/><T129/><D115/><N who="2" m="44074" /><F39/><W37/><G37/><T33/><D129/><U66/><E38/><V110/><F110/><W96/><G69/><T40/><D101/><U68/><E28/><V72/><F72/><W8/><G96/><T127/><D127/><N who="2" m="48714" /><F117/><W19/><G25/><T16/><D33/><U99/><E85/><V27/><F61/><W109/><G109/><T53/><D40/><U71/><E81/><V122/><F65/><W103/><G103/><T121/><D121/><U104/><E99/><V73/><F73/><W48/><G80/><T44/><D44/><U13/><E79/><V74/><F74/><W70/><G70/><T89/><D92/><U98/><E98/><V60/><F60/><N who="3" m="23083" /><G48/><T1/><REACH who="0" step="1"/><D24/><REACH who="0" ten="214,302,237,237" step="2"/><N who="2" m="9258" /><F122/><W51/><G51/><T57/><D57/><U45/><E45/><V32/><F32/><W31/><G31/><T67/><D67/><U76/><E64/><V113/><F113/><W52/><G43/><T21/><D21/><U108/><E66/><V4/><AGARI ba="0,1" hai="2,3,4,11,14" m="9258,48714,44074" machi="4" ten="40,8000,1" yaku="11,1,18,1,34,2,52,1" doraHai="0" who="2" fromWho="2" sc="214,-20,302,-40,237,90,237,-20" /><INIT seed="2,0,0,0,2,49" ten="194,262,327,217" oya="2" hai0="58,18,60,5,55,93,31,42,38,82,9,117,66" hai1="8,77,131,80,72,133,50,69,23,47,45,40,79" hai2="64,126,71,57,124,61,85,54,65,11,16,76,30" hai3="1,83,62,116,24,134,101,17,10,109,108,128,113"/><V81/><F30/><W26/><G116/><T37/><D117/><U35/><E35/><V135/><F135/><W111/><G101/><T120/><D120/><U75/><E69/><V70/><F65/><W123/><G83/><T92/><D31/><U2/><E133/><V59/><F59/><W96/><G96/><T22/><D82/><U102/><E131/><V53/><F71/><W125/><G62/><T43/><D37/><U74/><E102/><V12/><REACH who="2" step="1"/><F70/><REACH who="2" ten="194,262,317,217" step="2"/><W34/><G134/><T115/><D115/><U118/><E118/><V28/><F28/><N who="3" m="19719" /><G113/><T99/><D66/><U110/><E110/><V68/><F68/><W19/><G123/><T130/><D130/><U127/><E127/><AGARI ba="0,1" hai="11,12,16,53,54,57,61,64,76,81,85,124,126,127" machi="127" ten="40,12000,1" yaku="1,1,18,1,52,2,54,1,53,0" doraHai="49" doraHaiUra="106" who="2" fromWho="1" sc="194,0,262,-120,317,130,217,0" /><INIT seed="2,1,0,0,4,67" ten="194,142,447,217" oya="2" hai0="25,104,47,121,35,97,92,42,123,85,34,111,40" hai1="132,101,79,74,31,91,9,63,112,117,98,115,60" hai2="11,23,0,14,48,99,122,81,80,96,17,1,131" hai3="66,37,8,110,84,20,36,44,56,58,12,59,41"/><V108/><F122/><W102/><G110/><T75/><D42/><U106/><E117/><V2/><F131/><W45/><G102/><N who="0" m="62543" /><D85/><U86/><E132/><V27/><F108/><W10/><G84/><T116/><D92/><U55/><E31/><V94/><F48/><W62/><G20/><T26/><D111/><U13/><E60/><V3/><N who="2" m="0" /><DORA hai="71" /><V52/><F52/><N who="3" m="34055" /><G12/><T126/><D25/><U18/><E79/><V78/><F94/><W65/><G10/><T28/><D35/><U50/><E63/><V125/><F125/><W39/><G8/><T33/><D33/><U103/><E74/><V113/><F113/><W87/><G87/><T32/><D32/><U30/><E30/><V51/><F51/><N who="3" m="27023" /><G45/><T114/><D114/><U109/><E103/><V5/><F81/><W72/><G72/><T119/><D75/><U54/><E54/><V57/><F80/><W88/><G88/><T124/><D121/><U7/><E7/><V135/><F78/><W127/><G127/><N who="0" m="48683" /><D123/><U68/><E109/><V77/><F96/><W38/><N who="3" m="9216" /><DORA hai="93" /><W73/><G73/><T22/><D34/><U61/><E91/><V107/><F77/><W134/><G134/><T49/><AGARI ba="1,0" hai="22,26,28,40,47,49,116,119" m="48683,62543" machi="49" ten="30,2000,0" yaku="18,1,52,1" doraHai="67,71,93" who="0" fromWho="0" sc="194,23,142,-6,447,-11,217,-6" /><INIT seed="3,0,0,0,3,23" ten="217,136,436,211" oya="3" hai0="55,42,34,12,28,112,62,98,38,87,63,68,13" hai1="52,16,54,125,95,15,49,94,73,108,76,30,131" hai2="80,1,104,64,92,66,26,117,60,123,99,91,116" hai3="115,82,24,109,130,134,0,120,7,113,81,111,88"/><W45/><G120/><T128/><D87/><U119/><E108/><N who="3" m="41546" /><G134/><T84/><D84/><U58/><E131/><V44/><F123/><W11/><G130/><T69/><D98/><U31/><E125/><V32/><F1/><W78/><G45/><T3/><D28/><U61/><E119/><V75/><F44/><W40/><G40/><T105/><D34/><U17/><E76/><V59/><F66/><W22/><G88/><T90/><D90/><U102/><E73/><V67/><F67/><W2/><G2/><T74/><D3/><U85/><E17/><V53/><F64/><W107/><G107/><T127/><D105/><U72/><E72/><V129/><F129/><W114/><G78/><T126/><D42/><U37/><E37/><V133/><F133/><W27/><G22/><T29/><D38/><U10/><E95/><V39/><F39/><W79/><G82/><T70/><D128/><U48/><E48/><V122/><F104/><W124/><G124/><T103/><D127/><U86/><E102/><V43/><F80/><W46/><G46/><T121/><D103/><U97/><E97/><V4/><F99/><W5/><G7/><T18/><D121/><U19/><E94/><V35/><F4/><W14/><G0/><T71/><D126/><U77/><E86/><AGARI ba="0,0" hai="5,11,14,24,27,79,81,86,113,114,115" m="41546" machi="86" ten="40,12000,1" yaku="14,1,10,1,52,2" doraHai="23" who="3" fromWho="1" sc="217,0,136,-120,436,0,211,120" /><INIT seed="3,1,0,1,1,3" ten="217,16,436,331" oya="3" hai0="45,66,17,71,132,81,77,91,119,98,104,134,55" hai1="36,58,16,5,110,75,117,48,95,44,43,76,47" hai2="61,31,2,124,115,40,57,126,22,34,24,11,26" hai3="129,30,87,6,56,23,109,94,111,7,123,59,93"/><W41/><G123/><T135/><D119/><U20/><E110/><N who="3" m="41994" /><G129/><T72/><D17/><U70/><E70/><V118/><F40/><W14/><G41/><T63/><D45/><U105/><E105/><V128/><F118/><W62/><G56/><T18/><D18/><U1/><E117/><V99/><F128/><W116/><G116/><T68/><D55/><U10/><E95/><N who="3" m="36362" /><G87/><T50/><D50/><U46/><E58/><V15/><F115/><W0/><G0/><T29/><D91/><U21/><E21/><V32/><F2/><W53/><G14/><T114/><D29/><U120/><E120/><V52/><F99/><W113/><G113/><T78/><D78/><U69/><E69/><V73/><F73/><W100/><G100/><T122/><D68/><U19/><E20/><V106/><F106/><W82/><G82/><T42/><D42/><U96/><E96/><V49/><F26/><AGARI ba="1,0" hai="6,7,23,26,30,53,59,62" m="36362,41994" machi="26" ten="30,11600,0" yaku="14,1,10,1,52,2" doraHai="3" who="3" fromWho="2" sc="217,0,16,0,436,-119,331,119" owari="217,-18.3,16,-48.4,317,11.7,450,55.0" /></mjloggm>