<mjloggm ver="2.3"><GO type="225" lobby="0"/><UN n0="%E3%81%BF%E3%81%BF%E3%81%9A" n1="%28%EF%BF%A3%E2%96%BD%EF%BF%A3%29%CE%B4%E2%8C%92%E3%83%BB" n2="%E5%BA%83%E7%80%AC%E5%BA%B7%E4%B8%80" n3="%E9%9B%80%E6%A5%B5%E3%81%AE%E3%81%B8" dan="16,16,16,16" rate="2129.14,2151.64,2129.58,2132.23" sx="M,M,M,M"/><TAIKYOKU oya="0"/><INIT seed="0,0,0,4,3,42" ten="250,250,250,250" oya="0" hai0="25,102,67,86,84,50,55,120,21,2,56,11,132" hai1="59,7,77,61,104,105,92,108,19,112,3,27,73" hai2="5,82,134,32,96,135,110,35,36,8,94,85,115" hai3="53,88,74,28,41,90,43,22,23,63,114,58,31"/><T103/><D120/><U83/><E108/><V54/><F115/><W87/><G74/><T46/><D132/><N who="2" m="50730" /><F36/><W98/><G114/><T0/><D0/><U44/><E112/><V6/><F54/><W12/><G98/><T118/><D11/><U47/><E7/><N who="2" m="2571" /><F8/><W57/><G12/><T29/><D118/><U126/><E3/><V95/><F95/><W109/><G109/><T129/><D129/><U1/><E126/><V66/><F66/><W125/><G125/><T64/><D2/><U26/><E1/><V93/><F93/><W34/><G34/><T80/><D86/><U106/><E92/><V52/><F52/><W124/><G124/><T111/><D111/><U131/><E131/><V15/><F15/><W60/><G53/><T79/><REACH who="0" step="1"/><D67/><REACH who="0" ten="240,250,250,250" step="2"/><U78/><E73/><V13/><F110/><W89/><G89/><T40/><D40/><U121/><E77/><N who="2" m="46287" /><F13/><W69/><G87/><T24/><D24/><U116/><E27/><V48/><F48/><W107/><G107/><T76/><D76/><U16/><E26/><V4/><F4/><W99/><G99/><T20/><D20/><U51/><E105/><V75/><F75/><W100/><G100/><AGARI ba="0,1" hai="32,35,94,96,100" m="46287,2571,50730" machi="100" ten="30,1000,0" yaku="20,1" doraHai="42" who="2" fromWho="3" sc="240,0,250,0,250,20,250,-10" /><INIT seed="1,0,0,4,0,86" ten="240,250,270,240" oya="1" hai0="104,119,37,51,134,102,76,121,4,38,15,74,32" hai1="42,113,115,116,58,25,12,49,52,89,5,65,22" hai2="27,48,123,110,14,125,28,127,53,30,99,106,71" hai3="75,66,45,112,131,39,94,34,124,73,82,70,3"/><U29/><E116/><V23/><F123/><W46/><G34/><T0/><D119/><U60/><E42/><V35/><F71/><W26/><G112/><T90/><D51/><U6/><E115/><V55/><F110/><W107/><G107/><T133/><D15/><U130/><E113/><V19/><F30/><W111/><G3/><T91/><D32/><U80/><E130/><V69/><F69/><W63/><G124/><N who="2" m="47689" /><F48/><W117/><G39/><T24/><D24/><U103/><E103/><AGARI ba="0,0" hai="14,19,23,27,28,35,53,55,99,103,106" m="47689" machi="103" ten="30,1000,0" yaku="18,1" doraHai="86" who="2" fromWho="1" sc="240,0,250,-10,270,10,240,0" /><INIT seed="2,0,0,4,3,18" ten="240,240,280,240" oya="2" hai0="5,36,51,22,128,8,107,84,20,68,127,104,103" hai1="60,12,23,17,100,126,39,81,25,98,114,58,123" hai2="16,19,64,119,69,21,76,1,72,66,43,2,118" hai3="110,115,85,94,108,28,125,42,131,55,99,50,117"/><V78/><F43/><W92/><G117/><T24/><D36/><U120/><E39/><V57/><F57/><W101/><G131/><T40/><D68/><U32/><E114/><V79/><F72/><W105/><G115/><T124/><D128/><U129/><E129/><V111/><F111/><N who="3" m="42539" /><G125/><N who="0" m="48203" /><D84/><U73/><E126/><V87/><F87/><W83/><G28/><T89/><D89/><U4/><E81/><V135/><F79/><N who="3" m="46335" /><G42/><T11/><D24/><U31/><E4/><V13/><F13/><W90/><G90/><T38/><D38/><U95/><REACH who="1" step="1"/><E73/><REACH who="1" ten="240,230,280,240" step="2"/><V48/><F119/><W75/><G75/><T132/><D132/><U74/><E74/><V49/><F118/><W30/><G30/><T59/><D5/><U10/><E10/><V41/><F135/><W80/><G80/><T54/><D8/><U112/><E112/><V130/><F130/><W102/><G102/><T6/><D103/><U116/><E116/><V37/><F37/><W35/><G35/><T106/><D40/><U134/><E134/><V109/><F41/><W63/><G63/><T15/><AGARI ba="0,1" hai="6,11,15,20,22,51,54,59,104,106,107" m="48203" machi="15" ten="40,5200,0" yaku="18,1,52,2" doraHai="18" who="0" fromWho="0" sc="240,62,230,-13,280,-26,240,-13" /><INIT seed="3,0,0,4,4,19" ten="302,217,254,227" oya="3" hai0="24,88,110,92,1,10,46,21,53,73,27,66,105" hai1="103,82,14,59,113,28,52,31,61,54,86,15,83" hai2="114,94,122,6,32,7,98,125,65,91,121,85,62" hai3="102,111,64,17,89,97,39,23,67,0,35,90,12"/><W30/><G39/><T123/><D105/><U68/><E113/><V131/><F114/><W84/><G0/><T100/><D123/><N who="2" m="47114" /><F131/><W135/><G135/><T95/><D73/><U44/><E68/><N who="2" m="42039" /><F125/><W58/><G111/><T50/><D110/><U124/><E124/><V69/><F69/><W118/><G118/><T130/><D130/><U107/><E107/><V106/><F32/><W87/><G30/><N who="1" m="11306" /><E103/><AGARI ba="0,0" hai="6,7,85,91,94,98,103,106" m="42039,47114" machi="103" ten="30,1000,0" yaku="13,1" doraHai="19" who="2" fromWho="1" sc="302,0,217,-10,254,10,227,0" owari="302,40.2,207,-29.3,264,6.4,227,-17.3" /></mjloggm>