<mjloggm ver="2.3"><GO type="225" lobby="0"/><UN n0="%33%74%72%65%65" n1="%E3%81%B5%E3%81%98%E3%81%8B%E3%81%A4" n2="%6D%79%6D%65%6C%6F%58%58" n3="%E6%B4%BE%E9%81%A3%E3%81%AE%E3%82%B8%E3%83%A3%E3%83%83%E3%82%AF" dan="16,16,16,17" rate="2113.42,2167.39,2125.21,2205.89" sx="F,M,F,M"/><TAIKYOKU oya="0"/><INIT seed="0,0,0,3,4,53" ten="250,250,250,250" oya="0" hai0="27,103,64,30,40,126,2,13,129,104,120,78,133" hai1="50,0,94,8,31,48,89,111,134,42,130,29,9" hai2="113,96,49,37,67,132,7,12,15,101,38,106,14" hai3="57,34,21,88,1,118,95,52,99,46,61,84,32"/><T114/><D114/><U18/><E134/><V102/><F113/><W85/><G1/><T124/><D2/><U117/><E117/><V43/><F132/><W91/><G118/><T70/><D129/><U135/><E135/><V71/><F7/><W69/><G69/><T58/><D120/><U121/><E130/><V68/><F102/><W115/><G115/><T72/><D40/><U107/><E107/><V131/><F131/><W100/><G46/><T44/><D44/><U125/><E125/><V98/><F98/><W110/><G110/><T74/><D13/><U92/><E0/><V20/><F49/><W16/><G32/><N who="0" m="20575" /><D133/><U59/><E121/><V17/><F43/><W119/><G34/><T36/><D36/><U79/><E79/><V35/><F35/><W122/><G119/><T116/><D116/><U3/><E3/><V54/><F71/><W5/><G5/><T87/><D70/><U81/><E111/><V45/><F45/><W51/><G51/><N who="1" m="19498" /><E59/><V80/><F54/><W41/><G41/><T19/><D124/><U39/><E39/><V25/><F67/><W26/><G122/><T47/><D47/><U4/><E42/><V63/><F68/><W105/><G91/><T77/><D77/><U75/><E18/><V76/><REACH who="2" step="1"/><F63/><REACH who="2" ten="250,250,240,250" step="2"/><W62/><G61/><N who="0" m="37943" /><D126/><U23/><E4/><V33/><F33/><W93/><G105/><T60/><D104/><U11/><E75/><AGARI ba="0,1" hai="12,14,15,17,20,25,37,38,75,76,80,96,101,106" machi="75" ten="40,1300,0" yaku="1,1,53,0" doraHai="53" doraHaiUra="128" who="2" fromWho="1" sc="250,0,250,-13,240,23,250,0" /><INIT seed="1,0,0,5,4,19" ten="250,237,263,250" oya="1" hai0="21,52,118,1,70,93,71,116,18,124,37,126,29" hai1="109,119,67,94,8,108,123,44,110,96,56,131,78" hai2="22,16,20,26,11,92,36,82,85,63,65,28,114" hai3="10,64,2,7,24,105,60,90,54,102,76,66,41"/><U13/><E119/><N who="0" m="45609" /><D37/><U79/><E123/><V129/><F36/><W58/><G76/><T74/><D74/><U81/><E131/><V46/><F129/><W17/><G41/><T51/><D93/><U122/><E122/><V69/><F46/><W9/><G105/><T57/><D29/><U47/><E67/><V49/><F49/><W43/><G43/><T75/><D1/><U39/><E56/><V25/><F114/><W95/><G102/><T120/><D75/><U98/><E39/><V12/><F92/><W100/><G100/><T23/><D120/><U73/><E79/><V83/><REACH who="2" step="1"/><F85/><REACH who="2" ten="250,237,253,250" step="2"/><W42/><G42/><T55/><D51/><U84/><E84/><V106/><F106/><W125/><G125/><T104/><D104/><U128/><E128/><V135/><F135/><W101/><G95/><T72/><D72/><U40/><E40/><V45/><F45/><N who="1" m="17481" /><E94/><V32/><F32/><W107/><G107/><T88/><D126/><U130/><E130/><V14/><F14/><W53/><G2/><T97/><D124/><U117/><E117/><V48/><F48/><W34/><G34/><T0/><D0/><U112/><E112/><V87/><F87/><W111/><G60/><T35/><D35/><U86/><E73/><V4/><AGARI ba="0,1" hai="4,11,12,16,20,22,25,26,28,63,65,69,82,83" machi="4" ten="20,12000,2" yaku="1,1,0,1,7,1,52,2,54,1,53,1" doraHai="19" doraHaiUra="3" who="2" fromWho="2" sc="250,-30,237,-60,253,130,250,-30" /><INIT seed="2,0,0,4,0,9" ten="220,177,383,220" oya="2" hai0="23,64,120,31,0,134,121,57,5,25,135,97,35" hai1="133,108,19,98,11,76,6,129,44,34,105,91,118" hai2="114,54,112,26,94,69,20,45,40,104,30,50,89" hai3="21,51,78,109,7,13,62,115,77,55,8,53,84"/><V29/><F104/><W65/><G109/><T58/><D97/><U60/><E118/><V28/><F69/><W42/><G115/><T107/><D107/><U37/><E34/><V39/><F114/><W131/><G131/><T10/><D64/><U1/><E108/><V119/><F119/><W27/><G42/><T74/><D74/><U14/><E129/><V32/><F32/><W126/><G126/><T99/><D99/><U113/><E133/><N who="0" m="50697" /><D35/><U72/><E113/><V93/><F93/><W17/><G84/><T92/><D92/><U124/><E124/><V125/><F112/><W85/><G85/><T100/><D100/><U106/><E60/><V73/><F125/><W36/><G36/><T41/><D41/><U90/><E37/><V130/><F73/><W110/><G110/><T79/><D79/><N who="3" m="30217" /><G51/><T82/><D82/><U71/><E71/><V52/><F130/><W61/><G65/><T81/><D81/><U66/><E66/><V33/><F33/><W75/><G75/><T38/><D38/><U67/><E67/><V68/><F68/><W46/><G46/><T122/><AGARI ba="0,0" hai="0,5,10,23,25,31,57,58,120,121,122" m="50697" machi="122" ten="40,1500,0" yaku="20,1" doraHai="9" who="0" fromWho="0" sc="220,15,177,-4,383,-7,220,-4" /><INIT seed="3,0,0,5,3,4" ten="235,173,376,216" oya="3" hai0="15,124,103,86,104,118,34,61,133,26,59,110,91" hai1="52,42,99,120,80,96,72,48,20,108,27,13,32" hai2="88,44,38,81,8,75,135,14,89,85,16,7,126" hai3="73,50,87,55,114,69,76,45,113,128,125,65,78"/><W12/><G73/><T109/><D118/><U115/><E115/><V57/><F75/><W95/><G69/><T36/><D36/><U112/><E112/><V93/><F126/><W82/><G65/><T111/><D133/><U10/><E108/><V22/><F135/><W23/><G78/><T116/><D116/><U70/><E120/><V41/><F57/><W21/><G125/><T37/><D37/><U43/><E70/><V40/><F40/><N who="1" m="15401" /><E72/><V66/><F66/><W60/><G60/><T92/><D124/><U19/><E32/><V106/><F106/><W127/><G127/><T97/><D34/><U134/><E134/><V94/><F89/><W131/><G95/><T5/><D26/><AGARI ba="0,0" hai="7,8,14,16,22,26,38,41,44,81,85,88,93,94" machi="26" ten="30,7700,0" yaku="7,1,52,1,54,2" doraHai="4" who="2" fromWho="0" sc="235,-77,173,0,376,77,216,0" owari="158,-34.2,173,-22.7,453,55.3,216,1.6" /></mjloggm>