<mjloggm ver="2.3"><GO type="225" lobby="0"/><UN n0="%E6%98%93%E5%88%A9%E8%96%A9%E4%BC%AF" n1="%6D%75%75%73%61%6E%6D%75" n2="%72%69%6F%75%63%68%61%6E" n3="%E3%81%8B%E3%82%8F%E3%81%A1%E3%82%83%E3%82%93%35%38" dan="16,17,16,16" rate="2092.22,2146.19,2195.08,2176.35" sx="F,F,M,M"/><TAIKYOKU oya="0"/><INIT seed="0,0,0,1,4,45" ten="250,250,250,250" oya="0" hai0="46,30,28,109,59,7,121,80,8,94,131,13,93" hai1="16,21,106,27,111,122,26,64,18,86,129,17,65" hai2="100,116,74,130,47,70,33,54,20,85,42,92,110" hai3="68,89,84,50,112,19,56,32,22,44,66,9,25"/><T87/><D121/><U127/><E122/><V61/><F33/><W60/><G112/><T63/><D131/><U117/><E117/><V90/><F130/><W114/><G114/><T49/><D109/><U126/><E106/><V57/><F110/><W55/><G32/><T128/><D128/><U51/><E129/><V91/><F116/><W1/><G1/><T102/><D28/><U132/><E111/><V4/><F74/><W14/><G68/><T31/><D31/><U52/><E132/><V6/><F70/><W115/><G115/><T48/><D30/><N who="1" m="17743" /><E27/><V113/><F113/><W39/><G39/><T120/><D120/><U104/><E104/><V67/><F100/><W95/><REACH who="3" step="1"/><G25/><REACH who="3" ten="250,250,250,240" step="2"/><T83/><D83/><U78/><E127/><V76/><F76/><W99/><G99/><T75/><D75/><U37/><E37/><V97/><F20/><AGARI ba="0,1" hai="9,14,19,20,22,44,50,55,56,60,66,84,89,95" machi="20" ten="40,5200,0" yaku="1,1,8,1,52,1,53,0" doraHai="45" doraHaiUra="108" who="3" fromWho="2" sc="250,0,250,0,250,-52,240,62" /><INIT seed="1,0,0,2,2,54" ten="250,250,198,302" oya="1" hai0="10,134,94,120,68,113,59,102,8,112,93,42,131" hai1="41,75,70,57,79,119,51,63,9,80,27,12,29" hai2="25,24,18,58,53,133,128,40,67,78,52,30,50" hai3="14,17,13,46,118,0,7,62,47,28,105,98,71"/><U104/><E119/><V130/><F133/><W85/><G0/><T103/><D68/><U117/><E117/><V126/><F126/><W114/><G114/><T124/><D131/><N who="2" m="50218" /><F78/><W135/><G28/><T123/><D42/><U37/><E104/><V3/><F3/><W91/><G7/><T81/><D81/><U1/><E1/><V55/><F40/><W84/><G105/><T4/><D4/><U100/><E37/><V69/><F18/><W49/><G98/><T33/><D33/><U38/><E38/><V73/><F73/><W21/><G17/><T122/><D134/><U92/><E70/><V64/><F24/><W111/><G13/><T97/><D124/><U36/><E36/><V88/><F88/><W89/><G14/><T65/><D10/><U2/><E2/><V101/><F101/><N who="0" m="38410" /><D8/><U43/><E100/><V66/><F69/><W99/><G91/><N who="0" m="55487" /><D94/><U83/><E92/><V56/><F50/><W121/><G49/><T116/><D116/><U72/><E51/><V87/><F87/><N who="3" m="33355" /><G118/><T31/><D31/><U61/><E75/><V39/><F39/><W76/><G135/><T107/><D107/><U96/><E72/><V32/><AGARI ba="0,0" hai="25,30,32,52,53,55,56,58,64,66,67" m="50218" machi="32" ten="40,8000,1" yaku="19,1,52,2,54,1" doraHai="54" who="2" fromWho="2" sc="250,-20,250,-40,198,80,302,-20" /><INIT seed="2,0,0,1,5,90" ten="230,210,278,282" oya="2" hai0="51,23,18,113,30,72,28,50,94,5,67,73,116" hai1="44,104,19,46,79,47,22,41,119,0,10,54,115" hai2="64,62,1,60,129,92,56,21,20,88,65,32,99" hai3="96,69,7,109,89,52,120,110,25,42,49,66,122"/><V93/><F1/><W100/><G7/><T76/><D113/><U83/><E115/><V17/><F32/><W70/><G25/><T117/><D5/><U3/><E119/><N who="0" m="45641" /><D67/><U131/><E104/><V15/><F129/><W134/><G89/><T36/><D36/><U9/><E131/><V114/><F114/><W130/><G130/><T61/><D61/><U128/><E128/><V95/><F20/><W106/><G42/><T38/><D38/><U37/><E3/><V77/><F77/><W111/><G134/><T8/><D8/><U127/><E127/><V26/><F26/><W135/><G135/><T108/><D94/><U48/><E0/><V59/><AGARI ba="0,0" hai="15,17,21,56,59,60,62,64,65,88,92,93,95,99" machi="59" ten="20,24000,3" yaku="0,1,7,1,9,1,8,1,52,3,54,1" doraHai="90" who="2" fromWho="2" sc="230,-80,210,-80,278,240,282,-80" /><INIT seed="2,1,0,3,4,125" ten="150,130,518,202" oya="2" hai0="109,61,10,78,12,110,134,5,26,121,81,91,95" hai1="16,113,48,60,1,114,50,106,98,123,23,105,102" hai2="89,39,92,9,119,107,28,11,6,122,133,35,77" hai3="80,42,51,63,17,85,90,37,70,124,30,132,69"/><V72/><F119/><W108/><G37/><T97/><D121/><U7/><E123/><V19/><F122/><W129/><G30/><T8/><D134/><U117/><E117/><V64/><F39/><W54/><G42/><T73/><D26/><U112/><E106/><V34/><F107/><W86/><G63/><T46/><D46/><U65/><E7/><V22/><F133/><W87/><G132/><T20/><D20/><U58/><REACH who="1" step="1"/><E1/><REACH who="1" ten="150,120,518,202" step="2"/><V3/><F6/><W13/><G124/><T120/><D120/><U43/><E43/><V128/><F3/><W29/><G108/><T135/><D135/><U126/><E126/><V74/><F74/><W93/><G129/><T45/><D10/><U56/><E56/><V83/><F72/><W33/><G70/><T75/><D75/><U101/><E101/><V103/><F128/><W79/><G69/><T0/><D0/><U52/><E52/><V21/><F103/><W67/><G54/><T127/><D127/><U18/><E18/><V15/><F19/><W94/><G17/><T27/><D45/><U104/><E104/><V84/><F9/><W62/><G29/><T53/><REACH who="0" step="1"/><D27/><AGARI ba="1,1" hai="16,23,27,48,50,58,60,65,98,102,105,112,113,114" machi="27" ten="40,2600,0" yaku="1,1,54,1,53,0" doraHai="125" doraHaiUra="49" who="1" fromWho="0" sc="150,-29,120,39,518,0,202,0" /><INIT seed="3,0,0,3,0,80" ten="121,159,518,202" oya="3" hai0="23,130,73,51,43,62,90,70,8,106,84,52,77" hai1="59,83,98,122,97,39,28,42,66,0,99,63,114" hai2="10,101,133,12,79,104,50,127,27,107,44,55,89" hai3="68,112,19,14,16,36,7,24,34,20,58,82,33"/><W120/><G68/><T49/><D106/><U1/><E114/><V22/><F101/><W96/><G36/><T17/><D130/><U30/><E122/><V94/><F79/><W87/><G112/><T124/><D124/><U78/><E42/><V85/><F127/><W102/><G7/><T45/><D8/><U111/><E39/><V32/><F32/><W75/><G75/><T126/><D126/><U48/><E48/><V135/><F12/><W71/><G71/><T29/><D29/><U86/><REACH who="1" step="1"/><E111/><REACH who="1" ten="121,149,518,202" step="2"/><V37/><F10/><W129/><G120/><T118/><D118/><U121/><E121/><V119/><F85/><W61/><G87/><T69/><D73/><U11/><E11/><V64/><F89/><W4/><G129/><T117/><D117/><U21/><E21/><V134/><F94/><W56/><G33/><T25/><D62/><U38/><E38/><V105/><F55/><W108/><G34/><T92/><REACH who="0" step="1"/><D77/><REACH who="0" ten="111,149,518,202" step="2"/><U93/><E93/><V132/><F37/><W65/><G61/><T91/><D91/><U53/><E53/><N who="2" m="29895" /><F119/><W74/><G74/><T113/><D113/><U81/><E81/><V2/><F135/><W72/><G82/><T15/><D15/><U6/><E6/><V110/><F110/><W95/><G4/><T88/><D88/><U109/><E109/><V131/><F131/><W67/><G72/><T41/><D41/><U26/><E26/><V128/><F128/><W57/><G108/><T47/><AGARI ba="0,2" hai="17,23,25,43,45,47,49,51,52,69,70,84,90,92" machi="47" ten="20,8000,1" yaku="1,1,0,1,7,1,52,1,54,1,53,0" doraHai="80" doraHaiUra="116" who="0" fromWho="0" sc="111,100,149,-20,518,-20,202,-40" owari="211,1.1,129,-37.1,498,59.8,162,-23.8" /></mjloggm>