<mjloggm ver="2.3"><GO type="225" lobby="0"/><UN n0="%E6%B5%81%E3%82%8C%EF%BC%9F%53%4F%41" n1="%E3%83%A9%E3%82%A4%E3%83%B3%E3%81%AE%E8%99%8E" n2="%E5%8D%A0%E3%81%84%E5%B8%AB%E8%A3%8F%E3%81%AA%E3%81%84%E3%81%97" n3="%30%2E%31%32%30" dan="16,16,17,16" rate="2207.49,2102.39,2190.13,2140.33" sx="M,M,M,M"/><TAIKYOKU oya="0"/><INIT seed="0,0,0,2,5,59" ten="250,250,250,250" oya="0" hai0="11,122,62,34,94,75,110,42,60,26,2,114,92" hai1="30,3,116,101,19,86,56,73,5,4,128,57,91" hai2="35,85,10,6,21,103,117,51,120,123,125,45,82" hai3="97,9,121,43,52,100,96,36,90,133,15,63,109"/><T61/><D114/><U74/><E116/><V69/><F35/><W22/><G109/><T79/><D122/><U17/><E101/><V87/><F125/><W113/><G133/><T20/><D34/><U55/><E30/><V40/><F117/><W134/><G134/><T68/><D68/><U80/><E128/><V119/><F119/><W106/><G22/><T72/><D110/><U98/><E98/><V49/><F103/><W78/><G78/><T41/><D72/><U32/><E32/><V102/><F102/><W0/><G0/><T64/><D64/><U38/><E38/><V76/><F69/><W89/><G121/><T105/><D105/><U46/><E73/><V1/><F85/><W71/><G113/><T16/><D75/><U129/><E129/><V107/><F107/><W104/><G104/><T135/><D79/><U29/><E29/><V24/><REACH who="2" step="1"/><F51/><REACH who="2" ten="250,250,240,250" step="2"/><W130/><G130/><T13/><D135/><U127/><E127/><V50/><F50/><W66/><G97/><T8/><D2/><U25/><E74/><V44/><F44/><W84/><G84/><T27/><D27/><U37/><E86/><V108/><F108/><W81/><G96/><T70/><D70/><U83/><E46/><V39/><F39/><W115/><G100/><T95/><REACH who="0" step="1"/><D8/><REACH who="0" ten="240,250,240,250" step="2"/><U12/><E25/><V48/><F48/><W124/><G106/><T28/><AGARI ba="0,2" hai="11,13,16,20,26,28,41,42,60,61,62,92,94,95" machi="28" ten="30,24000,3" yaku="1,1,2,1,0,1,8,1,52,3,54,1,53,0" doraHai="59" doraHaiUra="118" who="0" fromWho="0" sc="240,260,250,-80,240,-80,250,-80" /><INIT seed="0,1,0,3,0,24" ten="500,170,160,170" oya="0" hai0="109,113,4,71,83,31,98,88,49,70,46,81,99" hai1="15,5,127,38,53,61,35,2,79,45,78,11,65" hai2="117,131,44,107,124,125,26,77,30,33,82,18,135" hai3="91,7,84,86,28,74,66,100,126,16,59,62,94"/><T27/><D113/><U10/><E127/><N who="2" m="48715" /><F107/><W50/><G74/><T110/><D4/><U90/><E35/><V67/><F117/><W20/><G126/><T56/><D56/><U41/><E53/><V6/><F135/><W134/><G134/><T19/><D19/><U12/><E90/><V115/><F115/><W114/><G114/><T68/><D81/><U48/><E38/><V102/><F102/><W129/><G129/><T85/><D98/><U52/><E41/><V8/><F131/><W93/><G7/><T111/><D99/><U39/><E39/><V118/><F44/><W29/><G50/><T34/><D68/><U122/><E122/><V130/><F67/><W21/><G21/><T54/><AGARI ba="1,0" hai="27,31,34,46,49,54,70,71,83,85,88,109,110,111" machi="54" ten="30,12000,1" yaku="0,1,14,1,10,1,52,1,54,1" doraHai="24" who="0" fromWho="0" sc="500,123,170,-41,160,-41,170,-41" /><INIT seed="0,2,0,2,0,48" ten="623,129,119,129" oya="0" hai0="121,43,35,67,92,49,22,90,33,39,115,58,116" hai1="78,103,109,2,81,0,61,117,53,4,70,94,3" hai2="100,36,15,111,32,82,66,46,119,21,7,5,50" hai3="60,19,69,120,132,128,133,79,134,118,101,126,105"/><T40/><D115/><U59/><E117/><V107/><F111/><W30/><G118/><T12/><D121/><U9/><E109/><V52/><F32/><W88/><G120/><T44/><D33/><U131/><E131/><V37/><F119/><W135/><G79/><T99/><D35/><U18/><E18/><V11/><F66/><N who="3" m="41159" /><G128/><T124/><D124/><U125/><E125/><V41/><F107/><W47/><N who="3" m="33792" /><DORA hai="74" /><W51/><G30/><T26/><D12/><U16/><E70/><V114/><F100/><W72/><G72/><T113/><D113/><U75/><REACH who="1" step="1"/><E16/><REACH who="1" ten="623,119,119,129" step="2"/><V31/><F114/><W80/><G126/><T85/><D116/><U102/><E102/><V86/><F5/><W123/><G19/><T76/><D26/><U108/><E108/><V71/><F71/><W42/><G123/><T73/><D73/><U97/><AGARI ba="2,1" hai="0,2,3,4,9,53,59,61,75,78,81,94,97,103" machi="97" ten="30,7900,0" yaku="1,1,0,1,52,2,53,0" doraHai="48,74" doraHaiUra="63,14" who="1" fromWho="1" sc="623,-41,119,95,119,-22,129,-22" /><INIT seed="1,0,0,0,2,130" ten="582,214,97,107" oya="1" hai0="31,121,93,41,98,116,126,57,28,118,67,10,26" hai1="109,3,105,36,89,21,75,127,92,20,14,45,44" hai2="135,51,66,91,70,102,88,84,61,39,73,62,134" hai3="56,82,55,77,69,72,6,112,5,80,13,52,48"/><U33/><E3/><V1/><F39/><W97/><G112/><T108/><D108/><U71/><E33/><V76/><F1/><W83/><G69/><T22/><D126/><U111/><E71/><V54/><F102/><W0/><G0/><T59/><D121/><U104/><E75/><V43/><F73/><W106/><G55/><T107/><D107/><U8/><E127/><V11/><F11/><W46/><G46/><N who="1" m="18026" /><E36/><V7/><F7/><W37/><G37/><T50/><D41/><U42/><E42/><V30/><F43/><W79/><G13/><T123/><D123/><U131/><E131/><V18/><F61/><W129/><G129/><T53/><D10/><U133/><E20/><V4/><F4/><W78/><REACH who="3" step="1"/><G72/><REACH who="3" ten="582,214,97,97" step="2"/><T2/><D2/><U15/><E15/><V94/><F30/><W100/><AGARI ba="0,1" hai="5,6,48,52,56,77,78,79,80,82,83,97,100,106" machi="100" ten="40,8000,1" yaku="1,1,2,1,0,1,54,1,53,0" doraHai="130" doraHaiUra="27" who="3" fromWho="3" sc="582,-20,214,-40,97,-20,97,90" /><INIT seed="2,0,0,3,3,83" ten="562,174,77,187" oya="2" hai0="89,48,25,88,53,13,123,80,71,81,112,79,39" hai1="21,61,8,125,106,1,54,94,121,43,3,35,92" hai2="105,76,37,114,20,55,24,68,45,41,19,126,36" hai3="60,100,93,6,29,98,103,109,87,116,40,34,4"/><V127/><F114/><W82/><G116/><T28/><D123/><U27/><E106/><V62/><F105/><W66/><G40/><T11/><D39/><U72/><E72/><V23/><F76/><W17/><G103/><T50/><D71/><U108/><E35/><V124/><F36/><W22/><G29/><T118/><D118/><U7/><E1/><V77/><F77/><W117/><G34/><T73/><D48/><U38/><E121/><V107/><F107/><W119/><G109/><T67/><D67/><U57/><E125/><V31/><F55/><W95/><G95/><T120/><D80/><U90/><E108/><V113/><F113/><W12/><G117/><T133/><D120/><U32/><E32/><V130/><F130/><W122/><G122/><T0/><D0/><U129/><E129/><V47/><F47/><W91/><REACH who="3" step="1"/><G119/><REACH who="3" ten="562,174,77,177" step="2"/><T64/><D112/><U128/><E128/><V111/><F111/><W5/><G5/><T96/><D133/><U74/><E94/><V44/><F44/><W58/><AGARI ba="0,1" hai="4,6,12,17,22,58,60,66,82,87,91,93,98,100" machi="58" ten="20,12000,2" yaku="1,1,0,1,7,1,8,1,52,1,53,1" doraHai="83" doraHaiUra="99" who="3" fromWho="3" sc="562,-30,174,-30,77,-60,177,130" /><INIT seed="3,0,0,2,5,67" ten="532,144,17,307" oya="3" hai0="91,16,102,83,112,82,98,48,123,8,1,23,97" hai1="59,7,133,22,17,104,109,120,21,86,75,79,50" hai2="25,89,12,118,37,99,93,70,115,4,47,128,68" hai3="135,85,13,69,73,2,6,126,95,38,14,58,71"/><W103/><G58/><T60/><D123/><U36/><E36/><V72/><F115/><W62/><G85/><T42/><D112/><U114/><E75/><V94/><F118/><W56/><G56/><T129/><D60/><U116/><E104/><V113/><F113/><W29/><G62/><T66/><D66/><U5/><E133/><V45/><F72/><W108/><G38/><T87/><D82/><U54/><E109/><V74/><F74/><W80/><G80/><T101/><D1/><U107/><E107/><V44/><F37/><W81/><G81/><T111/><D8/><U11/><E120/><V33/><F128/><W90/><G73/><T122/><D111/><U35/><E35/><V124/><F124/><W0/><G108/><T15/><D129/><U55/><E116/><V121/><F121/><W30/><G95/><T100/><D122/><U28/><E86/><V3/><F3/><W34/><G90/><T134/><D134/><U46/><E79/><V106/><F106/><W96/><G96/><T110/><D110/><U130/><E130/><V78/><F78/><W32/><G6/><T117/><D117/><U31/><E5/><V40/><F40/><W18/><G135/><T92/><D97/><U76/><E7/><V24/><F94/><W51/><G51/><T41/><D41/><U27/><E76/><V65/><F65/><W10/><G10/><T127/><D127/><U125/><E114/><V49/><F49/><W52/><G126/><T43/><D43/><U64/><E125/><V84/><F99/><W132/><G132/><T63/><D63/><RYUUKYOKU ba="0,0" sc="532,30,144,-10,17,-10,307,-10" hai0="15,16,23,42,48,83,87,91,92,98,100,101,102" owari="562,66.2,134,-26.6,7,-49.3,297,9.7" /></mjloggm>