<mjloggm ver="2.3"><GO type="225" lobby="0"/><UN n0="%E3%81%A9%E3%82%8F%E3%82%93%E3%81%94" n1="%E3%81%B7%E3%82%8A%E3%82%93%E8%81%96%E4%BA%BA" n2="%73%75%7A%75%6D%65%33" n3="%E3%81%AF%E3%82%88%E3%81%8A%E3%81%98%E3%81%95%E3%82%93" dan="16,16,16,16" rate="2174.54,2106.43,2180.72,2140.06" sx="M,M,M,M"/><TAIKYOKU oya="0"/><INIT seed="0,0,0,2,3,1" ten="250,250,250,250" oya="0" hai0="73,14,129,103,26,0,124,98,54,10,113,5,125" hai1="64,68,132,91,94,85,133,42,50,111,70,59,90" hai2="131,102,80,117,32,110,16,123,56,48,126,6,79" hai3="35,58,95,105,31,107,72,38,88,46,65,92,101"/><T112/><D73/><U30/><E30/><V82/><F123/><W120/><G72/><T18/><D54/><U17/><E111/><V24/><F110/><W47/><G120/><T97/><D98/><U57/><E42/><V83/><F126/><N who="0" m="48746" /><D129/><U89/><E50/><V122/><F122/><W135/><G135/><N who="1" m="51786" /><E17/><V116/><F102/><W39/><G101/><T87/><D87/><U108/><E108/><V23/><F32/><W51/><G35/><T99/><D97/><U36/><E36/><V119/><F131/><W128/><G128/><T55/><D55/><U118/><E118/><V63/><F48/><W19/><G51/><T7/><D26/><U96/><E85/><V66/><REACH who="2" step="1"/><F6/><REACH who="2" ten="250,250,240,250" step="2"/><N who="0" m="2058" /><D0/><U104/><E104/><AGARI ba="0,1" hai="10,14,18,99,103,104,112,113" m="2058,48746" machi="104" ten="30,11600,0" yaku="18,1,52,3" doraHai="1" who="0" fromWho="1" sc="250,126,250,-116,240,0,250,0" /><INIT seed="0,1,0,2,0,103" ten="376,134,240,250" oya="0" hai0="107,99,41,48,104,127,117,37,83,35,109,96,58" hai1="10,110,18,119,89,72,68,14,88,47,106,118,71" hai2="90,121,66,114,63,51,19,116,42,84,17,85,128" hai3="75,30,2,80,46,126,54,31,113,22,78,1,11"/><T49/><D117/><U56/><E72/><V45/><F116/><W97/><G113/><T132/><D35/><U77/><E77/><V102/><F114/><W124/><G97/><T76/><D132/><U70/><E110/><V98/><F128/><W20/><G54/><T120/><D37/><U57/><E118/><V62/><F121/><W4/><G46/><T65/><D120/><U81/><E119/><V38/><F38/><W92/><G92/><T87/><D109/><U61/><E47/><V12/><F90/><W100/><G100/><T23/><D41/><U79/><E106/><V123/><F123/><W69/><G69/><T111/><D111/><U115/><E115/><V122/><F122/><W32/><G32/><T134/><D134/><U55/><REACH who="1" step="1"/><E57/><REACH who="1" ten="376,124,240,250" step="2"/><V13/><F45/><W9/><G75/><T0/><D107/><U53/><E53/><V26/><F42/><W21/><G78/><T15/><D104/><U131/><E131/><V125/><F66/><W95/><G80/><T91/><D76/><U67/><E67/><V74/><F74/><W50/><G95/><T44/><D44/><U3/><E3/><V59/><F59/><W34/><G1/><T93/><D0/><U36/><E36/><V16/><F125/><W130/><G130/><T133/><D127/><U60/><E60/><V108/><F63/><W28/><G50/><N who="0" m="19563" /><D133/><U33/><E33/><V29/><F62/><W27/><G124/><T94/><D58/><U6/><E6/><V73/><F73/><W8/><G126/><T7/><D7/><U25/><E25/><V129/><F108/><RYUUKYOKU ba="1,1" sc="376,-15,124,15,240,-15,250,15" hai1="10,14,18,55,56,61,68,70,71,79,81,88,89" hai3="2,4,8,9,11,20,21,22,27,28,30,31,34" /><INIT seed="1,2,1,4,2,121" ten="361,139,225,265" oya="1" hai0="127,112,100,126,32,65,92,111,132,11,35,85,25" hai1="61,59,50,64,133,55,28,72,105,81,38,36,5" hai2="58,117,93,78,94,53,123,45,135,4,0,129,49" hai3="68,84,95,83,101,48,56,75,43,18,20,31,80"/><U104/><E28/><V122/><F117/><W1/><G68/><T46/><D112/><U27/><E27/><V71/><F71/><W54/><G1/><T40/><D65/><U87/><E72/><V41/><F135/><W130/><G130/><T22/><D132/><U2/><E133/><V63/><F129/><W6/><G75/><T24/><D11/><U37/><E5/><V3/><F78/><W34/><G34/><T125/><D111/><U91/><REACH who="1" step="1"/><E2/><REACH who="1" ten="361,129,225,265" step="2"/><V102/><F3/><W10/><G31/><T26/><D25/><U116/><E116/><V89/><F4/><W57/><G6/><T120/><D26/><U79/><E79/><V69/><F0/><W86/><G18/><T90/><D120/><U44/><AGARI ba="2,2" hai="36,37,38,44,50,55,59,61,64,81,87,91,104,105" machi="44" ten="30,3000,0" yaku="1,1,0,1,53,0" doraHai="121" doraHaiUra="13" who="1" fromWho="1" sc="361,-12,129,56,225,-12,265,-12" /><INIT seed="1,3,0,1,3,107" ten="349,185,213,253" oya="1" hai0="117,118,112,26,74,58,106,99,55,6,126,77,110" hai1="7,27,88,9,108,61,68,21,39,37,35,62,69" hai2="82,33,128,91,40,65,75,81,2,115,100,18,20" hai3="133,85,132,44,78,8,28,32,24,50,43,120,53"/><U70/><E35/><V71/><F128/><W11/><G120/><T10/><D112/><U101/><E101/><V124/><F115/><W23/><G32/><T103/><D110/><U17/><E108/><V102/><F124/><W111/><G111/><T13/><D126/><U121/><E121/><V57/><F33/><W97/><G97/><T3/><D26/><U34/><E34/><V96/><F2/><W131/><G131/><T135/><D3/><U72/><E72/><V105/><F71/><W123/><G123/><T49/><REACH who="0" step="1"/><D135/><REACH who="0" ten="339,185,213,253" step="2"/><U1/><E39/><V36/><F36/><W42/><G133/><T59/><D59/><U94/><REACH who="1" step="1"/><E37/><REACH who="1" ten="339,175,213,253" step="2"/><V47/><F102/><W31/><G132/><T134/><D134/><U54/><E54/><V104/><F100/><W0/><G53/><T14/><D14/><U98/><AGARI ba="3,2" hai="1,7,9,17,21,27,61,62,68,69,70,88,94,98" machi="98" ten="30,6000,0" yaku="1,1,0,1,54,1,53,0" doraHai="107" doraHaiUra="25" who="1" fromWho="1" sc="339,-23,175,89,213,-23,253,-23" /><INIT seed="1,4,0,0,0,10" ten="316,264,190,230" oya="1" hai0="71,17,7,59,61,29,5,99,12,87,13,79,54" hai1="123,117,119,18,130,97,41,81,125,0,108,69,105" hai2="131,80,42,98,121,56,65,91,9,102,89,49,26" hai3="96,85,51,14,46,28,78,72,30,133,113,92,93"/><U76/><E69/><V52/><F121/><W45/><G113/><T103/><D71/><U25/><E123/><V58/><F131/><W4/><G72/><T6/><D29/><U37/><E130/><V24/><F42/><W48/><G133/><T21/><D79/><U88/><E0/><V20/><F9/><N who="3" m="4391" /><G48/><T109/><D109/><U8/><E41/><V39/><F39/><W2/><G2/><T118/><D118/><U66/><E37/><V47/><F80/><N who="3" m="47255" /><G92/><N who="0" m="58855" /><D87/><U134/><E134/><V36/><F36/><W38/><G38/><T57/><D59/><U19/><E108/><V135/><F135/><W90/><G46/><T101/><D101/><U110/><E110/><V11/><F47/><W77/><G77/><T32/><D32/><U31/><E76/><V1/><F1/><W126/><G126/><T106/><D106/><U82/><E125/><V116/><F116/><W50/><G50/><T63/><D61/><U111/><E111/><V35/><F35/><W73/><G73/><T70/><D70/><U122/><E105/><V3/><F3/><W75/><G75/><T64/><D64/><U23/><E122/><V94/><F65/><W60/><G60/><T114/><D114/><U53/><E66/><V27/><F58/><W74/><G74/><T34/><D34/><U16/><E117/><V132/><F132/><W15/><G15/><AGARI ba="4,0" hai="5,6,7,12,13,15,17,21,54,57,63" m="58855" machi="15" ten="30,7700,0" yaku="8,1,52,3" doraHai="10" who="0" fromWho="3" sc="316,89,264,0,190,0,230,-89" /><INIT seed="2,0,0,3,4,74" ten="405,264,190,141" oya="2" hai0="50,61,119,23,66,15,117,126,75,104,106,98,10" hai1="101,57,56,103,1,36,8,109,38,85,132,130,107" hai2="2,42,83,78,99,69,58,43,34,55,80,6,90" hai3="91,122,9,128,92,48,14,133,96,71,97,30,113"/><V84/><F34/><W32/><G122/><T39/><D39/><U11/><E132/><V70/><F70/><W76/><G71/><T12/><D75/><U73/><E73/><V114/><F69/><W68/><G68/><T4/><D126/><U67/><E85/><V33/><F33/><W125/><G133/><T124/><D124/><U77/><E130/><V45/><F114/><W59/><G125/><T123/><D123/><U51/><E51/><V52/><F2/><W37/><G37/><T19/><D50/><U79/><E107/><V65/><F6/><W82/><G128/><T62/><D106/><U21/><E21/><V53/><F45/><W18/><G113/><T87/><D87/><U100/><E109/><V7/><F7/><W44/><G32/><T13/><D13/><U60/><E1/><V89/><F83/><W118/><G118/><N who="0" m="45067" /><D66/><U135/><E135/><V64/><F64/><W20/><G59/><T3/><D3/><U17/><E103/><AGARI ba="0,0" hai="4,10,12,15,19,23,61,62,98,103,104" m="45067" machi="103" ten="30,1000,0" yaku="12,1" doraHai="74" who="0" fromWho="1" sc="405,10,264,-10,190,0,141,0" /><INIT seed="3,0,0,2,5,130" ten="415,254,190,141" oya="3" hai0="90,0,121,30,64,105,68,126,59,11,117,39,100" hai1="102,86,76,5,27,33,7,1,28,61,74,40,106" hai2="12,81,31,108,113,53,24,71,104,91,14,49,88" hai3="120,83,124,123,22,13,52,69,36,92,84,118,18"/><W132/><G118/><T79/><D121/><U29/><E28/><V112/><F71/><W47/><G124/><T127/><D39/><U99/><E86/><V67/><F67/><W135/><G69/><T60/><D68/><U56/><E40/><V43/><F43/><W21/><G92/><T128/><D79/><U46/><E46/><V32/><F104/><W107/><G107/><T48/><D117/><U10/><E7/><V115/><F108/><W70/><G70/><T103/><D128/><U8/><E8/><V82/><F82/><W87/><G36/><T119/><D30/><U2/><E61/><V97/><F97/><W80/><G47/><T17/><D105/><U51/><E56/><V94/><F81/><W73/><G73/><T77/><D77/><U89/><E89/><V44/><F94/><W23/><G13/><N who="0" m="7359" /><D0/><U122/><E51/><V55/><F55/><W58/><G18/><T3/><D3/><N who="1" m="319" /><E122/><N who="3" m="46634" /><G83/><AGARI ba="0,0" hai="1,2,27,29,33,74,76,83,99,102,106" m="319" machi="83" ten="30,2000,0" yaku="33,2" doraHai="130" who="1" fromWho="3" sc="415,0,254,20,190,0,141,-20" owari="415,51.5,274,7.4,190,-21.0,121,-37.9" /></mjloggm>