<mjloggm ver="2.3"><GO type="225" lobby="0"/><UN n0="%E6%97%A5%E6%9B%9C%E6%97%A5%E3%82%88%E3%82%8A%E3%81%AE%E4%BD%BF%E8%80%85" n1="%E9%B4%A8%4E%45%47%49" n2="%72%69%6F%75%63%68%61%6E" n3="%4E%55%44%41" dan="16,16,16,17" rate="2148.16,2092.02,2216.44,2156.45" sx="M,M,M,M"/><TAIKYOKU oya="0"/><INIT seed="0,0,0,2,5,89" ten="250,250,250,250" oya="0" hai0="55,18,43,28,4,38,65,37,62,72,93,103,2" hai1="74,16,1,91,99,24,126,31,130,88,76,33,63" hai2="112,73,0,5,27,118,13,50,57,127,17,101,115" hai3="61,41,59,128,45,35,46,26,44,32,75,54,10"/><T86/><D72/><U132/><E126/><V11/><F127/><W7/><G75/><T108/><D28/><U135/><E130/><V83/><F118/><W122/><G128/><T23/><D55/><U49/><E1/><V119/><F119/><W111/><G111/><T121/><D121/><U102/><E49/><V34/><F101/><W67/><G122/><T51/><D51/><U14/><E63/><V120/><F120/><W110/><G110/><T48/><D48/><U82/><E102/><V84/><F73/><W53/><G41/><T3/><D108/><U9/><E99/><V77/><F57/><W117/><G117/><T81/><D4/><U52/><REACH who="1" step="1"/><E52/><REACH who="1" ten="250,240,250,250" step="2"/><V20/><REACH who="2" step="1"/><F50/><REACH who="2" ten="250,240,240,250" step="2"/><W8/><G46/><T87/><D103/><U70/><E70/><V92/><F92/><W47/><G45/><T104/><D93/><U22/><E22/><V96/><F96/><W58/><G47/><T107/><D23/><U19/><E19/><V6/><F6/><W125/><G44/><T124/><D18/><U66/><E66/><V56/><F56/><W98/><G98/><T123/><D65/><U114/><E114/><V134/><F134/><AGARI ba="0,2" hai="9,14,16,24,31,33,74,76,82,88,91,132,134,135" machi="134" ten="40,8000,1" yaku="1,1,20,1,54,2,53,1" doraHai="89" doraHaiUra="15" who="1" fromWho="2" sc="250,0,240,100,240,-80,250,0" /><INIT seed="1,0,0,1,4,24" ten="250,340,160,250" oya="1" hai0="58,131,41,21,39,121,128,76,69,34,135,103,127" hai1="82,130,18,32,99,73,112,132,74,70,54,133,77" hai2="59,17,2,81,57,110,122,87,119,37,105,46,109" hai3="65,113,118,95,45,94,124,63,30,98,68,104,8"/><U86/><E112/><V79/><F119/><W61/><G113/><T42/><D34/><U111/><E70/><V53/><F122/><W13/><G118/><T129/><D69/><U26/><E54/><V134/><F134/><N who="1" m="51817" /><E130/><V90/><F105/><W88/><G124/><T62/><D103/><U43/><E43/><N who="0" m="16393" /><D76/><U93/><E111/><V7/><F37/><W4/><G45/><T38/><D21/><N who="1" m="13623" /><E32/><V83/><F46/><W97/><G63/><T55/><D135/><U47/><E47/><V52/><F17/><W107/><REACH who="3" step="1"/><G30/><REACH who="3" ten="250,340,160,240" step="2"/><T31/><D31/><U85/><E74/><V40/><F40/><W60/><G60/><T56/><D127/><U9/><E9/><N who="2" m="2295" /><F53/><W120/><G120/><T27/><D121/><U44/><E44/><V66/><F52/><W114/><G114/><T10/><D39/><U16/><E16/><V49/><F49/><W19/><G19/><T92/><D38/><U106/><E73/><N who="2" m="43247" /><F66/><W117/><G117/><T14/><D62/><U0/><E0/><V108/><AGARI ba="0,1" hai="57,59,83,87,90,108,109,110" m="43247,2295" machi="108" ten="30,1100,0" yaku="14,1" doraHai="24" who="2" fromWho="2" sc="250,-3,340,-5,160,21,240,-3" /><INIT seed="2,0,0,3,3,42" ten="247,335,181,237" oya="2" hai0="33,101,122,0,104,37,53,46,58,15,94,135,7" hai1="88,109,102,35,71,97,21,89,39,87,124,3,110" hai2="131,121,18,72,50,105,98,126,55,28,14,22,91" hai3="127,133,103,86,51,57,29,70,60,27,30,61,106"/><V120/><F72/><W59/><G133/><T54/><D33/><U2/><E35/><V99/><F126/><W56/><G127/><T9/><D122/><U81/><E71/><V116/><F116/><W38/><G38/><T117/><D104/><U64/><E64/><V90/><F131/><W31/><G70/><T111/><D111/><N who="1" m="42507" /><E39/><V13/><F28/><W1/><G1/><N who="1" m="10" /><E21/><V125/><F125/><W73/><G27/><T134/><D117/><U67/><E67/><V6/><F121/><W62/><G73/><T23/><D37/><U113/><E124/><V129/><F129/><W8/><G8/><T77/><D23/><U128/><E128/><V47/><F120/><W40/><G106/><T49/><D0/><U74/><E74/><V96/><REACH who="2" step="1"/><F105/><REACH who="2" ten="247,335,171,237" step="2"/><W16/><G61/><T43/><D135/><U85/><E113/><V26/><F26/><W92/><G60/><T5/><D134/><U130/><E130/><V83/><F83/><W108/><G62/><T63/><D63/><U69/><E69/><V123/><F123/><W93/><G108/><T52/><D94/><N who="1" m="58679" /><E81/><V20/><F20/><W4/><G31/><T119/><D119/><U41/><E41/><V114/><F114/><W25/><G30/><T82/><D43/><U80/><E80/><V44/><F44/><W45/><G29/><T68/><D46/><U75/><E75/><V12/><F12/><W24/><G24/><T118/><D118/><U17/><E17/><V112/><F112/><W78/><G16/><T11/><D68/><U107/><E107/><V66/><F66/><W19/><G25/><RYUUKYOKU ba="0,1" sc="247,-15,335,15,171,15,237,-15" hai1="85,87,88,89" hai2="6,13,14,18,22,47,50,55,90,91,96,98,99" /><INIT seed="2,1,1,2,2,123" ten="232,350,186,222" oya="2" hai0="118,87,75,71,21,68,80,74,45,72,108,95,19" hai1="101,77,94,78,134,62,29,130,125,99,113,22,56" hai2="1,89,103,98,88,114,14,54,39,82,117,47,97" hai3="58,127,110,24,131,38,28,128,91,30,76,3,41"/><V20/><F114/><W44/><G127/><T43/><D95/><U135/><E130/><N who="3" m="49706" /><G110/><T105/><D108/><U84/><E125/><V25/><F117/><W63/><G3/><T65/><D105/><U61/><E113/><V13/><F1/><W69/><G69/><T5/><D5/><U86/><E62/><V23/><F39/><W70/><G70/><T60/><D118/><U16/><E29/><V129/><F129/><W49/><G76/><N who="1" m="29290" /><E135/><V26/><F82/><W96/><G38/><T132/><D132/><U53/><E134/><V100/><REACH who="2" step="1"/><F54/><REACH who="2" ten="232,350,176,222" step="2"/><N who="3" m="34263" /><G24/><AGARI ba="1,2" hai="16,22,24,53,56,61,84,86,94,99,101" m="29290" machi="24" ten="30,2000,0" yaku="8,1,54,1" doraHai="123" who="1" fromWho="3" sc="232,0,350,43,176,0,222,-23" /><INIT seed="3,0,0,1,4,47" ten="232,393,176,199" oya="3" hai0="89,21,86,126,125,53,19,32,8,1,42,33,81" hai1="90,34,75,96,25,101,92,11,56,93,84,48,74" hai2="114,127,134,35,30,17,27,24,119,106,2,123,91" hai3="83,62,15,120,6,20,36,97,28,94,7,59,71"/><W135/><G120/><T100/><D42/><U46/><E56/><V31/><F106/><W23/><G36/><T60/><D100/><U76/><E76/><V85/><F119/><W115/><G115/><T40/><D40/><U58/><E58/><V99/><F114/><W61/><G135/><T51/><D60/><U117/><E117/><V3/><F134/><W87/><G71/><T26/><D1/><U50/><E50/><V70/><F70/><W129/><G129/><T107/><D107/><U79/><E79/><V22/><F123/><W98/><G62/><T73/><D73/><U82/><E93/><V44/><F127/><N who="0" m="48650" /><D8/><U133/><E11/><V41/><F99/><N who="3" m="37899" /><G94/><T45/><AGARI ba="0,0" hai="19,21,26,32,33,45,51,53,81,86,89" m="48650" machi="45" ten="30,2000,0" yaku="18,1,52,1" doraHai="47" who="0" fromWho="0" sc="232,20,393,-5,176,-5,199,-10" owari="252,5.2,388,48.8,171,-32.9,189,-21.1" /></mjloggm>