<mjloggm ver="2.3"><GO type="225" lobby="0"/><UN n0="%E7%B4%94%E6%BD%94%E3%83%94%E3%83%A9%E3%83%8B%E3%82%A2" n1="%E3%82%BC%E3%83%AB%E3%83%80%E3%81%AE%E4%BC%9D%E8%AA%AC" n2="%E5%84%AA%40%41%42%43" n3="%E9%B3%B3%E6%9D%B1%E3%81%AE%E3%81%86%E3%81%95%E3%81%8E%E3%81%95%E3%82%93" dan="16,16,17,16" rate="2180.74,2164.72,2249.75,2255.93" sx="M,M,M,M"/><TAIKYOKU oya="0"/><INIT seed="0,0,0,0,2,72" ten="250,250,250,250" oya="0" hai0="61,56,103,135,28,23,75,47,85,54,18,48,134" hai1="107,50,109,1,71,70,77,44,53,111,27,55,69" hai2="37,113,19,25,35,82,108,14,46,86,58,65,45" hai3="126,132,74,7,129,0,89,41,11,110,38,51,112"/><T122/><D75/><U34/><E107/><V13/><F113/><W100/><G112/><T83/><D122/><U17/><E1/><V79/><F108/><N who="1" m="41545" /><E17/><V20/><F37/><W91/><G110/><T104/><D104/><U16/><E34/><V99/><F99/><W60/><G129/><T40/><D103/><U8/><E77/><V21/><F35/><W22/><G132/><T117/><D117/><U90/><E90/><V39/><F39/><W106/><G51/><T128/><D128/><U131/><E131/><V29/><REACH who="2" step="1"/><F13/><REACH who="2" ten="250,250,240,250" step="2"/><W68/><G38/><T64/><D135/><U57/><E27/><V121/><F121/><W92/><G0/><T93/><D134/><U102/><E102/><V130/><F130/><W66/><G100/><T73/><D73/><U26/><E26/><V78/><F78/><W32/><G32/><T115/><D115/><U84/><E84/><V118/><F118/><W12/><G12/><T114/><D114/><U127/><E127/><V3/><F3/><W81/><G126/><T95/><D28/><U2/><E2/><V30/><F30/><W123/><G123/><T88/><D40/><U42/><E57/><V124/><F124/><W59/><G59/><T80/><D93/><U36/><E36/><V87/><F87/><W43/><G74/><T63/><REACH who="0" step="1"/><D61/><AGARI ba="0,1" hai="14,19,20,21,25,29,45,46,58,61,65,79,82,86" machi="61" ten="40,8000,1" yaku="1,1,8,1,52,1,53,1" doraHai="72" doraHaiUra="62" who="2" fromWho="0" sc="250,-80,250,0,240,90,250,0" /><INIT seed="1,0,0,0,1,52" ten="170,250,330,250" oya="1" hai0="32,122,13,47,95,38,34,31,39,41,104,94,130" hai1="51,59,60,68,16,61,101,77,103,11,86,123,54" hai2="66,106,21,97,40,93,44,74,87,62,22,30,65" hai3="9,18,19,29,75,56,0,116,50,124,4,98,115"/><U37/><E37/><V53/><F74/><W42/><G115/><T70/><D70/><U7/><E123/><V85/><F106/><W33/><G75/><T82/><D104/><U80/><E7/><V79/><F53/><W113/><G113/><T134/><D122/><U3/><E3/><V69/><F66/><W135/><G135/><T109/><D134/><U91/><E77/><V105/><F105/><W99/><G124/><T49/><D109/><U57/><E68/><V112/><F112/><W117/><G33/><T28/><D130/><U119/><E119/><N who="3" m="45642" /><G29/><T25/><D13/><N who="1" m="7231" /><E60/><V84/><F30/><W125/><G56/><T133/><D133/><U89/><E89/><V110/><F79/><W36/><G36/><T96/><D82/><U14/><E14/><V43/><F110/><W126/><G126/><T67/><D94/><U1/><E1/><V121/><F43/><W10/><G125/><T120/><D120/><U15/><E15/><V17/><F17/><N who="3" m="6155" /><G10/><T71/><D71/><U46/><E46/><AGARI ba="0,0" hai="0,4,9,42,46,50,98,99" m="6155,45642" machi="46" ten="30,1000,0" yaku="12,1" doraHai="52" who="3" fromWho="1" sc="170,0,250,-10,330,0,250,10" /><INIT seed="2,0,0,5,3,5" ten="170,240,330,260" oya="2" hai0="80,75,7,128,72,27,82,20,13,2,101,74,103" hai1="132,76,1,57,54,44,73,102,110,90,4,33,26" hai2="32,6,119,87,125,43,23,62,12,41,56,123,69" hai3="18,96,29,122,121,22,71,116,114,115,129,86,94"/><V63/><F119/><W24/><G116/><T3/><D128/><U58/><E102/><V15/><F32/><W91/><G129/><T10/><D101/><U30/><E110/><V118/><F123/><W8/><G71/><T135/><D103/><U78/><E132/><V65/><F125/><W61/><G61/><T68/><D68/><U70/><E70/><V38/><F38/><W133/><G133/><T42/><D42/><U40/><E90/><V88/><F15/><N who="3" m="7527" /><G96/><T104/><D104/><U67/><E67/><V105/><F105/><W47/><G47/><T64/><D64/><U50/><E73/><V120/><F120/><W21/><G21/><T89/><D135/><U112/><E112/><AGARI ba="0,0" hai="22,24,29,86,91,94,112,114,115,121,122" m="7527" machi="112" ten="30,2000,0" yaku="11,1,52,1" doraHai="5" who="3" fromWho="1" sc="170,0,240,-20,330,0,260,20" /><INIT seed="3,0,0,2,0,62" ten="170,220,330,280" oya="3" hai0="10,17,88,18,63,19,59,58,97,66,92,108,48" hai1="11,4,86,70,38,111,75,80,74,2,91,83,102" hai2="128,53,26,116,85,76,47,35,110,93,96,84,43" hai3="22,100,45,40,21,20,65,61,89,14,120,27,54"/><W133/><G133/><T118/><D118/><U67/><E38/><V72/><F116/><W79/><G120/><T3/><D108/><U87/><E111/><V24/><F128/><W55/><G79/><T51/><REACH who="0" step="1"/><D58/><REACH who="0" ten="160,220,330,280" step="2"/><U57/><E57/><V36/><F110/><W9/><G27/><T119/><D119/><U32/><E32/><V30/><F26/><W132/><G132/><T81/><D81/><U0/><E0/><V122/><F122/><W115/><G115/><T101/><D101/><U105/><E102/><V131/><F24/><W34/><G34/><T29/><D29/><U90/><E105/><V123/><F30/><W94/><G100/><T82/><D82/><U68/><E68/><V69/><F69/><W44/><G44/><T78/><D78/><U64/><E70/><V117/><F76/><W39/><G89/><T113/><D113/><U41/><E41/><V7/><F43/><W99/><G94/><T77/><D77/><U130/><E130/><V25/><F93/><W8/><G40/><T49/><D49/><U98/><E80/><V31/><F47/><W37/><G45/><T127/><D127/><U124/><E124/><V60/><F31/><W71/><G37/><T126/><D126/><U1/><E83/><V50/><F35/><W73/><G39/><T15/><D15/><U16/><E2/><V12/><F50/><W114/><G14/><T52/><D52/><N who="3" m="20009" /><G114/><T5/><AGARI ba="0,1" hai="3,5,10,17,18,19,48,51,59,63,66,88,92,97" machi="5" ten="30,8000,1" yaku="1,1,0,1,52,1,54,1,53,1" doraHai="62" doraHaiUra="6" who="0" fromWho="0" sc="160,90,220,-20,330,-20,280,-40" owari="250,5.0,200,-30.0,310,41.0,240,-16.0" /></mjloggm>