<mjloggm ver="2.3"><GO type="225" lobby="0"/><UN n0="%E3%81%8F%E3%82%8A%E3%83%94%E3%83%BC" n1="%77%72%77%72%77%72%77%72" n2="%E3%83%A9%E3%83%96%E3%83%AC%E3%83%BC" n3="%72%61%6B%33" dan="16,16,18,17" rate="2085.46,2118.12,2240.50,2309.88" sx="M,M,M,M"/><TAIKYOKU oya="0"/><INIT seed="0,0,0,1,3,74" ten="250,250,250,250" oya="0" hai0="75,105,82,91,93,81,21,109,42,13,18,90,62" hai1="67,46,55,65,70,39,121,135,99,26,33,22,118" hai2="110,88,89,96,27,6,15,63,36,111,29,45,79" hai3="134,48,31,92,23,127,123,104,4,128,124,20,66"/><T40/><D105/><U87/><E118/><V133/><F133/><W38/><G38/><T50/><D109/><N who="2" m="41482" /><F63/><W108/><G104/><T84/><D62/><U101/><E121/><V32/><F96/><W9/><G108/><T76/><REACH who="0" step="1"/><D50/><REACH who="0" ten="240,250,250,250" step="2"/><U1/><E39/><V58/><F36/><W8/><G48/><T2/><D2/><U30/><E1/><V115/><F115/><W43/><G123/><T47/><D47/><U71/><E46/><V25/><F45/><W28/><G134/><T54/><D54/><U12/><E55/><V61/><F61/><W122/><G122/><T77/><D77/><U17/><E135/><V68/><F68/><W132/><G132/><T119/><D119/><U113/><E113/><V60/><F79/><W44/><G44/><T126/><D126/><U53/><E53/><V0/><F0/><W95/><G66/><T100/><D100/><U117/><E117/><V64/><F27/><W73/><G127/><T34/><D34/><U78/><E70/><V7/><F15/><W56/><G124/><T94/><D94/><N who="1" m="58615" /><E71/><V72/><F60/><W51/><G51/><T14/><D14/><U5/><E65/><V116/><F64/><W41/><G95/><T19/><D19/><U49/><E67/><V131/><F116/><W114/><G92/><T103/><D103/><U52/><E52/><V3/><F3/><W85/><G114/><T112/><D112/><U59/><E49/><V125/><F32/><W69/><G69/><T10/><D10/><N who="1" m="4175" /><E59/><V16/><F58/><W35/><G56/><T120/><D120/><U37/><E37/><RYUUKYOKU ba="0,1" sc="240,30,250,-10,250,-10,250,-10" hai0="13,18,21,40,42,75,76,81,82,84,90,91,93" /><INIT seed="0,1,1,0,3,94" ten="270,240,240,240" oya="0" hai0="24,50,51,81,25,107,7,5,61,120,90,125,78" hai1="21,92,38,45,52,37,73,122,124,17,56,47,33" hai2="42,83,112,110,119,54,105,0,116,128,13,101,80" hai3="27,58,60,115,123,18,40,26,70,108,93,98,6"/><T12/><D120/><U63/><E122/><V109/><F0/><W89/><G123/><T32/><D107/><U86/><E73/><V118/><F112/><W8/><G115/><T88/><D125/><U82/><E124/><V4/><F42/><W91/><G108/><N who="2" m="41577" /><F128/><W64/><G40/><T55/><D32/><U10/><E33/><V59/><F101/><W134/><G134/><T41/><D61/><U126/><E126/><V11/><F105/><W121/><G121/><T117/><D117/><N who="2" m="29954" /><V114/><DORA hai="72" /><F114/><W111/><G111/><T36/><D36/><U99/><E10/><V39/><F39/><W20/><G26/><N who="0" m="10347" /><D41/><U14/><E37/><V133/><F133/><W30/><G70/><T44/><D51/><AGARI ba="1,1" hai="4,11,13,51,54,59,80,83" m="29954,41577" machi="51" ten="40,2600,0" yaku="14,1,12,1" doraHai="94,72" who="2" fromWho="0" sc="270,-29,240,0,240,39,240,0" /><INIT seed="1,0,0,4,0,2" ten="241,240,279,240" oya="1" hai0="87,37,81,106,58,114,3,53,131,40,32,111,54" hai1="22,97,100,108,91,127,43,39,64,11,27,31,116" hai2="85,102,104,84,74,88,123,65,110,130,36,83,92" hai3="44,70,60,9,77,80,113,119,10,62,51,126,132"/><U75/><E116/><V63/><F123/><W115/><G119/><T50/><D114/><U103/><E127/><V135/><F130/><W121/><G121/><T101/><D32/><U56/><E75/><V96/><F110/><W34/><G34/><T18/><D111/><U89/><E108/><V134/><F36/><W79/><G126/><T24/><D131/><U21/><E11/><V117/><F117/><W45/><G51/><T124/><D3/><U17/><E43/><V29/><F29/><W125/><G80/><T33/><D37/><U12/><E39/><V35/><F35/><W41/><G125/><T118/><D118/><U52/><E64/><V122/><F122/><W19/><G19/><T61/><D40/><U73/><E73/><V128/><F128/><W49/><G49/><T71/><D124/><U8/><E22/><V28/><F28/><W86/><G41/><T93/><D106/><U68/><E68/><N who="2" m="42047" /><F85/><W38/><G86/><T20/><D33/><U25/><E25/><V13/><F13/><W129/><G38/><T1/><D1/><U72/><E72/><V98/><F98/><W112/><G129/><T76/><D71/><U105/><REACH who="1" step="1"/><E103/><REACH who="1" ten="241,230,279,240" step="2"/><V99/><F96/><W15/><G115/><T66/><D101/><U94/><E94/><V90/><F74/><W48/><G70/><T4/><D93/><U109/><E109/><V30/><F30/><W46/><G113/><T69/><D4/><U67/><E67/><V120/><F120/><W57/><G112/><T82/><D54/><U23/><E23/><V42/><F42/><W55/><G55/><RYUUKYOKU ba="0,1" sc="241,10,230,10,279,10,240,-30" hai0="18,20,24,50,53,58,61,66,69,76,81,82,87" hai1="8,12,17,21,27,31,52,56,89,91,97,100,105" hai2="83,84,88,90,92,99,102,104,134,135" /><INIT seed="1,1,1,0,2,28" ten="251,240,289,210" oya="1" hai0="42,3,65,128,91,105,23,8,131,33,57,97,68" hai1="1,118,59,20,120,129,115,0,60,48,25,104,13" hai2="50,123,40,89,55,114,106,56,125,29,74,2,22" hai3="96,99,34,122,63,18,85,113,61,39,112,27,10"/><U133/><E118/><V130/><F106/><W80/><G122/><T109/><D109/><U32/><E120/><V84/><F74/><W90/><G39/><T100/><D42/><U110/><E115/><V16/><F2/><W119/><G119/><T35/><D68/><U78/><E104/><V17/><F125/><W11/><G18/><T126/><D126/><U87/><E110/><V107/><F107/><W37/><G37/><T121/><D121/><U77/><E32/><N who="0" m="12361" /><D23/><U38/><E38/><V108/><F114/><W9/><G113/><T73/><D91/><U69/><E69/><V116/><F123/><W52/><G112/><T58/><D65/><U30/><E13/><V86/><F40/><W83/><G83/><T81/><D57/><U67/><E48/><V103/><F108/><W44/><G61/><T19/><D58/><U24/><E24/><N who="2" m="16535" /><F103/><W47/><G47/><T95/><D19/><U15/><E15/><V102/><F102/><W45/><G44/><T62/><D95/><U4/><E4/><V71/><F71/><W72/><G72/><T53/><D53/><U66/><E66/><V132/><F55/><W64/><G64/><T135/><D62/><U127/><E127/><V21/><F56/><W101/><G101/><T49/><D49/><U134/><E129/><N who="0" m="49737" /><D135/><N who="1" m="51723" /><E78/><V82/><F130/><W92/><G63/><T46/><D46/><U117/><E117/><V98/><F116/><W7/><G45/><T36/><D36/><U88/><E77/><V26/><F132/><W31/><G52/><T51/><D51/><U14/><E14/><V111/><F111/><RYUUKYOKU ba="1,1" sc="251,-10,240,30,289,-10,210,-10" hai1="0,1,20,25,30,59,60,67,87,88" /><INIT seed="1,2,1,4,4,117" ten="241,270,279,200" oya="1" hai0="44,18,127,50,10,135,26,92,79,118,61,1,123" hai1="94,112,48,86,103,47,76,65,24,55,99,133,134" hai2="88,72,132,111,4,131,22,110,71,21,121,91,93" hai3="90,46,70,54,42,20,107,101,8,130,36,73,108"/><U100/><E112/><V113/><F72/><W31/><G108/><N who="2" m="41513" /><F71/><W0/><G130/><T59/><D118/><U84/><E65/><V7/><F131/><W38/><G70/><T37/><D37/><U122/><E122/><V34/><F34/><W2/><G36/><T64/><D135/><N who="1" m="51723" /><E76/><V6/><F132/><W109/><G109/><T49/><D127/><U3/><E3/><V16/><F113/><W105/><G0/><T60/><D123/><U119/><E119/><V57/><F57/><W25/><G73/><T43/><D79/><U52/><E24/><N who="2" m="14375" /><F121/><W29/><G2/><T66/><D50/><N who="1" m="28767" /><E100/><V69/><F69/><W80/><G101/><T9/><D1/><U41/><E41/><V129/><F129/><W12/><G38/><T87/><D26/><U33/><E33/><V39/><F39/><W23/><G42/><T5/><D18/><U51/><E51/><V11/><F22/><W13/><G23/><T81/><D5/><U83/><E83/><V128/><F128/><W58/><G80/><T82/><D82/><U125/><E125/><V114/><F11/><W102/><G8/><T56/><REACH who="0" step="1"/><D81/><REACH who="0" ten="231,270,279,200" step="2"/><U27/><E27/><V14/><F114/><W40/><G25/><T62/><D62/><U104/><E104/><V78/><F78/><W77/><G107/><T53/><D53/><U120/><E120/><V96/><F14/><W19/><G12/><T68/><D68/><U28/><E28/><V75/><F75/><W89/><G13/><T17/><D17/><U63/><E63/><V30/><F30/><N who="3" m="11275" /><G105/><T15/><D15/><U115/><E115/><RYUUKYOKU ba="2,2" sc="231,10,270,10,279,10,200,-30" hai0="9,10,43,44,49,56,59,60,61,64,66,87,92" hai1="48,55,84,86,94,99,103" hai2="4,6,7,88,91,93,96" /><INIT seed="1,3,2,1,3,113" ten="241,280,289,170" oya="1" hai0="85,29,43,81,131,103,6,130,123,10,129,90,46" hai1="7,5,73,74,42,31,67,112,108,16,109,17,33" hai2="126,44,121,76,96,98,83,71,100,107,134,32,114" hai3="75,12,84,47,69,68,64,23,53,127,55,15,124"/><U86/><E112/><V27/><F114/><W45/><G84/><T77/><D103/><U120/><E120/><V128/><F121/><W24/><G24/><T116/><D123/><U28/><E67/><V122/><F122/><W57/><G23/><T37/><D29/><N who="1" m="11339" /><E42/><V118/><F27/><W88/><G64/><T56/><D56/><U2/><E86/><V35/><F44/><W11/><G11/><T59/><D59/><U89/><E89/><V34/><F71/><W52/><G57/><T79/><REACH who="0" step="1"/><D116/><REACH who="0" ten="231,280,289,170" step="2"/><U70/><E70/><V99/><F118/><W106/><G69/><T97/><D97/><U87/><E33/><V63/><F99/><W60/><G68/><T132/><D132/><U65/><E65/><V19/><F98/><W20/><G127/><T105/><D105/><U133/><E133/><V93/><F126/><W78/><G106/><T111/><D111/><U102/><E102/><V18/><F107/><W13/><G124/><T51/><D51/><U80/><E109/><V117/><F117/><W48/><G48/><T72/><D72/><U36/><E74/><V62/><F134/><W38/><G75/><T94/><D94/><U30/><E73/><V41/><F93/><W9/><G60/><T115/><D115/><U14/><E108/><V4/><F63/><W135/><G135/><T8/><D8/><N who="1" m="2103" /><E30/><V54/><F35/><W95/><G95/><T39/><D39/><U1/><E36/><V21/><F34/><W110/><G38/><T66/><D66/><U26/><E87/><N who="2" m="48615" /><F32/><W104/><G110/><T0/><AGARI ba="3,3" hai="0,6,10,37,43,46,77,79,81,85,90,129,130,131" machi="0" ten="30,4000,0" yaku="1,1,0,1,19,1,53,0" doraHai="113" doraHaiUra="49" who="0" fromWho="0" sc="231,79,280,-23,289,-13,170,-13" /><INIT seed="2,0,0,4,5,39" ten="310,257,276,157" oya="2" hai0="51,26,21,126,134,92,64,52,32,71,78,61,83" hai1="56,60,69,113,100,33,38,123,85,104,96,86,111" hai2="62,4,36,99,129,108,98,127,11,65,5,75,58" hai3="128,28,29,112,22,44,131,88,107,80,55,118,119"/><V0/><F127/><W46/><G107/><T27/><D134/><U41/><E113/><V40/><F129/><W35/><G35/><T109/><D109/><U45/><E111/><V95/><F108/><W89/><G80/><T17/><D92/><U106/><E123/><V74/><F5/><W122/><G22/><T103/><D103/><U76/><E106/><V9/><F9/><W42/><G55/><T16/><D126/><U117/><E117/><V70/><F99/><W102/><G102/><T37/><D37/><U130/><E130/><V101/><F58/><W67/><G67/><T15/><D17/><U50/><E76/><V43/><REACH who="2" step="1"/><F36/><REACH who="2" ten="310,257,266,157" step="2"/><W81/><G122/><T48/><D71/><U23/><E38/><V87/><F87/><W120/><G120/><T54/><D51/><U93/><E85/><V82/><F82/><W25/><G81/><T14/><D48/><U12/><E69/><V66/><F66/><W59/><G59/><T47/><D64/><U13/><E56/><V34/><F34/><W94/><G94/><T49/><D83/><U7/><E33/><V124/><F124/><W10/><G10/><T97/><D97/><U53/><E86/><V18/><F18/><W91/><G128/><T133/><D32/><U135/><E93/><V8/><F8/><W3/><G131/><T63/><D49/><U2/><E7/><V73/><AGARI ba="0,1" hai="0,4,11,40,43,62,65,70,73,74,75,95,98,101" machi="73" ten="30,11700,0" yaku="1,1,0,1,52,2,53,0" doraHai="39" doraHaiUra="19" who="2" fromWho="2" sc="310,-39,257,-39,266,127,157,-39" /><INIT seed="2,1,0,0,2,40" ten="271,218,393,118" oya="2" hai0="117,99,90,115,48,44,24,94,121,55,85,82,59" hai1="46,101,113,26,86,38,34,31,18,49,111,9,58" hai2="104,105,132,54,37,61,23,102,17,72,64,1,32" hai3="96,126,20,91,11,83,67,108,130,119,70,57,13"/><V77/><F32/><W124/><G119/><T50/><D117/><U88/><E113/><V80/><F1/><W78/><G70/><T87/><D121/><U98/><E111/><V116/><F132/><W103/><G108/><T95/><D115/><U127/><E127/><V69/><F102/><W107/><G20/><T76/><D24/><U42/><E58/><V56/><F37/><W112/><G112/><T92/><REACH who="0" step="1"/><D87/><REACH who="0" ten="261,218,393,118" step="2"/><U114/><E114/><V120/><F120/><W35/><G126/><T22/><D22/><U19/><E9/><V41/><F116/><W129/><G124/><T5/><D5/><U43/><E26/><V25/><F25/><W79/><G35/><T65/><D65/><U27/><E27/><V123/><F64/><W10/><G10/><T21/><D21/><U8/><E8/><V97/><F23/><W60/><G130/><T12/><D12/><U74/><E34/><V6/><F6/><W135/><G129/><T0/><D0/><U75/><E31/><V15/><F15/><W109/><G109/><T3/><D3/><U53/><E18/><V100/><F17/><W63/><G135/><T47/><D47/><U28/><E19/><V106/><F123/><W2/><G2/><T4/><D4/><U68/><E28/><V7/><F7/><W45/><G45/><T118/><D118/><U89/><E86/><V81/><F72/><W14/><G11/><T125/><D125/><U51/><E74/><V122/><F122/><W30/><G30/><T52/><AGARI ba="1,1" hai="44,48,50,52,55,59,76,82,85,90,92,94,95,99" machi="52" ten="20,12000,2" yaku="1,1,0,1,7,1,8,1,52,1,54,1,53,0" doraHai="40" doraHaiUra="128" who="0" fromWho="0" sc="261,133,218,-31,393,-61,118,-31" /><INIT seed="3,0,0,2,4,24" ten="394,187,332,87" oya="3" hai0="126,97,129,65,62,122,8,59,50,87,71,45,130" hai1="57,38,124,100,32,114,55,115,127,119,68,56,86" hai2="3,73,21,39,18,76,125,6,96,54,92,49,132" hai3="112,10,103,11,1,81,16,63,74,42,85,79,46"/><W84/><G112/><T23/><D122/><U40/><E68/><V104/><F39/><W78/><G103/><T19/><D126/><N who="1" m="48171" /><E119/><V34/><F104/><W28/><G63/><T53/><D87/><U12/><E32/><V128/><F73/><W64/><G64/><T31/><D8/><U80/><E100/><V83/><F3/><W37/><G11/><T121/><D97/><U120/><E120/><V72/><F6/><W2/><G2/><T69/><D31/><U41/><E12/><V133/><F128/><N who="0" m="49258" /><D121/><U15/><E15/><AGARI ba="0,0" hai="15,19,23,45,50,53,59,62,65,69,71" m="49258" machi="15" ten="30,1000,0" yaku="19,1" doraHai="24" who="0" fromWho="1" sc="394,10,187,-10,332,0,87,0" owari="404,50.4,177,-22.3,332,13.2,87,-41.3" /></mjloggm>