<mjloggm ver="2.3"><GO type="225" lobby="0"/><UN n0="%E6%98%93%E5%88%A9%E8%96%A9%E4%BC%AF" n1="%6D%75%75%6D%75%72%61" n2="%72%69%6F%75%63%68%61%6E" n3="%E3%82%A2%E3%82%A4%E3%82%B9%E3%83%86%E3%82%A3%E3%83%BC%E3%81%82%E3%81%B9" dan="16,16,17,16" rate="2038.75,2131.63,2153.86,2130.44" sx="F,F,M,M"/><TAIKYOKU oya="0"/><INIT seed="0,0,0,5,2,58" ten="250,250,250,250" oya="0" hai0="89,106,124,64,50,127,65,11,1,107,120,121,30" hai1="10,60,77,93,110,90,128,70,57,118,61,29,112" hai2="8,102,2,40,76,83,117,27,104,37,16,22,39" hai3="115,0,49,88,113,131,35,66,24,108,69,36,31"/><T33/><D30/><U12/><E118/><V32/><F117/><W73/><G108/><T44/><D33/><U48/><E110/><V72/><F32/><W132/><G36/><T126/><D11/><U114/><E77/><V129/><F129/><W14/><G0/><T123/><D1/><U45/><E70/><V96/><REACH who="2" step="1"/><F40/><REACH who="2" ten="250,250,240,250" step="2"/><W51/><G131/><T55/><REACH who="0" step="1"/><D89/><REACH who="0" ten="240,250,240,250" step="2"/><U105/><E128/><V125/><F125/><W98/><G88/><T19/><D19/><U85/><E90/><V46/><F46/><W99/><G35/><T134/><D134/><U63/><E45/><V80/><F80/><W75/><G132/><T59/><D59/><U81/><E57/><V92/><F92/><W53/><G69/><T116/><D116/><U68/><E93/><V25/><F25/><W21/><G24/><T87/><D87/><U119/><E68/><V67/><F67/><AGARI ba="0,2" hai="44,50,55,64,65,67,106,107,120,121,123,124,126,127" machi="67" ten="50,4800,0" yaku="1,1,18,1,53,0" doraHai="58" doraHaiUra="74" who="0" fromWho="2" sc="240,68,250,0,240,-48,250,0" /><INIT seed="0,1,0,0,2,15" ten="308,250,192,250" oya="0" hai0="119,37,102,126,98,120,19,71,41,85,26,86,100" hai1="76,113,78,67,50,27,110,6,88,124,47,29,109" hai2="79,84,48,58,69,133,122,7,72,97,23,128,121" hai3="80,112,1,106,117,134,11,114,63,135,125,45,39"/><T38/><D119/><U14/><E124/><V77/><F69/><W12/><G106/><T61/><D120/><U108/><E67/><V91/><F128/><W129/><G80/><T123/><D123/><U35/><E113/><N who="3" m="43626" /><G63/><T127/><D41/><U103/><E103/><N who="0" m="39465" /><D98/><U21/><E88/><V17/><F133/><N who="3" m="50699" /><G117/><T73/><D73/><U99/><E99/><V20/><F7/><N who="3" m="1519" /><G45/><T32/><D61/><U0/><E0/><V57/><F72/><W93/><G93/><T40/><D71/><U28/><E6/><V130/><F122/><W59/><G59/><T104/><D104/><U87/><E87/><V70/><F70/><W90/><G90/><T44/><D86/><U22/><E78/><V101/><F121/><W42/><G42/><T51/><D85/><U96/><E76/><V83/><F58/><W65/><G65/><T49/><D49/><U3/><E96/><V52/><F130/><W53/><G53/><T131/><D51/><U62/><E3/><V107/><REACH who="2" step="1"/><F23/><REACH who="2" ten="308,250,182,250" step="2"/><W56/><G56/><T54/><D131/><U8/><E22/><V33/><F33/><W94/><G129/><T31/><D32/><U95/><E35/><V132/><F132/><W75/><G75/><T66/><D127/><U116/><E116/><V115/><F115/><W13/><G125/><T92/><D126/><U36/><E21/><V118/><F118/><W68/><G68/><T82/><D38/><U34/><E36/><V5/><F5/><W81/><G39/><T43/><D37/><U16/><E34/><V64/><F64/><W60/><G60/><T9/><D66/><RYUUKYOKU ba="1,1" sc="308,-10,250,-10,182,30,250,-10" hai2="17,20,48,52,57,77,79,83,84,91,97,101,107" /><INIT seed="1,2,1,2,0,60" ten="298,240,212,240" oya="1" hai0="25,70,16,130,113,106,2,125,76,68,7,127,17" hai1="100,122,104,84,54,57,97,43,73,29,117,88,63" hai2="114,51,98,31,23,93,72,74,112,4,66,65,67" hai3="37,12,52,91,26,36,85,49,11,10,129,110,19"/><U69/><E117/><V45/><F4/><W116/><G110/><T101/><D113/><N who="2" m="43626" /><F31/><W13/><G116/><T80/><D130/><U30/><E122/><V99/><F23/><W47/><G26/><T102/><D7/><U135/><E135/><V119/><F119/><W132/><G132/><T131/><D2/><U46/><E73/><N who="2" m="28267" /><F93/><W121/><G129/><T8/><D106/><U55/><E69/><V38/><F38/><W107/><G107/><T9/><D80/><U83/><REACH who="1" step="1"/><E55/><AGARI ba="2,1" hai="45,51,55,65,66,67,98,99" m="28267,43626" machi="55" ten="40,8000,1" yaku="11,1,52,3" doraHai="60" who="2" fromWho="1" sc="298,0,240,-86,212,96,240,0" /><INIT seed="2,0,0,3,5,109" ten="298,154,308,240" oya="2" hai0="28,46,70,5,65,58,53,95,18,60,23,121,11" hai1="131,35,38,24,63,29,115,43,69,71,27,124,132" hai2="42,80,34,126,84,83,9,112,32,16,20,94,72" hai3="105,61,0,73,106,114,107,120,7,116,74,21,45"/><V133/><F112/><W25/><G120/><T113/><D121/><U37/><E131/><V123/><F123/><W59/><G116/><T15/><D113/><U50/><E124/><V134/><F126/><W31/><G114/><T39/><D95/><U17/><E115/><V127/><F127/><W122/><G122/><T117/><D117/><U89/><E132/><N who="2" m="50795" /><F9/><W108/><G108/><T102/><D102/><U13/><E37/><V62/><F42/><W8/><REACH who="3" step="1"/><G45/><REACH who="3" ten="298,154,308,230" step="2"/><T52/><D46/><U86/><E43/><V118/><F118/><W68/><G68/><T79/><D70/><U135/><E69/><V93/><F72/><W10/><G10/><T78/><D39/><U1/><E38/><V111/><F111/><W88/><G88/><T48/><D79/><U40/><E135/><V2/><F2/><W12/><G12/><T87/><D78/><U91/><E1/><V104/><F104/><W85/><G85/><T110/><D87/><U30/><E40/><V92/><F62/><W4/><G4/><T119/><D110/><U19/><E50/><V66/><F66/><AGARI ba="0,1" hai="0,7,8,21,25,31,59,61,66,73,74,105,106,107" machi="66" ten="40,1300,0" yaku="1,1,53,0" doraHai="109" doraHaiUra="98" who="3" fromWho="2" sc="298,0,154,0,308,-13,230,23" /><INIT seed="3,0,0,4,4,68" ten="298,154,295,253" oya="3" hai0="2,58,88,0,94,134,103,32,133,19,117,98,55" hai1="118,69,129,61,42,37,110,64,11,73,131,81,97" hai2="21,47,50,71,8,124,22,113,78,18,109,105,23" hai3="125,128,49,114,135,4,122,101,120,72,126,86,92"/><W36/><G114/><T132/><D117/><U90/><E118/><V46/><F113/><W34/><G34/><T84/><D32/><U48/><E110/><V67/><F105/><W127/><G72/><T100/><D19/><U35/><E35/><V65/><F109/><W57/><G4/><T12/><D12/><U108/><E108/><V39/><F124/><W27/><G27/><T15/><D15/><U24/><E24/><V33/><F33/><W43/><G135/><T60/><D103/><U5/><E48/><V63/><F65/><W52/><G128/><N who="1" m="49226" /><E97/><V29/><F29/><W89/><G101/><T40/><D40/><U95/><E95/><AGARI ba="0,0" hai="0,2,55,58,60,84,88,94,95,98,100,132,133,134" machi="95" ten="40,2600,0" yaku="20,1,54,1" doraHai="68" who="0" fromWho="1" sc="298,26,154,-26,295,0,253,0" owari="324,42.4,128,-37.2,295,9.5,253,-14.7" /></mjloggm>