<mjloggm ver="2.3"><GO type="225" lobby="0"/><UN n0="%4B%2E%32%2E%4B%2E" n1="%E5%8F%AF%E5%85%90%E9%82%A3%E7%94%B1%E5%A4%9A" n2="%76%61%63%76%61%73%65" n3="%E3%81%BF%E3%81%BF%E3%81%9A" dan="17,17,16,16" rate="2182.71,2230.30,2173.54,2142.70" sx="M,F,F,M"/><TAIKYOKU oya="0"/><INIT seed="0,0,0,2,2,114" ten="250,250,250,250" oya="0" hai0="40,112,133,74,60,38,73,49,127,67,56,29,69" hai1="100,25,37,81,5,102,85,116,10,97,16,120,92" hai2="39,31,4,21,111,51,101,128,82,3,95,124,1" hai3="27,135,93,22,131,66,106,98,68,43,41,7,46"/><T45/><D112/><U15/><E120/><V88/><F39/><W20/><G106/><T36/><D133/><U126/><E37/><V107/><F111/><W71/><G135/><T34/><D127/><U17/><E126/><V13/><F124/><W78/><G78/><T91/><D36/><U76/><E116/><V55/><F128/><W64/><G7/><T28/><D91/><U132/><E132/><V48/><F82/><W62/><G131/><T77/><D77/><U115/><E115/><V42/><F107/><W24/><G46/><T104/><D104/><U89/><E102/><V80/><F80/><W96/><G62/><T122/><D122/><U99/><REACH who="1" step="1"/><E25/><REACH who="1" ten="250,240,250,250" step="2"/><V11/><F101/><W70/><G70/><T44/><D34/><U118/><E118/><V83/><F1/><W0/><REACH who="3" step="1"/><G93/><AGARI ba="0,1" hai="5,10,15,16,17,76,81,85,89,92,93,97,99,100" machi="93" ten="30,7700,0" yaku="1,1,7,1,8,1,54,1,53,0" doraHai="114" doraHaiUra="26" who="1" fromWho="3" sc="250,0,240,87,250,0,250,-77" /><INIT seed="1,0,0,0,5,120" ten="250,327,250,173" oya="1" hai0="60,122,7,105,112,43,67,17,94,101,66,34,64" hai1="20,25,31,57,119,15,47,107,70,83,61,68,74" hai2="12,92,11,86,51,69,18,134,89,133,63,65,96" hai3="98,46,19,72,23,24,108,85,111,123,97,132,127"/><U33/><E119/><V117/><F117/><W115/><G123/><T32/><D112/><U48/><E107/><V22/><F51/><W99/><G115/><T38/><D122/><U80/><E33/><V73/><F73/><W131/><G72/><T55/><D105/><U53/><E15/><V3/><F3/><W126/><G131/><T82/><D7/><U81/><REACH who="1" step="1"/><E74/><REACH who="1" ten="250,317,250,173" step="2"/><V21/><REACH who="2" step="1"/><F86/><REACH who="2" ten="250,317,240,173" step="2"/><W103/><G85/><T62/><D34/><U106/><E106/><V124/><F124/><N who="3" m="47659" /><G132/><AGARI ba="0,2" hai="11,12,18,21,22,63,65,69,89,92,96,132,133,134" machi="132" ten="40,2600,0" yaku="1,1,20,1,53,0" doraHai="120" doraHaiUra="54" who="2" fromWho="3" sc="250,0,317,0,240,46,173,-26" /><INIT seed="2,0,0,3,4,83" ten="250,317,286,147" oya="2" hai0="12,70,84,124,28,15,123,45,67,62,30,43,126" hai1="92,17,47,111,34,120,129,32,93,95,68,101,21" hai2="86,117,41,49,90,87,54,33,91,19,96,73,77" hai3="23,59,64,78,46,71,61,27,72,118,36,104,114"/><V85/><F117/><W109/><G118/><T88/><D123/><U81/><E68/><V8/><F33/><W105/><G109/><T38/><D12/><U24/><E120/><V115/><F115/><W94/><G114/><T79/><D79/><U134/><E111/><V65/><F73/><W57/><G72/><T76/><D76/><U9/><E129/><V113/><F113/><W106/><G78/><T60/><D60/><U44/><E134/><V98/><F77/><W2/><G2/><T80/><REACH who="0" step="1"/><D15/><REACH who="0" ten="240,317,286,147" step="2"/><U116/><E116/><V4/><F65/><W29/><REACH who="3" step="1"/><G94/><REACH who="3" ten="240,317,286,137" step="2"/><T1/><D1/><U122/><E93/><V55/><F41/><AGARI ba="0,2" hai="23,27,29,36,41,46,57,59,61,64,71,104,105,106" machi="41" ten="40,2600,0" yaku="1,1,2,1,53,0" doraHai="83" doraHaiUra="35" who="3" fromWho="2" sc="240,0,317,0,286,-26,137,46" /><INIT seed="3,0,0,0,5,82" ten="240,317,260,183" oya="3" hai0="18,13,7,68,95,104,37,78,81,29,131,55,99" hai1="52,88,123,130,113,25,92,31,115,20,129,117,42" hai2="128,60,97,100,90,66,67,32,54,62,50,80,121" hai3="27,135,85,39,91,9,63,4,106,69,103,53,110"/><W126/><G39/><T30/><D37/><U1/><E123/><V79/><F32/><W86/><G135/><T77/><D68/><U43/><E1/><V40/><F121/><W12/><G126/><T114/><D104/><U134/><E134/><V71/><F128/><N who="1" m="49257" /><E52/><V44/><F90/><W75/><G75/><T74/><D131/><U98/><E117/><V84/><F40/><AGARI ba="0,0" hai="20,25,31,40,42,43,88,92,98,113,115" m="49257" machi="40" ten="30,2000,0" yaku="19,1,54,1" doraHai="82" who="1" fromWho="2" sc="240,0,317,20,260,-20,183,0" owari="240,4.0,337,43.7,240,-16.0,183,-31.7" /></mjloggm>