<mjloggm ver="2.3"><GO type="225" lobby="0"/><UN n0="%E3%82%B2%E3%82%B9%E8%8C%82%E5%8B%9D" n1="%74%61%6B%75%61%6B%61" n2="%6D%75%75%6D%75%72%61" n3="%E5%B0%8F%E9%B3%A5%E9%81%8A%E7%B7%B4%E7%84%A1%32%31%E6%AD%B3" dan="16,16,16,16" rate="2044.03,2116.86,2115.15,2195.67" sx="F,M,F,F"/><TAIKYOKU oya="0"/><INIT seed="0,0,0,4,0,46" ten="250,250,250,250" oya="0" hai0="6,1,134,5,3,130,107,129,69,60,34,30,67" hai1="63,14,111,66,120,41,55,119,135,92,21,127,9" hai2="77,123,39,13,74,37,108,76,52,133,99,87,121" hai3="17,132,49,50,116,79,20,32,70,31,33,59,23"/><T11/><D134/><U100/><E120/><V71/><F133/><W81/><G70/><T109/><D109/><U62/><E135/><V61/><F108/><W19/><G116/><T93/><D93/><U45/><E119/><V89/><F74/><W126/><G132/><T102/><D5/><U125/><E111/><V131/><F131/><W104/><G104/><T103/><D1/><U8/><E55/><V57/><F99/><W114/><G114/><T75/><D75/><U98/><E21/><V96/><F96/><W51/><G126/><N who="1" m="48138" /><E14/><V78/><F121/><W80/><G59/><T65/><D65/><U10/><E66/><V115/><F115/><W22/><G31/><T24/><D102/><U58/><E58/><V12/><F71/><W118/><G118/><T47/><D47/><U0/><E0/><V35/><F35/><N who="3" m="13387" /><G79/><T36/><D36/><AGARI ba="0,0" hai="8,9,10,36,41,45,62,63,92,98,100" m="48138" machi="36" ten="30,1000,0" yaku="18,1" doraHai="46" who="1" fromWho="0" sc="250,-10,250,10,250,0,250,0" /><INIT seed="1,0,0,4,5,2" ten="240,260,250,250" oya="1" hai0="27,23,36,26,63,111,124,62,76,110,80,61,102" hai1="94,78,19,33,133,13,22,112,56,83,51,118,24" hai2="86,64,129,88,114,73,59,46,90,11,3,1,34" hai3="135,54,10,38,5,72,104,127,35,134,52,128,82"/><U106/><E112/><V21/><F73/><W101/><G38/><T71/><D124/><U49/><E118/><V29/><F34/><W60/><G35/><T77/><D36/><U66/><E106/><V121/><F121/><W12/><G127/><T43/><D43/><U92/><E133/><N who="3" m="50698" /><G128/><T0/><D0/><U84/><E33/><V41/><F129/><W81/><G81/><T108/><D102/><U69/><E69/><V70/><F70/><W79/><G60/><T15/><D71/><U6/><E49/><V109/><F109/><W120/><G120/><T47/><D47/><U100/><E100/><V96/><F114/><W28/><G28/><T131/><D131/><U113/><E113/><V116/><F116/><W105/><G101/><T8/><D23/><U68/><E68/><V9/><F1/><W95/><G95/><T119/><D119/><U107/><E107/><AGARI ba="0,0" hai="5,10,12,52,54,72,79,82,104,105,107" m="50698" machi="107" ten="30,3900,0" yaku="20,1,52,1,54,1" doraHai="2" who="3" fromWho="1" sc="240,0,260,-39,250,0,250,39" /><INIT seed="2,0,0,1,5,76" ten="240,221,250,289" oya="2" hai0="131,86,36,0,72,105,115,20,129,46,22,112,65" hai1="121,13,54,51,69,10,135,8,75,2,14,107,127" hai2="116,28,109,30,77,26,56,74,40,96,57,83,41" hai3="18,123,128,42,80,11,47,102,62,16,89,117,33"/><V4/><F116/><W59/><G123/><T63/><D72/><U120/><E107/><V94/><F109/><W55/><G33/><T12/><D0/><U108/><E108/><V67/><F4/><W50/><G128/><N who="0" m="49227" /><D105/><U113/><E113/><N who="0" m="43593" /><D12/><N who="1" m="4715" /><E2/><V27/><F41/><W114/><G117/><T111/><D111/><U6/><E6/><V35/><F40/><W132/><G132/><T43/><D86/><U122/><E135/><V9/><F9/><N who="1" m="3689" /><E127/><V23/><REACH who="2" step="1"/><F67/><REACH who="2" ten="240,221,240,289" step="2"/><W98/><G114/><T66/><D66/><U48/><E121/><V44/><F44/><W106/><G11/><T21/><D21/><U82/><E122/><V61/><F61/><W92/><G106/><T125/><D125/><U110/><E120/><V91/><AGARI ba="0,1" hai="23,26,27,28,30,35,56,57,74,77,83,91,94,96" machi="91" ten="20,12000,1" yaku="1,1,0,1,7,1,52,1,53,1" doraHai="76" doraHaiUra="93" who="2" fromWho="2" sc="240,-40,221,-40,240,130,289,-40" /><INIT seed="2,1,0,1,2,109" ten="200,181,370,249" oya="2" hai0="28,79,110,124,43,134,54,115,59,104,29,126,38" hai1="44,73,100,85,120,88,19,1,56,7,98,119,50" hai2="21,6,30,117,0,89,8,55,58,97,33,70,2" hai3="81,9,53,12,51,39,128,5,131,18,49,13,93"/><V3/><F117/><W91/><G39/><T48/><D110/><U26/><E119/><V37/><F70/><W24/><G24/><T99/><D134/><U122/><E73/><V116/><F33/><W62/><G81/><T46/><D79/><U41/><E1/><V67/><F37/><W77/><G77/><T71/><D71/><U31/><E7/><V118/><F67/><W11/><G131/><T133/><D133/><U25/><E56/><V10/><F21/><W121/><G121/><N who="1" m="46698" /><E19/><V40/><F30/><W76/><G76/><T92/><D104/><N who="1" m="63511" /><E31/><V78/><F3/><W80/><G80/><AGARI ba="1,0" hai="25,26,41,44,50,80,85,88" m="63511,46698" machi="80" ten="30,2000,0" yaku="13,1,54,1" doraHai="109" who="1" fromWho="3" sc="200,0,181,23,370,0,249,-23" /><INIT seed="3,0,0,5,0,94" ten="200,204,370,226" oya="3" hai0="76,36,1,68,96,49,81,133,134,38,31,74,17" hai1="97,64,114,99,115,111,53,124,32,23,39,0,93" hai2="104,121,2,65,102,43,119,87,37,67,10,135,98" hai3="21,129,127,125,16,122,14,105,92,62,69,132,6"/><W91/><G105/><T128/><D68/><U120/><E32/><V79/><F119/><W56/><G69/><T26/><D1/><U83/><E120/><V118/><F118/><W110/><G122/><T27/><D128/><U47/><E0/><V4/><F121/><W51/><G132/><N who="0" m="50795" /><D49/><N who="1" m="28863" /><E39/><V40/><F135/><W131/><G51/><T45/><D45/><U71/><E71/><V44/><F40/><W77/><G6/><T117/><D117/><U130/><E114/><V126/><F126/><N who="3" m="48139" /><G77/><T109/><D109/><U107/><E107/><V72/><F87/><N who="3" m="52351" /><G110/><T58/><D58/><U116/><E111/><V20/><F20/><W22/><G21/><N who="0" m="13615" /><D96/><N who="1" m="36939" /><E124/><V9/><F9/><W52/><AGARI ba="0,0" hai="14,16,22,52,56,62,129,131" m="52351,48139" machi="52" ten="30,6000,0" yaku="18,1,54,2" doraHai="94" who="3" fromWho="3" sc="200,-20,204,-20,370,-20,226,60" /><INIT seed="3,1,0,2,1,48" ten="180,184,350,286" oya="3" hai0="66,103,19,27,15,60,29,105,102,113,69,43,63" hai1="96,42,10,106,61,97,99,72,25,135,12,39,67" hai2="23,92,107,77,73,123,30,6,130,90,76,7,100" hai3="129,45,52,65,32,8,59,40,124,41,104,91,26"/><W18/><G104/><T24/><D113/><U111/><E111/><V81/><F130/><W11/><G129/><T74/><D74/><U34/><E72/><V109/><F109/><W128/><G128/><T36/><D60/><U71/><E39/><V119/><F119/><W89/><G65/><T5/><D5/><U117/><E42/><N who="3" m="16490" /><G45/><T132/><D132/><U38/><E38/><V95/><F77/><W112/><G32/><T22/><D105/><U3/><E3/><V37/><F37/><W51/><G124/><T121/><D121/><U44/><E44/><V0/><F0/><W49/><G49/><T114/><D114/><U57/><E71/><V53/><F107/><W16/><G112/><T80/><D80/><U62/><E135/><V55/><F123/><W20/><G18/><T9/><REACH who="0" step="1"/><D24/><REACH who="0" ten="170,184,350,286" step="2"/><U126/><E117/><V4/><F73/><W94/><G94/><T68/><D68/><U133/><E133/><V127/><F92/><W115/><G115/><T110/><D110/><U54/><E126/><V78/><F95/><W47/><G47/><AGARI ba="1,1" hai="9,15,19,22,27,29,36,43,47,63,66,69,102,103" machi="47" ten="40,2600,0" yaku="1,1,53,1" doraHai="48" doraHaiUra="70" who="0" fromWho="3" sc="170,39,184,0,350,0,286,-29" owari="209,-19.1,184,-31.6,350,45.0,257,5.7" /></mjloggm>