<mjloggm ver="2.3"><GO type="225" lobby="0"/><UN n0="%E3%81%9F%E3%81%A3%E3%81%A1%E3%82%87" n1="%48%61%61%61%6C%61%6E%64" n2="%72%61%6B%33" n3="%E3%82%BC%E3%83%AB%E3%83%80%E3%81%AE%E4%BC%9D%E8%AA%AC" dan="16,17,16,16" rate="2101.47,2267.90,2195.69,2120.13" sx="M,M,M,M"/><TAIKYOKU oya="0"/><INIT seed="0,0,0,1,4,66" ten="250,250,250,250" oya="0" hai0="89,33,80,97,12,131,119,38,82,30,102,99,61" hai1="126,91,72,6,37,81,58,25,90,48,26,93,127" hai2="108,51,135,129,42,10,46,112,16,116,60,39,65" hai3="96,23,117,7,111,44,68,74,101,24,85,110,63"/><T71/><D119/><U120/><E37/><V0/><F112/><W59/><G74/><T28/><D131/><U79/><E120/><V40/><F129/><W123/><G117/><T76/><D38/><U52/><E6/><V21/><F116/><W3/><G123/><T1/><D1/><U9/><E9/><V15/><F108/><N who="3" m="41515" /><G85/><T32/><D32/><U77/><E77/><V75/><F135/><W8/><G44/><T43/><D43/><U98/><REACH who="1" step="1"/><E90/><REACH who="1" ten="250,240,250,250" step="2"/><V4/><F75/><W18/><G68/><T5/><D89/><U14/><E14/><V103/><F103/><W53/><G96/><T105/><D12/><U34/><E34/><V29/><F39/><W122/><G122/><T45/><D5/><U73/><E73/><V121/><F121/><W56/><G56/><T83/><D33/><U128/><E128/><V31/><REACH who="2" step="1"/><F40/><REACH who="2" ten="250,240,240,250" step="2"/><W88/><G101/><T86/><D102/><U134/><E134/><V104/><F104/><W50/><G88/><T92/><D105/><U17/><E17/><V84/><F84/><W55/><G18/><T124/><D86/><U106/><E106/><V95/><F95/><W107/><G107/><T27/><D92/><U115/><E115/><V35/><F35/><W49/><G3/><T118/><D118/><U47/><E47/><V54/><F54/><W94/><G94/><T133/><D45/><U69/><E69/><AGARI ba="0,2" hai="0,4,10,15,16,21,29,31,42,46,51,60,65,69" machi="69" ten="30,7700,0" yaku="1,1,7,1,52,1,54,1,53,0" doraHai="66" doraHaiUra="100" who="2" fromWho="1" sc="250,0,240,-77,240,97,250,0" /><INIT seed="1,0,0,1,1,52" ten="250,163,337,250" oya="1" hai0="73,56,62,65,27,129,95,4,48,107,87,81,118" hai1="114,134,17,26,6,66,133,76,119,47,0,8,120" hai2="58,103,30,63,40,123,43,50,55,110,22,80,135" hai3="125,108,19,130,111,28,59,16,35,64,37,12,121"/><U46/><E114/><V54/><F123/><W131/><G37/><T85/><D118/><U5/><E119/><V23/><F110/><N who="3" m="42027" /><G121/><T84/><D129/><N who="3" m="49161" /><G125/><T24/><D107/><U21/><E120/><V32/><F135/><N who="1" m="51721" /><E76/><V36/><F36/><W51/><G12/><T89/><D4/><N who="1" m="1031" /><E66/><V86/><F103/><W2/><G2/><T69/><D73/><U78/><E78/><N who="2" m="46359" /><F32/><W34/><G51/><T41/><D81/><U33/><E33/><N who="3" m="12298" /><G28/><T102/><D69/><U88/><E5/><V31/><F30/><W124/><G124/><T98/><REACH who="0" step="1"/><D102/><REACH who="0" ten="240,163,337,250" step="2"/><U90/><E6/><V71/><F71/><W53/><G53/><T82/><D82/><U109/><E109/><V92/><F55/><W44/><G44/><AGARI ba="0,1" hai="24,27,41,44,48,56,62,65,84,85,87,89,95,98" machi="44" ten="40,8000,1" yaku="1,1,8,1,52,1,53,1" doraHai="52" doraHaiUra="60" who="0" fromWho="3" sc="240,90,163,0,337,0,250,-80" /><AGARI ba="0,0" hai="17,21,26,44,46,47,88,90" m="1031,51721" machi="44" ten="30,2900,0" yaku="20,1,54,1" doraHai="52" who="1" fromWho="3" sc="330,0,163,29,337,0,170,-29" /><INIT seed="1,1,0,1,4,38" ten="330,192,337,141" oya="1" hai0="7,37,96,16,34,25,5,0,111,98,63,70,84" hai1="85,19,74,128,64,94,52,127,116,18,95,4,72" hai2="67,124,14,83,15,56,114,79,41,77,48,103,40" hai3="45,112,49,135,117,88,30,6,106,90,91,26,13"/><U80/><E116/><V78/><F124/><W35/><G112/><T47/><D111/><U61/><E127/><V23/><F114/><W69/><G117/><T58/><D70/><U81/><E4/><V36/><F36/><W39/><G135/><T133/><D133/><U3/><E3/><V10/><F103/><W44/><G69/><T59/><D0/><U33/><E33/><V87/><F23/><W65/><G65/><T29/><D16/><N who="1" m="6187" /><E72/><V104/><F104/><W86/><G106/><T97/><D84/><U9/><E74/><V54/><F67/><W113/><G113/><T46/><D59/><N who="1" m="35047" /><E128/><V119/><F119/><W62/><G62/><T134/><D134/><U43/><E64/><V1/><F1/><W51/><G86/><T120/><D120/><U101/><E9/><V12/><F10/><W27/><G27/><T121/><D121/><U107/><E107/><V82/><F82/><W20/><G35/><T129/><D5/><U118/><E118/><V50/><F50/><N who="3" m="18955" /><G39/><T68/><D7/><U100/><E43/><AGARI ba="1,0" hai="12,14,15,40,41,43,48,54,56,77,78,79,83,87" machi="43" ten="40,8000,1" yaku="8,1,52,3" doraHai="38" who="2" fromWho="1" sc="330,0,192,-83,337,83,141,0" /><INIT seed="2,0,0,5,5,47" ten="330,109,420,141" oya="2" hai0="112,18,71,5,122,32,52,33,7,128,6,19,101" hai1="116,65,53,90,14,127,121,26,49,86,104,21,22" hai2="130,73,4,3,69,30,64,119,82,61,63,54,1" hai3="74,91,110,134,123,92,76,58,34,87,94,79,17"/><V133/><F119/><W85/><G34/><N who="0" m="13419" /><D71/><U120/><E116/><V50/><F130/><W37/><G37/><T12/><D101/><U131/><E131/><V2/><F133/><W115/><G123/><N who="1" m="47178" /><E127/><V16/><F30/><W10/><G134/><T113/><D52/><U31/><E104/><V43/><F63/><W93/><G110/><T77/><D77/><N who="3" m="29769" /><G74/><T56/><D56/><N who="1" m="32815" /><E65/><V105/><F105/><W11/><G115/><N who="0" m="44107" /><D128/><U35/><E14/><V59/><F73/><W9/><G58/><T125/><D122/><U20/><E35/><V80/><F4/><N who="0" m="1642" /><D125/><U41/><E41/><V44/><REACH who="2" step="1"/><F16/><REACH who="2" ten="330,109,410,141" step="2"/><W8/><G17/><T42/><D7/><U132/><E132/><V88/><F88/><W106/><G106/><T135/><D18/><U103/><E103/><V15/><F15/><W67/><G91/><T39/><D12/><U24/><E31/><V51/><AGARI ba="0,1" hai="1,2,3,43,44,50,51,54,59,61,64,69,80,82" machi="51" ten="30,12000,1" yaku="1,1,0,1,52,2,53,1" doraHai="47" doraHaiUra="62" who="2" fromWho="2" sc="330,-40,109,-40,410,130,141,-40" /><INIT seed="2,1,0,3,4,10" ten="290,69,540,101" oya="2" hai0="38,28,77,100,127,39,7,84,37,5,95,93,16" hai1="115,80,78,60,44,99,34,62,42,35,49,26,130" hai2="20,76,85,61,36,64,52,24,119,102,14,57,22" hai3="97,103,2,9,105,45,116,112,21,25,79,43,74"/><V98/><F119/><W13/><G116/><T3/><D127/><U107/><E115/><V33/><F36/><W50/><G112/><T70/><D70/><U83/><E130/><V23/><F33/><W89/><G2/><T122/><D122/><U66/><E60/><V87/><F24/><W30/><G89/><T12/><D3/><U17/><E17/><V96/><F64/><W40/><G79/><T133/><D28/><U129/><E129/><V135/><F135/><W90/><G90/><T51/><D51/><U1/><E1/><V132/><F132/><W101/><G101/><T131/><D131/><U27/><E27/><V4/><F76/><W123/><G74/><T92/><D100/><N who="1" m="62879" /><E34/><V15/><F4/><W75/><G75/><T126/><D126/><U134/><E78/><V109/><F109/><W19/><REACH who="3" step="1"/><G123/><REACH who="3" ten="290,69,540,91" step="2"/><T71/><D133/><U73/><E73/><V117/><F117/><W48/><G48/><T31/><D77/><U47/><E134/><V46/><F98/><W106/><G106/><T32/><D37/><U113/><E113/><V111/><F111/><W114/><G114/><T110/><D38/><U58/><E83/><V29/><F96/><W59/><G59/><T69/><D39/><U56/><E80/><V118/><F102/><W6/><G6/><T67/><D5/><U91/><E91/><V82/><F118/><W124/><G124/><T55/><D7/><U0/><E0/><V68/><F82/><W11/><G11/><N who="0" m="6175" /><D110/><U88/><E88/><V125/><F125/><W54/><AGARI ba="1,1" hai="9,13,19,21,25,30,40,43,45,50,54,97,103,105" machi="54" ten="20,5200,0" yaku="1,1,0,1,7,1,52,1,53,0" doraHai="10" doraHaiUra="86" who="3" fromWho="3" sc="290,-14,69,-14,540,-27,91,65" /><INIT seed="3,0,0,2,1,25" ten="276,55,513,156" oya="3" hai0="76,93,107,91,36,87,68,105,5,70,64,95,39" hai1="94,45,120,29,125,16,81,112,78,40,6,51,89" hai2="57,130,10,122,34,14,131,119,1,7,83,134,98" hai3="72,116,52,12,121,37,111,24,99,31,27,59,114"/><W2/><G2/><T41/><D5/><U30/><E120/><V20/><F119/><W129/><G116/><T9/><D9/><U67/><E112/><V54/><F122/><W82/><G37/><T28/><D28/><N who="1" m="10859" /><E125/><V61/><F134/><W35/><G24/><T33/><D93/><U79/><E6/><V17/><F98/><W115/><G99/><T42/><D91/><U108/><E108/><V8/><F83/><W128/><G12/><T46/><D87/><N who="1" m="50415" /><E67/><V80/><F80/><W92/><G82/><T44/><D46/><U74/><E74/><V21/><F34/><W22/><G35/><T113/><D42/><U118/><E118/><V53/><F53/><W124/><G52/><T133/><D64/><U126/><E126/><V26/><F26/><W47/><G72/><T48/><D113/><U73/><E73/><V62/><F62/><W84/><G111/><T88/><D33/><U19/><E94/><V11/><F10/><W100/><G121/><T132/><D76/><U85/><E85/><V43/><F43/><W117/><G124/><T103/><D132/><U101/><E101/><V102/><F102/><W63/><G117/><T123/><D133/><U58/><E58/><V71/><F71/><W18/><G114/><T3/><D123/><U135/><E135/><V56/><F56/><W13/><G115/><T0/><D3/><U77/><AGARI ba="0,0" hai="16,19,40,45,51,77,78,79" m="50415,10859" machi="77" ten="30,8000,1" yaku="8,1,52,3,54,1" doraHai="25" who="1" fromWho="1" sc="276,-20,55,80,513,-20,156,-40" owari="256,5.6,135,-26.5,493,59.3,116,-38.4" /></mjloggm>