<mjloggm ver="2.3"><GO type="225" lobby="0"/><UN n0="%E3%81%8C%E3%81%9F" n1="%E9%BB%92%E9%89%84%E7%8F%A0%E9%9B%AB" n2="%E3%81%99%E3%81%84%E3%81%BE%E3%81%9B%E3%83%BC%E3%82%93" n3="%6D%75%75%6D%75%72%61" dan="16,16,16,16" rate="2145.30,2184.16,2115.64,2122.35" sx="F,F,M,F"/><TAIKYOKU oya="0"/><INIT seed="0,0,0,4,2,101" ten="250,250,250,250" oya="0" hai0="54,90,96,11,134,133,93,28,53,15,64,123,12" hai1="131,100,1,111,92,74,86,97,2,68,76,115,16" hai2="20,19,106,44,89,31,7,135,85,110,29,71,118" hai3="127,114,24,33,104,5,50,73,109,79,55,116,47"/><T40/><D40/><U14/><BYE who="0" /><E111/><UN n0="%E3%81%8C%E3%81%9F" /><V6/><F110/><W103/><G109/><T124/><D124/><U18/><E68/><V62/><F135/><N who="0" m="51722" /><D123/><U41/><E131/><V80/><F118/><W8/><G127/><T132/><N who="0" m="51730" /><T21/><DORA hai="77" /><D64/><U27/><E115/><V129/><F106/><W122/><G114/><T51/><D51/><U9/><E41/><V87/><F129/><W66/><G116/><T36/><D36/><U46/><E46/><V117/><F117/><W52/><G66/><T60/><D60/><U126/><E74/><V57/><F44/><W34/><G122/><T61/><D61/><U121/><E121/><V45/><F45/><W125/><G125/><T23/><D28/><N who="2" m="10826" /><F71/><W48/><G48/><T99/><D99/><U82/><REACH who="1" step="1"/><E126/><REACH who="1" ten="250,240,250,250" step="2"/><V13/><F87/><W105/><G47/><T4/><D96/><U39/><E39/><V56/><F56/><W26/><G73/><T81/><D54/><AGARI ba="0,1" hai="6,7,13,19,20,54,57,62,80,85,89" m="10826" machi="54" ten="30,2000,0" yaku="8,1,52,1" doraHai="101,77" who="2" fromWho="0" sc="250,-20,240,0,250,30,250,0" /><INIT seed="1,0,0,5,5,51" ten="230,240,280,250" oya="1" hai0="59,13,31,15,11,76,121,119,110,67,12,114,125" hai1="129,77,19,122,118,86,128,43,71,21,89,30,10" hai2="131,50,29,82,107,44,104,73,46,91,61,117,101" hai3="109,38,126,115,56,103,58,70,32,96,7,123,87"/><U41/><E118/><V28/><F117/><W40/><G123/><T23/><D119/><U105/><E122/><V4/><F131/><N who="1" m="50249" /><E71/><V42/><F4/><W120/><G120/><T26/><D121/><U79/><E105/><V49/><F61/><W16/><G115/><T100/><D114/><U135/><E10/><V94/><F101/><W2/><G32/><T69/><D69/><U75/><E30/><V83/><F73/><W17/><G109/><T20/><D110/><U111/><E135/><V113/><F113/><W60/><G58/><T5/><D125/><U95/><E111/><V18/><F18/><W0/><G70/><T106/><D76/><N who="1" m="29259" /><E75/><V85/><F107/><W24/><G2/><T47/><D106/><U72/><E72/><V3/><F3/><W37/><G7/><T57/><D5/><U133/><E133/><V130/><F104/><W22/><G126/><T108/><D11/><U48/><E48/><V124/><F124/><W93/><G17/><T112/><D112/><U62/><E62/><V39/><F130/><W90/><G0/><T68/><D108/><U25/><AGARI ba="0,0" hai="19,21,25,41,43,86,89,95" m="29259,50249" machi="25" ten="30,1500,0" yaku="19,1" doraHai="51" who="1" fromWho="1" sc="230,-5,240,15,280,-5,250,-5" /><INIT seed="1,1,0,4,1,5" ten="225,255,275,245" oya="1" hai0="71,58,45,41,67,129,8,109,117,119,28,12,135" hai1="98,62,110,21,42,120,6,37,4,60,104,116,22" hai2="57,36,84,76,24,1,15,96,79,29,3,89,114" hai3="35,113,66,20,49,78,118,90,33,61,69,81,80"/><U91/><E116/><V95/><F36/><W108/><G113/><T19/><D109/><U47/><E120/><V131/><F114/><W44/><G108/><T34/><D71/><U72/><E72/><V105/><F131/><W127/><G127/><T125/><D129/><U123/><E123/><V14/><F1/><W101/><G101/><T130/><D130/><U88/><E110/><V83/><F3/><W102/><G102/><T13/><D125/><U97/><E104/><V99/><F76/><W31/><G20/><T112/><D112/><U55/><E47/><V86/><F105/><W126/><G126/><T51/><D135/><U132/><E37/><V52/><F99/><W59/><G69/><T50/><D12/><U48/><E48/><V77/><F96/><W43/><G118/><T11/><D11/><U74/><E74/><V68/><F79/><W38/><G38/><T133/><D133/><U94/><E94/><V39/><F68/><W30/><G90/><T103/><D103/><U17/><E132/><V56/><F39/><W82/><REACH who="3" step="1"/><G78/><REACH who="3" ten="225,255,275,235" step="2"/><T100/><D100/><U111/><E111/><V27/><F89/><W46/><G46/><T53/><REACH who="0" step="1"/><D67/><REACH who="0" ten="215,255,275,235" step="2"/><U124/><E124/><V106/><F106/><W16/><G16/><T87/><D87/><U73/><E73/><V64/><F64/><W0/><G0/><T128/><D128/><U10/><E17/><V92/><F86/><W7/><G7/><T107/><D107/><U9/><E4/><V26/><F84/><W40/><G40/><T70/><D70/><U93/><E6/><V65/><F65/><RYUUKYOKU ba="1,2" sc="215,15,255,-15,275,-15,235,15" hai0="8,13,19,28,34,41,45,50,51,53,58,117,119" hai3="30,31,33,35,43,44,49,59,61,66,80,81,82" /><INIT seed="2,2,2,4,4,36" ten="230,240,260,250" oya="2" hai0="44,110,3,31,35,45,62,107,14,94,100,95,87" hai1="134,27,7,70,61,28,117,40,18,129,68,92,41" hai2="1,115,75,37,111,83,43,12,119,101,106,26,23" hai3="80,108,128,13,5,124,113,17,47,84,127,8,11"/><V52/><F115/><W20/><G113/><T38/><D3/><U42/><E117/><V91/><F119/><W76/><G108/><T19/><D110/><U130/><E7/><V34/><F1/><W55/><G128/><N who="1" m="49258" /><E134/><V67/><F111/><W72/><G72/><T60/><D107/><U132/><E132/><V116/><F67/><W121/><G121/><T89/><D31/><U105/><E105/><V122/><F122/><W112/><G112/><T24/><D24/><U50/><E18/><V6/><F6/><W71/><G71/><N who="1" m="27178" /><E61/><N who="0" m="23657" /><D35/><N who="1" m="20895" /><E92/><V98/><F106/><W54/><G8/><N who="0" m="6599" /><D38/><U86/><E86/><V63/><F37/><W46/><G11/><T120/><D120/><U59/><E59/><V126/><F116/><W48/><G5/><T32/><D32/><U29/><E29/><V102/><F34/><W65/><G65/><T114/><D114/><U49/><AGARI ba="2,2" hai="40,41,42,49,50" m="20895,27178,49258" machi="49" ten="40,8000,1" yaku="19,1,52,3" doraHai="36" who="1" fromWho="1" sc="230,-22,240,106,260,-42,250,-22" /><INIT seed="3,0,0,1,5,68" ten="208,346,218,228" oya="3" hai0="122,31,130,66,118,54,7,50,47,134,44,131,81" hai1="77,74,30,10,60,127,129,113,87,84,115,93,56" hai2="57,3,43,1,48,65,90,82,121,128,13,123,103" hai3="75,21,67,53,51,62,42,18,34,106,12,49,6"/><W5/><G106/><T135/><D118/><U119/><E74/><V73/><F128/><N who="0" m="49194" /><D122/><N who="2" m="46602" /><F103/><W40/><G75/><T14/><D66/><U36/><E10/><V88/><F13/><W70/><G34/><T52/><D31/><U58/><E87/><N who="2" m="50295" /><F73/><W96/><G96/><T108/><D108/><U109/><E109/><V104/><F104/><W0/><G0/><N who="2" m="73" /><F90/><W79/><G79/><T85/><D14/><U71/><E77/><V133/><F133/><N who="0" m="50698" /><D7/><U72/><E119/><V19/><F19/><W24/><G12/><T95/><D95/><U80/><E93/><V100/><F100/><W97/><G6/><T32/><D32/><U98/><E129/><V83/><F83/><W23/><G5/><T102/><D102/><U20/><E80/><V26/><F26/><W8/><G24/><T27/><D27/><U33/><E33/><V2/><F2/><W76/><G18/><T69/><D69/><U105/><E71/><V101/><F101/><W35/><G35/><T125/><D125/><U92/><E127/><V86/><F86/><W117/><G117/><T112/><D112/><U64/><E72/><V94/><F94/><W110/><G97/><T38/><D85/><U132/><E84/><V22/><F22/><N who="3" m="8203" /><G110/><T29/><D29/><U124/><E105/><V28/><F28/><W39/><G8/><T41/><D81/><U46/><E132/><V9/><F9/><W59/><G76/><T63/><D63/><N who="1" m="37991" /><E124/><V61/><F48/><W37/><G51/><T15/><D15/><U116/><E116/><V16/><F16/><W4/><G4/><T17/><D17/><RYUUKYOKU ba="0,0" sc="208,10,346,-30,218,10,228,10" hai0="38,41,44,47,50,52,54" hai2="43,57,61,65" hai3="37,39,40,42,49,53,59,62,67,70" /><INIT seed="3,1,0,5,1,21" ten="218,316,228,238" oya="3" hai0="66,20,131,74,36,16,69,15,117,37,82,13,78" hai1="33,58,35,24,76,27,47,19,52,57,86,75,112" hai2="7,51,6,114,89,77,48,124,132,11,107,39,94" hai3="81,113,116,96,72,120,87,4,32,73,128,46,93"/><W115/><G32/><T88/><D117/><U28/><E75/><N who="3" m="28746" /><G4/><T90/><D131/><U135/><E112/><N who="3" m="43082" /><G46/><T29/><D29/><U54/><E47/><V108/><F114/><W122/><G116/><T18/><D66/><U68/><E68/><V2/><F39/><W104/><G104/><T123/><D69/><U53/><E35/><V83/><F107/><W133/><G133/><T125/><D125/><U5/><E5/><V67/><F7/><W43/><G43/><T99/><D123/><U30/><E135/><V3/><F124/><W9/><G9/><T34/><D34/><U84/><E33/><V22/><F132/><W101/><G128/><T119/><D119/><U38/><E38/><V25/><F11/><W0/><G0/><T98/><D36/><U26/><E19/><V111/><F6/><W97/><G97/><N who="0" m="36875" /><D37/><U40/><E40/><V85/><F2/><W45/><G45/><T49/><D49/><N who="2" m="19018" /><F3/><W17/><G17/><T8/><D18/><U80/><E30/><N who="2" m="17719" /><F67/><W92/><G92/><T56/><D56/><U55/><E28/><V1/><F1/><W129/><G129/><T60/><D60/><N who="1" m="35879" /><E58/><V103/><F103/><W79/><AGARI ba="1,0" hai="79,81,87,93,96,101,120,122" m="43082,28746" machi="79" ten="30,3000,0" yaku="34,2" doraHai="21" who="3" fromWho="3" sc="218,-11,316,-11,228,-11,238,33" /><INIT seed="3,2,0,4,2,35" ten="207,305,217,271" oya="3" hai0="110,82,7,75,121,36,89,19,69,70,81,91,132" hai1="105,113,54,87,97,45,78,15,120,125,100,117,25" hai2="26,129,8,46,74,130,61,101,86,107,9,5,65" hai3="115,17,112,80,79,57,62,104,85,92,93,123,96"/><W127/><G123/><T102/><D121/><U135/><E120/><V38/><F74/><W58/><G127/><T72/><D110/><U76/><E113/><V29/><F86/><W21/><G104/><T106/><D36/><U99/><E135/><V23/><F101/><W71/><G58/><T109/><D109/><U77/><E125/><V51/><F38/><W10/><G10/><T47/><D47/><U34/><E99/><V56/><F107/><W20/><G20/><T90/><D7/><U84/><E117/><V66/><F65/><W27/><G92/><T2/><D19/><U55/><E34/><V116/><F116/><W4/><G71/><N who="0" m="27147" /><D2/><U1/><E1/><V22/><F22/><W0/><G4/><T63/><D63/><U32/><E32/><V16/><F29/><W114/><G0/><T40/><D40/><U3/><E3/><V12/><REACH who="2" step="1"/><F9/><REACH who="2" ten="207,305,207,271" step="2"/><W52/><G112/><T14/><D132/><U122/><E122/><V44/><F44/><W33/><G33/><T60/><D60/><U128/><E45/><V49/><F49/><W67/><G67/><T31/><D31/><U94/><E105/><V134/><F134/><W39/><G39/><T18/><D102/><AGARI ba="2,1" hai="17,21,27,52,57,62,79,80,85,93,96,102,114,115" machi="102" ten="30,2900,0" yaku="7,1,54,1" doraHai="35" who="3" fromWho="0" sc="207,-35,305,0,207,0,271,45" owari="172,-32.8,305,10.5,207,-19.3,316,41.6" /></mjloggm>