<mjloggm ver="2.3"><GO type="225" lobby="0"/><UN n0="%E6%A1%9C%E8%8A%B1%E9%96%83%E3%80%85" n1="%E3%81%A4%E3%81%A3%E3%81%B1%E3%82%8A%E3%83%9D%E3%83%BC%E3%83%AB" n2="%E3%83%9F%E3%83%83%E3%82%AD%E3%83%BC%E8%9B%87%E5%B1%B1" n3="%E6%B4%BE%E9%81%A3%E3%81%AE%E3%82%B8%E3%83%A3%E3%83%83%E3%82%AF" dan="16,17,16,17" rate="2234.25,2245.06,2026.07,2191.51" sx="M,M,M,M"/><TAIKYOKU oya="0"/><INIT seed="0,0,0,2,2,68" ten="250,250,250,250" oya="0" hai0="72,49,64,87,52,32,60,111,35,130,112,19,123" hai1="102,11,73,104,124,65,37,48,50,110,20,118,59" hai2="27,38,74,107,47,29,9,56,40,34,1,117,78" hai3="113,95,103,82,63,69,62,88,94,77,135,55,99"/><T115/><D72/><U128/><E118/><V21/><F117/><W122/><G113/><T126/><D123/><U39/><E73/><V2/><F107/><W14/><G135/><T17/><D35/><U33/><E33/><V5/><F2/><W23/><G122/><T3/><D32/><U70/><E20/><V43/><F56/><W92/><G69/><T105/><D3/><U46/><E11/><V93/><F93/><N who="3" m="35947" /><G77/><T106/><D126/><U116/><E102/><V45/><F34/><W41/><G41/><T120/><D120/><U109/><E104/><V80/><F43/><W67/><G55/><T90/><D130/><U61/><E116/><V91/><F47/><W16/><G67/><T51/><D51/><N who="1" m="19499" /><E124/><V76/><F76/><W101/><G82/><N who="0" m="49527" /><D106/><U133/><E133/><V132/><F132/><W57/><G57/><N who="0" m="32911" /><D105/><U18/><E128/><V119/><F119/><W125/><G125/><T13/><D111/><N who="1" m="42507" /><E46/><V22/><F22/><W131/><G131/><T15/><D115/><U114/><E114/><V83/><F83/><W53/><G53/><T7/><D112/><U8/><E70/><V84/><REACH who="2" step="1"/><F91/><REACH who="2" ten="250,250,240,250" step="2"/><W28/><G28/><T129/><D129/><U66/><E66/><V42/><F42/><W100/><AGARI ba="0,1" hai="14,16,23,62,63,88,95,99,100,101,103" m="35947" machi="100" ten="30,4000,0" yaku="8,1,54,2" doraHai="68" who="3" fromWho="3" sc="250,-20,250,-10,240,-10,250,50" /><INIT seed="1,0,0,0,5,80" ten="230,240,230,300" oya="1" hai0="28,17,1,12,37,53,52,31,34,132,84,85,47" hai1="110,6,33,100,86,24,16,22,77,73,51,109,55" hai2="125,14,2,88,99,103,66,92,68,10,26,76,23" hai3="82,57,87,58,60,56,20,32,127,62,15,0,67"/><U113/><E113/><V98/><F125/><W111/><G111/><N who="1" m="42506" /><E6/><V69/><F2/><W122/><G122/><T8/><D132/><U78/><E73/><V18/><F76/><W29/><G0/><T89/><D1/><U128/><E128/><V118/><F66/><W49/><G127/><T133/><D133/><U64/><E100/><V75/><F75/><W46/><G32/><T50/><D37/><U44/><E64/><V123/><F118/><W39/><G39/><T94/><D34/><U124/><E124/><V71/><F123/><W91/><G60/><T90/><D53/><U96/><E96/><V30/><REACH who="2" step="1"/><F69/><REACH who="2" ten="230,240,220,300" step="2"/><W97/><G67/><T119/><D119/><U81/><E33/><V106/><AGARI ba="0,1" hai="10,14,18,23,26,30,68,71,88,92,98,99,103,106" machi="106" ten="20,8000,1" yaku="1,1,2,1,0,1,7,1,54,1,53,0" doraHai="80" doraHaiUra="45" who="2" fromWho="2" sc="230,-20,240,-40,220,90,300,-20" /><INIT seed="2,0,0,2,0,122" ten="210,200,310,280" oya="2" hai0="83,2,127,14,118,125,5,47,3,89,108,96,18" hai1="15,43,74,17,84,7,49,109,35,22,116,31,45" hai2="90,91,29,54,112,48,26,1,123,102,44,107,78" hai3="99,104,13,130,66,77,129,81,133,76,110,115,135"/><V57/><F112/><W28/><G28/><T9/><D118/><U94/><E116/><V103/><F123/><W72/><G13/><N who="0" m="5295" /><D47/><U131/><E74/><V62/><F1/><N who="0" m="10" /><D83/><U80/><E131/><N who="3" m="50186" /><G66/><T65/><D89/><U16/><E109/><V119/><F78/><N who="3" m="44231" /><G110/><T100/><D96/><U38/><E38/><V70/><F70/><W21/><G21/><N who="0" m="11479" /><D100/><N who="2" m="38442" /><F107/><W86/><G115/><T60/><D60/><U134/><E49/><V71/><F71/><W126/><G104/><T82/><D82/><U39/><E80/><V25/><F119/><W40/><G40/><T79/><D65/><U19/><E43/><V114/><F114/><W33/><G99/><T56/><D56/><U23/><E45/><V37/><F37/><W50/><G50/><T113/><D113/><U68/><E39/><V58/><F58/><W20/><G86/><T132/><D79/><U55/><E84/><V36/><F36/><W34/><G76/><T27/><D108/><U53/><E68/><V85/><F85/><W73/><G73/><T87/><D87/><U117/><E117/><V93/><F93/><W64/><G64/><T95/><D95/><U41/><E94/><V8/><F57/><W124/><G77/><T105/><D105/><U88/><E88/><V0/><F62/><W97/><G97/><T111/><D111/><U30/><E41/><V98/><F98/><W120/><G120/><T52/><D132/><U128/><E134/><V4/><F91/><W46/><G135/><T12/><D12/><U63/><E128/><V10/><F90/><W75/><G133/><T92/><D92/><RYUUKYOKU ba="0,0" sc="210,0,200,0,310,0,280,0" /><INIT seed="3,1,0,5,5,82" ten="210,200,310,280" oya="3" hai0="35,26,74,23,34,72,70,32,41,77,37,98,18" hai1="46,83,61,123,87,117,91,13,64,109,107,131,127" hai2="111,67,78,33,48,50,43,73,36,134,114,75,103" hai3="7,119,59,14,86,102,47,56,130,15,39,10,8"/><W21/><G119/><T24/><D70/><U4/><E123/><V66/><F114/><W20/><G130/><T42/><D98/><U1/><E107/><V124/><F33/><W88/><G102/><T5/><D5/><U120/><E120/><V9/><F103/><W85/><G39/><T19/><D77/><U69/><E131/><V121/><F121/><W28/><G47/><T100/><D100/><U122/><E122/><V27/><F27/><N who="0" m="10282" /><D23/><N who="3" m="8777" /><G28/><T112/><D37/><U105/><E105/><V94/><F36/><W25/><G25/><T44/><D44/><U76/><E117/><V2/><F43/><N who="0" m="16394" /><D112/><U92/><E1/><V125/><F2/><W6/><G86/><T129/><D129/><U53/><E46/><V45/><F45/><W80/><AGARI ba="1,0" hai="6,7,8,10,14,15,56,59,80,85,88" m="8777" machi="80" ten="30,6000,0" yaku="8,1,52,1,54,1" doraHai="82" who="3" fromWho="3" sc="210,-21,200,-21,310,-21,280,63" owari="189,-21.1,179,-32.1,289,8.9,343,44.3" /></mjloggm>