<mjloggm ver="2.3"><GO type="225" lobby="0"/><UN n0="%E3%83%97%E3%83%AC%E3%83%B4%E3%82%A1%E3%83%86%E3%82%A3" n1="%E6%B4%BE%E9%81%A3%E3%81%AE%E3%82%B8%E3%83%A3%E3%83%83%E3%82%AF" n2="%E3%81%8B%E3%82%8F%E3%81%A1%E3%82%83%E3%82%93%35%38" n3="%E7%B4%94%E6%BD%94%E3%83%94%E3%83%A9%E3%83%8B%E3%82%A2" dan="16,17,16,16" rate="2096.18,2193.71,2162.45,2111.52" sx="F,M,M,M"/><TAIKYOKU oya="0"/><INIT seed="0,0,0,3,4,59" ten="250,250,250,250" oya="0" hai0="46,108,40,122,9,23,133,124,57,96,76,20,121" hai1="55,54,105,88,2,53,81,120,114,25,30,104,86" hai2="41,58,135,125,51,24,107,95,129,98,89,19,83" hai3="12,79,80,14,16,21,71,94,116,45,67,68,7"/><T26/><D124/><U48/><E120/><V78/><F125/><W17/><G7/><T90/><D133/><U93/><E2/><V102/><F135/><W8/><G116/><T5/><D108/><U34/><E114/><V106/><F129/><W103/><G67/><T91/><D76/><U97/><REACH who="1" step="1"/><E48/><REACH who="1" ten="250,240,250,250" step="2"/><V15/><F24/><W64/><G45/><T99/><D122/><U33/><E33/><V29/><F29/><W62/><G103/><AGARI ba="0,1" hai="25,30,34,53,54,55,81,86,88,93,97,103,104,105" machi="103" ten="40,2600,0" yaku="1,1,54,1,53,0" doraHai="59" doraHaiUra="132" who="1" fromWho="3" sc="250,0,240,36,250,0,250,-26" /><INIT seed="1,0,0,3,4,103" ten="250,276,250,224" oya="1" hai0="39,1,13,108,42,24,57,19,10,86,99,100,52" hai1="111,105,135,62,40,110,4,35,15,61,43,44,29" hai2="78,33,27,90,126,77,133,131,18,124,65,132,22" hai3="23,12,123,91,102,113,63,92,75,67,93,5,72"/><U122/><E122/><V83/><F65/><W20/><G113/><T59/><D108/><N who="1" m="41515" /><E135/><N who="2" m="51787" /><F33/><W64/><G123/><T115/><D115/><U51/><E40/><V112/><F112/><W6/><G102/><T48/><D1/><U116/><E116/><V125/><F131/><W82/><G82/><T45/><D86/><AGARI ba="0,0" hai="18,22,27,77,78,83,86,90,124,125,126" m="51787" machi="86" ten="40,2600,0" yaku="18,1,20,1" doraHai="103" who="2" fromWho="0" sc="250,-26,276,0,250,26,224,0" /><INIT seed="2,0,0,1,0,65" ten="224,276,276,224" oya="2" hai0="110,126,79,8,100,99,89,24,106,52,26,71,84" hai1="28,3,72,22,51,93,114,0,6,122,53,38,81" hai2="43,102,135,112,45,80,39,4,50,62,131,18,70" hai3="118,74,13,92,30,68,47,48,35,11,66,63,73"/><V121/><F112/><W64/><G118/><T94/><D110/><U113/><E38/><V109/><F4/><W105/><G105/><T34/><D126/><U132/><E93/><V120/><F102/><W14/><G14/><T97/><D34/><U95/><E95/><V76/><F18/><W119/><G119/><T27/><D8/><U20/><E132/><V128/><F80/><W2/><G2/><T124/><D124/><U107/><E107/><V37/><F76/><W61/><G92/><T10/><D10/><U133/><E133/><V58/><F135/><W104/><G104/><T82/><D52/><U91/><E122/><N who="2" m="47211" /><F109/><W44/><G35/><T17/><D17/><U111/><E111/><V87/><F87/><W88/><G88/><T127/><D127/><U25/><E22/><V117/><F117/><W101/><G101/><T40/><D40/><U59/><E6/><V46/><F70/><W78/><G30/><T83/><REACH who="0" step="1"/><D82/><REACH who="0" ten="214,276,276,224" step="2"/><U12/><E81/><V130/><F45/><W90/><G47/><T57/><D57/><U19/><E113/><V21/><F21/><W36/><G44/><T41/><D41/><U23/><E114/><V55/><AGARI ba="0,1" hai="37,39,43,46,50,55,58,62,128,130,131" m="47211" machi="55" ten="40,7800,0" yaku="19,1,34,2" doraHai="65" who="2" fromWho="2" sc="214,-26,276,-26,276,88,224,-26" /><INIT seed="2,1,0,1,0,47" ten="188,250,364,198" oya="2" hai0="101,57,50,109,32,128,114,4,102,127,108,43,77" hai1="29,58,116,130,0,97,81,26,87,17,16,99,11" hai2="126,120,80,94,129,70,98,27,133,39,51,110,88" hai3="15,23,72,25,124,63,74,60,22,1,71,93,113"/><V41/><F70/><W56/><G1/><T3/><D32/><U30/><E116/><V52/><F52/><BYE who="2" /><W49/><G113/><T69/><D114/><U48/><E130/><V91/><F91/><W104/><G104/><UN n2="%E3%81%8B%E3%82%8F%E3%81%A1%E3%82%83%E3%82%93%35%38" /><T44/><D69/><U111/><E111/><N who="0" m="42569" /><D128/><U135/><E135/><V67/><F39/><W78/><G124/><T122/><D122/><U55/><E0/><V90/><F67/><W119/><G119/><T37/><D127/><U84/><E84/><V34/><F34/><W42/><G71/><T112/><D112/><U75/><E75/><V14/><F126/><W46/><G60/><T107/><D77/><U2/><E2/><V123/><F110/><W125/><G125/><T86/><D86/><U117/><E117/><V31/><F14/><W106/><G106/><T59/><D107/><U100/><E100/><N who="0" m="38505" /><D37/><U19/><E11/><AGARI ba="1,0" hai="3,4,11,43,44,50,57,59" m="38505,42569" machi="11" ten="30,2000,0" yaku="14,1,52,1" doraHai="47" who="0" fromWho="1" sc="188,23,250,-23,364,0,198,0" /><INIT seed="3,0,0,3,3,53" ten="211,227,364,198" oya="3" hai0="23,99,77,22,104,73,88,108,105,60,63,3,28" hai1="74,126,86,127,20,92,106,114,103,113,10,21,64" hai2="37,39,68,76,5,42,78,24,38,128,97,49,125" hai3="75,79,66,55,94,47,57,13,100,102,135,71,133"/><W0/><G0/><T70/><D3/><U41/><E74/><V109/><F68/><W43/><G75/><T8/><D108/><U115/><E64/><V110/><F125/><N who="1" m="47625" /><E41/><V17/><F128/><W121/><G121/><T124/><D124/><U35/><E35/><V120/><F120/><W19/><G79/><T12/><D70/><U107/><E10/><V93/><F5/><W59/><G71/><T46/><D73/><U95/><E86/><V36/><F36/><W44/><G66/><T18/><D77/><U61/><E61/><N who="0" m="23625" /><D105/><N who="1" m="39947" /><E103/><N who="3" m="39466" /><G94/><AGARI ba="0,0" hai="20,21,92,94,95,113,114,115" m="39947,47625" machi="94" ten="40,5200,0" yaku="28,2,18,1" doraHai="53" who="1" fromWho="3" sc="211,0,227,52,364,0,198,-52" owari="211,-18.9,279,7.9,364,46.4,146,-35.4" /></mjloggm>