<mjloggm ver="2.3"><GO type="225" lobby="0"/><UN n0="%52%61%69%61%6E%2E" n1="%4C%4F%4C%49%54%41" n2="%E5%A4%9C%E5%85%89%E5%A4%A9%E6%A5%BC" n3="%E3%80%93%E3%81%97%E3%83%BC%E3%82%89%E3%80%93" dan="16,16,17,16" rate="2027.24,2196.80,2155.68,2135.30" sx="M,F,M,M"/><TAIKYOKU oya="0"/><INIT seed="0,0,0,0,1,98" ten="250,250,250,250" oya="0" hai0="135,50,69,88,72,22,130,61,16,18,74,91,39" hai1="84,112,42,93,14,13,49,82,29,20,54,35,107" hai2="116,94,36,121,119,114,41,11,34,127,0,66,71" hai3="28,63,76,44,128,24,51,6,80,68,33,37,25"/><T133/><D39/><U79/><E107/><V85/><F121/><W4/><G37/><T123/><D123/><U60/><E35/><V32/><F114/><W81/><G128/><T59/><D69/><U5/><E112/><V52/><F127/><W115/><G115/><T75/><D50/><U105/><E105/><V53/><F34/><W78/><G25/><T100/><D100/><U87/><E5/><N who="2" m="1447" /><F32/><W55/><G68/><T30/><D30/><U17/><E29/><V86/><F94/><W132/><G132/><N who="0" m="50763" /><D130/><U125/><E125/><V58/><F53/><W9/><G63/><T47/><D47/><N who="1" m="25847" /><E54/><V89/><F66/><W95/><G95/><T43/><D43/><U77/><E60/><V103/><F71/><W83/><REACH who="3" step="1"/><G6/><REACH who="3" ten="250,250,250,240" step="2"/><T45/><D45/><U111/><E93/><V102/><F36/><W1/><AGARI ba="0,1" hai="1,4,9,24,28,33,44,51,55,76,78,80,81,83" machi="1" ten="30,4000,0" yaku="1,1,2,1,0,1,53,0" doraHai="98" doraHaiUra="120" who="3" fromWho="3" sc="250,-20,250,-10,250,-10,240,50" /><INIT seed="1,0,0,2,4,129" ten="230,240,240,290" oya="1" hai0="67,58,30,125,69,68,15,19,131,122,43,24,32" hai1="80,3,103,42,112,37,4,118,121,46,113,102,108" hai2="78,0,52,53,90,88,106,135,27,109,114,36,49" hai3="124,96,117,63,18,65,98,10,97,132,38,44,29"/><U79/><E118/><V127/><F36/><W99/><G117/><T41/><D131/><U74/><E121/><V70/><F0/><W101/><G124/><T81/><D125/><U64/><E108/><V48/><F127/><W50/><G38/><T21/><D122/><U26/><E64/><V5/><F5/><W57/><G29/><T86/><D58/><U28/><E103/><V128/><F128/><W100/><G132/><T72/><D72/><U130/><E102/><V126/><F70/><W34/><G34/><T6/><D6/><U93/><E93/><V123/><F123/><W75/><G75/><T11/><D32/><N who="1" m="20503" /><E130/><V14/><F106/><W111/><G111/><T66/><D68/><U40/><E40/><N who="0" m="15433" /><D69/><U115/><E113/><V85/><F126/><W9/><G18/><T17/><D17/><U133/><E133/><V95/><F135/><W134/><G134/><T83/><D83/><U60/><E60/><V51/><F109/><W119/><G119/><T2/><D2/><U62/><E62/><V110/><F110/><W76/><G76/><AGARI ba="0,0" hai="11,15,19,21,24,30,66,67,76,81,86" m="15433" machi="76" ten="30,1000,0" yaku="8,1" doraHai="129" who="0" fromWho="3" sc="230,10,240,0,240,0,290,-10" /><INIT seed="2,0,0,1,3,128" ten="240,240,240,280" oya="2" hai0="12,27,96,49,78,133,25,75,44,103,92,42,101" hai1="81,1,14,62,53,19,64,130,85,99,47,73,72" hai2="6,116,0,22,24,134,18,109,111,95,106,105,113" hai3="35,83,41,84,8,80,107,131,68,127,36,17,65"/><V23/><F113/><W98/><G35/><T94/><D75/><U5/><E130/><V118/><F95/><W56/><G68/><T119/><D119/><N who="2" m="45610" /><F105/><W51/><G36/><T122/><D122/><U37/><E1/><V120/><F120/><W66/><G131/><T34/><D34/><U58/><E5/><V11/><F106/><W89/><G127/><T132/><D78/><U29/><E29/><N who="2" m="17559" /><F134/><N who="0" m="51818" /><D12/><AGARI ba="0,0" hai="0,6,11,12,18,23,109,111" m="17559,45610" machi="12" ten="30,2900,0" yaku="34,2" doraHai="128" who="2" fromWho="0" sc="240,-29,240,0,240,29,280,0" /><INIT seed="2,1,0,4,3,27" ten="211,240,269,280" oya="2" hai0="52,28,99,88,130,110,75,64,66,45,107,90,15" hai1="4,76,35,62,0,104,16,18,13,60,94,77,7" hai2="39,97,129,50,22,133,2,8,17,33,41,46,73" hai3="47,84,69,106,111,123,36,101,6,71,100,87,23"/><V1/><F33/><W125/><G6/><N who="1" m="2090" /><E104/><V43/><F8/><W19/><G123/><T103/><D75/><U122/><E0/><V67/><F73/><W92/><G106/><T134/><D110/><U31/><E35/><V58/><F129/><W120/><G36/><T119/><D130/><U83/><E122/><V25/><F133/><W14/><G47/><T91/><D134/><U96/><E31/><V10/><F10/><W115/><G120/><T54/><D119/><U102/><E18/><V108/><F108/><W74/><G74/><T80/><D80/><U79/><E83/><V114/><F114/><W118/><G118/><T42/><D28/><U44/><E44/><V124/><F41/><W37/><G37/><T53/><REACH who="0" step="1"/><D15/><REACH who="0" ten="201,240,269,280" step="2"/><U30/><E30/><N who="2" m="17719" /><F2/><W135/><G135/><T93/><D93/><U61/><E77/><V82/><F1/><W95/><G95/><T72/><D72/><U131/><E131/><V11/><F82/><W32/><G111/><T105/><D105/><U81/><E81/><V55/><F39/><AGARI ba="1,1" hai="39,42,45,52,53,54,64,66,88,90,91,99,103,107" machi="39" ten="40,5200,0" yaku="1,1,54,2,53,0" doraHai="27" doraHaiUra="34" who="0" fromWho="2" sc="201,65,240,0,269,-55,280,0" /><INIT seed="3,0,0,2,3,97" ten="266,240,214,280" oya="3" hai0="65,77,29,93,17,30,54,112,4,39,44,91,20" hai1="106,88,70,113,35,116,40,56,80,111,71,18,72" hai2="46,98,92,130,63,7,86,55,68,50,48,45,15" hai3="2,135,8,33,89,25,78,10,22,36,132,115,102"/><W96/><G36/><T24/><D112/><U103/><E113/><V49/><F130/><W122/><G115/><T131/><D131/><U42/><E35/><V67/><F86/><W37/><G37/><T110/><D110/><U125/><E111/><V107/><F107/><N who="3" m="63943" /><G122/><T21/><D4/><U129/><E70/><V99/><F99/><W60/><G33/><T120/><D120/><U66/><E71/><V47/><F7/><W26/><G2/><T9/><D77/><U100/><E106/><V3/><F15/><W69/><G78/><T84/><D65/><U108/><E125/><V81/><F81/><W134/><G89/><T23/><D39/><U83/><E72/><V5/><F5/><W64/><G26/><T52/><D54/><U123/><E116/><V14/><F14/><W62/><G60/><T13/><D24/><U95/><E108/><V38/><F38/><W59/><G69/><T12/><D12/><U32/><E32/><V61/><F61/><W34/><G34/><T126/><D126/><U27/><E123/><V121/><F121/><W94/><G94/><T90/><D90/><U79/><E129/><V57/><REACH who="2" step="1"/><F3/><REACH who="2" ten="266,240,204,280" step="2"/><W58/><G58/><T114/><REACH who="0" step="1"/><D114/><REACH who="0" ten="256,240,204,280" step="2"/><U101/><E79/><V109/><F109/><W104/><G104/><T85/><D85/><U19/><E27/><V28/><F28/><AGARI ba="0,2" hai="8,10,22,25,28,59,62,64,132,134,135" m="63943" machi="28" ten="30,2900,0" yaku="20,1,52,1" doraHai="97" who="3" fromWho="2" sc="256,0,240,0,204,-29,280,49" owari="256,5.6,240,-16.0,175,-32.5,329,42.9" /></mjloggm>