<mjloggm ver="2.3"><GO type="225" lobby="0"/><UN n0="%72%69%6F%75%63%68%61%6E" n1="%E3%81%A9%E3%82%93%E3%82%88%E3%81%8F%4D%6B%2E%32" n2="%E9%80%9F%E6%B0%B4%E5%87%9B%E9%A6%99" n3="%6D%75%75%6D%75%72%61" dan="16,16,16,16" rate="2132.23,2196.09,2084.99,2135.92" sx="M,M,F,F"/><TAIKYOKU oya="0"/><INIT seed="0,0,0,4,0,14" ten="250,250,250,250" oya="0" hai0="48,96,19,72,106,21,32,35,117,130,135,28,0" hai1="67,108,9,58,7,91,116,112,79,37,69,18,123" hai2="83,60,66,120,104,49,65,40,133,39,61,105,97" hai3="126,59,12,93,115,111,95,57,82,25,129,84,132"/><T99/><D117/><U46/><E123/><V107/><F120/><W102/><G115/><T127/><D0/><U31/><E31/><V11/><F133/><W50/><G132/><T38/><D135/><U17/><E116/><V122/><F39/><W92/><G111/><T110/><D38/><U6/><E69/><V85/><F97/><W34/><G129/><T94/><D72/><U124/><E79/><V1/><F122/><W15/><G126/><T10/><D130/><U70/><E70/><V29/><F29/><W33/><G102/><T51/><D127/><U5/><E124/><V100/><F100/><W53/><G59/><T81/><D110/><U26/><E108/><V42/><F11/><W101/><G101/><T77/><D106/><U24/><E112/><V131/><F1/><W41/><G41/><T64/><D64/><U134/><E134/><V55/><F131/><W125/><G125/><T3/><D32/><U75/><E75/><V114/><F114/><W109/><G109/><T2/><D2/><U45/><E9/><V86/><F83/><W68/><G68/><T76/><D81/><U74/><E74/><V121/><F121/><W89/><G33/><T13/><D99/><U52/><E67/><V90/><F90/><W27/><G34/><T20/><D35/><U87/><E37/><V56/><F56/><W103/><G103/><N who="0" m="60823" /><D3/><U113/><E113/><V118/><F118/><W4/><G4/><T98/><D98/><U80/><E45/><V78/><F78/><N who="0" m="30314" /><D10/><U71/><E71/><V63/><F107/><W36/><G36/><T128/><D128/><RYUUKYOKU ba="0,0" sc="250,15,250,-15,250,-15,250,15" hai0="13,19,20,21,28,48,51" hai3="12,15,25,27,50,53,57,82,84,89,92,93,95" /><INIT seed="0,1,0,0,3,133" ten="265,235,235,265" oya="0" hai0="127,121,100,76,56,45,1,5,43,86,40,111,99" hai1="26,22,91,4,50,134,17,58,122,73,53,119,70" hai2="78,8,54,36,102,9,13,19,81,62,20,96,103" hai3="71,68,77,125,84,16,59,34,49,108,30,130,80"/><T67/><D127/><U128/><E122/><V57/><F36/><W107/><G125/><T64/><D121/><U83/><E119/><V131/><F131/><W63/><G130/><T42/><D111/><U35/><E70/><V55/><F55/><W89/><G108/><T69/><D69/><U10/><E128/><V15/><F96/><W114/><G107/><T14/><D1/><U109/><E109/><V112/><F112/><W82/><G114/><T74/><D74/><U7/><E134/><V94/><F94/><W110/><G110/><T48/><D5/><U129/><E129/><V97/><F97/><W124/><G124/><T12/><D12/><U52/><E35/><V106/><F106/><W25/><G49/><T51/><D14/><U79/><E10/><V75/><REACH who="2" step="1"/><F20/><REACH who="2" ten="265,235,225,265" step="2"/><W116/><G116/><T24/><D99/><U65/><E65/><V29/><F29/><W33/><G33/><T38/><D64/><U93/><E53/><V85/><F85/><AGARI ba="1,1" hai="4,7,17,22,26,50,52,58,73,79,83,85,91,93" machi="85" ten="30,2000,0" yaku="7,1,54,1" doraHai="133" who="1" fromWho="2" sc="265,0,235,33,225,-23,265,0" /><INIT seed="1,0,0,2,0,122" ten="265,268,202,265" oya="1" hai0="16,0,97,13,120,115,44,94,19,68,7,65,64" hai1="33,26,105,83,23,104,101,17,117,76,85,47,133" hai2="91,119,128,124,49,5,45,57,42,102,121,132,111" hai3="92,63,75,6,1,34,80,41,21,93,18,72,110"/><U81/><E117/><V15/><F121/><W108/><G34/><T90/><D115/><U74/><E133/><V129/><F119/><W46/><G1/><T71/><D120/><U52/><E33/><V28/><F28/><W100/><G6/><T82/><D0/><U30/><E101/><V135/><F102/><W8/><G8/><N who="0" m="4255" /><D68/><U99/><E99/><V11/><F91/><W58/><G100/><N who="0" m="60471" /><D71/><U48/><REACH who="1" step="1"/><E30/><REACH who="1" ten="265,258,202,265" step="2"/><V88/><F135/><W103/><G103/><T66/><D44/><U126/><E126/><V70/><F132/><W106/><G106/><T50/><D50/><U2/><E2/><V35/><F124/><W14/><G46/><T109/><D109/><U60/><E60/><V12/><F35/><W84/><G108/><T107/><D107/><U37/><E37/><V54/><F111/><W51/><G110/><T98/><D98/><U73/><E73/><V95/><F70/><W59/><G75/><T127/><D127/><U130/><E130/><V38/><REACH who="2" step="1"/><F12/><REACH who="2" ten="265,258,192,265" step="2"/><W32/><G14/><T134/><D134/><U118/><E118/><V27/><F27/><W113/><G113/><T36/><D36/><U53/><E53/><V55/><F55/><W123/><G123/><T3/><D3/><U22/><E22/><V131/><F131/><W62/><G21/><T114/><D114/><U25/><E25/><V77/><F77/><AGARI ba="0,2" hai="17,23,26,47,48,52,74,76,77,81,83,85,104,105" machi="77" ten="30,5800,0" yaku="1,1,7,1,54,1,53,0" doraHai="122" doraHaiUra="39" who="1" fromWho="2" sc="265,0,258,78,192,-58,265,0" /><INIT seed="1,1,0,1,3,38" ten="265,336,134,265" oya="1" hai0="61,48,29,21,71,86,127,15,0,124,1,101,83" hai1="100,106,30,94,45,132,35,69,87,44,120,118,59" hai2="49,77,113,115,74,9,99,107,56,72,4,41,85" hai3="119,5,3,16,32,33,95,105,47,57,58,64,50"/><U54/><E69/><V39/><F39/><W129/><G105/><T25/><D101/><U114/><E118/><V36/><F36/><W23/><G119/><T135/><D135/><U112/><E120/><V89/><F99/><W90/><G129/><T53/><D15/><U134/><E106/><V7/><F107/><W75/><G75/><T66/><D0/><U88/><E100/><V78/><F78/><W125/><G125/><T91/><REACH who="0" step="1"/><D1/><REACH who="0" ten="255,336,134,265" step="2"/><U109/><E132/><V40/><F4/><W8/><G3/><T10/><D10/><U102/><E134/><V73/><F9/><W128/><G8/><T12/><D12/><U31/><E102/><V76/><F7/><W97/><G5/><T117/><D117/><U63/><E112/><N who="2" m="43083" /><F77/><W46/><G128/><T51/><D51/><U55/><E114/><V20/><F76/><W18/><G50/><T17/><D17/><U43/><E109/><V130/><F130/><W80/><G18/><T11/><D11/><U122/><E122/><V104/><F104/><W92/><G16/><T84/><D84/><U28/><E35/><V126/><F126/><W37/><G33/><T98/><D98/><U42/><E45/><AGARI ba="1,1" hai="21,25,29,45,48,53,61,66,71,83,86,91,124,127" machi="45" ten="40,2600,0" yaku="1,1,53,1" doraHai="38" doraHaiUra="26" who="0" fromWho="1" sc="255,39,336,-29,134,0,265,0" /><INIT seed="2,0,0,0,0,29" ten="294,307,134,265" oya="2" hai0="75,28,100,72,44,19,104,0,108,132,21,73,34" hai1="2,5,58,119,129,86,24,61,11,97,123,16,37" hai2="43,106,8,67,60,45,128,122,17,48,113,63,130" hai3="51,25,81,39,118,3,40,84,68,124,110,35,31"/><V55/><F106/><W7/><G118/><T105/><D108/><U36/><E119/><V127/><F8/><W95/><G110/><T52/><D0/><U49/><E123/><V91/><F91/><W65/><G39/><T59/><D132/><U94/><E129/><N who="2" m="49771" /><F122/><W77/><G124/><T78/><D44/><U53/><E86/><V23/><F113/><W22/><G51/><T88/><D78/><U102/><E24/><V15/><F127/><W9/><G40/><T125/><D125/><U99/><E99/><V13/><F15/><W70/><G65/><T71/><D71/><U85/><E85/><V93/><F93/><W12/><G95/><T114/><D114/><U32/><E32/><V96/><F96/><W89/><G77/><T103/><D88/><U74/><E74/><V135/><F135/><W46/><G46/><T115/><D115/><U134/><E134/><V120/><F120/><W30/><G30/><T116/><D116/><U82/><E82/><V57/><F63/><W1/><G1/><T98/><D103/><U121/><E121/><V126/><F126/><W14/><G14/><T109/><D109/><U20/><E61/><V107/><F107/><W112/><G112/><T56/><D105/><U42/><E20/><V18/><F18/><AGARI ba="0,0" hai="3,7,9,12,18,22,25,31,35,68,70,81,84,89" machi="18" ten="40,5200,0" yaku="24,2,52,1" doraHai="29" who="3" fromWho="2" sc="294,0,307,0,134,-52,265,52" /><INIT seed="3,0,0,3,5,98" ten="294,307,82,317" oya="3" hai0="113,78,65,111,68,101,36,13,4,57,115,46,109" hai1="84,83,10,72,1,7,71,128,112,117,30,107,81" hai2="79,38,29,47,132,131,55,27,133,0,67,43,56" hai3="24,127,19,3,2,12,116,76,62,8,14,9,119"/><W42/><G76/><T22/><D68/><U106/><E112/><N who="0" m="43081" /><D78/><U118/><E71/><V63/><F79/><W69/><G42/><N who="0" m="22855" /><D22/><U95/><E72/><V52/><F0/><N who="3" m="43" /><G62/><N who="0" m="38095" /><D13/><U34/><E128/><V40/><F131/><W48/><G48/><T82/><D82/><N who="1" m="31243" /><E34/><V77/><F77/><W94/><G69/><T32/><D4/><U61/><E61/><V134/><REACH who="2" step="1"/><F43/><REACH who="2" ten="294,307,72,317" step="2"/><W108/><G119/><N who="1" m="45578" /><E30/><V21/><AGARI ba="0,1" hai="21,27,29,38,40,47,52,55,56,63,67,132,133,134" machi="21" ten="30,7900,0" yaku="1,1,0,1,20,1,54,1,53,0" doraHai="98" doraHaiUra="28" who="2" fromWho="2" sc="294,-20,307,-20,72,89,317,-39" /><INIT seed="4,0,0,5,5,84" ten="274,287,161,278" oya="0" hai0="97,112,11,46,32,62,72,26,116,90,99,120,124" hai1="108,80,48,71,59,94,95,22,68,25,75,15,18" hai2="20,107,77,118,27,79,100,96,6,98,17,52,33" hai3="126,65,28,29,88,57,35,114,43,85,8,109,41"/><T55/><D116/><U121/><E108/><V2/><F118/><W24/><G109/><T117/><D117/><U66/><E121/><V49/><F33/><W86/><G126/><T83/><D120/><U89/><E71/><V45/><F6/><W70/><G70/><T23/><D32/><U58/><E68/><V10/><F2/><W9/><G114/><T38/><D124/><U54/><E75/><V1/><F1/><W13/><G85/><N who="0" m="50495" /><D38/><U40/><E40/><N who="3" m="15434" /><G35/><T119/><D72/><U3/><E3/><V16/><REACH who="2" step="1"/><F96/><REACH who="2" ten="274,287,151,278" step="2"/><W105/><G28/><N who="0" m="17503" /><D119/><U50/><E80/><V87/><F87/><W67/><G29/><T47/><D112/><U82/><E82/><V104/><F104/><W125/><G105/><T7/><D97/><N who="1" m="57551" /><E95/><V4/><F4/><W44/><G125/><T76/><D99/><U61/><E25/><V131/><F131/><W30/><G24/><T73/><D73/><U56/><E56/><V132/><F132/><W5/><G57/><N who="0" m="35135" /><D76/><U60/><AGARI ba="0,1" hai="15,18,22,48,50,54,58,59,60,61,66" m="57551" machi="60" ten="30,2000,0" yaku="8,1,52,1" doraHai="84" who="1" fromWho="1" sc="274,-10,287,30,151,-5,278,-5" owari="264,-13.6,317,41.7,146,-35.4,273,7.3" /></mjloggm>