<mjloggm ver="2.3"><GO type="225" lobby="0"/><UN n0="%72%65%6E%6B%75%6E" n1="%6B%75%7A%75%6E" n2="%E3%82%A2%E3%83%BC%E3%83%A2%E3%83%AD%E3%83%BC%E3%83%B4%E3%82%A1" n3="%E6%A1%9C%E8%8A%B1%E9%96%83%E3%80%85" dan="17,17,16,16" rate="2198.04,2182.01,2195.27,2071.40" sx="M,M,M,M"/><TAIKYOKU oya="0"/><INIT seed="0,0,0,0,4,17" ten="250,250,250,250" oya="0" hai0="51,123,36,60,87,77,21,67,128,11,104,127,10" hai1="129,29,103,85,34,47,12,15,53,106,55,65,48" hai2="117,32,79,58,23,97,90,7,84,119,66,80,130" hai3="101,125,28,135,54,102,134,116,56,16,91,112,96"/><T107/><D36/><U68/><E129/><V39/><F32/><W26/><G112/><T9/><D123/><U22/><E34/><V75/><F130/><W71/><G71/><T43/><D128/><U5/><E68/><V52/><F39/><W25/><G116/><N who="2" m="44617" /><F7/><W49/><G125/><T72/><D72/><U2/><E65/><V83/><F66/><W50/><G50/><T94/><D127/><U0/><E106/><V6/><F6/><W3/><G3/><T114/><D114/><U64/><E64/><V126/><F126/><W109/><G109/><T76/><D76/><U33/><E103/><V45/><F97/><W20/><G91/><T18/><D51/><U14/><E33/><V113/><F23/><N who="3" m="13671" /><G96/><T70/><D43/><U95/><E2/><V120/><F113/><W110/><G110/><T78/><D104/><U98/><E98/><V69/><F69/><W121/><G121/><T42/><D107/><U61/><E0/><V41/><F120/><W27/><G25/><T31/><D70/><U131/><E131/><V86/><F75/><W122/><G122/><T19/><D10/><U59/><E5/><V4/><F4/><W133/><AGARI ba="0,0" hai="20,27,28,49,54,56,101,102,133,134,135" m="13671" machi="133" ten="30,7900,0" yaku="20,1,52,2,54,1" doraHai="17" who="3" fromWho="3" sc="250,-39,250,-20,250,-20,250,79" /><INIT seed="1,0,0,4,4,25" ten="211,230,230,329" oya="1" hai0="70,52,23,45,110,55,12,22,91,107,49,2,73" hai1="33,74,76,71,72,47,14,4,116,56,79,105,66" hai2="84,92,46,100,31,28,10,82,132,81,54,126,133" hai3="131,67,39,96,123,51,111,16,5,21,112,103,115"/><U68/><E116/><V7/><F126/><W27/><G123/><T11/><D2/><U104/><E66/><V1/><F54/><W134/><G111/><T53/><D70/><N who="1" m="26667" /><E47/><V95/><F46/><W30/><G131/><T85/><D73/><N who="1" m="28267" /><E14/><V35/><F81/><W89/><G134/><N who="2" m="51817" /><F35/><W118/><G39/><T87/><D107/><N who="1" m="41035" /><E33/><V124/><F124/><W57/><G118/><T98/><D98/><U80/><E80/><V40/><F40/><W109/><G109/><T15/><D110/><U127/><E127/><V117/><F117/><W129/><G129/><T0/><D0/><U20/><E20/><N who="0" m="7721" /><D12/><U101/><E101/><V58/><F58/><W60/><G103/><T108/><D108/><U13/><E13/><V114/><F114/><W128/><G128/><T6/><D85/><U9/><E56/><V88/><F82/><AGARI ba="0,0" hai="6,11,15,45,49,52,53,55,82,87,91" m="7721" machi="82" ten="30,2000,0" yaku="8,1,54,1" doraHai="25" who="0" fromWho="2" sc="211,20,230,0,230,-20,329,0" /><INIT seed="2,0,0,0,3,15" ten="231,230,210,329" oya="2" hai0="82,30,38,66,73,71,99,18,114,97,19,58,87" hai1="56,42,79,106,63,109,59,3,60,49,47,129,110" hai2="4,36,102,133,5,103,120,107,55,125,92,84,105" hai3="28,31,111,75,67,61,17,135,89,85,104,8,74"/><V0/><F120/><W16/><G104/><N who="2" m="40009" /><F55/><W122/><G111/><N who="1" m="42506" /><E106/><V2/><F36/><W37/><G135/><T123/><D71/><U48/><E3/><N who="2" m="1067" /><F92/><W33/><G37/><T128/><D73/><U54/><E79/><V96/><F96/><N who="0" m="36938" /><D38/><N who="1" m="21975" /><E129/><V52/><F84/><W57/><G122/><T86/><D123/><U132/><E132/><V101/><F52/><AGARI ba="0,0" hai="48,49,52,54,56,59,60,63" m="21975,42506" machi="52" ten="30,7700,0" yaku="14,1,34,2,54,1" doraHai="15" who="1" fromWho="2" sc="231,0,230,77,210,-77,329,0" /><INIT seed="3,0,0,0,3,107" ten="231,307,133,329" oya="3" hai0="96,22,93,101,4,75,30,102,129,60,39,117,94" hai1="25,48,11,43,28,72,105,49,37,67,16,5,80" hai2="10,47,3,79,95,9,134,32,76,53,87,35,118" hai3="19,55,20,8,6,71,114,104,58,17,89,2,120"/><W40/><G120/><T31/><D39/><U7/><E105/><V78/><F118/><W103/><G114/><T91/><D117/><U68/><E68/><V50/><F134/><W18/><G71/><T26/><D129/><U124/><E67/><V97/><F3/><W57/><G40/><T92/><D4/><U74/><E37/><V123/><F123/><W112/><G112/><T132/><D132/><U84/><E124/><V130/><F130/><W29/><G89/><T109/><D109/><U36/><E36/><V113/><F113/><W98/><G29/><T116/><D116/><U54/><E43/><V51/><F87/><W131/><G131/><T133/><D133/><U42/><E42/><V83/><F83/><W90/><G90/><T15/><D15/><N who="1" m="7295" /><E49/><V69/><F69/><W82/><G82/><T34/><D75/><U126/><E126/><V122/><F122/><W135/><G135/><T106/><D101/><U111/><E111/><V24/><F24/><W119/><G119/><T85/><D31/><U41/><E41/><V52/><F32/><W110/><G110/><T13/><D13/><U45/><E72/><V1/><F1/><W127/><G127/><T121/><D121/><U88/><E74/><V128/><F35/><AGARI ba="0,0" hai="5,7,25,28,35,45,48,54,80,84,88" m="7295" machi="35" ten="30,3900,0" yaku="25,1,54,2" doraHai="107" who="1" fromWho="2" sc="231,0,307,39,133,-39,329,0" owari="231,-16.9,346,44.6,94,-40.6,329,12.9" /></mjloggm>