<mjloggm ver="2.3"><GO type="225" lobby="0"/><UN n0="%E6%9C%AA%E6%9D%A5%E5%B0%91%E5%B9%B4" n1="%E3%81%9F%E3%81%93%E2%98%86%E7%84%BC%E3%81%8D" n2="%E3%81%A1%E3%82%85%E3%81%86%E3%81%A9%E3%81%8F%E8%B1%A1%E3%81%95%E3%82%93" n3="%E3%81%8B%E3%81%9F%32%36%E3%82%8A" dan="16,16,17,16" rate="2112.86,2123.79,2204.61,2115.45" sx="M,M,M,M"/><TAIKYOKU oya="0"/><INIT seed="0,0,0,1,4,13" ten="250,250,250,250" oya="0" hai0="53,115,43,135,52,132,31,66,15,82,4,80,98" hai1="100,36,120,111,83,9,129,103,134,87,7,102,44" hai2="51,97,110,112,101,109,72,16,64,10,40,49,121" hai3="105,25,2,50,91,22,71,106,68,18,113,19,67"/><T26/><D115/><U59/><E120/><V62/><F121/><W125/><G113/><T84/><D43/><U93/><E111/><N who="2" m="42507" /><F112/><W69/><G2/><T1/><D1/><U21/><E129/><V126/><F72/><W89/><G67/><T65/><D98/><U42/><E59/><N who="2" m="36959" /><F126/><W41/><G125/><T94/><D94/><U32/><E32/><V90/><F90/><W38/><G38/><T60/><D15/><U12/><E21/><V133/><F133/><N who="0" m="51274" /><D4/><U95/><REACH who="1" step="1"/><E134/><REACH who="1" ten="250,240,250,250" step="2"/><V128/><F128/><W107/><REACH who="3" step="1"/><G19/><REACH who="3" ten="250,240,250,240" step="2"/><T130/><D130/><U3/><E3/><V56/><F16/><W75/><G75/><T14/><D66/><U77/><AGARI ba="0,2" hai="7,9,12,36,42,44,77,83,87,93,95,100,102,103" machi="77" ten="30,2000,0" yaku="1,1,0,1,53,0" doraHai="13" doraHaiUra="29" who="1" fromWho="1" sc="250,-10,240,40,250,-5,240,-5" /><INIT seed="1,0,0,5,5,64" ten="240,280,245,235" oya="1" hai0="47,75,45,17,76,129,98,104,35,5,55,38,29" hai1="10,13,54,106,20,69,46,22,81,134,19,2,14" hai2="30,27,50,105,91,93,28,96,108,23,130,107,111" hai3="109,52,77,9,122,132,73,102,68,7,37,21,118"/><U121/><E106/><V95/><F130/><W12/><G122/><T79/><D129/><U83/><E69/><V33/><F50/><W113/><G113/><T67/><D67/><U120/><E134/><V110/><F93/><W24/><G37/><T87/><D75/><U39/><E2/><V32/><REACH who="2" step="1"/><F28/><REACH who="2" ten="240,280,235,235" step="2"/><W117/><G132/><T116/><D104/><AGARI ba="0,1" hai="23,27,30,32,33,91,95,96,104,105,107,108,110,111" machi="104" ten="50,6400,0" yaku="1,1,2,1,14,1,53,0" doraHai="64" doraHaiUra="115" who="2" fromWho="0" sc="240,-64,280,0,235,74,235,0" /><INIT seed="2,0,0,2,2,22" ten="176,280,309,235" oya="2" hai0="81,13,90,66,92,20,128,29,103,45,124,7,107" hai1="135,120,98,129,5,37,127,18,91,38,93,130,55" hai2="89,111,74,86,134,71,40,35,126,84,60,117,8" hai3="118,33,58,70,116,54,30,57,109,132,34,119,47"/><V14/><F117/><W51/><G70/><T53/><D128/><N who="1" m="49259" /><E135/><V10/><F35/><W95/><G132/><T96/><D124/><U42/><E127/><V56/><F74/><W115/><G109/><T61/><D81/><U23/><E5/><V15/><F134/><W80/><G115/><T52/><D45/><U68/><E68/><V0/><F0/><W122/><G34/><T50/><D50/><U49/><E42/><V72/><F72/><W65/><G122/><T88/><D90/><U108/><E108/><V44/><F71/><W41/><G80/><T101/><D7/><U82/><E82/><V100/><F100/><N who="0" m="38474" /><D107/><U21/><E21/><V67/><F111/><W46/><G95/><T27/><D13/><N who="1" m="9679" /><E120/><V1/><F1/><W4/><G4/><T64/><D61/><U110/><E110/><V105/><F105/><W85/><G33/><T114/><D114/><U16/><E16/><N who="2" m="8263" /><F89/><W106/><G30/><T6/><D6/><U9/><E9/><V104/><F104/><W3/><G106/><T25/><D25/><U26/><E26/><V97/><F126/><W99/><G3/><T28/><D28/><U39/><E39/><N who="2" m="21535" /><F15/><W79/><G47/><AGARI ba="0,0" hai="37,38,47,49,55,91,93,98" m="9679,49259" machi="47" ten="30,1000,0" yaku="19,1" doraHai="22" who="1" fromWho="3" sc="176,0,280,10,309,0,235,-10" /><INIT seed="3,0,0,0,3,112" ten="176,290,309,225" oya="3" hai0="62,114,116,72,10,42,90,126,40,69,129,51,101" hai1="50,13,89,66,15,80,75,107,83,121,97,11,19" hai2="53,46,99,103,135,57,23,63,117,98,16,68,39" hai3="36,93,52,125,14,81,41,38,118,64,7,22,26"/><W124/><G118/><T8/><D114/><U70/><E75/><V24/><F117/><W82/><G64/><T37/><D37/><U95/><E107/><V128/><F128/><W20/><G93/><T127/><D116/><U0/><E0/><V60/><F135/><W25/><G14/><T132/><D132/><U61/><E121/><V88/><F88/><W59/><G7/><T3/><D129/><U85/><E13/><V65/><F103/><W48/><G41/><T92/><D72/><U58/><E70/><V32/><F32/><W6/><G6/><T133/><D101/><U54/><E97/><V43/><AGARI ba="0,0" hai="16,23,24,39,43,46,53,57,60,63,65,68,98,99" machi="43" ten="30,2000,0" yaku="0,1,54,1" doraHai="112" who="2" fromWho="2" sc="176,-5,290,-5,309,20,225,-10" owari="171,-32.9,285,8.5,329,42.9,215,-18.5" /></mjloggm>