<mjloggm ver="2.3"><GO type="225" lobby="0"/><UN n0="%E6%B0%B7%E5%B7%9D%E9%87%8C%E5%A5%88" n1="%E3%82%BC%E3%83%AB%E3%83%80%E3%81%AE%E4%BC%9D%E8%AA%AC" n2="%E6%B4%BE%E9%81%A3%E3%81%AE%E3%82%B8%E3%83%A3%E3%83%83%E3%82%AF" n3="%6D%75%75%6D%75%72%61" dan="16,17,16,17" rate="2111.20,2229.01,2185.74,2159.87" sx="F,M,M,F"/><TAIKYOKU oya="0"/><INIT seed="0,0,0,0,4,117" ten="250,250,250,250" oya="0" hai0="3,13,86,65,89,48,131,46,59,30,58,36,15" hai1="20,10,45,101,11,118,90,70,109,68,87,33,34" hai2="73,55,17,111,32,123,129,69,37,80,21,102,82" hai3="66,113,50,83,98,99,75,38,97,31,119,96,134"/><T56/><D3/><U124/><E118/><V43/><F32/><W128/><G119/><T133/><D36/><U40/><E109/><V47/><F69/><W12/><G38/><T74/><D74/><U81/><E124/><V76/><F111/><W44/><G113/><T120/><D133/><U103/><E20/><V77/><F129/><W64/><G128/><T60/><D131/><U107/><E107/><V14/><F102/><W106/><G134/><T132/><D30/><U105/><E105/><V27/><F55/><W67/><G31/><T61/><D132/><U62/><E62/><V5/><F5/><W19/><G106/><T2/><D2/><U4/><E4/><V57/><F57/><N who="0" m="22122" /><D120/><U25/><E25/><V53/><F53/><W114/><G114/><T130/><D61/><U72/><E72/><V71/><F71/><W41/><N who="3" m="24576" /><DORA hai="35" /><W51/><G51/><T108/><D108/><U78/><E68/><V112/><F112/><W91/><G75/><T104/><D104/><U7/><E70/><V16/><F123/><W18/><REACH who="3" step="1"/><G12/><REACH who="3" ten="250,250,250,240" step="2"/><T0/><D130/><U93/><E103/><V127/><F127/><W94/><G94/><N who="0" m="54583" /><D0/><U42/><E101/><V92/><F92/><W49/><G49/><T29/><D29/><U135/><E93/><V23/><F73/><W125/><G125/><T9/><D9/><U1/><E11/><V52/><F37/><W121/><G121/><T88/><D15/><U6/><E135/><V28/><F28/><W8/><G8/><T84/><D13/><U79/><E1/><V126/><F126/><W110/><G110/><RYUUKYOKU ba="0,1" sc="250,-10,250,-10,250,-10,240,30" hai3="18,19,41,44,50,64,66,67,83,91" /><INIT seed="1,1,1,1,3,128" ten="240,240,240,270" oya="1" hai0="21,47,103,6,63,84,94,38,55,132,125,60,23" hai1="100,130,105,25,75,134,127,10,62,113,59,58,48" hai2="36,121,31,81,54,41,42,28,61,119,73,90,135" hai3="45,15,98,110,116,7,79,27,66,69,1,78,32"/><U16/><E113/><V108/><F121/><W39/><G1/><T8/><D125/><U65/><E75/><V9/><F119/><W30/><G116/><T56/><D63/><U82/><E130/><V123/><F123/><W77/><G110/><T99/><D132/><U24/><E127/><V74/><F9/><W0/><G0/><T106/><D106/><U92/><E134/><V87/><F135/><W131/><G131/><T34/><D34/><U22/><E105/><V2/><F2/><W80/><G98/><T19/><D84/><U124/><E124/><V26/><F108/><W129/><G129/><T72/><D72/><U4/><E82/><V14/><F14/><W93/><G93/><T70/><D70/><U46/><E58/><V3/><F3/><W64/><G80/><T67/><D19/><U120/><E120/><V53/><F73/><W89/><G89/><T115/><D115/><U33/><E33/><V83/><F31/><W20/><G69/><T35/><D35/><U107/><E107/><V112/><F112/><W50/><G39/><T91/><D91/><U68/><E68/><V13/><F36/><W102/><G102/><T29/><D29/><U40/><E24/><V96/><F13/><W86/><G86/><T52/><D38/><U76/><E76/><N who="2" m="44183" /><F96/><W12/><G32/><T95/><D95/><U122/><E122/><V133/><F133/><W5/><G15/><N who="0" m="5527" /><D67/><N who="3" m="25641" /><G12/><T17/><D17/><U57/><E10/><V71/><F26/><W43/><AGARI ba="1,1" hai="5,7,20,27,30,43,45,50,77,78,79" m="25641" machi="43" ten="30,1100,0" yaku="8,1" doraHai="128" who="3" fromWho="3" sc="240,-4,240,-6,240,-4,270,24" /><INIT seed="2,0,0,5,5,17" ten="236,234,236,294" oya="2" hai0="32,111,75,38,132,103,74,62,85,90,31,127,100" hai1="101,23,8,70,115,1,55,28,109,63,0,87,123" hai2="108,135,12,119,47,77,125,84,13,120,11,122,44" hai3="97,2,3,89,93,88,73,20,40,53,66,81,71"/><V42/><F119/><W65/><G40/><T49/><D38/><U92/><E115/><V69/><F69/><W60/><G66/><T39/><D39/><U19/><E109/><V7/><F108/><W114/><G114/><T124/><D111/><U4/><E123/><V104/><F104/><W29/><G53/><T107/><D62/><U6/><E28/><V21/><F125/><N who="0" m="48202" /><D49/><U58/><E70/><V116/><F116/><W24/><REACH who="3" step="1"/><G89/><REACH who="3" ten="236,234,236,284" step="2"/><T56/><D90/><U86/><E55/><V129/><F122/><W15/><G15/><T96/><D132/><U131/><E1/><V34/><F120/><W67/><G67/><T30/><D100/><U52/><E131/><V112/><F129/><W18/><G18/><T46/><D103/><U14/><REACH who="1" step="1"/><E6/><REACH who="1" ten="236,224,236,284" step="2"/><V130/><F130/><W25/><G25/><T99/><D30/><U94/><E94/><V106/><F135/><W72/><G72/><T126/><D126/><U41/><E41/><V76/><F42/><W57/><G57/><T5/><D5/><U68/><E68/><V98/><F112/><W43/><G43/><T37/><D56/><U117/><E117/><V78/><F7/><W80/><G80/><T128/><D128/><U110/><E110/><V9/><F47/><W82/><G82/><T83/><D75/><U16/><E16/><V36/><F44/><W35/><G35/><T27/><D74/><U22/><E22/><V121/><F21/><W134/><G134/><T59/><D32/><U45/><E45/><V51/><F34/><W102/><G102/><N who="0" m="62919" /><D46/><U61/><E61/><V54/><F121/><RYUUKYOKU ba="0,2" sc="236,-15,224,15,236,-15,284,15" hai1="0,4,8,14,19,23,52,58,63,86,87,92,101" hai3="2,3,20,24,29,60,65,71,73,81,88,93,97" /><INIT seed="3,1,2,0,2,44" ten="221,239,221,299" oya="3" hai0="81,135,55,38,94,89,99,72,87,0,73,80,62" hai1="47,74,119,28,68,97,33,92,113,118,123,7,116" hai2="88,54,108,127,110,64,82,128,19,85,22,16,79" hai3="70,8,5,32,12,4,93,1,95,21,41,103,129"/><W39/><G70/><T45/><D0/><U105/><E123/><V84/><F127/><W106/><G32/><T18/><D135/><U23/><E113/><V35/><F35/><W3/><G106/><T124/><D124/><U98/><E74/><V59/><F64/><W115/><G115/><T11/><D80/><U49/><E68/><V13/><F19/><W29/><G129/><T111/><D111/><N who="2" m="42538" /><F128/><W131/><G131/><T101/><D62/><U69/><E69/><V96/><F96/><W37/><G103/><T107/><D38/><U57/><E33/><V133/><F133/><W15/><G29/><T26/><D26/><N who="1" m="16479" /><E105/><V114/><F114/><W25/><G25/><T120/><D120/><U91/><E7/><V17/><F17/><W43/><G21/><T71/><D71/><U76/><E76/><V58/><F54/><W65/><G65/><T75/><D107/><U34/><E34/><V46/><F46/><W125/><G125/><T30/><D30/><U42/><E57/><V20/><F20/><W102/><G102/><T117/><D117/><U130/><E130/><V83/><AGARI ba="1,2" hai="13,16,22,58,59,79,82,83,84,85,88" m="42538" machi="83" ten="30,4000,0" yaku="14,1,54,2" doraHai="44" who="2" fromWho="2" sc="221,-11,239,-11,221,63,299,-21" /><INIT seed="4,0,0,3,4,98" ten="210,228,284,278" oya="0" hai0="95,69,47,129,135,51,73,39,122,40,58,121,22" hai1="82,71,86,57,8,65,118,89,9,37,124,11,83" hai2="78,21,24,38,43,81,30,12,92,45,2,49,54" hai3="80,134,5,74,87,52,35,26,119,42,28,20,115"/><T90/><D73/><U93/><E118/><V101/><F2/><W6/><G119/><T132/><D22/><U18/><E37/><V23/><F12/><W77/><G115/><T7/><D7/><U111/><E111/><V0/><F0/><W19/><G134/><N who="0" m="51243" /><D95/><U103/><E71/><V63/><F63/><W91/><G42/><T53/><D90/><U112/><E124/><V79/><F23/><W32/><G32/><T31/><D31/><U15/><E112/><V84/><F79/><W105/><G105/><T33/><D33/><U29/><E29/><V55/><F38/><W50/><G77/><T34/><D34/><U16/><E18/><V10/><F10/><N who="1" m="4201" /><E103/><V123/><F123/><N who="0" m="47114" /><D129/><U27/><E27/><V3/><F3/><W131/><G74/><T14/><D14/><U94/><E94/><V13/><F13/><W70/><G131/><T96/><D96/><AGARI ba="0,0" hai="21,24,30,43,45,49,54,55,78,81,84,92,96,101" machi="96" ten="40,2600,0" yaku="8,1,52,1" doraHai="98" who="2" fromWho="0" sc="210,-26,228,0,284,26,278,0" owari="184,-31.6,228,-17.2,310,41.0,278,7.8" /></mjloggm>