<mjloggm ver="2.3"><GO type="225" lobby="0"/><UN n0="%E3%81%82%E3%81%99%E3%81%AB%E3%82%83%E3%82%80" n1="%E6%9A%87%E4%BA%BA%EF%BC%A0%E9%85%8D%E4%BF%A1%E5%9E%A2" n2="%6D%75%75%6D%75%72%61" n3="%E3%81%8B%E3%82%8F%E3%81%A1%E3%82%83%E3%82%93%35%38" dan="16,17,16,16" rate="2162.16,2149.62,2165.19,2087.71" sx="F,F,F,M"/><TAIKYOKU oya="0"/><INIT seed="0,0,0,0,2,71" ten="250,250,250,250" oya="0" hai0="13,86,116,100,127,76,104,38,42,29,101,30,109" hai1="84,75,18,96,39,119,51,110,54,77,82,48,69" hai2="49,61,31,126,37,85,44,112,23,79,36,28,2" hai3="92,107,128,50,27,7,74,133,132,19,4,73,58"/><T111/><D116/><U103/><E119/><V102/><F112/><W47/><G107/><T70/><D70/><U22/><E110/><N who="0" m="41993" /><D127/><U16/><E69/><V12/><F2/><W81/><G128/><T124/><D124/><U68/><E68/><V11/><F126/><W122/><G122/><T24/><D13/><U89/><E39/><V118/><F61/><W72/><G81/><N who="0" m="47399" /><D104/><U56/><E51/><V95/><F118/><W78/><G78/><T60/><D60/><U121/><E121/><V63/><F63/><W117/><G117/><T67/><D67/><U52/><E54/><V134/><F134/><N who="3" m="51819" /><G92/><T10/><D10/><U130/><E130/><V99/><F85/><W114/><G114/><T43/><D43/><U15/><E18/><V108/><F79/><W1/><G1/><T62/><D62/><U57/><E57/><V98/><F98/><W53/><G58/><T83/><D83/><U125/><E125/><V91/><F108/><W97/><G97/><T9/><D9/><U6/><E6/><V65/><F65/><W32/><G19/><T41/><D41/><U115/><E115/><V106/><F31/><AGARI ba="0,0" hai="4,7,27,31,32,47,50,53,72,73,74" m="51819" machi="31" ten="40,1300,0" yaku="20,1" doraHai="71" who="3" fromWho="2" sc="250,0,250,0,250,-13,250,13" /><INIT seed="1,0,0,3,1,117" ten="250,250,237,263" oya="1" hai0="24,48,44,66,116,133,31,115,37,4,93,73,75" hai1="87,130,127,118,62,9,95,81,40,43,76,1,3" hai2="131,29,71,33,0,41,101,108,60,35,107,90,45" hai3="96,49,38,77,88,97,52,126,59,103,23,8,47"/><U5/><E118/><V109/><F0/><W18/><G126/><T89/><D116/><U2/><E127/><V100/><F90/><W99/><G77/><T53/><D115/><U105/><E105/><V19/><F19/><W84/><G8/><T104/><D104/><U28/><E130/><V114/><F131/><W119/><G119/><T21/><D133/><U85/><E28/><V122/><F122/><W67/><G38/><T39/><D66/><U135/><E135/><V134/><F134/><W32/><G32/><N who="2" m="12361" /><F29/><W132/><G132/><T74/><REACH who="0" step="1"/><D4/><REACH who="0" ten="240,250,237,263" step="2"/><U125/><E125/><V110/><F114/><W11/><G67/><T42/><D42/><U111/><E111/><V12/><F107/><W54/><G11/><T80/><D80/><U15/><E43/><V82/><F82/><N who="3" m="49175" /><G103/><T63/><D63/><U120/><E40/><V61/><F100/><W113/><G113/><T128/><D128/><U112/><E112/><V50/><F101/><W86/><G86/><AGARI ba="0,1" hai="21,24,31,37,39,44,48,53,73,74,75,86,89,93" machi="86" ten="40,1300,0" yaku="1,1,53,0" doraHai="117" doraHaiUra="65" who="0" fromWho="3" sc="240,23,250,0,237,0,263,-13" /><INIT seed="2,0,0,3,1,108" ten="263,250,237,250" oya="2" hai0="130,128,64,53,17,38,62,116,132,133,97,45,89" hai1="71,122,6,63,78,41,3,34,104,92,54,15,8" hai2="50,113,106,2,59,131,127,26,31,4,65,83,105" hai3="18,32,10,73,96,55,61,121,70,46,33,39,85"/><V66/><F127/><W16/><G73/><T56/><D17/><U111/><E111/><V129/><F83/><W134/><G121/><T12/><D12/><U107/><E34/><V109/><F109/><W51/><G134/><N who="0" m="51819" /><D97/><U68/><E41/><V35/><F113/><W86/><G39/><T28/><D28/><U102/><E122/><V7/><F50/><W94/><G32/><T101/><D89/><U13/><E78/><V80/><F80/><W69/><G33/><T98/><D116/><U48/><E92/><V44/><F44/><W118/><G118/><T79/><D79/><U27/><E27/><V135/><F135/><W42/><G70/><N who="0" m="42263" /><D98/><U25/><E25/><V0/><F59/><N who="3" m="35071" /><G69/><T87/><D87/><N who="3" m="33289" /><G10/><T74/><D74/><U36/><E68/><V125/><F65/><W9/><G9/><T103/><D101/><AGARI ba="0,0" hai="16,18,42,46,51,94,96,101" m="33289,35071" machi="101" ten="30,2000,0" yaku="8,1,54,1" doraHai="108" who="3" fromWho="0" sc="263,-20,250,0,237,0,250,20" /><INIT seed="3,0,0,2,0,74" ten="243,250,237,270" oya="3" hai0="128,82,10,61,62,39,54,129,48,15,87,2,76" hai1="68,120,37,9,31,126,50,102,19,0,55,93,20" hai2="25,86,65,127,91,131,125,1,4,105,49,56,111" hai3="36,75,97,70,14,99,8,5,101,107,83,34,122"/><W28/><G122/><T81/><D2/><U6/><E120/><V45/><F105/><W24/><G36/><T79/><D39/><U7/><E37/><V3/><F111/><W130/><G130/><N who="0" m="50283" /><D48/><U60/><E126/><N who="2" m="48139" /><F131/><W21/><G70/><T42/><D54/><U119/><E119/><V84/><F25/><W44/><G44/><T46/><D46/><U51/><E7/><V63/><F4/><W95/><G83/><T109/><D42/><U118/><E118/><V106/><F106/><W38/><G75/><N who="0" m="43167" /><D109/><U67/><E31/><V103/><F103/><W121/><G38/><T40/><D40/><U98/><REACH who="1" step="1"/><E55/><REACH who="1" ten="243,240,237,270" step="2"/><N who="2" m="30127" /><F86/><W90/><REACH who="3" step="1"/><G121/><REACH who="3" ten="243,240,237,260" step="2"/><T72/><D72/><U41/><E41/><V134/><F134/><W108/><G108/><T124/><D124/><U13/><AGARI ba="0,2" hai="0,6,9,13,19,20,50,51,60,67,68,93,98,102" machi="13" ten="20,2700,0" yaku="1,1,0,1,7,1,53,0" doraHai="74" doraHaiUra="115" who="1" fromWho="1" sc="243,-7,240,47,237,-7,260,-13" /><INIT seed="4,0,0,0,3,102" ten="236,287,230,247" oya="0" hai0="128,62,31,37,110,0,13,14,57,130,41,71,78" hai1="70,91,92,127,126,86,10,134,118,124,19,135,15" hai2="36,30,87,66,21,29,85,79,52,43,53,6,68" hai3="104,32,122,81,131,105,50,12,56,65,129,3,46"/><T28/><D0/><U49/><E70/><V55/><F6/><W8/><G3/><T125/><D71/><U95/><E118/><V96/><F36/><W106/><G32/><T1/><D1/><U133/><E49/><V39/><F39/><W67/><G81/><AGARI ba="0,0" hai="10,15,19,81,86,91,92,95,124,126,127,133,134,135" machi="81" ten="50,3200,0" yaku="18,1,20,1" doraHai="102" who="1" fromWho="3" sc="236,0,287,32,230,0,247,-32" owari="236,3.6,319,41.9,230,-17.0,215,-28.5" /></mjloggm>