<mjloggm ver="2.3"><GO type="225" lobby="0"/><UN n0="%E7%89%B9%E6%9D%B1%E3%81%AF%E4%B8%96%E7%95%8C%E3%82%92%E6%95%91%E3%81%86" n1="%E3%81%82%E3%81%99%E3%81%AB%E3%82%83%E3%82%80" n2="%E3%81%BF%E3%81%BF%E3%81%9A" n3="%72%69%6F%75%63%68%61%6E" dan="16,16,17,17" rate="2140.63,2121.63,2196.98,2159.92" sx="M,F,M,M"/><TAIKYOKU oya="0"/><INIT seed="0,0,0,0,0,48" ten="250,250,250,250" oya="0" hai0="100,102,49,88,41,21,119,66,8,47,90,97,130" hai1="0,86,109,125,54,73,124,101,89,7,103,18,52" hai2="79,106,135,12,42,28,55,131,36,128,5,71,6" hai3="14,118,67,114,19,27,16,87,123,45,96,43,108"/><T62/><D130/><N who="2" m="49706" /><F135/><W15/><G108/><T105/><D119/><U117/><E73/><V60/><F106/><W98/><G114/><T78/><D102/><N who="1" m="38923" /><E109/><V83/><F28/><W121/><G118/><T59/><D78/><U9/><E117/><V2/><F12/><W116/><G116/><T84/><D84/><U99/><E99/><V23/><F23/><N who="3" m="13799" /><G67/><T30/><REACH who="0" step="1"/><D8/><REACH who="0" ten="240,250,250,250" step="2"/><U22/><E86/><V120/><F79/><W68/><G87/><T10/><D10/><U32/><E89/><V17/><F120/><N who="3" m="46155" /><G68/><T33/><D33/><U51/><E32/><V94/><F71/><W111/><G111/><T24/><AGARI ba="0,1" hai="21,24,30,41,47,49,59,62,66,88,90,97,100,105" machi="24" ten="30,6000,0" yaku="1,1,0,1,54,1,53,0" doraHai="48" doraHaiUra="82" who="0" fromWho="0" sc="240,70,250,-20,250,-20,250,-20" /><INIT seed="0,1,0,0,3,93" ten="310,230,230,230" oya="0" hai0="74,76,14,23,46,68,124,27,105,126,10,24,41" hai1="134,130,54,101,113,3,55,79,131,51,62,98,1" hai2="123,29,102,135,117,20,13,87,21,100,90,94,26" hai3="22,66,31,37,32,129,84,60,61,44,92,77,81"/><T96/><D68/><U15/><E134/><V39/><F123/><W16/><G129/><N who="1" m="49162" /><E79/><V30/><F135/><W2/><G2/><T8/><D76/><U52/><E113/><V85/><F39/><W59/><G32/><T19/><D74/><U121/><E121/><V58/><F117/><W106/><G106/><T80/><D80/><U75/><E75/><V40/><F40/><W48/><G37/><T67/><D67/><U49/><E62/><V36/><F36/><W33/><G33/><T38/><D27/><U12/><E12/><V133/><F133/><W95/><G31/><T91/><D91/><U127/><E127/><N who="0" m="48681" /><D24/><U53/><E15/><V45/><F45/><W5/><G5/><T7/><D7/><U0/><N who="1" m="13312" /><DORA hai="42" /><U116/><E116/><V82/><F58/><W128/><G61/><T118/><D118/><U34/><E34/><V86/><F30/><W122/><G122/><T111/><D111/><U114/><E114/><V112/><F112/><W108/><G108/><T50/><D38/><U107/><AGARI ba="1,0" hai="0,1,3,49,51,98,101,107" m="13312,49162" machi="107" ten="50,6400,0" yaku="19,1,52,1,54,1" doraHai="93,42" who="1" fromWho="1" sc="310,-33,230,67,230,-17,230,-17" /><INIT seed="1,0,0,5,5,112" ten="277,297,213,213" oya="1" hai0="62,83,38,32,132,26,119,135,49,122,68,1,12" hai1="82,89,58,104,97,31,30,44,48,86,80,113,115" hai2="36,64,54,43,4,3,128,39,76,0,107,37,5" hai3="108,13,98,42,25,116,18,20,53,130,102,16,109"/><U17/><E80/><V84/><F54/><W88/><G130/><T69/><D38/><U60/><E113/><V99/><F84/><W35/><G42/><T74/><D1/><U61/><E115/><V14/><F14/><W92/><G116/><T50/><D122/><U59/><E17/><V8/><F64/><W124/><G124/><T2/><D2/><U71/><E71/><V45/><F76/><W127/><G127/><T120/><D120/><U87/><E104/><V106/><F128/><W73/><G73/><T90/><D12/><U22/><E97/><V111/><F111/><W52/><G35/><T10/><D10/><U114/><E114/><V63/><F63/><N who="1" m="24137" /><E87/><V56/><F56/><N who="1" m="21545" /><E22/><V46/><F99/><W27/><G102/><T125/><D125/><U118/><E118/><V105/><F46/><W34/><G34/><T23/><D32/><U77/><E77/><V41/><F43/><AGARI ba="0,0" hai="30,31,43,44,48,82,86,89" m="21545,24137" machi="43" ten="30,1500,0" yaku="8,1" doraHai="112" who="1" fromWho="2" sc="277,0,297,15,213,-15,213,0" /><INIT seed="1,1,0,0,0,7" ten="277,312,198,213" oya="1" hai0="24,113,111,129,8,130,13,30,32,64,14,62,127" hai1="41,58,25,60,121,79,93,16,10,133,54,132,39" hai2="59,73,112,110,31,80,23,6,40,83,37,15,86" hai3="68,44,105,66,57,77,100,56,95,103,11,135,123"/><U43/><E121/><V107/><F107/><W18/><G123/><T36/><D113/><U55/><E79/><V134/><F112/><W42/><G135/><N who="1" m="51786" /><E93/><V131/><F134/><W90/><G77/><T2/><D36/><U97/><E97/><V84/><F110/><W22/><G68/><T38/><D38/><U75/><E75/><V67/><F131/><N who="0" m="50186" /><D111/><U101/><E101/><V1/><F1/><W52/><G11/><T98/><D98/><U63/><E39/><V99/><F40/><W115/><G115/><T87/><D87/><N who="2" m="33322" /><F73/><W47/><G66/><T119/><D119/><U120/><E120/><V3/><F3/><W124/><G124/><T65/><D127/><U19/><E25/><N who="2" m="16831" /><F99/><N who="3" m="57847" /><G105/><T104/><D104/><U76/><E76/><V4/><F37/><W50/><G57/><N who="0" m="36943" /><D65/><U102/><E102/><N who="3" m="38954" /><G42/><T70/><D70/><U28/><E41/><V71/><F71/><W27/><AGARI ba="1,0" hai="18,22,27,44,47,50,52,56" m="38954,57847" machi="27" ten="30,2000,0" yaku="8,1,54,1" doraHai="7" who="3" fromWho="3" sc="277,-6,312,-11,198,-6,213,23" /><INIT seed="2,0,0,1,0,0" ten="271,301,192,236" oya="2" hai0="87,42,117,11,56,76,116,65,73,93,50,78,47" hai1="7,49,133,103,98,13,63,81,33,35,97,124,60" hai2="5,130,85,123,66,53,36,3,58,27,57,75,37" hai3="23,74,45,24,28,115,95,111,18,96,55,51,22"/><V68/><F123/><W125/><G111/><T88/><D73/><U119/><E119/><N who="0" m="45641" /><D11/><N who="1" m="4351" /><E35/><V46/><F75/><W72/><G125/><T8/><D8/><U79/><E33/><V6/><F3/><W43/><G115/><T114/><D114/><U120/><E124/><V61/><F130/><W126/><G126/><T77/><D65/><U102/><E120/><V110/><F110/><W105/><G105/><T34/><D34/><U2/><E2/><V48/><F36/><W25/><REACH who="3" step="1"/><G43/><REACH who="3" ten="271,301,192,226" step="2"/><N who="0" m="24959" /><D56/><U83/><E133/><V17/><F85/><W71/><G71/><T112/><D112/><U104/><E104/><V64/><F64/><W21/><G21/><T94/><D42/><U1/><E98/><V80/><F80/><AGARI ba="0,1" hai="76,77,78,80,87,88,93,94" m="24959,45641" machi="80" ten="30,2000,0" yaku="12,1,54,1" doraHai="0" who="0" fromWho="2" sc="271,30,301,0,192,-20,226,0" /><INIT seed="3,0,0,0,2,98" ten="301,301,172,226" oya="3" hai0="1,42,24,96,75,4,6,116,124,93,106,64,105" hai1="60,21,94,59,92,16,101,73,57,33,26,102,65" hai2="68,80,87,17,38,53,91,70,2,15,41,89,88" hai3="67,86,46,47,66,32,123,78,52,122,39,125,69"/><W79/><G32/><T110/><D116/><U127/><E73/><V31/><F2/><W111/><G125/><T11/><D75/><U103/><E33/><V28/><F38/><W34/><G34/><T132/><D124/><U55/><E127/><V113/><F113/><W82/><G111/><T44/><D110/><U121/><E121/><V25/><F41/><W100/><G78/><T35/><D6/><U54/><E54/><V128/><F128/><W74/><G74/><T50/><D64/><U36/><E36/><V37/><F37/><W104/><G46/><T118/><D132/><U51/><AGARI ba="0,0" hai="16,21,26,51,55,57,59,60,65,92,94,101,102,103" machi="51" ten="30,12000,2" yaku="0,1,8,1,52,3,54,1" doraHai="98" who="1" fromWho="1" sc="301,-30,301,120,172,-30,226,-60" owari="271,7.1,421,52.1,142,-35.8,166,-23.4" /></mjloggm>