<mjloggm ver="2.3"><GO type="225" lobby="0"/><UN n0="%E5%8D%A0%E3%81%84%E5%B8%AB%E8%A3%8F%E3%81%AA%E3%81%84%E3%81%97" n1="%E9%BB%92%E9%89%84%E7%8F%A0%E9%9B%AB" n2="%E3%83%81%E3%83%AF%E3%83%AF%E9%9A%8A%E9%95%B7" n3="%E3%81%B5%E3%81%98%E3%81%8B%E3%81%A4" dan="17,16,16,17" rate="2219.58,2183.24,2111.56,2222.37" sx="M,M,M,M"/><TAIKYOKU oya="0"/><INIT seed="0,0,0,5,1,104" ten="250,250,250,250" oya="0" hai0="110,130,26,56,76,22,65,114,37,77,40,21,50" hai1="92,15,39,58,54,62,133,100,125,59,95,46,57" hai2="47,127,120,124,51,118,93,81,38,4,13,99,91" hai3="67,83,69,80,101,24,8,68,60,63,119,88,29"/><T16/><D114/><U82/><E133/><V45/><F120/><W42/><G119/><T90/><D37/><U30/><E125/><N who="2" m="48203" /><F118/><W112/><G112/><T106/><D106/><U19/><E30/><V122/><F122/><W3/><G101/><T55/><D130/><U117/><E117/><V75/><F38/><W17/><G42/><T111/><D65/><U34/><E34/><V49/><F4/><W9/><G88/><T132/><D132/><U35/><E35/><V109/><F13/><W28/><G67/><T32/><D32/><U116/><E116/><V7/><F7/><W121/><G121/><T18/><D90/><U126/><E126/><V12/><F12/><W64/><G64/><T5/><D5/><U43/><E82/><V135/><F135/><W27/><REACH who="3" step="1"/><G17/><REACH who="3" ten="250,250,250,240" step="2"/><T44/><D40/><U48/><E100/><V71/><F91/><W61/><G61/><T85/><D111/><U89/><E39/><V129/><F109/><W103/><G103/><T11/><D110/><U6/><E6/><V74/><F129/><W86/><G86/><T31/><D85/><N who="1" m="52271" /><E95/><V66/><F93/><W102/><G102/><T131/><D131/><U79/><E79/><V108/><F108/><W78/><G78/><T96/><D77/><U2/><E62/><N who="2" m="40407" /><F99/><W94/><G94/><T33/><D96/><U70/><E43/><N who="2" m="24767" /><F81/><W84/><G84/><T115/><D115/><U10/><E70/><V25/><F25/><W52/><G52/><AGARI ba="0,1" hai="47,51,52,74,75" m="24767,40407,48203" machi="52" ten="30,7700,0" yaku="18,1,52,2,54,1" doraHai="104" who="2" fromWho="3" sc="250,0,250,0,250,87,240,-77" /><INIT seed="1,0,0,4,5,37" ten="250,250,337,163" oya="1" hai0="101,16,13,84,135,2,125,9,40,64,121,108,57" hai1="133,23,132,61,120,30,80,76,4,87,6,12,97" hai2="88,130,49,5,28,89,109,110,45,43,107,44,79" hai3="85,31,93,26,117,123,7,36,119,102,62,86,128"/><U68/><E120/><V134/><F107/><W114/><G123/><T69/><D121/><U75/><E97/><V78/><F130/><W8/><G36/><T81/><D108/><N who="2" m="41578" /><F134/><N who="1" m="51817" /><E75/><V25/><F5/><W83/><G128/><T103/><D2/><U18/><E30/><V96/><F45/><W52/><G114/><T38/><D69/><U129/><E129/><V90/><F96/><W14/><G102/><N who="0" m="38923" /><D38/><U11/><E23/><AGARI ba="0,0" hai="23,25,28,43,44,49,78,79,88,89,90" m="41578" machi="23" ten="30,3900,0" yaku="14,1,52,1,54,1" doraHai="37" who="2" fromWho="1" sc="250,0,250,-39,337,39,163,0" /><INIT seed="2,0,0,2,3,95" ten="250,211,376,163" oya="2" hai0="100,80,55,114,104,123,67,113,26,60,54,70,21" hai1="69,98,128,10,64,9,77,108,72,85,58,83,96" hai2="102,57,22,133,1,2,52,37,120,103,122,27,6" hai3="91,82,68,33,14,89,19,13,84,25,94,5,47"/><V66/><F37/><W39/><G68/><T124/><D123/><U117/><E117/><V90/><F66/><W126/><G126/><T42/><D124/><U88/><E69/><V73/><F73/><W34/><G5/><T30/><D42/><U49/><E108/><V38/><F38/><W63/><G13/><T12/><D80/><U65/><E128/><V43/><F43/><W130/><G130/><T125/><D125/><U110/><E110/><V18/><F133/><W23/><G39/><T106/><D12/><U36/><E36/><V0/><F6/><W127/><G127/><T115/><D100/><U87/><E72/><V111/><F111/><W51/><G63/><T8/><D8/><N who="1" m="3179" /><E49/><V56/><F56/><W119/><G14/><T7/><D7/><U48/><E48/><V112/><F112/><W20/><G20/><T79/><D79/><U31/><E31/><V59/><F59/><W53/><REACH who="3" step="1"/><G119/><REACH who="3" ten="250,211,376,153" step="2"/><T4/><D4/><U86/><E65/><V24/><F122/><W105/><G105/><T29/><D106/><U50/><E50/><V99/><F120/><W135/><G135/><T109/><D104/><U46/><E46/><V71/><F71/><W16/><G16/><T121/><D121/><U75/><E64/><V41/><F24/><W131/><G131/><T32/><D109/><U78/><E58/><V40/><F0/><W62/><G62/><T61/><D60/><U35/><E35/><V76/><F1/><W74/><G74/><T45/><D45/><U3/><E3/><V44/><F2/><W97/><AGARI ba="0,1" hai="19,23,25,33,34,47,51,53,82,84,89,91,94,97" machi="97" ten="20,5200,0" yaku="1,1,0,1,7,1,52,1,53,0" doraHai="95" doraHaiUra="129" who="3" fromWho="3" sc="250,-13,211,-13,376,-26,153,62" /><INIT seed="3,0,0,1,1,42" ten="237,198,350,215" oya="3" hai0="131,110,24,34,97,74,36,35,23,124,38,49,85" hai1="33,98,70,12,75,96,122,117,104,86,10,101,133" hai2="44,80,3,18,135,134,29,16,112,7,20,15,126" hai3="19,99,105,9,113,8,2,27,39,51,77,21,132"/><W69/><G113/><T81/><D74/><U54/><E75/><V71/><F71/><W106/><G69/><T114/><D110/><U47/><E122/><V128/><F112/><W84/><G39/><T130/><D114/><U61/><E33/><V11/><F126/><W6/><G132/><N who="2" m="50729" /><F128/><W78/><G9/><T83/><D49/><U123/><E123/><V67/><F67/><W120/><G120/><T58/><D58/><U90/><E133/><V65/><F65/><W115/><G115/><T40/><D23/><U89/><E117/><V102/><F102/><W32/><G32/><T56/><D56/><U0/><E0/><V111/><F111/><W94/><G106/><T125/><D97/><U41/><E70/><V31/><F80/><W91/><G105/><T22/><D22/><U62/><E98/><V79/><F79/><W66/><G66/><T28/><D34/><U30/><E30/><N who="2" m="11275" /><F18/><W48/><G99/><T25/><D35/><U93/><E90/><V63/><F63/><W87/><G78/><T103/><D103/><U64/><E64/><V121/><F121/><W129/><G129/><T76/><D76/><U127/><E127/><V43/><F43/><W13/><G2/><T5/><D130/><U72/><E72/><V55/><F55/><W26/><G26/><T53/><D24/><U100/><E100/><V17/><F17/><W68/><G68/><T14/><D131/><U1/><E54/><V52/><F52/><W116/><G116/><T46/><D125/><U95/><E1/><V45/><AGARI ba="0,0" hai="3,7,11,15,16,20,44,45" m="11275,50729" machi="45" ten="30,7900,0" yaku="20,1,52,2,54,1" doraHai="42" who="2" fromWho="2" sc="237,-20,198,-20,350,79,215,-39" owari="217,1.7,178,-22.2,429,52.9,176,-32.4" /></mjloggm>