<mjloggm ver="2.3"><GO type="225" lobby="0"/><UN n0="%E9%80%9F%E6%B0%B4%E5%87%9B%E9%A6%99" n1="%33%74%72%65%65" n2="%4D%50%43%32%38%30%30" n3="%E3%83%B4%E3%83%A0%EF%BC%99%E3%81%A6" dan="16,17,16,17" rate="2094.04,2180.85,2125.98,2235.93" sx="F,F,M,M"/><TAIKYOKU oya="0"/><INIT seed="0,0,0,2,4,81" ten="250,250,250,250" oya="0" hai0="22,65,93,79,48,57,69,91,88,102,130,31,25" hai1="67,23,125,87,72,15,50,108,127,0,30,33,73" hai2="89,123,55,26,82,9,97,3,8,84,44,131,4" hai3="104,64,120,59,32,68,37,45,28,101,58,86,99"/><T13/><D130/><U62/><E0/><V27/><F131/><W77/><G120/><T134/><D134/><U40/><E33/><V47/><F123/><W111/><G111/><T121/><D121/><U98/><E98/><V113/><F113/><W115/><G115/><T85/><D69/><U20/><E20/><V14/><F97/><W95/><G45/><T112/><D112/><U11/><E108/><V105/><F105/><W61/><G37/><T19/><D102/><U107/><E107/><V29/><F55/><W92/><G92/><T36/><D36/><U34/><E34/><V119/><F119/><W54/><G54/><N who="0" m="31943" /><D65/><U17/><E50/><V16/><REACH who="2" step="1"/><F27/><REACH who="2" ten="250,250,240,250" step="2"/><W109/><G109/><T52/><D52/><U49/><E127/><V75/><F75/><W7/><G104/><T126/><D126/><U100/><E72/><V110/><F110/><W35/><G99/><T38/><D38/><U117/><E73/><V63/><F63/><W122/><G61/><T46/><D46/><U71/><E125/><V83/><F83/><W74/><G74/><T39/><D39/><U24/><E117/><V70/><F70/><W51/><G68/><T53/><D53/><U129/><E129/><V66/><F66/><W10/><G64/><T116/><D116/><U12/><E67/><V114/><F114/><W94/><G122/><T132/><D132/><U78/><E71/><V76/><F76/><W43/><G58/><T60/><D60/><U2/><E62/><V128/><F128/><W56/><G59/><T21/><D93/><U103/><E78/><V133/><F133/><RYUUKYOKU ba="0,1" sc="250,15,250,-15,240,15,250,-15" hai0="13,19,21,22,25,31,79,85,88,91" hai2="3,4,8,9,14,16,26,29,44,47,82,84,89" /><INIT seed="0,1,1,4,4,91" ten="265,235,255,235" oya="0" hai0="118,38,9,117,113,86,105,7,99,52,8,76,111" hai1="79,17,62,16,132,109,126,15,39,122,33,98,41" hai2="74,13,10,20,85,44,123,32,21,45,26,116,103" hai3="81,96,78,101,83,87,42,133,90,46,71,56,104"/><T50/><D38/><U60/><E122/><V22/><F74/><W49/><G133/><T82/><D113/><U1/><E1/><V34/><F123/><W97/><G71/><T57/><D111/><U129/><E109/><V114/><F114/><W36/><G56/><T69/><D69/><U88/><E33/><V95/><F116/><W128/><G128/><T51/><D9/><U28/><E28/><V135/><F135/><W68/><G68/><T14/><REACH who="0" step="1"/><D51/><REACH who="0" ten="255,235,255,235" step="2"/><U35/><E132/><V31/><F34/><W127/><G127/><T66/><D66/><U4/><E126/><V84/><F32/><W67/><G67/><T106/><D106/><U40/><E39/><V77/><F31/><W100/><G36/><T80/><D80/><U112/><E35/><V120/><F120/><W12/><G83/><T134/><D134/><U27/><E112/><V61/><F26/><W124/><G124/><T65/><D65/><U24/><E27/><V107/><F107/><W89/><G12/><T121/><D121/><U63/><E15/><V47/><F61/><W108/><G108/><T23/><D23/><U3/><E62/><V125/><F125/><W75/><G104/><T130/><D130/><U18/><E60/><V73/><F10/><W115/><G115/><T48/><D48/><U37/><E129/><V54/><F13/><W43/><G49/><T94/><D94/><N who="1" m="56647" /><E63/><V25/><F25/><W110/><G110/><T131/><D131/><U58/><E24/><V53/><F95/><W0/><G81/><T92/><D92/><U64/><E64/><V19/><F22/><RYUUKYOKU ba="1,2" sc="255,30,235,-10,255,-10,235,-10" hai0="7,8,14,50,52,57,76,82,86,99,105,117,118" /><INIT seed="0,2,2,3,2,103" ten="285,225,245,225" oya="0" hai0="11,2,72,124,19,66,13,71,93,8,47,101,75" hai1="33,42,80,21,49,104,40,82,113,131,7,126,129" hai2="90,86,130,59,3,48,108,54,31,96,105,24,5" hai3="115,74,111,128,83,107,1,109,119,4,135,121,34"/><T84/><D124/><U53/><E33/><V78/><F108/><W18/><RYUUKYOKU type="yao9" ba="2,2" sc="285,0,225,0,245,0,225,0" hai3="1,4,18,34,74,83,107,109,111,115,119,121,128,135" /><INIT seed="0,3,2,3,5,33" ten="285,225,245,225" oya="0" hai0="32,115,69,100,36,121,101,54,45,89,79,125,104" hai1="107,67,24,22,95,116,46,106,74,80,78,128,132" hai2="17,56,27,98,25,37,108,59,85,11,134,10,6" hai3="57,72,92,30,7,86,53,75,47,34,64,131,97"/><T23/><D32/><U2/><E116/><V70/><F70/><W109/><G109/><T12/><D115/><U120/><E120/><V13/><F37/><W49/><G131/><T124/><D69/><U96/><E128/><V127/><F108/><W8/><G86/><T42/><D79/><U117/><E117/><V118/><F118/><W114/><G114/><T9/><D23/><U26/><E132/><V88/><F134/><W20/><G34/><T58/><D104/><U83/><E2/><V60/><F98/><W129/><G129/><T105/><D89/><U3/><E3/><V77/><F77/><W94/><G94/><T48/><D121/><U123/><E123/><V76/><F76/><W63/><G8/><T65/><D65/><U35/><E80/><V38/><F38/><W29/><G7/><T61/><D61/><U19/><E35/><V81/><F127/><N who="0" m="48714" /><D105/><U82/><E67/><N who="2" m="39303" /><F59/><W31/><REACH who="3" step="1"/><G20/><REACH who="3" ten="285,225,245,215" step="2"/><T66/><D66/><U52/><E22/><N who="2" m="11567" /><F6/><AGARI ba="3,3" hai="6,9,12,36,42,45,48,54,58,100,101" m="48714" machi="6" ten="30,1500,0" yaku="18,1" doraHai="33" who="0" fromWho="2" sc="285,54,225,0,245,-24,215,0" /><INIT seed="0,4,0,2,2,112" ten="339,225,221,215" oya="0" hai0="128,131,7,95,56,72,42,111,133,101,55,0,22" hai1="2,100,126,9,28,51,108,122,132,21,5,121,20" hai2="47,30,15,97,96,87,59,34,64,119,26,58,44" hai3="60,84,67,90,113,38,79,102,14,1,63,103,65"/><T57/><D72/><U19/><E100/><V129/><F129/><W77/><G1/><T86/><D42/><U127/><E51/><V66/><F87/><W27/><G38/><T3/><D7/><U23/><E108/><V50/><F15/><W45/><G113/><T12/><D133/><U88/><E88/><V118/><F50/><W134/><G14/><T4/><D56/><U32/><E19/><V33/><F26/><W120/><G120/><N who="1" m="46186" /><E132/><V114/><F30/><W105/><G134/><T53/><D53/><U24/><AGARI ba="4,0" hai="2,5,9,20,21,23,24,28,32,126,127" m="46186" machi="24" ten="40,2700,0" yaku="34,2" doraHai="112" who="1" fromWho="1" sc="339,-17,225,39,221,-11,215,-11" /><INIT seed="1,0,0,1,0,135" ten="322,264,210,204" oya="1" hai0="112,2,7,48,59,113,68,78,35,6,47,46,20" hai1="38,34,106,16,95,41,69,116,101,96,122,57,120" hai2="83,130,66,3,129,1,45,94,109,76,18,115,77" hai3="86,30,0,90,11,92,132,103,124,55,21,26,19"/><U100/><E116/><V51/><F109/><W31/><G132/><T44/><D68/><U56/><E69/><V29/><F66/><W126/><G103/><T87/><D35/><U64/><E34/><V105/><F105/><W114/><G114/><T82/><D2/><N who="2" m="522" /><F115/><W88/><G55/><N who="0" m="32231" /><D113/><U43/><E64/><V36/><F36/><W119/><G119/><T61/><D112/><U99/><E38/><V134/><F94/><W14/><G0/><T63/><D20/><U42/><REACH who="1" step="1"/><E16/><REACH who="1" ten="322,254,210,204" step="2"/><V62/><F18/><W27/><REACH who="3" step="1"/><G90/><REACH who="3" ten="322,254,210,194" step="2"/><T117/><D117/><U131/><E131/><V65/><F134/><W4/><G4/><AGARI ba="0,2" hai="4,6,7,44,46,47,61,63,78,82,87" m="32231" machi="4" ten="30,1000,0" yaku="8,1" doraHai="135" who="0" fromWho="3" sc="322,30,254,0,210,0,194,-10" /><INIT seed="2,0,0,1,1,104" ten="352,254,210,184" oya="2" hai0="46,10,21,63,28,44,75,78,54,114,89,133,96" hai1="71,70,14,61,97,79,110,24,33,69,32,82,108" hai2="6,17,38,57,101,132,19,94,43,86,52,77,130" hai3="47,107,113,80,0,129,102,56,62,109,105,41,23"/><V85/><F132/><W2/><G109/><N who="1" m="42090" /><E24/><V112/><F112/><W91/><G113/><T37/><D37/><U7/><E61/><V68/><F68/><W73/><G129/><T1/><D1/><U35/><E97/><N who="2" m="59575" /><F38/><W66/><G23/><T134/><D114/><U39/><E39/><V30/><F43/><W31/><G31/><T18/><D10/><N who="1" m="4447" /><E70/><V115/><F115/><W131/><G131/><T15/><D46/><U87/><AGARI ba="0,0" hai="32,33,35,69,71,79,82,87" m="4447,42090" machi="87" ten="40,1500,0" yaku="14,1" doraHai="104" who="1" fromWho="1" sc="352,-4,254,15,210,-7,184,-4" /><INIT seed="3,0,0,3,3,47" ten="348,269,203,180" oya="3" hai0="0,111,49,53,17,97,14,32,98,40,100,78,26" hai1="118,54,28,42,117,132,80,39,60,114,119,105,104" hai2="68,50,11,106,124,99,41,58,79,48,20,82,69" hai3="75,9,89,65,37,6,71,52,73,83,64,115,35"/><W133/><G115/><T87/><D0/><U116/><E116/><V102/><F124/><W51/><G37/><T123/><D111/><U109/><E109/><V107/><F107/><W31/><G133/><T61/><D123/><U12/><E132/><V103/><F103/><W1/><G35/><T3/><D3/><U121/><E121/><V129/><F129/><W63/><G31/><T90/><D78/><U15/><E114/><V44/><F20/><W2/><G65/><T27/><D32/><U113/><E113/><V16/><F16/><W29/><G29/><T36/><D40/><U95/><E28/><V34/><F11/><W25/><G25/><N who="0" m="9227" /><D61/><U77/><E60/><V46/><F58/><W112/><G112/><T110/><D100/><U24/><E105/><V57/><F57/><W66/><G66/><T74/><D74/><U30/><E104/><V93/><F106/><W131/><G131/><T84/><D36/><U4/><E39/><V127/><F127/><W70/><G1/><T22/><D110/><U126/><E126/><V45/><F45/><W21/><G70/><T43/><D43/><U85/><E42/><V62/><F62/><W91/><G21/><T10/><D10/><U23/><E119/><V55/><REACH who="2" step="1"/><F34/><REACH who="2" ten="348,269,193,180" step="2"/><W128/><G128/><T134/><D134/><U76/><E118/><V13/><F13/><W38/><G38/><T122/><D122/><U8/><E15/><V130/><F130/><W67/><G67/><T33/><D33/><U101/><E12/><V88/><F88/><N who="3" m="33867" /><G83/><T5/><D22/><U108/><E117/><V7/><F7/><RYUUKYOKU ba="0,1" sc="348,-15,269,-15,193,15,180,15" hai2="41,44,46,48,50,55,68,69,79,82,93,99,102" hai3="2,6,9,51,52,63,64,71,73,75" /><INIT seed="3,1,1,3,0,114" ten="333,254,208,195" oya="3" hai0="95,96,117,104,15,51,68,14,105,2,48,27,109" hai1="53,111,31,33,72,135,56,29,113,120,103,61,44" hai2="125,0,25,93,82,130,24,80,90,74,23,127,121" hai3="67,85,4,11,10,36,1,88,17,34,123,87,37"/><W18/><G123/><T32/><D2/><U8/><E111/><V30/><F0/><W77/><G34/><T78/><D68/><U20/><E33/><V134/><F121/><W50/><G67/><T52/><D117/><U39/><E113/><V98/><F134/><W66/><G66/><T91/><D109/><U112/><E112/><V94/><F130/><W40/><G77/><T79/><D48/><N who="1" m="28807" /><E39/><V21/><F94/><W41/><G85/><T59/><D105/><U84/><E72/><V131/><F131/><W126/><G126/><N who="2" m="48137" /><F74/><W12/><G18/><AGARI ba="1,1" hai="18,21,23,24,25,30,80,82,90,93,98" m="48137" machi="18" ten="30,1000,0" yaku="18,1" doraHai="114" who="2" fromWho="3" sc="333,0,254,0,208,23,195,-13" owari="333,43.3,254,5.4,231,-16.9,182,-31.8" /></mjloggm>