<mjloggm ver="2.3"><GO type="225" lobby="0"/><UN n0="%E5%8D%A0%E3%81%84%E5%B8%AB%E8%A3%8F%E3%81%AA%E3%81%84%E3%81%97" n1="%68%6F%72%69%30%39%30%31" n2="%E3%83%A9%E3%83%BC%E3%83%A1%E3%83%B3%E4%BA%94%E9%83%8E" n3="%73%6C%69%63%6B%33%31%39" dan="17,16,16,16" rate="2161.21,2056.60,2078.88,2104.24" sx="M,M,M,M"/><TAIKYOKU oya="0"/><INIT seed="0,0,0,2,0,62" ten="250,250,250,250" oya="0" hai0="87,116,41,124,53,79,98,97,43,59,6,120,131" hai1="17,2,100,35,69,32,117,3,114,108,102,14,119" hai2="122,90,36,106,71,101,74,128,104,129,23,58,55" hai3="45,82,16,113,30,84,48,27,94,83,39,70,52"/><T18/><D116/><U103/><E69/><V7/><F122/><W64/><G113/><T115/><D115/><U1/><E114/><V75/><F36/><W29/><G39/><T37/><D120/><U12/><E17/><V77/><F71/><W31/><G70/><T123/><D123/><U42/><E42/><V110/><F110/><W9/><G64/><T112/><D112/><U13/><REACH who="1" step="1"/><E108/><REACH who="1" ten="250,240,250,250" step="2"/><V65/><F128/><W61/><G31/><T107/><D18/><U133/><E133/><V135/><F129/><W0/><G30/><T73/><D131/><U76/><E76/><V126/><F77/><W33/><G16/><T95/><D43/><U24/><E24/><V92/><F135/><W5/><REACH who="3" step="1"/><G61/><REACH who="3" ten="250,240,250,240" step="2"/><T11/><D37/><U51/><E51/><V38/><F38/><W86/><G86/><T44/><D87/><U8/><E8/><V118/><F74/><W54/><G54/><T22/><D53/><U57/><E57/><V20/><F75/><W132/><G132/><T91/><D59/><U93/><E93/><V67/><F55/><W46/><G46/><T99/><D44/><U47/><E47/><V10/><F58/><W60/><G60/><T4/><D11/><U40/><E40/><V109/><F109/><W96/><G96/><N who="0" m="57471" /><D41/><U78/><E78/><V127/><F104/><W80/><G80/><N who="0" m="45167" /><D107/><U134/><E134/><V121/><F106/><W68/><G68/><T15/><D4/><U56/><E56/><V25/><F7/><W19/><G19/><N who="0" m="10623" /><D6/><U85/><E85/><V21/><F121/><W72/><G72/><T105/><D105/><RYUUKYOKU ba="0,2" sc="250,10,240,10,250,-30,240,10" hai0="97,98,99,124" hai1="1,2,3,12,13,14,32,35,100,102,103,117,119" hai3="0,5,9,27,29,33,45,48,52,82,83,84,94" /><INIT seed="0,1,2,4,1,100" ten="260,250,220,250" oya="0" hai0="31,26,33,54,18,86,19,109,7,79,81,130,40" hai1="36,131,23,128,101,89,21,2,77,13,60,68,41" hai2="112,135,30,102,71,103,74,64,15,124,52,117,122" hai3="20,98,6,17,110,27,75,56,28,91,120,0,44"/><T5/><D130/><N who="1" m="49707" /><E2/><V133/><F122/><W104/><G75/><T55/><D40/><U9/><E77/><V10/><F124/><W16/><G120/><T78/><D78/><U34/><E34/><V70/><F112/><W96/><G110/><T92/><D109/><U106/><E89/><V14/><F117/><W67/><G44/><T85/><D85/><U114/><E114/><V12/><F74/><W1/><G67/><T115/><D115/><U32/><E32/><V111/><F111/><W24/><G56/><T94/><D19/><N who="1" m="8623" /><E41/><V61/><F71/><W76/><G76/><T95/><REACH who="0" step="1"/><D18/><REACH who="0" ten="250,250,220,250" step="2"/><U48/><E36/><V4/><F30/><W108/><G108/><T63/><D63/><U87/><E87/><V119/><F119/><W83/><G17/><T127/><D127/><U121/><E48/><V123/><F123/><W118/><G118/><T29/><D29/><U47/><E121/><V113/><F113/><W53/><G28/><T105/><D105/><U88/><E106/><V22/><F10/><W84/><G104/><T126/><D126/><U39/><E60/><V65/><F61/><W46/><G16/><T37/><D37/><U59/><E39/><V66/><F70/><W99/><G27/><T8/><D8/><U125/><E68/><V80/><F4/><AGARI ba="1,3" hai="4,5,7,26,31,33,54,55,79,81,86,92,94,95" machi="4" ten="40,2000,0" yaku="1,1,53,0" doraHai="100" doraHaiUra="42" who="0" fromWho="2" sc="250,53,250,0,220,-23,250,0" /><INIT seed="0,2,0,3,1,30" ten="303,250,197,250" oya="0" hai0="74,112,115,25,37,73,11,134,3,124,12,38,84" hai1="39,77,123,24,122,95,47,44,4,46,63,103,31" hai2="14,75,40,80,15,132,18,13,90,53,29,22,41" hai3="60,85,69,35,5,108,93,78,97,59,64,71,54"/><T107/><D107/><U91/><E39/><V87/><F132/><W135/><G135/><T7/><D134/><U83/><E4/><V45/><F75/><N who="0" m="28682" /><D84/><U88/><E63/><V43/><REACH who="2" step="1"/><F29/><REACH who="2" ten="303,250,187,250" step="2"/><W2/><G108/><T21/><D112/><U118/><E122/><V9/><F9/><W82/><G71/><T61/><D115/><U113/><E113/><V49/><AGARI ba="2,1" hai="13,14,15,18,22,40,41,43,45,49,53,80,87,90" machi="49" ten="30,4000,0" yaku="1,1,0,1,8,1,53,0" doraHai="30" doraHaiUra="27" who="2" fromWho="2" sc="303,-22,250,-12,187,56,250,-12" /><INIT seed="1,0,0,1,3,77" ten="281,238,243,238" oya="1" hai0="32,118,113,71,8,103,54,36,100,83,102,55,72" hai1="92,35,76,59,12,30,125,108,69,90,107,63,41" hai2="105,64,99,133,49,60,117,109,115,42,21,114,46" hai3="93,45,29,44,87,6,106,122,84,26,75,126,94"/><U66/><E107/><V112/><F117/><W10/><G75/><T79/><D113/><U91/><E125/><V82/><F109/><W85/><G106/><T24/><D118/><U37/><E108/><V61/><F133/><W95/><G122/><T16/><D71/><U39/><E12/><V119/><F119/><W31/><G126/><T65/><D65/><U81/><E59/><V80/><F21/><W11/><G26/><T62/><D36/><U0/><E0/><V38/><F38/><W40/><G40/><T74/><D74/><U18/><E18/><V58/><REACH who="2" step="1"/><F60/><REACH who="2" ten="281,238,233,238" step="2"/><W47/><G6/><T70/><D32/><U98/><E39/><V97/><F97/><W123/><G123/><T51/><D62/><U43/><E37/><V17/><F17/><W9/><AGARI ba="0,1" hai="9,10,11,29,31,44,45,47,84,85,87,93,94,95" machi="9" ten="40,32000,5" yakuman="40" doraHai="77" who="3" fromWho="3" sc="281,-80,238,-160,233,-80,238,330" /><INIT seed="2,0,0,4,5,39" ten="201,78,153,568" oya="2" hai0="48,102,51,14,34,15,31,124,82,115,98,123,58" hai1="40,131,100,94,74,35,33,57,91,64,24,83,27" hai2="106,6,42,25,61,86,79,85,117,1,29,11,43" hai3="38,112,9,111,55,93,7,32,103,66,122,26,71"/><V67/><F117/><W0/><G122/><T4/><D123/><U17/><E131/><V95/><F106/><W21/><G38/><T69/><D69/><U132/><E132/><V108/><F108/><W107/><G111/><T28/><D115/><U121/><E121/><V104/><F104/><W60/><G112/><T90/><D34/><U92/><E100/><V78/><F78/><W59/><G107/><T73/><D73/><U13/><E35/><V127/><F127/><W84/><G32/><T56/><D4/><U72/><E33/><V47/><F47/><W46/><G46/><T20/><D20/><U134/><E134/><V63/><F63/><W77/><G77/><T2/><D2/><U23/><E72/><V10/><F10/><W76/><G76/><T88/><D102/><U3/><E3/><V65/><F65/><W19/><G84/><T129/><D129/><U12/><E74/><V89/><F85/><W81/><G81/><T118/><D82/><U125/><E125/><V68/><F79/><W36/><G36/><T41/><D124/><U54/><E83/><V75/><F75/><W37/><G37/><T70/><D98/><N who="1" m="57631" /><E94/><V16/><F16/><W5/><G5/><T105/><D105/><U120/><E120/><V87/><F86/><W50/><G93/><T135/><D135/><U130/><E130/><V18/><F18/><W62/><G103/><T97/><D118/><U45/><E64/><V113/><F113/><W30/><G19/><T8/><D8/><U110/><E110/><V114/><F114/><W49/><AGARI ba="0,0" hai="0,7,9,21,26,30,49,50,55,59,60,62,66,71" machi="49" ten="30,1100,0" yaku="0,1" doraHai="39" who="3" fromWho="3" sc="201,-3,78,-3,153,-5,568,11" /><INIT seed="3,0,0,0,5,83" ten="198,75,148,579" oya="3" hai0="134,111,41,105,123,117,79,132,39,24,110,65,11" hai1="95,114,70,77,15,81,35,30,21,104,32,94,16" hai2="78,102,56,63,113,86,1,42,92,116,103,99,72" hai3="48,29,0,49,44,43,88,87,108,71,9,23,127"/><W119/><G119/><T7/><D65/><U38/><E70/><V14/><F1/><W135/><G71/><T96/><D79/><U12/><E38/><V25/><F113/><W40/><G127/><T34/><D24/><U80/><E104/><V75/><F116/><W18/><G135/><T50/><D50/><U128/><E128/><V51/><F103/><W64/><G64/><T36/><D34/><U106/><E106/><V22/><F14/><W89/><G29/><T6/><D6/><U115/><E30/><N who="2" m="17719" /><F51/><W27/><G108/><T8/><D39/><U133/><E133/><V53/><F72/><W93/><G0/><T19/><D36/><U120/><E120/><V98/><F75/><W130/><G130/><T124/><D124/><U66/><E66/><V129/><F129/><W60/><G60/><T82/><D123/><U13/><E32/><V31/><F99/><N who="3" m="57767" /><G9/><T85/><D8/><U107/><E35/><V101/><F101/><W57/><G57/><T131/><D131/><U55/><E107/><V3/><F3/><W90/><G87/><T28/><D85/><N who="1" m="48271" /><E55/><V112/><F112/><N who="1" m="43049" /><E81/><N who="2" m="47415" /><F31/><W121/><G121/><T84/><D28/><U20/><E20/><V109/><F42/><N who="3" m="15915" /><G48/><T91/><D134/><U74/><E74/><V76/><F53/><AGARI ba="0,0" hai="18,23,27,44,49,53,89,90" m="15915,57767" machi="53" ten="30,2900,0" yaku="8,1,54,1" doraHai="83" who="3" fromWho="2" sc="198,0,75,0,148,-29,579,29" owari="198,-0.2,75,-42.5,119,-28.1,608,70.8" /></mjloggm>