<mjloggm ver="2.3"><GO type="225" lobby="0"/><UN n0="%E8%81%B7%E6%A5%AD%E3%80%81%E9%A2%A8%32" n1="%E7%B4%94%E6%BD%94%E3%83%94%E3%83%A9%E3%83%8B%E3%82%A2" n2="%67%61%79%75%6E%79" n3="%E3%81%93%E3%81%8F%E3%82%89%E3%82%AB%E3%83%90%E8%94%B5" dan="16,16,16,17" rate="2098.49,2091.83,2060.67,2143.93" sx="M,M,M,M"/><TAIKYOKU oya="0"/><INIT seed="0,0,0,5,4,63" ten="250,250,250,250" oya="0" hai0="76,112,19,100,110,58,49,124,33,47,105,10,91" hai1="101,21,6,51,109,64,90,41,23,22,54,129,120" hai2="35,72,2,89,103,34,121,107,29,78,98,11,3" hai3="93,130,38,30,4,28,114,134,88,73,36,62,104"/><T70/><D70/><U48/><E120/><V37/><F121/><W18/><G104/><T40/><D33/><N who="2" m="12298" /><F29/><W68/><G114/><T135/><D112/><U27/><E109/><V82/><F11/><W7/><G73/><T15/><D110/><U75/><E75/><V16/><F16/><W52/><G130/><T24/><D124/><U113/><E129/><V39/><F89/><W118/><G118/><T85/><D135/><U81/><E101/><V50/><F50/><W99/><G134/><T95/><D24/><U31/><E6/><N who="3" m="2090" /><G36/><AGARI ba="0,0" hai="2,3,36,37,39,72,78,82,98,103,107" m="12298" machi="36" ten="30,2000,0" yaku="33,2" doraHai="63" who="2" fromWho="3" sc="250,0,250,0,250,20,250,-20" /><INIT seed="1,0,0,2,5,111" ten="250,250,270,230" oya="1" hai0="72,12,26,117,102,39,114,60,35,89,84,28,18" hai1="40,33,44,50,135,8,61,108,88,47,4,121,64" hai2="82,41,0,36,32,74,134,94,109,103,112,70,13" hai3="119,104,3,85,67,69,55,127,25,133,42,91,52"/><U43/><E108/><V77/><F109/><W123/><G3/><T129/><D117/><U92/><E135/><V37/><F134/><W87/><G133/><T101/><D72/><U58/><E33/><V5/><F70/><W93/><G123/><T107/><D107/><U29/><E29/><V132/><F132/><W46/><G119/><T22/><D39/><U6/><E121/><V65/><F65/><W14/><G127/><T24/><D114/><U105/><E105/><V66/><F66/><W125/><G125/><T75/><D75/><U83/><E83/><V81/><F81/><W106/><G106/><T17/><D60/><U116/><E116/><V76/><F76/><W23/><G104/><T130/><D18/><U68/><E68/><V1/><F32/><W2/><G2/><T96/><D35/><U122/><E8/><N who="2" m="2095" /><F13/><W78/><G14/><T126/><D126/><U7/><E122/><V90/><F103/><W38/><G85/><T27/><D28/><U34/><E34/><V9/><F41/><N who="1" m="15945" /><E50/><V71/><F71/><W56/><G78/><T124/><D96/><AGARI ba="0,0" hai="4,6,7,44,47,58,61,64,88,92,96" m="15945" machi="96" ten="30,2900,0" yaku="8,1,54,1" doraHai="111" who="1" fromWho="0" sc="250,-29,250,29,270,0,230,0" /><INIT seed="1,1,0,5,4,32" ten="221,279,270,230" oya="1" hai0="132,83,126,87,135,28,63,94,47,56,39,107,29" hai1="118,41,40,45,9,61,115,46,50,111,5,12,85" hai2="124,23,84,42,91,71,123,72,100,33,113,66,1" hai3="95,81,116,104,19,134,24,101,90,112,74,26,110"/><U106/><E106/><V93/><F123/><W125/><G19/><T44/><D107/><U131/><E115/><V102/><F33/><W58/><G58/><T2/><D126/><U31/><E118/><V79/><F1/><W10/><G10/><T128/><D2/><U127/><E127/><V18/><F124/><W35/><G24/><T27/><D94/><U14/><E131/><V53/><F113/><W92/><G26/><T99/><D99/><U21/><E111/><V120/><F42/><W15/><G15/><T78/><D128/><U11/><E61/><V54/><F120/><W70/><G90/><T13/><D13/><U109/><E109/><V82/><F66/><W48/><G48/><T65/><D29/><U130/><E130/><V59/><F71/><W8/><G8/><T30/><D30/><U22/><E85/><N who="2" m="52463" /><F72/><W121/><G81/><T98/><D98/><U129/><E129/><V52/><F59/><W62/><G70/><T69/><D69/><U4/><REACH who="1" step="1"/><E31/><REACH who="1" ten="221,269,270,230" step="2"/><V64/><F64/><W117/><G112/><T119/><D119/><U7/><E7/><V97/><F97/><W38/><G104/><T6/><D6/><U108/><E108/><V34/><F34/><W60/><G35/><N who="0" m="20895" /><D39/><AGARI ba="1,1" hai="4,5,9,11,12,14,21,22,39,40,41,45,46,50" machi="39" ten="30,5800,0" yaku="1,1,7,1,9,1,53,0" doraHai="32" doraHaiUra="67" who="1" fromWho="0" sc="221,-61,269,71,270,0,230,0" /><INIT seed="1,2,0,4,3,131" ten="160,340,270,230" oya="1" hai0="116,60,81,75,132,118,25,94,80,46,104,109,31" hai1="49,92,127,65,43,95,114,52,42,16,72,36,13" hai2="12,22,50,17,85,112,103,93,21,53,18,48,101" hai3="78,61,79,77,27,30,3,38,89,6,39,105,98"/><U123/><E123/><V102/><F112/><W122/><G122/><T134/><D104/><U47/><E114/><V2/><F2/><W88/><G3/><T91/><D109/><U26/><E72/><V11/><F11/><W28/><G6/><T57/><D46/><U34/><E127/><V69/><F69/><W96/><G61/><T9/><D9/><U120/><E120/><V62/><F62/><W59/><G59/><T24/><D118/><U54/><E65/><V1/><F1/><W130/><G105/><T115/><D116/><U41/><E36/><N who="3" m="13866" /><G27/><N who="0" m="10315" /><D31/><N who="3" m="11817" /><G130/><T0/><D75/><U10/><E34/><V113/><F113/><W108/><G108/><T128/><D0/><U68/><E68/><V73/><F73/><W124/><G124/><T33/><D33/><U63/><E26/><N who="2" m="14639" /><F53/><W133/><G133/><N who="0" m="51307" /><D128/><U35/><E35/><V8/><F8/><W106/><G106/><T86/><D115/><U76/><E76/><N who="3" m="19458" /><W125/><DORA hai="32" /><G125/><T74/><D74/><U110/><E110/><V23/><F23/><W40/><G40/><T51/><D51/><U67/><E67/><AGARI ba="2,0" hai="57,60,67,80,81,86,91,94" m="51307,10315" machi="67" ten="30,7700,0" yaku="20,1,52,3" doraHai="131,32" who="0" fromWho="1" sc="160,83,340,-83,270,0,230,0" /><INIT seed="2,0,0,1,2,36" ten="243,257,270,230" oya="2" hai0="118,115,99,122,71,114,72,95,1,108,98,8,86" hai1="63,80,76,37,74,70,110,44,23,133,27,52,81" hai2="96,112,62,100,54,28,75,41,5,0,9,119,2" hai3="77,51,113,131,22,13,105,64,104,82,103,94,126"/><V7/><F119/><W15/><G64/><T130/><D71/><U101/><E110/><V106/><F112/><W135/><G113/><T89/><D1/><U56/><E133/><V24/><F75/><W132/><G51/><T67/><D67/><U46/><E70/><V84/><F84/><N who="3" m="48207" /><G13/><T48/><D72/><U10/><E81/><V116/><F116/><W78/><G15/><T107/><D108/><U49/><E37/><V83/><F83/><W16/><G16/><T117/><D122/><U88/><E101/><V97/><F97/><N who="3" m="59831" /><G22/><T14/><D117/><U33/><E33/><V40/><F54/><W55/><G55/><T20/><D20/><U65/><E10/><V47/><F62/><W43/><G43/><T102/><D118/><U59/><E88/><V34/><F47/><W19/><G19/><AGARI ba="0,0" hai="19,23,27,44,46,49,52,56,59,63,65,74,76,80" machi="19" ten="30,2000,0" yaku="7,1,54,1" doraHai="36" who="1" fromWho="3" sc="243,0,257,20,270,0,230,-20" /><INIT seed="3,0,0,5,5,116" ten="243,277,270,210" oya="3" hai0="107,37,55,4,1,132,22,112,50,118,61,131,40" hai1="134,23,7,66,14,29,89,39,129,113,125,90,99" hai2="119,18,43,9,34,6,32,48,0,103,56,88,38" hai3="98,33,91,62,45,86,114,53,121,8,115,102,110"/><W15/><G33/><T71/><D107/><U59/><E113/><V35/><F119/><W68/><G110/><T5/><D118/><U79/><E39/><V27/><F103/><W63/><G114/><T26/><D112/><U104/><E125/><V11/><F38/><W92/><G115/><T126/><D126/><U109/><E109/><V3/><F43/><W42/><G121/><T31/><D1/><N who="2" m="586" /><F88/><W80/><G68/><T128/><D132/><U44/><E134/><V96/><F96/><W100/><G102/><T65/><D5/><U87/><E129/><V84/><F84/><W60/><G42/><T122/><D4/><U70/><E70/><V17/><F48/><N who="3" m="28815" /><G62/><T130/><D122/><U72/><E72/><V120/><F56/><W93/><G92/><T97/><D40/><U106/><E44/><V117/><F117/><W30/><G30/><T13/><D37/><U2/><E29/><N who="2" m="19519" /><F120/><W85/><G86/><T135/><D135/><U49/><E87/><V69/><F69/><W94/><G94/><T67/><D97/><U54/><E106/><V16/><F9/><W47/><G47/><N who="0" m="28127" /><D67/><U105/><E66/><V75/><F75/><W74/><G74/><T46/><D46/><U21/><E105/><V52/><F52/><W20/><G8/><T28/><D28/><U101/><E54/><V76/><F76/><W111/><G111/><T123/><D123/><U83/><E59/><V73/><F73/><W10/><G10/><T127/><D127/><U81/><E79/><V133/><F133/><W12/><G20/><N who="1" m="7754" /><E104/><V58/><F58/><W82/><G82/><RYUUKYOKU ba="0,0" sc="243,10,277,-30,270,10,210,10" hai0="13,22,26,31,61,65,71,128,130,131" hai2="6,11,16,17,18,34,35" hai3="12,15,60,63,80,85,91,93,98,100" /><INIT seed="3,1,0,0,4,91" ten="253,247,280,220" oya="3" hai0="52,48,24,59,38,58,32,123,93,126,56,31,107" hai1="78,5,65,22,100,131,57,94,105,132,50,8,121" hai2="97,23,30,118,12,66,85,112,115,4,27,39,114" hai3="37,69,103,79,71,17,108,28,113,10,83,68,60"/><W45/><G113/><T90/><D107/><U9/><E121/><V35/><F118/><W104/><G28/><T80/><D38/><U11/><E131/><V3/><F39/><W61/><G108/><T92/><D123/><U26/><E105/><V54/><F66/><W84/><G104/><T134/><D126/><U13/><E78/><V129/><F129/><W82/><G103/><T130/><D134/><U40/><E132/><V87/><F54/><W53/><G82/><T122/><D122/><U86/><E40/><V133/><F133/><W70/><N who="3" m="17408" /><DORA hai="124" /><W14/><REACH who="3" step="1"/><G53/><REACH who="3" ten="253,247,280,210" step="2"/><T102/><D130/><U67/><E67/><V96/><F30/><W7/><G7/><T101/><D80/><U64/><E65/><V49/><F4/><W120/><G120/><T29/><D31/><N who="1" m="17879" /><E100/><V125/><F115/><W75/><G75/><T111/><D111/><U6/><E6/><V72/><F114/><W25/><G25/><T95/><D101/><U63/><E50/><V135/><F112/><W77/><G77/><T99/><D95/><U41/><E41/><AGARI ba="1,1" hai="10,14,17,37,41,45,60,61,79,83,84" m="17408" machi="41" ten="70,12000,1" yaku="1,1,53,2" doraHai="91,124" doraHaiUra="73,81" who="3" fromWho="1" sc="253,0,247,-123,280,0,210,133" owari="253,-14.7,124,-37.6,280,8.0,343,44.3" /></mjloggm>