<mjloggm ver="2.3"><GO type="225" lobby="0"/><UN n0="%6D%75%75%6D%75%72%61" n1="%E3%81%AF%E3%82%88%E3%81%8A%E3%81%98%E3%81%95%E3%82%93" n2="%48%61%61%61%6C%61%6E%64" n3="%E2%91%A3%E9%81%BF%E9%81%8A%E6%88%AF%E3%80%90%E6%9D%B1%E5%8D%97%E3%80%91" dan="17,16,17,16" rate="2185.01,2144.01,2153.15,2134.69" sx="F,M,M,M"/><TAIKYOKU oya="0"/><INIT seed="0,0,0,1,1,10" ten="250,250,250,250" oya="0" hai0="48,134,108,50,77,81,64,123,97,104,46,40,73" hai1="42,128,34,19,7,109,61,92,3,49,54,131,80" hai2="125,45,29,75,93,99,8,60,85,5,4,132,84" hai3="86,20,44,43,58,17,36,89,115,90,6,70,129"/><T26/><D123/><U120/><E120/><V47/><F75/><W83/><G115/><T105/><D134/><U68/><E34/><V23/><F125/><W15/><G70/><T106/><D108/><U32/><E32/><V98/><F60/><W88/><G129/><T31/><D64/><U72/><E109/><V112/><F112/><W65/><G65/><T9/><D50/><U110/><E110/><V127/><F127/><W116/><G116/><T96/><REACH who="0" step="1"/><D9/><REACH who="0" ten="240,250,250,250" step="2"/><N who="1" m="2303" /><E49/><V135/><F8/><W103/><G6/><T124/><D124/><U133/><E133/><V76/><F132/><W79/><G58/><T30/><D30/><U28/><E28/><V25/><F135/><W102/><AGARI ba="0,1" hai="15,17,20,36,43,44,79,83,86,88,89,90,102,103" machi="102" ten="30,4000,0" yaku="0,1,52,1,54,1" doraHai="10" who="3" fromWho="3" sc="240,-20,250,-10,250,-10,250,50" /><INIT seed="1,0,0,4,4,67" ten="220,240,240,300" oya="1" hai0="121,78,15,3,91,4,39,124,12,46,31,22,74" hai1="110,114,50,80,49,120,125,79,8,95,68,135,30" hai2="47,71,133,113,73,17,34,90,51,26,94,44,126" hai3="83,99,82,54,111,27,16,127,41,20,42,131,89"/><U61/><E114/><V88/><F113/><W109/><G127/><T28/><D124/><U134/><E120/><V100/><F126/><W57/><G131/><T24/><D121/><U33/><E125/><V56/><F73/><W23/><G82/><N who="0" m="45399" /><D31/><U62/><E110/><N who="3" m="41994" /><G23/><T96/><D91/><U36/><E36/><V37/><F71/><W117/><G117/><T104/><D96/><U81/><E95/><V0/><F0/><W11/><G11/><N who="0" m="2463" /><D104/><U119/><E119/><V70/><F90/><W72/><G72/><T75/><D75/><U58/><E8/><V115/><F88/><W18/><G18/><T77/><D77/><U5/><E5/><V92/><F17/><W9/><G9/><T87/><D87/><U43/><E30/><V21/><F21/><W101/><G83/><T32/><D22/><U122/><E33/><V107/><F34/><W29/><G29/><T128/><D128/><U2/><E2/><V129/><F129/><W97/><G89/><T19/><D19/><U112/><E122/><V65/><F115/><W63/><G99/><T103/><D103/><U7/><E7/><V76/><F100/><W6/><G6/><T130/><D130/><U105/><E105/><AGARI ba="0,0" hai="16,20,27,41,42,54,57,63,97,101,105" m="41994" machi="105" ten="30,2000,0" yaku="14,1,54,1" doraHai="67" who="3" fromWho="1" sc="220,0,240,-20,240,0,300,20" /><INIT seed="2,0,0,4,1,1" ten="220,220,240,320" oya="2" hai0="89,97,13,7,63,29,26,28,33,19,74,11,20" hai1="119,133,64,52,109,71,22,51,78,76,121,49,46" hai2="37,23,91,105,128,77,80,87,41,112,93,113,48" hai3="123,72,94,12,53,68,67,81,61,25,90,127,39"/><V98/><BYE who="1" /><F37/><W59/><G123/><UN n1="%E3%81%AF%E3%82%88%E3%81%8A%E3%81%98%E3%81%95%E3%82%93" /><T30/><D74/><U122/><E119/><V75/><F128/><W106/><G106/><T111/><D63/><N who="1" m="40351" /><E109/><V10/><F23/><W43/><G127/><T34/><D89/><U95/><E133/><V2/><F41/><W70/><G72/><T124/><D97/><U116/><E116/><V45/><F2/><W35/><G81/><T60/><D60/><U58/><E22/><V40/><REACH who="2" step="1"/><F10/><REACH who="2" ten="220,220,230,320" step="2"/><W102/><G43/><T3/><D111/><U92/><E122/><V9/><F9/><W125/><G39/><T99/><D124/><U117/><E121/><V103/><AGARI ba="0,1" hai="40,45,48,75,77,80,87,91,93,98,103,105,112,113" machi="103" ten="30,11700,0" yaku="1,1,0,1,24,2,53,0" doraHai="1" doraHaiUra="4" who="2" fromWho="2" sc="220,-39,220,-39,230,127,320,-39" /><INIT seed="2,1,0,5,3,80" ten="181,181,357,281" oya="2" hai0="117,71,68,77,12,1,55,11,114,46,33,119,92" hai1="48,100,70,15,58,22,69,93,60,120,52,6,89" hai2="40,61,66,0,23,118,106,14,112,111,62,42,103" hai3="133,49,121,105,135,45,115,30,3,37,21,31,98"/><V7/><F112/><W81/><G115/><T51/><D114/><U74/><E74/><V13/><F118/><N who="0" m="45066" /><D1/><U39/><E39/><V87/><F0/><W18/><G37/><T104/><D104/><U25/><E120/><V79/><F106/><W109/><G3/><T134/><D33/><U8/><E100/><V82/><F103/><N who="3" m="62711" /><G81/><T126/><D126/><U102/><E102/><V54/><F111/><W101/><G101/><T94/><D77/><U36/><E36/><V9/><F54/><N who="3" m="29999" /><G121/><T29/><D134/><N who="3" m="51209" /><G109/><T127/><D29/><U17/><E48/><V123/><F123/><W131/><G131/><T95/><D127/><U84/><AGARI ba="1,0" hai="6,8,15,17,22,25,52,58,60,69,70,84,89,93" machi="84" ten="20,5200,0" yaku="0,1,7,1,52,1,54,1" doraHai="80" who="1" fromWho="1" sc="181,-14,181,55,357,-27,281,-14" /><INIT seed="3,0,0,2,1,28" ten="167,236,330,267" oya="3" hai0="45,46,120,58,82,110,96,35,118,106,89,68,36" hai1="16,91,0,122,43,70,64,8,127,88,39,11,50" hai2="85,77,74,30,20,67,72,9,53,34,134,99,40" hai3="63,98,22,18,15,80,49,71,123,1,29,119,90"/><W55/><G123/><T51/><D120/><U128/><E122/><V117/><F34/><W132/><G132/><T126/><D68/><U135/><E39/><V24/><F117/><W104/><G119/><T3/><D118/><U61/><E135/><V76/><F134/><W26/><G1/><T93/><D110/><U33/><E33/><V121/><F121/><W31/><G31/><T13/><D3/><U81/><E127/><V2/><F40/><W75/><G75/><T102/><D126/><U59/><E128/><V66/><F53/><W41/><G41/><T97/><D36/><U79/><E11/><V130/><F74/><W44/><G71/><T7/><D35/><U124/><E124/><V38/><F72/><W111/><G111/><T14/><D82/><U83/><E70/><V19/><F2/><W84/><G63/><T109/><D109/><U94/><E79/><V116/><F130/><W4/><G104/><T101/><D7/><U32/><E91/><V78/><F30/><W6/><REACH who="3" step="1"/><G98/><REACH who="3" ten="167,236,330,257" step="2"/><T25/><D106/><U73/><E73/><V105/><F99/><W10/><AGARI ba="0,1" hai="4,6,10,15,18,22,26,29,44,49,55,80,84,90" machi="10" ten="20,18000,2" yaku="1,1,2,1,0,1,7,1,25,2,8,1,53,0" doraHai="28" doraHaiUra="131" who="3" fromWho="3" sc="167,-60,236,-60,330,-60,257,190" owari="107,-39.3,176,-22.4,270,7.0,447,54.7" /></mjloggm>