<mjloggm ver="2.3"><GO type="225" lobby="0"/><UN n0="%E5%80%89%E6%A9%8B%EF%BC%A0%E4%BA%8B%E5%8B%99" n1="%E6%A1%9C%E8%8A%B1%E9%96%83%E3%80%85" n2="%53%63%61%6E%64%61%6C" n3="%66%72%61%63%74%75%72%65" dan="16,16,16,16" rate="2108.09,2148.94,2112.29,2034.57" sx="M,M,M,M"/><TAIKYOKU oya="0"/><INIT seed="0,0,0,2,0,18" ten="250,250,250,250" oya="0" hai0="116,113,9,27,3,121,31,61,103,91,67,36,19" hai1="99,110,41,73,120,58,130,35,74,38,133,53,49" hai2="30,88,105,46,57,20,54,82,8,85,65,6,92" hai3="16,95,55,68,81,102,78,15,60,2,37,112,86"/><T62/><D113/><U125/><E99/><V63/><F105/><W69/><G112/><T1/><D116/><U135/><E35/><V5/><F8/><W10/><G37/><T28/><D121/><U118/><E118/><V124/><F124/><W11/><G102/><T72/><D72/><U24/><E120/><V26/><F82/><W134/><G134/><N who="1" m="51210" /><E125/><V66/><F46/><W126/><G95/><T129/><D36/><U117/><E117/><V108/><F108/><W13/><G2/><T70/><D129/><U50/><E110/><V94/><F94/><W119/><G119/><T39/><D39/><U52/><E130/><V100/><F100/><W0/><G0/><T12/><D103/><U42/><E24/><V128/><F128/><W34/><G34/><T47/><D31/><U43/><E38/><V80/><F92/><W98/><G98/><T122/><D122/><U14/><E14/><V109/><F109/><W76/><G76/><T71/><D91/><U131/><E131/><V77/><F77/><W48/><G60/><T44/><D1/><U97/><E97/><V115/><F115/><W21/><G126/><T132/><D3/><U96/><E96/><V111/><F111/><W64/><G64/><AGARI ba="0,0" hai="5,6,20,26,30,54,57,63,64,65,66,80,85,88" machi="64" ten="40,5200,0" yaku="8,1,52,1,54,1" doraHai="18" who="2" fromWho="3" sc="250,0,250,0,250,52,250,-52" /><INIT seed="1,0,0,0,3,101" ten="250,250,302,198" oya="1" hai0="35,84,102,106,98,23,56,73,24,61,43,119,12" hai1="10,117,25,60,123,38,44,67,131,37,57,58,41" hai2="70,17,110,11,120,81,39,55,126,27,69,59,94" hai3="30,82,3,9,85,88,109,91,125,129,40,28,135"/><U0/><E117/><V50/><F120/><W108/><G129/><T36/><D73/><U79/><E123/><V103/><F110/><N who="3" m="42603" /><G135/><T8/><D119/><U4/><E131/><V74/><F126/><W118/><G118/><T134/><D134/><U68/><E38/><V89/><F39/><W105/><G105/><T107/><D35/><U96/><E25/><V115/><F103/><W71/><G71/><T6/><D84/><U34/><E34/><V66/><F66/><W42/><G125/><T99/><D43/><N who="3" m="16425" /><G91/><T15/><D36/><U95/><REACH who="1" step="1"/><E79/><REACH who="1" ten="250,240,302,198" step="2"/><V20/><F115/><W124/><G124/><T83/><D24/><U121/><E121/><V1/><F27/><W5/><AGARI ba="0,1" hai="3,5,9,28,30,82,85,88" m="16425,42603" machi="5" ten="30,2000,0" yaku="14,1,54,1" doraHai="101" who="3" fromWho="3" sc="250,-5,240,-10,302,-5,198,30" /><INIT seed="2,0,0,1,5,72" ten="245,230,297,228" oya="2" hai0="105,32,27,116,95,67,114,113,25,51,18,22,8" hai1="37,80,128,2,109,93,28,110,17,64,111,7,132" hai2="16,78,9,14,91,121,4,74,129,33,54,88,48" hai3="76,47,119,133,61,81,60,79,83,15,101,24,44"/><V50/><F121/><W106/><G119/><T130/><D105/><U70/><E128/><V120/><F120/><W125/><G133/><T124/><D130/><U43/><E132/><V31/><F129/><W96/><G125/><T117/><D67/><U102/><E28/><V34/><F31/><W41/><G24/><T23/><D51/><U135/><E135/><V87/><F74/><W38/><G15/><N who="0" m="7527" /><D95/><U86/><E17/><V42/><F42/><W100/><G100/><T36/><D36/><U10/><E64/><V49/><F33/><W82/><REACH who="3" step="1"/><G44/><REACH who="3" ten="245,230,297,218" step="2"/><T46/><D46/><N who="1" m="23919" /><E70/><V103/><F103/><W69/><G69/><T62/><D124/><U0/><E102/><V35/><F35/><W39/><G39/><T12/><D32/><U89/><E93/><V90/><F34/><W57/><G57/><T56/><D12/><AGARI ba="0,1" hai="0,2,7,10,12,80,86,89,109,110,111" m="23919" machi="12" ten="30,1000,0" yaku="14,1" doraHai="72" who="1" fromWho="0" sc="245,-10,230,20,297,0,218,0" /><INIT seed="3,0,0,4,4,85" ten="235,250,297,218" oya="3" hai0="117,44,115,22,129,75,18,28,90,6,55,30,38" hai1="34,46,21,73,94,132,14,83,3,64,4,116,27" hai2="77,79,105,97,80,52,51,8,86,50,41,40,25" hai3="103,70,37,107,65,95,131,54,45,125,112,106,71"/><W135/><G112/><T47/><D75/><U24/><E132/><V123/><F123/><W39/><G135/><T26/><D117/><U96/><E116/><V43/><F105/><W82/><G131/><T101/><D129/><U111/><E111/><V76/><F97/><W56/><G125/><T100/><D115/><U124/><E124/><V98/><F98/><W92/><G82/><T7/><D38/><U119/><E34/><V2/><F25/><W20/><G20/><T102/><D55/><U19/><E64/><V36/><F36/><W84/><G103/><T109/><D109/><U121/><E46/><N who="0" m="17449" /><D90/><U104/><E104/><N who="3" m="39978" /><G84/><T93/><D93/><U42/><E94/><V61/><F8/><W62/><G71/><T13/><D13/><U63/><E14/><V49/><F2/><W87/><G87/><T53/><D53/><U33/><E3/><V59/><AGARI ba="0,0" hai="40,41,43,49,50,51,52,59,61,76,77,79,80,86" machi="59" ten="40,5200,0" yaku="0,1,8,1,54,1" doraHai="85" who="2" fromWho="2" sc="235,-13,250,-13,297,52,218,-26" owari="222,-17.8,237,3.7,349,44.9,192,-30.8" /></mjloggm>