<mjloggm ver="2.3"><GO type="225" lobby="0"/><UN n0="%4E%49%4A%49%49%52%4F" n1="%E3%82%B7%E3%83%B3%E5%A4%AA%E6%9C%97" n2="%E5%BE%80%E5%B9%B4%E3%81%AE%E3%82%B4%E3%83%AA%E3%83%A9" n3="%6D%75%75%6D%75%72%61" dan="16,16,16,16" rate="2200.65,2139.59,2113.46,2141.71" sx="M,M,M,F"/><TAIKYOKU oya="0"/><INIT seed="0,0,0,1,2,16" ten="250,250,250,250" oya="0" hai0="101,100,2,48,124,62,67,122,41,113,75,21,85" hai1="135,14,11,88,74,63,61,15,134,37,83,4,77" hai2="121,78,105,5,70,51,34,68,129,43,127,7,44" hai3="130,52,47,3,102,97,114,45,40,80,109,119,28"/><T31/><D122/><U69/><E37/><V26/><F121/><W106/><G114/><T38/><D113/><U89/><E15/><V42/><F129/><W50/><G119/><T0/><D38/><U58/><E69/><V23/><F34/><W82/><G109/><T128/><D75/><U13/><E14/><V92/><F105/><W22/><G3/><T112/><D112/><U17/><E4/><V19/><F127/><W8/><G8/><T133/><D128/><U95/><E61/><V96/><F78/><W94/><G106/><T35/><D133/><N who="1" m="50699" /><E95/><V55/><F70/><W6/><G6/><N who="2" m="2057" /><F68/><W30/><G130/><T64/><D35/><U91/><E91/><AGARI ba="0,0" hai="19,23,26,42,43,44,51,55,91,92,96" m="2057" machi="91" ten="30,2000,0" yaku="8,1,52,1" doraHai="16" who="2" fromWho="1" sc="250,0,250,-20,250,20,250,0" /><INIT seed="1,0,0,4,2,9" ten="250,230,270,250" oya="1" hai0="90,98,75,13,100,36,74,44,52,122,42,14,91" hai1="53,129,31,35,54,83,132,104,63,6,11,88,17" hai2="30,68,50,96,79,121,103,20,55,66,80,77,29" hai3="106,69,3,28,4,118,33,38,22,125,45,48,41"/><U5/><E104/><V85/><F121/><W65/><G125/><T131/><D131/><U40/><E129/><V26/><F79/><W70/><G118/><T21/><D122/><U34/><E132/><V51/><F30/><W128/><G128/><T119/><D119/><U10/><E40/><V47/><F68/><W117/><G117/><T7/><D7/><U87/><E17/><V73/><F66/><W134/><G134/><T16/><D52/><U84/><E31/><V101/><F73/><W89/><G33/><T72/><REACH who="0" step="1"/><D14/><REACH who="0" ten="240,230,270,250" step="2"/><U18/><E5/><V46/><F96/><W108/><G4/><T2/><D2/><U43/><E6/><V113/><F113/><W58/><G3/><T99/><D99/><U135/><E135/><V120/><F120/><W0/><G0/><T126/><D126/><U23/><E43/><AGARI ba="0,1" hai="20,26,29,43,46,47,50,51,55,77,80,85,101,103" machi="43" ten="30,2000,0" yaku="7,1,8,1" doraHai="9" who="2" fromWho="1" sc="240,0,230,-20,270,30,250,0" /><INIT seed="2,0,0,5,5,34" ten="240,210,300,250" oya="2" hai0="125,107,5,75,9,97,129,37,26,135,17,58,11" hai1="38,130,122,7,79,50,134,82,54,85,64,23,96" hai2="49,105,121,103,2,12,108,6,14,86,115,15,62" hai3="56,29,114,30,104,117,98,13,19,71,128,84,101"/><V94/><F115/><W35/><G117/><T127/><D75/><U31/><E130/><V133/><F121/><W57/><G128/><T24/><D37/><U52/><E134/><V41/><F133/><W93/><G114/><T77/><D77/><U53/><E122/><V102/><F105/><W48/><G71/><T91/><D135/><U76/><E38/><V126/><F126/><N who="0" m="48138" /><D129/><U36/><E36/><V44/><F62/><W100/><G35/><T21/><D26/><N who="1" m="16863" /><E64/><V132/><F108/><W43/><G101/><N who="0" m="62895" /><D91/><N who="1" m="51639" /><E7/><V87/><F132/><W72/><G72/><T118/><D118/><U39/><E39/><V113/><F113/><W33/><G33/><T88/><D5/><U16/><E96/><V69/><F87/><W8/><G104/><T119/><D119/><U109/><E109/><V10/><F69/><W111/><G111/><T65/><D65/><U106/><E106/><V59/><F86/><W81/><G30/><T22/><D22/><U73/><E73/><V67/><F67/><W78/><G29/><T4/><D4/><U90/><E90/><V51/><F103/><W55/><REACH who="3" step="1"/><G43/><REACH who="3" ten="240,210,300,240" step="2"/><T66/><D9/><U112/><E112/><V61/><F102/><W99/><G99/><T120/><D11/><U74/><E74/><V68/><F68/><W131/><G131/><T70/><D120/><U46/><E16/><V60/><F41/><AGARI ba="0,1" hai="41,46,50,52,53,54,76,79" m="51639,16863" machi="41" ten="30,2000,0" yaku="8,1,54,1" doraHai="34" who="1" fromWho="2" sc="240,0,210,30,300,-20,240,0" /><INIT seed="3,0,0,1,3,30" ten="240,240,280,240" oya="3" hai0="50,126,42,129,91,103,38,120,63,131,39,134,110" hai1="130,109,117,67,101,2,84,111,96,94,23,35,92" hai2="46,5,26,76,59,57,115,36,61,14,47,121,118" hai3="13,82,62,4,48,79,37,0,132,31,112,7,66"/><W90/><G37/><N who="0" m="13835" /><D91/><N who="1" m="53351" /><E2/><V34/><F115/><W128/><G112/><T86/><D86/><U106/><E67/><V3/><F118/><W43/><G0/><T9/><D9/><U21/><E35/><V127/><F127/><W119/><G119/><T44/><D103/><U29/><E117/><V33/><F121/><W60/><G31/><T97/><D97/><N who="1" m="61743" /><E29/><V89/><F76/><W49/><G90/><T25/><D25/><U104/><E104/><V22/><F89/><W41/><G13/><T133/><D126/><U69/><E69/><V27/><F36/><W54/><G79/><T70/><D120/><U135/><E130/><N who="0" m="49673" /><D110/><N who="1" m="41995" /><E135/><V102/><F26/><W12/><G128/><T125/><D125/><U17/><E17/><V122/><F122/><W52/><G12/><T55/><D70/><U93/><E93/><V8/><F3/><W116/><G116/><T108/><D108/><U124/><E124/><V75/><F27/><W11/><G132/><N who="0" m="50795" /><D63/><U74/><E74/><V107/><F61/><W88/><G82/><T80/><D80/><U71/><E71/><V1/><F1/><W98/><G98/><T113/><D113/><U32/><E32/><V18/><F34/><W51/><G62/><T45/><D45/><N who="2" m="16906" /><F33/><W77/><G60/><T58/><D58/><N who="2" m="22026" /><F75/><W65/><G4/><T95/><D95/><U85/><E85/><V15/><F107/><W100/><G100/><AGARI ba="0,0" hai="21,23,94,96,100" m="41995,61743,53351" machi="100" ten="30,1000,0" yaku="14,1" doraHai="30" who="1" fromWho="3" sc="240,0,240,10,280,0,240,-10" /><AGARI ba="0,0" hai="5,8,14,15,18,22,100,102" m="22026,16906" machi="100" ten="30,1000,0" yaku="8,1" doraHai="30" who="2" fromWho="3" sc="240,0,250,0,280,10,230,-10" /><INIT seed="4,0,0,2,1,106" ten="240,250,290,220" oya="0" hai0="97,91,127,55,70,29,68,86,13,8,34,30,61" hai1="114,27,87,82,95,6,58,50,126,47,65,67,85" hai2="48,101,105,90,19,130,59,84,99,112,135,38,12" hai3="119,116,5,120,4,36,9,76,74,81,14,18,134"/><T10/><D127/><U17/><E126/><V102/><F38/><W80/><G134/><T110/><D110/><U23/><E114/><V115/><F135/><W26/><G120/><T93/><D34/><U133/><E6/><V25/><F25/><W0/><G36/><T32/><D32/><U117/><E117/><V49/><F102/><W7/><G0/><T22/><D68/><U108/><E108/><V51/><F59/><W109/><G109/><T118/><D118/><U44/><E44/><V72/><F72/><W37/><G37/><T131/><D131/><U104/><E104/><V100/><F100/><W129/><G129/><T2/><D2/><U98/><E58/><V96/><F96/><W66/><G66/><T42/><D42/><U125/><E87/><V89/><F130/><W63/><G63/><T24/><D30/><U43/><E125/><V69/><F69/><W3/><G3/><T62/><D70/><U64/><E133/><V53/><F53/><W132/><G132/><T124/><D124/><U21/><E21/><N who="2" m="11495" /><F84/><W40/><G40/><T54/><D86/><U57/><E57/><V83/><F83/><W35/><REACH who="3" step="1"/><G80/><REACH who="3" ten="240,250,290,210" step="2"/><T123/><D123/><U88/><REACH who="1" step="1"/><E67/><REACH who="1" ten="240,240,290,210" step="2"/><V113/><AGARI ba="0,2" hai="48,49,51,89,90,99,101,105,112,113,115" m="11495" machi="113" ten="40,1500,0" yaku="15,1" doraHai="106" who="2" fromWho="2" sc="240,-7,240,-4,290,35,210,-4" owari="233,-16.7,236,3.6,325,42.5,206,-29.4" /></mjloggm>