<mjloggm ver="2.3"><GO type="225" lobby="0"/><UN n0="%E4%B8%89%E5%86%A0%E7%8E%8B%E3%83%BB%E5%B1%B1%E7%94%B0%E5%93%B2%E4%BA%BA" n1="%72%69%6F%75%63%68%61%6E" n2="%43%68%65" n3="%33%74%72%65%65" dan="16,17,16,17" rate="2159.33,2231.40,2160.28,2188.31" sx="M,M,M,F"/><TAIKYOKU oya="0"/><INIT seed="0,0,0,3,3,58" ten="250,250,250,250" oya="0" hai0="65,78,4,66,72,129,45,20,134,112,3,47,32" hai1="70,54,76,93,17,55,2,128,40,43,5,81,85" hai2="64,116,115,19,0,50,104,99,130,29,46,132,67" hai3="121,14,88,59,9,62,133,90,25,101,82,102,42"/><T41/><D32/><U56/><E128/><V15/><F115/><W27/><G133/><T113/><D129/><U103/><E70/><V95/><F0/><W110/><G110/><T126/><D134/><U10/><E54/><V80/><F132/><W33/><G33/><T35/><D35/><U92/><E17/><V23/><F116/><W119/><G42/><T1/><D126/><U37/><E103/><N who="3" m="39434" /><G121/><T108/><D20/><U127/><E127/><V34/><F104/><W28/><G119/><T114/><D108/><U16/><E16/><V52/><F130/><W91/><G82/><N who="0" m="45383" /><D47/><U79/><E79/><V51/><F80/><W68/><G68/><T18/><D18/><U74/><E85/><V36/><F36/><W60/><G28/><T105/><D1/><U98/><E98/><V38/><F38/><W30/><G30/><T22/><D22/><U53/><E53/><N who="2" m="29911" /><F29/><W117/><G117/><T13/><D105/><U31/><E31/><V86/><F34/><W123/><G123/><T97/><D97/><U12/><E12/><V69/><F69/><W89/><N who="3" m="22528" /><DORA hai="21" /><W6/><G59/><T75/><D75/><U109/><E109/><V84/><F99/><W57/><G57/><T124/><D124/><U111/><E111/><V26/><F15/><W61/><AGARI ba="0,0" hai="6,9,14,25,27,60,61,62" m="22528,39434" machi="61" ten="50,12000,2" yaku="8,1,52,5,54,1" doraHai="58,21" who="3" fromWho="3" sc="250,-60,250,-30,250,-30,250,120" /><INIT seed="1,0,0,4,0,119" ten="190,220,220,370" oya="1" hai0="21,68,98,8,95,6,3,125,99,108,46,103,29" hai1="5,52,112,97,88,4,116,115,134,69,74,28,71" hai2="63,24,55,118,129,44,111,11,59,105,86,34,17" hai3="70,94,66,124,39,9,81,106,47,19,130,35,79"/><U56/><E116/><V96/><F118/><W22/><G106/><T113/><D113/><U120/><E120/><V13/><F111/><W82/><G35/><T58/><D108/><U76/><E134/><V84/><F129/><W45/><G130/><T133/><D125/><U15/><E115/><V14/><F44/><W18/><G124/><T131/><D131/><U83/><E112/><V61/><F61/><W50/><G39/><T31/><D68/><U16/><E28/><V65/><F55/><W57/><G70/><T110/><D110/><U102/><E71/><V85/><F14/><N who="3" m="7503" /><G94/><T30/><D133/><U122/><E122/><V60/><F60/><N who="3" m="38159" /><G79/><T0/><D0/><U26/><E69/><V12/><F12/><N who="3" m="9575" /><G45/><T121/><D121/><U20/><E15/><V123/><F123/><W75/><G75/><T78/><D78/><U127/><E127/><V25/><F34/><W107/><G107/><T72/><D72/><U53/><E53/><AGARI ba="0,0" hai="47,50,53,81,82" m="9575,38159,7503" machi="53" ten="30,1000,0" yaku="8,1" doraHai="119" who="3" fromWho="1" sc="190,0,220,-10,220,0,370,10" /><INIT seed="2,0,0,5,4,33" ten="190,210,220,380" oya="2" hai0="24,96,6,1,109,29,119,135,62,54,106,122,74" hai1="28,85,14,105,15,124,39,49,79,55,61,42,44" hai2="50,30,100,20,0,112,86,104,58,70,53,114,127" hai3="94,82,41,115,2,108,93,120,68,31,95,13,36"/><V110/><F70/><W45/><G120/><T77/><D122/><U47/><E124/><V71/><F71/><W78/><G108/><T27/><D109/><U125/><E125/><V133/><F110/><W134/><G68/><T38/><D135/><U46/><E105/><V3/><F127/><W52/><G134/><T60/><D119/><U56/><E44/><V75/><F75/><W32/><G2/><T35/><D38/><U65/><REACH who="1" step="1"/><E28/><REACH who="1" ten="190,200,220,380" step="2"/><V118/><F133/><W80/><G31/><T51/><D106/><U117/><E117/><V57/><F118/><W99/><G45/><T8/><D27/><U121/><E121/><V26/><F114/><W73/><G115/><T126/><D126/><U43/><E43/><V87/><F112/><W21/><G41/><T17/><D96/><U132/><E132/><V37/><F37/><W88/><G36/><T107/><D107/><U102/><E102/><V19/><F30/><W113/><G99/><T111/><D111/><U22/><E22/><V69/><F100/><W64/><G21/><T18/><D62/><U4/><E4/><V67/><F104/><W12/><G113/><T11/><D60/><U123/><E123/><V7/><F7/><W5/><G5/><T9/><D9/><U34/><E34/><V59/><F26/><W81/><G32/><T90/><D11/><U98/><E98/><V23/><F23/><W92/><G13/><T76/><D90/><U129/><E129/><V16/><F20/><W130/><N who="3" m="23552" /><DORA hai="25" /><W97/><G130/><T40/><D40/><U91/><E91/><V48/><F19/><RYUUKYOKU ba="0,1" sc="190,-10,200,30,220,-10,380,-10" hai1="14,15,39,42,46,47,49,55,56,61,65,79,85" /><INIT seed="3,1,1,0,2,57" ten="180,230,210,370" oya="3" hai0="99,83,116,68,1,33,115,130,14,36,88,48,77" hai1="32,121,108,111,109,55,66,72,76,51,2,54,3" hai2="71,50,87,101,23,75,103,44,17,70,124,73,127" hai3="123,18,91,20,47,15,94,27,58,29,16,10,46"/><W64/><G123/><T96/><D116/><U12/><E121/><V35/><F35/><W119/><G119/><T113/><D1/><U120/><E120/><V5/><F5/><W78/><G78/><T25/><D36/><U9/><E32/><V21/><F87/><N who="3" m="52607" /><G29/><N who="0" m="19631" /><D68/><N who="2" m="26154" /><F50/><W69/><G69/><T79/><D130/><U11/><E66/><V41/><F44/><W4/><G4/><T80/><D14/><U129/><E129/><V6/><F41/><W52/><G64/><T24/><D24/><U37/><E37/><V102/><F6/><W31/><G31/><T105/><D48/><AGARI ba="1,1" hai="10,15,16,18,20,27,46,47,48,52,58" m="52607" machi="48" ten="30,5800,0" yaku="8,1,54,2" doraHai="57" who="3" fromWho="0" sc="180,-61,230,0,210,0,370,71" owari="119,-38.1,230,3.0,210,-19.0,441,54.1" /></mjloggm>