<mjloggm ver="2.3"><GO type="225" lobby="0"/><UN n0="%E3%83%81%E3%83%83%E3%82%BF%E3%82%BD%E3%83%BC" n1="%E3%83%A9%E3%83%BC%E3%83%A1%E3%83%B3%E4%BA%94%E9%83%8E" n2="%E6%A1%9C%E8%8A%B1%E9%96%83%E3%80%85" n3="%E6%B4%BE%E9%81%A3%E3%81%AE%E3%82%B8%E3%83%A3%E3%83%83%E3%82%AF" dan="17,16,16,17" rate="2181.11,2111.41,2199.72,2189.02" sx="F,M,M,M"/><TAIKYOKU oya="0"/><INIT seed="0,0,0,0,2,11" ten="250,250,250,250" oya="0" hai0="19,83,54,115,110,94,122,16,107,35,29,78,28" hai1="75,92,96,40,118,71,117,47,104,52,62,33,3" hai2="8,34,9,84,49,50,128,64,80,133,132,45,76" hai3="79,100,13,129,91,126,43,130,39,65,109,95,22"/><T66/><D107/><U12/><E3/><V6/><F128/><W82/><G109/><T18/><D110/><U135/><E75/><V41/><F34/><W1/><G1/><T90/><D115/><U116/><E33/><V124/><F124/><W131/><G65/><T46/><D122/><U97/><E104/><V87/><F64/><W10/><G100/><T32/><D66/><U123/><E123/><V69/><F69/><W57/><G57/><T67/><D67/><U17/><E71/><V0/><F50/><W36/><G22/><T51/><D32/><U23/><E135/><N who="2" m="51787" /><F8/><W59/><G59/><T112/><D35/><U111/><E111/><V53/><F87/><N who="3" m="48607" /><G43/><AGARI ba="0,0" hai="0,6,9,41,43,45,49,53,76,80,84" m="51787" machi="43" ten="30,1000,0" yaku="20,1" doraHai="11" who="2" fromWho="3" sc="250,0,250,0,250,10,250,-10" /><INIT seed="1,0,0,1,3,67" ten="250,250,260,240" oya="1" hai0="129,65,114,26,78,94,33,17,45,66,39,96,56" hai1="36,61,32,97,69,68,130,35,79,48,20,102,54" hai2="110,28,13,0,63,119,133,37,55,103,121,22,134" hai3="24,115,108,52,9,16,71,106,99,112,2,132,100"/><U82/><E36/><V64/><F119/><W62/><G108/><T122/><D129/><U12/><E130/><V111/><F0/><W6/><G132/><N who="2" m="50793" /><F121/><W75/><G75/><T27/><D122/><U83/><E12/><V127/><F103/><W40/><G40/><T77/><D114/><U135/><E20/><V60/><F13/><W131/><G131/><T4/><D4/><U53/><E135/><V49/><F22/><W51/><G62/><N who="2" m="23593" /><F28/><W72/><G72/><T126/><D126/><U125/><E125/><V70/><F127/><W10/><G71/><T31/><D26/><U86/><E83/><V19/><F19/><W3/><G3/><T118/><D17/><U89/><E79/><V105/><F105/><W73/><G73/><T50/><D118/><U116/><E116/><V44/><F37/><W113/><G113/><T74/><D39/><U109/><E32/><V7/><F7/><W84/><G84/><T120/><D120/><U101/><E35/><V34/><F34/><W91/><G91/><T59/><D74/><U76/><E76/><V11/><F11/><W98/><G98/><T1/><D1/><U107/><E101/><V23/><F23/><N who="3" m="13415" /><G10/><T95/><D77/><U46/><REACH who="1" step="1"/><E109/><REACH who="1" ten="250,240,260,240" step="2"/><V14/><F14/><W92/><G112/><T104/><D78/><U85/><E85/><V8/><F8/><W128/><G115/><T81/><D81/><U15/><E15/><V117/><F117/><W87/><G128/><T5/><D33/><U21/><E21/><V30/><F30/><W42/><G87/><T41/><D31/><U93/><E93/><RYUUKYOKU ba="0,1" sc="250,-15,240,15,260,15,240,-15" hai1="46,48,53,54,61,68,69,82,86,89,97,102,107" hai2="44,49,55,64,70,110,111" /><INIT seed="1,1,1,0,1,13" ten="235,255,275,225" oya="1" hai0="37,118,122,108,105,39,133,5,81,56,20,100,19" hai1="1,78,95,14,7,79,66,43,8,92,31,125,54" hai2="9,50,47,44,10,80,51,131,98,74,127,12,45" hai3="42,91,119,121,62,113,83,2,82,101,106,102,75"/><U68/><E125/><V24/><F127/><W0/><G42/><T103/><D118/><U71/><E71/><V36/><F36/><W70/><G121/><T130/><D108/><U128/><E128/><V97/><F131/><W126/><G113/><T4/><D130/><U132/><E132/><V67/><F67/><W18/><G126/><T59/><D133/><U23/><E68/><V87/><F24/><W6/><G119/><T107/><D81/><U104/><E104/><V134/><F74/><W124/><G124/><T3/><D20/><U112/><E112/><V117/><F117/><W73/><G106/><T90/><D90/><U46/><E66/><V25/><F25/><W26/><G70/><T41/><D41/><U22/><E43/><V53/><F9/><W52/><G26/><T34/><D34/><U65/><BYE who="0" /><E65/><UN n0="%E3%83%81%E3%83%83%E3%82%BF%E3%82%BD%E3%83%BC" /><V49/><F53/><W129/><G129/><T96/><D122/><U109/><E109/><V84/><F84/><W30/><G30/><T21/><D21/><N who="1" m="7691" /><E1/><V69/><F69/><W85/><G75/><T120/><D120/><U72/><E72/><V111/><F111/><W38/><G38/><T86/><D3/><U40/><E40/><V99/><F134/><W11/><G2/><T116/><D116/><U29/><E29/><V77/><REACH who="2" step="1"/><F47/><REACH who="2" ten="235,255,265,225" step="2"/><W135/><G135/><T55/><D55/><U17/><E31/><V115/><F115/><W64/><G52/><T63/><D37/><U110/><E110/><V60/><F60/><W89/><G62/><T32/><D39/><U48/><E7/><AGARI ba="1,2" hai="7,10,12,44,45,49,50,51,77,80,87,97,98,99" machi="7" ten="40,8000,1" yaku="1,1,8,1,53,3" doraHai="13" doraHaiUra="93" who="2" fromWho="1" sc="235,0,255,-83,265,103,225,0" /><INIT seed="2,0,0,1,0,104" ten="235,172,368,225" oya="2" hai0="39,54,78,0,128,125,89,25,127,48,38,120,53" hai1="80,37,72,42,85,66,94,18,3,7,64,33,119" hai2="95,92,131,90,46,12,112,59,99,50,96,114,97" hai3="65,40,84,52,15,70,130,101,123,6,107,23,88"/><V21/><F131/><W35/><G123/><T11/><D120/><U58/><E119/><V86/><F112/><W28/><G40/><T122/><D122/><U49/><E33/><V8/><F114/><W45/><G130/><T55/><D128/><U27/><E37/><V87/><F59/><W134/><G134/><T29/><D78/><U16/><E3/><V24/><F21/><W93/><G23/><T76/><D76/><U63/><E7/><V110/><F24/><N who="3" m="18823" /><G6/><N who="0" m="1479" /><D89/><U113/><E113/><V5/><F110/><W9/><G9/><T17/><D17/><U121/><E121/><V69/><F69/><W82/><G15/><T91/><D91/><U105/><E105/><V68/><F68/><W115/><G115/><T22/><D48/><U14/><E72/><V124/><F124/><AGARI ba="0,0" hai="22,25,29,38,39,53,54,55,124,125,127" m="1479" machi="124" ten="30,1000,0" yaku="18,1" doraHai="104" who="0" fromWho="2" sc="235,10,172,0,368,-10,225,0" /><INIT seed="3,0,0,0,0,130" ten="245,172,358,225" oya="3" hai0="122,115,54,2,96,77,9,13,31,66,5,59,49" hai1="110,86,132,92,15,120,8,30,57,105,90,80,116" hai2="128,114,36,82,75,52,17,112,133,28,61,19,81" hai3="35,68,69,119,108,64,46,88,11,34,104,97,93"/><W14/><G119/><T72/><D122/><U113/><E120/><V6/><F133/><W121/><G121/><T89/><D115/><U91/><E113/><V12/><F36/><W70/><G64/><T98/><D31/><U118/><E110/><V125/><F128/><W65/><G65/><T79/><D2/><U106/><E30/><V24/><F81/><W117/><G117/><N who="1" m="45162" /><E57/><V123/><F125/><W107/><G46/><T102/><D89/><U37/><E37/><V39/><F39/><W21/><G21/><T87/><D72/><U53/><E53/><V42/><F42/><W29/><G108/><T74/><D74/><U131/><E15/><V78/><F6/><W76/><G76/><T40/><D40/><U62/><E62/><V94/><F94/><W7/><REACH who="3" step="1"/><G29/><REACH who="3" ten="245,172,358,215" step="2"/><T20/><D66/><U47/><E47/><V43/><F123/><W83/><G83/><N who="0" m="47599" /><D20/><U109/><E109/><V48/><F112/><W50/><G50/><T18/><D49/><U16/><E131/><V22/><F114/><W45/><G45/><T111/><D111/><U41/><E41/><V84/><F43/><W95/><G95/><N who="0" m="58655" /><D54/><U58/><E8/><N who="2" m="6279" /><F61/><W3/><G3/><T26/><D59/><U44/><E58/><V60/><F60/><W124/><G124/><T85/><D9/><U99/><E44/><N who="2" m="27655" /><F28/><W127/><G127/><T73/><D79/><U4/><E106/><AGARI ba="0,1" hai="7,11,14,34,35,68,69,70,88,93,97,104,106,107" machi="106" ten="50,12000,1" yaku="1,1,54,1,53,3" doraHai="130" doraHaiUra="100" who="3" fromWho="1" sc="245,0,172,-120,358,0,215,130" /><INIT seed="3,1,0,0,3,130" ten="245,52,358,345" oya="3" hai0="134,84,68,60,76,14,10,49,128,54,23,16,37" hai1="57,20,85,79,18,70,12,120,71,35,97,94,7" hai2="11,2,115,31,33,43,1,58,89,61,8,87,124" hai3="82,116,24,106,42,5,50,29,53,92,117,46,86"/><W22/><G106/><T113/><D37/><U99/><E120/><V126/><F115/><W15/><G92/><T30/><D128/><U65/><E35/><V100/><F100/><W36/><G5/><T110/><D110/><U112/><E112/><V62/><F43/><W133/><G133/><T0/><D134/><U45/><E70/><V64/><F61/><W67/><G15/><T28/><D113/><U38/><E71/><V32/><F11/><W73/><G73/><T13/><D0/><N who="2" m="106" /><F31/><W104/><G104/><T111/><D111/><U48/><E38/><V103/><F8/><W107/><G107/><T39/><D39/><U41/><E7/><V135/><F103/><W131/><G67/><T59/><D68/><U34/><E34/><V122/><F135/><W119/><G131/><T44/><D84/><U91/><E79/><V9/><F9/><W17/><G29/><T90/><D76/><U108/><E108/><V21/><F21/><W123/><G123/><T81/><D90/><U75/><E75/><V56/><F56/><W102/><G102/><T121/><D81/><U101/><E101/><V118/><F118/><W114/><G114/><T6/><REACH who="0" step="1"/><D121/><REACH who="0" ten="235,52,358,345" step="2"/><U98/><REACH who="1" step="1"/><E85/><REACH who="1" ten="235,42,358,345" step="2"/><V125/><F122/><W66/><G116/><T132/><D132/><U96/><E96/><V74/><F74/><W88/><G66/><AGARI ba="1,2" hai="6,10,13,14,16,23,28,30,44,49,54,59,60,66" machi="66" ten="30,7700,0" yaku="1,1,7,1,8,1,54,1,53,0" doraHai="130" doraHaiUra="77" who="0" fromWho="3" sc="235,100,42,0,358,0,345,-80" owari="335,13.5,42,-45.8,358,45.8,265,-13.5" /></mjloggm>