<mjloggm ver="2.3"><GO type="225" lobby="0"/><UN n0="%E5%AF%82%E5%AF%9E%E3%82%AE%E3%83%8D%E3%82%B9%E3%83%93%E3%83%BC%E3%83%AB" n1="%E3%81%99%E3%81%84%E3%81%BE%E3%81%9B%E3%83%BC%E3%82%93" n2="%E7%B4%94%E6%BD%94%E3%83%94%E3%83%A9%E3%83%8B%E3%82%A2" n3="%E3%81%AF%E3%82%88%E3%81%8A%E3%81%98%E3%81%95%E3%82%93" dan="16,16,17,17" rate="2148.14,2085.79,2299.56,2201.64" sx="M,M,M,M"/><TAIKYOKU oya="0"/><INIT seed="0,0,0,2,2,22" ten="250,250,250,250" oya="0" hai0="26,66,7,56,103,32,5,54,121,134,73,31,24" hai1="105,126,63,55,135,37,94,57,35,106,9,59,104" hai2="83,72,69,85,44,74,23,100,133,108,19,3,75" hai3="6,92,11,36,116,96,47,88,87,13,124,98,118"/><T70/><D121/><U52/><E126/><V12/><F69/><W80/><G124/><T109/><D73/><U107/><E135/><V30/><F133/><W62/><G62/><T111/><D134/><U131/><E131/><V102/><F3/><W81/><G98/><T45/><D45/><U50/><E37/><V8/><F108/><N who="0" m="41546" /><D103/><U41/><E35/><V4/><F30/><W86/><G36/><T117/><D117/><U49/><N who="1" m="26624" /><DORA hai="14" /><U112/><E112/><V25/><REACH who="2" step="1"/><F44/><REACH who="2" ten="250,250,240,250" step="2"/><W127/><G47/><T29/><D70/><U33/><E33/><V128/><F128/><W122/><G127/><T61/><D66/><U129/><E129/><V71/><F71/><W89/><REACH who="3" step="1"/><G122/><REACH who="3" ten="250,250,240,240" step="2"/><T48/><D61/><U39/><E63/><V101/><F101/><AGARI ba="0,2" hai="6,11,13,80,81,86,87,88,89,92,96,101,116,118" machi="101" ten="30,16000,3" yaku="1,1,2,1,7,1,9,1,54,1,53,3" doraHai="22,14" doraHaiUra="93,78" who="3" fromWho="2" sc="250,0,250,0,240,-160,240,180" /><INIT seed="1,0,0,0,3,66" ten="250,250,80,420" oya="1" hai0="77,2,52,127,85,135,59,71,87,105,117,86,55" hai1="13,10,26,9,46,11,76,97,121,130,102,28,5" hai2="58,47,131,93,45,73,133,112,65,60,116,39,63" hai3="90,114,104,99,53,129,64,115,110,69,124,57,119"/><U92/><E121/><V107/><F107/><W118/><G110/><T94/><D105/><U15/><E130/><V88/><F73/><W106/><G129/><T123/><D117/><N who="3" m="44553" /><G124/><T20/><D127/><U30/><E76/><V80/><F131/><W75/><G75/><T113/><D113/><N who="3" m="43017" /><G64/><T103/><D2/><U23/><E30/><V61/><F133/><W67/><G67/><T22/><D71/><U128/><E128/><V126/><F126/><W134/><G69/><T40/><D40/><U132/><E132/><V19/><F116/><W125/><G134/><T34/><D34/><U35/><REACH who="1" step="1"/><E46/><REACH who="1" ten="250,240,80,420" step="2"/><N who="2" m="17419" /><F112/><W109/><G125/><T18/><D135/><U81/><E81/><V21/><F80/><W41/><G109/><T33/><D123/><U51/><E51/><V62/><F39/><W48/><G41/><T3/><D77/><U37/><E37/><V44/><N who="2" m="17427" /><V42/><DORA hai="50" /><F42/><W32/><G32/><T31/><D33/><U14/><E14/><N who="2" m="9463" /><F62/><W100/><G48/><T24/><D3/><U96/><E96/><AGARI ba="0,1" hai="58,60,61,63,65,88,93,96" m="9463,17427" machi="96" ten="30,2000,0" yaku="8,1,54,1" doraHai="66,50" who="2" fromWho="1" sc="250,0,240,-20,80,30,420,0" /><INIT seed="2,0,0,3,1,97" ten="250,220,110,420" oya="2" hai0="27,38,49,76,65,108,25,5,72,4,45,122,64" hai1="39,34,70,103,74,35,104,22,101,30,18,114,14" hai2="46,44,130,81,106,126,124,120,53,98,110,24,71" hai3="13,1,66,116,57,89,11,0,82,92,52,54,99"/><V96/><F71/><W68/><G116/><T59/><D122/><U78/><E114/><V100/><F120/><W80/><G0/><T111/><D38/><U50/><E39/><V134/><F130/><W36/><G1/><T77/><D45/><U28/><E70/><V40/><F134/><W2/><G2/><T133/><D49/><U73/><E104/><V9/><F110/><W79/><G36/><T129/><D59/><U62/><E62/><V75/><F9/><W15/><G15/><T128/><REACH who="0" step="1"/><D72/><REACH who="0" ten="240,220,110,420" step="2"/><U51/><E74/><V56/><F40/><W132/><G57/><T87/><D87/><U26/><E73/><V6/><F6/><W90/><G68/><T86/><D86/><U31/><E51/><V16/><F96/><W37/><G37/><T93/><D93/><U135/><E50/><N who="2" m="30775" /><F75/><W105/><G99/><T17/><D17/><U109/><E135/><AGARI ba="0,1" hai="4,5,25,27,64,65,76,77,108,111,128,129,133,135" machi="135" ten="25,8000,1" yaku="1,1,22,2,53,2" doraHai="97" doraHaiUra="127" who="0" fromWho="1" sc="240,90,220,-80,110,0,420,0" /><INIT seed="3,0,0,5,5,23" ten="330,140,110,420" oya="3" hai0="86,50,19,85,47,60,132,101,35,95,46,70,0" hai1="133,3,77,34,26,63,53,20,116,43,118,42,112" hai2="135,56,92,4,121,87,14,93,107,33,45,113,21" hai3="13,52,22,65,108,134,24,16,30,39,25,57,44"/><W104/><G104/><T75/><D75/><U80/><E112/><V49/><F107/><W84/><G39/><T83/><D132/><U1/><E34/><V61/><F33/><W27/><G134/><T96/><D0/><N who="1" m="75" /><E53/><V79/><F121/><W62/><G108/><T94/><D35/><U102/><E63/><V31/><F113/><W99/><G99/><T58/><D70/><U82/><E102/><V32/><F32/><W127/><G127/><T69/><D69/><U28/><E82/><N who="2" m="47583" /><F135/><W8/><G84/><T126/><D126/><U124/><E133/><V128/><F128/><W55/><G55/><T6/><D6/><U71/><E71/><V129/><F129/><W18/><G30/><T88/><D19/><U98/><E98/><V123/><F123/><W119/><G119/><N who="1" m="45610" /><E124/><V81/><F81/><W114/><G114/><T7/><D7/><U10/><E10/><N who="2" m="4423" /><F56/><N who="3" m="37063" /><G44/><T2/><D2/><U51/><E51/><AGARI ba="0,0" hai="8,13,16,18,22,24,25,27,51,52,57" m="37063" machi="51" ten="30,18000,2" yaku="8,1,52,3,54,2" doraHai="23" who="3" fromWho="1" sc="330,0,140,-180,110,0,420,180" owari="330,13.0,-40,-54.0,110,-29.0,600,70.0" /></mjloggm>