<mjloggm ver="2.3"><GO type="225" lobby="0"/><UN n0="%E3%83%81%E3%83%AF%E3%83%AF%E9%9A%8A%E9%95%B7" n1="%61%6D%65%6B%69" n2="%E3%82%A2%E3%83%A1%E3%82%A2%E3%83%A9%E3%83%AC" n3="%73%73%6B%5F%66%72%65%65" dan="17,16,16,17" rate="2175.57,2079.16,2146.46,2177.41" sx="M,M,M,M"/><TAIKYOKU oya="0"/><INIT seed="0,0,0,3,0,115" ten="250,250,250,250" oya="0" hai0="104,78,64,45,6,132,67,62,33,100,14,43,119" hai1="91,52,48,13,121,21,99,63,0,102,133,127,96" hai2="70,116,125,109,46,41,86,108,80,122,3,53,30" hai3="23,32,9,101,36,98,58,72,27,85,107,39,83"/><T49/><D33/><U124/><E0/><V1/><F122/><W11/><G72/><T97/><D132/><U135/><E121/><V129/><F70/><W114/><G114/><T77/><D64/><U87/><E63/><V17/><F129/><W10/><G32/><T54/><D119/><U111/><E111/><N who="2" m="42571" /><F30/><W74/><G58/><T79/><D43/><U44/><E21/><V92/><F92/><W76/><REACH who="3" step="1"/><G74/><REACH who="3" ten="250,250,250,240" step="2"/><T68/><REACH who="0" step="1"/><D77/><REACH who="0" ten="240,250,250,240" step="2"/><U15/><E135/><V56/><F116/><W8/><N who="3" m="2048" /><DORA hai="113" /><W73/><G73/><T35/><D35/><U34/><E133/><V75/><F75/><W120/><G120/><T90/><D90/><U24/><E34/><V123/><F123/><W28/><AGARI ba="0,2" hai="23,27,28,36,39,76,83,85,98,101,107" m="2048" machi="28" ten="40,5200,0" yaku="1,1,0,1,53,1" doraHai="115,113" doraHaiUra="20,65" who="3" fromWho="3" sc="240,-26,250,-13,250,-13,240,72" /><INIT seed="1,0,0,4,3,87" ten="214,237,237,312" oya="1" hai0="93,39,45,12,120,132,69,108,36,35,10,81,75" hai1="122,47,97,33,73,32,79,6,52,103,17,20,115" hai2="114,15,101,11,57,26,96,54,55,125,76,64,102" hai3="88,41,126,89,80,1,68,83,105,63,128,34,131"/><U129/><E115/><V121/><F121/><W3/><G126/><T62/><D35/><U49/><E122/><V123/><F125/><W71/><G105/><T112/><D120/><U135/><E6/><V38/><F123/><W92/><G41/><T72/><D112/><U22/><E129/><N who="3" m="49738" /><G34/><T98/><D108/><U113/><E22/><V37/><F64/><N who="3" m="40991" /><G71/><T118/><D118/><U7/><E135/><V74/><F55/><W19/><G19/><T13/><D132/><U104/><E7/><V85/><F74/><W86/><G80/><T31/><D81/><U18/><E18/><V40/><F40/><W127/><G127/><T116/><D69/><U46/><E113/><V58/><F38/><W110/><G110/><T100/><D36/><U78/><E73/><V42/><F42/><W24/><G24/><T21/><D75/><U94/><E33/><V133/><F26/><W107/><G107/><T59/><D72/><U70/><E70/><V61/><F37/><W51/><G51/><T56/><D39/><U124/><E32/><V91/><F133/><W99/><AGARI ba="0,0" hai="1,3,83,86,88,89,92,99" m="40991,49738" machi="99" ten="30,7900,0" yaku="19,1,52,2,54,1" doraHai="87" who="3" fromWho="3" sc="214,-20,237,-39,237,-20,312,79" /><INIT seed="2,0,0,1,1,23" ten="194,198,217,391" oya="2" hai0="35,98,69,97,79,60,48,123,83,85,10,39,50" hai1="44,94,7,41,67,119,38,111,117,53,30,42,95" hai2="33,89,36,2,110,70,75,77,86,121,72,28,100" hai3="76,116,108,125,26,51,46,40,27,19,29,122,45"/><V32/><F121/><W68/><G116/><T4/><D39/><U109/><E7/><V134/><F70/><W74/><G108/><N who="1" m="41546" /><E30/><V92/><F110/><W55/><G68/><T101/><D123/><U124/><E95/><V78/><F36/><W129/><G129/><T34/><D34/><U52/><E94/><V62/><F62/><W90/><G90/><T58/><D35/><U37/><E67/><V102/><F2/><W113/><G113/><T47/><D69/><U9/><E9/><V57/><F57/><W54/><G19/><T107/><D97/><U87/><E87/><V56/><F56/><W21/><G122/><T22/><D47/><N who="1" m="23983" /><E124/><V88/><F92/><W0/><G0/><T99/><D4/><U71/><E71/><V24/><F86/><W96/><G96/><T115/><D98/><U133/><E133/><V15/><F28/><W31/><G74/><T49/><D99/><U132/><E132/><V64/><F64/><W20/><G125/><T13/><D85/><U18/><E18/><V25/><F15/><W3/><G3/><T126/><D126/><U118/><AGARI ba="0,0" hai="38,42,44,52,53,117,118,119" m="23983,41546" machi="118" ten="40,8000,1" yaku="14,1,34,2,54,1" doraHai="23" who="1" fromWho="1" sc="194,-20,198,80,217,-40,391,-20" /><INIT seed="3,0,0,4,5,69" ten="174,278,177,371" oya="3" hai0="91,58,31,111,129,124,77,25,46,109,28,133,116" hai1="84,33,70,19,30,110,81,125,0,24,15,38,76" hai2="89,119,22,54,95,67,7,23,78,114,98,3,60" hai3="50,17,80,18,131,48,53,134,105,6,1,26,121"/><W45/><G131/><T5/><D116/><U40/><E70/><V65/><F119/><W32/><G134/><T29/><D133/><U128/><E128/><V49/><F114/><W66/><G66/><N who="2" m="25097" /><F3/><W41/><G80/><T59/><D129/><U8/><E110/><N who="0" m="41993" /><D124/><U123/><E125/><V62/><F7/><W86/><G50/><T35/><D77/><U82/><E123/><V107/><F107/><W75/><G86/><T71/><D71/><U20/><E82/><V83/><F83/><W27/><G18/><T79/><D79/><U112/><E112/><V90/><F90/><W44/><G27/><N who="0" m="18847" /><D5/><U64/><E64/><V115/><F78/><W113/><G1/><T88/><D46/><U34/><E0/><V43/><F43/><W127/><G53/><T103/><D103/><U52/><E52/><V2/><F2/><W126/><G41/><T47/><D47/><N who="3" m="17993" /><G105/><T11/><D31/><U118/><E40/><V73/><F73/><W36/><G26/><T74/><D74/><U106/><E118/><V122/><F115/><W108/><G121/><T102/><D102/><U55/><E106/><V72/><F72/><W92/><G75/><T135/><D135/><U13/><E55/><V68/><F68/><W57/><G92/><T100/><D100/><U104/><E104/><V96/><F122/><W56/><G126/><T101/><D101/><U16/><REACH who="1" step="1"/><E34/><REACH who="1" ten="174,268,177,371" step="2"/><V87/><F49/><W4/><G48/><T85/><D11/><U37/><AGARI ba="0,1" hai="8,13,15,16,19,20,24,30,33,37,38,76,81,84" machi="37" ten="30,12000,2" yaku="1,1,2,1,0,1,52,2,54,1,53,0" doraHai="69" doraHaiUra="130" who="1" fromWho="1" sc="174,-30,268,130,177,-30,371,-60" owari="144,-35.6,398,49.8,147,-25.3,311,11.1" /></mjloggm>