<mjloggm ver="2.3"><GO type="225" lobby="0"/><UN n0="%E3%82%BC%E3%83%AB%E3%83%80%E3%81%AE%E4%BC%9D%E8%AA%AC" n1="%E5%A4%96%E5%B7%9D%E7%AB%9C%E6%88%90" n2="%E5%A4%9C%E3%81%AE%E3%82%AC%E3%82%B9%E3%83%91%E3%83%BC%E3%83%AB" n3="%E3%80%93%E3%81%97%E3%83%BC%E3%82%89%E3%80%93" dan="17,16,16,16" rate="2219.10,2113.40,2152.71,2122.49" sx="M,M,M,M"/><TAIKYOKU oya="0"/><INIT seed="0,0,0,4,3,99" ten="250,250,250,250" oya="0" hai0="47,31,98,52,0,130,134,107,82,28,36,128,75" hai1="13,54,135,37,94,131,58,111,60,95,84,40,88" hai2="15,127,115,63,53,121,109,119,5,87,126,25,74" hai3="71,100,14,102,11,64,46,56,116,48,7,106,17"/><T73/><D0/><U90/><E111/><V26/><F121/><W105/><G71/><T78/><D75/><U18/><E135/><V113/><F74/><W125/><G116/><T42/><D134/><U133/><E133/><V35/><F87/><W33/><G33/><T30/><REACH who="0" step="1"/><D52/><REACH who="0" ten="240,250,250,250" step="2"/><U92/><E131/><V45/><F119/><W2/><G125/><T59/><D59/><U69/><E69/><V49/><F126/><W68/><G68/><T110/><D110/><U104/><E40/><V70/><F127/><W34/><G56/><T6/><D6/><U16/><E37/><V79/><F109/><W103/><G64/><T86/><D86/><N who="1" m="52247" /><E104/><V80/><F70/><W83/><G34/><T57/><D57/><U89/><E13/><V10/><F35/><W20/><REACH who="3" step="1"/><G83/><REACH who="3" ten="240,250,250,240" step="2"/><T114/><D114/><U21/><E58/><V85/><F115/><W22/><G22/><T108/><D108/><U62/><E21/><V3/><F113/><W67/><G67/><T24/><D24/><U77/><E60/><V129/><F63/><W41/><AGARI ba="0,2" hai="2,7,11,14,17,20,41,46,48,100,102,103,105,106" machi="41" ten="30,8000,1" yaku="1,1,0,1,52,3,53,0" doraHai="99" doraHaiUra="123" who="3" fromWho="3" sc="240,-40,250,-20,250,-20,240,100" /><INIT seed="1,0,0,3,5,83" ten="200,230,230,340" oya="1" hai0="71,2,101,1,33,130,46,28,75,102,42,18,16" hai1="64,94,67,120,37,107,106,63,109,23,98,135,91" hai2="12,19,93,114,27,85,86,80,92,128,24,36,82" hai3="113,17,122,51,22,25,115,6,68,8,73,41,89"/><U20/><E120/><V26/><F36/><W4/><G73/><T29/><D71/><U124/><E37/><V43/><F43/><W133/><G68/><T125/><D75/><U59/><E124/><V53/><F128/><W134/><G122/><T79/><D79/><U10/><E135/><N who="3" m="51722" /><G89/><T123/><D130/><U14/><E109/><V58/><F114/><N who="3" m="43531" /><G41/><T3/><D125/><U31/><E67/><V97/><F82/><W110/><G51/><T21/><D33/><U99/><E99/><V44/><F44/><W34/><G110/><T121/><D21/><U76/><E76/><V65/><F80/><W5/><G34/><T60/><D3/><AGARI ba="0,0" hai="3,4,5,6,8,17,22,25" m="43531,51722" machi="3" ten="30,3900,0" yaku="20,1,34,2" doraHai="83" who="3" fromWho="0" sc="200,-39,230,0,230,0,340,39" /><INIT seed="2,0,0,4,4,91" ten="161,230,230,379" oya="2" hai0="58,62,127,82,118,68,103,124,104,17,7,123,6" hai1="135,57,26,9,80,66,3,56,42,121,131,106,36" hai2="72,39,92,85,2,43,89,32,67,86,73,88,128" hai3="54,130,74,108,48,45,4,0,110,132,105,93,31"/><V46/><F32/><W115/><G105/><T27/><D123/><U12/><E106/><V134/><F2/><W113/><G74/><T114/><D114/><N who="3" m="43529" /><G130/><T122/><D122/><U117/><E117/><V34/><F34/><W100/><G31/><T30/><D17/><U96/><E66/><V119/><F119/><W75/><G75/><T77/><D118/><U33/><E12/><V44/><F128/><W14/><G0/><T120/><D120/><U18/><E18/><V47/><F134/><W79/><G79/><T60/><D68/><U102/><E80/><V55/><F67/><W23/><G132/><T49/><D49/><U20/><E33/><V38/><F47/><W97/><G23/><T129/><D129/><U90/><E20/><V81/><F55/><W116/><G116/><T70/><D70/><U25/><E3/><V126/><F126/><N who="0" m="48170" /><D103/><U41/><E102/><V99/><REACH who="2" step="1"/><F86/><REACH who="2" ten="161,230,220,379" step="2"/><W51/><G54/><N who="0" m="33879" /><D62/><U71/><E131/><V84/><F84/><W52/><G51/><T11/><D104/><U15/><E121/><V50/><F50/><W59/><G45/><T13/><D77/><U53/><E53/><V61/><F61/><W65/><G65/><T87/><D87/><U35/><E35/><V1/><F1/><W111/><G110/><T95/><D82/><U109/><E135/><V21/><F21/><W69/><G69/><T94/><D6/><N who="1" m="3511" /><E71/><V16/><F16/><W76/><G111/><T63/><D63/><U19/><E19/><V83/><F83/><W40/><G108/><T10/><D10/><U112/><E109/><V24/><F24/><RYUUKYOKU ba="0,1" sc="161,15,230,-15,220,15,379,-15" hai0="7,11,13,27,30,94,95" hai2="38,39,43,44,46,72,73,81,85,88,89,92,99" /><INIT seed="2,1,1,3,2,61" ten="176,215,235,364" oya="2" hai0="16,109,62,89,13,53,45,94,132,121,15,135,134" hai1="82,25,114,11,24,49,7,128,65,131,87,37,115" hai2="12,40,93,104,38,39,52,129,107,122,46,111,57" hai3="36,32,124,18,28,10,6,31,86,14,95,97,4"/><V106/><F122/><W64/><G36/><T101/><D109/><U83/><E49/><V43/><F129/><N who="1" m="49737" /><E37/><V105/><F111/><W113/><G124/><T69/><D121/><U35/><E65/><V118/><F107/><W9/><G113/><N who="1" m="43018" /><E35/><V70/><F118/><W27/><G64/><N who="0" m="41111" /><D101/><U71/><E71/><V50/><F70/><W26/><G86/><N who="0" m="52535" /><D15/><N who="1" m="5631" /><E82/><V100/><F43/><W99/><G95/><T55/><D45/><U88/><AGARI ba="1,1" hai="24,25,83,87,88" m="5631,43018,49737" machi="88" ten="30,2000,0" yaku="19,1,54,1" doraHai="61" who="1" fromWho="1" sc="176,-6,215,33,235,-11,364,-6" /><INIT seed="3,0,0,0,1,100" ten="170,248,224,358" oya="3" hai0="91,14,18,1,118,127,94,106,79,75,82,121,90" hai1="115,124,80,62,50,12,114,20,28,95,15,81,109" hai2="130,105,8,25,5,38,84,57,55,31,24,48,61" hai3="27,9,111,120,129,98,113,51,135,42,58,19,92"/><W11/><G11/><T47/><D1/><U123/><E123/><V96/><F38/><W64/><G92/><T17/><D118/><U89/><E109/><V74/><F74/><W102/><G98/><T35/><D127/><U2/><E2/><V104/><F130/><W43/><G58/><T44/><D121/><U85/><E124/><V10/><F10/><W22/><G51/><T97/><D35/><U53/><E62/><V52/><F84/><W3/><G43/><T67/><D67/><U69/><E69/><V117/><F117/><W54/><G9/><T112/><D112/><U126/><E126/><V26/><F96/><W78/><G129/><T87/><D91/><U72/><E72/><V88/><F31/><W108/><G3/><T59/><D59/><N who="1" m="33207" /><E115/><V128/><F128/><W63/><G135/><T119/><D119/><U30/><E30/><V37/><F37/><W70/><G70/><T68/><D68/><U29/><E28/><V13/><REACH who="2" step="1"/><F88/><REACH who="2" ten="170,248,214,358" step="2"/><W134/><G111/><T23/><D18/><N who="1" m="10311" /><E29/><V133/><F133/><W46/><G134/><T60/><D60/><U116/><E116/><V99/><F99/><W49/><G63/><T40/><D40/><U86/><E114/><V66/><F66/><W107/><G64/><T93/><D93/><U16/><E86/><V125/><F125/><W83/><G42/><T101/><AGARI ba="0,1" hai="14,17,23,44,47,75,79,82,87,90,94,97,101,106" machi="101" ten="30,7900,0" yaku="0,1,24,2,52,1" doraHai="100" who="0" fromWho="0" sc="170,89,248,-20,214,-20,358,-39" owari="259,5.9,228,-17.2,194,-30.6,319,41.9" /></mjloggm>