<mjloggm ver="2.3"><GO type="225" lobby="0"/><UN n0="%E6%B8%A9%E2%98%85%E6%83%85%E2%98%85%E6%8E%AA%E2%98%85%E7%BD%AE" n1="%E3%83%A9%E3%82%B9%E7%8E%87%EF%BC%93%E5%89%B2" n2="%E3%81%A8%E3%82%93%E3%81%A8%E3%81%93%E3%81%A8%E3%82%93" n3="%72%61%6B%33" dan="16,16,16,16" rate="2184.59,2177.79,2081.00,2077.45" sx="M,F,M,M"/><TAIKYOKU oya="0"/><INIT seed="0,0,0,0,0,55" ten="250,250,250,250" oya="0" hai0="85,39,28,121,116,14,44,90,32,79,50,17,111" hai1="106,9,109,73,15,100,18,58,107,129,43,31,128" hai2="3,26,46,98,54,24,22,84,78,51,56,66,110" hai3="0,49,60,122,12,125,89,36,57,132,21,120,127"/><T130/><D116/><U59/><E73/><V104/><F3/><W72/><G0/><T45/><D121/><N who="3" m="46697" /><G72/><T126/><D130/><N who="1" m="50283" /><E109/><V117/><F117/><W97/><G36/><T2/><D2/><U29/><E43/><V47/><F110/><W33/><G33/><T30/><D111/><U103/><E103/><V88/><F78/><W23/><G49/><T76/><D126/><N who="3" m="48137" /><G132/><T124/><D124/><U114/><E114/><V75/><F75/><W118/><G118/><T99/><D32/><U123/><E123/><V80/><F66/><N who="3" m="39183" /><G12/><T52/><D39/><U115/><E115/><V4/><F4/><W113/><G113/><T82/><D45/><U131/><N who="1" m="50291" /><U92/><DORA hai="67" /><E92/><AGARI ba="0,0" hai="21,23,89,92,97" m="39183,48137,46697" machi="92" ten="30,3900,0" yaku="13,1,18,1,52,1" doraHai="55,67" who="3" fromWho="1" sc="250,0,250,-39,250,0,250,39" /><INIT seed="1,0,0,4,3,12" ten="250,211,250,289" oya="1" hai0="93,107,59,79,37,105,111,17,106,54,10,76,53" hai1="94,117,34,115,120,130,43,97,86,11,44,26,70" hai2="135,89,42,66,74,88,50,45,1,67,82,40,48" hai3="28,80,6,112,77,123,41,61,32,22,92,35,87"/><U129/><E115/><V95/><F135/><W57/><G123/><T100/><D111/><U64/><E120/><V19/><F1/><W3/><G112/><T55/><D37/><U20/><E117/><V108/><F108/><W103/><G41/><T38/><D38/><U90/><E34/><V14/><F74/><W69/><G69/><T63/><D93/><U122/><E122/><V119/><F119/><W104/><G104/><T68/><D68/><U118/><E118/><V0/><F0/><W114/><G114/><T133/><D100/><U5/><E64/><V30/><F30/><W75/><G6/><T33/><D33/><U128/><E70/><V21/><F82/><W134/><G3/><T78/><REACH who="0" step="1"/><D133/><REACH who="0" ten="240,211,250,289" step="2"/><U121/><E121/><V131/><F131/><W8/><G134/><T124/><D124/><U71/><E71/><V36/><F36/><W72/><G103/><T7/><D7/><U99/><E5/><V16/><F95/><W73/><G92/><T132/><D132/><U52/><E11/><V47/><REACH who="2" step="1"/><F19/><REACH who="2" ten="240,211,240,289" step="2"/><W101/><G28/><T46/><D46/><U125/><E125/><V49/><F49/><W127/><G127/><T110/><D110/><U56/><E44/><V60/><F60/><W102/><G61/><T85/><D85/><U96/><E86/><V51/><F51/><W15/><G73/><T24/><D24/><U98/><E98/><V23/><F23/><W84/><G22/><T2/><D2/><U27/><E27/><V13/><F13/><AGARI ba="0,2" hai="10,13,17,53,54,55,59,63,76,78,79,105,106,107" machi="13" ten="50,3200,0" yaku="1,1,52,1,53,0" doraHai="12" doraHaiUra="91" who="0" fromWho="2" sc="240,52,211,0,240,-32,289,0" /><INIT seed="2,0,0,5,5,112" ten="292,211,208,289" oya="2" hai0="87,58,64,60,15,7,10,118,45,84,20,1,27" hai1="78,42,55,41,89,52,133,16,22,54,44,48,65" hai2="93,102,46,13,122,135,4,40,25,70,124,126,96" hai3="113,69,111,3,31,23,24,121,115,67,39,110,91"/><V59/><F70/><W83/><G39/><T97/><D118/><U108/><E108/><N who="3" m="41514" /><G121/><T38/><D1/><U18/><E133/><V68/><F68/><W130/><G3/><T35/><D35/><U28/><E65/><V53/><F122/><W106/><G106/><T62/><D62/><U12/><E78/><V131/><F131/><W30/><G130/><T76/><D76/><U114/><E114/><V105/><F135/><W92/><G83/><T85/><D38/><U90/><E42/><V117/><F117/><W75/><G75/><T73/><D73/><U77/><E77/><V81/><F81/><W125/><G30/><T29/><D45/><U0/><E28/><V128/><F128/><W8/><G8/><T37/><D37/><U98/><E0/><V14/><F105/><W49/><G49/><T17/><REACH who="0" step="1"/><D17/><REACH who="0" ten="282,211,208,289" step="2"/><U95/><REACH who="1" step="1"/><E18/><REACH who="1" ten="282,201,208,289" step="2"/><V61/><F4/><W57/><G115/><T80/><D80/><U119/><E119/><V50/><REACH who="2" step="1"/><F25/><REACH who="2" ten="282,201,198,289" step="2"/><W63/><G113/><T86/><N who="0" m="21504" /><DORA hai="116" /><T104/><D104/><U66/><E66/><V32/><F32/><W94/><G67/><T88/><D88/><AGARI ba="0,3" hai="12,16,22,41,44,48,52,54,55,88,89,90,95,98" machi="88" ten="40,12000,2" yaku="1,1,8,1,54,3,53,1" doraHai="112,116" doraHaiUra="11,21" who="1" fromWho="0" sc="282,-120,201,150,198,0,289,0" /><INIT seed="3,0,0,5,0,30" ten="162,351,198,289" oya="3" hai0="64,85,101,56,73,39,107,71,57,9,88,36,96" hai1="13,33,129,135,46,84,5,54,23,40,10,52,103" hai2="38,109,125,21,31,124,119,127,106,0,91,81,100" hai3="59,108,110,19,32,86,69,14,2,87,128,18,97"/><W70/><G2/><T42/><D73/><U58/><E33/><V1/><F38/><W78/><G128/><T95/><D9/><U43/><E129/><V48/><F109/><N who="3" m="42091" /><G32/><T67/><D71/><N who="3" m="27145" /><G78/><T131/><D131/><U117/><E117/><V17/><F31/><W79/><G79/><T133/><D133/><U28/><E135/><V134/><F134/><W126/><G126/><T121/><D121/><U118/><E103/><V62/><F119/><W93/><G59/><T50/><D39/><U25/><E118/><V123/><F123/><W35/><G35/><T63/><D36/><U74/><E74/><V89/><F0/><W44/><G44/><T113/><D113/><U49/><E84/><N who="3" m="32298" /><G14/><T116/><D116/><U75/><E75/><V77/><F1/><W115/><G115/><T76/><D76/><U8/><E8/><V83/><F77/><W3/><G3/><T26/><D26/><U15/><E15/><N who="2" m="9407" /><F125/><W94/><G94/><T111/><D111/><U24/><E24/><V61/><F124/><W68/><N who="3" m="27153" /><W104/><DORA hai="27" /><G104/><T82/><D107/><U60/><AGARI ba="0,0" hai="5,10,13,23,25,28,40,43,46,49,52,54,58,60" machi="60" ten="20,8000,1" yaku="0,1,7,1,8,1,52,1,54,1" doraHai="30,27" who="1" fromWho="1" sc="162,-20,351,80,198,-20,289,-40" owari="142,-35.8,431,53.1,178,-22.2,249,4.9" /></mjloggm>