<mjloggm ver="2.3"><GO type="225" lobby="0"/><UN n0="%E5%A4%8F%E9%88%B4%E9%88%B4%E5%A4%8F" n1="%E6%B0%B7%E5%B7%9D%E9%87%8C%E5%A5%88" n2="%43%68%65" n3="%28%EF%BF%A3%E2%96%BD%EF%BF%A3%29%CE%B4%E2%8C%92%E3%83%BB" dan="16,16,16,16" rate="2128.73,2132.38,2165.31,2154.04" sx="M,F,M,M"/><TAIKYOKU oya="0"/><INIT seed="0,0,0,0,5,51" ten="250,250,250,250" oya="0" hai0="105,25,91,77,53,81,82,42,12,83,39,45,59" hai1="66,122,46,48,1,116,106,107,11,29,63,47,112" hai2="100,24,88,54,16,7,127,8,97,98,117,0,104" hai3="73,20,5,70,94,28,110,64,115,33,60,3,55"/><T118/><D118/><U72/><E116/><V133/><F127/><W23/><G73/><T113/><D113/><U101/><E122/><V17/><F133/><W75/><G75/><T37/><D105/><U124/><E72/><V80/><F117/><W130/><G115/><T31/><D37/><U62/><E112/><V103/><F24/><W13/><G3/><T76/><D12/><U52/><E124/><V27/><F27/><W50/><G110/><T4/><D91/><U38/><E29/><V15/><F54/><W79/><G79/><T30/><D4/><U21/><E21/><V49/><F49/><W34/><G28/><T108/><D108/><U10/><E62/><V90/><F80/><W71/><G71/><T9/><D9/><U35/><E35/><V111/><F111/><W85/><G23/><T61/><REACH who="0" step="1"/><D31/><REACH who="0" ten="240,250,250,250" step="2"/><U131/><E106/><V69/><F15/><W92/><G5/><T26/><D26/><U14/><E1/><V68/><F104/><W102/><G13/><T36/><D36/><U41/><E14/><V84/><F7/><W123/><G123/><T40/><D40/><U134/><E134/><V121/><F121/><W135/><G135/><T128/><D128/><U120/><E131/><V86/><F8/><W32/><G130/><T126/><D126/><U58/><REACH who="1" step="1"/><E120/><REACH who="1" ten="240,240,250,250" step="2"/><V96/><F0/><W67/><G34/><AGARI ba="0,2" hai="25,30,34,39,42,45,53,59,61,76,77,81,82,83" machi="34" ten="40,3900,0" yaku="1,1,52,1,53,0" doraHai="51" doraHaiUra="6" who="0" fromWho="3" sc="240,59,240,0,250,0,250,-39" /><INIT seed="0,1,0,1,4,81" ten="299,240,250,211" oya="0" hai0="102,128,86,35,38,131,21,54,118,6,58,83,8" hai1="127,12,71,134,22,130,25,27,104,123,82,64,132" hai2="119,67,30,37,4,98,42,2,65,15,88,108,29" hai3="60,53,68,77,107,57,18,105,3,9,63,106,78"/><T32/><D38/><U92/><E104/><V99/><F2/><W135/><G135/><N who="1" m="51754" /><E123/><V49/><F37/><W87/><G68/><T19/><D102/><U89/><E127/><V109/><F119/><W74/><G74/><T84/><D118/><U69/><E130/><N who="0" m="49705" /><D19/><N who="1" m="10599" /><E82/><V101/><F101/><W39/><G39/><T73/><D21/><U34/><E64/><V55/><F42/><W5/><G63/><N who="0" m="36311" /><D73/><U0/><E0/><V62/><F62/><W33/><G33/><N who="0" m="12875" /><D83/><U13/><E13/><AGARI ba="1,0" hai="6,8,13,84,86" m="12875,36311,49705" machi="13" ten="30,5800,0" yaku="19,1,52,2" doraHai="81" who="0" fromWho="1" sc="299,61,240,-61,250,0,211,0" /><INIT seed="0,2,0,1,3,97" ten="360,179,250,211" oya="0" hai0="88,87,13,24,78,114,131,121,54,44,92,125,31" hai1="116,81,108,82,28,71,0,101,91,50,132,51,98" hai2="109,61,106,89,100,74,9,85,55,68,69,95,104" hai3="110,133,17,120,86,111,37,19,83,42,41,5,29"/><T70/><D70/><U43/><E116/><V45/><F74/><W99/><G133/><T18/><D114/><U135/><E108/><N who="3" m="41514" /><G120/><T79/><D125/><U113/><E71/><V52/><F109/><W4/><G29/><T34/><D131/><U47/><E0/><V80/><F104/><W59/><G59/><T56/><D44/><U63/><E113/><V129/><F106/><W48/><G48/><T66/><D66/><U62/><E28/><V21/><F129/><W96/><G96/><T126/><D126/><U36/><E36/><V72/><F9/><W93/><G5/><T64/><D64/><U2/><E2/><V84/><F72/><W39/><G4/><T130/><D121/><U26/><E26/><V115/><F115/><W75/><G75/><T10/><REACH who="0" step="1"/><D130/><REACH who="0" ten="350,179,250,211" step="2"/><U20/><E132/><V15/><F69/><W49/><G39/><T105/><D105/><U124/><E135/><V128/><F128/><W73/><G37/><T16/><D16/><U33/><E124/><V77/><F68/><W123/><G19/><T57/><D57/><U46/><E46/><V11/><F45/><W122/><G17/><T117/><D117/><U6/><E47/><V1/><F55/><W25/><G123/><T14/><D14/><U119/><E119/><V90/><F1/><W67/><G67/><T40/><D40/><U7/><E43/><V107/><F107/><W23/><G42/><T118/><D118/><U3/><E3/><V27/><F52/><W76/><G122/><T127/><D127/><U58/><E58/><V112/><F112/><W8/><G41/><RYUUKYOKU ba="2,1" sc="350,30,179,-10,250,-10,211,-10" hai0="10,13,18,24,31,34,54,56,78,79,87,88,92" /><INIT seed="0,3,1,2,2,70" ten="380,169,240,201" oya="0" hai0="65,93,68,44,26,110,53,120,95,119,113,54,67" hai1="132,3,2,45,131,71,103,134,28,121,47,77,118" hai2="112,116,82,117,34,72,128,5,86,64,31,29,32" hai3="104,36,20,51,87,24,7,125,10,122,129,15,80"/><T106/><D106/><U74/><E118/><N who="2" m="45675" /><F72/><W56/><G104/><T48/><D119/><U25/><E121/><V50/><F112/><W108/><G122/><T27/><D120/><U107/><E71/><V99/><F128/><W40/><G129/><T98/><D113/><U39/><E131/><V16/><F5/><W22/><G125/><T75/><D75/><U100/><E77/><V88/><F64/><N who="0" m="24650" /><D68/><U4/><E74/><V62/><F62/><W96/><G108/><T69/><D69/><U109/><E109/><V52/><F99/><W114/><G96/><T59/><D95/><U6/><E107/><V57/><F16/><W33/><G114/><T30/><D30/><AGARI ba="3,1" hai="29,30,31,32,34,50,52,57,82,86,88" m="45675" machi="30" ten="30,3900,0" yaku="12,1,54,2" doraHai="70" who="2" fromWho="0" sc="380,-48,169,0,240,58,201,0" /><INIT seed="1,0,0,2,5,54" ten="332,169,298,201" oya="1" hai0="62,50,61,24,15,29,5,116,117,49,113,131,63" hai1="39,44,10,23,133,25,16,60,55,33,96,72,34" hai2="59,67,69,42,65,56,9,21,105,20,19,111,130" hai3="99,104,1,86,101,52,92,40,14,30,26,0,58"/><U102/><E133/><V46/><F105/><W78/><G40/><T77/><D113/><U38/><E72/><V82/><F69/><W97/><G14/><T74/><D131/><U12/><E34/><V83/><F111/><W124/><G124/><T125/><D125/><U128/><E33/><V22/><F130/><W119/><G119/><T88/><D77/><U114/><E114/><V37/><F19/><W64/><G64/><T70/><D74/><U75/><E75/><V84/><F9/><W81/><G26/><T36/><D36/><U68/><E128/><V47/><F47/><W103/><REACH who="3" step="1"/><G30/><REACH who="3" ten="332,169,298,191" step="2"/><T107/><D24/><U43/><E38/><V94/><F67/><W17/><G17/><T57/><D15/><U76/><E76/><V127/><F127/><W121/><G121/><T48/><D29/><U87/><E68/><V31/><F31/><W13/><G13/><T66/><D66/><U110/><E110/><V95/><F65/><W126/><G126/><T18/><D18/><U32/><E32/><V91/><REACH who="2" step="1"/><F83/><REACH who="2" ten="332,169,288,191" step="2"/><W106/><G106/><T98/><D107/><N who="1" m="63943" /><E10/><V90/><F90/><W8/><G8/><T3/><D70/><U45/><E12/><V108/><F108/><W27/><G27/><T51/><D116/><U80/><E43/><V7/><F7/><W4/><G4/><T122/><D117/><U123/><E123/><V120/><F120/><W11/><G11/><T135/><D122/><U109/><E109/><V73/><F73/><W89/><G89/><T41/><D88/><N who="1" m="51303" /><E39/><V6/><F6/><W53/><G53/><N who="0" m="33967" /><D5/><U79/><E79/><RYUUKYOKU ba="0,2" sc="332,-30,169,10,288,10,191,10" hai1="16,23,25,44,45,55,60" hai2="20,21,22,37,42,46,56,59,82,84,91,94,95" hai3="0,1,52,58,78,81,86,92,97,99,101,103,104" /><INIT seed="1,1,2,4,1,98" ten="302,179,298,201" oya="1" hai0="123,117,62,34,56,11,25,42,58,113,128,16,129" hai1="53,108,126,24,83,115,104,111,8,10,79,94,125" hai2="33,122,106,20,121,32,6,95,48,30,102,49,63" hai3="131,67,116,46,64,36,86,5,114,13,109,78,72"/><U38/><E38/><V82/><F106/><W73/><G114/><T17/><D117/><U21/><E104/><V45/><F6/><W35/><G35/><T29/><D113/><U4/><E53/><V66/><F33/><W92/><G116/><T99/><D123/><U133/><E115/><V9/><F9/><N who="1" m="3689" /><E94/><V61/><F32/><W135/><G5/><T87/><D42/><U134/><E4/><V22/><F82/><W27/><G13/><N who="0" m="7231" /><D99/><U110/><E83/><V55/><F49/><W0/><G27/><N who="0" m="18751" /><D87/><U1/><E1/><V39/><F39/><W91/><G0/><T51/><D51/><U96/><E96/><N who="2" m="59679" /><F63/><W15/><G36/><T75/><D62/><U43/><E79/><V100/><F61/><W120/><G78/><T132/><D75/><U68/><E43/><V3/><F3/><W7/><G73/><T60/><D60/><U77/><E77/><V107/><F66/><W41/><G67/><T80/><D80/><U69/><E69/><V65/><F65/><W23/><G64/><T119/><D119/><U90/><E90/><V50/><F50/><W59/><G91/><T44/><D44/><U37/><E37/><V105/><F105/><W31/><G46/><T2/><D2/><U127/><E68/><V112/><F112/><W84/><G72/><T118/><D118/><U71/><E71/><V89/><F89/><W18/><G41/><T85/><D58/><U97/><E97/><N who="2" m="61839" /><F122/><W40/><G120/><T76/><D56/><U93/><E93/><V12/><F121/><W54/><G59/><T81/><D76/><U101/><E101/><RYUUKYOKU ba="1,2" sc="302,-10,179,30,298,-10,201,-10" hai1="21,24,108,110,111,125,126,127,133,134" /><INIT seed="1,2,2,5,0,48" ten="292,209,288,191" oya="1" hai0="125,99,73,4,70,83,131,33,129,107,118,47,69" hai1="46,106,63,24,6,0,60,57,85,13,3,31,80" hai2="134,55,65,9,58,50,1,30,74,51,92,89,25" hai3="38,117,19,56,35,79,10,105,52,86,16,101,7"/><U54/><E106/><V18/><F74/><W42/><G35/><T108/><D118/><U75/><E75/><V32/><F134/><W62/><G117/><T135/><D108/><U97/><E97/><V34/><F65/><W95/><G105/><T104/><D125/><U127/><E127/><V103/><F103/><W67/><G38/><T37/><D33/><U5/><E46/><V22/><F51/><W14/><G42/><N who="0" m="22991" /><D4/><U82/><E63/><V122/><F122/><W113/><G113/><T84/><D135/><U8/><E5/><V124/><F124/><W120/><G120/><T72/><D72/><U36/><E82/><V12/><REACH who="2" step="1"/><F1/><REACH who="2" ten="292,209,278,191" step="2"/><W29/><G67/><T128/><D73/><U71/><E36/><V109/><F109/><W98/><G29/><T132/><D132/><U11/><E71/><V49/><F49/><W96/><G96/><AGARI ba="2,3" hai="9,12,18,22,25,30,32,34,50,55,58,89,92,96" machi="96" ten="30,3900,0" yaku="1,1,7,1,52,1,53,0" doraHai="48" doraHaiUra="68" who="2" fromWho="3" sc="292,0,209,0,278,75,191,-45" /><INIT seed="2,0,0,3,3,2" ten="292,209,353,146" oya="2" hai0="63,52,120,8,5,85,25,39,14,30,95,68,34" hai1="54,75,22,112,134,41,38,0,56,94,50,130,43" hai2="51,47,121,110,96,18,61,72,20,122,135,32,119" hai3="17,93,98,15,9,77,44,105,73,84,71,45,102"/><V7/><F119/><W37/><G71/><T101/><D39/><U100/><E112/><V29/><F72/><W11/><G37/><T128/><D120/><U79/><E38/><V90/><F29/><W106/><G106/><T48/><D128/><U36/><E36/><V133/><F32/><W131/><G131/><T12/><D68/><U86/><E130/><V21/><F7/><W3/><G73/><T74/><D63/><U92/><E134/><V132/><F61/><W59/><G59/><T31/><D31/><U70/><E70/><V82/><F110/><W35/><G35/><T108/><D74/><U109/><E109/><V55/><F21/><W80/><REACH who="3" step="1"/><G105/><REACH who="3" ten="292,209,353,136" step="2"/><T127/><D108/><U1/><E75/><V26/><F122/><W69/><G69/><T24/><D34/><U91/><E79/><V40/><F121/><W4/><AGARI ba="0,1" hai="3,4,9,11,15,17,44,45,77,80,84,93,98,102" machi="4" ten="30,7900,0" yaku="1,1,0,1,52,1,53,1" doraHai="2" doraHaiUra="76" who="3" fromWho="3" sc="292,-20,209,-20,353,-39,136,89" /><INIT seed="3,0,0,0,4,51" ten="272,189,314,225" oya="3" hai0="115,82,79,76,89,78,18,66,46,130,129,106,108" hai1="5,120,73,12,123,122,1,58,14,133,2,35,117" hai2="111,33,24,59,48,3,94,15,113,72,63,114,84" hai3="28,80,103,42,26,104,27,74,65,45,4,6,52"/><W118/><G118/><T19/><D108/><U13/><E73/><V109/><F3/><N who="1" m="1033" /><E58/><V87/><F72/><W36/><G65/><T100/><D66/><U92/><E92/><V38/><F48/><W134/><G134/><T121/><D46/><U97/><E97/><V9/><F38/><W93/><G104/><T83/><D121/><U56/><E56/><V71/><F71/><W135/><G135/><T49/><D49/><U57/><E57/><V16/><F24/><W37/><G27/><T126/><D126/><U91/><E91/><N who="2" m="53607" /><F87/><W43/><G52/><T34/><D83/><U47/><E47/><V77/><F77/><W30/><G43/><T69/><D129/><U55/><E133/><V128/><F33/><W11/><G37/><T85/><D34/><U20/><E35/><V127/><F128/><W75/><G75/><T98/><D69/><U40/><E40/><V99/><F99/><W70/><G80/><T86/><D130/><U54/><E117/><V8/><F63/><W44/><G44/><T39/><D39/><U62/><E62/><V67/><F67/><W60/><G103/><T53/><D100/><U96/><E96/><V68/><F68/><W61/><G70/><T50/><D98/><U119/><E119/><V125/><F125/><W124/><G124/><T21/><D82/><U23/><E5/><N who="3" m="2154" /><G93/><T95/><D95/><U102/><E102/><V110/><F127/><W25/><G74/><T131/><D131/><U107/><E107/><V88/><F111/><W7/><G7/><T112/><D106/><U10/><E10/><N who="2" m="4203" /><F109/><W41/><G41/><RYUUKYOKU ba="0,0" sc="272,-10,189,30,314,-10,225,-10" hai1="12,13,14,20,23,54,55,120,122,123" owari="262,6.2,219,-18.1,304,40.4,215,-28.5" /></mjloggm>