<mjloggm ver="2.3"><GO type="225" lobby="0"/><UN n0="%E6%A1%9C%E8%8A%B1%E9%96%83%E3%80%85" n1="%E6%97%A5%E6%9B%9C%E6%97%A5%E3%82%88%E3%82%8A%E3%81%AE%E4%BD%BF%E8%80%85" n2="%E6%A0%B9%E5%85%83%E3%81%8B%E3%82%89%E5%90%B9%E3%81%A3%E9%A3%9B%E3%81%B6" n3="%E6%80%AA%E3%81%97%E3%81%99%E3%81%8E%E3%82%8B%E3%83%81%E3%83%BC" dan="17,17,16,16" rate="2178.36,2155.11,2159.50,2083.39" sx="M,M,F,M"/><TAIKYOKU oya="0"/><INIT seed="0,0,0,0,0,85" ten="250,250,250,250" oya="0" hai0="45,81,41,40,82,60,126,50,108,61,111,10,117" hai1="36,87,3,54,127,113,8,21,94,135,119,130,57" hai2="48,71,91,6,99,26,120,27,12,133,104,23,132" hai3="17,107,20,96,105,34,53,102,131,31,44,15,67"/><T112/><D112/><U59/><E119/><V38/><F120/><W49/><G131/><T80/><D117/><U124/><E36/><V55/><F38/><W98/><G67/><T35/><D35/><U9/><E130/><V73/><F71/><W24/><REACH who="3" step="1"/><G98/><REACH who="3" ten="250,250,250,240" step="2"/><T16/><D126/><U77/><E124/><V7/><F99/><W115/><G115/><T28/><D28/><U13/><E127/><V110/><F133/><W109/><G109/><N who="0" m="42059" /><D41/><U69/><E135/><V106/><F132/><W92/><AGARI ba="0,1" hai="15,17,20,24,31,34,44,49,53,92,96,102,105,107" machi="92" ten="20,5200,0" yaku="1,1,0,1,7,1,53,1" doraHai="85" doraHaiUra="25" who="3" fromWho="3" sc="250,-26,250,-13,250,-13,240,62" /><INIT seed="1,0,0,1,5,126" ten="224,237,237,302" oya="1" hai0="96,29,6,46,65,59,109,123,105,122,124,70,87" hai1="35,44,15,90,28,10,118,63,22,3,12,128,61" hai2="129,39,64,115,89,125,23,56,53,97,98,5,62" hai3="55,93,134,77,13,19,49,111,79,48,7,80,9"/><U99/><E118/><V21/><F39/><W114/><G114/><T11/><D124/><U32/><E3/><V60/><F125/><W120/><G120/><T36/><D87/><U57/><E44/><V95/><F115/><W4/><G111/><T112/><D59/><U43/><E43/><V26/><F5/><N who="3" m="2123" /><G134/><T42/><D29/><U34/><E128/><V51/><F129/><W132/><G132/><T69/><D109/><U75/><E75/><V107/><F23/><W25/><G80/><T54/><D54/><U83/><E10/><V41/><F41/><W85/><G25/><T92/><D112/><U17/><E28/><V52/><F107/><W102/><G102/><N who="0" m="62663" /><D92/><N who="1" m="56727" /><E63/><N who="2" m="37991" /><F98/><W76/><G49/><T117/><D117/><U116/><E83/><V16/><F53/><W74/><G74/><T18/><D18/><U86/><E86/><V106/><F106/><W113/><G113/><T121/><D65/><U73/><E73/><V103/><F103/><W84/><G93/><T58/><D58/><AGARI ba="0,0" hai="16,21,26,51,52,58,60,62,89,95,97" m="37991" machi="58" ten="30,3900,0" yaku="8,1,54,2" doraHai="126" who="2" fromWho="0" sc="224,-39,237,0,237,39,302,0" /><AGARI ba="0,0" hai="9,13,19,48,55,58,76,77,79,84,85" m="2123" machi="58" ten="30,1000,0" yaku="8,1" doraHai="126" who="3" fromWho="0" sc="185,-10,237,0,276,0,302,10" /><INIT seed="2,0,0,0,0,12" ten="175,237,276,312" oya="2" hai0="35,125,71,130,9,68,60,45,31,59,38,121,15" hai1="20,4,127,133,80,120,62,41,0,83,32,106,39" hai2="42,43,46,24,99,104,112,93,29,79,85,58,111" hai3="77,52,96,126,115,1,118,51,117,91,81,66,76"/><V27/><F112/><W18/><G1/><T129/><D31/><U86/><E32/><V65/><F111/><W84/><G115/><T3/><D35/><U134/><E106/><V49/><F43/><W75/><G126/><T107/><D107/><U131/><E127/><V22/><F104/><W110/><G110/><T119/><D3/><U19/><E62/><V102/><F27/><W109/><G109/><T56/><D125/><U135/><E131/><N who="0" m="50185" /><D121/><U95/><E95/><V103/><F103/><W28/><G66/><N who="0" m="39199" /><D15/><N who="1" m="9343" /><E120/><V2/><F2/><W53/><G28/><T100/><D9/><N who="1" m="2183" /><E86/><V116/><F116/><W44/><G96/><T92/><D92/><U73/><E73/><V87/><F79/><W13/><G53/><T61/><D100/><U47/><AGARI ba="0,0" hai="39,41,47,80,83,133,134,135" m="2183,9343" machi="47" ten="40,2700,0" yaku="20,1,52,1" doraHai="12" who="1" fromWho="1" sc="175,-7,237,27,276,-13,312,-7" /><INIT seed="3,0,0,2,0,68" ten="168,264,263,305" oya="3" hai0="25,52,8,127,30,96,113,10,117,71,54,85,26" hai1="72,0,65,110,14,125,82,11,60,118,12,5,74" hai2="129,80,37,115,97,99,36,92,34,124,130,64,6" hai3="106,104,128,112,20,23,41,57,33,103,109,86,67"/><W61/><G33/><T59/><D117/><U81/><E118/><V56/><F115/><W31/><G112/><T39/><D113/><U114/><E114/><V75/><F124/><W1/><G1/><T63/><D127/><U90/><E125/><V101/><F6/><W108/><G128/><N who="2" m="49257" /><F34/><W123/><G123/><T53/><D71/><U4/><E110/><N who="3" m="42602" /><G41/><T24/><D39/><N who="2" m="14922" /><F80/><W29/><G86/><T100/><D85/><U132/><E82/><V111/><F75/><W122/><G122/><T79/><D79/><U3/><E81/><V49/><F99/><N who="3" m="61567" /><G106/><T126/><D30/><AGARI ba="0,0" hai="20,23,29,30,31,57,61,67" m="61567,42602" machi="30" ten="30,2900,0" yaku="14,1,10,1" doraHai="68" who="3" fromWho="0" sc="168,-29,264,0,263,0,305,29" owari="139,-36.1,264,6.4,263,-13.7,334,43.4" /></mjloggm>