<mjloggm ver="2.3"><GO type="225" lobby="0"/><UN n0="%E8%A8%88%E7%AE%97%E6%A9%9F%E8%87%AA%E7%84%B6" n1="%E3%82%B7%E3%83%B3%E5%A4%AA%E6%9C%97" n2="%E3%81%99%E3%81%84%E3%81%BE%E3%81%9B%E3%83%BC%E3%82%93" n3="%48%61%61%61%6C%61%6E%64" dan="17,16,16,17" rate="2214.98,2106.86,2111.69,2246.98" sx="M,M,M,M"/><TAIKYOKU oya="0"/><INIT seed="0,0,0,1,2,62" ten="250,250,250,250" oya="0" hai0="119,54,73,94,123,71,22,70,28,41,100,95,105" hai1="89,8,11,135,42,131,80,59,12,53,98,69,7" hai2="126,37,18,124,82,130,19,31,0,75,96,24,103" hai3="76,67,108,64,50,125,52,97,5,66,51,133,91"/><T17/><D119/><U63/><E131/><V1/><F130/><W116/><G116/><T36/><D123/><U121/><E135/><V92/><F37/><W35/><G35/><T2/><D73/><U85/><E121/><V77/><F19/><W115/><G115/><T72/><D72/><U132/><E132/><V128/><F18/><W102/><G133/><T114/><D114/><U112/><E112/><V4/><F128/><W44/><G108/><T27/><D2/><U34/><E34/><V88/><F103/><W87/><G5/><T30/><D105/><U9/><E42/><V93/><F92/><N who="3" m="58663" /><G125/><N who="2" m="48233" /><F4/><W65/><N who="3" m="16384" /><DORA hai="26" /><W61/><G76/><T110/><D110/><U46/><E46/><V60/><F60/><W55/><G61/><T83/><D70/><U40/><E40/><V113/><F113/><W14/><G14/><T56/><D41/><U68/><E98/><V49/><F49/><N who="3" m="18443" /><G44/><T58/><D71/><U118/><E118/><V81/><F81/><AGARI ba="0,0" hai="52,55,81,87,91" m="18443,16384,58663" machi="81" ten="40,12000,2" yaku="8,1,52,4,54,1" doraHai="62,26" who="3" fromWho="2" sc="250,0,250,0,250,-120,250,120" /><INIT seed="1,0,0,1,4,55" ten="250,250,130,370" oya="1" hai0="49,31,18,12,128,54,28,92,100,115,110,44,97" hai1="51,9,95,47,81,82,15,71,5,48,80,8,10" hai2="14,112,68,98,99,120,90,107,88,83,77,56,127" hai3="42,37,133,72,93,23,122,123,135,96,104,30,69"/><U34/><E71/><V22/><F120/><W62/><G104/><T117/><D115/><U121/><E121/><V36/><F68/><W125/><G72/><T21/><D117/><U111/><E111/><V87/><F36/><W114/><G114/><T74/><D74/><U132/><E132/><N who="3" m="50762" /><G125/><T79/><D110/><U108/><E108/><V39/><F39/><W63/><G37/><T7/><D128/><U1/><E34/><V41/><F41/><W38/><G38/><T131/><D131/><U27/><E27/><V84/><F127/><W91/><G42/><T3/><D79/><U45/><E95/><V16/><F112/><W52/><G62/><T0/><REACH who="0" step="1"/><D7/><REACH who="0" ten="240,250,130,370" step="2"/><U119/><E119/><V105/><F77/><W118/><G118/><T129/><D129/><U102/><E102/><V94/><F107/><W20/><G123/><T50/><D50/><N who="1" m="18987" /><E1/><AGARI ba="0,1" hai="0,1,3,12,18,21,28,31,44,49,54,92,97,100" machi="1" ten="40,1300,0" yaku="1,1,53,0" doraHai="55" doraHaiUra="53" who="0" fromWho="1" sc="240,23,250,-13,130,0,370,0" /><INIT seed="2,0,0,2,5,122" ten="263,237,130,370" oya="2" hai0="30,35,60,65,16,128,6,39,33,69,81,91,0" hai1="73,42,31,63,95,62,79,51,74,114,64,93,78" hai2="112,22,53,104,119,96,24,13,105,120,55,130,134" hai3="132,52,90,41,85,29,11,40,125,92,4,9,87"/><V59/><F112/><W88/><G125/><T98/><D39/><U83/><E114/><V113/><F113/><W18/><G132/><T75/><D128/><U123/><E123/><V126/><F120/><W117/><G117/><T3/><D16/><U25/><E62/><V15/><F119/><W36/><G29/><T110/><D91/><U89/><E51/><V38/><F38/><W1/><G36/><T129/><D129/><U102/><E42/><V26/><F130/><W121/><G121/><T84/><D84/><U37/><E37/><V34/><F134/><W12/><G52/><T80/><D80/><AGARI ba="0,0" hai="1,4,9,11,12,18,40,41,80,85,87,88,90,92" machi="80" ten="30,2000,0" yaku="7,1,54,1" doraHai="122" who="3" fromWho="0" sc="263,-20,237,0,130,0,370,20" /><INIT seed="3,0,0,0,4,108" ten="243,237,130,390" oya="3" hai0="27,72,73,135,14,88,128,37,21,0,59,123,47" hai1="121,65,8,30,29,34,31,63,61,77,117,58,26" hai2="15,104,54,9,124,122,82,33,125,28,126,42,5" hai3="89,115,19,74,86,44,55,10,110,41,69,24,76"/><W64/><G115/><T56/><D0/><U116/><E121/><V23/><F104/><W84/><G110/><T36/><D123/><U67/><E77/><V105/><F105/><W95/><G55/><T129/><D14/><U93/><E93/><V16/><F42/><W20/><G74/><N who="0" m="28779" /><D88/><U120/><E8/><V2/><F54/><W90/><G76/><T131/><D135/><U80/><E80/><V133/><F82/><W25/><G10/><T22/><D22/><U106/><E106/><V98/><F98/><W50/><G69/><T103/><D103/><U119/><E120/><V4/><F122/><W7/><G64/><T35/><D35/><U18/><E18/><V85/><F85/><W13/><G7/><T48/><D36/><U113/><E113/><V11/><F133/><W109/><G109/><T132/><D37/><U51/><E51/><V46/><F46/><W57/><G57/><AGARI ba="0,0" hai="26,29,30,31,34,57,58,61,63,65,67,116,117,119" machi="57" ten="40,2600,0" yaku="9,1,12,1" doraHai="108" who="1" fromWho="3" sc="243,0,237,26,130,0,390,-26" owari="243,-15.7,263,6.3,130,-37.0,364,46.4" /></mjloggm>