<mjloggm ver="2.3"><GO type="225" lobby="0"/><UN n0="%E3%81%BE%E3%81%A8%E3%81%9F" n1="%73%61%6E%64%69%72%69%73" n2="%6D%75%75%6D%75%72%61" n3="%37%2F%32%E3%81%AB%E7%94%9F%E3%81%BE%E3%82%8C%E3%81%A6" dan="16,16,16,17" rate="2167.06,2111.46,2067.07,2184.35" sx="M,M,F,M"/><TAIKYOKU oya="0"/><INIT seed="0,0,0,1,3,51" ten="250,250,250,250" oya="0" hai0="123,89,15,81,10,11,3,110,23,47,67,24,65" hai1="84,119,0,50,39,57,71,96,54,60,99,127,108" hai2="121,97,76,27,56,2,107,4,13,128,32,134,5" hai3="55,101,25,74,83,22,124,42,16,7,12,43,115"/><T86/><D123/><U17/><E119/><V8/><F121/><W1/><G115/><T88/><D110/><U114/><E108/><V6/><F128/><W133/><G133/><T75/><D3/><U59/><E71/><V36/><F134/><W85/><G74/><T62/><D75/><U35/><E39/><V52/><F36/><W129/><G129/><T98/><D47/><U28/><E0/><V38/><F38/><W53/><G101/><T45/><D45/><U132/><E132/><V61/><F76/><N who="3" m="46311" /><G1/><T72/><D72/><U77/><E127/><V91/><F2/><W112/><G112/><T41/><D41/><N who="3" m="15369" /><G124/><T92/><D62/><U33/><E33/><V104/><F91/><W79/><G79/><T80/><D80/><N who="1" m="47119" /><E28/><V111/><F111/><W29/><G7/><T68/><D68/><U90/><E35/><V30/><REACH who="2" step="1"/><F97/><REACH who="2" ten="250,250,240,250" step="2"/><W120/><G120/><T135/><D135/><U131/><E131/><V130/><F130/><W64/><G64/><T69/><D65/><N who="1" m="39055" /><E114/><V94/><F94/><W19/><G29/><T116/><D67/><U93/><E17/><AGARI ba="0,1" hai="4,5,6,8,13,17,27,30,32,52,56,61,104,107" machi="17" ten="40,5200,0" yaku="1,1,52,1,54,1,53,0" doraHai="51" doraHaiUra="46" who="2" fromWho="1" sc="250,0,250,-52,240,62,250,0" /><INIT seed="1,0,0,1,1,91" ten="250,198,302,250" oya="1" hai0="70,116,117,22,42,49,75,66,19,28,81,71,125" hai1="87,21,78,101,26,44,92,40,9,48,57,10,95" hai2="8,96,119,25,7,64,43,120,115,122,36,114,74" hai3="100,105,128,63,2,53,32,14,82,93,77,130,108"/><U41/><E41/><V89/><F74/><W72/><G2/><T67/><D28/><U16/><E57/><V1/><F119/><W109/><G32/><T79/><D125/><U103/><E103/><V106/><F64/><W133/><G14/><T24/><D67/><U121/><E121/><V80/><F25/><W11/><G11/><N who="1" m="4106" /><E101/><N who="2" m="62759" /><F89/><W118/><G53/><T13/><D70/><U46/><E46/><N who="2" m="23911" /><F80/><AGARI ba="0,0" hai="16,21,26,40,44,48,78,80,87,92,95" m="4106" machi="80" ten="30,11600,0" yaku="8,1,52,2,54,1" doraHai="91" who="1" fromWho="2" sc="250,0,198,116,302,-116,250,0" /><INIT seed="1,1,0,4,0,52" ten="250,314,186,250" oya="1" hai0="99,35,75,47,7,57,109,31,40,53,66,63,134" hai1="64,102,112,128,103,37,2,120,5,80,101,133,107" hai2="77,1,50,25,43,92,118,15,130,72,100,39,122" hai3="111,18,90,126,13,27,56,71,29,42,33,62,41"/><U46/><E112/><V89/><F1/><W127/><G111/><T45/><D75/><U44/><E120/><V87/><F39/><W4/><G71/><T84/><D109/><U10/><E133/><V125/><F122/><W3/><G90/><T61/><D134/><U0/><E128/><V119/><F130/><W79/><G79/><T49/><D7/><U8/><E64/><V11/><F125/><N who="3" m="47627" /><G4/><T73/><D73/><U91/><E107/><V105/><F25/><W121/><G3/><T68/><D84/><U59/><E37/><V23/><F23/><N who="3" m="11727" /><G121/><T48/><D99/><U115/><E115/><V123/><F123/><W28/><G29/><T30/><REACH who="0" step="1"/><D35/><REACH who="0" ten="240,314,186,250" step="2"/><U36/><E5/><V19/><F72/><W32/><G33/><T135/><D135/><U98/><E98/><V17/><F118/><W113/><G113/><T65/><AGARI ba="1,1" hai="30,31,40,45,47,48,49,53,57,61,63,65,66,68" machi="65" ten="20,5200,0" yaku="1,1,0,1,7,1,52,1,53,0" doraHai="52" doraHaiUra="110" who="0" fromWho="0" sc="240,65,314,-27,186,-14,250,-14" /><INIT seed="2,0,0,2,3,23" ten="305,287,172,236" oya="2" hai0="17,82,22,95,37,117,62,58,84,18,120,44,39" hai1="31,20,65,119,29,15,13,60,61,63,9,88,123" hai2="101,12,38,121,111,113,47,112,25,4,105,126,81" hai3="21,93,66,98,116,67,36,103,35,27,76,85,6"/><V19/><F121/><W1/><G116/><T52/><D120/><U132/><E119/><V71/><F126/><W48/><G36/><T131/><D131/><U74/><E74/><V46/><F71/><W28/><G35/><T114/><D114/><U68/><E132/><V122/><F122/><W130/><G130/><T125/><D125/><U54/><E123/><V53/><F111/><W75/><G6/><T55/><D95/><U49/><E65/><V72/><F4/><W69/><G1/><T115/><D18/><N who="1" m="10335" /><E88/><V70/><F70/><W33/><G33/><T73/><D73/><U96/><E96/><V24/><F105/><W78/><G75/><T106/><D106/><U89/><E89/><V45/><F101/><W135/><G135/><T64/><D115/><U107/><E68/><V56/><F38/><W80/><G78/><T128/><D128/><U127/><E107/><V7/><F7/><W77/><G76/><T109/><D109/><U43/><E43/><V83/><F112/><W11/><G11/><T26/><D117/><U16/><E127/><V5/><F5/><W133/><G69/><T40/><D39/><U92/><E92/><V102/><F102/><W100/><G103/><T57/><D57/><AGARI ba="0,0" hai="9,13,16,29,31,49,54,57,60,61,63" m="10335" machi="57" ten="30,2000,0" yaku="8,1,54,1" doraHai="23" who="1" fromWho="0" sc="305,-20,287,20,172,0,236,0" /><INIT seed="3,0,0,5,0,40" ten="285,307,172,236" oya="3" hai0="119,53,29,4,113,90,41,98,109,9,32,8,117" hai1="126,28,118,58,78,47,75,50,49,133,16,130,124" hai2="89,51,7,39,71,68,105,88,93,36,62,45,127" hai3="95,129,52,48,104,12,91,6,46,59,34,101,3"/><W21/><G34/><T112/><D41/><U77/><E133/><V123/><F105/><W31/><G129/><T132/><D53/><N who="1" m="32055" /><E75/><V66/><F127/><N who="1" m="48681" /><E130/><V100/><F71/><W72/><G72/><T2/><D90/><U85/><E118/><N who="0" m="45065" /><D98/><U76/><E16/><V70/><F70/><W125/><G125/><T111/><D132/><U69/><E28/><V92/><F123/><W116/><G116/><T84/><D84/><U57/><E69/><V107/><F107/><W5/><G3/><T96/><D96/><U83/><E57/><V20/><F100/><W33/><G101/><T18/><D29/><U65/><E65/><V134/><F134/><W114/><G114/><N who="0" m="44139" /><D32/><U86/><E86/><V97/><F7/><N who="3" m="2571" /><G33/><T17/><D9/><U87/><E87/><V0/><F0/><W56/><G104/><T67/><D67/><U79/><E79/><V64/><F64/><W55/><G55/><AGARI ba="0,0" hai="47,49,55,76,77,78,83,85" m="48681,32055" machi="55" ten="30,2000,0" yaku="18,1,52,1" doraHai="40" who="1" fromWho="3" sc="285,0,307,20,172,0,236,-20" owari="285,8.5,327,42.7,172,-32.8,216,-18.4" /></mjloggm>