<mjloggm ver="2.3"><GO type="225" lobby="0"/><UN n0="%6D%75%75%6D%75%72%61" n1="%E7%99%BD%E6%97%A5%E9%9B%AA%E8%8F%9C" n2="%E5%8F%AF%E5%85%90%E9%82%A3%E7%94%B1%E5%A4%9A" n3="%E5%8B%95%E7%89%A9%E5%9C%92%E3%81%AE%E3%81%8F%E3%82%8D" dan="16,16,16,16" rate="2173.61,2124.20,2188.71,2154.57" sx="F,M,F,M"/><TAIKYOKU oya="0"/><INIT seed="0,0,0,2,3,40" ten="250,250,250,250" oya="0" hai0="119,7,84,60,130,101,32,124,39,102,54,6,104" hai1="127,24,30,67,31,57,86,0,121,8,100,26,45" hai2="43,117,13,131,107,62,73,77,4,46,66,51,70" hai3="78,134,82,21,44,106,109,5,98,50,120,129,34"/><T83/><D119/><U18/><E121/><V68/><F131/><W118/><G118/><T64/><D130/><U135/><E135/><V61/><F117/><W91/><G120/><T37/><D124/><U35/><E127/><V15/><F107/><W92/><G129/><T111/><D32/><U29/><E100/><V128/><F128/><W33/><G134/><T75/><D75/><U132/><E132/><V99/><F99/><W53/><G109/><T125/><D125/><U74/><E74/><V49/><F4/><W12/><G106/><T126/><D126/><U20/><E86/><V69/><F49/><W23/><G23/><T41/><D54/><U122/><E122/><V27/><F27/><W105/><G105/><T48/><D48/><U56/><E67/><V11/><F61/><W103/><G103/><T87/><D87/><U65/><E65/><V52/><F43/><W17/><REACH who="3" step="1"/><G5/><REACH who="3" ten="250,250,250,240" step="2"/><T36/><D111/><U47/><E35/><V79/><F11/><W123/><G123/><T133/><D133/><U58/><REACH who="1" step="1"/><E26/><REACH who="1" ten="250,240,250,240" step="2"/><V22/><F73/><AGARI ba="0,2" hai="12,17,21,33,34,44,50,53,73,78,82,91,92,98" machi="73" ten="30,3900,0" yaku="1,1,7,1,52,1,53,0" doraHai="40" doraHaiUra="108" who="3" fromWho="2" sc="250,0,240,0,250,-39,240,59" /><INIT seed="1,0,0,1,0,56" ten="250,240,211,299" oya="1" hai0="121,59,49,69,25,68,70,89,98,66,14,6,4" hai1="114,29,97,41,36,62,8,117,85,92,47,109,122" hai2="7,1,102,119,84,126,42,127,10,26,77,73,11" hai3="99,120,18,21,15,46,13,100,40,111,27,94,58"/><U17/><E114/><V116/><F73/><W37/><G111/><T123/><D25/><U130/><E117/><N who="2" m="45131" /><F102/><W57/><G120/><N who="0" m="46155" /><D14/><U60/><E122/><V31/><F84/><W133/><G133/><T23/><D23/><U74/><E74/><V90/><F90/><W67/><REACH who="3" step="1"/><G58/><REACH who="3" ten="250,240,211,289" step="2"/><T44/><D59/><U132/><E109/><V35/><F77/><W43/><G43/><N who="0" m="24735" /><D66/><U113/><E132/><V71/><F42/><W88/><G88/><T20/><D89/><U112/><E41/><V124/><F71/><W79/><G79/><T3/><D70/><U24/><E113/><V108/><F108/><W135/><G135/><T129/><D69/><U45/><E112/><V28/><F28/><W52/><G52/><T105/><D68/><U93/><E36/><V55/><F55/><W86/><G86/><T19/><D98/><U95/><E85/><V54/><F54/><W0/><G0/><T33/><D3/><U87/><E87/><V22/><F11/><W72/><G72/><T134/><D134/><U5/><E97/><V83/><F83/><W51/><G51/><T131/><D131/><U63/><E130/><V61/><F22/><W91/><G91/><T81/><D129/><U82/><E82/><V106/><F106/><W125/><G125/><T12/><D105/><U115/><E115/><V38/><F38/><W34/><G34/><T104/><D104/><U118/><E118/><V75/><F75/><W103/><G103/><T16/><D33/><U64/><E64/><V32/><F32/><W48/><G48/><T78/><D81/><U53/><E8/><RYUUKYOKU ba="0,1" sc="250,-15,240,-15,211,15,289,15" hai2="1,7,10,26,31,35,61,124,126,127" hai3="13,15,18,21,27,37,40,46,57,67,94,99,100" /><INIT seed="2,1,1,4,1,26" ten="235,225,226,304" oya="2" hai0="3,118,130,110,121,14,31,54,65,82,84,87,74" hai1="108,115,56,16,6,101,94,75,58,66,120,72,1" hai2="83,112,25,48,93,19,10,116,63,69,76,38,2" hai3="20,62,98,104,81,68,73,90,34,114,129,96,21"/><V11/><F112/><W106/><G129/><T32/><D3/><U9/><E115/><V127/><F116/><W86/><G114/><T60/><D121/><U42/><E120/><V107/><F107/><W36/><G36/><T78/><D110/><U80/><E108/><V45/><F127/><W117/><G117/><T88/><D118/><U125/><E125/><V57/><F69/><W22/><G34/><T111/><D130/><U128/><E128/><V91/><F38/><W0/><G0/><T102/><D111/><U132/><E132/><V46/><F2/><W18/><G73/><T71/><D102/><U28/><E28/><V13/><F25/><W15/><G106/><T124/><D124/><U70/><E42/><V55/><F10/><W39/><G39/><T99/><D99/><U131/><E131/><V97/><REACH who="2" step="1"/><F63/><REACH who="2" ten="235,225,216,304" step="2"/><W100/><G62/><T40/><D60/><U61/><E1/><V17/><F17/><W122/><G68/><T7/><D71/><U29/><E9/><V5/><F5/><W44/><G122/><T47/><D7/><U51/><E6/><V27/><F27/><W41/><G104/><T43/><D14/><U95/><E16/><V79/><F79/><W123/><G123/><T85/><D78/><U23/><E70/><V59/><F59/><W135/><G18/><T30/><D30/><U64/><E58/><V113/><F113/><W53/><G15/><T35/><D31/><U12/><E56/><V37/><F37/><W105/><G105/><T134/><D35/><U133/><E29/><V52/><F52/><W126/><G53/><RYUUKYOKU ba="1,2" sc="235,-10,225,-10,216,30,304,-10" hai2="11,13,19,45,46,48,55,57,76,83,91,93,97" /><INIT seed="2,2,2,3,3,71" ten="225,215,246,294" oya="2" hai0="120,82,86,132,63,65,10,47,110,107,50,59,79" hai1="74,76,88,77,75,133,52,131,41,60,5,61,90" hai2="126,9,96,27,129,21,115,108,23,19,7,54,69" hai3="8,114,14,2,30,112,128,118,121,73,37,33,28"/><V109/><F69/><W99/><G73/><T72/><D120/><U3/><E41/><V116/><F115/><N who="3" m="44075" /><G121/><T38/><D110/><N who="2" m="42602" /><F116/><W45/><G118/><T43/><D132/><U0/><E133/><V100/><F129/><W101/><G128/><T17/><D107/><U31/><E131/><V39/><F126/><W85/><G2/><T35/><D35/><U32/><E32/><V127/><F127/><W124/><G124/><T97/><D97/><U1/><E1/><N who="2" m="239" /><F23/><W20/><G33/><T70/><D72/><U44/><E5/><V48/><F39/><W6/><G85/><T42/><D42/><U58/><E44/><N who="2" m="27911" /><F96/><W122/><G20/><T117/><D117/><U18/><E31/><V56/><F56/><W13/><G13/><T12/><REACH who="0" step="1"/><D70/><REACH who="0" ten="215,215,246,294" step="2"/><U103/><E74/><V67/><F100/><W93/><G122/><T102/><D102/><U98/><E103/><V95/><F95/><W123/><G123/><T62/><D62/><U49/><E61/><V78/><F78/><W81/><G81/><T92/><D92/><U83/><E60/><V105/><F105/><W46/><G93/><T53/><D53/><U29/><E76/><V68/><F68/><W15/><G99/><T34/><D34/><U26/><E98/><V119/><F119/><W135/><G101/><T104/><D104/><U84/><E75/><V22/><F22/><W57/><G135/><T51/><AGARI ba="2,3" hai="10,12,17,38,43,47,50,51,59,63,65,79,82,86" machi="51" ten="30,4000,0" yaku="1,1,0,1,52,1,53,0" doraHai="71" doraHaiUra="25" who="0" fromWho="0" sc="215,76,215,-12,246,-22,294,-12" /><INIT seed="3,0,0,1,0,32" ten="291,203,224,282" oya="3" hai0="23,110,80,38,78,34,3,33,70,90,85,47,108" hai1="99,48,115,54,130,96,118,46,73,106,81,24,101" hai2="39,43,26,44,121,122,49,135,111,124,62,56,2" hai3="94,11,105,6,40,31,28,133,18,112,107,20,89"/><W129/><G112/><T87/><D70/><U41/><E115/><V53/><F26/><W65/><G40/><N who="0" m="22935" /><D23/><U67/><E130/><V97/><F97/><W100/><G133/><T93/><D3/><U19/><E118/><V91/><F91/><W83/><G65/><T119/><D119/><U84/><E73/><V17/><F17/><W68/><G68/><T5/><D5/><U9/><E67/><V109/><F2/><W120/><G120/><N who="2" m="46185" /><F135/><W45/><G45/><T57/><D57/><U102/><E41/><V88/><F88/><W27/><G83/><T22/><D22/><N who="1" m="13407" /><E9/><V126/><F39/><W4/><G4/><T1/><D1/><U55/><E106/><V8/><F8/><W113/><G129/><T128/><D128/><U127/><E127/><AGARI ba="0,0" hai="43,44,49,53,56,62,109,111,124,126,127" m="46185" machi="127" ten="30,7700,0" yaku="18,1,13,1,34,2" doraHai="32" who="2" fromWho="1" sc="291,0,203,-77,224,77,282,0" owari="291,9.1,126,-37.4,301,40.1,282,-11.8" /></mjloggm>