<mjloggm ver="2.3"><GO type="225" lobby="0"/><UN n0="%73%6C%69%63%6B%33%31%39" n1="%E8%91%89%E5%B1%B1%E9%99%BD%E5%92%8C" n2="%45%6C%79%73%69%75%6D" n3="%72%65%6E%6B%75%6E" dan="16,16,18,17" rate="2155.47,2107.82,2202.90,2282.77" sx="M,F,F,M"/><TAIKYOKU oya="0"/><INIT seed="0,0,0,3,4,73" ten="250,250,250,250" oya="0" hai0="28,19,119,99,106,13,14,48,74,5,30,57,126" hai1="85,131,71,69,90,109,118,75,34,112,17,47,6" hai2="79,127,61,97,87,38,9,84,94,96,133,7,88" hai3="59,95,41,52,58,22,21,125,92,1,104,45,62"/><T116/><D74/><U111/><E118/><V55/><F38/><W83/><G125/><T3/><D106/><U54/><E131/><V42/><F42/><W36/><G104/><T10/><D99/><U113/><E75/><V102/><F127/><W86/><G1/><T20/><D48/><N who="1" m="28959" /><E6/><V4/><F133/><W18/><G59/><T123/><D57/><U63/><E17/><V16/><F61/><W70/><G70/><N who="1" m="26634" /><E34/><V11/><F55/><W8/><G8/><N who="0" m="2111" /><D126/><U100/><E100/><V33/><F33/><W101/><G101/><T91/><D91/><U110/><E63/><V12/><F9/><W50/><G36/><T43/><D123/><U35/><E35/><V67/><F96/><W132/><G132/><T107/><D107/><U68/><N who="1" m="26642" /><U0/><DORA hai="39" /><E0/><V130/><F130/><W121/><G121/><T72/><D72/><U108/><N who="1" m="27648" /><DORA hai="98" /><U128/><E128/><V31/><F31/><N who="0" m="11818" /><D43/><U129/><E129/><V32/><F32/><W40/><G40/><T49/><D49/><U80/><AGARI ba="0,0" hai="80,85,90,112,113" m="27648,26642,28959" machi="80" ten="80,2700,0" yaku="14,1" doraHai="73,39,98" who="1" fromWho="1" sc="250,-13,250,27,250,-7,250,-7" /><INIT seed="1,0,0,1,1,71" ten="237,277,243,243" oya="1" hai0="95,117,20,9,93,72,5,116,38,118,66,94,127" hai1="56,1,135,106,22,59,99,8,102,64,36,11,130" hai2="37,133,50,12,19,70,128,3,88,87,6,107,89" hai3="121,14,111,68,0,85,104,84,26,65,49,73,21"/><U120/><E120/><V48/><F37/><W103/><G0/><T129/><D72/><U30/><E130/><V60/><F107/><W47/><G73/><T75/><D75/><U16/><E135/><V134/><F6/><W91/><G121/><T52/><D129/><U40/><E30/><V122/><F3/><W4/><G111/><T98/><D66/><U131/><E131/><V123/><F70/><W18/><G68/><T97/><D20/><U42/><E42/><V132/><F60/><W15/><G65/><T112/><D112/><U53/><E64/><V33/><F33/><W96/><G4/><T32/><D32/><U2/><E1/><V67/><F67/><W35/><G35/><T63/><D38/><U105/><E105/><V39/><F39/><W58/><G58/><T41/><D41/><U17/><E56/><V101/><F101/><W86/><REACH who="3" step="1"/><G91/><REACH who="3" ten="237,277,243,233" step="2"/><N who="2" m="34889" /><F128/><W109/><G109/><T43/><D5/><U82/><E2/><V81/><F122/><W100/><G100/><T125/><D117/><U69/><E69/><V77/><F123/><W119/><G119/><T115/><D116/><U57/><E57/><V126/><F126/><W27/><G27/><T46/><D118/><U51/><E59/><V7/><F7/><W62/><G62/><T108/><D108/><U25/><E25/><V45/><F45/><W92/><G92/><T31/><D125/><U24/><E24/><V76/><F77/><W90/><G90/><T55/><D127/><U79/><E79/><V124/><F124/><W10/><G10/><AGARI ba="0,1" hai="10,12,19,48,50,76,81,87,132,133,134" m="34889" machi="10" ten="30,2000,0" yaku="20,1,54,1" doraHai="71" who="2" fromWho="3" sc="237,0,277,0,243,30,233,-20" /><INIT seed="2,0,0,0,1,81" ten="237,277,273,213" oya="2" hai0="122,129,92,26,46,63,27,106,97,19,10,130,109" hai1="43,28,98,93,104,40,66,39,3,121,88,126,135" hai2="86,41,57,37,76,13,48,105,49,107,35,94,74" hai3="34,32,20,9,87,29,84,67,75,52,134,33,59"/><V101/><F35/><W60/><G75/><T120/><D106/><U2/><E135/><V51/><F74/><W17/><G134/><T42/><D109/><U116/><E116/><V55/><F101/><W110/><G110/><T6/><D63/><U91/><E126/><V16/><F41/><W100/><G100/><T95/><D10/><U102/><E121/><N who="0" m="46697" /><D6/><U132/><E132/><V0/><F37/><W99/><G99/><T64/><D64/><U30/><E66/><V47/><F0/><W69/><G9/><T85/><D85/><U22/><E91/><N who="2" m="53623" /><F105/><W79/><G79/><T18/><D26/><U80/><E80/><V71/><F71/><W36/><G36/><T58/><D58/><U24/><E30/><V15/><F107/><W5/><G5/><T131/><D27/><U90/><E90/><V72/><F72/><W111/><G29/><T11/><D11/><U119/><E119/><V56/><F76/><W50/><REACH who="3" step="1"/><G111/><REACH who="3" ten="237,277,273,203" step="2"/><T12/><D97/><U45/><E39/><V62/><F16/><N who="0" m="6186" /><D12/><AGARI ba="0,1" hai="12,17,20,32,33,34,50,52,59,60,67,69,84,87" machi="12" ten="40,8000,1" yaku="1,1,52,2,54,1,53,0" doraHai="81" doraHaiUra="89" who="3" fromWho="0" sc="237,-80,277,0,273,0,203,90" /><INIT seed="3,0,0,2,0,109" ten="157,277,273,293" oya="3" hai0="33,28,61,92,2,113,52,76,72,31,122,123,55" hai1="0,78,60,59,101,3,83,102,12,20,57,121,14" hai2="82,100,134,43,5,104,135,98,45,24,107,131,86" hai3="56,70,7,96,74,99,79,21,46,35,130,51,103"/><W71/><G35/><T32/><D2/><U111/><E121/><V106/><F5/><W63/><G130/><T64/><D72/><U1/><E111/><V53/><F53/><N who="0" m="20554" /><D92/><U119/><E119/><V13/><F13/><W41/><G7/><T10/><D76/><U19/><E14/><V84/><F24/><W116/><G116/><T97/><D97/><U49/><E49/><V108/><F108/><W40/><G40/><T65/><D61/><U105/><E105/><N who="2" m="63639" /><F131/><W4/><G4/><T38/><D38/><U48/><E48/><V94/><F45/><W17/><G99/><T80/><D80/><U132/><E60/><V68/><F68/><W85/><G74/><T115/><D10/><U133/><E101/><V42/><F42/><W8/><G8/><T66/><D32/><U11/><E102/><V50/><F50/><W91/><G79/><T39/><D33/><U26/><E11/><V47/><F47/><W16/><G70/><T36/><D36/><U88/><E78/><N who="2" m="46167" /><F43/><W126/><G71/><T124/><D39/><U120/><E120/><N who="0" m="46121" /><D124/><U114/><E0/><V9/><F9/><W29/><G126/><T6/><D6/><U125/><E125/><V23/><F23/><W27/><G103/><T73/><D73/><U69/><E69/><V95/><F95/><N who="3" m="54767" /><G96/><T34/><D34/><U54/><E1/><V18/><F94/><W25/><G25/><T112/><AGARI ba="0,0" hai="28,31,64,65,66,112,113,115" m="46121,20554" machi="112" ten="40,12000,2" yaku="28,2,11,1,52,3,54,1" doraHai="109" who="0" fromWho="0" sc="157,120,277,-30,273,-30,293,-60" /><INIT seed="4,0,0,3,2,92" ten="277,247,243,233" oya="0" hai0="74,101,76,115,14,64,48,99,68,88,66,79,40" hai1="73,35,119,106,72,19,105,126,28,15,80,32,33" hai2="93,34,98,113,121,38,97,39,133,134,54,41,110" hai3="60,122,27,70,67,46,103,47,114,69,71,50,112"/><T20/><D115/><N who="3" m="44073" /><G103/><T18/><D74/><U63/><E119/><V37/><F113/><W100/><G100/><T24/><D68/><N who="3" m="26217" /><G27/><T89/><D48/><U128/><E28/><V81/><F110/><W31/><G31/><N who="0" m="17799" /><D40/><U11/><E128/><V116/><F116/><W120/><G46/><T82/><D101/><U26/><E26/><V30/><F30/><W9/><G9/><T12/><D12/><U111/><E11/><V3/><F3/><W132/><G132/><N who="2" m="50793" /><F34/><W29/><G29/><T51/><D51/><U44/><E33/><V104/><F121/><W86/><G86/><N who="0" m="48455" /><D79/><U95/><E35/><V124/><F104/><W58/><N who="3" m="26225" /><W65/><DORA hai="8" /><G65/><N who="0" m="25195" /><D99/><U17/><E32/><V83/><F97/><W43/><AGARI ba="0,0" hai="43,47,50,58,60,67,120,122" m="26225,44073" machi="43" ten="50,6400,0" yaku="15,1,34,2" doraHai="92,8" who="3" fromWho="3" sc="277,-32,247,-16,243,-16,233,64" /><INIT seed="5,0,0,3,3,66" ten="245,231,227,297" oya="1" hai0="104,22,95,133,2,108,129,51,63,53,35,96,101" hai1="135,50,11,9,15,32,122,110,55,44,57,126,85" hai2="45,33,43,0,111,29,3,48,40,118,94,78,102" hai3="73,31,41,100,115,77,105,75,123,92,71,34,69"/><U67/><E122/><V132/><F118/><W107/><G92/><T97/><D108/><U86/><E110/><V103/><F111/><W120/><G41/><T117/><D117/><U74/><E135/><V84/><F132/><W128/><G128/><T25/><D133/><U72/><E126/><V64/><F40/><W30/><G115/><T131/><D2/><U113/><E32/><V4/><F29/><N who="3" m="10763" /><G77/><T38/><D38/><U10/><E113/><V125/><F33/><W60/><G100/><T58/><D35/><U76/><E74/><N who="3" m="28170" /><G60/><T20/><D51/><U99/><E99/><V61/><F125/><W134/><G34/><T109/><D109/><U82/><E67/><V70/><F78/><W46/><G46/><T88/><D20/><U8/><REACH who="1" step="1"/><E44/><REACH who="1" ten="245,221,227,297" step="2"/><V124/><F124/><W114/><G114/><T13/><D131/><U119/><E119/><V39/><F64/><W24/><G134/><T54/><D129/><U19/><AGARI ba="0,1" hai="8,9,10,11,15,19,50,55,57,72,76,82,85,86" machi="19" ten="30,6000,0" yaku="1,1,0,1,53,1" doraHai="66" doraHaiUra="79" who="1" fromWho="1" sc="245,-20,221,70,227,-20,297,-20" /><INIT seed="5,1,0,0,2,50" ten="225,291,207,277" oya="1" hai0="87,4,2,55,122,14,130,129,76,30,97,10,86" hai1="61,54,84,34,112,27,32,126,52,16,33,100,109" hai2="62,121,90,127,44,49,63,48,45,108,57,99,132" hai3="67,7,59,66,46,119,104,113,38,96,64,35,42"/><U134/><E112/><V23/><F121/><W98/><G35/><T102/><D122/><U0/><E0/><V3/><F108/><W120/><G120/><T51/><D30/><U81/><E109/><V91/><F3/><W43/><G113/><T5/><D5/><U75/><E75/><V71/><F132/><W39/><G119/><T124/><D124/><U105/><E61/><N who="2" m="23051" /><F71/><W40/><G7/><T82/><D86/><U70/><E70/><V123/><F123/><W78/><G78/><T15/><D129/><U79/><E126/><V74/><F74/><W103/><G59/><T115/><D115/><U73/><E73/><V69/><F69/><W92/><REACH who="3" step="1"/><G46/><REACH who="3" ten="225,291,207,267" step="2"/><N who="2" m="18025" /><F127/><W6/><G6/><T22/><D130/><U8/><E134/><V93/><F57/><W80/><G80/><T111/><D111/><U41/><E33/><V11/><F11/><W114/><G114/><T118/><D118/><U128/><E128/><V131/><F131/><W116/><G116/><T20/><D2/><U31/><E34/><V88/><F23/><W125/><G125/><T89/><D20/><U58/><E58/><V72/><F72/><W17/><G17/><T101/><D22/><U1/><E1/><V107/><F107/><W68/><G68/><T60/><D60/><U9/><E8/><V77/><F77/><W95/><G95/><N who="0" m="56559" /><D14/><N who="1" m="7247" /><E105/><V21/><F21/><W85/><G85/><T83/><D83/><U28/><E28/><V110/><F110/><W94/><G94/><T24/><D24/><U12/><E31/><V56/><F56/><AGARI ba="1,1" hai="4,10,15,51,55,56,76,82,87,101,102" m="56559" machi="56" ten="30,2000,0" yaku="8,1,52,1" doraHai="50" who="0" fromWho="2" sc="225,33,291,0,207,-23,267,0" /><INIT seed="6,0,0,4,3,78" ten="258,291,184,267" oya="2" hai0="44,3,69,128,34,115,83,2,50,7,26,43,35" hai1="39,45,21,9,108,124,114,13,110,90,22,55,119" hai2="84,130,54,28,10,24,91,80,67,133,56,49,129" hai3="131,89,47,72,23,51,106,18,30,75,57,120,101"/><V102/><F133/><W81/><G120/><T42/><D69/><U60/><E119/><V103/><F10/><W8/><G131/><N who="2" m="50185" /><F67/><W93/><G30/><T113/><D128/><U11/><E110/><V123/><F123/><W92/><G57/><T5/><D26/><U1/><E108/><V107/><F107/><W98/><G8/><T95/><D95/><U121/><E121/><V77/><F77/><W118/><G118/><T12/><D12/><U73/><E1/><V68/><F68/><W94/><G89/><T127/><D50/><U20/><E13/><V99/><F99/><W79/><G75/><T126/><D44/><U132/><E132/><V87/><F87/><W25/><REACH who="3" step="1"/><G106/><REACH who="3" ten="258,291,184,257" step="2"/><T33/><D33/><AGARI ba="0,1" hai="24,28,33,49,54,56,80,84,91,102,103" m="50185" machi="33" ten="30,2900,0" yaku="19,1,52,1" doraHai="78" who="2" fromWho="0" sc="258,-29,291,0,184,39,257,0" /><INIT seed="6,1,0,4,5,52" ten="229,291,223,257" oya="2" hai0="3,4,109,83,24,35,65,115,6,93,63,8,107" hai1="42,96,95,129,112,13,130,28,57,46,64,127,32" hai2="81,78,22,89,49,134,104,58,133,103,69,2,39" hai3="88,98,55,76,27,50,105,67,21,14,0,80,51"/><V86/><F39/><W9/><G0/><T101/><D93/><U99/><E112/><V90/><F69/><W56/><G67/><T106/><D83/><U19/><E127/><V131/><F2/><W77/><G105/><T43/><D6/><U120/><E120/><V37/><F37/><W15/><G51/><T123/><D123/><U16/><E19/><V18/><F131/><W40/><G40/><T60/><D60/><N who="1" m="37903" /><E28/><V26/><F103/><W100/><G100/><T125/><D115/><U82/><E32/><V74/><F104/><W119/><G119/><T118/><D125/><U85/><E95/><V70/><F70/><W7/><G14/><T111/><D43/><U132/><E132/><N who="2" m="50795" /><F74/><W117/><G117/><T38/><D38/><U87/><E130/><V54/><AGARI ba="1,0" hai="18,22,26,49,54,58,78,81,86,89,90" m="50795" machi="54" ten="30,3000,0" yaku="20,1,52,1" doraHai="52" who="2" fromWho="2" sc="229,-11,291,-11,223,33,257,-11" /><INIT seed="6,2,0,3,5,26" ten="218,280,256,246" oya="2" hai0="130,95,103,118,40,25,8,66,28,55,96,88,100" hai1="33,27,106,53,86,46,14,67,21,90,11,93,131" hai2="82,126,48,117,10,99,22,64,13,12,72,19,73" hai3="124,84,129,59,1,6,128,113,3,7,60,44,122"/><V109/><F117/><W23/><G122/><T57/><D130/><N who="3" m="50281" /><G124/><T15/><D118/><U49/><E131/><V30/><F126/><W79/><G113/><T104/><D40/><U17/><E106/><V43/><F109/><W133/><G133/><T105/><D66/><U39/><E39/><V98/><F64/><N who="3" m="38943" /><G44/><T121/><D104/><U83/><E33/><V80/><F72/><W107/><G107/><T5/><D121/><U45/><E67/><V71/><F71/><W112/><G112/><T75/><D75/><U58/><E93/><V65/><F65/><W87/><G23/><N who="0" m="15423" /><D105/><U36/><E36/><V116/><F116/><W81/><G84/><T24/><D24/><U41/><E41/><V102/><F73/><W120/><G120/><T9/><D9/><U34/><E34/><V20/><F20/><W35/><G35/><T89/><D103/><U135/><E135/><V50/><F43/><W18/><G18/><AGARI ba="2,0" hai="11,14,17,18,21,27,45,46,49,53,58,83,86,90" machi="18" ten="30,2000,0" yaku="7,1,8,1" doraHai="26" who="1" fromWho="3" sc="218,0,280,26,256,0,246,-26" owari="218,-28.2,306,40.6,256,5.6,220,-18.0" /></mjloggm>