<mjloggm ver="2.3"><GO type="225" lobby="0"/><UN n0="%4E%6F%2E%30%30%30%31" n1="%E4%B8%89%E5%86%A0%E7%8E%8B%E3%83%BB%E5%B1%B1%E7%94%B0%E5%93%B2%E4%BA%BA" n2="%E3%83%B4%E3%83%A0%EF%BC%99%E3%81%A6" n3="%E3%81%8C%E3%81%9F" dan="18,16,16,16" rate="2244.00,2167.07,2162.79,2143.84" sx="M,M,M,M"/><TAIKYOKU oya="0"/><INIT seed="0,0,0,1,4,97" ten="250,250,250,250" oya="0" hai0="64,77,76,114,57,66,94,24,135,93,67,29,36" hai1="12,131,55,37,56,33,133,13,83,44,2,105,50" hai2="126,125,42,3,113,22,110,62,10,128,38,118,95" hai3="4,25,73,52,34,89,1,59,85,74,75,130,28"/><T15/><D114/><U17/><E2/><V45/><F113/><W47/><G130/><T53/><D36/><U123/><E123/><V86/><F128/><W102/><G102/><T121/><D121/><U23/><E33/><V98/><F110/><W82/><G47/><T39/><D39/><U54/><E131/><V11/><F118/><W129/><G129/><T99/><D15/><U0/><E0/><V108/><F108/><W70/><G70/><T18/><D18/><U21/><E133/><V68/><F86/><W122/><G122/><T16/><D135/><U20/><E105/><V124/><F22/><W32/><G1/><T78/><D99/><U100/><E100/><N who="2" m="60511" /><F3/><W132/><G4/><T81/><D81/><U109/><E109/><V30/><F30/><W104/><G104/><T40/><D40/><U35/><E35/><V119/><F119/><W90/><G132/><T88/><D88/><U58/><E12/><V51/><F38/><W72/><N who="3" m="18432" /><DORA hai="19" /><W80/><G34/><T134/><D134/><U6/><E6/><V14/><F14/><W103/><G103/><T60/><D29/><U27/><E13/><V61/><F68/><W48/><REACH who="3" step="1"/><G82/><REACH who="3" ten="250,250,250,240" step="2"/><T84/><D84/><U120/><E83/><V46/><F124/><W106/><G106/><T5/><D5/><U9/><E120/><V63/><F125/><W8/><G8/><T112/><D112/><U87/><E9/><V101/><F126/><W26/><G26/><T49/><D93/><U91/><E27/><V41/><F101/><W116/><G116/><T127/><D127/><U31/><E44/><RYUUKYOKU ba="0,1" sc="250,-15,250,-15,250,15,240,15" hai2="10,11,41,42,45,46,51,61,62,63" hai3="25,28,32,48,52,59,80,85,89,90" /><INIT seed="1,1,1,0,3,14" ten="235,235,265,255" oya="1" hai0="88,74,4,130,97,70,37,22,11,79,53,7,125" hai1="99,121,110,89,120,66,131,101,12,9,75,122,102" hai2="19,35,23,82,83,67,133,43,52,55,91,135,50" hai3="98,84,112,24,18,117,65,103,123,105,36,116,51"/><U58/><E75/><V111/><F35/><W16/><G123/><T3/><D130/><U48/><E131/><V45/><F111/><W118/><G112/><T17/><D125/><U73/><E73/><V46/><F67/><W96/><G36/><T128/><D128/><U76/><E76/><V72/><F91/><W6/><G6/><T42/><D70/><U27/><E110/><V119/><F119/><W25/><G65/><T86/><D7/><U115/><E115/><V0/><F0/><W85/><G51/><T107/><D53/><N who="2" m="20554" /><F46/><W109/><G109/><T94/><D42/><U59/><E48/><V2/><F2/><W38/><G38/><T33/><D33/><U108/><E108/><V134/><F72/><W100/><G117/><T113/><D37/><U28/><E89/><V62/><F62/><W34/><G34/><T106/><D74/><U64/><E64/><V20/><F20/><W49/><G49/><T132/><D132/><U47/><E47/><V68/><F68/><W1/><G1/><T90/><D79/><U54/><E66/><V69/><F69/><W39/><G39/><T8/><D8/><U21/><E54/><V61/><F61/><W13/><G13/><AGARI ba="1,1" hai="13,19,23,43,45,50,82,83,133,134,135" m="20554" machi="13" ten="30,3900,0" yaku="20,1,52,1,54,1" doraHai="14" who="2" fromWho="3" sc="235,0,235,0,265,52,255,-42" /><INIT seed="2,0,0,5,2,60" ten="235,235,317,213" oya="2" hai0="58,45,127,73,124,89,21,15,22,63,110,12,87" hai1="42,47,46,80,98,24,122,118,83,97,49,14,91" hai2="128,61,59,4,7,130,28,26,92,85,11,74,32" hai3="72,13,126,104,25,55,38,51,111,119,95,69,37"/><V131/><F74/><W3/><G3/><T108/><D73/><U103/><E118/><V29/><F29/><W134/><G72/><T133/><D45/><U18/><E122/><V96/><F85/><W64/><G104/><T90/><D133/><U102/><E24/><V77/><F77/><W132/><G119/><T65/><D12/><U113/><E113/><V1/><F11/><W54/><G13/><T20/><D15/><U107/><E47/><V135/><F1/><W82/><G82/><N who="1" m="31274" /><E107/><V35/><F35/><W68/><G95/><N who="0" m="54719" /><D90/><U19/><E19/><V78/><F78/><W52/><G25/><T117/><D117/><U33/><E33/><V40/><F40/><W94/><G94/><T112/><D112/><U48/><E91/><V30/><F30/><W115/><G115/><T27/><D27/><U17/><E17/><V67/><F135/><N who="3" m="51755" /><G111/><AGARI ba="0,0" hai="20,21,22,58,63,65,108,110,111,124,127" m="54719" machi="111" ten="30,2000,0" yaku="14,1,52,1" doraHai="60" who="0" fromWho="3" sc="235,20,235,0,317,0,213,-20" /><INIT seed="3,0,0,0,3,86" ten="255,235,317,193" oya="3" hai0="73,56,96,106,120,43,8,85,52,118,26,39,112" hai1="48,36,3,38,20,124,46,28,66,16,22,68,104" hai2="4,6,105,82,9,33,59,18,67,72,45,77,1" hai3="2,75,108,62,90,97,94,15,69,80,31,99,83"/><W63/><G2/><T60/><D118/><U125/><E104/><V70/><F70/><W19/><G108/><T76/><D120/><U53/><E3/><V123/><F123/><W30/><G75/><T7/><D112/><U25/><E66/><V126/><F105/><W109/><G109/><T14/><D73/><U57/><E68/><V128/><F33/><W110/><G110/><T130/><D130/><U24/><REACH who="1" step="1"/><E57/><REACH who="1" ten="255,225,317,193" step="2"/><V135/><F1/><W12/><G69/><T113/><D106/><U119/><E119/><V95/><F67/><W11/><G99/><T21/><D96/><U81/><E81/><N who="3" m="31306" /><G15/><T116/><D116/><U10/><E10/><V98/><F9/><W102/><G102/><T0/><D0/><U122/><E122/><V79/><F72/><W107/><G107/><T50/><D8/><U27/><E27/><V92/><F128/><W35/><G35/><T114/><D14/><U49/><E49/><V127/><F79/><W129/><G129/><T64/><D76/><U121/><E121/><V44/><F77/><W71/><G71/><N who="0" m="42375" /><D114/><U13/><E13/><V89/><F82/><W111/><G111/><T93/><D113/><U65/><E65/><V34/><F34/><W54/><G54/><T132/><D52/><U41/><E41/><V29/><F98/><W51/><G51/><T117/><D50/><U133/><E133/><V42/><F135/><W84/><G97/><T55/><D132/><U37/><AGARI ba="0,1" hai="16,20,22,24,25,28,36,37,38,46,48,53,124,125" machi="37" ten="40,5200,0" yaku="1,1,0,1,54,1,53,0" doraHai="86" doraHaiUra="58" who="1" fromWho="1" sc="255,-13,225,62,317,-13,193,-26" owari="242,-15.8,287,8.7,304,40.4,167,-33.3" /></mjloggm>