<mjloggm ver="2.3"><GO type="225" lobby="0"/><UN n0="%E3%83%A9%E3%82%A4%E3%83%B3%E3%81%AE%E8%99%8E" n1="%E3%83%B4%E3%82%A3%E3%83%AF%E3%82%B3%E3%82%B0%E3%83%8B" n2="%E5%85%88%E7%89%A9%E3%81%AF%74%72%61%73%68" n3="%E3%80%90%E3%83%88%E3%83%AA%E3%83%A5%E3%83%95%E3%80%91" dan="16,16,17,16" rate="2113.04,2208.04,2138.06,2067.48" sx="M,M,M,M"/><TAIKYOKU oya="0"/><INIT seed="0,0,0,5,2,102" ten="250,250,250,250" oya="0" hai0="64,1,67,48,62,52,123,69,42,113,126,60,59" hai1="134,105,31,84,22,57,108,44,127,45,36,23,103" hai2="68,6,49,66,82,104,33,91,20,2,19,93,38" hai3="109,115,71,39,112,120,10,72,14,89,106,107,0"/><T17/><D1/><U3/><E3/><V90/><F38/><W118/><RYUUKYOKU type="yao9" ba="0,0" sc="250,0,250,0,250,0,250,0" hai3="0,10,14,39,71,72,89,106,107,109,112,115,118,120" /><INIT seed="0,1,0,3,3,130" ten="250,250,250,250" oya="0" hai0="47,12,123,75,32,84,102,120,82,128,101,76,23" hai1="25,7,43,61,37,0,105,53,93,126,41,1,60" hai2="98,113,109,78,34,65,121,46,19,116,71,59,28" hai3="125,100,63,58,72,127,16,52,64,5,44,87,117"/><T81/><D32/><U36/><E105/><V27/><F113/><W132/><G117/><T114/><D114/><U33/><E126/><N who="3" m="48138" /><G72/><T67/><D128/><U13/><E13/><V107/><F121/><W118/><G118/><T8/><D67/><U134/><E93/><V56/><F116/><W42/><G5/><T6/><D120/><U74/><E33/><V26/><F109/><W50/><G100/><T66/><D123/><U96/><E25/><V124/><F78/><W119/><G119/><T86/><D75/><U17/><E74/><V55/><F124/><W31/><G31/><T69/><D47/><U11/><E17/><V14/><F27/><W39/><G87/><T133/><D133/><U38/><E96/><V20/><F46/><N who="3" m="23903" /><G16/><T131/><D131/><U79/><E79/><V80/><F55/><W97/><G97/><T10/><D23/><U91/><E91/><V108/><F80/><W112/><G112/><T111/><D111/><U18/><E18/><V129/><F129/><W88/><G88/><T48/><D8/><U99/><E99/><V30/><F30/><W3/><G3/><T83/><D83/><U54/><E0/><V15/><F15/><W40/><G40/><N who="1" m="15434" /><E134/><AGARI ba="1,0" hai="44,50,52,58,63,64,132,134" m="23903,48138" machi="134" ten="30,12000,2" yaku="18,1,34,2,52,2,54,1" doraHai="130" who="3" fromWho="1" sc="250,0,250,-123,250,0,250,123" /><INIT seed="1,0,0,3,0,67" ten="250,127,250,373" oya="1" hai0="22,107,93,21,63,81,47,34,78,59,90,23,57" hai1="104,86,94,95,41,121,77,64,17,6,13,54,68" hai2="37,58,122,116,60,125,115,84,44,106,33,32,128" hai3="123,109,113,31,134,38,71,66,103,120,43,99,132"/><U131/><E121/><V48/><F122/><W14/><G14/><T42/><D34/><U12/><E104/><V53/><F116/><W26/><G113/><T87/><D107/><U3/><E3/><V25/><F128/><W28/><G109/><T74/><REACH who="0" step="1"/><D63/><REACH who="0" ten="240,127,250,373" step="2"/><U111/><E131/><V16/><F106/><N who="3" m="63871" /><G120/><T119/><D119/><U112/><E112/><V101/><F115/><W108/><G123/><T85/><D85/><U129/><E129/><V133/><F84/><W30/><G108/><T82/><D82/><N who="1" m="47439" /><E68/><V5/><F60/><N who="3" m="40391" /><G134/><T55/><D55/><U117/><E117/><V20/><F53/><W89/><G132/><T24/><D24/><U4/><E111/><V130/><F25/><W114/><G114/><T11/><D11/><N who="1" m="4215" /><E64/><V105/><F130/><W50/><G26/><T79/><D79/><U9/><E41/><V61/><F133/><W118/><G118/><T46/><D46/><U100/><E100/><V96/><F33/><W2/><G43/><T91/><D91/><U98/><E98/><V51/><F32/><W80/><G89/><T70/><D70/><U27/><E54/><V39/><F101/><W83/><G83/><T124/><D124/><U76/><E76/><V75/><F125/><W0/><G80/><T72/><D72/><U36/><E36/><AGARI ba="0,1" hai="21,22,23,36,42,47,57,59,74,78,81,87,90,93" machi="36" ten="40,2600,0" yaku="1,1,53,1" doraHai="67" doraHaiUra="40" who="0" fromWho="1" sc="240,36,127,-26,250,0,373,0" /><INIT seed="2,0,0,5,5,124" ten="276,101,250,373" oya="2" hai0="45,44,101,80,27,3,13,12,50,5,63,86,40" hai1="7,56,106,134,2,99,34,11,78,22,16,18,43" hai2="17,46,95,91,116,105,83,104,47,20,14,112,92" hai3="32,88,9,94,29,102,41,72,57,126,108,52,131"/><V39/><F112/><W1/><G108/><T15/><D101/><U66/><E134/><V36/><F116/><W100/><G126/><T93/><D93/><U128/><E43/><V118/><F118/><W30/><G72/><T115/><D3/><U129/><E34/><V60/><F60/><W113/><G41/><T98/><D98/><U107/><E78/><V109/><F109/><W97/><G131/><N who="1" m="50250" /><E99/><V62/><F62/><N who="3" m="36135" /><G1/><T132/><D40/><U133/><E133/><V59/><F39/><W67/><G67/><T114/><D132/><U8/><E66/><V21/><F36/><W55/><G32/><T81/><D114/><U38/><E38/><V4/><F91/><W51/><G113/><T82/><D86/><U96/><E56/><V10/><F59/><N who="3" m="33279" /><G9/><T87/><D87/><U58/><E58/><V71/><F10/><W23/><G23/><T54/><D115/><U28/><E8/><V31/><F46/><W53/><G53/><T110/><D110/><U69/><E69/><V76/><F71/><W111/><G111/><T121/><D45/><U70/><E70/><V68/><F47/><W0/><G0/><T119/><D119/><U6/><E6/><V61/><F68/><W33/><G33/><T49/><D5/><U90/><E28/><AGARI ba="0,0" hai="28,29,30,88,94,97,100,102" m="33279,36135" machi="28" ten="30,3900,0" yaku="8,1,54,2" doraHai="124" who="3" fromWho="1" sc="276,0,101,-39,250,0,373,39" /><INIT seed="3,0,0,0,2,35" ten="276,62,250,412" oya="3" hai0="114,106,93,14,105,9,128,2,84,129,24,87,91" hai1="0,12,72,37,67,13,32,90,41,113,70,36,27" hai2="95,51,44,33,130,111,62,69,58,77,54,7,55" hai3="22,74,57,3,66,17,79,11,59,26,122,75,68"/><W6/><G122/><T19/><D114/><U38/><E90/><V85/><F111/><W4/><G4/><N who="0" m="1175" /><D24/><U45/><E13/><V102/><F130/><N who="0" m="50282" /><D84/><U30/><E12/><V118/><F118/><W61/><G74/><T43/><D43/><U123/><E123/><V15/><F69/><W8/><G8/><AGARI ba="0,0" hai="8,14,19,87,91,93,105,106" m="50282,1175" machi="8" ten="30,2000,0" yaku="19,1,52,1" doraHai="35" who="0" fromWho="3" sc="276,20,62,0,250,0,412,-20" owari="296,9.6,62,-43.8,250,-15.0,392,49.2" /></mjloggm>