<mjloggm ver="2.3"><GO type="225" lobby="0"/><UN n0="%6D%75%75%6D%75%72%61" n1="%E3%81%A8%E3%82%93%E3%81%A8%E3%81%93%E3%81%A8%E3%82%93" n2="%E3%83%97%E3%83%AC%E3%83%B4%E3%82%A1%E3%83%86%E3%82%A3" n3="%E3%82%B2%E3%82%B9%E8%8C%82%E5%8B%9D" dan="16,16,16,16" rate="2129.27,2155.27,2136.91,2061.07" sx="F,F,F,F"/><TAIKYOKU oya="0"/><INIT seed="0,0,0,2,1,78" ten="250,250,250,250" oya="0" hai0="53,18,90,98,127,2,55,36,74,130,135,111,88" hai1="73,63,6,64,9,46,31,33,83,70,97,95,80" hai2="71,22,19,16,94,108,134,79,76,3,110,28,124" hai3="41,91,67,44,87,132,29,37,109,65,68,57,128"/><T126/><D36/><U24/><E46/><V115/><F71/><W92/><G109/><N who="2" m="42089" /><F3/><W12/><G132/><T131/><D111/><U42/><E42/><V106/><F106/><W27/><G128/><N who="0" m="49195" /><D2/><U100/><REACH who="1" step="1"/><E73/><REACH who="1" ten="250,240,250,250" step="2"/><V1/><F134/><W77/><G44/><T103/><D135/><U45/><E45/><V39/><F39/><W113/><G41/><T7/><D74/><U25/><E25/><N who="2" m="16439" /><F115/><W5/><G27/><T84/><D127/><U133/><E133/><V38/><F124/><W62/><G37/><T32/><D126/><U0/><AGARI ba="0,1" hai="0,6,9,24,31,33,63,64,70,80,83,95,97,100" machi="0" ten="20,8000,1" yaku="1,1,0,1,7,1,52,2,53,0" doraHai="78" doraHaiUra="72" who="1" fromWho="1" sc="250,-40,240,90,250,-20,250,-20" /><INIT seed="1,0,0,2,3,89" ten="210,330,230,230" oya="1" hai0="96,122,65,100,60,73,23,33,49,43,36,87,15" hai1="39,80,121,26,72,6,51,123,62,70,102,46,16" hai2="115,71,82,92,126,98,77,35,28,21,106,128,3" hai3="31,56,117,29,131,68,120,103,127,7,61,40,67"/><U118/><E118/><V42/><F115/><W55/><G117/><T11/><D73/><U76/><E39/><V83/><F126/><W74/><G127/><T30/><D33/><U78/><E6/><V8/><F128/><W13/><G131/><T134/><D36/><U41/><E78/><V69/><F35/><W105/><G74/><T63/><D134/><U17/><E102/><V114/><F106/><W86/><G120/><T108/><D108/><U2/><E2/><V12/><F3/><W9/><G40/><T5/><D122/><U58/><E70/><V59/><F114/><W38/><G38/><T20/><D87/><U125/><E125/><V101/><F42/><W47/><G47/><T14/><D30/><U1/><E1/><V4/><F82/><W64/><G64/><T32/><D32/><U84/><E72/><V52/><F28/><W91/><G103/><T53/><D43/><U119/><E119/><V97/><F97/><W113/><G105/><T48/><D15/><U19/><REACH who="1" step="1"/><E26/><REACH who="1" ten="210,320,230,230" step="2"/><V10/><F71/><W24/><G113/><T104/><D5/><U99/><E99/><V90/><F69/><W66/><G24/><T129/><D129/><U111/><E111/><V130/><F130/><W133/><G133/><T124/><D124/><U107/><E107/><V112/><F101/><W27/><G68/><T110/><D110/><U45/><E45/><V135/><F135/><W34/><G29/><T109/><D109/><U37/><E37/><V93/><F112/><W79/><G79/><T81/><D104/><U0/><E0/><V22/><F77/><RYUUKYOKU ba="0,1" sc="210,-15,320,15,230,-15,230,15" hai1="16,17,19,41,46,51,58,62,76,80,84,121,123" hai3="7,9,13,27,31,34,55,56,61,66,67,86,91" /><INIT seed="1,1,1,2,4,89" ten="195,335,215,245" oya="1" hai0="60,13,99,113,100,92,132,62,18,42,38,91,11" hai1="36,69,64,73,88,119,8,63,45,80,133,49,75" hai2="61,87,85,33,66,116,94,95,101,78,107,122,53" hai3="19,43,105,102,25,23,118,31,22,1,54,127,65"/><U110/><E119/><V59/><F33/><W35/><G118/><T7/><D132/><U123/><E123/><V56/><F116/><W106/><G127/><T14/><D113/><U15/><E36/><V121/><F107/><W6/><G43/><T74/><D74/><U128/><E128/><V97/><F78/><W32/><G54/><T12/><D38/><U2/><E2/><V29/><F29/><W84/><G35/><T134/><D42/><U90/><E110/><V3/><F3/><W108/><G108/><T5/><D134/><U111/><E111/><V71/><F71/><W129/><G129/><T37/><D37/><U79/><E73/><V83/><F83/><W52/><G65/><T124/><D124/><U98/><E98/><N who="2" m="59607" /><F122/><W76/><G23/><T9/><REACH who="0" step="1"/><D100/><REACH who="0" ten="185,335,215,245" step="2"/><U131/><E133/><V41/><F41/><W46/><G102/><T28/><D28/><U34/><E131/><V68/><F121/><W67/><G31/><T27/><D27/><U115/><E115/><V44/><F68/><W81/><G25/><T57/><D57/><U20/><E69/><V93/><F44/><W26/><G46/><T50/><D50/><U120/><E49/><N who="2" m="30767" /><F97/><W114/><G114/><T0/><D0/><U24/><E45/><V77/><F77/><W51/><G76/><T126/><D126/><U117/><E79/><V96/><F96/><W104/><G51/><T48/><D48/><U86/><E120/><V109/><F109/><W58/><G1/><T17/><D17/><U103/><E117/><V135/><F135/><W47/><G47/><T39/><D39/><RYUUKYOKU ba="1,2" sc="185,15,335,-15,215,15,245,-15" hai0="5,7,9,11,12,13,14,18,60,62,91,92,99" hai2="59,61,66,85,87,93,95" /><INIT seed="2,2,2,0,4,125" ten="200,320,230,230" oya="2" hai0="42,3,44,56,92,0,47,12,24,58,69,102,126" hai1="94,89,64,22,123,99,100,85,51,52,81,98,116" hai2="77,45,66,60,113,63,48,29,18,16,20,118,131" hai3="135,28,1,23,9,130,93,106,132,133,101,8,88"/><V68/><F118/><W96/><G1/><T120/><D69/><U53/><E116/><V74/><F113/><W115/><G115/><T4/><D120/><U21/><E123/><V67/><F131/><W32/><G32/><T73/><D73/><U26/><E64/><V19/><F74/><W30/><G130/><T90/><D126/><U41/><E22/><V97/><F77/><W62/><G62/><T34/><D102/><U31/><E99/><V46/><F97/><W71/><G71/><T75/><D75/><U80/><E81/><V104/><F104/><W129/><G129/><T91/><D3/><U13/><E13/><V37/><F37/><W17/><G28/><T39/><D0/><U108/><E108/><V110/><F110/><W14/><G30/><T61/><D44/><AGARI ba="2,2" hai="21,26,31,41,44,51,52,53,80,85,89,94,98,100" machi="44" ten="40,2600,0" yaku="8,1,54,1" doraHai="125" who="1" fromWho="0" sc="200,-32,320,52,230,0,230,0" /><INIT seed="3,0,0,4,5,51" ten="168,372,230,230" oya="3" hai0="6,37,62,18,3,68,94,105,85,73,114,100,113" hai1="106,92,10,102,28,122,103,99,27,49,60,109,71" hai2="45,25,111,57,101,11,87,9,83,126,123,135,80" hai3="46,8,67,34,15,7,52,54,79,84,118,31,115"/><W119/><G115/><T5/><D73/><U23/><E122/><V14/><F111/><W125/><G67/><T130/><D37/><U33/><E109/><V2/><F123/><W78/><G31/><T116/><D116/><U20/><E49/><V91/><F126/><W30/><G30/><T40/><D40/><U44/><E44/><V107/><F135/><W110/><G34/><T77/><D105/><U42/><E10/><V134/><F134/><W82/><G110/><T47/><D47/><U58/><E42/><V76/><F45/><W93/><G125/><T81/><D130/><U89/><E103/><V75/><F2/><W120/><G120/><T55/><D68/><U86/><E71/><V32/><F32/><W132/><G132/><T56/><D18/><U70/><E70/><V127/><F25/><W69/><G69/><T35/><D35/><U12/><E12/><V19/><F127/><W112/><G112/><T104/><D104/><U66/><AGARI ba="0,0" hai="20,23,27,28,33,58,60,66,86,89,92,99,102,106" machi="66" ten="20,1500,0" yaku="0,1,7,1" doraHai="51" who="1" fromWho="1" sc="168,-4,372,15,230,-4,230,-7" owari="164,-33.6,387,48.7,226,2.6,223,-17.7" /></mjloggm>