<mjloggm ver="2.3"><GO type="225" lobby="0"/><UN n0="%E6%A1%9C%E8%8A%B1%E9%96%83%E3%80%85" n1="%33%74%72%65%65" n2="%E3%81%B5%E3%81%98%E3%81%8B%E3%81%A4" n3="%E3%83%97%E3%83%92" dan="16,16,16,16" rate="2056.24,2059.81,2080.34,2143.16" sx="M,F,M,M"/><TAIKYOKU oya="0"/><INIT seed="0,0,0,1,4,94" ten="250,250,250,250" oya="0" hai0="11,106,20,62,33,100,89,73,28,76,112,55,64" hai1="75,119,49,86,38,103,69,26,5,114,53,90,2" hai2="41,47,101,87,118,13,57,19,134,117,104,92,83" hai3="113,9,111,108,74,54,120,67,14,107,93,30,96"/><T102/><D112/><U42/><E119/><N who="2" m="45579" /><F134/><W79/><G113/><T61/><D33/><U66/><E75/><V4/><F4/><W6/><G120/><T8/><D89/><U35/><E103/><V7/><F7/><W84/><G67/><T16/><D28/><U124/><E26/><V85/><F57/><W82/><G54/><T1/><D55/><U91/><E35/><V44/><F104/><W105/><G30/><T135/><D62/><N who="1" m="40151" /><E86/><V95/><F87/><W127/><G127/><T115/><D135/><U36/><E36/><V52/><F101/><W129/><G129/><T37/><D37/><U77/><E5/><V97/><F41/><W43/><G43/><T22/><D102/><U25/><E2/><V18/><F18/><W29/><G29/><T80/><D1/><U21/><E42/><V3/><F3/><W58/><G58/><T17/><D17/><N who="1" m="12463" /><E38/><V128/><F128/><W78/><G78/><T39/><D39/><U48/><E77/><N who="2" m="46319" /><F95/><W31/><G31/><T50/><D50/><U56/><E49/><N who="2" m="28711" /><F47/><W81/><G105/><T125/><D115/><U15/><E114/><V40/><F40/><W131/><G131/><T65/><D125/><U130/><E130/><V45/><F45/><W88/><G107/><T60/><D106/><U70/><E124/><V116/><N who="2" m="45587" /><V109/><DORA hai="59" /><F109/><N who="3" m="42059" /><G82/><T126/><D126/><U63/><E70/><V132/><F132/><W10/><G74/><T12/><D73/><U0/><E56/><V32/><F32/><W123/><G123/><T68/><D68/><U51/><E0/><V46/><F46/><RYUUKYOKU ba="0,0" sc="250,-10,250,-10,250,-10,250,30" hai3="6,9,10,14,79,81,84,88,93,96" /><INIT seed="1,1,0,1,0,12" ten="240,240,240,280" oya="1" hai0="59,130,19,21,125,81,18,31,86,97,109,45,53" hai1="34,11,75,61,112,88,44,124,38,113,70,104,14" hai2="133,120,114,55,71,92,50,119,77,60,22,135,103" hai3="83,23,0,80,25,102,78,69,35,127,65,9,47"/><U128/><E128/><V99/><F119/><W28/><G127/><T33/><D109/><U56/><E124/><V117/><F117/><W123/><G123/><T24/><D125/><U30/><E70/><V85/><F120/><W73/><G102/><T29/><D130/><U1/><E1/><V93/><F114/><W121/><G121/><T8/><D45/><U89/><E104/><V122/><F122/><W20/><G80/><T131/><D131/><U15/><E75/><V94/><F22/><W110/><G110/><T126/><D97/><U79/><E79/><V5/><F5/><W32/><G20/><N who="0" m="13343" /><D8/><U72/><E72/><V62/><F77/><W57/><G69/><T3/><D3/><U4/><E14/><V105/><F85/><W27/><G27/><N who="0" m="14775" /><D33/><U107/><E107/><V64/><REACH who="2" step="1"/><F62/><REACH who="2" ten="240,240,230,280" step="2"/><W10/><G0/><T96/><D126/><U39/><E113/><V68/><F68/><W41/><G32/><T101/><D96/><U58/><E112/><V132/><F132/><W82/><G35/><T36/><D86/><U111/><E111/><V116/><F116/><W108/><G108/><T98/><D98/><U40/><E34/><V16/><F16/><N who="3" m="12519" /><G73/><T26/><D29/><U43/><E30/><V51/><F51/><N who="3" m="27119" /><G28/><T100/><D31/><U134/><E134/><V66/><F66/><W52/><G65/><T7/><D26/><U115/><E115/><V118/><F118/><W76/><G78/><T67/><D67/><U48/><E61/><V63/><F63/><N who="3" m="36263" /><G76/><T84/><D7/><U95/><E4/><V87/><F87/><W17/><G17/><RYUUKYOKU ba="1,1" sc="240,-15,240,-15,230,15,280,15" hai2="50,55,60,64,71,92,93,94,99,103,105,133,135" hai3="9,10,82,83" /><INIT seed="2,2,1,5,2,106" ten="225,225,245,295" oya="2" hai0="122,135,56,96,33,129,87,21,49,84,103,91,53" hai1="134,116,45,82,28,16,113,20,92,10,104,133,123" hai2="51,1,13,98,130,127,62,68,118,40,60,58,46" hai3="73,125,54,80,81,100,52,6,70,88,114,35,131"/><V86/><F118/><W50/><G35/><T26/><D122/><U102/><E116/><V18/><F1/><W11/><G70/><T112/><D112/><U95/><E113/><V76/><F127/><W66/><G114/><T79/><D135/><N who="1" m="51723" /><E123/><V48/><F130/><W2/><G66/><T72/><D33/><U90/><E28/><V27/><F27/><W39/><G39/><T108/><D108/><U111/><E111/><V37/><F98/><W110/><G110/><T25/><D129/><U85/><E10/><V63/><F76/><W107/><G131/><T47/><D26/><N who="1" m="14599" /><E45/><N who="2" m="23695" /><F86/><W22/><G125/><T64/><D84/><U126/><E126/><V69/><F18/><W43/><G22/><T42/><D21/><U78/><E78/><V15/><F15/><W19/><G19/><T61/><D25/><U38/><E38/><V14/><F13/><W97/><G43/><T67/><D79/><U23/><E23/><V101/><F101/><W89/><G73/><T119/><D72/><U105/><E105/><V115/><F14/><W5/><G5/><T12/><D12/><U34/><E34/><V32/><F32/><W44/><REACH who="3" step="1"/><G54/><REACH who="3" ten="225,225,245,285" step="2"/><T121/><D119/><U128/><E128/><V99/><F115/><W124/><G124/><T71/><D121/><U36/><E36/><V41/><F99/><AGARI ba="2,2" hai="82,85,90,92,95,99,102,104" m="14599,51723" machi="99" ten="30,2000,0" yaku="20,1,54,1" doraHai="106" who="1" fromWho="2" sc="225,0,225,46,245,-26,285,0" /><INIT seed="3,0,0,3,4,78" ten="225,271,219,285" oya="3" hai0="50,105,81,123,3,86,125,12,54,96,6,36,132" hai1="111,129,18,26,116,126,89,60,122,5,103,30,95" hai2="114,99,100,134,133,109,94,98,127,17,52,75,107" hai3="45,71,101,67,20,27,92,80,10,47,25,112,16"/><W85/><G112/><T33/><D123/><U55/><E111/><V82/><F114/><W65/><G71/><T79/><D125/><U1/><E122/><V51/><F127/><W29/><G65/><T130/><D130/><U41/><E129/><V108/><F17/><W35/><G67/><T70/><D36/><U32/><E116/><V8/><F8/><W76/><G10/><N who="0" m="4183" /><D105/><U87/><E1/><V14/><F14/><W66/><G66/><T69/><D33/><U58/><E5/><V117/><F117/><W93/><G101/><T19/><D3/><U24/><E126/><V53/><F53/><W128/><G128/><T0/><D0/><U124/><E124/><V22/><F22/><N who="3" m="13511" /><G35/><T15/><D132/><N who="2" m="50794" /><F51/><W72/><G72/><T59/><D70/><U43/><E103/><N who="2" m="62975" /><F52/><W48/><G45/><T119/><D69/><U97/><E87/><V63/><F63/><W68/><G68/><T83/><D119/><U11/><E11/><V104/><F104/><W64/><G64/><T73/><D15/><U49/><E49/><V4/><F4/><W23/><G20/><AGARI ba="0,0" hai="18,20,24,26,30,32,41,43,55,58,60,89,95,97" machi="20" ten="40,2600,0" yaku="25,2" doraHai="78" who="1" fromWho="3" sc="225,0,271,26,219,0,285,-26" /><INIT seed="4,0,0,2,2,21" ten="225,297,219,259" oya="0" hai0="23,106,133,83,26,25,121,51,4,101,113,46,110" hai1="81,118,80,17,58,18,130,70,12,24,50,40,92" hai2="9,13,7,56,76,77,79,65,47,41,64,105,35" hai3="54,125,49,94,38,98,127,60,73,103,20,71,0"/><T75/><D121/><U123/><E123/><V30/><F105/><W6/><G38/><T27/><D113/><U39/><E70/><V99/><F56/><W8/><G73/><T134/><D110/><U85/><E130/><V116/><F116/><W115/><G115/><T102/><D4/><U124/><E124/><V131/><F131/><W63/><G20/><T33/><D33/><U89/><E39/><V132/><F132/><N who="0" m="50794" /><D23/><N who="1" m="13423" /><E118/><V2/><F2/><W52/><G54/><N who="0" m="30071" /><D106/><U112/><E112/><V61/><F35/><W44/><REACH who="3" step="1"/><G71/><REACH who="3" ten="225,297,219,249" step="2"/><T100/><D83/><U126/><E126/><AGARI ba="0,1" hai="0,6,8,44,49,52,60,63,94,98,103,125,126,127" machi="126" ten="40,8000,1" yaku="1,1,2,1,18,1,54,1,53,0" doraHai="21" doraHaiUra="74" who="3" fromWho="1" sc="225,0,297,-80,219,0,249,90" owari="225,2.5,217,-28.3,219,-18.1,339,43.9" /></mjloggm>