<mjloggm ver="2.3"><GO type="225" lobby="0"/><UN n0="%E7%99%BD%E6%97%A5%E9%9B%AA%E8%8F%9C" n1="%E5%A4%9C%E5%85%89%E5%A4%A9%E6%A5%BC" n2="%E4%BA%BA%E9%96%93%E3%83%81%E3%83%A3%E3%83%BC%E3%83%8F%E3%83%B3" n3="%28%EF%BF%A3%E2%96%BD%EF%BF%A3%29%CE%B4%E2%8C%92%E3%83%BB" dan="17,17,16,16" rate="2180.10,2199.49,2150.16,2130.41" sx="M,M,M,M"/><TAIKYOKU oya="0"/><INIT seed="0,0,0,0,0,40" ten="250,250,250,250" oya="0" hai0="92,104,69,79,3,8,49,88,53,91,60,56,63" hai1="11,133,115,120,89,23,117,32,16,87,96,39,51" hai2="99,113,75,105,125,33,18,64,118,52,100,25,70" hai3="38,135,85,0,30,10,65,31,44,41,45,97,17"/><T71/><D104/><U9/><E117/><V83/><F113/><W2/><G135/><T129/><D129/><U98/><E32/><V102/><F118/><W4/><G65/><T107/><D107/><U15/><E39/><V72/><F125/><W90/><G0/><T46/><D79/><U37/><E37/><V95/><F102/><W106/><G106/><T20/><D63/><U35/><E35/><V93/><F18/><W48/><G97/><N who="1" m="37482" /><E120/><V121/><F121/><W28/><G17/><T24/><D8/><U76/><E76/><N who="2" m="44423" /><F52/><W36/><REACH who="3" step="1"/><G45/><REACH who="3" ten="250,250,250,240" step="2"/><T101/><D3/><U81/><E133/><V27/><F27/><W22/><G22/><T29/><D101/><U68/><E115/><V34/><F34/><W21/><G21/><T43/><REACH who="0" step="1"/><D91/><REACH who="0" ten="240,250,250,240" step="2"/><U58/><E89/><V14/><F100/><W109/><G109/><T103/><D103/><U26/><E11/><V131/><F105/><W62/><G62/><T66/><D66/><U77/><E9/><V80/><F64/><W111/><G111/><T130/><D130/><U54/><E68/><V86/><F70/><W78/><G78/><T55/><D55/><U134/><E134/><V124/><F131/><W84/><G84/><AGARI ba="0,2" hai="20,24,29,43,46,49,53,56,60,69,71,84,88,92" machi="84" ten="30,11600,0" yaku="1,1,7,1,52,1,54,1,53,0" doraHai="40" doraHaiUra="7" who="0" fromWho="3" sc="240,136,250,0,250,0,240,-116" /><INIT seed="0,1,0,0,0,122" ten="376,250,250,124" oya="0" hai0="9,8,72,35,133,130,10,120,13,50,20,31,17" hai1="77,118,106,41,11,46,75,85,24,84,86,107,5" hai2="81,71,94,64,105,45,15,90,1,69,89,33,111" hai3="112,56,78,14,127,83,125,42,92,12,51,135,44"/><T98/><D72/><U70/><E70/><V48/><F1/><W6/><G112/><T129/><D98/><U2/><E118/><V62/><F105/><W27/><G135/><T97/><D97/><U40/><E40/><V57/><F33/><W134/><G134/><T49/><D133/><U123/><E24/><V28/><F28/><W109/><G92/><T43/><D120/><U23/><E23/><V55/><F111/><W87/><G109/><T16/><D43/><U93/><E93/><V131/><F131/><N who="0" m="50186" /><D49/><U65/><E65/><V29/><F29/><W114/><G114/><T76/><D50/><U126/><E126/><V95/><F15/><W68/><G68/><T39/><D76/><U32/><E32/><V53/><F81/><W60/><G27/><N who="0" m="18943" /><D39/><N who="1" m="21823" /><E123/><V108/><F108/><W103/><G103/><T66/><D66/><U104/><E104/><V26/><F26/><AGARI ba="1,0" hai="8,9,10,13,16,17,20,26" m="18943,50186" machi="26" ten="30,11600,0" yaku="19,1,34,2,54,1" doraHai="122" who="0" fromWho="2" sc="376,119,250,0,250,-119,124,0" /><INIT seed="0,2,0,3,5,103" ten="495,250,131,124" oya="0" hai0="30,75,2,62,89,81,105,51,87,122,108,134,53" hai1="72,42,14,107,38,6,25,113,92,100,23,85,77" hai2="70,128,94,69,114,58,46,93,0,12,130,43,5" hai3="104,41,110,4,99,20,88,50,84,15,28,17,124"/><T109/><D122/><U34/><E113/><V90/><F114/><W112/><G112/><T101/><D2/><U44/><E34/><V10/><F58/><W19/><G110/><N who="0" m="42603" /><D134/><U83/><E72/><V54/><F54/><W102/><G124/><T21/><D62/><U49/><E92/><V3/><F3/><W71/><G71/><T74/><D30/><U123/><E38/><V59/><F59/><W119/><G119/><T7/><D21/><U45/><E45/><V115/><F0/><W66/><G66/><T26/><D26/><U63/><E63/><V73/><F73/><W86/><G28/><T27/><D27/><U132/><E132/><V133/><F133/><W33/><G33/><T11/><D11/><N who="1" m="4471" /><E123/><V29/><F115/><W16/><G4/><T68/><D7/><U37/><E37/><N who="2" m="21871" /><F29/><W106/><G106/><T32/><D32/><U9/><E9/><V39/><F39/><W96/><G19/><T65/><D68/><U125/><E23/><V135/><F135/><W56/><G17/><T55/><D65/><U126/><E25/><V118/><F118/><W64/><G64/><T13/><D13/><U95/><E95/><N who="2" m="36363" /><F90/><W117/><G117/><T78/><D74/><U80/><E80/><V97/><F97/><AGARI ba="2,0" hai="42,44,49,77,83,85,97,100,107,125,126" m="4471" machi="97" ten="30,2000,0" yaku="25,1,52,1" doraHai="103" who="1" fromWho="2" sc="495,0,250,26,131,-26,124,0" /><INIT seed="1,0,0,5,4,132" ten="495,276,105,124" oya="1" hai0="102,10,93,73,126,107,40,30,71,1,109,98,58" hai1="80,38,99,28,15,9,125,119,50,63,113,108,83" hai2="27,70,104,135,48,5,114,37,0,96,68,79,89" hai3="2,74,24,78,72,117,75,86,82,59,20,122,25"/><U127/><E113/><V36/><F135/><W94/><G2/><T61/><D73/><U131/><E38/><V34/><F114/><W129/><G122/><T128/><D71/><N who="2" m="27178" /><F89/><W130/><G117/><T33/><D109/><U105/><E119/><V115/><F79/><W85/><G59/><T77/><D40/><U41/><E63/><V45/><F48/><W3/><G3/><T4/><D77/><U112/><E112/><V116/><F116/><W44/><G44/><T133/><D128/><N who="3" m="49257" /><G20/><T60/><D60/><U12/><E28/><N who="2" m="19743" /><F45/><W57/><G57/><T106/><D30/><U53/><E41/><V51/><F51/><W100/><G86/><T95/><D33/><U64/><E64/><V14/><F14/><N who="1" m="5161" /><E108/><V54/><F54/><W123/><G123/><T76/><D61/><U23/><E23/><V124/><F115/><W84/><G84/><T47/><D133/><U22/><E22/><V101/><F5/><W8/><G8/><T39/><D10/><U29/><E9/><V43/><F0/><W88/><G78/><T81/><D1/><U46/><E29/><V17/><F17/><W32/><G32/><T56/><D39/><N who="2" m="14922" /><F43/><W49/><G49/><T110/><D110/><U118/><E118/><V66/><F66/><W55/><G55/><T21/><D21/><U7/><E7/><V35/><F35/><W13/><G13/><T18/><D4/><U67/><E67/><V11/><F11/><W87/><G87/><T134/><D18/><U111/><E111/><V69/><N who="2" m="27186" /><V42/><DORA hai="6" /><F42/><W62/><G62/><T92/><D134/><RYUUKYOKU ba="0,0" sc="495,-15,276,-15,105,15,124,15" hai2="96,101,104,124" hai3="24,25,72,74,75,82,85,88,94,100" /><INIT seed="2,1,0,5,1,16" ten="480,261,120,139" oya="2" hai0="102,106,48,24,31,116,3,9,5,19,34,35,126" hai1="113,110,41,61,95,67,22,101,49,77,71,94,131" hai2="96,56,134,64,123,105,75,98,53,23,90,97,132" hai3="124,86,104,45,135,119,32,59,72,76,36,81,107"/><V29/><F123/><W8/><G119/><T33/><D106/><U0/><E113/><V83/><F64/><W85/><G124/><T51/><D102/><U42/><E0/><V120/><F120/><W63/><G135/><N who="2" m="51753" /><F105/><W114/><G32/><T118/><D51/><U37/><E37/><V2/><F2/><W6/><G114/><T18/><D48/><U55/><E42/><V130/><F130/><W70/><G86/><T128/><D126/><U58/><E41/><V82/><F90/><W15/><G70/><T12/><D128/><U89/><E77/><N who="2" m="44351" /><F83/><W127/><G127/><T7/><D18/><U112/><E131/><V44/><F44/><W108/><G72/><T99/><D99/><U38/><E38/><V84/><F84/><W4/><G4/><N who="0" m="1611" /><D3/><U66/><E112/><V26/><F97/><W133/><G133/><T109/><D109/><U115/><E110/><V62/><AGARI ba="1,0" hai="23,26,29,53,56,62,96,98" m="44351,51753" machi="62" ten="30,3000,0" yaku="20,1,52,1" doraHai="16" who="2" fromWho="2" sc="480,-11,261,-11,120,33,139,-11" /><INIT seed="2,2,0,2,3,41" ten="469,250,153,128" oya="2" hai0="55,34,59,119,39,76,117,126,129,3,26,36,96" hai1="67,7,120,70,63,123,89,49,6,93,83,51,81" hai2="19,5,65,2,110,127,106,115,112,84,16,47,54" hai3="73,121,82,72,66,30,102,113,1,80,118,11,37"/><V109/><F106/><W95/><G66/><T100/><D3/><U20/><E51/><N who="2" m="29055" /><F127/><W43/><G30/><T4/><D4/><N who="1" m="1579" /><E49/><V60/><F84/><W24/><G24/><T116/><D126/><U0/><E0/><V135/><F135/><W91/><G121/><N who="1" m="46666" /><E20/><V90/><F90/><W58/><G58/><T104/><D76/><U97/><AGARI ba="2,0" hai="63,67,70,81,83,89,93,97" m="46666,1579" machi="97" ten="30,1100,0" yaku="13,1" doraHai="41" who="1" fromWho="1" sc="469,-5,250,17,153,-7,128,-5" /><INIT seed="3,0,0,3,3,112" ten="464,267,146,123" oya="3" hai0="24,52,122,35,41,86,22,118,47,103,75,10,19" hai1="106,85,37,57,25,53,125,1,94,80,62,97,11" hai2="117,23,84,54,113,43,34,76,90,38,67,61,105" hai3="6,9,83,69,30,42,77,104,134,109,13,32,120"/><W124/><G120/><T66/><D75/><U82/><E37/><V12/><F34/><W31/><G124/><T60/><D103/><U50/><E106/><V121/><F105/><W73/><G134/><T7/><D35/><U14/><E1/><V111/><F113/><W101/><G109/><T133/><D52/><N who="1" m="34087" /><E85/><V114/><F117/><W64/><G32/><T110/><D118/><U44/><E25/><V96/><F111/><W119/><G119/><T29/><D29/><U45/><E45/><V78/><F114/><W5/><G5/><T71/><D22/><U39/><E39/><V40/><F38/><W58/><G69/><T0/><D19/><N who="1" m="8671" /><E125/><V17/><F96/><W98/><REACH who="3" step="1"/><G42/><REACH who="3" ten="464,267,146,113" step="2"/><N who="2" m="15913" /><F121/><W28/><G28/><T132/><D41/><U135/><E135/><V49/><F49/><W129/><G129/><T87/><D71/><U20/><E50/><V2/><F2/><W128/><G128/><T115/><D7/><U4/><E4/><V91/><F67/><W55/><G55/><T81/><D66/><U79/><E53/><V72/><F72/><W8/><G8/><T3/><D10/><U93/><E20/><V116/><F116/><W130/><G130/><T21/><D21/><U65/><E65/><V68/><F68/><W99/><G99/><T102/><D133/><U48/><E97/><V108/><F108/><W92/><G92/><T56/><D132/><U46/><E48/><V63/><F54/><W107/><G107/><T18/><D110/><U51/><E51/><V88/><F84/><W36/><G36/><T95/><D122/><U100/><E94/><RYUUKYOKU ba="0,1" sc="464,-15,267,-15,146,15,113,15" hai2="12,17,23,61,63,76,78,88,90,91" hai3="6,9,13,30,31,58,64,73,77,83,98,101,104" /><INIT seed="3,1,1,4,2,126" ten="449,252,161,128" oya="3" hai0="96,108,121,102,104,63,87,130,52,53,0,21,67" hai1="62,26,83,12,44,103,76,74,134,1,105,69,9" hai2="99,22,64,55,79,29,58,91,97,82,23,127,113" hai3="16,131,27,15,51,111,95,114,93,10,20,19,40"/><W28/><G114/><T11/><D121/><U88/><E1/><V45/><F113/><W115/><G115/><T81/><D108/><U117/><E117/><V92/><F127/><W31/><G111/><T125/><D130/><U41/><E134/><V17/><F64/><W39/><G39/><T13/><D21/><U123/><E69/><V68/><F68/><W35/><G131/><T98/><D98/><N who="1" m="61687" /><E62/><N who="2" m="36191" /><F45/><N who="3" m="26023" /><G35/><T110/><D0/><U128/><E128/><V54/><F54/><W80/><G80/><T118/><D118/><U36/><E26/><N who="2" m="16599" /><F82/><W124/><G124/><T107/><D107/><U42/><E123/><V122/><F79/><W132/><G132/><T18/><D110/><U43/><E9/><V86/><F122/><W70/><G70/><T48/><D125/><U94/><E12/><AGARI ba="1,1" hai="12,17,23,86,91,92,97,99" m="16599,36191" machi="12" ten="30,1000,0" yaku="8,1" doraHai="126" who="2" fromWho="1" sc="449,0,252,-13,161,23,128,0" owari="449,54.9,239,3.9,184,-21.6,128,-37.2" /></mjloggm>