<mjloggm ver="2.3"><GO type="225" lobby="0"/><UN n0="%48%61%61%61%6C%61%6E%64" n1="%72%61%6B%33" n2="%E3%81%B5%E3%81%98%E3%81%8B%E3%81%A4" n3="%E3%81%82%E3%81%99%E3%81%AB%E3%82%83%E3%82%80" dan="18,16,16,16" rate="2284.38,2063.16,2233.57,2142.52" sx="M,M,M,F"/><TAIKYOKU oya="0"/><INIT seed="0,0,0,0,5,14" ten="250,250,250,250" oya="0" hai0="94,60,81,63,133,134,93,67,127,70,92,66,62" hai1="54,36,37,27,82,108,124,80,95,24,53,0,104" hai2="89,39,21,12,83,51,44,57,115,113,30,45,79" hai3="55,120,110,42,4,18,15,132,50,117,98,48,97"/><T77/><D127/><U85/><E85/><V109/><F109/><W33/><G110/><T128/><D128/><U106/><E106/><V35/><BYE who="1" /><F89/><W26/><G117/><T123/><D123/><U105/><E105/><V3/><F3/><W19/><G120/><T65/><REACH who="0" step="1"/><D70/><REACH who="0" ten="240,250,250,250" step="2"/><U102/><E102/><V22/><F115/><W122/><G122/><T49/><D49/><U78/><E78/><V74/><F113/><W9/><G50/><T6/><D6/><U111/><E111/><V100/><F51/><W43/><G4/><T40/><D40/><U126/><E126/><V76/><F76/><UN n1="%72%61%6B%33" /><W59/><G132/><T118/><D118/><U75/><E124/><V11/><F39/><W58/><G42/><T71/><D71/><U29/><E108/><V10/><F79/><W86/><G43/><T31/><D31/><U119/><E29/><V20/><F100/><W87/><G48/><T90/><D90/><U23/><E36/><V103/><F103/><W2/><G59/><T17/><D17/><U121/><E37/><V41/><F57/><W47/><G58/><T68/><D68/><U34/><E121/><V46/><F41/><W91/><G19/><T56/><D56/><U13/><E119/><V125/><F125/><W7/><G18/><T61/><N who="0" m="15360" /><DORA hai="28" /><T73/><AGARI ba="0,1" hai="65,66,67,73,77,81,92,93,94,133,134" m="15360" machi="73" ten="50,24000,3" yaku="1,1,4,1,0,1,29,2,53,3" doraHai="14,28" doraHaiUra="88,116" who="0" fromWho="0" sc="240,250,250,-80,250,-80,250,-80" /><INIT seed="0,1,0,4,3,135" ten="490,170,170,170" oya="0" hai0="111,106,20,10,75,110,80,69,9,44,127,38,120" hai1="45,35,123,61,41,121,64,118,86,107,60,98,117" hai2="21,95,3,31,76,54,36,63,87,39,29,82,81" hai3="13,30,16,22,102,59,4,94,17,6,1,23,46"/><T74/><D120/><N who="1" m="46155" /><E86/><V71/><F3/><W126/><G59/><T88/><D69/><N who="1" m="42119" /><E35/><V40/><F40/><W57/><G57/><T34/><D34/><U128/><E98/><V122/><F122/><W25/><G46/><T90/><D106/><U97/><E97/><V49/><F95/><W26/><G94/><T108/><D20/><U48/><E107/><V18/><F82/><W43/><G43/><N who="0" m="22647" /><D127/><U65/><E128/><V73/><F39/><W130/><G102/><T132/><D132/><U114/><E114/><V91/><F36/><W133/><G130/><T99/><D99/><U125/><E125/><V12/><F63/><W103/><G103/><T89/><D80/><U47/><E47/><N who="2" m="27967" /><F71/><AGARI ba="1,0" hai="41,45,48,61,65,71,117,118" m="42119,46155" machi="71" ten="30,2000,0" yaku="34,2" doraHai="135" who="1" fromWho="2" sc="490,0,170,23,170,-23,170,0" /><INIT seed="1,0,0,1,0,33" ten="490,193,147,170" oya="1" hai0="97,3,82,25,102,121,79,107,2,92,110,16,67" hai1="126,59,6,29,60,72,115,124,76,111,106,10,81" hai2="32,39,55,53,9,118,63,66,0,78,96,43,132" hai3="54,28,34,12,36,135,129,62,41,52,58,68,100"/><U104/><E115/><V17/><F118/><W7/><G135/><T4/><D110/><U1/><E111/><V93/><F32/><W31/><G129/><T44/><D121/><U91/><E91/><V86/><F132/><W122/><G68/><T87/><D67/><U38/><E29/><V30/><F30/><N who="3" m="11307" /><G36/><T65/><D65/><U123/><E123/><V112/><F112/><W56/><G34/><T15/><D4/><U57/><E57/><V40/><F78/><W49/><G41/><T21/><D25/><U125/><REACH who="1" step="1"/><E38/><REACH who="1" ten="490,183,147,170" step="2"/><V89/><F39/><W130/><G122/><T116/><D116/><U71/><E71/><V19/><F96/><W46/><G130/><T80/><D44/><U117/><E117/><V134/><F134/><W51/><G100/><T83/><REACH who="0" step="1"/><D79/><REACH who="0" ten="480,183,147,170" step="2"/><U75/><E75/><V77/><F77/><W98/><G46/><T114/><D114/><U20/><E20/><V127/><F127/><W94/><G58/><T84/><D84/><U131/><E131/><V90/><F86/><W14/><G56/><T47/><D47/><U73/><E73/><V108/><F108/><W61/><G98/><T23/><D23/><U88/><E88/><AGARI ba="0,2" hai="2,3,15,16,21,80,82,83,87,88,92,97,102,107" machi="88" ten="40,8000,1" yaku="1,1,52,2,54,2,53,0" doraHai="33" doraHaiUra="128" who="0" fromWho="1" sc="480,100,183,-80,147,0,170,0" /><INIT seed="2,0,0,1,1,30" ten="580,103,147,170" oya="2" hai0="125,53,66,131,80,9,109,102,73,27,54,76,90" hai1="100,8,88,3,71,108,44,107,10,31,82,135,84" hai2="45,34,65,19,35,64,127,59,75,18,105,2,24" hai3="91,17,14,47,85,25,38,36,101,0,60,15,22"/><V113/><F113/><W81/><G0/><T16/><D109/><U97/><E108/><V95/><F105/><W41/><G36/><T28/><D125/><U86/><E135/><V93/><F75/><W61/><G101/><T106/><D131/><U77/><E71/><V56/><F2/><W133/><G133/><T70/><D90/><U104/><E104/><V126/><F24/><W87/><G87/><T74/><D74/><U116/><E116/><V33/><F33/><W12/><AGARI ba="0,0" hai="12,14,15,17,22,25,38,41,47,60,61,81,85,91" machi="12" ten="30,1100,0" yaku="0,1" doraHai="30" who="3" fromWho="3" sc="580,-3,103,-3,147,-5,170,11" /><INIT seed="3,0,0,1,4,120" ten="577,100,142,181" oya="3" hai0="38,69,2,103,96,28,36,62,106,114,121,117,58" hai1="105,4,112,53,126,98,1,3,108,10,33,111,101" hai2="72,71,24,68,118,15,127,86,91,47,70,9,109" hai3="45,51,104,41,27,85,119,46,113,84,87,19,93"/><W29/><G104/><T75/><D58/><U74/><E112/><V14/><F118/><W55/><G113/><T35/><D117/><U18/><E126/><V52/><F109/><N who="1" m="42057" /><E33/><V26/><F127/><W77/><G19/><T99/><D62/><U80/><E18/><N who="2" m="8527" /><F72/><W32/><G119/><T81/><D81/><U73/><E1/><V110/><F15/><W133/><G133/><T22/><D96/><U56/><E80/><N who="2" m="49607" /><F110/><W116/><G116/><T65/><D65/><U64/><E64/><V107/><F107/><W6/><G6/><T30/><D22/><U78/><E78/><V115/><F115/><W76/><G93/><T16/><D38/><U50/><AGARI ba="0,0" hai="3,4,10,50,53,56,73,74,98,101,105" m="42057" machi="50" ten="30,7900,0" yaku="14,1,52,3" doraHai="120" who="1" fromWho="1" sc="577,-20,100,79,142,-20,181,-39" owari="557,65.7,179,-2.1,122,-37.8,142,-25.8" /></mjloggm>