<mjloggm ver="2.3"><GO type="225" lobby="0"/><UN n0="%28%EF%BF%A3%E2%96%BD%EF%BF%A3%29%CE%B4%E2%8C%92%E3%83%BB" n1="%72%69%6F%75%63%68%61%6E" n2="%62%6F%6E%6F%73%2E%2E" n3="%E4%BF%BA%E3%81%A8%E5%A6%96%E5%A4%A2" dan="16,17,17,17" rate="2144.08,2249.56,2203.79,2164.02" sx="M,M,M,F"/><TAIKYOKU oya="0"/><INIT seed="0,0,0,1,2,47" ten="250,250,250,250" oya="0" hai0="99,17,11,130,132,114,81,55,93,133,109,28,49" hai1="103,98,76,32,82,104,40,38,92,79,63,75,108" hai2="26,43,19,94,3,53,16,10,66,24,121,110,14" hai3="83,9,67,33,111,50,120,78,62,87,51,37,8"/><T135/><D114/><U80/><E32/><V2/><F121/><W112/><G112/><T58/><D130/><U22/><E22/><V70/><F43/><W44/><G33/><T56/><D109/><U91/><E63/><V42/><F42/><W48/><G111/><T27/><D81/><N who="1" m="45215" /><E40/><V13/><F110/><W106/><G106/><T122/><D122/><U85/><E38/><V68/><F94/><W46/><G120/><T88/><D58/><U131/><E108/><V90/><F90/><W96/><G96/><T41/><D41/><U20/><E20/><V60/><F53/><W124/><G124/><T77/><D77/><U57/><E57/><V15/><F15/><W73/><G73/><T6/><D17/><U86/><E131/><V72/><F72/><W107/><G107/><AGARI ba="0,0" hai="79,80,82,85,86,91,92,98,103,104,107" m="45215" machi="107" ten="30,8000,1" yaku="35,5" doraHai="47" who="1" fromWho="3" sc="250,0,250,80,250,0,250,-80" /><INIT seed="1,0,0,1,4,113" ten="250,330,250,170" oya="1" hai0="5,7,105,46,134,109,36,54,31,115,53,65,28" hai1="125,83,16,57,29,91,39,110,18,123,92,23,89" hai2="52,104,94,60,73,96,120,71,128,106,119,0,72" hai3="47,26,66,38,81,74,49,13,56,127,82,132,97"/><U95/><E123/><V21/><F120/><W20/><G74/><T51/><D105/><U100/><E125/><V4/><F128/><W15/><G127/><T2/><D115/><U1/><E39/><V24/><F119/><W99/><G132/><T116/><D134/><U112/><E112/><V25/><F0/><W34/><G34/><T32/><D36/><U80/><E1/><V14/><F72/><W9/><G38/><T88/><D65/><U63/><E110/><V68/><F73/><W30/><G82/><N who="1" m="31274" /><E29/><V43/><F43/><W130/><G81/><T135/><D135/><U107/><E107/><V50/><F104/><W76/><G76/><T86/><D109/><U85/><E100/><V131/><F106/><W22/><G22/><T44/><D116/><U101/><E101/><V6/><F60/><N who="3" m="38151" /><G130/><T41/><D2/><U102/><E102/><N who="2" m="60695" /><F68/><W33/><G33/><T59/><D32/><U17/><E23/><V77/><F71/><W27/><G27/><N who="2" m="10313" /><F77/><W90/><G90/><N who="1" m="34314" /><E85/><V62/><F62/><W64/><G97/><T98/><D98/><U103/><E103/><V61/><F61/><W126/><G99/><T10/><D31/><U87/><E87/><V114/><F114/><W108/><G126/><T67/><D28/><U69/><E69/><V121/><F131/><W129/><G129/><T48/><D67/><AGARI ba="0,0" hai="16,17,18,57,63,67,92,95" m="34314,31274" machi="67" ten="30,2900,0" yaku="8,1,54,1" doraHai="113" who="1" fromWho="0" sc="250,-29,330,29,250,0,170,0" /><INIT seed="1,1,0,4,5,2" ten="221,359,250,170" oya="1" hai0="58,112,73,62,130,118,89,122,95,48,34,59,9" hai1="116,0,39,85,32,10,49,120,117,109,84,61,31" hai2="72,90,128,21,26,127,115,87,104,46,113,92,82" hai3="27,79,14,103,105,38,55,78,65,19,110,17,88"/><U101/><E120/><V94/><F104/><W96/><G38/><T28/><D73/><U33/><E39/><V20/><F128/><W57/><G110/><T83/><D122/><U6/><E109/><V44/><F127/><W126/><G126/><T99/><D130/><U22/><E101/><V51/><F20/><W70/><G70/><T50/><D112/><N who="2" m="43082" /><F72/><W129/><G129/><T42/><D28/><U23/><E61/><V64/><F64/><W18/><G65/><T43/><D34/><N who="1" m="13419" /><E49/><N who="0" m="19049" /><D118/><N who="1" m="45675" /><E84/><V107/><F107/><W56/><G27/><T4/><D83/><U121/><E85/><V91/><F91/><W131/><G131/><T77/><D77/><U35/><E121/><V1/><F1/><W86/><G14/><N who="0" m="5415" /><D59/><U135/><E135/><V40/><F46/><W68/><G68/><T76/><D76/><U74/><E74/><V123/><F123/><W12/><G12/><T37/><D37/><U45/><E45/><V75/><F75/><W3/><G3/><T132/><D132/><U5/><E5/><V134/><F134/><W93/><REACH who="3" step="1"/><G57/><REACH who="3" ten="221,359,250,160" step="2"/><T13/><D13/><U125/><E125/><V98/><F26/><AGARI ba="1,1" hai="0,6,10,22,23,26,31,35" m="45675,13419" machi="26" ten="30,5800,0" yaku="34,2,52,1" doraHai="2" who="1" fromWho="2" sc="221,0,359,71,250,-61,160,0" /><INIT seed="1,2,0,2,0,28" ten="221,430,189,160" oya="1" hai0="14,47,124,18,67,34,36,85,22,53,111,60,59" hai1="68,27,106,50,48,75,71,63,117,131,102,44,20" hai2="82,54,135,9,103,66,129,115,12,104,13,125,1" hai3="26,41,38,96,17,23,69,126,0,92,133,86,11"/><U87/><E117/><V113/><F1/><W80/><G69/><T134/><D134/><U5/><E75/><V45/><F125/><W65/><G65/><T61/><D124/><U84/><E131/><V121/><F121/><W21/><G126/><T43/><D111/><U10/><E102/><V112/><F129/><W120/><G120/><T62/><D34/><U110/><E106/><V108/><F108/><W114/><G114/><T64/><REACH who="0" step="1"/><D85/><REACH who="0" ten="211,430,189,160" step="2"/><U74/><E87/><V40/><F135/><W39/><G133/><T78/><D78/><U55/><E84/><V76/><F113/><W100/><G86/><T90/><D90/><U128/><E128/><V81/><F115/><W91/><G91/><T127/><D127/><U105/><E110/><V51/><F76/><W122/><G122/><T116/><D116/><U8/><E74/><V109/><F112/><W3/><G80/><T58/><D58/><U132/><E71/><V99/><F109/><W89/><G89/><T37/><D37/><U93/><E68/><V4/><F82/><W16/><G38/><T97/><D97/><U56/><E56/><V29/><F81/><W24/><REACH who="3" step="1"/><G11/><REACH who="3" ten="211,430,189,150" step="2"/><T7/><D7/><U49/><E5/><V77/><F77/><W35/><G35/><T79/><D79/><U57/><E8/><V33/><F4/><W107/><G107/><T30/><D30/><U98/><E105/><V31/><F9/><W2/><G2/><T42/><D42/><N who="1" m="24599" /><E10/><V94/><F104/><W70/><G70/><T95/><D95/><U15/><E93/><N who="2" m="58863" /><F29/><W73/><G73/><T88/><D88/><RYUUKYOKU ba="2,2" sc="211,15,430,-15,189,-15,150,15" hai0="14,18,22,36,43,47,53,59,60,61,62,64,67" hai3="0,3,16,17,21,23,24,26,39,41,92,96,100" /><INIT seed="2,3,2,2,5,16" ten="226,415,174,165" oya="2" hai0="51,117,85,78,45,94,109,3,59,87,28,86,19" hai1="44,53,8,72,7,4,92,108,113,116,57,26,93" hai2="135,133,107,23,129,20,34,118,10,126,24,15,102" hai3="43,125,84,88,131,121,103,77,65,81,61,39,2"/><V83/><F118/><W75/><G121/><T0/><D117/><U82/><E113/><V95/><F107/><W124/><G2/><T25/><D109/><U52/><E116/><V21/><F126/><N who="3" m="48747" /><G131/><T30/><D78/><U134/><E108/><V128/><F83/><W12/><G103/><T100/><D59/><U63/><E134/><N who="2" m="51211" /><F102/><W36/><G12/><T99/><D19/><U80/><E26/><V96/><F96/><W27/><G27/><T62/><D62/><U56/><E44/><V55/><F95/><N who="1" m="36425" /><E72/><V106/><F106/><W71/><G43/><T29/><REACH who="0" step="1"/><D25/><REACH who="0" ten="216,415,174,165" step="2"/><U37/><E57/><V33/><F24/><W132/><G132/><T68/><D68/><U90/><E56/><V98/><F98/><W42/><G42/><AGARI ba="3,3" hai="0,3,28,29,30,42,45,51,85,86,87,94,99,100" machi="42" ten="40,1300,0" yaku="1,1,53,0" doraHai="16" doraHaiUra="13" who="0" fromWho="3" sc="216,52,415,0,174,0,165,-22" /><INIT seed="3,0,0,0,0,91" ten="268,415,174,143" oya="3" hai0="6,59,118,37,95,120,25,30,133,92,71,27,12" hai1="31,68,119,129,78,110,9,46,35,41,66,34,29" hai2="22,111,105,82,72,67,101,85,19,51,50,93,130" hai3="18,45,135,99,128,125,96,73,24,131,74,53,44"/><W42/><G135/><T94/><D71/><U76/><E110/><V10/><F111/><W15/><G125/><T102/><D37/><U16/><E129/><N who="3" m="49738" /><G53/><T28/><D120/><U87/><E34/><V116/><F130/><W97/><G24/><N who="0" m="9291" /><D118/><U62/><E119/><V21/><F105/><W83/><G83/><T103/><D133/><U100/><E100/><N who="0" m="38441" /><D59/><N who="1" m="37215" /><E35/><V52/><F67/><W79/><G79/><N who="1" m="30250" /><E68/><V109/><F72/><N who="3" m="27755" /><G42/><T40/><D40/><U124/><E124/><V117/><F109/><W11/><AGARI ba="0,0" hai="11,15,18,44,45,96,97,99" m="27755,49738" machi="11" ten="40,2100,0" yaku="19,1" doraHai="91" who="3" fromWho="3" sc="268,-7,415,-7,174,-7,143,21" /><INIT seed="3,1,0,2,3,108" ten="261,408,167,164" oya="3" hai0="52,103,100,70,90,2,79,21,11,123,31,68,78" hai1="54,121,84,29,69,112,92,127,59,5,102,75,118" hai2="13,88,120,86,25,6,45,76,27,26,23,105,7" hai3="8,66,113,1,74,111,131,55,48,63,14,28,0"/><W15/><G74/><T35/><D35/><U30/><E112/><V19/><F105/><W41/><G113/><T81/><D123/><U94/><E121/><V60/><F120/><W117/><G117/><T128/><D128/><U51/><E75/><V50/><F60/><W91/><G131/><T18/><D2/><U87/><E69/><V39/><F76/><W33/><G111/><T4/><D31/><N who="1" m="11787" /><E127/><V125/><F39/><W3/><G41/><T130/><D52/><U98/><E118/><V62/><F62/><W110/><G110/><T34/><D11/><U119/><E119/><V85/><F125/><W56/><G91/><T99/><D81/><U36/><E36/><V106/><F106/><W16/><G14/><T126/><D103/><N who="1" m="60871" /><E5/><N who="2" m="1547" /><F88/><W132/><G132/><T77/><D21/><U104/><E104/><V65/><F65/><W116/><G116/><T115/><D18/><U101/><E101/><V32/><F32/><W114/><G114/><T67/><D99/><AGARI ba="1,0" hai="51,54,59,84,87,94,99,102" m="60871,11787" machi="99" ten="30,1000,0" yaku="8,1" doraHai="108" who="1" fromWho="0" sc="261,-13,408,13,167,0,164,0" owari="248,4.8,421,52.1,167,-23.3,164,-33.6" /></mjloggm>