<mjloggm ver="2.3"><GO type="225" lobby="0"/><UN n0="%77%72%77%72%77%72%77%72" n1="%E3%81%B5%E3%81%98%E3%81%8B%E3%81%A4" n2="%E3%81%A8%E3%82%93%E3%81%A8%E3%81%93%E3%81%A8%E3%82%93" n3="%E3%81%8C%E3%81%9F" dan="17,16,16,16" rate="2225.63,2189.55,2111.35,2125.41" sx="M,M,F,M"/><TAIKYOKU oya="0"/><INIT seed="0,0,0,1,2,24" ten="250,250,250,250" oya="0" hai0="121,89,56,41,6,27,84,85,33,115,29,19,65" hai1="43,67,98,103,21,61,66,53,70,16,60,74,9" hai2="106,63,97,131,125,82,118,95,83,72,0,126,14" hai3="116,77,54,10,46,133,18,55,45,52,105,80,99"/><T127/><D115/><U79/><E43/><V30/><F0/><W15/><G116/><T94/><D121/><U88/><E53/><V102/><F63/><W68/><G68/><T28/><D127/><U113/><E113/><V31/><F131/><W104/><G133/><T111/><D111/><U108/><E108/><V59/><F59/><W76/><G99/><T134/><D134/><U135/><E135/><V93/><F14/><W91/><G91/><N who="0" m="53607" /><D33/><U132/><E132/><V119/><F72/><W49/><G77/><T50/><D6/><U114/><E114/><V57/><F57/><W107/><REACH who="3" step="1"/><G49/><REACH who="3" ten="250,250,250,240" step="2"/><T36/><D36/><U75/><E79/><V48/><F48/><W58/><G58/><T38/><D38/><U101/><E101/><V81/><F125/><W34/><G34/><T25/><D65/><U78/><E78/><V2/><F126/><W5/><G5/><T124/><D124/><U130/><E130/><V32/><F32/><W71/><G71/><T51/><D51/><U44/><E67/><V39/><F39/><W12/><G12/><T96/><D96/><U40/><E70/><V20/><F2/><W23/><G23/><N who="0" m="13567" /><D27/><U35/><E66/><V62/><F20/><W73/><AGARI ba="0,1" hai="10,15,18,45,46,52,54,55,73,76,80,104,105,107" machi="73" ten="40,5200,0" yaku="1,1,0,1,54,1,53,0" doraHai="24" doraHaiUra="47" who="3" fromWho="3" sc="250,-26,250,-13,250,-13,240,62" /><INIT seed="1,0,0,5,1,48" ten="224,237,237,302" oya="1" hai0="6,68,74,81,2,94,115,88,129,64,36,59,33" hai1="66,100,133,105,109,86,13,107,73,3,51,101,106" hai2="89,32,69,119,126,46,30,26,116,113,72,11,112" hai3="91,98,96,52,78,22,62,45,92,49,39,76,42"/><U47/><E3/><V85/><F72/><W122/><G122/><T18/><D115/><N who="2" m="44106" /><F69/><W77/><G22/><T25/><D36/><U117/><E117/><V35/><F126/><W4/><G4/><T97/><D68/><U104/><E73/><V128/><F128/><W23/><G23/><T84/><D129/><U0/><E0/><V90/><F35/><W70/><G96/><T20/><D74/><U87/><E66/><V44/><F11/><W125/><G125/><T60/><D33/><U82/><E133/><V102/><F102/><W34/><G34/><T8/><REACH who="0" step="1"/><D97/><REACH who="0" ten="214,237,237,302" step="2"/><U28/><E109/><V75/><F75/><W99/><G99/><T24/><D24/><U17/><E87/><V56/><F85/><W108/><G108/><T132/><D132/><U43/><E28/><V79/><F116/><W7/><G7/><T15/><D15/><U80/><E86/><V123/><F119/><W83/><G83/><AGARI ba="0,1" hai="2,6,8,18,20,25,59,60,64,81,83,84,88,94" machi="83" ten="40,2600,0" yaku="1,1,54,1,53,0" doraHai="48" doraHaiUra="95" who="0" fromWho="3" sc="214,36,237,0,237,0,302,-26" /><INIT seed="2,0,0,0,5,123" ten="250,237,237,276" oya="2" hai0="15,17,125,132,52,55,53,108,111,19,62,76,70" hai1="110,63,109,100,117,133,84,45,37,98,66,73,92" hai2="11,1,74,26,77,72,41,116,83,3,46,33,0" hai3="81,89,54,6,39,80,124,10,20,106,29,61,25"/><V47/><F116/><W79/><G39/><T93/><D76/><U135/><E117/><V5/><F74/><W91/><G106/><T68/><D132/><N who="1" m="50763" /><E73/><V56/><F47/><W120/><G120/><T67/><D125/><U87/><E45/><V14/><F56/><N who="3" m="34967" /><G124/><T119/><D119/><U86/><E37/><N who="2" m="21807" /><F14/><N who="3" m="5463" /><G79/><T27/><D68/><AGARI ba="0,0" hai="63,66,68,84,86,87,92,98,100,109,110" m="50763" machi="68" ten="30,3900,0" yaku="20,1,52,2" doraHai="123" who="1" fromWho="0" sc="250,-39,237,39,237,0,276,0" /><INIT seed="3,0,0,3,5,125" ten="211,276,237,276" oya="3" hai0="5,25,9,22,42,80,57,38,77,59,98,132,4" hai1="82,17,46,127,61,20,112,107,78,30,41,55,35" hai2="72,111,6,105,90,114,13,24,36,95,7,101,74" hai3="62,83,92,122,120,50,102,60,33,3,48,131,44"/><W87/><G33/><T12/><D132/><U64/><E112/><V56/><F114/><W23/><G3/><T49/><D38/><U69/><E107/><V71/><F71/><W81/><G23/><T32/><D32/><U51/><E127/><V84/><F36/><W128/><G102/><T2/><D2/><U130/><E130/><N who="3" m="49706" /><G92/><T75/><D4/><U21/><E35/><V40/><F40/><N who="3" m="24583" /><G50/><T14/><D14/><U65/><E51/><V113/><F101/><W31/><G31/><T52/><D42/><U18/><E30/><V79/><F105/><W37/><G83/><T19/><REACH who="0" step="1"/><D98/><REACH who="0" ten="201,276,237,276" step="2"/><U76/><E41/><V58/><F113/><W135/><G135/><T104/><D104/><U118/><E118/><V106/><F106/><W103/><G37/><T39/><D39/><U93/><E21/><V67/><F111/><W16/><G120/><T108/><D108/><U11/><E20/><V28/><F6/><W121/><G121/><T115/><D115/><U0/><E0/><V47/><F7/><W94/><G122/><T119/><D119/><U126/><E126/><V116/><F13/><W89/><G16/><T124/><D124/><U15/><E18/><V110/><F116/><W8/><G8/><T34/><D34/><U54/><E17/><V97/><F110/><W88/><G103/><T63/><D63/><U73/><E61/><V99/><F99/><AGARI ba="0,1" hai="60,62,81,87,88,89,94,99" m="24583,49706" machi="99" ten="30,12000,1" yaku="19,1,52,3,54,1" doraHai="125" who="3" fromWho="2" sc="201,0,276,0,237,-120,276,130" owari="201,-19.9,276,7.6,117,-38.3,406,50.6" /></mjloggm>