<mjloggm ver="2.3"><GO type="225" lobby="0"/><UN n0="%E3%83%97%E3%83%92" n1="%E3%81%A8%E3%82%93%E3%81%A8%E3%81%93%E3%81%A8%E3%82%93" n2="%E3%81%B5%E3%81%98%E3%81%8B%E3%81%A4" n3="%48%61%61%61%6C%61%6E%64" dan="17,16,16,18" rate="2197.56,2099.23,2101.62,2226.08" sx="M,F,M,M"/><TAIKYOKU oya="0"/><INIT seed="0,0,0,5,0,100" ten="250,250,250,250" oya="0" hai0="6,45,79,46,15,94,26,96,21,12,1,44,124" hai1="74,84,120,30,135,70,89,109,64,23,55,119,128" hai2="121,2,118,39,91,68,114,17,76,71,105,87,63" hai3="31,90,108,78,102,10,47,54,95,7,80,19,73"/><T53/><D124/><U67/><E23/><V14/><F121/><W75/><G108/><T126/><D126/><U111/><E30/><V3/><F114/><W57/><G31/><T65/><D65/><U97/><E97/><V37/><F76/><W116/><G116/><T110/><D110/><U60/><E55/><V61/><F118/><W134/><G134/><T115/><D79/><U24/><E24/><V69/><F87/><W66/><G102/><T93/><D93/><U22/><E22/><V9/><F91/><W122/><G122/><T0/><D115/><U52/><E52/><V130/><F130/><W125/><G125/><T35/><D35/><U99/><E99/><V34/><F34/><W20/><G47/><T98/><D98/><U88/><E84/><V41/><F41/><W29/><G29/><T107/><D107/><U104/><E104/><V40/><F105/><W8/><G66/><T36/><D36/><U132/><E67/><V59/><F63/><W4/><G75/><T50/><D1/><U101/><E120/><V133/><F133/><W127/><G127/><T82/><D82/><U129/><E132/><V43/><F43/><W38/><G38/><N who="2" m="14345" /><F40/><W28/><G78/><T117/><D0/><U131/><E135/><V58/><F58/><W77/><G57/><N who="0" m="32951" /><D6/><U81/><E119/><V86/><F86/><N who="3" m="52695" /><G4/><T33/><D33/><U106/><E111/><V32/><F32/><W123/><G7/><T113/><D113/><U49/><E109/><V85/><F85/><W103/><G123/><T42/><D117/><U11/><E128/><V5/><F5/><RYUUKYOKU ba="0,0" sc="250,-10,250,-10,250,30,250,-10" hai2="2,3,9,14,17,59,61,68,69,71" /><INIT seed="1,1,0,1,3,32" ten="240,240,280,240" oya="1" hai0="48,47,61,108,88,69,117,49,18,58,62,112,42" hai1="11,119,86,21,16,95,67,103,37,63,45,66,7" hai2="100,104,127,28,73,93,106,70,107,79,13,35,38" hai3="129,76,15,17,0,40,9,12,135,29,94,132,34"/><U121/><E121/><V133/><F127/><W26/><G40/><T82/><D112/><U90/><E119/><V74/><F13/><W41/><G41/><T125/><D117/><U111/><E111/><V109/><F109/><W77/><G129/><T97/><D108/><U126/><E126/><V14/><F14/><W6/><G15/><T53/><D125/><U44/><E103/><V54/><F54/><W98/><G77/><T118/><D118/><U19/><E37/><V113/><F113/><W85/><G85/><N who="0" m="50231" /><D69/><U39/><E39/><V72/><F38/><W83/><G83/><T27/><D97/><U1/><E67/><V33/><F70/><W5/><G76/><T22/><AGARI ba="1,0" hai="18,22,27,42,47,48,49,53,58,61,62" m="50231" machi="22" ten="30,2000,0" yaku="8,1,54,1" doraHai="32" who="0" fromWho="0" sc="240,23,240,-11,280,-6,240,-6" /><INIT seed="2,0,0,2,1,40" ten="263,229,274,234" oya="2" hai0="24,39,67,134,43,120,58,102,2,47,89,33,119" hai1="32,126,135,48,44,5,81,38,94,17,21,66,56" hai2="12,42,95,69,122,35,85,74,1,76,70,55,13" hai3="88,36,9,73,77,30,107,65,79,10,129,115,3"/><V0/><F122/><W103/><G129/><T63/><D120/><U46/><E32/><V57/><F35/><W101/><G115/><T41/><D2/><U99/><E135/><V111/><F42/><W51/><G36/><T106/><D134/><U87/><E126/><V71/><F74/><W6/><G30/><T130/><D130/><U131/><E131/><V45/><F0/><W108/><G108/><T97/><D119/><U104/><E104/><V90/><F1/><W133/><G133/><T93/><D41/><U84/><E38/><V83/><F111/><W86/><G10/><T34/><REACH who="0" step="1"/><D24/><REACH who="0" ten="253,229,274,234" step="2"/><N who="1" m="14383" /><E5/><V118/><F118/><W60/><G6/><T4/><D4/><U14/><E14/><V123/><F13/><W18/><G3/><T61/><D61/><N who="1" m="38183" /><E48/><V49/><F12/><W82/><G51/><T128/><D128/><U7/><E7/><V121/><F121/><W127/><G60/><T52/><D52/><U15/><E15/><V54/><F123/><W37/><G37/><T16/><D16/><U8/><E8/><V110/><F110/><W100/><G9/><T132/><D132/><U98/><E98/><AGARI ba="0,1" hai="33,34,39,43,47,58,63,67,89,93,97,98,102,106" machi="98" ten="30,3900,0" yaku="1,1,7,1,52,1,53,0" doraHai="40" doraHaiUra="20" who="0" fromWho="1" sc="253,49,229,-39,274,0,234,0" /><INIT seed="3,0,0,0,5,63" ten="302,190,274,234" oya="3" hai0="8,113,73,77,75,43,14,45,27,5,107,86,10" hai1="70,130,38,0,105,19,83,128,133,11,135,92,33" hai2="7,82,93,118,115,120,74,90,52,56,76,117,18" hai3="112,24,66,41,103,67,84,57,124,3,108,47,29"/><W59/><G112/><T22/><D107/><U100/><E105/><V111/><F115/><W40/><G3/><T89/><D113/><U15/><E38/><V32/><F120/><W21/><G124/><T85/><D8/><U126/><E70/><V96/><F111/><W2/><G2/><T94/><D77/><U36/><E36/><V134/><F134/><N who="1" m="51209" /><E83/><V17/><F7/><W42/><G108/><T9/><D9/><N who="1" m="6639" /><E92/><V34/><F18/><W98/><G47/><T91/><D89/><U97/><E97/><V68/><F68/><W64/><REACH who="3" step="1"/><G84/><REACH who="3" ten="302,190,274,224" step="2"/><T101/><D86/><U51/><E51/><V95/><F118/><W1/><G1/><T30/><D101/><U37/><E37/><AGARI ba="0,1" hai="5,10,14,22,27,30,37,43,45,73,75,85,91,94" machi="37" ten="30,1000,0" yaku="7,1" doraHai="63" who="0" fromWho="1" sc="302,20,190,-10,274,0,224,0" owari="322,42.2,180,-32.0,274,7.4,224,-17.6" /></mjloggm>