<mjloggm ver="2.3"><GO type="225" lobby="0"/><UN n0="%E3%80%93%E3%81%97%E3%83%BC%E3%82%89%E3%80%93" n1="%E3%81%8B%E3%82%8F%E3%81%A1%E3%82%83%E3%82%93%35%38" n2="%E3%81%A1%E3%81%AA%E3%81%A4" n3="%E6%B8%A9%E2%98%85%E6%83%85%E2%98%85%E6%8E%AA%E2%98%85%E7%BD%AE" dan="16,16,16,18" rate="2124.85,2191.04,2107.51,2213.69" sx="M,M,M,M"/><TAIKYOKU oya="0"/><INIT seed="0,0,0,2,1,118" ten="250,250,250,250" oya="0" hai0="42,22,59,17,135,97,113,110,4,85,65,128,109" hai1="25,88,40,61,99,72,103,115,43,32,134,64,81" hai2="96,120,91,39,132,87,126,119,83,18,50,71,106" hai3="0,107,41,73,62,68,53,86,93,51,26,80,55"/><T10/><D113/><U124/><E124/><V130/><F39/><W5/><G107/><T6/><D135/><U3/><E3/><V35/><F120/><W127/><G127/><T116/><D116/><U78/><E134/><V74/><F35/><W24/><G73/><T82/><D128/><U38/><E38/><V123/><F71/><W112/><G112/><T48/><D97/><U114/><E88/><V79/><F123/><W2/><G93/><T67/><D10/><U46/><E46/><V129/><F126/><W52/><G62/><N who="0" m="38111" /><D67/><U56/><E115/><V49/><F132/><W34/><G68/><T12/><D48/><U69/><E56/><V33/><F33/><W58/><G34/><T76/><D42/><U104/><REACH who="1" step="1"/><E114/><REACH who="1" ten="250,240,250,250" step="2"/><V37/><F37/><W29/><G58/><T105/><D105/><U122/><E122/><V84/><F119/><W54/><G2/><T125/><D125/><U117/><E117/><V57/><F130/><W7/><G0/><T1/><D1/><U63/><E63/><V101/><F129/><W131/><G131/><T36/><D36/><U66/><E66/><V27/><F57/><W21/><G51/><T20/><D110/><U15/><E15/><V13/><F27/><W90/><G26/><N who="0" m="14607" /><D109/><U121/><E121/><V19/><F49/><W8/><N who="3" m="13312" /><DORA hai="98" /><W102/><G24/><T14/><D14/><U60/><E60/><V111/><F13/><W11/><G90/><T28/><D12/><U16/><E16/><N who="2" m="6187" /><F50/><W92/><G7/><T45/><D45/><U31/><AGARI ba="0,1" hai="25,31,32,40,43,61,64,69,72,78,81,99,103,104" machi="31" ten="30,12000,2" yaku="1,1,0,1,25,2,52,1,53,2" doraHai="118,98" doraHaiUra="30,75" who="1" fromWho="1" sc="250,-60,240,130,250,-30,250,-30" /><INIT seed="1,0,0,4,2,36" ten="190,370,220,220" oya="1" hai0="133,73,90,15,134,130,118,45,6,129,9,29,51" hai1="43,91,54,7,47,108,103,10,4,19,71,117,135" hai2="40,79,111,46,94,123,81,83,76,87,75,57,128" hai3="126,61,37,65,14,30,122,112,49,39,121,127,69"/><U3/><E117/><V44/><F123/><N who="3" m="47115" /><G30/><T8/><D73/><U60/><E103/><V11/><F111/><W97/><G14/><N who="0" m="5399" /><D90/><U62/><E71/><V20/><F128/><N who="0" m="49258" /><D118/><U41/><E3/><V27/><F46/><W96/><G96/><T70/><D70/><U115/><E115/><V25/><F57/><W16/><G97/><T78/><D78/><U23/><E10/><V34/><F34/><W22/><G112/><T2/><D2/><U116/><E116/><V105/><F105/><W107/><G107/><T72/><D72/><U64/><E64/><V0/><F94/><W110/><G110/><T132/><D29/><U17/><E91/><V100/><F100/><W109/><G109/><T125/><D125/><N who="3" m="47625" /><G49/><T28/><D28/><U58/><E108/><V88/><F79/><W89/><G89/><T52/><D134/><U48/><E135/><V55/><F20/><W82/><G82/><T119/><D119/><U13/><E19/><AGARI ba="0,0" hai="9,15,19,45,51,52,132,133" m="49258,5399" machi="19" ten="30,2000,0" yaku="19,1,54,1" doraHai="36" who="0" fromWho="1" sc="190,20,370,-20,220,0,220,0" /><INIT seed="2,0,0,1,3,128" ten="210,350,220,220" oya="2" hai0="71,116,86,49,37,39,83,61,15,68,47,8,135" hai1="113,12,87,56,33,2,93,17,58,103,115,132,98" hai2="127,41,120,40,32,124,42,97,66,31,121,16,1" hai3="20,72,50,14,44,81,29,133,11,63,79,69,65"/><V38/><F1/><W36/><G36/><T108/><D116/><U106/><E2/><V57/><F32/><W76/><G76/><T94/><D94/><U64/><E33/><V84/><F31/><W45/><G133/><T102/><D102/><U62/><E132/><V23/><F38/><W4/><REACH who="3" step="1"/><G50/><REACH who="3" ten="210,350,220,210" step="2"/><T74/><D135/><U92/><E115/><V122/><F97/><W3/><G3/><T77/><D39/><U7/><E113/><V131/><F131/><W100/><G100/><T24/><D37/><U117/><E117/><V112/><F112/><W35/><G35/><T46/><D49/><U90/><E103/><V114/><F114/><W107/><G107/><T104/><D104/><U80/><E106/><V91/><F66/><W134/><G134/><T78/><D78/><U129/><E129/><V27/><REACH who="2" step="1"/><F57/><REACH who="2" ten="210,350,210,210" step="2"/><W6/><G6/><N who="0" m="3479" /><D71/><U119/><E119/><V130/><F130/><W88/><G88/><T99/><D68/><U67/><E98/><V54/><F54/><W48/><G48/><T101/><D99/><U75/><E58/><V125/><F125/><W96/><G96/><T123/><D101/><U82/><E64/><V26/><F26/><AGARI ba="0,2" hai="4,11,14,20,26,29,44,45,63,65,69,72,79,81" machi="26" ten="40,1300,0" yaku="1,1,53,0" doraHai="128" doraHaiUra="28" who="3" fromWho="2" sc="210,0,350,0,210,-13,210,33" /><INIT seed="3,0,0,0,1,51" ten="210,350,197,243" oya="3" hai0="70,42,16,10,48,129,30,49,33,117,5,112,12" hai1="2,37,86,26,135,8,114,94,108,63,56,77,100" hai2="115,130,105,14,38,96,118,126,3,83,122,66,22" hai3="20,76,59,27,132,121,17,68,134,95,88,120,119"/><W35/><G68/><T133/><D70/><U54/><E37/><V36/><F115/><W125/><G119/><T72/><D117/><U82/><E114/><V93/><F118/><W69/><G69/><T29/><D72/><U15/><E2/><V79/><F3/><W25/><G76/><T13/><D112/><U80/><E108/><V127/><F105/><W45/><G45/><N who="0" m="25655" /><D33/><U0/><E0/><V109/><F109/><W107/><G107/><T9/><D129/><U28/><E135/><N who="3" m="51754" /><G125/><T124/><D124/><N who="2" m="47658" /><F130/><W90/><G59/><T6/><D133/><U55/><E82/><V123/><F66/><W53/><G53/><T101/><D101/><U31/><E26/><V84/><F14/><W40/><G40/><T24/><D49/><U34/><E34/><V116/><F22/><AGARI ba="0,0" hai="5,6,9,10,12,13,16,22,24,29,30" m="25655" machi="22" ten="30,2000,0" yaku="8,1,54,1" doraHai="51" who="0" fromWho="2" sc="210,20,350,0,197,-20,243,0" owari="230,-17.0,350,45.0,177,-32.3,243,4.3" /></mjloggm>