<mjloggm ver="2.3"><GO type="225" lobby="0"/><UN n0="%E3%81%9F%E3%81%93%E2%98%86%E7%84%BC%E3%81%8D" n1="%E6%98%BC%E4%B8%8B%E3%81%8C%E3%82%8A%E3%81%AE%E5%9B%A3%E5%9C%B0%E5%A6%BB" n2="%6D%75%75%6D%75%72%61" n3="%E3%81%86%E3%82%8B%E3%81%8A%E3%81%A1%E3%82%83" dan="16,16,16,16" rate="2101.82,2154.52,2163.34,2111.50" sx="M,F,F,F"/><TAIKYOKU oya="0"/><INIT seed="0,0,0,1,4,75" ten="250,250,250,250" oya="0" hai0="90,8,84,134,96,79,14,114,120,10,17,43,47" hai1="49,74,80,57,4,89,109,34,106,25,44,39,95" hai2="101,0,68,85,42,63,102,6,61,71,91,55,94" hai3="116,31,88,65,130,83,126,59,81,92,104,19,115"/><T86/><D114/><U56/><E106/><V7/><F42/><W105/><G31/><T110/><D120/><U15/><E39/><V72/><F72/><W76/><G115/><T38/><D134/><U29/><E109/><V22/><F0/><W93/><G116/><T50/><D38/><U53/><E4/><N who="2" m="1579" /><F68/><W112/><G112/><T113/><D110/><U33/><E15/><V23/><F71/><W52/><G65/><T20/><D96/><U24/><E24/><V124/><F124/><W51/><G126/><T64/><D64/><U45/><E45/><V135/><F135/><W87/><G130/><T82/><REACH who="0" step="1"/><D113/><REACH who="0" ten="240,250,250,250" step="2"/><U121/><E121/><V127/><F127/><W46/><G104/><T119/><D119/><U27/><E33/><V58/><F63/><N who="3" m="36327" /><G105/><T128/><D128/><U129/><E129/><V107/><F107/><W78/><G19/><T12/><D12/><U99/><REACH who="1" step="1"/><E27/><REACH who="1" ten="240,240,250,250" step="2"/><V35/><F35/><W132/><G132/><T32/><D32/><U123/><E123/><V98/><F98/><W1/><G1/><T13/><D13/><U37/><E37/><V28/><F28/><W131/><G131/><T54/><D54/><U77/><AGARI ba="0,2" hai="25,29,34,44,49,53,56,57,74,77,80,89,95,99" machi="77" ten="30,4000,0" yaku="1,1,0,1,52,1,53,0" doraHai="75" doraHaiUra="117" who="1" fromWho="1" sc="240,-20,240,60,250,-10,250,-10" /><INIT seed="1,0,0,4,5,38" ten="220,300,240,240" oya="1" hai0="48,87,20,116,49,35,71,61,28,40,92,103,56" hai1="26,22,68,120,75,115,117,43,2,70,126,111,4" hai2="50,36,46,95,83,5,79,14,53,104,98,29,0" hai3="124,11,62,118,119,93,25,135,114,81,39,129,52"/><U27/><E115/><V128/><F128/><W8/><G114/><T130/><D35/><U108/><E117/><N who="3" m="44554" /><G129/><T16/><D71/><U3/><E75/><V76/><F104/><W32/><G124/><T127/><D127/><U1/><E120/><V18/><F29/><N who="3" m="19503" /><G135/><T105/><D130/><U133/><E126/><V10/><F36/><W58/><G93/><T96/><D28/><U54/><E4/><V122/><F122/><W23/><G23/><T63/><D116/><U94/><E133/><V99/><F95/><W37/><G81/><T45/><D87/><U19/><E27/><V44/><F44/><W24/><G24/><T17/><D17/><U15/><E26/><V21/><REACH who="2" step="1"/><F79/><REACH who="2" ten="220,300,230,240" step="2"/><W125/><G125/><T109/><D105/><U33/><E33/><V106/><F106/><W6/><G39/><T69/><D92/><U123/><E123/><V72/><AGARI ba="0,1" hai="0,5,10,14,18,21,46,50,53,72,76,83,98,99" machi="72" ten="20,2700,0" yaku="1,1,0,1,7,1,53,0" doraHai="38" doraHaiUra="90" who="2" fromWho="2" sc="220,-7,300,-13,230,37,240,-7" /><INIT seed="2,0,0,4,0,75" ten="213,287,267,233" oya="2" hai0="130,131,77,99,9,60,14,92,78,117,44,118,12" hai1="49,51,82,56,76,30,106,135,35,90,93,129,71" hai2="104,110,58,10,125,40,133,2,112,23,62,72,120" hai3="5,85,124,88,80,116,86,107,94,27,38,59,132"/><V50/><F112/><W113/><G107/><T65/><D44/><U1/><E71/><V96/><F120/><W29/><G116/><N who="0" m="44651" /><D60/><U6/><E106/><V128/><F128/><N who="0" m="49194" /><D65/><U36/><E36/><V47/><F133/><W52/><G38/><T108/><D108/><U126/><E129/><V57/><F125/><W45/><G5/><N who="0" m="3119" /><D14/><U134/><E134/><V66/><F110/><W21/><G132/><T98/><D98/><U109/><E109/><V37/><F37/><W102/><G124/><T34/><D34/><U81/><E126/><V8/><F2/><W89/><G113/><T74/><D74/><U4/><E1/><V105/><F72/><W97/><G45/><T95/><D95/><U127/><E127/><V32/><F32/><W15/><G15/><T16/><D16/><U19/><E19/><V70/><F104/><W91/><G86/><T41/><D41/><U69/><E135/><V31/><F8/><W100/><G100/><AGARI ba="0,0" hai="77,78,92,99,100" m="3119,49194,44651" machi="100" ten="30,7700,0" yaku="12,1,19,1,52,2" doraHai="75" who="0" fromWho="3" sc="213,77,287,0,267,0,233,-77" /><INIT seed="3,0,0,3,0,74" ten="290,287,267,156" oya="3" hai0="22,135,96,66,130,0,124,19,70,35,78,122,73" hai1="46,4,117,134,11,129,47,90,92,6,100,7,41" hai2="36,58,15,10,37,43,118,65,44,82,69,64,51" hai3="59,72,98,18,71,52,33,123,48,126,62,93,85"/><W79/><G123/><T121/><D35/><U8/><E129/><V14/><F118/><W110/><G126/><T60/><D130/><U127/><E127/><V49/><F15/><W101/><G110/><T109/><D0/><U128/><E128/><V61/><F82/><N who="3" m="47327" /><G33/><T86/><D73/><U95/><E117/><V108/><F108/><W1/><G71/><T63/><D124/><U114/><E114/><V111/><F111/><W45/><G1/><T67/><D96/><N who="1" m="59423" /><E134/><V131/><F131/><W56/><G72/><T133/><D109/><U27/><E27/><V89/><F89/><W54/><G18/><T21/><D86/><N who="1" m="52311" /><E41/><N who="2" m="24719" /><F14/><W38/><G38/><N who="2" m="14953" /><F10/><AGARI ba="0,0" hai="4,6,7,8,10,11,46,47" m="52311,59423" machi="10" ten="30,1000,0" yaku="8,1" doraHai="74" who="1" fromWho="2" sc="290,0,287,10,267,-10,156,0" /><INIT seed="4,0,0,3,3,65" ten="290,297,257,156" oya="0" hai0="96,4,24,87,97,29,46,32,82,75,95,98,25" hai1="52,103,78,10,79,130,61,7,5,50,2,132,116" hai2="12,48,101,85,114,43,99,36,107,41,20,90,127" hai3="118,92,81,89,34,26,8,77,3,45,80,112,113"/><T83/><D75/><U53/><E116/><V35/><F35/><W74/><G118/><T68/><D68/><U37/><E37/><V86/><F114/><N who="3" m="44139" /><G45/><T56/><D4/><U84/><E130/><V60/><F127/><W131/><G131/><T105/><D105/><U13/><E132/><V119/><F36/><W66/><G66/><T104/><D104/><U126/><E126/><V0/><F0/><W69/><G69/><T123/><D123/><U102/><E61/><V22/><F119/><W14/><G3/><T122/><D122/><U115/><E115/><V17/><F60/><W108/><G108/><T55/><D83/><N who="1" m="47231" /><E2/><V18/><F48/><W38/><G38/><T70/><D70/><U67/><E67/><V72/><F72/><W15/><G80/><T133/><D25/><U57/><E78/><V117/><F117/><W19/><G15/><T120/><D46/><U109/><E109/><V125/><F125/><W121/><G121/><T33/><D33/><U71/><E71/><V93/><REACH who="2" step="1"/><F86/><REACH who="2" ten="290,297,247,156" step="2"/><N who="3" m="52279" /><G34/><T129/><D129/><U58/><E5/><V135/><F135/><W31/><G26/><AGARI ba="0,1" hai="12,17,18,20,22,26,41,43,85,90,93,99,101,107" machi="26" ten="30,2000,0" yaku="1,1,7,1,53,0" doraHai="65" doraHaiUra="73" who="2" fromWho="3" sc="290,0,297,0,247,30,156,-20" /><INIT seed="5,0,0,4,5,42" ten="290,297,277,136" oya="1" hai0="77,45,95,3,60,1,81,22,70,115,107,102,82" hai1="78,66,24,11,62,35,101,52,88,89,61,21,85" hai2="93,67,132,86,110,106,19,20,8,15,14,47,65" hai3="128,72,118,68,119,43,133,25,80,83,96,100,5"/><U90/><E35/><V69/><F106/><W30/><G68/><T13/><D107/><U104/><E104/><V84/><F110/><W27/><G133/><T111/><D82/><N who="3" m="31273" /><G72/><T28/><D115/><U38/><E38/><V58/><F69/><W94/><G128/><T76/><D76/><U75/><E101/><V64/><F132/><W79/><G79/><T120/><D120/><U126/><E126/><V18/><F58/><W37/><G5/><T98/><D45/><U6/><E75/><V135/><F135/><W108/><G108/><T51/><D51/><U4/><E78/><V63/><F63/><N who="1" m="24073" /><E66/><V127/><F127/><W0/><G0/><T39/><D39/><U112/><E112/><V40/><REACH who="2" step="1"/><F93/><REACH who="2" ten="290,297,267,136" step="2"/><W55/><G55/><T49/><D60/><U124/><E124/><V130/><F130/><W74/><G74/><T129/><D70/><U113/><E113/><V23/><F23/><W105/><G105/><T44/><D111/><U92/><E52/><V123/><F123/><W53/><G53/><T9/><D129/><U29/><E11/><V54/><F54/><W57/><G57/><T48/><D22/><U34/><E34/><V134/><F134/><W10/><G10/><T117/><D117/><N who="3" m="44553" /><G30/><T87/><D28/><U50/><E50/><AGARI ba="0,1" hai="8,14,15,18,19,20,40,47,50,64,65,67,84,86" machi="50" ten="40,8000,1" yaku="1,1,8,1,52,1,53,1" doraHai="42" doraHaiUra="46" who="2" fromWho="1" sc="290,0,297,-80,267,90,136,0" owari="290,9.0,217,-18.3,357,45.7,136,-36.4" /></mjloggm>