<mjloggm ver="2.3"><GO type="225" lobby="0"/><UN n0="%E7%99%BD%E6%97%A5%E9%9B%AA%E8%8F%9C" n1="%E3%81%9D%E3%81%8A%E3%81%9D%E3%81%9D" n2="%E3%83%B4%E3%82%A3%E3%83%AF%E3%82%B3%E3%82%B0%E3%83%8B" n3="%63%68%78%62%64" dan="16,16,16,16" rate="2127.84,2075.06,2158.40,2120.96" sx="F,M,M,M"/><TAIKYOKU oya="0"/><INIT seed="0,0,0,5,5,94" ten="250,250,250,250" oya="0" hai0="72,50,96,112,12,63,67,18,100,79,69,87,81" hai1="116,101,117,90,121,45,41,91,122,132,25,22,31" hai2="51,99,88,108,21,9,36,56,59,7,92,61,85" hai3="129,17,53,80,124,97,26,14,95,118,42,8,40"/><T135/><D112/><U43/><E101/><V134/><F108/><W89/><G118/><T120/><D135/><U84/><E132/><V105/><F134/><W34/><G124/><T10/><D120/><U113/><E113/><V57/><F36/><W125/><G129/><T52/><D72/><U44/><E84/><V102/><F51/><W115/><G115/><T128/><D128/><U103/><E103/><V75/><F21/><W2/><G2/><T123/><D123/><U29/><E22/><V65/><REACH who="2" step="1"/><F75/><REACH who="2" ten="250,250,240,250" step="2"/><W77/><G125/><T86/><D86/><U39/><E39/><V13/><AGARI ba="0,1" hai="7,9,13,56,57,59,61,65,85,88,92,99,102,105" machi="13" ten="20,12000,2" yaku="1,1,2,1,0,1,7,1,52,1,54,1,53,0" doraHai="94" doraHaiUra="133" who="2" fromWho="2" sc="250,-60,250,-30,240,130,250,-30" /><INIT seed="1,0,0,4,1,69" ten="190,220,370,220" oya="1" hai0="50,55,119,90,124,89,6,16,92,121,61,4,125" hai1="97,63,23,82,127,54,44,112,104,114,130,105,75" hai2="110,74,45,120,0,29,26,12,88,131,48,38,77" hai3="106,99,83,73,126,62,60,67,8,76,96,19,59"/><U132/><E130/><V103/><F120/><W18/><G126/><N who="0" m="48747" /><D119/><U32/><E32/><V41/><F103/><W108/><G108/><T37/><D121/><U134/><E127/><V84/><F110/><W40/><G40/><T118/><D118/><U56/><E23/><V111/><F111/><W13/><G106/><N who="1" m="41066" /><E97/><V79/><F74/><W116/><G116/><T27/><D61/><U42/><E82/><V133/><F0/><W14/><REACH who="3" step="1"/><G62/><REACH who="3" ten="190,220,370,210" step="2"/><T11/><D37/><N who="1" m="21583" /><E75/><V21/><F38/><W95/><G95/><T72/><D72/><U66/><E66/><V101/><F41/><W34/><G34/><T39/><D39/><U123/><E123/><V24/><F131/><W31/><G31/><T47/><D92/><U28/><E28/><V87/><F29/><W52/><G52/><T128/><D128/><U85/><E54/><V46/><F133/><W78/><G78/><T25/><D55/><U2/><E63/><V65/><F77/><W135/><G135/><T35/><D35/><U109/><E134/><V51/><F79/><W9/><AGARI ba="0,1" hai="8,9,13,14,18,19,59,60,67,73,76,83,96,99" machi="9" ten="20,5200,0" yaku="1,1,0,1,7,1,9,1,53,0" doraHai="69" doraHaiUra="100" who="3" fromWho="3" sc="190,-13,220,-26,370,-13,210,62" /><INIT seed="2,0,0,4,3,74" ten="177,194,357,272" oya="2" hai0="78,70,40,55,81,54,76,35,64,100,109,99,86" hai1="32,129,72,94,68,51,19,6,82,105,117,133,31" hai2="9,57,42,101,107,61,10,122,108,115,33,13,21" hai3="91,124,134,38,37,80,130,126,36,112,120,98,79"/><V102/><F33/><W25/><G120/><T88/><D35/><U1/><E94/><V5/><F115/><W49/><G112/><T60/><D109/><U119/><E51/><V3/><F122/><W63/><G134/><T110/><D110/><U62/><E19/><V83/><F108/><W7/><G130/><T53/><REACH who="0" step="1"/><D40/><REACH who="0" ten="167,194,357,272" step="2"/><U14/><E32/><V67/><F42/><W41/><G41/><T127/><D127/><U66/><E117/><V15/><F107/><AGARI ba="0,1" hai="53,54,55,60,64,70,76,78,81,86,88,99,100,107" machi="107" ten="40,8000,1" yaku="1,1,52,2,54,1,53,0" doraHai="74" doraHaiUra="44" who="0" fromWho="2" sc="167,90,194,0,357,-80,272,0" /><INIT seed="3,0,0,4,4,121" ten="257,194,277,272" oya="3" hai0="122,41,101,1,29,58,130,20,108,69,70,62,48" hai1="32,54,7,88,102,99,59,31,135,45,19,63,105" hai2="84,127,10,109,72,116,14,76,128,13,87,52,94" hai3="68,17,44,22,86,2,4,53,64,85,95,96,8"/><W38/><G68/><T30/><D122/><U106/><E135/><V55/><F116/><W0/><G64/><T119/><D1/><U50/><E7/><V97/><F109/><W16/><G2/><T37/><D119/><U98/><E32/><V12/><F127/><W74/><G74/><T113/><D108/><U79/><E31/><V6/><F128/><W46/><G17/><T83/><D130/><U92/><E79/><V115/><F115/><W25/><G46/><T3/><D3/><U71/><E71/><V28/><F28/><W35/><G35/><T91/><D37/><U75/><E75/><V42/><F42/><W40/><G53/><N who="2" m="20553" /><F72/><W125/><G125/><T61/><D41/><U133/><E133/><V27/><F27/><W104/><G104/><T15/><D30/><U134/><E134/><V24/><F24/><W77/><G77/><T93/><D29/><U49/><E19/><V112/><F112/><W21/><G21/><T67/><D20/><U89/><E106/><V43/><F43/><W33/><G33/><T39/><D39/><U118/><E118/><V11/><F76/><W129/><G129/><T120/><D120/><U56/><E59/><V60/><F60/><W103/><AGARI ba="0,0" hai="0,4,8,16,22,25,38,40,44,85,86,95,96,103" machi="103" ten="20,3900,0" yaku="0,1,7,1,54,1" doraHai="121" who="3" fromWho="3" sc="257,-13,194,-13,277,-13,272,39" owari="244,-15.6,181,-31.9,264,6.4,311,41.1" /></mjloggm>