<mjloggm ver="2.3"><GO type="225" lobby="0"/><UN n0="%E4%B8%89%E5%86%A0%E7%8E%8B%E3%83%BB%E5%B1%B1%E7%94%B0%E5%93%B2%E4%BA%BA" n1="%43%68%65" n2="%72%69%6F%75%63%68%61%6E" n3="%E3%81%B2%E3%81%AA%E3%81%AE%E3%82%8A%E3%81%8F" dan="17,16,17,17" rate="2214.35,2137.93,2227.39,2179.74" sx="M,M,M,M"/><TAIKYOKU oya="0"/><INIT seed="0,0,0,1,4,39" ten="250,250,250,250" oya="0" hai0="51,130,15,14,98,109,112,20,4,19,83,117,78" hai1="41,123,128,31,27,129,120,49,110,106,37,35,32" hai2="36,95,12,59,68,53,94,73,28,79,9,62,86" hai3="113,65,42,40,91,60,26,43,18,33,96,90,99"/><T23/><D112/><U134/><E106/><V25/><F73/><W1/><G1/><T70/><D117/><U56/><E37/><V114/><F114/><W127/><G113/><T66/><D130/><N who="1" m="50283" /><E110/><V108/><F108/><W50/><G127/><T82/><D109/><U17/><E134/><V45/><F68/><W58/><G50/><T119/><D119/><U29/><E17/><V118/><F118/><W100/><G96/><T3/><D3/><U80/><E80/><V102/><F102/><W13/><G26/><T132/><D132/><U103/><E103/><V88/><F79/><W85/><G85/><T0/><D0/><U116/><E116/><V34/><F36/><W61/><G61/><T21/><D70/><U48/><E48/><V24/><F25/><W5/><G33/><N who="1" m="12874" /><E56/><V7/><REACH who="2" step="1"/><F45/><REACH who="2" ten="250,250,240,250" step="2"/><W84/><G84/><T63/><D78/><U115/><E115/><V44/><F44/><W22/><REACH who="3" step="1"/><G5/><REACH who="3" ten="250,250,240,240" step="2"/><T92/><D4/><U101/><E27/><V52/><F52/><W77/><G77/><T93/><D66/><U67/><E67/><V54/><F54/><W97/><G97/><T125/><D98/><U124/><E124/><V57/><F57/><W111/><G111/><T87/><D125/><U122/><E101/><V69/><F69/><W74/><G74/><T126/><D126/><U81/><E123/><V72/><F72/><W121/><G121/><T104/><D87/><U89/><E122/><V8/><F8/><W11/><G11/><T135/><D135/><U16/><E120/><V133/><F133/><W75/><G75/><T2/><D21/><RYUUKYOKU ba="0,2" sc="250,-15,250,-15,240,15,240,15" hai2="7,9,12,24,28,34,53,59,62,86,88,94,95" hai3="13,18,22,40,42,43,58,60,65,90,91,99,100" /><INIT seed="1,1,2,0,2,113" ten="235,235,255,255" oya="1" hai0="17,121,0,85,31,79,28,49,14,57,10,6,22" hai1="84,58,80,70,12,110,45,72,93,27,35,76,2" hai2="78,117,56,132,111,71,38,83,30,90,4,97,102" hai3="51,44,92,131,32,40,20,47,67,114,60,73,3"/><U5/><E70/><V120/><F117/><W65/><G114/><T8/><D121/><U101/><E2/><V53/><F111/><W109/><G32/><T74/><D74/><U68/><E68/><V81/><F120/><W95/><G109/><T59/><D79/><U130/><E110/><V46/><F71/><W13/><G73/><T9/><D85/><U16/><E130/><V107/><F132/><W94/><G3/><T19/><D59/><U105/><E45/><V52/><F30/><N who="0" m="11306" /><D49/><U116/><E35/><V89/><F4/><W77/><G77/><T112/><D57/><U134/><E27/><V63/><F83/><W127/><G131/><T119/><D112/><U115/><E5/><V88/><F38/><W50/><G127/><T36/><D36/><U100/><E115/><V55/><REACH who="2" step="1"/><F46/><REACH who="2" ten="235,235,245,255" step="2"/><W66/><G47/><T135/><D135/><U54/><E134/><V118/><F118/><W104/><G44/><T18/><D119/><U29/><E116/><V91/><N who="2" m="22528" /><DORA hai="26" /><V23/><F23/><W75/><G20/><N who="0" m="11319" /><D18/><U7/><E16/><V41/><F41/><W123/><G40/><T98/><D98/><U64/><E80/><V122/><F122/><W99/><G99/><T62/><D62/><U48/><E58/><V96/><F96/><W133/><G60/><T33/><D33/><U124/><E100/><V1/><F1/><W34/><G34/><T125/><D125/><U86/><E101/><V42/><F42/><W11/><G123/><T37/><D37/><U21/><E124/><V69/><F69/><W61/><G133/><T106/><D106/><RYUUKYOKU ba="1,3" sc="235,15,235,-15,245,15,255,-15" hai0="0,6,8,9,10,19,22" hai2="52,53,55,56,63,78,81,97,102,107" /><INIT seed="2,2,3,0,5,89" ten="250,220,260,240" oya="2" hai0="63,132,128,111,75,78,95,5,26,55,17,30,28" hai1="69,31,91,0,112,76,92,48,98,51,73,33,133" hai2="102,3,117,4,107,57,118,16,60,82,19,7,122" hai3="100,77,129,29,97,121,104,8,61,52,6,44,47"/><V114/><F114/><W35/><G121/><T67/><D111/><U80/><E112/><V113/><F113/><W71/><G129/><T93/><D128/><U34/><E69/><V54/><F122/><W2/><G77/><T42/><D5/><U124/><E0/><V72/><F107/><W68/><G68/><T38/><D55/><U130/><E130/><V105/><F105/><W41/><G41/><T56/><D17/><U106/><E133/><V131/><F131/><W135/><G135/><T94/><D132/><U62/><E124/><V86/><F72/><W120/><G120/><T74/><D78/><U50/><E31/><V20/><F102/><W99/><G99/><T23/><REACH who="0" step="1"/><D30/><REACH who="0" ten="240,220,260,240" step="2"/><U37/><E37/><V108/><F108/><W115/><G52/><T39/><D39/><U13/><E13/><N who="2" m="9231" /><F3/><W46/><G115/><T96/><D96/><U134/><E134/><V45/><F118/><W101/><G101/><T1/><D1/><U58/><REACH who="1" step="1"/><E106/><REACH who="1" ten="240,210,260,240" step="2"/><V24/><F117/><W43/><G29/><T81/><D81/><U70/><E70/><V127/><F127/><W79/><G71/><T18/><D18/><U53/><AGARI ba="2,5" hai="33,34,48,50,51,53,58,62,73,76,80,91,92,98" machi="53" ten="30,4000,0" yaku="1,1,0,1,52,1,53,0" doraHai="89" doraHaiUra="27" who="1" fromWho="1" sc="240,-12,210,96,260,-22,240,-12" /><INIT seed="3,0,0,4,4,23" ten="228,306,238,228" oya="3" hai0="18,101,83,5,48,21,135,98,29,119,12,26,92" hai1="61,130,40,106,4,6,59,112,47,51,25,84,103" hai2="132,134,52,131,8,72,53,73,44,127,78,121,32" hai3="96,24,86,0,79,111,34,60,37,85,81,108,30"/><W57/><G37/><T62/><D135/><N who="2" m="51754" /><F127/><W93/><G0/><T42/><D119/><U43/><E112/><V65/><F131/><W19/><G19/><T69/><D83/><U33/><E130/><V116/><F116/><W71/><G71/><T80/><D80/><U22/><E33/><V31/><F78/><W39/><G39/><T54/><D5/><N who="1" m="2155" /><E106/><V13/><F65/><W15/><G15/><T76/><D76/><U99/><E84/><V87/><F87/><W14/><G14/><T100/><D42/><N who="1" m="25079" /><E99/><V94/><F44/><W90/><REACH who="3" step="1"/><G85/><REACH who="3" ten="228,306,238,218" step="2"/><T75/><D75/><U27/><E27/><N who="2" m="18559" /><F121/><W7/><G7/><T11/><D69/><U82/><E82/><V1/><F1/><W67/><AGARI ba="0,1" hai="24,30,34,57,60,67,79,81,86,90,93,96,108,111" machi="67" ten="30,6000,0" yaku="1,1,0,1,52,1,53,0" doraHai="23" doraHaiUra="68" who="3" fromWho="3" sc="228,-20,306,-20,238,-20,218,70" /><INIT seed="3,1,0,5,3,56" ten="208,286,218,288" oya="3" hai0="31,110,102,111,50,36,78,108,65,120,11,86,76" hai1="39,28,127,63,27,32,72,85,119,69,15,74,58" hai2="70,71,12,29,80,24,64,16,133,105,61,17,94" hai3="25,26,21,95,34,5,115,114,117,59,33,131,116"/><W88/><G5/><T18/><D120/><U101/><E69/><V47/><F133/><W66/><G131/><T48/><D36/><U4/><E39/><V106/><F71/><W43/><G43/><T112/><D112/><U38/><E38/><V79/><F94/><W67/><G59/><T60/><D31/><U121/><E121/><V62/><F61/><W87/><G114/><T54/><D102/><U103/><E127/><V7/><F47/><W84/><G115/><T132/><D132/><U135/><E135/><V82/><F7/><W30/><G84/><T75/><D75/><U35/><E35/><V129/><F129/><W51/><G51/><N who="0" m="19499" /><D54/><U124/><E124/><V96/><F96/><W68/><G34/><T46/><D46/><U57/><E57/><V89/><F89/><W128/><G128/><T55/><D55/><U109/><E119/><V52/><F52/><W37/><G37/><T45/><D45/><U130/><E130/><V113/><F113/><W93/><G93/><T13/><D86/><U41/><E41/><V126/><F126/><W118/><REACH who="3" step="1"/><G68/><AGARI ba="1,0" hai="11,13,18,60,65,68,76,78,108,110,111" m="19499" machi="68" ten="30,2000,0" yaku="14,1,52,1" doraHai="56" who="0" fromWho="3" sc="208,23,286,0,218,0,288,-23" /><INIT seed="4,0,0,0,3,59" ten="231,286,218,265" oya="0" hai0="121,82,87,109,57,134,18,41,75,29,51,7,76" hai1="62,103,39,89,116,45,4,56,48,113,71,33,83" hai2="42,133,5,31,8,105,129,63,100,27,47,126,61" hai3="1,132,3,12,53,16,110,50,118,69,49,28,127"/><T46/><D121/><U13/><E116/><V73/><F73/><W36/><G36/><T6/><D134/><U107/><E33/><V91/><F133/><W80/><G69/><T26/><D109/><U14/><E39/><V44/><F126/><W17/><G110/><T10/><D75/><U9/><E71/><V35/><F129/><W58/><G118/><T102/><D102/><U20/><E113/><V74/><F74/><W0/><G132/><T88/><D76/><U84/><E107/><V95/><F100/><W119/><G119/><T15/><REACH who="0" step="1"/><D57/><REACH who="0" ten="221,286,218,265" step="2"/><U81/><E103/><V104/><F104/><W92/><G58/><T114/><D114/><U22/><E83/><V93/><F105/><W122/><G80/><T90/><D90/><U135/><E135/><V96/><F95/><W40/><G92/><T85/><D85/><U54/><E14/><V115/><F115/><W77/><G12/><T2/><D2/><U101/><E101/><V98/><F98/><W79/><G1/><T86/><D86/><U52/><AGARI ba="0,1" hai="4,9,13,20,22,45,48,52,54,56,62,81,84,89" machi="52" ten="20,8000,1" yaku="0,1,7,1,8,1,52,1,54,1" doraHai="59" who="1" fromWho="1" sc="221,-40,286,90,218,-20,265,-20" owari="181,-31.9,376,47.6,198,-20.2,245,4.5" /></mjloggm>