<mjloggm ver="2.3"><GO type="225" lobby="0"/><UN n0="%E3%81%8F%E3%81%BE%E3%81%96%E3%82%8F" n1="%E3%82%AD%E3%83%AA%E3%83%B3%E3%82%AD%E3%83%AA%E3%83%B3" n2="%E3%82%B5%E3%83%AB%E3%82%B7%E3%83%B3" n3="%6D%75%75%6D%75%72%61" dan="16,16,16,17" rate="2056.35,2155.60,2119.11,2216.29" sx="M,M,M,F"/><TAIKYOKU oya="0"/><INIT seed="0,0,0,0,3,64" ten="250,250,250,250" oya="0" hai0="79,38,32,129,88,107,37,81,123,127,13,19,28" hai1="97,100,66,45,9,121,48,103,27,49,18,39,57" hai2="52,119,44,135,102,128,65,22,95,20,86,116,2" hai3="6,43,51,92,75,26,77,91,105,99,0,10,87"/><T34/><D123/><U133/><E133/><V68/><F135/><W42/><G26/><T118/><D118/><N who="2" m="45098" /><F2/><W111/><G111/><T56/><D127/><U14/><E121/><V124/><F124/><W76/><G76/><T21/><D129/><U98/><E27/><V90/><F128/><W33/><G33/><T59/><D107/><U122/><E39/><V11/><F11/><W106/><G106/><T104/><D104/><U54/><E66/><V83/><F83/><N who="3" m="45503" /><G51/><T8/><D38/><U84/><E84/><V120/><F102/><AGARI ba="0,0" hai="0,6,10,42,43,87,91,92,99,102,105" m="45503" machi="102" ten="30,1000,0" yaku="24,1" doraHai="64" who="3" fromWho="2" sc="250,0,250,0,250,-10,250,10" /><INIT seed="1,0,0,0,0,23" ten="250,250,240,260" oya="1" hai0="27,40,106,62,79,71,66,118,109,17,83,24,30" hai1="88,46,12,102,133,68,43,18,35,25,11,127,41" hai2="108,113,114,131,121,54,33,20,19,98,31,5,51" hai3="97,103,28,122,93,96,44,50,129,14,53,115,49"/><U39/><E68/><V70/><F121/><W80/><G122/><T132/><D118/><U130/><E130/><V63/><F131/><W6/><G115/><N who="2" m="44041" /><F108/><W134/><G129/><T119/><D119/><U101/><E133/><V13/><F5/><W2/><G134/><T29/><D109/><U94/><E43/><V16/><F98/><W75/><G2/><T91/><D132/><U89/><E89/><V55/><F19/><W57/><G96/><T10/><D106/><U0/><E0/><V15/><F15/><W38/><G38/><T60/><D40/><U69/><E69/><V42/><F42/><W104/><G104/><T72/><D91/><U100/><E127/><V73/><F73/><W36/><G36/><T67/><D10/><U76/><E76/><V22/><F33/><W99/><G99/><T34/><D17/><U112/><E112/><V124/><F124/><W58/><G28/><T26/><D30/><U32/><REACH who="1" step="1"/><E25/><REACH who="1" ten="250,240,240,260" step="2"/><N who="2" m="16807" /><F51/><W116/><G49/><T48/><D48/><U81/><E81/><V61/><F70/><AGARI ba="0,1" hai="24,26,27,29,34,60,62,66,67,70,71,72,79,83" machi="70" ten="30,8000,1" yaku="7,1,9,1,52,3" doraHai="23" who="0" fromWho="2" sc="250,90,240,0,240,-80,260,0" /><INIT seed="2,0,0,3,1,40" ten="340,240,160,260" oya="2" hai0="50,124,67,21,58,1,80,54,93,135,37,60,78" hai1="44,12,7,25,47,48,68,96,103,61,22,30,106" hai2="10,125,69,100,89,27,104,118,84,130,114,129,102" hai3="91,131,14,11,72,94,38,62,86,127,20,9,66"/><V85/><F69/><W112/><G127/><T23/><D124/><U8/><REACH who="1" step="1"/><E48/><REACH who="1" ten="340,230,160,260" step="2"/><V108/><F125/><W35/><G112/><T111/><D50/><U36/><E36/><V39/><F39/><W31/><G38/><T128/><D37/><U49/><E49/><V0/><F114/><W73/><G73/><T87/><D111/><U15/><E15/><V63/><F108/><W5/><G72/><T2/><D1/><U132/><E132/><V97/><F118/><W29/><G14/><T24/><D2/><U88/><E88/><V122/><F122/><W51/><G91/><T33/><D135/><U65/><AGARI ba="0,1" hai="7,8,12,22,25,30,44,47,61,65,68,96,103,106" machi="65" ten="30,12000,2" yaku="21,2,0,1,52,2,53,1" doraHai="40" doraHaiUra="56" who="1" fromWho="1" sc="340,-30,230,130,160,-60,260,-30" /><INIT seed="3,0,0,2,2,87" ten="310,360,100,230" oya="3" hai0="89,12,46,62,24,60,120,58,79,9,77,25,105" hai1="98,41,57,73,30,33,111,51,31,65,3,22,28" hai2="17,133,19,95,34,132,35,6,45,0,5,4,126" hai3="52,122,96,123,40,88,116,78,103,75,37,49,44"/><W74/><G116/><T55/><D105/><U67/><E73/><V108/><F45/><W129/><G129/><T118/><D118/><U23/><E33/><N who="2" m="12299" /><F95/><W119/><G119/><T10/><D120/><U114/><E3/><V50/><F50/><W39/><G103/><T69/><D46/><U64/><E114/><V124/><F0/><W127/><G127/><N who="2" m="48681" /><F108/><W70/><G70/><T71/><D58/><U68/><E68/><V29/><F29/><W99/><G99/><T104/><D55/><N who="1" m="31999" /><E111/><V1/><F1/><W92/><G40/><T66/><D104/><U15/><E41/><V36/><F36/><W135/><G37/><T125/><D125/><U43/><E43/><V26/><F26/><W53/><G39/><T102/><D102/><U100/><E100/><V106/><F106/><W8/><G122/><T93/><D93/><U82/><E98/><V72/><F72/><W121/><G123/><T86/><D86/><U117/><E117/><V91/><F91/><W81/><G121/><T112/><D66/><U113/><E82/><V14/><F14/><W63/><G75/><T7/><D12/><U42/><E42/><V84/><F84/><W90/><G90/><T21/><D71/><U61/><E15/><V134/><AGARI ba="0,0" hai="4,5,6,17,19,132,133,134" m="48681,12299" machi="134" ten="50,12000,2" yaku="28,2,20,1,18,1,34,2" doraHai="87" who="2" fromWho="2" sc="310,-30,360,-30,100,120,230,-60" owari="280,8.0,330,43.0,220,-18.0,170,-33.0" /></mjloggm>