<mjloggm ver="2.3"><GO type="225" lobby="0"/><UN n0="%E3%81%B5%E3%81%98%E3%81%8B%E3%81%A4" n1="%77%72%77%72%77%72%77%72" n2="%6E%69%63%6F%6E%74%6F" n3="%E8%B1%86%59%E5%A4%AA%E9%83%8E" dan="16,17,16,16" rate="2188.91,2167.34,2122.66,2084.19" sx="M,M,M,M"/><TAIKYOKU oya="0"/><INIT seed="0,0,0,5,1,100" ten="250,250,250,250" oya="0" hai0="79,91,22,80,121,125,73,82,78,115,68,49,72" hai1="39,105,126,5,18,135,60,1,77,40,114,101,123" hai2="88,92,19,53,33,47,89,70,45,118,12,103,35" hai3="127,98,71,25,4,83,110,74,32,34,134,108,28"/><T59/><D68/><U116/><E116/><V112/><F112/><W111/><G4/><T24/><D115/><U93/><E114/><V102/><F70/><W23/><G134/><T66/><D121/><U62/><E123/><V129/><F129/><W8/><G8/><T50/><D125/><U109/><E126/><V65/><F65/><W94/><G71/><T0/><D0/><U99/><E135/><V46/><F118/><W15/><G15/><T90/><D50/><U86/><E109/><V54/><F35/><W131/><G131/><T104/><D104/><U75/><E18/><V52/><F33/><W16/><G28/><T81/><D81/><U42/><E5/><V57/><F57/><W85/><G74/><T44/><D59/><U29/><E29/><V17/><F17/><W11/><G11/><T87/><D66/><U9/><E9/><N who="2" m="6543" /><F89/><N who="3" m="55631" /><G127/><T3/><D3/><U63/><E39/><V10/><F10/><W27/><G27/><T51/><D87/><AGARI ba="0,0" hai="45,46,47,52,53,54,87,88,92,102,103" m="6543" machi="87" ten="30,3900,0" yaku="8,1,54,2" doraHai="100" who="2" fromWho="0" sc="250,-39,250,0,250,39,250,0" /><INIT seed="1,0,0,4,5,40" ten="211,250,289,250" oya="1" hai0="42,0,59,66,49,14,50,109,130,44,54,78,71" hai1="87,6,23,29,65,51,64,2,99,103,116,96,46" hai2="56,79,104,82,105,37,1,114,122,63,107,88,10" hai3="135,34,41,33,21,16,84,110,81,36,92,112,12"/><U73/><E116/><V75/><F122/><W62/><G112/><T93/><D0/><U4/><E73/><V26/><F114/><W27/><G135/><T53/><D78/><U74/><E74/><V95/><F26/><W121/><G110/><T30/><D30/><U70/><E70/><V25/><F25/><W68/><G92/><T80/><D80/><U131/><E131/><V106/><F37/><W45/><G121/><T120/><D120/><U102/><E2/><V31/><F31/><W128/><G128/><T17/><D109/><U20/><E87/><V83/><F83/><W111/><G111/><T133/><D130/><U38/><E29/><V100/><F1/><W108/><G27/><T119/><D119/><U11/><E11/><V134/><F10/><W91/><REACH who="3" step="1"/><G108/><REACH who="3" ten="211,250,289,240" step="2"/><T124/><D133/><U76/><E103/><V94/><F134/><W43/><G43/><T72/><D93/><U28/><E102/><V5/><F95/><W22/><G22/><T19/><D42/><U89/><E23/><V115/><F100/><W85/><G85/><T9/><D72/><U125/><E20/><V90/><F115/><W127/><G127/><T58/><D124/><U13/><E125/><V57/><F94/><W129/><G129/><T32/><D32/><U117/><E117/><V24/><F107/><W132/><G132/><T52/><D9/><U97/><E97/><V113/><F106/><W123/><G123/><T48/><D14/><U55/><E99/><V118/><F105/><W35/><G35/><T86/><D86/><U47/><E96/><V39/><F104/><RYUUKYOKU ba="0,1" sc="211,15,250,-15,289,-15,240,15" hai0="17,19,44,48,49,50,52,53,54,58,59,66,71" hai3="12,16,21,33,34,36,41,45,62,68,81,84,91" /><INIT seed="2,1,1,5,0,135" ten="226,235,274,255" oya="2" hai0="55,85,7,96,40,38,5,124,61,20,41,103,70" hai1="36,8,58,114,105,43,24,113,82,133,53,31,48" hai2="73,95,45,104,134,78,121,18,116,27,60,13,123" hai3="119,132,93,19,54,44,16,86,25,9,80,39,89"/><V77/><F116/><W90/><G119/><T81/><D124/><U83/><E105/><V14/><F104/><W34/><G132/><T10/><D70/><U22/><E133/><V92/><F134/><W111/><G111/><T0/><D5/><U59/><E8/><V109/><F60/><W52/><G34/><T23/><D61/><U15/><E15/><V46/><F27/><W129/><G129/><T97/><D97/><U110/><E110/><V69/><F69/><W75/><G39/><T66/><D66/><U4/><E4/><V28/><F28/><W17/><G44/><T32/><D32/><U12/><E12/><V33/><F33/><W67/><G67/><T51/><D38/><U125/><E125/><V26/><F26/><W115/><G115/><T63/><D63/><U117/><E117/><V91/><F91/><W126/><G126/><T87/><D87/><U35/><E35/><V71/><F71/><W56/><G75/><T94/><D40/><U47/><REACH who="1" step="1"/><E59/><REACH who="1" ten="226,225,274,255" step="2"/><V64/><F109/><W127/><G127/><T21/><D41/><U1/><E1/><V57/><F57/><W76/><G56/><N who="0" m="32895" /><D23/><U112/><AGARI ba="1,2" hai="22,24,31,36,43,47,48,53,58,82,83,112,113,114" machi="112" ten="30,2000,0" yaku="1,1,0,1,53,0" doraHai="135" doraHaiUra="99" who="1" fromWho="1" sc="226,-6,225,43,274,-11,255,-6" /><INIT seed="3,0,0,1,4,82" ten="220,268,263,249" oya="3" hai0="68,37,56,19,52,86,49,34,61,71,131,124,11" hai1="31,99,125,83,112,76,5,80,59,55,132,96,41" hai2="14,12,117,16,115,103,45,25,119,38,7,98,62" hai3="53,134,54,32,122,29,64,73,1,58,127,84,89"/><W72/><G1/><T63/><D34/><U23/><E112/><V42/><F115/><W48/><G122/><T0/><D124/><U18/><E125/><V106/><F25/><W88/><G64/><T133/><D133/><U17/><E5/><V135/><F135/><W67/><G67/><T27/><D37/><U97/><E41/><V57/><F7/><W101/><G101/><T128/><D0/><U2/><E2/><V4/><F14/><W39/><G39/><T113/><D113/><U69/><E69/><V51/><F38/><W108/><G108/><T9/><D71/><U111/><E111/><V100/><F4/><W30/><G32/><T28/><D68/><U74/><E83/><V75/><F75/><W33/><G33/><N who="0" m="20639" /><D86/><U105/><E105/><V10/><REACH who="2" step="1"/><F103/><REACH who="2" ten="220,268,253,249" step="2"/><W50/><G134/><T109/><D109/><U60/><E132/><V93/><F93/><W13/><G13/><N who="0" m="7599" /><D11/><U46/><E74/><V40/><F40/><W123/><G127/><T77/><D131/><U129/><E129/><V90/><F90/><W95/><G89/><T47/><D128/><U26/><E76/><V22/><F22/><W107/><G107/><T15/><D15/><U92/><E92/><V24/><F24/><W35/><G73/><T81/><D77/><U65/><E80/><V79/><F79/><W85/><G72/><T91/><D91/><U104/><E104/><V126/><F126/><W94/><G35/><T102/><D102/><U20/><E20/><V110/><F110/><W21/><G21/><T118/><D81/><U114/><E114/><V116/><F116/><RYUUKYOKU ba="0,1" sc="220,-15,268,15,253,15,249,-15" hai1="17,18,23,26,31,46,55,59,60,65,96,97,99" hai2="10,12,16,42,45,51,57,62,98,100,106,117,119" /><INIT seed="4,1,1,3,1,7" ten="205,283,268,234" oya="0" hai0="103,122,131,22,63,64,80,84,133,78,92,19,51" hai1="15,14,83,104,90,34,43,27,89,55,21,88,68" hai2="71,93,79,67,56,44,39,48,95,41,9,17,69" hai3="106,12,112,4,76,72,28,127,116,77,130,115,30"/><T0/><D122/><U74/><E104/><V57/><F79/><N who="3" m="30283" /><G72/><T126/><D126/><U81/><E34/><V135/><F135/><W36/><G106/><T60/><D133/><U119/><E119/><V101/><F101/><W52/><G116/><T29/><D131/><U97/><E68/><V125/><F125/><W13/><G36/><T23/><D0/><U42/><E97/><V47/><F71/><W113/><G127/><T134/><D134/><U99/><E99/><V38/><F38/><W35/><G35/><T120/><D120/><U132/><E55/><N who="2" m="31847" /><F57/><W98/><G98/><N who="0" m="59847" /><D64/><U118/><E118/><V108/><F47/><W85/><G85/><T16/><D51/><U102/><E102/><V20/><F20/><N who="0" m="7722" /><D29/><N who="3" m="11369" /><G130/><T1/><D1/><U46/><E74/><V31/><F31/><W87/><G87/><T40/><D40/><U24/><E132/><V105/><F105/><W65/><G65/><T75/><D75/><U3/><E3/><V45/><F45/><W32/><G32/><T70/><D70/><U121/><E46/><V54/><F67/><W109/><G109/><T10/><D19/><N who="1" m="12351" /><E121/><V62/><F108/><W37/><G37/><T117/><D117/><U53/><E27/><V2/><F2/><W33/><G33/><T111/><D111/><U86/><E53/><V100/><F54/><W59/><G4/><T110/><D110/><U94/><E43/><V107/><F107/><W25/><G25/><T123/><D123/><U66/><E42/><V114/><F100/><W124/><G124/><T82/><D80/><N who="1" m="30795" /><E66/><V5/><F41/><W18/><G18/><RYUUKYOKU ba="1,1" sc="205,10,283,10,268,-30,234,10" hai0="10,16,60,63,78,82,84" hai1="14,15,86,88,89,90,94" hai3="12,13,52,59,112,113,115" /><INIT seed="4,2,1,3,4,109" ten="215,293,238,244" oya="0" hai0="133,33,70,3,22,110,100,32,13,49,57,118,20" hai1="135,38,65,31,79,1,6,58,97,42,48,99,96" hai2="120,121,81,127,132,103,7,114,44,47,12,107,10" hai3="72,77,51,30,39,18,16,61,40,17,67,134,80"/><T131/><D118/><U94/><E38/><V24/><F114/><W71/><G134/><T124/><D110/><U0/><E135/><V23/><F127/><W105/><G105/><T115/><D133/><U37/><E37/><V76/><F132/><W95/><G30/><T129/><D70/><U113/><E113/><V21/><F103/><W116/><G116/><T112/><D100/><U69/><E69/><V11/><F107/><W92/><G39/><T14/><D49/><U85/><E31/><V90/><F90/><W74/><G72/><T4/><D57/><U87/><E1/><V89/><F89/><W83/><G80/><T56/><D56/><U34/><E34/><V50/><F23/><N who="0" m="8746" /><D124/><U63/><E6/><V122/><F11/><W29/><G29/><T19/><D3/><U26/><E26/><V111/><F111/><W28/><G28/><T62/><D62/><U55/><E42/><V123/><F123/><W86/><G74/><T54/><D54/><U5/><E5/><V125/><F125/><W27/><G27/><T130/><D4/><U104/><E0/><V9/><F9/><W78/><G78/><T68/><D68/><N who="1" m="42047" /><E79/><V84/><REACH who="2" step="1"/><F50/><REACH who="2" ten="215,293,228,244" step="2"/><W98/><G98/><T88/><D88/><N who="1" m="53519" /><E104/><V35/><F35/><N who="0" m="13386" /><D14/><U25/><E99/><V8/><F8/><AGARI ba="2,2" hai="8,13,19,112,115,129,130,131" m="13386,8746" machi="8" ten="40,12000,1" yaku="19,1,34,2,52,2" doraHai="109" who="0" fromWho="2" sc="215,146,293,0,228,-126,244,0" owari="361,46.1,293,9.3,102,-39.8,244,-15.6" /></mjloggm>