<mjloggm ver="2.3"><GO type="225" lobby="0"/><UN n0="%E3%81%86%E3%82%8C%E3%81%9F%E3%82%93%E6%9E%95" n1="%E6%A1%9C%E8%8A%B1%E9%96%83%E3%80%85" n2="%E4%B9%9D%E7%B4%8B%E9%BE%8D%E5%8F%B2%E9%80%B2" n3="%E7%AD%89%E3%80%85%E5%8A%9B%E5%8A%87%E5%A0%B4" dan="16,17,17,16" rate="2073.80,2143.90,2156.79,2147.72" sx="F,M,M,M"/><TAIKYOKU oya="0"/><INIT seed="0,0,0,4,2,106" ten="250,250,250,250" oya="0" hai0="85,36,63,115,58,119,79,51,72,40,108,3,62" hai1="114,21,26,9,83,120,53,5,80,22,29,73,42" hai2="67,32,103,128,14,0,27,43,64,54,18,20,91" hai3="96,82,1,24,104,117,86,81,78,126,25,105,109"/><T8/><D115/><U121/><E114/><V70/><F128/><W98/><G1/><T99/><D119/><U13/><E42/><V44/><F0/><W132/><G117/><T127/><D127/><U39/><E39/><V76/><F70/><W17/><G17/><T47/><D108/><U57/><E22/><V2/><F2/><W88/><G24/><T123/><D123/><U10/><E10/><V7/><F103/><W49/><G25/><T50/><D99/><N who="3" m="37929" /><G49/><N who="0" m="18443" /><D85/><U93/><E93/><V11/><F32/><W100/><G132/><T37/><D58/><U52/><E83/><V113/><F54/><W12/><G12/><T65/><D65/><U110/><E110/><V77/><F113/><W28/><G28/><T129/><D129/><U38/><E38/><V111/><F111/><W112/><G109/><T75/><D75/><U90/><E90/><V101/><F101/><W134/><G112/><T15/><D15/><U94/><E94/><V61/><F91/><W19/><G19/><T135/><D135/><U33/><E33/><V69/><F64/><W4/><G4/><N who="0" m="1055" /><D37/><AGARI ba="0,0" hai="7,11,14,18,20,27,37,43,44,61,67,69,76,77" machi="37" ten="30,1000,0" yaku="7,1" doraHai="106" who="2" fromWho="0" sc="250,-10,250,0,250,10,250,0" /><INIT seed="1,0,0,1,5,104" ten="240,250,260,250" oya="1" hai0="61,103,5,112,110,87,126,89,75,53,22,35,134" hai1="4,99,29,60,13,39,33,92,71,125,40,62,74" hai2="83,129,48,124,28,130,21,44,127,11,27,18,30" hai3="16,100,10,59,101,12,67,64,88,54,42,91,45"/><U121/><E121/><V55/><F83/><W47/><G67/><T85/><D112/><U65/><E125/><N who="2" m="48203" /><F11/><W133/><G64/><T94/><D126/><U2/><E2/><V117/><F117/><W7/><G133/><T131/><D35/><U15/><E62/><V31/><AGARI ba="0,0" hai="18,21,27,28,30,31,44,48,55,129,130" m="48203" machi="31" ten="40,1500,0" yaku="18,1" doraHai="104" who="2" fromWho="2" sc="240,-4,250,-7,260,15,250,-4" /><INIT seed="2,0,0,3,0,121" ten="236,243,275,246" oya="2" hai0="99,9,36,122,30,126,128,33,79,35,57,29,6" hai1="68,123,32,114,73,19,113,52,18,0,49,65,72" hai2="110,132,39,135,111,14,77,101,108,61,34,98,102" hai3="1,7,45,124,12,40,130,82,27,91,5,31,74"/><V117/><F117/><W107/><G107/><T13/><D36/><U43/><E32/><N who="0" m="12361" /><D57/><U16/><E0/><V58/><F34/><W134/><G1/><N who="0" m="207" /><D99/><U104/><E104/><V59/><F39/><W115/><G134/><N who="2" m="51241" /><F14/><W28/><G130/><T84/><D84/><U8/><E8/><V66/><F77/><W105/><G124/><T54/><D54/><U11/><E11/><V76/><F76/><W26/><G115/><T25/><D79/><U50/><E123/><V47/><F47/><W88/><G105/><T131/><D122/><U95/><E95/><N who="2" m="58591" /><F102/><W69/><G45/><T48/><D48/><U97/><E50/><V129/><F129/><N who="0" m="49738" /><D126/><U94/><E43/><V24/><F24/><W22/><G40/><T80/><D80/><U87/><E73/><V96/><F96/><W70/><G74/><T60/><D60/><U20/><E72/><V71/><AGARI ba="0,0" hai="58,59,61,66,71,108,110,111" m="58591,51241" machi="71" ten="40,18000,2" yaku="14,1,10,1,20,1,52,3" doraHai="121" who="2" fromWho="2" sc="236,-60,243,-60,275,180,246,-60" /><INIT seed="2,1,0,5,2,123" ten="176,183,455,186" oya="2" hai0="121,31,110,12,10,5,92,39,37,118,23,62,135" hai1="114,36,43,34,134,122,73,124,127,0,132,91,129" hai2="45,89,59,86,117,130,104,32,14,35,65,29,25" hai3="19,26,13,81,56,112,80,77,67,72,41,128,66"/><V55/><F117/><W24/><G128/><T4/><D121/><U133/><E122/><V40/><F104/><W99/><G112/><T71/><D118/><U70/><E114/><V68/><F14/><W46/><G99/><T94/><D135/><U21/><E34/><V100/><F100/><W84/><G67/><T33/><D33/><U126/><E70/><V97/><F97/><W49/><G66/><T105/><D105/><U28/><E0/><V38/><F65/><W87/><G56/><T6/><D71/><U44/><E73/><V54/><F54/><W111/><G72/><T7/><D62/><U16/><E28/><V2/><F2/><W69/><G111/><T83/><D110/><U63/><E63/><V15/><F15/><W82/><G69/><T90/><D83/><U11/><E11/><V8/><F8/><W131/><G131/><T42/><D42/><U102/><E102/><V58/><F58/><W103/><G103/><T27/><REACH who="0" step="1"/><D92/><REACH who="0" ten="166,183,455,186" step="2"/><U9/><E129/><V78/><F68/><W1/><G81/><T79/><D79/><U106/><E106/><V47/><F78/><W30/><G82/><T119/><D119/><U22/><E91/><V17/><F40/><W57/><G80/><T93/><D93/><U113/><E113/><V76/><F76/><W109/><G77/><T61/><D61/><U74/><E74/><V60/><F35/><W52/><G109/><T20/><D20/><N who="1" m="7787" /><E134/><V18/><F89/><W51/><G41/><T50/><D50/><U125/><E125/><V98/><F32/><N who="3" m="20551" /><G51/><T85/><AGARI ba="1,1" hai="4,5,6,7,10,12,23,27,31,37,39,85,90,94" machi="85" ten="30,12000,2" yaku="1,1,0,1,53,4" doraHai="123" doraHaiUra="3" who="0" fromWho="0" sc="166,133,183,-31,455,-61,186,-31" /><INIT seed="3,0,0,4,5,108" ten="299,152,394,155" oya="3" hai0="8,84,2,98,47,124,63,7,83,106,1,93,21" hai1="28,103,61,122,50,56,53,133,78,116,134,41,79" hai2="129,15,80,62,99,33,48,68,55,101,39,111,100" hai3="37,42,25,107,18,109,114,29,43,5,75,36,113"/><W19/><G107/><T4/><D106/><U86/><E122/><V11/><F39/><W0/><G75/><T66/><D124/><U23/><E116/><V24/><F111/><W6/><G25/><T102/><D21/><U118/><E118/><V70/><F101/><W125/><G0/><T85/><D47/><N who="1" m="25967" /><E103/><V10/><F80/><W77/><G77/><N who="1" m="29194" /><E86/><V126/><F129/><W127/><G29/><T73/><D63/><U81/><E81/><V112/><F62/><W51/><G51/><T117/><D8/><U132/><E23/><V13/><F24/><W65/><G65/><T67/><D4/><U105/><E105/><V92/><F13/><W69/><G109/><T52/><D52/><U135/><N who="1" m="33792" /><DORA hai="9" /><U59/><E59/><V121/><F121/><W128/><G69/><T12/><D85/><U120/><E120/><V74/><F70/><W16/><G19/><T94/><D84/><U32/><E28/><V96/><F74/><W87/><G87/><T34/><D83/><U131/><E32/><V14/><F33/><W3/><G3/><T130/><D34/><U20/><E20/><V22/><F14/><W119/><G119/><T123/><D12/><U38/><E38/><V89/><F22/><W57/><G57/><T27/><D1/><U90/><E90/><V64/><F68/><W82/><G82/><T31/><D2/><U115/><E131/><AGARI ba="0,0" hai="5,6,16,18,36,37,42,43,113,114,125,127,128,131" machi="131" ten="25,12000,1" yaku="22,2,52,2,54,1" doraHai="108,9" who="3" fromWho="1" sc="299,0,152,-120,394,0,155,120" /><INIT seed="3,1,0,5,2,49" ten="299,32,394,275" oya="3" hai0="45,76,26,16,19,78,3,27,99,10,21,85,72" hai1="6,122,125,43,115,116,47,100,8,35,106,102,58" hai2="46,62,32,74,34,81,127,128,91,31,96,120,29" hai3="0,39,56,129,66,103,75,18,109,22,36,25,65"/><W121/><BYE who="1" /><G121/><T63/><D72/><U98/><E98/><V84/><F120/><W117/><G117/><T17/><D3/><U57/><E57/><V44/><F74/><W30/><G0/><T79/><D63/><U107/><E107/><V38/><F128/><W73/><G73/><T92/><D45/><U114/><E114/><V131/><F131/><W51/><G129/><T54/><D54/><U77/><E77/><V123/><F127/><W23/><G75/><T24/><D85/><U40/><E40/><V69/><F123/><W112/><G112/><T11/><D21/><U37/><E37/><V7/><F7/><W52/><G109/><T104/><D104/><U70/><E70/><V97/><F62/><W88/><G103/><AGARI ba="1,0" hai="10,11,16,17,19,24,26,27,76,78,79,92,99,103" machi="103" ten="50,8000,1" yaku="29,2,8,1,54,1" doraHai="49" who="0" fromWho="3" sc="299,83,32,0,394,0,275,-83" owari="382,18.2,32,-46.8,394,49.4,192,-20.8" /></mjloggm>