<mjloggm ver="2.3"><GO type="225" lobby="0"/><UN n0="%E9%89%A2%E5%B7%BB%E3%82%AC%E3%83%96" n1="%E7%AD%89%E3%80%85%E5%8A%9B%E5%8A%87%E5%A0%B4" n2="%E3%81%AF%E3%82%88%E3%81%8A%E3%81%98%E3%81%95%E3%82%93" n3="%72%61%6B%33" dan="16,16,17,18" rate="2055.04,2136.65,2220.48,2245.94" sx="M,M,M,M"/><TAIKYOKU oya="0"/><INIT seed="0,0,0,3,2,52" ten="250,250,250,250" oya="0" hai0="78,89,20,28,108,72,68,132,129,112,36,79,109" hai1="43,131,39,61,85,29,95,106,123,120,134,70,57" hai2="22,93,23,41,127,51,47,81,103,80,55,15,14" hai3="97,100,76,86,125,31,3,98,66,104,26,25,115"/><T121/><D68/><U6/><E106/><V49/><F127/><W35/><G125/><T54/><D36/><U34/><E70/><V40/><F55/><W122/><G115/><T102/><D112/><U84/><E134/><V10/><F93/><W30/><G122/><T16/><D121/><U17/><E131/><V77/><F103/><W107/><G3/><T124/><D124/><U56/><E6/><V53/><F53/><W67/><G86/><T96/><D132/><U135/><E135/><V118/><F118/><W18/><G18/><T2/><D2/><U9/><E85/><V27/><F27/><W24/><G76/><T71/><D28/><U73/><E73/><V5/><F77/><W87/><G87/><T44/><D71/><U82/><E95/><V92/><F92/><W62/><G62/><T48/><D89/><U113/><E61/><V11/><REACH who="2" step="1"/><F5/><REACH who="2" ten="250,250,240,250" step="2"/><W58/><G26/><N who="0" m="14599" /><D129/><U99/><E123/><V65/><F65/><W4/><G4/><T19/><D72/><U88/><E120/><V110/><F110/><N who="0" m="42602" /><D19/><U116/><E17/><V91/><F91/><W12/><G100/><T101/><D101/><U46/><E88/><V7/><F7/><W69/><G35/><T111/><D111/><U126/><E34/><V0/><F0/><W74/><G107/><AGARI ba="0,1" hai="44,48,54,78,79,96,102,107" m="42602,14599" machi="107" ten="30,5800,0" yaku="14,1,10,1,54,1" doraHai="52" who="0" fromWho="3" sc="250,68,250,0,240,0,250,-58" /><INIT seed="0,1,0,2,2,44" ten="318,250,240,192" oya="0" hai0="133,50,116,107,35,15,135,86,20,22,91,19,36" hai1="103,124,90,61,38,23,30,54,79,37,28,104,120" hai2="47,57,72,132,41,98,29,101,123,56,43,12,49" hai3="25,106,88,125,129,59,4,51,80,92,5,42,97"/><T82/><D116/><U100/><E120/><V39/><F123/><W64/><G125/><T69/><D35/><U122/><E122/><V78/><F132/><N who="0" m="50762" /><D36/><U65/><E124/><V89/><F89/><W76/><G129/><T1/><D1/><U96/><E79/><V58/><F29/><W60/><G106/><T109/><D107/><U45/><E103/><V9/><F78/><W27/><G4/><T33/><D33/><U2/><E2/><V34/><F72/><W13/><G5/><T10/><D69/><U83/><E37/><V17/><F34/><W99/><G99/><T114/><D114/><U121/><E121/><V0/><F0/><W77/><G13/><T117/><D117/><U111/><E38/><V53/><REACH who="2" step="1"/><F39/><REACH who="2" ten="318,250,230,192" step="2"/><W32/><G32/><T94/><D109/><U119/><E111/><V62/><F62/><W93/><G77/><N who="0" m="46415" /><D50/><U48/><E48/><V112/><F112/><W16/><G51/><T95/><D95/><AGARI ba="1,1" hai="9,12,17,41,43,47,49,53,56,57,58,95,98,101" machi="95" ten="40,5200,0" yaku="1,1,8,1,52,1,53,0" doraHai="44" doraHaiUra="108" who="2" fromWho="0" sc="318,-55,250,0,230,65,192,0" /><INIT seed="1,0,0,4,1,67" ten="263,250,295,192" oya="1" hai0="61,12,25,23,133,70,69,119,62,105,19,24,54" hai1="39,7,52,60,103,83,11,96,123,3,85,5,53" hai2="86,36,74,34,118,84,38,1,47,43,20,79,29" hai3="10,57,45,127,91,106,72,56,31,2,122,126,80"/><U120/><E39/><V81/><F118/><W28/><G106/><T32/><D119/><U82/><E7/><V64/><F36/><W9/><G45/><T99/><D133/><U130/><E130/><V128/><F128/><W89/><G80/><T48/><D61/><U46/><E83/><V87/><F64/><W104/><G104/><T129/><D62/><U17/><E17/><V101/><F101/><W125/><G72/><T27/><D32/><U107/><E53/><V21/><F1/><W92/><G92/><T134/><D134/><U66/><E46/><V16/><F20/><W44/><G44/><T132/><D132/><U78/><REACH who="1" step="1"/><E52/><REACH who="1" ten="263,240,295,192" step="2"/><V124/><F16/><W75/><G127/><T6/><D129/><U116/><E116/><V100/><F124/><W114/><G126/><T18/><D19/><U88/><E88/><V22/><F100/><W49/><G91/><T97/><D6/><U63/><E63/><V110/><F110/><W13/><G89/><T33/><D54/><U117/><E117/><V35/><F29/><W112/><G28/><T93/><D48/><U90/><E90/><V8/><F8/><W4/><G10/><T111/><D111/><U55/><E55/><V41/><F43/><W77/><G9/><T71/><D24/><U94/><E94/><V65/><F47/><W135/><G125/><T121/><D27/><U58/><AGARI ba="0,1" hai="3,5,11,58,60,66,78,82,85,96,103,107,120,123" machi="58" ten="20,3900,0" yaku="1,1,0,1,7,1,53,0" doraHai="67" doraHaiUra="15" who="1" fromWho="1" sc="263,-13,240,49,295,-13,192,-13" /><INIT seed="1,1,0,1,4,46" ten="250,289,282,179" oya="1" hai0="38,28,91,113,49,90,18,126,135,107,93,47,14" hai1="100,24,43,39,11,6,103,54,19,23,87,66,129" hai2="85,33,117,99,77,122,125,21,118,1,57,74,116" hai3="104,133,2,35,34,42,16,25,65,64,7,92,105"/><U67/><E129/><V68/><F33/><W3/><G42/><T4/><D113/><U82/><E43/><V45/><F68/><W63/><G92/><T29/><D126/><U40/><E40/><V5/><F122/><W61/><G7/><T101/><D135/><U83/><E39/><V78/><F74/><W110/><G25/><T50/><D4/><U70/><E83/><V55/><F125/><W119/><G133/><T115/><D115/><U94/><E70/><V89/><F45/><W95/><G95/><T96/><D38/><U108/><E108/><V27/><F99/><W31/><G31/><N who="0" m="11851" /><D107/><U72/><E72/><V9/><F21/><W106/><G106/><T73/><D73/><U134/><E134/><V26/><F27/><W79/><G79/><T123/><D47/><U71/><E71/><V84/><F26/><W97/><G97/><T124/><D123/><U102/><E94/><V80/><REACH who="2" step="1"/><F85/><REACH who="2" ten="250,289,272,179" step="2"/><W75/><G75/><T30/><D124/><U76/><REACH who="1" step="1"/><E54/><REACH who="1" ten="250,279,272,179" step="2"/><V22/><F22/><W36/><G36/><T127/><D127/><U81/><E81/><V44/><F44/><W130/><G34/><T59/><D59/><U20/><E20/><V88/><F88/><N who="0" m="33834" /><D30/><U128/><E128/><V0/><F0/><AGARI ba="1,2" hai="0,6,11,19,23,24,66,67,76,82,87,100,102,103" machi="0" ten="40,3900,0" yaku="1,1,53,1" doraHai="46" doraHaiUra="13" who="1" fromWho="2" sc="250,0,279,62,272,-42,179,0" /><INIT seed="1,2,0,4,4,119" ten="250,341,230,179" oya="1" hai0="79,131,15,102,14,121,55,35,25,126,125,41,48" hai1="83,16,56,101,10,98,77,19,104,49,91,63,115" hai2="88,5,40,86,134,27,133,23,109,100,107,31,60" hai3="13,18,3,50,74,8,0,75,20,22,21,37,11"/><U94/><E115/><V110/><F40/><W105/><G105/><T73/><D131/><U114/><E114/><V95/><F5/><W32/><G50/><T112/><D112/><U123/><E123/><V117/><F117/><W76/><G76/><T72/><D41/><U34/><E34/><V12/><F12/><N who="0" m="4650" /><D102/><U68/><E68/><V128/><F128/><W92/><G92/><T54/><D79/><U52/><E10/><V93/><F107/><W61/><G61/><T127/><D121/><U59/><E101/><V9/><F9/><W30/><G37/><T113/><D113/><U103/><E103/><V120/><F120/><W46/><G46/><N who="0" m="27927" /><D55/><U116/><E104/><V78/><F78/><W89/><G89/><T47/><D47/><U6/><E6/><V38/><F38/><W108/><G108/><N who="2" m="41577" /><F60/><W118/><G118/><T69/><D69/><U44/><E116/><V84/><F84/><W129/><G129/><T42/><D42/><U96/><E96/><AGARI ba="2,0" hai="23,27,31,86,88,93,95,96,100,133,134" m="41577" machi="96" ten="30,2000,0" yaku="14,1,54,1" doraHai="119" who="2" fromWho="1" sc="250,0,341,-26,230,26,179,0" /><INIT seed="2,0,0,2,5,78" ten="250,315,256,179" oya="2" hai0="103,111,47,5,31,8,0,92,132,65,119,127,97" hai1="105,134,6,100,93,20,16,99,44,45,107,89,41" hai2="32,49,61,12,124,121,24,85,106,56,19,43,54" hai3="33,79,80,128,68,120,96,102,72,26,116,122,14"/><V37/><F121/><W51/><G116/><T42/><D111/><U1/><E134/><V125/><F106/><W130/><G14/><T87/><D132/><U114/><E114/><V4/><F37/><W23/><G51/><T81/><D127/><N who="2" m="48714" /><F4/><W131/><G68/><T82/><D119/><U57/><E107/><V29/><F85/><W39/><G39/><T110/><D110/><U50/><E6/><V98/><F98/><W117/><G117/><T77/><D65/><U83/><E1/><V2/><F2/><W10/><G10/><T63/><D63/><U86/><E105/><V126/><N who="2" m="48722" /><V76/><DORA hai="52" /><F76/><W7/><G7/><T66/><D66/><U36/><E36/><V108/><F108/><W25/><G33/><T21/><D87/><U55/><E41/><V115/><F115/><W15/><G15/><AGARI ba="0,0" hai="15,16,20,44,45,50,55,57,83,86,89,93,99,100" machi="15" ten="30,8000,1" yaku="7,1,8,1,52,2,54,1" doraHai="78,52" who="1" fromWho="3" sc="250,0,315,80,256,0,179,-80" /><INIT seed="3,0,0,2,3,118" ten="250,395,256,99" oya="3" hai0="20,131,83,107,40,17,25,114,0,95,43,96,82" hai1="85,19,70,128,29,102,80,71,76,67,46,101,56" hai2="66,58,78,2,91,120,15,69,33,28,113,37,23" hai3="10,100,18,26,74,57,7,92,14,130,122,108,47"/><W65/><G74/><T64/><D0/><U61/><E128/><V4/><F113/><W123/><G130/><T133/><D131/><U121/><E121/><V32/><F120/><W124/><G124/><T45/><D107/><U116/><E116/><V50/><F37/><W44/><G108/><T21/><D133/><U73/><E29/><V94/><F78/><W63/><G47/><T34/><D34/><U88/><E19/><V62/><F2/><W51/><G100/><T11/><D64/><U27/><E27/><V24/><F4/><W117/><G117/><T9/><D114/><U129/><E129/><V5/><F5/><W60/><G60/><T22/><D25/><U54/><E46/><V84/><F15/><W87/><G92/><T35/><D35/><U38/><E38/><V59/><F69/><W99/><G99/><T93/><D93/><U104/><E104/><V68/><F68/><W109/><G87/><T97/><D97/><U79/><E79/><V135/><F135/><W6/><G109/><T126/><D126/><U36/><E36/><V3/><F3/><W89/><G89/><N who="0" m="55407" /><D17/><U1/><E1/><V31/><F28/><W49/><G49/><N who="0" m="26791" /><D43/><U77/><E77/><V53/><AGARI ba="0,0" hai="23,24,31,32,33,50,53,58,59,62,66,84,91,94" machi="53" ten="30,1100,0" yaku="0,1" doraHai="118" who="2" fromWho="2" sc="250,-3,395,-3,256,11,99,-5" owari="247,-15.3,392,49.2,267,6.7,94,-40.6" /></mjloggm>