<mjloggm ver="2.3"><GO type="225" lobby="0"/><UN n0="%E5%B8%86%E7%AB%8B%E5%A4%8F%E8%A1%A3" n1="%E3%81%B5%E3%81%98%E3%81%8B%E3%81%A4" n2="%77%72%77%72%77%72%77%72" n3="%E8%BE%9B%E5%8F%A3%E3%82%AB%E3%83%AC%E3%83%BC%E3%83%A9%E3%82%A4%E3%82%B9" dan="16,16,16,17" rate="2092.14,2118.76,2264.33,2219.81" sx="M,M,M,M"/><TAIKYOKU oya="0"/><INIT seed="0,0,0,5,1,11" ten="250,250,250,250" oya="0" hai0="8,60,70,37,62,110,22,23,49,16,47,93,28" hai1="67,76,5,116,118,41,122,40,51,89,123,34,53" hai2="57,128,65,126,43,7,35,20,69,31,25,97,95" hai3="115,112,66,72,17,44,130,6,91,33,55,39,73"/><T32/><D37/><U38/><E34/><V29/><F128/><W98/><G33/><T131/><D131/><U125/><E76/><V120/><F120/><N who="1" m="46121" /><E89/><V2/><F126/><W1/><G130/><T45/><D110/><U71/><E5/><V9/><F43/><N who="1" m="16457" /><E38/><V134/><F134/><W83/><G39/><T42/><D47/><N who="1" m="27903" /><E125/><V30/><F69/><W92/><G6/><T117/><D70/><U107/><E107/><V59/><F35/><W15/><G1/><T63/><D117/><U82/><E82/><V3/><F3/><W96/><G96/><T79/><D79/><U56/><E56/><V14/><F2/><W88/><G91/><T124/><D124/><U81/><E81/><V26/><F26/><W61/><G83/><T121/><D121/><U113/><E113/><V111/><F57/><W114/><G44/><T102/><D28/><U12/><E12/><V36/><F36/><W10/><REACH who="3" step="1"/><G55/><REACH who="3" ten="250,250,250,240" step="2"/><T133/><D32/><U109/><E109/><V86/><F111/><W74/><G74/><T87/><D133/><U90/><E90/><N who="2" m="53719" /><F97/><W52/><G52/><N who="0" m="29743" /><D87/><U46/><E46/><V24/><F7/><W77/><G77/><T80/><D80/><U58/><E71/><AGARI ba="0,1" hai="10,15,17,61,66,71,72,73,88,92,98,112,114,115" machi="71" ten="40,8000,1" yaku="1,1,52,1,54,1,53,2" doraHai="11" doraHaiUra="106" who="3" fromWho="1" sc="250,0,250,-80,250,0,240,90" /><INIT seed="1,0,0,3,4,117" ten="250,170,250,330" oya="1" hai0="133,74,27,122,78,24,80,126,120,132,3,15,95" hai1="55,0,47,104,85,6,7,134,99,68,41,81,23" hai2="75,93,40,11,14,9,18,98,53,20,67,10,70" hai3="79,102,115,96,25,118,37,17,65,54,108,52,13"/><U103/><E134/><N who="0" m="51817" /><D3/><U76/><E68/><V1/><F75/><W8/><G118/><T88/><D126/><U32/><E32/><V44/><F53/><W48/><G115/><T19/><D27/><U94/><E0/><V42/><F1/><W4/><G37/><T21/><D24/><U130/><E130/><V64/><F70/><W105/><G108/><T43/><D43/><N who="2" m="16426" /><F44/><W57/><G79/><T123/><D123/><U111/><E111/><V100/><AGARI ba="0,0" hai="9,10,11,14,18,20,64,67,93,98,100" m="16426" machi="100" ten="30,1100,0" yaku="8,1" doraHai="117" who="2" fromWho="2" sc="250,-3,170,-5,250,11,330,-3" /><INIT seed="2,0,0,3,2,73" ten="247,165,261,327" oya="2" hai0="4,8,133,60,58,56,3,113,63,97,122,0,36" hai1="87,75,74,118,84,96,82,37,7,129,104,54,114" hai2="55,135,121,39,26,68,17,53,52,34,10,132,19" hai3="48,32,41,59,13,115,128,16,125,45,65,110,1"/><V91/><F121/><W89/><G110/><T43/><D122/><U105/><E37/><V50/><F68/><W94/><G125/><T24/><D113/><U49/><E118/><V119/><F119/><W29/><G1/><T2/><D133/><N who="2" m="51274" /><F39/><W5/><G128/><T93/><D24/><U30/><E114/><V61/><F61/><N who="3" m="38079" /><G32/><T131/><D131/><U25/><E129/><V42/><F91/><W6/><G29/><T123/><D123/><U72/><E7/><V66/><F66/><W33/><G33/><T90/><D58/><U18/><E18/><N who="2" m="6667" /><F10/><N who="3" m="6199" /><G115/><T80/><D60/><U103/><E105/><V98/><F98/><AGARI ba="0,0" hai="5,6,41,45,48,89,94,98" m="6199,38079" machi="98" ten="30,2000,0" yaku="8,1,54,1" doraHai="73" who="3" fromWho="2" sc="247,0,165,0,261,-20,327,20" /><INIT seed="3,0,0,3,1,94" ten="247,165,241,347" oya="3" hai0="14,66,73,114,13,56,124,52,1,115,8,11,32" hai1="61,31,90,43,28,105,97,40,63,129,12,102,69" hai2="131,59,118,41,80,96,18,24,84,53,7,132,119" hai3="68,51,30,125,127,112,128,98,36,93,38,26,15"/><W75/><G68/><T134/><D73/><U77/><E129/><V54/><F131/><W19/><G112/><N who="0" m="43051" /><D32/><U104/><E104/><V130/><F130/><W45/><G75/><T35/><D35/><U95/><E77/><V62/><F41/><N who="3" m="25007" /><G26/><T10/><D1/><U47/><E43/><V5/><F132/><W99/><G30/><T65/><D124/><N who="3" m="47689" /><G99/><T50/><D134/><U17/><E69/><V74/><F96/><W82/><G82/><T27/><D27/><U91/><E31/><V109/><F74/><W39/><G39/><T110/><D110/><U108/><E28/><V48/><F109/><W103/><G128/><T85/><D85/><U116/><E116/><V76/><F119/><W2/><G2/><T120/><D120/><U37/><E108/><V107/><F107/><W86/><G86/><T121/><D121/><U79/><E79/><V60/><F118/><W3/><G3/><T89/><D89/><U64/><E64/><AGARI ba="0,0" hai="8,10,11,13,14,50,52,56,64,65,66" m="43051" machi="64" ten="30,2000,0" yaku="11,1,54,1" doraHai="94" who="0" fromWho="1" sc="247,20,165,-20,241,0,347,0" owari="267,6.7,145,-35.5,241,-15.9,347,44.7" /></mjloggm>