<mjloggm ver="2.3"><GO type="225" lobby="0"/><UN n0="%61%69%73%79%6F" n1="%E5%B8%86%E7%AB%8B%E5%A4%8F%E8%A1%A3" n2="%E7%AD%89%E3%80%85%E5%8A%9B%E5%8A%87%E5%A0%B4" n3="%E3%81%B2%E3%81%AA%E3%81%AE%E3%82%8A%E3%81%8F" dan="17,16,16,17" rate="2236.44,2090.67,2052.81,2170.68" sx="M,M,M,M"/><TAIKYOKU oya="0"/><INIT seed="0,0,0,4,2,17" ten="250,250,250,250" oya="0" hai0="64,20,107,60,69,55,67,21,130,123,73,129,119" hai1="91,94,45,68,93,81,96,10,38,117,102,62,24" hai2="120,31,30,101,36,0,126,13,114,128,99,92,133" hai3="70,50,44,32,41,100,29,78,131,116,48,7,98"/><T33/><D123/><U3/><E117/><V79/><F0/><W75/><G116/><T43/><D119/><U57/><E68/><V56/><F114/><W19/><G70/><T61/><D73/><U35/><E81/><V18/><F120/><W122/><G7/><T40/><D33/><U111/><E111/><V124/><F36/><W112/><G112/><T113/><D113/><U72/><E72/><V8/><F79/><W34/><G131/><T28/><D28/><U26/><E35/><V115/><F115/><W90/><G90/><T66/><D107/><U47/><E10/><V16/><F133/><W104/><G29/><T106/><D106/><U6/><E6/><V82/><F82/><W125/><G125/><N who="2" m="48233" /><F128/><N who="0" m="49258" /><D55/><N who="1" m="34111" /><E38/><V95/><F95/><W46/><G78/><T76/><D76/><U52/><E3/><V42/><F42/><N who="0" m="15914" /><D69/><U22/><E52/><V5/><F56/><W23/><G75/><T134/><D134/><U51/><E51/><V97/><F99/><W127/><G127/><T53/><D53/><U59/><E59/><V27/><F31/><W74/><G74/><T63/><AGARI ba="0,0" hai="20,21,60,61,63,64,66,67" m="15914,49258" machi="63" ten="40,12000,1" yaku="28,2,19,1,52,2" doraHai="17" who="0" fromWho="0" sc="250,120,250,-40,250,-40,250,-40" /><INIT seed="0,1,0,3,4,117" ten="370,210,210,210" oya="0" hai0="81,84,97,111,17,41,93,59,76,100,36,48,103" hai1="87,133,2,57,61,128,15,3,33,118,107,92,99" hai2="123,96,73,69,60,108,120,7,6,9,44,75,40" hai3="88,83,52,127,125,126,122,80,20,53,58,132,110"/><T12/><D111/><U86/><E118/><V8/><F108/><W47/><G110/><T21/><D36/><U68/><E128/><V25/><F96/><W79/><G132/><T135/><D135/><U63/><E133/><V54/><F25/><W23/><G47/><T109/><D109/><U56/><E68/><V104/><F104/><W22/><G122/><T115/><D115/><U0/><E33/><V16/><F54/><W119/><G119/><T32/><D32/><U129/><E107/><V101/><F101/><W38/><G38/><T55/><D41/><U34/><E34/><V78/><F60/><W124/><N who="3" m="31744" /><DORA hai="24" /><W70/><G70/><T14/><D14/><U113/><E113/><V10/><F69/><W134/><G134/><T121/><D121/><U114/><E129/><V37/><F16/><W46/><G46/><T67/><D67/><U35/><E35/><V51/><F37/><W66/><G66/><T95/><D95/><U26/><E0/><V11/><N who="2" m="2048" /><DORA hai="131" /><V31/><F31/><W50/><G53/><T89/><AGARI ba="1,0" hai="12,17,21,48,55,59,76,81,84,89,93,97,100,103" machi="89" ten="20,3900,0" yaku="0,1,7,1,8,1" doraHai="117,24,131" who="0" fromWho="0" sc="370,42,210,-14,210,-14,210,-14" /><INIT seed="0,2,0,0,4,66" ten="412,196,196,196" oya="0" hai0="130,110,91,109,50,28,16,61,70,26,127,129,49" hai1="47,106,92,22,114,15,53,21,97,4,51,134,116" hai2="75,98,14,132,115,103,19,55,52,58,48,105,54" hai3="63,99,17,125,56,104,86,111,87,62,72,34,1"/><T23/><D127/><U122/><E116/><V135/><F115/><W27/><G72/><T96/><D91/><U76/><E122/><V18/><F75/><W44/><G1/><T131/><D96/><U30/><E114/><V69/><F69/><W107/><G125/><T65/><D28/><U60/><E134/><N who="2" m="51243" /><F19/><W90/><G111/><AGARI ba="2,0" hai="16,23,26,49,50,61,65,70,109,110,111,129,130,131" machi="111" ten="50,12000,1" yaku="14,1,10,1,19,1,52,1,54,1" doraHai="66" who="0" fromWho="3" sc="412,126,196,0,196,0,196,-126" /><INIT seed="0,3,0,3,3,108" ten="538,196,196,70" oya="0" hai0="44,74,57,6,126,92,71,103,104,59,119,88,85" hai1="102,78,18,65,131,58,30,133,60,83,29,33,36" hai2="115,34,117,134,64,0,16,38,39,17,45,94,120" hai3="99,90,25,96,101,49,122,43,66,91,127,68,112"/><T12/><D119/><U1/><E36/><V132/><F120/><W9/><G122/><T22/><D71/><U26/><E131/><V82/><F34/><W28/><G127/><T48/><D74/><U84/><E133/><N who="2" m="51307" /><F0/><W111/><G111/><T107/><D126/><U53/><E1/><V55/><F64/><W98/><G101/><T61/><D107/><U89/><E102/><V56/><F117/><W67/><G112/><T80/><D104/><U114/><E114/><V35/><F35/><W75/><G75/><T128/><D128/><U87/><E65/><N who="3" m="24586" /><G68/><T123/><D61/><U15/><E26/><V76/><F94/><W93/><G93/><T3/><D3/><U113/><E33/><V7/><F7/><W73/><G73/><T81/><D123/><U63/><E63/><N who="2" m="36255" /><F115/><W2/><G2/><T5/><D81/><N who="1" m="47159" /><E113/><V109/><F109/><W8/><G90/><T100/><D100/><U121/><E121/><V41/><F38/><W124/><G124/><T52/><D5/><U19/><E19/><V70/><F70/><W4/><G91/><T116/><D116/><U79/><E89/><V125/><F125/><W129/><G4/><T110/><D110/><U62/><E62/><V42/><F42/><W24/><G129/><T46/><D46/><U40/><E40/><V130/><F130/><W37/><G37/><T86/><D6/><U32/><E32/><V105/><F105/><W72/><G72/><AGARI ba="3,0" hai="16,17,39,41,45,72,76,82" m="36255,51307" machi="72" ten="30,2000,0" yaku="20,1,54,1" doraHai="108" who="2" fromWho="3" sc="538,0,196,0,196,29,70,-29" /><INIT seed="1,0,0,5,4,4" ten="538,196,225,41" oya="1" hai0="61,129,135,26,118,126,83,59,37,121,17,76,99" hai1="132,15,85,45,53,100,111,130,18,2,46,109,51" hai2="54,44,95,131,93,97,36,1,35,40,116,10,94" hai3="27,67,133,22,92,47,120,8,101,58,11,62,88"/><U65/><E2/><V112/><F116/><W89/><G120/><T30/><D118/><U60/><E132/><V125/><F35/><W38/><G133/><T21/><D37/><U87/><E100/><V90/><F131/><W43/><G101/><T119/><D121/><U73/><E73/><V117/><F117/><W134/><G134/><T13/><D129/><U33/><E33/><V107/><F125/><W115/><G115/><T74/><D126/><U91/><E46/><V16/><F112/><W106/><G106/><T96/><D119/><U19/><E19/><V81/><F107/><W71/><G71/><T63/><D63/><U86/><E130/><V14/><F1/><W12/><G12/><T103/><D103/><U28/><E28/><V72/><REACH who="2" step="1"/><F54/><REACH who="2" ten="538,196,215,41" step="2"/><W5/><G5/><T79/><D135/><U42/><E53/><V56/><F56/><W127/><G127/><T25/><D76/><AGARI ba="0,1" hai="10,14,16,36,40,44,72,76,81,90,93,94,95,97" machi="76" ten="40,5200,0" yaku="1,1,52,1,54,1,53,0" doraHai="4" doraHaiUra="32" who="2" fromWho="0" sc="538,-52,196,0,215,62,41,0" /><INIT seed="2,0,0,3,1,87" ten="486,196,277,41" oya="2" hai0="91,120,52,89,72,26,135,32,67,30,35,94,62" hai1="59,20,44,71,34,2,73,130,61,10,9,54,133" hai2="69,17,39,123,5,3,125,31,104,50,134,18,66" hai3="40,13,48,103,41,4,68,117,131,122,19,12,85"/><V29/><F39/><W14/><G117/><T33/><D120/><U1/><E34/><V126/><F104/><W102/><G122/><T38/><D38/><U58/><E71/><V92/><F123/><W81/><G68/><T43/><D72/><U99/><E73/><V63/><F134/><W113/><G113/><T118/><D43/><U64/><E130/><V107/><F107/><W11/><G131/><T42/><D42/><U101/><E133/><V129/><F129/><W76/><G41/><T115/><D115/><U82/><E44/><V78/><F78/><W88/><G14/><T80/><D118/><U124/><E124/><N who="2" m="47723" /><F50/><W75/><G75/><T24/><D135/><U23/><E2/><V111/><F111/><W65/><G65/><T127/><D127/><U16/><E82/><V25/><F31/><W6/><G6/><T100/><D80/><U97/><E1/><V90/><F5/><W96/><G96/><N who="0" m="59415" /><D26/><U45/><E97/><N who="2" m="57495" /><F3/><W132/><G132/><T47/><D33/><AGARI ba="0,0" hai="17,18,25,29,33,63,66,69" m="57495,47723" machi="33" ten="30,2900,0" yaku="18,1,52,1" doraHai="87" who="2" fromWho="0" sc="486,-29,196,0,277,29,41,0" /><INIT seed="2,1,0,4,5,85" ten="457,196,306,41" oya="2" hai0="110,124,18,119,6,99,102,87,59,55,65,37,126" hai1="20,27,80,116,3,0,118,78,130,79,127,39,51" hai2="23,70,84,90,21,60,97,88,9,13,57,69,10" hai3="115,12,81,101,40,61,16,7,29,103,4,48,108"/><V76/><F70/><W75/><G108/><T100/><D37/><U106/><E39/><V105/><F69/><W132/><G132/><T49/><D110/><U94/><E106/><V56/><F76/><W68/><G115/><T112/><D112/><U91/><E127/><N who="0" m="48681" /><D119/><U104/><E130/><V92/><F105/><W28/><G75/><T93/><D6/><U19/><E104/><V123/><F123/><W71/><G71/><T32/><D32/><U44/><E3/><V134/><F134/><W89/><G68/><T62/><D87/><U2/><E0/><V82/><F57/><W113/><G113/><T63/><D102/><U53/><E2/><V117/><F117/><W73/><G73/><T66/><D18/><U22/><E78/><V98/><F98/><W43/><G103/><T96/><D96/><U8/><E79/><V35/><F35/><W5/><G101/><T36/><D36/><U77/><E77/><V11/><F13/><W31/><G61/><AGARI ba="1,0" hai="49,55,59,61,62,63,65,66,93,99,100" m="48681" machi="61" ten="30,1000,0" yaku="18,1" doraHai="85" who="0" fromWho="3" sc="457,13,196,0,306,0,41,-13" /><INIT seed="3,0,0,0,4,6" ten="470,196,306,28" oya="3" hai0="7,49,76,128,51,130,69,104,123,98,26,121,105" hai1="109,57,12,50,95,1,83,122,20,106,71,18,135" hai2="111,103,27,96,129,2,54,13,117,52,124,94,61" hai3="87,23,55,28,44,90,32,11,110,84,132,42,60"/><W56/><G132/><T40/><D69/><U79/><E71/><V48/><F2/><W134/><G134/><T82/><D7/><U64/><E106/><N who="0" m="41065" /><D26/><U116/><E135/><V102/><F117/><W113/><G113/><T68/><D68/><U41/><E109/><V97/><F111/><W100/><G110/><T25/><D25/><U46/><E1/><V70/><F129/><N who="0" m="49770" /><D98/><U78/><E122/><N who="0" m="46601" /><D40/><U81/><E116/><V133/><F133/><W19/><G32/><T86/><AGARI ba="0,0" hai="49,51,76,82,86" m="46601,49770,41065" machi="86" ten="40,1500,0" yaku="19,1" doraHai="6" who="0" fromWho="0" sc="470,15,196,-4,306,-4,28,-7" owari="485,58.5,192,-20.8,302,10.2,21,-47.9" /></mjloggm>