<mjloggm ver="2.3"><GO type="225" lobby="0"/><UN n0="%45%6C%79%73%69%75%6D" n1="%73%7A%2E%64%31" n2="%30%2E%31%32%30" n3="%6D%75%75%6D%75%72%61" dan="18,16,16,17" rate="2148.10,2088.35,2073.68,2190.27" sx="F,M,M,F"/><TAIKYOKU oya="0"/><INIT seed="0,0,0,5,5,118" ten="250,250,250,250" oya="0" hai0="76,5,47,61,124,34,38,109,73,71,11,17,2" hai1="131,83,52,51,49,94,67,105,22,111,133,84,97" hai2="8,62,114,21,115,57,27,81,123,43,80,42,91" hai3="112,55,82,13,39,69,98,58,119,40,79,46,32"/><T26/><D124/><U10/><E111/><V33/><F33/><W132/><G119/><T130/><D109/><U9/><E131/><V93/><F123/><W56/><G69/><T25/><D130/><U103/><E133/><V29/><F115/><W50/><G112/><T41/><D17/><U1/><E1/><V126/><F126/><W129/><G129/><T127/><D127/><U63/><E49/><V116/><F116/><W107/><G132/><T77/><D77/><U70/><E22/><V45/><F8/><W19/><G32/><T15/><D15/><U113/><E105/><V60/><F60/><W90/><G58/><T66/><REACH who="0" step="1"/><D34/><REACH who="0" ten="240,250,250,250" step="2"/><U88/><REACH who="1" step="1"/><E113/><REACH who="1" ten="240,240,250,250" step="2"/><V78/><F114/><W85/><G79/><T20/><D20/><U4/><E4/><V74/><F21/><W96/><G107/><T86/><D86/><U35/><E35/><V101/><F74/><W108/><G108/><T87/><D87/><U30/><E30/><V48/><F29/><W135/><G135/><T53/><D53/><U117/><E117/><V16/><F16/><W37/><G37/><T18/><D18/><U102/><E102/><V100/><F100/><W125/><G125/><T54/><D54/><U72/><E72/><V104/><F101/><W121/><G121/><T89/><D89/><U110/><E110/><V0/><F91/><W12/><G13/><T59/><D59/><AGARI ba="0,2" hai="9,10,51,52,59,63,67,70,83,84,88,94,97,103" machi="59" ten="30,7700,0" yaku="1,1,7,1,54,2,53,0" doraHai="118" doraHaiUra="75" who="1" fromWho="0" sc="240,-77,240,97,250,0,250,0" /><INIT seed="1,0,0,1,4,32" ten="163,337,250,250" oya="1" hai0="110,88,41,24,50,120,54,106,28,102,127,27,52" hai1="87,90,17,107,85,40,101,49,116,7,111,121,112" hai2="67,1,16,37,19,42,86,30,115,15,75,8,72" hai3="25,129,134,70,44,26,22,97,78,80,4,65,23"/><U56/><E121/><V43/><F115/><W21/><G129/><T123/><D41/><U100/><E112/><V82/><F30/><W48/><G134/><T108/><D106/><U104/><E116/><V81/><F67/><W2/><G97/><T34/><D102/><U12/><E7/><V84/><F37/><W64/><G4/><T68/><D68/><U5/><E5/><V66/><F66/><W117/><G2/><T61/><D127/><U133/><E133/><V131/><F15/><W92/><G92/><T62/><D24/><U128/><E128/><V77/><F131/><W130/><G130/><T135/><D135/><U63/><E111/><N who="0" m="42537" /><D54/><N who="1" m="34199" /><E104/><V31/><F31/><W59/><G70/><T122/><D88/><U60/><E107/><V29/><F29/><W0/><G117/><T20/><D34/><U9/><E60/><V53/><F53/><W93/><G0/><T105/><D105/><U99/><E90/><V103/><F103/><N who="1" m="39497" /><E99/><V10/><F77/><W57/><G93/><T113/><D113/><U89/><E89/><V47/><F1/><W83/><G65/><T91/><D91/><U14/><E14/><V45/><AGARI ba="0,0" hai="8,10,16,19,42,43,45,47,72,75,81,82,84,86" machi="45" ten="25,6400,0" yaku="0,1,22,2,54,1" doraHai="32" who="2" fromWho="2" sc="163,-16,337,-32,250,64,250,-16" /><INIT seed="2,0,0,3,4,89" ten="147,305,314,234" oya="2" hai0="85,71,20,79,128,13,70,66,9,56,27,53,63" hai1="10,75,69,12,62,126,15,11,55,21,26,129,93" hai2="58,77,116,74,127,81,47,23,72,49,31,125,120" hai3="40,110,82,87,118,57,106,68,123,6,114,24,108"/><V134/><F116/><W36/><G68/><T91/><D79/><U101/><E129/><V46/><F120/><W112/><G118/><T64/><D128/><U67/><E75/><V48/><F134/><W84/><G106/><T39/><D39/><U42/><E126/><N who="2" m="48139" /><F74/><W44/><G123/><T18/><D70/><U97/><E42/><V1/><F1/><W92/><G6/><T96/><D71/><U103/><E55/><N who="2" m="32111" /><F48/><W34/><G57/><T90/><D90/><U133/><E133/><V41/><F41/><W122/><G122/><T132/><D132/><U102/><E10/><V14/><F31/><W124/><G124/><T135/><D135/><U54/><E54/><V37/><F37/><W107/><G107/><T4/><REACH who="0" step="1"/><D96/><REACH who="0" ten="137,305,314,234" step="2"/><U88/><REACH who="1" step="1"/><E11/><REACH who="1" ten="137,295,314,234" step="2"/><V73/><F73/><W86/><G36/><T80/><AGARI ba="0,2" hai="4,9,13,18,20,27,53,56,63,64,66,80,85,91" machi="80" ten="20,8000,1" yaku="1,1,2,1,0,1,7,1,8,1,53,0" doraHai="89" doraHaiUra="65" who="0" fromWho="0" sc="137,100,295,-20,314,-40,234,-20" /><INIT seed="3,0,0,2,4,104" ten="237,275,274,214" oya="3" hai0="60,87,71,46,91,47,10,73,69,83,70,101,126" hai1="57,95,38,106,128,49,68,32,96,50,30,14,98" hai2="56,36,34,40,84,115,20,127,23,3,135,6,118" hai3="59,62,66,9,109,53,116,12,132,120,21,92,17"/><W110/><G116/><T131/><D131/><U2/><E38/><V39/><F118/><W130/><G120/><T119/><D119/><U85/><E2/><V28/><F115/><W19/><G130/><T94/><D126/><U27/><E68/><V35/><F40/><W75/><G132/><T16/><D60/><U72/><E72/><V7/><F84/><W99/><G75/><T97/><REACH who="0" step="1"/><D73/><REACH who="0" ten="227,275,274,214" step="2"/><U100/><E128/><V25/><F127/><W5/><G66/><T18/><D18/><U63/><E85/><V124/><F124/><W64/><G64/><T58/><D58/><U90/><E14/><AGARI ba="0,1" hai="10,14,16,46,47,69,70,71,83,87,91,94,97,101" machi="14" ten="40,8000,1" yaku="1,1,54,1,53,3" doraHai="104" doraHaiUra="67" who="0" fromWho="1" sc="227,90,275,-80,274,0,214,0" owari="317,41.7,195,-30.5,274,7.4,214,-18.6" /></mjloggm>