<mjloggm ver="2.3"><GO type="225" lobby="0"/><UN n0="%E3%83%AD%E3%83%83%E3%83%86%E9%9B%80%E7%90%83" n1="%E5%8F%8B%E4%BA%BA%45" n2="%E3%81%B8%E3%82%80%E3%81%B8%E3%82%80%EF%BC%92%E5%8F%B7" n3="%73%69%72%6F%75%74" dan="17,16,17,16" rate="2201.60,2000.30,2177.87,2044.08" sx="M,F,M,M"/><TAIKYOKU oya="0"/><INIT seed="0,0,0,2,4,94" ten="250,250,250,250" oya="0" hai0="48,1,25,58,17,14,37,95,38,32,31,93,43" hai1="71,59,107,129,2,89,23,18,87,4,51,9,52" hai2="46,112,6,78,113,34,55,97,50,128,40,60,82" hai3="76,3,103,12,121,57,124,36,75,102,131,24,28"/><T110/><D1/><U99/><E71/><V123/><F123/><W15/><G3/><T67/><D110/><U79/><E129/><V106/><F34/><W85/><G36/><T44/><D67/><U132/><E132/><V92/><F106/><W69/><G69/><T22/><D58/><U68/><E68/><V42/><F6/><W119/><G85/><T29/><D29/><U109/><E109/><V16/><F128/><W65/><G131/><T90/><REACH who="0" step="1"/><D95/><REACH who="0" ten="240,250,250,250" step="2"/><U27/><E107/><V127/><F112/><W13/><G57/><T49/><D49/><U105/><E105/><V11/><F113/><W30/><G65/><T135/><D135/><U122/><E122/><V73/><F60/><W100/><G121/><T64/><D64/><U98/><E79/><V66/><F66/><W5/><G30/><T101/><D101/><U45/><E59/><V133/><F133/><W62/><G102/><T126/><D126/><U7/><E7/><V47/><F127/><W130/><G100/><T53/><D53/><U117/><E117/><V56/><F56/><W84/><G103/><T111/><D111/><U125/><E125/><V20/><F55/><W114/><G124/><T26/><D26/><U41/><E41/><V104/><F42/><W88/><G130/><T70/><D70/><U63/><E63/><V33/><F40/><W54/><G119/><T81/><D81/><AGARI ba="0,1" hai="2,4,9,18,23,27,45,51,52,81,87,89,98,99" machi="81" ten="30,7700,0" yaku="7,1,52,2,54,1" doraHai="94" who="1" fromWho="0" sc="240,-77,250,87,250,0,250,0" /><INIT seed="1,0,0,2,3,94" ten="163,337,250,250" oya="1" hai0="116,7,55,40,74,120,30,112,76,71,52,97,68" hai1="24,14,21,33,48,128,23,89,91,34,117,28,86" hai2="17,114,118,36,61,58,35,51,105,45,106,63,12" hai3="100,39,54,96,70,20,93,16,119,98,13,32,80"/><U113/><E113/><V130/><F118/><W42/><G119/><T79/><D116/><U25/><E117/><V87/><F35/><W18/><G70/><N who="0" m="26667" /><D40/><U29/><E128/><V95/><F114/><W129/><G129/><T72/><D112/><U78/><E14/><V125/><F36/><W31/><G80/><T110/><D30/><U104/><E104/><V65/><F125/><W67/><G67/><T62/><D62/><U6/><E6/><V66/><F87/><W22/><G32/><T53/><D7/><U19/><E19/><V41/><F130/><W9/><G31/><T56/><D56/><U27/><E27/><V69/><REACH who="2" step="1"/><F95/><REACH who="2" ten="163,337,240,250" step="2"/><N who="3" m="58399" /><G39/><T75/><D97/><U1/><E86/><V47/><F47/><W115/><G115/><T60/><D60/><U82/><E34/><V10/><AGARI ba="0,1" hai="10,12,17,41,45,51,58,61,63,65,66,69,105,106" machi="10" ten="20,5200,0" yaku="1,1,0,1,7,1,53,1" doraHai="94" doraHaiUra="11" who="2" fromWho="2" sc="163,-13,337,-26,240,62,250,-13" /><INIT seed="2,0,0,0,5,129" ten="150,311,302,237" oya="2" hai0="57,81,44,85,5,69,61,40,117,2,30,127,48" hai1="93,92,120,89,84,59,0,90,53,128,27,16,102" hai2="107,110,1,116,124,63,88,3,41,126,125,32,15" hai3="54,121,73,10,17,47,62,133,135,11,14,98,56"/><V60/><F116/><W55/><G73/><T37/><D127/><U21/><E0/><V130/><F32/><W31/><G31/><T134/><D117/><U4/><E128/><V45/><F130/><W39/><G121/><T112/><D112/><U101/><E4/><V75/><F75/><W6/><G98/><T106/><D106/><U99/><E120/><V86/><F107/><W122/><G122/><T43/><D30/><U28/><E28/><V97/><F97/><W34/><G34/><T36/><D5/><U83/><E83/><N who="2" m="49247" /><F15/><W7/><G17/><T114/><D114/><U132/><REACH who="1" step="1"/><E132/><REACH who="1" ten="150,301,302,237" step="2"/><N who="3" m="50762" /><G39/><T80/><D37/><U25/><E25/><V20/><F110/><W108/><G108/><T22/><D36/><U19/><E19/><V82/><F82/><W131/><G131/><T58/><D81/><U23/><E23/><V66/><F20/><W77/><G77/><T70/><D80/><U74/><E74/><V29/><F29/><W13/><G47/><T79/><D44/><U26/><E26/><V42/><F45/><W113/><G113/><T118/><D22/><U33/><E33/><V9/><F9/><W24/><G24/><T91/><D134/><U105/><E105/><V71/><F125/><W8/><G10/><T103/><D79/><U38/><E38/><V119/><F126/><W87/><G6/><T51/><D118/><U123/><E123/><V95/><F119/><W50/><G8/><T18/><D18/><U68/><E68/><V109/><F71/><W67/><G7/><T104/><D70/><U94/><E94/><V12/><F95/><RYUUKYOKU ba="0,1" sc="150,-10,301,30,302,-10,237,-10" hai1="16,21,27,53,59,84,89,90,92,93,99,101,102" /><INIT seed="3,1,1,4,0,71" ten="140,331,292,227" oya="3" hai0="122,32,93,44,40,114,28,60,116,57,108,46,1" hai1="63,70,86,104,118,115,62,25,50,79,16,55,128" hai2="20,65,110,100,6,43,73,74,66,85,97,68,81" hai3="45,132,14,80,26,91,109,13,24,134,113,123,94"/><W39/><G113/><T19/><D116/><U83/><E115/><V5/><F110/><W56/><G123/><T18/><D122/><U9/><E104/><V88/><F43/><W61/><G80/><T23/><D108/><U8/><E118/><V133/><F133/><N who="3" m="51307" /><G109/><T36/><D114/><U107/><E107/><V84/><F84/><N who="3" m="52583" /><G24/><T76/><D1/><U124/><E70/><V103/><F68/><W105/><G105/><T3/><D3/><U4/><E124/><V87/><F87/><W120/><G26/><T37/><D32/><U92/><E92/><N who="2" m="58407" /><F74/><W15/><G120/><T54/><D76/><U30/><E30/><V7/><F103/><W51/><G51/><T31/><D93/><U95/><E95/><V0/><F0/><W21/><G21/><T127/><D127/><U49/><E49/><V102/><F102/><W90/><G90/><T126/><D126/><U59/><E25/><V12/><F73/><W111/><G111/><T101/><D101/><U38/><E50/><V98/><F98/><W11/><G11/><T47/><D47/><U72/><E9/><V67/><F20/><W82/><G82/><T131/><D131/><U129/><E72/><V52/><F12/><W64/><G45/><T112/><D112/><U78/><E128/><V89/><F89/><W117/><G117/><T2/><D2/><U34/><E34/><V29/><F29/><W96/><G96/><T42/><D19/><U75/><E16/><V17/><F17/><W10/><G10/><T33/><D33/><U121/><E121/><V48/><F5/><W77/><G13/><AGARI ba="1,1" hai="13,18,23,28,31,36,37,40,42,44,46,54,57,60" machi="13" ten="30,8000,1" yaku="6,1,7,1,9,1,52,2" doraHai="71" who="0" fromWho="3" sc="140,93,331,0,292,0,227,-83" owari="233,-16.7,331,43.1,292,9.2,144,-35.6" /></mjloggm>