<mjloggm ver="2.3"><GO type="225" lobby="0"/><UN n0="%E5%B3%B6%E7%94%B0%E7%9C%9F%E5%A4%A2" n1="%72%69%6F%75%63%68%61%6E" n2="%E8%B6%85%E7%B4%9A%E9%B3%B3%E5%87%B0" n3="%4C%4F%4C%49%54%41" dan="16,16,17,16" rate="2086.23,2198.24,2163.68,2146.37" sx="F,M,F,F"/><TAIKYOKU oya="0"/><INIT seed="0,0,0,5,3,83" ten="250,250,250,250" oya="0" hai0="85,135,59,95,7,74,90,16,14,96,62,123,112" hai1="97,45,121,101,127,113,107,100,109,115,77,38,13" hai2="99,75,0,18,39,32,92,102,88,53,133,86,81" hai3="91,36,119,105,124,43,61,52,120,84,54,71,128"/><T67/><D123/><U25/><E121/><V24/><F39/><W44/><G120/><T51/><D112/><N who="1" m="43083" /><E109/><V114/><F114/><W9/><G119/><T26/><D74/><U87/><E127/><V69/><F0/><W63/><G105/><T47/><D135/><U11/><E100/><V134/><F69/><W57/><G128/><T82/><D7/><U46/><E38/><V29/><F75/><W48/><G124/><T40/><D26/><U42/><E42/><V60/><REACH who="2" step="1"/><F18/><REACH who="2" ten="250,250,240,250" step="2"/><W72/><G72/><T30/><D30/><U10/><E10/><V131/><F131/><W19/><G71/><T12/><REACH who="0" step="1"/><D16/><REACH who="0" ten="240,250,240,250" step="2"/><N who="1" m="8255" /><E25/><V126/><F126/><W66/><G19/><T28/><D28/><U50/><E50/><V117/><F117/><W56/><G36/><T79/><AGARI ba="0,2" hai="12,14,40,47,51,59,62,67,79,82,85,90,95,96" machi="79" ten="20,12000,1" yaku="1,1,0,1,7,1,8,1,52,1,53,0" doraHai="83" doraHaiUra="64" who="0" fromWho="0" sc="240,140,250,-40,240,-40,250,-40" /><INIT seed="0,1,0,2,0,47" ten="380,210,200,210" oya="0" hai0="51,8,10,86,29,36,87,63,124,118,104,109,121" hai1="62,93,46,108,88,110,111,98,67,84,35,6,99" hai2="72,20,85,58,112,97,105,101,9,74,116,44,128" hai3="2,125,33,82,91,41,52,95,17,127,15,31,106"/><T22/><D121/><U18/><E35/><V27/><F112/><W30/><G106/><T70/><D118/><U3/><E18/><V48/><F116/><W39/><G2/><T26/><D36/><U135/><E135/><V16/><F128/><W40/><G82/><T79/><D104/><U80/><E46/><V13/><F58/><W60/><G39/><T66/><D124/><N who="3" m="47689" /><G33/><T103/><D109/><U56/><REACH who="1" step="1"/><E80/><REACH who="1" ten="380,200,200,210" step="2"/><V77/><F77/><W37/><G31/><T7/><D79/><U114/><E114/><V134/><F134/><W89/><G30/><T23/><D29/><U102/><E102/><V78/><F78/><W96/><G91/><T57/><D103/><U1/><E1/><V32/><F32/><W120/><G120/><T75/><D7/><U59/><E59/><V43/><REACH who="2" step="1"/><F85/><REACH who="2" ten="380,200,190,210" step="2"/><W76/><G76/><T34/><D86/><U54/><E54/><V38/><F38/><W132/><G37/><T92/><D87/><U131/><E131/><V53/><F53/><W45/><G132/><T65/><D57/><U115/><E115/><V130/><F130/><W123/><G123/><T129/><D129/><U113/><E113/><V64/><F64/><W61/><G45/><T11/><D66/><U25/><E25/><V117/><F117/><W126/><G126/><T24/><D65/><U122/><E122/><V55/><F55/><W19/><G52/><T14/><D26/><U68/><E68/><V73/><F73/><W71/><G71/><T94/><D70/><U4/><E4/><AGARI ba="1,2" hai="4,9,13,16,20,27,43,44,48,72,74,97,101,105" machi="4" ten="30,8000,1" yaku="1,1,7,1,52,1,54,1,53,1" doraHai="47" doraHaiUra="42" who="2" fromWho="1" sc="380,0,200,-83,190,103,210,0" /><INIT seed="1,0,0,2,3,88" ten="380,117,293,210" oya="1" hai0="56,48,39,7,58,86,116,119,115,41,99,24,55" hai1="19,78,43,60,44,109,72,75,124,135,1,11,70" hai2="117,32,27,34,98,71,118,28,81,9,84,49,37" hai3="112,35,107,36,2,121,74,50,20,51,13,90,46"/><U5/><E124/><V79/><F37/><W8/><G107/><T10/><D115/><U129/><E129/><V57/><F71/><W33/><G121/><T133/><D133/><U92/><E135/><V85/><F32/><W4/><G112/><T31/><D56/><U100/><E109/><V42/><F98/><W80/><G50/><T64/><D64/><U110/><E110/><V127/><F127/><W96/><G96/><T114/><D114/><U130/><E130/><V3/><F84/><W25/><G13/><T23/><D86/><U53/><E78/><V67/><F67/><W103/><G103/><T22/><D22/><U132/><E132/><V134/><F134/><W16/><G90/><T122/><D122/><U91/><E100/><V21/><F34/><W73/><G73/><T89/><D41/><U6/><E6/><V111/><F111/><W76/><REACH who="3" step="1"/><G36/><REACH who="3" ten="380,117,293,200" step="2"/><T77/><D39/><U82/><E75/><V66/><F49/><W54/><AGARI ba="0,1" hai="2,4,8,16,20,25,33,35,46,51,54,74,76,80" machi="54" ten="20,8000,1" yaku="1,1,2,1,0,1,7,1,54,1,53,0" doraHai="88" doraHaiUra="108" who="3" fromWho="3" sc="380,-20,117,-40,293,-20,200,90" /><INIT seed="2,0,0,3,1,57" ten="360,77,273,290" oya="2" hai0="45,86,99,47,130,71,128,129,2,127,90,133,60" hai1="91,51,48,135,82,79,105,54,25,107,95,87,18" hai2="110,61,101,7,14,28,0,31,131,123,22,108,74" hai3="118,106,121,50,59,124,49,81,68,73,8,42,62"/><V113/><F113/><W75/><G121/><T20/><D2/><U100/><E135/><V96/><F74/><W92/><G106/><T132/><D127/><U134/><E134/><N who="0" m="51817" /><D20/><U89/><E48/><V84/><F123/><W120/><G68/><T93/><D99/><N who="1" m="59519" /><E18/><V27/><F131/><W30/><G92/><T40/><D40/><U37/><E25/><V5/><F0/><W11/><G50/><T6/><D6/><U111/><E51/><V19/><F84/><W21/><G59/><T23/><D23/><U64/><E54/><V32/><F31/><W88/><G30/><T24/><D24/><U36/><E64/><AGARI ba="0,0" hai="45,47,60,64,71,86,90,93,128,129,130" m="51817" machi="64" ten="40,5200,0" yaku="19,1,20,1,52,1" doraHai="57" who="0" fromWho="1" sc="360,52,77,-52,273,0,290,0" /><INIT seed="3,0,0,1,3,130" ten="412,25,273,290" oya="3" hai0="104,15,16,51,113,23,76,38,135,79,25,125,123" hai1="94,87,102,20,9,96,100,61,13,111,22,74,103" hai2="0,72,66,56,10,86,95,80,106,46,18,82,2" hai3="68,92,58,126,1,131,55,3,108,132,112,45,63"/><W44/><G112/><T53/><D123/><U98/><E74/><V47/><F106/><W4/><G68/><T49/><D104/><U109/><E61/><V116/><F116/><W118/><G118/><T90/><D38/><U128/><E128/><V110/><F110/><W99/><G131/><T48/><D113/><U93/><E87/><V83/><F72/><W124/><G108/><T21/><D125/><N who="3" m="48233" /><G132/><T54/><D135/><U57/><E57/><V29/><F0/><N who="3" m="75" /><G99/><BYE who="3" /><T33/><D33/><U115/><E115/><V62/><F2/><W70/><G70/><T6/><D90/><UN n3="%4C%4F%4C%49%54%41" /><U24/><E24/><V41/><F29/><W78/><G4/><T69/><D69/><U73/><E73/><V43/><F10/><W42/><G78/><N who="0" m="29739" /><D6/><U64/><E64/><V122/><F122/><W127/><G127/><T12/><D12/><U50/><E50/><V120/><F120/><W31/><G31/><AGARI ba="0,0" hai="15,16,21,23,25,31,48,49,51,53,54" m="29739" machi="31" ten="30,2000,0" yaku="8,1,54,1" doraHai="130" who="0" fromWho="3" sc="412,20,25,0,273,0,290,-20" owari="432,53.2,25,-47.5,273,7.3,270,-13.0" /></mjloggm>