<mjloggm ver="2.3"><GO type="225" lobby="0"/><UN n0="%E9%B3%B3%E6%9D%B1%E3%81%AE%E3%81%86%E3%81%95%E3%81%8E%E3%81%95%E3%82%93" n1="%70%6E%64%73%6E%67" n2="%E3%81%8B%E3%82%8F%E3%81%A1%E3%82%83%E3%82%93%35%38" n3="%E5%8D%A0%E3%81%84%E5%B8%AB%E8%A3%8F%E3%81%AA%E3%81%84%E3%81%97" dan="17,16,16,16" rate="2227.10,2095.79,2128.95,2125.29" sx="M,M,M,M"/><TAIKYOKU oya="0"/><INIT seed="0,0,0,4,5,129" ten="250,250,250,250" oya="0" hai0="80,33,90,64,29,74,11,17,66,78,83,3,20" hai1="18,135,68,112,14,59,36,86,131,49,58,113,30" hai2="105,95,5,47,79,51,53,42,62,12,25,61,60" hai3="125,0,98,41,126,40,2,93,110,6,82,107,108"/><T84/><D33/><U27/><E36/><V92/><F105/><W134/><G107/><T89/><D29/><U45/><E131/><V88/><F79/><W24/><G82/><T101/><D101/><U26/><E68/><V7/><F25/><W91/><G24/><T1/><D90/><U9/><E86/><V123/><F123/><W55/><G55/><T52/><D20/><U111/><E111/><N who="3" m="42538" /><G6/><N who="2" m="2057" /><F12/><W132/><G40/><T38/><D38/><U67/><E135/><N who="3" m="51754" /><G41/><T32/><D52/><N who="1" m="29743" /><E26/><V96/><F92/><W48/><G48/><T104/><D104/><U120/><E120/><V31/><F31/><W21/><G21/><T43/><D43/><AGARI ba="0,0" hai="42,43,47,51,53,60,61,62,88,95,96" m="2057" machi="43" ten="30,2000,0" yaku="8,1,54,1" doraHai="129" who="2" fromWho="0" sc="250,-20,250,0,250,20,250,0" /><INIT seed="1,0,0,4,2,128" ten="230,250,270,250" oya="1" hai0="127,61,22,76,49,27,113,123,47,44,134,133,103" hai1="37,71,131,52,92,100,51,95,5,89,66,20,62" hai2="94,91,48,106,12,21,67,124,126,42,78,58,63" hai3="86,65,41,118,81,88,109,35,24,25,119,68,117"/><U60/><E131/><V3/><F3/><W132/><G109/><T99/><D113/><U9/><E37/><V110/><F106/><W98/><G41/><T115/><D115/><U90/><E62/><V8/><F110/><W11/><G35/><T23/><D127/><N who="2" m="48682" /><F78/><W77/><G132/><N who="0" m="50795" /><D123/><U96/><E20/><N who="0" m="7721" /><D27/><U38/><E95/><V34/><F34/><W114/><G114/><T59/><D76/><U111/><E38/><V26/><F21/><W104/><G11/><T74/><D74/><U87/><E87/><V40/><F26/><W82/><G24/><T129/><D49/><U46/><REACH who="1" step="1"/><E111/><REACH who="1" ten="230,240,270,250" step="2"/><V30/><F48/><W70/><G118/><T2/><D129/><U64/><E64/><V105/><F67/><W55/><G65/><N who="0" m="39103" /><D2/><AGARI ba="0,1" hai="2,5,9,46,51,52,60,66,71,89,90,92,96,100" machi="2" ten="30,5800,0" yaku="1,1,7,1,54,1,53,0" doraHai="128" doraHaiUra="17" who="1" fromWho="0" sc="230,-58,240,68,270,0,250,0" /><INIT seed="1,1,0,1,5,4" ten="172,308,270,250" oya="1" hai0="67,24,127,112,14,128,123,135,48,72,110,41,17" hai1="21,45,81,60,15,130,85,56,57,87,131,55,39" hai2="18,76,97,79,106,36,5,129,90,33,43,80,44" hai3="59,34,30,101,120,108,19,0,71,10,102,92,26"/><U13/><E39/><V66/><F33/><W12/><G120/><T52/><D112/><U68/><E68/><V133/><F66/><W69/><G108/><T114/><D114/><U82/><E45/><V104/><F79/><W40/><G40/><T47/><D110/><U65/><E131/><V115/><F115/><W125/><G125/><T122/><D127/><U118/><E118/><V119/><F119/><W42/><G42/><T95/><D72/><U111/><E111/><V63/><F63/><W58/><G69/><T64/><D128/><U70/><E70/><V16/><F104/><W116/><G71/><T61/><D24/><U31/><E130/><V99/><F99/><W132/><G132/><T88/><D135/><U25/><E85/><V124/><F129/><W117/><G117/><T53/><D123/><U35/><E82/><V84/><F124/><W103/><G116/><T126/><D126/><U3/><E3/><V51/><F36/><W83/><G92/><T7/><D7/><U37/><E35/><V94/><F106/><W2/><G83/><T121/><D121/><U46/><E46/><V8/><F133/><W22/><G0/><AGARI ba="1,0" hai="0,5,8,16,18,43,44,51,76,80,84,90,94,97" machi="0" ten="30,3900,0" yaku="7,1,52,1,54,1" doraHai="4" who="2" fromWho="3" sc="172,0,308,0,270,42,250,-42" /><INIT seed="2,0,0,4,5,82" ten="172,308,312,208" oya="2" hai0="33,76,127,96,103,2,73,101,50,38,130,132,120" hai1="79,135,3,59,1,124,72,109,36,69,41,86,75" hai2="122,40,95,35,91,131,31,106,102,107,64,94,57" hai3="134,126,22,99,17,128,121,55,18,87,54,111,28"/><V129/><F31/><W24/><G121/><T7/><D33/><U113/><E113/><V108/><F35/><W115/><G111/><T6/><D38/><U0/><E69/><V49/><F40/><W13/><G115/><T9/><D120/><U110/><E135/><V39/><F49/><W27/><G134/><T100/><D132/><U20/><E124/><V125/><F57/><W119/><G119/><T70/><D127/><U123/><E123/><V43/><F43/><W116/><G116/><T105/><D130/><N who="2" m="49674" /><F64/><W23/><G99/><T68/><D68/><U11/><E11/><V62/><F62/><W42/><G42/><T12/><D70/><U65/><E20/><V133/><F39/><W67/><G67/><T47/><D6/><U74/><E59/><V118/><F133/><W19/><G128/><T25/><D25/><U30/><E30/><V37/><F37/><W112/><G112/><T4/><D4/><U14/><E14/><V97/><F118/><W77/><G126/><T53/><D12/><U10/><E10/><V71/><F71/><W26/><G13/><T92/><D105/><N who="2" m="39946" /><F125/><W45/><G45/><T52/><REACH who="0" step="1"/><D53/><REACH who="0" ten="162,308,312,208" step="2"/><N who="3" m="19977" /><G28/><T89/><D89/><U34/><E34/><V90/><F122/><W81/><AGARI ba="0,1" hai="17,18,19,22,23,24,26,27,77,81,87" m="19977" machi="81" ten="40,2700,0" yaku="8,1,52,1" doraHai="82" who="3" fromWho="3" sc="162,-7,308,-7,312,-13,208,37" /><INIT seed="3,0,0,0,2,24" ten="155,301,299,245" oya="3" hai0="40,114,117,14,39,133,121,93,5,44,75,28,104" hai1="129,84,87,92,25,4,127,0,38,106,80,110,54" hai2="31,49,128,105,52,26,60,78,66,97,83,111,98" hai3="120,69,21,37,33,34,126,77,9,134,15,112,102"/><W100/><G112/><T79/><D117/><U62/><E106/><V101/><F98/><W20/><G120/><T67/><D121/><U132/><E38/><V30/><F111/><W81/><G69/><T70/><D104/><U41/><E41/><V88/><F88/><W71/><G71/><T23/><D114/><U89/><E110/><V123/><F123/><W113/><G113/><T10/><D133/><U91/><E132/><V108/><F108/><W29/><G134/><T47/><D47/><U11/><E129/><V18/><F18/><W56/><G37/><T122/><D122/><U17/><E127/><V61/><F30/><W118/><G118/><T13/><D93/><U16/><E25/><V6/><F6/><W63/><G33/><T48/><D70/><U76/><E76/><V135/><F135/><W53/><G34/><T125/><D67/><U72/><E72/><V119/><F119/><W68/><G68/><T22/><D125/><U42/><E42/><V50/><F50/><W46/><G46/><T55/><D13/><U90/><E90/><V99/><F66/><W32/><G32/><T19/><D28/><U109/><E109/><V96/><F128/><W1/><G1/><N who="0" m="303" /><D22/><N who="3" m="8809" /><G29/><T59/><D75/><U7/><E4/><V64/><F64/><W57/><G126/><T115/><D115/><U35/><E35/><N who="2" m="20983" /><F105/><W3/><G3/><T43/><D43/><U82/><E92/><V36/><F36/><W51/><G15/><T95/><D95/><U131/><E131/><V27/><F27/><W8/><G9/><T45/><D79/><U58/><AGARI ba="0,0" hai="0,7,11,16,17,54,58,62,80,82,84,87,89,91" machi="58" ten="30,7900,0" yaku="5,1,0,1,9,1,54,1" doraHai="24" who="1" fromWho="1" sc="155,-20,301,79,299,-20,245,-39" owari="135,-36.5,380,48.0,279,7.9,206,-19.4" /></mjloggm>