<mjloggm ver="2.3"><GO type="225" lobby="0"/><UN n0="%E3%81%B7%E3%82%8A%E3%82%93%E8%81%96%E4%BA%BA" n1="%EF%BC%81%E3%81%BC%E3%81%9F%E3%82%82%E3%81%A1%EF%BC%81" n2="%6D%75%75%6D%75%72%61" n3="%47%48%4F%53%54" dan="16,16,16,17" rate="2103.18,2186.34,2106.09,2237.93" sx="M,M,F,M"/><TAIKYOKU oya="0"/><INIT seed="0,0,0,1,3,16" ten="250,250,250,250" oya="0" hai0="102,52,116,60,97,128,21,65,25,14,105,1,51" hai1="107,103,28,59,42,96,78,27,134,2,131,124,17" hai2="112,121,30,37,45,53,98,64,0,86,133,11,83" hai3="23,13,88,71,38,114,33,36,3,90,109,39,79"/><T62/><D1/><U61/><E2/><V24/><F121/><W44/><G114/><T29/><D116/><U22/><E131/><V56/><F133/><W120/><G33/><T6/><D128/><U58/><E124/><V122/><F122/><W132/><G120/><T20/><D6/><U76/><E134/><V8/><F112/><W110/><G132/><T26/><D14/><U104/><E104/><V91/><F98/><W89/><G71/><T70/><D62/><U35/><E42/><V40/><F64/><W117/><G117/><T125/><D125/><U68/><E68/><V100/><F100/><W67/><G67/><T94/><D94/><U119/><E59/><V4/><F4/><W108/><G79/><T10/><D10/><U55/><REACH who="1" step="1"/><E119/><REACH who="1" ten="250,240,250,250" step="2"/><V19/><F0/><W73/><G3/><T126/><D126/><U9/><E9/><V47/><F47/><W123/><G123/><T50/><REACH who="0" step="1"/><D52/><REACH who="0" ten="240,240,250,250" step="2"/><U80/><E80/><V95/><F83/><W41/><G73/><T101/><D101/><U92/><E92/><V81/><F81/><W57/><G57/><T46/><D46/><U115/><E115/><V130/><F130/><W74/><G74/><T85/><D85/><U72/><E72/><V99/><F86/><W135/><G135/><T127/><D127/><U111/><E111/><V129/><F129/><W113/><G113/><T93/><D93/><U84/><E84/><V5/><F8/><W69/><G69/><T18/><AGARI ba="0,2" hai="18,20,21,25,26,29,50,51,60,65,70,97,102,105" machi="18" ten="20,12000,1" yaku="1,1,0,1,7,1,52,2,53,0" doraHai="16" doraHaiUra="31" who="0" fromWho="0" sc="240,140,240,-40,250,-40,250,-40" /><INIT seed="0,1,0,0,5,97" ten="380,200,210,210" oya="0" hai0="79,67,108,81,73,117,59,28,127,6,66,111,84" hai1="25,114,131,116,129,50,0,77,58,85,39,72,46" hai2="135,2,121,45,123,27,9,16,33,92,41,103,122" hai3="133,125,76,8,18,69,104,54,78,31,34,82,115"/><T55/><D117/><U53/><E116/><V75/><F75/><W130/><G115/><T22/><D6/><U13/><E0/><V15/><F135/><W109/><G133/><T4/><D4/><U52/><E72/><V107/><F107/><W124/><G104/><T64/><D127/><N who="3" m="48713" /><G109/><N who="0" m="42059" /><D22/><U132/><E132/><V60/><F2/><W43/><G69/><T26/><D73/><U17/><E25/><V88/><F60/><W62/><G43/><T90/><D26/><U68/><E68/><V51/><F103/><W35/><G31/><T102/><D102/><U110/><E114/><V40/><F40/><W10/><G130/><T93/><D28/><U57/><E110/><V106/><F106/><W42/><G42/><T63/><D93/><U61/><E39/><V112/><F112/><W98/><G98/><T95/><D95/><U29/><E29/><V20/><F33/><N who="3" m="12299" /><G18/><T11/><D11/><N who="3" m="4137" /><G82/><T94/><D94/><U56/><E131/><V36/><F36/><W87/><G87/><T74/><D74/><U49/><E129/><V21/><REACH who="2" step="1"/><F27/><REACH who="2" ten="380,200,200,210" step="2"/><W65/><G65/><T83/><D83/><N who="1" m="47343" /><E61/><V128/><F128/><W134/><G134/><T32/><D32/><U86/><E86/><AGARI ba="1,1" hai="9,15,16,20,21,41,45,51,86,88,92,121,122,123" machi="86" ten="40,8000,1" yaku="1,1,54,2,53,1" doraHai="97" doraHaiUra="14" who="2" fromWho="1" sc="380,0,200,-83,200,93,210,0" /><INIT seed="1,0,0,5,2,112" ten="380,117,293,210" oya="1" hai0="106,89,78,10,124,42,119,63,98,34,67,8,74" hai1="84,41,96,54,109,126,95,133,111,43,61,4,88" hai2="114,93,9,38,59,55,86,72,118,73,107,27,22" hai3="123,35,1,128,116,21,134,127,48,69,115,90,130"/><U40/><E133/><V19/><F107/><W70/><RYUUKYOKU type="yao9" ba="0,0" sc="380,0,117,0,293,0,210,0" hai3="1,21,35,48,69,70,90,115,116,123,127,128,130,134" /><INIT seed="1,1,0,0,5,104" ten="380,117,293,210" oya="1" hai0="75,9,57,90,43,127,70,124,105,96,114,51,129" hai1="83,14,64,108,32,135,82,55,85,95,117,15,76" hai2="27,122,86,3,131,26,126,19,78,101,67,112,16" hai3="38,68,42,48,65,128,102,47,40,6,100,54,116"/><U81/><E117/><V69/><F122/><W77/><G116/><T92/><D70/><U50/><E32/><V94/><F3/><W33/><G128/><T123/><D114/><U74/><E135/><V72/><F131/><W8/><G33/><T30/><D30/><U87/><E108/><V17/><F112/><W12/><G77/><T13/><D129/><U97/><E64/><V88/><F126/><N who="0" m="48170" /><D105/><U28/><E28/><V113/><F113/><W61/><REACH who="3" step="1"/><G42/><REACH who="3" ten="380,117,293,200" step="2"/><T21/><D43/><U44/><E74/><V91/><F72/><W133/><G133/><T35/><D75/><U37/><E37/><V58/><F78/><W63/><G63/><T7/><D35/><U62/><E62/><N who="2" m="38359" /><F69/><W103/><G103/><T99/><D123/><U125/><E125/><V22/><F101/><W49/><G49/><T45/><D51/><U121/><E121/><V0/><F22/><W118/><G118/><T98/><D21/><U59/><E44/><AGARI ba="1,1" hai="6,8,12,38,40,44,47,48,54,61,65,68,100,102" machi="44" ten="30,2000,0" yaku="1,1,7,1,53,0" doraHai="104" doraHaiUra="119" who="3" fromWho="1" sc="380,0,117,-23,293,0,200,33" /><INIT seed="2,0,0,4,5,107" ten="380,94,293,233" oya="2" hai0="129,44,134,90,51,77,92,43,41,79,0,84,21" hai1="48,68,103,86,10,60,55,9,15,58,2,37,67" hai2="118,31,91,38,26,11,35,111,117,126,70,99,4" hai3="114,78,132,125,32,14,62,131,113,106,93,119,89"/><V101/><F126/><W69/><G32/><T105/><D105/><U85/><E103/><V102/><F102/><W39/><G39/><T66/><D0/><U25/><E25/><V47/><F91/><W57/><G69/><T120/><D120/><U115/><E115/><N who="3" m="44042" /><G106/><T133/><D66/><U128/><E128/><V18/><F18/><W80/><G14/><T81/><D129/><U42/><E2/><N who="2" m="407" /><F70/><W50/><G50/><T73/><D79/><U20/><E20/><V75/><F111/><W98/><G132/><N who="0" m="50795" /><D21/><U135/><E135/><V110/><F110/><W76/><G125/><T130/><D130/><U56/><E56/><V104/><F75/><N who="3" m="43039" /><G78/><T22/><D22/><U36/><E36/><V82/><F82/><W94/><G94/><T72/><D41/><AGARI ba="0,0" hai="26,31,35,38,41,47,99,101,104,117,118" m="407" machi="41" ten="30,1500,0" yaku="23,1" doraHai="107" who="2" fromWho="0" sc="380,-15,94,0,293,15,233,0" /><INIT seed="2,1,0,3,4,59" ten="365,94,308,233" oya="2" hai0="47,87,46,17,128,28,49,131,109,48,97,114,44" hai1="80,61,34,1,115,127,95,25,62,18,84,126,101" hai2="64,52,75,107,22,42,112,98,133,8,51,36,132" hai3="72,100,23,96,5,82,118,66,57,135,68,21,45"/><V78/><F112/><W110/><G118/><T103/><D114/><U29/><E1/><V41/><F36/><W35/><G110/><T113/><D113/><U129/><E115/><V116/><F116/><W56/><G135/><N who="2" m="51785" /><F8/><W4/><G35/><T73/><D73/><U88/><E129/><N who="0" m="49737" /><D87/><U77/><E101/><N who="2" m="62903" /><F22/><W104/><G45/><T55/><D109/><U65/><E18/><V32/><F32/><W43/><G23/><T40/><D17/><U37/><E37/><V12/><F12/><W71/><G21/><T30/><D46/><U123/><E123/><V120/><F120/><W11/><G11/><T70/><D70/><U106/><E106/><AGARI ba="1,0" hai="28,30,40,44,47,48,49,55,97,103,106" m="49737" machi="106" ten="30,1000,0" yaku="19,1" doraHai="59" who="0" fromWho="1" sc="365,13,94,-13,308,0,233,0" /><INIT seed="3,0,0,4,2,68" ten="378,81,308,233" oya="3" hai0="108,31,1,121,114,119,47,34,50,21,127,99,125" hai1="90,106,76,19,87,59,17,66,100,95,0,22,107" hai2="3,49,33,80,128,103,39,27,56,16,52,42,97" hai3="79,102,131,10,117,88,5,111,109,57,75,104,20"/><W135/><G117/><T71/><D71/><U8/><E0/><V83/><F3/><W69/><G69/><T74/><D74/><U130/><E130/><V134/><F128/><W35/><G131/><T92/><D1/><U84/><E100/><V25/><F134/><W105/><G135/><T73/><D73/><U120/><E120/><V81/><F33/><W93/><G35/><T32/><D119/><U61/><E107/><V98/><F16/><W122/><G20/><T2/><D2/><U18/><E106/><V53/><F53/><W91/><G57/><T41/><D121/><U4/><E8/><V62/><F62/><W43/><G43/><T133/><D133/><U86/><E4/><V123/><F123/><W7/><G122/><T129/><D129/><U63/><E76/><V115/><F115/><W24/><G24/><N who="0" m="16783" /><D108/><N who="3" m="41545" /><G102/><N who="0" m="60775" /><D114/><U29/><E29/><V85/><F85/><N who="3" m="52367" /><G91/><T51/><D51/><U36/><E22/><V15/><F15/><N who="3" m="5583" /><G7/><T28/><D28/><U23/><E23/><V40/><F40/><W37/><G37/><T77/><D77/><U55/><E36/><V94/><REACH who="2" step="1"/><F98/><REACH who="2" ten="378,81,298,233" step="2"/><W48/><G48/><T78/><D32/><U89/><REACH who="1" step="1"/><E95/><REACH who="1" ten="378,71,298,233" step="2"/><V110/><F110/><W13/><G105/><T113/><D34/><U112/><E112/><V12/><F12/><W38/><G13/><T26/><D113/><U44/><E44/><AGARI ba="0,2" hai="25,27,39,42,44,49,52,56,80,81,83,94,97,103" machi="44" ten="40,5200,0" yaku="1,1,52,1,54,1,53,0" doraHai="68" doraHaiUra="11" who="2" fromWho="1" sc="378,0,71,-52,298,72,233,0" owari="378,47.8,19,-48.1,370,17.0,233,-16.7" /></mjloggm>