<mjloggm ver="2.3"><GO type="225" lobby="0"/><UN n0="%E3%81%AF%E3%82%88%E3%81%8A%E3%81%98%E3%81%95%E3%82%93" n1="%E5%84%AA%40%41%42%43" n2="%73%75%7A%75%6D%65%33" n3="%E6%A1%9C%E8%8A%B1%E9%96%83%E3%80%85" dan="16,17,17,18" rate="2215.10,2253.63,2184.35,2279.89" sx="M,M,M,M"/><TAIKYOKU oya="0"/><INIT seed="0,0,0,0,0,54" ten="250,250,250,250" oya="0" hai0="122,135,2,40,49,92,101,50,102,3,19,53,55" hai1="121,64,112,93,21,106,43,113,31,13,108,77,72" hai2="80,86,26,124,65,20,36,96,56,7,81,89,123" hai3="129,118,17,63,29,85,10,35,58,22,116,1,68"/><T60/><D122/><U119/><E121/><V114/><F123/><W125/><G68/><T23/><D135/><U30/><E106/><V5/><F114/><N who="1" m="44137" /><E119/><V110/><F36/><W134/><G134/><T70/><D40/><U59/><E43/><V47/><F124/><W117/><G125/><T16/><D70/><U8/><E108/><V103/><F110/><W88/><G129/><T9/><D60/><N who="1" m="37919" /><E21/><V15/><F47/><W82/><G35/><T75/><D75/><U61/><E61/><N who="2" m="38055" /><F81/><W34/><G34/><T39/><D39/><U14/><E93/><N who="2" m="58767" /><F15/><N who="1" m="5641" /><E8/><V79/><F79/><W128/><G128/><T87/><D92/><U51/><E51/><V42/><F42/><W44/><G10/><T130/><D9/><U105/><E105/><V98/><F98/><W131/><G131/><T132/><D130/><U41/><E41/><V27/><F27/><W11/><G11/><T28/><D132/><U111/><E111/><V18/><AGARI ba="0,0" hai="5,7,18,20,26,80,86,89" m="58767,38055" machi="18" ten="30,2000,0" yaku="8,1,52,1" doraHai="54" who="2" fromWho="2" sc="250,-10,250,-5,250,20,250,-5" /><INIT seed="1,0,0,2,0,10" ten="240,245,270,245" oya="1" hai0="48,62,60,27,100,55,35,8,50,18,127,4,87" hai1="112,26,93,109,92,108,37,22,16,119,103,98,57" hai2="2,124,110,126,72,46,45,118,30,67,20,68,75" hai3="111,15,131,78,96,99,84,6,106,5,56,23,1"/><U25/><E112/><V91/><F118/><W107/><G1/><T104/><D127/><N who="2" m="48682" /><F2/><W102/><G111/><N who="1" m="42570" /><E119/><V117/><F110/><W81/><G131/><T82/><D104/><N who="1" m="63607" /><E37/><V49/><F117/><W32/><G32/><T38/><D38/><U54/><E25/><N who="2" m="16679" /><F91/><W19/><G56/><T11/><D100/><AGARI ba="0,0" hai="5,6,15,19,23,78,81,84,96,99,100,102,106,107" machi="100" ten="40,2600,0" yaku="9,1,52,1" doraHai="10" who="3" fromWho="0" sc="240,-26,245,0,270,0,245,26" /><INIT seed="2,0,0,2,2,45" ten="214,245,270,271" oya="2" hai0="105,122,70,27,118,6,46,22,61,108,48,33,52" hai1="3,54,125,67,129,14,43,83,15,128,57,13,34" hai2="20,4,86,47,135,0,97,98,112,93,121,32,127" hai3="100,124,131,74,24,58,104,87,132,44,25,81,103"/><V114/><F121/><W89/><G124/><T79/><D122/><U41/><E3/><V72/><F32/><W1/><G1/><T18/><D105/><U134/><E34/><V85/><F72/><W120/><G120/><T49/><D108/><U40/><E125/><V2/><F127/><W107/><G131/><N who="1" m="50250" /><E134/><V19/><F135/><W99/><G132/><T96/><D118/><U7/><E83/><V111/><F111/><W62/><G74/><T90/><D33/><U102/><E102/><V53/><F98/><W73/><G73/><T60/><D70/><U68/><E68/><V59/><F47/><W23/><G44/><N who="0" m="27655" /><D6/><U31/><E31/><V17/><F0/><W123/><G123/><T35/><D79/><U119/><E67/><V77/><F77/><W38/><G38/><T91/><D35/><U30/><E30/><V29/><F29/><W55/><G23/><T36/><D36/><U110/><E119/><V69/><F69/><W101/><G101/><T10/><D10/><N who="1" m="4319" /><E110/><V88/><F4/><W109/><G109/><T116/><D116/><U8/><E8/><V106/><F2/><W78/><G78/><T117/><D117/><U5/><E5/><V113/><F106/><W130/><G130/><T12/><D12/><U64/><E64/><V133/><F133/><W26/><G103/><T16/><D18/><U11/><E11/><V37/><F17/><W9/><G9/><T51/><D91/><U39/><E39/><V66/><F37/><W50/><G104/><T75/><D75/><U28/><E28/><V92/><F113/><W65/><G65/><RYUUKYOKU ba="0,0" sc="214,-15,245,15,270,-15,271,15" hai1="14,15,40,41,43,54,57" hai3="24,25,26,50,55,58,62,81,87,89,99,100,107" /><INIT seed="3,1,0,3,3,3" ten="199,260,255,286" oya="3" hai0="16,51,135,30,25,69,47,58,109,102,133,88,64" hai1="83,80,84,50,112,113,20,70,124,101,63,95,38" hai2="45,77,82,134,12,85,92,86,98,19,22,53,117" hai3="17,115,35,119,18,39,111,126,42,28,78,40,48"/><W94/><G115/><T65/><D69/><U108/><E38/><V34/><F34/><W60/><G119/><T87/><D102/><U15/><E108/><V74/><F134/><N who="0" m="51210" /><D109/><U6/><E124/><V4/><F117/><W44/><G111/><T9/><D58/><U7/><E70/><V24/><F53/><W131/><G78/><T5/><D30/><U36/><E36/><V76/><F45/><W29/><G131/><T72/><D72/><U122/><E122/><V54/><F54/><W110/><G110/><T118/><D118/><U105/><E105/><V79/><F74/><W55/><G29/><T116/><D116/><U31/><E63/><V41/><F41/><W2/><G60/><T73/><D73/><U62/><E62/><V67/><F67/><W61/><G61/><T43/><D25/><N who="1" m="16807" /><E113/><V100/><REACH who="2" step="1"/><F85/><REACH who="2" ten="199,260,245,286" step="2"/><W52/><G44/><T14/><D5/><U8/><E112/><V127/><F127/><W27/><G126/><T130/><D130/><U99/><E6/><V103/><F103/><W26/><G35/><T0/><D0/><U75/><E75/><V71/><F71/><W93/><G2/><T123/><D123/><U59/><E84/><V10/><AGARI ba="1,1" hai="4,10,12,19,22,24,76,77,79,82,86,92,98,100" machi="10" ten="30,7900,0" yaku="1,1,0,1,8,1,52,1,53,0" doraHai="3" doraHaiUra="125" who="2" fromWho="2" sc="199,-21,260,-21,245,92,286,-40" owari="178,-32.2,239,-16.1,337,43.7,246,4.6" /></mjloggm>