<mjloggm ver="2.3"><GO type="225" lobby="0"/><UN n0="%E3%81%B8%E3%82%80%E3%81%B8%E3%82%80%EF%BC%92%E5%8F%B7" n1="%E8%A8%88%E7%AE%97%E6%A9%9F%E8%87%AA%E7%84%B6" n2="%E3%81%A9%E3%82%8F%E3%82%93%E3%81%94" n3="%E6%80%AA%E3%81%97%E3%81%99%E3%81%8E%E3%82%8B%E3%83%81%E3%83%BC" dan="17,17,16,16" rate="2192.28,2190.61,2184.53,2183.97" sx="M,M,M,M"/><TAIKYOKU oya="0"/><INIT seed="0,0,0,4,3,24" ten="250,250,250,250" oya="0" hai0="128,92,45,26,119,20,36,4,83,39,111,14,41" hai1="103,44,6,54,22,56,131,112,82,65,132,100,86" hai2="77,127,68,51,12,17,16,125,28,10,23,1,124" hai3="126,95,129,69,101,76,93,57,52,0,90,59,19"/><T109/><D119/><U134/><E131/><V117/><F68/><W33/><G69/><T42/><D128/><U118/><E118/><V116/><F77/><W32/><G0/><T64/><D64/><U63/><E112/><V108/><F51/><W46/><G76/><T61/><D61/><U130/><E6/><N who="2" m="1359" /><F108/><N who="0" m="41546" /><D92/><U133/><E22/><N who="2" m="11527" /><F28/><W30/><G30/><N who="0" m="17735" /><D83/><U94/><E130/><V99/><F99/><W110/><G110/><T40/><D45/><U25/><E82/><V79/><F79/><W80/><G46/><T120/><D120/><U31/><E44/><V53/><F53/><W15/><G52/><T2/><D2/><U35/><E65/><V34/><F34/><W37/><G33/><T7/><D14/><AGARI ba="0,0" hai="14,17,23,116,117,124,125,127" m="11527,1359" machi="14" ten="30,7700,0" yaku="18,1,34,2,54,1" doraHai="24" who="2" fromWho="0" sc="250,-77,250,0,250,77,250,0" /><INIT seed="1,0,0,0,2,1" ten="173,250,327,250" oya="1" hai0="101,44,127,5,82,25,119,53,98,14,26,23,123" hai1="45,42,39,100,94,3,110,107,49,121,62,27,132" hai2="21,90,114,52,84,58,91,61,105,129,50,73,89" hai3="112,9,41,12,130,83,20,102,81,108,79,92,74"/><U109/><E121/><V65/><F129/><W38/><G112/><T87/><D127/><U131/><E131/><V80/><F105/><W56/><G108/><N who="1" m="41578" /><E132/><V134/><F134/><W133/><G83/><T6/><D119/><U19/><E107/><V63/><F114/><W4/><G130/><T66/><D66/><U103/><E3/><V97/><F73/><W46/><G133/><T13/><D53/><U69/><E39/><V16/><F97/><W31/><G56/><T28/><D44/><U71/><E94/><V29/><F29/><W0/><G31/><T124/><D26/><U32/><E32/><V2/><F2/><W116/><G116/><T88/><D124/><U11/><E27/><N who="2" m="14759" /><F65/><W47/><G47/><T34/><D123/><U30/><E30/><V54/><F54/><W104/><G104/><T72/><D72/><U67/><E69/><V10/><F10/><W125/><G125/><T93/><D34/><U76/><E11/><V59/><F59/><W95/><G102/><N who="1" m="38954" /><E19/><AGARI ba="0,0" hai="0,4,9,12,19,20,38,41,46,74,79,81,92,95" machi="19" ten="40,5200,0" yaku="25,2,52,1" doraHai="1" who="3" fromWho="1" sc="173,0,250,-52,327,0,250,52" /><INIT seed="2,0,0,0,2,53" ten="173,198,327,302" oya="2" hai0="34,32,26,132,71,7,134,100,93,82,96,95,117" hai1="69,62,23,125,114,123,22,35,5,122,74,45,131" hai2="6,9,59,72,130,63,10,78,25,61,112,105,13" hai3="128,15,17,84,60,21,97,16,64,113,28,106,18"/><V4/><F112/><W116/><G116/><T90/><D71/><U37/><E114/><V108/><F105/><W109/><G113/><T14/><D117/><U133/><E35/><V76/><F130/><W36/><G36/><T77/><D26/><U30/><E74/><V1/><F108/><W111/><G128/><T24/><D24/><U89/><E131/><V124/><F124/><W29/><G84/><T98/><D14/><U85/><E125/><V79/><F25/><W118/><G118/><T20/><D20/><U129/><E30/><N who="3" m="11882" /><G97/><T3/><D3/><U126/><E133/><V86/><F63/><W54/><G54/><T120/><D7/><U55/><E5/><V43/><F43/><W75/><G75/><T19/><D19/><U52/><E126/><V11/><F72/><W88/><G88/><N who="0" m="55335" /><D120/><N who="1" m="46123" /><E129/><V0/><F11/><W80/><G106/><N who="0" m="63767" /><D32/><U49/><E37/><V57/><F13/><W110/><G80/><T44/><D44/><U48/><E69/><AGARI ba="0,0" hai="15,16,17,18,21,60,64,69,109,110,111" m="11882" machi="69" ten="30,2000,0" yaku="14,1,54,1" doraHai="53" who="3" fromWho="1" sc="173,0,198,-20,327,0,302,20" /><INIT seed="3,0,0,4,3,49" ten="173,178,327,322" oya="3" hai0="57,114,125,77,130,91,38,92,4,55,85,7,86" hai1="118,37,82,64,19,67,13,36,129,16,93,43,61" hai2="133,84,75,127,62,0,100,71,26,2,98,35,11" hai3="54,18,96,30,88,8,42,17,20,108,51,101,60"/><W126/><G126/><T104/><D125/><U33/><E33/><V90/><F127/><W131/><G131/><T87/><D130/><U12/><E129/><V41/><F75/><W10/><G108/><T105/><D114/><U32/><E32/><V89/><F41/><W27/><G60/><T111/><D38/><U9/><E118/><V95/><F133/><W109/><G42/><T122/><D122/><U45/><E93/><V6/><F2/><W52/><G109/><T128/><D128/><U132/><E132/><V22/><F35/><W115/><G115/><T123/><D123/><U106/><E106/><V117/><F117/><W113/><G113/><T1/><D111/><U28/><E28/><V59/><F84/><N who="0" m="32362" /><D105/><U74/><E36/><V116/><F71/><W40/><G101/><T50/><D104/><U63/><E61/><V65/><F116/><W79/><G79/><T72/><D72/><U103/><E103/><V14/><F0/><W99/><G88/><T119/><D119/><U70/><E64/><V24/><F24/><W25/><G40/><T34/><D34/><U134/><E134/><V83/><F83/><W29/><G51/><T69/><D69/><U68/><E68/><V97/><F97/><W73/><G20/><T102/><D1/><U94/><E94/><V110/><F110/><W66/><G66/><T120/><D120/><U124/><E124/><V47/><F47/><W76/><G76/><T121/><D121/><U78/><E12/><V81/><F81/><W39/><G39/><T135/><D135/><U80/><E80/><V31/><AGARI ba="0,0" hai="6,11,14,22,26,31,59,62,65,89,90,95,98,100" machi="31" ten="20,12000,2" yaku="5,1,0,1,7,1,25,2,8,1" doraHai="49" who="2" fromWho="2" sc="173,-30,178,-30,327,120,322,-60" owari="143,-35.7,148,-25.2,447,54.7,262,6.2" /></mjloggm>