<mjloggm ver="2.3"><GO type="225" lobby="0"/><UN n0="%E4%B8%89%E5%88%86%E5%B0%8F%E5%83%A7" n1="%E3%82%8C%E3%81%99%E3%81%93" n2="%E7%AB%8B%E7%9B%B4%E5%A5%BD%E6%A3%92%40%E5%BF%98" n3="%E3%83%9D%E3%82%B1%E3%83%83%E3%83%88" dan="16,17,17,16" rate="2111.61,2171.73,2107.83,2103.54" sx="M,F,M,M"/><TAIKYOKU oya="0"/><INIT seed="0,0,0,3,2,32" ten="250,250,250,250" oya="0" hai0="2,21,134,98,56,104,111,45,43,51,130,127,5" hai1="24,46,54,50,36,92,81,115,91,131,10,85,55" hai2="132,116,110,96,4,122,82,89,29,18,72,90,33" hai3="13,74,80,9,120,73,39,11,14,48,64,1,66"/><T76/><D127/><U16/><E131/><V129/><F18/><W58/><G39/><T108/><D130/><U103/><E36/><V78/><F4/><W121/><G48/><T30/><D134/><U124/><E124/><V40/><F40/><W70/><G58/><T83/><D104/><U113/><E55/><V28/><F28/><W79/><G80/><T69/><D69/><U86/><E103/><V47/><F47/><W19/><G79/><T49/><D98/><U105/><E105/><V128/><F29/><W22/><G22/><T71/><D71/><U7/><E24/><V101/><F33/><W88/><G70/><T65/><D30/><U17/><E115/><V84/><F122/><W61/><G61/><N who="0" m="38055" /><D21/><U135/><E113/><V107/><F110/><N who="0" m="42026" /><D51/><U118/><E135/><V97/><F132/><W25/><G120/><T75/><D5/><U3/><REACH who="1" step="1"/><E118/><REACH who="1" ten="250,240,250,250" step="2"/><V77/><F116/><W35/><G121/><T68/><D68/><U8/><E8/><V57/><F128/><W20/><G11/><T6/><D6/><U93/><E93/><N who="2" m="56367" /><F129/><W95/><G95/><T59/><D59/><U52/><E52/><V23/><F57/><W0/><G9/><T123/><D123/><U100/><E100/><V44/><F44/><W87/><G64/><T94/><D94/><U112/><E112/><V62/><F107/><W31/><G66/><T42/><D42/><U99/><E99/><V114/><F97/><W15/><G20/><T63/><D63/><U26/><E26/><V60/><F23/><W34/><G34/><T27/><D27/><U12/><E12/><RYUUKYOKU ba="0,1" sc="250,15,240,15,250,-15,250,-15" hai0="2,43,45,49,75,76,83" hai1="3,7,10,16,17,46,50,54,81,85,86,91,92" /><INIT seed="0,1,1,5,5,46" ten="265,255,235,235" oya="0" hai0="49,77,116,2,62,11,100,36,35,66,93,25,114" hai1="112,101,110,43,40,68,84,39,69,58,120,92,102" hai2="6,13,30,95,45,55,115,74,119,29,64,78,121" hai3="97,47,122,37,61,99,124,23,72,135,105,126,22"/><T130/><D114/><U52/><E120/><V91/><F115/><W73/><G122/><T18/><D116/><U34/><E112/><V123/><F121/><W20/><G135/><T83/><D130/><U26/><E110/><V4/><F123/><W103/><G61/><T128/><D36/><U48/><E68/><V57/><F119/><W127/><REACH who="3" step="1"/><G97/><REACH who="3" ten="265,255,235,225" step="2"/><T113/><D113/><U50/><E69/><V94/><F64/><W82/><G82/><T80/><D128/><U109/><E109/><V21/><F74/><W56/><G56/><T1/><D62/><U98/><E98/><V108/><F108/><W8/><G8/><T5/><D66/><U129/><E129/><V31/><F45/><W33/><G33/><T14/><D35/><U76/><E34/><V7/><F78/><W0/><G0/><T41/><D77/><U24/><E76/><V89/><F21/><W71/><G71/><T17/><D1/><U96/><E58/><V134/><F134/><W9/><G9/><T79/><D79/><U106/><E96/><V88/><F13/><W104/><G104/><T42/><D2/><U81/><E106/><V15/><F15/><W51/><G51/><AGARI ba="1,2" hai="4,6,7,29,30,31,51,55,57,88,89,91,94,95" machi="51" ten="50,8000,1" yaku="29,2,8,1,52,1,54,1" doraHai="46" who="2" fromWho="3" sc="265,0,255,0,235,103,225,-83" /><INIT seed="1,0,0,1,5,81" ten="265,255,338,142" oya="1" hai0="70,17,95,83,29,122,18,46,111,106,86,99,118" hai1="56,115,84,108,128,9,37,54,58,91,14,117,5" hai2="19,131,87,65,112,67,60,61,127,59,53,88,121" hai3="42,132,109,92,28,76,124,103,43,41,7,107,22"/><U25/><E115/><V77/><F121/><W105/><G109/><T133/><D118/><U126/><E117/><V104/><F104/><W11/><G124/><T96/><D111/><U10/><E108/><V39/><F39/><W32/><G32/><T23/><D133/><U90/><E126/><V80/><F127/><W94/><G132/><T50/><D70/><U3/><E128/><V100/><F131/><W2/><G76/><T51/><D106/><U36/><E25/><V74/><F112/><W13/><G94/><T110/><D122/><U120/><E91/><V130/><F100/><W114/><G114/><T35/><D35/><U48/><E58/><V135/><F135/><W21/><G21/><T123/><D123/><U47/><E56/><N who="2" m="34831" /><F130/><W33/><G92/><T68/><D68/><U52/><E54/><N who="2" m="34039" /><F74/><W30/><G30/><T78/><D110/><U75/><E75/><V20/><F77/><W113/><G103/><N who="0" m="60831" /><D99/><U125/><E120/><V1/><F1/><W119/><G119/><T129/><D129/><U98/><E98/><V57/><F57/><W45/><G45/><T24/><D51/><U49/><E49/><V16/><F19/><W44/><G44/><T4/><D4/><U40/><E125/><V93/><F93/><W38/><G38/><T97/><D97/><U31/><E31/><V102/><F102/><W82/><G113/><T71/><D71/><U62/><E62/><V72/><F72/><W63/><G63/><T34/><D34/><U0/><E0/><V27/><AGARI ba="0,0" hai="16,20,27,65,67,80,87,88" m="34039,34831" machi="27" ten="30,7900,0" yaku="8,1,52,1,54,2" doraHai="81" who="2" fromWho="2" sc="265,-20,255,-39,338,79,142,-20" /><INIT seed="2,0,0,3,2,122" ten="245,216,417,122" oya="2" hai0="51,7,28,123,15,58,26,82,49,134,31,126,30" hai1="85,8,64,29,121,70,4,63,77,25,65,71,33" hai2="16,102,5,62,55,10,92,32,52,23,87,111,12" hai3="24,106,100,22,67,0,107,38,129,43,9,68,119"/><V133/><F32/><W81/><G119/><T41/><D123/><U108/><E121/><V54/><F133/><W110/><G129/><T56/><D134/><U116/><E116/><V99/><F111/><W18/><G100/><T69/><D69/><U45/><E108/><V118/><F118/><W113/><G113/><T127/><D82/><U73/><E85/><V130/><F130/><W112/><G112/><T72/><D72/><U80/><E45/><V95/><F87/><W14/><G67/><T109/><D109/><U83/><E83/><V11/><F95/><W44/><G68/><T19/><D7/><U88/><E88/><V97/><F97/><W125/><G125/><N who="0" m="47627" /><D26/><U42/><E42/><V61/><REACH who="2" step="1"/><F11/><REACH who="2" ten="245,216,407,122" step="2"/><W34/><G110/><T37/><D37/><U50/><E8/><V35/><F35/><W94/><G94/><T66/><D30/><U98/><E29/><V120/><F120/><W89/><G81/><T86/><D31/><U2/><E80/><V39/><F39/><W78/><G34/><T104/><D28/><U128/><E33/><V59/><F59/><W84/><G84/><T135/><D58/><U115/><E71/><V114/><F114/><W76/><G89/><T105/><D56/><U46/><E70/><V1/><AGARI ba="0,1" hai="1,5,10,12,16,23,52,54,55,61,62,92,99,102" machi="1" ten="30,12000,1" yaku="1,1,0,1,54,2,53,1" doraHai="122" doraHaiUra="90" who="2" fromWho="2" sc="245,-40,216,-40,407,130,122,-40" /><INIT seed="2,1,0,0,4,63" ten="205,176,537,82" oya="2" hai0="48,86,49,81,68,71,84,7,37,131,43,77,102" hai1="95,98,87,56,112,6,19,9,13,133,8,130,80" hai2="50,116,79,32,3,99,60,33,64,110,21,118,101" hai3="97,74,108,38,129,41,135,120,26,54,88,67,103"/><V59/><F3/><W4/><G120/><T44/><D131/><U14/><E130/><V70/><F79/><W58/><G129/><T36/><D102/><U105/><E133/><V29/><F110/><W85/><G135/><T93/><D7/><U128/><E128/><V114/><F114/><W28/><G74/><T47/><D71/><U104/><E112/><V30/><F30/><W27/><G108/><T115/><D68/><U46/><E56/><V15/><F15/><W94/><G4/><T132/><D115/><U52/><E95/><N who="2" m="58623" /><F50/><W121/><G121/><T62/><D62/><U1/><E98/><V53/><F53/><W100/><G100/><T39/><D132/><U40/><E1/><V91/><F91/><W17/><G38/><T25/><D25/><U0/><E0/><V65/><F70/><W2/><G2/><T45/><REACH who="0" step="1"/><D43/><REACH who="0" ten="195,176,537,82" step="2"/><U22/><E40/><V125/><F118/><W113/><G113/><T96/><D96/><U117/><E117/><V24/><F116/><W72/><G41/><T31/><D31/><U107/><E6/><V12/><F12/><W11/><G28/><T83/><D83/><U51/><REACH who="1" step="1"/><E14/><REACH who="1" ten="195,166,537,82" step="2"/><V127/><F65/><W23/><G67/><T10/><D10/><U124/><E124/><AGARI ba="1,2" hai="21,24,29,32,33,59,60,64,124,125,127" m="58623" machi="124" ten="30,5800,0" yaku="25,1,18,1,52,1" doraHai="63" who="2" fromWho="1" sc="195,0,166,-61,537,81,82,0" /><INIT seed="2,2,0,0,2,45" ten="195,105,618,82" oya="2" hai0="29,94,39,1,71,86,120,118,84,36,77,116,82" hai1="4,27,83,37,13,130,6,99,2,104,11,109,44" hai2="90,41,111,55,81,46,128,125,106,19,66,80,97" hai3="68,15,117,10,101,105,64,62,122,78,34,124,89"/><V3/><F3/><W96/><G117/><N who="0" m="45163" /><D71/><U131/><E109/><V67/><F111/><W75/><G124/><T5/><D29/><U38/><E27/><V79/><F125/><W91/><G122/><T73/><D120/><U23/><E83/><V126/><F126/><W93/><G34/><T92/><D5/><U22/><E22/><V129/><F55/><W74/><G78/><T42/><D1/><U18/><E6/><V102/><F19/><W58/><G68/><T48/><D73/><U20/><E20/><V133/><F133/><W63/><G63/><T7/><D7/><U70/><E70/><V30/><F30/><W103/><G103/><T132/><D132/><U35/><E35/><V121/><F121/><W98/><REACH who="3" step="1"/><G91/><REACH who="3" ten="195,105,618,72" step="2"/><N who="0" m="53351" /><D94/><U31/><E104/><V72/><F90/><W113/><G113/><T95/><D95/><U57/><E131/><N who="2" m="50251" /><F81/><W69/><G69/><T32/><D32/><U0/><E130/><V25/><F25/><W50/><G50/><AGARI ba="2,1" hai="41,46,50,66,67,72,79,80,97,102,106" m="50251" machi="50" ten="30,2900,0" yaku="19,1,52,1" doraHai="45" who="2" fromWho="3" sc="195,0,105,0,618,45,72,-35" /><INIT seed="2,3,0,1,2,8" ten="195,105,663,37" oya="2" hai0="33,49,68,6,5,76,98,35,130,80,4,32,133" hai1="121,79,127,105,102,39,24,57,100,119,70,87,89" hai2="134,74,128,125,103,28,107,96,104,64,126,9,34" hai3="122,7,71,129,117,27,26,45,12,108,18,99,124"/><V48/><F48/><W14/><G71/><T112/><D112/><U94/><E70/><V84/><F9/><N who="3" m="4159" /><G117/><T83/><D68/><U115/><E39/><V91/><F64/><W110/><G99/><T82/><D130/><U114/><E119/><V13/><F13/><W106/><G106/><N who="2" m="40489" /><F28/><W81/><G81/><T92/><D49/><U113/><E24/><N who="3" m="9258" /><G45/><T37/><D37/><U60/><E121/><V118/><F34/><W10/><G122/><T44/><D44/><U53/><E105/><N who="2" m="63719" /><F118/><W90/><G90/><T66/><D66/><U65/><E65/><V55/><F55/><W2/><G129/><T15/><D133/><U46/><E46/><V120/><F120/><W78/><G78/><T63/><D63/><U93/><E79/><V54/><F54/><W21/><G124/><N who="2" m="47721" /><F128/><W62/><G62/><T36/><D36/><U131/><E127/><V97/><F97/><W52/><G52/><T1/><D98/><N who="1" m="59479" /><E131/><V75/><F134/><W42/><G42/><T0/><D76/><U111/><E102/><V50/><F50/><W67/><G67/><T11/><D33/><U41/><E41/><V47/><F47/><W20/><G2/><T86/><D0/><U19/><E53/><V30/><F30/><W88/><G88/><N who="0" m="53271" /><D1/><U123/><E60/><V58/><F58/><W132/><G132/><T43/><D43/><U72/><E57/><V22/><F22/><AGARI ba="3,0" hai="10,14,18,20,21,22,108,110" m="9258,4159" machi="22" ten="30,7700,0" yaku="34,2,52,2" doraHai="8" who="3" fromWho="2" sc="195,0,105,0,663,-86,37,86" /><INIT seed="3,0,0,3,0,57" ten="195,105,577,123" oya="3" hai0="44,97,125,110,77,73,31,132,95,18,19,79,68" hai1="70,28,114,122,91,121,30,62,33,90,104,135,61" hai2="32,100,59,50,2,129,108,17,86,107,41,112,133" hai3="65,51,127,55,12,72,37,45,6,96,20,63,116"/><W75/><G116/><T124/><D110/><U131/><E114/><V76/><F112/><W69/><G127/><N who="0" m="48715" /><D68/><U49/><E104/><V11/><F32/><W83/><G83/><N who="0" m="45487" /><D79/><U53/><E131/><V111/><F133/><W109/><G109/><T27/><D44/><N who="1" m="27815" /><E122/><V119/><F119/><W71/><G71/><T106/><D106/><U103/><E70/><V13/><F2/><W25/><G96/><T101/><D132/><U22/><E33/><AGARI ba="0,0" hai="18,19,27,31,33,95,97,101" m="45487,48715" machi="33" ten="30,1000,0" yaku="18,1" doraHai="57" who="0" fromWho="1" sc="195,10,105,-10,577,0,123,0" owari="205,0.5,95,-40.5,577,67.7,123,-27.7" /></mjloggm>