<mjloggm ver="2.3"><GO type="225" lobby="0"/><UN n0="%E3%81%B5%E3%81%98%E3%81%8B%E3%81%A4" n1="%E3%81%BF%E3%81%BF%E3%81%9A" n2="%E5%A4%9C%E5%85%89%E5%A4%A9%E6%A5%BC" n3="%72%65%6E%6B%75%6E" dan="16,18,16,17" rate="2187.07,2261.72,2133.89,2237.46" sx="M,M,M,M"/><TAIKYOKU oya="0"/><INIT seed="0,0,0,4,4,79" ten="250,250,250,250" oya="0" hai0="111,89,116,120,24,17,50,103,23,106,66,105,36" hai1="88,11,123,77,67,59,74,12,16,127,25,47,119" hai2="21,3,63,135,43,121,73,22,56,71,2,29,18" hai3="55,58,19,15,5,78,90,117,60,52,113,6,45"/><T20/><D120/><U107/><E119/><V0/><F121/><W37/><G117/><T132/><D116/><U41/><E123/><V46/><F71/><W95/><G113/><T134/><D36/><U75/><E107/><V81/><F135/><N who="0" m="51754" /><D66/><U91/><E127/><V31/><F22/><W104/><G104/><T40/><D103/><U109/><E109/><V94/><F94/><W83/><G37/><T122/><D122/><U124/><E124/><V8/><F8/><N who="3" m="6631" /><G78/><T32/><D32/><U72/><E77/><V30/><F73/><W112/><G112/><T34/><D34/><U70/><E70/><V114/><F114/><W7/><G83/><T14/><D89/><U26/><E59/><V115/><F115/><W57/><G45/><N who="0" m="25895" /><D111/><U108/><E67/><V38/><F81/><W84/><G58/><T96/><D96/><U53/><E53/><AGARI ba="0,0" hai="5,6,7,52,53,55,57,60,84,90,95" m="6631" machi="53" ten="30,2000,0" yaku="8,1,54,1" doraHai="79" who="3" fromWho="1" sc="250,0,250,-20,250,0,250,20" /><INIT seed="1,0,0,1,3,67" ten="250,230,250,270" oya="1" hai0="107,93,95,73,38,29,23,103,117,53,123,118,17" hai1="72,27,64,25,7,127,89,129,10,101,69,116,44" hai2="57,21,40,47,45,124,121,34,71,37,91,14,97" hai3="98,102,55,130,70,113,134,61,11,58,35,68,76"/><U12/><E116/><V99/><F121/><W81/><G113/><T126/><D73/><U114/><E114/><V9/><F34/><W132/><G35/><T111/><D38/><U125/><E72/><V13/><F124/><N who="1" m="47689" /><E129/><V122/><F122/><W119/><G119/><T86/><D123/><U5/><E101/><V133/><F71/><W96/><G11/><T106/><D103/><U100/><E100/><V115/><F115/><W48/><G130/><T24/><D126/><U128/><E128/><V36/><F133/><N who="3" m="51307" /><G61/><T54/><D86/><U112/><E112/><V59/><F21/><W80/><G80/><T56/><D118/><U87/><E44/><V18/><F91/><W41/><G41/><T49/><D117/><U39/><E39/><V28/><F40/><W32/><G32/><T3/><D3/><U79/><E79/><V16/><F9/><W15/><G15/><N who="0" m="9663" /><D107/><U83/><E5/><V109/><REACH who="2" step="1"/><F28/><REACH who="2" ten="250,230,240,270" step="2"/><W1/><G1/><T77/><D29/><U42/><E42/><V43/><F43/><W30/><G30/><T6/><D77/><U75/><E75/><V135/><F135/><W85/><G102/><T108/><D108/><AGARI ba="0,1" hai="13,14,16,18,36,37,45,47,57,59,97,99,108,109" machi="108" ten="25,6400,0" yaku="1,1,22,2,54,1,53,0" doraHai="67" doraHaiUra="62" who="2" fromWho="0" sc="250,-64,230,0,240,74,270,0" /><INIT seed="2,0,0,0,5,80" ten="186,230,314,270" oya="2" hai0="78,51,21,90,88,99,36,11,26,101,54,52,110" hai1="53,106,108,120,60,76,9,125,59,44,14,42,15" hai2="20,81,64,45,118,119,115,95,113,66,27,111,2" hai3="82,85,112,75,24,1,83,49,74,63,130,135,40"/><V17/><F2/><W128/><G1/><T46/><D110/><U39/><E108/><V129/><F111/><W12/><G135/><T30/><D36/><U22/><E106/><V102/><F129/><N who="3" m="49771" /><G112/><T3/><D78/><U65/><E125/><V93/><F115/><W131/><N who="3" m="49779" /><W84/><DORA hai="70" /><G12/><T67/><D67/><N who="2" m="25642" /><F113/><W87/><G63/><T16/><D54/><U29/><E120/><V122/><F119/><W105/><G105/><T47/><D47/><U71/><E76/><V23/><F118/><W92/><G92/><N who="0" m="58599" /><D3/><U109/><E109/><V116/><F102/><W31/><G75/><T103/><D103/><U73/><E73/><V61/><F122/><W37/><G37/><T33/><D33/><U107/><E107/><V55/><F61/><W28/><G74/><T58/><D46/><U123/><E123/><V72/><F72/><W126/><G126/><T50/><D50/><N who="1" m="31159" /><E9/><V41/><F116/><W117/><G117/><T34/><D34/><U6/><E6/><V19/><F41/><W89/><G89/><N who="0" m="34411" /><D11/><U43/><E42/><V134/><F45/><N who="3" m="25767" /><G28/><AGARI ba="0,0" hai="16,21,26,28,30,51,52,58" m="34411,58599" machi="28" ten="30,7700,0" yaku="8,1,54,3" doraHai="80,70" who="0" fromWho="3" sc="186,77,230,0,314,0,270,-77" /><INIT seed="3,0,0,4,2,12" ten="263,230,314,193" oya="3" hai0="116,65,91,101,124,49,8,99,22,21,87,125,118" hai1="120,16,19,119,132,20,5,100,98,45,18,64,97" hai2="44,42,48,106,1,104,31,127,95,75,79,78,41" hai3="3,24,6,77,25,52,37,122,71,105,115,73,58"/><W89/><G105/><T43/><D65/><U33/><E120/><V80/><F127/><N who="0" m="48714" /><D8/><U39/><E33/><V114/><F114/><W7/><G71/><T92/><D49/><U111/><E5/><N who="3" m="1546" /><G37/><T66/><D43/><U76/><E111/><V93/><F79/><W29/><G73/><T59/><D59/><U117/><E64/><V62/><F1/><W102/><G115/><T133/><D133/><U128/><E132/><V112/><F112/><W72/><G72/><T47/><D47/><U123/><E123/><V28/><F104/><W53/><G122/><T4/><D66/><U83/><E20/><N who="0" m="7785" /><D4/><U17/><E128/><V113/><F42/><W70/><G70/><T96/><D96/><U90/><E90/><V50/><F106/><AGARI ba="0,0" hai="87,91,92,99,101,106,116,118" m="7785,48714" machi="106" ten="30,1000,0" yaku="18,1" doraHai="12" who="0" fromWho="2" sc="263,10,230,0,314,-10,193,0" owari="273,7.3,230,-17.0,304,40.4,193,-30.7" /></mjloggm>