<mjloggm ver="2.3"><GO type="225" lobby="0"/><UN n0="%E3%81%86%E3%83%BC%E3%81%B1%E3%83%BC" n1="%6E%65%77%E8%BC%AA%E5%A4%A7%E7%B4%8D%E8%A8%80" n2="%73%6C%69%63%6B%33%31%39" n3="%E7%AD%89%E3%80%85%E5%8A%9B%E5%8A%87%E5%A0%B4" dan="16,16,16,16" rate="2156.88,2109.41,2164.24,2145.42" sx="F,M,M,M"/><TAIKYOKU oya="0"/><INIT seed="0,0,0,2,2,102" ten="250,250,250,250" oya="0" hai0="111,103,123,66,84,20,127,120,55,23,33,45,132" hai1="76,105,12,21,58,52,89,99,109,50,87,122,134" hai2="98,69,73,62,40,85,126,46,129,18,72,94,16" hai3="48,95,116,41,2,15,130,3,63,29,110,60,35"/><T65/><D33/><U113/><E122/><V30/><F129/><W25/><G116/><T106/><D132/><U75/><E134/><V131/><F131/><W124/><G130/><T5/><D127/><U83/><E109/><V82/><F126/><W54/><G124/><T86/><D5/><U42/><E113/><V47/><F30/><W125/><G125/><T31/><D111/><U93/><E42/><V115/><F115/><W135/><G135/><T59/><D45/><U71/><E71/><V4/><F4/><W38/><G110/><T88/><D86/><U32/><E32/><V91/><F69/><W39/><G41/><T14/><D23/><U9/><E21/><V101/><F62/><W108/><G63/><T19/><D31/><U121/><E121/><V17/><REACH who="2" step="1"/><F47/><REACH who="2" ten="250,250,240,250" step="2"/><W43/><G60/><T11/><D123/><U119/><E119/><V68/><F68/><W53/><G29/><T36/><D120/><U24/><E24/><V97/><F97/><W96/><G96/><T26/><D66/><U51/><E99/><V81/><F81/><W90/><G25/><T78/><D65/><U28/><E28/><V61/><F61/><W27/><G27/><T44/><D26/><U112/><E112/><V114/><F114/><W104/><G108/><T79/><D44/><U67/><E67/><V49/><AGARI ba="0,1" hai="16,17,18,40,46,49,72,73,82,85,91,94,98,101" machi="49" ten="30,4000,0" yaku="1,1,0,1,54,1,53,0" doraHai="102" doraHaiUra="128" who="2" fromWho="2" sc="250,-20,250,-10,240,50,250,-10" /><INIT seed="1,0,0,3,4,62" ten="230,240,290,240" oya="1" hai0="45,1,13,80,88,56,93,95,130,115,102,123,134" hai1="57,116,46,114,132,94,16,12,49,52,61,70,119" hai2="99,55,90,59,58,111,120,135,100,126,10,22,14" hai3="50,72,54,77,98,67,32,48,19,64,0,124,86"/><U75/><E114/><V127/><F120/><W89/><G0/><T30/><D1/><U113/><E113/><V21/><F111/><W108/><G32/><T23/><D115/><U104/><E104/><V53/><F90/><W103/><G108/><T65/><D123/><U29/><E132/><V79/><F79/><W63/><G124/><N who="2" m="47657" /><F58/><N who="3" m="35287" /><G72/><T24/><D130/><U83/><E29/><V35/><F35/><W38/><G38/><T117/><D117/><U3/><E3/><V81/><F81/><N who="3" m="47407" /><G103/><T133/><D13/><U66/><E94/><N who="2" m="58487" /><F135/><N who="0" m="51722" /><D45/><U121/><E121/><V105/><F105/><W42/><G19/><T69/><D69/><U131/><E131/><V128/><F55/><W26/><G26/><T28/><D28/><U40/><E83/><V6/><F128/><W17/><G17/><T68/><D68/><U71/><E75/><V25/><F25/><W129/><G129/><T2/><D102/><U36/><REACH who="1" step="1"/><E71/><REACH who="1" ten="230,230,290,240" step="2"/><V122/><F122/><W27/><G98/><T51/><D2/><U85/><E85/><V110/><F110/><W76/><G76/><T34/><D80/><U9/><AGARI ba="0,1" hai="9,12,16,36,40,46,49,52,57,61,66,70,116,119" machi="9" ten="20,24000,3" yaku="1,1,0,1,7,1,24,2,52,1,54,2,53,0" doraHai="62" doraHaiUra="33" who="1" fromWho="1" sc="230,-80,230,250,290,-80,240,-80" /><INIT seed="1,1,0,3,2,15" ten="150,480,210,160" oya="1" hai0="133,99,112,83,87,120,97,128,110,38,19,101,69" hai1="116,109,68,61,86,131,78,92,104,27,84,135,1" hai2="89,16,129,54,17,85,20,48,102,62,122,57,32" hai3="123,113,114,30,65,67,41,2,91,73,49,127,55"/><U39/><E116/><V29/><F122/><W45/><G2/><T100/><D38/><U94/><E104/><V126/><F126/><W21/><G73/><T125/><D69/><U0/><E39/><V50/><F129/><W34/><G34/><T134/><D19/><N who="2" m="7242" /><F32/><W130/><G123/><T96/><D120/><U11/><E131/><V70/><F102/><N who="0" m="39530" /><D128/><U42/><E0/><V117/><F70/><W59/><G130/><T74/><D125/><U8/><E1/><V115/><F115/><W52/><G127/><T79/><D112/><U63/><E68/><V53/><F117/><W13/><G114/><T72/><D110/><U6/><E109/><V119/><F119/><W7/><G113/><T95/><D95/><U105/><E105/><V24/><F54/><W14/><G55/><T75/><AGARI ba="1,0" hai="72,74,75,79,83,87,96,97,99,133,134" m="39530" machi="75" ten="40,2700,0" yaku="34,2" doraHai="15" who="0" fromWho="0" sc="150,30,480,-14,210,-8,160,-8" /><INIT seed="2,0,0,1,2,20" ten="180,466,202,152" oya="2" hai0="59,122,103,13,22,18,85,89,27,66,115,102,24" hai1="99,112,117,23,64,17,125,71,101,53,4,42,93" hai2="58,52,133,119,47,73,48,129,67,84,61,12,34" hai3="8,92,104,5,45,82,118,54,29,11,51,95,120"/><V130/><F73/><W74/><G118/><T116/><D115/><U25/><E117/><V14/><F119/><W100/><G120/><T60/><D122/><U110/><E112/><V68/><F34/><W65/><G65/><T37/><D37/><U123/><E123/><V1/><F1/><W127/><G127/><T134/><D134/><U3/><E125/><V83/><F133/><W79/><G11/><T131/><D131/><N who="2" m="50186" /><F68/><W98/><REACH who="3" step="1"/><G29/><REACH who="3" ten="180,466,202,142" step="2"/><T35/><D116/><U106/><E64/><V43/><F67/><W62/><G62/><T126/><D126/><U41/><E71/><V77/><AGARI ba="0,1" hai="12,14,43,47,48,52,58,61,77,83,84" m="50186" machi="77" ten="30,3000,0" yaku="19,1,54,1" doraHai="20" who="2" fromWho="2" sc="180,-10,466,-10,202,40,142,-10" /><INIT seed="2,1,0,4,2,6" ten="170,456,242,132" oya="2" hai0="15,18,90,12,38,48,112,17,79,35,89,1,3" hai1="32,134,61,23,56,105,65,88,126,44,14,5,102" hai2="37,45,8,125,118,92,80,85,128,106,104,119,93" hai3="133,59,76,68,40,82,100,115,43,57,107,130,135"/><V42/><F128/><W108/><G107/><T25/><D38/><U114/><E114/><V71/><F71/><W77/><G100/><T62/><D112/><U116/><E116/><V33/><F33/><W24/><G115/><T27/><D35/><U30/><E32/><V4/><F125/><W87/><G68/><T11/><D48/><U49/><E126/><V29/><F29/><W9/><G24/><T97/><D79/><U46/><E105/><V26/><F26/><W75/><G108/><T47/><D47/><N who="1" m="17963" /><E134/><V2/><F104/><W19/><G130/><T52/><D97/><U39/><E39/><V34/><F34/><W132/><G75/><T91/><D1/><U21/><E102/><V129/><F106/><W94/><G94/><T96/><D3/><U20/><E49/><V63/><F129/><W16/><G77/><T10/><D96/><U22/><E88/><V50/><F37/><W99/><G99/><T70/><D70/><U110/><E110/><V124/><F63/><W31/><G31/><T67/><D67/><U86/><E86/><V98/><F124/><W122/><G122/><T60/><D60/><U51/><E51/><V13/><F2/><W127/><G127/><T69/><D69/><U95/><E95/><N who="2" m="36427" /><F98/><W120/><G120/><T53/><D62/><U54/><E65/><V123/><F123/><W36/><G36/><T81/><D91/><U111/><E111/><V83/><F85/><W101/><G101/><T72/><D72/><U55/><E55/><V73/><F73/><W103/><G103/><T64/><D64/><U74/><E74/><RYUUKYOKU ba="1,0" sc="170,15,456,-15,242,15,132,-15" hai0="10,11,12,15,17,18,25,27,52,53,81,89,90" hai2="4,8,13,42,45,50,80,83,118,119" /><INIT seed="2,2,0,1,0,134" ten="185,441,257,117" oya="2" hai0="37,5,2,60,123,117,63,8,127,125,95,90,81" hai1="1,30,88,120,86,51,0,29,12,15,43,6,128" hai2="65,133,102,26,108,56,64,80,57,48,82,7,93" hai3="109,135,85,38,119,77,71,53,68,114,46,27,72"/><V67/><F133/><W131/><G71/><T58/><D37/><U113/><E113/><V19/><F7/><W9/><G68/><T35/><D35/><U132/><E132/><V33/><F108/><W16/><G72/><T92/><D123/><U107/><E107/><V32/><F33/><W52/><G119/><T84/><D117/><U121/><E128/><V25/><F32/><W39/><G135/><T47/><D47/><N who="1" m="26111" /><E6/><V49/><F93/><W104/><G104/><T78/><D95/><N who="1" m="54679" /><E12/><V54/><F102/><W73/><G73/><T69/><D69/><U17/><E15/><V21/><F25/><W110/><G131/><T76/><D76/><U31/><E17/><V45/><REACH who="2" step="1"/><F57/><REACH who="2" ten="185,441,247,117" step="2"/><W61/><G110/><T42/><D58/><U66/><E0/><V18/><F18/><W97/><G109/><T74/><D42/><AGARI ba="2,1" hai="19,21,26,42,45,48,49,54,56,64,65,67,80,82" machi="42" ten="40,7700,0" yaku="1,1,8,1,53,1" doraHai="134" doraHaiUra="50" who="2" fromWho="0" sc="185,-83,441,0,247,93,117,0" /><INIT seed="2,3,0,0,4,79" ten="102,441,340,117" oya="2" hai0="73,81,66,69,17,133,124,129,64,27,109,77,7" hai1="122,93,127,14,63,40,10,114,12,126,11,41,91" hai2="35,65,68,16,82,106,95,115,98,107,46,24,49" hai3="21,52,31,9,38,78,104,60,28,101,118,3,105"/><V102/><F115/><W119/><G38/><T6/><D109/><U76/><E114/><V75/><F68/><W83/><G3/><T61/><D133/><U20/><E122/><V1/><F1/><W44/><G9/><N who="1" m="3082" /><E76/><V29/><F65/><W113/><G113/><T23/><D124/><N who="1" m="47659" /><E63/><V96/><F75/><W111/><G111/><T50/><D129/><U97/><E20/><V94/><F82/><W71/><G83/><T62/><REACH who="0" step="1"/><D50/><REACH who="0" ten="92,441,340,117" step="2"/><U57/><E57/><AGARI ba="3,1" hai="6,7,17,23,27,57,61,62,64,66,69,73,77,81" machi="57" ten="30,7700,0" yaku="1,1,2,1,7,1,52,1,53,0" doraHai="79" doraHaiUra="108" who="0" fromWho="1" sc="92,96,441,-86,340,0,117,0" /><INIT seed="3,0,0,1,0,6" ten="188,355,340,117" oya="3" hai0="62,48,36,129,50,82,106,2,61,70,5,88,11" hai1="131,13,130,60,124,4,25,39,125,64,107,99,105" hai2="95,79,98,33,80,14,34,30,53,119,17,37,85" hai3="121,49,19,44,46,117,83,91,41,0,26,10,52"/><W42/><G117/><T81/><D36/><U20/><E39/><V126/><F119/><W16/><G121/><T109/><D106/><N who="1" m="40459" /><E13/><V58/><F126/><N who="1" m="48745" /><E99/><V66/><F37/><W71/><G71/><T112/><D112/><U86/><E86/><V51/><F66/><W100/><G100/><T111/><D129/><N who="1" m="49163" /><E4/><V1/><F1/><W43/><G0/><T101/><D5/><U54/><E54/><V84/><F84/><N who="3" m="50591" /><G10/><T68/><D11/><U94/><E94/><V75/><F30/><W72/><G72/><T113/><D2/><U22/><E25/><V132/><F132/><W18/><G44/><T89/><D113/><U12/><E12/><V24/><F24/><AGARI ba="0,0" hai="16,18,19,24,26,41,42,43,46,49,52" m="50591" machi="24" ten="30,5800,0" yaku="8,1,54,2" doraHai="6" who="3" fromWho="2" sc="188,0,355,0,340,-58,117,58" /><INIT seed="3,1,0,5,5,46" ten="188,355,282,175" oya="3" hai0="116,130,20,44,128,36,120,60,53,84,40,135,117" hai1="106,12,42,6,123,37,19,100,74,25,83,32,67" hai2="55,17,122,47,49,30,52,133,77,68,57,51,82" hai3="35,85,72,114,50,45,73,97,105,80,59,64,21"/><W65/><G35/><T124/><D120/><U125/><E123/><V69/><F122/><W95/><G105/><T61/><D84/><U110/><E110/><V16/><F133/><W112/><G72/><T118/><D20/><U126/><E67/><V1/><F1/><W56/><G73/><T29/><D29/><N who="1" m="19503" /><E6/><V131/><F30/><W121/><G121/><T0/><D0/><U34/><E34/><V23/><F131/><N who="0" m="50218" /><D135/><U9/><E42/><V132/><F132/><W92/><G114/><T2/><D2/><U111/><E37/><V88/><F88/><N who="3" m="51239" /><G112/><T94/><D94/><N who="3" m="35881" /><G97/><T93/><D93/><U107/><E111/><V48/><F48/><W109/><G109/><T98/><D98/><U76/><E100/><V75/><F17/><W38/><G38/><T5/><D5/><U103/><E103/><V41/><F41/><N who="3" m="24879" /><G21/><T63/><D124/><AGARI ba="1,0" hai="9,12,19,74,76,83,106,107,124,125,126" m="19503" machi="124" ten="30,1000,0" yaku="18,1" doraHai="46" who="1" fromWho="0" sc="188,-13,355,13,282,0,175,0" owari="175,-22.5,368,46.8,282,8.2,175,-32.5" /></mjloggm>