<mjloggm ver="2.3"><GO type="225" lobby="0"/><UN n0="%72%69%6F%75%63%68%61%6E" n1="%E4%BF%BA%E3%81%A8%E5%A6%96%E5%A4%A2" n2="%E3%80%93%E3%81%97%E3%83%BC%E3%82%89%E3%80%93" n3="%E3%81%A4%E3%81%A3%E3%81%B1%E3%82%8A%E3%83%9D%E3%83%BC%E3%83%AB" dan="16,17,16,16" rate="2147.62,2197.67,2176.30,2119.71" sx="M,F,M,M"/><TAIKYOKU oya="0"/><INIT seed="0,0,0,4,5,128" ten="250,250,250,250" oya="0" hai0="38,15,115,74,126,97,32,84,96,94,22,109,78" hai1="86,108,75,39,45,125,61,132,54,90,120,105,8" hai2="91,99,71,69,5,59,36,121,100,135,20,88,33" hai3="70,43,130,63,129,65,57,131,118,44,93,55,11"/><T49/><D115/><U3/><E120/><V80/><F33/><W48/><G11/><T2/><D126/><U50/><E75/><V56/><F36/><N who="3" m="21607" /><G93/><T81/><D32/><U29/><E125/><V7/><F121/><W41/><G41/><T79/><D2/><U107/><E39/><V4/><F20/><W103/><G103/><T1/><D109/><U104/><E108/><V27/><F27/><W31/><G31/><T14/><D1/><U122/><E122/><V68/><F135/><W12/><G12/><T73/><D38/><U112/><E112/><V92/><REACH who="2" step="1"/><F80/><REACH who="2" ten="250,250,240,250" step="2"/><W134/><G118/><T77/><D22/><U9/><E132/><AGARI ba="0,1" hai="48,55,57,63,65,70,129,130,131,132,134" m="21607" machi="132" ten="40,12000,2" yaku="24,1,19,1,34,2,52,2" doraHai="128" who="3" fromWho="1" sc="250,0,250,-120,240,0,250,130" /><INIT seed="1,0,0,3,3,115" ten="250,130,240,380" oya="1" hai0="134,44,6,107,88,80,16,42,18,130,55,94,37" hai1="99,135,53,14,110,121,63,82,4,36,105,84,34" hai2="128,41,65,117,61,48,79,24,70,101,77,120,33" hai3="100,21,85,109,97,32,106,113,29,43,8,81,104"/><U93/><E121/><V0/><F0/><W11/><G113/><T52/><D107/><U78/><E34/><V30/><F120/><W124/><G106/><T13/><D130/><U64/><E36/><V9/><F9/><W118/><G118/><T35/><D35/><U23/><E135/><V59/><F117/><W83/><G32/><T54/><D134/><U47/><E105/><V92/><F128/><W86/><G43/><T74/><D74/><U1/><E110/><V46/><F101/><W26/><G109/><T122/><D122/><U31/><E1/><V10/><F10/><W72/><G72/><T39/><D39/><U103/><E4/><V126/><F126/><W75/><G75/><T38/><D38/><U127/><E127/><V45/><F92/><N who="3" m="58407" /><G124/><T50/><D80/><N who="3" m="30793" /><G104/><T114/><D114/><U67/><E14/><V111/><F111/><W19/><G8/><N who="0" m="4247" /><D37/><U108/><E108/><V96/><F96/><AGARI ba="0,0" hai="16,18,42,44,50,52,54,55,88,94,96" m="4247" machi="96" ten="30,7700,0" yaku="8,1,54,3" doraHai="115" who="0" fromWho="2" sc="250,77,130,0,240,-77,380,0" /><INIT seed="2,0,0,4,1,1" ten="327,130,163,380" oya="2" hai0="80,82,17,93,86,19,132,72,112,13,117,51,23" hai1="127,111,116,67,44,95,5,31,57,2,110,59,113" hai2="26,64,84,98,133,78,119,75,9,65,83,39,107" hai3="73,94,36,55,88,33,46,58,42,97,60,108,0"/><V63/><F39/><W40/><G108/><N who="1" m="41514" /><E113/><V96/><F119/><W4/><G33/><T62/><D132/><U101/><E116/><V102/><F133/><W34/><G34/><T52/><D117/><U54/><E31/><V28/><F98/><W115/><G115/><T106/><D112/><U32/><E32/><V124/><F124/><W79/><G42/><T12/><D106/><U6/><E2/><V121/><F121/><W135/><G135/><T134/><D134/><U85/><E127/><V21/><F9/><W29/><G29/><T128/><D128/><U15/><E15/><V92/><F63/><W77/><REACH who="3" step="1"/><G73/><REACH who="3" ten="327,130,163,370" step="2"/><T76/><D62/><N who="1" m="38351" /><E44/><V103/><F103/><W30/><G30/><T66/><D66/><U35/><E35/><V10/><F65/><W3/><G3/><T126/><D126/><U100/><E100/><V43/><F64/><W87/><G87/><T109/><D109/><U118/><E118/><V131/><F43/><W50/><G50/><T90/><D72/><U38/><E38/><V45/><F75/><W114/><G114/><T91/><D76/><U74/><E74/><V8/><F78/><W48/><G48/><T69/><D69/><U61/><E85/><V70/><F70/><W129/><G129/><T37/><D37/><U122/><E122/><V25/><F131/><W41/><G41/><T130/><D130/><U27/><E27/><V18/><F26/><W49/><G49/><T53/><D91/><U11/><E11/><AGARI ba="0,1" hai="0,4,11,36,40,46,55,58,60,77,79,88,94,97" machi="11" ten="40,8000,1" yaku="1,1,52,1,54,1,53,1" doraHai="1" doraHaiUra="7" who="3" fromWho="1" sc="327,0,130,-80,163,0,370,90" /><INIT seed="3,0,0,3,0,33" ten="327,50,163,460" oya="3" hai0="72,52,65,41,90,35,71,49,28,111,9,14,124" hai1="30,88,36,26,17,70,121,108,58,23,112,8,7" hai2="73,55,61,122,31,86,84,105,29,129,102,77,100" hai3="120,19,89,47,20,67,0,24,131,123,22,134,34"/><W110/><G131/><T104/><D111/><U16/><E70/><V115/><F115/><W113/><G0/><T74/><D124/><U69/><E69/><V11/><F105/><W18/><G113/><T54/><D104/><U57/><E121/><V2/><F73/><W135/><G34/><T93/><D41/><U126/><E108/><V64/><F55/><W1/><G1/><T46/><D54/><U3/><E126/><V116/><F2/><W62/><G89/><T133/><D133/><N who="3" m="50697" /><G62/><T66/><D71/><U117/><E36/><V42/><F64/><W25/><G47/><T114/><D114/><U118/><E112/><V127/><F42/><W98/><G67/><T10/><D74/><U119/><E58/><V40/><F31/><N who="3" m="17799" /><G98/><T80/><D72/><U95/><REACH who="1" step="1"/><E57/><REACH who="1" ten="327,40,163,460" step="2"/><V12/><F127/><W53/><G53/><T68/><D68/><U50/><E50/><V87/><F122/><W48/><G48/><T94/><D35/><U39/><E39/><V128/><F129/><W106/><G106/><T107/><D107/><U92/><E92/><V103/><F128/><W21/><G110/><T75/><D28/><U59/><E59/><V125/><F29/><W91/><G91/><T60/><D60/><U97/><AGARI ba="0,1" hai="3,7,8,16,17,23,26,30,88,95,97,117,118,119" machi="97" ten="30,12000,2" yaku="1,1,0,1,12,1,52,1,54,2,53,1" doraHai="33" doraHaiUra="27" who="1" fromWho="1" sc="327,-30,40,130,163,-30,460,-60" owari="297,9.7,170,-23.0,133,-36.7,400,50.0" /></mjloggm>