<mjloggm ver="2.3"><GO type="225" lobby="0"/><UN n0="%72%69%6F%75%63%68%61%6E" n1="%48%61%61%61%6C%61%6E%64" n2="%73%6C%69%63%6B%33%31%39" n3="%E4%B8%89%E5%86%A0%E7%8E%8B%E3%83%BB%E5%B1%B1%E7%94%B0%E5%93%B2%E4%BA%BA" dan="17,17,17,16" rate="2233.00,2149.08,2165.32,2143.28" sx="M,M,M,M"/><TAIKYOKU oya="0"/><INIT seed="0,0,0,5,3,1" ten="250,250,250,250" oya="0" hai0="38,0,58,11,100,72,127,61,53,76,54,25,70" hai1="12,88,119,20,31,60,112,63,48,16,113,103,84" hai2="40,5,2,27,41,97,62,24,89,30,98,77,133" hai3="121,51,105,23,132,134,120,44,46,107,56,39,81"/><T57/><D127/><U33/><E119/><V6/><F2/><W32/><G32/><T21/><D38/><U128/><E103/><V45/><F133/><N who="3" m="51307" /><G23/><T122/><D122/><N who="3" m="47209" /><G81/><T22/><D70/><U34/><E128/><V59/><F77/><W10/><G10/><T85/><D72/><U47/><E33/><V110/><F110/><W73/><G73/><T9/><D100/><U67/><E34/><V95/><F98/><W50/><G39/><T114/><D114/><N who="1" m="44139" /><E67/><V115/><F115/><W55/><G46/><T74/><D74/><U37/><E31/><V109/><F109/><W17/><G17/><T83/><D0/><U117/><E117/><V7/><F30/><W86/><G86/><T124/><D124/><U129/><E129/><V130/><F130/><W93/><G93/><T3/><D3/><U19/><E19/><V111/><F111/><W99/><G99/><T79/><D79/><U135/><E37/><V82/><F82/><W123/><N who="3" m="47217" /><W8/><DORA hai="66" /><G8/><N who="0" m="3147" /><D25/><N who="2" m="9802" /><F45/><W92/><G92/><T75/><D75/><U29/><E135/><V87/><F97/><W104/><G44/><T4/><D4/><U106/><E106/><N who="3" m="27138" /><W78/><DORA hai="108" /><G78/><T36/><D36/><U42/><E29/><V131/><F131/><W116/><G116/><T49/><AGARI ba="0,0" hai="21,22,49,53,54,57,58,61,76,83,85" m="3147" machi="49" ten="30,1500,0" yaku="8,1" doraHai="1,66,108" who="0" fromWho="0" sc="250,15,250,-5,250,-5,250,-5" /><INIT seed="0,1,0,2,1,101" ten="265,245,245,245" oya="0" hai0="21,9,44,90,46,108,75,33,16,5,103,91,0" hai1="58,87,98,41,92,45,67,89,24,19,28,11,57" hai2="127,118,125,49,66,6,96,102,129,85,73,54,2" hai3="17,116,13,39,81,119,32,42,107,43,20,52,23"/><T64/><D75/><U68/><E68/><V31/><F73/><W128/><G32/><T74/><D74/><U82/><E67/><V7/><F129/><W93/><G128/><T80/><D108/><U34/><E11/><V134/><F134/><W135/><G135/><T56/><D33/><U15/><E15/><V115/><F115/><W78/><G107/><T55/><D103/><U48/><REACH who="1" step="1"/><E19/><REACH who="1" ten="265,235,245,245" step="2"/><V65/><F66/><W97/><G13/><N who="0" m="5295" /><D64/><U18/><E18/><V121/><F65/><W71/><G17/><T60/><D0/><U86/><E86/><V133/><F85/><W123/><G71/><T22/><D22/><U79/><AGARI ba="1,1" hai="24,28,34,41,45,48,57,58,79,82,87,89,92,98" machi="79" ten="20,2700,0" yaku="1,1,0,1,7,1,53,0" doraHai="101" doraHaiUra="35" who="1" fromWho="1" sc="265,-14,235,40,245,-8,245,-8" /><INIT seed="1,0,0,2,3,88" ten="251,275,237,237" oya="1" hai0="9,33,56,53,134,115,57,72,79,48,43,80,82" hai1="40,108,21,74,7,118,39,68,51,31,6,62,50" hai2="70,85,93,36,0,97,99,1,103,104,117,8,127" hai3="125,58,128,67,101,26,91,19,2,54,75,123,61"/><U87/><E74/><V98/><F117/><W47/><G2/><T132/><D115/><U37/><E118/><V17/><F70/><W34/><G123/><T25/><D43/><U89/><E108/><V107/><F36/><W86/><G75/><T60/><D82/><U65/><E37/><V12/><F127/><W114/><G114/><T29/><REACH who="0" step="1"/><D9/><REACH who="0" ten="241,275,237,237" step="2"/><U49/><E40/><V20/><F8/><W46/><G125/><T4/><D4/><U129/><E39/><V126/><F126/><W102/><G128/><T3/><D3/><U112/><E129/><V130/><F130/><W105/><G105/><T16/><D16/><U38/><E38/><V78/><F0/><W116/><G116/><T66/><AGARI ba="0,1" hai="25,29,33,48,53,56,57,60,66,72,79,80,132,134" machi="66" ten="30,2000,0" yaku="1,1,0,1,53,0" doraHai="88" doraHaiUra="109" who="0" fromWho="0" sc="241,30,275,-10,237,-5,237,-5" /><INIT seed="2,0,0,0,4,44" ten="271,265,232,232" oya="2" hai0="98,54,103,62,129,133,72,61,50,66,28,135,0" hai1="4,47,6,2,117,3,8,81,91,104,7,35,106" hai2="64,86,130,100,89,36,49,33,73,15,34,90,125" hai3="71,18,46,55,42,12,84,128,77,41,19,13,57"/><V83/><F36/><W48/><G71/><T124/><D124/><U45/><E35/><V65/><F73/><W114/><G128/><T131/><D0/><U40/><E117/><V23/><F125/><W5/><G114/><T87/><D72/><U112/><E112/><V56/><F130/><N who="0" m="49674" /><D28/><U78/><E91/><V110/><F110/><W69/><G69/><N who="0" m="42191" /><D87/><U70/><E70/><V96/><F89/><W60/><G42/><T14/><D62/><U26/><E26/><V93/><F33/><W134/><G134/><N who="0" m="51211" /><D14/><U94/><E2/><V92/><F34/><W121/><G121/><T38/><D38/><U97/><E3/><V1/><F1/><W132/><G132/><T58/><D98/><U37/><E37/><V118/><F118/><W24/><G24/><T113/><D103/><U108/><E40/><V27/><F83/><N who="3" m="47215" /><G13/><T17/><D17/><U88/><E4/><V59/><F15/><W51/><G60/><T126/><D126/><U43/><E43/><V16/><F59/><W10/><AGARI ba="0,0" hai="5,10,12,18,19,41,46,48,51,55,57" m="47215" machi="10" ten="30,7900,0" yaku="25,1,8,1,52,2" doraHai="44" who="3" fromWho="3" sc="271,-20,265,-20,232,-39,232,79" /><INIT seed="3,0,0,4,4,105" ten="251,245,193,311" oya="3" hai0="103,60,62,135,27,7,130,76,74,100,131,90,13" hai1="120,125,4,127,101,21,6,112,118,134,66,12,68" hai2="91,113,41,2,110,8,61,82,30,44,95,119,106" hai3="75,78,117,34,20,116,67,17,28,0,79,92,83"/><W99/><G0/><T108/><D108/><U85/><E120/><V63/><F110/><W94/><G34/><T9/><D135/><U22/><E112/><V42/><F119/><W43/><G28/><T72/><D90/><U26/><E101/><N who="0" m="38985" /><D76/><U129/><E134/><V87/><F106/><W126/><G126/><N who="1" m="48138" /><E129/><N who="0" m="49161" /><D27/><U29/><E118/><V48/><F113/><W84/><G67/><T88/><D88/><U36/><E85/><V114/><F114/><W1/><G1/><T86/><D86/><U40/><E66/><V50/><F30/><W49/><G99/><T37/><D37/><U124/><E68/><V102/><F2/><W77/><G94/><T55/><D55/><U59/><E124/><V24/><F24/><N who="3" m="14351" /><G92/><T80/><D80/><U16/><E59/><V70/><F70/><W52/><G43/><T133/><D133/><U123/><E123/><V39/><F8/><W98/><G98/><T111/><D111/><U3/><E3/><V96/><F39/><W53/><G53/><T11/><D9/><U38/><E38/><V69/><REACH who="2" step="1"/><F69/><REACH who="2" ten="251,245,183,311" step="2"/><W56/><G117/><T128/><N who="0" m="49169" /><T71/><DORA hai="107" /><D71/><U81/><E36/><V32/><F32/><W97/><G116/><T25/><D25/><U5/><E29/><V33/><F33/><W65/><G83/><T51/><D11/><N who="1" m="6175" /><E81/><V109/><F109/><W45/><G84/><T19/><D13/><U64/><E26/><V18/><F18/><W46/><G97/><T132/><D19/><U73/><E4/><V10/><F10/><W122/><G122/><T57/><D7/><U31/><E5/><RYUUKYOKU ba="0,1" sc="251,-10,245,-10,183,30,311,-10" hai2="41,42,44,48,50,61,63,82,87,91,95,96,102" owari="241,4.1,235,-16.5,213,-28.7,311,41.1" /></mjloggm>