<mjloggm ver="2.3"><GO type="225" lobby="0"/><UN n0="%E3%81%99%E3%81%84%E3%81%BE%E3%81%9B%E3%83%BC%E3%82%93" n1="%E9%BB%92%E9%89%84%E7%8F%A0%E9%9B%AB" n2="%72%69%6F%75%63%68%61%6E" n3="%E3%81%BF%E3%81%BF%E3%81%9A" dan="17,16,16,17" rate="2235.54,2187.34,2103.23,2257.32" sx="M,M,M,M"/><TAIKYOKU oya="0"/><INIT seed="0,0,0,2,1,59" ten="250,250,250,250" oya="0" hai0="2,49,92,60,61,93,5,80,35,105,72,32,95" hai1="11,90,103,67,3,62,133,36,112,125,40,91,73" hai2="16,24,87,64,99,29,66,120,10,39,126,129,71" hai3="124,1,43,28,56,12,114,21,65,34,100,55,130"/><T115/><D115/><U119/><E119/><V97/><F120/><W104/><G114/><T116/><D116/><U106/><E112/><V52/><F39/><W46/><G1/><T20/><D105/><U68/><E73/><V23/><F126/><W107/><G124/><T101/><D101/><U53/><E133/><V47/><F129/><W84/><G130/><T57/><D20/><U38/><E38/><V42/><F42/><W96/><G65/><N who="2" m="25193" /><F71/><W37/><G34/><T41/><D5/><U117/><E117/><V83/><F10/><W4/><G84/><T13/><D13/><U54/><E125/><V6/><F6/><W18/><G4/><T121/><D2/><U75/><E75/><V79/><F29/><W131/><G131/><T14/><D14/><U76/><E11/><V109/><F109/><W50/><G28/><T78/><D121/><U128/><E3/><V127/><F127/><W111/><G111/><T30/><D32/><U123/><E123/><V27/><F27/><W89/><G89/><T19/><D19/><U102/><E76/><V69/><F69/><W8/><G8/><T110/><D110/><U45/><E128/><V85/><F85/><W25/><G12/><T0/><D0/><U9/><E9/><V26/><F26/><W15/><G15/><T88/><D88/><N who="1" m="33835" /><E106/><AGARI ba="0,0" hai="18,21,25,37,43,46,50,55,56,96,100,104,106,107" machi="106" ten="30,1000,0" yaku="7,1" doraHai="59" who="3" fromWho="1" sc="250,0,250,-10,250,0,250,10" /><INIT seed="1,0,0,0,5,58" ten="250,240,250,260" oya="1" hai0="124,128,11,55,33,101,129,4,1,20,90,21,77" hai1="134,32,135,28,99,65,43,25,108,24,19,53,60" hai2="6,51,52,78,49,15,10,9,42,113,80,48,46" hai3="16,61,45,54,94,75,44,57,76,133,31,29,0"/><U131/><E131/><N who="0" m="50249" /><D33/><U116/><E116/><V81/><F113/><W59/><G0/><T125/><D77/><U64/><E43/><V126/><F126/><N who="0" m="48746" /><D101/><U35/><E108/><V85/><F9/><W96/><G133/><N who="1" m="50698" /><E99/><V8/><F81/><W17/><G75/><T100/><D100/><U123/><E123/><V2/><REACH who="2" step="1"/><F42/><REACH who="2" ten="250,240,240,260" step="2"/><W95/><G76/><T92/><D55/><U109/><E109/><V97/><F97/><AGARI ba="0,1" hai="1,4,11,20,21,90,92,97" m="48746,50249" machi="97" ten="30,2000,0" yaku="19,1,18,1" doraHai="58" who="0" fromWho="2" sc="250,30,240,0,240,-20,260,0" /><INIT seed="2,0,0,2,3,128" ten="280,240,220,260" oya="2" hai0="120,79,26,46,38,134,5,4,14,21,92,89,87" hai1="60,111,65,85,47,58,97,125,129,81,42,75,106" hai2="22,83,130,15,103,2,27,100,133,17,72,18,82" hai3="86,123,36,94,105,63,32,54,127,122,39,11,33"/><V110/><F2/><W0/><G94/><T104/><D120/><N who="3" m="46121" /><G86/><T121/><D121/><U99/><E111/><V71/><F133/><W73/><G54/><T28/><D134/><U50/><E129/><V53/><F130/><W25/><G25/><T117/><D104/><U37/><E75/><V52/><F110/><W88/><G88/><T115/><D117/><U48/><E125/><V91/><F71/><W23/><G23/><T35/><D115/><U1/><E1/><V61/><F72/><W24/><G24/><T43/><D79/><U67/><E67/><V51/><F61/><W9/><G63/><T34/><REACH who="0" step="1"/><D14/><REACH who="0" ten="270,240,220,260" step="2"/><U29/><E106/><V96/><F15/><W119/><G105/><T13/><D13/><U77/><E29/><V95/><F17/><W132/><G119/><T30/><D30/><U116/><E116/><V64/><F64/><W113/><G132/><T44/><D44/><N who="1" m="25623" /><E37/><V70/><F70/><W68/><G113/><T131/><D131/><U74/><E74/><V16/><F18/><W102/><G68/><T69/><D69/><U62/><E47/><N who="2" m="27775" /><F53/><W55/><G73/><T59/><D59/><N who="1" m="37023" /><E50/><V40/><F40/><W108/><G0/><T101/><D101/><AGARI ba="0,1" hai="16,22,27,82,83,91,95,96,100,101,103" m="27775" machi="101" ten="30,5800,0" yaku="8,1,54,2" doraHai="128" who="2" fromWho="0" sc="270,-58,240,0,220,68,260,0" /><INIT seed="2,1,0,2,4,113" ten="212,240,288,260" oya="2" hai0="60,128,78,52,111,103,112,82,4,129,21,126,51" hai1="29,1,88,99,54,134,53,70,93,49,116,27,65" hai2="92,58,55,36,118,87,96,102,5,0,74,72,2" hai3="18,127,117,77,98,122,86,44,9,48,6,66,43"/><V75/><F118/><W100/><G127/><T41/><D112/><U108/><E1/><V23/><F36/><W135/><G135/><T71/><D126/><U14/><E134/><V110/><F110/><W101/><G122/><T95/><D111/><U130/><E108/><V121/><F121/><W3/><G117/><T39/><D4/><U80/><E130/><N who="0" m="50281" /><D39/><U26/><E116/><V63/><F5/><W32/><G32/><T33/><D33/><U73/><E70/><V85/><REACH who="2" step="1"/><F23/><REACH who="2" ten="212,240,278,260" step="2"/><W76/><G6/><T104/><D21/><U106/><E27/><V38/><F38/><W105/><G3/><AGARI ba="1,1" hai="0,2,3,55,58,63,72,74,75,85,87,92,96,102" machi="3" ten="50,4800,0" yaku="1,1,53,1" doraHai="113" doraHaiUra="91" who="2" fromWho="3" sc="212,0,240,0,278,61,260,-51" /><INIT seed="2,2,0,3,1,71" ten="212,240,339,209" oya="2" hai0="54,47,76,80,126,95,73,49,131,121,18,42,30" hai1="101,29,105,72,97,28,48,32,31,88,53,51,2" hai2="36,21,23,116,94,75,111,83,114,14,16,50,62" hai3="99,26,57,70,38,69,103,79,44,67,123,98,90"/><V46/><F114/><W5/><G123/><T85/><D121/><U110/><E72/><V45/><F116/><W34/><G79/><T117/><D117/><U93/><E2/><V74/><F111/><W13/><G90/><T0/><D131/><U17/><E110/><V102/><F83/><W124/><G99/><T65/><D126/><U56/><E17/><V9/><F62/><W84/><G84/><T7/><D65/><U132/><E132/><V118/><F118/><W11/><G124/><T92/><D30/><U15/><E15/><V55/><F102/><W58/><G70/><T22/><D73/><U33/><REACH who="1" step="1"/><E48/><REACH who="1" ten="212,230,339,209" step="2"/><V4/><F75/><W20/><G38/><T82/><D0/><U68/><E68/><V63/><F74/><W100/><G69/><T37/><D7/><U104/><E104/><V25/><F36/><W128/><G128/><T27/><D82/><U78/><E78/><V127/><F127/><W43/><G67/><T19/><D18/><U35/><E35/><V115/><F115/><W64/><G34/><T52/><D37/><U125/><E125/><V135/><F135/><W109/><G109/><T24/><D24/><U119/><E119/><V129/><F129/><W108/><G108/><T12/><D27/><U61/><E61/><V60/><F63/><W1/><G1/><T41/><D95/><U10/><E10/><V39/><F60/><W106/><G64/><T113/><D113/><U112/><E112/><V6/><F94/><W3/><G3/><T133/><D133/><U96/><AGARI ba="2,1" hai="28,29,31,32,33,51,53,56,88,93,96,97,101,105" machi="96" ten="30,4000,0" yaku="1,1,0,1,54,1,53,0" doraHai="71" doraHaiUra="81" who="1" fromWho="1" sc="212,-12,230,56,339,-22,209,-12" /><INIT seed="3,0,0,1,4,135" ten="200,286,317,197" oya="3" hai0="76,35,91,101,134,110,23,84,26,127,99,16,61" hai1="8,106,56,10,90,72,75,115,69,68,27,52,62" hai2="50,118,15,0,1,95,33,13,2,97,18,40,85" hai3="3,37,87,88,30,5,109,14,39,21,65,7,9"/><W124/><G65/><T70/><D134/><U58/><E106/><V25/><F118/><W48/><G109/><T114/><D110/><U78/><E115/><V96/><F85/><W64/><G64/><N who="0" m="41231" /><D76/><U57/><E57/><V24/><F33/><W55/><G124/><T51/><D51/><U22/><E22/><V4/><F4/><W131/><G131/><T89/><D84/><U34/><E68/><V104/><F104/><W73/><G73/><T120/><D120/><U94/><E69/><V80/><F80/><W59/><G7/><T119/><D119/><U17/><E58/><V92/><F50/><W98/><G98/><N who="2" m="37993" /><F40/><W116/><G116/><T83/><D83/><U133/><E133/><V81/><F81/><W117/><G117/><T46/><D127/><U11/><E34/><V31/><F18/><N who="3" m="10455" /><G30/><N who="0" m="19927" /><D114/><U129/><E129/><V43/><F31/><W103/><G103/><T12/><D46/><U79/><E75/><V125/><F43/><W47/><G47/><T107/><AGARI ba="0,0" hai="12,16,23,89,91,99,101,107" m="19927,41231" machi="107" ten="30,2000,0" yaku="25,1,54,1" doraHai="135" who="0" fromWho="0" sc="200,20,286,-5,317,-5,197,-10" owari="220,-18.0,281,8.1,312,41.2,187,-31.3" /></mjloggm>