<mjloggm ver="2.3"><GO type="225" lobby="0"/><UN n0="%E3%81%8F%E3%81%BE%E3%81%96%E3%82%8F" n1="%E5%80%89%E6%A9%8B%EF%BC%A0%E4%BA%8B%E5%8B%99" n2="%E3%81%A9%E3%82%8F%E3%82%93%E3%81%94" n3="%E3%81%AF%E3%82%88%E3%81%8A%E3%81%98%E3%81%95%E3%82%93" dan="16,16,16,16" rate="2053.67,2096.71,2200.51,2121.36" sx="M,M,M,M"/><TAIKYOKU oya="0"/><INIT seed="0,0,0,1,2,27" ten="250,250,250,250" oya="0" hai0="80,118,7,96,66,38,51,9,129,25,72,104,36" hai1="32,55,117,56,13,97,68,53,4,63,87,132,1" hai2="29,128,111,110,90,61,130,114,133,123,47,105,126" hai3="75,131,120,122,115,2,69,12,65,125,77,99,102"/><T18/><D118/><U14/><E117/><V81/><F123/><N who="3" m="47147" /><G2/><T83/><D129/><N who="2" m="49770" /><F114/><W108/><G131/><T91/><D66/><U43/><E32/><V21/><F105/><W37/><G37/><T101/><D83/><U113/><E43/><V85/><F133/><W57/><G69/><T50/><D50/><U98/><E132/><V78/><F126/><W94/><G115/><T119/><D51/><U39/><E39/><V15/><F47/><W107/><G12/><T93/><D18/><U89/><E113/><V121/><F61/><N who="3" m="38063" /><G108/><N who="2" m="41513" /><F121/><W84/><G125/><T92/><D119/><U3/><E63/><V48/><F48/><W103/><G75/><T0/><D25/><U100/><E68/><V79/><F15/><W30/><G103/><T34/><D36/><U112/><E100/><V49/><F49/><W109/><G109/><T60/><D60/><U44/><E14/><V26/><AGARI ba="0,0" hai="21,26,29,78,79,81,85,90" m="41513,49770" machi="26" ten="40,5200,0" yaku="19,1,14,1,52,1" doraHai="27" who="2" fromWho="2" sc="250,-26,250,-13,250,52,250,-13" /><INIT seed="1,0,0,5,5,132" ten="224,237,302,237" oya="1" hai0="37,32,77,115,1,30,95,17,135,97,88,40,65" hai1="79,104,124,90,38,84,25,71,28,78,13,61,27" hai2="58,34,74,59,93,121,102,63,89,36,127,126,56" hai3="70,16,72,117,73,41,12,131,10,18,3,129,119"/><U62/><E38/><V55/><F121/><W51/><G70/><T101/><D115/><U123/><E104/><V113/><F113/><W49/><G3/><T20/><D135/><U110/><E123/><V114/><F114/><W0/><G0/><T67/><D1/><U122/><E122/><V2/><F2/><W105/><G105/><T81/><D32/><U60/><E71/><V120/><F120/><W8/><G12/><T6/><D6/><U111/><E13/><V87/><F34/><W46/><G46/><T39/><D30/><U106/><E106/><V86/><F74/><W130/><G131/><T109/><D109/><N who="1" m="41483" /><E124/><N who="2" m="47659" /><F36/><W107/><G107/><T31/><D31/><U4/><E4/><V108/><F102/><W43/><AGARI ba="0,0" hai="8,10,16,18,41,43,49,51,72,73,117,119,129,130" machi="43" ten="25,6400,0" yaku="0,1,22,2,54,1" doraHai="132" who="3" fromWho="3" sc="224,-16,237,-32,302,-16,237,64" /><INIT seed="2,0,0,1,0,47" ten="208,205,286,301" oya="2" hai0="82,80,9,60,118,97,4,96,10,135,43,56,16" hai1="11,131,110,27,99,39,103,2,77,63,87,70,66" hai2="94,114,5,130,13,85,83,0,18,102,48,46,23" hai3="95,120,109,50,17,81,115,40,134,132,124,1,133"/><V15/><F130/><W127/><G109/><T84/><D135/><U78/><E39/><V111/><F114/><W108/><G108/><T33/><D33/><U67/><E110/><V123/><F123/><W106/><G120/><T31/><D31/><U8/><E131/><V38/><F38/><W68/><G106/><T21/><D43/><U54/><E67/><V12/><F111/><W119/><G119/><T65/><D118/><U44/><E27/><V105/><F105/><W91/><G1/><T62/><D62/><U74/><E74/><V79/><F0/><W19/><G68/><T116/><D82/><U3/><E3/><V90/><F102/><W51/><G81/><T93/><D4/><U57/><E44/><V24/><F5/><W30/><G30/><T36/><D36/><U37/><E37/><V58/><F58/><W61/><G61/><T101/><D97/><U92/><E2/><V107/><F107/><W88/><G40/><T32/><D32/><U72/><E72/><V117/><F117/><W34/><G34/><T53/><D65/><U52/><E54/><N who="2" m="29975" /><F24/><W100/><G100/><T6/><D6/><U104/><E77/><V75/><F75/><W122/><G122/><T73/><D73/><U49/><REACH who="1" step="1"/><E78/><REACH who="1" ten="208,195,286,301" step="2"/><V69/><F69/><W28/><G132/><T25/><D116/><U59/><E59/><V89/><F79/><AGARI ba="0,1" hai="9,10,16,21,25,53,56,60,79,80,84,93,96,101" machi="79" ten="30,3900,0" yaku="7,1,8,1,54,1" doraHai="47" who="0" fromWho="2" sc="208,49,195,0,286,-39,301,0" /><INIT seed="3,0,0,5,4,24" ten="257,195,247,301" oya="3" hai0="61,55,26,62,79,126,82,45,99,51,103,89,58" hai1="20,67,47,74,2,7,12,52,116,119,107,39,98" hai2="22,42,106,108,4,76,102,135,87,11,115,17,53" hai3="94,70,109,27,95,71,8,59,125,46,1,124,81"/><W127/><G109/><T29/><D126/><U40/><E74/><V90/><F115/><W50/><G59/><T30/><D89/><U130/><E67/><V56/><F108/><W64/><G81/><T38/><D38/><U15/><E2/><V117/><F117/><N who="1" m="45129" /><E130/><V10/><F135/><W54/><G27/><T28/><D26/><U85/><E7/><V132/><F132/><W105/><G105/><T14/><D14/><N who="1" m="5163" /><E85/><V128/><F128/><W72/><G72/><T77/><D82/><U69/><E69/><N who="3" m="26122" /><G64/><N who="0" m="38967" /><D62/><U133/><E133/><V114/><F4/><AGARI ba="0,0" hai="1,4,8,46,50,54,94,95,124,125,127" m="26122" machi="4" ten="40,2000,0" yaku="18,1" doraHai="24" who="3" fromWho="2" sc="257,0,195,0,247,-20,301,20" owari="257,5.7,195,-30.5,227,-17.3,321,42.1" /></mjloggm>