<mjloggm ver="2.3"><GO type="225" lobby="0"/><UN n0="%72%61%6B%33" n1="%E8%81%B7%E6%A5%AD%E3%80%81%E9%A2%A8%32" n2="%43%68%65" n3="%E3%81%99%E3%81%84%E3%81%BE%E3%81%9B%E3%83%BC%E3%82%93" dan="17,16,16,16" rate="2303.51,2094.20,2144.19,2128.08" sx="M,M,M,M"/><TAIKYOKU oya="0"/><INIT seed="0,0,0,4,4,27" ten="250,250,250,250" oya="0" hai0="12,7,60,113,24,121,109,125,102,50,48,10,6" hai1="53,110,49,91,47,61,14,15,127,112,62,8,123" hai2="93,39,83,96,132,29,59,75,104,64,63,16,101" hai3="4,9,19,94,98,65,130,56,76,80,92,89,32"/><T17/><D113/><U124/><E123/><V55/><F132/><W35/><G130/><T46/><D121/><U107/><E110/><V2/><F2/><W1/><G19/><T88/><D109/><U23/><E107/><V66/><F39/><W0/><G0/><T134/><D134/><U117/><E117/><V5/><F5/><W99/><G56/><T73/><D73/><U116/><E116/><V44/><F104/><W11/><G11/><T129/><D125/><N who="1" m="48203" /><E112/><V41/><F75/><W77/><G65/><T40/><D102/><U52/><E53/><V105/><F105/><W28/><G28/><T115/><D129/><U58/><E91/><V22/><F83/><W82/><G80/><T122/><D122/><U38/><E23/><V3/><F3/><W36/><G36/><T78/><D78/><U25/><E25/><V30/><F41/><W68/><G77/><T31/><D115/><U119/><E15/><N who="2" m="9503" /><F66/><W126/><G126/><T34/><D60/><U97/><E119/><V45/><F45/><W135/><G135/><T20/><D34/><U87/><E97/><V21/><F21/><W103/><REACH who="3" step="1"/><G68/><REACH who="3" ten="250,250,250,240" step="2"/><T95/><D50/><AGARI ba="0,1" hai="29,30,44,50,55,59,63,64,93,96,101" m="9503" machi="50" ten="30,7700,0" yaku="8,1,52,2,54,1" doraHai="27" who="2" fromWho="0" sc="250,-77,250,0,250,87,240,0" /><INIT seed="1,0,0,5,2,67" ten="173,250,337,240" oya="1" hai0="89,76,133,66,107,21,127,10,88,39,71,65,82" hai1="79,121,75,7,96,57,1,19,135,130,77,59,114" hai2="80,129,63,0,12,20,49,47,50,108,85,55,31" hai3="16,134,42,117,35,73,116,113,60,103,22,62,40"/><U91/><E121/><V128/><F0/><W119/><G113/><T125/><D39/><U58/><E114/><V28/><F108/><W32/><G73/><T2/><D107/><U101/><E130/><N who="2" m="50283" /><F63/><N who="3" m="24107" /><G103/><T109/><D109/><U102/><E135/><V23/><F50/><W13/><G134/><T126/><D133/><U48/><E75/><V122/><F122/><W105/><G105/><T18/><D10/><U36/><E36/><V64/><F64/><N who="0" m="24682" /><D2/><U6/><E1/><V14/><F23/><W84/><G84/><N who="0" m="48199" /><D71/><U26/><E91/><N who="2" m="51623" /><F31/><W33/><AGARI ba="0,0" hai="13,16,22,32,33,35,40,42,116,117,119" m="24107" machi="33" ten="40,2700,0" yaku="12,1,54,1" doraHai="67" who="3" fromWho="3" sc="173,-7,250,-13,337,-7,240,27" /><INIT seed="2,0,0,3,3,58" ten="166,237,330,267" oya="2" hai0="60,29,124,12,40,122,69,28,9,80,105,109,103" hai1="57,129,59,120,117,42,22,86,119,1,79,8,126" hai2="13,21,32,62,36,84,51,114,83,52,30,75,10" hai3="81,101,35,135,38,63,73,128,77,48,111,11,113"/><V132/><F114/><W54/><G38/><T125/><D122/><U0/><E126/><V34/><F36/><W71/><G113/><T99/><D109/><U20/><E120/><V98/><F75/><W27/><G111/><T3/><D3/><U46/><E129/><V107/><F132/><W14/><G128/><T56/><D69/><U61/><E59/><V55/><F21/><W116/><G116/><T44/><D80/><U2/><E8/><V19/><F30/><W43/><G101/><T49/><D125/><U123/><E123/><V17/><F17/><W88/><G135/><T70/><D70/><U130/><E130/><V95/><F107/><W7/><G43/><T106/><D106/><U37/><E20/><V78/><F62/><W93/><G27/><T66/><REACH who="0" step="1"/><D124/><REACH who="0" ten="156,237,330,267" step="2"/><U45/><E2/><V65/><F83/><W96/><G71/><T133/><D133/><U47/><E1/><V39/><F78/><W23/><G81/><T127/><D127/><U31/><E0/><V74/><F95/><W15/><G93/><T85/><D85/><U100/><E86/><V53/><F84/><W82/><G82/><T131/><D131/><U91/><E79/><V5/><F74/><W121/><G77/><T102/><D102/><U115/><E100/><V33/><F98/><W50/><G96/><T134/><D134/><U4/><E115/><V97/><F97/><W25/><G73/><T118/><D118/><U41/><E117/><V112/><F112/><W94/><G94/><T76/><D76/><U68/><E119/><V67/><F34/><W26/><G35/><RYUUKYOKU ba="0,1" sc="156,30,237,-10,330,-10,267,-10" hai0="9,12,28,29,40,44,49,56,60,66,99,103,105" /><INIT seed="3,1,1,4,1,42" ten="186,227,320,257" oya="3" hai0="129,7,120,124,11,62,88,112,76,8,39,14,31" hai1="0,49,65,78,33,10,130,114,16,109,86,92,128" hai2="4,48,131,127,58,100,72,1,83,135,126,70,115" hai3="56,111,101,134,117,22,96,24,102,52,121,68,79"/><W51/><G117/><T61/><D120/><U13/><E33/><V23/><F70/><W41/><G121/><T45/><D124/><U85/><E109/><V64/><F115/><W46/><G134/><T108/><D108/><U57/><E114/><V34/><F34/><W29/><G68/><T37/><D112/><U98/><E0/><V50/><F100/><W17/><G111/><T26/><D129/><N who="1" m="49771" /><E78/><V87/><F72/><W38/><G79/><T69/><D76/><U35/><E35/><V59/><F135/><W67/><G67/><T132/><D132/><U80/><E80/><V60/><F59/><W116/><G116/><T119/><D119/><U75/><E75/><V21/><F4/><W113/><G113/><T93/><D8/><U18/><E18/><V123/><F1/><W118/><G118/><T104/><D104/><U110/><E110/><V84/><F123/><W47/><G56/><T19/><D7/><U53/><E65/><V2/><F2/><W28/><BYE who="2" /><G101/><AGARI ba="1,1" hai="10,13,16,49,53,57,85,86,92,98,101" m="49771" machi="101" ten="30,2000,0" yaku="19,1,54,1" doraHai="42" who="1" fromWho="3" sc="186,0,227,33,320,0,257,-23" owari="186,-31.4,260,6.0,320,42.0,234,-16.6" /></mjloggm>