<mjloggm ver="2.3"><GO type="225" lobby="0"/><UN n0="%E7%89%B9%E6%9D%B1%E3%81%AF%E4%B8%96%E7%95%8C%E3%82%92%E6%95%91%E3%81%86" n1="%E6%9D%B1%E9%A2%A8%E3%81%AE%E3%81%8D%E3%82%83%E3%81%B7%E3%81%95%E3%82%93" n2="%6D%75%75%73%61%6E%6D%75" n3="%E3%80%90%E3%83%88%E3%83%AA%E3%83%A5%E3%83%95%E3%80%91" dan="16,16,17,16" rate="2109.17,2164.35,2165.52,2065.30" sx="M,M,F,F"/><TAIKYOKU oya="0"/><INIT seed="0,0,0,4,3,34" ten="250,250,250,250" oya="0" hai0="96,95,102,98,132,62,27,67,11,91,114,38,88" hai1="54,33,29,106,99,68,128,15,97,48,70,84,39" hai2="7,120,32,14,31,83,51,49,28,20,131,108,119" hai3="19,76,134,78,12,66,117,123,63,112,44,56,36"/><T130/><D114/><U45/><E128/><V124/><F120/><W6/><G123/><T37/><D132/><U86/><E39/><V111/><F131/><W4/><G112/><T89/><D130/><U57/><E33/><V115/><F115/><W50/><G36/><T22/><D11/><U109/><E29/><N who="2" m="11339" /><F32/><W69/><G69/><T90/><N who="0" m="22528" /><DORA hai="121" /><T41/><D41/><U35/><E35/><V80/><F124/><W92/><G92/><T21/><D21/><U104/><E15/><V127/><F127/><W52/><G117/><T93/><D93/><U64/><E64/><V126/><F126/><W59/><G59/><T73/><D73/><U9/><E57/><V107/><F107/><W5/><REACH who="3" step="1"/><G134/><REACH who="3" ten="250,250,250,240" step="2"/><T122/><D122/><U118/><E70/><V0/><F119/><W60/><G60/><T87/><D96/><U30/><E68/><V2/><F51/><W47/><G47/><T13/><D37/><U113/><E45/><V55/><F49/><W125/><G125/><T110/><D38/><U116/><E97/><V72/><F55/><W100/><G100/><T46/><D46/><U94/><E54/><V58/><F58/><W24/><G24/><T40/><D27/><U75/><E99/><V16/><F80/><W53/><G53/><T65/><D65/><U18/><E113/><V1/><F83/><W135/><G135/><T26/><D26/><U8/><E116/><V79/><F2/><W81/><G81/><T25/><D98/><U74/><E118/><V82/><F1/><W42/><G42/><T3/><D102/><U77/><E106/><RYUUKYOKU ba="0,1" sc="250,-15,250,-15,250,15,240,15" hai2="0,7,14,16,20,72,79,82,108,111" hai3="4,5,6,12,19,44,50,52,56,63,66,76,78" /><INIT seed="1,1,1,4,5,60" ten="235,235,265,255" oya="1" hai0="58,23,41,50,106,93,19,12,86,5,116,72,53" hai1="46,132,122,39,77,123,66,96,87,112,67,33,95" hai2="32,43,71,49,134,94,126,101,115,37,29,27,44" hai3="25,70,36,35,1,121,98,0,52,40,85,59,103"/><U22/><E33/><V128/><F71/><W102/><G121/><T84/><D116/><U13/><E112/><V133/><F115/><W105/><G70/><T74/><D106/><U68/><E68/><V30/><F128/><W79/><G103/><T75/><D41/><U14/><E132/><N who="2" m="50795" /><F126/><W118/><G118/><T92/><REACH who="0" step="1"/><D5/><REACH who="0" ten="225,235,265,255" step="2"/><U9/><E123/><V24/><F37/><W26/><G36/><T7/><D7/><N who="1" m="3263" /><E122/><V62/><F62/><W57/><G40/><T117/><D117/><U48/><E39/><V135/><F135/><W56/><G52/><T6/><D6/><U89/><E48/><V97/><F32/><W109/><G35/><T2/><D2/><U4/><E46/><V63/><F63/><W47/><G47/><T28/><D28/><AGARI ba="1,2" hai="24,27,28,29,30,43,44,49,94,97,101" m="50795" machi="28" ten="30,1000,0" yaku="20,1" doraHai="60" who="2" fromWho="0" sc="225,-13,235,0,265,33,255,0" /><INIT seed="2,0,0,0,2,2" ten="212,235,298,255" oya="2" hai0="63,108,86,79,116,40,54,47,55,126,73,33,4" hai1="123,83,57,32,69,118,42,133,24,97,127,17,37" hai2="59,105,52,135,66,80,25,8,9,11,104,16,13" hai3="103,51,7,45,99,90,72,6,114,109,110,22,92"/><V56/><F135/><W62/><G72/><T81/><D33/><U64/><E123/><V19/><F104/><W129/><G62/><T5/><D108/><N who="3" m="41577" /><G129/><T101/><D126/><U95/><E133/><V35/><F105/><N who="3" m="63743" /><G22/><T21/><D116/><U124/><E118/><V84/><F35/><W10/><G10/><N who="2" m="4201" /><F66/><W131/><G131/><T78/><D101/><U44/><E69/><V14/><F25/><W38/><G38/><T77/><D21/><U71/><E71/><V43/><F43/><N who="3" m="25023" /><G114/><T125/><D125/><U122/><E122/><V100/><F100/><W49/><G49/><N who="0" m="26855" /><D73/><U82/><E127/><V27/><F27/><W91/><G91/><N who="0" m="51663" /><D63/><N who="1" m="37999" /><E124/><V48/><F59/><W18/><G18/><N who="2" m="6697" /><F11/><W60/><G60/><T75/><D75/><U87/><E37/><V67/><F67/><W28/><G28/><T113/><D113/><U119/><E32/><V70/><F70/><W23/><G23/><T112/><D112/><U130/><E119/><V117/><F117/><W31/><G31/><T132/><D132/><U30/><E130/><V121/><F121/><W93/><G90/><AGARI ba="0,0" hai="13,14,48,52,56,80,84,90" m="6697,4201" machi="90" ten="30,5800,0" yaku="8,1,54,2" doraHai="2" who="2" fromWho="3" sc="212,0,235,0,298,58,255,-58" /><INIT seed="2,1,0,4,4,24" ten="212,235,356,197" oya="2" hai0="53,131,61,104,46,107,96,11,68,84,54,118,44" hai1="93,127,16,113,7,33,89,98,124,57,70,21,23" hai2="114,19,51,92,130,80,115,31,20,25,110,45,102" hai3="15,30,100,105,128,27,78,122,97,82,132,99,120"/><V76/><F130/><W63/><G132/><T40/><D131/><U36/><E36/><V42/><F110/><W112/><G112/><T125/><D125/><N who="1" m="48203" /><E70/><V134/><F134/><W10/><G128/><T123/><D123/><U62/><E113/><V83/><F102/><W18/><G63/><T35/><D35/><U73/><E33/><V71/><F71/><W26/><G26/><T5/><D118/><U86/><E73/><V12/><F92/><W29/><G99/><T94/><D84/><U106/><E7/><V81/><REACH who="2" step="1"/><F76/><REACH who="2" ten="212,235,346,197" step="2"/><W108/><G108/><T9/><D68/><U55/><E106/><V4/><F4/><W77/><G77/><T48/><D107/><U95/><E95/><V103/><F103/><W56/><G120/><T50/><D104/><U49/><E98/><V3/><F3/><W75/><G122/><T59/><REACH who="0" step="1"/><D5/><REACH who="0" ten="202,235,346,197" step="2"/><U116/><E116/><V17/><F17/><W74/><G74/><T14/><D14/><U43/><E16/><V13/><F13/><W28/><G27/><T85/><D85/><U109/><E109/><V135/><F135/><W52/><G75/><T90/><AGARI ba="1,2" hai="9,11,40,44,46,48,50,53,54,59,61,90,94,96" machi="90" ten="20,5200,0" yaku="1,1,0,1,7,1,8,1,53,0" doraHai="24" doraHaiUra="67" who="0" fromWho="0" sc="202,75,235,-14,346,-27,197,-14" /><INIT seed="3,0,0,4,5,115" ten="277,221,319,183" oya="3" hai0="120,44,46,68,75,56,62,30,126,27,5,130,38" hai1="95,100,66,83,98,101,19,94,54,128,20,114,71" hai2="29,1,116,127,43,45,15,21,86,85,23,65,57" hai3="89,0,73,123,133,91,92,67,25,9,4,18,93"/><W131/><G123/><T69/><D75/><U106/><E114/><V24/><F1/><W70/><G73/><T81/><D120/><U125/><E125/><V32/><F116/><W13/><G133/><T51/><D5/><U36/><E128/><V104/><F104/><W50/><G131/><T17/><D17/><U97/><E36/><V42/><F32/><W135/><G135/><T110/><D130/><U55/><E106/><V61/><F127/><W80/><G25/><T72/><D126/><U28/><E28/><V52/><F65/><W74/><G50/><T134/><D38/><U14/><E83/><V6/><F45/><W3/><G67/><T129/><D129/><U33/><E33/><V39/><F39/><W48/><G70/><T82/><D46/><U107/><E107/><V12/><F23/><W40/><G74/><T99/><D99/><U105/><E105/><V111/><F111/><W60/><G60/><AGARI ba="0,0" hai="14,19,20,54,55,60,66,71,94,95,97,98,100,101" machi="60" ten="40,1300,0" yaku="9,1" doraHai="115" who="1" fromWho="3" sc="277,0,221,13,319,0,183,-13" owari="277,7.7,234,-16.6,319,41.9,170,-33.0" /></mjloggm>