<mjloggm ver="2.3"><GO type="225" lobby="0"/><UN n0="%E3%83%AB%E3%83%9B%E3%83%B3%E3%83%87%E3%82%A3%E3%82%A8" n1="%E3%82%A2%E3%83%BC%E3%83%A2%E3%83%AD%E3%83%BC%E3%83%B4%E3%82%A1" n2="%77%72%77%72%77%72%77%72" n3="%E5%B8%86%E7%AB%8B%E5%A4%8F%E8%A1%A3" dan="17,16,16,16" rate="2189.63,2161.48,2243.95,2105.81" sx="M,M,M,M"/><TAIKYOKU oya="0"/><INIT seed="0,0,0,3,5,64" ten="250,250,250,250" oya="0" hai0="44,62,41,123,19,86,88,18,135,73,8,42,78" hai1="34,10,112,33,102,6,17,23,122,119,116,71,130" hai2="22,46,97,70,124,51,3,117,93,134,11,75,45" hai3="63,58,26,1,36,49,50,110,77,87,55,104,37"/><T108/><D123/><U91/><E102/><V120/><F120/><W94/><G104/><T40/><D135/><U114/><E122/><V96/><F134/><W69/><G1/><T16/><D108/><U89/><E71/><V106/><F75/><W53/><G110/><T126/><D126/><U67/><E67/><V14/><F70/><W83/><G63/><T0/><D73/><U32/><E89/><V132/><F132/><W9/><G69/><T21/><D78/><U118/><E91/><V60/><F60/><W95/><G9/><T76/><D76/><U101/><E101/><V99/><F106/><W31/><G37/><T5/><D62/><U121/><E130/><V66/><F66/><W47/><REACH who="3" step="1"/><G36/><REACH who="3" ten="250,250,250,240" step="2"/><T65/><D65/><U24/><REACH who="1" step="1"/><E121/><REACH who="1" ten="250,240,250,240" step="2"/><V20/><F124/><W39/><G39/><T43/><D0/><AGARI ba="0,2" hai="0,6,10,17,23,24,32,33,34,112,114,116,118,119" machi="0" ten="50,16000,3" yaku="1,1,2,1,34,3,53,3" doraHai="64" doraHaiUra="113" who="1" fromWho="0" sc="250,-160,240,180,250,0,240,0" /><INIT seed="1,0,0,2,1,95" ten="90,420,250,240" oya="1" hai0="99,128,44,43,30,38,46,89,124,25,135,13,109" hai1="45,39,117,17,31,60,18,129,131,6,73,61,27" hai2="59,78,76,2,98,12,100,70,26,21,35,15,113" hai3="104,79,88,82,52,14,24,1,23,69,53,33,58"/><U34/><E73/><V118/><F70/><W29/><G69/><T85/><D109/><U94/><E117/><V7/><F118/><W93/><G104/><T8/><D124/><U65/><E6/><V130/><F113/><W57/><G1/><T16/><D128/><U134/><E134/><V47/><F35/><W55/><G33/><T68/><D68/><U108/><E60/><V56/><F2/><W36/><G36/><T49/><D135/><U75/><E75/><V22/><F47/><W123/><G123/><T19/><D46/><U84/><E61/><V50/><F50/><W32/><G14/><T77/><D38/><U0/><E65/><V105/><F130/><W96/><REACH who="3" step="1"/><G32/><REACH who="3" ten="90,420,250,230" step="2"/><T4/><D25/><U40/><E0/><V112/><F15/><W63/><G63/><T102/><D30/><U119/><E129/><V110/><F12/><W133/><G133/><T91/><D91/><U64/><E131/><V116/><F26/><W9/><G9/><T97/><D77/><U111/><E119/><V121/><F121/><W41/><G41/><T28/><D28/><U11/><E11/><V122/><F122/><W37/><G37/><T92/><REACH who="0" step="1"/><D97/><REACH who="0" ten="80,420,250,230" step="2"/><U101/><E31/><V126/><F98/><W81/><G81/><AGARI ba="0,2" hai="4,8,13,16,19,43,44,49,81,85,89,92,99,102" machi="81" ten="30,12000,2" yaku="1,1,2,1,7,1,8,1,52,1,54,1,53,0" doraHai="95" doraHaiUra="20" who="0" fromWho="3" sc="80,140,420,0,250,0,230,-120" /><INIT seed="2,0,0,3,5,35" ten="220,420,250,110" oya="2" hai0="11,121,91,42,77,119,57,109,96,22,66,103,6" hai1="135,61,120,112,80,122,118,16,51,92,73,117,4" hai2="97,31,128,19,0,68,83,111,129,76,62,30,26" hai3="99,89,12,24,8,15,27,2,9,107,115,23,17"/><V95/><F0/><W104/><G115/><T18/><D121/><N who="1" m="46699" /><E135/><V130/><F111/><W125/><G125/><T67/><D42/><U65/><E112/><V82/><F19/><N who="3" m="8583" /><G89/><T39/><D39/><U14/><E4/><V53/><F26/><N who="3" m="14703" /><G99/><T75/><D77/><N who="1" m="44079" /><E92/><V87/><F82/><W126/><G104/><T45/><D45/><U59/><E51/><V10/><F10/><AGARI ba="0,0" hai="10,14,16,59,61,65,117,118" m="44079,46699" machi="10" ten="30,2000,0" yaku="13,1,54,1" doraHai="35" who="1" fromWho="2" sc="220,0,420,20,250,-20,110,0" /><INIT seed="3,0,0,4,5,14" ten="220,440,230,110" oya="3" hai0="117,73,129,35,118,126,24,44,25,109,40,128,28" hai1="7,33,114,15,116,92,71,39,107,91,87,16,99" hai2="4,10,42,43,22,17,21,9,83,38,123,48,55" hai3="102,70,34,77,62,52,88,101,8,54,27,63,58"/><W81/><G8/><N who="2" m="3177" /><F38/><W132/><G132/><T108/><D73/><U130/><E87/><V60/><F123/><W36/><G36/><N who="0" m="21511" /><D24/><U97/><E97/><V134/><F134/><W46/><G46/><T104/><D126/><U50/><E92/><V120/><F120/><W19/><G34/><T3/><D104/><U78/><E91/><V122/><F122/><W84/><G77/><T0/><D0/><U49/><E50/><V72/><F72/><W57/><G70/><T61/><D61/><U76/><E114/><V80/><F60/><W127/><G127/><T100/><D100/><U31/><E130/><N who="0" m="50281" /><D3/><U45/><E99/><V115/><F21/><AGARI ba="0,0" hai="19,21,27,52,54,57,58,62,63,81,84,88,101,102" machi="21" ten="40,12000,1" yaku="9,1,8,1,52,1,54,2" doraHai="14" who="3" fromWho="2" sc="220,0,440,0,230,-120,110,120" /><INIT seed="3,1,0,1,5,8" ten="220,440,110,230" oya="3" hai0="54,20,98,30,78,21,84,122,66,85,11,120,10" hai1="90,53,110,0,65,61,32,6,94,125,29,13,83" hai2="121,134,12,2,38,126,26,102,50,43,40,31,93" hai3="34,45,127,28,95,71,89,97,56,109,88,113,42"/><W74/><G113/><T80/><D66/><U60/><E0/><V19/><F2/><W123/><G123/><T39/><D39/><U48/><E110/><V103/><F38/><W101/><G109/><T24/><D120/><U64/><E83/><V124/><F121/><W91/><G71/><T15/><D122/><U59/><E29/><V132/><F93/><W4/><G74/><T72/><D72/><U5/><E32/><V51/><F31/><W33/><G127/><T36/><D36/><U130/><E130/><V128/><F26/><W22/><G4/><T86/><D54/><U69/><E13/><V117/><F117/><W82/><G82/><T62/><D62/><U44/><E125/><V55/><F55/><W77/><G77/><T111/><D111/><U7/><E7/><V99/><F99/><AGARI ba="1,0" hai="5,6,44,48,53,59,60,61,64,65,69,90,94,99" machi="99" ten="30,1000,0" yaku="7,1" doraHai="8" who="1" fromWho="2" sc="220,0,440,13,110,-13,230,0" owari="220,-18.0,453,55.3,97,-40.3,230,3.0" /></mjloggm>